<mjloggm ver="2.3"><GO type="225" lobby="0"/><UN n0="%E6%B8%85%E9%A2%A8%E5%8C%97" n1="%6D%75%75%6D%75%72%61" n2="%E3%81%99%E3%81%84%E3%81%BE%E3%81%9B%E3%83%BC%E3%82%93" n3="%72%61%6B%33" dan="16,16,16,17" rate="2066.98,2155.67,2175.09,2218.30" sx="F,F,M,M"/><TAIKYOKU oya="0"/><INIT seed="0,0,0,1,0,20" ten="250,250,250,250" oya="0" hai0="81,5,115,84,16,33,92,118,58,8,110,129,103" hai1="55,120,79,52,134,50,126,97,105,83,125,17,61" hai2="88,9,86,46,131,122,41,22,100,12,57,106,37" hai3="3,32,70,82,130,47,113,67,71,10,91,69,94"/><T14/><D118/><U40/><E120/><V27/><F122/><W6/><G113/><T38/><D115/><U101/><E134/><V56/><F131/><W95/><G130/><T108/><D129/><U51/><E17/><V135/><F100/><W23/><G32/><T102/><D38/><U128/><E128/><V54/><F106/><W119/><G119/><T48/><D33/><U60/><E40/><V124/><F124/><N who="1" m="47721" /><E51/><V63/><F135/><W104/><G104/><T65/><D92/><U64/><E64/><V29/><F57/><W53/><G82/><T98/><D98/><U74/><E55/><V45/><F41/><W36/><G95/><T127/><D127/><U75/><E75/><V87/><F37/><W62/><G23/><T1/><D1/><U15/><E15/><V78/><F78/><W109/><G109/><N who="0" m="42091" /><D5/><U90/><E90/><V68/><F68/><W4/><G4/><T116/><D116/><U0/><E0/><V26/><F26/><W121/><G121/><T18/><D18/><U96/><E96/><V85/><F88/><W112/><G112/><T76/><D48/><U133/><E133/><V73/><F73/><W13/><G3/><T107/><D107/><U123/><E123/><V72/><F72/><W114/><G114/><T19/><D19/><AGARI ba="0,0" hai="9,12,19,22,27,29,45,46,54,56,63,85,86,87" machi="19" ten="40,2600,0" yaku="8,1,52,1" doraHai="20" who="2" fromWho="0" sc="250,-26,250,0,250,26,250,0" /><INIT seed="1,0,0,1,0,13" ten="224,250,276,250" oya="1" hai0="86,82,24,104,38,113,94,71,108,5,128,74,42" hai1="56,29,26,116,102,14,62,127,100,135,115,129,21" hai2="65,19,28,84,60,7,11,97,134,124,70,34,111" hai3="50,112,83,89,88,125,41,63,99,54,53,36,106"/><U51/><E115/><V69/><F124/><W72/><G112/><T12/><D113/><U45/><E116/><V118/><F118/><W22/><G125/><T57/><D104/><U76/><E127/><V59/><F134/><W55/><G36/><T39/><D71/><U68/><E135/><V20/><F111/><W37/><G37/><T75/><D108/><U80/><E68/><V73/><F73/><W9/><G63/><T67/><D128/><U91/><E129/><V52/><F97/><W114/><G114/><T85/><D24/><U40/><E91/><V121/><F121/><W126/><G126/><T119/><D119/><U98/><E14/><N who="2" m="9335" /><F84/><W120/><G120/><T105/><D105/><U132/><E132/><V32/><F32/><W78/><G9/><T133/><D133/><U2/><E2/><N who="2" m="503" /><F65/><W44/><REACH who="3" step="1"/><G22/><REACH who="3" ten="224,250,276,240" step="2"/><T90/><D38/><U43/><E62/><V18/><F60/><W110/><G110/><T92/><D39/><U8/><E8/><V48/><F34/><W93/><G93/><T25/><D94/><U33/><E33/><V49/><F49/><W64/><G64/><T77/><D67/><U130/><E130/><V35/><F70/><W23/><G23/><T109/><D92/><U87/><E21/><V107/><F107/><W122/><G122/><T17/><D109/><U131/><E131/><V47/><F69/><W3/><G3/><T96/><D82/><U31/><E80/><V103/><F35/><W4/><G4/><T46/><D5/><U58/><E51/><V0/><F48/><W117/><G117/><T15/><D75/><RYUUKYOKU ba="0,1" sc="224,-10,250,-10,276,-10,240,30" hai3="41,44,50,53,54,55,72,78,83,88,89,99,106" /><INIT seed="2,1,1,1,0,38" ten="214,240,266,270" oya="2" hai0="119,109,118,21,95,27,15,81,73,61,53,96,91" hai1="94,9,34,36,124,111,85,87,92,11,60,114,105" hai2="107,98,110,89,20,24,126,7,125,84,134,88,63" hai3="128,56,39,12,48,33,75,74,4,44,32,6,77"/><V103/><F134/><W123/><G123/><T117/><D109/><U3/><E114/><V121/><F121/><W47/><G56/><N who="0" m="34959" /><D15/><U49/><E105/><V30/><F110/><W66/><G66/><T78/><D21/><U8/><E36/><V90/><F7/><W13/><G39/><T130/><D27/><U83/><E3/><V22/><F63/><W68/><G48/><T106/><D106/><U93/><E34/><V29/><F84/><W42/><G77/><T135/><D130/><U45/><E111/><V67/><F67/><W132/><G68/><T122/><D135/><U65/><E124/><N who="2" m="47723" /><F20/><W17/><G132/><T116/><N who="0" m="29696" /><DORA hai="113" /><T64/><D64/><U43/><REACH who="1" step="1"/><E83/><REACH who="1" ten="214,230,266,270" step="2"/><V108/><F108/><W70/><G32/><T97/><D122/><U99/><E99/><AGARI ba="1,2" hai="73,78,81,91,95,96,97,99" m="29696,34959" machi="99" ten="60,8000,1" yaku="12,1,52,4" doraHai="38,113" who="0" fromWho="1" sc="214,103,230,-83,266,0,270,0" /><INIT seed="3,0,0,2,0,83" ten="317,147,266,270" oya="3" hai0="30,72,88,1,134,29,131,107,109,87,94,53,77" hai1="132,7,78,74,135,126,110,26,69,112,76,104,11" hai2="108,38,5,61,4,92,39,81,129,89,57,28,90" hai3="13,82,27,125,121,75,80,68,47,66,43,51,21"/><W12/><G121/><T48/><D107/><U18/><E112/><V20/><F108/><W8/><G125/><T58/><D1/><U119/><E110/><V86/><F129/><W106/><G106/><T23/><D109/><U42/><E104/><V98/><F39/><W127/><G127/><T10/><D131/><U70/><E126/><V102/><F38/><W60/><G75/><T44/><D134/><U71/><E74/><V96/><F28/><W16/><REACH who="3" step="1"/><G13/><REACH who="3" ten="317,147,266,260" step="2"/><T99/><D72/><U95/><E119/><V79/><F20/><W0/><G0/><T101/><D23/><U31/><E135/><V25/><F25/><W133/><G133/><T114/><D114/><U113/><E113/><V128/><F128/><W64/><G64/><T62/><D10/><U37/><E132/><V6/><F98/><W56/><G56/><T67/><D101/><U41/><E71/><V91/><F102/><W36/><G36/><T103/><D103/><U40/><E37/><V2/><F2/><W124/><G124/><T73/><D73/><U115/><E115/><V45/><F45/><W50/><G50/><T118/><D118/><U59/><E70/><V123/><F123/><W93/><G93/><T122/><D122/><U55/><E69/><V130/><F130/><W35/><G35/><T15/><D15/><U117/><E117/><V65/><AGARI ba="0,1" hai="4,5,6,57,61,65,79,81,86,89,90,91,92,96" machi="65" ten="30,4000,0" yaku="0,1,8,1,52,1" doraHai="83" who="2" fromWho="2" sc="317,-10,147,-10,266,50,260,-20" owari="307,10.7,137,-36.3,316,41.6,240,-16.0" /></mjloggm>