<mjloggm ver="2.3"><GO type="225" lobby="0"/><UN n0="%E4%BA%BA%E9%96%93%E3%83%81%E3%83%A3%E3%83%BC%E3%83%8F%E3%83%B3" n1="%72%69%6F%75%63%68%61%6E" n2="%E3%81%8B%E3%82%8F%E3%81%A1%E3%82%83%E3%82%93%35%38" n3="%E5%A4%96%E5%B7%9D%E7%AB%9C%E6%88%90" dan="16,16,17,16" rate="2147.84,2244.28,2226.40,2114.83" sx="M,M,M,M"/><TAIKYOKU oya="0"/><INIT seed="0,0,0,2,4,42" ten="250,250,250,250" oya="0" hai0="107,31,113,106,126,11,100,2,122,17,35,123,105" hai1="66,89,84,63,41,25,81,33,76,45,129,53,28" hai2="120,3,111,18,22,7,132,70,26,54,21,69,109" hai3="87,127,59,94,112,118,15,99,30,101,47,78,68"/><T104/><D113/><U60/><E129/><V16/><F120/><W103/><G112/><T135/><D126/><U32/><E53/><V8/><F132/><W52/><G118/><T131/><D131/><U110/><E110/><N who="2" m="41995" /><F54/><W44/><G68/><T72/><D72/><U90/><E32/><V24/><AGARI ba="0,0" hai="3,7,8,16,18,21,22,24,26,69,70" m="41995" machi="24" ten="30,2000,0" yaku="14,1,54,1" doraHai="42" who="2" fromWho="2" sc="250,-10,250,-5,250,20,250,-5" /><INIT seed="1,0,0,5,4,67" ten="240,245,270,245" oya="1" hai0="6,39,123,13,53,3,131,103,109,41,68,110,126" hai1="61,49,59,15,58,78,127,35,45,37,40,95,114" hai2="31,92,117,89,85,106,11,38,128,44,93,23,65" hai3="36,102,48,96,77,73,54,26,1,51,29,94,34"/><U25/><E114/><V135/><F106/><W12/><G36/><T4/><D68/><U105/><E105/><V81/><F117/><W120/><G120/><T0/><D123/><U14/><E127/><V43/><F128/><W18/><G1/><N who="0" m="587" /><D131/><U20/><E35/><V84/><F11/><W104/><G73/><T122/><D122/><U111/><E111/><N who="0" m="42505" /><D126/><U107/><E107/><V121/><F121/><W116/><G104/><T70/><D103/><U16/><E78/><V75/><F75/><W8/><G77/><T63/><D13/><U130/><E130/><V56/><F135/><W91/><G116/><T5/><D53/><U19/><E95/><V108/><F108/><W83/><G54/><T76/><D76/><U62/><E37/><V22/><F92/><W33/><G33/><T30/><D30/><U24/><E59/><V9/><F31/><W98/><G98/><T74/><D74/><U50/><E50/><V125/><F125/><W88/><G91/><T57/><D57/><U124/><E124/><V46/><F46/><W55/><G55/><T133/><D133/><U86/><E86/><V97/><F85/><W52/><REACH who="3" step="1"/><G52/><REACH who="3" ten="240,245,270,235" step="2"/><T72/><D72/><U115/><E115/><V21/><F89/><W42/><G42/><T69/><D63/><N who="1" m="24075" /><E58/><V28/><F56/><W100/><G100/><T71/><D39/><U60/><N who="1" m="24083" /><U2/><DORA hai="27" /><E2/><V118/><F118/><W132/><G132/><T47/><D47/><U80/><E45/><V134/><F134/><W7/><G7/><T64/><D64/><U112/><E40/><AGARI ba="0,1" hai="4,5,6,40,41,69,70,71" m="42505,587" machi="40" ten="50,12000,2" yaku="28,2,14,1,52,3" doraHai="67,27" who="0" fromWho="1" sc="240,130,245,-120,270,0,235,0" /><INIT seed="2,0,0,5,2,72" ten="370,125,270,235" oya="2" hai0="132,64,20,59,52,103,108,81,47,32,101,106,80" hai1="42,26,16,28,8,131,37,107,74,69,34,0,57" hai2="60,118,129,19,127,104,113,133,14,100,86,40,91" hai3="123,12,24,30,49,78,102,121,73,9,10,58,88"/><V89/><F113/><W105/><G9/><T55/><D32/><U90/><E131/><V23/><F118/><W95/><G102/><N who="0" m="38923" /><D106/><U41/><E107/><V15/><F129/><W62/><G105/><T56/><D108/><U46/><E42/><V116/><F116/><W51/><G121/><T134/><D20/><U39/><E57/><N who="0" m="22089" /><D64/><U33/><E69/><V117/><F117/><W44/><G123/><T38/><D38/><N who="1" m="21815" /><E90/><V87/><F127/><W65/><G44/><T99/><D99/><U6/><E33/><V112/><F112/><W7/><G73/><T63/><D63/><U119/><E119/><V4/><F100/><W22/><REACH who="3" step="1"/><G78/><REACH who="3" ten="370,125,270,225" step="2"/><T97/><D47/><U126/><E126/><V75/><F104/><W124/><G124/><T125/><D125/><U76/><E16/><V2/><F75/><W77/><G77/><T110/><D110/><U128/><E128/><V25/><F19/><W13/><G13/><T50/><D132/><U79/><E79/><V109/><F15/><W92/><G92/><T94/><D134/><U1/><E0/><V45/><F14/><W35/><G35/><T18/><D94/><U98/><E98/><AGARI ba="0,1" hai="7,10,12,22,24,30,49,51,58,62,65,88,95,98" machi="98" ten="30,8000,1" yaku="1,1,7,1,8,1,54,1,53,1" doraHai="72" doraHaiUra="27" who="3" fromWho="1" sc="370,0,125,-80,270,0,225,90" /><INIT seed="3,0,0,2,4,135" ten="370,45,270,315" oya="3" hai0="18,9,80,97,52,93,68,110,15,34,132,67,53" hai1="82,60,78,61,71,128,103,43,62,25,88,17,133" hai2="125,91,120,108,83,1,92,100,130,98,65,75,84" hai3="63,77,112,129,131,6,5,116,105,10,126,59,47"/><W113/><G105/><T117/><D117/><U0/><E128/><N who="3" m="49226" /><G77/><T37/><D37/><U64/><E133/><V90/><F130/><W127/><G116/><T21/><D34/><U28/><E0/><V109/><F1/><N who="3" m="303" /><G6/><N who="0" m="3511" /><D68/><U56/><E43/><V95/><F65/><N who="3" m="39167" /><G47/><T23/><D132/><U51/><E17/><V29/><F29/><W73/><G73/><T79/><D67/><U36/><E36/><V118/><F118/><W12/><G12/><N who="0" m="9415" /><D110/><N who="2" m="42602" /><F120/><W57/><G57/><T72/><D72/><U123/><E123/><V102/><F75/><W69/><G69/><T22/><D79/><U49/><E71/><V94/><F125/><AGARI ba="0,0" hai="112,113,125,126,127" m="39167,303,49226" machi="125" ten="30,12000,1" yaku="18,1,19,1,52,3" doraHai="135" who="3" fromWho="2" sc="370,0,45,0,270,-120,315,120" owari="370,17.0,45,-45.5,150,-25.0,435,53.5" /></mjloggm>