<mjloggm ver="2.3"><GO type="225" lobby="0"/><UN n0="%E5%B0%8F%E9%B3%A5%E9%81%8A%E7%B7%B4%E7%84%A1%32%31%E6%AD%B3" n1="%72%61%6B%33" n2="%61%69%73%79%6F" n3="%E7%B4%94%E6%BD%94%E3%83%94%E3%83%A9%E3%83%8B%E3%82%A2" dan="16,18,17,18" rate="2123.86,2244.14,2206.49,2251.46" sx="F,M,M,M"/><TAIKYOKU oya="0"/><INIT seed="0,0,0,5,3,70" ten="250,250,250,250" oya="0" hai0="94,97,35,106,63,52,12,102,104,98,71,73,47" hai1="15,114,65,77,72,89,80,131,14,81,122,3,9" hai2="17,56,134,0,119,121,24,103,107,132,110,120,16" hai3="6,117,100,41,123,111,43,45,96,31,32,1,129"/><T42/><D73/><U101/><E122/><V118/><F107/><N who="3" m="63879" /><G43/><T74/><D74/><U25/><E131/><V135/><F103/><W112/><G111/><T54/><D35/><U38/><E114/><V95/><F95/><W18/><G18/><N who="2" m="7273" /><F56/><W83/><G83/><T11/><D106/><U58/><E101/><V22/><F0/><W79/><G79/><T26/><D26/><U67/><E25/><V53/><F53/><W113/><G117/><N who="2" m="44553" /><F110/><W33/><G123/><T91/><D63/><U23/><E58/><V69/><F69/><W50/><G50/><T87/><D97/><U10/><E3/><V78/><F78/><W128/><G6/><T27/><D27/><U90/><E77/><V8/><F8/><W68/><G1/><T92/><D71/><U13/><E13/><V84/><F84/><W85/><G85/><T61/><D61/><U44/><E72/><V115/><F115/><N who="3" m="44107" /><G68/><T125/><D104/><U62/><E62/><V34/><F34/><N who="3" m="13419" /><G31/><AGARI ba="0,0" hai="22,24,31,120,121,132,134,135" m="44553,7273" machi="31" ten="40,8000,1" yaku="20,1,12,1,34,2,54,1" doraHai="70" who="2" fromWho="3" sc="250,0,250,0,250,80,250,-80" /><INIT seed="1,0,0,2,2,134" ten="250,250,330,170" oya="1" hai0="79,25,24,50,103,117,31,2,36,67,4,9,35" hai1="120,108,129,22,14,125,47,40,59,95,90,118,37" hai2="102,92,15,77,49,65,99,58,63,39,69,27,93" hai3="127,51,66,11,33,105,98,13,41,19,38,100,75"/><U1/><E1/><V21/><F39/><W42/><G33/><T131/><D117/><U119/><E120/><V101/><F77/><W96/><G75/><T97/><D131/><U88/><E129/><V18/><F49/><W74/><G74/><T114/><D114/><U87/><E108/><V61/><F15/><W16/><G38/><T32/><D79/><U72/><E72/><V5/><F5/><W106/><G66/><T23/><D50/><U71/><E71/><V43/><F43/><W6/><G127/><T70/><D36/><U122/><E125/><V126/><F126/><W123/><G123/><T8/><D8/><U10/><E122/><V17/><F17/><W84/><G84/><T89/><D89/><U83/><E22/><V56/><F61/><W81/><G81/><T26/><D23/><U57/><E119/><V55/><F55/><W112/><G112/><T34/><D25/><U29/><E29/><V54/><F54/><W121/><G121/><T132/><D26/><U45/><E45/><V82/><F82/><W48/><G48/><T60/><D132/><U7/><REACH who="1" step="1"/><E118/><REACH who="1" ten="250,240,330,170" step="2"/><V3/><F3/><W130/><G130/><T133/><REACH who="0" step="1"/><D133/><REACH who="0" ten="240,240,330,170" step="2"/><U12/><E12/><V107/><F21/><W20/><G20/><T80/><D80/><U64/><E64/><V0/><F27/><W68/><G41/><T128/><D128/><U44/><E44/><V30/><F0/><W113/><G113/><T116/><D116/><U94/><E94/><AGARI ba="0,2" hai="2,4,9,24,31,32,34,35,60,67,70,94,97,103" machi="94" ten="30,3900,0" yaku="1,1,7,1,53,1" doraHai="134" doraHaiUra="91" who="0" fromWho="1" sc="240,59,240,-39,330,0,170,0" /><INIT seed="2,0,0,4,2,112" ten="299,201,330,170" oya="2" hai0="20,121,71,22,102,96,14,34,26,17,107,69,60" hai1="77,125,66,7,120,63,113,122,108,3,94,76,39" hai2="134,25,83,116,57,31,89,45,51,81,135,46,10" hai3="52,67,55,47,29,9,23,79,93,133,91,6,97"/><V131/><F116/><W5/><G133/><T24/><D121/><U65/><E113/><V18/><F131/><W27/><G79/><T54/><D54/><U13/><E39/><V114/><F57/><W100/><G67/><T117/><D117/><U48/><E3/><V58/><F58/><W15/><G6/><T32/><D60/><U16/><E7/><V50/><F18/><W30/><G29/><T11/><D34/><U78/><E108/><V70/><F10/><W0/><G0/><T35/><D35/><U92/><E48/><V129/><F89/><W59/><G47/><T12/><D32/><U130/><E125/><V99/><F99/><W105/><REACH who="3" step="1"/><G59/><REACH who="3" ten="299,201,330,160" step="2"/><T64/><D64/><U40/><E65/><V87/><F31/><W88/><G88/><T42/><D71/><U95/><E130/><V2/><F70/><W73/><G73/><T1/><D69/><U126/><E126/><V53/><F129/><W85/><AGARI ba="0,1" hai="5,9,15,23,27,30,52,55,85,91,93,97,100,105" machi="85" ten="20,8000,1" yaku="1,1,0,1,7,1,54,1,53,1" doraHai="112" doraHaiUra="101" who="3" fromWho="3" sc="299,-20,201,-20,330,-40,160,90" /><INIT seed="3,0,0,2,2,26" ten="279,181,290,250" oya="3" hai0="121,42,89,17,60,122,51,80,119,40,31,92,46" hai1="27,45,21,112,131,61,124,81,87,63,85,134,13" hai2="20,86,24,58,83,84,11,38,108,125,15,52,127" hai3="82,107,22,4,6,19,114,113,65,36,66,111,105"/><W23/><G36/><T96/><D119/><U74/><E112/><V135/><F108/><W55/><G82/><T29/><D40/><U71/><E124/><N who="2" m="47691" /><F38/><W106/><G55/><T128/><D128/><U116/><E131/><V50/><F135/><W79/><G79/><T132/><D132/><U59/><E134/><V76/><F24/><W48/><G48/><T126/><D126/><U56/><E116/><V57/><F20/><N who="3" m="7723" /><G19/><T98/><D17/><U43/><E74/><N who="2" m="43415" /><F57/><W49/><G49/><T2/><D2/><U25/><E71/><V10/><F10/><W99/><G99/><T35/><D35/><U78/><E13/><V18/><AGARI ba="0,0" hai="11,15,18,50,52,58,84,86" m="43415,47691" machi="18" ten="30,2000,0" yaku="18,1,54,1" doraHai="26" who="2" fromWho="2" sc="279,-5,181,-5,290,20,250,-10" owari="274,7.4,176,-32.4,310,41.0,240,-16.0" /></mjloggm>