<mjloggm ver="2.3"><GO type="225" lobby="0"/><UN n0="%72%69%6F%75%63%68%61%6E" n1="%E3%81%82%E3%81%99%E3%81%AB%E3%82%83%E3%82%80" n2="%E3%81%BF%E3%81%BF%E3%81%9A" n3="%E3%81%8C%E3%81%9F" dan="16,16,17,16" rate="2169.01,2146.91,2267.21,2108.53" sx="M,F,M,M"/><TAIKYOKU oya="0"/><INIT seed="0,0,0,4,5,10" ten="250,250,250,250" oya="0" hai0="13,26,47,86,80,0,94,64,11,39,34,130,4" hai1="46,27,132,81,120,59,98,102,89,72,8,123,17" hai2="58,116,127,88,134,62,44,125,30,15,75,87,52" hai3="84,96,24,114,56,100,108,131,36,90,124,19,25"/><T133/><D130/><U135/><E46/><V113/><F75/><W77/><G114/><T109/><D133/><N who="1" m="51275" /><E59/><V118/><F134/><W82/><G36/><T110/><D64/><U1/><E1/><V2/><F2/><W112/><G112/><T40/><D94/><N who="1" m="58711" /><E27/><V117/><F30/><W28/><G131/><T92/><D92/><U101/><E101/><V51/><F15/><W71/><G71/><T32/><D0/><U35/><E35/><V103/><F103/><W43/><G108/><N who="0" m="41579" /><D26/><U7/><E7/><V61/><F113/><W21/><G124/><N who="2" m="47689" /><F58/><W111/><G111/><T105/><D105/><U119/><E119/><V54/><F54/><W63/><G43/><T45/><D47/><U12/><E72/><V66/><F66/><W107/><G25/><T50/><D39/><U106/><E106/><V42/><F42/><W41/><G41/><T20/><D20/><U73/><E73/><V48/><F48/><W69/><G69/><T3/><D3/><U16/><E17/><V95/><AGARI ba="0,0" hai="44,51,52,61,62,87,88,95,116,117,118" m="47689" machi="95" ten="40,8000,1" yaku="12,1,18,1,54,2" doraHai="10" who="2" fromWho="2" sc="250,-40,250,-20,250,80,250,-20" /><INIT seed="1,0,0,0,2,48" ten="210,230,330,230" oya="1" hai0="9,45,129,100,93,29,110,7,56,120,69,39,97" hai1="5,112,37,81,68,46,78,101,57,20,72,99,133" hai2="58,11,114,40,35,89,79,64,17,44,15,54,63" hai3="6,33,90,10,94,83,59,38,61,98,36,107,13"/><U66/><E112/><V19/><F114/><W91/><G33/><T55/><D69/><U109/><E133/><V70/><F35/><W131/><G131/><T65/><D129/><U126/><E126/><V53/><F79/><W125/><G125/><T8/><D110/><U92/><E109/><V82/><F70/><W47/><G107/><T12/><D120/><U95/><E68/><V88/><F19/><W0/><G0/><T124/><D124/><U135/><E5/><V102/><F102/><W50/><G83/><T106/><D29/><U121/><E135/><V51/><F82/><W119/><G90/><AGARI ba="0,0" hai="11,15,17,40,44,51,53,54,58,63,64,88,89,90" machi="90" ten="40,8000,1" yaku="8,1,52,2,54,1" doraHai="48" who="2" fromWho="3" sc="210,0,230,0,330,80,230,-80" /><INIT seed="2,0,0,4,2,66" ten="210,230,410,150" oya="2" hai0="102,77,1,74,19,83,20,46,122,124,104,51,35" hai1="114,98,93,32,62,131,123,17,86,73,27,71,85" hai2="58,121,87,34,47,101,78,18,117,130,24,118,125" hai3="128,107,109,26,8,80,48,113,69,95,5,88,79"/><V103/><F121/><W75/><G109/><T38/><D122/><U49/><E114/><V33/><F58/><W44/><G113/><T23/><D35/><U41/><E73/><V60/><F60/><W96/><G128/><T16/><D1/><U100/><E131/><V90/><F78/><W97/><G26/><T72/><D124/><U82/><E123/><V12/><F47/><W92/><G107/><T110/><D110/><U64/><E82/><V135/><F130/><W53/><G69/><T68/><D38/><U99/><E99/><V40/><F40/><W21/><G21/><T67/><D74/><U39/><E39/><V112/><F112/><W94/><REACH who="3" step="1"/><G97/><REACH who="3" ten="210,230,410,140" step="2"/><T30/><D20/><U6/><E32/><V14/><F24/><W133/><G133/><T31/><D68/><U2/><E27/><V50/><F135/><W132/><G132/><T84/><D23/><U61/><E98/><V134/><F33/><W43/><G43/><T3/><D104/><U91/><E41/><V42/><F34/><W111/><G111/><T127/><D30/><U57/><E71/><V59/><F134/><W13/><AGARI ba="0,1" hai="5,8,13,44,48,53,75,79,80,88,92,94,95,96" machi="13" ten="20,5200,0" yaku="1,1,0,1,7,1,54,1,53,0" doraHai="66" doraHaiUra="29" who="3" fromWho="3" sc="210,-13,230,-13,410,-26,140,62" /><INIT seed="3,0,0,2,2,47" ten="197,217,384,202" oya="3" hai0="84,31,24,17,55,119,0,83,66,15,16,42,64" hai1="114,116,30,128,61,109,101,52,2,104,127,58,89" hai2="94,99,75,131,82,39,74,37,96,32,21,105,125" hai3="48,77,18,71,100,134,3,86,19,106,124,121,90"/><W54/><G121/><T10/><D119/><U27/><E116/><V67/><F32/><W41/><G71/><T80/><D0/><U14/><E114/><V35/><F35/><W22/><G3/><T44/><D55/><U43/><E2/><V63/><F125/><W111/><G124/><T38/><D17/><U73/><E73/><V20/><F94/><W28/><G134/><T87/><D87/><U110/><E127/><V122/><F131/><W46/><G111/><N who="1" m="42506" /><E128/><V8/><F99/><W108/><G108/><T93/><D93/><U62/><E89/><V56/><F75/><W45/><G77/><T78/><D83/><U133/><E43/><V50/><F39/><W9/><G106/><T65/><D66/><U120/><E14/><V4/><F4/><W81/><G100/><T135/><D135/><U103/><E120/><V59/><F37/><W33/><G33/><AGARI ba="0,0" hai="10,15,16,24,31,33,38,42,44,64,65,78,80,84" machi="33" ten="30,2000,0" yaku="7,1,54,1" doraHai="47" who="0" fromWho="3" sc="197,20,217,0,384,0,202,-20" owari="217,1.7,217,-18.3,384,48.4,182,-31.8" /></mjloggm>