<mjloggm ver="2.3"><GO type="225" lobby="0"/><UN n0="%E6%80%AA%E3%81%97%E3%81%99%E3%81%8E%E3%82%8B%E3%83%81%E3%83%BC" n1="%E5%AE%AE%E4%BF%9D%E9%B6%8F%E8%82%89" n2="%33%74%72%65%65" n3="%E6%98%93%E5%88%A9%E8%96%A9%E4%BC%AF" dan="16,16,16,16" rate="2150.12,2125.34,2080.34,2117.11" sx="M,M,F,F"/><TAIKYOKU oya="0"/><INIT seed="0,0,0,0,3,27" ten="250,250,250,250" oya="0" hai0="82,22,98,114,32,49,78,0,35,84,53,66,107" hai1="122,76,7,63,101,90,74,105,123,40,87,132,125" hai2="10,29,64,112,118,36,116,65,92,89,6,83,41" hai3="99,43,45,80,77,55,106,117,57,111,13,119,93"/><T103/><D114/><U56/><E40/><V19/><F112/><W47/><G106/><T34/><D0/><U61/><E125/><V96/><F19/><W1/><G1/><T86/><D66/><U131/><E131/><V110/><F110/><W24/><G111/><T39/><D39/><U113/><E113/><V73/><F29/><W30/><G13/><T52/><D22/><U20/><E132/><V60/><F41/><W127/><G127/><T26/><D26/><U70/><E70/><V85/><F73/><W104/><G104/><T48/><REACH who="0" step="1"/><D86/><REACH who="0" ten="240,250,250,250" step="2"/><U28/><E20/><V3/><F36/><W121/><G119/><T23/><D23/><U109/><E87/><V37/><F37/><W130/><G117/><T94/><D94/><U100/><E105/><V134/><F65/><W135/><G93/><T108/><D108/><U54/><E109/><V18/><F134/><W12/><G24/><T9/><D9/><U46/><E123/><V58/><REACH who="2" step="1"/><F18/><REACH who="2" ten="240,250,240,250" step="2"/><W15/><G135/><T62/><D62/><U33/><E61/><V8/><F8/><W102/><G121/><T129/><D129/><U71/><E122/><V44/><F44/><W115/><G47/><T59/><D59/><U42/><E63/><V25/><F25/><W133/><G45/><T2/><D2/><U67/><E67/><V31/><F31/><W5/><G30/><T75/><D75/><U128/><E74/><V14/><F14/><W124/><G133/><T11/><D11/><U16/><E128/><V91/><AGARI ba="0,2" hai="3,6,10,58,60,64,83,85,89,91,92,96,116,118" machi="91" ten="30,4000,0" yaku="1,1,0,1,53,1" doraHai="27" doraHaiUra="79" who="2" fromWho="2" sc="240,-20,250,-10,240,60,250,-10" /><INIT seed="1,0,0,4,0,133" ten="220,240,300,240" oya="1" hai0="31,45,36,105,119,121,109,42,103,56,6,47,97" hai1="17,72,0,115,130,46,118,126,35,15,28,75,11" hai2="63,78,69,25,3,67,9,94,120,70,82,61,52" hai3="124,132,5,71,91,116,117,49,53,88,102,30,21"/><U87/><E115/><V96/><F120/><W32/><G71/><T38/><D119/><N who="3" m="45641" /><G32/><T27/><D109/><U60/><E118/><V1/><F25/><N who="3" m="16687" /><G132/><T62/><D121/><U8/><E130/><V84/><F9/><W74/><G74/><T104/><D6/><U64/><E35/><V59/><REACH who="2" step="1"/><F69/><REACH who="2" ten="220,240,290,240" step="2"/><W86/><G5/><T19/><D27/><U106/><E11/><V113/><F113/><W26/><G26/><T16/><D31/><U58/><E28/><V34/><F34/><W51/><G124/><T107/><D19/><U73/><E126/><V54/><F54/><W90/><G102/><AGARI ba="0,1" hai="1,3,52,59,61,63,67,70,78,82,84,94,96,102" machi="102" ten="30,3900,0" yaku="1,1,7,1,54,1,53,0" doraHai="133" doraHaiUra="131" who="2" fromWho="3" sc="220,0,240,0,290,49,240,-39" /><INIT seed="2,0,0,4,2,102" ten="220,240,339,201" oya="2" hai0="23,109,131,105,5,59,35,46,31,125,112,29,43" hai1="39,110,17,134,103,101,13,126,69,133,14,116,24" hai2="37,6,128,4,63,85,91,107,38,123,15,64,127" hai3="113,58,81,72,86,75,57,30,25,0,21,36,3"/><V41/><F123/><W119/><G119/><T74/><D74/><U98/><E116/><V95/><F128/><W99/><G113/><T115/><D35/><U76/><E110/><V49/><F127/><W20/><G36/><T130/><D105/><U120/><E69/><V40/><F107/><W33/><G99/><T111/><D125/><U65/><E65/><V135/><F135/><N who="1" m="51721" /><E39/><V16/><F37/><W12/><G75/><T45/><D5/><U62/><E62/><V117/><F38/><W32/><G72/><T96/><D23/><N who="1" m="13423" /><E101/><V8/><F117/><W42/><G42/><N who="2" m="16489" /><F49/><W67/><G3/><T88/><D43/><U18/><E76/><V48/><F48/><W78/><G0/><T56/><REACH who="0" step="1"/><D88/><REACH who="0" ten="210,240,339,201" step="2"/><U52/><E126/><V82/><F4/><W129/><G129/><T66/><D66/><U10/><E120/><V55/><F6/><W26/><G67/><T60/><D60/><U89/><E89/><V47/><F64/><W73/><G73/><T132/><D132/><U68/><E68/><V87/><F63/><W34/><REACH who="3" step="1"/><G12/><REACH who="3" ten="210,240,339,191" step="2"/><T114/><D114/><U51/><E14/><V94/><F15/><W100/><G100/><T61/><D61/><U53/><E51/><V77/><F85/><W27/><G27/><T19/><D19/><AGARI ba="0,2" hai="19,20,21,25,26,30,32,33,34,57,58,78,81,86" machi="19" ten="40,1300,0" yaku="1,1,53,0" doraHai="102" doraHaiUra="11" who="3" fromWho="0" sc="210,-13,240,0,339,0,191,33" /><INIT seed="3,0,0,4,1,42" ten="197,240,339,224" oya="3" hai0="0,74,55,9,98,48,2,101,59,92,75,123,107" hai1="36,78,52,49,105,12,45,76,24,86,85,89,121" hai2="6,81,56,68,60,32,26,8,96,84,43,62,54" hai3="108,58,47,57,116,5,103,91,119,87,69,39,23"/><W118/><G108/><T21/><D123/><U71/><E105/><V128/><F128/><W50/><G69/><T102/><D102/><U61/><E36/><V1/><F43/><W117/><N who="3" m="29696" /><DORA hai="99" /><W64/><G39/><T120/><D107/><U15/><E121/><V113/><F113/><W112/><G112/><T30/><D120/><U97/><E71/><V131/><F131/><W106/><G5/><T82/><D9/><U20/><E61/><V93/><F32/><W124/><G124/><T41/><D41/><U14/><E97/><V79/><F26/><W27/><G64/><T11/><D11/><U132/><E132/><V94/><F96/><W67/><G67/><T35/><D35/><U19/><E86/><V28/><F28/><W33/><G33/><T63/><D63/><U65/><E65/><V110/><F110/><W3/><G3/><T17/><D30/><U109/><E109/><V135/><F135/><W40/><G103/><T25/><REACH who="0" step="1"/><D75/><REACH who="0" ten="187,240,339,224" step="2"/><U16/><E19/><V90/><F60/><W114/><G106/><T46/><D46/><U95/><AGARI ba="0,1" hai="12,14,15,16,20,24,45,49,52,76,78,85,89,95" machi="95" ten="30,8000,1" yaku="0,1,8,1,52,1,54,2" doraHai="42,99" who="1" fromWho="1" sc="187,-20,240,90,339,-20,224,-40" owari="167,-33.3,330,43.0,319,11.9,184,-21.6" /></mjloggm>