<mjloggm ver="2.3"><GO type="225" lobby="0"/><UN n0="%E3%80%93%E3%81%97%E3%83%BC%E3%82%89%E3%80%93" n1="%E3%83%94%E3%83%B3%E3%82%B5%E3%83%AD%E5%BA%97%E5%93%A1" n2="%E3%81%A4%E3%81%A3%E3%81%B1%E3%82%8A%E3%83%9D%E3%83%BC%E3%83%AB" n3="%E3%81%B2%E3%81%AA%E3%81%AE%E3%82%8A%E3%81%8F" dan="16,16,16,16" rate="2150.22,2184.57,2165.62,2109.65" sx="M,M,M,M"/><TAIKYOKU oya="0"/><INIT seed="0,0,0,5,2,69" ten="250,250,250,250" oya="0" hai0="132,14,85,130,68,30,91,66,22,21,15,58,115" hai1="25,89,86,73,108,99,105,96,75,77,29,47,123" hai2="71,24,119,128,38,9,106,98,80,107,31,88,36" hai3="122,70,97,45,101,8,76,44,100,95,20,62,61"/><T118/><D118/><U57/><E123/><V83/><F71/><W17/><G122/><T125/><D68/><U59/><E108/><V81/><F119/><W113/><G113/><T114/><D125/><U82/><E73/><V7/><F128/><W131/><G131/><T103/><D103/><N who="1" m="62695" /><E99/><V84/><F98/><W4/><G101/><T26/><D132/><U134/><E47/><V2/><F107/><W10/><G76/><T13/><D130/><U41/><E41/><V117/><F106/><W109/><G109/><T35/><D114/><U19/><E19/><V111/><F111/><W51/><G45/><T16/><D115/><U63/><E63/><N who="3" m="24074" /><G4/><T133/><D133/><U79/><E79/><V33/><REACH who="2" step="1"/><F117/><REACH who="2" ten="250,250,240,250" step="2"/><W72/><G70/><T129/><D129/><U102/><E134/><V50/><F50/><W6/><G72/><T54/><D66/><U135/><E135/><V112/><F112/><W90/><G100/><T23/><D35/><N who="1" m="20911" /><E102/><V56/><F56/><W110/><G110/><T74/><D30/><U5/><E57/><V93/><AGARI ba="0,1" hai="2,7,9,24,31,33,36,38,80,81,83,84,88,93" machi="93" ten="30,8000,1" yaku="1,1,0,1,52,2,54,1,53,0" doraHai="69" doraHaiUra="52" who="2" fromWho="2" sc="250,-40,250,-20,240,90,250,-20" /><INIT seed="1,0,0,0,0,7" ten="210,230,330,230" oya="1" hai0="12,41,47,132,71,61,52,100,17,63,59,98,5" hai1="134,95,80,18,57,75,125,38,9,3,22,28,67" hai2="36,64,94,6,83,99,53,90,72,8,108,15,13" hai3="62,60,66,19,119,54,103,27,126,31,39,104,129"/><U127/><E38/><V113/><F108/><W77/><G39/><T93/><D132/><U30/><E134/><V86/><F36/><W101/><G129/><T16/><D71/><U55/><E67/><V74/><F113/><W50/><G126/><N who="1" m="48138" /><E95/><V117/><F117/><W68/><G119/><T110/><D110/><U58/><E80/><V118/><F118/><W43/><G43/><T45/><D63/><N who="1" m="36287" /><E58/><V1/><F64/><W51/><G77/><T109/><D109/><U120/><E75/><V130/><F130/><W87/><G62/><T91/><D100/><U88/><E88/><V48/><F74/><W37/><G37/><T24/><D41/><U11/><E120/><V106/><F72/><W0/><G87/><T123/><D123/><U42/><E42/><V29/><F106/><W76/><G76/><T128/><D128/><U35/><E35/><V89/><F29/><N who="1" m="11369" /><E3/><V96/><F96/><W40/><G0/><T33/><D33/><U2/><E2/><V112/><F112/><W97/><G40/><T46/><D24/><AGARI ba="0,0" hai="9,11,18,22,24" m="11369,36287,48138" machi="24" ten="30,5800,0" yaku="18,1,52,2" doraHai="7" who="1" fromWho="0" sc="210,-58,230,58,330,0,230,0" /><INIT seed="1,1,0,2,4,49" ten="152,288,330,230" oya="1" hai0="88,102,7,3,37,66,96,107,90,45,101,47,32" hai1="108,36,18,2,99,134,73,97,39,124,26,16,119" hai2="65,82,61,12,75,21,57,123,115,14,20,30,33" hai3="100,110,76,48,5,50,106,53,11,95,130,54,51"/><U22/><E119/><V35/><F123/><W62/><G106/><T64/><D32/><U126/><E73/><V31/><F115/><W93/><G110/><T43/><D102/><U8/><E108/><V77/><F35/><W17/><G76/><T121/><D121/><U74/><E74/><V103/><F103/><W0/><G130/><T129/><D129/><U6/><E134/><V111/><F33/><W131/><G131/><T120/><D120/><U67/><E67/><V38/><F38/><N who="1" m="14377" /><E18/><V109/><F109/><W42/><G42/><T25/><D45/><U84/><E84/><N who="2" m="48207" /><F111/><W15/><G62/><T133/><D133/><U114/><E114/><V127/><F127/><AGARI ba="1,0" hai="2,6,8,16,22,26,97,99,124,126,127" m="14377" machi="127" ten="30,2900,0" yaku="18,1,54,1" doraHai="49" who="1" fromWho="2" sc="152,0,288,32,330,-32,230,0" /><INIT seed="1,2,0,2,1,50" ten="152,320,298,230" oya="1" hai0="86,31,54,117,47,85,55,112,75,114,10,115,18" hai1="100,37,68,44,30,14,124,38,120,123,94,36,3" hai2="74,128,15,88,0,51,81,16,64,133,126,42,71" hai3="77,80,25,109,118,97,52,26,96,125,122,20,67"/><U27/><E3/><V32/><F32/><W121/><G109/><T9/><D75/><U11/><E68/><V132/><F0/><W72/><G125/><T45/><D31/><U83/><E124/><V82/><F126/><W65/><G118/><T13/><D117/><U119/><E119/><V22/><F128/><W116/><G116/><T29/><D29/><U41/><E83/><V7/><F7/><W61/><G67/><T60/><D60/><U33/><E100/><V66/><F81/><W53/><G121/><T57/><D57/><U69/><E94/><V49/><F42/><W110/><G110/><T62/><D62/><U131/><E69/><V90/><F66/><W56/><G26/><T102/><D102/><U111/><E131/><V78/><F64/><W35/><G35/><T46/><REACH who="0" step="1"/><D9/><REACH who="0" ten="142,320,298,230" step="2"/><U130/><E130/><V63/><F63/><W95/><G122/><T58/><D58/><U93/><E111/><V48/><F71/><W40/><G40/><T8/><D8/><U73/><E73/><V5/><F74/><W70/><G70/><T59/><D59/><U104/><E123/><V99/><F132/><W19/><G97/><T106/><D106/><U28/><E104/><V12/><F99/><W113/><G113/><T1/><D1/><U89/><E30/><V129/><F133/><W105/><G105/><T87/><AGARI ba="2,1" hai="10,13,18,45,46,47,54,55,85,86,87,112,114,115" machi="87" ten="40,12000,2" yaku="1,1,0,1,29,2,52,2,53,0" doraHai="50" doraHaiUra="2" who="0" fromWho="0" sc="142,136,320,-62,298,-32,230,-32" /><INIT seed="2,0,0,4,2,102" ten="278,258,266,198" oya="2" hai0="132,74,86,106,68,70,127,24,64,45,39,131,25" hai1="117,59,103,41,14,81,16,1,130,53,54,100,96" hai2="36,78,18,83,120,80,52,28,13,67,69,98,101" hai3="65,63,58,73,134,111,30,105,46,82,35,112,49"/><V10/><F120/><W125/><G111/><T6/><D74/><U20/><E117/><V42/><F28/><W3/><G3/><T11/><D106/><U38/><E1/><V124/><F124/><W62/><G125/><T89/><D127/><U33/><E33/><V92/><F42/><W118/><G118/><T116/><D132/><U107/><E130/><V104/><F36/><W32/><G134/><T23/><D131/><U48/><E100/><V99/><F78/><W22/><G112/><T95/><D64/><U26/><E81/><V108/><F108/><W66/><G105/><T72/><D72/><U8/><E54/><V37/><F37/><W29/><G82/><T50/><D39/><U71/><E71/><V94/><F94/><W17/><G73/><T85/><D85/><U119/><E119/><V27/><F27/><W40/><G35/><T109/><D25/><U129/><E129/><V123/><F123/><W121/><G32/><T133/><D133/><U60/><E38/><V77/><F77/><W135/><G121/><T128/><D128/><U7/><REACH who="1" step="1"/><E41/><REACH who="1" ten="278,248,266,198" step="2"/><V2/><F52/><W43/><G135/><T110/><D110/><U4/><E4/><V61/><F2/><W114/><G40/><N who="0" m="24871" /><D109/><U0/><E0/><V31/><F31/><W9/><G114/><T76/><D116/><U51/><AGARI ba="0,1" hai="7,8,14,16,20,26,48,51,53,59,60,96,103,107" machi="51" ten="30,7900,0" yaku="1,1,0,1,52,1,54,1,53,0" doraHai="102" doraHaiUra="113" who="1" fromWho="1" sc="278,-20,248,89,266,-39,198,-20" /><INIT seed="3,0,0,0,4,69" ten="258,337,227,178" oya="3" hai0="11,62,27,24,70,14,43,42,47,28,129,18,85" hai1="48,58,95,130,63,33,134,50,131,127,86,4,78" hai2="29,104,118,37,41,55,133,60,126,110,53,19,100" hai3="83,82,49,39,31,71,80,119,8,107,3,103,44"/><W59/><G71/><T1/><D129/><N who="1" m="49163" /><E134/><V113/><F113/><W99/><G119/><T89/><D1/><U21/><E33/><V91/><F29/><W34/><G34/><T79/><D79/><U74/><E127/><V114/><F118/><W57/><G31/><T106/><D106/><U7/><E74/><V76/><F76/><W61/><G39/><T0/><D0/><U120/><E120/><V72/><F72/><W94/><G107/><T66/><D28/><U116/><E21/><V88/><F114/><W108/><G108/><T56/><D70/><U92/><E92/><V38/><F41/><N who="0" m="15370" /><D47/><U22/><E22/><V40/><F40/><N who="3" m="24711" /><G3/><T35/><D35/><U132/><E132/><V52/><F133/><W12/><G61/><T51/><D51/><N who="1" m="19499" /><E116/><V10/><F60/><W115/><G115/><T45/><D45/><U121/><E121/><V68/><F68/><W5/><AGARI ba="0,0" hai="5,8,12,57,59,80,82,83,94,99,103" m="24711" machi="5" ten="30,1500,0" yaku="8,1" doraHai="69" who="3" fromWho="3" sc="258,-5,337,-5,227,-5,178,15" /><INIT seed="3,1,0,1,4,18" ten="253,332,222,193" oya="3" hai0="96,69,80,83,19,132,50,4,123,126,46,25,65" hai1="106,78,1,71,72,85,51,7,23,68,84,8,45" hai2="130,53,103,34,3,97,39,99,31,9,37,89,21" hai3="92,10,42,108,133,122,6,74,127,28,30,125,105"/><W112/><G122/><T107/><D123/><U14/><E106/><V113/><F34/><W62/><G112/><T93/><D107/><U124/><E72/><V20/><F113/><W81/><G105/><T35/><D126/><N who="3" m="48137" /><G133/><T40/><D132/><U115/><E115/><V22/><F31/><N who="3" m="11819" /><G42/><T91/><D35/><U114/><E114/><V119/><F119/><W33/><G33/><T117/><D117/><U59/><E59/><V5/><F130/><W109/><G62/><T73/><D73/><U38/><E38/><V86/><F53/><W57/><G57/><T67/><D69/><U104/><E104/><V15/><F3/><N who="3" m="351" /><G92/><T63/><D4/><U61/><E124/><V24/><F24/><W88/><G74/><T55/><D40/><U98/><E61/><V54/><F54/><W32/><G32/><T79/><D63/><U58/><E58/><V2/><F2/><W13/><G13/><T77/><D67/><U128/><E71/><V102/><F39/><W120/><G120/><T110/><D65/><U16/><E68/><V27/><F27/><W101/><G101/><N who="2" m="38409" /><F37/><W75/><G75/><T44/><D25/><U76/><E1/><V82/><AGARI ba="1,0" hai="5,9,15,20,21,22,82,86,89,97,99" m="38409" machi="82" ten="30,7900,0" yaku="8,1,52,3" doraHai="18" who="2" fromWho="2" sc="253,-21,332,-21,222,82,193,-40" owari="232,-16.8,311,41.1,304,10.4,153,-34.7" /></mjloggm>