<mjloggm ver="2.3"><GO type="225" lobby="0"/><UN n0="%E3%81%86%E3%82%8C%E3%81%9F%E3%82%93%E6%9E%95" n1="%E6%98%93%E5%88%A9%E8%96%A9%E4%BC%AF" n2="%E3%81%8B%E3%82%8F%E3%81%A1%E3%82%83%E3%82%93%35%38" n3="%33%74%72%65%65" dan="16,16,16,17" rate="2190.01,2107.55,2121.53,2230.07" sx="F,F,M,F"/><TAIKYOKU oya="0"/><INIT seed="0,0,0,4,3,36" ten="250,250,250,250" oya="0" hai0="57,127,73,39,30,65,131,14,104,117,7,133,25" hai1="37,120,1,98,69,103,68,24,123,134,51,126,100" hai2="26,88,40,34,21,6,16,76,60,71,22,72,101" hai3="125,41,121,112,135,116,77,66,94,81,11,42,44"/><T105/><D117/><U15/><E1/><V91/><F34/><W128/><G116/><T95/><D131/><U18/><E37/><V62/><F71/><W115/><G94/><T114/><D114/><N who="3" m="43561" /><G81/><T28/><D127/><U85/><E24/><V79/><F72/><W129/><G77/><N who="2" m="29769" /><F6/><W17/><G125/><T27/><D133/><U32/><E32/><V64/><F101/><W43/><G135/><T90/><D39/><U53/><E134/><V63/><F64/><W119/><G119/><T122/><D122/><U102/><E126/><V56/><F56/><W2/><G66/><T59/><D73/><U58/><E98/><V8/><F8/><W29/><G29/><N who="0" m="11371" /><D105/><U48/><E48/><V33/><F33/><W107/><G107/><T93/><D104/><U92/><E123/><V45/><F22/><W111/><G121/><T19/><D95/><U78/><E120/><V61/><N who="2" m="15360" /><DORA hai="49" /><V5/><F5/><N who="3" m="1463" /><G17/><T118/><D65/><U96/><E96/><V75/><F75/><W47/><G111/><T50/><D118/><U83/><REACH who="1" step="1"/><E92/><REACH who="1" ten="250,240,250,250" step="2"/><V46/><F46/><W86/><G86/><N who="0" m="52439" /><D50/><AGARI ba="0,1" hai="16,21,26,40,45,50,88,91" m="15360,29769" machi="50" ten="40,8000,1" yaku="8,1,52,1,54,2" doraHai="36,49" who="2" fromWho="0" sc="250,-80,240,0,250,90,250,0" /><INIT seed="1,0,0,1,2,57" ten="170,240,340,250" oya="1" hai0="94,1,65,101,96,100,5,8,22,108,119,23,118" hai1="70,52,59,3,37,43,128,133,111,56,80,48,39" hai2="77,68,88,45,117,19,47,69,103,81,42,75,2" hai3="26,31,14,51,93,0,21,97,125,15,82,61,71"/><U124/><E3/><V33/><F117/><W29/><G0/><T123/><D108/><U87/><E128/><V116/><F116/><W84/><G125/><T134/><D123/><U74/><E124/><V89/><F33/><W18/><G51/><T41/><D134/><U54/><E133/><V102/><F19/><W79/><G71/><T30/><D101/><U120/><E120/><V16/><F2/><W10/><G61/><T95/><D41/><U25/><E74/><V6/><F6/><W113/><G113/><T4/><D4/><U35/><E70/><V9/><F68/><W49/><G49/><T36/><D36/><U85/><E111/><V17/><F69/><W28/><REACH who="3" step="1"/><G15/><REACH who="3" ten="170,240,340,240" step="2"/><T98/><D118/><U83/><E48/><V129/><F129/><W34/><G34/><T104/><D119/><U32/><REACH who="1" step="1"/><E25/><REACH who="1" ten="170,230,340,240" step="2"/><V63/><F63/><W90/><AGARI ba="0,2" hai="10,14,18,21,26,28,29,31,79,82,84,90,93,97" machi="90" ten="20,5200,0" yaku="1,1,0,1,7,1,8,1,53,0" doraHai="57" doraHaiUra="106" who="3" fromWho="3" sc="170,-13,230,-26,340,-13,240,72" /><INIT seed="2,0,0,4,1,114" ten="157,204,327,312" oya="2" hai0="25,81,3,31,96,95,86,35,45,6,17,85,104" hai1="75,122,11,118,78,112,8,121,29,48,63,134,46" hai2="110,41,128,71,16,130,99,10,34,90,87,101,115" hai3="51,64,80,15,88,72,77,52,113,84,49,9,61"/><V32/><F71/><W69/><G113/><T23/><D104/><U91/><E112/><V0/><F115/><W36/><G36/><T123/><D123/><N who="1" m="47115" /><E134/><V30/><F41/><W89/><G72/><T44/><D6/><U108/><E108/><V127/><F127/><W59/><REACH who="3" step="1"/><G51/><REACH who="3" ten="157,204,327,302" step="2"/><T14/><D3/><U43/><E75/><V58/><F110/><W82/><G82/><T94/><D94/><U55/><E48/><V7/><F130/><W93/><G93/><T98/><D95/><U42/><E42/><V83/><F128/><W5/><AGARI ba="0,1" hai="5,9,15,49,52,59,61,64,69,77,80,84,88,89" machi="5" ten="20,12000,2" yaku="1,1,0,1,7,1,54,2,53,1" doraHai="114" doraHaiUra="67" who="3" fromWho="3" sc="157,-30,204,-30,327,-60,302,130" /><INIT seed="3,0,0,1,2,10" ten="127,174,267,432" oya="3" hai0="23,66,84,3,22,21,19,4,25,127,44,0,74" hai1="106,124,1,26,46,121,104,24,14,18,88,94,6" hai2="15,72,111,59,16,132,62,86,93,119,107,103,91" hai3="116,65,50,40,41,67,117,126,39,81,89,82,100"/><W51/><G100/><T101/><D74/><U77/><E121/><V76/><F111/><W58/><G58/><T30/><D66/><U90/><E124/><V97/><F132/><W73/><G89/><T20/><D101/><U78/><E1/><N who="0" m="585" /><D84/><N who="1" m="52487" /><E106/><V69/><F69/><W7/><G7/><T55/><D55/><U38/><E6/><V95/><F119/><W75/><G126/><T80/><D80/><U61/><E38/><AGARI ba="0,0" hai="38,39,40,41,50,51,65,67,73,75,81,82,116,117" machi="38" ten="25,2400,0" yaku="22,2" doraHai="10" who="3" fromWho="1" sc="127,0,174,-24,267,0,432,24" owari="127,-37.3,150,-25.0,267,6.7,456,55.6" /></mjloggm>