<mjloggm ver="2.3"><GO type="225" lobby="0"/><UN n0="%E3%82%BC%E3%83%AB%E3%83%80%E3%81%AE%E4%BC%9D%E8%AA%AC" n1="%48%61%61%61%6C%61%6E%64" n2="%E6%81%A5%E6%99%92%E3%81%97" n3="%E5%A4%9C%E5%85%89%E5%A4%A9%E6%A5%BC" dan="18,18,16,16" rate="2244.71,2183.27,2092.38,2136.56" sx="M,M,M,M"/><TAIKYOKU oya="0"/><INIT seed="0,0,0,3,2,56" ten="250,250,250,250" oya="0" hai0="127,35,38,59,18,3,76,96,32,103,42,126,53" hai1="19,52,124,41,119,24,60,29,1,98,40,131,78" hai2="79,99,110,84,122,133,30,82,62,69,132,92,113" hai3="111,43,46,22,25,15,61,5,71,102,80,50,112"/><T10/><D76/><U26/><E119/><V130/><F113/><W125/><G111/><T14/><D3/><U93/><E1/><V75/><F30/><W107/><G112/><T128/><D128/><U72/><E124/><N who="0" m="47657" /><D42/><U104/><E104/><V86/><F110/><W2/><G125/><T129/><D38/><U13/><E78/><V65/><F130/><W4/><G2/><T68/><D68/><U105/><E105/><V55/><F122/><W27/><G107/><N who="0" m="63975" /><D129/><U9/><E72/><V77/><F55/><W28/><G102/><T66/><D66/><U97/><E97/><V64/><F64/><W120/><G71/><T89/><D89/><N who="1" m="55599" /><E131/><V23/><F23/><W87/><G120/><T39/><D39/><U20/><E26/><V117/><F117/><W88/><G15/><T36/><D36/><U57/><AGARI ba="0,0" hai="9,13,19,20,24,29,40,41,52,57,60" m="55599" machi="57" ten="30,4000,0" yaku="8,1,52,1,54,1" doraHai="56" who="1" fromWho="1" sc="250,-20,250,40,250,-10,250,-10" /><INIT seed="1,0,0,0,1,14" ten="230,290,240,240" oya="1" hai0="93,90,45,96,133,27,119,130,134,41,132,47,10" hai1="112,105,76,70,51,109,135,28,69,126,121,72,33" hai2="123,17,32,73,64,110,48,13,100,58,8,16,22" hai3="42,66,2,65,19,18,68,55,67,63,103,108,129"/><U1/><RYUUKYOKU type="yao9" ba="0,0" sc="230,0,290,0,240,0,240,0" hai1="1,28,33,51,69,70,72,76,105,109,112,121,126,135" /><INIT seed="1,1,0,1,2,58" ten="230,290,240,240" oya="1" hai0="90,48,8,80,107,0,18,130,78,44,50,104,81" hai1="47,127,4,98,109,39,69,121,61,75,68,112,55" hai2="21,16,100,125,89,31,30,122,63,95,131,62,76" hai3="124,74,60,7,41,118,114,1,97,101,17,51,103"/><U34/><E112/><V87/><F125/><W105/><G114/><T42/><D130/><U25/><E75/><V119/><F119/><W113/><G113/><T29/><D29/><N who="2" m="10762" /><F122/><W93/><G74/><T83/><D78/><U28/><E121/><V32/><F32/><W6/><G124/><T20/><D90/><U54/><E127/><V23/><F131/><W84/><G118/><T91/><D91/><U13/><E109/><V85/><F100/><W22/><G1/><T102/><D102/><U77/><E77/><V111/><F111/><W133/><G133/><T117/><D117/><U94/><E4/><V134/><F134/><W128/><G84/><T132/><D50/><U108/><E108/><V86/><F23/><W37/><G37/><T45/><D45/><U33/><E33/><V115/><F115/><W72/><G72/><T26/><REACH who="0" step="1"/><D132/><REACH who="0" ten="220,290,240,240" step="2"/><U11/><E47/><V10/><F10/><W19/><G103/><T92/><D92/><U15/><E11/><V2/><F2/><W129/><G129/><T73/><D73/><U52/><E39/><V24/><F76/><W3/><G3/><T123/><D123/><U36/><E36/><V59/><F59/><W116/><G128/><T5/><AGARI ba="1,1" hai="0,5,8,18,20,26,42,44,48,80,81,83,104,107" machi="5" ten="30,2000,0" yaku="1,1,0,1,53,0" doraHai="58" doraHaiUra="135" who="0" fromWho="0" sc="220,33,290,-11,240,-6,240,-6" /><INIT seed="2,0,0,5,1,4" ten="253,279,234,234" oya="2" hai0="132,12,35,98,56,15,27,41,93,72,53,104,127" hai1="21,100,11,19,110,78,37,36,88,121,94,99,51" hai2="126,128,48,40,5,6,70,45,134,135,97,71,133" hai3="59,89,38,17,18,7,63,113,0,54,90,114,122"/><V14/><F126/><W16/><G38/><T52/><D72/><U123/><E78/><V30/><F128/><W34/><G34/><T109/><D127/><U31/><E110/><V9/><F30/><W105/><G105/><T96/><D109/><U73/><E73/><V107/><REACH who="2" step="1"/><F5/><REACH who="2" ten="253,279,224,234" step="2"/><W75/><G122/><T86/><D132/><U60/><E31/><V74/><F74/><W57/><G75/><T108/><D108/><U102/><E121/><V95/><F95/><W58/><G7/><T124/><D93/><U8/><E123/><V28/><F28/><W13/><G0/><T77/><D124/><U10/><E60/><V91/><F91/><N who="3" m="34827" /><G113/><T84/><D104/><U118/><E118/><V76/><F76/><W112/><G112/><T20/><D77/><U47/><E88/><V69/><F69/><W29/><G29/><T82/><D86/><U80/><E80/><V50/><F50/><W23/><G114/><T129/><D84/><U92/><E92/><V87/><F87/><W3/><G3/><T25/><D82/><U61/><E61/><V68/><F68/><W106/><G106/><T85/><D85/><U1/><E1/><V117/><F117/><W116/><G116/><T43/><D129/><U119/><E119/><V111/><F111/><W79/><G79/><T2/><D2/><U22/><E94/><V65/><F65/><W33/><G33/><T67/><D67/><U24/><E51/><V44/><F44/><W66/><G66/><T115/><D115/><U130/><E130/><V125/><F125/><W62/><G63/><T46/><D35/><RYUUKYOKU ba="0,1" sc="253,-15,279,-15,224,15,234,15" hai2="6,9,14,40,45,48,70,71,97,107,133,134,135" hai3="13,16,17,18,23,54,57,58,59,62" /><INIT seed="2,1,1,0,3,38" ten="238,264,239,249" oya="2" hai0="6,78,62,51,90,36,96,14,111,8,33,68,73" hai1="18,93,109,119,23,61,107,76,132,86,30,104,116" hai2="79,41,34,128,2,27,0,39,59,17,110,24,65" hai3="130,1,115,84,98,121,81,72,124,129,133,92,83"/><V15/><F128/><N who="3" m="49259" /><G1/><T5/><D33/><U91/><E109/><V57/><F79/><N who="3" m="44263" /><G121/><T112/><D36/><U89/><E132/><V127/><F127/><W100/><G124/><T69/><D112/><U28/><E76/><V53/><F110/><W118/><G133/><T58/><D5/><U95/><E61/><N who="2" m="38063" /><F2/><W25/><G25/><N who="2" m="9801" /><F39/><W9/><G9/><T99/><D111/><U64/><E64/><V35/><F34/><W26/><G26/><T44/><D78/><U71/><E71/><V117/><F117/><W88/><G115/><T101/><D73/><U49/><E116/><AGARI ba="1,1" hai="83,84,88,92,98,100,116,118" m="44263,49259" machi="116" ten="30,7700,0" yaku="19,1,34,2,54,1" doraHai="38" who="3" fromWho="1" sc="238,0,264,-80,239,0,249,90" /><INIT seed="3,0,0,0,5,67" ten="238,184,239,339" oya="3" hai0="39,135,111,34,132,63,1,38,98,96,18,36,126" hai1="70,16,83,30,125,53,10,108,66,25,69,128,31" hai2="114,51,74,91,23,52,21,107,112,89,54,50,105" hai3="2,88,6,12,129,73,40,55,115,76,110,75,57"/><W95/><G115/><T0/><D34/><U4/><E108/><V13/><REACH who="2" step="1"/><F13/><REACH who="2" ten="238,184,229,339" step="2"/><W29/><G12/><T58/><D111/><U22/><E125/><V81/><F81/><W120/><G110/><T56/><D126/><U103/><E128/><V45/><F45/><W92/><G129/><T19/><D38/><U131/><E131/><V8/><F8/><W3/><G3/><T20/><D20/><U11/><E11/><V106/><F106/><W42/><G2/><T119/><D119/><U41/><E41/><V104/><F104/><W79/><G42/><T77/><D36/><U5/><E103/><V116/><F116/><W90/><G40/><T71/><D39/><U32/><E83/><V87/><F87/><W48/><G75/><AGARI ba="0,1" hai="21,23,50,51,52,54,74,75,89,91,105,107,112,114" machi="75" ten="25,8000,1" yaku="21,2,22,2,54,1,53,0" doraHai="67" doraHaiUra="94" who="2" fromWho="3" sc="238,0,184,0,229,90,339,-80" owari="238,-16.2,184,-31.6,319,41.9,259,5.9" /></mjloggm>