<mjloggm ver="2.3"><GO type="225" lobby="0"/><UN n0="%E6%B8%A9%E2%98%85%E6%83%85%E2%98%85%E6%8E%AA%E2%98%85%E7%BD%AE" n1="%E6%97%A5%E6%9B%9C%E6%97%A5%E3%82%88%E3%82%8A%E3%81%AE%E4%BD%BF%E8%80%85" n2="%E5%AF%82%E5%AF%9E%E3%82%AE%E3%83%8D%E3%82%B9%E3%83%93%E3%83%BC%E3%83%AB" n3="%6D%75%75%6D%75%72%61" dan="16,18,16,16" rate="2135.51,2158.51,2137.91,2192.73" sx="M,M,M,F"/><TAIKYOKU oya="0"/><INIT seed="0,0,0,0,3,120" ten="250,250,250,250" oya="0" hai0="60,70,45,102,41,74,30,91,40,0,81,51,15" hai1="13,128,56,121,80,124,112,135,7,116,85,103,37" hai2="44,33,127,11,32,20,64,76,93,110,75,34,123" hai3="99,18,122,101,82,24,14,26,27,8,25,23,2"/><T35/><D0/><U21/><E121/><V104/><F104/><W107/><G122/><T29/><D35/><U126/><E116/><V106/><F106/><W68/><G68/><T16/><D102/><U17/><E37/><V95/><F123/><W12/><REACH who="3" step="1"/><G82/><REACH who="3" ten="250,250,250,240" step="2"/><T108/><D70/><U65/><E80/><V6/><F127/><W105/><G105/><T71/><D71/><U133/><E126/><V5/><F95/><W3/><G3/><T22/><D74/><U129/><E124/><V58/><F93/><W78/><G78/><T50/><D108/><U61/><E112/><V117/><F76/><W125/><G125/><T49/><D81/><U62/><E129/><V1/><F75/><W73/><G73/><T52/><D91/><U84/><E128/><V134/><F110/><W94/><G94/><T88/><D88/><U36/><E103/><V63/><F1/><W114/><G114/><T96/><D96/><U86/><E135/><V57/><F134/><W19/><G19/><T42/><D45/><U83/><E133/><V90/><F44/><W132/><G132/><T46/><D46/><U59/><E83/><V118/><F90/><W79/><G79/><T100/><D100/><U38/><REACH who="1" step="1"/><E7/><AGARI ba="0,1" hai="2,7,8,12,14,18,23,24,25,26,27,99,101,107" machi="7" ten="40,1300,0" yaku="1,1,53,0" doraHai="120" doraHaiUra="39" who="3" fromWho="1" sc="250,0,250,-13,250,0,240,23" /><INIT seed="1,0,0,0,4,102" ten="250,237,250,263" oya="1" hai0="117,22,61,50,103,21,74,95,16,88,96,114,69" hai1="101,4,75,121,15,58,43,124,118,82,76,54,67" hai2="87,49,107,134,112,85,10,37,42,31,0,83,127" hai3="51,111,126,108,98,109,5,20,36,84,123,52,70"/><U33/><E118/><V45/><F134/><W38/><G123/><T23/><D117/><U8/><E121/><V77/><F127/><W122/><G122/><T32/><D32/><U135/><E124/><V55/><F112/><W9/><G126/><T30/><D74/><U48/><E135/><V6/><F31/><W132/><G132/><T113/><D30/><U81/><E33/><V128/><F128/><W14/><G70/><T39/><D39/><U44/><E101/><V86/><REACH who="2" step="1"/><F107/><REACH who="2" ten="250,237,240,263" step="2"/><W79/><G98/><T110/><D114/><U63/><REACH who="1" step="1"/><E82/><REACH who="1" ten="250,227,240,263" step="2"/><V129/><F129/><W2/><G108/><T92/><D110/><U120/><E120/><V24/><F24/><W73/><G109/><T18/><D113/><U28/><E28/><V25/><F25/><W90/><G111/><T133/><D133/><U106/><E106/><V60/><F60/><W68/><G36/><T116/><D116/><U7/><E7/><V72/><F72/><W89/><G38/><T46/><D61/><U62/><E62/><V71/><F71/><W66/><G73/><T3/><D69/><U91/><E91/><V97/><F97/><W100/><G68/><T47/><D88/><U99/><E99/><V13/><F13/><W17/><G90/><T115/><D115/><U56/><E56/><AGARI ba="0,2" hai="0,6,10,37,42,45,49,55,56,77,83,85,86,87" machi="56" ten="30,3900,0" yaku="1,1,7,1,53,1" doraHai="102" doraHaiUra="1" who="2" fromWho="1" sc="250,0,227,-39,240,59,263,0" /><INIT seed="2,0,0,5,1,106" ten="250,188,299,263" oya="2" hai0="73,67,52,91,4,74,57,125,49,8,32,68,76" hai1="18,133,25,64,7,43,80,107,19,26,120,48,38" hai2="93,127,13,10,114,89,35,103,0,1,40,70,16" hai3="34,24,27,2,77,105,113,61,97,90,6,63,116"/><V5/><F114/><W37/><G116/><T95/><D32/><U121/><E38/><V45/><F70/><W122/><G122/><N who="1" m="47210" /><E107/><V108/><F127/><W79/><G113/><T94/><D125/><U59/><E133/><V30/><F103/><W118/><G118/><T101/><D76/><U132/><E132/><V71/><F71/><W88/><G37/><T11/><D11/><U123/><N who="1" m="47218" /><U110/><DORA hai="15" /><E7/><V54/><F54/><W117/><G117/><T17/><D4/><U22/><E110/><V47/><F47/><W112/><G112/><T72/><D101/><U62/><E80/><V100/><F100/><W78/><G105/><T21/><D8/><U28/><E26/><V46/><F108/><W69/><G24/><T39/><D39/><U130/><E130/><V134/><F134/><W75/><G6/><T14/><REACH who="0" step="1"/><D91/><REACH who="0" ten="240,188,299,263" step="2"/><U50/><E43/><V51/><F5/><W44/><G90/><T20/><D20/><U131/><E131/><V135/><F135/><W119/><G119/><T55/><D55/><U96/><E96/><V53/><F35/><W129/><G129/><T60/><AGARI ba="0,1" hai="14,17,21,49,52,57,60,67,68,72,73,74,94,95" machi="60" ten="40,12000,2" yaku="1,1,0,1,52,4,54,1,53,0" doraHai="106,15" doraHaiUra="126,81" who="0" fromWho="0" sc="240,130,188,-30,299,-60,263,-30" /><INIT seed="3,0,0,4,4,105" ten="370,158,239,233" oya="3" hai0="28,115,75,2,110,7,126,94,100,19,13,66,87" hai1="43,23,16,9,107,55,97,6,65,122,72,32,90" hai2="58,52,68,120,47,17,53,64,84,20,36,128,54" hai3="125,116,81,59,1,3,109,35,33,42,92,24,99"/><W74/><G116/><T63/><D75/><U67/><E122/><V130/><F120/><W82/><G125/><T62/><D2/><U93/><E32/><V85/><F68/><W129/><G129/><N who="2" m="49769" /><F64/><W50/><G109/><T30/><D7/><U89/><E107/><V70/><F70/><W77/><G82/><T134/><D115/><U104/><E104/><V91/><F58/><W101/><G35/><T8/><D110/><U95/><E43/><N who="2" m="23015" /><F91/><W0/><G42/><T46/><D134/><U78/><E55/><V127/><F127/><W131/><G131/><T119/><D119/><U18/><E78/><V22/><F22/><W103/><G103/><T118/><D19/><U133/><E133/><V117/><F117/><W83/><G83/><T21/><D87/><U111/><E111/><V51/><F51/><W112/><G112/><T80/><D13/><AGARI ba="0,0" hai="13,17,20,52,53,54,84,85" m="23015,49769" machi="13" ten="30,2000,0" yaku="19,1,54,1" doraHai="105" who="2" fromWho="0" sc="370,-20,158,0,239,20,233,0" owari="350,45.0,158,-34.2,259,5.9,233,-16.7" /></mjloggm>