<mjloggm ver="2.3"><GO type="225" lobby="0"/><UN n0="%65%6B%61%72%75%74%65" n1="%73%73%6B%5F%66%72%65%65" n2="%E7%99%BD%E6%97%A5%E9%9B%AA%E8%8F%9C" n3="%E3%81%B5%E3%81%98%E3%81%8B%E3%81%A4" dan="16,16,17,17" rate="2187.12,2087.28,2175.10,2212.18" sx="M,M,M,M"/><TAIKYOKU oya="0"/><INIT seed="0,0,0,3,5,49" ten="250,250,250,250" oya="0" hai0="88,86,15,33,74,117,112,92,77,99,55,93,71" hai1="27,127,41,14,102,58,45,122,62,125,12,73,80" hai2="35,31,69,135,101,23,17,16,59,32,90,57,94" hai3="25,75,48,3,126,120,52,97,40,104,22,84,85"/><T28/><D112/><U18/><E122/><V60/><F135/><W119/><G120/><T113/><D113/><U21/><E102/><V8/><F101/><W9/><G119/><T98/><D117/><U43/><E80/><V110/><F110/><W82/><G75/><T36/><D71/><U19/><E73/><V133/><F133/><W26/><G40/><T1/><D1/><U109/><E109/><V129/><F129/><W29/><G126/><N who="1" m="48138" /><E45/><V79/><F79/><W121/><G121/><T0/><D0/><U20/><E14/><V76/><F76/><W124/><G124/><T44/><D15/><U66/><AGARI ba="0,0" hai="12,18,19,20,21,27,41,43,58,62,66" m="48138" machi="66" ten="30,1100,0" yaku="18,1" doraHai="49" who="1" fromWho="1" sc="250,-5,250,11,250,-3,250,-3" /><INIT seed="1,0,0,5,5,103" ten="245,261,247,247" oya="1" hai0="111,3,58,4,86,32,91,121,120,61,69,42,64" hai1="113,89,104,17,25,21,132,1,56,24,8,87,80" hai2="107,130,84,45,126,123,30,39,75,99,35,12,97" hai3="122,76,125,70,65,124,106,55,37,108,78,54,51"/><U13/><E113/><V38/><F123/><N who="0" m="47178" /><D32/><U60/><E132/><V2/><F2/><W48/><G122/><T74/><D74/><U0/><E104/><V100/><F75/><W36/><G108/><T31/><D31/><U47/><E47/><V85/><F126/><N who="3" m="48747" /><G106/><T11/><D42/><U10/><E10/><V135/><F135/><W29/><G29/><T90/><D111/><U98/><E98/><V71/><F71/><W22/><G22/><T72/><D72/><U20/><E20/><V81/><F97/><W82/><G78/><T50/><D86/><U66/><REACH who="1" step="1"/><E25/><REACH who="1" ten="245,251,247,247" step="2"/><V102/><F45/><W33/><G33/><T7/><D7/><AGARI ba="0,1" hai="0,1,7,8,13,17,21,24,56,60,66,80,87,89" machi="7" ten="30,11600,0" yaku="1,1,2,1,7,1,53,1" doraHai="103" doraHaiUra="79" who="1" fromWho="0" sc="245,-116,251,126,247,0,247,0" /><INIT seed="1,1,0,3,0,102" ten="129,377,247,247" oya="1" hai0="76,33,56,85,80,6,53,131,60,117,38,55,65" hai1="3,12,39,42,29,86,98,72,24,34,125,78,49" hai2="15,92,30,101,27,120,121,32,114,103,14,107,96" hai3="17,63,126,82,127,106,35,95,10,109,123,66,70"/><U99/><E125/><N who="3" m="47626" /><G123/><T50/><D131/><U47/><E3/><V89/><F103/><W57/><G35/><T97/><D117/><U113/><E113/><V68/><F68/><W22/><G10/><T108/><D108/><U75/><E12/><V0/><F0/><W20/><G109/><T8/><D38/><U128/><E128/><V73/><F73/><W74/><G106/><T88/><D33/><U134/><E134/><V94/><F92/><W111/><G95/><T83/><D50/><U119/><E119/><V48/><F114/><W64/><G111/><T77/><D77/><U41/><E41/><V93/><F93/><W28/><G28/><T116/><D116/><U87/><E75/><V4/><F48/><W100/><G100/><T62/><D62/><U44/><E44/><V9/><REACH who="2" step="1"/><F15/><REACH who="2" ten="129,377,237,247" step="2"/><N who="3" m="9279" /><G74/><T58/><D97/><AGARI ba="1,1" hai="4,9,14,27,30,32,89,94,96,97,101,107,120,121" machi="97" ten="30,7700,0" yaku="1,1,7,1,52,1,53,1" doraHai="102" doraHaiUra="26" who="2" fromWho="0" sc="129,-80,377,0,237,90,247,0" /><INIT seed="2,0,0,4,0,89" ten="49,377,327,247" oya="2" hai0="133,99,122,88,53,48,15,55,0,62,46,12,26" hai1="109,121,112,1,125,58,101,22,16,36,86,23,103" hai2="113,47,19,8,108,102,6,57,119,110,59,92,134" hai3="21,97,107,27,111,106,135,91,25,73,129,29,78"/><V120/><F113/><W126/><G111/><N who="2" m="42537" /><F119/><W56/><G126/><T104/><D133/><U20/><E112/><V65/><F120/><W95/><G135/><T115/><D115/><U9/><E121/><V3/><F134/><W82/><G129/><T44/><D122/><U74/><E74/><V66/><F47/><W72/><G72/><T105/><D0/><U28/><E36/><V63/><F19/><W68/><G68/><T98/><D26/><N who="1" m="16455" /><E1/><V96/><F65/><W14/><G14/><T70/><D62/><U10/><E125/><V41/><F41/><W39/><G39/><T76/><D76/><U118/><E118/><V67/><F66/><W94/><G56/><AGARI ba="0,0" hai="3,6,8,56,57,59,63,67,92,96,102" m="42537" machi="56" ten="30,5800,0" yaku="14,1,10,1,52,1" doraHai="89" who="2" fromWho="3" sc="49,0,377,0,327,58,247,-58" /><INIT seed="2,1,0,3,5,86" ten="49,377,385,189" oya="2" hai0="26,109,67,5,15,45,91,118,112,62,58,92,40" hai1="0,51,99,107,110,131,39,72,66,59,77,104,105" hai2="34,55,37,35,74,52,90,10,32,13,133,120,102" hai3="79,117,78,16,21,47,28,116,128,43,61,11,98"/><V134/><F120/><W22/><G128/><T132/><D109/><U124/><E131/><V114/><F114/><W89/><G61/><T29/><D132/><N who="2" m="50794" /><F74/><W41/><G11/><T68/><D118/><U50/><E39/><V126/><F37/><W4/><G4/><T46/><D112/><U122/><E122/><V84/><F102/><W96/><G47/><T80/><D80/><U31/><E124/><V71/><F71/><W100/><G28/><T18/><D5/><U44/><E0/><V106/><F106/><W9/><G9/><T93/><D93/><U14/><E110/><V2/><F2/><W73/><G100/><T70/><D70/><U27/><E72/><V36/><F36/><W83/><G83/><T113/><D40/><U94/><E77/><V19/><F126/><W95/><G73/><T135/><D68/><U82/><E82/><AGARI ba="1,0" hai="10,13,19,32,34,35,52,55,82,84,90" m="50794" machi="82" ten="40,7700,0" yaku="20,1,52,1,54,1" doraHai="86" who="2" fromWho="1" sc="49,0,377,-80,385,80,189,0" /><INIT seed="2,2,0,0,3,85" ten="49,297,465,189" oya="2" hai0="68,106,130,2,117,18,45,88,62,59,77,120,27" hai1="112,123,111,44,28,98,100,11,0,101,78,47,48" hai2="132,94,61,64,124,7,129,34,126,82,21,80,25" hai3="72,52,131,35,9,89,96,10,81,70,24,118,54"/><V92/><F34/><W115/><G70/><T30/><D130/><U37/><E112/><V71/><F129/><W110/><G118/><T1/><D120/><U31/><E111/><V86/><F7/><W67/><G110/><T23/><D117/><U26/><E123/><V38/><F38/><W76/><G131/><T39/><D106/><U51/><E37/><V83/><F132/><W20/><G67/><T49/><D77/><U73/><E73/><V36/><F36/><W56/><G35/><T97/><D30/><U105/><E78/><V3/><F3/><W63/><G54/><T13/><D13/><U69/><E69/><V87/><F86/><W46/><G46/><T55/><D39/><U22/><E101/><V93/><REACH who="2" step="1"/><F87/><REACH who="2" ten="49,297,455,189" step="2"/><N who="3" m="48551" /><G115/><T79/><D79/><U42/><E0/><V12/><F12/><W84/><G72/><T5/><D5/><U122/><E122/><V15/><F15/><W57/><G84/><T102/><D68/><U116/><E116/><V14/><F14/><W113/><G113/><T29/><D1/><U58/><E11/><V16/><AGARI ba="2,1" hai="16,21,25,61,64,71,80,82,83,92,93,94,124,126" machi="16" ten="40,7800,0" yaku="1,1,0,1,54,1,53,0" doraHai="85" doraHaiUra="41" who="2" fromWho="2" sc="49,-28,297,-28,455,94,189,-28" /><INIT seed="2,3,0,3,4,54" ten="21,269,549,161" oya="2" hai0="104,94,77,65,76,27,82,89,123,14,84,55,124" hai1="50,120,96,20,109,3,30,105,18,39,21,87,117" hai2="98,73,80,2,16,10,44,15,32,101,79,72,38" hai3="106,35,86,37,13,26,127,57,66,119,17,64,134"/><V107/><F32/><W122/><G106/><T108/><D108/><U33/><E109/><V75/><REACH who="2" step="1"/><F2/><REACH who="2" ten="21,269,539,161" step="2"/><W112/><G35/><T63/><D124/><U36/><E3/><V59/><F59/><W129/><G57/><N who="0" m="37103" /><D123/><U28/><E33/><V71/><F71/><W62/><G122/><T135/><D135/><U4/><E120/><V97/><F97/><W19/><G134/><T133/><D133/><U34/><E96/><V9/><F9/><W114/><G127/><T74/><D104/><U61/><E34/><V5/><F5/><W48/><G114/><T83/><D74/><U128/><E105/><V69/><F69/><W12/><G112/><T11/><D27/><U23/><E21/><V99/><F99/><W78/><G26/><T81/><D55/><U56/><E20/><V130/><F130/><W100/><G129/><T47/><D47/><U118/><E23/><V0/><F0/><W40/><G86/><T111/><D111/><U125/><E87/><V1/><F1/><W46/><G46/><T49/><D49/><U67/><E128/><V60/><F60/><W115/><G48/><T93/><D94/><U29/><E125/><V103/><F103/><W85/><G100/><T6/><AGARI ba="3,1" hai="6,11,14,76,77,81,82,83,84,89,93" m="37103" machi="6" ten="30,2000,0" yaku="8,1,52,1" doraHai="54" who="0" fromWho="0" sc="21,39,269,-8,539,-13,161,-8" /><INIT seed="3,0,0,0,3,54" ten="60,261,526,153" oya="3" hai0="43,8,4,63,119,28,120,100,5,68,80,7,75" hai1="91,6,99,104,32,83,47,11,96,71,24,134,125" hai2="65,13,16,40,1,66,31,19,25,74,76,21,70" hai3="64,73,69,108,103,98,18,33,55,20,111,88,44"/><W58/><G33/><T123/><D119/><U37/><E125/><V79/><F1/><W121/><G73/><T29/><D8/><U101/><E71/><V113/><F113/><W45/><G121/><T50/><D100/><U77/><E134/><V84/><F74/><W60/><G69/><T81/><D43/><N who="1" m="23023" /><E91/><V110/><F110/><N who="3" m="42027" /><G64/><T34/><D50/><U90/><E90/><V89/><F66/><W86/><G103/><T23/><D34/><U46/><E99/><V87/><F65/><W117/><G98/><T10/><D10/><U62/><E62/><V49/><F70/><W14/><G117/><T39/><D39/><U30/><E46/><N who="2" m="25799" /><F31/><W59/><G59/><T126/><D126/><U133/><E96/><V38/><F38/><W107/><G107/><T82/><D75/><U67/><E104/><V22/><F84/><W132/><G132/><T135/><D135/><U106/><E106/><V127/><F127/><W93/><AGARI ba="0,0" hai="14,18,20,44,45,55,58,60,86,88,93" m="42027" machi="93" ten="30,11700,0" yaku="14,1,10,1,52,1,54,1" doraHai="54" who="3" fromWho="3" sc="60,-39,261,-39,526,-39,153,117" /><INIT seed="3,1,0,5,1,103" ten="21,222,487,270" oya="3" hai0="82,46,57,27,21,121,56,29,107,81,74,38,33" hai1="86,54,43,124,26,60,30,111,100,112,75,51,83" hai2="132,126,35,92,23,122,104,77,66,1,72,88,129" hai3="62,118,109,39,85,97,15,120,99,114,87,133,37"/><W67/><G114/><T63/><D121/><U108/><E112/><V115/><RYUUKYOKU type="yao9" ba="1,0" sc="21,0,222,0,487,0,270,0" hai2="1,23,35,66,72,77,88,92,104,115,122,126,129,132" /><INIT seed="3,2,0,2,1,64" ten="21,222,487,270" oya="3" hai0="10,81,124,88,127,47,107,4,67,134,16,116,24" hai1="17,80,105,101,109,133,131,119,122,90,61,44,94" hai2="123,84,15,104,135,39,49,28,82,33,86,55,27" hai3="35,56,62,34,63,112,102,21,68,31,76,79,46"/><W92/><G112/><T70/><D134/><U98/><E122/><V89/><F39/><W100/><G46/><T66/><D116/><U14/><E119/><V78/><F104/><W54/><G92/><T57/><D107/><U30/><E133/><V52/><F135/><W77/><G21/><T97/><D47/><U3/><E3/><V83/><F123/><W96/><G31/><T22/><D57/><U120/><E120/><V36/><F36/><W121/><G121/><T26/><D22/><U95/><E109/><V2/><F2/><W50/><G50/><T58/><D58/><U132/><E132/><V126/><F126/><W71/><G56/><T25/><D81/><U114/><E114/><V75/><F75/><W18/><G18/><T110/><D26/><U85/><E131/><V111/><F111/><W108/><G108/><T128/><D110/><U51/><E30/><V91/><F78/><W99/><G79/><T20/><D20/><U106/><E61/><V23/><F49/><W41/><REACH who="3" step="1"/><G54/><REACH who="3" ten="21,222,487,260" step="2"/><T73/><D16/><AGARI ba="2,1" hai="15,16,23,27,28,33,52,55,82,83,84,86,89,91" machi="16" ten="40,5200,0" yaku="9,1,54,2" doraHai="64" who="2" fromWho="0" sc="21,-58,222,0,487,68,260,0" owari="-37,-53.7,222,-17.8,555,65.5,260,6.0" /></mjloggm>