<mjloggm ver="2.3"><GO type="225" lobby="0"/><UN n0="%E3%81%AF%E3%82%88%E3%81%8A%E3%81%98%E3%81%95%E3%82%93" n1="%E5%B0%8F%E9%B3%A5%E9%81%8A%E7%B7%B4%E7%84%A1%32%31%E6%AD%B3" n2="%6D%75%75%6D%75%72%61" n3="%E7%99%BD%E6%97%A5%E9%9B%AA%E8%8F%9C" dan="17,16,16,16" rate="2230.87,2177.13,2082.90,2166.57" sx="M,F,F,M"/><TAIKYOKU oya="0"/><INIT seed="0,0,0,1,4,21" ten="250,250,250,250" oya="0" hai0="53,131,13,118,66,26,46,65,47,63,45,84,90" hai1="17,10,134,4,1,89,39,123,71,88,48,120,27" hai2="105,5,101,30,2,32,93,117,133,111,42,113,16" hai3="43,91,55,115,119,107,29,104,0,85,58,9,54"/><T51/><D131/><U49/><E39/><V125/><F105/><W74/><G115/><T114/><D118/><U41/><E71/><V129/><F113/><W72/><G119/><T12/><D114/><U122/><E134/><V103/><F117/><W128/><G128/><T25/><D12/><U7/><E7/><V83/><F129/><W102/><G43/><T121/><D121/><U68/><E68/><V14/><F111/><W130/><G130/><T92/><D13/><U98/><E98/><V75/><F133/><W73/><G29/><T106/><D106/><U22/><REACH who="1" step="1"/><E41/><REACH who="1" ten="250,240,250,250" step="2"/><V127/><F42/><W97/><G107/><T44/><REACH who="0" step="1"/><D66/><REACH who="0" ten="240,240,250,250" step="2"/><U81/><E81/><V82/><F82/><W56/><G104/><T87/><D87/><U96/><E96/><V52/><F83/><W18/><G85/><T50/><D50/><AGARI ba="0,2" hai="1,4,10,17,22,27,48,49,50,88,89,120,122,123" machi="50" ten="40,5200,0" yaku="1,1,52,1,54,1,53,0" doraHai="21" doraHaiUra="24" who="1" fromWho="0" sc="240,-52,240,72,250,0,250,0" /><INIT seed="1,0,0,4,2,72" ten="188,312,250,250" oya="1" hai0="14,89,84,85,112,83,53,125,123,67,6,71,24" hai1="11,43,44,107,38,120,21,18,74,127,102,97,70" hai2="33,92,114,34,129,103,8,122,32,62,93,13,105" hai3="57,113,126,52,25,133,80,7,4,106,63,16,49"/><U79/><E120/><V61/><F122/><W48/><G113/><T31/><D112/><U50/><E127/><V134/><F114/><W29/><G106/><T5/><D123/><U75/><E70/><V73/><F129/><W124/><G133/><T60/><D125/><N who="3" m="48233" /><G80/><T135/><D135/><U131/><E131/><V58/><F134/><W46/><G48/><T108/><D108/><U59/><E11/><V116/><F73/><W65/><G16/><T95/><D53/><U117/><E117/><V35/><F116/><W69/><G46/><T42/><D42/><U98/><E98/><V51/><N who="2" m="8192" /><DORA hai="77" /><V22/><F22/><AGARI ba="0,0" hai="4,7,22,25,29,49,52,57,63,65,69" m="48233" machi="22" ten="30,2000,0" yaku="18,1,54,1" doraHai="72,77" who="3" fromWho="2" sc="188,0,312,0,250,-20,250,20" /><INIT seed="2,0,0,0,4,3" ten="188,312,230,270" oya="2" hai0="114,87,38,134,124,24,19,102,125,97,22,1,7" hai1="56,16,95,45,33,60,100,27,91,14,103,126,35" hai2="51,8,70,31,133,104,79,64,44,130,135,117,66" hai3="118,61,11,105,20,2,9,76,57,40,84,67,42"/><V110/><F117/><W127/><G118/><T115/><D38/><U69/><E69/><V58/><F70/><W73/><G105/><T55/><D87/><U106/><E106/><V12/><F104/><W116/><G116/><T88/><D102/><U0/><E0/><V43/><F130/><W4/><G73/><T68/><D68/><U89/><E45/><V36/><F110/><W26/><G127/><N who="0" m="48715" /><D55/><U132/><E132/><N who="2" m="50763" /><F31/><W121/><G121/><T72/><D72/><U52/><E91/><V123/><F79/><W107/><G107/><T49/><D49/><U77/><E77/><V37/><F123/><W18/><REACH who="3" step="1"/><G11/><REACH who="3" ten="188,312,230,260" step="2"/><N who="0" m="2543" /><D134/><U39/><E126/><V23/><F8/><W46/><G46/><T111/><D111/><U47/><E47/><V10/><F10/><W85/><G85/><T62/><D62/><U128/><E60/><V120/><F120/><W93/><G93/><AGARI ba="0,1" hai="19,22,24,88,93,97,114,115" m="2543,48715" machi="93" ten="30,3900,0" yaku="18,1,52,1,54,1" doraHai="3" who="0" fromWho="3" sc="188,49,312,0,230,0,260,-39" /><INIT seed="3,0,0,3,5,70" ten="237,312,230,221" oya="3" hai0="74,117,96,30,44,40,125,55,122,23,104,93,100" hai1="22,86,50,88,89,1,37,80,26,95,46,101,84" hai2="32,57,135,28,5,97,20,13,128,60,15,3,115" hai3="53,73,49,103,107,51,45,14,39,63,123,77,43"/><W58/><G123/><T62/><D74/><U108/><E37/><V102/><F115/><W9/><G107/><T79/><D79/><U52/><E108/><V111/><F111/><W33/><G33/><T59/><D125/><U83/><E1/><V0/><F32/><W16/><REACH who="3" step="1"/><G103/><REACH who="3" ten="237,312,230,211" step="2"/><T126/><D104/><U4/><E101/><V85/><F102/><W81/><AGARI ba="0,1" hai="9,14,16,39,43,45,49,51,53,58,63,73,77,81" machi="81" ten="30,18000,2" yaku="1,1,2,1,0,1,52,1,54,1,53,1" doraHai="70" doraHaiUra="105" who="3" fromWho="3" sc="237,-60,312,-60,230,-60,211,190" owari="177,-22.3,252,5.2,170,-33.0,401,50.1" /></mjloggm>