<mjloggm ver="2.3"><GO type="225" lobby="0"/><UN n0="%E3%83%81%E3%83%AF%E3%83%AF%E9%9A%8A%E9%95%B7" n1="%E3%81%BF%E3%81%BF%E3%81%9A" n2="%52%61%69%61%6E%2E" n3="%77%72%77%72%77%72%77%72" dan="16,18,16,17" rate="2167.17,2258.57,2049.33,2194.07" sx="M,M,M,M"/><TAIKYOKU oya="0"/><INIT seed="0,0,0,3,4,100" ten="250,250,250,250" oya="0" hai0="5,27,128,13,31,55,105,40,9,44,54,92,111" hai1="52,8,121,129,83,73,88,30,28,63,56,120,77" hai2="36,47,65,122,10,79,48,85,123,39,93,60,46" hai3="99,15,96,69,89,130,131,24,104,58,75,84,43"/><T78/><D128/><N who="3" m="49193" /><G69/><T135/><D135/><U112/><E129/><V71/><F10/><W68/><G68/><T74/><D111/><U14/><E112/><V103/><F103/><N who="3" m="62567" /><G75/><T2/><D105/><U82/><E121/><N who="2" m="46091" /><F93/><N who="3" m="56751" /><G43/><T26/><D92/><U45/><E45/><N who="2" m="16907" /><F85/><W91/><G58/><T32/><D26/><U97/><E120/><V126/><F79/><W117/><G15/><T37/><REACH who="0" step="1"/><D13/><REACH who="0" ten="240,250,250,250" step="2"/><U118/><E118/><V133/><F133/><W11/><G24/><T116/><D116/><U3/><E3/><V12/><F12/><W34/><G117/><T17/><D17/><U70/><E70/><V109/><F109/><W42/><G34/><T4/><D4/><U35/><E35/><V119/><F119/><W124/><G124/><T22/><D22/><U20/><E20/><V125/><F48/><W87/><G11/><T50/><D50/><U95/><REACH who="1" step="1"/><E82/><AGARI ba="0,1" hai="2,5,9,27,31,32,37,40,44,54,55,74,78,82" machi="82" ten="40,12000,1" yaku="1,1,25,2,53,1" doraHai="100" doraHaiUra="7" who="0" fromWho="1" sc="240,130,250,-120,250,0,250,0" /><INIT seed="0,1,0,4,1,41" ten="370,130,250,250" oya="0" hai0="80,20,0,10,39,48,134,61,121,103,18,79,59" hai1="125,34,29,124,36,22,35,46,6,133,23,12,119" hai2="5,126,107,116,128,112,50,57,72,13,51,30,90" hai3="60,56,53,114,122,73,99,97,3,115,77,64,129"/><T93/><D39/><U111/><E36/><V25/><F112/><W110/><G3/><T70/><D121/><U85/><E85/><V65/><F72/><W87/><G73/><T86/><D134/><U19/><E133/><V113/><F107/><W45/><G122/><T33/><D33/><N who="1" m="12299" /><E46/><V78/><F78/><W96/><G110/><T55/><D0/><U1/><E119/><V8/><F113/><W88/><G129/><T27/><D10/><N who="1" m="2383" /><E111/><V24/><F128/><W42/><G77/><T17/><D17/><N who="1" m="10535" /><E125/><V102/><F126/><W4/><G64/><T130/><D130/><U16/><E124/><V67/><F116/><W40/><G40/><T21/><D70/><U81/><E81/><V127/><F127/><W91/><G115/><T118/><D118/><U75/><E75/><V120/><F120/><W92/><G114/><T7/><D61/><U26/><AGARI ba="1,0" hai="16,19,23,26,29" m="10535,2383,12299" machi="26" ten="30,12000,2" yaku="35,5,54,1" doraHai="41" who="1" fromWho="1" sc="370,-61,130,123,250,-31,250,-31" /><INIT seed="1,0,0,4,1,55" ten="309,253,219,219" oya="1" hai0="67,107,10,29,89,28,93,71,63,62,86,131,122" hai1="94,9,42,36,45,96,106,97,8,84,90,3,134" hai2="120,98,0,41,74,35,22,19,121,48,68,43,91" hai3="103,64,61,4,83,24,104,23,33,44,52,12,110"/><U81/><E134/><V126/><F35/><W119/><G110/><T49/><D107/><U132/><E132/><V135/><F135/><W69/><G119/><T7/><D131/><U117/><E117/><V108/><F0/><W73/><G4/><T92/><D122/><U15/><E3/><V30/><F30/><W26/><G12/><T133/><D133/><U128/><E128/><V2/><F2/><W123/><G123/><T70/><D49/><U32/><E32/><V114/><F74/><W101/><G33/><T78/><D78/><U47/><E47/><V16/><F68/><W105/><G105/><T60/><D93/><U80/><E8/><V111/><F126/><W124/><G124/><T88/><D89/><U82/><REACH who="1" step="1"/><E106/><REACH who="1" ten="309,243,219,219" step="2"/><V125/><F125/><W25/><G104/><T95/><D10/><U75/><E75/><V58/><F121/><W54/><G44/><T113/><D113/><U38/><E38/><V127/><F120/><W118/><G118/><T1/><D1/><U59/><E59/><V5/><F58/><W116/><G116/><T20/><D70/><U34/><E34/><V27/><F127/><W100/><REACH who="3" step="1"/><G23/><REACH who="3" ten="309,243,219,209" step="2"/><T56/><D20/><U130/><E130/><V21/><F21/><W79/><AGARI ba="0,2" hai="24,25,26,52,54,61,64,69,73,79,83,100,101,103" machi="79" ten="40,8000,1" yaku="1,1,2,1,0,1,54,1,53,0" doraHai="55" doraHaiUra="129" who="3" fromWho="3" sc="309,-20,243,-40,219,-20,209,100" /><INIT seed="2,0,0,1,0,76" ten="289,203,199,309" oya="2" hai0="109,94,117,0,50,6,97,89,34,88,24,20,21" hai1="69,126,100,123,18,1,55,92,129,75,107,125,62" hai2="40,35,14,12,102,82,119,54,108,58,31,114,48" hai3="60,59,73,32,134,68,104,8,17,39,71,118,4"/><V47/><F114/><W9/><G118/><T127/><D117/><U7/><E75/><V115/><F115/><W46/><G104/><T79/><D109/><U30/><E30/><V80/><F119/><W96/><G32/><T101/><D127/><N who="1" m="48651" /><E129/><V122/><F122/><W110/><G110/><T95/><D34/><U23/><E123/><V70/><F70/><W42/><G73/><T3/><D79/><U116/><E116/><V67/><F108/><W86/><G134/><T132/><D132/><U25/><E107/><V121/><F121/><W91/><G96/><T19/><D6/><U66/><E55/><V22/><F67/><W99/><G99/><T2/><D95/><U44/><E44/><V27/><F102/><W77/><G77/><T26/><REACH who="0" step="1"/><D50/><REACH who="0" ten="279,203,199,309" step="2"/><U78/><E78/><V29/><F29/><AGARI ba="0,1" hai="0,2,3,19,20,21,24,26,29,88,89,94,97,101" machi="29" ten="40,5200,0" yaku="1,1,2,1,54,1,53,0" doraHai="76" doraHaiUra="135" who="0" fromWho="2" sc="279,62,203,0,199,-52,309,0" /><INIT seed="3,0,0,1,5,109" ten="341,203,147,309" oya="3" hai0="127,84,8,89,38,134,22,104,86,29,113,130,73" hai1="103,61,5,100,49,36,85,47,48,24,50,34,81" hai2="15,10,31,51,41,102,1,56,96,112,54,26,40" hai3="12,111,79,64,11,94,99,117,7,19,39,98,115"/><W93/><G115/><T78/><D104/><U14/><E36/><V58/><F112/><W44/><G117/><T128/><D113/><U101/><E34/><V108/><F108/><W2/><G111/><T126/><D38/><U133/><E133/><V28/><F1/><W77/><G64/><T65/><D73/><U91/><E24/><V67/><F67/><W97/><G39/><T83/><D134/><U75/><E75/><V4/><F56/><W123/><G123/><T30/><D65/><U6/><E61/><V33/><REACH who="2" step="1"/><F31/><REACH who="2" ten="341,203,137,309" step="2"/><W18/><G44/><T32/><D29/><U110/><E110/><V53/><F53/><W120/><G120/><T21/><D30/><U20/><E47/><V119/><F119/><W114/><G114/><T42/><D130/><U37/><E37/><V76/><F76/><N who="3" m="29259" /><G2/><T135/><D128/><U57/><E57/><V68/><F68/><W74/><G74/><T118/><D135/><U82/><E82/><V23/><F23/><W116/><G116/><T131/><D118/><U105/><E105/><AGARI ba="0,1" hai="4,10,15,26,28,33,40,41,51,54,58,96,102,105" machi="105" ten="30,3900,0" yaku="1,1,7,1,53,1" doraHai="109" doraHaiUra="52" who="2" fromWho="1" sc="341,0,203,-39,137,49,309,0" owari="341,44.1,164,-33.6,186,-21.4,309,10.9" /></mjloggm>