<mjloggm ver="2.3"><GO type="225" lobby="0"/><UN n0="%E3%80%93%E3%81%97%E3%83%BC%E3%82%89%E3%80%93" n1="%E3%83%B4%E3%83%A0%EF%BC%99%E3%81%A6" n2="%E6%B4%BE%E9%81%A3%E3%81%AE%E3%82%B8%E3%83%A3%E3%83%83%E3%82%AF" n3="%E3%82%B3%E3%83%90%E3%83%AC%E3%82%A4" dan="16,16,17,16" rate="2178.14,2135.03,2223.63,2073.44" sx="M,M,M,M"/><TAIKYOKU oya="0"/><INIT seed="0,0,0,5,2,95" ten="250,250,250,250" oya="0" hai0="76,15,34,29,79,63,13,88,42,75,110,9,28" hai1="52,80,17,108,92,12,131,132,93,3,113,59,21" hai2="118,0,45,94,89,126,37,31,130,61,125,99,54" hai3="20,32,103,25,78,58,30,100,81,18,82,33,86"/><T107/><D107/><U68/><E68/><V22/><F0/><W48/><G33/><T24/><D110/><U105/><E105/><V66/><F130/><W56/><G81/><T128/><D128/><U14/><E131/><V11/><F11/><W46/><G32/><T71/><D29/><U6/><E3/><V114/><F114/><W69/><G30/><T127/><D127/><N who="2" m="48650" /><F118/><W27/><G25/><T41/><D15/><U35/><E35/><V4/><F4/><W109/><G69/><T49/><D75/><U62/><E113/><V67/><F37/><W38/><G38/><T97/><D41/><U50/><E108/><V96/><F45/><W84/><G84/><T64/><D49/><U40/><E132/><V87/><F54/><W8/><G8/><T5/><REACH who="0" step="1"/><D42/><REACH who="0" ten="240,250,250,250" step="2"/><U90/><E14/><V60/><F31/><W74/><G74/><T119/><D119/><U1/><E1/><V120/><F120/><W73/><G73/><T124/><D124/><U7/><E50/><V53/><F22/><W65/><G109/><T77/><D77/><U121/><E40/><V10/><F10/><W135/><G135/><T134/><D134/><U57/><E121/><V129/><F129/><W102/><G78/><T117/><D117/><U116/><E116/><V112/><F112/><W26/><G20/><T72/><D72/><U47/><E21/><V123/><F123/><W23/><G23/><T122/><D122/><U51/><E51/><V83/><F61/><W70/><G27/><T104/><D104/><U19/><E62/><V101/><F60/><W133/><G26/><RYUUKYOKU ba="0,1" sc="240,30,250,-10,250,-10,250,-10" hai0="5,9,13,24,28,34,63,64,71,76,79,88,97" /><INIT seed="0,1,1,4,0,128" ten="270,240,240,240" oya="0" hai0="107,119,25,99,1,92,62,127,91,9,133,27,52" hai1="131,89,10,44,59,116,42,132,11,12,124,117,77" hai2="17,74,120,22,72,98,61,46,130,64,3,109,43" hai3="110,100,6,86,28,49,53,58,90,111,84,63,29"/><T2/><D119/><U105/><E131/><V69/><F120/><W103/><G6/><T113/><D113/><U83/><E105/><V30/><F130/><W82/><G29/><T104/><D127/><U68/><E68/><V115/><F3/><W45/><G28/><T112/><D112/><U96/><E124/><V121/><F121/><W106/><G106/><T76/><D76/><U80/><E59/><V101/><F115/><W81/><G111/><T18/><D27/><U70/><E70/><V134/><F30/><W48/><G48/><T16/><D133/><U123/><E123/><V47/><F109/><W56/><G56/><N who="0" m="35079" /><D2/><U87/><E132/><V94/><F47/><W129/><G129/><T78/><D78/><U33/><E33/><V40/><F40/><W65/><REACH who="3" step="1"/><G110/><REACH who="3" ten="270,240,240,230" step="2"/><T57/><D57/><U97/><E116/><V5/><F5/><W21/><G21/><N who="0" m="13479" /><D18/><U75/><E117/><V19/><F19/><W26/><G26/><T34/><D34/><U4/><E10/><V24/><F134/><W50/><G50/><AGARI ba="1,2" hai="4,11,12,42,44,50,75,77,80,83,87,89,96,97" machi="50" ten="30,1000,0" yaku="7,1" doraHai="128" who="1" fromWho="3" sc="270,0,240,33,240,0,230,-13" /><AGARI ba="1,0" hai="17,22,24,43,46,50,61,64,69,72,74,94,98,101" machi="50" ten="30,1000,0" yaku="7,1" doraHai="128" who="2" fromWho="3" sc="270,0,273,0,240,10,217,-10" /><INIT seed="1,0,0,2,2,26" ten="270,273,250,207" oya="1" hai0="73,63,18,64,114,122,76,46,31,119,112,22,83" hai1="98,110,37,105,81,106,60,101,45,16,68,10,116" hai2="118,59,57,56,12,61,15,62,1,120,121,49,23" hai3="70,109,86,124,87,66,50,29,127,4,33,90,13"/><U27/><E116/><V25/><F1/><W48/><G4/><T6/><D119/><U36/><E110/><V111/><F118/><W17/><G86/><T39/><D122/><U91/><E105/><V108/><F49/><W21/><G70/><T107/><D107/><U123/><E123/><N who="2" m="47179" /><F25/><N who="3" m="18607" /><G66/><T104/><D104/><U30/><E45/><V34/><F34/><W47/><G109/><N who="2" m="42057" /><F23/><W54/><G54/><T94/><D6/><U41/><E41/><V43/><F43/><W129/><G47/><T20/><D46/><U2/><E2/><V38/><F38/><W35/><G35/><T75/><D39/><U80/><E30/><V133/><F133/><W132/><G132/><T131/><D22/><U52/><E68/><V117/><F117/><W40/><G40/><T99/><D31/><U79/><E27/><V95/><F95/><N who="3" m="54751" /><G129/><T125/><D131/><U77/><E37/><V134/><F134/><W9/><G9/><T113/><D112/><U65/><E36/><V0/><F0/><W135/><G135/><T85/><D113/><U82/><E65/><V126/><F126/><AGARI ba="0,0" hai="13,17,21,48,50,124,126,127" m="54751,18607" machi="126" ten="30,2000,0" yaku="18,1,52,1" doraHai="26" who="3" fromWho="2" sc="270,0,273,0,250,-20,207,20" /><INIT seed="2,0,0,2,5,17" ten="270,273,230,227" oya="2" hai0="2,82,69,104,43,44,117,60,113,134,124,10,64" hai1="3,48,91,105,75,111,84,77,109,34,96,55,27" hai2="42,118,132,1,65,74,40,15,31,97,8,62,119" hai3="88,59,70,47,85,32,51,126,26,125,92,49,63"/><V87/><F74/><W52/><G70/><T80/><D104/><U56/><E3/><V127/><F1/><W25/><G51/><T22/><D113/><U116/><E116/><V79/><F127/><N who="3" m="48651" /><G32/><T106/><D106/><U93/><E34/><V94/><F132/><W86/><G85/><T101/><D101/><N who="1" m="62631" /><E27/><V5/><F31/><W50/><G50/><T35/><D35/><U6/><E6/><V89/><F118/><W7/><G7/><T90/><D10/><U129/><E129/><V61/><F119/><W23/><G23/><T123/><D2/><U9/><E9/><V29/><F29/><W66/><AGARI ba="0,0" hai="25,26,47,49,52,59,63,66,86,88,92" m="48651" machi="66" ten="30,4000,0" yaku="18,1,54,2" doraHai="17" who="3" fromWho="3" sc="270,-10,273,-10,230,-20,227,40" /><INIT seed="3,0,0,3,2,69" ten="260,263,210,267" oya="3" hai0="114,37,79,53,58,61,85,59,18,106,131,51,87" hai1="120,19,22,118,57,32,84,34,10,111,110,20,52" hai2="83,0,107,129,76,86,75,77,67,65,124,133,33" hai3="127,26,14,115,91,9,47,55,60,44,112,71,46"/><W70/><G26/><T88/><D106/><U29/><E84/><V117/><F33/><N who="1" m="12905" /><E120/><V105/><F0/><W94/><G127/><T126/><D131/><U130/><E130/><V128/><F117/><W41/><G41/><T73/><D114/><U62/><E29/><V121/><F124/><W27/><G27/><T108/><D108/><N who="1" m="41515" /><E118/><V125/><F125/><W81/><G81/><T16/><D73/><U104/><E104/><V100/><F121/><W82/><G82/><N who="0" m="47327" /><D37/><U89/><E89/><V109/><F109/><W132/><G115/><T11/><D11/><U64/><E64/><V39/><F83/><W92/><G92/><N who="0" m="54303" /><D126/><U68/><E68/><V78/><F86/><W63/><G112/><T45/><D59/><U56/><E57/><V48/><F77/><W15/><G71/><T38/><D38/><U102/><E102/><V35/><F35/><W30/><G70/><T40/><AGARI ba="0,0" hai="16,18,40,45,51,53,58,61" m="54303,47327" machi="40" ten="30,4000,0" yaku="8,1,54,2" doraHai="69" who="0" fromWho="0" sc="260,40,263,-10,210,-10,267,-20" owari="300,40.0,253,5.3,200,-30.0,247,-15.3" /></mjloggm>