<mjloggm ver="2.3"><GO type="225" lobby="0"/><UN n0="%E3%81%95%E3%81%8D%E3%81%9F%E3%81%BE%E6%9E%97%E6%AA%8E" n1="%E5%8F%AF%E5%85%90%E9%82%A3%E7%94%B1%E5%A4%9A" n2="%E7%87%90%2E%2E" n3="%E3%81%AA%E3%82%81%E3%81%93%E9%9B%80%E5%A3%AB" dan="16,16,16,16" rate="2059.42,2091.82,2125.85,2023.08" sx="M,F,M,M"/><TAIKYOKU oya="0"/><INIT seed="0,0,0,2,4,15" ten="250,250,250,250" oya="0" hai0="34,35,89,48,83,39,130,87,70,131,113,115,135" hai1="109,121,117,16,80,88,65,64,0,52,82,68,13" hai2="76,103,124,71,25,72,119,69,3,105,49,7,128" hai3="14,90,102,133,45,29,54,9,2,110,86,106,8"/><T50/><D39/><U44/><E117/><V59/><F119/><W129/><G110/><T67/><D135/><U36/><E0/><V58/><F124/><W95/><G129/><N who="0" m="49163" /><D67/><U11/><E121/><V21/><F128/><W56/><G133/><T78/><D70/><U19/><E109/><V104/><F76/><W26/><G2/><T42/><D78/><U127/><E127/><V123/><F72/><W122/><G122/><T126/><D126/><U111/><E111/><V91/><F91/><W40/><G102/><T17/><D17/><N who="1" m="6731" /><E68/><V75/><F75/><W60/><G14/><T12/><D12/><U112/><E36/><V1/><F7/><W57/><G57/><T55/><D42/><U31/><E31/><V24/><F21/><W85/><G85/><T99/><D99/><U33/><E33/><N who="0" m="12297" /><D55/><U32/><E32/><V38/><F38/><W107/><G54/><T62/><D62/><U30/><E112/><AGARI ba="0,0" hai="48,50,83,87,89,112,113,115" m="12297,49163" machi="112" ten="40,2000,0" yaku="19,1" doraHai="15" who="0" fromWho="1" sc="250,20,250,-20,250,0,250,0" /><INIT seed="0,1,0,1,5,109" ten="270,230,250,250" oya="0" hai0="64,42,83,27,19,40,130,29,31,87,132,70,53" hai1="128,77,45,108,13,4,24,7,3,91,0,63,97" hai2="6,52,73,74,122,21,110,54,93,14,47,28,124" hai3="39,50,36,38,35,80,85,51,115,55,94,81,119"/><T78/><D132/><U131/><E108/><V116/><F122/><W103/><G119/><T69/><D130/><N who="1" m="49707" /><E77/><V34/><F110/><W8/><G35/><T112/><D112/><U37/><E63/><V76/><F124/><W46/><G115/><T104/><D104/><U129/><N who="1" m="49715" /><U65/><DORA hai="133" /><E65/><V48/><F34/><W71/><G71/><T17/><D53/><U89/><E24/><V82/><F116/><W25/><G25/><T2/><D2/><N who="1" m="555" /><E13/><V113/><F113/><W79/><G50/><T22/><D64/><U59/><E59/><V125/><F125/><W118/><G118/><T12/><D70/><U11/><E11/><V101/><F74/><W95/><G8/><N who="0" m="6279" /><D69/><U114/><E114/><V134/><F134/><W120/><G120/><T16/><D19/><U61/><E61/><V1/><F1/><W23/><G23/><T127/><D127/><U92/><E91/><V58/><F28/><AGARI ba="1,0" hai="16,22,27,28,29,31,40,42,78,83,87" m="6279" machi="28" ten="30,2900,0" yaku="8,1,54,1" doraHai="109,133" who="0" fromWho="2" sc="270,32,230,0,250,-32,250,0" /><INIT seed="0,2,0,3,2,89" ten="302,230,218,250" oya="0" hai0="99,3,110,51,128,73,40,67,6,92,8,28,112" hai1="132,59,117,113,81,106,14,126,69,95,0,71,55" hai2="50,121,49,46,61,58,82,135,93,84,26,111,54" hai3="87,48,1,66,21,63,18,29,31,13,116,33,42"/><T47/><D112/><U15/><E0/><V36/><F121/><W90/><G1/><T108/><D128/><U16/><E106/><V98/><F135/><W44/><G33/><T5/><D5/><U122/><E117/><V68/><F111/><N who="0" m="42538" /><D67/><U100/><E122/><V134/><F134/><W120/><G120/><T19/><D19/><U10/><E132/><V88/><F68/><W76/><G76/><T104/><D104/><U75/><E113/><V23/><F46/><W12/><G12/><T56/><D56/><U65/><E126/><V107/><F36/><W27/><G13/><T131/><D131/><U86/><E65/><V129/><F107/><W124/><G124/><T74/><D28/><U105/><E105/><V64/><F64/><W62/><G116/><T85/><D85/><U22/><E75/><V17/><F129/><W80/><G66/><T7/><D7/><U38/><E69/><V101/><AGARI ba="2,0" hai="17,23,26,49,50,54,58,61,82,84,88,93,98,101" machi="101" ten="20,8000,1" yaku="0,1,7,1,8,1,52,1,54,1" doraHai="89" who="2" fromWho="2" sc="302,-42,230,-22,218,86,250,-22" /><INIT seed="1,0,0,2,4,66" ten="260,208,304,228" oya="1" hai0="31,26,23,17,73,0,10,47,69,29,58,95,27" hai1="11,65,117,18,35,54,108,119,127,14,78,85,79" hai2="98,76,110,103,48,99,107,33,62,109,104,126,90" hai3="94,61,130,38,8,39,105,9,81,91,20,60,36"/><U80/><E35/><V42/><F33/><W131/><G105/><T128/><D73/><U134/><E134/><V77/><F126/><W92/><G20/><T25/><D58/><U50/><E127/><V114/><F114/><W28/><G28/><T124/><D124/><U34/><E34/><V113/><F113/><W46/><G46/><T15/><D47/><U68/><E108/><N who="2" m="41579" /><F62/><N who="3" m="24171" /><G81/><T132/><D69/><U2/><E2/><V12/><F12/><W72/><G72/><T32/><D95/><N who="3" m="36393" /><G91/><T59/><D59/><U43/><E43/><V116/><F116/><W19/><G19/><T5/><D132/><U52/><E65/><V7/><F7/><W67/><G67/><T30/><D128/><AGARI ba="0,0" hai="8,9,36,38,39,128,130,131" m="36393,24171" machi="128" ten="40,5200,0" yaku="28,2,19,1" doraHai="66" who="3" fromWho="0" sc="260,-52,208,0,304,0,228,52" /><INIT seed="2,0,0,5,0,44" ten="208,208,304,280" oya="2" hai0="49,26,61,0,39,24,63,123,101,119,54,33,55" hai1="71,22,9,19,122,75,68,40,76,2,43,111,21" hai2="131,31,134,72,60,112,50,102,4,64,65,29,48" hai3="90,92,121,97,18,116,15,82,12,42,69,105,20"/><V45/><F112/><W117/><G121/><T114/><D114/><U99/><E122/><V34/><F72/><W89/><G69/><T132/><D132/><U35/><E35/><V86/><F131/><W81/><G105/><T91/><D123/><U41/><E111/><V133/><F102/><W27/><G42/><T74/><D74/><U14/><E99/><V126/><F126/><W125/><G125/><T10/><D39/><U85/><E75/><V52/><F4/><W6/><G6/><T11/><D119/><U107/><E107/><V23/><F23/><W129/><G129/><T104/><D104/><U93/><E2/><V113/><F113/><W120/><G117/><T30/><D101/><U8/><E71/><V1/><F1/><W83/><G116/><T67/><D67/><U5/><E68/><V66/><F60/><N who="0" m="23114" /><D91/><N who="1" m="53487" /><E76/><V57/><F86/><N who="3" m="50383" /><G120/><T37/><D37/><U130/><E130/><V62/><F62/><W109/><G109/><T53/><D0/><U84/><E84/><V96/><F96/><W38/><G38/><T28/><D33/><U110/><E110/><V13/><F34/><W98/><G98/><T73/><D73/><U51/><E5/><V100/><F100/><W47/><G97/><T25/><D49/><U128/><E128/><V77/><F77/><W58/><G90/><T88/><D88/><U46/><E22/><V80/><F134/><W87/><G20/><T124/><D124/><U135/><E135/><V127/><F133/><W106/><G106/><T36/><D36/><N who="1" m="21767" /><E41/><N who="2" m="24623" /><F127/><W17/><G87/><T79/><D79/><U56/><E43/><RYUUKYOKU ba="0,0" sc="208,15,208,15,304,-15,280,-15" hai0="10,11,24,25,26,28,30,53,54,55" hai1="8,9,14,19,21,51,56" /><INIT seed="3,1,0,4,1,91" ten="223,223,289,265" oya="3" hai0="128,110,106,39,85,62,46,3,54,52,26,96,126" hai1="53,0,16,63,108,60,112,5,107,71,135,51,61" hai2="100,22,90,73,109,115,132,101,113,38,119,20,66" hai3="43,32,118,74,86,76,28,13,7,120,34,18,48"/><W87/><G118/><T11/><D110/><U103/><E112/><V75/><F38/><W123/><G7/><T125/><D128/><U24/><E108/><V67/><F109/><W21/><G74/><T2/><D85/><U65/><E135/><V83/><F90/><W29/><G87/><T72/><D72/><U37/><E37/><V79/><F83/><W49/><G34/><T130/><D130/><U95/><E107/><V35/><F35/><W36/><G36/><T6/><D3/><U127/><E127/><N who="0" m="48649" /><D26/><U64/><E71/><V133/><F79/><W27/><G29/><T116/><D116/><AGARI ba="1,0" hai="20,22,66,67,73,75,100,101,113,115,116,119,132,133" machi="116" ten="25,1600,0" yaku="22,2" doraHai="91" who="2" fromWho="0" sc="223,-19,223,0,289,19,265,0" owari="204,-29.6,223,-17.7,308,40.8,265,6.5" /></mjloggm>