<mjloggm ver="2.3"><GO type="225" lobby="0"/><UN n0="%E3%83%B4%E3%82%A3%E3%83%AF%E3%82%B3%E3%82%B0%E3%83%8B" n1="%E3%83%A9%E3%82%A4%E3%83%B3%E3%81%AE%E8%99%8E" n2="%E5%B8%86%E7%AB%8B%E5%A4%8F%E8%A1%A3" n3="%E3%81%8D%E3%82%83%E3%83%BC%E3%82%8D%E3%82%93" dan="16,16,17,16" rate="2199.23,2108.44,2190.46,2058.19" sx="M,M,M,M"/><TAIKYOKU oya="0"/><INIT seed="0,0,0,3,2,132" ten="250,250,250,250" oya="0" hai0="96,53,20,11,100,36,47,60,18,77,33,88,69" hai1="116,75,87,68,34,135,0,85,28,27,7,19,6" hai2="80,127,49,56,91,9,123,86,98,5,134,58,50" hai3="41,29,43,102,101,117,111,16,118,55,131,59,67"/><T39/><D33/><U105/><E75/><V40/><F123/><W107/><G111/><T99/><D77/><U4/><E105/><V114/><F114/><W130/><G67/><T125/><D125/><U124/><E68/><V76/><F134/><W31/><G59/><N who="0" m="34927" /><D11/><U15/><E135/><V79/><F50/><W14/><G55/><T1/><D1/><U104/><E104/><V103/><F127/><W115/><G107/><N who="0" m="63879" /><D47/><U65/><E65/><V90/><F79/><W52/><G52/><T122/><D69/><U74/><E74/><V37/><F37/><W129/><G115/><T121/><D39/><U17/><E116/><N who="3" m="44650" /><G43/><T110/><D36/><U61/><E61/><V23/><F23/><N who="3" m="11671" /><G41/><T95/><D110/><U128/><E124/><V109/><F109/><W81/><G81/><T26/><AGARI ba="0,0" hai="18,20,26,88,95,99,121,122" m="63879,34927" machi="26" ten="30,3000,0" yaku="25,1,54,1" doraHai="132" who="0" fromWho="0" sc="250,30,250,-10,250,-10,250,-10" /><INIT seed="0,1,0,2,4,51" ten="280,240,240,240" oya="0" hai0="95,31,0,122,99,44,69,120,32,49,5,46,12" hai1="45,94,88,33,58,126,23,116,119,2,109,76,39" hai2="56,38,22,34,13,92,10,24,115,124,70,79,30" hai3="105,19,81,128,28,18,117,64,6,27,21,111,129"/><T97/><D69/><U16/><E33/><V90/><F124/><W54/><G117/><T85/><D0/><U9/><E109/><V62/><F115/><W93/><G105/><T114/><D114/><U89/><E126/><V132/><F132/><W133/><G111/><T61/><D32/><U102/><E76/><V35/><F38/><W14/><G93/><T96/><D31/><U57/><E102/><V66/><F79/><W59/><G64/><T77/><D61/><U55/><E89/><V25/><F25/><W50/><G81/><N who="0" m="47279" /><D46/><U104/><E104/><V17/><REACH who="2" step="1"/><F70/><REACH who="2" ten="280,240,230,240" step="2"/><W123/><G133/><T75/><D122/><U7/><E116/><V103/><F103/><W42/><G123/><T131/><D120/><U4/><E119/><V80/><F80/><W107/><G107/><T41/><D131/><U84/><E39/><V36/><F36/><W110/><G110/><T101/><D75/><U71/><E71/><V112/><F112/><W125/><G125/><T8/><AGARI ba="1,1" hai="5,8,12,41,44,49,95,96,97,99,101" m="47279" machi="8" ten="30,3000,0" yaku="25,1,8,1" doraHai="51" who="0" fromWho="0" sc="280,43,240,-11,230,-11,240,-11" /><INIT seed="0,2,0,1,5,85" ten="323,229,219,229" oya="0" hai0="39,129,34,21,76,6,61,62,127,7,100,63,73" hai1="75,19,87,60,116,13,14,50,111,40,64,20,114" hai2="67,128,77,10,23,54,41,94,101,29,36,26,68" hai3="81,84,16,132,59,4,79,55,58,123,99,97,56"/><T57/><D34/><U33/><E75/><V27/><F128/><W91/><G132/><T78/><D39/><U47/><E111/><V32/><F77/><N who="0" m="29802" /><D73/><U122/><E114/><V108/><F108/><W119/><G119/><T49/><D129/><U48/><E33/><V9/><F68/><W120/><G4/><N who="0" m="1579" /><D100/><U3/><E3/><V31/><F67/><W25/><G55/><N who="0" m="31983" /><D127/><U37/><E122/><N who="3" m="46634" /><G79/><T42/><D21/><AGARI ba="2,0" hai="16,21,25,56,58,59,81,84,91,97,99" m="46634" machi="21" ten="30,3900,0" yaku="13,1,52,1,54,1" doraHai="85" who="3" fromWho="0" sc="323,-45,229,0,219,0,229,45" /><INIT seed="1,0,0,1,1,72" ten="278,229,219,274" oya="1" hai0="50,90,11,59,68,39,65,107,135,128,54,20,129" hai1="24,47,102,116,58,31,119,37,60,95,32,35,3" hai2="19,118,26,12,6,84,112,82,14,134,109,110,121" hai3="126,63,123,108,74,76,67,22,104,73,30,106,38"/><U17/><E35/><V64/><F64/><W61/><G38/><T71/><D107/><U81/><E3/><V57/><F57/><W9/><G108/><N who="2" m="41577" /><F118/><W34/><G34/><T28/><D39/><U127/><E127/><V27/><F121/><W83/><G123/><T99/><D135/><U130/><E130/><N who="0" m="50281" /><D65/><U75/><E17/><V4/><F134/><W132/><G132/><T7/><D28/><U78/><E102/><V15/><F112/><W111/><G74/><T56/><D20/><U125/><E95/><V69/><F69/><W41/><G106/><T2/><D56/><U46/><E125/><V44/><F44/><W0/><G104/><T52/><D54/><U55/><REACH who="1" step="1"/><E47/><REACH who="1" ten="278,219,219,274" step="2"/><V23/><F27/><W62/><G126/><T92/><AGARI ba="0,1" hai="2,7,11,50,52,59,68,71,90,92,99" m="50281" machi="92" ten="30,2000,0" yaku="19,1,54,1" doraHai="72" who="0" fromWho="0" sc="278,30,219,-10,219,-5,274,-5" /><INIT seed="2,0,0,0,3,91" ten="308,209,214,269" oya="2" hai0="43,55,93,111,108,20,90,99,13,29,103,113,31" hai1="77,45,104,15,35,79,68,30,54,19,21,129,16" hai2="37,73,70,75,14,18,87,78,60,81,7,80,11" hai3="2,51,123,84,53,76,41,134,49,86,92,61,25"/><V126/><F126/><W12/><G123/><T94/><D113/><U3/><E104/><V17/><F37/><W135/><G2/><T128/><D128/><U40/><E129/><V125/><F125/><W62/><G25/><T58/><D43/><U114/><E114/><V131/><F131/><W116/><G116/><T22/><D111/><U124/><E3/><V56/><F70/><W121/><G121/><T28/><D13/><U24/><E124/><V44/><F44/><W27/><G27/><T98/><D108/><U6/><E6/><V50/><F50/><AGARI ba="0,0" hai="20,22,28,29,31,50,55,58,90,93,94,98,99,103" machi="50" ten="40,5200,0" yaku="8,1,52,2" doraHai="91" who="0" fromWho="2" sc="308,52,209,0,214,-52,269,0" /><INIT seed="3,0,0,2,4,30" ten="360,209,162,269" oya="3" hai0="117,1,110,132,67,71,116,115,39,133,69,9,72" hai1="111,86,11,106,50,44,66,103,55,7,25,47,29" hai2="109,63,54,118,51,131,89,60,61,13,31,24,120" hai3="0,32,38,35,36,3,33,75,77,37,20,68,134"/><W80/><G20/><T126/><D110/><U46/><E111/><V58/><F109/><W102/><G134/><N who="0" m="51819" /><D126/><U129/><E129/><V79/><F131/><W84/><G68/><T92/><D72/><U27/><E27/><V130/><F130/><W64/><G64/><T56/><D115/><U96/><E66/><V65/><F118/><W76/><G102/><T97/><D39/><U52/><E86/><V108/><F108/><W6/><G6/><N who="0" m="1231" /><D56/><U22/><REACH who="1" step="1"/><E55/><REACH who="1" ten="360,199,162,269" step="2"/><V17/><F120/><W105/><G84/><T98/><D67/><U125/><E125/><V135/><F135/><W100/><REACH who="3" step="1"/><G77/><REACH who="3" ten="360,199,162,259" step="2"/><T101/><D69/><U14/><AGARI ba="0,2" hai="7,11,14,22,25,29,44,46,47,50,52,96,103,106" machi="14" ten="20,5200,0" yaku="1,1,0,1,7,1,54,1,53,0" doraHai="30" doraHaiUra="85" who="1" fromWho="1" sc="360,-13,199,72,162,-13,259,-26" owari="347,44.7,271,7.1,149,-35.1,233,-16.7" /></mjloggm>