<mjloggm ver="2.3"><GO type="225" lobby="0"/><UN n0="%E6%B8%A9%E2%98%85%E6%83%85%E2%98%85%E6%8E%AA%E2%98%85%E7%BD%AE" n1="%4B%2E%32%2E%4B%2E" n2="%43%68%65" n3="%72%61%6B%33" dan="16,17,16,17" rate="2167.94,2192.35,2143.18,2123.11" sx="M,M,M,M"/><TAIKYOKU oya="0"/><INIT seed="0,0,0,1,5,99" ten="250,250,250,250" oya="0" hai0="32,51,71,44,37,69,39,53,26,70,31,64,98" hai1="96,97,76,57,82,30,61,92,20,29,87,131,73" hai2="100,23,129,102,117,107,54,116,75,124,84,91,15" hai3="5,1,111,46,79,8,33,65,68,119,60,55,3"/><T35/><D35/><U114/><E131/><V40/><F75/><W130/><G111/><T72/><D72/><U89/><E114/><V0/><F0/><W58/><G130/><T109/><D109/><U123/><E123/><V49/><F129/><W38/><G33/><T132/><D132/><U115/><E115/><V101/><F40/><W25/><G25/><T41/><D64/><U125/><E125/><V128/><F128/><W2/><G79/><T45/><REACH who="0" step="1"/><D98/><REACH who="0" ten="240,250,250,250" step="2"/><U120/><E120/><V93/><F124/><W105/><G119/><T56/><D56/><U88/><E97/><V24/><F107/><W83/><G105/><T13/><D13/><U19/><E73/><V42/><F15/><W14/><G1/><T43/><D43/><U110/><E110/><V78/><F42/><N who="3" m="22871" /><G2/><T95/><D95/><U77/><E96/><V94/><F94/><W62/><G14/><T135/><D135/><U16/><E92/><V59/><REACH who="2" step="1"/><F78/><REACH who="2" ten="240,250,240,250" step="2"/><W4/><G3/><T85/><D85/><U10/><E77/><V127/><F127/><W63/><G65/><T6/><D6/><U21/><E76/><V74/><F74/><W34/><G4/><T90/><D90/><U80/><E87/><V134/><F134/><W86/><G5/><T48/><AGARI ba="0,2" hai="26,31,32,37,39,41,44,45,48,51,53,69,70,71" machi="48" ten="40,7800,0" yaku="1,1,0,1,53,1" doraHai="99" doraHaiUra="28" who="0" fromWho="0" sc="240,98,250,-26,240,-26,250,-26" /><INIT seed="0,1,0,3,2,49" ten="338,224,214,224" oya="0" hai0="71,10,101,65,109,104,96,97,111,79,116,21,44" hai1="22,122,114,81,115,20,60,121,61,80,70,103,95" hai2="26,52,51,135,1,88,67,118,92,31,94,129,107" hai3="48,134,11,64,15,62,34,36,4,40,124,77,131"/><T83/><D116/><U69/><E95/><V108/><F107/><W47/><G124/><T105/><D21/><U5/><E5/><V58/><F118/><W76/><G131/><T110/><D10/><U2/><REACH who="1" step="1"/><E103/><REACH who="1" ten="338,214,214,224" step="2"/><V14/><F129/><W112/><G4/><T90/><D101/><U86/><E86/><V45/><F94/><W25/><G77/><T43/><D105/><U29/><E29/><V30/><F108/><W28/><G76/><T127/><D104/><U73/><E73/><V128/><F128/><W6/><G134/><T27/><D79/><U120/><E120/><V123/><F123/><W32/><G28/><T63/><D127/><U75/><E75/><V46/><F135/><W74/><G6/><T84/><REACH who="0" step="1"/><D27/><REACH who="0" ten="328,214,214,224" step="2"/><U66/><E66/><V57/><F67/><W12/><G25/><T9/><D9/><U102/><E102/><V41/><F26/><W119/><G11/><T53/><D53/><U35/><E35/><V16/><F1/><AGARI ba="1,2" hai="1,2,20,22,60,61,69,70,80,81,114,115,121,122" machi="1" ten="25,3200,0" yaku="1,1,22,2,53,0" doraHai="49" doraHaiUra="37" who="1" fromWho="2" sc="328,0,214,55,214,-35,224,0" /><INIT seed="1,0,0,3,1,39" ten="328,269,179,224" oya="1" hai0="11,43,68,4,95,126,131,72,88,83,106,36,38" hai1="57,107,46,121,105,26,129,16,48,2,135,28,76" hai2="7,70,93,86,77,63,3,53,90,9,133,79,61" hai3="127,115,69,10,99,54,13,56,12,71,22,33,23"/><U29/><E121/><V24/><F133/><W65/><G33/><T50/><D106/><U87/><E2/><V118/><F118/><W14/><G115/><T17/><D68/><U55/><E135/><V78/><F70/><W21/><G127/><T5/><D17/><U15/><E129/><V103/><F103/><W27/><G27/><T132/><D132/><U31/><E26/><V101/><F101/><W58/><G10/><T74/><D5/><U82/><REACH who="1" step="1"/><E46/><REACH who="1" ten="328,259,179,224" step="2"/><V114/><F114/><W67/><G12/><T18/><D131/><U0/><E0/><V6/><F24/><W134/><G134/><T60/><D126/><U92/><E92/><V117/><F117/><W47/><G47/><T89/><D95/><U109/><E109/><V123/><F123/><W49/><G13/><T130/><D130/><U25/><E25/><V45/><F45/><W81/><G14/><T34/><D34/><U30/><N who="1" m="7168" /><DORA hai="108" /><U40/><E40/><V116/><F116/><W64/><G21/><AGARI ba="0,1" hai="15,16,21,48,55,57,76,82,87,105,107" m="7168" machi="21" ten="50,4800,0" yaku="1,1,54,1,53,0" doraHai="39,108" doraHaiUra="94,113" who="1" fromWho="3" sc="328,0,259,58,179,0,224,-48" /><INIT seed="1,1,0,1,1,21" ten="328,317,179,176" oya="1" hai0="35,125,94,79,12,41,10,100,74,2,29,116,77" hai1="111,14,70,134,50,45,56,117,114,93,63,15,44" hai2="135,66,37,46,123,47,83,28,9,36,133,82,124" hai3="132,112,106,115,38,11,122,40,91,4,131,126,110"/><U8/><E114/><V18/><F123/><W31/><G91/><T20/><D116/><U17/><E117/><V53/><F66/><W43/><G43/><T85/><D74/><U54/><E134/><N who="2" m="51211" /><F28/><W62/><G62/><T71/><D71/><U65/><E111/><V24/><F124/><W81/><G81/><N who="2" m="30729" /><F9/><W0/><G31/><T33/><D10/><U34/><E34/><V25/><F18/><W22/><G11/><T80/><D29/><U88/><REACH who="1" step="1"/><E15/><REACH who="1" ten="328,307,179,176" step="2"/><V72/><F72/><W73/><G115/><T129/><D12/><U52/><E52/><V16/><F53/><W119/><G40/><T13/><D41/><U27/><E27/><N who="2" m="10315" /><F16/><W69/><G4/><T61/><D77/><U1/><E1/><V57/><F57/><W97/><G22/><T118/><D79/><U121/><E121/><V99/><F99/><AGARI ba="1,1" hai="8,14,17,44,45,50,54,56,63,65,70,88,93,99" machi="99" ten="30,5800,0" yaku="1,1,7,1,54,1,53,0" doraHai="21" doraHaiUra="26" who="1" fromWho="2" sc="328,0,307,71,179,-61,176,0" /><INIT seed="1,2,0,4,0,93" ten="328,378,118,176" oya="1" hai0="34,40,39,63,41,133,30,107,49,114,17,83,132" hai1="112,88,110,124,127,31,14,3,50,52,95,121,115" hai2="116,98,58,47,92,77,103,7,1,21,89,61,46" hai3="135,6,43,54,129,59,56,33,23,104,18,36,111"/><U26/><E121/><V15/><F116/><W55/><G33/><T51/><D107/><U80/><E3/><V37/><F1/><W4/><G104/><T60/><D17/><U0/><E14/><V22/><F77/><W120/><G120/><T29/><D83/><U12/><E80/><V62/><F62/><N who="0" m="23594" /><D34/><N who="1" m="20855" /><E12/><V57/><F57/><W64/><G59/><T24/><D24/><U27/><E27/><V69/><F69/><W91/><G56/><T5/><D5/><U117/><E117/><V106/><F37/><W45/><G6/><T74/><D74/><U108/><E0/><V65/><F22/><W100/><G23/><T128/><D39/><U44/><E115/><V71/><F71/><W19/><G4/><T38/><D38/><U105/><E112/><V131/><F131/><W113/><G129/><T70/><D70/><U28/><E28/><N who="0" m="10857" /><D128/><U35/><E105/><V8/><REACH who="2" step="1"/><F21/><REACH who="2" ten="328,378,108,176" step="2"/><W90/><G36/><T123/><D114/><U118/><E118/><V81/><F81/><W122/><G113/><T32/><D32/><U101/><E35/><V78/><F78/><W99/><G122/><T134/><D123/><U96/><E101/><V16/><F16/><W125/><G18/><T53/><D51/><U68/><E68/><V48/><F48/><W25/><G19/><T75/><D75/><U2/><E2/><V13/><F13/><W97/><G100/><T67/><D67/><U102/><E102/><V20/><F20/><W126/><G64/><T79/><D79/><U9/><E9/><V42/><F42/><N who="0" m="16490" /><D134/><U94/><E50/><V11/><F11/><RYUUKYOKU ba="2,1" sc="328,15,378,-15,108,15,176,-15" hai0="49,53,132,133" hai2="7,8,15,46,47,58,61,65,89,92,98,103,106" /><INIT seed="2,3,1,3,1,61" ten="343,363,123,161" oya="2" hai0="122,0,119,60,59,132,131,36,6,47,127,69,105" hai1="90,45,84,21,94,135,129,112,104,50,74,5,62" hai2="77,43,28,65,27,7,51,44,108,128,97,48,83" hai3="114,16,41,38,117,110,72,87,121,71,126,73,31"/><V37/><F128/><W98/><G31/><T54/><RYUUKYOKU type="yao9" ba="3,1" sc="343,0,363,0,123,0,161,0" hai0="0,6,36,47,54,59,60,69,105,119,122,127,131,132" /><INIT seed="2,4,1,5,4,21" ten="343,363,123,161" oya="2" hai0="87,19,43,45,44,10,72,32,38,66,68,28,80" hai1="39,15,89,64,119,110,98,112,83,78,14,7,93" hai2="67,61,108,135,29,85,127,41,8,12,102,128,49" hai3="134,57,132,104,2,115,6,114,113,35,23,92,82"/><V54/><F127/><W129/><G104/><T27/><D72/><U17/><E119/><V131/><F41/><W130/><G35/><T111/><D111/><U90/><E112/><V73/><F73/><W47/><G82/><T46/><D66/><U75/><E39/><V53/><F108/><W105/><G105/><T13/><REACH who="0" step="1"/><D68/><REACH who="0" ten="333,363,123,161" step="2"/><U133/><E110/><V70/><F70/><W34/><G113/><T1/><D1/><U62/><E133/><V36/><F135/><W37/><G2/><T69/><D69/><U101/><E7/><V33/><F67/><W99/><G6/><T76/><AGARI ba="4,2" hai="10,13,19,27,28,32,38,43,44,45,46,76,80,87" machi="76" ten="20,5200,0" yaku="1,1,0,1,7,1,52,1,53,0" doraHai="21" doraHaiUra="106" who="0" fromWho="0" sc="333,84,363,-17,123,-30,161,-17" /><INIT seed="3,0,0,3,0,128" ten="417,346,93,144" oya="3" hai0="73,3,108,84,119,87,102,111,25,109,107,112,14" hai1="33,67,45,77,105,82,2,74,117,15,71,11,80" hai2="13,49,95,40,23,51,41,24,61,46,54,98,72" hai3="30,58,123,8,125,81,44,37,118,34,0,17,126"/><W75/><G58/><T31/><D119/><U89/><E117/><V53/><F72/><W9/><G123/><T69/><D3/><U62/><E82/><V83/><F13/><W97/><G97/><N who="0" m="61903" /><D112/><U66/><E66/><V38/><F83/><W120/><G17/><T129/><D129/><U93/><E15/><V65/><F38/><W50/><G120/><T36/><D73/><U10/><E10/><V115/><F115/><W92/><G92/><T70/><D36/><U26/><E93/><V43/><F65/><W60/><G60/><T133/><D14/><U22/><E22/><V32/><F32/><W103/><G103/><T127/><D127/><U12/><E12/><V88/><F61/><W47/><G118/><T122/><D122/><U5/><E89/><V78/><F78/><W1/><G50/><T68/><D133/><U28/><E45/><V64/><F64/><W113/><G113/><T19/><D19/><U35/><REACH who="1" step="1"/><E33/><AGARI ba="0,0" hai="25,31,33,68,69,70,84,87,108,109,111" m="61903" machi="33" ten="40,1300,0" yaku="14,1" doraHai="128" who="0" fromWho="1" sc="417,13,346,-13,93,0,144,0" owari="430,53.0,333,13.3,93,-40.7,144,-25.6" /></mjloggm>