<mjloggm ver="2.3"><GO type="225" lobby="0"/><UN n0="%E3%81%82%E3%81%B9%E3%81%99%E3%81%91" n1="%E3%82%A2%E3%83%BC%E3%83%A2%E3%83%AD%E3%83%BC%E3%83%B4%E3%82%A1" n2="%E3%83%B4%E3%82%A3%E3%83%AF%E3%82%B3%E3%82%B0%E3%83%8B" n3="%E6%B8%A9%E2%98%85%E6%83%85%E2%98%85%E6%8E%AA%E2%98%85%E7%BD%AE" dan="16,16,16,17" rate="2074.06,2176.00,2172.55,2214.47" sx="M,M,M,M"/><TAIKYOKU oya="0"/><INIT seed="0,0,0,0,4,58" ten="250,250,250,250" oya="0" hai0="5,79,23,109,108,102,70,85,62,47,24,115,45" hai1="54,3,135,38,69,39,111,16,44,9,12,56,119" hai2="13,0,97,31,91,40,121,112,55,133,88,84,120" hai3="82,37,104,122,100,71,131,57,83,27,126,46,86"/><T134/><D115/><U117/><E69/><V64/><F112/><W129/><G71/><T2/><D134/><U17/><E135/><V52/><F133/><W74/><G126/><T80/><D102/><U125/><E125/><V66/><F0/><W127/><G127/><T105/><D105/><U48/><E111/><N who="0" m="42569" /><D2/><U32/><E32/><V87/><F31/><W78/><G122/><T81/><D5/><U75/><E75/><V61/><F40/><W33/><G100/><T67/><D81/><U53/><E3/><V15/><REACH who="2" step="1"/><F97/><REACH who="2" ten="250,250,240,250" step="2"/><W92/><G129/><T34/><D34/><U76/><E117/><V11/><F11/><W30/><G131/><T42/><D42/><U124/><E119/><V14/><F14/><W65/><G33/><T113/><D113/><U98/><E124/><V107/><F107/><W99/><G104/><T8/><D8/><U130/><E98/><V1/><F1/><W94/><G99/><T43/><D43/><U59/><E130/><V118/><F118/><W35/><G35/><T68/><D68/><U132/><E132/><V110/><F110/><W25/><G25/><T77/><D77/><U6/><E76/><V106/><F106/><W60/><G27/><T123/><D123/><U96/><E96/><V29/><F29/><AGARI ba="0,1" hai="23,24,29,45,47,62,67,70,79,80,85" m="42569" machi="29" ten="30,5800,0" yaku="14,1,10,1,52,1" doraHai="58" who="0" fromWho="2" sc="250,68,250,0,240,-58,250,0" /><INIT seed="0,1,0,5,0,122" ten="318,250,182,250" oya="0" hai0="2,16,58,40,11,31,87,70,44,45,112,100,81" hai1="42,88,85,72,110,90,93,17,8,14,92,41,113" hai2="124,10,75,115,34,60,49,99,78,98,7,64,20" hai3="74,62,106,24,73,131,5,126,68,121,108,114,36"/><T51/><D112/><U103/><E72/><V120/><F120/><W86/><RYUUKYOKU type="yao9" ba="1,0" sc="318,0,250,0,182,0,250,0" hai3="5,24,36,62,68,73,74,86,106,108,114,121,126,131" /><INIT seed="0,2,0,0,3,90" ten="318,250,182,250" oya="0" hai0="98,0,86,22,117,66,129,29,80,113,64,31,103" hai1="108,28,116,100,26,125,124,10,4,97,104,58,9" hai2="112,67,132,92,6,121,71,52,87,38,89,99,54" hai3="3,69,13,5,19,107,47,128,102,62,23,50,111"/><T40/><D113/><U27/><E116/><V95/><F121/><W74/><G74/><T135/><D117/><U119/><E119/><V44/><F112/><W81/><G111/><T68/><D0/><U96/><E108/><V53/><F132/><W17/><G128/><T33/><D33/><U32/><E26/><V76/><F6/><W114/><G114/><T25/><D135/><U94/><E58/><V20/><F76/><W43/><G81/><T91/><D129/><U59/><E59/><V1/><F1/><W21/><G3/><T39/><D31/><U2/><REACH who="1" step="1"/><E10/><REACH who="1" ten="318,240,182,250" step="2"/><V12/><F71/><W45/><G69/><T56/><D56/><U36/><E36/><V101/><F67/><W83/><G23/><T106/><REACH who="0" step="1"/><D68/><REACH who="0" ten="308,240,182,250" step="2"/><U118/><E118/><V123/><F123/><W14/><G21/><T134/><D134/><U60/><E60/><V105/><F20/><W8/><G62/><T30/><D30/><U79/><E79/><V127/><F127/><W24/><G8/><T130/><D130/><U84/><E84/><V11/><F11/><W41/><G24/><T61/><D61/><U57/><E57/><V42/><REACH who="2" step="1"/><F12/><REACH who="2" ten="308,240,172,250" step="2"/><W37/><G14/><T85/><D85/><U77/><E77/><V48/><F48/><W35/><G13/><T70/><D70/><U131/><E131/><V46/><F46/><AGARI ba="2,3" hai="22,25,29,39,40,46,64,66,80,86,91,98,103,106" machi="46" ten="40,3900,0" yaku="1,1,53,1" doraHai="90" doraHaiUra="93" who="0" fromWho="2" sc="308,75,240,0,172,-45,250,0" /><INIT seed="0,3,0,1,1,65" ten="383,240,127,250" oya="0" hai0="94,0,118,47,112,42,12,6,34,4,31,135,93" hai1="36,21,19,129,30,126,7,3,71,100,81,52,74" hai2="1,61,113,130,2,62,54,20,91,85,33,134,9" hai3="75,57,114,77,90,53,73,10,49,120,44,96,101"/><T87/><D112/><U128/><E126/><V66/><F113/><W78/><G114/><T46/><D118/><U76/><E30/><V82/><F33/><W48/><G120/><T89/><D0/><U133/><E133/><V119/><F134/><W104/><G90/><T99/><D135/><U35/><E35/><V121/><F121/><W15/><G75/><T102/><D47/><U11/><E100/><V29/><F130/><N who="1" m="50281" /><E36/><V69/><F119/><W105/><G105/><T43/><D43/><U37/><E37/><V123/><F123/><W24/><G24/><T25/><REACH who="0" step="1"/><D12/><REACH who="0" ten="373,240,127,250" step="2"/><N who="1" m="9447" /><E52/><V60/><F1/><W124/><G124/><T63/><D63/><U132/><E132/><V98/><F54/><W41/><G73/><T8/><D8/><U79/><E11/><V88/><F2/><W103/><G15/><T14/><D14/><U38/><E3/><V116/><F116/><W115/><G10/><T17/><D17/><U39/><E7/><V97/><F9/><W110/><G115/><T27/><D27/><U16/><E16/><V127/><F127/><W68/><G44/><T122/><D122/><U67/><E74/><V117/><F117/><W125/><G41/><T83/><D83/><U26/><E81/><N who="2" m="49199" /><F61/><W13/><G125/><T18/><D18/><U50/><E26/><N who="2" m="16583" /><F60/><W70/><G13/><T111/><D111/><U58/><E38/><AGARI ba="3,1" hai="4,6,25,31,34,38,42,46,87,89,93,94,99,102" machi="38" ten="30,2900,0" yaku="1,1,7,1,53,0" doraHai="65" doraHaiUra="106" who="0" fromWho="1" sc="373,48,240,-38,127,0,250,0" /><INIT seed="0,4,0,4,2,92" ten="421,202,127,250" oya="0" hai0="31,86,50,83,33,80,29,45,108,109,97,21,133" hai1="88,98,61,19,116,59,111,90,47,3,91,129,43" hai2="58,122,30,124,123,26,76,117,84,44,135,60,77" hai3="102,74,38,115,73,93,40,27,126,23,69,130,100"/><T32/><D133/><U6/><E116/><V62/><F135/><W75/><G115/><T105/><D83/><U1/><E111/><N who="0" m="42569" /><D21/><U55/><E129/><V104/><F124/><W70/><G130/><T20/><D20/><U119/><E119/><V12/><F117/><W56/><G126/><T96/><D31/><U68/><E6/><V9/><F104/><W34/><G34/><N who="0" m="13419" /><D105/><U54/><E68/><V128/><F128/><W72/><G70/><T36/><D36/><U24/><E24/><V134/><F134/><W0/><G23/><T28/><D28/><U87/><E19/><V48/><F30/><W118/><G38/><T106/><D106/><U46/><E87/><V52/><F26/><W99/><G74/><T15/><D15/><U103/><E54/><V42/><F76/><W101/><G69/><T112/><D112/><U4/><E4/><V95/><F77/><W18/><G118/><T7/><D7/><U107/><REACH who="1" step="1"/><E47/><REACH who="1" ten="421,192,127,250" step="2"/><V82/><F44/><W131/><G131/><T5/><D5/><U120/><E120/><V41/><F123/><W22/><G75/><T35/><D29/><U125/><E125/><V57/><F122/><W127/><G127/><T78/><D35/><U17/><E17/><V114/><F114/><W14/><G18/><T37/><D37/><AGARI ba="4,1" hai="1,3,37,43,46,55,59,61,88,90,91,98,103,107" machi="37" ten="40,5200,0" yaku="1,1,52,1,54,1,53,0" doraHai="92" doraHaiUra="13" who="1" fromWho="0" sc="421,-64,192,74,127,0,250,0" /><INIT seed="1,0,0,1,3,89" ten="357,266,127,250" oya="1" hai0="57,7,59,103,26,118,81,120,29,131,60,14,61" hai1="127,93,2,50,106,20,68,71,13,119,9,54,85" hai2="101,124,125,104,99,32,83,75,109,15,80,51,24" hai3="10,40,8,41,90,88,21,67,123,6,22,113,28"/><U76/><E119/><V36/><F36/><W27/><G113/><T58/><D118/><U42/><E106/><V37/><F37/><W70/><G123/><T92/><D131/><U94/><E2/><V4/><F32/><W69/><G67/><T87/><D120/><U19/><E127/><V45/><F24/><N who="3" m="16399" /><G70/><T96/><D7/><N who="1" m="3263" /><E42/><N who="3" m="16490" /><G69/><T46/><D46/><N who="1" m="27991" /><E68/><V33/><F33/><W34/><G34/><T112/><D14/><N who="1" m="9335" /><E71/><V86/><F75/><W82/><G6/><T18/><D112/><U66/><E66/><V77/><F109/><W1/><G1/><T31/><D18/><U133/><E133/><V115/><F115/><W78/><G8/><T63/><D26/><U84/><E84/><V30/><F125/><W72/><G72/><T49/><D49/><U73/><E73/><V62/><F124/><W108/><G10/><T65/><D65/><U52/><E52/><V11/><F62/><W16/><G108/><T128/><D128/><U91/><E76/><AGARI ba="0,0" hai="29,31,57,58,59,60,61,63,76,81,87,92,96,103" machi="76" ten="40,2600,0" yaku="8,1,52,1" doraHai="89" who="0" fromWho="1" sc="357,26,266,-26,127,0,250,0" /><INIT seed="2,0,0,0,5,41" ten="383,240,127,250" oya="2" hai0="111,113,45,120,133,4,125,110,42,90,48,116,82" hai1="8,94,118,35,69,6,80,20,132,33,65,135,9" hai2="63,114,26,0,13,102,40,73,134,11,128,112,87" hai3="71,10,75,16,37,58,131,92,77,126,106,130,3"/><V60/><F73/><W52/><G106/><T101/><D113/><U109/><E118/><V36/><F0/><W89/><G71/><T15/><D120/><U81/><E109/><V43/><F134/><N who="1" m="51241" /><E20/><V129/><F102/><W74/><G37/><T38/><D125/><U51/><E94/><V2/><F2/><W29/><G29/><T19/><D4/><U1/><E9/><V56/><F87/><N who="3" m="52287" /><G77/><T7/><D15/><U122/><E122/><V5/><F26/><W27/><G126/><T108/><D38/><U85/><E51/><V123/><F123/><W78/><G78/><T79/><D7/><U24/><E24/><V57/><F36/><W25/><G25/><T14/><D101/><U49/><E49/><V54/><F114/><W61/><G3/><T86/><D116/><U124/><E124/><V99/><F112/><W34/><G34/><N who="1" m="12810" /><E85/><V93/><F129/><N who="3" m="49163" /><G10/><N who="0" m="6615" /><D133/><U107/><E107/><V50/><F128/><W115/><G115/><T119/><D119/><U100/><E100/><N who="2" m="60527" /><F50/><W30/><G30/><T68/><D68/><U18/><E18/><V23/><F23/><AGARI ba="0,0" hai="16,23,27,52,58,61,74,75" m="49163,52287" machi="23" ten="30,3900,0" yaku="19,1,54,2" doraHai="41" who="3" fromWho="2" sc="383,0,240,0,127,-39,250,39" /><INIT seed="3,0,0,0,4,35" ten="383,240,88,289" oya="3" hai0="123,106,36,30,116,95,72,112,133,20,13,115,60" hai1="7,124,58,100,104,62,80,24,15,17,87,113,43" hai2="54,33,34,102,66,0,10,18,11,125,67,45,89" hai3="39,131,46,5,118,12,59,110,90,135,52,84,61"/><W42/><G118/><T51/><D106/><U49/><E113/><V9/><F89/><W47/><G135/><T129/><D116/><U76/><E124/><V4/><F125/><W114/><G114/><T82/><D129/><U94/><E104/><V77/><F45/><W22/><G131/><T3/><D3/><U109/><E109/><V41/><F41/><W50/><G110/><T79/><D36/><U108/><E108/><V119/><F119/><W105/><G105/><T134/><D60/><U57/><E24/><V91/><F91/><W56/><G61/><T6/><D95/><U55/><E7/><V63/><F63/><W25/><G5/><T85/><D123/><U99/><E43/><V26/><F77/><W98/><G98/><T86/><D86/><U130/><E130/><V97/><F4/><W83/><REACH who="3" step="1"/><G12/><REACH who="3" ten="383,240,88,279" step="2"/><T71/><D13/><U69/><E69/><V127/><F127/><W107/><G107/><T68/><D6/><U96/><E96/><V8/><N who="2" m="2048" /><DORA hai="48" /><V78/><F97/><W14/><G14/><T21/><D71/><U65/><E15/><V2/><F78/><W64/><G64/><T28/><D68/><U53/><E17/><AGARI ba="0,1" hai="17,22,25,39,42,46,47,50,52,56,59,83,84,90" machi="17" ten="30,12000,1" yaku="1,1,7,1,52,1,54,1,53,1" doraHai="35,48" doraHaiUra="44,103" who="3" fromWho="1" sc="383,0,240,-120,88,0,279,130" owari="383,18.3,120,-28.0,88,-41.2,409,50.9" /></mjloggm>