<mjloggm ver="2.3"><GO type="225" lobby="0"/><UN n0="%E5%B6%BA%E4%B8%8A%E5%92%B2" n1="%33%74%72%65%65" n2="%28%EF%BF%A3%E2%96%BD%EF%BF%A3%29%CE%B4%E2%8C%92%E3%83%BB" n3="%E3%83%97%E3%83%AC%E3%83%B4%E3%82%A1%E3%83%86%E3%82%A3" dan="16,16,16,16" rate="2097.96,2154.33,2133.20,2118.09" sx="F,F,M,F"/><TAIKYOKU oya="0"/><INIT seed="0,0,0,2,0,92" ten="250,250,250,250" oya="0" hai0="76,88,103,59,16,135,0,23,21,26,53,62,35" hai1="8,114,82,132,87,14,37,11,27,98,66,67,4" hai2="110,9,30,126,107,125,48,60,81,100,118,5,64" hai3="99,101,6,130,105,34,79,127,31,51,42,28,116"/><T68/><D0/><U3/><E132/><V89/><F118/><W123/><G116/><T41/><D135/><U71/><E37/><V91/><F110/><W58/><G127/><N who="2" m="48649" /><F30/><W112/><G112/><T17/><D35/><U13/><E114/><V2/><F48/><W119/><G119/><T61/><D76/><U43/><E43/><V124/><F81/><W121/><G130/><T10/><D103/><U72/><E72/><V38/><F38/><W94/><G79/><T73/><D73/><U111/><E111/><V12/><F2/><W70/><G70/><T33/><D41/><U50/><E71/><N who="2" m="42375" /><F124/><W52/><G6/><T29/><D10/><U115/><E3/><V19/><F5/><W46/><G34/><T22/><D68/><U24/><E50/><V120/><F120/><N who="3" m="46155" /><G105/><T20/><N who="0" m="5120" /><DORA hai="56" /><T1/><D1/><U47/><E4/><V44/><F44/><W39/><AGARI ba="0,0" hai="28,31,39,42,46,51,52,58,94,99,101" m="46155" machi="39" ten="30,4000,0" yaku="13,1,52,1,54,1" doraHai="92,56" who="3" fromWho="3" sc="250,-20,250,-10,250,-10,250,40" /><INIT seed="1,0,0,5,0,62" ten="230,240,240,290" oya="1" hai0="14,67,108,24,31,74,47,115,71,90,27,84,68" hai1="52,4,106,65,9,93,111,66,113,22,134,114,15" hai2="94,85,50,10,48,30,1,41,33,7,43,46,107" hai3="83,42,63,29,112,12,40,55,117,70,110,28,60"/><U6/><E106/><V25/><F107/><W120/><G120/><T51/><D74/><U38/><E38/><V131/><F131/><W89/><G117/><T98/><D115/><U3/><E114/><V119/><F119/><W18/><G112/><T54/><D108/><U13/><E113/><V23/><F94/><W101/><G101/><T75/><D75/><U122/><E122/><V19/><F85/><W80/><G110/><T133/><D133/><U103/><E111/><V79/><F79/><W127/><G127/><T58/><D98/><N who="1" m="59855" /><E3/><V20/><F19/><W53/><G70/><T56/><D71/><U11/><E134/><V26/><F26/><N who="0" m="9770" /><D68/><U87/><E22/><V76/><REACH who="2" step="1"/><F76/><REACH who="2" ten="230,240,230,290" step="2"/><W36/><G18/><T92/><D31/><U57/><E87/><V99/><F99/><W116/><G116/><T129/><D129/><U21/><E21/><V97/><F97/><W132/><G132/><T49/><D92/><U37/><E37/><V72/><F72/><W118/><G118/><T86/><D90/><U95/><E95/><V16/><F16/><W78/><G78/><T128/><D128/><U104/><E104/><V64/><F64/><W81/><G36/><T96/><D96/><U109/><E109/><V130/><F130/><W124/><G81/><T0/><D86/><U123/><E123/><V44/><AGARI ba="0,1" hai="1,7,10,20,23,25,30,33,41,43,44,46,48,50" machi="44" ten="30,4000,0" yaku="1,1,0,1,9,1,53,0" doraHai="62" doraHaiUra="125" who="2" fromWho="2" sc="230,-10,240,-20,230,50,290,-10" /><INIT seed="2,0,0,0,3,116" ten="220,220,280,280" oya="2" hai0="48,16,132,25,4,105,135,30,111,17,45,100,15" hai1="19,126,34,8,36,27,5,68,47,22,82,88,91" hai2="125,123,84,51,114,23,103,2,28,109,3,56,54" hai3="122,75,59,65,14,38,93,127,134,0,1,61,121"/><V129/><F114/><W13/><G38/><T20/><D111/><U32/><E126/><V131/><F125/><W24/><G127/><T43/><D100/><U70/><E34/><V66/><F109/><W9/><G75/><T50/><D105/><U79/><E32/><V76/><F103/><W115/><G115/><T52/><D4/><U124/><E124/><V57/><F123/><W41/><G41/><T99/><D99/><U64/><E64/><V37/><F37/><W119/><G119/><T40/><D40/><N who="1" m="22919" /><E70/><V108/><F108/><W78/><G78/><T80/><D80/><U118/><E68/><V101/><F101/><W74/><G74/><T85/><D85/><U95/><E95/><V49/><F84/><W87/><G134/><N who="0" m="51243" /><D15/><U11/><E11/><V120/><F120/><W92/><G87/><T102/><D102/><U81/><E81/><V86/><F86/><W35/><G35/><T113/><D113/><U128/><E118/><V63/><F76/><W10/><G24/><T62/><D62/><U117/><E117/><V21/><F51/><W42/><G61/><T106/><D106/><U98/><E98/><V18/><F28/><W104/><G42/><T58/><AGARI ba="0,0" hai="16,17,20,25,30,43,45,48,50,52,58" m="51243" machi="58" ten="30,4000,0" yaku="20,1,54,2" doraHai="116" who="0" fromWho="0" sc="220,40,220,-10,280,-20,280,-10" /><INIT seed="3,0,0,5,3,84" ten="260,210,260,270" oya="3" hai0="103,48,41,6,3,116,101,28,100,63,122,135,38" hai1="96,18,126,115,95,10,77,82,62,133,109,16,81" hai2="128,69,134,40,52,29,0,61,12,57,98,105,65" hai3="113,91,111,8,33,24,107,50,74,106,89,66,114"/><W39/><G39/><T13/><D116/><U1/><E115/><V56/><F0/><W31/><G74/><T93/><D122/><U121/><E121/><V59/><F134/><W60/><G8/><N who="0" m="4247" /><D3/><U104/><E133/><V26/><F128/><W99/><G111/><T112/><D38/><U19/><E109/><V88/><F40/><W35/><G50/><T70/><D70/><U94/><E126/><V51/><F12/><W64/><G99/><N who="0" m="59503" /><D135/><U79/><E104/><V46/><F105/><W72/><G72/><T132/><D132/><U55/><E10/><V127/><F127/><W76/><G76/><N who="1" m="29258" /><E1/><V130/><F130/><W120/><G120/><T125/><D112/><U58/><E94/><N who="2" m="56647" /><F69/><W5/><G5/><T42/><D28/><U123/><E123/><V75/><F75/><W34/><G34/><T25/><D25/><U129/><E129/><V22/><AGARI ba="0,0" hai="22,26,29,46,51,52,56,57,59,61,65" m="56647" machi="22" ten="30,7900,0" yaku="8,1,52,1,54,2" doraHai="84" who="2" fromWho="2" sc="260,-20,210,-20,260,79,270,-39" owari="240,4.0,190,-31.0,339,43.9,231,-16.9" /></mjloggm>