<mjloggm ver="2.3"><GO type="225" lobby="0"/><UN n0="%E3%81%9F%E3%81%93%E2%98%86%E7%84%BC%E3%81%8D" n1="%E3%81%AF%E3%82%88%E3%81%8A%E3%81%98%E3%81%95%E3%82%93" n2="%65%6B%61%72%75%74%65" n3="%E3%83%A9%E3%83%96%E3%83%AC%E3%83%BC" dan="16,16,17,18" rate="2100.50,2123.34,2132.25,2278.93" sx="M,M,M,M"/><TAIKYOKU oya="0"/><INIT seed="0,0,0,4,0,15" ten="250,250,250,250" oya="0" hai0="88,34,43,52,22,97,85,54,64,3,127,100,126" hai1="2,32,37,109,23,122,67,78,33,131,107,47,36" hai2="56,82,11,50,66,30,125,77,108,14,91,10,35" hai3="120,20,29,62,45,79,46,26,48,19,106,121,72"/><T135/><D34/><U103/><E23/><V69/><F108/><W74/><G106/><T9/><D135/><U16/><E67/><V5/><F125/><N who="0" m="47626" /><D43/><U113/><E78/><V73/><F35/><W89/><G62/><T55/><D64/><U38/><E38/><V8/><F30/><W93/><G46/><T17/><D9/><U104/><E47/><V115/><F115/><W110/><G110/><T58/><D3/><U41/><E109/><V61/><REACH who="2" step="1"/><F91/><REACH who="2" ten="250,250,240,250" step="2"/><W53/><G29/><T24/><D100/><U102/><E113/><V86/><F86/><N who="3" m="52407" /><G79/><T134/><D134/><U12/><E103/><V60/><F60/><W59/><G45/><T116/><D116/><U96/><E102/><V57/><F57/><W95/><G59/><T44/><D97/><U80/><E96/><V6/><F6/><W42/><G74/><T40/><D58/><U90/><E32/><V119/><F119/><W51/><G72/><T71/><D71/><U84/><E33/><V27/><F27/><W87/><G26/><T18/><D85/><U105/><E84/><V4/><F4/><W83/><G87/><T31/><D88/><U129/><E90/><V70/><F70/><W7/><G7/><T65/><D65/><U21/><E80/><V13/><F13/><W76/><G83/><T101/><D101/><U128/><E2/><V1/><F1/><W112/><G112/><T99/><D99/><U39/><E41/><V123/><F123/><AGARI ba="0,1" hai="12,16,21,36,37,39,104,105,107,122,123,128,129,131" machi="123" ten="60,8000,1" yaku="29,2,19,1,52,1,54,1" doraHai="15" who="1" fromWho="2" sc="250,0,250,90,240,-80,250,0" /><INIT seed="1,0,0,0,1,126" ten="250,340,160,250" oya="1" hai0="30,79,5,3,67,22,99,41,15,104,49,120,133" hai1="7,42,59,10,112,52,74,12,86,81,70,114,0" hai2="105,110,134,19,27,102,131,82,108,90,121,60,51" hai3="135,14,54,72,21,66,55,106,92,100,109,17,57"/><U4/><E70/><V53/><F121/><W38/><G38/><T103/><D133/><U69/><E69/><V50/><F134/><W91/><G72/><T20/><D67/><U71/><E71/><V48/><F105/><W101/><G135/><T117/><D3/><U45/><E74/><V37/><F37/><W39/><G39/><T26/><D117/><U125/><E125/><V88/><F102/><N who="3" m="39531" /><G109/><N who="2" m="42089" /><F131/><W122/><G106/><T9/><D79/><U43/><E0/><V2/><F2/><W76/><G76/><T119/><D119/><U25/><E4/><V61/><F53/><W95/><G95/><T31/><D120/><U73/><E73/><V28/><F19/><W63/><G122/><T33/><D31/><U96/><E43/><V47/><F47/><W80/><G80/><T35/><D35/><U113/><E45/><V62/><F82/><W18/><G18/><T8/><D41/><U32/><E42/><V93/><F93/><W84/><AGARI ba="0,0" hai="14,17,21,54,55,57,63,66,84,91,92" m="39531" machi="84" ten="30,1100,0" yaku="8,1" doraHai="126" who="3" fromWho="3" sc="250,-3,340,-5,160,-3,250,11" /><INIT seed="2,0,0,1,5,27" ten="247,335,157,261" oya="2" hai0="40,128,24,108,135,31,20,3,131,110,35,51,64" hai1="29,23,89,129,5,6,104,33,94,87,92,78,85" hai2="57,124,69,22,70,117,30,41,37,100,125,59,83" hai3="43,106,50,8,66,79,61,88,67,114,7,74,95"/><V2/><F117/><W14/><G106/><T98/><D64/><U115/><E104/><V113/><F113/><W82/><G114/><T34/><D98/><U55/><E33/><N who="0" m="12297" /><D40/><U86/><E129/><N who="0" m="49737" /><D51/><U45/><E115/><V12/><F2/><W11/><G11/><T60/><D60/><U58/><E45/><N who="2" m="23727" /><F100/><W44/><REACH who="3" step="1"/><G61/><REACH who="3" ten="247,335,157,251" step="2"/><T112/><D112/><U84/><E92/><V49/><F83/><W36/><G36/><T19/><D135/><U73/><E5/><V122/><F122/><W0/><G0/><T4/><D4/><U111/><E6/><V28/><F69/><W123/><G123/><T62/><D62/><U39/><E39/><V101/><F70/><W134/><G134/><T54/><D3/><U75/><E78/><V48/><F49/><W63/><G63/><T16/><D54/><U81/><E94/><V90/><F48/><W99/><AGARI ba="0,1" hai="7,8,14,43,44,50,66,67,74,79,82,88,95,99" machi="99" ten="20,5200,0" yaku="1,1,0,1,7,1,54,1,53,0" doraHai="27" doraHaiUra="109" who="3" fromWho="3" sc="247,-13,335,-13,157,-26,251,62" /><INIT seed="3,0,0,4,5,22" ten="234,322,131,313" oya="3" hai0="24,40,125,53,68,32,39,130,88,95,115,71,33" hai1="126,113,19,72,56,55,38,13,110,10,133,52,44" hai2="107,127,108,17,46,102,96,117,81,73,37,76,99" hai3="25,85,101,51,11,80,48,50,65,47,74,35,77"/><W84/><G101/><T105/><D105/><U131/><E72/><V54/><F117/><W69/><G69/><T100/><D100/><U120/><E120/><V132/><F108/><W86/><G65/><T23/><D130/><U41/><E113/><V57/><F127/><W15/><G35/><T29/><D125/><U124/><E131/><V34/><F132/><W75/><G74/><T8/><D115/><U12/><E110/><V62/><F34/><W123/><G123/><T89/><D89/><U60/><E133/><V27/><F96/><W118/><G25/><T128/><D8/><U134/><E134/><V31/><F17/><W9/><G118/><T97/><D128/><U122/><E122/><V5/><F5/><W14/><G47/><T2/><D2/><U116/><E116/><V18/><F18/><N who="3" m="8527" /><G75/><T135/><D135/><U112/><E112/><V21/><F46/><W119/><G119/><T59/><D32/><U66/><E126/><V63/><F37/><W92/><G92/><T45/><REACH who="0" step="1"/><D33/><REACH who="0" ten="224,322,131,313" step="2"/><U87/><E124/><V104/><REACH who="2" step="1"/><F107/><REACH who="2" ten="224,322,121,313" step="2"/><W109/><G109/><T26/><D26/><U78/><E13/><V16/><F16/><AGARI ba="0,2" hai="11,15,16,48,50,51,77,80,84,85,86" m="8527" machi="16" ten="30,2900,0" yaku="8,1,54,1" doraHai="22" who="3" fromWho="2" sc="224,0,322,0,121,-29,313,49" owari="224,-17.6,322,12.2,92,-40.8,362,46.2" /></mjloggm>