<mjloggm ver="2.3"><GO type="225" lobby="0"/><UN n0="%4C%4F%4C%49%54%41" n1="%E5%B8%86%E7%AB%8B%E5%A4%8F%E8%A1%A3" n2="%73%61%6E%64%69%72%69%73" n3="%E9%B3%B3%E6%9D%B1%E3%81%AE%E3%81%86%E3%81%95%E3%81%8E%E3%81%95%E3%82%93" dan="16,17,16,16" rate="2162.58,2130.99,2116.64,2175.94" sx="F,M,M,M"/><TAIKYOKU oya="0"/><INIT seed="0,0,0,0,4,52" ten="250,250,250,250" oya="0" hai0="85,100,88,102,95,123,67,76,56,57,41,22,72" hai1="3,73,78,82,29,6,25,87,35,96,83,4,81" hai2="53,130,45,28,103,131,84,48,37,65,79,101,80" hai3="122,110,13,89,86,32,121,42,119,58,59,14,54"/><T61/><D123/><N who="3" m="47113" /><G110/><T27/><D41/><U18/><E82/><V106/><F106/><W43/><G32/><T105/><D105/><U126/><E126/><V1/><F1/><W66/><G119/><T127/><D127/><U2/><E96/><V60/><F37/><W21/><G66/><N who="0" m="39207" /><D76/><U10/><E18/><V36/><F28/><W70/><G70/><T8/><D8/><U117/><E117/><V46/><F46/><W129/><G129/><N who="2" m="49161" /><F36/><W49/><G58/><AGARI ba="0,0" hai="45,48,53,58,60,65,79,80,84,101,103" m="49161" machi="58" ten="30,2000,0" yaku="19,1,52,1" doraHai="52" who="2" fromWho="3" sc="250,0,250,0,250,20,250,-20" /><INIT seed="1,0,0,3,3,89" ten="250,250,270,230" oya="1" hai0="111,97,35,135,8,11,91,50,16,82,74,96,132" hai1="46,92,55,95,9,73,28,67,90,124,76,41,77" hai2="116,13,31,81,113,44,125,57,68,99,37,47,87" hai3="25,94,130,32,43,39,85,72,80,54,61,126,93"/><U112/><E112/><V51/><F68/><W7/><G72/><T71/><D35/><U49/><E124/><V69/><F69/><W131/><G126/><T100/><D71/><U70/><E28/><V58/><F116/><W128/><G7/><T19/><D111/><U118/><E118/><V22/><F113/><W75/><G75/><T115/><D115/><U12/><E73/><V120/><F120/><W103/><G103/><T114/><D114/><U134/><E134/><N who="0" m="51241" /><D50/><N who="1" m="26959" /><E67/><V33/><F33/><W29/><G43/><T62/><D62/><U83/><E70/><V127/><F37/><W106/><G106/><T86/><D74/><U110/><E90/><V60/><F125/><W102/><G102/><T63/><D63/><U48/><E48/><V122/><F51/><W36/><G54/><T45/><D45/><N who="1" m="28079" /><E110/><V30/><F60/><W23/><G61/><T6/><D96/><U4/><E83/><V133/><F81/><W27/><G36/><T26/><D26/><U15/><E12/><V42/><F13/><W24/><G39/><T65/><D65/><U78/><AGARI ba="0,0" hai="4,9,15,76,77,78,92,95" m="28079,26959" machi="78" ten="30,6000,0" yaku="8,1,52,2" doraHai="89" who="1" fromWho="1" sc="250,-20,250,60,270,-20,230,-20" /><INIT seed="1,1,0,2,0,62" ten="230,310,250,210" oya="1" hai0="20,94,44,26,111,91,60,89,107,22,80,11,14" hai1="134,7,52,125,77,110,48,68,45,99,40,34,61" hai2="35,135,96,118,39,66,3,9,10,78,84,64,41" hai3="93,51,87,29,133,63,122,27,101,17,72,119,69"/><U47/><E125/><V33/><F96/><W5/><G122/><T28/><D107/><U85/><E34/><V83/><F118/><W59/><G72/><T123/><D111/><U86/><E134/><V104/><F104/><W120/><G120/><T53/><D123/><U58/><E110/><V54/><F135/><W115/><G115/><T8/><D80/><U36/><E77/><V79/><F54/><W18/><G133/><T100/><D100/><U132/><E132/><V56/><F56/><W46/><G69/><T88/><D94/><U106/><E7/><V130/><F130/><W49/><G5/><T32/><D32/><U1/><E1/><V97/><F97/><N who="3" m="59567" /><G87/><T102/><D102/><N who="1" m="62815" /><E47/><V2/><F84/><W103/><G119/><T31/><D60/><U131/><E131/><V128/><F83/><W15/><G103/><T24/><D14/><U95/><E95/><V92/><F92/><W57/><G57/><T25/><D25/><U73/><E73/><V109/><F41/><N who="3" m="24783" /><G51/><AGARI ba="1,0" hai="8,11,20,22,24,26,28,31,44,51,53,88,89,91" machi="51" ten="40,5200,0" yaku="9,1,8,1,54,1" doraHai="62" who="0" fromWho="3" sc="230,55,310,0,250,0,210,-55" /><INIT seed="2,0,0,1,0,51" ten="285,310,250,155" oya="2" hai0="60,49,117,100,110,64,104,54,116,79,27,126,111" hai1="118,11,68,37,78,34,121,120,122,8,92,41,47" hai2="43,48,38,20,85,19,135,46,22,112,44,83,3" hai3="63,24,29,87,53,130,76,94,50,59,106,16,25"/><V28/><F3/><W33/><G130/><T58/><D126/><U67/><E118/><N who="0" m="45673" /><D79/><U61/><E34/><V15/><F112/><W84/><G106/><T99/><D27/><U0/><E78/><V125/><F125/><W39/><G39/><T124/><D124/><U65/><E0/><V17/><F135/><W133/><G133/><T6/><D6/><U127/><E127/><V89/><F28/><W101/><G76/><T57/><AGARI ba="0,0" hai="49,54,57,58,60,64,99,100,104,110,111" m="45673" machi="57" ten="30,2000,0" yaku="12,1,52,1" doraHai="51" who="0" fromWho="0" sc="285,20,310,-5,250,-10,155,-5" /><INIT seed="3,0,0,1,0,3" ten="305,305,240,150" oya="3" hai0="82,92,42,71,31,103,39,113,120,87,134,83,86" hai1="126,38,54,88,8,70,20,29,21,9,115,100,6" hai2="76,80,85,119,64,56,44,135,59,34,116,32,94" hai3="117,65,73,133,4,98,23,104,58,130,27,48,14"/><W108/><G117/><T111/><D120/><U101/><E115/><V78/><F44/><W93/><G130/><T22/><D71/><U79/><E38/><V66/><F94/><W0/><G0/><T19/><D39/><U57/><E79/><V51/><F51/><W74/><G104/><T125/><D111/><U67/><E126/><V97/><F97/><W127/><G127/><T128/><D128/><U121/><E121/><V72/><F85/><W30/><G133/><T37/><D37/><U45/><E9/><V50/><F50/><W122/><G122/><T84/><D42/><U105/><E105/><V12/><F12/><W36/><G36/><T10/><D134/><U55/><E70/><V106/><F80/><W118/><G118/><T123/><D113/><U109/><E88/><V52/><F72/><W61/><G48/><T99/><D123/><U13/><E109/><V15/><F15/><W7/><G108/><T11/><D125/><U129/><E129/><V35/><F35/><W69/><G69/><T68/><D31/><U43/><E67/><V114/><F106/><W110/><G110/><T2/><D68/><U25/><E43/><V40/><F40/><W63/><G61/><T33/><D33/><N who="1" m="20655" /><E45/><V89/><F135/><W95/><G93/><T46/><D46/><U75/><E75/><N who="3" m="28682" /><G14/><N who="0" m="9591" /><D2/><U107/><E57/><V49/><F114/><W17/><G17/><T41/><D41/><U132/><E132/><V28/><F28/><W18/><G18/><T1/><D1/><U124/><E124/><V24/><F116/><W16/><G16/><T53/><D53/><RYUUKYOKU ba="0,0" sc="305,15,305,-15,240,-15,150,15" hai0="10,11,82,83,84,86,87,92,99,103" hai3="4,7,23,27,30,58,63,65,95,98" /><INIT seed="3,1,0,3,2,120" ten="320,290,225,165" oya="3" hai0="32,71,63,22,60,123,54,48,0,127,68,15,79" hai1="75,95,99,37,39,20,89,93,61,55,45,110,132" hai2="10,105,118,85,12,104,92,122,51,8,86,34,82" hai3="94,108,74,112,69,27,97,135,29,106,50,100,53"/><W66/><G135/><T24/><D123/><U87/><E110/><V124/><F34/><W36/><G112/><T11/><D127/><U21/><E75/><V117/><F51/><W126/><G126/><T119/><D119/><U90/><E132/><V43/><F43/><W133/><G133/><T33/><D33/><U41/><E39/><V84/><F12/><W128/><G36/><T4/><D68/><U64/><REACH who="1" step="1"/><E55/><REACH who="1" ten="320,280,225,165" step="2"/><V130/><F122/><W35/><G128/><T40/><D40/><U107/><E107/><V91/><F130/><W114/><G114/><T116/><D116/><U26/><E26/><V80/><F118/><W14/><G74/><T17/><D71/><AGARI ba="1,1" hai="20,21,37,41,45,61,64,71,87,89,90,93,95,99" machi="71" ten="30,2000,0" yaku="1,1,7,1,53,0" doraHai="120" doraHaiUra="109" who="1" fromWho="0" sc="320,-23,280,33,225,0,165,0" owari="297,9.7,313,41.3,225,-17.5,165,-33.5" /></mjloggm>