<mjloggm ver="2.3"><GO type="225" lobby="0"/><UN n0="%73%61%6B%6F%EF%BC%A0%E6%9C%80" n1="%28%EF%BF%A3%E2%96%BD%EF%BF%A3%29%CE%B4%E2%8C%92%E3%83%BB" n2="%E3%80%90%E3%83%88%E3%83%AA%E3%83%A5%E3%83%95%E3%80%91" n3="%E7%B4%94%E6%BD%94%E3%83%94%E3%83%A9%E3%83%8B%E3%82%A2" dan="16,17,16,17" rate="2193.00,2263.92,2120.19,2220.38" sx="M,M,M,M"/><TAIKYOKU oya="0"/><INIT seed="0,0,0,2,3,123" ten="250,250,250,250" oya="0" hai0="95,44,9,10,59,104,35,81,107,130,131,22,48" hai1="134,5,29,78,113,124,96,129,12,122,33,27,56" hai2="76,15,25,51,64,42,79,62,98,6,11,100,86" hai3="110,20,103,3,128,49,19,16,4,91,53,93,41"/><T121/><D35/><U2/><E78/><V8/><F25/><W30/><G128/><N who="0" m="49195" /><D121/><U119/><E129/><V39/><F39/><W114/><G103/><T92/><D81/><U55/><E122/><V13/><F86/><W75/><G75/><T82/><D82/><U85/><E85/><V60/><F42/><W101/><G101/><T58/><D22/><U112/><E119/><V26/><F26/><W45/><G114/><T54/><D95/><U118/><E118/><V90/><F51/><W18/><G3/><T70/><D70/><U38/><E38/><V125/><F90/><W50/><G4/><T105/><D92/><U7/><E2/><V40/><F40/><W126/><G126/><T80/><D80/><U94/><E124/><V133/><F125/><W46/><G30/><T132/><D132/><U111/><E134/><V52/><F133/><W0/><G0/><T34/><D34/><U99/><E99/><V87/><F87/><W83/><G83/><T116/><D116/><U135/><E135/><V106/><F62/><W68/><G68/><T69/><D69/><U102/><E12/><V36/><F36/><W115/><G115/><N who="1" m="44106" /><E111/><V108/><F108/><W17/><G110/><T23/><D23/><U14/><E14/><V63/><F13/><N who="3" m="9231" /><G93/><T21/><D21/><U31/><E31/><V84/><F11/><AGARI ba="0,0" hai="9,10,11,44,48,54,58,59,104,105,107" m="49195" machi="11" ten="40,2000,0" yaku="19,1" doraHai="123" who="0" fromWho="2" sc="250,20,250,0,250,-20,250,0" /><INIT seed="0,1,0,0,1,53" ten="270,250,230,250" oya="0" hai0="123,48,79,76,113,116,7,94,3,101,37,74,85" hai1="84,32,39,14,29,15,98,44,92,93,66,105,131" hai2="12,27,95,121,109,72,10,38,78,102,54,40,120" hai3="73,86,11,111,107,125,132,55,63,50,51,56,75"/><T58/><D37/><U88/><E131/><V46/><F109/><W22/><G111/><T0/><D116/><U114/><E105/><V42/><F27/><W21/><G107/><T128/><D123/><U90/><E114/><V47/><F54/><W36/><G36/><T52/><D113/><U100/><E100/><V45/><F72/><W130/><G130/><T23/><D128/><U134/><E134/><V115/><F78/><W96/><G125/><T41/><D74/><U1/><E1/><V13/><F115/><W43/><G75/><T117/><D117/><U70/><E29/><V16/><F13/><W4/><G73/><T97/><D41/><U8/><E32/><V25/><F25/><W129/><G96/><T35/><D35/><U20/><E20/><V30/><F30/><W126/><G126/><T26/><D7/><U9/><E9/><V77/><F77/><W89/><G132/><T108/><D108/><U133/><E133/><V24/><F24/><W61/><G11/><T34/><D34/><U106/><E106/><V31/><F31/><W57/><G4/><T6/><D6/><U82/><E82/><V65/><F121/><W71/><G71/><T49/><D49/><N who="3" m="18441" /><G43/><N who="2" m="16425" /><F38/><W62/><G129/><T103/><D79/><U122/><E122/><V119/><F119/><W81/><G55/><T118/><D118/><U68/><E8/><V59/><F120/><W69/><G69/><N who="1" m="26730" /><E66/><V110/><F110/><W104/><G104/><T18/><REACH who="0" step="1"/><D103/><REACH who="0" ten="260,250,230,250" step="2"/><U99/><E84/><V19/><F102/><W124/><G124/><T2/><D2/><U67/><E67/><RYUUKYOKU ba="1,1" sc="260,10,250,10,230,-30,250,10" hai0="0,3,18,23,26,48,52,58,76,85,94,97,101" hai1="14,15,39,44,88,90,92,93,98,99" hai3="21,22,56,57,61,62,63,81,86,89" /><INIT seed="0,2,1,5,1,87" ten="270,260,200,260" oya="0" hai0="74,76,104,46,83,109,78,127,55,77,52,13,4" hai1="26,9,80,68,1,82,91,94,60,98,14,36,84" hai2="34,20,25,123,8,27,121,3,117,101,41,67,29" hai3="24,5,103,120,119,21,66,45,43,53,39,16,22"/><T116/><D116/><U57/><E36/><V38/><F101/><W96/><G119/><T93/><D104/><U0/><E68/><V40/><F117/><W131/><G120/><T50/><D127/><U31/><E80/><V7/><F67/><W48/><G131/><T17/><D109/><U134/><E134/><V113/><F113/><W90/><G5/><T106/><D106/><U99/><E99/><V133/><F133/><W58/><G21/><T108/><D108/><U12/><E9/><V105/><F105/><W128/><G128/><T71/><D71/><U85/><E85/><V124/><F124/><W47/><G103/><T112/><D112/><U37/><E37/><V89/><F38/><W114/><G114/><T65/><D65/><U18/><E1/><V100/><F100/><W35/><G35/><T28/><D28/><U75/><E75/><V115/><F115/><W56/><REACH who="3" step="1"/><G66/><REACH who="3" ten="270,260,200,250" step="2"/><T19/><D4/><U44/><E0/><V125/><F125/><W11/><G11/><T70/><D74/><U23/><E44/><V129/><F129/><W86/><G86/><T33/><D33/><U88/><E31/><V79/><F123/><W59/><G59/><T10/><D70/><U69/><E69/><V32/><F121/><W135/><G135/><T64/><D64/><AGARI ba="2,2" hai="12,14,18,23,26,57,60,64,82,84,88,91,94,98" machi="64" ten="30,8000,1" yaku="7,1,8,1,52,2,54,1" doraHai="87" who="1" fromWho="0" sc="270,-86,260,106,200,0,250,0" /><INIT seed="1,0,0,3,1,47" ten="184,366,200,250" oya="1" hai0="1,111,102,19,108,57,133,113,118,22,83,15,105" hai1="53,94,56,72,103,60,107,27,116,135,62,33,17" hai2="23,55,63,28,115,30,96,34,92,31,85,93,121" hai3="45,11,87,29,114,41,7,66,58,50,5,6,77"/><U26/><E72/><V120/><F34/><W32/><G114/><T36/><D36/><U16/><E116/><V51/><F115/><W64/><G32/><T68/><D68/><U109/><E107/><V9/><F63/><W37/><G29/><T100/><D113/><U123/><E123/><V110/><F9/><W48/><G11/><T79/><D118/><U4/><E4/><V97/><F85/><W71/><G71/><T38/><D38/><U89/><E103/><V106/><F106/><W14/><G14/><T65/><D1/><U95/><E135/><V35/><F35/><W125/><G125/><T82/><D133/><U98/><E95/><V122/><F110/><N who="0" m="42026" /><D105/><U46/><E109/><V132/><F132/><W131/><G131/><T129/><D129/><U91/><E91/><V18/><F93/><W24/><G24/><N who="1" m="9258" /><E33/><V130/><F130/><W20/><G20/><T90/><D90/><U40/><E62/><V39/><F92/><W12/><G12/><T126/><D126/><U74/><E74/><V127/><F127/><W73/><G73/><N who="0" m="43375" /><D83/><U8/><E8/><V104/><F104/><W0/><G0/><T42/><D100/><U78/><E78/><V128/><F39/><W67/><G77/><T81/><D102/><U69/><E69/><V76/><F76/><W59/><G87/><T75/><D75/><U44/><E40/><V3/><F3/><W49/><AGARI ba="0,0" hai="5,6,7,37,41,45,48,49,50,58,59,64,66,67" machi="49" ten="40,12000,2" yaku="0,1,29,2,52,3" doraHai="47" who="3" fromWho="3" sc="184,-30,366,-60,200,-30,250,120" /><INIT seed="2,0,0,3,4,46" ten="154,306,170,370" oya="2" hai0="72,88,123,39,53,110,130,43,127,68,69,92,117" hai1="95,76,24,105,119,42,89,40,118,73,8,31,91" hai2="71,132,78,122,10,131,104,27,22,109,97,81,66" hai3="125,7,87,74,33,83,93,37,126,29,116,60,90"/><V17/><F122/><W47/><G116/><T57/><D123/><U96/><E105/><V25/><F131/><W54/><G7/><T45/><D72/><U94/><E8/><V121/><F121/><W20/><G33/><T75/><D75/><U14/><E14/><V80/><F132/><W120/><G120/><T85/><D130/><U55/><E76/><V58/><F71/><W21/><G29/><T38/><D38/><U100/><E73/><V59/><F109/><W108/><G108/><T44/><D110/><U86/><E100/><V18/><F66/><W19/><G21/><T51/><D117/><U11/><E11/><V102/><F81/><W52/><G60/><T36/><D127/><N who="3" m="48649" /><G47/><T129/><D129/><U62/><E119/><V2/><F2/><W113/><G37/><T128/><D128/><U134/><E134/><V28/><F10/><W103/><G113/><T16/><D16/><U4/><E4/><V133/><F133/><W0/><G0/><T23/><D23/><N who="1" m="15775" /><E118/><V65/><F27/><N who="3" m="14751" /><G103/><T64/><D64/><U111/><E111/><V41/><F41/><AGARI ba="0,0" hai="36,39,41,43,44,45,51,53,57,68,69,85,88,92" machi="41" ten="40,5200,0" yaku="9,1,52,1,54,1" doraHai="46" who="0" fromWho="2" sc="154,52,306,0,170,-52,370,0" /><INIT seed="3,0,0,4,3,8" ten="206,306,118,370" oya="3" hai0="86,111,15,51,107,133,41,11,74,62,38,31,32" hai1="57,78,134,61,108,94,1,21,79,125,102,70,128" hai2="84,6,93,23,131,58,60,123,0,103,67,18,81" hai3="77,35,104,49,56,9,53,13,126,34,83,48,100"/><W114/><G114/><T129/><D74/><U40/><E1/><V63/><F131/><W44/><G126/><T82/><D107/><U120/><E70/><V87/><F123/><W89/><G89/><T17/><D111/><U52/><E120/><V5/><F0/><W14/><G14/><T45/><D133/><U90/><E134/><V46/><F46/><W119/><G100/><T36/><D129/><U24/><E128/><V92/><F63/><W80/><G104/><T30/><D62/><U3/><E3/><V7/><F103/><W28/><G119/><T97/><D97/><U2/><E2/><V47/><F47/><W101/><G101/><T75/><D75/><U96/><E125/><V19/><F87/><W68/><G68/><T69/><D69/><U72/><E108/><V105/><F105/><W39/><G39/><T10/><D10/><U122/><E122/><V76/><REACH who="2" step="1"/><F19/><REACH who="2" ten="206,306,108,370" step="2"/><W124/><G44/><T110/><D110/><U106/><E72/><V29/><F29/><W91/><G28/><T33/><D31/><U43/><E43/><V135/><F135/><W130/><G130/><T112/><D30/><U85/><E40/><V99/><F99/><W117/><G124/><T59/><D38/><U54/><E96/><V71/><F71/><W55/><G35/><T73/><D33/><U25/><E106/><V65/><F65/><W95/><G34/><T4/><D32/><U118/><E102/><V22/><F22/><W37/><G37/><T127/><D36/><U20/><E21/><V64/><F64/><W113/><G49/><T116/><D51/><RYUUKYOKU ba="0,1" sc="206,-10,306,-10,108,30,370,-10" hai2="5,6,7,18,23,58,60,67,76,81,84,92,93" owari="196,-20.4,296,9.6,138,-36.2,370,47.0" /></mjloggm>