<mjloggm ver="2.3"><GO type="225" lobby="0"/><UN n0="%E3%81%B5%E3%81%98%E3%81%8B%E3%81%A4" n1="%E3%81%AF%E3%82%88%E3%81%8A%E3%81%98%E3%81%95%E3%82%93" n2="%E4%BF%BA%E3%81%A8%E5%A6%96%E5%A4%A2" n3="%72%69%6F%75%63%68%61%6E" dan="17,17,17,16" rate="2191.48,2193.37,2193.08,2187.79" sx="M,M,F,M"/><TAIKYOKU oya="0"/><INIT seed="0,0,0,1,0,57" ten="250,250,250,250" oya="0" hai0="132,58,105,16,6,110,52,61,87,131,134,49,69" hai1="45,82,4,107,113,98,55,114,119,99,118,85,46" hai2="93,128,84,88,24,18,42,81,32,21,17,15,27" hai3="10,41,11,56,112,50,34,74,31,102,14,23,20"/><T70/><D105/><U19/><E4/><V40/><F128/><W63/><G112/><N who="1" m="43114" /><E19/><V53/><F53/><W9/><G74/><T22/><D131/><U116/><E55/><V76/><F32/><W86/><G102/><T79/><D6/><U73/><E73/><V111/><F111/><W0/><G0/><T97/><D110/><U60/><E60/><V35/><F35/><W5/><G34/><T71/><D97/><N who="1" m="36875" /><E107/><V47/><F47/><N who="1" m="17929" /><E82/><V94/><F27/><N who="3" m="16871" /><G50/><T28/><D28/><U37/><E85/><N who="2" m="48295" /><F94/><W39/><G41/><T101/><D101/><U96/><N who="1" m="36883" /><U135/><DORA hai="115" /><E135/><N who="0" m="51753" /><D87/><U38/><AGARI ba="0,0" hai="37,38,116,118,119" m="17929,36883,43114" machi="38" ten="50,12000,2" yaku="28,2,11,1,52,3" doraHai="57,115" who="1" fromWho="1" sc="250,-60,250,120,250,-30,250,-30" /><INIT seed="1,0,0,0,2,13" ten="190,370,220,220" oya="1" hai0="51,29,119,41,20,48,104,72,1,19,54,37,35" hai1="126,43,124,101,8,78,85,3,47,62,46,83,135" hai2="24,30,70,129,88,118,116,79,68,22,4,59,127" hai3="73,122,99,110,121,108,2,64,15,45,98,92,66"/><U111/><E135/><V23/><F129/><W69/><G2/><T14/><D119/><U18/><E111/><N who="3" m="42538" /><G73/><T27/><D104/><U50/><E101/><V53/><F127/><W17/><G45/><T117/><D117/><U95/><E95/><V60/><F79/><W112/><G112/><T91/><D72/><U94/><E94/><V115/><F115/><W109/><N who="3" m="42546" /><W26/><DORA hai="76" /><G26/><T61/><D1/><U31/><E31/><V5/><F116/><W38/><G38/><T87/><D37/><U74/><E74/><V86/><F118/><W58/><G58/><N who="0" m="35031" /><D35/><U132/><E132/><V39/><F39/><W55/><G55/><T97/><D97/><N who="3" m="36873" /><G92/><N who="0" m="54399" /><D41/><U84/><E43/><V96/><F96/><W25/><G25/><T0/><D0/><U9/><E3/><V133/><F133/><W75/><G75/><T105/><D105/><U57/><E126/><V65/><F70/><W40/><G40/><T52/><D29/><U120/><E124/><V10/><F68/><W56/><G69/><T28/><D28/><U6/><E57/><V12/><F65/><N who="3" m="25195" /><G56/><N who="0" m="32775" /><D27/><U67/><E67/><V107/><F107/><W90/><G90/><T32/><D32/><U33/><E33/><V93/><REACH who="2" step="1"/><F4/><REACH who="2" ten="190,370,210,220" step="2"/><W34/><G34/><AGARI ba="0,1" hai="5,10,12,22,23,24,30,34,53,59,60,86,88,93" machi="34" ten="30,8000,1" yaku="1,1,2,1,7,1,54,1,53,1" doraHai="13,76" doraHaiUra="82,134" who="2" fromWho="3" sc="190,0,370,0,210,90,220,-80" /><INIT seed="2,0,0,0,3,46" ten="190,370,300,140" oya="2" hai0="9,41,67,61,118,82,76,87,95,78,63,128,0" hai1="26,37,44,98,110,65,33,97,30,31,34,104,116" hai2="80,6,22,13,29,48,112,4,113,66,79,108,52" hai3="38,75,120,89,103,53,17,59,21,14,106,56,45"/><V36/><F36/><W72/><G120/><T86/><D118/><U135/><E116/><V123/><F123/><W64/><G64/><T27/><D128/><U124/><E110/><V55/><F108/><W23/><G56/><T109/><D109/><U91/><E124/><V74/><F66/><W25/><G106/><T88/><D41/><U127/><E127/><V18/><F29/><W10/><G103/><T12/><D0/><U117/><E117/><V54/><REACH who="2" step="1"/><F48/><REACH who="2" ten="190,370,290,140" step="2"/><W7/><G38/><T126/><D126/><U129/><E65/><V81/><F81/><W94/><G45/><T58/><D63/><U84/><E30/><V3/><F3/><W11/><G23/><T68/><D68/><U70/><E44/><V43/><F43/><W60/><REACH who="3" step="1"/><G11/><REACH who="3" ten="190,370,290,130" step="2"/><T39/><D39/><U90/><E37/><V105/><F105/><W15/><G15/><T40/><D12/><U16/><E104/><V69/><F69/><W28/><G28/><T130/><D9/><U111/><E31/><V1/><F1/><W121/><G121/><T115/><D67/><U32/><E70/><V122/><F122/><W107/><G107/><T125/><D125/><U132/><E111/><V131/><F131/><W49/><G49/><T73/><D58/><U51/><E129/><V92/><F92/><W57/><G57/><T85/><D130/><U35/><E51/><V62/><F62/><W102/><G102/><T133/><D95/><U5/><E33/><V20/><F20/><W42/><G42/><T134/><D40/><U114/><E32/><V100/><F100/><W71/><G71/><RYUUKYOKU ba="0,2" sc="190,-15,370,-15,290,15,130,15" hai2="4,6,13,18,22,52,54,55,74,79,80,112,113" hai3="7,10,14,17,21,25,53,59,60,72,75,89,94" /><INIT seed="2,1,2,0,5,49" ten="175,355,305,145" oya="2" hai0="104,2,10,20,113,110,31,95,93,67,131,30,33" hai1="23,120,70,76,1,51,89,81,97,92,112,129,25" hai2="127,108,24,90,19,17,36,4,38,39,72,122,46" hai3="5,87,41,109,61,78,80,123,71,98,99,118,27"/><V107/><F122/><W68/><G123/><T64/><D104/><U32/><E120/><V11/><F107/><W116/><G109/><T115/><D110/><U101/><E112/><V53/><F108/><W91/><G41/><T126/><D20/><U0/><E70/><V14/><F72/><W83/><G68/><T26/><D10/><U13/><E129/><V15/><F127/><W47/><G5/><T134/><D26/><U44/><E32/><V50/><F24/><W117/><G47/><T100/><D33/><U106/><E13/><V57/><F90/><W62/><G27/><T29/><D2/><U21/><E21/><V22/><REACH who="2" step="1"/><F17/><REACH who="2" ten="175,355,295,145" step="2"/><W69/><G69/><T34/><D126/><U103/><E89/><V84/><F84/><W86/><REACH who="3" step="1"/><G71/><REACH who="3" ten="175,355,295,135" step="2"/><T60/><D115/><U79/><E25/><V54/><F54/><W7/><G7/><T43/><D113/><U74/><E0/><V128/><F128/><W135/><G135/><T121/><D131/><U124/><E1/><V42/><AGARI ba="1,4" hai="4,11,14,15,19,22,36,38,39,42,46,50,53,57" machi="42" ten="30,6000,0" yaku="1,1,0,1,52,1,53,0" doraHai="49" doraHaiUra="82" who="2" fromWho="2" sc="175,-21,355,-21,295,103,135,-21" /><INIT seed="2,2,0,2,1,131" ten="154,334,398,114" oya="2" hai0="93,117,33,11,75,69,67,71,132,106,19,100,32" hai1="119,27,35,44,58,6,96,92,60,25,97,87,7" hai2="74,89,91,72,62,99,14,17,48,10,115,127,126" hai3="51,55,16,1,90,34,79,13,21,112,2,70,41"/><V49/><F115/><W12/><G34/><T76/><D117/><U18/><E119/><V50/><F62/><W45/><G112/><T88/><D19/><U57/><E35/><V23/><F23/><W86/><G70/><T81/><D11/><U0/><E0/><V46/><F46/><W83/><G12/><T3/><D3/><U42/><E87/><V98/><F98/><W80/><REACH who="3" step="1"/><G41/><REACH who="3" ten="154,334,398,104" step="2"/><T82/><D69/><U59/><E42/><V116/><F116/><W68/><G68/><T110/><D71/><U104/><E6/><V78/><F14/><W40/><G40/><T39/><D32/><U134/><E7/><V56/><F127/><W26/><G26/><T52/><D33/><U120/><E25/><V54/><F126/><W31/><G31/><T24/><D24/><U28/><E28/><V103/><F17/><W94/><G94/><T9/><D93/><U108/><E92/><V64/><F74/><AGARI ba="2,1" hai="1,2,13,16,21,45,51,55,74,79,80,83,86,90" machi="74" ten="30,3900,0" yaku="1,1,7,1,54,1,53,0" doraHai="131" doraHaiUra="38" who="3" fromWho="2" sc="154,0,334,0,398,-45,104,55" /><INIT seed="3,0,0,2,5,44" ten="154,334,353,159" oya="3" hai0="19,46,58,47,69,56,35,60,55,0,4,2,61" hai1="97,106,11,29,131,85,92,83,84,62,41,71,43" hai2="32,108,22,74,14,101,125,10,30,68,31,111,51" hai3="52,79,109,110,8,80,39,107,128,38,40,28,94"/><W7/><G128/><T36/><D35/><U99/><E131/><V18/><F74/><W63/><G107/><T132/><D132/><U88/><E29/><V78/><F68/><W9/><G28/><T120/><D120/><U103/><E84/><V133/><F78/><W65/><G94/><T45/><D69/><U16/><E71/><V48/><F133/><W124/><G124/><T33/><D33/><U64/><E64/><V95/><F32/><W122/><G122/><T17/><D36/><U72/><E62/><V96/><F125/><W42/><G38/><T81/><D81/><U116/><E116/><V50/><F10/><N who="3" m="4203" /><G7/><T70/><D70/><U6/><E16/><N who="0" m="6217" /><D4/><U119/><E119/><V134/><F134/><W26/><G39/><T67/><D0/><U73/><E73/><V135/><F135/><W89/><G65/><N who="0" m="39047" /><D2/><U49/><E49/><AGARI ba="0,0" hai="45,46,47,49,55,58,61,67" m="39047,6217" machi="49" ten="30,3900,0" yaku="8,1,52,1,54,1" doraHai="44" who="0" fromWho="1" sc="154,39,334,-39,353,0,159,0" owari="193,-20.7,295,9.5,353,45.3,159,-34.1" /></mjloggm>