<mjloggm ver="2.3"><GO type="225" lobby="0"/><UN n0="%E3%81%BF%E3%81%BF%E3%81%9A" n1="%73%73%6B%5F%66%72%65%65" n2="%E3%80%93%E3%81%97%E3%83%BC%E3%82%89%E3%80%93" n3="%E3%83%81%E3%83%AF%E3%83%AF%E9%9A%8A%E9%95%B7" dan="18,17,16,17" rate="2233.06,2204.66,2158.82,2191.85" sx="M,M,M,M"/><TAIKYOKU oya="0"/><INIT seed="0,0,0,2,1,68" ten="250,250,250,250" oya="0" hai0="105,135,108,121,82,60,110,15,43,94,35,75,101" hai1="128,69,37,31,98,54,117,93,40,52,55,131,25" hai2="119,134,5,45,47,1,51,27,120,32,67,23,73" hai3="80,123,21,100,129,57,49,20,118,115,3,102,95"/><T114/><D114/><U10/><E117/><V76/><F32/><W126/><G115/><T6/><D121/><U89/><E69/><V104/><F104/><W12/><G118/><T19/><D35/><U48/><E10/><V112/><F120/><W63/><G123/><T97/><D135/><U24/><E37/><V36/><F134/><W74/><G3/><T65/><D6/><U46/><REACH who="1" step="1"/><E25/><REACH who="1" ten="250,240,250,250" step="2"/><V0/><F36/><W77/><G126/><T61/><D108/><U30/><E30/><V91/><F27/><W29/><G29/><T17/><D110/><U86/><E86/><V103/><F112/><W34/><G74/><T66/><D75/><U133/><E133/><V83/><F73/><W113/><G113/><T22/><D19/><U39/><E39/><V44/><F119/><W99/><G129/><T90/><D43/><U88/><E88/><V11/><F91/><W41/><G41/><T71/><D82/><U124/><E124/><V42/><F83/><W26/><G80/><T106/><REACH who="0" step="1"/><D90/><REACH who="0" ten="240,240,250,250" step="2"/><U53/><N who="1" m="13312" /><DORA hai="59" /><U58/><E58/><AGARI ba="0,2" hai="15,17,22,58,60,61,65,66,71,94,97,101,105,106" machi="58" ten="30,11600,0" yaku="1,1,7,1,52,2,53,0" doraHai="68,59" doraHaiUra="78,81" who="0" fromWho="1" sc="240,136,240,-116,250,0,250,0" /><INIT seed="0,1,0,4,2,99" ten="376,124,250,250" oya="0" hai0="6,113,104,42,129,76,18,12,124,24,94,119,86" hai1="109,134,78,44,117,98,112,68,39,135,93,100,81" hai2="2,28,0,126,29,71,61,66,101,65,80,22,128" hai3="43,62,92,116,106,19,115,53,60,91,16,33,89"/><T97/><D113/><U63/><E117/><V122/><F122/><W120/><G115/><T102/><D119/><U108/><E112/><V1/><F126/><W57/><G116/><T4/><D124/><U45/><E68/><V14/><F128/><W88/><G106/><T87/><D129/><U58/><E39/><V121/><F121/><W25/><G120/><T7/><D42/><U34/><E34/><V26/><F66/><W31/><G43/><T52/><D24/><U17/><E17/><V83/><F29/><W15/><G19/><T50/><D104/><U82/><E58/><V107/><REACH who="2" step="1"/><F14/><REACH who="2" ten="376,124,240,250" step="2"/><W74/><G74/><T90/><D76/><U72/><E63/><V70/><F70/><W77/><G77/><T20/><D90/><U64/><E64/><V111/><F111/><N who="1" m="42569" /><E78/><V103/><F103/><W125/><G125/><T13/><D12/><U132/><E72/><V5/><F5/><W75/><G75/><T69/><D69/><U30/><E30/><V27/><F27/><W10/><REACH who="3" step="1"/><G62/><REACH who="3" ten="376,124,240,240" step="2"/><T79/><D79/><U46/><AGARI ba="1,2" hai="44,45,46,81,82,93,98,100,132,134,135" m="42569" machi="46" ten="40,5200,0" yaku="20,1,14,1,52,1" doraHai="99" who="1" fromWho="1" sc="376,-27,124,75,240,-14,240,-14" /><INIT seed="1,0,0,2,3,90" ten="349,199,226,226" oya="1" hai0="3,55,5,96,108,133,52,131,48,56,19,23,44" hai1="27,80,74,111,37,65,6,135,118,134,114,66,91" hai2="76,121,54,68,53,47,128,92,103,36,64,104,75" hai3="16,85,109,33,49,81,28,77,41,58,20,63,89"/><U127/><E114/><V15/><F121/><W87/><G109/><T38/><D108/><U50/><E118/><V78/><F128/><W73/><G33/><T93/><D131/><U42/><E37/><V25/><F104/><W122/><G122/><T11/><D133/><N who="1" m="50699" /><E127/><V9/><F25/><W18/><G73/><T32/><D32/><U72/><E6/><V39/><F64/><N who="1" m="24681" /><E111/><V12/><F68/><W0/><G0/><T100/><D38/><U116/><E116/><V70/><F70/><W98/><G98/><T4/><D11/><U107/><E107/><V7/><F15/><W120/><G120/><T110/><D110/><U123/><E123/><V82/><F76/><W126/><G126/><T106/><D3/><U8/><E8/><V1/><F12/><W13/><G13/><N who="0" m="9711" /><D106/><U14/><E14/><V46/><F39/><W21/><G28/><T17/><D17/><U117/><E27/><V88/><F103/><W97/><G18/><T132/><D132/><U102/><E117/><V51/><F36/><W69/><G69/><T40/><D40/><U67/><N who="1" m="24689" /><U43/><DORA hai="95" /><E102/><V29/><F29/><W99/><G41/><N who="1" m="15370" /><E50/><AGARI ba="0,0" hai="4,5,44,48,50,52,55,56,93,96,100" m="9711" machi="50" ten="30,7700,0" yaku="8,1,52,2,54,1" doraHai="90,95" who="0" fromWho="1" sc="349,77,199,-77,226,0,226,0" /><INIT seed="2,0,0,3,0,70" ten="426,122,226,226" oya="2" hai0="3,40,22,71,53,125,26,63,31,4,7,101,49" hai1="124,93,42,105,35,59,52,29,65,131,46,114,0" hai2="1,97,67,72,129,11,104,130,62,54,112,80,106" hai3="108,50,56,51,123,83,121,19,60,39,85,66,33"/><V95/><F112/><W126/><G33/><T78/><D125/><U17/><E114/><V96/><F54/><W14/><G126/><T43/><D101/><U90/><E131/><N who="2" m="50187" /><F11/><W109/><G39/><T16/><D3/><U91/><E124/><V48/><F48/><W127/><G127/><T111/><D111/><N who="3" m="42569" /><G50/><T99/><D99/><N who="2" m="37962" /><F1/><W103/><G103/><T34/><D78/><U88/><E105/><V15/><F15/><W84/><G51/><T44/><D43/><U64/><E0/><V107/><F95/><W13/><G13/><T2/><D2/><U86/><E65/><V134/><F134/><W113/><G113/><T5/><D71/><U58/><E64/><V116/><F116/><W45/><G66/><T118/><D118/><U23/><E35/><V41/><F41/><W89/><G14/><T28/><D34/><U115/><E115/><V132/><F132/><W74/><G60/><T47/><D47/><U73/><E29/><V81/><F72/><W98/><G74/><T120/><D120/><U36/><E73/><V21/><F21/><W55/><G123/><T61/><D63/><U77/><E59/><AGARI ba="0,0" hai="59,62,67,80,81,104,106,107" m="37962,50187" machi="59" ten="40,2000,0" yaku="19,1" doraHai="70" who="2" fromWho="1" sc="426,0,122,-20,226,20,226,0" /><AGARI ba="0,0" hai="4,5,7,16,22,26,28,31,40,44,49,53,59,61" machi="59" ten="40,2600,0" yaku="8,1,54,1" doraHai="70" who="0" fromWho="1" sc="426,26,102,-26,246,0,226,0" /><INIT seed="2,1,0,5,1,57" ten="452,76,246,226" oya="2" hai0="66,135,107,114,51,14,63,27,112,91,50,16,117" hai1="94,9,82,95,86,47,59,70,42,93,23,129,45" hai2="6,125,43,73,100,83,120,71,109,123,121,26,75" hai3="77,132,48,19,55,32,41,76,17,53,64,130,54"/><V80/><F71/><W13/><G32/><T34/><D107/><U102/><E70/><V106/><F43/><W61/><G130/><T113/><D91/><U126/><E126/><V105/><F6/><W49/><G132/><T36/><D36/><U79/><E129/><V3/><F26/><W124/><G124/><T22/><D135/><U78/><E102/><V10/><F10/><W24/><G24/><T69/><REACH who="0" step="1"/><D117/><REACH who="0" ten="442,76,246,226" step="2"/><U21/><E79/><V62/><F125/><W127/><G127/><T11/><D11/><U88/><E9/><V97/><F106/><W128/><G128/><T101/><D101/><U111/><E78/><V74/><F109/><W28/><G77/><T89/><D89/><U65/><E111/><V104/><F105/><W33/><G76/><T84/><D84/><U85/><E86/><V29/><F104/><W5/><G5/><T118/><D118/><U90/><E90/><V7/><F7/><W134/><G134/><T131/><D131/><U68/><E68/><V133/><F133/><W56/><G48/><T103/><D103/><U110/><E110/><V44/><F100/><W1/><G49/><T12/><D12/><U15/><E15/><V2/><F75/><W108/><G13/><T92/><D92/><U116/><E116/><V115/><F74/><W60/><G108/><T25/><D25/><U37/><REACH who="1" step="1"/><E47/><REACH who="1" ten="442,66,246,226" step="2"/><V67/><F73/><W87/><G87/><T18/><D18/><U30/><E30/><AGARI ba="1,2" hai="14,16,22,27,30,34,50,51,63,66,69,112,113,114" machi="30" ten="40,5200,0" yaku="1,1,52,1,54,1,53,0" doraHai="57" doraHaiUra="99" who="0" fromWho="1" sc="442,75,66,-55,246,0,226,0" /><INIT seed="3,0,0,5,2,78" ten="517,11,246,226" oya="3" hai0="84,1,5,134,67,107,100,114,94,129,97,42,39" hai1="126,32,49,73,0,55,43,99,61,124,47,33,95" hai2="8,57,50,30,34,116,45,80,29,96,104,18,103" hai3="93,122,54,20,128,25,72,90,91,46,79,10,31"/><W56/><G122/><T74/><D67/><U86/><E73/><V115/><F115/><W19/><G128/><T85/><D129/><U77/><E0/><V37/><F116/><W44/><G90/><T88/><D114/><U68/><E99/><V6/><F37/><W76/><G72/><T82/><D134/><U59/><E95/><V135/><F57/><W131/><G131/><T81/><D42/><U105/><E105/><V14/><F135/><W130/><G130/><T22/><D39/><U66/><E86/><V16/><F80/><W109/><G109/><T3/><D5/><U7/><E7/><V118/><F118/><W119/><G119/><T62/><D62/><U123/><E77/><N who="3" m="29770" /><G10/><T117/><D117/><U111/><E32/><V38/><F38/><W71/><G71/><T27/><D74/><U89/><E89/><V83/><F83/><W64/><G64/><T92/><D107/><U41/><E33/><V40/><F34/><W17/><G17/><N who="0" m="12751" /><D1/><U51/><E111/><V127/><F127/><W108/><G31/><N who="2" m="11785" /><F18/><W75/><G75/><T120/><D3/><U13/><E123/><V102/><F6/><W113/><G108/><T35/><D35/><U98/><E13/><V2/><F2/><W4/><G4/><T65/><D120/><U28/><E28/><V106/><F106/><W24/><G113/><T121/><D121/><U125/><REACH who="1" step="1"/><E98/><REACH who="1" ten="517,1,246,226" step="2"/><V36/><F96/><N who="3" m="57407" /><G24/><T58/><D85/><U63/><E63/><AGARI ba="0,1" hai="19,20,25,44,46,54,56,63" m="57407,29770" machi="63" ten="30,2900,0" yaku="25,1,8,1" doraHai="78" who="3" fromWho="1" sc="517,0,1,-29,246,0,226,39" owari="517,61.7,-28,-52.8,246,-15.4,265,6.5" /></mjloggm>