<mjloggm ver="2.3"><GO type="225" lobby="0"/><UN n0="%E3%83%81%E3%83%AF%E3%83%AF%E9%9A%8A%E9%95%B7" n1="%E3%81%99%E3%81%84%E3%81%BE%E3%81%9B%E3%83%BC%E3%82%93" n2="%E3%82%BC%E3%83%AB%E3%83%80%E3%81%AE%E4%BC%9D%E8%AA%AC" n3="%47%48%4F%53%54" dan="16,18,18,18" rate="2179.87,2252.24,2198.17,2225.83" sx="M,M,M,M"/><TAIKYOKU oya="0"/><INIT seed="0,0,0,3,0,48" ten="250,250,250,250" oya="0" hai0="80,23,49,58,37,24,12,119,132,104,43,94,87" hai1="19,135,124,78,25,102,133,71,113,91,22,70,101" hai2="2,97,107,46,92,112,65,100,73,9,16,111,131" hai3="75,6,66,1,40,53,0,76,134,81,129,117,15"/><T14/><D104/><U32/><E124/><V20/><F112/><W127/><G117/><T72/><D119/><U44/><E113/><V82/><F111/><W56/><G127/><T121/><D121/><U21/><E32/><V28/><F131/><W29/><G134/><N who="1" m="51210" /><E78/><V7/><F65/><W4/><G129/><T95/><D132/><U88/><E44/><V36/><F28/><W3/><G29/><T31/><D37/><U116/><E116/><V120/><F120/><W17/><G40/><T77/><D72/><U96/><E22/><V126/><F126/><W69/><G66/><T61/><D49/><U109/><E109/><V103/><F82/><W41/><G41/><T84/><D43/><U125/><E125/><V45/><F73/><W60/><REACH who="3" step="1"/><G69/><REACH who="3" ten="250,250,250,240" step="2"/><N who="1" m="26122" /><E102/><V42/><F42/><W64/><G64/><T123/><D123/><U55/><E55/><V110/><F110/><W130/><G130/><T26/><D31/><U114/><E114/><V18/><F36/><W10/><AGARI ba="0,1" hai="0,1,3,4,6,10,15,17,53,56,60,75,76,81" machi="10" ten="30,4000,0" yaku="1,1,0,1,52,1,53,0" doraHai="48" doraHaiUra="90" who="3" fromWho="3" sc="250,-20,250,-10,250,-10,240,50" /><INIT seed="1,0,0,2,1,37" ten="230,240,240,290" oya="1" hai0="130,16,83,54,14,86,35,64,123,102,17,33,40" hai1="63,28,11,48,32,15,23,93,13,87,122,22,43" hai2="21,0,89,134,111,74,133,114,132,68,20,101,78" hai3="38,81,85,36,118,92,73,42,60,50,49,65,3"/><U45/><E122/><V4/><F68/><W6/><G118/><T127/><D123/><U58/><E32/><V25/><F101/><W124/><G92/><T69/><D127/><U62/><E28/><V110/><F89/><W88/><G124/><T113/><D113/><U12/><E11/><N who="2" m="2439" /><F78/><W71/><G73/><T131/><D102/><U79/><E63/><V98/><F98/><W47/><REACH who="3" step="1"/><G36/><REACH who="3" ten="230,240,240,280" step="2"/><T72/><D72/><U44/><E93/><V27/><F74/><W1/><G1/><T2/><D2/><U26/><E26/><N who="2" m="9739" /><F114/><W31/><G31/><T108/><D131/><U84/><E45/><V91/><F91/><W51/><G51/><T57/><D130/><U75/><E75/><V55/><F55/><W109/><G109/><AGARI ba="0,1" hai="20,21,109,110,111,132,133,134" m="9739,2439" machi="109" ten="40,8000,1" yaku="14,1,20,1,34,2" doraHai="37" who="2" fromWho="3" sc="230,0,240,0,240,90,280,-80" /><INIT seed="2,0,0,5,2,11" ten="230,240,330,200" oya="2" hai0="44,21,65,130,55,96,23,62,94,17,87,4,29" hai1="18,75,122,116,134,123,40,0,48,119,14,49,109" hai2="93,103,86,45,32,13,50,84,27,19,37,54,59" hai3="115,3,35,1,82,129,104,16,73,133,132,20,36"/><V68/><F68/><W114/><G36/><T24/><D130/><U80/><E109/><V71/><F71/><W107/><G129/><T46/><D4/><U108/><E108/><V124/><F124/><W110/><G35/><T15/><D87/><U30/><E0/><N who="3" m="74" /><G82/><T9/><D55/><U126/><E126/><V63/><F37/><W22/><G73/><T128/><D128/><U5/><E5/><V85/><F32/><W112/><G110/><T131/><D21/><N who="3" m="8297" /><G16/><T92/><D92/><U125/><E125/><V74/><F74/><W113/><N who="3" m="28672" /><DORA hai="31" /><W28/><G28/><T97/><D131/><U99/><E30/><V76/><F27/><W67/><G67/><T57/><REACH who="0" step="1"/><D97/><REACH who="0" ten="220,240,330,200" step="2"/><U12/><E99/><V70/><F93/><W90/><G90/><AGARI ba="0,1" hai="9,15,17,23,24,29,44,46,57,62,65,90,94,96" machi="90" ten="30,8000,1" yaku="1,1,2,1,7,1,8,1,52,1,53,0" doraHai="11,31" doraHaiUra="34,79" who="0" fromWho="3" sc="220,90,240,0,330,0,200,-80" /><INIT seed="3,0,0,1,4,35" ten="310,240,330,120" oya="3" hai0="44,59,97,132,40,71,31,56,0,113,6,19,61" hai1="104,89,107,8,32,62,108,46,60,3,99,11,66" hai2="72,129,117,109,34,55,95,83,18,92,69,27,57" hai3="14,82,4,2,101,36,79,81,22,1,65,120,9"/><W12/><G120/><T38/><D113/><U114/><E32/><V48/><F117/><W124/><G124/><T50/><D132/><U73/><E73/><V85/><F69/><W39/><G65/><N who="0" m="41391" /><D31/><U52/><E108/><V96/><F109/><W26/><G101/><T29/><D29/><U42/><E114/><V76/><F129/><W47/><G14/><T58/><D19/><U70/><E107/><V94/><F72/><W102/><G102/><T33/><D33/><U103/><E89/><N who="2" m="55311" /><F34/><W90/><G90/><T111/><D111/><U13/><E13/><V16/><F16/><W5/><G47/><T135/><D97/><U116/><E116/><V77/><F77/><W84/><G81/><T43/><D135/><U121/><E121/><V98/><F98/><W7/><G7/><T37/><D0/><U115/><E3/><V53/><F53/><W118/><G118/><T24/><D24/><U122/><E115/><V134/><F134/><W87/><G87/><T91/><D91/><U23/><E23/><AGARI ba="0,0" hai="18,23,27,48,55,57,76,83,85,94,95" m="55311" machi="23" ten="30,1000,0" yaku="8,1" doraHai="35" who="2" fromWho="1" sc="310,0,240,-10,330,10,120,0" owari="310,11.0,230,-17.0,340,44.0,120,-38.0" /></mjloggm>