<mjloggm ver="2.3"><GO type="225" lobby="0"/><UN n0="%E6%A1%9C%E8%8A%B1%E9%96%83%E3%80%85" n1="%E3%82%BC%E3%83%AB%E3%83%80%E3%81%AE%E4%BC%9D%E8%AA%AC" n2="%E3%81%BE%E3%81%A8%E3%81%9F" n3="%E6%B4%BE%E9%81%A3%E3%81%AE%E3%82%B8%E3%83%A3%E3%83%83%E3%82%AF" dan="16,18,16,17" rate="2136.41,2205.24,2179.15,2219.47" sx="M,M,M,M"/><TAIKYOKU oya="0"/><INIT seed="0,0,0,1,3,91" ten="250,250,250,250" oya="0" hai0="114,53,90,23,101,100,45,46,130,29,99,86,132" hai1="36,102,68,3,96,31,42,49,81,95,40,104,27" hai2="66,15,11,112,106,125,26,79,54,80,39,34,92" hai3="7,88,50,63,82,76,105,103,108,129,85,61,14"/><T70/><D114/><U74/><E3/><V135/><F106/><W30/><G108/><T87/><D70/><U5/><E5/><V1/><F1/><W38/><G38/><T4/><D132/><U107/><E36/><V22/><F125/><W110/><G110/><T121/><D121/><U71/><E71/><V55/><F34/><W59/><G129/><T13/><D130/><U97/><E68/><V115/><F39/><W43/><G30/><T126/><D87/><U94/><E104/><V32/><F32/><W111/><G111/><T52/><D126/><U58/><E107/><V62/><F135/><W18/><G7/><T72/><D72/><U48/><E81/><V10/><F10/><W122/><G122/><T131/><D99/><U75/><E58/><V78/><F115/><W20/><G76/><T2/><D29/><U83/><E83/><V89/><F79/><W44/><REACH who="3" step="1"/><G59/><REACH who="3" ten="250,250,250,240" step="2"/><T127/><D4/><U64/><E31/><V16/><F112/><W17/><G17/><N who="0" m="10671" /><D131/><U51/><E75/><V84/><F78/><W0/><G0/><T37/><D2/><U77/><E77/><V12/><F12/><W35/><G35/><T47/><D127/><U123/><E74/><V120/><F120/><W25/><G25/><T117/><D37/><U21/><E123/><V116/><F116/><W9/><G9/><T33/><D117/><U109/><E109/><V98/><F26/><W69/><G69/><T119/><D119/><U113/><E113/><V67/><F11/><W134/><G134/><T65/><D33/><U93/><E27/><V118/><F118/><RYUUKYOKU ba="0,1" sc="250,-10,250,-10,250,-10,240,30" hai3="14,18,20,43,44,50,61,63,82,85,88,103,105" /><INIT seed="1,1,1,3,1,109" ten="240,240,240,270" oya="1" hai0="118,4,107,47,108,14,123,127,99,71,25,82,62" hai1="91,53,2,133,45,87,15,34,36,75,110,128,86" hai2="33,59,111,117,12,105,121,48,27,67,78,31,94" hai3="52,7,20,115,8,28,106,74,101,97,77,69,112"/><U135/><E2/><V85/><F117/><W132/><G69/><T125/><D118/><U3/><E3/><V65/><F105/><W130/><G130/><T113/><D108/><U1/><E1/><V44/><F121/><W46/><G132/><N who="1" m="50762" /><E110/><V50/><F111/><W17/><G28/><T43/><D82/><U88/><E75/><V29/><F29/><W57/><G46/><T64/><D25/><U104/><E128/><V122/><F122/><W103/><G103/><N who="0" m="62975" /><D123/><U102/><E34/><V6/><F59/><W90/><G90/><N who="1" m="34346" /><E15/><V24/><F12/><W80/><G7/><T32/><D32/><U10/><E10/><V89/><F6/><W23/><G8/><T35/><D35/><U79/><E79/><V68/><F78/><W61/><G20/><T9/><D125/><U30/><E30/><V38/><F27/><AGARI ba="1,1" hai="17,23,27,52,57,61,74,77,80,97,101,106,112,115" machi="27" ten="30,7700,0" yaku="7,1,52,2,54,1" doraHai="109" who="3" fromWho="2" sc="240,0,240,0,240,-80,270,90" /><INIT seed="2,0,0,3,2,54" ten="240,240,160,360" oya="2" hai0="71,82,95,44,64,101,98,33,94,22,32,106,88" hai1="78,47,75,135,12,133,121,97,113,112,90,128,104" hai2="43,53,41,46,60,118,86,108,23,17,114,105,107" hai3="55,13,96,131,26,125,91,65,123,89,69,35,110"/><V129/><F114/><W68/><G123/><T67/><D22/><U2/><E2/><V100/><F118/><W29/><G110/><T39/><D39/><U52/><E121/><V5/><F129/><W24/><G131/><T81/><D106/><U45/><E128/><V59/><F108/><W109/><G109/><T116/><D116/><U25/><E12/><V27/><F5/><W76/><G76/><T74/><D44/><U134/><E25/><V124/><F124/><W99/><G13/><T117/><D117/><U126/><E126/><V102/><F105/><W111/><G111/><T1/><D1/><U66/><E66/><V58/><F107/><W10/><G10/><T21/><D21/><U37/><E45/><V70/><F70/><W50/><G125/><T115/><D67/><U14/><E14/><V7/><F7/><W51/><G65/><T62/><D115/><U19/><E19/><V0/><F0/><W80/><G29/><T84/><REACH who="0" step="1"/><D74/><REACH who="0" ten="230,240,160,360" step="2"/><U36/><E36/><V3/><F3/><W127/><G127/><T28/><D28/><U122/><E122/><V132/><F132/><W63/><G35/><AGARI ba="0,1" hai="32,33,35,62,64,71,81,82,84,88,94,95,98,101" machi="35" ten="40,5200,0" yaku="1,1,54,1,53,1" doraHai="54" doraHaiUra="61" who="0" fromWho="3" sc="230,62,240,0,160,0,360,-52" /><INIT seed="3,0,0,4,1,121" ten="292,240,160,308" oya="3" hai0="94,10,24,78,41,95,117,104,67,102,15,124,120" hai1="129,116,83,82,112,14,135,111,40,118,8,84,0" hai2="114,29,81,80,132,86,100,108,37,7,2,31,99" hai3="73,85,65,88,72,123,96,66,11,34,90,91,23"/><W76/><G123/><T52/><D120/><U107/><E112/><V44/><F114/><W38/><G38/><T58/><D117/><N who="1" m="45163" /><E0/><V77/><F132/><W127/><G34/><T60/><D124/><U27/><E107/><V93/><F2/><W61/><G127/><T25/><D104/><U36/><E27/><N who="0" m="10313" /><D41/><U56/><E56/><V64/><F64/><W68/><G66/><T51/><D78/><U59/><E59/><V30/><F7/><W16/><G11/><T9/><D102/><U130/><E135/><V33/><F33/><W20/><G96/><T19/><D9/><U49/><E36/><V109/><REACH who="2" step="1"/><F81/><REACH who="2" ten="292,240,150,308" step="2"/><W26/><G65/><T18/><D18/><U92/><E83/><V110/><F110/><W35/><G35/><T42/><D67/><U57/><E111/><V43/><AGARI ba="0,1" hai="29,30,31,37,43,44,77,80,86,93,99,100,108,109" machi="43" ten="30,7900,0" yaku="1,1,0,1,52,2,53,0" doraHai="121" doraHaiUra="53" who="2" fromWho="2" sc="292,-20,240,-20,150,89,308,-39" /><INIT seed="4,0,0,3,2,42" ten="272,220,239,269" oya="0" hai0="119,23,68,2,92,18,109,110,36,31,89,83,78" hai1="41,96,73,10,4,29,134,32,114,118,90,13,126" hai2="64,72,98,19,75,103,65,107,51,86,122,15,35" hai3="129,82,127,37,121,60,125,112,94,45,57,27,100"/><T93/><D119/><U16/><E118/><V30/><F122/><W97/><G112/><T28/><D68/><U91/><E73/><V5/><F5/><W61/><G129/><T49/><D36/><U47/><E114/><V1/><F1/><W0/><G0/><T39/><D39/><U54/><E126/><N who="3" m="48138" /><G121/><T106/><D106/><U56/><E134/><V26/><F75/><W17/><G82/><T3/><D3/><U123/><E123/><V104/><F104/><W111/><G111/><N who="0" m="42507" /><D2/><U87/><E96/><V132/><F72/><W46/><G37/><T7/><D7/><U20/><E29/><N who="0" m="11337" /><D89/><U70/><E70/><V6/><F6/><W44/><G57/><T63/><D63/><N who="1" m="36247" /><E32/><V11/><F132/><W105/><G105/><T55/><D83/><U120/><E120/><V59/><F35/><W77/><G77/><T124/><D78/><U38/><E38/><V101/><F107/><W67/><G67/><T69/><D69/><U74/><E74/><V99/><F65/><W34/><G34/><T108/><D124/><U58/><E58/><V131/><F59/><W24/><G17/><T50/><D108/><U113/><E113/><V43/><F64/><W53/><G53/><T128/><D128/><U88/><E4/><V76/><F131/><W135/><G135/><T12/><D50/><N who="1" m="26991" /><E87/><V14/><F86/><W25/><AGARI ba="0,0" hai="24,25,27,44,45,46,60,61,94,97,100" m="48138" machi="25" ten="40,8000,1" yaku="18,1,52,3" doraHai="42" who="3" fromWho="3" sc="272,-40,220,-20,239,-20,269,80" owari="232,3.2,200,-30.0,219,-18.1,349,44.9" /></mjloggm>