<mjloggm ver="2.3"><GO type="225" lobby="0"/><UN n0="%E3%82%BF%E3%83%BC%E3%83%90%E3%83%B3%E9%87%8E%E5%8F%A3" n1="%E7%B4%94%E6%BD%94%E3%83%94%E3%83%A9%E3%83%8B%E3%82%A2" n2="%72%69%6F%75%63%68%61%6E" n3="%E3%81%82%E3%81%B9%E3%81%99%E3%81%91" dan="16,16,16,16" rate="2138.17,2143.83,2103.69,2152.85" sx="M,M,M,M"/><TAIKYOKU oya="0"/><INIT seed="0,0,0,2,3,8" ten="250,250,250,250" oya="0" hai0="90,120,93,131,45,51,130,73,122,10,15,71,54" hai1="74,66,34,106,86,11,126,80,78,113,132,127,105" hai2="116,99,77,89,94,44,62,35,9,68,53,102,6" hai3="135,33,20,43,55,42,2,95,111,87,117,84,40"/><T29/><D73/><U47/><E34/><V79/><F116/><W16/><G117/><T28/><D71/><U107/><E66/><V58/><F35/><W26/><G2/><T81/><D81/><N who="1" m="45271" /><E47/><V109/><F109/><W82/><G111/><T37/><D37/><U97/><E11/><V3/><F68/><W103/><G135/><T0/><D0/><U5/><E5/><V91/><F89/><N who="3" m="53671" /><G103/><T70/><D70/><U98/><E132/><V21/><F21/><W88/><G33/><T133/><D133/><U85/><E85/><V38/><REACH who="2" step="1"/><F102/><REACH who="2" ten="250,250,240,250" step="2"/><W46/><G55/><T119/><D119/><U18/><E113/><V17/><F17/><W101/><G101/><T57/><D29/><U48/><E18/><V110/><F110/><W63/><G63/><T36/><D28/><U27/><E27/><V60/><F60/><W22/><G22/><T30/><D30/><U134/><E134/><V125/><F125/><N who="1" m="47625" /><E48/><AGARI ba="0,1" hai="16,20,26,40,42,43,46,48,82,87,88" m="53671" machi="48" ten="30,3900,0" yaku="8,1,54,2" doraHai="8" who="3" fromWho="1" sc="250,0,250,-39,240,0,250,49" /><INIT seed="1,0,0,1,0,80" ten="250,211,240,299" oya="1" hai0="35,73,104,102,126,25,97,9,54,28,100,58,124" hai1="63,107,12,108,121,8,93,10,52,30,67,48,24" hai2="87,17,26,56,69,45,44,2,36,37,84,50,62" hai3="78,125,33,88,22,3,23,14,112,7,82,53,85"/><U55/><E107/><V18/><F2/><W119/><G112/><T128/><D73/><U21/><E121/><V47/><F69/><W101/><G33/><T135/><D128/><U66/><E10/><V51/><F36/><W110/><G110/><T106/><D135/><U65/><E108/><V91/><F37/><W113/><G113/><T49/><REACH who="0" step="1"/><D9/><REACH who="0" ten="240,211,240,299" step="2"/><U71/><E93/><V13/><F26/><W43/><G119/><T60/><D60/><U27/><E27/><V127/><F127/><W92/><G92/><T83/><D83/><U96/><E96/><AGARI ba="0,1" hai="25,28,35,49,54,58,96,97,100,102,104,106,124,126" machi="96" ten="40,8000,1" yaku="1,1,9,1,53,2" doraHai="80" doraHaiUra="98" who="0" fromWho="1" sc="240,90,211,-80,240,0,299,0" /><INIT seed="2,0,0,3,2,31" ten="330,131,240,299" oya="2" hai0="52,94,67,8,86,85,34,89,65,111,4,42,108" hai1="79,33,28,119,32,46,132,18,76,69,36,2,48" hai2="29,64,122,38,100,81,126,10,78,26,68,104,74" hai3="118,60,47,19,49,82,54,77,96,73,99,56,129"/><V23/><F126/><W61/><G129/><T92/><D42/><U125/><E119/><V112/><F112/><W107/><G118/><T116/><D116/><U80/><E125/><V0/><F122/><W84/><G107/><T15/><D34/><U3/><E132/><V105/><F100/><W91/><G19/><T17/><D4/><U16/><E69/><V106/><F38/><W97/><REACH who="3" step="1"/><G47/><REACH who="3" ten="330,131,240,289" step="2"/><T95/><D108/><U133/><E133/><V50/><F106/><W53/><G53/><T44/><D111/><U124/><E124/><V35/><F50/><W14/><G14/><T20/><D44/><U117/><E46/><V24/><F24/><W113/><G113/><T25/><D52/><U103/><E117/><V115/><F115/><W130/><G130/><T30/><REACH who="0" step="1"/><D85/><REACH who="0" ten="320,131,240,289" step="2"/><U87/><E87/><V6/><REACH who="2" step="1"/><F23/><REACH who="2" ten="320,131,230,289" step="2"/><W41/><G41/><T21/><D21/><U45/><E45/><V75/><F75/><W128/><G128/><T120/><D120/><U9/><E48/><V70/><F70/><W39/><G39/><T71/><D71/><U135/><E135/><V88/><F88/><W123/><G123/><T98/><D98/><U62/><E36/><V90/><F90/><W114/><G114/><T58/><D58/><U11/><E103/><V127/><F127/><W57/><G57/><T7/><D7/><U102/><E102/><V131/><F131/><W43/><G43/><T101/><D101/><U63/><REACH who="1" step="1"/><E80/><AGARI ba="0,3" hai="49,54,56,60,61,73,77,80,82,84,91,96,97,99" machi="80" ten="40,1300,0" yaku="1,1,53,0" doraHai="31" doraHaiUra="27" who="3" fromWho="1" sc="320,0,131,-13,230,0,289,43" /><AGARI ba="0,0" hai="8,15,17,20,25,30,65,67,80,86,89,92,94,95" machi="80" ten="40,5200,0" yaku="1,1,8,1,53,1" doraHai="31" doraHaiUra="27" who="0" fromWho="1" sc="320,52,118,-52,230,0,332,0" /><INIT seed="3,0,0,2,1,49" ten="372,66,230,332" oya="3" hai0="14,63,24,1,132,66,121,130,50,60,88,8,39" hai1="16,98,117,21,84,95,114,43,51,125,2,118,100" hai2="34,23,54,126,127,30,113,32,59,65,28,5,52" hai3="19,77,38,37,82,27,105,56,89,81,99,94,119"/><W6/><G119/><T18/><D121/><U29/><E2/><V26/><F113/><W58/><G6/><N who="0" m="3351" /><D1/><U131/><E114/><V101/><F101/><W120/><G120/><T133/><D39/><U17/><E125/><N who="2" m="47627" /><F5/><W129/><G129/><T45/><D130/><U111/><E131/><V31/><F32/><W20/><G105/><T7/><D7/><U83/><E111/><V90/><F90/><W96/><G38/><T79/><D79/><U3/><E3/><V122/><F122/><W57/><G37/><T103/><D103/><U97/><E118/><V44/><F34/><W116/><G116/><T13/><D24/><U40/><E117/><V86/><F86/><W124/><G124/><T46/><D88/><U74/><E74/><V76/><F76/><W92/><REACH who="3" step="1"/><G77/><REACH who="3" ten="372,66,230,322" step="2"/><T115/><D115/><U85/><E83/><V73/><F73/><W67/><G67/><T12/><D66/><U35/><E100/><AGARI ba="0,1" hai="19,20,27,56,57,58,81,82,89,92,94,96,99,100" machi="100" ten="40,3900,0" yaku="1,1,8,1,53,0" doraHai="49" doraHaiUra="61" who="3" fromWho="1" sc="372,0,66,-39,230,0,322,49" /><INIT seed="3,1,0,2,4,84" ten="372,27,230,371" oya="3" hai0="123,97,88,45,16,68,18,105,131,53,104,40,74" hai1="93,67,134,26,99,115,4,95,126,51,119,130,34" hai2="64,94,83,3,132,37,38,63,41,2,118,85,62" hai3="55,54,125,6,7,116,12,114,76,80,21,49,9"/><W46/><G114/><T107/><D123/><U106/><E4/><V39/><F118/><W17/><G125/><T71/><D74/><U66/><E51/><V31/><F132/><W73/><G116/><T48/><D131/><U43/><E43/><V65/><F41/><W78/><G76/><T101/><D88/><U127/><E26/><V79/><F31/><W33/><G33/><T56/><D18/><U29/><E29/><V19/><F19/><W120/><G120/><T133/><D133/><U72/><E99/><V1/><REACH who="2" step="1"/><F94/><REACH who="2" ten="372,27,220,371" step="2"/><W52/><G7/><T50/><D16/><U122/><E95/><V32/><F32/><W57/><G57/><T14/><D107/><U44/><E93/><V103/><F103/><W124/><G124/><T90/><D105/><U100/><E100/><V22/><F22/><W24/><AGARI ba="1,1" hai="6,9,12,17,21,24,46,49,52,54,55,73,78,80" machi="24" ten="20,3900,0" yaku="0,1,7,1,54,1" doraHai="84" who="3" fromWho="3" sc="372,-14,27,-14,220,-14,371,52" owari="358,15.8,13,-48.7,206,-19.4,423,52.3" /></mjloggm>