<mjloggm ver="2.3"><GO type="225" lobby="0"/><UN n0="%E4%BA%AE%E6%B5%81%E6%89%93%E8%80%85" n1="%E9%B3%B3%E6%9D%B1%E3%81%AE%E3%81%BF%E3%81%91%E3%81%AB%E3%82%83%E3%82%93" n2="%E3%81%AA%E3%82%81%E3%81%93%E9%9B%80%E5%A3%AB" n3="%E3%81%BF%E3%81%BF%E3%81%9A" dan="16,17,16,18" rate="2089.79,2135.88,2061.52,2250.45" sx="F,F,M,M"/><TAIKYOKU oya="0"/><INIT seed="0,0,0,4,2,97" ten="250,250,250,250" oya="0" hai0="92,47,17,27,31,108,116,71,128,62,90,9,56" hai1="14,41,84,59,106,68,37,34,12,67,10,119,77" hai2="86,50,33,55,76,20,18,133,5,1,105,54,80" hai3="60,126,118,117,4,0,42,28,103,107,113,123,100"/><T63/><D116/><U79/><E119/><V30/><F133/><W112/><G28/><T96/><D128/><U24/><E68/><V8/><F105/><W73/><G60/><T3/><D108/><U7/><E106/><V122/><F122/><W111/><G42/><T93/><D71/><U134/><E134/><V44/><F33/><W70/><G4/><T64/><D47/><U83/><E37/><V51/><F30/><W121/><G0/><T48/><D48/><U32/><E41/><V29/><F29/><W22/><G22/><N who="0" m="15863" /><D3/><U95/><E24/><V89/><F76/><W132/><G70/><T69/><D69/><U46/><E46/><V19/><REACH who="2" step="1"/><F20/><REACH who="2" ten="250,250,240,250" step="2"/><W81/><G107/><T40/><D40/><U65/><E32/><V114/><F114/><N who="3" m="44139" /><G132/><T39/><D39/><U120/><E34/><V58/><AGARI ba="0,1" hai="1,5,8,18,19,44,50,51,54,55,58,80,86,89" machi="58" ten="20,2700,0" yaku="1,1,0,1,7,1,53,0" doraHai="97" doraHaiUra="23" who="2" fromWho="2" sc="250,-13,250,-7,240,37,250,-7" /><INIT seed="1,0,0,0,2,89" ten="237,243,277,243" oya="1" hai0="104,22,24,2,70,75,37,118,68,101,30,115,87" hai1="49,46,105,32,90,28,100,88,82,19,78,121,39" hai2="131,33,71,127,62,65,26,10,23,61,93,14,64" hai3="84,134,92,126,52,57,119,114,25,41,3,123,81"/><U20/><E121/><V80/><F131/><W44/><G123/><T124/><D87/><U53/><E39/><V96/><F127/><W21/><G114/><T12/><D12/><U11/><E32/><V116/><F80/><W48/><G3/><T120/><D115/><U103/><E28/><V102/><F33/><W35/><G126/><T128/><D120/><U34/><E34/><V67/><F116/><W110/><G35/><N who="0" m="20935" /><D128/><U133/><E133/><V132/><F132/><W0/><G0/><T56/><D56/><U107/><E11/><V6/><REACH who="2" step="1"/><F71/><REACH who="2" ten="237,243,267,243" step="2"/><W45/><G134/><T111/><D70/><U27/><E107/><V66/><N who="2" m="16384" /><DORA hai="60" /><V94/><F94/><W16/><G119/><T54/><D68/><U113/><E113/><V106/><F106/><W77/><G110/><T47/><D104/><U99/><REACH who="1" step="1"/><E100/><REACH who="1" ten="237,233,267,243" step="2"/><V83/><F83/><W86/><G81/><T109/><D101/><U69/><E69/><V108/><F108/><W117/><G117/><T1/><D111/><U79/><E79/><V38/><F38/><W59/><G77/><T125/><D109/><U91/><E91/><V95/><F95/><W63/><G92/><T73/><D118/><U40/><E40/><V122/><F122/><W42/><G42/><N who="0" m="22991" /><D125/><U5/><E5/><V43/><F43/><W97/><G41/><T29/><D124/><U15/><E15/><V74/><F74/><AGARI ba="0,2" hai="19,20,27,46,49,53,74,78,82,88,90,99,103,105" machi="74" ten="30,12000,1" yaku="1,1,7,1,54,1,53,2" doraHai="89,60" doraHaiUra="4,85" who="1" fromWho="2" sc="237,0,233,140,267,-120,243,0" /><INIT seed="1,1,0,0,4,3" ten="237,373,147,243" oya="1" hai0="18,99,28,54,103,44,131,126,109,59,74,0,73" hai1="49,121,40,47,36,66,60,68,48,46,72,24,12" hai2="64,93,35,120,132,10,81,53,20,56,67,96,82" hai3="4,51,50,38,43,122,77,27,62,102,5,32,89"/><U119/><E72/><V34/><F120/><W83/><G122/><T11/><D0/><U76/><E76/><V106/><F106/><W91/><G102/><T133/><D109/><U104/><E104/><V128/><F128/><W88/><G38/><T29/><D131/><U41/><E24/><V95/><F132/><W13/><G32/><T2/><D133/><U85/><E85/><V19/><F10/><W31/><G62/><T9/><D44/><U105/><E105/><V42/><F42/><W8/><G43/><T15/><D73/><U90/><E90/><V114/><F114/><W63/><G63/><T123/><D74/><U100/><E100/><V115/><F115/><W37/><G37/><T17/><D126/><U75/><E75/><V23/><F96/><W21/><REACH who="3" step="1"/><G4/><REACH who="3" ten="237,373,147,233" step="2"/><T39/><D39/><U70/><E121/><V107/><F107/><W134/><G134/><T98/><D123/><U1/><E36/><V117/><F19/><W110/><G110/><T25/><D103/><U108/><E108/><V124/><F124/><W101/><G101/><T69/><D18/><U97/><E60/><V22/><F53/><W78/><G78/><T80/><D54/><U16/><E41/><V111/><F111/><W118/><G118/><T112/><D17/><U26/><E40/><V94/><F117/><W127/><G127/><T58/><D112/><U14/><E16/><V61/><REACH who="2" step="1"/><F64/><REACH who="2" ten="237,373,137,233" step="2"/><W55/><G55/><T113/><D113/><U52/><E66/><V45/><F45/><W30/><G30/><T130/><D29/><U86/><E119/><V6/><F6/><RYUUKYOKU ba="1,2" sc="237,-15,373,-15,137,15,233,15" hai2="20,22,23,34,35,56,61,67,81,82,93,94,95" hai3="5,8,13,21,27,31,50,51,77,83,88,89,91" /><INIT seed="2,2,2,3,2,3" ten="222,358,152,248" oya="2" hai0="46,123,53,62,42,120,14,94,99,68,33,51,133" hai1="65,19,108,112,80,45,6,7,4,59,79,56,89" hai2="132,69,98,40,78,127,41,82,92,60,88,31,134" hai3="97,55,87,2,25,15,121,29,35,9,44,32,103"/><V118/><F118/><W0/><G121/><T74/><D74/><U100/><E112/><V81/><F31/><W113/><G35/><T12/><D33/><U122/><E122/><V86/><F127/><W61/><G113/><T24/><D133/><N who="2" m="51306" /><F82/><W72/><G72/><T91/><D120/><U73/><E108/><V107/><F107/><W110/><G110/><T67/><D123/><U135/><E135/><V84/><F98/><W5/><G87/><T77/><D77/><U75/><E75/><V124/><F124/><W21/><G21/><T26/><D12/><U71/><E100/><V57/><F69/><W96/><G96/><T116/><D116/><U8/><E89/><V18/><F18/><W66/><G55/><AGARI ba="2,2" hai="40,41,55,57,60,78,81,84,86,88,92" m="51306" machi="55" ten="30,2900,0" yaku="20,1,54,1" doraHai="3" who="2" fromWho="3" sc="222,0,358,0,152,55,248,-35" /><INIT seed="2,3,0,4,4,84" ten="222,358,207,213" oya="2" hai0="45,75,132,111,78,69,59,37,4,117,103,105,44" hai1="112,23,93,64,11,77,25,36,57,121,22,126,89" hai2="110,116,67,3,21,134,19,76,70,2,13,79,91" hai3="131,53,74,46,6,58,71,120,54,80,8,113,123"/><V109/><F116/><W125/><G71/><T73/><D59/><U99/><E112/><V38/><F38/><W9/><G113/><T108/><D132/><U47/><E126/><V129/><F134/><W43/><G125/><T18/><D18/><U82/><E121/><V56/><F70/><W130/><G80/><N who="0" m="45135" /><D4/><U32/><E32/><V27/><F129/><N who="3" m="49163" /><G74/><T102/><D69/><U92/><E36/><V122/><F122/><N who="3" m="46635" /><G58/><T68/><D68/><U83/><E47/><N who="0" m="17993" /><D37/><U20/><E11/><N who="3" m="4170" /><G6/><T30/><D117/><U33/><E83/><V15/><F56/><W55/><G46/><T39/><D75/><U0/><E0/><N who="2" m="43" /><F67/><W95/><G95/><T128/><D128/><U12/><E93/><V119/><F119/><W5/><G5/><T65/><D65/><U104/><E64/><V50/><F76/><W106/><G106/><T135/><D135/><U10/><E57/><V29/><F79/><W24/><G24/><T98/><D103/><U66/><E66/><V72/><F72/><W34/><G34/><T81/><D81/><U52/><E104/><V127/><F127/><W96/><G96/><T7/><D7/><N who="1" m="3167" /><E33/><N who="2" m="20671" /><F15/><W124/><G124/><T133/><D133/><U85/><E25/><V28/><F50/><W107/><G107/><T26/><D39/><U90/><E77/><V97/><F28/><W100/><G100/><T60/><D60/><U17/><E17/><V49/><F49/><W42/><AGARI ba="3,0" hai="42,43,53,54,55" m="4170,46635,49163" machi="42" ten="40,5200,0" yaku="28,2,19,1" doraHai="84" who="3" fromWho="3" sc="222,-16,358,-16,207,-29,213,61" /><INIT seed="3,0,0,1,5,132" ten="206,342,178,274" oya="3" hai0="48,107,82,112,5,71,131,79,104,25,61,19,97" hai1="24,62,2,39,27,134,99,34,12,66,63,114,117" hai2="113,127,13,111,110,121,29,105,76,95,53,98,103" hai3="96,87,73,23,74,30,9,1,90,36,106,89,119"/><W124/><G119/><T102/><D107/><U40/><E2/><V65/><F113/><W80/><G36/><T81/><D131/><U135/><E114/><V50/><F65/><W37/><G37/><T116/><D5/><U44/><E117/><V18/><F29/><W20/><G1/><T129/><D116/><U22/><E99/><V68/><F68/><W126/><G9/><T93/><D112/><U108/><E108/><N who="2" m="41515" /><F76/><W51/><G51/><T52/><D129/><U14/><E34/><V33/><F33/><W0/><G0/><T42/><D42/><U6/><E62/><V69/><F69/><W47/><G47/><T32/><D79/><U130/><E130/><V3/><F3/><W46/><G46/><T64/><D93/><U83/><E83/><V70/><F70/><W4/><G4/><T120/><D120/><U26/><E6/><V85/><F121/><W84/><G30/><N who="0" m="19535" /><D19/><U11/><E11/><N who="2" m="6463" /><F85/><W21/><G96/><T109/><D109/><U31/><E31/><V92/><F92/><W60/><G60/><T7/><D7/><U38/><E38/><V8/><F8/><W35/><G35/><T72/><D72/><U58/><E22/><V133/><F133/><AGARI ba="0,0" hai="12,14,24,26,27,39,40,44,58,63,66,133,134,135" machi="133" ten="40,1300,0" yaku="20,1" doraHai="132" who="1" fromWho="2" sc="206,0,342,13,178,-13,274,0" owari="206,-19.4,355,45.5,165,-33.5,274,7.4" /></mjloggm>