<mjloggm ver="2.3"><GO type="225" lobby="0"/><UN n0="%E4%BF%BA%E3%81%A8%E5%A6%96%E5%A4%A2" n1="%E3%81%8B%E3%82%8F%E3%81%A1%E3%82%83%E3%82%93%35%38" n2="%72%69%6F%75%63%68%61%6E" n3="%E9%B3%B3%E6%9D%B1%E3%81%AE%E3%81%86%E3%81%95%E3%81%8E%E3%81%95%E3%82%93" dan="17,16,17,16" rate="2201.22,2086.07,2155.17,2109.36" sx="F,M,M,M"/><TAIKYOKU oya="0"/><INIT seed="0,0,0,1,1,68" ten="250,250,250,250" oya="0" hai0="49,135,80,65,117,114,52,113,45,125,103,107,35" hai1="3,27,7,4,31,81,43,108,13,14,17,54,106" hai2="15,29,20,42,131,69,12,77,0,79,118,36,34" hai3="90,62,2,41,59,122,133,86,63,115,19,76,61"/><T95/><D117/><U46/><E106/><V23/><F118/><W83/><G133/><T74/><D107/><U85/><E3/><V93/><F131/><W101/><G115/><T55/><D35/><U111/><E54/><V89/><F69/><W33/><G122/><T92/><D135/><U38/><E13/><V58/><F0/><W96/><G33/><T94/><D65/><U99/><E99/><V97/><F34/><W53/><G2/><T127/><D103/><U40/><E40/><V71/><F71/><W9/><G41/><T28/><D28/><U73/><E73/><V128/><F128/><W75/><G19/><T50/><D80/><U47/><E47/><V116/><F116/><W26/><G26/><T48/><D74/><U10/><E31/><V66/><F79/><W1/><G9/><T67/><D67/><U134/><E134/><V24/><F77/><W78/><G1/><T130/><D130/><U64/><E64/><V22/><F66/><W112/><G112/><N who="0" m="43115" /><D45/><U121/><E121/><V32/><REACH who="2" step="1"/><F58/><REACH who="2" ten="250,250,240,250" step="2"/><W8/><G76/><T98/><D98/><U124/><E124/><AGARI ba="0,1" hai="48,49,50,52,55,92,94,95,124,125,127" m="43115" machi="124" ten="40,12000,1" yaku="28,2,18,1,54,1" doraHai="68" who="0" fromWho="1" sc="250,130,250,-120,240,0,250,0" /><INIT seed="0,1,0,0,5,7" ten="380,130,240,250" oya="0" hai0="26,64,43,16,96,23,99,21,115,51,58,67,72" hai1="121,18,62,83,78,74,25,11,15,39,125,0,111" hai2="34,80,119,47,29,73,53,120,60,92,69,40,37" hai3="24,130,54,82,56,6,103,61,70,94,109,85,97"/><T3/><D115/><U110/><E121/><V28/><F120/><W95/><G109/><N who="1" m="41482" /><E39/><V19/><F119/><W134/><G130/><T123/><D123/><U84/><E125/><V66/><F34/><W49/><G134/><T33/><D33/><U5/><E62/><V133/><F133/><W101/><G70/><T127/><D72/><U20/><E74/><V71/><F71/><W90/><G6/><T76/><D76/><U98/><E98/><V9/><F92/><W22/><G94/><T126/><D3/><AGARI ba="1,0" hai="0,3,5,11,15,18,20,25,78,83,84" m="41482" machi="3" ten="30,2000,0" yaku="14,1,52,1" doraHai="7" who="1" fromWho="0" sc="380,-23,130,23,240,0,250,0" /><INIT seed="1,0,0,0,1,52" ten="357,153,240,250" oya="1" hai0="40,107,69,112,60,86,99,75,56,64,103,83,109" hai1="31,134,65,74,53,0,133,26,96,88,13,114,30" hai2="81,121,36,85,6,125,100,66,20,67,5,122,113" hai3="117,42,120,27,43,110,19,124,24,126,98,102,73"/><U101/><E0/><V79/><F36/><W32/><G120/><T7/><D112/><U22/><E74/><V29/><F125/><N who="3" m="48235" /><G110/><T12/><D109/><U72/><E72/><V54/><F113/><W131/><G131/><T111/><D111/><U108/><E108/><V46/><F100/><W118/><G73/><T51/><D75/><U23/><E114/><V70/><F122/><W18/><G18/><T91/><D7/><N who="2" m="2570" /><F70/><W34/><G19/><T11/><D11/><U8/><E65/><N who="2" m="24587" /><F121/><W14/><G14/><T76/><D12/><U39/><E39/><V47/><F54/><W94/><G24/><AGARI ba="0,0" hai="20,24,29,46,47,79,81,85" m="24587,2570" machi="24" ten="30,1000,0" yaku="8,1" doraHai="52" who="2" fromWho="3" sc="357,0,153,0,240,10,250,-10" /><INIT seed="2,0,0,1,2,49" ten="357,153,250,240" oya="2" hai0="57,18,119,129,2,118,48,27,134,80,105,29,121" hai1="120,51,122,79,42,82,12,106,4,9,33,41,88" hai2="43,76,131,111,99,67,58,95,83,92,16,125,101" hai3="59,1,11,66,35,98,91,68,72,75,135,93,39"/><V10/><F125/><W107/><G35/><T115/><D121/><N who="1" m="46699" /><E106/><V0/><F131/><W114/><G68/><T100/><D129/><U44/><E33/><V32/><F32/><W19/><G39/><T8/><D80/><U47/><E79/><V26/><F111/><W50/><G135/><T108/><D134/><U46/><E42/><V112/><F112/><W73/><G114/><T28/><D28/><U123/><N who="1" m="46707" /><U70/><DORA hai="55" /><E70/><V77/><F43/><W64/><G107/><T45/><D18/><U21/><E21/><N who="2" m="13607" /><F0/><W3/><G3/><T69/><D2/><U5/><E5/><V81/><F10/><W85/><G1/><T97/><D8/><U20/><E20/><V6/><F6/><W113/><G113/><T14/><D69/><U31/><E31/><V74/><F74/><W116/><G11/><T13/><D108/><U65/><E65/><V34/><F34/><W90/><G19/><T132/><D132/><U60/><E60/><N who="2" m="38295" /><F92/><W78/><G66/><T109/><D109/><U127/><E127/><V53/><F53/><W61/><G93/><T23/><D115/><U30/><E30/><V38/><F38/><W87/><G64/><T56/><D119/><U104/><E104/><V25/><F25/><W63/><G116/><T128/><D118/><U17/><E4/><V102/><F102/><W71/><G71/><T36/><D36/><U96/><E82/><AGARI ba="0,0" hai="76,77,81,82,83,95,99,101" m="38295,13607" machi="82" ten="30,5800,0" yaku="8,1,52,1,54,1" doraHai="49,55" who="2" fromWho="1" sc="357,0,153,-58,250,58,240,0" /><INIT seed="2,1,0,4,2,25" ten="357,95,308,240" oya="2" hai0="10,22,135,29,106,134,24,113,133,119,7,74,50" hai1="27,76,16,41,97,92,3,110,94,33,107,71,108" hai2="91,121,104,51,88,66,52,102,103,129,72,105,77" hai3="73,116,87,115,70,21,120,4,68,90,69,26,75"/><V85/><F121/><W100/><G116/><T14/><D74/><U28/><E3/><V112/><F112/><W63/><G120/><T111/><D113/><U39/><E76/><V20/><F129/><W38/><G115/><T114/><D106/><U58/><E58/><V43/><F72/><W37/><G100/><N who="2" m="38441" /><F105/><W67/><G4/><T35/><D114/><U12/><E71/><V81/><F104/><W122/><G75/><T123/><D123/><U98/><E107/><V132/><F132/><W15/><G15/><T13/><D50/><U93/><E41/><V95/><F66/><W56/><G73/><T32/><D111/><N who="1" m="42539" /><E39/><V30/><F43/><W80/><REACH who="3" step="1"/><G122/><REACH who="3" ten="357,95,308,230" step="2"/><T23/><D119/><U78/><E78/><V40/><F40/><W59/><G59/><T49/><D7/><U109/><N who="1" m="42547" /><U130/><DORA hai="34" /><E130/><V54/><F95/><N who="1" m="24321" /><U2/><DORA hai="55" /><E2/><V44/><F54/><W45/><G45/><T19/><D133/><U18/><E18/><AGARI ba="1,1" hai="18,21,26,37,38,56,63,67,68,69,70,80,87,90" machi="18" ten="40,5200,0" yaku="1,1,52,1,53,1" doraHai="25,34,55" doraHaiUra="79,5,9" who="3" fromWho="1" sc="357,0,95,-55,308,0,230,65" /><INIT seed="3,0,0,2,1,110" ten="357,40,308,295" oya="3" hai0="15,130,70,78,132,114,1,12,107,44,2,116,72" hai1="0,26,32,37,47,128,61,98,38,20,93,66,45" hai2="124,33,46,125,96,135,62,7,131,123,118,36,18" hai3="68,60,25,74,34,64,127,54,53,87,76,3,117"/><W30/><G127/><N who="2" m="48713" /><F118/><W104/><G117/><T6/><D116/><U108/><E93/><V42/><F123/><W50/><G74/><T4/><D70/><U95/><E95/><V80/><F33/><W91/><G3/><T23/><D107/><U113/><E20/><V19/><F131/><W75/><G104/><T111/><D23/><U92/><E92/><V67/><F135/><W106/><G75/><T21/><D21/><U102/><E26/><V134/><F134/><W97/><G76/><T13/><D132/><U5/><E5/><V57/><F96/><W94/><REACH who="3" step="1"/><G50/><REACH who="3" ten="357,40,308,285" step="2"/><T65/><D78/><U101/><E0/><V41/><F41/><W126/><G126/><T88/><D72/><U63/><E108/><V52/><F7/><W81/><G81/><T9/><D111/><U39/><E128/><V115/><F115/><W85/><G85/><T59/><D114/><U14/><E98/><V29/><F29/><W77/><G77/><T28/><D28/><U105/><E105/><V17/><F80/><W71/><G71/><T83/><D130/><U129/><E129/><V10/><F10/><W89/><G89/><T120/><D4/><U31/><E31/><V24/><F24/><W122/><G122/><T51/><D120/><U90/><E38/><V58/><F18/><W8/><G8/><T11/><D11/><U82/><E82/><V22/><F22/><W73/><G73/><T103/><D1/><U112/><E90/><V49/><AGARI ba="0,1" hai="17,19,36,42,46,49,52,57,58,62,67" m="48713" machi="49" ten="30,2000,0" yaku="18,1,54,1" doraHai="110" who="2" fromWho="2" sc="357,-5,40,-5,308,30,285,-10" owari="352,45.2,35,-46.5,338,13.8,275,-12.5" /></mjloggm>