<mjloggm ver="2.3"><GO type="225" lobby="0"/><UN n0="%70%68%65%6E%6F%6D%65" n1="%E2%91%A3%E9%81%BF%E9%81%8A%E6%88%AF%E3%80%90%E6%9D%B1%E5%8D%97%E3%80%91" n2="%E7%9C%9F%E4%B8%80" n3="%E3%81%B2%E3%81%AA%E3%81%AE%E3%82%8A%E3%81%8F" dan="16,16,17,16" rate="2174.67,2112.55,2223.74,2197.53" sx="M,M,M,M"/><TAIKYOKU oya="0"/><INIT seed="0,0,0,4,5,80" ten="250,250,250,250" oya="0" hai0="79,54,57,134,121,26,4,91,89,55,12,17,95" hai1="2,105,118,47,34,87,9,21,88,32,92,76,37" hai2="81,66,6,33,39,36,23,44,3,129,41,127,11" hai3="102,0,122,19,20,14,84,117,51,133,61,35,45"/><T72/><D121/><U70/><E118/><V75/><F129/><W27/><G117/><T98/><D134/><U24/><E105/><V56/><F127/><W69/><G0/><T68/><D68/><U112/><E112/><V49/><F33/><W123/><G133/><T18/><D72/><U74/><E70/><V38/><F23/><W30/><G102/><T110/><D110/><U90/><E74/><V115/><F115/><W78/><G61/><T65/><D79/><U48/><E37/><V109/><F109/><W60/><G60/><N who="0" m="38031" /><D89/><U53/><E76/><N who="2" m="44191" /><F66/><W1/><G1/><T108/><D108/><U7/><REACH who="1" step="1"/><E90/><REACH who="1" ten="250,240,250,250" step="2"/><V22/><F39/><W58/><G69/><T62/><D62/><U97/><E97/><V10/><F36/><W132/><G132/><T8/><D4/><U100/><E100/><V59/><F38/><W106/><G106/><T82/><D82/><U104/><E104/><V31/><F6/><W28/><G122/><T125/><D125/><U107/><E107/><V67/><F67/><W94/><G123/><T42/><D42/><U116/><E116/><V83/><F83/><W101/><G78/><T128/><D128/><U96/><E96/><V130/><F130/><W13/><G101/><T15/><D26/><U119/><E119/><V52/><F41/><W114/><G114/><T25/><D25/><U63/><E63/><V71/><F71/><W46/><G27/><T16/><D17/><AGARI ba="0,1" hai="2,7,9,17,21,24,32,34,47,48,53,87,88,92" machi="17" ten="30,8000,1" yaku="1,1,7,1,52,1,54,1,53,1" doraHai="80" doraHaiUra="40" who="1" fromWho="0" sc="250,-80,240,90,250,0,250,0" /><INIT seed="1,0,0,1,3,16" ten="170,330,250,250" oya="1" hai0="82,40,47,42,19,106,96,26,79,107,122,101,6" hai1="23,110,45,1,59,95,8,17,83,114,123,72,4" hai2="53,35,111,18,61,98,33,27,43,73,57,39,51" hai3="127,41,108,94,67,5,99,112,87,119,28,121,21"/><U52/><E123/><V88/><F73/><W113/><G121/><T103/><D122/><U32/><E114/><V34/><F111/><W12/><G108/><T109/><D109/><U76/><E110/><V100/><F39/><W14/><G127/><T77/><D6/><U124/><E124/><V44/><F100/><W58/><G41/><T64/><D64/><U24/><E95/><N who="2" m="56679" /><F33/><W104/><G119/><T54/><D54/><U118/><E118/><V49/><F49/><W75/><G75/><T37/><D42/><U50/><REACH who="1" step="1"/><E32/><REACH who="1" ten="170,320,250,250" step="2"/><V22/><AGARI ba="0,1" hai="18,22,27,34,35,43,44,51,53,57,61" m="56679" machi="22" ten="30,4000,0" yaku="25,1,52,1,54,1" doraHai="16" who="2" fromWho="2" sc="170,-10,320,-20,250,50,250,-10" /><INIT seed="2,0,0,4,0,75" ten="160,300,300,240" oya="2" hai0="74,49,99,7,110,83,123,96,118,79,6,19,108" hai1="64,31,14,125,3,95,85,112,40,119,17,117,115" hai2="2,12,1,89,134,50,24,70,55,56,46,57,22" hai3="105,5,58,8,60,111,34,116,80,121,37,28,66"/><V21/><F70/><W39/><G116/><T35/><D123/><U65/><E3/><V0/><F134/><W106/><G121/><T52/><D35/><U122/><E122/><V103/><F103/><W42/><G111/><N who="0" m="42539" /><D118/><U91/><E31/><V114/><F114/><W124/><G124/><T18/><D7/><U33/><E33/><V47/><F57/><W84/><G28/><T92/><D6/><U41/><E125/><V100/><F100/><W13/><G34/><T53/><D99/><U126/><E126/><V98/><F12/><W69/><G69/><T23/><D49/><U81/><E119/><V20/><REACH who="2" step="1"/><F24/><REACH who="2" ten="160,300,290,240" step="2"/><W82/><G13/><N who="0" m="9679" /><D19/><U4/><E117/><V29/><F29/><W48/><G105/><T67/><D67/><N who="1" m="25675" /><E115/><V71/><F71/><W97/><G106/><T11/><D11/><N who="1" m="4455" /><E17/><V113/><F113/><W104/><G104/><T90/><AGARI ba="0,1" hai="52,53,74,79,83,90,92,96" m="9679,42539" machi="90" ten="30,4000,0" yaku="14,1,52,1,54,1" doraHai="75" who="0" fromWho="0" sc="160,50,300,-10,290,-20,240,-10" /><INIT seed="3,0,0,4,5,115" ten="210,290,270,230" oya="3" hai0="64,21,54,95,135,89,131,10,9,83,38,45,61" hai1="85,108,134,67,44,41,121,33,4,107,101,5,52" hai2="84,56,27,65,18,69,120,119,111,104,93,13,17" hai3="15,71,20,124,118,7,96,22,123,36,2,29,116"/><W80/><G123/><T128/><D83/><U60/><E121/><V11/><F119/><W23/><G71/><T0/><D135/><U46/><E134/><V40/><F104/><W105/><G36/><T63/><D21/><U6/><E33/><V24/><F69/><W73/><G2/><T43/><D54/><U127/><E108/><V68/><F68/><W34/><G124/><T79/><D79/><U88/><E127/><V87/><F111/><W130/><G130/><N who="0" m="49707" /><D0/><U48/><E107/><V12/><F40/><W109/><G109/><T55/><D55/><U28/><E28/><V16/><F120/><W25/><G80/><T100/><D100/><U133/><E101/><V49/><F18/><W129/><G129/><T1/><D1/><U92/><E133/><V77/><F77/><W37/><G73/><T122/><D122/><U114/><E114/><V8/><F49/><W14/><G37/><T75/><D75/><U97/><E67/><V66/><F56/><W51/><G51/><T59/><D63/><U57/><E46/><V62/><F93/><W74/><G74/><T26/><D26/><U117/><E117/><N who="3" m="45162" /><G105/><T99/><AGARI ba="0,0" hai="9,10,38,43,45,59,61,64,89,95,99" m="49707" machi="99" ten="30,1100,0" yaku="19,1" doraHai="115" who="0" fromWho="0" sc="210,11,290,-3,270,-3,230,-5" /><INIT seed="4,0,0,0,1,36" ten="221,287,267,225" oya="0" hai0="6,117,48,11,10,4,28,91,17,127,79,75,39" hai1="20,110,14,103,34,44,21,38,49,126,15,66,54" hai2="62,0,90,131,102,50,12,107,7,5,52,71,123" hai3="56,78,120,112,68,58,61,135,89,30,124,59,122"/><T64/><D39/><U130/><E110/><V113/><F123/><N who="3" m="47147" /><G78/><T47/><D117/><U74/><E34/><V9/><F113/><W82/><G112/><T95/><D127/><U129/><E74/><V1/><F131/><N who="1" m="50185" /><E126/><V77/><F77/><W25/><G124/><T85/><D28/><U8/><E103/><V104/><F90/><W111/><G111/><T3/><D64/><U132/><E132/><V60/><F71/><W45/><G135/><T133/><D133/><U69/><E38/><V94/><F94/><W92/><G82/><N who="0" m="47327" /><D3/><U96/><E96/><V101/><F12/><N who="1" m="4649" /><E8/><N who="0" m="3113" /><D17/><U33/><E33/><V22/><F9/><W98/><G68/><T18/><D18/><U116/><E116/><V108/><F108/><W118/><G118/><T31/><D31/><U13/><N who="1" m="4657" /><U70/><DORA hai="37" /><E69/><V43/><F0/><W67/><G45/><T65/><D75/><U29/><E29/><V55/><F1/><W42/><G30/><T119/><D119/><U80/><E80/><V73/><F73/><W128/><G128/><T84/><D65/><U46/><E46/><V93/><F5/><W121/><G121/><T23/><D23/><U16/><E16/><V35/><F7/><W97/><G25/><T63/><D4/><U125/><E125/><V40/><F22/><N who="1" m="8809" /><E70/><V88/><F35/><W109/><G109/><T24/><D6/><U27/><E66/><V114/><F114/><W41/><G98/><T53/><D24/><AGARI ba="0,0" hai="24,27,44,49,54" m="8809,4657,50185" machi="24" ten="40,1300,0" yaku="19,1" doraHai="36,37" who="1" fromWho="0" sc="221,-13,287,13,267,0,225,0" owari="208,-29.2,300,40.0,267,6.7,225,-17.5" /></mjloggm>