<mjloggm ver="2.3"><GO type="225" lobby="0"/><UN n0="%E7%B4%94%E6%BD%94%E3%83%94%E3%83%A9%E3%83%8B%E3%82%A2" n1="%E3%82%BC%E3%83%AB%E3%83%80%E3%81%AE%E4%BC%9D%E8%AA%AC" n2="%E3%81%BF%E3%81%BF%E3%81%9A" n3="%6D%75%75%6D%75%72%61" dan="17,16,17,16" rate="2235.47,2158.95,2193.86,2205.06" sx="M,M,M,F"/><TAIKYOKU oya="0"/><INIT seed="0,0,0,1,3,49" ten="250,250,250,250" oya="0" hai0="74,102,103,118,117,52,124,71,73,59,17,91,90" hai1="110,78,66,54,122,24,39,104,77,29,113,100,57" hai2="2,107,98,21,23,8,93,95,6,79,1,3,89" hai3="109,12,60,76,25,4,70,67,68,43,112,53,129"/><T99/><D71/><U46/><E122/><V32/><F32/><W5/><G112/><T13/><D124/><U47/><E113/><V33/><F33/><W30/><G109/><T28/><D74/><U40/><E110/><V48/><F107/><W134/><G129/><T105/><D73/><U37/><E100/><V101/><F79/><W38/><G134/><T31/><D103/><U126/><E104/><V120/><F120/><W115/><G115/><T81/><D28/><U14/><E126/><V130/><F130/><W22/><G70/><T133/><D31/><U127/><E14/><V84/><REACH who="2" step="1"/><F48/><REACH who="2" ten="250,250,240,250" step="2"/><W108/><G76/><T128/><D128/><U82/><E127/><V10/><F10/><W35/><G108/><T85/><D133/><U11/><E11/><V19/><F19/><W123/><G123/><T111/><D111/><U83/><E78/><V75/><F75/><W42/><G38/><T63/><D91/><U56/><E77/><V7/><F7/><W94/><G5/><T0/><D0/><AGARI ba="0,1" hai="0,1,2,3,6,8,21,23,84,89,93,95,98,101" machi="0" ten="40,5200,0" yaku="1,1,53,2" doraHai="49" doraHaiUra="88" who="2" fromWho="0" sc="250,-52,250,0,240,62,250,0" /><INIT seed="1,0,0,2,4,69" ten="198,250,302,250" oya="1" hai0="31,17,129,127,130,60,115,67,9,80,16,45,26" hai1="44,42,113,73,30,107,33,101,65,91,40,20,23" hai2="12,70,3,8,13,75,5,77,135,83,51,88,32" hai3="68,4,25,61,50,47,90,96,29,21,106,6,102"/><U81/><E113/><V95/><F135/><W28/><G28/><T41/><D115/><U48/><E40/><V76/><F32/><W85/><G68/><T66/><D80/><U125/><E125/><V35/><F77/><W114/><G61/><T87/><D87/><U108/><E108/><V133/><F133/><W55/><REACH who="3" step="1"/><G114/><REACH who="3" ten="198,250,302,240" step="2"/><T124/><D127/><U121/><E30/><V120/><F70/><W57/><G57/><T119/><D124/><U104/><E121/><V132/><F120/><W10/><G10/><T94/><D60/><U86/><E33/><V128/><F35/><W71/><G71/><T0/><D9/><U84/><E20/><V98/><F132/><W117/><G117/><T54/><D119/><U63/><E23/><V19/><F128/><W18/><G18/><T62/><D17/><U1/><E63/><V56/><F19/><W11/><G11/><T37/><D16/><U53/><E65/><V122/><F122/><W93/><AGARI ba="0,1" hai="4,6,21,25,29,47,50,55,85,90,93,96,102,106" machi="93" ten="20,2700,0" yaku="1,1,0,1,7,1,53,0" doraHai="69" doraHaiUra="78" who="3" fromWho="3" sc="198,-7,250,-13,302,-7,240,37" /><INIT seed="2,0,0,1,2,75" ten="191,237,295,277" oya="2" hai0="84,118,72,35,15,17,24,89,8,117,101,49,60" hai1="64,135,58,53,100,4,133,23,40,120,66,54,9" hai2="52,112,2,113,95,11,91,88,16,0,86,123,116" hai3="98,5,93,125,83,59,131,106,21,108,25,14,20"/><V87/><F116/><N who="0" m="44650" /><D72/><U121/><E100/><V69/><F69/><W31/><G108/><T68/><D101/><U132/><E23/><V42/><F42/><W126/><G131/><T134/><D134/><U67/><E40/><V90/><F123/><N who="1" m="47177" /><E58/><V7/><F0/><AGARI ba="0,0" hai="0,4,9,53,54,64,66,67,132,133,135" m="47177" machi="0" ten="40,2600,0" yaku="20,1,13,1" doraHai="75" who="1" fromWho="2" sc="191,0,237,26,295,-26,277,0" /><INIT seed="3,0,0,4,2,1" ten="191,263,269,277" oya="3" hai0="62,89,113,44,110,26,131,43,124,61,68,102,120" hai1="104,45,72,47,76,78,86,41,56,133,112,7,30" hai2="10,24,130,2,38,80,79,83,90,39,5,31,106" hai3="132,111,48,67,60,66,6,36,127,107,8,16,73"/><W129/><G36/><T14/><D120/><U51/><E112/><V109/><F109/><W121/><G121/><T59/><D110/><U101/><E133/><V81/><F79/><W17/><G111/><T100/><D113/><U64/><E72/><V87/><F106/><W126/><G132/><T93/><D124/><N who="3" m="47657" /><G129/><T122/><D131/><U53/><E30/><V18/><F130/><W58/><G73/><T65/><D122/><U49/><E104/><V103/><F103/><W32/><G32/><T29/><D14/><U95/><E7/><V34/><REACH who="2" step="1"/><F18/><REACH who="2" ten="191,263,259,277" step="2"/><N who="3" m="7275" /><G107/><T3/><D3/><U116/><E116/><V55/><F55/><N who="3" m="32103" /><G60/><T54/><D29/><U50/><E101/><V88/><F88/><W125/><N who="3" m="47665" /><W117/><DORA hai="46" /><G117/><T115/><D115/><U75/><E75/><V13/><F13/><AGARI ba="0,1" hai="6,8,13,66,67" m="32103,7275,47665" machi="13" ten="40,12000,1" yaku="18,1,52,2,54,1" doraHai="1,46" who="3" fromWho="2" sc="191,0,263,0,259,-120,277,130" owari="191,-20.9,263,6.3,139,-36.1,407,50.7" /></mjloggm>