<mjloggm ver="2.3"><GO type="225" lobby="0"/><UN n0="%E3%81%AA%E3%82%81%E3%81%93%E9%9B%80%E5%A3%AB" n1="%E3%81%8B%E3%82%8F%E3%81%A1%E3%82%83%E3%82%93%35%38" n2="%E6%9D%B1%E9%A2%A8%E3%81%AE%E3%81%8D%E3%82%83%E3%81%B7%E3%81%95%E3%82%93" n3="%E8%83%83%E3%81%A8%E8%85%B8" dan="16,17,17,16" rate="2046.64,2242.21,2161.03,2168.84" sx="M,M,M,M"/><TAIKYOKU oya="0"/><INIT seed="0,0,0,3,2,72" ten="250,250,250,250" oya="0" hai0="104,125,34,36,58,64,134,25,46,97,131,129,9" hai1="18,35,115,99,3,50,33,65,19,79,112,89,69" hai2="95,61,10,74,68,106,1,84,98,63,94,78,135" hai3="4,130,121,109,110,119,73,103,70,82,2,66,93"/><T132/><D9/><U51/><E65/><V91/><F135/><N who="0" m="51754" /><D64/><U67/><E67/><V39/><F39/><W81/><G4/><T108/><D58/><U7/><E99/><V113/><F113/><W75/><G2/><T40/><D108/><N who="3" m="41577" /><G66/><T126/><D25/><U41/><E89/><V56/><F68/><W31/><G31/><T22/><D22/><U38/><E38/><V13/><F1/><W107/><G70/><T59/><D59/><U123/><E3/><V92/><F106/><W48/><G48/><T30/><D30/><U43/><E69/><V117/><F117/><W44/><G44/><T53/><D53/><U17/><E7/><V6/><F74/><N who="3" m="28171" /><G119/><T11/><D34/><U85/><E17/><V88/><F56/><W101/><G121/><T21/><D21/><U26/><E26/><V0/><F0/><W5/><G5/><T29/><D11/><U80/><E123/><V62/><F98/><N who="3" m="61879" /><G130/><N who="0" m="49675" /><D29/><U116/><E116/><V122/><F122/><W23/><G23/><T77/><D77/><U37/><E33/><V14/><F14/><W16/><G16/><N who="1" m="6186" /><E35/><V47/><F47/><W102/><G102/><AGARI ba="0,0" hai="36,40,46,97,102,104,125,126" m="49675,51754" machi="102" ten="40,12000,1" yaku="30,2,20,1,19,1,23,1" doraHai="72" who="0" fromWho="3" sc="250,120,250,0,250,0,250,-120" /><INIT seed="0,1,0,4,1,83" ten="370,250,250,130" oya="0" hai0="65,32,120,106,56,39,91,55,30,87,51,101,104" hai1="78,134,3,132,99,59,103,71,11,21,2,100,20" hai2="33,36,133,125,86,28,97,62,111,84,126,31,9" hai3="116,129,8,41,10,18,121,53,105,102,88,45,118"/><T14/><D120/><U12/><E71/><V76/><F36/><W19/><G121/><T81/><D39/><U29/><E78/><V79/><F62/><W80/><G53/><T74/><D101/><U38/><E38/><V0/><F111/><W93/><G80/><T16/><D74/><U110/><E110/><V130/><F97/><W77/><G77/><N who="2" m="29769" /><F133/><N who="1" m="51305" /><E59/><V43/><F43/><W26/><G129/><T90/><D91/><U15/><E103/><V70/><F70/><W63/><G63/><T108/><D108/><U92/><E15/><V17/><F130/><W112/><G112/><T60/><D30/><N who="2" m="11306" /><F33/><W27/><G102/><T7/><D32/><U85/><E85/><N who="2" m="32875" /><F17/><N who="3" m="6155" /><G105/><T68/><REACH who="0" step="1"/><D7/><REACH who="0" ten="360,250,250,130" step="2"/><N who="1" m="3199" /><E29/><V75/><F75/><W107/><G107/><T35/><D35/><U115/><E115/><V13/><F0/><AGARI ba="1,1" hai="0,2,3,20,21,92,99,100" m="3199,51305" machi="0" ten="30,1000,0" yaku="20,1" doraHai="83" who="1" fromWho="2" sc="360,0,250,23,250,-13,130,0" /><INIT seed="1,0,0,3,5,81" ten="360,273,237,130" oya="1" hai0="65,70,99,130,102,84,77,4,87,0,114,82,74" hai1="69,58,19,52,62,60,91,50,126,92,67,76,107" hai2="108,54,100,94,20,72,93,43,63,7,26,134,97" hai3="17,110,129,31,24,34,6,118,122,120,11,41,12"/><U73/><E107/><V15/><F72/><W88/><G110/><T68/><D114/><U10/><E126/><V101/><F108/><W35/><G129/><T46/><D130/><U61/><E73/><V2/><F134/><W25/><G41/><T75/><D75/><U51/><E76/><V27/><F43/><W111/><G111/><T38/><D65/><U112/><E112/><V32/><F32/><W49/><G49/><T3/><D3/><U36/><E36/><V56/><F2/><W123/><G88/><T37/><D37/><U95/><E95/><V104/><F104/><W57/><G57/><T125/><D125/><U9/><E51/><V103/><F93/><W30/><G118/><T5/><D5/><AGARI ba="0,0" hai="5,6,11,12,17,24,25,30,31,34,35,120,122,123" machi="5" ten="40,8000,1" yaku="9,1,34,3" doraHai="81" who="3" fromWho="0" sc="360,-80,273,0,237,0,130,80" /><INIT seed="2,0,0,1,3,29" ten="280,273,237,210" oya="2" hai0="124,32,115,36,97,105,55,118,121,26,114,6,53" hai1="93,82,74,112,37,25,84,17,128,71,56,126,57" hai2="28,31,96,102,77,120,133,23,47,34,122,78,40" hai3="117,50,20,33,106,125,76,8,127,109,66,42,88"/><V73/><F133/><W1/><G117/><T79/><D121/><U35/><E112/><V54/><F54/><W41/><G76/><T11/><D36/><U87/><E37/><V64/><F64/><W75/><G75/><T45/><D79/><U101/><E71/><V13/><F31/><W60/><G106/><T110/><D110/><U89/><E74/><V7/><F77/><W68/><G109/><T80/><D80/><U90/><E126/><N who="3" m="48138" /><G20/><T62/><D55/><U111/><E111/><V98/><F98/><W4/><G50/><T21/><D97/><N who="1" m="59567" /><E35/><V0/><F23/><W30/><G88/><N who="1" m="33898" /><E128/><V69/><F69/><W119/><G119/><T85/><D118/><U67/><E67/><V49/><F0/><W132/><G132/><T27/><D105/><U18/><E25/><AGARI ba="0,0" hai="1,4,8,25,30,33,41,42,60,66,68" m="48138" machi="25" ten="30,2000,0" yaku="18,1,52,1" doraHai="29" who="3" fromWho="1" sc="280,0,273,-20,237,0,210,20" /><INIT seed="3,0,0,3,4,119" ten="280,253,237,230" oya="3" hai0="107,106,52,26,118,41,76,22,47,44,8,48,79" hai1="86,6,112,124,53,38,35,122,99,11,90,45,51" hai2="135,9,132,89,56,116,50,130,103,18,120,32,46" hai3="96,43,117,131,40,98,110,13,62,36,113,25,88"/><W61/><G113/><T60/><D107/><U20/><E124/><V67/><F32/><W39/><G117/><T24/><D106/><U129/><E129/><V14/><F103/><W16/><G131/><T5/><D26/><U125/><E125/><V104/><F130/><W93/><G110/><T97/><D97/><U134/><E134/><N who="2" m="51243" /><F104/><W21/><G96/><T111/><D111/><U0/><E112/><V59/><F116/><W84/><G84/><T4/><D118/><U108/><E108/><V28/><F28/><W15/><G36/><T58/><D47/><U73/><E73/><V82/><F67/><W115/><G115/><T17/><D5/><U87/><E35/><V64/><F64/><W81/><G81/><T75/><D75/><U121/><E38/><V95/><F82/><W77/><G77/><T127/><D127/><U123/><REACH who="1" step="1"/><E20/><REACH who="1" ten="280,243,237,230" step="2"/><V1/><F1/><AGARI ba="0,1" hai="1,4,8,17,22,24,41,44,48,52,58,60,76,79" machi="1" ten="30,2000,0" yaku="7,1,54,1" doraHai="119" who="0" fromWho="2" sc="280,30,243,0,237,-20,230,0" owari="310,41.0,243,4.3,217,-28.3,230,-17.0" /></mjloggm>