<mjloggm ver="2.3"><GO type="225" lobby="0"/><UN n0="%E3%82%82%E3%81%90%E3%82%89" n1="%E3%81%A1%E3%82%85%E3%81%86%E3%81%A9%E3%81%8F%E8%B1%A1%E3%81%95%E3%82%93" n2="%E7%B4%94%E6%BD%94%E3%83%94%E3%83%A9%E3%83%8B%E3%82%A2" n3="%45%6C%79%73%69%75%6D" dan="17,16,16,17" rate="2167.66,2096.01,2107.36,2121.43" sx="M,M,M,F"/><TAIKYOKU oya="0"/><INIT seed="0,0,0,3,0,103" ten="250,250,250,250" oya="0" hai0="106,124,36,117,74,119,68,30,1,5,73,104,60" hai1="34,93,18,96,65,11,22,20,10,17,39,61,111" hai2="77,7,105,12,135,127,24,113,25,102,75,63,13" hai3="109,43,112,57,115,6,8,130,120,86,40,88,51"/><T62/><D30/><U15/><E34/><V72/><F113/><W19/><G109/><T83/><D36/><U98/><E39/><V129/><F127/><W55/><G130/><T116/><D124/><U56/><E111/><V84/><F129/><W70/><G70/><T49/><D49/><U4/><E96/><V90/><F135/><W3/><G120/><T33/><D33/><U107/><E107/><N who="0" m="41001" /><D83/><U131/><E131/><V31/><F63/><W91/><G91/><T125/><D125/><U21/><REACH who="1" step="1"/><E10/><REACH who="1" ten="250,240,250,250" step="2"/><V94/><F105/><W9/><G115/><T121/><D121/><U26/><E26/><V133/><F24/><W42/><G112/><T101/><D101/><AGARI ba="0,1" hai="4,11,15,17,18,20,21,22,56,61,65,93,98,101" machi="101" ten="40,2600,0" yaku="1,1,8,1,53,0" doraHai="103" doraHaiUra="85" who="1" fromWho="0" sc="250,-26,240,36,250,0,250,0" /><INIT seed="1,0,0,0,3,51" ten="224,276,250,250" oya="1" hai0="57,39,60,46,125,92,101,11,87,82,77,37,74" hai1="64,20,105,66,90,107,129,108,59,102,75,7,29" hai2="35,52,122,31,58,65,44,76,128,48,70,120,22" hai3="23,118,117,80,33,97,16,43,121,135,72,78,68"/><U71/><E75/><V109/><F35/><W116/><G33/><T45/><D125/><U124/><E71/><V12/><F109/><W103/><G68/><T81/><D11/><U4/><E124/><V84/><F128/><W1/><G1/><T14/><D14/><U114/><E114/><V112/><F112/><W133/><G43/><T42/><D92/><U13/><E129/><V86/><F70/><W34/><G34/><T113/><D101/><U17/><E29/><V36/><F36/><W127/><G127/><T56/><D113/><U38/><E38/><V99/><F99/><W126/><G126/><T132/><D132/><N who="3" m="50761" /><G23/><T24/><D24/><U50/><E108/><V2/><F2/><W104/><G16/><T130/><D130/><U95/><E105/><V15/><F122/><AGARI ba="0,0" hai="72,78,80,97,103,104,116,117,118,121,122" m="50761" machi="122" ten="40,8000,1" yaku="12,1,20,1,23,1,34,2" doraHai="51" who="3" fromWho="2" sc="224,0,276,0,250,-80,250,80" /><INIT seed="2,0,0,3,1,99" ten="224,276,170,330" oya="2" hai0="42,112,38,23,51,111,106,8,48,13,131,124,87" hai1="114,127,119,62,36,86,93,15,24,5,125,78,122" hai2="44,54,57,63,52,109,10,32,60,66,41,101,133" hai3="21,79,73,115,85,129,96,19,53,77,50,118,128"/><V82/><F32/><W11/><G118/><T67/><D112/><U46/><E119/><V110/><F82/><W3/><G73/><T103/><D111/><N who="2" m="42506" /><F10/><W83/><G115/><T49/><D131/><N who="3" m="50249" /><G96/><T29/><D124/><U113/><E24/><V59/><F101/><W1/><G79/><T97/><D67/><U134/><E15/><V28/><F28/><W4/><G21/><T74/><D74/><U58/><E93/><V25/><F25/><W34/><G34/><T7/><D87/><U22/><E86/><V27/><F27/><W102/><G102/><T14/><D29/><U31/><E31/><V130/><F130/><W123/><G19/><T16/><REACH who="0" step="1"/><D38/><REACH who="0" ten="214,276,170,330" step="2"/><U98/><E114/><V84/><F84/><W76/><G76/><T20/><D20/><U132/><E22/><V43/><F133/><W18/><G85/><T91/><D91/><U121/><E113/><V117/><F117/><W64/><G77/><T90/><D90/><U120/><E78/><V105/><F105/><W37/><G83/><T70/><D70/><U6/><E125/><V71/><F44/><AGARI ba="0,1" hai="7,8,13,14,16,23,42,44,48,49,51,97,103,106" machi="44" ten="40,5200,0" yaku="1,1,52,1,54,1,53,0" doraHai="99" doraHaiUra="135" who="0" fromWho="2" sc="214,62,276,0,170,-52,330,0" /><INIT seed="3,0,0,3,3,66" ten="276,276,118,330" oya="3" hai0="23,26,64,39,74,3,89,25,68,95,63,115,108" hai1="71,130,2,21,48,5,111,119,126,123,80,30,70" hai2="37,0,109,57,114,60,88,51,33,67,104,94,28" hai3="29,16,56,73,65,98,4,36,15,120,135,59,69"/><W41/><G120/><T78/><D3/><U27/><E123/><V42/><F0/><W22/><G73/><T7/><D39/><U55/><E111/><V91/><F109/><W1/><G135/><T79/><D108/><U45/><E126/><V129/><F104/><W49/><G36/><T87/><D115/><U77/><E130/><V86/><F114/><W105/><G69/><T31/><D74/><U84/><REACH who="1" step="1"/><E119/><REACH who="1" ten="276,266,118,330" step="2"/><V19/><F129/><W117/><G117/><T50/><D7/><U133/><E133/><V101/><F33/><W92/><G4/><T11/><D11/><AGARI ba="0,1" hai="2,5,11,21,27,30,45,48,55,70,71,77,80,84" machi="11" ten="40,8000,1" yaku="1,1,52,2,53,1" doraHai="66" doraHaiUra="72" who="1" fromWho="0" sc="276,-80,266,90,118,0,330,0" owari="196,-20.4,356,45.6,118,-38.2,330,13.0" /></mjloggm>