<mjloggm ver="2.3"><GO type="225" lobby="0"/><UN n0="%E9%9B%80%E6%A5%B5%E3%81%AE%E3%81%B8" n1="%E8%A8%88%E7%AE%97%E6%A9%9F%E8%87%AA%E7%84%B6" n2="%43%68%65" n3="%E3%83%9F%E3%83%AA%E3%83%80%E3%81%97%E3%82%88" dan="17,17,16,16" rate="2103.43,2198.25,2151.58,2102.83" sx="M,M,M,M"/><TAIKYOKU oya="0"/><INIT seed="0,0,0,5,3,118" ten="250,250,250,250" oya="0" hai0="97,38,81,82,130,60,85,71,19,33,8,2,111" hai1="83,133,53,17,43,20,12,0,39,67,36,31,49" hai2="132,32,5,46,10,116,45,108,27,54,30,58,68" hai3="92,79,114,59,34,37,77,65,57,48,47,106,4"/><T103/><D38/><U134/><E0/><V101/><F116/><W29/><G106/><T23/><D33/><U25/><E67/><V125/><F68/><W127/><G114/><T98/><D130/><U113/><E83/><V80/><F108/><W84/><G127/><T72/><D72/><U128/><E128/><V21/><F125/><W78/><G37/><T55/><D111/><U120/><E120/><V119/><F132/><N who="1" m="50793" /><E43/><V11/><F119/><W122/><G122/><T56/><D71/><U66/><E66/><V9/><F5/><W96/><G4/><T22/><D2/><U112/><E36/><V50/><F32/><W100/><G65/><T123/><D82/><U26/><E39/><V3/><F3/><W94/><G29/><T42/><D42/><U1/><E1/><V99/><REACH who="2" step="1"/><F80/><REACH who="2" ten="250,250,240,250" step="2"/><W62/><G34/><T73/><D81/><U117/><E117/><V70/><F70/><W95/><G94/><AGARI ba="0,1" hai="9,10,11,21,27,30,45,46,50,54,58,94,99,101" machi="94" ten="40,2600,0" yaku="1,1,8,1,53,0" doraHai="118" doraHaiUra="109" who="2" fromWho="3" sc="250,0,250,0,240,36,250,-26" /><INIT seed="1,0,0,3,1,42" ten="250,250,276,224" oya="1" hai0="17,9,0,74,68,16,4,128,126,99,71,35,92" hai1="27,26,24,37,88,36,130,50,102,96,98,41,84" hai2="48,31,40,131,104,122,134,32,133,83,3,61,82" hai3="12,95,21,62,59,64,129,45,63,135,101,58,123"/><U103/><E130/><V106/><F122/><W44/><G123/><T87/><D74/><U125/><E125/><V51/><F3/><W108/><G108/><T91/><D128/><U34/><E34/><V38/><F131/><W15/><G129/><T39/><D126/><U94/><E50/><V47/><F61/><W118/><G118/><T19/><D39/><U70/><E70/><V100/><F38/><W54/><G135/><N who="2" m="51721" /><F51/><W52/><G64/><T81/><REACH who="0" step="1"/><D35/><REACH who="0" ten="240,250,276,224" step="2"/><U11/><E11/><V127/><F127/><W8/><G21/><T120/><D120/><U119/><E119/><V115/><F115/><W43/><G43/><T86/><D86/><U111/><E111/><V13/><F32/><W72/><G72/><T113/><D113/><U1/><E41/><V49/><F40/><W69/><G69/><T67/><D67/><U85/><E85/><V80/><F106/><W76/><G76/><AGARI ba="0,1" hai="0,4,9,16,17,19,68,71,76,81,87,91,92,99" machi="76" ten="40,2600,0" yaku="1,1,54,1,53,0" doraHai="42" doraHaiUra="25" who="0" fromWho="3" sc="240,36,250,0,276,0,224,-26" /><INIT seed="2,0,0,2,4,64" ten="276,250,276,198" oya="2" hai0="87,72,66,31,129,5,16,73,80,37,24,61,44" hai1="90,30,11,43,104,4,93,78,1,50,22,46,116" hai2="107,26,102,123,96,39,84,101,108,92,89,118,6" hai3="132,21,76,27,8,121,2,98,112,12,124,85,34"/><V35/><F39/><W83/><G121/><T75/><D129/><U57/><E104/><V28/><F123/><W79/><G112/><T111/><D111/><U105/><E105/><V70/><F118/><W60/><G124/><T125/><D5/><U55/><E78/><V67/><F102/><W117/><G117/><T51/><D37/><U126/><E126/><V20/><F6/><W71/><G132/><T100/><D100/><U120/><E120/><V13/><F108/><W113/><G113/><T59/><D16/><U40/><E116/><V63/><REACH who="2" step="1"/><F13/><REACH who="2" ten="276,250,266,198" step="2"/><W33/><G2/><T109/><D109/><U53/><E1/><V45/><F45/><W69/><G12/><T3/><D125/><U127/><E127/><V32/><AGARI ba="0,1" hai="20,26,28,32,35,63,67,70,84,89,92,96,101,107" machi="32" ten="30,11700,0" yaku="1,1,0,1,52,1,53,1" doraHai="64" doraHaiUra="65" who="2" fromWho="2" sc="276,-39,250,-39,266,127,198,-39" /><INIT seed="2,1,0,5,4,20" ten="237,211,393,159" oya="2" hai0="52,46,49,12,108,32,8,99,104,80,22,26,69" hai1="83,36,88,17,24,87,75,101,113,124,84,42,103" hai2="41,7,122,0,62,39,127,55,65,58,120,119,125" hai3="93,25,3,45,23,81,111,105,73,13,131,107,53"/><V30/><F30/><W82/><G3/><T102/><D108/><U90/><E113/><V68/><F7/><W56/><G111/><T115/><D69/><U43/><E75/><V76/><F0/><W4/><G131/><T51/><D115/><U91/><E124/><N who="2" m="47691" /><F119/><W133/><G133/><T44/><D80/><U118/><E118/><V18/><F18/><W66/><G66/><T64/><D32/><U95/><E90/><V27/><F27/><W74/><G45/><T126/><D64/><U31/><E17/><V59/><F76/><W92/><G13/><T19/><D126/><U98/><E36/><V77/><F77/><W2/><G4/><T14/><D8/><U135/><E135/><V28/><F28/><W109/><G2/><T34/><D34/><U35/><REACH who="1" step="1"/><E103/><REACH who="1" ten="237,201,393,159" step="2"/><V71/><F122/><W54/><G109/><T89/><D89/><U47/><E47/><N who="2" m="23999" /><F120/><W60/><G74/><T63/><D63/><AGARI ba="1,1" hai="55,58,59,62,63,65,68,71" m="23999,47691" machi="63" ten="30,5800,0" yaku="18,1,34,2" doraHai="20" who="2" fromWho="0" sc="237,-61,201,0,393,71,159,0" /><INIT seed="2,2,0,2,1,68" ten="176,201,464,159" oya="2" hai0="135,127,133,125,106,79,44,80,54,74,17,130,56" hai1="81,6,120,99,72,119,40,9,0,100,39,67,18" hai2="15,37,93,19,113,51,117,71,8,86,131,64,2" hai3="1,5,103,69,46,89,112,134,21,115,13,62,70"/><V36/><F113/><W23/><G134/><N who="0" m="51211" /><D106/><N who="1" m="63775" /><E18/><V108/><F117/><W94/><G103/><T75/><D17/><U87/><E87/><V20/><F131/><W28/><G1/><T128/><D44/><N who="1" m="23583" /><E67/><V97/><F108/><W14/><G5/><T90/><D90/><U91/><E91/><V16/><F86/><W107/><G107/><T77/><D77/><N who="1" m="44199" /><E119/><V82/><F82/><W63/><G46/><T10/><D75/><U126/><E126/><N who="0" m="48137" /><D10/><U66/><E66/><V4/><F51/><AGARI ba="2,0" hai="51,54,56,74,79,80,128,130" m="48137,51211" machi="51" ten="30,7700,0" yaku="30,2,20,1,18,1" doraHai="68" who="0" fromWho="2" sc="176,83,201,0,464,-83,159,0" /><INIT seed="3,0,0,1,2,33" ten="259,201,381,159" oya="3" hai0="10,55,120,72,124,88,76,31,61,64,4,42,24" hai1="16,7,28,104,131,70,37,2,118,63,20,95,68" hai2="49,25,47,112,80,119,84,50,44,13,36,73,108" hai3="132,67,94,0,97,35,18,125,114,48,127,40,99"/><W74/><G114/><T85/><D120/><U126/><E104/><V45/><F36/><W14/><G74/><T83/><D55/><U116/><E37/><V79/><F119/><N who="1" m="45609" /><E28/><V66/><F112/><W98/><G132/><T89/><D42/><U57/><E126/><N who="3" m="48138" /><G67/><T38/><D38/><U106/><E106/><V15/><F66/><W60/><G60/><T87/><D87/><U75/><E75/><V134/><F108/><W103/><G35/><T129/><D124/><U6/><E131/><V102/><F134/><W59/><G0/><T100/><D129/><U123/><E95/><V121/><F121/><W51/><G59/><T34/><D72/><U43/><E43/><V12/><F73/><W54/><G54/><T58/><D100/><U110/><E110/><V26/><F102/><W133/><G133/><T9/><D9/><N who="1" m="2263" /><E7/><V92/><F92/><W1/><G1/><AGARI ba="0,0" hai="1,4,10,24,31,34,58,61,64,76,83,85,88,89" machi="1" ten="30,3900,0" yaku="7,1,52,1,54,1" doraHai="33" who="0" fromWho="3" sc="259,39,201,0,381,0,159,-39" owari="298,9.8,201,-19.9,381,48.1,120,-38.0" /></mjloggm>