<mjloggm ver="2.3"><GO type="225" lobby="0"/><UN n0="%E3%81%AF%E3%82%88%E3%81%8A%E3%81%98%E3%81%95%E3%82%93" n1="%E3%81%8C%E3%81%9F" n2="%E4%BA%95%E5%B8%AF" n3="%E3%82%A2%E3%83%BC%E3%83%A2%E3%83%AD%E3%83%BC%E3%83%B4%E3%82%A1" dan="17,17,16,16" rate="2167.27,2132.14,2050.90,2156.51" sx="M,M,M,M"/><TAIKYOKU oya="0"/><INIT seed="0,0,0,0,2,1" ten="250,250,250,250" oya="0" hai0="45,47,63,74,131,29,42,53,72,134,32,61,90" hai1="35,79,67,2,120,108,88,113,89,85,40,20,6" hai2="44,97,38,73,86,83,129,59,43,112,54,122,126" hai3="135,58,105,95,102,64,30,123,93,11,22,65,15"/><T51/><D131/><U10/><E120/><V66/><F112/><W28/><G135/><T17/><D134/><U34/><E108/><V12/><F122/><W71/><G71/><T111/><D111/><U115/><E40/><V3/><F129/><W55/><G105/><T84/><D17/><U109/><E109/><V117/><F126/><W130/><G130/><T76/><D76/><U56/><E79/><V7/><F117/><W31/><G22/><T94/><D29/><U8/><E20/><V9/><F97/><N who="3" m="59695" /><G95/><T18/><D32/><U116/><E116/><V78/><F66/><W68/><G68/><T82/><D18/><U114/><E10/><V106/><F106/><W128/><G128/><T70/><D82/><N who="1" m="49207" /><E89/><V101/><F101/><W49/><G123/><T69/><D70/><U16/><E16/><AGARI ba="0,0" hai="11,15,16,28,30,31,49,55,58,64,65" m="59695" machi="16" ten="30,2000,0" yaku="8,1,54,1" doraHai="1" who="3" fromWho="1" sc="250,0,250,-20,250,0,250,20" /><INIT seed="1,0,0,1,0,52" ten="250,230,250,270" oya="1" hai0="98,127,26,21,30,134,83,3,51,84,97,91,128" hai1="125,106,122,59,16,41,0,116,57,85,45,11,62" hai2="12,32,19,135,72,36,74,38,81,130,121,103,44" hai3="10,5,29,112,95,110,65,46,47,109,73,43,101"/><U63/><E116/><V68/><F121/><W48/><G112/><T6/><D127/><U18/><E122/><V79/><F130/><W67/><G73/><T87/><D128/><U7/><E106/><V77/><F135/><W15/><G29/><T4/><D134/><U133/><E125/><V94/><F32/><W24/><G24/><T104/><D3/><U107/><E85/><V58/><F68/><W66/><REACH who="3" step="1"/><G47/><REACH who="3" ten="250,230,250,260" step="2"/><T23/><D26/><U13/><E133/><V27/><F44/><W78/><G78/><T126/><D30/><U53/><E0/><V105/><F27/><W93/><G93/><T56/><D126/><U119/><E107/><V54/><F105/><W33/><G33/><T124/><D124/><U14/><E119/><V108/><F79/><W123/><G123/><T55/><D104/><U75/><E75/><V8/><F74/><W61/><G61/><T39/><D39/><U50/><E14/><V115/><F115/><W102/><G102/><T31/><D31/><U88/><E88/><V25/><F25/><W20/><G20/><T2/><D23/><U96/><REACH who="1" step="1"/><E96/><AGARI ba="0,1" hai="5,10,15,43,46,48,65,66,67,95,96,101,109,110" machi="96" ten="40,1300,0" yaku="1,1,53,0" doraHai="52" doraHaiUra="76" who="3" fromWho="1" sc="250,0,230,-13,250,0,260,23" /><INIT seed="2,0,0,1,3,133" ten="250,217,250,283" oya="2" hai0="26,35,29,122,54,85,89,18,115,111,69,53,118" hai1="40,41,108,71,45,132,28,96,109,64,131,88,60" hai2="30,72,79,14,0,62,99,125,34,121,127,11,100" hai3="91,81,9,25,68,123,2,3,126,77,13,87,50"/><V61/><F121/><W12/><G123/><T1/><D122/><U38/><E28/><V76/><F62/><W43/><G68/><T20/><D115/><U31/><E31/><V16/><F61/><W107/><G107/><T6/><D69/><U106/><E132/><V92/><F0/><W82/><G25/><T32/><D111/><N who="1" m="42571" /><E106/><V42/><F42/><W44/><G126/><N who="2" m="48137" /><F72/><W36/><G36/><T55/><D118/><U37/><E96/><V4/><F4/><W117/><G117/><T5/><D1/><U67/><E88/><V56/><F56/><W114/><G114/><T135/><D135/><U21/><E21/><V84/><F84/><W78/><G2/><T110/><D110/><U102/><E102/><V128/><F128/><W47/><G43/><T39/><D35/><U19/><E19/><V97/><F99/><W105/><G87/><T51/><D5/><U101/><E101/><V52/><F52/><W65/><G3/><T83/><D6/><U58/><E131/><V7/><F7/><W129/><G129/><T8/><D85/><U90/><E71/><V22/><F22/><W94/><G9/><T86/><D8/><U23/><E23/><V27/><AGARI ba="0,0" hai="11,14,16,27,30,34,76,79,92,97,100" m="48137" machi="27" ten="30,12000,1" yaku="18,1,52,3,54,1" doraHai="133" who="2" fromWho="2" sc="250,-40,217,-40,250,120,283,-40" /><INIT seed="2,1,0,0,2,35" ten="210,177,370,243" oya="2" hai0="3,77,87,65,94,97,51,92,28,89,104,19,74" hai1="23,107,76,72,79,50,129,99,49,123,10,69,128" hai2="119,115,126,73,133,134,2,120,16,13,113,82,15" hai3="14,42,33,108,47,135,66,114,61,112,4,118,34"/><V131/><F120/><W6/><G118/><T70/><D28/><U117/><E117/><V59/><F119/><W55/><G55/><T111/><D111/><U43/><E123/><V20/><F59/><W53/><G53/><T46/><D3/><U116/><E69/><V38/><F38/><W83/><G108/><T18/><D104/><U60/><E116/><V48/><F48/><N who="3" m="26743" /><G135/><N who="2" m="51721" /><F131/><N who="1" m="50249" /><E72/><V106/><F106/><W17/><G83/><T95/><D74/><U5/><E23/><V125/><F2/><W57/><G33/><T39/><D39/><U41/><E60/><V71/><F71/><W31/><G34/><T44/><D44/><N who="1" m="25743" /><E107/><V0/><F0/><W22/><G31/><T88/><D77/><U91/><E50/><V85/><F73/><W63/><G63/><T86/><D65/><U124/><E43/><V132/><F15/><W98/><G98/><T90/><D70/><U9/><E124/><N who="2" m="47723" /><F132/><W37/><G37/><T56/><D56/><U32/><E32/><V93/><F93/><W81/><G81/><T75/><D75/><U1/><E9/><V52/><F52/><AGARI ba="1,0" hai="18,19,46,51,52,86,87,88,89,90,92,94,95,97" machi="52" ten="30,8000,1" yaku="7,1,9,1,8,1,54,2" doraHai="35" who="0" fromWho="2" sc="210,83,177,0,370,-83,243,0" /><INIT seed="3,0,0,3,2,99" ten="293,177,287,243" oya="3" hai0="65,129,117,8,47,72,92,113,93,4,53,10,15" hai1="87,0,119,84,95,98,70,61,1,21,79,35,82" hai2="7,14,91,100,94,135,116,76,54,25,28,132,29" hai3="38,19,118,83,68,134,97,5,30,108,121,115,130"/><W36/><G118/><T45/><D117/><U43/><E35/><V40/><F116/><W18/><G68/><T80/><D129/><U109/><E119/><V9/><F40/><W49/><G115/><T60/><D113/><U24/><E109/><V67/><F67/><W133/><G121/><T51/><D45/><U17/><E43/><V78/><F54/><W62/><G5/><T64/><D64/><U3/><E70/><V39/><F39/><W127/><G30/><N who="2" m="11881" /><F25/><W96/><G62/><T81/><D8/><U55/><E79/><V122/><F122/><W73/><G49/><T102/><D72/><U26/><E26/><V126/><F126/><W31/><G31/><T50/><D50/><U6/><E6/><V90/><F78/><W22/><G73/><T41/><D53/><U37/><E82/><N who="0" m="31849" /><D102/><U105/><E105/><V23/><F23/><W103/><G22/><T20/><D20/><U120/><E37/><V46/><F46/><W101/><G83/><T77/><D77/><U11/><E11/><V2/><F2/><W44/><G44/><T85/><D85/><U56/><REACH who="1" step="1"/><E120/><REACH who="1" ten="293,167,287,243" step="2"/><V34/><F76/><W74/><G74/><T71/><D71/><U131/><E131/><V48/><F34/><W52/><G130/><T69/><D69/><U106/><E106/><V59/><F7/><W124/><G108/><T12/><D12/><U88/><AGARI ba="0,1" hai="0,1,3,17,21,24,55,56,61,84,87,88,95,98" machi="88" ten="30,8000,1" yaku="1,1,0,1,25,2,54,1,53,0" doraHai="99" doraHaiUra="63" who="1" fromWho="1" sc="293,-20,167,90,287,-20,243,-40" /><INIT seed="4,0,0,0,4,66" ten="273,257,267,203" oya="0" hai0="58,15,79,23,130,14,109,6,45,125,35,21,112" hai1="60,89,132,47,29,120,37,44,3,42,95,108,8" hai2="84,102,116,128,78,65,10,123,83,33,69,113,81" hai3="105,18,117,61,104,101,68,126,133,93,124,118,71"/><T75/><D35/><U30/><E108/><V20/><F123/><W86/><G133/><T0/><D0/><U110/><E110/><V111/><F111/><W43/><G43/><T94/><D109/><U50/><E120/><V90/><F33/><W129/><G129/><T2/><D2/><U38/><E132/><V67/><F128/><W7/><G7/><T103/><D130/><U32/><E60/><V99/><F113/><W76/><G18/><T119/><D119/><N who="3" m="45577" /><G61/><T28/><D112/><U57/><E57/><V22/><F10/><W12/><G12/><T114/><D114/><U91/><E32/><V41/><F41/><W56/><G56/><T1/><D1/><U115/><E115/><V87/><F116/><W88/><G76/><T52/><D45/><U24/><E24/><V106/><REACH who="2" step="1"/><F69/><REACH who="2" ten="273,257,257,203" step="2"/><N who="3" m="26699" /><G101/><T5/><D103/><U4/><E42/><V39/><F39/><W134/><G134/><T62/><D5/><U54/><E37/><V11/><F11/><W31/><G31/><T25/><D6/><U27/><E38/><V49/><F49/><W48/><G48/><T96/><D28/><U135/><E135/><V92/><F92/><W51/><G51/><T59/><D94/><U131/><E131/><V64/><AGARI ba="0,1" hai="20,22,64,65,67,78,81,83,84,87,90,99,102,106" machi="64" ten="30,2000,0" yaku="1,1,0,1,53,0" doraHai="66" doraHaiUra="9" who="2" fromWho="2" sc="273,-10,257,-5,257,30,203,-5" /><INIT seed="5,0,0,3,2,114" ten="263,252,287,198" oya="1" hai0="110,120,20,54,109,112,125,118,117,32,85,134,67" hai1="41,88,10,87,15,4,49,45,16,39,123,17,38" hai2="26,63,62,99,91,102,34,92,31,76,43,18,56" hai3="74,22,48,83,37,132,96,44,135,116,36,64,23"/><U107/><E123/><V75/><F43/><W1/><G1/><T128/><D32/><U59/><E107/><V111/><F111/><N who="0" m="42506" /><D20/><N who="3" m="7721" /><G64/><T131/><D85/><U55/><E38/><N who="3" m="14954" /><G96/><T14/><D14/><U90/><E90/><V42/><F42/><W80/><G74/><T101/><D101/><U28/><E28/><V126/><F18/><W58/><G58/><T24/><D24/><U77/><E77/><V78/><F63/><W71/><G71/><T29/><D29/><U12/><E12/><V108/><F108/><W30/><G30/><T82/><D82/><AGARI ba="0,0" hai="4,10,15,16,17,39,41,45,49,55,59,82,87,88" machi="82" ten="30,5800,0" yaku="7,1,54,2" doraHai="114" who="1" fromWho="0" sc="263,-58,252,58,287,0,198,0" owari="205,-19.5,310,41.0,287,8.7,198,-30.2" /></mjloggm>