<mjloggm ver="2.3"><GO type="225" lobby="0"/><UN n0="%E5%84%AA%40%41%42%43" n1="%65%6B%61%72%75%74%65" n2="%E8%81%B7%E6%A5%AD%E3%80%81%E9%A2%A8%32" n3="%E7%B4%94%E6%BD%94%E3%83%94%E3%83%A9%E3%83%8B%E3%82%A2" dan="18,16,16,18" rate="2247.80,2206.44,2129.55,2314.34" sx="M,M,M,M"/><TAIKYOKU oya="0"/><INIT seed="0,0,0,3,4,68" ten="250,250,250,250" oya="0" hai0="49,34,28,27,15,17,97,20,21,110,18,53,63" hai1="123,5,74,3,125,24,69,64,131,116,61,46,70" hai2="38,104,72,30,47,94,37,67,126,31,73,98,95" hai3="75,80,81,115,86,132,65,133,25,48,117,124,56"/><T39/><D110/><U134/><E116/><V122/><F122/><W55/><G117/><T7/><D7/><U6/><E123/><V10/><F126/><W119/><G119/><T41/><D63/><U79/><E74/><V50/><F67/><W101/><G101/><T4/><D4/><U129/><E79/><V22/><F10/><W108/><G108/><T118/><D118/><U76/><E76/><V77/><F104/><W87/><G65/><T42/><D97/><U9/><E6/><V121/><F121/><W57/><G25/><T19/><D39/><U26/><E70/><V2/><F2/><W127/><G48/><T23/><REACH who="0" step="1"/><D15/><REACH who="0" ten="240,250,250,250" step="2"/><U85/><E61/><V102/><F38/><W32/><G127/><T130/><D130/><U100/><E5/><V91/><F37/><W106/><G124/><T51/><D51/><U84/><E125/><V33/><F50/><W112/><G115/><T60/><D60/><U128/><E129/><V135/><F98/><W36/><G36/><T114/><D114/><U40/><E128/><V62/><F62/><W8/><G112/><T88/><D88/><U99/><E99/><V96/><F91/><W16/><G133/><T29/><D29/><U52/><E134/><V113/><F31/><W1/><G132/><T120/><D120/><U54/><E131/><V93/><F30/><W66/><G66/><T82/><D82/><U78/><E64/><V105/><F96/><W35/><G81/><T14/><D14/><U107/><E69/><V13/><F135/><W59/><G80/><T103/><D103/><U109/><E100/><RYUUKYOKU ba="0,1" sc="240,30,250,-10,250,-10,250,-10" hai0="17,18,19,20,21,23,27,28,34,41,42,49,53" /><INIT seed="0,1,1,1,5,83" ten="270,240,240,240" oya="0" hai0="64,19,10,118,87,29,30,61,86,25,56,90,85" hai1="116,26,34,28,125,16,117,4,62,7,47,48,73" hai2="131,129,110,37,121,102,104,96,1,112,105,23,120" hai3="67,13,55,94,22,21,72,38,45,98,9,97,93"/><T59/><D118/><U122/><E122/><N who="2" m="47211" /><F37/><W32/><G32/><T40/><D40/><U111/><E73/><V27/><F1/><W106/><G72/><T46/><D46/><U101/><E101/><N who="2" m="62503" /><F23/><N who="3" m="8715" /><G106/><T70/><D70/><U24/><E62/><V68/><F68/><W44/><G67/><T33/><D30/><U81/><E48/><V123/><F27/><W135/><G135/><T109/><D109/><U14/><E47/><N who="3" m="17994" /><G55/><T100/><D100/><U133/><E26/><V8/><F8/><W54/><G54/><T69/><REACH who="0" step="1"/><D90/><REACH who="0" ten="260,240,240,240" step="2"/><U41/><E41/><V78/><F110/><W63/><G38/><T114/><D114/><U12/><E111/><V36/><F112/><W42/><G42/><T113/><D113/><U5/><E28/><V49/><F123/><W108/><G108/><T103/><D103/><U35/><E117/><V91/><F102/><W3/><G98/><T124/><D124/><U53/><E125/><V128/><F91/><W134/><G97/><T119/><D119/><U115/><E116/><V52/><F105/><W71/><G71/><T65/><D65/><U74/><E115/><V6/><F36/><W127/><G127/><T126/><D126/><U92/><E35/><V66/><F66/><W88/><G88/><T39/><D39/><U99/><E34/><V58/><F6/><W132/><G134/><T76/><D76/><AGARI ba="1,2" hai="49,52,58,76,78,128,129,131" m="62503,47211" machi="76" ten="40,2600,0" yaku="19,1,54,1" doraHai="83" who="2" fromWho="0" sc="260,-29,240,0,240,49,240,0" /><INIT seed="1,0,0,1,5,14" ten="231,240,289,240" oya="1" hai0="47,48,42,102,105,115,50,106,123,59,29,134,7" hai1="66,122,76,34,87,67,113,11,23,97,90,112,116" hai2="4,119,125,71,10,18,53,56,124,63,8,46,22" hai3="28,24,129,70,78,107,57,58,114,111,20,80,96"/><U82/><E116/><V86/><F119/><W33/><G114/><T83/><D115/><U61/><E122/><V39/><F71/><W0/><G0/><T3/><D123/><U27/><E34/><V68/><F68/><W130/><G111/><T36/><D134/><U65/><E11/><V52/><F86/><N who="3" m="48407" /><G70/><T92/><D29/><U38/><E38/><V132/><F132/><W60/><G33/><T26/><D26/><U85/><E97/><V6/><F6/><W135/><G135/><T89/><D102/><U131/><E131/><N who="3" m="50186" /><G60/><T75/><D105/><U40/><E40/><N who="2" m="22815" /><F53/><W109/><G109/><T15/><D106/><U9/><E9/><V5/><F5/><W77/><G77/><N who="0" m="44479" /><D15/><U108/><E108/><V73/><F4/><W30/><G30/><T64/><D64/><U25/><E25/><N who="2" m="14551" /><F73/><W31/><G31/><T17/><D59/><N who="1" m="37055" /><E112/><V49/><F63/><W91/><G107/><T93/><D93/><AGARI ba="0,0" hai="20,24,28,57,58,91,93,96" m="50186,48407" machi="93" ten="30,1000,0" yaku="19,1" doraHai="14" who="3" fromWho="0" sc="231,-10,240,0,289,0,240,10" /><INIT seed="2,0,0,0,2,58" ten="221,240,289,250" oya="2" hai0="46,20,125,31,44,30,7,54,26,81,61,132,9" hai1="17,115,112,25,128,85,65,119,72,75,78,5,88" hai2="110,103,34,48,107,22,113,21,19,12,2,41,27" hai3="82,100,43,117,98,13,97,111,29,99,121,104,91"/><V84/><F113/><W80/><G43/><T42/><D132/><U74/><E119/><V106/><F34/><W15/><G117/><T67/><D125/><U131/><E65/><V108/><F2/><W76/><G29/><T123/><D123/><U83/><E17/><V6/><F84/><N who="3" m="50567" /><G15/><N who="0" m="5567" /><D67/><U32/><E5/><V87/><F87/><N who="3" m="48583" /><G13/><T93/><D81/><N who="1" m="49199" /><E25/><V23/><F6/><W64/><G64/><T101/><D31/><U114/><E32/><V35/><F35/><W120/><G111/><N who="2" m="42537" /><F103/><N who="3" m="62575" /><G98/><N who="0" m="59599" /><D42/><U3/><E3/><V11/><F27/><W79/><G79/><T77/><D77/><U133/><E133/><V118/><F118/><W56/><G56/><AGARI ba="0,0" hai="20,26,30,44,46,54,56,61" m="59599,5567" machi="56" ten="30,2000,0" yaku="8,1,52,1" doraHai="58" who="0" fromWho="3" sc="221,20,240,0,289,0,250,-20" /><INIT seed="3,0,0,2,0,119" ten="241,240,289,230" oya="3" hai0="86,50,20,116,76,123,131,95,72,83,60,114,74" hai1="71,68,77,109,106,46,40,79,27,89,32,113,104" hai2="3,42,93,120,33,100,26,41,34,133,11,18,25" hai3="21,19,99,14,54,12,121,23,31,24,53,13,75"/><W45/><G75/><N who="0" m="43423" /><D50/><U22/><E113/><V28/><F120/><W103/><G121/><T87/><D60/><U0/><E32/><V82/><F133/><W117/><G117/><T36/><D20/><U35/><E35/><V67/><F67/><W1/><G1/><T130/><D36/><U134/><E0/><V37/><F82/><W65/><G65/><T112/><D116/><U4/><E4/><V96/><F37/><W10/><G45/><T122/><D122/><U51/><E106/><V66/><F66/><W135/><G135/><T124/><D124/><U98/><E104/><V39/><F39/><W56/><G10/><T81/><D95/><U47/><E47/><V126/><F126/><W7/><G7/><T43/><D43/><U101/><E71/><V61/><F61/><W110/><G110/><T9/><D9/><U5/><E5/><V125/><F125/><W55/><REACH who="3" step="1"/><G56/><REACH who="3" ten="241,240,289,220" step="2"/><T90/><D123/><U17/><E109/><V88/><F3/><W97/><G97/><T70/><D70/><U2/><E68/><V8/><F8/><W48/><G48/><T115/><D87/><U102/><E2/><V107/><F11/><W91/><G91/><T105/><D105/><AGARI ba="0,1" hai="12,13,14,19,21,23,24,31,53,54,55,99,103,105" machi="105" ten="40,2000,0" yaku="1,1,53,0" doraHai="119" doraHaiUra="73" who="3" fromWho="0" sc="241,-20,240,0,289,0,220,30" /><INIT seed="3,1,0,0,5,73" ten="221,240,289,250" oya="3" hai0="74,109,103,65,106,57,68,86,54,52,41,23,21" hai1="127,129,47,123,61,83,51,16,36,122,100,82,45" hai2="121,70,105,56,64,38,59,133,4,110,30,130,92" hai3="11,14,40,126,94,17,80,125,12,62,114,55,9"/><W7/><G114/><T3/><D74/><U78/><E100/><V69/><F105/><W6/><G40/><T18/><D3/><U116/><E61/><V1/><F38/><W113/><G113/><T128/><D68/><U15/><E36/><V20/><F92/><W60/><G94/><T43/><D106/><U44/><E83/><V22/><F4/><W99/><G99/><T0/><D0/><U91/><E91/><V119/><F1/><W118/><G80/><T34/><D34/><U111/><E51/><V33/><F119/><W28/><G28/><T88/><D103/><U97/><E97/><V135/><F121/><W29/><G29/><T72/><D72/><U79/><E82/><V42/><F42/><N who="0" m="15882" /><D109/><U27/><E27/><N who="2" m="18655" /><F110/><W84/><G17/><T25/><D23/><N who="2" m="8746" /><F130/><W8/><G8/><T2/><D2/><U120/><E111/><V107/><F107/><W63/><G118/><T46/><D46/><U81/><E116/><V77/><F77/><N who="1" m="29193" /><E129/><V67/><F70/><W104/><G104/><T131/><D128/><U93/><E93/><V95/><F95/><W71/><G71/><T24/><D131/><U49/><E81/><V96/><F96/><W35/><G35/><T85/><D25/><U26/><E26/><V48/><F69/><W19/><G84/><N who="0" m="32363" /><D88/><U5/><E123/><V124/><F48/><W66/><G62/><AGARI ba="1,0" hai="18,21,24,52,54,57,62,65" m="32363,15882" machi="62" ten="30,2000,0" yaku="8,1,54,1" doraHai="73" who="0" fromWho="3" sc="221,23,240,0,289,0,250,-23" /><INIT seed="4,0,0,2,4,10" ten="244,240,289,227" oya="0" hai0="84,53,25,56,96,74,0,108,104,55,97,73,33" hai1="125,107,24,133,5,7,76,65,20,50,91,68,135" hai2="80,27,31,70,32,120,59,15,19,67,85,124,26" hai3="111,127,114,69,4,42,90,35,8,82,30,131,103"/><T128/><D0/><U16/><E107/><V45/><F120/><W113/><G111/><T2/><D2/><U99/><E125/><V12/><F124/><W115/><G127/><T71/><D71/><U78/><E50/><V123/><F123/><W34/><G69/><T66/><D66/><U54/><E54/><V93/><F70/><W126/><G126/><T17/><D104/><U92/><E65/><V105/><F105/><W58/><G103/><T119/><D119/><U60/><E60/><N who="2" m="38303" /><F93/><W28/><G42/><T117/><D117/><U47/><E47/><V29/><F45/><W6/><G58/><T77/><D55/><U116/><E116/><V14/><F32/><N who="3" m="12331" /><G131/><T61/><D128/><U130/><E130/><V21/><F27/><W48/><G48/><T72/><D108/><U11/><E5/><N who="3" m="2154" /><G8/><T89/><D77/><AGARI ba="0,0" hai="12,14,15,19,21,26,29,31,77,80,85" m="38303" machi="77" ten="30,7700,0" yaku="8,1,52,3" doraHai="10" who="2" fromWho="0" sc="244,-77,240,0,289,77,227,0" owari="167,-33.3,240,4.0,366,46.6,227,-17.3" /></mjloggm>