<mjloggm ver="2.3"><GO type="225" lobby="0"/><UN n0="%48%61%61%61%6C%61%6E%64" n1="%72%69%6F%75%63%68%61%6E" n2="%E3%82%B7%E3%83%B3%E5%A4%AA%E6%9C%97" n3="%E9%8A%80%E3%81%B0%E3%81%95%E3%81%BF" dan="17,17,16,17" rate="2162.94,2169.61,2177.21,2216.26" sx="M,M,M,M"/><TAIKYOKU oya="0"/><INIT seed="0,0,0,5,4,21" ten="250,250,250,250" oya="0" hai0="40,12,28,7,112,27,35,115,129,92,121,100,116" hai1="97,120,10,107,65,61,60,46,51,91,50,88,128" hai2="37,42,114,133,67,2,102,76,77,110,108,55,73" hai3="71,90,122,19,16,95,11,24,130,36,74,39,26"/><T44/><D116/><U22/><E128/><V8/><F114/><W43/><G122/><T103/><D121/><U113/><E120/><V58/><F133/><W17/><G71/><T96/><D129/><U33/><E33/><V81/><F77/><W72/><G130/><T79/><D79/><U87/><E113/><V30/><F30/><W49/><G49/><T106/><D103/><U69/><E10/><V3/><F102/><W75/><G11/><T86/><D7/><U124/><E124/><V80/><F67/><W32/><G32/><T57/><D12/><U119/><E119/><V31/><F31/><W20/><G43/><T70/><D57/><U83/><E61/><V1/><F81/><W109/><G109/><N who="2" m="42089" /><F42/><W4/><G4/><T66/><D86/><U62/><E62/><N who="2" m="36191" /><F37/><W78/><G78/><T104/><D92/><U135/><E135/><V68/><F68/><W101/><G101/><T47/><D106/><U38/><E107/><V53/><F53/><W9/><G9/><AGARI ba="0,0" hai="1,2,3,8,9,73,76,80" m="36191,42089" machi="9" ten="40,1300,0" yaku="14,1" doraHai="21" who="2" fromWho="3" sc="250,0,250,0,250,13,250,-13" /><INIT seed="1,0,0,2,3,0" ten="250,250,263,237" oya="1" hai0="98,70,75,36,9,105,28,127,64,110,40,18,35" hai1="79,80,117,42,130,106,131,14,20,6,123,86,135" hai2="39,112,22,74,101,68,56,43,114,119,54,129,62" hai3="73,126,2,133,47,109,17,120,92,90,72,84,11"/><U128/><E117/><V52/><F74/><W93/><G120/><T71/><D110/><U99/><E135/><V121/><F101/><W96/><G109/><T78/><D127/><U45/><E123/><V21/><F121/><W58/><G133/><T5/><D18/><U89/><E20/><V88/><F119/><W16/><G126/><T94/><D105/><U1/><E1/><V81/><F129/><W108/><G108/><T87/><D87/><U55/><E55/><V48/><F68/><W61/><G47/><N who="0" m="23943" /><D64/><U50/><E89/><V19/><F43/><W134/><G134/><T4/><D4/><U3/><E3/><V111/><F39/><W15/><G17/><T116/><D116/><U118/><E118/><V60/><F111/><W41/><G2/><N who="0" m="183" /><D94/><U7/><REACH who="1" step="1"/><E14/><REACH who="1" ten="250,240,263,237" step="2"/><V65/><F22/><W31/><G41/><T107/><D35/><U37/><E37/><V85/><F54/><W125/><G125/><T57/><D28/><U27/><E27/><N who="2" m="14783" /><F65/><W103/><G31/><T34/><D34/><U23/><E23/><V102/><F102/><AGARI ba="0,1" hai="6,7,42,45,50,79,80,86,99,102,106,128,130,131" machi="102" ten="40,12000,1" yaku="1,1,19,1,52,2,53,1" doraHai="0" doraHaiUra="82" who="1" fromWho="2" sc="250,0,240,130,263,-120,237,0" /><INIT seed="1,1,0,2,2,74" ten="250,370,143,237" oya="1" hai0="65,132,84,109,69,119,82,68,19,92,73,70,10" hai1="86,6,42,27,81,5,120,75,53,98,104,113,26" hai2="89,93,45,66,100,32,88,17,48,78,37,61,110" hai3="95,79,28,50,87,131,3,7,63,54,21,126,57"/><U29/><E113/><V11/><F110/><W12/><G131/><T33/><D109/><U91/><E120/><V99/><F32/><W108/><G108/><T127/><D119/><U25/><E42/><V105/><F37/><W107/><G107/><T31/><D127/><U62/><E29/><V47/><F47/><W30/><G3/><T71/><D132/><U106/><E75/><V102/><F105/><W16/><G7/><T34/><D73/><U133/><E133/><V56/><F78/><W67/><G126/><T118/><D118/><U90/><E106/><V39/><F39/><W121/><G121/><T123/><D123/><U134/><E134/><V59/><F59/><W77/><G95/><T9/><D92/><N who="1" m="56599" /><E104/><V125/><F125/><W38/><G38/><T85/><D85/><U15/><E15/><V52/><REACH who="2" step="1"/><F102/><REACH who="2" ten="250,370,133,237" step="2"/><W8/><G79/><T0/><D33/><U40/><E40/><V14/><AGARI ba="1,1" hai="11,14,17,45,48,52,56,61,66,88,89,93,99,100" machi="14" ten="30,12000,2" yaku="1,1,2,1,0,1,8,1,54,2,53,1" doraHai="74" doraHaiUra="58" who="2" fromWho="2" sc="250,-31,370,-61,133,133,237,-31" /><INIT seed="2,0,0,3,4,82" ten="219,309,266,206" oya="2" hai0="75,68,1,84,115,123,37,106,129,97,56,45,7" hai1="35,89,48,19,110,23,88,79,22,21,0,47,26" hai2="67,54,15,99,118,93,8,108,104,14,119,18,107" hai3="36,49,83,2,71,76,78,10,105,64,16,85,9"/><V91/><F67/><W27/><G36/><T57/><D123/><U63/><E110/><V60/><F108/><W128/><G105/><T66/><D115/><U4/><E79/><V29/><F29/><W130/><G76/><T3/><D75/><U90/><E35/><V101/><F107/><W20/><G49/><T39/><D129/><N who="3" m="49769" /><G2/><T59/><D3/><U131/><E131/><V126/><F126/><W41/><G41/><T46/><D1/><U100/><E100/><V52/><F60/><AGARI ba="0,0" hai="9,10,16,20,27,60,64,71,78,83,85" m="49769" machi="60" ten="30,3900,0" yaku="19,1,52,1,54,1" doraHai="82" who="3" fromWho="2" sc="219,0,309,0,266,-39,206,39" /><INIT seed="3,0,0,0,4,67" ten="219,309,227,245" oya="3" hai0="52,64,76,70,68,82,39,50,14,10,118,71,17" hai1="28,30,61,31,18,45,130,24,93,7,26,102,134" hai2="16,125,74,19,32,113,55,40,90,128,34,23,124" hai3="109,8,120,41,95,115,4,103,105,53,135,25,12"/><W29/><G120/><T44/><D118/><U119/><E119/><V96/><F113/><W127/><G115/><T80/><D39/><U43/><E130/><V62/><F74/><W112/><G112/><T56/><D82/><U42/><E134/><V11/><F40/><N who="1" m="15401" /><E7/><V58/><F128/><W77/><G105/><T3/><D3/><U126/><E126/><N who="2" m="48747" /><F11/><W73/><G109/><T57/><REACH who="0" step="1"/><D64/><REACH who="0" ten="209,309,227,245" step="2"/><U20/><E45/><V84/><F96/><W2/><G2/><T9/><D9/><U33/><E33/><N who="2" m="12907" /><F23/><W108/><G127/><T36/><D36/><U38/><E38/><V131/><F131/><W51/><G8/><T98/><D98/><U91/><E20/><V87/><F87/><AGARI ba="0,1" hai="10,14,17,44,50,52,56,57,68,70,71,76,80,87" machi="87" ten="40,8000,1" yaku="1,1,52,3,54,1,53,0" doraHai="67" doraHaiUra="129" who="0" fromWho="2" sc="209,90,309,0,227,-80,245,0" owari="299,9.9,309,40.9,147,-35.3,245,-15.5" /></mjloggm>