<mjloggm ver="2.3"><GO type="225" lobby="0"/><UN n0="%E3%82%B7%E3%83%B3%E5%A4%AA%E6%9C%97" n1="%6D%75%75%6D%75%72%61" n2="%E6%97%A5%E6%9B%9C%E6%97%A5%E3%82%88%E3%82%8A%E3%81%AE%E4%BD%BF%E8%80%85" n3="%43%68%65" dan="16,16,17,16" rate="2117.54,2102.38,2207.39,2171.02" sx="M,F,M,M"/><TAIKYOKU oya="0"/><INIT seed="0,0,0,3,1,41" ten="250,250,250,250" oya="0" hai0="86,5,114,106,120,99,28,88,115,44,84,78,65" hai1="53,32,1,100,69,20,117,46,43,26,132,39,67" hai2="76,77,91,119,36,90,61,50,103,38,116,112,98" hai3="129,83,8,22,12,81,40,45,2,73,62,80,102"/><T17/><D120/><U72/><E117/><N who="2" m="45131" /><F61/><W6/><G129/><T109/><D109/><U64/><E132/><V85/><F50/><W71/><G102/><T57/><D28/><U95/><E72/><V87/><F36/><W19/><G62/><T124/><D124/><U24/><E69/><V125/><F38/><W3/><G71/><T51/><D5/><U126/><E1/><V34/><F34/><W37/><REACH who="3" step="1"/><G3/><REACH who="3" ten="250,250,250,240" step="2"/><T29/><D115/><U107/><E100/><V9/><F112/><W7/><G7/><T122/><D114/><U118/><E118/><V128/><F128/><W4/><G4/><T10/><D122/><U131/><E131/><V30/><F125/><W111/><G111/><T35/><D106/><U55/><E126/><V63/><F63/><W89/><G89/><T121/><D88/><N who="2" m="33834" /><F30/><W31/><G31/><T56/><D29/><U104/><E32/><V52/><F103/><W54/><G54/><T21/><D35/><U60/><E60/><V42/><F52/><W75/><AGARI ba="0,1" hai="2,6,8,12,19,22,37,40,45,73,75,80,81,83" machi="75" ten="30,4000,0" yaku="1,1,0,1,52,1,53,0" doraHai="41" doraHaiUra="82" who="3" fromWho="3" sc="250,-20,250,-10,250,-10,240,50" /><INIT seed="1,0,0,0,4,11" ten="230,240,240,290" oya="1" hai0="13,108,46,49,71,116,122,1,41,91,82,15,109" hai1="36,45,130,74,73,113,4,38,111,33,66,23,112" hai2="59,53,80,26,55,5,129,103,106,110,63,30,21" hai3="60,54,29,10,90,22,83,43,27,89,8,65,52"/><U128/><E33/><V28/><F110/><N who="0" m="42602" /><D116/><U100/><E111/><V134/><F129/><N who="1" m="49769" /><E45/><V12/><F134/><W104/><G104/><T117/><D117/><U135/><E135/><V121/><F121/><W92/><G43/><T39/><D122/><U77/><E77/><V6/><F106/><W9/><G83/><T107/><D107/><U126/><E100/><V99/><F30/><W101/><G90/><T132/><D132/><U0/><E126/><V98/><F80/><W25/><G25/><T96/><D1/><U19/><E66/><V67/><F5/><W84/><REACH who="3" step="1"/><G101/><REACH who="3" ten="230,240,240,280" step="2"/><T94/><D71/><AGARI ba="0,1" hai="8,9,10,22,27,29,52,54,60,65,71,84,89,92" machi="71" ten="40,5200,0" yaku="1,1,2,1,54,1,53,0" doraHai="11" doraHaiUra="75" who="3" fromWho="0" sc="230,-52,240,0,240,0,280,62" /><INIT seed="2,0,0,2,3,33" ten="178,240,240,342" oya="2" hai0="104,46,29,116,67,112,22,20,37,5,63,16,66" hai1="117,83,82,129,61,99,68,52,75,77,14,28,125" hai2="71,26,23,113,91,18,90,24,49,41,19,108,107" hai3="4,78,81,101,131,130,39,50,121,110,44,115,86"/><V97/><F113/><W17/><G115/><T80/><D116/><U118/><E125/><V55/><F71/><W56/><G121/><T84/><D112/><U58/><E129/><V38/><F38/><W36/><G110/><T47/><D104/><U88/><E68/><V76/><F76/><W70/><G70/><T1/><D67/><U32/><E14/><V27/><F41/><W53/><G4/><T103/><D103/><U106/><E106/><V30/><F108/><W85/><G101/><T134/><D134/><U3/><E3/><V64/><F64/><W96/><G96/><T31/><D37/><U128/><E128/><N who="3" m="49194" /><G17/><N who="2" m="6153" /><F107/><W54/><G86/><T94/><D94/><U72/><E72/><V65/><F65/><W133/><G133/><T126/><D126/><U48/><E61/><AGARI ba="0,0" hai="36,39,44,50,53,54,56,61,78,81,85" m="49194" machi="61" ten="30,1000,0" yaku="19,1" doraHai="33" who="3" fromWho="1" sc="178,0,240,-10,240,0,342,10" /><INIT seed="3,0,0,4,2,9" ten="178,230,240,352" oya="3" hai0="66,71,75,40,36,116,105,92,77,73,135,129,22" hai1="67,5,14,130,25,59,126,112,33,74,128,133,41" hai2="64,26,89,16,6,132,24,58,91,31,90,50,110" hai3="85,61,10,27,52,17,45,34,111,134,12,82,35"/><W93/><G134/><T79/><D66/><U102/><E133/><V124/><F132/><W44/><G111/><T122/><D71/><U18/><E112/><V78/><F110/><W76/><G45/><T7/><D135/><U23/><E126/><V120/><F6/><W47/><G47/><T2/><D122/><U98/><E74/><V103/><F103/><W42/><G93/><T80/><D116/><U39/><E39/><V119/><F78/><W32/><G27/><T63/><D63/><N who="1" m="38399" /><E41/><V94/><F124/><W19/><G19/><T108/><D108/><U62/><E62/><V86/><F50/><W60/><REACH who="3" step="1"/><G52/><REACH who="3" ten="178,230,240,342" step="2"/><T13/><D105/><U100/><E100/><V4/><F94/><W68/><G68/><T104/><D104/><U88/><E102/><V101/><F16/><W57/><G57/><T97/><D129/><U83/><E98/><V81/><F58/><W69/><G69/><T43/><D36/><AGARI ba="0,1" hai="10,12,17,32,34,35,36,42,44,60,61,76,82,85" machi="36" ten="40,12000,1" yaku="1,1,52,1,53,3" doraHai="9" doraHaiUra="29" who="3" fromWho="0" sc="178,-120,230,0,240,0,342,130" owari="58,-44.2,230,-17.0,240,4.0,472,57.2" /></mjloggm>