<mjloggm ver="2.3"><GO type="225" lobby="0"/><UN n0="%73%6C%69%63%6B%33%31%39" n1="%E8%81%B7%E6%A5%AD%E3%80%81%E9%A2%A8%32" n2="%72%69%6F%75%63%68%61%6E" n3="%45%6C%79%73%69%75%6D" dan="17,16,17,18" rate="2190.47,2078.58,2228.70,2149.87" sx="M,M,M,F"/><TAIKYOKU oya="0"/><INIT seed="0,0,0,4,3,0" ten="250,250,250,250" oya="0" hai0="78,32,70,41,124,38,130,8,95,76,31,94,39" hai1="42,40,50,18,80,11,87,104,52,72,24,66,118" hai2="79,65,37,59,75,60,26,9,115,48,44,19,98" hai3="30,33,73,49,10,21,110,77,91,6,34,62,132"/><T23/><D70/><U88/><E104/><V57/><F115/><W107/><G107/><T129/><D23/><U85/><E72/><V2/><F98/><W14/><G110/><T128/><D8/><U113/><E118/><V83/><F26/><W67/><G132/><T53/><D53/><U15/><E113/><V112/><F112/><W99/><G49/><T46/><D39/><U47/><E66/><V35/><F35/><W5/><G5/><T1/><D1/><U63/><E63/><V68/><F19/><W106/><G77/><N who="0" m="29803" /><D124/><U108/><E108/><V58/><F37/><W116/><G73/><T92/><D31/><U7/><E87/><V100/><F100/><W102/><G116/><T86/><D32/><U131/><E131/><V89/><F89/><AGARI ba="0,0" hai="38,41,46,86,89,92,94,95,128,129,130" m="29803" machi="89" ten="40,2000,0" yaku="19,1" doraHai="0" who="0" fromWho="2" sc="250,20,250,0,250,-20,250,0" /><INIT seed="0,1,0,3,4,99" ten="270,250,230,250" oya="0" hai0="56,12,4,37,52,101,17,91,45,3,13,2,26" hai1="119,33,76,95,73,60,63,25,24,85,39,97,29" hai2="70,74,8,75,100,65,48,123,49,83,108,112,89" hai3="22,115,130,77,14,129,109,38,51,54,7,113,50"/><T102/><D2/><U135/><E119/><V27/><F123/><W132/><G77/><T16/><D3/><U92/><E39/><V71/><F112/><W1/><G38/><T46/><D4/><U55/><E135/><V62/><F108/><W106/><G106/><T82/><D26/><N who="1" m="10347" /><E73/><V133/><F133/><W59/><G132/><T78/><D37/><U93/><E29/><V23/><F70/><W107/><G107/><T128/><D128/><N who="3" m="49257" /><G109/><T68/><D68/><U0/><E33/><V67/><F67/><W18/><G51/><N who="0" m="30751" /><D78/><U134/><E0/><V30/><F100/><N who="0" m="38506" /><D91/><N who="1" m="55455" /><E134/><V28/><F28/><W66/><G1/><T81/><D82/><N who="1" m="47303" /><E63/><V104/><F104/><W72/><G72/><T6/><D6/><U21/><E21/><V103/><F75/><W10/><G7/><T122/><D81/><U41/><E41/><V90/><F74/><W20/><G113/><T57/><D122/><U80/><E80/><V110/><F83/><W15/><G115/><T40/><D40/><U36/><E36/><V9/><F110/><W127/><G14/><N who="0" m="5739" /><D57/><AGARI ba="1,0" hai="55,57,60,93,95" m="47303,55455,10347" machi="57" ten="30,1000,0" yaku="8,1" doraHai="99" who="1" fromWho="0" sc="270,-13,250,13,230,0,250,0" /><INIT seed="1,0,0,2,2,18" ten="257,263,230,250" oya="1" hai0="83,52,47,23,110,6,127,48,112,8,82,36,28" hai1="92,55,123,109,108,118,81,121,46,60,2,31,93" hai2="14,29,131,27,124,61,7,35,17,85,126,1,129" hai3="125,53,67,24,97,116,13,16,88,39,134,132,103"/><U75/><E2/><V5/><F85/><W26/><G39/><T15/><D112/><U86/><E118/><V10/><F61/><W45/><G116/><T77/><D110/><N who="1" m="42603" /><E75/><V0/><F0/><W95/><G67/><T87/><D127/><N who="2" m="48682" /><F5/><W71/><G71/><T120/><D36/><U40/><E31/><V69/><F69/><W100/><G125/><T117/><D117/><U32/><E32/><V38/><F38/><W21/><G132/><T73/><D120/><N who="1" m="46155" /><E60/><V34/><F35/><W41/><G134/><T106/><D106/><U115/><E115/><V56/><F56/><W33/><G41/><T74/><REACH who="0" step="1"/><D82/><REACH who="0" ten="247,263,230,250" step="2"/><U105/><E105/><V119/><F119/><W57/><G33/><T114/><D114/><U99/><E81/><V101/><F101/><N who="3" m="38987" /><G45/><T79/><D79/><U130/><E46/><V9/><AGARI ba="0,1" hai="1,7,9,10,14,17,27,29,34,129,131" m="48682" machi="9" ten="30,4000,0" yaku="18,1,34,2" doraHai="18" who="2" fromWho="2" sc="247,-10,263,-20,230,50,250,-10" /><INIT seed="2,0,0,3,5,90" ten="237,243,280,240" oya="2" hai0="109,129,63,94,45,121,29,68,91,128,35,60,74" hai1="107,120,122,39,70,56,36,81,99,104,78,18,62" hai2="24,111,48,8,25,37,87,31,119,50,54,133,1" hai3="27,23,73,124,51,115,92,58,86,131,126,76,89"/><V113/><F113/><W41/><G115/><T47/><D74/><N who="1" m="43223" /><E18/><V4/><F133/><W44/><G131/><N who="0" m="50251" /><D121/><N who="1" m="46699" /><E70/><V83/><F119/><W14/><G73/><T5/><D5/><U0/><E0/><V71/><F111/><W16/><G76/><T67/><D63/><U12/><E12/><V103/><F37/><N who="1" m="14409" /><E99/><V22/><F71/><W79/><G79/><T15/><D15/><U102/><E102/><V2/><F103/><W117/><G117/><T95/><D109/><U17/><E17/><V30/><F1/><W106/><G106/><T98/><D94/><U42/><E42/><V82/><F87/><W80/><G80/><T33/><D29/><U28/><E28/><V7/><F7/><W53/><REACH who="3" step="1"/><G14/><REACH who="3" ten="237,243,280,230" step="2"/><T77/><D77/><U100/><E107/><V84/><F83/><W114/><G114/><T97/><D97/><U65/><E104/><V55/><F82/><W52/><G52/><T38/><D38/><AGARI ba="0,1" hai="16,23,27,38,41,44,51,53,58,86,89,92,124,126" machi="38" ten="40,5200,0" yaku="1,1,52,1,54,1,53,0" doraHai="90" doraHaiUra="75" who="3" fromWho="0" sc="237,-52,243,0,280,0,230,62" /><INIT seed="3,0,0,4,1,46" ten="185,243,280,292" oya="3" hai0="90,71,72,135,130,122,85,82,25,116,9,68,34" hai1="81,52,8,78,15,120,115,42,51,134,39,40,29" hai2="59,103,18,100,101,36,94,13,105,84,67,48,12" hai3="109,23,89,118,14,129,60,121,24,49,30,104,28"/><W4/><G118/><T114/><D122/><U7/><E115/><V69/><F36/><W132/><G121/><T91/><D116/><U54/><E39/><V43/><F105/><W20/><G104/><T45/><D72/><U1/><E134/><V70/><F70/><W102/><G132/><T112/><D135/><U107/><E107/><V5/><F5/><W38/><G38/><T127/><D130/><U63/><E1/><V73/><F73/><W6/><G102/><T77/><D127/><U79/><E29/><V44/><F69/><N who="0" m="26698" /><D9/><U66/><E120/><V11/><F12/><W56/><G129/><T111/><D111/><U61/><E81/><V92/><F84/><W99/><G109/><T2/><D2/><U3/><E3/><V53/><F43/><W65/><G49/><T10/><D10/><U57/><E78/><V22/><F11/><W97/><G89/><T87/><D87/><U113/><E79/><V86/><F86/><W50/><G50/><T95/><D95/><N who="2" m="36394" /><F67/><W80/><G80/><T62/><D62/><U41/><E63/><V17/><F18/><N who="3" m="10327" /><G28/><N who="0" m="19727" /><D45/><AGARI ba="0,0" hai="13,17,22,44,45,48,53,59,100,101,103" m="36394" machi="45" ten="30,2000,0" yaku="8,1,52,1" doraHai="46" who="2" fromWho="0" sc="185,-20,243,0,280,20,292,0" owari="165,-33.5,243,-15.7,300,40.0,292,9.2" /></mjloggm>