<mjloggm ver="2.3"><GO type="225" lobby="0"/><UN n0="%E3%82%B2%E3%82%B9%E8%8C%82%E5%8B%9D" n1="%E6%A1%9C%E8%8A%B1%E9%96%83%E3%80%85" n2="%E3%81%B5%E3%81%98%E3%81%8B%E3%81%A4" n3="%E5%A4%9C%E3%81%AE%E3%82%AC%E3%82%B9%E3%83%91%E3%83%BC%E3%83%AB" dan="16,16,16,17" rate="2070.85,2145.14,2146.79,2235.08" sx="F,M,M,M"/><TAIKYOKU oya="0"/><INIT seed="0,0,0,5,0,63" ten="250,250,250,250" oya="0" hai0="3,72,132,61,80,64,88,134,123,45,122,135,117" hai1="97,55,8,48,60,131,32,92,44,14,58,130,89" hai2="52,103,86,77,100,24,39,11,126,41,87,91,74" hai3="78,53,110,6,95,19,68,42,31,129,1,98,75"/><T67/><D3/><U81/><E32/><V17/><F126/><W34/><G110/><T120/><D117/><U36/><E36/><V35/><F39/><W70/><G42/><T85/><D72/><U57/><E81/><N who="2" m="47407" /><F35/><W114/><G114/><T25/><D25/><U51/><E58/><V73/><F41/><W16/><G129/><T27/><D27/><U4/><REACH who="1" step="1"/><E51/><REACH who="1" ten="250,240,250,250" step="2"/><V93/><F74/><W99/><G34/><T37/><D61/><U15/><E15/><N who="2" m="7423" /><F73/><W13/><G75/><T96/><D96/><U62/><E62/><V108/><F24/><W38/><G38/><T84/><D85/><U90/><E90/><V107/><F108/><W30/><G13/><T0/><D0/><U101/><E101/><V47/><F107/><W112/><G1/><T133/><D133/><U79/><E79/><V59/><F47/><W43/><G78/><T111/><D111/><U102/><E102/><V115/><F115/><W105/><G112/><T20/><D20/><U66/><AGARI ba="0,1" hai="4,8,14,44,48,55,57,60,66,89,92,97,130,131" machi="66" ten="30,4000,0" yaku="1,1,0,1,52,1,53,0" doraHai="63" doraHaiUra="65" who="1" fromWho="1" sc="250,-20,240,50,250,-10,250,-10" /><INIT seed="1,0,0,2,5,42" ten="230,290,240,240" oya="1" hai0="125,50,36,15,59,53,94,6,85,92,134,109,8" hai1="131,14,16,124,91,65,22,27,30,110,123,4,34" hai2="102,127,0,101,19,56,18,70,88,35,67,111,58" hai3="13,73,44,5,104,55,126,105,113,75,99,54,71"/><U66/><E123/><V114/><F0/><W2/><G113/><T33/><D109/><U45/><E131/><V80/><F35/><W119/><G2/><T120/><D120/><U112/><E112/><V64/><F114/><W79/><G71/><T90/><D125/><U116/><E116/><V118/><F118/><W77/><G119/><T122/><D122/><U47/><E124/><V74/><F111/><W97/><G13/><T43/><D134/><U38/><E110/><V83/><F127/><W11/><G126/><T9/><D33/><U10/><E91/><V87/><F70/><W68/><G68/><T24/><D24/><U28/><E38/><V135/><F135/><W95/><G11/><T61/><D8/><U25/><REACH who="1" step="1"/><E30/><REACH who="1" ten="230,280,240,240" step="2"/><V48/><F88/><W93/><G5/><T69/><D36/><U1/><E1/><V49/><REACH who="2" step="1"/><F74/><REACH who="2" ten="230,280,230,240" step="2"/><W132/><REACH who="3" step="1"/><G132/><REACH who="3" ten="230,280,230,230" step="2"/><T31/><D90/><U128/><E128/><V63/><F63/><W84/><G84/><AGARI ba="0,3" hai="18,19,48,49,56,58,64,67,80,83,84,87,101,102" machi="84" ten="25,6400,0" yaku="1,1,22,2,8,1,53,0" doraHai="42" doraHaiUra="115" who="2" fromWho="3" sc="230,0,280,0,230,94,230,-64" /><INIT seed="2,0,0,5,3,63" ten="230,280,324,166" oya="2" hai0="57,1,26,70,39,10,123,135,124,71,106,52,99" hai1="8,48,5,84,127,126,85,18,97,132,98,53,105" hai2="6,95,130,55,13,47,116,120,118,121,19,41,43" hai3="108,45,51,72,25,54,64,31,117,4,91,112,66"/><V35/><F35/><W115/><G117/><T100/><D123/><U81/><E18/><V11/><F130/><W122/><G122/><T86/><D124/><N who="1" m="47659" /><E132/><V15/><F121/><W61/><G72/><T82/><D135/><U44/><E105/><V94/><F120/><W7/><G108/><T134/><D134/><U46/><E46/><V12/><F12/><W28/><G61/><T0/><D39/><U83/><E85/><V119/><F55/><W104/><G91/><T2/><D10/><U37/><E37/><V23/><REACH who="2" step="1"/><F41/><REACH who="2" ten="230,280,314,166" step="2"/><W32/><G104/><T67/><D26/><U92/><E53/><V65/><F65/><N who="3" m="25195" /><G31/><T56/><D67/><U110/><E110/><V75/><F75/><W107/><G107/><T21/><D0/><U22/><E8/><V36/><AGARI ba="0,1" hai="6,11,13,15,19,23,36,43,47,94,95,116,118,119" machi="36" ten="30,3000,0" yaku="1,1,0,1,53,0" doraHai="63" doraHaiUra="125" who="2" fromWho="2" sc="230,-10,280,-10,314,40,166,-10" /><INIT seed="2,1,0,4,1,84" ten="220,270,354,156" oya="2" hai0="94,50,117,90,48,101,5,14,47,135,2,85,43" hai1="54,31,0,35,41,18,86,12,106,80,69,118,11" hai2="53,130,110,124,36,68,70,17,104,122,22,100,23" hai3="66,73,78,82,83,67,26,60,20,4,126,97,15"/><V131/><F122/><W1/><G126/><T16/><D135/><U134/><E118/><V121/><F36/><W123/><G123/><T8/><D117/><U40/><E134/><V93/><F121/><W55/><G1/><T81/><D101/><U21/><E106/><V6/><F104/><W88/><G55/><T38/><REACH who="0" step="1"/><D81/><REACH who="0" ten="210,270,354,156" step="2"/><U115/><E115/><V132/><F100/><W89/><G83/><T112/><D112/><U133/><E133/><V92/><F132/><W29/><G97/><T109/><D109/><U79/><E80/><V107/><F110/><W44/><G44/><T102/><D102/><U113/><E113/><V72/><F124/><W58/><REACH who="3" step="1"/><G67/><REACH who="3" ten="210,270,354,146" step="2"/><T10/><AGARI ba="1,2" hai="2,5,8,10,14,16,38,43,47,48,50,85,90,94" machi="10" ten="20,8000,1" yaku="1,1,0,1,7,1,52,1,54,1,53,0" doraHai="84" doraHaiUra="95" who="0" fromWho="0" sc="210,103,270,-21,354,-41,146,-21" /><INIT seed="3,0,0,4,1,60" ten="313,249,313,125" oya="3" hai0="43,103,17,122,86,39,9,85,72,49,52,25,80" hai1="123,4,116,69,46,70,73,108,83,66,2,24,81" hai2="13,115,23,87,76,79,5,106,65,93,133,107,82" hai3="54,117,91,40,38,74,29,92,42,110,41,53,94"/><W33/><G117/><T16/><D122/><U102/><E123/><V63/><F115/><W64/><G74/><T89/><D72/><U118/><E102/><V128/><F133/><W18/><G38/><T100/><D39/><U125/><E108/><V32/><F32/><W1/><G1/><T21/><D43/><U15/><E15/><V20/><F76/><W75/><G75/><T101/><D86/><U28/><E46/><V6/><F128/><W55/><G110/><T109/><D109/><U68/><E125/><V30/><F93/><W119/><G119/><N who="1" m="45610" /><E73/><V121/><F121/><W45/><G45/><N who="0" m="27695" /><D9/><N who="1" m="2199" /><E66/><V124/><F124/><W62/><G18/><AGARI ba="0,0" hai="16,17,18,21,25,80,85,89,100,101,103" m="27695" machi="18" ten="30,3900,0" yaku="8,1,54,2" doraHai="60" who="0" fromWho="3" sc="313,39,249,0,313,0,125,-39" owari="352,45.2,249,-15.1,313,11.3,86,-41.4" /></mjloggm>