<mjloggm ver="2.3"><GO type="225" lobby="0"/><UN n0="%E5%A4%96%E5%B7%9D%E7%AB%9C%E6%88%90" n1="%6D%75%75%6D%75%72%61" n2="%E7%AD%89%E3%80%85%E5%8A%9B%E5%8A%87%E5%A0%B4" n3="%6B%65%6E%6E%64%69" dan="16,16,16,16" rate="2217.25,2162.06,2124.70,2159.13" sx="M,F,M,M"/><TAIKYOKU oya="0"/><INIT seed="0,0,0,2,4,11" ten="250,250,250,250" oya="0" hai0="62,78,104,116,60,31,114,101,125,68,70,40,95" hai1="38,0,110,119,91,51,123,103,61,29,115,24,3" hai2="84,52,34,26,19,118,42,35,81,117,4,55,75" hai3="10,107,17,5,93,25,12,108,90,96,98,134,63"/><T37/><D114/><U15/><E38/><V72/><F4/><W109/><G134/><T79/><D104/><U106/><E119/><N who="2" m="45579" /><F42/><W7/><G63/><T23/><D116/><U74/><E123/><V16/><F75/><W85/><G98/><T113/><D95/><U53/><E74/><V121/><F72/><W92/><G107/><T100/><D23/><U56/><E110/><N who="3" m="42602" /><G25/><T120/><D31/><U69/><E115/><V127/><F121/><W8/><G10/><T28/><D37/><U45/><E69/><V49/><F127/><W50/><G50/><T88/><D28/><U13/><E3/><V89/><F55/><W77/><G77/><T39/><D39/><U105/><E0/><V33/><F26/><W131/><G131/><T112/><D40/><U47/><E91/><AGARI ba="0,0" hai="5,7,8,12,17,85,90,91,92,93,96" m="42602" machi="91" ten="30,2000,0" yaku="14,1,52,1" doraHai="11" who="3" fromWho="1" sc="250,0,250,-20,250,0,250,20" /><INIT seed="1,0,0,1,0,87" ten="250,230,250,270" oya="1" hai0="89,69,96,22,124,61,30,95,110,76,59,70,72" hai1="14,119,41,2,67,42,92,4,58,23,39,126,90" hai2="6,5,71,55,20,27,10,66,84,98,74,11,122" hai3="118,13,51,83,93,17,36,32,132,73,88,101,128"/><U77/><E119/><V50/><F74/><W19/><G36/><T12/><D110/><U34/><E34/><V21/><F122/><W127/><G32/><T35/><D124/><U108/><E126/><V45/><F71/><W48/><G127/><T31/><D72/><U112/><E112/><V25/><F66/><W116/><G128/><T123/><D76/><U85/><E39/><V52/><F98/><N who="3" m="57639" /><G101/><T8/><D35/><U104/><E104/><V75/><F75/><W63/><G63/><T129/><D129/><U7/><E2/><V28/><F84/><W26/><G26/><T109/><D109/><U15/><E77/><V100/><F100/><W33/><G33/><T29/><D22/><U81/><E108/><V65/><F65/><W107/><G132/><T37/><D37/><U79/><E14/><V99/><F99/><W120/><G107/><T16/><REACH who="0" step="1"/><D123/><REACH who="0" ten="240,230,250,270" step="2"/><U133/><E79/><V62/><F21/><N who="3" m="11439" /><G120/><T105/><D105/><U115/><E115/><V53/><F20/><W97/><G73/><T103/><D103/><U131/><E131/><V68/><F28/><W18/><G118/><T106/><D106/><U80/><E23/><V56/><F27/><W91/><G116/><T49/><D49/><N who="3" m="19017" /><G83/><T43/><D43/><U40/><E81/><V46/><F25/><W102/><G102/><T125/><D125/><U60/><E80/><V135/><F50/><W121/><G121/><T44/><D44/><U47/><E47/><V54/><F46/><W78/><G78/><T94/><D94/><AGARI ba="0,1" hai="18,19,91,94,97" m="19017,11439,57639" machi="94" ten="30,7700,0" yaku="8,1,52,2,54,1" doraHai="87" who="3" fromWho="0" sc="240,-77,230,0,250,0,270,87" /><INIT seed="2,0,0,1,0,125" ten="163,230,250,357" oya="2" hai0="84,134,83,74,47,71,99,69,63,75,42,131,62" hai1="120,54,132,127,100,17,101,20,117,111,27,118,52" hai2="70,113,40,98,32,39,8,126,76,53,0,49,13" hai3="9,2,12,35,96,4,110,82,7,124,33,128,14"/><V24/><F126/><W73/><G124/><T121/><D121/><U44/><E127/><V102/><F113/><W67/><G110/><T68/><D134/><U105/><E111/><V65/><F0/><W123/><G123/><T86/><D99/><U130/><E120/><V60/><F76/><W72/><G67/><T28/><D28/><U85/><E132/><V6/><F39/><W43/><G96/><T115/><D115/><U15/><E130/><V11/><F40/><W57/><G128/><T95/><D95/><U88/><E105/><V106/><F11/><W19/><G57/><T133/><D133/><U103/><E117/><V80/><F80/><W34/><G43/><T59/><D131/><U56/><E118/><V25/><REACH who="2" step="1"/><F32/><REACH who="2" ten="163,230,240,357" step="2"/><W48/><G82/><T91/><D84/><U107/><E107/><V31/><F31/><W23/><G72/><T112/><D112/><U58/><E58/><AGARI ba="0,1" hai="6,8,13,24,25,49,53,58,60,65,70,98,102,106" machi="58" ten="30,2900,0" yaku="1,1,7,1,53,0" doraHai="125" doraHaiUra="122" who="2" fromWho="1" sc="163,0,230,-29,240,39,357,0" /><INIT seed="2,1,0,3,4,18" ten="163,201,279,357" oya="2" hai0="96,37,71,101,39,31,22,81,67,121,87,4,79" hai1="111,34,30,127,35,53,1,36,70,78,40,86,100" hai2="46,58,109,65,88,128,90,108,122,124,0,99,74" hai3="10,56,33,107,105,83,24,117,118,114,49,54,62"/><V123/><F0/><W63/><G114/><T115/><D115/><U15/><E1/><V16/><F74/><W47/><G10/><T104/><D121/><U41/><E70/><V13/><F46/><W80/><G63/><T64/><D4/><U76/><E111/><N who="2" m="42571" /><F128/><W110/><G110/><T89/><D71/><U66/><E100/><V19/><F124/><W21/><G33/><T126/><D126/><U42/><E66/><V3/><F3/><W75/><G107/><T6/><D6/><U8/><E36/><V69/><F69/><W103/><G105/><T133/><D133/><U84/><E53/><V38/><F38/><W113/><G103/><T131/><D131/><U52/><E127/><V59/><F19/><W26/><G113/><T27/><D39/><U23/><E52/><V7/><F7/><W125/><G125/><T50/><D37/><U25/><E84/><V116/><F116/><W106/><G75/><T98/><D50/><U85/><E85/><V60/><F59/><W94/><G117/><T57/><D57/><U17/><REACH who="1" step="1"/><E86/><REACH who="1" ten="163,191,279,357" step="2"/><V91/><F99/><W61/><G118/><T5/><REACH who="0" step="1"/><D5/><REACH who="0" ten="153,191,279,357" step="2"/><U9/><E9/><AGARI ba="1,2" hai="9,13,16,58,60,65,88,90,91,122,123" m="42571" machi="9" ten="30,11600,0" yaku="14,1,10,1,54,2" doraHai="18" who="2" fromWho="1" sc="153,0,191,-119,279,139,357,0" /><INIT seed="2,2,0,5,0,107" ten="153,72,418,357" oya="2" hai0="75,32,122,69,119,78,76,102,45,121,82,108,112" hai1="57,46,91,133,25,17,113,117,47,129,61,50,48" hai2="5,98,51,2,1,120,104,16,39,128,80,83,42" hai3="70,111,55,89,26,58,38,0,92,77,64,90,67"/><V88/><F120/><W84/><G111/><T97/><D69/><U73/><E113/><V123/><F123/><N who="0" m="47114" /><D32/><U115/><E115/><V8/><F39/><W54/><G0/><T13/><D13/><U31/><E117/><V52/><F42/><W41/><G55/><T63/><D63/><U12/><E129/><V125/><F125/><W81/><G70/><T86/><D45/><U74/><E133/><V106/><F128/><W28/><G41/><T7/><D7/><U100/><E100/><V85/><F1/><W99/><G38/><T66/><D66/><U24/><E91/><V132/><F132/><W44/><G44/><T131/><D112/><U105/><E105/><V15/><F98/><W30/><G90/><N who="0" m="51543" /><D131/><U29/><E12/><V87/><F2/><W109/><G109/><T118/><D108/><U127/><E61/><V20/><F5/><W94/><G30/><T3/><D3/><U124/><REACH who="1" step="1"/><E17/><REACH who="1" ten="153,62,418,357" step="2"/><V60/><F60/><W40/><G89/><T79/><D75/><U35/><E35/><V68/><F88/><W72/><G72/><T62/><D62/><U6/><E6/><V71/><F68/><W56/><G84/><T126/><D126/><U95/><E95/><AGARI ba="2,1" hai="76,78,79,95,97,102,118,119" m="51543,47114" machi="95" ten="30,2000,0" yaku="34,2" doraHai="107" who="0" fromWho="1" sc="153,36,62,-26,418,0,357,0" /><INIT seed="3,0,0,0,2,33" ten="189,36,418,357" oya="3" hai0="39,15,21,30,131,89,116,79,75,14,101,76,125" hai1="16,56,78,7,117,5,26,55,24,115,50,99,64" hai2="58,63,105,46,4,18,27,71,73,80,112,52,130" hai3="41,34,104,94,108,32,45,96,120,10,51,36,128"/><W107/><G120/><T47/><D116/><U70/><E115/><V11/><F105/><W83/><G128/><T29/><D101/><U86/><E117/><V20/><F112/><W67/><G108/><T77/><D75/><U9/><E70/><V109/><F130/><W59/><G34/><T114/><D114/><U102/><E64/><V37/><F109/><W119/><G32/><T100/><D100/><U97/><E78/><V31/><F71/><W68/><G119/><T84/><D39/><U44/><E86/><V129/><F129/><W65/><G65/><T40/><D125/><U2/><E44/><V54/><F73/><W28/><G28/><N who="0" m="10859" /><D21/><U118/><E118/><V126/><F126/><W13/><G68/><T17/><D17/><U121/><E121/><V127/><F127/><W22/><G22/><T111/><D111/><U91/><E99/><V74/><F74/><W23/><G23/><T133/><D133/><U92/><E102/><V66/><F31/><W8/><G83/><N who="0" m="49311" /><D131/><U57/><E7/><V48/><F37/><W90/><G8/><T85/><D85/><U35/><E35/><V49/><F80/><W81/><G81/><T122/><D122/><U98/><E98/><V113/><F113/><W93/><G93/><T103/><D103/><U72/><E72/><V69/><F11/><W53/><REACH who="3" step="1"/><G67/><REACH who="3" ten="189,36,418,347" step="2"/><T12/><D79/><U25/><E16/><AGARI ba="0,1" hai="10,13,16,36,41,45,51,53,59,90,94,96,104,107" machi="16" ten="30,11600,0" yaku="1,1,2,1,7,1,54,1,53,0" doraHai="33" doraHaiUra="19" who="3" fromWho="1" sc="189,0,36,-116,418,0,347,126" owari="189,-21.1,-80,-58.0,418,21.8,473,57.3" /></mjloggm>