<mjloggm ver="2.3"><GO type="225" lobby="0"/><UN n0="%72%61%6B%33" n1="%E3%81%9F%E3%81%A3%E3%81%A1%E3%82%87" n2="%73%6C%69%63%6B%33%31%39" n3="%72%69%6F%75%63%68%61%6E" dan="16,16,16,17" rate="2192.38,2103.38,2187.85,2268.19" sx="M,M,M,M"/><TAIKYOKU oya="0"/><INIT seed="0,0,0,4,1,38" ten="250,250,250,250" oya="0" hai0="28,95,117,133,118,131,63,17,129,34,68,0,3" hai1="82,77,83,2,69,51,90,53,30,44,57,15,134" hai2="52,11,35,74,101,16,84,130,111,92,49,14,98" hai3="64,21,42,85,50,119,94,10,1,123,108,32,100"/><T20/><D95/><U26/><E69/><V110/><F74/><W70/><G108/><N who="2" m="41513" /><F35/><W18/><G119/><N who="0" m="45579" /><D63/><U59/><E2/><N who="0" m="553" /><D68/><U56/><E134/><V25/><F25/><W96/><G32/><T46/><D46/><U75/><E15/><V24/><F24/><W43/><G123/><T79/><D79/><U88/><REACH who="1" step="1"/><E82/><REACH who="1" ten="250,240,250,250" step="2"/><V102/><F130/><N who="0" m="49674" /><D133/><U55/><E55/><V9/><F9/><W61/><G10/><T6/><D6/><U73/><E73/><V86/><F101/><W114/><G1/><T91/><D91/><U12/><E12/><V13/><F13/><W112/><G85/><T31/><D34/><AGARI ba="0,1" hai="26,30,34,44,51,53,56,57,59,75,77,83,88,90" machi="34" ten="40,2600,0" yaku="1,1,54,1,53,0" doraHai="38" doraHaiUra="80" who="1" fromWho="0" sc="250,-26,240,36,250,0,250,0" /><INIT seed="1,0,0,1,2,83" ten="224,276,250,250" oya="1" hai0="77,97,23,45,12,115,38,31,84,103,88,100,74" hai1="15,57,20,59,22,60,110,3,116,42,35,91,21" hai2="55,106,99,58,85,1,19,39,14,63,46,90,51" hai3="47,68,105,32,113,135,130,0,40,27,124,7,79"/><U81/><E116/><V72/><F1/><W52/><G113/><T34/><D115/><U6/><E35/><V10/><F72/><W114/><G114/><T123/><D123/><U120/><E120/><V73/><F73/><W118/><G68/><T29/><D74/><U9/><E110/><V95/><F106/><W89/><G105/><T119/><D119/><U56/><E42/><V67/><REACH who="2" step="1"/><F39/><REACH who="2" ten="224,276,240,250" step="2"/><W24/><G0/><T108/><D38/><U131/><E131/><V17/><F17/><W30/><G118/><T28/><D108/><U49/><E3/><V133/><F133/><W25/><G7/><T94/><D34/><U132/><E132/><V4/><F4/><W127/><G135/><T65/><D65/><U134/><E134/><V11/><F11/><W92/><G130/><T8/><D23/><U96/><E20/><V125/><F125/><W26/><G127/><T33/><D33/><U69/><E21/><V18/><F18/><W2/><G2/><T50/><D77/><U36/><E22/><V102/><F102/><W107/><G107/><T98/><D103/><U62/><E36/><V48/><F48/><N who="3" m="28703" /><G79/><T78/><D78/><U41/><E49/><V117/><F117/><W64/><G64/><T93/><D50/><U104/><E104/><V5/><F5/><W53/><G124/><T129/><D129/><U87/><E6/><V122/><F122/><W128/><G128/><T86/><D45/><U71/><E9/><V101/><F101/><W54/><G40/><T66/><D66/><U111/><E41/><V109/><F109/><W126/><G126/><RYUUKYOKU ba="0,1" sc="224,10,276,-30,240,10,250,10" hai0="8,12,28,29,31,84,86,88,93,94,97,98,100" hai2="10,14,19,46,51,55,58,63,67,85,90,95,99" hai3="24,25,26,27,30,32,53,54,89,92" /><INIT seed="2,1,1,5,0,98" ten="234,246,250,260" oya="2" hai0="17,12,105,79,80,63,97,125,65,89,32,129,86" hai1="7,106,42,15,43,76,126,2,84,71,113,14,37" hai2="0,128,58,104,60,47,69,54,64,72,100,119,116" hai3="111,3,94,114,99,48,20,27,133,109,88,4,115"/><V68/><F72/><W118/><G133/><T85/><D125/><U55/><E113/><N who="3" m="43018" /><G118/><T73/><D129/><U39/><E126/><V117/><F0/><W53/><G4/><T121/><D32/><U13/><E106/><V45/><F128/><W90/><G3/><T51/><D51/><U24/><E71/><V33/><F33/><W103/><G109/><T107/><D121/><U93/><E24/><V134/><F134/><W10/><G10/><T112/><D112/><U83/><E93/><V56/><F104/><W30/><G111/><T61/><D73/><U95/><E55/><V92/><F92/><W87/><G87/><T8/><D63/><U46/><E95/><V122/><F100/><W21/><G21/><T82/><REACH who="0" step="1"/><D97/><REACH who="0" ten="224,246,250,260" step="2"/><U102/><E37/><V67/><F122/><W123/><G123/><T132/><D132/><U127/><E127/><V11/><F69/><AGARI ba="1,2" hai="8,12,17,61,65,69,79,80,82,85,86,89,105,107" machi="69" ten="30,3900,0" yaku="1,1,7,1,53,1" doraHai="98" doraHaiUra="59" who="0" fromWho="2" sc="224,62,246,0,250,-42,260,0" /><INIT seed="3,0,0,0,3,3" ten="286,246,208,260" oya="3" hai0="87,111,112,54,108,104,89,44,62,36,71,114,120" hai1="63,84,1,57,95,75,7,34,97,0,119,37,93" hai2="51,121,86,12,42,130,67,125,13,99,20,76,124" hai3="131,26,5,27,50,48,115,24,58,2,90,56,17"/><W66/><G115/><N who="0" m="44075" /><D104/><U92/><E75/><V85/><F130/><W11/><G131/><T107/><D107/><U18/><E37/><V35/><F35/><W110/><G110/><N who="0" m="42027" /><D120/><U43/><E34/><V69/><F121/><W128/><G128/><T30/><D30/><U49/><E18/><V83/><F99/><W41/><G17/><T129/><D129/><U23/><E119/><V101/><F101/><W31/><G31/><T60/><D71/><U117/><E117/><V6/><F20/><W113/><G113/><T109/><N who="0" m="42035" /><T91/><DORA hai="96" /><D54/><U72/><E97/><V123/><F123/><W78/><G78/><T122/><D122/><U79/><E79/><V116/><F116/><W98/><G66/><T77/><D77/><U38/><E72/><V25/><F25/><W65/><G65/><T8/><D8/><U88/><E43/><V127/><F86/><W64/><G64/><T45/><D91/><U94/><E88/><V47/><REACH who="2" step="1"/><F6/><REACH who="2" ten="286,246,198,260" step="2"/><N who="3" m="1495" /><G24/><T118/><D118/><U81/><E7/><V135/><F135/><W22/><G5/><T126/><D87/><U16/><E84/><V40/><F40/><W106/><G41/><T14/><D89/><U39/><E23/><V102/><F102/><N who="3" m="62807" /><G27/><T68/><D68/><U134/><E134/><V132/><F132/><W29/><G90/><T15/><D36/><U9/><E38/><V80/><F80/><W82/><G82/><T61/><D126/><U4/><E39/><V100/><F100/><W52/><G26/><T133/><D133/><U105/><E81/><V33/><F33/><W21/><G29/><RYUUKYOKU ba="0,1" sc="286,10,246,-30,198,10,260,10" hai0="14,15,44,45,60,61,62" hai2="12,13,42,47,51,67,69,76,83,85,124,125,127" hai3="21,22,48,50,52,56,58" /><INIT seed="3,1,1,3,2,85" ten="296,216,208,270" oya="3" hai0="67,65,55,130,53,66,109,15,105,23,33,119,63" hai1="46,44,61,47,7,73,82,19,38,62,97,98,64" hai2="93,75,114,42,60,4,13,81,110,100,0,72,88" hai3="41,76,32,25,78,111,90,43,129,2,135,12,103"/><W132/><G2/><T11/><D33/><U133/><E133/><N who="3" m="51274" /><G103/><T45/><D119/><U74/><E7/><V36/><F114/><W128/><G111/><T37/><D109/><U87/><E38/><V124/><F110/><W27/><G12/><T21/><D105/><U20/><E73/><V34/><F34/><W115/><G115/><T17/><D130/><N who="3" m="50281" /><G90/><T104/><D104/><U48/><E74/><V86/><F124/><W71/><G71/><T127/><D127/><U8/><E8/><V79/><F0/><W94/><G94/><T29/><D23/><U107/><E107/><V28/><F28/><N who="3" m="19471" /><G27/><N who="0" m="16623" /><D37/><U118/><E118/><V80/><F100/><W1/><G1/><T59/><D53/><U31/><E97/><V126/><F126/><W26/><G26/><T52/><D55/><U83/><E98/><V22/><F60/><W58/><G58/><T108/><D108/><U50/><E61/><V134/><F134/><W6/><G6/><T16/><D17/><U40/><E19/><V120/><F120/><W99/><G99/><T30/><D30/><U9/><E31/><V70/><F70/><W122/><G122/><T10/><D10/><U106/><E9/><N who="2" m="4263" /><F22/><W56/><G56/><T95/><D95/><U54/><E20/><V125/><F125/><W112/><G112/><T92/><D92/><U68/><E106/><V121/><F121/><W77/><AGARI ba="1,1" hai="41,43,76,77,78" m="19471,50281,51274" machi="77" ten="40,3900,0" yaku="20,1,19,1" doraHai="85" who="3" fromWho="3" sc="296,-14,216,-14,208,-14,270,52" owari="282,8.2,202,-19.8,194,-30.6,322,42.2" /></mjloggm>