<mjloggm ver="2.3"><GO type="225" lobby="0"/><UN n0="%E6%A1%9C%E8%8A%B1%E9%96%83%E3%80%85" n1="%33%74%72%65%65" n2="%E9%97%98%E5%B0%86%E3%81%A0%E3%82%93%E3%81%A7%E3%81%83" n3="%48%61%61%61%6C%61%6E%64" dan="16,16,16,18" rate="2193.97,2167.02,2129.55,2204.44" sx="M,F,M,M"/><TAIKYOKU oya="0"/><INIT seed="0,0,0,5,3,9" ten="250,250,250,250" oya="0" hai0="131,34,40,14,83,5,126,74,112,59,65,94,118" hai1="70,105,122,12,89,48,27,24,11,63,119,21,133" hai2="130,84,125,22,4,62,103,23,20,57,18,56,109" hai3="44,127,35,30,64,128,69,36,41,45,111,100,54"/><T3/><D112/><U87/><E119/><V66/><F109/><W88/><G111/><T46/><D118/><U115/><E122/><V52/><F130/><W116/><G116/><T121/><D121/><U113/><E105/><V53/><F125/><W33/><G128/><T104/><D104/><U49/><E133/><V117/><F117/><W77/><G100/><T86/><D34/><U32/><E32/><V80/><F4/><W38/><G77/><T39/><D131/><U107/><E107/><V67/><F103/><W110/><G110/><T135/><D135/><U95/><E27/><V60/><REACH who="2" step="1"/><F18/><REACH who="2" ten="250,250,240,250" step="2"/><W6/><G6/><T108/><D108/><U50/><E115/><V68/><F68/><W72/><G69/><T1/><D126/><U97/><E113/><V106/><F106/><W19/><G19/><T132/><D5/><N who="1" m="3183" /><E70/><V78/><AGARI ba="0,1" hai="20,22,23,52,53,56,57,60,62,66,67,78,80,84" machi="78" ten="30,8000,1" yaku="1,1,0,1,9,1,8,1,54,1,53,0" doraHai="9" doraHaiUra="101" who="2" fromWho="2" sc="250,-40,250,-20,240,90,250,-20" /><INIT seed="1,0,0,3,1,124" ten="210,230,330,230" oya="1" hai0="11,33,129,112,104,130,21,77,4,51,69,92,100" hai1="76,54,82,20,123,48,84,80,134,5,36,74,7" hai2="111,102,3,116,37,27,99,131,128,109,94,16,8" hai3="125,44,17,52,132,13,53,43,106,97,39,55,75"/><U0/><E123/><V88/><F116/><W14/><G125/><T64/><D112/><U60/><E134/><V108/><F37/><W65/><G75/><T18/><D77/><U121/><E121/><V45/><F45/><W42/><G132/><T107/><D33/><U93/><E36/><V31/><F16/><W78/><G78/><T72/><D72/><U115/><E115/><V29/><F29/><W32/><G32/><T126/><D51/><U118/><E118/><V85/><F8/><W56/><G42/><T86/><D64/><U24/><E60/><V19/><F19/><W95/><G106/><T114/><D69/><U89/><E80/><N who="2" m="49191" /><F3/><W41/><G41/><T110/><D114/><U57/><REACH who="1" step="1"/><E0/><REACH who="1" ten="210,220,330,230" step="2"/><V70/><F70/><W35/><G39/><T90/><D126/><U96/><E96/><V87/><F87/><W15/><G97/><T71/><D71/><U119/><E119/><V101/><F101/><W68/><G68/><T135/><D100/><U113/><E113/><V58/><F58/><W83/><G56/><T34/><D135/><U6/><E6/><V133/><F133/><W81/><G83/><T40/><D4/><U9/><E9/><V73/><F73/><W79/><G81/><T105/><D11/><U28/><AGARI ba="0,1" hai="5,7,20,24,28,48,54,57,74,76,82,84,89,93" machi="28" ten="20,7800,0" yaku="1,1,0,1,7,1,53,1" doraHai="124" doraHaiUra="25" who="1" fromWho="1" sc="210,-26,220,88,330,-26,230,-26" /><INIT seed="1,1,0,5,2,133" ten="184,308,304,204" oya="1" hai0="127,20,35,78,80,123,36,16,61,131,109,1,119" hai1="89,116,48,125,75,55,38,57,76,60,86,81,54" hai2="29,3,70,47,114,107,2,23,98,64,93,101,22" hai3="0,124,18,32,82,14,94,43,120,92,28,100,113"/><U51/><E116/><V135/><F135/><W7/><G120/><T39/><D119/><U132/><E132/><V67/><F114/><W63/><G113/><T13/><D123/><U17/><E38/><V8/><F107/><W88/><G43/><T91/><D109/><U53/><E125/><V99/><F70/><W12/><G124/><T85/><D127/><U102/><E102/><V37/><F37/><W72/><G100/><T128/><D35/><U106/><E106/><V122/><F122/><W87/><G14/><T11/><D61/><U118/><E118/><V130/><F130/><N who="0" m="49706" /><D78/><U41/><E17/><V4/><F3/><W34/><G63/><T19/><D1/><U65/><REACH who="1" step="1"/><E41/><REACH who="1" ten="184,298,304,204" step="2"/><V110/><F101/><W33/><G28/><T126/><D126/><U96/><E96/><V83/><F98/><W25/><G18/><T79/><D79/><U134/><E134/><V45/><F99/><W69/><G7/><T44/><D44/><U10/><E10/><V24/><F45/><W71/><G71/><T27/><AGARI ba="1,1" hai="11,13,16,19,20,27,36,39,80,85,91" m="49706" machi="27" ten="30,2000,0" yaku="19,1,54,1" doraHai="133" who="0" fromWho="0" sc="184,33,298,-11,304,-6,204,-6" /><INIT seed="2,0,0,3,2,101" ten="217,287,298,198" oya="2" hai0="73,42,116,129,10,70,9,11,66,124,94,33,92" hai1="21,49,135,67,78,46,17,74,100,134,32,103,7" hai2="15,45,62,36,79,40,5,63,61,54,22,96,86" hai3="89,13,27,87,115,82,31,37,59,107,80,35,132"/><V105/><F79/><W47/><G132/><N who="1" m="50730" /><E32/><V34/><F34/><W51/><G115/><T25/><D73/><U4/><E67/><V99/><F105/><W76/><G13/><T91/><D42/><N who="1" m="24791" /><E78/><V131/><F131/><W19/><G19/><T128/><D92/><U1/><E74/><V126/><F126/><W28/><G28/><T39/><D25/><N who="1" m="14511" /><E1/><V97/><F54/><W58/><G37/><T20/><D39/><U72/><E72/><V71/><F71/><W110/><G107/><T118/><D66/><U90/><E90/><V113/><F113/><W133/><G133/><T83/><D70/><U104/><E103/><V53/><F53/><W57/><G110/><T14/><D33/><U125/><E125/><V93/><F86/><W102/><G102/><T130/><D124/><U26/><E26/><V29/><F29/><W43/><REACH who="3" step="1"/><G80/><REACH who="3" ten="217,287,298,188" step="2"/><T108/><D83/><U3/><E3/><V38/><F38/><W48/><G48/><T69/><D108/><U0/><E0/><V109/><F109/><W77/><AGARI ba="0,1" hai="27,31,35,43,47,51,57,58,59,76,77,82,87,89" machi="77" ten="30,2000,0" yaku="1,1,0,1,53,0" doraHai="101" doraHaiUra="98" who="3" fromWho="3" sc="217,-5,287,-5,298,-10,188,30" /><INIT seed="3,0,0,3,3,100" ten="212,282,288,218" oya="3" hai0="36,57,76,20,3,129,9,104,90,29,122,7,95" hai1="107,82,37,79,89,121,46,93,11,102,112,58,15" hai2="114,125,94,41,67,54,81,16,75,51,56,103,28" hai3="13,31,86,21,1,74,132,101,109,34,2,42,113"/><W17/><G74/><T123/><D36/><U92/><E112/><V32/><F114/><W5/><G113/><T8/><D129/><U60/><E121/><V40/><F32/><W12/><G42/><T118/><D118/><U63/><E37/><V69/><F28/><W87/><G101/><T73/><D57/><U39/><E39/><V10/><F125/><W52/><G132/><T124/><D124/><U115/><E115/><V88/><F69/><W97/><G97/><T43/><D43/><U44/><E107/><V105/><F105/><W91/><G109/><T14/><D104/><U68/><E68/><V25/><F75/><W135/><G135/><T117/><D117/><U111/><E63/><N who="2" m="38375" /><F81/><W96/><G31/><T119/><D119/><U71/><E93/><V78/><F78/><W47/><G34/><T77/><D20/><U70/><E71/><V80/><F80/><W116/><G116/><T84/><D29/><U65/><E70/><V134/><F134/><W72/><G72/><T126/><D126/><U128/><E102/><V64/><F64/><W48/><G1/><T27/><D27/><U99/><E128/><V55/><F103/><W83/><G2/><T133/><D133/><U18/><E111/><V120/><F120/><N who="0" m="46122" /><D73/><AGARI ba="0,0" hai="11,15,18,44,46,58,60,65,73,79,82,89,92,99" machi="73" ten="30,1000,0" yaku="7,1" doraHai="100" who="1" fromWho="0" sc="212,-10,282,10,288,0,218,0" /><INIT seed="4,0,0,4,2,113" ten="202,292,288,218" oya="0" hai0="94,56,115,66,132,110,67,105,85,51,108,59,17" hai1="5,125,91,98,131,9,70,33,124,47,104,20,43" hai2="62,23,83,12,36,37,3,45,65,50,29,112,102" hai3="63,128,134,118,68,95,84,35,42,72,57,52,75"/><T40/><D105/><U74/><E33/><V101/><F3/><W60/><G35/><T78/><D115/><U87/><E70/><V100/><F112/><W18/><G128/><T64/><D17/><U44/><E74/><V39/><F83/><W120/><G134/><T129/><D129/><U127/><E20/><V1/><F1/><W28/><G28/><T58/><D132/><U93/><E131/><V114/><F114/><W8/><G42/><T22/><D22/><U126/><E126/><V97/><F12/><W86/><G118/><T92/><D78/><U10/><E5/><V88/><F88/><N who="3" m="53639" /><G68/><T121/><D121/><U77/><E44/><V109/><F109/><N who="0" m="42090" /><D85/><U99/><E77/><V15/><F29/><W38/><G72/><T81/><D81/><U117/><E117/><V133/><F133/><W26/><G75/><T0/><D0/><U122/><E122/><V111/><F15/><N who="3" m="7527" /><G120/><T7/><D7/><U71/><E71/><V16/><F111/><W11/><G11/><N who="1" m="4106" /><E104/><V55/><F23/><W89/><G26/><T2/><D2/><U135/><E135/><V49/><F16/><W76/><G76/><T19/><D19/><U80/><E80/><V25/><F25/><W103/><G38/><AGARI ba="0,0" hai="38,43,47,87,91,93,98,99,124,125,127" m="4106" machi="38" ten="30,1000,0" yaku="18,1" doraHai="113" who="1" fromWho="3" sc="202,0,292,10,288,0,218,-10" owari="202,-29.8,302,40.2,288,8.8,208,-19.2" /></mjloggm>