<mjloggm ver="2.3"><GO type="225" lobby="0"/><UN n0="%E3%81%AA%E3%81%A1%30%39%32%37" n1="%72%61%6B%33" n2="%E3%82%BC%E3%83%AB%E3%83%80%E3%81%AE%E4%BC%9D%E8%AA%AC" n3="%E7%99%BD%E9%9B%AA%E4%B9%83%E6%84%9B" dan="16,17,17,16" rate="2084.35,2161.88,2261.81,2107.83" sx="M,M,M,F"/><TAIKYOKU oya="0"/><INIT seed="0,0,0,1,3,100" ten="250,250,250,250" oya="0" hai0="58,63,128,19,4,120,5,93,64,12,92,75,114" hai1="97,10,46,52,1,60,14,124,76,11,55,131,27" hai2="57,67,90,34,7,50,95,70,81,84,126,106,133" hai3="18,53,2,101,3,47,16,30,6,37,96,36,39"/><T113/><D120/><U71/><E124/><V99/><F126/><W94/><G30/><T8/><D75/><U69/><E131/><V48/><F133/><W105/><G94/><T117/><D117/><U109/><E109/><V85/><F34/><W51/><REACH who="3" step="1"/><G6/><REACH who="3" ten="250,250,250,240" step="2"/><T129/><D93/><U111/><E111/><V123/><F7/><N who="0" m="2634" /><D92/><U21/><E69/><V104/><F70/><W78/><G78/><T31/><D31/><U26/><E71/><V80/><F123/><W87/><G87/><T103/><D103/><U102/><E76/><V61/><F84/><W33/><G33/><T40/><D114/><U115/><E102/><V45/><F81/><W43/><G43/><T20/><D113/><U59/><E115/><V9/><F80/><W119/><G119/><T130/><D40/><U83/><E83/><V86/><F86/><W65/><G65/><T0/><D0/><AGARI ba="0,1" hai="0,2,3,16,18,36,37,39,47,51,53,96,101,105" machi="0" ten="50,6400,0" yaku="1,1,52,1,54,1,53,0" doraHai="100" doraHaiUra="79" who="3" fromWho="0" sc="250,-64,250,0,250,0,240,74" /><INIT seed="1,0,0,4,5,4" ten="186,250,250,314" oya="1" hai0="18,116,38,44,26,28,123,29,51,132,83,2,122" hai1="105,31,47,24,86,36,63,97,133,126,12,46,70" hai2="17,6,85,61,27,66,39,129,72,80,23,9,25" hai3="60,130,50,93,22,21,40,94,7,33,121,99,84"/><U134/><E126/><V117/><F129/><W68/><G121/><T0/><D116/><U91/><E36/><V34/><F117/><W103/><G33/><T76/><D132/><U30/><E47/><V107/><F107/><W58/><G130/><T37/><D18/><U108/><E46/><V14/><F72/><W95/><G7/><T62/><D62/><U52/><E108/><V124/><F39/><W114/><G114/><T112/><D112/><U35/><E30/><V64/><F124/><W57/><G68/><T48/><D44/><U98/><E12/><V42/><F42/><W67/><G40/><T88/><D83/><U87/><E87/><V115/><F115/><W89/><G95/><T128/><D26/><U49/><E63/><V78/><REACH who="2" step="1"/><F61/><REACH who="2" ten="186,250,240,314" step="2"/><N who="3" m="38319" /><G50/><T55/><D128/><U102/><E49/><V32/><F32/><W65/><AGARI ba="0,1" hai="21,22,58,60,65,84,89,93,94,99,103" m="38319" machi="65" ten="30,1100,0" yaku="8,1" doraHai="4" who="3" fromWho="3" sc="186,-3,250,-5,240,-3,314,21" /><INIT seed="2,0,0,1,2,115" ten="183,245,237,335" oya="2" hai0="50,113,45,94,51,97,76,86,36,121,9,131,71" hai1="8,11,52,132,59,122,22,23,105,119,55,77,46" hai2="110,20,80,107,95,134,19,79,93,106,90,84,82" hai3="62,39,15,109,32,64,31,89,6,78,40,49,91"/><V83/><F134/><W72/><G39/><T38/><D113/><U85/><E105/><N who="2" m="39947" /><F20/><W101/><G101/><T3/><D121/><U13/><E132/><V27/><F19/><W2/><G2/><T92/><D71/><U127/><E122/><V25/><F25/><W35/><G31/><T4/><D131/><U96/><E46/><V30/><F27/><W66/><G49/><T126/><D126/><U123/><E127/><V37/><F30/><W1/><G1/><T47/><D76/><U103/><E22/><V12/><F12/><W10/><G78/><T75/><D86/><U65/><E23/><V70/><F37/><W54/><G40/><T56/><D75/><U88/><E11/><V98/><F70/><W58/><G72/><T125/><D56/><U114/><E59/><V42/><F42/><W43/><G43/><T100/><D94/><N who="2" m="35850" /><F110/><W129/><G109/><T104/><D125/><U117/><E8/><V44/><F44/><W81/><G35/><T87/><D45/><U99/><E13/><V14/><F14/><W41/><G32/><T48/><REACH who="0" step="1"/><D47/><REACH who="0" ten="173,245,237,335" step="2"/><U29/><E114/><V74/><F98/><W7/><G41/><T53/><D53/><U18/><E99/><V102/><F82/><W67/><G81/><T0/><D0/><U17/><E96/><V120/><F120/><W16/><G129/><T124/><D124/><U60/><E123/><V5/><F5/><AGARI ba="0,1" hai="5,6,7,10,15,16,54,58,62,64,66,67,89,91" machi="5" ten="40,2600,0" yaku="8,1,54,1" doraHai="115" who="3" fromWho="2" sc="173,0,245,0,237,-26,335,36" /><INIT seed="3,0,0,1,0,121" ten="173,245,211,371" oya="3" hai0="100,119,6,36,103,53,77,32,34,97,73,117,111" hai1="4,16,29,86,26,102,61,99,2,127,126,133,96" hai2="13,93,56,15,37,59,130,46,28,47,43,78,131" hai3="95,49,122,106,9,104,23,41,44,3,48,75,82"/><W55/><G122/><T45/><D6/><U30/><E133/><V91/><F78/><W8/><G104/><T42/><D53/><U27/><E86/><N who="2" m="52471" /><F28/><W52/><G106/><T107/><D103/><U5/><E61/><V85/><F85/><W134/><G134/><T120/><D120/><U69/><E102/><V70/><F70/><W129/><G129/><N who="2" m="49161" /><F46/><W74/><G23/><T94/><D94/><U54/><E69/><V105/><F105/><W62/><G62/><T71/><D71/><U135/><E135/><V67/><F67/><W12/><G95/><T25/><D25/><U63/><E63/><V0/><F0/><W109/><G12/><AGARI ba="0,0" hai="12,13,15,37,43,47,56,59" m="49161,52471" machi="12" ten="30,1000,0" yaku="19,1" doraHai="121" who="2" fromWho="3" sc="173,0,245,0,211,10,371,-10" owari="173,-32.7,245,4.5,221,-17.9,361,46.1" /></mjloggm>