<mjloggm ver="2.3"><GO type="225" lobby="0"/><UN n0="%E8%81%B7%E6%A5%AD%E3%80%81%E9%A2%A8%32" n1="%E3%81%82%E3%82%93%E3%81%AA%E3%81%A4" n2="%E7%B4%94%E6%BD%94%E3%83%94%E3%83%A9%E3%83%8B%E3%82%A2" n3="%E3%81%8A%E3%81%8B%E3%81%8F%E3%82%89" dan="16,16,16,16" rate="2103.43,2127.18,2097.69,2098.25" sx="M,M,M,M"/><TAIKYOKU oya="0"/><INIT seed="0,0,0,4,4,12" ten="250,250,250,250" oya="0" hai0="112,50,51,2,10,71,11,43,47,73,130,19,134" hai1="76,118,96,87,129,92,27,102,135,9,25,111,5" hai2="126,14,121,40,83,97,29,104,95,67,123,109,61" hai3="59,62,89,65,74,63,98,33,48,80,15,105,128"/><T30/><D73/><U28/><E118/><V22/><F109/><W44/><G128/><T116/><D116/><U23/><E111/><V100/><F126/><W107/><G33/><T120/><D112/><U26/><E135/><V32/><F40/><W115/><G74/><T79/><D120/><U45/><E129/><V41/><F41/><W6/><G115/><T46/><D71/><U60/><E45/><V122/><F83/><W13/><G6/><T131/><D134/><U17/><E60/><V114/><F114/><W49/><G49/><T21/><D79/><U108/><E108/><V8/><F32/><W0/><G0/><T16/><D2/><U124/><E124/><V7/><F104/><W64/><G107/><T53/><D130/><U101/><E101/><V81/><F81/><W86/><G98/><T3/><D131/><U36/><E36/><V99/><F99/><W70/><REACH who="3" step="1"/><G105/><REACH who="3" ten="250,250,250,240" step="2"/><T103/><D3/><U85/><E5/><V77/><F122/><W31/><G31/><T117/><D117/><U82/><E87/><V75/><F75/><W78/><G78/><T91/><D103/><U88/><E102/><V1/><F77/><W18/><G18/><N who="0" m="6699" /><D91/><U38/><E38/><V84/><F1/><W133/><G133/><T110/><D110/><U34/><E9/><N who="0" m="3081" /><D21/><U42/><E26/><N who="2" m="16599" /><F84/><W52/><AGARI ba="0,1" hai="13,15,44,48,52,59,62,63,64,65,70,80,86,89" machi="52" ten="20,5200,0" yaku="1,1,0,1,7,1,54,1,53,0" doraHai="12" doraHaiUra="20" who="3" fromWho="3" sc="250,-26,250,-13,250,-13,240,62" /><INIT seed="1,0,0,3,0,127" ten="224,237,237,302" oya="1" hai0="74,107,114,36,25,113,87,1,8,76,11,73,3" hai1="63,48,53,130,32,101,84,59,133,22,50,41,56" hai2="80,43,4,20,98,111,75,120,15,33,128,96,49" hai3="109,0,91,51,65,14,124,94,12,34,66,70,79"/><U13/><E32/><V99/><F33/><W47/><G0/><N who="0" m="75" /><D87/><U104/><E133/><V129/><F120/><W116/><G124/><T68/><D25/><U40/><E130/><N who="2" m="50283" /><F111/><W46/><G109/><T112/><D76/><U132/><E132/><V35/><F35/><W89/><G79/><T110/><D110/><U100/><E84/><V105/><F75/><N who="0" m="28682" /><D68/><U16/><E104/><V106/><F80/><W29/><G70/><T57/><D57/><U45/><REACH who="1" step="1"/><E41/><REACH who="1" ten="224,227,237,302" step="2"/><V28/><F106/><W72/><G34/><T10/><D107/><U82/><E82/><V39/><F105/><W31/><G72/><T30/><D30/><U78/><E78/><V126/><F126/><W90/><G29/><T93/><D93/><U69/><E69/><V52/><F43/><W103/><G31/><T77/><D77/><U71/><E71/><V125/><F125/><W23/><G94/><T61/><D36/><U55/><AGARI ba="0,1" hai="13,16,22,40,45,48,50,53,55,56,59,63,100,101" machi="55" ten="20,12000,1" yaku="1,1,0,1,7,1,8,1,54,1,53,0" doraHai="127" doraHaiUra="122" who="1" fromWho="1" sc="224,-40,227,130,237,-40,302,-40" /><INIT seed="1,1,0,0,0,55" ten="184,357,197,262" oya="1" hai0="117,61,20,130,4,85,128,115,103,122,44,96,60" hai1="91,78,82,84,38,54,58,114,73,52,65,12,35" hai2="67,57,100,72,53,134,124,39,8,109,87,97,34" hai3="94,70,11,83,10,107,42,24,113,28,19,68,1"/><U75/><E114/><V47/><F72/><W50/><G107/><T118/><D115/><U81/><E38/><V71/><F109/><W116/><G94/><T25/><D122/><U26/><E75/><V16/><F124/><W7/><G116/><T135/><D4/><U89/><E12/><V5/><F34/><W33/><G83/><T69/><D44/><U56/><E91/><V92/><F134/><W59/><G42/><T0/><D85/><U40/><E40/><V64/><F71/><W106/><G106/><N who="0" m="63847" /><D0/><U3/><E3/><V93/><F47/><W66/><G50/><T121/><D135/><U104/><E104/><V79/><F39/><W111/><G111/><T110/><D110/><U74/><E74/><V43/><F43/><W22/><G11/><T13/><D13/><U6/><E6/><V102/><F102/><W46/><G46/><T80/><D80/><U123/><E123/><V41/><F41/><W17/><G17/><N who="0" m="12431" /><D121/><U63/><REACH who="1" step="1"/><E58/><REACH who="1" ten="184,347,197,262" step="2"/><V112/><F5/><W30/><G113/><T9/><D69/><U133/><E133/><V27/><F112/><W119/><G70/><T99/><D118/><U126/><E126/><V32/><F79/><W95/><G68/><T98/><D117/><U131/><E131/><N who="0" m="50217" /><D9/><U86/><E86/><V77/><F87/><W23/><G119/><T105/><D105/><U129/><E129/><V48/><F77/><W51/><G10/><T2/><D2/><U127/><E127/><V15/><REACH who="2" step="1"/><F92/><REACH who="2" ten="184,347,187,262" step="2"/><W90/><G95/><T36/><D36/><U76/><E76/><V37/><F37/><W101/><G7/><RYUUKYOKU ba="1,2" sc="184,10,347,10,187,10,262,-30" hai0="60,61,98,99" hai1="26,35,52,54,56,63,65,73,78,81,82,84,89" hai2="8,15,16,27,32,48,53,57,64,67,93,97,100" /><INIT seed="1,2,2,0,3,95" ten="194,357,197,232" oya="1" hai0="34,22,132,26,125,102,83,63,117,92,49,35,99" hai1="118,111,130,80,57,54,98,67,84,96,27,62,2" hai2="106,129,71,21,134,7,69,121,119,64,72,47,28" hai3="6,112,90,19,93,9,70,12,17,61,43,18,108"/><U91/><E118/><V30/><F72/><W110/><G112/><T33/><D117/><U59/><E2/><V75/><F75/><W40/><G61/><T0/><D0/><U48/><E130/><V86/><F121/><W24/><G70/><T39/><D39/><U5/><E111/><N who="3" m="42538" /><G24/><T14/><D125/><U68/><E5/><V76/><F7/><W3/><G3/><T120/><D120/><U89/><E68/><V60/><F71/><W55/><G55/><T1/><D1/><U122/><E122/><V135/><F129/><W37/><G37/><T97/><D132/><N who="2" m="50730" /><F106/><W107/><G107/><T82/><D14/><U11/><E11/><V78/><F119/><W113/><G113/><T104/><D63/><U50/><E50/><V126/><F126/><W13/><G12/><T36/><D49/><U128/><E128/><V66/><F66/><W10/><G9/><T85/><D36/><U51/><E51/><V88/><F47/><W31/><G31/><N who="2" m="11817" /><F21/><W45/><G45/><T32/><N who="0" m="8192" /><DORA hai="46" /><T94/><D104/><U100/><E27/><V103/><F103/><W20/><G20/><T77/><D83/><AGARI ba="2,2" hai="60,64,69,76,78,83,86,88" m="11817,50730" machi="83" ten="30,2000,0" yaku="20,1,54,1" doraHai="95,46" who="2" fromWho="0" sc="194,-26,357,0,197,46,232,0" /><INIT seed="2,0,0,4,0,10" ten="168,357,243,232" oya="2" hai0="113,51,93,110,125,69,20,122,128,114,98,103,21" hai1="99,58,112,44,133,104,120,84,64,22,47,18,28" hai2="71,13,46,74,0,26,135,33,56,43,86,3,92" hai3="121,23,116,1,102,89,52,67,16,11,101,45,119"/><V35/><F71/><W76/><G121/><T83/><D122/><U41/><E28/><V7/><F74/><W109/><G67/><T53/><D69/><U34/><E34/><V39/><F135/><W29/><G29/><T131/><D110/><U82/><E112/><V2/><F26/><W37/><G76/><T77/><D21/><U8/><E8/><V85/><F56/><W30/><G30/><T62/><D62/><U6/><E6/><V19/><F7/><W127/><G109/><T5/><D5/><U27/><E133/><V80/><F92/><W55/><G127/><T17/><D125/><U123/><E99/><V72/><F72/><W75/><G75/><T118/><D118/><U9/><E9/><V12/><F86/><W31/><G31/><T14/><D83/><U61/><E104/><V108/><F108/><W40/><G89/><T63/><D63/><U126/><E47/><V134/><F134/><W42/><G1/><T4/><D77/><U87/><E126/><V100/><F100/><W124/><G11/><T96/><D96/><U97/><E97/><V32/><REACH who="2" step="1"/><F19/><REACH who="2" ten="168,357,233,232" step="2"/><W132/><G16/><T50/><D4/><U70/><E70/><V111/><F111/><W59/><G132/><T68/><D68/><U54/><E120/><V91/><AGARI ba="0,1" hai="0,2,3,12,13,32,33,35,39,43,46,80,85,91" machi="91" ten="40,12000,1" yaku="1,1,0,1,52,2,53,0" doraHai="10" doraHaiUra="95" who="2" fromWho="2" sc="168,-40,357,-40,233,130,232,-40" /><INIT seed="2,1,0,4,0,33" ten="128,317,363,192" oya="2" hai0="80,5,37,104,112,19,24,126,102,119,40,10,1" hai1="15,92,79,108,66,85,49,7,121,99,38,93,132" hai2="55,30,73,110,70,109,111,36,78,123,113,97,122" hai3="44,35,67,54,88,118,114,89,34,130,27,128,91"/><V42/><F70/><W52/><G118/><T63/><D119/><U46/><E38/><V62/><F113/><W124/><G114/><T65/><D112/><U20/><E108/><V68/><F30/><W120/><G120/><T61/><D126/><U125/><E121/><N who="2" m="46091" /><F97/><W105/><G105/><T64/><D102/><U4/><E125/><V22/><F22/><W3/><G124/><T17/><D104/><U57/><E132/><V96/><F96/><W13/><G67/><T101/><D101/><U59/><E4/><V21/><F21/><W48/><G13/><T43/><D80/><N who="1" m="47263" /><E66/><N who="2" m="41047" /><F55/><W131/><G27/><T60/><D43/><N who="1" m="24799" /><E93/><V98/><F98/><W25/><G25/><T18/><REACH who="0" step="1"/><D24/><REACH who="0" ten="118,317,363,192" step="2"/><U133/><E133/><V127/><F127/><W103/><G103/><T95/><D95/><U82/><E82/><N who="2" m="45391" /><F42/><W56/><G34/><T87/><D87/><U29/><E92/><V106/><F106/><W26/><G35/><T53/><D53/><U115/><E115/><V31/><F111/><W39/><G26/><T8/><D8/><U0/><E99/><V76/><F110/><W90/><G54/><T71/><D71/><U41/><E41/><V9/><F109/><W135/><G135/><T32/><D32/><U81/><E81/><V6/><F31/><W100/><G100/><T134/><D134/><U83/><E83/><V74/><F74/><W16/><G52/><T11/><D11/><N who="1" m="2535" /><E29/><V75/><F75/><W51/><G91/><T69/><D69/><U117/><E117/><V58/><F9/><W47/><G90/><T107/><D107/><U86/><E86/><RYUUKYOKU ba="1,1" sc="118,15,317,15,363,-15,192,-15" hai0="1,5,10,17,18,19,37,40,60,61,63,64,65" hai1="15,20,57,59" /><INIT seed="3,2,1,5,1,93" ten="133,332,348,177" oya="3" hai0="102,92,74,78,61,63,55,35,8,89,80,52,47" hai1="3,34,10,115,24,11,100,64,21,88,7,70,68" hai2="38,20,44,77,28,12,39,133,14,59,132,124,40" hai3="0,76,75,36,120,67,41,79,108,87,17,16,29"/><W2/><G67/><T119/><D119/><U15/><E115/><V62/><F39/><W121/><G87/><T53/><D35/><U90/><E100/><V57/><F124/><W107/><G29/><T109/><D102/><U116/><E116/><V135/><F77/><W134/><G36/><T69/><D69/><N who="1" m="26731" /><E11/><V123/><F123/><W27/><G27/><T82/><D82/><U130/><E64/><N who="2" m="38991" /><F59/><W129/><G134/><T106/><D106/><U25/><E25/><AGARI ba="2,1" hai="12,14,20,25,28,38,40,44,132,133,135" m="38991" machi="25" ten="30,1000,0" yaku="20,1" doraHai="93" who="2" fromWho="1" sc="133,0,332,-16,348,26,177,0" owari="133,-36.7,316,11.6,374,47.4,177,-22.3" /></mjloggm>