<mjloggm ver="2.3"><GO type="225" lobby="0"/><UN n0="%E6%A0%B9%E5%85%83%E3%81%8B%E3%82%89%E5%90%B9%E3%81%A3%E9%A3%9B%E3%81%B6" n1="%E9%80%9F%E6%B0%B4%E5%87%9B%E9%A6%99" n2="%33%74%72%65%65" n3="%4E%6F%2E%30%30%30%31" dan="16,17,17,18" rate="2173.23,2174.32,2220.19,2228.05" sx="F,F,F,M"/><TAIKYOKU oya="0"/><INIT seed="0,0,0,2,2,103" ten="250,250,250,250" oya="0" hai0="58,82,88,44,111,67,30,120,33,68,97,46,116" hai1="95,5,62,34,113,45,89,117,94,18,104,12,9" hai2="1,50,4,55,126,14,129,114,52,26,36,43,134" hai3="0,69,60,19,29,59,109,92,3,128,2,37,32"/><T54/><D116/><U56/><E117/><V119/><F114/><W131/><G69/><T85/><D120/><U76/><E113/><V64/><F1/><W63/><G37/><T66/><D111/><U78/><E34/><V72/><F72/><W79/><G109/><T65/><D68/><U51/><E104/><V49/><F36/><W16/><G79/><T133/><D133/><U84/><E95/><V47/><F119/><W39/><G39/><T13/><D13/><U115/><E115/><V106/><F106/><W83/><G83/><T132/><D132/><U71/><E71/><V123/><F123/><W74/><G74/><T70/><D70/><U10/><E10/><N who="2" m="4423" /><F64/><W20/><G92/><T112/><D112/><U86/><E86/><V27/><F129/><N who="3" m="49739" /><G32/><T7/><D7/><U98/><E5/><V6/><F6/><W8/><G8/><T87/><D97/><U101/><E98/><V22/><F22/><W41/><G41/><T130/><D130/><U90/><E90/><V80/><F43/><W99/><G99/><T125/><D125/><U28/><E101/><V31/><F126/><W102/><G102/><T105/><D105/><U118/><E118/><V124/><F124/><W91/><G91/><T42/><D42/><N who="1" m="25015" /><E78/><V121/><F134/><W81/><G81/><T53/><D87/><U108/><E76/><V40/><F80/><W122/><G122/><T15/><D15/><U93/><E93/><V96/><F121/><W77/><G77/><T73/><D73/><U25/><E108/><V107/><F96/><W48/><G0/><T23/><D33/><RYUUKYOKU ba="0,0" sc="250,0,250,0,250,0,250,0" /><INIT seed="1,1,0,4,3,67" ten="250,250,250,250" oya="1" hai0="81,8,73,95,134,92,44,86,71,56,91,2,1" hai1="20,66,61,6,80,64,88,121,13,18,28,54,124" hai2="84,22,130,90,114,11,5,47,100,26,0,7,32" hai3="38,40,63,57,60,69,105,46,132,37,55,94,117"/><U98/><E121/><V127/><F127/><W42/><G105/><T41/><D134/><U110/><E124/><V58/><F130/><W85/><G85/><T104/><D104/><U19/><E110/><V115/><F100/><W75/><G94/><T49/><D71/><U62/><E6/><V96/><F96/><W87/><G87/><T128/><D128/><U65/><E28/><V12/><F7/><W109/><G75/><T78/><D8/><U70/><E54/><V133/><F133/><W36/><G132/><T10/><D10/><U113/><E113/><V17/><F58/><N who="3" m="34911" /><G109/><T25/><D25/><U118/><E118/><V129/><F47/><N who="3" m="23943" /><G117/><T89/><D56/><U116/><E116/><V107/><F107/><W9/><G9/><T135/><D135/><U39/><E39/><V123/><F123/><W4/><G4/><T119/><D119/><U76/><E70/><V21/><F129/><W112/><G112/><T27/><D27/><U79/><E19/><V52/><F32/><W68/><G37/><T16/><D16/><U102/><E102/><V14/><F114/><W125/><G125/><T99/><AGARI ba="1,0" hai="1,2,41,44,49,73,78,81,86,89,91,92,95,99" machi="99" ten="20,1500,0" yaku="0,1,7,1" doraHai="67" who="0" fromWho="0" sc="250,18,250,-8,250,-5,250,-5" /><INIT seed="2,0,0,2,5,118" ten="268,242,245,245" oya="2" hai0="87,69,93,60,45,91,22,38,20,135,21,113,49" hai1="131,35,106,74,111,6,54,40,39,104,63,0,31" hai2="112,28,52,24,92,64,4,11,36,88,5,75,57" hai3="55,95,46,98,1,96,48,10,53,117,103,37,25"/><V58/><F112/><W108/><G117/><T114/><D135/><U17/><E74/><V101/><F36/><W61/><G108/><T51/><D38/><U42/><E111/><V73/><F101/><W94/><G37/><T67/><REACH who="0" step="1"/><D51/><REACH who="0" ten="258,242,245,245" step="2"/><U68/><E39/><V125/><F125/><W126/><G126/><T85/><D85/><U27/><E131/><V97/><F75/><W33/><G48/><T77/><D77/><U132/><E132/><V124/><F73/><W84/><G84/><T34/><D34/><U29/><E35/><V14/><F124/><W70/><G33/><T130/><D130/><U19/><E106/><V116/><F116/><W72/><G72/><T121/><D121/><U122/><E104/><V7/><F64/><W12/><G96/><T89/><D89/><U47/><E122/><V83/><F83/><W119/><G98/><T65/><D65/><U18/><E68/><V107/><F107/><W110/><G119/><T26/><D26/><U43/><E27/><V66/><F24/><W123/><G25/><T15/><D15/><U115/><E115/><V8/><F14/><W100/><G123/><T128/><D128/><U16/><E31/><V79/><F79/><W76/><G76/><T86/><D86/><U133/><E29/><V23/><F28/><W78/><G78/><T105/><D105/><U102/><E133/><V134/><F134/><W56/><G70/><T120/><D120/><U2/><E102/><N who="3" m="38954" /><G110/><T82/><D82/><U44/><N who="1" m="4096" /><DORA hai="99" /><U109/><E109/><V50/><F23/><W30/><G30/><T127/><D127/><RYUUKYOKU ba="0,1" sc="258,15,242,-15,245,15,245,-15" hai0="20,21,22,45,49,60,67,69,87,91,93,113,114" hai2="4,5,7,8,11,50,52,57,58,66,88,92,97" /><INIT seed="2,1,1,5,2,14" ten="273,227,260,230" oya="2" hai0="128,96,87,126,38,65,46,68,34,10,17,49,19" hai1="4,104,22,103,12,62,107,36,6,57,43,119,52" hai2="83,39,47,33,95,110,133,45,106,129,48,64,74" hai3="20,60,2,31,75,29,42,99,54,40,90,9,30"/><V53/><F106/><W120/><G75/><T61/><D34/><U77/><E119/><V124/><F33/><W15/><G2/><T91/><D38/><U121/><E121/><V113/><F113/><W118/><G120/><T81/><D126/><U132/><E132/><V79/><F124/><W55/><G20/><T8/><D128/><U84/><E36/><V92/><F129/><W7/><G118/><T58/><D68/><U28/><E43/><N who="3" m="16426" /><G60/><T51/><D96/><U41/><E41/><V56/><F39/><W114/><G114/><T18/><D46/><U111/><E111/><V76/><F45/><W109/><G109/><T127/><D127/><U16/><E107/><V94/><F133/><W27/><G27/><T13/><D8/><N who="1" m="6151" /><E103/><V115/><F115/><W101/><G101/><T71/><D71/><U72/><E72/><V69/><F69/><W93/><AGARI ba="1,1" hai="7,9,15,29,30,31,54,55,90,93,99" m="16426" machi="93" ten="30,1100,0" yaku="8,1" doraHai="14" who="3" fromWho="3" sc="273,-4,227,-4,260,-6,230,24" /><INIT seed="3,0,0,3,4,17" ten="269,223,254,254" oya="3" hai0="101,68,84,102,107,96,10,60,30,14,119,38,55" hai1="132,54,98,129,11,116,135,117,25,73,112,37,24" hai2="61,91,27,89,18,45,93,99,130,47,53,22,109" hai3="64,74,44,125,42,71,4,51,79,8,6,52,0"/><W113/><G113/><T34/><D38/><U97/><E37/><V108/><F130/><W35/><G35/><T59/><D102/><U46/><E73/><V78/><F78/><W80/><G125/><T92/><D119/><N who="1" m="45643" /><E112/><V32/><F32/><W63/><REACH who="3" step="1"/><G6/><REACH who="3" ten="269,223,254,244" step="2"/><T131/><D34/><U133/><E129/><V118/><F118/><W15/><G15/><T104/><D14/><U39/><E11/><V29/><F109/><W50/><G50/><T123/><D10/><U9/><E9/><V121/><F108/><W94/><G94/><T127/><D92/><U40/><E54/><AGARI ba="0,1" hai="0,4,8,42,44,51,52,54,63,64,71,74,79,80" machi="54" ten="40,7700,0" yaku="1,1,54,1,53,1" doraHai="17" doraHaiUra="5" who="3" fromWho="1" sc="269,0,223,-77,254,0,244,87" owari="269,6.9,146,-35.4,254,-14.6,331,43.1" /></mjloggm>