<mjloggm ver="2.3"><GO type="225" lobby="0"/><UN n0="%E5%A4%96%E5%B7%9D%E7%AB%9C%E6%88%90" n1="%6D%75%75%6D%75%72%61" n2="%48%61%61%61%6C%61%6E%64" n3="%E3%81%BF%E3%81%BF%E3%81%9A" dan="16,17,18,17" rate="2160.67,2193.01,2230.76,2179.17" sx="M,F,M,M"/><TAIKYOKU oya="0"/><INIT seed="0,0,0,1,3,91" ten="250,250,250,250" oya="0" hai0="71,79,7,82,87,116,40,70,12,51,115,83,90" hai1="64,50,44,99,48,120,21,47,63,9,110,20,1" hai2="89,103,76,68,41,132,19,77,53,100,108,18,2" hai3="62,72,92,106,124,126,25,74,11,8,55,5,135"/><T6/><D115/><U33/><E120/><V61/><F2/><W85/><G106/><T15/><D116/><U14/><E33/><V66/><F108/><W34/><G135/><T56/><D70/><U65/><E1/><V80/><F132/><W131/><G131/><T117/><D71/><U36/><E110/><V67/><F41/><W88/><G62/><T27/><D27/><U129/><E36/><V111/><F111/><W133/><G55/><T93/><D117/><U104/><E104/><V46/><F67/><N who="1" m="25673" /><E63/><V49/><F89/><W127/><G133/><T42/><D83/><U3/><E3/><V58/><F68/><W0/><G8/><T128/><D128/><U75/><E75/><V69/><F69/><W39/><G39/><T10/><D56/><U45/><E99/><V38/><F38/><W73/><G25/><T32/><D32/><AGARI ba="0,0" hai="0,5,11,32,34,72,73,74,85,88,92,124,126,127" machi="32" ten="50,6400,0" yaku="18,1,52,1,54,1" doraHai="91" who="3" fromWho="0" sc="250,-64,250,0,250,0,250,64" /><INIT seed="1,0,0,4,4,3" ten="186,250,250,314" oya="1" hai0="98,60,17,104,103,110,82,70,12,125,36,126,131" hai1="25,84,77,91,129,9,62,120,94,23,135,33,47" hai2="56,124,99,79,52,112,29,88,69,50,57,133,0" hai3="49,89,68,43,86,128,24,116,42,48,53,44,101"/><U61/><E120/><V85/><F69/><W64/><G128/><T132/><D36/><U113/><E113/><V35/><F112/><W108/><G108/><T13/><D131/><U117/><E117/><V51/><F133/><W107/><G116/><T30/><D132/><U109/><E135/><V75/><F124/><W102/><G24/><T72/><D110/><U4/><E129/><V115/><F115/><W11/><G107/><T22/><D30/><U14/><E33/><V59/><F0/><W96/><G96/><T8/><D70/><U19/><E109/><V6/><F6/><W20/><G20/><T27/><D60/><U34/><E34/><V105/><F75/><W63/><G11/><T130/><D130/><U90/><E77/><V65/><F65/><W83/><G42/><T97/><D97/><N who="1" m="57559" /><E47/><AGARI ba="0,0" hai="43,44,47,48,49,53,63,64,68,83,86,89,101,102" machi="47" ten="30,1000,0" yaku="7,1" doraHai="3" who="3" fromWho="1" sc="186,0,250,-10,250,0,314,10" /><INIT seed="2,0,0,2,3,73" ten="186,240,250,324" oya="2" hai0="104,25,53,35,92,48,121,57,22,70,29,112,12" hai1="8,123,86,81,37,6,114,72,89,49,74,109,0" hai2="108,3,79,116,95,59,93,54,130,11,21,42,97" hai3="91,87,119,56,113,133,65,26,118,103,43,13,14"/><V111/><F116/><W101/><G43/><T110/><D112/><U98/><E114/><V105/><F130/><W1/><G1/><T129/><D129/><U4/><E37/><V117/><F117/><W16/><G113/><T66/><D121/><U63/><E123/><V58/><F42/><W36/><G36/><T122/><D122/><U85/><E109/><N who="2" m="42059" /><F21/><N who="3" m="13607" /><G133/><T44/><D104/><U131/><E131/><V115/><F115/><W55/><G65/><T120/><D120/><U96/><E6/><N who="2" m="1503" /><F59/><W33/><G33/><T124/><D70/><U10/><E10/><V100/><F79/><W30/><G30/><T75/><D29/><U127/><E127/><V28/><F28/><W64/><G64/><T88/><D66/><U5/><E5/><V82/><F82/><N who="3" m="49655" /><G119/><T17/><D110/><U126/><E126/><V128/><F128/><W61/><G118/><T50/><D124/><U77/><E0/><V80/><F80/><W125/><G125/><T90/><D35/><U134/><E134/><V135/><F135/><W71/><G71/><T52/><D22/><U15/><E74/><V132/><F132/><W40/><G40/><T34/><D75/><U68/><E72/><V67/><F67/><W32/><G32/><T18/><D34/><U2/><E2/><V9/><F9/><W24/><G24/><T107/><D25/><U31/><E31/><V46/><F46/><W38/><G38/><T41/><D41/><U78/><E68/><V23/><F23/><W76/><G76/><T19/><D44/><U69/><E69/><V62/><AGARI ba="0,0" hai="54,58,62,93,95,97,100,105" m="1503,42059" machi="62" ten="30,3000,0" yaku="14,1,10,1" doraHai="73" who="2" fromWho="2" sc="186,-10,240,-10,250,30,324,-10" /><INIT seed="2,1,0,5,5,23" ten="176,230,280,314" oya="2" hai0="19,11,13,15,55,36,10,79,131,35,44,122,135" hai1="32,41,49,45,66,118,25,52,5,68,31,29,51" hai2="123,115,17,101,85,100,72,12,27,125,98,9,88" hai3="93,132,1,6,106,102,73,61,109,134,60,111,77"/><V81/><F115/><W94/><G106/><T42/><D122/><U80/><E118/><V104/><F123/><W105/><G105/><T16/><D131/><U3/><E31/><V0/><F125/><W64/><G77/><T114/><D114/><U128/><E128/><V130/><F130/><W33/><G33/><T124/><D124/><U129/><E129/><V7/><F72/><W127/><G73/><T82/><D135/><N who="3" m="51753" /><G127/><T14/><D35/><U119/><E119/><V56/><F56/><N who="3" m="36871" /><G61/><T87/><D55/><U99/><E66/><V48/><F48/><W4/><G93/><T113/><D113/><U103/><E80/><V126/><F126/><W112/><G112/><T70/><REACH who="0" step="1"/><D15/><REACH who="0" ten="166,230,280,314" step="2"/><U91/><E52/><V2/><F12/><W40/><G1/><T24/><D24/><U62/><E32/><V58/><F0/><W18/><G40/><T117/><D117/><U97/><E41/><V28/><F2/><W26/><G109/><T116/><D116/><U34/><E3/><V53/><F53/><W69/><G111/><T107/><D107/><U8/><E34/><V67/><F104/><W46/><G26/><T37/><D37/><U47/><E25/><V39/><F39/><W89/><G46/><T22/><D22/><U20/><E20/><V78/><F27/><W96/><G18/><T75/><D75/><U50/><E5/><V21/><F17/><W43/><G43/><T110/><D110/><U83/><E47/><V30/><F7/><W133/><N who="3" m="51761" /><W65/><DORA hai="108" /><G4/><T59/><D59/><U63/><E45/><V84/><F58/><RYUUKYOKU ba="1,1" sc="166,30,230,-10,280,-10,314,-10" hai0="10,11,13,14,16,19,36,42,44,70,79,82,87" /><INIT seed="3,2,1,3,3,74" ten="196,220,270,304" oya="3" hai0="107,6,76,42,106,26,2,118,115,78,131,67,20" hai1="48,95,81,125,80,44,27,102,122,19,128,41,83" hai2="24,89,30,35,29,57,64,33,49,116,91,14,84" hai3="8,1,132,134,45,70,117,88,51,37,113,72,103"/><W34/><G113/><T97/><D118/><U85/><E122/><V96/><F116/><W9/><G117/><T58/><D115/><U54/><E128/><V15/><F96/><W87/><G72/><T75/><D131/><U4/><E125/><V18/><F91/><W50/><G34/><T32/><D32/><U22/><E4/><V31/><F14/><W23/><G70/><T86/><D75/><U63/><E102/><V36/><F36/><W73/><G73/><T28/><D42/><U77/><E95/><V59/><F59/><AGARI ba="2,1" hai="19,22,27,41,44,48,54,59,63,77,80,81,83,85" machi="59" ten="40,2600,0" yaku="8,1,52,1" doraHai="74" who="1" fromWho="2" sc="196,0,220,42,270,-32,304,0" owari="196,-30.4,262,6.2,238,-16.2,304,40.4" /></mjloggm>