<mjloggm ver="2.3"><GO type="225" lobby="0"/><UN n0="%E5%A4%96%E5%B7%9D%E7%AB%9C%E6%88%90" n1="%E3%81%95%E3%81%8D%E3%81%9F%E3%81%BE%E6%9E%97%E6%AA%8E" n2="%E3%81%82%E3%83%BC%E3%81%97" n3="%E3%81%88%E3%81%8C%E3%82%8F%E3%82%8A%E3%81%8A" dan="16,16,16,16" rate="2081.16,2106.92,2117.12,2092.70" sx="M,M,M,M"/><TAIKYOKU oya="0"/><INIT seed="0,0,0,1,5,93" ten="250,250,250,250" oya="0" hai0="59,56,131,36,116,60,14,121,71,65,130,38,35" hai1="75,126,98,30,18,15,50,22,73,70,88,84,1" hai2="6,2,122,110,3,67,45,132,21,115,24,79,54" hai3="69,13,105,129,29,107,95,61,89,51,48,10,82"/><T77/><D35/><U80/><E126/><V94/><F122/><W46/><G129/><N who="0" m="49163" /><D77/><U5/><E70/><V104/><F104/><W87/><G29/><T16/><D116/><U25/><E50/><V103/><F115/><W42/><G51/><T113/><D113/><U43/><E43/><V8/><F132/><W62/><G105/><T47/><D121/><U9/><REACH who="1" step="1"/><E98/><REACH who="1" ten="250,240,250,250" step="2"/><V120/><F120/><W63/><G69/><T102/><D38/><U90/><E90/><V26/><F79/><W52/><G107/><T53/><D102/><U37/><E37/><V74/><F103/><W125/><G125/><T128/><N who="0" m="49171" /><T66/><DORA hai="34" /><D36/><U19/><E19/><V72/><F6/><W40/><REACH who="3" step="1"/><G95/><REACH who="3" ten="250,240,250,240" step="2"/><T127/><D127/><U41/><E41/><V39/><F94/><W97/><G97/><T44/><D71/><U100/><E100/><V112/><F112/><W124/><G124/><T76/><D76/><U12/><E12/><V108/><F39/><W111/><G111/><T99/><D99/><U114/><E114/><V81/><F108/><W31/><G31/><T85/><D14/><U23/><AGARI ba="0,2" hai="1,5,9,15,18,22,23,25,30,73,75,80,84,88" machi="23" ten="20,12000,2" yaku="1,1,0,1,7,1,52,1,54,1,53,2" doraHai="93,34" doraHaiUra="91,106" who="1" fromWho="1" sc="250,-60,240,140,250,-30,240,-30" /><INIT seed="1,0,0,3,0,75" ten="190,380,220,210" oya="1" hai0="132,107,0,130,105,64,32,25,58,90,135,4,103" hai1="131,50,113,20,27,6,7,117,89,82,116,111,86" hai2="118,106,121,79,108,17,23,81,94,34,13,18,104" hai3="133,12,77,128,31,43,22,55,120,14,3,76,38"/><U122/><E113/><V92/><F121/><W41/><G120/><T97/><D130/><U36/><E36/><V69/><F34/><W11/><G3/><T48/><D107/><U60/><E122/><V68/><F118/><W5/><G128/><T102/><D102/><U127/><E127/><V28/><F28/><W40/><G38/><T109/><D109/><U66/><E131/><V47/><F108/><W46/><G133/><T134/><D90/><U35/><E35/><V101/><F47/><W93/><G93/><T99/><D99/><U49/><E111/><V71/><F101/><W83/><G83/><T123/><D123/><U65/><E65/><V15/><F94/><W45/><G45/><T80/><D80/><U110/><E110/><V9/><REACH who="2" step="1"/><F92/><REACH who="2" ten="190,380,210,210" step="2"/><W52/><G46/><T70/><D32/><U114/><E117/><V37/><F37/><W119/><G119/><T87/><D103/><U98/><E116/><V39/><F39/><W59/><G31/><T44/><D105/><U124/><E124/><V8/><F8/><N who="3" m="4111" /><G22/><T51/><D44/><U29/><E20/><V26/><F26/><W33/><G33/><T85/><D25/><U56/><E27/><V125/><F125/><W96/><G96/><T67/><D97/><U24/><E24/><V88/><F88/><W129/><G129/><T73/><D132/><U2/><E89/><V74/><AGARI ba="0,1" hai="9,13,15,17,18,23,68,69,71,74,79,81,104,106" machi="74" ten="30,4000,0" yaku="1,1,0,1,52,1,53,0" doraHai="75" doraHaiUra="57" who="2" fromWho="2" sc="190,-10,380,-20,210,50,210,-10" /><INIT seed="2,0,0,4,2,40" ten="180,360,260,200" oya="2" hai0="24,130,2,12,78,100,31,102,68,107,15,41,39" hai1="26,94,5,46,105,66,103,19,124,8,93,111,45" hai2="97,98,29,38,133,27,95,70,87,126,59,18,55" hai3="33,54,50,76,0,43,91,110,106,3,34,82,104"/><V35/><F70/><W114/><G43/><T112/><D112/><U113/><E111/><V71/><F71/><W86/><G110/><T60/><D2/><U88/><E105/><V73/><F73/><W119/><G119/><T32/><D100/><U56/><E113/><V135/><F38/><W13/><G114/><T72/><D130/><U75/><E75/><V117/><F117/><W121/><G121/><T109/><D109/><U47/><E124/><V37/><F37/><W11/><G3/><T23/><D23/><N who="1" m="13695" /><E103/><V84/><F97/><W120/><G0/><T115/><D115/><U25/><E25/><V30/><F30/><W74/><G34/><T36/><D12/><N who="1" m="5135" /><E88/><N who="2" m="55655" /><F18/><W83/><G33/><T14/><D15/><U81/><E81/><V92/><F92/><W101/><G101/><T80/><D14/><U10/><E10/><V108/><F126/><W85/><G74/><T99/><D41/><U132/><E132/><N who="2" m="50763" /><F108/><W4/><REACH who="3" step="1"/><G120/><REACH who="3" ten="180,360,260,190" step="2"/><T42/><REACH who="0" step="1"/><D42/><REACH who="0" ten="170,360,260,190" step="2"/><U52/><E66/><AGARI ba="0,2" hai="24,31,32,36,39,60,66,68,72,78,80,99,102,107" machi="66" ten="40,12000,2" yaku="1,1,2,1,25,2,33,3,53,0" doraHai="40" doraHaiUra="49" who="0" fromWho="1" sc="170,140,360,-120,260,0,190,0" /><INIT seed="3,0,0,0,1,37" ten="310,240,260,190" oya="3" hai0="67,47,5,132,73,64,60,92,116,107,70,114,93" hai1="56,71,65,58,124,112,55,82,94,9,95,133,23" hai2="59,101,21,88,108,120,15,16,128,26,104,84,129" hai3="28,78,39,19,109,40,131,7,134,45,49,44,87"/><W38/><G134/><T20/><D107/><U12/><E71/><V61/><F108/><W125/><G109/><T8/><D73/><U36/><E36/><V57/><F104/><W100/><G125/><T75/><D75/><U80/><E112/><V111/><F101/><W123/><G123/><T2/><D116/><U122/><E122/><V86/><F111/><W0/><G131/><N who="2" m="50249" /><F120/><W126/><G126/><T10/><D114/><U91/><E23/><N who="2" m="11679" /><F86/><W76/><G100/><T54/><D10/><U69/><E69/><V24/><F61/><W46/><G28/><T3/><D60/><N who="1" m="38023" /><E95/><N who="2" m="54663" /><F26/><W113/><G113/><T97/><D132/><U48/><E124/><V51/><F51/><W27/><G7/><T118/><D5/><N who="1" m="3119" /><E133/><V83/><F83/><W62/><G62/><T11/><D97/><AGARI ba="0,0" hai="48,55,58,80,82,91,94,97" m="3119,38023" machi="97" ten="30,1000,0" yaku="8,1" doraHai="37" who="1" fromWho="0" sc="310,-10,240,10,260,0,190,0" owari="300,40.0,250,-15.0,260,6.0,190,-31.0" /></mjloggm>