<mjloggm ver="2.3"><GO type="225" lobby="0"/><UN n0="%E3%81%BF%E3%81%BF%E3%81%9A" n1="%E3%81%86%E3%82%8B%E3%81%8A%E3%81%A1%E3%82%83" n2="%E5%A4%A7%E5%AE%AE%E5%BF%8D%76" n3="%E3%81%95%E3%81%8D%E3%81%9F%E3%81%BE%E6%9E%97%E6%AA%8E" dan="17,16,16,16" rate="2217.32,2108.47,2134.52,2091.95" sx="M,F,M,M"/><TAIKYOKU oya="0"/><INIT seed="0,0,0,1,2,6" ten="250,250,250,250" oya="0" hai0="100,127,104,23,16,60,84,4,129,10,81,68,93" hai1="22,101,103,88,86,102,94,96,113,123,53,25,66" hai2="13,90,55,75,77,19,119,87,126,54,56,34,46" hai3="47,42,72,48,128,74,29,69,2,110,79,121,122"/><T26/><D129/><U15/><E123/><N who="3" m="47114" /><G110/><T63/><D127/><U120/><E120/><V45/><F126/><W39/><G128/><T73/><D104/><U40/><E113/><V85/><F119/><W64/><G48/><T36/><D36/><U1/><E1/><V70/><F70/><W12/><G29/><T3/><D68/><U28/><E40/><V65/><F34/><W117/><G117/><T124/><D73/><U107/><E66/><V132/><F132/><W111/><G111/><T91/><REACH who="0" step="1"/><D124/><REACH who="0" ten="240,250,250,250" step="2"/><U49/><REACH who="1" step="1"/><E15/><REACH who="1" ten="240,240,250,250" step="2"/><V17/><F13/><W62/><G12/><T31/><D31/><U9/><E9/><V106/><F106/><W38/><G2/><T82/><D82/><U89/><E89/><V112/><F90/><W18/><G79/><T41/><D41/><U20/><E20/><V50/><F77/><W0/><G0/><T114/><D114/><U51/><E51/><V27/><F50/><W83/><G83/><T8/><D8/><U99/><E99/><AGARI ba="0,2" hai="3,4,10,16,23,26,60,63,81,84,91,93,99,100" machi="99" ten="40,7700,0" yaku="1,1,52,1,54,1,53,0" doraHai="6" doraHaiUra="71" who="0" fromWho="1" sc="240,97,240,-77,250,0,250,0" /><INIT seed="0,1,0,2,1,15" ten="337,163,250,250" oya="0" hai0="84,95,11,31,62,93,106,32,125,64,102,63,113" hai1="80,51,110,86,82,43,118,46,5,38,69,19,101" hai2="42,98,21,49,0,44,54,72,121,100,59,128,99" hai3="24,60,75,50,127,6,123,29,109,92,94,40,2"/><T107/><D113/><U30/><E118/><V74/><F121/><W13/><G109/><T61/><D125/><U81/><E110/><V124/><F124/><W132/><G127/><T126/><D126/><U68/><E5/><V4/><F128/><W45/><G75/><T1/><D64/><U120/><E120/><V88/><F0/><W3/><G132/><T37/><D37/><U135/><E135/><V67/><F4/><W25/><G123/><T115/><D115/><U83/><E30/><V28/><F67/><W48/><G13/><T114/><D114/><U89/><E101/><V52/><F74/><W131/><G131/><T36/><D36/><U119/><E119/><V55/><F72/><W122/><G122/><T26/><D102/><U10/><E38/><V104/><F28/><W27/><G60/><T47/><D47/><U70/><REACH who="1" step="1"/><E10/><REACH who="1" ten="337,153,250,250" step="2"/><V41/><F21/><W103/><G103/><T12/><D31/><U35/><E35/><V90/><F41/><W18/><G6/><T14/><D32/><U77/><E77/><V34/><F34/><W85/><G29/><T39/><D39/><U105/><E105/><V111/><F111/><W73/><G40/><T22/><D107/><U91/><E91/><N who="2" m="34859" /><F104/><W116/><G116/><T57/><D106/><U130/><E130/><V79/><F79/><W23/><G23/><T134/><D22/><U65/><E65/><V87/><F100/><W133/><G133/><T78/><D134/><U117/><E117/><V112/><F112/><W53/><G2/><T8/><D1/><U7/><E7/><V66/><F42/><RYUUKYOKU ba="1,1" sc="337,-10,153,30,250,-10,250,-10" hai1="19,43,46,51,68,69,70,80,81,82,83,86,89" /><INIT seed="1,2,1,5,0,91" ten="327,183,240,240" oya="1" hai0="10,21,103,108,107,131,78,125,42,105,18,67,100" hai1="84,79,12,26,47,37,59,135,116,109,14,95,71" hai2="68,32,89,51,36,85,117,97,96,118,4,86,60" hai3="106,20,80,46,27,92,104,13,53,45,62,23,35"/><U124/><E71/><V28/><F36/><W24/><G35/><T55/><D67/><U34/><E116/><V29/><F4/><W31/><G13/><N who="1" m="5226" /><E59/><V70/><F51/><W5/><G5/><T2/><D2/><U81/><E37/><V77/><F89/><W120/><G120/><T30/><D105/><U126/><E47/><V8/><F8/><W99/><G80/><T130/><D107/><U82/><E34/><V90/><F90/><N who="3" m="55703" /><G106/><T119/><D10/><U41/><E41/><V39/><F39/><W122/><G104/><T76/><D42/><U48/><E48/><V127/><F127/><N who="1" m="48681" /><E135/><V93/><F32/><W56/><G122/><T75/><D119/><U132/><E132/><V38/><F38/><W52/><G53/><T73/><D125/><U58/><E109/><V1/><F1/><W17/><AGARI ba="2,1" hai="17,20,23,24,27,31,45,46,52,56,62" m="55703" machi="17" ten="30,7900,0" yaku="25,1,8,1,52,1,54,1" doraHai="91" who="3" fromWho="3" sc="327,-22,183,-41,240,-22,240,95" /><INIT seed="2,0,0,4,0,107" ten="305,142,218,335" oya="2" hai0="133,50,41,26,40,63,1,57,98,16,12,106,90" hai1="89,23,83,34,54,84,11,128,122,37,43,125,0" hai2="123,80,85,73,51,118,124,91,81,32,2,135,20" hai3="129,126,28,69,76,117,55,24,25,33,112,109,108"/><V75/><F32/><W113/><G126/><T114/><D114/><N who="3" m="44137" /><G129/><T31/><D1/><U101/><E34/><V103/><F2/><W70/><G117/><T64/><D133/><U68/><E68/><N who="3" m="26218" /><G76/><T15/><D15/><U94/><E128/><V44/><F118/><W110/><G25/><T42/><D106/><U56/><E125/><V93/><F124/><W4/><G55/><T111/><D111/><U49/><E122/><V5/><F5/><AGARI ba="0,0" hai="4,5,24,28,33,108,109,110" m="26218,44137" machi="5" ten="40,2600,0" yaku="14,1,11,1" doraHai="107" who="3" fromWho="2" sc="305,0,142,0,218,-26,335,26" /><INIT seed="3,0,0,0,4,77" ten="305,142,192,361" oya="3" hai0="66,44,107,36,69,45,18,35,85,37,58,20,104" hai1="24,9,4,82,81,46,22,90,41,94,26,13,60" hai2="0,75,84,67,21,99,119,29,40,80,112,111,98" hai3="1,51,52,74,70,10,62,27,121,97,78,116,86"/><W79/><G116/><T38/><D35/><U5/><E5/><V125/><F119/><W68/><G121/><T39/><D69/><U14/><E14/><V115/><F0/><W72/><G97/><T61/><N who="0" m="9216" /><DORA hai="17" /><T92/><D92/><U64/><E46/><V108/><F75/><W100/><G86/><T16/><D18/><N who="1" m="12375" /><E41/><V11/><F11/><W106/><G100/><T128/><D128/><U23/><E60/><V2/><F2/><W54/><G62/><T76/><D107/><U87/><E64/><V25/><F67/><W59/><G59/><T42/><D104/><U122/><E122/><V7/><F7/><W132/><G51/><T129/><D42/><U8/><E8/><V113/><F40/><W83/><G106/><T124/><D124/><U71/><E71/><V120/><F125/><W3/><G27/><T109/><D109/><N who="2" m="42058" /><F120/><W19/><G19/><AGARI ba="0,0" hai="4,9,13,19,23,26,81,82,87,90,94" m="12375" machi="19" ten="30,8000,1" yaku="8,1,52,4" doraHai="77,17" who="1" fromWho="3" sc="305,0,142,80,192,0,361,-80" owari="305,40.5,222,-17.8,192,-30.8,281,8.1" /></mjloggm>