<mjloggm ver="2.3"><GO type="225" lobby="0"/><UN n0="%E5%86%B7%E5%87%8D%E3%82%AE%E3%83%A7%E3%83%BC%E3%82%B6" n1="%E3%83%A9%E3%83%BC%E3%83%A1%E3%83%B3%E4%BA%94%E9%83%8E" n2="%E3%82%A2%E3%83%A1%E3%82%A2%E3%83%A9%E3%83%AC" n3="%E3%80%90%E3%83%88%E3%83%AA%E3%83%A5%E3%83%95%E3%80%91" dan="17,16,16,16" rate="2184.49,2145.03,2094.49,2062.23" sx="M,M,M,M"/><TAIKYOKU oya="0"/><INIT seed="0,0,0,5,5,49" ten="250,250,250,250" oya="0" hai0="133,53,39,72,10,86,127,134,60,77,14,52,75" hai1="1,106,129,24,79,30,28,116,47,104,4,23,110" hai2="54,22,92,59,105,84,27,55,33,102,131,101,37" hai3="122,40,80,73,56,85,58,31,83,29,11,70,74"/><T93/><D39/><U103/><E116/><V9/><F131/><W121/><G40/><T12/><D127/><U36/><E129/><V119/><F37/><W32/><G11/><T132/><D14/><U61/><E110/><V109/><F109/><W35/><REACH who="3" step="1"/><G85/><REACH who="3" ten="250,250,250,240" step="2"/><T45/><D75/><U100/><E36/><V65/><F9/><W44/><G44/><T112/><D72/><U95/><E47/><V97/><F119/><W120/><G120/><T38/><D38/><U6/><E106/><V34/><F84/><W2/><G2/><T64/><D45/><U16/><E104/><V17/><F105/><W51/><G51/><T99/><D86/><U78/><E1/><V48/><F48/><W20/><G20/><T89/><D112/><U76/><E61/><N who="2" m="38079" /><F34/><W13/><G13/><T7/><REACH who="0" step="1"/><D77/><REACH who="0" ten="240,250,250,240" step="2"/><U0/><E0/><V114/><F114/><W91/><G91/><T63/><D63/><U46/><E46/><V67/><F102/><W135/><G135/><T15/><D15/><U115/><E115/><V81/><F101/><W41/><G41/><T50/><D50/><U8/><E103/><V68/><F27/><W111/><G111/><T108/><D108/><U71/><E100/><V88/><F88/><W25/><G25/><T43/><D43/><U26/><E26/><V21/><F97/><W126/><G126/><T98/><D98/><U90/><E76/><V124/><F124/><W3/><G3/><T96/><D96/><U118/><E79/><V69/><F33/><W18/><G18/><T57/><AGARI ba="0,2" hai="7,10,12,52,53,57,60,64,89,93,99,132,133,134" machi="57" ten="30,18000,2" yaku="1,1,0,1,20,1,52,2,54,1,53,1" doraHai="49" doraHaiUra="87" who="0" fromWho="0" sc="240,200,250,-60,250,-60,240,-60" /><INIT seed="0,1,0,5,4,82" ten="440,190,190,180" oya="0" hai0="95,85,24,73,4,121,46,101,99,90,122,37,44" hai1="54,76,7,2,10,127,65,135,74,102,70,51,62" hai2="33,71,108,126,97,22,129,48,125,72,8,114,100" hai3="94,25,87,12,57,80,107,32,109,103,105,31,52"/><T113/><D113/><U26/><E127/><N who="2" m="48651" /><F114/><W67/><G109/><T128/><D128/><U29/><E135/><V132/><F33/><W66/><G12/><T14/><D73/><U56/><E102/><V35/><F35/><W23/><G32/><T130/><D130/><U115/><E115/><V64/><F72/><W16/><G31/><T17/><D4/><U59/><E74/><V30/><F129/><W40/><G40/><T134/><D24/><U9/><E9/><V116/><F8/><W83/><G107/><T111/><D134/><U60/><E76/><V21/><F30/><W78/><G83/><T3/><D3/><U38/><E38/><V124/><F108/><W104/><G104/><T50/><D37/><U86/><E60/><N who="2" m="40327" /><F132/><W133/><G105/><T106/><D111/><U39/><E39/><V68/><F68/><W93/><G133/><T84/><D121/><U61/><E70/><V79/><F79/><W88/><G103/><T81/><D122/><U69/><E69/><V19/><F19/><W123/><G123/><T0/><D0/><U89/><E65/><N who="3" m="24586" /><G78/><T34/><D34/><U45/><E62/><AGARI ba="1,0" hai="16,23,25,52,57,62,80,87,88,93,94" m="24586" machi="62" ten="30,8000,1" yaku="8,1,52,1,54,3" doraHai="82" who="3" fromWho="1" sc="440,0,190,-83,190,0,180,83" /><INIT seed="1,0,0,1,4,73" ten="440,107,190,263" oya="1" hai0="57,98,129,107,40,89,121,37,25,76,79,109,69" hai1="22,51,72,117,56,11,28,112,64,46,19,92,53" hai2="122,70,71,8,18,111,44,10,127,134,74,23,118" hai3="78,115,65,87,38,15,85,33,58,135,91,95,100"/><U82/><E112/><V0/><F111/><W16/><G115/><T17/><D69/><U123/><E117/><V110/><F110/><W108/><G108/><T63/><D109/><U42/><E123/><V106/><F118/><W50/><G38/><T9/><D129/><U26/><E64/><V132/><F122/><W5/><G33/><T60/><D60/><U116/><E116/><V68/><F106/><W84/><G135/><N who="2" m="51753" /><F0/><W7/><G100/><T6/><D40/><U133/><E133/><V104/><F104/><W3/><G3/><T41/><D41/><U49/><E92/><V126/><F74/><W12/><G12/><T124/><D37/><U35/><E11/><N who="2" m="4139" /><F44/><W52/><G65/><T75/><D75/><U54/><E72/><V120/><F120/><W125/><G125/><T34/><D124/><U4/><E4/><N who="3" m="1610" /><G78/><N who="0" m="29739" /><D34/><U59/><E82/><V1/><F1/><W128/><G128/><T66/><D121/><U83/><E83/><V80/><F80/><W47/><G47/><T90/><D107/><U24/><REACH who="1" step="1"/><E42/><REACH who="1" ten="440,97,190,263" step="2"/><V113/><F113/><W2/><G2/><T20/><D98/><U32/><E32/><V21/><F21/><AGARI ba="0,1" hai="15,16,21,50,52,58,84,85,87,91,95" m="1610" machi="21" ten="30,7700,0" yaku="25,1,8,1,54,2" doraHai="73" who="3" fromWho="2" sc="440,0,97,0,190,-77,263,87" /><INIT seed="2,0,0,0,4,18" ten="440,97,113,350" oya="2" hai0="7,34,41,123,115,81,125,100,11,84,97,111,47" hai1="89,87,74,101,116,53,134,110,104,45,126,121,109" hai2="82,67,124,94,43,27,119,83,37,38,57,36,17" hai3="29,96,112,72,118,85,135,88,6,0,99,91,35"/><V30/><F119/><W78/><G118/><T31/><D115/><U107/><E116/><V23/><F124/><W108/><G108/><N who="1" m="41578" /><E45/><V70/><F70/><W19/><G135/><T66/><D111/><U49/><E134/><V61/><F43/><W22/><G72/><T93/><D123/><U14/><E126/><V39/><N who="2" m="9216" /><DORA hai="65" /><V80/><REACH who="2" step="1"/><F94/><REACH who="2" ten="440,97,103,350" step="2"/><N who="3" m="56391" /><G112/><T90/><D93/><N who="1" m="54463" /><E121/><V52/><F52/><W79/><G99/><T133/><D41/><U86/><E107/><V127/><F127/><W129/><G129/><T16/><D97/><N who="1" m="61487" /><E74/><V54/><F54/><W130/><G130/><T76/><D125/><U73/><E73/><V71/><F71/><W8/><G79/><T2/><D76/><U92/><E92/><V15/><F15/><N who="3" m="9599" /><G78/><T62/><D133/><U32/><E14/><V131/><F131/><W59/><G85/><T103/><D84/><U122/><E86/><V98/><F98/><W3/><G91/><T75/><D75/><U5/><E122/><V13/><F13/><W46/><G0/><T117/><D117/><U40/><E40/><V21/><F21/><W60/><G3/><T33/><D2/><U24/><E32/><V95/><F95/><W28/><G35/><T120/><D33/><U106/><E106/><V44/><F44/><W51/><G46/><T55/><D47/><N who="1" m="27839" /><E24/><V105/><F105/><W25/><G25/><T42/><D42/><U58/><E58/><V64/><F64/><W26/><G26/><T63/><D66/><U1/><E1/><V69/><F69/><W4/><G59/><T77/><D120/><U48/><E48/><RYUUKYOKU ba="0,1" sc="440,-15,97,15,103,15,350,-15" hai1="5" hai2="17,23,27,30,57,61,67,80,82,83" /><INIT seed="2,1,1,2,4,30" ten="425,112,118,335" oya="2" hai0="81,70,79,53,76,94,65,25,75,31,45,66,47" hai1="95,0,134,104,6,42,33,26,28,128,103,32,39" hai2="63,122,23,115,73,116,35,133,22,111,86,41,36" hai3="107,56,71,15,83,80,51,114,50,106,44,85,125"/><V77/><F115/><W74/><G71/><T100/><D76/><U4/><E134/><V78/><F116/><W10/><G125/><T101/><D70/><U60/><E95/><V132/><F122/><W127/><G127/><T96/><D100/><U130/><E60/><V40/><F73/><W87/><G114/><T64/><REACH who="0" step="1"/><D53/><REACH who="0" ten="415,112,118,335" step="2"/><U93/><E103/><V90/><F78/><N who="3" m="46231" /><G74/><T126/><D126/><U108/><E130/><V117/><F77/><N who="3" m="46575" /><G107/><T105/><D105/><U102/><E104/><V29/><F132/><W38/><G106/><T17/><D17/><U121/><E128/><V118/><F133/><W98/><G38/><T9/><D9/><U55/><E121/><V8/><F8/><W48/><G56/><T120/><D120/><U7/><E39/><V97/><F36/><W123/><G123/><T5/><D5/><U91/><E6/><V89/><F117/><W110/><G44/><T113/><D113/><U119/><E119/><V54/><F118/><W88/><G110/><T37/><D37/><U27/><E108/><V11/><F111/><W24/><G10/><T92/><D92/><U59/><E7/><V16/><F11/><W124/><G124/><T18/><D18/><U46/><E4/><V43/><F16/><W20/><G20/><AGARI ba="1,2" hai="20,25,31,45,47,64,65,66,75,79,81,94,96,101" machi="20" ten="40,1300,0" yaku="1,1,53,0" doraHai="30" doraHaiUra="14" who="0" fromWho="3" sc="415,36,112,0,118,0,335,-16" /><INIT seed="3,0,0,2,1,91" ten="451,112,118,319" oya="3" hai0="77,47,84,104,114,39,67,118,26,50,70,6,73" hai1="36,108,25,18,14,19,94,34,86,38,124,49,20" hai2="43,46,115,28,15,133,83,59,98,64,53,66,17" hai3="112,41,97,80,7,37,29,71,75,22,93,12,85"/><W82/><G112/><T55/><D118/><U57/><E34/><V132/><F115/><W45/><G71/><T81/><D114/><U58/><E36/><N who="2" m="21863" /><F28/><W120/><G120/><T63/><D104/><U116/><E38/><V105/><F83/><W126/><G126/><T74/><D6/><U68/><E68/><V78/><F78/><W117/><G117/><T62/><D39/><U4/><E124/><V123/><F98/><W121/><G121/><T99/><D99/><U125/><E125/><V48/><F105/><W61/><G75/><T11/><D11/><N who="1" m="4455" /><E116/><V111/><F111/><W65/><G85/><T87/><D87/><U13/><E108/><V27/><F27/><N who="3" m="16631" /><G7/><T134/><D134/><N who="2" m="51818" /><F123/><W79/><G79/><T110/><D110/><U106/><E106/><V113/><F113/><W8/><G8/><AGARI ba="0,0" hai="8,15,17,48,53,59,64,66" m="51818,21863" machi="8" ten="30,1000,0" yaku="20,1" doraHai="91" who="2" fromWho="3" sc="451,0,112,0,118,10,319,-10" owari="451,55.1,112,-38.8,128,-27.2,309,10.9" /></mjloggm>