<mjloggm ver="2.3"><GO type="225" lobby="0"/><UN n0="%E6%B4%BE%E9%81%A3%E3%81%AE%E3%82%B8%E3%83%A3%E3%83%83%E3%82%AF" n1="%E3%83%97%E3%83%AC%E3%83%B4%E3%82%A1%E3%83%86%E3%82%A3" n2="%E6%A1%9C%E8%8A%B1%E9%96%83%E3%80%85" n3="%4D%6F%6E%61%6E%61" dan="17,16,16,16" rate="2234.17,2117.77,2156.12,2096.00" sx="M,F,M,F"/><TAIKYOKU oya="0"/><INIT seed="0,0,0,1,3,129" ten="250,250,250,250" oya="0" hai0="125,122,11,99,105,103,44,70,82,51,79,17,77" hai1="41,55,36,61,31,115,28,25,9,84,73,91,48" hai2="32,26,108,75,30,6,39,8,27,29,54,127,64" hai3="88,106,124,3,7,58,5,112,104,110,38,126,120"/><T76/><D122/><U118/><E73/><V132/><F108/><W113/><G110/><T24/><D70/><U45/><E118/><V83/><F127/><N who="3" m="48683" /><G38/><T52/><D125/><U111/><E111/><V131/><F131/><W114/><G120/><T121/><D121/><U98/><E115/><V59/><F39/><W0/><G58/><T37/><D37/><U35/><E28/><V69/><F64/><W16/><G88/><T78/><D24/><U100/><E9/><V67/><F67/><W21/><G104/><T1/><D1/><N who="3" m="585" /><G106/><T123/><D123/><U22/><E35/><V135/><F69/><W109/><G109/><T95/><D105/><U49/><E61/><V74/><F83/><W18/><G21/><T62/><D62/><U101/><E98/><V43/><F43/><W2/><N who="3" m="593" /><W71/><DORA hai="93" /><G71/><T80/><N who="0" m="19456" /><DORA hai="50" /><T92/><D92/><N who="1" m="54375" /><E36/><V63/><F74/><W94/><G94/><T13/><AGARI ba="0,0" hai="11,13,17,44,51,52,80,82,95,99,103" m="19456" machi="13" ten="40,12000,1" yaku="0,1,8,1,52,2,54,1" doraHai="129,93,50" who="0" fromWho="0" sc="250,120,250,-40,250,-40,250,-40" /><INIT seed="0,1,0,3,5,122" ten="370,210,210,210" oya="0" hai0="3,96,9,78,25,38,53,107,120,114,99,106,90" hai1="104,35,86,66,82,95,52,59,103,64,101,5,133" hai2="36,110,28,88,30,4,55,0,8,49,56,113,20" hai3="37,29,84,47,10,63,109,69,72,94,132,100,74"/><T92/><D120/><U32/><E133/><V130/><F113/><W58/><G132/><T42/><D114/><U77/><E104/><V27/><F130/><W18/><G69/><T73/><D53/><U124/><E124/><V115/><F115/><W60/><G74/><T17/><D96/><U11/><E32/><V57/><F36/><W13/><G72/><T39/><D25/><U116/><E35/><V15/><F110/><W50/><G37/><T112/><D39/><U40/><E40/><V46/><F30/><W6/><G29/><T105/><D112/><U118/><E118/><V121/><F121/><W62/><G109/><T119/><D119/><U117/><E117/><V127/><F127/><W70/><G70/><T2/><D17/><U31/><E31/><V129/><F129/><W22/><G84/><T125/><D125/><U23/><E23/><V97/><REACH who="2" step="1"/><F0/><REACH who="2" ten="370,210,200,210" step="2"/><W131/><G131/><T26/><D3/><U33/><E33/><V14/><F14/><W91/><G100/><T65/><D2/><U87/><E116/><V123/><F123/><W81/><G81/><T48/><D38/><U12/><E103/><V75/><F75/><W19/><G19/><T85/><D73/><U126/><E126/><V61/><F61/><W54/><G94/><AGARI ba="1,1" hai="4,8,15,20,27,28,46,49,55,56,57,88,94,97" machi="94" ten="40,5200,0" yaku="1,1,8,1,54,1,53,0" doraHai="122" doraHaiUra="111" who="2" fromWho="3" sc="370,0,210,0,200,65,210,-55" /><INIT seed="1,0,0,1,0,11" ten="370,210,265,155" oya="1" hai0="71,115,96,27,75,109,38,59,87,90,89,2,26" hai1="44,125,55,20,9,101,99,48,50,66,51,46,112" hai2="31,29,14,22,126,129,70,60,120,1,132,49,113" hai3="74,28,58,35,16,97,39,128,47,4,3,12,117"/><U127/><E112/><V114/><F120/><W21/><G74/><T121/><D71/><U25/><E66/><N who="2" m="41287" /><F1/><W80/><G128/><T43/><D2/><U82/><E82/><V56/><F129/><W40/><G117/><T134/><D75/><U24/><E9/><V65/><F132/><W107/><G80/><T13/><D134/><U83/><E83/><V57/><F126/><N who="1" m="48137" /><E55/><N who="2" m="31855" /><F57/><W62/><G97/><T42/><D115/><N who="2" m="44042" /><F65/><W23/><G107/><T30/><D121/><U63/><E63/><V8/><F22/><W106/><G106/><T98/><D59/><U69/><E69/><V73/><F73/><W61/><G23/><T45/><D89/><U108/><E108/><V78/><F78/><W103/><G58/><T53/><D90/><U116/><E116/><V102/><F102/><W37/><G103/><T18/><D109/><U54/><E20/><V100/><F100/><W110/><G110/><T123/><D123/><U76/><E76/><V81/><F81/><W41/><G41/><T86/><D43/><N who="1" m="24607" /><E50/><V105/><F105/><AGARI ba="0,0" hai="24,25,46,51,54,99,101,105" m="24607,48137" machi="105" ten="30,1500,0" yaku="18,1" doraHai="11" who="1" fromWho="2" sc="370,0,210,15,265,-15,155,0" /><INIT seed="1,1,0,2,4,26" ten="370,225,250,155" oya="1" hai0="116,13,30,24,88,102,91,8,68,71,72,58,135" hai1="114,82,15,60,16,74,62,94,107,80,55,51,57" hai2="20,112,47,85,48,100,45,42,65,4,130,56,39" hai3="103,117,37,22,31,109,50,120,79,96,9,29,53"/><U5/><E107/><V73/><F73/><W49/><G109/><T99/><D72/><U41/><E114/><V76/><F112/><W86/><G120/><T118/><D58/><U28/><E74/><V12/><F130/><W75/><G37/><T110/><D110/><U11/><E41/><V59/><F100/><W17/><G75/><T32/><D135/><U119/><E119/><V134/><F134/><W27/><G117/><T63/><D71/><U18/><E94/><V126/><F126/><W121/><G121/><T127/><D127/><U78/><E80/><N who="2" m="47239" /><F65/><W66/><G66/><N who="0" m="41055" /><D116/><U21/><E82/><V106/><F106/><W124/><G124/><T133/><D133/><U90/><E90/><V128/><F128/><W34/><G34/><T93/><D93/><U81/><E81/><V46/><F20/><W38/><G38/><T23/><D23/><U67/><E78/><V105/><F105/><W101/><G9/><T111/><D111/><U6/><E67/><V35/><F35/><W61/><G96/><T115/><D115/><U104/><E104/><V52/><F59/><N who="3" m="35055" /><G86/><T19/><D118/><U77/><E77/><V84/><F84/><W132/><G132/><T113/><D113/><U108/><E108/><V64/><F64/><W89/><G79/><T123/><D123/><U129/><E129/><V33/><F33/><W10/><G89/><N who="0" m="34379" /><D99/><U0/><E62/><N who="2" m="36103" /><F39/><W40/><G10/><AGARI ba="1,0" hai="4,10,12,42,45,46,47,48" m="36103,47239" machi="10" ten="30,3900,0" yaku="25,1,8,1,54,1" doraHai="26" who="2" fromWho="3" sc="370,0,225,0,250,42,155,-42" /><INIT seed="2,0,0,5,0,57" ten="370,225,292,113" oya="2" hai0="90,84,25,69,79,20,110,54,23,60,126,34,9" hai1="51,133,88,14,120,75,66,76,46,55,59,100,109" hai2="36,117,47,71,122,39,135,40,27,94,68,118,64" hai3="77,82,32,49,63,114,116,11,65,15,92,112,104"/><V93/><F27/><W52/><G104/><T6/><D79/><U41/><E109/><V83/><F83/><W86/><G32/><T12/><D110/><U98/><E133/><V95/><F122/><W35/><G35/><T97/><D126/><U22/><E120/><V3/><F135/><W81/><G116/><T38/><D38/><N who="2" m="14378" /><F3/><W53/><G92/><T74/><D74/><U16/><E75/><V115/><F64/><W5/><G82/><T131/><D97/><U62/><E76/><V89/><F89/><W4/><G4/><T13/><D13/><U124/><E124/><V17/><F17/><W103/><G103/><T102/><D102/><U130/><E130/><V129/><F115/><W96/><G96/><T29/><D131/><U1/><E1/><V2/><F2/><W132/><G132/><T128/><D128/><U43/><REACH who="1" step="1"/><E88/><REACH who="1" ten="370,215,292,113" step="2"/><V26/><F129/><W24/><G24/><T33/><D90/><U42/><E42/><V91/><F91/><W119/><G119/><T18/><D25/><U85/><E85/><V111/><F111/><W19/><G5/><T28/><D6/><U125/><E125/><V87/><F87/><W105/><G105/><AGARI ba="0,1" hai="14,16,22,41,43,46,51,55,59,62,66,98,100,105" machi="105" ten="30,8000,1" yaku="1,1,7,1,52,1,54,1,53,1" doraHai="57" doraHaiUra="44" who="1" fromWho="3" sc="370,0,215,90,292,0,113,-80" /><INIT seed="3,0,0,5,4,76" ten="370,305,292,33" oya="3" hai0="52,77,130,57,119,50,19,22,86,75,38,34,36" hai1="0,17,9,78,84,80,48,30,41,126,27,101,131" hai2="58,55,73,62,92,11,96,7,46,115,106,109,133" hai3="64,110,20,82,105,72,95,117,93,102,107,83,98"/><W32/><G32/><T94/><D119/><U49/><E131/><V114/><F106/><N who="3" m="63831" /><G64/><T111/><D34/><U13/><E126/><V26/><F109/><W104/><G20/><T87/><D111/><U10/><E101/><V31/><F133/><W74/><G117/><T132/><D132/><U8/><E0/><V42/><F73/><N who="3" m="28267" /><G110/><T66/><D130/><U122/><E122/><V134/><F134/><W91/><G93/><T120/><D66/><U47/><REACH who="1" step="1"/><E48/><REACH who="1" ten="370,295,292,33" step="2"/><V33/><F7/><W125/><G125/><T85/><D120/><U25/><E25/><V18/><F11/><W35/><G35/><AGARI ba="0,1" hai="8,9,10,13,17,27,30,35,41,47,49,78,80,84" machi="35" ten="30,3900,0" yaku="1,1,7,1,52,1,53,0" doraHai="76" doraHaiUra="118" who="1" fromWho="3" sc="370,0,295,49,292,0,33,-39" owari="370,47.0,344,14.4,292,-10.8,-6,-50.6" /></mjloggm>