<mjloggm ver="2.3"><GO type="225" lobby="0"/><UN n0="%E9%80%86%E9%80%A3%E5%B8%AF%E3%81%AE%E9%AC%BC" n1="%E5%B8%86%E7%AB%8B%E5%A4%8F%E8%A1%A3" n2="%E3%81%99%E3%81%84%E3%81%BE%E3%81%9B%E3%83%BC%E3%82%93" n3="%E3%82%BC%E3%83%AB%E3%83%80%E3%81%AE%E4%BC%9D%E8%AA%AC" dan="16,16,18,17" rate="2150.55,2137.68,2219.67,2234.15" sx="M,M,M,M"/><TAIKYOKU oya="0"/><INIT seed="0,0,0,0,5,101" ten="250,250,250,250" oya="0" hai0="103,134,59,108,131,19,54,16,133,6,58,42,135" hai1="37,45,33,96,34,53,95,117,13,74,90,129,120" hai2="115,94,3,109,110,27,26,21,18,14,62,43,78" hai3="82,39,100,11,93,60,106,29,69,105,48,4,30"/><T73/><D73/><U32/><E117/><V56/><F115/><W123/><G39/><T63/><D131/><U83/><E120/><V35/><F3/><W9/><G123/><T12/><D108/><N who="2" m="41578" /><F43/><W102/><G48/><T46/><D103/><U99/><E129/><V50/><F50/><W77/><G60/><T76/><D76/><U121/><E121/><V1/><F1/><W70/><G93/><T24/><D24/><U15/><E96/><V41/><F41/><W38/><G77/><T119/><D119/><U47/><E37/><V88/><F35/><W118/><G38/><N who="0" m="21847" /><D59/><U81/><E74/><V23/><F23/><W125/><G118/><T113/><D113/><U89/><E47/><V17/><F17/><W72/><G72/><T98/><D98/><U86/><E45/><V22/><F22/><W79/><G79/><T52/><D54/><U84/><REACH who="1" step="1"/><E53/><REACH who="1" ten="250,240,250,250" step="2"/><N who="2" m="34063" /><F78/><AGARI ba="0,1" hai="13,15,32,33,34,78,81,83,84,86,89,90,95,99" machi="78" ten="40,1300,0" yaku="1,1,53,0" doraHai="101" doraHaiUra="111" who="1" fromWho="2" sc="250,0,240,23,250,-13,250,0" /><INIT seed="1,0,0,1,0,110" ten="250,263,237,250" oya="1" hai0="87,95,65,101,77,120,80,73,13,18,2,134,57" hai1="8,49,7,128,64,118,33,67,21,103,70,109,43" hai2="60,17,119,122,45,15,10,75,116,94,88,29,1" hai3="82,11,102,38,126,72,115,19,96,114,108,23,46"/><U31/><E118/><V74/><F122/><W86/><G72/><T56/><D134/><U61/><E128/><V124/><F124/><W133/><G108/><T130/><D130/><U41/><E109/><V44/><F1/><W30/><G30/><T32/><D120/><U22/><E67/><V97/><F29/><W106/><G11/><T59/><D2/><U28/><E28/><V62/><F75/><W127/><G133/><T84/><D32/><U53/><E103/><V55/><F74/><W0/><G0/><T100/><D65/><U16/><E22/><V12/><F119/><W20/><G20/><T91/><REACH who="0" step="1"/><D73/><REACH who="0" ten="240,263,237,250" step="2"/><U78/><E33/><V36/><F116/><W81/><G127/><T48/><D48/><U51/><E51/><N who="2" m="29159" /><F36/><W113/><G126/><T131/><D131/><U37/><E37/><V69/><F69/><W6/><G6/><T92/><D92/><U5/><E5/><V25/><F94/><W76/><G82/><T71/><D71/><U83/><E7/><V121/><F121/><W129/><G129/><T26/><D26/><U99/><E83/><V42/><F25/><W27/><REACH who="3" step="1"/><G114/><REACH who="3" ten="240,263,237,240" step="2"/><T123/><D123/><U112/><E112/><V107/><F15/><W135/><G135/><T68/><D68/><U85/><E70/><V66/><F12/><W35/><G35/><T117/><D117/><U79/><E31/><V14/><F14/><W24/><G24/><T34/><D34/><U104/><E21/><AGARI ba="0,2" hai="13,18,21,56,57,59,77,80,84,87,91,95,100,101" machi="21" ten="40,8000,1" yaku="1,1,8,1,53,2" doraHai="110" doraHaiUra="98" who="0" fromWho="1" sc="240,100,263,-80,237,0,240,0" /><INIT seed="2,0,0,5,1,55" ten="340,183,237,240" oya="2" hai0="134,117,112,104,66,36,115,83,81,85,75,125,131" hai1="13,135,56,47,18,132,6,61,69,67,128,118,19" hai2="110,78,71,2,98,77,123,57,129,122,114,58,54" hai3="53,39,105,121,84,31,14,63,126,119,80,90,41"/><V74/><F114/><W96/><G121/><T109/><RYUUKYOKU type="yao9" ba="0,0" sc="340,0,183,0,237,0,240,0" hai0="36,66,75,81,83,85,104,109,112,115,117,125,131,134" /><INIT seed="2,1,0,4,5,81" ten="340,183,237,240" oya="2" hai0="57,21,53,74,39,44,47,46,56,26,89,64,75" hai1="114,48,132,102,7,51,24,109,80,78,50,121,62" hai2="100,126,71,86,63,40,54,65,45,55,83,90,60" hai3="93,6,119,122,79,32,58,33,76,0,103,110,72"/><V73/><F126/><W82/><G122/><T4/><D4/><U97/><E109/><V9/><F73/><W38/><G119/><T14/><D39/><U116/><E132/><V10/><F100/><W124/><G110/><T13/><D64/><U133/><E133/><V30/><F30/><W35/><G124/><T94/><D75/><U11/><E114/><V118/><F118/><W59/><G79/><T77/><D77/><U2/><E121/><V15/><F63/><W108/><G108/><T29/><D74/><U128/><E128/><V120/><F120/><W112/><G112/><T12/><D53/><U8/><E116/><V61/><F61/><W5/><G38/><T127/><D127/><U22/><E11/><V130/><F130/><W111/><G111/><T84/><AGARI ba="1,0" hai="12,13,14,21,26,29,44,46,47,56,57,84,89,94" machi="84" ten="30,4000,0" yaku="0,1,8,1,52,1" doraHai="81" who="0" fromWho="0" sc="340,43,183,-11,237,-21,240,-11" /><INIT seed="3,0,0,2,2,88" ten="383,172,216,229" oya="3" hai0="101,18,14,48,82,54,33,93,51,67,122,30,90" hai1="26,15,92,87,75,69,28,79,16,29,4,112,40" hai2="60,5,7,66,42,95,13,129,35,47,120,65,100" hai3="62,27,31,98,89,130,34,52,81,56,50,53,114"/><W64/><G114/><T135/><D135/><U61/><E75/><V78/><F35/><W131/><G81/><T111/><D111/><U134/><E112/><V103/><F129/><N who="3" m="49163" /><G50/><T23/><D122/><U55/><E40/><V21/><F78/><W119/><G119/><T8/><D67/><U57/><E69/><V116/><F116/><W105/><G105/><T59/><D33/><U38/><E38/><V77/><F77/><W123/><G123/><T46/><D101/><U0/><E0/><V84/><F120/><W1/><G1/><T36/><D36/><U106/><E106/><V20/><F103/><W37/><G37/><T71/><D71/><U104/><E104/><V121/><F121/><W10/><G10/><T94/><D30/><U3/><E3/><V2/><F2/><W107/><G107/><T63/><D51/><U97/><E134/><V41/><F41/><W99/><G99/><T76/><D8/><N who="1" m="4487" /><E87/><V73/><F73/><W86/><G86/><N who="0" m="50519" /><D76/><U124/><E79/><V11/><F5/><W127/><G127/><T19/><D19/><U125/><E125/><V9/><F9/><W91/><G91/><T74/><D74/><U17/><E124/><V72/><F72/><W85/><G85/><T24/><D14/><U32/><E32/><V44/><F42/><W126/><G126/><T80/><D80/><U25/><E29/><V96/><F84/><W113/><G113/><T83/><D83/><U22/><E26/><V128/><F128/><W58/><G27/><T110/><D110/><U70/><E70/><V43/><F43/><W12/><G34/><RYUUKYOKU ba="0,0" sc="383,15,172,15,216,-15,229,-15" hai0="18,23,24,46,48,54,59,63,93,94" hai1="16,17,22,25,28,55,57,61,92,97" owari="398,49.8,187,-31.3,201,-19.9,214,1.4" /></mjloggm>