<mjloggm ver="2.3"><GO type="225" lobby="0"/><UN n0="%E3%81%BF%E3%81%BF%E3%81%9A" n1="%E3%82%BC%E3%83%AB%E3%83%80%E3%81%AE%E4%BC%9D%E8%AA%AC" n2="%E3%82%A2%E3%82%A4%E3%82%B9%E3%83%86%E3%82%A3%E3%83%BC%E3%81%82%E3%81%B9" n3="%6D%75%75%6D%75%72%61" dan="16,17,16,17" rate="2153.30,2141.99,2114.99,2168.68" sx="M,M,M,F"/><TAIKYOKU oya="0"/><INIT seed="0,0,0,1,1,105" ten="250,250,250,250" oya="0" hai0="101,45,38,9,116,41,69,65,23,34,72,75,42" hai1="74,83,92,115,71,49,33,81,1,134,48,117,55" hai2="12,130,56,36,133,70,87,111,51,66,3,59,76" hai3="35,98,57,89,103,99,40,90,96,26,86,53,37"/><T0/><D116/><U6/><E117/><V93/><F3/><W25/><G37/><N who="0" m="21679" /><D23/><U104/><E104/><V123/><F36/><W126/><G40/><T124/><D101/><U127/><E33/><V61/><F123/><W10/><G126/><T131/><D34/><U125/><E71/><V16/><F111/><W17/><G103/><T8/><D8/><N who="1" m="2127" /><E134/><V50/><F133/><W82/><G35/><T114/><D114/><U15/><E115/><V91/><F130/><W44/><G44/><N who="0" m="23639" /><D124/><N who="1" m="47691" /><E74/><V85/><F70/><W110/><G110/><T11/><D11/><U4/><E48/><V128/><F59/><W109/><G109/><T54/><D54/><U88/><E15/><V132/><F128/><W100/><G100/><T7/><D131/><U120/><E4/><V52/><F66/><W118/><G118/><T94/><D94/><U97/><E120/><V28/><F132/><W21/><G10/><T27/><D27/><U31/><E31/><V5/><F28/><W73/><G73/><T19/><D19/><U68/><E68/><V18/><F5/><W14/><REACH who="3" step="1"/><G89/><REACH who="3" ten="250,250,250,240" step="2"/><T32/><D32/><U46/><AGARI ba="0,1" hai="46,49,55,81,83,88,92,97" m="47691,2127" machi="46" ten="30,2000,0" yaku="18,1,54,1" doraHai="105" who="1" fromWho="1" sc="250,-10,250,30,250,-5,240,-5" /><INIT seed="1,0,0,1,3,83" ten="240,280,245,235" oya="1" hai0="116,59,48,82,101,114,78,117,90,33,9,7,124" hai1="14,20,110,0,118,91,41,27,125,47,74,135,121" hai2="30,16,69,60,92,126,66,64,100,93,61,75,17" hai3="104,86,79,34,28,81,49,39,53,89,84,76,109"/><U11/><E118/><V97/><F126/><W132/><G39/><T38/><D38/><U57/><E121/><V63/><F75/><W26/><G104/><T62/><D114/><U67/><E125/><V107/><F30/><W111/><G132/><T1/><D124/><U120/><E120/><V80/><F80/><W85/><G76/><T24/><D101/><U51/><E135/><V128/><F128/><W37/><G37/><T106/><D106/><U6/><E74/><V52/><F52/><W44/><REACH who="3" step="1"/><G89/><REACH who="3" ten="240,280,245,225" step="2"/><T98/><D90/><U35/><E91/><V103/><F107/><W15/><G15/><T129/><D129/><U72/><E14/><V131/><F131/><W43/><G43/><T10/><D117/><U42/><E42/><V122/><F122/><W4/><G4/><T58/><D116/><U21/><E6/><V127/><F127/><W40/><G40/><T134/><D134/><U32/><E41/><V13/><F13/><W68/><G68/><T70/><D70/><U88/><E88/><N who="2" m="55431" /><F69/><W12/><G12/><T94/><D7/><U108/><E108/><AGARI ba="0,1" hai="26,28,34,44,49,53,79,81,84,85,86,108,109,111" machi="108" ten="40,8000,1" yaku="1,1,14,1,52,3,53,0" doraHai="83" doraHaiUra="105" who="3" fromWho="1" sc="240,0,280,-80,245,0,225,90" /><INIT seed="2,0,0,0,4,84" ten="240,200,245,315" oya="2" hai0="95,34,128,14,104,74,109,106,102,54,44,65,23" hai1="88,100,91,20,118,29,116,38,126,9,57,13,37" hai2="85,132,123,0,89,42,80,16,59,101,71,55,21" hai3="8,125,79,50,107,4,110,56,121,45,86,130,1"/><V114/><F132/><W33/><G121/><T26/><D74/><U129/><E100/><V35/><F123/><W87/><G33/><T11/><D65/><U10/><E57/><V47/><F35/><W17/><G110/><T19/><D34/><U103/><E103/><V108/><F71/><W30/><G107/><T78/><D78/><U27/><E126/><V112/><F0/><W135/><G130/><T52/><D109/><U62/><E129/><V46/><F101/><W36/><G135/><T81/><D81/><U22/><E62/><V82/><F80/><W18/><G30/><T12/><D128/><U99/><E99/><V58/><F58/><W49/><G36/><T7/><D106/><U15/><E27/><V77/><F108/><W113/><G113/><T76/><D76/><U98/><E98/><V69/><F69/><W94/><G125/><T127/><D104/><U119/><E119/><V92/><F42/><W90/><G79/><T122/><D122/><U105/><E105/><V63/><F114/><W134/><G134/><T5/><D44/><U61/><E61/><V28/><F28/><AGARI ba="0,0" hai="9,10,13,15,20,22,28,29,37,38,88,91,116,118" machi="28" ten="25,8000,1" yaku="22,2,52,2,54,1" doraHai="84" who="1" fromWho="2" sc="240,0,200,80,245,-80,315,0" /><INIT seed="3,0,0,0,5,60" ten="240,280,165,315" oya="3" hai0="7,125,109,113,1,6,100,73,0,70,74,86,91" hai1="99,98,114,56,47,2,93,131,25,69,82,92,54" hai2="16,117,9,52,40,75,118,77,53,27,50,11,36" hai3="79,55,122,126,115,89,111,42,41,101,61,105,96"/><W95/><G115/><T28/><D28/><U124/><E114/><V128/><F128/><W24/><G122/><T46/><D100/><U12/><E2/><V90/><F36/><W45/><G126/><T66/><D113/><U57/><E69/><V18/><F75/><W48/><G111/><T37/><D109/><U135/><E131/><V59/><F77/><W20/><G79/><T33/><D33/><U87/><E135/><V10/><F40/><W102/><G61/><T116/><D116/><U22/><E12/><V43/><F43/><N who="3" m="16395" /><G105/><T34/><D46/><U19/><E47/><N who="2" m="27743" /><F118/><W94/><G94/><N who="1" m="36458" /><E124/><V65/><F117/><W129/><G129/><T29/><D29/><AGARI ba="0,0" hai="20,24,29,45,48,55,89,95,96,101,102" m="16395" machi="29" ten="30,1500,0" yaku="8,1" doraHai="60" who="3" fromWho="0" sc="240,-15,280,0,165,0,315,15" owari="225,-17.5,280,8.0,165,-33.5,330,43.0" /></mjloggm>