<mjloggm ver="2.3"><GO type="225" lobby="0"/><UN n0="%73%6C%69%63%6B%33%31%39" n1="%72%61%6B%33" n2="%E6%80%AA%E3%81%97%E3%81%99%E3%81%8E%E3%82%8B%E3%83%81%E3%83%BC" n3="%E4%B8%AD%E5%B9%B4%E3%81%AE%E5%8D%B1%E6%A9%9F" dan="16,17,16,16" rate="2196.23,2309.57,2121.37,2125.65" sx="M,M,M,M"/><TAIKYOKU oya="0"/><INIT seed="0,0,0,5,2,111" ten="250,250,250,250" oya="0" hai0="50,15,69,1,2,85,66,57,123,4,24,72,3" hai1="58,62,73,23,0,102,7,39,18,19,101,43,65" hai2="89,105,21,108,131,47,59,25,91,134,53,92,63" hai3="86,93,64,12,61,36,29,87,8,17,22,122,100"/><T121/><D72/><U40/><E73/><V82/><F105/><W32/><G36/><T16/><D69/><U77/><E77/><V31/><F108/><W60/><G122/><T114/><D114/><U129/><E129/><V127/><F131/><W75/><G75/><T33/><D4/><U81/><E81/><V132/><F127/><W11/><G32/><T94/><D33/><U112/><E112/><V74/><F47/><W95/><G29/><T49/><D24/><U106/><E19/><V34/><F34/><W5/><G8/><T126/><D126/><U119/><E119/><V84/><REACH who="2" step="1"/><F74/><REACH who="2" ten="250,250,240,250" step="2"/><W118/><G118/><T27/><D123/><U76/><E106/><V6/><F6/><W38/><G38/><T115/><D121/><U120/><E39/><V107/><F107/><W67/><G67/><T51/><D1/><U20/><E7/><V54/><F54/><W113/><G113/><T133/><D115/><U30/><E0/><V103/><F103/><W124/><G124/><T99/><D2/><U46/><E102/><V42/><F42/><W45/><G45/><T41/><D3/><U9/><E101/><V52/><F52/><W68/><G100/><T71/><D41/><U83/><E43/><V88/><F88/><W56/><G68/><T97/><D71/><U96/><E40/><V109/><F109/><W28/><G5/><T125/><D125/><U26/><E46/><V78/><F78/><W90/><G90/><T44/><D44/><U98/><E120/><V55/><F55/><W135/><G64/><T14/><D66/><U48/><E65/><RYUUKYOKU ba="0,1" sc="250,-10,250,-10,240,30,250,-10" hai2="21,25,31,53,59,63,82,84,89,91,92,132,134" /><INIT seed="1,1,1,1,5,116" ten="240,240,270,240" oya="1" hai0="135,121,47,61,60,78,55,101,104,91,75,120,25" hai1="106,50,23,113,35,59,45,122,12,93,127,56,70" hai2="71,97,111,117,0,46,1,109,86,119,99,129,43" hai3="36,130,83,89,39,123,15,3,53,11,29,42,63"/><U14/><E106/><V85/><F71/><W8/><G123/><N who="0" m="47179" /><D135/><U103/><E35/><V72/><F46/><W96/><G130/><T6/><D6/><U112/><E70/><V126/><F43/><W13/><G29/><T57/><D47/><U27/><E127/><V54/><F54/><W5/><G42/><T19/><D91/><U37/><E37/><V69/><F69/><W105/><G39/><T82/><D104/><U30/><E113/><V67/><F67/><W108/><G36/><T100/><D61/><U18/><E112/><V62/><F62/><W34/><G34/><T102/><D19/><U94/><E122/><V58/><F126/><W131/><G131/><T24/><AGARI ba="1,1" hai="24,25,55,57,60,75,78,82,100,101,102" m="47179" machi="24" ten="40,8000,1" yaku="13,1,52,3" doraHai="116" who="0" fromWho="0" sc="240,93,240,-41,270,-21,240,-21" /><INIT seed="2,0,0,0,0,33" ten="333,199,249,219" oya="2" hai0="118,36,104,37,3,23,22,68,7,42,40,61,55" hai1="17,13,91,11,49,90,27,100,2,114,15,67,69" hai2="19,30,60,77,111,128,88,105,113,70,96,131,65" hai3="135,92,5,120,64,35,43,112,116,46,127,53,16"/><V26/><F113/><W125/><G35/><T31/><D104/><U47/><E114/><V93/><F111/><W117/><G112/><T121/><D121/><U86/><E100/><V44/><F105/><W25/><G53/><T0/><D118/><U106/><E106/><V14/><F44/><W108/><G120/><T73/><D73/><U48/><E48/><V82/><F26/><W54/><G54/><T39/><D7/><U32/><E91/><V110/><F30/><W98/><G64/><T81/><D81/><U83/><E67/><V101/><F101/><W107/><G107/><T51/><D68/><U8/><E69/><V6/><F6/><W74/><G74/><T132/><D132/><U62/><E32/><V87/><REACH who="2" step="1"/><F110/><REACH who="2" ten="333,199,239,219" step="2"/><W57/><G5/><T4/><D31/><U133/><E27/><V115/><F115/><W130/><G108/><T122/><D4/><U79/><E47/><V75/><F75/><W20/><G135/><T56/><D122/><U41/><E133/><V18/><F18/><W99/><G117/><T24/><D24/><U129/><E17/><V38/><F38/><N who="3" m="21879" /><G116/><T124/><D37/><U50/><E13/><V78/><F78/><W72/><G72/><T119/><D39/><U134/><E15/><V102/><F102/><W126/><G130/><T71/><D36/><U109/><E79/><V9/><AGARI ba="0,1" hai="9,14,19,60,65,70,77,82,87,88,93,96,128,131" machi="9" ten="30,11700,0" yaku="1,1,0,1,54,1,53,1" doraHai="33" doraHaiUra="58" who="2" fromWho="2" sc="333,-39,199,-39,239,127,219,-39" /><INIT seed="2,1,0,3,2,99" ten="294,160,366,180" oya="2" hai0="106,39,41,35,107,76,114,15,90,109,65,104,75" hai1="124,11,36,73,110,30,10,95,133,121,123,98,38" hai2="128,22,16,83,81,134,2,92,63,102,21,97,33" hai3="78,4,25,13,71,132,9,37,117,82,52,12,5"/><V43/><F33/><W129/><G117/><T55/><D114/><U42/><E73/><V74/><F2/><W68/><G37/><T69/><D35/><U40/><E30/><V105/><F128/><W54/><G129/><T116/><D69/><U77/><E77/><V112/><F112/><W45/><G132/><T103/><D65/><U100/><E133/><V44/><F134/><W93/><G25/><T118/><D109/><U60/><E110/><V62/><F105/><W96/><G68/><T131/><D131/><U1/><E60/><N who="2" m="23083" /><F74/><W125/><G125/><T59/><D15/><U49/><E124/><V47/><F22/><W57/><G57/><T8/><D59/><U67/><E67/><V126/><F126/><W34/><G71/><T29/><D39/><N who="1" m="14891" /><E49/><N who="2" m="26783" /><F47/><W86/><G34/><T101/><D104/><U64/><E64/><V7/><F7/><W19/><G45/><T53/><D106/><U135/><E135/><V18/><F18/><W61/><G61/><T48/><D107/><U0/><E0/><V46/><F46/><W17/><G4/><T27/><D75/><U66/><E66/><V85/><F85/><W115/><G115/><T3/><D3/><U91/><E1/><V80/><F80/><W84/><G84/><T111/><D111/><U56/><E56/><V113/><F113/><W20/><REACH who="3" step="1"/><G5/><REACH who="3" ten="294,160,366,170" step="2"/><T108/><D108/><U88/><E40/><V28/><F28/><W89/><AGARI ba="1,1" hai="9,12,13,17,19,20,52,54,78,82,86,89,93,96" machi="89" ten="20,16000,3" yaku="1,1,2,1,0,1,7,1,8,1,54,1,53,2" doraHai="99" doraHaiUra="14" who="3" fromWho="3" sc="294,-41,160,-41,366,-81,170,173" /><INIT seed="3,0,0,2,2,80" ten="253,119,285,343" oya="3" hai0="59,109,43,77,40,5,37,25,29,35,23,45,106" hai1="21,62,28,16,47,113,87,33,48,53,79,134,97" hai2="120,1,55,19,81,83,70,75,2,95,111,92,20" hai3="73,105,121,124,11,118,107,56,46,128,98,84,26"/><W36/><G73/><T129/><D109/><U69/><E134/><V123/><F111/><W82/><G121/><N who="2" m="46665" /><F70/><W93/><G118/><T44/><D129/><U94/><E113/><V12/><F55/><W17/><G128/><T103/><D5/><U114/><E114/><V96/><F92/><W22/><G124/><T60/><D106/><U100/><E33/><V88/><F83/><W7/><G56/><T3/><D3/><U66/><E28/><V90/><F90/><W89/><G36/><T63/><D103/><U42/><E79/><AGARI ba="0,0" hai="1,2,12,19,20,75,79,81,88,95,96" m="46665" machi="79" ten="30,2000,0" yaku="13,1,54,1" doraHai="80" who="2" fromWho="1" sc="253,0,119,-20,285,20,343,0" owari="253,-14.7,99,-40.1,305,10.5,343,44.3" /></mjloggm>