<mjloggm ver="2.3"><GO type="225" lobby="0"/><UN n0="%E5%B6%BA%E4%B8%8A%E5%92%B2" n1="%E3%81%86%E3%82%8C%E3%81%9F%E3%82%93%E6%9E%95" n2="%E3%81%8B%E3%82%8F%E3%81%A1%E3%82%83%E3%82%93%35%38" n3="%E5%8F%AF%E5%85%90%E9%82%A3%E7%94%B1%E5%A4%9A" dan="16,16,17,17" rate="2087.36,2115.23,2147.22,2224.53" sx="F,F,M,F"/><TAIKYOKU oya="0"/><INIT seed="0,0,0,0,1,121" ten="250,250,250,250" oya="0" hai0="134,123,21,52,34,125,10,76,40,78,88,71,19" hai1="86,89,49,17,36,77,101,2,124,87,20,130,44" hai2="73,107,43,26,117,85,67,27,47,80,135,6,16" hai3="109,7,38,63,104,116,22,113,60,68,46,53,37"/><T132/><D123/><U4/><E130/><V65/><F107/><W39/><G104/><T45/><D34/><U55/><E124/><V81/><F6/><W59/><G7/><T119/><D71/><U58/><E101/><V98/><F135/><N who="0" m="51754" /><D119/><U14/><E77/><N who="0" m="29801" /><D125/><U96/><E96/><V15/><F98/><W120/><G120/><T92/><D10/><U105/><E105/><V35/><F73/><W114/><G22/><T56/><D40/><U48/><E36/><V90/><F81/><W9/><G9/><T126/><D45/><U70/><E70/><V110/><F117/><W18/><G18/><T66/><D66/><U128/><E128/><V5/><F5/><W0/><G0/><T61/><D126/><U83/><E2/><V25/><F35/><W32/><G32/><T118/><D118/><U30/><E4/><V75/><F75/><W1/><G1/><T8/><D8/><U95/><E30/><V122/><F122/><W129/><G116/><T82/><D82/><U93/><REACH who="1" step="1"/><E86/><REACH who="1" ten="250,240,250,250" step="2"/><V94/><F85/><W108/><G129/><T97/><D19/><U33/><E33/><V74/><F16/><W11/><G37/><T115/><D115/><U100/><E100/><V24/><F74/><W111/><G38/><T51/><D21/><U23/><E23/><V103/><F103/><W13/><G11/><T131/><D131/><U62/><E62/><AGARI ba="0,1" hai="51,52,56,61,62,88,92,97" m="29801,51754" machi="62" ten="30,5800,0" yaku="20,1,54,2" doraHai="121" who="0" fromWho="1" sc="250,68,240,-58,250,0,250,0" /><INIT seed="0,1,0,0,5,131" ten="318,182,250,250" oya="0" hai0="42,85,101,58,65,22,34,71,38,14,104,5,132" hai1="86,36,108,66,88,115,19,93,74,117,40,80,13" hai2="50,120,31,76,70,30,118,8,134,68,25,27,105" hai3="124,111,2,87,39,130,92,62,98,48,43,103,10"/><T0/><D34/><U107/><E117/><V47/><F105/><W54/><G130/><T44/><D71/><U123/><E123/><V82/><F120/><W102/><G111/><T51/><D0/><U100/><E108/><V9/><F118/><W96/><G124/><T113/><D113/><U63/><E115/><V41/><F70/><W33/><G33/><T75/><D75/><U106/><E40/><V23/><F68/><W24/><G62/><T94/><D104/><U20/><E36/><V126/><F126/><W119/><G119/><T90/><D101/><U99/><REACH who="1" step="1"/><E74/><REACH who="1" ten="318,172,250,250" step="2"/><V109/><F109/><W79/><G39/><T59/><D38/><U128/><E128/><V57/><F57/><AGARI ba="1,1" hai="13,19,20,57,63,66,80,86,88,93,99,100,106,107" machi="57" ten="30,3900,0" yaku="1,1,7,1,54,1,53,0" doraHai="131" doraHaiUra="67" who="1" fromWho="2" sc="318,0,172,52,250,-42,250,0" /><INIT seed="1,0,0,5,1,97" ten="318,224,208,250" oya="1" hai0="114,12,5,40,68,93,92,125,124,31,30,87,102" hai1="49,19,98,21,14,71,84,20,111,8,113,88,29" hai2="6,117,82,106,38,81,26,4,128,61,57,48,73" hai3="62,107,112,90,67,3,115,9,55,77,72,105,99"/><U78/><E113/><V39/><F117/><W69/><G55/><T33/><D68/><U127/><E71/><V103/><F128/><W10/><G10/><N who="0" m="4175" /><D114/><N who="3" m="43561" /><G90/><N who="0" m="53343" /><D40/><U51/><E127/><N who="0" m="48713" /><D33/><U46/><E111/><V18/><F39/><W2/><G9/><T28/><D93/><N who="1" m="56615" /><E29/><N who="0" m="7425" /><T116/><DORA hai="34" /><D116/><U52/><E51/><V50/><F38/><W135/><G135/><T60/><D60/><U108/><E108/><V76/><F81/><AGARI ba="0,0" hai="8,14,19,20,21,46,49,52,78,81,84" m="56615" machi="81" ten="30,5800,0" yaku="8,1,54,2" doraHai="97,34" who="1" fromWho="2" sc="318,0,224,58,208,-58,250,0" /><INIT seed="1,1,0,3,5,48" ten="318,282,150,250" oya="1" hai0="64,15,39,133,105,110,10,67,49,126,11,90,104" hai1="58,47,59,34,85,57,96,60,53,41,8,69,72" hai2="6,109,111,131,44,9,112,94,56,42,40,73,63" hai3="114,77,117,132,116,91,84,68,21,87,107,5,99"/><U51/><E72/><V102/><F73/><W33/><G33/><T61/><D39/><N who="1" m="21951" /><E34/><V66/><F102/><N who="3" m="62943" /><G68/><T26/><D104/><U103/><E96/><V55/><F94/><N who="3" m="54631" /><G21/><T121/><D105/><U78/><E85/><V30/><F30/><W37/><G37/><T24/><D90/><U12/><E78/><V20/><F20/><W54/><G54/><T124/><D15/><U0/><E103/><V135/><F9/><W4/><G114/><T101/><D101/><U95/><E95/><V127/><F6/><W43/><G43/><N who="2" m="16425" /><F112/><W13/><G13/><T113/><D113/><U17/><E0/><V122/><F122/><W128/><G128/><T45/><D121/><U2/><E2/><V75/><F75/><W86/><G86/><T1/><D1/><U50/><E17/><V16/><F16/><W31/><G31/><T98/><D10/><U65/><E12/><V38/><F38/><W18/><G18/><T120/><D11/><U70/><E8/><V7/><F7/><W123/><G123/><T62/><D120/><U79/><E79/><V29/><F29/><W28/><G28/><T119/><D24/><U130/><E130/><V115/><F115/><W19/><G19/><T93/><D26/><U118/><E118/><V3/><F3/><W134/><G4/><T97/><D119/><N who="3" m="45641" /><G5/><T36/><D98/><U71/><E50/><N who="2" m="29127" /><F131/><W27/><G27/><T81/><D97/><U89/><E89/><V32/><F32/><W106/><G106/><T22/><D36/><U80/><E80/><AGARI ba="1,0" hai="77,80,87,132,134" m="45641,54631,62943" machi="80" ten="30,3900,0" yaku="12,1,34,2" doraHai="48" who="3" fromWho="1" sc="318,0,282,-42,150,0,250,42" /><INIT seed="2,0,0,0,4,51" ten="318,240,150,292" oya="2" hai0="74,112,70,48,24,14,119,115,104,133,2,71,134" hai1="17,38,3,106,0,13,45,93,135,81,78,120,9" hai2="77,59,44,66,91,130,57,122,43,123,28,19,4" hai3="47,39,46,86,29,90,129,54,92,79,132,107,128"/><V21/><F130/><N who="3" m="50283" /><G107/><T88/><D2/><U96/><E135/><N who="0" m="51721" /><D74/><U30/><E120/><V25/><F77/><W6/><G132/><T87/><D104/><U76/><E30/><V5/><F123/><W105/><G105/><T11/><D24/><U8/><E106/><V35/><F122/><W99/><G29/><T16/><D48/><U103/><E9/><V125/><F125/><W60/><G39/><T26/><D26/><U68/><E68/><N who="0" m="26153" /><D119/><U23/><E78/><V84/><F35/><W42/><G42/><T22/><D11/><U50/><E38/><V64/><F28/><W1/><G1/><T10/><D10/><U40/><REACH who="1" step="1"/><E8/><REACH who="1" ten="318,230,150,292" step="2"/><V20/><F20/><W124/><G124/><T108/><D108/><U63/><E63/><V41/><F4/><W7/><G7/><T61/><D61/><U97/><E97/><V85/><F5/><W127/><G6/><T116/><D116/><U58/><E58/><N who="2" m="22027" /><F85/><AGARI ba="0,1" hai="0,3,13,17,23,40,45,50,76,81,85,93,96,103" machi="85" ten="30,2000,0" yaku="1,1,7,1,53,0" doraHai="51" doraHaiUra="126" who="1" fromWho="2" sc="318,0,230,30,150,-20,292,0" /><INIT seed="3,0,0,3,5,97" ten="318,260,130,292" oya="3" hai0="29,96,37,1,59,110,44,3,89,53,69,120,12" hai1="38,15,128,68,105,20,91,71,23,52,34,6,72" hai2="16,65,94,122,61,102,18,130,77,51,98,47,85" hai3="2,64,45,54,67,79,7,119,48,30,134,131,49"/><W43/><G119/><T31/><D69/><U28/><E128/><V41/><F130/><W109/><G131/><T121/><D110/><U8/><E38/><V90/><F77/><W127/><G127/><T80/><D3/><U4/><E72/><V60/><F122/><W63/><G134/><T123/><D1/><U76/><E76/><V42/><F42/><W133/><G133/><T115/><D115/><U83/><E105/><V25/><F25/><W56/><G109/><T113/><D113/><U32/><E71/><V55/><F41/><W104/><G104/><T82/><D12/><N who="1" m="5127" /><E52/><V36/><F36/><W129/><G129/><T70/><D89/><U93/><E83/><V101/><F61/><W50/><G30/><T126/><D96/><U84/><E68/><V88/><F90/><W57/><G79/><T75/><D75/><U74/><E74/><V62/><F62/><N who="3" m="37967" /><G7/><T78/><D70/><U73/><E73/><V87/><F87/><W81/><G2/><T117/><D78/><U114/><E114/><V107/><F102/><W92/><G92/><T112/><D112/><U66/><E93/><V100/><F100/><W132/><G132/><T22/><D37/><U0/><E91/><V46/><F46/><N who="3" m="27927" /><G81/><N who="0" m="31339" /><D44/><U19/><E84/><V118/><F118/><W35/><G35/><N who="1" m="13354" /><E66/><V125/><F125/><W95/><G95/><T116/><D126/><U5/><E0/><V26/><F26/><AGARI ba="0,0" hai="5,6,15,19,20,23,26,28" m="13354,5127" machi="26" ten="30,8000,1" yaku="35,5" doraHai="97" who="1" fromWho="2" sc="318,0,260,80,130,-80,292,0" owari="318,11.8,340,44.0,50,-45.0,292,-10.8" /></mjloggm>