<mjloggm ver="2.3"><GO type="225" lobby="0"/><UN n0="%E3%81%A9%E3%82%93%E3%82%88%E3%81%8F%4D%6B%2E%32" n1="%E5%86%B7%E5%87%8D%E3%82%AE%E3%83%A7%E3%83%BC%E3%82%B6" n2="%E3%82%BC%E3%83%AB%E3%83%80%E3%81%AE%E4%BC%9D%E8%AA%AC" n3="%E9%BA%BB%E9%9B%80%E5%B0%91%E5%B9%B4" dan="16,16,16,17" rate="2193.67,2121.04,2185.17,2173.71" sx="M,M,M,M"/><TAIKYOKU oya="0"/><INIT seed="0,0,0,1,1,97" ten="250,250,250,250" oya="0" hai0="132,127,70,94,3,95,88,93,68,125,135,30,32" hai1="37,54,98,25,12,19,11,77,121,104,85,87,8" hai2="1,26,58,22,124,106,17,113,66,119,84,13,38" hai3="112,100,2,67,56,110,45,21,80,65,76,14,133"/><T75/><D75/><U78/><E121/><V43/><F113/><W128/><G112/><T52/><D3/><U33/><E37/><V57/><F1/><W4/><G110/><T24/><D88/><U129/><E129/><V114/><F114/><W126/><G128/><T7/><D7/><U47/><E33/><V82/><F106/><W63/><G126/><N who="0" m="48139" /><D52/><U89/><E25/><V6/><F124/><W107/><G133/><AGARI ba="0,0" hai="24,30,32,68,70,93,94,95,132,133,135" m="48139" machi="133" ten="40,3900,0" yaku="20,1,18,1" doraHai="97" who="0" fromWho="3" sc="250,39,250,0,250,0,250,-39" /><INIT seed="0,1,0,4,1,27" ten="289,250,250,211" oya="0" hai0="60,7,54,29,80,24,124,99,21,113,65,53,116" hai1="134,132,55,122,11,57,50,67,41,82,68,114,18" hai2="0,12,74,39,9,98,108,135,72,32,73,47,23" hai3="62,2,97,52,26,49,87,78,123,17,129,33,111"/><T69/><D124/><U83/><E122/><V59/><F32/><W51/><G123/><T5/><D113/><U8/><E41/><V35/><F35/><W3/><G111/><T121/><D121/><U19/><E114/><V127/><F108/><W102/><G129/><T103/><D116/><U126/><E126/><V120/><F120/><W34/><G62/><T107/><D80/><N who="1" m="30763" /><E68/><V112/><F112/><W133/><G78/><T119/><D119/><U81/><E67/><V48/><F127/><W128/><G87/><T61/><D61/><U38/><E38/><V118/><F118/><W125/><G125/><T96/><D96/><U42/><E42/><V20/><F0/><W95/><G128/><T16/><REACH who="0" step="1"/><D16/><REACH who="0" ten="279,250,250,211" step="2"/><N who="1" m="6187" /><E81/><V43/><F98/><W86/><G97/><T37/><D37/><U44/><E44/><V40/><F39/><W31/><G86/><T115/><D115/><U94/><E94/><V105/><F47/><W84/><G95/><T93/><D93/><U14/><E14/><V91/><F12/><W117/><G84/><T110/><D110/><U75/><E75/><V79/><F74/><W109/><G117/><T58/><D58/><U10/><E134/><V1/><F135/><W104/><G133/><T71/><D71/><U30/><E132/><V56/><F56/><W25/><G3/><T130/><D130/><U77/><E77/><V92/><F79/><W100/><G2/><T13/><D13/><U70/><E70/><V90/><F92/><W45/><G109/><T76/><D76/><U63/><E63/><V101/><F72/><W66/><G45/><RYUUKYOKU ba="1,1" sc="279,15,250,15,250,-15,211,-15" hai0="5,7,21,24,29,53,54,60,65,69,99,103,107" hai1="8,10,11,30,50,55,57" /><INIT seed="0,2,1,5,5,93" ten="294,265,235,196" oya="0" hai0="6,107,48,58,67,108,86,105,21,83,84,111,122" hai1="99,15,12,11,116,20,64,8,16,81,127,131,60" hai2="92,52,49,42,77,71,117,75,22,55,27,0,98" hai3="47,132,88,40,50,124,100,4,70,87,25,115,31"/><T74/><D122/><U96/><E116/><V37/><F117/><W45/><G115/><T23/><D74/><U128/><E127/><V24/><F71/><W33/><G124/><T135/><D6/><U5/><E81/><V41/><F0/><W46/><G132/><T57/><D135/><U65/><E11/><V119/><F119/><W104/><G70/><T36/><D36/><U133/><E133/><V72/><F37/><W90/><G90/><T18/><D67/><U29/><E29/><V30/><F75/><W103/><G4/><T79/><D86/><U130/><REACH who="1" step="1"/><E65/><REACH who="1" ten="294,255,235,196" step="2"/><V32/><F72/><W54/><G104/><T13/><D105/><U63/><E63/><V51/><F77/><W62/><G62/><T73/><D73/><U82/><E82/><V2/><F2/><W28/><G28/><T68/><D107/><U80/><E80/><V43/><F32/><W101/><REACH who="3" step="1"/><G40/><REACH who="3" ten="294,255,235,186" step="2"/><T126/><D126/><U134/><E134/><V3/><F30/><W118/><G118/><T94/><D79/><U109/><E109/><V34/><F43/><W44/><G44/><T19/><D108/><U7/><E7/><V38/><F42/><W39/><G39/><T121/><D111/><U78/><E78/><V9/><F41/><W53/><G53/><T114/><D121/><U14/><E14/><V106/><F38/><W97/><G97/><T76/><D13/><U125/><E125/><V59/><F106/><W10/><G10/><T56/><D76/><U129/><N who="1" m="32768" /><DORA hai="85" /><U66/><E66/><V61/><F55/><W89/><G89/><T35/><D114/><RYUUKYOKU ba="2,3" sc="294,-15,255,15,235,-15,186,15" hai1="5,8,12,15,16,20,60,64,96,99" hai3="25,31,33,45,46,47,50,54,87,88,100,101,103" /><INIT seed="1,3,3,3,5,63" ten="279,270,220,201" oya="1" hai0="99,117,5,105,14,112,123,55,124,34,56,100,6" hai1="44,18,95,81,129,48,46,65,62,19,35,71,24" hai2="97,102,78,58,4,7,25,41,104,28,51,30,21" hai3="80,132,96,126,82,93,40,53,85,0,119,109,128"/><U17/><E129/><V79/><F30/><W84/><G0/><T60/><D112/><U12/><E95/><N who="2" m="58687" /><F58/><W98/><G128/><T122/><D117/><U107/><E107/><V37/><F37/><W113/><G113/><T118/><D118/><U61/><E81/><V50/><F104/><W15/><G119/><T86/><D34/><U22/><E46/><N who="2" m="25935" /><F51/><W72/><G109/><T1/><D1/><U23/><E35/><V8/><F8/><W134/><G72/><T120/><D124/><U69/><E69/><V133/><F133/><W110/><G40/><T39/><D39/><U49/><E49/><V3/><F3/><W94/><G110/><T32/><D32/><U54/><E62/><V66/><F66/><W135/><G126/><T13/><D86/><U111/><E111/><V10/><F10/><W59/><G84/><T90/><D90/><U33/><E33/><V114/><F114/><W116/><G116/><T77/><D77/><AGARI ba="3,3" hai="4,7,21,25,28,77,78,79" m="25935,58687" machi="77" ten="30,1000,0" yaku="8,1" doraHai="63" who="2" fromWho="0" sc="279,-19,270,0,220,49,201,0" /><INIT seed="2,0,0,3,4,20" ten="260,270,269,201" oya="2" hai0="134,127,9,99,8,86,61,96,100,58,43,40,85" hai1="27,39,26,92,46,116,34,29,64,119,55,91,94" hai2="25,48,19,118,42,0,81,15,87,6,101,78,109" hai3="126,38,33,56,132,122,21,98,18,14,10,4,129"/><V68/><F118/><W71/><G122/><T111/><D111/><U66/><E94/><V32/><F68/><W45/><G71/><T41/><D127/><U89/><E91/><V114/><F114/><W72/><G33/><T121/><D121/><U5/><E5/><V120/><F120/><W35/><G35/><T50/><D134/><U47/><E39/><V3/><F109/><W73/><G132/><T88/><D50/><N who="1" m="29143" /><E47/><N who="2" m="25719" /><F101/><W102/><G126/><T104/><D96/><U24/><E34/><V113/><F113/><W117/><G117/><T63/><D86/><N who="1" m="52279" /><E119/><V11/><F19/><W31/><G129/><T70/><D70/><U36/><E36/><V90/><F90/><W67/><G73/><T125/><D125/><U107/><E107/><V124/><F124/><W37/><G72/><T80/><REACH who="0" step="1"/><D63/><REACH who="0" ten="250,270,269,201" step="2"/><U79/><E116/><V52/><F87/><W115/><G38/><T1/><D1/><U44/><E79/><V135/><F135/><W57/><G37/><T69/><D69/><U59/><E29/><V74/><F74/><W12/><G115/><T65/><AGARI ba="0,1" hai="8,9,40,41,43,58,61,65,80,85,88,99,100,104" machi="65" ten="30,7900,0" yaku="1,1,0,1,54,1,53,1" doraHai="20" doraHaiUra="97" who="0" fromWho="0" sc="250,89,270,-20,269,-39,201,-20" /><INIT seed="3,0,0,5,5,104" ten="339,250,230,181" oya="3" hai0="84,105,57,54,128,30,14,24,20,28,26,88,47" hai1="124,59,7,100,67,31,102,49,29,71,134,62,35" hai2="52,123,80,13,19,76,34,115,97,117,55,50,43" hai3="93,119,18,37,77,56,75,120,69,103,12,92,96"/><W42/><G119/><T39/><D105/><U32/><E124/><V5/><F117/><W33/><G120/><T70/><D70/><U89/><E7/><V110/><F34/><W68/><G33/><T63/><D128/><U79/><E32/><V9/><F115/><W74/><G92/><T58/><D58/><U113/><E134/><V81/><F123/><W78/><G56/><T46/><D39/><U86/><E79/><V21/><F110/><W10/><G78/><T130/><D14/><U41/><E113/><V22/><F97/><W73/><REACH who="3" step="1"/><G77/><REACH who="3" ten="339,250,230,171" step="2"/><T114/><D114/><U133/><E35/><V27/><F81/><W64/><G64/><T94/><D130/><U107/><E107/><V8/><F80/><W95/><G95/><T0/><D0/><U132/><E133/><V23/><F76/><W45/><AGARI ba="0,1" hai="10,12,18,37,42,45,68,69,73,74,75,93,96,103" machi="45" ten="40,18000,2" yaku="1,1,0,1,52,3,53,1" doraHai="104" doraHaiUra="15" who="3" fromWho="3" sc="339,-60,250,-60,230,-60,171,190" owari="279,7.9,190,-21.0,170,-33.0,361,46.1" /></mjloggm>