<mjloggm ver="2.3"><GO type="225" lobby="0"/><UN n0="%E7%89%B9%E6%9D%B1%E3%81%AF%E4%B8%96%E7%95%8C%E3%82%92%E6%95%91%E3%81%86" n1="%E5%B8%86%E7%AB%8B%E5%A4%8F%E8%A1%A3" n2="%E3%82%BC%E3%83%AB%E3%83%80%E3%81%AE%E4%BC%9D%E8%AA%AC" n3="%2D%E8%B1%8A%E5%8F%A3%E3%82%81%E3%81%90%E3%81%BF%2D" dan="16,16,18,17" rate="2161.43,2148.09,2218.72,2200.04" sx="M,M,M,F"/><TAIKYOKU oya="0"/><INIT seed="0,0,0,3,3,71" ten="250,250,250,250" oya="0" hai0="0,52,14,100,17,134,119,123,135,35,69,85,27" hai1="4,90,97,83,64,86,67,53,124,21,37,16,40" hai2="2,128,32,98,101,60,110,79,22,13,74,62,25" hai3="11,131,129,49,3,130,122,75,28,19,39,117,9"/><T99/><D119/><U61/><E124/><V26/><F2/><W30/><G75/><T111/><D0/><U45/><E4/><V78/><F110/><W104/><G104/><T133/><D123/><U120/><E120/><V56/><F128/><W65/><G122/><T59/><D69/><U95/><E53/><V118/><F118/><W96/><G117/><T20/><D85/><U70/><E61/><V102/><F74/><W63/><G96/><T31/><D111/><U5/><E5/><V72/><F72/><W112/><G112/><T92/><REACH who="0" step="1"/><D133/><REACH who="0" ten="240,250,250,250" step="2"/><U105/><E70/><V38/><F98/><W34/><G3/><T57/><D57/><U58/><E58/><V84/><F84/><W12/><G131/><T88/><D88/><U93/><E105/><V55/><F56/><W107/><G130/><T73/><D73/><U41/><E95/><V126/><F78/><W132/><G107/><T82/><D82/><U81/><E81/><V113/><F79/><W115/><G132/><T103/><D103/><U50/><E83/><V1/><F101/><W33/><G129/><T15/><D15/><U54/><E97/><V43/><F13/><W18/><G12/><T8/><D8/><U48/><E86/><V114/><F102/><W46/><G11/><T121/><D121/><U24/><E90/><V109/><F109/><W76/><G9/><T47/><D47/><N who="1" m="27935" /><E93/><V77/><F77/><W29/><G76/><T80/><D80/><U44/><E44/><V68/><F68/><W66/><G46/><T42/><D42/><U116/><E116/><V87/><F1/><RYUUKYOKU ba="0,1" sc="240,15,250,15,250,-15,250,-15" hai0="14,17,20,27,31,35,52,59,92,99,100,134,135" hai1="16,21,24,37,40,41,45,50,64,67" /><INIT seed="0,1,1,4,3,96" ten="255,265,235,235" oya="0" hai0="7,32,31,42,86,67,74,85,18,44,46,57,80" hai1="49,50,113,127,28,45,120,22,124,133,131,8,111" hai2="59,123,26,39,119,95,93,10,3,112,25,97,13" hai3="106,19,135,125,17,83,69,16,34,87,101,121,129"/><T29/><D7/><U134/><E120/><V88/><F123/><W5/><G121/><T82/><D74/><U43/><E111/><V27/><F112/><W103/><G106/><T2/><D2/><U110/><E110/><V30/><F119/><W40/><G34/><T81/><D18/><U38/><E113/><V64/><F39/><W115/><G115/><T24/><D29/><U117/><E117/><V66/><F3/><W15/><G69/><T36/><REACH who="0" step="1"/><D44/><REACH who="0" ten="245,265,235,235" step="2"/><U48/><E28/><V6/><F30/><W61/><G5/><T71/><D71/><U75/><E75/><V130/><F130/><W1/><G1/><T72/><D72/><U76/><E131/><V52/><REACH who="2" step="1"/><F95/><REACH who="2" ten="245,265,225,235" step="2"/><W98/><G129/><T92/><D92/><U104/><E104/><V4/><F4/><W9/><G15/><T70/><D70/><U90/><E134/><V73/><F73/><W128/><G135/><T116/><D116/><U33/><E133/><V94/><F94/><W41/><G128/><T84/><D84/><U118/><E118/><V20/><F20/><W65/><G87/><T89/><D89/><U78/><E90/><V105/><F105/><W12/><G12/><T60/><AGARI ba="1,3" hai="24,31,32,36,42,46,57,60,67,80,81,82,85,86" machi="60" ten="30,12000,1" yaku="1,1,0,1,53,3" doraHai="96" doraHaiUra="79" who="0" fromWho="0" sc="245,153,265,-41,225,-41,235,-41" /><INIT seed="0,2,0,4,2,38" ten="398,224,184,194" oya="0" hai0="0,101,91,68,78,12,108,18,128,4,73,66,114" hai1="36,47,102,28,106,14,93,50,97,119,21,79,19" hai2="116,61,67,27,13,30,120,55,26,2,45,57,117" hai3="39,134,31,40,75,34,121,100,107,6,62,131,10"/><T11/><D114/><U83/><E119/><N who="2" m="45643" /><F120/><W112/><G112/><T32/><D128/><U1/><E1/><V25/><F2/><N who="3" m="343" /><G131/><T94/><D101/><U127/><E127/><V8/><F45/><N who="3" m="23711" /><G62/><T111/><D32/><U84/><E28/><V124/><F124/><W58/><G58/><T17/><D78/><U43/><REACH who="1" step="1"/><E36/><REACH who="1" ten="398,214,184,194" step="2"/><V85/><F85/><W87/><G87/><T115/><D115/><U113/><E113/><V49/><F30/><W60/><G31/><T15/><D0/><U3/><E3/><V118/><F118/><W5/><G121/><T41/><D73/><U20/><E20/><V129/><F129/><W42/><G75/><T126/><D126/><U52/><E52/><V77/><F77/><W96/><G34/><T98/><D111/><U69/><E69/><N who="2" m="42223" /><F25/><W95/><G134/><T53/><D108/><U132/><E132/><V125/><F125/><W103/><G103/><T76/><D76/><U63/><E63/><V16/><AGARI ba="2,1" hai="8,13,16,26,27,49,55,57" m="42223,45643" machi="16" ten="30,2000,0" yaku="12,1,54,1" doraHai="38" who="2" fromWho="2" sc="398,-12,214,-7,184,36,194,-7" /><INIT seed="1,0,0,0,4,55" ten="386,207,220,187" oya="1" hai0="121,32,41,100,53,119,72,38,123,14,96,1,48" hai1="6,93,110,134,127,89,129,30,113,62,45,64,109" hai2="8,70,9,28,61,22,95,80,36,117,71,101,68" hai3="128,99,81,118,76,23,52,37,63,5,13,86,111"/><U57/><E113/><V104/><F117/><W33/><G118/><T115/><D1/><U7/><E134/><V84/><F36/><W126/><G33/><T35/><D119/><U112/><E112/><V44/><F104/><W130/><G37/><T27/><D72/><U17/><E129/><N who="3" m="49770" /><G111/><N who="1" m="42506" /><E30/><V122/><F122/><W131/><N who="3" m="49778" /><W60/><DORA hai="4" /><G126/><T79/><D115/><U39/><E127/><V107/><F107/><W12/><G99/><T77/><D35/><U40/><E17/><V105/><F105/><W11/><G52/><T90/><D32/><U59/><E57/><V54/><F44/><W124/><G124/><T58/><D58/><U46/><E45/><V26/><F54/><W74/><G74/><T20/><D123/><U49/><E39/><V67/><F68/><W56/><G56/><T83/><D38/><U69/><E69/><V34/><F70/><W92/><G92/><T50/><D121/><U31/><E31/><V21/><F34/><W19/><AGARI ba="0,0" hai="5,11,12,13,19,23,60,63,76,81,86" m="49778" machi="19" ten="40,2700,0" yaku="19,1,52,1" doraHai="55,4" who="3" fromWho="3" sc="386,-7,207,-13,220,-7,187,27" /><INIT seed="2,0,0,4,5,131" ten="379,194,213,214" oya="2" hai0="65,5,49,120,55,92,67,0,99,108,61,10,46" hai1="123,133,112,63,95,127,33,14,11,111,96,31,51" hai2="43,30,107,29,34,71,113,48,26,93,38,20,7" hai3="102,57,98,130,24,45,41,114,52,104,50,79,69"/><V53/><F113/><W54/><G130/><T72/><D120/><U87/><E112/><V6/><F107/><W62/><G114/><T88/><D72/><U132/><E123/><V119/><F119/><W109/><G109/><T35/><D108/><U2/><E111/><V22/><F71/><W19/><G69/><T110/><D110/><U59/><E127/><V86/><F43/><W90/><G79/><T27/><REACH who="0" step="1"/><D61/><REACH who="0" ten="369,194,213,214" step="2"/><U135/><E63/><V15/><F38/><W122/><G122/><T70/><D70/><U40/><E2/><V39/><F39/><W42/><G90/><T89/><D89/><N who="1" m="55407" /><E87/><V32/><F86/><W60/><G60/><T105/><D105/><U12/><E11/><V58/><F93/><W56/><G62/><T3/><D3/><U77/><E77/><V47/><F34/><W76/><G76/><T91/><D91/><U16/><E59/><V84/><F84/><W44/><G57/><T4/><D4/><U64/><E64/><V117/><F117/><W28/><G56/><T103/><D103/><U25/><E16/><N who="2" m="10271" /><F32/><W81/><G19/><T18/><D18/><U1/><E1/><V37/><F37/><W118/><G118/><T128/><D128/><U125/><E125/><V68/><F68/><W129/><G129/><T36/><D36/><U9/><E9/><V73/><F73/><W83/><G104/><T75/><D75/><U106/><E106/><V80/><F58/><W17/><G102/><T124/><D124/><U115/><E115/><V101/><F101/><W134/><G17/><T13/><D13/><N who="1" m="5227" /><E51/><V126/><F126/><RYUUKYOKU ba="0,1" sc="369,15,194,15,213,-15,214,-15" hai0="0,5,10,27,35,46,49,55,65,67,88,92,99" hai1="25,31,33,40,132,133,135" /><INIT seed="3,1,1,5,4,115" ten="384,209,198,199" oya="3" hai0="127,48,21,122,33,98,54,2,42,27,24,97,7" hai1="39,118,99,49,5,90,104,94,89,108,13,18,16" hai2="117,96,72,4,22,86,131,41,100,101,30,68,95" hai3="66,19,82,0,79,73,6,12,74,44,124,134,65"/><W38/><G74/><T130/><D122/><U119/><E108/><V15/><F72/><W8/><G124/><T123/><D123/><U71/><E39/><V75/><F75/><W10/><REACH who="3" step="1"/><G134/><REACH who="3" ten="384,209,198,189" step="2"/><T109/><D127/><U35/><E119/><V43/><F117/><W132/><G132/><T77/><D109/><U93/><E118/><V125/><F125/><W26/><G26/><T3/><D27/><U88/><E35/><V20/><F131/><W114/><G114/><T128/><D24/><U85/><E71/><V113/><F113/><W135/><G135/><T92/><D33/><U102/><E49/><V46/><F68/><W61/><G61/><T62/><D62/><U120/><E120/><V58/><F30/><W51/><G51/><T133/><D133/><U50/><E50/><V56/><F41/><AGARI ba="1,2" hai="0,6,8,10,12,19,38,41,44,65,66,73,79,82" machi="41" ten="40,12000,1" yaku="1,1,25,2,53,1" doraHai="115" doraHaiUra="105" who="3" fromWho="2" sc="384,0,209,0,198,-123,189,143" /><INIT seed="3,2,0,3,4,59" ten="384,209,75,332" oya="3" hai0="109,68,118,75,13,80,87,36,113,120,82,10,34" hai1="84,41,99,73,128,81,8,71,131,92,18,67,27" hai2="1,121,124,14,42,55,127,28,56,93,46,72,79" hai3="97,129,38,54,76,88,39,85,20,16,12,90,98"/><W65/><G129/><N who="1" m="49738" /><E41/><V45/><F1/><W7/><G65/><T105/><D82/><U108/><E108/><V47/><F28/><W119/><G119/><T35/><D35/><U17/><E73/><V114/><F14/><W60/><G7/><T5/><D10/><U11/><E67/><V69/><F93/><W83/><G39/><T53/><D13/><U74/><E74/><V63/><F79/><W123/><G38/><T130/><D87/><U89/><E71/><V6/><F6/><W52/><G123/><T94/><D94/><U61/><E61/><V102/><F102/><W30/><G30/><T32/><D5/><U77/><E18/><V51/><F72/><W106/><G60/><T26/><D26/><U50/><E50/><V134/><F114/><W21/><G21/><AGARI ba="2,0" hai="8,11,17,21,27,77,81,84,89,92,99" m="49738" machi="21" ten="30,1000,0" yaku="19,1" doraHai="59" who="1" fromWho="3" sc="384,0,209,16,75,0,332,-16" owari="384,48.4,225,-17.5,75,-42.5,316,11.6" /></mjloggm>