<mjloggm ver="2.3"><GO type="225" lobby="0"/><UN n0="%E7%82%8E%E3%81%AE%E3%83%88%E3%83%AC%E3%83%BC%E3%83%80%E3%83%BC" n1="%E3%82%BC%E3%83%AB%E3%83%80%E3%81%AE%E4%BC%9D%E8%AA%AC" n2="%E3%81%B2%E3%81%AA%E3%81%AE%E3%82%8A%E3%81%8F" n3="%73%6C%69%63%6B%33%31%39" dan="16,16,17,16" rate="2146.29,2122.18,2204.04,2198.53" sx="M,M,M,M"/><TAIKYOKU oya="0"/><INIT seed="0,0,0,2,4,123" ten="250,250,250,250" oya="0" hai0="22,126,119,107,99,34,65,44,23,42,9,39,21" hai1="10,11,48,1,5,69,70,6,35,28,92,31,78" hai2="63,127,134,84,29,71,4,36,51,83,12,54,128" hai3="125,61,19,64,88,117,111,53,18,59,115,74,87"/><T100/><D119/><U49/><E78/><V3/><F36/><W94/><G117/><T81/><D126/><U20/><E20/><V131/><F3/><W133/><G115/><T56/><D34/><U14/><E92/><V135/><F29/><W60/><G125/><T26/><D9/><U33/><REACH who="1" step="1"/><E14/><REACH who="1" ten="250,240,250,250" step="2"/><V40/><F127/><W52/><G74/><T43/><D81/><U17/><E17/><V8/><F128/><W86/><G18/><T104/><D104/><U90/><E90/><V2/><F131/><W76/><G19/><T7/><D7/><U32/><E32/><V27/><F2/><AGARI ba="0,1" hai="1,2,5,6,10,11,28,31,33,35,48,49,69,70" machi="2" ten="25,8000,1" yaku="1,1,22,2,53,2" doraHai="123" doraHaiUra="30" who="1" fromWho="2" sc="250,0,240,90,250,-80,250,0" /><INIT seed="1,0,0,2,4,48" ten="250,330,170,250" oya="1" hai0="87,61,105,115,32,40,135,97,28,113,50,60,46" hai1="45,42,74,119,131,126,102,30,108,4,124,7,13" hai2="70,107,47,57,54,36,101,15,80,116,112,134,41" hai3="110,19,94,35,18,129,38,132,22,52,90,11,123"/><U25/><E119/><V84/><F116/><W17/><G123/><T21/><D135/><U3/><E3/><V128/><F134/><W96/><G132/><T81/><D32/><U58/><E74/><V120/><F120/><W12/><G35/><T43/><D43/><U51/><E131/><V69/><F128/><W37/><G129/><T9/><D115/><U44/><E108/><V49/><F112/><W53/><G110/><T68/><D68/><U26/><E102/><V118/><F118/><W67/><G67/><T100/><D9/><U85/><E58/><V62/><F101/><W20/><G37/><T83/><D83/><U99/><E99/><V8/><F107/><W95/><G95/><T73/><D73/><U117/><E117/><V59/><F59/><W133/><G38/><T33/><D33/><U2/><E2/><V104/><F104/><W103/><G103/><T88/><D113/><U98/><E98/><V39/><F39/><W125/><G133/><T56/><D56/><U63/><E63/><V114/><F36/><W109/><G109/><T76/><D76/><U78/><E44/><V5/><REACH who="2" step="1"/><F114/><REACH who="2" ten="250,330,160,250" step="2"/><W71/><G71/><T34/><D34/><U91/><E45/><V77/><AGARI ba="0,1" hai="5,8,15,41,47,49,54,57,62,69,70,77,80,84" machi="77" ten="20,16000,3" yaku="1,1,2,1,0,1,7,1,25,2,52,1,53,1" doraHai="48" doraHaiUra="75" who="2" fromWho="2" sc="250,-40,330,-80,160,170,250,-40" /><INIT seed="2,0,0,2,0,72" ten="210,250,330,210" oya="2" hai0="123,113,130,56,89,12,107,38,112,8,47,91,32" hai1="9,29,88,93,18,14,7,16,25,37,85,40,53" hai2="36,119,74,84,42,35,34,94,55,90,106,102,61" hai3="63,24,108,134,68,60,118,28,43,96,46,83,66"/><V131/><F119/><W80/><G118/><T104/><D32/><U54/><E37/><V30/><F74/><W4/><G108/><T71/><D71/><U92/><E40/><V135/><F135/><W114/><G134/><T26/><D123/><U52/><REACH who="1" step="1"/><E93/><REACH who="1" ten="210,240,330,210" step="2"/><V97/><F42/><W64/><G114/><T65/><D112/><U109/><E109/><V39/><F39/><W116/><G116/><T69/><D113/><U115/><E115/><V22/><F36/><W95/><G43/><T79/><D38/><U23/><AGARI ba="0,1" hai="7,9,14,16,18,23,25,29,52,53,54,85,88,92" machi="23" ten="30,12000,2" yaku="1,1,0,1,8,1,54,3,53,1" doraHai="72" doraHaiUra="17" who="1" fromWho="1" sc="210,-30,240,130,330,-60,210,-30" /><INIT seed="3,0,0,1,0,43" ten="180,370,270,180" oya="3" hai0="109,44,94,23,97,120,130,103,48,8,77,0,104" hai1="12,72,35,34,37,45,38,86,41,16,131,53,51" hai2="118,62,125,74,87,65,64,128,78,29,18,47,13" hai3="107,3,61,71,100,27,129,115,1,15,17,50,24"/><W63/><G115/><T67/><D120/><U58/><E72/><V123/><F74/><W19/><G129/><T91/><D130/><U32/><E131/><V40/><F29/><W59/><G107/><T92/><D109/><U70/><E70/><V79/><F118/><W4/><G100/><T30/><D67/><U11/><REACH who="1" step="1"/><E86/><REACH who="1" ten="180,360,270,180" step="2"/><V111/><F87/><W55/><G4/><T121/><D121/><U49/><AGARI ba="0,1" hai="11,12,16,32,34,35,37,38,41,45,49,51,53,58" machi="49" ten="30,8000,1" yaku="1,1,2,1,0,1,52,1,54,1,53,0" doraHai="43" doraHaiUra="134" who="1" fromWho="1" sc="180,-20,360,90,270,-20,180,-40" owari="160,-24.0,450,55.0,250,5.0,140,-36.0" /></mjloggm>