<mjloggm ver="2.3"><GO type="225" lobby="0"/><UN n0="%E4%B8%89%E5%86%A0%E7%8E%8B%E3%83%BB%E5%B1%B1%E7%94%B0%E5%93%B2%E4%BA%BA" n1="%E3%81%95%E3%81%8D%E3%81%9F%E3%81%BE%E6%9E%97%E6%AA%8E" n2="%E3%81%A1%E3%82%85%E3%81%86%E3%81%A9%E3%81%8F%E8%B1%A1%E3%81%95%E3%82%93" n3="%E9%80%9F%E6%B0%B4%E5%87%9B%E9%A6%99" dan="16,16,17,16" rate="2141.98,2135.63,2201.79,2139.33" sx="M,M,M,F"/><TAIKYOKU oya="0"/><INIT seed="0,0,0,5,4,67" ten="250,250,250,250" oya="0" hai0="80,129,79,33,63,44,132,90,24,13,42,123,97" hai1="84,135,112,127,100,31,2,28,114,4,19,57,68" hai2="109,81,103,124,54,16,51,75,94,111,37,7,121" hai3="14,40,133,73,91,38,116,106,110,93,50,120,66"/><T5/><D123/><U18/><E135/><V10/><F121/><W36/><G73/><T104/><D132/><U101/><E57/><V62/><F37/><W126/><G106/><T39/><D129/><U8/><E84/><V27/><F124/><W78/><G78/><T77/><D33/><U58/><E58/><N who="2" m="35159" /><F75/><W118/><G110/><N who="2" m="41993" /><F81/><W35/><G35/><T86/><D24/><U65/><E127/><V88/><F51/><W70/><G50/><T12/><D63/><N who="1" m="39999" /><E101/><V117/><F117/><W49/><G49/><T56/><D56/><U11/><E100/><V76/><F76/><W69/><G126/><T59/><D59/><U96/><E96/><N who="2" m="57415" /><F103/><W95/><G120/><T34/><D104/><U108/><E108/><V64/><F64/><W125/><G66/><T30/><D79/><U23/><E11/><V52/><F52/><W17/><G125/><T22/><D77/><U6/><E8/><V82/><F82/><W71/><G40/><T26/><D42/><U61/><E61/><V105/><F105/><W9/><G133/><T55/><D80/><U89/><E89/><V92/><F92/><W128/><G95/><T87/><D90/><U0/><E0/><N who="2" m="359" /><F27/><W115/><G115/><T99/><D26/><U60/><E114/><V48/><F48/><W122/><G122/><T53/><D99/><U119/><E112/><V15/><F15/><W130/><G93/><T47/><D97/><U85/><E119/><N who="3" m="45610" /><G91/><T21/><D87/><U107/><E85/><V46/><F46/><W32/><G32/><T41/><D86/><U131/><E107/><V102/><F102/><RYUUKYOKU ba="0,0" sc="250,-15,250,-15,250,15,250,15" hai2="16" hai3="9,14,17,36,38,69,70,71,128,130" /><INIT seed="1,1,0,5,5,8" ten="235,235,265,265" oya="1" hai0="15,125,77,79,127,102,40,61,41,63,32,6,31" hai1="116,29,106,2,47,75,89,101,120,135,117,27,70" hai2="36,24,16,4,3,42,45,17,109,100,48,1,131" hai3="85,62,96,103,20,124,11,94,114,110,111,33,43"/><U37/><E89/><V64/><F109/><W5/><G33/><T118/><D102/><U19/><E19/><V13/><F131/><W87/><G114/><T74/><D31/><U39/><E120/><V67/><F100/><W26/><G43/><T56/><D32/><N who="1" m="20543" /><E135/><V90/><F36/><N who="1" m="13897" /><E47/><V57/><F24/><W91/><G124/><T14/><D56/><U112/><E112/><V132/><F132/><W81/><G87/><T126/><D118/><N who="1" m="45675" /><E2/><V59/><F1/><W25/><G62/><T69/><D126/><U92/><E92/><V119/><F119/><W129/><G129/><T76/><D76/><U130/><E130/><V98/><F3/><W123/><G123/><T86/><D86/><U73/><E70/><V71/><F17/><W0/><REACH who="3" step="1"/><G26/><REACH who="3" ten="235,235,265,255" step="2"/><T58/><D125/><U108/><E108/><V80/><F71/><W99/><G99/><AGARI ba="1,1" hai="73,75,99,101,106" m="45675,13897,20543" machi="99" ten="30,1500,0" yaku="23,1" doraHai="8" who="1" fromWho="3" sc="235,0,235,28,265,0,255,-18" /><INIT seed="1,2,0,1,3,83" ten="235,263,265,237" oya="1" hai0="102,84,10,14,77,31,72,125,24,99,73,100,111" hai1="47,63,32,122,2,58,116,85,103,55,33,59,105" hai2="107,8,98,48,101,7,120,68,121,44,90,132,13" hai3="15,88,12,96,135,46,0,91,49,39,80,87,6"/><U40/><E116/><V41/><F132/><W54/><G135/><T74/><D111/><U37/><E122/><V110/><F110/><W21/><G39/><T118/><D125/><U26/><E2/><V50/><F68/><W23/><G0/><T36/><D36/><U17/><E105/><V1/><F1/><W127/><G127/><T9/><D118/><U11/><E103/><V81/><REACH who="2" step="1"/><F50/><REACH who="2" ten="235,263,255,237" step="2"/><W93/><G6/><N who="0" m="3383" /><D73/><U128/><E37/><V67/><F67/><W76/><G76/><T19/><D74/><U70/><E70/><V45/><F45/><W52/><G54/><T64/><D72/><U130/><E47/><V79/><F79/><W108/><G108/><T92/><D64/><U22/><E55/><V53/><F53/><W42/><G42/><T95/><D77/><U16/><E40/><V61/><F61/><W29/><G29/><T43/><D31/><U126/><E63/><V117/><F117/><W71/><G71/><T65/><D65/><U5/><E126/><V3/><F3/><W106/><G106/><T66/><D66/><U109/><E109/><V97/><F97/><W131/><G131/><T25/><D43/><U35/><E130/><V123/><F123/><W30/><G30/><T94/><D99/><U27/><E128/><V60/><F60/><W89/><G89/><N who="0" m="53287" /><D102/><U75/><E75/><V129/><F129/><W115/><G115/><T20/><D100/><U38/><E38/><V62/><F62/><W4/><G4/><T18/><D18/><U69/><E17/><V119/><F119/><W57/><G46/><T28/><D25/><RYUUKYOKU ba="2,1" sc="235,10,263,-30,255,10,237,10" hai0="10,19,20,24,28,94,95" hai2="7,8,13,41,44,48,81,90,98,101,107,120,121" hai3="12,15,21,23,49,52,57,80,87,88,91,93,96" /><INIT seed="2,3,1,2,1,62" ten="245,233,265,247" oya="2" hai0="32,65,108,64,29,67,56,135,52,82,3,21,129" hai1="51,44,72,107,114,70,0,12,16,63,127,66,58" hai2="128,117,50,55,73,125,120,20,97,42,92,68,38" hai3="101,116,28,60,48,113,87,78,110,46,43,121,8"/><V99/><F120/><W36/><G121/><T61/><D3/><U57/><E114/><V123/><F117/><W74/><G116/><T81/><D108/><U49/><E0/><V71/><F123/><W7/><G110/><T88/><D135/><U95/><E107/><V133/><F73/><W31/><G101/><T41/><D32/><U6/><E72/><V80/><F128/><W15/><G74/><T34/><D34/><U77/><E127/><V90/><F125/><W11/><G36/><T40/><D129/><U109/><E109/><V69/><F133/><W79/><G113/><T111/><D111/><U106/><E106/><V75/><F20/><W93/><G11/><T122/><D122/><U118/><E6/><V103/><F38/><W85/><G60/><T22/><D81/><U96/><E77/><N who="3" m="29194" /><G93/><T14/><D14/><U112/><E112/><V30/><F75/><W1/><G1/><T24/><D21/><N who="1" m="11399" /><E118/><V83/><F30/><AGARI ba="3,1" hai="7,8,15,28,30,31,43,46,48,85,87" m="29194" machi="30" ten="30,1000,0" yaku="8,1" doraHai="62" who="3" fromWho="2" sc="245,0,233,0,265,-19,247,29" /><INIT seed="3,0,0,3,1,3" ten="245,233,246,276" oya="3" hai0="130,75,132,119,74,25,84,79,0,121,10,51,60" hai1="69,4,85,56,94,101,55,63,93,40,30,109,26" hai2="107,104,2,87,102,122,32,7,134,116,135,83,66" hai3="78,17,98,91,70,129,5,73,127,36,24,96,125"/><W71/><G36/><T44/><D119/><U37/><E109/><V81/><F32/><W128/><G78/><T108/><D121/><U106/><E69/><N who="3" m="26122" /><G73/><T82/><D132/><N who="2" m="50730" /><F66/><W88/><G5/><T39/><D130/><N who="3" m="50281" /><G17/><T29/><D39/><U34/><E4/><V19/><F116/><W89/><G24/><T33/><D108/><U16/><E16/><V18/><F122/><W105/><G105/><N who="2" m="40521" /><F102/><W48/><G48/><T45/><D60/><U126/><E101/><V21/><F19/><W114/><G114/><T23/><D33/><U131/><E106/><V117/><F117/><W80/><G80/><T47/><REACH who="0" step="1"/><D51/><REACH who="0" ten="235,233,246,276" step="2"/><U120/><E120/><V8/><F87/><W9/><G127/><T41/><D41/><U52/><E40/><V12/><AGARI ba="0,1" hai="2,7,8,12,18,21,81,83" m="40521,50730" machi="12" ten="30,2000,0" yaku="20,1,52,1" doraHai="3" who="2" fromWho="2" sc="235,-5,233,-5,246,30,276,-10" /><INIT seed="4,0,0,5,5,39" ten="230,228,276,266" oya="0" hai0="48,1,93,53,128,54,98,89,38,107,116,60,92" hai1="37,44,31,23,94,57,125,10,24,101,81,110,18" hai2="26,103,45,25,52,70,17,56,95,11,97,34,7" hai3="32,105,67,14,61,132,120,33,43,77,2,124,135"/><T127/><D38/><U108/><E125/><V129/><F70/><W73/><G2/><T100/><D116/><U66/><E81/><V126/><F126/><W71/><G105/><T69/><D127/><U111/><E10/><V115/><F115/><W62/><G62/><T134/><D134/><N who="3" m="51241" /><G124/><T46/><D128/><U72/><E72/><V42/><F129/><W19/><G120/><T133/><D133/><U8/><E8/><V113/><F113/><W65/><G65/><T22/><D1/><U76/><E76/><V117/><F117/><W122/><G122/><T123/><D123/><U80/><E80/><V9/><F34/><W130/><G130/><T58/><D69/><U114/><E114/><V84/><F84/><W91/><G91/><T63/><D63/><N who="1" m="38255" /><E18/><V50/><F7/><W0/><G0/><T112/><D112/><U49/><E37/><V20/><F25/><W30/><G30/><T41/><D22/><U5/><E5/><V59/><F59/><W21/><G77/><T90/><REACH who="0" step="1"/><D54/><REACH who="0" ten="220,228,276,266" step="2"/><N who="1" m="29991" /><E111/><V55/><F55/><W75/><G32/><T79/><D79/><U36/><E36/><AGARI ba="0,1" hai="9,11,17,20,26,36,42,45,50,52,56,95,97,103" machi="36" ten="30,3900,0" yaku="7,1,52,1,54,1" doraHai="39" who="2" fromWho="1" sc="220,0,228,-39,276,49,266,0" owari="220,-18.0,189,-31.1,325,42.5,266,6.6" /></mjloggm>