<mjloggm ver="2.3"><GO type="225" lobby="0"/><UN n0="%33%74%72%65%65" n1="%E7%B4%94%E6%BD%94%E3%83%94%E3%83%A9%E3%83%8B%E3%82%A2" n2="%65%6B%61%72%75%74%65" n3="%E3%82%BC%E3%83%AB%E3%83%80%E3%81%AE%E4%BC%9D%E8%AA%AC" dan="16,17,16,16" rate="2101.21,2207.11,2129.92,2163.90" sx="F,M,M,M"/><TAIKYOKU oya="0"/><INIT seed="0,0,0,5,3,102" ten="250,250,250,250" oya="0" hai0="15,85,127,88,32,71,133,38,1,114,3,126,75" hai1="132,12,110,29,129,35,100,24,120,96,31,87,10" hai2="57,26,103,101,49,25,89,106,22,33,69,82,8" hai3="50,73,107,109,48,58,14,108,79,131,118,53,43"/><T39/><D114/><U37/><E120/><V74/><F69/><W98/><G118/><T54/><D75/><U36/><E110/><N who="3" m="42602" /><G131/><T70/><D32/><U61/><E129/><V66/><F106/><W134/><G134/><T30/><D30/><U67/><E87/><V13/><F33/><W21/><G79/><T78/><D78/><U116/><E29/><V121/><F121/><W125/><G73/><T94/><D133/><U115/><E132/><V16/><F26/><W55/><G43/><T52/><D15/><U124/><E124/><N who="0" m="47657" /><D71/><U72/><E72/><V27/><F27/><W6/><G125/><T91/><D70/><U135/><E116/><V64/><F64/><W56/><G6/><T111/><D91/><U128/><E115/><V19/><F74/><W77/><G77/><T130/><D130/><U59/><E128/><V97/><F66/><W18/><G98/><T99/><D99/><U4/><REACH who="1" step="1"/><E135/><REACH who="1" ten="250,240,250,250" step="2"/><V44/><F97/><W28/><G28/><T5/><D111/><U83/><E83/><V60/><F82/><W45/><G107/><AGARI ba="0,1" hai="4,10,12,24,31,35,36,37,59,61,67,96,100,107" machi="107" ten="30,3900,0" yaku="1,1,7,1,52,1,53,0" doraHai="102" doraHaiUra="76" who="1" fromWho="3" sc="250,0,240,49,250,0,250,-39" /><INIT seed="1,0,0,2,4,99" ten="250,289,250,211" oya="1" hai0="123,102,67,82,101,61,70,51,6,52,121,86,66" hai1="41,128,0,9,10,134,49,15,35,13,46,93,1" hai2="81,53,79,109,48,31,23,94,114,2,71,25,17" hai3="24,3,89,50,111,62,37,77,7,105,108,8,5"/><U65/><E128/><V28/><F71/><W92/><G37/><T131/><D131/><U54/><E134/><V39/><F39/><W119/><G105/><T38/><D38/><U11/><E35/><V76/><F2/><W104/><G104/><T68/><D6/><U30/><E30/><V110/><F114/><W74/><G119/><T115/><D115/><U117/><E117/><V78/><F81/><W133/><G133/><T32/><D32/><U107/><E107/><V97/><F109/><N who="3" m="42059" /><G7/><T88/><D67/><U43/><E65/><V45/><REACH who="2" step="1"/><F110/><REACH who="2" ten="250,289,240,211" step="2"/><W44/><G74/><T100/><REACH who="0" step="1"/><D70/><REACH who="0" ten="240,289,240,211" step="2"/><U4/><E1/><V75/><F75/><W95/><G3/><T87/><D87/><U36/><E36/><V40/><F40/><N who="1" m="15433" /><E0/><V42/><F42/><W124/><G124/><T130/><D130/><U18/><E4/><V98/><F98/><W91/><G5/><T106/><D106/><U58/><E93/><V34/><F34/><W69/><G95/><T132/><D132/><U21/><E15/><V72/><F72/><W127/><G92/><T120/><D120/><U103/><E13/><V85/><F85/><W112/><G127/><T14/><D14/><U16/><E18/><V63/><F63/><W126/><G62/><T90/><D90/><AGARI ba="0,2" hai="17,23,25,28,31,45,48,53,76,78,79,90,94,97" machi="90" ten="40,2600,0" yaku="1,1,8,1,53,0" doraHai="99" doraHaiUra="33" who="2" fromWho="0" sc="240,-26,289,0,240,46,211,0" /><INIT seed="2,0,0,2,2,133" ten="214,289,286,211" oya="2" hai0="70,39,20,69,105,47,130,16,44,12,85,72,88" hai1="83,46,43,108,79,34,99,50,71,118,73,76,18" hai2="96,57,32,107,101,110,126,114,11,131,104,75,15" hai3="106,77,80,124,121,68,10,95,56,42,22,64,35"/><V63/><F114/><W29/><G121/><T36/><D72/><U0/><E118/><V82/><F32/><W86/><G106/><T102/><D130/><U65/><E108/><V25/><F131/><W115/><G115/><T41/><D105/><U54/><E76/><V116/><F116/><W94/><G68/><T93/><D102/><U112/><E0/><V3/><F3/><W7/><G35/><T120/><D120/><U23/><E34/><V129/><F129/><W37/><G37/><T45/><D45/><U58/><E112/><V27/><F107/><W89/><G42/><AGARI ba="0,0" hai="12,16,20,36,39,41,42,44,47,69,70,85,88,93" machi="42" ten="40,5200,0" yaku="9,1,54,2" doraHai="133" who="0" fromWho="3" sc="214,52,289,0,286,0,211,-52" /><INIT seed="3,0,0,4,3,119" ten="266,289,286,159" oya="3" hai0="135,40,112,24,75,98,21,68,13,51,78,12,10" hai1="87,32,27,35,105,14,113,63,104,64,28,33,84" hai2="79,9,125,29,17,100,74,126,65,54,7,131,30" hai3="2,99,50,43,8,127,31,6,94,47,93,81,20"/><W38/><G127/><N who="2" m="48649" /><F131/><W80/><G38/><T77/><D135/><U62/><E113/><V108/><F108/><W15/><G94/><T57/><D68/><U60/><E64/><V69/><F74/><W109/><G109/><T107/><D112/><U118/><E14/><V58/><F79/><W115/><G115/><T130/><D130/><U39/><E39/><V46/><F46/><W122/><G122/><T73/><D73/><U67/><E67/><V132/><F17/><W117/><G117/><T5/><D13/><U86/><REACH who="1" step="1"/><E118/><REACH who="1" ten="266,279,286,159" step="2"/><V36/><F36/><W111/><G111/><T133/><D133/><U3/><E3/><N who="2" m="255" /><F132/><W59/><G59/><T129/><D129/><U19/><E19/><V110/><F110/><W53/><G43/><T101/><D75/><U18/><E18/><V88/><F100/><N who="3" m="60527" /><G2/><T70/><D70/><U106/><AGARI ba="0,1" hai="27,28,32,33,35,60,62,63,84,86,87,104,105,106" machi="106" ten="40,8000,1" yaku="1,1,0,1,29,2,53,0" doraHai="119" doraHaiUra="85" who="1" fromWho="1" sc="266,-20,279,90,286,-20,159,-40" owari="246,-15.4,369,46.9,266,6.6,119,-38.1" /></mjloggm>