<mjloggm ver="2.3"><GO type="225" lobby="0"/><UN n0="%E9%80%9F%E6%B0%B4%E5%87%9B%E9%A6%99" n1="%E3%81%95%E3%81%8D%E3%81%9F%E3%81%BE%E6%9E%97%E6%AA%8E" n2="%E3%83%B4%E3%83%A0%EF%BC%99%E3%81%A6" n3="%72%69%6F%75%63%68%61%6E" dan="17,16,16,17" rate="2222.06,2112.38,2147.32,2166.34" sx="F,M,M,M"/><TAIKYOKU oya="0"/><INIT seed="0,0,0,3,0,69" ten="250,250,250,250" oya="0" hai0="98,96,104,45,94,82,100,126,125,85,114,134,58" hai1="54,46,119,56,0,83,65,84,128,93,113,129,91" hai2="18,80,64,107,79,92,68,76,14,29,16,66,48" hai3="67,22,1,133,132,40,88,108,74,21,115,72,90"/><T30/><D58/><U24/><E119/><V2/><F107/><W99/><G115/><T121/><D45/><U44/><E0/><V102/><F2/><W26/><G1/><T5/><D30/><U112/><E65/><V97/><F29/><W109/><G67/><T25/><D25/><U17/><E83/><V38/><F38/><W87/><G99/><T52/><D52/><U53/><E53/><V124/><F124/><N who="0" m="47722" /><D5/><U118/><E118/><V101/><F101/><W42/><G87/><T78/><D121/><U95/><E95/><V19/><F68/><W63/><REACH who="3" step="1"/><G26/><REACH who="3" ten="250,250,250,240" step="2"/><T13/><D114/><U6/><E113/><V55/><F76/><W135/><G135/><T71/><D71/><U131/><E112/><V8/><F66/><W4/><G4/><T127/><D127/><U15/><E6/><V20/><F64/><W3/><G3/><T59/><D13/><U111/><E24/><V7/><F79/><W49/><G49/><T47/><D134/><U11/><E111/><V12/><REACH who="2" step="1"/><F80/><REACH who="2" ten="250,250,240,240" step="2"/><W57/><G57/><AGARI ba="0,2" hai="7,8,12,14,16,18,19,20,48,55,57,92,97,102" machi="57" ten="30,8000,1" yaku="1,1,2,1,7,1,8,1,54,1,53,0" doraHai="69" doraHaiUra="130" who="2" fromWho="3" sc="250,0,250,0,240,100,240,-80" /><INIT seed="1,0,0,5,5,109" ten="250,250,340,160" oya="1" hai0="0,13,62,115,108,29,72,93,103,60,55,47,52" hai1="7,23,106,104,112,16,12,107,131,121,22,64,135" hai2="5,74,57,65,49,100,133,80,119,18,88,116,36" hai3="91,92,45,37,78,96,1,68,86,79,59,97,132"/><U63/><E112/><V129/><F36/><W67/><G68/><T99/><D0/><U66/><E121/><V117/><F129/><W19/><G132/><T25/><D108/><U113/><E113/><V83/><F133/><W95/><G1/><T20/><D72/><U24/><E135/><V10/><F100/><N who="3" m="60423" /><G37/><T75/><D75/><U70/><E131/><V15/><F74/><W126/><G45/><T44/><D115/><U33/><E33/><V27/><F65/><W46/><G46/><N who="0" m="17451" /><D13/><U61/><E7/><V81/><F57/><W38/><G38/><T21/><D21/><U30/><REACH who="1" step="1"/><E104/><REACH who="1" ten="250,240,340,160" step="2"/><V31/><F5/><W127/><G127/><T130/><D130/><U6/><E6/><V90/><REACH who="2" step="1"/><F49/><REACH who="2" ten="250,240,330,160" step="2"/><W35/><G126/><T102/><D102/><U122/><E122/><V14/><F14/><W82/><G35/><AGARI ba="0,2" hai="10,15,18,27,31,35,80,81,83,88,90,116,117,119" machi="35" ten="50,3200,0" yaku="1,1,54,1,53,0" doraHai="109" doraHaiUra="98" who="2" fromWho="3" sc="250,0,240,0,330,52,160,-32" /><INIT seed="2,0,0,1,3,53" ten="250,240,382,128" oya="2" hai0="20,15,34,116,55,18,74,91,107,32,23,6,63" hai1="127,106,135,50,33,47,77,12,37,122,0,54,93" hai2="87,110,48,5,100,129,30,114,10,69,125,82,83" hai3="62,79,72,97,59,124,42,75,113,16,61,49,4"/><V66/><F114/><W90/><G124/><T104/><D74/><U134/><E106/><V85/><F125/><W45/><G113/><T70/><D116/><U14/><E0/><V123/><F123/><W38/><G4/><T58/><D6/><U111/><E111/><V19/><F110/><W120/><G120/><T52/><D70/><U36/><E127/><V35/><F129/><W102/><G90/><T126/><D126/><U92/><E33/><V109/><F109/><W73/><G79/><T1/><D1/><U71/><E71/><V22/><F100/><W98/><G98/><T128/><D128/><U24/><E77/><V132/><F48/><W21/><G38/><N who="1" m="14954" /><E122/><V67/><F132/><N who="1" m="50729" /><E24/><V118/><F35/><W84/><G84/><T39/><D39/><U121/><E121/><V28/><F85/><W99/><G102/><T131/><D131/><U133/><N who="1" m="50737" /><U40/><DORA hai="9" /><E40/><V76/><F69/><W13/><REACH who="3" step="1"/><G61/><REACH who="3" ten="250,240,382,118" step="2"/><T43/><D63/><U95/><AGARI ba="0,1" hai="12,14,47,50,54,92,93,95" m="50737,14954" machi="95" ten="50,6400,0" yaku="20,1,52,2" doraHai="53,9" who="1" fromWho="1" sc="250,-16,240,74,382,-32,118,-16" /><INIT seed="3,0,0,4,5,49" ten="234,314,350,102" oya="3" hai0="73,88,32,23,50,27,71,124,6,129,126,10,105" hai1="64,47,119,36,79,86,123,59,74,16,93,35,12" hai2="70,83,135,94,15,82,20,122,21,48,133,29,43" hai3="9,18,13,112,120,53,115,107,113,103,75,42,77"/><W116/><G116/><T30/><D71/><U132/><E123/><V58/><F122/><W78/><G120/><T100/><D73/><U7/><E35/><V111/><F111/><W95/><G107/><T69/><D69/><U127/><E127/><V45/><F70/><W14/><G42/><T22/><D100/><U98/><E74/><V90/><F58/><W89/><G103/><T67/><D105/><U131/><E131/><V63/><F63/><W62/><G14/><T57/><D57/><U96/><E132/><N who="2" m="50763" /><F15/><W51/><G62/><T0/><D50/><U92/><E7/><V33/><F33/><W121/><G121/><T61/><D67/><U44/><E36/><V31/><F20/><N who="0" m="7722" /><D88/><U39/><E39/><V125/><F125/><N who="0" m="48234" /><D61/><N who="1" m="37951" /><E119/><V108/><F108/><W24/><G24/><T19/><D129/><U26/><E79/><V4/><F4/><W109/><G109/><T52/><D19/><U3/><E86/><V101/><F101/><W65/><G65/><T114/><D114/><U128/><E128/><V34/><F90/><W40/><G40/><T72/><D72/><U55/><E93/><V28/><F94/><W134/><G134/><T87/><D87/><U84/><E84/><V85/><F85/><N who="3" m="52655" /><G75/><T80/><D80/><U130/><E130/><V1/><F82/><W37/><G37/><T17/><D17/><U110/><E16/><V38/><F83/><W46/><G78/><T60/><D60/><U25/><E110/><V5/><F38/><W104/><G77/><T81/><D81/><U106/><E106/><V68/><F43/><W56/><G104/><RYUUKYOKU ba="0,0" sc="234,15,314,-15,350,-15,102,15" hai0="0,6,10,27,30,32,52" hai3="9,13,18,46,51,53,56,112,113,115" /><INIT seed="3,1,0,0,2,120" ten="249,299,335,117" oya="3" hai0="51,48,12,90,109,118,82,53,92,98,61,108,55" hai1="127,59,106,78,96,17,30,42,103,18,84,10,35" hai2="2,132,111,16,36,9,86,105,70,110,99,94,28" hai3="129,89,66,71,44,93,65,31,19,24,74,128,125"/><W38/><G125/><T25/><D118/><U134/><E134/><V69/><F132/><W80/><G19/><T85/><D12/><U40/><E127/><V101/><F36/><W88/><G71/><T95/><D25/><U116/><E116/><V7/><F28/><W1/><G1/><T77/><D61/><U126/><E126/><V39/><F39/><W49/><G38/><T79/><D79/><U133/><E133/><V22/><F86/><N who="3" m="50247" /><G74/><T21/><D21/><U34/><E34/><V52/><F105/><W26/><G129/><T50/><REACH who="0" step="1"/><D95/><REACH who="0" ten="239,299,335,117" step="2"/><N who="1" m="58783" /><E35/><V8/><F8/><W124/><G124/><T14/><D14/><U13/><E10/><V112/><F9/><W20/><G24/><T29/><D29/><U121/><E13/><V57/><F70/><W11/><G128/><T62/><D62/><U5/><E30/><V131/><F69/><W76/><G76/><T33/><D33/><U46/><E78/><V102/><F131/><W58/><G11/><T37/><D37/><U63/><E63/><V97/><F2/><W113/><G113/><T83/><D83/><U73/><E73/><V117/><F112/><W60/><G66/><T135/><D135/><U115/><E115/><V119/><F117/><W67/><G65/><T27/><D27/><U41/><E18/><V6/><F119/><W45/><G49/><T23/><D23/><U107/><E17/><V15/><F15/><W104/><G104/><T75/><D75/><U122/><E106/><V91/><F16/><W64/><G67/><T32/><D32/><U130/><E107/><V43/><F22/><RYUUKYOKU ba="1,1" sc="239,15,299,-15,335,-15,117,15" hai0="48,50,51,53,55,77,82,85,90,92,98,108,109" hai3="20,26,31,44,45,58,60,64,89,93" /><INIT seed="3,2,1,3,4,1" ten="254,284,320,132" oya="3" hai0="66,125,128,47,14,50,15,27,44,106,6,129,65" hai1="34,101,55,52,8,77,20,22,43,98,16,2,48" hai2="100,117,72,92,45,103,4,24,13,32,132,60,85" hai3="75,96,121,19,123,41,10,88,12,69,0,28,122"/><W133/><G69/><T9/><D106/><U42/><E34/><V23/><F72/><W5/><G75/><T29/><D125/><U113/><E113/><V135/><F117/><W111/><G133/><N who="2" m="51273" /><F32/><W119/><G119/><T115/><D115/><U112/><E112/><V90/><F60/><W51/><G111/><T25/><D29/><U3/><E77/><V76/><F76/><W105/><G28/><T33/><D33/><U99/><E101/><V30/><F45/><W107/><G41/><N who="1" m="15370" /><E2/><V110/><F110/><W94/><REACH who="3" step="1"/><G51/><REACH who="3" ten="254,284,320,122" step="2"/><T93/><D50/><U62/><E48/><V11/><AGARI ba="2,2" hai="4,11,13,23,24,30,85,90,92,100,103" m="51273" machi="11" ten="30,2000,0" yaku="20,1,52,1" doraHai="1" who="2" fromWho="2" sc="254,-7,284,-7,320,46,122,-12" owari="247,-15.3,277,7.7,366,46.6,110,-39.0" /></mjloggm>