<mjloggm ver="2.3"><GO type="225" lobby="0"/><UN n0="%E3%82%B2%E3%82%B9%E8%8C%82%E5%8B%9D" n1="%E3%82%BC%E3%83%AB%E3%83%80%E3%81%AE%E4%BC%9D%E8%AA%AC" n2="%4B%2E%32%2E%4B%2E" n3="%E3%81%95%E3%81%8D%E3%81%9F%E3%81%BE%E6%9E%97%E6%AA%8E" dan="16,18,16,16" rate="2124.10,2178.10,2121.17,2063.07" sx="F,M,M,M"/><TAIKYOKU oya="0"/><INIT seed="0,0,0,1,1,111" ten="250,250,250,250" oya="0" hai0="33,32,74,48,96,35,17,7,135,95,12,66,118" hai1="68,24,4,9,61,122,130,25,40,49,59,62,30" hai2="103,6,77,128,113,8,31,26,5,134,79,1,109" hai3="2,75,99,70,37,29,125,60,92,110,22,81,3"/><T63/><D135/><U100/><E122/><V91/><F109/><W54/><G110/><T39/><D39/><U15/><E130/><V115/><F128/><W64/><G37/><T89/><D118/><U102/><E68/><V129/><F129/><W27/><G125/><T88/><D74/><U101/><E61/><V20/><F134/><W28/><G28/><T50/><D7/><U97/><E97/><V114/><F6/><W14/><G54/><T11/><REACH who="0" step="1"/><D89/><REACH who="0" ten="240,250,250,250" step="2"/><U67/><E30/><V41/><F103/><W57/><G75/><T43/><D43/><U58/><E40/><V55/><F41/><W73/><G73/><T90/><D90/><U86/><E101/><V19/><F91/><W80/><G2/><T131/><D131/><U123/><E123/><V52/><REACH who="2" step="1"/><F31/><REACH who="2" ten="240,250,240,250" step="2"/><W34/><G29/><T112/><D112/><U51/><E100/><V87/><F87/><W78/><G78/><AGARI ba="0,2" hai="1,5,8,19,20,26,52,55,77,78,79,113,114,115" machi="78" ten="40,8000,1" yaku="1,1,52,3,54,1,53,0" doraHai="111" doraHaiUra="85" who="2" fromWho="3" sc="240,0,250,0,240,100,250,-80" /><INIT seed="1,0,0,5,0,47" ten="240,250,340,170" oya="1" hai0="133,49,131,127,68,25,132,108,112,23,16,36,64" hai1="42,21,17,97,130,34,43,29,81,85,109,111,119" hai2="134,106,32,128,79,125,2,101,8,31,118,66,69" hai3="13,103,63,114,58,92,100,84,91,95,1,14,24"/><U124/><E119/><V78/><F118/><W55/><G114/><T110/><D36/><U98/><E124/><V15/><F2/><W38/><G38/><T90/><D112/><U9/><E130/><V28/><F28/><W89/><G1/><T10/><D64/><U54/><E9/><V121/><F121/><W72/><G72/><T67/><D67/><U60/><E29/><V83/><F134/><N who="0" m="51818" /><D68/><U39/><E34/><V33/><F33/><W82/><G82/><T87/><D131/><U53/><E39/><V19/><F83/><W73/><G73/><T62/><D62/><U6/><E6/><V11/><F11/><W41/><G41/><T116/><D116/><U37/><E37/><V102/><F102/><W113/><G113/><T75/><D75/><U77/><E42/><V20/><F8/><W51/><G63/><T107/><D107/><U88/><E43/><V105/><F105/><W129/><G129/><T120/><D120/><U104/><E104/><V86/><F86/><W126/><G126/><T80/><D127/><U50/><E60/><N who="2" m="40135" /><F125/><W123/><G123/><T22/><D10/><U26/><E54/><V122/><F122/><W71/><G71/><T4/><D4/><U94/><REACH who="1" step="1"/><E98/><REACH who="1" ten="240,240,340,170" step="2"/><N who="2" m="61751" /><F128/><W56/><G55/><T65/><D22/><U61/><E61/><V44/><F31/><W27/><G84/><T7/><D7/><U0/><E0/><V52/><F32/><W93/><G93/><T76/><D23/><U46/><AGARI ba="0,1" hai="17,21,26,46,50,53,77,81,85,88,94,97,109,111" machi="46" ten="30,11700,0" yaku="1,1,0,1,52,1,54,1,53,0" doraHai="47" doraHaiUra="135" who="1" fromWho="1" sc="240,-39,240,127,340,-39,170,-39" /><INIT seed="1,1,0,5,1,19" ten="201,367,301,131" oya="1" hai0="130,9,57,121,35,119,54,95,129,73,126,114,38" hai1="6,26,122,78,46,91,93,75,47,70,90,30,42" hai2="118,33,94,135,2,40,52,108,105,116,17,62,76" hai3="25,45,83,39,7,65,113,128,103,5,127,77,34"/><U107/><E122/><V22/><F105/><W44/><G113/><T59/><D95/><U82/><E70/><V89/><F33/><W16/><G127/><T20/><D9/><U24/><E107/><V56/><F2/><W74/><G128/><T3/><D20/><U84/><E6/><V10/><F10/><W43/><G103/><T101/><D54/><U37/><E30/><V36/><F108/><W4/><G65/><T15/><D3/><U32/><E32/><V14/><F135/><W124/><G124/><T87/><D15/><U66/><E66/><V68/><F76/><W12/><G34/><T29/><D29/><U53/><E53/><V110/><F110/><W112/><G112/><T31/><D31/><U1/><E1/><V71/><F71/><W49/><G25/><T8/><D35/><U88/><E91/><V120/><F120/><W13/><G13/><T85/><D114/><U92/><REACH who="1" step="1"/><E47/><REACH who="1" ten="201,357,301,131" step="2"/><V27/><F68/><W67/><G67/><T97/><D121/><U104/><E104/><V133/><F133/><W64/><G64/><T18/><D129/><U72/><E72/><V81/><F52/><W99/><G5/><T134/><D73/><U125/><E125/><V96/><F89/><W11/><REACH who="3" step="1"/><G99/><AGARI ba="1,1" hai="24,26,37,42,46,75,78,82,84,88,90,92,93,99" machi="99" ten="30,5800,0" yaku="1,1,7,1,54,1,53,0" doraHai="19" doraHaiUra="100" who="1" fromWho="3" sc="201,0,357,71,301,0,131,-61" /><INIT seed="1,2,0,5,1,115" ten="201,428,301,70" oya="1" hai0="104,133,108,97,19,98,58,85,32,120,44,95,121" hai1="15,92,47,2,131,111,93,26,36,114,65,64,75" hai2="87,7,112,101,16,41,118,14,60,40,79,71,106" hai3="25,116,54,83,76,49,43,5,48,53,55,10,20"/><U124/><E2/><V90/><F112/><W24/><G43/><T130/><D32/><U13/><E114/><V126/><F79/><W61/><G61/><T8/><D104/><U27/><E75/><V107/><F126/><W77/><G83/><T28/><D44/><U129/><E47/><V88/><F118/><W39/><G39/><T17/><D28/><U78/><E78/><N who="3" m="30314" /><G20/><T38/><D38/><U34/><E36/><V67/><F7/><W110/><G110/><T18/><D108/><U72/><E72/><V37/><F90/><W125/><G125/><T3/><D3/><U99/><E99/><V56/><F101/><W1/><G1/><T123/><D98/><U132/><E111/><V30/><F30/><W11/><G5/><T128/><D97/><U81/><E81/><V68/><F107/><W52/><N who="3" m="13312" /><DORA hai="4" /><W80/><G80/><T96/><D96/><U35/><E124/><V122/><F106/><W22/><G116/><T21/><D120/><U69/><E69/><V89/><F122/><W113/><G113/><T134/><D95/><U74/><E74/><V62/><F89/><W73/><G73/><T117/><D117/><U94/><E93/><V102/><F102/><W105/><G105/><T63/><D121/><U84/><E84/><V119/><F119/><W135/><G135/><AGARI ba="2,0" hai="13,15,26,27,34,35,64,65,92,94,129,131,132,135" machi="135" ten="25,2400,0" yaku="22,2" doraHai="115,4" who="1" fromWho="3" sc="201,0,428,30,301,0,70,-30" /><INIT seed="1,3,0,4,5,97" ten="201,458,301,40" oya="1" hai0="13,56,22,38,47,23,122,99,90,40,102,92,59" hai1="95,84,55,12,24,26,51,4,75,25,129,54,5" hai2="18,16,68,72,116,53,132,48,39,78,8,66,46" hai3="80,62,109,67,41,105,37,124,20,34,94,118,119"/><U133/><E75/><V76/><F132/><W32/><G94/><T117/><D117/><N who="3" m="44553" /><G109/><T134/><D134/><U112/><E133/><V21/><F116/><W93/><G93/><T83/><D122/><U131/><E112/><V123/><F123/><W0/><G124/><T65/><D65/><U33/><E33/><V49/><F39/><W101/><G80/><T113/><D113/><U61/><E61/><V7/><F68/><N who="3" m="42103" /><G20/><T15/><D23/><U70/><E70/><V82/><F66/><W125/><G0/><T42/><D40/><U60/><E60/><V135/><F135/><W85/><G85/><T130/><D130/><N who="1" m="49675" /><E55/><V121/><F121/><W100/><G125/><T71/><D71/><U74/><E12/><V103/><F21/><W2/><G2/><T86/><D22/><U91/><E74/><V45/><F72/><W87/><G87/><T79/><D56/><AGARI ba="3,0" hai="4,5,24,25,26,51,54,56,84,91,95" m="49675" machi="56" ten="30,1500,0" yaku="19,1" doraHai="97" who="1" fromWho="0" sc="201,-24,458,24,301,0,40,0" /><INIT seed="1,4,0,5,0,130" ten="177,482,301,40" oya="1" hai0="103,85,30,6,110,82,94,72,109,112,34,77,10" hai1="19,40,75,64,38,133,39,41,17,55,20,29,27" hai2="43,97,56,87,114,132,1,79,57,65,12,73,125" hai3="121,59,128,123,127,15,107,16,118,63,28,42,91"/><U53/><E75/><V96/><F73/><W102/><G118/><T124/><D112/><U129/><E64/><V93/><F1/><W2/><G2/><T90/><D124/><U62/><E129/><V50/><F125/><W14/><G128/><T18/><D18/><U60/><E20/><V84/><F114/><W81/><G127/><T7/><D103/><U69/><E27/><V83/><F132/><W120/><G42/><T119/><D119/><U116/><E116/><V131/><F131/><W66/><G28/><T8/><D30/><U122/><E29/><V115/><F115/><W0/><G0/><T44/><D34/><U25/><E25/><V86/><F97/><W22/><G102/><T32/><D32/><U58/><E58/><V74/><F65/><W21/><G107/><T3/><D44/><U4/><E4/><V47/><REACH who="2" step="1"/><F12/><REACH who="2" ten="177,482,291,40" step="2"/><W92/><G81/><T100/><D3/><U106/><E133/><V45/><F45/><W98/><REACH who="3" step="1"/><G15/><REACH who="3" ten="177,482,291,30" step="2"/><T51/><D82/><U76/><E122/><V36/><F36/><W71/><G71/><T23/><D100/><AGARI ba="4,2" hai="43,47,50,56,57,74,79,83,84,86,87,93,96,100" machi="100" ten="40,2600,0" yaku="1,1,53,1" doraHai="130" doraHaiUra="104" who="2" fromWho="0" sc="177,-38,482,0,291,58,30,0" /><INIT seed="2,0,0,2,2,13" ten="139,482,349,30" oya="2" hai0="129,5,42,112,119,52,64,86,23,76,80,73,44" hai1="56,67,57,107,118,131,69,45,91,100,31,50,34" hai2="47,78,6,130,37,26,55,71,110,28,3,11,66" hai3="0,122,121,18,83,97,15,10,135,46,99,134,59"/><V116/><F116/><W114/><G114/><T124/><D112/><U51/><E118/><V106/><F130/><W54/><G46/><T72/><D119/><U60/><E131/><V12/><F110/><W109/><G109/><T79/><D129/><U81/><E91/><V87/><F106/><W40/><G40/><T88/><D124/><U32/><E81/><V38/><F71/><W58/><G83/><T133/><D133/><N who="3" m="50697" /><G0/><T127/><D127/><U126/><E126/><V128/><F128/><W43/><G43/><T39/><D64/><U70/><E70/><V96/><F66/><W92/><G59/><N who="1" m="22602" /><E45/><V123/><F123/><N who="3" m="47115" /><G92/><T117/><D117/><U90/><E34/><V111/><F111/><W30/><G30/><T29/><D29/><U61/><E61/><AGARI ba="0,0" hai="10,15,18,54,58,61,97,99" m="47115,50697" machi="61" ten="30,2000,0" yaku="20,1,52,1" doraHai="13" who="3" fromWho="1" sc="139,0,482,-20,349,0,30,20" /><INIT seed="3,0,0,0,3,70" ten="139,462,349,50" oya="3" hai0="62,79,36,20,75,42,129,32,107,118,1,12,127" hai1="74,26,0,37,132,125,119,24,90,2,130,124,57" hai2="43,17,103,55,10,123,21,4,85,19,73,63,27" hai3="47,117,68,100,77,8,76,111,67,52,31,112,3"/><W96/><G112/><T23/><D1/><U14/><E37/><V54/><F73/><W53/><G117/><T58/><D32/><U61/><E119/><V5/><F103/><W60/><G31/><T40/><D118/><U126/><E132/><V134/><F43/><N who="0" m="16426" /><D36/><U46/><E130/><V108/><F85/><W66/><G66/><N who="0" m="39255" /><D75/><U30/><E46/><V87/><F55/><W84/><G111/><T78/><D107/><U109/><E109/><V22/><F17/><W15/><G3/><N who="1" m="1066" /><E74/><V113/><F21/><N who="0" m="8266" /><D129/><U45/><E45/><V56/><F4/><W89/><G47/><T44/><D127/><U128/><E128/><V38/><F38/><W98/><G98/><T104/><D104/><U51/><E51/><V131/><F131/><W59/><G68/><T101/><D101/><U39/><E39/><V6/><F108/><W86/><G100/><T102/><D102/><U115/><E115/><V18/><F134/><W94/><G96/><T13/><D44/><U110/><E110/><V71/><F71/><W116/><G116/><T65/><D65/><N who="1" m="39087" /><E30/><V88/><F123/><W82/><REACH who="3" step="1"/><G77/><AGARI ba="0,0" hai="12,13,77,78,79" m="8266,39255,16426" machi="77" ten="30,1000,0" yaku="8,1" doraHai="70" who="0" fromWho="3" sc="139,10,462,0,349,0,50,-10" owari="149,-25.1,462,56.2,349,14.9,40,-46.0" /></mjloggm>