<mjloggm ver="2.3"><GO type="225" lobby="0"/><UN n0="%E6%BC%AB%E6%89%8D%E9%BA%BB%E5%B0%86%E5%91%86%E5%91%86" n1="%E7%AD%89%E3%80%85%E5%8A%9B%E5%8A%87%E5%A0%B4" n2="%E8%81%B7%E6%A5%AD%E3%80%81%E9%A2%A8%32" n3="%E7%B4%94%E6%BD%94%E3%83%94%E3%83%A9%E3%83%8B%E3%82%A2" dan="16,16,16,18" rate="2075.31,2126.40,2148.42,2311.56" sx="F,M,M,M"/><TAIKYOKU oya="0"/><INIT seed="0,0,0,5,5,71" ten="250,250,250,250" oya="0" hai0="96,134,94,93,72,85,76,59,73,54,36,4,78" hai1="132,49,28,15,33,20,88,22,121,135,61,109,18" hai2="69,98,111,120,89,5,11,103,127,79,44,91,106" hai3="57,75,95,117,101,97,118,51,3,86,82,83,74"/><T87/><D36/><U70/><E121/><V100/><F120/><W25/><G3/><T48/><D134/><U29/><E33/><V6/><F111/><W0/><G0/><T19/><D4/><U129/><E109/><V123/><F69/><W112/><G51/><T128/><D128/><U40/><E129/><V102/><F127/><W133/><G57/><T65/><D65/><U37/><E49/><V90/><F123/><W58/><G58/><T77/><D73/><N who="3" m="27657" /><G25/><T56/><D72/><U67/><E22/><V108/><F108/><W122/><G122/><T119/><D93/><U26/><E88/><V126/><F126/><W13/><G13/><T43/><D43/><U52/><E52/><V125/><F125/><W27/><G27/><T14/><D59/><U114/><E114/><V64/><F6/><W17/><G17/><T34/><D34/><U66/><E66/><V80/><F64/><W2/><G2/><T63/><D48/><U115/><E115/><V31/><F31/><W8/><G8/><N who="0" m="6599" /><D119/><N who="3" m="45577" /><G112/><T84/><D84/><U45/><REACH who="1" step="1"/><E15/><REACH who="1" ten="250,240,250,250" step="2"/><V99/><F11/><W116/><G116/><T42/><D42/><U131/><E131/><V30/><F44/><W104/><G133/><AGARI ba="0,1" hai="18,20,26,28,29,37,40,45,61,67,70,132,133,135" machi="133" ten="40,5200,0" yaku="1,1,20,1,52,1,53,0" doraHai="71" doraHaiUra="92" who="1" fromWho="3" sc="250,0,240,62,250,0,250,-52" /><INIT seed="1,0,0,5,4,57" ten="250,302,250,198" oya="1" hai0="35,79,76,10,116,94,111,88,90,37,78,95,86" hai1="71,67,55,5,81,126,113,24,132,59,68,36,49" hai2="103,73,80,110,27,17,109,44,64,23,34,75,4" hai3="108,52,115,66,87,33,125,12,39,54,43,22,51"/><U114/><E132/><V20/><F34/><W102/><G115/><T130/><D37/><U129/><E129/><V121/><F121/><W128/><G108/><N who="2" m="41577" /><F80/><W92/><G128/><T21/><D35/><U124/><E36/><V40/><F103/><W117/><G117/><T119/><D111/><U29/><E5/><V46/><F4/><W122/><G122/><T15/><D21/><U1/><E1/><V32/><F32/><W123/><G33/><T16/><REACH who="0" step="1"/><D130/><REACH who="0" ten="240,302,250,198" step="2"/><U47/><E114/><V28/><F23/><W107/><G39/><T118/><D118/><U84/><E113/><V96/><F20/><W13/><G22/><T61/><D61/><U91/><E24/><V85/><F27/><W134/><G134/><T8/><D8/><U97/><E29/><V25/><F25/><W58/><G123/><T127/><D127/><U7/><E126/><V77/><F28/><W98/><G125/><T133/><D133/><U65/><E124/><V30/><F30/><W104/><G51/><T135/><D135/><U74/><E49/><V72/><F72/><W18/><G104/><T83/><D83/><U42/><E81/><V6/><F75/><W120/><G107/><T60/><D60/><U31/><E74/><V41/><F73/><W131/><G131/><T11/><D11/><U0/><E31/><V93/><F93/><W101/><G92/><T3/><D3/><U100/><E0/><V53/><F77/><W56/><G120/><T70/><D70/><U14/><E71/><V48/><F48/><W105/><G105/><T63/><D63/><N who="1" m="36351" /><E68/><V26/><F26/><RYUUKYOKU ba="0,1" sc="240,30,302,-10,250,-10,198,-10" hai0="10,15,16,76,78,79,86,88,90,94,95,116,119" /><INIT seed="2,1,1,2,0,134" ten="270,292,240,188" oya="2" hai0="59,33,104,97,129,132,11,101,79,38,21,50,58" hai1="19,42,18,15,63,61,90,112,45,69,95,44,72" hai2="46,125,106,57,91,84,82,52,65,34,127,43,25" hai3="99,67,123,0,48,49,74,109,81,122,75,128,23"/><V94/><F106/><W77/><G0/><T62/><D33/><U83/><E112/><V9/><F9/><W108/><G67/><T64/><D38/><U13/><E72/><N who="3" m="27690" /><G23/><T22/><D132/><U29/><E83/><V3/><F3/><W60/><G60/><N who="1" m="23114" /><E69/><V73/><F65/><W54/><G54/><T121/><D129/><U53/><E42/><V86/><F73/><N who="3" m="43183" /><G48/><T124/><D79/><U115/><E115/><V68/><F68/><W103/><G49/><T47/><D59/><U31/><E53/><V28/><F52/><W80/><G80/><T66/><D64/><U93/><E15/><V133/><F57/><W135/><G135/><T27/><D11/><U89/><E29/><V88/><REACH who="2" step="1"/><F133/><REACH who="2" ten="270,292,230,188" step="2"/><W41/><G41/><T32/><D58/><U126/><E44/><V98/><F98/><W71/><G71/><T76/><D97/><U26/><E45/><V16/><F16/><W110/><G128/><T6/><D47/><U39/><E19/><V117/><F117/><W7/><G7/><T1/><D6/><U30/><E18/><V131/><F131/><W24/><G24/><T12/><D1/><U36/><E26/><V113/><F113/><W51/><G51/><AGARI ba="1,2" hai="25,28,34,43,46,51,82,84,86,88,91,94,125,127" machi="51" ten="40,12000,1" yaku="1,1,52,2,54,1,53,0" doraHai="134" doraHaiUra="118" who="2" fromWho="3" sc="270,0,292,0,230,143,188,-123" /><INIT seed="2,2,0,4,2,80" ten="270,292,373,65" oya="2" hai0="114,21,43,72,82,108,49,37,107,65,133,53,110" hai1="42,120,14,79,58,55,128,47,89,66,59,11,112" hai2="92,8,2,6,35,113,74,101,76,17,85,0,81" hai3="103,36,126,33,104,52,24,40,67,68,4,7,90"/><V31/><F113/><W12/><G126/><T26/><D114/><U62/><E112/><V9/><F35/><W123/><G123/><T41/><D107/><U98/><E128/><V15/><F31/><W13/><G103/><T122/><D122/><U45/><E120/><V117/><F117/><W28/><G104/><T131/><D131/><U100/><E79/><V93/><F93/><W87/><G67/><T134/><D65/><U124/><E124/><V83/><F101/><W3/><G68/><T88/><D37/><U118/><E118/><V129/><F92/><W38/><G38/><T70/><D70/><U116/><E116/><V111/><F111/><N who="0" m="42538" /><D72/><U30/><E30/><V106/><F106/><W61/><G36/><T20/><D20/><U54/><E42/><N who="0" m="15881" /><D88/><U91/><E100/><V71/><F71/><W1/><G40/><T29/><D82/><U127/><E127/><V23/><F129/><W102/><G102/><T56/><AGARI ba="2,0" hai="21,26,29,49,53,56,133,134" m="15881,42538" machi="56" ten="30,1100,0" yaku="14,1" doraHai="80" who="0" fromWho="0" sc="270,17,292,-5,373,-7,65,-5" /><INIT seed="3,0,0,2,3,132" ten="287,287,366,60" oya="3" hai0="48,36,47,86,20,97,53,72,127,123,39,58,80" hai1="112,113,9,76,60,125,84,3,8,69,35,70,56" hai2="78,101,27,57,45,68,130,61,118,111,122,15,55" hai3="119,32,90,126,107,103,2,75,104,105,0,124,23"/><W87/><G32/><T135/><D123/><U82/><E35/><V74/><F118/><W14/><G119/><T50/><D127/><N who="3" m="48681" /><G75/><T63/><D72/><U109/><E125/><V13/><F74/><W59/><G103/><T73/><D73/><U4/><E109/><V29/><F111/><W77/><G77/><T1/><D1/><N who="3" m="617" /><G59/><T62/><D135/><U44/><E70/><V22/><F101/><W43/><G43/><N who="0" m="24703" /><D39/><U41/><E69/><V42/><F78/><W18/><G107/><T89/><D36/><U30/><E41/><V108/><F108/><W11/><G11/><T34/><D34/><U7/><E44/><V117/><F68/><W17/><G18/><T102/><D20/><U131/><E56/><V91/><F42/><W134/><G134/><T71/><D71/><U67/><E9/><V128/><F117/><W46/><G46/><T114/><D114/><U51/><E112/><V25/><F45/><W85/><G85/><T81/><D102/><U19/><E113/><V28/><F57/><W12/><G12/><T94/><D86/><U93/><E84/><V40/><F15/><W10/><G23/><T31/><D31/><U21/><E30/><V133/><F22/><W92/><AGARI ba="0,0" hai="10,14,17,87,90,92,104,105" m="617,48681" machi="92" ten="30,11700,0" yaku="18,1,52,3" doraHai="132" who="3" fromWho="3" sc="287,-39,287,-39,366,-39,60,117" /><INIT seed="3,1,0,1,0,14" ten="248,248,327,177" oya="3" hai0="118,63,33,78,32,6,85,117,23,29,58,99,96" hai1="36,90,8,49,125,4,53,67,75,71,54,120,62" hai2="38,92,131,17,115,98,129,9,11,55,41,73,34" hai3="72,60,94,108,86,88,91,116,89,20,28,119,40"/><W66/><G72/><T52/><D33/><U103/><E36/><V39/><F34/><W113/><G113/><T24/><D32/><U51/><E120/><V50/><F115/><W57/><G108/><T97/><REACH who="0" step="1"/><D6/><REACH who="0" ten="238,248,327,177" step="2"/><U25/><E4/><V70/><F131/><W5/><G5/><T46/><D46/><U81/><E125/><V114/><F129/><W74/><G74/><T45/><D45/><U106/><E75/><V132/><F73/><W93/><G40/><T105/><D105/><U2/><E106/><V83/><F41/><W87/><G89/><T126/><D126/><U43/><E90/><V12/><F114/><W47/><G47/><T121/><D121/><U124/><E124/><V35/><F35/><W19/><REACH who="3" step="1"/><G28/><REACH who="3" ten="238,248,327,167" step="2"/><T13/><D13/><AGARI ba="1,2" hai="13,19,20,57,60,66,86,87,88,91,93,94,116,119" machi="13" ten="30,18000,2" yaku="1,1,2,1,7,1,9,1,52,1,54,1,53,1" doraHai="14" doraHaiUra="59" who="3" fromWho="0" sc="238,-183,248,0,327,0,167,203" owari="55,-44.5,248,-15.2,327,12.7,370,47.0" /></mjloggm>