<mjloggm ver="2.3"><GO type="225" lobby="0"/><UN n0="%E3%81%BE%E3%81%A8%E3%81%9F" n1="%E6%9D%BE%E6%9C%AC%E5%81%A5%E7%94%B7" n2="%73%69%72%6F%75%74" n3="%6D%75%75%6D%75%72%61" dan="16,16,16,16" rate="2163.77,2152.55,2149.34,2156.69" sx="M,M,M,F"/><TAIKYOKU oya="0"/><BYE who="0" /><UN n0="%E3%81%BE%E3%81%A8%E3%81%9F" /><INIT seed="0,0,0,4,0,92" ten="250,250,250,250" oya="0" hai0="55,33,97,15,116,122,50,87,63,74,121,98,40" hai1="135,132,78,89,64,126,16,18,56,1,127,47,60" hai2="100,88,117,115,3,81,112,70,86,8,52,124,32" hai3="82,66,72,91,106,44,107,51,45,59,76,99,96"/><T118/><D74/><U22/><E1/><V94/><F70/><W31/><G31/><T4/><D33/><U19/><E78/><V49/><F32/><W131/><G131/><T2/><D2/><U14/><E89/><V24/><F24/><W123/><G123/><T119/><D40/><U77/><E77/><V80/><F124/><N who="1" m="47657" /><E47/><V26/><F26/><W129/><G129/><T85/><D63/><U11/><E22/><V83/><F117/><W57/><G91/><T90/><D85/><U42/><E42/><V93/><F112/><W75/><G76/><T9/><D122/><U58/><E56/><N who="2" m="32783" /><F3/><W105/><G105/><T17/><D4/><AGARI ba="0,0" hai="4,11,14,16,18,19,58,60,64,132,135" m="47657" machi="4" ten="30,2000,0" yaku="18,1,54,1" doraHai="92" who="1" fromWho="0" sc="250,-20,250,20,250,0,250,0" /><INIT seed="1,0,0,3,2,27" ten="230,270,250,250" oya="1" hai0="65,118,129,50,63,127,46,119,133,14,10,30,43" hai1="38,126,58,116,20,26,81,8,40,74,123,88,35" hai2="18,104,114,42,19,99,117,12,90,124,13,4,39" hai3="52,56,37,130,115,6,55,87,57,106,72,3,25"/><U41/><E116/><V5/><F117/><W80/><G115/><T54/><D127/><U95/><E123/><V107/><F124/><W76/><G130/><T108/><D129/><U120/><E120/><V131/><F131/><W16/><G37/><T48/><D108/><U128/><E128/><V84/><F39/><W23/><G106/><T47/><D133/><U32/><E126/><V122/><F122/><W112/><G112/><T70/><REACH who="0" step="1"/><D30/><REACH who="0" ten="220,270,250,250" step="2"/><U97/><E35/><V109/><F109/><W49/><G3/><T111/><D111/><U2/><E32/><V103/><F114/><W110/><G110/><T75/><D75/><U113/><E113/><V0/><F0/><W1/><G1/><T98/><D98/><U135/><E135/><V62/><F99/><W77/><G6/><AGARI ba="0,1" hai="6,10,14,43,46,47,48,50,54,63,65,70,118,119" machi="6" ten="30,2000,0" yaku="1,1,7,1,53,0" doraHai="27" doraHaiUra="132" who="0" fromWho="3" sc="220,30,270,0,250,0,250,-20" /><INIT seed="2,0,0,3,0,18" ten="250,270,250,230" oya="2" hai0="113,74,46,67,17,72,126,37,51,50,70,114,65" hai1="109,123,75,128,120,16,129,95,21,87,119,3,49" hai2="81,103,80,115,47,1,53,64,131,104,62,94,30" hai3="63,130,9,134,42,98,48,15,97,2,107,45,110"/><V125/><F1/><W14/><G110/><T22/><D37/><U8/><E75/><V77/><F115/><W133/><G130/><N who="1" m="50282" /><E119/><V68/><F131/><W102/><G2/><T35/><D35/><U89/><E109/><V34/><F94/><W118/><G118/><T24/><D126/><U44/><E8/><V20/><F20/><W82/><G82/><T73/><D50/><U23/><E3/><V69/><F69/><W60/><G98/><T7/><D7/><U84/><E87/><V101/><F101/><W92/><G107/><T71/><D70/><U41/><E21/><V108/><F108/><W79/><G79/><T117/><D117/><U105/><E105/><V112/><F112/><W36/><G36/><T55/><REACH who="0" step="1"/><D67/><REACH who="0" ten="240,270,250,230" step="2"/><U10/><E10/><V43/><F64/><W85/><G9/><T5/><D5/><U19/><E19/><V78/><F68/><W57/><G133/><T93/><D93/><U31/><E31/><V99/><F30/><W38/><G134/><T12/><D12/><AGARI ba="0,1" hai="12,16,23,41,44,49,84,89,95,120,123" m="50282" machi="12" ten="30,3900,0" yaku="19,1,52,1,54,1" doraHai="18" who="1" fromWho="0" sc="240,-39,270,49,250,0,230,0" /><INIT seed="3,0,0,4,0,10" ten="201,319,250,230" oya="3" hai0="53,107,28,4,13,129,96,127,1,54,26,29,18" hai1="130,134,83,111,108,56,15,73,78,63,42,17,62" hai2="31,109,21,65,51,14,74,37,133,11,57,98,71" hai3="93,82,59,84,20,90,52,89,35,49,75,33,131"/><W46/><G131/><T92/><D127/><U6/><E130/><V118/><F74/><W135/><G135/><T9/><D129/><U12/><E134/><V132/><F118/><W39/><G20/><T69/><D107/><U68/><E42/><V103/><F37/><W80/><G75/><T77/><D77/><U7/><E68/><V115/><F109/><N who="1" m="42057" /><E62/><N who="2" m="38095" /><F51/><W66/><G82/><T88/><D69/><U8/><E15/><V70/><F70/><W16/><G39/><T32/><D29/><U41/><E41/><V19/><F71/><W48/><G35/><T43/><REACH who="0" step="1"/><D43/><REACH who="0" ten="191,319,250,230" step="2"/><U45/><E45/><V106/><F106/><W27/><G46/><T124/><D124/><U123/><E123/><V87/><F31/><W50/><G33/><T100/><D100/><U128/><E128/><V72/><F103/><W102/><G102/><T121/><D121/><U36/><E36/><V38/><F38/><W61/><G89/><T0/><D0/><U119/><E119/><V5/><F133/><W97/><G90/><T60/><D60/><U22/><E63/><V34/><F34/><W104/><G104/><T126/><D126/><U117/><E117/><V47/><F132/><W86/><G66/><T110/><D110/><U120/><E120/><V23/><F72/><W67/><G67/><T40/><D40/><U113/><E73/><V99/><F115/><W55/><G55/><T58/><D58/><U85/><E56/><V101/><F47/><W2/><G2/><T91/><D91/><U112/><E112/><V25/><F101/><N who="3" m="60591" /><G80/><T105/><D105/><U30/><E113/><RYUUKYOKU ba="0,1" sc="191,10,319,10,250,-30,230,10" hai0="1,4,9,13,18,26,28,32,53,54,88,92,96" hai1="6,7,8,12,17,22,30,78,83,85" hai3="16,27,48,49,50,52,59,61,84,86" /><INIT seed="3,1,1,1,5,46" ten="201,329,220,240" oya="3" hai0="94,79,60,135,30,50,10,42,54,17,103,22,95" hai1="36,76,96,14,92,115,112,132,84,63,34,49,100" hai2="5,15,9,18,90,59,123,29,0,68,72,51,117" hai3="120,11,13,126,129,21,8,56,39,88,28,104,102"/><W131/><G120/><T27/><D135/><U67/><E36/><V124/><F68/><W44/><G126/><T134/><D134/><U25/><E132/><V98/><F72/><W114/><G114/><T40/><D79/><U24/><E14/><N who="2" m="5423" /><F117/><W75/><G75/><T86/><D60/><U119/><E119/><V43/><F0/><W93/><G104/><T127/><D127/><U125/><E125/><V52/><F123/><W80/><G80/><T16/><D95/><U31/><E24/><V41/><F29/><W2/><G2/><T33/><D10/><U69/><E49/><V57/><F57/><W66/><G102/><T65/><D65/><U106/><E92/><N who="2" m="56599" /><F124/><W53/><G39/><T32/><D32/><U85/><E85/><V61/><F61/><N who="3" m="38183" /><G131/><T105/><D105/><U37/><E37/><V35/><F35/><W64/><G64/><T4/><D33/><U113/><E113/><V6/><F6/><W19/><G28/><T7/><D4/><U118/><E118/><V62/><F62/><W12/><G12/><T122/><D7/><U111/><E115/><V121/><F121/><W55/><G129/><T58/><D122/><U70/><E112/><V73/><F73/><W74/><G74/><T23/><D30/><U99/><E70/><V38/><F38/><W82/><G82/><T77/><D77/><U128/><E128/><V78/><F78/><W45/><G8/><AGARI ba="1,1" hai="8,15,18,41,43,51,52,59" m="56599,5423" machi="8" ten="30,3900,0" yaku="8,1,52,1,54,1" doraHai="46" who="2" fromWho="3" sc="201,0,329,0,220,52,240,-42" owari="201,-19.9,329,42.9,272,7.2,198,-30.2" /></mjloggm>