<mjloggm ver="2.3"><GO type="225" lobby="0"/><UN n0="%E3%81%9F%E3%81%93%E2%98%86%E7%84%BC%E3%81%8D" n1="%E3%81%BF%E3%81%BF%E3%81%9A" n2="%E6%98%93%E5%88%A9%E8%96%A9%E4%BC%AF" n3="%72%69%6F%75%63%68%61%6E" dan="16,17,16,16" rate="2082.22,2232.81,2166.00,2222.06" sx="M,M,F,M"/><TAIKYOKU oya="0"/><INIT seed="0,0,0,1,0,98" ten="250,250,250,250" oya="0" hai0="47,72,74,13,63,127,23,30,36,129,29,65,105" hai1="100,124,84,101,43,122,112,113,48,59,33,71,123" hai2="133,128,131,25,121,24,95,116,51,40,53,114,79" hai3="32,9,119,45,6,102,64,11,5,16,134,83,96"/><T81/><D105/><U130/><E33/><V90/><F25/><W18/><G119/><T91/><D129/><N who="2" m="49738" /><F24/><W28/><G134/><T125/><D91/><U109/><E130/><V52/><F79/><W103/><G64/><T10/><D81/><U87/><E71/><V57/><F95/><W54/><G83/><T97/><D97/><U68/><E68/><V115/><F90/><W15/><G28/><N who="0" m="10859" /><D23/><U38/><E38/><V35/><F35/><W49/><G32/><T58/><D47/><N who="1" m="25727" /><E109/><V92/><F92/><W50/><G50/><T44/><D44/><U12/><E124/><N who="0" m="47689" /><D36/><U55/><E84/><V111/><F111/><W39/><G39/><T27/><D27/><U21/><E87/><V88/><F88/><W126/><G126/><T3/><D3/><U73/><E73/><V2/><F2/><W89/><G89/><T75/><D74/><U85/><E85/><V107/><F107/><W132/><G132/><T17/><AGARI ba="0,0" hai="10,13,17,58,63,65,72,75" m="47689,10859" machi="17" ten="30,1500,0" yaku="18,1" doraHai="98" who="0" fromWho="0" sc="250,15,250,-5,250,-5,250,-5" /><INIT seed="0,1,0,5,4,16" ten="265,245,245,245" oya="0" hai0="4,50,70,100,106,6,29,47,26,105,126,19,77" hai1="122,20,131,119,103,69,120,3,123,59,53,95,89" hai2="0,75,60,112,135,125,83,116,90,18,17,130,32" hai3="45,78,42,54,30,28,114,113,25,41,129,23,61"/><T63/><D77/><U87/><E69/><V96/><F112/><W81/><G129/><T51/><D19/><U121/><E119/><V9/><F130/><W36/><G41/><T38/><D38/><U37/><E131/><V133/><F125/><W117/><G117/><T34/><D126/><U49/><N who="1" m="30720" /><DORA hai="80" /><U56/><E37/><V12/><F32/><W2/><G2/><T124/><D50/><U101/><E3/><V71/><F0/><W58/><REACH who="3" step="1"/><G30/><REACH who="3" ten="265,245,245,235" step="2"/><T27/><D124/><U82/><E20/><V11/><F116/><W110/><G110/><T108/><D108/><U66/><REACH who="1" step="1"/><E82/><REACH who="1" ten="265,235,245,235" step="2"/><V115/><F83/><W88/><G88/><T62/><D100/><U24/><E24/><V79/><F90/><W40/><G40/><T72/><D27/><U22/><E22/><V99/><F11/><W107/><G107/><T128/><D106/><U94/><E94/><V1/><F9/><W118/><G118/><T93/><D105/><U7/><E7/><V92/><F1/><W111/><G111/><T14/><D93/><U68/><E68/><V13/><F71/><W21/><G21/><T35/><D70/><U48/><E48/><V67/><F92/><W65/><G65/><T97/><D4/><U46/><E46/><V73/><F67/><W85/><AGARI ba="1,2" hai="23,25,28,36,42,45,54,58,61,78,81,85,113,114" machi="85" ten="20,8000,1" yaku="1,1,0,1,7,1,52,2,53,0" doraHai="16,80" doraHaiUra="134,102" who="3" fromWho="3" sc="265,-41,235,-21,245,-21,235,103" /><INIT seed="1,0,0,2,4,104" ten="224,214,224,338" oya="1" hai0="23,2,91,20,82,61,90,56,15,14,33,28,107" hai1="49,37,122,0,94,63,52,84,83,117,16,29,62" hai2="125,93,127,5,11,129,75,99,132,6,110,118,92" hai3="44,126,88,96,60,69,77,80,135,87,3,58,30"/><U17/><E117/><V42/><F118/><W13/><G126/><N who="2" m="48137" /><F110/><W102/><G135/><T25/><D2/><U38/><E122/><V39/><F129/><W79/><G3/><T70/><D70/><U34/><E0/><V68/><F68/><W36/><G69/><T1/><D107/><U65/><E37/><V53/><F53/><W50/><G36/><T4/><D1/><U78/><E38/><V109/><F109/><W24/><G13/><T41/><D41/><U103/><E29/><V108/><F11/><W9/><G9/><T8/><D14/><U31/><E31/><V47/><F132/><W119/><G119/><T113/><D113/><U19/><E34/><V100/><F108/><W74/><G74/><T128/><D128/><U7/><E65/><V27/><F27/><W18/><G18/><T67/><D33/><U120/><E7/><N who="2" m="2571" /><F75/><W115/><G115/><T123/><D123/><U112/><E112/><V40/><F40/><W48/><G48/><T21/><D90/><U95/><E120/><V98/><F98/><W124/><G124/><T32/><D32/><U131/><E131/><V81/><F81/><W43/><G30/><T85/><AGARI ba="0,0" hai="4,8,15,20,21,23,25,28,56,61,67,82,85,91" machi="85" ten="30,2000,0" yaku="0,1,8,1" doraHai="104" who="0" fromWho="0" sc="224,20,214,-10,224,-5,338,-5" /><INIT seed="2,0,0,2,3,16" ten="244,204,219,333" oya="2" hai0="115,28,0,53,82,70,63,104,121,124,19,21,8" hai1="2,89,6,122,73,130,3,13,79,31,131,10,65" hai2="81,99,61,87,56,33,24,114,27,132,76,67,20" hai3="49,43,108,123,62,55,5,129,74,110,96,36,125"/><V37/><F114/><W4/><G123/><T57/><D104/><U54/><E65/><V12/><F132/><W29/><G74/><T66/><D124/><U78/><E122/><V134/><F134/><W18/><G125/><T113/><D121/><U106/><E106/><V69/><F37/><W80/><G129/><N who="1" m="49162" /><E89/><V71/><F99/><W32/><G62/><T84/><D28/><U52/><E31/><V48/><F12/><W135/><G135/><T133/><D8/><U35/><E35/><V11/><F11/><W94/><G80/><T15/><D0/><N who="1" m="43" /><E73/><V103/><F103/><W119/><G119/><T126/><D126/><U102/><E102/><V116/><F116/><W118/><G118/><T112/><D133/><U39/><E39/><V9/><F9/><W59/><G18/><T88/><REACH who="0" step="1"/><D113/><REACH who="0" ten="234,204,219,333" step="2"/><U90/><E90/><V51/><F33/><W100/><G29/><T25/><D25/><U45/><E45/><V41/><F27/><W72/><G32/><T75/><D75/><U117/><E117/><V77/><F24/><W127/><G72/><T109/><D109/><N who="3" m="42089" /><G127/><T7/><D7/><U26/><E26/><V50/><F20/><W91/><G4/><T105/><D105/><U64/><E64/><V58/><F67/><W38/><G5/><T1/><D1/><U111/><E111/><V95/><F69/><W22/><G36/><T92/><D92/><U107/><E107/><V120/><F95/><N who="3" m="58399" /><G38/><T85/><D85/><U46/><E46/><V14/><F120/><W86/><G86/><T42/><D42/><U23/><E23/><V101/><F87/><RYUUKYOKU ba="0,1" sc="234,15,204,15,219,-15,333,-15" hai0="15,19,21,53,57,63,66,70,82,84,88,112,115" hai1="6,10,13,52,54,78,79" /><INIT seed="3,1,1,1,4,74" ten="249,219,204,318" oya="3" hai0="113,50,31,129,47,112,20,82,103,89,55,120,37" hai1="104,126,70,51,41,73,131,36,67,59,66,127,133" hai2="38,68,105,57,3,4,34,11,76,93,86,92,81" hai3="94,106,90,32,45,62,91,44,130,24,123,87,48"/><W12/><G123/><T102/><D120/><U100/><E133/><V53/><F68/><W25/><G130/><T85/><D37/><U39/><E73/><V1/><F34/><W135/><G135/><T79/><D129/><U61/><E131/><V101/><F38/><N who="1" m="14377" /><E100/><V80/><F3/><W117/><G117/><T19/><D89/><U14/><E14/><V27/><F27/><W33/><G106/><T43/><D31/><U75/><E75/><V65/><F65/><N who="1" m="24585" /><E104/><V64/><F64/><W88/><G62/><T98/><D43/><U77/><E77/><V29/><F29/><W56/><G32/><T128/><D128/><U52/><E70/><V21/><F21/><W72/><G72/><T18/><D98/><U0/><E0/><V54/><F81/><N who="3" m="49263" /><G33/><T71/><D71/><U84/><E84/><V49/><REACH who="2" step="1"/><F54/><REACH who="2" ten="249,219,194,318" step="2"/><N who="3" m="31815" /><G12/><T109/><D20/><U111/><E111/><V96/><AGARI ba="1,2" hai="1,4,11,49,53,57,76,80,86,92,93,96,101,105" machi="96" ten="30,4000,0" yaku="1,1,0,1,52,1,53,0" doraHai="74" doraHaiUra="132" who="2" fromWho="2" sc="249,-11,219,-11,194,63,318,-21" /><INIT seed="4,0,0,1,4,4" ten="238,208,257,297" oya="0" hai0="54,105,56,133,119,59,8,117,115,70,134,3,2" hai1="1,122,43,18,130,50,61,26,14,90,118,36,129" hai2="93,60,86,37,75,85,28,62,13,19,79,80,128" hai3="91,42,29,5,78,53,44,84,113,68,123,64,95"/><T57/><D105/><U40/><E118/><N who="0" m="45065" /><D70/><U102/><E122/><V52/><F37/><W135/><G113/><T126/><D115/><U116/><E116/><V48/><F28/><W9/><G135/><N who="0" m="51723" /><D126/><U96/><E1/><N who="0" m="9" /><D8/><N who="1" m="6471" /><E36/><V121/><F128/><N who="1" m="49257" /><E90/><N who="2" m="53455" /><F75/><W124/><G123/><T34/><D34/><U99/><E61/><AGARI ba="0,0" hai="54,56,57,59,61" m="9,51723,45065" machi="61" ten="40,2000,0" yaku="20,1" doraHai="4" who="0" fromWho="1" sc="238,20,208,-20,257,0,297,0" /><INIT seed="4,1,0,3,5,100" ten="258,188,257,297" oya="0" hai0="124,37,92,4,105,75,32,22,41,126,28,114,57" hai1="90,44,66,40,115,127,132,3,0,62,24,58,125" hai2="63,87,67,94,35,74,10,119,7,6,59,50,78" hai3="60,82,26,101,8,46,36,77,104,5,128,9,122"/><T68/><D68/><U65/><E90/><V97/><F35/><W18/><G128/><T93/><D75/><U107/><E132/><V13/><F74/><N who="3" m="43319" /><G8/><T12/><D37/><U111/><E111/><V112/><F112/><W45/><G45/><T43/><D57/><U56/><E24/><V118/><F50/><W85/><G85/><T14/><D22/><U39/><E107/><V80/><REACH who="2" step="1"/><F7/><REACH who="2" ten="258,188,247,297" step="2"/><W47/><G5/><T64/><D4/><U135/><E115/><V116/><F116/><W19/><G122/><T120/><D32/><U133/><E0/><V81/><F81/><W117/><G117/><T69/><D120/><U21/><E3/><V89/><AGARI ba="1,1" hai="6,10,13,59,63,67,78,80,87,89,94,97,118,119" machi="89" ten="30,7900,0" yaku="1,1,0,1,53,2" doraHai="100" doraHaiUra="113" who="2" fromWho="2" sc="258,-40,188,-21,247,92,297,-21" owari="218,-18.2,167,-33.3,339,43.9,276,7.6" /></mjloggm>