<mjloggm ver="2.3"><GO type="225" lobby="0"/><UN n0="%E3%82%BC%E3%83%AB%E3%83%80%E3%81%AE%E4%BC%9D%E8%AA%AC" n1="%E5%8F%AF%E5%85%90%E9%82%A3%E7%94%B1%E5%A4%9A" n2="%E3%81%A8%E3%82%93%E3%81%A8%E3%81%93%E3%81%A8%E3%82%93" n3="%45%6C%79%73%69%75%6D" dan="17,17,16,17" rate="2276.00,2241.65,2110.15,2147.15" sx="M,F,M,F"/><TAIKYOKU oya="0"/><INIT seed="0,0,0,3,1,79" ten="250,250,250,250" oya="0" hai0="99,3,5,131,40,100,53,90,112,76,48,47,39" hai1="30,52,72,67,97,127,44,0,85,56,13,50,126" hai2="132,116,37,83,89,109,98,115,58,16,45,111,4" hai3="28,69,29,38,19,66,125,80,46,77,88,21,43"/><T82/><D112/><U18/><E0/><V122/><F122/><W22/><G125/><N who="1" m="47626" /><E72/><V78/><F115/><W7/><G7/><T57/><D131/><U121/><E121/><V108/><F132/><W15/><G21/><T102/><D90/><U61/><E30/><V91/><F116/><W2/><G2/><T42/><D42/><U68/><E97/><V8/><F58/><W23/><G23/><T114/><D114/><U92/><E92/><V86/><F98/><W12/><G12/><T73/><D99/><U9/><E85/><V62/><F62/><W128/><G128/><T54/><D54/><U135/><E135/><V110/><N who="2" m="27648" /><DORA hai="107" /><V123/><F123/><W24/><G24/><T1/><D1/><U93/><E93/><V94/><F94/><W117/><G117/><T14/><D14/><U55/><E55/><V70/><F70/><AGARI ba="0,0" hai="9,13,18,44,50,52,56,61,67,68,70" m="47626" machi="70" ten="30,2000,0" yaku="18,1,54,1" doraHai="79,107" who="1" fromWho="2" sc="250,0,250,20,250,-20,250,0" /><INIT seed="1,0,0,3,1,87" ten="250,270,230,250" oya="1" hai0="46,18,33,42,62,86,6,14,8,114,134,73,67" hai1="44,22,37,49,127,60,35,95,52,93,10,112,103" hai2="48,12,57,132,120,128,82,41,24,79,65,28,88" hai3="63,78,101,83,39,32,15,54,107,117,96,47,105"/><U85/><E35/><V2/><F2/><W124/><G32/><T68/><D114/><U99/><E112/><V98/><F120/><W53/><G124/><T92/><D73/><U9/><E127/><V13/><F128/><W31/><G31/><T4/><D33/><U59/><E37/><V111/><F111/><W69/><G107/><T1/><D134/><U64/><E22/><N who="2" m="15383" /><F132/><W104/><G104/><T19/><D19/><U131/><E131/><V16/><F65/><W30/><G30/><T90/><REACH who="0" step="1"/><D1/><REACH who="0" ten="240,270,230,250" step="2"/><U81/><REACH who="1" step="1"/><E95/><REACH who="1" ten="240,260,230,250" step="2"/><N who="2" m="56679" /><F16/><W119/><G105/><T11/><D11/><U45/><E45/><N who="2" m="25647" /><F57/><W122/><G122/><T23/><D23/><U77/><AGARI ba="0,2" hai="9,10,44,49,52,59,60,64,77,81,85,93,99,103" machi="77" ten="20,18000,2" yaku="1,1,0,1,7,1,8,1,54,1,53,1" doraHai="87" doraHaiUra="76" who="1" fromWho="1" sc="240,-60,260,200,230,-60,250,-60" /><INIT seed="1,1,0,3,5,101" ten="180,460,170,190" oya="1" hai0="56,89,125,42,55,15,9,95,52,131,1,43,75" hai1="49,34,26,73,108,59,133,127,46,70,110,62,7" hai2="117,47,113,68,35,91,11,0,130,33,124,126,104" hai3="123,82,135,71,84,44,128,64,103,106,20,67,19"/><U57/><E73/><V88/><F117/><W10/><G123/><T36/><D125/><N who="2" m="48234" /><F68/><W114/><G114/><T12/><D131/><U38/><E127/><V45/><F130/><W112/><G112/><T79/><D1/><U83/><E83/><V2/><F104/><W61/><G135/><T105/><D105/><U48/><E7/><V115/><F45/><W80/><G67/><T69/><D69/><U21/><E34/><N who="2" m="12811" /><F47/><W94/><G128/><T50/><D36/><U81/><E81/><V107/><F107/><W27/><G44/><N who="0" m="27719" /><D79/><U58/><E133/><V40/><F40/><N who="0" m="15402" /><D9/><U100/><E38/><V37/><F37/><W31/><G106/><T24/><D24/><U118/><E118/><V86/><F11/><W25/><G10/><T87/><D75/><U41/><E70/><V4/><F4/><W23/><G71/><T32/><D32/><U39/><E39/><V16/><F113/><W98/><G23/><T134/><D134/><U102/><E21/><V13/><F115/><W54/><G20/><T28/><D28/><U96/><E26/><V29/><F29/><W85/><G31/><T72/><D72/><U66/><E41/><V51/><F0/><W63/><G25/><T6/><D6/><U78/><E78/><V122/><F2/><W5/><G27/><T76/><D76/><U120/><E100/><V74/><F74/><W90/><G5/><T17/><D17/><U119/><E102/><V14/><F16/><W111/><G19/><T8/><D8/><U109/><E119/><V116/><F116/><W132/><G132/><T22/><D22/><RYUUKYOKU ba="1,0" sc="180,30,460,-10,170,-10,190,-10" hai0="12,15,55,56,87,89,95" /><INIT seed="2,2,0,1,0,84" ten="210,450,160,180" oya="2" hai0="95,133,118,63,12,46,129,72,15,32,96,77,112" hai1="6,28,73,109,82,17,80,105,50,125,122,43,16" hai2="39,119,61,76,56,30,120,124,74,115,64,52,19" hai3="41,103,107,66,93,18,36,5,117,97,106,90,22"/><V1/><F115/><W126/><G117/><T116/><D112/><U65/><E105/><V34/><F120/><W89/><G126/><T40/><D32/><U86/><E125/><V79/><F119/><N who="0" m="45610" /><D133/><U44/><E109/><V37/><F124/><W10/><G66/><T100/><D129/><U132/><E132/><V67/><F1/><W128/><G128/><T45/><D63/><U55/><E122/><V130/><F130/><W102/><G41/><T21/><D21/><U92/><E65/><V53/><F34/><W4/><G36/><N who="0" m="21639" /><D46/><U8/><E28/><V48/><F30/><W81/><G106/><T27/><D27/><U58/><E73/><V104/><F104/><W51/><G51/><T23/><D23/><U134/><E134/><V108/><F108/><W59/><G59/><T13/><D77/><N who="2" m="29770" /><F39/><W131/><G131/><T14/><D14/><N who="1" m="5399" /><E58/><N who="2" m="33031" /><F37/><W85/><G107/><T2/><D72/><U0/><E0/><AGARI ba="2,0" hai="0,2,12,13,15,95,96,100" m="21639,45610" machi="0" ten="30,1000,0" yaku="12,1" doraHai="84" who="0" fromWho="1" sc="210,16,450,-16,160,0,180,0" /><INIT seed="3,0,0,2,0,62" ten="226,434,160,180" oya="3" hai0="112,2,28,36,52,47,3,134,57,116,88,59,48" hai1="58,84,15,128,82,73,89,69,91,122,66,30,53" hai2="71,95,18,79,126,100,75,67,40,97,32,113,135" hai3="56,11,39,110,72,108,98,34,124,80,10,43,115"/><W19/><G115/><T99/><D112/><U107/><E107/><V117/><F117/><W101/><G34/><T8/><D116/><U37/><E122/><V87/><F113/><W7/><G124/><T5/><D3/><U131/><E37/><V127/><F32/><W12/><G56/><T120/><D120/><U31/><E73/><V90/><F135/><W103/><G43/><T114/><D114/><U54/><E69/><V119/><F119/><W123/><G39/><T118/><D118/><U77/><E66/><V1/><F1/><W125/><G125/><N who="2" m="47625" /><F40/><W4/><G123/><T70/><D70/><U51/><E15/><V29/><F29/><N who="1" m="10761" /><E54/><V45/><F45/><W132/><G132/><T102/><D59/><U6/><E6/><V0/><F0/><W86/><G72/><T81/><D48/><U38/><E38/><V20/><F75/><W46/><G46/><T23/><D99/><U16/><E16/><V83/><F79/><W92/><G19/><T63/><D102/><U121/><E121/><V65/><F71/><W64/><G103/><T27/><D81/><U68/><E68/><V49/><F49/><W9/><G4/><T109/><D109/><N who="3" m="42089" /><G64/><T74/><D134/><U26/><E26/><AGARI ba="0,0" hai="18,20,26,65,67,83,87,90,95,97,100" m="47625" machi="26" ten="30,3900,0" yaku="18,1,52,2" doraHai="62" who="2" fromWho="1" sc="226,0,434,-39,160,39,180,0" owari="226,2.6,395,49.5,199,-20.1,180,-32.0" /></mjloggm>