<mjloggm ver="2.3"><GO type="225" lobby="0"/><UN n0="%E3%81%A4%E3%81%A3%E3%81%B1%E3%82%8A%E3%83%9D%E3%83%BC%E3%83%AB" n1="%E3%81%AF%E3%82%88%E3%81%8A%E3%81%98%E3%81%95%E3%82%93" n2="%E5%8D%A0%E3%81%84%E5%B8%AB%E8%A3%8F%E3%81%AA%E3%81%84%E3%81%97" n3="%E8%90%BD%E6%97%A5" dan="17,17,17,16" rate="2234.90,2155.92,2219.49,2184.03" sx="M,M,M,F"/><TAIKYOKU oya="0"/><INIT seed="0,0,0,2,3,19" ten="250,250,250,250" oya="0" hai0="51,52,33,9,131,73,85,134,69,95,8,25,132" hai1="30,99,48,16,98,70,87,32,105,124,37,64,13" hai2="38,92,94,72,77,28,62,76,7,63,115,55,103" hai3="96,110,108,109,6,68,127,88,18,129,0,101,102"/><T111/><D73/><U121/><E37/><V35/><F38/><W22/><G68/><T60/><D131/><U83/><E121/><V123/><F123/><W112/><G112/><T15/><D111/><U97/><E124/><V27/><F115/><W126/><G129/><T104/><D104/><U117/><E117/><V74/><F7/><W29/><G29/><N who="0" m="19631" /><D60/><N who="1" m="40199" /><E48/><V125/><F125/><N who="3" m="47627" /><G6/><T31/><D31/><U1/><E87/><V71/><F71/><W86/><G96/><T57/><D69/><U93/><E93/><V114/><F114/><W81/><G0/><T75/><D75/><U53/><E53/><V89/><F55/><W78/><G78/><T56/><D56/><U39/><E83/><V116/><F76/><W106/><G106/><T43/><D43/><U42/><E1/><V135/><F77/><W84/><G86/><T11/><D95/><U91/><E42/><V122/><F122/><W47/><G47/><T21/><D85/><U4/><E4/><V46/><F72/><W44/><G44/><T14/><D21/><N who="1" m="11407" /><E91/><V24/><F89/><W5/><G5/><T45/><D57/><U113/><E39/><V61/><F74/><W54/><G54/><T130/><D130/><U100/><E113/><V65/><F94/><W66/><G66/><T3/><D3/><U67/><E67/><V133/><F65/><W41/><G41/><T12/><D8/><U49/><E49/><V20/><F46/><W90/><G90/><T36/><D36/><U59/><E59/><V2/><F2/><W82/><G82/><T17/><D11/><U10/><E10/><RYUUKYOKU ba="0,0" sc="250,10,250,10,250,-30,250,10" hai0="9,12,14,15,17,45,51,52,132,134" hai1="30,32,97,98,99,100,105" hai3="18,22,81,84,88,101,102,108,109,110" /><INIT seed="0,1,0,0,2,18" ten="260,260,220,260" oya="0" hai0="125,25,49,76,41,75,31,67,39,88,26,99,14" hai1="19,22,128,35,74,98,109,118,29,51,107,59,58" hai2="116,115,84,85,37,121,65,32,30,5,82,6,96" hai3="66,92,123,87,120,34,54,127,105,16,57,13,0"/><T52/><D125/><U119/><E74/><V90/><F121/><N who="3" m="46667" /><G105/><T55/><D75/><U10/><E109/><V108/><F115/><W56/><G127/><T130/><D130/><U33/><E128/><V63/><F37/><W8/><G0/><T23/><D76/><U126/><E126/><V134/><F108/><W110/><G110/><T20/><D39/><U1/><E98/><V53/><F134/><W3/><G34/><T60/><D14/><N who="1" m="9591" /><E107/><V70/><F116/><W40/><G40/><T47/><D99/><U124/><E33/><V111/><F111/><W36/><G36/><T95/><D95/><U73/><E73/><V79/><F53/><W28/><G28/><N who="0" m="17447" /><D88/><U7/><E124/><V133/><F133/><W113/><G113/><T132/><D132/><U78/><E78/><V94/><F30/><W45/><G3/><T4/><D4/><U42/><E119/><V80/><REACH who="2" step="1"/><F32/><REACH who="2" ten="260,260,210,260" step="2"/><W43/><G43/><T106/><D106/><U72/><E118/><V62/><F62/><W71/><G54/><N who="0" m="20523" /><D60/><U135/><E135/><V17/><F17/><W15/><G16/><T81/><D67/><U77/><E42/><V103/><AGARI ba="1,1" hai="5,6,63,65,70,79,80,82,84,85,90,94,96,103" machi="103" ten="20,8000,1" yaku="1,1,0,1,7,1,53,2" doraHai="18" doraHaiUra="83" who="2" fromWho="2" sc="260,-41,260,-21,210,93,260,-21" /><INIT seed="1,0,0,5,4,73" ten="219,239,303,239" oya="1" hai0="72,3,38,89,90,125,54,81,95,43,59,113,76" hai1="45,9,77,58,26,107,118,115,63,7,100,121,128" hai2="119,112,40,27,69,96,98,129,65,41,94,79,53" hai3="22,12,122,66,33,49,17,130,6,48,21,75,44"/><U23/><E121/><V25/><F119/><W60/><G122/><T2/><D113/><U109/><E118/><V102/><F112/><W56/><G130/><T52/><D125/><U1/><E115/><V111/><F111/><W127/><G127/><T93/><D43/><U36/><E128/><V0/><F0/><W24/><G33/><T5/><D38/><U20/><E109/><V64/><F129/><W84/><G75/><T83/><D5/><U80/><E100/><V13/><F69/><W51/><G84/><T37/><D37/><U39/><E107/><V55/><F13/><W50/><G50/><T85/><D83/><U97/><E97/><V19/><F19/><W32/><G32/><T70/><D70/><U135/><E135/><V105/><F79/><W16/><REACH who="3" step="1"/><G6/><REACH who="3" ten="219,239,303,229" step="2"/><T134/><D134/><U8/><E36/><V99/><F105/><W103/><G103/><T108/><D108/><U47/><E39/><V86/><F86/><W31/><G31/><T71/><D71/><U34/><E34/><V18/><F102/><W61/><G61/><T114/><D114/><U14/><E63/><V57/><F98/><W123/><G123/><T30/><D30/><U46/><E7/><V117/><F117/><W133/><G133/><T132/><D132/><U74/><E74/><V87/><F87/><W62/><G62/><N who="0" m="36199" /><D54/><AGARI ba="0,1" hai="12,16,17,21,22,24,44,48,49,51,54,56,60,66" machi="54" ten="30,7700,0" yaku="1,1,7,1,8,1,54,1,53,0" doraHai="73" doraHaiUra="92" who="3" fromWho="0" sc="219,-77,239,0,303,0,229,87" /><INIT seed="2,0,0,4,2,60" ten="142,239,303,316" oya="2" hai0="111,18,48,53,34,31,55,71,72,29,59,6,83" hai1="82,97,7,123,75,61,95,24,4,22,81,110,104" hai2="27,69,5,113,49,50,15,33,35,86,11,8,79" hai3="93,92,135,133,134,40,122,96,14,84,78,20,47"/><V98/><F113/><W128/><G122/><T2/><D111/><U3/><E110/><V109/><F69/><W17/><G128/><T25/><D71/><U76/><E123/><V56/><F109/><W102/><G78/><T19/><D31/><U87/><E3/><V68/><F68/><W74/><G74/><T45/><D6/><U41/><E41/><V114/><F114/><W80/><G80/><T77/><REACH who="0" step="1"/><D2/><REACH who="0" ten="132,239,303,316" step="2"/><U52/><E4/><V30/><F30/><W120/><G120/><T121/><D121/><U115/><E7/><V43/><F5/><W90/><G133/><T39/><D39/><U0/><E0/><V108/><F108/><W99/><G134/><T119/><D119/><U130/><E115/><V38/><F38/><W44/><G135/><T54/><D54/><U46/><E130/><V66/><F33/><W51/><G40/><T125/><D125/><U42/><E42/><V103/><F35/><W13/><G13/><T89/><D89/><U127/><E127/><V117/><F15/><W118/><G118/><T58/><D58/><U10/><E24/><V105/><F27/><W70/><G70/><T116/><D116/><U85/><E76/><V1/><F1/><W91/><G47/><T57/><D57/><U101/><E46/><V126/><F126/><W16/><G44/><T37/><D37/><U132/><E132/><V73/><F117/><W88/><G91/><T112/><D112/><U100/><E52/><V94/><F56/><W131/><G131/><T28/><D28/><U9/><E101/><V64/><F43/><W107/><G17/><RYUUKYOKU ba="0,1" sc="132,15,239,-15,303,-15,316,15" hai0="18,19,25,29,34,45,48,53,55,59,72,77,83" hai3="14,16,20,51,84,88,90,92,93,96,99,102,107" /><INIT seed="3,1,1,5,4,53" ten="147,224,288,331" oya="3" hai0="119,31,43,124,62,103,110,69,58,114,33,61,60" hai1="56,30,112,102,16,88,41,89,44,42,85,63,92" hai2="67,11,0,129,3,80,29,78,14,118,117,19,100" hai3="55,12,90,35,81,127,10,40,105,22,27,13,115"/><W99/><G35/><T32/><D119/><U59/><E112/><V134/><F100/><W111/><G115/><T7/><D114/><U20/><E30/><V47/><F134/><W76/><G127/><T120/><D120/><U107/><E107/><V93/><F93/><W86/><G111/><T9/><D69/><U38/><E102/><V17/><F129/><W64/><G40/><N who="1" m="15466" /><E38/><V77/><F47/><W108/><G64/><T128/><D110/><U109/><E109/><V48/><F48/><W87/><G108/><T71/><D71/><U39/><E39/><V52/><F67/><W5/><G99/><T54/><D124/><U15/><E63/><V94/><F94/><W45/><G105/><T65/><D128/><U97/><E44/><V82/><F29/><W84/><G13/><T26/><D33/><U37/><E37/><V25/><F14/><W46/><G46/><T123/><D123/><U74/><E74/><V131/><F131/><W75/><G75/><T49/><D103/><U83/><AGARI ba="1,1" hai="15,16,20,56,59,83,85,88,89,92,97" m="15466" machi="83" ten="30,8000,1" yaku="8,1,52,2,54,2" doraHai="53" who="1" fromWho="1" sc="147,-21,224,93,288,-21,331,-41" owari="126,-37.4,317,41.7,267,-13.3,290,9.0" /></mjloggm>