<mjloggm ver="2.3"><GO type="225" lobby="0"/><UN n0="%E3%81%82%E3%81%99%E3%81%AB%E3%82%83%E3%82%80" n1="%E3%81%B5%E3%81%98%E3%81%8B%E3%81%A4" n2="%E3%82%BF%E3%83%BC%E3%83%90%E3%83%B3%E9%87%8E%E5%8F%A3" n3="%E3%81%8B%E3%82%8F%E3%81%A1%E3%82%83%E3%82%93%35%38" dan="16,16,16,16" rate="2103.52,2169.45,2098.66,2149.62" sx="F,M,M,M"/><TAIKYOKU oya="0"/><INIT seed="0,0,0,4,4,45" ten="250,250,250,250" oya="0" hai0="55,111,27,92,14,123,19,119,25,83,128,95,88" hai1="43,109,67,107,79,4,41,87,116,46,130,38,22" hai2="20,105,90,89,75,34,104,64,32,96,78,36,26" hai3="108,122,66,72,112,49,57,1,85,133,3,127,16"/><T73/><D119/><U115/><E116/><V21/><F36/><W63/><G72/><T31/><D123/><U33/><E107/><V51/><F64/><W132/><G112/><T24/><D128/><U40/><E115/><V39/><F39/><W29/><G29/><T99/><D111/><U68/><E33/><V17/><F75/><W12/><G108/><T71/><D71/><U131/><E109/><V60/><F78/><W11/><G122/><T125/><D125/><U86/><E4/><V134/><F60/><W23/><G127/><T82/><D31/><U114/><E22/><V100/><F134/><N who="3" m="51819" /><G85/><N who="1" m="32266" /><E79/><V56/><F105/><W74/><G74/><T7/><D95/><U13/><E13/><V62/><F32/><W91/><G91/><T113/><D113/><U61/><E114/><V8/><F34/><W102/><G102/><T65/><D73/><U81/><E81/><N who="0" m="30729" /><D65/><U47/><E47/><V120/><F120/><W76/><G76/><T52/><D7/><U18/><E18/><V2/><F17/><N who="3" m="8351" /><G49/><T118/><D118/><U97/><E97/><V69/><F51/><W129/><G129/><AGARI ba="0,0" hai="38,40,41,43,46,61,67,68,129,130,131" m="32266" machi="129" ten="30,1000,0" yaku="19,1" doraHai="45" who="1" fromWho="3" sc="250,0,250,10,250,0,250,-10" /><INIT seed="1,0,0,2,2,27" ten="250,260,250,240" oya="1" hai0="98,50,17,2,132,73,10,41,117,12,62,48,129" hai1="24,99,124,54,39,69,121,95,37,92,0,13,112" hai2="102,34,19,74,116,15,40,87,72,78,106,125,64" hai3="90,100,94,20,80,53,119,89,115,83,22,134,113"/><U88/><E112/><V23/><F116/><W26/><G119/><T25/><D117/><U79/><E121/><V59/><F40/><W16/><G134/><T75/><D132/><U66/><E0/><V43/><F43/><W11/><G11/><T123/><D129/><U77/><E124/><V97/><F34/><W44/><G100/><T6/><D123/><U103/><E13/><V55/><F64/><W130/><G130/><T61/><D98/><U67/><E54/><V57/><F125/><W86/><G115/><T38/><D38/><U71/><E24/><V3/><F3/><W85/><G113/><T4/><D25/><U68/><E37/><V63/><REACH who="2" step="1"/><F57/><REACH who="2" ten="250,260,240,240" step="2"/><W109/><G109/><T56/><D2/><U93/><E39/><V131/><F131/><W84/><G22/><T81/><D56/><U46/><E66/><V122/><F122/><W104/><G104/><T111/><D41/><U82/><E67/><V133/><F133/><W76/><REACH who="3" step="1"/><G53/><REACH who="3" ten="250,260,240,230" step="2"/><T135/><D135/><U47/><E71/><V28/><F28/><W8/><G8/><T29/><D29/><U120/><E69/><V96/><F96/><W127/><G127/><T45/><D10/><U42/><E68/><V35/><F35/><W49/><G49/><T110/><D50/><N who="1" m="26967" /><E120/><V65/><F65/><W91/><G91/><T128/><D48/><U126/><E126/><V18/><F18/><W30/><G30/><T101/><D128/><U31/><E31/><V33/><F33/><W52/><G52/><T32/><D32/><U70/><E88/><V118/><F118/><W58/><G58/><RYUUKYOKU ba="0,2" sc="250,-15,260,-15,240,15,230,15" hai2="15,19,23,55,59,63,72,74,78,87,97,102,106" hai3="16,20,26,44,76,80,83,84,85,86,89,90,94" /><INIT seed="2,1,2,4,0,11" ten="235,245,255,245" oya="2" hai0="43,99,97,29,70,6,39,101,111,53,2,84,104" hai1="132,16,127,108,98,107,130,28,86,96,131,135,69" hai2="90,83,71,128,122,117,79,134,87,13,27,66,100" hai3="112,30,0,119,76,91,89,46,82,40,75,8,44"/><V36/><F122/><W5/><G119/><T42/><D111/><U23/><E69/><V65/><F117/><W21/><G112/><T51/><D70/><U94/><E108/><V38/><F128/><N who="1" m="49193" /><E28/><V32/><F134/><N who="1" m="51241" /><E86/><V59/><F71/><W17/><G30/><T64/><D64/><U115/><E115/><V120/><F100/><W133/><G46/><T61/><D29/><U72/><E72/><V78/><F120/><W26/><REACH who="3" step="1"/><G133/><REACH who="3" ten="235,245,255,235" step="2"/><T45/><D45/><U49/><E127/><V95/><F32/><W60/><G60/><T55/><D61/><U123/><E123/><V116/><F116/><W113/><G113/><T14/><D39/><AGARI ba="1,3" hai="0,5,8,17,21,26,39,40,44,75,76,82,89,91" machi="39" ten="30,7700,0" yaku="1,1,7,1,25,2,53,0" doraHai="11" doraHaiUra="121" who="3" fromWho="0" sc="235,-80,245,0,255,0,235,110" /><INIT seed="3,0,0,1,5,76" ten="155,245,255,345" oya="3" hai0="116,134,7,99,126,110,17,46,68,32,66,1,10" hai1="79,40,26,65,118,94,27,0,9,15,55,92,71" hai2="67,57,30,74,97,132,18,91,100,106,3,49,122" hai3="96,21,54,109,127,105,95,125,82,47,83,34,101"/><W14/><G34/><T45/><D110/><U84/><E0/><V43/><F3/><W63/><G105/><T62/><D116/><U35/><E118/><V29/><F74/><W58/><G109/><T60/><D134/><U93/><E35/><V135/><F91/><W89/><G101/><T130/><D130/><U5/><E71/><V108/><F122/><W114/><G114/><T53/><D126/><N who="3" m="48137" /><G47/><T42/><D32/><U59/><E65/><V37/><F18/><AGARI ba="0,0" hai="14,18,21,54,58,63,82,83,89,95,96" m="48137" machi="18" ten="30,5800,0" yaku="18,1,52,2" doraHai="76" who="3" fromWho="2" sc="155,0,245,0,255,-58,345,58" owari="155,-34.5,245,4.5,197,-20.3,403,50.3" /></mjloggm>