<mjloggm ver="2.3"><GO type="225" lobby="0"/><UN n0="%EF%BC%B3%E3%81%9E%E3%81%88%E2%98%86" n1="%E4%BA%95%E5%B8%AF" n2="%E4%BF%BA%E3%81%A8%E5%A6%96%E5%A4%A2" n3="%E3%81%B5%E3%81%98%E3%81%8B%E3%81%A4" dan="16,16,17,17" rate="2095.69,2050.23,2187.58,2214.87" sx="M,M,F,M"/><TAIKYOKU oya="0"/><INIT seed="0,0,0,0,0,17" ten="250,250,250,250" oya="0" hai0="61,22,4,132,79,43,98,48,117,85,68,107,42" hai1="97,5,69,39,41,101,83,37,45,63,109,44,19" hai2="62,10,46,27,67,2,24,40,9,6,73,3,64" hai3="49,133,120,15,122,115,34,121,111,51,0,8,105"/><T81/><D117/><U113/><E109/><V118/><F73/><W128/><G105/><T76/><D132/><U26/><E113/><V23/><F118/><W30/><G111/><T78/><D4/><U96/><E5/><V134/><F134/><W29/><G115/><T16/><D68/><U124/><E124/><V110/><F110/><W87/><G133/><T80/><D61/><U92/><E83/><N who="0" m="31817" /><D107/><U82/><E82/><V50/><F9/><W112/><G112/><T94/><D85/><U135/><E135/><V33/><F33/><W59/><G128/><T35/><D48/><N who="3" m="18505" /><G34/><T25/><D35/><U93/><E63/><V125/><F27/><W84/><G59/><T31/><D31/><N who="3" m="11785" /><G0/><T38/><D38/><U72/><E69/><V53/><F125/><W106/><G106/><T71/><D71/><U58/><E72/><V13/><F40/><W20/><G20/><T55/><D55/><U90/><E58/><V7/><F7/><AGARI ba="0,0" hai="7,8,15,84,87,120,121,122" m="11785,18505" machi="7" ten="40,1300,0" yaku="13,1" doraHai="17" who="3" fromWho="2" sc="250,0,250,0,250,-13,250,13" /><INIT seed="1,0,0,3,5,47" ten="250,250,237,263" oya="1" hai0="24,125,7,21,123,34,1,4,65,9,46,128,29" hai1="129,85,80,92,131,54,13,89,67,84,114,108,63" hai2="79,28,35,116,17,82,70,55,14,71,60,121,31" hai3="124,64,49,96,105,38,50,48,87,8,110,57,104"/><U37/><E114/><V53/><F116/><W109/><G38/><T103/><D128/><N who="1" m="49227" /><E37/><V33/><F121/><W62/><G124/><T132/><D125/><U39/><E39/><V27/><F31/><W11/><G87/><T68/><D132/><U19/><E54/><V97/><F35/><W6/><G96/><T18/><D123/><U16/><E13/><V52/><F97/><W74/><G74/><T5/><D103/><U81/><E108/><N who="3" m="41578" /><G8/><T66/><D46/><U36/><E36/><V120/><F60/><W45/><G45/><T90/><D90/><N who="1" m="53319" /><E81/><V106/><F106/><W12/><AGARI ba="0,0" hai="6,11,12,48,49,50,57,62,64,104,105" m="41578" machi="12" ten="30,7900,0" yaku="14,1,52,3" doraHai="47" who="3" fromWho="3" sc="250,-20,250,-39,237,-20,263,79" /><INIT seed="2,0,0,0,1,5" ten="230,211,217,342" oya="2" hai0="11,14,127,112,1,33,43,121,89,102,124,72,34" hai1="85,111,97,109,23,70,24,44,98,100,20,126,67" hai2="128,77,10,91,39,71,105,129,37,65,64,12,40" hai3="31,53,131,113,55,132,42,116,56,81,4,60,106"/><V45/><F105/><W57/><G116/><T13/><D112/><U95/><E126/><N who="0" m="48169" /><D72/><U94/><E85/><V16/><F77/><W73/><G81/><T117/><D117/><U134/><E134/><V87/><F39/><W17/><G53/><T69/><D69/><U118/><E118/><V9/><F9/><W75/><G56/><T52/><D102/><U82/><E82/><V107/><F107/><W92/><G92/><T19/><D43/><U15/><E44/><V32/><F32/><W47/><G4/><N who="0" m="1423" /><D89/><U41/><E41/><V38/><F38/><W62/><G106/><T96/><D96/><U119/><E119/><V28/><F28/><W90/><G90/><T103/><D103/><N who="1" m="60855" /><E70/><V88/><F91/><W125/><G60/><T25/><D52/><U93/><E67/><V21/><F21/><W61/><G61/><T27/><D121/><U135/><E135/><V58/><F58/><W22/><G22/><N who="0" m="11631" /><D14/><U86/><E86/><V7/><F71/><W26/><G113/><T120/><D120/><U18/><E98/><V101/><F101/><W83/><G132/><T48/><D48/><U74/><E100/><V30/><F64/><W104/><G75/><T133/><D133/><U68/><E74/><V50/><F65/><W29/><G73/><T99/><D99/><U130/><E68/><V2/><F37/><W54/><G57/><T110/><D110/><N who="1" m="41995" /><E95/><N who="2" m="54687" /><F2/><W6/><G104/><T8/><D8/><U63/><E93/><V46/><F46/><W115/><G47/><T79/><D79/><U80/><E80/><V123/><F123/><W35/><G125/><RYUUKYOKU ba="0,0" sc="230,30,211,-10,217,-10,342,-10" hai0="25,27,33,34" /><INIT seed="3,1,0,0,1,97" ten="260,201,207,332" oya="3" hai0="98,22,82,26,127,9,14,41,7,75,66,43,99" hai1="131,44,54,94,126,64,20,74,49,101,33,110,103" hai2="1,16,3,112,105,21,115,4,116,134,57,0,122" hai3="129,76,23,81,132,29,48,39,8,24,65,96,59"/><W121/><G121/><T19/><D127/><U38/><E33/><V84/><F105/><W27/><G132/><T92/><D66/><U32/><E32/><V5/><F134/><W69/><G39/><T40/><D99/><U50/><E126/><V15/><F122/><W104/><G129/><T25/><D75/><U42/><E131/><V118/><F57/><W125/><G8/><T28/><D82/><U128/><E128/><V53/><F53/><W45/><G27/><T30/><REACH who="0" step="1"/><D26/><REACH who="0" ten="250,201,207,332" step="2"/><U63/><E74/><V6/><F84/><N who="3" m="48167" /><G24/><T89/><AGARI ba="1,1" hai="7,9,14,19,22,25,28,30,40,41,43,89,92,98" machi="89" ten="30,4000,0" yaku="1,1,0,1,8,1,53,0" doraHai="97" doraHaiUra="62" who="0" fromWho="0" sc="250,53,201,-11,207,-11,332,-21" owari="303,10.3,190,-31.0,196,-20.4,311,41.1" /></mjloggm>