<mjloggm ver="2.3"><GO type="225" lobby="0"/><UN n0="%28%EF%BF%A3%E2%96%BD%EF%BF%A3%29%CE%B4%E2%8C%92%E3%83%BB" n1="%E9%B4%A8%4E%45%47%49" n2="%72%69%6F%75%63%68%61%6E" n3="%E7%B4%94%E6%BD%94%E3%83%94%E3%83%A9%E3%83%8B%E3%82%A2" dan="17,16,16,17" rate="2269.62,2118.10,2206.19,2180.71" sx="M,M,M,M"/><TAIKYOKU oya="0"/><INIT seed="0,0,0,4,4,59" ten="250,250,250,250" oya="0" hai0="126,68,105,119,60,18,13,130,8,78,120,89,52" hai1="37,33,6,111,132,76,106,10,77,64,75,134,104" hai2="110,61,21,31,9,42,38,129,22,65,71,34,35" hai3="28,121,127,99,20,90,74,133,101,107,85,91,113"/><T27/><D105/><N who="1" m="40555" /><E37/><V58/><F110/><W94/><G121/><T72/><D120/><U109/><E64/><V87/><F129/><W79/><G28/><T4/><D130/><U82/><E33/><V86/><F9/><W5/><G20/><N who="0" m="13719" /><D68/><U115/><E115/><V51/><F34/><W57/><G5/><T124/><D119/><U36/><E36/><V102/><F102/><W135/><G57/><N who="0" m="34855" /><D89/><U123/><E123/><V26/><F21/><W47/><G47/><T39/><D39/><U44/><E44/><N who="2" m="23639" /><F35/><W1/><G1/><T118/><D118/><U55/><E55/><AGARI ba="0,0" hai="22,26,31,51,55,58,61,65,71,86,87" m="23639" machi="55" ten="30,2000,0" yaku="24,1,52,1" doraHai="59" who="2" fromWho="1" sc="250,0,250,-20,250,20,250,0" /><INIT seed="1,0,0,2,2,91" ten="250,230,270,250" oya="1" hai0="92,61,116,89,59,66,100,29,25,126,113,47,132" hai1="122,23,49,36,54,58,31,117,46,120,9,38,87" hai2="24,75,105,103,127,121,57,107,11,114,124,0,109" hai3="77,2,17,44,84,83,12,48,33,37,95,93,18"/><U74/><E74/><V115/><F121/><W30/><G2/><T21/><D113/><N who="2" m="43018" /><F109/><W55/><G37/><T53/><D116/><U111/><E117/><V112/><N who="2" m="43026" /><V119/><DORA hai="51" /><F119/><W90/><G33/><T108/><D108/><U63/><E111/><V110/><F75/><W20/><G30/><T4/><D132/><U39/><E9/><V69/><F69/><W67/><G67/><T118/><D126/><N who="2" m="48170" /><F103/><W101/><G101/><T42/><D118/><U78/><E23/><V1/><F110/><W123/><G123/><N who="1" m="47146" /><E31/><V85/><F24/><N who="3" m="14351" /><G77/><T125/><D125/><U106/><E106/><N who="2" m="40459" /><F11/><AGARI ba="0,0" hai="11,12,18,44,48,55,83,84,90,93,95" m="14351" machi="11" ten="30,8000,1" yaku="25,1,8,1,52,3" doraHai="91,51" who="3" fromWho="2" sc="250,0,230,0,270,-80,250,80" /><INIT seed="2,0,0,2,5,88" ten="250,230,190,330" oya="2" hai0="42,22,16,65,110,112,98,124,32,123,38,58,93" hai1="75,11,84,129,35,9,45,61,25,4,117,49,44" hai2="46,104,85,79,48,67,89,128,90,122,33,27,60" hai3="125,14,56,23,71,50,133,26,130,17,43,97,120"/><V78/><F122/><W15/><G71/><T121/><D32/><U63/><E75/><V134/><F104/><W18/><G120/><T126/><D112/><U86/><E117/><V83/><F128/><W96/><G130/><T87/><D110/><U34/><E129/><V53/><F134/><W94/><G125/><N who="0" m="48235" /><D87/><U132/><E132/><V118/><F118/><W36/><G36/><T113/><D113/><U8/><E25/><V51/><F90/><N who="3" m="55383" /><G97/><T0/><D0/><U69/><E69/><V19/><F48/><W28/><G133/><T102/><D42/><U119/><E119/><V52/><F53/><N who="3" m="31799" /><G43/><T24/><D38/><U3/><E49/><V135/><F135/><W131/><G131/><T72/><D72/><U13/><E4/><V7/><F7/><W31/><G15/><T82/><D82/><U29/><E13/><V127/><F127/><W2/><G2/><T74/><D74/><U103/><E3/><V5/><F5/><W116/><G116/><T47/><D47/><U99/><E34/><V6/><F6/><W40/><G40/><T66/><D66/><U57/><E35/><V73/><F73/><W92/><G92/><T54/><D65/><U91/><E99/><V109/><F109/><W21/><AGARI ba="0,0" hai="14,17,18,21,23,26,28,31" m="31799,55383" machi="21" ten="30,2000,0" yaku="8,1,52,1" doraHai="88" who="3" fromWho="3" sc="250,-5,230,-5,190,-10,330,20" /><INIT seed="3,0,0,5,2,99" ten="245,225,180,350" oya="3" hai0="43,135,19,133,124,103,26,112,30,12,121,71,21" hai1="134,51,113,83,125,34,96,25,3,95,46,48,18" hai2="10,8,5,101,122,61,62,120,85,9,73,126,53" hai3="128,114,70,117,68,132,81,100,63,106,41,20,105"/><W52/><G114/><T110/><D71/><U38/><E113/><V91/><F73/><W47/><G20/><T82/><D121/><N who="2" m="46698" /><F5/><W1/><G1/><T87/><D110/><U50/><E3/><V59/><F62/><W44/><G81/><T15/><D43/><U129/><E129/><V98/><F126/><W127/><G63/><T84/><D124/><U39/><E125/><V23/><F23/><W111/><G44/><T80/><D21/><U65/><E34/><V40/><F40/><W33/><G106/><T130/><D130/><U29/><E46/><V2/><F2/><W77/><G105/><T45/><D45/><U93/><E39/><V67/><F53/><W7/><G52/><T69/><D112/><U6/><E38/><V123/><N who="2" m="46706" /><V17/><DORA hai="28" /><F17/><W86/><G47/><T76/><D19/><U78/><E18/><V16/><F16/><W102/><G7/><T97/><D15/><U75/><E6/><V14/><F14/><W119/><G70/><T116/><D69/><U54/><E54/><V60/><F61/><W32/><G41/><T118/><D12/><U42/><E42/><V58/><F58/><W11/><G68/><T74/><D74/><U22/><E75/><V94/><F85/><W66/><G86/><T131/><D87/><U109/><E22/><V115/><F115/><W55/><G55/><T4/><D84/><U31/><E109/><V57/><F59/><W0/><G0/><T88/><D4/><U27/><E29/><V49/><F49/><W92/><G127/><T64/><D30/><U56/><E31/><RYUUKYOKU ba="0,0" sc="245,-10,225,-10,180,30,350,-10" hai2="8,9,10,57,60,67,91,94,98,101" owari="235,3.5,215,-18.5,210,-29.0,340,44.0" /></mjloggm>