<mjloggm ver="2.3"><GO type="225" lobby="0"/><UN n0="%E6%B0%B7%E5%B7%9D%E9%87%8C%E5%A5%88" n1="%E5%8F%AF%E5%85%90%E9%82%A3%E7%94%B1%E5%A4%9A" n2="%72%69%6F%75%63%68%61%6E" n3="%E8%BE%9B%E5%8F%A3%E3%82%AB%E3%83%AC%E3%83%BC%E3%83%A9%E3%82%A4%E3%82%B9" dan="16,16,17,16" rate="2113.11,2226.45,2236.80,2216.06" sx="F,F,M,M"/><TAIKYOKU oya="0"/><INIT seed="0,0,0,0,4,18" ten="250,250,250,250" oya="0" hai0="32,17,35,13,105,37,116,27,114,10,98,89,55" hai1="4,1,23,80,66,115,47,92,63,93,62,28,25" hai2="67,15,44,101,73,133,107,95,130,87,127,40,22" hai3="65,135,7,49,11,57,26,19,99,8,88,53,109"/><T70/><D114/><U100/><E115/><V46/><F127/><W85/><G109/><T20/><D116/><U123/><E123/><V36/><F133/><W124/><G124/><T129/><D129/><U14/><E1/><V68/><F130/><W39/><G39/><T90/><D37/><U51/><E80/><V121/><F121/><W3/><G135/><T74/><D70/><U50/><E50/><V41/><F73/><W2/><G65/><T119/><D74/><U16/><E4/><V45/><F107/><W29/><G99/><T84/><D119/><U113/><E113/><V96/><F87/><W128/><G128/><T33/><D55/><U82/><E82/><V54/><F54/><W104/><G104/><T79/><D79/><U108/><E108/><V21/><F15/><W48/><G48/><T111/><D84/><U6/><E6/><V59/><F68/><W91/><G85/><T118/><D118/><U56/><E100/><V9/><F9/><W34/><REACH who="3" step="1"/><G2/><REACH who="3" ten="250,250,250,240" step="2"/><T60/><D111/><U122/><E122/><V97/><F97/><W69/><G69/><T86/><D86/><U83/><E63/><N who="2" m="38399" /><F36/><W43/><G43/><AGARI ba="0,1" hai="21,22,40,41,43,44,45,46,95,96,101" m="38399" machi="43" ten="30,3900,0" yaku="8,1,52,2" doraHai="18" who="2" fromWho="3" sc="250,0,250,0,250,49,240,-39" /><INIT seed="1,0,0,2,3,92" ten="250,250,299,201" oya="1" hai0="63,16,60,106,114,91,118,122,111,126,7,41,113" hai1="83,96,48,76,88,100,20,58,0,68,52,23,62" hai2="4,121,17,132,125,105,82,71,56,43,99,97,13" hai3="33,32,29,51,94,89,112,109,65,69,84,107,39"/><U3/><E3/><V11/><F71/><W55/><G112/><T38/><D7/><U101/><E0/><V104/><F121/><W103/><G109/><T40/><D118/><U46/><E68/><V44/><F125/><W117/><G117/><T129/><D106/><U30/><E76/><V47/><F132/><W78/><G39/><T81/><D111/><U127/><E127/><V80/><F105/><W28/><G78/><T12/><D126/><U95/><E83/><N who="2" m="31787" /><F104/><W25/><G65/><T124/><D124/><U31/><E23/><V110/><F110/><W1/><G1/><T93/><D81/><U102/><E20/><V18/><F56/><W86/><G69/><T45/><D40/><AGARI ba="0,0" hai="30,31,40,46,48,52,58,62,88,95,96,100,101,102" machi="40" ten="40,12000,1" yaku="8,1,52,1,54,2" doraHai="92" who="1" fromWho="0" sc="250,-120,250,120,299,0,201,0" /><INIT seed="1,1,0,4,2,114" ten="130,370,299,201" oya="1" hai0="14,61,54,26,7,63,72,126,106,20,27,13,112" hai1="41,98,16,38,80,30,132,96,66,18,24,5,93" hai2="95,110,1,69,101,64,43,53,42,67,79,127,130" hai3="81,0,36,91,73,85,107,60,19,103,3,134,74"/><U55/><E132/><V115/><F1/><W75/><G36/><T17/><D112/><U25/><E66/><V133/><F115/><W35/><G35/><T12/><D126/><U83/><E5/><V104/><F104/><W23/><G134/><T33/><D106/><U88/><E38/><V131/><F133/><W84/><G60/><T105/><D105/><U40/><E55/><V129/><F79/><W102/><G84/><T125/><D72/><U128/><E128/><V22/><F22/><W57/><G57/><T52/><D125/><U62/><E62/><N who="2" m="40087" /><F127/><W58/><G58/><T99/><D99/><U10/><E30/><V119/><F101/><W48/><G48/><T8/><D33/><U6/><E6/><V45/><F95/><W68/><G68/><T37/><D37/><U2/><E2/><V71/><F119/><W109/><G109/><T118/><D118/><U111/><E111/><V29/><F29/><W76/><G102/><T121/><D121/><U44/><E10/><V92/><F92/><W51/><G51/><T77/><D77/><U82/><E98/><V122/><F122/><W9/><G9/><T123/><D123/><U108/><E108/><V28/><F28/><W89/><G103/><T116/><D116/><U39/><REACH who="1" step="1"/><E41/><REACH who="1" ten="130,360,299,201" step="2"/><N who="2" m="15371" /><F110/><W46/><G0/><N who="0" m="103" /><D63/><U50/><E50/><N who="2" m="28879" /><F67/><W135/><G3/><T65/><D65/><U32/><E32/><V59/><F71/><W97/><G135/><T124/><D124/><U15/><E15/><N who="0" m="5705" /><D54/><U21/><E21/><V94/><F59/><W120/><G120/><T4/><D4/><U56/><E56/><AGARI ba="1,1" hai="14,17,20,26,27,52,56,61" m="5705,103" machi="56" ten="30,2000,0" yaku="6,1,54,1" doraHai="114" who="0" fromWho="1" sc="130,33,360,-23,299,0,201,0" /><INIT seed="2,0,0,2,1,34" ten="163,337,299,201" oya="2" hai0="43,72,123,127,121,101,48,83,10,0,117,39,37" hai1="28,41,8,56,51,18,122,102,71,49,2,55,1" hai2="50,73,105,130,3,54,90,27,124,36,81,20,46" hai3="95,75,79,52,133,103,9,64,80,21,15,96,100"/><V16/><F124/><W22/><G133/><T93/><D127/><U99/><E71/><V76/><F130/><W116/><G116/><T135/><D135/><U78/><E28/><V129/><F129/><W126/><G126/><T4/><D117/><U86/><E122/><V97/><F36/><W69/><G103/><T35/><D35/><U68/><E68/><V42/><F3/><W24/><G69/><T38/><D48/><U44/><E18/><V25/><F90/><W113/><G113/><T60/><D60/><U104/><REACH who="1" step="1"/><E8/><REACH who="1" ten="163,327,299,201" step="2"/><V106/><F27/><W11/><G11/><T89/><D43/><U85/><E85/><V111/><F111/><W29/><G24/><T74/><D74/><U33/><E33/><V58/><REACH who="2" step="1"/><F97/><REACH who="2" ten="163,327,289,201" step="2"/><W17/><G29/><T98/><REACH who="0" step="1"/><D89/><REACH who="0" ten="153,327,289,201" step="2"/><U108/><E108/><V6/><F6/><W115/><G115/><T88/><D88/><U120/><E120/><V19/><F19/><W40/><G17/><T82/><D82/><AGARI ba="0,3" hai="1,2,41,44,49,51,55,56,78,82,86,99,102,104" machi="82" ten="40,5200,0" yaku="1,1,52,2,53,0" doraHai="34" doraHaiUra="67" who="1" fromWho="0" sc="153,-52,327,82,289,0,201,0" /><INIT seed="3,0,0,0,5,107" ten="101,409,289,201" oya="3" hai0="69,123,24,63,29,15,45,59,84,61,72,9,114" hai1="120,65,13,27,135,126,86,4,5,121,33,129,60" hai2="66,26,112,131,17,103,76,31,79,77,20,134,56" hai3="64,109,28,127,98,7,34,122,71,113,46,36,70"/><W35/><G113/><T88/><D72/><U128/><E126/><V11/><F112/><W78/><G122/><T80/><D114/><U10/><E135/><V50/><F134/><W42/><G127/><T74/><D123/><U37/><E37/><V32/><F131/><N who="1" m="50249" /><E5/><V106/><F11/><W101/><G109/><T48/><D69/><N who="1" m="42151" /><E86/><V117/><F117/><W92/><G78/><T55/><D59/><U111/><E111/><V81/><F106/><W51/><G7/><T91/><D91/><U49/><E49/><V19/><F103/><W94/><G64/><T25/><D74/><U93/><E93/><V44/><F81/><W39/><G39/><T18/><REACH who="0" step="1"/><D25/><REACH who="0" ten="91,409,289,201" step="2"/><U3/><E3/><V85/><F26/><N who="3" m="18711" /><G70/><T14/><D14/><U82/><E82/><V90/><F56/><W89/><G71/><T57/><D57/><U115/><E115/><V43/><F90/><W38/><G89/><T97/><D97/><U53/><E53/><V124/><F124/><W8/><G98/><T52/><D52/><U2/><E2/><V119/><F79/><W75/><G75/><T22/><AGARI ba="0,1" hai="9,15,18,22,24,29,45,48,55,61,63,80,84,88" machi="22" ten="20,12000,2" yaku="1,1,0,1,7,1,25,2,8,1,54,1,53,0" doraHai="107" doraHaiUra="95" who="0" fromWho="0" sc="91,130,409,-30,289,-30,201,-60" owari="221,-17.9,379,47.9,259,5.9,141,-35.9" /></mjloggm>