<mjloggm ver="2.3"><GO type="225" lobby="0"/><UN n0="%E6%9C%AA%E6%9D%A5%E5%B0%91%E5%B9%B4" n1="%47%32%E9%BE%8D%E9%96%80" n2="%E3%81%AF%E3%82%88%E3%81%8A%E3%81%98%E3%81%95%E3%82%93" n3="%E3%81%95%E3%81%8D%E3%81%9F%E3%81%BE%E6%9E%97%E6%AA%8E" dan="16,16,16,16" rate="2141.05,2085.88,2121.78,2081.41" sx="M,M,M,M"/><TAIKYOKU oya="0"/><INIT seed="0,0,0,0,0,122" ten="250,250,250,250" oya="0" hai0="42,62,55,51,61,33,83,96,54,132,67,52,27" hai1="119,98,18,53,74,9,65,31,93,127,79,88,39" hai2="133,50,8,118,21,114,120,84,126,34,45,95,116" hai3="76,40,2,99,59,124,135,0,47,17,37,105,115"/><T44/><D132/><U32/><E119/><N who="2" m="45611" /><F34/><W100/><G115/><T91/><D33/><U121/><E121/><V131/><F120/><W22/><G135/><T81/><D27/><U71/><E39/><V48/><F133/><W4/><G4/><T80/><REACH who="0" step="1"/><D67/><REACH who="0" ten="240,250,250,250" step="2"/><U7/><E32/><V63/><F114/><W60/><G124/><T82/><N who="0" m="20480" /><DORA hai="103" /><T38/><D38/><U20/><E65/><V5/><F126/><W104/><G76/><T43/><D43/><U128/><E79/><V68/><F131/><W89/><G89/><T19/><D19/><U113/><E18/><V102/><F5/><W26/><REACH who="3" step="1"/><G104/><REACH who="3" ten="240,250,250,240" step="2"/><T41/><D41/><U12/><E88/><V108/><F102/><W11/><G11/><T134/><D134/><U92/><E9/><V1/><F8/><W25/><G25/><T73/><D73/><U15/><E74/><V16/><F21/><W28/><G28/><T23/><D23/><U10/><E31/><V58/><F16/><W6/><G6/><T129/><D129/><U30/><E128/><V70/><F1/><W111/><G111/><T110/><D110/><U35/><E127/><V85/><F108/><W56/><G56/><T46/><D46/><U77/><E20/><V78/><F78/><W94/><G94/><AGARI ba="0,2" hai="42,44,51,52,54,55,61,62,91,94,96" m="20480" machi="94" ten="60,12000,1" yaku="1,1,8,1,54,1,53,1" doraHai="122,103" doraHaiUra="90,123" who="0" fromWho="3" sc="240,140,250,0,250,0,240,-120" /><INIT seed="0,1,0,3,4,69" ten="380,250,250,120" oya="0" hai0="100,25,18,117,131,48,135,134,66,53,39,96,127" hai1="94,126,22,113,132,86,3,47,114,98,121,28,85" hai2="129,101,95,115,125,70,112,58,71,42,57,79,99" hai3="19,38,37,56,52,60,49,119,30,75,106,123,13"/><T45/><D117/><U4/><E121/><V8/><F125/><W16/><G119/><T0/><D0/><U83/><E126/><V32/><F32/><W84/><G75/><T77/><D127/><U108/><E108/><V50/><F129/><W10/><G123/><T88/><D131/><U40/><E132/><N who="0" m="50729" /><D77/><U120/><E120/><V14/><F79/><W80/><G106/><T107/><D66/><U1/><E22/><V9/><F9/><W54/><G30/><T55/><D55/><U34/><E28/><V81/><F81/><W12/><G12/><T72/><D72/><U63/><E34/><V109/><F109/><W118/><G19/><T91/><D39/><U27/><E4/><V15/><F15/><W130/><G130/><T35/><D18/><U65/><E1/><V102/><F101/><W43/><G43/><T31/><AGARI ba="1,0" hai="25,31,35,45,48,53,88,91,96,100,107" m="50729" machi="31" ten="30,3000,0" yaku="20,1,54,1" doraHai="69" who="0" fromWho="0" sc="380,33,250,-11,250,-11,120,-11" /><INIT seed="0,2,0,3,5,62" ten="413,239,239,109" oya="0" hai0="97,19,124,105,61,107,46,1,50,40,83,100,31" hai1="90,8,74,21,9,7,75,84,58,128,70,24,109" hai2="27,93,38,22,68,94,3,48,6,80,101,13,130" hai3="64,95,111,54,122,23,17,99,127,44,102,51,60"/><T126/><D1/><U114/><E70/><V106/><F38/><W25/><G111/><T53/><D31/><U5/><E109/><V29/><F3/><W115/><G127/><N who="0" m="48683" /><D83/><U57/><E128/><V56/><F68/><W98/><G122/><T85/><D85/><U134/><E134/><V10/><F130/><W116/><G116/><T63/><D105/><U0/><E114/><V71/><F71/><W73/><G73/><T49/><D19/><U37/><E37/><V11/><F106/><W117/><G117/><T76/><D76/><U59/><E21/><V30/><F30/><W87/><G115/><T18/><D18/><U52/><E24/><V65/><F101/><W104/><G104/><T34/><D34/><U133/><E133/><V26/><F27/><W67/><G60/><T120/><D120/><U123/><E123/><V39/><F39/><W77/><G99/><T119/><D119/><U113/><E113/><V43/><F11/><W81/><AGARI ba="2,0" hai="17,23,25,44,51,54,64,67,77,81,87,95,98,102" machi="81" ten="30,7900,0" yaku="0,1,8,1,52,2" doraHai="62" who="3" fromWho="3" sc="413,-41,239,-22,239,-22,109,85" /><INIT seed="1,0,0,0,1,0" ten="372,217,217,194" oya="1" hai0="54,133,76,72,80,127,106,29,104,6,124,68,121" hai1="8,116,4,18,3,123,26,34,90,98,73,59,48" hai2="55,35,109,7,17,31,84,43,122,12,86,114,64" hai3="36,47,107,63,71,20,99,89,101,130,85,51,125"/><U95/><E116/><V82/><F122/><W79/><G130/><T117/><D68/><U58/><E123/><V126/><F109/><W19/><G125/><N who="0" m="48203" /><D121/><U53/><E73/><V41/><F126/><W132/><G132/><T42/><D117/><U135/><E135/><V112/><F64/><W45/><G36/><T69/><D133/><U1/><E1/><V44/><F31/><W39/><G39/><T66/><D42/><U93/><E93/><V78/><F35/><W128/><G128/><T131/><D131/><U110/><E110/><V115/><F86/><W88/><G47/><T61/><D29/><U22/><REACH who="1" step="1"/><E34/><REACH who="1" ten="372,207,217,194" step="2"/><V13/><F114/><W87/><G107/><T11/><D104/><U75/><E75/><V57/><F115/><W108/><G108/><T81/><D106/><U40/><E40/><V15/><F112/><W56/><G71/><T100/><D80/><U97/><E97/><V52/><F41/><N who="3" m="25007" /><G87/><T16/><D72/><U83/><E83/><V37/><F37/><W30/><G99/><T70/><D70/><U10/><E10/><N who="2" m="4191" /><F43/><W24/><G85/><T9/><D81/><U120/><E120/><V77/><F78/><W50/><G79/><T25/><D76/><U67/><E67/><V46/><F55/><N who="3" m="34207" /><G101/><T96/><D100/><U129/><E129/><V49/><F77/><W74/><G74/><T134/><D96/><U60/><E60/><V28/><F84/><W5/><G50/><T111/><D134/><U91/><E91/><V62/><F82/><W65/><G65/><T23/><D111/><U27/><E27/><V32/><F49/><RYUUKYOKU ba="0,1" sc="372,-10,207,30,217,-10,194,-10" hai1="3,4,8,18,22,26,48,53,58,59,90,95,98" /><INIT seed="1,1,1,4,2,96" ten="362,237,207,184" oya="1" hai0="97,63,40,20,61,10,9,134,7,39,80,102,100" hai1="94,78,43,114,101,87,128,16,72,110,35,64,29" hai2="17,122,22,41,93,12,47,108,69,75,118,52,133" hai3="98,115,36,77,111,28,135,1,30,68,13,106,104"/><U81/><E114/><V24/><F118/><W34/><G115/><T25/><D134/><U55/><E128/><V37/><F122/><W105/><G36/><T15/><D39/><U124/><E124/><V89/><F133/><W4/><G135/><T3/><D40/><U6/><E43/><V91/><F108/><W65/><G111/><T53/><D80/><U73/><E110/><V67/><F75/><W132/><G132/><T71/><D71/><U11/><E64/><V99/><F52/><W95/><G77/><T83/><D83/><U18/><E29/><V121/><F121/><W57/><G68/><T119/><D119/><U125/><E35/><V21/><F69/><W58/><G1/><T50/><D10/><U59/><E125/><V66/><F91/><W33/><G33/><T92/><D3/><U123/><E123/><V107/><F107/><W60/><G58/><N who="0" m="33079" /><D102/><U32/><E32/><V19/><AGARI ba="1,1" hai="12,17,19,21,22,24,37,41,47,66,67,89,93,99" machi="19" ten="20,1500,0" yaku="0,1,7,1" doraHai="96" who="2" fromWho="2" sc="362,-5,237,-8,207,28,184,-5" /><INIT seed="2,0,0,3,1,44" ten="357,229,235,179" oya="2" hai0="47,119,91,71,54,67,5,94,20,52,117,115,80" hai1="34,88,126,11,49,62,9,123,120,103,114,95,14" hai2="73,41,35,122,1,15,106,38,42,65,133,130,45" hai3="24,100,36,48,75,50,108,72,113,59,112,32,10"/><V39/><F1/><W37/><G108/><T82/><D115/><N who="3" m="44105" /><G100/><T110/><D110/><U53/><E114/><V2/><F2/><W61/><G10/><T128/><D128/><U43/><E34/><V22/><F35/><W12/><G12/><T25/><D5/><U102/><E62/><V18/><F122/><N who="1" m="46633" /><E43/><V134/><F73/><N who="3" m="28235" /><G24/><T69/><D80/><U7/><E9/><V51/><F106/><W68/><G68/><N who="0" m="26187" /><D82/><U4/><E126/><V26/><F65/><N who="3" m="39103" /><G32/><T116/><D67/><U64/><E64/><V84/><F130/><W60/><G60/><T97/><D47/><N who="1" m="27839" /><E4/><V76/><F41/><W104/><G104/><T74/><D74/><U131/><E131/><V111/><F38/><AGARI ba="0,0" hai="36,37,38,48,50" m="39103,28235,44105" machi="38" ten="40,5200,0" yaku="11,1,52,2" doraHai="44" who="3" fromWho="2" sc="357,0,229,0,235,-52,179,52" /><INIT seed="3,0,0,4,1,17" ten="357,229,183,231" oya="3" hai0="121,46,30,81,29,82,87,63,68,75,60,52,114" hai1="77,14,127,93,124,125,101,6,111,33,56,113,110" hai2="103,123,116,102,7,51,50,107,58,94,115,25,84" hai3="129,80,15,112,90,133,64,28,117,49,119,19,134"/><W12/><G112/><T135/><D121/><U69/><E69/><V79/><F115/><W99/><G28/><T31/><D114/><U35/><E113/><V47/><F116/><W21/><G64/><T41/><D135/><N who="3" m="51721" /><G129/><T89/><D68/><U54/><E77/><V32/><F107/><W26/><G49/><N who="0" m="28727" /><D75/><U9/><E93/><V23/><F32/><N who="1" m="12361" /><E101/><V38/><F38/><W43/><G43/><T96/><D41/><U120/><E120/><V95/><F123/><W24/><G24/><T66/><D66/><U11/><E11/><V72/><F72/><W88/><G80/><N who="0" m="30827" /><D96/><U36/><E36/><V2/><F2/><W1/><G1/><T34/><D34/><U39/><E39/><V98/><F7/><W85/><G99/><T53/><D53/><U16/><E6/><V62/><F79/><W22/><G12/><T59/><D59/><U73/><E73/><V92/><F47/><W83/><G90/><T106/><D106/><U42/><E42/><V5/><F5/><W86/><G86/><T100/><D100/><U91/><E91/><N who="2" m="53351" /><F95/><AGARI ba="0,0" hai="29,30,31,60,63,87,89,95" m="30827,28727" machi="95" ten="30,2000,0" yaku="8,1,54,1" doraHai="17" who="0" fromWho="2" sc="357,20,229,0,183,-20,231,0" owari="377,47.7,229,-17.1,163,-33.7,231,3.1" /></mjloggm>