<mjloggm ver="2.3"><GO type="225" lobby="0"/><UN n0="%63%68%78%62%64" n1="%E3%81%A0%E3%81%8A" n2="%E3%81%B2%E3%81%AA%E3%81%AE%E3%82%8A%E3%81%8F" n3="%E3%83%97%E3%83%AC%E3%83%B4%E3%82%A1%E3%83%86%E3%82%A3" dan="16,16,17,16" rate="2164.61,2049.29,2226.04,2073.82" sx="M,M,M,F"/><TAIKYOKU oya="0"/><INIT seed="0,0,0,2,5,58" ten="250,250,250,250" oya="0" hai0="122,62,41,134,117,40,109,99,37,71,130,5,126" hai1="78,55,131,102,127,0,92,116,32,125,106,14,1" hai2="34,73,15,104,49,68,94,21,80,11,119,81,19" hai3="79,97,22,76,65,86,53,51,113,7,115,107,36"/><T28/><D28/><U46/><E32/><V30/><F104/><W124/><G36/><T101/><D117/><U3/><E116/><V4/><F119/><W114/><G124/><N who="1" m="47690" /><E106/><V50/><F68/><W31/><G7/><T96/><D126/><U61/><E131/><V90/><F50/><W43/><G43/><T70/><D122/><U132/><E132/><V69/><F69/><W33/><G33/><T66/><D134/><U13/><E78/><V103/><F103/><W16/><G31/><T12/><D130/><U9/><E9/><V75/><F75/><W93/><G65/><T91/><D109/><U77/><E77/><V108/><F108/><W88/><G107/><T72/><D72/><U98/><E46/><V52/><F73/><W83/><G76/><T25/><D5/><U57/><AGARI ba="0,0" hai="0,1,3,13,14,55,57,61,92,98,102" m="47690" machi="57" ten="40,2700,0" yaku="18,1,52,1" doraHai="58" who="1" fromWho="1" sc="250,-13,250,27,250,-7,250,-7" /><INIT seed="1,0,0,3,5,114" ten="237,277,243,243" oya="1" hai0="32,6,130,77,119,45,107,63,54,84,42,43,49" hai1="46,115,48,58,36,1,111,4,124,40,66,37,41" hai2="126,27,7,110,74,89,81,47,80,87,95,131,22" hai3="103,23,53,100,85,109,104,93,123,67,112,120,38"/><U64/><E4/><V79/><F110/><W31/><G38/><N who="1" m="14954" /><E1/><V21/><F131/><W125/><G109/><T33/><D107/><U116/><E115/><V9/><F126/><W75/><G112/><T8/><D130/><U28/><E28/><V17/><F47/><W13/><G125/><T30/><D119/><U78/><E78/><V92/><REACH who="2" step="1"/><F22/><REACH who="2" ten="237,277,233,243" step="2"/><W122/><G120/><T90/><D33/><U29/><E124/><V118/><F118/><W56/><G122/><T15/><D77/><U105/><E116/><V34/><F34/><W129/><G123/><T97/><D32/><U55/><E111/><V59/><F59/><W50/><G129/><T69/><D97/><U52/><E105/><V91/><F91/><N who="3" m="53487" /><G104/><T12/><D69/><U73/><E58/><V113/><F113/><W94/><G75/><T70/><D70/><U62/><E73/><V61/><F61/><N who="3" m="38311" /><G94/><T11/><D63/><U82/><E62/><V51/><F51/><W10/><G23/><T108/><D108/><U25/><E48/><V134/><F134/><W26/><G103/><T128/><D128/><U0/><E46/><V20/><F20/><N who="3" m="15815" /><G100/><T18/><D30/><U5/><E29/><V76/><F76/><W2/><G50/><T101/><D101/><U86/><E64/><V72/><F72/><W106/><G106/><T3/><D3/><AGARI ba="0,1" hai="3,7,9,17,21,27,74,79,80,81,87,89,92,95" machi="3" ten="30,3900,0" yaku="1,1,7,1,53,1" doraHai="114" doraHaiUra="16" who="2" fromWho="0" sc="237,-39,277,0,233,49,243,0" /><INIT seed="2,0,0,2,5,35" ten="198,277,282,243" oya="2" hai0="80,2,23,62,119,21,117,88,122,63,7,22,111" hai1="45,5,81,49,6,113,108,69,97,44,15,109,105" hai2="41,16,67,34,60,106,107,74,125,72,73,32,129" hai3="64,43,90,92,58,132,14,115,10,86,102,124,11"/><V112/><F112/><W59/><G124/><T50/><D122/><U46/><E113/><V65/><F125/><W40/><G115/><T116/><D111/><N who="1" m="42571" /><E69/><V123/><F123/><W83/><G132/><T12/><D50/><U87/><E49/><V128/><F41/><W100/><G10/><N who="0" m="2423" /><D12/><U130/><E130/><N who="2" m="50283" /><F16/><N who="3" m="8287" /><G59/><T118/><N who="0" m="29696" /><DORA hai="18" /><T134/><D134/><U66/><E15/><V0/><F0/><W29/><G29/><T9/><D9/><U131/><E66/><N who="2" m="25099" /><F60/><N who="3" m="37911" /><G83/><T30/><D30/><U25/><E131/><V8/><F8/><W121/><G121/><T37/><D37/><U42/><E81/><V39/><F39/><W84/><G84/><AGARI ba="0,0" hai="21,22,23,62,63,80,84,88" m="29696,2423" machi="84" ten="60,12000,2" yaku="12,1,52,4,54,1" doraHai="35,18" who="0" fromWho="3" sc="198,120,277,0,282,0,243,-120" /><INIT seed="3,0,0,5,4,0" ten="318,277,282,123" oya="3" hai0="41,36,78,65,109,1,67,76,22,93,11,100,73" hai1="66,34,35,5,21,124,113,132,59,85,68,119,45" hai2="130,87,89,37,7,70,92,110,30,115,60,81,72" hai3="112,84,53,13,80,2,31,98,15,95,96,8,79"/><W62/><G112/><T82/><D109/><U27/><E113/><V133/><F115/><W118/><G118/><T74/><D22/><U52/><E119/><V131/><F37/><W10/><G2/><T19/><D76/><U55/><E124/><V49/><F110/><W108/><G108/><T54/><D74/><U20/><E132/><V134/><F30/><W88/><G31/><T64/><D54/><U51/><E5/><V42/><F7/><N who="3" m="3231" /><G53/><T102/><D93/><U116/><E116/><V6/><F6/><N who="3" m="3543" /><G62/><T90/><D90/><U135/><E135/><N who="2" m="51723" /><F60/><W63/><G63/><T77/><D1/><U61/><E68/><V56/><F70/><W104/><G104/><T111/><D111/><U39/><E39/><V23/><F23/><W14/><G14/><T38/><D38/><U47/><E34/><V58/><F42/><W32/><G32/><T24/><D41/><U127/><E35/><V17/><F17/><W44/><G44/><T71/><D19/><U120/><E45/><V126/><F126/><W86/><AGARI ba="0,0" hai="79,80,84,86,88,95,96,98" m="3543,3231" machi="86" ten="30,11700,0" yaku="8,1,52,2,54,1" doraHai="0" who="3" fromWho="3" sc="318,-39,277,-39,282,-39,123,117" /><INIT seed="3,1,0,1,1,27" ten="279,238,243,240" oya="3" hai0="15,39,7,45,72,55,51,64,75,134,52,108,49" hai1="96,3,17,16,77,135,133,70,42,123,125,9,73" hai2="25,57,1,24,84,71,43,126,28,46,78,21,76" hai3="100,6,19,69,111,114,26,31,10,83,38,86,68"/><W61/><G114/><T113/><D108/><U67/><E123/><V112/><F71/><W40/><G111/><T54/><D134/><N who="1" m="51211" /><E125/><V12/><F1/><W118/><G118/><T117/><D117/><U93/><E42/><V59/><F112/><W5/><G100/><T74/><D113/><U14/><E3/><V98/><F126/><W34/><G19/><T106/><D106/><U95/><E17/><V23/><F12/><W18/><G18/><T94/><D94/><N who="1" m="35851" /><E96/><V79/><F98/><W99/><G99/><T58/><D39/><U22/><E77/><V82/><F78/><W110/><G110/><T33/><D33/><U128/><E128/><V92/><F92/><W121/><G121/><T4/><D15/><U35/><E35/><V115/><F79/><W91/><G5/><T60/><REACH who="0" step="1"/><D54/><REACH who="0" ten="269,238,243,240" step="2"/><U56/><E73/><V13/><F115/><W8/><G38/><T44/><AGARI ba="1,1" hai="4,7,44,45,49,51,52,55,58,60,64,72,74,75" machi="44" ten="30,8000,1" yaku="1,1,2,1,0,1,9,1,54,1,53,0" doraHai="27" doraHaiUra="131" who="0" fromWho="0" sc="269,93,238,-21,243,-21,240,-41" owari="362,46.2,217,-18.3,222,2.2,199,-30.1" /></mjloggm>