<mjloggm ver="2.3"><GO type="225" lobby="0"/><UN n0="%61%6D%65%6B%69" n1="%E8%B6%85%E7%B4%9A%E9%B3%B3%E5%87%B0" n2="%77%72%77%72%77%72%77%72" n3="%E3%83%97%E3%83%AC%E3%83%B4%E3%82%A1%E3%83%86%E3%82%A3" dan="16,16,16,16" rate="2093.29,2147.79,2181.79,2141.77" sx="M,M,M,F"/><TAIKYOKU oya="0"/><INIT seed="0,0,0,1,2,70" ten="250,250,250,250" oya="0" hai0="26,14,28,50,87,15,127,17,64,35,23,109,95" hai1="54,73,59,13,37,112,33,104,69,51,105,40,47" hai2="126,11,76,16,88,61,52,60,57,100,79,71,53" hai3="85,123,6,42,108,43,1,46,30,4,24,62,117"/><T102/><BYE who="2" /><D127/><UN n2="%77%72%77%72%77%72%77%72" /><U55/><E69/><V116/><F126/><W41/><G117/><T135/><D135/><U92/><E73/><V97/><F116/><W110/><G123/><T48/><D109/><N who="3" m="42089" /><G1/><T2/><D2/><U63/><E33/><V133/><F133/><W118/><G118/><T68/><D64/><U67/><E112/><V8/><F100/><W32/><G62/><T39/><D68/><U114/><E114/><V56/><F71/><W45/><G85/><T0/><D0/><U38/><E13/><N who="2" m="7207" /><F11/><W34/><G34/><T120/><D120/><U9/><E9/><V128/><F128/><W86/><G86/><T111/><D111/><U96/><E67/><V90/><F97/><W99/><G99/><T58/><D15/><U20/><E20/><V124/><F124/><W122/><G122/><T94/><D102/><U36/><REACH who="1" step="1"/><E40/><REACH who="1" ten="250,240,250,250" step="2"/><V115/><F115/><W121/><G121/><T83/><D35/><U91/><AGARI ba="0,1" hai="36,37,38,47,51,54,55,59,63,91,92,96,104,105" machi="91" ten="30,12000,2" yaku="1,1,2,1,0,1,52,3,53,0" doraHai="70" doraHaiUra="82" who="1" fromWho="1" sc="250,-60,240,130,250,-30,250,-30" /><INIT seed="1,0,0,0,4,69" ten="190,370,220,220" oya="1" hai0="130,80,32,87,49,51,28,20,127,107,118,16,43" hai1="47,64,31,96,70,124,67,84,15,88,132,113,114" hai2="77,59,41,75,103,122,27,5,44,65,85,100,86" hai3="58,48,12,115,57,66,38,93,54,42,79,39,21"/><U112/><E124/><V62/><F122/><W109/><G79/><T9/><D107/><U91/><E132/><V102/><F5/><W72/><G72/><T121/><D118/><U55/><E31/><V116/><F116/><W35/><G35/><T104/><D104/><U14/><E96/><V61/><F27/><W99/><G115/><T134/><D134/><U37/><E55/><V110/><F110/><W36/><G109/><T1/><D43/><U45/><E113/><V119/><F119/><W106/><G106/><T17/><D130/><U0/><E70/><V133/><F133/><W73/><G73/><T135/><D135/><U13/><E84/><V63/><F75/><W120/><G120/><T25/><D127/><U22/><E14/><V6/><F6/><W131/><G131/><T68/><D68/><U89/><E89/><V101/><N who="2" m="25600" /><DORA hai="40" /><V117/><F117/><W74/><G74/><T3/><D17/><U11/><E22/><V92/><F86/><W50/><G99/><T128/><D121/><U7/><E7/><V123/><F123/><W60/><G93/><T4/><D3/><U129/><E129/><V81/><REACH who="2" step="1"/><F92/><REACH who="2" ten="190,370,210,220" step="2"/><W18/><REACH who="3" step="1"/><G50/><AGARI ba="0,1" hai="41,44,50,59,61,62,63,65,77,81,85" m="25600" machi="50" ten="50,8000,1" yaku="1,1,2,1,8,1,52,1,53,1" doraHai="69,40" doraHaiUra="78,105" who="2" fromWho="3" sc="190,0,370,0,210,90,220,-80" /><INIT seed="2,0,0,0,3,45" ten="190,370,300,140" oya="2" hai0="90,67,50,14,29,126,94,63,113,135,51,38,4" hai1="30,131,124,129,79,9,109,97,104,47,2,36,115" hai2="57,55,71,101,42,80,7,102,28,48,26,99,59" hai3="107,132,61,114,6,49,117,77,74,95,43,11,54"/><V60/><F71/><W121/><G121/><T24/><D38/><U35/><E115/><V64/><F7/><W75/><G114/><T52/><D126/><U10/><E124/><V16/><F42/><W21/><G107/><T127/><D135/><U68/><E68/><V130/><F130/><N who="1" m="49673" /><E109/><V17/><F80/><W22/><G132/><T0/><D0/><U106/><E79/><V87/><F87/><W112/><G112/><T125/><D127/><U83/><E83/><V25/><F25/><W92/><G117/><T119/><D119/><U1/><E1/><V122/><F122/><W105/><G105/><N who="1" m="40554" /><E97/><V18/><REACH who="2" step="1"/><F99/><REACH who="2" ten="190,370,290,140" step="2"/><W78/><G75/><T108/><D125/><U93/><E2/><V82/><F82/><W70/><G74/><T133/><D113/><U12/><E12/><V76/><F76/><W46/><G78/><T13/><D133/><U19/><E93/><V39/><F39/><W3/><G77/><T62/><D14/><U31/><E36/><V120/><F120/><W123/><G123/><T98/><D13/><U116/><E116/><V20/><AGARI ba="0,1" hai="16,17,18,20,26,28,48,55,57,59,60,64,101,102" machi="20" ten="30,12000,1" yaku="1,1,0,1,8,1,52,1,54,1,53,0" doraHai="45" doraHaiUra="86" who="2" fromWho="2" sc="190,-40,370,-40,290,130,140,-40" /><INIT seed="2,1,0,3,5,28" ten="150,330,420,100" oya="2" hai0="41,1,121,6,101,47,14,118,89,0,35,52,65" hai1="19,69,63,67,24,8,9,79,80,25,83,15,116" hai2="70,11,38,50,132,42,104,114,46,124,112,45,103" hai3="44,60,27,135,37,78,75,87,34,33,93,49,122"/><V62/><F11/><W119/><G122/><T102/><D121/><U133/><E116/><V91/><F91/><W92/><G119/><T26/><D65/><U20/><E133/><V117/><F117/><W100/><G135/><T21/><D118/><U111/><E111/><V36/><F132/><W3/><G3/><T54/><D89/><U55/><E55/><V77/><F77/><W61/><G37/><T13/><D6/><U96/><E96/><V39/><F124/><W17/><G75/><T23/><D26/><U107/><E107/><V12/><F12/><W22/><G100/><T57/><D57/><U108/><E108/><V94/><F94/><W7/><G7/><T99/><D99/><U59/><E69/><V31/><F31/><W2/><G2/><T51/><D51/><U134/><E134/><V48/><F104/><W85/><G78/><T56/><D56/><U105/><E105/><V84/><F84/><W4/><G4/><T64/><D64/><U32/><E32/><V106/><F106/><W113/><G113/><N who="2" m="43625" /><F103/><W95/><G87/><T5/><D5/><U128/><E128/><V71/><F62/><W81/><G81/><N who="1" m="31306" /><E79/><V130/><F130/><W74/><G85/><T131/><D131/><U88/><E88/><V97/><F97/><W73/><G73/><T43/><D35/><N who="3" m="13321" /><G74/><T53/><D1/><U98/><E98/><V58/><F58/><W72/><G72/><T115/><D0/><U110/><E110/><V125/><F125/><W40/><G61/><T66/><D115/><U16/><E15/><V123/><F123/><W18/><G60/><RYUUKYOKU ba="1,0" sc="150,-30,330,10,420,10,100,10" hai1="8,9,16,19,20,24,25,59,63,67" hai2="36,38,39,42,45,46,48,50,70,71" hai3="17,18,22,27,40,44,49,92,93,95" /><INIT seed="2,2,0,4,3,99" ten="120,340,430,110" oya="2" hai0="75,94,96,126,130,128,124,15,122,78,28,21,100" hai1="22,125,7,83,72,93,92,29,19,55,27,116,123" hai2="61,32,14,79,133,58,1,35,131,23,62,85,90" hai3="9,51,107,110,37,36,63,40,42,3,114,97,67"/><V46/><F1/><W76/><G110/><T20/><D122/><U30/><E116/><V121/><F121/><W86/><G114/><T74/><D28/><U80/><E123/><V0/><F0/><W48/><G3/><T134/><D15/><U103/><E125/><N who="0" m="48233" /><D78/><U109/><E109/><V5/><F131/><N who="0" m="50218" /><D134/><U56/><E7/><V18/><F133/><W132/><G132/><T81/><D81/><N who="1" m="31307" /><E72/><AGARI ba="2,0" hai="20,21,72,74,75,94,96,100" m="50218,48233" machi="72" ten="40,5200,0" yaku="18,1,19,1,52,1" doraHai="99" who="0" fromWho="1" sc="120,58,340,-58,430,0,110,0" /><INIT seed="3,0,0,4,4,65" ten="178,282,430,110" oya="3" hai0="69,118,22,2,94,12,131,44,119,80,76,26,128" hai1="41,106,40,62,31,71,129,36,125,4,117,100,67" hai2="1,27,38,17,86,34,89,101,57,111,120,115,103" hai3="105,91,90,77,108,68,99,16,135,130,114,51,96"/><W110/><G114/><T10/><D2/><U84/><E129/><N who="0" m="49737" /><D69/><U59/><E125/><V24/><F38/><W78/><G130/><T55/><D94/><U13/><E117/><V123/><F1/><W19/><G51/><N who="0" m="29159" /><D22/><U20/><E36/><V112/><F57/><W74/><G74/><N who="0" m="43031" /><D26/><U5/><E71/><V75/><F17/><AGARI ba="0,0" hai="10,12,17,118,119" m="43031,29159,49737" machi="17" ten="30,1000,0" yaku="19,1" doraHai="65" who="0" fromWho="2" sc="178,10,282,0,430,-10,110,0" owari="188,-21.2,282,8.2,420,52.0,110,-39.0" /></mjloggm>