<mjloggm ver="2.3"><GO type="225" lobby="0"/><UN n0="%E3%81%B5%E3%81%98%E3%81%8B%E3%81%A4" n1="%E3%83%A9%E3%83%BC%E3%83%A1%E3%83%B3%E4%BA%94%E9%83%8E" n2="%E3%83%97%E3%83%AC%E3%83%B4%E3%82%A1%E3%83%86%E3%82%A3" n3="%E5%8F%AF%E5%85%90%E9%82%A3%E7%94%B1%E5%A4%9A" dan="16,16,16,17" rate="2182.47,2061.08,2063.25,2162.60" sx="M,M,F,F"/><TAIKYOKU oya="0"/><INIT seed="0,0,0,3,0,84" ten="250,250,250,250" oya="0" hai0="85,106,76,29,73,54,83,39,53,81,66,72,122" hai1="103,40,31,19,105,114,96,58,16,44,4,89,68" hai2="82,98,24,42,15,56,50,61,94,128,12,127,134" hai3="65,46,35,13,77,91,121,11,130,55,74,93,118"/><T20/><D122/><U108/><E68/><V64/><F128/><W41/><G118/><T99/><D39/><U70/><E70/><V112/><F112/><W71/><G35/><T47/><D66/><U132/><E114/><V33/><F134/><W38/><G121/><T30/><D106/><U5/><E132/><V0/><F0/><W116/><G116/><T59/><D47/><U2/><E108/><V69/><F127/><W101/><G130/><T109/><D109/><U3/><E31/><V95/><F82/><W32/><G32/><T123/><D123/><U52/><E2/><V57/><F94/><W34/><G34/><T23/><D99/><U25/><E89/><N who="2" m="55663" /><F33/><W60/><G101/><T67/><D67/><U43/><E43/><V80/><F80/><W113/><G113/><T7/><D7/><U78/><E78/><V36/><F24/><W51/><G77/><T88/><D72/><U120/><E120/><V125/><F57/><W133/><G74/><T27/><REACH who="0" step="1"/><D59/><REACH who="0" ten="240,250,250,250" step="2"/><U6/><E3/><V124/><F125/><W87/><G133/><T75/><D75/><U48/><REACH who="1" step="1"/><E25/><AGARI ba="0,1" hai="20,23,25,27,29,30,53,54,73,76,81,83,85,88" machi="25" ten="40,12000,1" yaku="1,1,9,1,52,1,54,1,53,0" doraHai="84" doraHaiUra="97" who="0" fromWho="1" sc="240,130,250,-120,250,0,250,0" /><INIT seed="0,1,0,2,3,98" ten="370,130,250,250" oya="0" hai0="12,53,83,105,124,40,58,67,88,75,66,97,101" hai1="92,96,20,24,49,51,62,110,30,106,41,94,108" hai2="61,120,117,16,118,46,14,37,10,87,13,39,71" hai3="36,3,17,5,131,114,29,81,59,77,123,45,15"/><T103/><D40/><U64/><E106/><V65/><F120/><W135/><G114/><T80/><D124/><U48/><E41/><V18/><F46/><W91/><G29/><T56/><D75/><U34/><E34/><V116/><REACH who="2" step="1"/><F87/><REACH who="2" ten="370,130,240,250" step="2"/><W11/><G123/><T84/><D84/><U115/><E115/><V109/><F109/><W119/><G45/><T125/><D125/><U35/><E35/><V86/><F86/><W132/><G132/><T1/><D1/><U7/><E7/><V26/><F26/><W2/><G5/><T19/><D105/><U42/><E42/><V47/><F47/><W55/><G2/><T126/><D126/><U50/><N who="1" m="12288" /><DORA hai="31" /><U4/><E4/><V129/><F129/><W122/><G3/><T82/><D67/><U112/><E112/><V57/><F57/><N who="0" m="22122" /><D66/><U128/><E128/><V0/><F0/><W54/><G59/><T133/><D53/><U89/><REACH who="1" step="1"/><E92/><REACH who="1" ten="370,120,240,250" step="2"/><V134/><F134/><W130/><G135/><T32/><D32/><U44/><E44/><V21/><AGARI ba="1,2" hai="10,13,14,16,18,21,37,39,61,65,71,116,117,118" machi="21" ten="30,7900,0" yaku="1,1,0,1,12,1,54,1,53,0" doraHai="98,31" doraHaiUra="23,76" who="2" fromWho="2" sc="370,-40,120,-21,240,102,250,-21" /><INIT seed="1,0,0,4,1,21" ten="330,99,342,229" oya="1" hai0="37,102,117,92,62,61,42,39,99,11,96,38,97" hai1="56,135,125,52,36,24,120,18,109,15,130,71,115" hai2="80,48,66,100,31,12,32,70,22,0,63,5,126" hai3="14,81,122,129,16,41,132,46,112,101,103,83,45"/><U54/><E115/><V9/><F126/><W74/><G122/><T2/><D117/><U59/><E120/><V69/><F100/><N who="3" m="38475" /><G74/><T107/><D42/><U30/><E125/><V19/><F80/><N who="3" m="30795" /><G112/><T86/><D86/><U3/><E3/><V116/><F116/><W124/><G124/><T128/><D128/><U33/><E130/><V26/><F48/><W85/><G129/><T134/><D134/><U113/><E113/><V23/><F22/><W88/><G41/><T68/><D107/><U72/><E135/><V91/><F91/><W1/><G1/><T51/><D51/><U110/><E71/><AGARI ba="0,0" hai="0,5,9,12,19,23,26,31,32,63,66,69,70,71" machi="71" ten="30,7700,0" yaku="7,1,24,2,52,1" doraHai="21" who="2" fromWho="1" sc="330,0,99,-77,342,77,229,0" /><INIT seed="2,0,0,3,1,40" ten="330,22,419,229" oya="2" hai0="28,129,127,115,85,36,12,131,126,47,74,87,64" hai1="39,95,34,89,128,78,66,55,13,110,117,132,18" hai2="116,26,37,11,42,80,59,17,93,99,22,44,109" hai3="100,98,58,90,86,112,79,135,53,20,41,29,69"/><V101/><F116/><W107/><G69/><T134/><D74/><U52/><E117/><V38/><F109/><W15/><G135/><T76/><D28/><U43/><E110/><V81/><F37/><W133/><G133/><T88/><D64/><U60/><E132/><V72/><F72/><W120/><G120/><T84/><D12/><U82/><E34/><V92/><F59/><W103/><G112/><T33/><D76/><U113/><E128/><N who="0" m="49225" /><D33/><U123/><E113/><V130/><F130/><W104/><G79/><T118/><D118/><U119/><E123/><V111/><F111/><W4/><G41/><N who="0" m="22951" /><D115/><U96/><E119/><V63/><F63/><W32/><G32/><T31/><D31/><U67/><E67/><V48/><F38/><W75/><G75/><T25/><D25/><U105/><E105/><V70/><F70/><W21/><G29/><T35/><D35/><U0/><E0/><V23/><F23/><W83/><G15/><T114/><D114/><U45/><E66/><V102/><F11/><W1/><G1/><T54/><D54/><U61/><E61/><V50/><F50/><W3/><G3/><T9/><D9/><U5/><E60/><V7/><F7/><W8/><G4/><T97/><D134/><U91/><E5/><V27/><F27/><W57/><G8/><T71/><D71/><U106/><E106/><V124/><F124/><N who="0" m="47658" /><D97/><AGARI ba="0,0" hai="17,22,26,42,44,48,80,81,92,93,97,99,101,102" machi="97" ten="40,7700,0" yaku="9,1,8,1,52,1" doraHai="40" who="2" fromWho="0" sc="330,-77,22,0,419,77,229,0" /><INIT seed="2,1,0,3,3,121" ten="253,22,496,229" oya="2" hai0="47,109,66,28,37,17,128,73,3,101,34,1,91" hai1="107,20,7,61,60,57,27,39,117,12,133,80,52" hai2="106,110,30,92,65,111,72,94,0,23,54,86,130" hai3="51,50,41,42,112,8,69,56,15,10,77,89,84"/><V81/><F0/><W123/><G123/><T59/><D128/><U9/><E133/><V32/><F32/><W103/><G69/><T46/><D101/><U134/><E134/><V104/><F65/><W22/><G112/><T119/><D17/><U79/><E117/><V127/><F54/><W53/><G103/><T36/><D91/><U97/><E39/><V129/><F30/><W113/><G77/><T82/><D66/><U124/><E124/><V25/><F25/><W88/><G113/><T132/><D59/><U76/><E107/><N who="2" m="41003" /><F23/><W70/><G70/><T116/><D132/><U21/><E97/><V120/><F120/><W62/><G22/><T44/><D82/><U11/><E11/><V100/><F72/><W102/><G8/><T38/><D73/><U90/><E61/><V126/><F100/><W35/><G102/><T115/><D115/><U114/><E114/><V105/><F105/><W45/><G35/><T125/><D28/><U19/><REACH who="1" step="1"/><E20/><REACH who="1" ten="253,12,496,229" step="2"/><V2/><F2/><N who="0" m="522" /><D125/><N who="2" m="47626" /><F130/><W64/><G10/><T40/><D34/><U29/><E29/><V5/><F5/><W87/><G62/><T85/><D119/><U16/><E16/><V99/><F129/><W67/><G51/><T43/><D116/><U31/><E31/><V4/><F4/><W49/><G50/><T58/><D36/><U55/><E55/><V13/><F99/><W93/><G49/><T108/><D37/><U68/><E68/><V75/><F13/><W24/><G15/><T48/><D38/><U118/><E118/><V33/><F33/><W98/><G53/><T131/><D131/><RYUUKYOKU ba="1,1" sc="253,-10,12,30,496,-10,229,-10" hai1="7,9,12,19,21,27,52,57,60,76,79,80,90" /><INIT seed="3,2,1,0,1,9" ten="243,42,486,219" oya="3" hai0="119,81,95,45,7,68,16,70,20,124,47,71,30" hai1="122,79,74,58,125,132,57,96,123,38,90,86,91" hai2="63,135,37,97,36,118,55,21,92,104,131,89,110" hai3="54,18,42,15,43,2,116,0,51,120,56,53,24"/><W64/><G116/><T39/><D119/><U117/><E117/><V130/><F110/><W69/><G120/><T113/><D124/><U10/><E38/><V111/><F111/><W128/><G128/><N who="2" m="49193" /><F118/><W103/><G24/><T8/><D30/><U34/><E34/><V33/><F135/><W77/><G53/><T41/><D113/><U26/><E132/><V62/><F33/><W65/><G77/><T127/><D127/><U93/><E125/><V115/><F115/><W83/><G83/><T101/><D81/><U29/><E123/><V25/><F104/><W133/><G133/><T23/><D41/><N who="3" m="15369" /><G0/><T82/><D82/><U112/><E112/><V17/><F55/><W61/><G2/><T80/><D80/><U22/><E122/><V52/><F63/><W100/><G69/><T94/><D39/><U67/><E74/><V76/><F76/><W102/><G61/><T72/><D72/><U27/><E79/><V126/><F126/><W84/><G84/><T66/><D71/><U121/><E121/><V134/><F134/><W11/><AGARI ba="2,1" hai="11,15,18,51,54,56,64,65,100,102,103" m="15369" machi="11" ten="30,3000,0" yaku="8,1,52,1" doraHai="9" who="3" fromWho="3" sc="243,-12,42,-12,486,-12,219,46" /><INIT seed="3,3,0,4,1,122" ten="231,30,474,265" oya="3" hai0="119,112,5,126,47,91,116,103,36,102,39,98,67" hai1="66,121,133,35,57,107,52,125,22,71,55,127,88" hai2="18,114,42,15,94,108,58,0,54,90,53,80,38" hai3="134,105,41,2,59,1,130,77,16,11,9,51,14"/><W8/><G105/><T123/><D123/><U10/><E35/><V79/><F114/><W46/><G130/><T83/><D112/><U68/><E121/><V48/><F0/><W78/><G134/><T49/><D126/><U61/><E22/><N who="2" m="11615" /><F108/><W97/><G1/><T96/><D67/><U86/><E107/><V87/><F38/><W70/><G70/><T43/><D83/><U128/><E10/><V50/><F42/><W131/><G131/><T69/><D69/><U12/><E12/><V106/><F106/><W4/><G9/><T25/><D91/><U6/><E6/><V101/><F101/><W109/><G109/><T60/><D60/><U129/><E86/><N who="2" m="48415" /><F53/><W74/><G74/><T113/><D113/><U19/><E88/><V44/><F44/><W65/><REACH who="3" step="1"/><G97/><REACH who="3" ten="231,30,474,255" step="2"/><T7/><D98/><U34/><E133/><V64/><F64/><W135/><G135/><T21/><D96/><U27/><E129/><V120/><F120/><W82/><G82/><T117/><D103/><U115/><E128/><V85/><F87/><W45/><G45/><T76/><D102/><U124/><E115/><V110/><F110/><W92/><G92/><T75/><D75/><U23/><E71/><V104/><F104/><W93/><G93/><T56/><D119/><U63/><E68/><V37/><F37/><W99/><G99/><T73/><D39/><U31/><E31/><V95/><F95/><W89/><G89/><T100/><D100/><U72/><E72/><V17/><F17/><W111/><G111/><T30/><D117/><U33/><E63/><AGARI ba="3,1" hai="48,50,54,58,63,85,90,94" m="48415,11615" machi="63" ten="30,1000,0" yaku="8,1" doraHai="122" who="2" fromWho="1" sc="231,0,30,-19,474,29,255,0" /><AGARI ba="3,0" hai="2,4,8,11,14,16,41,46,51,59,63,65,77,78" machi="63" ten="40,3900,0" yaku="1,1,54,1,53,0" doraHai="122" doraHaiUra="24" who="3" fromWho="1" sc="231,0,11,-39,503,0,255,39" owari="231,-16.9,-28,-52.8,503,60.3,294,9.4" /></mjloggm>