<mjloggm ver="2.3"><GO type="225" lobby="0"/><UN n0="%E5%A4%96%E5%B7%9D%E7%AB%9C%E6%88%90" n1="%38%63%E3%81%AF%E3%81%A3%E3%81%97%E3%83%BC" n2="%E3%82%BC%E3%83%AB%E3%83%80%E3%81%AE%E4%BC%9D%E8%AA%AC" n3="%E3%81%8B%E3%82%8F%E3%81%A1%E3%82%83%E3%82%93%35%38" dan="16,16,16,16" rate="2191.98,2096.31,2185.81,2143.11" sx="M,M,M,M"/><TAIKYOKU oya="0"/><INIT seed="0,0,0,2,2,21" ten="250,250,250,250" oya="0" hai0="1,110,46,12,7,24,26,45,11,28,4,32,71" hai1="66,30,49,127,19,48,9,16,34,5,25,52,98" hai2="62,13,73,135,108,113,114,83,47,93,79,126,57" hai3="102,103,55,35,42,74,8,105,18,86,58,90,88"/><T104/><D71/><U125/><E66/><V3/><F3/><W10/><G74/><T75/><D75/><U87/><E49/><V15/><F108/><W54/><G35/><N who="0" m="20871" /><D104/><U70/><E70/><V96/><F126/><N who="1" m="48137" /><E87/><V56/><F135/><W0/><G105/><T2/><D46/><N who="1" m="27671" /><E98/><V109/><F109/><W133/><G0/><AGARI ba="0,0" hai="0,5,9,16,19,25,30,34" m="27671,48137" machi="0" ten="30,7700,0" yaku="18,1,52,1,54,2" doraHai="21" who="1" fromWho="3" sc="250,0,250,77,250,0,250,-77" /><INIT seed="1,0,0,5,0,123" ten="250,327,250,173" oya="1" hai0="120,97,92,110,90,100,37,13,119,96,103,62,115" hai1="46,4,78,52,9,94,76,65,131,31,70,84,7" hai2="79,128,89,26,33,48,47,71,29,42,112,127,27" hai3="57,60,16,18,125,88,106,73,8,86,35,32,55"/><U122/><E122/><V85/><F127/><W126/><G73/><T24/><D115/><U39/><E131/><V3/><F128/><W19/><G106/><T116/><D120/><U91/><E31/><V80/><F112/><W75/><G75/><T59/><D37/><U109/><E109/><V72/><F71/><W1/><G1/><T87/><D13/><U82/><E76/><V34/><F3/><W101/><G101/><T118/><D24/><U11/><E65/><V113/><F113/><W130/><G8/><T6/><D6/><U28/><E28/><V99/><F99/><N who="0" m="37962" /><D59/><U58/><E70/><V111/><F111/><W68/><G68/><T108/><D62/><U56/><E7/><V44/><F44/><W14/><G14/><T63/><D63/><U23/><E23/><V20/><REACH who="2" step="1"/><F26/><REACH who="2" ten="250,327,240,173" step="2"/><W45/><G130/><T5/><D5/><U15/><E46/><V114/><F114/><W21/><G45/><T2/><D2/><U132/><E4/><V129/><F129/><W121/><G121/><T10/><D10/><U95/><E9/><V93/><AGARI ba="0,1" hai="20,27,29,33,34,42,47,48,72,79,80,85,89,93" machi="93" ten="20,2700,0" yaku="1,1,0,1,7,1,53,0" doraHai="123" doraHaiUra="135" who="2" fromWho="2" sc="250,-7,327,-13,240,37,173,-7" /><INIT seed="2,0,0,0,1,19" ten="243,314,277,166" oya="2" hai0="8,38,34,117,75,133,126,131,107,16,17,5,63" hai1="27,71,65,46,127,69,45,120,56,121,10,14,118" hai2="61,26,135,21,98,124,28,132,15,18,78,23,9" hai3="81,99,91,109,110,64,94,128,95,12,93,114,76"/><V134/><F124/><W44/><G64/><T47/><D107/><U100/><E118/><V49/><F78/><W129/><G44/><T90/><D75/><U70/><E100/><V37/><F37/><W43/><G12/><T53/><D34/><U24/><E127/><V102/><F49/><W41/><G41/><T73/><D73/><U22/><E27/><V85/><F85/><N who="3" m="48295" /><G43/><T2/><D126/><U36/><E56/><V0/><F61/><W33/><G33/><T1/><D1/><U119/><E65/><V79/><F79/><W86/><G114/><T80/><D117/><U105/><E105/><N who="2" m="63703" /><F0/><W62/><G62/><T48/><D131/><N who="3" m="50249" /><G99/><T130/><D130/><U50/><E119/><V67/><F67/><W74/><G74/><T123/><D38/><U54/><E45/><V82/><F82/><AGARI ba="0,0" hai="82,86,91,93,94,95,109,110" m="50249,48295" machi="82" ten="30,3900,0" yaku="19,1,34,2" doraHai="19" who="3" fromWho="2" sc="243,0,314,0,277,-39,166,39" /><INIT seed="3,0,0,3,4,104" ten="243,314,238,205" oya="3" hai0="121,1,50,89,122,133,83,46,32,22,74,55,5" hai1="88,93,96,109,73,36,60,13,38,39,85,65,84" hai2="124,77,128,33,134,4,103,8,44,115,29,66,26" hai3="19,71,30,117,78,15,2,70,9,45,111,129,40"/><W91/><G117/><T98/><D32/><U10/><E73/><V114/><F124/><W63/><G129/><T97/><D133/><U75/><E75/><V120/><F134/><W116/><G116/><T86/><D74/><U64/><E109/><V79/><F128/><W69/><G111/><T35/><D35/><U107/><E107/><V108/><F108/><W76/><G2/><T132/><D132/><U130/><E130/><V105/><F44/><W92/><G30/><T20/><D1/><U106/><E106/><V34/><F34/><W102/><G102/><T119/><D5/><U52/><E52/><V100/><F100/><W49/><REACH who="3" step="1"/><G63/><REACH who="3" ten="243,314,238,195" step="2"/><T81/><D119/><U25/><E60/><V90/><F120/><W123/><G123/><T12/><D121/><U41/><E41/><V18/><F29/><W47/><G47/><T58/><D122/><U48/><E25/><V16/><F26/><W80/><G80/><T28/><D83/><U57/><E13/><V54/><F103/><W43/><G43/><T127/><D46/><U87/><E39/><V17/><F115/><W113/><G113/><T6/><D127/><U24/><E36/><V112/><F112/><W7/><G7/><T95/><D28/><U131/><E38/><V42/><F42/><W61/><G61/><T27/><D27/><U94/><E24/><V3/><F114/><W68/><N who="3" m="17408" /><DORA hai="21" /><W62/><G62/><T82/><D82/><U0/><E0/><V125/><F125/><W31/><G31/><T56/><D81/><U99/><E131/><V11/><F3/><W53/><G53/><RYUUKYOKU ba="0,1" sc="243,-10,314,-10,238,-10,195,30" hai3="9,15,19,40,45,49,76,78,91,92" /><INIT seed="3,1,1,4,0,5" ten="233,304,228,225" oya="3" hai0="58,126,67,53,88,118,49,78,120,56,107,7,11" hai1="8,101,62,109,76,35,44,111,2,26,63,82,14" hai2="54,71,46,72,97,99,52,22,30,23,105,86,0" hai3="80,25,90,79,40,104,114,64,133,43,92,65,91"/><W119/><G114/><T102/><D120/><U32/><E2/><V21/><F72/><W81/><G119/><T1/><D118/><U13/><E101/><V66/><F0/><W41/><G104/><T100/><D126/><U117/><E117/><V59/><F71/><W15/><G133/><T129/><D129/><U108/><E44/><V112/><F112/><W45/><G45/><T110/><D110/><U50/><E50/><N who="2" m="28759" /><F105/><W12/><G25/><T68/><D68/><U131/><E131/><V135/><F135/><W19/><G79/><T3/><D3/><U123/><E123/><V24/><F66/><N who="3" m="25707" /><G12/><T61/><D107/><U93/><E14/><V55/><F86/><N who="3" m="52311" /><G91/><T6/><D78/><U47/><E47/><V121/><F121/><W57/><G57/><T98/><D7/><N who="1" m="3231" /><E93/><V69/><F69/><W27/><G27/><T128/><D128/><U48/><E26/><V17/><F30/><W89/><G89/><T106/><D88/><U75/><E32/><V18/><F24/><W4/><G4/><T28/><D102/><U87/><E35/><V134/><F134/><W36/><G36/><T125/><D125/><U94/><E94/><V116/><F116/><W122/><G122/><T74/><D74/><U127/><E75/><V16/><F59/><W113/><G113/><T34/><D34/><U73/><E73/><V37/><F37/><W70/><G70/><T39/><D39/><U95/><E95/><V85/><F85/><W29/><G29/><T38/><D38/><U83/><E127/><V51/><F51/><W77/><G77/><T103/><D28/><RYUUKYOKU ba="1,1" sc="233,10,304,-30,228,10,225,10" hai0="1,6,11,49,53,56,58,61,67,98,100,103,106" hai2="16,17,18,21,22,23,54,55,97,99" hai3="15,19,40,41,43,80,81" /><INIT seed="3,2,1,3,5,122" ten="243,274,238,235" oya="3" hai0="84,41,66,23,40,85,4,118,34,49,5,10,90" hai1="47,64,114,43,74,33,103,35,91,61,48,94,108" hai2="46,70,124,126,59,44,78,112,29,93,102,135,37" hai3="52,57,83,111,100,15,38,11,89,99,72,53,22"/><W3/><G38/><T65/><D34/><U115/><E108/><V97/><F112/><W120/><G120/><T107/><D107/><U51/><E74/><V32/><F70/><W131/><G3/><T39/><D39/><U82/><E103/><V104/><F135/><W0/><G0/><T134/><D134/><U86/><E33/><V92/><F78/><W1/><G1/><T101/><D118/><U8/><E35/><V6/><F6/><N who="0" m="2666" /><D101/><U12/><E48/><V88/><F59/><W119/><G119/><T45/><D10/><U87/><E12/><V18/><F18/><N who="3" m="8575" /><G72/><T73/><D73/><U117/><E8/><V56/><F56/><W130/><G111/><T31/><D41/><U95/><E95/><V129/><F129/><N who="3" m="49163" /><G22/><T21/><D21/><U54/><E43/><V77/><F37/><W60/><G83/><N who="0" m="49439" /><D85/><U26/><E117/><V42/><F32/><W67/><G89/><T116/><D116/><U125/><E114/><V123/><F123/><W81/><G81/><T58/><D58/><U79/><E115/><V7/><F7/><W28/><G28/><T63/><D63/><U62/><E62/><V109/><F109/><W98/><G98/><T106/><D23/><U75/><E75/><V55/><F29/><W14/><G14/><T96/><D31/><U20/><E61/><V71/><F88/><W30/><G30/><T36/><D36/><U16/><E64/><N who="0" m="24681" /><D96/><U132/><E132/><V9/><F9/><W2/><G2/><T105/><D49/><U69/><E69/><V68/><F68/><W133/><G133/><T27/><D27/><RYUUKYOKU ba="2,1" sc="243,10,274,10,238,-30,235,10" hai0="40,45,105,106" hai1="16,20,26,47,51,54,79,82,86,87,91,94,125" hai3="52,53,57,60,67,99,100" /><INIT seed="3,3,1,5,3,115" ten="253,284,208,245" oya="3" hai0="92,69,13,102,17,41,119,95,93,122,112,1,49" hai1="3,46,85,70,60,18,42,58,16,48,28,51,6" hai2="12,116,127,75,36,97,20,33,19,104,8,80,105" hai3="91,24,118,86,30,63,32,57,7,124,39,67,47"/><W98/><G118/><T107/><D122/><U87/><E28/><V106/><F33/><W113/><G113/><T54/><D1/><U65/><E6/><V53/><F36/><W78/><G124/><T114/><D69/><U38/><E3/><V35/><F35/><W134/><G134/><T29/><D119/><U99/><E99/><V103/><F116/><W133/><G133/><T26/><D41/><U76/><E48/><V40/><F40/><W64/><G7/><T45/><D107/><U130/><E130/><V61/><F127/><W27/><G27/><T15/><D102/><U126/><E126/><V109/><F109/><W43/><G78/><T84/><D13/><U37/><E37/><V123/><F123/><W125/><G125/><T68/><D68/><U9/><E9/><V0/><F0/><W5/><G5/><T89/><D114/><U56/><E56/><V83/><F8/><W120/><G120/><T34/><D112/><U44/><E44/><V21/><F21/><AGARI ba="3,1" hai="15,17,21,26,29,34,45,49,54,84,89,92,93,95" machi="21" ten="30,1000,0" yaku="7,1" doraHai="115" who="0" fromWho="2" sc="253,29,284,0,208,-19,245,0" /><INIT seed="4,0,0,3,0,7" ten="282,284,189,245" oya="0" hai0="12,94,21,33,16,99,122,50,40,79,102,87,11" hai1="58,83,1,101,126,54,48,68,38,123,134,47,14" hai2="8,56,120,13,60,70,86,118,127,111,51,105,96" hai3="6,9,2,57,71,78,109,45,133,91,29,110,53"/><T89/><D122/><U104/><E1/><V76/><F111/><W98/><G71/><T22/><D33/><U44/><E123/><V23/><F120/><W5/><G133/><T117/><D117/><U77/><E68/><V72/><F118/><W116/><G116/><T100/><D79/><U135/><E126/><V108/><F108/><W74/><G29/><T62/><D62/><U82/><E101/><N who="0" m="39017" /><D87/><U85/><E104/><V18/><F127/><W97/><G45/><AGARI ba="0,0" hai="11,12,16,21,22,40,45,50,89,94,99" m="39017" machi="45" ten="30,5800,0" yaku="8,1,52,1,54,1" doraHai="7" who="0" fromWho="3" sc="282,58,284,0,189,0,245,-58" owari="340,44.0,284,8.4,189,-21.1,187,-31.3" /></mjloggm>