<mjloggm ver="2.3"><GO type="225" lobby="0"/><UN n0="%E3%81%82%E3%81%99%E3%81%AB%E3%82%83%E3%82%80" n1="%E9%BA%BB%E9%9B%80%4D%41%50%E5%9B%BD%E5%88%86%E5%AF%BA" n2="%E3%81%B2%E3%81%AA%E3%81%AE%E3%82%8A%E3%81%8F" n3="%E6%80%AA%E3%81%97%E3%81%99%E3%81%8E%E3%82%8B%E3%83%81%E3%83%BC" dan="16,16,17,16" rate="2149.05,2130.83,2204.11,2167.71" sx="F,F,M,M"/><TAIKYOKU oya="0"/><INIT seed="0,0,0,2,3,81" ten="250,250,250,250" oya="0" hai0="85,19,126,21,69,94,119,9,61,3,102,50,16" hai1="100,1,64,14,76,0,74,120,70,77,49,80,86" hai2="11,58,79,6,131,40,97,129,56,135,91,84,23" hai3="116,63,134,13,125,43,114,123,55,38,73,99,30"/><T20/><D119/><U111/><E120/><V33/><F33/><W4/><G114/><T47/><D126/><U105/><E49/><V83/><F40/><W24/><G116/><T2/><D69/><U118/><E118/><V18/><F135/><W88/><G73/><T46/><D61/><U67/><E14/><V45/><F45/><W36/><G123/><T42/><D9/><U7/><E7/><V60/><F97/><W35/><G125/><T31/><D31/><U71/><E80/><V32/><F32/><W41/><G134/><T54/><D20/><U48/><E48/><V44/><F44/><W52/><G36/><T26/><D19/><U130/><E100/><V51/><F51/><W132/><G38/><T75/><D75/><U37/><E74/><V66/><F58/><N who="3" m="35271" /><G35/><T93/><D93/><U107/><E37/><V25/><REACH who="2" step="1"/><F79/><REACH who="2" ten="250,250,240,250" step="2"/><W115/><G132/><T90/><REACH who="0" step="1"/><D102/><REACH who="0" ten="240,250,240,250" step="2"/><U82/><E130/><V57/><F57/><W92/><G115/><T103/><D103/><U28/><E71/><V127/><F127/><W17/><G92/><T89/><D89/><U124/><E70/><V87/><F87/><W34/><G88/><T98/><D98/><U96/><E124/><V101/><F101/><W109/><G99/><T113/><D113/><U110/><E96/><V128/><F128/><W68/><G34/><T53/><D53/><U65/><E86/><V27/><F27/><W133/><G24/><T8/><D8/><U5/><E105/><V108/><F108/><W95/><G55/><T78/><D78/><U104/><E107/><V106/><F106/><RYUUKYOKU ba="0,2" sc="240,15,250,-15,240,15,250,-15" hai0="2,3,16,21,26,42,46,47,50,54,85,90,94" hai2="6,11,18,23,25,56,60,66,83,84,91,129,131" /><INIT seed="0,1,2,3,0,74" ten="255,235,255,235" oya="0" hai0="18,27,0,14,91,92,50,133,134,69,73,42,41" hai1="89,125,52,12,55,22,81,19,132,83,61,115,23" hai2="63,98,131,102,1,8,7,6,87,28,53,109,117" hai3="29,88,47,54,58,78,99,110,122,79,130,75,59"/><T32/><D0/><U21/><E125/><V48/><F109/><W60/><G75/><T123/><D69/><U86/><E132/><N who="0" m="50793" /><D73/><U82/><E115/><V97/><F131/><W70/><G70/><T4/><D50/><U84/><E61/><V119/><F7/><W135/><G135/><T76/><D76/><N who="3" m="29225" /><G110/><T68/><D68/><U15/><E82/><V108/><F108/><W95/><G130/><T94/><D123/><U34/><E34/><V96/><F63/><W100/><G122/><T80/><D80/><U36/><E36/><V24/><F87/><W57/><G29/><N who="0" m="19519" /><D4/><U64/><E64/><V16/><F117/><W20/><G20/><N who="0" m="11351" /><D94/><U33/><E33/><V93/><F119/><W126/><G126/><T40/><D40/><U111/><E111/><V101/><F101/><W127/><G127/><T26/><D26/><U121/><E121/><V67/><F28/><W106/><G106/><T3/><D3/><U17/><E23/><V11/><F11/><W107/><G107/><T129/><D129/><U25/><E25/><V118/><F118/><W120/><G120/><T45/><D45/><U77/><AGARI ba="1,2" hai="12,15,17,19,21,22,52,55,77,81,83,84,86,89" machi="77" ten="20,12000,2" yaku="0,1,7,1,9,1,8,1,52,1,54,1" doraHai="74" who="1" fromWho="1" sc="255,-61,235,143,255,-31,235,-31" /><INIT seed="1,0,0,3,5,128" ten="194,378,224,204" oya="1" hai0="83,5,10,45,75,4,11,108,29,46,132,42,120" hai1="94,16,22,104,124,0,73,12,99,52,37,3,18" hai2="125,113,131,53,88,32,34,84,115,82,77,121,26" hai3="114,74,40,38,63,6,47,126,66,105,15,118,106"/><U28/><E124/><V39/><F121/><W20/><G114/><N who="2" m="43529" /><F131/><W95/><G126/><T135/><D108/><U116/><E37/><V119/><F119/><W97/><G118/><T100/><D120/><U30/><E104/><V110/><F110/><W17/><G74/><T21/><D100/><U55/><E73/><N who="2" m="43311" /><F39/><W27/><G6/><T13/><D75/><U59/><E116/><V130/><F130/><W96/><G15/><N who="0" m="5575" /><D83/><U102/><E0/><V49/><F26/><W62/><G97/><T65/><D65/><U31/><E3/><V109/><F125/><W129/><G129/><T133/><D42/><U107/><E107/><V1/><F1/><W44/><G44/><T122/><D122/><U8/><E59/><N who="2" m="33199" /><F109/><W91/><REACH who="3" step="1"/><G62/><REACH who="3" ten="194,378,224,194" step="2"/><T117/><D117/><U57/><E57/><AGARI ba="0,1" hai="17,20,27,38,40,47,57,63,66,91,95,96,105,106" machi="57" ten="30,7700,0" yaku="1,1,2,1,7,1,53,1" doraHai="128" doraHaiUra="92" who="3" fromWho="1" sc="194,0,378,-77,224,0,194,87" /><INIT seed="2,0,0,0,3,103" ten="194,301,224,281" oya="2" hai0="79,123,110,59,64,107,17,4,51,117,8,93,78" hai1="89,63,87,46,101,44,48,53,94,97,32,72,121" hai2="35,10,68,135,114,116,38,134,60,102,70,65,52" hai3="84,85,9,33,3,105,132,58,45,6,39,61,98"/><V7/><F116/><W115/><G132/><N who="2" m="50729" /><F114/><W54/><G115/><T14/><D117/><U80/><E32/><V37/><F35/><W27/><G39/><T88/><D110/><U22/><E121/><V43/><F43/><W55/><G45/><T21/><D123/><U125/><E125/><V42/><F42/><W11/><G11/><T16/><D107/><U30/><E72/><V0/><F70/><W25/><G54/><N who="0" m="32223" /><D64/><U31/><E63/><V100/><F100/><W108/><G108/><T133/><D133/><U26/><E44/><V24/><F24/><W62/><G62/><T40/><D40/><U76/><REACH who="1" step="1"/><E31/><REACH who="1" ten="194,291,224,281" step="2"/><V111/><F111/><W71/><G33/><T106/><D106/><U29/><E29/><V15/><F102/><AGARI ba="0,1" hai="22,26,30,46,48,53,76,80,87,89,94,97,101,102" machi="102" ten="40,8000,1" yaku="1,1,8,1,53,2" doraHai="103" doraHaiUra="96" who="1" fromWho="2" sc="194,0,291,90,224,-80,281,0" /><INIT seed="3,0,0,0,2,17" ten="194,381,144,281" oya="3" hai0="97,28,19,108,131,58,34,126,33,79,20,6,18" hai1="72,59,26,98,37,2,119,69,123,89,114,52,46" hai2="117,90,16,31,45,78,4,73,68,3,47,85,62" hai3="103,74,135,48,132,128,44,0,1,76,39,57,122"/><W15/><G122/><T70/><D70/><U125/><E114/><V84/><F117/><W107/><G57/><T25/><D79/><U30/><E2/><V91/><F31/><W10/><G128/><T118/><D118/><U93/><E123/><V106/><F106/><W50/><G50/><T104/><D131/><U21/><E119/><V12/><F73/><W13/><G13/><T120/><D120/><U23/><E72/><V99/><F99/><W41/><G48/><T43/><D43/><U81/><E69/><V115/><F115/><W134/><G15/><T42/><D42/><U94/><E37/><V101/><F101/><W127/><G127/><T7/><D126/><U95/><E46/><V35/><F35/><N who="0" m="13322" /><D58/><U111/><E111/><V102/><F102/><W88/><G103/><T29/><D97/><U83/><E125/><V60/><F78/><W49/><G76/><T55/><D55/><U24/><E83/><V124/><F124/><W105/><G74/><T100/><D100/><U133/><E81/><V65/><F3/><W116/><G116/><T64/><D64/><U66/><E66/><V87/><F4/><N who="0" m="1578" /><D108/><U51/><E133/><V53/><F62/><W9/><G107/><T32/><D104/><U96/><E96/><V11/><REACH who="2" step="1"/><F53/><REACH who="2" ten="194,381,134,281" step="2"/><W129/><G105/><T109/><D109/><U82/><E82/><V75/><F75/><W8/><G132/><T14/><D29/><AGARI ba="0,1" hai="21,23,24,26,29,30,51,52,59,89,93,94,95,98" machi="29" ten="30,12000,2" yaku="7,1,9,1,8,1,52,2,54,1" doraHai="17" who="1" fromWho="0" sc="194,-120,381,130,134,0,281,0" owari="74,-42.6,511,61.1,134,-26.6,281,8.1" /></mjloggm>