<mjloggm ver="2.3"><GO type="225" lobby="0"/><UN n0="%E3%83%81%E3%83%AF%E3%83%AF%E9%9A%8A%E9%95%B7" n1="%E3%80%93%E3%81%97%E3%83%BC%E3%82%89%E3%80%93" n2="%E3%81%B5%E3%81%98%E3%81%8B%E3%81%A4" n3="%77%72%77%72%77%72%77%72" dan="16,16,16,17" rate="2156.68,2164.37,2149.84,2184.08" sx="M,M,M,M"/><TAIKYOKU oya="0"/><INIT seed="0,0,0,2,1,26" ten="250,250,250,250" oya="0" hai0="117,101,71,54,132,7,32,114,116,118,15,44,97" hai1="134,59,27,9,45,3,80,4,65,39,60,127,47" hai2="88,6,86,36,90,43,34,35,10,131,133,1,56" hai3="31,2,53,75,85,37,110,107,63,84,8,96,29"/><T73/><D114/><U61/><E127/><V76/><F133/><W120/><G75/><T22/><D32/><U70/><E134/><V49/><F131/><W83/><G37/><T52/><D132/><U20/><E80/><V121/><F121/><W57/><G120/><T40/><D71/><U24/><E39/><V102/><F102/><W72/><G110/><T19/><D7/><U69/><E27/><V95/><F76/><W25/><G72/><T78/><D78/><U106/><E106/><V94/><F36/><W33/><G83/><T92/><REACH who="0" step="1"/><D73/><REACH who="0" ten="240,250,250,250" step="2"/><U58/><E70/><V111/><F111/><W98/><G33/><T122/><D122/><U30/><REACH who="1" step="1"/><E69/><REACH who="1" ten="240,240,250,250" step="2"/><V124/><F124/><W50/><G107/><T28/><D28/><U68/><E68/><V99/><REACH who="2" step="1"/><F56/><REACH who="2" ten="240,240,240,250" step="2"/><W41/><G57/><T123/><D123/><U119/><E119/><V125/><F125/><W77/><G77/><T126/><D126/><U105/><E105/><V23/><F23/><W38/><G38/><AGARI ba="0,3" hai="15,19,22,38,40,44,52,54,92,97,101,116,117,118" machi="38" ten="40,3900,0" yaku="1,1,54,1,53,0" doraHai="26" doraHaiUra="103" who="0" fromWho="3" sc="240,69,240,0,240,0,250,-39" /><INIT seed="0,1,0,5,3,51" ten="309,240,240,211" oya="0" hai0="64,85,5,31,55,115,54,118,15,39,56,21,135" hai1="48,50,82,121,23,107,33,8,42,68,77,128,2" hai2="94,105,73,6,91,101,114,93,100,44,9,95,113" hai3="37,133,66,81,120,86,97,127,11,83,117,108,67"/><T102/><D115/><U65/><E33/><V1/><F73/><W41/><G117/><T63/><D118/><U27/><E107/><V12/><F91/><W10/><G108/><T131/><D39/><U79/><E121/><V75/><F75/><W71/><G133/><T123/><D123/><U19/><E128/><V3/><F44/><W122/><G122/><T40/><D131/><U49/><E68/><V125/><F125/><W132/><G120/><T52/><D135/><U112/><E65/><N who="3" m="24586" /><G37/><T129/><D129/><U45/><E112/><V72/><F72/><W62/><G127/><T92/><D40/><U22/><E79/><V84/><F84/><W106/><G106/><T134/><D134/><U99/><E99/><V16/><F1/><W58/><G71/><T25/><D85/><N who="1" m="48335" /><E2/><V90/><F90/><N who="3" m="51535" /><G41/><T69/><D69/><U18/><E8/><V59/><F59/><W116/><G116/><T0/><D0/><U61/><E61/><V96/><REACH who="2" step="1"/><F101/><REACH who="2" ten="309,240,230,211" step="2"/><W124/><G124/><T24/><D102/><U70/><E70/><V89/><F89/><W74/><G132/><T4/><D56/><U26/><AGARI ba="1,1" hai="18,19,22,23,26,27,42,45,48,49,50" m="48335" machi="26" ten="30,1100,0" yaku="8,1" doraHai="51" who="1" fromWho="1" sc="309,-6,240,24,230,-4,211,-4" /><INIT seed="1,0,0,5,4,0" ten="303,264,226,207" oya="1" hai0="60,10,36,41,100,43,126,103,58,9,30,48,111" hai1="28,113,122,82,27,133,80,26,91,77,46,52,131" hai2="19,66,63,16,40,78,105,21,123,23,92,17,130" hai3="37,115,89,124,3,75,29,34,12,74,45,98,64"/><U134/><E122/><V57/><F123/><W108/><G115/><T49/><D36/><U117/><E113/><V127/><F105/><W1/><G108/><T97/><D111/><U112/><E112/><V95/><F127/><W86/><G124/><T14/><D126/><U20/><E117/><V61/><F130/><W54/><G64/><T33/><D33/><U107/><E107/><V35/><F35/><W32/><G98/><T2/><D30/><U125/><E125/><V69/><F40/><N who="0" m="15434" /><D2/><U96/><E131/><V55/><REACH who="2" step="1"/><F78/><REACH who="2" ten="303,264,216,207" step="2"/><W13/><G34/><T119/><D119/><U110/><E77/><V31/><F31/><W128/><G29/><T106/><D106/><U59/><E110/><V44/><F44/><W79/><G79/><T85/><D103/><U38/><E46/><V121/><F121/><W71/><G45/><T81/><D100/><U84/><E28/><V7/><F7/><W101/><G101/><T132/><D132/><U114/><E134/><V70/><F70/><W68/><G32/><T53/><D58/><U25/><E133/><V56/><F56/><W118/><G128/><T83/><D83/><U88/><E82/><V72/><F72/><W22/><G118/><T15/><D81/><U42/><E114/><V4/><F4/><W50/><G75/><T120/><D120/><U8/><E42/><V99/><F99/><W109/><G74/><T116/><D97/><U102/><E96/><V18/><N who="2" m="4096" /><DORA hai="67" /><V94/><AGARI ba="0,1" hai="21,23,55,57,61,63,66,69,92,94,95" m="4096" machi="94" ten="50,16000,3" yaku="1,1,4,1,0,1,52,1,54,1,53,3" doraHai="0,67" doraHaiUra="90,6" who="2" fromWho="2" sc="303,-40,264,-80,216,170,207,-40" /><INIT seed="2,0,0,2,1,101" ten="263,184,386,167" oya="2" hai0="58,1,104,57,133,68,18,95,25,34,13,88,130" hai1="43,72,37,74,73,41,31,26,105,30,0,135,46" hai2="127,5,123,59,97,42,107,131,29,113,54,47,36" hai3="61,53,121,14,87,109,92,86,60,6,19,9,51"/><V98/><F123/><W44/><G109/><T84/><D1/><U80/><E135/><V124/><F113/><W79/><G121/><T76/><D68/><U117/><E117/><V115/><F131/><W120/><G120/><T102/><D130/><U94/><E43/><V75/><F5/><W83/><REACH who="3" step="1"/><G6/><REACH who="3" ten="263,184,386,157" step="2"/><T3/><D133/><U38/><E0/><V82/><F115/><W118/><G118/><T111/><D3/><U77/><E38/><V96/><F36/><W132/><G132/><T85/><D111/><U122/><E122/><V12/><F127/><W93/><G93/><T67/><D95/><U52/><E94/><V22/><F124/><W15/><G15/><T56/><D13/><U90/><E105/><V126/><F12/><W134/><G134/><T49/><D104/><U24/><E90/><AGARI ba="0,1" hai="9,14,19,44,51,53,60,61,79,83,86,87,90,92" machi="90" ten="40,2600,0" yaku="1,1,8,1,53,0" doraHai="101" doraHaiUra="65" who="3" fromWho="1" sc="263,0,184,-26,386,0,157,36" /><INIT seed="3,0,0,3,3,0" ten="263,158,386,193" oya="3" hai0="135,122,56,36,34,109,40,48,105,81,91,9,119" hai1="22,84,43,125,72,130,58,62,89,88,30,121,101" hai2="123,98,54,80,124,120,26,32,93,92,12,77,112" hai3="102,96,52,73,51,106,21,17,128,24,132,95,69"/><W19/><G73/><T85/><D119/><U127/><E72/><V108/><F112/><W46/><G69/><T25/><D122/><U50/><E121/><V31/><F108/><W131/><G132/><T5/><D105/><U49/><E130/><N who="3" m="49706" /><G106/><T104/><D104/><U37/><E101/><V71/><F124/><W41/><G41/><T115/><D36/><U47/><E89/><V10/><F71/><W99/><G96/><T116/><D116/><U14/><E127/><V90/><F93/><W134/><G134/><T60/><D135/><U103/><E103/><V16/><REACH who="2" step="1"/><F54/><REACH who="2" ten="263,158,376,193" step="2"/><W55/><G55/><T111/><D115/><U35/><E125/><V82/><F82/><W53/><G53/><T113/><D113/><U15/><E35/><V129/><F129/><W64/><G64/><T45/><D34/><U70/><E70/><V74/><AGARI ba="0,1" hai="10,12,16,26,31,32,74,77,80,90,92,98,120,123" machi="74" ten="30,7900,0" yaku="1,1,0,1,54,1,53,1" doraHai="0" doraHaiUra="8" who="2" fromWho="2" sc="263,-20,158,-20,376,89,193,-39" owari="243,4.3,138,-36.2,465,56.5,154,-24.6" /></mjloggm>