<mjloggm ver="2.3"><GO type="225" lobby="0"/><UN n0="%E6%B8%A1%E5%A4%A9%E8%97%8D" n1="%E3%81%B5%E3%81%98%E3%81%8B%E3%81%A4" n2="%E5%8D%A0%E3%81%84%E5%B8%AB%E8%A3%8F%E3%81%AA%E3%81%84%E3%81%97" n3="%48%61%61%61%6C%61%6E%64" dan="16,17,17,18" rate="2072.99,2224.21,2213.87,2208.74" sx="M,M,M,M"/><TAIKYOKU oya="0"/><INIT seed="0,0,0,4,4,69" ten="250,250,250,250" oya="0" hai0="89,130,4,86,10,40,110,20,34,37,59,50,131" hai1="92,111,63,65,104,30,1,106,27,47,44,97,5" hai2="100,8,134,17,113,75,74,93,46,128,120,99,109" hai3="132,76,71,62,31,23,24,22,123,15,19,32,35"/><T3/><D34/><N who="3" m="12841" /><G62/><T54/><D110/><U116/><E111/><V90/><F120/><W91/><G91/><T68/><D68/><U80/><E116/><V112/><F128/><N who="0" m="49194" /><D20/><U77/><E27/><V49/><F134/><W28/><G76/><T70/><D70/><U73/><E30/><N who="3" m="11306" /><G71/><T125/><D125/><U60/><E5/><V53/><F109/><W42/><G42/><T105/><D105/><U79/><E1/><V117/><F117/><W48/><G48/><T36/><D40/><U126/><E126/><V16/><F112/><W115/><G115/><T33/><D33/><U26/><E26/><V85/><F113/><W55/><G55/><T103/><D103/><U78/><E80/><AGARI ba="0,0" hai="3,4,10,36,37,50,54,59,80,86,89" m="49194" machi="80" ten="30,5800,0" yaku="19,1,52,2" doraHai="69" who="0" fromWho="1" sc="250,58,250,-58,250,0,250,0" /><INIT seed="0,1,0,3,5,46" ten="308,192,250,250" oya="0" hai0="89,99,23,97,0,48,118,95,80,67,122,93,132" hai1="81,44,58,101,129,52,40,116,115,135,130,125,108" hai2="2,30,83,26,113,10,90,73,19,111,82,47,127" hai3="9,49,107,16,104,86,32,84,56,74,94,134,100"/><T51/><D118/><U65/><E101/><V88/><F113/><W61/><G74/><T38/><D38/><N who="1" m="21527" /><E81/><V77/><F111/><W103/><G32/><T4/><D122/><U92/><E92/><V112/><F112/><W33/><G33/><T22/><D132/><U120/><E115/><V63/><F127/><W62/><G134/><T57/><D80/><U53/><E135/><V1/><F63/><N who="3" m="24075" /><G107/><T69/><D69/><U29/><E29/><V45/><F19/><W12/><G104/><T59/><D0/><U75/><E75/><V121/><F121/><W64/><G64/><T126/><D4/><U70/><E120/><V72/><F10/><W42/><G42/><T14/><D126/><U114/><E125/><V123/><F123/><W27/><G27/><T5/><D5/><U60/><E116/><V25/><REACH who="2" step="1"/><F77/><REACH who="2" ten="308,192,240,250" step="2"/><W66/><G66/><T102/><D67/><U43/><E114/><V36/><F36/><W3/><G16/><N who="0" m="10519" /><D23/><U39/><E108/><V109/><F109/><W87/><G9/><T91/><D102/><U28/><E28/><AGARI ba="1,1" hai="1,2,25,26,28,30,45,47,72,73,82,83,88,90" machi="28" ten="25,6400,0" yaku="1,1,22,2,54,1,53,0" doraHai="46" doraHaiUra="55" who="2" fromWho="1" sc="308,0,192,-67,240,77,250,0" /><INIT seed="1,0,0,4,3,28" ten="308,125,317,250" oya="1" hai0="60,46,128,92,19,94,79,55,11,53,124,100,85" hai1="121,88,43,36,51,101,65,67,32,30,27,50,20" hai2="125,10,119,77,57,62,74,89,133,69,78,59,3" hai3="110,102,5,115,122,70,54,9,49,7,18,4,95"/><U17/><E121/><V75/><F119/><W104/><G122/><T113/><D113/><U114/><E114/><V31/><F133/><W96/><G115/><T83/><D128/><U56/><E101/><V24/><F125/><W82/><G70/><T58/><D124/><U68/><E68/><V98/><F69/><W126/><G126/><T93/><D46/><U25/><E36/><V103/><F89/><W99/><G82/><T22/><D11/><U80/><E50/><V90/><F90/><W117/><G110/><T87/><D85/><U132/><E132/><V39/><F39/><W47/><G117/><T97/><REACH who="0" step="1"/><D53/><REACH who="0" ten="298,125,317,250" step="2"/><U73/><E73/><V29/><F10/><W0/><REACH who="3" step="1"/><G18/><REACH who="3" ten="298,125,317,240" step="2"/><T14/><AGARI ba="0,2" hai="14,19,22,55,58,60,79,83,87,92,93,94,97,100" machi="14" ten="20,8000,1" yaku="1,1,2,1,0,1,7,1,8,1,53,0" doraHai="28" doraHaiUra="45" who="0" fromWho="0" sc="298,100,125,-40,317,-20,240,-20" /><INIT seed="2,0,0,4,1,43" ten="398,85,297,220" oya="2" hai0="32,132,52,98,39,131,130,28,23,20,109,13,102" hai1="92,72,56,93,1,22,105,90,21,118,75,3,66" hai2="35,16,7,117,70,2,120,89,25,44,63,19,115" hai3="127,17,108,58,128,68,9,96,123,111,133,51,69"/><V88/><F115/><W80/><G123/><T74/><D39/><U71/><E56/><V37/><F120/><W97/><G127/><T121/><D121/><U101/><E66/><V107/><F117/><W82/><G128/><N who="0" m="49195" /><D74/><U87/><E87/><V49/><F37/><W31/><G31/><T99/><D109/><N who="3" m="42057" /><G133/><T48/><D132/><U116/><E101/><V86/><F107/><W112/><G112/><T50/><D50/><U14/><E14/><V11/><F35/><W8/><G58/><N who="0" m="33031" /><D13/><U0/><E105/><V95/><F25/><W106/><G51/><T67/><D67/><U110/><E110/><V65/><F89/><W6/><G8/><T126/><D126/><U125/><E125/><V24/><F24/><W18/><G9/><T40/><D40/><AGARI ba="0,0" hai="2,7,11,16,19,40,44,49,63,65,70,86,88,95" machi="40" ten="30,11600,0" yaku="7,1,52,1,54,2" doraHai="43" who="2" fromWho="0" sc="398,-116,85,0,297,116,220,0" /><INIT seed="2,1,0,2,0,111" ten="282,85,413,220" oya="2" hai0="74,57,5,51,107,91,10,128,28,133,7,4,108" hai1="96,8,80,9,85,81,104,99,20,103,56,61,101" hai2="16,78,126,3,62,112,75,19,125,131,43,124,88" hai3="76,23,83,27,98,65,72,106,39,79,64,70,15"/><V59/><F3/><W21/><G39/><T11/><D107/><U2/><E2/><V34/><F34/><W134/><G134/><T132/><D74/><U120/><E120/><V105/><F105/><W29/><G79/><T50/><D108/><U37/><E37/><V122/><F122/><W48/><G70/><T26/><D91/><U113/><E20/><V114/><F43/><W32/><G48/><N who="0" m="18475" /><D57/><U25/><E25/><V45/><F45/><W115/><G115/><N who="2" m="44073" /><F88/><W49/><G32/><N who="0" m="20503" /><D128/><U109/><E109/><V53/><F131/><W38/><G38/><T58/><D58/><U30/><E30/><V110/><F110/><W87/><G106/><T44/><D44/><U24/><E24/><V41/><F41/><W123/><G98/><T47/><D47/><U22/><E22/><V55/><F55/><W118/><G123/><T135/><AGARI ba="1,0" hai="4,5,7,10,11,132,133,135" m="20503,18475" machi="135" ten="40,1500,0" yaku="20,1" doraHai="111" who="0" fromWho="0" sc="282,18,85,-5,413,-8,220,-5" /><INIT seed="3,0,0,3,5,87" ten="300,80,405,215" oya="3" hai0="18,13,10,119,90,33,65,37,63,31,73,29,6" hai1="72,51,7,109,27,60,95,115,106,39,103,58,2" hai2="4,79,104,124,30,20,36,61,121,64,111,126,45" hai3="43,76,84,12,48,28,5,17,81,113,78,25,32"/><W41/><G113/><T96/><D119/><U101/><E109/><V21/><F111/><W49/><G5/><T69/><D37/><U80/><E115/><V16/><F121/><W68/><G68/><T129/><D73/><U77/><E51/><V3/><F104/><W52/><G78/><T125/><D129/><U70/><E27/><N who="2" m="16743" /><F79/><W54/><G49/><T89/><D125/><N who="2" m="48234" /><F3/><W123/><G123/><T114/><D114/><U9/><E70/><N who="2" m="42255" /><F4/><W62/><G62/><T67/><D96/><U83/><E83/><V82/><F82/><W100/><G100/><T117/><D117/><U35/><E35/><V134/><F134/><W112/><G112/><T14/><D33/><U85/><E106/><V98/><F98/><W130/><G130/><T15/><D15/><U50/><E50/><V59/><F59/><W47/><REACH who="3" step="1"/><G41/><REACH who="3" ten="300,80,405,205" step="2"/><T133/><D63/><U94/><E39/><V55/><F36/><W23/><AGARI ba="0,1" hai="12,17,23,25,28,32,43,47,48,52,54,76,81,84" machi="23" ten="20,12000,1" yaku="1,1,2,1,0,1,7,1,54,1,53,0" doraHai="87" doraHaiUra="0" who="3" fromWho="3" sc="300,-40,80,-40,405,-40,205,130" /><INIT seed="3,1,0,5,1,14" ten="260,40,365,335" oya="3" hai0="17,56,28,15,33,32,129,110,97,20,115,114,94" hai1="13,76,89,19,52,85,122,54,92,80,35,16,74" hai2="120,47,27,111,84,130,34,98,127,91,8,128,25" hai3="64,125,131,81,100,106,119,101,11,59,53,44,77"/><W23/><G119/><T82/><D110/><U117/><E122/><V3/><F111/><W95/><G125/><T113/><D82/><U10/><E117/><V6/><F127/><W39/><G131/><N who="2" m="50217" /><F120/><W31/><G106/><T46/><D129/><U104/><E35/><V30/><F27/><N who="3" m="16895" /><G39/><T22/><D56/><U67/><E67/><V50/><F98/><W12/><G64/><T107/><D107/><U38/><E38/><V79/><F79/><W43/><G43/><T36/><D36/><U96/><E74/><V41/><F84/><N who="3" m="48175" /><G44/><T29/><D46/><U108/><E104/><V68/><F91/><W93/><G100/><T73/><D73/><U116/><E116/><V99/><F99/><W72/><G101/><T66/><D66/><U58/><E108/><V37/><F37/><W121/><G72/><T40/><D40/><U65/><E65/><V105/><F105/><W0/><G0/><T42/><D42/><U26/><BYE who="0" /><E26/><UN n0="%E6%B8%A1%E5%A4%A9%E8%97%8D" /><V7/><F68/><W112/><G112/><T2/><D2/><U75/><E75/><V60/><F60/><N who="3" m="35951" /><G121/><T57/><D57/><U70/><BYE who="0" /><E70/><UN n0="%E6%B8%A1%E5%A4%A9%E8%97%8D" /><V90/><F90/><W118/><G118/><T109/><D109/><U103/><E103/><V18/><F3/><W135/><G135/><T133/><D133/><U21/><E58/><V126/><F126/><W24/><G24/><N who="0" m="16391" /><D29/><U5/><E21/><V61/><F61/><W132/><G132/><T87/><D97/><U123/><E123/><V134/><F134/><W71/><G71/><T124/><D124/><U88/><E76/><V45/><F47/><W9/><G12/><AGARI ba="1,0" hai="6,7,8,12,18,25,30,34,41,45,50" m="50217" machi="12" ten="30,3900,0" yaku="6,1,19,1,52,1" doraHai="14" who="2" fromWho="3" sc="260,0,40,0,365,42,335,-42" owari="260,-14.0,40,-46.0,407,50.7,293,9.3" /></mjloggm>