<mjloggm ver="2.3"><GO type="225" lobby="0"/><UN n0="%E3%81%8B%E3%82%8F%E3%81%A1%E3%82%83%E3%82%93%35%38" n1="%E3%82%BF%E3%83%BC%E3%83%90%E3%83%B3%E9%87%8E%E5%8F%A3" n2="%E3%82%B7%E3%83%B3%E5%A4%AA%E6%9C%97" n3="%72%69%6F%75%63%68%61%6E" dan="16,16,16,16" rate="2152.39,2140.16,2174.14,2101.48" sx="M,M,M,M"/><TAIKYOKU oya="0"/><INIT seed="0,0,0,3,5,108" ten="250,250,250,250" oya="0" hai0="128,72,96,59,113,103,73,112,12,92,117,123,18" hai1="42,13,83,57,99,10,0,77,41,51,38,78,4" hai2="21,76,114,58,49,9,65,3,47,46,129,68,7" hai3="84,29,135,11,109,5,45,94,85,106,125,122,74"/><T88/><D117/><U20/><E99/><V89/><F114/><W14/><G109/><T107/><D123/><U133/><E133/><V119/><F119/><W31/><G135/><T98/><D128/><U36/><E78/><V81/><F129/><W118/><G118/><T6/><D6/><U34/><E34/><V39/><F68/><W75/><G122/><T19/><D19/><U100/><E100/><V43/><F89/><W28/><G106/><T48/><D59/><U15/><E42/><V90/><F90/><W27/><G125/><T97/><D48/><U62/><E0/><V60/><F21/><W79/><G27/><T22/><REACH who="0" step="1"/><D97/><REACH who="0" ten="240,250,250,250" step="2"/><U70/><E70/><V55/><F39/><W40/><G5/><T111/><D111/><U127/><E36/><V91/><F49/><W121/><G121/><T23/><D23/><U25/><E38/><V54/><F46/><W82/><G45/><T63/><D63/><U126/><E127/><V102/><F47/><W120/><G120/><T132/><D132/><U86/><E126/><V66/><F7/><N who="3" m="3455" /><G40/><T131/><D131/><U1/><E51/><V37/><F43/><W35/><G35/><T110/><D110/><U134/><E41/><V56/><F37/><W33/><G33/><T17/><D17/><N who="1" m="12431" /><E134/><V30/><F60/><W87/><G94/><T80/><D80/><U115/><E115/><AGARI ba="0,1" hai="12,18,22,72,73,88,92,96,98,103,107,112,113,115" machi="115" ten="40,12000,1" yaku="1,1,52,3,54,1,53,0" doraHai="108" doraHaiUra="69" who="0" fromWho="1" sc="240,130,250,-120,250,0,250,0" /><INIT seed="0,1,0,0,4,99" ten="370,130,250,250" oya="0" hai0="76,80,109,93,124,98,19,100,37,20,128,24,69" hai1="75,65,57,61,88,70,97,108,47,41,134,106,32" hai2="132,53,90,125,60,55,96,72,135,105,74,68,30" hai3="91,131,62,7,14,11,111,9,117,15,87,44,21"/><T82/><D69/><U121/><E121/><V84/><F125/><W110/><G117/><T119/><D119/><U103/><E108/><V25/><F105/><W10/><G131/><T92/><D37/><U83/><E134/><N who="2" m="51243" /><F96/><W95/><G44/><T45/><D128/><U66/><E32/><N who="2" m="20559" /><F68/><W42/><G42/><T126/><D109/><N who="3" m="41481" /><G62/><T112/><D112/><U43/><E70/><V81/><F60/><W120/><G120/><T89/><D45/><U40/><E66/><V26/><F26/><W52/><G52/><AGARI ba="1,0" hai="52,53,55,72,74,81,84,90" m="20559,51243" machi="52" ten="30,2000,0" yaku="20,1,54,1" doraHai="99" who="2" fromWho="3" sc="370,0,130,0,250,23,250,-23" /><INIT seed="1,0,0,1,2,80" ten="370,130,273,227" oya="1" hai0="70,90,85,124,110,128,75,29,1,26,60,101,13" hai1="125,57,65,134,67,135,45,82,119,38,36,71,56" hai2="76,115,64,0,47,92,30,78,23,59,113,112,122" hai3="25,108,3,2,68,9,96,34,106,103,14,41,48"/><U49/><E82/><V42/><F122/><W5/><G108/><T77/><D1/><U61/><E119/><V53/><F0/><W74/><G74/><T43/><D43/><U31/><E31/><V28/><F64/><W62/><G48/><T98/><D77/><U109/><E125/><V12/><F92/><W63/><G41/><T91/><D75/><U72/><E72/><V27/><F12/><W118/><G118/><T88/><D13/><U131/><E131/><V33/><F30/><N who="3" m="19791" /><G62/><T114/><D114/><U35/><E35/><V94/><F94/><W15/><G15/><T11/><D11/><U104/><E104/><V4/><F4/><W121/><G121/><T81/><D110/><U20/><E20/><V37/><REACH who="2" step="1"/><F33/><REACH who="2" ten="370,130,263,227" step="2"/><W54/><G54/><T79/><D29/><U84/><E109/><V40/><F40/><W105/><G106/><T10/><D26/><U87/><E67/><AGARI ba="0,1" hai="2,3,5,9,14,63,67,68,96,103,105" m="19791" machi="67" ten="30,1000,0" yaku="25,1" doraHai="80" who="3" fromWho="1" sc="370,0,130,-10,263,0,227,20" /><INIT seed="2,0,0,1,2,117" ten="370,120,263,247" oya="2" hai0="100,59,87,63,86,72,0,99,10,2,78,58,109" hai1="29,97,114,62,8,54,77,15,125,95,27,82,74" hai2="31,134,122,116,21,75,3,89,64,23,42,41,93" hai3="61,131,44,123,129,53,80,37,94,133,48,91,111"/><V108/><F116/><W92/><G123/><T50/><D72/><U7/><E125/><V1/><F75/><W112/><G111/><T127/><D50/><U102/><E114/><V13/><F134/><W11/><G133/><T51/><D51/><U34/><E62/><V70/><F108/><W81/><G112/><T49/><D49/><U46/><E54/><V88/><F122/><W68/><G37/><T36/><D99/><U19/><REACH who="1" step="1"/><E46/><REACH who="1" ten="370,110,263,247" step="2"/><V38/><F64/><W110/><G110/><T124/><D63/><U16/><AGARI ba="0,1" hai="7,8,15,16,19,27,29,34,74,77,82,95,97,102" machi="16" ten="30,12000,2" yaku="1,1,2,1,0,1,54,1,53,2" doraHai="117" doraHaiUra="12" who="1" fromWho="1" sc="370,-30,110,130,263,-60,247,-30" /><INIT seed="3,0,0,4,2,64" ten="340,240,203,217" oya="3" hai0="78,133,80,1,87,11,33,111,30,16,6,66,105" hai1="44,120,7,38,50,81,110,104,5,128,74,84,125" hai2="127,2,90,20,19,47,48,130,63,131,18,32,132" hai3="4,22,91,134,129,15,135,24,100,109,92,116,40"/><W70/><G116/><T102/><D66/><U106/><E120/><V95/><F32/><W76/><G129/><N who="2" m="49161" /><F2/><W60/><G109/><T86/><D105/><U108/><E74/><V58/><F127/><W77/><G40/><T51/><D102/><U54/><E38/><V85/><F132/><N who="3" m="50731" /><G100/><T115/><D30/><U10/><E125/><V29/><F29/><W75/><G75/><T126/><D33/><U124/><E124/><V99/><F85/><N who="3" m="52335" /><G15/><T72/><D72/><U34/><E128/><V27/><F18/><N who="3" m="12375" /><G4/><T79/><D6/><U94/><E5/><V83/><F83/><W31/><G31/><T123/><D80/><U39/><E39/><V43/><F58/><W8/><G8/><T101/><D1/><U49/><E108/><V13/><F63/><W96/><G96/><T68/><D126/><U107/><E110/><V82/><F82/><W42/><G42/><T62/><D111/><U12/><E81/><V71/><F13/><W28/><G28/><T69/><D62/><U122/><E122/><V53/><F43/><W41/><G41/><T35/><D101/><U26/><E34/><V25/><F27/><W103/><G103/><T114/><D11/><U3/><E26/><V88/><F90/><W59/><G59/><T37/><D35/><U56/><E12/><V61/><F61/><W65/><AGARI ba="0,0" hai="60,65,70,76,77" m="12375,52335,50731" machi="65" ten="30,3000,0" yaku="20,1,52,1" doraHai="64" who="3" fromWho="3" sc="340,-10,240,-10,203,-10,217,30" /><INIT seed="3,1,0,3,2,128" ten="330,230,193,247" oya="3" hai0="60,108,98,123,90,127,10,48,41,51,82,58,104" hai1="102,23,132,129,54,122,35,31,37,75,39,6,117" hai2="18,124,114,101,29,67,36,16,103,17,4,46,25" hai3="126,7,21,20,15,66,32,59,109,53,0,65,87"/><W13/><G126/><T78/><D41/><U84/><E122/><V43/><F114/><W83/><G32/><T100/><D123/><U116/><E75/><V57/><F124/><W69/><G0/><T135/><D127/><U121/><E121/><V50/><F4/><W113/><G113/><T8/><D135/><U130/><E132/><V110/><F110/><W70/><G69/><T3/><D90/><U115/><E115/><V94/><F94/><W62/><G109/><T5/><D8/><U85/><E35/><V34/><REACH who="2" step="1"/><F50/><REACH who="2" ten="330,230,183,247" step="2"/><W133/><G133/><T64/><D108/><U118/><E6/><V107/><F107/><W72/><G7/><T49/><D49/><U68/><E37/><V47/><F47/><W88/><G72/><AGARI ba="1,1" hai="3,5,10,48,51,58,60,64,72,78,82,98,100,104" machi="72" ten="30,1000,0" yaku="7,1" doraHai="128" who="0" fromWho="3" sc="330,23,230,0,183,0,247,-13" owari="353,45.3,230,-17.0,183,-31.7,234,3.4" /></mjloggm>