<mjloggm ver="2.3"><GO type="225" lobby="0"/><UN n0="%EF%BC%AE%EF%BC%A1%EF%BC%AF%33%33%39" n1="%E3%80%93%E3%81%97%E3%83%BC%E3%82%89%E3%80%93" n2="%73%75%7A%75%6D%65%33" n3="%6D%75%75%73%61%6E%6D%75" dan="17,16,17,16" rate="2176.19,2109.27,2284.85,2124.51" sx="M,M,M,F"/><TAIKYOKU oya="0"/><INIT seed="0,0,0,4,1,85" ten="250,250,250,250" oya="0" hai0="25,56,28,4,75,97,61,126,29,117,112,93,128" hai1="9,109,101,67,134,35,31,53,89,66,3,124,76" hai2="68,70,45,32,10,129,36,23,81,100,65,92,80" hai3="84,123,103,49,121,42,72,50,102,127,24,77,74"/><T52/><D112/><U78/><E124/><V41/><F32/><W60/><G127/><T12/><D126/><U57/><E134/><V107/><F107/><W48/><G42/><T8/><D117/><U54/><E101/><N who="3" m="38410" /><G60/><T43/><D75/><N who="3" m="28713" /><G24/><T44/><D128/><U59/><E31/><V5/><F129/><W108/><G84/><T21/><D29/><U58/><E35/><V113/><F23/><W11/><G11/><T86/><D86/><U118/><E118/><V90/><F113/><W71/><G71/><T1/><D1/><U7/><E109/><V73/><F68/><W2/><G2/><T110/><D110/><U34/><E34/><V46/><F73/><W111/><G77/><T122/><D122/><AGARI ba="0,0" hai="48,49,50,108,111,121,122,123" m="28713,38410" machi="122" ten="40,5200,0" yaku="28,2,13,1" doraHai="85" who="3" fromWho="0" sc="250,-52,250,0,250,0,250,52" /><INIT seed="1,0,0,0,0,10" ten="198,250,250,302" oya="1" hai0="0,112,130,126,29,34,32,44,45,48,77,62,115" hai1="120,69,67,76,98,17,125,36,132,68,106,4,97" hai2="37,52,15,63,124,49,108,87,119,19,13,94,79" hai3="21,23,24,73,50,11,83,122,127,27,95,64,104"/><U129/><E4/><V96/><F37/><W1/><G104/><T2/><D77/><U117/><E76/><V5/><F119/><W101/><G122/><T9/><D62/><U16/><E67/><V56/><F108/><W28/><G127/><T82/><D82/><U103/><E103/><V57/><F124/><W128/><G128/><T93/><D126/><U12/><E12/><N who="2" m="4683" /><F5/><W43/><G83/><T133/><D9/><U33/><E98/><V90/><F19/><W70/><G70/><T7/><D7/><U121/><E97/><V66/><F79/><W105/><G73/><T38/><D38/><U74/><E16/><V92/><F92/><W110/><G95/><T14/><D93/><U78/><E17/><V51/><F51/><W58/><G50/><T134/><D14/><U39/><E69/><V31/><F31/><W65/><G28/><T102/><D48/><U118/><E118/><V116/><F116/><W80/><G110/><T53/><D29/><U135/><E135/><V20/><F20/><W3/><G21/><T46/><D134/><U55/><E39/><V8/><F8/><W113/><G11/><T72/><D133/><U42/><E78/><V75/><F75/><W89/><G23/><T71/><D72/><U88/><E120/><V85/><AGARI ba="0,0" hai="49,52,56,57,63,66,85,87,90,94,96" m="4683" machi="85" ten="30,8000,1" yaku="8,1,52,3,54,1" doraHai="10" who="2" fromWho="2" sc="198,-20,250,-40,250,80,302,-20" /><INIT seed="2,0,0,3,4,108" ten="178,210,330,282" oya="2" hai0="65,115,7,8,14,78,33,45,122,64,89,85,79" hai1="48,10,133,119,100,109,135,98,123,96,56,17,60" hai2="54,63,81,117,103,118,37,76,105,95,82,94,0" hai3="22,128,55,99,110,19,72,83,4,49,74,92,134"/><V18/><F0/><W104/><G104/><T124/><D122/><U30/><E123/><V114/><F37/><W43/><G110/><T126/><D33/><U11/><E109/><V35/><F35/><W116/><G116/><T26/><D26/><U3/><E119/><V112/><F18/><W113/><G128/><T57/><D45/><U9/><E30/><V44/><F44/><W6/><G43/><T77/><D57/><U38/><E38/><V16/><F16/><W67/><G67/><T53/><D53/><U15/><E48/><V125/><F54/><W5/><G134/><N who="1" m="51210" /><E3/><V52/><F125/><N who="0" m="48234" /><D115/><N who="2" m="44074" /><F52/><W131/><G131/><T93/><AGARI ba="0,0" hai="7,8,14,64,65,77,78,79,85,89,93" m="48234" machi="93" ten="30,1100,0" yaku="18,1" doraHai="108" who="0" fromWho="0" sc="178,11,210,-3,330,-5,282,-3" /><INIT seed="3,0,0,0,0,39" ten="189,207,325,279" oya="3" hai0="8,104,40,11,26,42,60,133,129,2,116,82,50" hai1="17,46,110,123,20,96,38,115,127,1,120,103,14" hai2="109,91,25,86,31,73,102,54,29,112,124,98,35" hai3="76,81,10,56,74,41,88,75,55,18,106,118,37"/><W99/><G118/><T87/><D104/><U36/><E1/><V15/><F112/><W12/><G106/><T3/><D116/><U70/><E70/><V23/><F73/><W5/><G75/><T128/><D60/><U85/><E115/><V6/><F109/><W79/><G79/><T44/><D26/><U84/><E110/><V130/><F130/><N who="0" m="50282" /><D133/><U89/><E127/><V7/><F124/><W92/><G37/><T53/><D3/><U78/><E78/><V45/><F31/><W52/><G41/><N who="0" m="15979" /><D2/><U100/><E85/><V51/><F15/><W97/><G56/><T72/><D72/><U107/><E103/><V119/><F119/><W117/><G117/><T13/><D13/><U33/><E33/><V125/><F35/><W47/><G47/><T66/><D66/><U95/><REACH who="1" step="1"/><E46/><REACH who="1" ten="189,197,325,279" step="2"/><V19/><F45/><W43/><G74/><T4/><D4/><U126/><E126/><V61/><F6/><W57/><G5/><T113/><D113/><U134/><E134/><V28/><F7/><W131/><G131/><T71/><D71/><U83/><E83/><V58/><F125/><W68/><G68/><T24/><D24/><U22/><E22/><V0/><F23/><W65/><G81/><T30/><D30/><U67/><E67/><V108/><F25/><W34/><G65/><T93/><D93/><U122/><AGARI ba="0,1" hai="14,17,20,36,38,84,89,95,96,100,107,120,122,123" machi="122" ten="30,4000,0" yaku="1,1,0,1,53,1" doraHai="39" doraHaiUra="9" who="1" fromWho="1" sc="189,-10,197,50,325,-10,279,-20" owari="179,-32.1,247,-15.3,315,41.5,259,5.9" /></mjloggm>