<mjloggm ver="2.3"><GO type="225" lobby="0"/><UN n0="%6D%75%75%6D%75%72%61" n1="%65%2D%73%65%70%65%6E%3B" n2="%E3%81%95%E3%81%8D%E3%81%9F%E3%81%BE%E6%9E%97%E6%AA%8E" n3="%73%61%6E%64%69%72%69%73" dan="17,17,16,16" rate="2190.90,2152.22,2124.43,2118.33" sx="F,M,M,M"/><TAIKYOKU oya="0"/><INIT seed="0,0,0,0,3,100" ten="250,250,250,250" oya="0" hai0="18,6,57,109,39,68,36,111,127,125,61,15,48" hai1="75,119,85,118,105,76,83,19,87,84,80,116,52" hai2="101,65,71,30,16,66,23,53,58,124,93,14,95" hai3="42,70,35,72,62,92,33,0,21,103,28,98,54"/><T5/><D68/><U29/><E29/><V43/><F124/><N who="0" m="47690" /><D48/><U113/><E19/><V81/><F43/><W120/><G72/><T67/><D18/><U123/><E52/><V22/><F71/><W1/><G42/><T126/><N who="0" m="47698" /><T31/><DORA hai="4" /><D31/><U102/><E123/><V107/><F107/><W132/><G132/><T89/><D89/><N who="1" m="51359" /><E113/><V79/><F79/><W133/><G133/><T56/><D56/><U47/><E47/><V3/><F81/><W135/><G120/><T59/><D59/><U20/><E20/><V24/><F3/><W34/><G135/><T64/><D64/><N who="2" m="24682" /><F101/><W17/><G28/><T77/><D77/><U114/><E114/><V44/><F44/><W11/><G70/><T91/><D91/><U106/><E102/><V9/><F23/><W128/><G21/><T78/><D78/><N who="1" m="44127" /><E87/><V12/><F12/><W38/><G0/><T50/><D15/><U51/><E51/><AGARI ba="0,0" hai="9,14,16,22,24,30,51,53,58,93,95" m="24682" machi="51" ten="30,3900,0" yaku="8,1,52,1,54,1" doraHai="100,4" who="2" fromWho="1" sc="250,0,250,-39,250,39,250,0" /><INIT seed="1,0,0,5,1,39" ten="250,211,289,250" oya="1" hai0="6,52,36,42,0,21,3,51,28,135,16,108,111" hai1="43,107,123,58,74,41,1,62,34,89,63,29,102" hai2="5,117,25,69,59,97,61,112,23,20,38,133,44" hai3="24,83,13,129,80,81,104,100,105,7,64,92,33"/><U71/><E1/><V30/><F133/><W79/><G64/><T8/><D135/><U45/><E123/><V48/><F117/><W60/><G129/><T96/><D28/><U56/><E74/><V98/><F112/><W46/><G60/><T73/><D96/><N who="1" m="61895" /><E89/><V15/><F38/><W10/><G79/><T125/><D73/><U12/><E12/><V35/><F69/><W65/><G65/><T131/><D131/><U130/><E45/><V57/><F35/><W109/><G24/><T9/><D3/><U118/><E118/><V87/><F87/><W126/><G33/><T19/><D8/><U22/><E22/><V37/><F37/><W18/><G46/><N who="0" m="23879" /><D21/><U121/><E63/><V115/><F115/><W66/><G10/><T124/><D19/><U103/><E103/><V134/><F134/><W27/><G18/><T116/><D16/><U49/><E121/><V101/><F101/><W31/><G100/><T93/><D93/><U72/><E72/><V90/><F23/><W128/><G128/><T55/><D116/><U106/><E106/><V119/><F119/><W4/><G92/><T120/><D120/><U82/><E130/><V32/><F20/><W132/><G105/><T54/><D51/><U91/><E49/><V84/><F48/><W47/><G104/><T26/><D26/><N who="1" m="18743" /><E82/><N who="2" m="49431" /><F98/><W68/><G132/><T77/><D77/><U95/><E95/><V113/><F97/><W94/><G94/><T40/><D40/><N who="1" m="15435" /><E91/><V50/><F50/><W85/><G81/><T17/><D17/><U67/><AGARI ba="0,0" hai="56,58,62,67,71" m="15435,18743,61895" machi="67" ten="30,11700,0" yaku="25,1,52,3" doraHai="39" who="1" fromWho="1" sc="250,-39,211,117,289,-39,250,-39" /><INIT seed="1,1,0,2,0,109" ten="211,328,250,211" oya="1" hai0="118,58,87,46,61,113,19,103,89,130,18,66,110" hai1="106,133,97,114,80,100,122,24,25,96,62,82,15" hai2="124,52,85,115,129,0,117,135,1,88,51,41,125" hai3="21,112,7,101,92,13,5,127,84,81,105,31,43"/><U37/><E122/><V17/><F117/><W94/><G105/><T34/><D118/><U55/><E37/><V54/><F135/><W93/><G101/><T45/><D110/><U134/><E114/><V60/><F129/><W131/><G131/><T107/><D130/><U95/><E15/><V78/><F78/><W4/><G127/><N who="2" m="48713" /><F17/><W38/><G112/><T36/><D34/><U44/><E24/><V123/><F123/><W8/><G43/><T48/><D113/><U56/><E25/><V102/><F102/><W76/><G38/><T42/><D103/><U65/><E44/><N who="2" m="25999" /><F115/><W90/><G76/><T59/><D59/><U53/><E106/><V120/><F120/><W20/><REACH who="3" step="1"/><G31/><REACH who="3" ten="211,328,250,201" step="2"/><T27/><D107/><U47/><E100/><V2/><F60/><W71/><G71/><T132/><D132/><U119/><E134/><V83/><AGARI ba="1,1" hai="0,1,2,52,54,83,85,88" m="25999,48713" machi="83" ten="40,5200,0" yaku="18,1,54,2" doraHai="109" who="2" fromWho="2" sc="211,-14,328,-27,250,65,201,-14" /><INIT seed="2,0,0,2,4,13" ten="197,301,315,187" oya="2" hai0="125,123,17,55,80,65,2,75,9,54,59,24,106" hai1="8,124,61,96,86,47,27,78,18,48,4,101,103" hai2="74,10,87,28,26,35,94,128,95,91,1,49,93" hai3="32,116,42,21,6,64,60,129,113,135,102,88,5"/><V98/><F128/><W126/><G32/><T36/><D123/><U109/><E109/><V114/><F114/><W0/><G116/><T110/><D110/><U25/><E124/><V51/><F74/><W134/><G126/><T127/><D106/><U81/><E78/><V130/><F130/><W89/><G129/><T117/><D117/><U43/><E61/><V73/><F73/><W104/><G42/><T56/><D65/><U82/><E82/><V72/><F72/><W41/><G41/><T119/><D36/><U69/><E69/><V30/><F30/><W29/><G113/><T70/><D70/><U66/><E66/><V53/><F51/><W83/><G102/><T76/><D119/><U115/><E115/><V131/><F131/><W50/><G50/><T38/><D38/><U100/><E96/><V58/><F98/><W52/><G104/><T68/><D68/><U20/><E25/><V132/><F132/><N who="3" m="50731" /><G64/><T34/><D55/><U44/><E44/><V37/><F37/><W97/><G83/><T14/><D2/><U77/><E101/><V11/><F1/><AGARI ba="0,0" hai="1,4,8,18,20,27,43,47,48,77,81,86,100,103" machi="1" ten="30,2000,0" yaku="7,1,52,1" doraHai="13" who="1" fromWho="2" sc="197,0,301,20,315,-20,187,0" /><INIT seed="3,0,0,4,1,123" ten="197,321,295,187" oya="3" hai0="125,109,32,124,51,61,15,46,131,38,19,101,104" hai1="12,1,65,33,76,108,99,96,45,83,36,39,70" hai2="34,90,80,106,130,20,67,98,26,110,105,48,55" hai3="122,14,111,72,84,25,79,113,58,118,82,112,49"/><W93/><G25/><T116/><D116/><U69/><E1/><V11/><F34/><W121/><G14/><T95/><D131/><U120/><E33/><V5/><F130/><W16/><G16/><T9/><D104/><U73/><E120/><N who="3" m="46186" /><G49/><T119/><D119/><U7/><E96/><V86/><F67/><W29/><G58/><T4/><D38/><U91/><E39/><V17/><F98/><W100/><G118/><T71/><D32/><U43/><E65/><V74/><F74/><W60/><G60/><T42/><D101/><U41/><E41/><V21/><F21/><W52/><G52/><T18/><D95/><U56/><E56/><V89/><F55/><W81/><G29/><T37/><D37/><U28/><E28/><V117/><F48/><W47/><G47/><T53/><D19/><U22/><E69/><V114/><F117/><W78/><G111/><T10/><D109/><U107/><E108/><V134/><F110/><W24/><G24/><T54/><D71/><U2/><E70/><V129/><F26/><W63/><G63/><T0/><REACH who="0" step="1"/><D53/><REACH who="0" ten="187,321,295,187" step="2"/><U62/><E36/><V27/><F17/><W40/><G40/><T92/><D92/><U94/><E43/><V88/><F106/><W6/><G6/><T44/><D44/><U66/><E107/><V57/><F105/><W23/><G23/><T35/><D35/><U133/><E45/><V64/><F5/><W75/><G100/><T103/><D103/><U87/><E22/><V132/><F20/><W8/><G8/><T135/><D135/><U68/><E133/><V59/><F134/><RYUUKYOKU ba="0,1" sc="187,15,321,-15,295,-15,187,15" hai0="0,4,9,10,15,18,42,46,51,54,61,124,125" hai3="72,75,78,79,81,82,84,93,112,113" /><INIT seed="3,1,1,2,4,88" ten="202,306,280,202" oya="3" hai0="87,44,66,119,42,117,49,30,32,93,10,51,78" hai1="12,109,36,101,13,18,57,58,104,89,7,27,83" hai2="82,94,56,107,4,19,72,127,39,53,34,9,64" hai3="8,124,1,116,2,79,50,115,73,6,41,130,98"/><W95/><G1/><T110/><D110/><U85/><E36/><V84/><F107/><W21/><G116/><T121/><D121/><U54/><E109/><V105/><F105/><W106/><G115/><T43/><D66/><U46/><E104/><V24/><F39/><W99/><G130/><T33/><D10/><N who="1" m="4191" /><E101/><V70/><F70/><W131/><G131/><T38/><D38/><U5/><E5/><V15/><F64/><W122/><G122/><T61/><D61/><U81/><E27/><V134/><F134/><W123/><G123/><T77/><D87/><U102/><E102/><V26/><F72/><W60/><G124/><T96/><D96/><U128/><E81/><V22/><F127/><W0/><G0/><T113/><D93/><U67/><E67/><V63/><F34/><W125/><G125/><T25/><D25/><U37/><E37/><V29/><F26/><W132/><G132/><T31/><REACH who="0" step="1"/><D44/><REACH who="0" ten="192,306,280,202" step="2"/><U86/><E128/><V76/><F94/><W92/><G106/><T126/><D126/><U17/><E85/><V75/><F75/><W129/><G129/><T135/><D135/><U3/><E46/><V16/><AGARI ba="1,2" hai="4,9,15,16,19,22,24,29,53,56,63,76,82,84" machi="16" ten="30,4000,0" yaku="0,1,8,1,54,1" doraHai="88" who="2" fromWho="2" sc="192,-11,306,-11,280,63,202,-21" owari="181,-21.9,295,9.5,343,44.3,181,-31.9" /></mjloggm>