<mjloggm ver="2.3"><GO type="225" lobby="0"/><UN n0="%72%69%6F%75%63%68%61%6E" n1="%E5%8D%A0%E3%81%84%E5%B8%AB%E8%A3%8F%E3%81%AA%E3%81%84%E3%81%97" n2="%E3%82%BC%E3%83%AB%E3%83%80%E3%81%AE%E4%BC%9D%E8%AA%AC" n3="%E3%81%BE%E3%81%A8%E3%81%9F" dan="16,17,17,16" rate="2208.60,2231.39,2229.82,2144.42" sx="M,M,M,M"/><TAIKYOKU oya="0"/><INIT seed="0,0,0,0,1,114" ten="250,250,250,250" oya="0" hai0="95,135,84,72,4,40,5,83,2,18,100,101,104" hai1="52,19,69,94,0,49,90,44,78,130,57,74,127" hai2="85,126,30,32,22,10,71,87,14,109,119,3,112" hai3="128,76,61,82,47,79,68,106,15,81,118,131,31"/><T53/><D135/><U38/><E127/><V115/><F71/><W39/><G106/><T12/><D72/><U60/><E130/><N who="3" m="49706" /><G31/><T80/><D40/><U132/><E132/><V77/><F87/><W9/><G47/><T67/><D67/><U98/><E0/><V125/><F85/><W27/><G39/><T86/><D104/><U42/><E78/><N who="3" m="29738" /><G27/><T37/><D37/><U13/><E74/><V116/><F77/><W66/><G118/><N who="2" m="45097" /><F109/><W1/><G1/><T70/><D2/><U120/><E120/><V103/><F103/><N who="0" m="39498" /><D70/><U56/><E69/><V65/><F65/><W29/><G29/><T88/><D53/><U62/><REACH who="1" step="1"/><E57/><REACH who="1" ten="250,240,250,250" step="2"/><V36/><F3/><W122/><G122/><T7/><D84/><U75/><E75/><V124/><F112/><W6/><AGARI ba="0,1" hai="6,9,15,61,66,68,81,82" m="29738,49706" machi="6" ten="30,1100,0" yaku="19,1" doraHai="114" who="3" fromWho="3" sc="250,-5,240,-3,250,-3,250,21" /><INIT seed="1,0,0,0,4,99" ten="245,237,247,271" oya="1" hai0="22,91,26,85,61,64,66,76,125,84,90,59,126" hai1="110,35,52,75,38,79,9,60,128,34,122,4,82" hai2="86,36,118,54,25,31,55,94,65,119,105,117,134" hai3="135,116,92,115,101,114,16,2,102,7,58,30,10"/><U123/><E128/><V73/><F73/><W11/><G30/><T98/><D66/><U42/><E60/><V45/><F105/><W133/><G116/><T67/><D64/><U113/><E113/><N who="3" m="43018" /><G92/><N who="0" m="56599" /><D76/><U17/><E52/><V57/><F134/><N who="3" m="51211" /><G58/><T121/><D121/><N who="1" m="46091" /><E17/><V89/><F65/><W37/><G37/><T46/><D46/><N who="1" m="23895" /><E110/><V132/><F132/><W48/><G48/><T12/><D12/><AGARI ba="0,0" hai="2,7,10,11,12,16,101,102" m="51211,43018" machi="12" ten="30,7700,0" yaku="20,1,52,2,54,1" doraHai="99" who="3" fromWho="0" sc="245,-77,237,0,247,0,271,77" /><INIT seed="2,0,0,1,0,111" ten="168,237,247,348" oya="2" hai0="14,25,7,23,128,62,57,91,102,129,105,65,3" hai1="59,103,39,117,121,42,119,8,108,100,46,68,130" hai2="71,115,48,63,60,56,19,88,41,12,64,101,21" hai3="5,24,28,80,45,133,131,11,2,134,106,10,76"/><V79/><F115/><W18/><G106/><T43/><D3/><U9/><E108/><V77/><F101/><W55/><G131/><T44/><D91/><U89/><E68/><V51/><F51/><N who="3" m="29167" /><G18/><T99/><D14/><U73/><E73/><V78/><F41/><W83/><G11/><T113/><D7/><U92/><E130/><N who="0" m="50281" /><D44/><U126/><E126/><V27/><F48/><W6/><G76/><T36/><D36/><U109/><E109/><V110/><F110/><W96/><G96/><T112/><D43/><U30/><E30/><AGARI ba="0,0" hai="23,25,30,57,62,65,99,102,105,112,113" m="50281" machi="30" ten="30,3900,0" yaku="19,1,52,2" doraHai="111" who="0" fromWho="1" sc="168,39,237,-39,247,0,348,0" /><INIT seed="3,0,0,0,0,39" ten="207,198,247,348" oya="3" hai0="8,128,87,115,11,0,99,53,114,2,85,80,10" hai1="30,17,41,46,6,109,29,121,86,19,26,74,84" hai2="125,7,77,50,133,118,70,48,111,82,103,95,34" hai3="59,24,116,22,33,105,31,16,21,66,83,43,69"/><W102/><G69/><T61/><D128/><U94/><E121/><V5/><F70/><W14/><G43/><T88/><D99/><U75/><E109/><V23/><F34/><W38/><G38/><T127/><D127/><U25/><E6/><V60/><F60/><W104/><G102/><T52/><D85/><U134/><E94/><V92/><F23/><W120/><G120/><T106/><D106/><U98/><E98/><V44/><F50/><W64/><G104/><T15/><D15/><U126/><E126/><V97/><F92/><W132/><G116/><T89/><D89/><U37/><E134/><V108/><F133/><W76/><G33/><T131/><D131/><U54/><E37/><V124/><F118/><W62/><G132/><T28/><D28/><U117/><E46/><V40/><F124/><W58/><G58/><N who="0" m="35015" /><D53/><U135/><E54/><V56/><F125/><W78/><G78/><T12/><D12/><U1/><E135/><V113/><F77/><W112/><G76/><T96/><D96/><U9/><E41/><V51/><F40/><W4/><G31/><T81/><D81/><U18/><E117/><V129/><F82/><W123/><G83/><T20/><D20/><U71/><E71/><V119/><F119/><W45/><G21/><T130/><D130/><U72/><E9/><V68/><F68/><W100/><G123/><T35/><D35/><U55/><E55/><V57/><F129/><W122/><G105/><T110/><D110/><U90/><E1/><V93/><F108/><W27/><G122/><T63/><D63/><U3/><E3/><AGARI ba="0,0" hai="0,2,3,8,10,11,80,87,88,114,115" m="35015" machi="3" ten="30,3900,0" yaku="6,1,54,2" doraHai="39" who="0" fromWho="1" sc="207,39,198,-39,247,0,348,0" owari="246,-15.4,159,-34.1,247,4.7,348,44.8" /></mjloggm>