<mjloggm ver="2.3"><GO type="225" lobby="0"/><UN n0="%E3%81%BF%E3%81%BF%E3%81%9A" n1="%E3%81%B2%E3%81%BE%E3%81%A4%E3%81%B6%E3%81%97" n2="%E5%84%AA%40%41%42%43" n3="%E3%83%A9%E3%83%96%E3%83%AC%E3%83%BC" dan="16,16,18,18" rate="2128.14,2146.63,2197.43,2177.07" sx="M,M,M,M"/><TAIKYOKU oya="0"/><INIT seed="0,0,0,3,3,67" ten="250,250,250,250" oya="0" hai0="115,112,126,54,113,109,8,48,32,74,5,64,33" hai1="7,18,71,69,16,120,96,97,30,58,117,68,108" hai2="40,125,88,26,131,29,39,79,44,87,86,13,84" hai3="73,11,60,62,61,130,15,36,51,94,34,0,80"/><T49/><D74/><U111/><E117/><V89/><F125/><W122/><G36/><T83/><D126/><U56/><E120/><V95/><F131/><W14/><G130/><T17/><D109/><N who="1" m="42059" /><E30/><V85/><F13/><W102/><G34/><T99/><D17/><N who="1" m="6763" /><E7/><V27/><F79/><W65/><G80/><T123/><D83/><U127/><E127/><V110/><F110/><W45/><G73/><T106/><D123/><U135/><E135/><V42/><F42/><W23/><G0/><T1/><D48/><U124/><E124/><V21/><REACH who="2" step="1"/><F26/><REACH who="2" ten="250,250,240,250" step="2"/><W10/><G15/><T105/><D113/><U133/><E133/><V100/><F100/><W12/><G12/><T98/><D112/><U116/><E116/><V70/><F70/><W66/><G102/><T77/><D115/><U63/><E58/><V19/><F19/><N who="3" m="10743" /><G122/><T72/><D77/><U119/><E119/><V22/><F22/><W28/><G28/><T118/><D118/><U50/><E50/><V9/><F9/><W47/><G51/><T37/><D32/><U41/><E41/><V2/><F2/><W75/><G10/><T35/><D33/><U55/><AGARI ba="0,1" hai="55,56,63,68,69,71,96,97" m="6763,42059" machi="55" ten="40,8000,1" yaku="14,1,52,3,54,1" doraHai="67" who="1" fromWho="1" sc="250,-40,250,90,240,-20,250,-20" /><INIT seed="1,0,0,2,4,35" ten="210,340,220,230" oya="1" hai0="119,114,42,68,56,31,75,125,30,128,93,131,78" hai1="60,15,25,32,20,115,6,109,83,118,14,134,133" hai2="40,94,106,135,34,13,53,38,26,123,91,87,24" hai3="17,90,5,64,54,7,66,67,22,102,57,61,113"/><U51/><E115/><V49/><F123/><W111/><G111/><T89/><D114/><U95/><E118/><V122/><F122/><W18/><G102/><T52/><D119/><U107/><E107/><V50/><F106/><W10/><G113/><T120/><D68/><U100/><E83/><V129/><F129/><N who="0" m="49738" /><D42/><U121/><E32/><V2/><F2/><W110/><G110/><T9/><D120/><U47/><E60/><V112/><F135/><W23/><G90/><T74/><D9/><U65/><E65/><V99/><F38/><W108/><G108/><T85/><D125/><U98/><E109/><V16/><F34/><W63/><G63/><N who="0" m="36231" /><D78/><U58/><E121/><V48/><F112/><W127/><G127/><T46/><D46/><U3/><E47/><N who="2" m="25703" /><F49/><W96/><G96/><T88/><D89/><U27/><E133/><V70/><F99/><W77/><G77/><T76/><D76/><U36/><E98/><V1/><F1/><W79/><G79/><T11/><D11/><U55/><E3/><V21/><F70/><W82/><G10/><T29/><AGARI ba="0,0" hai="29,30,31,74,75,85,88,93" m="36231,49738" machi="29" ten="30,4000,0" yaku="19,1,54,2" doraHai="35" who="0" fromWho="0" sc="210,40,340,-20,220,-10,230,-10" /><INIT seed="2,0,0,5,4,16" ten="250,320,210,220" oya="2" hai0="110,29,131,58,118,87,50,82,80,125,35,89,59" hai1="57,13,112,134,103,77,56,48,105,0,30,47,10" hai2="70,67,17,75,9,69,133,41,53,51,124,26,65" hai3="114,102,43,6,28,99,15,7,135,84,27,54,38"/><V60/><F75/><W122/><G122/><T81/><D110/><U108/><E108/><V64/><F9/><W14/><G114/><T78/><D125/><U23/><E112/><V120/><F17/><W85/><G135/><T88/><D131/><U31/><E134/><V130/><F26/><W109/><G109/><T76/><D118/><U61/><E77/><N who="0" m="29801" /><D35/><U71/><E103/><V68/><F133/><W94/><G38/><T100/><D100/><U79/><E79/><V132/><F132/><W36/><G36/><T116/><D116/><U128/><E105/><V98/><F98/><W19/><G43/><T37/><D37/><U32/><E32/><V83/><F83/><N who="0" m="31818" /><D89/><U72/><E72/><V34/><F34/><W113/><G113/><T73/><D73/><U55/><E0/><V22/><F120/><W117/><G117/><T45/><D29/><U96/><E30/><V4/><F4/><N who="3" m="1579" /><G28/><T39/><D39/><U20/><E31/><V12/><F124/><W63/><G27/><T97/><D97/><U2/><E96/><V95/><F130/><W44/><G15/><T11/><D11/><U21/><E2/><V3/><F3/><W49/><G63/><T1/><D1/><U5/><E128/><V123/><F123/><W127/><G127/><T126/><D126/><U46/><E71/><N who="2" m="27211" /><F41/><AGARI ba="0,0" hai="41,45,50,58,59,82,87,88" m="31818,29801" machi="41" ten="30,2000,0" yaku="8,1,54,1" doraHai="16" who="0" fromWho="2" sc="250,20,320,0,210,-20,220,0" /><INIT seed="3,0,0,3,3,100" ten="270,320,190,220" oya="3" hai0="41,31,23,82,5,121,7,112,120,115,73,39,110" hai1="6,50,123,3,43,8,127,106,75,13,36,113,12" hai2="1,114,0,119,104,46,47,9,20,111,69,84,118" hai3="90,2,95,94,51,68,54,56,70,66,89,80,74"/><W22/><G2/><N who="2" m="1129" /><F84/><W26/><G74/><T77/><D110/><U29/><E123/><V65/><F20/><W93/><G80/><T79/><D79/><U116/><E106/><V71/><F9/><W57/><G70/><N who="2" m="26633" /><F65/><W48/><G68/><T92/><D92/><U16/><E127/><V124/><F114/><N who="0" m="43562" /><D31/><U61/><E8/><V17/><F17/><W88/><G66/><T78/><D23/><U86/><E16/><V52/><F52/><N who="3" m="31751" /><G94/><T103/><D77/><U40/><E13/><V107/><F111/><W19/><AGARI ba="0,0" hai="19,22,26,51,54,57,88,89,90,93,95" m="31751" machi="19" ten="30,6000,0" yaku="8,1,54,2" doraHai="100" who="3" fromWho="3" sc="270,-20,320,-20,190,-20,220,60" /><INIT seed="3,1,0,5,1,113" ten="250,300,170,280" oya="3" hai0="66,22,92,115,131,123,53,55,71,60,67,119,40" hai1="17,76,84,45,34,89,44,41,25,31,35,122,18" hai2="78,20,88,85,72,110,13,97,2,5,3,49,39" hai3="38,63,68,80,58,100,103,93,30,62,7,132,107"/><W33/><G38/><T43/><D115/><U69/><E122/><V46/><F110/><W12/><G107/><T90/><D123/><U127/><E69/><V101/><F39/><W9/><G68/><T10/><D131/><U128/><E128/><V135/><F135/><W95/><G132/><T65/><D71/><U4/><E35/><V126/><F126/><W105/><G105/><T54/><D60/><U1/><E76/><V104/><F78/><W16/><G33/><T134/><D134/><U102/><E102/><N who="3" m="38954" /><G30/><T124/><D124/><U82/><E127/><V52/><F72/><W106/><G106/><T121/><D121/><U36/><E45/><V87/><F87/><W109/><G109/><T112/><D112/><U51/><E36/><V74/><F74/><W86/><G7/><T120/><D120/><U48/><E51/><V57/><F46/><W114/><G114/><T99/><D119/><U21/><E34/><V96/><F96/><W91/><G63/><T28/><REACH who="0" step="1"/><D10/><REACH who="0" ten="240,300,170,280" step="2"/><U59/><E1/><V118/><F118/><W11/><G9/><T108/><D108/><U0/><E0/><V56/><F56/><W77/><G77/><T37/><D37/><U15/><E59/><V79/><F79/><W29/><G29/><T75/><D75/><U8/><AGARI ba="1,1" hai="4,8,15,17,18,21,25,31,41,44,48,82,84,89" machi="8" ten="30,2000,0" yaku="0,1,8,1" doraHai="113" who="1" fromWho="1" sc="240,-6,300,33,170,-6,280,-11" owari="234,-16.6,333,43.3,164,-33.6,269,6.9" /></mjloggm>