<mjloggm ver="2.3"><GO type="225" lobby="0"/><UN n0="%E6%B8%A9%E2%98%85%E6%83%85%E2%98%85%E6%8E%AA%E2%98%85%E7%BD%AE" n1="%E4%B8%AD%E5%B9%B4%E3%81%AE%E5%8D%B1%E6%A9%9F" n2="%E3%83%AC%E3%82%A4%E3%83%88%E3%83%B3%E5%87%86%E6%95%99%E6%8E%88" n3="%61%69%73%79%6F" dan="16,17,18,17" rate="2172.66,2211.86,2278.10,2238.50" sx="M,M,M,M"/><TAIKYOKU oya="0"/><INIT seed="0,0,0,4,3,48" ten="250,250,250,250" oya="0" hai0="101,116,62,102,132,112,30,41,107,110,66,119,19" hai1="128,127,75,68,86,91,53,99,1,123,89,11,33" hai2="97,113,133,3,0,73,96,52,83,60,44,72,13" hai3="106,115,121,90,34,9,5,125,46,27,58,25,78"/><T70/><D112/><U20/><E33/><V126/><F113/><W79/><G115/><T122/><D122/><U131/><E75/><V17/><F133/><W67/><G106/><T104/><D132/><U32/><E32/><V43/><F126/><W47/><G125/><T2/><D2/><U80/><E68/><V56/><F3/><W120/><G90/><T42/><D30/><U50/><E127/><V29/><F0/><W109/><G34/><T118/><D110/><U28/><E123/><V39/><F29/><W37/><G37/><T88/><D19/><U7/><E28/><V94/><F83/><W31/><G31/><T45/><D88/><N who="1" m="51271" /><E20/><V16/><F96/><W57/><G67/><T93/><D93/><U135/><E99/><V26/><F17/><W23/><G23/><T22/><D22/><U85/><E85/><V63/><F26/><W105/><G105/><T103/><REACH who="0" step="1"/><D42/><REACH who="0" ten="240,250,250,250" step="2"/><U21/><E21/><V38/><F16/><W100/><G109/><T95/><D95/><U61/><E135/><V130/><F13/><W92/><G92/><T77/><D77/><U15/><E1/><V4/><F94/><W8/><REACH who="3" step="1"/><G5/><REACH who="3" ten="240,250,250,240" step="2"/><T82/><D82/><U10/><E91/><V65/><F4/><W111/><G111/><T76/><D76/><U24/><E89/><V6/><F6/><W14/><G14/><T35/><D35/><U98/><E98/><V59/><F97/><W64/><G64/><T114/><D114/><U69/><E24/><V55/><F65/><W54/><G54/><T124/><D124/><U117/><E53/><V49/><F55/><RYUUKYOKU ba="0,2" sc="240,15,250,-15,250,-15,240,15" hai0="41,45,62,66,70,101,102,103,104,107,116,118,119" hai3="8,9,25,27,46,47,57,58,78,79,100,120,121" /><INIT seed="0,1,2,5,3,57" ten="255,235,235,255" oya="0" hai0="82,67,31,111,43,128,106,83,14,50,84,93,97" hai1="129,24,127,61,44,134,33,131,0,98,32,40,125" hai2="91,94,20,55,42,77,112,60,100,19,56,45,69" hai3="51,38,5,120,15,105,48,17,107,13,59,122,22"/><T36/><D36/><N who="1" m="21511" /><E0/><V90/><F112/><W74/><G74/><T52/><D106/><N who="3" m="40457" /><G38/><T123/><D123/><N who="3" m="47145" /><G59/><T37/><D128/><N who="1" m="49227" /><E98/><N who="2" m="59479" /><F77/><W92/><G92/><T88/><D111/><U8/><E8/><AGARI ba="1,2" hai="5,8,13,15,17,22,48,51" m="47145,40457" machi="8" ten="30,1000,0" yaku="13,1" doraHai="57" who="3" fromWho="1" sc="255,0,235,-13,235,0,255,33" /><INIT seed="1,0,0,4,0,114" ten="255,222,235,288" oya="1" hai0="112,86,118,101,135,130,56,36,20,66,91,131,78" hai1="51,124,7,34,14,59,38,76,17,45,87,102,63" hai2="108,27,69,6,125,0,77,72,53,105,23,65,129" hai3="42,117,29,121,100,83,18,37,46,48,58,70,13"/><U40/><E124/><V30/><F125/><W82/><G121/><T97/><D36/><U90/><E34/><V93/><F105/><W49/><G70/><T35/><D35/><U4/><E102/><V113/><F108/><W134/><G29/><T2/><D2/><U120/><E38/><V54/><F113/><W31/><G31/><T41/><D41/><U115/><E76/><V33/><F129/><N who="0" m="49162" /><D78/><U10/><E115/><V133/><F133/><W111/><G100/><T47/><D47/><U11/><E11/><V116/><F6/><W44/><G111/><T15/><D112/><U3/><E3/><V75/><F0/><W98/><G98/><T127/><D127/><U60/><E60/><V55/><F77/><W25/><G25/><T73/><D73/><U64/><REACH who="1" step="1"/><E120/><REACH who="1" ten="255,212,235,288" step="2"/><V80/><F33/><W81/><G37/><T74/><D101/><U24/><E24/><V19/><F27/><W43/><G49/><T85/><D15/><U89/><E89/><V62/><F62/><W109/><G48/><T84/><D91/><U68/><E68/><V61/><F69/><W67/><G109/><T119/><D135/><U26/><E26/><V9/><F61/><W106/><G134/><T28/><D74/><U122/><E122/><V32/><F75/><W132/><G132/><T39/><D39/><U5/><E5/><V57/><F72/><W110/><G110/><T107/><D107/><U1/><E1/><V88/><F32/><W71/><G71/><T123/><D123/><U94/><AGARI ba="0,1" hai="4,7,10,14,17,40,45,51,59,63,64,87,90,94" machi="94" ten="20,7800,0" yaku="1,1,0,1,7,1,8,1,53,0" doraHai="114" doraHaiUra="79" who="1" fromWho="1" sc="255,-26,212,88,235,-26,288,-26" /><INIT seed="1,1,0,4,0,38" ten="229,300,209,262" oya="1" hai0="77,8,97,113,119,70,56,23,47,40,122,132,31" hai1="66,14,105,41,107,1,48,109,17,2,61,100,71" hai2="133,18,114,42,99,98,74,127,21,65,110,36,80" hai3="16,34,59,43,106,62,118,26,5,78,117,131,11"/><U0/><E109/><V120/><F120/><W68/><G106/><T10/><D70/><U52/><E100/><V73/><F110/><W112/><G112/><T101/><D119/><N who="3" m="45577" /><G78/><T63/><D113/><U94/><E94/><V84/><F114/><W96/><G96/><T130/><D130/><U108/><E108/><V93/><F133/><W20/><G34/><T50/><D77/><U81/><E81/><V19/><F19/><W102/><G68/><T69/><D69/><U51/><E41/><V33/><F33/><W115/><G43/><T45/><D132/><U72/><E51/><V9/><F99/><W83/><G83/><T67/><D47/><U29/><E29/><V95/><F95/><W44/><G44/><T76/><D76/><U57/><REACH who="1" step="1"/><E72/><REACH who="1" ten="229,290,209,262" step="2"/><V27/><F42/><W86/><G115/><T22/><D122/><U88/><E88/><V85/><F74/><W79/><G79/><T124/><D31/><U128/><E128/><V82/><F73/><W25/><G102/><T3/><D101/><U125/><E125/><V12/><F127/><W30/><G131/><T28/><D124/><U15/><E15/><V135/><F135/><W75/><G75/><T46/><D28/><U53/><E53/><V129/><F129/><W6/><G30/><T60/><D40/><U103/><E103/><N who="2" m="60879" /><F36/><W111/><G111/><T134/><D134/><U89/><E89/><N who="2" m="51335" /><F82/><W32/><G32/><T54/><D50/><U126/><E126/><V104/><F104/><W91/><G91/><T7/><D3/><U55/><E55/><V13/><F85/><W35/><G86/><RYUUKYOKU ba="1,1" sc="229,-10,290,30,209,-10,262,-10" hai1="0,1,2,14,17,48,52,57,61,66,71,105,107" /><INIT seed="1,2,1,0,2,34" ten="219,320,199,252" oya="1" hai0="35,66,91,48,69,26,77,10,78,73,65,41,67" hai1="120,80,5,101,31,95,102,15,49,87,36,40,33" hai2="123,112,56,8,47,94,61,38,105,25,107,9,63" hai3="23,45,51,17,0,62,13,131,20,6,118,129,130"/><U115/><E36/><V60/><F123/><W82/><G118/><T74/><D69/><U2/><E115/><V46/><F112/><W59/><G82/><T42/><D10/><N who="2" m="4202" /><F56/><W84/><G84/><T75/><D91/><U12/><E2/><V86/><F38/><W18/><G6/><T50/><D26/><U121/><E5/><V135/><F135/><W93/><G93/><T83/><D35/><U24/><E120/><V79/><F107/><W21/><G0/><T106/><D106/><U14/><E121/><V119/><F105/><W27/><G21/><T64/><N who="0" m="16384" /><DORA hai="89" /><T124/><D124/><U37/><E37/><V68/><F68/><W92/><G92/><T111/><D111/><U57/><E95/><V3/><F3/><W71/><G71/><T99/><D99/><U134/><E134/><V127/><F127/><W70/><G70/><T4/><D4/><U97/><E97/><V114/><F119/><W29/><G59/><T132/><D132/><U1/><E1/><V54/><F25/><W58/><G58/><T11/><D11/><U85/><E85/><V76/><F114/><W116/><G116/><T53/><D83/><U44/><REACH who="1" step="1"/><E57/><REACH who="1" ten="219,310,199,252" step="2"/><V55/><F94/><W88/><G131/><T104/><D104/><U43/><E43/><N who="0" m="16393" /><D53/><N who="2" m="19978" /><F86/><W19/><G130/><T122/><D122/><U117/><E117/><V81/><F81/><W125/><G129/><T110/><D110/><U28/><E28/><V126/><F126/><W100/><G125/><T52/><D52/><U133/><E133/><V39/><F39/><W109/><G109/><T7/><D7/><RYUUKYOKU ba="2,2" sc="219,10,310,10,199,10,252,-30" hai0="48,50,73,74,75,77,78" hai1="12,14,15,24,31,33,40,44,49,80,87,101,102" hai2="46,47,60,61,63,76,79" /><INIT seed="1,3,2,1,1,10" ten="229,320,209,222" oya="1" hai0="132,108,26,110,15,120,17,25,96,58,86,22,8" hai1="92,133,11,9,45,93,94,102,105,73,36,50,114" hai2="79,68,32,51,49,72,103,21,57,77,82,117,99" hai3="13,91,104,48,127,39,67,97,129,63,130,119,29"/><U30/><E114/><V83/><F32/><W54/><G39/><T100/><D132/><U46/><E73/><V107/><F68/><N who="3" m="42111" /><G127/><T18/><D120/><U56/><E133/><V62/><F21/><W44/><G119/><T16/><D58/><U95/><E105/><V47/><F47/><N who="1" m="17929" /><E36/><V134/><F134/><W113/><G113/><T87/><D18/><U126/><E30/><V69/><F69/><W121/><G121/><T42/><D26/><U135/><E126/><V90/><F90/><W66/><G66/><T2/><D2/><U88/><E102/><V122/><F117/><W14/><G29/><T7/><D17/><U106/><E106/><V112/><F112/><W74/><G74/><T85/><REACH who="0" step="1"/><D42/><REACH who="0" ten="219,320,209,222" step="2"/><U0/><E0/><V24/><F24/><W43/><G43/><T53/><D53/><N who="1" m="31799" /><E135/><V80/><F122/><W128/><G91/><T23/><D23/><U3/><E3/><V78/><REACH who="2" step="1"/><F72/><REACH who="2" ten="219,320,199,222" step="2"/><W28/><G28/><T33/><D33/><U124/><E124/><V116/><F116/><W4/><G4/><T84/><N who="0" m="21504" /><DORA hai="123" /><T55/><D55/><AGARI ba="3,4" hai="49,51,55,57,62,77,78,79,80,82,83,99,103,107" machi="55" ten="40,1300,0" yaku="1,1,53,0" doraHai="10,123" doraHaiUra="65,27" who="2" fromWho="0" sc="219,-22,320,0,199,62,222,0" /><INIT seed="2,0,0,0,4,125" ten="197,320,261,222" oya="2" hai0="75,42,59,48,90,100,69,8,0,52,113,44,131" hai1="12,7,114,51,66,77,119,35,92,45,71,103,33" hai2="73,67,6,129,24,115,39,83,60,117,105,11,76" hai3="10,124,23,94,3,19,34,2,84,27,21,28,111"/><V61/><F117/><W55/><G55/><T25/><D113/><U29/><E119/><V53/><F115/><W82/><G94/><T30/><D75/><U123/><E114/><V102/><F39/><W121/><G84/><T56/><D131/><U127/><E127/><V43/><F43/><W109/><G82/><T87/><D69/><U95/><E123/><V81/><F24/><N who="3" m="14399" /><G121/><T41/><D100/><U98/><E77/><V65/><F53/><W38/><G38/><T5/><D42/><U130/><E130/><V93/><F129/><W26/><G124/><T36/><D59/><U108/><E108/><N who="3" m="41546" /><G10/><T17/><D17/><AGARI ba="0,0" hai="2,3,17,23,26,27,28,34" m="41546,14399" machi="17" ten="30,3900,0" yaku="14,1,34,2" doraHai="125" who="3" fromWho="0" sc="197,-39,320,0,261,0,222,39" /><INIT seed="3,0,0,3,2,116" ten="158,320,261,261" oya="3" hai0="2,121,99,0,59,125,76,17,118,53,42,75,7" hai1="96,55,31,117,63,84,85,79,91,22,62,87,18" hai2="135,23,61,15,97,133,80,89,33,81,124,9,126" hai3="131,4,123,20,60,16,101,40,43,68,83,98,44"/><W13/><G123/><T47/><D118/><U122/><E122/><V95/><F33/><W28/><G131/><T74/><D121/><U3/><E3/><V41/><F41/><W50/><G83/><N who="2" m="31817" /><F61/><N who="1" m="23049" /><E79/><V54/><F54/><W92/><G28/><T45/><D125/><N who="2" m="48234" /><F23/><W52/><REACH who="3" step="1"/><G4/><AGARI ba="0,0" hai="4,9,15,89,95,97,133,135" m="48234,31817" machi="4" ten="30,1000,0" yaku="18,1" doraHai="116" who="2" fromWho="3" sc="158,0,320,0,261,10,261,-10" owari="158,-34.2,320,42.0,271,7.1,251,-14.9" /></mjloggm>