<mjloggm ver="2.3"><GO type="225" lobby="0"/><UN n0="%45%6C%79%73%69%75%6D" n1="%E3%81%82%E3%83%BC%E3%81%97" n2="%E8%81%B7%E6%A5%AD%E3%80%81%E9%A2%A8%32" n3="%41%54%53%4D" dan="18,16,16,16" rate="2159.45,2091.99,2090.96,2105.89" sx="F,M,M,M"/><TAIKYOKU oya="0"/><INIT seed="0,0,0,4,1,75" ten="250,250,250,250" oya="0" hai0="4,105,29,120,55,89,132,15,71,23,107,82,49" hai1="118,93,21,98,51,69,26,106,13,68,38,113,61" hai2="73,66,84,28,96,87,6,53,129,43,91,102,54" hai3="45,62,86,50,65,30,25,81,52,77,20,130,42"/><T70/><D120/><U22/><E38/><V64/><F73/><W39/><G130/><T5/><D132/><U111/><E118/><V85/><F129/><W2/><G2/><T44/><D71/><U74/><E74/><V94/><F43/><W46/><G62/><T63/><D70/><U126/><E106/><V33/><F6/><W88/><REACH who="3" step="1"/><G65/><REACH who="3" ten="250,250,250,240" step="2"/><T131/><D63/><U122/><E61/><V110/><F64/><W0/><G0/><T92/><D131/><U76/><E122/><V37/><F66/><W109/><G109/><T128/><D128/><U36/><E111/><V8/><F110/><W114/><G114/><T31/><D107/><U108/><E108/><V27/><F53/><W127/><G127/><T67/><D105/><U83/><E126/><V1/><F54/><W18/><G18/><N who="0" m="10719" /><D67/><U10/><E113/><V3/><F37/><W133/><G133/><T95/><D4/><U58/><E36/><V47/><F1/><W11/><G11/><T134/><D5/><U19/><E69/><V12/><F3/><W103/><G103/><T121/><D134/><U119/><E10/><V40/><F8/><W116/><G116/><T16/><D121/><U57/><E119/><V48/><REACH who="2" step="1"/><F12/><REACH who="2" ten="250,250,240,240" step="2"/><W72/><G72/><T41/><D55/><N who="1" m="31999" /><E13/><V115/><F115/><W100/><G100/><AGARI ba="0,2" hai="27,28,33,40,47,48,84,85,87,91,94,96,100,102" machi="100" ten="40,2600,0" yaku="1,1,53,1" doraHai="75" doraHaiUra="24" who="2" fromWho="3" sc="250,0,250,0,240,46,240,-26" /><INIT seed="1,0,0,3,1,90" ten="250,250,286,214" oya="1" hai0="103,27,42,92,126,106,88,122,15,121,67,89,65" hai1="83,37,6,70,109,40,7,98,64,75,63,52,133" hai2="129,81,3,28,77,13,111,114,104,46,12,74,56" hai3="49,66,87,95,124,8,94,55,101,20,107,93,17"/><U24/><E133/><V35/><F3/><W18/><G124/><T0/><D0/><U41/><E109/><V125/><F104/><W79/><G66/><N who="0" m="25099" /><D126/><U29/><E98/><V51/><F111/><W82/><G8/><T45/><D106/><U118/><E118/><V110/><F110/><W117/><G117/><T105/><D105/><U1/><E37/><V69/><F69/><W119/><G119/><T21/><D15/><U30/><E30/><V33/><F56/><N who="3" m="32879" /><G107/><T91/><D42/><U61/><E83/><V80/><F114/><W57/><G57/><T68/><D68/><U116/><E75/><V31/><F81/><W9/><G9/><T108/><D45/><U130/><E116/><V23/><F33/><W22/><G101/><T85/><D103/><U96/><E96/><V44/><F35/><W47/><G47/><T19/><D108/><U38/><E38/><V123/><F44/><W48/><G48/><T99/><D99/><U39/><E39/><V78/><F51/><W102/><G102/><T127/><D127/><U128/><E41/><V11/><F46/><W120/><G120/><AGARI ba="0,0" hai="19,21,27,85,88,89,91,92,120,121,122" m="25099" machi="120" ten="30,3900,0" yaku="13,1,52,1,54,1" doraHai="90" who="0" fromWho="3" sc="250,39,250,0,286,0,214,-39" /><INIT seed="2,0,0,1,0,103" ten="289,250,286,175" oya="2" hai0="48,68,114,129,35,50,127,82,102,54,14,93,109" hai1="116,134,91,18,56,15,30,41,126,89,81,63,0" hai2="39,10,62,71,23,122,51,55,13,115,75,94,33" hai3="104,125,67,92,123,57,66,107,85,132,72,135,58"/><V20/><F75/><W59/><G72/><T42/><D68/><U110/><E116/><V90/><F39/><W83/><G123/><T113/><D35/><U118/><E118/><V31/><F115/><W32/><G32/><T21/><D109/><U133/><E110/><V77/><F122/><W119/><G119/><T98/><D127/><U65/><E0/><V101/><F77/><W73/><G125/><T117/><D129/><U120/><E126/><V28/><F101/><W100/><G73/><T95/><D117/><U6/><E6/><N who="2" m="3287" /><F62/><W84/><G92/><T17/><D82/><U34/><E41/><V111/><F71/><W80/><G59/><T131/><D131/><U78/><E120/><V16/><F23/><W2/><G100/><T11/><D42/><U86/><E30/><V40/><F40/><W76/><G2/><T96/><D21/><U1/><E1/><V79/><F79/><AGARI ba="0,0" hai="57,58,66,67,76,79,80,83,84,85,104,107,132,135" machi="79" ten="25,6400,0" yaku="22,2,52,2" doraHai="103" who="3" fromWho="2" sc="289,0,250,0,286,-64,175,64" /><INIT seed="3,0,0,1,5,90" ten="289,250,222,239" oya="3" hai0="68,56,42,82,105,39,73,101,47,79,19,108,0" hai1="65,10,3,95,112,45,38,60,98,8,16,91,12" hai2="115,96,43,64,76,57,51,81,99,29,92,18,26" hai3="106,21,63,22,23,103,110,118,123,67,14,109,9"/><W59/><G118/><T54/><D108/><N who="3" m="41577" /><G123/><T46/><D46/><U134/><E134/><V15/><F115/><W1/><G1/><T119/><D119/><U132/><E112/><V111/><F111/><W77/><G77/><T52/><D68/><U34/><E34/><V71/><F71/><W86/><G86/><T62/><D0/><U50/><E132/><V28/><F99/><N who="3" m="61823" /><G23/><T30/><D105/><U37/><E8/><N who="2" m="6503" /><F26/><W11/><G11/><T97/><D79/><U25/><E25/><V104/><F104/><W13/><G13/><T135/><D73/><U121/><E121/><V6/><F6/><AGARI ba="0,0" hai="6,9,14,21,22,59,63,67" m="61823,41577" machi="6" ten="30,2900,0" yaku="14,1,10,1" doraHai="90" who="3" fromWho="2" sc="289,0,250,0,222,-29,239,29" /><INIT seed="3,1,0,5,3,83" ten="289,250,193,268" oya="3" hai0="114,99,65,87,111,72,119,46,103,97,18,118,124" hai1="86,108,109,130,113,11,75,61,57,28,68,12,15" hai2="3,123,94,52,47,53,112,102,39,58,76,6,121" hai3="50,9,59,16,14,27,19,92,79,116,128,70,84"/><W89/><G70/><T13/><D111/><N who="1" m="42571" /><E75/><V96/><F112/><W95/><G116/><T1/><D1/><U49/><E113/><V0/><F76/><W129/><G79/><T135/><D72/><U117/><E117/><V56/><F47/><W134/><G134/><T107/><D114/><U98/><E98/><V7/><F39/><W60/><G50/><T38/><D124/><U69/><E28/><V93/><F96/><W55/><G95/><T115/><D99/><U80/><E49/><V104/><F104/><W36/><G36/><T105/><D105/><U125/><E130/><N who="3" m="50282" /><G27/><T74/><D74/><U17/><E15/><V132/><REACH who="2" step="1"/><F132/><REACH who="2" ten="289,250,183,268" step="2"/><W126/><G126/><T41/><D135/><U85/><E125/><V77/><F77/><W37/><G37/><T23/><D115/><U78/><E86/><V67/><F67/><AGARI ba="1,1" hai="11,12,17,57,61,67,68,69,78,80,85" m="42571" machi="67" ten="30,2000,0" yaku="14,1,52,1" doraHai="83" who="1" fromWho="2" sc="289,0,250,33,183,-23,268,0" /><INIT seed="4,0,0,1,2,23" ten="289,283,160,268" oya="0" hai0="50,7,135,6,29,80,88,32,36,71,45,101,121" hai1="109,99,105,116,10,95,61,66,4,51,34,100,114" hai2="44,33,54,90,53,14,98,117,79,112,75,47,41" hai3="115,28,20,129,19,70,13,59,128,67,132,87,102"/><T74/><D36/><U56/><E116/><V1/><F1/><W15/><G70/><T49/><D71/><U111/><E34/><V104/><F33/><W73/><G73/><T103/><D121/><U22/><E105/><V63/><F112/><W16/><G115/><T40/><D135/><U107/><E114/><V21/><F117/><W9/><G132/><T113/><D113/><U93/><E51/><V96/><F79/><W24/><G102/><T72/><D29/><U82/><E82/><V110/><F75/><W131/><G87/><T77/><D32/><U25/><E95/><V5/><F104/><W133/><G133/><T58/><D74/><U92/><E92/><N who="2" m="56343" /><F98/><W31/><G15/><T39/><D103/><U27/><E27/><V30/><F41/><W26/><G26/><T12/><D101/><U122/><E122/><V8/><F110/><W89/><G89/><T18/><D88/><U38/><E38/><V37/><F37/><W35/><G35/><T85/><D72/><U94/><E94/><V124/><F124/><W42/><G42/><T76/><D76/><U108/><E107/><V123/><F123/><W69/><G69/><T55/><D39/><U83/><E83/><V134/><F134/><W118/><G118/><T65/><D65/><U57/><E57/><N who="2" m="35247" /><F54/><W86/><G86/><T0/><D0/><N who="1" m="263" /><E111/><V64/><F64/><W60/><AGARI ba="0,0" hai="9,13,16,19,20,24,28,31,59,60,67,128,129,131" machi="60" ten="40,8000,1" yaku="0,1,19,1,52,1,54,1" doraHai="23" who="3" fromWho="3" sc="289,-40,283,-20,160,-20,268,80" owari="249,-15.1,263,6.3,140,-36.0,348,44.8" /></mjloggm>