<mjloggm ver="2.3"><GO type="225" lobby="0"/><UN n0="%E3%81%99%E3%81%84%E3%81%BE%E3%81%9B%E3%83%BC%E3%82%93" n1="%77%72%77%72%77%72%77%72" n2="%E3%82%A2%E3%83%A1%E3%82%A2%E3%83%A9%E3%83%AC" n3="%E3%82%BC%E3%83%AB%E3%83%80%E3%81%AE%E4%BC%9D%E8%AA%AC" dan="18,17,16,18" rate="2209.28,2183.38,2051.47,2202.46" sx="M,M,M,M"/><TAIKYOKU oya="0"/><INIT seed="0,0,0,0,2,15" ten="250,250,250,250" oya="0" hai0="80,96,52,84,71,82,12,112,110,31,101,45,132" hai1="111,46,123,69,94,117,22,125,6,37,20,87,121" hai2="35,122,91,13,103,28,26,62,27,5,75,59,54" hai3="1,42,36,98,65,9,77,72,113,51,60,29,99"/><T78/><D112/><U70/><E117/><V105/><F122/><W118/><G113/><T49/><D132/><U68/><E111/><V7/><F75/><W43/><G118/><T107/><D110/><U66/><E125/><V0/><F0/><W64/><G29/><T79/><D71/><U8/><E66/><V86/><F27/><W88/><G51/><T2/><D2/><U39/><E94/><V21/><F103/><W131/><G131/><T47/><D31/><U73/><E87/><V93/><REACH who="2" step="1"/><F105/><REACH who="2" ten="250,250,240,250" step="2"/><W61/><G72/><T30/><D12/><U53/><E73/><V58/><F58/><W19/><G1/><T44/><D30/><U81/><E123/><V116/><F116/><W126/><G126/><T11/><D11/><U106/><E121/><V89/><F89/><W92/><G88/><T133/><D133/><U41/><E106/><V18/><AGARI ba="0,1" hai="5,7,13,18,21,26,28,35,54,59,62,86,91,93" machi="18" ten="30,4000,0" yaku="1,1,0,1,52,1,53,0" doraHai="15" doraHaiUra="120" who="2" fromWho="2" sc="250,-20,250,-10,240,50,250,-10" /><INIT seed="1,0,0,4,3,105" ten="230,240,290,240" oya="1" hai0="114,53,8,71,37,66,23,84,57,45,132,44,102" hai1="91,116,41,101,14,56,128,46,100,89,39,104,16" hai2="47,29,51,78,69,50,0,120,129,122,42,32,76" hai3="121,80,33,27,103,60,61,74,43,54,31,113,2"/><U21/><E116/><V127/><F0/><W99/><G113/><T10/><D114/><U70/><E70/><V75/><F69/><W25/><G121/><T98/><D132/><U12/><E128/><V1/><F1/><W131/><G2/><T133/><D133/><U11/><E56/><V34/><F129/><W107/><G131/><T81/><D66/><U119/><E119/><V79/><F127/><W15/><G43/><T115/><D71/><U58/><E58/><V85/><F85/><W5/><G54/><T4/><D23/><U83/><E104/><V125/><F125/><W130/><G25/><T118/><D118/><U135/><E135/><V28/><F78/><W49/><G49/><T24/><D24/><U3/><E3/><V9/><F9/><N who="0" m="3690" /><D37/><U63/><E63/><V94/><F42/><W95/><G130/><T26/><D26/><U97/><E83/><V18/><F94/><W6/><G107/><T134/><D4/><N who="3" m="1641" /><G15/><T96/><D115/><U110/><E110/><V123/><F123/><W35/><G35/><T126/><D126/><U36/><E36/><V82/><F82/><W52/><G52/><T106/><D134/><U64/><E64/><V92/><F92/><W38/><G38/><T108/><D108/><U59/><E59/><V55/><F55/><W77/><G80/><T124/><D124/><U86/><E97/><V62/><F62/><W19/><G19/><T65/><D65/><U93/><E89/><V30/><F30/><W20/><G33/><T117/><D117/><U73/><E73/><V72/><F18/><AGARI ba="0,0" hai="11,12,14,16,18,21,39,41,46,86,91,93,100,101" machi="18" ten="30,2900,0" yaku="7,1,54,1" doraHai="105" who="1" fromWho="2" sc="230,0,240,29,290,-29,240,0" /><INIT seed="1,1,0,0,3,89" ten="230,269,261,240" oya="1" hai0="77,122,61,98,94,108,2,38,135,12,102,42,114" hai1="6,104,70,130,56,36,41,119,33,24,11,72,53" hai2="126,63,86,39,96,3,25,5,18,40,101,59,1" hai3="132,87,90,65,100,106,80,68,133,21,64,121,20"/><U71/><E119/><V28/><F126/><W17/><G121/><T116/><D114/><U29/><E130/><V54/><F18/><W19/><G19/><T14/><D116/><U46/><E104/><V57/><F5/><W43/><G43/><T123/><D108/><U127/><E127/><V0/><F86/><W82/><G82/><T131/><D131/><U15/><REACH who="1" step="1"/><E72/><REACH who="1" ten="230,259,261,240" step="2"/><V10/><F0/><W95/><G106/><T7/><D2/><U83/><E83/><V69/><F1/><W124/><G124/><T113/><D123/><U75/><E75/><V84/><F3/><W23/><G132/><T110/><D122/><U60/><AGARI ba="1,1" hai="6,11,15,24,29,33,36,41,46,53,56,60,70,71" machi="60" ten="20,3900,0" yaku="1,1,0,1,7,1,53,0" doraHai="89" doraHaiUra="92" who="1" fromWho="1" sc="230,-14,259,52,261,-14,240,-14" /><INIT seed="1,2,0,1,5,87" ten="216,311,247,226" oya="1" hai0="24,135,108,127,113,51,76,91,111,47,117,128,57" hai1="16,53,26,109,101,114,25,75,42,40,17,9,11" hai2="132,69,122,63,94,104,32,6,88,112,86,107,120" hai3="4,56,106,43,20,45,83,36,74,52,130,8,22"/><U2/><E114/><V93/><F32/><W103/><G130/><T12/><D113/><U70/><E75/><V60/><F6/><W66/><G66/><T73/><D117/><U14/><E70/><V96/><F112/><W41/><G41/><N who="1" m="15978" /><E2/><V119/><F119/><W5/><G5/><T90/><D128/><U23/><E109/><N who="0" m="42057" /><D135/><U99/><E53/><V72/><F132/><W123/><G103/><T125/><D57/><U116/><E116/><V97/><F72/><W105/><G105/><N who="2" m="40521" /><F60/><N who="3" m="35847" /><G106/><T39/><D39/><U133/><E133/><V77/><F63/><W33/><G33/><T10/><D24/><N who="1" m="9323" /><E17/><V124/><F124/><N who="0" m="47690" /><D76/><U129/><E129/><V67/><F67/><W30/><G123/><N who="2" m="47145" /><F69/><W61/><G30/><T110/><D73/><U78/><E78/><V85/><F77/><N who="3" m="44471" /><G61/><T29/><D29/><U54/><E54/><V21/><F21/><W0/><AGARI ba="2,0" hai="0,4,8,20,22,36,43,45" m="44471,35847" machi="0" ten="30,2000,0" yaku="25,1,54,1" doraHai="87" who="3" fromWho="3" sc="216,-7,311,-12,247,-7,226,26" /><INIT seed="2,0,0,1,2,119" ten="209,299,240,252" oya="2" hai0="98,83,102,69,126,55,108,32,15,90,40,127,93" hai1="65,110,105,117,31,71,95,120,104,109,87,33,41" hai2="1,86,99,12,97,79,62,39,8,125,27,42,82" hai3="0,107,49,112,75,64,116,22,68,46,57,35,66"/><V53/><F125/><N who="0" m="47626" /><D32/><U89/><E117/><V20/><F1/><W114/><G116/><T18/><D69/><U21/><E33/><V52/><F42/><W26/><G35/><T135/><D40/><U63/><E41/><V13/><F39/><W56/><G0/><T59/><D108/><N who="1" m="41579" /><E120/><V45/><F62/><N who="3" m="39959" /><G75/><T113/><D113/><N who="3" m="43625" /><G107/><T36/><D36/><U133/><E133/><V4/><F13/><W72/><G72/><T78/><D135/><U101/><E101/><V2/><F2/><W54/><G66/><T7/><D102/><U9/><E9/><V130/><F130/><W84/><G84/><N who="0" m="48247" /><D7/><U61/><E63/><V122/><F122/><W5/><G5/><T76/><D76/><U34/><E34/><V58/><F45/><W23/><G23/><T17/><D15/><U129/><E129/><V19/><REACH who="2" step="1"/><F58/><REACH who="2" ten="209,299,230,252" step="2"/><W50/><G57/><T25/><D25/><AGARI ba="0,1" hai="21,25,31,61,65,71,87,89,95,104,105" m="41579" machi="25" ten="30,1000,0" yaku="14,1" doraHai="119" who="1" fromWho="0" sc="209,-10,299,20,230,0,252,0" /><INIT seed="3,0,0,0,4,98" ten="199,319,230,252" oya="3" hai0="84,16,131,51,119,3,111,10,24,72,22,132,116" hai1="15,61,95,38,5,66,99,14,53,21,43,101,35" hai2="74,124,125,6,108,87,62,134,60,110,56,69,90" hai3="30,32,104,114,71,64,83,45,96,81,76,4,23"/><W78/><G114/><T117/><D72/><U18/><E35/><V82/><F134/><W26/><G4/><T105/><D105/><U94/><E53/><N who="2" m="33807" /><F6/><W20/><G45/><T37/><D37/><U126/><E126/><N who="2" m="48747" /><F74/><N who="3" m="43159" /><G83/><T102/><D132/><U129/><E21/><V17/><F17/><W70/><G78/><T123/><D123/><U1/><E99/><V128/><F128/><W47/><G47/><T77/><D111/><N who="2" m="42538" /><F62/><N who="3" m="40215" /><G71/><AGARI ba="0,0" hai="69,71,82,87,90" m="42538,48747,33807" machi="71" ten="30,2000,0" yaku="18,1,14,1" doraHai="98" who="2" fromWho="3" sc="199,0,319,0,230,20,252,-20" owari="199,-30.1,319,41.9,250,5.0,232,-16.8" /></mjloggm>