<mjloggm ver="2.3"><GO type="225" lobby="0"/><UN n0="%6D%75%75%73%61%6E%6D%75" n1="%E6%A1%9C%E8%8A%B1%E9%96%83%E3%80%85" n2="%65%6B%61%72%75%74%65" n3="%E3%81%B5%E3%81%98%E3%81%8B%E3%81%A4" dan="16,16,16,17" rate="2068.56,2227.24,2152.77,2231.31" sx="F,M,M,M"/><TAIKYOKU oya="0"/><INIT seed="0,0,0,4,2,79" ten="250,250,250,250" oya="0" hai0="87,36,18,119,125,78,122,95,112,4,63,106,54" hai1="64,110,32,118,100,9,126,52,67,41,83,55,89" hai2="84,58,5,23,43,123,17,45,81,105,135,74,76" hai3="60,35,62,69,96,24,13,25,93,21,12,16,61"/><T88/><D112/><U15/><E118/><V91/><F123/><W85/><G69/><T66/><D119/><U47/><E110/><V28/><F135/><W103/><G35/><T3/><D122/><U38/><E32/><V102/><F5/><W99/><G25/><T131/><D106/><U29/><E29/><V10/><F58/><W73/><G73/><T48/><D36/><U1/><E1/><V82/><F102/><W19/><G19/><T113/><D113/><U42/><E100/><V111/><F111/><W27/><G27/><T50/><D131/><U114/><E126/><V107/><F10/><W98/><G85/><T117/><D117/><U121/><E114/><V57/><F57/><W109/><G109/><T53/><D125/><U26/><E26/><V127/><F28/><W14/><AGARI ba="0,0" hai="12,13,14,16,21,24,60,61,62,93,96,98,99,103" machi="14" ten="30,4000,0" yaku="0,1,8,1,54,1" doraHai="79" who="3" fromWho="3" sc="250,-20,250,-10,250,-10,250,40" /><INIT seed="1,0,0,5,4,80" ten="230,240,240,290" oya="1" hai0="88,133,12,20,94,135,100,116,77,42,104,17,96" hai1="54,4,48,85,114,106,46,130,21,134,28,13,73" hai2="91,126,120,38,63,43,39,78,71,33,121,7,52" hai3="56,65,69,118,32,101,67,34,11,97,29,93,10"/><U5/><E114/><V123/><F33/><W110/><G110/><T59/><D116/><U119/><E73/><V61/><F78/><W79/><G118/><T16/><D77/><U102/><E119/><V103/><F103/><W89/><G69/><T111/><D111/><U51/><E130/><V76/><F76/><W99/><G79/><T6/><D42/><U129/><E129/><V95/><F126/><W115/><G115/><T98/><D59/><U83/><E134/><N who="0" m="51209" /><D20/><U22/><E106/><V36/><F7/><N who="1" m="2633" /><E102/><V60/><F71/><W86/><G32/><T87/><D96/><U81/><E13/><V68/><F68/><W53/><G97/><T124/><D124/><U132/><E132/><V127/><F127/><W70/><G70/><T44/><D44/><N who="1" m="27911" /><E28/><V62/><F62/><N who="3" m="36111" /><G34/><T3/><D3/><U8/><E8/><AGARI ba="0,0" hai="6,8,12,16,17,87,88,94,98,100,104" m="51209" machi="8" ten="30,7700,0" yaku="20,1,52,1,54,2" doraHai="80" who="0" fromWho="1" sc="230,77,240,-77,240,0,290,0" /><INIT seed="2,0,0,2,4,29" ten="307,163,240,290" oya="2" hai0="59,34,67,2,0,57,90,78,80,77,108,103,14" hai1="23,37,76,35,101,12,110,49,50,5,128,19,114" hai2="24,124,123,95,11,68,112,104,69,74,118,26,79" hai3="66,97,85,131,134,8,20,25,32,39,113,63,41"/><V107/><F112/><W48/><G113/><T6/><D108/><U98/><E114/><V73/><F118/><W120/><G120/><T62/><D34/><U127/><E110/><V117/><F117/><W133/><G131/><T100/><D2/><U72/><E128/><V91/><F123/><W51/><G8/><N who="0" m="4375" /><D0/><U102/><E37/><V55/><F11/><W58/><G85/><N who="0" m="50471" /><D59/><U3/><E127/><V7/><F55/><W13/><G97/><T129/><D129/><U33/><E5/><V99/><F91/><W86/><G86/><T65/><D65/><U31/><E3/><V21/><F99/><W115/><G13/><T38/><D38/><U83/><E31/><V64/><F64/><W27/><G32/><T10/><D10/><U111/><E111/><V105/><F105/><W54/><G27/><T40/><D40/><U28/><E101/><AGARI ba="0,0" hai="57,62,67,77,78,100,101,103" m="50471,4375" machi="101" ten="30,1000,0" yaku="8,1" doraHai="29" who="0" fromWho="1" sc="307,10,163,-10,240,0,290,0" /><INIT seed="3,0,0,1,4,4" ten="317,153,240,290" oya="3" hai0="114,28,13,64,5,135,2,50,39,97,106,23,52" hai1="47,132,80,95,0,134,25,19,105,69,72,113,84" hai2="129,31,63,74,115,104,121,70,87,91,12,112,49" hai3="11,24,9,96,79,53,111,54,58,75,38,27,41"/><W57/><G111/><T85/><D39/><U51/><E113/><V10/><F104/><W128/><G128/><T68/><D2/><U30/><E105/><V109/><F74/><W35/><G75/><T26/><D114/><U127/><E69/><V65/><F109/><W29/><G79/><T108/><D108/><U133/><E127/><V1/><F1/><W17/><G96/><T93/><D135/><U78/><E0/><V86/><F129/><W120/><G120/><T125/><D125/><U110/><E110/><V83/><F121/><W8/><G38/><T102/><D68/><U107/><E107/><V81/><F49/><N who="3" m="30895" /><G35/><T14/><D64/><U118/><E118/><V55/><F55/><W15/><G41/><T101/><D5/><U46/><E51/><V33/><F31/><W77/><G77/><T32/><D32/><U37/><E37/><V42/><F42/><W48/><G29/><T76/><D102/><U82/><E95/><V43/><F43/><W66/><G66/><T36/><D36/><U22/><REACH who="1" step="1"/><E30/><REACH who="1" ten="317,143,240,290" step="2"/><V92/><F92/><W122/><G122/><T117/><D117/><U88/><AGARI ba="0,1" hai="19,22,25,46,47,72,78,80,82,84,88,132,133,134" machi="88" ten="30,12000,2" yaku="1,1,2,1,0,1,20,1,54,1,53,1" doraHai="4" doraHaiUra="73" who="1" fromWho="1" sc="317,-30,143,130,240,-30,290,-60" /><INIT seed="4,0,0,5,5,122" ten="287,273,210,230" oya="0" hai0="76,30,9,65,98,75,104,61,107,18,130,89,14" hai1="82,27,114,60,88,131,12,53,118,80,99,74,2" hai2="86,49,71,19,96,1,90,59,69,17,32,68,45" hai3="121,94,51,93,66,57,129,133,73,85,58,109,84"/><T0/><D130/><U43/><E118/><V63/><F32/><W40/><G121/><T115/><D115/><U38/><E2/><V132/><F132/><W81/><G129/><T21/><D75/><U10/><E131/><V97/><F1/><W126/><G73/><T28/><D76/><U128/><E128/><V134/><F134/><W116/><G133/><T11/><D104/><U15/><E114/><V78/><F78/><W25/><G116/><T35/><D35/><U123/><E123/><V29/><F29/><N who="0" m="11370" /><D107/><U16/><E27/><V91/><F59/><W79/><G25/><T101/><D101/><U55/><E38/><V41/><F63/><W102/><G102/><T119/><D119/><U117/><E43/><V5/><F5/><W70/><G40/><T127/><D127/><U3/><E3/><V64/><F64/><W20/><G66/><T111/><D111/><U13/><E117/><V95/><REACH who="2" step="1"/><F96/><REACH who="2" ten="287,273,200,230" step="2"/><W7/><G79/><T34/><D34/><U103/><E60/><V135/><F135/><W24/><G70/><T8/><D0/><U87/><E74/><V4/><F4/><W26/><G7/><T47/><D65/><U46/><E46/><V52/><F52/><N who="1" m="20041" /><E80/><AGARI ba="0,1" hai="17,19,41,45,49,68,69,71,80,86,90,91,95,97" machi="80" ten="40,1300,0" yaku="1,1,53,0" doraHai="122" doraHaiUra="124" who="2" fromWho="1" sc="287,0,273,-13,200,23,230,0" /><INIT seed="5,0,0,5,3,11" ten="287,260,223,230" oya="1" hai0="69,114,90,4,73,118,20,83,107,66,128,85,48" hai1="119,58,116,8,71,44,96,25,80,134,106,31,117" hai2="3,104,86,101,43,59,38,62,126,129,35,108,16" hai3="112,87,24,102,75,46,10,77,53,42,21,123,6"/><U78/><E71/><V120/><F120/><W32/><G123/><T39/><D118/><U74/><E134/><V67/><F108/><W61/><G112/><T54/><D39/><U63/><E44/><V113/><F35/><W15/><G32/><T97/><D114/><U14/><E106/><V2/><F113/><W132/><G132/><T70/><D66/><U98/><E25/><V89/><F126/><W100/><G53/><T82/><D128/><U133/><E31/><V50/><F38/><W52/><G75/><T29/><D4/><U27/><E27/><V13/><F129/><W76/><G42/><T49/><D49/><U124/><E124/><V12/><F101/><N who="3" m="39019" /><G87/><T55/><D97/><U47/><E47/><N who="2" m="25983" /><F104/><W111/><G111/><T33/><D33/><U105/><E105/><V28/><F28/><N who="3" m="17423" /><G46/><T22/><D107/><U109/><E109/><V40/><F40/><W36/><G36/><T81/><D29/><U135/><E135/><V95/><F3/><W23/><G23/><N who="0" m="8747" /><D73/><U72/><E72/><V26/><F2/><W19/><G6/><T92/><D70/><U34/><E34/><V51/><F51/><W122/><G122/><T1/><D1/><U79/><E133/><V37/><F37/><W121/><G121/><T57/><D69/><U130/><E130/><V91/><F91/><W5/><G5/><T127/><D127/><U56/><E79/><V115/><F115/><W0/><G0/><T45/><D45/><U110/><E110/><V7/><F7/><W60/><G60/><T94/><D55/><N who="1" m="34207" /><E58/><AGARI ba="0,0" hai="10,15,19,52,58,61,76,77" m="17423,39019" machi="58" ten="30,3900,0" yaku="8,1,52,1,54,1" doraHai="11" who="3" fromWho="1" sc="287,0,260,-39,223,0,230,39" /><INIT seed="6,0,0,3,4,84" ten="287,221,223,269" oya="2" hai0="27,24,30,43,131,41,52,21,9,96,74,61,72" hai1="77,26,14,12,90,47,112,1,62,53,55,68,107" hai2="33,93,122,91,7,67,83,117,129,54,92,108,35" hai3="99,57,0,46,2,6,8,3,70,127,125,50,64"/><V114/><F117/><W60/><G99/><T17/><D131/><U5/><E107/><V98/><F122/><W20/><G20/><T13/><D72/><U39/><E77/><V120/><F120/><W18/><G18/><T63/><D74/><U59/><E112/><V22/><F114/><W88/><G88/><T109/><D109/><U34/><E68/><V42/><F129/><W69/><G69/><T38/><D38/><U111/><E111/><V40/><F108/><W97/><G97/><T56/><D61/><U95/><E1/><V48/><F35/><W28/><G28/><N who="0" m="17423" /><D96/><U29/><E5/><V66/><F33/><W23/><G23/><T126/><D126/><N who="3" m="48137" /><G70/><T124/><D124/><U103/><E103/><N who="2" m="60871" /><F83/><W25/><G25/><T36/><D36/><U49/><E39/><V102/><F102/><W79/><G79/><T94/><D94/><U118/><E118/><V128/><F22/><AGARI ba="0,0" hai="9,13,17,22,27,30,41,43,52,56,63" m="17423" machi="22" ten="30,2000,0" yaku="8,1,54,1" doraHai="84" who="0" fromWho="2" sc="287,20,221,0,223,-20,269,0" owari="307,40.7,221,-17.9,203,-29.7,269,6.9" /></mjloggm>