<mjloggm ver="2.3"><GO type="225" lobby="0"/><UN n0="%E3%81%9F%E3%81%93%E2%98%86%E7%84%BC%E3%81%8D" n1="%E3%81%8F%E3%82%8A%E3%83%94%E3%83%BC" n2="%E3%81%A1%E3%82%85%E3%81%86%E3%81%A9%E3%81%8F%E8%B1%A1%E3%81%95%E3%82%93" n3="%E7%9C%9F%E4%B8%80" dan="16,16,17,16" rate="2110.41,2113.92,2197.83,2155.69" sx="M,M,M,M"/><TAIKYOKU oya="0"/><INIT seed="0,0,0,4,3,107" ten="250,250,250,250" oya="0" hai0="75,100,91,66,115,9,122,44,113,76,90,64,27" hai1="63,128,73,61,0,68,43,84,101,105,37,45,118" hai2="41,46,134,89,42,69,67,131,132,58,8,110,7" hai3="1,28,21,12,127,98,15,29,85,3,125,79,50"/><T17/><D122/><U71/><E118/><V39/><F89/><N who="0" m="33802" /><D44/><U20/><E128/><V81/><F81/><W95/><G50/><T4/><D27/><U78/><E84/><V112/><F8/><W97/><G79/><T11/><D4/><U62/><E20/><V116/><F7/><W40/><G85/><T106/><D17/><U86/><E86/><V25/><F25/><W33/><G95/><T53/><D106/><U2/><E63/><N who="2" m="40191" /><F116/><W109/><G40/><T49/><D49/><U77/><E62/><V19/><F19/><W59/><G21/><T22/><D53/><U14/><E61/><V99/><F112/><N who="0" m="43082" /><D100/><U34/><E14/><V117/><F117/><W57/><REACH who="3" step="1"/><G33/><REACH who="3" ten="250,250,250,240" step="2"/><T36/><D22/><U70/><E34/><V30/><F41/><W72/><G72/><T38/><D76/><U93/><E78/><V13/><F42/><W88/><G88/><T94/><D94/><U74/><E93/><V35/><F35/><W135/><G135/><T83/><D75/><N who="1" m="28683" /><E77/><V92/><F134/><W129/><G129/><T54/><D83/><U52/><E52/><V103/><F132/><W26/><G26/><T87/><D54/><U18/><E18/><V126/><F131/><W47/><G47/><T51/><D51/><U55/><E55/><V120/><F46/><W23/><G23/><T108/><D87/><U123/><E123/><V111/><F92/><W104/><G104/><T48/><D48/><U10/><E10/><V119/><F120/><W24/><G24/><T82/><D9/><U96/><AGARI ba="0,1" hai="0,2,37,43,45,68,70,71,96,101,105" m="28683" machi="96" ten="40,8000,1" yaku="33,2,52,3" doraHai="107" who="1" fromWho="1" sc="250,-40,250,90,250,-20,240,-20" /><INIT seed="1,0,0,0,4,93" ten="210,340,230,220" oya="1" hai0="29,106,107,28,2,90,35,85,44,114,48,7,1" hai1="108,12,102,68,133,62,31,65,22,55,56,20,30" hai2="51,79,88,111,63,123,125,42,17,134,25,4,78" hai3="38,18,60,118,94,80,75,47,5,37,130,15,73"/><U77/><E133/><V53/><F123/><W23/><G130/><T99/><D114/><U43/><E77/><V49/><F134/><W21/><G118/><T32/><D7/><U54/><E108/><V70/><F111/><W14/><G80/><T83/><D32/><U129/><E129/><V91/><F125/><W50/><G60/><T113/><D107/><U98/><E43/><V58/><F4/><W64/><G64/><T11/><D113/><U119/><E119/><V122/><F122/><W105/><G105/><T110/><D11/><U33/><E55/><V74/><F70/><W96/><G38/><T86/><D85/><U135/><E12/><V81/><F78/><W24/><G37/><T116/><D110/><U127/><E127/><V121/><F121/><W67/><G67/><T76/><D28/><U59/><E59/><V3/><F3/><W132/><G132/><T117/><D29/><U128/><E31/><V26/><F51/><W97/><G24/><T34/><D35/><U8/><E8/><V69/><F69/><W84/><G75/><T126/><D34/><U104/><E128/><V45/><REACH who="2" step="1"/><F25/><REACH who="2" ten="210,340,220,220" step="2"/><W120/><G120/><T6/><D126/><U19/><E135/><V52/><F52/><N who="3" m="29791" /><G73/><N who="0" m="43407" /><D6/><U0/><E68/><V92/><F92/><W13/><G5/><T87/><D1/><U124/><E0/><V36/><F36/><W57/><G13/><T61/><D2/><U27/><E124/><V112/><F112/><W40/><G15/><T89/><D117/><U103/><E104/><V71/><F71/><W82/><G14/><T100/><D116/><RYUUKYOKU ba="0,1" sc="210,-10,340,-10,220,30,220,-10" hai2="17,26,42,45,49,53,58,63,74,79,81,88,91" /><INIT seed="2,1,1,3,0,127" ten="200,330,250,210" oya="2" hai0="68,73,103,28,77,64,13,24,80,108,34,130,42" hai1="45,115,38,44,2,71,124,31,41,93,135,82,11" hai2="16,98,27,37,58,12,74,19,59,132,54,72,119" hai3="114,6,117,21,79,118,25,75,52,88,83,43,91"/><V128/><F119/><W92/><G43/><T97/><D108/><U134/><E115/><V35/><F37/><W15/><G114/><T32/><D42/><U47/><E124/><V10/><F132/><N who="1" m="50729" /><E71/><V86/><F59/><W110/><G110/><T23/><D13/><U40/><E40/><V95/><F86/><W76/><G79/><T106/><D23/><U122/><E122/><V113/><F113/><W56/><G6/><T33/><REACH who="0" step="1"/><D130/><REACH who="0" ten="190,330,250,210" step="2"/><U7/><E41/><V105/><F128/><W120/><G120/><T109/><D109/><U8/><E8/><V30/><F19/><W53/><G15/><T111/><D111/><U112/><E11/><V69/><F69/><W50/><G53/><T36/><D36/><U89/><E38/><V3/><F3/><W66/><G66/><T123/><D123/><U125/><E2/><V1/><F1/><W62/><G50/><T5/><D5/><U57/><E7/><V65/><F65/><W129/><G129/><T61/><AGARI ba="1,2" hai="24,28,32,33,34,61,64,68,73,77,80,97,103,106" machi="61" ten="30,12000,2" yaku="1,1,0,1,25,2,33,3,53,0" doraHai="127" doraHaiUra="4" who="0" fromWho="0" sc="190,143,330,-31,250,-61,210,-31" /><INIT seed="3,0,0,3,3,118" ten="333,299,189,179" oya="3" hai0="91,35,18,10,19,96,103,61,123,111,126,46,59" hai1="52,62,67,44,34,27,73,92,63,2,106,114,29" hai2="132,99,4,20,21,36,58,49,125,95,72,43,50" hai3="51,38,37,121,113,65,101,89,120,97,47,3,33"/><W9/><G113/><T131/><D35/><U11/><E114/><V60/><F72/><W77/><G89/><T14/><D123/><N who="3" m="47177" /><G51/><T24/><D46/><U85/><E73/><V7/><F36/><W81/><G65/><T107/><D24/><U6/><E106/><V112/><F112/><W42/><G33/><T108/><D19/><U56/><E44/><N who="2" m="25759" /><F50/><W109/><G109/><T90/><D61/><U135/><E92/><V117/><F117/><W55/><G55/><T124/><D59/><U0/><E85/><V13/><F132/><W83/><G83/><T48/><D48/><U84/><E84/><V68/><F68/><W134/><G134/><T53/><D53/><U71/><E135/><V88/><F125/><W86/><G86/><T32/><D32/><U130/><E52/><N who="2" m="33863" /><F13/><W100/><G38/><T105/><D107/><U87/><E67/><V75/><F75/><N who="3" m="43199" /><G97/><T69/><D96/><U115/><E87/><V31/><F20/><W102/><G101/><T70/><D103/><U64/><E34/><V15/><F15/><W74/><G74/><T82/><D14/><U98/><E64/><V76/><F76/><W94/><G94/><T16/><D82/><U104/><E98/><V23/><F23/><W5/><AGARI ba="0,0" hai="3,5,9,37,42,47,100,102" m="43199,47177" machi="5" ten="30,11700,0" yaku="25,1,52,3" doraHai="118" who="3" fromWho="3" sc="333,-39,299,-39,189,-39,179,117" /><INIT seed="3,1,0,1,1,13" ten="294,260,150,296" oya="3" hai0="114,81,75,129,87,68,31,109,6,50,128,116,54" hai1="22,57,82,66,56,47,93,104,26,106,79,10,105" hai2="30,63,73,123,135,77,45,61,8,46,55,33,0" hai3="29,37,83,103,96,80,58,74,41,35,90,60,120"/><W32/><G120/><T21/><D68/><U102/><E47/><V51/><F123/><W110/><G110/><T84/><D6/><U64/><E10/><V69/><F135/><W40/><G37/><T25/><D116/><U44/><E44/><V107/><F107/><W76/><G90/><T112/><D75/><U39/><E39/><V72/><F45/><W91/><G91/><N who="0" m="51599" /><D87/><U132/><E132/><V124/><F124/><W24/><G83/><T125/><D125/><U43/><E43/><V67/><F63/><W5/><G5/><T14/><D14/><U122/><E122/><V126/><F126/><W97/><G35/><T38/><D109/><U85/><E93/><V12/><F0/><W36/><G36/><T119/><D119/><U94/><E64/><V16/><REACH who="2" step="1"/><F77/><REACH who="2" ten="294,260,140,296" step="2"/><W86/><G74/><T113/><D38/><U95/><E105/><V11/><F11/><W4/><G41/><T65/><D114/><U48/><E106/><V59/><F59/><W18/><G40/><T53/><D113/><U20/><E104/><V92/><F92/><W71/><G58/><T88/><D112/><U49/><E95/><V70/><F70/><W42/><G60/><T134/><D134/><U115/><E57/><V28/><F28/><W100/><G71/><T23/><D31/><U27/><E56/><V99/><F99/><W101/><G42/><T1/><D1/><U3/><E3/><V19/><F19/><W15/><G4/><T111/><D111/><U98/><E115/><V108/><F108/><W17/><G18/><T121/><D121/><U2/><E2/><RYUUKYOKU ba="1,1" sc="294,-15,260,-15,140,15,296,15" hai2="8,12,16,30,33,46,51,55,61,67,69,72,73" hai3="15,17,24,29,32,76,80,86,96,97,100,101,103" owari="279,7.9,245,-15.5,155,-34.5,321,42.1" /></mjloggm>