<mjloggm ver="2.3"><GO type="225" lobby="0"/><UN n0="%E3%82%82%E3%81%90%E3%82%89" n1="%73%75%7A%75%72%61%6E%65" n2="%E9%A2%A8%E3%81%A7%E9%B3%B4%E3%81%8F" n3="%E3%81%BF%E3%81%BF%E3%81%9A" dan="17,16,16,17" rate="2221.26,2096.66,2147.38,2176.11" sx="M,M,M,M"/><TAIKYOKU oya="0"/><INIT seed="0,0,0,0,1,35" ten="250,250,250,250" oya="0" hai0="21,14,106,51,117,33,129,77,62,95,75,28,76" hai1="123,44,5,2,70,66,11,12,134,114,100,115,119" hai2="24,13,3,82,64,112,121,1,81,29,40,127,135" hai3="47,17,65,69,128,99,54,31,87,49,98,59,72"/><T18/><D106/><U125/><E119/><V86/><F112/><N who="1" m="43049" /><E123/><V68/><F121/><W78/><G72/><T39/><D39/><U124/><E100/><V91/><F127/><N who="1" m="48713" /><E44/><V56/><F68/><W60/><G128/><T107/><D107/><U19/><E66/><V85/><F40/><W36/><G31/><T22/><D117/><U30/><E70/><V97/><F97/><W80/><REACH who="3" step="1"/><G17/><REACH who="3" ten="250,250,250,240" step="2"/><T103/><D75/><U94/><E30/><V50/><F135/><W130/><G130/><T37/><D28/><U6/><E134/><V0/><F13/><W113/><G113/><T118/><D129/><U20/><E94/><V58/><F64/><W131/><G131/><T55/><D95/><U9/><E6/><V126/><F126/><W8/><G8/><AGARI ba="0,1" hai="2,5,8,9,11,12,19,20" m="48713,43049" machi="8" ten="30,8000,1" yaku="11,1,18,1,34,2,52,1" doraHai="35" who="1" fromWho="3" sc="250,0,250,90,250,0,240,-80" /><INIT seed="1,0,0,0,2,106" ten="250,340,250,160" oya="1" hai0="12,129,119,63,19,113,116,68,110,8,104,25,24" hai1="17,127,22,134,39,45,38,76,46,98,132,72,53" hai2="21,120,37,88,91,57,32,44,112,122,87,97,59" hai3="135,99,69,123,60,58,26,105,11,96,47,65,107"/><U83/><E127/><V82/><F32/><W93/><G123/><T101/><D113/><U114/><E114/><V6/><F112/><W18/><G135/><N who="1" m="51754" /><E98/><V2/><F120/><W81/><G69/><T33/><D110/><U16/><E17/><V10/><F122/><W0/><G96/><T133/><D133/><U43/><E53/><V95/><REACH who="2" step="1"/><F21/><REACH who="2" ten="250,340,240,160" step="2"/><W56/><G107/><T109/><D104/><U126/><E126/><V124/><F124/><W61/><G105/><T77/><D116/><U23/><E23/><V7/><F7/><W67/><G0/><T64/><D119/><U75/><E46/><V74/><F74/><W40/><G26/><T31/><D25/><N who="1" m="14535" /><E38/><V73/><F73/><AGARI ba="0,1" hai="39,43,45,72,73,75,76,83" m="14535,51754" machi="73" ten="30,12000,1" yaku="20,1,52,3,54,1" doraHai="106" who="1" fromWho="2" sc="250,0,340,130,240,-120,160,0" /><INIT seed="1,1,0,4,2,86" ten="250,470,120,160" oya="1" hai0="0,90,65,75,5,19,111,128,127,123,108,78,117" hai1="39,129,63,1,71,61,122,93,80,52,28,92,42" hai2="4,35,94,48,23,113,120,30,95,133,36,25,3" hai3="41,87,73,16,100,21,112,74,47,135,46,45,76"/><U37/><E122/><V125/><F120/><W13/><G112/><T132/><D117/><U54/><E1/><V33/><F36/><W62/><G135/><T131/><D123/><U51/><E28/><V50/><F133/><W43/><G100/><T8/><D132/><U101/><E101/><V124/><F113/><W68/><G87/><T49/><D127/><N who="2" m="48714" /><F4/><W15/><G15/><T69/><D49/><N who="2" m="19050" /><F3/><W105/><G105/><T88/><D19/><U118/><E51/><V96/><F95/><W11/><G11/><T34/><D34/><U9/><E9/><V72/><F72/><W104/><G104/><T83/><D65/><U79/><E71/><V82/><F82/><W20/><G20/><T7/><D69/><U14/><E14/><V38/><F38/><W89/><G89/><AGARI ba="1,0" hai="23,25,30,33,35,89,94,96" m="19050,48714" machi="89" ten="30,2000,0" yaku="18,1,52,1" doraHai="86" who="2" fromWho="3" sc="250,0,470,0,120,23,160,-23" /><INIT seed="2,0,0,2,0,23" ten="250,470,143,137" oya="2" hai0="92,132,49,96,61,88,25,64,131,35,3,72,18" hai1="81,21,111,117,53,90,13,47,82,95,127,32,38" hai2="31,122,55,93,104,17,109,83,120,114,60,1,48" hai3="15,0,2,5,16,70,84,126,40,46,59,74,125"/><V67/><F1/><W30/><G74/><T42/><D131/><U68/><E32/><V133/><F114/><W108/><G70/><T36/><D72/><U39/><E117/><V22/><F104/><W58/><G108/><T28/><D3/><N who="3" m="1065" /><G5/><T75/><D75/><U33/><E33/><V8/><F109/><W12/><G84/><T134/><D18/><U20/><E68/><V135/><F83/><W4/><G30/><T71/><REACH who="0" step="1"/><D49/><REACH who="0" ten="240,470,143,137" step="2"/><U43/><E111/><V91/><F120/><W106/><G4/><T94/><D94/><U57/><E95/><V103/><F122/><W11/><G106/><T77/><D77/><U50/><E38/><V116/><F116/><W54/><G15/><T107/><D107/><U113/><E13/><V51/><F31/><W80/><G80/><T63/><D63/><U89/><E82/><V85/><F51/><N who="3" m="29047" /><G40/><T78/><D78/><U44/><E81/><V112/><F112/><W65/><G65/><T76/><D76/><U9/><E113/><V97/><F60/><W27/><G27/><T34/><D34/><U119/><E119/><V87/><F67/><W6/><G6/><T123/><D123/><U69/><E43/><V100/><F48/><W128/><G128/><T66/><D66/><U29/><E50/><V19/><F55/><W26/><G26/><T99/><D99/><U102/><E53/><V45/><F97/><W37/><G37/><T130/><D130/><U115/><E39/><V98/><F98/><W24/><G24/><T124/><D124/><AGARI ba="0,1" hai="11,12,16,58,59,124,125,126" m="29047,1065" machi="124" ten="30,2000,0" yaku="18,1,54,1" doraHai="23" who="3" fromWho="0" sc="240,-20,470,0,143,0,137,30" /><INIT seed="3,0,0,5,3,119" ten="220,470,143,167" oya="3" hai0="43,49,30,96,67,113,1,87,79,36,78,52,34" hai1="61,13,45,104,95,132,21,40,26,72,85,2,51" hai2="62,135,69,32,11,84,68,130,102,4,12,128,97" hai3="71,42,121,38,76,7,65,133,33,57,37,82,17"/><W86/><G33/><T60/><D1/><U39/><E72/><V126/><F135/><W127/><G133/><T46/><D87/><U92/><E2/><V63/><F126/><W81/><G127/><T90/><D113/><U80/><E104/><V22/><F32/><W50/><G7/><T89/><D30/><N who="1" m="17743" /><E39/><V41/><F41/><W8/><G121/><T53/><D34/><U120/><E120/><V134/><F134/><W105/><G105/><T28/><D53/><U117/><E117/><V99/><F84/><W74/><G71/><N who="0" m="42471" /><D28/><U31/><E31/><V20/><F4/><W6/><G17/><T55/><D55/><U10/><E61/><V19/><F19/><W125/><G125/><T101/><D90/><N who="1" m="51495" /><E132/><V64/><F11/><W77/><G65/><T18/><D89/><U131/><E131/><V83/><F64/><W110/><G110/><T16/><D18/><AGARI ba="0,0" hai="10,13,18,40,45,51,92,95" m="51495,17743" machi="18" ten="30,1000,0" yaku="8,1" doraHai="119" who="1" fromWho="0" sc="220,-10,470,10,143,0,167,0" owari="210,1.0,480,58.0,143,-35.7,167,-23.3" /></mjloggm>