<mjloggm ver="2.3"><GO type="225" lobby="0"/><UN n0="%6B%79%6F%6E%6B%6F%31%31" n1="%E6%A1%9C%E8%8A%B1%E9%96%83%E3%80%85" n2="%E9%BB%99%E8%81%B4%E3%81%AE%E3%81%99%E3%82%9D%E3%82%81" n3="%E3%83%B4%E3%82%A3%E3%83%AF%E3%82%B3%E3%82%B0%E3%83%8B" dan="16,17,16,16" rate="2144.69,2174.17,2137.90,2203.81" sx="M,M,M,M"/><TAIKYOKU oya="0"/><INIT seed="0,0,0,5,4,45" ten="250,250,250,250" oya="0" hai0="134,27,7,132,99,47,86,115,15,11,90,77,76" hai1="116,123,28,125,122,88,96,35,95,40,8,120,16" hai2="37,91,80,38,128,54,121,63,126,114,107,56,5" hai3="78,41,14,71,2,100,1,25,72,33,70,79,17"/><T101/><D115/><U117/><E125/><V133/><F121/><W92/><G41/><T55/><D27/><U10/><E40/><V84/><F114/><W21/><G70/><T85/><D85/><U13/><REACH who="1" step="1"/><E10/><REACH who="1" ten="250,240,250,250" step="2"/><V23/><F126/><W69/><G69/><T119/><D119/><U64/><E64/><V104/><F38/><W24/><G71/><T62/><D134/><U112/><E112/><V103/><F37/><W52/><G52/><T4/><D132/><U59/><E59/><V51/><F133/><W49/><G1/><T93/><D4/><U82/><E82/><V127/><F127/><W97/><G2/><T102/><D102/><U110/><E110/><V111/><F111/><W44/><G33/><T75/><D75/><U29/><E29/><V32/><F5/><W73/><G73/><T105/><REACH who="0" step="1"/><D62/><REACH who="0" ten="240,240,250,250" step="2"/><U68/><E68/><V113/><F103/><W46/><G72/><T34/><D34/><U50/><E50/><AGARI ba="0,2" hai="7,11,15,47,50,55,76,77,86,90,93,99,101,105" machi="50" ten="40,3900,0" yaku="1,1,52,1,53,0" doraHai="45" doraHaiUra="61" who="0" fromWho="1" sc="240,59,240,-39,250,0,250,0" /><INIT seed="0,1,0,0,5,81" ten="299,201,250,250" oya="0" hai0="97,132,91,32,129,64,77,78,112,45,119,8,85" hai1="128,133,125,30,100,72,84,130,47,10,101,55,49" hai2="127,15,118,95,0,76,27,102,3,41,48,29,19" hai3="88,23,134,42,68,65,67,24,16,87,34,75,33"/><T66/><D112/><U104/><E72/><V110/><F110/><W121/><G75/><T14/><D32/><U74/><E74/><V80/><F127/><W31/><G134/><T105/><D119/><U22/><E125/><V5/><F118/><W117/><G117/><T122/><D122/><U11/><E133/><V93/><F41/><W39/><G121/><T17/><D132/><U60/><E60/><V79/><F48/><W43/><G34/><T2/><D2/><U131/><E104/><V108/><F108/><W54/><G54/><T21/><D129/><U111/><E111/><V92/><F102/><N who="1" m="39529" /><E84/><V98/><F98/><W83/><G68/><T70/><D97/><U109/><E109/><V26/><F26/><AGARI ba="1,0" hai="10,11,22,26,30,47,49,55,128,130,131" m="39529" machi="26" ten="40,1300,0" yaku="19,1" doraHai="81" who="1" fromWho="2" sc="299,0,201,16,250,-16,250,0" /><INIT seed="1,0,0,4,4,13" ten="299,217,234,250" oya="1" hai0="83,2,127,91,47,134,60,104,133,57,31,75,50" hai1="85,102,86,61,48,38,96,64,52,114,82,7,46" hai2="121,17,97,112,40,80,51,21,59,128,106,73,71" hai3="24,126,76,42,122,117,62,29,37,79,115,55,119"/><U39/><E114/><V10/><F128/><W12/><G122/><T87/><D104/><U6/><E39/><V54/><F121/><W103/><G115/><T109/><D2/><U53/><E38/><V25/><F71/><W100/><G126/><T30/><D75/><U69/><E53/><V131/><F131/><W16/><G42/><T70/><D70/><U113/><E113/><V116/><F116/><N who="3" m="44619" /><G37/><T67/><D109/><U120/><E120/><V15/><F112/><W26/><G62/><T43/><REACH who="0" step="1"/><D127/><REACH who="0" ten="289,217,234,250" step="2"/><U58/><E69/><V118/><F118/><W22/><G55/><T23/><D23/><U45/><E45/><V18/><F73/><W107/><G107/><T66/><D66/><U8/><E8/><V19/><F40/><W93/><G93/><T3/><D3/><U110/><E110/><V98/><F106/><W20/><G26/><T1/><D1/><U63/><E82/><V123/><F123/><W99/><G99/><N who="2" m="37897" /><F80/><W81/><G81/><T36/><D36/><U72/><E72/><V33/><F33/><W124/><G124/><T95/><D95/><N who="1" m="58655" /><E63/><V49/><F49/><W27/><G27/><T65/><D65/><U56/><E86/><V44/><F44/><W105/><G105/><T135/><AGARI ba="0,1" hai="30,31,43,47,50,57,60,67,83,87,91,133,134,135" machi="135" ten="30,4000,0" yaku="1,1,0,1,20,1,53,0" doraHai="13" doraHaiUra="101" who="0" fromWho="0" sc="289,50,217,-20,234,-10,250,-10" /><INIT seed="2,0,0,0,5,94" ten="339,197,224,240" oya="2" hai0="26,100,39,80,63,8,68,1,123,34,111,40,119" hai1="108,75,122,130,60,22,0,90,124,82,101,15,131" hai2="16,31,102,126,103,104,74,42,33,107,134,35,86" hai3="67,55,84,47,58,69,54,135,50,44,27,11,127"/><V3/><F74/><W57/><G135/><T59/><D123/><U5/><E122/><V110/><F3/><W128/><G127/><T87/><D111/><U113/><E113/><V91/><F126/><W93/><G128/><N who="1" m="49194" /><E124/><V85/><F42/><W92/><G69/><T30/><D68/><U28/><E108/><V52/><F110/><W118/><G118/><T132/><D132/><U9/><E60/><V73/><F73/><W20/><G11/><T125/><D125/><U37/><E37/><V120/><F120/><W65/><G84/><T66/><D40/><U72/><E101/><V88/><F31/><N who="3" m="17895" /><G44/><T38/><D100/><U70/><E70/><V71/><F71/><W117/><G117/><T78/><D119/><U121/><E121/><V19/><F134/><W48/><G47/><T81/><D8/><N who="1" m="2087" /><E90/><V114/><REACH who="2" step="1"/><F52/><REACH who="2" ten="339,197,214,240" step="2"/><W97/><G92/><T12/><D1/><U98/><E82/><V43/><F43/><W13/><G13/><T106/><D12/><U115/><E115/><AGARI ba="0,1" hai="16,19,33,35,85,86,88,91,102,103,104,107,114,115" machi="115" ten="25,12000,1" yaku="1,1,22,2,54,2,53,0" doraHai="94" doraHaiUra="129" who="2" fromWho="1" sc="339,0,197,-120,214,130,240,0" /><INIT seed="2,1,0,0,4,108" ten="339,77,344,240" oya="2" hai0="109,5,10,13,83,48,117,57,55,126,18,87,54" hai1="1,16,40,7,42,94,119,2,53,9,38,15,50" hai2="105,93,32,134,71,115,127,30,56,91,135,78,120" hai3="66,82,26,76,100,39,70,29,6,80,27,65,121"/><V63/><F105/><W96/><G121/><T19/><D109/><U62/><E119/><V74/><F71/><W99/><G39/><T124/><D117/><U22/><E38/><V103/><F103/><W79/><G70/><T106/><D106/><U97/><E1/><V14/><F120/><W98/><G100/><T130/><D130/><U112/><E62/><V123/><F123/><W47/><G47/><T73/><D73/><U17/><E17/><V28/><F127/><N who="0" m="48682" /><D55/><U45/><REACH who="1" step="1"/><E112/><REACH who="1" ten="339,67,344,240" step="2"/><V12/><F115/><W89/><G6/><T128/><D128/><U131/><E131/><V37/><F37/><W58/><G29/><T36/><D36/><U61/><E61/><V23/><F63/><N who="3" m="38135" /><G66/><T104/><D104/><U64/><E64/><V59/><F30/><W4/><G4/><T101/><D19/><U41/><E41/><V113/><F28/><W116/><G116/><T60/><D18/><U35/><E35/><V24/><F32/><W88/><G26/><T33/><D33/><U3/><E3/><V90/><F24/><W46/><G27/><T0/><D60/><U81/><E81/><V84/><F113/><W102/><G80/><T72/><D0/><U95/><E95/><V118/><F93/><W111/><G82/><T129/><D129/><U122/><E122/><V43/><F43/><W67/><G67/><T31/><D31/><U110/><E110/><V25/><F25/><W20/><G111/><T77/><D72/><U133/><E133/><V125/><F74/><W68/><G68/><T11/><D11/><U85/><E85/><V86/><F125/><RYUUKYOKU ba="1,1" sc="339,15,67,15,344,-15,240,-15" hai0="5,10,13,48,54,57,77,83,87,101" hai1="2,7,9,15,16,22,40,42,45,50,53,94,97" /><INIT seed="3,2,1,2,4,133" ten="354,82,329,225" oya="3" hai0="19,23,31,37,50,71,41,6,124,11,57,99,88" hai1="7,114,4,68,48,66,125,72,14,33,113,21,73" hai2="42,12,29,84,69,54,135,116,75,49,85,51,134" hai3="39,74,89,92,128,98,80,118,127,45,121,115,58"/><W52/><G128/><T53/><D124/><U81/><E48/><V35/><F75/><W25/><G115/><T123/><D71/><U46/><E46/><N who="2" m="25815" /><F69/><W10/><G118/><T27/><D123/><U96/><E96/><V117/><F29/><W60/><G121/><T0/><D37/><U122/><E21/><V129/><F35/><W101/><G127/><T130/><D130/><U65/><E14/><V112/><F112/><W97/><G10/><T67/><D67/><U86/><E86/><N who="2" m="33387" /><F12/><W100/><G97/><T59/><D41/><U34/><E68/><V40/><F40/><W8/><G8/><T3/><D3/><U110/><E122/><V32/><F32/><W78/><G39/><T131/><D131/><U15/><E15/><V61/><F61/><W44/><G101/><T106/><D59/><U95/><E95/><V13/><F13/><W64/><G100/><T30/><D106/><U90/><E90/><V79/><F79/><W132/><G132/><N who="2" m="50729" /><F129/><W28/><REACH who="3" step="1"/><G64/><REACH who="3" ten="354,82,329,215" step="2"/><T70/><D99/><U22/><E22/><AGARI ba="2,2" hai="22,25,28,44,45,52,58,60,74,78,80,89,92,98" machi="22" ten="30,11600,0" yaku="1,1,2,1,7,1,54,1,53,0" doraHai="133" doraHaiUra="102" who="3" fromWho="1" sc="354,0,82,-122,329,0,215,142" owari="354,15.4,-40,-54.0,329,-7.1,357,45.7" /></mjloggm>