<mjloggm ver="2.3"><GO type="225" lobby="0"/><UN n0="%E5%8F%AF%E5%85%90%E9%82%A3%E7%94%B1%E5%A4%9A" n1="%6D%75%75%6D%75%72%61" n2="%33%74%72%65%65" n3="%E5%B8%86%E7%AB%8B%E5%A4%8F%E8%A1%A3" dan="17,17,16,16" rate="2228.39,2202.03,2145.73,2117.14" sx="F,F,F,M"/><TAIKYOKU oya="0"/><INIT seed="0,0,0,4,2,11" ten="250,250,250,250" oya="0" hai0="105,0,59,57,34,67,113,117,39,4,28,86,31" hai1="35,17,64,24,66,82,45,87,8,69,133,123,89" hai2="107,49,121,126,75,37,38,51,110,98,23,18,114" hai3="104,101,60,10,96,48,52,108,20,127,115,120,36"/><T12/><D113/><U46/><E123/><V56/><F114/><W99/><G115/><T50/><D117/><U44/><E133/><V62/><F121/><W26/><G120/><T42/><D105/><U6/><E69/><V102/><F75/><W91/><G108/><T78/><D0/><U32/><E17/><V84/><F110/><W124/><G36/><T92/><D39/><U73/><E73/><V47/><F84/><W112/><G10/><N who="0" m="4167" /><D34/><U22/><E22/><V25/><F126/><N who="3" m="48171" /><G112/><T118/><D118/><U131/><E131/><V85/><F85/><W97/><G91/><N who="0" m="53367" /><D78/><U111/><E111/><V68/><F68/><W81/><G81/><T63/><D57/><U43/><E43/><V103/><F103/><W70/><G70/><T90/><D90/><U30/><REACH who="1" step="1"/><E32/><REACH who="1" ten="250,240,250,250" step="2"/><V21/><F21/><W128/><G128/><T29/><D29/><U1/><AGARI ba="0,1" hai="1,6,8,24,30,35,44,45,46,64,66,82,87,89" machi="1" ten="30,4000,0" yaku="1,1,2,1,0,1,53,0" doraHai="11" doraHaiUra="15" who="1" fromWho="1" sc="250,-20,240,50,250,-10,250,-10" /><INIT seed="1,0,0,2,1,110" ten="230,290,240,240" oya="1" hai0="130,53,3,125,122,108,4,116,54,133,43,88,24" hai1="124,49,14,87,33,31,16,95,62,6,68,91,82" hai2="92,135,72,1,29,85,28,46,32,96,67,19,105" hai3="115,60,5,76,117,41,56,70,22,61,123,50,38"/><U7/><E124/><V102/><F135/><W77/><G123/><T39/><D116/><U90/><E49/><V27/><F1/><W78/><G117/><T107/><D108/><U35/><E68/><V66/><F72/><W94/><G115/><T126/><D107/><U64/><E62/><V112/><F112/><W103/><G38/><T34/><D133/><U74/><E64/><V23/><F29/><W2/><G2/><T15/><D3/><U84/><E74/><V47/><F85/><W98/><G70/><T63/><D122/><U114/><E114/><V71/><F92/><W97/><G5/><T129/><D43/><U37/><E37/><V18/><F66/><W11/><G11/><N who="0" m="4583" /><D39/><U57/><E57/><V132/><F132/><W65/><G61/><T59/><D53/><U120/><E120/><V100/><F100/><W44/><G97/><T73/><D73/><U48/><E48/><V9/><F9/><W109/><G109/><T89/><D24/><U101/><E6/><V40/><F23/><AGARI ba="0,0" hai="22,23,41,44,50,56,60,65,76,77,78,94,98,103" machi="23" ten="40,1300,0" yaku="8,1" doraHai="110" who="3" fromWho="2" sc="230,0,290,0,240,-13,240,13" /><INIT seed="2,0,0,4,1,105" ten="230,290,227,253" oya="2" hai0="63,92,130,135,66,85,89,96,2,1,75,59,106" hai1="70,24,121,49,69,39,54,109,123,73,8,113,56" hai2="31,134,76,17,53,129,32,46,100,125,82,28,25" hai3="131,88,112,81,12,34,102,119,84,77,26,9,91"/><V11/><F134/><W97/><G119/><T107/><D135/><U41/><E113/><V33/><F129/><W14/><G131/><T126/><D130/><U83/><E109/><V36/><F125/><W50/><G112/><T80/><D126/><U23/><E8/><V94/><F100/><W104/><G50/><T21/><D21/><U52/><E54/><V103/><F103/><W60/><G60/><T22/><D22/><U61/><E39/><V29/><F94/><W117/><G117/><T27/><D27/><U48/><E48/><V87/><F53/><W58/><G58/><T115/><D115/><U127/><E127/><V57/><F57/><W40/><G40/><T93/><D93/><U132/><E132/><V78/><F78/><W3/><G3/><T99/><D99/><U6/><E6/><V35/><F11/><W42/><G14/><T71/><D71/><U118/><E118/><V7/><F7/><W90/><G42/><T110/><D110/><U47/><E73/><V68/><F68/><W116/><G116/><T20/><D20/><U124/><E83/><V86/><F86/><W114/><G114/><T62/><D62/><U128/><E124/><V0/><F0/><N who="0" m="106" /><D75/><U67/><E128/><V5/><F5/><W79/><G79/><N who="0" m="46239" /><D107/><U18/><E67/><V30/><REACH who="2" step="1"/><F17/><REACH who="2" ten="230,290,217,253" step="2"/><N who="3" m="8335" /><G77/><T19/><D19/><U95/><E95/><V111/><F111/><W72/><G72/><T108/><D108/><U45/><E47/><V13/><F13/><W122/><G122/><AGARI ba="0,1" hai="18,23,24,41,45,49,52,56,61,69,70,121,122,123" machi="122" ten="40,2600,0" yaku="13,1,54,1" doraHai="105" who="1" fromWho="3" sc="230,0,290,36,217,0,253,-26" /><INIT seed="3,0,0,4,4,24" ten="230,326,217,227" oya="3" hai0="29,0,2,8,18,125,112,126,80,30,128,12,66" hai1="85,107,25,34,127,41,31,36,101,87,86,94,131" hai2="19,38,70,134,7,5,14,109,105,13,130,68,96" hai3="37,121,113,51,35,78,65,72,92,82,117,50,20"/><W79/><G117/><T97/><D128/><U71/><E131/><V116/><F130/><W42/><G121/><T43/><D43/><U106/><E71/><V115/><F116/><W93/><G113/><T11/><D66/><U47/><E127/><N who="0" m="48649" /><D112/><U52/><E52/><V69/><F115/><W10/><G35/><T135/><D135/><U6/><E6/><V129/><F129/><W59/><G10/><N who="0" m="3627" /><D97/><U84/><E101/><V15/><F134/><W122/><G122/><T61/><D61/><U33/><E33/><V133/><F133/><W3/><G3/><N who="0" m="1067" /><D80/><U17/><E17/><V119/><F119/><W91/><G37/><T4/><D4/><U100/><E100/><V56/><F38/><W27/><G65/><T74/><D74/><U103/><E103/><V76/><F76/><N who="3" m="29227" /><G72/><T28/><D28/><U54/><E54/><V60/><F96/><N who="3" m="57375" /><G82/><T63/><D63/><U123/><E123/><V67/><F105/><W118/><G118/><T49/><D49/><N who="3" m="18441" /><G42/><T83/><D83/><U1/><E1/><V23/><REACH who="2" step="1"/><F109/><REACH who="2" ten="230,326,207,227" step="2"/><W81/><G81/><T111/><D111/><U48/><E36/><V89/><F89/><W99/><G99/><T21/><AGARI ba="0,1" hai="12,18,21,29,30" m="1067,3627,48649" machi="21" ten="40,8000,1" yaku="18,1,34,2,52,2" doraHai="24" who="0" fromWho="0" sc="230,90,326,-20,207,-20,227,-40" owari="320,42.0,306,10.6,187,-21.3,187,-31.3" /></mjloggm>