<mjloggm ver="2.3"><GO type="225" lobby="0"/><UN n0="%E3%81%8B%E3%82%8F%E3%81%A1%E3%82%83%E3%82%93%35%38" n1="%E3%81%A8%E3%82%93%E3%81%A8%E3%81%93%E3%81%A8%E3%82%93" n2="%E6%A1%9C%E8%8A%B1%E9%96%83%E3%80%85" n3="%E3%81%BF%E3%81%BF%E3%81%9A" dan="16,16,16,18" rate="2221.62,2124.53,2214.59,2251.21" sx="M,F,M,M"/><TAIKYOKU oya="0"/><INIT seed="0,0,0,0,5,18" ten="250,250,250,250" oya="0" hai0="93,99,81,55,105,102,71,98,10,59,95,21,113" hai1="62,45,130,72,38,103,48,31,74,11,50,132,13" hai2="35,134,108,44,96,32,67,61,19,116,60,115,54" hai3="104,86,100,75,78,65,37,1,109,131,107,83,26"/><T91/><D71/><U43/><E130/><V28/><F115/><W82/><G37/><T12/><D113/><U25/><E103/><V23/><F108/><W122/><G1/><T92/><D81/><U15/><E132/><V47/><F134/><W6/><G6/><T30/><D30/><U112/><E112/><V84/><F116/><W73/><G65/><T17/><REACH who="0" step="1"/><D10/><REACH who="0" ten="240,250,250,250" step="2"/><U24/><E11/><V56/><F28/><W119/><G119/><T39/><D39/><U20/><E38/><V42/><F35/><W0/><G109/><T51/><AGARI ba="0,1" hai="12,17,21,51,55,59,91,92,93,95,98,99,102,105" machi="51" ten="20,7800,0" yaku="1,1,0,1,7,1,52,1,53,0" doraHai="18" doraHaiUra="69" who="0" fromWho="0" sc="240,88,250,-26,250,-26,250,-26" /><INIT seed="0,1,0,1,3,64" ten="328,224,224,224" oya="0" hai0="21,49,132,15,129,7,99,85,33,65,53,22,102" hai1="3,68,127,17,117,89,52,50,95,44,63,84,130" hai2="93,80,32,19,116,41,59,8,90,31,58,18,25" hai3="73,103,118,98,26,92,97,111,107,123,51,122,110"/><T45/><D33/><U13/><E117/><V10/><F116/><W14/><G118/><T40/><D129/><U106/><E3/><V69/><F41/><W23/><G14/><T42/><D132/><U96/><E127/><V115/><F115/><W119/><G119/><T39/><D42/><U9/><E130/><V28/><F80/><W61/><G51/><T91/><D65/><U60/><E106/><V70/><F93/><W81/><G61/><T86/><D7/><U48/><E68/><V120/><F90/><N who="3" m="55447" /><G23/><T76/><D76/><U71/><E71/><V108/><F25/><W1/><G26/><T87/><D91/><U105/><E105/><V29/><F29/><W24/><G24/><T34/><D34/><U12/><E96/><V135/><F32/><W74/><G1/><T94/><REACH who="0" step="1"/><D15/><REACH who="0" ten="318,224,224,224" step="2"/><U55/><REACH who="1" step="1"/><E13/><REACH who="1" ten="318,214,224,224" step="2"/><V78/><F135/><W6/><G122/><T56/><AGARI ba="1,2" hai="21,22,39,40,45,49,53,56,85,86,87,94,99,102" machi="56" ten="30,6000,0" yaku="1,1,2,1,0,1,53,0" doraHai="64" doraHaiUra="72" who="0" fromWho="0" sc="318,83,214,-21,224,-21,224,-21" /><INIT seed="0,2,0,0,4,124" ten="401,193,203,203" oya="0" hai0="76,57,73,11,32,44,67,99,3,54,36,6,84" hai1="97,42,95,39,132,128,69,46,108,48,31,5,70" hai2="63,62,107,2,58,89,123,51,121,85,19,7,131" hai3="56,53,86,40,119,104,68,134,26,106,0,96,25"/><T94/><D73/><U79/><E108/><V22/><F107/><W15/><G119/><T100/><D32/><U103/><E132/><V24/><F2/><W113/><G0/><T29/><D29/><U8/><E128/><V98/><F7/><W49/><G113/><T27/><D27/><U65/><E79/><V35/><F35/><W18/><G68/><T87/><D67/><U30/><E48/><V1/><F1/><W43/><G134/><T20/><D20/><U88/><E103/><V91/><F131/><W82/><G96/><T111/><D111/><U9/><E9/><V83/><F121/><W34/><G106/><T116/><D76/><U126/><E126/><V127/><F123/><W13/><G104/><T78/><D78/><U92/><E92/><N who="2" m="56607" /><F127/><W115/><G13/><T101/><D101/><U120/><E120/><V77/><F89/><N who="3" m="51415" /><G34/><T33/><D33/><U71/><REACH who="1" step="1"/><E65/><REACH who="1" ten="401,183,203,203" step="2"/><V55/><AGARI ba="2,1" hai="19,22,24,51,55,58,62,63,77,83,85" m="56607" machi="55" ten="30,1100,0" yaku="8,1" doraHai="124" who="2" fromWho="2" sc="401,-7,183,-5,203,27,203,-5" /><INIT seed="1,0,0,5,3,75" ten="394,178,230,198" oya="1" hai0="132,97,117,106,103,109,126,33,82,10,44,92,36" hai1="80,119,22,101,127,113,68,107,90,135,114,34,11" hai2="41,86,98,23,8,88,95,99,128,24,1,121,28" hai3="131,69,102,133,60,20,48,134,61,93,71,76,14"/><U7/><E34/><V66/><F121/><W111/><G111/><T9/><D33/><U27/><E68/><N who="3" m="26186" /><G48/><T16/><D109/><U32/><E32/><V81/><F128/><W49/><G49/><T43/><D126/><U57/><E119/><V15/><F1/><W56/><G131/><T35/><D132/><N who="3" m="50793" /><G76/><T51/><D35/><U87/><E135/><V110/><F66/><W21/><G14/><T3/><D3/><U74/><E127/><V45/><F110/><W84/><G61/><T67/><D67/><U29/><E57/><V0/><F0/><W50/><G50/><T39/><D82/><U38/><E38/><V5/><REACH who="2" step="1"/><F81/><REACH who="2" ten="394,178,220,198" step="2"/><W125/><G125/><T64/><D64/><U115/><E74/><V108/><F108/><W58/><G58/><T31/><D117/><U53/><E113/><V116/><F116/><W118/><G118/><T96/><D44/><U37/><E114/><V104/><F104/><W73/><G73/><T72/><D72/><U129/><E115/><V19/><F19/><W105/><G105/><T46/><D106/><U122/><E129/><V55/><F55/><N who="3" m="33823" /><G102/><T100/><D100/><U79/><E122/><V13/><F13/><W94/><G94/><T42/><D103/><U62/><E101/><V18/><F18/><W17/><G17/><T78/><D92/><U25/><E107/><V130/><F130/><W40/><G40/><T91/><D43/><U26/><E53/><V30/><F30/><W2/><G2/><T65/><D42/><U59/><E29/><V63/><F63/><W120/><G120/><T52/><D31/><RYUUKYOKU ba="0,1" sc="394,-15,178,-15,220,15,198,15" hai2="5,8,15,23,24,28,41,45,86,88,95,98,99" hai3="20,21,84,93" /><INIT seed="2,1,1,4,0,69" ten="379,163,235,213" oya="2" hai0="129,35,8,77,72,10,19,11,108,112,48,14,73" hai1="54,76,1,103,85,135,111,93,22,59,125,82,58" hai2="66,128,20,68,78,84,52,121,131,126,57,75,124" hai3="105,113,90,16,47,9,28,106,32,6,99,110,61"/><V117/><F75/><W62/><G32/><T33/><D112/><U43/><E1/><V23/><F78/><W114/><G28/><T13/><D10/><U89/><E111/><V24/><F84/><W98/><G47/><T49/><D77/><U29/><E125/><N who="2" m="48235" /><F117/><W97/><G90/><T92/><D92/><U100/><E135/><V63/><F121/><W104/><G110/><T116/><D108/><U65/><E65/><V39/><F39/><W0/><REACH who="3" step="1"/><G16/><REACH who="3" ten="379,163,235,203" step="2"/><T91/><D19/><U55/><E43/><V53/><F20/><W37/><G37/><T18/><D18/><U134/><E134/><V56/><F23/><W4/><G4/><T115/><D91/><U5/><E5/><V79/><F24/><W67/><G67/><T41/><D35/><U36/><E36/><V83/><F79/><W109/><G109/><T70/><D33/><U118/><E118/><V80/><F80/><W71/><G71/><T17/><D70/><U107/><E22/><V31/><F83/><W123/><G123/><T101/><D116/><U88/><E29/><V133/><F31/><W102/><G102/><N who="1" m="38954" /><E107/><V86/><F133/><W42/><G42/><T132/><D132/><U87/><E76/><V96/><F68/><W2/><G2/><T3/><D3/><U95/><E82/><V94/><F66/><W30/><G30/><T130/><D41/><U120/><E120/><V81/><F81/><W21/><G21/><T119/><D119/><U12/><E12/><V46/><F46/><W122/><G122/><T40/><D40/><U44/><E44/><V74/><F53/><AGARI ba="1,2" hai="53,54,55,58,59,85,87,88,89,93,95" m="38954" machi="53" ten="30,3900,0" yaku="6,1,8,1,54,1" doraHai="69" who="1" fromWho="2" sc="379,0,163,62,235,-42,203,0" /><INIT seed="3,0,0,4,0,90" ten="379,225,193,203" oya="3" hai0="95,99,49,58,10,59,91,65,37,81,47,29,40" hai1="25,77,123,19,72,83,68,7,8,26,117,89,31" hai2="120,102,66,118,54,70,55,75,27,22,94,28,96" hai3="79,3,6,113,98,73,124,132,111,125,69,41,80"/><W52/><G113/><T115/><D115/><U62/><E123/><V51/><F118/><W110/><G69/><T76/><D29/><U17/><E117/><V23/><F120/><W46/><G132/><T112/><D112/><U42/><E42/><V4/><F75/><W18/><G18/><T38/><D10/><U12/><E26/><N who="2" m="16471" /><F70/><W44/><G98/><T122/><D122/><U126/><E126/><N who="3" m="48746" /><G52/><N who="2" m="20009" /><F66/><W135/><G135/><T105/><D105/><U36/><E36/><V39/><F39/><N who="3" m="21567" /><G46/><T119/><D119/><U48/><E68/><V103/><F4/><W104/><G104/><T130/><D59/><U67/><E67/><V86/><F51/><W71/><G71/><T101/><D58/><U14/><E48/><V127/><F127/><W21/><G21/><T87/><D65/><U61/><E61/><V97/><F97/><W35/><G35/><T93/><D130/><U108/><E62/><V24/><F103/><W85/><G85/><AGARI ba="0,0" hai="37,38,40,47,49,76,81,85,87,91,93,95,99,101" machi="85" ten="30,3900,0" yaku="7,1,52,2" doraHai="90" who="0" fromWho="3" sc="379,39,225,0,193,0,203,-39" owari="418,51.8,225,2.5,193,-20.7,164,-33.6" /></mjloggm>