<mjloggm ver="2.3"><GO type="225" lobby="0"/><UN n0="%6D%75%75%6D%75%72%61" n1="%E3%82%82%E3%81%86%E3%81%93%E3%82%8A%E3%81%94%E3%82%8A%E3%82%89" n2="%E3%81%86%E3%83%BC%E3%81%B1%E3%83%BC" n3="%E6%B8%A9%E2%98%85%E6%83%85%E2%98%85%E6%8E%AA%E2%98%85%E7%BD%AE" dan="16,16,16,16" rate="2178.66,2131.28,2193.78,2137.73" sx="F,M,F,M"/><TAIKYOKU oya="0"/><INIT seed="0,0,0,5,1,50" ten="250,250,250,250" oya="0" hai0="5,75,90,67,107,18,134,119,113,70,8,9,85" hai1="45,2,66,120,49,4,52,131,100,128,20,29,14" hai2="76,35,43,41,32,74,61,65,34,17,94,111,106" hai3="40,24,132,11,23,3,57,38,116,77,108,89,12"/><T92/><D113/><U13/><E120/><V127/><F106/><W59/><G116/><T51/><D119/><U26/><E66/><V91/><F111/><W53/><G3/><T130/><D130/><N who="1" m="49707" /><E100/><V64/><F127/><W103/><G108/><T44/><D134/><U36/><E36/><V73/><F64/><W117/><G117/><T118/><D118/><U124/><E124/><V30/><F30/><W96/><G132/><T79/><D107/><U48/><E48/><V114/><F17/><N who="3" m="8351" /><G77/><T135/><D135/><U121/><E121/><V33/><F114/><W28/><G38/><T27/><D75/><U84/><E84/><V122/><F122/><W105/><G105/><T98/><D70/><U63/><E63/><V42/><N who="2" m="8192" /><DORA hai="102" /><V129/><F76/><W46/><G40/><T58/><D67/><U86/><E86/><V110/><F110/><W68/><G103/><T88/><D79/><U0/><E14/><V71/><REACH who="2" step="1"/><F129/><REACH who="2" ten="250,250,240,250" step="2"/><W25/><G68/><T37/><D18/><U82/><E82/><V81/><F81/><W47/><G28/><T104/><D104/><U99/><E99/><AGARI ba="0,1" hai="41,42,43,61,65,71,73,74,91,94,99" m="8192" machi="99" ten="70,4500,0" yaku="1,1,53,1" doraHai="50,102" doraHaiUra="93,109" who="2" fromWho="1" sc="250,0,250,-45,240,55,250,0" /><INIT seed="1,0,0,1,2,113" ten="250,205,295,250" oya="1" hai0="123,130,47,54,28,35,93,51,23,43,62,122,134" hai1="76,102,73,25,41,19,72,111,107,63,119,7,36" hai2="132,69,87,49,90,5,38,108,57,86,3,103,127" hai3="131,46,116,52,135,74,133,99,98,18,88,10,94"/><U124/><E19/><V22/><F69/><W16/><G131/><T27/><D130/><U67/><E25/><V48/><F38/><W15/><G74/><T125/><D125/><U37/><E7/><V101/><F108/><W109/><G109/><T9/><D134/><N who="3" m="51209" /><G116/><T14/><D93/><U4/><E111/><V1/><F127/><W82/><G82/><T20/><D62/><U21/><E21/><V114/><F114/><W59/><G46/><T66/><D66/><U71/><E124/><V78/><F132/><W6/><G98/><T8/><D54/><U34/><E4/><V105/><F22/><N who="0" m="8234" /><D14/><U100/><E100/><V104/><F5/><W12/><G15/><T126/><D126/><U75/><E76/><V89/><F57/><W32/><G32/><T112/><D112/><U96/><E119/><V91/><F90/><W53/><G53/><T92/><D92/><U60/><E63/><AGARI ba="0,0" hai="6,10,12,16,18,52,59,63,88,94,99" m="51209" machi="63" ten="30,7700,0" yaku="20,1,54,3" doraHai="113" who="3" fromWho="1" sc="250,0,205,-77,295,0,250,77" /><INIT seed="2,0,0,3,2,104" ten="250,128,295,327" oya="2" hai0="69,3,50,19,66,135,64,33,88,73,100,86,115" hai1="116,78,46,34,132,47,112,113,121,28,67,87,110" hai2="17,20,58,83,30,106,26,111,45,124,59,15,22" hai3="72,12,43,36,74,16,94,31,32,65,127,90,4"/><V76/><F124/><W82/><G127/><T9/><D115/><U41/><E87/><V25/><F106/><W60/><G4/><T79/><D33/><U5/><E78/><V71/><F71/><W85/><G43/><T108/><D108/><U105/><E5/><V102/><F102/><W122/><G36/><T99/><D135/><U27/><E27/><V21/><F45/><W24/><G122/><T125/><D125/><U81/><E81/><V119/><F119/><W44/><G44/><T56/><D69/><U48/><E28/><V61/><F61/><W11/><G82/><T7/><D19/><U6/><E6/><V10/><F111/><W37/><G37/><T54/><D79/><U120/><E34/><V52/><F52/><W117/><G117/><T89/><D73/><U128/><E105/><V70/><F70/><AGARI ba="0,0" hai="11,12,16,24,31,32,60,65,70,72,74,85,90,94" machi="70" ten="30,7700,0" yaku="7,1,52,2,54,1" doraHai="104" who="3" fromWho="2" sc="250,0,128,0,295,-77,327,77" /><INIT seed="3,0,0,5,0,48" ten="250,128,218,404" oya="3" hai0="53,47,132,110,99,6,13,39,41,70,113,82,38" hai1="2,8,18,126,65,131,94,124,22,68,35,88,115" hai2="80,121,102,36,61,111,76,7,135,49,78,79,85" hai3="91,109,37,1,59,67,66,9,129,95,106,74,71"/><W31/><G106/><T29/><D70/><U93/><E115/><V26/><F36/><W15/><G37/><T32/><D110/><U62/><E35/><V63/><F111/><W45/><G74/><T96/><D39/><U58/><E131/><V108/><F108/><W103/><G103/><T55/><D132/><U105/><E105/><V118/><F118/><W101/><G101/><T30/><D82/><U52/><E94/><V27/><F135/><W46/><G1/><T119/><D119/><U77/><E77/><V75/><F102/><W12/><G31/><T57/><D57/><U42/><E42/><V114/><F114/><W40/><G40/><T128/><D128/><U86/><E8/><V21/><F7/><W120/><G67/><T104/><D104/><U81/><E81/><V19/><F27/><W73/><G66/><T23/><D32/><U3/><E126/><V20/><F20/><W56/><G71/><T107/><D107/><U125/><E125/><V43/><F121/><W4/><G73/><T112/><D30/><U98/><E124/><V84/><F75/><W14/><G129/><T123/><D123/><U69/><E69/><V83/><F76/><W60/><G120/><T89/><D89/><U54/><E54/><N who="0" m="20489" /><D29/><U25/><REACH who="1" step="1"/><E86/><REACH who="1" ten="250,118,218,404" step="2"/><V28/><F43/><W117/><G109/><T72/><D113/><U17/><E17/><V44/><F19/><W130/><G130/><T10/><D112/><U50/><AGARI ba="0,1" hai="2,3,18,22,25,50,52,58,62,65,68,88,93,98" machi="50" ten="20,16000,3" yaku="1,1,0,1,7,1,52,1,54,2,53,2" doraHai="48" doraHaiUra="34" who="1" fromWho="1" sc="250,-40,118,170,218,-40,404,-80" owari="210,-19.0,288,8.8,178,-32.2,324,42.4" /></mjloggm>