<mjloggm ver="2.3"><GO type="225" lobby="0"/><UN n0="%73%69%72%6F%75%74" n1="%E3%83%AD%E3%83%83%E3%83%86%E9%9B%80%E7%90%83" n2="%E3%81%A1%E3%82%85%E3%81%86%E3%81%A9%E3%81%8F%E8%B1%A1%E3%81%95%E3%82%93" n3="%E3%82%BC%E3%83%AB%E3%83%80%E3%81%AE%E4%BC%9D%E8%AA%AC" dan="16,17,16,16" rate="2170.58,2263.41,2104.86,2103.69" sx="M,M,M,M"/><TAIKYOKU oya="0"/><INIT seed="0,0,0,0,0,127" ten="250,250,250,250" oya="0" hai0="14,126,21,129,68,76,79,2,4,71,64,33,72" hai1="97,80,3,113,52,131,67,15,114,40,123,69,105" hai2="47,54,85,34,65,57,108,19,86,6,42,37,118" hai3="66,119,16,124,55,99,120,29,53,0,60,111,75"/><T73/><D126/><U8/><E123/><V134/><F108/><W103/><G124/><T115/><D115/><N who="1" m="44043" /><E40/><V133/><F34/><W112/><G112/><T70/><D64/><U89/><E3/><V18/><F6/><W9/><G119/><T10/><D33/><U22/><E22/><V23/><F65/><W56/><G111/><T48/><D48/><U101/><E89/><V93/><F118/><W107/><G120/><T116/><D116/><U41/><E80/><V78/><F78/><W94/><G75/><T59/><D59/><U128/><E41/><V98/><F18/><W87/><G29/><T117/><D117/><U92/><E105/><V102/><F134/><W122/><G122/><T46/><D46/><U125/><E52/><N who="3" m="20042" /><G107/><T12/><D21/><U49/><E49/><V90/><F133/><W96/><G0/><T58/><D58/><U62/><E125/><V74/><F74/><W5/><G5/><AGARI ba="0,0" hai="5,8,15,62,67,69,92,97,101,128,131" m="44043" machi="5" ten="30,3900,0" yaku="11,1,52,2" doraHai="127" who="1" fromWho="3" sc="250,0,250,39,250,0,250,-39" /><INIT seed="1,0,0,3,1,72" ten="250,289,250,211" oya="1" hai0="81,23,30,106,75,98,92,17,133,26,130,90,115" hai1="127,118,120,45,2,79,19,59,48,51,96,102,11" hai2="40,57,135,50,25,24,66,5,123,107,1,128,61" hai3="91,89,22,67,10,39,62,13,49,111,85,74,18"/><U99/><E118/><V21/><F123/><W87/><G111/><T52/><D133/><U65/><E120/><V64/><F107/><W126/><G126/><T44/><D130/><U131/><E127/><V63/><F128/><W37/><G74/><T124/><D124/><U35/><E35/><V112/><F135/><W69/><G49/><N who="0" m="28711" /><D75/><U38/><E38/><V105/><F105/><W4/><G85/><N who="0" m="50479" /><D106/><U101/><E19/><V16/><F112/><W32/><G91/><N who="0" m="55583" /><D115/><U47/><E59/><V113/><F113/><W129/><G32/><T31/><AGARI ba="0,0" hai="17,23,26,30,31" m="55583,50479,28711" machi="31" ten="30,2000,0" yaku="8,1,54,1" doraHai="72" who="0" fromWho="0" sc="250,20,289,-10,250,-5,211,-5" /><INIT seed="2,0,0,1,1,96" ten="270,279,245,206" oya="2" hai0="34,33,50,57,92,69,107,100,66,17,95,109,67" hai1="60,56,90,45,30,88,117,40,25,68,97,104,135" hai2="99,83,119,87,118,6,126,75,124,77,22,38,12" hai3="41,3,78,112,125,103,0,1,43,44,5,39,123"/><V120/><F38/><W85/><G123/><T133/><D69/><U8/><E117/><N who="2" m="44555" /><F6/><W73/><G125/><N who="2" m="48233" /><F12/><W28/><G112/><T71/><D71/><U65/><E135/><V48/><F22/><W121/><G121/><T128/><D109/><U134/><E134/><V91/><F48/><W42/><G85/><T18/><D128/><U58/><E8/><V62/><F62/><W115/><G115/><T13/><D50/><U105/><E58/><V53/><F53/><W82/><G28/><T19/><D13/><U70/><E56/><V16/><F16/><W59/><G59/><T4/><D4/><U54/><E54/><V10/><F10/><W15/><G15/><T132/><D57/><U37/><E70/><V127/><N who="2" m="48241" /><V26/><DORA hai="52" /><F26/><W93/><REACH who="3" step="1"/><G5/><REACH who="3" ten="270,279,245,196" step="2"/><T46/><D133/><U113/><E113/><V130/><F120/><W74/><G74/><T14/><D132/><U29/><E29/><V51/><F130/><W32/><G32/><T80/><D14/><U86/><E30/><V111/><F111/><W81/><G81/><T110/><D80/><N who="1" m="49223" /><E25/><V47/><F75/><W98/><AGARI ba="0,1" hai="0,1,3,39,41,42,43,44,73,78,82,93,98,103" machi="98" ten="40,5200,0" yaku="1,1,0,1,52,1,53,0" doraHai="96,52" doraHaiUra="24,27" who="3" fromWho="3" sc="270,-13,279,-13,245,-26,196,62" /><INIT seed="3,0,0,2,3,63" ten="257,266,219,258" oya="3" hai0="79,107,64,94,99,1,22,121,0,55,8,125,84" hai1="66,102,111,88,38,54,56,2,123,12,114,112,70" hai2="83,74,15,24,59,75,106,108,52,113,57,19,119" hai3="26,93,85,65,42,14,115,78,126,122,35,67,104"/><W96/><G115/><T80/><D121/><U9/><E102/><V23/><F113/><W58/><G122/><T3/><D107/><U4/><E123/><V27/><F119/><W48/><G104/><T34/><D34/><U10/><E111/><V109/><F106/><W29/><G126/><T44/><D125/><U82/><E38/><V124/><F124/><W127/><G127/><T30/><D55/><U89/><E66/><V39/><F39/><W49/><G14/><T133/><D44/><U120/><E70/><V97/><F97/><W101/><G42/><T61/><D133/><U68/><E68/><V28/><F83/><W53/><REACH who="3" step="1"/><G48/><REACH who="3" ten="257,266,219,248" step="2"/><T31/><D1/><U33/><E12/><V7/><F108/><W134/><G134/><T76/><D3/><U60/><E2/><V73/><F109/><W37/><G37/><T130/><D0/><U118/><E120/><V77/><F77/><W131/><G131/><T25/><D130/><U40/><E40/><V43/><F43/><W98/><G98/><T90/><D76/><U117/><E114/><V132/><F132/><W62/><G62/><T87/><D99/><U17/><E60/><N who="2" m="35879" /><F7/><W86/><G86/><T47/><D87/><U13/><E4/><V11/><F24/><W110/><G110/><T32/><D25/><U129/><E112/><V103/><F103/><W6/><G6/><T92/><D79/><U50/><E129/><V105/><F105/><W51/><G51/><T41/><D41/><U128/><E128/><V36/><F36/><W46/><G46/><T20/><D47/><N who="1" m="27999" /><E118/><V91/><F91/><RYUUKYOKU ba="0,1" sc="257,-15,266,-15,219,15,248,15" hai2="11,15,19,23,27,28,59,73,74,75" hai3="26,29,35,49,53,58,65,67,78,85,93,96,101" /><INIT seed="3,1,1,5,5,124" ten="242,251,234,263" oya="3" hai0="108,86,93,70,61,117,8,83,112,110,47,1,0" hai1="58,84,48,132,54,29,121,56,115,37,55,101,126" hai2="114,5,99,65,51,42,24,81,20,94,33,69,91" hai3="75,2,122,100,90,129,103,32,31,113,64,36,10"/><W25/><G113/><T3/><D117/><U131/><E131/><V119/><F119/><W85/><G122/><T35/><D35/><U15/><E132/><V60/><F114/><W92/><G129/><T27/><D27/><U105/><E37/><V89/><F33/><W50/><G36/><T30/><D30/><U88/><E126/><V123/><F123/><W96/><G75/><T130/><D93/><U73/><E73/><V79/><F5/><W19/><G64/><N who="0" m="41231" /><D112/><U104/><E101/><V41/><F89/><W6/><G50/><T106/><D106/><U98/><E98/><V26/><F51/><W62/><G62/><T23/><D23/><U134/><E134/><V44/><F44/><W43/><G43/><T16/><D47/><U59/><E29/><V52/><F52/><N who="1" m="20009" /><E48/><V102/><F102/><W95/><G19/><T46/><D16/><U80/><E115/><V68/><F68/><W22/><REACH who="3" step="1"/><G103/><REACH who="3" ten="242,251,234,253" step="2"/><T97/><D130/><U21/><E121/><V38/><F38/><W49/><G49/><T82/><D110/><U120/><E120/><V67/><F67/><W107/><G107/><T12/><D108/><U18/><E105/><V133/><F133/><W127/><G127/><T87/><D46/><U17/><E104/><V63/><F63/><W28/><G28/><T39/><D39/><U14/><E18/><N who="2" m="12311" /><F41/><W11/><G11/><T76/><D8/><U4/><E4/><V118/><F42/><W7/><G7/><T111/><D111/><U72/><E72/><N who="2" m="43239" /><F118/><W116/><G116/><T135/><D135/><U77/><E17/><V128/><F128/><RYUUKYOKU ba="1,2" sc="242,-15,251,-15,234,15,253,15" hai2="26,60,65,69,91,94,99" hai3="2,6,10,22,25,31,32,85,90,92,95,96,100" /><INIT seed="3,2,2,4,4,59" ten="227,236,249,268" oya="3" hai0="109,0,2,30,131,39,44,65,97,12,16,102,71" hai1="119,91,18,26,9,124,74,25,133,43,75,48,88" hai2="125,113,51,121,61,82,99,69,106,42,76,96,103" hai3="47,118,19,4,130,5,33,27,116,8,104,101,70"/><W108/><G70/><T66/><D109/><U29/><E124/><V127/><F113/><W120/><G120/><T114/><D114/><U6/><E133/><V100/><F121/><W93/><G104/><T54/><D30/><U55/><E119/><V123/><F123/><W13/><G108/><T34/><D131/><U68/><E68/><V17/><F17/><W110/><G110/><T126/><D34/><U105/><E105/><N who="2" m="63623" /><F51/><W45/><G130/><T98/><D126/><N who="2" m="48138" /><F42/><W32/><G118/><T81/><D81/><U36/><E36/><V86/><F86/><W135/><G135/><T79/><D97/><U1/><E43/><V132/><F132/><W89/><G116/><T14/><D39/><U85/><E75/><N who="2" m="43295" /><F69/><W22/><G4/><T60/><D66/><U107/><E107/><V90/><F61/><W23/><G47/><T83/><D44/><U50/><E74/><V129/><F90/><W52/><G101/><T78/><D54/><U20/><E55/><V38/><F38/><W3/><G45/><T67/><D67/><U21/><E91/><V117/><F117/><W92/><G52/><T31/><D31/><U87/><E85/><V56/><F56/><W62/><G62/><T11/><D14/><U57/><E57/><V73/><F73/><W111/><G111/><T128/><D128/><AGARI ba="2,2" hai="99,103,106,128,129" m="43295,48138,63623" machi="128" ten="30,7700,0" yaku="18,1,23,1,34,2" doraHai="59" who="2" fromWho="0" sc="227,-83,236,0,249,103,268,0" owari="144,-35.6,236,-16.4,352,45.2,268,6.8" /></mjloggm>