<mjloggm ver="2.3"><GO type="225" lobby="0"/><UN n0="%E6%A1%9C%E8%8A%B1%E9%96%83%E3%80%85" n1="%72%69%6F%75%63%68%61%6E" n2="%4B%2E%32%2E%4B%2E" n3="%E6%B8%A9%E2%98%85%E6%83%85%E2%98%85%E6%8E%AA%E2%98%85%E7%BD%AE" dan="17,16,17,17" rate="2208.95,2210.32,2194.83,2161.73" sx="M,M,M,M"/><TAIKYOKU oya="0"/><INIT seed="0,0,0,5,0,5" ten="250,250,250,250" oya="0" hai0="18,35,26,55,56,43,103,99,23,115,24,92,96" hai1="20,13,53,114,111,132,51,41,30,76,84,36,16" hai2="4,62,48,127,89,67,33,119,97,38,50,47,9" hai3="45,128,61,88,70,58,105,3,52,32,14,65,66"/><T75/><D115/><U117/><E117/><V17/><F119/><W37/><G3/><T22/><D75/><U49/><E114/><V68/><F33/><W101/><G32/><T72/><D72/><U54/><E111/><V104/><F127/><W135/><G135/><T74/><D74/><U129/><E132/><V107/><F17/><W27/><G128/><T124/><D124/><U87/><E129/><V118/><F38/><W11/><G27/><T100/><D43/><U31/><E36/><V25/><F25/><W78/><G78/><T63/><D35/><U7/><E41/><V1/><F118/><W40/><G70/><T133/><D133/><U131/><E131/><V123/><F123/><W122/><G122/><T85/><D85/><N who="1" m="32843" /><E76/><V110/><F110/><W42/><G88/><N who="0" m="55303" /><D99/><U60/><E60/><V109/><F109/><W39/><G42/><T90/><D90/><U28/><E7/><V71/><F71/><W77/><G77/><T125/><D125/><U112/><E112/><V8/><F104/><W12/><G39/><T94/><D94/><U29/><N who="1" m="7168" /><DORA hai="121" /><U130/><E130/><V93/><F107/><W21/><G105/><T59/><D59/><U116/><E116/><V80/><F80/><W91/><G91/><T79/><D79/><U2/><E2/><N who="2" m="23" /><F47/><W0/><G0/><T134/><D134/><U6/><E6/><V113/><F113/><W102/><G102/><T120/><D120/><U15/><E15/><V10/><F1/><W19/><G101/><T98/><D98/><U82/><E82/><V73/><F73/><W86/><G86/><RYUUKYOKU ba="0,0" sc="250,0,250,0,250,0,250,0" hai0="18,22,23,24,26,55,56,63,100,103" hai1="13,16,20,49,51,53,54" hai2="9,10,48,50,62,67,68,89,93,97" hai3="11,12,14,19,21,37,40,45,52,58,61,65,66" /><INIT seed="0,1,0,5,4,82" ten="250,250,250,250" oya="0" hai0="18,89,58,15,20,102,6,30,10,22,31,25,98" hai1="94,51,60,114,97,26,135,133,28,29,120,121,27" hai2="52,100,113,9,68,32,105,67,0,5,90,17,55" hai3="13,4,23,101,33,92,40,115,125,44,132,54,66"/><T70/><D70/><U19/><E114/><V8/><F113/><W103/><G33/><T47/><D47/><U111/><E111/><V129/><F129/><W88/><G115/><T123/><D123/><N who="1" m="47179" /><E60/><V73/><F73/><W104/><G104/><T130/><D130/><U34/><E51/><V116/><F116/><W72/><G72/><T69/><D69/><U45/><E45/><V62/><F32/><W57/><G66/><T99/><D58/><U117/><E117/><V119/><F119/><W3/><G3/><T71/><D71/><U96/><E94/><V37/><F37/><W131/><G131/><T36/><D36/><U41/><E41/><V65/><F65/><W84/><G132/><N who="1" m="50762" /><E19/><V112/><F112/><W48/><G125/><T76/><D76/><U14/><E14/><V56/><F68/><W79/><G79/><T16/><D89/><U118/><E118/><V110/><F110/><W95/><G95/><N who="0" m="58719" /><D99/><N who="1" m="37963" /><E34/><V127/><F127/><W35/><G35/><T134/><D134/><U93/><E93/><V7/><F17/><N who="3" m="10671" /><G4/><T12/><AGARI ba="1,0" hai="6,10,12,15,16,18,20,22,25,30,31" m="58719" machi="12" ten="30,3000,0" yaku="8,1,54,1" doraHai="82" who="0" fromWho="0" sc="250,33,250,-11,250,-11,250,-11" /><INIT seed="0,2,0,5,4,6" ten="283,239,239,239" oya="0" hai0="34,129,92,51,89,69,115,58,74,93,127,103,17" hai1="53,83,4,23,43,65,68,52,59,62,71,50,61" hai2="112,14,12,113,33,86,98,116,111,130,119,45,104" hai3="124,49,29,22,82,90,47,73,126,2,95,41,21"/><T109/><D115/><N who="2" m="44106" /><F33/><W105/><G105/><T55/><D127/><N who="3" m="48681" /><G2/><T1/><D129/><U110/><E83/><V102/><F130/><W128/><G29/><T9/><D34/><U19/><E110/><V42/><F86/><N who="3" m="52695" /><G128/><T40/><D109/><U36/><E4/><V7/><F7/><W94/><G94/><T76/><D69/><N who="1" m="42159" /><E19/><V125/><F111/><W87/><G73/><T131/><D131/><U64/><E23/><V28/><F28/><W85/><G85/><N who="0" m="52271" /><D1/><U20/><E20/><V78/><F78/><AGARI ba="2,0" hai="21,22,41,47,49,78,82,87" m="52695,48681" machi="78" ten="30,1000,0" yaku="18,1" doraHai="6" who="3" fromWho="2" sc="283,0,239,0,239,-16,239,16" /><INIT seed="1,0,0,1,2,62" ten="283,239,223,255" oya="1" hai0="130,16,28,51,98,9,78,20,110,83,72,5,125" hai1="117,18,66,122,100,86,115,102,24,42,1,129,56" hai2="0,105,131,71,2,112,101,50,63,29,111,21,25" hai3="58,120,92,123,8,118,97,13,93,116,126,90,30"/><U128/><E115/><V49/><F112/><W119/><G30/><T7/><D110/><U10/><E117/><V12/><F111/><W64/><G126/><T4/><D125/><U60/><E122/><V135/><F135/><W45/><G45/><T3/><D130/><N who="1" m="50283" /><E42/><V39/><F39/><W124/><G124/><T67/><D28/><U17/><E86/><V52/><F131/><W107/><G107/><T46/><D98/><U11/><E17/><V19/><F101/><N who="1" m="39017" /><E1/><V38/><F38/><W59/><G93/><T31/><D31/><U36/><E36/><V113/><F105/><W80/><G80/><T104/><D104/><U69/><E69/><V54/><F113/><W84/><G84/><T91/><D91/><U55/><E55/><V23/><F54/><W44/><G123/><T41/><REACH who="0" step="1"/><D67/><REACH who="0" ten="273,239,223,255" step="2"/><U47/><E47/><V88/><F88/><W103/><G64/><T87/><D87/><U43/><E43/><V95/><F95/><W79/><G44/><T96/><D96/><U106/><E106/><V6/><F29/><W68/><G120/><T14/><AGARI ba="0,1" hai="3,4,5,7,9,14,16,20,41,46,51,72,78,83" machi="14" ten="20,8000,1" yaku="1,1,0,1,7,1,54,1,53,1" doraHai="62" doraHaiUra="33" who="0" fromWho="0" sc="273,90,239,-40,223,-20,255,-20" /><INIT seed="2,0,0,4,2,35" ten="363,199,203,235" oya="2" hai0="3,7,121,94,131,87,61,73,37,56,81,44,119" hai1="77,126,91,25,60,102,30,96,22,113,116,29,67" hai2="130,79,18,114,104,17,80,74,51,75,13,101,9" hai3="107,34,78,71,72,111,10,108,93,36,39,82,54"/><V5/><F114/><W24/><G107/><T14/><D121/><U89/><E126/><V6/><F130/><W33/><G71/><T134/><D131/><U109/><E109/><N who="3" m="42058" /><G54/><T31/><D134/><U11/><E116/><V4/><F75/><W103/><G10/><T115/><D31/><U38/><E38/><N who="3" m="14378" /><G24/><T88/><D115/><U41/><E41/><V2/><F18/><W59/><G59/><T84/><D73/><U68/><E113/><V15/><F15/><W55/><G55/><T112/><D14/><U27/><E77/><V105/><F101/><W42/><G42/><T43/><D112/><U129/><E11/><V8/><REACH who="2" step="1"/><F51/><REACH who="2" ten="363,199,193,235" step="2"/><W125/><G125/><T86/><D37/><U76/><E129/><V123/><F123/><W19/><G19/><T58/><D119/><U28/><E76/><V124/><F124/><W62/><G103/><T52/><D7/><AGARI ba="0,1" hai="2,4,5,6,7,8,9,13,17,74,79,80,104,105" machi="7" ten="40,3900,0" yaku="1,1,52,1,53,0" doraHai="35" doraHaiUra="98" who="2" fromWho="0" sc="363,-39,199,0,193,49,235,0" /><INIT seed="2,1,0,5,5,118" ten="324,199,242,235" oya="2" hai0="56,49,61,121,87,1,112,99,22,50,3,126,94" hai1="105,15,86,85,32,119,23,51,101,14,57,84,24" hai2="28,10,47,66,55,20,117,41,129,30,128,46,124" hai3="134,82,130,104,70,92,75,17,68,29,81,106,76"/><V48/><F117/><W33/><G17/><T74/><D121/><U44/><E119/><V65/><F10/><W113/><G92/><T43/><D74/><U19/><E32/><V42/><F20/><W52/><G52/><T11/><D112/><U71/><E71/><N who="3" m="27178" /><G113/><T9/><D126/><U8/><E57/><V54/><REACH who="2" step="1"/><F48/><REACH who="2" ten="324,199,232,235" step="2"/><W27/><G134/><T40/><D50/><U72/><E8/><V97/><F97/><W58/><G130/><T109/><D99/><U133/><E133/><V103/><F103/><W116/><G116/><T18/><D49/><U110/><E101/><V59/><F59/><W7/><G58/><T77/><D11/><U67/><E23/><V83/><F83/><W38/><G82/><T123/><D9/><U13/><E51/><V96/><F96/><W2/><G38/><T93/><D22/><N who="1" m="13407" /><E44/><V90/><F90/><W131/><G131/><T91/><D56/><U114/><E114/><V107/><F107/><N who="3" m="41003" /><G7/><T64/><D91/><U120/><E105/><V115/><F115/><W21/><G21/><T36/><D36/><U37/><E37/><V132/><F132/><W108/><G2/><T127/><D1/><U98/><E98/><V88/><F88/><W26/><G26/><T34/><D3/><U39/><E39/><V31/><F31/><W78/><G78/><T95/><D77/><U5/><E5/><V0/><F0/><W60/><G76/><T12/><D18/><U6/><E6/><V45/><F45/><W16/><G29/><T4/><D4/><U25/><E25/><V122/><F122/><W102/><G27/><RYUUKYOKU ba="1,1" sc="324,-10,199,-10,232,30,235,-10" hai2="28,30,41,42,46,47,54,55,65,66,124,128,129" /><INIT seed="2,2,1,3,5,110" ten="314,189,262,225" oya="2" hai0="87,127,40,66,64,78,14,121,58,60,21,93,84" hai1="98,20,63,135,69,126,18,79,13,114,35,123,83" hai2="27,15,75,106,112,31,91,45,67,71,51,88,118" hai3="68,62,38,111,17,134,56,10,122,34,99,92,115"/><V39/><F118/><W30/><G122/><T41/><D121/><U130/><E123/><V28/><F39/><W16/><G38/><T124/><D66/><U133/><E35/><V117/><F117/><W53/><G111/><T8/><D21/><U116/><E116/><V128/><F75/><W32/><G68/><T70/><D70/><U5/><E126/><N who="0" m="48169" /><D93/><U95/><E130/><V43/><F128/><W0/><G134/><N who="1" m="51210" /><E5/><V3/><F3/><W54/><G115/><T102/><D102/><N who="1" m="60767" /><E69/><V85/><F112/><W82/><G82/><N who="0" m="47191" /><D87/><N who="1" m="48639" /><E63/><V49/><F106/><W61/><G34/><T23/><D23/><U19/><E18/><AGARI ba="2,1" hai="8,14,18,40,41,58,60,64" m="47191,48169" machi="18" ten="30,1000,0" yaku="18,1" doraHai="110" who="0" fromWho="1" sc="314,26,189,-16,262,0,225,0" /><INIT seed="3,0,0,3,2,97" ten="340,173,262,225" oya="3" hai0="100,36,56,31,91,2,18,88,6,77,12,117,114" hai1="37,27,10,67,30,92,64,7,120,20,121,55,38" hai2="58,54,57,44,46,126,13,80,17,60,104,116,65" hai3="86,133,0,49,8,48,19,4,50,41,70,39,107"/><W112/><G112/><T90/><D117/><U5/><E5/><V109/><F116/><W21/><G133/><T82/><D36/><U129/><E129/><V72/><F109/><W42/><G70/><T98/><D31/><U102/><E55/><V52/><F126/><W35/><G35/><T29/><D29/><U128/><E128/><V78/><F104/><W71/><G71/><T33/><D33/><U24/><E37/><V28/><F28/><W113/><G113/><T32/><D2/><U11/><E38/><V69/><F69/><W125/><G107/><T135/><D6/><U43/><E43/><V108/><F65/><W66/><G125/><T25/><D25/><U123/><E24/><V99/><F99/><W79/><G66/><T83/><D77/><U115/><E115/><V51/><F108/><W124/><G124/><T16/><D18/><U62/><E62/><V23/><AGARI ba="0,0" hai="13,17,23,44,46,51,52,54,57,58,60,72,78,80" machi="23" ten="20,2700,0" yaku="0,1,7,1,54,1" doraHai="97" who="2" fromWho="2" sc="340,-7,173,-7,262,27,225,-13" owari="333,43.3,166,-33.4,289,8.9,212,-18.8" /></mjloggm>