<mjloggm ver="2.3"><GO type="225" lobby="0"/><UN n0="%E3%81%86%E3%82%8B%E3%81%8A%E3%81%A1%E3%82%83" n1="%6D%75%75%6D%75%72%61" n2="%E7%BD%AA%E5%88%91%E6%B3%95%E5%AE%9A%E4%B8%BB%E7%BE%A9" n3="%E6%9D%BE%E6%9C%AC%E5%81%A5%E7%94%B7" dan="16,17,16,16" rate="2069.18,2179.97,2123.30,2159.08" sx="F,F,M,M"/><TAIKYOKU oya="0"/><INIT seed="0,0,0,2,5,69" ten="250,250,250,250" oya="0" hai0="62,135,112,103,58,70,84,102,17,127,114,28,2" hai1="50,115,10,129,85,123,124,32,19,7,12,100,117" hai2="97,126,60,0,68,5,89,94,36,29,11,128,33" hai3="66,110,59,125,25,48,133,105,34,65,43,134,22"/><T132/><D70/><U41/><E117/><V106/><F128/><W53/><G110/><T14/><D2/><U96/><E123/><V61/><F126/><W71/><G105/><T8/><D28/><U45/><E124/><V56/><F68/><W18/><G125/><T4/><D84/><U51/><E129/><V86/><F36/><W118/><G118/><T82/><D82/><U72/><E72/><V47/><F47/><W74/><G74/><T15/><D127/><U54/><E32/><V107/><F61/><W73/><G73/><T64/><D112/><U31/><E31/><V46/><F46/><N who="3" m="25695" /><G34/><T44/><D44/><U88/><E115/><V55/><REACH who="2" step="1"/><F86/><REACH who="2" ten="250,250,240,250" step="2"/><W13/><G71/><T101/><REACH who="0" step="1"/><D114/><REACH who="0" ten="240,250,240,250" step="2"/><U104/><E45/><V20/><F20/><AGARI ba="0,2" hai="4,8,14,15,17,20,58,62,64,101,102,103,132,135" machi="20" ten="40,3900,0" yaku="1,1,2,1,53,0" doraHai="69" doraHaiUra="80" who="0" fromWho="2" sc="240,59,250,0,240,-39,250,0" /><INIT seed="0,1,0,2,2,54" ten="299,250,201,250" oya="0" hai0="118,133,26,30,104,80,111,125,65,15,85,108,58" hai1="88,7,90,44,99,63,75,33,77,109,79,35,135" hai2="52,37,45,117,123,74,96,36,68,114,87,39,10" hai3="9,14,59,86,112,131,128,92,61,124,25,132,84"/><T21/><D104/><U76/><E75/><V122/><F74/><W113/><G124/><T19/><D118/><U119/><E119/><V83/><F114/><W115/><G25/><T69/><D69/><U50/><E109/><N who="0" m="42057" /><D125/><U29/><E135/><V51/><F68/><W71/><G71/><T8/><D133/><U100/><E7/><V82/><F117/><W121/><G121/><T4/><D65/><U2/><E2/><V20/><F20/><W93/><G132/><T66/><D66/><U72/><E72/><V31/><F31/><W47/><G47/><T40/><D40/><U62/><E29/><V27/><F27/><W6/><G93/><T64/><D64/><U57/><E35/><V60/><F96/><W41/><G41/><T5/><D58/><U103/><E33/><V18/><F60/><N who="1" m="23081" /><E57/><V101/><F101/><N who="1" m="38985" /><E99/><V32/><F32/><W56/><G56/><T91/><AGARI ba="1,0" hai="4,5,8,15,19,21,26,30,80,85,91" m="42057" machi="91" ten="30,3000,0" yaku="14,1,10,1" doraHai="54" who="0" fromWho="0" sc="299,33,250,-11,201,-11,250,-11" /><INIT seed="0,2,0,4,0,127" ten="332,239,190,239" oya="0" hai0="89,44,85,59,10,76,124,81,94,67,12,93,61" hai1="42,51,75,83,72,19,23,120,100,13,128,54,30" hai2="91,28,37,40,133,115,20,132,125,110,104,22,88" hai3="111,49,57,87,60,95,17,70,46,92,8,48,14"/><T105/><D105/><U103/><E120/><V126/><F115/><W31/><G111/><T130/><D124/><N who="2" m="47722" /><F104/><W34/><G70/><T65/><D130/><U7/><E128/><V11/><F11/><W108/><G108/><T53/><D44/><U134/><E134/><N who="2" m="51819" /><F110/><W45/><G31/><T78/><D94/><U112/><E112/><V119/><F119/><W41/><G87/><T96/><REACH who="0" step="1"/><D78/><REACH who="0" ten="322,239,190,239" step="2"/><U39/><E39/><V1/><F1/><W118/><G118/><T18/><AGARI ba="2,1" hai="10,12,18,53,59,61,65,67,76,81,85,89,93,96" machi="18" ten="20,12000,1" yaku="1,1,2,1,0,1,7,1,8,1,53,0" doraHai="127" doraHaiUra="102" who="0" fromWho="0" sc="322,136,239,-42,190,-42,239,-42" /><INIT seed="0,3,0,4,3,42" ten="458,197,148,197" oya="0" hai0="32,96,40,106,35,79,5,71,84,17,129,74,1" hai1="31,109,54,19,89,133,114,57,68,60,46,12,50" hai2="113,9,116,93,14,128,41,8,121,13,83,122,26" hai3="37,49,135,36,103,73,18,110,44,6,15,125,34"/><T78/><D17/><U108/><E133/><V7/><F113/><W16/><G110/><T30/><D79/><U11/><E114/><V51/><F128/><W63/><G135/><T115/><D84/><U66/><E31/><V4/><F116/><W82/><G125/><T127/><D115/><U24/><E24/><V53/><F41/><W28/><G103/><T48/><D48/><U81/><E89/><V131/><F131/><W90/><G6/><T126/><D129/><U72/><REACH who="1" step="1"/><E68/><REACH who="1" ten="458,187,148,197" step="2"/><V65/><F26/><W87/><G28/><T0/><D71/><U55/><E55/><V123/><F83/><W10/><G34/><T97/><D32/><U100/><E100/><V119/><F119/><W69/><G69/><T20/><D30/><U85/><E85/><V62/><F93/><W27/><G73/><T98/><D74/><U86/><E86/><V132/><F132/><W94/><G82/><T59/><D35/><U33/><E33/><V104/><F104/><W117/><G117/><T118/><D106/><U88/><E88/><V105/><F105/><W92/><G92/><T76/><D118/><U99/><E99/><V130/><F130/><W120/><G27/><T134/><D98/><U58/><E58/><V61/><F65/><W52/><G120/><T47/><D59/><AGARI ba="3,1" hai="4,7,8,9,13,14,51,53,59,61,62,121,122,123" machi="59" ten="40,1300,0" yaku="9,1" doraHai="42" who="2" fromWho="0" sc="458,-22,187,0,148,32,197,0" /><INIT seed="1,0,0,2,1,62" ten="436,187,180,197" oya="1" hai0="60,130,15,61,48,128,30,3,65,72,90,6,33" hai1="40,106,122,24,68,32,70,29,108,13,110,28,53" hai2="37,47,73,126,123,125,14,94,76,112,1,8,57" hai3="35,27,88,91,38,44,93,78,77,5,52,89,80"/><U10/><E122/><V56/><F123/><W117/><G117/><T31/><D72/><U86/><E106/><V55/><F1/><W22/><G35/><T18/><D3/><U99/><E28/><V98/><F112/><W87/><G77/><T132/><D6/><U16/><E99/><V74/><F37/><W135/><G5/><T0/><D0/><U25/><E25/><V109/><F47/><W58/><G135/><T45/><D61/><U2/><E40/><V103/><F109/><N who="1" m="42089" /><E2/><V131/><F76/><W102/><G44/><T115/><D90/><U19/><E53/><V34/><F34/><W113/><G38/><T71/><D115/><U100/><E100/><V107/><F107/><W116/><G102/><T95/><D132/><U66/><E86/><V83/><F131/><W64/><G116/><T50/><D31/><U114/><E114/><V20/><F74/><W85/><G113/><T79/><D30/><U105/><E105/><V120/><F120/><W124/><G124/><N who="2" m="47721" /><F55/><W121/><G121/><T12/><D33/><U17/><E66/><V104/><F104/><W111/><G64/><T51/><D65/><U63/><E63/><V46/><F73/><W119/><G111/><T84/><D60/><U43/><E43/><V23/><F103/><W134/><G134/><T97/><D84/><U59/><E59/><V7/><F57/><W75/><G119/><T42/><D97/><U96/><E96/><V67/><F56/><W9/><G75/><T41/><D42/><U81/><E81/><V129/><F83/><W92/><G80/><T36/><D41/><RYUUKYOKU ba="0,0" sc="436,-10,187,30,180,-10,197,-10" hai1="10,13,16,17,19,24,29,32,68,70" /><INIT seed="1,1,0,5,5,84" ten="426,217,170,187" oya="1" hai0="76,109,24,8,123,135,61,98,107,132,53,38,122" hai1="57,119,46,35,12,103,120,39,48,102,100,18,128" hai2="95,94,7,113,51,133,58,68,3,50,111,118,6" hai3="90,134,69,79,31,11,55,82,34,32,93,101,110"/><U81/><E119/><V125/><F118/><W45/><G69/><T54/><D38/><U106/><E120/><N who="0" m="46121" /><D76/><U124/><E128/><V21/><F68/><W121/><G121/><T29/><D8/><U19/><E124/><V62/><F125/><W28/><G101/><N who="0" m="62903" /><D109/><U26/><E39/><V27/><F111/><W66/><G110/><T0/><D0/><U127/><E127/><V23/><F133/><N who="0" m="51274" /><D61/><U47/><E106/><V97/><F113/><W63/><G11/><T108/><D108/><U40/><E103/><V14/><F3/><W52/><G63/><T4/><D4/><U37/><E102/><V73/><F73/><W126/><G79/><T112/><D112/><U36/><E100/><V72/><F72/><W80/><G126/><T25/><D25/><U22/><E36/><V67/><F6/><W105/><G105/><T114/><D114/><U17/><E12/><V78/><F78/><W5/><G5/><T20/><AGARI ba="1,0" hai="20,24,29,53,54" m="51274,62903,46121" machi="20" ten="30,2000,0" yaku="13,1,20,1" doraHai="84" who="0" fromWho="0" sc="426,23,217,-11,170,-6,187,-6" /><INIT seed="2,0,0,5,3,77" ten="449,206,164,181" oya="2" hai0="61,104,60,52,30,38,4,49,25,48,59,118,66" hai1="22,73,74,43,103,117,41,31,27,82,57,90,114" hai2="40,132,93,11,81,42,71,68,3,36,18,125,37" hai3="101,45,126,109,47,5,62,70,129,14,21,78,92"/><V86/><F125/><W7/><G126/><T1/><D38/><U94/><E114/><V100/><F132/><W80/><G109/><T87/><D104/><U46/><E117/><V64/><F37/><W44/><G129/><T106/><D106/><U12/><E103/><V120/><F120/><W135/><G70/><T34/><D118/><U134/><E134/><V15/><F3/><W122/><G62/><T124/><D124/><U110/><E110/><V105/><F105/><W75/><G122/><T108/><D108/><U107/><E107/><V6/><F6/><W131/><G131/><T89/><D4/><U69/><E69/><V53/><F53/><W19/><REACH who="3" step="1"/><G135/><REACH who="3" ten="449,206,164,171" step="2"/><T0/><D61/><U35/><E73/><V26/><F64/><W13/><G13/><T51/><D1/><U58/><E12/><V113/><F113/><W17/><G17/><T63/><D0/><U88/><E74/><V119/><F119/><W32/><G32/><T28/><D28/><U9/><E35/><V127/><F127/><W65/><G65/><T112/><D63/><U85/><E31/><V23/><F71/><W8/><G8/><T2/><D2/><U96/><E9/><V16/><F68/><W39/><G39/><T123/><D112/><U116/><E116/><V130/><F36/><W67/><G67/><T79/><D123/><U115/><E115/><V76/><F130/><W50/><G50/><T128/><D128/><U133/><E133/><V29/><F18/><W56/><G56/><N who="1" m="21610" /><E46/><V55/><F55/><W83/><G83/><N who="0" m="49407" /><D66/><U24/><E22/><V121/><F121/><RYUUKYOKU ba="0,1" sc="449,0,206,0,164,0,171,0" hai0="25,30,34,48,49,51,52,59,60,79" hai1="24,27,41,43,82,85,88,90,94,96" hai2="11,15,16,23,26,29,40,42,76,81,86,93,100" hai3="5,7,14,19,21,44,45,47,75,78,80,92,101" /><INIT seed="2,1,1,2,5,42" ten="449,206,164,171" oya="2" hai0="89,81,57,107,40,91,63,76,31,97,32,134,29" hai1="86,133,110,44,135,8,120,117,71,85,62,74,64" hai2="50,34,105,10,125,53,119,123,80,67,25,87,61" hai3="19,58,126,35,30,21,94,122,132,59,96,69,90"/><V2/><F119/><W22/><G122/><T12/><D134/><N who="1" m="51211" /><E117/><V118/><F123/><W65/><G35/><T0/><D0/><U84/><E120/><V28/><F118/><W5/><G132/><T52/><D40/><U78/><E110/><V114/><F125/><W49/><G69/><T115/><D115/><U37/><E8/><V14/><F2/><W109/><G5/><T111/><D111/><U48/><E37/><V77/><F105/><W98/><G126/><T1/><D1/><U23/><E23/><V43/><F43/><W93/><G109/><T79/><D32/><U51/><E44/><V16/><F114/><W72/><G72/><T129/><D129/><U41/><E41/><V38/><F38/><W9/><G9/><T45/><D107/><U92/><E92/><V95/><F95/><W55/><G30/><T6/><D31/><U108/><E108/><V88/><F77/><N who="0" m="29770" /><D29/><U15/><E15/><V7/><F7/><W124/><G124/><T99/><D12/><U101/><E101/><V75/><F75/><W113/><G113/><T102/><D6/><U70/><E70/><V127/><F127/><W103/><G19/><T27/><D102/><U17/><E17/><V46/><F61/><AGARI ba="1,1" hai="21,22,49,55,58,59,61,65,90,93,94,96,98,103" machi="61" ten="40,1300,0" yaku="8,1" doraHai="42" who="3" fromWho="2" sc="449,0,206,0,164,-16,171,26" /><INIT seed="3,0,0,4,3,18" ten="449,206,148,197" oya="3" hai0="101,3,127,58,49,84,43,94,2,115,4,106,5" hai1="82,63,12,53,95,133,83,60,129,57,37,70,21" hai2="17,68,56,50,97,118,33,69,104,110,59,109,130" hai3="102,16,78,91,113,51,36,120,126,66,31,29,103"/><W72/><G120/><T40/><D106/><U88/><E37/><V81/><F33/><W24/><G36/><T80/><D3/><U73/><E73/><V74/><F74/><W123/><G78/><T6/><D2/><U99/><E129/><V67/><F81/><N who="1" m="30729" /><E70/><N who="2" m="27243" /><F97/><W34/><G72/><T64/><D127/><U122/><E133/><V23/><F104/><W14/><G31/><T131/><D131/><U61/><E122/><V20/><F17/><AGARI ba="0,0" hai="12,17,21,53,57,60,61,63,88,95,99" m="30729" machi="17" ten="30,3900,0" yaku="8,1,52,1,54,1" doraHai="18" who="1" fromWho="2" sc="449,0,206,39,148,-39,197,0" owari="449,54.9,245,4.5,109,-39.1,197,-20.3" /></mjloggm>