<mjloggm ver="2.3"><GO type="225" lobby="0"/><UN n0="%E3%83%B4%E3%83%A0%EF%BC%99%E3%81%A6" n1="%73%6C%69%63%6B%33%31%39" n2="%E3%81%9F%E3%81%A3%E3%81%A1%E3%82%87" n3="%E3%81%B7%E3%82%8A%E3%82%93%E8%81%96%E4%BA%BA" dan="17,16,16,16" rate="2181.02,2184.93,2114.97,2095.21" sx="M,M,M,M"/><TAIKYOKU oya="0"/><INIT seed="0,0,0,0,0,101" ten="250,250,250,250" oya="0" hai0="36,43,44,107,77,70,132,110,82,18,66,97,40" hai1="11,75,124,42,126,121,0,79,134,119,130,99,93" hai2="59,32,94,78,76,49,37,31,118,133,61,98,105" hai3="34,53,65,39,83,45,48,57,116,123,108,55,103"/><T1/><D132/><U122/><E42/><V12/><F133/><W13/><G34/><T88/><D1/><U96/><E134/><V131/><F37/><W85/><G116/><T81/><D110/><U71/><E71/><V60/><F131/><W100/><G108/><T5/><D5/><U30/><E30/><V25/><F118/><W46/><G65/><T10/><D43/><U92/><E11/><V74/><F105/><W26/><G39/><T16/><D10/><U50/><E50/><V129/><F129/><W47/><G55/><T3/><D3/><U20/><E20/><V120/><F120/><W111/><G123/><N who="1" m="47114" /><E0/><V125/><F125/><N who="1" m="48233" /><E130/><V24/><F12/><W86/><G86/><T14/><D14/><U67/><E67/><V6/><F74/><W23/><G13/><T54/><D54/><U41/><E41/><V87/><F6/><W73/><G73/><T8/><D8/><U4/><E4/><V63/><F87/><W113/><G113/><T29/><D29/><U104/><E119/><V33/><F32/><W91/><REACH who="3" step="1"/><G111/><REACH who="3" ten="250,250,250,240" step="2"/><T64/><D64/><U28/><E75/><V106/><F33/><W56/><G56/><T95/><D66/><U22/><E96/><V89/><F59/><W128/><G128/><T115/><D115/><U90/><E99/><V9/><F98/><W21/><G21/><T109/><D109/><U72/><E72/><V80/><F9/><W84/><G84/><N who="0" m="48175" /><D70/><U114/><E114/><V2/><F2/><W52/><G52/><T27/><D36/><U69/><E69/><V117/><F117/><W135/><G135/><RYUUKYOKU ba="0,1" sc="250,-10,250,-10,250,-10,240,30" hai3="23,26,45,46,47,48,53,57,83,85,91,100,103" /><INIT seed="1,1,1,0,4,12" ten="240,240,240,270" oya="1" hai0="105,82,114,131,31,57,9,130,3,66,74,72,90" hai1="121,79,17,26,33,119,55,51,15,68,102,28,19" hai2="10,11,128,99,41,42,92,4,67,134,118,98,124" hai3="96,133,107,87,85,104,22,78,129,25,13,109,71"/><U0/><E119/><V38/><F118/><W113/><G71/><T58/><D105/><U45/><E121/><V53/><F124/><W16/><G113/><T34/><D114/><U54/><E0/><V40/><F128/><W125/><G129/><T132/><D132/><U36/><E36/><V81/><F134/><W91/><G133/><T5/><D34/><U63/><E79/><V62/><F38/><W115/><G115/><T77/><D31/><U49/><E102/><V70/><F81/><W123/><G123/><T6/><D6/><U108/><E108/><V95/><F53/><W52/><G104/><T83/><D90/><U116/><E116/><V35/><F35/><W103/><G78/><T37/><D37/><U39/><E39/><V80/><F80/><W106/><G107/><T86/><D86/><U84/><E84/><V47/><F47/><W23/><G125/><T24/><D24/><U111/><E15/><V56/><F70/><W117/><G117/><T101/><D101/><U97/><E97/><N who="2" m="36875" /><F4/><W93/><G109/><T46/><D46/><U20/><E111/><V8/><AGARI ba="1,1" hai="8,10,11,40,41,42,56,62,67,92,95" m="36875" machi="8" ten="40,1500,0" yaku="8,1" doraHai="12" who="2" fromWho="2" sc="240,-5,240,-8,240,28,270,-5" /><INIT seed="2,0,0,5,4,74" ten="235,232,268,265" oya="2" hai0="89,118,30,19,135,10,49,134,100,50,27,128,59" hai1="62,78,81,35,51,79,63,45,113,38,12,94,5" hai2="97,2,31,68,48,73,34,29,57,23,116,3,84" hai3="7,114,72,22,111,25,96,110,127,60,92,52,46"/><V129/><F116/><W66/><G72/><T39/><D39/><U41/><E113/><V8/><F73/><W107/><G107/><T14/><D118/><U56/><E35/><V61/><F68/><W36/><G36/><T98/><D128/><U20/><E38/><V64/><F34/><W55/><G7/><T87/><D87/><U103/><E81/><V91/><F129/><W99/><G99/><T126/><D89/><U53/><E62/><V32/><F32/><W119/><G119/><T95/><D126/><U21/><E5/><V101/><F48/><W121/><G121/><T82/><D82/><U75/><E75/><V77/><F77/><N who="1" m="29193" /><E12/><V16/><F2/><W24/><G46/><T67/><D67/><U83/><E83/><V42/><F3/><W90/><G25/><T65/><D65/><U123/><E123/><V44/><F8/><W130/><G130/><T26/><D26/><U117/><E117/><V1/><F1/><W104/><G104/><T70/><D70/><U6/><E6/><V131/><F131/><W17/><G127/><T0/><D0/><U47/><E45/><V54/><F64/><W9/><G114/><T13/><D13/><U105/><E105/><V15/><F91/><W88/><G90/><T85/><D85/><U11/><E11/><V132/><F84/><W93/><G9/><T125/><D125/><U124/><E124/><V28/><F44/><W133/><G92/><T115/><D115/><U18/><E18/><V106/><REACH who="2" step="1"/><F42/><REACH who="2" ten="235,232,258,265" step="2"/><W86/><G86/><T80/><D10/><U122/><E122/><V58/><F58/><RYUUKYOKU ba="0,1" sc="235,-15,232,15,258,15,265,-15" hai1="20,21,41,47,51,53,56,63,94,103" hai2="15,16,23,28,29,31,54,57,61,97,101,106,132" /><INIT seed="2,1,1,3,3,15" ten="220,247,273,250" oya="2" hai0="132,38,64,13,103,130,125,128,112,107,76,78,28" hai1="111,97,89,96,53,21,135,16,18,86,104,17,26" hai2="54,82,2,10,80,70,101,131,94,88,42,39,46" hai3="93,67,34,73,35,92,8,12,48,5,79,33,85"/><V51/><F131/><N who="0" m="50218" /><D112/><U9/><E111/><V118/><F70/><W68/><G73/><T3/><D3/><U109/><E109/><V49/><F118/><W66/><G68/><T11/><D38/><U105/><E135/><V126/><F126/><W63/><G48/><T99/><D125/><U91/><E105/><V127/><F127/><W62/><G79/><N who="0" m="30251" /><D28/><N who="1" m="17487" /><E104/><V40/><F101/><W29/><G29/><T100/><D100/><U50/><E9/><V124/><F124/><W110/><G110/><T47/><D47/><N who="1" m="27871" /><E89/><V102/><F102/><W7/><G85/><T4/><D64/><U108/><E108/><V134/><F134/><AGARI ba="1,1" hai="4,11,13,99,103,107,132,134" m="30251,50218" machi="134" ten="30,1000,0" yaku="19,1" doraHai="15" who="0" fromWho="2" sc="220,23,247,0,273,-13,250,0" /><INIT seed="3,0,0,0,3,47" ten="243,247,260,250" oya="3" hai0="111,104,44,126,61,49,35,51,46,5,86,62,80" hai1="33,45,56,122,135,21,18,66,60,0,63,105,78" hai2="53,9,116,83,75,20,125,115,24,28,17,11,108" hai3="69,55,65,121,71,52,85,100,109,54,92,77,127"/><W132/><G121/><T6/><D104/><U110/><E122/><V93/><F93/><W15/><G100/><T4/><D35/><U13/><E105/><V26/><F83/><W113/><G113/><T134/><D111/><U130/><E0/><V74/><F53/><W36/><G36/><T114/><D126/><U72/><E33/><N who="2" m="20615" /><F74/><W96/><G127/><T124/><D124/><U102/><E110/><V23/><F75/><W27/><G109/><T32/><D32/><U19/><E135/><V22/><F108/><W70/><G132/><T128/><D114/><U123/><E123/><V119/><F115/><W131/><G27/><T97/><D97/><U84/><E72/><V34/><F125/><W59/><G85/><T120/><D120/><U118/><E118/><N who="2" m="45099" /><F34/><W76/><G59/><T91/><D134/><U87/><E102/><V95/><F95/><W8/><G65/><T103/><D103/><U42/><E78/><V40/><F40/><W50/><G92/><T2/><D2/><U73/><E63/><V3/><F3/><W10/><G96/><T90/><D90/><U25/><E73/><V107/><F107/><W129/><G50/><N who="0" m="18955" /><D61/><U1/><E1/><V14/><F9/><N who="3" m="3691" /><G15/><T48/><D62/><U79/><E13/><V29/><AGARI ba="0,0" hai="11,14,17,20,22,23,26,29" m="45099,20615" machi="29" ten="30,2000,0" yaku="34,2" doraHai="47" who="2" fromWho="2" sc="243,-5,247,-5,260,20,250,-10" /><INIT seed="4,0,0,2,1,44" ten="238,242,280,240" oya="0" hai0="77,46,125,24,71,117,40,98,104,76,99,62,113" hai1="50,78,118,80,96,41,81,89,37,55,2,3,61" hai2="66,82,28,101,126,103,52,107,102,93,92,105,17" hai3="131,49,21,88,134,25,75,86,53,13,7,19,34"/><T36/><D117/><U74/><E118/><V54/><F126/><W47/><G75/><T84/><D125/><U127/><E127/><V91/><F28/><W5/><G134/><T122/><D122/><U10/><E61/><V85/><F66/><W90/><G131/><T33/><D113/><U119/><E119/><V128/><F128/><W67/><G67/><N who="0" m="41463" /><D99/><U27/><E37/><V129/><F129/><W16/><G34/><T133/><D84/><U38/><E38/><V97/><F17/><W57/><G57/><T120/><D120/><U68/><E41/><V65/><F65/><W1/><G1/><T87/><D87/><U32/><E68/><V135/><F135/><W9/><G90/><T45/><D46/><U58/><E81/><AGARI ba="0,0" hai="5,7,9,13,16,19,21,25,47,49,53,81,86,88" machi="81" ten="30,12000,2" yaku="7,1,25,2,8,1,52,1,54,2" doraHai="44" who="3" fromWho="1" sc="238,0,242,-120,280,0,240,120" owari="238,-16.2,122,-37.8,280,8.0,360,46.0" /></mjloggm>