<mjloggm ver="2.3"><GO type="225" lobby="0"/><UN n0="%E3%81%95%E3%81%8D%E3%81%9F%E3%81%BE%E6%9E%97%E6%AA%8E" n1="%E9%80%9F%E6%B0%B4%E5%87%9B%E9%A6%99" n2="%E3%81%9F%E3%81%93%E2%98%86%E7%84%BC%E3%81%8D" n3="%E3%81%82%E3%83%BC%E3%81%97" dan="16,16,16,16" rate="2173.06,2141.72,2091.26,2094.81" sx="M,F,M,M"/><TAIKYOKU oya="0"/><INIT seed="0,0,0,3,2,75" ten="250,250,250,250" oya="0" hai0="70,4,127,114,6,66,125,60,11,95,93,78,10" hai1="50,84,68,55,0,1,107,131,82,28,92,99,33" hai2="35,67,46,2,57,120,133,29,130,18,119,19,47" hai3="54,108,42,110,48,124,123,118,13,81,8,91,56"/><T117/><D114/><U49/><E68/><V31/><F2/><W74/><G118/><T134/><D117/><U103/><E107/><V97/><F120/><W90/><G124/><N who="0" m="47691" /><D134/><U135/><E131/><V122/><F122/><W24/><G123/><T27/><D27/><U37/><E37/><V115/><F130/><W129/><G24/><T51/><D51/><U30/><E135/><V89/><F133/><W62/><G129/><T126/><N who="0" m="47699" /><T22/><DORA hai="43" /><D22/><U16/><E49/><V132/><F132/><W53/><G42/><T102/><D102/><U44/><E33/><V72/><F72/><W17/><G110/><T71/><D78/><U12/><E0/><V5/><F5/><N who="0" m="2154" /><D71/><U77/><E1/><V23/><F35/><W64/><G108/><T85/><D85/><U41/><E41/><V63/><F115/><W25/><G25/><T88/><D88/><N who="3" m="33833" /><G74/><T52/><D52/><N who="3" m="20073" /><G48/><T121/><D121/><U105/><E105/><V109/><F109/><W87/><G87/><T112/><D112/><U96/><E96/><V14/><F119/><W65/><G81/><T38/><D38/><U34/><E34/><V83/><F83/><W61/><G56/><T80/><D80/><U3/><REACH who="1" step="1"/><E3/><REACH who="1" ten="250,240,250,250" step="2"/><V101/><F97/><W113/><G113/><T69/><D69/><U58/><E58/><V98/><F57/><W86/><G86/><T7/><D70/><U9/><AGARI ba="0,1" hai="9,12,16,28,30,44,50,55,77,82,84,92,99,103" machi="9" ten="20,16000,3" yaku="1,1,0,1,7,1,8,1,52,2,54,1,53,1" doraHai="75,43" doraHaiUra="21,73" who="1" fromWho="1" sc="250,-80,240,170,250,-40,250,-40" /><INIT seed="1,0,0,4,2,12" ten="170,410,210,210" oya="1" hai0="111,38,15,10,71,40,102,1,5,27,54,63,47" hai1="88,79,67,95,130,34,33,133,105,9,94,7,131" hai2="11,55,115,93,113,37,68,83,118,28,4,51,21" hai3="103,98,116,42,112,70,19,66,65,60,18,82,75"/><U134/><E105/><V43/><F68/><W109/><G112/><N who="2" m="43081" /><F118/><W14/><G116/><T72/><D111/><U123/><E79/><V59/><F83/><W25/><G109/><T22/><D72/><U114/><E67/><V46/><F93/><W2/><G2/><T117/><D117/><U96/><E95/><V0/><F21/><W135/><G66/><T100/><D1/><U26/><E26/><V69/><F28/><W91/><G42/><T92/><D92/><U81/><E81/><V48/><F69/><W110/><G110/><T62/><D62/><AGARI ba="0,0" hai="0,4,11,37,43,46,48,51,55,59,62" m="43081" machi="62" ten="30,1000,0" yaku="11,1" doraHai="12" who="2" fromWho="0" sc="170,-10,410,0,210,10,210,0" /><INIT seed="2,0,0,2,2,102" ten="160,410,220,210" oya="2" hai0="105,19,47,118,99,61,90,35,96,1,13,7,29" hai1="12,53,106,107,117,42,77,23,33,75,89,119,69" hai2="44,16,87,97,109,98,81,124,38,103,24,37,111" hai3="78,72,92,20,4,36,26,84,60,73,22,8,74"/><V39/><F124/><W45/><G92/><T43/><D118/><U91/><E23/><N who="2" m="13415" /><F97/><W71/><G84/><T30/><D96/><U127/><E12/><V123/><F123/><W32/><G22/><T85/><D61/><U25/><E42/><V128/><F128/><W132/><G132/><T63/><D63/><U56/><E69/><V82/><F44/><W58/><G78/><T134/><D134/><U27/><E33/><V65/><F65/><N who="3" m="41383" /><G20/><T48/><D35/><U68/><E68/><V59/><F59/><W21/><G21/><T3/><D3/><U100/><E127/><V31/><F31/><N who="3" m="19575" /><G58/><T17/><D1/><U70/><E56/><V125/><F125/><W86/><G86/><T83/><D7/><U101/><E70/><V94/><F87/><W67/><G67/><T129/><D129/><U6/><E75/><V46/><F46/><W34/><G34/><T2/><D2/><U130/><E130/><V5/><F5/><W131/><G131/><T15/><D15/><U52/><E6/><V57/><F57/><W113/><G113/><T54/><D43/><U0/><E0/><V40/><F40/><N who="3" m="22663" /><G4/><T80/><D19/><U50/><E50/><V62/><F62/><W49/><G49/><T76/><D76/><AGARI ba="0,0" hai="25,27,52,53,76,77,89,91,100,101,106,107,117,119" machi="76" ten="25,8000,1" yaku="22,2,52,2,54,1" doraHai="102" who="1" fromWho="0" sc="160,-80,410,80,220,0,210,0" /><INIT seed="3,0,0,4,4,60" ten="80,490,220,210" oya="3" hai0="121,55,46,33,0,82,99,102,113,29,23,111,120" hai1="108,70,31,123,42,93,129,47,8,78,6,94,25" hai2="74,9,72,133,84,35,101,26,69,109,90,50,5" hai3="32,48,43,34,98,36,17,62,71,15,122,89,49"/><W45/><G122/><T131/><D0/><U100/><E70/><V52/><F69/><W77/><G77/><T103/><D33/><U16/><E123/><V80/><F109/><W3/><G3/><T41/><D111/><U73/><E108/><V57/><F101/><W40/><G32/><T115/><D82/><U135/><E129/><V91/><F133/><W30/><G30/><T4/><D4/><U21/><E100/><V24/><F74/><W13/><G34/><T107/><D55/><U2/><E135/><V79/><F90/><W75/><G75/><T65/><D23/><U132/><E132/><V20/><F20/><W51/><G43/><T88/><D29/><U76/><E76/><V66/><F66/><W110/><G17/><T27/><D27/><U96/><E96/><V125/><F125/><W1/><G1/><T95/><D131/><U54/><E54/><V118/><F118/><W86/><G98/><T87/><D103/><U14/><E78/><V127/><F127/><W39/><G39/><T117/><D117/><U106/><E106/><V10/><F35/><W114/><G114/><N who="0" m="43531" /><D65/><U61/><E73/><V59/><F59/><W104/><G104/><T53/><D53/><U68/><E68/><V126/><F126/><W38/><G38/><T11/><D11/><U56/><E2/><V28/><F9/><W7/><G110/><T128/><D128/><U64/><E31/><V116/><F28/><W12/><G7/><T19/><D19/><U63/><E63/><V83/><F116/><W18/><G18/><T67/><D67/><U119/><E119/><RYUUKYOKU ba="0,0" sc="80,10,490,10,220,10,210,-30" hai0="41,46,87,88,95,99,102,107,120,121" hai1="6,8,14,16,21,25,42,47,56,61,64,93,94" hai2="5,10,24,26,50,52,57,72,79,80,83,84,91" owari="90,-41.0,500,60.0,230,3.0,180,-22.0" /></mjloggm>