<mjloggm ver="2.3"><GO type="225" lobby="0"/><UN n0="%63%68%78%62%64" n1="%72%69%6F%75%63%68%61%6E" n2="%E3%81%BF%E3%82%84%E3%81%93%E3%82%93%EF%BC%91%EF%BC%90%E6%AD%B3" n3="%6D%75%75%6D%75%72%61" dan="16,17,16,17" rate="2091.11,2242.19,2059.14,2184.93" sx="M,M,M,F"/><TAIKYOKU oya="0"/><INIT seed="0,0,0,1,1,70" ten="250,250,250,250" oya="0" hai0="130,105,38,46,113,27,78,55,21,75,74,22,47" hai1="104,39,92,64,16,62,101,15,7,30,14,73,118" hai2="131,94,102,52,18,61,76,25,71,26,10,96,124" hai3="132,119,49,69,116,9,115,109,81,54,63,51,135"/><T127/><D113/><U2/><E118/><N who="3" m="45098" /><G81/><T133/><D133/><N who="3" m="51273" /><G9/><T53/><D130/><U93/><E73/><V91/><F131/><W77/><G77/><T43/><D105/><U128/><E128/><V5/><F124/><W59/><G115/><T35/><D127/><U66/><E39/><V41/><F76/><W82/><G82/><T95/><D95/><U33/><E2/><V13/><F71/><W106/><G106/><T117/><D117/><U112/><E112/><V31/><F41/><W121/><G121/><T45/><D78/><U80/><E80/><V84/><F5/><W0/><G0/><T114/><D114/><U125/><E125/><V129/><F31/><W86/><G86/><T90/><D90/><U12/><E7/><V89/><F89/><W103/><G103/><T36/><D35/><U48/><E48/><N who="3" m="18506" /><G69/><T8/><D8/><N who="1" m="6151" /><E104/><V42/><F42/><W17/><G17/><T44/><D43/><U50/><E33/><V72/><F72/><N who="0" m="27690" /><D27/><U23/><E92/><N who="2" m="54375" /><F129/><W24/><G24/><T79/><N who="0" m="11264" /><DORA hai="4" /><T37/><D79/><U68/><E93/><V19/><F19/><W32/><G32/><T3/><D3/><U126/><E126/><V34/><F34/><W120/><G120/><T11/><D11/><U29/><E101/><V98/><F98/><W65/><G65/><T123/><D123/><U58/><E64/><V6/><F6/><W110/><AGARI ba="0,0" hai="54,59,63,109,110" m="18506,51273,45098" machi="110" ten="40,5200,0" yaku="20,1,34,2" doraHai="70,4" who="3" fromWho="3" sc="250,-26,250,-13,250,-13,250,52" /><INIT seed="1,0,0,3,0,54" ten="224,237,237,302" oya="1" hai0="11,77,78,24,71,9,117,76,114,63,75,118,16" hai1="1,70,48,100,52,5,115,56,125,122,82,29,23" hai2="107,131,22,83,96,127,4,35,79,3,38,0,17" hai3="73,12,103,58,132,129,33,51,121,67,93,135,68"/><U31/><E115/><V14/><F38/><W84/><G121/><T91/><D75/><U80/><E122/><V18/><F35/><W119/><G73/><T44/><D114/><U128/><E70/><V104/><F131/><W101/><G129/><T25/><D44/><U34/><E128/><V55/><F127/><W134/><G33/><T112/><D112/><U105/><E34/><V120/><F120/><W116/><G68/><T95/><D63/><U61/><E125/><V62/><F4/><W88/><G12/><T87/><D71/><U98/><E61/><V89/><F18/><W74/><G74/><T43/><D43/><U49/><E49/><V113/><F113/><W19/><G19/><T111/><D111/><U57/><E57/><V6/><F6/><W30/><G30/><T64/><D64/><U39/><E39/><V45/><F107/><W26/><G26/><T10/><REACH who="0" step="1"/><D16/><REACH who="0" ten="214,237,237,302" step="2"/><U46/><E46/><V2/><F45/><W90/><G67/><T20/><D20/><U97/><E23/><V7/><F62/><W133/><G133/><T36/><D36/><U102/><E29/><V130/><F130/><W37/><G37/><T81/><D81/><U126/><E31/><V60/><F60/><W110/><G110/><T40/><D40/><U109/><E126/><V86/><F22/><W53/><G132/><T27/><AGARI ba="0,1" hai="9,10,11,24,25,27,76,77,78,87,91,95,117,118" machi="27" ten="40,8000,1" yaku="1,1,0,1,29,2,53,0" doraHai="54" doraHaiUra="69" who="0" fromWho="0" sc="214,90,237,-40,237,-20,302,-20" /><INIT seed="2,0,0,1,2,22" ten="304,197,217,282" oya="2" hai0="56,42,25,58,101,119,75,7,90,110,83,93,3" hai1="126,82,132,116,10,65,71,41,31,68,51,52,15" hai2="50,78,20,64,29,99,123,79,35,120,73,55,72" hai3="28,36,122,129,104,49,34,69,8,37,48,114,92"/><V32/><F64/><W118/><G104/><T89/><D110/><U124/><E132/><V43/><F43/><W131/><G118/><T26/><D119/><U109/><E109/><V74/><F99/><W57/><G122/><T16/><D3/><U24/><E116/><V87/><F20/><W14/><G69/><T91/><D7/><U94/><E41/><V18/><F18/><W70/><G70/><T44/><D75/><U54/><E82/><V105/><F105/><W128/><G92/><T98/><D83/><U33/><E94/><V6/><F6/><N who="3" m="3351" /><G114/><T61/><D16/><N who="1" m="8311" /><E65/><V106/><F106/><W40/><G57/><T112/><D112/><U85/><E85/><V103/><F103/><W81/><G81/><T115/><D115/><U100/><E100/><V111/><F111/><W11/><G11/><T0/><D0/><U134/><E134/><V95/><F95/><W4/><G4/><T27/><REACH who="0" step="1"/><D61/><REACH who="0" ten="294,197,217,282" step="2"/><U30/><E30/><V67/><F29/><W133/><G133/><T47/><D47/><N who="1" m="27775" /><E54/><V19/><F120/><W96/><G28/><T39/><AGARI ba="0,1" hai="25,26,27,39,42,44,56,58,89,90,91,93,98,101" machi="39" ten="30,16000,3" yaku="1,1,0,1,52,3,53,3" doraHai="22" doraHaiUra="21" who="0" fromWho="0" sc="294,170,197,-40,217,-80,282,-40" /><INIT seed="3,0,0,3,4,133" ten="464,157,137,242" oya="3" hai0="99,23,89,7,122,108,111,114,3,34,130,123,4" hai1="53,113,95,121,67,33,26,11,119,125,120,107,12" hai2="43,76,71,80,102,62,73,24,116,29,56,126,88" hai3="31,93,66,115,79,131,103,40,14,36,64,87,55"/><W32/><G115/><T22/><D89/><U106/><E125/><V30/><F116/><W105/><G105/><T57/><D57/><U58/><E113/><V127/><F102/><W101/><G32/><T20/><D20/><U91/><BYE who="0" /><E67/><V134/><F134/><W44/><G31/><T82/><D82/><U60/><E119/><V35/><F71/><W27/><G27/><T54/><D54/><U77/><E77/><V21/><F43/><W100/><G131/><T37/><D37/><U45/><E45/><UN n0="%63%68%78%62%64" /><V17/><F88/><W97/><G55/><T75/><D75/><U83/><E83/><V74/><F74/><W104/><G79/><T98/><D130/><U124/><E124/><N who="2" m="47659" /><F35/><W18/><G103/><T0/><D114/><U78/><E78/><V94/><F94/><W69/><G69/><T59/><D34/><U51/><E107/><V112/><F112/><W41/><G100/><T9/><D59/><U61/><E106/><V10/><F10/><AGARI ba="0,0" hai="0,3,4,7,9,10,22,23,98,99,108,111,122,123" machi="10" ten="25,1600,0" yaku="22,2" doraHai="133" who="0" fromWho="2" sc="464,16,157,0,137,-16,242,0" owari="480,58.0,157,-24.3,121,-37.9,242,4.2" /></mjloggm>