<mjloggm ver="2.3"><GO type="225" lobby="0"/><UN n0="%33%74%72%65%65" n1="%EF%BC%B3%E3%81%9E%E3%81%88%E2%98%86" n2="%E7%99%BD%E6%97%A5%E9%9B%AA%E8%8F%9C" n3="%E3%83%81%E3%83%AF%E3%83%AF%E9%9A%8A%E9%95%B7" dan="16,16,17,16" rate="2168.69,2091.10,2206.95,2132.45" sx="F,F,M,M"/><TAIKYOKU oya="0"/><INIT seed="0,0,0,4,5,70" ten="250,250,250,250" oya="0" hai0="120,21,47,83,128,116,126,45,71,62,111,16,82" hai1="68,43,11,73,131,28,30,31,64,79,118,23,57" hai2="3,95,67,48,122,9,81,104,101,7,36,18,80" hai3="112,13,75,88,61,72,24,26,117,108,119,123,93"/><T19/><D116/><U40/><E68/><V90/><F122/><W27/><G112/><T135/><D120/><U52/><E118/><V78/><F36/><W91/><G123/><T5/><D135/><U85/><E73/><V25/><F67/><W39/><G108/><T107/><D107/><U20/><E131/><V129/><F129/><W98/><G39/><T33/><D33/><U94/><E64/><V66/><F66/><W2/><G2/><T15/><D71/><U76/><E11/><V74/><F81/><N who="0" m="30730" /><D128/><U46/><E46/><N who="0" m="17417" /><D111/><U35/><E35/><V77/><F77/><N who="1" m="29769" /><E94/><V100/><F104/><W29/><G119/><T125/><D5/><U1/><E85/><V96/><F48/><W51/><G117/><T34/><D34/><U6/><E6/><V53/><F53/><W14/><G75/><T42/><D42/><N who="1" m="15915" /><E1/><V60/><F60/><AGARI ba="0,0" hai="20,23,28,30,31,52,57,60" m="15915,29769" machi="60" ten="30,2000,0" yaku="8,1,54,1" doraHai="70" who="1" fromWho="2" sc="250,0,250,20,250,-20,250,0" /><INIT seed="1,0,0,4,3,35" ten="250,270,230,250" oya="1" hai0="70,112,113,58,4,80,17,60,61,22,9,101,123" hai1="14,69,81,111,118,108,6,96,20,94,131,84,85" hai2="51,79,88,122,0,57,56,116,23,55,99,114,28" hai3="91,31,33,8,92,125,68,24,95,75,104,106,49"/><U105/><E118/><V110/><F122/><W117/><G75/><T54/><D123/><U124/><E69/><V103/><F116/><W46/><G68/><T97/><D80/><U3/><E105/><V13/><F110/><N who="1" m="42025" /><E131/><V127/><F127/><W73/><G73/><T64/><D22/><U39/><E39/><V1/><F79/><W29/><G117/><T45/><D45/><U15/><E124/><V86/><F114/><W18/><G125/><T27/><D27/><U71/><E71/><V134/><F134/><W62/><G31/><T41/><D41/><U128/><E20/><V11/><F57/><W100/><G62/><T107/><REACH who="0" step="1"/><D17/><REACH who="0" ten="240,270,230,250" step="2"/><U12/><E81/><V72/><F23/><W77/><G18/><T43/><D43/><U87/><E128/><V65/><F28/><W2/><G29/><T67/><D67/><U25/><E25/><V119/><F119/><W78/><G24/><T10/><D10/><N who="1" m="2399" /><E12/><AGARI ba="0,1" hai="4,9,12,54,58,60,61,64,70,97,101,107,112,113" machi="12" ten="30,2000,0" yaku="1,1,7,1,53,0" doraHai="35" doraHaiUra="83" who="0" fromWho="1" sc="240,30,270,-20,230,0,250,0" /><INIT seed="2,0,0,2,2,102" ten="270,250,230,250" oya="2" hai0="47,22,135,63,110,120,119,72,90,36,79,46,61" hai1="44,27,11,62,48,38,121,124,94,125,56,23,35" hai2="59,65,3,5,127,95,122,116,43,71,14,26,49" hai3="54,42,106,51,66,52,115,0,13,82,126,86,39"/><V21/><F116/><W40/><G0/><T98/><D120/><U57/><E35/><V12/><F122/><W60/><G115/><T70/><D72/><U93/><E38/><V31/><F71/><W111/><G111/><T101/><D79/><U30/><E121/><V103/><F127/><N who="1" m="48713" /><E11/><V18/><F3/><W1/><G1/><T109/><D90/><U134/><E134/><V123/><F5/><W96/><G39/><T17/><D135/><U37/><E37/><V87/><F123/><W32/><G32/><T114/><D114/><U4/><E4/><V117/><F117/><W76/><G126/><T104/><D119/><U89/><E62/><N who="0" m="23561" /><D70/><U16/><E30/><V80/><F65/><W133/><G133/><T8/><D8/><U118/><E94/><V28/><F95/><W20/><G66/><T88/><D36/><U67/><E118/><V92/><F92/><W33/><G33/><T15/><D88/><U7/><E7/><V77/><F103/><W24/><G60/><T78/><D78/><U100/><E100/><V53/><REACH who="2" step="1"/><F43/><REACH who="2" ten="270,250,220,250" step="2"/><W129/><G42/><T50/><D109/><U91/><E67/><V113/><F113/><W75/><G40/><N who="0" m="24903" /><D110/><U69/><E69/><V107/><F107/><W99/><G106/><T81/><D104/><U29/><E91/><V58/><F58/><N who="1" m="22633" /><E89/><V41/><F41/><W25/><G54/><T10/><D101/><U84/><E93/><V6/><F6/><W108/><G108/><T9/><D98/><U19/><E84/><V132/><F132/><W112/><G96/><T97/><D97/><U105/><E105/><RYUUKYOKU ba="0,1" sc="270,-15,250,15,220,15,250,-15" hai1="16,19,23,27,29,44,48" hai2="12,14,18,21,26,28,31,49,53,59,77,80,87" /><INIT seed="2,1,1,5,2,22" ten="255,265,235,235" oya="2" hai0="8,86,36,94,11,99,93,45,73,63,129,6,71" hai1="74,53,65,130,60,44,72,121,58,3,31,18,123" hai2="19,23,117,50,85,16,112,95,13,69,97,27,76" hai3="111,128,110,33,7,114,131,62,39,100,26,113,90"/><V134/><F112/><N who="3" m="43115" /><G39/><T106/><D73/><U101/><E3/><V42/><F69/><W66/><G100/><T118/><D129/><N who="3" m="49737" /><G7/><T126/><D126/><U67/><E130/><V15/><F117/><W109/><G90/><T64/><D118/><U75/><E31/><V98/><F134/><W49/><G49/><T10/><D106/><U34/><E34/><V127/><F127/><W47/><G47/><T38/><D6/><U80/><E80/><N who="2" m="47239" /><F98/><W37/><G37/><T108/><D36/><U59/><E101/><N who="2" m="60607" /><F19/><W91/><G91/><T119/><D99/><U43/><E18/><V84/><F84/><W116/><G116/><T1/><D86/><U57/><E121/><V125/><F125/><W79/><G79/><T68/><D38/><U28/><E123/><V2/><F2/><W92/><G92/><T132/><D93/><U96/><E96/><V30/><F30/><N who="3" m="19671" /><G111/><T32/><D108/><U29/><E75/><V12/><F50/><W105/><G105/><T88/><D94/><U51/><E74/><V55/><F42/><W89/><G89/><T14/><D88/><U35/><E72/><V24/><F55/><W107/><G107/><T9/><D119/><U104/><E104/><V81/><F81/><W48/><G48/><T103/><D103/><U5/><E51/><V25/><AGARI ba="1,1" hai="12,13,15,16,23,24,25,27" m="60607,47239" machi="25" ten="30,12000,1" yaku="8,1,52,3,54,1" doraHai="22" who="2" fromWho="2" sc="255,-41,265,-41,235,133,235,-41" /><INIT seed="2,2,0,2,5,5" ten="214,224,368,194" oya="2" hai0="89,110,50,67,60,29,43,121,80,69,122,64,109" hai1="37,115,15,8,93,130,99,70,9,118,23,1,32" hai2="65,58,19,22,16,88,127,92,103,125,132,33,117" hai3="11,119,96,35,86,84,85,111,108,18,94,123,124"/><V21/><F117/><W55/><G119/><T75/><D29/><U107/><E107/><V82/><F33/><W126/><G35/><T2/><D2/><U98/><E32/><V46/><F132/><W52/><G123/><N who="0" m="47115" /><D89/><U83/><E70/><V27/><F46/><W133/><G133/><T0/><D0/><U20/><E37/><V87/><F65/><W68/><G68/><N who="0" m="41991" /><D80/><U17/><E118/><V76/><F58/><W14/><G55/><T34/><D75/><U112/><E130/><V6/><F6/><W44/><G44/><N who="0" m="25887" /><D34/><U71/><E71/><V10/><F103/><W79/><G79/><T25/><D25/><U91/><E83/><V78/><F10/><W74/><G74/><T62/><AGARI ba="2,0" hai="62,67,69,109,110" m="25887,41991,47115" machi="62" ten="30,2000,0" yaku="34,2" doraHai="5" who="0" fromWho="0" sc="214,26,224,-7,368,-12,194,-7" /><INIT seed="3,0,0,5,0,70" ten="240,217,356,187" oya="3" hai0="78,15,99,19,124,8,47,105,119,135,81,128,2" hai1="53,0,89,24,98,75,35,5,102,28,88,125,39" hai2="56,45,14,12,129,21,34,67,27,117,95,37,110" hai3="82,20,74,101,130,10,104,36,133,29,111,50,64"/><W49/><G130/><T107/><D119/><U17/><E75/><V77/><F117/><W58/><G133/><T113/><D128/><U3/><E125/><V84/><F34/><W66/><G111/><T122/><D122/><U97/><E39/><V26/><F37/><W79/><G36/><T100/><D124/><U63/><E17/><V40/><F27/><W120/><G120/><T132/><D113/><U7/><E3/><V86/><F40/><W61/><G64/><T121/><D121/><U6/><E0/><V43/><F43/><W80/><G10/><T109/><D109/><U33/><E33/><V59/><F45/><W57/><G57/><T22/><D47/><U126/><E126/><V41/><F41/><W32/><G32/><T90/><D90/><N who="1" m="34923" /><E35/><V62/><F59/><W38/><G38/><T65/><D65/><U72/><E72/><V1/><F1/><W69/><G69/><T44/><D44/><U23/><E102/><V52/><F67/><W103/><G80/><T85/><D107/><U134/><E134/><N who="0" m="51241" /><D2/><U9/><E9/><AGARI ba="0,0" hai="8,9,15,19,22,78,81,85,99,100,105" m="51241" machi="9" ten="30,1000,0" yaku="20,1" doraHai="70" who="0" fromWho="1" sc="240,10,217,-10,356,0,187,0" owari="250,5.0,207,-19.3,356,45.6,187,-31.3" /></mjloggm>