<mjloggm ver="2.3"><GO type="225" lobby="0"/><UN n0="%E8%81%B7%E6%A5%AD%E3%80%81%E9%A2%A8%32" n1="%E6%80%AA%E3%81%97%E3%81%99%E3%81%8E%E3%82%8B%E3%83%81%E3%83%BC" n2="%73%75%7A%75%6D%65%33" n3="%E9%89%A2%E5%B7%BB%E3%82%AC%E3%83%96" dan="16,16,17,16" rate="2148.58,2138.10,2210.36,2083.36" sx="M,M,M,M"/><TAIKYOKU oya="0"/><INIT seed="0,0,0,3,0,104" ten="250,250,250,250" oya="0" hai0="73,16,43,39,134,81,12,21,47,127,23,120,84" hai1="105,122,15,125,25,91,9,59,38,52,50,110,85" hai2="115,63,40,75,28,71,129,68,45,67,131,98,24" hai3="53,69,86,96,46,116,88,1,93,62,19,107,29"/><T128/><D120/><U123/><E38/><V66/><F115/><W10/><G116/><T44/><D127/><U20/><E105/><V34/><F98/><W22/><G69/><T111/><D128/><N who="2" m="49226" /><F67/><W83/><G107/><T72/><D134/><U126/><E110/><V80/><F80/><W58/><G29/><T55/><D111/><U6/><E125/><V2/><F2/><W60/><G46/><T41/><D55/><U37/><E37/><N who="2" m="21647" /><F71/><W119/><G119/><T32/><D32/><U121/><E126/><V109/><F109/><W17/><G60/><T130/><D130/><U13/><E13/><V18/><F18/><W99/><G99/><T79/><D23/><U132/><E132/><V78/><F78/><W0/><G10/><T48/><AGARI ba="0,0" hai="12,16,21,39,41,43,44,47,48,72,73,79,81,84" machi="48" ten="20,12000,1" yaku="0,1,7,1,52,2,54,1" doraHai="104" who="0" fromWho="0" sc="250,120,250,-40,250,-40,250,-40" /><INIT seed="0,1,0,0,3,100" ten="370,210,210,210" oya="0" hai0="89,68,104,9,81,60,42,41,75,4,93,102,3" hai1="106,57,85,32,127,135,125,7,80,27,24,107,19" hai2="86,44,132,1,117,11,64,0,97,76,29,120,14" hai3="28,84,12,52,66,62,90,40,71,110,105,53,123"/><T101/><D75/><U118/><E118/><V55/><F120/><W113/><G113/><T23/><D81/><U122/><E122/><V38/><F117/><W115/><G115/><T78/><D78/><U95/><E135/><V36/><F132/><W70/><G110/><T87/><D101/><U43/><E95/><V73/><F73/><W82/><G71/><T116/><D116/><U129/><E129/><V92/><F64/><W21/><G123/><T126/><D126/><N who="1" m="48139" /><E7/><V15/><F29/><W91/><G40/><T130/><D130/><U131/><E131/><V56/><F15/><W69/><G69/><T5/><D5/><U74/><E74/><V114/><F114/><W2/><G2/><T45/><D45/><U26/><E32/><V8/><F8/><W98/><G28/><T108/><D108/><U128/><E128/><V109/><F109/><W46/><G46/><T34/><D34/><U39/><E57/><V94/><F44/><W88/><G105/><N who="1" m="39946" /><E43/><V20/><F94/><W35/><G35/><T61/><D42/><U79/><E39/><V72/><F72/><W58/><G98/><T25/><D41/><U83/><E80/><N who="2" m="47367" /><F97/><W49/><REACH who="3" step="1"/><G53/><REACH who="3" ten="370,210,210,200" step="2"/><T48/><D68/><U119/><E119/><V134/><F36/><W31/><G31/><T16/><D104/><U111/><E111/><V18/><F38/><W124/><G124/><T33/><D33/><U22/><AGARI ba="1,1" hai="19,22,24,26,27,79,83,85" m="39946,48139" machi="22" ten="40,8000,1" yaku="18,1,52,3" doraHai="100" who="1" fromWho="1" sc="370,-41,210,93,210,-21,200,-21" /><INIT seed="1,0,0,3,0,33" ten="329,303,189,179" oya="1" hai0="61,60,51,16,83,81,106,29,18,117,45,68,77" hai1="108,50,43,4,48,94,41,116,97,39,13,5,22" hai2="24,92,52,128,99,34,93,54,10,88,118,67,30" hai3="62,59,112,6,133,80,25,63,21,20,122,100,120"/><U86/><E116/><V132/><F118/><W95/><G112/><T123/><D106/><U107/><E107/><V79/><F132/><W14/><G133/><T121/><D117/><U26/><E108/><V56/><F128/><W38/><G38/><T36/><D29/><U119/><E86/><V78/><F10/><W110/><G110/><T109/><D36/><U82/><E82/><N who="0" m="31241" /><D77/><U76/><E76/><V101/><F54/><W64/><G80/><T53/><D109/><U105/><E105/><V129/><F67/><W40/><G40/><N who="1" m="15434" /><E39/><V23/><F34/><W49/><G49/><N who="1" m="19050" /><E13/><V31/><F31/><W74/><G74/><T44/><D44/><U55/><E55/><V124/><F124/><W89/><G120/><N who="0" m="46155" /><D68/><U57/><E57/><V0/><F0/><W69/><G122/><T90/><D90/><N who="1" m="55511" /><E119/><V73/><F73/><W127/><G127/><T91/><D91/><U2/><E2/><V15/><F15/><W42/><G42/><T85/><D85/><U113/><E113/><V72/><F72/><W104/><G100/><T115/><D115/><U46/><E46/><V126/><F126/><W47/><G104/><T17/><AGARI ba="0,0" hai="16,17,18,45,51,53,60,61" m="46155,31241" machi="17" ten="40,2700,0" yaku="13,1,54,1" doraHai="33" who="0" fromWho="0" sc="329,27,303,-13,189,-7,179,-7" /><INIT seed="2,0,0,4,4,99" ten="356,290,182,172" oya="2" hai0="114,55,0,88,12,29,10,115,77,132,26,22,93" hai1="68,129,86,49,111,84,30,61,65,52,116,124,91" hai2="73,74,76,58,46,119,125,94,50,9,40,110,35" hai3="123,33,54,72,15,117,133,19,57,81,130,82,66"/><V69/><F69/><W113/><G117/><T8/><D132/><U106/><E116/><V120/><F119/><W90/><G123/><T102/><D102/><U105/><E111/><V63/><F120/><W67/><G133/><T43/><D77/><U53/><E129/><V89/><F35/><W96/><G130/><T97/><D43/><U24/><E124/><V98/><F125/><W14/><G33/><T7/><REACH who="0" step="1"/><D55/><REACH who="0" ten="346,290,182,172" step="2"/><U3/><E53/><V23/><F110/><W85/><G54/><T13/><D13/><U135/><E135/><V101/><F76/><W47/><G14/><T27/><D27/><U75/><E3/><V70/><F70/><W16/><G15/><T48/><D48/><U39/><E39/><V2/><F23/><W108/><G108/><T1/><D1/><U56/><E75/><V41/><F41/><W4/><G72/><T42/><D42/><U122/><E122/><V20/><F20/><W79/><G79/><T60/><D60/><U107/><REACH who="1" step="1"/><E91/><REACH who="1" ten="346,280,182,172" step="2"/><V59/><F89/><W51/><G90/><T17/><AGARI ba="0,2" hai="0,7,8,10,12,17,22,26,29,88,93,97,114,115" machi="17" ten="20,5200,0" yaku="1,1,0,1,7,1,54,1,53,0" doraHai="99" doraHaiUra="118" who="0" fromWho="0" sc="346,72,280,-13,182,-26,172,-13" /><INIT seed="3,0,0,0,4,51" ten="418,267,156,159" oya="3" hai0="121,76,35,114,18,110,129,36,64,83,50,90,118" hai1="104,123,8,4,105,89,53,75,98,40,44,125,86" hai2="56,131,11,93,130,6,70,22,132,63,27,24,60" hai3="103,87,42,52,69,19,34,73,66,133,101,72,58"/><W30/><G34/><T47/><D110/><U127/><E75/><V39/><F39/><W16/><G30/><T111/><D111/><U85/><E53/><N who="2" m="33807" /><F132/><W120/><G120/><T45/><D129/><N who="2" m="49162" /><F22/><W88/><G133/><T46/><D90/><U10/><E86/><V2/><F93/><N who="3" m="54431" /><G72/><T62/><D36/><N who="1" m="21511" /><E98/><V95/><F95/><W74/><G74/><T119/><D35/><U77/><E77/><V17/><F17/><N who="3" m="6731" /><G73/><T21/><D121/><U113/><E113/><V15/><F2/><W106/><G106/><T37/><D114/><U78/><E104/><V97/><F97/><W55/><G69/><T26/><D37/><U91/><E105/><V71/><F71/><W96/><G42/><T41/><D118/><U84/><E123/><V128/><N who="2" m="49170" /><V124/><DORA hai="38" /><F124/><W23/><G23/><T99/><D119/><U9/><E125/><V48/><F48/><W82/><G82/><T49/><D50/><U108/><E127/><V80/><F80/><W67/><G67/><AGARI ba="0,0" hai="6,11,15,24,27,63,67,70" m="49170,33807" machi="67" ten="40,2600,0" yaku="19,1,52,1" doraHai="51,38" who="2" fromWho="3" sc="418,0,267,0,156,26,159,-26" owari="418,51.8,267,6.7,182,-21.8,133,-36.7" /></mjloggm>