<mjloggm ver="2.3"><GO type="225" lobby="0"/><UN n0="%E3%81%AF%E3%82%88%E3%81%8A%E3%81%98%E3%81%95%E3%82%93" n1="%43%68%65" n2="%E3%81%A1%E3%82%85%E3%81%86%E3%81%A9%E3%81%8F%E8%B1%A1%E3%81%95%E3%82%93" n3="%4D%50%43%32%38%30%30" dan="16,16,16,16" rate="2148.15,2150.11,2154.80,2173.74" sx="M,M,M,M"/><TAIKYOKU oya="0"/><INIT seed="0,0,0,3,2,58" ten="250,250,250,250" oya="0" hai0="135,105,62,57,16,28,111,31,93,73,65,85,14" hai1="116,76,100,22,18,127,53,126,66,43,90,118,115" hai2="82,0,11,79,75,102,37,131,3,36,51,52,101" hai3="42,47,84,34,96,80,113,59,60,17,98,33,89"/><T10/><D73/><U130/><E100/><V103/><F131/><W41/><G113/><T94/><D105/><U24/><E76/><V9/><F9/><W64/><G34/><T134/><D111/><U15/><E43/><N who="3" m="16394" /><G33/><T109/><D109/><U27/><E66/><V63/><F63/><W30/><G30/><N who="0" m="11307" /><D85/><U49/><E90/><V35/><F35/><W19/><G47/><T26/><D26/><N who="1" m="9771" /><E115/><V122/><F122/><W114/><G114/><T120/><D120/><U129/><E53/><V71/><F71/><W91/><G98/><T29/><N who="0" m="11315" /><T12/><DORA hai="88" /><D135/><U68/><E49/><V1/><REACH who="2" step="1"/><F11/><REACH who="2" ten="250,250,240,250" step="2"/><W7/><G7/><N who="0" m="3167" /><D134/><U97/><E68/><V117/><F117/><N who="1" m="45161" /><E97/><V69/><F69/><W20/><G20/><AGARI ba="0,1" hai="14,16,20,57,62,65,93,94" m="3167,11315" machi="20" ten="30,12000,1" yaku="8,1,52,3,54,1" doraHai="58,88" who="0" fromWho="3" sc="250,130,250,0,240,0,250,-120" /><INIT seed="0,1,0,0,5,18" ten="380,250,240,130" oya="0" hai0="12,76,8,128,49,112,22,115,101,69,27,86,24" hai1="54,98,20,88,133,26,16,33,38,103,126,21,105" hai2="68,77,83,106,110,132,120,70,130,61,114,39,30" hai3="41,66,47,102,29,57,131,95,79,89,92,109,5"/><T78/><D69/><U6/><E126/><V10/><F30/><W99/><G109/><T94/><D128/><U90/><E33/><V11/><F39/><W96/><G131/><T62/><D115/><U80/><E133/><V17/><F106/><W64/><G79/><T81/><D112/><U9/><E38/><V43/><F17/><W56/><G5/><T134/><D134/><U65/><E65/><V104/><F43/><W108/><G108/><T52/><D62/><U55/><E21/><V19/><F104/><W2/><G2/><T84/><D22/><U125/><E125/><V67/><F19/><W60/><G29/><T75/><D75/><U23/><E23/><V15/><F68/><W7/><G7/><N who="0" m="3103" /><D101/><U121/><E121/><V42/><F10/><W127/><G127/><T116/><D116/><U59/><E80/><V37/><F114/><W107/><G107/><T25/><D94/><U72/><E72/><V122/><F130/><W3/><G3/><T1/><D1/><U91/><REACH who="1" step="1"/><E59/><REACH who="1" ten="380,240,240,130" step="2"/><V34/><F132/><W51/><REACH who="3" step="1"/><G57/><REACH who="3" ten="380,240,240,120" step="2"/><N who="0" m="32911" /><D81/><U100/><E100/><V87/><F110/><W48/><G48/><T118/><D118/><U73/><E73/><V13/><F34/><W63/><G63/><T117/><D117/><U135/><E135/><V129/><F129/><W71/><G71/><T45/><D76/><U32/><E32/><V123/><F37/><W58/><G58/><T4/><D78/><U31/><E31/><V124/><F124/><W93/><G93/><T82/><D82/><U36/><E36/><V0/><BYE who="0" /><F42/><W111/><G111/><RYUUKYOKU ba="1,2" sc="380,-30,240,10,240,10,120,10" hai1="6,9,16,20,26,54,55,88,90,91,98,103,105" hai2="0,11,13,15,61,67,70,77,83,87,120,122,123" hai3="41,47,51,56,60,64,66,89,92,95,96,99,102" /><UN n0="%E3%81%AF%E3%82%88%E3%81%8A%E3%81%98%E3%81%95%E3%82%93" /><INIT seed="1,2,2,3,2,40" ten="350,250,250,130" oya="1" hai0="122,9,3,25,10,51,43,111,44,99,117,113,97" hai1="82,50,63,77,37,15,34,36,71,100,69,84,21" hai2="48,118,56,28,127,120,106,108,132,131,80,65,61" hai3="121,91,96,64,128,130,54,31,119,32,76,18,74"/><U30/><E34/><V33/><F118/><W70/><G121/><T116/><D113/><U89/><E100/><V107/><F120/><W58/><G119/><T83/><D117/><U104/><E104/><V57/><F108/><W52/><G18/><T20/><D122/><U67/><E71/><V101/><F127/><W16/><G70/><T78/><D111/><U42/><E89/><V59/><F132/><W86/><G96/><N who="0" m="36939" /><D3/><U49/><E49/><V102/><F131/><N who="3" m="50219" /><G76/><T60/><D116/><U105/><E105/><V123/><F80/><N who="3" m="49607" /><G74/><T1/><D1/><U103/><E103/><V75/><F75/><W47/><G31/><N who="0" m="17831" /><D60/><U73/><E73/><V38/><F123/><W109/><G32/><T0/><D0/><U110/><E110/><V126/><F28/><W53/><G109/><T39/><D39/><U17/><REACH who="1" step="1"/><E30/><REACH who="1" ten="350,240,250,130" step="2"/><V2/><F106/><W94/><G94/><T62/><D62/><U46/><AGARI ba="2,3" hai="15,17,21,36,37,42,46,50,63,67,69,77,82,84" machi="46" ten="30,11700,0" yaku="1,1,2,1,0,1,52,1,53,0" doraHai="40" doraHaiUra="85" who="1" fromWho="1" sc="350,-41,240,153,250,-41,130,-41" /><BYE who="0" /><INIT seed="1,3,0,4,0,22" ten="309,393,209,89" oya="1" hai0="13,44,81,4,32,20,28,15,6,10,108,86,58" hai1="130,59,50,69,101,68,23,134,72,97,64,24,56" hai2="102,21,31,83,38,93,88,53,18,34,96,115,7" hai3="67,29,70,45,133,118,111,2,113,3,46,30,25"/><U75/><E134/><UN n0="%E3%81%AF%E3%82%88%E3%81%8A%E3%81%98%E3%81%95%E3%82%93" /><V41/><F7/><W127/><G113/><T103/><D108/><U98/><E130/><V33/><F115/><W116/><G133/><T39/><D32/><U76/><E98/><V121/><F121/><W99/><G111/><T78/><D103/><U51/><E51/><V0/><F0/><W62/><G127/><T71/><D71/><U124/><E124/><V35/><F38/><W48/><G30/><T8/><D39/><U107/><E59/><V89/><F41/><W74/><G46/><T54/><D44/><U135/><E135/><V92/><F83/><W119/><G74/><T91/><D78/><U123/><E123/><V128/><F128/><W65/><G65/><T5/><D5/><U19/><E76/><V126/><F126/><W132/><G99/><T112/><D112/><U49/><E49/><V9/><F9/><W60/><G60/><T105/><D105/><U109/><E109/><V40/><F40/><W27/><G132/><T104/><D104/><U73/><REACH who="1" step="1"/><E64/><REACH who="1" ten="309,383,209,89" step="2"/><V16/><F102/><W114/><G114/><T82/><D58/><U55/><AGARI ba="3,1" hai="19,23,24,50,55,56,68,69,72,73,75,97,101,107" machi="55" ten="40,12000,1" yaku="1,1,2,1,0,1,52,1,53,0" doraHai="22" doraHaiUra="42" who="1" fromWho="1" sc="309,-43,383,139,209,-43,89,-43" /><INIT seed="1,4,0,3,0,29" ten="266,522,166,46" oya="1" hai0="53,88,117,79,43,12,14,11,34,51,69,83,6" hai1="81,76,41,122,49,38,3,8,44,5,78,25,118" hai2="1,19,68,108,18,129,111,103,85,33,114,109,66" hai3="56,9,115,134,126,32,16,7,116,42,125,40,60"/><U104/><E118/><V71/><F1/><W63/><G115/><T121/><D117/><U70/><E122/><V97/><F114/><W0/><G116/><T26/><D69/><N who="2" m="26698" /><F66/><W131/><G131/><T113/><D113/><U48/><E70/><V100/><F129/><W74/><G74/><T75/><D121/><U39/><E39/><V28/><F85/><W55/><G134/><T21/><D43/><U98/><E78/><V106/><F100/><W91/><G63/><T22/><D14/><U95/><E25/><AGARI ba="4,0" hai="18,19,25,28,33,97,103,106,108,109,111" m="26698" machi="25" ten="40,2600,0" yaku="14,1,52,1" doraHai="29" who="2" fromWho="1" sc="266,0,522,-38,166,38,46,0" /><INIT seed="2,0,0,0,3,106" ten="266,484,204,46" oya="2" hai0="80,36,44,123,58,82,0,3,15,45,16,131,24" hai1="128,12,27,98,63,129,56,121,115,90,47,9,130" hai2="102,117,1,108,35,40,2,71,122,119,113,135,78" hai3="100,18,88,22,55,125,61,85,68,57,14,50,74"/><V62/><F102/><W48/><G125/><T17/><D123/><U10/><E121/><V81/><F40/><W8/><G100/><T109/><D109/><U65/><E115/><V51/><F51/><W134/><G134/><T132/><D132/><U124/><E124/><V83/><F122/><W33/><G33/><T77/><D131/><U72/><E72/><N who="2" m="43207" /><F135/><W70/><G74/><T94/><D94/><N who="1" m="56663" /><E27/><V93/><F93/><W54/><G61/><T118/><D58/><U120/><E120/><V76/><F113/><W110/><G110/><T43/><D118/><N who="2" m="45066" /><F35/><W99/><G99/><T87/><D45/><U59/><E12/><V103/><F103/><W96/><G96/><T6/><D82/><U13/><E13/><V64/><F108/><W25/><G25/><T7/><D24/><U37/><E59/><V66/><F66/><W34/><G34/><T42/><D43/><AGARI ba="0,0" hai="9,10,37,43,47,56,63,65,128,129,130" m="56663" machi="43" ten="30,1000,0" yaku="19,1" doraHai="106" who="1" fromWho="0" sc="266,-10,484,10,204,0,46,0" /><INIT seed="3,0,0,5,2,114" ten="256,494,204,46" oya="3" hai0="76,29,14,70,17,2,63,68,33,117,20,133,109" hai1="44,103,28,93,60,54,1,0,3,30,91,96,130" hai2="26,99,48,46,80,71,83,115,10,23,4,62,135" hai3="61,6,53,86,55,35,77,58,8,116,102,110,24"/><W82/><G116/><T112/><D117/><U101/><E130/><V12/><F115/><W113/><G113/><T37/><D37/><U7/><E7/><V25/><F135/><W34/><G110/><T88/><D112/><U129/><E129/><V52/><F99/><W128/><G128/><T13/><D76/><U41/><E54/><V131/><F131/><W108/><G108/><T65/><D109/><U72/><E72/><V69/><F25/><W121/><G121/><T79/><D79/><U123/><E60/><V47/><F47/><W51/><G102/><T18/><D2/><U31/><E123/><V21/><F21/><W90/><G77/><T111/><D111/><U98/><E98/><V127/><F127/><W73/><G24/><T119/><D133/><U40/><E40/><V134/><F134/><W78/><G78/><T38/><D38/><U118/><E118/><V85/><F62/><W15/><REACH who="3" step="1"/><G73/><REACH who="3" ten="256,494,204,36" step="2"/><T49/><D119/><U104/><E103/><V57/><F26/><W56/><AGARI ba="0,1" hai="6,8,15,34,35,51,53,55,56,58,61,82,86,90" machi="56" ten="20,7800,0" yaku="1,1,2,1,0,1,7,1,53,0" doraHai="114" doraHaiUra="39" who="3" fromWho="3" sc="256,-26,494,-26,204,-26,36,88" /><INIT seed="3,1,0,0,2,114" ten="230,468,178,124" oya="3" hai0="12,1,72,20,49,90,117,124,80,127,107,32,45" hai1="89,101,62,97,133,95,110,57,126,8,96,31,104" hai2="59,115,40,42,17,78,7,118,36,63,77,122,27" hai3="85,113,116,47,22,67,93,65,81,55,128,66,100"/><W74/><G113/><T53/><D117/><U19/><E110/><V69/><F118/><W0/><G0/><T112/><D32/><U41/><E126/><V75/><F115/><W34/><G34/><T60/><D1/><U87/><E133/><V92/><F69/><W16/><G116/><T6/><D107/><U84/><E31/><V29/><F75/><W9/><G128/><T25/><D112/><U10/><E41/><N who="2" m="15979" /><F36/><W105/><G105/><T64/><D12/><U33/><E33/><V111/><F7/><W61/><G74/><T48/><D49/><U43/><E43/><V44/><F44/><W70/><G9/><T23/><D6/><U39/><E39/><V98/><F17/><W99/><G70/><T121/><D121/><U54/><E10/><V135/><F135/><W83/><G85/><N who="0" m="50471" /><D25/><U50/><E50/><V123/><F111/><W108/><G108/><T102/><D102/><U38/><E38/><V28/><F27/><W76/><G76/><N who="2" m="29289" /><F123/><W109/><G109/><T5/><D5/><U18/><E18/><V88/><F122/><W94/><G94/><T103/><D103/><U3/><E3/><V129/><F129/><W58/><REACH who="3" step="1"/><G47/><REACH who="3" ten="230,468,178,114" step="2"/><T26/><D72/><U21/><E8/><V79/><F79/><W68/><G68/><N who="0" m="41991" /><D20/><U46/><E46/><V132/><F132/><W130/><G130/><T86/><D86/><U120/><E120/><V15/><F15/><AGARI ba="1,1" hai="15,16,22,55,58,61,65,66,67,81,83,93,99,100" machi="15" ten="40,12000,1" yaku="1,1,8,1,54,1,53,1" doraHai="114" doraHaiUra="52" who="3" fromWho="2" sc="230,0,468,0,178,-123,114,133" /><AGARI ba="1,0" hai="15,19,21,54,57,62,84,87,89,95,96,97,101,104" machi="15" ten="30,1000,0" yaku="7,1" doraHai="114" who="1" fromWho="2" sc="230,0,468,10,55,-10,247,0" /><INIT seed="3,2,0,0,4,107" ten="230,478,45,247" oya="3" hai0="33,120,51,79,106,77,101,84,76,74,126,47,88" hai1="21,87,7,93,53,94,133,80,30,72,100,27,125" hai2="89,20,2,35,111,69,75,102,28,95,98,34,105" hai3="127,65,26,4,23,58,128,81,43,29,70,39,132"/><W17/><G70/><T31/><D120/><U85/><E72/><V50/><F2/><W67/><G132/><T37/><D37/><U38/><E38/><V124/><F69/><W64/><G128/><T9/><D126/><U15/><E125/><V135/><F124/><W25/><G127/><T0/><D74/><U117/><E133/><V114/><F111/><W110/><G110/><T73/><D73/><U8/><E117/><V66/><F114/><W82/><G4/><T3/><D9/><U68/><E68/><V131/><F131/><W108/><G108/><T22/><D33/><U24/><E100/><V10/><F66/><W91/><G58/><T113/><D113/><U122/><E122/><V59/><F10/><W6/><G6/><T40/><D106/><U92/><E80/><V71/><F71/><W86/><G39/><T83/><D101/><U112/><E112/><V90/><F90/><W14/><G43/><T99/><D99/><U44/><E27/><V13/><F135/><W55/><G55/><T45/><D47/><U12/><E12/><V1/><F1/><W54/><G54/><T121/><D121/><U46/><E46/><V42/><F28/><W18/><G18/><T109/><D109/><U115/><E115/><V129/><F129/><W57/><G57/><T19/><D31/><U97/><E97/><N who="2" m="61647" /><F75/><W16/><G17/><T5/><D5/><U119/><E119/><V62/><F50/><AGARI ba="2,0" hai="7,8,15,21,24,30,44,50,53,85,87,92,93,94" machi="50" ten="40,1300,0" yaku="8,1" doraHai="107" who="1" fromWho="2" sc="230,0,478,19,45,-19,247,0" owari="230,-17.0,497,59.7,26,-47.4,247,4.7" /></mjloggm>