<mjloggm ver="2.3"><GO type="225" lobby="0"/><UN n0="%E8%BE%9B%E5%8F%A3%E3%82%AB%E3%83%AC%E3%83%BC%E3%83%A9%E3%82%A4%E3%82%B9" n1="%E3%81%BE%E3%81%A8%E3%81%9F" n2="%E3%81%BF%E3%81%BF%E3%81%9A" n3="%33%74%72%65%65" dan="18,17,18,16" rate="2269.80,2137.87,2237.57,2144.59" sx="M,M,M,F"/><TAIKYOKU oya="0"/><INIT seed="0,0,0,4,0,56" ten="250,250,250,250" oya="0" hai0="111,52,126,135,47,51,101,19,6,114,34,15,4" hai1="27,16,92,89,21,103,77,64,23,76,107,43,0" hai2="109,133,42,31,82,119,39,115,106,86,11,87,117" hai3="124,67,132,65,97,53,20,2,32,58,93,73,40"/><T36/><D114/><U41/><E0/><V1/><BYE who="3" /><F115/><UN n3="%33%74%72%65%65" /><W104/><G32/><T131/><D34/><U91/><E107/><V123/><F123/><W46/><G132/><T72/><D135/><U78/><E103/><V5/><F133/><W59/><G124/><T71/><D126/><U55/><E64/><V70/><F109/><W74/><G104/><T94/><D72/><U99/><E55/><V10/><F70/><W8/><G20/><T48/><D36/><U125/><E125/><V69/><F69/><W33/><G33/><T108/><D71/><U7/><E7/><N who="2" m="1391" /><F31/><W80/><G74/><T112/><D112/><U127/><E127/><V88/><F106/><W60/><G58/><T84/><D131/><U3/><E3/><N who="2" m="447" /><F39/><W110/><G110/><N who="0" m="42027" /><D48/><U30/><REACH who="1" step="1"/><E89/><REACH who="1" ten="250,240,250,250" step="2"/><V128/><F128/><W35/><G2/><T100/><D100/><U49/><E49/><V121/><F121/><W95/><G67/><T38/><D38/><U50/><E50/><V79/><F42/><W44/><G40/><T26/><D26/><AGARI ba="0,1" hai="16,21,23,26,27,30,41,43,76,77,78,91,92,99" machi="26" ten="40,5200,0" yaku="1,1,8,1,54,1,53,0" doraHai="56" doraHaiUra="29" who="1" fromWho="0" sc="250,-52,240,62,250,0,250,0" /><INIT seed="1,0,0,2,3,125" ten="198,302,250,250" oya="1" hai0="113,66,82,65,67,17,15,87,94,78,59,39,35" hai1="22,70,109,5,49,2,77,8,53,106,32,51,134" hai2="18,105,42,26,120,23,91,102,47,79,46,104,38" hai3="54,93,110,19,6,36,16,28,99,84,40,0,130"/><U69/><E106/><V10/><F120/><W3/><G110/><T37/><D113/><U34/><E134/><V115/><F115/><W27/><G84/><T128/><D35/><U81/><E49/><V90/><F79/><W96/><G36/><T80/><D59/><U132/><E34/><V68/><F68/><W114/><G40/><T117/><D117/><U13/><E32/><V122/><F122/><W52/><G114/><T20/><D94/><U9/><E22/><V97/><F105/><W108/><G108/><T21/><D128/><U45/><E132/><V31/><F47/><W133/><G133/><T33/><D33/><U62/><E62/><V43/><F43/><W124/><G124/><T118/><D118/><U14/><E2/><V98/><F98/><W60/><G130/><T126/><D126/><U4/><REACH who="1" step="1"/><E109/><REACH who="1" ten="198,292,250,250" step="2"/><V12/><AGARI ba="0,1" hai="10,12,18,23,26,31,38,42,46,90,91,97,102,104" machi="12" ten="30,1100,0" yaku="0,1" doraHai="125" who="2" fromWho="2" sc="198,-3,292,-5,250,21,250,-3" /><INIT seed="2,0,0,1,0,31" ten="195,287,271,247" oya="2" hai0="19,14,41,129,101,15,34,8,113,104,84,92,91" hai1="25,37,125,124,86,112,1,115,29,61,128,93,63" hai2="130,73,60,81,57,120,58,45,42,18,96,133,108" hai3="119,46,13,97,21,95,118,85,2,80,103,74,106"/><V110/><F120/><W23/><G2/><T48/><D113/><N who="1" m="43595" /><E37/><V51/><F133/><W40/><G74/><T39/><D129/><U98/><E1/><V88/><F130/><W117/><G106/><T79/><D39/><U100/><E86/><N who="2" m="50255" /><F73/><W11/><G40/><T52/><D79/><U10/><E10/><V35/><F35/><W66/><G66/><T75/><D75/><U72/><E128/><V109/><F60/><W131/><G46/><T59/><D41/><U28/><E28/><V126/><F126/><N who="1" m="48745" /><E72/><V16/><F96/><W55/><G131/><T6/><D34/><AGARI ba="0,0" hai="25,29,34,61,63,93,98,100" m="48745,43595" machi="34" ten="30,2000,0" yaku="18,1,52,1" doraHai="31" who="1" fromWho="0" sc="195,-20,287,20,271,0,247,0" /><INIT seed="3,0,0,4,3,77" ten="175,307,271,247" oya="3" hai0="117,78,39,115,24,118,43,47,63,68,109,25,119" hai1="104,126,123,3,58,83,67,106,64,92,52,31,129" hai2="35,130,29,59,135,14,45,4,91,32,96,111,41" hai3="93,131,6,72,127,132,76,9,61,121,75,21,15"/><W7/><G121/><T11/><D109/><U133/><E3/><V1/><F1/><W105/><G105/><T2/><D115/><U62/><E123/><V40/><F111/><W51/><G132/><T99/><D99/><U49/><E133/><V36/><F135/><W120/><G120/><T23/><D63/><U46/><E129/><V107/><F130/><W112/><G131/><T57/><D57/><U50/><E31/><V26/><F41/><W55/><G61/><T125/><D125/><U17/><E67/><V20/><F59/><W60/><G60/><T128/><D128/><U116/><E116/><V13/><F4/><W8/><G127/><T53/><D53/><U79/><E92/><V134/><F134/><W90/><G112/><T110/><D110/><U0/><E0/><V10/><F10/><W12/><G76/><T113/><D113/><U101/><E101/><V65/><F65/><W97/><REACH who="3" step="1"/><G21/><REACH who="3" ten="175,307,271,237" step="2"/><T69/><D23/><U89/><E79/><V94/><F107/><W37/><G37/><T48/><D48/><U122/><E126/><V103/><F32/><W28/><G28/><T98/><D78/><U114/><E114/><V87/><F35/><W108/><G108/><T66/><D66/><U100/><E122/><V82/><AGARI ba="0,1" hai="13,14,20,26,29,36,40,45,82,87,91,94,96,103" machi="82" ten="20,2700,0" yaku="0,1,7,1,52,1" doraHai="77" who="2" fromWho="2" sc="175,-7,307,-7,271,37,237,-13" owari="168,-33.2,300,10.0,308,40.8,224,-17.6" /></mjloggm>