<mjloggm ver="2.3"><GO type="225" lobby="0"/><UN n0="%6D%75%75%73%61%6E%6D%75" n1="%3E%5F%30%40%E6%9D%8F%E6%9D%8F%E8%BB%8D%E5%9C%98" n2="%E6%A1%9C%E8%8A%B1%E9%96%83%E3%80%85" n3="%4C%4F%4C%49%54%41" dan="17,16,16,16" rate="2168.82,2124.02,2206.52,2155.95" sx="F,F,M,F"/><TAIKYOKU oya="0"/><INIT seed="0,0,0,1,1,3" ten="250,250,250,250" oya="0" hai0="59,43,22,103,35,69,66,28,56,14,71,113,87" hai1="17,42,8,114,32,10,25,1,62,23,54,109,88" hai2="79,33,134,45,24,83,5,64,115,125,112,89,47" hai3="81,68,26,4,130,108,84,7,90,63,20,104,96"/><T82/><D113/><U118/><E114/><V116/><F125/><W110/><G130/><T72/><D72/><U46/><E118/><V27/><F134/><W39/><G39/><T124/><D124/><U73/><E73/><V38/><F116/><W30/><G68/><T97/><D43/><U12/><E109/><N who="3" m="42090" /><G63/><T41/><D41/><U98/><E32/><V86/><F64/><W18/><G18/><T34/><D34/><U92/><E1/><V74/><F27/><W11/><G11/><T75/><D75/><U67/><E12/><V2/><F47/><W19/><G19/><T120/><D120/><U78/><E78/><V101/><F101/><AGARI ba="0,0" hai="4,7,20,26,30,81,84,90,96,101,104" m="42090" machi="101" ten="30,3900,0" yaku="14,1,52,2" doraHai="3" who="3" fromWho="2" sc="250,0,250,0,250,-39,250,39" /><INIT seed="1,0,0,3,3,112" ten="250,250,211,289" oya="1" hai0="115,19,3,105,61,77,35,16,25,70,82,106,121" hai1="24,135,91,8,18,33,132,51,87,49,78,134,72" hai2="113,110,98,118,85,32,1,80,31,42,0,117,69" hai3="133,27,48,122,66,81,36,107,52,114,76,95,23"/><U116/><E78/><V67/><F113/><W56/><G114/><T94/><D115/><U102/><E72/><V46/><F110/><W41/><G107/><T10/><D121/><U131/><E102/><V7/><F98/><W2/><G2/><N who="2" m="1129" /><F7/><W14/><G133/><T88/><D3/><U100/><E100/><V104/><F85/><W4/><G122/><T62/><D35/><U39/><E39/><N who="2" m="21855" /><F80/><W97/><G66/><T57/><D70/><U84/><E84/><V9/><F9/><W64/><G64/><T15/><D105/><U58/><E131/><V71/><F104/><W96/><G95/><T17/><D106/><U130/><E130/><V47/><F47/><W108/><G108/><T5/><D25/><U111/><E111/><V53/><F53/><W43/><G36/><T92/><D92/><U124/><E58/><V13/><F13/><W21/><G97/><N who="0" m="57543" /><D57/><U26/><E51/><V75/><F75/><W128/><G96/><T93/><D93/><N who="1" m="54527" /><E49/><V89/><F89/><W55/><G128/><T28/><D28/><N who="1" m="19591" /><E124/><V103/><F103/><W38/><G38/><T99/><D99/><U101/><E101/><V34/><F34/><W65/><G56/><T30/><D30/><U126/><E126/><V44/><F71/><W129/><G129/><T79/><D82/><U6/><E26/><N who="2" m="18551" /><F44/><W50/><G81/><T109/><D109/><U127/><E127/><V37/><F37/><W119/><G48/><T20/><D20/><U45/><E6/><V123/><F123/><W73/><G50/><T59/><D59/><U83/><E134/><V60/><AGARI ba="0,0" hai="60,67,69,117,118" m="18551,21855,1129" machi="60" ten="30,7900,0" yaku="5,1,23,1,52,2" doraHai="112" who="2" fromWho="2" sc="250,-20,250,-39,211,79,289,-20" /><INIT seed="2,0,0,5,0,11" ten="230,211,290,269" oya="2" hai0="25,31,81,87,105,2,60,61,63,113,38,35,53" hai1="123,95,46,79,104,84,103,89,18,100,88,23,117" hai2="20,68,98,122,75,48,129,36,97,62,57,43,85" hai3="33,130,93,86,22,74,54,66,70,127,51,126,131"/><V7/><F75/><W52/><G33/><T17/><D113/><U76/><E117/><V78/><F122/><W92/><G74/><T121/><D121/><U44/><E123/><V27/><F129/><N who="3" m="49163" /><G22/><T90/><D105/><U72/><E104/><V10/><F36/><W135/><G135/><T40/><D2/><U37/><E72/><V58/><F68/><W32/><G32/><T6/><D6/><U3/><E3/><V16/><F85/><W12/><G12/><T5/><D5/><U118/><E37/><V94/><F78/><N who="1" m="29737" /><E89/><V29/><F29/><W1/><G1/><T9/><D38/><U8/><E8/><V125/><F125/><N who="3" m="47627" /><G86/><T133/><D133/><U24/><E118/><V19/><F19/><W55/><G51/><T132/><D132/><U67/><E67/><V56/><F10/><W124/><G124/><T82/><D9/><U4/><E4/><V83/><F7/><W109/><G109/><T96/><D17/><U64/><E64/><V111/><F111/><W102/><G102/><AGARI ba="0,0" hai="18,23,24,44,46,84,88,95,100,102,103" m="29737" machi="102" ten="30,2000,0" yaku="8,1,54,1" doraHai="11" who="1" fromWho="3" sc="230,0,211,20,290,0,269,-20" /><INIT seed="3,0,0,0,5,47" ten="230,231,290,249" oya="3" hai0="53,41,44,7,97,33,69,55,92,105,61,57,73" hai1="88,2,67,66,5,34,125,80,122,3,112,23,130" hai2="35,30,126,94,9,86,20,13,82,72,22,104,64" hai3="70,117,108,131,85,120,49,90,37,119,78,8,58"/><W75/><G120/><T76/><D33/><U91/><E122/><V28/><F104/><W24/><G37/><T127/><D105/><U19/><E34/><V36/><F36/><W116/><G70/><T14/><D127/><U38/><E38/><V118/><F118/><W40/><G131/><T6/><D69/><U113/><E5/><N who="2" m="3247" /><F72/><W43/><G108/><T63/><D73/><U107/><E107/><V135/><F35/><W89/><G75/><T1/><D1/><U79/><E19/><V32/><F32/><W129/><G129/><T74/><D74/><U51/><E80/><V48/><F135/><W46/><G40/><T134/><D134/><U50/><E130/><V128/><F64/><W10/><G24/><T106/><D106/><U54/><E54/><N who="0" m="20489" /><D76/><U62/><E62/><N who="0" m="23561" /><D57/><U103/><E79/><V42/><F126/><W18/><G58/><T87/><D87/><U27/><E125/><V98/><F128/><W115/><G115/><T109/><D109/><U25/><E23/><V0/><F20/><W100/><G78/><T15/><D6/><U56/><E56/><V45/><F0/><W4/><G85/><T52/><N who="0" m="20497" /><T21/><DORA hai="60" /><D7/><U77/><E77/><N who="2" m="46415" /><F22/><W12/><G100/><AGARI ba="0,0" hai="2,3,25,27,50,51,66,67,88,91,100,103,112,113" machi="100" ten="25,12000,2" yaku="22,2,52,4,54,1" doraHai="47,60" who="1" fromWho="3" sc="230,0,231,120,290,0,249,-120" /><AGARI ba="0,0" hai="28,30,42,45,48,94,98,100" m="46415,3247" machi="100" ten="30,3900,0" yaku="25,1,8,1,52,1" doraHai="47,60" who="2" fromWho="3" sc="230,0,351,0,290,39,129,-39" owari="230,-17.0,351,45.1,329,12.9,90,-41.0" /></mjloggm>