<mjloggm ver="2.3"><GO type="225" lobby="0"/><UN n0="%6D%75%75%6D%75%72%61" n1="%E3%83%97%E3%83%AC%E3%83%B4%E3%82%A1%E3%83%86%E3%82%A3" n2="%4B%2E%32%2E%4B%2E" n3="%E8%83%83%E3%81%A8%E8%85%B8" dan="16,16,16,17" rate="2062.53,2079.87,2172.03,2228.23" sx="F,F,M,M"/><TAIKYOKU oya="0"/><INIT seed="0,0,0,3,1,20" ten="250,250,250,250" oya="0" hai0="17,33,15,80,121,130,7,134,23,65,135,105,45" hai1="52,5,89,66,124,99,88,101,115,69,3,13,32" hai2="36,30,62,95,51,96,16,108,79,70,125,84,42" hai3="0,12,48,97,58,102,57,131,82,28,103,60,91"/><T21/><D105/><U74/><E74/><V40/><F36/><W86/><G0/><T59/><D33/><U55/><E3/><V87/><F108/><W119/><G119/><T54/><D121/><U6/><E124/><V63/><F125/><W34/><G131/><T117/><D117/><U113/><E32/><V9/><F30/><W61/><G48/><T85/><D130/><U2/><E2/><V10/><F70/><W22/><G34/><T27/><D45/><U78/><E78/><V71/><F71/><W25/><G12/><T64/><D134/><U49/><E69/><V81/><F87/><W38/><G38/><T47/><D47/><U4/><E66/><V112/><F112/><N who="1" m="43081" /><E13/><N who="2" m="7215" /><F10/><W128/><G128/><T1/><D1/><U43/><E43/><N who="2" m="16427" /><F51/><W83/><G83/><T100/><D100/><AGARI ba="0,0" hai="62,63,79,81,84,95,96,100" m="16427,7215" machi="100" ten="30,2000,0" yaku="8,1,54,1" doraHai="20" who="2" fromWho="0" sc="250,-20,250,0,250,20,250,0" /><INIT seed="1,0,0,2,2,76" ten="230,250,270,250" oya="1" hai0="84,115,89,100,117,64,6,44,124,75,122,14,55" hai1="46,86,112,126,133,74,88,113,104,26,10,91,127" hai2="4,93,56,118,90,31,25,103,63,27,131,50,78" hai3="42,33,81,35,111,129,98,16,61,51,53,20,57"/><U99/><E10/><V120/><F118/><W70/><G111/><T110/><D117/><U71/><E71/><V66/><F120/><W114/><G114/><N who="1" m="44138" /><E26/><V5/><F131/><W65/><G129/><T96/><D115/><U69/><E69/><V49/><F78/><W23/><G23/><T82/><D110/><U101/><E46/><V85/><F103/><W119/><G119/><T87/><D122/><U97/><E74/><V45/><F50/><W83/><G98/><T43/><D64/><U39/><E39/><V3/><F3/><W77/><G42/><T54/><D124/><N who="1" m="47659" /><E133/><V67/><F67/><W92/><G92/><T116/><D75/><U58/><E58/><V95/><F95/><W13/><REACH who="3" step="1"/><G83/><REACH who="3" ten="230,250,270,240" step="2"/><T28/><D116/><U62/><E62/><V21/><F27/><W68/><G68/><T0/><D43/><AGARI ba="0,1" hai="4,5,21,25,31,43,45,49,56,63,66,85,90,93" machi="43" ten="30,2000,0" yaku="7,1,8,1" doraHai="76" who="2" fromWho="0" sc="230,-20,250,0,270,30,240,0" /><INIT seed="2,0,0,3,1,0" ten="210,250,300,240" oya="2" hai0="80,112,13,47,113,32,5,127,102,98,51,129,46" hai1="10,121,125,66,95,123,23,65,2,109,126,37,111" hai2="8,27,22,88,12,133,41,6,87,131,77,74,81" hai3="53,40,31,21,92,70,18,28,26,96,57,45,16"/><V38/><F131/><W33/><G70/><T73/><D32/><U117/><E37/><V3/><F133/><W34/><G34/><T11/><D129/><U39/><E39/><V25/><F12/><W93/><G33/><T17/><D127/><N who="1" m="48651" /><E95/><V56/><F56/><W20/><G45/><T52/><D47/><U132/><E132/><V85/><F85/><W84/><G40/><T91/><D17/><U116/><E23/><V19/><F27/><W104/><G104/><T97/><D97/><U75/><E75/><V124/><F124/><W29/><G84/><T76/><REACH who="0" step="1"/><D91/><REACH who="0" ten="200,250,300,240" step="2"/><U48/><E10/><V99/><F99/><W68/><G96/><T4/><D4/><U55/><E2/><V14/><F3/><W59/><G18/><T128/><D128/><U130/><E130/><V69/><F6/><W61/><G68/><T118/><D118/><N who="1" m="45675" /><E55/><V67/><F8/><W83/><G57/><T71/><D71/><U106/><E106/><AGARI ba="0,1" hai="5,11,13,46,51,52,73,76,80,98,102,106,112,113" machi="106" ten="30,12000,2" yaku="1,1,7,1,52,1,54,1,53,2" doraHai="0" doraHaiUra="110" who="0" fromWho="1" sc="200,130,250,-120,300,0,240,0" /><INIT seed="3,0,0,5,1,118" ten="330,130,300,240" oya="3" hai0="16,51,67,42,119,18,29,111,97,131,2,92,63" hai1="106,86,56,93,48,98,112,13,126,127,128,80,135" hai2="104,74,20,5,34,85,81,26,19,109,73,125,22" hai3="23,130,75,58,134,78,7,44,41,30,99,133,95"/><W1/><G130/><T38/><D119/><U107/><E13/><V105/><F34/><W121/><G58/><N who="0" m="37367" /><D38/><U25/><E25/><V94/><F109/><W72/><G78/><T110/><D2/><U39/><E39/><V49/><F125/><W60/><G60/><T46/><D131/><U15/><E15/><V117/><F117/><W65/><G65/><T123/><D123/><U62/><E48/><V100/><F5/><W102/><G121/><T54/><D29/><U68/><E68/><V32/><F32/><W64/><G64/><T8/><D8/><U89/><E128/><V114/><F114/><W28/><G28/><T124/><D42/><U101/><E56/><V35/><F35/><W82/><G82/><T87/><D87/><U3/><E3/><V69/><F94/><W12/><G1/><T10/><D10/><U21/><E21/><V53/><F22/><W129/><G129/><T91/><D124/><N who="1" m="47659" /><E62/><V71/><F71/><W77/><G7/><T132/><D132/><N who="3" m="50793" /><G30/><T43/><D43/><U14/><E14/><V84/><F69/><W17/><G77/><T50/><D50/><AGARI ba="0,0" hai="12,17,23,41,44,50,72,75,95,99,102" m="50793" machi="50" ten="30,1500,0" yaku="20,1" doraHai="118" who="3" fromWho="0" sc="330,-15,130,0,300,0,240,15" /><INIT seed="3,1,0,1,3,133" ten="315,130,300,255" oya="3" hai0="10,37,96,80,100,19,32,49,127,94,14,13,74" hai1="47,21,40,30,88,104,81,33,92,91,0,7,28" hai2="62,121,116,117,51,29,110,86,135,126,20,63,25" hai3="67,70,24,55,8,102,48,77,5,106,57,36,61"/><W45/><G77/><T120/><D37/><U115/><E104/><V112/><F112/><W27/><G102/><T16/><D32/><U73/><E115/><V23/><F135/><W119/><G106/><T66/><D127/><U129/><E129/><V125/><F110/><W122/><G119/><N who="2" m="45641" /><F121/><W35/><G122/><T93/><D120/><U114/><E114/><V132/><F132/><W26/><G35/><T134/><D134/><U95/><E33/><V68/><F51/><W123/><G123/><T50/><D66/><U128/><E128/><V79/><F68/><W59/><REACH who="3" step="1"/><G36/><REACH who="3" ten="315,130,300,245" step="2"/><T76/><D94/><U3/><E21/><AGARI ba="1,1" hai="10,13,14,16,19,21,49,50,74,76,80,93,96,100" machi="21" ten="30,2000,0" yaku="7,1,54,1" doraHai="133" who="0" fromWho="1" sc="315,33,130,-23,300,0,245,0" owari="348,44.8,107,-39.3,300,10.0,245,-15.5" /></mjloggm>