<mjloggm ver="2.3"><GO type="225" lobby="0"/><UN n0="%45%6C%79%73%69%75%6D" n1="%E9%BB%92%E9%89%84%E7%8F%A0%E9%9B%AB" n2="%43%68%65" n3="%73%69%72%6F%75%74" dan="17,16,16,16" rate="2093.78,2182.22,2168.41,2126.60" sx="F,F,M,M"/><TAIKYOKU oya="0"/><INIT seed="0,0,0,5,1,62" ten="250,250,250,250" oya="0" hai0="99,29,123,59,56,48,10,53,133,77,26,97,43" hai1="25,90,104,51,127,94,28,7,38,15,84,67,24" hai2="126,131,105,107,49,44,13,36,113,129,4,47,70" hai3="39,135,125,2,27,41,87,71,115,82,81,5,6"/><T96/><D123/><U60/><E38/><V80/><F113/><W50/><G115/><T89/><D133/><U98/><E127/><V23/><F126/><W58/><G125/><T40/><D77/><U85/><E51/><V72/><F70/><W116/><G116/><T18/><D89/><U66/><E104/><V121/><F121/><W106/><G106/><T117/><D117/><U124/><E124/><V17/><F36/><W63/><G135/><T69/><D69/><U73/><E73/><V86/><F72/><W122/><G39/><T22/><REACH who="0" step="1"/><D59/><REACH who="0" ten="240,250,250,250" step="2"/><U93/><E90/><V68/><F68/><W92/><G71/><T110/><D110/><U101/><E94/><V3/><F107/><W54/><G122/><T91/><D91/><U20/><E93/><V130/><F105/><W46/><G92/><T55/><D55/><U45/><E101/><V120/><F120/><W14/><G54/><T119/><D119/><U114/><E114/><V61/><F131/><W100/><G100/><T37/><D37/><U78/><E78/><V108/><F108/><W76/><G82/><T57/><D57/><U88/><E88/><V0/><F130/><W111/><G111/><T42/><D42/><U34/><E98/><V21/><F129/><W75/><G76/><T31/><D31/><U35/><E28/><V52/><F52/><W30/><G58/><T74/><D74/><U83/><E83/><V95/><F80/><W33/><G81/><T132/><D132/><U64/><E85/><V112/><F95/><W102/><G87/><T118/><D118/><U65/><E84/><RYUUKYOKU ba="0,1" sc="240,30,250,-10,250,-10,250,-10" hai0="10,18,22,26,29,40,43,48,53,56,96,97,99" /><INIT seed="0,1,1,5,1,114" ten="270,240,240,240" oya="0" hai0="39,105,29,21,52,129,19,104,3,11,75,18,50" hai1="26,59,76,13,127,97,61,35,84,87,68,106,128" hai2="123,78,125,16,95,90,28,83,4,31,32,2,10" hai3="15,42,117,51,88,101,71,132,79,30,92,96,7"/><T102/><D39/><U133/><E133/><V63/><F123/><W86/><G71/><T41/><D75/><U112/><E112/><V69/><F125/><W103/><G117/><T8/><D129/><U91/><E128/><V66/><F32/><W81/><G30/><T20/><D41/><U57/><E76/><V119/><F119/><W118/><G118/><T93/><D29/><U85/><E13/><V25/><F16/><W116/><G132/><T37/><D37/><U122/><E122/><V22/><F31/><W111/><G111/><T65/><D65/><U108/><E108/><V55/><F55/><W73/><G116/><T38/><D38/><U24/><E35/><V110/><F110/><W1/><G1/><T6/><D8/><U53/><E68/><V45/><F45/><N who="3" m="26039" /><G73/><T58/><D93/><N who="1" m="56511" /><E106/><V40/><F40/><W134/><G134/><T17/><REACH who="0" step="1"/><D102/><REACH who="0" ten="260,240,240,240" step="2"/><U124/><E124/><V126/><F126/><W77/><G103/><T48/><D48/><N who="1" m="30887" /><E127/><V44/><F95/><W64/><G64/><AGARI ba="1,2" hai="24,26,59,61,64,84,85,87" m="30887,56511" machi="64" ten="30,1000,0" yaku="8,1" doraHai="114" who="1" fromWho="3" sc="260,0,240,33,240,0,240,-13" /><INIT seed="1,0,0,0,5,71" ten="260,273,240,227" oya="1" hai0="132,48,19,11,85,23,69,112,24,103,57,125,72" hai1="73,13,16,33,130,121,104,95,0,15,50,109,49" hai2="67,53,106,107,32,29,39,113,38,4,76,17,97" hai3="101,116,115,6,66,126,60,21,91,28,55,65,87"/><U99/><E0/><V63/><F53/><W117/><G126/><T82/><D69/><U122/><E33/><V62/><F17/><W64/><G115/><T18/><D112/><U44/><E73/><V133/><F113/><W2/><G2/><T110/><D125/><U42/><E104/><V131/><F4/><W124/><G6/><T40/><D72/><U129/><E109/><V45/><F76/><W3/><G101/><T119/><D119/><N who="3" m="45641" /><G3/><T68/><D68/><U14/><E50/><V114/><F45/><W8/><G8/><T41/><D110/><U98/><E16/><N who="0" m="6185" /><D103/><U81/><E81/><V7/><F7/><W74/><G74/><T86/><D11/><U90/><REACH who="1" step="1"/><E99/><REACH who="1" ten="260,263,240,227" step="2"/><V58/><F114/><W79/><G124/><T10/><D10/><U56/><E56/><V35/><F58/><N who="3" m="34911" /><G21/><T54/><D23/><U134/><E134/><V93/><F133/><W36/><G28/><T78/><D132/><U102/><E102/><V135/><F135/><W22/><G22/><T84/><D24/><U59/><E59/><V96/><F29/><W26/><G26/><T12/><D12/><U105/><E105/><V20/><F20/><W9/><G9/><T5/><D5/><U89/><E89/><V43/><F35/><W77/><G36/><T100/><D100/><U75/><E75/><V52/><F32/><W108/><G108/><T120/><D82/><AGARI ba="0,1" hai="64,65,66,77,79,82,87,91" m="34911,45641" machi="82" ten="30,1000,0" yaku="12,1" doraHai="71" who="3" fromWho="0" sc="260,-10,263,0,240,0,227,20" /><INIT seed="2,0,0,3,5,83" ten="250,263,240,247" oya="2" hai0="114,49,91,34,58,129,26,98,1,59,18,99,53" hai1="82,51,14,40,10,101,69,61,107,57,103,119,11" hai2="64,68,124,38,78,70,128,84,31,24,95,22,66" hai3="46,30,72,27,81,23,74,130,131,104,65,73,67"/><V5/><F38/><W35/><G104/><T16/><D114/><U120/><E119/><V28/><F124/><W116/><G116/><T127/><D1/><U50/><E69/><V121/><F121/><W12/><G46/><T25/><D127/><U52/><E120/><V92/><F128/><N who="3" m="49195" /><G81/><T100/><D129/><U108/><E108/><V6/><F22/><W117/><G117/><T133/><D133/><U89/><E11/><V20/><F20/><W21/><G21/><T32/><D91/><U62/><E107/><V94/><F24/><N who="3" m="18887" /><G12/><T19/><D59/><U9/><E9/><V113/><F113/><W29/><AGARI ba="0,0" hai="23,27,29,65,67,72,73,74" m="18887,49195" machi="29" ten="40,1500,0" yaku="19,1" doraHai="83" who="3" fromWho="3" sc="250,-4,263,-4,240,-7,247,15" /><INIT seed="3,0,0,1,0,81" ten="246,259,233,262" oya="3" hai0="121,119,0,76,42,83,77,128,60,74,115,16,108" hai1="62,68,116,112,59,2,89,44,107,4,103,110,94" hai2="56,131,6,13,88,82,22,113,67,120,14,8,111" hai3="36,90,70,37,30,43,53,28,10,21,91,55,52"/><W19/><G70/><T12/><D119/><U20/><E112/><V106/><F113/><W100/><G100/><T5/><D115/><U54/><E68/><V47/><F106/><W85/><G37/><T57/><D121/><U63/><E110/><V95/><F111/><W29/><G36/><T41/><D108/><U133/><E133/><V123/><F131/><W1/><G43/><T98/><D128/><U87/><E116/><V71/><F71/><W124/><G124/><T134/><D134/><U23/><E44/><V122/><F82/><N who="3" m="49463" /><G91/><T97/><D76/><U105/><E63/><N who="2" m="38375" /><F47/><W50/><G10/><T102/><D5/><U73/><E73/><V40/><F40/><W135/><G1/><T84/><D0/><U46/><E107/><V32/><F32/><W3/><G3/><T26/><D74/><U78/><E78/><V31/><F31/><W7/><G7/><T129/><D129/><U118/><E118/><V35/><F35/><W99/><G99/><N who="0" m="37899" /><D102/><U51/><E103/><V65/><F65/><W132/><G132/><T45/><D45/><U25/><E105/><V17/><F6/><W66/><G66/><N who="0" m="39183" /><D26/><U101/><E25/><N who="2" m="14543" /><F8/><AGARI ba="0,0" hai="8,12,16,41,42,77,83,84" m="39183,37899" machi="8" ten="30,3900,0" yaku="8,1,52,1,54,1" doraHai="81" who="0" fromWho="2" sc="246,39,259,0,233,-39,262,0" /><INIT seed="4,0,0,0,5,129" ten="285,259,194,262" oya="0" hai0="32,111,66,50,127,131,75,102,53,67,115,5,21" hai1="13,0,80,14,1,16,98,68,9,70,49,91,118" hai2="27,117,39,106,11,43,44,95,52,41,104,7,29" hai3="123,134,59,92,128,17,124,24,69,96,47,55,121"/><T48/><D32/><U81/><E118/><V65/><F117/><W113/><G128/><T71/><D75/><U36/><E36/><V54/><F43/><W38/><G69/><T110/><D115/><U130/><E130/><V57/><F65/><N who="0" m="24586" /><D71/><U73/><E73/><V56/><F95/><W60/><G124/><T108/><D131/><U135/><E98/><V76/><F76/><W77/><G77/><T112/><D112/><U90/><E49/><N who="0" m="19049" /><D53/><U45/><E45/><V10/><F57/><W99/><G47/><T35/><D35/><U26/><E26/><V28/><F28/><W120/><G38/><T89/><D102/><U40/><E40/><V25/><F25/><W15/><G24/><T94/><D5/><U46/><E46/><V109/><F109/><W20/><G113/><T72/><D72/><U30/><E30/><V2/><F54/><W97/><G92/><T22/><D127/><U125/><E125/><V83/><F83/><W107/><G107/><T4/><D4/><U61/><E70/><V105/><F7/><W8/><G121/><T34/><D34/><U101/><E68/><V93/><F2/><W132/><G120/><T116/><D116/><U63/><E1/><V126/><F126/><W31/><G123/><T100/><D100/><U42/><E0/><V79/><F93/><W58/><G31/><T12/><D12/><U62/><E42/><V122/><F122/><W87/><G15/><T78/><D78/><U82/><E101/><V85/><F79/><W33/><G33/><T51/><D51/><U103/><E103/><V19/><F104/><RYUUKYOKU ba="0,0" sc="285,30,259,-10,194,-10,262,-10" hai0="21,22,89,94,108,110,111" owari="315,41.5,249,-15.1,184,-31.6,252,5.2" /></mjloggm>