<mjloggm ver="2.3"><GO type="225" lobby="0"/><UN n0="%E3%81%AA%E3%81%A1%30%39%32%37" n1="%E3%81%95%E3%81%8D%E3%81%9F%E3%81%BE%E6%9E%97%E6%AA%8E" n2="%E4%B8%89%E5%86%A0%E7%8E%8B%E3%83%BB%E5%B1%B1%E7%94%B0%E5%93%B2%E4%BA%BA" n3="%E3%81%8B%E3%82%8F%E3%81%A1%E3%82%83%E3%82%93%35%38" dan="16,16,16,16" rate="2023.68,2091.72,2161.13,2131.45" sx="M,M,M,M"/><TAIKYOKU oya="0"/><INIT seed="0,0,0,5,1,105" ten="250,250,250,250" oya="0" hai0="17,119,106,76,7,31,109,88,50,25,108,131,46" hai1="85,42,54,18,125,56,82,80,126,65,27,78,102" hai2="39,45,122,15,63,59,97,23,66,99,64,84,110" hai3="58,134,30,121,100,130,128,92,67,79,72,87,114"/><T68/><D119/><U34/><E102/><V37/><F122/><W33/><G58/><T62/><D106/><U75/><E42/><V1/><F1/><W129/><G67/><N who="0" m="41079" /><D7/><U124/><E65/><V133/><F66/><W113/><G30/><T123/><D123/><U101/><E101/><V81/><F133/><W98/><G33/><N who="0" m="20719" /><D17/><U104/><E104/><V49/><F110/><N who="0" m="42602" /><D76/><U103/><E103/><V69/><F69/><W6/><G6/><T51/><D131/><U115/><E115/><N who="3" m="44042" /><G121/><T22/><D22/><N who="1" m="13783" /><E34/><V96/><F23/><W2/><G2/><T91/><D50/><N who="1" m="30807" /><E82/><V26/><F81/><N who="3" m="45287" /><G134/><T57/><D57/><U127/><N who="1" m="31744" /><DORA hai="5" /><U38/><E38/><V43/><F39/><W118/><G118/><T89/><D89/><U19/><E19/><V90/><F90/><W132/><G132/><T74/><D74/><AGARI ba="0,0" hai="74,75,78,80,85" m="31744,30807,13783" machi="74" ten="60,7700,0" yaku="18,1,52,2" doraHai="105,5" who="1" fromWho="0" sc="250,-77,250,77,250,0,250,0" /><INIT seed="1,0,0,1,0,50" ten="173,327,250,250" oya="1" hai0="100,57,76,110,131,125,118,79,28,14,89,70,47" hai1="87,84,105,106,23,101,98,72,43,63,12,30,59" hai2="111,86,0,134,73,37,132,96,81,68,129,104,130" hai3="126,33,92,102,133,56,49,78,58,75,97,83,31"/><U60/><E72/><V95/><F0/><W93/><G126/><T4/><D70/><U42/><E30/><V32/><F37/><W107/><G133/><N who="2" m="51305" /><F32/><W40/><G40/><T69/><D69/><U71/><E71/><V15/><F15/><W103/><G103/><T35/><D118/><U128/><E128/><N who="2" m="49259" /><F68/><W123/><G123/><T65/><D110/><U6/><E6/><V99/><F111/><W88/><G93/><T21/><D131/><U115/><E115/><V127/><F104/><W122/><G122/><T9/><D35/><U20/><E12/><V11/><F11/><W45/><G31/><T24/><D47/><U53/><E101/><N who="2" m="60575" /><F99/><W44/><G33/><T124/><D100/><U77/><E98/><V109/><F109/><W51/><G44/><T52/><D65/><U34/><E34/><V41/><F41/><W66/><G66/><T46/><D46/><U25/><E25/><V39/><F39/><W74/><G45/><T55/><D55/><U80/><E53/><V90/><F73/><W48/><G75/><T114/><D114/><U113/><E113/><V94/><F127/><N who="0" m="48714" /><D89/><U135/><E135/><V91/><F91/><W5/><G5/><T54/><D54/><U67/><E67/><V120/><F120/><W121/><G121/><T119/><D119/><U85/><E106/><V108/><F108/><W8/><G8/><T19/><D4/><U10/><E105/><V16/><F16/><W62/><G88/><T1/><D1/><U82/><E43/><V64/><F64/><N who="3" m="38983" /><G107/><T13/><D13/><U29/><E42/><V117/><F94/><RYUUKYOKU ba="0,0" sc="173,10,327,-30,250,10,250,10" hai0="9,14,19,21,24,28,52,57,76,79" hai2="81,86,90,117" hai3="48,49,51,58,74,78,83,92,97,102" /><INIT seed="2,1,0,0,3,77" ten="183,297,260,260" oya="2" hai0="107,116,43,53,87,48,129,70,26,18,29,41,86" hai1="11,44,94,120,125,81,132,123,91,57,113,69,105" hai2="22,135,10,13,93,110,42,50,33,31,38,16,49" hai3="114,35,52,127,51,115,85,119,58,126,40,23,14"/><V133/><F110/><W72/><G35/><T68/><D107/><U54/><E132/><N who="2" m="50763" /><F33/><W3/><G3/><T104/><D104/><U76/><E125/><N who="3" m="47626" /><G72/><T20/><D129/><U39/><E105/><V65/><F65/><W36/><G119/><T117/><D70/><U2/><E69/><V59/><F59/><W128/><G128/><T7/><D68/><U99/><E113/><N who="3" m="43018" /><G85/><T95/><D7/><U118/><E118/><V25/><F93/><W24/><G14/><T64/><D64/><U100/><E100/><V63/><F63/><W17/><G40/><T71/><D71/><U80/><E76/><V121/><F121/><N who="1" m="46665" /><E2/><V78/><F78/><W1/><G1/><T45/><D117/><U56/><E11/><V73/><F73/><W6/><G36/><T75/><D75/><U111/><E111/><V108/><F108/><W28/><G6/><T67/><D67/><U60/><E57/><V82/><F82/><N who="1" m="31849" /><E44/><AGARI ba="1,0" hai="10,13,16,22,25,31,38,42,44,49,50" m="50763" machi="44" ten="30,2900,0" yaku="20,1,54,1" doraHai="77" who="2" fromWho="1" sc="183,0,297,-32,260,32,260,0" /><INIT seed="2,2,0,2,3,132" ten="183,265,292,260" oya="2" hai0="87,100,120,128,15,34,123,29,65,90,108,73,40" hai1="9,44,122,45,70,3,112,67,124,75,54,19,56" hai2="115,24,48,96,72,114,126,8,46,121,94,66,64" hai3="135,27,84,23,117,11,80,51,33,89,39,74,6"/><V113/><F72/><W88/><G135/><T71/><D73/><U101/><E112/><V1/><F121/><W85/><G39/><T83/><D108/><U10/><E122/><V62/><F126/><W106/><G117/><T21/><D128/><U20/><E75/><V52/><F24/><W12/><G106/><T103/><D34/><U36/><E101/><V116/><F116/><W102/><G74/><T2/><D2/><U97/><E97/><V13/><F1/><W110/><G110/><T105/><D40/><U98/><E98/><V57/><F66/><W14/><G33/><T58/><D71/><U53/><E53/><V7/><REACH who="2" step="1"/><F114/><REACH who="2" ten="183,265,282,260" step="2"/><W76/><G102/><AGARI ba="2,1" hai="7,8,13,46,48,52,57,62,64,94,96,102,113,115" machi="102" ten="30,11600,0" yaku="1,1,2,1,7,1,54,1,53,0" doraHai="132" doraHaiUra="107" who="2" fromWho="3" sc="183,0,265,0,282,132,260,-122" /><INIT seed="2,3,0,4,2,124" ten="183,265,414,138" oya="2" hai0="11,76,40,133,48,110,104,63,43,30,45,42,116" hai1="120,123,112,51,0,10,131,35,72,13,3,118,69" hai2="4,68,132,94,128,6,89,56,52,70,24,61,78" hai3="22,57,1,33,79,85,115,12,121,59,101,126,111"/><V95/><F78/><W15/><G121/><N who="1" m="46666" /><E72/><V105/><F105/><W71/><G1/><T86/><D104/><U66/><E112/><V54/><F95/><W38/><G33/><T127/><D127/><U113/><E113/><V90/><F90/><W84/><G71/><T25/><D110/><U99/><E118/><V93/><F93/><W47/><G126/><T91/><D133/><U41/><E35/><V129/><F132/><W21/><G115/><T96/><D116/><U82/><E82/><V92/><F92/><W67/><G111/><T97/><D63/><N who="1" m="40159" /><E99/><N who="0" m="37961" /><D11/><U7/><E131/><N who="2" m="50251" /><F54/><W64/><G79/><T20/><D76/><U8/><E8/><V87/><F24/><W117/><G117/><T16/><D30/><U46/><AGARI ba="3,0" hai="0,3,7,10,13,41,46,51" m="40159,46666" machi="46" ten="30,1100,0" yaku="13,1" doraHai="124" who="1" fromWho="1" sc="183,-6,265,20,414,-8,138,-6" /><INIT seed="3,0,0,5,4,93" ten="177,285,406,132" oya="3" hai0="124,126,97,33,4,98,7,114,49,45,51,9,135" hai1="88,69,118,63,86,10,1,30,29,100,27,53,11" hai2="106,132,117,44,85,25,6,127,108,111,18,38,89" hai3="78,66,5,104,83,43,22,73,95,37,125,119,3"/><W34/><G119/><T64/><D33/><U90/><E118/><V19/><F106/><W102/><G125/><N who="0" m="48235" /><D135/><U32/><E30/><V123/><F6/><N who="0" m="2090" /><D114/><U120/><E120/><V129/><F18/><W103/><G34/><T52/><D9/><U109/><E109/><V41/><F25/><W23/><G66/><T8/><D8/><U94/><E1/><V107/><F19/><W28/><G104/><T128/><D128/><U134/><E134/><V60/><F41/><W16/><G28/><T79/><D64/><U113/><E113/><V36/><F36/><W99/><G102/><T20/><D79/><U50/><E100/><V39/><F39/><W58/><G58/><N who="0" m="33039" /><D20/><U105/><E105/><V35/><F85/><W112/><G112/><T68/><D68/><U101/><E101/><V74/><F74/><W116/><G116/><T42/><AGARI ba="0,0" hai="42,45,51,97,98" m="33039,2090,48235" machi="42" ten="30,7900,0" yaku="18,1,52,2,54,1" doraHai="93" who="0" fromWho="0" sc="177,79,285,-20,406,-20,132,-39" owari="256,-14.4,265,6.5,386,48.6,93,-40.7" /></mjloggm>