<mjloggm ver="2.3"><GO type="225" lobby="0"/><UN n0="%72%69%6F%75%63%68%61%6E" n1="%E8%91%B5%E3%81%A1%E3%82%83%E3%82%93" n2="%E3%81%A9%E3%82%93%E3%82%88%E3%81%8F%4D%6B%2E%32" n3="%E6%98%93%E5%88%A9%E8%96%A9%E4%BC%AF" dan="16,17,16,16" rate="2141.26,2193.55,2158.41,2029.30" sx="M,F,M,F"/><TAIKYOKU oya="0"/><INIT seed="0,0,0,4,2,46" ten="250,250,250,250" oya="0" hai0="98,86,16,47,130,45,131,40,129,64,91,117,125" hai1="94,62,39,68,22,54,59,44,65,32,4,12,82" hai2="57,18,128,135,50,34,17,23,60,76,93,132,1" hai3="87,83,114,37,133,101,27,118,85,29,9,102,119"/><T97/><D117/><U2/><E32/><V71/><F34/><W110/><G114/><T66/><D125/><U115/><E115/><V56/><F1/><W107/><G110/><T134/><D134/><N who="2" m="51242" /><F76/><W7/><G37/><T21/><D98/><U36/><E2/><V104/><F104/><W41/><G41/><T78/><D97/><U0/><E0/><V38/><F38/><W11/><G133/><T49/><D78/><U58/><E68/><V75/><F75/><W99/><G102/><T48/><D86/><U6/><E82/><V35/><F35/><W122/><G87/><T20/><D91/><U89/><E44/><V109/><F109/><W121/><G118/><T106/><D106/><U96/><E36/><V24/><F71/><W113/><G113/><T116/><D116/><U81/><E39/><V70/><F70/><W95/><G107/><T43/><D21/><U74/><E81/><V10/><F93/><W77/><G119/><T53/><D53/><U73/><E74/><V84/><F84/><W80/><G80/><T55/><D55/><U92/><E92/><V52/><F128/><W105/><G105/><T90/><D90/><U26/><E73/><V88/><F88/><W108/><G108/><T30/><D30/><U14/><E22/><V103/><F103/><W69/><G69/><T127/><D127/><U120/><E54/><N who="2" m="31959" /><F10/><W72/><G72/><T111/><D111/><U8/><E89/><V51/><F60/><W126/><G126/><T61/><D61/><U31/><E62/><V15/><F17/><W63/><G63/><T33/><D33/><RYUUKYOKU ba="0,0" sc="250,15,250,-15,250,15,250,-15" hai0="16,20,40,43,45,47,48,49,64,66,129,130,131" hai2="15,18,23,24,51,52,56" /><INIT seed="0,1,0,4,3,105" ten="265,235,265,235" oya="0" hai0="71,114,112,117,85,107,8,108,130,55,23,77,19" hai1="86,60,26,17,24,63,127,35,109,116,2,113,44" hai2="14,57,3,10,0,128,29,104,123,80,31,120,69" hai3="119,106,41,37,87,50,65,32,16,4,132,122,1"/><T5/><D117/><U43/><E116/><V46/><F69/><W92/><G119/><T83/><D130/><U59/><E2/><V131/><F104/><W76/><G32/><T96/><D71/><U22/><E109/><V70/><F57/><W102/><G132/><T25/><D108/><U49/><E127/><V89/><F46/><W124/><G122/><N who="2" m="46633" /><F89/><W7/><G106/><T18/><D18/><U47/><E113/><V42/><F42/><W58/><G37/><T52/><D112/><U38/><E86/><V93/><F93/><W30/><G30/><N who="2" m="11273" /><F80/><W39/><G39/><T111/><D111/><U90/><E35/><V66/><F66/><W125/><G102/><T12/><REACH who="0" step="1"/><D114/><REACH who="0" ten="255,235,265,235" step="2"/><U94/><E17/><N who="2" m="8407" /><F70/><W54/><G124/><T34/><D34/><U45/><E38/><V48/><F48/><W82/><G125/><T135/><D135/><U79/><E49/><V129/><AGARI ba="1,1" hai="0,3,128,129,131" m="8407,11273,46633" machi="129" ten="40,5200,0" yaku="19,1,34,2" doraHai="105" who="2" fromWho="2" sc="255,-27,235,-14,265,65,235,-14" /><INIT seed="1,0,0,5,0,103" ten="228,221,330,221" oya="1" hai0="86,82,62,2,6,37,52,80,68,99,70,11,107" hai1="120,63,98,87,14,72,45,100,40,29,106,26,5" hai2="81,71,125,18,84,39,60,78,116,133,27,85,64" hai3="124,66,58,1,4,83,46,13,53,15,96,33,93"/><U8/><E120/><V16/><F116/><W75/><G33/><T90/><D37/><U7/><E72/><V121/><F121/><W56/><G124/><T130/><D130/><U104/><E87/><V31/><F125/><W128/><G1/><T73/><D73/><U21/><E63/><V88/><F39/><W48/><G128/><T109/><D109/><U43/><E43/><V38/><F38/><W132/><G132/><T32/><D32/><U111/><E111/><V42/><F42/><W12/><G66/><T3/><D2/><U127/><E127/><V117/><F117/><W131/><G4/><T22/><D80/><U101/><E7/><V9/><F9/><W77/><REACH who="3" step="1"/><G131/><REACH who="3" ten="228,221,330,211" step="2"/><T54/><D68/><U79/><E79/><V49/><F133/><W123/><G123/><T24/><D70/><U105/><E101/><AGARI ba="0,1" hai="12,13,15,46,48,53,56,58,75,77,83,93,96,101" machi="101" ten="40,2600,0" yaku="1,1,53,1" doraHai="103" doraHaiUra="44" who="3" fromWho="1" sc="228,0,221,-26,330,0,211,36" /><INIT seed="2,0,0,4,3,90" ten="228,195,330,247" oya="2" hai0="134,62,35,54,114,16,37,70,109,97,28,79,58" hai1="0,47,59,135,64,112,46,83,89,1,27,36,105" hai2="23,103,41,118,132,5,102,21,8,43,124,122,95" hai3="51,96,81,30,94,108,128,92,33,117,126,4,34"/><V3/><F122/><W48/><G117/><T61/><D114/><U127/><E112/><V22/><F118/><W11/><G108/><T104/><D37/><U66/><E105/><V14/><F124/><W88/><G126/><T7/><D109/><U115/><E115/><V26/><F132/><W9/><G128/><T85/><D134/><U67/><E127/><V42/><F3/><W72/><G33/><T130/><D130/><U99/><E135/><V78/><F78/><W18/><G34/><T77/><D7/><U31/><E59/><V106/><F106/><W49/><G30/><T19/><D85/><U24/><E83/><V12/><F12/><W6/><G72/><T98/><D79/><U76/><E76/><V93/><F26/><W53/><G81/><T55/><D77/><U63/><E63/><V87/><F87/><N who="3" m="52255" /><G53/><T40/><D40/><U50/><E36/><V100/><AGARI ba="0,0" hai="5,8,14,21,22,23,41,42,43,93,95,100,102,103" machi="100" ten="40,18000,2" yaku="0,1,29,2,8,1,52,2" doraHai="90" who="2" fromWho="2" sc="228,-60,195,-60,330,180,247,-60" /><INIT seed="2,1,0,0,0,0" ten="168,135,510,187" oya="2" hai0="74,83,18,131,106,130,32,118,30,17,50,42,19" hai1="117,29,101,5,75,88,65,108,94,71,114,49,109" hai2="84,10,100,21,13,89,125,38,69,60,127,63,36" hai3="52,41,90,4,2,105,96,1,92,104,102,91,47"/><V126/><F100/><W120/><G120/><T44/><D118/><U115/><E117/><V119/><F21/><W15/><G15/><T110/><D110/><N who="1" m="42603" /><E75/><V87/><F119/><W31/><G31/><T103/><D106/><U56/><E101/><V107/><F107/><W59/><G104/><T22/><D32/><U133/><E29/><V27/><F27/><W43/><G43/><T116/><D103/><U86/><E133/><V113/><F113/><N who="1" m="43017" /><E71/><V121/><F121/><W97/><G4/><T25/><REACH who="0" step="1"/><D116/><REACH who="0" ten="158,135,510,187" step="2"/><U45/><E5/><V28/><F125/><W35/><G35/><T62/><D62/><N who="1" m="38087" /><E49/><V93/><F126/><W81/><G105/><T134/><D134/><U23/><E23/><V72/><F127/><W95/><G102/><T68/><D68/><U122/><E122/><V123/><F123/><W14/><G1/><T128/><D128/><U6/><E6/><V37/><F69/><W70/><G2/><T135/><D135/><U82/><E45/><V73/><F63/><W64/><G70/><T20/><D20/><U67/><E67/><V9/><F60/><W129/><G64/><T12/><D12/><U24/><E24/><V98/><F13/><W111/><G111/><T8/><D8/><U39/><E39/><V26/><F9/><W33/><G14/><T132/><D132/><U11/><E11/><V46/><F10/><W112/><G112/><T51/><D51/><U55/><E55/><V34/><F46/><W48/><G33/><T7/><D7/><U79/><E94/><V76/><F37/><N who="3" m="21935" /><G129/><T124/><D124/><U53/><E53/><RYUUKYOKU ba="1,1" sc="158,10,135,10,510,-30,187,10" hai0="17,18,19,22,25,30,42,44,50,74,83,130,131" hai1="79,82,86,88" hai3="48,52,59,81,90,91,92,95,96,97" /><INIT seed="3,2,1,4,1,91" ten="168,145,480,197" oya="3" hai0="98,105,62,74,52,45,58,22,117,112,92,20,111" hai1="23,83,65,28,27,133,8,16,42,87,9,107,108" hai2="33,68,35,85,124,21,130,128,127,50,115,43,81" hai3="17,121,53,88,26,79,116,39,44,109,31,60,97"/><W86/><G116/><T6/><D117/><U13/><E107/><V122/><F68/><W51/><G121/><T131/><D74/><U102/><E108/><V118/><F118/><W29/><G39/><T11/><D111/><U19/><E133/><V70/><F70/><W55/><G109/><T18/><D105/><U114/><E114/><V24/><F115/><W76/><G97/><T69/><D112/><U72/><E72/><V119/><F119/><W49/><G60/><T71/><D131/><N who="2" m="50218" /><F122/><W78/><G17/><T2/><D45/><U63/><E42/><V7/><F7/><W66/><G66/><T80/><D80/><U36/><E36/><V73/><F73/><W54/><G26/><N who="0" m="14615" /><D22/><U48/><E102/><V93/><F93/><N who="3" m="54423" /><G51/><T94/><D94/><U32/><E48/><V110/><F50/><W46/><G46/><T132/><D132/><U129/><E129/><V47/><F47/><W95/><G95/><T113/><D113/><U120/><E120/><V67/><F110/><W30/><AGARI ba="2,1" hai="29,30,31,44,49,53,54,55,76,78,79" m="54423" machi="30" ten="30,6000,0" yaku="8,1,52,1,54,1" doraHai="91" who="3" fromWho="3" sc="168,-22,145,-22,480,-22,197,76" /><INIT seed="3,3,0,4,5,95" ten="146,123,458,273" oya="3" hai0="132,119,66,124,36,8,117,96,2,92,4,107,55" hai1="54,88,84,47,5,14,38,16,52,89,18,122,131" hai2="35,41,126,73,130,64,29,30,120,118,0,63,32" hai3="91,27,127,19,82,13,20,26,129,104,69,110,61"/><W121/><G121/><T86/><D36/><U45/><E45/><V135/><BYE who="1" /><F118/><W113/><G113/><UN n1="%E8%91%B5%E3%81%A1%E3%82%83%E3%82%93" /><T87/><D66/><U44/><E122/><V101/><F73/><W7/><G129/><T83/><D124/><U123/><E123/><V31/><F0/><W57/><G69/><T108/><D108/><U6/><E131/><V97/><F120/><W68/><G104/><T94/><D132/><U62/><E38/><V102/><F130/><W128/><G68/><T90/><D107/><U81/><E89/><V74/><F74/><W12/><G127/><T71/><D71/><U100/><E100/><V39/><F126/><W70/><G70/><T106/><D106/><U133/><E133/><V22/><F22/><W24/><G110/><T93/><D55/><N who="1" m="21035" /><E62/><V21/><F21/><W25/><G7/><N who="1" m="2570" /><E18/><V67/><F63/><W9/><G9/><AGARI ba="3,0" hai="9,14,16,44,47,81,84,88" m="2570,21035" machi="9" ten="30,7700,0" yaku="8,1,54,3" doraHai="95" who="1" fromWho="3" sc="146,0,123,86,458,0,273,-86" owari="146,-35.4,209,0.9,458,55.8,187,-21.3" /></mjloggm>