<mjloggm ver="2.3"><GO type="225" lobby="0"/><UN n0="%38%63%E3%81%AF%E3%81%A3%E3%81%97%E3%83%BC" n1="%E3%82%BC%E3%83%AB%E3%83%80%E3%81%AE%E4%BC%9D%E8%AA%AC" n2="%E3%81%86%E3%83%BC%E3%81%B1%E3%83%BC" n3="%6D%75%75%6D%75%72%61" dan="16,16,16,16" rate="2080.79,2196.27,2215.03,2154.15" sx="M,M,F,F"/><TAIKYOKU oya="0"/><INIT seed="0,0,0,3,1,72" ten="250,250,250,250" oya="0" hai0="67,64,75,79,54,36,105,7,3,65,81,100,107" hai1="10,119,58,62,114,90,31,116,23,131,70,113,29" hai2="103,78,132,26,61,91,44,71,59,115,83,134,77" hai3="86,111,120,32,14,66,24,104,121,63,47,50,51"/><T4/><D36/><U19/><E70/><V125/><F115/><N who="1" m="44041" /><E90/><V46/><F71/><W9/><G104/><T73/><D73/><U56/><E56/><V52/><F103/><W95/><G111/><T1/><D1/><U15/><E58/><V94/><F83/><W28/><G95/><T12/><D3/><U133/><E62/><V98/><F125/><W110/><G86/><T57/><D12/><N who="1" m="9703" /><E133/><N who="2" m="51307" /><F26/><W126/><G126/><T45/><D45/><AGARI ba="0,0" hai="44,45,46,52,59,61,77,78,91,94,98" m="51307" machi="45" ten="30,7700,0" yaku="20,1,52,2,54,1" doraHai="72" who="2" fromWho="0" sc="250,-77,250,0,250,77,250,0" /><INIT seed="1,0,0,4,0,9" ten="173,250,327,250" oya="1" hai0="106,78,14,31,37,100,130,113,61,25,10,40,63" hai1="13,69,50,103,76,65,111,29,125,53,41,87,44" hai2="116,1,124,110,122,92,15,95,70,57,104,6,32" hai3="105,30,18,23,115,64,45,135,114,5,93,112,128"/><U3/><E3/><V12/><F116/><W59/><G105/><T11/><D113/><U22/><E125/><V16/><F70/><W66/><G128/><T34/><D130/><U88/><E111/><V91/><F104/><W35/><G135/><T94/><D106/><U123/><E123/><V46/><F32/><W77/><G5/><T98/><D78/><U26/><E103/><V75/><F1/><W131/><G131/><T108/><D108/><U80/><E69/><V74/><F46/><W118/><G118/><T43/><D10/><U133/><E133/><V102/><F124/><W119/><G119/><T52/><D37/><U120/><E120/><V86/><F122/><W81/><G45/><T129/><D129/><U54/><E65/><V127/><F127/><W38/><G93/><T36/><D36/><U72/><REACH who="1" step="1"/><E13/><REACH who="1" ten="173,240,327,250" step="2"/><V96/><F110/><W85/><G66/><T121/><D121/><U109/><E109/><V79/><F12/><W89/><G64/><T19/><REACH who="0" step="1"/><D63/><REACH who="0" ten="163,240,327,250" step="2"/><U84/><E84/><V134/><F86/><W67/><G85/><T48/><D48/><U90/><E90/><V0/><F91/><W39/><G89/><T4/><D4/><U33/><E33/><V20/><F134/><W17/><G35/><T8/><D8/><U58/><E58/><AGARI ba="0,2" hai="11,14,19,25,31,34,40,43,52,58,61,94,98,100" machi="58" ten="40,5200,0" yaku="1,1,52,1,54,1,53,0" doraHai="9" doraHaiUra="71" who="0" fromWho="1" sc="163,72,240,-52,327,0,250,0" /><INIT seed="2,0,0,5,5,50" ten="235,188,327,250" oya="2" hai0="29,27,11,54,65,40,18,61,88,81,100,46,48" hai1="96,86,120,99,9,108,63,134,71,126,68,6,55" hai2="85,92,128,15,94,118,3,124,44,0,16,37,24" hai3="115,135,129,91,90,95,73,119,74,111,105,13,53"/><V75/><F75/><W34/><G119/><T49/><D100/><U78/><E108/><V89/><F118/><W69/><G69/><T109/><D109/><U72/><E72/><V110/><F110/><W103/><G111/><T7/><D18/><U5/><E126/><V56/><F24/><W102/><G34/><T79/><D61/><U76/><E134/><V60/><F94/><W121/><G121/><T125/><D65/><U116/><E116/><V35/><F35/><W10/><G135/><T58/><D125/><U98/><E120/><V42/><F128/><W104/><G129/><T117/><D88/><U28/><E28/><V127/><F127/><W31/><G31/><T17/><D17/><U66/><E71/><V83/><F83/><W93/><G13/><T1/><D117/><U4/><E9/><V59/><F59/><W82/><G10/><T80/><REACH who="0" step="1"/><D79/><REACH who="0" ten="225,188,327,250" step="2"/><U36/><E78/><V14/><F16/><W123/><G123/><T30/><D30/><U21/><E76/><V22/><F124/><W51/><G103/><T84/><D84/><U38/><E86/><V77/><F89/><W106/><G102/><T20/><AGARI ba="0,1" hai="1,7,11,20,27,29,40,46,48,49,54,58,80,81" machi="20" ten="20,8000,1" yaku="1,1,0,1,7,1,52,1,53,1" doraHai="50" doraHaiUra="33" who="0" fromWho="0" sc="225,90,188,-20,327,-40,250,-20" /><INIT seed="3,0,0,5,1,98" ten="315,168,287,230" oya="3" hai0="26,45,63,27,120,40,54,93,17,131,2,50,38" hai1="14,62,29,135,53,80,73,71,66,46,77,124,59" hai2="21,129,94,95,116,134,15,41,105,85,108,24,37" hai3="48,109,107,42,75,87,19,69,106,18,57,51,84"/><W78/><G69/><T31/><D120/><U7/><E124/><V4/><F116/><W30/><G75/><T0/><D131/><U47/><E135/><V133/><F105/><W9/><G109/><T97/><D63/><U11/><REACH who="1" step="1"/><E29/><REACH who="1" ten="315,158,287,230" step="2"/><N who="2" m="17551" /><F134/><W76/><G30/><T104/><D104/><U130/><E130/><V39/><F129/><W91/><G107/><T125/><D125/><U81/><E81/><V72/><F133/><W8/><G106/><T6/><D31/><U70/><E70/><V64/><F108/><W74/><G19/><T119/><D119/><U100/><E100/><V103/><F103/><W127/><G18/><T16/><D17/><U90/><E90/><V52/><F95/><W55/><G127/><T99/><D16/><U43/><E43/><V13/><F41/><W110/><G110/><T35/><D27/><U65/><E65/><V32/><F64/><W12/><G91/><T121/><D26/><U89/><E89/><V92/><F94/><W86/><G42/><T132/><D93/><U112/><E112/><V36/><F92/><W23/><G55/><T49/><D40/><U102/><E102/><V96/><F52/><W5/><G78/><T58/><D54/><U117/><E117/><V3/><F39/><W88/><G76/><T20/><D38/><U118/><E118/><V128/><F37/><W22/><G88/><T115/><D132/><U113/><E113/><V1/><F36/><W44/><G5/><T114/><D114/><U60/><AGARI ba="0,1" hai="7,11,14,46,47,53,59,60,62,66,71,73,77,80" machi="60" ten="20,2700,0" yaku="1,1,0,1,7,1,53,0" doraHai="98" doraHaiUra="33" who="1" fromWho="1" sc="315,-7,158,37,287,-7,230,-13" owari="308,40.8,195,-30.5,280,8.0,217,-18.3" /></mjloggm>