<mjloggm ver="2.3"><GO type="225" lobby="0"/><UN n0="%E3%80%93%E3%81%97%E3%83%BC%E3%82%89%E3%80%93" n1="%E3%81%A9%E3%82%93%E3%82%88%E3%81%8F%4D%6B%2E%32" n2="%E3%81%AF%E3%82%88%E3%81%8A%E3%81%98%E3%81%95%E3%82%93" n3="%6D%75%75%73%61%6E%6D%75" dan="16,16,17,16" rate="2152.15,2166.84,2198.00,2144.11" sx="M,M,M,F"/><TAIKYOKU oya="0"/><INIT seed="0,0,0,2,1,57" ten="250,250,250,250" oya="0" hai0="48,119,42,63,103,33,116,20,39,47,5,111,2" hai1="105,29,32,104,18,87,53,3,62,97,54,19,27" hai2="67,112,8,95,21,13,96,92,118,40,132,102,79" hai3="1,113,26,9,14,124,78,36,74,52,71,81,106"/><T100/><D33/><U117/><E3/><V34/><F34/><W17/><G113/><T65/><D111/><U16/><E117/><V73/><F112/><W35/><G36/><T122/><D122/><U15/><E15/><V128/><F118/><W60/><G106/><T133/><D133/><U93/><E87/><V77/><F132/><W131/><G131/><T76/><D100/><U24/><E24/><V43/><F128/><W44/><G124/><T115/><D115/><U125/><E125/><V110/><F110/><W130/><G130/><T101/><D101/><U12/><E12/><V127/><F127/><W6/><G35/><T37/><D20/><U99/><E99/><N who="2" m="59751" /><F67/><W109/><G26/><T46/><D103/><U10/><E10/><V129/><F73/><W49/><G109/><T85/><D85/><U23/><E32/><V94/><F21/><W82/><G82/><T72/><D39/><U80/><E80/><V134/><F134/><W68/><REACH who="3" step="1"/><G60/><REACH who="3" ten="250,250,250,240" step="2"/><T69/><D116/><U30/><E105/><V11/><F129/><W86/><G86/><T121/><D119/><U41/><E104/><V64/><F95/><W126/><G126/><T84/><D84/><U51/><E62/><V135/><F135/><W56/><G56/><T88/><D121/><U123/><E123/><V83/><F83/><W61/><G61/><T55/><D72/><U90/><E30/><V107/><F107/><W58/><G58/><T66/><D63/><U50/><E50/><V114/><F94/><W70/><G70/><T31/><D69/><U38/><E38/><V108/><F108/><RYUUKYOKU ba="0,1" sc="250,-15,250,15,250,-15,240,15" hai1="16,18,19,23,27,29,41,51,53,54,90,93,97" hai3="1,6,9,14,17,44,49,52,68,71,74,78,81" /><INIT seed="1,1,1,0,3,29" ten="235,265,235,255" oya="1" hai0="83,133,109,76,9,28,36,95,85,126,66,82,60" hai1="135,114,110,31,119,80,33,34,72,94,96,57,30" hai2="41,65,102,4,100,99,113,97,25,12,117,90,18" hai3="2,26,24,70,79,89,51,58,10,63,103,17,131"/><U81/><E119/><V78/><F117/><W37/><G37/><T32/><D36/><U105/><E105/><V50/><F113/><W134/><G134/><T45/><D133/><U38/><E135/><V104/><F78/><W88/><G131/><T118/><D118/><U0/><E0/><V56/><F4/><W8/><G2/><T71/><D126/><U74/><E38/><V27/><F90/><N who="3" m="34923" /><G70/><T112/><D109/><U101/><E114/><V54/><F65/><N who="3" m="39159" /><G79/><T53/><D112/><U64/><E110/><V43/><F41/><W125/><G125/><T21/><D95/><U19/><E19/><V22/><REACH who="2" step="1"/><F43/><REACH who="2" ten="235,265,225,255" step="2"/><W84/><G84/><T55/><D85/><U44/><E64/><V130/><F130/><W108/><G108/><T52/><D76/><U20/><E74/><V123/><F123/><W23/><G103/><T129/><D129/><U46/><E72/><V87/><F87/><W62/><G62/><T5/><D60/><U91/><E101/><V98/><F98/><W121/><G121/><T48/><D66/><U69/><E96/><V92/><AGARI ba="1,2" hai="12,18,22,25,27,50,54,56,92,97,99,100,102,104" machi="92" ten="20,5200,0" yaku="1,1,0,1,7,1,53,1" doraHai="29" doraHaiUra="14" who="2" fromWho="2" sc="235,-14,265,-27,225,75,255,-14" /><INIT seed="2,0,0,1,2,31" ten="221,238,300,241" oya="2" hai0="93,29,125,61,92,134,3,50,97,65,16,9,115" hai1="0,79,83,60,48,47,39,116,1,15,105,27,24" hai2="8,58,76,101,128,87,69,78,6,113,77,98,43" hai3="99,129,46,106,131,73,90,17,64,23,126,114,86"/><V2/><F113/><W122/><G122/><T68/><D115/><U11/><E116/><V82/><F69/><W53/><G114/><T135/><D125/><U66/><E105/><V40/><F128/><W133/><G73/><T10/><D3/><U123/><E39/><V25/><F58/><W51/><G126/><T75/><D75/><U71/><E123/><V59/><F59/><W44/><G133/><N who="0" m="50699" /><D29/><U22/><E0/><V112/><F112/><W130/><G64/><T120/><D120/><U88/><E1/><V119/><F119/><W19/><G46/><T108/><D108/><U95/><E22/><V49/><F25/><W74/><G74/><T107/><D107/><U110/><E110/><V104/><REACH who="2" step="1"/><F49/><REACH who="2" ten="221,238,290,241" step="2"/><W96/><G129/><T121/><D121/><U72/><E27/><V42/><AGARI ba="0,1" hai="2,6,8,40,42,43,76,77,78,82,87,98,101,104" machi="42" ten="30,6000,0" yaku="1,1,2,1,0,1,53,0" doraHai="31" doraHaiUra="127" who="2" fromWho="2" sc="221,-20,238,-20,290,70,241,-20" /><INIT seed="2,1,0,5,3,92" ten="201,218,360,221" oya="2" hai0="69,124,7,20,94,12,32,63,35,84,82,110,11" hai1="64,62,135,34,57,66,65,104,36,61,75,48,59" hai2="54,18,85,89,24,73,53,134,120,2,107,119,9" hai3="98,132,17,122,28,93,76,56,116,55,3,39,0"/><V52/><F119/><W71/><G116/><T87/><D124/><U126/><E75/><V100/><F120/><W117/><G117/><T78/><D110/><U131/><E34/><V127/><F73/><W86/><G122/><T29/><D69/><U109/><E104/><V96/><F127/><W130/><G71/><T90/><D63/><N who="1" m="24075" /><E126/><V97/><F134/><W13/><G39/><T46/><D29/><U99/><E99/><N who="2" m="37963" /><F2/><W27/><G132/><T1/><D20/><U22/><E22/><N who="2" m="13399" /><F107/><W45/><G0/><T113/><D113/><U112/><E112/><V88/><F100/><W108/><G3/><T19/><D1/><U106/><E106/><V6/><F89/><W26/><G108/><T105/><D105/><U41/><E131/><V10/><F6/><W30/><G130/><T49/><REACH who="0" step="1"/><D19/><REACH who="0" ten="191,218,360,221" step="2"/><U5/><E109/><V58/><F58/><N who="1" m="22025" /><E135/><V67/><F67/><N who="1" m="17153" /><U42/><DORA hai="80" /><E5/><V114/><F114/><W70/><G70/><T115/><D115/><U44/><E36/><V121/><F121/><W37/><G37/><T74/><D74/><U60/><N who="1" m="24083" /><U4/><DORA hai="23" /><E4/><V15/><F15/><W72/><G13/><T91/><D91/><U83/><E83/><AGARI ba="1,1" hai="9,10,52,53,54,83,85,88" m="13399,37963" machi="83" ten="30,24000,3" yaku="8,1,52,5,54,2" doraHai="92,80,23" who="2" fromWho="1" sc="191,0,218,-243,360,253,221,0" owari="191,-20.9,-25,-52.5,613,71.3,221,2.1" /></mjloggm>