<mjloggm ver="2.3"><GO type="225" lobby="0"/><UN n0="%E3%81%BF%E3%81%BF%E3%81%9A" n1="%E8%B6%85%E7%B4%9A%E9%B3%B3%E5%87%B0" n2="%77%72%77%72%77%72%77%72" n3="%E3%82%BC%E3%83%AB%E3%83%80%E3%81%AE%E4%BC%9D%E8%AA%AC" dan="16,16,16,17" rate="2123.43,2156.65,2187.94,2159.31" sx="M,M,M,M"/><TAIKYOKU oya="0"/><INIT seed="0,0,0,5,0,59" ten="250,250,250,250" oya="0" hai0="81,100,14,2,15,85,19,75,45,47,32,55,31" hai1="29,16,82,41,78,113,74,129,132,71,99,34,130" hai2="64,87,33,56,120,67,61,97,1,44,24,50,127" hai3="51,102,46,133,30,60,54,98,22,72,27,35,103"/><T43/><D2/><U112/><E71/><V79/><F120/><W106/><G133/><T77/><D100/><U76/><E132/><V42/><F1/><W131/><G131/><N who="1" m="50186" /><E76/><V6/><F127/><W114/><G114/><N who="1" m="44138" /><E41/><V119/><F119/><W94/><G72/><T111/><D111/><U125/><E125/><V90/><F6/><W28/><G103/><T58/><D75/><U62/><E62/><V13/><F13/><W7/><G7/><T108/><D108/><U18/><E99/><V9/><F9/><W12/><G12/><T128/><D14/><U109/><E109/><V73/><F73/><W80/><G80/><T91/><D128/><U86/><E74/><V53/><F97/><W63/><REACH who="3" step="1"/><G106/><REACH who="3" ten="250,250,250,240" step="2"/><T124/><D124/><U0/><E0/><V5/><F79/><W26/><AGARI ba="0,1" hai="22,26,27,28,30,35,46,51,54,60,63,94,98,102" machi="26" ten="30,8000,1" yaku="1,1,2,1,0,1,52,2,53,0" doraHai="59" doraHaiUra="135" who="3" fromWho="3" sc="250,-40,250,-20,250,-20,240,90" /><INIT seed="1,0,0,5,1,76" ten="210,230,230,330" oya="1" hai0="62,12,133,36,101,102,42,113,10,99,66,119,96" hai1="19,28,111,16,59,82,54,74,70,58,80,65,6" hai2="109,129,27,135,21,123,90,0,95,55,100,56,112" hai3="26,44,94,107,72,115,9,31,39,89,87,117,30"/><U122/><E122/><V57/><F123/><W5/><G115/><T97/><D113/><U92/><E111/><V29/><F112/><W35/><G117/><T34/><D119/><U86/><E6/><V81/><F109/><W41/><G30/><T108/><D34/><U121/><E121/><V64/><F0/><W84/><G72/><T79/><D108/><U103/><E70/><V116/><F116/><W49/><G107/><T91/><D133/><U83/><E74/><V13/><F129/><W23/><G35/><T17/><D79/><U43/><E43/><V37/><F37/><W22/><G22/><T20/><D36/><U33/><E33/><V11/><F135/><W85/><REACH who="3" step="1"/><G39/><REACH who="3" ten="210,230,230,320" step="2"/><T15/><D42/><U45/><E28/><V46/><F21/><W124/><G124/><T52/><D66/><U130/><E130/><V134/><F64/><W53/><G53/><T132/><D132/><U71/><E71/><V69/><F69/><W50/><G50/><T7/><D52/><U126/><E126/><V48/><F29/><W68/><G68/><T38/><D38/><U131/><E131/><V51/><F51/><W73/><G73/><T75/><D75/><U63/><E65/><V98/><F134/><W110/><G110/><T32/><D32/><U24/><E54/><V67/><F67/><W25/><G25/><T77/><D62/><U105/><E24/><V61/><F27/><W128/><G128/><T47/><D47/><U78/><E63/><V104/><F61/><W125/><G125/><T88/><D77/><U120/><E120/><V127/><F127/><RYUUKYOKU ba="0,1" sc="210,15,230,-15,230,-15,320,15" hai0="7,10,12,15,17,20,88,91,96,97,99,101,102" hai3="5,9,23,26,31,41,44,49,84,85,87,89,94" /><INIT seed="2,1,1,0,2,130" ten="225,215,215,335" oya="2" hai0="1,64,71,101,62,72,38,79,133,16,88,128,59" hai1="14,84,37,24,6,74,99,125,135,117,119,113,44" hai2="107,123,43,7,51,42,97,23,96,77,5,60,34" hai3="75,121,4,98,118,116,108,110,45,120,18,82,83"/><V81/><F123/><N who="3" m="47179" /><G4/><N who="2" m="1609" /><F34/><W70/><G70/><T124/><D133/><U67/><E113/><V13/><F107/><W132/><G132/><T86/><D124/><U115/><E115/><V41/><F60/><W0/><G18/><T28/><D128/><U78/><E125/><V103/><F103/><W126/><G126/><T104/><D28/><U61/><E74/><V36/><F36/><W52/><G0/><T131/><D38/><U49/><E37/><V26/><F13/><W22/><G22/><T8/><D131/><U109/><E109/><N who="3" m="42090" /><G98/><N who="2" m="37993" /><F51/><N who="3" m="28783" /><G75/><T106/><D71/><U95/><E6/><V112/><F112/><W94/><G94/><T21/><D1/><U100/><E95/><V134/><F134/><W15/><G15/><T68/><D68/><U63/><E135/><V89/><F23/><W31/><G31/><T19/><D106/><U85/><E14/><V39/><F39/><W20/><G20/><T56/><D21/><U2/><E2/><V129/><F129/><W32/><G32/><T58/><D104/><U47/><E99/><V105/><F105/><W29/><G29/><T17/><D101/><U50/><E100/><V46/><F26/><W76/><G76/><T80/><REACH who="0" step="1"/><D8/><REACH who="0" ten="215,215,215,335" step="2"/><U57/><E24/><V91/><F46/><W92/><G118/><T65/><D65/><U11/><E67/><V122/><F122/><W114/><G116/><T55/><D55/><U90/><E11/><V66/><F66/><W33/><G114/><T30/><D30/><U73/><E117/><V40/><F40/><W93/><G33/><T48/><D48/><U35/><E119/><RYUUKYOKU ba="1,2" sc="215,10,215,-30,215,10,335,10" hai0="16,17,19,56,58,59,62,64,72,79,80,86,88" hai2="41,42,43,77,81,89,91" hai3="82,83,92,93" /><INIT seed="2,2,2,5,5,51" ten="225,185,225,345" oya="2" hai0="7,6,12,110,74,31,68,46,117,122,127,81,62" hai1="44,38,82,64,55,86,30,125,93,123,111,52,15" hai2="124,104,49,129,78,48,14,59,133,116,2,75,132" hai3="83,28,66,97,113,70,16,100,58,67,92,134,102"/><V69/><F2/><W126/><G70/><T131/><D122/><U47/><E123/><V65/><F116/><W80/><G126/><T106/><D106/><U17/><E125/><V94/><F124/><W40/><G134/><N who="2" m="51817" /><F104/><W57/><G28/><T26/><D127/><U73/><E111/><V130/><F69/><W103/><G40/><T4/><D110/><U128/><E73/><V135/><F135/><W109/><G109/><T39/><D117/><U89/><E128/><N who="2" m="49259" /><F94/><W10/><G113/><T87/><D131/><U96/><E30/><V13/><F65/><W72/><G72/><T99/><D74/><U24/><E64/><V115/><F115/><W85/><G67/><T63/><D68/><U41/><E24/><V34/><F34/><W107/><G107/><T0/><D0/><U84/><E47/><V60/><F60/><W56/><G66/><T71/><D71/><U121/><E121/><V27/><F27/><W19/><G83/><T90/><D12/><N who="2" m="4714" /><F59/><W5/><G56/><T61/><D46/><U32/><E32/><V118/><F118/><W53/><G57/><T20/><D39/><U35/><E35/><V54/><F54/><W43/><G53/><T76/><D62/><U29/><E29/><V18/><F18/><W21/><G16/><T112/><D112/><U108/><E108/><V11/><F11/><W101/><G58/><T114/><D114/><U9/><E84/><V25/><F25/><W33/><G33/><T105/><D105/><U77/><AGARI ba="2,2" hai="9,15,17,38,41,44,52,55,77,82,86,89,93,96" machi="77" ten="20,8000,1" yaku="0,1,7,1,52,2,54,1" doraHai="51" who="1" fromWho="1" sc="225,-22,185,106,225,-42,345,-22" /><INIT seed="3,0,0,1,4,75" ten="203,291,183,323" oya="3" hai0="84,9,17,6,43,39,86,105,124,15,134,123,70" hai1="98,125,78,91,48,59,16,104,60,111,8,19,79" hai2="3,29,28,112,0,133,87,106,129,23,72,45,120" hai3="101,32,107,83,81,33,38,135,10,82,97,12,103"/><W25/><G38/><T88/><D123/><U61/><E111/><V100/><F72/><W85/><G101/><T90/><D70/><U119/><E125/><V14/><F112/><W37/><G37/><T67/><D105/><U95/><E104/><V4/><F120/><W22/><G135/><T92/><D134/><U115/><E119/><V102/><F133/><W35/><G85/><T54/><D124/><U2/><E115/><V71/><F71/><W65/><G65/><T18/><D67/><U57/><E2/><V31/><F129/><W122/><G122/><T73/><D73/><U49/><E8/><V42/><F87/><W116/><G116/><T89/><D89/><U51/><E59/><V132/><F132/><W94/><G107/><T21/><D54/><N who="1" m="33847" /><E61/><V69/><F69/><W26/><REACH who="3" step="1"/><G22/><REACH who="3" ten="203,291,183,313" step="2"/><T27/><D39/><U36/><E36/><V53/><F102/><W50/><G50/><T44/><D86/><U121/><E121/><V63/><F100/><W108/><G108/><T11/><D90/><U47/><E47/><V131/><F106/><W30/><G30/><T109/><D109/><U66/><E66/><V127/><F127/><W117/><G117/><T55/><D44/><U13/><E13/><V34/><F131/><W130/><G130/><T126/><D126/><U110/><E110/><V5/><F34/><W128/><G128/><T76/><D21/><U74/><E74/><V114/><F114/><W118/><G118/><T80/><D15/><U93/><E93/><V52/><F23/><W46/><G46/><T7/><D92/><U62/><E95/><RYUUKYOKU ba="0,1" sc="203,-10,291,-10,183,-10,313,30" hai3="10,12,25,26,32,33,35,81,82,83,94,97,103" owari="193,-20.7,281,8.1,173,-32.7,353,45.3" /></mjloggm>