<mjloggm ver="2.3"><GO type="225" lobby="0"/><UN n0="%E3%81%BF%E3%81%BF%E3%81%9A" n1="%E6%A1%9C%E8%8A%B1%E9%96%83%E3%80%85" n2="%E3%80%93%E3%81%97%E3%83%BC%E3%82%89%E3%80%93" n3="%E5%AD%90%E4%BE%9B%E4%BC%9A%E5%93%A1" dan="18,16,16,17" rate="2258.97,2220.83,2179.77,2117.13" sx="M,M,M,M"/><TAIKYOKU oya="0"/><INIT seed="0,0,0,1,1,39" ten="250,250,250,250" oya="0" hai0="10,124,60,105,96,7,70,106,125,41,108,88,86" hai1="23,5,12,26,95,103,0,122,9,98,73,97,20" hai2="61,67,4,89,111,126,90,79,30,31,131,104,82" hai3="52,14,1,47,24,58,84,114,132,72,57,43,77"/><T13/><D108/><U19/><E122/><V112/><F104/><W53/><G114/><T40/><D70/><U36/><E73/><V115/><F111/><W16/><G1/><T85/><D85/><U68/><E68/><V6/><F131/><W66/><G72/><T42/><D60/><U2/><E36/><V27/><F126/><N who="0" m="48746" /><D96/><U11/><E11/><V48/><F79/><W117/><G117/><T15/><D13/><U99/><REACH who="1" step="1"/><E0/><REACH who="1" ten="250,240,250,250" step="2"/><V91/><F112/><W51/><G132/><T101/><D101/><U121/><E121/><V29/><F115/><W109/><G109/><T92/><AGARI ba="0,1" hai="7,10,15,40,41,42,86,88,92,105,106" m="48746" machi="92" ten="30,12000,1" yaku="18,1,52,3,54,1" doraHai="39" who="0" fromWho="0" sc="250,130,240,-40,250,-40,250,-40" /><INIT seed="0,1,0,5,5,95" ten="380,200,210,210" oya="0" hai0="3,106,5,76,11,55,67,118,92,25,17,22,107" hai1="50,90,117,58,15,20,104,62,26,127,109,14,122" hai2="120,123,126,24,131,86,94,28,42,56,121,60,75" hai3="34,41,80,70,18,98,65,54,10,33,96,44,105"/><T43/><D118/><U37/><E117/><V115/><F75/><W63/><G80/><T124/><D124/><U31/><E37/><V46/><F115/><W12/><G54/><T61/><D43/><U88/><E127/><V79/><F126/><W32/><REACH who="3" step="1"/><G105/><REACH who="3" ten="380,200,210,200" step="2"/><T116/><D116/><U45/><E104/><V71/><F121/><W130/><G130/><T133/><D133/><U101/><E122/><V40/><F131/><W47/><G47/><T23/><D55/><N who="1" m="34143" /><E109/><V129/><F46/><W81/><G81/><T9/><D76/><U97/><E101/><V112/><F79/><W108/><G108/><T103/><D106/><U73/><E73/><V114/><F129/><W74/><G74/><T85/><D107/><U84/><E90/><V111/><F111/><W68/><G68/><T102/><D103/><U77/><E77/><V36/><F71/><W30/><G30/><T16/><D102/><U0/><E0/><V13/><F28/><W2/><G2/><T134/><D134/><U135/><E135/><V59/><F120/><W53/><G53/><T21/><D3/><U125/><E125/><V57/><F123/><W113/><G113/><T93/><D93/><N who="1" m="56487" /><E84/><V89/><F112/><W99/><G99/><T72/><D85/><U110/><E110/><V119/><F114/><W48/><AGARI ba="1,1" hai="10,12,18,32,33,34,41,44,48,63,65,70,96,98" machi="48" ten="30,7900,0" yaku="1,1,0,1,52,2,53,0" doraHai="95" doraHaiUra="78" who="3" fromWho="3" sc="380,-40,200,-21,210,-21,200,92" /><INIT seed="1,0,0,3,5,131" ten="340,179,189,292" oya="1" hai0="78,126,27,46,125,135,87,90,95,56,84,12,113" hai1="52,70,61,97,13,51,21,15,17,7,86,39,98" hai2="0,26,29,96,11,33,50,77,80,23,16,122,38" hai3="43,114,124,64,4,14,107,30,103,76,123,42,71"/><U129/><E39/><V79/><F38/><W105/><G123/><T44/><D113/><U32/><E32/><V74/><F122/><W24/><G114/><T34/><D135/><U85/><E129/><V118/><F118/><W35/><G76/><T1/><D1/><U58/><E70/><V37/><F37/><W101/><G124/><N who="0" m="47723" /><D56/><U65/><E7/><V110/><F79/><W20/><G103/><T115/><D115/><U57/><REACH who="1" step="1"/><E13/><REACH who="1" ten="340,169,189,292" step="2"/><V47/><F33/><W133/><G4/><T28/><D12/><U40/><E40/><V5/><F110/><W93/><G43/><T22/><D34/><U128/><E128/><V53/><REACH who="2" step="1"/><F96/><AGARI ba="0,1" hai="15,17,21,51,52,57,58,61,65,85,86,96,97,98" machi="96" ten="40,7700,0" yaku="1,1,8,1,54,1,53,0" doraHai="131" doraHaiUra="109" who="1" fromWho="2" sc="340,0,169,87,189,-77,292,0" /><INIT seed="1,1,0,0,1,87" ten="340,256,112,292" oya="1" hai0="73,90,34,112,96,65,125,20,94,116,5,12,111" hai1="21,39,82,134,63,80,52,122,38,74,132,56,104" hai2="70,71,53,57,105,58,4,83,23,72,10,89,109" hai3="120,85,121,129,107,108,67,7,30,130,77,103,93"/><U26/><E122/><N who="3" m="47210" /><G108/><T100/><D112/><U59/><E104/><V81/><F105/><W123/><N who="3" m="47218" /><W113/><DORA hai="95" /><G113/><T32/><D34/><U47/><E59/><V124/><F109/><W69/><G107/><T66/><D32/><U64/><E64/><V35/><F35/><W8/><G30/><T128/><D116/><U15/><E15/><V117/><F117/><W45/><G45/><T60/><D73/><U50/><E39/><V133/><F133/><N who="1" m="51305" /><E74/><V42/><F124/><W61/><G77/><T3/><D125/><U101/><E101/><V22/><F42/><W78/><G78/><T1/><D1/><U55/><E38/><V18/><F72/><W126/><G126/><T49/><D3/><U75/><E75/><V28/><F28/><AGARI ba="1,0" hai="21,26,28,47,50,52,55,56,63,80,82" m="51305" machi="28" ten="30,2900,0" yaku="20,1,54,1" doraHai="87,95" who="1" fromWho="2" sc="340,0,256,32,112,-32,292,0" /><INIT seed="1,2,0,1,3,95" ten="340,288,80,292" oya="1" hai0="30,119,73,0,82,35,24,5,10,115,23,55,38" hai1="110,126,74,64,125,85,36,84,106,79,83,58,112" hai2="107,130,88,18,92,21,34,108,48,116,46,131,118" hai3="47,14,89,66,122,96,94,20,29,6,33,91,1"/><U120/><E36/><V105/><F34/><W129/><G122/><T80/><D115/><U104/><E58/><V69/><F69/><W31/><G129/><N who="2" m="49161" /><F48/><W76/><G76/><T57/><D119/><N who="2" m="45610" /><F46/><W99/><G1/><T22/><D38/><U60/><E60/><V101/><F21/><W42/><G66/><T3/><D3/><U97/><E64/><V90/><F18/><N who="3" m="10327" /><G33/><T135/><D135/><U114/><E120/><V27/><F27/><W28/><G6/><T39/><D39/><U13/><E13/><V78/><F108/><W61/><G61/><T40/><D40/><U8/><E8/><V98/><F78/><W51/><G91/><AGARI ba="2,0" hai="88,90,91,92,98,101,105,107" m="45610,49161" machi="91" ten="30,8000,1" yaku="19,1,34,2,52,1,54,1" doraHai="95" who="2" fromWho="3" sc="340,0,288,0,80,86,292,-86" /><INIT seed="2,0,0,2,4,66" ten="340,288,166,206" oya="2" hai0="37,54,111,34,43,76,96,49,27,119,110,20,9" hai1="102,56,98,42,108,36,60,48,16,109,33,64,89" hai2="135,105,35,121,103,82,86,114,1,85,123,24,126" hai3="44,41,130,78,104,80,107,120,127,92,7,50,32"/><V97/><F1/><W8/><G120/><N who="2" m="46153" /><F24/><W3/><G130/><T81/><D119/><U72/><E33/><V65/><F65/><W90/><G127/><T59/><D34/><U29/><E29/><V28/><F28/><W122/><G32/><T39/><D9/><U87/><E36/><V11/><F11/><W23/><G23/><T2/><D96/><U124/><E124/><V74/><F35/><W91/><G122/><T115/><D2/><U55/><E42/><V15/><F15/><W77/><G91/><T53/><D115/><U117/><E16/><V75/><F126/><W30/><G30/><N who="0" m="17767" /><D54/><U69/><E117/><V58/><F58/><W47/><G47/><T40/><D40/><U112/><E112/><V14/><F14/><W125/><G125/><T106/><D106/><U62/><E62/><V5/><F5/><W25/><G25/><T52/><D53/><U68/><E68/><V51/><F51/><W84/><REACH who="3" step="1"/><G78/><REACH who="3" ten="340,288,166,196" step="2"/><T83/><D76/><U118/><E118/><V61/><F114/><W79/><G79/><T134/><D37/><U67/><E72/><AGARI ba="0,1" hai="3,7,8,41,44,50,72,77,80,84,90,92,104,107" machi="72" ten="30,2000,0" yaku="1,1,7,1,53,0" doraHai="66" doraHaiUra="94" who="3" fromWho="1" sc="340,0,288,-20,166,0,196,30" /><INIT seed="3,0,0,5,3,133" ten="340,268,166,226" oya="3" hai0="132,12,41,29,31,57,68,89,27,82,85,65,78" hai1="10,5,34,112,0,8,95,1,92,4,19,67,116" hai2="129,131,115,119,123,98,54,124,126,50,108,97,28" hai3="75,101,52,17,120,2,110,79,61,43,9,47,72"/><W62/><G120/><T11/><D132/><U71/><E112/><V63/><F123/><W70/><G101/><T58/><D68/><U30/><E116/><V22/><F115/><W135/><G135/><T106/><D106/><U48/><E48/><V96/><F119/><W109/><G70/><T86/><D41/><U90/><E19/><V35/><F35/><W113/><G113/><T59/><D65/><U83/><E30/><V39/><F39/><N who="3" m="22015" /><G79/><T25/><D31/><U105/><E105/><V103/><F108/><N who="3" m="41579" /><G62/><T13/><D29/><U94/><E34/><V69/><F103/><W111/><N who="3" m="41587" /><W117/><DORA hai="32" /><G117/><T125/><D125/><N who="2" m="48234" /><F69/><W107/><G107/><T7/><D12/><U76/><E67/><V51/><F63/><W14/><G2/><T49/><D49/><N who="2" m="18442" /><F54/><W80/><G80/><AGARI ba="0,0" hai="7,11,13,25,27,57,58,59,78,80,82,85,86,89" machi="80" ten="40,1300,0" yaku="8,1" doraHai="133,32" who="0" fromWho="3" sc="340,13,268,0,166,0,226,-13" owari="353,45.3,268,6.8,166,-33.4,213,-18.7" /></mjloggm>