<mjloggm ver="2.3"><GO type="225" lobby="0"/><UN n0="%72%61%6B%33" n1="%E7%B4%94%E6%BD%94%E3%83%94%E3%83%A9%E3%83%8B%E3%82%A2" n2="%54%4F%52" n3="%E3%81%A9%E3%82%8F%E3%82%93%E3%81%94" dan="17,16,17,16" rate="2277.39,2078.91,2247.61,2166.86" sx="M,M,M,M"/><TAIKYOKU oya="0"/><INIT seed="0,0,0,4,1,73" ten="250,250,250,250" oya="0" hai0="134,102,112,45,82,0,46,71,20,33,124,123,13" hai1="48,104,101,133,74,1,5,94,135,9,47,88,24" hai2="42,97,29,38,23,4,83,90,80,59,115,25,44" hai3="40,75,85,79,6,105,31,34,91,109,114,108,55"/><T128/><D112/><U87/><E74/><V76/><F115/><W122/><G114/><T116/><D116/><U129/><E129/><V56/><F4/><W66/><G105/><T17/><D123/><U61/><E61/><V10/><F10/><W60/><G122/><T63/><D128/><U14/><E1/><V62/><F62/><W106/><G106/><T117/><D117/><U100/><E24/><V95/><REACH who="2" step="1"/><F83/><REACH who="2" ten="250,250,240,250" step="2"/><W58/><G6/><T30/><D63/><U77/><E5/><V131/><F131/><W21/><G60/><T37/><D82/><N who="1" m="47567" /><E135/><V26/><F26/><W7/><G7/><T36/><D134/><U113/><E133/><V121/><F121/><W110/><G108/><T127/><D0/><U53/><E113/><V11/><F11/><W43/><G110/><T22/><D13/><U50/><E9/><V41/><F41/><W3/><G43/><T107/><D124/><U32/><E14/><V8/><F8/><W52/><G40/><T19/><D127/><U93/><E32/><V16/><F16/><W96/><G34/><T18/><D33/><U125/><E125/><V69/><F69/><W119/><G3/><T103/><D71/><U92/><E48/><V130/><F130/><W65/><G109/><T15/><D18/><U27/><E27/><V99/><F99/><W12/><G12/><T120/><D120/><U111/><E111/><V118/><F118/><W64/><G119/><T70/><D15/><U67/><E67/><V35/><F35/><W39/><G65/><T126/><D126/><U2/><E2/><V98/><F98/><RYUUKYOKU ba="0,1" sc="250,-10,250,-10,240,30,250,-10" hai2="23,25,29,38,42,44,56,59,76,80,90,95,97" /><INIT seed="1,1,1,4,3,135" ten="240,240,270,240" oya="1" hai0="84,98,47,120,97,2,21,8,25,78,89,107,75" hai1="133,52,109,4,100,12,54,42,125,1,30,80,74" hai2="11,14,103,62,73,95,56,123,41,28,51,104,124" hai3="67,17,130,19,94,83,34,60,86,117,61,102,45"/><U7/><E133/><V126/><F123/><W101/><G130/><T108/><D108/><U5/><E109/><V66/><F104/><W22/><G34/><T3/><D120/><U65/><E1/><V121/><F121/><W132/><G132/><T9/><D98/><U29/><E100/><V69/><F73/><W112/><G112/><T0/><D47/><U113/><E113/><V27/><F103/><N who="3" m="39435" /><G94/><T44/><D44/><U55/><E42/><V35/><F95/><W46/><G117/><T40/><D97/><U43/><E43/><V23/><F35/><W127/><G127/><N who="2" m="48681" /><F41/><W37/><G19/><T39/><D40/><U110/><E110/><V99/><F99/><W79/><G37/><T88/><D39/><U91/><E125/><V77/><F77/><W118/><G118/><T20/><D78/><U134/><E134/><V82/><F82/><W105/><G105/><T119/><D107/><U85/><E74/><V18/><F51/><W90/><G79/><T10/><D75/><U87/><E87/><V15/><F14/><N who="3" m="9527" /><G61/><T49/><D119/><U72/><E72/><V106/><F106/><W36/><G36/><T76/><D49/><U63/><REACH who="1" step="1"/><E12/><REACH who="1" ten="240,230,270,240" step="2"/><V26/><F26/><W31/><G86/><T116/><D116/><U58/><AGARI ba="1,2" hai="4,5,7,29,30,52,54,55,58,63,65,80,85,91" machi="58" ten="30,12000,1" yaku="1,1,2,1,0,1,8,1,54,1,53,0" doraHai="135" doraHaiUra="16" who="1" fromWho="1" sc="240,-41,230,143,270,-41,240,-41" /><INIT seed="1,2,0,4,0,65" ten="199,373,229,199" oya="1" hai0="41,118,37,61,25,105,56,36,0,28,106,51,31" hai1="4,32,74,11,19,42,58,18,99,13,24,116,109" hai2="127,39,68,67,98,101,122,112,96,5,97,66,93" hai3="1,72,47,30,113,27,102,87,119,44,88,130,80"/><U53/><E74/><V131/><F122/><W35/><G113/><T10/><D118/><U94/><E116/><V29/><F112/><W90/><G119/><T55/><D28/><U57/><E42/><V120/><F120/><W54/><G1/><T114/><D114/><U70/><E70/><V126/><F39/><W75/><G130/><T104/><D10/><U73/><E73/><V9/><F131/><W128/><G128/><T48/><D0/><U69/><E69/><V100/><F29/><W123/><G123/><T86/><D86/><U110/><E32/><V38/><F38/><W111/><G111/><N who="1" m="42506" /><E24/><V77/><F77/><W79/><G102/><T83/><D83/><U125/><E125/><N who="2" m="47627" /><F68/><W135/><G75/><T7/><D7/><U50/><E58/><V17/><F17/><W89/><G72/><T71/><D41/><U43/><E43/><V107/><F98/><W84/><G84/><T124/><D124/><U117/><E117/><V115/><F115/><W62/><REACH who="3" step="1"/><G135/><REACH who="3" ten="199,373,229,189" step="2"/><T82/><D82/><U59/><E99/><V40/><F40/><W12/><G12/><AGARI ba="2,1" hai="5,9,12,66,67,93,96,97,100,101,107" m="47627" machi="12" ten="30,1000,0" yaku="18,1" doraHai="65" who="2" fromWho="3" sc="199,0,373,0,229,26,189,-16" /><INIT seed="2,0,0,1,5,28" ten="199,373,255,173" oya="2" hai0="54,122,67,77,110,12,62,115,22,35,69,64,117" hai1="46,17,48,2,26,41,97,40,8,100,9,43,95" hai2="44,33,127,85,107,82,63,59,50,24,32,118,130" hai3="114,6,47,27,79,38,76,84,25,129,78,134,98"/><V88/><F118/><W1/><G134/><T34/><D115/><U51/><E2/><V90/><F107/><W71/><G71/><T10/><D122/><U121/><E121/><V125/><F130/><W112/><G129/><T3/><D110/><U135/><E135/><V133/><F133/><W52/><G98/><T89/><D117/><U29/><E17/><V65/><F90/><W73/><G84/><T11/><D77/><U56/><E56/><V19/><F19/><W7/><G73/><T101/><D101/><U14/><E14/><V111/><F111/><W104/><G104/><T70/><D70/><U87/><E87/><V120/><F120/><W20/><G38/><T96/><D67/><U58/><E58/><V42/><REACH who="2" step="1"/><F24/><REACH who="2" ten="199,373,245,173" step="2"/><W53/><G114/><T81/><D89/><U106/><E106/><V99/><F99/><W124/><G112/><T13/><D96/><U86/><E97/><V131/><F131/><W103/><G27/><T94/><D81/><U93/><E95/><V60/><F60/><W55/><G25/><T119/><D94/><U109/><E109/><V39/><F39/><W72/><G78/><T18/><D62/><U21/><E100/><V105/><F105/><W45/><G103/><T66/><D119/><U123/><E123/><V92/><F92/><W75/><G79/><T15/><D18/><U49/><E46/><N who="3" m="17418" /><G76/><T37/><D37/><U16/><E16/><V5/><F5/><W128/><G75/><T57/><D11/><U23/><E9/><V108/><F108/><W113/><G128/><T0/><D10/><U102/><E8/><RYUUKYOKU ba="0,1" sc="199,-10,373,-10,245,30,173,-10" hai2="32,33,42,44,50,59,63,65,82,85,88,125,127" /><INIT seed="2,1,1,4,2,105" ten="189,363,275,163" oya="2" hai0="45,123,111,55,2,17,54,52,25,101,110,31,71" hai1="8,63,20,24,119,14,7,81,29,131,134,67,112" hai2="89,120,79,41,103,127,74,76,62,53,4,118,65" hai3="5,114,1,66,30,82,94,40,88,124,129,50,13"/><V75/><F118/><W115/><G1/><T86/><D123/><U39/><E112/><N who="3" m="43050" /><G129/><T15/><D2/><U113/><E113/><V60/><F120/><W42/><G124/><T64/><D101/><U23/><E131/><V44/><F127/><W78/><G66/><T10/><D45/><U109/><E39/><V33/><F33/><W96/><G30/><T16/><D86/><U97/><E109/><N who="0" m="41481" /><D17/><U84/><E134/><V56/><F103/><W133/><G50/><T49/><D64/><U57/><E97/><V34/><F34/><W125/><G133/><T130/><D130/><U43/><E43/><V104/><F104/><W126/><G126/><T28/><D71/><U72/><E72/><V11/><F89/><W102/><G102/><T121/><D121/><U21/><E119/><V73/><F41/><W9/><G125/><T93/><D93/><U69/><E69/><V68/><REACH who="2" step="1"/><F44/><REACH who="2" ten="189,363,265,163" step="2"/><W87/><AGARI ba="1,2" hai="5,9,13,40,42,78,82,87,88,94,96" m="43050" machi="87" ten="30,2000,0" yaku="11,1,54,1" doraHai="105" who="3" fromWho="3" sc="189,-6,363,-6,265,-11,163,43" /><INIT seed="3,0,0,4,2,46" ten="183,357,254,206" oya="3" hai0="121,17,117,52,77,75,37,44,20,33,49,38,132" hai1="111,125,36,43,31,131,56,83,102,21,6,124,8" hai2="41,116,48,70,47,114,122,18,16,5,89,80,74" hai3="101,109,99,29,14,123,92,73,107,129,105,34,108"/><W119/><G123/><T112/><D121/><U0/><E111/><N who="3" m="42570" /><G119/><T78/><D117/><U127/><E131/><V115/><F116/><W54/><G73/><T12/><D132/><U50/><E102/><V72/><F122/><W71/><G71/><T91/><D112/><U113/><E113/><V7/><F70/><W59/><G129/><T62/><D33/><U103/><E103/><V55/><F114/><W53/><G14/><T94/><D62/><U32/><E32/><V88/><F115/><W110/><N who="3" m="42578" /><W40/><DORA hai="128" /><G40/><T11/><D11/><U135/><E135/><V134/><F134/><W120/><G120/><T2/><D2/><U25/><E83/><V26/><F72/><W67/><G67/><T64/><D64/><U87/><E87/><N who="2" m="50279" /><F74/><W100/><G100/><T79/><REACH who="0" step="1"/><D75/><REACH who="0" ten="173,357,254,206" step="2"/><U133/><E133/><V97/><F7/><W45/><G34/><T42/><D42/><U9/><E43/><V69/><F5/><W35/><G35/><T22/><D22/><U82/><E9/><V106/><F41/><W126/><G54/><T118/><D118/><U93/><E8/><V84/><F55/><W98/><G53/><T4/><D4/><U19/><E6/><V15/><F69/><W28/><G126/><T30/><D30/><U90/><E31/><V23/><F23/><W60/><G28/><T130/><D130/><U63/><E0/><V3/><F3/><W10/><G29/><T13/><D13/><U1/><E1/><V27/><F15/><W65/><G10/><T96/><AGARI ba="0,1" hai="12,17,20,37,38,44,49,52,77,78,79,91,94,96" machi="96" ten="30,7900,0" yaku="1,1,0,1,52,1,54,1,53,0" doraHai="46,128" doraHaiUra="58,66" who="0" fromWho="0" sc="173,89,357,-20,254,-20,206,-39" owari="262,6.2,337,43.7,234,-16.6,167,-33.3" /></mjloggm>