<mjloggm ver="2.3"><GO type="225" lobby="0"/><UN n0="%6D%61%74%69%67%75%73%61" n1="%E6%A1%9C%E8%8A%B1%E9%96%83%E3%80%85" n2="%E3%83%97%E3%83%92" n3="%E3%82%A2%E3%83%BC%E3%83%A2%E3%83%AD%E3%83%BC%E3%83%B4%E3%82%A1" dan="17,16,17,16" rate="2197.62,2090.35,2199.49,2169.61" sx="M,M,M,M"/><TAIKYOKU oya="0"/><INIT seed="0,0,0,5,5,69" ten="250,250,250,250" oya="0" hai0="13,73,95,48,16,130,121,89,5,83,31,72,133" hai1="65,77,27,58,49,46,59,101,35,23,47,108,19" hai2="10,84,40,53,18,99,26,94,87,119,109,102,82" hai3="29,50,71,111,42,0,120,92,128,1,104,14,15"/><T38/><D121/><U96/><E108/><V75/><F109/><W36/><G111/><T103/><D130/><U124/><E124/><V90/><F119/><W20/><G104/><T61/><D133/><U52/><E35/><V30/><F75/><W41/><G71/><T100/><D31/><U132/><E132/><V54/><F40/><W25/><G128/><T78/><D72/><U34/><E34/><V129/><F129/><W22/><G120/><T113/><D113/><U17/><E77/><V74/><F74/><W131/><G131/><T88/><D38/><U55/><E17/><V51/><F87/><W64/><G64/><T80/><D5/><U33/><E33/><V8/><F18/><W62/><G62/><T98/><D61/><N who="1" m="36039" /><E65/><V105/><F105/><W85/><G36/><T43/><D83/><U6/><E6/><V3/><F3/><W28/><G50/><T60/><D60/><U76/><E76/><V4/><F53/><W86/><REACH who="3" step="1"/><G92/><AGARI ba="0,0" hai="19,23,27,46,47,49,55,59,92,96,101" m="36039" machi="92" ten="30,2000,0" yaku="8,1,54,1" doraHai="69" who="1" fromWho="3" sc="250,0,250,20,250,0,250,-20" /><INIT seed="1,0,0,1,1,68" ten="250,270,250,230" oya="1" hai0="128,62,98,12,84,120,51,121,107,22,55,64,129" hai1="46,59,42,43,73,58,9,85,99,31,92,20,74" hai2="125,47,32,96,112,45,133,115,90,19,57,34,89" hai3="119,88,65,16,105,15,7,33,44,95,52,49,71"/><U39/><E85/><V118/><F118/><W63/><G105/><T81/><D98/><U56/><E9/><V130/><F133/><W126/><G126/><T78/><D107/><U8/><E8/><V97/><F57/><W5/><G33/><N who="2" m="12905" /><F19/><W38/><G38/><T87/><D87/><U93/><E43/><V26/><F26/><W131/><G131/><N who="0" m="50251" /><D22/><U10/><E10/><V124/><F130/><W48/><G48/><T66/><D12/><U76/><E76/><V91/><F45/><W77/><G77/><T67/><D62/><U41/><E41/><V0/><F47/><AGARI ba="0,0" hai="47,51,55,64,66,67,78,81,84,120,121" m="50251" machi="47" ten="30,1000,0" yaku="19,1" doraHai="68" who="0" fromWho="2" sc="250,10,270,0,250,-10,230,0" /><INIT seed="2,0,0,5,1,46" ten="260,270,240,230" oya="2" hai0="115,118,7,16,33,60,97,83,38,17,129,119,5" hai1="48,73,135,67,65,78,112,77,68,39,40,131,20" hai2="25,47,10,86,132,32,36,59,80,134,88,102,9" hai3="4,100,57,105,13,35,79,81,107,106,56,64,91"/><V84/><F102/><W74/><G35/><T6/><D38/><U130/><E112/><V22/><F32/><W54/><G100/><T53/><D115/><U8/><E39/><V92/><F59/><W113/><G113/><T133/><D33/><U21/><E135/><N who="2" m="51755" /><F36/><W34/><G34/><T29/><D29/><U96/><E96/><V71/><F71/><W14/><G4/><T127/><D133/><U90/><E90/><N who="2" m="53335" /><F47/><W15/><G91/><T121/><D119/><U0/><E68/><V30/><AGARI ba="0,0" hai="9,10,22,25,30,80,84,88" m="53335,51755" machi="30" ten="30,3000,0" yaku="20,1,54,1" doraHai="46" who="2" fromWho="2" sc="260,-10,270,-10,240,30,230,-10" /><INIT seed="2,1,0,0,3,9" ten="250,260,270,220" oya="2" hai0="112,26,62,133,69,124,12,48,47,21,39,6,63" hai1="50,75,68,2,120,88,42,23,32,5,82,65,44" hai2="129,126,81,91,11,24,64,72,1,45,134,102,55" hai3="77,56,33,58,104,36,117,86,61,115,128,131,135"/><V14/><F126/><W35/><G117/><T119/><D112/><U28/><E32/><N who="3" m="12362" /><G104/><T98/><D39/><U118/><E118/><V132/><F1/><W59/><G36/><T22/><D119/><U3/><E120/><V52/><F102/><W90/><G77/><T100/><D133/><N who="2" m="51306" /><F64/><W76/><G76/><T84/><D84/><U89/><E65/><V54/><F24/><W30/><G30/><T123/><D123/><U111/><E111/><V79/><F91/><W96/><G135/><T57/><D69/><U114/><E68/><V70/><F70/><W116/><G116/><T85/><D85/><U87/><E114/><V78/><F78/><W71/><G96/><T60/><D57/><U83/><E89/><V105/><F105/><W66/><G115/><T17/><D124/><U49/><E2/><V8/><F8/><W101/><G101/><T18/><D6/><U31/><E5/><N who="2" m="3439" /><F129/><N who="3" m="49739" /><G71/><T15/><D26/><U38/><E28/><V25/><F25/><W113/><G113/><T130/><D130/><U40/><E31/><V53/><N who="2" m="13312" /><DORA hai="94" /><V67/><F67/><W127/><G127/><T106/><D63/><U41/><E88/><V7/><F7/><W29/><G29/><T80/><D80/><AGARI ba="1,0" hai="56,58,59,61,66,80,86,90" m="49739,12362" machi="80" ten="30,1000,0" yaku="19,1" doraHai="9,94" who="3" fromWho="0" sc="250,-13,260,0,270,0,220,13" /><INIT seed="3,0,0,4,5,18" ten="237,260,270,233" oya="3" hai0="56,94,80,26,9,14,44,7,86,128,127,130,103" hai1="93,118,21,82,23,107,90,59,33,96,73,113,84" hai2="55,0,34,97,105,12,31,13,57,72,41,76,37" hai3="116,79,104,17,66,129,81,58,135,133,24,111,70"/><W4/><G116/><T98/><D127/><U109/><E113/><V120/><F0/><W25/><G104/><T121/><D121/><U36/><E109/><V42/><F120/><W88/><G70/><T101/><D101/><N who="1" m="62887" /><E118/><V45/><F41/><W106/><G106/><T38/><D56/><U16/><E36/><V112/><F112/><W89/><G4/><T91/><D38/><U39/><E39/><V110/><F110/><W54/><G66/><T22/><REACH who="0" step="1"/><D44/><REACH who="0" ten="227,260,270,233" step="2"/><U40/><E59/><V68/><F45/><W52/><G111/><T78/><D78/><N who="1" m="44367" /><E40/><V122/><F57/><W47/><G47/><T62/><D62/><U134/><E134/><N who="3" m="51210" /><G129/><T5/><D5/><U100/><E100/><V71/><F37/><W8/><G58/><T131/><D131/><U67/><E67/><V83/><F68/><W87/><G79/><T35/><D35/><U69/><E69/><V11/><F34/><W30/><G89/><T102/><D102/><U27/><E33/><V28/><F71/><W46/><G46/><T126/><D126/><U117/><E117/><V124/><F124/><W19/><G54/><T20/><D20/><AGARI ba="0,1" hai="16,20,21,23,27,84,90,93" m="44367,62887" machi="20" ten="30,8000,1" yaku="24,1,52,3,54,1" doraHai="18" who="1" fromWho="0" sc="227,-80,260,90,270,0,233,0" owari="147,-35.3,350,45.0,270,7.0,233,-16.7" /></mjloggm>