<mjloggm ver="2.3"><GO type="225" lobby="0"/><UN n0="%E3%83%B4%E3%83%A0%EF%BC%99%E3%81%A6" n1="%72%69%6F%75%63%68%61%6E" n2="%E3%81%93%E3%81%8F%E3%82%89%E3%82%AB%E3%83%90%E8%94%B5" n3="%E6%97%A5%E6%9B%9C%E6%97%A5%E3%82%88%E3%82%8A%E3%81%AE%E4%BD%BF%E8%80%85" dan="17,17,17,17" rate="2191.37,2229.13,2097.27,2162.32" sx="M,M,M,M"/><TAIKYOKU oya="0"/><INIT seed="0,0,0,1,2,65" ten="250,250,250,250" oya="0" hai0="24,102,88,0,134,135,8,53,126,3,69,16,93" hai1="59,78,89,122,106,1,4,97,115,91,86,101,117" hai2="52,41,33,17,120,127,109,54,130,63,37,96,26" hai3="92,74,48,77,60,66,15,23,51,62,79,125,133"/><T57/><D126/><U68/><E117/><V45/><F120/><W94/><G125/><T58/><D102/><U111/><E122/><V129/><F127/><W40/><G133/><N who="0" m="50699" /><D69/><U123/><E111/><V131/><F109/><W87/><G74/><T9/><D57/><U12/><E123/><V75/><F75/><W20/><G40/><T39/><D39/><U124/><E124/><V98/><F17/><W27/><G15/><N who="0" m="7271" /><D24/><U128/><E68/><V56/><REACH who="2" step="1"/><F54/><REACH who="2" ten="250,250,240,250" step="2"/><W13/><G66/><T50/><D9/><U64/><E64/><V116/><F116/><W70/><G70/><T10/><D10/><U30/><E115/><V42/><F42/><W100/><G20/><T44/><D58/><U112/><E59/><V105/><F105/><W36/><G23/><T114/><D114/><U28/><E112/><V104/><F104/><W107/><G107/><T46/><D46/><U118/><E118/><V99/><F99/><AGARI ba="0,1" hai="0,3,44,50,53,88,93,99" m="7271,50699" machi="99" ten="30,5800,0" yaku="20,1,54,2" doraHai="65" who="0" fromWho="2" sc="250,68,250,0,240,-58,250,0" /><INIT seed="0,1,0,0,3,5" ten="318,250,182,250" oya="0" hai0="95,125,39,114,0,63,7,86,74,130,104,67,90" hai1="87,135,41,71,129,102,97,54,55,45,35,110,80" hai2="101,24,32,133,13,37,93,12,29,69,46,111,68" hai3="79,58,108,78,33,70,116,15,121,109,20,2,66"/><T103/><D114/><U11/><E110/><N who="3" m="42602" /><G116/><T40/><D125/><U42/><E129/><V53/><F111/><W27/><G121/><T107/><D130/><U64/><E135/><V77/><F77/><W118/><G118/><T17/><D74/><U57/><E35/><V122/><F122/><W92/><G2/><T119/><D119/><U31/><E31/><V123/><F123/><W43/><G70/><T99/><D17/><U83/><E71/><V22/><F133/><W61/><G43/><T76/><D76/><N who="3" m="29225" /><G92/><T34/><D34/><U38/><E42/><V94/><F68/><W65/><G65/><T21/><D21/><U126/><E126/><V47/><F69/><W62/><G62/><T128/><D128/><U16/><E64/><V30/><F37/><W10/><G33/><T4/><D107/><U56/><E54/><V105/><F105/><W88/><G88/><T8/><D67/><U115/><E115/><V60/><F93/><W106/><G106/><T100/><D63/><U36/><E38/><V25/><F60/><W48/><G48/><T6/><REACH who="0" step="1"/><D100/><REACH who="0" ten="308,250,182,250" step="2"/><U131/><E131/><V59/><F101/><W117/><G117/><T50/><D50/><U132/><E132/><V18/><F32/><W89/><G20/><T96/><D96/><U52/><E97/><V44/><F22/><W85/><G66/><T23/><D23/><U113/><E102/><V51/><F51/><W9/><G61/><T3/><D3/><U14/><E113/><V127/><F127/><W28/><G28/><T84/><D84/><U120/><E87/><V91/><F29/><RYUUKYOKU ba="1,1" sc="308,30,250,-10,182,-10,250,-10" hai0="0,4,6,7,8,39,40,86,90,95,99,103,104" /><INIT seed="0,2,1,2,1,115" ten="338,240,172,240" oya="0" hai0="86,123,81,82,83,132,79,25,129,113,88,50,99" hai1="0,21,85,110,24,77,46,35,14,106,36,2,32" hai2="33,117,114,126,109,100,34,65,62,59,61,102,4" hai3="130,48,68,71,131,103,22,47,31,124,60,80,42"/><T18/><D113/><U118/><E118/><V12/><F114/><W96/><G80/><N who="0" m="30827" /><D123/><U93/><E106/><V105/><F117/><W116/><G116/><T101/><D50/><U76/><E110/><V58/><F109/><W19/><G31/><T91/><D18/><U64/><E64/><V89/><F126/><W28/><G28/><T23/><D23/><U44/><E36/><V84/><F105/><W29/><G29/><T17/><D17/><N who="1" m="12335" /><E0/><V120/><F120/><W54/><G124/><T78/><D25/><U97/><E2/><V104/><F104/><W10/><G10/><T40/><D40/><U9/><E85/><V38/><F38/><W57/><G131/><T67/><D67/><U127/><E32/><V125/><F125/><W73/><G73/><N who="0" m="43471" /><D129/><U51/><E35/><V11/><F33/><W98/><G130/><T45/><D45/><N who="1" m="17515" /><E51/><V128/><F34/><W41/><G41/><T16/><D16/><N who="1" m="8271" /><E127/><V1/><F1/><W15/><REACH who="3" step="1"/><G96/><REACH who="3" ten="338,240,172,230" step="2"/><T6/><D6/><U37/><E37/><V8/><F128/><W20/><G20/><T49/><D79/><U111/><E111/><V90/><F8/><W92/><AGARI ba="2,2" hai="15,19,22,42,47,48,54,57,60,68,71,92,98,103" machi="92" ten="20,2700,0" yaku="1,1,0,1,7,1,53,0" doraHai="115" doraHaiUra="122" who="3" fromWho="3" sc="338,-15,240,-9,172,-9,230,53" /><INIT seed="1,0,0,1,1,73" ten="323,231,163,283" oya="1" hai0="52,23,90,65,99,126,41,80,53,0,18,12,93" hai1="3,25,6,28,14,35,88,68,48,20,102,64,13" hai2="97,114,110,29,27,133,116,106,40,135,84,96,61" hai3="132,42,2,58,104,32,118,94,128,83,124,79,36"/><U121/><E121/><V109/><F40/><W113/><RYUUKYOKU type="yao9" ba="0,0" sc="323,0,231,0,163,0,283,0" hai3="2,32,36,42,58,79,83,94,104,113,118,124,128,132" /><INIT seed="1,1,0,2,5,121" ten="323,231,163,283" oya="1" hai0="32,89,119,53,84,93,40,126,99,25,52,85,127" hai1="34,42,2,28,37,57,51,13,73,4,124,79,65" hai2="17,50,109,91,30,125,27,62,71,44,22,134,113" hai3="18,110,86,131,5,68,98,59,97,103,3,31,76"/><U78/><E124/><N who="0" m="47657" /><D119/><U61/><E37/><V24/><F125/><W117/><G68/><T10/><D40/><U6/><E2/><V132/><F113/><W101/><G31/><N who="0" m="19567" /><D10/><N who="1" m="4295" /><E34/><V54/><F91/><W29/><G29/><T23/><D23/><U55/><E73/><V41/><F109/><W21/><G59/><T74/><D74/><U92/><E28/><V80/><F80/><W48/><G48/><T72/><D72/><U1/><E1/><V133/><F71/><W105/><G117/><T43/><D43/><U100/><E6/><V116/><F116/><W95/><G5/><T108/><D108/><U130/><E130/><V88/><F88/><W20/><G3/><T66/><D66/><U16/><E42/><V112/><F112/><W123/><G131/><T90/><D84/><U69/><E69/><V8/><F8/><W111/><G123/><T14/><D14/><U56/><E16/><V135/><N who="2" m="33792" /><DORA hai="35" /><V60/><REACH who="2" step="1"/><F41/><REACH who="2" ten="323,231,153,283" step="2"/><W33/><G111/><T49/><D89/><U82/><E82/><V106/><F106/><W36/><G110/><T63/><D90/><U115/><E115/><V45/><F45/><W114/><G114/><T83/><D83/><U70/><E70/><V39/><F39/><W38/><G38/><T19/><D93/><U67/><E92/><V15/><F15/><N who="3" m="9311" /><G36/><T107/><D107/><U128/><E128/><V75/><F75/><W102/><G105/><T81/><D81/><U118/><E118/><V77/><F77/><N who="1" m="29193" /><E100/><N who="3" m="38506" /><G76/><T46/><D85/><U122/><E122/><V87/><F87/><W0/><G86/><T26/><D99/><RYUUKYOKU ba="1,1" sc="323,-15,231,15,153,15,283,-15" hai1="51,55,56,57,61,65,67" hai2="17,22,24,27,30,44,50,54,60,62" /><INIT seed="1,2,1,5,4,106" ten="308,246,168,268" oya="1" hai0="76,86,108,27,84,18,72,132,96,117,5,77,61" hai1="101,45,35,10,50,28,32,130,6,55,69,47,89" hai2="29,42,121,104,109,114,20,119,112,57,21,124,83" hai3="68,110,44,126,131,39,135,24,60,94,95,43,56"/><U111/><E130/><V78/><F119/><W51/><G131/><T48/><D117/><U81/><E69/><V122/><F104/><W87/><G110/><T14/><D108/><U79/><E111/><V127/><F109/><W70/><G126/><N who="2" m="48169" /><F42/><W12/><G135/><T66/><D132/><U33/><E101/><V75/><F57/><W71/><G24/><T49/><D96/><U125/><E125/><V91/><F29/><W19/><G87/><T16/><D5/><U97/><E97/><V133/><F133/><W9/><REACH who="3" step="1"/><G39/><REACH who="3" ten="308,246,168,258" step="2"/><T74/><D27/><U88/><E28/><V65/><F65/><AGARI ba="2,2" hai="9,12,19,43,44,51,56,60,65,68,70,71,94,95" machi="65" ten="40,2600,0" yaku="1,1,2,1,53,0" doraHai="106" doraHaiUra="30" who="3" fromWho="2" sc="308,0,246,0,168,-32,258,52" /><INIT seed="2,0,0,5,1,21" ten="308,246,136,310" oya="2" hai0="67,3,37,114,31,98,55,4,58,32,0,74,127" hai1="83,64,108,16,81,75,6,71,92,65,101,78,30" hai2="84,103,60,102,49,62,10,1,70,126,123,104,135" hai3="121,5,117,38,19,86,97,76,9,25,119,82,22"/><V18/><F123/><W130/><G121/><T44/><D114/><U88/><E108/><V112/><F112/><W105/><G38/><T40/><D127/><U53/><E71/><V46/><F126/><W23/><G130/><T134/><D134/><U94/><E6/><V69/><F135/><W106/><G23/><T28/><D28/><U118/><E118/><V107/><F1/><W77/><G77/><T95/><D74/><U109/><E109/><V24/><F69/><W131/><G131/><T63/><D4/><U87/><E30/><V50/><F104/><W110/><G110/><T56/><D31/><U13/><E53/><V39/><F39/><W52/><G52/><T73/><D32/><U96/><REACH who="1" step="1"/><E81/><REACH who="1" ten="308,236,136,310" step="2"/><V111/><F111/><W68/><G68/><T115/><D115/><U57/><E57/><V124/><F70/><W34/><G119/><T26/><D58/><U100/><E100/><N who="2" m="38443" /><F124/><W8/><G117/><T48/><D55/><U29/><E29/><V2/><F107/><W7/><G34/><T132/><D132/><U129/><E129/><V15/><F2/><W36/><G106/><T42/><D0/><U79/><E79/><V61/><F46/><W91/><G105/><T33/><D3/><U51/><E51/><V35/><F35/><W47/><G47/><T93/><D48/><N who="2" m="18538" /><F84/><W125/><G36/><T90/><D44/><U99/><E99/><V85/><F85/><N who="3" m="48327" /><G97/><N who="0" m="57527" /><D37/><U122/><E122/><V20/><F61/><W116/><G116/><T11/><D63/><U133/><E133/><V17/><AGARI ba="0,1" hai="10,15,17,18,20,24,60,62" m="18538,38443" machi="17" ten="30,3000,0" yaku="8,1,52,1" doraHai="21" who="2" fromWho="2" sc="308,-10,236,-10,136,40,310,-10" /><INIT seed="2,1,0,4,5,79" ten="298,226,176,300" oya="2" hai0="127,9,47,77,28,76,130,96,56,63,82,1,104" hai1="119,62,116,94,88,11,38,107,40,5,32,16,22" hai2="59,60,123,105,58,106,120,115,109,39,121,112,2" hai3="69,125,81,114,128,36,118,33,72,6,25,14,34"/><V132/><F2/><W65/><G118/><T48/><D28/><U23/><E32/><V41/><F132/><W73/><G14/><T31/><D31/><U86/><E107/><V37/><F109/><W17/><G17/><T64/><D127/><U70/><E23/><V18/><F18/><W74/><G125/><T10/><D77/><U95/><E40/><V85/><F85/><W52/><G52/><T103/><D130/><U50/><E38/><N who="2" m="14347" /><F41/><W0/><G128/><T91/><D91/><U113/><E113/><N who="2" m="43595" /><F60/><N who="3" m="40103" /><G114/><T30/><D30/><U89/><E50/><V131/><F131/><W66/><G66/><T35/><D35/><N who="3" m="13321" /><G25/><T68/><D56/><AGARI ba="1,0" hai="56,58,59,105,106,120,121,123" m="43595,14347" machi="56" ten="40,3900,0" yaku="28,2" doraHai="79" who="2" fromWho="0" sc="298,-42,226,0,176,42,300,0" /><INIT seed="2,2,0,3,2,117" ten="256,226,218,300" oya="2" hai0="94,19,78,124,7,85,68,22,88,54,121,91,128" hai1="17,93,26,15,126,73,114,50,52,71,42,77,12" hai2="113,14,75,13,86,45,130,34,41,115,63,36,31" hai3="103,46,32,38,108,135,27,101,61,11,69,104,81"/><V20/><F75/><W105/><G108/><T109/><D68/><U122/><E114/><V112/><F130/><W70/><G135/><T100/><D109/><U95/><E71/><V39/><F39/><W25/><G81/><T83/><D128/><U65/><E126/><V97/><F34/><W123/><G123/><T79/><D124/><U53/><E65/><V21/><F63/><W9/><G32/><T127/><D127/><U76/><E122/><V131/><F131/><W28/><G28/><T18/><D121/><U82/><E42/><V4/><F97/><W51/><G51/><T67/><D67/><U57/><E77/><V80/><F31/><W132/><G46/><T129/><D100/><U23/><E53/><V35/><F35/><W0/><G0/><T1/><D1/><U8/><REACH who="1" step="1"/><E12/><REACH who="1" ten="256,216,218,300" step="2"/><V66/><F66/><W55/><G55/><T84/><D129/><U98/><E98/><V16/><F4/><AGARI ba="2,1" hai="4,8,15,17,23,26,50,52,57,73,76,82,93,95" machi="4" ten="30,3900,0" yaku="1,1,7,1,54,1,53,0" doraHai="117" doraHaiUra="56" who="1" fromWho="2" sc="256,0,216,55,218,-45,300,0" /><INIT seed="3,0,0,1,2,1" ten="256,271,173,300" oya="3" hai0="43,37,88,92,45,121,64,83,14,19,29,129,77" hai1="133,26,103,106,134,57,9,115,56,8,123,41,71" hai2="39,125,116,12,34,119,15,4,28,109,89,68,108" hai3="93,69,95,110,53,24,35,113,17,3,78,46,114"/><W72/><G3/><T11/><D129/><U94/><E123/><V16/><F39/><W104/><G104/><T75/><D121/><U135/><E115/><V124/><F68/><W100/><G69/><T84/><D29/><U63/><E106/><V120/><F89/><W99/><G78/><T58/><D58/><N who="1" m="22635" /><E41/><V20/><F120/><W59/><G72/><T2/><D2/><U122/><E122/><V0/><F12/><W91/><G46/><T44/><REACH who="0" step="1"/><D45/><REACH who="0" ten="246,271,173,300" step="2"/><U65/><E26/><N who="2" m="18711" /><F116/><W130/><G130/><T118/><D118/><U90/><E103/><V101/><F101/><W18/><G114/><T33/><D33/><U112/><E112/><V31/><F31/><W102/><G113/><T117/><D117/><U66/><E66/><AGARI ba="0,1" hai="11,14,19,37,43,44,64,66,75,77,83,84,88,92" machi="66" ten="40,2600,0" yaku="1,1,54,1,53,0" doraHai="1" doraHaiUra="67" who="0" fromWho="1" sc="246,36,271,-26,173,0,300,0" owari="282,8.2,245,-15.5,173,-32.7,300,40.0" /></mjloggm>