<mjloggm ver="2.3"><GO type="225" lobby="0"/><UN n0="%E3%81%BF%E3%81%BF%E3%81%9A" n1="%E8%90%BD%E6%97%A5" n2="%E3%82%8C%E3%81%99%E3%81%93" n3="%E3%81%93%E3%81%91%E6%A4%8D%E7%89%A9" dan="18,16,16,16" rate="2237.62,2158.35,2076.38,2141.27" sx="M,F,F,M"/><TAIKYOKU oya="0"/><INIT seed="0,0,0,3,2,82" ten="250,250,250,250" oya="0" hai0="86,31,50,56,43,108,67,117,71,114,87,116,65" hai1="51,128,7,19,58,61,14,38,104,53,103,90,77" hai2="124,48,2,133,110,73,131,111,36,60,59,18,54" hai3="115,26,66,91,119,78,85,121,27,25,16,46,33"/><T37/><D114/><U126/><E38/><V28/><F2/><W97/><G115/><T57/><D31/><U113/><E113/><V62/><F73/><W34/><G119/><T23/><D23/><U32/><E126/><V84/><F28/><W4/><G4/><T11/><D11/><U68/><E32/><V125/><F36/><W45/><G121/><T12/><D12/><U42/><E128/><V3/><F3/><W22/><G66/><T94/><D94/><U75/><E7/><V64/><F18/><W8/><G8/><T13/><D13/><U118/><E118/><V6/><F6/><W102/><G78/><T76/><D76/><U69/><E77/><V83/><F131/><W0/><G0/><T130/><D130/><U92/><E103/><V122/><F122/><W79/><G79/><T30/><D30/><U15/><E15/><V123/><F123/><W129/><G129/><T39/><D50/><U41/><E104/><V24/><F24/><N who="3" m="14407" /><G33/><T106/><D43/><N who="1" m="16395" /><E61/><N who="2" m="23659" /><F64/><W105/><G34/><T29/><D29/><U112/><E75/><V63/><N who="2" m="23667" /><V44/><DORA hai="21" /><F44/><N who="3" m="17003" /><G105/><T88/><D106/><U101/><E112/><V40/><F40/><W99/><G102/><T135/><D71/><U107/><E101/><V1/><F1/><W9/><G9/><T96/><D37/><U17/><E107/><V70/><F70/><N who="1" m="27241" /><E14/><V95/><F125/><W10/><G10/><T93/><D39/><U55/><E55/><V5/><F54/><W74/><G74/><T72/><D116/><U35/><E35/><V134/><F124/><W20/><G20/><RYUUKYOKU ba="0,0" sc="250,-15,250,15,250,-15,250,15" hai1="17,19,51,53,58,90,92" hai3="25,26,27,85,91,97,99" /><INIT seed="1,1,0,0,2,65" ten="235,265,235,265" oya="1" hai0="38,11,56,98,45,118,108,83,120,110,31,47,81" hai1="87,86,66,97,21,131,91,53,92,74,15,12,126" hai2="64,37,23,54,3,133,57,60,123,43,96,94,104" hai3="70,33,119,113,117,116,99,42,68,5,48,73,16"/><U29/><E126/><V105/><F123/><W26/><G73/><T95/><D118/><U27/><E131/><V78/><F3/><W20/><G113/><T10/><D31/><U124/><E124/><V51/><F133/><W46/><G33/><T62/><D120/><U121/><E121/><V134/><F134/><W82/><G5/><T132/><D132/><U69/><E74/><V77/><F23/><W19/><G82/><N who="0" m="31243" /><D38/><U71/><E66/><V129/><F129/><W88/><G19/><T18/><D18/><U72/><E72/><V8/><F8/><N who="0" m="3114" /><D56/><U112/><E112/><V61/><F105/><W35/><REACH who="3" step="1"/><G35/><REACH who="3" ten="235,265,235,255" step="2"/><T32/><D32/><U9/><E15/><V67/><F104/><W25/><G25/><T115/><D115/><U122/><E122/><V63/><F77/><W111/><G111/><N who="0" m="42539" /><D62/><U36/><E12/><V85/><F78/><W34/><G34/><T128/><D128/><U84/><E9/><V106/><F106/><W101/><G101/><AGARI ba="1,1" hai="45,47,95,98,101" m="42539,3114,31243" machi="101" ten="30,1000,0" yaku="14,1" doraHai="65" who="0" fromWho="3" sc="235,23,265,0,235,0,255,-13" /><INIT seed="2,0,0,4,5,54" ten="258,265,235,242" oya="2" hai0="39,24,107,1,119,121,56,111,57,129,64,116,76" hai1="10,112,13,5,35,30,41,108,90,87,3,113,75" hai2="16,45,60,103,18,135,81,77,79,106,15,23,70" hai3="44,62,12,22,34,8,123,37,97,43,126,91,55"/><V2/><F2/><W28/><G123/><T20/><D121/><U9/><E75/><V26/><F135/><W88/><G126/><T117/><D111/><U94/><E108/><V63/><F70/><W93/><G34/><T19/><D129/><U122/><E122/><V78/><F81/><W0/><G0/><T120/><D120/><U95/><E41/><V67/><F67/><W118/><G118/><T47/><D107/><U71/><E71/><V14/><F26/><W109/><G109/><T98/><D98/><U72/><E72/><V29/><F29/><W102/><G22/><T115/><D115/><U11/><E11/><V84/><F84/><W50/><G28/><T66/><D76/><U40/><E40/><V6/><F6/><W48/><G62/><T53/><D1/><U38/><E38/><V59/><F45/><W4/><G37/><T51/><D39/><U128/><E128/><V130/><F130/><W65/><G65/><AGARI ba="0,0" hai="19,20,24,47,51,53,56,57,64,65,66,116,117,119" machi="65" ten="40,5200,0" yaku="12,1,52,2" doraHai="54" who="0" fromWho="3" sc="258,52,265,0,235,0,242,-52" /><INIT seed="3,0,0,2,4,134" ten="310,265,235,190" oya="3" hai0="30,131,120,130,124,123,48,37,106,42,67,16,22" hai1="97,25,125,64,12,50,39,62,100,23,101,20,68" hai2="74,93,4,59,36,19,3,34,49,80,87,110,47" hai3="54,115,79,65,69,32,45,75,61,1,90,26,17"/><W135/><G115/><T122/><D124/><U114/><E39/><V82/><F34/><W56/><G135/><T15/><D106/><U31/><E114/><V21/><F110/><W35/><G1/><T2/><D2/><U96/><E125/><V86/><F36/><W72/><G79/><T0/><D0/><U98/><E50/><V102/><F74/><W89/><G45/><N who="0" m="25655" /><D37/><U119/><E119/><V52/><F4/><W9/><G35/><T41/><D41/><U29/><E12/><N who="2" m="9447" /><F3/><W58/><G69/><T43/><D43/><U51/><E51/><V78/><F47/><W88/><G9/><T40/><D40/><U7/><E7/><V60/><F60/><W44/><G44/><T66/><D30/><U11/><E11/><V55/><F55/><W57/><G17/><T105/><D105/><U92/><E101/><V113/><F113/><W85/><G85/><N who="2" m="32265" /><F78/><W27/><G32/><T33/><D33/><U95/><E100/><V99/><AGARI ba="0,0" hai="49,52,59,80,82,93,99,102" m="32265,9447" machi="99" ten="30,2000,0" yaku="8,1,54,1" doraHai="134" who="2" fromWho="2" sc="310,-5,265,-5,235,20,190,-10" owari="305,40.5,260,6.0,255,-14.5,180,-32.0" /></mjloggm>