<mjloggm ver="2.3"><GO type="225" lobby="0"/><UN n0="%E6%98%93%E5%88%A9%E8%96%A9%E4%BC%AF" n1="%E6%81%A5%E6%99%92%E3%81%97" n2="%E3%82%B7%E3%83%B3%E5%A4%AA%E6%9C%97" n3="%E3%81%99%E3%81%84%E3%81%BE%E3%81%9B%E3%83%BC%E3%82%93" dan="16,16,16,18" rate="2035.75,2131.50,2138.66,2277.79" sx="F,M,M,M"/><TAIKYOKU oya="0"/><INIT seed="0,0,0,5,4,110" ten="250,250,250,250" oya="0" hai0="31,92,108,50,4,114,38,72,100,124,130,11,39" hai1="65,44,53,76,131,83,121,68,55,103,1,71,86" hai2="24,18,61,45,98,19,70,21,3,37,88,107,10" hai3="62,135,81,80,66,7,16,126,75,63,69,109,5"/><T41/><D124/><U48/><E121/><V52/><F37/><W34/><G126/><T15/><D130/><U90/><E131/><V122/><F122/><W77/><G109/><T42/><D72/><U111/><E111/><V91/><F19/><W125/><G135/><T73/><D73/><U36/><E1/><V89/><F70/><W67/><G125/><T79/><D79/><U8/><E36/><V84/><F107/><W96/><G81/><T30/><D108/><U26/><E71/><V51/><F61/><W57/><G34/><T2/><D2/><U128/><E128/><V85/><REACH who="2" step="1"/><F98/><REACH who="2" ten="250,250,240,250" step="2"/><W97/><G16/><T118/><D39/><U87/><E68/><V13/><F13/><W133/><G133/><T132/><D15/><U40/><E65/><V43/><F43/><W59/><G69/><T33/><D41/><U105/><E40/><V117/><F117/><W56/><G97/><T32/><D118/><U113/><E55/><V23/><F23/><W78/><G96/><T106/><D106/><U60/><E105/><V46/><F46/><W22/><G22/><T120/><D120/><U119/><E60/><V93/><F93/><W25/><G67/><T102/><D38/><U112/><E119/><V99/><F99/><W134/><G66/><T101/><D132/><U127/><E127/><V115/><F115/><W20/><G134/><T54/><D114/><U12/><E103/><N who="0" m="39497" /><D42/><U27/><E112/><V74/><F74/><W14/><G75/><T35/><D92/><N who="1" m="54359" /><E113/><V29/><F29/><W116/><G116/><T17/><N who="0" m="39505" /><T94/><DORA hai="6" /><D94/><RYUUKYOKU ba="0,1" sc="250,-15,250,15,240,15,250,-15" hai1="8,12,26,27,44,48,53,76,83,87" hai2="3,10,18,21,24,45,51,52,84,85,88,89,91" /><INIT seed="1,1,1,0,0,86" ten="235,265,255,235" oya="1" hai0="59,7,37,93,45,21,73,3,84,11,121,106,32" hai1="108,2,38,4,15,67,33,115,31,65,129,62,8" hai2="81,55,46,40,20,101,0,6,1,102,112,12,123" hai3="111,61,57,69,119,26,35,51,68,107,47,44,92"/><U132/><E115/><V127/><F123/><W13/><G107/><T70/><D32/><U39/><E129/><V133/><F133/><W89/><G111/><T5/><D70/><U36/><E132/><V82/><F112/><W134/><G134/><T97/><D121/><U24/><E108/><V75/><F127/><W130/><G130/><T125/><D7/><U18/><REACH who="1" step="1"/><E62/><REACH who="1" ten="235,255,255,235" step="2"/><V135/><F135/><W128/><G128/><T48/><D125/><U19/><E19/><V53/><F6/><W41/><G119/><T116/><D116/><U88/><E88/><V17/><F101/><W52/><G61/><T120/><D5/><U28/><E28/><V87/><F102/><W104/><G89/><T109/><D109/><U10/><AGARI ba="1,2" hai="2,4,8,10,15,18,24,31,33,36,38,39,65,67" machi="10" ten="40,3900,0" yaku="1,1,0,1,53,0" doraHai="86" doraHaiUra="77" who="1" fromWho="1" sc="235,-14,255,62,255,-14,235,-14" /><INIT seed="1,2,0,2,2,25" ten="221,317,241,221" oya="1" hai0="95,126,75,105,69,19,124,125,78,65,96,21,52" hai1="14,17,15,0,129,131,44,106,127,29,94,64,20" hai2="63,113,118,45,59,26,53,116,67,112,10,100,27" hai3="62,92,56,6,117,93,2,72,86,48,41,30,9"/><U31/><E106/><V108/><F100/><W61/><G72/><T79/><D105/><U91/><E0/><V109/><F10/><W99/><G117/><N who="2" m="45161" /><F26/><W77/><G30/><N who="1" m="11274" /><E64/><V4/><F27/><W32/><G32/><T8/><D8/><U1/><E1/><V101/><F4/><W84/><G41/><T39/><D39/><U3/><E3/><V36/><F101/><W120/><G120/><T98/><D65/><U89/><E127/><V135/><F135/><W35/><G35/><T37/><D37/><U82/><E44/><V130/><F130/><N who="1" m="49673" /><E82/><V40/><F67/><W134/><G134/><T42/><D124/><U133/><E133/><V38/><F38/><W76/><G2/><T18/><D125/><U66/><E66/><V80/><F80/><W71/><G71/><T60/><D69/><U28/><N who="1" m="11282" /><U115/><DORA hai="128" /><E115/><AGARI ba="2,0" hai="36,40,45,53,59,63,108,109,112,113,115" m="45161" machi="115" ten="30,3900,0" yaku="11,1,34,2" doraHai="25,128" who="2" fromWho="1" sc="221,0,317,-45,241,45,221,0" /><INIT seed="2,0,0,1,2,56" ten="221,272,286,221" oya="2" hai0="83,6,75,129,38,82,71,131,73,10,12,8,14" hai1="45,67,104,109,106,89,2,30,64,44,87,65,125" hai2="32,95,110,33,48,113,126,93,111,86,1,51,63" hai3="132,92,40,24,74,57,94,107,99,26,124,123,9"/><V31/><F113/><W11/><G123/><T77/><D71/><U127/><E2/><V121/><F1/><W103/><G74/><T22/><D22/><U100/><E30/><V55/><F121/><W62/><G132/><T69/><D69/><U98/><E109/><N who="2" m="41483" /><F126/><N who="1" m="48137" /><E106/><V23/><F23/><W27/><G124/><T17/><REACH who="0" step="1"/><D38/><REACH who="0" ten="211,272,286,221" step="2"/><U96/><E96/><V79/><F33/><W43/><G107/><T80/><D80/><AGARI ba="0,1" hai="44,45,64,65,67,80,87,89,98,100,104" m="48137" machi="80" ten="30,1000,0" yaku="18,1" doraHai="56" who="1" fromWho="0" sc="211,-10,272,20,286,0,221,0" /><INIT seed="3,0,0,4,5,112" ten="201,292,286,221" oya="3" hai0="119,118,134,80,98,62,81,73,94,42,6,10,130" hai1="88,125,60,66,117,96,63,100,26,123,34,129,133" hai2="67,71,44,90,0,110,95,41,107,113,82,77,12" hai3="68,126,111,97,19,55,24,85,1,127,53,9,58"/><W74/><G74/><T7/><D130/><U38/><E123/><V78/><F113/><W11/><G68/><T5/><D134/><U45/><E133/><V20/><F107/><W86/><G111/><T84/><D10/><N who="3" m="3593" /><G1/><T115/><D115/><U57/><E129/><V61/><F0/><W35/><G97/><T46/><D62/><U99/><E125/><N who="3" m="47626" /><G55/><T59/><D59/><U50/><E38/><V14/><F110/><W48/><G19/><T93/><D73/><U29/><E100/><V16/><F12/><W30/><AGARI ba="0,0" hai="24,30,35,48,53,58,85,86" m="47626,3593" machi="30" ten="30,1500,0" yaku="18,1" doraHai="112" who="3" fromWho="3" sc="201,-5,292,-5,286,-5,221,15" /><INIT seed="3,1,0,5,2,39" ten="196,287,281,236" oya="3" hai0="110,87,56,112,27,83,129,109,111,40,14,12,61" hai1="26,132,59,105,22,2,123,38,89,23,75,37,93" hai2="41,49,42,54,55,53,131,91,78,58,36,127,34" hai3="117,80,99,72,62,108,28,47,29,88,44,52,77"/><W60/><G117/><T9/><D129/><U57/><E123/><V130/><F34/><W116/><G116/><T95/><D112/><U20/><E105/><V86/><F78/><W45/><G108/><T69/><D69/><U10/><E75/><V76/><F76/><W4/><G4/><T32/><D95/><U19/><E132/><V18/><F127/><W122/><G122/><T115/><D115/><U104/><E104/><V125/><F125/><W101/><G88/><N who="0" m="51327" /><D32/><U30/><E38/><V103/><F103/><W64/><G62/><T97/><D27/><N who="1" m="16743" /><E37/><V5/><F5/><W8/><G8/><T113/><D97/><N who="1" m="57519" /><E2/><V90/><F36/><W3/><G3/><T17/><D113/><U7/><E7/><V79/><F131/><W119/><G119/><T1/><D1/><U84/><E10/><V25/><F79/><W124/><G124/><T35/><D35/><U50/><E50/><V66/><F130/><W126/><G126/><T51/><D14/><N who="1" m="9591" /><E84/><V65/><F91/><W82/><G99/><T134/><D134/><U74/><E74/><V6/><F6/><W98/><G98/><T13/><D13/><U96/><E96/><V43/><F49/><N who="3" m="28711" /><G101/><T94/><D94/><U21/><E21/><N who="2" m="13495" /><F58/><N who="3" m="36887" /><G82/><AGARI ba="1,0" hai="41,42,43,53,54,55,65,66,82,86,90" m="13495" machi="82" ten="30,7700,0" yaku="8,1,52,3" doraHai="39" who="2" fromWho="3" sc="196,0,287,0,281,80,236,-80" owari="196,-20.4,287,8.7,361,46.1,156,-34.4" /></mjloggm>