<mjloggm ver="2.3"><GO type="225" lobby="0"/><UN n0="%4C%4F%4C%49%54%41" n1="%72%65%6E%6B%75%6E" n2="%E3%83%91%E3%82%AF%E3%83%81%E3%81%86%E3%81%BE%E5%A4%AB" n3="%E9%89%A2%E5%B7%BB%E3%82%AC%E3%83%96" dan="16,17,16,16" rate="2193.61,2325.48,2093.76,2063.65" sx="F,M,M,M"/><TAIKYOKU oya="0"/><INIT seed="0,0,0,1,5,99" ten="250,250,250,250" oya="0" hai0="69,94,9,72,16,103,74,48,81,77,50,62,26" hai1="114,106,83,31,58,93,113,110,70,18,120,105,13" hai2="46,76,15,40,42,128,89,54,44,60,84,107,87" hai3="38,61,33,49,68,7,67,57,65,4,36,101,124"/><T119/><D119/><U19/><E70/><V3/><F3/><W37/><G124/><T63/><D74/><U95/><E120/><V130/><F107/><N who="1" m="40969" /><E31/><V108/><F108/><W0/><G33/><T22/><D9/><N who="1" m="6447" /><E110/><V6/><F60/><W78/><G65/><T24/><D24/><U29/><E29/><V98/><F98/><W127/><G127/><T134/><D134/><U118/><E118/><V71/><F71/><W125/><G125/><T132/><D132/><U131/><E131/><V80/><F54/><W79/><G0/><T90/><D103/><U75/><E58/><V51/><F15/><W27/><G27/><T92/><D92/><U25/><E19/><V100/><F6/><W28/><G28/><T109/><D109/><U112/><E25/><V47/><F100/><W111/><G101/><T10/><D10/><U126/><E126/><V135/><F135/><W52/><REACH who="3" step="1"/><G111/><REACH who="3" ten="250,250,250,240" step="2"/><T17/><D26/><U116/><E116/><V123/><F128/><W21/><G21/><T97/><D22/><U73/><E73/><V1/><F130/><W56/><G56/><T20/><D69/><U43/><E113/><V35/><F35/><W121/><G121/><T122/><D122/><U30/><E30/><V55/><F123/><W96/><G96/><T117/><D117/><U115/><E112/><V85/><F1/><W129/><G129/><T66/><D66/><U45/><E114/><V5/><F46/><W41/><G41/><T39/><D20/><U82/><E115/><V88/><F47/><W11/><G11/><T23/><D23/><U64/><E45/><RYUUKYOKU ba="0,1" sc="250,-10,250,-10,250,-10,240,30" hai3="4,7,36,37,38,49,52,57,61,67,68,78,79" /><INIT seed="1,1,1,5,4,130" ten="240,240,240,270" oya="1" hai0="43,85,96,30,9,64,125,7,23,87,82,5,103" hai1="47,118,115,8,89,80,59,36,98,86,49,13,52" hai2="1,4,67,132,46,88,22,73,111,117,19,44,94" hai3="119,113,107,15,51,21,28,84,29,24,27,56,0"/><U62/><E118/><V116/><F73/><W33/><G113/><T77/><D125/><U54/><E115/><V81/><F111/><W40/><G107/><T20/><D64/><U25/><E36/><V75/><F67/><W104/><G104/><T41/><D5/><U58/><E25/><V101/><F101/><W69/><G69/><T14/><D85/><U120/><E98/><V124/><F124/><W109/><G0/><T61/><D61/><U90/><E120/><V50/><F4/><W95/><G109/><T65/><D65/><U99/><E99/><V76/><F1/><W108/><G15/><T53/><D53/><U83/><E58/><V11/><F11/><W100/><G108/><T66/><D66/><U57/><E59/><V126/><F44/><W123/><G123/><T105/><REACH who="0" step="1"/><D30/><REACH who="0" ten="230,240,240,270" step="2"/><U60/><E60/><V48/><F126/><W10/><G119/><T74/><D74/><U18/><E83/><V6/><F116/><W17/><G84/><T42/><AGARI ba="1,2" hai="7,9,14,20,23,41,42,43,77,82,87,96,103,105" machi="42" ten="30,7900,0" yaku="1,1,0,1,53,2" doraHai="130" doraHaiUra="16" who="0" fromWho="0" sc="230,102,240,-40,240,-21,270,-21" /><INIT seed="2,0,0,0,2,97" ten="332,200,219,249" oya="2" hai0="120,94,45,54,7,112,9,20,28,111,63,47,107" hai1="77,121,74,14,29,127,131,44,4,100,35,41,59" hai2="56,117,79,1,115,8,21,128,55,58,23,52,98" hai3="66,71,105,5,95,89,123,135,69,50,26,75,19"/><V60/><F115/><W62/><G123/><T129/><D120/><U38/><E121/><V57/><F117/><W99/><G135/><T30/><D107/><U116/><E116/><V15/><F1/><W24/><G75/><T82/><D112/><U118/><E118/><V124/><F128/><W134/><G134/><T101/><D111/><U11/><E131/><V22/><F124/><W31/><G5/><T39/><D39/><U102/><E127/><V27/><F79/><W12/><G50/><T46/><D82/><U10/><E59/><V113/><F113/><W3/><G3/><T110/><D110/><U43/><E43/><V34/><F98/><W103/><G31/><T0/><D20/><U6/><E29/><V96/><F96/><W88/><G71/><T114/><D114/><U2/><E35/><V132/><F132/><W40/><G40/><T16/><D16/><U80/><AGARI ba="0,0" hai="2,4,6,10,11,14,38,41,44,74,77,80,100,102" machi="80" ten="30,8000,1" yaku="0,1,25,2,52,2" doraHai="97" who="1" fromWho="1" sc="332,-20,200,80,219,-40,249,-20" /><INIT seed="3,0,0,3,1,135" ten="312,280,179,229" oya="3" hai0="8,56,38,5,18,90,119,126,79,66,44,73,132" hai1="127,110,2,134,19,89,68,123,47,130,33,74,55" hai2="85,128,35,98,83,78,107,34,121,105,32,108,84" hai3="133,53,59,13,117,122,118,97,26,28,92,106,63"/><W94/><G122/><T27/><D119/><U61/><RYUUKYOKU type="yao9" ba="0,0" sc="312,0,280,0,179,0,229,0" hai1="2,19,33,47,55,61,68,74,89,110,123,127,130,134" /><INIT seed="3,1,0,1,3,135" ten="312,280,179,229" oya="3" hai0="58,125,17,44,83,49,26,121,27,75,108,64,38" hai1="122,41,3,68,66,48,59,67,46,31,5,120,16" hai2="28,30,12,11,89,6,128,57,45,79,43,114,90" hai3="53,73,76,10,61,91,109,106,2,24,98,32,35"/><W116/><G116/><T42/><D121/><U37/><E31/><V100/><F114/><W55/><G109/><T74/><D125/><U94/><E94/><V50/><F128/><W69/><G53/><T112/><D108/><U105/><E105/><V115/><F115/><W87/><G10/><T20/><D112/><U133/><E133/><V1/><F1/><W81/><G2/><T25/><D75/><U39/><E5/><V119/><F119/><W34/><G24/><N who="0" m="9323" /><D38/><N who="1" m="14347" /><E16/><V54/><F100/><W99/><G106/><T51/><D74/><U126/><E3/><V101/><F101/><W80/><REACH who="3" step="1"/><G55/><REACH who="3" ten="312,280,179,219" step="2"/><T71/><D27/><U118/><E118/><V40/><F40/><W95/><G95/><T85/><D42/><U65/><E68/><V117/><F117/><W8/><G8/><T107/><D71/><U33/><E33/><V86/><F30/><W134/><G134/><T130/><D107/><U15/><E15/><V131/><F28/><W102/><G102/><T18/><D20/><U14/><E14/><V7/><F7/><W21/><G21/><T77/><D17/><U70/><E70/><V19/><F19/><W110/><G110/><T56/><D18/><U84/><E59/><V36/><F131/><W123/><G123/><N who="1" m="47146" /><E126/><V4/><F4/><W62/><G62/><T13/><D130/><U9/><E9/><V129/><F129/><W127/><G127/><T22/><D58/><U52/><E52/><V63/><F36/><W124/><G124/><T97/><D56/><U103/><E103/><V113/><F113/><W0/><G0/><T60/><D13/><RYUUKYOKU ba="1,1" sc="312,-30,280,10,179,10,219,10" hai1="41,46,48,65,66,67,84" hai2="6,11,12,43,45,50,54,57,63,79,86,89,90" hai3="32,34,35,61,69,73,76,80,81,87,91,98,99" /><INIT seed="3,2,1,2,3,118" ten="282,290,189,229" oya="3" hai0="58,35,25,21,59,55,97,106,34,91,48,89,16" hai1="9,127,11,114,90,65,99,100,57,119,28,22,50" hai2="132,67,27,105,73,115,64,51,31,104,1,76,24" hai3="10,54,117,68,126,40,72,42,82,95,125,15,129"/><W87/><G117/><T103/><REACH who="0" step="1"/><D58/><REACH who="0" ten="272,290,189,229" step="2"/><U17/><E119/><V112/><F1/><W128/><G125/><T20/><D20/><U120/><E127/><V37/><F132/><W96/><G126/><T6/><D6/><U41/><E114/><V7/><F7/><W19/><G128/><T63/><D63/><N who="1" m="38127" /><E28/><V14/><F112/><W47/><G129/><T92/><D92/><N who="1" m="56727" /><E120/><V38/><F115/><W2/><G2/><T135/><D135/><U60/><E60/><V77/><F31/><W111/><G68/><T85/><D85/><U86/><E86/><V108/><F108/><W70/><G70/><T121/><D121/><U13/><E100/><V56/><F56/><W75/><G111/><T109/><D109/><U44/><AGARI ba="2,2" hai="9,11,13,17,22,41,44,50" m="56727,38127" machi="44" ten="30,1100,0" yaku="8,1" doraHai="118" who="1" fromWho="1" sc="272,-5,290,37,189,-5,229,-7" owari="267,6.7,327,42.7,184,-31.6,222,-17.8" /></mjloggm>