<mjloggm ver="2.3"><GO type="225" lobby="0"/><UN n0="%73%69%72%6F%75%74" n1="%4E%49%4A%49%49%52%4F" n2="%E7%89%B9%E6%9D%B1%E3%81%AF%E4%B8%96%E7%95%8C%E3%82%92%E6%95%91%E3%81%86" n3="%E2%91%A3%E9%81%BF%E9%81%8A%E6%88%AF%E3%80%90%E6%9D%B1%E5%8D%97%E3%80%91" dan="16,16,16,16" rate="2035.63,2170.83,2173.55,2125.08" sx="M,M,M,M"/><TAIKYOKU oya="0"/><INIT seed="0,0,0,0,4,71" ten="250,250,250,250" oya="0" hai0="123,9,129,24,77,74,60,101,91,43,41,79,73" hai1="124,69,96,61,26,121,46,67,50,3,126,70,66" hai2="116,17,37,12,134,125,130,135,5,27,75,49,72" hai3="19,93,0,25,52,97,32,80,48,58,88,81,108"/><T56/><D123/><U119/><E3/><V55/><F116/><W63/><G108/><T92/><D74/><U51/><E26/><V109/><F109/><W21/><G0/><T30/><D129/><U11/><E11/><V117/><F117/><W16/><G32/><T1/><D101/><U86/><E96/><V62/><F130/><W128/><G128/><T106/><D106/><U33/><E86/><V68/><F5/><W36/><G36/><T28/><D1/><U131/><E33/><V94/><F94/><W111/><G111/><T29/><D9/><U35/><E35/><V120/><F27/><W7/><G7/><T104/><D24/><U122/><E131/><V118/><F125/><N who="1" m="48233" /><E119/><V133/><F120/><N who="1" m="46185" /><E46/><N who="2" m="28087" /><F118/><W45/><G19/><T18/><D18/><U103/><E103/><V113/><F75/><W90/><G90/><T82/><D104/><U64/><E61/><V47/><F72/><W78/><G78/><N who="0" m="29707" /><D82/><U89/><E89/><V31/><F31/><W87/><REACH who="3" step="1"/><G87/><REACH who="3" ten="250,250,250,240" step="2"/><N who="0" m="52351" /><D73/><U10/><E10/><V14/><F17/><W6/><G6/><T110/><D110/><U39/><E39/><V22/><F37/><W114/><G114/><T83/><D83/><U57/><E57/><V132/><F113/><W23/><G23/><T105/><D29/><U99/><E99/><V44/><F132/><W42/><AGARI ba="0,1" hai="16,21,25,42,45,48,52,58,63,80,81,88,93,97" machi="42" ten="20,16000,3" yaku="1,1,0,1,7,1,25,2,8,1,54,3,53,0" doraHai="71" doraHaiUra="65" who="3" fromWho="3" sc="250,-80,250,-40,250,-40,240,170" /><INIT seed="1,0,0,2,3,13" ten="170,210,210,410" oya="1" hai0="30,113,79,121,63,55,72,78,98,110,28,80,62" hai1="45,31,86,36,120,90,47,27,51,16,44,56,11" hai2="4,57,75,23,131,133,59,43,21,109,132,34,9" hai3="70,15,130,37,40,68,128,112,35,129,7,123,6"/><U67/><E120/><V89/><F34/><W122/><G15/><T127/><D113/><U119/><E119/><V135/><F109/><W84/><G35/><T95/><D110/><U53/><E36/><V3/><F131/><W8/><G112/><T104/><D104/><U0/><E0/><V126/><F126/><W26/><G26/><T83/><D127/><U49/><E67/><V65/><F75/><W12/><G84/><T54/><D121/><U48/><E31/><V111/><F111/><W100/><G100/><T114/><D114/><U24/><E11/><V42/><F89/><W74/><G74/><T87/><D95/><N who="1" m="54743" /><E27/><V17/><F23/><AGARI ba="0,0" hai="16,23,24,44,45,47,48,49,51,53,56" m="54743" machi="23" ten="30,5800,0" yaku="8,1,52,1,54,1" doraHai="13" who="1" fromWho="2" sc="170,0,210,58,210,-58,410,0" /><INIT seed="1,1,0,0,3,93" ten="170,268,152,410" oya="1" hai0="77,121,13,50,95,128,28,78,106,9,111,42,6" hai1="80,64,30,63,103,41,8,133,17,94,72,60,18" hai2="135,15,86,75,126,100,123,35,21,109,81,98,26" hai3="85,83,54,24,71,19,89,22,69,108,105,91,49"/><U33/><E133/><V96/><F123/><W7/><G108/><T124/><D106/><U53/><E41/><V37/><F37/><W118/><G118/><T16/><D111/><U40/><E40/><V67/><F75/><W4/><G105/><T65/><D121/><U56/><E33/><V104/><F109/><W46/><G71/><T79/><D65/><U127/><E30/><V47/><F135/><W2/><G69/><T29/><D124/><U44/><E127/><V31/><F126/><W73/><G73/><T12/><D128/><U45/><E80/><V57/><F47/><W23/><G2/><T62/><D62/><U51/><E72/><V55/><F67/><W52/><G54/><T3/><D3/><U117/><E117/><V87/><F96/><W119/><G119/><T1/><D1/><U43/><E8/><V0/><F0/><W107/><G107/><T97/><D50/><N who="1" m="26911" /><E63/><V34/><F15/><N who="3" m="9599" /><G91/><N who="0" m="55551" /><D42/><U122/><E122/><V134/><F134/><W84/><G85/><T10/><AGARI ba="1,0" hai="6,9,10,12,13,16,28,29,77,78,79" m="55551" machi="10" ten="30,4000,0" yaku="8,1,52,1,54,1" doraHai="93" who="0" fromWho="0" sc="170,43,268,-21,152,-11,410,-11" /><INIT seed="2,0,0,1,3,37" ten="213,247,141,399" oya="2" hai0="21,89,106,126,105,49,116,52,121,130,113,115,73" hai1="122,75,71,17,103,57,90,6,44,46,32,25,27" hai2="78,8,101,48,29,129,66,99,43,80,15,132,60" hai3="95,134,14,123,64,128,110,23,109,11,88,91,20"/><V55/><F129/><W19/><G128/><T67/><D130/><U120/><E71/><V36/><F132/><W131/><G134/><T108/><D21/><U65/><E75/><V94/><F29/><W58/><G131/><T104/><D73/><U30/><E103/><V24/><F24/><W38/><G38/><T74/><D74/><U72/><E72/><V2/><F2/><W31/><G123/><N who="1" m="47146" /><E6/><V68/><F80/><W84/><G31/><T54/><D67/><U41/><E90/><V18/><F78/><W117/><G117/><T12/><D12/><U98/><E98/><V42/><REACH who="2" step="1"/><F36/><REACH who="2" ten="213,247,131,399" step="2"/><W93/><G110/><T26/><D121/><U114/><E114/><V50/><F50/><W111/><G109/><T118/><D49/><U83/><E83/><V4/><F4/><W82/><G111/><T125/><D26/><U127/><E27/><V40/><F40/><W45/><G82/><T13/><D108/><U87/><E41/><V76/><F76/><W53/><G64/><T79/><D79/><U3/><E3/><V5/><F5/><W63/><G45/><AGARI ba="0,1" hai="8,15,18,42,43,45,48,55,60,66,68,94,99,101" machi="45" ten="30,11600,0" yaku="1,1,7,1,52,2,53,0" doraHai="37" doraHaiUra="77" who="2" fromWho="3" sc="213,0,247,0,131,126,399,-116" /><INIT seed="2,1,0,4,4,66" ten="213,247,257,283" oya="2" hai0="70,2,111,79,69,133,90,101,68,7,73,39,43" hai1="57,15,97,53,128,21,104,50,40,42,92,54,129" hai2="75,86,44,99,106,0,4,103,108,27,77,37,98" hai3="31,6,12,65,16,132,47,113,127,121,74,45,124"/><V64/><F86/><W14/><G74/><T115/><D90/><U118/><E118/><V33/><F99/><W51/><G121/><T58/><D58/><U25/><E104/><V1/><F108/><W19/><G65/><T56/><D56/><U46/><E15/><V78/><F78/><W67/><G67/><T122/><D122/><U11/><E11/><V87/><F87/><W3/><G31/><T34/><D101/><U18/><E129/><V22/><F22/><W72/><G72/><T20/><D20/><U32/><E32/><V134/><F134/><W63/><G63/><T100/><D100/><U62/><REACH who="1" step="1"/><E128/><REACH who="1" ten="213,237,257,283" step="2"/><V83/><F33/><W94/><G14/><T114/><D34/><U93/><E93/><V5/><F106/><W60/><G94/><T126/><D133/><U81/><E81/><V76/><F83/><W13/><G132/><T30/><D111/><U112/><E112/><V24/><F1/><W105/><G113/><T109/><D109/><U107/><E107/><V96/><F0/><W88/><G105/><T95/><D95/><U82/><E82/><V55/><F27/><W123/><G3/><T84/><D115/><U26/><E26/><V89/><F24/><W116/><G116/><T49/><D114/><U48/><E48/><V71/><F5/><W59/><G6/><T61/><D2/><U23/><E23/><V119/><F4/><W102/><G13/><T117/><D7/><U80/><E80/><V36/><F119/><W10/><G12/><T130/><D117/><U9/><E9/><V91/><F75/><W35/><G10/><RYUUKYOKU ba="1,1" sc="213,-10,237,30,257,-10,283,-10" hai1="18,21,25,40,42,46,50,53,54,57,62,92,97" /><INIT seed="3,2,1,2,0,72" ten="203,267,247,273" oya="3" hai0="83,102,74,115,5,68,127,35,123,113,26,95,97" hai1="112,78,59,116,81,22,43,89,121,60,122,52,34" hai2="75,56,128,132,19,64,77,114,18,96,38,57,105" hai3="103,66,39,50,133,20,4,90,100,54,88,76,129"/><W79/><G39/><T118/><D68/><U3/><E112/><N who="0" m="43081" /><D5/><U119/><E34/><V107/><F38/><W41/><G41/><T49/><D49/><U101/><E3/><V111/><F114/><W24/><G4/><T33/><D118/><N who="1" m="45099" /><E101/><N who="3" m="38986" /><G66/><T92/><D123/><N who="1" m="47115" /><E43/><V73/><F96/><W48/><G48/><T117/><D117/><U12/><E89/><N who="3" m="34410" /><G133/><T25/><D127/><U94/><E94/><N who="0" m="35881" /><D97/><U109/><E109/><V104/><F111/><W23/><G129/><T55/><D102/><U91/><E91/><V44/><F128/><W131/><G131/><T126/><D126/><U51/><E51/><V36/><F36/><W6/><G6/><T15/><D55/><U30/><E30/><V31/><F31/><N who="3" m="17799" /><G23/><T82/><D15/><U0/><E0/><V71/><F105/><W9/><G9/><T63/><D63/><U106/><E106/><V13/><F13/><W14/><G14/><T8/><D8/><U7/><E7/><V120/><F104/><W17/><G17/><T61/><D61/><U108/><E108/><V110/><F110/><W37/><G37/><T135/><D135/><U93/><E93/><V134/><F107/><W67/><G67/><T45/><D45/><AGARI ba="2,1" hai="45,50,54,76,79" m="17799,34410,38986" machi="45" ten="30,11600,0" yaku="8,1,52,2,54,1" doraHai="72" who="3" fromWho="0" sc="203,-122,267,0,247,0,273,132" owari="81,-41.9,267,6.7,247,-15.3,405,50.5" /></mjloggm>