<mjloggm ver="2.3"><GO type="225" lobby="0"/><UN n0="%6D%75%75%6D%75%72%61" n1="%E8%81%B7%E6%A5%AD%E3%80%81%E9%A2%A8%32" n2="%E6%B8%A9%E2%98%85%E6%83%85%E2%98%85%E6%8E%AA%E2%98%85%E7%BD%AE" n3="%E6%A1%9C%E8%8A%B1%E9%96%83%E3%80%85" dan="16,16,16,16" rate="2166.70,2119.30,2163.59,2121.01" sx="F,M,M,M"/><TAIKYOKU oya="0"/><INIT seed="0,0,0,3,1,33" ten="250,250,250,250" oya="0" hai0="11,94,103,59,76,10,38,32,13,0,71,104,69" hai1="91,8,44,54,6,121,88,2,87,14,132,18,48" hai2="113,107,83,68,128,108,49,42,43,125,122,79,45" hai3="135,20,51,17,46,89,70,37,90,127,28,114,73"/><T126/><D104/><U78/><E132/><V82/><F122/><W81/><G114/><T58/><D32/><U77/><E121/><V9/><F113/><W4/><G70/><T85/><D38/><U117/><E91/><V56/><F68/><W119/><G119/><T62/><D126/><U16/><E18/><V50/><F107/><W95/><G37/><T129/><D129/><U131/><E131/><V106/><F106/><W65/><G65/><T99/><D58/><U98/><E98/><V19/><F128/><W15/><G28/><T23/><D23/><U101/><E101/><V35/><F35/><W12/><G73/><T3/><D71/><U134/><E134/><V67/><F125/><W123/><G81/><T52/><D69/><U66/><E66/><V57/><F108/><W27/><G90/><T31/><D31/><U80/><REACH who="1" step="1"/><E117/><REACH who="1" ten="250,240,250,250" step="2"/><V118/><F118/><W133/><G123/><T75/><D103/><U22/><AGARI ba="0,1" hai="2,6,8,14,16,22,44,48,54,77,78,80,87,88" machi="22" ten="20,12000,2" yaku="1,1,2,1,0,1,7,1,52,1,54,2,53,0" doraHai="33" doraHaiUra="25" who="1" fromWho="1" sc="250,-60,240,130,250,-30,250,-30" /><INIT seed="1,0,0,1,1,20" ten="190,370,220,220" oya="1" hai0="36,96,128,110,16,28,91,34,55,24,115,120,86" hai1="7,78,8,60,118,22,84,122,48,89,130,43,105" hai2="95,17,23,107,80,131,42,129,124,77,134,76,117" hai3="40,54,41,103,109,81,63,44,46,133,112,94,97"/><U82/><E122/><V5/><F107/><W72/><G112/><T104/><D115/><U56/><E118/><V4/><F117/><W32/><G109/><T88/><D110/><U6/><E105/><V67/><F134/><W127/><G127/><T123/><D128/><N who="2" m="49226" /><F124/><W64/><G32/><T65/><D36/><U2/><E130/><V18/><F67/><W61/><G54/><T13/><D65/><U119/><E119/><V30/><F42/><W29/><G29/><T10/><D55/><U92/><E7/><N who="2" m="2635" /><F95/><W1/><G1/><T25/><D25/><U106/><E106/><V27/><F77/><W75/><G64/><T39/><D39/><U47/><E22/><V52/><F52/><W79/><G133/><T31/><D31/><U9/><E6/><V74/><AGARI ba="0,0" hai="17,18,23,27,30,74,76,80" m="2635,49226" machi="74" ten="30,2000,0" yaku="19,1,52,1" doraHai="20" who="2" fromWho="2" sc="190,-5,370,-10,220,20,220,-5" /><INIT seed="2,0,0,2,5,48" ten="185,360,240,215" oya="2" hai0="67,120,60,15,43,1,106,26,54,31,12,92,16" hai1="83,79,111,108,47,126,32,93,86,129,125,89,0" hai2="100,76,98,7,77,55,64,34,37,114,75,35,33" hai3="73,91,104,18,118,109,131,40,38,23,117,135,58"/><V39/><F114/><W14/><G109/><N who="1" m="42058" /><E32/><V78/><F75/><W20/><G135/><T128/><D1/><U88/><E0/><V90/><F64/><W11/><G104/><T4/><D106/><U61/><E129/><V62/><F7/><W107/><G107/><T3/><D128/><U10/><E10/><V52/><F90/><W66/><G73/><T56/><D120/><U130/><E130/><V44/><F44/><W63/><G131/><T50/><D3/><U121/><E121/><V124/><F124/><N who="1" m="47721" /><E61/><V9/><F9/><W101/><G11/><T99/><D4/><U25/><E25/><V68/><F68/><W45/><G23/><N who="0" m="13671" /><D31/><U36/><E93/><N who="2" m="58447" /><F62/><W49/><G63/><T85/><D85/><U84/><E84/><V122/><F122/><W110/><G110/><T82/><D82/><U80/><E80/><V94/><F94/><W113/><G117/><T70/><D70/><U59/><E59/><V57/><F57/><W69/><G58/><N who="0" m="37271" /><D15/><U133/><E133/><V81/><F81/><W41/><G14/><T21/><D12/><U105/><E105/><V22/><F22/><W29/><G69/><T71/><D21/><U8/><E8/><V51/><F34/><W103/><G20/><T17/><D71/><U97/><E97/><V2/><F2/><W46/><G118/><T87/><D87/><U5/><E5/><V112/><F35/><W28/><G28/><T72/><D72/><U132/><E132/><V119/><F33/><W6/><G29/><T116/><D116/><U95/><E95/><V127/><F127/><W74/><G74/><RYUUKYOKU ba="0,0" sc="185,-10,360,30,240,-10,215,-10" hai1="36,47,79,83,86,88,89" /><INIT seed="3,1,0,2,2,114" ten="175,390,230,205" oya="3" hai0="19,17,41,122,49,89,69,8,75,100,97,64,44" hai1="127,105,52,128,38,60,82,108,28,101,95,47,51" hai2="71,94,129,111,24,130,43,135,18,83,53,23,66" hai3="16,20,84,45,119,78,27,2,115,109,29,14,98"/><W30/><G115/><T123/><D122/><U74/><E108/><V15/><F111/><W65/><G109/><T7/><D75/><U34/><E127/><V54/><F135/><W55/><G2/><T77/><D123/><U125/><E125/><V63/><F43/><W33/><G119/><T117/><D117/><U1/><E1/><V126/><F126/><W22/><G65/><T106/><D77/><U120/><E105/><V91/><F83/><N who="3" m="47223" /><G33/><T134/><D134/><U11/><E34/><V90/><F90/><W118/><G118/><T132/><D132/><U10/><E38/><V40/><F40/><W110/><G110/><T86/><D64/><U61/><E82/><V73/><F73/><W93/><G30/><T87/><D69/><U112/><E74/><V4/><F130/><W32/><G32/><T13/><REACH who="0" step="1"/><D87/><REACH who="0" ten="165,390,230,205" step="2"/><U56/><E120/><V21/><F66/><W36/><G36/><T88/><D88/><U85/><E112/><V58/><F91/><N who="3" m="55615" /><G55/><T124/><D124/><U3/><E128/><V62/><F54/><W102/><G45/><T131/><D131/><U79/><E3/><V107/><F129/><W68/><G68/><T99/><D99/><N who="1" m="59647" /><E28/><N who="2" m="17423" /><F71/><W31/><G29/><T133/><D133/><U59/><E47/><V50/><F53/><W67/><G67/><T76/><D76/><U37/><E37/><V26/><F58/><W121/><G121/><T48/><D48/><U0/><E0/><V9/><F50/><W92/><G102/><T25/><D25/><U104/><E104/><V81/><F107/><W103/><G103/><T113/><D113/><RYUUKYOKU ba="1,1" sc="165,15,390,-15,230,-15,205,15" hai0="7,8,13,17,19,41,44,49,86,89,97,100,106" hai3="14,16,20,22,27,31,92" /><INIT seed="3,2,1,1,4,2" ten="180,375,215,220" oya="3" hai0="74,89,35,7,55,126,23,95,67,109,36,96,110" hai1="113,31,32,25,30,132,76,101,70,15,62,78,84" hai2="93,13,87,135,47,22,19,75,97,46,0,123,117" hai3="71,72,73,105,112,33,26,131,51,57,115,129,98"/><W14/><G57/><T3/><D35/><U106/><E113/><N who="3" m="43594" /><G51/><T60/><D74/><N who="3" m="28777" /><G14/><T65/><D36/><U4/><E31/><V119/><F75/><W10/><G10/><N who="0" m="2431" /><D23/><U9/><E84/><V8/><F123/><W68/><G26/><T90/><D90/><U27/><E27/><N who="2" m="14815" /><F135/><W102/><G33/><T79/><D79/><U116/><E132/><V16/><F0/><W61/><G61/><T12/><D12/><U86/><E86/><V92/><F119/><W44/><G44/><T125/><D55/><U83/><E83/><V5/><F117/><W1/><G1/><T50/><D50/><U103/><E116/><V99/><F46/><W114/><N who="3" m="43602" /><W41/><DORA hai="85" /><G41/><T133/><D133/><U66/><E103/><N who="2" m="60839" /><F47/><W45/><G45/><T58/><D65/><U91/><E91/><N who="2" m="53503" /><F16/><W100/><G100/><T49/><D49/><U120/><E120/><V88/><F13/><W64/><G64/><T17/><D17/><U122/><E122/><V6/><F8/><W121/><G121/><T128/><D128/><AGARI ba="2,1" hai="68,71,98,102,105,128,129,131" m="28777,43602" machi="128" ten="50,4800,0" yaku="19,1,23,1" doraHai="2,85" who="3" fromWho="0" sc="180,-54,375,0,215,0,220,64" /><INIT seed="3,3,0,0,2,109" ten="126,375,215,284" oya="3" hai0="58,128,48,45,95,29,70,19,116,91,43,62,63" hai1="14,20,5,65,124,27,37,134,57,9,0,72,25" hai2="103,40,75,125,92,66,84,51,118,24,41,21,133" hai3="2,82,1,34,69,28,53,78,13,93,98,112,26"/><W71/><G13/><T22/><D116/><U35/><E72/><V79/><F118/><W6/><G53/><T96/><D128/><U97/><E37/><V86/><F133/><W115/><G93/><T127/><D127/><U129/><E124/><V56/><F75/><N who="3" m="43359" /><G98/><T111/><D111/><U83/><E129/><V60/><F125/><W107/><G107/><T123/><D123/><U132/><E97/><N who="2" m="59815" /><F51/><W94/><G94/><T18/><D70/><N who="3" m="26633" /><G6/><T89/><D89/><U50/><E83/><N who="2" m="47231" /><F86/><W36/><G36/><T67/><REACH who="0" step="1"/><D63/><REACH who="0" ten="116,375,215,284" step="2"/><N who="1" m="38127" /><E132/><V117/><F117/><W52/><G52/><T85/><D85/><U68/><E134/><V120/><F120/><W80/><G80/><T31/><D31/><AGARI ba="3,1" hai="21,24,31,40,41,56,60,66" m="47231,59815" machi="31" ten="30,2000,0" yaku="25,1,8,1" doraHai="109" who="2" fromWho="0" sc="116,-29,375,0,215,39,284,0" owari="87,-41.3,375,47.5,254,-14.6,284,8.4" /></mjloggm>