<mjloggm ver="2.3"><GO type="225" lobby="0"/><UN n0="%E7%99%BD%E6%97%A5%E9%9B%AA%E8%8F%9C" n1="%E3%81%BF%E3%81%BF%E3%81%9A" n2="%E5%A4%9C%E5%85%89%E5%A4%A9%E6%A5%BC" n3="%E4%BA%BA%E9%96%93%E3%83%81%E3%83%A3%E3%83%BC%E3%83%8F%E3%83%B3" dan="17,18,17,16" rate="2176.35,2230.64,2188.27,2109.52" sx="M,M,M,M"/><TAIKYOKU oya="0"/><INIT seed="0,0,0,4,2,35" ten="250,250,250,250" oya="0" hai0="93,120,11,102,103,61,68,73,29,3,121,51,4" hai1="88,16,19,112,2,95,81,66,116,106,126,53,50" hai2="36,21,10,43,87,130,63,27,122,7,9,57,8" hai3="67,114,55,125,109,97,18,69,99,5,127,17,89"/><T111/><D73/><U49/><E116/><V131/><F122/><W123/><G114/><T82/><D29/><U30/><E106/><V80/><F43/><W37/><G123/><T110/><D82/><U46/><E112/><V119/><F36/><W25/><G37/><T108/><D51/><U94/><E2/><V91/><F119/><W85/><G109/><T113/><D113/><U104/><E104/><V12/><F130/><W118/><G118/><T47/><D47/><U132/><E132/><V56/><F56/><W40/><G40/><T24/><D24/><U133/><E133/><V96/><F96/><N who="3" m="36939" /><G5/><T101/><D93/><N who="1" m="35339" /><E126/><N who="3" m="48138" /><G55/><T115/><D115/><U42/><E66/><AGARI ba="0,0" hai="3,4,11,61,66,68,101,102,103,108,110,111,120,121" machi="66" ten="50,9600,0" yaku="14,1,10,1,52,1" doraHai="35" who="0" fromWho="1" sc="250,96,250,-96,250,0,250,0" /><INIT seed="0,1,0,3,3,46" ten="346,154,250,250" oya="0" hai0="93,62,35,103,23,49,28,13,119,70,57,108,6" hai1="109,8,99,73,60,2,9,88,74,107,128,115,133" hai2="106,71,11,32,45,97,75,95,37,20,78,89,90" hai3="51,50,100,114,126,96,0,4,30,56,40,118,48"/><T33/><D119/><U31/><E109/><V64/><F32/><W38/><G114/><T3/><D70/><U104/><E115/><V52/><F37/><W66/><G118/><T82/><D3/><U36/><E36/><V116/><F116/><W44/><G126/><T102/><D108/><U84/><E128/><V94/><F106/><W25/><G0/><T7/><D35/><U135/><E31/><V101/><F75/><N who="1" m="28681" /><E60/><V121/><F121/><W55/><G4/><T14/><D33/><U80/><E2/><V29/><F78/><W54/><G66/><N who="0" m="39247" /><D82/><U42/><E42/><V123/><F11/><W92/><REACH who="3" step="1"/><G56/><REACH who="3" ten="346,154,250,240" step="2"/><T122/><D6/><U134/><E8/><V1/><F1/><W22/><AGARI ba="1,1" hai="22,25,30,38,40,44,48,50,51,54,55,92,96,100" machi="22" ten="30,12000,2" yaku="1,1,2,1,0,1,52,3,53,0" doraHai="46" doraHaiUra="53" who="3" fromWho="3" sc="346,-61,154,-31,250,-31,240,133" /><INIT seed="1,0,0,4,1,38" ten="285,123,219,373" oya="1" hai0="119,132,102,39,80,73,98,115,114,58,66,27,106" hai1="108,127,40,65,78,14,56,129,45,69,48,5,6" hai2="79,116,9,93,130,57,8,72,54,36,134,51,84" hai3="109,121,104,123,83,30,33,18,41,62,4,133,32"/><U117/><E117/><V86/><F116/><W70/><G104/><T87/><D119/><U124/><E129/><V7/><F36/><W76/><G109/><T96/><D39/><N who="1" m="21663" /><E78/><V77/><F130/><W64/><G133/><T120/><D132/><U68/><E14/><N who="2" m="5407" /><F72/><N who="3" m="43399" /><G18/><T71/><D73/><U12/><E12/><V16/><F134/><W31/><G41/><T49/><D120/><U35/><E35/><V92/><F16/><W19/><G19/><T81/><D71/><N who="1" m="27211" /><E5/><V126/><F9/><W111/><G4/><T3/><D3/><U23/><E23/><V29/><F29/><W94/><G94/><T82/><D27/><U28/><E28/><V63/><F79/><W107/><G111/><T21/><D21/><U50/><E6/><V61/><F77/><W101/><G31/><T105/><D105/><U1/><E1/><V0/><F0/><W122/><G30/><T37/><D106/><U52/><E108/><V20/><F93/><W100/><G100/><T47/><D80/><U46/><E65/><V85/><F92/><W55/><G101/><T59/><D102/><U26/><E26/><V2/><F2/><W43/><G107/><T42/><D66/><U125/><E125/><V24/><F126/><W53/><G33/><T10/><D81/><U110/><E110/><V103/><F103/><W113/><G32/><T67/><D67/><U60/><E50/><V95/><F95/><W118/><G118/><T74/><D49/><U128/><E128/><V75/><F75/><W97/><G97/><T112/><D74/><U13/><E13/><V88/><F88/><RYUUKYOKU ba="0,0" sc="285,-15,123,15,219,15,373,-15" hai1="46,48,52,56,60,124,127" hai2="20,24,51,54,57,61,63,84,85,86" /><INIT seed="1,1,0,3,5,69" ten="270,138,234,358" oya="1" hai0="133,124,38,6,2,130,92,109,32,61,30,104,91" hai1="113,132,15,106,100,115,39,10,101,62,63,117,34" hai2="112,59,18,17,11,71,79,81,93,25,8,88,82" hai3="96,33,89,129,3,123,85,47,120,54,14,116,21"/><U68/><E117/><V78/><F71/><W57/><G33/><T26/><D104/><U20/><E34/><V111/><F112/><W50/><G3/><T44/><D109/><U97/><E132/><V105/><F105/><W84/><G129/><T42/><D130/><U24/><E101/><V23/><F111/><W19/><G116/><T9/><D133/><U37/><E113/><V55/><F82/><W48/><G120/><T122/><D122/><U95/><E115/><V72/><F18/><W49/><G123/><T73/><D124/><U108/><E108/><V67/><F67/><W77/><G77/><N who="2" m="29193" /><F81/><W131/><G131/><T119/><D119/><U99/><E68/><V135/><F72/><W28/><G28/><T29/><D29/><U86/><E86/><N who="3" m="33386" /><G47/><T43/><D43/><U90/><E63/><N who="2" m="36351" /><F135/><W64/><G64/><T46/><D73/><U114/><E62/><V12/><F12/><W40/><G40/><T107/><D107/><U134/><E114/><V76/><N who="2" m="29201" /><V35/><DORA hai="118" /><F35/><W56/><G56/><T51/><D61/><U13/><E134/><V4/><F4/><W80/><G80/><T45/><D45/><U75/><E75/><V7/><F7/><W74/><G74/><T27/><D44/><U5/><E13/><V36/><F36/><W125/><G125/><T0/><D38/><U128/><REACH who="1" step="1"/><E128/><REACH who="1" ten="270,128,234,358" step="2"/><V121/><F121/><W53/><G57/><T87/><D0/><U66/><E66/><V22/><F22/><W103/><G103/><T102/><D102/><U70/><E70/><V98/><AGARI ba="1,1" hai="8,11,17,23,25,88,93,98" m="36351,29201" machi="98" ten="30,4000,0" yaku="25,1,8,1,54,1" doraHai="69,118" who="2" fromWho="2" sc="270,-11,128,-21,234,53,358,-11" /><INIT seed="2,0,0,3,5,59" ten="259,107,287,347" oya="2" hai0="36,19,39,120,99,57,71,75,119,44,74,110,12" hai1="22,61,54,23,77,46,43,72,113,25,130,35,102" hai2="93,84,30,27,17,53,116,133,56,26,10,124,80" hai3="81,98,95,86,83,29,63,107,121,49,131,37,82"/><V132/><F116/><W51/><G121/><T60/><D120/><U88/><E113/><V6/><F93/><W85/><G107/><T66/><D119/><U0/><E102/><V48/><F17/><W7/><G37/><T47/><D110/><U2/><E35/><V42/><F124/><W125/><G131/><T135/><D135/><N who="2" m="51786" /><F42/><W70/><G125/><T34/><D34/><U18/><E130/><V87/><F30/><W32/><G32/><T123/><D123/><U134/><E134/><V90/><F87/><N who="3" m="33291" /><G70/><T92/><D74/><U94/><E77/><V122/><F122/><W78/><G78/><T41/><D75/><U97/><E72/><V96/><F96/><W109/><G109/><T64/><D36/><U20/><E0/><AGARI ba="0,0" hai="0,6,10,26,27,48,53,56,80,84,90" m="51786" machi="0" ten="30,1500,0" yaku="20,1" doraHai="59" who="2" fromWho="1" sc="259,0,107,-15,287,15,347,0" /><INIT seed="2,1,0,1,5,90" ten="259,92,302,347" oya="2" hai0="68,87,110,30,118,59,42,78,73,122,66,133,27" hai1="126,10,77,107,60,88,79,89,14,102,7,24,112" hai2="36,103,131,72,44,100,28,69,120,0,9,2,57" hai3="63,92,65,41,62,108,6,134,54,93,128,56,18"/><V29/><F120/><W32/><G32/><T129/><D122/><U76/><E112/><V123/><F123/><W64/><G108/><T85/><D110/><U53/><E126/><V15/><F69/><W1/><G128/><T13/><D68/><U130/><E130/><V119/><F131/><W109/><G109/><T97/><D129/><U12/><E24/><V83/><F57/><N who="3" m="36943" /><G1/><T8/><D133/><U101/><E14/><V135/><F2/><W46/><G6/><T94/><D73/><U70/><E70/><V91/><F119/><W74/><G74/><T19/><D118/><U104/><E104/><V49/><F36/><W45/><G134/><T99/><D78/><U3/><E3/><V11/><F135/><W51/><G18/><T124/><D42/><U111/><E111/><V115/><F115/><W71/><G71/><T55/><D66/><U132/><E132/><V75/><F75/><W48/><AGARI ba="1,0" hai="41,45,46,48,51,54,56,63,65,92,93" m="36943" machi="48" ten="30,4000,0" yaku="8,1,52,2" doraHai="90" who="3" fromWho="3" sc="259,-11,92,-11,302,-21,347,43" /><INIT seed="3,0,0,2,0,129" ten="248,81,281,390" oya="3" hai0="95,98,121,116,29,71,65,14,19,5,127,79,20" hai1="89,53,13,109,112,130,66,46,101,132,22,81,4" hai2="60,119,35,28,25,86,114,62,115,61,26,131,3" hai3="128,103,126,16,30,68,41,72,99,40,55,90,73"/><W125/><G128/><T104/><D116/><U124/><E130/><V39/><F119/><W1/><G1/><T102/><D121/><U93/><E109/><V123/><F131/><W110/><G68/><T9/><D127/><N who="3" m="48649" /><G110/><T122/><D122/><U76/><E124/><V54/><F39/><W45/><G30/><T134/><D134/><U42/><E112/><V47/><F26/><W56/><G90/><T92/><D79/><U75/><E66/><V84/><F3/><W88/><G88/><T91/><D29/><U21/><E53/><V77/><F86/><W31/><G16/><T34/><D34/><U58/><E58/><V105/><F105/><N who="3" m="63743" /><G31/><T8/><D8/><U12/><E101/><V108/><F61/><N who="3" m="35999" /><G40/><T118/><D118/><U82/><E13/><V36/><F36/><AGARI ba="0,0" hai="36,41,45,72,73" m="35999,63743,48649" machi="36" ten="30,1500,0" yaku="18,1" doraHai="129" who="3" fromWho="2" sc="248,0,81,0,281,-15,390,15" owari="248,-15.2,81,-41.9,266,6.6,405,50.5" /></mjloggm>