<mjloggm ver="2.3"><GO type="225" lobby="0"/><UN n0="%E6%A1%9C%E8%8A%B1%E9%96%83%E3%80%85" n1="%72%69%6F%75%63%68%61%6E" n2="%E3%81%99%E3%81%84%E3%81%BE%E3%81%9B%E3%83%BC%E3%82%93" n3="%72%61%6B%33" dan="17,17,16,18" rate="2136.57,2149.97,2060.84,2240.64" sx="M,M,M,M"/><TAIKYOKU oya="0"/><INIT seed="0,0,0,3,2,57" ten="250,250,250,250" oya="0" hai0="75,90,49,73,5,29,96,36,9,28,99,72,42" hai1="58,43,56,14,113,70,33,35,118,61,132,114,119" hai2="34,110,63,12,3,24,68,59,6,101,128,124,85" hai3="81,38,107,121,134,115,78,15,127,117,41,122,64"/><T52/><D36/><U105/><E105/><V95/><F3/><W100/><G115/><N who="1" m="44042" /><E14/><V62/><F110/><W44/><G117/><N who="1" m="44554" /><E132/><V7/><F124/><W30/><G127/><T129/><D42/><U51/><E33/><V45/><F128/><W74/><G134/><T135/><D135/><U120/><E35/><V111/><F111/><W102/><G15/><T91/><D129/><U109/><E120/><V88/><F68/><W8/><G30/><T55/><D73/><U13/><E13/><V77/><F34/><W112/><G112/><T123/><D49/><U80/><E80/><N who="2" m="47247" /><F101/><W1/><G64/><T40/><D40/><U131/><E109/><V65/><F24/><W92/><G92/><T93/><D93/><U79/><E79/><V16/><F45/><W60/><G60/><T31/><D31/><U66/><E131/><V83/><F63/><W104/><G102/><T37/><D37/><U2/><E2/><V116/><F83/><W87/><G87/><T82/><D82/><U126/><E126/><V69/><F69/><W4/><G104/><T108/><D108/><U94/><E94/><V25/><F25/><W22/><G22/><T27/><D27/><U18/><E18/><V17/><F17/><W19/><G19/><T47/><D123/><U125/><E125/><V133/><F116/><W48/><G48/><T20/><D20/><U53/><E43/><V71/><F133/><W46/><G107/><T50/><D9/><U130/><E130/><V84/><F71/><AGARI ba="0,0" hai="51,53,56,58,61,66,70,71" m="44554,44042" machi="71" ten="30,7700,0" yaku="11,1,34,2,52,1" doraHai="57" who="1" fromWho="2" sc="250,0,250,77,250,-77,250,0" /><INIT seed="1,0,0,3,2,93" ten="250,327,173,250" oya="1" hai0="31,112,16,1,30,52,54,58,110,8,113,56,65" hai1="99,19,114,128,117,41,111,47,96,85,116,125,64" hai2="3,94,76,133,39,61,73,36,101,18,126,12,89" hai3="79,48,131,127,46,43,98,2,60,49,33,82,123"/><U135/><E114/><V102/><F3/><W107/><G127/><T22/><D110/><U27/><E125/><V103/><F126/><W24/><G131/><T130/><D130/><U17/><E128/><V21/><F133/><W10/><G123/><T15/><D65/><U74/><E74/><V29/><F29/><N who="0" m="10762" /><D1/><U32/><E32/><V20/><F20/><W122/><G122/><T7/><D113/><U104/><E64/><V55/><F73/><W106/><G33/><T105/><D105/><U69/><E69/><V38/><F76/><W45/><G24/><N who="0" m="14407" /><D112/><U40/><E104/><V53/><REACH who="2" step="1"/><F61/><REACH who="2" ten="250,327,163,250" step="2"/><W119/><G60/><T34/><D34/><U35/><E35/><V115/><F115/><W28/><G28/><T66/><D58/><U42/><E135/><V97/><AGARI ba="0,1" hai="12,18,21,36,38,39,53,55,89,94,97,101,102,103" machi="97" ten="40,8000,1" yaku="1,1,0,1,52,1,53,1" doraHai="93" doraHaiUra="11" who="2" fromWho="2" sc="250,-20,327,-40,163,90,250,-20" /><INIT seed="2,0,0,5,3,118" ten="230,287,253,230" oya="2" hai0="87,26,35,75,116,124,63,71,24,52,94,68,27" hai1="100,82,8,96,12,34,73,36,9,114,38,58,133" hai2="101,5,23,109,53,90,89,2,105,28,6,54,41" hai3="3,64,60,125,19,13,80,47,86,37,112,110,0"/><V130/><F130/><W129/><G110/><T135/><D75/><U50/><E114/><V31/><F109/><W22/><G129/><T134/><D116/><U91/><E34/><V104/><F41/><W85/><G125/><T33/><D124/><U46/><E133/><N who="0" m="50697" /><D87/><U122/><E122/><V78/><F23/><W25/><G112/><T77/><D77/><U102/><E58/><V16/><F101/><W74/><G74/><T81/><D81/><U45/><E73/><V29/><F16/><W76/><G86/><T117/><D94/><U106/><E102/><V93/><F93/><W127/><G127/><T103/><D103/><U43/><E12/><V69/><F69/><N who="0" m="26698" /><D117/><U115/><E115/><V113/><F113/><W57/><G37/><T32/><D63/><U128/><E128/><V120/><F78/><W14/><G47/><T7/><D52/><N who="2" m="20074" /><F2/><W95/><G0/><T121/><D121/><U49/><E36/><V56/><F56/><W83/><G3/><T119/><D119/><U48/><E46/><V67/><F120/><W72/><REACH who="3" step="1"/><G95/><REACH who="3" ten="230,287,253,220" step="2"/><T42/><D42/><U1/><E1/><V123/><F123/><W132/><G132/><T131/><D131/><U21/><E38/><V126/><F126/><W79/><AGARI ba="0,1" hai="13,14,19,22,25,57,60,64,72,76,79,80,83,85" machi="79" ten="20,2700,0" yaku="1,1,0,1,7,1,53,0" doraHai="118" doraHaiUra="84" who="3" fromWho="3" sc="230,-7,287,-7,253,-13,220,37" /><INIT seed="3,0,0,5,4,87" ten="223,280,240,257" oya="3" hai0="55,59,65,47,29,37,58,11,68,40,78,124,12" hai1="127,17,44,86,75,16,117,63,92,105,33,43,97" hai2="32,103,133,123,74,128,80,107,13,28,129,83,1" hai3="121,23,111,46,54,27,81,132,131,66,84,125,24"/><W22/><G121/><T94/><D124/><U91/><E33/><V126/><F1/><W115/><G115/><T3/><D3/><U113/><E113/><V114/><F114/><W122/><G122/><T25/><D78/><U73/><E127/><V134/><F126/><W18/><G125/><T31/><D68/><U135/><E135/><N who="2" m="51723" /><F13/><W88/><G132/><T60/><D94/><U82/><E117/><V41/><F41/><W21/><G131/><N who="2" m="50249" /><F28/><W51/><G111/><T35/><D31/><U7/><E7/><V69/><F69/><W93/><G66/><T119/><D119/><U101/><E63/><V120/><F32/><W112/><G112/><T5/><REACH who="0" step="1"/><D59/><REACH who="0" ten="213,280,240,257" step="2"/><U2/><E2/><V72/><F123/><W49/><G24/><T9/><D9/><U76/><E73/><N who="2" m="28267" /><F120/><W110/><G110/><T14/><D14/><U100/><E100/><V98/><AGARI ba="0,1" hai="80,83,98,103,107" m="28267,50249,51723" machi="98" ten="40,8000,1" yaku="20,1,19,1,34,2" doraHai="87" who="2" fromWho="2" sc="213,-20,280,-20,240,90,257,-40" owari="193,-30.7,260,6.0,330,43.0,217,-18.3" /></mjloggm>