<mjloggm ver="2.3"><GO type="225" lobby="0"/><UN n0="%E3%82%B2%E3%82%B9%E8%8C%82%E5%8B%9D" n1="%77%72%77%72%77%72%77%72" n2="%E3%83%B4%E3%82%A3%E3%83%AF%E3%82%B3%E3%82%B0%E3%83%8B" n3="%E3%81%8B%E3%82%8F%E3%81%A1%E3%82%83%E3%82%93%35%38" dan="16,17,16,17" rate="2132.13,2221.93,2171.19,2198.94" sx="F,M,M,M"/><TAIKYOKU oya="0"/><INIT seed="0,0,0,5,1,53" ten="250,250,250,250" oya="0" hai0="21,109,117,38,15,33,79,65,104,62,110,70,133" hai1="103,80,48,9,87,56,119,30,1,32,92,58,75" hai2="41,124,86,134,27,121,25,66,78,11,120,6,77" hai3="52,28,43,105,111,135,8,102,22,99,129,7,5"/><T90/><D90/><U69/><E119/><V54/><F134/><W61/><G135/><T3/><D3/><U100/><BYE who="0" /><E69/><V60/><F124/><W45/><G111/><T57/><D57/><N who="1" m="22123" /><E1/><V115/><F41/><W73/><G73/><T36/><D36/><U74/><E32/><V72/><F54/><W46/><G129/><T23/><D23/><U83/><E74/><V112/><F115/><W81/><G81/><N who="1" m="31306" /><E75/><V123/><F72/><W10/><G52/><T71/><D71/><U40/><E30/><V19/><F112/><W37/><G28/><T0/><D0/><U44/><E9/><V51/><F121/><W13/><G61/><T42/><D42/><U64/><E64/><V26/><F60/><W85/><G43/><T108/><D108/><U47/><E47/><V63/><F66/><W31/><G37/><T127/><D127/><U128/><E128/><V116/><F120/><W39/><G39/><T91/><D91/><AGARI ba="0,0" hai="40,44,48,87,91,92,100,103" m="31306,22123" machi="91" ten="30,7700,0" yaku="8,1,52,3" doraHai="53" who="1" fromWho="0" sc="250,-77,250,77,250,0,250,0" /><INIT seed="1,0,0,0,4,55" ten="173,327,250,250" oya="1" hai0="18,99,115,3,123,135,85,125,81,102,61,53,62" hai1="56,63,87,6,42,76,2,13,114,60,111,92,35" hai2="46,77,122,66,24,26,78,118,30,43,7,28,33" hai3="101,58,57,97,117,29,109,104,47,132,21,20,105"/><U0/><E114/><V32/><F118/><W128/><G47/><T50/><D50/><U86/><E35/><UN n0="%E3%82%B2%E3%82%B9%E8%8C%82%E5%8B%9D" /><V82/><F122/><W93/><G117/><T1/><D115/><U65/><E42/><V134/><F134/><W15/><G132/><T64/><D123/><U124/><E124/><V51/><F7/><W45/><G109/><T100/><D125/><U49/><E111/><V72/><F77/><W8/><G128/><T34/><D34/><U71/><E49/><V10/><F10/><W5/><G45/><T36/><D36/><U41/><E41/><V116/><F116/><W103/><G21/><T27/><D135/><U52/><E92/><V108/><F66/><W68/><G68/><T54/><D85/><U40/><E40/><V121/><F121/><W133/><G133/><T90/><D64/><U75/><E75/><V4/><F4/><W96/><REACH who="3" step="1"/><G93/><REACH who="3" ten="173,327,250,240" step="2"/><T112/><D112/><U113/><E113/><V48/><REACH who="2" step="1"/><F108/><REACH who="2" ten="173,327,240,240" step="2"/><W94/><G94/><T127/><D127/><U120/><E120/><V131/><F131/><W38/><G38/><AGARI ba="0,2" hai="24,26,28,30,32,33,38,43,46,48,51,72,78,82" machi="38" ten="30,3900,0" yaku="1,1,7,1,9,1,53,0" doraHai="55" doraHaiUra="91" who="2" fromWho="3" sc="173,0,327,0,240,59,240,-39" /><INIT seed="2,0,0,0,3,33" ten="173,327,299,201" oya="2" hai0="94,45,68,101,13,71,108,112,106,21,11,35,42" hai1="89,34,12,2,127,9,10,8,39,41,31,25,15" hai2="95,132,63,116,107,84,52,23,102,100,85,111,0" hai3="58,109,70,40,20,134,67,97,32,81,30,75,3"/><V14/><F116/><W77/><G20/><T27/><D108/><U60/><E127/><V98/><F132/><W131/><G58/><T65/><D112/><U66/><E2/><V119/><F119/><W6/><G109/><T104/><D94/><U37/><E89/><V133/><F133/><W129/><G97/><T26/><D26/><U113/><E113/><V55/><F111/><W36/><G134/><T130/><D130/><U79/><E79/><V24/><F14/><W103/><G103/><T90/><D90/><U92/><E92/><V17/><F0/><W50/><G50/><T123/><D123/><U86/><E86/><N who="2" m="33387" /><F107/><W87/><G87/><T62/><D71/><U93/><E93/><N who="2" m="58447" /><F63/><N who="3" m="40319" /><G30/><T4/><D101/><U28/><E28/><V69/><F69/><W122/><G122/><T43/><D35/><U99/><E99/><AGARI ba="0,0" hai="17,23,24,52,55,95,99,102" m="58447,33387" machi="99" ten="30,2900,0" yaku="8,1,54,1" doraHai="33" who="2" fromWho="1" sc="173,0,327,-29,299,29,201,0" /><INIT seed="2,1,0,3,2,90" ten="173,298,328,201" oya="2" hai0="84,100,2,27,28,5,42,17,71,98,77,102,1" hai1="93,16,88,120,23,44,111,125,31,40,4,73,9" hai2="54,51,114,21,68,64,69,14,10,37,131,83,0" hai3="119,133,82,52,45,79,128,127,117,99,3,20,106"/><V107/><F114/><W121/><G3/><T25/><D71/><U96/><E73/><V15/><F37/><W101/><G121/><T12/><D42/><U50/><E120/><V105/><F131/><W6/><G6/><T74/><D74/><U87/><E111/><V26/><F0/><W62/><G128/><T104/><D100/><U57/><E125/><V33/><F33/><W80/><G127/><T95/><D5/><U63/><E31/><V110/><F83/><W97/><G133/><T130/><D130/><U94/><E9/><V29/><F14/><W116/><G97/><T43/><D43/><U46/><E4/><V24/><F24/><W67/><G20/><T7/><D7/><U13/><E50/><V39/><F39/><W103/><G103/><T58/><D58/><U118/><E40/><V108/><F15/><W22/><G22/><T49/><D49/><U18/><E18/><V60/><F10/><W72/><G80/><N who="0" m="47119" /><D104/><U66/><E118/><V86/><F86/><W56/><REACH who="3" step="1"/><G45/><REACH who="3" ten="173,298,328,191" step="2"/><T75/><D2/><U134/><E134/><V113/><F113/><W70/><G70/><T89/><D1/><U92/><E96/><V38/><F68/><W8/><G8/><N who="0" m="6279" /><D75/><U19/><E19/><V85/><F108/><W35/><G35/><T48/><D28/><U76/><E76/><V47/><F110/><W135/><G135/><T36/><D102/><U55/><E44/><V78/><F47/><W61/><G61/><T65/><D98/><U132/><E132/><V122/><F69/><W30/><G30/><T32/><D32/><U53/><E46/><RYUUKYOKU ba="1,1" sc="173,-15,298,15,328,-15,191,15" hai1="13,16,23,53,55,57,63,66,87,88,92,93,94" hai3="52,56,62,67,72,79,82,99,101,106,116,117,119" /><INIT seed="3,2,1,3,3,101" ten="158,313,313,206" oya="3" hai0="22,26,124,18,58,39,104,112,2,50,102,86,105" hai1="65,119,16,80,125,42,91,78,5,13,77,116,99" hai2="10,11,4,51,17,79,97,83,49,106,85,115,72" hai3="113,25,47,68,46,66,100,118,8,41,73,108,114"/><W94/><G73/><T89/><D39/><U43/><E5/><V33/><F33/><W134/><G94/><T7/><D124/><U96/><E125/><V122/><F115/><W71/><G100/><T38/><D38/><U103/><E65/><V23/><F122/><W0/><G25/><T40/><D112/><U6/><E6/><V117/><F117/><N who="1" m="45129" /><E91/><V128/><F128/><W129/><G8/><T110/><D110/><U76/><E80/><V53/><F106/><W48/><G0/><T123/><D123/><U109/><E109/><V54/><F97/><N who="1" m="37449" /><E103/><V27/><F72/><W121/><G47/><T84/><D102/><U9/><AGARI ba="2,1" hai="9,13,16,42,43,76,77,78" m="37449,45129" machi="9" ten="40,2700,0" yaku="12,1,54,1" doraHai="101" who="1" fromWho="1" sc="158,-9,313,43,313,-9,206,-15" owari="149,-35.1,356,45.6,304,10.4,191,-20.9" /></mjloggm>