<mjloggm ver="2.3"><GO type="225" lobby="0"/><UN n0="%E3%80%93%E3%81%97%E3%83%BC%E3%82%89%E3%80%93" n1="%E6%9D%B1%E9%A2%A8%E3%81%AE%E3%81%8D%E3%82%83%E3%81%B7%E3%81%95%E3%82%93" n2="%E9%80%86%E9%80%A3%E5%B8%AF%E3%81%AE%E9%AC%BC" n3="%E3%82%BF%E3%83%BC%E3%83%90%E3%83%B3%E9%87%8E%E5%8F%A3" dan="16,17,16,16" rate="2097.83,2239.98,2136.39,2092.07" sx="M,M,M,M"/><TAIKYOKU oya="0"/><INIT seed="0,0,0,1,1,96" ten="250,250,250,250" oya="0" hai0="36,94,105,16,30,48,70,90,5,78,93,84,49" hai1="107,111,89,81,39,19,12,80,82,98,46,133,52" hai2="3,10,9,26,134,104,66,45,64,42,74,88,11" hai3="103,6,110,100,86,62,56,101,17,135,53,43,112"/><T119/><D105/><U28/><E28/><V21/><F74/><W47/><G112/><T114/><D114/><U99/><E39/><V63/><F134/><W91/><G135/><T68/><D119/><U102/><E133/><V120/><F104/><W132/><G132/><T67/><D36/><U22/><E111/><V79/><F120/><W25/><G110/><T85/><D30/><U75/><E75/><V54/><F79/><W51/><G6/><T117/><D5/><U32/><E32/><V126/><F126/><W61/><G25/><T1/><D1/><U13/><E13/><V2/><F2/><W106/><G17/><T4/><D4/><U40/><E40/><V118/><F3/><W129/><G129/><T92/><D117/><U23/><E23/><V71/><F66/><W76/><G76/><T87/><D78/><U113/><E113/><V59/><F118/><W27/><G27/><T123/><D123/><U109/><E109/><V14/><F88/><W24/><G24/><T0/><D0/><U125/><E125/><V97/><F97/><W127/><G127/><T20/><D90/><U38/><E38/><V116/><F116/><W69/><G69/><T7/><D7/><U65/><E65/><V73/><F73/><W41/><G106/><T31/><D31/><U60/><E98/><V77/><F77/><W83/><G62/><N who="0" m="40055" /><D70/><U131/><E131/><V72/><F72/><W8/><G8/><T108/><D108/><U128/><E128/><V18/><F71/><W37/><G37/><T50/><D20/><U29/><E107/><V121/><F121/><RYUUKYOKU ba="0,0" sc="250,15,250,-15,250,-15,250,15" hai0="16,48,49,50,84,85,87,92,93,94" hai3="41,43,47,51,53,56,61,83,86,91,100,101,103" /><INIT seed="0,1,0,1,4,21" ten="265,235,235,265" oya="0" hai0="120,134,84,4,65,18,5,46,97,56,110,88,39" hai1="33,47,106,126,16,66,132,98,45,108,85,79,92" hai2="123,125,24,9,105,41,72,67,17,38,2,48,115" hai3="87,23,68,0,119,28,20,124,8,89,102,121,104"/><T131/><D120/><U6/><E33/><V53/><F115/><W34/><G119/><T42/><D134/><U129/><E132/><V75/><F123/><W63/><G121/><T59/><D131/><U22/><E129/><V70/><F105/><W49/><G124/><T11/><D110/><U58/><E6/><V73/><F125/><W62/><G49/><N who="0" m="26839" /><D97/><U60/><E106/><V12/><F2/><W32/><G32/><T57/><D65/><U91/><E108/><V90/><F38/><W19/><G63/><T133/><D39/><U74/><E74/><V94/><F41/><W37/><G37/><T26/><D133/><U128/><E128/><V44/><F67/><N who="3" m="41079" /><G0/><T69/><D69/><U93/><E126/><V81/><F70/><W30/><G30/><T99/><D99/><U103/><REACH who="1" step="1"/><E79/><REACH who="1" ten="265,225,235,265" step="2"/><V96/><F81/><W101/><G104/><T112/><D112/><U135/><E135/><V78/><F78/><W64/><G34/><T50/><D50/><U40/><E40/><V25/><AGARI ba="1,1" hai="9,12,17,24,25,44,48,53,72,73,75,90,94,96" machi="25" ten="40,5200,0" yaku="0,1,52,2" doraHai="21" who="2" fromWho="2" sc="265,-27,225,-14,235,65,265,-14" /><INIT seed="1,0,0,2,2,96" ten="238,211,300,251" oya="1" hai0="10,42,36,2,66,89,69,104,124,17,132,45,75" hai1="67,94,99,15,30,33,35,23,78,27,84,18,68" hai2="54,87,71,117,14,100,57,86,61,83,53,111,73" hai3="20,6,48,130,125,72,40,50,5,135,43,46,1"/><U115/><E115/><V80/><F117/><W56/><G135/><T76/><D89/><U16/><E68/><V37/><F111/><W133/><G72/><T91/><D91/><U47/><E67/><V113/><F37/><W116/><G133/><T7/><D17/><U62/><E62/><V11/><F113/><W90/><G116/><T25/><D25/><U44/><E35/><V26/><F71/><W31/><G1/><T107/><D132/><U65/><E65/><V38/><F38/><W134/><G125/><T112/><D124/><U52/><E18/><V88/><F73/><W127/><G130/><T22/><D22/><U58/><E84/><V24/><F100/><W92/><G127/><T32/><D32/><U0/><E78/><N who="2" m="46359" /><F54/><N who="3" m="31815" /><G40/><T114/><D114/><U118/><E0/><V105/><F105/><W131/><G131/><T120/><D120/><U108/><E108/><V49/><F61/><W63/><G63/><N who="0" m="40159" /><D112/><U59/><E118/><V106/><F106/><W126/><G134/><T77/><D77/><U39/><E39/><V13/><F13/><W64/><G64/><T28/><D28/><U93/><E93/><V55/><F55/><W119/><G119/><T97/><D97/><U102/><REACH who="1" step="1"/><E52/><REACH who="1" ten="238,201,300,251" step="2"/><V8/><F53/><W85/><G126/><T123/><D123/><U98/><E98/><V82/><F87/><W109/><G109/><T29/><D29/><U79/><E79/><V110/><F110/><W41/><G41/><T101/><D107/><U3/><E3/><V19/><F19/><W4/><G31/><T9/><D2/><U12/><E12/><RYUUKYOKU ba="0,1" sc="238,-15,201,15,300,-15,251,15" hai1="15,16,23,27,30,33,44,47,58,59,94,99,102" hai3="4,5,6,20,43,46,50,85,90,92" /><INIT seed="1,1,1,5,4,73" ten="223,216,285,266" oya="1" hai0="72,94,49,132,80,130,16,102,56,85,66,10,127" hai1="23,98,39,20,57,60,6,131,123,111,128,31,44" hai2="119,41,51,47,3,112,96,29,63,114,113,104,32" hai3="105,53,87,89,7,61,69,75,2,83,106,77,1"/><U59/><E123/><V26/><F119/><W76/><G76/><N who="0" m="46215" /><D72/><U122/><E122/><V67/><F3/><W68/><G68/><T36/><D36/><U124/><E6/><V120/><F120/><W45/><G45/><T50/><D127/><U30/><E124/><V126/><F126/><W5/><G1/><T86/><D130/><N who="1" m="49707" /><E98/><V19/><F19/><W70/><G70/><T74/><D74/><U13/><E111/><V18/><F18/><W25/><G25/><T11/><D132/><U82/><E82/><V103/><REACH who="2" step="1"/><F113/><REACH who="2" ten="223,216,275,266" step="2"/><W71/><G2/><T24/><D16/><N who="1" m="10255" /><E23/><V97/><F97/><W101/><G5/><T93/><D11/><U48/><E39/><V17/><F17/><W78/><G7/><T121/><D10/><U54/><E57/><AGARI ba="1,2" hai="26,29,32,41,47,51,57,63,67,96,103,104,112,114" machi="57" ten="40,1300,0" yaku="1,1,53,0" doraHai="73" doraHaiUra="4" who="2" fromWho="1" sc="223,0,216,-16,275,36,266,0" /><INIT seed="2,0,0,4,0,61" ten="223,200,311,266" oya="2" hai0="67,122,16,69,6,63,131,22,111,112,129,48,41" hai1="28,5,66,123,109,126,11,88,39,43,60,21,86" hai2="127,62,85,95,75,92,2,12,65,132,34,81,53" hai3="13,89,64,47,50,125,19,80,8,7,55,3,124"/><V119/><F2/><W27/><G27/><T9/><D112/><U97/><E123/><V15/><F119/><W121/><G121/><T58/><D122/><U110/><E126/><V98/><F132/><W40/><G40/><T91/><D111/><N who="1" m="42507" /><E97/><V49/><F34/><W73/><G64/><T24/><D91/><U101/><E101/><V77/><F127/><W130/><G130/><T113/><D113/><U17/><E28/><V46/><F75/><W128/><G128/><N who="0" m="49227" /><D41/><U23/><E43/><V117/><F117/><W83/><G73/><T103/><D103/><U96/><E96/><V30/><F30/><W18/><G18/><T36/><D36/><U87/><E87/><V76/><F76/><W133/><G133/><T118/><D118/><U33/><E33/><V25/><F25/><W102/><G102/><T37/><D37/><U107/><E107/><V72/><F72/><W44/><G124/><T120/><D120/><U4/><E39/><V134/><F134/><W135/><G125/><T94/><D94/><N who="1" m="54551" /><E17/><V29/><F29/><W57/><G135/><T100/><D100/><U10/><E5/><V45/><F95/><W56/><G89/><T74/><D74/><U99/><E99/><V82/><F82/><W31/><G80/><T106/><D106/><U54/><E54/><V108/><F108/><W14/><G83/><T32/><D32/><U35/><E35/><V26/><F92/><W104/><G104/><T71/><D48/><U59/><E4/><V79/><F79/><W0/><G50/><T78/><D78/><U114/><E114/><V20/><F77/><RYUUKYOKU ba="0,0" sc="223,15,200,15,311,-15,266,-15" hai0="6,9,16,22,24,58,63,67,69,71" hai1="10,11,21,23,59,60,66" /><INIT seed="3,1,0,1,2,17" ten="238,215,296,251" oya="3" hai0="128,85,86,112,79,3,117,122,39,109,104,52,84" hai1="127,9,121,46,1,78,120,98,95,93,113,25,33" hai2="82,88,103,7,61,76,19,62,77,58,16,5,69" hai3="34,94,118,27,14,2,74,115,99,133,124,83,31"/><W89/><G118/><T4/><D39/><U53/><E113/><V21/><F103/><W59/><G115/><T38/><D38/><U60/><E78/><V48/><F69/><W8/><G124/><T135/><D104/><U102/><E127/><V45/><F88/><W66/><G133/><T80/><D112/><U110/><E110/><V50/><F58/><W90/><G2/><T125/><D117/><U63/><E95/><V134/><F134/><W18/><G74/><T100/><D125/><U54/><E46/><V119/><F119/><W116/><G116/><T130/><D100/><U87/><E87/><V51/><F45/><W123/><G123/><T24/><D135/><U75/><E75/><V42/><F42/><W105/><G105/><T20/><D122/><N who="1" m="47211" /><E9/><V64/><F64/><W132/><G132/><T10/><D109/><U43/><E43/><V41/><F41/><W32/><G83/><T67/><D67/><U70/><E1/><V36/><F36/><W65/><G89/><T55/><D80/><U106/><E93/><V37/><F37/><W71/><G71/><T29/><REACH who="0" step="1"/><D79/><REACH who="0" ten="228,215,296,251" step="2"/><U22/><E33/><V23/><F82/><W28/><G59/><T13/><D13/><U91/><E91/><V129/><F77/><W44/><REACH who="3" step="1"/><G44/><REACH who="3" ten="228,215,296,241" step="2"/><T108/><D108/><U30/><E70/><V11/><F76/><W107/><G107/><T126/><D126/><U57/><E57/><V0/><F0/><W114/><G114/><T49/><D49/><U101/><E101/><V81/><F50/><W92/><G92/><T35/><D35/><U47/><E47/><RYUUKYOKU ba="1,2" sc="228,10,215,10,296,-30,241,10" hai0="3,4,10,20,24,29,52,55,84,85,86,128,130" hai1="22,25,30,53,54,60,63,98,102,106" hai3="8,14,18,27,28,31,32,34,65,66,90,94,99" /><INIT seed="3,2,2,1,1,58" ten="238,225,266,251" oya="3" hai0="51,110,10,31,102,116,3,8,92,105,95,107,120" hai1="68,2,100,49,82,79,111,45,29,48,35,121,64" hai2="32,54,72,60,122,73,71,76,7,53,11,132,9" hai3="80,115,22,6,104,18,63,14,133,96,26,4,123"/><W67/><G123/><T62/><D120/><U21/><E35/><V41/><F32/><W87/><G115/><T44/><D116/><U57/><E68/><V75/><F122/><W77/><G133/><T98/><D110/><U99/><E2/><V128/><F132/><W5/><G104/><T15/><D31/><U130/><E121/><V42/><F76/><W118/><G118/><T0/><D107/><U17/><E29/><V125/><F125/><W83/><G83/><T85/><D10/><U39/><E39/><V56/><F71/><W38/><G38/><T135/><D135/><U93/><E130/><V55/><F128/><W40/><G96/><T12/><D12/><U112/><E112/><V84/><F84/><W108/><G40/><T117/><D62/><N who="1" m="37967" /><E111/><V19/><F19/><W27/><REACH who="3" step="1"/><G108/><REACH who="3" ten="238,225,266,241" step="2"/><T30/><D117/><U66/><E66/><V89/><F42/><W86/><G86/><T24/><D85/><N who="1" m="48351" /><E45/><V90/><F73/><W1/><G1/><T81/><D0/><U20/><E20/><V127/><F75/><W134/><G134/><T43/><D3/><U129/><E129/><V114/><F72/><W124/><G124/><T101/><D81/><U126/><E126/><V59/><F127/><W52/><G52/><T34/><REACH who="0" step="1"/><D102/><REACH who="0" ten="228,225,266,241" step="2"/><U36/><E36/><V131/><F131/><W113/><G113/><T88/><D88/><U13/><AGARI ba="2,4" hai="13,17,21,48,49,93,99,100" m="48351,37967" machi="13" ten="30,2000,0" yaku="8,1,52,1" doraHai="58" who="1" fromWho="1" sc="228,-7,225,66,266,-7,241,-12" /><INIT seed="4,0,0,0,0,28" ten="221,291,259,229" oya="0" hai0="65,94,84,97,12,100,50,102,95,36,33,21,29" hai1="73,55,110,17,24,132,47,68,122,61,93,64,134" hai2="91,129,51,96,112,99,2,120,81,105,14,101,108" hai3="115,118,80,135,46,54,103,130,40,41,104,82,31"/><T13/><D36/><U66/><E66/><V109/><F2/><W107/><G118/><T20/><D65/><U83/><E122/><V123/><F14/><N who="0" m="5738" /><D33/><U39/><E110/><N who="2" m="42603" /><F51/><W22/><G115/><T44/><D29/><U37/><E93/><N who="0" m="35337" /><D84/><U124/><E124/><V69/><F69/><W58/><G107/><T114/><D114/><U16/><E55/><V127/><F127/><W32/><G104/><T26/><D97/><U72/><E24/><V92/><F112/><W0/><G32/><T42/><D26/><U70/><E70/><V57/><F57/><W78/><G0/><T48/><D48/><U52/><E52/><V90/><F129/><W3/><G130/><T119/><D119/><U71/><E71/><V74/><F91/><W7/><G3/><T11/><D11/><U87/><E39/><V77/><AGARI ba="0,0" hai="74,77,81,90,92,96,99,101,105,120,123" m="42603" machi="77" ten="30,2000,0" yaku="34,2" doraHai="28" who="2" fromWho="2" sc="221,-10,291,-5,259,20,229,-5" /><INIT seed="5,0,0,2,5,122" ten="211,286,279,224" oya="1" hai0="115,127,47,125,18,113,69,83,44,67,5,128,39" hai1="22,93,84,45,56,13,29,64,51,6,107,134,96" hai2="104,98,65,121,86,4,20,76,129,42,26,82,111" hai3="80,116,88,110,112,114,103,90,58,124,34,135,74"/><U2/><E2/><V35/><F121/><W92/><G34/><T120/><D5/><U130/><E107/><V100/><F129/><W126/><G58/><T46/><D83/><U11/><E84/><V55/><F35/><W12/><G12/><T41/><D18/><U106/><E106/><V79/><F65/><W10/><G10/><T133/><D120/><U17/><E134/><V89/><F42/><W33/><G33/><T99/><D99/><U59/><E130/><V119/><F119/><W117/><G135/><T78/><D78/><U95/><E29/><V54/><F4/><W118/><G110/><T19/><D19/><U30/><E30/><V7/><F7/><W108/><G108/><T16/><D16/><U53/><E64/><V49/><F55/><W97/><G74/><T68/><D133/><U8/><E93/><V31/><REACH who="2" step="1"/><F111/><REACH who="2" ten="211,286,269,224" step="2"/><W28/><G28/><T81/><D128/><U52/><E6/><V37/><F37/><W3/><G3/><T61/><D81/><U23/><E8/><V132/><F132/><W27/><G80/><T60/><D69/><U123/><E123/><V109/><F109/><W32/><G32/><T66/><D66/><U62/><E45/><AGARI ba="0,1" hai="20,26,31,45,49,54,76,79,82,86,89,98,100,104" machi="45" ten="30,7700,0" yaku="1,1,7,1,53,2" doraHai="122" doraHaiUra="75" who="2" fromWho="1" sc="211,0,286,-77,269,87,224,0" owari="211,-18.9,209,-29.1,356,45.6,224,2.4" /></mjloggm>