<mjloggm ver="2.3"><GO type="225" lobby="0"/><UN n0="%6D%75%75%6D%75%72%61" n1="%E3%81%8B%E3%82%8F%E3%81%A1%E3%82%83%E3%82%93%35%38" n2="%54%4F%52" n3="%E6%80%AA%E3%81%97%E3%81%99%E3%81%8E%E3%82%8B%E3%83%81%E3%83%BC" dan="16,16,17,16" rate="2107.59,2086.99,2265.91,2076.50" sx="F,M,M,M"/><TAIKYOKU oya="0"/><INIT seed="0,0,0,3,0,92" ten="250,250,250,250" oya="0" hai0="95,91,59,131,38,128,135,45,6,75,30,80,24" hai1="23,60,125,134,79,108,72,15,98,41,9,12,2" hai2="48,76,22,34,102,13,111,129,127,33,10,0,63" hai3="85,122,25,70,88,100,118,94,84,113,106,4,61"/><T123/><D123/><U18/><E2/><V69/><F111/><W58/><G113/><T104/><D104/><U133/><E108/><V121/><F121/><W36/><G122/><T68/><D68/><U27/><E125/><V16/><F129/><W82/><G118/><T96/><D135/><N who="1" m="51723" /><E41/><V14/><F127/><W93/><G36/><T40/><D59/><U35/><E35/><V114/><F114/><W37/><G37/><T20/><REACH who="0" step="1"/><D6/><REACH who="0" ten="240,250,250,250" step="2"/><U87/><E60/><V132/><F63/><W73/><G70/><T120/><D120/><U119/><E119/><V29/><F69/><W97/><G4/><T57/><D57/><U83/><E72/><V103/><F132/><W109/><G73/><T49/><D49/><U62/><E62/><V44/><F48/><W78/><G109/><T28/><D28/><U26/><E98/><V99/><F29/><W21/><G106/><T3/><D3/><U47/><E47/><V126/><F0/><W32/><G58/><T67/><D67/><U7/><AGARI ba="0,1" hai="7,9,12,15,18,23,26,27,79,83,87" m="51723" machi="7" ten="30,1100,0" yaku="20,1" doraHai="92" who="1" fromWho="1" sc="240,-5,250,21,250,-3,250,-3" /><INIT seed="1,0,0,2,1,93" ten="235,271,247,247" oya="1" hai0="127,86,56,96,0,4,13,40,129,75,130,14,17" hai1="80,128,9,49,35,100,99,71,85,16,1,77,24" hai2="57,82,12,70,46,6,92,54,87,53,110,45,103" hai3="37,66,123,11,135,21,90,104,106,25,116,125,7"/><U18/><E71/><V119/><F70/><W64/><G123/><T122/><D75/><U105/><E128/><N who="0" m="49257" /><D122/><U88/><E49/><V5/><F119/><W62/><G37/><T31/><D127/><U36/><E36/><V2/><F2/><W38/><G38/><T107/><D40/><U131/><E131/><V132/><F110/><W78/><G125/><T28/><D86/><U50/><E50/><V101/><F132/><W43/><G135/><T68/><D68/><U76/><E35/><V81/><F92/><W115/><G115/><T91/><D56/><U113/><E113/><V84/><F12/><N who="0" m="4714" /><D17/><U47/><E47/><V63/><F57/><W67/><G43/><T114/><D91/><U109/><E109/><V95/><F95/><W27/><G78/><T15/><N who="0" m="4722" /><T39/><DORA hai="34" /><D39/><U33/><E18/><V69/><REACH who="2" step="1"/><F69/><REACH who="2" ten="235,271,237,247" step="2"/><W126/><G126/><T8/><D114/><U120/><E120/><V74/><F74/><W26/><G116/><T59/><D59/><U20/><REACH who="1" step="1"/><E33/><REACH who="1" ten="235,261,237,247" step="2"/><V111/><F111/><W22/><G7/><AGARI ba="0,2" hai="1,7,9,16,20,24,76,77,80,85,88,99,100,105" machi="7" ten="40,24000,3" yaku="1,1,2,1,52,2,54,2,53,2" doraHai="93,34" doraHaiUra="79,23" who="1" fromWho="3" sc="235,0,261,260,237,0,247,-240" /><INIT seed="1,1,0,0,0,101" ten="235,521,237,7" oya="1" hai0="118,127,134,19,100,1,9,104,45,10,132,80,57" hai1="56,43,4,39,91,50,31,40,35,92,22,135,54" hai2="89,107,5,79,75,55,3,88,63,21,67,18,24" hai3="119,51,13,110,15,29,131,48,33,41,128,53,62"/><U69/><E35/><V94/><F107/><W95/><G110/><T32/><D118/><U6/><E69/><V12/><F3/><W81/><G119/><T34/><D127/><U0/><E135/><N who="0" m="51753" /><D80/><U117/><E117/><V30/><F75/><W112/><G112/><T27/><D57/><U64/><E64/><V90/><F79/><W68/><G81/><T126/><D126/><U115/><E115/><V82/><F82/><W120/><G120/><T114/><D114/><U111/><E111/><V23/><F55/><W83/><G83/><T11/><D1/><U93/><E93/><V106/><F106/><W20/><G95/><T58/><D58/><U38/><E38/><V133/><F133/><W99/><G99/><N who="0" m="61471" /><D45/><U65/><E65/><V76/><F76/><W44/><G33/><N who="0" m="12907" /><D27/><N who="1" m="16887" /><E39/><V71/><REACH who="2" step="1"/><F5/><REACH who="2" ten="235,521,227,7" step="2"/><N who="1" m="2153" /><E0/><V8/><F8/><W17/><G29/><T59/><D59/><U102/><E56/><V77/><F77/><W36/><G68/><T121/><D121/><U122/><E122/><V84/><AGARI ba="1,1" hai="12,18,21,23,24,30,63,67,71,84,88,89,90,94" machi="84" ten="20,12000,2" yaku="1,1,0,1,7,1,54,1,53,3" doraHai="101" doraHaiUra="87" who="2" fromWho="2" sc="235,-31,521,-61,227,133,7,-31" owari="204,-19.6,460,56.0,360,16.0,-24,-52.4" /></mjloggm>