<mjloggm ver="2.3"><GO type="225" lobby="0"/><UN n0="%E3%82%BC%E3%83%AB%E3%83%80%E3%81%AE%E4%BC%9D%E8%AA%AC" n1="%E9%89%A2%E5%B7%BB%E3%82%AC%E3%83%96" n2="%E3%83%B4%E3%83%A0%EF%BC%99%E3%81%A6" n3="%E8%B1%86%59%E5%A4%AA%E9%83%8E" dan="16,16,17,16" rate="2128.86,2089.74,2217.68,2028.68" sx="M,M,M,M"/><TAIKYOKU oya="0"/><INIT seed="0,0,0,0,4,130" ten="250,250,250,250" oya="0" hai0="116,70,24,107,49,13,35,8,11,102,22,7,6" hai1="20,28,95,56,82,9,134,83,89,135,4,74,132" hai2="121,30,51,5,96,117,50,75,119,106,133,86,101" hai3="15,12,26,33,44,125,67,103,87,36,23,58,18"/><T115/><D115/><U80/><E74/><V131/><F121/><W29/><G125/><T120/><D116/><N who="2" m="44618" /><F75/><W114/><G114/><T72/><D120/><U38/><E38/><V127/><F127/><W10/><G103/><T61/><D72/><U76/><E56/><V16/><F131/><W118/><G118/><T128/><D128/><U65/><E65/><V57/><F5/><W0/><G87/><T45/><D35/><U52/><E52/><N who="2" m="31895" /><F30/><W64/><G58/><T94/><D107/><U41/><E41/><V113/><F113/><W62/><G62/><T3/><D61/><U42/><E42/><V110/><F110/><W47/><G36/><T66/><D66/><N who="3" m="25129" /><G12/><T19/><D70/><U108/><E108/><V63/><F63/><W124/><G124/><T68/><D68/><U84/><E28/><V77/><F51/><W25/><G25/><T122/><D122/><U2/><E20/><V90/><F77/><W92/><G0/><T71/><D71/><U78/><AGARI ba="0,0" hai="2,4,9,76,78,80,82,83,84,89,95,132,134,135" machi="78" ten="40,8000,1" yaku="0,1,20,1,52,3" doraHai="130" who="1" fromWho="1" sc="250,-40,250,80,250,-20,250,-20" /><INIT seed="1,0,0,0,4,52" ten="210,330,230,230" oya="1" hai0="11,89,16,29,119,130,133,105,78,7,55,71,107" hai1="65,72,23,122,127,87,112,61,8,111,31,131,92" hai2="94,99,109,62,56,15,49,82,58,110,19,90,48" hai3="14,42,79,2,46,128,26,35,50,37,103,0,10"/><U59/><E72/><V20/><F82/><W124/><G128/><T57/><D119/><U108/><E112/><V101/><F101/><W104/><G124/><T123/><D71/><U67/><E122/><V66/><REACH who="2" step="1"/><F56/><REACH who="2" ten="210,330,220,230" step="2"/><W116/><G103/><T118/><D57/><U91/><E127/><V70/><F70/><W51/><G116/><T44/><D118/><U24/><E131/><V69/><F69/><W115/><G115/><T17/><D130/><U30/><E111/><AGARI ba="0,1" hai="15,19,20,48,49,58,62,66,90,94,99,109,110,111" machi="111" ten="40,5200,0" yaku="1,1,14,1,52,1,53,0" doraHai="52" doraHaiUra="43" who="2" fromWho="1" sc="210,0,330,-52,220,62,230,0" /><INIT seed="2,0,0,5,1,96" ten="210,278,282,230" oya="2" hai0="1,9,122,112,37,52,30,129,54,99,90,75,34" hai1="77,33,4,10,125,64,29,132,116,40,3,45,60" hai2="42,83,22,27,98,97,115,111,55,106,21,91,15" hai3="70,103,84,71,128,32,28,58,108,67,81,78,53"/><V88/><F115/><W5/><G128/><T104/><D122/><U62/><E116/><V39/><F39/><W133/><G108/><T2/><D112/><U117/><E117/><V68/><F68/><W121/><G133/><T49/><D129/><U127/><E132/><V56/><F42/><W94/><G5/><T17/><D37/><U73/><E29/><V102/><F111/><W113/><G121/><T126/><D75/><U95/><E33/><V124/><F124/><N who="1" m="47689" /><E95/><N who="2" m="58687" /><F98/><N who="3" m="59863" /><G32/><T114/><D114/><U66/><E77/><V14/><F106/><W82/><G70/><T36/><D36/><N who="1" m="21639" /><E73/><V19/><F83/><N who="3" m="47223" /><G71/><T59/><D126/><U35/><E35/><V13/><F22/><W11/><G28/><T51/><D30/><U24/><E24/><V61/><AGARI ba="0,0" hai="13,14,15,19,21,27,55,56,61,88,91" m="58687" machi="61" ten="30,6000,0" yaku="8,1,52,1,54,1" doraHai="96" who="2" fromWho="2" sc="210,-20,278,-20,282,60,230,-20" /><INIT seed="2,1,0,4,3,10" ten="190,258,342,210" oya="2" hai0="22,67,76,81,68,124,36,90,14,0,44,55,95" hai1="42,19,51,122,130,126,30,107,119,70,100,45,37" hai2="133,101,72,2,74,120,109,121,87,86,65,134,98" hai3="78,79,63,57,102,108,32,33,27,99,60,52,103"/><V1/><F65/><W29/><G108/><T80/><D0/><N who="2" m="106" /><F98/><W50/><G33/><T56/><D124/><U105/><E119/><V15/><F101/><W61/><REACH who="3" step="1"/><G102/><REACH who="3" ten="190,258,342,200" step="2"/><T48/><D68/><U129/><E70/><V123/><F109/><W96/><G96/><N who="0" m="57463" /><D36/><U26/><E37/><V66/><F120/><W104/><AGARI ba="1,1" hai="27,29,32,50,52,57,60,61,63,78,79,99,103,104" machi="104" ten="30,4000,0" yaku="1,1,0,1,54,1,53,0" doraHai="10" doraHaiUra="12" who="3" fromWho="3" sc="190,-11,258,-11,342,-21,200,53" /><INIT seed="3,0,0,5,3,17" ten="179,247,321,253" oya="3" hai0="26,47,67,10,23,21,65,85,120,53,4,119,69" hai1="34,56,74,14,105,31,12,24,122,45,92,27,62" hai2="57,133,35,90,127,72,78,5,63,13,36,55,16" hai3="121,102,28,6,66,88,126,118,99,111,39,60,54"/><W86/><G39/><T18/><D119/><U58/><E105/><V7/><F35/><W97/><G118/><T3/><D120/><U116/><E122/><V32/><F32/><W113/><G113/><T108/><D108/><U52/><E74/><V117/><F117/><W40/><G40/><T29/><D69/><U76/><E76/><V124/><F36/><W109/><G6/><T115/><D115/><U0/><E0/><V44/><F133/><W46/><G28/><T20/><D85/><U82/><E82/><N who="2" m="45383" /><F90/><W81/><G121/><T128/><D128/><U25/><E45/><V11/><F44/><W135/><G126/><AGARI ba="0,0" hai="5,7,11,13,16,55,57,63,124,126,127" m="45383" machi="126" ten="30,2000,0" yaku="18,1,54,1" doraHai="17" who="2" fromWho="3" sc="179,0,247,0,321,20,253,-20" owari="179,-32.1,247,4.7,341,44.1,233,-16.7" /></mjloggm>