<mjloggm ver="2.3"><GO type="225" lobby="0"/><UN n0="%72%69%6F%75%63%68%61%6E" n1="%E3%81%9F%E3%81%93%E2%98%86%E7%84%BC%E3%81%8D" n2="%73%6C%69%63%6B%33%31%39" n3="%E5%AE%AE%E4%BF%9D%E9%B6%8F%E8%82%89" dan="16,16,17,16" rate="2183.61,2079.37,2203.37,2122.19" sx="M,M,M,M"/><TAIKYOKU oya="0"/><INIT seed="0,0,0,5,5,123" ten="250,250,250,250" oya="0" hai0="52,79,29,36,31,71,89,97,20,38,50,53,105" hai1="15,112,16,108,70,14,113,130,43,56,48,110,72" hai2="114,102,88,30,54,8,26,125,2,66,65,61,46" hai3="0,94,19,37,9,99,91,87,4,11,96,129,111"/><T78/><D71/><U93/><E70/><V10/><F114/><N who="1" m="44137" /><E72/><V27/><F125/><W86/><G37/><T45/><D53/><N who="1" m="31783" /><E43/><V121/><F102/><W104/><G129/><T23/><D36/><U59/><E130/><V81/><F121/><W34/><G34/><T12/><D38/><U92/><E59/><N who="2" m="35063" /><F46/><W28/><G28/><N who="0" m="10827" /><D105/><U47/><E14/><V115/><F2/><W25/><G104/><T132/><D132/><U63/><E63/><V100/><F100/><W131/><G131/><T39/><D39/><U64/><E64/><N who="2" m="24683" /><F115/><W32/><G0/><T41/><D41/><U75/><E75/><V7/><F30/><W67/><G67/><T40/><D40/><U73/><E47/><V134/><F134/><W124/><G124/><T44/><D45/><U35/><E35/><V1/><F1/><W6/><G32/><T128/><D128/><U55/><E55/><V80/><F80/><W69/><G69/><T82/><D82/><U18/><E73/><V122/><F122/><W83/><G83/><T68/><D68/><U77/><E77/><N who="0" m="29193" /><D12/><U60/><E60/><V119/><F81/><W126/><G126/><T62/><D62/><U33/><E33/><V109/><F10/><W21/><G11/><T101/><D101/><U95/><E15/><V120/><F120/><W22/><G22/><T90/><D90/><U84/><E84/><N who="3" m="32298" /><G9/><T103/><D103/><U117/><E117/><V13/><F119/><W116/><G116/><T135/><D135/><U24/><E24/><N who="2" m="9259" /><F88/><W127/><G127/><T58/><D44/><U74/><E74/><V5/><F5/><RYUUKYOKU ba="0,0" sc="250,10,250,10,250,10,250,-30" hai0="20,23,50,52,58,89,97" hai1="16,18,92,93,95,108,110" hai2="7,8,13,109" /><INIT seed="0,1,0,3,2,51" ten="260,260,260,220" oya="0" hai0="57,24,124,71,76,133,56,67,120,12,90,0,103" hai1="115,122,41,52,125,70,3,77,16,87,8,50,104" hai2="18,31,40,64,109,101,118,108,36,23,68,58,117" hai3="106,99,123,112,39,131,78,74,59,49,92,38,111"/><T82/><D120/><U5/><E104/><V121/><F101/><W34/><G112/><T81/><D0/><U10/><E70/><V29/><F68/><W25/><G123/><T47/><D124/><U1/><E125/><V35/><F40/><W113/><G113/><T83/><D133/><U2/><E41/><V60/><F36/><W26/><G106/><T17/><D76/><U110/><E110/><N who="2" m="42603" /><F121/><W94/><G111/><T66/><D103/><U7/><E1/><V98/><F98/><W53/><G131/><T126/><D126/><U119/><E119/><N who="2" m="45579" /><F35/><W4/><G4/><T88/><D71/><U55/><E50/><V32/><F32/><W30/><G38/><T69/><D69/><U15/><E115/><V20/><F20/><W44/><G39/><T116/><D116/><U114/><E122/><V105/><F105/><W14/><G99/><T89/><D47/><U48/><E48/><V37/><F37/><W127/><G127/><T97/><D97/><U80/><E114/><V6/><F6/><W11/><G44/><T134/><D134/><U86/><E86/><V130/><F130/><W46/><G46/><T95/><D95/><U85/><E87/><V72/><F72/><W96/><G96/><T100/><D100/><U128/><E128/><V84/><F84/><W62/><G49/><T129/><D129/><U27/><E27/><AGARI ba="1,0" hai="18,23,27,29,31,58,60,64" m="45579,42603" machi="27" ten="30,2000,0" yaku="14,1,12,1" doraHai="51" who="2" fromWho="1" sc="260,0,260,-23,260,23,220,0" /><INIT seed="1,0,0,4,3,36" ten="260,237,283,220" oya="1" hai0="19,83,78,97,73,44,121,41,1,94,39,84,100" hai1="74,9,135,126,0,89,29,64,17,6,66,88,102" hai2="125,117,113,49,68,128,50,86,14,58,33,52,10" hai3="20,105,15,129,63,30,72,131,108,130,120,99,48"/><U28/><E74/><V132/><F117/><W40/><G120/><T101/><D121/><U16/><E102/><V104/><F104/><W42/><G108/><T69/><D69/><U65/><E135/><V75/><F75/><W60/><G72/><T37/><D1/><U5/><E126/><V13/><F33/><W46/><G42/><T55/><D101/><U53/><E53/><V93/><F68/><W96/><G105/><T56/><D37/><U127/><E127/><V21/><F125/><W45/><G45/><T85/><REACH who="0" step="1"/><D19/><REACH who="0" ten="250,237,283,220" step="2"/><N who="1" m="7243" /><E0/><V47/><F132/><W23/><G15/><T110/><D110/><U57/><E9/><V59/><F13/><W109/><G109/><T3/><D3/><U32/><E32/><V26/><F10/><W124/><G124/><T77/><D77/><U38/><E38/><V61/><F14/><W27/><G20/><T54/><D54/><U87/><E89/><V122/><F122/><W79/><G79/><T116/><D116/><U35/><E35/><V22/><F22/><W92/><G96/><T25/><D25/><U11/><E11/><V24/><F21/><W95/><G92/><T80/><D80/><N who="1" m="49255" /><E5/><V111/><F111/><W81/><G81/><T134/><D134/><U76/><E6/><V34/><F34/><W4/><G4/><T91/><D91/><AGARI ba="0,1" hai="23,27,30,40,46,48,60,63,91,95,99,129,130,131" machi="91" ten="40,2600,0" yaku="19,1,52,1" doraHai="36" who="3" fromWho="0" sc="250,-26,237,0,283,0,220,36" /><INIT seed="2,0,0,3,5,133" ten="224,237,283,256" oya="2" hai0="7,94,100,51,120,105,17,88,118,67,80,92,14" hai1="132,112,90,123,9,135,30,19,125,85,122,99,18" hai2="93,38,50,4,37,16,91,109,27,129,74,48,64" hai3="98,71,77,134,52,31,124,60,8,20,104,2,79"/><V76/><F129/><W126/><G134/><N who="1" m="51242" /><E30/><V32/><F64/><W12/><G2/><T73/><D120/><N who="1" m="46123" /><E112/><V115/><F115/><W57/><G71/><T58/><D118/><U86/><E9/><V55/><F4/><W28/><G104/><T26/><D105/><U23/><E125/><N who="3" m="48234" /><G98/><N who="0" m="59463" /><D73/><U119/><E119/><V65/><F74/><W84/><G84/><N who="1" m="32362" /><E23/><V49/><F32/><W43/><G43/><T46/><D80/><U39/><E39/><V40/><F38/><W3/><G3/><T15/><D7/><U62/><E62/><V107/><F40/><W22/><G22/><N who="0" m="13647" /><D67/><U42/><E42/><V35/><F65/><W72/><G72/><T41/><D58/><U95/><AGARI ba="0,0" hai="18,19,90,95,99" m="32362,46123,51242" machi="95" ten="40,2700,0" yaku="20,1,13,1" doraHai="133" who="1" fromWho="1" sc="224,-7,237,27,283,-13,256,-7" /><INIT seed="3,0,0,5,2,48" ten="217,264,270,249" oya="3" hai0="56,11,81,85,104,89,44,38,16,54,66,126,128" hai1="122,59,92,31,110,102,7,83,95,114,0,10,123" hai2="47,30,68,19,24,106,108,53,58,124,45,32,91" hai3="130,118,107,101,76,90,65,78,15,63,1,33,116"/><W27/><G1/><T22/><D104/><U111/><E114/><V51/><F106/><W120/><G120/><T86/><D126/><U70/><E70/><V9/><F68/><N who="3" m="42047" /><G90/><N who="0" m="51503" /><D128/><U131/><E31/><V103/><F124/><W75/><G15/><N who="0" m="7295" /><D38/><U84/><E92/><V98/><F108/><W96/><G130/><T113/><D113/><U80/><E80/><V34/><F34/><W135/><G135/><T39/><D39/><U18/><E95/><V72/><F72/><W43/><G43/><T12/><D66/><U99/><E131/><V64/><F64/><W115/><G115/><T8/><D22/><U50/><E99/><V23/><F103/><W62/><G62/><N who="0" m="36119" /><D44/><U125/><E102/><V67/><F67/><W49/><G49/><T5/><D86/><U129/><E125/><V105/><F105/><W88/><G88/><AGARI ba="0,0" hai="5,8,12,88,89" m="36119,7295,51503" machi="88" ten="30,7700,0" yaku="8,1,52,1,54,2" doraHai="48" who="0" fromWho="3" sc="217,77,264,0,270,0,249,-77" /><INIT seed="4,0,0,4,3,76" ten="294,264,270,172" oya="0" hai0="106,72,128,68,24,100,57,39,67,25,41,107,95" hai1="81,23,103,14,109,82,56,12,34,117,111,96,73" hai2="115,88,10,132,83,62,32,38,50,45,84,2,42" hai3="4,1,64,51,116,5,80,30,135,0,110,127,35"/><T101/><D68/><U125/><E73/><V70/><F32/><W86/><G110/><T18/><D72/><U133/><E34/><V123/><F123/><W74/><G116/><T15/><D107/><U90/><E117/><V112/><F132/><W89/><G135/><T55/><D106/><U61/><E90/><V77/><F38/><W60/><G127/><T66/><D128/><U37/><E37/><V108/><F108/><W7/><G74/><T59/><D41/><U29/><E125/><V21/><F21/><W122/><G122/><T114/><D114/><N who="2" m="43562" /><F2/><W44/><G30/><T79/><D79/><U121/><E121/><V65/><F10/><W93/><G80/><N who="1" m="30826" /><E133/><V71/><F77/><W9/><G35/><T104/><D104/><U47/><E47/><V28/><F28/><W27/><G27/><N who="0" m="10315" /><D39/><U119/><E119/><V126/><F126/><W33/><G33/><T94/><D100/><U134/><E134/><V91/><F91/><W113/><G113/><T43/><D43/><U105/><E105/><V22/><F22/><W6/><G0/><T75/><D75/><U78/><E78/><V49/><F49/><W54/><REACH who="3" step="1"/><G6/><REACH who="3" ten="294,264,270,162" step="2"/><T20/><D18/><U19/><E29/><V92/><F83/><W46/><G46/><T130/><D130/><U17/><E111/><V85/><F85/><W52/><G52/><T63/><D55/><N who="1" m="33951" /><E109/><V31/><F31/><W87/><G87/><T102/><D15/><U129/><E129/><V8/><F8/><W48/><G48/><T98/><D20/><U16/><E14/><V118/><F118/><W97/><G97/><RYUUKYOKU ba="0,1" sc="294,-30,264,10,270,10,162,10" hai1="12,16,17,19,23,96,103" hai2="42,45,50,62,65,70,71,84,88,92" hai3="1,4,5,7,9,44,51,54,60,64,86,89,93" /><INIT seed="5,1,1,4,4,80" ten="264,274,280,172" oya="1" hai0="94,135,110,81,97,85,118,58,103,130,5,125,104" hai1="112,90,131,77,124,56,99,75,84,61,29,120,109" hai2="2,45,79,25,37,51,39,22,133,1,101,66,82" hai3="108,88,119,41,15,83,49,86,91,127,95,73,52"/><U54/><E120/><V93/><F1/><W43/><G108/><T74/><D5/><U32/><E112/><V48/><F2/><W70/><G127/><T65/><D118/><U59/><E124/><V89/><F133/><W76/><G70/><T111/><D125/><U8/><E131/><V64/><F37/><W24/><G119/><T71/><D71/><U23/><E32/><V12/><F39/><W113/><G113/><T67/><D135/><U40/><E40/><N who="3" m="15434" /><G73/><T50/><D130/><U35/><E35/><V63/><F12/><W9/><G24/><T102/><D102/><U3/><E75/><V78/><F101/><W44/><G95/><T116/><D116/><U30/><E99/><N who="2" m="57775" /><F51/><W18/><AGARI ba="1,1" hai="9,15,18,44,49,52,76,83,86,88,91" m="15434" machi="18" ten="30,7900,0" yaku="8,1,52,1,54,2" doraHai="80" who="3" fromWho="3" sc="264,-21,274,-40,280,-21,172,92" /><INIT seed="6,0,0,2,0,43" ten="243,234,259,264" oya="2" hai0="33,24,91,117,30,42,106,28,60,18,89,127,126" hai1="66,132,27,10,8,123,2,130,85,40,93,49,81" hai2="87,113,102,7,62,51,20,12,134,9,120,110,69" hai3="61,121,112,6,45,83,88,23,22,19,96,14,99"/><V111/><F120/><W65/><G121/><T13/><D106/><U31/><E123/><V72/><F72/><W68/><G112/><T75/><D75/><U63/><E2/><V32/><F32/><W109/><G109/><T104/><D104/><U122/><E130/><V3/><F113/><W107/><G107/><T29/><D117/><U80/><E132/><V54/><F102/><W21/><G6/><T101/><D101/><U4/><E4/><V129/><F129/><W92/><G83/><N who="1" m="31818" /><E122/><V125/><F87/><W78/><G78/><T64/><D42/><U15/><E85/><V119/><F119/><W38/><G99/><T25/><D29/><U135/><E135/><V95/><F95/><W128/><G128/><T86/><D86/><U39/><E39/><V105/><F105/><W56/><G68/><T76/><D76/><U34/><E34/><V100/><F100/><W108/><G108/><N who="2" m="41513" /><F134/><W11/><G38/><T118/><D118/><U57/><E15/><V115/><F115/><W50/><G22/><N who="0" m="13399" /><D13/><U47/><E93/><V26/><F3/><W67/><G65/><T37/><D30/><U133/><E133/><V17/><F69/><W1/><G1/><T0/><D37/><U90/><E90/><N who="0" m="34313" /><D0/><U44/><E27/><V59/><F125/><W41/><AGARI ba="0,0" hai="11,14,19,21,23,41,45,50,56,61,67,88,92,96" machi="41" ten="20,8000,1" yaku="0,1,7,1,8,1,52,1,54,1" doraHai="43" who="3" fromWho="3" sc="243,-20,234,-20,259,-40,264,80" owari="223,2.3,214,-28.6,219,-18.1,344,44.4" /></mjloggm>