<mjloggm ver="2.3"><GO type="225" lobby="0"/><UN n0="%E3%81%A9%E3%82%8F%E3%82%93%E3%81%94" n1="%E4%BA%95%E5%B8%AF" n2="%E3%83%97%E3%83%92" n3="%72%61%6B%33" dan="16,16,16,16" rate="2038.22,2040.59,2176.04,2046.80" sx="M,M,M,M"/><TAIKYOKU oya="0"/><INIT seed="0,0,0,2,0,80" ten="250,250,250,250" oya="0" hai0="101,18,123,79,86,64,69,41,46,94,16,23,75" hai1="103,22,34,47,77,125,73,40,131,106,56,104,117" hai2="19,109,44,60,50,1,5,74,13,55,128,108,100" hai3="62,52,85,90,111,122,113,78,6,58,61,127,24"/><T129/><D123/><U33/><E117/><V134/><F74/><W42/><G113/><T3/><D3/><U43/><E125/><V4/><F1/><W32/><G127/><T59/><D69/><U102/><E22/><V39/><F134/><W27/><G111/><N who="2" m="42569" /><F128/><W114/><G114/><T118/><D75/><U63/><E131/><V119/><F119/><W96/><G122/><T130/><D118/><U133/><E73/><V17/><F100/><W87/><G32/><T36/><D101/><U135/><E77/><V7/><F39/><W38/><G6/><N who="2" m="2665" /><F60/><W132/><G132/><T20/><D130/><U99/><E63/><V28/><F28/><W57/><G42/><T89/><D79/><U65/><E99/><V120/><F120/><W110/><G38/><T49/><D129/><U116/><E116/><V0/><F0/><W35/><G110/><T97/><D97/><U66/><REACH who="1" step="1"/><E56/><REACH who="1" ten="250,240,250,250" step="2"/><V8/><AGARI ba="0,1" hai="7,8,13,17,19,44,50,55" m="2665,42569" machi="8" ten="30,1100,0" yaku="14,1" doraHai="80" who="2" fromWho="2" sc="250,-5,240,-3,250,21,250,-3" /><INIT seed="1,0,0,3,0,21" ten="245,237,271,247" oya="1" hai0="37,71,55,50,3,52,111,75,8,4,101,128,103" hai1="1,117,54,88,25,33,86,12,125,131,6,126,28" hai2="7,94,133,83,129,30,98,23,59,110,36,93,96" hai3="106,61,44,13,73,100,31,34,10,107,64,47,29"/><U109/><E117/><V127/><F36/><W57/><G73/><T60/><D37/><U63/><E131/><V51/><F129/><W72/><G72/><T97/><D75/><U82/><E1/><V130/><F130/><W35/><G35/><T56/><D128/><U26/><E109/><V90/><F133/><W9/><G9/><T112/><D112/><U22/><E6/><V20/><F127/><N who="1" m="48649" /><E12/><V113/><F110/><W89/><G89/><T115/><D115/><U76/><E76/><V41/><F83/><W42/><G44/><T114/><D114/><U19/><E54/><V81/><F81/><W91/><G91/><T74/><D74/><U66/><E63/><V92/><F7/><W80/><G80/><T77/><D77/><U67/><AGARI ba="0,0" hai="19,22,25,26,28,33,66,67,82,86,88" m="48649" machi="67" ten="30,11700,0" yaku="18,1,52,2,54,1" doraHai="21" who="1" fromWho="1" sc="245,-39,237,117,271,-39,247,-39" /><INIT seed="1,1,0,2,5,107" ten="206,354,232,208" oya="1" hai0="92,114,81,20,57,63,58,4,104,135,10,105,119" hai1="42,30,33,40,28,123,34,99,110,31,44,35,3" hai2="7,65,128,37,121,103,32,76,111,90,13,124,14" hai3="19,56,17,134,38,74,109,102,89,36,60,93,91"/><U120/><E3/><V86/><F121/><W61/><G102/><T53/><D114/><U16/><E110/><V27/><F37/><W5/><G93/><T26/><D119/><U23/><E99/><V55/><F65/><W9/><G56/><T125/><D125/><U85/><E85/><V75/><F7/><W64/><G64/><T1/><D135/><U11/><E11/><V51/><F103/><W72/><G9/><T108/><D108/><U22/><E44/><V68/><F68/><W77/><G77/><T43/><D43/><N who="1" m="16427" /><E16/><V73/><F124/><W129/><G109/><T21/><D21/><AGARI ba="1,0" hai="21,22,23,28,30,31,33,34,35,120,123" m="16427" machi="21" ten="40,3900,0" yaku="28,2" doraHai="107" who="1" fromWho="0" sc="206,-42,354,42,232,0,208,0" /><INIT seed="1,2,0,3,5,12" ten="164,396,232,208" oya="1" hai0="118,21,110,23,4,20,97,35,109,13,41,125,7" hai1="62,135,36,108,115,66,106,27,114,22,10,100,19" hai2="67,14,98,105,61,116,134,47,34,120,11,96,102" hai3="73,131,8,71,82,88,45,29,65,90,103,132,54"/><U42/><E135/><V1/><F134/><W31/><G132/><T64/><D41/><U74/><E74/><V6/><F116/><W84/><G131/><T24/><D64/><U38/><E108/><N who="0" m="41577" /><D97/><U122/><E122/><V53/><F120/><W59/><G73/><T93/><D93/><U127/><E127/><V123/><F34/><W81/><G103/><T0/><D118/><U2/><E100/><V17/><F123/><W16/><G71/><T60/><D60/><U119/><E106/><V94/><F47/><W133/><G133/><T26/><D125/><U49/><E49/><V111/><F53/><W30/><G45/><T121/><D121/><U32/><E42/><V80/><F80/><W56/><G65/><T86/><D86/><U85/><E85/><V91/><F111/><W33/><G33/><T25/><D0/><U63/><E32/><V44/><F44/><W124/><G124/><T52/><D52/><U107/><E107/><V128/><F128/><W89/><G82/><T75/><D75/><U57/><E119/><V72/><F72/><W69/><G69/><T87/><D87/><U112/><REACH who="1" step="1"/><E62/><REACH who="1" ten="164,386,232,208" step="2"/><V37/><F37/><W58/><G81/><T113/><D35/><U18/><E18/><V78/><F78/><W117/><G117/><T43/><D43/><U79/><E79/><V40/><F40/><W99/><G84/><T130/><D130/><U76/><E76/><V50/><F50/><N who="3" m="30807" /><G99/><T83/><D83/><U95/><E95/><V70/><F61/><W92/><G92/><T5/><D113/><U68/><E68/><V28/><F70/><RYUUKYOKU ba="2,1" sc="164,10,386,10,232,-30,208,10" hai0="4,5,7,13,20,21,23,24,25,26" hai1="2,10,19,22,27,36,38,57,63,66,112,114,115" hai3="8,16,29,30,31,58,59,88,89,90" /><INIT seed="1,3,1,0,0,79" ten="174,396,202,218" oya="1" hai0="113,42,25,108,93,82,52,7,56,26,77,3,61" hai1="109,38,5,15,45,34,48,65,31,92,87,135,76" hai2="99,83,49,43,120,2,47,23,114,36,75,53,37" hai3="85,112,94,121,14,96,100,90,104,24,13,35,50"/><U110/><E38/><V4/><F120/><W17/><G121/><T21/><D113/><U78/><E65/><V131/><F114/><W60/><G112/><T32/><D108/><N who="1" m="41579" /><E135/><V18/><F131/><W129/><G129/><T125/><D125/><U123/><E123/><V22/><F99/><W1/><G1/><T126/><D126/><U39/><E39/><V106/><F106/><W111/><G111/><T33/><D42/><U62/><E62/><V88/><F37/><W30/><G17/><T41/><D41/><U132/><E31/><V115/><F18/><W133/><G133/><T40/><D40/><N who="1" m="24615" /><E34/><V105/><F105/><W81/><G50/><T128/><D128/><U124/><E124/><V84/><F75/><W11/><G11/><T44/><D32/><U72/><E72/><V10/><REACH who="2" step="1"/><F115/><REACH who="2" ten="174,396,192,218" step="2"/><W119/><G119/><T66/><D7/><U103/><E132/><V29/><F29/><W91/><G60/><T55/><D61/><U101/><E5/><V28/><F28/><W73/><G73/><T80/><D33/><U69/><E87/><AGARI ba="3,2" hai="13,14,24,30,35,81,85,87,90,91,94,96,100,104" machi="87" ten="30,2000,0" yaku="7,1,52,1" doraHai="79" who="3" fromWho="1" sc="174,0,396,-29,192,0,218,49" /><INIT seed="2,0,0,2,0,134" ten="174,367,192,267" oya="2" hai0="122,93,30,64,23,5,114,6,12,9,62,79,131" hai1="78,14,112,21,87,17,57,35,95,58,107,74,106" hai2="43,1,82,91,113,90,101,47,121,53,108,52,80" hai3="126,123,45,65,24,40,8,75,83,89,50,118,124"/><V16/><F121/><W70/><G123/><T19/><D131/><U42/><E112/><V15/><F1/><W116/><G24/><T41/><D114/><U72/><E35/><V61/><F101/><W0/><G65/><T11/><D122/><U48/><E74/><V10/><F108/><W127/><G70/><T26/><D79/><U132/><E72/><V2/><F2/><W28/><G28/><T25/><D41/><U81/><E132/><V20/><F113/><W128/><G128/><T115/><D93/><U38/><E38/><V29/><F43/><W39/><G50/><T105/><D105/><U99/><E107/><V77/><F53/><W63/><G63/><T110/><D115/><U97/><E97/><V22/><F82/><W37/><G37/><T68/><D110/><U76/><E78/><V92/><F29/><W133/><G133/><T32/><REACH who="0" step="1"/><D11/><REACH who="0" ten="164,367,192,267" step="2"/><U69/><E106/><V66/><F92/><W27/><G89/><T67/><D67/><U129/><E95/><V33/><F90/><W120/><G120/><T44/><D44/><U103/><E76/><V4/><F91/><W46/><G45/><T96/><D96/><U18/><E99/><V111/><F111/><W109/><G109/><T102/><D102/><U117/><E103/><V135/><F135/><W85/><G40/><T55/><D55/><U49/><E42/><V125/><F52/><W84/><G39/><T60/><D60/><U94/><E129/><V34/><F47/><W86/><G46/><T100/><D100/><U31/><E94/><V3/><F66/><W59/><G8/><RYUUKYOKU ba="0,1" sc="164,30,367,-10,192,-10,267,-10" hai0="5,6,9,12,19,23,25,26,30,32,62,64,68" /><INIT seed="3,1,1,1,2,97" ten="194,357,182,257" oya="3" hai0="133,10,79,83,38,73,6,90,115,48,4,85,0" hai1="5,20,91,61,51,42,44,111,30,45,71,131,31" hai2="13,95,135,7,81,64,36,58,80,123,25,87,67" hai3="77,94,57,120,118,106,39,29,127,32,107,33,109"/><W50/><G39/><T68/><D38/><U65/><E111/><V88/><F36/><W75/><G118/><T100/><D68/><U101/><E131/><V37/><F37/><W52/><G120/><T113/><D133/><U14/><E45/><V125/><F135/><W129/><G129/><T108/><D108/><U128/><E128/><V26/><F125/><W2/><G2/><T84/><D100/><U104/><E91/><V69/><F69/><W92/><G109/><T46/><D6/><U76/><E76/><V18/><F7/><W54/><G77/><T72/><D85/><U55/><E101/><V19/><F123/><W23/><G23/><T40/><D79/><U17/><E104/><V59/><F95/><W126/><G57/><N who="2" m="21513" /><F80/><W62/><G50/><T63/><REACH who="0" step="1"/><D63/><REACH who="0" ten="184,357,182,257" step="2"/><U82/><E61/><V60/><F60/><W122/><G62/><T56/><D56/><U114/><E5/><V124/><F124/><W112/><G122/><T24/><D24/><N who="2" m="9322" /><F19/><W16/><G16/><T47/><D47/><U116/><E44/><V15/><F13/><W134/><G134/><T34/><D34/><U117/><E14/><V49/><F49/><W99/><G32/><T28/><D28/><U70/><E31/><V74/><F74/><AGARI ba="1,2" hai="0,4,10,40,46,48,72,73,74,83,84,90,113,115" machi="74" ten="40,1300,0" yaku="1,1,53,0" doraHai="97" doraHaiUra="121" who="0" fromWho="2" sc="184,36,357,0,182,-16,257,0" owari="220,-18.0,357,45.7,166,-33.4,257,5.7" /></mjloggm>