<mjloggm ver="2.3"><GO type="225" lobby="0"/><UN n0="%E5%BC%93%E6%9C%A8%E3%81%AA%E3%81%8A" n1="%E3%80%93%E3%81%97%E3%83%BC%E3%82%89%E3%80%93" n2="%E5%B0%8F%E9%B3%A5%E9%81%8A%E7%B7%B4%E7%84%A1%32%31%E6%AD%B3" n3="%72%61%6B%33" dan="16,16,16,16" rate="2127.48,2090.61,2157.54,2119.56" sx="M,M,F,M"/><TAIKYOKU oya="0"/><INIT seed="0,0,0,3,0,94" ten="250,250,250,250" oya="0" hai0="2,75,120,117,80,40,47,21,42,83,33,8,13" hai1="74,51,124,39,102,55,103,1,99,115,46,0,110" hai2="15,35,104,32,114,36,112,113,64,95,131,29,11" hai3="61,67,118,82,125,101,54,96,134,4,14,63,44"/><T87/><D117/><U62/><E74/><V12/><F104/><W26/><G118/><T60/><D33/><N who="2" m="12874" /><F95/><N who="3" m="58527" /><G125/><T28/><D120/><U105/><E110/><V97/><F36/><W77/><G134/><T18/><D75/><U123/><E124/><V86/><F86/><N who="3" m="48463" /><G26/><T37/><D42/><U132/><E123/><V66/><F29/><W93/><G93/><T27/><D2/><U116/><E116/><V108/><F11/><N who="3" m="4455" /><G67/><N who="2" m="25641" /><F108/><W23/><G23/><T109/><D109/><U100/><E132/><V7/><F7/><W69/><G69/><T34/><D34/><U24/><E0/><V130/><F97/><W45/><G63/><T68/><D68/><U16/><E1/><V133/><F133/><W49/><G61/><T65/><D65/><U10/><E39/><V107/><F107/><W30/><G30/><T20/><D60/><U92/><E105/><V89/><F89/><W22/><G22/><T128/><D128/><AGARI ba="0,0" hai="12,15,112,113,114,128,130,131" m="25641,12874" machi="128" ten="40,5200,0" yaku="28,2,19,1" doraHai="94" who="2" fromWho="0" sc="250,-52,250,0,250,52,250,0" /><INIT seed="1,0,0,2,3,45" ten="198,250,302,250" oya="1" hai0="30,18,90,13,32,11,115,125,81,121,77,109,100" hai1="63,8,19,44,131,107,67,58,124,104,82,118,135" hai2="123,33,12,64,134,92,65,37,29,128,5,47,97" hai3="38,120,60,40,71,3,116,31,25,86,42,85,94"/><U74/><E118/><V49/><F123/><W14/><G3/><T105/><D115/><U89/><E124/><V84/><F37/><W95/><G120/><T4/><D121/><U23/><E131/><V108/><F134/><W15/><G38/><T2/><D109/><U96/><E135/><V26/><F108/><W112/><G60/><T111/><D111/><U83/><E74/><V73/><F84/><W101/><G101/><T7/><D125/><U53/><E8/><V59/><F59/><W126/><G25/><T70/><D70/><U24/><E107/><V43/><F73/><W78/><G31/><T98/><D90/><U20/><E104/><V80/><F80/><W28/><G28/><T91/><D91/><U62/><E23/><V17/><F5/><W10/><G10/><T41/><D41/><U122/><E122/><V51/><F128/><W88/><G126/><T36/><D36/><U50/><E63/><V93/><F93/><AGARI ba="0,0" hai="19,20,24,44,50,53,58,62,67,82,83,89,93,96" machi="93" ten="40,3900,0" yaku="8,1,52,1" doraHai="45" who="1" fromWho="2" sc="198,0,250,39,302,-39,250,0" /><INIT seed="1,1,0,4,5,75" ten="198,289,263,250" oya="1" hai0="103,84,121,73,36,26,69,90,15,52,130,43,33" hai1="2,64,27,14,60,57,20,96,32,40,62,124,0" hai2="120,7,107,135,39,95,49,91,35,45,21,102,77" hai3="122,12,129,117,41,108,110,25,92,88,63,106,85"/><U4/><E32/><V13/><F35/><W98/><G41/><T17/><D73/><U11/><E124/><V46/><F39/><W72/><G25/><T16/><D69/><U105/><E40/><V99/><F135/><W109/><G122/><T47/><D103/><U89/><E62/><V59/><F120/><W22/><G129/><T112/><D112/><U101/><REACH who="1" step="1"/><E89/><REACH who="1" ten="198,279,263,250" step="2"/><V114/><F91/><W128/><G63/><T83/><D121/><U133/><E133/><V53/><F114/><W1/><G88/><T24/><D130/><U38/><E38/><V66/><F49/><W71/><G128/><T79/><D33/><U30/><AGARI ba="1,1" hai="0,2,4,11,14,20,27,30,57,60,64,96,101,105" machi="30" ten="20,7800,0" yaku="1,1,0,1,7,1,53,1" doraHai="75" doraHaiUra="5" who="1" fromWho="1" sc="198,-27,279,91,263,-27,250,-27" /><INIT seed="1,2,0,3,1,3" ten="171,370,236,223" oya="1" hai0="0,128,5,9,4,108,75,67,20,23,7,45,8" hai1="102,111,50,88,34,46,70,52,71,117,123,26,86" hai2="24,36,95,33,13,27,39,106,83,134,76,133,74" hai3="28,32,69,135,18,35,132,110,125,91,29,97,47"/><U81/><E117/><V112/><F106/><W115/><G69/><T119/><D75/><U21/><E123/><V19/><F95/><W103/><G91/><T62/><D119/><U22/><E34/><V87/><F112/><W79/><G115/><T40/><D108/><U60/><E111/><V129/><F129/><W124/><G110/><T61/><D128/><U96/><E60/><N who="0" m="23145" /><D0/><U68/><REACH who="1" step="1"/><E26/><REACH who="1" ten="171,360,236,223" step="2"/><V63/><F27/><W16/><G32/><T80/><D67/><U77/><E77/><V1/><F24/><W56/><G79/><T54/><D40/><U107/><AGARI ba="2,1" hai="21,22,46,50,52,68,70,71,81,86,88,96,102,107" machi="107" ten="30,11700,0" yaku="1,1,0,1,54,2,53,0" doraHai="3" doraHaiUra="31" who="1" fromWho="1" sc="171,-41,360,133,236,-41,223,-41" /><INIT seed="1,3,0,1,1,115" ten="130,493,195,182" oya="1" hai0="19,124,13,35,11,82,103,102,27,39,108,57,42" hai1="77,134,91,116,69,119,4,127,32,98,73,66,14" hai2="95,94,40,109,59,80,96,90,51,72,99,16,20" hai3="34,118,30,23,93,37,38,107,65,60,86,54,87"/><U125/><E32/><V50/><F109/><W64/><G107/><T112/><D108/><U92/><E66/><V10/><F10/><W15/><G34/><T68/><D68/><U6/><E69/><V44/><F59/><W24/><G54/><T46/><D112/><U22/><E134/><V53/><F80/><W61/><G15/><T128/><D128/><U17/><E77/><V55/><F72/><W101/><G118/><N who="1" m="45098" /><E73/><V89/><REACH who="2" step="1"/><F50/><REACH who="2" ten="130,493,185,182" step="2"/><W56/><G37/><T129/><D129/><U67/><E67/><V97/><F97/><N who="3" m="59567" /><G38/><T104/><D57/><AGARI ba="3,1" hai="23,24,30,56,57,60,61,64,65,86,87" m="59567" machi="57" ten="30,2000,0" yaku="25,1,8,1" doraHai="115" who="3" fromWho="0" sc="130,-29,493,0,185,0,182,39" /><INIT seed="2,0,0,1,1,61" ten="101,493,185,221" oya="2" hai0="34,4,21,20,105,104,109,112,120,83,76,2,89" hai1="117,75,19,25,6,77,28,54,63,107,106,99,51" hai2="129,73,97,132,42,93,53,121,71,57,60,100,101" hai3="13,46,74,24,86,47,78,1,10,103,15,118,108"/><V123/><F73/><W48/><G118/><T32/><D109/><U65/><E117/><V30/><F129/><W134/><G108/><T67/><D112/><U3/><E19/><V94/><F42/><W111/><G111/><T84/><D120/><U114/><E114/><V91/><F132/><W31/><G1/><T130/><D130/><U98/><E77/><V49/><F30/><W50/><G74/><T96/><D2/><U125/><E75/><V33/><F33/><W127/><G103/><T102/><D4/><U18/><E18/><V135/><F135/><W87/><G127/><T38/><D38/><U45/><E125/><V29/><F29/><W14/><G10/><T7/><D7/><U66/><E6/><V64/><REACH who="2" step="1"/><F101/><REACH who="2" ten="101,493,175,221" step="2"/><W115/><G134/><T0/><D34/><U80/><E28/><V88/><F88/><W40/><G115/><T56/><D32/><U131/><E131/><V90/><F90/><W113/><G113/><T52/><D89/><U55/><E80/><V110/><F110/><W122/><G78/><T44/><D0/><U72/><E3/><V27/><F27/><W12/><G122/><T128/><D128/><U70/><E25/><V68/><F68/><W26/><G26/><T79/><D79/><U59/><E72/><V9/><F9/><W41/><N who="3" m="3072" /><DORA hai="116" /><W23/><AGARI ba="0,1" hai="23,24,31,40,41,46,47,48,50,86,87" m="3072" machi="23" ten="40,8000,1" yaku="4,1,0,1,9,1,8,1" doraHai="61,116" who="3" fromWho="3" sc="101,-20,493,-20,175,-40,221,90" /><INIT seed="3,0,0,1,4,6" ten="81,473,135,311" oya="3" hai0="18,110,120,127,56,94,0,72,9,130,117,107,79" hai1="22,50,112,134,76,125,89,129,80,116,114,77,40" hai2="24,82,66,16,131,123,44,51,78,64,104,30,31" hai3="93,119,3,83,85,34,2,46,32,71,109,11,81"/><W96/><G71/><T28/><D107/><U19/><E125/><V33/><F104/><W60/><G119/><T75/><D117/><U62/><E129/><V41/><F31/><W47/><G60/><T88/><D130/><U35/><E134/><V53/><F123/><W70/><G70/><T74/><D127/><U59/><E62/><V15/><F53/><W37/><G109/><T105/><D105/><U55/><E59/><V14/><F14/><W98/><G93/><T61/><D28/><U29/><E89/><V87/><F131/><W52/><G85/><T7/><D18/><U58/><E50/><V25/><F25/><W36/><G52/><T84/><D110/><U13/><E22/><AGARI ba="0,0" hai="15,16,22,24,30,33,41,44,51,64,66,78,82,87" machi="22" ten="30,2000,0" yaku="7,1,54,1" doraHai="6" who="2" fromWho="1" sc="81,0,473,-20,135,20,311,0" owari="81,-41.9,453,55.3,155,-24.5,311,11.1" /></mjloggm>