<mjloggm ver="2.3"><GO type="225" lobby="0"/><UN n0="%E5%AF%82%E5%AF%9E%E3%82%AE%E3%83%8D%E3%82%B9%E3%83%93%E3%83%BC%E3%83%AB" n1="%6D%75%75%6D%75%72%61" n2="%E5%86%B7%E5%87%8D%E3%82%AE%E3%83%A7%E3%83%BC%E3%82%B6" n3="%53%61%63%68%69%30%34" dan="16,16,16,16" rate="2115.64,2148.25,2119.94,2078.27" sx="M,F,M,M"/><TAIKYOKU oya="0"/><INIT seed="0,0,0,2,5,128" ten="250,250,250,250" oya="0" hai0="88,80,19,6,73,71,127,78,120,47,32,14,31" hai1="13,7,0,34,26,29,112,105,52,113,114,27,59" hai2="61,132,54,23,126,33,41,68,40,56,81,86,67" hai3="5,51,12,39,11,65,10,130,115,117,9,110,131"/><T24/><D127/><U74/><E105/><V90/><F33/><W93/><G39/><T36/><D120/><U99/><E74/><V69/><F126/><W17/><G115/><T87/><D71/><U84/><E0/><V104/><F104/><W49/><G117/><T22/><D6/><U111/><E111/><V25/><F132/><W133/><G110/><T46/><REACH who="0" step="1"/><D36/><REACH who="0" ten="240,250,250,250" step="2"/><U101/><E7/><V94/><F69/><W91/><G5/><T2/><D2/><U97/><E113/><V92/><F41/><W89/><G131/><T83/><AGARI ba="0,1" hai="14,19,22,24,31,32,46,47,73,78,80,83,87,88" machi="83" ten="20,7800,0" yaku="1,1,0,1,7,1,54,1,53,0" doraHai="128" doraHaiUra="134" who="0" fromWho="0" sc="240,88,250,-26,250,-26,250,-26" /><INIT seed="0,1,0,3,1,108" ten="328,224,224,224" oya="0" hai0="10,103,37,68,5,24,114,58,11,104,43,105,12" hai1="18,0,90,32,120,15,40,128,60,48,8,31,122" hai2="123,57,133,19,129,132,89,131,16,2,53,88,78" hai3="99,77,55,67,63,36,124,91,6,34,80,73,46"/><T134/><D68/><U119/><E119/><V83/><F123/><W41/><G124/><T87/><D114/><U47/><E128/><N who="2" m="49227" /><F2/><W118/><G118/><T74/><D74/><U62/><E0/><V121/><F121/><W59/><G34/><T101/><D134/><N who="2" m="51818" /><F78/><W97/><G91/><N who="2" m="34889" /><F83/><W92/><G92/><T107/><D107/><U1/><E1/><V111/><F111/><W98/><REACH who="3" step="1"/><G6/><REACH who="3" ten="328,224,224,214" step="2"/><T14/><D105/><U85/><E122/><V3/><F3/><W38/><G38/><T33/><D104/><U49/><E120/><V42/><F42/><W27/><G27/><T17/><D43/><U13/><E40/><V135/><F135/><W109/><G109/><T30/><D37/><U28/><E90/><V54/><F54/><AGARI ba="1,1" hai="36,41,46,54,55,59,63,67,73,77,80,97,98,99" machi="54" ten="40,1300,0" yaku="1,1,53,0" doraHai="108" doraHaiUra="130" who="3" fromWho="2" sc="328,0,224,0,224,-16,214,26" /><INIT seed="1,0,0,5,5,3" ten="328,224,208,240" oya="1" hai0="59,14,106,30,92,70,16,66,10,119,67,99,85" hai1="35,23,47,121,114,94,68,11,64,8,109,26,25" hai2="129,89,113,31,112,33,83,110,133,100,2,79,105" hai3="55,77,40,134,130,41,65,20,50,127,9,32,60"/><U63/><E114/><N who="2" m="44139" /><F110/><W95/><G32/><T38/><D119/><U13/><E121/><V42/><F2/><W75/><G130/><T90/><D38/><U18/><E109/><V51/><F129/><W48/><G127/><T84/><D70/><U101/><E47/><N who="2" m="26103" /><F89/><W56/><G134/><T1/><D1/><U22/><E35/><V108/><F108/><W34/><G34/><T39/><D39/><U135/><E135/><V53/><F53/><W126/><G126/><T61/><D106/><U123/><E123/><V120/><F133/><W82/><G50/><T4/><D30/><U76/><E76/><V97/><F120/><W43/><G20/><T80/><D67/><U44/><E44/><V132/><F132/><W62/><G9/><T17/><D85/><U28/><REACH who="1" step="1"/><E13/><REACH who="1" ten="328,214,208,240" step="2"/><V115/><F115/><W73/><G77/><AGARI ba="0,1" hai="4,10,14,16,17,59,61,66,77,80,84,90,92,99" machi="77" ten="30,7700,0" yaku="7,1,8,1,52,1,54,1" doraHai="3" who="0" fromWho="3" sc="328,87,214,0,208,0,240,-77" /><INIT seed="2,0,0,5,5,70" ten="415,214,208,163" oya="2" hai0="52,132,83,108,67,78,79,42,87,84,97,115,38" hai1="127,0,73,104,27,9,1,122,28,113,20,66,22" hai2="80,25,135,77,12,36,4,98,117,57,112,35,34" hai3="41,30,75,40,63,32,17,116,96,134,100,3,61"/><V133/><F112/><W93/><G116/><T58/><D115/><U91/><E104/><V81/><F117/><W121/><G3/><N who="1" m="1098" /><E73/><V46/><F57/><W49/><G121/><T95/><D108/><U24/><E91/><V94/><F12/><W39/><G75/><T31/><D132/><N who="2" m="50762" /><F4/><W120/><G134/><T85/><D31/><N who="1" m="17799" /><E66/><V105/><F25/><W101/><G120/><T103/><D67/><U107/><E107/><V54/><F105/><W13/><G101/><T124/><D124/><U119/><E119/><V26/><F26/><W8/><G32/><N who="2" m="12329" /><F77/><W71/><G30/><T92/><D78/><U33/><E113/><V89/><F54/><W110/><G71/><T65/><D65/><U19/><E122/><V6/><F6/><W56/><G110/><T11/><D52/><U14/><E127/><V123/><F123/><W7/><G7/><T47/><D58/><U44/><E44/><V55/><F55/><N who="3" m="31855" /><G40/><AGARI ba="0,0" hai="36,40,46,80,81,89,94,98" m="12329,50762" machi="40" ten="30,2900,0" yaku="20,1,52,1" doraHai="70" who="2" fromWho="3" sc="415,0,214,0,208,29,163,-29" /><INIT seed="2,1,0,0,5,131" ten="415,214,237,134" oya="2" hai0="88,119,126,135,46,26,106,95,76,133,81,23,129" hai1="2,31,116,5,57,128,28,86,112,37,132,115,14" hai2="49,43,107,48,109,84,74,55,127,122,114,8,72" hai3="78,44,17,16,105,73,102,87,0,89,6,91,125"/><V13/><F114/><N who="1" m="43561" /><E37/><V77/><F127/><W110/><G125/><T80/><D126/><U18/><E57/><V30/><F107/><W65/><G110/><T1/><D106/><U98/><E86/><V27/><F122/><W15/><G65/><T62/><D1/><U120/><E98/><V61/><F109/><W47/><G0/><T39/><D129/><U117/><E128/><V38/><F38/><W58/><G58/><T82/><D76/><U99/><E99/><V101/><F101/><W100/><G105/><T70/><D119/><N who="1" m="45643" /><E120/><V21/><F61/><W9/><G73/><T113/><D113/><U51/><E51/><V20/><F20/><W94/><G78/><T108/><D108/><U134/><E5/><N who="2" m="3215" /><F55/><W97/><G91/><T22/><D22/><N who="1" m="11607" /><E2/><V36/><F48/><W45/><REACH who="3" step="1"/><G102/><REACH who="3" ten="415,214,237,124" step="2"/><T53/><D70/><U10/><E10/><V25/><F74/><W64/><G64/><T11/><D88/><U33/><E33/><V7/><F72/><W90/><G90/><T111/><D111/><U54/><E54/><V79/><F77/><W35/><G35/><T130/><D53/><U96/><E96/><V29/><F79/><W66/><G66/><T123/><D123/><U85/><E85/><V124/><F84/><W75/><G75/><T34/><D34/><U19/><E19/><V121/><F121/><W63/><G63/><T32/><D62/><U71/><E71/><V42/><F124/><W60/><G60/><T92/><D32/><U3/><E3/><V24/><F7/><W50/><G50/><T41/><D39/><U52/><E52/><RYUUKYOKU ba="1,1" sc="415,-15,214,15,237,-15,124,15" hai1="28,31,132,134" hai3="6,9,15,16,17,44,45,47,87,89,94,97,100" /><INIT seed="3,2,1,5,3,6" ten="400,229,222,139" oya="3" hai0="86,10,125,135,96,122,65,115,87,46,50,41,108" hai1="5,68,37,45,67,76,95,63,4,92,7,27,8" hai2="15,47,72,81,20,88,102,28,14,1,9,38,116" hai3="109,74,49,48,43,31,16,117,34,21,110,25,11"/><W114/><G74/><T64/><D115/><U22/><E76/><N who="2" m="44167" /><F88/><W29/><G114/><T99/><D122/><U19/><REACH who="1" step="1"/><E8/><REACH who="1" ten="400,219,222,139" step="2"/><V131/><F116/><W121/><G117/><T39/><D108/><N who="3" m="41577" /><G121/><T83/><D39/><U132/><E132/><V127/><F9/><W80/><G11/><T91/><D125/><U93/><E93/><V36/><F38/><W77/><G43/><AGARI ba="2,2" hai="4,5,7,19,22,27,37,43,45,63,67,68,92,95" machi="43" ten="40,2600,0" yaku="1,1,53,1" doraHai="6" doraHaiUra="57" who="1" fromWho="3" sc="400,0,219,52,222,0,139,-32" owari="400,50.0,271,7.1,222,-17.8,107,-39.3" /></mjloggm>