<mjloggm ver="2.3"><GO type="225" lobby="0"/><UN n0="%E3%82%AF%E3%82%A3%E3%82%A6" n1="%E3%81%8C%E3%81%9F" n2="%E5%80%89%E6%A9%8B%EF%BC%A0%E4%BA%8B%E5%8B%99" n3="%E5%A4%8F%E9%88%B4%E9%88%B4%E5%A4%8F" dan="16,16,16,16" rate="2112.93,2082.22,2099.02,2110.17" sx="M,M,M,M"/><TAIKYOKU oya="0"/><INIT seed="0,0,0,5,0,96" ten="250,250,250,250" oya="0" hai0="64,77,79,132,122,85,31,125,73,22,101,98,120" hai1="113,41,59,14,127,87,27,13,135,30,47,43,119" hai2="130,33,53,83,106,21,34,18,63,86,112,7,6" hai3="8,110,118,26,55,68,90,111,5,16,60,123,38"/><T97/><D125/><U100/><E119/><V69/><F112/><W128/><G118/><T126/><D126/><U19/><E127/><V108/><F106/><W11/><G38/><T65/><D132/><U45/><E113/><V104/><F104/><W25/><G128/><T4/><D4/><U67/><E135/><V50/><F108/><N who="3" m="41515" /><G123/><T116/><D85/><U80/><E100/><V84/><F130/><W115/><G115/><T61/><D116/><U2/><E2/><V28/><F28/><W95/><G16/><T52/><D52/><U99/><E99/><V42/><F42/><W39/><G39/><T66/><D61/><U109/><E109/><V93/><F63/><W10/><G5/><T133/><D133/><U17/><E67/><V23/><F69/><W72/><G72/><T81/><D79/><U51/><E59/><N who="2" m="33207" /><F34/><W35/><G35/><T29/><D22/><U12/><E30/><V107/><F107/><W121/><G121/><T78/><D81/><U20/><E27/><N who="2" m="14775" /><F33/><W0/><G0/><T94/><D94/><U74/><E74/><V32/><F32/><W54/><G54/><T3/><D66/><U1/><E1/><V71/><F71/><W44/><G68/><T15/><D3/><U49/><E20/><V129/><F129/><W92/><G92/><T102/><REACH who="0" step="1"/><D15/><REACH who="0" ten="240,250,250,250" step="2"/><U131/><E131/><V124/><F124/><W89/><G60/><T134/><D134/><U82/><E82/><V46/><F23/><W36/><G55/><T40/><D40/><U105/><E105/><V114/><F114/><W91/><G95/><T24/><D24/><RYUUKYOKU ba="0,1" sc="240,10,250,10,250,-30,250,10" hai0="29,31,64,65,73,77,78,97,98,101,102,120,122" hai1="12,13,14,17,19,41,43,45,47,49,51,80,87" hai3="8,10,11,25,26,36,44,89,90,91" /><INIT seed="0,1,1,1,5,64" ten="250,260,220,260" oya="0" hai0="4,114,24,25,16,8,79,18,7,10,51,81,110" hai1="44,43,27,68,31,80,115,55,26,30,130,66,41" hai2="39,88,14,82,91,57,102,127,111,67,124,120,73" hai3="78,48,134,60,19,52,113,74,96,15,72,62,71"/><T103/><D114/><U61/><E130/><V33/><F120/><W132/><G113/><T84/><D110/><U90/><E115/><V28/><F39/><W122/><G122/><T92/><D51/><U23/><E55/><V17/><F111/><W58/><G96/><T47/><D47/><U70/><E90/><N who="2" m="34347" /><F102/><W97/><G97/><N who="0" m="59815" /><D10/><U35/><E80/><V5/><F5/><N who="0" m="2122" /><D8/><U21/><E35/><V0/><F0/><W118/><G118/><T65/><D65/><U34/><E34/><V105/><F105/><W40/><G62/><T89/><D89/><U123/><E123/><V128/><F128/><W129/><G129/><T53/><D53/><U116/><E116/><V37/><F37/><W46/><G71/><T2/><D2/><U107/><E107/><V9/><F33/><W86/><G74/><T95/><D95/><U3/><E3/><V76/><F28/><W131/><G72/><T20/><D25/><U38/><E43/><V56/><F67/><W101/><G101/><T69/><D69/><AGARI ba="1,1" hai="21,23,26,27,30,31,38,41,44,61,66,68,69,70" machi="69" ten="30,8000,1" yaku="7,1,9,1,52,3" doraHai="64" who="1" fromWho="0" sc="250,-83,260,93,220,0,260,0" /><INIT seed="1,0,0,1,2,23" ten="167,353,220,260" oya="1" hai0="127,100,89,18,101,13,108,34,117,96,57,45,15" hai1="78,131,59,118,44,48,28,97,5,56,40,88,49" hai2="51,67,98,39,95,1,43,132,7,129,29,61,80" hai3="83,90,63,25,17,114,10,54,14,103,105,38,123"/><U30/><E118/><V121/><F121/><W76/><G123/><T91/><D108/><U82/><E131/><V8/><F129/><W42/><G114/><T9/><D117/><U3/><E3/><V72/><F132/><W87/><G105/><T62/><D127/><U37/><E5/><V24/><F51/><W119/><G103/><T0/><D34/><U109/><E109/><V41/><F72/><W50/><G119/><T77/><D77/><U22/><E48/><V2/><F80/><W46/><G63/><T133/><D133/><U134/><E134/><V19/><F19/><W122/><G122/><T110/><D110/><U35/><E35/><V27/><F1/><W99/><G25/><T92/><D0/><U32/><E32/><V21/><F39/><W79/><REACH who="3" step="1"/><G99/><REACH who="3" ten="167,353,220,250" step="2"/><N who="0" m="59495" /><D45/><AGARI ba="0,1" hai="10,14,17,38,42,45,46,50,54,76,79,83,87,90" machi="45" ten="30,7700,0" yaku="1,1,7,1,25,2,53,0" doraHai="23" doraHaiUra="33" who="3" fromWho="0" sc="167,-77,353,0,220,0,250,87" /><INIT seed="2,0,0,0,2,14" ten="90,353,220,337" oya="2" hai0="51,98,73,0,35,13,110,5,80,65,91,2,120" hai1="15,45,135,78,122,32,107,115,55,61,88,126,23" hai2="89,40,52,81,8,94,130,41,96,12,85,21,123" hai3="54,43,24,25,19,69,50,68,77,124,36,103,133"/><V132/><F123/><W119/><G119/><T82/><D91/><U90/><E115/><V111/><F130/><W131/><G131/><T121/><D51/><U9/><E32/><V67/><F132/><W79/><G103/><T102/><D98/><U11/><E107/><V4/><F111/><W76/><G133/><T75/><D13/><U62/><E135/><V125/><F125/><W87/><G124/><T34/><D5/><U70/><E126/><V38/><F67/><W1/><G1/><T100/><REACH who="0" step="1"/><D110/><REACH who="0" ten="80,353,220,337" step="2"/><U10/><E15/><V74/><F4/><W49/><G50/><T112/><D112/><U116/><E90/><V84/><F12/><W30/><G49/><T108/><D108/><U71/><E88/><V31/><F89/><W101/><G77/><T47/><D47/><U105/><E45/><V134/><F134/><W26/><G79/><T3/><D3/><U72/><E78/><V58/><F96/><W20/><G76/><T104/><D104/><U29/><E105/><V83/><F81/><W117/><G101/><T106/><D106/><U53/><E62/><V42/><F83/><W39/><G25/><T18/><D18/><U33/><E61/><V17/><F17/><W64/><G24/><T97/><D97/><U109/><E109/><V44/><F44/><W28/><G19/><T92/><D92/><U114/><E114/><V7/><F94/><W22/><G26/><T63/><D63/><U118/><E29/><V66/><F7/><W56/><G28/><T46/><D46/><U127/><E127/><V95/><F31/><W48/><G30/><RYUUKYOKU ba="0,1" sc="80,30,353,-10,220,-10,337,-10" hai0="0,2,34,35,65,73,75,80,82,100,102,120,121" /><INIT seed="3,1,1,5,4,46" ten="110,343,210,327" oya="3" hai0="134,131,70,8,25,83,105,106,112,48,24,41,122" hai1="60,118,55,75,23,125,97,51,33,27,29,64,34" hai2="67,96,68,74,17,62,84,121,89,3,6,20,132" hai3="92,116,109,28,14,69,120,4,11,85,113,88,45"/><W19/><G116/><T71/><D122/><U91/><E75/><V52/><F74/><W35/><G120/><T78/><D41/><U43/><E118/><V22/><F121/><W93/><G113/><T16/><D83/><U63/><E43/><V58/><F132/><W49/><G69/><N who="0" m="26123" /><D8/><U12/><E125/><V101/><F3/><W81/><G109/><T57/><D57/><U119/><E119/><V94/><F6/><W61/><G61/><T0/><D0/><U86/><E97/><V47/><F68/><W42/><G35/><T56/><D56/><U117/><E117/><V108/><F108/><W38/><G28/><T79/><D134/><U7/><E64/><V104/><F17/><W26/><G38/><T15/><D15/><U10/><E34/><V40/><F67/><W76/><G76/><N who="0" m="29227" /><D131/><U123/><E33/><V107/><F107/><N who="0" m="40970" /><D112/><U130/><E130/><V5/><F104/><W95/><G26/><N who="0" m="10347" /><D48/><U133/><E133/><V98/><F5/><AGARI ba="1,1" hai="4,5,11,14,19,42,45,49,81,85,88,92,93,95" machi="5" ten="40,7700,0" yaku="8,1,52,1,54,1" doraHai="46" who="3" fromWho="2" sc="110,0,343,0,210,-80,327,90" owari="110,-39.0,343,14.3,130,-27.0,417,51.7" /></mjloggm>