<mjloggm ver="2.3"><GO type="225" lobby="0"/><UN n0="%E9%BB%99%E8%81%B4%E3%81%AE%E3%81%99%E3%82%9D%E3%82%81" n1="%E4%BF%BA%E3%81%A8%E5%A6%96%E5%A4%A2" n2="%72%65%6E%6B%75%6E" n3="%E3%83%B4%E3%83%A0%EF%BC%99%E3%81%A6" dan="16,16,17,16" rate="2116.51,2128.22,2238.60,2121.69" sx="M,F,M,M"/><TAIKYOKU oya="0"/><INIT seed="0,0,0,0,3,114" ten="250,250,250,250" oya="0" hai0="56,104,61,76,17,9,79,45,1,93,96,21,23" hai1="60,29,75,33,5,11,10,86,135,2,73,112,122" hai2="95,30,126,67,46,116,90,3,36,34,106,40,110" hai3="64,108,35,26,58,43,100,54,71,18,32,128,107"/><T133/><D104/><U72/><E122/><V14/><F106/><W19/><G108/><T66/><D133/><U99/><E112/><V89/><F3/><W113/><G113/><T42/><D9/><U37/><E135/><V63/><F110/><W81/><G43/><T44/><D1/><U125/><E37/><V28/><F126/><W115/><G115/><T69/><D69/><U47/><E125/><V77/><F77/><W120/><G81/><T87/><D23/><U82/><E47/><V127/><F127/><W55/><G128/><T70/><D70/><U39/><E39/><V130/><F130/><W20/><G18/><T105/><D105/><U52/><E99/><V121/><F121/><W101/><G120/><T24/><D87/><U131/><E131/><V132/><F132/><W68/><G68/><T83/><D83/><U51/><E11/><V123/><F123/><W48/><G100/><T102/><REACH who="0" step="1"/><D45/><REACH who="0" ten="240,250,250,250" step="2"/><U38/><E86/><V65/><F46/><W78/><G71/><T53/><D53/><U49/><E82/><V25/><F65/><W4/><G64/><T62/><D62/><U118/><E60/><V119/><F63/><W134/><G54/><T15/><D15/><U111/><E52/><V41/><F67/><W16/><G134/><T124/><D124/><U74/><E74/><V13/><F95/><W22/><G107/><T31/><D31/><U84/><E29/><V80/><F80/><W94/><G55/><T8/><D8/><U97/><E2/><V88/><F30/><W7/><G94/><T103/><D103/><U59/><E73/><RYUUKYOKU ba="0,1" sc="240,30,250,-10,250,-10,250,-10" hai0="17,21,24,42,44,56,61,66,76,79,93,96,102" /><INIT seed="0,1,1,1,5,99" ten="270,240,240,240" oya="0" hai0="59,92,65,11,56,25,16,61,118,55,135,79,43" hai1="90,14,68,35,57,22,69,60,66,101,83,17,116" hai2="37,129,67,13,85,10,105,86,78,58,54,1,122" hai3="62,103,106,87,132,125,115,70,126,52,4,81,29"/><T80/><D135/><U121/><E116/><V51/><F122/><W32/><G115/><T53/><D118/><U23/><E121/><V19/><F129/><W0/><G132/><T72/><D43/><U128/><E35/><V64/><F37/><W73/><G73/><T75/><D92/><U6/><E128/><V91/><F105/><W41/><G41/><T88/><D88/><U38/><E38/><V117/><F1/><W27/><G4/><T131/><D131/><U77/><E90/><V97/><F117/><W30/><G30/><T9/><D72/><U95/><E6/><V42/><F42/><W33/><G33/><T46/><D46/><U26/><E83/><N who="2" m="47351" /><F97/><N who="3" m="61807" /><G52/><T71/><D71/><U50/><E50/><V15/><F13/><W45/><G45/><T112/><D112/><U12/><E77/><V89/><F89/><N who="3" m="51439" /><G0/><T130/><D130/><U63/><E63/><V94/><AGARI ba="1,1" hai="10,15,19,51,54,58,64,67,86,91,94" m="47351" machi="94" ten="30,1100,0" yaku="8,1" doraHai="99" who="2" fromWho="2" sc="270,-6,240,-4,240,24,240,-4" /><INIT seed="1,0,0,0,0,121" ten="264,236,264,236" oya="1" hai0="80,56,61,4,131,107,18,43,128,110,108,105,83" hai1="123,0,133,85,103,90,28,66,12,79,67,64,86" hai2="47,74,13,51,112,65,62,25,101,71,31,84,57" hai3="109,58,99,82,92,11,134,55,69,1,20,135,49"/><U32/><E123/><V93/><F74/><W27/><G69/><T6/><D18/><U23/><E0/><V81/><F112/><W91/><G1/><T26/><D26/><U70/><E133/><N who="3" m="50698" /><G11/><T41/><D56/><U60/><E32/><V114/><F114/><W30/><G82/><T115/><D61/><U77/><E103/><V118/><F118/><W87/><G99/><T100/><D100/><U37/><E37/><V36/><F36/><W44/><G44/><T16/><D16/><N who="1" m="10631" /><E70/><V125/><F125/><W46/><G46/><T102/><D102/><U45/><E60/><V129/><F13/><W53/><G53/><T78/><REACH who="0" step="1"/><D115/><REACH who="0" ten="254,236,264,236" step="2"/><U35/><E35/><V97/><F25/><W9/><G9/><T42/><D42/><U68/><E68/><V127/><F71/><W111/><AGARI ba="0,1" hai="20,27,30,49,55,58,87,91,92,109,111" m="50698" machi="111" ten="30,4000,0" yaku="20,1,52,2" doraHai="121" who="3" fromWho="3" sc="254,-10,236,-20,264,-10,236,50" /><INIT seed="2,0,0,1,3,115" ten="244,216,254,286" oya="2" hai0="35,44,82,58,1,16,83,128,53,14,92,109,81" hai1="93,101,33,56,17,106,70,8,89,111,127,98,34" hai2="80,55,12,32,49,57,107,113,59,66,110,99,41" hai3="4,94,86,13,63,91,71,122,64,104,69,114,135"/><V25/><F113/><W50/><G114/><T132/><D1/><U30/><E70/><V42/><F110/><W116/><G122/><T65/><D35/><U119/><E111/><V23/><F32/><W31/><G104/><T126/><D109/><U28/><E127/><V130/><F130/><W60/><G135/><T96/><D128/><U76/><E76/><V10/><F80/><W68/><G116/><T129/><D129/><U9/><E119/><V51/><F107/><W52/><G31/><T88/><D126/><U62/><E34/><V48/><F99/><W117/><G117/><T40/><D65/><U45/><E45/><V38/><F66/><W67/><G68/><T24/><D24/><U84/><E33/><V74/><F74/><W77/><G77/><T27/><D27/><U123/><E123/><V21/><F38/><W102/><G102/><T7/><D7/><U118/><E118/><V37/><F37/><W54/><G50/><N who="2" m="19561" /><F59/><W90/><G90/><T61/><D132/><U26/><E26/><V6/><F23/><W95/><G95/><T3/><D3/><U78/><E78/><V20/><F21/><W121/><G121/><T87/><D44/><U134/><E134/><V5/><F6/><W125/><G125/><T22/><D40/><U105/><E106/><V2/><F2/><W79/><G79/><AGARI ba="0,0" hai="14,16,22,53,58,61,79,81,82,83,87,88,92,96" machi="79" ten="30,7700,0" yaku="7,1,8,1,54,2" doraHai="115" who="0" fromWho="3" sc="244,77,216,0,254,0,286,-77" /><INIT seed="3,0,0,2,4,66" ten="321,216,254,209" oya="3" hai0="87,135,83,92,47,72,102,106,59,19,15,134,111" hai1="16,61,62,48,109,115,50,97,96,127,103,77,8" hai2="54,91,75,3,11,40,126,119,121,1,63,104,55" hai3="0,95,123,93,85,99,101,76,78,39,23,130,108"/><W131/><G0/><T34/><D34/><U81/><E115/><V18/><F119/><W58/><G39/><T68/><D68/><U21/><E109/><V71/><F104/><N who="3" m="63551" /><G58/><T118/><D118/><U17/><E127/><V64/><F75/><W28/><G23/><T46/><D72/><U94/><E96/><V12/><F126/><W57/><G57/><T117/><D106/><U107/><E107/><V26/><F121/><W82/><G28/><T116/><D116/><U43/><E8/><V41/><F26/><W13/><G13/><T84/><D117/><U125/><E125/><V120/><F120/><W44/><G44/><T89/><D111/><U65/><E43/><V9/><F1/><W105/><G108/><T49/><D135/><U128/><E128/><N who="3" m="49194" /><G123/><T73/><D73/><U2/><E2/><V32/><F32/><W25/><G25/><T80/><D134/><U124/><E124/><V37/><F37/><W45/><G45/><T42/><D59/><N who="1" m="37055" /><E62/><V35/><F35/><W98/><G78/><T129/><D129/><U113/><E113/><V29/><F29/><W70/><G70/><T67/><D47/><U114/><E114/><V69/><F69/><W79/><G76/><T22/><D67/><U88/><E77/><V33/><F33/><W30/><G30/><T53/><D42/><U74/><E74/><V112/><F112/><W52/><G52/><N who="2" m="20009" /><F41/><W110/><G110/><T20/><D20/><U6/><E6/><N who="2" m="1247" /><F40/><W90/><G105/><T4/><D4/><U14/><E17/><V122/><F122/><W56/><G56/><T27/><D19/><RYUUKYOKU ba="0,0" sc="321,-30,216,10,254,10,209,10" hai1="14,16,21,48,50,81,88,94,97,103" hai2="11,12,18,63,64,71,91" hai3="79,82,85,90,93,95,98" /><INIT seed="3,1,0,0,3,87" ten="291,226,264,219" oya="3" hai0="40,32,16,64,3,54,15,77,30,2,57,96,62" hai1="42,135,117,58,24,129,134,95,27,31,28,126,59" hai2="93,78,119,81,89,35,17,106,86,6,105,11,88" hai3="41,48,104,61,49,20,108,69,115,68,111,5,25"/><W67/><G115/><T109/><D109/><N who="3" m="42057" /><G104/><T29/><D40/><U133/><E42/><V60/><F35/><W4/><G68/><T75/><D75/><U46/><E46/><V97/><F119/><W9/><G41/><T36/><D36/><U84/><E117/><V123/><F123/><W131/><G131/><T128/><D128/><U116/><E116/><V121/><F121/><W74/><G74/><T53/><D77/><U83/><E95/><V113/><F113/><W12/><G4/><T13/><D2/><U73/><E73/><V43/><F43/><W50/><G50/><T114/><D3/><U55/><E129/><V33/><F33/><W72/><G72/><T7/><D114/><U125/><E84/><V118/><F118/><W14/><G14/><T101/><D7/><U18/><E83/><V85/><F60/><W51/><G51/><T127/><D127/><N who="1" m="48651" /><E18/><AGARI ba="1,0" hai="5,9,12,18,20,25,48,49,61,67,69" m="42057" machi="18" ten="30,2900,0" yaku="14,1,10,1" doraHai="87" who="3" fromWho="1" sc="291,0,226,-32,264,0,219,32" /><INIT seed="3,2,0,0,4,25" ten="291,194,264,251" oya="3" hai0="77,4,88,0,11,53,83,48,72,66,46,41,82" hai1="111,44,64,114,52,73,42,87,132,80,78,108,68" hai2="70,133,49,59,28,30,134,18,16,112,130,115,107" hai3="37,71,63,3,105,101,121,54,86,19,13,57,14"/><W24/><G3/><T45/><D66/><U31/><E114/><N who="2" m="43563" /><F70/><W38/><G121/><T34/><D34/><U120/><E120/><V1/><F1/><W125/><G125/><T109/><D109/><N who="1" m="42059" /><E132/><N who="2" m="50795" /><F107/><W79/><G71/><T89/><D83/><U65/><E68/><V98/><F98/><W96/><G24/><T60/><D60/><U67/><E52/><N who="2" m="32143" /><F130/><W84/><G13/><T62/><D62/><U8/><E8/><V74/><F74/><W39/><REACH who="3" step="1"/><G79/><REACH who="3" ten="291,194,264,241" step="2"/><T127/><D127/><U58/><E31/><AGARI ba="2,1" hai="16,18,28,30,31" m="32143,50795,43563" machi="31" ten="30,12000,2" yaku="20,1,52,3,54,2" doraHai="25" who="2" fromWho="1" sc="291,0,194,-126,264,136,241,0" owari="291,9.1,68,-43.2,400,50.0,241,-15.9" /></mjloggm>