<mjloggm ver="2.3"><GO type="225" lobby="0"/><UN n0="%E5%A4%96%E5%B7%9D%E7%AB%9C%E6%88%90" n1="%E3%81%86%E3%83%BC%E3%81%B1%E3%83%BC" n2="%E7%B4%94%E6%BD%94%E3%83%94%E3%83%A9%E3%83%8B%E3%82%A2" n3="%E6%97%A5%E6%9B%9C%E6%97%A5%E3%82%88%E3%82%8A%E3%81%AE%E4%BD%BF%E8%80%85" dan="16,16,18,18" rate="2215.77,2134.44,2295.77,2172.49" sx="M,F,M,M"/><TAIKYOKU oya="0"/><INIT seed="0,0,0,4,3,122" ten="250,250,250,250" oya="0" hai0="0,73,94,85,4,64,66,42,96,86,118,32,77" hai1="65,130,103,33,135,9,31,68,12,89,80,76,53" hai2="88,102,107,71,113,51,99,95,10,116,59,105,60" hai3="124,23,92,24,14,106,134,16,20,75,101,90,29"/><T93/><D118/><U44/><E135/><V132/><F113/><W8/><G134/><T97/><D32/><U21/><E130/><V2/><F116/><W41/><G124/><T108/><D73/><U74/><E33/><V25/><F132/><W100/><G75/><T133/><D133/><U38/><E103/><V84/><F25/><W126/><G126/><T18/><D42/><U48/><E38/><V72/><F72/><W62/><G106/><T26/><D4/><U123/><E123/><V36/><F36/><W109/><G109/><T120/><D0/><U3/><E89/><V104/><F71/><W117/><G117/><T5/><D5/><U58/><E68/><V114/><F114/><W30/><G41/><T46/><D46/><U131/><E131/><V87/><F51/><W69/><G69/><T110/><D120/><U55/><E65/><V91/><F10/><W79/><G79/><T49/><D49/><U11/><E3/><V39/><F2/><W15/><G62/><T35/><D18/><U37/><E37/><V81/><REACH who="2" step="1"/><F39/><REACH who="2" ten="250,250,240,250" step="2"/><W22/><G24/><T129/><D26/><N who="1" m="16847" /><E12/><V98/><F98/><N who="3" m="57623" /><G15/><T67/><D129/><U115/><E115/><V57/><F57/><W17/><G17/><T56/><D56/><U19/><E19/><V52/><AGARI ba="0,1" hai="52,59,60,81,84,87,88,91,95,99,102,104,105,107" machi="52" ten="20,12000,2" yaku="1,1,0,1,7,1,54,2,53,1" doraHai="122" doraHaiUra="54" who="2" fromWho="2" sc="250,-60,250,-30,240,130,250,-30" /><INIT seed="1,0,0,1,5,105" ten="190,220,370,220" oya="1" hai0="40,31,47,6,64,20,62,74,49,108,111,56,60" hai1="128,35,41,98,65,101,113,109,126,46,93,36,127" hai2="82,123,118,95,39,11,9,25,119,21,12,84,81" hai3="63,7,125,72,79,120,23,133,92,124,130,90,27"/><U29/><E128/><V8/><F39/><W30/><G120/><T16/><D31/><U99/><E113/><V76/><F123/><W10/><G130/><T51/><D6/><U48/><E109/><N who="0" m="42057" /><D62/><U112/><E112/><V50/><F95/><W100/><G100/><T114/><D114/><U132/><E132/><V80/><F12/><W102/><G102/><T117/><D117/><U24/><E98/><V1/><F1/><W37/><G37/><T17/><D49/><U97/><E99/><V28/><F118/><W116/><G116/><T59/><D59/><U131/><E131/><V78/><F119/><W57/><G133/><T106/><D106/><U91/><E65/><V134/><F134/><W129/><G129/><T43/><D43/><U85/><REACH who="1" step="1"/><E36/><REACH who="1" ten="190,210,370,220" step="2"/><V68/><F68/><W4/><G125/><T15/><D17/><U75/><E75/><AGARI ba="0,1" hai="15,16,20,40,47,51,56,60,64,74,75" m="42057" machi="75" ten="30,7700,0" yaku="14,1,52,2,54,1" doraHai="105" who="0" fromWho="1" sc="190,87,210,-77,370,0,220,0" /><INIT seed="2,0,0,1,1,105" ten="277,133,370,220" oya="2" hai0="51,38,81,41,129,98,23,71,2,8,26,54,73" hai1="116,97,91,112,131,117,56,6,21,32,9,109,31" hai2="16,132,122,135,60,49,69,83,88,58,111,119,108" hai3="134,40,82,17,78,70,93,50,42,133,44,34,53"/><V126/><F119/><W121/><G121/><T52/><D71/><U99/><E112/><V72/><F122/><W68/><G34/><T55/><D98/><U37/><E37/><V13/><F69/><N who="3" m="26731" /><G93/><T127/><D129/><U10/><E32/><V118/><F49/><W11/><G11/><T0/><D127/><U110/><E56/><V76/><F126/><W79/><G17/><T130/><D130/><U102/><E91/><V100/><F88/><W85/><G79/><N who="0" m="44271" /><D51/><U59/><E59/><V94/><F94/><W115/><G115/><T45/><D0/><U28/><E21/><N who="2" m="11407" /><F100/><W46/><G46/><T92/><D92/><U43/><E131/><V29/><F29/><W57/><G44/><T1/><D1/><U12/><E12/><V87/><F87/><W103/><G103/><T90/><D90/><U84/><E84/><V33/><F33/><W62/><G50/><T14/><D14/><U74/><E43/><V30/><F30/><W48/><G48/><T89/><D89/><U63/><E63/><V20/><F20/><W64/><G64/><T47/><D47/><U19/><E19/><V106/><F106/><W27/><G27/><T61/><D61/><U22/><E22/><V7/><F7/><W101/><G101/><T125/><D125/><U66/><E102/><V35/><F35/><W36/><G36/><T104/><D104/><U80/><E66/><N who="2" m="39191" /><F118/><W77/><G77/><T24/><D23/><U18/><E18/><V96/><F96/><W124/><G124/><T128/><D128/><U67/><E117/><V95/><F95/><W39/><G39/><RYUUKYOKU ba="0,0" sc="277,10,133,-30,370,10,220,10" hai0="2,8,24,26,38,41,45,52,54,55" hai2="72,76,83,108,111,132,135" hai3="40,42,53,57,62,78,82,85,133,134" /><INIT seed="2,1,0,5,4,11" ten="287,103,380,230" oya="2" hai0="4,8,91,86,27,95,16,52,134,72,22,67,42" hai1="99,29,121,38,133,58,60,12,40,119,18,83,101" hai2="96,74,45,68,26,36,28,53,127,13,30,33,123" hai3="92,70,110,32,73,43,84,6,44,15,2,64,9"/><V85/><F74/><W122/><G122/><T105/><D105/><U80/><E133/><V37/><F123/><W126/><G32/><T54/><D72/><U82/><E119/><V35/><F68/><W128/><G73/><T90/><D134/><U129/><E129/><V77/><F127/><W59/><G70/><T112/><D112/><U71/><E71/><V0/><F0/><W31/><G31/><T125/><D125/><U55/><E121/><V87/><F96/><W76/><G126/><T115/><D115/><U135/><E135/><V94/><F94/><W49/><G110/><T111/><D111/><U117/><E117/><V23/><F53/><W108/><G108/><T1/><D67/><U78/><E29/><V10/><F45/><W81/><G92/><T132/><D132/><U79/><E38/><V103/><F103/><W75/><G75/><T63/><D63/><U39/><E39/><V88/><F77/><W118/><G118/><T51/><D91/><U130/><E40/><V100/><F100/><W5/><G128/><T19/><D19/><U131/><E131/><V20/><F10/><W65/><G59/><T116/><D116/><U66/><E66/><N who="3" m="25706" /><G2/><T106/><D106/><U3/><E3/><V17/><F30/><W14/><G9/><T7/><D7/><AGARI ba="1,0" hai="5,6,7,14,15,43,44,49,76,81,84" m="25706" machi="7" ten="30,3900,0" yaku="8,1,52,2" doraHai="11" who="3" fromWho="0" sc="287,-42,103,0,380,0,230,42" /><INIT seed="3,0,0,4,5,125" ten="245,103,380,272" oya="3" hai0="20,109,37,0,95,107,5,73,39,42,53,81,110" hai1="91,122,88,4,1,26,25,135,130,13,36,79,131" hai2="32,19,113,74,128,38,103,8,90,17,54,61,33" hai3="97,94,64,50,51,2,78,86,129,87,102,116,52"/><W101/><G116/><T104/><D95/><U12/><E79/><V76/><F38/><N who="0" m="14346" /><D42/><U10/><E36/><V59/><F113/><W120/><G120/><T126/><D20/><U56/><E56/><V18/><F103/><W63/><G2/><T106/><D53/><U7/><E10/><V34/><F90/><W117/><G117/><T93/><D93/><U71/><E1/><V46/><F46/><W72/><G72/><T58/><D58/><U75/><E122/><V119/><F119/><W48/><G129/><T114/><D126/><U99/><E75/><V115/><F128/><W134/><G134/><T60/><D60/><U80/><E80/><V118/><F115/><W121/><G121/><T132/><D114/><U28/><E28/><V69/><F69/><W112/><G101/><T83/><D132/><U43/><E43/><V127/><F127/><W77/><G64/><T66/><D66/><U41/><E41/><V3/><F118/><W82/><G112/><T67/><D67/><U16/><E16/><V15/><F3/><W65/><G65/><T14/><D0/><U21/><E21/><V68/><F68/><W24/><G24/><T62/><D62/><U98/><REACH who="1" step="1"/><E135/><REACH who="1" ten="245,93,380,272" step="2"/><V70/><F70/><AGARI ba="0,1" hai="4,7,12,13,25,26,70,71,88,91,98,99,130,131" machi="70" ten="25,12000,2" yaku="1,1,2,1,22,2,52,2,54,1,53,0" doraHai="125" doraHaiUra="123" who="1" fromWho="2" sc="245,0,93,130,380,-120,272,0" /><INIT seed="4,0,0,1,0,26" ten="245,223,260,272" oya="0" hai0="126,110,36,18,87,118,4,47,23,44,76,98,116" hai1="50,131,41,53,7,121,43,91,69,62,73,54,104" hai2="80,101,122,97,6,77,96,16,84,29,9,5,2" hai3="68,3,39,52,64,17,42,93,113,127,106,19,12"/><T34/><D34/><U132/><E121/><V88/><F122/><W71/><G106/><T56/><D126/><U86/><E73/><V117/><F29/><W14/><G3/><T120/><D120/><U31/><E104/><V49/><F117/><W125/><G93/><T119/><D4/><N who="2" m="1642" /><F2/><W32/><G32/><T8/><D8/><U108/><E108/><V94/><F49/><W133/><G42/><T66/><D110/><U38/><E38/><V100/><F96/><W27/><G39/><T81/><D36/><U67/><E131/><V40/><F40/><W10/><G27/><T33/><D33/><U135/><E7/><V75/><F75/><W89/><G113/><T72/><D98/><U51/><E31/><V74/><F74/><W112/><G112/><T63/><REACH who="0" step="1"/><D72/><REACH who="0" ten="235,223,260,272" step="2"/><U35/><E35/><V107/><F107/><W109/><G109/><T105/><D105/><U57/><E135/><V46/><F46/><W37/><G133/><T11/><D11/><U92/><REACH who="1" step="1"/><E132/><REACH who="1" ten="235,213,260,272" step="2"/><V13/><AGARI ba="0,2" hai="9,13,16,77,80,84,88,94,97,100,101" m="1642" machi="13" ten="30,4000,0" yaku="8,1,54,2" doraHai="26" who="2" fromWho="2" sc="235,-20,213,-10,260,60,272,-10" owari="215,-18.5,203,-29.7,320,42.0,262,6.2" /></mjloggm>