<mjloggm ver="2.3"><GO type="225" lobby="0"/><UN n0="%E3%81%BB%E3%81%86%E3%82%88%E3%81%86%E3%81%95%E3%81%8B%E3%81%AA" n1="%E5%8F%AF%E5%85%90%E9%82%A3%E7%94%B1%E5%A4%9A" n2="%63%68%78%62%64" n3="%E7%89%B9%E6%9D%B1%E3%81%AF%E4%B8%96%E7%95%8C%E3%82%92%E6%95%91%E3%81%86" dan="16,17,16,16" rate="2128.03,2227.05,2149.09,2098.33" sx="M,F,M,M"/><TAIKYOKU oya="0"/><INIT seed="0,0,0,5,3,64" ten="250,250,250,250" oya="0" hai0="122,51,76,44,81,132,84,14,85,38,128,69,11" hai1="117,6,112,119,23,133,73,105,89,53,34,67,48" hai2="123,24,58,134,95,101,27,100,50,77,108,25,26" hai3="68,21,116,46,52,31,57,121,91,40,5,88,125"/><T102/><D122/><U126/><E23/><V30/><F123/><W80/><G121/><T60/><D128/><U49/><E6/><V70/><F70/><W106/><G116/><T1/><D1/><U72/><E89/><V127/><F108/><W96/><G5/><T109/><D38/><U56/><E105/><V22/><F127/><W19/><G31/><T82/><D132/><U66/><E34/><V90/><F77/><W15/><G68/><T86/><D102/><U99/><E99/><N who="2" m="57847" /><F134/><W33/><G33/><T55/><D109/><U120/><E120/><V17/><F30/><W2/><G2/><T7/><D69/><U111/><E111/><V28/><F28/><W54/><G125/><T79/><REACH who="0" step="1"/><D60/><REACH who="0" ten="240,250,250,250" step="2"/><U129/><E133/><V74/><F74/><AGARI ba="0,1" hai="7,11,14,44,51,55,74,76,79,81,82,84,85,86" machi="74" ten="30,12000,1" yaku="1,1,2,1,7,1,53,2" doraHai="64" doraHaiUra="75" who="0" fromWho="2" sc="240,130,250,0,250,-120,250,0" /><INIT seed="0,1,0,1,5,17" ten="370,250,130,250" oya="0" hai0="116,8,59,2,29,46,25,115,66,132,57,34,77" hai1="126,73,113,15,30,41,107,37,100,49,74,16,93" hai2="114,94,90,95,127,85,61,38,53,35,18,79,130" hai3="68,7,1,31,60,71,24,86,21,0,56,99,96"/><T12/><D116/><U111/><E107/><V44/><F114/><W43/><G43/><T27/><D115/><U128/><E113/><V42/><F130/><W102/><G99/><T23/><D132/><U65/><E37/><V133/><F133/><W72/><G72/><T58/><D77/><U87/><E30/><V101/><F127/><W64/><G86/><T129/><D129/><U125/><E128/><V26/><F79/><W110/><G110/><T48/><D2/><U135/><E135/><V88/><F101/><W4/><G1/><T5/><D66/><U112/><E112/><V63/><F53/><W104/><REACH who="3" step="1"/><G0/><REACH who="3" ten="370,250,130,240" step="2"/><T122/><D122/><U120/><E120/><V51/><F38/><W109/><G109/><T54/><REACH who="0" step="1"/><D46/><REACH who="0" ten="360,250,130,240" step="2"/><N who="1" m="25807" /><E111/><V62/><F35/><W106/><G106/><T14/><D14/><U6/><E15/><V69/><F69/><AGARI ba="1,2" hai="4,7,21,24,31,56,60,64,68,69,71,96,102,104" machi="69" ten="40,8000,1" yaku="1,1,52,1,53,2" doraHai="17" doraHaiUra="3" who="3" fromWho="2" sc="360,0,250,0,130,-83,240,103" /><INIT seed="1,0,0,0,2,52" ten="360,250,47,343" oya="1" hai0="135,123,119,6,78,54,66,90,64,49,74,92,4" hai1="111,120,40,97,21,105,134,7,121,41,115,84,67" hai2="19,29,9,36,51,16,132,58,89,32,95,69,104" hai3="63,114,50,125,75,34,15,13,91,59,11,70,65"/><U57/><E115/><V39/><F69/><W85/><G114/><T25/><D119/><U82/><E7/><V23/><F104/><W26/><G75/><T93/><D123/><U109/><E134/><V14/><F132/><W42/><G125/><T87/><D135/><U133/><E133/><V24/><F51/><W110/><G110/><N who="1" m="41994" /><E21/><V101/><F101/><W129/><G129/><T53/><D78/><N who="1" m="46167" /><E105/><V61/><F32/><W35/><G26/><T98/><D74/><U122/><E97/><V0/><F0/><W126/><G126/><T102/><D25/><U118/><E118/><V71/><F71/><W10/><G13/><T117/><D117/><U128/><E128/><V43/><F43/><N who="1" m="16457" /><E67/><N who="0" m="25641" /><D54/><U94/><E94/><V107/><F107/><W108/><G108/><T56/><AGARI ba="0,0" hai="4,6,49,53,56,87,90,92,93,98,102" m="25641" machi="56" ten="30,2000,0" yaku="8,1,52,1" doraHai="52" who="0" fromWho="0" sc="360,20,250,-10,47,-5,343,-5" /><INIT seed="2,0,0,3,4,110" ten="380,240,42,338" oya="2" hai0="61,114,88,22,9,11,42,84,47,68,0,83,128" hai1="89,107,94,8,87,49,109,90,129,91,30,76,66" hai2="5,48,29,103,59,15,20,41,6,2,125,65,131" hai3="50,96,85,4,60,122,119,32,74,23,40,31,112"/><V46/><F131/><W21/><G74/><T37/><D114/><U13/><E109/><V63/><F125/><W62/><G119/><T99/><D128/><U97/><E129/><V7/><F2/><W75/><G75/><T70/><D0/><U44/><E30/><V78/><F78/><W133/><G32/><T111/><D111/><U135/><E135/><V57/><F103/><W134/><G122/><T19/><D99/><U86/><E66/><V24/><REACH who="2" step="1"/><F59/><REACH who="2" ten="380,240,32,338" step="2"/><W113/><G134/><T3/><D3/><U36/><E76/><V10/><AGARI ba="0,1" hai="5,6,7,10,15,20,24,29,41,46,48,57,63,65" machi="10" ten="30,12000,1" yaku="1,1,2,1,0,1,8,1,53,1" doraHai="110" doraHaiUra="38" who="2" fromWho="2" sc="380,-40,240,-40,32,130,338,-40" /><INIT seed="2,1,0,4,5,30" ten="340,200,162,298" oya="2" hai0="112,125,134,10,20,111,53,91,127,94,126,115,28" hai1="103,5,77,70,105,74,9,40,49,92,113,119,3" hai2="66,2,31,55,101,97,106,25,88,122,133,117,39" hai3="109,34,114,76,38,52,110,50,47,60,130,22,135"/><V11/><F122/><W1/><G34/><T13/><D111/><N who="3" m="42505" /><G1/><T118/><D118/><U121/><E119/><V8/><F117/><W35/><G35/><T75/><D75/><U59/><E113/><V86/><F39/><W4/><G4/><N who="0" m="3271" /><D134/><U51/><E70/><V84/><F133/><W104/><G104/><T57/><D28/><U36/><E105/><V89/><F66/><W81/><G135/><T93/><D20/><U58/><E121/><V19/><F2/><W6/><G6/><T85/><D93/><U18/><E18/><V116/><F116/><W67/><G130/><T26/><D26/><U68/><E68/><V123/><F123/><W15/><G38/><T46/><D46/><N who="1" m="23815" /><E92/><V45/><F19/><N who="3" m="10623" /><G114/><T83/><D83/><N who="1" m="45495" /><E103/><V33/><F86/><N who="3" m="48423" /><G60/><AGARI ba="1,0" hai="53,57,60,85,91,94,112,115,125,126,127" m="3271" machi="60" ten="30,1000,0" yaku="18,1" doraHai="30" who="0" fromWho="3" sc="340,13,200,0,162,0,298,-13" /><INIT seed="3,0,0,1,1,29" ten="353,200,162,285" oya="3" hai0="99,21,120,26,130,63,66,7,77,76,62,52,109" hai1="0,128,97,96,113,8,49,51,107,73,75,50,22" hai2="64,67,2,48,111,43,41,94,36,35,47,71,25" hai3="83,123,1,4,69,101,33,93,129,60,16,112,11"/><W106/><G112/><T108/><D120/><U95/><E113/><V126/><F2/><W44/><G123/><T105/><D7/><U135/><E135/><V110/><F94/><W90/><G33/><T53/><D130/><U19/><E128/><V70/><F25/><W24/><G129/><T82/><D99/><U86/><E86/><V85/><F85/><W131/><G131/><T40/><D40/><U34/><E34/><V79/><F35/><W30/><G83/><T59/><D105/><U28/><E28/><V121/><F79/><N who="0" m="30282" /><D82/><U118/><E118/><V92/><F92/><W104/><G101/><T20/><D53/><U17/><E107/><V119/><F119/><W12/><G44/><T18/><D20/><U38/><E97/><V42/><F121/><W88/><G90/><T72/><D72/><U100/><E38/><V46/><F126/><W134/><G24/><T89/><D89/><U116/><E116/><V127/><F127/><W122/><G134/><T117/><D117/><U3/><E3/><V39/><F42/><W6/><G30/><T102/><D102/><U45/><E0/><V55/><F55/><W87/><G122/><T115/><D115/><U98/><E98/><V74/><F74/><N who="1" m="28169" /><E8/><V58/><F58/><W80/><G80/><T133/><D133/><U15/><E19/><V56/><F56/><W10/><G6/><T78/><D78/><U132/><E132/><V57/><F57/><W68/><G68/><T14/><D26/><U9/><E22/><V114/><F114/><W37/><G37/><T54/><D54/><N who="1" m="29999" /><E100/><V23/><F23/><RYUUKYOKU ba="0,0" sc="353,0,200,0,162,0,285,0" hai0="14,18,21,52,59,62,63,66,108,109" hai1="9,15,17,50,51,95,96" hai2="36,39,41,43,46,47,48,64,67,70,71,110,111" hai3="1,4,10,11,12,16,60,69,87,88,93,104,106" /><INIT seed="3,1,0,2,2,89" ten="353,200,162,285" oya="3" hai0="54,56,87,69,41,124,74,86,40,60,100,128,12" hai1="38,94,47,44,62,21,43,67,98,45,99,103,105" hai2="135,82,72,102,58,16,5,75,81,49,9,78,32" hai3="91,112,57,84,127,119,110,24,28,14,37,23,85"/><W122/><G112/><T55/><D74/><U61/><E21/><V130/><F130/><W123/><G119/><T126/><D69/><U70/><REACH who="1" step="1"/><E62/><REACH who="1" ten="353,190,162,285" step="2"/><V17/><F32/><W65/><G37/><T97/><D128/><U48/><E48/><V20/><F135/><W109/><G127/><T118/><D118/><U92/><E92/><V15/><F102/><AGARI ba="1,1" hai="38,43,44,45,47,61,67,70,94,98,99,102,103,105" machi="102" ten="30,8000,1" yaku="1,1,7,1,52,1,53,2" doraHai="89" doraHaiUra="96" who="1" fromWho="2" sc="353,0,190,93,162,-83,285,0" owari="353,45.3,283,-11.7,79,-42.1,285,8.5" /></mjloggm>