<mjloggm ver="2.3"><GO type="225" lobby="0"/><UN n0="%72%69%6F%75%63%68%61%6E" n1="%E3%82%A2%E3%82%A4%E3%82%B9%E3%83%86%E3%82%A3%E3%83%BC%E3%81%82%E3%81%B9" n2="%E3%82%82%E3%81%90%E3%82%89" n3="%E4%BF%BA%E3%81%A8%E5%A6%96%E5%A4%A2" dan="16,16,17,17" rate="2085.24,2113.26,2192.73,2268.95" sx="M,M,F,F"/><TAIKYOKU oya="0"/><INIT seed="0,0,0,2,1,114" ten="250,250,250,250" oya="0" hai0="70,93,4,116,107,92,128,74,61,40,67,45,16" hai1="95,132,60,76,46,115,13,91,85,98,135,118,108" hai2="99,69,121,111,130,3,53,28,11,81,100,57,106" hai3="34,1,110,31,83,7,86,23,82,89,59,80,133"/><T104/><D116/><U8/><E115/><V66/><F121/><W62/><G34/><T49/><D128/><U72/><E108/><V129/><F111/><W42/><G110/><T79/><D4/><U97/><E118/><V119/><F119/><W47/><G133/><N who="1" m="51274" /><E46/><V25/><F81/><W109/><G109/><T103/><D93/><U2/><E2/><V58/><F58/><W17/><G31/><T134/><D134/><U51/><E51/><V27/><F27/><W124/><G124/><T77/><D77/><U87/><E60/><N who="2" m="40135" /><F11/><W125/><G7/><T90/><D103/><U37/><E37/><V84/><F84/><W6/><G6/><T29/><D29/><U48/><E48/><N who="2" m="30887" /><F3/><W30/><G125/><T55/><D16/><N who="1" m="8231" /><E72/><V33/><AGARI ba="0,0" hai="25,28,33,99,100,106,129,130" m="30887,40135" machi="33" ten="30,1100,0" yaku="25,1" doraHai="114" who="2" fromWho="2" sc="250,-5,250,-3,250,11,250,-3" /><INIT seed="1,0,0,5,0,124" ten="245,247,261,247" oya="1" hai0="82,101,9,23,73,129,103,115,69,80,59,119,35" hai1="8,107,99,12,104,5,126,96,24,34,63,108,131" hai2="127,102,13,0,53,16,79,92,116,109,15,67,41" hai3="134,36,117,10,52,4,75,111,135,31,128,20,65"/><U33/><E126/><V110/><F116/><W43/><G75/><T84/><D35/><U19/><E108/><N who="2" m="41579" /><F127/><W90/><G111/><T39/><D69/><U64/><E131/><V83/><F0/><W48/><G65/><T54/><D129/><U26/><E107/><V88/><F67/><W30/><G117/><T56/><D115/><U47/><E47/><V78/><F41/><W44/><G128/><T17/><D39/><U57/><E104/><V29/><F29/><W58/><G90/><T2/><D119/><U40/><E40/><V132/><F132/><N who="3" m="50731" /><G20/><T45/><D73/><U11/><E34/><V81/><F53/><W71/><G71/><T105/><D105/><U70/><E70/><V89/><F102/><N who="0" m="38922" /><D2/><AGARI ba="0,0" hai="2,4,10,30,31,36,43,44,48,52,58" m="50731" machi="2" ten="30,2000,0" yaku="20,1,54,1" doraHai="124" who="3" fromWho="0" sc="245,-20,247,0,261,0,247,20" /><INIT seed="2,0,0,5,3,58" ten="225,247,261,267" oya="2" hai0="97,6,11,55,52,75,108,49,48,38,12,32,123" hai1="60,86,113,10,90,1,33,72,83,74,78,89,25" hai2="128,34,104,20,30,28,37,24,22,42,135,62,35" hai3="43,114,23,111,107,3,130,79,121,36,66,39,100"/><V92/><F104/><W8/><G121/><T27/><D123/><U31/><E113/><V133/><F128/><W13/><G130/><T19/><D108/><U122/><E122/><V54/><F92/><W56/><G3/><T68/><D38/><U134/><E134/><N who="2" m="51211" /><F42/><W51/><G23/><N who="0" m="13823" /><D75/><U41/><E41/><V26/><F37/><W80/><G111/><T69/><D68/><U99/><E60/><V117/><F117/><W127/><G127/><T118/><D69/><U76/><E99/><V131/><F131/><W57/><G57/><AGARI ba="0,0" hai="20,22,24,26,28,30,34,35,54,57,62" m="51211" machi="57" ten="30,2900,0" yaku="20,1,52,1" doraHai="58" who="2" fromWho="3" sc="225,0,247,0,261,29,267,-29" /><INIT seed="2,1,0,2,2,74" ten="225,247,290,238" oya="2" hai0="26,34,0,98,87,47,60,122,134,32,59,97,95" hai1="10,133,52,9,20,126,128,15,75,71,115,16,40" hai2="65,72,78,38,86,88,41,21,51,124,48,109,46" hai3="105,99,25,81,82,101,5,12,2,61,8,77,62"/><V67/><F124/><W104/><G104/><T80/><D122/><U120/><E120/><V33/><F33/><W70/><G82/><T50/><D0/><U58/><E71/><V130/><F130/><W55/><G70/><T14/><D134/><U7/><E115/><V119/><F119/><W125/><G125/><T68/><D68/><U37/><E126/><V49/><F109/><W30/><G55/><T85/><D14/><U89/><E75/><V11/><F11/><W79/><G2/><T57/><D26/><U116/><E116/><V91/><F21/><W84/><REACH who="3" step="1"/><G77/><REACH who="3" ten="225,247,290,228" step="2"/><T43/><D80/><U63/><E133/><V131/><F131/><W121/><G121/><T123/><D123/><U22/><E128/><V93/><F91/><W24/><G24/><T132/><D132/><U23/><E89/><V13/><F13/><W94/><G94/><T92/><D92/><U73/><E73/><V17/><F78/><W114/><G114/><T18/><D95/><U117/><E117/><V69/><F72/><W28/><G28/><T39/><D98/><U90/><E90/><V102/><F69/><W100/><G100/><T36/><D97/><U127/><E127/><V54/><F102/><W96/><G96/><T103/><D103/><U31/><E31/><V135/><F135/><W129/><G129/><T112/><D112/><U76/><E76/><V53/><F54/><W56/><G56/><T29/><D57/><U64/><E52/><V118/><F53/><W35/><AGARI ba="1,1" hai="5,8,12,25,30,35,61,62,79,81,84,99,101,105" machi="35" ten="20,5200,0" yaku="1,1,0,1,7,1,52,1,53,0" doraHai="74" doraHaiUra="19" who="3" fromWho="3" sc="225,-14,247,-14,290,-27,228,65" /><INIT seed="3,0,0,2,0,83" ten="211,233,263,293" oya="3" hai0="116,33,105,51,38,114,124,88,28,99,111,26,67" hai1="93,85,7,8,131,90,6,118,73,68,54,27,89" hai2="128,13,113,16,104,127,29,41,39,71,109,117,96" hai3="77,36,2,19,53,57,133,69,102,115,15,64,17"/><W3/><G36/><T106/><D116/><U34/><E73/><V120/><RYUUKYOKU type="yao9" ba="0,0" sc="211,0,233,0,263,0,293,0" hai2="13,16,29,39,41,71,96,104,109,113,117,120,127,128" /><INIT seed="3,1,0,4,4,71" ten="211,233,263,293" oya="3" hai0="25,50,38,14,5,104,61,56,21,84,105,95,59" hai1="17,93,96,13,4,107,126,58,18,74,94,80,85" hai2="99,35,37,1,100,32,24,19,83,48,132,57,3" hai3="89,77,91,41,73,130,115,55,82,116,16,54,15"/><W78/><G116/><T27/><D38/><U98/><E126/><V29/><F35/><W46/><G115/><T33/><D33/><U42/><E74/><V121/><F37/><W39/><G130/><T30/><D25/><U88/><E42/><V118/><F118/><W53/><REACH who="3" step="1"/><G77/><REACH who="3" ten="211,233,263,283" step="2"/><T36/><D36/><U92/><E107/><V129/><F129/><W122/><G122/><T40/><D105/><U108/><E108/><V51/><F121/><W111/><G111/><T43/><D104/><U62/><E98/><V2/><F99/><W119/><G119/><T102/><D102/><U90/><E4/><V110/><F100/><W127/><G127/><T44/><D40/><U75/><E75/><V76/><F76/><W134/><G134/><T123/><D123/><U106/><E106/><V8/><F132/><W97/><G97/><T26/><D26/><U113/><E113/><V0/><F24/><W64/><G64/><T67/><D5/><U65/><REACH who="1" step="1"/><E18/><REACH who="1" ten="211,223,263,283" step="2"/><V31/><F19/><W9/><AGARI ba="1,2" hai="9,15,16,39,41,46,53,54,55,73,78,82,89,91" machi="9" ten="30,11700,0" yaku="1,1,0,1,52,1,54,1,53,0" doraHai="71" doraHaiUra="125" who="3" fromWho="3" sc="211,-40,223,-40,263,-40,283,140" owari="171,-32.9,183,-21.7,223,2.3,423,52.3" /></mjloggm>