<mjloggm ver="2.3"><GO type="225" lobby="0"/><UN n0="%E3%82%B7%E3%83%B3%E5%A4%AA%E6%9C%97" n1="%E3%83%97%E3%83%AC%E3%83%B4%E3%82%A1%E3%83%86%E3%82%A3" n2="%70%6E%64%73%6E%67" n3="%E3%81%BF%E3%81%BF%E3%81%9A" dan="16,16,16,16" rate="2174.84,2132.05,2100.78,2131.28" sx="M,F,M,M"/><TAIKYOKU oya="0"/><INIT seed="0,0,0,5,0,125" ten="250,250,250,250" oya="0" hai0="76,35,31,20,34,4,15,21,85,33,134,1,18" hai1="70,98,103,52,123,24,60,65,92,133,84,42,11" hai2="87,90,13,77,0,122,25,62,115,91,109,63,46" hai3="121,128,130,64,112,132,119,89,129,50,94,127,61"/><T67/><D67/><U118/><E123/><V47/><F0/><W68/><G112/><T135/><D76/><U117/><E133/><N who="0" m="50697" /><D85/><U7/><E42/><V100/><F115/><W78/><G119/><T75/><D75/><U3/><E24/><V96/><F109/><W57/><G127/><T108/><D108/><U113/><E113/><V19/><F25/><W14/><G132/><T22/><D31/><U81/><REACH who="1" step="1"/><E52/><REACH who="1" ten="250,240,250,250" step="2"/><V72/><F122/><W95/><G121/><T27/><D27/><U41/><E41/><V51/><F46/><W99/><G50/><T80/><D80/><U93/><E93/><V16/><F47/><W124/><G124/><T116/><D116/><U48/><E48/><V71/><F51/><W40/><G40/><T97/><D97/><U120/><E120/><V37/><F37/><W58/><G78/><AGARI ba="0,1" hai="3,7,11,60,65,70,78,81,84,92,98,103,117,118" machi="78" ten="30,2000,0" yaku="1,1,7,1,53,0" doraHai="125" doraHaiUra="86" who="1" fromWho="3" sc="250,0,240,30,250,0,250,-20" /><INIT seed="1,0,0,4,0,66" ten="250,270,250,230" oya="1" hai0="69,46,77,133,42,104,24,10,73,36,53,70,115" hai1="134,86,91,2,94,113,103,52,33,135,14,0,109" hai2="128,28,76,7,12,96,97,3,68,60,31,75,54" hai3="123,1,102,56,107,37,23,120,59,105,83,47,132"/><U125/><E33/><V122/><F122/><W121/><G132/><N who="1" m="50730" /><E113/><V117/><F117/><W101/><G1/><N who="1" m="618" /><E125/><V80/><F3/><W112/><G112/><T84/><D133/><U106/><E14/><V57/><F128/><W129/><G129/><T16/><D115/><U90/><E106/><V48/><F28/><W15/><G83/><T100/><D73/><U35/><E103/><V55/><F31/><W44/><G23/><T116/><D116/><U8/><E8/><V119/><F119/><W18/><G15/><T81/><D53/><U127/><E127/><V62/><F62/><W45/><G18/><T93/><D104/><N who="3" m="40009" /><G37/><T63/><D63/><U130/><E35/><V4/><F4/><W110/><G110/><T19/><D19/><U41/><E41/><V118/><F118/><W71/><G71/><T87/><D10/><U111/><E130/><V49/><F49/><W126/><G126/><T38/><D38/><U89/><E52/><V30/><F30/><W25/><G25/><T32/><D32/><U11/><E11/><V51/><F55/><W29/><G29/><T13/><D13/><U95/><E86/><V85/><F85/><W20/><G20/><T6/><D6/><U43/><E43/><V82/><F7/><W40/><G40/><T92/><D87/><U50/><E50/><V114/><F48/><W26/><G26/><T124/><D124/><U72/><E72/><V78/><F114/><W64/><G64/><T22/><D100/><AGARI ba="0,0" hai="44,45,47,56,59,100,101,102,120,121,123" m="40009" machi="100" ten="40,2600,0" yaku="28,2" doraHai="66" who="3" fromWho="0" sc="250,-26,270,0,250,0,230,26" /><INIT seed="2,0,0,4,2,56" ten="224,270,250,256" oya="2" hai0="99,116,128,113,41,133,102,24,20,77,83,91,25" hai1="26,63,86,85,37,59,96,94,132,5,73,135,104" hai2="89,44,27,122,126,79,8,87,55,95,81,45,36" hai3="115,53,103,66,124,64,123,29,39,72,101,52,57"/><V47/><F122/><W0/><G72/><T117/><D128/><U16/><E73/><V120/><F120/><W110/><G0/><T84/><D133/><N who="1" m="51275" /><E37/><V71/><F71/><W4/><G39/><T111/><D111/><U6/><E104/><V90/><F126/><W61/><G110/><T67/><D113/><U22/><E5/><V2/><F27/><W106/><G123/><T97/><D41/><U40/><E40/><V62/><F36/><W48/><G124/><T98/><D67/><N who="3" m="25641" /><G106/><T114/><D114/><U78/><E6/><V82/><F8/><W50/><G115/><T80/><D25/><U58/><E58/><V43/><F43/><W93/><G4/><T33/><D33/><U88/><E78/><V28/><F2/><W125/><G125/><T1/><D1/><U12/><E12/><V129/><F129/><W109/><G109/><T30/><REACH who="0" step="1"/><D102/><REACH who="0" ten="214,270,250,256" step="2"/><U35/><E35/><V13/><F13/><W14/><G14/><T7/><D7/><U46/><E46/><V31/><F45/><N who="3" m="27663" /><G29/><T131/><D131/><U9/><E9/><V49/><F47/><W119/><G119/><T10/><D10/><U60/><E59/><V38/><F31/><W127/><G127/><T51/><D51/><U19/><E19/><V23/><F38/><W18/><G50/><T134/><D134/><U92/><E85/><AGARI ba="0,1" hai="20,24,30,77,80,83,84,85,91,97,98,99,116,117" machi="85" ten="40,1300,0" yaku="1,1,53,0" doraHai="56" doraHaiUra="68" who="0" fromWho="1" sc="214,23,270,-13,250,0,256,0" /><INIT seed="3,0,0,0,2,89" ten="237,257,250,256" oya="3" hai0="60,68,86,77,123,72,3,15,14,54,13,27,34" hai1="39,4,104,7,109,33,47,40,124,16,19,11,113" hai2="116,130,2,117,1,36,83,59,129,22,128,94,96" hai3="110,28,37,53,105,111,45,112,35,108,64,135,81"/><W31/><G135/><T52/><D3/><N who="2" m="1034" /><F36/><W23/><G112/><T30/><D72/><U67/><E113/><V51/><F22/><W101/><G35/><T44/><D123/><U9/><E33/><V17/><F17/><W118/><G118/><T121/><D121/><U65/><E104/><V107/><F107/><W76/><G64/><T55/><D77/><U6/><E124/><V102/><F83/><W115/><G115/><T69/><D86/><U90/><E109/><N who="3" m="27906" /><W70/><DORA hai="103" /><G70/><T48/><REACH who="0" step="1"/><D60/><REACH who="0" ten="227,257,250,256" step="2"/><U106/><E106/><V57/><F51/><N who="3" m="28911" /><G37/><T26/><D26/><U49/><E39/><V62/><F62/><W71/><G71/><AGARI ba="0,1" hai="13,14,15,27,30,34,44,48,52,54,55,68,69,71" machi="71" ten="40,5200,0" yaku="1,1,54,1,53,1" doraHai="89,103" doraHaiUra="120,41" who="0" fromWho="3" sc="227,62,257,0,250,0,256,-52" /><INIT seed="4,0,0,3,0,14" ten="289,257,250,204" oya="0" hai0="35,102,20,121,109,83,19,9,100,117,84,99,106" hai1="98,42,10,23,27,21,7,97,52,81,32,129,5" hai2="33,6,64,74,135,57,67,126,26,47,76,131,122" hai3="75,55,24,2,119,36,29,95,28,90,38,34,46"/><T123/><D117/><U56/><E129/><V61/><F122/><W1/><G119/><T113/><D113/><U101/><E42/><V111/><F111/><W79/><G29/><T39/><D39/><U127/><E127/><V17/><F74/><W59/><G79/><T22/><D35/><U85/><E32/><V89/><F76/><W53/><G75/><T114/><D114/><U37/><E37/><V54/><F131/><W65/><G65/><T11/><D109/><U128/><E128/><V58/><F135/><W105/><G105/><T60/><D22/><U41/><E41/><V110/><F110/><W103/><G103/><T96/><D60/><U116/><E116/><V130/><F6/><W78/><G78/><T124/><D11/><U66/><E66/><V107/><F107/><W30/><G30/><T44/><D44/><U108/><E108/><V82/><F33/><W69/><G69/><T118/><D9/><U13/><E5/><V91/><F130/><W45/><G38/><T50/><D50/><U133/><E133/><V18/><F126/><W4/><G36/><T3/><D3/><U51/><E23/><N who="2" m="13679" /><F18/><W70/><G70/><T93/><D124/><U87/><E101/><V125/><F125/><W120/><G120/><T71/><D71/><U15/><E15/><V43/><F43/><W104/><G104/><T86/><D118/><U16/><E85/><N who="0" m="32873" /><D83/><U25/><E25/><V62/><F82/><W48/><G4/><T12/><D123/><U92/><E92/><V132/><F132/><W31/><G31/><T77/><D121/><U68/><E68/><RYUUKYOKU ba="0,0" sc="289,10,257,10,250,10,204,-30" hai0="12,19,20,77,93,96,99,100,102,106" hai1="7,10,13,16,21,27,51,52,56,81,87,97,98" hai2="47,54,57,58,61,62,64,67,89,91" /><INIT seed="4,1,0,4,0,99" ten="299,267,260,174" oya="0" hai0="47,113,94,85,6,62,131,106,100,83,91,49,134" hai1="34,51,82,23,86,19,114,77,110,54,44,1,109" hai2="95,75,74,124,73,5,132,30,61,18,56,116,70" hai3="121,112,8,53,93,117,52,41,11,72,90,9,101"/><T80/><D113/><U87/><E1/><V16/><F116/><W39/><G117/><T24/><D131/><U115/><E34/><V17/><F70/><W15/><G112/><T33/><D134/><U102/><E115/><V133/><F124/><W3/><G72/><T126/><D126/><U123/><E114/><V65/><F5/><W125/><G125/><T118/><D118/><U88/><E123/><V67/><F30/><W13/><G121/><T84/><D6/><U119/><E119/><V43/><F43/><W98/><G3/><T14/><D14/><N who="3" m="5129" /><G39/><T71/><D71/><U25/><REACH who="1" step="1"/><E102/><REACH who="1" ten="299,257,260,174" step="2"/><V58/><REACH who="2" step="1"/><F95/><AGARI ba="1,1" hai="19,23,25,44,51,54,77,82,86,87,88,95,109,110" machi="95" ten="30,8000,1" yaku="1,1,2,1,7,1,54,1,53,1" doraHai="99" doraHaiUra="40" who="1" fromWho="2" sc="299,0,257,93,260,-83,174,0" owari="299,9.9,350,45.0,177,-22.3,174,-32.6" /></mjloggm>