<mjloggm ver="2.3"><GO type="225" lobby="0"/><UN n0="%43%68%65" n1="%73%6C%69%63%6B%33%31%39" n2="%48%61%61%61%6C%61%6E%64" n3="%E3%81%9F%E3%81%A3%E3%81%A1%E3%82%87" dan="16,17,17,16" rate="2123.45,2172.51,2206.70,2072.74" sx="M,M,M,M"/><TAIKYOKU oya="0"/><INIT seed="0,0,0,3,5,68" ten="250,250,250,250" oya="0" hai0="10,62,17,28,107,38,56,123,67,29,88,15,60" hai1="97,41,90,14,57,89,124,102,109,78,75,6,47" hai2="121,11,19,45,99,69,36,128,26,24,5,103,93" hai3="95,84,64,134,59,43,31,122,35,82,20,49,120"/><T46/><D123/><N who="3" m="47145" /><G35/><T37/><D107/><U92/><E109/><V22/><F121/><W65/><G95/><T52/><D88/><U32/><E32/><V4/><F69/><W127/><G127/><T85/><D85/><U50/><E124/><V83/><F128/><W3/><G3/><T27/><D29/><U55/><E75/><V48/><F36/><W23/><G23/><T117/><D117/><U21/><E78/><V8/><F83/><W77/><G134/><T39/><D46/><U133/><E133/><V2/><F24/><N who="3" m="16775" /><G59/><T42/><D42/><U61/><REACH who="1" step="1"/><E6/><REACH who="1" ten="250,240,250,250" step="2"/><N who="2" m="2667" /><F2/><W86/><G86/><T58/><D38/><U71/><E71/><V54/><AGARI ba="0,1" hai="8,11,19,22,26,45,48,54,93,99,103" m="2667" machi="54" ten="30,1100,0" yaku="8,1" doraHai="68" who="2" fromWho="2" sc="250,-5,240,-3,250,21,250,-3" /><INIT seed="1,0,0,2,0,67" ten="245,237,271,247" oya="1" hai0="23,19,126,78,114,49,105,1,35,123,95,61,76" hai1="40,10,22,111,110,134,0,116,85,100,60,97,65" hai2="47,53,59,36,21,103,4,71,64,96,89,70,5" hai3="92,83,117,29,3,30,82,56,91,102,38,20,52"/><U81/><E116/><V28/><F89/><W33/><G3/><T129/><D105/><U18/><E40/><V69/><F64/><W27/><G38/><T87/><D35/><U90/><E134/><V84/><F84/><W44/><G117/><T122/><D114/><U124/><E124/><V25/><F47/><W99/><G44/><T86/><D1/><U58/><E10/><V119/><F36/><W130/><G130/><T9/><D9/><U2/><E18/><V48/><REACH who="2" step="1"/><F119/><REACH who="2" ten="245,237,261,247" step="2"/><W32/><G91/><T17/><D87/><U51/><E90/><V46/><F46/><W75/><G75/><T101/><D86/><U73/><E85/><V66/><F66/><W106/><G82/><T104/><D101/><U109/><E81/><V55/><F55/><W57/><G83/><T98/><D98/><U15/><E73/><V120/><F120/><W118/><G118/><T93/><D123/><U42/><E42/><V13/><F13/><W50/><G57/><T125/><D122/><U77/><E77/><V6/><F6/><W11/><G56/><T63/><D78/><U7/><E7/><V115/><F115/><W54/><G52/><T68/><D76/><U127/><E65/><V107/><AGARI ba="0,1" hai="4,5,21,25,28,48,53,59,69,70,71,96,103,107" machi="107" ten="30,8000,1" yaku="1,1,0,1,52,3,53,0" doraHai="67" doraHaiUra="14" who="2" fromWho="2" sc="245,-20,237,-40,261,90,247,-20" /><INIT seed="2,0,0,4,1,27" ten="225,197,351,227" oya="2" hai0="21,94,30,103,2,14,70,86,18,104,87,93,42" hai1="60,5,109,51,79,73,108,119,115,33,110,0,46" hai2="13,78,36,75,122,88,76,47,102,41,67,10,9" hai3="1,100,28,49,17,53,58,97,50,12,128,61,92"/><V69/><F122/><W131/><G1/><T11/><D70/><U91/><E115/><V38/><F102/><W101/><G101/><T121/><D121/><U98/><E119/><V20/><F38/><W130/><REACH who="3" step="1"/><G28/><REACH who="3" ten="225,197,351,217" step="2"/><T15/><D103/><U29/><E109/><V48/><F78/><W39/><G39/><T3/><D3/><U124/><E79/><V83/><F36/><W25/><G25/><T43/><D2/><U6/><E0/><V19/><F88/><W68/><G68/><T59/><D30/><U16/><E29/><V117/><F117/><W22/><AGARI ba="0,1" hai="12,17,22,49,50,53,58,61,92,97,100,128,130,131" machi="22" ten="30,4000,0" yaku="1,1,0,1,19,1,53,0" doraHai="27" doraHaiUra="107" who="3" fromWho="3" sc="225,-10,197,-10,351,-20,217,50" /><INIT seed="3,0,0,0,3,76" ten="215,187,331,267" oya="3" hai0="24,124,116,110,108,14,34,4,58,126,101,11,128" hai1="106,135,91,87,98,118,103,66,113,52,99,6,18" hai2="25,56,74,132,130,119,7,9,70,90,121,27,33" hai3="133,29,134,36,100,68,46,94,23,86,80,96,31"/><W89/><G68/><T112/><D116/><U125/><E125/><N who="0" m="48233" /><D128/><U20/><E135/><N who="3" m="51722" /><G23/><T51/><D101/><U45/><E113/><V60/><F70/><W93/><G36/><T50/><D112/><U1/><E118/><V73/><F33/><W71/><G46/><T57/><D57/><U2/><E66/><V85/><F130/><W15/><G15/><T43/><D43/><U109/><E109/><N who="0" m="42089" /><D58/><U120/><E120/><V38/><F56/><W111/><G71/><T117/><D117/><U22/><E99/><V39/><F121/><W97/><G111/><T16/><D4/><U131/><E131/><V54/><F7/><W13/><G13/><T95/><D95/><U114/><E114/><V129/><F39/><W123/><G123/><T49/><D49/><U10/><E1/><V61/><F38/><W37/><G37/><T21/><D34/><U75/><E75/><V53/><F73/><W55/><G55/><T47/><D47/><U26/><E20/><V8/><F74/><W48/><G48/><T3/><D3/><U107/><E106/><V12/><F129/><W127/><G127/><T65/><D65/><U77/><E45/><V122/><F119/><W32/><G32/><T59/><D59/><U5/><E5/><V88/><F122/><W0/><G0/><T63/><D63/><U28/><E52/><V115/><F132/><W69/><G69/><T104/><D104/><U84/><E107/><V67/><F115/><W42/><G97/><T82/><D51/><U83/><E98/><V79/><F53/><W72/><G96/><T64/><D50/><RYUUKYOKU ba="0,0" sc="215,0,187,0,331,0,267,0" owari="215,-18.5,187,-31.3,331,43.1,267,6.7" /></mjloggm>