<mjloggm ver="2.3"><GO type="225" lobby="0"/><UN n0="%E9%BB%92%E9%89%84%E7%8F%A0%E9%9B%AB" n1="%6D%75%75%6D%75%72%61" n2="%E6%97%A5%E6%9B%9C%E6%97%A5%E3%82%88%E3%82%8A%E3%81%AE%E4%BD%BF%E8%80%85" n3="%43%68%65" dan="16,17,17,16" rate="2163.13,2153.94,2150.08,2161.48" sx="M,F,M,M"/><TAIKYOKU oya="0"/><INIT seed="0,0,0,2,4,15" ten="250,250,250,250" oya="0" hai0="3,9,126,122,54,91,123,135,86,35,13,30,98" hai1="42,60,6,73,112,85,45,132,75,24,70,27,53" hai2="124,28,97,22,115,105,69,47,120,94,74,107,51" hai3="101,93,65,31,57,44,1,133,8,16,59,26,0"/><T23/><D135/><U11/><E132/><V52/><F115/><W5/><G133/><T83/><D126/><U77/><E112/><V40/><F120/><W95/><G1/><T10/><D10/><U50/><E85/><V56/><F74/><W117/><G117/><T7/><D98/><U33/><E33/><V109/><F69/><W25/><G44/><T127/><D127/><U81/><E73/><V99/><F109/><W14/><G101/><T66/><D66/><U21/><E21/><V67/><F67/><W58/><G65/><T125/><D125/><U111/><E111/><V84/><F124/><W128/><G128/><T106/><D106/><U18/><E70/><V96/><F84/><W76/><G76/><T19/><D54/><U49/><E60/><V20/><F94/><W79/><G79/><T116/><D116/><U80/><E80/><V129/><F129/><W130/><G130/><T131/><D131/><U39/><E39/><V92/><F92/><W64/><G64/><T38/><D38/><U63/><E63/><V71/><F71/><W62/><G62/><T12/><D12/><U55/><E55/><V68/><F68/><W29/><G29/><T114/><D114/><U82/><E82/><V4/><F4/><W32/><REACH who="3" step="1"/><G26/><AGARI ba="0,0" hai="3,7,9,13,19,23,26,30,35,83,86,91,122,123" machi="26" ten="40,7700,0" yaku="24,2,52,1" doraHai="15" who="0" fromWho="3" sc="250,77,250,0,250,0,250,-77" /><INIT seed="0,1,0,2,3,106" ten="327,250,250,173" oya="0" hai0="131,117,64,14,77,124,129,81,86,48,12,16,10" hai1="52,4,100,132,46,30,8,21,0,9,43,91,60" hai2="18,78,1,123,134,96,83,41,36,107,122,62,70" hai3="97,24,27,42,13,33,28,44,98,112,22,114,53"/><T65/><D117/><U133/><E100/><N who="2" m="62855" /><F18/><W56/><G13/><T67/><D124/><U61/><E9/><V113/><F1/><W35/><G114/><T130/><D48/><N who="1" m="28695" /><E43/><V11/><F11/><W111/><G111/><T135/><REACH who="0" step="1"/><D14/><REACH who="0" ten="317,250,250,173" step="2"/><U87/><E0/><V118/><F118/><W128/><G112/><T120/><D120/><U127/><E127/><V103/><F113/><W94/><G128/><T99/><D99/><U93/><E133/><AGARI ba="1,1" hai="10,12,16,64,65,67,77,81,86,129,130,131,133,135" machi="133" ten="50,9600,0" yaku="1,1,19,1,54,1,53,0" doraHai="106" doraHaiUra="19" who="0" fromWho="1" sc="317,109,250,-99,250,0,173,0" /><INIT seed="0,2,0,1,2,74" ten="426,151,250,173" oya="0" hai0="100,12,28,120,124,108,97,128,52,14,64,130,78" hai1="99,117,109,40,48,8,11,22,132,119,20,112,47" hai2="113,4,45,105,54,72,32,106,94,92,39,41,114" hai3="123,25,98,37,19,63,101,0,9,126,81,5,116"/><T102/><D120/><U62/><E109/><V50/><F32/><W93/><G116/><T125/><D64/><U16/><E132/><V83/><F4/><W44/><G123/><T96/><D28/><U70/><E112/><V121/><F121/><W71/><G126/><N who="0" m="48747" /><D108/><U38/><E38/><V127/><F127/><W77/><G63/><T107/><D78/><U61/><E99/><V34/><F34/><W66/><G66/><T118/><D118/><U82/><E82/><V89/><F114/><W31/><G19/><T57/><D97/><U29/><E70/><V35/><F35/><W30/><G25/><T7/><D102/><U79/><E79/><V13/><F113/><W15/><G71/><T56/><D56/><U21/><E29/><V60/><F72/><N who="3" m="43175" /><G15/><N who="0" m="5675" /><D7/><U6/><E6/><V80/><F13/><W73/><G73/><T87/><D87/><U53/><E16/><V95/><F60/><AGARI ba="2,0" hai="52,57,60,96,100,107,128,130" m="5675,48747" machi="60" ten="30,2900,0" yaku="18,1,54,1" doraHai="74" who="0" fromWho="2" sc="426,35,151,0,250,-35,173,0" /><INIT seed="0,3,0,3,0,119" ten="461,151,215,173" oya="0" hai0="109,46,66,16,87,54,31,35,37,2,121,7,8" hai1="18,92,40,47,23,123,49,128,93,75,98,25,52" hai2="113,70,33,34,91,67,53,1,14,32,41,51,124" hai3="10,20,71,43,13,127,38,107,102,110,132,48,42"/><T120/><D66/><U60/><E128/><V56/><F1/><W117/><G38/><T96/><D87/><U134/><E134/><V57/><F113/><W101/><G71/><T126/><D126/><U94/><E75/><V80/><F124/><W82/><G127/><T0/><D0/><U86/><E86/><V15/><F70/><W19/><G117/><T105/><D54/><U11/><E11/><V111/><F111/><W29/><G110/><T36/><D16/><U104/><E104/><V72/><F41/><W100/><G107/><T21/><D21/><U122/><REACH who="1" step="1"/><E98/><REACH who="1" ten="461,141,215,173" step="2"/><V30/><F72/><W116/><G132/><T89/><D109/><U85/><E85/><V115/><F115/><W79/><G116/><T65/><D96/><U62/><E62/><V106/><F80/><W108/><G108/><T50/><D105/><U77/><E77/><V133/><F106/><W58/><G79/><T44/><D8/><U76/><E76/><V97/><F133/><W17/><G82/><T135/><D135/><U26/><E26/><V12/><F97/><W78/><G78/><T45/><D2/><U3/><E3/><V73/><F73/><W74/><G74/><T63/><D7/><U114/><E114/><V69/><F91/><W61/><G61/><T84/><D63/><U118/><E118/><V129/><F129/><W83/><G83/><T55/><D89/><U4/><E4/><V28/><F69/><W68/><G68/><T99/><D84/><U64/><E64/><V112/><F112/><W90/><G90/><T22/><D99/><U59/><AGARI ba="3,1" hai="18,23,25,40,47,49,52,59,60,92,93,94,122,123" machi="59" ten="30,12000,2" yaku="1,1,5,1,0,1,52,2,54,1,53,0" doraHai="119" doraHaiUra="6" who="1" fromWho="1" sc="461,-63,141,139,215,-33,173,-33" /><INIT seed="1,0,0,1,3,19" ten="398,280,182,140" oya="1" hai0="16,77,47,71,117,42,72,109,132,119,13,102,44" hai1="11,82,79,63,34,120,101,22,17,124,57,68,35" hai2="26,129,118,73,135,127,10,12,92,52,105,111,33" hai3="95,1,9,107,56,41,98,48,130,55,49,131,38"/><U28/><E120/><V97/><F118/><W61/><G107/><T103/><D71/><U36/><E68/><V69/><F73/><W62/><G38/><T20/><D47/><U67/><E36/><V46/><F69/><W75/><G75/><T43/><D43/><U25/><E101/><V54/><F105/><W93/><G1/><T85/><D72/><U31/><E124/><V4/><F127/><W21/><G9/><T89/><D77/><U100/><E100/><V86/><F111/><W112/><G112/><T8/><D109/><U5/><E35/><V116/><F116/><W90/><G95/><T121/><D121/><U84/><REACH who="1" step="1"/><E34/><REACH who="1" ten="398,270,182,140" step="2"/><V50/><F33/><W87/><G131/><T110/><D119/><U29/><E29/><V39/><F39/><W134/><G130/><T106/><D117/><U123/><E123/><V53/><F129/><W76/><G134/><T58/><D110/><U83/><E83/><V91/><F135/><W18/><G41/><T108/><D108/><U114/><E114/><V24/><REACH who="2" step="1"/><F97/><REACH who="2" ten="398,270,172,140" step="2"/><W125/><G125/><T94/><D132/><U80/><E80/><V40/><AGARI ba="0,2" hai="4,10,12,24,26,40,46,50,52,53,54,86,91,92" machi="40" ten="30,8000,1" yaku="1,1,2,1,0,1,8,1,54,1,53,0" doraHai="19" doraHaiUra="59" who="2" fromWho="2" sc="398,-20,270,-40,172,100,140,-20" /><INIT seed="2,0,0,5,0,97" ten="378,230,272,120" oya="2" hai0="66,99,124,42,6,40,22,122,59,78,119,76,103" hai1="13,102,115,90,3,123,29,85,86,18,105,72,48" hai2="21,31,47,131,17,118,68,79,24,12,114,37,120" hai3="95,33,116,36,2,84,28,107,41,91,8,62,73"/><V11/><F114/><W0/><G116/><T65/><D119/><U32/><E115/><V129/><F118/><W93/><G107/><T23/><D122/><U44/><E72/><V134/><F68/><W25/><G73/><T81/><D6/><U117/><E3/><V43/><F120/><W104/><G104/><T5/><D5/><U82/><E117/><V128/><REACH who="2" step="1"/><F79/><REACH who="2" ten="378,230,262,120" step="2"/><W52/><G2/><T34/><D78/><U74/><E123/><V38/><F38/><W98/><G0/><T30/><D76/><U53/><E74/><V110/><F110/><W113/><G113/><T15/><D124/><U64/><E86/><V83/><F83/><W49/><G36/><T54/><D81/><U57/><E85/><V77/><F77/><W67/><G84/><T51/><D99/><U133/><E82/><V101/><F101/><W71/><G71/><T88/><D103/><U100/><E105/><V26/><F26/><W19/><G25/><T121/><D121/><U70/><E70/><V60/><F60/><W132/><G62/><T130/><D130/><U9/><E90/><V125/><F125/><W108/><G91/><T92/><D88/><U20/><E102/><V56/><F56/><W96/><G108/><T7/><D59/><U87/><E100/><V14/><F14/><W35/><G95/><T106/><D92/><U61/><E87/><V16/><F16/><W109/><G19/><T111/><D106/><U126/><E126/><V39/><F39/><W69/><G93/><T4/><D111/><U45/><E57/><V10/><F10/><W89/><G8/><RYUUKYOKU ba="0,1" sc="378,-10,230,-10,262,30,120,-10" hai2="11,12,17,21,24,31,37,43,47,128,129,131,134" /><INIT seed="2,1,1,3,3,23" ten="368,220,292,110" oya="2" hai0="47,46,12,53,70,129,112,5,50,109,51,78,19" hai1="133,91,41,84,48,83,96,7,123,77,13,118,26" hai2="29,43,95,49,14,90,17,71,81,54,63,107,127" hai3="114,32,61,64,22,45,121,20,18,86,68,60,44"/><V2/><F2/><W39/><G32/><T3/><D112/><U124/><E118/><V24/><F107/><W25/><G114/><T76/><D70/><U105/><E124/><V21/><F127/><W102/><G121/><T59/><D109/><U40/><E123/><V110/><F110/><W128/><G128/><T131/><D5/><U69/><E69/><V92/><F43/><W130/><G130/><N who="0" m="49675" /><D3/><U36/><E36/><V89/><F63/><W132/><G132/><T16/><D19/><U27/><E133/><V79/><F71/><W58/><G39/><T72/><D72/><U135/><E135/><V34/><F95/><W42/><G42/><N who="0" m="24919" /><D47/><N who="1" m="25703" /><E105/><V31/><F31/><W99/><G22/><AGARI ba="1,1" hai="12,16,22,51,53,59,76,78" m="24919,49675" machi="22" ten="30,2000,0" yaku="19,1,54,1" doraHai="23" who="0" fromWho="3" sc="368,33,220,0,292,0,110,-23" /><INIT seed="3,0,0,4,5,26" ten="401,220,292,87" oya="3" hai0="59,106,75,67,15,12,41,129,66,84,92,119,104" hai1="16,63,134,58,11,113,100,98,31,49,127,120,82" hai2="45,14,37,52,94,89,86,4,25,95,117,88,130" hai3="77,42,62,20,114,107,121,68,19,111,36,23,3"/><W34/><G34/><T2/><D2/><U18/><E120/><V28/><F117/><W116/><G116/><T73/><D119/><U93/><E113/><V13/><F4/><W70/><G114/><T57/><D92/><U1/><E127/><V103/><F103/><W102/><G121/><T27/><D84/><U44/><E134/><V51/><F37/><W21/><G3/><T124/><D27/><U24/><E82/><V83/><F130/><W50/><G36/><T53/><D53/><U87/><E87/><V60/><F60/><W46/><G111/><T109/><D41/><U56/><E11/><V6/><F6/><W110/><G110/><T65/><D109/><U5/><E5/><V131/><F131/><W33/><G33/><T35/><D35/><U74/><E58/><N who="0" m="22025" /><D124/><U64/><E74/><N who="0" m="28169" /><D129/><U7/><E7/><V0/><F0/><W112/><G112/><T76/><D76/><U81/><E81/><V9/><F9/><W132/><G132/><T39/><D39/><U97/><E97/><N who="2" m="57543" /><F83/><W99/><G77/><T72/><D72/><U8/><E8/><V32/><F32/><W101/><G101/><T108/><D108/><U125/><E125/><V71/><F71/><W22/><REACH who="3" step="1"/><G62/><REACH who="3" ten="401,220,292,77" step="2"/><T128/><D128/><U118/><E118/><V30/><F25/><AGARI ba="0,1" hai="19,20,21,22,23,25,42,46,50,68,70,99,102,107" machi="25" ten="40,3900,0" yaku="1,1,2,1,53,0" doraHai="26" doraHaiUra="78" who="3" fromWho="2" sc="401,0,220,0,292,-39,77,49" /><INIT seed="3,1,0,1,4,75" ten="401,220,253,126" oya="3" hai0="125,81,87,112,88,101,116,55,119,114,134,49,25" hai1="74,41,20,4,23,76,40,135,93,46,8,110,39" hai2="60,70,124,126,127,94,0,11,15,128,108,22,21" hai3="68,50,105,16,30,99,14,67,7,63,69,13,59"/><W18/><G30/><T121/><D121/><U42/><E110/><V97/><F108/><W1/><G1/><T90/><D101/><U73/><E135/><V72/><F72/><W92/><G105/><T47/><D125/><U64/><E74/><V37/><F37/><W95/><G95/><T133/><D25/><U57/><E93/><V79/><F79/><W65/><G7/><T17/><D90/><U34/><E34/><V61/><F0/><W38/><G38/><T86/><D86/><U27/><E57/><V120/><F128/><W115/><G115/><N who="0" m="44075" /><D17/><U45/><E64/><N who="2" m="41223" /><F61/><W82/><G82/><T10/><D10/><U19/><E23/><V51/><F51/><W107/><G107/><T33/><D33/><U84/><E84/><V123/><F123/><W132/><G132/><AGARI ba="1,0" hai="47,49,55,81,87,88,116,119,132,133,134" m="44075" machi="132" ten="30,3900,0" yaku="20,1,11,1,54,1" doraHai="75" who="0" fromWho="3" sc="401,42,220,0,253,0,126,-42" owari="443,54.3,220,-18.0,253,5.3,84,-41.6" /></mjloggm>