<mjloggm ver="2.3"><GO type="225" lobby="0"/><UN n0="%E3%81%A1%E3%82%85%E3%81%86%E3%81%A9%E3%81%8F%E8%B1%A1%E3%81%95%E3%82%93" n1="%6D%75%75%6D%75%72%61" n2="%72%69%6F%75%63%68%61%6E" n3="%E3%81%93%E3%81%8F%E3%82%89%E3%82%AB%E3%83%90%E8%94%B5" dan="16,16,17,17" rate="2083.22,2154.90,2240.79,2113.30" sx="M,F,M,M"/><TAIKYOKU oya="0"/><INIT seed="0,0,0,2,1,122" ten="250,250,250,250" oya="0" hai0="8,83,118,13,18,12,96,39,90,116,48,53,134" hai1="76,99,119,120,41,117,71,26,15,135,102,7,55" hai2="75,25,123,35,1,56,50,111,114,52,77,115,129" hai3="42,133,95,36,127,91,4,128,51,82,63,37,58"/><T66/><D39/><U74/><E120/><V125/><F111/><W14/><G82/><T100/><D134/><U104/><E71/><V40/><F123/><W61/><G133/><T79/><D66/><U29/><E135/><V20/><F125/><W105/><G105/><T24/><D24/><U3/><E3/><V87/><F129/><W69/><G128/><T54/><D12/><U73/><E41/><V9/><F75/><W5/><G69/><T60/><D60/><U70/><E70/><V98/><F35/><W28/><G127/><T16/><D18/><U6/><E55/><V92/><F40/><W101/><G101/><T110/><D53/><U59/><E59/><V32/><F32/><W97/><G36/><T47/><D110/><U84/><E84/><V89/><F77/><W30/><G37/><T109/><D109/><U112/><E112/><V103/><F9/><N who="3" m="4391" /><G5/><T131/><D131/><U62/><E6/><V27/><F1/><W106/><G106/><T67/><D67/><U124/><E124/><V108/><F108/><W2/><G2/><T78/><D78/><U113/><E113/><V64/><F64/><N who="3" m="38967" /><G63/><T0/><D0/><U81/><E62/><V38/><F38/><W34/><G34/><T11/><D11/><N who="1" m="4607" /><E74/><V22/><F22/><W57/><G57/><T86/><D79/><U80/><E80/><N who="2" m="49383" /><F20/><W88/><G91/><T107/><AGARI ba="0,0" hai="8,13,16,47,48,54,83,86,90,96,100,107,116,118" machi="107" ten="20,12000,1" yaku="0,1,7,1,25,2,54,1" doraHai="122" who="0" fromWho="0" sc="250,120,250,-40,250,-40,250,-40" /><INIT seed="0,1,0,2,4,94" ten="370,210,210,210" oya="0" hai0="80,14,23,103,4,20,97,70,35,81,132,118,71" hai1="16,123,121,124,100,91,102,108,44,135,9,45,13" hai2="92,115,93,43,77,90,113,60,64,12,61,36,67" hai3="129,3,126,57,75,59,130,127,7,66,17,24,79"/><T63/><D118/><U51/><E108/><V18/><F77/><W30/><G17/><T111/><D35/><U69/><E124/><N who="3" m="47658" /><G7/><T37/><D37/><U98/><E135/><V120/><F120/><W114/><G3/><T26/><D132/><U29/><E69/><V53/><F53/><W25/><G114/><T110/><D4/><U116/><E116/><V134/><F134/><W65/><G79/><T47/><D47/><U58/><E29/><V89/><F36/><W38/><G75/><T106/><D14/><U104/><E102/><V49/><F49/><W85/><G85/><T131/><D131/><N who="3" m="50185" /><G38/><T10/><D10/><U74/><E74/><V19/><REACH who="2" step="1"/><F12/><REACH who="2" ten="370,210,200,210" step="2"/><W73/><G73/><T8/><D111/><U128/><E128/><V22/><F22/><N who="3" m="15639" /><G25/><T50/><D26/><U46/><E121/><V48/><F48/><W133/><G133/><T52/><D110/><U31/><E123/><V28/><F28/><W1/><G1/><T125/><D125/><U109/><E31/><V83/><F83/><W87/><G87/><T72/><D80/><U5/><E109/><V84/><F84/><W6/><G6/><T76/><D81/><U78/><E5/><V56/><F56/><AGARI ba="1,1" hai="56,57,59,65,66" m="15639,50185,47658" machi="56" ten="30,2000,0" yaku="18,1,19,1" doraHai="94" who="3" fromWho="2" sc="370,0,210,0,200,-23,210,33" /><INIT seed="1,0,0,2,0,21" ten="370,210,177,243" oya="1" hai0="62,16,73,123,32,23,116,104,25,26,101,54,130" hai1="134,91,46,69,79,103,33,63,55,7,97,68,128" hai2="36,28,14,80,121,64,129,71,58,119,4,70,135" hai3="109,105,10,107,115,93,126,83,108,48,106,57,27"/><U125/><E128/><V81/><F119/><W124/><G10/><T13/><D116/><U29/><E134/><V75/><F121/><W74/><G48/><T117/><D117/><U18/><E125/><N who="3" m="48234" /><G57/><T59/><D123/><U24/><E79/><V88/><F129/><W52/><G52/><T56/><D130/><U34/><E91/><V17/><F135/><W39/><G39/><T98/><D73/><U92/><E7/><V99/><F36/><W37/><G37/><T0/><D0/><U78/><E78/><V51/><F28/><W61/><G61/><T96/><D32/><U133/><E133/><V15/><F4/><W76/><G27/><T113/><D113/><U94/><E34/><V120/><F120/><W132/><G132/><T82/><D82/><U112/><E112/><V77/><F14/><W49/><G49/><T12/><D12/><U6/><E6/><V45/><F58/><W84/><G115/><T85/><D56/><U30/><E30/><V90/><F64/><W118/><G118/><T42/><D42/><U40/><E18/><V87/><F90/><AGARI ba="0,0" hai="74,76,83,84,90,93,105,106,107,108,109" m="48234" machi="90" ten="40,5200,0" yaku="18,1,34,2" doraHai="21" who="3" fromWho="2" sc="370,0,210,0,177,-52,243,52" /><INIT seed="2,0,0,0,4,97" ten="370,210,125,295" oya="2" hai0="65,127,15,133,130,91,54,37,80,125,46,120,2" hai1="128,67,31,56,124,51,3,111,25,83,92,58,60" hai2="113,132,76,49,6,42,87,79,30,135,0,86,115" hai3="109,102,118,70,119,126,93,44,116,22,12,4,61"/><V114/><F30/><W27/><G44/><T110/><D120/><U5/><E111/><V36/><F36/><W63/><G109/><T98/><D2/><U96/><E128/><V108/><F108/><W122/><G122/><T99/><D110/><U47/><E124/><N who="0" m="47689" /><D133/><N who="2" m="51274" /><F6/><W35/><G126/><T18/><D130/><U85/><E5/><V77/><F0/><W66/><G35/><T57/><D65/><U81/><E3/><V84/><F49/><W82/><G61/><N who="0" m="36023" /><D37/><U7/><E7/><V64/><F42/><W52/><G4/><T55/><D55/><U28/><E58/><V24/><F24/><W29/><G52/><T73/><D46/><U10/><E25/><V19/><F19/><W94/><G12/><T72/><D80/><U40/><E28/><V131/><F64/><W112/><G82/><T43/><D43/><U59/><E59/><V1/><F1/><W14/><G14/><T53/><D53/><U121/><E31/><V34/><F131/><W48/><G48/><T103/><D91/><N who="1" m="55327" /><E121/><V38/><F38/><W78/><G27/><T104/><D99/><U62/><E62/><V17/><F17/><W9/><G63/><T39/><D39/><U105/><E67/><V88/><F34/><W117/><G66/><T90/><D90/><AGARI ba="0,0" hai="76,77,79,84,86,87,88,90,113,114,115" m="51274" machi="90" ten="50,24000,3" yaku="29,2,28,2,20,1,34,2,54,1" doraHai="97" who="2" fromWho="0" sc="370,-240,210,0,125,240,295,0" /><INIT seed="2,1,0,2,2,132" ten="130,210,365,295" oya="2" hai0="70,55,74,133,24,89,79,40,83,17,3,113,81" hai1="128,120,35,19,115,65,66,22,12,18,101,119,110" hai2="25,57,58,75,134,38,99,53,125,39,118,64,94" hai3="14,16,105,135,91,109,28,80,47,51,45,93,114"/><V5/><F125/><W87/><G135/><T116/><D3/><U123/><E115/><V68/><F118/><W121/><G114/><T4/><D70/><U26/><E119/><V32/><F134/><W106/><G121/><N who="1" m="46666" /><E110/><V56/><F75/><W34/><G109/><T41/><D133/><U36/><E128/><V98/><F5/><W62/><G45/><T13/><D113/><U88/><E36/><V1/><F1/><W46/><G47/><T54/><D116/><U92/><E101/><V48/><F68/><W124/><G124/><T9/><D83/><U107/><E107/><V27/><F99/><W6/><G6/><T95/><D40/><U2/><E2/><V59/><F64/><W130/><G62/><T7/><D41/><U126/><E126/><V122/><F122/><W76/><G28/><T96/><D4/><U69/><E69/><V20/><F32/><W61/><G61/><T84/><D74/><U127/><E127/><V82/><F82/><W77/><G34/><T44/><REACH who="0" step="1"/><D44/><REACH who="0" ten="120,210,365,295" step="2"/><U23/><E35/><V43/><F43/><W104/><G80/><T129/><D129/><U111/><E111/><V63/><F63/><W78/><G130/><T71/><D71/><U90/><E66/><V86/><F38/><W60/><G60/><T73/><D73/><U49/><E65/><V30/><F39/><W112/><G112/><T102/><D102/><U50/><E90/><V37/><F37/><W131/><G131/><T100/><D100/><U108/><E108/><V31/><F48/><W42/><G76/><T97/><D97/><AGARI ba="1,1" hai="12,18,19,22,23,26,49,50,88,92,97" m="46666" machi="97" ten="30,2000,0" yaku="13,1,54,1" doraHai="132" who="1" fromWho="0" sc="120,-23,210,33,365,0,295,0" /><INIT seed="3,0,0,2,1,97" ten="97,243,365,295" oya="3" hai0="117,16,75,123,41,72,113,70,115,8,36,129,39" hai1="112,3,29,69,48,87,44,20,102,7,5,81,134" hai2="71,108,14,128,30,51,135,66,73,119,120,50,133" hai3="35,114,91,116,34,77,27,67,62,74,100,59,22"/><W80/><G114/><T11/><D41/><U92/><E112/><V46/><F108/><W54/><G116/><T61/><D61/><U47/><E69/><V96/><F128/><W105/><G91/><T90/><D90/><U45/><E134/><N who="2" m="51211" /><F119/><W24/><G24/><T99/><D99/><N who="1" m="59751" /><E3/><V28/><F120/><W89/><G89/><T98/><D98/><U18/><E29/><N who="2" m="11371" /><F73/><W13/><G100/><T101/><D117/><U83/><E48/><V118/><F118/><W21/><G105/><T85/><D85/><U40/><E40/><V55/><F96/><W93/><G93/><T38/><D38/><U94/><E94/><V12/><F50/><W60/><G13/><T121/><D70/><U82/><E87/><V86/><F86/><W9/><G9/><T33/><D33/><U53/><E53/><V125/><F125/><W131/><G131/><T68/><D68/><U63/><E63/><AGARI ba="0,0" hai="12,14,46,51,55,63,66,71" m="11371,51211" machi="63" ten="30,1000,0" yaku="20,1" doraHai="97" who="2" fromWho="1" sc="97,0,243,-10,365,10,295,0" owari="97,-40.3,233,-16.7,375,47.5,295,9.5" /></mjloggm>