<mjloggm ver="2.3"><GO type="225" lobby="0"/><UN n0="%E3%81%BF%E3%81%BF%E3%81%9A" n1="%E3%82%BF%E3%83%BC%E3%83%90%E3%83%B3%E9%87%8E%E5%8F%A3" n2="%E3%83%97%E3%83%AC%E3%83%B4%E3%82%A1%E3%83%86%E3%82%A3" n3="%6D%61%74%69%67%75%73%61" dan="16,16,16,17" rate="2130.17,2123.86,2100.66,2233.41" sx="M,M,F,M"/><TAIKYOKU oya="0"/><INIT seed="0,0,0,4,0,113" ten="250,250,250,250" oya="0" hai0="4,84,101,135,66,85,89,78,122,50,0,83,68" hai1="125,129,21,130,40,49,26,81,7,59,15,56,103" hai2="55,6,102,5,48,36,1,17,80,82,13,120,128" hai3="92,46,8,123,42,34,2,88,70,106,126,99,124"/><T93/><D122/><U43/><E125/><N who="3" m="48234" /><G123/><T51/><D135/><U24/><E103/><V105/><F120/><W16/><G34/><T10/><REACH who="0" step="1"/><D101/><REACH who="0" ten="240,250,250,250" step="2"/><U95/><E129/><V14/><F128/><W41/><G106/><T61/><AGARI ba="0,1" hai="0,4,10,50,51,61,66,68,78,83,84,85,89,93" machi="61" ten="30,11700,0" yaku="1,1,2,1,0,1,53,1" doraHai="113" doraHaiUra="65" who="0" fromWho="0" sc="240,127,250,-39,250,-39,250,-39" /><INIT seed="0,1,0,1,4,56" ten="367,211,211,211" oya="0" hai0="101,95,58,106,8,97,125,44,5,109,14,118,65" hai1="77,115,4,55,89,10,123,27,59,40,67,49,119" hai2="78,24,69,30,88,126,41,91,100,51,105,127,28" hai3="82,52,122,114,108,16,26,63,103,60,12,43,21"/><T70/><D118/><U86/><E123/><V11/><F69/><W48/><G108/><T20/><D109/><U36/><E119/><V74/><F74/><W15/><G114/><T57/><D125/><N who="2" m="47626" /><F78/><W75/><G122/><T83/><D106/><U32/><E115/><V80/><F80/><W6/><G75/><T131/><D131/><U96/><E77/><V116/><F11/><W107/><G107/><T130/><D130/><U73/><E96/><N who="2" m="61575" /><F116/><W29/><G103/><T121/><D121/><U23/><E73/><V34/><F30/><W46/><G82/><T129/><D129/><U102/><E102/><V45/><AGARI ba="1,0" hai="24,28,34,41,45,51,88,91" m="61575,47626" machi="45" ten="30,2000,0" yaku="18,1,54,1" doraHai="56" who="2" fromWho="2" sc="367,-11,211,-6,211,23,211,-6" /><INIT seed="1,0,0,5,4,73" ten="356,205,234,205" oya="1" hai0="80,115,46,89,11,133,63,42,38,49,12,83,91" hai1="119,69,0,77,10,76,70,67,65,5,129,40,30" hai2="4,88,131,51,36,16,109,33,60,99,31,22,74" hai3="123,27,71,82,45,47,117,121,114,100,44,86,8"/><U125/><E119/><V1/><F36/><W95/><G114/><T9/><D115/><U29/><E40/><V128/><F74/><W103/><G71/><T2/><D133/><U24/><E125/><V15/><F109/><W59/><G117/><T58/><D38/><U35/><E129/><N who="2" m="49739" /><F60/><W17/><G123/><T96/><D2/><U57/><E57/><V50/><F51/><W127/><G121/><T41/><D41/><U28/><E28/><V104/><F50/><W97/><G127/><T98/><D89/><U134/><E134/><V6/><F104/><W79/><G59/><T116/><D116/><U124/><E124/><V106/><F106/><W81/><G81/><N who="0" m="31307" /><D91/><U101/><E101/><V61/><F61/><W75/><G75/><T110/><D110/><U92/><E92/><N who="2" m="56711" /><F1/><W118/><G118/><T108/><D108/><U68/><REACH who="1" step="1"/><E30/><REACH who="1" ten="356,195,234,205" step="2"/><V122/><F122/><W3/><G103/><T87/><D58/><U53/><E53/><V26/><AGARI ba="0,1" hai="4,6,15,16,22,26,31,33" m="56711,49739" machi="26" ten="30,4000,0" yaku="19,1,54,2" doraHai="73" who="2" fromWho="2" sc="356,-10,195,-20,234,50,205,-10" /><INIT seed="2,0,0,3,4,116" ten="346,175,284,195" oya="2" hai0="109,39,98,124,113,56,4,79,71,55,7,6,26" hai1="74,96,119,105,110,84,27,11,126,100,133,29,108" hai2="120,64,59,8,115,122,131,85,104,32,40,35,49" hai3="135,95,5,51,65,88,1,93,20,22,36,86,48"/><V121/><F104/><W114/><G36/><T24/><D113/><U67/><E119/><V118/><F118/><W99/><G135/><T92/><D71/><U75/><E67/><V123/><F115/><W43/><G114/><T80/><D39/><U13/><E84/><V72/><F72/><W9/><G65/><T103/><D109/><N who="1" m="42091" /><E133/><V91/><F131/><W42/><G48/><T19/><D124/><U25/><E126/><V87/><N who="2" m="30720" /><DORA hai="33" /><V77/><F8/><W89/><REACH who="3" step="1"/><G51/><REACH who="3" ten="346,175,284,185" step="2"/><N who="0" m="30847" /><D19/><N who="1" m="8639" /><E25/><V97/><F49/><W94/><G94/><T130/><D130/><U45/><E45/><V15/><F40/><AGARI ba="0,1" hai="1,5,9,20,22,40,42,43,86,88,89,93,95,99" machi="40" ten="40,8000,1" yaku="1,1,52,1,54,1,53,1" doraHai="116,33" doraHaiUra="81,14" who="3" fromWho="2" sc="346,0,175,0,284,-80,185,90" /><INIT seed="3,0,0,2,0,73" ten="346,175,204,275" oya="3" hai0="18,83,43,31,3,56,9,81,75,1,99,77,62" hai1="100,104,28,24,20,15,13,124,86,116,91,58,76" hai2="12,44,106,22,61,67,123,127,35,49,97,39,50" hai3="38,80,42,92,16,71,51,114,126,101,107,52,5"/><W54/><G114/><T68/><D68/><U87/><E124/><V121/><F35/><W96/><G71/><T102/><D31/><U90/><E116/><V64/><F127/><W57/><G126/><T122/><D122/><N who="2" m="46602" /><F22/><W4/><G38/><T82/><D43/><U40/><E40/><N who="2" m="22559" /><F12/><N who="1" m="4681" /><E104/><V132/><F106/><W72/><G42/><T7/><D18/><U55/><E100/><V69/><F97/><W14/><G107/><T2/><D81/><N who="1" m="47399" /><E87/><V33/><F33/><W6/><G72/><T115/><D82/><U110/><E110/><V34/><F34/><W66/><G80/><T98/><D115/><U89/><E89/><V53/><F132/><W117/><G117/><T17/><D98/><U10/><E10/><V65/><F49/><AGARI ba="0,0" hai="20,24,28,49,55,58,90,91" m="47399,4681" machi="49" ten="30,2000,0" yaku="8,1,52,1" doraHai="73" who="1" fromWho="2" sc="346,0,175,20,204,-20,275,0" owari="346,44.6,195,-20.5,184,-31.6,275,7.5" /></mjloggm>