<mjloggm ver="2.3"><GO type="225" lobby="0"/><UN n0="%6D%61%74%69%67%75%73%61" n1="%E6%9D%B1%E9%A2%A8%E3%81%AE%E3%81%8D%E3%82%83%E3%81%B7%E3%81%95%E3%82%93" n2="%63%62%69%73%6B%65%74" n3="%E7%AB%8B%E8%8A%B1%E9%9F%BF" dan="17,16,16,17" rate="2186.51,2179.57,2051.77,2133.87" sx="M,M,M,F"/><TAIKYOKU oya="0"/><INIT seed="0,0,0,4,2,41" ten="250,250,250,250" oya="0" hai0="102,128,39,122,105,54,55,94,119,65,38,95,126" hai1="35,27,133,43,11,29,28,88,19,12,125,110,113" hai2="121,67,103,97,9,15,116,129,47,109,77,57,132" hai3="31,18,87,37,56,75,24,123,127,8,68,46,59"/><T1/><D119/><U3/><E43/><V124/><F121/><W20/><G75/><T131/><D1/><U85/><E3/><V83/><F116/><W4/><G68/><T2/><D2/><U66/><E28/><V5/><F109/><W70/><G70/><T106/><D65/><U25/><E25/><V0/><F129/><W135/><G123/><T40/><D40/><U45/><E133/><V108/><F108/><W7/><G135/><T62/><D122/><U117/><E125/><V14/><F124/><W49/><G37/><T100/><REACH who="0" step="1"/><D62/><REACH who="0" ten="240,250,250,250" step="2"/><U118/><E66/><V80/><F132/><W120/><G120/><T101/><D101/><U16/><E110/><V17/><F0/><W76/><G127/><AGARI ba="0,1" hai="38,39,54,55,94,95,100,102,105,106,126,127,128,131" machi="127" ten="25,12000,1" yaku="1,1,22,2,53,2" doraHai="41" doraHaiUra="90" who="0" fromWho="3" sc="240,130,250,0,250,0,250,-120" /><INIT seed="0,1,0,2,5,24" ten="370,250,250,130" oya="0" hai0="54,99,57,119,14,36,122,117,74,77,111,90,22" hai1="84,46,91,26,130,95,43,48,71,6,51,65,38" hai2="104,69,107,60,5,112,106,41,56,89,123,29,96" hai3="58,59,70,100,128,83,73,132,20,134,45,15,98"/><T68/><D122/><U118/><E118/><V8/><F123/><W126/><G70/><T63/><D36/><U109/><E109/><V16/><F112/><W86/><G73/><T87/><D68/><U35/><E130/><V3/><F69/><W75/><G75/><T94/><D74/><U82/><E6/><V131/><F131/><W92/><G128/><T61/><D111/><U78/><E65/><V12/><F41/><W103/><G126/><T108/><D108/><U93/><E71/><V115/><F115/><W10/><G103/><T102/><D77/><U4/><E4/><V39/><F39/><W125/><G125/><T18/><REACH who="0" step="1"/><D61/><REACH who="0" ten="360,250,250,130" step="2"/><U121/><E121/><V135/><F60/><W133/><G20/><T31/><D31/><U72/><REACH who="1" step="1"/><E95/><AGARI ba="1,1" hai="14,18,22,54,57,63,87,90,94,95,99,102,117,119" machi="95" ten="30,2900,0" yaku="1,1,7,1,53,0" doraHai="24" doraHaiUra="124" who="0" fromWho="1" sc="360,42,250,-32,250,0,130,0" /><INIT seed="0,2,0,4,3,43" ten="402,218,250,130" oya="0" hai0="64,6,44,51,113,19,75,41,126,72,92,36,103" hai1="28,29,120,4,22,112,82,125,70,80,24,11,62" hai2="14,124,12,105,98,37,42,56,34,49,123,107,78" hai3="129,66,117,39,27,9,45,38,67,102,111,89,73"/><T134/><D113/><U87/><E120/><V122/><F34/><W94/><G117/><T118/><D118/><U90/><E112/><V20/><F124/><W57/><G129/><T93/><D6/><U48/><E125/><V15/><F78/><W115/><G115/><T23/><D126/><U58/><E70/><V21/><F37/><W110/><G102/><T116/><D116/><U83/><E29/><V91/><F107/><W69/><G69/><T130/><D130/><U74/><E48/><V109/><F109/><N who="3" m="41483" /><G73/><T18/><D134/><U50/><E50/><V60/><F122/><W16/><G57/><T46/><D64/><N who="3" m="24617" /><G45/><T13/><D18/><U88/><E74/><V5/><F123/><W127/><G127/><T1/><D1/><U71/><E71/><V52/><F5/><W35/><G35/><T53/><REACH who="0" step="1"/><D93/><REACH who="0" ten="392,218,250,130" step="2"/><U76/><E76/><V100/><REACH who="2" step="1"/><F91/><REACH who="2" ten="392,218,240,130" step="2"/><W10/><G89/><T33/><D33/><U108/><E90/><V54/><F54/><W79/><G79/><T106/><D106/><U2/><E108/><V47/><AGARI ba="2,2" hai="12,14,15,20,21,42,47,49,52,56,60,98,100,105" machi="47" ten="30,7900,0" yaku="1,1,0,1,52,1,54,1,53,0" doraHai="43" doraHaiUra="135" who="2" fromWho="2" sc="392,-41,218,-22,240,105,130,-22" /><INIT seed="1,0,0,3,5,27" ten="351,196,345,108" oya="1" hai0="53,36,99,117,41,100,107,67,125,88,10,0,30" hai1="6,61,63,89,42,56,22,101,95,65,11,19,122" hai2="68,110,46,81,123,78,43,33,59,105,115,116,70" hai3="37,58,91,98,69,60,74,3,23,4,51,132,47"/><U7/><E122/><V85/><F123/><W35/><G35/><T31/><D117/><U135/><E135/><V52/><F116/><W86/><G132/><T128/><D67/><U93/><E42/><V29/><F105/><W55/><G74/><T39/><D128/><U16/><E101/><V48/><F110/><W25/><G98/><T97/><D53/><U84/><E95/><V90/><F115/><W40/><G4/><T14/><D0/><U102/><E102/><V79/><F70/><W109/><G3/><T45/><D39/><U57/><E11/><V8/><F68/><W9/><G9/><T18/><REACH who="0" step="1"/><D125/><REACH who="0" ten="341,196,345,108" step="2"/><U13/><E19/><V71/><F71/><W72/><G109/><T87/><D87/><U17/><E17/><V124/><F124/><W15/><G72/><T24/><D24/><U62/><E62/><V54/><F54/><AGARI ba="0,1" hai="6,7,13,16,22,54,56,57,61,63,65,84,89,93" machi="54" ten="30,5800,0" yaku="7,1,8,1,54,1" doraHai="27" who="1" fromWho="2" sc="341,0,196,68,345,-58,108,0" /><INIT seed="1,1,0,5,4,80" ten="341,264,287,108" oya="1" hai0="73,9,54,97,20,74,40,32,90,5,63,113,14" hai1="46,127,83,53,129,3,38,72,88,28,64,41,89" hai2="24,106,21,44,70,57,77,29,79,33,16,39,126" hai3="115,109,51,35,47,13,131,34,71,98,130,85,55"/><U49/><E28/><V87/><F70/><W95/><G115/><T133/><D32/><U117/><E117/><V103/><F126/><W62/><G109/><T93/><D113/><U132/><E64/><V11/><F11/><W104/><G104/><T50/><D133/><U108/><E132/><V78/><F57/><W135/><G135/><T116/><D116/><U75/><E127/><V67/><F67/><W66/><G13/><T68/><D40/><U111/><E3/><V0/><F0/><W31/><G31/><T23/><D63/><U125/><E129/><V19/><F33/><W82/><G130/><T15/><D68/><U118/><E118/><V18/><F106/><W17/><G17/><T59/><D74/><U36/><E125/><V37/><F103/><W123/><G123/><T120/><D73/><U121/><E121/><V134/><F134/><W84/><G131/><T94/><D120/><U110/><E36/><V48/><REACH who="2" step="1"/><F87/><REACH who="2" ten="341,264,277,108" step="2"/><W65/><G65/><T124/><D124/><U2/><E2/><V107/><F107/><W27/><G84/><N who="0" m="52423" /><D15/><U61/><E72/><V52/><AGARI ba="1,1" hai="16,18,19,21,24,29,37,39,44,48,52,77,78,79" machi="52" ten="30,7900,0" yaku="1,1,0,1,54,2,53,0" doraHai="80" doraHaiUra="4" who="2" fromWho="2" sc="341,-21,264,-40,277,92,108,-21" /><INIT seed="2,0,0,3,3,129" ten="320,224,369,87" oya="2" hai0="110,73,119,49,113,88,80,72,56,85,29,59,23" hai1="77,34,66,64,99,11,71,125,131,79,118,47,32" hai2="108,30,5,97,48,20,130,126,98,54,3,58,1" hai3="25,86,100,15,68,42,70,21,105,24,38,37,116"/><V114/><F114/><W82/><G116/><T50/><D113/><U44/><E118/><V95/><F130/><W134/><G134/><T7/><D119/><U31/><E99/><V41/><F126/><W45/><G38/><T84/><D7/><U2/><E11/><V107/><F108/><W26/><G100/><T28/><D23/><U9/><E9/><V62/><F107/><W22/><G105/><T18/><D18/><U83/><E83/><V135/><F135/><W74/><G74/><T127/><D80/><U94/><E94/><V101/><F5/><W120/><G120/><T12/><D12/><U27/><E2/><V16/><F30/><W46/><G46/><T69/><D88/><U111/><E71/><V109/><F109/><W124/><G124/><T76/><D127/><U39/><E39/><V102/><F41/><W60/><G60/><T40/><D110/><U91/><E125/><V57/><F98/><W51/><G37/><T93/><D93/><U106/><E106/><V112/><F102/><W75/><G75/><T92/><D92/><U67/><E131/><V133/><F112/><W43/><G43/><T132/><D40/><U19/><E111/><V33/><F133/><W96/><G96/><T89/><D132/><U104/><E34/><V81/><F81/><W122/><G122/><T10/><D73/><U121/><E104/><V123/><F123/><W36/><G36/><T14/><D72/><U117/><E117/><V87/><F33/><W17/><REACH who="3" step="1"/><G22/><REACH who="3" ten="320,224,369,77" step="2"/><T4/><D84/><U55/><E121/><V128/><F87/><W35/><G35/><RYUUKYOKU ba="0,1" sc="320,-10,224,-10,369,-10,77,30" hai3="15,17,21,24,25,26,42,45,51,68,70,82,86" /><INIT seed="3,1,1,3,2,119" ten="310,214,359,107" oya="3" hai0="43,129,19,114,29,79,71,72,131,115,26,48,121" hai1="116,89,23,33,118,77,80,15,56,107,14,2,75" hai2="39,87,3,95,40,76,4,62,13,28,113,35,74" hai3="7,73,20,91,96,83,127,45,25,110,59,81,94"/><W88/><G127/><T58/><D71/><U82/><E107/><V103/><F113/><N who="0" m="43018" /><D19/><U126/><E33/><V9/><F62/><W11/><G110/><T22/><D79/><U51/><E2/><V44/><F13/><W16/><G73/><T66/><D72/><U104/><E104/><V24/><F87/><W133/><G133/><T135/><D135/><U53/><E126/><V84/><F84/><W70/><G70/><T100/><D100/><U67/><E67/><V1/><F1/><W38/><G91/><T112/><D112/><U120/><E120/><V49/><F49/><W86/><G86/><T41/><D121/><U101/><E101/><V90/><F103/><W34/><G34/><T0/><D0/><U61/><E61/><V123/><F123/><W60/><G38/><T64/><D58/><U18/><E14/><V78/><F74/><W124/><G45/><N who="0" m="25647" /><D43/><U31/><E31/><V102/><F102/><W30/><G30/><T128/><AGARI ba="1,1" hai="22,26,29,64,66,128,129,131" m="25647,43018" machi="128" ten="40,2700,0" yaku="19,1,11,1" doraHai="119" who="0" fromWho="0" sc="310,40,214,-8,359,-8,107,-14" owari="350,15.0,206,-19.4,351,45.1,93,-40.7" /></mjloggm>