<mjloggm ver="2.3"><GO type="225" lobby="0"/><UN n0="%72%69%6F%75%63%68%61%6E" n1="%E8%81%B7%E6%A5%AD%E3%80%81%E9%A2%A8%32" n2="%E5%AE%AE%E4%BF%9D%E9%B6%8F%E8%82%89" n3="%E7%9C%9F%E4%B8%80" dan="17,16,16,17" rate="2178.35,2150.84,2139.67,2214.64" sx="M,M,M,M"/><TAIKYOKU oya="0"/><INIT seed="0,0,0,2,0,0" ten="250,250,250,250" oya="0" hai0="73,22,53,41,58,131,71,67,10,66,29,117,108" hai1="11,101,120,55,89,100,52,130,87,104,102,5,35" hai2="19,106,105,8,42,134,118,88,12,94,63,133,57" hai3="86,30,111,6,132,112,39,97,93,34,78,13,109"/><T70/><D117/><U38/><E35/><V9/><F118/><W31/><G39/><T74/><D131/><U123/><E104/><V7/><F42/><W40/><G40/><T51/><D108/><N who="3" m="41545" /><G34/><T126/><D126/><U77/><E38/><V36/><F36/><W119/><G112/><T23/><D41/><U48/><E130/><V75/><F75/><W28/><G132/><N who="2" m="50793" /><F9/><N who="3" m="4279" /><G119/><T47/><D10/><U64/><E64/><N who="0" m="24617" /><D70/><U128/><E128/><V45/><F45/><W98/><G93/><T76/><D71/><U54/><E77/><V18/><F57/><W114/><G114/><T72/><D76/><U81/><REACH who="1" step="1"/><E48/><REACH who="1" ten="250,240,250,250" step="2"/><V69/><F106/><W135/><G135/><T32/><D32/><U115/><E115/><V110/><F105/><W83/><AGARI ba="0,1" hai="28,30,31,78,83,86,97,98" m="4279,41545" machi="83" ten="40,2700,0" yaku="14,1,52,1" doraHai="0" who="3" fromWho="3" sc="250,-13,240,-7,250,-7,250,37" /><INIT seed="1,0,0,3,5,63" ten="237,233,243,287" oya="1" hai0="44,69,119,75,57,120,21,134,12,28,107,36,18" hai1="47,78,113,52,81,101,73,34,72,33,96,79,116" hai2="54,91,23,64,92,20,83,55,125,133,76,10,127" hai3="26,38,9,0,29,50,65,102,85,77,124,14,17"/><U3/><E116/><V112/><F133/><W68/><G38/><T103/><D119/><U61/><E113/><V82/><F112/><W4/><G124/><N who="2" m="47689" /><F10/><W109/><G109/><T6/><D69/><U56/><E3/><V95/><F64/><W13/><G102/><T114/><D114/><U43/><E79/><V84/><F95/><W27/><G50/><T122/><D134/><U40/><E73/><N who="2" m="43279" /><F92/><W53/><G65/><T31/><D75/><U49/><REACH who="1" step="1"/><E43/><REACH who="1" ten="237,223,243,287" step="2"/><V2/><F2/><W24/><G0/><T8/><D122/><U132/><E132/><V110/><F110/><W11/><G29/><T19/><D120/><U86/><E86/><V100/><F100/><W37/><G77/><T93/><D28/><U58/><E58/><V94/><F83/><W41/><G85/><T118/><D118/><U121/><E121/><V30/><F30/><W80/><G80/><T5/><D31/><U98/><E98/><V74/><F74/><W128/><G41/><T67/><D103/><U15/><E15/><V129/><F129/><W123/><G123/><T42/><D57/><U1/><E1/><V70/><F70/><W71/><G128/><T117/><D117/><U99/><E99/><V25/><F25/><W87/><G87/><T32/><D12/><U89/><E89/><V135/><F135/><W90/><G90/><T108/><D108/><U106/><AGARI ba="0,1" hai="33,34,40,47,49,52,56,61,72,78,81,96,101,106" machi="106" ten="20,7800,0" yaku="1,1,0,1,7,1,54,1,53,0" doraHai="63" doraHaiUra="62" who="1" fromWho="1" sc="237,-26,223,88,243,-26,287,-26" /><INIT seed="1,1,0,4,0,24" ten="211,311,217,261" oya="1" hai0="93,134,40,10,109,57,44,79,26,131,130,74,129" hai1="3,23,108,17,90,104,94,55,99,125,43,2,13" hai2="65,86,42,12,102,82,124,15,133,110,47,103,38" hai3="101,49,128,105,58,63,96,120,98,35,97,48,114"/><U46/><E125/><V62/><F124/><W34/><G120/><T135/><D109/><U51/><E108/><V29/><F110/><W72/><G72/><T75/><D79/><U54/><E104/><V41/><F133/><N who="0" m="50698" /><D10/><U50/><REACH who="1" step="1"/><E43/><REACH who="1" ten="211,301,217,261" step="2"/><V0/><F42/><W16/><G105/><T37/><D93/><U28/><E28/><V107/><F29/><W20/><G114/><T119/><D119/><U9/><E9/><V76/><F0/><W116/><G116/><T30/><D57/><AGARI ba="1,1" hai="2,3,13,17,23,46,50,51,54,55,57,90,94,99" machi="57" ten="30,5800,0" yaku="1,1,7,1,53,1" doraHai="24" doraHaiUra="18" who="1" fromWho="0" sc="211,-61,301,71,217,0,261,0" /><INIT seed="1,2,0,4,5,35" ten="150,372,217,261" oya="1" hai0="120,40,98,115,92,108,96,37,9,118,16,82,128" hai1="26,112,83,114,6,3,100,119,43,129,103,101,109" hai2="54,64,23,106,74,46,79,7,10,68,42,95,52" hai3="13,12,24,49,124,18,94,131,75,90,80,135,69"/><U84/><E119/><V107/><F68/><W102/><G69/><T65/><D115/><U122/><E122/><V19/><F64/><W78/><G135/><T59/><D118/><U53/><E129/><V88/><F107/><W41/><G131/><T93/><D128/><U70/><E70/><V110/><F106/><W67/><G67/><T38/><D120/><U126/><E126/><V5/><F110/><W8/><G124/><T133/><D133/><U132/><E132/><V99/><F79/><W1/><G102/><T48/><D108/><U39/><E109/><V86/><F74/><W97/><G1/><T117/><D117/><U81/><E81/><V56/><F86/><W29/><G13/><N who="0" m="7215" /><D37/><U60/><E26/><V105/><F105/><W89/><G41/><T4/><D38/><U71/><E43/><V72/><F72/><W31/><G49/><T44/><D4/><U51/><E39/><V62/><F54/><W73/><G75/><T125/><D125/><U0/><E6/><V58/><F58/><W36/><G36/><T63/><D82/><U121/><E121/><V22/><F22/><W28/><REACH who="3" step="1"/><G90/><REACH who="3" ten="150,372,217,251" step="2"/><T55/><D65/><N who="1" m="41383" /><E3/><V14/><F10/><W116/><G116/><T50/><D48/><AGARI ba="2,1" hai="5,7,14,19,23,42,46,48,52,56,62,88,95,99" machi="48" ten="30,7700,0" yaku="7,1,8,1,54,2" doraHai="35" who="2" fromWho="0" sc="150,-83,372,0,217,93,251,0" /><INIT seed="2,0,0,5,3,14" ten="67,372,310,251" oya="2" hai0="29,111,120,2,83,85,99,43,60,101,133,116,31" hai1="41,25,73,49,129,102,69,52,26,92,12,131,34" hai2="1,67,24,58,51,68,87,74,33,76,27,78,126" hai3="6,63,114,107,75,28,4,88,17,9,89,127,119"/><V8/><F126/><W81/><G119/><T66/><D111/><U80/><E69/><V128/><F128/><N who="1" m="49225" /><E34/><V65/><F74/><W112/><G127/><T70/><D133/><U82/><E41/><V32/><F68/><W39/><G39/><T53/><D120/><U72/><E12/><V30/><F33/><W15/><G107/><T0/><D116/><U37/><E37/><V98/><F27/><N who="1" m="10249" /><E82/><V23/><F32/><W7/><G28/><T103/><D43/><U90/><E80/><V125/><F125/><W77/><REACH who="3" step="1"/><G63/><REACH who="3" ten="67,372,310,241" step="2"/><T110/><D110/><U44/><E102/><V108/><F108/><W50/><G50/><T121/><D121/><U47/><E47/><V122/><F122/><W91/><AGARI ba="0,1" hai="4,6,7,9,15,17,75,77,81,88,89,91,112,114" machi="91" ten="40,8000,1" yaku="1,1,0,1,52,1,54,1,53,0" doraHai="14" doraHaiUra="96" who="3" fromWho="3" sc="67,-20,372,-20,310,-40,241,90" /><INIT seed="3,0,0,4,4,65" ten="47,352,270,331" oya="3" hai0="53,15,7,17,102,12,29,123,73,69,105,66,36" hai1="81,119,122,79,27,109,120,111,0,87,18,21,4" hai2="131,40,77,118,106,48,46,26,97,114,134,8,89" hai3="33,116,125,10,91,11,103,32,86,99,75,128,101"/><W61/><G75/><T41/><D123/><U34/><E119/><V44/><F118/><W71/><G116/><T56/><D73/><U43/><E43/><V51/><F114/><W107/><G103/><T117/><D117/><U49/><E49/><V58/><F134/><W135/><G135/><T127/><D127/><U110/><E34/><V47/><F131/><W38/><G38/><T129/><D129/><U90/><E4/><V30/><F77/><W70/><G128/><T121/><D121/><N who="1" m="46699" /><E0/><V84/><F8/><W104/><G125/><T9/><D29/><U98/><E98/><V83/><F106/><N who="3" m="40491" /><G61/><T113/><D113/><U60/><E60/><V62/><F97/><W16/><G101/><T2/><D105/><U55/><E55/><V63/><F51/><W35/><G16/><T20/><D102/><U23/><E23/><V76/><F63/><W19/><G19/><T85/><D66/><U78/><AGARI ba="0,0" hai="18,21,27,78,79,81,87,90,109,110,111" m="46699" machi="78" ten="40,1500,0" yaku="14,1" doraHai="65" who="1" fromWho="1" sc="47,-4,352,15,270,-4,331,-7" owari="43,-45.7,367,46.7,266,-13.4,324,12.4" /></mjloggm>