<mjloggm ver="2.3"><GO type="225" lobby="0"/><UN n0="%E9%A2%A8%E3%81%A7%E9%B3%B4%E3%81%8F" n1="%E3%81%A8%E3%82%89%E3%81%84%E3%81%A1" n2="%E3%82%B2%E3%82%B9%E8%8C%82%E5%8B%9D" n3="%70%68%65%6E%6F%6D%65" dan="16,16,16,16" rate="2182.75,2113.93,2078.14,2098.81" sx="M,M,F,M"/><TAIKYOKU oya="0"/><INIT seed="0,0,0,4,3,48" ten="250,250,250,250" oya="0" hai0="132,130,52,64,2,111,19,100,16,85,39,18,11" hai1="1,74,25,88,94,79,83,86,33,60,87,23,9" hai2="123,93,133,67,29,65,131,21,12,119,50,28,126" hai3="13,0,91,89,112,45,90,35,121,135,128,114,37"/><T46/><D130/><U101/><E33/><V97/><F131/><W120/><G0/><T73/><D73/><U38/><E38/><V32/><F126/><W78/><G128/><T63/><D132/><U95/><E101/><V125/><F133/><W98/><G35/><T22/><D111/><U34/><E34/><V61/><F125/><W58/><G135/><T15/><D100/><U24/><E60/><V68/><F119/><W43/><G78/><T82/><D2/><U76/><E76/><V72/><F123/><N who="3" m="47179" /><G98/><T71/><D22/><U106/><E106/><V104/><F72/><W54/><G13/><T115/><D115/><U109/><E109/><V92/><F65/><W103/><G103/><T44/><D39/><U118/><E118/><V49/><F104/><W105/><G105/><T3/><D3/><U42/><E42/><V51/><F32/><W36/><G37/><T8/><D8/><U107/><E107/><V62/><F61/><AGARI ba="0,0" hai="36,43,45,54,58,61,89,90,91,112,114" m="47179" machi="61" ten="30,2000,0" yaku="13,1,52,1" doraHai="48" who="3" fromWho="2" sc="250,0,250,0,250,-20,250,20" /><INIT seed="1,0,0,1,1,2" ten="250,250,230,270" oya="1" hai0="125,3,9,86,47,55,97,91,108,85,71,79,65" hai1="33,7,24,14,15,129,124,6,83,49,39,62,36" hai2="130,98,4,117,16,76,78,70,99,41,48,132,22" hai3="115,100,92,133,118,8,43,126,114,28,5,120,10"/><U18/><E49/><V58/><F130/><W72/><G72/><T44/><D125/><U21/><E124/><V113/><F132/><W128/><G120/><T50/><D108/><U81/><E129/><V101/><F113/><W122/><G122/><T61/><D79/><N who="2" m="30250" /><F70/><W13/><G128/><T119/><D119/><U74/><E74/><V52/><F117/><W0/><G118/><T17/><D17/><U26/><E62/><V96/><F41/><W19/><G126/><T104/><D47/><U30/><E36/><V112/><F112/><W27/><G43/><T1/><D1/><U95/><E95/><N who="2" m="58527" /><F4/><N who="1" m="1577" /><E33/><V23/><F23/><W42/><G42/><T87/><D3/><U34/><E34/><V46/><F46/><W80/><G80/><N who="1" m="30794" /><E39/><V35/><F35/><W105/><G105/><T20/><D104/><U103/><E103/><V84/><F84/><W25/><G133/><T102/><D102/><U63/><E63/><V31/><F31/><W67/><G28/><T59/><D71/><U11/><E30/><V109/><F109/><W12/><G0/><T93/><D20/><U116/><E116/><V53/><F53/><W82/><G82/><T60/><D61/><U135/><E135/><V51/><F51/><W77/><G77/><T29/><D29/><U45/><E45/><V66/><F66/><W68/><G67/><T94/><D94/><U88/><E88/><V90/><F90/><W56/><G68/><T123/><D123/><U75/><E75/><V73/><F73/><W131/><G131/><T110/><D110/><U57/><E57/><V38/><F38/><RYUUKYOKU ba="0,0" sc="250,10,250,10,230,10,270,-30" hai0="9,44,50,55,59,60,65,85,86,87,91,93,97" hai1="11,14,15,18,21,24,26" hai2="16,22,48,52,58,98,99" /><INIT seed="1,1,0,2,2,11" ten="260,260,240,240" oya="1" hai0="91,34,58,42,122,50,5,114,89,127,13,107,15" hai1="1,9,23,82,62,3,105,32,125,134,86,133,56" hai2="88,30,63,93,128,8,120,111,83,18,33,26,123" hai3="69,6,117,46,45,109,106,73,72,52,66,75,76"/><U38/><E105/><V104/><F111/><W4/><G109/><T68/><D107/><U116/><E116/><V99/><F128/><W95/><G106/><T96/><D34/><U36/><E32/><V118/><F118/><W102/><G117/><T90/><D68/><U79/><E23/><V84/><F104/><W81/><G69/><T40/><D114/><U135/><E125/><V94/><F63/><W57/><G66/><T7/><D127/><U35/><E35/><V10/><F93/><W112/><G112/><T20/><D96/><U132/><N who="1" m="33792" /><DORA hai="39" /><U24/><E24/><V71/><F71/><W48/><G4/><N who="0" m="1611" /><D122/><U54/><REACH who="1" step="1"/><E9/><REACH who="1" ten="260,250,240,240" step="2"/><V47/><F8/><W97/><REACH who="3" step="1"/><G6/><REACH who="3" ten="260,250,240,230" step="2"/><T113/><D113/><U44/><E44/><AGARI ba="1,2" hai="44,45,46,48,52,57,72,73,75,76,81,95,97,102" machi="44" ten="40,8000,1" yaku="1,1,2,1,54,1,53,1" doraHai="11,39" doraHaiUra="70,53" who="3" fromWho="1" sc="260,0,250,-83,240,0,230,103" /><INIT seed="2,0,0,1,5,117" ten="260,167,240,333" oya="2" hai0="121,32,123,97,79,6,118,21,71,112,105,27,134" hai1="38,78,84,48,119,43,22,63,113,8,55,126,68" hai2="114,107,23,133,69,35,9,135,82,83,74,3,87" hai3="91,53,98,125,124,24,131,20,61,108,10,103,30"/><V116/><F116/><W58/><G108/><T60/><D118/><U49/><E119/><V46/><F114/><W101/><G131/><T64/><D21/><U72/><E113/><V16/><F69/><W85/><G10/><T95/><D112/><U4/><E72/><V94/><F107/><W31/><G31/><N who="0" m="19583" /><D95/><U36/><E126/><N who="3" m="48746" /><G98/><T129/><D129/><U0/><E22/><V57/><F35/><W106/><G106/><T89/><D89/><U29/><E29/><V37/><F57/><W18/><G30/><T104/><D134/><N who="2" m="51210" /><F74/><W93/><AGARI ba="0,0" hai="18,20,24,53,58,61,85,91,93,101,103" m="48746" machi="93" ten="30,1100,0" yaku="18,1" doraHai="117" who="3" fromWho="3" sc="260,-3,167,-3,240,-5,333,11" /><INIT seed="3,0,0,3,3,1" ten="257,164,235,344" oya="3" hai0="28,94,79,43,133,17,124,130,97,125,16,48,3" hai1="62,37,4,77,95,21,14,56,121,126,9,73,66" hai2="76,101,123,8,98,96,23,129,114,80,49,75,54" hai3="120,82,13,70,40,57,42,134,91,36,5,131,85"/><W29/><G120/><T46/><D3/><U31/><E121/><V116/><F116/><W115/><G70/><T128/><D79/><U72/><E126/><N who="0" m="48745" /><D28/><U113/><E113/><V68/><F114/><W11/><G131/><N who="0" m="50219" /><D17/><U10/><E37/><V44/><F129/><W55/><G29/><T92/><D16/><U47/><E47/><V87/><F123/><W18/><G115/><T32/><D32/><U89/><E77/><V58/><F68/><W19/><G18/><T111/><D111/><U102/><E10/><V30/><F75/><W117/><G19/><T100/><D92/><U52/><E66/><V106/><F96/><W86/><G13/><T41/><D41/><U74/><E102/><V15/><F23/><W112/><G42/><T50/><D50/><U81/><E81/><V83/><F80/><W90/><G40/><T53/><D43/><U6/><E6/><V7/><REACH who="2" step="1"/><F30/><REACH who="2" ten="257,164,225,344" step="2"/><W84/><G82/><T25/><D25/><U103/><E103/><V122/><F122/><W59/><G112/><T118/><D118/><U67/><E31/><V2/><F2/><W69/><G117/><T109/><D109/><U132/><E132/><AGARI ba="0,1" hai="46,48,53,94,97,100,132,133" m="50219,48745" machi="132" ten="40,8000,1" yaku="30,2,18,1,19,1" doraHai="1" who="0" fromWho="1" sc="257,90,164,-80,225,0,344,0" owari="347,44.7,84,-41.6,225,-17.5,344,14.4" /></mjloggm>