<mjloggm ver="2.3"><GO type="225" lobby="0"/><UN n0="%E9%80%9F%E6%B0%B4%E5%87%9B%E9%A6%99" n1="%E3%81%86%E3%82%8C%E3%81%9F%E3%82%93%E6%9E%95" n2="%E3%81%B2%E3%81%AA%E3%81%AE%E3%82%8A%E3%81%8F" n3="%E3%81%A1%E3%82%85%E3%81%86%E3%81%A9%E3%81%8F%E8%B1%A1%E3%81%95%E3%82%93" dan="16,16,16,16" rate="2081.79,2110.61,2195.43,2122.29" sx="F,F,M,M"/><TAIKYOKU oya="0"/><INIT seed="0,0,0,1,4,33" ten="250,250,250,250" oya="0" hai0="124,5,131,118,83,51,115,134,93,42,72,13,80" hai1="3,95,74,35,64,62,0,85,10,4,127,7,121" hai2="22,15,34,32,21,108,92,73,103,132,20,36,96" hai3="8,16,112,17,29,126,88,130,102,28,14,78,71"/><T104/><D118/><U40/><E121/><V60/><F108/><W23/><G112/><T27/><D104/><U90/><E74/><V79/><F36/><W114/><G114/><T56/><D115/><U122/><E122/><V117/><F117/><W58/><G71/><T30/><D134/><U63/><E35/><V111/><F111/><W70/><G70/><T67/><D131/><U100/><E127/><V43/><F43/><W19/><G130/><T99/><D124/><U69/><E40/><V9/><F132/><W25/><G126/><T119/><D72/><U82/><E62/><V97/><F97/><W129/><G129/><T49/><D49/><U89/><E100/><V81/><REACH who="2" step="1"/><F60/><REACH who="2" ten="250,250,240,250" step="2"/><W41/><G41/><T50/><D42/><U39/><E39/><V65/><F65/><W125/><G125/><T59/><D119/><U54/><E54/><V113/><F113/><W38/><G38/><T133/><D133/><U31/><E31/><V91/><F91/><W68/><G29/><T45/><D67/><U26/><E90/><V47/><F47/><W109/><G102/><T128/><D30/><U84/><E89/><V55/><F55/><W105/><G88/><T75/><D45/><U46/><E46/><V37/><F37/><W52/><G28/><T48/><D99/><U76/><E63/><V57/><F57/><W18/><G109/><T24/><D56/><U116/><E64/><V6/><AGARI ba="0,1" hai="6,9,15,20,21,22,32,34,73,79,81,92,96,103" machi="6" ten="30,2000,0" yaku="1,1,0,1,53,0" doraHai="33" doraHaiUra="101" who="2" fromWho="2" sc="250,-10,250,-5,240,30,250,-5" /><INIT seed="1,0,0,5,4,4" ten="240,245,270,245" oya="1" hai0="111,117,38,104,23,119,24,130,74,75,89,128,21" hai1="100,64,9,106,44,45,28,131,15,92,85,112,96" hai2="70,88,1,2,91,126,127,68,57,48,79,51,16" hai3="26,10,50,42,67,55,95,113,81,107,59,116,97"/><U30/><E112/><V114/><F114/><W86/><G113/><T87/><D38/><U17/><E131/><N who="0" m="50217" /><D104/><U129/><E129/><V93/><F79/><W63/><G107/><T125/><D111/><U110/><E64/><V84/><F91/><W65/><G116/><N who="0" m="44619" /><D125/><N who="2" m="47626" /><F16/><W102/><G26/><T83/><D21/><U77/><E110/><V40/><F57/><W53/><G42/><T25/><D25/><U8/><E8/><V19/><F19/><AGARI ba="0,0" hai="19,23,24,74,75,83,87,89" m="44619,50217" machi="19" ten="30,1000,0" yaku="19,1" doraHai="4" who="0" fromWho="2" sc="240,10,245,0,270,-10,245,0" /><INIT seed="2,0,0,4,4,62" ten="250,245,260,245" oya="2" hai0="132,29,95,36,5,60,53,123,46,50,15,105,24" hai1="121,113,93,70,85,13,0,81,6,114,42,39,102" hai2="27,71,117,112,25,7,66,87,9,135,127,67,44" hai3="84,63,133,107,65,8,129,126,101,61,111,120,14"/><V18/><F112/><W49/><G120/><T89/><D105/><U90/><E121/><V4/><F117/><W54/><G111/><T109/><D123/><U116/><E0/><V16/><F135/><W76/><G133/><T115/><D132/><U106/><E106/><V69/><F44/><W72/><G72/><T57/><D36/><U82/><E70/><V92/><F87/><W78/><G129/><T40/><D115/><U128/><E116/><V10/><F92/><W96/><G126/><AGARI ba="0,0" hai="4,7,9,10,16,18,25,27,66,67,69,71,126,127" machi="126" ten="25,12000,1" yaku="22,2,52,2,54,1" doraHai="62" who="2" fromWho="3" sc="250,0,245,0,260,120,245,-120" /><INIT seed="2,1,0,4,4,112" ten="250,245,380,125" oya="2" hai0="51,92,105,61,6,116,12,7,29,133,106,58,25" hai1="87,89,18,129,108,82,4,34,110,49,19,121,57" hai2="68,1,43,115,113,122,78,90,46,62,53,70,37" hai3="24,132,32,52,64,48,73,102,95,79,33,45,120"/><V13/><F1/><W128/><G120/><T69/><D69/><U119/><E119/><V2/><F2/><W131/><G64/><T16/><D51/><U5/><E129/><V77/><F122/><W50/><G132/><T84/><D133/><U22/><E34/><V94/><F53/><W9/><G9/><T35/><D106/><U59/><E121/><V134/><F134/><W11/><G11/><T93/><D105/><U44/><E19/><V72/><F13/><W0/><G0/><T100/><D116/><U40/><E108/><V17/><F17/><W20/><G79/><T76/><D76/><U27/><REACH who="1" step="1"/><E110/><REACH who="1" ten="250,235,380,125" step="2"/><V31/><F113/><W30/><G73/><T104/><D6/><AGARI ba="1,1" hai="4,5,6,18,22,27,40,44,49,57,59,82,87,89" machi="6" ten="40,5200,0" yaku="1,1,2,1,8,1,53,0" doraHai="112" doraHaiUra="91" who="1" fromWho="0" sc="250,-55,235,65,380,0,125,0" /><INIT seed="3,0,0,1,2,101" ten="195,300,380,125" oya="3" hai0="8,5,35,58,55,31,83,67,91,123,45,14,76" hai1="28,19,129,41,85,98,132,3,71,0,75,95,100" hai2="111,133,97,22,26,105,12,122,119,118,81,38,15" hai3="23,115,56,126,65,74,44,90,113,130,84,29,106"/><W16/><G74/><T46/><D123/><U128/><E71/><V32/><F32/><W64/><G130/><N who="1" m="50282" /><E75/><V27/><F38/><W2/><G2/><N who="1" m="554" /><E28/><V77/><F27/><W124/><G29/><T94/><D67/><N who="3" m="25673" /><G56/><T86/><D31/><U53/><E41/><V11/><F122/><W88/><G44/><T121/><D35/><U87/><E132/><V13/><F133/><W43/><G43/><T9/><D9/><U4/><E4/><V49/><F119/><W66/><N who="3" m="25681" /><W116/><DORA hai="102" /><G116/><T70/><D70/><U57/><E19/><V99/><F118/><W39/><G39/><T127/><D127/><N who="3" m="48681" /><G106/><T63/><REACH who="0" step="1"/><D121/><REACH who="0" ten="185,300,380,125" step="2"/><U68/><E68/><V30/><F11/><W79/><G79/><T33/><D33/><U125/><E125/><V1/><F77/><W131/><G131/><T112/><D112/><N who="3" m="43081" /><G84/><AGARI ba="0,1" hai="5,8,14,45,46,55,58,63,76,83,84,86,91,94" machi="84" ten="30,8000,1" yaku="1,1,7,1,8,1,53,2" doraHai="101,102" doraHaiUra="82,104" who="0" fromWho="3" sc="185,90,300,0,380,0,125,-80" owari="275,-12.5,300,10.0,380,48.0,45,-45.5" /></mjloggm>