<mjloggm ver="2.3"><GO type="225" lobby="0"/><UN n0="%4C%4F%4C%49%54%41" n1="%E5%A4%9C%E5%85%89%E5%A4%A9%E6%A5%BC" n2="%6D%61%6A%69%6B%75%7A%75" n3="%E9%A6%AC%E4%BA%86%E9%9A%94%E5%A3%81" dan="16,16,17,18" rate="2151.97,2097.71,2246.08,2213.05" sx="F,F,M,M"/><TAIKYOKU oya="0"/><INIT seed="0,0,0,3,3,81" ten="250,250,250,250" oya="0" hai0="22,78,5,7,96,104,134,53,0,72,26,60,67" hai1="128,28,91,37,75,59,100,9,131,50,103,101,107" hai2="17,23,1,39,32,87,47,24,55,12,102,41,40" hai3="57,42,93,64,65,18,109,34,73,119,114,76,54"/><T85/><D134/><U4/><E37/><V112/><F1/><W94/><G114/><T130/><D130/><N who="1" m="49707" /><E75/><V127/><F112/><W86/><G119/><T125/><D125/><U92/><E28/><V129/><F127/><W89/><G34/><T35/><D72/><U133/><E133/><V49/><F129/><W108/><G42/><T117/><D117/><U15/><E50/><V56/><F40/><W20/><G94/><T30/><D0/><U31/><E59/><V10/><F102/><W126/><G126/><T123/><D53/><U95/><E31/><V110/><F110/><N who="3" m="42603" /><G76/><T38/><D123/><U8/><E107/><V98/><F98/><W80/><G80/><N who="0" m="47255" /><D22/><U68/><E68/><V122/><F122/><W48/><G73/><T6/><D38/><U25/><E91/><V63/><F32/><W27/><AGARI ba="0,0" hai="18,20,27,48,54,57,64,65,86,89,93" m="42603" machi="27" ten="30,2000,0" yaku="14,1,52,1" doraHai="81" who="3" fromWho="3" sc="250,-10,250,-5,250,-5,250,20" /><INIT seed="1,0,0,1,3,48" ten="240,245,245,270" oya="1" hai0="36,100,15,0,76,126,97,128,107,70,74,86,117" hai1="32,82,41,102,9,13,53,2,90,31,120,111,134" hai2="24,131,17,71,58,7,50,14,57,69,112,89,108" hai3="43,19,67,11,93,29,22,37,46,101,60,121,47"/><U123/><E2/><V49/><F112/><W119/><G121/><T34/><RYUUKYOKU type="yao9" ba="0,0" sc="240,0,245,0,245,0,270,0" hai0="0,15,34,36,70,74,76,86,97,100,107,117,126,128" /><INIT seed="1,1,0,5,0,119" ten="240,245,245,270" oya="1" hai0="100,76,115,52,103,25,135,47,98,22,75,86,6" hai1="92,9,58,37,66,46,15,28,11,120,96,29,109" hai2="49,87,133,38,93,62,19,63,102,116,2,97,23" hai3="94,55,5,125,104,27,17,111,72,33,82,4,77"/><U51/><E120/><V34/><F116/><W26/><G104/><T67/><D115/><U85/><E85/><V31/><F38/><W13/><G111/><T0/><D75/><U117/><E117/><V3/><F133/><W8/><G125/><T45/><D135/><U81/><E81/><V118/><F118/><W56/><G94/><T108/><D108/><U121/><E121/><V80/><F34/><W124/><G124/><T50/><D67/><U105/><E105/><V1/><F31/><W7/><REACH who="3" step="1"/><G33/><REACH who="3" ten="240,245,245,260" step="2"/><T41/><D100/><U48/><E92/><V131/><F131/><W18/><G18/><T126/><D126/><U123/><E109/><V53/><F19/><W40/><G40/><T35/><D35/><U110/><E110/><V112/><F112/><W106/><G106/><T129/><D129/><U10/><E29/><V21/><F93/><W59/><G59/><T83/><D41/><U12/><E28/><V79/><F102/><W78/><G78/><T128/><D128/><U95/><E123/><V134/><F134/><W24/><G24/><T44/><D103/><N who="1" m="60831" /><E37/><V30/><F30/><W16/><G16/><N who="0" m="12487" /><D98/><U89/><E89/><V70/><F97/><W90/><G90/><T107/><D107/><U73/><E46/><V99/><F99/><W91/><G91/><T101/><D101/><U14/><E73/><V114/><F114/><W32/><G32/><T84/><D84/><U64/><E58/><N who="2" m="33071" /><F70/><W71/><G71/><T130/><D130/><U122/><E122/><V88/><F88/><W20/><G20/><T36/><D36/><U39/><E39/><RYUUKYOKU ba="1,1" sc="240,0,245,0,245,0,260,0" hai0="0,6,44,45,47,50,52,76,83,86" hai1="9,10,11,12,14,15,48,51,64,66" hai2="1,2,3,21,23,62,63,79,80,87" hai3="4,5,7,8,13,17,26,27,55,56,72,77,82" /><INIT seed="1,2,1,0,2,3" ten="240,245,245,260" oya="1" hai0="69,51,95,132,84,49,6,81,126,28,16,50,54" hai1="42,108,35,99,45,64,117,60,37,20,19,53,0" hai2="98,125,22,70,115,8,90,128,14,114,87,68,62" hai3="5,92,4,97,76,71,23,113,105,82,1,24,59"/><U10/><E117/><V25/><F128/><W104/><G113/><N who="2" m="43017" /><F98/><W58/><G71/><T55/><D69/><U32/><E108/><V77/><F77/><W127/><G127/><T122/><D126/><U39/><E39/><V93/><F62/><W80/><G105/><T134/><D122/><U56/><E64/><V72/><F72/><W86/><G104/><T21/><D28/><U118/><E99/><V61/><F61/><W102/><G80/><T48/><D95/><U110/><E110/><V103/><F103/><W47/><G47/><T94/><D94/><U129/><E129/><V101/><F101/><W96/><G96/><T46/><D6/><N who="3" m="2665" /><G1/><T124/><D54/><U65/><E118/><V12/><F125/><W89/><G102/><T116/><D116/><U52/><E0/><V38/><F38/><W88/><G76/><T33/><D33/><U111/><E111/><V34/><F34/><W112/><G112/><T109/><D124/><U7/><E32/><V11/><F70/><W73/><G73/><T17/><D109/><U74/><E74/><V66/><F68/><W29/><AGARI ba="2,1" hai="23,24,29,58,59,82,86,88,89,92,97" m="2665" machi="29" ten="30,8000,1" yaku="8,1,52,3,54,1" doraHai="3" who="3" fromWho="3" sc="240,-22,245,-42,245,-22,260,96" /><INIT seed="2,0,0,4,1,54" ten="218,203,223,356" oya="2" hai0="17,43,133,5,46,115,77,74,104,91,94,16,10" hai1="86,105,135,52,124,3,21,127,1,66,50,72,109" hai2="11,56,71,45,89,79,96,32,134,31,30,92,106" hai3="107,118,22,121,55,14,67,103,70,7,47,112,51"/><V82/><F134/><W20/><G118/><T108/><D115/><U95/><E72/><V49/><F71/><W78/><G121/><T90/><D104/><U59/><E135/><V102/><F32/><W19/><G112/><T130/><D133/><U28/><E105/><V25/><F11/><W15/><G78/><T97/><D108/><U125/><E109/><V57/><F31/><W64/><G70/><T38/><D130/><U24/><E66/><V111/><F111/><W129/><G129/><T33/><D33/><U110/><E110/><V100/><F25/><W13/><G7/><T60/><D60/><U99/><E86/><V116/><F30/><W61/><G61/><T8/><D90/><AGARI ba="0,0" hai="1,3,21,24,28,50,52,59,90,95,99,124,125,127" machi="90" ten="40,5200,0" yaku="18,1,52,1,54,1" doraHai="54" who="1" fromWho="0" sc="218,-52,203,52,223,0,356,0" /><INIT seed="3,0,0,0,5,68" ten="166,255,223,356" oya="3" hai0="109,123,131,26,30,77,98,17,82,45,14,129,58" hai1="55,61,105,47,87,135,42,127,10,132,9,92,49" hai2="99,40,76,79,64,56,23,0,84,16,80,121,73" hai3="52,15,5,78,4,19,6,117,3,120,94,60,57"/><W53/><G117/><T7/><D123/><U20/><E105/><V113/><F113/><W44/><G120/><T130/><D109/><U66/><E55/><V27/><F121/><W67/><G3/><T39/><D7/><U111/><E127/><V100/><F0/><W90/><G78/><T35/><D58/><N who="1" m="37175" /><E20/><V83/><F40/><W43/><G43/><T41/><D98/><U25/><E25/><V48/><F48/><W125/><G44/><T38/><D45/><U108/><E92/><V106/><F64/><W118/><G118/><T63/><D63/><U31/><E87/><V62/><F56/><W59/><G125/><T122/><D41/><U54/><E31/><V24/><F62/><W97/><G59/><T86/><REACH who="0" step="1"/><D122/><REACH who="0" ten="156,255,223,356" step="2"/><U72/><E42/><V21/><F23/><AGARI ba="0,1" hai="4,5,6,15,19,23,52,53,57,60,67,90,94,97" machi="23" ten="40,3900,0" yaku="8,1,54,1" doraHai="68" who="3" fromWho="2" sc="156,0,255,0,223,-39,356,49" /><AGARI ba="0,0" hai="14,17,23,26,30,35,38,39,77,82,86,129,130,131" machi="23" ten="40,8000,1" yaku="1,1,2,1,19,1,52,2,53,0" doraHai="68" doraHaiUra="96" who="0" fromWho="2" sc="156,80,255,0,184,-80,405,0" owari="236,-16.4,255,5.5,104,-39.6,405,50.5" /></mjloggm>