<mjloggm ver="2.3"><GO type="225" lobby="0"/><UN n0="%E4%B8%AD%E5%B9%B4%E3%81%AE%E5%8D%B1%E6%A9%9F" n1="%E5%AF%82%E5%AF%9E%E3%82%AE%E3%83%8D%E3%82%B9%E3%83%93%E3%83%BC%E3%83%AB" n2="%6D%75%75%6D%75%72%61" n3="%E6%B8%A9%E2%98%85%E6%83%85%E2%98%85%E6%8E%AA%E2%98%85%E7%BD%AE" dan="17,16,16,16" rate="2246.06,2140.01,2190.55,2141.62" sx="M,M,F,M"/><TAIKYOKU oya="0"/><INIT seed="0,0,0,1,1,133" ten="250,250,250,250" oya="0" hai0="101,108,62,60,73,44,42,51,71,46,61,40,49" hai1="95,19,69,32,131,34,104,119,68,109,20,116,129" hai2="94,99,52,38,65,93,4,23,92,126,107,110,72" hai3="9,89,102,50,118,59,84,45,14,90,113,103,82"/><T21/><D73/><U29/><E95/><V121/><F121/><W6/><G113/><T100/><D71/><N who="1" m="27211" /><E104/><V77/><F65/><W87/><G59/><T47/><D108/><U28/><E19/><V15/><F38/><W123/><G118/><N who="1" m="45098" /><E20/><V132/><F132/><W91/><G123/><T18/><REACH who="0" step="1"/><D46/><REACH who="0" ten="240,250,250,250" step="2"/><U79/><E109/><V37/><F110/><W48/><G48/><T128/><D128/><N who="1" m="49227" /><E79/><V43/><F77/><N who="3" m="46159" /><G87/><T31/><D31/><AGARI ba="0,1" hai="28,29,31,32,34" m="49227,45098,27211" machi="31" ten="40,5200,0" yaku="28,2,19,1" doraHai="133" who="1" fromWho="0" sc="240,-52,250,62,250,0,250,0" /><INIT seed="1,0,0,2,5,126" ten="188,312,250,250" oya="1" hai0="46,23,95,79,93,75,35,5,57,96,73,49,74" hai1="113,118,54,80,0,112,103,76,72,44,71,31,121" hai2="62,59,32,107,100,65,88,94,98,53,120,108,83" hai3="117,37,101,129,42,64,43,104,123,6,81,3,25"/><U133/><E118/><V30/><F120/><W10/><G123/><T56/><D35/><U50/><E121/><V135/><F108/><W47/><G117/><T52/><D5/><U29/><E0/><V78/><F135/><W13/><G43/><T41/><D79/><U127/><E133/><V12/><F32/><W4/><G64/><T91/><D41/><U86/><E71/><V69/><F30/><W27/><G6/><T70/><D70/><U119/><E119/><V26/><F26/><W67/><G67/><T16/><REACH who="0" step="1"/><D93/><REACH who="0" ten="178,312,250,250" step="2"/><U40/><E40/><V21/><F78/><W134/><G134/><T92/><D92/><U82/><E76/><V1/><F83/><W106/><G81/><T39/><D39/><U85/><E82/><V58/><F1/><W36/><G36/><T15/><AGARI ba="0,1" hai="15,16,23,46,49,52,56,57,73,74,75,91,95,96" machi="15" ten="30,8000,1" yaku="1,1,0,1,54,2,53,1" doraHai="126" doraHaiUra="51" who="0" fromWho="0" sc="178,90,312,-40,250,-20,250,-20" /><INIT seed="2,0,0,2,3,91" ten="268,272,230,230" oya="2" hai0="110,26,10,135,131,55,98,52,74,73,21,80,82" hai1="77,50,86,59,123,16,14,76,72,46,61,70,119" hai2="96,118,88,12,4,105,24,106,79,2,34,48,64" hai3="63,68,28,13,116,53,102,36,44,99,60,15,93"/><V0/><F118/><W18/><G116/><T90/><D110/><U7/><E70/><V38/><F38/><W69/><G28/><T83/><D135/><U62/><E72/><V40/><F105/><W104/><G104/><T9/><D74/><U5/><E119/><V87/><F64/><W132/><G132/><T81/><N who="0" m="20480" /><DORA hai="121" /><T103/><D90/><U54/><E86/><V19/><F79/><N who="1" m="30281" /><E62/><V11/><F87/><W95/><G69/><T94/><D73/><U1/><E1/><V109/><F109/><W57/><G93/><T134/><D134/><U3/><E3/><V84/><F84/><W45/><G36/><T97/><D97/><U39/><E39/><V122/><F122/><W92/><G92/><T66/><D66/><N who="1" m="39231" /><E123/><V56/><F106/><W129/><G129/><T20/><D131/><U100/><E100/><V33/><F33/><W115/><G115/><T89/><D103/><U35/><E35/><V108/><F108/><W51/><G68/><T78/><D78/><U42/><E42/><V101/><F101/><W6/><G63/><T75/><D75/><U43/><E43/><V111/><F111/><W41/><G60/><T23/><D26/><U126/><E126/><V8/><F34/><W124/><G124/><T125/><D125/><U30/><E30/><V67/><F67/><W22/><G41/><T37/><D37/><U114/><E114/><V25/><F0/><W32/><G32/><T47/><D55/><U130/><E130/><V65/><F65/><W31/><G31/><T58/><D58/><U133/><E133/><V113/><F56/><RYUUKYOKU ba="0,0" sc="268,10,272,10,230,-30,230,10" hai0="9,10,20,21,23,47,52,89,94,98" hai1="5,7,14,16,46,50,54" hai3="6,13,15,18,22,44,45,51,53,57,95,99,102" /><INIT seed="3,1,0,1,5,15" ten="278,282,200,240" oya="3" hai0="37,101,40,67,92,61,34,18,96,14,88,35,50" hai1="26,124,66,120,2,127,42,46,79,12,51,22,13" hai2="91,32,6,103,16,116,89,110,38,60,48,81,95" hai3="20,49,21,0,5,11,44,8,74,118,115,86,73"/><W90/><G115/><T39/><D37/><U55/><E120/><V82/><F38/><W132/><G118/><T53/><D39/><U10/><E66/><V27/><F116/><W72/><G132/><T59/><D40/><U33/><E79/><V102/><F32/><W122/><G11/><T45/><D101/><N who="2" m="38410" /><F6/><W133/><G133/><T7/><D7/><N who="1" m="1399" /><E42/><V64/><F110/><W130/><G130/><T97/><D97/><U131/><E131/><V107/><F107/><W58/><G58/><T123/><D123/><U117/><E117/><V56/><F48/><W108/><G108/><T28/><D28/><N who="1" m="19607" /><E12/><V63/><F63/><W121/><G121/><T128/><D128/><U62/><E62/><V114/><F114/><W30/><G30/><T65/><D65/><U76/><E76/><V85/><F91/><W36/><G36/><T83/><D83/><U54/><E54/><V47/><F47/><W25/><G25/><T113/><D113/><U57/><E46/><V70/><F70/><W17/><G122/><T129/><D129/><U84/><E84/><V1/><F1/><W80/><G49/><T3/><D3/><U104/><E104/><V9/><F9/><AGARI ba="1,0" hai="9,14,18,34,35,45,50,53,59,61,67,88,92,96" machi="9" ten="30,3900,0" yaku="7,1,52,1,54,1" doraHai="15" who="0" fromWho="2" sc="278,42,282,0,200,-42,240,0" owari="320,42.0,282,8.2,158,-34.2,240,-16.0" /></mjloggm>