<mjloggm ver="2.3"><GO type="225" lobby="0"/><UN n0="%E3%83%A1%E3%82%AC%E3%83%87%E3%82%B8" n1="%E9%80%9F%E6%B0%B4%E5%87%9B%E9%A6%99" n2="%E3%81%B2%E3%81%AA%E3%81%AE%E3%82%8A%E3%81%8F" n3="%E3%82%B7%E3%83%A5%E3%83%9E%E3%82%A4%E3%82%B1%E3%83%AB" dan="16,16,16,17" rate="2111.98,2161.61,2129.13,2254.16" sx="F,F,M,M"/><TAIKYOKU oya="0"/><INIT seed="0,0,0,4,4,87" ten="250,250,250,250" oya="0" hai0="89,59,58,10,135,68,127,105,99,40,125,16,81" hai1="34,111,114,23,66,106,60,5,133,98,45,15,110" hai2="43,112,78,63,32,84,47,18,19,117,67,4,79" hai3="3,33,80,90,94,70,49,62,132,124,7,29,35"/><T108/><D68/><U113/><E34/><V38/><F112/><N who="1" m="43113" /><E45/><V53/><F32/><W42/><G42/><T95/><D135/><U27/><E98/><V109/><F109/><N who="1" m="41481" /><E106/><V91/><F4/><W75/><G33/><T12/><D108/><U123/><E60/><V115/><F115/><W119/><G62/><T46/><D105/><U17/><E66/><V28/><F28/><W77/><G29/><T11/><D11/><N who="1" m="4591" /><E123/><V64/><F64/><W122/><G35/><T13/><D127/><U31/><E31/><V25/><F53/><W85/><G70/><T48/><D125/><U100/><E100/><V37/><F37/><W57/><G49/><T93/><D93/><U26/><E26/><V82/><F25/><W134/><G57/><T2/><D59/><U74/><E74/><V54/><F54/><W44/><G44/><T21/><D58/><U128/><E128/><V55/><F55/><W50/><G50/><T52/><D40/><U120/><E120/><V104/><F104/><W36/><G36/><T126/><D126/><U72/><E72/><V14/><F63/><W71/><G71/><T88/><D88/><U103/><E103/><V6/><F67/><W30/><G30/><T97/><D48/><U1/><E1/><V9/><F79/><W56/><G56/><T76/><D2/><U101/><E101/><V51/><F38/><W65/><G124/><T107/><D107/><U130/><E130/><V102/><F102/><W22/><G122/><T73/><D46/><U83/><E83/><V129/><F129/><W116/><G65/><T131/><D131/><RYUUKYOKU ba="0,0" sc="250,-10,250,30,250,-10,250,-10" hai1="17,23,27,133" /><INIT seed="1,1,0,3,3,126" ten="240,280,240,240" oya="1" hai0="121,108,78,127,33,24,129,40,66,118,50,47,30" hai1="90,115,42,114,8,16,131,86,128,117,88,1,81" hai2="71,32,14,23,85,68,59,37,44,120,109,123,28" hai3="43,73,48,89,58,49,132,74,101,52,119,65,116"/><U7/><E42/><V82/><F109/><W125/><G125/><T99/><D118/><N who="3" m="45097" /><G101/><T106/><D127/><U67/><E67/><V91/><F32/><W36/><G132/><T87/><D108/><U111/><E117/><V79/><F120/><W25/><G65/><T17/><D121/><U34/><E34/><V76/><F123/><W19/><G36/><T97/><D106/><U84/><E111/><V130/><F68/><W70/><G70/><T80/><D129/><N who="1" m="49739" /><E16/><V51/><F37/><W18/><G89/><T60/><REACH who="0" step="1"/><D17/><REACH who="0" ten="230,280,240,240" step="2"/><U94/><AGARI ba="1,1" hai="1,7,8,81,84,86,88,90,94,114,115" m="49739" machi="94" ten="30,12000,1" yaku="19,1,52,3,54,1" doraHai="126" who="1" fromWho="1" sc="230,-41,280,133,240,-41,240,-41" /><INIT seed="1,2,0,1,0,40" ten="189,413,199,199" oya="1" hai0="64,72,47,84,61,120,49,117,86,122,74,14,91" hai1="34,123,29,105,82,104,134,128,22,3,100,83,1" hai2="55,51,121,18,93,112,113,31,28,106,101,25,109" hai3="42,12,0,129,48,35,66,60,9,45,19,69,63"/><U85/><E123/><N who="0" m="47145" /><D14/><U59/><E34/><V62/><F106/><W135/><G129/><T50/><D50/><U89/><E128/><V73/><F73/><N who="0" m="28266" /><D91/><U67/><E134/><V16/><F121/><W5/><G135/><T133/><D117/><U125/><E125/><V116/><F109/><W78/><G78/><T20/><D20/><U115/><E115/><N who="2" m="44107" /><F62/><W119/><G119/><T27/><D27/><U97/><E89/><V114/><F116/><W8/><G60/><T124/><D124/><U36/><E22/><N who="2" m="15415" /><F31/><W87/><G87/><T102/><D102/><U132/><E100/><V88/><F101/><W57/><REACH who="3" step="1"/><G35/><REACH who="3" ten="189,413,199,189" step="2"/><T111/><D133/><U77/><E85/><N who="2" m="52367" /><F114/><W110/><G110/><T21/><D111/><U33/><E132/><V127/><F127/><W2/><G2/><T90/><D86/><U68/><E1/><V126/><F126/><W108/><G108/><T99/><D84/><U15/><E3/><V70/><F70/><AGARI ba="2,1" hai="0,5,8,9,12,19,42,45,48,57,63,66,69,70" machi="70" ten="40,8000,1" yaku="1,1,52,1,53,2" doraHai="40" doraHaiUra="4" who="3" fromWho="2" sc="189,0,413,0,199,-86,189,96" /><INIT seed="2,0,0,5,2,38" ten="189,413,113,285" oya="2" hai0="14,23,87,63,103,49,129,117,115,108,123,45,10" hai1="83,98,125,88,116,17,19,92,46,73,127,132,52" hai2="104,128,74,75,97,69,0,133,114,118,93,110,90" hai3="67,51,36,37,101,58,131,100,91,112,28,31,30"/><V107/><RYUUKYOKU type="yao9" ba="0,0" sc="189,0,413,0,113,0,285,0" hai2="0,69,74,75,90,93,97,104,107,110,114,118,128,133" /><INIT seed="2,1,0,0,0,58" ten="189,413,113,285" oya="2" hai0="35,123,126,132,66,53,109,102,95,61,115,89,1" hai1="25,7,18,118,40,14,100,81,28,8,12,85,130" hai2="67,3,56,2,129,103,73,15,119,125,87,22,24" hai3="91,50,59,124,99,0,98,94,76,82,49,65,78"/><V23/><F119/><W4/><G124/><T83/><D123/><U45/><E118/><V52/><F73/><W135/><G135/><T26/><D1/><U33/><E130/><V6/><F125/><W106/><G0/><T105/><D126/><U96/><E96/><V63/><F129/><W27/><G4/><T30/><D132/><U111/><E111/><V134/><F134/><W16/><G106/><T31/><D109/><U64/><E100/><V43/><F43/><W34/><G99/><N who="0" m="61663" /><D31/><U10/><E64/><V5/><F103/><W84/><G34/><T39/><D39/><U121/><E121/><V20/><F24/><W75/><G75/><T77/><D53/><U60/><E60/><V113/><F113/><W117/><G76/><T68/><D115/><U17/><E7/><V71/><F6/><W114/><G114/><T88/><D95/><U48/><E85/><AGARI ba="1,0" hai="26,30,35,61,66,68,77,83,85,88,89" m="61663" machi="85" ten="30,3900,0" yaku="25,1,52,1,54,1" doraHai="58" who="0" fromWho="1" sc="189,42,413,-42,113,0,285,0" /><INIT seed="3,0,0,0,5,114" ten="231,371,113,285" oya="3" hai0="10,52,107,102,61,80,91,17,75,133,22,28,134" hai1="57,92,60,41,34,90,19,71,126,73,83,42,94" hai2="95,45,111,78,56,40,44,18,36,128,81,62,118" hai3="15,132,99,16,23,3,65,69,76,130,55,39,101"/><W97/><G39/><T54/><D28/><U93/><E71/><V87/><F128/><W104/><G130/><T6/><D102/><U51/><E34/><V0/><F111/><W27/><G3/><T74/><D107/><U77/><E126/><V68/><F0/><W49/><G132/><T4/><D91/><U48/><E90/><V82/><F82/><W2/><G2/><T84/><D84/><N who="1" m="48239" /><E19/><V112/><F112/><W88/><G76/><T12/><D80/><U14/><E14/><V37/><F68/><W38/><G38/><T53/><D61/><U66/><E73/><V116/><F95/><W24/><G65/><T117/><D117/><U124/><E124/><V96/><F96/><W125/><G69/><T20/><D20/><U89/><E89/><V9/><F9/><W67/><G67/><T109/><D109/><U100/><E100/><V63/><F18/><W8/><G125/><T121/><D121/><U26/><E26/><V79/><F79/><W50/><G55/><T106/><D106/><U70/><E70/><V85/><F87/><W25/><REACH who="3" step="1"/><G8/><REACH who="3" ten="231,371,113,275" step="2"/><T21/><D4/><U115/><E115/><V119/><REACH who="2" step="1"/><F56/><REACH who="2" ten="231,371,103,275" step="2"/><W58/><G58/><T110/><D110/><U72/><E72/><N who="0" m="27689" /><D6/><U127/><E127/><V7/><F7/><W29/><G29/><T123/><D123/><U32/><E57/><V5/><F5/><W1/><G1/><T13/><D10/><U108/><E108/><V103/><F103/><W135/><G135/><N who="0" m="51723" /><D17/><U11/><E11/><V46/><F46/><W47/><G47/><T43/><D43/><AGARI ba="0,2" hai="36,37,40,43,44,45,62,63,78,81,85,116,118,119" machi="43" ten="40,8000,1" yaku="1,1,9,1,52,3,53,0" doraHai="114" doraHaiUra="35" who="2" fromWho="0" sc="231,-80,371,0,103,100,275,0" owari="151,-34.9,371,47.1,203,-19.7,275,7.5" /></mjloggm>