<mjloggm ver="2.3"><GO type="225" lobby="0"/><UN n0="%E3%82%B7%E3%83%B3%E5%A4%AA%E6%9C%97" n1="%E6%B8%A9%E2%98%85%E6%83%85%E2%98%85%E6%8E%AA%E2%98%85%E7%BD%AE" n2="%28%EF%BF%A3%E2%96%BD%EF%BF%A3%29%CE%B4%E2%8C%92%E3%83%BB" n3="%70%61%77%61" dan="16,17,16,19" rate="2164.09,2203.59,2075.06,2265.36" sx="M,M,M,M"/><TAIKYOKU oya="0"/><INIT seed="0,0,0,2,0,48" ten="250,250,250,250" oya="0" hai0="127,42,92,21,128,44,15,124,11,69,12,38,8" hai1="29,10,41,76,50,129,125,62,60,31,100,95,123" hai2="1,7,30,4,16,132,64,58,66,32,77,80,87" hai3="67,101,25,102,17,94,105,118,126,47,131,56,106"/><T93/><D69/><U81/><E123/><V75/><F132/><W122/><G118/><T79/><D79/><U113/><E129/><V28/><F75/><W5/><G131/><T121/><D121/><U6/><E125/><N who="0" m="48201" /><D128/><U27/><E113/><V120/><F120/><W23/><G122/><T73/><D73/><U53/><E41/><V43/><F43/><W116/><G116/><T108/><D108/><U63/><E95/><N who="0" m="36425" /><D21/><U84/><E100/><V83/><F32/><W22/><G22/><T104/><D104/><U72/><E72/><V115/><F115/><W61/><G126/><T57/><D57/><U46/><REACH who="1" step="1"/><E27/><REACH who="1" ten="250,240,250,250" step="2"/><V114/><F114/><W33/><G25/><T86/><D86/><U96/><E96/><V91/><F87/><W9/><G102/><T99/><D99/><U74/><E74/><V133/><F133/><W135/><G101/><T45/><D42/><U49/><E49/><V90/><F80/><W26/><G135/><T65/><D38/><U103/><E103/><V70/><F83/><W40/><G94/><T18/><D65/><U19/><E19/><AGARI ba="0,1" hai="8,11,12,15,18,19,44,45" m="36425,48201" machi="19" ten="30,1500,0" yaku="18,1" doraHai="48" who="0" fromWho="1" sc="250,25,240,-15,250,0,250,0" /><INIT seed="0,1,0,4,2,101" ten="275,225,250,250" oya="0" hai0="69,119,64,135,13,29,43,17,39,14,62,99,12" hai1="60,88,85,96,28,74,117,108,130,67,63,127,38" hai2="48,125,82,86,5,121,78,133,105,112,61,66,107" hai3="3,134,55,100,110,42,79,16,122,49,111,98,44"/><T56/><D119/><U9/><E117/><V31/><F121/><W45/><G3/><T37/><D135/><U8/><E74/><V58/><F112/><W22/><G134/><T114/><D114/><U95/><E38/><V2/><F133/><W104/><G79/><T77/><D77/><U102/><E108/><V0/><F125/><W80/><G80/><T128/><D128/><U131/><E127/><V33/><F48/><W71/><G71/><T50/><D29/><U116/><E116/><V124/><F124/><W109/><G122/><T32/><D32/><U73/><E73/><V87/><F87/><W46/><G42/><T40/><D17/><U68/><E60/><V15/><F15/><AGARI ba="1,0" hai="15,16,22,44,45,46,49,55,98,100,104,109,110,111" machi="15" ten="40,5200,0" yaku="14,1,52,1,54,1" doraHai="101" who="3" fromWho="2" sc="275,0,225,0,250,-55,250,55" /><INIT seed="1,0,0,0,5,106" ten="275,225,195,305" oya="1" hai0="107,70,80,128,62,90,31,134,3,9,130,115,117" hai1="131,21,15,26,95,34,23,103,86,98,121,126,118" hai2="96,18,8,116,29,87,7,73,24,120,19,100,127" hai3="13,81,65,28,64,77,76,93,67,27,16,59,60"/><U66/><E118/><V51/><F116/><W105/><G105/><T47/><D117/><U88/><E121/><V102/><F120/><W133/><G133/><T135/><D107/><U45/><E131/><N who="0" m="50217" /><D115/><U14/><E126/><V11/><F127/><W32/><G93/><T108/><D108/><U84/><E34/><V111/><F111/><W10/><REACH who="3" step="1"/><G77/><REACH who="3" ten="275,225,195,295" step="2"/><T97/><D135/><U25/><E103/><V49/><F102/><W101/><G101/><T63/><D134/><U5/><E95/><V39/><F100/><W1/><G1/><T48/><D3/><U82/><E82/><V46/><F96/><W52/><G52/><T37/><D80/><U44/><E98/><V0/><F0/><W12/><G12/><T56/><D97/><U129/><E129/><V55/><F24/><W123/><G123/><T125/><D125/><U110/><E110/><V33/><F33/><W68/><G68/><T6/><D70/><U119/><E119/><V104/><F104/><W58/><G58/><T99/><D56/><U109/><E109/><V22/><F55/><W85/><AGARI ba="0,1" hai="10,13,16,27,28,32,59,60,64,65,67,76,81,85" machi="85" ten="20,8000,1" yaku="1,1,0,1,7,1,54,1,53,1" doraHai="106" doraHaiUra="79" who="3" fromWho="3" sc="275,-20,225,-40,195,-20,295,90" /><INIT seed="2,0,0,2,0,66" ten="255,185,175,385" oya="2" hai0="79,93,60,17,51,126,86,21,119,61,57,52,69" hai1="131,34,70,80,8,78,18,49,96,13,72,47,95" hai2="65,26,64,12,74,33,83,113,9,40,112,90,63" hai3="88,110,120,4,105,100,71,92,16,56,97,37,91"/><V10/><F40/><W28/><G120/><T129/><D119/><U41/><E131/><V121/><F121/><W19/><G71/><T58/><D129/><U98/><E34/><V75/><F65/><W0/><G37/><T114/><D114/><U54/><E70/><V117/><F117/><W36/><G36/><T135/><D135/><U55/><REACH who="1" step="1"/><E98/><REACH who="1" ten="255,175,175,385" step="2"/><V123/><F123/><W73/><G97/><T82/><D69/><U108/><E108/><V106/><F113/><W77/><G110/><T3/><D126/><U22/><E22/><V24/><F112/><W133/><G133/><T39/><D21/><U11/><E11/><V127/><F9/><W48/><G105/><T125/><D125/><U87/><E87/><V67/><F106/><W102/><G73/><T1/><D86/><U53/><E53/><V68/><F127/><W76/><G102/><AGARI ba="0,1" hai="8,13,18,41,47,49,54,55,72,78,80,95,96,102" machi="102" ten="30,3900,0" yaku="1,1,7,1,53,1" doraHai="66" doraHaiUra="42" who="1" fromWho="3" sc="255,0,175,49,175,0,385,-39" /><INIT seed="3,0,0,3,4,69" ten="255,224,175,346" oya="3" hai0="23,14,86,18,40,123,10,116,47,36,63,41,126" hai1="94,15,100,42,22,82,54,134,83,33,39,43,108" hai2="90,5,0,114,29,70,20,124,120,101,37,35,25" hai3="87,11,81,66,97,125,117,73,74,19,96,84,109"/><W61/><G117/><T85/><D126/><U118/><E33/><V76/><F70/><W64/><G125/><T115/><D123/><U91/><E39/><V16/><F124/><W130/><G130/><T9/><D116/><U93/><E118/><V59/><F120/><W26/><G109/><T135/><D135/><U65/><E65/><V51/><F114/><W7/><G19/><T12/><D115/><U107/><E107/><V45/><F101/><W68/><G26/><T67/><D23/><U4/><E134/><V48/><F76/><W128/><G66/><T106/><D40/><N who="1" m="15403" /><E54/><V60/><F90/><W8/><G8/><T53/><D53/><U122/><E108/><V56/><F37/><W32/><G32/><T127/><D106/><U46/><E46/><V111/><F111/><W99/><G128/><T129/><D129/><U75/><E75/><V50/><F45/><W13/><G87/><T31/><D31/><U104/><E104/><V1/><F60/><W95/><G95/><T89/><D89/><U113/><E113/><V133/><F133/><W78/><AGARI ba="0,0" hai="7,11,13,61,64,68,73,74,78,81,84,96,97,99" machi="78" ten="30,1500,0" yaku="0,1" doraHai="69" who="3" fromWho="3" sc="255,-5,224,-5,175,-5,346,15" owari="250,5.0,219,-18.1,170,-33.0,361,46.1" /></mjloggm>