<mjloggm ver="2.3"><GO type="225" lobby="0"/><UN n0="%73%73%6B%5F%66%72%65%65" n1="%E6%B4%BE%E9%81%A3%E3%81%AE%E3%82%B8%E3%83%A3%E3%83%83%E3%82%AF" n2="%E9%97%98%E5%B0%86%E3%81%A0%E3%82%93%E3%81%A7%E3%81%83" n3="%E3%81%BF%E3%81%BF%E3%81%9A" dan="16,17,16,17" rate="2115.53,2194.54,2141.16,2313.41" sx="M,M,M,M"/><TAIKYOKU oya="0"/><INIT seed="0,0,0,2,1,64" ten="250,250,250,250" oya="0" hai0="118,71,97,28,5,99,16,65,27,120,113,61,39" hai1="22,18,101,72,107,34,75,59,54,42,92,114,70" hai2="82,36,76,86,1,94,52,125,115,87,50,30,133" hai3="81,95,12,0,111,55,21,103,14,119,57,44,69"/><T2/><D113/><U96/><E34/><V88/><F115/><W93/><G0/><T37/><D118/><U51/><E114/><V13/><F133/><W78/><G119/><T66/><D120/><U85/><E42/><V6/><F125/><W110/><G44/><T41/><D65/><U23/><E23/><V68/><F1/><W117/><G117/><T91/><D91/><U122/><E122/><V123/><F123/><W102/><G21/><T9/><D16/><U106/><E70/><V135/><F135/><W124/><G124/><T4/><D4/><U11/><E11/><N who="2" m="4343" /><F68/><W132/><G69/><T58/><D58/><U126/><E126/><V38/><F38/><W40/><G40/><T33/><REACH who="0" step="1"/><D39/><REACH who="0" ten="240,250,250,250" step="2"/><U83/><E106/><V31/><F36/><W17/><G17/><T7/><D7/><U62/><E107/><V49/><F49/><W127/><G127/><T84/><D84/><U121/><E121/><V48/><F48/><N who="3" m="30951" /><G12/><T8/><D8/><U112/><E112/><V129/><F129/><W100/><G14/><T3/><D3/><U46/><E51/><V90/><F90/><W20/><G132/><T63/><D63/><U53/><E46/><AGARI ba="0,1" hai="30,31,46,50,52,76,82,86,87,88,94" m="4343" machi="46" ten="30,3900,0" yaku="8,1,54,2" doraHai="64" who="2" fromWho="1" sc="240,0,250,-39,250,49,250,0" /><AGARI ba="0,0" hai="2,5,9,27,28,33,37,41,46,61,66,71,97,99" machi="46" ten="40,3900,0" yaku="1,1,52,1,53,0" doraHai="64" doraHaiUra="105" who="0" fromWho="1" sc="240,39,211,-39,299,0,250,0" /><INIT seed="0,1,0,1,2,84" ten="279,172,299,250" oya="0" hai0="28,97,2,60,41,18,133,106,69,25,126,33,89" hai1="114,78,57,92,79,99,125,43,47,100,53,119,76" hai2="49,46,68,102,80,13,108,56,116,104,73,30,1" hai3="45,11,52,85,59,107,77,124,29,12,66,120,95"/><T113/><D113/><U129/><E119/><V128/><F1/><W61/><G107/><T23/><D126/><U50/><E125/><V9/><F68/><W134/><G124/><T98/><D41/><U0/><E0/><V90/><F30/><W62/><G134/><T39/><D2/><U4/><E129/><V38/><F38/><W6/><G120/><T37/><D133/><U110/><E110/><V70/><F70/><W74/><G74/><T101/><D97/><U19/><E114/><V22/><F22/><W112/><G112/><T3/><D3/><U26/><E4/><V67/><F102/><W81/><G29/><T32/><D32/><U21/><REACH who="1" step="1"/><E76/><REACH who="1" ten="279,162,299,250" step="2"/><V121/><F128/><W117/><G117/><T115/><D115/><U131/><E131/><V88/><F108/><W65/><G45/><T10/><D37/><AGARI ba="1,1" hai="19,21,26,37,43,47,50,53,57,78,79,92,99,100" machi="37" ten="30,2000,0" yaku="1,1,7,1,53,0" doraHai="84" doraHaiUra="118" who="1" fromWho="0" sc="279,-23,162,33,299,0,250,0" /><INIT seed="1,0,0,3,3,33" ten="256,195,299,250" oya="1" hai0="22,37,132,7,102,112,65,60,29,27,57,73,28" hai1="54,71,11,13,134,103,120,85,17,97,72,131,56" hai2="111,83,32,96,87,105,74,113,24,94,100,81,38" hai3="78,70,119,118,3,52,20,106,36,93,41,44,122"/><U49/><E120/><V86/><F38/><W77/><G122/><T10/><D112/><U123/><E123/><V101/><F32/><W128/><G106/><T47/><D73/><U2/><E71/><V1/><F1/><W75/><G128/><T67/><D132/><U45/><E72/><V98/><F24/><W104/><G104/><T23/><D102/><U48/><E134/><V51/><F51/><W121/><G121/><T12/><D65/><U53/><E131/><V64/><F64/><W133/><G133/><T117/><D117/><N who="3" m="44553" /><G70/><T129/><D129/><U84/><REACH who="1" step="1"/><E2/><REACH who="1" ten="256,185,299,250" step="2"/><V109/><F74/><W130/><G75/><T80/><D29/><U69/><E69/><V110/><F113/><W62/><G130/><T18/><D28/><U59/><E59/><V66/><F66/><W34/><G34/><T114/><D57/><U125/><E125/><V4/><F4/><W115/><G3/><T91/><D7/><U0/><E0/><V19/><F19/><W79/><G115/><T116/><D18/><U21/><E21/><V6/><F6/><W25/><G20/><T55/><D22/><U30/><E30/><V9/><F9/><W68/><G68/><N who="0" m="42087" /><D23/><U8/><E8/><V43/><F43/><W108/><G25/><T15/><D27/><U107/><AGARI ba="0,1" hai="11,13,17,45,48,49,53,54,56,84,85,97,103,107" machi="107" ten="20,3900,0" yaku="1,1,0,1,7,1,53,0" doraHai="33" doraHaiUra="26" who="1" fromWho="1" sc="256,-13,185,49,299,-13,250,-13" /><INIT seed="1,1,0,1,2,88" ten="243,234,286,237" oya="1" hai0="38,115,98,52,72,56,39,92,7,55,44,65,114" hai1="30,54,107,82,99,132,67,77,121,40,129,9,93" hai2="87,11,106,135,34,15,21,112,53,125,128,101,49" hai3="31,5,131,60,85,29,95,130,43,91,84,25,113"/><U108/><E121/><V45/><F34/><W28/><G113/><T1/><D72/><U20/><E132/><V134/><F101/><W64/><G5/><T89/><D65/><U32/><E32/><V4/><F106/><W120/><G120/><T96/><D96/><U23/><E129/><N who="3" m="49162" /><G43/><T42/><D38/><U68/><E107/><V57/><F128/><W116/><G116/><T6/><D6/><U74/><E40/><V123/><F123/><W119/><G119/><T33/><D33/><U17/><E108/><V63/><F125/><W19/><G19/><T79/><D79/><U133/><E133/><N who="2" m="50699" /><F87/><N who="3" m="52735" /><G25/><T46/><D46/><U103/><E30/><N who="3" m="7682" /><W90/><DORA hai="14" /><G90/><T97/><D97/><U13/><REACH who="1" step="1"/><E54/><REACH who="1" ten="243,224,286,237" step="2"/><N who="2" m="34231" /><F112/><W47/><G47/><T117/><D117/><U127/><E127/><V81/><F53/><W16/><G16/><T118/><D118/><U48/><E48/><V100/><F49/><W105/><G105/><T50/><D55/><U86/><E86/><V70/><F45/><W104/><G104/><T0/><D114/><U124/><E124/><V3/><F4/><W102/><G102/><T71/><D115/><U126/><E126/><V66/><F100/><W75/><G75/><T24/><D7/><U36/><E36/><V80/><F3/><W59/><AGARI ba="1,1" hai="59,60,64,84,85" m="7682,52735,49162" machi="59" ten="40,2700,0" yaku="19,1,52,1" doraHai="88,14" who="3" fromWho="3" sc="243,-8,224,-14,286,-8,237,40" /><INIT seed="2,0,0,4,3,132" ten="235,210,278,277" oya="2" hai0="89,38,14,5,36,100,51,42,116,32,3,87,59" hai1="101,83,67,117,127,92,96,78,94,65,135,70,112" hai2="103,45,27,56,24,122,104,119,7,128,13,46,115" hai3="39,77,90,73,37,121,108,85,71,102,95,26,8"/><V81/><F119/><W17/><G121/><T34/><D3/><U12/><E117/><V1/><F1/><W118/><G118/><T125/><D125/><U82/><E112/><V60/><F122/><W4/><G71/><T88/><D100/><U35/><E35/><V2/><F2/><W72/><G108/><T6/><D59/><U69/><E135/><V79/><F128/><W76/><G102/><T54/><D54/><U40/><E40/><V114/><F46/><W130/><G130/><T99/><D99/><U111/><E111/><V19/><F7/><W107/><G107/><T44/><D89/><U10/><E127/><V133/><F133/><W41/><G4/><T20/><D5/><U75/><E92/><V53/><F114/><W21/><G8/><T124/><D124/><U134/><E134/><V49/><F103/><W52/><G52/><T74/><D74/><U0/><E0/><V131/><F104/><W16/><G17/><N who="0" m="10295" /><D6/><U105/><E105/><V57/><F57/><W25/><G26/><T68/><D68/><U55/><E82/><V97/><F97/><W47/><REACH who="3" step="1"/><G37/><REACH who="3" ten="235,210,278,267" step="2"/><T64/><D116/><U93/><E55/><N who="2" m="33823" /><F131/><W109/><G109/><T29/><D38/><U120/><E120/><V98/><F115/><W58/><G58/><T50/><D36/><U91/><E70/><V61/><F61/><W66/><G66/><T86/><D64/><U126/><E69/><V48/><F27/><W63/><G63/><T110/><D110/><U22/><E126/><V18/><F24/><W123/><G123/><T30/><D50/><U9/><E96/><RYUUKYOKU ba="0,1" sc="235,-10,210,-10,278,-10,267,30" hai3="16,21,25,39,41,47,72,73,76,77,85,90,95" /><INIT seed="3,1,1,5,1,126" ten="225,200,268,297" oya="3" hai0="20,125,52,1,29,42,106,134,24,53,33,22,40" hai1="46,21,127,128,61,102,74,84,82,64,30,114,16" hai2="91,49,37,4,35,31,11,103,97,18,50,122,130" hai3="110,70,101,123,115,135,23,12,89,96,120,79,132"/><W78/><G70/><T94/><D125/><U27/><E114/><V59/><F37/><W73/><G115/><T119/><D106/><U45/><E127/><V107/><F130/><W17/><G89/><T133/><D1/><U66/><E74/><V41/><F41/><N who="0" m="15978" /><D119/><U6/><E128/><V56/><F18/><W15/><G15/><T117/><D117/><U81/><E6/><V113/><F113/><W85/><G85/><T5/><D5/><U88/><E102/><V100/><F100/><W36/><G36/><T87/><D22/><N who="1" m="15735" /><E81/><V83/><F122/><N who="3" m="46635" /><G110/><T2/><D2/><U92/><E82/><V3/><F3/><W80/><G80/><T112/><D33/><U19/><E19/><V105/><F35/><W8/><G23/><T44/><D112/><U60/><E61/><V63/><F63/><W95/><G73/><T72/><D72/><U48/><E60/><V13/><F105/><W99/><G99/><T65/><D65/><N who="1" m="25195" /><E48/><V38/><F50/><W28/><G28/><T62/><D62/><U57/><E57/><N who="2" m="22091" /><F49/><W75/><G75/><T118/><D118/><U77/><E77/><V124/><F31/><W25/><G25/><AGARI ba="1,1" hai="16,21,25,45,46,84,88,92" m="25195,15735" machi="25" ten="30,3900,0" yaku="8,1,54,2" doraHai="126" who="1" fromWho="3" sc="225,0,200,52,268,0,297,-42" /><INIT seed="4,0,0,4,0,50" ten="225,252,268,255" oya="0" hai0="88,71,53,10,117,99,68,54,115,57,43,103,79" hai1="134,85,17,21,122,20,24,70,5,31,74,64,16" hai2="97,78,39,41,48,49,94,91,90,51,13,66,129" hai3="119,56,38,84,37,77,67,98,62,61,44,7,131"/><T135/><D117/><U111/><E111/><V30/><F129/><W123/><G7/><T15/><D115/><U113/><E74/><V87/><F39/><W12/><G12/><T22/><D135/><U89/><E113/><V101/><F66/><W18/><G18/><N who="0" m="8567" /><D68/><U96/><E122/><V114/><F114/><W106/><G119/><T104/><D71/><U47/><E5/><V81/><F30/><W83/><G131/><T65/><D104/><U27/><E134/><V1/><F1/><W45/><G123/><T76/><D103/><U82/><E96/><V126/><F126/><W120/><G120/><T105/><D105/><U95/><E47/><V42/><F13/><W36/><G106/><T25/><D43/><AGARI ba="0,0" hai="41,42,43,48,49,51,78,81,87,90,91,94,97,101" machi="43" ten="40,1300,0" yaku="8,1" doraHai="50" who="2" fromWho="0" sc="225,-13,252,0,268,13,255,0" /><INIT seed="5,0,0,2,5,87" ten="212,252,281,255" oya="1" hai0="18,19,59,134,61,127,2,65,96,74,112,91,85" hai1="8,44,95,35,51,12,53,23,43,124,42,17,32" hai2="15,72,114,132,93,26,6,60,130,121,79,105,98" hai3="69,7,133,29,58,99,54,77,83,115,63,70,119"/><U75/><E75/><V57/><F105/><W14/><G115/><T66/><D134/><U16/><E124/><V109/><F121/><W9/><G133/><T52/><D112/><U38/><E95/><V104/><F104/><W49/><G119/><T31/><D74/><U13/><REACH who="1" step="1"/><E42/><REACH who="1" ten="212,242,281,255" step="2"/><V125/><F72/><W135/><G135/><T62/><D127/><U78/><E78/><V71/><F79/><W101/><G77/><T68/><D2/><U67/><E67/><V34/><F125/><W80/><G83/><N who="0" m="49599" /><D68/><U27/><E27/><V55/><F26/><W102/><G80/><T50/><D96/><U123/><E123/><V25/><F25/><W113/><G113/><T82/><D82/><U118/><E118/><V108/><F71/><W94/><G70/><T107/><D107/><U122/><E122/><V110/><F114/><W92/><G69/><T117/><D117/><U21/><E21/><V128/><F132/><W76/><G76/><T90/><D31/><U1/><E1/><V11/><F34/><W84/><G29/><T88/><D66/><U48/><E48/><V46/><F108/><W22/><G22/><T0/><D0/><U86/><E86/><V111/><F109/><W4/><G84/><T5/><D65/><U56/><AGARI ba="0,1" hai="8,12,13,16,17,23,32,35,38,43,44,51,53,56" machi="56" ten="20,12000,1" yaku="1,1,0,1,7,1,54,1,53,1" doraHai="87" doraHaiUra="47" who="1" fromWho="1" sc="212,-40,242,130,281,-40,255,-40" owari="172,-32.8,372,47.2,241,4.1,215,-18.5" /></mjloggm>