<mjloggm ver="2.3"><GO type="225" lobby="0"/><UN n0="%E7%99%BD%E6%97%A5%E9%9B%AA%E8%8F%9C" n1="%72%65%6E%6B%75%6E" n2="%E3%81%BF%E3%81%BF%E3%81%9A" n3="%E9%97%98%E5%B0%86%E3%81%A0%E3%82%93%E3%81%A7%E3%81%83" dan="17,17,17,16" rate="2210.63,2204.88,2317.28,2133.37" sx="M,M,M,M"/><TAIKYOKU oya="0"/><INIT seed="0,0,0,0,0,33" ten="250,250,250,250" oya="0" hai0="60,58,70,124,66,25,28,114,77,95,92,81,17" hai1="31,105,83,133,113,38,65,73,135,131,82,96,39" hai2="103,71,6,72,54,35,49,97,117,3,36,27,67" hai3="26,63,89,94,68,16,69,41,53,75,7,24,21"/><T22/><D114/><U40/><E113/><V125/><F36/><N who="1" m="13865" /><E40/><V120/><F72/><W99/><G75/><T9/><D124/><U121/><E121/><V109/><F120/><W47/><G26/><T91/><D91/><U19/><E31/><N who="2" m="19967" /><F125/><W23/><G23/><T134/><D134/><N who="1" m="51211" /><E73/><V119/><F109/><W106/><G106/><T115/><D115/><U61/><E19/><V101/><F49/><W8/><G41/><T5/><D70/><N who="1" m="42287" /><E131/><V132/><F54/><W76/><G76/><T4/><D17/><U15/><E15/><V108/><F108/><W122/><G122/><T62/><D62/><U88/><E105/><N who="2" m="63663" /><F132/><W2/><REACH who="3" step="1"/><G47/><REACH who="3" ten="250,250,250,240" step="2"/><T100/><D22/><U11/><E11/><N who="2" m="2527" /><F103/><W59/><AGARI ba="0,1" hai="2,7,8,16,21,24,53,59,63,68,69,89,94,99" machi="59" ten="30,12000,2" yaku="1,1,0,1,25,2,52,1,54,1,53,0" doraHai="33" doraHaiUra="130" who="3" fromWho="3" sc="250,-60,250,-30,250,-30,240,130" /><INIT seed="1,0,0,3,1,105" ten="190,220,220,370" oya="1" hai0="64,77,120,91,41,55,85,17,72,80,66,18,131" hai1="70,61,7,119,19,128,124,126,108,87,4,65,8" hai2="73,67,98,84,60,44,93,125,78,94,96,46,23" hai3="117,134,135,25,102,92,109,54,110,111,107,71,122"/><U36/><E119/><V116/><F116/><W48/><G122/><T5/><D131/><U81/><E36/><V40/><F125/><N who="1" m="48233" /><E128/><V75/><F23/><W62/><G117/><T0/><D120/><U101/><E101/><V63/><F84/><W89/><G107/><T74/><D41/><U86/><E108/><V11/><F78/><W104/><G104/><T15/><D55/><U12/><E87/><V26/><F26/><W57/><G102/><T1/><D5/><U99/><E99/><V123/><F123/><W49/><G25/><T88/><D85/><U32/><E32/><V6/><F6/><W33/><G33/><T2/><D2/><U16/><E4/><V31/><F40/><W39/><G39/><T20/><D20/><U100/><E100/><V106/><F106/><W83/><G83/><T103/><D103/><U59/><E70/><V3/><F3/><W130/><G130/><T53/><D80/><U38/><E38/><V13/><F67/><W95/><G95/><T45/><D77/><AGARI ba="0,0" hai="7,8,12,16,19,59,61,65,77,81,86" m="48233" machi="77" ten="30,2900,0" yaku="18,1,54,1" doraHai="105" who="1" fromWho="0" sc="190,-29,220,29,220,0,370,0" /><INIT seed="1,1,0,5,1,84" ten="161,249,220,370" oya="1" hai0="65,76,57,38,119,135,88,114,98,47,134,116,81" hai1="74,75,82,105,51,62,93,7,118,83,52,14,67" hai2="48,113,89,6,111,101,46,20,49,120,100,122,127" hai3="124,3,125,1,91,99,79,42,55,87,5,29,13"/><U96/><E118/><V36/><F36/><W115/><G115/><T126/><D114/><U117/><E105/><V18/><F113/><W43/><G29/><T130/><D38/><U32/><E32/><V63/><F6/><W128/><G128/><T10/><D47/><U92/><E117/><N who="0" m="45129" /><D10/><N who="1" m="4447" /><E74/><V0/><F0/><N who="3" m="75" /><G79/><T133/><D57/><N who="1" m="37327" /><E75/><V4/><F4/><W44/><G99/><T22/><D65/><U26/><E26/><V11/><F11/><N who="3" m="4335" /><G55/><T15/><D130/><U68/><E68/><V85/><F122/><W8/><G8/><T16/><D126/><N who="3" m="48745" /><G44/><T131/><D131/><U12/><E12/><V108/><F120/><W70/><G70/><T40/><D40/><U77/><E77/><V71/><F127/><W123/><G123/><T59/><D59/><N who="1" m="33183" /><E96/><V95/><F71/><W109/><G109/><N who="2" m="42057" /><F63/><W72/><G72/><N who="0" m="43143" /><D98/><U97/><E97/><V27/><F48/><W64/><G64/><T2/><D2/><U31/><E31/><V34/><F34/><W132/><G132/><T30/><D30/><U19/><E19/><V129/><F129/><W17/><G17/><T54/><D54/><AGARI ba="1,0" hai="18,20,27,46,49,54,85,89,95,100,101" m="42057" machi="54" ten="30,2000,0" yaku="14,1,52,1" doraHai="84" who="2" fromWho="0" sc="161,-23,249,0,220,23,370,0" /><INIT seed="2,0,0,4,5,34" ten="138,249,243,370" oya="2" hai0="104,98,68,90,106,89,48,10,9,110,11,117,132" hai1="7,65,118,8,62,116,37,27,35,88,5,20,93" hai2="30,73,54,74,25,32,69,123,42,125,85,84,56" hai3="92,0,13,122,75,81,41,131,112,94,119,52,40"/><V45/><F123/><W82/><G0/><T12/><D68/><U58/><E35/><V96/><F69/><W47/><G119/><T133/><D117/><U43/><E37/><V99/><F125/><W22/><G122/><T14/><D48/><U108/><E43/><V18/><F18/><N who="3" m="10575" /><G75/><T121/><D121/><U77/><E77/><V66/><F66/><W128/><G112/><T36/><D36/><U130/><E130/><N who="3" m="49706" /><G52/><T91/><D110/><U15/><E5/><V113/><F113/><W24/><G41/><T124/><D124/><U76/><E76/><V38/><F74/><W78/><G24/><T57/><D57/><U134/><E108/><V71/><F73/><N who="3" m="43215" /><G82/><T3/><D98/><U95/><E95/><V105/><F71/><W26/><G26/><T79/><D3/><U86/><REACH who="1" step="1"/><E134/><REACH who="1" ten="138,239,243,370" step="2"/><N who="0" m="51817" /><D79/><U114/><E114/><V39/><F39/><AGARI ba="0,1" hai="39,40,47,92,94" m="43215,49706,10575" machi="39" ten="30,1000,0" yaku="19,1" doraHai="34" who="3" fromWho="2" sc="138,0,239,0,243,-10,370,20" /><INIT seed="3,0,0,5,5,20" ten="138,239,233,390" oya="3" hai0="14,107,80,22,97,5,95,68,58,98,74,18,82" hai1="62,8,24,55,127,1,84,73,108,96,91,113,126" hai2="66,43,56,21,63,60,4,114,99,50,28,35,23" hai3="33,16,118,94,15,116,90,32,44,85,45,12,120"/><W123/><G16/><T93/><D68/><U46/><E73/><V37/><F114/><W106/><G90/><T121/><D121/><U89/><E113/><V25/><F4/><W131/><G85/><T61/><D107/><U76/><E108/><V49/><F99/><W2/><G94/><T19/><D74/><U52/><E24/><V119/><F119/><W9/><G9/><T101/><D5/><N who="1" m="1071" /><E96/><V42/><F37/><W64/><G64/><T51/><D51/><N who="2" m="19466" /><F35/><W88/><G88/><N who="1" m="33866" /><E46/><V31/><F63/><W129/><G106/><T26/><D18/><U77/><E62/><V109/><F109/><W53/><G53/><N who="1" m="20554" /><E84/><V110/><F110/><W112/><G2/><T6/><D6/><U72/><E72/><V70/><F70/><W115/><AGARI ba="0,0" hai="12,15,32,33,44,45,112,115,116,118,120,123,129,131" machi="115" ten="25,4800,0" yaku="0,1,22,2" doraHai="20" who="3" fromWho="3" sc="138,-16,239,-16,233,-16,390,48" owari="122,-37.8,223,2.3,217,-18.3,438,53.8" /></mjloggm>