<mjloggm ver="2.3"><GO type="225" lobby="0"/><UN n0="%E5%AE%AE%E4%BF%9D%E9%B6%8F%E8%82%89" n1="%6B%79%6F%6E%6B%6F%31%31" n2="%72%69%6F%75%63%68%61%6E" n3="%E8%A8%88%E7%AE%97%E6%A9%9F%E8%87%AA%E7%84%B6" dan="16,17,17,17" rate="2114.19,2171.92,2250.20,2176.02" sx="M,M,M,M"/><TAIKYOKU oya="0"/><INIT seed="0,0,0,2,1,106" ten="250,250,250,250" oya="0" hai0="58,6,33,47,98,112,108,132,87,110,34,121,103" hai1="90,12,135,84,27,7,114,93,80,77,72,111,29" hai2="74,92,49,118,24,75,65,100,105,83,21,122,101" hai3="17,41,116,64,125,53,5,69,62,32,4,131,22"/><T126/><D112/><U45/><E111/><N who="0" m="42537" /><D121/><U63/><E135/><V66/><F122/><W3/><G116/><T123/><D123/><U115/><E63/><V38/><F38/><W25/><G131/><T48/><D132/><U11/><REACH who="1" step="1"/><E45/><REACH who="1" ten="250,240,250,250" step="2"/><V28/><F118/><W82/><G62/><T117/><D117/><U40/><E40/><V79/><F65/><W55/><G41/><N who="0" m="24687" /><D126/><U73/><E73/><V20/><F66/><W109/><G64/><T133/><D133/><U89/><E89/><V107/><F74/><W59/><G125/><T43/><D43/><U71/><E71/><V10/><F101/><W91/><G91/><T37/><D37/><U26/><E26/><V85/><F100/><W96/><G25/><T127/><D127/><U44/><E44/><V113/><F113/><W1/><G69/><T13/><D58/><U18/><E18/><V54/><F49/><W104/><G17/><T102/><D102/><U31/><E31/><N who="2" m="17799" /><F54/><W36/><G109/><T35/><D6/><U15/><E15/><V51/><F51/><W8/><G36/><T19/><D13/><U94/><E94/><V95/><F92/><W14/><G53/><T86/><D19/><U70/><E70/><V57/><F57/><W0/><G59/><T39/><D39/><U60/><E60/><V52/><F52/><W99/><G55/><T61/><D61/><U16/><E16/><V68/><F68/><W78/><G4/><T128/><D128/><U30/><E30/><V124/><F124/><W67/><G67/><T23/><D23/><AGARI ba="0,1" hai="7,11,12,23,27,29,72,77,80,84,90,93,114,115" machi="23" ten="40,2600,0" yaku="1,1,52,1,53,0" doraHai="106" doraHaiUra="120" who="1" fromWho="0" sc="250,-26,240,36,250,0,250,0" /><INIT seed="1,0,0,0,2,4" ten="224,276,250,250" oya="1" hai0="7,60,29,62,91,49,83,56,3,134,110,80,92" hai1="111,135,81,24,31,53,18,95,115,103,129,133,28" hai2="126,113,131,122,102,39,76,109,15,12,121,57,69" hai3="59,71,124,14,22,26,118,33,9,61,94,100,35"/><U90/><E115/><V40/><F69/><W32/><G124/><T27/><D110/><U73/><E129/><V128/><F109/><W1/><G118/><T20/><D134/><N who="1" m="51211" /><E111/><V25/><F126/><W11/><G71/><T84/><D49/><U16/><E103/><V127/><F127/><W96/><G14/><N who="2" m="5161" /><F113/><W125/><G1/><T77/><D80/><U38/><E38/><V50/><F76/><W43/><G43/><T0/><D7/><U44/><E31/><V132/><F132/><W8/><G125/><T104/><D104/><U13/><E44/><N who="2" m="23583" /><F102/><W120/><G120/><T55/><REACH who="0" step="1"/><D60/><REACH who="0" ten="214,276,250,250" step="2"/><U123/><E123/><V88/><F121/><W85/><G85/><AGARI ba="0,1" hai="0,3,20,27,29,55,56,62,77,83,84,85,91,92" machi="85" ten="30,3900,0" yaku="1,1,2,1,7,1,53,0" doraHai="4" doraHaiUra="116" who="0" fromWho="3" sc="214,49,276,0,250,0,250,-39" /><INIT seed="2,0,0,2,5,99" ten="263,276,250,211" oya="2" hai0="88,56,86,93,94,109,47,46,77,95,60,83,45" hai1="51,132,105,69,82,115,10,39,123,21,70,124,73" hai2="41,43,14,20,11,66,103,97,117,113,64,72,29" hai3="28,58,110,84,125,102,90,2,80,0,55,49,135"/><V54/><F113/><W114/><G114/><T104/><D109/><U5/><E115/><V7/><F117/><W12/><G110/><T38/><D104/><U68/><E124/><V89/><F72/><W59/><G125/><T85/><REACH who="0" step="1"/><D38/><REACH who="0" ten="253,276,250,211" step="2"/><U42/><E105/><V50/><F89/><W130/><G130/><T36/><D36/><U71/><E39/><V18/><F29/><W127/><G127/><T134/><D134/><U13/><E132/><V26/><F41/><W119/><G135/><T133/><D133/><U1/><E42/><V120/><F43/><W23/><G119/><T6/><D6/><U53/><E123/><V74/><F74/><W3/><G28/><T106/><D106/><U44/><E73/><V91/><F91/><W116/><G116/><T96/><D96/><U126/><E126/><V61/><F120/><W62/><G102/><T100/><D100/><U17/><E82/><V92/><REACH who="2" step="1"/><F61/><REACH who="2" ten="253,276,240,211" step="2"/><W33/><G62/><T34/><D34/><U75/><E75/><V65/><F65/><AGARI ba="0,2" hai="45,46,47,56,60,65,77,83,85,86,88,93,94,95" machi="65" ten="40,12000,2" yaku="1,1,8,1,54,1,53,3" doraHai="99" doraHaiUra="40" who="0" fromWho="2" sc="253,140,276,0,240,-120,211,0" /><INIT seed="3,0,0,4,1,135" ten="393,276,120,211" oya="3" hai0="27,51,112,121,1,90,81,76,102,118,13,88,132" hai1="41,16,109,123,12,65,2,56,128,126,116,119,107" hai2="133,95,42,86,23,36,110,104,122,83,131,94,68" hai3="73,8,100,85,134,108,4,20,77,25,59,101,31"/><W98/><G134/><T127/><D132/><U32/><E107/><V79/><F133/><W46/><G73/><T45/><D127/><U55/><E32/><V53/><F68/><W0/><G108/><T60/><D1/><U5/><E65/><V18/><F110/><W117/><G117/><T49/><D118/><U114/><E41/><V62/><F131/><W11/><G59/><T34/><D102/><U3/><E123/><V84/><F122/><W19/><G46/><T71/><D49/><U29/><E109/><V96/><F36/><W58/><G58/><T21/><D34/><U115/><E55/><V113/><F113/><W91/><G77/><T103/><D103/><U44/><E56/><V43/><F104/><W129/><G129/><T99/><D13/><U89/><E89/><V64/><F53/><W63/><G63/><T69/><D99/><U10/><E44/><V22/><F22/><W57/><G57/><T50/><D50/><U30/><E128/><V80/><F62/><W17/><G8/><T87/><D112/><U52/><E52/><V72/><F64/><W82/><REACH who="3" step="1"/><G101/><REACH who="3" ten="393,276,120,201" step="2"/><T54/><D121/><U33/><E119/><V39/><F72/><W37/><G37/><T120/><D120/><U92/><E116/><V28/><F39/><W106/><AGARI ba="0,1" hai="0,4,11,17,19,20,25,31,82,85,91,98,100,106" machi="106" ten="20,3900,0" yaku="1,1,0,1,7,1,53,0" doraHai="135" doraHaiUra="40" who="3" fromWho="3" sc="393,-13,276,-13,120,-13,201,49" /><INIT seed="3,1,0,5,0,12" ten="380,263,107,250" oya="3" hai0="37,133,6,28,2,18,80,117,67,79,30,13,7" hai1="94,3,27,83,36,32,62,135,96,122,111,43,53" hai2="46,35,105,63,70,51,124,78,118,4,121,113,132" hai3="102,21,86,114,64,66,59,115,101,9,84,131,89"/><W104/><G131/><T61/><D37/><U24/><E122/><V8/><F35/><W103/><G104/><T16/><D117/><U11/><E135/><V75/><F105/><W0/><G21/><T130/><D2/><U127/><E32/><V15/><F75/><W98/><G98/><T50/><D133/><U125/><E83/><V42/><F132/><W106/><G106/><T22/><D130/><U47/><E111/><V107/><F107/><W44/><G44/><T65/><D50/><U109/><E109/><V25/><F113/><W17/><G0/><T55/><D55/><U82/><E82/><V81/><F118/><W10/><G59/><T71/><D65/><U97/><E97/><V39/><F121/><W49/><G101/><T60/><D61/><U23/><E11/><V73/><F124/><N who="1" m="47689" /><E3/><V38/><F25/><W40/><G49/><T108/><D28/><U68/><E23/><V54/><F70/><W45/><G45/><T87/><D30/><U26/><E68/><V5/><F5/><W119/><G89/><T76/><D79/><U100/><E53/><V33/><F33/><W120/><G40/><T116/><D116/><U29/><E62/><V95/><F95/><W34/><G34/><T110/><D110/><U41/><E41/><V91/><F91/><W88/><G119/><T58/><D108/><U14/><E29/><V77/><F77/><W123/><G88/><T1/><D71/><U69/><E69/><V92/><F92/><W72/><G72/><T57/><D1/><U112/><E112/><V93/><F93/><W129/><G129/><RYUUKYOKU ba="1,0" sc="380,-30,263,10,107,10,250,10" hai1="14,24,26,27,36,43,47,94,96,100" hai2="4,8,15,38,39,42,46,51,54,63,73,78,81" hai3="9,10,17,64,66,84,86,102,103,114,115,120,123" /><INIT seed="3,2,0,2,0,69" ten="350,273,117,260" oya="3" hai0="67,123,125,66,82,9,100,53,83,72,50,16,1" hai1="55,18,28,104,84,47,63,92,5,93,3,4,94" hai2="133,105,22,132,115,43,113,126,46,96,111,118,87" hai3="76,80,62,23,85,39,35,73,103,0,13,21,51"/><W7/><G35/><T109/><D109/><U32/><E104/><V65/><F22/><W90/><G62/><T6/><D123/><U54/><E32/><V97/><F118/><W79/><G79/><T38/><D38/><U135/><E28/><V122/><F65/><W52/><G0/><T58/><D125/><U129/><E129/><V116/><F116/><W81/><G39/><T29/><D29/><U57/><E135/><V71/><F71/><W25/><G103/><T78/><D100/><U37/><E3/><V24/><F24/><W17/><G7/><T19/><D82/><U108/><E108/><V15/><F15/><W56/><REACH who="3" step="1"/><G25/><REACH who="3" ten="350,273,117,250" step="2"/><T95/><D1/><U12/><E4/><V31/><F111/><W34/><G34/><T89/><D6/><U36/><E5/><V86/><F126/><W102/><G102/><T41/><D78/><U112/><E112/><N who="2" m="43083" /><F122/><W61/><G61/><T74/><D50/><U59/><E47/><V91/><F105/><W127/><G127/><T117/><D117/><U49/><REACH who="1" step="1"/><E84/><REACH who="1" ten="350,263,117,250" step="2"/><N who="2" m="32299" /><F132/><W68/><G68/><T88/><D72/><U98/><E98/><V77/><F133/><W101/><G101/><T107/><D74/><U128/><E128/><V60/><F96/><W134/><G134/><T8/><D107/><U26/><E26/><V120/><F120/><W70/><G70/><T124/><D124/><U119/><E119/><V75/><F75/><W114/><G114/><T106/><D106/><U64/><E64/><V110/><F110/><W14/><G14/><T121/><D121/><U20/><AGARI ba="2,2" hai="12,18,20,36,37,49,54,55,57,59,63,92,93,94" machi="20" ten="30,12000,2" yaku="1,1,0,1,52,2,53,2" doraHai="69" doraHaiUra="48" who="1" fromWho="1" sc="350,-32,263,146,117,-32,250,-62" owari="318,11.8,409,50.9,85,-41.5,188,-21.2" /></mjloggm>