<mjloggm ver="2.3"><GO type="225" lobby="0"/><UN n0="%E5%8F%AF%E5%85%90%E9%82%A3%E7%94%B1%E5%A4%9A" n1="%72%69%6F%75%63%68%61%6E" n2="%E3%82%B2%E3%82%B9%E8%8C%82%E5%8B%9D" n3="%E7%99%BD%E9%9B%AA%E4%B9%83%E6%84%9B" dan="17,17,16,16" rate="2184.75,2210.86,2051.10,2072.45" sx="F,M,F,F"/><TAIKYOKU oya="0"/><INIT seed="0,0,0,2,3,8" ten="250,250,250,250" oya="0" hai0="98,30,87,73,75,17,134,7,115,114,88,36,99" hai1="2,85,14,127,52,45,64,18,28,71,109,131,66" hai2="111,29,104,55,69,42,59,41,58,51,84,133,53" hai3="90,22,1,89,21,112,77,27,13,122,9,62,35"/><T10/><D36/><U102/><E2/><V119/><F119/><W49/><G112/><T106/><D30/><U57/><E109/><V100/><F111/><W38/><G38/><T82/><D17/><U40/><E131/><V56/><F69/><W12/><G122/><T126/><D134/><U130/><E130/><V65/><F133/><W25/><G77/><T83/><D126/><U11/><E127/><V123/><F123/><W81/><G35/><T34/><D34/><U135/><E135/><V61/><F29/><N who="3" m="17583" /><G9/><T94/><D10/><U43/><E28/><V79/><F100/><W72/><G72/><N who="0" m="27723" /><D7/><U96/><E85/><V67/><F104/><W103/><G103/><N who="0" m="62847" /><D82/><U31/><E31/><V3/><F3/><W70/><G70/><T113/><D115/><U44/><E71/><V74/><F74/><W4/><G4/><T39/><D39/><U46/><E40/><N who="2" m="15467" /><F84/><N who="3" m="50319" /><G62/><T97/><D97/><U33/><E43/><V63/><F79/><AGARI ba="0,0" hai="79,83,87,88,94,98,113,114" m="62847,27723" machi="79" ten="30,5800,0" yaku="34,2,54,1" doraHai="8" who="0" fromWho="2" sc="250,58,250,0,250,-58,250,0" /><INIT seed="0,1,0,1,5,81" ten="308,250,192,250" oya="0" hai0="10,51,50,99,4,36,123,134,129,54,85,56,72" hai1="46,16,71,26,112,69,74,84,78,37,87,89,34" hai2="115,55,93,64,9,117,125,128,73,104,21,119,49" hai3="29,22,96,90,67,24,114,121,88,91,35,62,45"/><T27/><D123/><U94/><E74/><V75/><F115/><W60/><G114/><T97/><D36/><U41/><E112/><V106/><F9/><W18/><G121/><T30/><D72/><N who="2" m="27722" /><F64/><W33/><G96/><T127/><D127/><U28/><REACH who="1" step="1"/><E16/><REACH who="1" ten="308,240,192,250" step="2"/><V77/><F125/><W79/><G18/><T57/><D129/><U107/><E107/><V102/><F128/><W76/><G35/><T20/><D134/><U101/><E101/><V120/><F120/><W131/><G33/><T53/><REACH who="0" step="1"/><D85/><REACH who="0" ten="298,240,192,250" step="2"/><U13/><E13/><AGARI ba="1,2" hai="4,10,13,20,27,30,50,51,53,54,56,57,97,99" machi="13" ten="30,12000,1" yaku="1,1,2,1,7,1,9,1,8,1,53,0" doraHai="81" doraHaiUra="132" who="0" fromWho="1" sc="298,143,240,-123,192,0,250,0" /><INIT seed="0,2,0,0,3,61" ten="441,117,192,250" oya="0" hai0="47,10,53,64,44,95,71,78,12,3,15,68,94" hai1="5,8,21,33,96,79,67,54,90,34,30,63,58" hai2="27,51,100,18,37,118,80,91,93,89,83,107,40" hai3="70,41,117,135,9,22,133,75,19,2,4,127,26"/><T132/><D3/><U114/><E114/><V92/><F118/><W1/><G75/><T81/><D132/><N who="3" m="50761" /><G41/><T11/><D53/><U69/><E79/><V115/><F37/><W134/><G70/><T29/><D29/><U55/><E21/><N who="2" m="13751" /><F107/><W24/><G134/><T72/><D78/><U111/><E111/><V32/><F32/><W46/><G46/><T120/><D81/><N who="2" m="31306" /><F115/><W105/><G105/><T31/><D31/><U0/><E30/><V42/><F100/><W73/><G73/><T62/><D72/><U59/><E69/><V87/><F51/><W36/><G36/><T6/><D120/><U98/><E54/><V124/><F124/><W48/><G48/><T74/><D74/><U109/><E109/><V16/><F16/><N who="3" m="12359" /><G117/><T60/><D6/><U129/><E129/><V128/><F128/><W88/><G127/><T77/><D77/><U65/><E65/><AGARI ba="2,0" hai="10,11,12,15,44,47,60,62,64,65,68,71,94,95" machi="65" ten="25,9600,0" yaku="22,2,52,2" doraHai="61" who="0" fromWho="1" sc="441,102,117,-102,192,0,250,0" /><INIT seed="0,3,0,5,5,100" ten="543,15,192,250" oya="0" hai0="62,38,51,112,23,94,8,86,109,123,5,65,35" hai1="53,10,98,26,18,107,84,12,67,135,77,66,0" hai2="72,115,129,97,24,78,1,128,81,11,15,71,116" hai3="134,125,90,17,133,110,99,73,32,47,44,20,3"/><T88/><D112/><U74/><E74/><V79/><F116/><W39/><G32/><T2/><D123/><U56/><E135/><N who="3" m="51722" /><G110/><T76/><D38/><U29/><E0/><V121/><F121/><W64/><G125/><T27/><D109/><U37/><E37/><V117/><F117/><W93/><G3/><T102/><D35/><U108/><E108/><V30/><F1/><W106/><G73/><T127/><D127/><U22/><E107/><V46/><F71/><W70/><G106/><T57/><D76/><U75/><E75/><V96/><F115/><W6/><G6/><T19/><D102/><U82/><REACH who="1" step="1"/><E98/><REACH who="1" ten="543,5,192,250" step="2"/><V34/><F96/><W61/><G39/><T7/><D2/><U69/><E69/><V101/><F97/><W60/><G60/><AGARI ba="3,1" hai="10,12,18,22,26,29,53,56,60,66,67,77,82,84" machi="60" ten="30,3900,0" yaku="1,1,7,1,8,1,53,0" doraHai="100" doraHaiUra="126" who="1" fromWho="3" sc="543,0,5,58,192,0,250,-48" /><INIT seed="1,0,0,3,4,64" ten="543,63,192,202" oya="1" hai0="9,38,1,105,135,62,94,73,63,41,89,14,26" hai1="37,71,82,40,111,123,48,81,51,49,115,4,21" hai2="50,130,16,61,116,103,97,119,93,44,58,66,124" hai3="128,68,113,83,47,33,30,84,95,27,134,5,100"/><U85/><E115/><V15/><F124/><W2/><G113/><T7/><D105/><U18/><E123/><V12/><F12/><W59/><G68/><T96/><D135/><U42/><E111/><V112/><F130/><W25/><G2/><T32/><D14/><U109/><E109/><V11/><REACH who="2" step="1"/><F112/><REACH who="2" ten="543,63,182,202" step="2"/><W19/><G128/><T129/><D129/><U131/><E131/><V52/><AGARI ba="0,1" hai="11,15,16,44,50,52,58,61,66,93,97,103,116,119" machi="52" ten="20,12000,2" yaku="1,1,2,1,0,1,7,1,54,2,53,0" doraHai="64" doraHaiUra="121" who="2" fromWho="2" sc="543,-30,63,-60,182,130,202,-30" /><INIT seed="2,0,0,3,1,14" ten="513,3,312,172" oya="2" hai0="86,80,67,20,71,117,12,53,38,72,18,102,115" hai1="65,106,76,83,98,113,134,88,111,11,64,70,89" hai2="4,94,19,96,130,2,40,33,63,124,5,39,68" hai3="109,35,25,44,56,105,84,108,103,125,87,23,92"/><V75/><F124/><W74/><G74/><T15/><D115/><U34/><E113/><V119/><F130/><W50/><G35/><T9/><D117/><U26/><E111/><V95/><F119/><W127/><G56/><T110/><D110/><N who="3" m="42601" /><G105/><T97/><D38/><U13/><E134/><V133/><F133/><W101/><G84/><T99/><D72/><U107/><E107/><V37/><F75/><W114/><G114/><T7/><D102/><N who="3" m="38921" /><G87/><T49/><D67/><U85/><E106/><V116/><F33/><W29/><G92/><T79/><D71/><U57/><E70/><V60/><F116/><W48/><G48/><T126/><D126/><U6/><E98/><V30/><F68/><W104/><G104/><T129/><D129/><U73/><E73/><V112/><F112/><W131/><G131/><T123/><D123/><U42/><E42/><AGARI ba="0,0" hai="23,25,29,42,44,50,125,127" m="38921,42601" machi="42" ten="30,1000,0" yaku="14,1" doraHai="14" who="3" fromWho="1" sc="513,0,3,-10,312,0,172,10" owari="513,61.3,-7,-50.7,312,11.2,182,-21.8" /></mjloggm>