<mjloggm ver="2.3"><GO type="225" lobby="0"/><UN n0="%E9%80%9F%E6%B0%B4%E5%87%9B%E9%A6%99" n1="%E5%88%9D%E5%8F%B7%E6%A9%9F%E3%81%A8%E4%BA%8C%E5%8F%B7%E6%A9%9F" n2="%6D%75%75%6D%75%72%61" n3="%E3%81%9F%E3%81%A3%E3%81%A1%E3%82%87" dan="16,17,17,16" rate="2083.55,2178.48,2208.04,2115.51" sx="F,M,F,M"/><TAIKYOKU oya="0"/><INIT seed="0,0,0,1,3,69" ten="250,250,250,250" oya="0" hai0="94,87,66,118,90,11,67,82,129,49,52,36,116" hai1="112,13,0,48,110,93,44,8,114,111,2,4,75" hai2="32,100,63,105,3,135,125,20,46,74,130,62,26" hai3="102,122,39,5,54,132,45,6,70,30,18,12,14"/><T92/><D129/><U9/><E75/><V68/><F130/><W78/><G132/><T51/><D51/><U115/><E93/><V57/><F135/><W15/><G70/><T34/><D34/><U31/><E48/><V123/><F123/><W35/><G122/><T19/><D36/><U29/><E44/><V53/><F74/><W42/><G102/><T43/><D43/><U1/><E8/><V108/><F108/><AGARI ba="0,0" hai="0,1,2,4,9,13,29,31,108,110,111,112,114,115" machi="108" ten="50,8000,1" yaku="14,1,11,1,34,3" doraHai="69" who="1" fromWho="2" sc="250,0,250,80,250,-80,250,0" /><INIT seed="1,0,0,0,4,99" ten="250,330,170,250" oya="1" hai0="36,22,6,55,19,32,117,58,38,132,96,85,53" hai1="45,72,65,16,20,33,107,15,71,102,97,95,101" hai2="48,116,34,84,66,74,131,135,8,14,77,76,43" hai3="23,4,121,67,124,115,78,29,62,87,86,31,40"/><U25/><E72/><V1/><F116/><W18/><G115/><T60/><D32/><U57/><E71/><V41/><F131/><W134/><G121/><T88/><D117/><U46/><E107/><V100/><F74/><W105/><G105/><T42/><D6/><U129/><E129/><V50/><F34/><W54/><G124/><T82/><D132/><U49/><E33/><V80/><F1/><W98/><G134/><T133/><D133/><U123/><E123/><V39/><F135/><W108/><G98/><T5/><D5/><U17/><E102/><V119/><F76/><W24/><G40/><T112/><D112/><U70/><E70/><V113/><F119/><W69/><G108/><T27/><D42/><U35/><E35/><V92/><F66/><W10/><G54/><T21/><D21/><N who="1" m="11423" /><E49/><N who="2" m="19051" /><F39/><W37/><G37/><T0/><D0/><U103/><E103/><V30/><F30/><W64/><G64/><T9/><D9/><U90/><E90/><V47/><F47/><W130/><G130/><T94/><D55/><U91/><E91/><AGARI ba="0,0" hai="19,22,27,36,38,53,58,60,82,85,88,91,94,96" machi="91" ten="30,7700,0" yaku="7,1,25,2,54,1" doraHai="99" who="0" fromWho="1" sc="250,77,330,-77,170,0,250,0" /><INIT seed="2,0,0,2,3,25" ten="327,253,170,250" oya="2" hai0="120,97,135,103,20,77,76,49,22,89,133,71,15" hai1="19,95,111,60,2,112,12,57,68,127,121,63,26" hai2="44,86,11,107,62,51,53,70,36,16,92,23,32" hai3="109,41,48,73,91,98,7,123,94,69,110,45,131"/><V93/><F107/><W78/><G123/><T10/><D71/><U87/><E121/><V61/><F36/><W90/><G131/><T124/><D89/><U72/><E72/><V82/><F32/><W114/><G114/><T119/><D120/><U6/><E112/><V117/><F117/><W96/><G69/><T1/><D1/><U28/><E2/><V104/><F104/><W31/><G7/><T118/><D49/><U21/><E6/><V55/><F70/><W130/><G130/><T108/><D108/><N who="3" m="41577" /><G31/><T66/><D66/><U17/><E111/><V100/><F100/><N who="3" m="60439" /><G98/><T99/><D99/><U27/><E68/><V29/><F29/><W83/><AGARI ba="0,0" hai="41,45,48,73,78,83,90,91" m="60439,41577" machi="83" ten="30,1100,0" yaku="14,1" doraHai="25" who="3" fromWho="3" sc="327,-3,253,-3,170,-5,250,11" /><INIT seed="3,0,0,3,1,3" ten="324,250,165,261" oya="3" hai0="54,17,0,31,115,64,11,127,72,4,135,79,105" hai1="133,23,51,12,57,18,29,60,24,13,134,6,47" hai2="94,98,69,106,48,130,34,39,45,112,1,74,110" hai3="14,19,26,20,56,38,42,71,63,97,103,129,113"/><W41/><G113/><T58/><D105/><U96/><E96/><V120/><RYUUKYOKU type="yao9" ba="0,0" sc="324,0,250,0,165,0,261,0" hai2="1,34,39,45,48,69,74,94,98,106,110,112,120,130" /><INIT seed="3,1,0,1,4,45" ten="324,250,165,261" oya="3" hai0="99,43,11,109,51,97,6,18,132,42,4,135,103" hai1="24,112,126,53,76,12,80,78,74,77,96,38,113" hai2="123,128,104,31,46,35,121,94,106,83,105,1,102" hai3="86,85,127,134,27,40,62,63,68,107,60,117,111"/><W30/><G117/><T129/><D109/><U34/><E38/><V91/><F1/><W119/><G119/><T114/><D114/><U73/><E126/><V41/><F35/><W108/><G127/><T17/><D129/><U131/><E131/><V0/><F128/><W110/><G134/><N who="0" m="51243" /><D97/><U48/><E96/><V116/><F116/><W2/><G107/><N who="0" m="63999" /><D4/><U130/><E130/><V89/><F0/><W59/><G40/><N who="0" m="15403" /><D51/><U124/><E124/><V84/><F31/><W75/><G75/><T19/><D19/><U44/><E12/><AGARI ba="1,0" hai="6,11,12,17,18" m="15403,63999,51243" machi="12" ten="30,1000,0" yaku="20,1" doraHai="45" who="0" fromWho="1" sc="324,13,250,-13,165,0,261,0" owari="337,43.7,237,-16.3,165,-33.5,261,6.1" /></mjloggm>