<mjloggm ver="2.3"><GO type="225" lobby="0"/><UN n0="%E3%81%8F%E3%82%8A%E3%83%94%E3%83%BC" n1="%E5%B8%86%E7%AB%8B%E5%A4%8F%E8%A1%A3" n2="%47%32%E9%BE%8D%E9%96%80" n3="%E3%81%82%E3%81%84%E3%81%82%E3%81%8A%E3%81%84" dan="16,17,16,18" rate="2106.22,2162.59,2113.10,2206.99" sx="M,M,M,M"/><TAIKYOKU oya="0"/><INIT seed="0,0,0,5,3,50" ten="250,250,250,250" oya="0" hai0="21,89,14,35,104,75,37,77,15,107,129,67,131" hai1="24,16,94,71,112,135,7,3,45,70,103,28,81" hai2="38,58,68,12,8,27,48,0,13,9,61,40,127" hai3="86,117,118,122,36,97,74,121,66,4,114,126,102"/><T91/><D35/><U43/><E112/><V31/><F38/><W108/><G36/><T133/><D37/><U78/><E135/><V53/><F127/><W116/><G66/><T99/><D67/><U11/><E94/><V124/><F124/><W87/><G4/><T92/><D21/><U46/><E103/><V49/><F68/><W90/><G126/><T32/><D32/><U54/><E46/><V101/><F101/><W26/><G26/><T82/><D14/><U59/><E45/><V69/><F69/><W105/><G114/><T17/><D133/><U106/><E43/><V98/><F98/><W44/><G44/><T110/><D15/><N who="2" m="5706" /><F0/><W30/><G30/><T93/><D17/><U72/><E106/><N who="0" m="40489" /><D110/><U128/><E128/><N who="0" m="49225" /><D93/><U73/><E73/><V29/><F40/><W123/><G108/><T2/><D2/><U62/><REACH who="1" step="1"/><E16/><REACH who="1" ten="250,240,250,250" step="2"/><V57/><F31/><W51/><G74/><T84/><D75/><U34/><AGARI ba="0,1" hai="3,7,11,24,28,34,54,59,62,70,71,72,78,81" machi="34" ten="20,12000,2" yaku="1,1,2,1,0,1,7,1,52,1,53,1" doraHai="50" doraHaiUra="22" who="1" fromWho="1" sc="250,-60,240,130,250,-30,250,-30" /><INIT seed="1,0,0,3,3,130" ten="190,370,220,220" oya="1" hai0="20,49,79,98,107,74,125,106,27,35,28,133,117" hai1="54,57,40,48,127,114,42,108,23,14,50,87,31" hai2="94,45,17,2,68,56,10,84,0,4,13,33,88" hai3="105,121,47,15,82,61,30,111,95,3,32,26,85"/><U53/><E114/><V63/><F33/><W55/><G3/><T92/><D117/><U122/><E127/><V22/><F68/><W90/><G105/><T81/><D125/><U41/><E122/><V128/><F128/><W86/><G121/><T123/><D123/><U59/><E108/><V5/><F45/><W116/><G111/><T134/><D49/><U103/><E103/><V99/><F5/><W78/><G116/><T46/><D46/><U102/><E102/><V119/><F119/><W25/><G15/><T16/><D92/><U72/><E72/><V43/><F43/><W44/><G25/><N who="0" m="14471" /><D98/><U38/><E38/><V62/><F62/><W96/><G61/><T77/><D77/><U135/><E87/><V8/><F8/><W110/><G110/><T67/><D67/><U109/><E109/><V69/><F69/><W19/><G19/><T71/><D71/><U73/><E73/><V36/><F36/><W113/><G113/><T97/><D97/><U104/><E104/><V1/><REACH who="2" step="1"/><F99/><REACH who="2" ten="190,370,210,220" step="2"/><W112/><G112/><T34/><D35/><U132/><E41/><V39/><F39/><W118/><G118/><T93/><D93/><U66/><E42/><V83/><F83/><W129/><G129/><T115/><D115/><U6/><E40/><V70/><F70/><W89/><G55/><AGARI ba="0,1" hai="0,1,2,4,10,13,17,22,55,56,63,84,88,94" machi="55" ten="30,3900,0" yaku="1,1,7,1,54,1,53,0" doraHai="130" doraHaiUra="60" who="2" fromWho="3" sc="190,0,370,0,210,49,220,-39" /><INIT seed="2,0,0,2,0,112" ten="190,370,259,181" oya="2" hai0="26,92,2,82,8,125,14,114,11,97,68,126,13" hai1="85,37,19,40,15,102,118,58,1,74,90,71,108" hai2="32,46,106,79,98,28,69,22,80,129,73,48,117" hai3="121,27,12,63,35,81,30,60,44,116,43,96,99"/><V33/><F117/><W86/><G121/><T38/><D114/><U56/><E118/><V20/><F69/><W91/><G116/><T105/><D105/><U124/><E124/><N who="0" m="47721" /><D38/><U100/><E108/><V64/><F64/><W54/><G12/><N who="0" m="4715" /><D68/><U76/><E71/><V4/><F4/><W111/><G111/><T66/><D66/><U53/><E1/><V122/><F129/><W77/><G54/><T127/><N who="0" m="47729" /><T61/><DORA hai="135" /><D61/><U57/><E37/><V93/><F106/><W70/><G70/><T75/><D2/><U89/><E53/><V120/><F122/><W51/><G63/><T21/><D82/><U101/><E40/><V78/><F80/><W113/><G60/><T109/><D75/><U5/><E74/><V65/><F65/><W10/><G10/><T49/><D49/><U0/><E0/><V16/><F73/><W52/><G113/><T133/><D109/><U18/><E58/><V84/><F48/><W29/><G43/><T23/><D133/><U45/><E57/><V95/><F120/><W123/><G123/><T134/><D134/><U9/><E56/><V41/><F41/><W103/><G103/><N who="0" m="60839" /><D23/><U6/><E9/><V107/><F22/><W55/><G55/><T39/><D39/><U104/><E104/><V115/><F20/><W94/><G99/><T132/><D132/><U88/><E85/><V83/><F98/><W25/><G35/><T47/><D47/><U67/><E45/><V31/><F33/><W3/><G3/><T131/><D131/><U59/><E59/><V62/><F32/><W130/><G130/><RYUUKYOKU ba="0,0" sc="190,15,370,-15,259,-15,181,15" hai0="8,11,21,26" hai3="25,27,29,30,44,51,52,77,81,86,91,94,96" /><INIT seed="3,1,0,3,1,84" ten="205,355,244,196" oya="3" hai0="1,124,6,10,33,79,89,41,20,50,4,49,36" hai1="75,117,134,130,26,123,80,73,94,39,31,55,121" hai2="132,120,43,108,85,102,127,93,56,9,125,29,101" hai3="17,86,77,97,62,42,95,105,69,53,118,22,110"/><W100/><G118/><T37/><D33/><U0/><E39/><V51/><F108/><W126/><G126/><N who="2" m="48137" /><F132/><W27/><G110/><T64/><D64/><U18/><E75/><V44/><F120/><W45/><G69/><T103/><D103/><U60/><E117/><V47/><F29/><W46/><G42/><T87/><D79/><U90/><E123/><V25/><F25/><W109/><G109/><T113/><D113/><U32/><E32/><V14/><F56/><N who="3" m="35087" /><G105/><T13/><D50/><U98/><E98/><V135/><F44/><N who="3" m="17003" /><G86/><T23/><D37/><U66/><E55/><V52/><F43/><W115/><G115/><T59/><D36/><U7/><E73/><V5/><F135/><W99/><G99/><T131/><D41/><U3/><E3/><V91/><AGARI ba="1,0" hai="5,9,14,47,51,52,85,91,93,101,102" m="48137" machi="91" ten="30,4000,0" yaku="18,1,52,1,54,1" doraHai="84" who="2" fromWho="2" sc="205,-11,355,-11,244,43,196,-21" owari="194,-20.6,344,44.4,287,8.7,175,-32.5" /></mjloggm>