<mjloggm ver="2.3"><GO type="225" lobby="0"/><UN n0="%6D%75%75%6D%75%72%61" n1="%E9%B3%B3%E6%9D%B1%E3%81%AE%E3%81%86%E3%81%95%E3%81%8E%E3%81%95%E3%82%93" n2="%E8%81%B7%E6%A5%AD%E3%80%81%E9%A2%A8%32" n3="%E3%83%A9%E3%83%BC%E3%83%A1%E3%83%B3%E4%BA%94%E9%83%8E" dan="16,16,16,16" rate="2160.00,2249.65,2143.54,2100.54" sx="F,M,M,M"/><TAIKYOKU oya="0"/><INIT seed="0,0,0,1,2,132" ten="250,250,250,250" oya="0" hai0="85,77,112,75,93,54,116,36,82,121,115,96,46" hai1="120,17,86,84,72,21,62,34,94,102,35,97,118" hai2="52,108,67,40,3,59,23,8,81,50,12,27,66" hai3="69,70,105,61,25,71,134,24,122,76,131,104,65"/><T7/><D116/><U58/><E120/><V126/><F108/><W2/><G134/><T13/><D121/><U128/><E128/><V56/><F3/><W6/><G122/><T53/><D75/><U87/><E72/><V110/><F110/><W57/><G131/><T18/><D7/><U88/><E118/><V100/><F100/><W29/><G76/><T33/><D33/><U74/><E74/><V39/><F39/><W109/><G109/><T43/><D112/><U98/><E98/><V101/><F101/><W68/><N who="3" m="17408" /><DORA hai="20" /><W114/><G114/><T92/><D115/><U10/><E10/><V133/><F126/><W28/><G28/><T119/><D119/><U47/><E47/><N who="2" m="25959" /><F81/><W79/><G79/><T91/><REACH who="0" step="1"/><D93/><REACH who="0" ten="240,250,250,250" step="2"/><U60/><E102/><V124/><F133/><W73/><G73/><T37/><D37/><U19/><E35/><V9/><F59/><W78/><G57/><T22/><AGARI ba="0,1" hai="13,18,22,36,43,46,53,54,77,82,85,91,92,96" machi="22" ten="20,3900,0" yaku="1,1,0,1,7,1,53,0" doraHai="132,20" doraHaiUra="117,1" who="0" fromWho="0" sc="240,49,250,-13,250,-13,250,-13" /><INIT seed="0,1,0,2,1,102" ten="289,237,237,237" oya="0" hai0="127,122,47,135,3,50,66,6,51,44,113,124,134" hai1="30,39,45,93,133,5,81,98,84,28,0,42,132" hai2="4,69,24,60,92,38,49,58,25,27,33,46,63" hai3="37,86,111,23,8,101,29,1,94,18,105,71,114"/><T129/><D3/><U9/><E98/><V10/><F38/><W2/><G114/><T121/><D6/><U96/><E96/><V13/><F33/><W75/><G75/><T14/><D14/><U73/><E93/><V95/><F69/><W53/><G71/><T100/><D100/><U7/><E7/><V43/><REACH who="2" step="1"/><F63/><REACH who="2" ten="289,237,227,237" step="2"/><W83/><G37/><T116/><D113/><U35/><E35/><V64/><AGARI ba="1,1" hai="4,10,13,24,25,27,43,46,49,58,60,64,92,95" machi="64" ten="30,7900,0" yaku="1,1,2,1,0,1,8,1,53,0" doraHai="102" doraHaiUra="87" who="2" fromWho="2" sc="289,-40,237,-21,227,92,237,-21" /><INIT seed="1,0,0,2,0,102" ten="249,216,319,216" oya="1" hai0="130,2,123,9,4,40,105,69,79,98,91,34,58" hai1="78,33,126,76,12,37,26,86,43,6,113,99,87" hai2="17,88,73,66,92,133,8,44,104,57,60,59,80" hai3="45,21,67,29,20,65,31,62,49,82,30,124,90"/><U75/><E113/><V27/><F104/><W23/><G124/><T71/><D130/><U111/><E126/><V83/><F133/><W52/><REACH who="3" step="1"/><G62/><REACH who="3" ten="249,216,319,206" step="2"/><T61/><D61/><U25/><E111/><V84/><F60/><W3/><G3/><T1/><D1/><U74/><E74/><V127/><F73/><W120/><G120/><T122/><D2/><U39/><E75/><V28/><F127/><W135/><G135/><T81/><D122/><U89/><E37/><V48/><F48/><W115/><G115/><T94/><D123/><U19/><E39/><V24/><F66/><W42/><G42/><T36/><D40/><U56/><E43/><V15/><F57/><W118/><G118/><T112/><D58/><U97/><E56/><V131/><F59/><W63/><G63/><T77/><D36/><U64/><E64/><V125/><F125/><W96/><G96/><T117/><D112/><U114/><E114/><V16/><F131/><W106/><G106/><T134/><D117/><U50/><E50/><V132/><F132/><W116/><G116/><T108/><D134/><U119/><E119/><V85/><F44/><W10/><G10/><T22/><D105/><U5/><E99/><V41/><F41/><W121/><G121/><T54/><D98/><U14/><E97/><V55/><F8/><W38/><G38/><T93/><D9/><U72/><E72/><V46/><F46/><W35/><G35/><T100/><D34/><U13/><E33/><V47/><F47/><W7/><G7/><T128/><D128/><U11/><E5/><V110/><F110/><RYUUKYOKU ba="0,1" sc="249,-10,216,-10,319,-10,206,30" hai3="20,21,23,29,30,31,45,49,52,65,67,82,90" /><INIT seed="2,1,1,2,1,29" ten="239,206,309,236" oya="2" hai0="94,65,18,17,118,116,91,71,75,105,2,113,93" hai1="102,110,23,63,20,128,88,96,62,72,6,54,24" hai2="60,49,4,13,125,59,55,87,73,66,101,135,107" hai3="70,14,56,32,64,123,27,108,28,40,95,115,36"/><V120/><F73/><W103/><G123/><T127/><D105/><U44/><E110/><V61/><F125/><W57/><G108/><T15/><D113/><U77/><E128/><V134/><F120/><W130/><G130/><T84/><D127/><U97/><E6/><V16/><F4/><W33/><G115/><T21/><D2/><U122/><E122/><V109/><F109/><W104/><G95/><T10/><D75/><U45/><E72/><V131/><F131/><W82/><G82/><T119/><D93/><N who="1" m="56359" /><E77/><V83/><F101/><W85/><G14/><N who="0" m="9399" /><D65/><U92/><E20/><N who="2" m="11279" /><F107/><W0/><G85/><T34/><D71/><U26/><E26/><V67/><F134/><W47/><G0/><T50/><D50/><N who="1" m="28999" /><E45/><N who="2" m="28079" /><F135/><W132/><G132/><T51/><D51/><U3/><E3/><V90/><F61/><N who="3" m="40207" /><G33/><AGARI ba="1,1" hai="10,15,18,33,34,84,91,94,116,118,119" m="9399" machi="33" ten="30,3900,0" yaku="12,1,52,2" doraHai="29" who="0" fromWho="3" sc="239,52,206,0,309,0,236,-42" /><INIT seed="3,0,0,4,0,66" ten="291,206,309,194" oya="3" hai0="87,8,122,98,59,76,71,75,34,77,40,129,94" hai1="69,61,108,91,123,78,51,68,111,130,106,42,47" hai2="20,81,100,84,5,4,95,112,49,45,116,128,54" hai3="14,73,0,11,65,74,57,115,92,126,56,43,114"/><W27/><G0/><T90/><D122/><U70/><E123/><V58/><F112/><W93/><G126/><T38/><D75/><U28/><E130/><V50/><F116/><W18/><G73/><T39/><D34/><U113/><E113/><V23/><F128/><W32/><G74/><T19/><D129/><U89/><E106/><V62/><F50/><W22/><G32/><T21/><D8/><U96/><E78/><N who="2" m="46135" /><F95/><N who="3" m="36427" /><G115/><T55/><D71/><U132/><E132/><V80/><F80/><W60/><G114/><T103/><D40/><U33/><E61/><V79/><F100/><W36/><G36/><T2/><D2/><U131/><E131/><V7/><F79/><W120/><G120/><T31/><D39/><U107/><E107/><V3/><F3/><W82/><G43/><AGARI ba="0,0" hai="4,5,7,20,23,43,45,49,54,58,62" m="46135" machi="43" ten="30,1000,0" yaku="8,1" doraHai="66" who="2" fromWho="3" sc="291,0,206,0,309,10,194,-10" owari="291,9.1,206,-19.4,319,41.9,184,-31.6" /></mjloggm>