<mjloggm ver="2.3"><GO type="225" lobby="0"/><UN n0="%E8%B6%85%E7%B4%9A%E9%B3%B3%E5%87%B0" n1="%63%68%78%62%64" n2="%72%61%6B%33" n3="%E6%98%93%E5%88%A9%E8%96%A9%E4%BC%AF" dan="16,16,16,16" rate="2147.07,2144.05,2130.72,2049.85" sx="M,M,M,F"/><TAIKYOKU oya="0"/><INIT seed="0,0,0,4,0,120" ten="250,250,250,250" oya="0" hai0="126,60,8,103,36,57,27,64,90,119,99,13,22" hai1="131,41,85,110,25,68,9,123,67,134,1,33,39" hai2="17,4,104,88,7,2,106,89,111,5,71,75,135" hai3="81,42,35,102,15,82,112,121,98,47,10,109,107"/><T79/><D119/><U127/><RYUUKYOKU type="yao9" ba="0,0" sc="250,0,250,0,250,0,250,0" hai1="1,9,25,33,39,41,67,68,85,110,123,127,131,134" /><INIT seed="0,1,0,3,0,96" ten="250,250,250,250" oya="0" hai0="40,109,87,22,19,16,110,24,123,2,30,108,25" hai1="99,62,124,63,118,78,65,95,18,84,10,67,33" hai2="77,31,117,13,130,29,57,133,134,88,85,11,94" hai3="41,12,3,127,49,103,21,48,107,60,89,14,1"/><T115/><D115/><U119/><E33/><V32/><F130/><W68/><G127/><T51/><D123/><U36/><E36/><V8/><F117/><W50/><G41/><T113/><D113/><U38/><E38/><V120/><F120/><W82/><G82/><T73/><D73/><U26/><E124/><V0/><F0/><W100/><G89/><T106/><D2/><U116/><E84/><V37/><F37/><W34/><G34/><T111/><D106/><U125/><E78/><V122/><F122/><W98/><G21/><T69/><D69/><U102/><E125/><V66/><F77/><W43/><G43/><T101/><D101/><U81/><E81/><V112/><F112/><W105/><G50/><T135/><D135/><N who="2" m="51722" /><F32/><W61/><G98/><T56/><D108/><U93/><E93/><V7/><F11/><W131/><G68/><T74/><D74/><U23/><E10/><V55/><F66/><W45/><G45/><N who="0" m="26023" /><D87/><U4/><E4/><V80/><F80/><W47/><G47/><T42/><D42/><U28/><E28/><V58/><F58/><W70/><G70/><T59/><D19/><U97/><E65/><V35/><F35/><AGARI ba="1,0" hai="16,22,24,25,30,35,56,59,109,110,111" m="26023" machi="35" ten="30,5800,0" yaku="14,1,10,1,54,1" doraHai="96" who="0" fromWho="2" sc="250,61,250,0,250,-61,250,0" /><INIT seed="0,2,0,4,0,102" ten="311,250,189,250" oya="0" hai0="62,64,86,35,103,33,23,73,47,53,79,8,90" hai1="22,82,117,121,132,56,42,104,112,66,131,111,5" hai2="3,2,10,38,122,98,133,44,43,120,125,16,109" hai3="57,60,107,77,124,72,20,59,48,26,100,12,21"/><T51/><D103/><U13/><E104/><V19/><F109/><W0/><G0/><T54/><D54/><U40/><E22/><V96/><F125/><W28/><G124/><T78/><D8/><U50/><E82/><V88/><F133/><W37/><G37/><T14/><D73/><U127/><E13/><V115/><F115/><W85/><G72/><T58/><D33/><U1/><E5/><V87/><F98/><W68/><G48/><T110/><D35/><U65/><E1/><V92/><F96/><W135/><G135/><T9/><D23/><U18/><E18/><V31/><F31/><W61/><G77/><T119/><D119/><U45/><E132/><V118/><F118/><W11/><G85/><T39/><D39/><U105/><E105/><V128/><F128/><W41/><G41/><T83/><REACH who="0" step="1"/><D110/><REACH who="0" ten="301,250,189,250" step="2"/><U101/><E127/><V15/><REACH who="2" step="1"/><F19/><AGARI ba="2,1" hai="9,14,19,47,51,53,58,62,64,78,79,83,86,90" machi="19" ten="30,18000,2" yaku="1,1,2,1,7,1,25,2,8,1,53,0" doraHai="102" doraHaiUra="108" who="0" fromWho="2" sc="301,196,250,0,189,-186,250,0" /><INIT seed="0,3,0,1,5,29" ten="497,250,3,250" oya="0" hai0="59,53,118,71,68,78,7,133,30,131,60,24,66" hai1="33,102,85,112,125,51,105,20,23,99,116,2,3" hai2="77,15,22,86,70,46,18,47,73,75,12,91,88" hai3="103,65,40,13,101,31,57,42,58,54,38,120,49"/><T82/><D118/><U94/><E116/><V44/><F70/><W109/><G109/><T28/><D131/><U111/><E111/><V43/><F75/><W127/><G127/><T36/><D36/><U37/><E37/><V95/><F73/><W115/><G115/><T63/><D133/><U74/><E125/><V106/><F106/><W50/><G31/><T92/><D68/><U134/><E134/><V87/><F77/><W76/><G76/><T114/><D114/><U4/><E74/><V117/><F117/><W122/><G13/><T72/><D7/><U14/><E33/><V55/><F55/><W17/><G17/><T84/><D24/><U64/><E64/><V124/><F124/><W34/><G38/><T39/><D39/><U119/><E119/><V10/><F43/><W16/><G16/><T0/><D0/><U89/><E112/><V32/><F32/><W62/><G34/><T45/><D45/><U97/><E51/><V61/><F61/><W67/><REACH who="3" step="1"/><G54/><REACH who="3" ten="497,250,3,240" step="2"/><T69/><D28/><U80/><E2/><V104/><F104/><W27/><G27/><T83/><D30/><U121/><E3/><V35/><F35/><W129/><G129/><T107/><D107/><U113/><E113/><V93/><F12/><W110/><G110/><T19/><D19/><U5/><E121/><V126/><F126/><W130/><G130/><T56/><D53/><U132/><E132/><V25/><F25/><W79/><G79/><T8/><D72/><U135/><E135/><V100/><F22/><N who="1" m="8233" /><E14/><V96/><F86/><W81/><G81/><T123/><D83/><RYUUKYOKU ba="3,1" sc="497,-30,250,10,3,10,240,10" hai1="4,5,80,85,89,94,97,99,102,105" hai2="10,15,18,44,46,47,87,88,91,93,95,96,100" hai3="40,42,49,50,57,58,62,65,67,101,103,120,122" /><INIT seed="1,4,1,3,0,108" ten="467,260,13,250" oya="1" hai0="134,11,49,84,70,45,101,78,51,0,64,102,17" hai1="113,66,15,37,2,104,98,44,126,61,38,135,96" hai2="55,41,62,6,36,26,124,120,121,95,85,97,125" hai3="107,47,72,111,42,53,90,133,29,58,87,46,71"/><U122/><E2/><V81/><F6/><W119/><G72/><T92/><D134/><U50/><E122/><N who="2" m="47211" /><F26/><W5/><G71/><T68/><D0/><U103/><E135/><V100/><F55/><W88/><G107/><T77/><D64/><U28/><E126/><N who="2" m="48747" /><F62/><W114/><G111/><T67/><D67/><U33/><E98/><V12/><F12/><W93/><G119/><T117/><D117/><U10/><E113/><V7/><F7/><W24/><G114/><T57/><D57/><U19/><E28/><V39/><F41/><W21/><G5/><T1/><D1/><U35/><E35/><V83/><F83/><N who="3" m="49279" /><G42/><T14/><D14/><U27/><E27/><V130/><F130/><W60/><G133/><T52/><D70/><U75/><E33/><V30/><F30/><W65/><G65/><T127/><D68/><U132/><E75/><V43/><F43/><W106/><G106/><T25/><D127/><U4/><E132/><V89/><AGARI ba="4,1" hai="36,39,81,85,89,95,97,100" m="48747,47211" machi="89" ten="30,1100,0" yaku="18,1" doraHai="108" who="2" fromWho="2" sc="467,-7,260,-9,13,33,250,-7" /><INIT seed="2,0,0,3,5,134" ten="460,251,46,243" oya="2" hai0="3,78,20,35,16,85,65,123,47,30,0,118,23" hai1="2,121,115,61,26,89,62,119,100,83,79,82,93" hai2="59,57,17,32,14,80,97,9,56,117,33,69,49" hai3="70,81,98,4,68,28,124,108,122,25,58,111,135"/><V95/><F117/><W64/><G122/><T133/><D123/><U71/><E119/><V36/><F69/><W72/><G135/><T43/><D133/><U40/><E115/><V102/><F36/><W114/><G114/><T73/><D118/><U128/><E2/><V131/><F131/><W112/><G4/><T129/><D129/><U125/><E128/><V94/><F80/><W86/><G72/><T74/><D65/><U99/><E121/><V105/><REACH who="2" step="1"/><F49/><REACH who="2" ten="460,251,36,243" step="2"/><W44/><G70/><T104/><D73/><U22/><E71/><V48/><F48/><W127/><G68/><T12/><D74/><U41/><E82/><V130/><F130/><W8/><G81/><T109/><D78/><U53/><E79/><V126/><F126/><W46/><G127/><T27/><D109/><U87/><E125/><V5/><F5/><W66/><G124/><T19/><D104/><U50/><E50/><V106/><F106/><W37/><G112/><T34/><D85/><U6/><E6/><V38/><F38/><W45/><G37/><T110/><D110/><U42/><REACH who="1" step="1"/><E53/><REACH who="1" ten="460,241,36,243" step="2"/><V54/><F54/><W10/><G111/><T67/><D67/><U55/><E55/><V132/><F132/><W92/><G108/><T103/><D43/><U75/><E75/><V107/><F107/><W52/><G52/><T120/><D120/><U51/><E51/><V24/><F24/><W11/><G66/><T90/><D27/><U96/><E96/><V88/><F88/><N who="3" m="53271" /><G98/><T29/><D90/><U113/><E113/><V91/><F91/><W39/><G25/><T31/><D47/><RYUUKYOKU ba="0,2" sc="460,-15,241,15,36,15,243,-15" hai1="22,26,40,41,42,61,62,83,87,89,93,99,100" hai2="9,14,17,32,33,56,57,59,94,95,97,102,105" /><INIT seed="2,1,2,2,3,21" ten="445,256,51,228" oya="2" hai0="90,58,87,91,14,118,131,121,48,36,72,33,89" hai1="123,70,84,128,99,125,51,94,116,102,98,6,3" hai2="34,83,77,38,31,133,101,109,26,24,66,115,96" hai3="55,108,57,30,12,25,100,111,19,88,93,44,52"/><V49/><F38/><W23/><G100/><T32/><D121/><U0/><E70/><V67/><F115/><W74/><G74/><T1/><D72/><U127/><E116/><V104/><F133/><W71/><G44/><T62/><D36/><U42/><E128/><V43/><F109/><N who="3" m="42059" /><G57/><T79/><D1/><U82/><E123/><V64/><F26/><W50/><G50/><T126/><D131/><U130/><E130/><V69/><F49/><W119/><G71/><T132/><D132/><U35/><E35/><V60/><REACH who="2" step="1"/><F43/><REACH who="2" ten="445,256,41,228" step="2"/><W86/><G119/><T46/><D118/><U78/><E51/><V17/><F17/><W45/><G45/><T56/><D46/><U103/><E42/><V13/><F13/><W61/><G61/><T8/><D14/><U85/><E6/><V95/><F95/><W4/><G4/><T5/><D48/><U7/><E7/><V37/><F37/><W124/><G124/><N who="1" m="47690" /><E0/><V28/><F28/><W113/><G113/><T73/><D126/><U68/><E3/><V120/><F120/><W81/><G93/><T59/><D62/><U18/><E18/><V40/><F40/><W135/><G135/><T63/><D63/><U75/><E68/><V97/><F97/><W9/><AGARI ba="1,3" hai="9,12,19,23,25,30,52,55,81,86,88" m="42059" machi="9" ten="30,7900,0" yaku="14,1,52,1,54,2" doraHai="21" who="3" fromWho="3" sc="445,-21,256,-21,41,-40,228,112" /><INIT seed="3,0,0,1,4,125" ten="424,235,1,340" oya="3" hai0="65,36,80,60,78,118,85,93,19,92,28,75,37" hai1="134,64,90,123,52,5,108,29,32,94,68,12,59" hai2="9,120,55,130,70,114,6,31,109,58,11,132,2" hai3="72,100,98,27,61,133,17,77,33,26,22,91,30"/><W126/><G126/><T7/><D118/><U76/><E123/><V49/><F31/><W95/><G133/><T51/><D7/><U15/><E134/><V111/><F6/><W119/><G119/><T104/><D104/><U96/><E108/><V135/><F11/><W4/><G4/><T106/><D106/><U69/><E76/><V107/><F9/><W45/><G72/><T79/><D28/><U105/><E105/><V99/><F55/><W13/><G77/><T67/><D51/><U87/><E5/><V35/><F35/><W113/><G113/><T110/><D110/><U122/><E122/><V73/><F73/><W54/><G13/><T47/><D19/><U46/><E64/><V124/><F124/><W121/><G121/><T102/><D47/><U50/><E68/><V44/><F44/><W34/><G100/><T81/><D102/><U25/><E69/><V8/><F8/><W131/><G131/><T129/><D129/><U82/><REACH who="1" step="1"/><E46/><REACH who="1" ten="424,225,1,340" step="2"/><V127/><F127/><W39/><G39/><T56/><D65/><U66/><E66/><V88/><F88/><W18/><G45/><T40/><D40/><U83/><E83/><V57/><F57/><N who="3" m="34999" /><G18/><T86/><D75/><U115/><E115/><V71/><F71/><W63/><G63/><T116/><D116/><U101/><AGARI ba="0,1" hai="12,15,25,29,32,50,52,59,82,87,90,94,96,101" machi="101" ten="20,5200,0" yaku="1,1,0,1,7,1,54,1,53,0" doraHai="125" doraHaiUra="103" who="1" fromWho="1" sc="424,-13,225,62,1,-13,340,-26" owari="411,51.1,287,-11.3,-12,-51.2,314,11.4" /></mjloggm>