<mjloggm ver="2.3"><GO type="225" lobby="0"/><UN n0="%6D%75%75%6D%75%72%61" n1="%E7%99%BD%E9%9B%AA%E4%B9%83%E6%84%9B" n2="%E8%BE%9B%E5%8F%A3%E3%82%AB%E3%83%AC%E3%83%BC%E3%83%A9%E3%82%A4%E3%82%B9" n3="%E3%81%B7%E3%82%8A%E3%82%93%E8%81%96%E4%BA%BA" dan="16,16,16,16" rate="2137.35,2055.13,2165.19,2102.42" sx="F,F,M,M"/><TAIKYOKU oya="0"/><INIT seed="0,0,0,3,1,82" ten="250,250,250,250" oya="0" hai0="5,62,73,75,89,9,102,72,103,2,17,64,15" hai1="31,23,119,10,40,32,18,118,47,87,115,77,22" hai2="46,8,90,110,12,78,84,92,57,6,60,125,43" hai3="133,55,68,135,111,95,42,121,67,66,117,34,61"/><T122/><D122/><U108/><E108/><V99/><F110/><W96/><G111/><T127/><D127/><U49/><E115/><V54/><F125/><W107/><G107/><T131/><D131/><U129/><E129/><V93/><F78/><W14/><G34/><T0/><D89/><U48/><E32/><V123/><F123/><W91/><G117/><T126/><D126/><U94/><E31/><V1/><F1/><W28/><G28/><T44/><D44/><U25/><E22/><V27/><F27/><W88/><G66/><T52/><D52/><U74/><E74/><V120/><F120/><W65/><G67/><T106/><D106/><U37/><E10/><V21/><F21/><W41/><G55/><T105/><D105/><U56/><E56/><V29/><F29/><W58/><G68/><T16/><D2/><U98/><E119/><V24/><F24/><W50/><G50/><T26/><D26/><U97/><E97/><V3/><F3/><W86/><G14/><T35/><D35/><U112/><E112/><V51/><REACH who="2" step="1"/><F99/><REACH who="2" ten="250,250,240,250" step="2"/><W113/><G121/><T71/><REACH who="0" step="1"/><D0/><REACH who="0" ten="240,250,240,250" step="2"/><U85/><E118/><V36/><F36/><W81/><REACH who="3" step="1"/><G113/><REACH who="3" ten="240,250,240,240" step="2"/><T109/><D109/><U104/><E37/><V13/><F13/><W53/><G53/><T30/><D30/><U39/><E39/><V59/><F59/><W101/><G101/><AGARI ba="0,3" hai="5,9,15,16,17,62,64,71,72,73,75,101,102,103" machi="101" ten="40,3900,0" yaku="1,1,54,1,53,0" doraHai="82" doraHaiUra="130" who="0" fromWho="3" sc="240,69,250,0,240,0,240,-39" /><INIT seed="0,1,0,1,0,78" ten="309,250,240,201" oya="0" hai0="43,44,7,47,96,100,109,19,66,80,67,128,101" hai1="2,8,130,106,99,10,26,114,102,37,31,49,112" hai2="135,70,116,97,25,75,127,103,118,24,84,132,65" hai3="69,83,30,92,126,81,94,82,16,104,77,120,38"/><T123/><D123/><U113/><E130/><V76/><F70/><W85/><G104/><T11/><D128/><U110/><E110/><V61/><F65/><W45/><G69/><T131/><D131/><U86/><E37/><V59/><F59/><W6/><G6/><T57/><D109/><U124/><E124/><V60/><F61/><W22/><G30/><T53/><D19/><U125/><E125/><V20/><F60/><W29/><G29/><T39/><D47/><U54/><E2/><V88/><F127/><W48/><G38/><T79/><D53/><U9/><E86/><V35/><F35/><W95/><G120/><T115/><D115/><U33/><REACH who="1" step="1"/><E8/><REACH who="1" ten="309,240,240,201" step="2"/><V52/><F75/><W42/><REACH who="3" step="1"/><G126/><REACH who="3" ten="309,240,240,191" step="2"/><T34/><D7/><U108/><E108/><V117/><F118/><W74/><G74/><T55/><D39/><U12/><E12/><AGARI ba="1,2" hai="12,16,22,42,45,48,77,81,82,83,85,92,94,95" machi="12" ten="40,12000,2" yaku="1,1,8,1,52,3,54,1,53,0" doraHai="78" doraHaiUra="93" who="3" fromWho="1" sc="309,0,240,-123,240,0,191,143" /><INIT seed="1,0,0,1,3,37" ten="309,117,240,334" oya="1" hai0="83,103,97,81,54,65,70,132,5,121,109,93,63" hai1="56,27,58,124,96,9,87,115,4,135,6,49,131" hai2="2,15,67,12,77,130,18,75,7,122,23,134,116" hai3="29,51,22,33,14,28,76,45,68,119,101,128,107"/><U39/><E115/><V99/><F116/><W11/><G68/><T21/><D109/><U46/><E135/><V80/><F122/><W94/><G107/><T52/><D132/><U73/><E73/><V59/><F134/><W60/><G33/><T40/><D121/><U112/><E112/><V20/><F130/><W30/><G76/><T64/><D64/><U120/><E120/><V57/><F67/><W89/><G101/><T98/><D5/><U92/><E131/><V66/><F66/><W78/><G60/><T41/><D21/><U106/><E124/><V100/><F2/><W25/><G78/><T10/><D10/><U125/><E125/><V86/><F75/><W47/><G119/><T82/><REACH who="0" step="1"/><D97/><REACH who="0" ten="299,117,240,334" step="2"/><U48/><E27/><V111/><F111/><W72/><G128/><T26/><D26/><U1/><E4/><V85/><F20/><W13/><G22/><T88/><D88/><U126/><E126/><V129/><F129/><W0/><G25/><T113/><D113/><U84/><E106/><V8/><REACH who="2" step="1"/><F86/><REACH who="2" ten="299,117,230,334" step="2"/><N who="3" m="52535" /><G72/><T43/><AGARI ba="0,2" hai="40,41,43,52,54,63,65,70,81,82,83,93,98,103" machi="43" ten="30,12000,2" yaku="1,1,0,1,52,3,54,1,53,0" doraHai="37" doraHaiUra="69" who="0" fromWho="0" sc="299,140,117,-60,230,-30,334,-30" /><INIT seed="2,0,0,1,3,29" ten="439,57,200,304" oya="2" hai0="120,15,8,128,76,42,74,36,88,26,45,19,51" hai1="83,108,107,106,52,10,101,130,65,118,50,92,58" hai2="25,43,115,17,34,112,60,89,6,93,23,16,102" hai3="3,62,4,24,90,40,38,129,64,22,114,85,46"/><V121/><F121/><W122/><G122/><T99/><D120/><U119/><E118/><V30/><F102/><W116/><G116/><T97/><D128/><U5/><E119/><V68/><F6/><W81/><G129/><T133/><D133/><U135/><E130/><V28/><F43/><W124/><G124/><T91/><D74/><U100/><E135/><V11/><F28/><W1/><G4/><T37/><D76/><U86/><E108/><V125/><F125/><W111/><G111/><T9/><D9/><U53/><E65/><V73/><F73/><W54/><G54/><T33/><D33/><U49/><E92/><V27/><F60/><W7/><G7/><T57/><D26/><U82/><E107/><V59/><F59/><W78/><G78/><T77/><D77/><U123/><E106/><V61/><F61/><W132/><G132/><T117/><D117/><U94/><E123/><V131/><F68/><W113/><G113/><T31/><D31/><U48/><E48/><V87/><REACH who="2" step="1"/><F131/><REACH who="2" ten="439,57,190,304" step="2"/><W105/><G114/><T14/><D57/><N who="1" m="32911" /><E101/><V72/><F72/><W44/><G44/><T69/><D69/><U32/><E100/><V95/><F95/><W71/><G105/><T79/><D45/><U55/><E94/><V127/><F127/><W110/><G110/><T109/><D109/><U66/><E58/><V98/><F98/><W126/><G126/><T2/><D99/><U12/><E5/><V21/><F21/><W47/><G47/><T104/><D97/><U39/><E83/><V13/><AGARI ba="0,1" hai="11,13,16,17,23,25,27,30,34,87,89,93,112,115" machi="13" ten="30,12000,1" yaku="1,1,0,1,52,1,54,1,53,1" doraHai="29" doraHaiUra="80" who="2" fromWho="2" sc="439,-40,57,-40,190,130,304,-40" /><INIT seed="2,1,0,0,3,60" ten="399,17,320,264" oya="2" hai0="70,65,24,134,42,27,30,59,95,25,10,41,105" hai1="87,85,101,81,84,110,6,11,121,67,109,57,129" hai2="103,51,44,1,18,78,62,8,125,64,88,79,38" hai3="26,63,16,124,80,82,114,31,40,33,69,77,32"/><V0/><F38/><W14/><G40/><N who="0" m="15467" /><D105/><U126/><E129/><V37/><F37/><W86/><G33/><T15/><D70/><U131/><E131/><V98/><F125/><W56/><G69/><T97/><D134/><U73/><E126/><V113/><F113/><W9/><G124/><T29/><D59/><U47/><E121/><V39/><F39/><W91/><G114/><T116/><D65/><U2/><E101/><V53/><F1/><W100/><G100/><N who="0" m="60479" /><D116/><U43/><E73/><V104/><F88/><W58/><G63/><T133/><D133/><U83/><E83/><V92/><F104/><W106/><G106/><T135/><D135/><U12/><E2/><V13/><REACH who="2" step="1"/><F0/><REACH who="2" ten="399,17,310,264" step="2"/><W132/><G132/><T52/><D52/><U36/><REACH who="1" step="1"/><E81/><REACH who="1" ten="399,7,310,264" step="2"/><V107/><F107/><W128/><REACH who="3" step="1"/><G128/><REACH who="3" ten="399,7,310,254" step="2"/><T66/><D66/><U28/><E28/><V48/><F48/><W71/><G71/><AGARI ba="1,3" hai="8,13,18,44,51,53,62,64,71,78,79,92,98,103" machi="71" ten="30,5800,0" yaku="1,1,7,1,52,1,53,0" doraHai="60" doraHaiUra="22" who="2" fromWho="3" sc="399,0,7,0,310,91,254,-61" /><INIT seed="2,2,0,0,1,113" ten="399,7,401,193" oya="2" hai0="96,37,46,47,48,115,62,45,77,36,78,126,74" hai1="60,73,132,94,91,56,130,35,122,41,135,76,5" hai2="53,20,70,101,100,64,24,21,81,105,109,3,39" hai3="92,15,75,8,28,111,40,17,34,16,123,88,85"/><V38/><F3/><W129/><G75/><T13/><D115/><U69/><E35/><V14/><F70/><W23/><G123/><T128/><D128/><U29/><E69/><V59/><F64/><W52/><G40/><T68/><D126/><U117/><E117/><V104/><F109/><W27/><G111/><T134/><D134/><N who="1" m="51243" /><E130/><V131/><F131/><W10/><G129/><T44/><D96/><U95/><E41/><V121/><F121/><W26/><G34/><T2/><D2/><U12/><E122/><V72/><F72/><W9/><G27/><T89/><D89/><U63/><E29/><V80/><F14/><W22/><G28/><T87/><D74/><U86/><E95/><V82/><F82/><W112/><G112/><T7/><D68/><U19/><E5/><V98/><F24/><W49/><G8/><N who="0" m="4255" /><D37/><U65/><E63/><V61/><F61/><W6/><G6/><T58/><D36/><U84/><E73/><V4/><F4/><W67/><G67/><N who="0" m="39383" /><D87/><N who="1" m="52607" /><E76/><V33/><F33/><W50/><G50/><T0/><D0/><U90/><E90/><V54/><F98/><W32/><G32/><T43/><AGARI ba="2,0" hai="43,44,45,46,47,48,77,78" m="39383,4255" machi="43" ten="30,1100,0" yaku="8,1" doraHai="113" who="0" fromWho="0" sc="399,17,7,-5,401,-7,193,-5" /><INIT seed="3,0,0,0,4,91" ten="416,2,394,188" oya="3" hai0="65,27,95,37,96,77,30,29,134,56,67,32,14" hai1="102,2,25,36,133,90,6,105,121,33,51,130,38" hai2="1,40,31,80,23,19,28,15,78,16,22,5,104" hai3="103,63,60,72,61,47,57,109,46,59,94,114,26"/><W87/><G72/><T119/><D37/><U69/><E90/><V126/><F104/><W118/><G118/><T115/><D119/><U129/><E51/><V75/><F126/><W92/><G114/><T84/><D115/><U3/><E102/><V124/><F124/><W20/><G87/><T34/><D134/><U50/><E50/><V128/><F128/><W111/><G103/><T17/><D34/><U4/><E25/><V101/><F40/><W123/><G123/><T76/><D32/><U54/><E54/><V99/><F5/><W132/><G132/><T110/><D110/><N who="3" m="41993" /><G47/><T7/><D7/><U112/><E6/><V58/><F58/><N who="3" m="22027" /><G46/><T43/><D43/><U85/><E85/><V70/><F70/><W116/><G116/><T79/><D84/><U97/><E97/><V9/><F1/><W106/><G106/><T39/><D39/><U108/><E4/><V107/><REACH who="2" step="1"/><F9/><REACH who="2" ten="416,2,384,188" step="2"/><W89/><G89/><N who="0" m="55407" /><D56/><U83/><E83/><V71/><F71/><W42/><G42/><T64/><D27/><AGARI ba="0,1" hai="15,16,19,22,23,27,28,31,75,78,80,99,101,107" machi="27" ten="30,3900,0" yaku="1,1,7,1,54,1,53,0" doraHai="91" doraHaiUra="125" who="2" fromWho="0" sc="416,-39,2,0,384,49,188,0" owari="377,17.7,2,-49.8,433,53.3,188,-21.2" /></mjloggm>