<mjloggm ver="2.3"><GO type="225" lobby="0"/><UN n0="%E5%8F%AF%E5%85%90%E9%82%A3%E7%94%B1%E5%A4%9A" n1="%E9%9B%80%E6%A5%B5%E3%81%AE%E3%81%B8" n2="%E3%81%A9%E3%82%8F%E3%82%93%E3%81%94" n3="%72%61%6B%33" dan="17,16,16,16" rate="2246.22,2133.60,2079.82,2102.90" sx="F,M,M,M"/><TAIKYOKU oya="0"/><INIT seed="0,0,0,1,4,121" ten="250,250,250,250" oya="0" hai0="35,57,16,74,75,44,84,2,5,113,118,111,72" hai1="71,4,50,68,127,130,60,103,70,56,14,67,65" hai2="90,112,109,24,79,80,54,25,41,66,10,55,89" hai3="47,13,30,125,108,22,64,99,42,6,39,62,52"/><T33/><D113/><U9/><E127/><V77/><F112/><W1/><G125/><T106/><D118/><U69/><E130/><V101/><F66/><W98/><G1/><T63/><D106/><U81/><E103/><V102/><F41/><W48/><G108/><T61/><D111/><U12/><E81/><V93/><F80/><W32/><G32/><T86/><D44/><U88/><E88/><V43/><F43/><W20/><G6/><T131/><D131/><U114/><E114/><V117/><F10/><W123/><G123/><T105/><D105/><U124/><E124/><V29/><F93/><W107/><G30/><T40/><D40/><U21/><E50/><V104/><F104/><W83/><G83/><T17/><D5/><U85/><E85/><N who="0" m="32873" /><D57/><U95/><E95/><V126/><F126/><W100/><G13/><T23/><D23/><U96/><E96/><V59/><F59/><N who="3" m="33159" /><G99/><T58/><D58/><U129/><E129/><V133/><F29/><W53/><G53/><T73/><N who="0" m="18432" /><DORA hai="45" /><T19/><D2/><U27/><E68/><AGARI ba="0,0" hai="20,22,39,42,47,62,64,68,98,100,107" m="33159" machi="68" ten="30,3900,0" yaku="24,1,52,1,54,1" doraHai="121,45" who="3" fromWho="1" sc="250,0,250,-39,250,0,250,39" /><INIT seed="1,0,0,5,4,70" ten="250,211,250,289" oya="1" hai0="40,19,132,52,82,46,14,130,122,109,111,128,94" hai1="85,32,116,67,34,77,33,7,104,1,56,108,73" hai2="54,35,28,9,95,123,64,72,31,80,6,124,2" hai3="86,105,16,90,4,8,27,66,51,58,55,101,98"/><U5/><E116/><V133/><F123/><W60/><G27/><T114/><D114/><U20/><E73/><V103/><F133/><W93/><G16/><T23/><D132/><U24/><E104/><V53/><F64/><W29/><G29/><T127/><D122/><U120/><E120/><V21/><F35/><W135/><G135/><T131/><D127/><U113/><E108/><N who="0" m="41545" /><D94/><U106/><E106/><V118/><F118/><W83/><G105/><T25/><D82/><U126/><E126/><V92/><F124/><W0/><G66/><T78/><D78/><U47/><E113/><V79/><F95/><W62/><AGARI ba="0,0" hai="0,4,8,51,55,58,60,62,83,86,90,93,98,101" machi="62" ten="30,1100,0" yaku="0,1" doraHai="70" who="3" fromWho="3" sc="250,-3,211,-5,250,-3,289,11" /><INIT seed="2,0,0,3,3,23" ten="247,206,247,300" oya="2" hai0="25,65,3,99,45,121,118,40,72,31,91,123,19" hai1="42,11,89,21,28,100,63,53,95,113,69,52,4" hai2="1,43,119,134,79,97,71,36,57,54,64,110,92" hai3="103,81,41,98,59,128,56,77,120,112,20,111,85"/><V68/><F119/><W107/><G120/><T24/><D3/><U27/><E113/><V70/><F1/><W131/><G112/><T127/><D72/><U74/><E74/><V61/><F79/><W51/><G111/><T26/><D118/><U129/><E100/><V109/><F134/><W117/><G117/><T73/><D73/><U60/><E42/><V16/><F16/><W101/><G101/><T30/><D127/><U37/><E37/><V14/><F14/><W44/><G20/><T124/><D124/><U87/><E129/><AGARI ba="0,0" hai="41,44,51,56,59,77,81,85,98,103,107,128,129,131" machi="129" ten="40,1300,0" yaku="19,1" doraHai="23" who="3" fromWho="1" sc="247,0,206,-13,247,0,300,13" /><INIT seed="3,0,0,4,2,31" ten="247,193,247,313" oya="3" hai0="11,7,128,24,49,40,70,114,129,116,14,35,126" hai1="90,81,29,62,74,112,115,54,98,66,56,55,117" hai2="47,20,69,106,43,85,100,2,52,48,109,25,22" hai3="104,132,8,79,1,38,122,83,44,37,13,64,108"/><W34/><G34/><T87/><D70/><U60/><E117/><V134/><F2/><W73/><G122/><T101/><D116/><U124/><E124/><V121/><F69/><W91/><G104/><T26/><D126/><U65/><E29/><V50/><F121/><W28/><G28/><T61/><D114/><U71/><E74/><V10/><F109/><W135/><G108/><T131/><D35/><U72/><E98/><V15/><F134/><N who="3" m="51243" /><G1/><T127/><D127/><U39/><E90/><V23/><F106/><W18/><G64/><T42/><D61/><N who="1" m="40367" /><E81/><V99/><F85/><N who="3" m="50623" /><G44/><N who="0" m="25735" /><D101/><U36/><E72/><V119/><F119/><W16/><G18/><T51/><D87/><U59/><E112/><V46/><F99/><W84/><G73/><T88/><D88/><U57/><E115/><V21/><F100/><W19/><G19/><T120/><D120/><U93/><E93/><V96/><F96/><W97/><G97/><T27/><D27/><U110/><E110/><V105/><F105/><W53/><G53/><T45/><AGARI ba="0,0" hai="7,11,14,24,26,42,45,51,128,129,131" m="25735" machi="45" ten="40,1500,0" yaku="19,1" doraHai="31" who="0" fromWho="0" sc="247,15,193,-4,247,-4,313,-7" owari="262,6.2,189,-31.1,243,-15.7,306,40.6" /></mjloggm>