<mjloggm ver="2.3"><GO type="225" lobby="0"/><UN n0="%E7%89%B9%E6%9D%B1%E3%81%AF%E4%B8%96%E7%95%8C%E3%82%92%E6%95%91%E3%81%86" n1="%E5%84%AA%40%41%42%43" n2="%72%69%6F%75%63%68%61%6E" n3="%4E%49%4A%49%49%52%4F" dan="16,17,17,16" rate="2174.68,2228.92,2236.28,2161.89" sx="M,M,M,M"/><TAIKYOKU oya="0"/><INIT seed="0,0,0,5,2,113" ten="250,250,250,250" oya="0" hai0="14,109,22,118,86,101,117,130,112,71,1,108,57" hai1="46,72,9,24,49,59,60,79,41,10,111,128,103" hai2="132,91,125,102,21,66,15,0,51,99,77,83,34" hai3="78,115,45,98,67,94,123,48,129,126,116,27,96"/><T74/><D74/><U80/><E111/><N who="0" m="42569" /><D71/><U127/><E128/><V23/><F0/><W8/><G115/><T33/><D112/><U40/><E127/><V82/><F132/><W119/><G129/><T38/><D130/><U50/><E103/><V30/><F125/><W135/><G126/><T29/><D1/><U100/><E100/><V44/><F66/><W121/><G135/><T11/><D38/><U43/><E24/><V18/><F34/><W133/><G133/><T47/><D33/><U68/><E68/><V5/><F5/><W110/><G110/><T124/><D124/><U107/><E107/><V73/><F83/><W76/><G67/><T122/><D122/><N who="3" m="46601" /><G8/><T104/><D47/><U54/><REACH who="1" step="1"/><E50/><REACH who="1" ten="250,240,250,250" step="2"/><V32/><F102/><N who="3" m="60695" /><G27/><N who="0" m="16631" /><D101/><U65/><AGARI ba="0,1" hai="9,10,40,41,43,46,49,54,59,60,65,72,79,80" machi="65" ten="30,8000,1" yaku="1,1,0,1,53,3" doraHai="113" doraHaiUra="39" who="1" fromWho="1" sc="250,-40,240,90,250,-20,250,-20" /><INIT seed="1,0,0,2,5,57" ten="210,330,230,230" oya="1" hai0="90,3,21,41,125,77,121,129,56,5,85,92,39" hai1="8,101,26,116,34,104,110,15,44,89,131,96,91" hai2="70,119,60,103,99,123,130,105,55,43,4,118,72" hai3="81,22,76,45,28,14,23,18,42,122,107,117,16"/><U111/><E116/><V30/><F123/><W37/><G122/><T61/><D121/><U97/><E131/><V36/><F130/><W94/><G117/><T58/><D129/><U79/><E79/><V48/><F72/><W1/><G1/><T31/><D125/><U80/><E80/><V108/><F108/><N who="1" m="41513" /><E44/><N who="2" m="23655" /><F4/><W59/><G107/><T100/><D77/><U12/><E97/><V114/><F114/><W82/><G94/><T115/><D115/><U83/><E83/><V66/><F30/><W54/><G28/><T78/><D100/><U75/><E75/><V113/><F113/><W69/><G69/><T67/><D78/><U98/><E96/><V11/><F11/><W88/><G88/><N who="1" m="33866" /><E8/><V0/><F0/><W62/><REACH who="3" step="1"/><G76/><REACH who="3" ten="210,330,230,220" step="2"/><T86/><D3/><U27/><E34/><V73/><F73/><W109/><G109/><T63/><D92/><U33/><E33/><V127/><F127/><W126/><G126/><T120/><D120/><U64/><E104/><V19/><F19/><W49/><G49/><T25/><D39/><U52/><E98/><V13/><F119/><W133/><G133/><T2/><D2/><U102/><E101/><V65/><F118/><W71/><G71/><T9/><D31/><U46/><E102/><V40/><F70/><W17/><G17/><T132/><D132/><U6/><E6/><V51/><F51/><W20/><G20/><T38/><D38/><U106/><E106/><V53/><F105/><W135/><G135/><T95/><D21/><U68/><E68/><N who="2" m="42023" /><F48/><W87/><G87/><N who="0" m="52703" /><D5/><U93/><E93/><V47/><F103/><RYUUKYOKU ba="0,1" sc="210,-10,330,-10,230,-10,220,30" hai3="14,16,18,22,23,37,42,45,54,59,62,81,82" /><INIT seed="2,1,1,3,5,82" ten="200,320,220,250" oya="2" hai0="14,130,56,40,49,11,38,50,123,102,112,97,104" hai1="59,0,78,9,54,65,25,79,107,61,24,92,106" hai2="101,58,126,99,128,18,75,35,28,3,86,109,72" hai3="63,62,1,19,45,122,90,111,73,77,125,41,52"/><V87/><F3/><W120/><G1/><T21/><D123/><U4/><E106/><V84/><F126/><W43/><G125/><T67/><D112/><U39/><E107/><V93/><F128/><W42/><G19/><T89/><D130/><U134/><E39/><V118/><F118/><W17/><G17/><T70/><D70/><U132/><E92/><V15/><F109/><W96/><G111/><T55/><D67/><U7/><E7/><V119/><F119/><W68/><G77/><N who="1" m="29194" /><E54/><V51/><F51/><N who="3" m="28783" /><G90/><T91/><D38/><U115/><E115/><V110/><F58/><W129/><G96/><T8/><D21/><U85/><E85/><V108/><F110/><W131/><G73/><T31/><D8/><U22/><E22/><V114/><F114/><W81/><G81/><T116/><D116/><U113/><E113/><V36/><F36/><W60/><G68/><T29/><D91/><U133/><AGARI ba="1,1" hai="0,4,9,24,25,59,61,65,132,133,134" m="29194" machi="133" ten="40,1500,0" yaku="20,1" doraHai="82" who="1" fromWho="1" sc="200,-5,320,28,220,-8,250,-5" /><INIT seed="3,0,0,4,1,57" ten="195,348,212,245" oya="3" hai0="96,43,72,78,80,118,126,120,3,81,7,122,105" hai1="37,76,134,130,124,41,5,113,79,13,14,64,54" hai2="27,103,74,114,26,65,58,101,10,100,35,52,60" hai3="85,131,24,71,84,12,67,61,18,25,21,104,91"/><W53/><G131/><T69/><D69/><U77/><E64/><V115/><F74/><W135/><G135/><T111/><D43/><U123/><E54/><V117/><F117/><W99/><G53/><T42/><D42/><U28/><E41/><V102/><N who="2" m="25600" /><DORA hai="133" /><V63/><F10/><W98/><G104/><T9/><D105/><U34/><E28/><V31/><REACH who="2" step="1"/><F26/><REACH who="2" ten="195,348,202,245" step="2"/><W19/><G25/><T1/><D118/><U108/><E134/><V56/><AGARI ba="0,1" hai="27,31,35,52,56,58,60,63,65,114,115" m="25600" machi="56" ten="40,12000,2" yaku="1,1,2,1,0,1,52,2,54,1,53,0" doraHai="57,133" doraHaiUra="38,47" who="2" fromWho="2" sc="195,-30,348,-30,202,130,245,-60" owari="165,-33.5,318,11.8,332,43.2,185,-21.5" /></mjloggm>