<mjloggm ver="2.3"><GO type="225" lobby="0"/><UN n0="%E6%A0%B9%E5%85%83%E3%81%8B%E3%82%89%E5%90%B9%E3%81%A3%E9%A3%9B%E3%81%B6" n1="%E3%82%A2%E3%83%8A%E3%83%BC%E3%81%8D%E3%83%BC" n2="%E9%B3%B3%E6%9D%B1%E3%81%AE%E3%81%86%E3%81%95%E3%81%8E%E3%81%95%E3%82%93" n3="%E3%83%B4%E3%82%A3%E3%83%AF%E3%82%B3%E3%82%B0%E3%83%8B" dan="17,16,17,16" rate="2229.32,2100.62,2251.84,2124.58" sx="F,M,M,M"/><TAIKYOKU oya="0"/><INIT seed="0,0,0,4,0,15" ten="250,250,250,250" oya="0" hai0="81,43,129,88,103,111,89,71,22,58,86,12,83" hai1="79,37,122,26,114,59,107,113,49,27,9,29,4" hai2="105,6,14,53,90,78,115,51,32,100,63,47,108" hai3="95,8,121,48,34,7,133,25,134,75,102,3,5"/><T124/><D71/><U2/><E122/><V125/><F115/><N who="1" m="44041" /><E37/><V24/><F108/><W82/><G121/><T28/><D124/><U72/><E107/><V97/><F125/><W55/><G5/><T39/><D129/><U30/><E79/><V45/><F78/><W54/><G75/><T42/><D111/><U120/><E72/><V126/><F126/><W98/><G82/><T135/><D135/><N who="3" m="51721" /><G48/><T31/><D103/><U64/><E120/><V118/><F6/><W109/><G109/><T74/><D74/><U17/><E49/><V60/><F118/><W36/><G36/><T80/><D39/><U94/><E94/><V93/><F47/><W127/><G127/><T57/><D83/><U96/><E96/><V38/><F38/><W101/><G101/><T19/><D81/><U13/><E59/><N who="0" m="22537" /><D89/><U16/><E64/><V99/><F100/><W92/><G92/><T35/><D35/><N who="1" m="20919" /><E2/><V104/><F104/><W67/><G67/><T73/><D73/><U46/><E46/><V21/><F105/><W110/><G110/><T50/><D43/><U20/><AGARI ba="0,0" hai="4,9,13,16,17,20,27,30" m="20919,44041" machi="20" ten="30,12000,2" yaku="11,1,34,2,52,2,54,1" doraHai="15" who="1" fromWho="1" sc="250,-60,250,120,250,-30,250,-30" /><INIT seed="1,0,0,3,0,93" ten="190,370,220,220" oya="1" hai0="111,81,0,87,17,86,77,36,48,82,15,56,26" hai1="43,67,65,51,7,126,72,115,18,57,116,3,69" hai2="125,102,58,135,98,4,123,11,13,76,114,34,44" hai3="74,83,20,96,61,106,46,73,101,103,62,130,42"/><U110/><E72/><V14/><F135/><W68/><G130/><T21/><D36/><U27/><E115/><V70/><F125/><W33/><G33/><T2/><D111/><U91/><E7/><V40/><F70/><W117/><G117/><T71/><D71/><U104/><E3/><V29/><F123/><W45/><G101/><T78/><D56/><U120/><E67/><V22/><F114/><W35/><G45/><T59/><REACH who="0" step="1"/><D26/><REACH who="0" ten="180,370,220,220" step="2"/><U16/><E27/><V19/><F58/><W108/><G108/><T5/><D5/><U54/><E57/><V100/><F4/><W32/><G68/><T127/><D127/><U38/><E69/><V41/><F44/><W8/><G61/><T66/><D66/><U75/><E65/><V80/><F34/><W118/><G62/><T112/><D112/><U97/><E38/><V49/><F49/><W107/><G32/><T129/><D129/><U122/><E51/><V30/><F30/><W9/><G35/><T64/><D64/><U109/><E110/><V53/><F29/><W133/><G46/><T1/><D1/><U99/><E109/><V94/><F14/><W79/><G133/><T12/><D12/><U89/><E126/><V134/><F134/><W23/><G74/><T24/><D24/><U121/><E75/><V37/><F37/><W88/><G73/><T31/><D31/><U132/><E132/><V47/><F13/><W28/><G28/><T50/><D50/><U6/><E122/><V105/><F47/><W90/><G42/><T124/><D124/><U85/><E121/><V84/><F41/><RYUUKYOKU ba="0,1" sc="180,30,370,-10,220,-10,220,-10" hai0="0,2,15,17,21,48,59,77,78,81,82,86,87" /><INIT seed="2,1,1,3,5,128" ten="210,360,210,210" oya="2" hai0="90,14,125,106,47,34,63,84,80,46,27,134,17" hai1="44,132,87,45,61,82,129,32,79,111,2,133,25" hai2="64,103,130,13,35,15,4,56,37,122,89,1,11" hai3="124,113,55,126,92,105,18,51,74,93,118,10,123"/><V95/><F122/><W135/><G118/><T21/><D125/><N who="3" m="48233" /><G123/><T3/><D134/><N who="1" m="51819" /><E129/><V26/><F37/><W23/><G135/><T43/><D106/><U0/><E111/><V101/><F130/><W96/><G74/><T119/><D119/><U94/><E94/><V30/><F64/><W8/><G105/><T83/><D3/><N who="1" m="1067" /><E61/><V59/><F103/><N who="3" m="60807" /><G113/><T39/><D63/><U109/><E109/><V24/><F24/><N who="3" m="14455" /><G93/><T110/><D110/><U12/><E12/><V104/><F101/><W53/><G53/><T76/><D27/><U57/><E57/><AGARI ba="1,1" hai="8,10,51,55,57" m="14455,60807,48233" machi="57" ten="30,1000,0" yaku="18,1" doraHai="128" who="3" fromWho="1" sc="210,0,360,-13,210,0,210,23" /><INIT seed="3,0,0,2,0,29" ten="210,347,210,233" oya="3" hai0="107,15,121,92,111,0,54,132,99,4,21,94,11" hai1="126,32,103,116,80,128,133,2,5,65,114,19,34" hai2="129,55,108,16,27,50,71,57,13,47,20,100,12" hai3="26,135,40,64,44,102,63,18,25,122,130,98,85"/><W86/><G122/><T115/><D121/><U39/><E5/><V6/><F108/><W23/><G135/><T119/><D119/><U134/><E103/><V95/><F129/><W131/><G25/><T46/><D111/><U42/><E42/><N who="2" m="24951" /><F71/><W106/><G131/><T91/><D132/><U41/><E19/><V76/><F76/><W45/><G45/><T125/><D125/><U87/><E87/><V70/><F70/><W48/><REACH who="3" step="1"/><G130/><REACH who="3" ten="210,347,210,223" step="2"/><T101/><D46/><U52/><E128/><V96/><F6/><W78/><G78/><T56/><D4/><U82/><E134/><V104/><F104/><W31/><G31/><T84/><D107/><U37/><E133/><V77/><F77/><W62/><G62/><AGARI ba="0,1" hai="12,13,16,20,27,55,57,62,95,96,100" m="24951" machi="62" ten="30,2000,0" yaku="8,1,54,1" doraHai="29" who="2" fromWho="3" sc="210,0,347,0,210,30,223,-20" owari="210,-19.0,347,44.7,240,4.0,203,-29.7" /></mjloggm>