<mjloggm ver="2.3"><GO type="225" lobby="0"/><UN n0="%73%61%6E%64%69%72%69%73" n1="%E3%83%AD%E3%83%83%E3%83%86%E9%9B%80%E7%90%83" n2="%E6%A1%9C%E8%8A%B1%E9%96%83%E3%80%85" n3="%72%69%6F%75%63%68%61%6E" dan="16,17,18,17" rate="2166.37,2265.13,2283.72,2206.63" sx="M,M,M,M"/><TAIKYOKU oya="0"/><INIT seed="0,0,0,1,4,112" ten="250,250,250,250" oya="0" hai0="130,15,13,2,68,96,127,99,65,83,19,77,81" hai1="48,31,78,54,45,47,66,27,106,7,11,79,4" hai2="89,26,103,135,114,84,28,6,109,93,116,76,62" hai3="37,80,70,104,129,36,39,46,74,8,59,105,63"/><T97/><D2/><U91/><E106/><N who="3" m="41066" /><G59/><T24/><D130/><U117/><E117/><V134/><F114/><W113/><G113/><T95/><D127/><U69/><E69/><V90/><F109/><W87/><G87/><T102/><D68/><U43/><E66/><V3/><F103/><W120/><G8/><T111/><D111/><U58/><E91/><V53/><F76/><N who="3" m="44055" /><G129/><T44/><D65/><U10/><E10/><V60/><F90/><W108/><G108/><T23/><D44/><U72/><E72/><V38/><F53/><W67/><G120/><T17/><D24/><U100/><E100/><V101/><F101/><W85/><G85/><N who="0" m="48303" /><D83/><U71/><E71/><V16/><F3/><W94/><G94/><T18/><D18/><U32/><E47/><V119/><F16/><W57/><G57/><T22/><AGARI ba="0,0" hai="13,15,17,19,22,23,95,96,97,99,102" m="48303" machi="22" ten="30,1500,0" yaku="8,1" doraHai="112" who="0" fromWho="0" sc="250,15,250,-5,250,-5,250,-5" /><INIT seed="0,1,0,2,5,86" ten="265,245,245,245" oya="0" hai0="60,66,124,99,128,51,28,83,79,1,50,75,8" hai1="82,96,70,109,3,117,47,84,94,29,118,53,58" hai2="134,76,4,95,115,10,64,25,88,73,48,12,105" hai3="67,42,106,57,130,41,129,119,18,43,125,14,81"/><T90/><D128/><N who="3" m="49257" /><G125/><T113/><D113/><U71/><E3/><V102/><F115/><W34/><G119/><T21/><D124/><U111/><E47/><V132/><F64/><W5/><G34/><T15/><D1/><U121/><E29/><V68/><F68/><W2/><G106/><T77/><D77/><U63/><E121/><V92/><F92/><W65/><G81/><T72/><D72/><U78/><E71/><V39/><F39/><W133/><G133/><N who="2" m="51305" /><F48/><W100/><G100/><T104/><D21/><U61/><E61/><V56/><F56/><W69/><G69/><T22/><D22/><U32/><E32/><V52/><F52/><W16/><G2/><T131/><D28/><U40/><E40/><N who="3" m="10242" /><W89/><DORA hai="35" /><G89/><T7/><D131/><U101/><REACH who="1" step="1"/><E70/><REACH who="1" ten="265,235,245,245" step="2"/><V11/><F105/><W38/><G38/><T27/><D104/><U19/><E19/><N who="3" m="7210" /><G57/><T55/><D60/><U120/><E120/><V36/><F36/><W30/><G30/><T62/><D62/><U37/><E37/><V108/><F4/><W59/><G59/><T23/><D7/><U6/><E6/><V98/><F10/><AGARI ba="1,1" hai="5,10,14,65,67" m="7210,10242,49257" machi="10" ten="40,2600,0" yaku="19,1,54,1" doraHai="86,35" who="3" fromWho="2" sc="265,0,235,0,245,-29,245,39" /><INIT seed="1,0,0,2,3,11" ten="265,235,216,284" oya="1" hai0="90,111,131,7,51,134,32,0,121,93,71,43,86" hai1="130,114,13,63,125,46,66,24,129,83,62,37,110" hai2="92,96,35,84,87,64,55,124,98,19,33,76,18" hai3="108,41,4,72,100,25,8,112,3,117,74,20,101"/><U30/><E114/><V73/><F64/><W80/><G112/><T34/><D71/><U53/><E125/><V29/><F73/><W97/><G108/><T39/><D111/><U50/><E110/><V116/><F76/><W17/><G117/><T57/><D134/><U15/><E37/><V102/><F116/><W89/><G41/><T59/><D131/><N who="1" m="50187" /><E83/><V77/><F29/><W10/><G10/><T88/><D121/><U115/><E115/><V127/><F92/><W52/><G101/><T49/><D39/><U109/><E109/><V133/><F55/><W67/><G67/><T14/><D0/><U85/><E85/><V69/><F102/><W82/><G82/><N who="0" m="49239" /><D34/><N who="1" m="20807" /><E62/><V56/><F77/><W6/><G80/><T27/><D32/><U103/><E103/><V60/><F60/><W12/><G89/><T135/><D135/><U91/><E91/><V2/><F133/><W9/><REACH who="3" step="1"/><G52/><REACH who="3" ten="265,235,216,274" step="2"/><T122/><D43/><U44/><E46/><V126/><F127/><W61/><G61/><T38/><D90/><U1/><E1/><V5/><F2/><W36/><G36/><T105/><D38/><U99/><E99/><V21/><F98/><W113/><G113/><T31/><D122/><U119/><E119/><V40/><F96/><W16/><G16/><T68/><D51/><U47/><E47/><V106/><F124/><W75/><G75/><T48/><D48/><U65/><E65/><V28/><F126/><W107/><AGARI ba="0,1" hai="3,4,6,8,9,12,17,20,25,72,74,97,100,107" machi="107" ten="20,5200,0" yaku="1,1,0,1,7,1,52,1,53,0" doraHai="11" doraHaiUra="70" who="3" fromWho="3" sc="265,-13,235,-26,216,-13,274,62" /><INIT seed="2,0,0,5,0,107" ten="252,209,203,336" oya="2" hai0="7,128,118,15,1,26,77,85,110,132,82,105,13" hai1="113,40,131,133,38,49,60,75,126,14,33,56,76" hai2="41,52,101,102,108,62,42,114,36,103,10,55,43" hai3="5,69,106,16,91,24,68,99,81,92,4,80,30"/><V83/><F114/><W74/><G106/><T54/><D105/><U96/><E113/><V73/><F36/><W127/><G127/><T89/><D110/><U122/><E33/><V45/><F108/><W78/><G16/><T18/><D132/><U79/><E38/><V19/><F45/><W61/><G81/><T20/><D128/><U95/><E75/><V66/><F19/><W17/><G17/><T84/><D118/><U71/><E71/><V87/><F10/><W67/><REACH who="3" step="1"/><G69/><REACH who="3" ten="252,209,203,326" step="2"/><T120/><D18/><U32/><E126/><V109/><F109/><W58/><G58/><T35/><D82/><U119/><E56/><N who="2" m="37191" /><F73/><W53/><G53/><T8/><D54/><U124/><E124/><V63/><F63/><W111/><G111/><T135/><D7/><U93/><E60/><V37/><F37/><W23/><AGARI ba="0,1" hai="4,5,23,24,30,61,67,68,74,78,80,91,92,99" machi="23" ten="20,8000,1" yaku="1,1,0,1,7,1,52,1,53,1" doraHai="107" doraHaiUra="88" who="3" fromWho="3" sc="252,-20,209,-20,203,-40,326,90" /><INIT seed="3,0,0,3,2,94" ten="232,189,163,416" oya="3" hai0="73,125,97,121,6,90,32,12,128,41,87,92,47" hai1="36,56,60,51,21,107,42,126,27,77,37,40,89" hai2="98,58,2,108,35,4,46,5,43,22,26,13,66" hai3="65,28,119,113,24,106,18,57,45,75,9,78,38"/><W104/><G18/><T0/><D121/><U69/><E107/><V20/><F108/><W83/><G57/><T93/><D73/><U129/><E129/><V84/><F2/><W105/><G65/><T3/><D32/><U114/><E126/><V79/><F35/><W81/><G83/><T132/><D132/><U16/><E114/><V64/><F79/><W95/><G9/><T53/><D53/><N who="1" m="33807" /><E36/><V118/><F118/><W88/><G88/><T76/><D128/><U133/><E37/><V33/><F33/><N who="3" m="20615" /><G95/><T67/><D67/><N who="2" m="25642" /><F84/><W30/><G30/><T71/><D125/><U91/><E133/><V72/><F72/><W14/><G14/><T109/><D12/><U130/><E130/><V101/><F58/><W59/><G59/><T96/><D87/><U7/><E69/><V127/><F127/><W54/><G113/><T135/><D71/><U103/><E77/><V74/><F74/><W23/><G78/><T115/><D76/><U112/><E112/><V10/><F4/><W48/><G75/><T99/><D115/><U39/><E7/><V25/><F25/><W34/><G38/><T15/><D6/><U31/><E31/><N who="2" m="17863" /><F22/><W117/><G23/><T44/><D0/><U124/><E124/><V110/><F110/><W122/><G34/><T82/><D109/><U8/><E8/><V63/><F63/><W49/><G117/><T62/><D62/><U11/><E11/><V50/><F101/><W120/><G119/><T131/><D3/><U68/><E68/><V85/><F85/><W134/><G122/><T1/><D131/><U19/><E103/><RYUUKYOKU ba="0,0" sc="232,-10,189,-10,163,30,416,-10" hai2="5,10,13,43,46,50,98" owari="222,2.2,179,-32.1,193,-20.7,406,50.6" /></mjloggm>