<mjloggm ver="2.3"><GO type="225" lobby="0"/><UN n0="%72%61%6B%33" n1="%E3%81%86%E3%82%8C%E3%81%9F%E3%82%93%E6%9E%95" n2="%E3%81%A1%E3%82%85%E3%81%86%E3%81%A9%E3%81%8F%E8%B1%A1%E3%81%95%E3%82%93" n3="%E5%80%89%E6%A9%8B%EF%BC%A0%E4%BA%8B%E5%8B%99" dan="16,16,17,16" rate="2196.18,2151.34,2157.29,2143.21" sx="M,F,M,M"/><TAIKYOKU oya="0"/><INIT seed="0,0,0,2,1,30" ten="250,250,250,250" oya="0" hai0="38,64,3,13,131,91,12,69,7,33,16,68,128" hai1="76,125,41,133,58,14,100,115,95,103,111,86,106" hai2="34,23,81,124,80,39,107,37,2,105,25,20,59" hai3="93,55,46,109,31,116,129,79,98,28,112,32,83"/><T36/><D3/><U120/><E120/><V26/><F2/><W51/><G112/><T63/><D91/><U102/><E115/><V97/><F59/><W118/><G109/><T99/><D99/><U8/><E106/><V49/><F97/><W47/><G129/><N who="0" m="49739" /><D69/><U57/><E125/><V132/><F49/><W43/><G118/><T44/><D44/><U126/><E133/><V101/><F101/><W48/><G116/><T73/><D73/><U45/><E126/><V90/><F90/><W88/><REACH who="3" step="1"/><G32/><REACH who="3" ten="250,250,250,240" step="2"/><T9/><D33/><U72/><E111/><V130/><F124/><W84/><AGARI ba="0,1" hai="28,31,43,46,47,48,51,55,79,83,84,88,93,98" machi="84" ten="20,12000,2" yaku="1,1,2,1,0,1,7,1,8,1,54,1,53,0" doraHai="30" doraHaiUra="134" who="3" fromWho="3" sc="250,-60,250,-30,250,-30,240,130" /><INIT seed="1,0,0,5,4,115" ten="190,220,220,370" oya="1" hai0="118,134,65,128,69,17,36,22,13,110,83,92,5" hai1="96,122,77,33,98,19,81,40,32,95,54,121,16" hai2="80,27,10,12,112,86,70,23,125,20,102,55,127" hai3="72,31,2,135,116,130,7,26,119,53,91,45,76"/><U42/><E54/><V60/><F112/><W84/><G72/><T74/><D110/><U99/><E95/><V0/><F102/><W1/><G76/><T88/><D128/><U51/><E51/><V58/><F0/><W117/><G130/><T49/><D134/><U132/><E132/><V37/><F37/><W90/><G135/><T11/><D36/><U34/><E81/><V105/><F105/><W111/><G111/><T113/><D113/><U18/><REACH who="1" step="1"/><E77/><REACH who="1" ten="190,210,220,370" step="2"/><V63/><F63/><W129/><G129/><T56/><D49/><U68/><E68/><V123/><F70/><W44/><G53/><T109/><D69/><U78/><E78/><V101/><F125/><W50/><G50/><T61/><D83/><U30/><E30/><V4/><F127/><W3/><G7/><T97/><D74/><U41/><AGARI ba="0,1" hai="16,18,19,32,33,34,40,41,42,96,98,99,121,122" machi="41" ten="50,48000,5" yakuman="40" doraHai="115" doraHaiUra="126" who="1" fromWho="1" sc="190,-160,210,490,220,-160,370,-160" /><INIT seed="1,1,0,2,4,2" ten="30,700,60,210" oya="1" hai0="67,82,84,21,124,32,27,22,49,81,23,129,47" hai1="53,100,56,79,90,72,9,107,31,20,13,87,14" hai2="91,127,64,89,97,133,108,48,18,26,40,105,17" hai3="134,70,110,25,111,45,104,63,109,24,15,7,34"/><U62/><E72/><V115/><F64/><W35/><G104/><T28/><D124/><U101/><E107/><V125/><F108/><W77/><G77/><T44/><D129/><U96/><E79/><V54/><F40/><W73/><G73/><T60/><D49/><U117/><E117/><V121/><F121/><W61/><G45/><T11/><D11/><U43/><E43/><V135/><F115/><W39/><G39/><T130/><D130/><U113/><E96/><V59/><F105/><W6/><G110/><T1/><D1/><U118/><E118/><V120/><F120/><W38/><G38/><T68/><REACH who="0" step="1"/><D82/><REACH who="0" ten="20,700,60,210" step="2"/><N who="1" m="49527" /><E113/><V106/><F125/><W30/><G109/><T58/><D58/><U102/><E9/><V83/><F127/><W41/><G111/><T55/><D55/><U33/><E33/><V52/><F54/><W131/><G35/><T12/><D12/><U94/><E94/><V99/><F106/><W46/><G15/><T10/><D10/><U16/><E13/><V85/><F133/><W36/><G34/><T114/><D114/><U119/><E119/><V75/><F135/><W93/><G134/><T103/><D103/><U98/><E98/><V29/><F99/><W66/><G131/><T80/><D80/><U122/><E122/><V65/><F97/><W71/><G36/><T8/><D8/><U0/><E0/><V88/><F75/><W95/><G41/><T19/><D19/><N who="2" m="7178" /><F65/><W42/><G66/><T4/><D4/><U116/><E116/><V128/><F128/><W76/><G42/><T69/><D69/><U92/><E92/><RYUUKYOKU ba="1,1" sc="20,10,700,10,60,10,210,-30" hai0="21,22,23,27,28,32,44,47,60,67,68,81,84" hai1="14,16,20,31,53,56,62,100,101,102" hai2="26,29,48,52,59,83,85,88,89,91" /><INIT seed="1,2,1,3,2,0" ten="30,710,70,180" oya="1" hai0="5,105,130,135,128,51,93,13,79,25,12,127,133" hai1="73,112,107,72,29,28,62,69,30,23,50,117,39" hai2="15,129,81,80,88,11,20,54,65,48,63,55,52" hai3="121,14,27,38,119,40,46,131,84,44,86,132,101"/><U19/><E112/><V108/><F108/><W120/><G101/><T96/><D105/><U17/><E39/><V78/><F129/><N who="0" m="49770" /><D79/><U9/><E117/><V68/><F20/><W3/><G3/><T56/><D25/><U10/><E107/><V8/><F8/><W85/><G131/><T49/><D56/><U124/><E124/><V42/><F81/><W26/><G119/><T1/><D1/><U125/><E125/><V87/><F78/><W99/><G14/><N who="0" m="5739" /><D5/><U43/><E72/><V110/><F110/><W82/><G26/><T16/><D16/><N who="1" m="6219" /><E73/><V106/><F106/><W113/><G27/><T36/><D36/><U114/><E62/><V53/><F42/><W70/><G40/><T102/><D127/><U94/><E69/><V123/><F123/><W7/><G70/><T41/><D41/><U6/><E23/><V24/><F24/><W31/><G38/><T83/><D83/><U61/><E61/><V95/><F80/><W2/><G82/><T58/><D58/><U22/><E22/><V122/><F122/><W59/><G59/><T97/><D97/><U34/><E34/><V104/><F104/><W64/><G99/><T35/><D35/><U118/><E118/><V32/><F32/><W21/><G2/><T111/><D111/><U92/><E6/><N who="2" m="3575" /><F48/><AGARI ba="2,1" hai="48,49,51,93,96,102,133,135" m="5739,49770" machi="48" ten="30,1000,0" yaku="19,1" doraHai="0" who="0" fromWho="2" sc="30,26,710,0,70,-16,180,0" /><INIT seed="2,0,0,5,0,46" ten="56,710,54,180" oya="2" hai0="38,29,103,133,76,73,49,108,66,33,106,88,8" hai1="11,52,47,37,107,95,71,32,39,111,23,16,68" hai2="3,2,122,25,127,55,50,24,130,116,18,132,35" hai3="87,121,43,59,48,69,128,135,54,89,93,5,109"/><V85/><F122/><W94/><G69/><T12/><D38/><U113/><E111/><V110/><F116/><W15/><G121/><T100/><D33/><U53/><E107/><V123/><F123/><W134/><G109/><T1/><D1/><U21/><E47/><V31/><F110/><W56/><G43/><T45/><D29/><U101/><E16/><V115/><F115/><W0/><G0/><T112/><D133/><N who="3" m="50697" /><G128/><T125/><D125/><U99/><E11/><V64/><F132/><W119/><G119/><T78/><D73/><U30/><E95/><V42/><F130/><W77/><G77/><T57/><D106/><U79/><E99/><V60/><F127/><W9/><G56/><T102/><D112/><U86/><E101/><V129/><F42/><W27/><G27/><T22/><D88/><U14/><E53/><V131/><F85/><W72/><G72/><T36/><D36/><U4/><E21/><N who="2" m="13367" /><F60/><W61/><G61/><N who="0" m="38191" /><D22/><U13/><E113/><V62/><F62/><W65/><G65/><T82/><D108/><U81/><E71/><V17/><F64/><W97/><G97/><T34/><D34/><U28/><E68/><V114/><F114/><W126/><G126/><T83/><D78/><U104/><E39/><V44/><F129/><W80/><AGARI ba="0,0" hai="5,9,15,48,54,59,80,87,89,93,94" m="50697" machi="80" ten="30,2000,0" yaku="20,1,52,1" doraHai="46" who="3" fromWho="3" sc="56,-5,710,-5,54,-10,180,20" /><INIT seed="3,0,0,3,3,28" ten="51,705,44,200" oya="3" hai0="37,112,32,98,81,108,44,57,25,13,134,33,53" hai1="12,86,66,54,101,36,46,84,60,116,99,42,20" hai2="105,45,52,7,124,128,9,31,88,4,76,102,97" hai3="132,77,125,30,70,69,55,6,106,121,114,74,11"/><W118/><G55/><T113/><D108/><U126/><E116/><V50/><F124/><W23/><G23/><T129/><D129/><U40/><E126/><V91/><F128/><W80/><G11/><T61/><D134/><U133/><E133/><V19/><F76/><W85/><G30/><T122/><D122/><U110/><E12/><V15/><REACH who="2" step="1"/><F31/><REACH who="2" ten="51,705,34,200" step="2"/><W82/><G77/><T62/><D81/><U29/><E54/><V93/><F93/><W92/><G92/><T100/><D62/><U72/><E20/><V79/><F79/><W8/><G82/><T27/><D13/><U3/><E46/><V34/><F34/><N who="0" m="13418" /><D44/><U96/><E101/><V107/><F107/><W75/><G125/><T131/><D131/><U14/><E96/><V39/><F39/><W94/><G106/><N who="0" m="63767" /><D37/><U64/><E14/><V67/><F67/><W41/><G80/><T123/><D123/><U21/><E110/><V120/><F120/><W48/><G94/><T2/><D2/><U115/><E86/><V56/><F56/><W17/><G85/><T83/><D83/><U130/><E84/><V58/><F58/><W38/><G38/><T65/><D65/><U90/><E36/><V127/><F127/><W49/><G121/><T87/><D87/><U78/><E130/><V26/><F26/><W59/><G132/><T5/><D5/><AGARI ba="0,1" hai="4,5,7,9,15,19,45,50,52,88,91,97,102,105" machi="5" ten="40,5200,0" yaku="1,1,54,2,53,0" doraHai="28" doraHaiUra="117" who="2" fromWho="0" sc="51,-52,705,0,34,62,200,0" owari="-1,-50.1,705,80.5,96,-30.4,200,0.0" /></mjloggm>