<mjloggm ver="2.3"><GO type="225" lobby="0"/><UN n0="%E3%82%BC%E3%83%AB%E3%83%80%E3%81%AE%E4%BC%9D%E8%AA%AC" n1="%33%74%72%65%65" n2="%E6%B0%B7%E5%B7%9D%E9%87%8C%E5%A5%88" n3="%E3%82%BF%E3%83%BC%E3%83%90%E3%83%B3%E9%87%8E%E5%8F%A3" dan="17,16,16,16" rate="2205.31,2170.48,2112.23,2072.44" sx="M,F,F,M"/><TAIKYOKU oya="0"/><INIT seed="0,0,0,3,4,126" ten="250,250,250,250" oya="0" hai0="25,15,78,71,103,111,41,80,101,92,46,16,77" hai1="110,107,54,133,102,36,129,94,40,31,52,3,82" hai2="39,22,53,18,57,47,59,51,88,131,29,38,95" hai3="72,19,23,97,10,113,60,70,120,1,98,45,125"/><T122/><D122/><U68/><E110/><V124/><F29/><W84/><G113/><T50/><D111/><U100/><E107/><V75/><F75/><W27/><G72/><T44/><D71/><U119/><E119/><V33/><F33/><W66/><G125/><T87/><D78/><U90/><E3/><V8/><F8/><W106/><G120/><T127/><D127/><U30/><E82/><V58/><F124/><W32/><G32/><T17/><D92/><U74/><E74/><V93/><F93/><W134/><G106/><T128/><D128/><U5/><E5/><V0/><F0/><W49/><G134/><T73/><D73/><U118/><E68/><V112/><F112/><W48/><G84/><T42/><D25/><U37/><E118/><V6/><F6/><W67/><G67/><T14/><D14/><U79/><E79/><V7/><F7/><W115/><G115/><T135/><D135/><U21/><E21/><V65/><F65/><W4/><REACH who="3" step="1"/><G49/><REACH who="3" ten="250,250,250,240" step="2"/><N who="0" m="26767" /><D17/><U12/><E133/><V55/><F131/><W34/><G34/><T9/><AGARI ba="0,1" hai="9,15,16,42,46,50,77,80,87,101,103" m="26767" machi="9" ten="30,3000,0" yaku="8,1,54,1" doraHai="126" who="0" fromWho="0" sc="250,40,250,-10,250,-10,240,-10" /><INIT seed="0,1,0,5,1,102" ten="290,240,240,230" oya="0" hai0="116,108,37,36,28,6,77,117,43,99,104,57,88" hai1="47,68,120,42,14,127,78,7,123,20,12,107,34" hai2="61,44,45,67,4,49,46,106,21,95,51,103,81" hai3="92,27,52,19,130,96,18,91,35,129,1,83,23"/><T5/><D28/><U122/><E34/><V97/><F4/><W53/><G1/><T16/><D77/><U58/><E68/><V134/><F134/><W2/><G2/><T79/><D79/><U114/><E127/><V100/><F81/><W109/><G109/><T93/><D108/><U29/><E114/><V13/><F103/><W63/><G83/><T72/><D72/><U125/><E125/><V33/><F33/><W40/><G40/><T24/><D104/><U9/><E78/><V86/><F13/><W62/><G35/><T10/><D57/><U111/><E111/><V75/><F75/><W50/><G18/><T126/><D126/><U71/><E71/><V54/><F21/><W59/><REACH who="3" step="1"/><G63/><REACH who="3" ten="290,240,240,220" step="2"/><T15/><D43/><U94/><E42/><V82/><F82/><W133/><G133/><T112/><D112/><U22/><E122/><V64/><F61/><W32/><G32/><T121/><D121/><U128/><E123/><V98/><F51/><W17/><G17/><T80/><D80/><U113/><E120/><V119/><F119/><W41/><G41/><T115/><D115/><U38/><E113/><V74/><F74/><W132/><G132/><T110/><D110/><U31/><E7/><V39/><F39/><N who="0" m="14922" /><D6/><U85/><E38/><V65/><F49/><W30/><G30/><T124/><D124/><U131/><E29/><V84/><F45/><AGARI ba="1,1" hai="19,23,27,45,50,52,53,59,62,91,92,96,129,130" machi="45" ten="40,12000,2" yaku="1,1,25,2,54,1,53,2" doraHai="102" doraHaiUra="48" who="3" fromWho="2" sc="290,0,240,0,240,-123,220,133" /><INIT seed="1,0,0,1,0,108" ten="290,240,117,353" oya="1" hai0="90,51,96,97,22,102,52,44,64,95,43,36,47" hai1="42,41,34,99,16,40,11,50,113,20,35,101,66" hai2="131,78,111,77,49,84,57,55,54,124,62,27,7" hai3="12,13,94,112,117,30,18,134,121,6,107,85,38"/><U123/><E113/><V31/><F111/><W26/><G121/><T61/><D22/><U58/><E123/><V128/><F124/><W79/><G107/><T81/><D81/><U73/><E73/><V109/><F109/><W71/><G112/><T74/><D74/><U98/><E11/><V1/><F7/><W70/><G38/><T114/><D114/><U10/><E10/><V86/><F1/><W132/><G6/><T130/><D130/><U3/><E3/><V4/><F4/><W25/><G25/><T56/><REACH who="0" step="1"/><D102/><REACH who="0" ten="280,240,117,353" step="2"/><U68/><E101/><V63/><F131/><W125/><G125/><T89/><D89/><U53/><E34/><V135/><F128/><W119/><G117/><T110/><D110/><U23/><E23/><V46/><F135/><W75/><G119/><T129/><D129/><U8/><E35/><V126/><F126/><W15/><G75/><T116/><D116/><U60/><REACH who="1" step="1"/><E8/><REACH who="1" ten="280,230,117,353" step="2"/><V48/><F77/><W133/><G79/><T80/><D80/><U122/><E122/><V104/><F78/><W0/><G132/><T37/><D37/><U82/><E82/><V91/><F91/><W92/><G133/><T88/><D88/><U127/><E127/><V115/><F115/><W19/><G134/><T32/><D32/><U65/><E65/><V67/><F67/><W105/><G0/><T118/><D118/><U5/><E5/><V45/><F31/><W21/><G30/><T106/><D106/><U28/><E28/><V93/><F104/><W9/><G105/><T69/><D69/><U17/><E17/><V2/><F2/><RYUUKYOKU ba="0,2" sc="280,15,230,15,117,-15,353,-15" hai0="36,43,44,47,51,52,56,61,64,90,95,96,97" hai1="16,20,40,41,42,50,53,58,60,66,68,98,99" /><INIT seed="1,1,2,1,5,110" ten="295,245,102,338" oya="1" hai0="72,131,35,116,37,101,109,4,32,91,27,10,84" hai1="132,5,23,64,73,77,56,108,118,70,121,71,55" hai2="47,115,3,100,129,126,11,99,40,42,114,89,1" hai3="49,79,93,122,50,6,88,57,80,94,15,21,113"/><U13/><E118/><V19/><F129/><W125/><G113/><N who="2" m="43017" /><F126/><W86/><G122/><T96/><D37/><U51/><E132/><V117/><F117/><W123/><G123/><T82/><D109/><U67/><E108/><V92/><F42/><W33/><G33/><T59/><D27/><U62/><E121/><V29/><F29/><W34/><G34/><T78/><D59/><U119/><E119/><V68/><F68/><W46/><G125/><T31/><D31/><U22/><E70/><V111/><F111/><W120/><G120/><T30/><D30/><U18/><E67/><V65/><F65/><W130/><G130/><T69/><D69/><U0/><E0/><V103/><F19/><W75/><G94/><N who="0" m="54631" /><D131/><U38/><E18/><V2/><F11/><W20/><G6/><T135/><D116/><U58/><E71/><V124/><F124/><W12/><G21/><T52/><D135/><U14/><E5/><V48/><AGARI ba="1,2" hai="1,2,3,40,47,48,89,92,99,100,103" m="43017" machi="48" ten="40,8000,1" yaku="11,1,52,3" doraHai="110" who="2" fromWho="2" sc="295,-21,245,-41,102,103,338,-21" /><INIT seed="2,0,0,4,2,119" ten="274,204,205,317" oya="2" hai0="113,103,58,90,99,69,132,53,45,131,78,80,126" hai1="87,56,114,89,38,23,123,30,20,51,3,11,41" hai2="77,35,10,39,43,0,34,76,94,47,5,14,129" hai3="112,28,98,92,106,32,86,135,18,54,2,24,16"/><V108/><F129/><W122/><G122/><T127/><D113/><U61/><E114/><V67/><F108/><W60/><G2/><T8/><D131/><U91/><E38/><V105/><F105/><W31/><G112/><T100/><D69/><U29/><E123/><V25/><F67/><W64/><G135/><T120/><D120/><U48/><E3/><V21/><F14/><W73/><G73/><T102/><D45/><U81/><E11/><V70/><F70/><N who="3" m="42247" /><G31/><N who="1" m="11786" /><E91/><V63/><F63/><W52/><G86/><N who="0" m="48407" /><D132/><U72/><E72/><V40/><F40/><W37/><G37/><T27/><D127/><U13/><E41/><V55/><F55/><N who="3" m="21035" /><G92/><N who="0" m="56727" /><D126/><U124/><E124/><V88/><F34/><W96/><G96/><T71/><D71/><U128/><E128/><V104/><F104/><W117/><G117/><T75/><D75/><U97/><E97/><V82/><F35/><W17/><G17/><T15/><D27/><U134/><E134/><V26/><F26/><W1/><G1/><T44/><D44/><U85/><E85/><N who="2" m="50231" /><F25/><W107/><G107/><T19/><D103/><AGARI ba="0,0" hai="16,18,24,28,32,98,103,106" m="21035,42247" machi="103" ten="30,3900,0" yaku="25,1,54,2" doraHai="119" who="3" fromWho="0" sc="274,-39,204,0,205,0,317,39" /><INIT seed="3,0,0,2,3,112" ten="235,204,205,356" oya="3" hai0="71,12,65,76,16,14,18,45,68,38,55,78,27" hai1="24,4,101,34,85,77,26,132,117,11,44,128,40" hai2="118,115,90,36,81,19,13,31,48,67,100,15,79" hai3="23,49,123,114,69,98,126,56,116,1,59,70,41"/><W121/><G116/><T75/><D75/><U42/><E117/><V106/><F36/><W130/><G114/><T99/><D38/><U113/><E113/><V105/><F115/><W110/><G1/><T8/><D27/><N who="1" m="10283" /><E34/><V111/><F118/><W91/><G23/><N who="0" m="11655" /><D71/><U10/><E128/><V57/><F31/><W119/><G56/><T61/><D68/><U84/><E132/><V127/><F127/><W43/><G91/><T17/><D99/><U102/><E4/><V37/><F37/><W6/><G49/><N who="0" m="29103" /><D18/><U74/><E74/><V29/><F111/><W47/><G6/><T83/><D83/><N who="1" m="47215" /><E85/><V120/><F120/><W46/><G43/><N who="1" m="16426" /><E44/><V109/><F109/><W58/><G58/><N who="0" m="37047" /><D76/><U63/><E63/><V73/><F29/><W62/><G62/><T0/><D0/><U20/><E20/><V82/><F48/><W108/><G130/><T54/><D78/><U107/><E107/><V125/><F125/><W86/><G126/><T50/><D50/><U33/><E33/><V5/><F5/><W53/><G53/><AGARI ba="0,0" hai="8,14,17,53,54" m="37047,29103,11655" machi="53" ten="30,2000,0" yaku="8,1,54,1" doraHai="112" who="0" fromWho="3" sc="235,20,204,0,205,0,356,-20" owari="255,5.5,204,-29.6,205,-19.5,336,43.6" /></mjloggm>