<mjloggm ver="2.3"><GO type="225" lobby="0"/><UN n0="%E6%98%93%E5%88%A9%E8%96%A9%E4%BC%AF" n1="%28%EF%BF%A3%E2%96%BD%EF%BF%A3%29%CE%B4%E2%8C%92%E3%83%BB" n2="%E3%82%BF%E3%83%BC%E3%83%90%E3%83%B3%E9%87%8E%E5%8F%A3" n3="%E3%81%86%E3%83%BC%E3%81%B1%E3%83%BC" dan="16,16,16,16" rate="2053.80,2105.45,2148.05,2152.02" sx="F,M,M,F"/><TAIKYOKU oya="0"/><INIT seed="0,0,0,2,1,83" ten="250,250,250,250" oya="0" hai0="45,59,43,0,86,32,112,68,7,117,99,10,119" hai1="40,102,115,114,55,106,129,95,2,42,11,131,18" hai2="120,65,88,91,121,80,51,77,127,14,49,33,111" hai3="103,67,125,108,98,44,126,56,89,5,4,39,78"/><T72/><D112/><N who="1" m="43051" /><E106/><V92/><F33/><W84/><G78/><T105/><D59/><U30/><E30/><V58/><F111/><W94/><G108/><T8/><D8/><U96/><E55/><V109/><F109/><W116/><G116/><T23/><D23/><U38/><E38/><V19/><F127/><N who="3" m="48651" /><G39/><T48/><D32/><U81/><E81/><V118/><F118/><W128/><G128/><N who="1" m="49226" /><E18/><V130/><F130/><W36/><G36/><T107/><D107/><U62/><E62/><V37/><F37/><W13/><G44/><T60/><D48/><U97/><E96/><V31/><F31/><W93/><G13/><T27/><D105/><U133/><E133/><V41/><F41/><W9/><G9/><T15/><D15/><U123/><E123/><V1/><F1/><W79/><G79/><T54/><D10/><U100/><E102/><V113/><F113/><W17/><G17/><T25/><D117/><U76/><E76/><V75/><F120/><W69/><G56/><T124/><D68/><U110/><E110/><V24/><F121/><W63/><AGARI ba="0,0" hai="4,5,63,67,69,84,89,93,94,98,103" m="48651" machi="63" ten="30,2000,0" yaku="18,1,52,1" doraHai="83" who="3" fromWho="3" sc="250,-10,250,-5,250,-5,250,20" /><INIT seed="1,0,0,2,5,18" ten="240,245,245,270" oya="1" hai0="54,70,6,57,95,13,34,67,129,22,94,31,60" hai1="97,116,75,63,9,128,44,68,113,133,81,119,41" hai2="37,115,91,89,87,48,10,1,103,40,59,131,84" hai3="30,23,107,112,43,52,110,82,58,71,109,77,88"/><U61/><E113/><V111/><F115/><W15/><G71/><T85/><D129/><U134/><E97/><V98/><F131/><W78/><G107/><T114/><D114/><U121/><E128/><V79/><F111/><N who="3" m="42507" /><G43/><T11/><D34/><U123/><E9/><V46/><F1/><W35/><G35/><T73/><D73/><U62/><E81/><V8/><F79/><W66/><G66/><T65/><D85/><U124/><E75/><V36/><F59/><W72/><G112/><T28/><D28/><U20/><E20/><V130/><F130/><W26/><G15/><T69/><D70/><U64/><E124/><V74/><F74/><W135/><G135/><N who="1" m="51722" /><E63/><V53/><F36/><W93/><G82/><T99/><D94/><U29/><E61/><V83/><F37/><W92/><G92/><T55/><D69/><U125/><E29/><V7/><F40/><W24/><G24/><N who="0" m="16791" /><D67/><U27/><E27/><V76/><F83/><W19/><G30/><T25/><D25/><U127/><E125/><V12/><F12/><W51/><G72/><T122/><D122/><N who="1" m="46603" /><E127/><V33/><F33/><W4/><G4/><T47/><D99/><AGARI ba="0,0" hai="19,23,26,51,52,58,77,78,88,93,99" m="42507" machi="99" ten="30,7700,0" yaku="14,1,52,1,54,2" doraHai="18" who="3" fromWho="0" sc="240,-77,245,0,245,0,270,77" /><INIT seed="2,0,0,1,1,129" ten="163,245,245,347" oya="2" hai0="72,73,99,22,1,46,104,116,78,118,60,50,10" hai1="100,92,89,43,76,9,24,97,3,119,120,27,101" hai2="57,84,64,105,38,68,7,5,66,25,35,70,49" hai3="124,113,52,42,127,128,21,18,14,12,32,96,114"/><V15/><F38/><W106/><G128/><T34/><D34/><U17/><E119/><V8/><F105/><W132/><G132/><T61/><D22/><U79/><E120/><V86/><F49/><W103/><G42/><T65/><D1/><U23/><E43/><V69/><F57/><W109/><G109/><T85/><D10/><U87/><E3/><V28/><REACH who="2" step="1"/><F5/><REACH who="2" ten="163,245,235,347" step="2"/><W2/><G106/><T39/><D39/><U55/><E9/><V56/><F56/><W33/><G114/><T115/><D104/><U0/><E0/><V48/><F48/><W130/><G113/><T95/><D115/><U54/><E27/><V126/><F126/><W51/><G130/><T11/><D11/><U135/><E135/><V37/><F37/><W26/><G2/><T29/><D50/><U77/><REACH who="1" step="1"/><E101/><REACH who="1" ten="163,235,235,347" step="2"/><V13/><F13/><W134/><G134/><T80/><D116/><U93/><AGARI ba="0,2" hai="17,23,24,54,55,76,77,79,87,89,92,93,97,100" machi="93" ten="30,7900,0" yaku="1,1,2,1,0,1,8,1,53,0" doraHai="129" doraHaiUra="40" who="1" fromWho="1" sc="163,-20,235,99,235,-39,347,-20" /><INIT seed="3,0,0,4,5,62" ten="143,334,196,327" oya="3" hai0="68,45,126,55,95,17,112,82,1,100,118,59,48" hai1="87,35,113,9,12,65,28,27,123,81,70,132,72" hai2="2,34,49,11,101,64,46,30,38,119,52,91,107" hai3="40,125,80,75,32,97,135,47,74,7,44,51,86"/><W114/><G114/><T50/><D112/><U66/><E70/><V99/><F119/><W76/><G32/><T102/><D118/><U120/><E113/><V77/><F77/><W10/><G125/><T25/><D126/><U42/><E72/><V57/><F38/><W14/><G135/><T4/><D68/><U134/><E42/><V128/><F128/><W19/><G97/><T84/><D1/><U110/><E110/><V54/><F91/><W21/><G47/><T98/><D4/><N who="1" m="3111" /><E66/><V63/><F2/><AGARI ba="0,0" hai="2,7,10,14,19,21,40,44,51,74,75,76,80,86" machi="2" ten="30,1500,0" yaku="7,1" doraHai="62" who="3" fromWho="2" sc="143,0,334,0,196,-15,327,15" owari="143,-35.7,334,13.4,181,-21.9,342,44.2" /></mjloggm>