<mjloggm ver="2.3"><GO type="225" lobby="0"/><UN n0="%65%6B%61%72%75%74%65" n1="%E6%97%A5%E6%9B%9C%E6%97%A5%E3%82%88%E3%82%8A%E3%81%AE%E4%BD%BF%E8%80%85" n2="%E6%B4%BE%E9%81%A3%E3%81%AE%E3%82%B8%E3%83%A3%E3%83%83%E3%82%AF" n3="%E9%89%A2%E5%B7%BB%E3%82%AC%E3%83%96" dan="16,18,16,16" rate="2130.24,2160.56,2166.27,2046.83" sx="M,M,M,M"/><TAIKYOKU oya="0"/><INIT seed="0,0,0,1,4,104" ten="250,250,250,250" oya="0" hai0="26,68,60,113,71,107,124,112,76,23,125,103,20" hai1="132,16,121,100,91,37,133,120,34,45,62,114,131" hai2="14,96,25,4,102,38,1,41,65,50,58,92,88" hai3="64,86,134,127,30,128,79,78,24,63,116,108,61"/><T109/><D76/><U2/><E2/><V90/><F1/><W48/><G116/><T126/><D109/><U40/><E34/><V17/><F4/><W80/><G108/><T99/><D23/><U36/><E100/><V123/><F123/><N who="1" m="47177" /><E91/><V122/><F122/><W57/><G128/><T74/><D74/><U82/><E82/><V5/><F38/><N who="1" m="14953" /><E16/><V72/><F72/><W73/><G127/><T69/><REACH who="0" step="1"/><D60/><REACH who="0" ten="240,250,250,250" step="2"/><U11/><E11/><V115/><F115/><W6/><G61/><T35/><D35/><U77/><E77/><V39/><F25/><W54/><G79/><T66/><D66/><U42/><E114/><V44/><F65/><W15/><G73/><T43/><D43/><N who="1" m="16427" /><E131/><V52/><REACH who="2" step="1"/><F5/><REACH who="2" ten="240,250,240,250" step="2"/><W105/><G6/><T49/><D49/><U19/><E62/><V89/><F89/><W101/><G63/><T7/><D7/><U95/><E133/><V32/><F32/><W21/><G134/><T135/><D135/><U8/><E132/><V110/><F110/><W75/><G64/><T46/><D46/><U10/><E45/><V29/><F29/><AGARI ba="0,2" hai="20,26,29,68,69,71,99,103,107,112,113,124,125,126" machi="29" ten="50,4800,0" yaku="1,1,18,1,53,0" doraHai="104" doraHaiUra="129" who="0" fromWho="2" sc="240,68,250,0,240,-48,250,0" /><INIT seed="0,1,0,2,3,24" ten="308,250,192,250" oya="0" hai0="116,105,43,118,7,53,31,44,128,96,79,68,30" hai1="20,69,125,12,132,75,104,129,74,101,47,93,26" hai2="80,90,120,66,57,83,115,32,48,124,85,131,98" hai3="60,55,134,0,56,133,117,114,45,33,8,70,76"/><T94/><D105/><U119/><E119/><V9/><F115/><W52/><G33/><T126/><D68/><U63/><E104/><V73/><F120/><W11/><G76/><T14/><D126/><U10/><E47/><V121/><F121/><W42/><G0/><T106/><D106/><U35/><E35/><V127/><F131/><W59/><G8/><T102/><D128/><U67/><E129/><V65/><F98/><W84/><G84/><T103/><D79/><U58/><E69/><V37/><F37/><N who="3" m="21711" /><G11/><T135/><D135/><N who="3" m="51721" /><G70/><T28/><D53/><U19/><E125/><N who="2" m="48203" /><F32/><W82/><G82/><T15/><D103/><U27/><E132/><V97/><F97/><W16/><G16/><T92/><D92/><U88/><E101/><V110/><F110/><W5/><G5/><T122/><D122/><U89/><E27/><V100/><F100/><W17/><G17/><T111/><D111/><U77/><E77/><N who="2" m="44079" /><F9/><W130/><G130/><T64/><D7/><U6/><REACH who="1" step="1"/><E89/><REACH who="1" ten="308,240,192,250" step="2"/><V49/><F57/><W61/><G117/><T46/><D46/><U36/><E36/><V86/><F86/><AGARI ba="1,1" hai="6,10,12,19,20,26,58,63,67,74,75,86,88,93" machi="86" ten="30,7700,0" yaku="1,1,7,1,54,1,53,1" doraHai="24" doraHaiUra="81" who="1" fromWho="2" sc="308,0,240,90,192,-80,250,0" /><INIT seed="1,0,0,1,3,41" ten="308,330,112,250" oya="1" hai0="84,131,48,29,135,130,57,123,12,95,92,128,45" hai1="37,91,110,42,35,43,74,133,71,58,54,73,27" hai2="70,10,50,21,121,132,76,98,68,6,109,86,25" hai3="94,5,18,34,82,66,62,100,124,0,102,83,65"/><U63/><E35/><V46/><F121/><W101/><G34/><T39/><D135/><U122/><E122/><V69/><F109/><W104/><G104/><T38/><D123/><U119/><E119/><V96/><F132/><W60/><G0/><T89/><D29/><U15/><E133/><V106/><F106/><W22/><G5/><T36/><D12/><U2/><E2/><V126/><F126/><W17/><G94/><N who="0" m="54567" /><D57/><U40/><E110/><V1/><F76/><W93/><G93/><T7/><D7/><U79/><E79/><V105/><F86/><W51/><G51/><T26/><D26/><U77/><E77/><V112/><F112/><W11/><G124/><T88/><D88/><U75/><E27/><V44/><F50/><W56/><G11/><T14/><D14/><U97/><E71/><V55/><F55/><AGARI ba="0,0" hai="36,38,39,45,48,55,92,95,128,130,131" m="54567" machi="55" ten="40,2600,0" yaku="19,1,52,1" doraHai="41" who="0" fromWho="2" sc="308,26,330,0,112,-26,250,0" /><INIT seed="2,0,0,4,3,36" ten="334,330,86,250" oya="2" hai0="113,17,119,93,14,34,105,3,82,61,111,80,12" hai1="24,125,108,110,124,103,96,81,112,83,123,51,18" hai2="72,15,95,75,13,128,106,102,84,133,32,77,41" hai3="20,134,129,64,90,42,52,116,71,53,38,55,130"/><V8/><F32/><W54/><G90/><T26/><D113/><U118/><E51/><V87/><F133/><W135/><G20/><T73/><D105/><N who="1" m="63719" /><E24/><V66/><F66/><W4/><G4/><T43/><D3/><U63/><E63/><V23/><F128/><N who="3" m="49259" /><G116/><T59/><D119/><U70/><E70/><V47/><F23/><W9/><G9/><T21/><D111/><N who="1" m="42539" /><E18/><V76/><F106/><W40/><N who="3" m="13312" /><DORA hai="92" /><W85/><G85/><N who="2" m="32841" /><F72/><W35/><G35/><T91/><D43/><N who="3" m="16425" /><G38/><T88/><D73/><U62/><E118/><V10/><F75/><W89/><G89/><N who="0" m="34379" /><D93/><U6/><E6/><N who="2" m="3223" /><F10/><W0/><G0/><T100/><D100/><U58/><E83/><N who="0" m="31785" /><D34/><U25/><E81/><V11/><F11/><W56/><G56/><T45/><D45/><U19/><E58/><V101/><F101/><W120/><G120/><T126/><D59/><U68/><E123/><V29/><F15/><W79/><G79/><T97/><D14/><U16/><E25/><V122/><F122/><W49/><G49/><T60/><D12/><U114/><E19/><V44/><F29/><W65/><G71/><T69/><D69/><U109/><E16/><V67/><F67/><AGARI ba="0,0" hai="64,65,67,134,135" m="16425,13312,49259" machi="67" ten="50,16000,3" yaku="28,2,19,1,34,2,52,3,54,1" doraHai="36,92" who="3" fromWho="2" sc="334,0,330,0,86,-160,250,160" owari="334,13.4,330,-7.0,-74,-57.4,410,51.0" /></mjloggm>