<mjloggm ver="2.3"><GO type="225" lobby="0"/><UN n0="%6D%75%75%6D%75%72%61" n1="%E5%B8%86%E7%AB%8B%E5%A4%8F%E8%A1%A3" n2="%E3%81%9F%E3%81%8C%E3%82%84%E3%81%99" n3="%73%6C%69%63%6B%33%31%39" dan="17,17,16,17" rate="2227.12,2155.56,2126.31,2200.72" sx="F,M,M,M"/><TAIKYOKU oya="0"/><INIT seed="0,0,0,0,4,34" ten="250,250,250,250" oya="0" hai0="67,1,37,129,123,33,11,26,18,17,60,3,115" hai1="20,104,133,55,35,75,132,61,84,91,36,93,85" hai2="8,30,78,58,77,89,101,117,46,31,56,88,6" hai3="112,52,74,59,131,53,105,83,13,16,71,120,63"/><T128/><D37/><U12/><E35/><V7/><F101/><W29/><G112/><T81/><D115/><U68/><E36/><V54/><F117/><W100/><G71/><T119/><D119/><U108/><E75/><V62/><F46/><W107/><G29/><N who="0" m="19639" /><D123/><U102/><E108/><V2/><F6/><W127/><G120/><T27/><D81/><U42/><E42/><V98/><F30/><W116/><G116/><T135/><D27/><U90/><E104/><V96/><F31/><W57/><G131/><N who="0" m="50251" /><D135/><U32/><E32/><V43/><F43/><W126/><G83/><T92/><D92/><U15/><E68/><V94/><F56/><W4/><G4/><N who="0" m="1423" /><D3/><U109/><E93/><AGARI ba="0,0" hai="2,7,8,54,58,62,77,78,88,89,93,94,96,98" machi="93" ten="40,5200,0" yaku="9,1,52,1,54,1" doraHai="34" who="2" fromWho="1" sc="250,0,250,-52,250,52,250,0" /><INIT seed="1,0,0,1,0,5" ten="250,198,302,250" oya="1" hai0="71,86,126,26,124,48,61,38,78,60,111,27,96" hai1="95,55,10,80,29,98,109,17,62,108,47,22,92" hai2="31,110,18,68,4,84,63,33,134,82,100,37,23" hai3="28,65,67,44,133,123,101,131,56,8,77,97,58"/><U122/><E122/><V7/><F37/><W104/><G123/><T66/><D38/><U73/><E29/><V125/><F100/><W3/><G77/><T9/><D111/><N who="1" m="42571" /><E73/><V135/><F31/><W36/><G28/><T107/><D61/><U35/><E35/><V0/><F33/><W79/><G79/><T83/><D48/><N who="1" m="29087" /><E80/><V24/><F125/><W53/><G131/><T1/><D107/><U85/><E85/><V39/><F39/><W50/><G133/><N who="2" m="50697" /><F0/><W54/><G36/><T130/><D130/><U69/><E98/><V76/><F110/><W59/><REACH who="3" step="1"/><G54/><REACH who="3" ten="250,198,302,240" step="2"/><T51/><D78/><U13/><E22/><V114/><F23/><W102/><G102/><T118/><D124/><U93/><E93/><V89/><F76/><W116/><G116/><T52/><D118/><U43/><E43/><V12/><F82/><W46/><G46/><T21/><D126/><U105/><E105/><V2/><F89/><W16/><G16/><T19/><D83/><U132/><E132/><V14/><F18/><W103/><G103/><T34/><D19/><U72/><E72/><V15/><F4/><AGARI ba="0,1" hai="3,4,8,44,50,53,56,58,59,65,67,97,101,104" machi="4" ten="40,2600,0" yaku="1,1,52,1,53,0" doraHai="5" doraHaiUra="117" who="3" fromWho="2" sc="250,0,198,0,302,-26,240,36" /><INIT seed="2,0,0,1,1,30" ten="250,198,276,276" oya="2" hai0="49,4,101,88,51,39,66,7,109,9,21,129,106" hai1="95,103,127,71,86,99,44,5,121,91,50,12,126" hai2="56,52,119,124,41,10,134,8,125,27,37,62,15" hai3="93,81,83,47,54,42,60,128,112,123,65,120,72"/><V53/><F37/><W16/><G128/><T43/><D129/><U82/><E71/><V18/><F41/><W64/><G112/><T57/><D109/><U130/><E130/><V20/><F119/><W1/><G1/><T26/><D106/><U115/><E115/><V104/><F104/><W58/><G93/><T11/><D101/><U0/><E0/><V29/><F134/><W132/><G132/><T59/><D39/><U108/><E108/><V85/><F85/><W78/><G81/><T19/><D66/><U63/><E63/><V74/><F74/><W122/><REACH who="3" step="1"/><G16/><REACH who="3" ten="250,198,276,266" step="2"/><T38/><D19/><U46/><E121/><V113/><F113/><W92/><G92/><T79/><D4/><U69/><E69/><V94/><F94/><W48/><AGARI ba="0,1" hai="42,47,48,54,58,60,64,65,72,78,83,120,122,123" machi="48" ten="30,2000,0" yaku="1,1,0,1,53,0" doraHai="30" doraHaiUra="31" who="3" fromWho="3" sc="250,-5,198,-5,276,-10,266,30" /><INIT seed="3,0,0,0,3,114" ten="245,193,266,296" oya="3" hai0="30,31,41,46,89,36,74,112,19,23,110,34,123" hai1="12,2,69,101,91,8,125,37,28,76,120,133,15" hai2="51,106,48,65,58,115,57,127,71,29,21,78,60" hai3="27,32,49,111,130,6,70,109,1,7,103,25,22"/><W35/><G130/><T93/><D110/><N who="3" m="41993" /><G70/><T88/><D123/><U100/><E120/><V9/><F106/><W98/><G49/><T102/><D34/><N who="3" m="12841" /><G1/><T94/><D74/><U67/><E125/><V135/><F51/><W75/><G75/><T13/><D102/><N who="1" m="39531" /><E133/><V105/><F48/><W11/><G11/><T66/><D66/><U16/><E76/><V132/><F65/><W73/><G73/><T10/><D112/><U26/><E37/><V124/><F78/><W85/><G85/><T126/><D126/><U20/><E69/><V72/><F9/><W33/><G33/><T84/><REACH who="0" step="1"/><D10/><REACH who="0" ten="235,193,266,296" step="2"/><N who="1" m="6167" /><E67/><V56/><F72/><W42/><G42/><T104/><D104/><U77/><E77/><V90/><F105/><N who="3" m="63735" /><G27/><T55/><D55/><U4/><E2/><V52/><F127/><W59/><G59/><T99/><AGARI ba="0,1" hai="13,19,23,30,31,36,41,46,84,88,89,93,94,99" machi="99" ten="20,8000,1" yaku="1,1,0,1,7,1,54,1,53,1" doraHai="114" doraHaiUra="14" who="0" fromWho="0" sc="235,90,193,-20,266,-20,296,-40" owari="325,42.5,173,-32.7,246,-15.4,256,5.6" /></mjloggm>