<mjloggm ver="2.3"><GO type="225" lobby="0"/><UN n0="%E3%81%A8%E3%82%93%E3%81%A8%E3%81%93%E3%81%A8%E3%82%93" n1="%E3%81%AF%E3%82%88%E3%81%8A%E3%81%98%E3%81%95%E3%82%93" n2="%E3%82%A2%E3%82%A4%E3%82%B9%E3%83%86%E3%82%A3%E3%83%BC%E3%81%82%E3%81%B9" n3="%E3%81%86%E3%82%8C%E3%81%9F%E3%82%93%E6%9E%95" dan="16,17,16,16" rate="2118.71,2157.60,2117.57,2106.91" sx="F,M,M,F"/><TAIKYOKU oya="0"/><INIT seed="0,0,0,1,4,53" ten="250,250,250,250" oya="0" hai0="127,89,74,11,135,7,56,31,95,1,126,52,96" hai1="104,111,40,69,36,63,84,79,14,125,21,78,77" hai2="6,29,108,100,39,51,33,101,107,66,88,47,112" hai3="118,122,22,23,19,38,106,110,67,18,54,65,10"/><T59/><D135/><U62/><E104/><V49/><F108/><W129/><G118/><T133/><D133/><U34/><E34/><V113/><F6/><W41/><G110/><T131/><D131/><U73/><E111/><V58/><F39/><W134/><G134/><T81/><D31/><U64/><E73/><V2/><F2/><W28/><G122/><T80/><D59/><U109/><E109/><V119/><F107/><W99/><G28/><T44/><D44/><U35/><E35/><V55/><F119/><W26/><G10/><T9/><D11/><U13/><E125/><N who="0" m="47625" /><D74/><U116/><E116/><V17/><F29/><W25/><G129/><T0/><D1/><U45/><E21/><V86/><F33/><W98/><G54/><T92/><D95/><U105/><E105/><V102/><F17/><W46/><REACH who="3" step="1"/><G106/><REACH who="3" ten="250,250,250,240" step="2"/><T60/><AGARI ba="0,1" hai="0,7,9,52,56,60,80,81,89,92,96" m="47625" machi="60" ten="30,6000,0" yaku="18,1,52,1,54,1" doraHai="53" who="0" fromWho="0" sc="250,70,250,-20,250,-20,240,-20" /><INIT seed="0,1,0,5,3,51" ten="320,230,230,220" oya="0" hai0="61,100,135,35,11,37,4,93,133,80,112,124,73" hai1="116,10,85,12,49,111,62,75,5,81,58,17,57" hai2="13,43,33,87,97,84,42,20,89,72,3,59,45" hai3="129,108,90,64,21,92,118,52,53,25,69,96,134"/><T123/><D112/><U125/><E116/><V16/><F72/><W36/><G118/><T83/><D123/><U126/><E111/><V79/><F33/><W117/><G117/><T76/><D35/><U70/><E75/><V99/><F3/><W67/><G36/><T98/><D124/><N who="1" m="47723" /><E49/><V128/><F128/><W55/><G129/><T46/><D83/><U48/><E48/><N who="2" m="26679" /><F43/><W38/><G38/><T82/><D61/><U113/><E113/><V68/><F68/><W94/><G134/><N who="0" m="51211" /><D82/><U34/><E34/><V101/><F59/><W60/><G67/><T106/><D37/><U127/><N who="1" m="47731" /><U30/><DORA hai="86" /><E30/><V7/><F7/><W120/><G120/><T24/><D46/><U95/><E95/><N who="2" m="58559" /><F79/><W14/><G94/><AGARI ba="1,0" hai="13,16,20,84,87,89,94,99" m="58559,26679" machi="94" ten="30,3900,0" yaku="8,1,52,1,54,1" doraHai="51,86" who="2" fromWho="3" sc="320,0,230,0,230,42,220,-42" /><INIT seed="1,0,0,1,2,1" ten="320,230,272,178" oya="1" hai0="102,116,9,133,0,12,91,18,11,90,128,14,112" hai1="118,31,97,83,6,17,122,84,27,33,121,66,22" hai2="51,86,28,65,103,119,100,77,35,85,131,127,75" hai3="54,120,98,49,5,34,55,64,107,15,25,42,50"/><U3/><E118/><V110/><F110/><W99/><G120/><T108/><D112/><U56/><E97/><V30/><F119/><W89/><G64/><T23/><D116/><U32/><E32/><V24/><F75/><W4/><G42/><T82/><D128/><U78/><E66/><V129/><F65/><W37/><G37/><T123/><D133/><U81/><E56/><V130/><F127/><W111/><G111/><T71/><D71/><U57/><E57/><V60/><F60/><W21/><G34/><T19/><D108/><U95/><E95/><V8/><F30/><N who="3" m="17711" /><G107/><T73/><D102/><N who="2" m="38954" /><F77/><W109/><G15/><T132/><D132/><U76/><E33/><V134/><F134/><W26/><G26/><T36/><D36/><U94/><E31/><V117/><F117/><W105/><G105/><T63/><D123/><U43/><E43/><V39/><F39/><W16/><G16/><T115/><D115/><U72/><E121/><V114/><F114/><W80/><G109/><T92/><D0/><U69/><E69/><V87/><F8/><W48/><G99/><N who="0" m="57751" /><D73/><U101/><E122/><V125/><F125/><W61/><G61/><T70/><D70/><U93/><E101/><V2/><F2/><W113/><G113/><T88/><D63/><U79/><E78/><V53/><F87/><N who="3" m="50407" /><G98/><T124/><D124/><U59/><E3/><V62/><F62/><W20/><G20/><N who="0" m="11335" /><D91/><U126/><E126/><V13/><F13/><W68/><G68/><T74/><D74/><U44/><E72/><V47/><AGARI ba="0,0" hai="24,28,35,47,51,53,85,86,129,130,131" m="38954" machi="47" ten="40,1500,0" yaku="19,1" doraHai="1" who="2" fromWho="2" sc="320,-4,230,-7,272,15,178,-4" /><INIT seed="2,0,0,5,0,21" ten="316,223,287,174" oya="2" hai0="108,17,0,68,113,130,6,4,49,5,101,15,102" hai1="92,86,76,43,9,117,123,64,88,10,27,14,57" hai2="134,87,112,35,63,107,85,131,115,61,12,99,45" hai3="69,59,124,82,116,13,97,46,48,95,132,91,24"/><V72/><F72/><W36/><G116/><T122/><D0/><U105/><E117/><V96/><F35/><W51/><G132/><T121/><D113/><U80/><E105/><V127/><F45/><W11/><G124/><T81/><D68/><U89/><E123/><V126/><F12/><W83/><G69/><T28/><D108/><U75/><E43/><V128/><REACH who="2" step="1"/><F107/><REACH who="2" ten="316,223,277,174" step="2"/><W18/><G36/><T50/><D15/><U111/><E75/><V119/><F119/><W37/><G37/><T30/><D121/><U29/><E14/><V56/><F56/><W53/><REACH who="3" step="1"/><G24/><REACH who="3" ten="316,223,277,164" step="2"/><T120/><D122/><U7/><E27/><V42/><F42/><AGARI ba="0,2" hai="11,13,18,42,46,48,51,53,59,82,83,91,95,97" machi="42" ten="30,7700,0" yaku="1,1,2,1,7,1,8,1,53,0" doraHai="21" doraHaiUra="19" who="3" fromWho="2" sc="316,0,223,0,277,-77,164,97" /><INIT seed="3,0,0,0,2,106" ten="316,223,200,261" oya="3" hai0="129,32,95,81,80,41,67,90,47,94,30,92,36" hai1="18,54,74,35,97,79,3,105,91,53,12,64,0" hai2="121,78,31,43,44,88,2,65,86,118,9,10,37" hai3="126,135,110,117,56,132,62,42,6,52,133,125,49"/><W39/><G6/><T28/><D129/><U89/><E35/><V107/><F118/><W134/><N who="3" m="33792" /><DORA hai="15" /><W14/><G14/><T103/><D103/><U128/><E64/><V101/><F121/><W131/><G117/><T19/><D67/><U119/><E119/><V60/><F78/><W17/><G17/><T104/><D104/><U77/><E128/><V112/><F112/><W66/><G131/><T115/><D115/><U116/><E116/><V8/><F31/><W113/><G110/><T84/><D32/><U24/><E24/><V98/><F2/><W68/><G113/><T75/><REACH who="0" step="1"/><D19/><REACH who="0" ten="306,223,200,261" step="2"/><U72/><E18/><V25/><F25/><W63/><G126/><T22/><D22/><U71/><E105/><V48/><F37/><W45/><G125/><T69/><D69/><U50/><E71/><V102/><F101/><W130/><G130/><T124/><D124/><U38/><E38/><AGARI ba="0,1" hai="38,39,42,45,49,52,56,62,63,66,68" m="33792" machi="38" ten="70,12000,1" yaku="20,1,34,3,54,1" doraHai="106,15" who="3" fromWho="1" sc="306,0,223,-120,200,0,261,130" owari="306,10.6,103,-39.7,200,-20.0,391,49.1" /></mjloggm>