<mjloggm ver="2.3"><GO type="225" lobby="0"/><UN n0="%4B%2E%32%2E%4B%2E" n1="%E6%B4%BE%E9%81%A3%E3%81%AE%E3%82%B8%E3%83%A3%E3%83%83%E3%82%AF" n2="%E3%81%8B%E3%82%8F%E3%81%A1%E3%82%83%E3%82%93%35%38" n3="%E9%BB%99%E8%81%B4%E3%81%AE%E3%81%99%E3%82%9D%E3%82%81" dan="17,17,16,16" rate="2192.19,2190.55,2160.34,2138.81" sx="M,M,M,M"/><TAIKYOKU oya="0"/><INIT seed="0,0,0,0,2,39" ten="250,250,250,250" oya="0" hai0="101,23,34,92,7,44,47,50,10,58,65,48,30" hai1="59,33,93,77,119,115,27,1,42,9,132,16,22" hai2="5,69,31,49,63,67,20,6,73,64,128,120,46" hai3="110,79,106,3,124,53,51,17,36,113,117,72,37"/><T12/><D34/><U78/><E119/><V114/><F120/><W104/><G79/><T80/><D80/><U82/><E132/><V127/><F114/><W19/><G51/><N who="0" m="19499" /><D30/><U133/><E133/><V81/><F127/><W52/><G3/><T116/><D23/><U90/><E115/><V122/><F122/><W26/><G26/><T0/><D0/><U89/><E59/><V15/><F128/><W109/><G72/><T74/><D74/><U91/><E33/><V55/><F67/><W103/><G103/><T21/><D21/><U18/><E42/><V131/><F131/><W100/><G100/><T98/><D116/><U60/><E60/><AGARI ba="0,0" hai="7,10,12,44,47,58,60,65,92,98,101" m="19499" machi="60" ten="30,1500,0" yaku="8,1" doraHai="39" who="0" fromWho="1" sc="250,15,250,-15,250,0,250,0" /><INIT seed="0,1,0,1,3,67" ten="265,235,250,250" oya="0" hai0="114,20,87,93,80,116,134,32,57,131,73,21,49" hai1="28,47,100,54,50,18,12,68,107,99,53,81,22" hai2="23,130,9,43,3,41,2,84,1,92,11,58,26" hai3="103,98,123,55,88,45,94,16,132,128,17,118,112"/><T24/><D114/><U59/><E28/><V115/><F115/><W72/><G118/><T77/><D116/><U104/><E81/><V124/><F124/><W40/><G72/><T74/><D131/><U30/><E30/><V5/><F130/><W56/><G112/><T126/><D126/><U29/><E29/><V52/><F84/><W78/><G78/><T96/><D32/><U10/><E68/><V101/><F101/><W97/><G132/><T31/><D134/><U8/><REACH who="1" step="1"/><E107/><REACH who="1" ten="265,225,250,250" step="2"/><V6/><F92/><N who="3" m="56455" /><G128/><T63/><D74/><U25/><E25/><V33/><F33/><W106/><G106/><T117/><D73/><U37/><E37/><V89/><F89/><W66/><G123/><T27/><D27/><U82/><E82/><V38/><F38/><W76/><G76/><T120/><D120/><U119/><E119/><V70/><F70/><W86/><G94/><T65/><D117/><U36/><E36/><V35/><F35/><W79/><G79/><T127/><D127/><U19/><E19/><V125/><F125/><W122/><G16/><T83/><D80/><U91/><E91/><V135/><F135/><W34/><G17/><T62/><D31/><U13/><E13/><V85/><F1/><W133/><G133/><T111/><D24/><U102/><E102/><V14/><F2/><W75/><G122/><T0/><D0/><U71/><E71/><V48/><F85/><W15/><G86/><T4/><D87/><U110/><E110/><V109/><F109/><W51/><G34/><T44/><D111/><U121/><E121/><V46/><F3/><RYUUKYOKU ba="1,1" sc="265,-10,225,30,250,-10,250,-10" hai1="8,10,12,18,22,47,50,53,54,59,99,100,104" /><INIT seed="1,2,1,2,2,14" ten="255,255,240,240" oya="1" hai0="42,31,125,71,110,62,60,27,93,49,97,80,22" hai1="127,135,7,8,35,34,114,2,70,17,133,39,36" hai2="58,3,77,105,0,109,100,79,111,33,117,54,121" hai3="120,81,44,94,85,91,63,56,115,99,75,40,13"/><U124/><E70/><V26/><F117/><W123/><G75/><T103/><D110/><N who="2" m="41994" /><F121/><W95/><G115/><T55/><D125/><N who="1" m="48203" /><E114/><V10/><F10/><W132/><G132/><N who="1" m="50762" /><E17/><V50/><F100/><W19/><G123/><T131/><D71/><U76/><E76/><N who="2" m="29259" /><F105/><W118/><G118/><T86/><D103/><U24/><E24/><V1/><F33/><AGARI ba="2,1" hai="2,7,8,33,34,35,36,39" m="50762,48203" machi="33" ten="40,7700,0" yaku="18,1,20,1,23,1" doraHai="14" who="1" fromWho="2" sc="255,0,255,93,240,-83,240,0" /><INIT seed="1,3,0,3,1,106" ten="255,348,157,240" oya="1" hai0="6,114,49,129,23,19,58,113,78,117,3,33,39" hai1="104,35,22,27,25,135,20,46,132,12,5,2,9" hai2="131,63,102,123,47,14,76,68,86,40,98,30,72" hai3="75,59,36,109,101,43,52,126,103,45,77,48,90"/><U122/><E104/><V62/><F123/><W89/><G109/><T130/><D117/><U128/><E46/><V108/><F131/><N who="0" m="50186" /><D39/><U1/><E128/><V66/><F108/><W115/><G115/><T112/><D78/><U10/><E122/><V60/><F30/><W64/><G126/><T57/><D33/><U87/><E87/><V0/><F86/><W18/><G64/><T41/><D6/><U96/><E96/><V118/><F14/><W69/><G69/><T4/><D4/><U21/><E35/><V94/><F0/><N who="1" m="105" /><E9/><V38/><REACH who="2" step="1"/><F118/><REACH who="2" ten="255,348,147,240" step="2"/><W61/><G36/><T120/><D3/><U17/><E5/><V11/><F11/><W95/><G18/><T26/><D120/><U80/><E80/><AGARI ba="3,1" hai="38,40,47,60,62,63,66,68,72,76,80,94,98,102" machi="80" ten="40,2600,0" yaku="1,1,52,1,53,0" doraHai="106" doraHaiUra="24" who="2" fromWho="1" sc="255,0,348,-35,147,45,240,0" /><INIT seed="2,0,0,5,1,132" ten="255,313,192,240" oya="2" hai0="106,112,18,68,40,127,133,110,12,76,28,5,125" hai1="58,49,88,38,83,26,54,36,93,55,104,95,65" hai2="60,96,123,73,69,10,118,87,113,84,20,134,16" hai3="126,50,48,108,52,42,70,109,121,64,34,45,111"/><V8/><F118/><W67/><G34/><T129/><D112/><U24/><E104/><V128/><F113/><W17/><G121/><T131/><D133/><U21/><E65/><N who="3" m="25162" /><G17/><T72/><D68/><U19/><E26/><N who="2" m="14599" /><F73/><W56/><G70/><T80/><D110/><U91/><E83/><V102/><F69/><W105/><G105/><T11/><D106/><U77/><E77/><V51/><F123/><W115/><G115/><T31/><D40/><U46/><E93/><N who="2" m="58639" /><F134/><W103/><G103/><T3/><D31/><U15/><E24/><V99/><F128/><N who="0" m="49226" /><D28/><U79/><E79/><V29/><F29/><W33/><G33/><T62/><D62/><U86/><E91/><V22/><F22/><AGARI ba="0,0" hai="3,5,11,12,18,22,72,76,80,125,127" m="49226" machi="22" ten="30,3900,0" yaku="19,1,52,2" doraHai="132" who="0" fromWho="2" sc="255,39,313,0,192,-39,240,0" /><INIT seed="3,0,0,4,1,72" ten="294,313,153,240" oya="3" hai0="55,30,89,36,125,67,106,80,43,91,12,94,11" hai1="111,71,84,132,63,7,3,120,10,6,118,58,56" hai2="131,5,109,65,90,100,76,15,37,119,62,17,108" hai3="46,66,20,47,77,88,134,35,25,110,113,34,69"/><W116/><G113/><T27/><D106/><U115/><E120/><V68/><F5/><W31/><G116/><T101/><D67/><U1/><E115/><V29/><F29/><W4/><G134/><T28/><D36/><U87/><E132/><V32/><F32/><W23/><G110/><N who="2" m="42601" /><F15/><W96/><G4/><T41/><D125/><U51/><E111/><V61/><F17/><W38/><G69/><T82/><D55/><U26/><E26/><V83/><F119/><W13/><G66/><T95/><D101/><U21/><E21/><V33/><F33/><W16/><G38/><T39/><D39/><U135/><E135/><V52/><F37/><W105/><G35/><T79/><D79/><U2/><E118/><V73/><F100/><W44/><G34/><T121/><D27/><U24/><E24/><V103/><F103/><W126/><G126/><T85/><D12/><U114/><E114/><V93/><F131/><W129/><G129/><T22/><D22/><U127/><E127/><V130/><F130/><W54/><G105/><T45/><D11/><U14/><E7/><V117/><F117/><W49/><G77/><T92/><D45/><U112/><E112/><V8/><F8/><W48/><G48/><T124/><D124/><U133/><E133/><V40/><F40/><N who="0" m="15434" /><D121/><U128/><E128/><V50/><F62/><W102/><G102/><T57/><D80/><U78/><E78/><V86/><F50/><W122/><G122/><T0/><D0/><U98/><E51/><V64/><F64/><W75/><G49/><T123/><D123/><U9/><E3/><RYUUKYOKU ba="0,0" sc="294,-10,313,-10,153,30,240,-10" hai2="52,61,65,68,73,76,83,86,90,93" owari="284,8.4,303,40.3,183,-31.7,230,-17.0" /></mjloggm>