<mjloggm ver="2.3"><GO type="225" lobby="0"/><UN n0="%54%4F%52" n1="%E3%81%86%E3%81%A3%E3%81%97%E3%83%BC%30%30" n2="%73%61%6E%64%69%72%69%73" n3="%E8%B1%86%59%E5%A4%AA%E9%83%8E" dan="17,16,16,16" rate="2242.09,2136.15,2136.89,2066.29" sx="M,M,M,M"/><TAIKYOKU oya="0"/><INIT seed="0,0,0,4,5,91" ten="250,250,250,250" oya="0" hai0="47,42,4,27,40,71,110,102,52,11,90,125,100" hai1="92,28,10,98,33,127,14,105,87,1,108,129,130" hai2="6,60,13,132,59,94,97,115,43,119,48,58,79" hai3="80,5,83,93,7,24,106,75,53,55,112,3,73"/><T25/><D71/><U18/><E108/><V82/><F132/><W103/><G24/><T26/><D110/><U49/><E127/><V113/><F119/><W81/><G3/><T117/><D117/><U128/><E1/><V16/><F6/><N who="3" m="2059" /><G106/><T124/><D90/><N who="1" m="53343" /><E49/><V70/><F70/><W61/><G61/><T76/><D76/><U66/><E66/><V116/><F116/><W37/><G37/><T8/><D4/><U46/><E46/><N who="2" m="25695" /><F115/><W44/><G44/><T15/><D47/><U123/><E123/><V31/><F31/><W86/><G112/><T63/><D27/><N who="1" m="18591" /><E98/><V45/><F45/><W50/><G50/><T17/><D15/><U12/><E12/><V56/><F113/><W41/><G41/><T54/><REACH who="0" step="1"/><D17/><REACH who="0" ten="240,250,250,250" step="2"/><U39/><E18/><V84/><F13/><W96/><G75/><T131/><D131/><U2/><E14/><V133/><F16/><W89/><G73/><T104/><D104/><U72/><E105/><V109/><F109/><W122/><G122/><T65/><D65/><U19/><E19/><V69/><F69/><W85/><G81/><T22/><D22/><U32/><E72/><V78/><F78/><AGARI ba="0,1" hai="53,55,78,80,83,85,86,89,93,96,103" m="2059" machi="78" ten="30,2000,0" yaku="8,1,52,1" doraHai="91" who="3" fromWho="2" sc="240,0,250,0,250,-20,250,30" /><INIT seed="1,0,0,5,5,14" ten="240,250,230,280" oya="1" hai0="107,113,94,58,9,36,27,15,81,117,109,135,124" hai1="87,123,18,95,126,75,50,63,38,83,40,131,45" hai2="86,96,56,24,62,23,122,1,26,33,21,19,84" hai3="110,105,120,104,53,91,97,133,115,93,125,11,49"/><U0/><E123/><V64/><F122/><W119/><G115/><T32/><D107/><U121/><E121/><V100/><F1/><W16/><G119/><T41/><D117/><U8/><E131/><V82/><F33/><W30/><G125/><T128/><D113/><U77/><E126/><V65/><F65/><W34/><G133/><T114/><D114/><U69/><BYE who="0" /><E50/><V61/><F61/><W89/><G110/><T102/><D102/><U7/><E18/><N who="2" m="12343" /><F82/><W46/><G120/><T39/><D39/><U57/><E69/><V112/><F112/><W37/><G37/><T76/><D76/><U4/><E4/><V118/><F118/><W70/><G70/><T59/><D59/><U60/><REACH who="1" step="1"/><E57/><REACH who="1" ten="240,240,230,280" step="2"/><V116/><F116/><W134/><G134/><T5/><D5/><U92/><E92/><AGARI ba="0,1" hai="19,23,26,56,62,64,84,86,92,96,100" m="12343" machi="92" ten="30,3900,0" yaku="8,1,52,2" doraHai="14" who="2" fromWho="1" sc="240,0,240,-39,230,49,280,0" /><INIT seed="2,0,0,4,0,50" ten="240,201,279,280" oya="2" hai0="13,89,122,65,7,19,69,114,85,49,81,94,56" hai1="119,110,46,26,123,68,128,44,98,14,79,72,4" hai2="42,47,1,104,100,62,108,43,129,64,120,20,38" hai3="51,16,29,99,109,55,80,32,107,11,103,96,27"/><V52/><F120/><W127/><G109/><T39/><D39/><U118/><E68/><UN n0="%54%4F%52" /><V53/><F1/><W113/><G127/><T70/><D114/><U74/><E110/><V88/><F108/><W57/><G113/><T45/><D122/><U121/><E26/><V63/><F104/><W48/><G96/><T132/><D132/><U40/><E14/><V8/><F100/><W24/><G80/><T41/><D7/><U5/><E98/><V30/><F129/><W116/><G116/><T12/><D12/><U36/><E36/><V0/><F43/><W61/><G11/><T78/><D56/><U10/><E10/><V130/><F130/><W133/><G133/><T92/><D65/><U34/><E40/><V75/><F75/><W117/><G117/><T84/><REACH who="0" step="1"/><D94/><REACH who="0" ten="230,201,279,280" step="2"/><U6/><E128/><V37/><F37/><W87/><G107/><T17/><D17/><U126/><E4/><V28/><F64/><W95/><G16/><T58/><D58/><U131/><E131/><V35/><F38/><W71/><G71/><T3/><D3/><U2/><E2/><V18/><F18/><W134/><G134/><T82/><D82/><U112/><E112/><V83/><F83/><W23/><G27/><T105/><D105/><U124/><REACH who="1" step="1"/><E34/><REACH who="1" ten="230,191,279,280" step="2"/><V93/><F35/><W86/><G32/><T101/><D101/><U90/><E90/><V21/><F88/><W9/><G9/><AGARI ba="0,2" hai="9,13,19,41,45,49,69,70,78,81,84,85,89,92" machi="9" ten="30,2000,0" yaku="1,1,7,1,53,0" doraHai="50" doraHaiUra="135" who="0" fromWho="3" sc="230,40,191,0,279,0,280,-20" /><INIT seed="3,0,0,2,5,25" ten="270,191,279,260" oya="3" hai0="64,107,76,1,5,110,87,46,84,8,11,16,124" hai1="37,71,100,47,29,10,135,133,69,17,132,52,15" hai2="27,14,44,134,91,12,49,121,120,65,20,77,6" hai3="102,66,67,72,105,59,45,53,83,68,122,39,131"/><W108/><G102/><T86/><D107/><U113/><E113/><V98/><F77/><W48/><G105/><T24/><D110/><U80/><E100/><V19/><F65/><W60/><G83/><T41/><D124/><U61/><E80/><V7/><F91/><W101/><G101/><T127/><D127/><U70/><E37/><V38/><F98/><W129/><G72/><T109/><D109/><U26/><E47/><V97/><F97/><W0/><G0/><T82/><D64/><U93/><E93/><V32/><F38/><W33/><G33/><T31/><D11/><U43/><E43/><V104/><F104/><W88/><G88/><T13/><D1/><U114/><E114/><V56/><F56/><W117/><G108/><T57/><D57/><N who="1" m="34983" /><E71/><V74/><F74/><W130/><G122/><T23/><D5/><U123/><E123/><V99/><F121/><W22/><G22/><AGARI ba="0,0" hai="10,15,17,22,26,29,69,70,132,133,135" m="34983" machi="22" ten="30,3900,0" yaku="20,1,52,1,54,1" doraHai="25" who="1" fromWho="3" sc="270,0,191,39,279,0,260,-39" /><INIT seed="4,0,0,2,4,59" ten="270,230,279,221" oya="0" hai0="66,17,73,108,53,0,85,7,28,50,54,134,68" hai1="126,55,83,100,63,116,133,81,18,48,42,5,52" hai2="8,103,40,125,67,107,110,98,27,69,135,43,10" hai3="14,41,104,38,78,105,31,13,95,80,84,26,72"/><T49/><D73/><U2/><E116/><V1/><F110/><W6/><G38/><T47/><D108/><U115/><E2/><V101/><F135/><W60/><G41/><T131/><D134/><U86/><E5/><V51/><F125/><W32/><G14/><T3/><D131/><U94/><E126/><V36/><F103/><W21/><G72/><T119/><D119/><U129/><E129/><V117/><F117/><W39/><G39/><T130/><D130/><U106/><E106/><V97/><F97/><W74/><G95/><T99/><D28/><U64/><E115/><V71/><F71/><W30/><G74/><T11/><D0/><U46/><E133/><V89/><F89/><W65/><G31/><T124/><D124/><U58/><E18/><V22/><F51/><W15/><G15/><T77/><D17/><U112/><E112/><V90/><F90/><W12/><G12/><T121/><D121/><U62/><E86/><V122/><F122/><W34/><G34/><T45/><D99/><N who="1" m="59511" /><E63/><N who="2" m="40191" /><F36/><W109/><G109/><T33/><D33/><U75/><E75/><V56/><F56/><N who="3" m="36999" /><G32/><T113/><D113/><U123/><E123/><V127/><F127/><W70/><G70/><T82/><D68/><U29/><E29/><N who="2" m="17655" /><F1/><W35/><G35/><T111/><D111/><U61/><E61/><V87/><F87/><W132/><G132/><T57/><D66/><U20/><E20/><V16/><F8/><N who="3" m="4247" /><G105/><T44/><AGARI ba="0,0" hai="3,7,11,44,45,47,49,50,53,54,57,77,82,85" machi="44" ten="20,2100,0" yaku="0,1,7,1" doraHai="59" who="0" fromWho="0" sc="270,21,230,-7,279,-7,221,-7" /><INIT seed="4,1,0,1,1,19" ten="291,223,272,214" oya="0" hai0="8,15,96,16,97,75,59,64,22,109,10,28,94" hai1="24,58,46,12,98,66,11,72,92,50,70,27,38" hai2="44,108,39,62,93,14,86,124,36,88,65,41,120" hai3="9,52,3,49,104,115,33,18,0,17,56,116,34"/><T5/><D75/><U31/><E72/><V114/><F108/><W83/><G116/><T26/><D109/><U69/><E69/><V42/><F120/><W122/><G104/><T123/><D123/><U105/><E105/><V131/><F114/><W57/><G122/><T125/><D125/><U40/><E70/><V77/><F124/><W25/><G83/><T35/><D10/><U128/><E128/><V110/><F131/><W71/><G71/><T130/><D130/><U103/><E31/><V119/><F119/><W95/><G115/><T101/><D96/><U61/><REACH who="1" step="1"/><E38/><REACH who="1" ten="291,213,272,214" step="2"/><V32/><F39/><W100/><G34/><T4/><D35/><U85/><E85/><V133/><F86/><W60/><G33/><T13/><D13/><U74/><E74/><V113/><F36/><W112/><G112/><T80/><D80/><U84/><E84/><V37/><F37/><W55/><G25/><T6/><D28/><U102/><E102/><V99/><F14/><W73/><G73/><T129/><D129/><U54/><E54/><V45/><F32/><W127/><G127/><T82/><D82/><U121/><E121/><V68/><F113/><W135/><G0/><T53/><D64/><U91/><E91/><V79/><F110/><W107/><G100/><T48/><AGARI ba="1,1" hai="4,5,6,8,15,16,22,26,48,53,59,94,97,101" machi="48" ten="20,12000,1" yaku="0,1,7,1,8,1,52,1,54,1" doraHai="19" who="0" fromWho="0" sc="291,133,213,-41,272,-41,214,-41" owari="424,52.4,172,-32.8,231,3.1,173,-22.7" /></mjloggm>