<mjloggm ver="2.3"><GO type="225" lobby="0"/><UN n0="%72%69%6F%75%63%68%61%6E" n1="%E2%91%A3%E9%81%BF%E9%81%8A%E6%88%AF%E3%80%90%E6%9D%B1%E5%8D%97%E3%80%91" n2="%E6%B2%A1%E7%94%B7" n3="%73%69%72%6F%75%74" dan="17,16,16,16" rate="2244.95,2103.99,2096.26,2045.30" sx="M,M,M,M"/><TAIKYOKU oya="0"/><INIT seed="0,0,0,3,4,23" ten="250,250,250,250" oya="0" hai0="37,17,101,74,119,73,11,100,39,0,56,15,128" hai1="97,10,40,125,102,70,68,43,122,111,21,38,41" hai2="49,12,134,103,6,42,104,62,58,105,31,98,129" hai3="90,65,36,16,26,124,94,131,113,69,132,24,27"/><T4/><D119/><U87/><E122/><V112/><F112/><W110/><G113/><T120/><D120/><U71/><E38/><V86/><F134/><W54/><G36/><T61/><D128/><U18/><E10/><V109/><F109/><W88/><G110/><T114/><D114/><U107/><E111/><V106/><F31/><W20/><G132/><T48/><D37/><U108/><E108/><V19/><F6/><W3/><G3/><T76/><D39/><U60/><E87/><V79/><F79/><W33/><G131/><T57/><D48/><U5/><E5/><V99/><F99/><N who="3" m="57799" /><G69/><T77/><D76/><U123/><E123/><V117/><F86/><W80/><G33/><T126/><D126/><U59/><E125/><V14/><F14/><N who="3" m="9239" /><G124/><T81/><D73/><U72/><E72/><V93/><F106/><W92/><G65/><T9/><REACH who="0" step="1"/><D56/><REACH who="0" ten="240,250,250,250" step="2"/><U63/><REACH who="1" step="1"/><E59/><REACH who="1" ten="240,240,250,250" step="2"/><V55/><F129/><W83/><G54/><AGARI ba="0,2" hai="0,4,9,11,15,17,54,57,61,74,77,81,100,101" machi="54" ten="30,11600,0" yaku="1,1,2,1,7,1,53,1" doraHai="23" doraHaiUra="78" who="0" fromWho="3" sc="240,136,240,0,250,0,250,-116" /><INIT seed="0,1,0,5,0,58" ten="376,240,250,134" oya="0" hai0="2,135,23,39,64,109,55,66,119,98,120,16,83" hai1="69,63,30,47,73,113,75,50,5,110,87,70,56" hai2="10,129,65,61,106,46,35,36,31,108,68,96,86" hai3="78,4,114,59,54,17,37,74,22,19,115,103,122"/><T24/><D119/><U128/><E5/><V49/><F108/><W127/><G37/><T97/><D120/><U85/><E30/><V90/><F36/><W26/><G122/><T134/><D2/><U42/><E110/><V13/><F129/><W32/><G127/><T80/><D109/><U52/><E128/><V112/><F112/><W79/><G32/><T94/><D39/><U72/><REACH who="1" step="1"/><E113/><REACH who="1" ten="376,230,250,134" step="2"/><V44/><F31/><W48/><G4/><T99/><D135/><U81/><E81/><N who="0" m="31305" /><D134/><U67/><E67/><N who="0" m="25641" /><D55/><U93/><E93/><AGARI ba="1,1" hai="16,23,24,93,94,97,98,99" m="25641,31305" machi="93" ten="30,2900,0" yaku="8,1,54,1" doraHai="58" who="0" fromWho="1" sc="376,42,230,-32,250,0,134,0" /><INIT seed="0,2,0,2,4,122" ten="418,198,250,134" oya="0" hai0="3,4,116,41,63,91,117,131,77,107,16,80,111" hai1="12,89,76,14,31,106,21,125,132,9,99,5,84" hai2="29,114,45,17,78,90,100,0,86,101,69,58,130" hai3="59,94,128,6,83,39,66,112,25,43,19,62,48"/><T24/><D111/><U27/><E125/><V135/><F69/><W75/><G128/><T124/><D124/><U56/><E132/><V55/><F114/><W13/><G112/><T64/><D131/><U70/><E70/><V82/><F135/><W103/><G39/><T38/><D107/><U120/><E120/><V123/><F123/><W22/><G75/><T88/><D117/><U121/><E121/><V37/><F0/><W40/><G83/><T93/><D116/><U30/><E76/><V42/><F29/><W46/><G6/><T97/><D38/><U109/><E31/><V68/><F130/><W96/><REACH who="3" step="1"/><G25/><REACH who="3" ten="418,198,250,124" step="2"/><T2/><D4/><U57/><E27/><V73/><F82/><W95/><G95/><T23/><D41/><AGARI ba="2,1" hai="13,19,22,40,41,43,46,48,59,62,66,94,96,103" machi="41" ten="30,3900,0" yaku="1,1,7,1,8,1,53,0" doraHai="122" doraHaiUra="74" who="3" fromWho="0" sc="418,-45,198,0,250,0,124,55" /><INIT seed="1,0,0,0,0,82" ten="373,198,250,179" oya="1" hai0="116,46,58,3,79,115,110,118,129,70,27,68,124" hai1="40,88,33,120,99,37,51,111,73,107,80,49,75" hai2="131,53,103,25,20,122,35,24,134,123,127,21,1" hai3="72,114,90,64,117,28,89,81,39,109,95,94,30"/><U18/><E120/><V47/><F103/><W15/><G39/><T22/><D115/><U108/><E33/><V16/><F53/><W36/><G36/><T98/><D3/><U19/><E37/><V42/><F47/><W63/><G114/><T66/><D110/><N who="1" m="42027" /><E107/><V52/><F52/><W56/><G117/><T10/><D68/><U12/><E19/><N who="2" m="12319" /><F42/><W96/><G109/><T126/><D70/><U104/><E104/><V55/><F55/><W71/><G71/><T113/><D113/><U61/><E61/><V45/><F45/><W5/><G81/><T84/><D116/><U31/><E31/><N who="2" m="19951" /><F1/><W7/><G72/><N who="1" m="27722" /><E40/><V43/><F43/><W132/><G132/><T97/><D118/><U34/><E34/><V9/><F9/><W86/><G5/><T106/><D10/><AGARI ba="0,0" hai="7,10,15,28,30,56,63,64,86,89,90,94,95,96" machi="10" ten="40,2600,0" yaku="8,1,52,1" doraHai="82" who="3" fromWho="0" sc="373,-26,198,0,250,0,179,26" /><INIT seed="2,0,0,4,4,2" ten="347,198,250,205" oya="2" hai0="35,75,69,113,71,108,82,105,117,87,128,50,24" hai1="10,80,133,122,7,116,94,55,120,18,109,103,95" hai2="4,91,64,52,107,66,131,86,28,125,57,74,92" hai3="135,16,34,21,99,78,13,83,110,68,46,5,14"/><V100/><F74/><W25/><G68/><T12/><D113/><U127/><E116/><V37/><F37/><W88/><G110/><T17/><D105/><U8/><E109/><V49/><F131/><W60/><G34/><T61/><D108/><U59/><E127/><V29/><F125/><W70/><G46/><T41/><D75/><U58/><E80/><V1/><F107/><W43/><G43/><T40/><D128/><U101/><E18/><V89/><F100/><W118/><G118/><T67/><D117/><U22/><E22/><V31/><REACH who="2" step="1"/><F91/><REACH who="2" ten="347,198,240,205" step="2"/><W65/><G88/><T90/><D90/><U104/><E104/><V0/><F0/><W114/><G114/><T97/><D97/><U134/><REACH who="1" step="1"/><E55/><REACH who="1" ten="347,188,240,205" step="2"/><V115/><F115/><W32/><G78/><T84/><D82/><U102/><E102/><V62/><F62/><W56/><G83/><T129/><D61/><U27/><E27/><V85/><F85/><W11/><G25/><T51/><D129/><U33/><E33/><V111/><F111/><W53/><G32/><T126/><D126/><U77/><E77/><V123/><F123/><W112/><G112/><T72/><D72/><U19/><E19/><V132/><F132/><W98/><G135/><T119/><D119/><U106/><E106/><V124/><F124/><W42/><G42/><N who="0" m="16491" /><D87/><U73/><E73/><V15/><F15/><W44/><G13/><T47/><D84/><U20/><E20/><V63/><F63/><W30/><G21/><T6/><D24/><U48/><E48/><V26/><F26/><W39/><G14/><T79/><D12/><RYUUKYOKU ba="0,2" sc="347,-15,188,15,240,15,205,-15" hai1="7,8,10,58,59,94,95,101,103,120,122,133,134" hai2="1,4,28,29,31,49,52,57,64,66,86,89,92" /><INIT seed="2,1,2,3,0,35" ten="332,203,255,190" oya="2" hai0="55,64,70,53,13,32,110,91,34,15,116,12,4" hai1="63,2,80,14,96,22,28,60,16,90,120,52,54" hai2="94,10,82,72,88,42,104,56,134,21,37,41,62" hai3="107,48,1,113,125,19,45,43,65,29,132,9,77"/><V111/><F134/><W66/><G107/><T129/><D110/><U123/><E28/><V112/><F112/><W8/><G113/><T3/><D129/><U87/><E96/><V40/><F104/><W122/><G122/><N who="1" m="46634" /><E2/><V0/><F21/><W71/><G132/><T25/><D116/><U36/><E36/><V100/><F100/><W17/><G71/><T49/><D91/><U101/><E101/><V51/><F37/><W124/><G77/><T39/><D39/><U18/><E18/><N who="3" m="6666" /><G29/><T114/><D114/><U131/><E131/><V76/><F111/><W117/><G117/><T84/><D84/><U130/><E130/><V31/><F31/><W26/><G26/><T50/><D25/><U106/><E106/><V73/><F73/><W79/><G79/><T133/><D133/><U24/><E24/><V128/><F128/><W11/><G1/><T115/><D115/><U86/><E87/><V27/><F27/><W103/><G103/><T118/><D118/><U83/><E80/><V92/><F72/><W78/><G78/><T33/><D49/><U59/><E54/><N who="2" m="34071" /><F51/><AGARI ba="1,2" hai="14,16,22,51,52,59,60,63,83,86,90" m="46634" machi="51" ten="30,3900,0" yaku="13,1,54,2" doraHai="35" who="1" fromWho="2" sc="332,0,203,62,255,-42,190,0" /><INIT seed="3,0,0,0,3,121" ten="332,265,213,190" oya="3" hai0="73,33,79,129,34,45,2,47,96,50,43,27,4" hai1="93,46,70,17,11,58,31,6,90,67,61,26,104" hai2="83,7,102,20,122,95,18,134,44,106,112,110,128" hai3="37,114,94,63,81,99,12,86,30,69,89,56,127"/><W97/><G37/><N who="0" m="21743" /><D129/><U21/><E104/><V88/><F112/><W78/><G69/><T49/><D96/><U130/><E130/><V16/><F134/><W52/><G114/><T124/><D124/><U28/><E46/><V109/><F128/><W108/><G127/><T24/><D24/><U72/><E72/><V55/><F122/><W41/><G41/><N who="0" m="24815" /><D27/><U82/><E82/><V87/><F7/><W101/><G108/><N who="2" m="41577" /><F106/><W42/><G42/><T117/><D50/><U0/><E70/><V126/><F126/><W65/><G12/><T22/><D22/><U76/><E76/><N who="2" m="46567" /><F102/><W118/><G118/><T40/><D117/><U60/><E61/><V98/><F20/><W25/><G65/><T35/><D40/><U54/><E67/><V111/><N who="2" m="41585" /><V80/><DORA hai="39" /><F80/><W15/><G15/><T59/><D33/><U5/><E6/><V38/><F38/><W125/><G125/><T53/><D34/><U64/><E64/><V91/><F91/><W85/><REACH who="3" step="1"/><G101/><REACH who="3" ten="332,265,213,180" step="2"/><T48/><D4/><U62/><E62/><V132/><F132/><W32/><AGARI ba="0,1" hai="25,30,32,52,56,63,78,81,85,86,89,94,97,99" machi="32" ten="20,12000,1" yaku="1,1,2,1,0,1,7,1,54,1,53,0" doraHai="121,39" doraHaiUra="135,36" who="3" fromWho="3" sc="332,-40,265,-40,213,-40,180,130" owari="292,9.2,225,-17.5,173,-32.7,310,41.0" /></mjloggm>