<mjloggm ver="2.3"><GO type="225" lobby="0"/><UN n0="%E6%9A%87%E4%BA%BA%EF%BC%A0%E9%85%8D%E4%BF%A1%E5%9E%A2" n1="%E7%B4%94%E6%BD%94%E3%83%94%E3%83%A9%E3%83%8B%E3%82%A2" n2="%E7%AD%89%E3%80%85%E5%8A%9B%E5%8A%87%E5%A0%B4" n3="%65%6B%61%72%75%74%65" dan="17,18,16,16" rate="2148.07,2294.97,2146.77,2149.49" sx="F,M,M,M"/><TAIKYOKU oya="0"/><INIT seed="0,0,0,1,3,106" ten="250,250,250,250" oya="0" hai0="123,82,125,100,109,47,115,32,112,67,96,37,46" hai1="2,55,41,3,69,129,74,18,64,5,68,44,51" hai2="54,38,132,52,61,124,127,26,57,89,36,121,23" hai3="135,97,73,130,50,34,8,102,12,9,83,91,98"/><T94/><D123/><U114/><E114/><V0/><F121/><W95/><G34/><T53/><D32/><U31/><E129/><V77/><F0/><W81/><G130/><T126/><D67/><U116/><E116/><V131/><F131/><W14/><G135/><T21/><D109/><U30/><E18/><V104/><F104/><W62/><G62/><T22/><D82/><U111/><E111/><V92/><F132/><W33/><G33/><T84/><D84/><U43/><E74/><V80/><F54/><W20/><G50/><N who="0" m="28887" /><D37/><U101/><E101/><V40/><F40/><W16/><G73/><T11/><D47/><U128/><E128/><V71/><F71/><W28/><G9/><T1/><D11/><U13/><E44/><V108/><F108/><W78/><G78/><T42/><D42/><U86/><E86/><V7/><F7/><W27/><REACH who="3" step="1"/><G14/><REACH who="3" ten="250,250,250,240" step="2"/><T88/><D1/><U87/><E13/><V85/><F38/><W119/><G119/><T103/><D112/><U19/><E3/><V45/><F36/><W79/><G79/><T17/><D115/><U120/><E2/><V39/><F39/><W6/><G6/><T59/><D22/><U10/><E5/><V99/><REACH who="2" step="1"/><F45/><REACH who="2" ten="250,250,240,240" step="2"/><W65/><G65/><T60/><D60/><N who="1" m="39943" /><E43/><V48/><F48/><W75/><G75/><T107/><D59/><U25/><E41/><V70/><F70/><W110/><G110/><T93/><D107/><AGARI ba="0,2" hai="8,12,16,20,27,28,81,83,91,95,97,98,102,107" machi="107" ten="30,3900,0" yaku="1,1,7,1,54,1,53,0" doraHai="106" doraHaiUra="113" who="3" fromWho="0" sc="250,-39,250,0,240,0,240,59" /><INIT seed="1,0,0,5,2,14" ten="211,250,240,299" oya="1" hai0="16,68,17,32,36,86,72,82,19,113,20,114,98" hai1="90,76,75,50,38,118,133,34,8,53,91,62,130" hai2="47,61,54,92,111,39,18,103,29,81,6,116,27" hai3="85,23,3,117,128,41,125,67,126,13,120,94,31"/><U42/><E34/><V110/><F116/><W112/><G120/><T26/><D36/><U59/><E118/><V63/><F6/><W93/><G112/><T74/><D68/><U56/><E130/><V22/><F81/><W65/><G3/><T70/><D70/><U121/><E121/><V9/><F9/><W79/><G41/><T25/><D98/><U64/><E133/><V10/><F10/><W84/><G117/><T49/><D49/><U109/><E109/><V48/><F39/><W73/><G73/><T100/><D100/><U51/><E38/><V57/><F63/><W101/><G128/><T69/><D69/><U99/><E75/><V106/><F106/><W107/><G107/><T135/><D135/><U28/><E28/><V45/><F45/><W60/><G67/><T132/><D132/><U127/><E76/><V58/><F58/><N who="3" m="37015" /><G31/><N who="0" m="19575" /><D72/><U2/><E127/><N who="3" m="48650" /><G101/><T105/><D74/><U1/><E1/><V0/><F0/><W87/><G79/><T97/><D105/><U134/><E134/><V71/><F71/><W78/><G78/><N who="0" m="46423" /><D113/><U21/><E99/><N who="2" m="59879" /><F111/><W83/><G83/><T77/><D114/><U37/><E37/><V40/><F110/><W123/><G123/><T108/><D108/><U104/><E104/><V5/><F5/><W30/><G30/><AGARI ba="0,0" hai="18,22,27,29,30,40,47,48,54,57,61" m="59879" machi="30" ten="30,2000,0" yaku="8,1,52,1" doraHai="14" who="2" fromWho="3" sc="211,0,250,0,240,20,299,-20" /><INIT seed="2,0,0,5,1,96" ten="211,250,260,279" oya="2" hai0="113,7,75,122,76,101,108,22,79,35,103,13,53" hai1="50,39,134,107,119,130,71,40,90,51,116,115,135" hai2="61,18,110,16,84,68,55,87,67,102,49,109,10" hai3="72,83,43,125,1,8,111,59,34,33,74,93,129"/><V127/><F127/><W38/><G125/><T64/><D122/><U104/><E71/><V9/><F9/><W20/><G129/><T14/><D113/><U128/><E40/><V81/><F102/><N who="0" m="38922" /><D35/><U25/><E25/><V36/><F36/><W23/><G74/><T133/><D75/><U45/><E45/><N who="2" m="28079" /><F87/><W85/><G72/><T58/><D108/><N who="2" m="41578" /><F10/><W99/><G8/><N who="0" m="4255" /><D64/><U29/><E39/><V37/><F37/><W88/><G1/><T106/><D106/><U26/><E115/><V91/><AGARI ba="0,0" hai="16,18,61,67,68,81,84,91" m="41578,28079" machi="91" ten="30,6000,0" yaku="14,1,10,1,54,1" doraHai="96" who="2" fromWho="2" sc="211,-20,250,-20,260,60,279,-20" /><INIT seed="2,1,0,3,1,61" ten="191,230,320,259" oya="2" hai0="115,112,120,57,117,46,65,22,10,119,41,28,96" hai1="118,6,128,75,84,77,101,79,102,133,16,43,24" hai2="51,63,80,106,74,105,1,27,81,44,50,107,3" hai3="37,108,88,54,60,52,58,15,9,95,47,49,64"/><V20/><F51/><W12/><G108/><T19/><D96/><U116/><E6/><V83/><F74/><W92/><G37/><N who="0" m="21807" /><D28/><U98/><E43/><V38/><F38/><W45/><G92/><T32/><D32/><U21/><E128/><V123/><F123/><W97/><G9/><T114/><D10/><U39/><E39/><V89/><F89/><W86/><G97/><T104/><D104/><U125/><E133/><V78/><F78/><W68/><G47/><T109/><D120/><U8/><E125/><V59/><F50/><AGARI ba="1,0" hai="12,15,45,49,50,52,54,58,60,64,68,86,88,95" machi="50" ten="30,7700,0" yaku="7,1,52,1,54,2" doraHai="61" who="3" fromWho="2" sc="191,0,230,0,320,-80,259,80" /><INIT seed="3,0,0,5,5,84" ten="191,230,240,339" oya="3" hai0="18,83,42,94,86,133,37,125,117,123,111,8,93" hai1="47,131,54,45,38,62,36,72,99,77,56,16,87" hai2="132,29,126,134,89,121,106,21,34,102,46,15,6" hai3="9,2,63,103,98,88,10,118,23,108,114,110,82"/><W59/><G114/><T0/><D117/><U78/><E72/><V39/><F34/><W40/><G118/><T129/><D123/><U67/><E131/><V96/><F39/><W116/><G116/><T75/><D129/><U127/><E127/><V128/><F46/><N who="1" m="17417" /><E36/><V104/><F104/><W101/><G40/><T130/><D130/><U14/><E38/><V69/><F69/><W76/><G23/><T22/><D125/><U60/><E99/><V115/><F6/><W25/><G25/><T49/><D111/><N who="3" m="42537" /><G88/><N who="0" m="51295" /><D0/><U58/><E87/><V19/><F96/><W90/><G90/><T11/><D37/><U30/><E30/><V1/><F89/><W4/><G10/><AGARI ba="0,0" hai="10,14,16,54,56,58,60,62,67,77,78" m="17417" machi="10" ten="30,2000,0" yaku="8,1,54,1" doraHai="84" who="1" fromWho="3" sc="191,0,230,20,240,0,339,-20" owari="191,-30.9,250,5.0,240,-16.0,319,41.9" /></mjloggm>