<mjloggm ver="2.3"><GO type="225" lobby="0"/><UN n0="%6E%69%63%6F%6E%74%6F" n1="%E3%82%BD%E3%83%AB%E3%83%88%E3%82%AF%E3%83%AA%E3%83%BC%E3%82%AF" n2="%E3%81%82%E3%81%99%E3%81%AB%E3%82%83%E3%82%80" n3="%4D%6F%6E%61%6E%61" dan="16,16,16,16" rate="2129.24,2090.85,2163.28,2121.57" sx="M,M,F,F"/><TAIKYOKU oya="0"/><INIT seed="0,0,0,0,4,132" ten="250,250,250,250" oya="0" hai0="6,87,48,17,97,85,60,100,29,11,105,76,9" hai1="129,73,74,46,70,41,111,61,121,24,117,65,39" hai2="25,58,68,28,128,107,78,30,14,75,124,31,5" hai3="110,49,34,99,79,64,119,116,126,80,114,26,63"/><T32/><D32/><U7/><E7/><V118/><F68/><W131/><G114/><T47/><D29/><U92/><E117/><V112/><F112/><W135/><G110/><T52/><D76/><U19/><E121/><V55/><F107/><W51/><G135/><T57/><D17/><U50/><E111/><V113/><F113/><W93/><G131/><T69/><D69/><U0/><E0/><V43/><F43/><W38/><G38/><T12/><REACH who="0" step="1"/><D11/><REACH who="0" ten="240,250,250,250" step="2"/><U122/><E129/><V95/><F128/><W103/><G119/><T2/><D2/><U125/><E122/><V115/><F118/><W71/><G116/><T120/><D120/><U81/><E74/><V53/><F115/><W77/><G77/><T15/><D15/><U104/><E19/><V3/><F78/><W18/><G34/><T21/><D21/><U1/><E1/><V16/><F75/><W109/><G109/><T84/><D84/><U91/><E24/><V22/><F3/><W101/><G26/><T40/><AGARI ba="0,1" hai="6,9,12,40,47,48,52,57,60,85,87,97,100,105" machi="40" ten="20,7800,0" yaku="1,1,0,1,7,1,54,1,53,0" doraHai="132" doraHaiUra="72" who="0" fromWho="0" sc="240,88,250,-26,250,-26,250,-26" /><INIT seed="0,1,0,1,0,37" ten="328,224,224,224" oya="0" hai0="119,108,29,49,118,94,54,82,91,25,7,89,102" hai1="95,15,28,96,129,44,105,31,53,98,34,63,8" hai2="120,30,122,73,77,100,4,107,60,74,58,33,50" hai3="92,61,9,46,47,78,135,80,24,86,123,68,32"/><T125/><D125/><U56/><E105/><V6/><F50/><W130/><G135/><T85/><D108/><U90/><E34/><V76/><F58/><W87/><G130/><T5/><D102/><U17/><E129/><V0/><F60/><W35/><G123/><T12/><D119/><U27/><E27/><V106/><F100/><W69/><G24/><T101/><D101/><U132/><E132/><V39/><F39/><W110/><G110/><T48/><D48/><N who="1" m="28807" /><E98/><V19/><F19/><W128/><G128/><T22/><D12/><U21/><E8/><V104/><F0/><W83/><G9/><T2/><D2/><U114/><E114/><V71/><F71/><W81/><G81/><T99/><REACH who="0" step="1"/><D118/><REACH who="0" ten="318,224,224,224" step="2"/><U1/><E1/><V55/><F107/><W66/><G61/><T23/><D23/><U10/><E10/><V131/><F33/><W72/><G32/><T64/><D64/><AGARI ba="1,1" hai="15,17,21,28,31,56,63,64,90,95,96" m="28807" machi="64" ten="30,1000,0" yaku="8,1" doraHai="37" who="1" fromWho="0" sc="318,-13,224,23,224,0,224,0" /><INIT seed="1,0,0,2,4,9" ten="305,247,224,224" oya="1" hai0="111,49,100,120,84,119,4,74,14,16,81,85,51" hai1="83,27,108,89,53,122,1,29,60,19,99,25,123" hai2="41,40,68,61,73,116,92,0,48,128,107,115,76" hai3="46,28,67,82,106,117,130,125,24,135,44,10,63"/><U59/><E1/><V112/><F107/><W54/><G106/><T121/><D119/><U12/><E108/><V105/><F105/><W132/><G125/><T78/><D111/><U32/><E27/><V71/><F116/><W18/><G117/><T118/><D118/><U11/><E99/><V77/><F0/><W113/><G113/><N who="2" m="43593" /><F128/><W93/><G130/><T69/><D4/><U52/><REACH who="1" step="1"/><E53/><REACH who="1" ten="305,237,224,224" step="2"/><V13/><F40/><W7/><G54/><T127/><D121/><U96/><E96/><V20/><F41/><W56/><G24/><T114/><D120/><U109/><E109/><V31/><F31/><W87/><G28/><T101/><D114/><U22/><E22/><V97/><F20/><W62/><G135/><T79/><D127/><U134/><E134/><V50/><F97/><W6/><G132/><T3/><D3/><U43/><E43/><V23/><F23/><W91/><G6/><T66/><D101/><U103/><E103/><V55/><F55/><W33/><G7/><T58/><D100/><U64/><E64/><V42/><F42/><W26/><G33/><T133/><D133/><U47/><E47/><V88/><F50/><W5/><G26/><T80/><D51/><U15/><E15/><V98/><F48/><W75/><G44/><T21/><D49/><U129/><E129/><V57/><F13/><N who="3" m="7479" /><G5/><T17/><D66/><U90/><E90/><V126/><F126/><W8/><G46/><T34/><D34/><U102/><E102/><V124/><F124/><W65/><G67/><T30/><D30/><U95/><E95/><V2/><F92/><RYUUKYOKU ba="0,1" sc="305,-10,237,30,224,-10,224,-10" hai1="11,12,19,25,29,32,52,59,60,83,89,122,123" /><INIT seed="1,1,1,0,4,118" ten="295,267,214,214" oya="1" hai0="1,54,72,97,79,128,59,94,121,27,10,16,96" hai1="60,103,39,43,87,105,131,116,114,74,64,6,77" hai2="51,26,117,40,75,32,55,108,123,13,20,101,91" hai3="8,42,2,31,65,9,104,17,98,11,93,58,110"/><U21/><E114/><V24/><F117/><W12/><G110/><T69/><D69/><U30/><E116/><V53/><F108/><W113/><G113/><T25/><D128/><U15/><E74/><V14/><F75/><W127/><G127/><T36/><D36/><U68/><E39/><V120/><F101/><W99/><G104/><T47/><D47/><U109/><E43/><V63/><F40/><W135/><G135/><T5/><D121/><U7/><E109/><V126/><F126/><W81/><G42/><T76/><D72/><U45/><E45/><V115/><F115/><W34/><G81/><T89/><D97/><U4/><E131/><V3/><F3/><W111/><G111/><T84/><D27/><U46/><E46/><V82/><F32/><W133/><G133/><T129/><D129/><U41/><E41/><V100/><F100/><W134/><G134/><T44/><D44/><U49/><E49/><V78/><F51/><W23/><G2/><T29/><D84/><U67/><E67/><V48/><F48/><W92/><G34/><T38/><D38/><U70/><E70/><V37/><F37/><W33/><G33/><T56/><D56/><U90/><E77/><V125/><F78/><W130/><G130/><T73/><D73/><U62/><E62/><V85/><F125/><W88/><G31/><T61/><D29/><U119/><E119/><V86/><F63/><N who="3" m="38135" /><G93/><T57/><D59/><U66/><E66/><V52/><F55/><W124/><G124/><T107/><D107/><U112/><E105/><V122/><F120/><W95/><G95/><RYUUKYOKU ba="1,1" sc="295,15,267,-15,214,-15,214,15" hai0="1,5,10,16,25,54,57,61,76,79,89,94,96" hai3="8,9,11,12,17,23,88,92,98,99" /><INIT seed="2,2,1,3,1,126" ten="310,252,199,229" oya="2" hai0="17,84,67,1,33,0,128,36,97,52,76,98,82" hai1="93,27,77,122,131,120,132,108,130,91,59,111,42" hai2="60,41,61,92,57,129,29,38,34,87,71,65,43" hai3="116,5,83,55,90,68,39,125,73,49,123,74,3"/><V32/><F29/><W16/><G116/><T19/><D33/><U133/><E42/><V88/><F129/><N who="1" m="49161" /><E77/><V35/><REACH who="2" step="1"/><F38/><REACH who="2" ten="310,252,189,229" step="2"/><W102/><G39/><T10/><D36/><U15/><E122/><V4/><F4/><W7/><G5/><T99/><D128/><U119/><E120/><V64/><AGARI ba="2,2" hai="32,34,35,41,43,57,60,61,64,65,71,87,88,92" machi="64" ten="40,7800,0" yaku="1,1,0,1,54,1,53,0" doraHai="126" doraHaiUra="8" who="2" fromWho="2" sc="310,-28,252,-28,189,104,229,-28" /><INIT seed="2,3,0,5,4,133" ten="282,224,293,201" oya="2" hai0="11,91,104,103,43,60,134,4,66,27,5,88,22" hai1="45,72,9,117,19,17,113,89,130,37,77,58,10" hai2="30,122,15,78,116,3,105,65,7,49,97,28,1" hai3="80,85,99,74,71,13,16,52,120,63,119,87,62"/><V32/><F116/><W81/><G119/><T51/><D134/><U64/><E113/><V2/><F122/><W42/><G120/><T40/><D104/><U92/><E117/><V73/><F65/><W8/><G74/><T41/><D103/><U82/><E130/><V14/><F97/><W106/><G42/><T38/><D38/><U69/><E69/><V118/><F49/><W102/><G71/><T36/><D36/><U83/><E37/><V67/><F67/><W61/><G85/><T20/><D51/><U132/><E45/><V84/><F84/><W35/><G35/><T6/><D11/><N who="1" m="4107" /><E72/><V100/><F118/><W86/><G86/><T79/><D79/><U55/><E64/><V76/><F105/><W124/><G124/><T68/><REACH who="0" step="1"/><D22/><REACH who="0" ten="272,224,293,201" step="2"/><U107/><E107/><V109/><F100/><W121/><G121/><T93/><D93/><U101/><E101/><V12/><F76/><W47/><REACH who="3" step="1"/><G87/><REACH who="3" ten="272,224,293,191" step="2"/><T108/><D108/><U112/><E112/><V128/><F109/><W23/><G23/><T96/><D96/><N who="1" m="57359" /><E132/><V127/><F73/><W29/><G29/><AGARI ba="3,2" hai="4,5,6,20,27,29,40,41,43,60,66,68,88,91" machi="29" ten="40,2600,0" yaku="1,1,54,1,53,0" doraHai="133" doraHaiUra="114" who="0" fromWho="3" sc="272,55,224,0,293,0,191,-35" /><INIT seed="3,0,0,1,4,56" ten="327,224,293,156" oya="3" hai0="108,132,63,117,1,78,111,8,102,120,57,37,0" hai1="109,87,55,110,125,47,68,129,31,21,126,23,69" hai2="105,36,10,76,61,60,91,54,62,32,127,35,112" hai3="12,67,95,113,40,101,44,2,130,89,27,107,9"/><W7/><G113/><T46/><D117/><U88/><E55/><V29/><F36/><W14/><G130/><T75/><D120/><U133/><E47/><V17/><F112/><W5/><G107/><T39/><D132/><U134/><E31/><V18/><F105/><W74/><G74/><T15/><D102/><U41/><E41/><V42/><F42/><W38/><G101/><T128/><D128/><U85/><E129/><V124/><F76/><W53/><G7/><T135/><D135/><N who="1" m="51723" /><E21/><V6/><F91/><W58/><G27/><T92/><D92/><N who="1" m="54287" /><E87/><V71/><F54/><W50/><REACH who="3" step="1"/><G67/><REACH who="3" ten="327,224,293,146" step="2"/><N who="0" m="39407" /><D75/><U82/><E82/><V65/><F65/><W30/><G30/><T28/><D28/><U103/><E103/><V84/><F29/><W115/><G115/><T104/><D104/><U45/><E45/><V93/><F71/><N who="1" m="27209" /><E23/><V19/><F6/><W11/><G11/><T119/><D46/><U99/><E99/><AGARI ba="0,1" hai="2,5,9,12,14,38,40,44,50,53,58,89,95,99" machi="99" ten="30,2900,0" yaku="1,1,7,1,53,0" doraHai="56" doraHaiUra="72" who="3" fromWho="1" sc="327,0,224,-29,293,0,146,39" /><INIT seed="3,1,0,3,2,133" ten="327,195,293,185" oya="3" hai0="99,53,48,52,42,22,1,60,2,115,69,12,112" hai1="78,35,3,30,101,106,100,98,74,27,19,26,81" hai2="95,123,108,128,39,5,13,89,82,32,40,80,134" hai3="0,96,132,51,121,21,102,31,11,50,43,90,113"/><W16/><G113/><N who="0" m="43595" /><D99/><U62/><E3/><N who="0" m="1033" /><D42/><U92/><E62/><V34/><F108/><W125/><G121/><T85/><D85/><U36/><E36/><V73/><F123/><W111/><G132/><T29/><D29/><U8/><E27/><V114/><F114/><W44/><G111/><T37/><D37/><U56/><E56/><V110/><F110/><W57/><G31/><T28/><D28/><U129/><E129/><V15/><F128/><W91/><G0/><T58/><D69/><U94/><REACH who="1" step="1"/><E101/><REACH who="1" ten="327,185,293,185" step="2"/><V41/><F39/><W61/><G125/><T126/><D126/><U10/><E10/><V93/><F134/><W107/><G11/><T59/><D22/><U127/><E127/><V117/><F34/><W49/><G51/><T24/><D12/><AGARI ba="1,1" hai="8,12,19,26,30,35,74,78,81,92,94,98,100,106" machi="12" ten="40,2600,0" yaku="1,1,53,1" doraHai="133" doraHaiUra="7" who="1" fromWho="0" sc="327,-29,185,39,293,0,185,0" /><INIT seed="4,0,0,5,2,84" ten="298,224,293,185" oya="0" hai0="115,7,11,43,76,15,52,126,29,51,105,100,102" hai1="87,95,104,125,69,90,108,94,106,58,82,27,118" hai2="8,119,98,62,44,45,59,73,127,99,80,86,131" hai3="18,81,20,3,14,68,66,41,67,124,70,13,9"/><T74/><D126/><U46/><E69/><V5/><F73/><W110/><G124/><T1/><D115/><U85/><E46/><N who="2" m="18027" /><F131/><W63/><G110/><T75/><D1/><U89/><E125/><V109/><F109/><W0/><G41/><T135/><D135/><U121/><E27/><V53/><F119/><W120/><G120/><T83/><D29/><U64/><E108/><V47/><F47/><W2/><G81/><T77/><D105/><N who="1" m="40555" /><E58/><V48/><F48/><W54/><G54/><T92/><D92/><N who="1" m="35371" /><E64/><V65/><F53/><W26/><REACH who="3" step="1"/><G9/><REACH who="3" ten="298,224,293,175" step="2"/><T25/><D43/><U122/><E118/><V78/><F127/><W134/><G134/><T117/><D117/><U55/><E55/><V129/><F129/><W97/><G97/><T113/><D52/><U36/><E36/><V42/><F42/><W101/><G101/><T132/><D51/><U32/><E32/><V91/><F98/><W60/><AGARI ba="0,1" hai="0,2,3,13,14,18,20,26,60,63,66,67,68,70" machi="60" ten="40,12000,2" yaku="1,1,0,1,9,1,53,3" doraHai="84" doraHaiUra="35" who="3" fromWho="3" sc="298,-60,224,-30,293,-30,175,130" owari="238,-16.2,194,-30.6,263,6.3,305,40.5" /></mjloggm>