<mjloggm ver="2.3"><GO type="225" lobby="0"/><UN n0="%E6%9C%AA%E6%9D%A5%E5%B0%91%E5%B9%B4" n1="%E8%90%BD%E6%97%A5" n2="%E3%82%A2%E3%83%9E%E3%83%9D%EF%BD%9E%EF%BD%9E%E3%83%A9" n3="%E3%83%B4%E3%83%A0%EF%BC%99%E3%81%A6" dan="16,19,17,17" rate="2138.06,2226.68,2215.43,2184.12" sx="M,F,M,M"/><TAIKYOKU oya="0"/><INIT seed="0,0,0,2,0,66" ten="250,250,250,250" oya="0" hai0="42,47,96,54,61,81,87,10,119,73,117,59,37" hai1="15,56,77,22,46,102,28,45,1,18,120,78,63" hai2="112,55,100,109,30,0,53,132,97,89,39,34,8" hai3="16,44,105,98,80,41,116,71,13,50,38,101,32"/><T26/><D73/><U111/><E120/><V115/><F132/><W60/><G116/><T106/><D10/><U123/><E123/><V11/><F109/><W91/><G32/><T84/><D84/><U104/><E1/><V4/><F89/><W27/><G27/><T6/><D6/><U49/><E111/><V57/><F39/><W99/><G38/><T92/><D26/><U2/><E2/><V107/><F30/><W25/><G25/><T12/><D12/><U7/><E28/><V103/><F34/><W130/><G130/><T82/><D106/><U3/><E46/><V114/><F103/><W9/><G98/><T128/><D128/><U51/><E51/><V113/><N who="2" m="28672" /><DORA hai="31" /><V17/><REACH who="2" step="1"/><F57/><REACH who="2" ten="250,250,240,250" step="2"/><W76/><G91/><T62/><D117/><U129/><E129/><V126/><F126/><W21/><G101/><T52/><D119/><U48/><E102/><V122/><F122/><W70/><G76/><T35/><D35/><U124/><E124/><V118/><F118/><W134/><G134/><T29/><D29/><U121/><E121/><V69/><F69/><W94/><G70/><T19/><D59/><U83/><E78/><V58/><F58/><W108/><G71/><T23/><D37/><U20/><E77/><V72/><F72/><W133/><G133/><T33/><D33/><U88/><E56/><V65/><F65/><W67/><G67/><T110/><D110/><U36/><E36/><V90/><F90/><W131/><G108/><T79/><D79/><U43/><E88/><V127/><F127/><W75/><G131/><T14/><D96/><RYUUKYOKU ba="0,1" sc="250,-10,250,-10,240,30,250,-10" hai2="0,4,8,11,17,53,55,97,100,107" /><INIT seed="1,1,1,5,1,6" ten="240,240,270,240" oya="1" hai0="85,14,135,87,4,115,39,86,45,96,125,17,21" hai1="57,16,60,27,112,71,78,54,44,72,132,2,61" hai2="30,15,122,98,67,23,24,82,32,121,101,53,105" hai3="42,56,95,117,133,68,48,130,127,35,81,118,134"/><U99/><E112/><V120/><F67/><W65/><G35/><T12/><D115/><U89/><E132/><N who="3" m="50794" /><G81/><T83/><D135/><U33/><E2/><V64/><F64/><W20/><G20/><T9/><D125/><U113/><E113/><V102/><F102/><W26/><G26/><T75/><D96/><U79/><E71/><V84/><F53/><N who="3" m="31783" /><G95/><T123/><D123/><U34/><E72/><V41/><F41/><W77/><G77/><N who="1" m="29194" /><E34/><V73/><F73/><W1/><G1/><T59/><D59/><U47/><E33/><V19/><F121/><W131/><G42/><T58/><D75/><U51/><E61/><V22/><F32/><W91/><G91/><AGARI ba="1,1" hai="15,19,22,23,24,30,82,84,91,98,101,105,120,122" machi="91" ten="30,1000,0" yaku="7,1" doraHai="6" who="2" fromWho="3" sc="240,0,240,0,270,23,240,-13" /><INIT seed="2,0,0,4,0,74" ten="240,240,293,227" oya="2" hai0="81,50,7,106,47,65,3,68,87,18,24,105,30" hai1="35,90,14,70,124,39,62,110,15,43,123,135,19" hai2="88,103,1,9,77,115,92,20,10,59,60,109,108" hai3="121,31,134,55,117,54,130,91,78,23,12,16,63"/><V53/><F115/><W72/><G117/><T33/><D68/><U116/><E35/><V119/><F119/><W96/><G121/><T49/><D65/><U38/><E116/><V4/><F103/><W131/><G134/><T22/><D7/><U57/><E135/><V2/><F20/><W94/><G31/><T64/><D64/><U32/><E70/><V42/><F42/><W112/><G112/><T101/><D3/><U44/><E32/><V27/><F27/><W83/><REACH who="3" step="1"/><G63/><REACH who="3" ten="240,240,293,217" step="2"/><T26/><D30/><U56/><E123/><V107/><F60/><W122/><G122/><T61/><D61/><U120/><E120/><V89/><F109/><W6/><G6/><T102/><D33/><U66/><E110/><V45/><F4/><W13/><G13/><T17/><D106/><U0/><E0/><V29/><F107/><W52/><AGARI ba="0,1" hai="12,16,23,52,54,55,72,78,83,91,94,96,130,131" machi="52" ten="30,8000,1" yaku="1,1,0,1,52,1,54,2,53,0" doraHai="74" doraHaiUra="36" who="3" fromWho="3" sc="240,-20,240,-20,293,-40,217,90" /><INIT seed="3,0,0,4,3,52" ten="220,220,253,307" oya="3" hai0="54,17,109,36,120,62,14,134,72,86,44,108,49" hai1="122,27,38,34,74,104,125,118,106,102,90,57,91" hai2="53,46,5,103,121,16,113,32,119,51,131,112,47" hai3="133,65,69,79,111,85,8,33,115,116,128,129,30"/><W101/><G115/><T12/><D120/><U56/><E38/><V40/><F131/><N who="3" m="50251" /><G116/><T50/><D72/><U95/><E74/><V100/><F32/><W126/><G126/><T89/><D36/><U21/><E122/><V48/><F5/><W84/><G133/><T105/><D105/><U19/><E125/><V64/><F119/><W61/><G111/><N who="0" m="42571" /><D134/><U82/><E118/><V1/><F1/><W13/><G101/><T26/><D62/><U132/><E132/><V35/><F35/><W117/><G117/><T6/><D6/><U67/><E34/><V20/><F121/><W41/><G41/><N who="0" m="24719" /><D17/><U110/><E110/><V92/><F103/><W114/><G114/><T70/><D26/><U76/><E67/><V124/><F64/><W60/><G61/><T88/><D70/><U77/><E104/><V29/><F124/><W4/><G79/><N who="1" m="30282" /><E106/><V43/><F43/><W7/><G4/><T123/><D123/><U63/><E63/><V135/><F135/><W37/><G37/><T23/><D23/><U18/><E19/><V11/><F113/><W75/><G75/><T24/><D24/><AGARI ba="0,0" hai="7,8,13,24,30,33,60,65,69,84,85" m="50251" machi="24" ten="30,1500,0" yaku="19,1" doraHai="52" who="3" fromWho="0" sc="220,-15,220,0,253,0,307,15" owari="205,-29.5,220,-18.0,253,5.3,322,42.2" /></mjloggm>