<mjloggm ver="2.3"><GO type="225" lobby="0"/><UN n0="%E8%B1%86%59%E5%A4%AA%E9%83%8E" n1="%E3%82%BC%E3%83%AB%E3%83%80%E3%81%AE%E4%BC%9D%E8%AA%AC" n2="%72%69%6F%75%63%68%61%6E" n3="%77%72%77%72%77%72%77%72" dan="16,17,16,17" rate="2094.63,2234.67,2246.93,2169.02" sx="M,M,M,M"/><TAIKYOKU oya="0"/><INIT seed="0,0,0,1,2,58" ten="250,250,250,250" oya="0" hai0="13,108,52,42,36,115,113,20,41,68,129,76,23" hai1="59,112,116,43,122,62,91,50,94,15,126,102,88" hai2="40,130,22,73,45,121,95,69,80,111,34,4,3" hai3="25,81,77,29,32,114,82,24,44,105,55,78,28"/><T57/><D68/><U2/><E2/><V60/><F121/><W46/><G105/><T128/><D76/><U101/><E116/><V38/><F111/><W133/><G133/><T93/><D108/><U39/><E122/><V134/><F130/><N who="0" m="50282" /><D93/><U135/><E39/><V33/><F22/><N who="0" m="8234" /><D13/><U84/><E135/><V21/><F21/><W11/><G11/><T100/><D100/><U31/><E126/><V6/><F6/><W119/><G55/><T83/><D83/><N who="1" m="49183" /><E31/><V118/><F95/><W125/><G125/><T16/><D16/><U17/><E112/><N who="0" m="43081" /><D36/><U85/><E15/><V117/><F134/><W49/><G114/><T99/><D99/><U123/><E17/><V51/><F118/><W35/><G119/><T72/><D72/><U7/><E7/><V47/><F117/><W79/><G79/><T104/><D104/><U54/><E123/><V64/><F73/><W90/><G90/><T124/><D124/><U37/><E37/><V61/><F80/><W96/><G96/><T107/><D107/><U74/><E74/><V98/><F98/><W30/><G30/><T120/><D120/><U8/><E8/><V75/><F75/><W0/><G0/><T106/><D106/><U92/><E92/><V103/><F103/><W86/><G86/><T19/><D19/><U70/><E70/><N who="2" m="42247" /><F4/><W71/><G71/><T1/><D1/><U10/><E10/><V89/><F3/><W67/><G67/><T18/><D18/><U5/><E5/><V9/><F9/><W110/><G110/><T109/><D109/><U48/><E43/><N who="2" m="22775" /><F89/><W14/><G14/><RYUUKYOKU ba="0,0" sc="250,0,250,0,250,0,250,0" hai0="41,42,52,57" hai1="48,50,54,59,62,85,91,94,101,102" hai2="33,34,40,47,51,61,69" hai3="24,25,28,29,32,35,44,46,49,77,78,81,82" /><INIT seed="0,1,0,5,3,42" ten="250,250,250,250" oya="0" hai0="115,133,40,102,97,73,129,56,29,0,66,120,69" hai1="19,112,117,52,24,27,89,84,1,124,118,135,21" hai2="80,74,125,45,82,87,65,64,123,35,16,48,17" hai3="3,88,109,68,122,106,96,23,6,103,51,85,20"/><T39/><D120/><U111/><E1/><V121/><F35/><W12/><G68/><T5/><D56/><U99/><E111/><V53/><F125/><W10/><G109/><T44/><D115/><U104/><E124/><V62/><F74/><W128/><G128/><T81/><D29/><U28/><E112/><V72/><F72/><W47/><G3/><T95/><D133/><U26/><E135/><V50/><F62/><W9/><G9/><N who="0" m="2215" /><D129/><U78/><E78/><V119/><F119/><W38/><G38/><T67/><D69/><U7/><E7/><V70/><F70/><W13/><G13/><T127/><D127/><U8/><E8/><V46/><F87/><W79/><G79/><AGARI ba="1,0" hai="39,40,44,66,67,73,79,81,95,97,102" m="2215" machi="79" ten="30,2900,0" yaku="25,1,52,1" doraHai="42" who="0" fromWho="3" sc="250,32,250,0,250,0,250,-32" /><INIT seed="0,2,0,0,0,23" ten="282,250,250,218" oya="0" hai0="38,115,63,122,113,110,21,19,106,6,4,128,55" hai1="24,60,71,29,125,94,108,102,68,51,116,121,42" hai2="53,72,52,73,79,11,96,45,103,0,78,18,90" hai3="118,57,35,30,41,43,59,22,93,48,61,95,62"/><T133/><D106/><U117/><E121/><V89/><F0/><W135/><G35/><T88/><D38/><U98/><E108/><V36/><F36/><W92/><G118/><T83/><D122/><U130/><E125/><V131/><F131/><W16/><G30/><T112/><D128/><U97/><E130/><V14/><F72/><W129/><G135/><T101/><D101/><U119/><E60/><N who="3" m="23146" /><G129/><T64/><D55/><N who="2" m="21066" /><F45/><N who="3" m="25647" /><G43/><T10/><D10/><U15/><E15/><AGARI ba="2,0" hai="15,16,22,57,59,92,93,95" m="25647,23146" machi="15" ten="30,2000,0" yaku="8,1,54,1" doraHai="23" who="3" fromWho="1" sc="282,0,250,-26,250,0,218,26" /><INIT seed="1,0,0,5,1,76" ten="282,224,250,244" oya="1" hai0="32,115,43,54,49,40,96,119,16,129,78,10,128" hai1="100,64,27,70,0,44,125,97,14,131,55,33,81" hai2="17,112,5,63,58,111,47,22,51,87,71,48,84" hai3="73,31,77,19,39,132,50,12,3,74,123,103,90"/><U135/><E0/><V102/><F111/><W29/><G123/><T42/><D32/><U34/><E125/><V108/><F108/><W45/><G39/><T11/><D115/><U118/><E118/><V21/><F112/><W75/><G3/><T104/><D119/><U13/><E135/><V86/><F5/><W59/><G132/><T38/><D38/><U15/><E131/><V95/><F71/><W127/><G127/><T72/><D96/><U80/><E55/><V1/><F1/><W41/><G103/><T7/><D104/><N who="1" m="63503" /><E44/><V2/><F2/><W93/><G77/><T107/><D107/><U98/><E98/><N who="2" m="59743" /><F47/><W109/><G59/><T101/><D101/><U23/><E23/><N who="2" m="8715" /><F17/><W57/><G109/><T89/><D16/><U28/><E33/><V62/><F62/><AGARI ba="0,0" hai="13,14,15,27,28,34,62,64,70,80,81" m="63503" machi="62" ten="30,5800,0" yaku="25,1,52,2" doraHai="76" who="1" fromWho="2" sc="282,0,224,58,250,-58,244,0" /><INIT seed="1,1,0,2,4,102" ten="282,282,192,244" oya="1" hai0="3,135,82,133,83,52,43,131,66,79,99,20,21" hai1="105,98,122,17,30,19,36,46,61,75,104,47,1" hai2="42,51,4,71,123,54,107,33,15,23,78,35,45" hai3="57,0,92,89,86,39,112,69,27,106,113,119,25"/><U31/><E61/><V85/><F123/><W11/><G69/><T72/><D3/><U14/><E1/><V74/><F71/><W5/><G39/><T67/><D43/><U22/><E75/><V100/><F74/><W115/><G119/><T48/><D83/><U95/><E122/><V41/><F41/><W94/><G106/><T63/><D99/><U87/><E87/><V93/><F54/><W96/><REACH who="3" step="1"/><G57/><REACH who="3" ten="282,282,192,234" step="2"/><N who="0" m="32903" /><D131/><U88/><E36/><V97/><F107/><W59/><G59/><N who="0" m="37247" /><D67/><U55/><E105/><V6/><F6/><W111/><G111/><T126/><D126/><U109/><E104/><V108/><F108/><W121/><G121/><T132/><AGARI ba="1,1" hai="20,21,72,79,82,132,133,135" m="37247,32903" machi="132" ten="30,2000,0" yaku="20,1,54,1" doraHai="102" who="0" fromWho="0" sc="282,33,282,-11,192,-6,234,-6" /><INIT seed="2,0,0,4,3,4" ten="315,271,186,228" oya="2" hai0="88,17,14,7,104,56,92,128,113,94,101,87,24" hai1="131,85,127,6,31,3,52,114,118,46,21,59,116" hai2="48,121,124,39,11,90,29,103,55,50,23,89,5" hai3="51,97,95,26,70,74,68,76,44,15,37,40,109"/><V71/><F121/><W122/><G122/><T43/><D113/><U49/><E114/><V78/><F39/><W25/><G109/><T58/><D104/><U69/><E69/><V96/><F71/><W132/><G132/><T73/><D73/><U115/><E115/><V108/><F108/><W86/><G74/><T57/><D43/><U66/><E127/><V64/><F124/><W61/><G37/><T0/><D128/><U75/><E75/><V120/><F64/><W54/><G68/><T82/><D101/><U126/><E126/><V129/><F120/><W13/><G70/><T91/><D0/><U77/><E131/><V45/><F129/><W1/><G1/><T32/><D7/><U9/><E31/><V16/><F78/><W130/><G130/><T100/><D100/><U125/><E21/><V62/><F29/><W33/><G33/><T65/><D24/><N who="3" m="9321" /><G61/><N who="0" m="38055" /><D32/><U135/><E135/><V30/><F30/><W72/><G54/><T12/><D12/><U93/><E125/><V18/><F62/><W80/><G72/><T36/><D36/><U106/><E106/><V10/><F50/><W119/><G119/><T63/><D91/><AGARI ba="0,0" hai="13,15,40,44,51,76,80,86,91,95,97" m="9321" machi="91" ten="30,1000,0" yaku="8,1" doraHai="4" who="3" fromWho="0" sc="315,-10,271,0,186,0,228,10" /><INIT seed="3,0,0,3,0,44" ten="305,271,186,238" oya="3" hai0="71,31,28,130,134,126,51,105,5,82,6,89,60" hai1="58,114,26,61,64,33,25,19,133,70,39,0,35" hai2="79,43,87,10,75,22,23,59,11,50,21,52,97" hai3="91,125,68,123,2,30,95,16,62,49,73,37,90"/><W32/><G123/><T129/><D105/><U14/><E114/><V12/><F75/><W66/><G37/><T24/><D134/><U103/><E0/><V42/><F97/><W69/><G2/><T15/><D126/><U106/><E39/><V1/><F1/><W99/><G125/><T110/><D110/><U135/><E58/><V65/><F65/><W112/><G73/><T101/><D101/><U100/><E26/><V18/><F10/><W63/><G112/><T83/><D60/><U4/><E4/><V72/><F72/><W131/><G131/><N who="0" m="50187" /><D71/><U109/><E109/><V56/><F56/><W84/><G30/><N who="0" m="11307" /><D24/><U67/><E67/><V94/><F94/><W48/><G32/><T98/><D51/><U122/><E122/><V102/><REACH who="2" step="1"/><F102/><REACH who="2" ten="305,271,176,238" step="2"/><W78/><G99/><T57/><D98/><U124/><E103/><V116/><F116/><W96/><G68/><T121/><D57/><U76/><E100/><V80/><AGARI ba="0,1" hai="11,12,18,21,22,23,42,43,50,52,59,79,80,87" machi="80" ten="30,8000,1" yaku="1,1,0,1,8,1,52,1,54,1,53,0" doraHai="44" doraHaiUra="29" who="2" fromWho="2" sc="305,-20,271,-20,176,90,238,-40" /><INIT seed="4,0,0,1,4,31" ten="285,251,266,198" oya="0" hai0="9,67,84,101,52,120,71,92,24,39,98,2,37" hai1="103,106,45,122,131,73,121,66,42,17,81,64,78" hai2="114,51,46,125,6,68,18,49,77,118,111,38,62" hai3="0,88,7,25,100,41,107,126,72,102,110,69,27"/><T128/><D120/><U28/><E17/><V50/><F111/><W74/><G110/><T119/><D119/><U82/><E131/><V35/><F6/><W22/><G69/><T123/><D123/><U60/><E66/><N who="2" m="41047" /><F18/><W97/><G41/><T86/><D67/><U1/><E81/><V115/><F77/><W14/><G0/><T13/><D71/><N who="1" m="42375" /><E1/><V96/><F96/><W8/><G126/><T124/><D124/><U33/><E45/><V36/><F35/><W11/><G102/><T94/><D2/><U47/><E47/><V95/><F95/><W3/><G88/><N who="0" m="53271" /><D84/><U75/><E42/><N who="2" m="24791" /><F125/><W12/><G3/><T83/><D128/><U85/><E85/><V5/><F5/><W91/><G91/><T43/><D83/><U99/><E73/><V87/><F87/><W53/><G53/><T135/><D52/><U16/><E16/><V79/><F79/><W132/><G132/><T112/><D13/><U130/><E130/><V133/><F118/><W127/><G127/><T59/><D135/><U117/><E117/><V57/><F133/><W109/><G109/><T76/><D9/><U21/><E21/><V116/><F116/><W70/><G70/><T93/><D94/><U29/><E29/><V89/><F89/><W113/><G113/><N who="2" m="43017" /><F57/><W48/><G48/><AGARI ba="0,0" hai="36,38,48,50,51" m="43017,24791,41047" machi="48" ten="30,3900,0" yaku="15,1,34,2" doraHai="31" who="2" fromWho="3" sc="285,0,251,0,266,39,198,-39" owari="285,8.5,251,-14.9,305,40.5,159,-34.1" /></mjloggm>