<mjloggm ver="2.3"><GO type="225" lobby="0"/><UN n0="%E3%80%93%E3%81%97%E3%83%BC%E3%82%89%E3%80%93" n1="%E5%B8%86%E7%AB%8B%E5%A4%8F%E8%A1%A3" n2="%E3%80%90%E3%83%88%E3%83%AA%E3%83%A5%E3%83%95%E3%80%91" n3="%E3%81%95%E3%81%8D%E3%81%9F%E3%81%BE%E6%9E%97%E6%AA%8E" dan="17,16,16,16" rate="2124.38,2203.89,2060.29,2080.38" sx="M,M,M,M"/><TAIKYOKU oya="0"/><INIT seed="0,0,0,5,5,31" ten="250,250,250,250" oya="0" hai0="37,128,51,35,33,4,34,12,10,122,124,107,71" hai1="99,78,0,47,61,79,118,53,87,17,25,96,119" hai2="6,101,110,129,65,88,64,102,7,20,93,116,42" hai3="11,44,74,13,95,131,85,46,1,94,75,28,18"/><T67/><D37/><U19/><E0/><V113/><F113/><W83/><G131/><T60/><D128/><U90/><E119/><V126/><F110/><W2/><G2/><T14/><D122/><U50/><E118/><V73/><F73/><W123/><G1/><T114/><D114/><U127/><E127/><V26/><F126/><W130/><G130/><T38/><D38/><U66/><E99/><N who="2" m="57767" /><F42/><W36/><G123/><T77/><D124/><U92/><E96/><V57/><F116/><W56/><G75/><T39/><D39/><U49/><E49/><V55/><F101/><W76/><G74/><T63/><D107/><U41/><E41/><V81/><F81/><W100/><G36/><T121/><D121/><U54/><E54/><V45/><F45/><N who="3" m="17515" /><G28/><T82/><D51/><U134/><E134/><V23/><F23/><W97/><G95/><T27/><D63/><U9/><E9/><V40/><F40/><W108/><G108/><T16/><D27/><U32/><E32/><V48/><F102/><W69/><G69/><T89/><D89/><U21/><REACH who="1" step="1"/><E19/><REACH who="1" ten="250,240,250,250" step="2"/><N who="2" m="12575" /><F129/><W135/><G135/><T91/><D91/><U104/><E104/><V111/><F111/><W15/><G15/><T132/><D132/><U24/><E24/><V52/><F55/><W43/><G43/><T8/><REACH who="0" step="1"/><D34/><REACH who="0" ten="240,240,250,250" step="2"/><U22/><E22/><V105/><F105/><W86/><G86/><AGARI ba="0,2" hai="4,8,10,12,14,16,33,35,60,67,71,77,82,86" machi="86" ten="30,24000,3" yaku="1,1,2,1,7,1,52,2,54,1,53,2" doraHai="31" doraHaiUra="30" who="0" fromWho="3" sc="240,260,240,0,250,0,250,-240" /><INIT seed="0,1,0,4,2,2" ten="500,240,250,10" oya="0" hai0="7,4,43,8,24,14,96,72,58,40,105,99,34" hai1="23,17,20,98,19,84,15,95,70,16,26,28,108" hai2="102,112,57,97,103,62,127,74,3,69,48,53,85" hai3="73,121,129,5,21,115,38,125,132,33,81,119,63"/><T86/><D72/><U60/><E108/><V31/><F112/><W35/><G63/><T90/><D105/><U126/><E126/><V71/><F3/><W42/><G5/><N who="0" m="3343" /><D34/><U18/><E84/><V61/><F74/><W27/><G27/><T82/><D24/><U0/><E0/><V123/><F123/><W47/><G21/><T56/><D56/><U92/><REACH who="1" step="1"/><E98/><REACH who="1" ten="500,230,250,10" step="2"/><N who="0" m="37417" /><D58/><U39/><E39/><V111/><F127/><W101/><G101/><T29/><D29/><U67/><AGARI ba="1,1" hai="15,16,17,18,19,20,23,26,28,60,67,70,92,95" machi="67" ten="30,12000,2" yaku="1,1,0,1,54,1,53,4" doraHai="2" doraHaiUra="13" who="1" fromWho="1" sc="500,-61,230,133,250,-31,10,-31" owari="439,53.9,363,16.3,219,-18.1,-21,-52.1" /></mjloggm>