<mjloggm ver="2.3"><GO type="225" lobby="0"/><UN n0="%72%65%6E%6B%75%6E" n1="%E3%81%BF%E3%81%BF%E3%81%9A" n2="%E3%82%BC%E3%83%AB%E3%83%80%E3%81%AE%E4%BC%9D%E8%AA%AC" n3="%E3%81%99%E3%81%84%E3%81%BE%E3%81%9B%E3%83%BC%E3%82%93" dan="17,18,18,18" rate="2242.88,2262.54,2227.43,2196.96" sx="M,M,M,M"/><TAIKYOKU oya="0"/><INIT seed="0,0,0,0,2,8" ten="250,250,250,250" oya="0" hai0="86,45,1,23,129,67,123,68,53,50,113,93,43" hai1="70,135,15,60,42,92,95,104,2,54,22,121,26" hai2="47,81,19,14,116,119,120,112,41,21,103,24,117" hai3="88,124,84,97,38,94,87,11,134,130,29,126,96"/><T100/><D113/><U36/><E2/><V72/><F120/><W34/><G38/><T78/><D1/><U73/><E73/><V115/><F103/><W30/><G130/><T6/><D123/><U31/><E104/><V128/><F128/><W9/><G134/><T57/><D129/><U111/><E121/><V18/><F81/><W7/><G87/><T80/><D6/><U131/><E135/><V107/><F107/><W79/><G11/><T62/><D23/><U4/><E131/><V12/><F72/><W28/><G34/><T122/><D122/><U56/><E111/><V35/><F35/><W98/><REACH who="3" step="1"/><G79/><REACH who="3" ten="250,250,250,240" step="2"/><T48/><D93/><U114/><E95/><V91/><F91/><W64/><G64/><T55/><REACH who="0" step="1"/><D100/><REACH who="0" ten="240,250,250,240" step="2"/><U83/><E92/><V17/><F115/><W33/><G33/><T3/><D3/><AGARI ba="0,2" hai="3,7,9,28,29,30,84,88,94,96,97,98,124,126" machi="3" ten="40,2600,0" yaku="1,1,54,1,53,0" doraHai="8" doraHaiUra="51" who="3" fromWho="0" sc="240,-26,250,0,250,0,240,46" /><INIT seed="1,0,0,5,5,25" ten="214,250,250,286" oya="1" hai0="39,46,14,37,106,43,130,129,48,87,41,135,4" hai1="23,11,31,58,99,90,101,132,47,93,126,55,57" hai2="8,102,105,77,44,94,2,133,69,62,59,80,51" hai3="32,28,111,21,10,63,18,68,75,125,33,26,15"/><U74/><E74/><V13/><F105/><W36/><G36/><N who="0" m="13899" /><D106/><U0/><E126/><V20/><F69/><W17/><G75/><T118/><D87/><U12/><E132/><V97/><F133/><W103/><G103/><T119/><D135/><U29/><E0/><V96/><F96/><W121/><G121/><T112/><D14/><U92/><E23/><V27/><F2/><W22/><G63/><T128/><D4/><N who="1" m="3175" /><E47/><V104/><F104/><W91/><G91/><T24/><D24/><U110/><E110/><V88/><F102/><W34/><G68/><T100/><D100/><U56/><E55/><V113/><F113/><W35/><G111/><T40/><D112/><U19/><E19/><V109/><F109/><W60/><G60/><T114/><D114/><U81/><E81/><V1/><F1/><W45/><G45/><T9/><D9/><U30/><E57/><V6/><F59/><W38/><G38/><T65/><D65/><U116/><E116/><AGARI ba="0,0" hai="40,41,43,46,48,116,118,119,128,129,130" m="13899" machi="116" ten="40,5200,0" yaku="19,1,34,2" doraHai="25" who="0" fromWho="1" sc="214,52,250,-52,250,0,286,0" /><INIT seed="2,0,0,2,5,28" ten="266,198,250,286" oya="2" hai0="18,71,72,49,115,84,31,117,80,101,3,61,98" hai1="112,62,88,22,121,75,29,122,13,52,100,96,135" hai2="69,89,39,64,46,32,34,36,76,25,134,16,99" hai3="47,51,68,40,108,24,66,65,37,126,15,131,5"/><V116/><F116/><W111/><G126/><T45/><D3/><U44/><E112/><V133/><F76/><W74/><G131/><T79/><D115/><U42/><E75/><V113/><F113/><W50/><G74/><T87/><D117/><U107/><E135/><N who="2" m="51723" /><F64/><N who="3" m="24683" /><G111/><T12/><BYE who="3" /><D31/><UN n3="%E3%81%99%E3%81%84%E3%81%BE%E3%81%9B%E3%83%BC%E3%82%93" /><U78/><E78/><V60/><F60/><W26/><G68/><T9/><D61/><U118/><E118/><V21/><F69/><W6/><G37/><N who="2" m="14409" /><F46/><N who="3" m="25927" /><G108/><T120/><D120/><N who="1" m="46187" /><E42/><V19/><F19/><W109/><G109/><T11/><D11/><U70/><E70/><V20/><F20/><W125/><G125/><T55/><REACH who="0" step="1"/><D71/><REACH who="0" ten="256,198,250,286" step="2"/><U124/><E124/><V59/><F59/><W129/><G129/><T82/><D82/><U86/><E29/><V92/><AGARI ba="0,1" hai="16,21,25,32,34,89,92,99" m="14409,51723" machi="92" ten="40,12000,1" yaku="20,1,52,2,54,1" doraHai="28" who="2" fromWho="2" sc="256,-40,198,-40,250,130,286,-40" /><INIT seed="2,1,0,2,0,8" ten="216,158,380,246" oya="2" hai0="25,113,52,73,50,80,28,57,63,82,117,31,135" hai1="65,105,24,132,18,125,39,90,70,6,47,42,4" hai2="129,127,116,133,77,121,12,48,81,2,72,32,110" hai3="92,53,20,78,76,93,100,119,41,44,124,104,51"/><V16/><RYUUKYOKU type="yao9" ba="1,0" sc="216,0,158,0,380,0,246,0" hai2="2,12,16,32,48,72,77,81,110,116,121,127,129,133" /><INIT seed="2,2,0,1,4,18" ten="216,158,380,246" oya="2" hai0="44,30,88,10,48,55,73,37,109,40,114,78,95" hai1="108,36,134,8,129,86,118,62,75,133,131,68,100" hai2="6,58,12,1,5,23,19,25,81,14,126,67,91" hai3="93,92,102,79,21,32,46,0,64,61,107,130,22"/><V98/><F126/><W3/><G32/><T84/><D114/><U53/><E75/><V87/><F1/><W117/><G117/><T13/><D109/><U34/><E34/><V101/><F67/><W135/><G107/><T71/><D71/><U9/><E100/><V76/><F58/><W132/><G79/><T121/><D121/><U52/><E36/><V59/><F59/><W57/><G130/><N who="1" m="49674" /><E118/><V47/><F47/><W27/><G46/><T112/><D112/><U11/><E108/><V119/><F119/><W31/><G22/><T43/><D30/><U110/><E110/><V122/><F122/><W89/><G102/><T111/><D111/><U82/><E68/><V65/><F65/><W128/><G128/><T51/><D37/><U2/><E2/><V28/><F76/><W41/><G0/><T17/><REACH who="0" step="1"/><D51/><REACH who="0" ten="206,158,380,246" step="2"/><U45/><E62/><V99/><F28/><W90/><G31/><T74/><D74/><U113/><E113/><V50/><F50/><W80/><G61/><T124/><D124/><U54/><E45/><V42/><F98/><W39/><G39/><T70/><D70/><U123/><E123/><V29/><F29/><W72/><G72/><T97/><D97/><U103/><E103/><V83/><F99/><W33/><G57/><T116/><D116/><U85/><E85/><V24/><F101/><W106/><G33/><T49/><D49/><U4/><E4/><V104/><F87/><W20/><G106/><T7/><D7/><U26/><E26/><V120/><F104/><W105/><G105/><T69/><D69/><U35/><E35/><RYUUKYOKU ba="2,1" sc="206,15,158,15,380,-15,246,-15" hai0="10,13,17,40,43,44,48,55,73,78,84,88,95" hai1="8,9,11,52,53,54,82,86,133,134" /><INIT seed="3,3,1,2,3,40" ten="221,173,365,231" oya="3" hai0="117,38,96,107,11,111,82,132,39,50,79,113,21" hai1="2,109,28,62,78,97,122,22,53,54,133,118,8" hai2="120,4,64,42,108,36,119,9,102,72,55,81,91" hai3="49,5,67,34,10,33,94,63,58,103,41,86,15"/><W93/><G34/><T92/><D107/><U125/><E122/><V29/><F64/><W74/><G74/><T104/><D104/><U73/><E109/><V121/><F102/><W35/><G35/><T47/><D117/><U126/><E118/><V19/><F29/><W13/><G33/><T88/><D111/><U14/><E97/><V83/><F55/><N who="1" m="21001" /><E62/><V32/><F19/><W112/><G112/><T65/><D65/><U31/><E2/><N who="2" m="151" /><F32/><W84/><G15/><T56/><D132/><U52/><N who="1" m="21009" /><U45/><DORA hai="17" /><E22/><V123/><F108/><W70/><G70/><T124/><D124/><N who="1" m="47723" /><E133/><V69/><F119/><W46/><G103/><T24/><D11/><U37/><E78/><V60/><F60/><W128/><G128/><T115/><D115/><U25/><E73/><V57/><F72/><W27/><G27/><T116/><D116/><U100/><E100/><V90/><F123/><W1/><G1/><T114/><D114/><U95/><E95/><AGARI ba="3,1" hai="5,10,13,41,46,49,58,63,67,84,86,93,94,95" machi="95" ten="40,3900,0" yaku="8,1,52,1" doraHai="40,17" who="3" fromWho="1" sc="221,0,173,-48,365,0,231,58" /><INIT seed="3,4,0,4,5,13" ten="221,125,365,289" oya="3" hai0="37,36,57,93,64,127,68,97,53,25,134,108,115" hai1="8,20,12,106,59,31,47,5,86,101,54,19,121" hai2="103,87,30,17,123,90,66,39,76,129,80,69,82" hai3="96,126,84,109,73,120,130,95,70,114,58,75,46"/><W22/><G114/><T49/><D115/><U2/><E121/><V11/><F39/><W40/><G70/><T77/><D77/><U0/><E47/><V111/><F123/><W16/><G120/><T79/><D79/><U4/><E106/><V38/><F38/><W99/><G126/><T6/><D6/><U119/><E119/><V85/><F111/><W125/><G125/><T9/><D127/><U60/><E101/><V71/><F66/><W51/><G109/><T52/><D9/><U110/><E110/><V50/><F129/><W67/><G130/><T83/><D83/><U118/><E118/><V98/><F30/><W94/><G75/><T27/><D108/><U45/><E0/><V100/><F100/><W61/><G73/><T131/><D131/><U48/><E2/><V72/><F50/><W133/><G133/><T23/><D53/><U56/><E86/><V112/><F112/><W43/><G43/><T29/><D27/><U124/><E124/><V1/><F72/><W44/><G44/><T14/><D14/><U104/><E104/><V34/><F34/><W3/><G3/><T89/><REACH who="0" step="1"/><D134/><REACH who="0" ten="211,125,365,289" step="2"/><U128/><E128/><V78/><F78/><W26/><G95/><T62/><AGARI ba="4,1" hai="23,25,29,36,37,49,52,57,62,64,68,89,93,97" machi="62" ten="30,8000,1" yaku="1,1,2,1,0,1,54,1,53,1" doraHai="13" doraHaiUra="55" who="0" fromWho="0" sc="211,102,125,-24,365,-24,289,-44" owari="313,11.3,101,-39.9,341,44.1,245,-15.5" /></mjloggm>