<mjloggm ver="2.3"><GO type="225" lobby="0"/><UN n0="%E3%81%A1%E3%82%85%E3%81%86%E3%81%A9%E3%81%8F%E8%B1%A1%E3%81%95%E3%82%93" n1="%E3%81%95%E3%81%8D%E3%81%9F%E3%81%BE%E6%9E%97%E6%AA%8E" n2="%6D%75%75%6D%75%72%61" n3="%E3%81%A9%E3%82%8F%E3%82%93%E3%81%94" dan="16,16,16,16" rate="2155.13,2101.11,2141.69,2152.74" sx="M,M,F,M"/><TAIKYOKU oya="0"/><INIT seed="0,0,0,3,5,78" ten="250,250,250,250" oya="0" hai0="100,26,76,74,66,10,39,47,117,3,27,17,89" hai1="63,69,73,59,32,97,6,134,7,11,14,107,133" hai2="124,24,56,104,71,118,93,18,37,48,114,25,99" hai3="106,135,31,82,75,49,13,77,83,130,111,55,46"/><T30/><D117/><U103/><E32/><V123/><F37/><W53/><G106/><T126/><D100/><U122/><E122/><V29/><F71/><W68/><G68/><T101/><D101/><U115/><E115/><V116/><F114/><W16/><G31/><T80/><D66/><U128/><E128/><V5/><F104/><W113/><G113/><T34/><D89/><U129/><E129/><V112/><F123/><W42/><G130/><T57/><D57/><U102/><E102/><N who="2" m="60783" /><F5/><W35/><G35/><T110/><D27/><U36/><E36/><V19/><F124/><W131/><G111/><T132/><D126/><U120/><E69/><V105/><F105/><W92/><G135/><N who="1" m="51722" /><E73/><V72/><F72/><W43/><G131/><T121/><D132/><U15/><E120/><V2/><F2/><W58/><G92/><T22/><D121/><U62/><E59/><V51/><F25/><W28/><G28/><T60/><D60/><N who="1" m="23083" /><E7/><V33/><F56/><W44/><G58/><T91/><D91/><U125/><E125/><V87/><F112/><W65/><G65/><T94/><D94/><U4/><E4/><V85/><F51/><N who="3" m="27039" /><G75/><T79/><D79/><U90/><E90/><V9/><F48/><N who="3" m="26711" /><G77/><T54/><D110/><U41/><E41/><V50/><F50/><W86/><G49/><N who="0" m="28991" /><D39/><U127/><E127/><V81/><F33/><W12/><G55/><T38/><D38/><U95/><E107/><V61/><F61/><W45/><G53/><T1/><D34/><U8/><E6/><V20/><F116/><W70/><G70/><T109/><D109/><RYUUKYOKU ba="0,0" sc="250,15,250,15,250,-15,250,-15" hai0="1,3,10,17,22,26,30,74,76,80" hai1="8,11,14,15,95,97,103" /><INIT seed="0,1,0,4,1,111" ten="265,265,235,235" oya="0" hai0="62,48,26,72,129,115,74,107,117,68,40,123,11" hai1="94,75,93,43,135,3,130,51,21,109,88,22,23" hai2="70,60,9,16,20,103,65,38,97,78,18,101,80" hai3="55,122,89,83,37,45,79,113,54,7,69,131,27"/><T110/><D123/><U121/><E109/><V119/><F38/><W49/><G69/><T59/><D110/><U25/><E121/><V128/><F128/><W1/><G122/><T126/><D117/><U2/><E130/><V61/><F119/><W53/><G131/><T57/><D129/><U85/><E75/><V12/><F61/><W66/><G66/><T24/><D107/><U132/><E25/><V114/><F114/><W50/><G89/><T8/><D68/><U29/><E29/><V30/><F30/><W36/><G113/><T76/><D115/><U47/><REACH who="1" step="1"/><E93/><REACH who="1" ten="265,255,235,235" step="2"/><V98/><F103/><W81/><G27/><T10/><D24/><U92/><E92/><V84/><F101/><W67/><G83/><T52/><D26/><AGARI ba="1,1" hai="9,12,16,18,20,26,60,65,70,78,80,84,97,98" machi="26" ten="30,2000,0" yaku="7,1,54,1" doraHai="111" who="2" fromWho="0" sc="265,-23,255,0,235,33,235,0" /><INIT seed="1,0,0,4,3,30" ten="242,255,268,235" oya="1" hai0="106,52,35,55,89,93,33,97,81,27,95,129,117" hai1="45,34,72,16,74,38,43,101,131,60,8,91,22" hai2="79,108,18,9,46,6,21,12,15,62,99,134,20" hai3="53,132,11,87,63,69,13,113,1,56,121,37,0"/><U86/><E131/><V88/><F108/><W103/><G132/><T84/><D117/><U128/><E128/><V100/><F134/><W58/><G121/><T75/><D129/><U105/><E34/><V127/><F127/><W94/><G113/><T78/><D27/><U64/><E8/><V40/><F79/><W118/><G69/><T3/><D3/><U5/><E5/><V83/><F62/><W25/><G37/><T110/><D110/><U26/><E101/><V28/><F28/><W80/><G25/><T124/><D124/><U24/><E24/><V47/><F21/><W48/><G118/><T10/><D10/><U59/><REACH who="1" step="1"/><E105/><REACH who="1" ten="242,245,268,235" step="2"/><V39/><F9/><W23/><G23/><T73/><D106/><U68/><E68/><V32/><F100/><W65/><G103/><T44/><D73/><U51/><E51/><V4/><F32/><W98/><G0/><T61/><D75/><U85/><E85/><V114/><F4/><N who="3" m="3303" /><G1/><T104/><D104/><U14/><E14/><V57/><F15/><W125/><G125/><T41/><D95/><AGARI ba="0,1" hai="16,22,26,38,43,45,59,60,64,72,74,86,91,95" machi="95" ten="30,5800,0" yaku="1,1,7,1,54,1,53,0" doraHai="30" doraHaiUra="31" who="1" fromWho="0" sc="242,-58,245,68,268,0,235,0" /><INIT seed="1,1,0,2,5,89" ten="184,313,268,235" oya="1" hai0="8,23,99,45,76,25,1,67,74,5,38,108,127" hai1="0,129,43,47,55,54,59,52,40,85,60,70,46" hai2="10,115,4,69,73,84,24,135,110,133,94,103,132" hai3="49,30,51,66,101,71,112,75,82,105,48,90,7"/><U33/><E0/><V106/><F73/><W100/><G112/><T78/><D78/><U56/><E33/><V26/><F69/><W19/><G105/><T63/><D108/><U117/><E85/><V21/><F110/><W92/><G7/><T11/><D127/><U27/><E27/><V50/><F115/><W32/><G19/><T31/><D8/><U22/><E22/><V102/><F106/><W39/><G39/><T9/><D9/><U134/><E117/><V109/><F50/><W14/><G14/><T79/><D99/><U113/><E113/><V104/><F104/><W125/><G125/><T15/><D1/><U68/><E129/><V44/><F44/><N who="1" m="16937" /><E134/><V16/><F109/><W72/><G30/><T12/><D12/><U13/><E13/><N who="2" m="5319" /><F26/><W123/><G32/><T37/><D74/><U93/><E93/><V29/><F29/><W18/><G75/><T42/><REACH who="0" step="1"/><D38/><REACH who="0" ten="174,313,268,235" step="2"/><U28/><E28/><V58/><F135/><W65/><G72/><T121/><D121/><U96/><E96/><V107/><F133/><W130/><G123/><T2/><D2/><U17/><E17/><V111/><F132/><W95/><G18/><T128/><D128/><U77/><E77/><V114/><F111/><W81/><G130/><T20/><D20/><U120/><E120/><V3/><F114/><W62/><G101/><N who="2" m="38409" /><F3/><W64/><G100/><T36/><D36/><U118/><E118/><V35/><F107/><W97/><G97/><T122/><D122/><U80/><E80/><N who="3" m="30826" /><G90/><T61/><D61/><U86/><E60/><V126/><F126/><W116/><G116/><RYUUKYOKU ba="1,1" sc="174,15,313,-15,268,-15,235,15" hai0="5,11,15,23,25,31,37,42,45,63,67,76,79" hai3="48,49,51,62,64,65,66,71,92,95" /><INIT seed="2,2,1,4,1,12" ten="189,298,253,250" oya="2" hai0="19,7,117,43,132,41,6,102,64,55,60,14,49" hai1="134,76,68,126,28,61,111,131,119,13,95,70,9" hai2="85,17,59,42,37,32,27,125,113,44,96,99,115" hai3="51,5,97,133,26,80,45,120,33,46,39,128,130"/><V121/><F121/><W82/><G120/><T100/><D132/><U73/><E111/><V122/><F122/><W90/><G5/><T48/><D117/><U87/><E119/><V30/><F125/><W77/><G133/><T94/><D6/><U31/><E73/><V107/><F85/><N who="3" m="50487" /><G97/><T118/><D118/><U109/><E109/><V54/><F96/><W34/><G39/><T129/><D129/><N who="3" m="49769" /><G26/><T110/><D110/><U123/><E123/><V52/><F54/><N who="3" m="30063" /><G46/><T35/><D7/><U50/><E134/><V56/><F56/><W2/><G2/><T47/><D35/><U67/><E126/><V93/><F107/><W75/><AGARI ba="2,1" hai="33,34,75,77,80" m="30063,49769,50487" machi="75" ten="30,1100,0" yaku="19,1" doraHai="12" who="3" fromWho="3" sc="189,-5,298,-5,253,-7,250,27" /><INIT seed="3,0,0,5,2,115" ten="184,293,246,277" oya="3" hai0="94,75,61,56,48,30,17,66,31,1,127,119,13" hai1="71,97,38,108,36,96,55,88,109,34,53,129,131" hai2="22,73,10,63,87,59,47,121,23,118,54,128,105" hai3="2,12,133,111,15,112,91,14,16,27,18,43,89"/><W42/><G112/><T32/><D75/><U67/><E34/><V81/><F118/><W20/><G2/><T78/><D1/><U40/><E71/><V98/><F73/><W120/><G133/><T125/><D78/><U45/><E67/><V8/><F128/><N who="1" m="49225" /><E36/><V86/><F86/><W7/><G111/><N who="1" m="42570" /><E88/><N who="3" m="33866" /><G120/><T123/><D123/><U5/><E5/><V44/><F121/><W29/><G7/><T62/><D48/><U126/><E126/><V50/><F44/><W104/><G104/><T37/><D37/><U132/><E132/><V101/><F23/><N who="3" m="11743" /><G14/><T49/><D49/><U72/><E72/><V90/><REACH who="2" step="1"/><F22/><AGARI ba="0,0" hai="12,16,20,22,27,29,42,43" m="11743,33866" machi="22" ten="30,5800,0" yaku="8,1,54,2" doraHai="115" who="3" fromWho="2" sc="184,0,293,0,246,-58,277,58" owari="184,-31.6,293,9.3,188,-21.2,335,43.5" /></mjloggm>