<mjloggm ver="2.3"><GO type="225" lobby="0"/><UN n0="%E3%81%99%E3%81%84%E3%81%BE%E3%81%9B%E3%83%BC%E3%82%93" n1="%E3%81%BF%E3%81%BF%E3%81%9A" n2="%E5%B7%9D%E7%80%AC%E6%99%BA%E5%AD%90" n3="%E3%83%97%E3%83%AC%E3%83%B4%E3%82%A1%E3%83%86%E3%82%A3" dan="16,17,16,16" rate="2224.14,2208.44,2086.58,2101.80" sx="M,M,M,F"/><TAIKYOKU oya="0"/><INIT seed="0,0,0,4,1,47" ten="250,250,250,250" oya="0" hai0="15,79,37,85,54,33,75,62,67,122,104,86,108" hai1="25,110,134,130,102,49,21,30,94,112,28,29,81" hai2="24,71,42,119,52,135,3,89,131,105,103,17,100" hai3="4,87,60,121,6,50,126,68,31,8,38,128,59"/><T120/><D104/><U34/><E110/><V74/><F3/><W101/><G38/><T65/><D33/><U107/><E107/><V91/><F71/><W73/><G73/><T76/><D37/><U116/><E116/><V13/><F74/><W92/><G126/><T12/><D75/><U35/><E130/><V117/><F131/><W125/><G125/><T127/><D127/><U55/><E134/><V22/><F42/><W43/><G128/><T115/><D54/><U99/><E112/><V48/><F135/><W9/><G31/><T88/><D62/><U64/><E64/><V56/><F105/><W83/><G68/><T46/><D46/><U45/><E35/><V133/><F133/><W93/><G121/><T95/><D95/><N who="3" m="36425" /><G101/><N who="2" m="38985" /><F24/><W78/><G4/><T70/><D70/><U41/><E34/><V27/><F27/><W7/><G7/><T72/><D72/><U80/><REACH who="1" step="1"/><E41/><REACH who="1" ten="250,240,250,250" step="2"/><V123/><F123/><W69/><G69/><T114/><D108/><U66/><E66/><V10/><F119/><W84/><G43/><T44/><D115/><U118/><E118/><V97/><F117/><W16/><G6/><T132/><D114/><U26/><E26/><N who="2" m="14671" /><F97/><W36/><G36/><T23/><D132/><U98/><E98/><V18/><AGARI ba="0,1" hai="10,13,18,48,52,56,89,91" m="14671,38985" machi="18" ten="30,4000,0" yaku="8,1,52,1,54,1" doraHai="47" who="2" fromWho="2" sc="250,-20,240,-10,250,50,250,-10" /><INIT seed="1,0,0,0,1,108" ten="230,230,300,240" oya="1" hai0="90,3,110,26,6,71,95,105,65,16,74,116,67" hai1="112,21,56,73,135,30,43,92,97,117,96,10,48" hai2="104,5,25,115,60,81,132,114,27,121,77,62,54" hai3="41,123,127,29,126,79,130,88,86,20,53,2,58"/><U66/><E117/><V45/><F121/><W15/><G123/><T113/><D116/><U98/><E73/><V33/><F104/><W133/><G2/><T34/><D74/><U72/><E72/><V39/><F5/><W128/><G79/><T61/><D105/><U102/><E135/><V103/><F103/><W82/><G41/><T69/><D113/><N who="2" m="43018" /><F132/><W100/><G100/><T47/><D110/><U94/><E112/><V37/><F33/><W131/><G133/><T22/><D34/><U51/><E10/><V35/><F35/><W17/><REACH who="3" step="1"/><G29/><REACH who="3" ten="230,230,300,230" step="2"/><T75/><D3/><U42/><E30/><V18/><F37/><W32/><G32/><T11/><D75/><U89/><E43/><V124/><F39/><W50/><AGARI ba="0,1" hai="15,17,20,50,53,58,82,86,88,126,127,128,130,131" machi="50" ten="40,8000,1" yaku="1,1,0,1,19,1,54,1,53,1" doraHai="108" doraHaiUra="14" who="3" fromWho="3" sc="230,-20,230,-40,300,-20,230,90" /><INIT seed="2,0,0,3,1,44" ten="210,190,280,320" oya="2" hai0="103,74,6,116,94,13,60,120,32,105,25,27,70" hai1="39,12,127,40,129,33,133,23,124,15,123,97,75" hai2="85,28,63,76,11,46,112,7,119,131,108,30,19" hai3="58,53,26,37,104,132,96,79,36,98,14,18,61"/><V43/><F112/><W80/><G132/><T92/><D120/><U102/><E33/><V66/><F119/><W45/><G26/><T42/><D74/><U109/><E75/><V41/><F131/><W93/><G104/><T38/><D116/><U87/><E129/><V82/><F19/><W1/><G1/><T86/><D32/><U31/><E123/><V59/><F108/><W22/><G45/><T64/><D42/><U5/><E133/><V78/><F78/><W62/><G61/><T135/><D38/><U134/><E134/><V130/><F130/><W10/><G10/><T21/><D135/><U8/><E109/><V47/><F47/><W55/><G53/><T99/><D86/><U24/><E40/><V126/><F126/><N who="1" m="48169" /><E39/><V16/><F41/><W88/><REACH who="3" step="1"/><G98/><REACH who="3" ten="210,190,280,310" step="2"/><T29/><D27/><U84/><E12/><N who="2" m="7199" /><F7/><W48/><G48/><AGARI ba="0,1" hai="28,30,43,46,48,59,63,66,76,82,85" m="7199" machi="48" ten="30,5800,0" yaku="8,1,52,1,54,1" doraHai="44" who="2" fromWho="3" sc="210,0,190,0,280,68,310,-58" /><INIT seed="2,1,0,2,2,115" ten="210,190,348,252" oya="2" hai0="35,124,25,131,7,45,22,102,108,16,113,56,58" hai1="71,132,28,13,46,105,32,119,38,114,40,76,67" hai2="104,29,64,122,118,61,125,5,0,89,18,133,37" hai3="63,24,74,1,55,26,100,73,109,103,97,106,53"/><V69/><F122/><W20/><G1/><T117/><D113/><U110/><E114/><V8/><F37/><W135/><G135/><T17/><D108/><U51/><E110/><V120/><F120/><W48/><G109/><T14/><D124/><U79/><E132/><V11/><F104/><W21/><G63/><T23/><D131/><U27/><E119/><V84/><F133/><W94/><G106/><T9/><D35/><U91/><E13/><V126/><F29/><W50/><G94/><T127/><D127/><N who="2" m="48650" /><F18/><W96/><AGARI ba="1,0" hai="20,21,24,26,48,50,53,55,73,74,96,97,100,103" machi="96" ten="25,3200,0" yaku="0,1,22,2" doraHai="115" who="3" fromWho="3" sc="210,-9,190,-9,348,-17,252,35" /><INIT seed="3,0,0,2,0,5" ten="201,181,331,287" oya="3" hai0="54,120,128,72,113,0,99,61,81,55,44,86,64" hai1="37,26,33,43,77,23,92,69,28,1,78,6,13" hai2="63,109,98,111,125,67,30,123,96,108,52,42,9" hai3="12,76,102,85,80,46,73,121,62,114,47,39,8"/><W18/><G114/><T131/><D120/><U38/><E69/><V4/><F125/><W122/><G102/><T127/><D127/><U53/><E53/><V129/><F129/><N who="0" m="49738" /><D0/><U94/><E78/><V84/><F123/><W95/><G39/><N who="1" m="14858" /><E43/><V83/><F30/><W117/><G117/><T103/><D72/><U14/><E14/><N who="2" m="5415" /><F52/><W41/><G41/><T7/><D7/><U16/><E77/><N who="2" m="46191" /><F42/><W93/><G121/><T22/><D22/><U15/><E15/><V19/><F19/><W3/><G122/><T124/><D124/><U31/><E28/><V130/><F130/><W118/><G118/><T60/><D113/><U24/><E26/><V29/><F29/><W110/><G110/><T82/><D82/><U56/><E56/><AGARI ba="0,0" hai="56,63,67,96,98,108,109,111" m="46191,5415" machi="56" ten="30,2000,0" yaku="14,1,52,1" doraHai="5" who="2" fromWho="1" sc="201,0,181,-20,331,20,287,0" owari="201,-19.9,161,-33.9,351,45.1,287,8.7" /></mjloggm>