<mjloggm ver="2.3"><GO type="225" lobby="0"/><UN n0="%E3%81%99%E3%81%84%E3%81%BE%E3%81%9B%E3%83%BC%E3%82%93" n1="%E6%9C%AA%E6%9D%A5%E5%B0%91%E5%B9%B4" n2="%E3%82%A2%E3%83%9E%E3%83%9D%EF%BD%9E%EF%BD%9E%E3%83%A9" n3="%E3%81%A1%E3%82%85%E3%81%86%E3%81%A9%E3%81%8F%E8%B1%A1%E3%81%95%E3%82%93" dan="16,16,17,17" rate="2104.00,2165.12,2224.63,2180.38" sx="M,M,M,M"/><TAIKYOKU oya="0"/><INIT seed="0,0,0,3,4,70" ten="250,250,250,250" oya="0" hai0="10,52,84,87,17,105,92,98,28,124,113,82,42" hai1="88,72,0,35,122,96,34,29,63,131,103,129,120" hai2="85,12,127,108,114,119,50,106,56,93,1,14,51" hai3="90,41,40,8,44,31,95,65,27,81,13,15,3"/><T54/><D113/><U43/><E0/><V20/><F106/><W134/><G134/><T121/><D105/><U57/><E72/><V83/><F1/><W11/><G65/><T4/><D121/><U104/><E43/><V135/><F108/><W117/><G81/><T74/><D74/><U22/><E22/><V21/><F127/><W36/><G41/><T68/><D68/><U133/><E133/><V19/><F119/><W125/><G125/><T62/><D28/><U6/><E6/><V97/><F114/><W94/><G117/><T109/><D17/><U48/><E48/><V115/><F115/><W64/><G64/><T45/><D109/><U77/><E77/><N who="2" m="46319" /><F56/><W80/><G80/><T16/><D16/><U55/><E88/><N who="2" m="55463" /><F135/><W128/><G128/><N who="1" m="49226" /><E29/><V69/><F69/><W76/><G3/><T58/><D124/><U61/><E63/><V59/><F59/><W71/><G71/><T32/><D32/><AGARI ba="0,0" hai="32,34,35,55,57,61,96,103,104,120,122" m="49226" machi="32" ten="30,1000,0" yaku="19,1" doraHai="70" who="1" fromWho="0" sc="250,-10,250,10,250,0,250,0" /><INIT seed="1,0,0,2,5,94" ten="240,260,250,250" oya="1" hai0="25,53,13,66,62,120,73,129,93,68,132,59,39" hai1="43,97,49,30,75,54,21,15,130,64,96,127,35" hai2="10,2,77,23,60,89,3,128,46,12,20,116,36" hai3="121,41,70,22,108,50,74,104,8,5,101,40,26"/><U91/><E75/><V135/><F77/><W107/><G121/><T126/><D120/><U79/><E35/><V115/><F60/><W80/><G70/><T117/><D117/><U61/><E79/><V105/><F89/><W47/><G108/><T114/><D114/><U110/><E43/><V65/><F65/><W56/><G40/><T122/><D122/><U57/><E110/><V7/><F46/><W78/><G101/><T98/><D73/><U109/><E109/><V124/><F105/><W112/><G56/><T83/><D39/><U71/><E127/><V9/><F36/><W45/><G45/><T84/><D126/><U87/><E130/><V27/><F116/><W34/><G34/><T99/><D129/><U133/><E133/><V76/><F76/><W123/><G112/><T51/><D132/><U111/><E111/><V85/><F85/><W14/><REACH who="3" step="1"/><G123/><REACH who="3" ten="240,260,250,240" step="2"/><T131/><D131/><U92/><E30/><AGARI ba="0,1" hai="5,8,14,22,26,30,41,47,50,74,78,80,104,107" machi="30" ten="30,7700,0" yaku="1,1,2,1,7,1,53,1" doraHai="94" doraHaiUra="106" who="3" fromWho="1" sc="240,0,260,-77,250,0,240,87" /><INIT seed="2,0,0,1,0,1" ten="240,183,250,327" oya="2" hai0="24,41,56,28,104,108,93,55,51,99,91,26,73" hai1="128,88,87,76,65,35,7,103,101,12,63,84,44" hai2="105,98,97,21,127,58,86,125,126,18,96,25,52" hai3="82,110,62,115,43,107,57,37,113,64,85,79,116"/><V123/><F123/><W20/><G116/><T92/><D108/><U17/><E35/><V119/><F119/><W5/><G107/><T61/><D73/><U14/><E128/><V34/><F34/><W81/><G110/><T39/><D39/><U114/><E114/><N who="3" m="43530" /><G20/><T102/><D104/><U31/><E31/><V77/><F105/><W134/><G134/><T13/><D28/><U22/><E44/><V8/><F8/><W50/><G37/><T53/><D13/><U11/><E76/><V133/><F133/><W46/><G81/><T71/><D41/><U83/><E87/><V120/><F120/><W40/><G5/><T15/><D15/><U47/><REACH who="1" step="1"/><E47/><REACH who="1" ten="240,173,250,327" step="2"/><V68/><F86/><W78/><G79/><T94/><D71/><AGARI ba="0,1" hai="7,11,12,14,17,22,63,65,71,83,84,88,101,103" machi="71" ten="30,8000,1" yaku="1,1,2,1,7,1,52,1,54,1,53,0" doraHai="1" doraHaiUra="124" who="1" fromWho="0" sc="240,-80,173,90,250,0,327,0" /><INIT seed="3,0,0,4,5,48" ten="160,263,250,327" oya="3" hai0="73,64,123,88,12,60,13,93,49,79,76,45,28" hai1="97,24,82,111,43,107,92,110,95,26,6,74,96" hai2="90,39,66,91,128,40,11,30,84,68,54,121,44" hai3="61,131,1,27,8,21,112,98,86,124,70,2,50"/><W129/><G112/><T85/><D123/><U116/><E6/><V51/><F128/><N who="3" m="49227" /><G124/><T52/><D28/><U42/><E107/><V14/><F30/><N who="3" m="17775" /><G98/><N who="1" m="37994" /><E116/><V55/><F121/><W67/><G8/><T10/><D73/><U32/><E82/><N who="2" m="49431" /><F68/><W7/><G7/><T5/><D13/><U127/><E74/><V113/><F39/><W106/><G106/><T80/><D80/><U135/><E32/><V34/><F34/><W36/><G36/><T105/><D105/><U25/><E135/><V31/><F31/><W9/><G9/><T119/><D119/><U115/><E127/><V17/><F66/><W16/><G16/><T62/><D62/><U104/><E104/><V78/><F78/><W114/><G114/><T56/><AGARI ba="0,0" hai="5,10,12,45,49,52,56,60,64,76,79,85,88,93" machi="56" ten="20,12000,2" yaku="0,1,7,1,8,1,52,1,54,2" doraHai="48" who="0" fromWho="0" sc="160,120,263,-30,250,-30,327,-60" /><INIT seed="4,0,0,3,2,115" ten="280,233,220,267" oya="0" hai0="20,67,119,77,11,15,16,6,133,75,38,63,84" hai1="21,101,31,96,71,73,18,69,90,66,25,50,92" hai2="110,116,125,53,88,51,61,74,65,43,10,122,91" hai3="64,104,47,89,118,55,81,83,72,35,52,107,1"/><T36/><D119/><U128/><E73/><V54/><F110/><W12/><G1/><T4/><D75/><U112/><E128/><V121/><F74/><W0/><G0/><T62/><D133/><U86/><E112/><V79/><F79/><W14/><G72/><T99/><D99/><U127/><E127/><V45/><F125/><W124/><G64/><T5/><D11/><U42/><E66/><V2/><F116/><W58/><G47/><T113/><D113/><U103/><E103/><V30/><F30/><W33/><G89/><N who="2" m="34377" /><F2/><W19/><G19/><T93/><D63/><U28/><E71/><V130/><F130/><W39/><G58/><T29/><D29/><U87/><E69/><V23/><F122/><W46/><G46/><T34/><D34/><U114/><E114/><V44/><F121/><W49/><G49/><T22/><D22/><U24/><E24/><V17/><F10/><W32/><G32/><T13/><D13/><U111/><E111/><V80/><F80/><W7/><G124/><T59/><REACH who="0" step="1"/><D93/><REACH who="0" ten="270,233,220,267" step="2"/><N who="1" m="58511" /><E87/><V123/><F123/><W132/><G132/><T106/><D106/><U76/><E31/><V109/><F109/><W37/><G118/><T60/><D60/><U85/><E28/><V82/><F82/><AGARI ba="0,1" hai="4,5,6,15,16,20,36,38,59,62,67,77,82,84" machi="82" ten="40,3900,0" yaku="1,1,54,1,53,0" doraHai="115" doraHaiUra="100" who="0" fromWho="2" sc="270,49,233,0,220,-39,267,0" owari="319,41.9,233,-16.7,181,-31.9,267,6.7" /></mjloggm>