<mjloggm ver="2.3"><GO type="225" lobby="0"/><UN n0="%E8%81%B7%E6%A5%AD%E3%80%81%E9%A2%A8%32" n1="%E9%80%9F%E6%B0%B4%E5%87%9B%E9%A6%99" n2="%E3%83%B4%E3%83%A0%EF%BC%99%E3%81%A6" n3="%E8%A8%88%E7%AE%97%E6%A9%9F%E8%87%AA%E7%84%B6" dan="16,16,17,17" rate="2111.90,2084.92,2180.38,2227.22" sx="M,F,M,M"/><TAIKYOKU oya="0"/><INIT seed="0,0,0,0,1,61" ten="250,250,250,250" oya="0" hai0="9,72,36,46,42,57,81,32,135,27,100,80,28" hai1="52,118,109,86,48,40,112,62,11,30,94,117,3" hai2="18,44,125,69,16,47,88,110,65,123,126,97,131" hai3="104,12,34,70,58,25,107,50,134,87,4,120,54"/><T59/><D135/><U5/><E109/><V93/><F123/><W114/><G114/><T24/><D100/><U121/><E121/><V84/><F110/><W90/><G134/><T31/><D9/><U133/><E112/><V103/><F131/><W95/><G70/><T108/><D108/><U74/><E74/><V29/><F29/><W66/><G120/><T23/><REACH who="0" step="1"/><D72/><REACH who="0" ten="240,250,250,250" step="2"/><U26/><E133/><V67/><F125/><W38/><G107/><T79/><D79/><U33/><E118/><V129/><F126/><W10/><G104/><T119/><D119/><U20/><E117/><V37/><F129/><W92/><G10/><T89/><D89/><U41/><E62/><V105/><F69/><W6/><G90/><T82/><AGARI ba="0,1" hai="23,24,27,28,31,32,36,42,46,57,59,80,81,82" machi="82" ten="30,3000,0" yaku="1,1,0,1,53,0" doraHai="61" doraHaiUra="35" who="0" fromWho="0" sc="240,40,250,-10,250,-10,250,-10" /><INIT seed="0,1,0,3,1,124" ten="280,240,240,240" oya="0" hai0="39,115,93,112,61,50,59,135,25,79,18,126,105" hai1="129,131,77,44,31,9,3,57,32,2,48,85,62" hai2="70,34,47,83,35,130,80,87,67,53,106,128,134" hai3="63,4,84,46,107,119,68,58,100,114,14,94,6"/><T90/><D105/><U97/><E31/><V123/><F123/><W73/><G114/><T88/><D39/><U33/><E97/><V110/><F106/><W127/><G119/><T8/><D126/><U15/><E85/><V30/><F110/><W91/><G68/><T16/><D135/><U104/><E77/><V0/><F0/><W92/><G73/><T55/><D79/><U38/><E104/><V49/><F134/><W19/><G127/><T7/><D115/><U116/><E38/><V37/><F37/><W45/><G107/><T60/><D112/><U12/><E12/><V64/><F80/><W81/><G45/><T43/><D90/><U121/><E121/><V23/><F23/><N who="3" m="11767" /><G46/><N who="0" m="25951" /><D7/><N who="3" m="2601" /><G100/><T108/><D108/><U41/><E116/><V54/><F54/><AGARI ba="1,0" hai="54,58,63,81,84,91,92,94" m="2601,11767" machi="54" ten="30,1000,0" yaku="8,1" doraHai="124" who="3" fromWho="2" sc="280,0,240,0,240,-13,240,13" /><INIT seed="1,0,0,1,1,65" ten="280,240,227,253" oya="1" hai0="69,132,103,54,20,112,30,88,48,131,27,52,68" hai1="29,19,107,85,106,51,130,118,57,4,59,2,17" hai2="36,10,125,94,34,16,39,58,128,101,90,91,97" hai3="82,102,55,74,78,70,84,89,129,64,116,43,133"/><U63/><E118/><V77/><F34/><W3/><G3/><T126/><D112/><U44/><E130/><V60/><F128/><W24/><G129/><T62/><D131/><U98/><E29/><V46/><F125/><W119/><G43/><T7/><D126/><U66/><E57/><V22/><F77/><W45/><G133/><T56/><D132/><U96/><E4/><V6/><F39/><W32/><G102/><T79/><D7/><U93/><E2/><V135/><F135/><W12/><G12/><T8/><D8/><U134/><E134/><V11/><F46/><W37/><G55/><T49/><D79/><U50/><E50/><V123/><F36/><W111/><G111/><T26/><D103/><U75/><E75/><V47/><F47/><W41/><G24/><T25/><D88/><N who="2" m="33834" /><F6/><W42/><G42/><T104/><D104/><U40/><E107/><V18/><F123/><W87/><G32/><T124/><D124/><U72/><E72/><V105/><F105/><W23/><G23/><T80/><D80/><U61/><E106/><V31/><F31/><W99/><G99/><N who="1" m="37930" /><E63/><V67/><F18/><W100/><G100/><T21/><D62/><U38/><E38/><V15/><AGARI ba="0,0" hai="10,11,15,16,22,58,60,67,94,97,101" m="33834" machi="15" ten="30,4000,0" yaku="8,1,54,2" doraHai="65" who="2" fromWho="2" sc="280,-10,240,-20,227,40,253,-10" /><INIT seed="2,0,0,5,3,86" ten="270,220,267,243" oya="2" hai0="6,105,113,124,37,30,91,96,75,4,55,12,125" hai1="122,81,42,22,115,63,111,0,103,16,78,101,79" hai2="109,107,133,53,58,45,17,49,27,82,104,26,130" hai3="99,50,132,119,69,94,13,5,56,10,33,60,52"/><V135/><F130/><W25/><G132/><N who="2" m="50761" /><F109/><W67/><G119/><T7/><D113/><U89/><E0/><V87/><F58/><W1/><G25/><N who="2" m="9225" /><F17/><W120/><G33/><T98/><D30/><U127/><E115/><V112/><F112/><W121/><REACH who="3" step="1"/><G1/><REACH who="3" ten="270,220,267,233" step="2"/><T40/><D124/><U126/><E127/><V28/><F28/><W77/><G77/><AGARI ba="0,1" hai="45,49,53,77,82,87,104,107" m="9225,50761" machi="77" ten="30,1500,0" yaku="20,1" doraHai="86" who="2" fromWho="3" sc="270,0,220,0,267,25,233,-15" /><INIT seed="2,1,0,4,0,41" ten="270,220,292,218" oya="2" hai0="40,48,65,120,19,44,23,116,60,132,79,105,81" hai1="6,99,0,32,124,128,117,15,100,51,61,73,122" hai2="25,96,17,123,86,97,5,130,7,74,135,92,54" hai3="33,95,37,111,68,47,14,110,1,134,21,70,29"/><V90/><F123/><W118/><G118/><T121/><D105/><U10/><E73/><V125/><F74/><W39/><G1/><T24/><D116/><U63/><E117/><V34/><F125/><W66/><G134/><T26/><D24/><U31/><E124/><V64/><F135/><W57/><G33/><T12/><D26/><U89/><E128/><V62/><F130/><W22/><G95/><T127/><D132/><U53/><E122/><V119/><F119/><W83/><G83/><T18/><D18/><U108/><E108/><N who="3" m="41514" /><G29/><T71/><REACH who="0" step="1"/><D127/><REACH who="0" ten="260,220,292,218" step="2"/><U28/><E28/><V91/><F25/><W46/><G21/><T58/><D58/><U78/><E31/><V9/><F34/><W55/><G22/><T69/><D69/><N who="3" m="26729" /><G14/><T45/><D45/><N who="3" m="16905" /><G66/><T52/><D52/><U114/><E32/><V115/><F54/><W30/><G30/><T131/><D131/><U43/><E53/><V133/><F64/><W126/><G126/><T36/><D36/><U56/><E15/><V82/><F133/><W93/><G93/><T80/><D80/><U101/><E0/><V72/><F82/><W88/><G88/><T59/><D59/><U87/><E89/><V103/><F91/><W50/><AGARI ba="1,1" hai="37,39,50,55,57" m="16905,26729,41514" machi="50" ten="40,12000,2" yaku="14,1,34,2,52,3" doraHai="41" who="3" fromWho="3" sc="260,-31,220,-31,292,-61,218,133" /><INIT seed="3,0,0,1,0,16" ten="229,189,231,351" oya="3" hai0="37,131,125,64,91,18,133,23,67,123,116,107,115" hai1="54,127,11,134,22,76,48,120,21,29,30,66,88" hai2="126,5,0,110,34,78,81,69,35,122,51,6,65" hai3="108,132,118,72,96,36,28,94,47,100,14,17,40"/><W70/><G118/><T39/><D116/><U121/><E120/><V46/><F122/><W38/><G72/><T92/><D123/><U43/><E121/><V15/><F0/><W20/><G70/><T85/><D107/><U56/><E134/><V61/><F110/><W7/><G132/><T93/><D133/><U9/><E127/><V130/><F130/><W49/><G108/><T71/><D125/><U97/><E76/><V25/><F126/><W33/><G7/><T104/><D104/><U42/><E66/><V1/><F1/><W26/><AGARI ba="0,0" hai="14,17,20,26,28,33,36,38,40,47,49,94,96,100" machi="26" ten="30,3000,0" yaku="0,1,52,1" doraHai="16" who="3" fromWho="3" sc="229,-10,189,-10,231,-10,351,30" owari="219,-18.1,179,-32.1,221,2.1,381,48.1" /></mjloggm>