<mjloggm ver="2.3"><GO type="225" lobby="0"/><UN n0="%E6%9D%B1%E9%A2%A8%E3%81%AE%E3%81%8D%E3%82%83%E3%81%B7%E3%81%95%E3%82%93" n1="%EF%BC%AE%EF%BC%A1%EF%BC%AF%33%33%39" n2="%E6%A1%9C%E8%8A%B1%E9%96%83%E3%80%85" n3="%33%74%72%65%65" dan="17,17,16,16" rate="2154.73,2141.04,2170.68,2160.43" sx="M,M,M,F"/><TAIKYOKU oya="0"/><INIT seed="0,0,0,2,1,25" ten="250,250,250,250" oya="0" hai0="46,129,65,69,93,20,99,11,84,35,30,122,52" hai1="28,108,134,85,94,120,32,128,130,14,123,18,124" hai2="110,44,75,83,47,89,38,0,92,70,29,7,21" hai3="49,2,1,26,54,96,82,24,79,40,41,135,118"/><T117/><D122/><U116/><E85/><V4/><F70/><W60/><G118/><T88/><D117/><U3/><E94/><V113/><F113/><W51/><G135/><T31/><D129/><N who="1" m="49771" /><E116/><V77/><F110/><W74/><G96/><T72/><D72/><U50/><E50/><V91/><F47/><W53/><G60/><T90/><D35/><U45/><E45/><V127/><F127/><W12/><G12/><T81/><D69/><U15/><E3/><V104/><F104/><W126/><G126/><T16/><D11/><U27/><E124/><V23/><F91/><W132/><G132/><T10/><D10/><N who="1" m="6487" /><E134/><V33/><F89/><W8/><G8/><T106/><D65/><U101/><E101/><V80/><F92/><W111/><G111/><T102/><D106/><U55/><E55/><V62/><F83/><W9/><G9/><T34/><D34/><U36/><E36/><V17/><F44/><W39/><G39/><T68/><D68/><U76/><E76/><V63/><F38/><W48/><G1/><T133/><D102/><U119/><E119/><V78/><F78/><W61/><G2/><T56/><D46/><U87/><E87/><V73/><F0/><W100/><G100/><T109/><D133/><U131/><N who="1" m="49779" /><U19/><DORA hai="125" /><E108/><V42/><F77/><W98/><G79/><T57/><D109/><U115/><E115/><V6/><F75/><W37/><G74/><T58/><D52/><U103/><E103/><V71/><F73/><W105/><G53/><T86/><D86/><U43/><E43/><V5/><F42/><RYUUKYOKU ba="0,0" sc="250,15,250,15,250,-15,250,-15" hai0="16,20,30,31,56,57,58,81,84,88,90,93,99" hai1="15,19,27,28,32,120,123" /><INIT seed="0,1,0,2,4,96" ten="265,265,235,235" oya="0" hai0="84,3,44,79,66,114,118,124,58,122,5,134,89" hai1="73,34,7,36,115,64,86,117,55,87,75,101,120" hai2="67,90,121,38,130,29,102,105,61,16,132,37,22" hai3="1,41,106,23,4,48,21,78,11,35,94,15,49"/><T85/><D122/><U104/><E34/><V33/><F121/><W6/><G106/><T98/><D118/><U59/><E120/><V80/><F130/><W62/><G35/><T126/><D114/><U28/><E36/><V19/><F132/><W127/><G127/><N who="0" m="48683" /><D134/><U39/><E39/><V8/><F8/><W74/><G23/><T2/><D44/><U100/><E28/><V72/><F19/><W24/><G41/><T112/><D112/><U27/><E27/><N who="2" m="18623" /><F90/><W116/><G116/><T99/><D79/><U32/><E32/><V31/><F80/><W129/><G129/><T30/><D30/><U131/><E131/><V68/><F72/><W128/><G128/><T107/><D84/><U76/><E76/><V26/><F31/><W18/><G74/><T135/><D135/><U45/><E115/><V42/><F42/><W20/><G78/><T103/><D99/><AGARI ba="1,0" hai="16,22,26,37,38,61,67,68,99,102,105" m="18623" machi="99" ten="30,3900,0" yaku="25,1,52,1,54,1" doraHai="96" who="2" fromWho="0" sc="265,-42,265,0,235,42,235,0" /><INIT seed="1,0,0,3,5,81" ten="223,265,277,235" oya="1" hai0="90,79,12,93,64,108,96,113,134,107,47,121,45" hai1="83,102,54,132,80,119,128,133,27,2,129,115,6" hai2="112,70,71,60,122,28,39,21,101,103,26,16,117" hai3="33,23,126,110,69,114,22,41,57,7,135,58,85"/><U116/><E54/><V53/><F117/><N who="1" m="45129" /><E6/><V62/><F122/><W32/><G114/><T42/><D121/><U11/><E11/><V31/><F39/><W40/><G69/><T44/><D113/><U56/><E56/><N who="2" m="34831" /><F71/><W36/><G36/><T91/><D134/><N who="1" m="51819" /><E2/><V50/><F70/><W97/><G7/><T77/><D108/><U84/><E27/><V67/><F112/><W92/><G110/><T46/><D107/><U73/><E115/><V37/><F37/><W14/><G135/><T106/><D106/><U95/><E73/><V72/><F72/><W19/><G40/><T76/><D64/><U68/><E68/><V86/><F62/><W15/><G41/><T78/><N who="0" m="19456" /><DORA hai="131" /><T24/><D24/><U30/><E30/><V99/><F50/><W52/><G52/><T25/><D25/><U104/><E104/><V94/><F67/><W34/><G34/><T51/><REACH who="0" step="1"/><D12/><REACH who="0" ten="213,265,277,235" step="2"/><U3/><E3/><V4/><F31/><W125/><G14/><T124/><D124/><U88/><E102/><AGARI ba="0,1" hai="42,44,45,46,47,51,90,91,93,96,102" m="19456" machi="102" ten="50,3200,0" yaku="1,1,8,1,53,0" doraHai="81,131" doraHaiUra="48,61" who="0" fromWho="1" sc="213,42,265,-32,277,0,235,0" /><INIT seed="2,0,0,3,2,16" ten="255,233,277,235" oya="2" hai0="42,45,87,123,91,81,52,80,88,77,83,115,82" hai1="135,46,12,37,35,133,129,124,59,31,108,8,119" hai2="112,67,68,117,84,38,105,40,125,116,43,18,39" hai3="131,86,61,74,10,23,113,33,62,25,109,65,104"/><V19/><F84/><W110/><G74/><T57/><D123/><U134/><E119/><V96/><F112/><W66/><G113/><T4/><D4/><U55/><E108/><N who="3" m="41578" /><G131/><T48/><REACH who="0" step="1"/><D115/><REACH who="0" ten="245,233,277,235" step="2"/><U60/><E129/><V6/><F6/><W21/><G104/><T127/><D127/><U85/><E124/><V7/><F7/><W114/><G114/><T44/><D44/><U63/><E46/><V58/><F125/><W15/><G10/><T111/><D111/><U2/><E2/><V78/><F105/><W126/><G126/><T120/><D120/><U128/><E128/><V89/><F116/><W94/><G15/><T5/><D5/><U106/><E106/><V73/><F117/><W107/><G107/><T64/><D64/><U122/><E122/><V51/><F67/><W27/><G65/><T26/><D26/><N who="3" m="9737" /><G66/><T20/><D20/><N who="3" m="7753" /><G33/><T76/><D76/><U56/><E35/><V36/><F78/><W132/><G132/><T9/><D9/><U14/><E8/><V30/><F18/><W118/><G118/><T17/><D17/><U49/><E12/><V34/><F19/><W79/><G79/><T121/><D121/><U99/><E14/><V41/><F34/><W11/><G11/><T54/><D54/><U102/><E55/><V69/><F69/><W32/><G32/><T92/><D92/><U100/><E134/><V75/><F68/><W47/><G47/><T1/><D1/><U97/><E135/><V101/><F41/><W53/><G53/><T50/><AGARI ba="0,1" hai="42,45,48,50,52,57,77,80,81,82,83,87,88,91" machi="50" ten="30,8000,1" yaku="1,1,0,1,8,1,54,2,53,0" doraHai="16" doraHaiUra="103" who="0" fromWho="0" sc="245,90,233,-20,277,-40,235,-20" /><INIT seed="3,0,0,4,1,36" ten="335,213,237,215" oya="3" hai0="2,95,106,40,131,126,59,118,38,51,55,15,119" hai1="99,8,53,122,32,46,10,41,47,6,111,61,89" hai2="25,18,77,129,97,5,112,58,50,16,1,91,74" hai3="52,75,29,76,34,110,62,108,102,130,69,27,133"/><W4/><G130/><T49/><D106/><U127/><E122/><V93/><F112/><W43/><G133/><T63/><D2/><U68/><E32/><V120/><F120/><W80/><G4/><T83/><D95/><U66/><E111/><N who="3" m="42538" /><G102/><T81/><D15/><U33/><E33/><V132/><F132/><W90/><G90/><T23/><D23/><U123/><E123/><V125/><F125/><W64/><G52/><T70/><D126/><U85/><E127/><V0/><F5/><W45/><G45/><N who="0" m="23703" /><D131/><U115/><E115/><V21/><F129/><W17/><G17/><T79/><D49/><U109/><E109/><V24/><F18/><W9/><G9/><T22/><D22/><U135/><E135/><V84/><F16/><W82/><G82/><N who="0" m="31243" /><D79/><U104/><E8/><V107/><F21/><W19/><G19/><T100/><D100/><U60/><E47/><V105/><F77/><W3/><G43/><T94/><D94/><U128/><E128/><V42/><F42/><W103/><G103/><T67/><AGARI ba="0,0" hai="51,55,59,63,67,70,118,119" m="31243,23703" machi="67" ten="30,2000,0" yaku="24,1,52,1" doraHai="36" who="0" fromWho="0" sc="335,20,213,-5,237,-5,215,-10" owari="355,45.5,208,-19.2,232,3.2,205,-29.5" /></mjloggm>