<mjloggm ver="2.3"><GO type="225" lobby="0"/><UN n0="%72%61%6B%33" n1="%E5%B8%86%E7%AB%8B%E5%A4%8F%E8%A1%A3" n2="%E3%81%86%E3%82%8B%E3%81%8A%E3%81%A1%E3%82%83" n3="%E3%81%AF%E3%82%88%E3%81%8A%E3%81%98%E3%81%95%E3%82%93" dan="16,17,16,16" rate="2232.55,2166.69,2098.24,2178.55" sx="M,M,F,M"/><TAIKYOKU oya="0"/><INIT seed="0,0,0,0,1,98" ten="250,250,250,250" oya="0" hai0="56,28,118,4,12,114,96,16,86,59,126,127,34" hai1="110,22,133,27,38,24,58,69,15,7,130,65,66" hai2="103,21,42,122,102,125,119,26,129,72,0,54,67" hai3="77,81,48,105,85,74,134,6,41,91,10,83,107"/><T78/><D114/><U49/><E110/><V11/><F122/><W2/><REACH who="3" step="1"/><G134/><REACH who="3" ten="250,250,250,240" step="2"/><T63/><D118/><U92/><E133/><V87/><F119/><W80/><G80/><N who="0" m="47383" /><D4/><U70/><E7/><V14/><F125/><N who="0" m="47626" /><D96/><U19/><E70/><V120/><F120/><W9/><G9/><N who="0" m="6159" /><D63/><U135/><E135/><V51/><F11/><W131/><G131/><T108/><D108/><U111/><E130/><V46/><F129/><W73/><G73/><T23/><D34/><U35/><E111/><V101/><F72/><W37/><G37/><T95/><D95/><U113/><E38/><V99/><F99/><W20/><G20/><T61/><D61/><U55/><E35/><V50/><F87/><W36/><G36/><T115/><D115/><U40/><E113/><V128/><F128/><W71/><G71/><T68/><D68/><U13/><E69/><V53/><F0/><W31/><G31/><T104/><D104/><U124/><E92/><V100/><F14/><W106/><G106/><T29/><D29/><U82/><E124/><V75/><F75/><W60/><G60/><T18/><D28/><U44/><E15/><AGARI ba="0,1" hai="15,18,23,56,59" m="6159,47626,47383" machi="15" ten="30,2900,0" yaku="18,1,54,1" doraHai="98" who="0" fromWho="1" sc="250,39,250,-29,250,0,240,0" /><INIT seed="0,1,0,0,1,4" ten="289,221,250,240" oya="0" hai0="59,75,3,32,23,135,69,50,123,105,108,0,102" hai1="95,68,107,80,90,128,134,10,97,15,115,114,24" hai2="98,101,117,18,64,11,82,109,133,33,8,35,45" hai3="51,7,78,2,74,17,36,89,5,29,100,55,14"/><T91/><D69/><U87/><E68/><V126/><F109/><W43/><G29/><T79/><D32/><U54/><E128/><V40/><F126/><W81/><G2/><T30/><D123/><U65/><E134/><V132/><F117/><W112/><G112/><N who="1" m="43050" /><E65/><V42/><F64/><W70/><G70/><T131/><D135/><N who="2" m="51786" /><F82/><W72/><G72/><T104/><D75/><U34/><E54/><V66/><F66/><W103/><G43/><N who="2" m="16425" /><F45/><W25/><G36/><T21/><D108/><U26/><E107/><N who="2" m="63927" /><F18/><W38/><G38/><T16/><D131/><U77/><E34/><AGARI ba="1,0" hai="8,11,33,34,35" m="63927,16425,51786" machi="34" ten="30,3900,0" yaku="20,1,52,2" doraHai="4" who="2" fromWho="1" sc="289,0,221,-42,250,42,240,0" /><INIT seed="1,0,0,4,3,89" ten="289,179,292,240" oya="1" hai0="48,116,56,12,11,28,88,96,59,30,39,2,85" hai1="94,55,20,17,7,62,110,132,65,115,118,71,42" hai2="63,4,111,57,106,33,27,22,38,112,130,45,1" hai3="126,26,58,97,8,117,101,134,47,82,91,119,32"/><U51/><E115/><V98/><F111/><W54/><G126/><T127/><D39/><U128/><E118/><V50/><F130/><W0/><G134/><T18/><D116/><U14/><E128/><V102/><F112/><W13/><G0/><T83/><D127/><U37/><E132/><V77/><F77/><W80/><G47/><T76/><D2/><U105/><E105/><V104/><F33/><W125/><G125/><T107/><D107/><U86/><E110/><V36/><F106/><W122/><G122/><T31/><D48/><U90/><E7/><V78/><F78/><W64/><G64/><T129/><D129/><U66/><E66/><V43/><F4/><W79/><G91/><T108/><REACH who="0" step="1"/><D108/><REACH who="0" ten="279,179,292,240" step="2"/><U99/><E37/><V60/><F1/><W109/><G109/><T74/><D74/><U40/><REACH who="1" step="1"/><E99/><REACH who="1" ten="279,169,292,240" step="2"/><V75/><F38/><W131/><G131/><T41/><D41/><U69/><E69/><V44/><F36/><W92/><G117/><T72/><D72/><U16/><E16/><V114/><F75/><W52/><G119/><T46/><D46/><AGARI ba="0,2" hai="14,17,20,40,42,46,51,55,62,65,71,86,90,94" machi="46" ten="30,5800,0" yaku="1,1,7,1,52,1,53,0" doraHai="89" doraHaiUra="73" who="1" fromWho="0" sc="279,-58,169,78,292,0,240,0" /><INIT seed="1,1,0,0,1,90" ten="221,247,292,240" oya="1" hai0="97,31,108,129,81,125,74,104,48,73,7,123,100" hai1="76,50,131,72,13,53,122,58,33,82,15,54,112" hai2="133,9,101,14,25,5,44,80,61,127,85,121,70" hai3="79,115,120,59,40,63,92,110,84,12,1,66,41"/><U56/><E112/><V4/><F121/><W42/><G120/><T38/><D123/><U57/><E122/><V132/><F127/><W134/><G1/><T36/><D125/><U0/><E131/><V68/><F101/><W130/><G115/><T27/><D129/><U35/><E0/><V19/><F44/><W103/><G130/><T124/><D124/><U3/><E3/><V118/><F118/><W55/><G110/><T94/><D108/><U78/><E58/><V32/><F32/><W87/><G134/><N who="2" m="51817" /><F25/><W71/><G79/><T113/><D113/><U93/><E78/><N who="2" m="46231" /><F61/><W18/><G71/><AGARI ba="1,0" hai="4,5,9,14,19,68,70,71" m="46231,51817" machi="71" ten="30,1000,0" yaku="20,1" doraHai="90" who="2" fromWho="3" sc="221,0,247,0,292,13,240,-13" /><INIT seed="2,0,0,5,5,106" ten="221,247,305,227" oya="2" hai0="50,24,121,100,63,85,79,134,22,109,77,61,110" hai1="112,4,39,38,67,128,127,133,86,42,113,89,111" hai2="46,75,45,41,12,101,132,64,125,23,135,91,55" hai3="28,99,56,31,51,81,65,117,0,57,108,32,96"/><V76/><F125/><W126/><G117/><T53/><D121/><U87/><E127/><V72/><F76/><W118/><G118/><T44/><D134/><N who="2" m="51242" /><F64/><W71/><G0/><T59/><D100/><U2/><E133/><V58/><F101/><W68/><G126/><T37/><D37/><U15/><E2/><V131/><F131/><W122/><G122/><T7/><D7/><U27/><E27/><V103/><F103/><W6/><G6/><T47/><D47/><N who="2" m="17930" /><F41/><W105/><G105/><T40/><D61/><U129/><E42/><V52/><F91/><W26/><G108/><N who="0" m="41579" /><D85/><U80/><E87/><V60/><F55/><W107/><G107/><T104/><D104/><U35/><E86/><V123/><F123/><W115/><G115/><T69/><D69/><U33/><E111/><V48/><F60/><W78/><G68/><T98/><D98/><U14/><E112/><V49/><F48/><W9/><G71/><T18/><AGARI ba="0,0" hai="18,22,24,40,44,50,53,59,63,77,79" m="41579" machi="18" ten="30,1100,0" yaku="14,1" doraHai="106" who="0" fromWho="0" sc="221,11,247,-3,305,-5,227,-3" /><INIT seed="3,0,0,0,2,35" ten="232,244,300,224" oya="3" hai0="0,57,125,61,122,71,23,102,10,113,12,20,56" hai1="42,11,127,50,36,22,74,43,67,33,133,40,132" hai2="121,79,93,83,41,119,8,59,32,46,58,98,91" hai3="105,28,101,24,108,129,104,44,92,37,69,87,97"/><W88/><G129/><T53/><D122/><U82/><E33/><V80/><F32/><W29/><G69/><T135/><D71/><U21/><E36/><V107/><F119/><W111/><G104/><T65/><D125/><U126/><E67/><V118/><F118/><W114/><G114/><T19/><D113/><U52/><E11/><V15/><F107/><W73/><G73/><T95/><D0/><U9/><E9/><V109/><F109/><N who="3" m="42059" /><G24/><T14/><D135/><N who="1" m="51787" /><E82/><N who="2" m="31275" /><F79/><W96/><G97/><N who="0" m="59711" /><D14/><U116/><E74/><V5/><F121/><W117/><G117/><T4/><D4/><U123/><E123/><V128/><F128/><W106/><G105/><T48/><AGARI ba="0,0" hai="10,12,19,20,23,48,53,56,57,61,65" m="59711" machi="48" ten="30,1100,0" yaku="8,1" doraHai="35" who="0" fromWho="0" sc="232,11,244,-3,300,-3,224,-5" /><INIT seed="4,0,0,1,1,17" ten="243,241,297,219" oya="0" hai0="0,57,122,43,75,134,20,113,65,73,102,15,16" hai1="1,49,52,72,107,66,69,92,3,41,123,114,85" hai2="121,132,46,64,2,126,60,13,23,125,95,27,12" hai3="91,79,71,34,53,94,112,111,29,89,21,58,18"/><T68/><D122/><U24/><E107/><V93/><F2/><W100/><G111/><T87/><D0/><U74/><E72/><V28/><F121/><W56/><G71/><T106/><D68/><U47/><E74/><V48/><F132/><W116/><G116/><T70/><D70/><U25/><E123/><V128/><F128/><W80/><G112/><T135/><D113/><U26/><E114/><V103/><F60/><W40/><G34/><T37/><D87/><U117/><E117/><V120/><F64/><W14/><G29/><T7/><D7/><U30/><E3/><V59/><F59/><W9/><G40/><T110/><D110/><U97/><E85/><V127/><F120/><W10/><G100/><T98/><D43/><U129/><E1/><V78/><F78/><W99/><G91/><T38/><D73/><U90/><E129/><V109/><F109/><W44/><G44/><T39/><REACH who="0" step="1"/><D75/><REACH who="0" ten="233,241,297,219" step="2"/><U83/><E41/><N who="2" m="24655" /><F103/><W119/><G119/><T45/><D45/><U124/><E69/><V115/><F115/><W82/><G58/><T22/><D22/><U108/><E108/><V104/><F104/><W61/><G79/><T76/><D76/><U118/><E118/><V86/><F86/><W51/><G61/><AGARI ba="0,1" hai="15,16,20,37,38,39,57,61,65,98,102,106,134,135" machi="61" ten="50,9600,0" yaku="1,1,52,1,54,1,53,0" doraHai="17" doraHaiUra="50" who="0" fromWho="3" sc="233,106,241,0,297,0,219,-96" owari="339,43.9,241,-15.9,297,9.7,123,-37.7" /></mjloggm>