<mjloggm ver="2.3"><GO type="225" lobby="0"/><UN n0="%E9%80%86%E9%80%A3%E5%B8%AF%E3%81%AE%E9%AC%BC" n1="%6D%75%75%6D%75%72%61" n2="%6E%69%63%6F%6E%74%6F" n3="%E7%99%BD%E6%97%A5%E9%9B%AA%E8%8F%9C" dan="16,16,17,16" rate="2103.59,2057.12,2137.54,2145.15" sx="M,F,M,M"/><TAIKYOKU oya="0"/><INIT seed="0,0,0,3,1,7" ten="250,250,250,250" oya="0" hai0="15,66,130,5,74,131,9,10,50,104,87,23,70" hai1="79,12,69,46,95,51,53,36,102,114,108,41,28" hai2="63,3,120,31,126,18,8,113,92,72,128,101,103" hai3="62,88,24,111,57,112,135,78,60,52,83,13,118"/><T17/><D104/><U73/><E108/><V77/><F113/><W85/><G118/><T86/><D74/><U35/><E69/><V91/><F120/><W107/><G112/><T33/><D33/><U116/><E116/><V115/><F115/><W134/><G111/><T48/><D70/><U11/><E114/><V99/><F128/><N who="0" m="49194" /><D66/><U96/><E28/><V124/><F31/><W123/><G123/><T55/><D50/><U105/><E35/><V16/><F63/><N who="3" m="36263" /><G107/><T58/><D23/><U59/><E79/><V29/><F29/><W125/><G125/><N who="2" m="48233" /><F77/><W93/><G24/><T25/><D25/><U89/><E73/><V34/><F34/><W67/><G67/><T121/><D121/><U76/><E76/><V1/><F72/><W122/><G122/><T98/><D87/><U129/><E129/><V42/><F42/><W22/><G134/><T80/><D98/><U127/><E127/><V30/><F30/><W26/><G26/><T43/><D43/><U61/><E36/><V4/><F3/><W117/><G117/><T110/><D110/><U75/><E75/><V94/><F103/><W37/><G37/><T20/><D5/><U0/><E0/><V49/><F49/><W90/><G135/><T19/><D19/><N who="1" m="8607" /><E105/><V106/><F106/><W97/><G78/><AGARI ba="0,0" hai="9,10,15,17,20,48,55,58,78,80,86" m="49194" machi="78" ten="30,5800,0" yaku="19,1,52,2" doraHai="7" who="0" fromWho="3" sc="250,58,250,0,250,0,250,-58" /><INIT seed="0,1,0,0,1,123" ten="308,250,250,192" oya="0" hai0="50,113,89,133,86,109,112,65,60,18,9,25,27" hai1="75,15,32,102,87,103,22,122,3,131,88,99,115" hai2="93,19,81,58,135,85,14,74,72,106,128,95,13" hai3="110,100,44,127,1,40,108,116,66,101,29,12,107"/><T96/><D133/><U126/><E32/><V38/><F38/><W132/><G1/><T4/><D96/><U83/><E3/><V26/><F135/><W39/><G116/><T134/><D134/><U35/><E35/><V68/><F106/><W77/><G132/><T105/><D105/><U45/><E122/><V55/><F68/><W49/><G127/><T63/><D63/><U0/><E0/><V2/><F2/><W31/><G77/><T70/><D4/><U119/><E119/><V78/><F128/><W121/><G121/><T82/><D109/><N who="3" m="42089" /><G66/><T53/><D113/><U71/><E71/><V5/><F74/><W84/><G84/><T17/><D112/><U20/><E115/><V76/><F72/><W36/><G12/><T97/><D97/><U46/><E131/><V92/><F78/><W62/><G62/><T34/><D34/><U61/><E61/><N who="2" m="36063" /><F5/><W69/><G69/><T90/><D60/><U47/><E126/><V64/><F64/><W30/><G107/><T111/><D65/><U52/><E75/><V80/><F80/><W8/><G8/><T28/><D70/><U48/><E15/><V104/><F104/><W21/><G21/><AGARI ba="1,0" hai="13,14,19,21,26,76,81,85,92,93,95" m="36063" machi="21" ten="30,1000,0" yaku="8,1" doraHai="123" who="2" fromWho="3" sc="308,0,250,0,250,13,192,-13" /><INIT seed="1,0,0,3,3,59" ten="308,250,263,179" oya="1" hai0="45,76,134,110,56,96,113,117,135,51,22,82,95" hai1="86,7,79,118,130,23,40,126,87,88,67,125,30" hai2="13,35,72,69,124,81,32,9,89,20,122,11,48" hai3="18,5,12,115,98,58,127,0,80,123,94,27,71"/><U114/><E118/><V29/><F69/><W24/><G71/><T42/><D117/><U15/><E114/><V64/><F64/><W47/><G123/><T70/><D113/><U131/><E40/><V17/><F48/><W1/><G115/><T129/><D129/><N who="1" m="49163" /><E79/><V50/><F50/><W119/><G119/><T6/><D70/><U68/><E7/><N who="2" m="3263" /><F89/><W31/><G127/><N who="1" m="48650" /><E88/><V55/><F72/><W103/><G47/><T74/><D6/><U83/><E83/><V49/><F81/><W97/><G5/><T105/><D110/><U26/><E15/><V108/><F124/><W65/><G80/><T84/><D74/><U53/><E53/><V10/><F55/><W116/><G116/><T34/><D82/><U73/><E73/><V77/><F77/><W128/><G128/><T92/><D42/><U93/><E93/><V85/><F122/><W2/><G2/><T78/><D95/><U54/><E54/><V75/><F75/><W109/><G1/><T3/><D92/><U57/><E68/><V8/><F108/><W4/><G0/><T101/><D3/><U66/><E66/><V90/><F90/><W120/><G109/><T91/><D78/><U41/><E41/><V44/><F85/><W36/><G120/><T99/><D91/><U28/><E28/><V37/><F29/><W21/><G31/><T25/><D84/><U106/><E106/><V19/><F19/><W61/><G36/><T63/><D105/><U38/><E38/><V16/><F37/><W43/><G43/><T102/><D76/><U111/><E111/><V107/><F17/><RYUUKYOKU ba="0,0" sc="308,-10,250,30,263,-10,179,-10" hai1="23,26,30,57,67,86,87" /><INIT seed="1,1,0,5,2,122" ten="298,280,253,169" oya="1" hai0="68,20,130,54,73,104,58,19,111,62,107,5,9" hai1="33,75,65,98,91,15,127,6,86,89,119,94,109" hai2="132,63,92,59,4,60,50,80,108,101,10,69,123" hai3="53,100,121,78,7,118,67,126,28,84,23,46,113"/><U112/><E112/><V81/><F108/><W16/><G121/><T102/><D130/><U76/><E119/><V87/><F132/><W56/><G113/><T27/><D73/><U36/><E33/><V18/><F123/><W29/><G126/><T17/><D111/><U55/><E36/><V79/><F18/><W49/><G118/><T106/><D68/><U22/><E127/><V2/><F69/><W26/><G7/><T35/><D35/><U25/><E75/><V45/><F81/><W37/><G100/><T24/><D102/><U83/><E65/><V1/><F1/><W3/><G3/><T114/><D114/><U135/><E135/><V52/><REACH who="2" step="1"/><F45/><REACH who="2" ten="298,280,243,169" step="2"/><W70/><G70/><T82/><D82/><U74/><E109/><V131/><F131/><W61/><G37/><T97/><D19/><N who="1" m="12511" /><E74/><V116/><F116/><W71/><G71/><T30/><D17/><U32/><E76/><V133/><F133/><W110/><G110/><T12/><D27/><U124/><E124/><V48/><F48/><W0/><G0/><T38/><D38/><U51/><E6/><V66/><F66/><W120/><G120/><T125/><D125/><U13/><E32/><V85/><F85/><W47/><G46/><AGARI ba="1,1" hai="13,15,46,51,55,83,86,89,91,94,98" m="12511" machi="46" ten="30,1500,0" yaku="8,1" doraHai="122" who="1" fromWho="3" sc="298,0,280,28,243,0,169,-18" /><INIT seed="1,2,0,4,3,51" ten="298,308,243,151" oya="1" hai0="64,41,135,114,104,63,95,45,86,101,76,102,134" hai1="65,66,19,36,34,30,69,116,75,82,113,44,10" hai2="35,42,132,47,89,83,68,123,110,25,2,115,16" hai3="80,73,120,71,58,4,108,49,56,79,67,32,131"/><U8/><E113/><V3/><F123/><W5/><G120/><T81/><D114/><U85/><E116/><V38/><F115/><W22/><G32/><T24/><D104/><U57/><E75/><V7/><F110/><W88/><G108/><T11/><D24/><U84/><E69/><V126/><F126/><W1/><G131/><T54/><D11/><U15/><E34/><V91/><F132/><N who="0" m="50730" /><D95/><U99/><E30/><V33/><F68/><W92/><G71/><N who="0" m="42399" /><D54/><U48/><E8/><V6/><F35/><W121/><G121/><T124/><D124/><U23/><E10/><V106/><F33/><W74/><G74/><T130/><D130/><U29/><E66/><V87/><F106/><W28/><G1/><T20/><D20/><U50/><E65/><V0/><REACH who="2" step="1"/><F91/><REACH who="2" ten="298,308,233,151" step="2"/><W112/><G112/><T46/><D102/><U119/><E119/><V128/><F128/><W18/><G28/><T133/><D101/><U118/><E29/><V39/><F39/><W27/><G67/><T100/><D100/><U93/><E36/><V26/><F26/><W90/><G90/><T17/><D133/><U14/><E118/><V37/><F37/><W103/><G103/><T62/><D76/><U40/><E15/><V70/><F70/><W97/><REACH who="3" step="1"/><G58/><REACH who="3" ten="298,308,233,141" step="2"/><T96/><D46/><N who="1" m="25671" /><E57/><V94/><F94/><W12/><G12/><T9/><D45/><U55/><E82/><V107/><F107/><W129/><G129/><T43/><D81/><U31/><E31/><V105/><F105/><W109/><G109/><T78/><D78/><U13/><E14/><V59/><F59/><RYUUKYOKU ba="2,2" sc="298,-30,308,10,233,10,141,10" hai1="13,19,23,44,50,55,84,85,93,99" hai2="0,2,3,6,7,16,25,38,42,47,83,87,89" hai3="4,5,18,22,27,49,56,73,79,80,88,92,97" /><INIT seed="1,3,2,2,1,45" ten="268,318,243,151" oya="1" hai0="70,15,20,35,12,64,29,101,43,1,34,99,115" hai1="86,23,60,8,73,25,113,13,42,83,4,68,97" hai2="32,28,117,121,50,118,108,94,82,19,128,96,98" hai3="17,7,69,63,61,124,52,126,54,127,26,31,66"/><U10/><E73/><V57/><F121/><W49/><G7/><T112/><D1/><U89/><E113/><V95/><F32/><W90/><G17/><T71/><D43/><U33/><E33/><V105/><F28/><W133/><G133/><T81/><D81/><U111/><E42/><V129/><F108/><W46/><G90/><T6/><D6/><U39/><E39/><V114/><F19/><W5/><G5/><T3/><D3/><U44/><E44/><V59/><F82/><W65/><G54/><T75/><D75/><U87/><E10/><V48/><REACH who="2" step="1"/><F105/><REACH who="2" ten="268,318,233,151" step="2"/><W120/><G120/><T53/><D29/><U104/><E111/><V110/><F110/><W51/><G51/><T106/><D35/><U14/><E104/><V116/><F116/><W109/><G109/><T30/><D34/><U132/><E132/><V21/><F21/><N who="3" m="15823" /><G69/><T134/><D71/><U40/><E68/><V102/><F102/><W123/><G123/><T91/><D134/><U93/><E4/><V37/><F37/><W11/><G11/><T58/><D70/><U130/><E8/><V103/><F103/><W76/><G76/><T27/><D101/><U131/><E23/><V62/><F62/><AGARI ba="3,3" hai="46,49,52,61,62,63,65,66,124,126,127" m="15823" machi="62" ten="30,3900,0" yaku="18,1,52,1,54,1" doraHai="45" who="3" fromWho="2" sc="268,0,318,0,233,-48,151,78" /><INIT seed="2,0,0,4,4,98" ten="268,318,185,229" oya="2" hai0="39,33,131,58,5,42,121,70,109,49,50,23,104" hai1="81,29,53,11,38,119,41,32,91,106,52,82,56" hai2="107,45,85,36,13,48,120,6,21,84,96,111,127" hai3="14,115,15,71,125,22,3,97,80,59,44,2,83"/><V124/><F120/><W8/><G71/><T24/><D121/><U116/><E106/><V27/><F36/><W118/><G118/><T110/><D70/><U78/><E38/><V76/><F111/><W30/><G125/><N who="2" m="48201" /><F76/><W0/><G115/><T69/><D33/><U94/><E78/><V18/><F6/><W37/><G59/><T103/><D69/><U7/><E41/><N who="2" m="24623" /><F27/><W35/><G35/><T129/><D5/><U55/><E32/><V95/><F107/><W12/><G8/><T114/><D114/><U72/><E72/><V75/><F75/><W88/><G30/><T67/><D39/><U117/><E29/><V65/><F65/><W93/><REACH who="3" step="1"/><G22/><REACH who="3" ten="268,318,185,219" step="2"/><T112/><D23/><U99/><REACH who="1" step="1"/><E56/><REACH who="1" ten="268,308,185,219" step="2"/><V1/><F1/><AGARI ba="0,2" hai="1,7,11,52,53,55,81,82,91,94,99,116,117,119" machi="1" ten="50,6400,0" yaku="1,1,2,1,54,1,53,0" doraHai="98" doraHaiUra="17" who="1" fromWho="2" sc="268,0,308,84,185,-64,219,0" /><INIT seed="3,0,0,1,1,70" ten="268,392,121,219" oya="3" hai0="18,26,37,39,56,7,46,19,129,14,35,68,133" hai1="80,113,116,48,87,53,49,107,22,29,17,111,73" hai2="119,69,42,1,40,115,125,106,89,94,79,124,93" hai3="23,130,75,64,45,91,71,95,118,4,25,6,44"/><W5/><G118/><T32/><D68/><U96/><E73/><V81/><F1/><W110/><G75/><T98/><D133/><U128/><E113/><V88/><F69/><W74/><G74/><T51/><D129/><U27/><E128/><V34/><F34/><W30/><G130/><T54/><D98/><U67/><E111/><V86/><F42/><W83/><G110/><T31/><D35/><U47/><E116/><V135/><F40/><W62/><REACH who="3" step="1"/><G83/><REACH who="3" ten="268,392,121,209" step="2"/><T33/><D33/><U57/><E80/><V84/><F119/><W132/><G132/><T126/><D126/><N who="2" m="48746" /><F135/><W15/><G15/><T97/><D14/><U52/><E87/><AGARI ba="0,1" hai="4,5,6,23,25,30,44,45,62,64,71,87,91,95" machi="87" ten="40,3900,0" yaku="1,1,53,1" doraHai="70" doraHaiUra="61" who="3" fromWho="1" sc="268,0,392,-39,121,0,209,49" /><INIT seed="3,1,0,0,1,48" ten="268,353,121,258" oya="3" hai0="54,50,26,8,100,53,73,103,62,131,3,35,132" hai1="36,51,116,77,124,6,17,27,109,57,34,92,123" hai2="20,83,127,91,104,30,2,121,32,76,94,1,16" hai3="5,106,115,52,39,19,122,120,15,119,84,79,55"/><W80/><G115/><T45/><D73/><U14/><E36/><V7/><F127/><W29/><G119/><T130/><D132/><U31/><E123/><V43/><F121/><W87/><G106/><T74/><D74/><U9/><E109/><V126/><F126/><W110/><G39/><T58/><D35/><U25/><E124/><V97/><F32/><W21/><G110/><T102/><REACH who="0" step="1"/><D26/><REACH who="0" ten="258,353,121,258" step="2"/><U4/><E27/><V65/><F30/><W107/><G122/><T70/><D70/><U118/><E25/><V134/><F134/><W108/><G120/><T125/><D125/><U40/><E31/><V81/><F65/><W101/><G108/><T82/><D82/><U89/><E34/><V41/><F83/><N who="3" m="47231" /><G107/><T47/><D47/><U10/><E116/><V66/><F66/><W133/><G133/><T90/><D90/><U18/><E89/><V85/><F104/><W22/><G101/><T28/><D28/><U38/><E118/><V88/><F91/><N who="3" m="51687" /><G5/><AGARI ba="1,1" hai="3,5,8,45,50,53,54,58,62,100,102,103,130,131" machi="5" ten="40,5200,0" yaku="1,1,52,2,53,0" doraHai="48" doraHaiUra="113" who="0" fromWho="3" sc="258,65,353,0,121,0,258,-55" owari="323,12.3,353,45.3,121,-37.9,203,-19.7" /></mjloggm>