<mjloggm ver="2.3"><GO type="225" lobby="0"/><UN n0="%E6%A1%9C%E8%8A%B1%E9%96%83%E3%80%85" n1="%E9%B3%B3%E6%9D%B1%E3%81%AE%E3%81%86%E3%81%95%E3%81%8E%E3%81%95%E3%82%93" n2="%73%75%7A%75%6D%65%33" n3="%28%EF%BF%A3%E2%96%BD%EF%BF%A3%29%CE%B4%E2%8C%92%E3%83%BB" dan="17,17,18,16" rate="2123.34,2247.85,2202.69,2117.14" sx="M,M,M,M"/><TAIKYOKU oya="0"/><INIT seed="0,0,0,1,1,83" ten="250,250,250,250" oya="0" hai0="29,23,107,46,90,134,96,7,73,41,42,13,115" hai1="82,40,99,17,124,78,5,72,43,92,38,69,85" hai2="86,120,53,19,3,102,26,62,37,47,135,108,33" hai3="31,84,35,45,98,60,116,32,20,87,110,9,49"/><T14/><D115/><U16/><E124/><V6/><F120/><W1/><G116/><T59/><D134/><U81/><E69/><V50/><F135/><W63/><G110/><T97/><D73/><U55/><E5/><V0/><F108/><W10/><G35/><T71/><D71/><U123/><E123/><V106/><F37/><W127/><G32/><T18/><D29/><U79/><E55/><V80/><F6/><W119/><G1/><T34/><D34/><U61/><E61/><N who="3" m="23626" /><G98/><N who="0" m="37995" /><D107/><U36/><E36/><V89/><F106/><W121/><G119/><T113/><D59/><U117/><E117/><V125/><F102/><W21/><G127/><T112/><D46/><U88/><REACH who="1" step="1"/><E38/><REACH who="1" ten="250,240,250,250" step="2"/><V54/><F125/><W11/><G121/><T76/><D112/><U39/><E39/><V64/><F54/><N who="3" m="29999" /><G31/><T30/><D30/><U2/><E2/><V131/><F33/><W101/><G101/><T91/><D113/><U15/><E15/><V130/><F26/><W22/><AGARI ba="0,1" hai="9,10,11,20,21,22,84,87" m="29999,23626" machi="22" ten="40,5200,0" yaku="8,1,52,2" doraHai="83" who="3" fromWho="3" sc="250,-26,240,-13,250,-13,250,62" /><INIT seed="1,0,0,1,4,47" ten="224,227,237,312" oya="1" hai0="21,54,124,33,82,68,115,88,111,40,6,113,30" hai1="92,18,77,8,48,32,58,109,10,133,123,13,44" hai2="94,91,31,121,61,87,4,55,43,119,70,130,81" hai3="49,22,132,95,79,72,14,59,105,71,120,24,25"/><U84/><E133/><V11/><F119/><W56/><G105/><T112/><D33/><U93/><E123/><V19/><F121/><W106/><G71/><T73/><D111/><U75/><E32/><V83/><F130/><W131/><G106/><T39/><D68/><U65/><E75/><V127/><F127/><W34/><G34/><T108/><D108/><U128/><E128/><V50/><F31/><W118/><G72/><T85/><D124/><U37/><E109/><V107/><F107/><W96/><G79/><T53/><D6/><U98/><E37/><V51/><F19/><N who="3" m="10615" /><G132/><T103/><D103/><U76/><E8/><V126/><F126/><W17/><G17/><T67/><D67/><U116/><E116/><V134/><F134/><W80/><G80/><N who="2" m="30793" /><F43/><W102/><G118/><T66/><D73/><U28/><E28/><V35/><F70/><W7/><G7/><T27/><REACH who="0" step="1"/><D66/><REACH who="0" ten="214,227,237,312" step="2"/><U101/><E65/><V100/><F100/><N who="3" m="60447" /><G131/><T15/><D15/><U1/><E1/><V117/><F35/><W5/><G102/><T42/><D42/><N who="1" m="24599" /><E58/><N who="2" m="35039" /><F117/><W23/><G120/><T135/><D135/><U46/><E46/><AGARI ba="0,1" hai="21,27,30,39,40,46,53,54,82,85,88,112,113,115" machi="46" ten="40,2600,0" yaku="1,1,54,1,53,0" doraHai="47" doraHaiUra="129" who="0" fromWho="1" sc="214,36,227,-26,237,0,312,0" /><INIT seed="2,0,0,2,2,27" ten="250,201,237,312" oya="2" hai0="54,42,49,112,106,132,130,124,117,104,51,70,14" hai1="47,80,18,55,66,134,34,76,56,78,6,81,114" hai2="11,26,131,17,113,83,21,72,75,31,125,129,91" hai3="89,121,68,85,19,108,101,93,8,115,57,74,95"/><V28/><F113/><W62/><G68/><T98/><D112/><U39/><E134/><V36/><F36/><W24/><G74/><T119/><D132/><U35/><E114/><V32/><F125/><W12/><G108/><T37/><D124/><U118/><E118/><N who="0" m="45065" /><D130/><N who="2" m="49674" /><F11/><W103/><G121/><T109/><D109/><U133/><E133/><V3/><F3/><W22/><G95/><T92/><D70/><U20/><E6/><V99/><F32/><W58/><G115/><T1/><D1/><U122/><E122/><V116/><F116/><W4/><REACH who="3" step="1"/><G58/><REACH who="3" ten="250,201,237,302" step="2"/><T33/><D92/><U41/><E81/><V0/><F83/><W65/><AGARI ba="0,1" hai="4,8,12,19,22,24,57,62,65,85,89,93,101,103" machi="65" ten="20,8000,1" yaku="1,1,2,1,0,1,7,1,8,1,53,0" doraHai="27" doraHaiUra="111" who="3" fromWho="3" sc="250,-20,201,-20,237,-40,302,90" /><INIT seed="3,0,0,4,1,94" ten="230,181,197,392" oya="3" hai0="110,90,77,72,118,59,98,31,113,28,69,73,32" hai1="60,61,91,36,4,8,125,2,58,103,1,74,106" hai2="45,127,50,96,13,15,26,131,83,85,134,115,24" hai3="25,54,40,116,35,86,7,119,88,18,133,76,67"/><W120/><G67/><T44/><D59/><U21/><E125/><V30/><F115/><W87/><G54/><T132/><D98/><U9/><E36/><V64/><F127/><W97/><G40/><T19/><D90/><U0/><E74/><V79/><F134/><W3/><G97/><T112/><D19/><U80/><E106/><V41/><F131/><W111/><G86/><T78/><D44/><U123/><E123/><V75/><F64/><W11/><G88/><T128/><D32/><U66/><E103/><V23/><F75/><W12/><G87/><T38/><D38/><U107/><E107/><V29/><F96/><W5/><G76/><T135/><D110/><U100/><E100/><V42/><REACH who="2" step="1"/><F41/><REACH who="2" ten="230,181,187,392" step="2"/><W93/><G133/><T109/><D128/><U22/><E80/><V102/><F102/><W51/><G119/><T37/><D118/><U10/><E91/><V68/><F68/><W17/><G116/><T105/><D69/><U92/><E92/><V56/><F56/><W108/><G93/><T130/><D130/><U95/><E95/><V121/><F121/><W43/><G120/><T99/><D99/><U47/><E47/><V129/><F129/><W27/><G43/><T104/><D104/><U14/><REACH who="1" step="1"/><E60/><REACH who="1" ten="230,171,187,392" step="2"/><V62/><F62/><W46/><G46/><T52/><D105/><U16/><E16/><V84/><F84/><W65/><G18/><T49/><D73/><U114/><E114/><V55/><F55/><W70/><G17/><T6/><D113/><U81/><E81/><V117/><F117/><W57/><G108/><T39/><D112/><RYUUKYOKU ba="0,2" sc="230,-15,171,15,187,15,392,-15" hai1="0,1,2,4,8,9,10,14,21,22,58,61,66" hai2="13,15,23,24,26,29,30,42,45,50,79,83,85" owari="215,1.5,186,-31.4,202,-19.8,397,49.7" /></mjloggm>