<mjloggm ver="2.3"><GO type="225" lobby="0"/><UN n0="%E3%83%A9%E3%82%B9%E7%8E%87%EF%BC%93%E5%89%B2" n1="%E5%8C%97%E6%AC%A7%E3%81%AE%E3%82%82%E3%81%93%E3%81%86" n2="%E5%8F%AF%E5%85%90%E9%82%A3%E7%94%B1%E5%A4%9A" n3="%33%74%72%65%65" dan="16,17,16,16" rate="2166.85,2147.11,2203.08,2149.68" sx="F,M,F,F"/><TAIKYOKU oya="0"/><INIT seed="0,0,0,2,0,92" ten="250,250,250,250" oya="0" hai0="8,64,78,40,31,107,127,69,70,54,62,135,93" hai1="23,101,29,47,42,36,37,44,11,105,51,73,74" hai2="43,134,113,102,111,65,86,104,46,122,41,68,55" hai3="10,24,59,88,128,120,50,77,82,22,49,129,79"/><T2/><D107/><U26/><E11/><V27/><F113/><W66/><G120/><T109/><D135/><U45/><E45/><V106/><F122/><W130/><G10/><T21/><D127/><U90/><E90/><V124/><F124/><W98/><G66/><T16/><D109/><U17/><E17/><V12/><F111/><W48/><G59/><T119/><D119/><U123/><E123/><V110/><F110/><W94/><G82/><T52/><D69/><U85/><E85/><V13/><F134/><W99/><G99/><T39/><D78/><U38/><REACH who="1" step="1"/><E47/><REACH who="1" ten="250,240,250,250" step="2"/><V60/><F86/><W100/><G100/><T56/><D8/><U84/><E84/><V108/><F102/><W133/><G133/><T35/><D2/><U5/><E5/><V67/><F108/><W30/><AGARI ba="0,1" hai="22,24,30,48,49,50,77,79,88,94,98,128,129,130" machi="30" ten="40,8000,1" yaku="0,1,19,1,52,1,54,1" doraHai="92" who="3" fromWho="3" sc="250,-40,240,-20,250,-20,250,90" /><INIT seed="1,0,0,1,1,23" ten="210,220,230,340" oya="1" hai0="76,53,131,111,69,118,119,10,133,24,41,107,59" hai1="2,110,37,34,74,62,19,125,97,55,47,72,32" hai2="43,134,30,45,80,95,51,108,14,81,84,83,103" hai3="26,58,63,113,70,38,57,16,44,112,40,102,29"/><U120/><E120/><V61/><F108/><W49/><G102/><T94/><D69/><U105/><E125/><V54/><F134/><W18/><G112/><T39/><D107/><U96/><E110/><V1/><F1/><W9/><G113/><T132/><D111/><U100/><E96/><N who="2" m="59807" /><F30/><W7/><G70/><T17/><D76/><U42/><E19/><V35/><F35/><N who="1" m="13353" /><E55/><V124/><F124/><W114/><G114/><T4/><D41/><U60/><E60/><V86/><F14/><N who="3" m="5439" /><G38/><T82/><D39/><U99/><E99/><V78/><F78/><W0/><G0/><T25/><D17/><N who="3" m="6761" /><G63/><T116/><D132/><U67/><E2/><V127/><F127/><W31/><G31/><T130/><D133/><U77/><E77/><V104/><F104/><W123/><G123/><T122/><D122/><U64/><E64/><V27/><F27/><N who="0" m="10314" /><D82/><U36/><E37/><V65/><F65/><W90/><G90/><T73/><D73/><U109/><E109/><V106/><F106/><W8/><G8/><T88/><D10/><U3/><E3/><V71/><F71/><AGARI ba="0,0" hai="36,42,47,62,67,71,72,74,97,100,105" m="13353" machi="71" ten="30,2900,0" yaku="33,2" doraHai="23" who="1" fromWho="2" sc="210,0,220,29,230,-29,340,0" /><INIT seed="1,1,0,1,0,20" ten="210,249,201,340" oya="1" hai0="121,107,102,62,93,70,57,63,56,21,103,49,38" hai1="130,94,18,16,27,35,60,32,84,19,10,39,129" hai2="104,118,6,90,41,67,119,33,36,14,71,106,46" hai3="111,73,11,76,9,2,98,74,82,132,131,122,58"/><U28/><E39/><V29/><F90/><W12/><G122/><T8/><D121/><U112/><E112/><V65/><F14/><W0/><G111/><T64/><D38/><U13/><E60/><N who="2" m="40359" /><F6/><W55/><G131/><N who="1" m="50186" /><E84/><V88/><F88/><W108/><G132/><T79/><D107/><N who="2" m="41002" /><F67/><W126/><G12/><T59/><D79/><U80/><E94/><V100/><F100/><W23/><G2/><T113/><D113/><U53/><E80/><V47/><F47/><W125/><G0/><T97/><D8/><U69/><E69/><V78/><F78/><W99/><G11/><T45/><D103/><U135/><E135/><V25/><AGARI ba="1,0" hai="25,29,33,36,41,46,118,119" m="41002,40359" machi="25" ten="30,2000,0" yaku="23,1,52,1" doraHai="20" who="2" fromWho="2" sc="210,-6,249,-11,201,23,340,-6" /><INIT seed="2,0,0,0,1,134" ten="204,238,224,334" oya="2" hai0="12,50,1,90,15,77,98,99,125,51,36,67,82" hai1="129,62,108,120,78,106,87,88,33,121,9,58,65" hai2="44,52,122,57,39,68,73,40,20,71,111,24,32" hai3="47,107,45,13,75,2,83,117,26,43,16,23,6"/><V76/><F122/><W21/><G117/><T133/><D36/><U10/><E108/><V109/><F32/><W105/><G2/><T35/><D1/><U101/><E129/><V93/><F93/><W103/><G103/><T41/><D35/><U84/><E33/><V124/><F124/><W11/><G45/><T54/><D67/><U135/><E135/><V81/><F111/><W22/><G22/><T102/><D90/><U132/><E132/><V17/><REACH who="2" step="1"/><F109/><REACH who="2" ten="204,238,214,334" step="2"/><W53/><G107/><T127/><D133/><U27/><E121/><V119/><F119/><W8/><G105/><T116/><D116/><U128/><E120/><V0/><F0/><W100/><G100/><T118/><D118/><U7/><E128/><V61/><AGARI ba="0,1" hai="17,20,24,39,40,44,52,57,61,68,71,73,76,81" machi="61" ten="20,7800,0" yaku="1,1,0,1,7,1,54,1,53,0" doraHai="134" doraHaiUra="28" who="2" fromWho="2" sc="204,-26,238,-26,214,88,334,-26" /><INIT seed="2,1,0,0,1,108" ten="178,212,302,308" oya="2" hai0="67,31,54,75,3,119,48,49,47,74,9,30,40" hai1="123,130,88,98,23,2,96,21,29,113,95,62,100" hai2="102,14,71,20,68,115,118,106,11,33,46,15,81" hai3="99,69,107,126,65,120,19,25,70,38,93,128,114"/><V134/><F118/><W51/><G38/><T105/><D119/><U32/><E130/><V26/><F33/><W6/><G6/><T63/><D105/><U45/><E123/><V41/><F134/><W85/><G107/><T111/><D111/><U17/><E2/><V86/><F115/><W10/><G65/><T7/><D74/><U131/><E131/><V84/><F106/><W58/><G128/><T64/><D75/><U18/><E32/><V22/><F102/><W53/><G120/><T124/><D124/><U73/><E73/><V91/><F86/><W101/><G126/><T50/><D67/><U0/><E0/><V129/><F129/><W66/><G114/><T37/><REACH who="0" step="1"/><D54/><REACH who="0" ten="168,212,302,308" step="2"/><U112/><E113/><V127/><F127/><W4/><G66/><T82/><D82/><U76/><E112/><V39/><F81/><W132/><G132/><T89/><D89/><U109/><E109/><V87/><F91/><W5/><G53/><T42/><D42/><U80/><E76/><V16/><F71/><AGARI ba="1,1" hai="3,7,9,30,31,37,40,47,48,49,50,63,64,71" machi="71" ten="40,2600,0" yaku="1,1,53,1" doraHai="108" doraHaiUra="56" who="0" fromWho="2" sc="168,39,212,0,302,-29,308,0" /><INIT seed="3,0,0,2,4,18" ten="207,212,273,308" oya="3" hai0="96,118,90,13,83,127,8,82,41,119,4,44,110" hai1="88,111,2,80,76,98,39,121,56,79,95,36,48" hai2="72,99,107,22,24,23,67,108,46,116,6,26,29" hai3="17,52,27,84,112,20,28,102,5,33,132,81,134"/><W60/><G112/><T51/><D110/><U49/><E121/><V58/><F116/><W123/><G123/><T53/><D127/><U78/><E111/><V75/><F108/><W47/><G102/><T45/><D119/><U9/><E36/><V91/><F6/><W106/><G106/><T12/><D118/><U15/><E39/><V7/><F7/><W31/><G5/><T14/><D83/><U105/><E2/><V73/><F46/><W63/><G47/><T93/><REACH who="0" step="1"/><D82/><REACH who="0" ten="197,212,273,308" step="2"/><U130/><E80/><V129/><F73/><W68/><G81/><T19/><D19/><U113/><E113/><V54/><F75/><W117/><G17/><T32/><D32/><U66/><E130/><V0/><F72/><W3/><G117/><T86/><D86/><U92/><E78/><V89/><F129/><W135/><G84/><T61/><D61/><U71/><E76/><V103/><F0/><W74/><G3/><T101/><D101/><U120/><E79/><V85/><F85/><W104/><G74/><T11/><D11/><U55/><E120/><V1/><F1/><W133/><G133/><T125/><D125/><U100/><E9/><V59/><F91/><W87/><G87/><T50/><AGARI ba="0,1" hai="4,8,12,13,14,41,44,45,50,51,53,90,93,96" machi="50" ten="20,5200,0" yaku="1,1,0,1,7,1,8,1,53,0" doraHai="18" doraHaiUra="25" who="0" fromWho="0" sc="197,62,212,-13,273,-13,308,-26" /><INIT seed="4,0,0,2,1,122" ten="259,199,260,282" oya="0" hai0="33,87,0,123,132,19,46,134,135,2,105,61,76" hai1="74,120,48,129,73,113,62,94,55,128,25,93,20" hai2="68,118,54,104,40,67,14,90,107,38,64,95,119" hai3="106,12,100,88,102,108,28,34,71,114,78,59,72"/><T29/><D123/><U65/><E120/><V47/><F54/><W57/><G71/><T82/><D105/><U58/><E113/><V22/><F22/><W11/><G108/><T36/><D19/><U5/><E5/><V41/><F14/><W127/><G78/><T112/><D112/><U9/><E9/><V49/><F41/><W77/><G114/><T124/><D124/><U7/><E7/><V32/><F32/><W92/><G127/><T111/><D111/><U96/><E73/><V110/><F38/><W56/><G106/><N who="2" m="40489" /><F68/><W115/><G115/><T10/><D61/><U1/><E74/><V84/><F110/><W53/><G53/><T37/><D10/><U13/><E13/><V133/><F133/><W69/><G69/><T85/><D85/><U83/><E1/><N who="0" m="617" /><D46/><U30/><E83/><V98/><F84/><N who="3" m="52231" /><G34/><T99/><D29/><U66/><E66/><V75/><F75/><W101/><G72/><T70/><D33/><U91/><REACH who="1" step="1"/><E94/><REACH who="1" ten="259,189,260,282" step="2"/><V8/><F8/><W97/><G12/><T81/><D81/><U79/><E79/><V125/><F125/><W6/><G77/><T31/><D82/><U60/><E60/><V35/><F35/><W17/><G6/><T44/><D76/><U121/><E121/><V109/><F109/><W18/><G11/><T43/><D134/><U39/><E39/><V116/><AGARI ba="0,1" hai="40,47,49,64,67,90,95,98,116,118,119" m="40489" machi="116" ten="40,1500,0" yaku="12,1" doraHai="122" who="2" fromWho="2" sc="259,-7,189,-4,260,25,282,-4" /><INIT seed="5,0,0,0,3,52" ten="252,185,285,278" oya="1" hai0="71,18,93,116,64,66,133,1,77,45,35,123,59" hai1="132,54,115,100,39,129,21,50,13,126,63,108,94" hai2="26,23,12,124,42,38,49,28,44,27,16,22,125" hai3="6,25,88,58,119,0,24,79,73,120,105,81,82"/><U134/><E39/><V83/><F83/><W89/><G120/><T121/><D1/><U90/><E115/><V10/><REACH who="2" step="1"/><F38/><REACH who="2" ten="252,185,275,278" step="2"/><W80/><G82/><T102/><D123/><U5/><E108/><V92/><F92/><W104/><G81/><T107/><D93/><U70/><E129/><V56/><F56/><W118/><G58/><T53/><D59/><N who="1" m="33239" /><E126/><V29/><AGARI ba="0,1" hai="10,12,16,22,23,26,27,28,29,42,44,49,124,125" machi="29" ten="30,7900,0" yaku="1,1,0,1,9,1,54,1,53,0" doraHai="52" doraHaiUra="31" who="2" fromWho="2" sc="252,-20,185,-39,275,89,278,-20" owari="232,-16.8,146,-35.4,364,46.4,258,5.8" /></mjloggm>