<mjloggm ver="2.3"><GO type="225" lobby="0"/><UN n0="%E3%83%AB%E3%83%9B%E3%83%B3%E3%83%87%E3%82%A3%E3%82%A8" n1="%E6%9D%B1%E9%A2%A8%E3%81%AE%E3%81%8D%E3%82%83%E3%81%B7%E3%81%95%E3%82%93" n2="%E2%98%86%41%64%72%69%61%6E" n3="%E3%82%B2%E3%82%B9%E8%8C%82%E5%8B%9D" dan="17,16,17,16" rate="2205.07,2156.40,2220.06,2047.39" sx="M,M,M,F"/><TAIKYOKU oya="0"/><INIT seed="0,0,0,2,1,87" ten="250,250,250,250" oya="0" hai0="20,3,126,12,43,99,114,45,6,58,107,74,85" hai1="23,65,73,24,78,77,60,104,67,79,117,26,97" hai2="113,89,17,33,80,96,81,29,30,115,56,105,32" hai3="53,48,75,101,92,125,103,68,10,95,66,54,8"/><T128/><D114/><U86/><E117/><V133/><F17/><W88/><G75/><T62/><D74/><U94/><E73/><V1/><F1/><W122/><G122/><T4/><D3/><U72/><E72/><V98/><F56/><W27/><G125/><T57/><D128/><U46/><E46/><V108/><F105/><W15/><G27/><T91/><D107/><U76/><E104/><V132/><REACH who="2" step="1"/><F108/><REACH who="2" ten="250,250,240,250" step="2"/><W19/><G68/><T121/><D58/><N who="1" m="37015" /><E67/><V120/><F120/><W52/><G66/><T36/><D121/><U135/><E135/><V83/><F83/><W109/><G109/><T118/><D126/><U9/><E9/><V69/><F69/><W49/><G8/><T129/><D129/><U13/><E23/><V47/><F47/><W59/><G95/><T5/><D20/><U28/><E28/><V0/><F0/><W2/><G2/><T51/><D118/><U14/><E14/><V21/><F21/><W35/><G35/><T131/><D131/><U123/><E13/><V64/><F64/><W134/><G134/><T37/><D12/><U55/><E123/><V70/><F70/><W25/><G25/><T90/><D57/><U124/><E124/><V127/><F127/><W40/><G40/><T106/><D106/><U39/><E55/><V110/><F110/><W34/><G34/><T7/><D7/><U41/><E41/><V102/><F102/><N who="3" m="38923" /><G59/><T93/><REACH who="0" step="1"/><D62/><REACH who="0" ten="240,250,240,250" step="2"/><U116/><E116/><V71/><F71/><W63/><G63/><T100/><D100/><U16/><E26/><V61/><F61/><W22/><G22/><RYUUKYOKU ba="0,2" sc="240,10,250,-30,240,10,250,10" hai0="4,5,6,36,37,43,45,51,85,90,91,93,99" hai2="29,30,32,33,80,81,89,96,98,113,115,132,133" hai3="10,15,19,48,49,52,53,54,88,92" /><INIT seed="0,1,2,0,5,114" ten="250,220,250,260" oya="0" hai0="87,125,131,80,75,89,52,41,32,29,73,36,135" hai1="105,60,23,124,59,17,18,9,55,65,101,35,49" hai2="120,3,108,113,133,123,115,25,11,93,69,81,58" hai3="1,62,92,111,107,22,74,119,6,28,14,110,37"/><T64/><D125/><U43/><E124/><V100/><F58/><W27/><G107/><T50/><D135/><U99/><E35/><V21/><F69/><W106/><G106/><T31/><D131/><U33/><E33/><V10/><F81/><W54/><G37/><T98/><D64/><U38/><E9/><N who="2" m="3083" /><F93/><W5/><G74/><T104/><D36/><U122/><E122/><N who="2" m="46635" /><F100/><W13/><G92/><T42/><D73/><U48/><E48/><V72/><F72/><W95/><G95/><N who="0" m="56687" /><D32/><U132/><E132/><V12/><F133/><W34/><G62/><T46/><D104/><U67/><E67/><V130/><F130/><W97/><G97/><T112/><D112/><N who="2" m="43082" /><F108/><N who="3" m="41515" /><G54/><T79/><D75/><U109/><E109/><V102/><F102/><W94/><G94/><T68/><D68/><N who="1" m="42023" /><E23/><V82/><F82/><W40/><G34/><T85/><D85/><U63/><E63/><V77/><F77/><W0/><G40/><AGARI ba="1,2" hai="29,31,40,41,42,46,50,52,79,80,87" m="56687" machi="40" ten="30,2900,0" yaku="8,1,54,1" doraHai="114" who="0" fromWho="3" sc="250,52,220,0,250,0,260,-32" /><INIT seed="0,2,0,3,5,0" ten="302,220,250,228" oya="0" hai0="8,71,61,80,85,69,42,46,17,25,52,18,11" hai1="35,91,98,134,93,34,100,78,128,64,14,59,114" hai2="50,27,26,97,115,12,76,129,28,51,31,95,9" hai3="112,2,20,106,1,33,102,118,104,15,40,60,22"/><T84/><D71/><U125/><E78/><V24/><F115/><W105/><G33/><T62/><D69/><U53/><E114/><V82/><F129/><W3/><G112/><T122/><D122/><U75/><E134/><V135/><F135/><W49/><G118/><T30/><D85/><U32/><E125/><V36/><F36/><W73/><G73/><T7/><D11/><U109/><E64/><V65/><F65/><W119/><G119/><T117/><D61/><U16/><E109/><V101/><F82/><W94/><G60/><T83/><D83/><U66/><E66/><V79/><F51/><W58/><G15/><T92/><D92/><U110/><E75/><V77/><REACH who="2" step="1"/><F50/><REACH who="2" ten="302,220,240,228" step="2"/><W96/><REACH who="3" step="1"/><G58/><REACH who="3" ten="302,220,240,218" step="2"/><N who="0" m="35143" /><D117/><U89/><E128/><V54/><F54/><W131/><G131/><T116/><D116/><U38/><E38/><V99/><F99/><W63/><G63/><T132/><D132/><U44/><E110/><V6/><AGARI ba="2,2" hai="6,9,12,24,26,27,28,31,76,77,79,95,97,101" machi="6" ten="30,7900,0" yaku="1,1,0,1,8,1,52,1,53,0" doraHai="0" doraHaiUra="48" who="2" fromWho="2" sc="302,-41,220,-22,240,105,218,-22" /><INIT seed="1,0,0,3,0,22" ten="261,198,345,196" oya="1" hai0="92,72,61,62,51,53,49,132,2,26,32,99,76" hai1="11,131,15,71,98,121,23,134,69,117,84,113,90" hai2="114,43,125,12,83,101,82,87,65,24,30,35,102" hai3="127,57,79,48,89,64,124,122,56,126,106,93,5"/><U75/><E75/><V73/><F125/><W58/><G122/><T96/><D2/><U80/><E113/><V128/><F114/><W68/><G106/><T16/><D32/><U74/><E121/><V44/><F128/><W25/><G5/><T91/><D72/><U70/><E131/><V50/><F65/><W77/><G48/><T55/><D76/><U14/><E117/><V105/><F105/><W45/><G45/><N who="0" m="27823" /><D99/><U103/><E74/><V18/><F73/><W6/><G6/><T95/><D95/><U28/><E134/><V119/><F119/><W133/><G133/><T4/><D4/><U1/><E1/><V21/><REACH who="2" step="1"/><F82/><REACH who="2" ten="261,198,335,196" step="2"/><W60/><REACH who="3" step="1"/><G25/><REACH who="3" ten="261,198,335,186" step="2"/><T19/><D132/><U81/><E81/><V120/><F120/><W3/><G3/><T86/><D26/><N who="1" m="16479" /><E69/><V85/><F85/><AGARI ba="0,2" hai="56,57,58,60,64,68,77,79,85,89,93,124,126,127" machi="85" ten="50,3200,0" yaku="1,1,18,1,53,0" doraHai="22" doraHaiUra="0" who="3" fromWho="2" sc="261,0,198,0,335,-32,186,52" /><INIT seed="2,0,0,5,0,97" ten="261,198,303,238" oya="2" hai0="31,107,133,87,126,73,93,121,115,132,7,114,29" hai1="67,122,50,18,116,14,118,47,3,46,52,64,59" hai2="95,5,55,91,100,109,63,113,105,98,8,79,70" hai3="17,20,35,10,45,111,0,125,123,82,81,84,54"/><V128/><F113/><N who="0" m="43018" /><D87/><U76/><E3/><V71/><F79/><W39/><G123/><T40/><D93/><U78/><E122/><V131/><F109/><W88/><G111/><T60/><D60/><U24/><E24/><V130/><F63/><W48/><G125/><T89/><D89/><U101/><E118/><V37/><F37/><W58/><G35/><T21/><D40/><U72/><E116/><V30/><F30/><N who="0" m="11274" /><D107/><U134/><E134/><N who="0" m="51817" /><D73/><U92/><E72/><V69/><F55/><W13/><G39/><T6/><D121/><U12/><E67/><V36/><F36/><W57/><G81/><T68/><D68/><U26/><E64/><V119/><F119/><W103/><G103/><T41/><D41/><U15/><E76/><V1/><F105/><W120/><G120/><T2/><D2/><U66/><E78/><V106/><F106/><W44/><G44/><T135/><D135/><U28/><E66/><V74/><F74/><W86/><G86/><T27/><D126/><U90/><E18/><AGARI ba="0,0" hai="6,7,18,21,27" m="51817,11274,43018" machi="18" ten="30,3900,0" yaku="20,1,34,2" doraHai="97" who="0" fromWho="1" sc="261,39,198,-39,303,0,238,0" /><INIT seed="3,0,0,1,4,108" ten="300,159,303,238" oya="3" hai0="56,104,37,41,57,79,67,74,38,121,54,91,42" hai1="72,22,10,117,0,14,65,50,93,11,131,27,23" hai2="39,73,87,112,8,123,135,16,107,130,36,126,9" hai3="71,44,128,78,55,116,97,96,75,20,134,17,81"/><W118/><G71/><T119/><D104/><U69/><E72/><V113/><F73/><W62/><G128/><T46/><D91/><U15/><E65/><V70/><F70/><W61/><G134/><T12/><D12/><N who="1" m="4651" /><E69/><V129/><F135/><W6/><G6/><T88/><D88/><U25/><E50/><V4/><F107/><W51/><G116/><T18/><D18/><N who="1" m="12503" /><E93/><V47/><F87/><N who="3" m="48567" /><G118/><T103/><D103/><U82/><E82/><V19/><F47/><W26/><G75/><T30/><D79/><U76/><E76/><V45/><F45/><W92/><G97/><T127/><D74/><U83/><E83/><V64/><F64/><W109/><G109/><T7/><D119/><U1/><E117/><V102/><F102/><AGARI ba="0,0" hai="17,20,26,44,51,55,61,62,92,96,102" m="48567" machi="102" ten="30,1500,0" yaku="8,1" doraHai="108" who="3" fromWho="2" sc="300,0,159,0,303,-15,238,15" /><INIT seed="3,1,0,1,3,108" ten="300,159,288,253" oya="3" hai0="118,44,8,82,36,113,97,53,67,78,125,15,100" hai1="50,20,92,96,48,80,58,17,22,89,94,21,25" hai2="4,26,90,6,66,5,29,38,55,40,45,2,87" hai3="111,0,83,7,35,14,65,39,110,128,85,98,74"/><W24/><G74/><T47/><D118/><U37/><E37/><V68/><F55/><W33/><G39/><T73/><D36/><U42/><E80/><V13/><F13/><W122/><G122/><T81/><D81/><U28/><E42/><V63/><F2/><W95/><G128/><T41/><D41/><U129/><E129/><V1/><F1/><W75/><G75/><T103/><D67/><U124/><E124/><V76/><F76/><W19/><G65/><T9/><D9/><U27/><E21/><V16/><F16/><W131/><G131/><T119/><D119/><U117/><E117/><V121/><F121/><W32/><G24/><T93/><D113/><U64/><E92/><V123/><F123/><W11/><G85/><T135/><D135/><U91/><REACH who="1" step="1"/><E89/><REACH who="1" ten="300,149,288,253" step="2"/><V77/><F77/><W114/><G83/><T134/><D82/><U10/><E10/><V104/><F90/><W120/><G120/><T79/><D8/><U3/><E3/><V57/><F40/><W109/><G95/><T61/><D93/><U31/><E31/><V107/><F38/><W62/><G0/><T56/><D125/><U34/><E34/><V99/><F29/><W69/><G32/><T105/><D134/><U101/><E101/><V130/><F130/><W84/><G35/><T60/><D103/><U18/><E18/><V72/><F107/><W46/><G33/><T126/><D126/><U88/><E88/><V12/><F104/><W86/><G19/><T71/><D100/><U51/><E51/><V59/><F72/><W49/><G49/><T127/><D127/><RYUUKYOKU ba="1,1" sc="300,-10,149,30,288,-10,253,-10" hai1="17,20,22,25,27,28,48,50,58,64,91,94,96" /><INIT seed="4,2,1,0,0,100" ten="290,179,278,243" oya="0" hai0="31,3,71,125,102,46,96,58,12,128,77,16,66" hai1="20,80,91,121,73,32,0,88,29,116,89,109,124" hai2="42,18,85,19,33,132,129,8,120,81,94,17,37" hai3="126,93,11,83,115,28,133,68,70,95,111,13,114"/><T101/><D3/><U48/><E32/><V1/><F120/><W10/><G111/><T51/><D71/><N who="3" m="27177" /><G28/><T117/><D117/><U98/><E0/><V7/><F33/><W110/><G110/><T34/><D128/><U122/><E109/><V82/><F129/><W23/><G23/><T22/><D125/><U65/><E116/><V103/><F132/><W112/><G126/><T25/><D77/><U64/><E124/><V24/><F24/><W67/><G67/><T9/><D96/><U15/><E98/><V5/><F5/><N who="3" m="3279" /><G133/><T21/><D21/><U40/><E73/><V52/><F52/><W56/><G11/><T59/><D34/><U53/><E40/><V30/><F30/><W43/><G43/><N who="0" m="25055" /><D58/><N who="1" m="33063" /><E121/><V118/><F118/><W107/><G56/><T44/><D44/><U86/><E122/><V60/><F42/><W14/><G14/><T36/><D36/><U127/><E127/><V99/><F37/><W84/><G107/><T72/><D72/><U61/><E15/><V76/><F60/><AGARI ba="2,1" hai="9,12,16,22,25,31,59,60,66,101,102" m="25055" machi="60" ten="30,2900,0" yaku="8,1,54,1" doraHai="100" who="0" fromWho="2" sc="290,45,179,0,278,-35,243,0" owari="335,43.5,179,-32.1,243,4.3,243,-15.7" /></mjloggm>