<mjloggm ver="2.3"><GO type="225" lobby="0"/><UN n0="%72%61%6B%33" n1="%E3%81%82%E3%81%99%E3%81%AB%E3%82%83%E3%82%80" n2="%E3%82%B0%E3%83%AA%E3%82%B0%E3%83%AA%E6%A3%92" n3="%6D%75%75%6D%75%72%61" dan="18,16,16,16" rate="2228.74,2196.17,2132.53,2130.31" sx="M,F,M,F"/><TAIKYOKU oya="0"/><INIT seed="0,0,0,1,3,55" ten="250,250,250,250" oya="0" hai0="72,30,53,36,74,54,0,64,56,23,104,14,87" hai1="33,83,3,67,47,129,69,121,10,109,48,42,32" hai2="99,82,62,16,28,24,2,80,11,107,35,95,135" hai3="88,68,8,38,114,29,70,93,94,108,5,120,100"/><T60/><D0/><U86/><E121/><V113/><F135/><W101/><G114/><T81/><D104/><U12/><E3/><V39/><F39/><W78/><G108/><T103/><D36/><U131/><E109/><V71/><F107/><W98/><G120/><T77/><D103/><U18/><E67/><V66/><F113/><W124/><G124/><T125/><D125/><U97/><E97/><V6/><F99/><W19/><G78/><T117/><D117/><U112/><E69/><V85/><F95/><W96/><G38/><T41/><D41/><U59/><E59/><V126/><F126/><W111/><G111/><T119/><D119/><U25/><E25/><V89/><F80/><W133/><G133/><T40/><D40/><U106/><E106/><V22/><F35/><W105/><G29/><T27/><D54/><U9/><E9/><V49/><F49/><W92/><G19/><T91/><D77/><N who="1" m="46447" /><E112/><V73/><REACH who="2" step="1"/><F28/><REACH who="2" ten="250,250,240,250" step="2"/><W52/><G105/><T132/><D132/><U116/><E116/><V57/><F57/><W123/><G123/><T34/><D34/><U79/><E79/><V37/><F37/><W102/><G70/><T46/><REACH who="0" step="1"/><D14/><REACH who="0" ten="240,250,240,250" step="2"/><U134/><E134/><V63/><F63/><W17/><G102/><T31/><D31/><U1/><E1/><V4/><F4/><W118/><G118/><T13/><D13/><U84/><E32/><V76/><F76/><W127/><G127/><T50/><AGARI ba="0,2" hai="23,27,30,46,50,53,56,60,64,72,74,81,87,91" machi="50" ten="30,6000,0" yaku="1,1,0,1,52,1,53,0" doraHai="55" doraHaiUra="75" who="0" fromWho="0" sc="240,80,250,-20,240,-20,250,-20" /><INIT seed="0,1,0,0,1,76" ten="320,230,220,230" oya="0" hai0="126,87,93,10,15,127,96,39,12,74,106,117,102" hai1="113,35,86,90,30,79,97,7,23,124,115,46,53" hai2="19,69,109,14,132,70,112,47,66,92,4,24,135" hai3="17,38,32,55,101,68,58,28,80,51,131,118,99"/><T75/><D39/><U121/><E121/><V91/><F112/><N who="1" m="43081" /><E7/><V33/><F66/><W104/><G118/><T72/><D117/><U78/><E35/><V85/><F47/><W107/><G131/><T103/><D15/><U114/><E124/><N who="0" m="47657" /><D12/><U111/><E111/><V125/><F125/><W18/><G68/><T22/><D22/><U59/><E46/><V42/><F42/><W37/><G107/><T43/><D10/><U11/><E97/><V64/><F64/><W94/><G38/><T29/><D29/><U57/><E57/><V128/><F128/><W0/><G37/><T56/><D56/><U100/><E100/><N who="0" m="38441" /><D43/><U44/><E44/><V31/><F4/><W8/><G104/><T129/><D129/><U95/><E11/><V40/><F40/><W36/><G36/><T26/><D26/><N who="1" m="16735" /><E114/><V120/><F120/><W1/><G8/><T6/><D6/><U54/><E54/><V98/><F109/><W67/><G1/><T89/><D106/><U25/><E25/><V9/><F69/><W20/><G0/><T122/><D122/><U116/><E116/><V62/><F62/><AGARI ba="1,0" hai="53,59,62,78,79,86,90,95" m="16735,43081" machi="62" ten="30,1000,0" yaku="11,1" doraHai="76" who="1" fromWho="2" sc="320,0,230,13,220,-13,230,0" /><INIT seed="1,0,0,0,0,67" ten="320,243,207,230" oya="1" hai0="10,103,54,68,5,1,58,110,86,125,78,52,115" hai1="100,84,55,96,9,41,23,26,113,126,21,40,72" hai2="25,128,120,91,124,39,43,44,88,117,48,6,74" hai3="42,133,50,22,59,7,95,99,109,121,37,31,73"/><U83/><E113/><V101/><F117/><W85/><G121/><T102/><D115/><U132/><E72/><V36/><F120/><W69/><G73/><T104/><D68/><U56/><E132/><V46/><F124/><W28/><G133/><T14/><D110/><U17/><E9/><V79/><F128/><W60/><G109/><T75/><D125/><U66/><E66/><V116/><F101/><W8/><G37/><T64/><D75/><U108/><E108/><V16/><F6/><W47/><G69/><T105/><D1/><U80/><E23/><V93/><F116/><W45/><G85/><T29/><D29/><U0/><E0/><V71/><F71/><W129/><G45/><T19/><D104/><U89/><E83/><V49/><F79/><W131/><G8/><T77/><D5/><U130/><E130/><N who="3" m="49674" /><G22/><T2/><D2/><U118/><E118/><V24/><F74/><W53/><G7/><T114/><D105/><U51/><REACH who="1" step="1"/><E126/><REACH who="1" ten="320,233,207,230" step="2"/><V3/><F3/><W112/><G112/><T30/><D10/><U35/><E35/><V123/><F123/><W15/><G15/><T98/><D14/><U61/><E61/><V11/><F11/><W90/><AGARI ba="0,1" hai="28,31,42,47,50,53,59,60,90,95,99" m="49674" machi="90" ten="30,1100,0" yaku="19,1" doraHai="67" who="3" fromWho="3" sc="320,-3,233,-5,207,-3,230,21" /><INIT seed="2,0,0,0,2,40" ten="317,228,204,251" oya="2" hai0="109,126,39,106,133,117,90,95,62,103,113,52,71" hai1="36,45,0,78,123,1,77,105,46,31,16,92,130" hai2="24,54,70,67,51,80,25,72,10,29,82,20,21" hai3="48,111,69,91,57,98,125,22,108,59,86,11,13"/><V96/><F72/><W5/><G69/><T49/><D113/><U87/><E105/><V50/><F67/><W116/><G116/><T134/><D117/><U99/><E36/><V30/><F70/><W65/><G125/><T43/><D126/><U132/><E31/><V104/><F10/><W35/><G35/><T42/><D106/><U64/><E132/><N who="0" m="50793" /><D103/><U37/><E37/><V38/><F38/><W63/><G98/><N who="0" m="57719" /><D109/><N who="3" m="42057" /><G22/><T129/><D129/><U97/><E130/><V6/><F6/><W119/><G119/><T7/><D7/><U61/><E0/><V23/><F104/><W76/><G76/><N who="1" m="29290" /><E1/><V131/><F96/><N who="1" m="36937" /><E123/><V88/><F131/><W135/><G135/><T114/><D114/><U73/><E73/><V28/><F88/><W128/><G128/><T14/><D14/><U85/><E92/><V115/><F115/><W107/><G107/><T15/><D15/><U81/><E81/><N who="2" m="31339" /><F54/><N who="3" m="31943" /><G91/><T27/><D39/><U66/><E66/><V127/><F127/><W83/><G83/><T47/><D71/><U60/><E64/><V34/><F34/><W18/><G5/><T122/><D122/><U32/><E32/><V4/><F4/><W102/><G102/><T94/><D94/><U41/><E85/><AGARI ba="0,0" hai="11,13,18,59,63,65,85,86" m="31943,42057" machi="85" ten="30,1000,0" yaku="14,1" doraHai="40" who="3" fromWho="1" sc="317,0,228,-10,204,0,251,10" /><INIT seed="3,0,0,3,0,56" ten="317,218,204,261" oya="3" hai0="26,85,48,77,134,46,127,117,36,110,124,5,105" hai1="99,4,74,123,55,93,108,115,70,89,60,103,69" hai2="68,107,7,129,114,112,63,0,84,125,49,128,65" hai3="45,118,113,9,31,80,86,101,32,73,119,90,40"/><W53/><G113/><N who="2" m="43625" /><F84/><W15/><G73/><T12/><D117/><U24/><E115/><V44/><F107/><W43/><G101/><T23/><D36/><U6/><E74/><V122/><F7/><N who="1" m="2601" /><E108/><V2/><F125/><W91/><G119/><T94/><D134/><U17/><E69/><V82/><F82/><W106/><G106/><T38/><D38/><U78/><E70/><V57/><F2/><W102/><G102/><T28/><D94/><U35/><E35/><V76/><F76/><W130/><G130/><N who="2" m="50281" /><F0/><W29/><G91/><T126/><D110/><U79/><E123/><V20/><F20/><W33/><G33/><T121/><D121/><U109/><E109/><V13/><F13/><W3/><G3/><T66/><D12/><U11/><E103/><V42/><F122/><W30/><G32/><T95/><D5/><U96/><E96/><V88/><F88/><W92/><G92/><T25/><D95/><U51/><E11/><V50/><F68/><W116/><G116/><T16/><D105/><U98/><E98/><V21/><F21/><W67/><G118/><T133/><D23/><N who="1" m="13423" /><E60/><V22/><F22/><W131/><G131/><T97/><D97/><U54/><E51/><AGARI ba="0,0" hai="42,44,49,50,51,57,63,65" m="50281,43625" machi="51" ten="30,7700,0" yaku="19,1,34,2,52,1" doraHai="56" who="2" fromWho="1" sc="317,0,218,-77,204,77,261,0" owari="317,41.7,141,-35.9,281,8.1,261,-13.9" /></mjloggm>