<mjloggm ver="2.3"><GO type="225" lobby="0"/><UN n0="%E3%81%AF%E3%82%88%E3%81%8A%E3%81%98%E3%81%95%E3%82%93" n1="%E6%B4%BE%E9%81%A3%E3%81%AE%E3%82%B8%E3%83%A3%E3%83%83%E3%82%AF" n2="%E3%80%93%E3%81%97%E3%83%BC%E3%82%89%E3%80%93" n3="%E3%82%B3%E3%83%90%E3%83%AC%E3%82%A4" dan="17,17,16,16" rate="2183.85,2210.97,2184.02,2070.26" sx="M,M,M,M"/><TAIKYOKU oya="0"/><INIT seed="0,0,0,4,5,76" ten="250,250,250,250" oya="0" hai0="47,9,71,3,17,111,45,52,107,21,14,39,32" hai1="95,56,85,4,7,128,131,100,123,93,127,106,48" hai2="23,115,92,97,34,58,79,19,65,15,109,42,36" hai3="82,54,25,69,0,72,117,5,6,83,116,55,62"/><T24/><D107/><U50/><E123/><V122/><F34/><W12/><G0/><T61/><D39/><U30/><E127/><V13/><F122/><W35/><G72/><T129/><D129/><N who="1" m="49739" /><E30/><V11/><F115/><W8/><G6/><N who="1" m="2090" /><E85/><V134/><F109/><W73/><G73/><T43/><D111/><U59/><E106/><V64/><F134/><W74/><G74/><T51/><D32/><U89/><E100/><V104/><F104/><W46/><G35/><T120/><D120/><U27/><E27/><V33/><F33/><W84/><G25/><T49/><D3/><U41/><E41/><V118/><F42/><W112/><G112/><T63/><REACH who="0" step="1"/><D71/><REACH who="0" ten="240,250,250,250" step="2"/><U130/><E130/><V94/><F36/><W70/><G69/><T90/><D90/><U38/><E38/><V29/><F118/><W18/><G70/><T121/><D121/><U22/><E89/><V40/><F79/><W20/><G117/><T80/><D80/><U98/><E95/><V87/><F94/><W99/><G116/><T103/><D103/><U81/><E81/><V53/><F92/><W31/><G83/><T75/><D75/><U108/><E108/><V133/><F133/><W135/><G135/><T2/><D2/><U37/><E37/><V68/><F68/><W105/><G105/><T132/><D132/><U66/><E93/><V91/><F91/><W60/><G82/><T124/><D124/><U113/><E113/><V1/><F1/><W26/><G84/><T44/><D44/><U67/><E98/><V110/><F97/><W125/><G99/><T57/><D57/><RYUUKYOKU ba="0,1" sc="240,30,250,-10,250,-10,250,-10" hai0="9,14,17,21,24,43,45,47,49,51,52,61,63" /><INIT seed="0,1,1,1,0,44" ten="270,240,240,240" oya="0" hai0="34,135,121,17,112,78,4,108,80,81,10,27,126" hai1="131,66,69,85,105,90,60,15,49,37,43,128,130" hai2="31,122,119,75,9,48,53,102,8,115,14,7,92" hai3="1,73,87,68,123,129,38,5,11,74,96,65,39"/><T32/><D112/><U41/><E105/><V3/><F75/><N who="3" m="28683" /><G87/><T91/><D121/><U101/><E101/><V116/><F115/><W97/><G96/><T89/><D126/><U54/><E15/><V93/><F31/><W23/><G23/><T100/><D135/><U70/><E70/><V21/><F21/><W77/><G77/><T26/><D108/><U114/><E114/><V94/><F102/><W82/><G82/><T125/><D125/><U109/><E109/><V79/><F79/><W19/><G123/><T72/><D100/><U98/><E98/><V35/><F35/><W56/><G56/><T64/><D64/><U107/><E37/><N who="3" m="13834" /><G19/><T24/><D17/><U95/><REACH who="1" step="1"/><E107/><REACH who="1" ten="270,230,240,240" step="2"/><V99/><F99/><W57/><G97/><T134/><D134/><U47/><AGARI ba="1,2" hai="41,43,47,49,54,60,66,69,85,90,95,128,130,131" machi="47" ten="30,8000,1" yaku="1,1,2,1,0,1,19,1,52,1,53,0" doraHai="44" doraHaiUra="33" who="1" fromWho="1" sc="270,-41,230,103,240,-21,240,-21" /><INIT seed="1,0,0,0,4,96" ten="229,333,219,219" oya="1" hai0="49,15,80,79,81,50,12,62,3,40,99,63,72" hai1="66,131,69,133,19,32,122,121,47,58,112,33,55" hai2="2,129,1,114,104,13,21,103,92,110,118,36,51" hai3="0,38,14,115,74,39,107,78,65,25,8,111,45"/><U4/><E112/><V132/><F36/><W30/><G115/><T48/><D3/><U100/><E4/><V135/><F114/><W127/><G127/><T116/><D116/><U52/><E19/><N who="2" m="10479" /><F118/><W43/><G111/><T9/><D40/><U94/><E47/><V119/><F119/><W71/><G14/><T77/><D99/><U93/><E69/><V37/><F37/><W23/><G107/><T64/><D64/><U76/><E76/><V108/><F104/><W6/><G39/><T56/><D56/><U86/><E58/><V73/><F73/><W105/><G105/><T11/><D49/><U61/><E66/><V10/><F51/><W87/><G87/><T42/><D42/><U27/><E86/><V5/><F1/><W54/><G54/><T130/><D130/><U24/><E131/><V53/><F53/><W44/><G45/><T123/><REACH who="0" step="1"/><D72/><REACH who="0" ten="219,333,219,219" step="2"/><U120/><E120/><AGARI ba="0,1" hai="9,11,12,15,48,50,62,63,77,79,80,81,120,123" machi="120" ten="25,6400,0" yaku="1,1,2,1,22,2,53,0" doraHai="96" doraHaiUra="85" who="0" fromWho="1" sc="219,74,333,-64,219,0,219,0" /><INIT seed="2,0,0,0,2,19" ten="293,269,219,219" oya="2" hai0="84,96,135,130,55,129,117,119,123,5,13,115,106" hai1="46,88,52,62,50,79,124,104,97,122,63,37,51" hai2="40,107,53,38,23,36,6,120,78,33,127,121,21" hai3="82,65,15,95,20,83,74,80,110,112,71,18,67"/><V118/><F107/><W116/><G116/><N who="0" m="44619" /><D123/><U34/><E122/><N who="2" m="47211" /><F118/><W126/><G74/><T131/><D115/><U42/><E34/><V11/><F33/><W91/><G112/><T4/><D135/><U24/><E124/><V32/><F32/><W93/><G126/><T39/><D39/><N who="2" m="14890" /><F40/><W113/><G113/><T61/><D84/><U57/><E104/><V73/><F73/><W132/><G132/><T111/><D111/><U9/><E37/><V60/><F78/><W98/><G110/><T16/><D96/><U49/><E79/><V59/><F127/><W30/><G71/><T66/><D55/><N who="1" m="34111" /><E9/><V76/><F76/><W58/><G30/><T72/><D106/><U69/><E24/><V94/><F94/><W70/><G70/><N who="0" m="42319" /><D72/><U22/><E69/><V7/><F11/><AGARI ba="0,0" hai="4,5,11,13,16,129,130,131" m="42319,44619" machi="11" ten="40,5200,0" yaku="19,1,12,1,54,1" doraHai="19" who="0" fromWho="2" sc="293,52,269,0,219,-52,219,0" /><INIT seed="3,0,0,1,1,4" ten="345,269,167,219" oya="3" hai0="55,29,32,61,65,5,112,72,59,31,132,46,127" hai1="89,94,52,69,28,108,119,56,82,40,128,81,39" hai2="114,8,38,121,64,49,66,20,123,44,134,48,21" hai3="45,36,109,125,17,126,11,105,3,130,9,60,117"/><W116/><G105/><T47/><D72/><U2/><E69/><V34/><F34/><W80/><G3/><T53/><D32/><U10/><E108/><V1/><F1/><W68/><G109/><T87/><D127/><N who="3" m="48649" /><G17/><T107/><D107/><U75/><E128/><V42/><F20/><W25/><G25/><T118/><D118/><N who="3" m="45673" /><G80/><T83/><D132/><U50/><E119/><V100/><F21/><W133/><G133/><T106/><D106/><U77/><E28/><N who="0" m="10825" /><D112/><U76/><E81/><V104/><F100/><W92/><G92/><T63/><D5/><U101/><E82/><V14/><F104/><W111/><G111/><T124/><D124/><U54/><E101/><V135/><F14/><W51/><G36/><T43/><D61/><U35/><E39/><V96/><F8/><N who="3" m="3147" /><G130/><T62/><D83/><U86/><E2/><V99/><F96/><W41/><G60/><T110/><D63/><U27/><E27/><V95/><F99/><W12/><G12/><T73/><D73/><U30/><E94/><V91/><F95/><W129/><G129/><T97/><D97/><U16/><E16/><V113/><F91/><W6/><G6/><T18/><D110/><U15/><E89/><V98/><F98/><W26/><G26/><T22/><D87/><U24/><E86/><V19/><F19/><W70/><AGARI ba="0,0" hai="41,45,51,68,70" m="3147,45673,48649" machi="70" ten="40,12000,1" yaku="18,1,52,3" doraHai="4" who="3" fromWho="3" sc="345,-40,269,-40,167,-40,219,120" owari="305,10.5,229,-17.1,127,-37.3,339,43.9" /></mjloggm>