<mjloggm ver="2.3"><GO type="225" lobby="0"/><UN n0="%E6%81%A5%E6%99%92%E3%81%97" n1="%77%72%77%72%77%72%77%72" n2="%E5%B0%8F%E5%AE%AE%E3%81%9F%E3%81%9A%E3%81%8D" n3="%E3%82%B2%E3%82%B9%E8%8C%82%E5%8B%9D" dan="16,17,17,16" rate="2137.71,2266.75,2166.11,2093.35" sx="M,M,F,F"/><TAIKYOKU oya="0"/><INIT seed="0,0,0,4,4,78" ten="250,250,250,250" oya="0" hai0="1,102,47,2,56,75,40,39,50,28,24,92,97" hai1="0,65,108,85,36,124,48,100,117,16,125,87,122" hai2="31,114,134,21,106,37,115,129,4,98,26,133,81" hai3="69,11,88,120,33,38,51,54,103,73,43,84,126"/><T46/><D75/><U96/><E117/><V68/><F37/><W63/><G126/><N who="1" m="48746" /><E36/><V8/><F68/><W14/><G120/><T55/><REACH who="0" step="1"/><D46/><REACH who="0" ten="240,250,250,250" step="2"/><U107/><E122/><V83/><F115/><W113/><G73/><T76/><D76/><U29/><E108/><V49/><F114/><W118/><G113/><T64/><D64/><U30/><E65/><V70/><F129/><W18/><G118/><T22/><AGARI ba="0,1" hai="1,2,22,24,28,39,40,47,50,55,56,92,97,102" machi="22" ten="20,3900,0" yaku="1,1,0,1,7,1,53,0" doraHai="78" doraHaiUra="72" who="0" fromWho="0" sc="240,49,250,-13,250,-13,250,-13" /><INIT seed="0,1,0,0,5,111" ten="289,237,237,237" oya="0" hai0="59,50,82,45,96,15,14,54,38,69,42,51,16" hai1="52,22,127,98,94,41,100,125,131,23,126,67,73" hai2="99,89,64,116,48,135,43,34,128,92,117,97,122" hai3="55,108,79,86,37,40,0,118,101,83,95,27,77"/><T105/><D69/><U121/><E121/><V66/><F122/><W1/><G108/><T106/><D14/><U90/><E131/><V71/><F128/><W102/><G118/><N who="2" m="45673" /><F135/><W35/><G77/><T113/><D113/><U7/><E73/><V72/><F72/><W2/><G95/><T134/><D134/><U62/><E41/><V29/><F71/><W11/><G11/><T75/><D96/><U78/><E78/><V74/><F74/><W87/><G86/><T32/><D32/><U9/><E100/><V39/><F39/><W36/><G36/><T93/><D93/><U30/><E30/><V18/><F99/><W107/><G107/><T119/><D119/><U120/><E120/><V8/><F29/><W17/><G35/><T115/><D115/><U31/><E31/><V60/><F60/><W49/><G40/><T4/><D4/><U25/><E25/><V130/><F34/><W24/><G37/><T114/><D114/><U91/><E91/><V124/><F130/><W81/><G27/><T61/><D75/><U5/><E67/><V13/><F124/><W80/><G101/><T58/><D82/><U84/><E98/><V103/><F103/><W19/><G102/><T85/><D85/><U6/><E9/><V70/><F70/><W3/><N who="3" m="0" /><DORA hai="76" /><W33/><G33/><T26/><D26/><U132/><E132/><V12/><F12/><W133/><G133/><T63/><D38/><U65/><E65/><V28/><F28/><W129/><G129/><T57/><D106/><U46/><E62/><N who="0" m="23561" /><D105/><U44/><E52/><V88/><F89/><RYUUKYOKU ba="1,0" sc="289,10,237,10,237,10,237,-30" hai0="15,16,42,45,50,51,54,57,58,59" hai1="5,6,7,22,23,44,46,84,90,94,125,126,127" hai2="8,13,18,43,48,64,66,88,92,97" /><INIT seed="0,2,0,2,0,96" ten="299,247,247,207" oya="0" hai0="1,5,15,71,98,24,123,117,68,77,73,107,41" hai1="16,13,6,69,47,14,134,65,4,78,7,40,113" hai2="36,105,30,74,21,42,28,43,8,80,104,131,82" hai3="10,23,52,94,27,87,35,37,3,39,46,66,44"/><T86/><D117/><U111/><E111/><V54/><F74/><W25/><G35/><T31/><D123/><U63/><E134/><V17/><F21/><W72/><G72/><T89/><D1/><U75/><E113/><V127/><F8/><W56/><G66/><T99/><D99/><U128/><E128/><V109/><F109/><W76/><G3/><T133/><D133/><U93/><E93/><V119/><F17/><W60/><G10/><T85/><D41/><U100/><E100/><V125/><F54/><W32/><G32/><T126/><D126/><N who="2" m="48138" /><F36/><W92/><G37/><T29/><D29/><N who="2" m="11370" /><F131/><W62/><G39/><T91/><D73/><U51/><REACH who="1" step="1"/><E16/><REACH who="1" ten="299,237,247,207" step="2"/><V81/><F119/><W45/><G94/><T0/><D31/><U11/><E11/><V121/><F121/><W64/><G23/><T48/><D5/><U102/><E102/><V79/><F79/><W84/><G92/><T112/><D77/><U132/><E132/><V83/><N who="2" m="20480" /><DORA hai="129" /><V97/><F97/><W124/><G76/><T135/><D98/><U58/><E58/><V59/><F59/><N who="3" m="34919" /><G124/><T120/><D120/><U9/><E9/><V116/><F116/><W114/><G114/><T115/><D135/><U18/><E18/><V26/><F26/><AGARI ba="2,1" hai="25,26,27,44,45,46,56,62,64,84,87" m="34919" machi="26" ten="30,2000,0" yaku="8,1,54,1" doraHai="96,129" who="3" fromWho="2" sc="299,0,237,0,247,-26,207,36" /><INIT seed="1,0,0,1,5,84" ten="299,237,221,243" oya="1" hai0="91,7,110,31,115,104,20,127,60,135,56,119,59" hai1="1,2,8,90,130,123,82,132,81,27,73,96,118" hai2="36,101,71,11,15,93,35,62,112,78,53,49,97" hai3="124,6,122,16,58,68,64,85,114,24,5,40,121"/><U28/><E118/><V106/><F112/><W46/><G114/><T47/><D119/><U99/><E123/><V66/><F36/><W86/><G68/><T69/><D115/><U61/><E130/><V33/><F78/><W72/><G72/><T103/><D110/><U44/><E132/><V76/><F76/><W30/><G124/><T109/><D109/><U4/><E2/><V108/><F106/><W55/><G64/><T80/><D7/><U65/><E44/><V105/><F105/><W21/><G121/><T111/><D127/><U113/><E113/><V32/><F108/><W23/><G122/><T52/><D135/><U38/><E73/><V133/><F133/><W14/><G6/><T41/><D69/><U43/><E43/><V95/><F95/><W10/><G21/><T12/><D111/><U9/><E9/><V74/><F74/><W18/><G18/><N who="0" m="10311" /><D103/><U117/><E38/><V100/><F101/><W70/><G70/><T29/><D104/><U129/><E129/><V134/><F134/><W37/><REACH who="3" step="1"/><G5/><REACH who="3" ten="299,237,221,233" step="2"/><T102/><D29/><U19/><E19/><V116/><F116/><W128/><G128/><T131/><D31/><U39/><E117/><V126/><F126/><W0/><G0/><T17/><D17/><U26/><E28/><V45/><F35/><W120/><G120/><T48/><D131/><U79/><E4/><AGARI ba="0,1" hai="4,11,15,32,33,45,49,53,62,66,71,93,97,100" machi="4" ten="30,1000,0" yaku="7,1" doraHai="84" who="2" fromWho="1" sc="299,0,237,-10,221,20,233,0" /><INIT seed="2,0,0,1,5,125" ten="299,227,241,233" oya="2" hai0="35,82,50,42,19,77,100,112,1,25,79,64,91" hai1="116,51,101,49,20,6,110,9,121,127,89,27,133" hai2="123,132,119,106,57,53,43,58,103,129,18,39,124" hai3="3,17,48,62,8,75,2,113,111,12,40,73,0"/><V97/><F124/><W114/><G111/><T29/><D112/><N who="3" m="43113" /><G62/><T117/><D117/><U32/><E127/><V80/><F119/><W78/><G78/><T61/><D1/><N who="3" m="257" /><W74/><DORA hai="99" /><G48/><T94/><D19/><U36/><E32/><V11/><F58/><W67/><G40/><T60/><D50/><U109/><E121/><V14/><F123/><W131/><G67/><T24/><D42/><U122/><E101/><V95/><F132/><W105/><G105/><T104/><D104/><U134/><E36/><V98/><F80/><W68/><G68/><T10/><D100/><U130/><E130/><AGARI ba="0,0" hai="8,12,17,73,74,75,130,131" m="257,43113" machi="130" ten="60,7700,0" yaku="11,1,52,2" doraHai="125,99" who="3" fromWho="1" sc="299,0,227,-77,241,0,233,77" /><INIT seed="3,0,0,5,3,1" ten="299,150,241,310" oya="3" hai0="46,51,74,103,24,4,52,92,76,79,97,55,62" hai1="56,61,120,29,83,70,119,17,110,100,32,80,39" hai2="45,88,25,81,73,40,117,112,50,49,47,124,22" hai3="60,84,77,21,118,6,13,69,31,105,109,128,90"/><W98/><G118/><T9/><D74/><U34/><E120/><V53/><F124/><W106/><G77/><N who="0" m="29771" /><D24/><U65/><E39/><V96/><F112/><W111/><G128/><T2/><D2/><U71/><E110/><N who="3" m="41994" /><G98/><T18/><D4/><U27/><E119/><V115/><F115/><W11/><G21/><T57/><D18/><U43/><E43/><V64/><F117/><W94/><G31/><T132/><D132/><U126/><E126/><V82/><F73/><W89/><G90/><T20/><D20/><U125/><E32/><V7/><F64/><AGARI ba="0,0" hai="6,11,13,60,64,69,84,89,94,105,106" m="41994" machi="64" ten="30,5800,0" yaku="14,1,10,1,52,1" doraHai="1" who="3" fromWho="2" sc="299,0,150,0,241,-58,310,58" owari="299,9.9,150,-35.0,183,-21.7,368,46.8" /></mjloggm>