<mjloggm ver="2.3"><GO type="225" lobby="0"/><UN n0="%E4%BF%BA%E3%81%A8%E5%A6%96%E5%A4%A2" n1="%72%69%6F%75%63%68%61%6E" n2="%E3%81%B5%E3%81%98%E3%81%8B%E3%81%A4" n3="%E3%81%AA%E3%82%81%E3%81%93%E9%9B%80%E5%A3%AB" dan="17,17,16,16" rate="2172.62,2241.73,2116.24,2078.21" sx="F,M,M,M"/><TAIKYOKU oya="0"/><INIT seed="0,0,0,2,4,0" ten="250,250,250,250" oya="0" hai0="127,35,59,123,8,75,118,43,135,23,69,77,26" hai1="128,2,4,76,94,51,49,7,11,95,109,34,3" hai2="134,41,106,88,92,110,36,97,54,20,96,44,9" hai3="12,89,1,126,32,131,15,67,5,14,73,25,38"/><T60/><D118/><U91/><E34/><V120/><F120/><W30/><G73/><T18/><D123/><U63/><E76/><V103/><F110/><W31/><G38/><T129/><D129/><U37/><E37/><V108/><F108/><W48/><G67/><T28/><D135/><U45/><E109/><V66/><F134/><W62/><G62/><T125/><D69/><U56/><E128/><V101/><F66/><W39/><G39/><T47/><D77/><U6/><E2/><V10/><F54/><W100/><G100/><T111/><D75/><U81/><E81/><V121/><F121/><W16/><G89/><T57/><D8/><U79/><E79/><V133/><F133/><W104/><G48/><T83/><D83/><U22/><E22/><V85/><REACH who="2" step="1"/><F20/><REACH who="2" ten="250,250,240,250" step="2"/><N who="3" m="13447" /><G131/><T105/><D111/><U98/><E95/><AGARI ba="0,1" hai="9,10,36,41,44,85,88,92,95,96,97,101,103,106" machi="95" ten="30,7700,0" yaku="1,1,7,1,54,1,53,1" doraHai="0" doraHaiUra="42" who="2" fromWho="1" sc="250,0,250,-77,240,87,250,0" /><INIT seed="1,0,0,2,0,41" ten="250,173,327,250" oya="1" hai0="3,82,125,16,5,131,31,54,65,113,111,66,123" hai1="134,124,26,8,51,49,69,114,9,112,11,59,84" hai2="106,104,81,35,64,76,86,47,115,70,32,129,83" hai3="2,78,88,50,1,71,130,87,34,67,95,18,80"/><U24/><E69/><V22/><F129/><W96/><G34/><T133/><D113/><N who="1" m="43627" /><E59/><V13/><F115/><W118/><G130/><T28/><D131/><U121/><E84/><V10/><F22/><W15/><G118/><T58/><D111/><U79/><E79/><V93/><F93/><W56/><G71/><T73/><D133/><U52/><E121/><V44/><F35/><W17/><G17/><T98/><D123/><U132/><E52/><V45/><F32/><W102/><G67/><T20/><D98/><U120/><E120/><V30/><F30/><W90/><G2/><T29/><D82/><U135/><E124/><V116/><F116/><W55/><REACH who="3" step="1"/><G1/><REACH who="3" ten="250,173,327,240" step="2"/><T126/><D3/><U91/><E91/><V14/><F70/><W117/><G117/><T38/><D65/><U75/><E75/><V74/><F64/><W39/><G39/><T46/><D66/><U128/><E128/><V23/><F23/><AGARI ba="0,1" hai="15,18,23,50,55,56,78,80,87,88,90,95,96,102" machi="23" ten="30,7700,0" yaku="1,1,7,1,8,1,54,1,53,0" doraHai="41" doraHaiUra="100" who="3" fromWho="2" sc="250,0,173,0,327,-77,240,87" /><INIT seed="2,0,0,0,1,120" ten="250,173,250,327" oya="2" hai0="125,104,9,55,34,130,16,14,24,82,76,124,71" hai1="78,17,111,77,59,66,3,108,121,7,40,73,10" hai2="20,62,132,91,61,94,68,2,49,118,13,12,119" hai3="93,112,72,54,129,116,95,122,83,23,27,70,117"/><V101/><F132/><W26/><G122/><T42/><D104/><U88/><E121/><V123/><F123/><W86/><G70/><T51/><D71/><U100/><E100/><V81/><F2/><W106/><G72/><T90/><D130/><U60/><E73/><V126/><F126/><N who="0" m="48746" /><D90/><U65/><E66/><V105/><F49/><W38/><G38/><T53/><D42/><U96/><E40/><V25/><F81/><W103/><G27/><T28/><D51/><U109/><E17/><V8/><F101/><W4/><G4/><T99/><D99/><U44/><E44/><V39/><F105/><W58/><G129/><T1/><D1/><U134/><E134/><V6/><F13/><W131/><G112/><T135/><D135/><U56/><E59/><V63/><F39/><W74/><G74/><AGARI ba="0,0" hai="9,14,16,24,28,34,53,55,74,76,82" m="48746" machi="74" ten="30,2000,0" yaku="18,1,54,1" doraHai="120" who="0" fromWho="3" sc="250,20,173,0,250,0,327,-20" /><INIT seed="3,0,0,2,0,128" ten="270,173,250,307" oya="3" hai0="42,56,127,116,20,77,47,29,104,24,91,101,75" hai1="132,110,37,4,46,89,60,87,14,107,69,43,86" hai2="83,8,55,100,131,63,81,36,33,39,70,113,35" hai3="65,134,7,50,54,109,38,22,41,135,2,79,49"/><W80/><G109/><T105/><D116/><U118/><E110/><V57/><F131/><W67/><G22/><T85/><D127/><U108/><E108/><V26/><F113/><W120/><G120/><T129/><D129/><U92/><E118/><V5/><F100/><W16/><G16/><T0/><D0/><U34/><E34/><V17/><F33/><W123/><G50/><T15/><D101/><U12/><E107/><V117/><F117/><W119/><G123/><T112/><D112/><U122/><E122/><V40/><F70/><W114/><G114/><T30/><D30/><U76/><E4/><V99/><F99/><W95/><G95/><T58/><D77/><U74/><E74/><V64/><F64/><N who="3" m="24651" /><G54/><T103/><D75/><U88/><E76/><V93/><F93/><W32/><G49/><T126/><D126/><U23/><E132/><N who="3" m="50730" /><G32/><T94/><D20/><U97/><E23/><N who="2" m="13679" /><F35/><W111/><G119/><T68/><D94/><U1/><E1/><N who="2" m="47" /><F39/><W13/><G2/><T102/><D104/><U71/><E60/><V59/><F36/><W53/><G53/><T10/><D105/><U72/><E72/><V84/><F40/><W21/><G111/><T73/><D10/><U125/><E125/><V28/><F59/><W78/><G80/><T90/><D56/><U124/><E124/><V31/><F83/><W51/><G51/><T19/><D58/><U11/><E12/><V44/><F44/><N who="3" m="23607" /><G21/><T48/><D48/><U3/><E3/><V52/><F55/><W25/><G25/><T61/><D24/><U27/><E27/><V45/><F45/><RYUUKYOKU ba="0,0" sc="270,-15,173,-15,250,15,307,15" hai2="28,31,52,57,63,81,84" hai3="7,13,78,79" owari="255,-14.5,158,-34.2,265,6.5,322,42.2" /></mjloggm>