<mjloggm ver="2.3"><GO type="225" lobby="0"/><UN n0="%EF%BC%81%E3%81%BC%E3%81%9F%E3%82%82%E3%81%A1%EF%BC%81" n1="%43%68%65" n2="%E3%81%82%E3%81%99%E3%81%AB%E3%82%83%E3%82%80" n3="%E3%81%86%E3%82%8C%E3%81%9F%E3%82%93%E6%9E%95" dan="16,16,16,16" rate="2180.46,2166.78,2045.57,2134.94" sx="M,M,F,F"/><TAIKYOKU oya="0"/><INIT seed="0,0,0,0,0,6" ten="250,250,250,250" oya="0" hai0="127,44,78,116,123,2,61,11,50,63,60,100,19" hai1="134,31,125,133,76,99,82,64,135,13,1,18,54" hai2="117,9,39,71,24,121,128,56,73,119,45,40,122" hai3="113,14,55,20,85,4,8,35,95,22,81,124,34"/><T15/><D116/><N who="2" m="44618" /><F73/><W104/><G104/><T46/><D123/><N who="2" m="47114" /><F24/><W48/><G113/><T28/><D127/><U23/><E125/><V5/><F71/><W43/><G124/><T70/><D70/><U53/><E64/><V89/><F89/><W0/><G95/><T7/><D100/><U59/><E99/><V3/><F56/><W79/><G43/><T108/><D108/><U111/><E111/><V131/><AGARI ba="0,0" hai="3,5,9,39,40,45,128,131" m="47114,44618" machi="131" ten="40,5200,0" yaku="12,1,23,1,52,1" doraHai="6" who="2" fromWho="2" sc="250,-26,250,-13,250,52,250,-13" /><INIT seed="1,0,0,5,5,9" ten="224,237,302,237" oya="1" hai0="132,5,107,113,79,8,20,94,100,76,86,12,46" hai1="47,80,54,114,88,75,78,35,34,134,13,103,10" hai2="38,30,40,50,74,121,89,48,129,52,32,105,95" hai3="93,128,26,31,62,22,73,127,83,102,6,43,18"/><U84/><E114/><V106/><F121/><W98/><G128/><T68/><D113/><U122/><E103/><V131/><F74/><W39/><G127/><T96/><D68/><U44/><E134/><V29/><F38/><W91/><G6/><T49/><D132/><U2/><E2/><V45/><F105/><W133/><G133/><T117/><D117/><U23/><E23/><V130/><F106/><W1/><G1/><T19/><D86/><U58/><E122/><V109/><F109/><W67/><G43/><T126/><D107/><U77/><E34/><V119/><F32/><W85/><G39/><T25/><REACH who="0" step="1"/><D126/><REACH who="0" ten="214,237,302,237" step="2"/><U56/><E35/><V66/><F119/><W116/><G116/><T82/><D82/><U55/><E75/><V16/><F129/><W41/><G73/><T111/><D111/><U135/><E135/><V63/><F130/><W17/><REACH who="3" step="1"/><G41/><AGARI ba="0,1" hai="5,8,12,19,20,25,41,46,49,76,79,94,96,100" machi="41" ten="30,12000,2" yaku="1,1,7,1,8,1,52,1,53,2" doraHai="9" doraHaiUra="72" who="0" fromWho="3" sc="214,130,237,0,302,0,237,-120" /><INIT seed="2,0,0,1,0,25" ten="344,237,302,117" oya="2" hai0="66,130,121,65,108,49,127,15,120,53,3,24,122" hai1="37,95,97,35,10,21,62,5,50,87,82,45,72" hai2="117,92,94,90,112,83,17,100,67,43,41,73,33" hai3="110,134,116,84,51,88,109,85,19,111,47,38,91"/><V105/><F112/><W114/><G116/><T64/><D3/><U129/><E35/><V69/><F117/><W113/><G38/><T102/><D108/><U29/><E129/><V48/><F33/><W1/><G1/><T55/><D127/><U22/><E72/><V74/><F67/><W40/><G134/><T52/><D102/><U75/><E75/><V58/><F69/><W104/><G104/><T106/><D106/><U63/><E37/><V79/><F74/><W119/><G119/><T124/><D124/><U0/><E22/><V81/><F81/><W60/><G60/><T32/><D130/><U13/><E0/><V107/><F17/><W78/><G19/><T70/><D70/><U93/><E93/><V20/><F20/><W39/><G39/><T56/><REACH who="0" step="1"/><D15/><REACH who="0" ten="334,237,302,117" step="2"/><U44/><E13/><V126/><F126/><W101/><G101/><T30/><AGARI ba="0,1" hai="24,30,32,49,52,53,55,56,64,65,66,120,121,122" machi="30" ten="40,8000,1" yaku="1,1,2,1,0,1,52,1,54,1,53,0" doraHai="25" doraHaiUra="76" who="0" fromWho="0" sc="334,90,237,-20,302,-40,117,-20" /><INIT seed="3,0,0,5,2,100" ten="424,217,262,97" oya="3" hai0="96,28,131,13,19,10,78,12,86,80,53,69,108" hai1="45,33,36,63,121,79,72,106,75,66,41,107,7" hai2="47,118,134,56,14,17,68,15,117,130,113,90,89" hai3="135,101,18,1,104,120,124,32,61,102,26,73,44"/><W34/><G120/><T110/><D69/><N who="1" m="42207" /><E121/><V59/><F68/><W60/><G135/><T88/><D131/><U38/><E38/><V71/><F71/><W25/><G124/><T4/><D28/><U97/><E97/><V0/><F0/><W21/><G1/><T51/><D96/><U82/><E7/><V112/><F130/><W52/><G73/><T125/><D78/><N who="1" m="44359" /><E33/><V99/><F47/><W98/><G102/><T37/><D37/><U127/><E127/><V70/><F70/><W42/><G26/><T84/><D84/><U22/><E22/><V39/><F39/><W62/><REACH who="3" step="1"/><G52/><REACH who="3" ten="424,217,262,87" step="2"/><T114/><D125/><U95/><E95/><V74/><F74/><W55/><G55/><T49/><D114/><U20/><E20/><V8/><F113/><W133/><G133/><T27/><D27/><U87/><E87/><V6/><F112/><W85/><G85/><T77/><D77/><U57/><E57/><V116/><F134/><W132/><G132/><T30/><D53/><U43/><E43/><V92/><F56/><W50/><AGARI ba="0,1" hai="18,21,25,32,34,42,44,50,60,61,62,98,101,104" machi="50" ten="30,6000,0" yaku="1,1,0,1,52,1,53,0" doraHai="100" doraHaiUra="91" who="3" fromWho="3" sc="424,-20,217,-20,262,-20,87,70" /><INIT seed="3,1,0,5,0,130" ten="404,197,242,157" oya="3" hai0="22,121,5,68,90,81,16,89,132,115,14,55,15" hai1="79,103,74,54,107,100,61,114,133,131,42,93,99" hai2="91,67,94,102,28,41,24,123,38,125,34,4,76" hai3="104,13,95,32,49,69,26,17,48,57,60,63,64"/><W21/><G104/><T47/><D68/><U98/><E114/><V10/><F102/><W52/><G32/><T124/><D132/><U87/><E133/><V80/><F67/><W50/><REACH who="3" step="1"/><G95/><REACH who="3" ten="404,197,242,147" step="2"/><T35/><D35/><U66/><E131/><V110/><F94/><W2/><G2/><T39/><D115/><U37/><E107/><V29/><F34/><W62/><G62/><T46/><D121/><U82/><E61/><V53/><F123/><W7/><G7/><T86/><D5/><U84/><E93/><V31/><F4/><W58/><G58/><T111/><D124/><U122/><E122/><V108/><F125/><W106/><G106/><T19/><D47/><U112/><E112/><V3/><F3/><W92/><G92/><T0/><D0/><U20/><E103/><V113/><F113/><W77/><G77/><T56/><D46/><U118/><E100/><V116/><F76/><W30/><G30/><T88/><D56/><U83/><E79/><V45/><F28/><W51/><N who="3" m="12288" /><DORA hai="127" /><W8/><G8/><T6/><D6/><U85/><E99/><V101/><F10/><W18/><G18/><T71/><D19/><U109/><E98/><V40/><F31/><W65/><G65/><T44/><D16/><U43/><E66/><V134/><F45/><W96/><G96/><T72/><D44/><U129/><E129/><V117/><F29/><W23/><G23/><T33/><D22/><U135/><E20/><V9/><F9/><W36/><G36/><T105/><D39/><U73/><E37/><V25/><F38/><W70/><G70/><RYUUKYOKU ba="1,1" sc="404,-10,197,-10,242,-10,147,30" hai3="13,17,21,26,52,57,60,63,64,69" /><INIT seed="3,2,1,4,1,80" ten="394,187,232,177" oya="3" hai0="61,64,53,55,132,67,41,23,99,50,98,19,5" hai1="27,68,16,108,36,123,120,25,130,93,71,111,43" hai2="90,13,3,78,29,102,48,51,32,73,79,91,104" hai3="44,58,62,24,4,10,12,131,45,17,101,94,11"/><W18/><G131/><T14/><D132/><U47/><E130/><V8/><F3/><W92/><G24/><N who="1" m="9290" /><E16/><N who="3" m="6250" /><G10/><N who="0" m="4431" /><D41/><U114/><E93/><N who="3" m="35946" /><G101/><T84/><D55/><AGARI ba="2,1" hai="4,11,12,44,45,55,58,62" m="35946,6250" machi="55" ten="30,2900,0" yaku="8,1,54,1" doraHai="80" who="3" fromWho="0" sc="394,-35,187,0,232,0,177,45" /><INIT seed="3,3,0,5,3,106" ten="359,187,232,222" oya="3" hai0="62,89,96,55,100,56,23,111,113,44,64,78,93" hai1="12,5,80,104,72,50,83,11,105,36,43,18,60" hai2="54,91,121,51,123,95,108,126,15,8,87,102,112" hai3="69,74,79,82,134,25,34,35,115,66,19,124,117"/><W57/><G115/><T86/><D113/><U81/><E36/><V133/><F108/><W71/><G117/><T77/><D111/><U103/><E60/><V27/><F112/><W38/><G134/><T129/><D129/><U75/><E5/><V135/><F126/><W61/><G124/><T42/><D23/><U47/><REACH who="1" step="1"/><E103/><REACH who="1" ten="359,177,232,222" step="2"/><V28/><F102/><W45/><G71/><T131/><D131/><U109/><E109/><V32/><F135/><W114/><G69/><T119/><D100/><U30/><E30/><V1/><F133/><W110/><G110/><T65/><D62/><U22/><E22/><V24/><F1/><W6/><G6/><T73/><D119/><U122/><E122/><N who="2" m="46603" /><F28/><W63/><G114/><T17/><D17/><U130/><E130/><V52/><F32/><W59/><G38/><T26/><D65/><U132/><E132/><V48/><F51/><W76/><G35/><T10/><D64/><U7/><E7/><N who="2" m="3487" /><F48/><W84/><G34/><T21/><D21/><U107/><AGARI ba="3,1" hai="11,12,18,43,47,50,72,75,80,81,83,104,105,107" machi="107" ten="40,8000,1" yaku="1,1,0,1,52,2,53,0" doraHai="106" doraHaiUra="98" who="1" fromWho="1" sc="359,-23,177,99,232,-23,222,-43" owari="336,43.6,276,7.6,209,-19.1,179,-32.1" /></mjloggm>