<mjloggm ver="2.3"><GO type="225" lobby="0"/><UN n0="%77%72%77%72%77%72%77%72" n1="%E8%81%B7%E6%A5%AD%E3%80%81%E9%A2%A8%32" n2="%E9%98%BF%E9%83%A8%E5%AF%9B%EF%BC%A0%E9%B3%B3%E5%8D%93" n3="%E3%83%AD%E3%83%83%E3%83%86%E9%9B%80%E7%90%83" dan="16,16,16,17" rate="2110.99,2099.75,2091.58,2265.47" sx="M,M,F,M"/><TAIKYOKU oya="0"/><INIT seed="0,0,0,1,3,38" ten="250,250,250,250" oya="0" hai0="69,66,44,115,78,104,4,118,31,10,133,20,86" hai1="107,58,108,17,98,83,127,132,32,89,116,55,94" hai2="120,87,27,30,16,102,35,52,106,8,117,3,101" hai3="29,53,61,49,67,33,114,81,45,76,7,103,123"/><T91/><D115/><U128/><E116/><V65/><F120/><W74/><G114/><T21/><D118/><U110/><E32/><V51/><F117/><W92/><G123/><T93/><D104/><U134/><E127/><V122/><F122/><W124/><G124/><T90/><D133/><N who="1" m="51307" /><E128/><V71/><F106/><W1/><G1/><T34/><D78/><U126/><E126/><V113/><F113/><W105/><G7/><T109/><D109/><N who="1" m="42091" /><E107/><V95/><F65/><W131/><G131/><T48/><D34/><U57/><E17/><V63/><F35/><W70/><G105/><T85/><D31/><U80/><E58/><V135/><F135/><W73/><G29/><T82/><D66/><U79/><E79/><V56/><F71/><W40/><G33/><T28/><D28/><U39/><E39/><V112/><F112/><W41/><REACH who="3" step="1"/><G74/><REACH who="3" ten="250,250,250,240" step="2"/><T62/><D69/><U14/><E14/><N who="2" m="7239" /><F30/><W99/><AGARI ba="0,1" hai="40,41,45,49,53,61,67,70,73,76,81,92,99,103" machi="99" ten="30,7900,0" yaku="1,1,0,1,52,2,53,0" doraHai="38" doraHaiUra="68" who="3" fromWho="3" sc="250,-39,250,-20,250,-20,240,89" /><INIT seed="1,0,0,0,5,15" ten="211,230,230,329" oya="1" hai0="12,103,76,36,67,20,49,109,128,105,14,80,131" hai1="50,127,87,108,60,117,41,25,45,10,83,97,101" hai2="51,70,31,113,71,111,48,0,68,56,21,9,3" hai3="95,126,92,110,18,7,47,26,69,107,4,115,43"/><U135/><E117/><V46/><F111/><W100/><G69/><T24/><D36/><U35/><E127/><V88/><F113/><W112/><G107/><T85/><D109/><U93/><E135/><V17/><F31/><W29/><G110/><T53/><D67/><U22/><E35/><V58/><F9/><W82/><G126/><T120/><D120/><U123/><E108/><V75/><F75/><W86/><G29/><T81/><D81/><U73/><E73/><V121/><F121/><W11/><G115/><T61/><D61/><U114/><E123/><V125/><F125/><W98/><G95/><T2/><D2/><U8/><E60/><V132/><F132/><W19/><G26/><T96/><D128/><U116/><E116/><V77/><F77/><N who="3" m="46415" /><G112/><T90/><D76/><N who="1" m="46567" /><E114/><V130/><F130/><W102/><G102/><T104/><D104/><U91/><E101/><V57/><F88/><W5/><G11/><T99/><D99/><U118/><E118/><V134/><F134/><W37/><G37/><T63/><D63/><U42/><E41/><V84/><F0/><W38/><G38/><T72/><D72/><U66/><E66/><V54/><F3/><W64/><G64/><T32/><D32/><U44/><E44/><V13/><REACH who="2" step="1"/><F84/><REACH who="2" ten="211,230,220,329" step="2"/><W34/><G34/><T27/><D131/><U78/><E78/><V133/><F133/><W39/><G100/><T23/><D20/><U59/><E59/><V33/><F33/><W62/><G98/><T52/><D23/><U74/><E74/><V106/><F106/><W30/><G30/><AGARI ba="0,1" hai="8,10,22,25,30,42,45,50,91,93,97" m="46567" machi="30" ten="30,1500,0" yaku="8,1" doraHai="15" who="1" fromWho="3" sc="211,0,230,25,220,0,329,-15" /><INIT seed="1,1,0,3,2,29" ten="211,255,220,314" oya="1" hai0="47,100,126,118,86,6,78,132,46,102,77,27,64" hai1="37,104,68,134,133,70,129,98,121,42,32,9,48" hai2="30,24,73,93,111,91,94,124,19,80,101,49,114" hai3="122,7,63,17,14,3,52,25,85,103,60,120,51"/><U12/><E121/><V117/><F117/><W131/><G3/><T112/><D112/><U44/><E129/><V56/><F114/><W8/><G131/><T23/><D118/><U97/><E32/><V110/><F124/><W128/><G128/><T54/><D126/><U5/><E37/><V20/><F101/><N who="0" m="39018" /><D132/><N who="1" m="50795" /><E104/><V83/><F73/><W58/><G103/><T105/><D105/><U53/><E42/><V2/><F2/><W92/><G122/><T109/><D109/><N who="2" m="41482" /><F19/><W119/><G119/><T84/><D64/><U50/><E48/><V4/><F4/><W62/><G120/><T59/><D6/><U33/><E33/><V123/><F123/><W31/><G7/><T13/><D13/><U45/><E45/><N who="0" m="16905" /><D77/><U40/><E40/><V39/><F39/><W34/><REACH who="3" step="1"/><G51/><REACH who="3" ten="211,255,220,304" step="2"/><N who="0" m="31199" /><D78/><U108/><E108/><V88/><F49/><W57/><G57/><T79/><D79/><U0/><E0/><V89/><F56/><W127/><G127/><T16/><AGARI ba="1,1" hai="16,23,27,84,86" m="31199,16905,39018" machi="16" ten="30,2000,0" yaku="8,1,54,1" doraHai="29" who="0" fromWho="0" sc="211,33,255,-11,220,-6,304,-6" /><INIT seed="2,0,0,2,5,130" ten="244,244,214,298" oya="2" hai0="9,116,60,62,109,37,10,49,32,93,85,92,43" hai1="75,110,44,74,19,123,84,40,11,12,97,67,100" hai2="29,124,38,83,133,122,127,6,117,0,112,24,72" hai3="120,98,99,26,3,108,107,45,36,55,81,63,135"/><V79/><F112/><W27/><G3/><T91/><D37/><U95/><E110/><V53/><F117/><W7/><G7/><T121/><D32/><U47/><E123/><V101/><F122/><W58/><G120/><T61/><D109/><U114/><E114/><V88/><F101/><W111/><G111/><T39/><D39/><U69/><E47/><V51/><F38/><W59/><G45/><N who="0" m="25791" /><D116/><U89/><E67/><V76/><F76/><W132/><G36/><T118/><D118/><U90/><E69/><V66/><F66/><N who="3" m="39287" /><G81/><T70/><D70/><U73/><REACH who="1" step="1"/><E84/><REACH who="1" ten="244,234,214,298" step="2"/><V4/><F124/><W41/><G108/><T64/><D64/><U106/><E106/><V65/><F127/><W22/><G107/><T134/><D121/><U30/><E30/><V35/><F65/><W23/><G41/><T16/><D85/><U102/><E102/><V56/><F133/><N who="3" m="51275" /><G55/><T77/><D134/><U33/><E33/><V8/><REACH who="2" step="1"/><F6/><REACH who="2" ten="244,234,204,298" step="2"/><W113/><G113/><T50/><D91/><AGARI ba="0,2" hai="0,4,8,24,29,35,51,53,56,72,79,83,88,91" machi="91" ten="40,7700,0" yaku="1,1,2,1,54,1,53,0" doraHai="130" doraHaiUra="119" who="2" fromWho="0" sc="244,-77,234,0,204,97,298,0" /><INIT seed="2,1,0,2,0,7" ten="167,234,301,298" oya="2" hai0="70,31,52,30,32,35,44,96,36,127,71,19,57" hai1="34,22,69,53,115,132,63,58,92,116,25,119,8" hai2="43,65,37,129,13,3,123,46,38,87,68,72,66" hai3="91,134,73,90,16,75,33,54,56,51,76,88,1"/><V102/><F72/><W94/><G134/><T17/><D127/><U15/><E115/><V62/><F3/><W23/><G33/><T125/><D125/><U104/><E104/><V128/><F102/><W107/><G107/><T109/><D109/><U60/><E132/><V74/><F74/><W48/><G1/><T41/><D96/><U114/><E34/><V50/><F87/><N who="3" m="52511" /><G75/><T85/><D32/><U18/><E114/><V126/><F126/><W86/><G73/><T100/><D100/><U101/><E63/><N who="2" m="39999" /><F13/><N who="3" m="9615" /><G48/><T95/><D35/><U131/><E69/><N who="2" m="42199" /><F123/><W77/><G91/><N who="0" m="53743" /><D71/><U14/><E14/><V124/><F124/><W12/><G12/><T27/><D70/><U45/><E15/><V67/><F37/><W64/><G64/><T11/><D36/><U133/><E133/><V61/><F38/><W20/><G20/><N who="0" m="13711" /><D11/><U21/><E8/><V59/><AGARI ba="1,0" hai="43,46,50,59,61,67,128,129" m="42199,39999" machi="59" ten="30,3000,0" yaku="34,2" doraHai="7" who="2" fromWho="2" sc="167,-11,234,-11,301,33,298,-11" /><INIT seed="2,2,0,4,4,43" ten="156,223,334,287" oya="2" hai0="116,71,44,10,93,3,106,112,31,98,26,19,75" hai1="48,92,83,74,38,118,94,86,20,33,40,39,64" hai2="133,73,34,46,30,2,7,131,91,22,49,63,101" hai3="54,52,29,90,66,25,129,9,115,72,123,42,27"/><V0/><F73/><W55/><G123/><T1/><D112/><U41/><E33/><V89/><F131/><W103/><G129/><T17/><D71/><U60/><E74/><V13/><F133/><W81/><G115/><T122/><D122/><U80/><E118/><V130/><F101/><W15/><G66/><T119/><D106/><U5/><E41/><V125/><F0/><W59/><G103/><T69/><D69/><U56/><E83/><V76/><F76/><W87/><G42/><T50/><D75/><U68/><E5/><V62/><F125/><W16/><G72/><T70/><D70/><U84/><E84/><V58/><F2/><W23/><REACH who="3" step="1"/><G27/><REACH who="3" ten="156,223,334,277" step="2"/><T67/><D67/><U124/><E40/><V61/><F130/><W120/><G120/><T121/><D121/><U12/><E64/><V32/><F32/><W128/><G128/><T35/><D119/><U36/><E124/><V45/><F34/><W113/><G113/><T6/><D116/><U77/><E68/><V51/><F89/><W114/><G114/><T109/><D109/><U107/><E39/><V111/><F91/><W78/><G78/><T108/><D108/><U102/><E77/><V14/><F111/><W79/><G79/><T95/><D26/><U28/><E38/><V53/><F7/><W100/><G100/><T110/><D35/><U96/><E102/><V126/><F126/><W4/><G4/><T132/><D110/><U24/><E24/><V11/><F13/><W134/><G134/><T65/><D132/><U99/><E36/><V135/><F135/><W105/><G105/><RYUUKYOKU ba="2,1" sc="156,-10,223,-10,334,-10,277,30" hai3="9,15,16,23,25,29,52,54,55,59,81,87,90" /><INIT seed="3,3,1,5,3,135" ten="146,213,324,307" oya="3" hai0="116,77,35,94,22,57,66,93,19,70,73,38,50" hai1="46,124,123,62,129,4,78,42,28,99,111,114,83" hai2="112,1,49,47,90,72,91,17,69,6,79,5,122" hai3="48,84,85,67,80,15,11,126,30,3,86,97,131"/><W23/><G126/><T107/><D116/><U119/><E123/><V51/><F69/><W120/><G120/><T74/><D35/><U60/><E114/><V10/><F112/><W76/><G131/><T88/><D38/><U132/><E129/><V40/><F122/><W109/><G109/><T127/><D107/><U133/><E111/><V31/><F31/><W33/><G33/><T113/><D113/><U96/><E28/><V103/><F103/><W0/><G67/><T98/><D127/><U130/><E4/><V24/><F6/><N who="3" m="3575" /><G0/><T89/><D70/><U68/><E124/><V110/><F110/><W2/><G2/><T26/><D77/><U18/><E130/><V13/><F24/><N who="3" m="16671" /><G3/><T128/><D128/><U12/><E119/><V39/><F49/><W82/><G97/><T81/><D81/><N who="3" m="31337" /><G48/><T55/><REACH who="0" step="1"/><D66/><REACH who="0" ten="136,213,324,307" step="2"/><U7/><E78/><AGARI ba="3,2" hai="76,78,84,85,86" m="31337,16671,3575" machi="78" ten="30,1500,0" yaku="8,1" doraHai="135" who="3" fromWho="1" sc="136,0,213,-24,324,0,307,44" owari="136,-36.4,189,-21.1,324,12.4,351,45.1" /></mjloggm>