<mjloggm ver="2.3"><GO type="225" lobby="0"/><UN n0="%E3%81%BF%E3%81%BF%E3%81%9A" n1="%E3%83%AD%E3%83%83%E3%83%86%E9%9B%80%E7%90%83" n2="%72%65%6E%6B%75%6E" n3="%E6%B4%BE%E9%81%A3%E3%81%AE%E3%82%B8%E3%83%A3%E3%83%83%E3%82%AF" dan="18,16,17,17" rate="2239.13,2189.85,2214.24,2234.98" sx="M,M,M,M"/><TAIKYOKU oya="0"/><INIT seed="0,0,0,2,2,87" ten="250,250,250,250" oya="0" hai0="79,124,15,27,104,59,40,129,117,41,71,66,48" hai1="98,16,4,54,125,127,21,3,101,135,88,56,37" hai2="107,76,20,85,13,33,89,12,120,38,29,90,7" hai3="94,2,108,0,67,111,5,77,46,102,58,32,99"/><T17/><D117/><U63/><E37/><V110/><F107/><W81/><G32/><T84/><D104/><U42/><E42/><V26/><F38/><W60/><G46/><T92/><D71/><U53/><E135/><V61/><F120/><W78/><G78/><T31/><D124/><N who="1" m="47691" /><E4/><V74/><F74/><W106/><G106/><T43/><D129/><U134/><E3/><V14/><F110/><N who="3" m="42027" /><G5/><T116/><D116/><U23/><E23/><V86/><F33/><W93/><G93/><T8/><D66/><N who="1" m="39271" /><E101/><V100/><F100/><W128/><G128/><T30/><D27/><N who="1" m="14759" /><E134/><V121/><F121/><W51/><G51/><T73/><D73/><AGARI ba="0,0" hai="0,2,58,60,67,73,77,81,94,99,102" m="42027" machi="73" ten="30,1000,0" yaku="14,1" doraHai="87" who="3" fromWho="0" sc="250,-10,250,0,250,0,250,10" /><INIT seed="1,0,0,0,4,91" ten="240,250,250,260" oya="1" hai0="56,11,104,34,96,35,54,133,124,23,93,63,106" hai1="33,40,115,71,118,66,126,17,41,121,117,74,90" hai2="111,97,2,112,129,105,32,135,109,128,18,100,103" hai3="76,69,8,82,46,134,65,0,39,16,99,114,79"/><U13/><E115/><V5/><F32/><W122/><G114/><T4/><D124/><U125/><E121/><V94/><F112/><W120/><G134/><T37/><D37/><U50/><E33/><V127/><F5/><W110/><G110/><N who="2" m="41993" /><F2/><W12/><G76/><T44/><D133/><U27/><E27/><V89/><F135/><W83/><G83/><T43/><D34/><U36/><E36/><V87/><F18/><W88/><G0/><T3/><D35/><U7/><E7/><V57/><F57/><W68/><G68/><T95/><D23/><U59/><E74/><V78/><F127/><N who="1" m="48649" /><E71/><V64/><F64/><W101/><G65/><T62/><D62/><N who="1" m="38239" /><E90/><V48/><F48/><W9/><G69/><T72/><D72/><U14/><E14/><V108/><N who="2" m="42001" /><V42/><DORA hai="130" /><F42/><N who="1" m="16489" /><E50/><V67/><F67/><W20/><G39/><T77/><D77/><U6/><E6/><V81/><F103/><W107/><G79/><T1/><D3/><U58/><E58/><V132/><F132/><W22/><G122/><T116/><D116/><U85/><E85/><AGARI ba="0,0" hai="78,81,85,87,89,94,97,100,105,128,129" m="42001" machi="85" ten="40,8000,1" yaku="14,1,34,2,52,1" doraHai="91,130" who="2" fromWho="1" sc="240,0,250,-80,250,80,260,0" /><INIT seed="2,0,0,3,1,59" ten="240,170,330,260" oya="2" hai0="21,44,94,43,125,127,91,115,71,96,116,9,5" hai1="34,22,30,8,126,58,97,122,120,113,121,6,114" hai2="25,17,101,4,69,111,37,82,133,0,11,86,77" hai3="110,84,130,48,67,19,47,104,81,14,102,3,38"/><V80/><F133/><W99/><G3/><T49/><D115/><U7/><E126/><N who="0" m="48137" /><D116/><U119/><E119/><V108/><F37/><W76/><G110/><N who="2" m="42025" /><F101/><W53/><G130/><T18/><D71/><U103/><E34/><V72/><F69/><W74/><G38/><T52/><D21/><U65/><E30/><V26/><F17/><W85/><G67/><T27/><D27/><U23/><E114/><V61/><F61/><W64/><G64/><T109/><D109/><U90/><E90/><AGARI ba="0,0" hai="0,4,11,25,26,72,77,80,82,86,90" m="42025" machi="90" ten="30,2900,0" yaku="14,1,10,1" doraHai="59" who="2" fromWho="1" sc="240,0,170,-29,330,29,260,0" /><INIT seed="2,1,0,1,1,7" ten="240,141,359,260" oya="2" hai0="66,2,15,9,80,21,60,14,44,107,127,88,108" hai1="68,0,19,25,11,33,45,4,62,46,32,29,12" hai2="122,119,59,64,72,5,135,20,104,91,114,18,30" hai3="95,40,28,48,118,103,132,120,96,116,112,73,53"/><V23/><F104/><W26/><G73/><T8/><D107/><U54/><E33/><V47/><F72/><W70/><G70/><T63/><D108/><U102/><E102/><V56/><F122/><W105/><G120/><T6/><D127/><U75/><E75/><V117/><F114/><W50/><G132/><T100/><D100/><U126/><E126/><V94/><F135/><W39/><G39/><T134/><D134/><U38/><E38/><V37/><F5/><W76/><G112/><T131/><D131/><U61/><E68/><V74/><F74/><W92/><G76/><T17/><D44/><U16/><E19/><V81/><F81/><W43/><G48/><T58/><D63/><U55/><E55/><V84/><F30/><W113/><G113/><T65/><D65/><U106/><E106/><V13/><F23/><W51/><G95/><T52/><D66/><U123/><E123/><V36/><F36/><W87/><G43/><T49/><D60/><U41/><E41/><V22/><F22/><N who="3" m="15447" /><G40/><T99/><D80/><U124/><E124/><V3/><F3/><W129/><G129/><T121/><D121/><U10/><REACH who="1" step="1"/><E62/><REACH who="1" ten="240,131,359,260" step="2"/><V82/><F37/><W1/><G105/><T128/><D128/><U69/><E69/><V98/><F64/><W130/><G130/><T85/><D6/><U125/><E125/><V133/><F133/><W89/><G103/><T57/><D52/><U109/><E109/><V97/><F18/><W83/><G53/><T34/><D17/><U35/><E35/><V93/><F119/><W110/><G110/><T67/><D34/><RYUUKYOKU ba="1,1" sc="240,-10,131,30,359,-10,260,-10" hai1="0,4,10,11,12,16,25,29,32,45,46,54,61" /><INIT seed="3,2,1,1,0,34" ten="230,161,349,250" oya="3" hai0="49,89,52,30,13,99,51,77,73,5,126,71,57" hai1="28,108,59,121,21,118,104,98,92,122,43,123,127" hai2="23,107,7,45,129,93,81,87,132,37,58,20,97" hai3="11,25,33,41,39,55,110,38,47,27,26,109,65"/><W76/><G76/><T15/><D71/><U9/><E108/><N who="3" m="41578" /><G65/><T133/><D126/><U106/><E127/><V6/><F107/><W80/><G80/><T124/><D124/><U75/><E75/><V86/><F81/><W48/><G11/><T88/><D73/><U66/><E118/><V54/><F93/><W18/><G33/><T22/><D77/><U82/><E43/><V24/><F23/><N who="3" m="13559" /><G38/><T102/><D133/><U3/><E82/><V1/><F20/><W105/><G105/><T103/><D5/><U114/><E114/><V117/><F37/><W31/><G31/><T94/><D49/><U67/><E67/><V113/><F7/><W60/><G60/><T8/><D89/><U2/><E9/><V101/><F6/><W44/><AGARI ba="2,1" hai="26,27,39,41,44,47,48,55" m="13559,41578" machi="44" ten="30,3000,0" yaku="14,1,10,1" doraHai="34" who="3" fromWho="3" sc="230,-12,161,-12,349,-12,250,46" /><INIT seed="3,3,0,3,1,104" ten="218,149,337,296" oya="3" hai0="17,67,62,52,80,109,76,119,16,128,45,94,34" hai1="78,85,79,111,101,103,22,42,43,102,99,129,60" hai2="55,31,10,28,115,132,131,29,114,71,65,108,118" hai3="0,125,116,72,14,47,112,127,66,133,39,23,126"/><W87/><G112/><T26/><D119/><U33/><E111/><V120/><F118/><W68/><G116/><T74/><D109/><U25/><E129/><V4/><F108/><W90/><G0/><T123/><D128/><U36/><E33/><V24/><F131/><W51/><G39/><T54/><D123/><U106/><E36/><V77/><F77/><W117/><G117/><T69/><D94/><U20/><E106/><V122/><F55/><W41/><G133/><T18/><REACH who="0" step="1"/><D45/><REACH who="0" ten="208,149,337,296" step="2"/><U75/><E99/><V105/><F114/><W88/><G47/><T48/><D48/><U63/><E85/><V134/><F105/><W40/><G51/><T130/><D130/><U5/><E5/><V21/><F115/><W98/><G87/><T83/><D83/><U92/><E92/><V32/><F132/><W81/><G98/><T113/><D113/><U11/><E11/><V35/><F134/><W50/><G50/><T96/><D96/><U3/><E3/><N who="2" m="287" /><F32/><W15/><G81/><T89/><D89/><U37/><E37/><V49/><F49/><W91/><G91/><T53/><D53/><U93/><E93/><V30/><F35/><W84/><G90/><T110/><D110/><U97/><E97/><V38/><F38/><W1/><G1/><T44/><D44/><U13/><E103/><V121/><F121/><W95/><G95/><T82/><D82/><U107/><E107/><V73/><F122/><W86/><G86/><T70/><D70/><U46/><E46/><V61/><F120/><W124/><N who="3" m="31744" /><DORA hai="9" /><W64/><G68/><T58/><D58/><RYUUKYOKU ba="3,1" sc="208,15,149,-15,337,15,296,-15" hai0="16,17,18,26,34,52,54,62,67,69,74,76,80" hai2="21,24,28,29,30,31,61,65,71,73" owari="223,-17.7,134,-36.6,362,46.2,281,8.1" /></mjloggm>