<mjloggm ver="2.3"><GO type="225" lobby="0"/><UN n0="%33%74%72%65%65" n1="%E3%83%8F%E3%83%B3%E3%83%89%E3%83%A9%E3%83%BC%E3%83%BB%E3%83%AF%E3%83%B3" n2="%52%61%69%61%6E%2E" n3="%E3%82%BC%E3%83%AB%E3%83%80%E3%81%AE%E4%BC%9D%E8%AA%AC" dan="16,17,16,18" rate="2144.61,2245.35,2038.47,2179.52" sx="F,M,M,M"/><TAIKYOKU oya="0"/><INIT seed="0,0,0,5,4,59" ten="250,250,250,250" oya="0" hai0="42,15,81,38,28,25,73,35,118,70,52,74,56" hai1="87,57,49,41,114,98,14,109,5,104,128,92,30" hai2="62,77,88,71,75,63,121,86,66,135,67,1,44" hai3="69,39,133,72,54,100,6,91,22,8,76,58,36"/><T99/><D118/><U17/><E109/><V19/><F121/><W113/><G69/><T85/><D70/><U107/><E128/><V106/><F106/><W82/><G113/><T101/><D15/><U50/><E114/><V20/><F1/><W94/><G133/><T112/><D112/><U110/><E110/><V45/><F135/><W27/><G100/><T47/><D99/><U108/><E108/><V93/><F77/><W18/><G8/><T117/><D101/><U129/><E129/><V24/><F75/><W125/><G6/><T40/><D40/><U43/><E30/><V115/><F115/><W80/><G80/><T7/><D7/><U33/><E33/><V68/><AGARI ba="0,0" hai="19,20,24,44,45,62,63,66,67,68,71,86,88,93" machi="68" ten="20,12000,2" yaku="0,1,7,1,9,1,52,2,54,1" doraHai="59" who="2" fromWho="2" sc="250,-60,250,-30,250,120,250,-30" /><INIT seed="1,0,0,0,4,98" ten="190,220,370,220" oya="1" hai0="72,76,111,42,102,129,61,1,34,58,107,84,44" hai1="6,12,130,19,18,64,131,127,117,45,21,27,94" hai2="39,22,121,10,122,82,109,83,134,126,25,54,65" hai3="93,5,57,60,105,104,40,48,86,51,49,55,114"/><U37/><E64/><V90/><F39/><W30/><G114/><T23/><D34/><U106/><E106/><V77/><F65/><W125/><G125/><T3/><D111/><U119/><E94/><V108/><F10/><W47/><G5/><T17/><D72/><U97/><E97/><V59/><F90/><W112/><G112/><T124/><D124/><U0/><E45/><V91/><F91/><N who="3" m="53495" /><G104/><T110/><D110/><N who="2" m="42602" /><F134/><W113/><G105/><T87/><D107/><U28/><E37/><V96/><F96/><W120/><G120/><N who="2" m="46185" /><F77/><W75/><G75/><T101/><D76/><U70/><E70/><V41/><F41/><W43/><G113/><T32/><D42/><N who="3" m="15913" /><G30/><T13/><D1/><U79/><E79/><V103/><F103/><N who="0" m="39434" /><D3/><U52/><E0/><V95/><F95/><W56/><G47/><T63/><D44/><U116/><E127/><V24/><F126/><W80/><G80/><N who="2" m="30761" /><F22/><W88/><G88/><T99/><D99/><U85/><E21/><V14/><F14/><W128/><G128/><T115/><D129/><U8/><E131/><V67/><F67/><AGARI ba="0,0" hai="48,49,51,55,56,57,60,67" m="15913,53495" machi="67" ten="30,1000,0" yaku="8,1" doraHai="98" who="3" fromWho="2" sc="190,0,220,0,370,-10,220,10" /><INIT seed="2,0,0,5,5,20" ten="190,220,360,230" oya="2" hai0="114,4,103,90,16,76,121,105,80,38,43,60,31" hai1="63,133,36,108,101,14,41,22,126,92,130,5,28" hai2="122,66,26,129,64,11,59,109,135,47,116,27,99" hai3="110,44,35,123,39,7,111,56,115,32,95,125,51"/><V40/><F116/><W10/><G123/><T1/><D121/><U102/><E108/><N who="3" m="41514" /><G125/><T3/><D114/><U65/><E126/><V75/><F109/><W117/><G117/><T8/><D1/><U58/><E130/><V94/><F75/><W78/><G115/><T57/><D31/><U84/><E133/><V83/><F59/><W107/><G107/><T55/><D90/><N who="1" m="53319" /><E36/><V54/><F54/><N who="3" m="31839" /><G78/><T29/><D29/><U52/><E41/><V96/><F96/><W131/><G95/><T113/><D113/><U23/><E65/><V9/><F83/><W72/><G72/><T50/><D38/><U82/><E82/><V45/><F45/><W13/><G131/><T112/><D112/><U100/><E28/><V79/><F79/><W98/><G98/><T118/><D118/><U21/><E5/><V74/><F74/><W93/><G93/><T30/><D30/><U48/><E63/><V42/><F42/><AGARI ba="0,0" hai="7,10,13,32,35,39,42,44" m="31839,41514" machi="42" ten="30,1000,0" yaku="14,1" doraHai="20" who="3" fromWho="2" sc="190,0,220,0,360,-10,230,10" /><INIT seed="3,0,0,5,0,75" ten="190,220,350,240" oya="3" hai0="53,39,118,63,72,117,62,92,31,48,70,96,69" hai1="129,121,103,51,58,5,87,126,57,107,21,60,11" hai2="10,40,13,99,101,82,27,127,86,71,25,17,49" hai3="28,36,42,77,54,106,22,131,74,116,88,73,76"/><W98/><G36/><T68/><D31/><U8/><E121/><V80/><F71/><N who="0" m="18178" /><T16/><DORA hai="100" /><D16/><U125/><E129/><V111/><F111/><W124/><G131/><T108/><D92/><U66/><E21/><V81/><F86/><W93/><G28/><T24/><D24/><N who="2" m="9290" /><F127/><N who="1" m="48649" /><E87/><V30/><F30/><W52/><G22/><T104/><D72/><U132/><E132/><V15/><F15/><W47/><G124/><T130/><D96/><N who="1" m="61927" /><E5/><V3/><F3/><W64/><G74/><T123/><D104/><U128/><E128/><V59/><F59/><W95/><G106/><T97/><D97/><U112/><E112/><V0/><F0/><W45/><G73/><T26/><D26/><U120/><E120/><V19/><F19/><W55/><G95/><T32/><D32/><U135/><E135/><V114/><F114/><W109/><G93/><T29/><D29/><U84/><E84/><V110/><F110/><W134/><G109/><T67/><D108/><U56/><E56/><V38/><F99/><W14/><G98/><T12/><D130/><U94/><E94/><V122/><F101/><W89/><G134/><T85/><D85/><U133/><E133/><V44/><F122/><W79/><G89/><T35/><D123/><U37/><E37/><V50/><F38/><W78/><G88/><T46/><D35/><U7/><E7/><V83/><F83/><W2/><G79/><T9/><D39/><U65/><E65/><V1/><F1/><W115/><G78/><T90/><D90/><U23/><E23/><V41/><F80/><W33/><G77/><RYUUKYOKU ba="0,0" sc="190,-15,220,15,350,15,240,-15" hai1="8,11,51,57,58,60,66" hai2="10,13,17,40,41,44,49,50,81,82" owari="175,-32.5,235,3.5,365,46.5,225,-17.5" /></mjloggm>