<mjloggm ver="2.3"><GO type="225" lobby="0"/><UN n0="%72%69%6F%75%63%68%61%6E" n1="%E6%B4%BE%E9%81%A3%E3%81%AE%E3%82%B8%E3%83%A3%E3%83%83%E3%82%AF" n2="%E5%8D%A0%E3%81%84%E5%B8%AB%E8%A3%8F%E3%81%AA%E3%81%84%E3%81%97" n3="%E5%B8%86%E7%AB%8B%E5%A4%8F%E8%A1%A3" dan="16,17,17,16" rate="2278.92,2233.83,2177.78,2189.70" sx="M,M,M,M"/><TAIKYOKU oya="0"/><INIT seed="0,0,0,1,2,26" ten="250,250,250,250" oya="0" hai0="74,113,85,31,6,53,121,84,112,77,91,115,93" hai1="130,116,126,11,96,1,15,127,24,3,19,88,75" hai2="46,102,41,62,23,2,66,13,108,7,4,29,135" hai3="123,58,56,32,61,45,98,5,119,63,0,100,14"/><T129/><D121/><U39/><E39/><V47/><F2/><W18/><G123/><T43/><D129/><U64/><E75/><V51/><F108/><W35/><G119/><T76/><D43/><U54/><E64/><V105/><F135/><W80/><G80/><T37/><D37/><U33/><E116/><V72/><F72/><W87/><G87/><T132/><D132/><U133/><E54/><V124/><F124/><N who="1" m="47657" /><E133/><V10/><F105/><W50/><G5/><T22/><D74/><U86/><E96/><V97/><F4/><W25/><G0/><T40/><D40/><U109/><E109/><V65/><F47/><W42/><G63/><T122/><D122/><U101/><E101/><V68/><F65/><W94/><G58/><T107/><D107/><U83/><E130/><V49/><F49/><W17/><G56/><T99/><D6/><U55/><E55/><V111/><F111/><W128/><G61/><T78/><REACH who="0" step="1"/><D53/><REACH who="0" ten="240,250,250,250" step="2"/><U59/><E59/><V20/><F41/><W81/><G128/><T79/><N who="0" m="19456" /><DORA hai="114" /><T27/><AGARI ba="0,1" hai="22,27,31,84,85,91,93,99,112,113,115" m="19456" machi="27" ten="50,12000,1" yaku="1,1,4,1,0,1,52,1,53,1" doraHai="26,114" doraHaiUra="21,57" who="0" fromWho="0" sc="240,130,250,-40,250,-40,250,-40" /><INIT seed="0,1,0,3,5,52" ten="370,210,210,210" oya="0" hai0="93,42,47,4,51,5,29,65,83,109,85,46,60" hai1="87,3,129,84,117,30,25,35,133,10,14,61,19" hai2="74,134,24,121,106,76,125,70,68,21,11,48,69" hai3="73,37,91,13,23,132,45,119,79,20,67,101,8"/><T78/><D109/><U113/><E117/><V104/><F121/><W94/><G119/><T95/><D29/><U131/><E133/><V120/><F120/><W7/><G132/><T63/><D60/><U59/><E3/><V15/><F134/><W88/><G67/><T9/><D46/><U102/><E102/><V126/><F76/><W40/><G91/><T34/><D34/><U116/><E116/><V49/><F74/><W108/><G101/><T53/><D53/><N who="1" m="34031" /><E113/><V77/><F77/><W6/><G6/><T58/><REACH who="0" step="1"/><D4/><REACH who="0" ten="360,210,210,210" step="2"/><U111/><E111/><V27/><F125/><W122/><G108/><T57/><D57/><U32/><E35/><V44/><F126/><W127/><G127/><T0/><AGARI ba="1,1" hai="0,5,9,42,47,51,58,63,65,78,83,85,93,95" machi="0" ten="20,12000,1" yaku="1,1,0,1,7,1,52,1,53,1" doraHai="52" doraHaiUra="55" who="0" fromWho="0" sc="360,133,210,-41,210,-41,210,-41" /><INIT seed="0,2,0,2,1,54" ten="493,169,169,169" oya="0" hai0="89,48,103,112,101,69,70,36,12,11,41,75,32" hai1="87,25,98,73,56,82,3,71,128,35,63,17,30" hai2="105,76,14,67,91,123,109,121,117,26,37,132,46" hai3="6,72,100,127,68,92,51,113,114,33,0,120,104"/><T49/><D112/><U31/><E3/><V77/><F109/><W22/><G33/><T60/><D32/><U53/><E73/><V59/><F132/><W24/><G104/><T130/><D75/><U81/><E128/><V45/><F105/><W118/><G118/><T135/><D135/><U74/><E71/><V64/><F117/><W27/><G27/><T19/><D130/><U5/><E5/><V61/><F26/><W66/><G72/><T28/><D28/><U23/><E35/><V102/><F102/><W116/><G116/><T80/><D36/><U78/><REACH who="1" step="1"/><E98/><REACH who="1" ten="493,159,169,169" step="2"/><V83/><F121/><W95/><G120/><T13/><D70/><U94/><E94/><V16/><F123/><W107/><G95/><T44/><D69/><U9/><E9/><N who="2" m="6223" /><F37/><W131/><G131/><T125/><D11/><U99/><E99/><V8/><F8/><W52/><G107/><T58/><D80/><U10/><E10/><V129/><F129/><W55/><G0/><T15/><D125/><U96/><E96/><V21/><F21/><W4/><G127/><T133/><D133/><U65/><E65/><V85/><F64/><W90/><G114/><T50/><D103/><U79/><AGARI ba="2,1" hai="17,23,25,30,31,53,56,63,74,78,79,81,82,87" machi="79" ten="20,5200,0" yaku="1,1,0,1,7,1,52,1,53,0" doraHai="54" doraHaiUra="2" who="1" fromWho="1" sc="493,-28,159,68,169,-15,169,-15" /><INIT seed="1,0,0,2,5,60" ten="465,227,154,154" oya="1" hai0="118,74,87,70,96,28,106,18,31,110,69,26,10" hai1="94,68,124,25,47,85,92,30,39,58,6,16,107" hai2="23,84,80,57,105,8,34,33,72,131,97,132,88" hai3="108,56,122,130,5,114,41,113,15,51,103,79,112"/><U19/><E107/><V42/><F132/><W37/><G79/><T127/><D74/><U128/><E68/><V126/><F126/><W123/><G103/><T24/><D110/><U12/><E128/><V101/><F131/><W109/><G15/><T91/><D118/><U0/><E0/><V29/><F42/><W7/><G7/><T43/><D127/><U135/><E135/><V27/><F8/><W64/><G5/><T93/><D43/><U66/><E124/><V104/><F105/><W36/><G130/><T75/><D75/><U76/><E47/><V89/><F89/><W125/><G125/><T49/><D49/><U67/><E39/><N who="3" m="14922" /><G41/><T46/><D46/><U102/><E58/><V3/><F3/><W13/><G13/><N who="0" m="7479" /><D69/><U54/><E54/><V98/><F98/><W52/><G64/><N who="1" m="24618" /><E6/><V55/><REACH who="2" step="1"/><F72/><REACH who="2" ten="465,227,144,154" step="2"/><W48/><G48/><AGARI ba="0,1" hai="23,27,29,33,34,48,55,57,80,84,88,97,101,104" machi="48" ten="30,7700,0" yaku="1,1,2,1,7,1,54,1,53,0" doraHai="60" doraHaiUra="62" who="2" fromWho="3" sc="465,0,227,0,144,87,154,-77" /><INIT seed="2,0,0,3,0,119" ten="465,227,231,77" oya="2" hai0="127,1,37,111,104,80,10,12,71,39,44,91,129" hai1="8,125,132,120,36,105,66,108,117,63,5,98,41" hai2="65,89,124,17,131,83,107,9,79,30,69,61,84" hai3="100,55,3,109,28,14,58,96,116,74,50,45,16"/><V34/><F124/><W29/><G109/><T20/><D71/><U94/><E117/><V99/><F131/><W2/><G74/><T135/><D104/><U85/><E85/><V112/><F112/><W82/><G116/><T23/><D111/><U7/><E108/><V78/><F17/><W48/><G3/><T121/><D121/><U130/><E130/><V49/><F49/><W21/><G82/><T57/><D129/><U122/><E132/><V0/><F9/><W73/><G2/><T87/><D1/><N who="1" m="47" /><E94/><V97/><F97/><W13/><G13/><T52/><D135/><U40/><E7/><V15/><F15/><W72/><G72/><T90/><D127/><U126/><E126/><V42/><F42/><W128/><G73/><T32/><D32/><U6/><E6/><V26/><REACH who="2" step="1"/><F0/><REACH who="2" ten="465,227,221,77" step="2"/><W60/><G128/><T103/><D10/><U11/><E11/><V64/><F64/><W67/><REACH who="3" step="1"/><G50/><REACH who="3" ten="465,227,221,67" step="2"/><N who="0" m="30871" /><D12/><U81/><E125/><V68/><F68/><W115/><G115/><T54/><D37/><U27/><E36/><V70/><F70/><W77/><G77/><N who="0" m="46479" /><D39/><U102/><E27/><V51/><F51/><W118/><G118/><T35/><D103/><AGARI ba="0,2" hai="26,30,34,61,65,69,78,79,83,84,89,99,103,107" machi="103" ten="40,7700,0" yaku="1,1,25,2,53,0" doraHai="119" doraHaiUra="123" who="2" fromWho="0" sc="465,-77,227,0,221,97,67,0" /><INIT seed="2,1,0,2,2,49" ten="388,227,318,67" oya="2" hai0="22,130,97,114,92,4,127,82,105,12,76,123,32" hai1="73,11,15,103,51,13,61,122,106,47,66,134,8" hai2="72,28,113,17,42,33,37,74,59,57,87,67,115" hai3="55,69,126,5,30,110,118,54,80,124,63,50,26"/><V85/><F28/><W83/><G5/><T29/><D123/><U94/><E73/><V95/><F95/><W60/><G118/><T43/><D114/><U119/><E134/><V132/><F42/><W111/><G50/><T100/><D130/><U46/><E106/><V65/><F17/><W53/><G69/><T62/><D127/><N who="3" m="48681" /><G83/><T112/><D112/><U9/><E122/><V125/><F125/><W25/><G80/><T0/><D43/><U36/><E36/><V38/><REACH who="2" step="1"/><F33/><REACH who="2" ten="388,227,308,67" step="2"/><N who="3" m="20687" /><G26/><T39/><D92/><U101/><E94/><V70/><F70/><W116/><G116/><T77/><D29/><U2/><E119/><V7/><F7/><W133/><G133/><AGARI ba="1,1" hai="37,38,57,59,65,67,72,74,85,87,113,115,132,133" machi="133" ten="25,12000,1" yaku="1,1,22,2,53,2" doraHai="49" doraHaiUra="128" who="2" fromWho="3" sc="388,0,227,0,308,133,67,-123" owari="388,18.8,227,-17.3,441,54.1,-56,-55.6" /></mjloggm>