<mjloggm ver="2.3"><GO type="225" lobby="0"/><UN n0="%E3%81%BF%E3%81%BF%E3%81%9A" n1="%E3%81%8B%E3%82%8F%E3%81%A1%E3%82%83%E3%82%93%35%38" n2="%33%74%72%65%65" n3="%77%72%77%72%77%72%77%72" dan="17,16,16,17" rate="2327.72,2138.87,2096.75,2167.59" sx="M,M,F,M"/><TAIKYOKU oya="0"/><INIT seed="0,0,0,0,3,106" ten="250,250,250,250" oya="0" hai0="124,62,3,131,58,97,57,117,48,81,120,31,51" hai1="127,23,16,42,119,99,41,77,79,44,14,107,92" hai2="50,123,20,34,49,103,1,26,63,66,76,116,105" hai3="102,68,104,11,71,133,101,46,43,95,72,2,110"/><T4/><D117/><U80/><E127/><V45/><F123/><W100/><G110/><T84/><D120/><U114/><E119/><V82/><F116/><W94/><G133/><T17/><D124/><U15/><E107/><V90/><F1/><W53/><G104/><T109/><D31/><U98/><E114/><V35/><F90/><W61/><G53/><T69/><D69/><U13/><E98/><V22/><F103/><W83/><G61/><T85/><D3/><U33/><E33/><V122/><F105/><W128/><G128/><T93/><D4/><U28/><E28/><V59/><F122/><W29/><G29/><T25/><D131/><U12/><E44/><V135/><F135/><W73/><G95/><T10/><D85/><U30/><E30/><V91/><F91/><W39/><G94/><T126/><D109/><U78/><REACH who="1" step="1"/><E80/><REACH who="1" ten="250,240,250,250" step="2"/><V9/><F35/><W21/><G83/><T87/><D126/><U88/><AGARI ba="0,1" hai="12,13,14,15,16,23,41,42,77,78,79,88,92,99" machi="88" ten="30,12000,2" yaku="1,1,2,1,0,1,8,1,54,2,53,0" doraHai="106" doraHaiUra="67" who="1" fromWho="1" sc="250,-60,240,130,250,-30,250,-30" /><INIT seed="1,0,0,3,5,29" ten="190,370,220,220" oya="1" hai0="24,36,39,4,109,89,23,131,63,81,85,15,107" hai1="37,75,118,79,80,25,108,19,45,106,101,55,68" hai2="124,20,32,121,122,119,134,22,126,66,48,72,88" hai3="7,135,31,35,21,110,18,33,10,42,129,61,27"/><U0/><E55/><V26/><F72/><W130/><G42/><T83/><D107/><U59/><E59/><V132/><F66/><W2/><G61/><T71/><D109/><U90/><E90/><V47/><F119/><W105/><G110/><T94/><D131/><N who="3" m="50185" /><G135/><N who="2" m="51753" /><F48/><W3/><G105/><T82/><D15/><U117/><E19/><V44/><F44/><W133/><G133/><T38/><D4/><U11/><E25/><V84/><F47/><W112/><G112/><T103/><D103/><U49/><E49/><V60/><F60/><W77/><G77/><T76/><D63/><U98/><E68/><V9/><F9/><W64/><G64/><T115/><D115/><U52/><E52/><V62/><F62/><W1/><G18/><T95/><D95/><U58/><E58/><V73/><F73/><W70/><G70/><T16/><REACH who="0" step="1"/><D71/><REACH who="0" ten="180,370,220,220" step="2"/><U34/><E108/><V123/><F123/><W125/><G125/><N who="2" m="48233" /><F122/><W87/><G87/><AGARI ba="0,1" hai="16,23,24,36,38,39,76,81,82,83,85,87,89,94" machi="87" ten="40,2600,0" yaku="1,1,54,1,53,0" doraHai="29" doraHaiUra="65" who="0" fromWho="3" sc="180,36,370,0,220,0,220,-26" /><INIT seed="2,0,0,5,0,119" ten="216,370,220,194" oya="2" hai0="22,105,109,123,91,40,97,51,46,80,20,16,86" hai1="63,4,82,96,118,11,21,110,64,68,37,134,114" hai2="27,12,104,5,131,65,60,36,76,6,127,59,101" hai3="14,24,102,71,47,83,9,25,108,85,106,98,33"/><V35/><F131/><W107/><G107/><T55/><D109/><U126/><E37/><V77/><F127/><W18/><G108/><T7/><D123/><U103/><E118/><V10/><F36/><W87/><G71/><T28/><D7/><U3/><E114/><V42/><F42/><W122/><G122/><T72/><D72/><U0/><E110/><V116/><F116/><W54/><G33/><T17/><D105/><U38/><E38/><V23/><F6/><W43/><G87/><T90/><D40/><U117/><E117/><V2/><F104/><W95/><G106/><T94/><D28/><U125/><E134/><V81/><F101/><W61/><G61/><T135/><D135/><U48/><E48/><V62/><F62/><W13/><G13/><T84/><D97/><U53/><E53/><V113/><F113/><W32/><G32/><T78/><D78/><U133/><E133/><V56/><F56/><W30/><G30/><T66/><D66/><U100/><E100/><V70/><F70/><W92/><G92/><T8/><D17/><U26/><E82/><V120/><F120/><W79/><REACH who="3" step="1"/><G54/><REACH who="3" ten="216,370,220,184" step="2"/><T39/><D39/><AGARI ba="0,1" hai="9,14,18,24,25,39,43,47,79,83,85,95,98,102" machi="39" ten="30,7700,0" yaku="1,1,2,1,7,1,53,1" doraHai="119" doraHaiUra="93" who="3" fromWho="0" sc="216,-77,370,0,220,0,184,87" /><INIT seed="3,0,0,4,4,83" ten="139,370,220,271" oya="3" hai0="74,50,108,56,113,102,1,20,3,107,123,23,81" hai1="82,46,73,18,13,129,12,53,8,117,32,4,31" hai2="68,116,71,54,125,38,90,26,57,76,15,61,109" hai3="122,86,93,51,92,124,103,135,120,119,134,30,45"/><W118/><G30/><T127/><D123/><N who="3" m="47145" /><G51/><T75/><D108/><U40/><E53/><V48/><F125/><W77/><G45/><T35/><D35/><U5/><E31/><V100/><F90/><N who="3" m="53335" /><G77/><T36/><D36/><U58/><E32/><V96/><F76/><W10/><G10/><T6/><D127/><U63/><E13/><V126/><F48/><W41/><G41/><T121/><D121/><U132/><E18/><V89/><F15/><W11/><G11/><T66/><D113/><U80/><E4/><V78/><F126/><W62/><G62/><T87/><D75/><U55/><E73/><V43/><F78/><W85/><G124/><T114/><D74/><U60/><E60/><V91/><F43/><W17/><G17/><T97/><D114/><U99/><E46/><V106/><F38/><W115/><G115/><T29/><D6/><U24/><E12/><V79/><F79/><W49/><G49/><T94/><D107/><U84/><E24/><V37/><F26/><W2/><G2/><N who="0" m="523" /><D29/><U112/><E5/><V0/><F37/><W7/><G7/><T44/><D56/><U70/><E8/><V22/><F57/><W33/><G33/><T47/><D66/><U67/><E112/><V64/><F64/><W65/><G65/><T21/><D50/><U72/><E67/><V19/><F71/><W105/><G105/><T9/><D9/><U34/><E70/><V130/><F106/><W27/><G27/><T69/><D69/><U25/><E72/><V98/><F68/><W101/><G101/><T110/><D110/><U128/><E25/><RYUUKYOKU ba="0,0" sc="139,30,370,-10,220,-10,271,-10" hai0="20,21,23,44,47,81,87,94,97,102" owari="169,-33.1,360,46.0,210,-19.0,261,6.1" /></mjloggm>