<mjloggm ver="2.3"><GO type="225" lobby="0"/><UN n0="%E3%81%A1%E3%82%85%E3%81%86%E3%81%A9%E3%81%8F%E8%B1%A1%E3%81%95%E3%82%93" n1="%72%61%6B%33" n2="%E6%97%A5%E6%9B%9C%E6%97%A5%E3%82%88%E3%82%8A%E3%81%AE%E4%BD%BF%E8%80%85" n3="%72%69%6F%75%63%68%61%6E" dan="17,16,17,17" rate="2189.36,2215.26,2155.57,2247.06" sx="M,M,M,M"/><TAIKYOKU oya="0"/><INIT seed="0,0,0,0,2,7" ten="250,250,250,250" oya="0" hai0="96,22,119,52,100,37,101,65,36,11,111,42,14" hai1="41,75,115,18,67,33,114,20,32,86,62,66,57" hai2="74,125,44,126,2,60,45,92,134,88,113,104,17" hai3="3,121,83,5,48,1,79,21,78,29,82,0,58"/><T110/><D119/><U27/><E75/><V89/><F113/><N who="1" m="43017" /><E41/><V47/><F104/><W132/><G132/><T6/><D65/><N who="1" m="39119" /><E86/><V117/><F74/><W26/><G121/><T35/><D35/><AGARI ba="0,0" hai="18,20,27,32,33,35,66,67" m="39119,43017" machi="35" ten="30,1000,0" yaku="11,1" doraHai="7" who="1" fromWho="0" sc="250,-10,250,10,250,0,250,0" /><INIT seed="1,0,0,2,3,13" ten="240,260,250,250" oya="1" hai0="106,63,14,107,93,116,115,58,128,78,112,11,62" hai1="123,118,30,114,66,60,105,31,61,18,59,39,64" hai2="100,41,32,8,89,19,47,6,76,40,79,29,101" hai3="94,126,28,38,113,37,84,86,73,7,133,131,75"/><U9/><E114/><V46/><F32/><W108/><G113/><T81/><D116/><U17/><E118/><V71/><F71/><W35/><G7/><T26/><D128/><U23/><E105/><V91/><F29/><W4/><G4/><T129/><D129/><U135/><E39/><V3/><F3/><W77/><G131/><T122/><D26/><U20/><E135/><V67/><F6/><W49/><G77/><T127/><D93/><U85/><E85/><V102/><F102/><W109/><G49/><T117/><D117/><U74/><E74/><N who="3" m="28170" /><G133/><T103/><D127/><U52/><E123/><V55/><F67/><N who="1" m="25641" /><E9/><V110/><F55/><W119/><G119/><T33/><D33/><U70/><E70/><V43/><F43/><W27/><G126/><T72/><D122/><U99/><E99/><V22/><F8/><W2/><G2/><T42/><D42/><U16/><E61/><V80/><F80/><W130/><G130/><T125/><D125/><U21/><AGARI ba="0,0" hai="16,17,18,20,21,23,30,31,52,59,60" m="25641" machi="21" ten="40,18000,2" yaku="8,1,52,3,54,2" doraHai="13" who="1" fromWho="1" sc="240,-60,260,180,250,-60,250,-60" /><INIT seed="1,1,0,3,1,41" ten="180,440,190,190" oya="1" hai0="25,111,60,112,92,29,67,135,83,27,78,123,21" hai1="121,87,2,61,116,31,32,106,23,66,64,100,34" hai2="49,132,0,40,16,90,14,70,5,80,17,36,93" hai3="9,58,20,125,26,71,88,122,97,6,77,11,105"/><U126/><E116/><V4/><F36/><W82/><G122/><T65/><D123/><U117/><E117/><V76/><F0/><W84/><G125/><T1/><D1/><U47/><E2/><V22/><F70/><W12/><G71/><T54/><D112/><U114/><E114/><V133/><F133/><W51/><G11/><T101/><D135/><U8/><E8/><V115/><F115/><W7/><G7/><T18/><D111/><U15/><E87/><N who="2" m="48519" /><F17/><W10/><G10/><T119/><D119/><U129/><E61/><V38/><F38/><W42/><G105/><T35/><D54/><U57/><E106/><V30/><F30/><W43/><G97/><T98/><REACH who="0" step="1"/><D60/><REACH who="0" ten="170,440,190,190" step="2"/><U89/><E121/><V95/><F132/><W68/><G42/><T59/><D59/><U124/><E57/><V134/><F134/><W48/><G43/><T28/><D28/><U13/><E31/><V110/><F110/><W107/><G68/><T62/><D62/><U56/><E56/><V99/><F95/><W52/><G107/><T130/><D130/><U72/><E129/><V55/><F40/><W44/><G51/><T91/><D91/><U75/><E89/><V53/><F55/><W120/><G120/><T94/><D94/><U104/><E104/><V113/><F113/><W85/><G58/><AGARI ba="1,1" hai="4,5,14,16,22,49,53,58,90,93,99" m="48519" machi="58" ten="30,2000,0" yaku="8,1,54,1" doraHai="41" who="2" fromWho="3" sc="170,0,440,0,190,33,190,-23" /><INIT seed="2,0,0,5,3,24" ten="170,440,223,167" oya="2" hai0="98,102,119,55,111,14,75,28,47,60,32,112,117" hai1="61,11,27,95,76,83,39,91,50,48,6,133,63" hai2="77,80,12,114,110,44,42,21,9,65,93,134,37" hai3="107,30,19,109,22,31,79,49,118,130,105,92,103"/><V68/><F114/><W3/><G118/><N who="0" m="45067" /><D112/><U108/><E39/><V78/><F134/><W97/><G3/><T17/><D111/><U82/><E108/><V71/><F110/><W125/><G109/><T69/><D75/><U70/><E70/><V96/><F21/><W101/><G125/><T123/><D123/><U94/><E27/><V13/><F65/><W135/><G135/><T33/><D47/><U18/><E11/><V5/><F13/><W51/><G130/><T89/><D89/><U128/><E91/><V43/><F43/><W40/><G79/><T36/><D36/><U45/><E76/><V116/><F77/><W120/><G120/><T7/><D7/><U73/><E6/><V124/><F124/><W104/><G103/><T8/><D28/><U122/><E45/><V16/><F5/><W66/><G66/><N who="0" m="41159" /><D55/><U23/><E133/><V4/><F4/><W100/><G100/><T26/><D26/><U106/><E128/><V59/><F116/><W35/><G35/><T99/><D99/><U87/><E73/><V2/><F2/><W115/><G115/><T129/><D129/><U52/><E52/><V41/><F41/><W1/><G1/><T86/><D86/><U131/><E87/><N who="2" m="48535" /><F59/><W67/><G67/><T81/><D81/><U54/><E54/><V127/><F127/><W20/><G40/><T25/><D25/><U57/><E23/><N who="3" m="8746" /><G19/><T15/><D15/><U64/><E18/><V0/><F0/><W53/><G53/><T38/><D38/><U132/><E106/><AGARI ba="0,0" hai="8,14,17,32,33,98,102,106" m="41159,45067" machi="106" ten="30,1000,0" yaku="12,1" doraHai="24" who="0" fromWho="1" sc="170,10,440,-10,223,0,167,0" /><INIT seed="3,0,0,1,0,95" ten="180,430,223,167" oya="3" hai0="69,48,116,15,47,10,23,135,45,74,98,7,55" hai1="68,12,73,17,83,40,65,24,124,42,54,82,35" hai2="101,76,119,89,81,28,19,103,114,93,8,18,0" hai3="75,36,113,111,129,71,9,120,104,20,77,67,106"/><W2/><RYUUKYOKU type="yao9" ba="0,0" sc="180,0,430,0,223,0,167,0" hai3="2,9,20,36,67,71,75,77,104,106,111,113,120,129" /><INIT seed="3,1,0,2,4,90" ten="180,430,223,167" oya="3" hai0="38,59,111,103,6,57,70,17,76,15,34,23,66" hai1="92,128,14,113,114,2,132,73,50,80,84,58,118" hai2="43,135,10,81,87,109,79,126,51,32,117,101,8" hai3="11,131,62,41,93,68,105,16,112,82,33,47,60"/><W106/><G112/><T24/><D38/><U42/><E2/><V1/><F117/><W97/><G33/><T44/><D76/><U95/><E118/><V9/><F32/><W0/><G131/><T104/><D111/><U122/><E122/><V123/><F109/><W100/><G82/><T133/><D44/><U53/><E73/><V35/><F35/><W61/><G68/><T96/><D133/><U89/><E132/><V54/><F123/><W108/><G108/><T31/><D6/><U39/><E128/><V85/><F135/><W83/><G83/><T3/><D3/><U99/><E95/><V49/><F126/><W94/><G106/><T74/><D74/><U110/><E110/><V36/><F36/><W107/><G105/><T5/><D5/><U125/><E125/><V30/><F30/><W56/><G56/><T65/><D65/><U13/><E39/><V37/><F37/><W22/><G11/><T119/><D119/><U69/><E69/><V91/><F101/><W19/><G0/><T67/><D67/><U98/><E42/><V29/><F29/><W55/><G55/><T63/><AGARI ba="1,0" hai="15,17,23,24,31,34,57,59,63,66,70,96,103,104" machi="63" ten="30,4000,0" yaku="0,1,25,2" doraHai="90" who="0" fromWho="0" sc="180,43,430,-11,223,-11,167,-21" owari="223,2.3,419,51.9,212,-18.8,146,-35.4" /></mjloggm>