<mjloggm ver="2.3"><GO type="225" lobby="0"/><UN n0="%E6%A1%9C%E8%8A%B1%E9%96%83%E3%80%85" n1="%E3%81%B2%E3%81%AA%E3%81%AE%E3%82%8A%E3%81%8F" n2="%E5%82%8D%E8%8B%A5%E7%84%A1%E4%BA%BA%35%31" n3="%E6%B8%A9%E2%98%85%E6%83%85%E2%98%85%E6%8E%AA%E2%98%85%E7%BD%AE" dan="16,17,16,16" rate="2086.05,2212.72,2096.03,2169.04" sx="M,M,M,M"/><TAIKYOKU oya="0"/><INIT seed="0,0,0,0,1,100" ten="250,250,250,250" oya="0" hai0="97,85,80,39,93,64,36,81,55,94,14,60,54" hai1="121,8,68,26,69,91,41,128,99,32,5,27,25" hai2="53,95,122,102,66,18,7,120,56,108,84,3,98" hai3="127,71,50,29,22,46,61,111,119,86,63,76,118"/><T4/><D39/><U106/><E121/><V57/><F108/><W130/><G111/><T43/><D36/><U87/><E32/><V70/><F7/><W34/><G34/><T45/><D43/><U42/><E42/><V72/><F3/><W30/><G130/><T51/><D55/><U16/><E41/><V129/><F72/><W126/><G76/><T82/><D85/><U132/><E132/><V115/><F115/><W89/><G22/><T24/><D24/><U134/><E134/><V104/><F129/><W114/><G114/><T49/><D49/><U133/><E128/><V12/><F70/><W15/><G15/><T58/><REACH who="0" step="1"/><D97/><REACH who="0" ten="240,250,250,250" step="2"/><U40/><E40/><V78/><F120/><W62/><G50/><T75/><D75/><U113/><E27/><V117/><F122/><W0/><G46/><T23/><D23/><U38/><E26/><V13/><F117/><W20/><G20/><T101/><D101/><U67/><E38/><V44/><F44/><W6/><G119/><T77/><D77/><U33/><E25/><V1/><F78/><W74/><G74/><T88/><D88/><U110/><E91/><V35/><F84/><W9/><G118/><T17/><D17/><U92/><E87/><V37/><F18/><W103/><G103/><T109/><D109/><U90/><E16/><V131/><F102/><W83/><G30/><T123/><D123/><U10/><E90/><V125/><F98/><W21/><G29/><T96/><D96/><U107/><E99/><V31/><F37/><W124/><G21/><T65/><D65/><AGARI ba="0,1" hai="0,6,9,61,62,63,65,71,83,86,89,124,126,127" machi="65" ten="40,1300,0" yaku="18,1" doraHai="100" who="3" fromWho="0" sc="240,-13,250,0,250,0,250,23" /><INIT seed="1,0,0,2,1,27" ten="227,250,250,273" oya="1" hai0="84,99,126,67,51,102,98,19,12,22,21,90,76" hai1="91,121,0,52,53,69,101,127,87,119,115,58,3" hai2="16,62,82,25,10,78,88,48,42,59,13,43,9" hai3="97,85,15,33,50,79,17,89,18,135,75,46,24"/><U35/><E115/><V20/><F48/><W94/><G135/><T104/><D126/><U7/><E119/><V6/><F10/><W81/><G33/><T56/><D76/><U100/><E69/><V64/><REACH who="2" step="1"/><F88/><REACH who="2" ten="227,250,240,273" step="2"/><W14/><G50/><T54/><D99/><U103/><E127/><V129/><F129/><W36/><G89/><T107/><D90/><U124/><E124/><V109/><F109/><W30/><G97/><T29/><D98/><U80/><E121/><V65/><F65/><W92/><G81/><T72/><D67/><U63/><E35/><V120/><F120/><W68/><G79/><T44/><D51/><U4/><REACH who="1" step="1"/><E53/><REACH who="1" ten="227,240,240,273" step="2"/><V112/><F112/><W110/><G110/><T118/><D54/><U132/><E132/><V11/><F11/><W60/><G68/><T128/><D128/><U96/><E96/><V47/><F47/><W111/><G46/><T70/><D44/><U134/><E134/><V66/><F66/><W45/><G45/><T86/><D70/><U37/><E37/><V105/><F105/><W2/><G36/><T123/><D107/><U74/><E74/><AGARI ba="0,2" hai="6,9,13,16,20,25,42,43,59,62,64,74,78,82" machi="74" ten="30,7700,0" yaku="1,1,7,1,54,1,53,1" doraHai="27" doraHaiUra="61" who="2" fromWho="1" sc="227,0,240,-77,240,97,273,0" /><INIT seed="2,0,0,2,1,114" ten="227,163,337,273" oya="2" hai0="118,19,52,120,16,71,75,47,29,27,44,86,98" hai1="56,89,41,39,78,117,70,50,105,45,60,51,7" hai2="128,121,21,26,0,92,122,73,61,13,112,88,93" hai3="31,125,131,90,64,2,57,43,109,72,103,12,11"/><V3/><F73/><W25/><G109/><T58/><D120/><U67/><E105/><V111/><F112/><W53/><G131/><T79/><D71/><U17/><E78/><V82/><F128/><W69/><G125/><T100/><D75/><U59/><E7/><V4/><F82/><W33/><G72/><T65/><D65/><U97/><E97/><V24/><F93/><W14/><G43/><T126/><D126/><U115/><E89/><V106/><F106/><W18/><G103/><T77/><D118/><U63/><E17/><N who="0" m="6729" /><D98/><U133/><E115/><V34/><F61/><W113/><G64/><T22/><D100/><U38/><E133/><V84/><F111/><W55/><G69/><T83/><D77/><U129/><E129/><V74/><F74/><W42/><G90/><T48/><AGARI ba="0,0" hai="22,27,29,44,47,48,52,58,79,83,86" m="6729" machi="48" ten="30,4000,0" yaku="8,1,54,2" doraHai="114" who="0" fromWho="0" sc="227,40,163,-10,337,-20,273,-10" /><INIT seed="3,0,0,1,4,94" ten="267,153,317,263" oya="3" hai0="100,56,36,47,71,37,103,10,90,96,41,95,24" hai1="34,75,58,0,109,43,11,22,128,48,77,59,39" hai2="50,76,8,63,89,40,104,7,132,124,19,112,64" hai3="52,130,57,3,15,87,105,82,18,4,83,69,20"/><W74/><G130/><T84/><D71/><U126/><E34/><V102/><F112/><W98/><G69/><T106/><D36/><U101/><E128/><V65/><F19/><W125/><G125/><T133/><D133/><U5/><E126/><V120/><F65/><W127/><G127/><T79/><D56/><U12/><E109/><V44/><F132/><W97/><G105/><T25/><D103/><U9/><E22/><V49/><F89/><W134/><G134/><T38/><D38/><U66/><E66/><V17/><F17/><W107/><G107/><T68/><D68/><U129/><E48/><V23/><F23/><W91/><G3/><T86/><REACH who="0" step="1"/><D10/><REACH who="0" ten="257,153,317,263" step="2"/><U14/><E129/><V67/><F102/><W29/><G4/><T116/><D116/><U61/><E101/><V131/><F8/><N who="3" m="6503" /><G74/><T81/><AGARI ba="0,1" hai="24,25,37,41,47,79,81,84,86,90,95,96,100,106" machi="81" ten="30,7900,0" yaku="1,1,0,1,52,1,53,1" doraHai="94" doraHaiUra="72" who="0" fromWho="0" sc="257,89,153,-20,317,-20,263,-39" owari="346,44.6,133,-36.7,297,9.7,224,-17.6" /></mjloggm>