<mjloggm ver="2.3"><GO type="225" lobby="0"/><UN n0="%E5%B8%86%E7%AB%8B%E5%A4%8F%E8%A1%A3" n1="%6D%75%75%6D%75%72%61" n2="%E3%81%8F%E3%81%BE%E3%81%96%E3%82%8F" n3="%E3%83%B4%E3%83%A0%EF%BC%99%E3%81%A6" dan="16,17,16,17" rate="2097.26,2195.71,2044.32,2230.28" sx="M,F,M,M"/><TAIKYOKU oya="0"/><INIT seed="0,0,0,0,4,2" ten="250,250,250,250" oya="0" hai0="113,93,57,110,60,125,120,119,8,12,6,68,130" hai1="40,73,24,81,115,33,85,7,43,127,66,1,4" hai2="99,21,118,112,70,23,65,106,88,69,89,20,126" hai3="52,128,38,25,18,77,111,71,29,37,39,19,50"/><T82/><D113/><U35/><E73/><V87/><F112/><W58/><G111/><T121/><D119/><U97/><E115/><V105/><F118/><W53/><G128/><T13/><D68/><U44/><E1/><V67/><F23/><W26/><G71/><T132/><D130/><U15/><E127/><V74/><F74/><W114/><G114/><T9/><D125/><U55/><E66/><V36/><F126/><W72/><G53/><T83/><D132/><U92/><E15/><V116/><F116/><W54/><G54/><T96/><D110/><U45/><E24/><V117/><F117/><W48/><G48/><T34/><D34/><U3/><E3/><V17/><F87/><W63/><G50/><T133/><D133/><U76/><E35/><V22/><F22/><W107/><G107/><T124/><D124/><U56/><E33/><V27/><F99/><W47/><G47/><N who="1" m="17994" /><E55/><V122/><F122/><W123/><G123/><T94/><D120/><U5/><E56/><V84/><F84/><W49/><G49/><T131/><D121/><U109/><E109/><V11/><F36/><W62/><G62/><T31/><D31/><U42/><E42/><V103/><F27/><W101/><G101/><AGARI ba="0,0" hai="4,5,7,40,43,76,81,85,92,97,101" m="17994" machi="101" ten="30,7700,0" yaku="8,1,52,3" doraHai="2" who="1" fromWho="3" sc="250,0,250,77,250,0,250,-77" /><INIT seed="1,0,0,4,3,103" ten="250,327,250,173" oya="1" hai0="128,121,118,15,94,117,108,132,7,90,112,92,104" hai1="97,76,129,60,55,67,25,68,46,123,49,21,111" hai2="91,95,63,107,4,12,106,24,6,113,127,125,114" hai3="44,37,29,47,130,134,61,64,36,86,133,119,87"/><U80/><E123/><V9/><F6/><W14/><G29/><T72/><D15/><U10/><E129/><V81/><F81/><W126/><G14/><T54/><D54/><U58/><E111/><V82/><F82/><W83/><G83/><T39/><D7/><U101/><E10/><V78/><F78/><W34/><G34/><T45/><D45/><N who="3" m="17481" /><G130/><T93/><D93/><U23/><E68/><V109/><F109/><W116/><G126/><N who="2" m="48137" /><F63/><W26/><G26/><T41/><D94/><U110/><E110/><V79/><F24/><W115/><G115/><N who="2" m="44041" /><F79/><W89/><G89/><T100/><D90/><U38/><E38/><N who="3" m="14954" /><G86/><AGARI ba="0,0" hai="4,9,12,86,91,95,106,107" m="44041,48137" machi="86" ten="30,7700,0" yaku="18,1,11,1,52,2" doraHai="103" who="2" fromWho="3" sc="250,0,327,0,250,77,173,-77" /><INIT seed="2,0,0,4,4,60" ten="250,327,327,96" oya="2" hai0="32,75,43,105,119,130,30,82,111,55,62,70,118" hai1="5,40,54,63,4,19,79,123,20,93,133,120,23" hai2="87,104,50,3,107,77,47,113,2,88,127,61,134" hai3="59,116,96,35,25,1,92,14,67,21,131,83,129"/><V90/><F113/><W11/><G116/><N who="0" m="44587" /><D111/><U26/><E133/><V71/><F134/><W64/><G1/><T0/><D130/><N who="3" m="49673" /><G35/><T121/><D121/><N who="1" m="46667" /><E40/><V126/><F77/><W39/><G83/><T132/><D132/><U18/><E79/><V44/><F87/><W109/><G39/><T7/><D43/><U125/><E93/><V112/><F112/><W53/><G109/><T52/><D105/><U91/><E91/><V98/><F61/><N who="3" m="36079" /><G11/><N who="0" m="2535" /><D82/><U102/><E125/><V95/><F71/><W24/><G14/><T13/><D13/><U12/><E102/><V36/><F36/><W51/><G51/><T117/><D75/><U42/><E42/><V28/><F50/><W115/><G115/><T94/><D94/><U33/><E63/><V76/><F95/><W57/><G57/><T101/><D101/><U74/><E74/><V38/><F38/><W46/><G46/><T110/><D110/><U97/><E12/><V16/><F76/><W100/><G25/><N who="0" m="18511" /><D117/><U128/><E128/><V108/><F108/><W114/><G114/><T122/><D122/><U9/><E9/><V81/><F81/><W48/><G48/><T10/><D10/><U15/><E15/><V37/><F37/><W84/><G84/><T45/><D45/><U22/><E4/><V135/><F135/><W34/><G34/><T66/><AGARI ba="0,0" hai="52,55,62,66,70" m="18511,2535,44587" machi="66" ten="30,4000,0" yaku="12,1,52,1,54,1" doraHai="60" who="0" fromWho="0" sc="250,40,327,-10,327,-20,96,-10" /><INIT seed="3,0,0,2,0,88" ten="290,317,307,86" oya="3" hai0="96,100,97,6,78,133,90,82,18,61,104,25,76" hai1="103,87,57,19,36,122,45,59,102,126,5,65,95" hai2="117,7,60,49,9,4,125,135,79,98,55,86,48" hai3="39,1,93,14,84,50,64,114,51,42,89,11,20"/><W28/><G114/><T27/><D133/><U12/><E122/><V131/><F117/><W130/><G130/><T124/><D124/><U91/><E126/><V3/><F125/><W66/><G39/><T127/><D127/><U30/><E36/><V23/><F135/><W116/><G116/><T22/><D6/><U71/><E71/><V134/><F131/><W73/><G73/><T123/><D123/><U101/><E5/><N who="2" m="2123" /><F134/><W67/><G1/><T69/><D27/><U44/><E30/><V99/><F3/><W81/><G42/><T75/><D78/><U24/><E24/><V10/><F60/><W47/><G47/><N who="1" m="17994" /><E65/><V106/><F106/><W118/><G118/><T107/><D90/><U72/><E72/><V35/><F35/><W109/><G109/><T62/><REACH who="0" step="1"/><D69/><REACH who="0" ten="280,317,307,86" step="2"/><U38/><E38/><V29/><F79/><W41/><G41/><T85/><D85/><U0/><E0/><V120/><F86/><W63/><G63/><T129/><D129/><U16/><E19/><V13/><F120/><W108/><G108/><T80/><D80/><U40/><E40/><V94/><F29/><W128/><G128/><T43/><D43/><U37/><E37/><V15/><F99/><W54/><G54/><T33/><D33/><U56/><E16/><N who="2" m="10639" /><F55/><W77/><G11/><N who="2" m="4105" /><F15/><AGARI ba="0,1" hai="12,15,56,57,59,87,91,95,101,102,103" m="17994" machi="15" ten="40,2600,0" yaku="8,1,52,1" doraHai="88" who="1" fromWho="2" sc="280,0,317,36,307,-26,86,0" owari="280,-12.0,353,45.3,281,8.1,86,-41.4" /></mjloggm>