<mjloggm ver="2.3"><GO type="225" lobby="0"/><UN n0="%E3%81%BF%E3%81%BF%E3%81%9A" n1="%E3%81%AA%E3%82%81%E3%81%93%E9%9B%80%E5%A3%AB" n2="%E4%BA%BA%E9%96%93%E3%83%81%E3%83%A3%E3%83%BC%E3%83%8F%E3%83%B3" n3="%33%74%72%65%65" dan="18,16,16,16" rate="2253.45,2039.29,2091.95,2172.07" sx="M,M,M,F"/><TAIKYOKU oya="0"/><INIT seed="0,0,0,4,5,26" ten="250,250,250,250" oya="0" hai0="133,100,93,44,19,130,90,36,47,80,74,67,37" hai1="42,76,114,17,48,124,32,21,29,27,105,68,49" hai2="40,14,126,75,53,109,58,34,50,117,60,106,85" hai3="8,104,52,10,7,88,71,128,18,22,127,31,35"/><T54/><D67/><U118/><E118/><V99/><F75/><W116/><G104/><T16/><D130/><U63/><E76/><V51/><F117/><W102/><G71/><T30/><D133/><U131/><E124/><V89/><F126/><W62/><G116/><T79/><D100/><U123/><E123/><V83/><F34/><W59/><G127/><T24/><D47/><U6/><E42/><V86/><F109/><W39/><G39/><T55/><D54/><U33/><E33/><V92/><F106/><W9/><G128/><T25/><D25/><U57/><E114/><V70/><F70/><W122/><G122/><T91/><D91/><U82/><E82/><V129/><F129/><W73/><G73/><T94/><D94/><U66/><E105/><V78/><F40/><W121/><G102/><T107/><D107/><U38/><E38/><V120/><F120/><W84/><G35/><T56/><D36/><U61/><E6/><V119/><F119/><W135/><G135/><T125/><D125/><U3/><E3/><V69/><F69/><W13/><G121/><T134/><D44/><U96/><E96/><V103/><REACH who="2" step="1"/><F14/><REACH who="2" ten="250,250,240,250" step="2"/><W115/><G115/><T2/><D134/><U113/><E131/><V98/><F98/><W95/><REACH who="3" step="1"/><G7/><REACH who="3" ten="250,250,240,240" step="2"/><T112/><D37/><U64/><REACH who="1" step="1"/><E113/><REACH who="1" ten="250,240,240,240" step="2"/><V1/><F1/><W12/><G12/><AGARI ba="0,3" hai="12,17,21,27,29,32,48,49,57,61,63,64,66,68" machi="12" ten="30,8000,1" yaku="1,1,2,1,7,1,52,1,53,1" doraHai="26" doraHaiUra="15" who="1" fromWho="3" sc="250,0,240,110,240,0,240,-80" /><BYE who="0" /><UN n0="%E3%81%BF%E3%81%BF%E3%81%9A" /><INIT seed="1,0,0,5,0,122" ten="250,350,240,160" oya="1" hai0="45,32,47,99,78,127,83,96,9,21,113,125,5" hai1="20,123,130,38,6,75,36,131,104,60,35,102,121" hai2="103,43,108,71,105,17,73,0,110,114,129,111,24" hai3="89,64,19,79,92,90,67,100,82,46,120,29,84"/><U28/><E75/><V8/><F129/><N who="1" m="49161" /><E20/><N who="2" m="13327" /><F114/><W13/><G120/><N who="1" m="46154" /><E6/><N who="2" m="1095" /><F71/><W135/><G135/><T37/><D32/><U124/><E124/><N who="0" m="47689" /><D113/><U115/><E115/><V109/><N who="2" m="27648" /><DORA hai="59" /><V12/><F73/><W26/><G100/><T39/><D21/><U16/><E16/><V128/><F128/><W52/><G19/><T97/><D37/><U25/><E60/><V132/><F132/><W51/><G13/><N who="0" m="5295" /><D39/><U66/><E66/><V7/><F43/><W117/><G117/><T56/><D56/><U22/><E35/><V57/><F57/><W53/><G53/><T62/><D62/><U50/><E50/><V18/><F7/><W23/><REACH who="3" step="1"/><G90/><REACH who="3" ten="250,350,240,150" step="2"/><T87/><AGARI ba="0,1" hai="45,47,78,83,87,96,97,99" m="5295,47689" machi="87" ten="30,1100,0" yaku="18,1" doraHai="122,59" who="0" fromWho="0" sc="250,21,350,-5,240,-3,150,-3" /><INIT seed="2,0,0,3,0,134" ten="271,345,237,147" oya="2" hai0="7,15,24,4,6,95,98,26,93,72,86,23,81" hai1="90,97,88,31,20,131,65,50,67,17,32,75,128" hai2="64,59,96,14,126,60,120,125,70,48,1,38,82" hai3="94,9,129,119,62,30,73,16,43,36,112,116,45"/><V122/><F1/><W0/><G129/><N who="1" m="49738" /><E75/><V19/><F38/><W133/><G133/><T91/><D72/><U8/><E8/><V46/><F96/><W69/><G112/><T101/><D95/><N who="1" m="56551" /><E90/><V110/><F110/><W47/><G73/><T68/><D68/><U12/><E50/><V66/><F82/><W18/><G119/><T44/><D44/><U22/><E22/><N who="2" m="11639" /><F66/><W127/><G116/><T80/><D80/><U63/><E63/><V130/><F70/><W35/><G45/><T41/><D41/><U124/><E124/><N who="2" m="47723" /><F130/><W92/><G127/><T49/><D49/><U104/><E104/><V13/><F13/><W3/><G3/><T52/><D15/><U2/><E2/><V71/><F71/><W40/><G36/><T114/><D114/><U107/><E107/><V10/><F10/><W78/><G69/><T5/><N who="0" m="1024" /><DORA hai="89" /><T77/><D101/><U111/><E111/><V42/><AGARI ba="0,0" hai="42,46,48,59,60,64,120,122" m="47723,11639" machi="42" ten="30,11700,0" yaku="18,1,52,3" doraHai="134,89" who="2" fromWho="2" sc="271,-39,345,-39,237,117,147,-39" /><INIT seed="2,1,0,1,0,90" ten="232,306,354,108" oya="2" hai0="29,53,116,126,23,38,86,119,82,78,35,89,19" hai1="31,58,133,39,130,122,18,41,87,26,131,72,56" hai2="5,42,76,50,98,123,51,64,45,49,127,1,92" hai3="7,112,101,14,96,8,52,3,117,22,32,94,30"/><V62/><F127/><W120/><G117/><N who="0" m="45131" /><D126/><U15/><E72/><V11/><F76/><W10/><G120/><T121/><D121/><U75/><E75/><V13/><F1/><W91/><G112/><T73/><D38/><U129/><E133/><V36/><F123/><W103/><G32/><T110/><D110/><U68/><E68/><V61/><REACH who="2" step="1"/><F64/><REACH who="2" ten="232,306,344,108" step="2"/><W71/><G71/><T55/><D35/><U37/><E122/><V44/><F44/><W24/><REACH who="3" step="1"/><G52/><REACH who="3" ten="232,306,344,98" step="2"/><T12/><D29/><U33/><E31/><V2/><F2/><W114/><G114/><T34/><D34/><U111/><E33/><V109/><F109/><W69/><G69/><T70/><D70/><U21/><E111/><V66/><F66/><W59/><G59/><T74/><D74/><U57/><E58/><V113/><F113/><W80/><G80/><AGARI ba="1,2" hai="12,19,23,53,55,73,78,80,82,86,89" m="45131" machi="80" ten="30,1000,0" yaku="12,1" doraHai="90" who="0" fromWho="3" sc="232,33,306,0,344,0,98,-13" /><INIT seed="3,0,0,0,5,88" ten="265,306,344,85" oya="3" hai0="36,9,124,87,34,75,44,54,106,95,131,55,28" hai1="128,74,52,31,92,109,132,32,97,22,51,65,127" hai2="130,125,35,30,47,110,68,108,85,72,67,13,3" hai3="69,120,79,98,41,24,84,42,50,89,12,133,94"/><W111/><G120/><T15/><D75/><U81/><E109/><N who="2" m="42091" /><F125/><W5/><G111/><T11/><D106/><U19/><E128/><V37/><F130/><W18/><G69/><T135/><D131/><U27/><E132/><V70/><F72/><W6/><G133/><T80/><D135/><U82/><E127/><V90/><F3/><W14/><G24/><T53/><D124/><U45/><E65/><V76/><F76/><W112/><G112/><T104/><D104/><U78/><E82/><N who="2" m="49463" /><F67/><W46/><G41/><T2/><D2/><U4/><E4/><V8/><F30/><W1/><G1/><T126/><D126/><U66/><E66/><V119/><F35/><W86/><G14/><T93/><D34/><U129/><E129/><V77/><F77/><W60/><G60/><T101/><D28/><U114/><E114/><V25/><F25/><W71/><G71/><N who="2" m="27177" /><F119/><W23/><REACH who="3" step="1"/><G79/><REACH who="3" ten="265,306,344,75" step="2"/><N who="0" m="46495" /><D36/><U26/><E26/><V56/><F37/><W38/><G38/><T7/><D15/><U0/><E0/><V10/><F13/><W102/><G102/><T103/><D7/><AGARI ba="0,1" hai="5,6,7,12,18,23,42,46,50,84,86,89,94,98" machi="7" ten="40,12000,1" yaku="1,1,8,1,52,1,53,1" doraHai="88" doraHaiUra="91" who="3" fromWho="0" sc="265,-120,306,0,344,0,75,130" /><INIT seed="3,1,0,0,5,36" ten="145,306,344,205" oya="3" hai0="11,111,35,2,72,19,20,58,14,78,99,135,132" hai1="90,100,104,89,64,27,107,49,106,119,68,18,102" hai2="105,133,10,37,79,117,30,77,47,66,134,91,110" hai3="8,3,46,118,17,74,85,86,122,45,57,29,54"/><W98/><G118/><T65/><D111/><U82/><E119/><V131/><F117/><W128/><G122/><T63/><D72/><U67/><E68/><V55/><F110/><W103/><G74/><T25/><D78/><N who="2" m="29706" /><F131/><W59/><G59/><T44/><D99/><U4/><E4/><V75/><F105/><W73/><G73/><T0/><D44/><U15/><E27/><V60/><F75/><W39/><G29/><T81/><D81/><U28/><E28/><V125/><F125/><W96/><G128/><T123/><D123/><U130/><E82/><V94/><F10/><W41/><G46/><T52/><D65/><U129/><E104/><V93/><F30/><W13/><G3/><T43/><D43/><U24/><E24/><V84/><F55/><W95/><REACH who="3" step="1"/><G98/><REACH who="3" ten="145,306,344,195" step="2"/><T83/><D83/><U12/><E130/><V101/><F47/><W56/><G56/><T21/><D35/><U23/><E129/><V31/><F31/><W127/><G127/><T116/><D116/><U42/><E18/><V50/><F133/><N who="0" m="51274" /><D20/><U5/><E23/><V26/><F134/><W70/><G70/><T62/><D63/><AGARI ba="1,1" hai="8,13,17,39,41,45,54,57,63,85,86,95,96,103" machi="63" ten="30,11600,0" yaku="1,1,7,1,52,1,53,1" doraHai="36" doraHaiUra="97" who="3" fromWho="0" sc="145,-119,306,0,344,0,195,129" /><INIT seed="3,2,0,4,5,9" ten="26,306,344,324" oya="3" hai0="112,84,91,100,2,52,12,58,30,90,37,64,109" hai1="6,120,97,123,70,66,7,95,88,53,114,93,80" hai2="24,55,28,57,96,111,1,87,118,20,56,43,32" hai3="116,68,69,98,59,33,13,133,5,29,124,31,46"/><W67/><G116/><T108/><D2/><U102/><E114/><V0/><F118/><W79/><G69/><T86/><D37/><U3/><E80/><V73/><F73/><W38/><G68/><T119/><D119/><U94/><E3/><V14/><F111/><W92/><G33/><T36/><D36/><U42/><E42/><V74/><F74/><W47/><G79/><T110/><D100/><U127/><E127/><V130/><F130/><W50/><G38/><T35/><D64/><U25/><E53/><V78/><F43/><N who="3" m="24927" /><G47/><T10/><D112/><U27/><E66/><V135/><F135/><W39/><G39/><T117/><D117/><U48/><E70/><V15/><F32/><W8/><G133/><T82/><D30/><U113/><E113/><V101/><F1/><W63/><G124/><T76/><D35/><U18/><E48/><N who="2" m="30823" /><F0/><W19/><G5/><N who="1" m="1546" /><E123/><V65/><F57/><W34/><G34/><T126/><D126/><U49/><E49/><V17/><F65/><W21/><G8/><T131/><D131/><U71/><E71/><V99/><F28/><W72/><G72/><T103/><D103/><AGARI ba="2,0" hai="13,19,21,29,31,59,63,67,92,98,103" m="24927" machi="103" ten="30,2900,0" yaku="8,1,52,1" doraHai="9" who="3" fromWho="0" sc="26,-35,306,0,344,0,324,35" owari="-9,-50.9,306,-9.4,344,14.4,359,45.9" /></mjloggm>