<mjloggm ver="2.3"><GO type="225" lobby="0"/><UN n0="%E3%83%97%E3%83%AC%E3%83%B4%E3%82%A1%E3%83%86%E3%82%A3" n1="%28%EF%BF%A3%E2%96%BD%EF%BF%A3%29%CE%B4%E2%8C%92%E3%83%BB" n2="%E3%81%8B%E3%82%8F%E3%81%A1%E3%82%83%E3%82%93%35%38" n3="%E9%B3%B3%E6%9D%B1%E3%81%AE%E3%81%86%E3%81%95%E3%81%8E%E3%81%95%E3%82%93" dan="16,16,17,17" rate="2162.22,2144.67,2142.74,2238.56" sx="F,M,M,M"/><TAIKYOKU oya="0"/><INIT seed="0,0,0,2,2,129" ten="250,250,250,250" oya="0" hai0="9,73,115,89,84,134,57,93,90,26,17,10,44" hai1="132,82,60,11,81,29,118,96,28,32,72,83,49" hai2="19,74,127,1,106,70,39,105,8,0,12,54,20" hai3="99,98,91,133,45,22,131,36,94,104,68,78,121"/><T48/><D73/><U87/><E118/><V50/><F39/><W109/><G131/><T116/><D115/><U111/><E72/><V6/><F127/><W53/><G68/><T18/><D116/><U38/><E38/><V52/><F74/><W128/><G128/><T77/><D77/><U66/><E111/><V67/><F54/><W43/><G109/><T24/><D57/><U65/><E87/><V5/><F67/><W113/><G113/><T110/><D110/><U2/><E96/><V41/><F41/><W42/><G42/><T80/><D134/><U76/><E76/><V58/><REACH who="2" step="1"/><F70/><REACH who="2" ten="250,250,240,250" step="2"/><W122/><G53/><N who="0" m="29831" /><D17/><U15/><E66/><V64/><F64/><W69/><G69/><T100/><D100/><U117/><E65/><V35/><F35/><W62/><G36/><T30/><D30/><U3/><E32/><V107/><F107/><W16/><G104/><T33/><D33/><U13/><E29/><V119/><F119/><W108/><G108/><T97/><D9/><AGARI ba="0,1" hai="0,1,5,6,8,9,12,19,20,50,52,58,105,106" machi="9" ten="40,5200,0" yaku="1,1,9,1,54,1,53,0" doraHai="129" doraHaiUra="25" who="2" fromWho="0" sc="250,-52,250,0,240,62,250,0" /><INIT seed="1,0,0,0,5,95" ten="198,250,302,250" oya="1" hai0="1,79,30,38,11,5,119,87,97,26,21,77,76" hai1="118,126,98,99,51,2,45,125,69,54,134,63,43" hai2="129,102,19,110,35,14,122,84,8,93,9,92,56" hai3="81,6,70,57,85,13,89,40,120,113,62,42,16"/><U105/><E105/><V123/><F35/><W34/><G120/><T58/><D38/><N who="1" m="21751" /><E2/><V78/><F56/><W121/><G121/><T82/><D119/><U103/><E103/><V104/><F104/><W39/><G113/><T107/><D58/><N who="1" m="33119" /><E118/><V68/><F102/><W60/><G34/><T114/><D114/><U0/><E0/><V117/><F84/><W10/><G39/><T96/><REACH who="0" step="1"/><D107/><REACH who="0" ten="188,250,302,250" step="2"/><U67/><E134/><V53/><F117/><W64/><REACH who="3" step="1"/><G6/><REACH who="3" ten="188,250,302,240" step="2"/><T73/><D73/><U106/><E106/><V135/><F123/><W101/><G101/><T65/><D65/><AGARI ba="0,2" hai="10,13,16,40,42,57,60,62,64,65,70,81,85,89" machi="65" ten="30,3900,0" yaku="1,1,7,1,54,1,53,0" doraHai="95" doraHaiUra="48" who="3" fromWho="0" sc="188,-39,250,0,302,0,240,59" /><INIT seed="2,0,0,4,0,23" ten="149,250,302,299" oya="2" hai0="46,26,20,11,126,8,115,32,96,60,35,1,102" hai1="76,95,101,66,27,42,104,50,45,68,59,121,133" hai2="51,119,41,71,73,92,28,84,44,14,21,48,77" hai3="39,33,53,19,125,86,15,75,81,105,40,78,63"/><V118/><F71/><W91/><G33/><T9/><D115/><U103/><E104/><V57/><F73/><W87/><G125/><T52/><D126/><U16/><E121/><V61/><F51/><W116/><G116/><T65/><D1/><U109/><E133/><V25/><F14/><W0/><G0/><T54/><D35/><U113/><E113/><V83/><REACH who="2" step="1"/><F92/><REACH who="2" ten="149,250,292,299" step="2"/><W112/><G75/><T117/><D117/><U90/><E68/><V94/><F94/><W4/><G15/><T131/><D131/><U49/><E109/><V89/><F89/><W80/><G91/><T30/><D32/><U123/><E76/><V10/><F10/><W43/><G78/><T5/><D5/><U122/><E123/><V34/><F34/><W106/><G4/><T47/><D47/><U114/><E122/><V70/><F70/><W69/><G69/><T100/><D46/><U36/><E50/><V99/><F99/><W38/><G112/><T58/><D102/><U97/><E114/><V98/><F98/><W127/><G127/><T110/><D110/><U74/><E74/><V6/><F6/><W67/><G106/><T88/><D88/><U37/><E37/><V56/><F56/><W130/><G105/><T128/><D128/><U120/><E120/><V134/><F134/><W17/><G130/><T124/><D124/><U132/><E132/><V18/><F18/><W108/><G108/><T55/><D100/><U13/><E36/><V3/><F3/><W107/><G107/><T24/><D96/><U85/><E97/><V64/><AGARI ba="0,1" hai="21,25,28,41,44,48,57,61,64,77,83,84,118,119" machi="64" ten="20,7800,0" yaku="1,1,0,1,7,1,52,1,53,0" doraHai="23" doraHaiUra="135" who="2" fromWho="2" sc="149,-26,250,-26,292,88,299,-26" /><INIT seed="2,1,0,4,5,114" ten="123,224,380,273" oya="2" hai0="121,19,27,88,93,60,37,21,55,42,86,47,39" hai1="17,49,77,57,116,75,63,100,130,16,12,79,58" hai2="5,32,69,45,112,10,56,51,8,6,125,135,72" hai3="24,9,0,119,105,41,111,120,83,52,1,92,71"/><V96/><F72/><W108/><G120/><T64/><D121/><U30/><E130/><V76/><F69/><W50/><G105/><T22/><D55/><N who="1" m="31983" /><E116/><V34/><F76/><N who="1" m="29257" /><E75/><V67/><F96/><W132/><G71/><T98/><D22/><U124/><E124/><V66/><F56/><W134/><G41/><T15/><D39/><U97/><E30/><V44/><F51/><W126/><G83/><T3/><D3/><N who="3" m="1097" /><G126/><T127/><D127/><U104/><E104/><V110/><F125/><W87/><G9/><T61/><D64/><N who="1" m="39031" /><E12/><V11/><F11/><W14/><G14/><T59/><D59/><U23/><E23/><V107/><F107/><W82/><G92/><T80/><REACH who="0" step="1"/><D15/><REACH who="0" ten="113,224,380,273" step="2"/><U62/><E62/><V115/><F67/><W94/><G52/><T70/><D70/><U4/><E4/><V91/><F66/><W2/><G2/><T129/><D129/><U73/><E73/><V95/><F5/><W90/><G50/><T84/><D84/><U118/><E17/><V123/><F6/><W18/><G18/><T40/><D40/><U13/><E16/><V113/><F113/><W78/><G87/><T35/><D35/><U106/><E13/><V109/><F115/><W117/><G111/><T131/><D131/><U43/><E43/><V65/><F112/><W54/><G108/><N who="2" m="41577" /><F65/><W38/><G38/><T101/><AGARI ba="1,1" hai="19,21,27,37,42,47,60,61,80,86,88,93,98,101" machi="101" ten="20,8000,1" yaku="1,1,0,1,7,1,54,1,53,1" doraHai="114" doraHaiUra="85" who="0" fromWho="0" sc="113,93,224,-21,380,-41,273,-21" /><INIT seed="3,0,0,5,0,102" ten="206,203,339,252" oya="3" hai0="46,45,29,132,59,93,41,37,134,89,109,30,66" hai1="85,127,58,128,23,87,106,86,52,64,90,56,99" hai2="38,100,101,129,68,92,42,54,5,67,60,81,78" hai3="71,8,31,6,110,75,27,40,120,69,16,33,80"/><W116/><G116/><T114/><D109/><U72/><E72/><V119/><F92/><W24/><G120/><T112/><D46/><U28/><E127/><V22/><F22/><W131/><G131/><T43/><D43/><U115/><E115/><N who="0" m="44073" /><D59/><U126/><E126/><V20/><F20/><W73/><G110/><T79/><D79/><U108/><E108/><V19/><F19/><W118/><G118/><T97/><D66/><U18/><E128/><V130/><F101/><W55/><G40/><T133/><AGARI ba="0,0" hai="29,30,37,41,45,89,93,97,132,133,134" m="44073" machi="133" ten="40,2700,0" yaku="20,1,11,1" doraHai="102" who="0" fromWho="0" sc="206,27,203,-7,339,-7,252,-13" owari="233,-16.7,196,-30.4,332,43.2,239,3.9" /></mjloggm>