<mjloggm ver="2.3"><GO type="225" lobby="0"/><UN n0="%43%68%65" n1="%70%68%65%6E%6F%6D%65" n2="%E3%81%86%E3%82%8C%E3%81%9F%E3%82%93%E6%9E%95" n3="%E7%B4%94%E6%BD%94%E3%83%94%E3%83%A9%E3%83%8B%E3%82%A2" dan="16,16,16,18" rate="2143.50,2108.08,2105.70,2239.70" sx="M,M,F,M"/><TAIKYOKU oya="0"/><INIT seed="0,0,0,3,2,98" ten="250,250,250,250" oya="0" hai0="36,64,97,87,53,129,62,122,135,20,49,69,9" hai1="127,120,134,45,83,48,60,59,6,47,107,90,1" hai2="78,58,128,119,91,99,51,112,17,132,41,5,67" hai3="100,44,65,77,95,121,71,66,68,131,114,18,35"/><T28/><D122/><U32/><E120/><V74/><F112/><W50/><G35/><T109/><D36/><U42/><E32/><V85/><F128/><W26/><G77/><T33/><D129/><U39/><E107/><V110/><F132/><W96/><G114/><T133/><D33/><U3/><E134/><N who="0" m="51209" /><D87/><U123/><E123/><V52/><F110/><W111/><G111/><T10/><D97/><U34/><E34/><V63/><F5/><W102/><G71/><T19/><D19/><U24/><BYE who="0" /><E24/><UN n0="%43%68%65" /><V14/><F119/><W21/><G68/><T73/><D73/><U93/><E83/><V101/><F41/><N who="3" m="24847" /><G131/><T72/><D72/><U38/><E6/><V118/><F118/><W81/><G81/><T43/><D43/><U115/><E127/><V124/><F124/><W106/><G106/><T75/><D75/><U54/><E115/><V29/><F29/><W7/><G7/><T126/><D126/><U82/><E82/><N who="2" m="47319" /><F74/><W125/><G121/><T70/><D70/><U4/><E4/><V30/><F30/><W117/><G117/><T8/><D109/><U55/><REACH who="1" step="1"/><E38/><REACH who="1" ten="250,240,250,250" step="2"/><V116/><F116/><W11/><G125/><T37/><D37/><U2/><E2/><V84/><F14/><N who="3" m="7519" /><G102/><T16/><D28/><AGARI ba="0,1" hai="21,26,28,65,66,95,96,100" m="7519,24847" machi="28" ten="30,2000,0" yaku="8,1,52,1" doraHai="98" who="3" fromWho="0" sc="250,-20,240,0,250,0,250,30" /><BYE who="2" /><INIT seed="1,0,0,3,1,102" ten="230,240,250,280" oya="1" hai0="27,25,0,20,43,18,81,127,7,10,19,32,29" hai1="61,52,103,40,121,131,1,71,4,74,68,2,90" hai2="65,135,116,80,91,35,109,89,11,124,95,78,69" hai3="114,110,83,79,85,72,41,86,38,133,125,57,55"/><U97/><E121/><V134/><F134/><W112/><G110/><UN n2="%E3%81%86%E3%82%8C%E3%81%9F%E3%82%93%E6%9E%95" /><T62/><D43/><U132/><E132/><V5/><F135/><W50/><G133/><T17/><D127/><U66/><E131/><V24/><F124/><W100/><G125/><T46/><D46/><U36/><E74/><V39/><F39/><W117/><G117/><T77/><REACH who="0" step="1"/><D62/><REACH who="0" ten="220,240,250,280" step="2"/><U44/><E68/><V104/><F69/><W16/><G41/><T22/><D22/><U84/><E4/><V37/><F5/><W48/><G50/><T53/><D53/><U92/><REACH who="1" step="1"/><E52/><REACH who="1" ten="220,230,250,280" step="2"/><V129/><F116/><W101/><G55/><T49/><D49/><U13/><E13/><V88/><F129/><W123/><G48/><T70/><D70/><U8/><E8/><V31/><F11/><W12/><G12/><T56/><D56/><U47/><E47/><V54/><F54/><W33/><G57/><T130/><D130/><U108/><E108/><V6/><F109/><W23/><G38/><T59/><D59/><U128/><E128/><V106/><F37/><W3/><G123/><T28/><D28/><U94/><AGARI ba="0,2" hai="1,2,36,40,44,61,66,71,84,90,92,94,97,103" machi="94" ten="20,7800,0" yaku="1,1,0,1,7,1,53,1" doraHai="102" doraHaiUra="58" who="1" fromWho="1" sc="220,-26,230,98,250,-26,280,-26" /><INIT seed="1,1,0,2,3,14" ten="194,328,224,254" oya="1" hai0="77,98,131,52,120,93,86,113,25,133,55,22,63" hai1="95,68,91,29,73,5,3,92,123,4,53,107,41" hai2="114,82,71,59,54,81,80,49,50,108,105,134,129" hai3="38,18,34,112,109,45,30,70,7,47,19,61,110"/><U94/><E123/><V121/><F121/><W124/><G112/><T89/><D120/><U106/><E68/><V33/><F114/><W115/><G115/><T12/><D113/><U8/><E73/><V13/><F108/><N who="3" m="41579" /><G7/><T31/><D131/><U87/><E41/><V42/><F134/><W44/><G38/><T83/><D133/><U48/><E29/><V97/><F33/><W101/><G101/><T69/><REACH who="0" step="1"/><D12/><REACH who="0" ten="184,328,224,254" step="2"/><U26/><E26/><V118/><F129/><W90/><G124/><T10/><D10/><U6/><E8/><V9/><F118/><W135/><G135/><T0/><D0/><U65/><E3/><V57/><F71/><W43/><G43/><T76/><D76/><U46/><REACH who="1" step="1"/><E65/><AGARI ba="1,1" hai="22,25,31,52,55,63,65,69,77,83,86,89,93,98" machi="65" ten="40,2600,0" yaku="1,1,54,1,53,0" doraHai="14" doraHaiUra="104" who="0" fromWho="1" sc="184,39,328,-29,224,0,254,0" /><INIT seed="2,0,0,1,2,17" ten="223,299,224,254" oya="2" hai0="28,59,71,18,102,119,103,83,54,49,131,35,1" hai1="69,91,34,68,43,84,65,58,114,108,36,16,81" hai2="10,27,63,93,99,62,100,109,48,66,122,120,7" hai3="115,88,60,85,39,14,89,113,135,51,61,118,47"/><V24/><F109/><W0/><G0/><T73/><D131/><U26/><E114/><N who="3" m="43530" /><G118/><T129/><D129/><U50/><E108/><V20/><F27/><W128/><G39/><T42/><D119/><U46/><E34/><V133/><F133/><W94/><G135/><T127/><D127/><U53/><REACH who="1" step="1"/><E65/><REACH who="1" ten="223,289,224,254" step="2"/><V8/><F120/><W23/><G128/><T72/><D35/><U90/><E90/><V32/><F122/><W41/><G89/><T40/><D103/><U134/><E134/><V74/><F32/><W110/><G110/><T9/><D102/><U112/><E112/><V55/><F74/><W3/><G3/><T76/><D73/><U25/><E25/><V125/><F125/><W96/><G85/><T11/><D1/><U107/><E107/><V105/><F105/><W5/><G5/><T64/><D64/><U130/><E130/><V4/><F7/><W70/><G70/><T12/><D71/><U22/><AGARI ba="0,1" hai="16,22,26,36,43,46,50,53,58,68,69,81,84,91" machi="22" ten="30,8000,1" yaku="1,1,0,1,52,1,54,1,53,1" doraHai="17" doraHaiUra="44" who="1" fromWho="1" sc="223,-20,289,90,224,-40,254,-20" /><INIT seed="3,0,0,3,5,7" ten="203,379,184,234" oya="3" hai0="30,74,53,98,1,78,52,43,47,18,48,115,71" hai1="108,40,127,128,6,49,10,36,93,69,97,116,27" hai2="11,76,29,35,66,132,65,13,131,117,32,2,46" hai3="103,106,16,42,118,33,86,87,75,105,31,119,39"/><W114/><G75/><T20/><D115/><U25/><E36/><V99/><F117/><W59/><G114/><T64/><D30/><U107/><E107/><V8/><F131/><W130/><G130/><T112/><D112/><U9/><E69/><V57/><F132/><W5/><G5/><T126/><D126/><U55/><E40/><V125/><F125/><W72/><G72/><T15/><D1/><U0/><E108/><V88/><F2/><W81/><G31/><T22/><D22/><U110/><E110/><V41/><F76/><W23/><G33/><T92/><D64/><N who="2" m="24682" /><F32/><W95/><G59/><T28/><D28/><U94/><E93/><N who="2" m="56743" /><F35/><W79/><G42/><T90/><REACH who="0" step="1"/><D71/><REACH who="0" ten="193,379,184,234" step="2"/><U70/><E70/><V68/><F68/><W82/><G23/><T26/><D26/><U129/><E127/><V61/><F29/><W45/><G119/><T51/><D51/><U121/><E49/><N who="2" m="26831" /><F13/><W21/><G118/><T4/><D4/><U62/><E116/><V111/><F111/><W54/><G39/><T133/><D133/><U85/><E6/><V84/><F84/><W83/><G86/><T19/><D19/><U67/><E85/><V34/><F34/><W44/><G16/><T113/><D113/><U56/><E0/><V63/><F63/><W109/><G87/><T12/><D12/><U123/><E25/><V58/><F61/><W14/><G14/><T60/><D60/><U120/><E27/><V96/><F96/><W100/><G109/><T77/><D77/><U24/><E24/><V102/><F102/><W104/><G79/><T122/><D122/><RYUUKYOKU ba="0,1" sc="193,15,379,-15,184,15,234,-15" hai0="15,18,20,43,47,48,52,53,74,78,90,92,98" hai2="8,11,57,58" owari="208,-19.2,374,47.4,199,-30.1,219,1.9" /></mjloggm>