<mjloggm ver="2.3"><GO type="225" lobby="0"/><UN n0="%E3%82%B3%E3%83%90%E3%83%AC%E3%82%A4" n1="%E3%82%BC%E3%83%AB%E3%83%80%E3%81%AE%E4%BC%9D%E8%AA%AC" n2="%E8%BE%9B%E5%8F%A3%E3%82%AB%E3%83%AC%E3%83%BC%E3%83%A9%E3%82%A4%E3%82%B9" n3="%28%EF%BF%A3%E2%96%BD%EF%BF%A3%29%CE%B4%E2%8C%92%E3%83%BB" dan="16,17,17,17" rate="2159.12,2158.64,2247.90,2255.67" sx="M,M,M,M"/><TAIKYOKU oya="0"/><INIT seed="0,0,0,0,2,85" ten="250,250,250,250" oya="0" hai0="100,108,79,51,2,82,8,98,49,23,55,4,6" hai1="110,66,101,117,3,133,135,111,97,119,90,34,105" hai2="92,41,46,118,114,130,93,81,69,74,123,44,77" hai3="116,30,50,32,70,122,58,94,125,18,126,112,14"/><T47/><D108/><N who="1" m="41515" /><E34/><V48/><F123/><W21/><G70/><T22/><D6/><U15/><E3/><V127/><F114/><W88/><G122/><T68/><D68/><U64/><E15/><V17/><F69/><W28/><G112/><T13/><D2/><U132/><E64/><V57/><F127/><N who="3" m="48651" /><G32/><T60/><D60/><U10/><E10/><V33/><F130/><W20/><G116/><N who="1" m="44618" /><E66/><V67/><F33/><W84/><G21/><T78/><D51/><U95/><E105/><V12/><F118/><W53/><AGARI ba="0,0" hai="14,18,20,28,30,50,53,58,84,88,94" m="48651" machi="53" ten="30,7900,0" yaku="25,1,18,1,52,1,54,1" doraHai="85" who="3" fromWho="3" sc="250,-39,250,-20,250,-20,250,79" /><INIT seed="1,0,0,1,4,113" ten="211,230,230,329" oya="1" hai0="12,40,51,14,132,42,122,92,87,74,85,41,1" hai1="19,31,55,78,91,3,125,123,107,121,46,9,26" hai2="69,60,129,83,20,86,25,82,99,95,97,43,94" hai3="130,17,2,48,18,58,90,65,66,75,98,115,33"/><U6/><E107/><V35/><F129/><W32/><G75/><T16/><D1/><U134/><E78/><V135/><F135/><W76/><G2/><T104/><D74/><U96/><E134/><V109/><F109/><W117/><G76/><T128/><D104/><U126/><E96/><V57/><F69/><W93/><G115/><T59/><D132/><U124/><E91/><V47/><F35/><W22/><G18/><T7/><D128/><U54/><E19/><V67/><F86/><W116/><G130/><T34/><D34/><N who="3" m="13417" /><G58/><T110/><D110/><U5/><E5/><V30/><F97/><W68/><G48/><T52/><D122/><N who="1" m="46603" /><E46/><V38/><REACH who="2" step="1"/><F94/><REACH who="2" ten="211,230,220,329" step="2"/><W119/><G68/><T45/><D92/><U100/><E100/><AGARI ba="0,1" hai="20,25,30,38,43,47,57,60,67,82,83,95,99,100" machi="100" ten="30,8000,1" yaku="1,1,2,1,7,1,25,2,53,0" doraHai="113" doraHaiUra="72" who="2" fromWho="1" sc="211,0,230,-80,220,90,329,0" /><INIT seed="2,0,0,1,0,69" ten="211,150,310,329" oya="2" hai0="93,88,112,85,114,94,95,40,103,62,133,8,38" hai1="14,60,75,65,28,131,119,2,110,83,9,132,21" hai2="102,80,19,10,13,63,91,58,77,99,15,1,72" hai3="20,130,32,43,31,16,87,127,50,122,33,84,46"/><V92/><F1/><W123/><G127/><T104/><D133/><U45/><E119/><V37/><F15/><W61/><G130/><T96/><D62/><U106/><E106/><V24/><F24/><W59/><G31/><T115/><D8/><U41/><E132/><V79/><F79/><W125/><G125/><T128/><D40/><U6/><E131/><V118/><F118/><W23/><G23/><T68/><D68/><U53/><E53/><V121/><F121/><W108/><G108/><T56/><D56/><U27/><E110/><V47/><F47/><W22/><G22/><T39/><REACH who="0" step="1"/><D128/><REACH who="0" ten="201,150,310,329" step="2"/><U55/><E55/><V100/><REACH who="2" step="1"/><F37/><AGARI ba="0,1" hai="37,38,39,85,88,93,94,95,96,103,104,112,114,115" machi="37" ten="50,12000,2" yaku="1,1,2,1,52,3,54,1,53,0" doraHai="69" doraHaiUra="52" who="0" fromWho="2" sc="201,130,150,0,310,-120,329,0" /><INIT seed="3,0,0,5,4,34" ten="331,150,190,329" oya="3" hai0="47,104,38,71,126,133,117,21,32,62,124,130,123" hai1="63,120,17,2,102,79,107,84,99,110,3,105,13" hai2="33,4,94,83,42,122,51,61,96,121,55,97,66" hai3="57,119,45,93,100,7,90,116,28,127,40,18,134"/><W10/><G100/><T111/><D47/><U53/><E120/><N who="2" m="46187" /><F33/><W88/><G28/><T109/><D62/><U87/><E107/><V0/><F42/><W91/><G93/><T82/><D82/><U11/><E110/><V129/><F129/><W67/><G127/><T78/><D78/><U75/><E75/><V115/><F115/><W52/><G67/><T30/><D109/><U103/><E103/><N who="2" m="60823" /><F97/><W12/><G18/><T37/><D21/><U86/><REACH who="1" step="1"/><E79/><REACH who="1" ten="331,140,190,329" step="2"/><V113/><F113/><W64/><G134/><T14/><D126/><U31/><E31/><V49/><F83/><W48/><REACH who="3" step="1"/><G64/><REACH who="3" ten="331,140,190,319" step="2"/><T85/><D30/><U41/><E41/><V92/><F92/><W27/><G27/><T39/><D124/><U16/><E16/><V135/><F135/><W69/><G69/><T98/><D133/><U15/><E15/><V125/><F125/><W81/><G81/><T25/><D14/><U19/><E19/><V60/><F66/><W77/><G77/><T43/><D25/><U108/><E108/><V36/><F4/><W68/><G68/><T23/><D71/><U35/><E35/><V46/><F0/><W131/><G131/><T70/><D32/><U106/><E106/><V26/><F26/><W76/><G76/><T118/><D70/><U5/><E5/><V8/><F8/><W95/><G95/><T72/><D104/><U54/><E54/><V59/><F55/><W9/><G9/><T80/><D111/><U29/><E29/><V50/><F59/><AGARI ba="0,2" hai="2,3,11,13,17,53,59,63,84,86,87,99,102,105" machi="59" ten="40,5200,0" yaku="1,1,52,2,53,0" doraHai="34" doraHaiUra="44" who="1" fromWho="2" sc="331,0,140,72,190,-52,319,0" owari="331,43.1,212,-18.8,138,-36.2,319,11.9" /></mjloggm>