<mjloggm ver="2.3"><GO type="225" lobby="0"/><UN n0="%43%68%65" n1="%E3%81%BE%E3%81%A8%E3%81%9F" n2="%6D%75%75%6D%75%72%61" n3="%E3%81%AF%E3%82%88%E3%81%8A%E3%81%98%E3%81%95%E3%82%93" dan="16,16,16,16" rate="2168.95,2186.51,2086.91,2201.69" sx="M,M,F,M"/><TAIKYOKU oya="0"/><INIT seed="0,0,0,4,4,126" ten="250,250,250,250" oya="0" hai0="35,125,53,89,34,33,48,25,108,114,55,70,93" hai1="27,42,85,30,63,3,56,44,59,112,31,9,38" hai2="1,61,45,20,66,69,19,43,57,87,130,18,24" hai3="118,79,64,121,16,120,71,129,76,131,83,8,92"/><T58/><D114/><U84/><E112/><V0/><F130/><N who="3" m="49675" /><G118/><T82/><D125/><U36/><E36/><V77/><F69/><W133/><G133/><T4/><D108/><U80/><E31/><V73/><F73/><W32/><G32/><T97/><D70/><U46/><E46/><V88/><F77/><W127/><G127/><T100/><D4/><U52/><E59/><V37/><REACH who="2" step="1"/><F19/><REACH who="2" ten="250,250,240,250" step="2"/><W2/><G76/><T41/><D41/><U65/><E42/><V23/><F23/><W74/><G16/><T86/><REACH who="0" step="1"/><D55/><REACH who="0" ten="240,250,240,250" step="2"/><U15/><E52/><V95/><AGARI ba="0,2" hai="0,1,18,20,24,37,43,45,57,61,66,87,88,95" machi="95" ten="20,8000,1" yaku="1,1,0,1,7,1,54,1,53,1" doraHai="126" doraHaiUra="22" who="2" fromWho="2" sc="240,-40,250,-20,240,100,250,-20" /><INIT seed="1,0,0,0,2,78" ten="200,230,340,230" oya="1" hai0="6,26,19,64,132,106,48,18,88,29,20,37,80" hai1="16,91,59,27,105,50,44,134,84,113,67,99,122" hai2="124,73,115,15,17,33,117,32,30,45,54,34,40" hai3="92,10,39,12,51,90,28,133,61,109,7,21,14"/><U42/><E122/><V121/><F117/><W89/><G39/><T86/><D37/><U125/><E113/><V94/><F121/><W38/><G38/><T79/><D132/><U81/><E125/><V13/><F124/><W49/><G133/><T119/><D119/><U103/><E134/><V8/><F40/><W128/><G109/><T22/><D106/><U130/><E130/><V95/><F73/><W101/><G128/><T11/><D64/><U123/><E123/><V56/><F45/><W75/><G75/><T102/><D102/><U126/><E126/><V74/><F74/><W116/><G116/><T66/><D66/><U96/><E96/><V82/><F82/><W104/><G104/><T4/><D11/><U53/><E67/><V111/><F111/><W23/><G61/><T108/><D108/><U93/><E27/><V41/><F41/><W69/><G69/><T127/><D127/><U35/><E35/><V114/><F30/><W107/><G107/><T98/><D48/><N who="3" m="18505" /><G14/><N who="0" m="9303" /><D29/><U47/><E105/><V1/><F1/><W135/><G135/><T52/><D52/><U55/><E42/><V65/><F65/><W60/><G60/><T76/><D76/><U120/><E120/><V70/><F70/><W3/><G3/><T71/><D71/><U83/><E55/><V0/><F0/><W63/><G63/><T24/><D26/><U97/><E97/><V131/><F131/><W68/><G68/><T85/><D98/><U72/><E72/><V112/><F13/><W43/><G43/><T5/><D5/><U118/><E118/><V87/><F87/><RYUUKYOKU ba="0,0" sc="200,15,230,-15,340,15,230,-15" hai0="4,6,19,22,24,79,80,85,86,88" hai2="8,15,17,32,33,34,54,56,94,95,112,114,115" /><INIT seed="2,1,0,5,4,64" ten="215,215,355,215" oya="2" hai0="60,41,13,38,24,23,107,20,116,90,115,113,72" hai1="17,111,45,0,73,106,88,109,30,67,87,122,78" hai2="79,100,71,35,58,29,15,129,9,83,28,47,43" hai3="118,51,108,76,5,6,74,130,89,123,25,1,94"/><V3/><F3/><W112/><G118/><T36/><D107/><U103/><E122/><V12/><F129/><W134/><G123/><T44/><D72/><U105/><E0/><V86/><F100/><W93/><G130/><T77/><D116/><U114/><E114/><V14/><F35/><W82/><G112/><T59/><D38/><U27/><E67/><V11/><F58/><W81/><G108/><N who="1" m="41546" /><E103/><V61/><F61/><W132/><G25/><T120/><D77/><U131/><E17/><V8/><REACH who="2" step="1"/><F71/><REACH who="2" ten="215,215,345,215" step="2"/><W4/><G1/><T125/><D120/><U48/><E131/><V53/><F53/><W68/><G68/><T135/><D59/><U63/><E63/><V54/><F54/><W133/><G51/><AGARI ba="1,1" hai="8,9,11,12,14,15,28,29,43,47,51,79,83,86" machi="51" ten="40,3900,0" yaku="1,1,8,1,53,0" doraHai="64" doraHaiUra="31" who="2" fromWho="3" sc="215,0,215,0,345,52,215,-42" /><INIT seed="2,2,0,2,1,40" ten="215,215,397,173" oya="2" hai0="34,124,128,11,3,134,47,44,55,93,51,36,19" hai1="85,123,113,116,69,10,50,86,125,73,70,31,95" hai2="20,46,41,54,72,65,81,121,57,110,87,77,105" hai3="33,30,0,101,61,117,66,132,9,78,1,80,24"/><V28/><F105/><W97/><G132/><T13/><D134/><U83/><E116/><V99/><F121/><W25/><G117/><T75/><D75/><U91/><E113/><V7/><F65/><W32/><G9/><T18/><D34/><U16/><E73/><V2/><F2/><W108/><G108/><T37/><D124/><U115/><E115/><V43/><F7/><W122/><G122/><T103/><D128/><U64/><E125/><V42/><F99/><W8/><G8/><T12/><D3/><U52/><E64/><V111/><F72/><BYE who="1" /><N who="3" m="43079" /><G25/><T104/><D104/><U90/><E90/><UN n1="%E3%81%BE%E3%81%A8%E3%81%9F" /><V67/><F20/><W15/><G15/><T38/><D103/><U89/><E31/><V96/><F96/><W74/><G32/><T23/><REACH who="0" step="1"/><D93/><REACH who="0" ten="205,215,397,173" step="2"/><U130/><E130/><V71/><F110/><W14/><G74/><T53/><D53/><U109/><E109/><V84/><F111/><W27/><G14/><T112/><D112/><U76/><E123/><V102/><F102/><W120/><G120/><T68/><D68/><U126/><E126/><V114/><F71/><W129/><G129/><T98/><D98/><U131/><E131/><V6/><F114/><W21/><G27/><T60/><D60/><U29/><E69/><V4/><F54/><W45/><G33/><T58/><AGARI ba="2,1" hai="11,12,13,18,19,23,36,37,38,44,47,51,55,58" machi="58" ten="30,7900,0" yaku="1,1,0,1,52,2,53,0" doraHai="40" doraHaiUra="79" who="0" fromWho="0" sc="205,95,215,-22,397,-41,173,-22" /><INIT seed="3,0,0,4,5,68" ten="300,193,356,151" oya="3" hai0="75,18,30,43,57,127,76,27,118,61,124,1,88" hai1="63,41,74,44,65,96,83,6,116,33,56,120,123" hai2="37,36,48,26,106,103,115,38,28,102,59,12,119" hai3="45,7,130,84,85,98,72,8,129,109,107,21,69"/><W49/><G72/><T78/><D118/><U81/><E33/><V89/><F119/><W95/><G69/><T51/><D1/><U9/><E116/><V90/><F115/><W132/><G132/><T71/><D18/><U105/><E105/><V60/><F48/><W64/><G64/><T20/><D75/><U93/><E81/><V100/><F12/><N who="3" m="5151" /><G107/><T80/><D71/><U25/><E25/><V131/><F106/><W135/><G135/><T126/><D51/><U77/><E93/><V39/><F39/><W19/><G109/><T113/><D43/><U66/><E66/><V58/><F131/><N who="3" m="50187" /><G98/><T54/><D113/><U125/><E96/><V133/><F133/><W0/><G95/><T55/><REACH who="0" step="1"/><D54/><REACH who="0" ten="290,193,356,151" step="2"/><U92/><E74/><V16/><F36/><W79/><G0/><T29/><D29/><U97/><E123/><V32/><F37/><W99/><G79/><T94/><D94/><U91/><E120/><V53/><F38/><W110/><G110/><T122/><D122/><U4/><E92/><V10/><F53/><N who="3" m="29871" /><G99/><T70/><D70/><U87/><E97/><V86/><F100/><W108/><G108/><T2/><D2/><U14/><E41/><V13/><F102/><W34/><G34/><T17/><D17/><U104/><E104/><V40/><F103/><W46/><G46/><T73/><D73/><U31/><E44/><V117/><F16/><W22/><G22/><T24/><D24/><AGARI ba="0,1" hai="19,21,24,84,85" m="29871,50187,5151" machi="24" ten="30,1500,0" yaku="19,1" doraHai="68" who="3" fromWho="0" sc="290,-15,193,0,356,0,151,25" /><INIT seed="3,1,0,0,4,73" ten="275,193,356,176" oya="3" hai0="93,26,48,20,61,76,105,53,100,92,16,85,80" hai1="125,121,19,67,75,89,131,83,120,109,132,116,10" hai2="97,84,3,55,30,52,15,43,87,4,25,47,90" hai3="8,41,32,122,36,110,58,77,59,114,119,24,129"/><W0/><G119/><T33/><D61/><U96/><E67/><V68/><F3/><W111/><G114/><T31/><D105/><U104/><E116/><V74/><F68/><W34/><G122/><T45/><REACH who="0" step="1"/><D100/><REACH who="0" ten="265,193,356,176" step="2"/><U6/><E104/><V117/><F117/><W27/><G129/><T28/><D28/><U5/><E131/><V22/><F30/><W7/><G77/><T21/><D21/><U78/><E121/><V14/><F22/><W1/><G1/><T113/><D113/><U118/><E78/><V101/><F101/><W64/><G32/><T40/><D40/><U124/><E120/><V35/><F43/><W23/><G34/><T98/><D98/><U106/><E96/><V103/><F97/><W94/><G64/><T81/><D81/><U18/><E83/><V39/><F103/><W127/><G94/><T99/><D99/><U37/><E106/><V112/><F112/><W79/><G79/><T57/><D57/><N who="3" m="21513" /><G127/><T95/><D95/><U72/><E124/><V65/><F65/><W51/><G51/><T135/><D135/><U115/><E125/><V108/><F35/><W54/><G54/><T88/><D88/><U60/><E89/><V102/><F102/><W82/><G82/><T91/><D91/><U71/><E132/><V12/><F90/><W130/><G130/><T46/><D46/><U62/><E115/><V126/><F126/><W2/><G2/><T13/><AGARI ba="1,1" hai="13,16,20,26,31,33,45,48,53,76,80,85,92,93" machi="13" ten="20,8000,1" yaku="1,1,0,1,7,1,52,1,54,1,53,0" doraHai="73" doraHaiUra="134" who="0" fromWho="0" sc="265,93,193,-21,356,-21,176,-41" owari="358,45.8,172,-22.8,335,13.5,135,-36.5" /></mjloggm>