<mjloggm ver="2.3"><GO type="225" lobby="0"/><UN n0="%E3%81%AA%E3%81%A1%30%39%32%37" n1="%E7%BD%AA%E5%88%91%E6%B3%95%E5%AE%9A%E4%B8%BB%E7%BE%A9" n2="%E3%83%97%E3%83%AC%E3%83%B4%E3%82%A1%E3%83%86%E3%82%A3" n3="%E5%B8%9D%E4%BA%AC%E5%B9%B3%E6%88%90%E5%A4%A7%E5%AD%A6" dan="16,16,16,16" rate="2115.24,2203.40,2139.06,2179.93" sx="M,M,F,M"/><TAIKYOKU oya="0"/><INIT seed="0,0,0,3,4,15" ten="250,250,250,250" oya="0" hai0="31,44,75,111,119,35,21,68,122,5,62,128,14" hai1="120,20,26,72,70,59,89,77,3,92,8,135,117" hai2="78,127,32,110,22,98,0,86,125,79,41,39,64" hai3="108,53,69,10,37,16,40,6,17,116,81,85,115"/><T45/><D119/><U114/><E70/><V18/><F32/><W101/><G116/><T9/><D122/><U118/><E120/><V96/><F0/><W7/><G115/><T82/><D75/><U134/><E114/><V2/><F2/><W24/><G69/><T132/><D82/><N who="1" m="45351" /><E59/><V42/><F64/><W129/><G108/><T105/><D132/><N who="1" m="50731" /><E8/><V61/><F61/><W29/><G129/><T66/><D128/><U51/><E51/><V93/><F110/><W84/><G101/><T46/><D111/><U106/><E106/><V100/><F98/><W65/><G65/><T71/><D71/><U57/><E57/><V60/><F60/><W112/><G112/><T124/><D105/><U28/><E3/><V49/><F39/><W94/><G53/><T131/><D131/><U91/><E91/><V36/><F36/><W95/><G40/><T87/><D87/><AGARI ba="0,0" hai="20,26,28,87,89,92,117,118" m="50731,45351" machi="87" ten="30,1000,0" yaku="20,1" doraHai="15" who="1" fromWho="0" sc="250,-10,250,10,250,0,250,0" /><INIT seed="1,0,0,2,0,31" ten="240,260,250,250" oya="1" hai0="97,135,16,11,99,48,109,127,93,112,105,128,44" hai1="40,101,124,47,20,113,36,114,129,45,38,106,88" hai2="123,56,115,23,9,14,79,92,94,27,125,8,17" hai3="64,60,61,107,133,15,95,51,39,46,108,41,4"/><U86/><E129/><V121/><F115/><W91/><G107/><T6/><D6/><U132/><BYE who="0" /><E124/><UN n0="%E3%81%AA%E3%81%A1%30%39%32%37" /><V118/><F125/><W59/><G108/><T18/><D127/><U103/><E132/><V131/><F118/><W77/><G133/><T126/><D126/><U85/><E20/><V102/><F131/><W42/><G77/><T73/><D73/><U5/><E5/><V30/><F79/><W10/><G61/><T21/><D112/><U111/><E111/><V89/><F8/><W69/><G69/><T55/><D135/><U49/><E85/><V104/><F104/><W0/><G39/><T130/><D109/><U81/><E38/><V82/><F82/><W96/><REACH who="3" step="1"/><G0/><REACH who="3" ten="240,260,250,240" step="2"/><T68/><D68/><U19/><E106/><V116/><F116/><W98/><G98/><T78/><D78/><U29/><E113/><V134/><F134/><W22/><G22/><T67/><D105/><U1/><E1/><V75/><F75/><W32/><G32/><T65/><D99/><U7/><E114/><V120/><F102/><W34/><G34/><T66/><D130/><U63/><E103/><V53/><REACH who="2" step="1"/><F89/><REACH who="2" ten="240,260,240,240" step="2"/><W25/><G25/><N who="0" m="14503" /><D128/><U76/><E101/><V90/><F90/><W80/><G80/><T57/><D93/><U3/><E76/><V70/><F70/><W110/><G110/><T26/><D97/><U122/><E81/><V37/><F37/><W33/><G33/><T87/><D87/><U50/><E86/><V54/><F54/><AGARI ba="0,2" hai="4,10,15,41,42,46,51,54,59,60,64,91,95,96" machi="54" ten="30,7700,0" yaku="1,1,7,1,8,1,53,1" doraHai="31" doraHaiUra="62" who="3" fromWho="2" sc="240,0,260,0,240,-77,240,97" /><INIT seed="2,0,0,4,1,58" ten="240,260,163,337" oya="2" hai0="88,100,72,126,116,8,11,85,30,86,81,15,113" hai1="69,84,89,65,94,130,20,108,17,21,14,40,28" hai2="61,39,66,34,26,29,103,70,111,122,99,16,67" hai3="45,48,19,110,93,25,1,49,83,92,37,78,56"/><V42/><F122/><W123/><G123/><T98/><D113/><U133/><E108/><V135/><F111/><W90/><G1/><T107/><D126/><U77/><E133/><V7/><F135/><W4/><G4/><T41/><D116/><U97/><E130/><V105/><F7/><W121/><G121/><T75/><D30/><U71/><E40/><V55/><F55/><N who="3" m="31847" /><G37/><T117/><D117/><U13/><E65/><V119/><F67/><W104/><G104/><T109/><D109/><U51/><E51/><V22/><F119/><W134/><G78/><T64/><D41/><U131/><E131/><V80/><F80/><W47/><G47/><T96/><D96/><U54/><E54/><V112/><F42/><W50/><G50/><T10/><D15/><U76/><E71/><V36/><F112/><W43/><G134/><T0/><D0/><U128/><E69/><V62/><F62/><W38/><G38/><T127/><D127/><U95/><E128/><V124/><F124/><W44/><G44/><T132/><D132/><U125/><E125/><V63/><F63/><W102/><G102/><T60/><REACH who="0" step="1"/><D86/><REACH who="0" ten="230,260,163,337" step="2"/><U79/><E28/><V87/><F87/><N who="3" m="50559" /><G110/><T118/><D118/><U68/><E13/><AGARI ba="0,1" hai="13,16,22,26,29,34,36,39,61,66,70,99,103,105" machi="13" ten="30,12000,1" yaku="7,1,25,2,52,1,54,1" doraHai="58" who="2" fromWho="1" sc="230,0,260,-120,163,130,337,0" /><INIT seed="2,1,0,4,0,108" ten="230,140,293,337" oya="2" hai0="123,126,130,106,61,19,6,40,116,70,134,95,46" hai1="71,20,64,93,53,132,103,32,101,128,79,83,87" hai2="88,119,56,84,69,74,96,44,112,105,28,86,97" hai3="34,133,38,124,13,25,114,49,121,31,23,17,68"/><V14/><F69/><W110/><G38/><T10/><D95/><U66/><E32/><V57/><F119/><W91/><G68/><T30/><D19/><U36/><E36/><V67/><F74/><W113/><G121/><T33/><D123/><U129/><E53/><V22/><F105/><W50/><G110/><T99/><D134/><U3/><E3/><V37/><F86/><W58/><G133/><T107/><D130/><U115/><E132/><V127/><F127/><W76/><G124/><T26/><D99/><U51/><E51/><V47/><F112/><N who="3" m="43115" /><G76/><T72/><D72/><U82/><E20/><V81/><F37/><W29/><G29/><T90/><D116/><U39/><E39/><V122/><F122/><W75/><G75/><T45/><D30/><U52/><E52/><V111/><F111/><W104/><G104/><T85/><D107/><U43/><E115/><V100/><F97/><W117/><G117/><T63/><D106/><U109/><E109/><V73/><F73/><W27/><G27/><T11/><D26/><U125/><E125/><V102/><F96/><W120/><G120/><T135/><D70/><U80/><E71/><V48/><F28/><W131/><G131/><N who="1" m="50250" /><E43/><N who="2" m="24607" /><F47/><W15/><G58/><N who="2" m="22633" /><F67/><W78/><G78/><T59/><D59/><U2/><E64/><V16/><AGARI ba="1,0" hai="14,16,22,81,84,88,100,102" m="22633,24607" machi="16" ten="30,6000,0" yaku="8,1,54,2" doraHai="108" who="2" fromWho="2" sc="230,-21,140,-21,293,63,337,-21" /><INIT seed="2,2,0,5,3,17" ten="209,119,356,316" oya="2" hai0="15,132,47,4,61,97,84,53,21,122,62,88,36" hai1="8,104,18,50,27,52,129,131,44,101,28,11,116" hai2="7,2,65,63,93,102,9,73,79,23,56,121,134" hai3="38,67,124,39,49,24,90,54,13,115,48,71,105"/><V99/><F121/><W111/><G105/><T123/><D132/><U83/><E116/><V33/><F33/><W46/><G111/><T95/><D36/><U19/><E104/><V66/><F134/><W103/><G103/><T31/><D123/><U10/><E101/><V126/><F126/><W87/><G124/><T6/><D122/><U22/><REACH who="1" step="1"/><E83/><REACH who="1" ten="209,109,356,316" step="2"/><V34/><F34/><W114/><G115/><T58/><D47/><U77/><E77/><V78/><F73/><W117/><G46/><T1/><D1/><U16/><AGARI ba="2,1" hai="8,10,11,16,18,19,22,27,28,44,50,52,129,131" machi="16" ten="40,8000,1" yaku="1,1,0,1,52,1,54,2,53,0" doraHai="17" doraHaiUra="74" who="1" fromWho="1" sc="209,-22,109,96,356,-42,316,-22" /><INIT seed="3,0,0,4,1,20" ten="187,205,314,294" oya="3" hai0="4,74,42,47,76,104,28,40,23,15,39,96,126" hai1="63,128,123,31,93,7,112,51,95,132,36,32,88" hai2="105,102,71,2,66,80,10,83,62,60,55,46,98" hai3="59,25,107,90,12,101,29,14,127,72,75,122,45"/><W34/><G122/><T3/><D15/><U48/><E36/><V97/><F97/><W116/><G116/><T114/><D42/><U50/><E112/><V121/><F121/><W91/><G127/><T118/><D126/><U16/><E123/><V1/><F46/><W81/><G59/><T115/><D118/><U110/><E95/><V77/><F80/><W70/><G70/><T117/><D117/><U87/><E7/><V103/><F103/><W19/><G12/><T5/><D96/><U58/><E110/><V9/><F55/><W17/><G17/><T41/><D41/><U22/><E132/><V21/><F62/><W61/><G61/><T84/><D84/><U113/><E128/><V92/><F92/><W79/><G75/><T44/><D44/><U73/><E73/><V27/><F1/><W133/><G133/><T111/><D104/><U131/><E131/><V78/><F2/><W69/><G69/><T99/><D99/><U108/><E113/><N who="0" m="43017" /><D3/><U85/><E108/><V43/><F43/><W33/><G33/><T134/><D134/><U24/><E87/><V125/><F125/><W124/><G124/><T64/><D64/><N who="1" m="39031" /><E32/><V56/><F71/><W54/><G107/><T109/><D111/><U49/><N who="1" m="12288" /><DORA hai="82" /><U13/><E13/><V68/><F68/><W86/><G86/><T8/><D8/><N who="2" m="3178" /><F83/><W130/><G130/><T37/><D37/><U57/><E57/><V120/><F120/><W129/><G129/><T135/><D135/><U94/><E94/><V67/><F67/><W65/><G65/><T89/><D109/><U119/><E119/><RYUUKYOKU ba="0,0" sc="187,-15,205,15,314,15,294,-15" hai1="16,22,24,31,85,88,93" hai2="21,27,56,60,66,77,78,98,102,105" owari="172,-32.8,220,-18.0,329,42.9,279,7.9" /></mjloggm>