<mjloggm ver="2.3"><GO type="225" lobby="0"/><UN n0="%E3%82%B2%E3%82%B9%E8%8C%82%E5%8B%9D" n1="%E3%81%BE%E3%81%A8%E3%81%9F" n2="%E5%B8%86%E7%AB%8B%E5%A4%8F%E8%A1%A3" n3="%E7%89%B9%E6%9D%B1%E3%81%AF%E4%B8%96%E7%95%8C%E3%82%92%E6%95%91%E3%81%86" dan="16,17,16,16" rate="2104.91,2215.54,2148.04,2181.79" sx="F,M,M,M"/><TAIKYOKU oya="0"/><INIT seed="0,0,0,3,3,72" ten="250,250,250,250" oya="0" hai0="77,96,51,44,135,10,50,75,87,128,6,60,12" hai1="67,4,13,34,133,106,2,121,25,131,86,61,31" hai2="57,88,21,47,98,63,105,113,19,52,11,29,65" hai3="20,114,23,32,3,107,90,124,125,127,66,117,116"/><T26/><D135/><U118/><E106/><V30/><F113/><W58/><G107/><T43/><D128/><U46/><E118/><N who="3" m="45674" /><G90/><T112/><D112/><U123/><E131/><V38/><F11/><W91/><G114/><T41/><D75/><U71/><E133/><V28/><F38/><W92/><G32/><T42/><D96/><U15/><E15/><V81/><F105/><W85/><G3/><T8/><D26/><U9/><E46/><V104/><F104/><W122/><G122/><T59/><D8/><U45/><E45/><V69/><F69/><W7/><G7/><T36/><D51/><U129/><E129/><V70/><F70/><W56/><G66/><T68/><D68/><U83/><REACH who="1" step="1"/><E2/><REACH who="1" ten="250,240,250,250" step="2"/><V120/><F47/><W126/><G127/><T132/><D132/><U111/><E111/><V0/><F0/><W49/><G126/><T1/><D1/><U82/><E82/><V134/><F134/><W39/><G125/><T53/><D36/><U115/><E115/><V79/><F120/><W89/><G124/><T110/><D110/><U130/><E130/><V62/><F81/><AGARI ba="0,1" hai="6,10,12,41,42,43,44,50,53,59,60,77,81,87" machi="81" ten="40,12000,1" yaku="25,2,8,1,52,1" doraHai="72" who="0" fromWho="2" sc="250,130,240,0,250,-120,250,0" /><INIT seed="0,1,0,3,0,101" ten="380,240,130,250" oya="0" hai0="14,56,129,98,1,120,99,95,94,67,115,125,38" hai1="29,22,74,85,11,40,60,109,108,78,102,30,54" hai2="5,18,46,12,72,104,66,51,117,65,25,70,34" hai3="21,90,128,59,130,87,0,80,17,116,126,91,68"/><T88/><D125/><U134/><E74/><V44/><F72/><W133/><G68/><T64/><D129/><N who="3" m="49769" /><G116/><T127/><D127/><U73/><E73/><V71/><F117/><W53/><G0/><T39/><D120/><U105/><E40/><V123/><F123/><W35/><G35/><T121/><D121/><U57/><E134/><V119/><F119/><W75/><G75/><T96/><D1/><U36/><E36/><V7/><F34/><W69/><G69/><T8/><D115/><U37/><E37/><V49/><F12/><N who="3" m="9383" /><G133/><T82/><D82/><N who="1" m="47319" /><E22/><V110/><F18/><W48/><G126/><T24/><D24/><U107/><E102/><V58/><F58/><W61/><G61/><T118/><D118/><U63/><E11/><V111/><REACH who="2" step="1"/><F25/><REACH who="2" ten="380,240,120,250" step="2"/><W114/><G114/><T106/><D14/><U50/><E29/><V3/><F3/><W32/><G32/><T131/><D131/><U124/><E30/><V103/><F103/><W76/><AGARI ba="1,1" hai="48,53,59,76,80,87,90,91" m="9383,49769" machi="76" ten="30,1100,0" yaku="19,1" doraHai="101" who="3" fromWho="3" sc="380,-6,240,-4,120,-4,250,24" /><INIT seed="1,0,0,0,5,61" ten="374,236,116,274" oya="1" hai0="100,114,12,75,16,90,54,68,36,112,19,56,130" hai1="79,5,7,8,74,84,127,95,6,33,78,18,70" hai2="132,26,81,25,44,107,83,37,118,20,42,2,17" hai3="67,77,93,46,120,71,10,73,60,119,38,48,135"/><U65/><E33/><V92/><F132/><W41/><G120/><T52/><D130/><U115/><E115/><V86/><F118/><W122/><G122/><T125/><D125/><U14/><E127/><V104/><F2/><W32/><G32/><T116/><D68/><U109/><E109/><V64/><F83/><W24/><G135/><T51/><D36/><U69/><E69/><V94/><F107/><W29/><G119/><T34/><D34/><U97/><E84/><V22/><F104/><W53/><G10/><T133/><D133/><U82/><E78/><V121/><F121/><W58/><G93/><T96/><D75/><U131/><E131/><V40/><F40/><W21/><G77/><T55/><D116/><U1/><E70/><V11/><F11/><W50/><REACH who="3" step="1"/><G73/><REACH who="3" ten="374,236,116,264" step="2"/><T4/><D112/><U23/><REACH who="1" step="1"/><E65/><REACH who="1" ten="374,226,116,264" step="2"/><V66/><F94/><W43/><G43/><T87/><D114/><U9/><E9/><V117/><F92/><W98/><G98/><T102/><D96/><U123/><E123/><V31/><REACH who="2" step="1"/><F117/><REACH who="2" ten="374,226,106,264" step="2"/><W35/><G35/><T103/><D87/><U28/><E28/><V76/><AGARI ba="0,3" hai="17,20,22,25,26,31,37,42,44,64,66,76,81,86" machi="76" ten="20,12000,2" yaku="1,1,2,1,0,1,7,1,52,2,53,0" doraHai="61" doraHaiUra="0" who="2" fromWho="2" sc="374,-30,226,-60,106,150,264,-30" /><INIT seed="2,0,0,2,4,118" ten="344,166,256,234" oya="2" hai0="112,119,2,46,70,133,37,16,92,53,6,93,30" hai1="100,24,62,108,129,35,101,114,52,4,57,65,59" hai2="82,55,96,74,11,71,79,80,36,67,58,63,3" hai3="39,56,83,64,68,128,110,23,41,15,135,72,117"/><V66/><F36/><W32/><G117/><T47/><D70/><U49/><E114/><V124/><F124/><W123/><G32/><T20/><D30/><U7/><E108/><V61/><F80/><W132/><G68/><T26/><D133/><U69/><E129/><V120/><F67/><W5/><G110/><T107/><D112/><U76/><E76/><V94/><F11/><W105/><G105/><T88/><D107/><U40/><E40/><V130/><F3/><W31/><G31/><T21/><D21/><U103/><E35/><V121/><REACH who="2" step="1"/><F130/><REACH who="2" ten="344,166,246,234" step="2"/><W0/><G0/><T97/><D119/><U95/><E69/><V104/><F104/><W78/><G128/><T127/><D127/><U122/><E122/><V99/><F99/><W87/><G39/><T50/><D37/><U113/><E113/><V90/><AGARI ba="0,1" hai="55,58,61,63,66,71,74,79,82,90,94,96,120,121" machi="90" ten="20,12000,1" yaku="1,1,0,1,7,1,52,2,53,0" doraHai="118" doraHaiUra="45" who="2" fromWho="2" sc="344,-40,166,-40,246,130,234,-40" /><INIT seed="2,1,0,2,5,75" ten="304,126,376,194" oya="2" hai0="102,18,19,3,49,122,39,60,54,111,16,109,119" hai1="26,120,43,125,82,1,56,50,80,9,34,37,134" hai2="28,48,98,100,88,123,94,59,7,46,89,114,27" hai3="36,33,90,42,24,45,31,92,131,128,93,124,15"/><V86/><F114/><W132/><G132/><T77/><D122/><U130/><E134/><V21/><F123/><W101/><G124/><T47/><D119/><U76/><E125/><V106/><F7/><W62/><G101/><T78/><D3/><U103/><E130/><N who="3" m="49706" /><G90/><T127/><D127/><U30/><E120/><V72/><F72/><W97/><G97/><T68/><D39/><U83/><E37/><V10/><F10/><W84/><G84/><T64/><REACH who="0" step="1"/><D102/><REACH who="0" ten="294,126,376,194" step="2"/><U32/><E32/><V115/><F115/><W121/><G121/><T69/><D69/><U4/><E103/><V107/><F100/><W38/><G38/><T96/><D96/><U112/><E112/><V110/><F110/><AGARI ba="1,1" hai="16,18,19,47,49,54,60,64,68,77,78,109,110,111" machi="110" ten="40,8000,1" yaku="1,1,14,1,52,2,54,1,53,0" doraHai="75" doraHaiUra="117" who="0" fromWho="2" sc="294,93,126,0,376,-83,194,0" /><INIT seed="3,0,0,3,4,115" ten="387,126,293,194" oya="3" hai0="107,128,43,67,20,27,16,125,75,38,28,76,98" hai1="17,64,1,7,126,49,81,78,92,22,110,24,63" hai2="103,46,135,60,13,2,89,70,69,12,100,127,23" hai3="101,19,93,114,86,129,53,4,42,106,85,51,30"/><W68/><G114/><T44/><D125/><U56/><E110/><V77/><F127/><W18/><G68/><T5/><D128/><U61/><E126/><V121/><F2/><W6/><G106/><T31/><D5/><U74/><E49/><V21/><F77/><W132/><G132/><T109/><D109/><U52/><E92/><V123/><F46/><W91/><G42/><T37/><D37/><U9/><REACH who="1" step="1"/><E64/><REACH who="1" ten="387,116,293,194" step="2"/><V58/><F135/><W120/><G93/><T45/><D67/><U112/><E112/><V113/><F113/><W66/><G51/><T26/><D45/><U39/><E39/><V122/><F122/><W118/><G66/><T130/><D130/><U108/><E108/><V65/><F65/><W59/><G120/><T50/><D38/><U8/><E8/><V48/><F48/><W96/><G129/><T88/><D27/><U79/><E79/><V36/><F36/><W33/><G53/><T0/><D0/><U71/><E71/><V34/><F70/><W40/><G40/><T47/><D44/><U73/><E73/><V131/><F69/><W83/><G101/><T25/><D25/><U57/><E57/><V82/><F58/><W11/><G59/><T99/><D99/><U102/><E102/><V105/><F131/><W111/><G96/><T104/><D104/><U90/><E90/><V32/><F105/><W14/><G91/><T55/><D43/><U95/><E95/><V117/><F89/><W72/><G111/><T15/><D26/><U134/><E134/><V35/><F123/><W10/><G72/><T84/><D107/><RYUUKYOKU ba="0,1" sc="387,-10,116,30,293,-10,194,-10" hai1="1,7,9,17,22,24,52,56,61,63,74,78,81" owari="387,48.7,146,-35.4,283,8.3,184,-21.6" /></mjloggm>