<mjloggm ver="2.3"><GO type="225" lobby="0"/><UN n0="%E5%B0%8F%E9%B3%A5%E9%81%8A%E7%B7%B4%E7%84%A1%32%31%E6%AD%B3" n1="%E7%99%BD%E5%92%B2%E8%8A%B1%E3%81%A1%E3%82%83%E3%82%93" n2="%48%61%61%61%6C%61%6E%64" n3="%6D%75%75%6D%75%72%61" dan="16,16,18,16" rate="2185.40,2095.73,2177.42,2123.63" sx="F,F,M,F"/><TAIKYOKU oya="0"/><INIT seed="0,0,0,3,0,64" ten="250,250,250,250" oya="0" hai0="89,36,16,56,88,75,29,52,65,54,127,103,114" hai1="11,97,109,72,44,83,131,87,134,120,95,90,21" hai2="38,3,93,71,111,125,77,59,24,9,15,76,73" hai3="6,118,58,110,126,30,105,45,62,39,82,86,106"/><T57/><D36/><U135/><E120/><V98/><F111/><W68/><G118/><T5/><D75/><U63/><E109/><V19/><F125/><W0/><G110/><T31/><D114/><U10/><E131/><V33/><F38/><W25/><G126/><T78/><D127/><U53/><E72/><V14/><F71/><W101/><G6/><T43/><D5/><U34/><E34/><V112/><F3/><W102/><G0/><T96/><D78/><U61/><E21/><V28/><F112/><W124/><G124/><T8/><D43/><U26/><E26/><V69/><F69/><W70/><G102/><T35/><D65/><U60/><E44/><V13/><F59/><N who="0" m="22602" /><D35/><U7/><E53/><N who="0" m="20585" /><D103/><U123/><E123/><V117/><F117/><W115/><G115/><T122/><D122/><U27/><E27/><V22/><F73/><W133/><G133/><N who="1" m="50698" /><E7/><V121/><F121/><W4/><G4/><T113/><D113/><U23/><E23/><V1/><F1/><W108/><G108/><T50/><D50/><U55/><E55/><V129/><F33/><W66/><G45/><T100/><D100/><AGARI ba="0,0" hai="10,11,60,61,63,83,87,90,95,97,100" m="50698" machi="100" ten="30,1000,0" yaku="20,1" doraHai="64" who="1" fromWho="0" sc="250,-10,250,10,250,0,250,0" /><INIT seed="1,0,0,4,2,105" ten="240,260,250,250" oya="1" hai0="85,72,65,86,36,119,131,13,3,53,54,71,111" hai1="102,35,80,29,133,106,11,101,83,112,121,46,63" hai2="94,73,37,118,92,40,79,57,100,135,123,38,39" hai3="24,22,74,18,28,47,98,2,66,31,42,32,125"/><U23/><E112/><V117/><F123/><W44/><G125/><T26/><D119/><U25/><E121/><V93/><F135/><W41/><G2/><T30/><D3/><U82/><E133/><V108/><F108/><W75/><G66/><T89/><D36/><U0/><E106/><V17/><F40/><W130/><G98/><T51/><D131/><U99/><E99/><V20/><F100/><W126/><G130/><T12/><D111/><U33/><E46/><V78/><F57/><W64/><G64/><T116/><D65/><U77/><E77/><V60/><F60/><W124/><G18/><T84/><D71/><U19/><E63/><V27/><REACH who="2" step="1"/><F78/><REACH who="2" ten="240,260,240,250" step="2"/><W129/><G129/><T87/><D116/><U34/><E0/><V104/><F104/><W88/><G124/><T45/><D54/><U49/><E102/><V96/><F96/><W62/><G126/><T81/><REACH who="0" step="1"/><D72/><REACH who="0" ten="230,260,240,250" step="2"/><U132/><E132/><V56/><F56/><W8/><G74/><T110/><D110/><U67/><E67/><V52/><F52/><W122/><G75/><T50/><D50/><U59/><E49/><V76/><F76/><W90/><G42/><T114/><D114/><U7/><E59/><V5/><F5/><W70/><G41/><T16/><D16/><U128/><E7/><V120/><F120/><W115/><G122/><T48/><D48/><U97/><E128/><V95/><N who="2" m="23552" /><DORA hai="6" /><V15/><F15/><W61/><G115/><T9/><D9/><U14/><E97/><V109/><F109/><W1/><G8/><T10/><D10/><U4/><E4/><RYUUKYOKU ba="0,2" sc="230,10,260,10,240,10,250,-30" hai0="12,13,26,30,45,51,53,81,84,85,86,87,89" hai1="11,14,19,23,25,29,33,34,35,80,82,83,101" hai2="17,20,27,37,38,39,73,79,117,118" /><INIT seed="1,1,2,3,3,97" ten="240,270,250,220" oya="1" hai0="17,102,128,119,53,84,89,67,88,16,68,26,118" hai1="31,69,124,71,2,45,127,15,82,46,40,91,130" hai2="21,66,120,75,98,54,52,4,116,123,104,83,105" hai3="101,87,122,125,35,62,51,95,133,99,19,110,117"/><U63/><E2/><V106/><F116/><W42/><G122/><T112/><D112/><U18/><E130/><V58/><F66/><W111/><G117/><T79/><D128/><U90/><E31/><V81/><F4/><W41/><G125/><N who="1" m="48202" /><E46/><V126/><F126/><W3/><G133/><T0/><D0/><U115/><E115/><V10/><F10/><W43/><G3/><T56/><D119/><U38/><E63/><V22/><F98/><W23/><G35/><T30/><D67/><U92/><E82/><N who="2" m="31243" /><F58/><W47/><G62/><T121/><D79/><U107/><E107/><V48/><F48/><W24/><REACH who="3" step="1"/><G87/><REACH who="3" ten="240,270,250,210" step="2"/><T129/><D118/><U86/><E90/><V100/><F123/><W55/><AGARI ba="1,3" hai="19,23,24,41,42,43,47,51,55,95,99,101,110,111" machi="55" ten="30,8000,1" yaku="1,1,2,1,0,1,52,1,53,1" doraHai="97" doraHaiUra="44" who="3" fromWho="3" sc="240,-21,270,-41,250,-21,210,113" /><INIT seed="2,0,0,4,4,28" ten="219,229,229,323" oya="2" hai0="12,53,24,71,131,59,14,78,95,96,30,68,126" hai1="117,42,132,7,43,10,56,41,89,40,1,17,125" hai2="20,115,0,90,75,13,36,33,128,130,49,70,118" hai3="48,60,65,102,21,124,135,84,113,34,47,110,121"/><V25/><F115/><W26/><G121/><T27/><D131/><N who="2" m="50218" /><F118/><W2/><G110/><T129/><D129/><U92/><E117/><V31/><F36/><W37/><G124/><T109/><D109/><U11/><E125/><V74/><F0/><W46/><G135/><T73/><D126/><U63/><E132/><V18/><F70/><W57/><G2/><T122/><D24/><U119/><E119/><V106/><F106/><W79/><G37/><T107/><D107/><U105/><E105/><V72/><F49/><W16/><G102/><T114/><D114/><U80/><E80/><V44/><F44/><W91/><G79/><T103/><D122/><U9/><N who="1" m="10240" /><DORA hai="62" /><U29/><E17/><V69/><F69/><W4/><G4/><T51/><D71/><U35/><E35/><N who="2" m="20975" /><F90/><W55/><G34/><AGARI ba="0,0" hai="13,18,20,33,34,72,74,75" m="20975,50218" machi="34" ten="40,12000,1" yaku="19,1,52,3" doraHai="28,62" who="2" fromWho="3" sc="219,0,229,0,229,120,323,-120" /><INIT seed="2,1,0,5,0,23" ten="219,229,349,203" oya="2" hai0="70,118,37,3,87,26,91,15,121,35,106,103,126" hai1="32,51,41,93,81,117,102,42,28,25,34,69,73" hai2="14,133,113,135,79,105,85,122,68,4,5,48,24" hai3="67,114,20,84,2,7,65,61,11,46,9,54,18"/><V123/><F113/><W77/><G114/><T21/><D3/><U53/><E117/><V130/><F105/><W116/><G116/><T100/><D121/><U31/><E69/><V131/><F68/><W16/><G77/><T86/><D37/><U134/><E134/><N who="2" m="51211" /><F48/><W63/><G84/><T66/><D126/><U40/><E93/><V30/><F85/><W127/><G127/><T52/><D86/><U58/><E102/><V74/><F79/><W129/><G129/><N who="2" m="49161" /><F74/><W71/><G11/><T94/><D106/><U76/><REACH who="1" step="1"/><E31/><REACH who="1" ten="219,219,349,203" step="2"/><V60/><F30/><W80/><G80/><T96/><D103/><U101/><E101/><V88/><F122/><W75/><G75/><T124/><D118/><U78/><E78/><V92/><F92/><W49/><REACH who="3" step="1"/><G20/><AGARI ba="1,1" hai="20,25,28,32,34,40,41,42,51,53,58,73,76,81" machi="20" ten="40,2600,0" yaku="1,1,52,1,53,0" doraHai="23" doraHaiUra="111" who="1" fromWho="3" sc="219,0,219,39,349,0,203,-29" /><INIT seed="3,0,0,2,5,3" ten="219,258,349,174" oya="3" hai0="129,19,125,83,135,20,60,21,52,39,47,79,23" hai1="133,15,5,90,87,36,63,31,41,4,14,40,11" hai2="2,88,112,44,116,82,69,18,84,130,121,117,50" hai3="46,53,74,29,65,37,7,6,100,126,45,67,62"/><W93/><G126/><T86/><D125/><U80/><E133/><V16/><F112/><W98/><G74/><T71/><D129/><U103/><E103/><V107/><F130/><W108/><G108/><T105/><D105/><U118/><E118/><V34/><F107/><W30/><G37/><T78/><D135/><U9/><E36/><V92/><F69/><W38/><G38/><T76/><D19/><U28/><E63/><V57/><F2/><W10/><G10/><T48/><REACH who="0" step="1"/><D39/><REACH who="0" ten="209,258,349,174" step="2"/><U59/><E59/><V56/><F57/><N who="3" m="35119" /><G46/><T104/><D104/><U120/><E120/><V109/><F121/><W134/><G45/><T122/><D122/><U42/><AGARI ba="0,1" hai="4,5,9,11,14,15,28,31,40,41,42,80,87,90" machi="42" ten="30,8000,1" yaku="0,1,9,1,8,1,52,2" doraHai="3" who="1" fromWho="1" sc="209,-20,258,90,349,-20,174,-40" owari="189,-21.1,348,44.8,329,12.9,134,-36.6" /></mjloggm>