<mjloggm ver="2.3"><GO type="225" lobby="0"/><UN n0="%61%69%73%79%6F" n1="%E3%82%BC%E3%83%AB%E3%83%80%E3%81%AE%E4%BC%9D%E8%AA%AC" n2="%E4%B8%AD%E5%B9%B4%E3%81%AE%E5%8D%B1%E6%A9%9F" n3="%E3%83%B4%E3%83%A0%EF%BC%99%E3%81%A6" dan="17,16,17,17" rate="2160.47,2149.96,2212.49,2241.48" sx="M,M,M,M"/><TAIKYOKU oya="0"/><INIT seed="0,0,0,2,1,120" ten="250,250,250,250" oya="0" hai0="67,26,46,103,81,35,125,28,95,76,31,84,135" hai1="75,128,15,16,22,82,118,126,13,133,23,115,110" hai2="79,6,9,65,64,109,44,74,66,134,91,69,101" hai3="61,56,70,93,122,45,38,33,4,1,127,29,116"/><T57/><D135/><U17/><E118/><V80/><F134/><W72/><G116/><T112/><D112/><U5/><E133/><V53/><F91/><W88/><G70/><T123/><D123/><U0/><E115/><V77/><F77/><W58/><G72/><T40/><D125/><U86/><E126/><V32/><F32/><W105/><G105/><T117/><D117/><U73/><E110/><V68/><F101/><W124/><G122/><T7/><D7/><U24/><E128/><V131/><F109/><W119/><G119/><T50/><D31/><U11/><REACH who="1" step="1"/><E24/><REACH who="1" ten="250,240,250,250" step="2"/><V62/><F131/><W48/><G124/><T37/><D103/><U108/><E108/><V107/><F107/><W19/><G127/><T90/><D67/><U71/><E71/><V34/><F68/><W25/><G25/><T12/><D12/><U47/><E47/><V39/><F34/><W36/><G45/><T94/><REACH who="0" step="1"/><D90/><AGARI ba="0,1" hai="0,5,11,13,15,16,17,22,23,73,75,82,86,90" machi="90" ten="30,8000,1" yaku="1,1,7,1,9,1,54,1,53,1" doraHai="120" doraHaiUra="3" who="1" fromWho="0" sc="250,-80,240,90,250,0,250,0" /><INIT seed="1,0,0,2,0,27" ten="170,330,250,250" oya="1" hai0="111,36,132,81,55,127,64,98,74,45,84,67,78" hai1="82,107,87,51,92,32,90,10,22,104,59,83,47" hai2="4,106,110,130,80,96,48,122,108,37,89,60,28" hai3="54,56,75,15,9,40,35,88,1,115,19,14,24"/><U103/><E32/><V20/><F37/><W113/><G75/><T79/><D132/><U135/><E135/><V26/><F122/><W109/><G109/><N who="2" m="42089" /><F130/><W66/><G66/><T18/><D111/><U120/><E120/><V68/><F4/><W102/><G102/><T8/><D127/><U91/><E10/><V21/><F48/><W112/><G40/><T57/><D98/><N who="1" m="59847" /><E22/><N who="2" m="15447" /><F106/><N who="1" m="40489" /><E59/><V69/><F96/><W58/><G1/><T85/><D78/><N who="1" m="46551" /><E51/><V121/><F121/><W2/><G2/><T11/><D67/><U43/><E47/><V23/><F60/><W7/><G56/><T3/><D11/><U93/><E43/><V118/><F118/><W13/><G58/><T31/><D64/><U34/><E34/><V72/><F69/><W114/><G114/><T30/><D57/><U116/><E116/><V41/><F41/><W99/><G54/><T100/><D100/><U73/><E93/><V12/><F68/><W126/><G7/><N who="0" m="1151" /><D55/><U49/><E49/><V44/><F44/><W50/><G50/><T0/><D18/><U62/><E62/><V133/><F133/><W94/><G126/><T125/><D125/><U70/><E70/><V16/><F16/><W76/><G35/><T123/><D0/><U33/><E33/><V119/><F12/><N who="3" m="4715" /><G24/><T17/><D17/><U101/><E101/><V128/><F119/><W42/><G42/><N who="0" m="22727" /><D123/><U86/><E86/><AGARI ba="0,0" hai="30,31,74,79,81,84,85,86" m="22727,1151" machi="86" ten="30,3900,0" yaku="25,1,52,2" doraHai="27" who="0" fromWho="1" sc="170,39,330,-39,250,0,250,0" /><INIT seed="2,0,0,4,4,105" ten="209,291,250,250" oya="2" hai0="75,106,57,130,117,23,67,33,16,39,122,103,51" hai1="11,3,26,4,15,120,74,69,20,45,129,48,118" hai2="30,135,116,96,18,62,58,36,28,109,27,91,115" hai3="127,134,131,110,125,32,87,35,8,64,46,65,50"/><V54/><F116/><W12/><G110/><T133/><D122/><U83/><E118/><V60/><F115/><W14/><G134/><T5/><D117/><U70/><E120/><V78/><F36/><W73/><G87/><T114/><D39/><U108/><E108/><V7/><F109/><W81/><G131/><T111/><D33/><U104/><E104/><V29/><F135/><W88/><G32/><T6/><D133/><U121/><E121/><V132/><F132/><W126/><G35/><T128/><D114/><U71/><E129/><N who="0" m="49769" /><D111/><U10/><E83/><V66/><F7/><N who="0" m="2570" /><D106/><U56/><E56/><V89/><F78/><N who="3" m="44239" /><G8/><T93/><D103/><U94/><E11/><V52/><F96/><W77/><G77/><T55/><D93/><U82/><E94/><V59/><F66/><N who="3" m="25707" /><G88/><N who="2" m="33865" /><F18/><W85/><G85/><T0/><D67/><U21/><E3/><V61/><F27/><W95/><G95/><T80/><D80/><U41/><REACH who="1" step="1"/><E26/><REACH who="1" ten="209,281,250,250" step="2"/><V84/><F84/><W63/><G125/><T99/><D99/><U38/><E38/><V37/><F37/><W19/><G126/><T72/><D0/><U34/><E34/><V113/><F113/><W17/><G127/><T25/><AGARI ba="0,1" hai="16,23,25,51,55,57,72,75" m="2570,49769" machi="25" ten="30,7900,0" yaku="19,1,52,2,54,1" doraHai="105" who="0" fromWho="0" sc="209,89,281,-20,250,-39,250,-20" /><INIT seed="3,0,0,2,4,71" ten="298,261,211,230" oya="3" hai0="91,108,120,52,88,19,41,3,37,104,1,46,96" hai1="117,65,0,131,61,30,114,15,90,83,129,49,115" hai2="22,72,112,98,99,130,93,81,56,43,78,118,132" hai3="23,35,67,69,94,44,64,53,119,5,59,16,18"/><W63/><G119/><T110/><D120/><U86/><E0/><N who="0" m="73" /><D52/><U113/><E30/><V27/><F118/><W36/><G35/><T125/><D19/><U68/><E117/><V135/><F112/><W106/><G106/><T62/><D62/><U80/><E15/><V54/><F43/><N who="3" m="22631" /><G64/><T58/><D58/><U73/><E49/><V31/><F130/><N who="1" m="49673" /><E73/><V85/><F72/><W60/><G60/><T75/><D75/><U32/><E80/><V111/><F111/><N who="0" m="42538" /><D125/><U9/><E9/><V109/><F109/><W45/><G63/><T100/><AGARI ba="0,0" hai="37,41,46,88,91,96,100,104" m="42538,73" machi="100" ten="40,5200,0" yaku="14,1,52,1,54,1" doraHai="71" who="0" fromWho="0" sc="298,52,261,-13,211,-13,230,-26" owari="350,45.0,248,4.8,198,-30.2,204,-19.6" /></mjloggm>