<mjloggm ver="2.3"><GO type="225" lobby="0"/><UN n0="%E6%A1%9C%E8%8A%B1%E9%96%83%E3%80%85" n1="%E3%81%A4%E3%81%A3%E3%81%B1%E3%82%8A%E3%83%9D%E3%83%BC%E3%83%AB" n2="%E6%81%A5%E6%99%92%E3%81%97" n3="%70%6E%64%73%6E%67" dan="16,17,16,16" rate="2209.07,2237.17,2082.92,2117.95" sx="M,M,M,M"/><TAIKYOKU oya="0"/><INIT seed="0,0,0,3,3,11" ten="250,250,250,250" oya="0" hai0="25,116,34,95,77,28,105,101,18,22,76,42,2" hai1="123,74,114,31,102,104,92,118,113,26,36,62,91" hai2="49,97,73,57,89,111,15,96,17,4,1,72,41" hai3="35,107,38,117,69,132,121,83,23,109,5,19,79"/><T51/><D116/><U125/><E118/><V99/><F111/><W67/><G107/><T130/><D105/><U43/><E123/><V82/><F1/><W78/><G35/><T90/><D101/><U40/><E125/><V20/><F4/><W3/><G38/><T64/><D130/><U127/><E127/><V135/><F135/><W32/><G32/><T126/><D2/><U88/><E74/><V94/><F73/><W48/><G79/><T112/><D112/><N who="1" m="43115" /><E104/><V8/><F72/><W10/><G109/><T21/><D64/><U68/><E102/><N who="2" m="60695" /><F8/><W46/><G132/><T27/><D34/><N who="1" m="20855" /><E36/><V45/><F57/><W60/><G121/><T85/><REACH who="0" step="1"/><D126/><REACH who="0" ten="240,250,250,250" step="2"/><U110/><E110/><V134/><F134/><W33/><G117/><T53/><D53/><U0/><E0/><V65/><F65/><W87/><G33/><T30/><D30/><U106/><E106/><V86/><AGARI ba="0,1" hai="15,17,20,41,45,49,82,86,89,97,99" m="60695" machi="86" ten="30,2000,0" yaku="8,1,52,1" doraHai="11" who="2" fromWho="2" sc="240,-10,250,-5,250,30,250,-5" /><INIT seed="1,0,0,1,0,127" ten="230,245,280,245" oya="1" hai0="70,81,55,68,51,42,102,60,56,20,18,118,89" hai1="90,124,74,108,10,116,32,25,113,132,103,34,83" hai2="135,64,85,23,37,86,134,2,13,9,107,63,7" hai3="8,19,133,29,99,123,79,69,53,114,96,38,33"/><U3/><E116/><V92/><F107/><W27/><G114/><T24/><D118/><U125/><E113/><V44/><F2/><W43/><G123/><T76/><D102/><U78/><E132/><N who="2" m="50731" /><F92/><W21/><G69/><T106/><D106/><U46/><E103/><V41/><F23/><W1/><G133/><T4/><D4/><N who="1" m="1311" /><E90/><V45/><F45/><W104/><G104/><T6/><D6/><U129/><E108/><V28/><F28/><W71/><G71/><AGARI ba="0,0" hai="7,9,13,37,41,44,63,64,71,85,86" m="50731" machi="71" ten="30,1000,0" yaku="20,1" doraHai="127" who="2" fromWho="3" sc="230,0,245,0,280,10,245,-10" /><INIT seed="2,0,0,4,4,14" ten="230,245,290,235" oya="2" hai0="78,7,34,37,12,61,69,13,73,114,134,55,96" hai1="77,118,105,47,42,86,27,71,10,128,51,28,45" hai2="0,68,76,50,121,16,38,100,106,133,126,93,131" hai3="112,17,2,59,125,60,107,90,130,1,18,35,109"/><V11/><F121/><W101/><G109/><T36/><D13/><U33/><E118/><V41/><F38/><N who="0" m="14954" /><D12/><U26/><E128/><V43/><F106/><W8/><G35/><T63/><D7/><U67/><E105/><V48/><F0/><W111/><G111/><T135/><D96/><U39/><E10/><V74/><F68/><W97/><G130/><T29/><D114/><U95/><E27/><V84/><F74/><W81/><G112/><T40/><D40/><N who="2" m="15434" /><F131/><W82/><G125/><T80/><D55/><U115/><E115/><V129/><F129/><W19/><G90/><T116/><D116/><U70/><E67/><V91/><F133/><N who="0" m="50698" /><D69/><U120/><E120/><V22/><F11/><W122/><G122/><T9/><D9/><U65/><E65/><V94/><F126/><W104/><G104/><T57/><D57/><U53/><E71/><V46/><F46/><W3/><REACH who="3" step="1"/><G8/><REACH who="3" ten="230,245,290,225" step="2"/><T123/><D123/><U31/><E39/><V102/><F102/><W85/><G85/><T92/><D92/><U108/><E86/><V110/><F100/><W103/><G103/><T44/><D44/><U88/><E47/><V127/><F94/><W83/><G83/><T117/><D117/><U99/><E45/><V79/><F127/><W132/><G132/><T6/><D6/><U4/><E108/><V5/><F5/><W30/><G30/><N who="1" m="11306" /><E4/><V54/><F110/><W89/><G89/><T49/><D34/><U66/><E33/><V25/><F50/><W119/><G119/><T56/><D29/><U72/><E95/><V21/><F22/><W113/><G113/><RYUUKYOKU ba="0,1" sc="230,10,245,-30,290,10,225,10" hai0="49,56,61,63,73,78,80" hai2="16,21,25,48,54,76,79,84,91,93" hai3="1,2,3,17,18,19,59,60,81,82,97,101,107" /><INIT seed="2,1,1,4,4,93" ten="240,215,300,235" oya="2" hai0="131,36,4,55,24,132,111,133,25,86,98,106,41" hai1="89,61,130,11,119,30,68,128,94,122,102,57,126" hai2="78,14,114,72,127,120,18,77,26,116,100,39,7" hai3="43,2,29,28,23,118,95,50,110,105,17,113,83"/><V22/><F116/><W3/><G105/><T6/><D111/><U31/><E119/><V101/><F114/><W60/><G118/><T107/><D86/><U8/><E68/><V97/><F127/><W46/><G113/><T91/><D55/><U70/><E70/><V108/><F120/><W64/><G110/><T32/><D131/><N who="1" m="50219" /><E102/><V123/><F123/><W112/><G112/><T5/><D91/><U96/><E122/><V69/><F108/><W0/><G83/><T73/><D73/><U58/><E58/><V87/><F39/><W47/><G47/><N who="0" m="23975" /><D32/><U54/><E126/><V125/><F72/><W82/><G82/><T27/><D98/><U71/><E71/><V1/><F1/><W104/><G104/><T115/><D115/><U117/><E117/><V42/><F42/><W34/><G34/><T13/><D13/><U66/><E54/><V109/><F125/><W20/><G20/><T121/><D121/><U134/><E134/><AGARI ba="1,1" hai="4,5,6,24,25,27,106,107,132,133,134" m="23975" machi="134" ten="40,1300,0" yaku="20,1" doraHai="93" who="0" fromWho="1" sc="240,26,215,-16,300,0,235,0" /><INIT seed="3,0,0,0,1,0" ten="266,199,300,235" oya="3" hai0="120,64,123,35,8,135,29,94,109,46,82,69,79" hai1="133,30,56,38,41,33,13,90,101,111,132,6,83" hai2="122,19,119,77,15,4,80,2,134,40,81,102,114" hai3="18,68,106,61,23,78,42,92,54,22,72,99,11"/><W39/><G106/><T84/><D109/><U55/><E111/><V130/><F114/><W3/><G39/><T32/><D135/><N who="1" m="51787" /><E101/><V62/><F119/><W128/><G42/><T97/><D69/><U88/><E83/><V26/><F134/><W86/><G72/><T31/><D64/><U85/><E85/><V66/><F130/><W63/><G68/><T21/><D35/><U67/><E67/><V43/><F122/><W112/><G112/><T126/><D32/><U14/><E14/><V76/><F2/><W100/><G128/><T98/><D98/><U116/><E116/><V50/><F102/><W73/><G73/><T131/><D131/><U121/><E121/><V51/><F81/><W59/><G63/><T58/><D97/><U24/><E41/><V93/><F93/><W20/><G86/><T115/><D94/><U27/><E27/><V96/><F96/><W9/><G78/><N who="2" m="30313" /><F80/><W25/><G3/><T53/><D115/><U91/><E38/><V113/><F113/><W70/><G70/><T10/><D120/><U48/><E91/><V1/><F1/><W104/><G104/><T47/><D123/><U16/><E6/><V28/><F4/><W75/><G75/><T49/><D84/><U125/><E125/><V5/><F5/><W74/><G74/><T60/><D126/><U127/><E127/><V44/><F43/><W107/><G107/><T36/><D79/><U7/><E7/><V117/><F117/><W108/><G108/><T87/><D36/><U89/><E90/><V65/><F40/><W57/><G25/><T103/><D87/><RYUUKYOKU ba="0,0" sc="266,-10,199,30,300,-10,235,-10" hai1="13,16,24,30,33,48,55,56,88,89" /><INIT seed="4,1,0,1,0,49" ten="256,229,290,225" oya="0" hai0="122,38,121,108,15,31,85,16,20,40,62,133,92" hai1="68,86,56,105,42,54,77,24,130,70,87,83,101" hai2="73,57,29,41,129,2,0,12,58,91,128,113,27" hai3="116,25,90,82,65,134,26,55,48,67,132,9,45"/><T94/><D133/><N who="3" m="51305" /><G116/><T51/><D38/><U106/><E130/><N who="2" m="50283" /><F113/><W104/><G104/><T64/><D108/><U135/><E135/><V52/><F73/><W3/><G82/><T74/><D74/><U35/><E42/><V10/><F41/><W81/><G81/><T23/><D121/><U117/><E87/><V88/><F2/><W75/><G75/><T18/><D31/><U61/><E117/><V60/><F58/><W110/><G110/><T72/><D72/><U118/><E118/><V66/><F66/><N who="3" m="25099" /><G90/><T8/><D122/><U19/><E106/><V47/><F47/><W123/><G123/><T115/><D115/><U4/><E4/><AGARI ba="1,0" hai="3,4,9,25,26,45,48,55" m="25099,51305" machi="4" ten="30,2000,0" yaku="20,1,52,1" doraHai="49" who="3" fromWho="1" sc="256,0,229,-23,290,0,225,23" /><INIT seed="5,0,0,0,4,96" ten="256,206,290,248" oya="1" hai0="12,24,1,13,45,74,121,55,5,4,21,122,85" hai1="67,73,101,82,7,50,90,86,47,79,134,23,54" hai2="35,3,58,27,11,130,69,22,108,100,34,113,46" hai3="107,123,131,129,56,77,103,119,95,33,40,53,51"/><U63/><E134/><V71/><F108/><W99/><G123/><N who="0" m="47115" /><D85/><U87/><E7/><N who="0" m="2633" /><D55/><U124/><E124/><V42/><F11/><W94/><G33/><T117/><D45/><U28/><E28/><V44/><F3/><W9/><G9/><T18/><D74/><U89/><E23/><V97/><F58/><W16/><G16/><N who="0" m="12327" /><D117/><U80/><E101/><V127/><F100/><W114/><G119/><T120/><D120/><U49/><E49/><V115/><F46/><N who="3" m="26055" /><G77/><T72/><D72/><U6/><E6/><V52/><F52/><W110/><G110/><T38/><D38/><U112/><E112/><N who="2" m="43083" /><F97/><W109/><G109/><T14/><D1/><U17/><E17/><AGARI ba="0,0" hai="12,13,14,17,18" m="12327,2633,47115" machi="17" ten="40,8000,1" yaku="13,1,34,2,54,1" doraHai="96" who="0" fromWho="1" sc="256,80,206,-80,290,0,248,0" owari="336,43.6,126,-37.4,290,9.0,248,-15.2" /></mjloggm>