<mjloggm ver="2.3"><GO type="225" lobby="0"/><UN n0="%E3%81%82%E3%81%99%E3%81%AB%E3%82%83%E3%82%80" n1="%E3%81%BF%E3%81%BF%E3%81%9A" n2="%E5%8D%A0%E3%81%84%E5%B8%AB%E8%A3%8F%E3%81%AA%E3%81%84%E3%81%97" n3="%E3%83%87%E3%83%A9%E3%82%B3%E3%83%83%E3%82%B3" dan="16,16,16,17" rate="2119.07,2143.82,2135.34,2215.41" sx="F,M,M,M"/><TAIKYOKU oya="0"/><INIT seed="0,0,0,5,5,38" ten="250,250,250,250" oya="0" hai0="107,106,114,122,69,94,62,11,88,103,10,113,70" hai1="34,90,20,23,45,67,73,100,44,47,17,98,121" hai2="109,126,130,63,40,33,89,127,26,115,97,24,27" hai3="4,135,18,31,120,57,95,0,25,101,110,77,48"/><T41/><D103/><U116/><E34/><V78/><F115/><W46/><G110/><T75/><D41/><U102/><E116/><V105/><F109/><W9/><G135/><T91/><D75/><U82/><E121/><V119/><F130/><W134/><G134/><T123/><D94/><N who="1" m="56663" /><E73/><V92/><F119/><W65/><G120/><T7/><D62/><U39/><E39/><V16/><F78/><W58/><G77/><T93/><D93/><U52/><E67/><V71/><F105/><W35/><G18/><T83/><REACH who="0" step="1"/><D7/><REACH who="0" ten="240,250,250,250" step="2"/><U84/><E52/><V12/><F40/><W86/><G101/><N who="1" m="39018" /><E17/><V36/><F36/><W85/><G65/><T59/><D59/><U76/><AGARI ba="0,1" hai="20,23,44,45,47,76,82,84" m="39018,56663" machi="76" ten="30,1100,0" yaku="8,1" doraHai="38" who="1" fromWho="1" sc="240,-5,250,21,250,-3,250,-3" /><INIT seed="1,0,0,1,0,72" ten="235,271,247,247" oya="1" hai0="115,132,28,120,114,45,57,15,26,103,0,11,61" hai1="117,39,25,80,32,65,110,62,9,101,37,40,127" hai2="18,14,12,89,27,119,46,64,83,23,29,79,24" hai3="111,122,113,50,2,59,6,96,70,49,1,71,34"/><U41/><E117/><V90/><F119/><W10/><G111/><T51/><D103/><U48/><E110/><V78/><F64/><W17/><G113/><T92/><D0/><U128/><E9/><V109/><F109/><W100/><G122/><T135/><D92/><U84/><E128/><V133/><F133/><W66/><G1/><T38/><D38/><U125/><E101/><V44/><F83/><W67/><G34/><T20/><D120/><U129/><E129/><V5/><F5/><W68/><G17/><T30/><D30/><U21/><E32/><V53/><F53/><W93/><REACH who="3" step="1"/><G67/><REACH who="3" ten="235,271,247,237" step="2"/><T58/><D114/><U35/><E35/><V13/><F18/><W112/><G112/><T22/><D115/><U87/><E65/><V85/><F24/><W99/><G99/><T82/><D132/><U47/><E25/><V124/><F124/><W108/><G108/><T121/><D121/><U134/><E125/><V3/><F3/><W69/><N who="3" m="17408" /><DORA hai="7" /><W95/><G95/><T102/><D135/><U31/><E127/><V86/><F27/><W55/><G55/><T33/><D33/><U105/><E134/><V54/><F54/><W63/><AGARI ba="0,1" hai="2,6,10,49,50,59,63,66,93,96,100" m="17408" machi="63" ten="60,7900,0" yaku="1,1,0,1,52,1,53,0" doraHai="72,7" doraHaiUra="104,19" who="3" fromWho="3" sc="235,-20,271,-39,247,-20,237,89" /><INIT seed="2,0,0,2,1,70" ten="215,232,227,326" oya="2" hai0="100,102,68,95,104,24,29,36,125,130,101,57,16" hai1="42,76,90,6,133,134,56,129,96,131,49,118,103" hai2="111,54,126,37,15,58,99,61,46,3,135,106,60" hai3="11,123,116,108,19,27,21,43,77,82,55,5,105"/><V121/><F121/><W10/><G108/><T9/><D68/><U94/><E118/><V40/><F3/><W33/><G116/><T122/><D122/><U98/><E6/><V69/><F111/><W50/><G123/><T86/><D104/><N who="1" m="63591" /><E56/><V114/><F114/><W89/><G105/><T72/><D72/><U34/><E34/><V2/><F2/><W107/><G107/><T28/><D130/><N who="1" m="49675" /><E49/><V92/><F106/><W0/><G33/><T85/><D36/><U66/><E66/><V67/><F126/><W93/><G43/><T113/><D113/><U119/><E42/><V39/><F135/><N who="1" m="51721" /><E119/><V59/><F15/><W78/><G10/><T14/><D125/><U48/><E48/><N who="2" m="26695" /><F92/><W73/><G0/><T30/><D57/><U22/><E22/><V71/><F99/><W65/><G11/><T12/><D24/><U81/><E81/><V97/><F97/><W32/><G27/><T20/><D14/><U51/><E51/><N who="2" m="31071" /><F71/><W17/><G21/><T79/><D20/><U80/><E80/><V110/><F110/><W52/><G82/><T35/><D35/><U53/><E53/><AGARI ba="0,0" hai="37,39,53,59,60,61,67,69" m="31071,26695" machi="53" ten="30,18000,2" yaku="35,5,52,2" doraHai="70" who="2" fromWho="1" sc="215,0,232,-180,227,180,326,0" /><INIT seed="2,1,0,0,3,22" ten="215,52,407,326" oya="2" hai0="64,88,73,81,35,96,108,132,13,14,124,30,94" hai1="7,125,28,93,68,0,128,15,111,122,115,11,3" hai2="44,69,10,65,45,46,105,127,26,89,23,19,34" hai3="62,116,27,9,1,60,126,2,118,133,57,113,39"/><V4/><F127/><W58/><G39/><T86/><D124/><U54/><E125/><V84/><F105/><W42/><G126/><T103/><D108/><U74/><E115/><V55/><F34/><W25/><G42/><T97/><D132/><U129/><E74/><V107/><F107/><W98/><G9/><T112/><D112/><U18/><E68/><V37/><F65/><W52/><G113/><T59/><D73/><U21/><E93/><V75/><F75/><W76/><G98/><T123/><D123/><U67/><E54/><V82/><F69/><W135/><REACH who="3" step="1"/><G52/><REACH who="3" ten="215,52,407,316" step="2"/><T121/><D97/><U91/><E67/><V90/><F37/><W47/><G47/><T71/><D121/><U29/><E91/><V106/><F106/><W56/><G56/><T87/><D71/><U77/><E77/><AGARI ba="1,1" hai="1,2,25,27,57,58,60,62,76,77,116,118,133,135" machi="77" ten="25,8000,1" yaku="1,1,22,2,52,2,53,0" doraHai="22" doraHaiUra="78" who="3" fromWho="1" sc="215,0,52,-83,407,0,316,93" owari="215,-18.5,-31,-53.1,407,20.7,409,50.9" /></mjloggm>