<mjloggm ver="2.3"><GO type="225" lobby="0"/><UN n0="%E3%81%BF%E3%81%BF%E3%81%9A" n1="%E9%98%BF%E9%83%A8%E5%AF%9B%EF%BC%A0%E9%B3%B3%E5%8D%93" n2="%E3%83%97%E3%83%92" n3="%E3%81%8B%E3%82%8F%E3%81%A1%E3%82%83%E3%82%93%35%38" dan="16,16,16,16" rate="2159.59,2096.61,2172.29,2134.92" sx="M,F,M,M"/><TAIKYOKU oya="0"/><INIT seed="0,0,0,2,0,43" ten="250,250,250,250" oya="0" hai0="22,110,25,89,46,100,35,34,20,102,74,69,30" hai1="106,75,107,11,27,52,66,3,45,131,80,67,121" hai2="53,115,38,61,128,114,15,51,62,112,118,21,72" hai3="116,126,78,135,88,79,123,109,13,68,48,36,99"/><T87/><D74/><U17/><E121/><V84/><F72/><W117/><G36/><T64/><D110/><U108/><E108/><V96/><F38/><W7/><G68/><T40/><D69/><U42/><E131/><V125/><F128/><W33/><G33/><T76/><D64/><U31/><E75/><V97/><F125/><W105/><G13/><T44/><D76/><N who="3" m="29225" /><G48/><T6/><D6/><U37/><E80/><V65/><F118/><N who="3" m="45675" /><G7/><T58/><D35/><U133/><E3/><V86/><F21/><W26/><G26/><N who="0" m="16711" /><D40/><U93/><E27/><V28/><F15/><W95/><G109/><T8/><D58/><U50/><E66/><V39/><F28/><W49/><G49/><T10/><D34/><U19/><E67/><V85/><F39/><W92/><G126/><T91/><D91/><U0/><E31/><V122/><F122/><W113/><G123/><T5/><D102/><U56/><E37/><V77/><F77/><W120/><G120/><T9/><D100/><U104/><E42/><V1/><F62/><W71/><G71/><T18/><D5/><U63/><E56/><V98/><F1/><W119/><G119/><T127/><D127/><U73/><E63/><V54/><REACH who="2" step="1"/><F51/><REACH who="2" ten="250,250,240,250" step="2"/><W60/><G60/><T29/><D29/><U82/><E0/><V2/><F2/><W90/><G113/><T55/><D55/><U24/><E52/><V101/><F101/><N who="3" m="60647" /><G105/><T81/><AGARI ba="0,1" hai="8,9,10,18,22,25,44,46,81,87,89" m="16711" machi="81" ten="30,6000,0" yaku="8,1,52,2" doraHai="43" who="0" fromWho="0" sc="250,70,250,-20,240,-20,250,-20" /><INIT seed="0,1,0,1,5,133" ten="320,230,220,230" oya="0" hai0="107,100,58,59,40,130,128,76,49,67,0,18,105" hai1="30,44,37,78,63,116,7,68,39,21,113,8,121" hai2="102,85,23,45,47,83,60,10,1,126,80,114,33" hai3="120,61,26,3,22,129,117,71,79,43,57,20,53"/><T15/><D0/><U19/><E116/><V135/><F33/><W24/><G117/><T77/><D40/><U99/><E121/><V69/><F114/><W108/><G3/><T54/><D100/><U28/><E113/><V82/><F135/><W51/><G120/><T52/><D67/><U101/><E78/><N who="0" m="30313" /><D15/><U106/><E68/><V5/><F102/><W12/><G71/><T91/><D18/><U65/><E65/><V123/><F85/><W95/><G12/><T94/><D94/><U4/><E19/><V14/><F123/><W96/><G79/><T38/><D91/><U56/><E101/><V125/><F23/><N who="3" m="8747" /><G129/><N who="0" m="49771" /><D38/><U31/><E37/><V55/><F1/><W103/><G108/><T73/><D73/><U11/><E39/><V112/><F112/><W104/><G104/><T88/><D88/><U50/><E106/><N who="0" m="40457" /><D49/><U9/><E50/><V119/><F119/><W75/><G75/><T16/><D16/><U134/><E134/><V81/><N who="2" m="20480" /><DORA hai="90" /><V46/><REACH who="2" step="1"/><F55/><AGARI ba="1,0" hai="52,54,55,58,59" m="40457,49771,30313" machi="55" ten="40,12000,1" yaku="28,2,19,1,54,1" doraHai="133,90" who="0" fromWho="2" sc="320,123,230,0,220,-123,230,0" /><INIT seed="0,2,0,1,5,122" ten="443,230,97,230" oya="0" hai0="5,81,121,0,135,101,131,29,85,54,43,87,31" hai1="89,78,68,97,120,93,47,58,74,73,36,10,86" hai2="1,114,110,94,40,124,77,62,100,83,123,46,42" hai3="98,3,28,72,26,9,84,95,13,55,64,65,48"/><T116/><D116/><U127/><E68/><V53/><F123/><W79/><G72/><T6/><D121/><U25/><E120/><V75/><F114/><W4/><G3/><T66/><D66/><U17/><E127/><V18/><F1/><W102/><G79/><T12/><D0/><U103/><E58/><V37/><F124/><W20/><REACH who="3" step="1"/><G84/><REACH who="3" ten="443,230,97,220" step="2"/><T21/><D87/><U16/><E78/><V132/><F75/><W60/><G60/><T8/><D85/><U41/><E74/><V57/><F77/><W61/><G61/><T69/><D81/><U80/><E73/><V82/><F83/><W51/><G51/><T91/><D131/><U33/><REACH who="1" step="1"/><E10/><REACH who="1" ten="443,220,97,220" step="2"/><V134/><F132/><W104/><G104/><T50/><D8/><U23/><E23/><V108/><F134/><W32/><G32/><T92/><D21/><U44/><E44/><AGARI ba="2,2" hai="4,9,13,20,26,28,44,48,55,64,65,95,98,102" machi="44" ten="30,3900,0" yaku="1,1,7,1,8,1,53,0" doraHai="122" doraHaiUra="67" who="3" fromWho="1" sc="443,0,220,-45,97,0,220,65" /><INIT seed="1,0,0,2,3,62" ten="443,175,97,285" oya="1" hai0="89,67,18,36,81,78,132,0,95,5,23,82,37" hai1="126,63,49,131,99,7,17,110,129,77,88,42,65" hai2="11,135,97,94,29,9,30,33,85,91,38,74,10" hai3="60,83,3,118,115,114,19,87,16,68,69,2,4"/><U58/><E126/><V108/><F74/><W113/><G118/><T124/><D67/><U105/><E110/><V40/><F108/><W28/><G28/><T22/><D124/><U59/><E77/><V117/><F117/><W24/><G4/><T25/><D132/><U93/><E105/><V55/><F135/><W53/><G53/><T34/><D34/><U72/><E72/><V112/><F112/><W111/><G111/><T44/><D22/><U84/><E7/><V15/><F38/><W133/><G133/><T27/><D27/><U125/><E125/><V70/><F40/><W96/><G96/><T127/><D127/><U51/><E17/><V43/><F43/><W13/><G24/><T12/><D0/><U103/><E59/><V92/><F70/><W39/><G39/><T107/><D107/><U54/><E42/><V46/><F33/><W116/><G116/><T106/><D44/><U101/><E51/><N who="2" m="29175" /><F15/><W61/><G87/><T66/><D106/><U128/><E99/><V52/><F52/><W26/><G26/><T21/><D5/><U75/><E75/><V73/><F73/><W122/><G114/><T47/><D47/><U76/><E76/><V121/><F121/><W1/><G1/><T32/><D78/><U56/><AGARI ba="0,0" hai="49,54,56,58,63,65,84,88,93,101,103,128,129,131" machi="56" ten="30,11700,0" yaku="0,1,19,1,52,1,54,1" doraHai="62" who="1" fromWho="1" sc="443,-39,175,117,97,-39,285,-39" /><INIT seed="1,1,0,3,0,62" ten="404,292,58,246" oya="1" hai0="12,120,23,100,36,111,25,127,51,75,77,48,122" hai1="3,18,46,132,110,79,59,16,115,101,21,38,134" hai2="70,57,104,0,112,66,92,118,105,135,113,67,54" hai3="69,43,129,56,28,17,64,94,61,119,45,114,109"/><U116/><E116/><V126/><F118/><W30/><G114/><N who="2" m="44137" /><F0/><W85/><G119/><T72/><D36/><U125/><E115/><V22/><F70/><W53/><G109/><T90/><D100/><U55/><E110/><V37/><F37/><W102/><G129/><T83/><D111/><U14/><E125/><V50/><F126/><W63/><G17/><N who="0" m="12527" /><D127/><U98/><E3/><V33/><F33/><W76/><G76/><T95/><D12/><U35/><E35/><V71/><F71/><W81/><G81/><T4/><D4/><U91/><E79/><V58/><F135/><N who="1" m="51753" /><E18/><V6/><F6/><W5/><G5/><T133/><D72/><U106/><E91/><V60/><F92/><W89/><REACH who="3" step="1"/><G102/><REACH who="3" ten="404,292,58,236" step="2"/><T26/><D133/><U31/><E31/><V103/><F103/><W88/><G88/><T117/><D117/><U19/><E19/><V82/><F82/><W73/><G73/><T47/><D26/><U107/><E106/><N who="2" m="41067" /><F22/><W130/><G130/><T128/><D128/><U124/><E124/><V1/><F1/><W29/><G29/><T20/><D20/><U40/><E107/><V8/><F8/><W7/><G7/><T10/><D10/><U96/><E101/><V44/><F44/><W34/><G34/><T65/><D90/><U42/><E42/><V87/><F87/><W11/><G11/><T39/><D83/><U108/><E108/><V2/><F2/><W93/><G93/><T84/><D75/><U9/><E9/><V41/><F41/><W49/><AGARI ba="1,1" hai="28,30,43,45,49,53,56,61,63,64,69,85,89,94" machi="49" ten="20,5200,0" yaku="1,1,0,1,7,1,52,1,53,0" doraHai="62" doraHaiUra="99" who="3" fromWho="3" sc="404,-14,292,-27,58,-14,236,65" /><INIT seed="2,0,0,4,2,90" ten="390,265,44,301" oya="2" hai0="120,21,33,12,87,77,121,114,74,70,132,125,15" hai1="1,94,102,26,80,5,22,73,83,122,39,57,134" hai2="53,81,130,117,49,85,20,86,19,64,100,96,123" hai3="59,112,124,25,23,111,41,60,8,113,37,42,10"/><V40/><F117/><W32/><G32/><T88/><D70/><U103/><E134/><V115/><F115/><N who="3" m="44107" /><G111/><T135/><D33/><U34/><E34/><V98/><F123/><W24/><G124/><T55/><D114/><U82/><E122/><V30/><F130/><W131/><G131/><T78/><D125/><U69/><E69/><V84/><F64/><N who="3" m="38943" /><G24/><T67/><D67/><U38/><E73/><V3/><F3/><W2/><G37/><T79/><D55/><U99/><E103/><V72/><F30/><W14/><G2/><T44/><D44/><U46/><E57/><V29/><F29/><N who="3" m="17599" /><G8/><T4/><D74/><U13/><E1/><V116/><F116/><W52/><G52/><T0/><D0/><U118/><E46/><V62/><F62/><W106/><G106/><T18/><D4/><AGARI ba="0,0" hai="4,10,14,41,42" m="17599,38943,44107" machi="4" ten="30,1000,0" yaku="11,1" doraHai="90" who="3" fromWho="0" sc="390,-10,265,0,44,0,301,10" /><INIT seed="3,0,0,4,0,110" ten="380,265,44,311" oya="3" hai0="104,62,126,48,130,118,76,69,93,66,56,87,44" hai1="38,115,107,119,50,68,133,88,84,31,117,9,85" hai2="19,14,21,46,72,12,92,3,43,106,75,5,40" hai3="67,109,0,135,86,35,29,122,22,49,121,131,28"/><W120/><G67/><T116/><D104/><U94/><E38/><V63/><F106/><W82/><G49/><T123/><D123/><U26/><E68/><V13/><F92/><W65/><G65/><T97/><D126/><U41/><E107/><V134/><F134/><W61/><G61/><T1/><D1/><U10/><E133/><V58/><F3/><W95/><G135/><T55/><D130/><U124/><E124/><V101/><F21/><W18/><G35/><T17/><D69/><U125/><E125/><V25/><F19/><W90/><G0/><T42/><D17/><U114/><E50/><V52/><F25/><W79/><G109/><T71/><D87/><U34/><E41/><V20/><F20/><W89/><G131/><T7/><D76/><U2/><E85/><V129/><F129/><W78/><G78/><T27/><D27/><U100/><E100/><V105/><F5/><W64/><G64/><T4/><D118/><N who="1" m="45067" /><E2/><V8/><F8/><AGARI ba="0,0" hai="8,9,10,26,31,34,84,88,94,114,115" m="45067" machi="8" ten="30,7700,0" yaku="12,1,52,2,54,1" doraHai="110" who="1" fromWho="2" sc="380,0,265,77,44,-77,311,0" owari="380,48.0,342,14.2,-33,-53.3,311,-8.9" /></mjloggm>