<mjloggm ver="2.3"><GO type="225" lobby="0"/><UN n0="%E6%A0%B9%E5%85%83%E3%81%8B%E3%82%89%E5%90%B9%E3%81%A3%E9%A3%9B%E3%81%B6" n1="%72%69%6F%75%63%68%61%6E" n2="%E3%81%8B%E3%82%8F%E3%81%A1%E3%82%83%E3%82%93%35%38" n3="%E9%80%86%E9%80%A3%E5%B8%AF%E3%81%AE%E9%AC%BC" dan="16,16,16,16" rate="2179.58,2181.07,2092.70,2143.91" sx="F,M,M,M"/><TAIKYOKU oya="0"/><INIT seed="0,0,0,0,0,17" ten="250,250,250,250" oya="0" hai0="44,134,2,48,112,38,85,113,124,106,5,77,43" hai1="7,111,95,0,39,120,126,64,46,84,51,108,110" hai2="58,119,30,32,3,90,33,29,129,24,114,98,122" hai3="83,34,9,92,63,121,54,102,70,133,11,116,91"/><T79/><D106/><U65/><E126/><V101/><F114/><W100/><G116/><T60/><D124/><U123/><E39/><V59/><F122/><N who="1" m="46633" /><E7/><V49/><F3/><W105/><G34/><T47/><D134/><U93/><E0/><V80/><F119/><W20/><G133/><T72/><D60/><U125/><E125/><V53/><F129/><W37/><G37/><T4/><D85/><U40/><E93/><V73/><F58/><W76/><G105/><T78/><D72/><U23/><E23/><V18/><F18/><W81/><G121/><T104/><D104/><U135/><E135/><V94/><F73/><W55/><G70/><T75/><D75/><U67/><E95/><V74/><F74/><W6/><G92/><T88/><D88/><U61/><E84/><V27/><REACH who="2" step="1"/><F80/><REACH who="2" ten="250,250,240,250" step="2"/><W117/><G83/><T35/><D2/><U26/><E26/><V128/><F128/><W25/><G81/><T10/><D4/><U15/><E15/><V99/><F99/><W130/><G25/><T82/><D82/><U42/><E42/><V69/><F69/><AGARI ba="0,1" hai="40,46,51,61,64,65,67,69,108,110,111" m="46633" machi="69" ten="40,5200,0" yaku="14,1,34,2" doraHai="17" who="1" fromWho="2" sc="250,0,250,62,240,-52,250,0" /><INIT seed="1,0,0,2,1,8" ten="250,312,188,250" oya="1" hai0="102,68,56,78,115,9,35,70,23,32,111,4,14" hai1="81,52,42,129,55,16,92,3,85,84,40,11,126" hai2="59,80,83,101,28,114,31,29,110,122,118,106,57" hai3="77,117,103,98,125,21,116,10,93,113,64,119,22"/><U76/><E126/><V130/><F118/><W26/><G125/><T96/><D115/><U91/><E129/><V33/><F33/><W74/><G113/><T13/><D111/><U37/><E3/><V5/><F114/><W62/><G10/><T94/><D78/><U24/><E37/><V15/><F122/><W58/><REACH who="3" step="1"/><G26/><REACH who="3" ten="250,312,188,240" step="2"/><T63/><D35/><U61/><E24/><V66/><F110/><W128/><G128/><T87/><D32/><U100/><E100/><V30/><F130/><W104/><G104/><T82/><D68/><U127/><E127/><V25/><F101/><W38/><G38/><T2/><D70/><U51/><E61/><V60/><F106/><W90/><G90/><T89/><REACH who="0" step="1"/><D23/><REACH who="0" ten="240,312,188,240" step="2"/><U131/><E131/><V47/><F30/><W18/><G18/><T46/><D46/><N who="1" m="26055" /><E42/><V49/><F59/><W97/><G97/><T50/><D50/><U79/><E76/><V86/><F29/><W73/><G73/><T133/><D133/><U53/><E11/><N who="2" m="4591" /><F31/><W34/><G34/><T7/><D7/><U123/><E123/><V48/><F48/><W27/><G27/><T36/><D36/><U72/><E72/><V65/><F49/><W0/><G0/><T109/><D109/><U112/><E112/><V39/><F39/><W99/><G99/><T20/><D20/><U108/><E108/><V95/><F47/><W135/><G135/><T41/><D41/><U71/><E71/><N who="2" m="42407" /><F25/><W105/><G105/><T6/><D6/><U44/><E44/><V12/><F28/><W124/><G124/><T69/><D69/><U67/><E16/><RYUUKYOKU ba="0,2" sc="240,10,312,10,188,-30,240,10" hai0="2,4,9,13,14,56,63,82,87,89,94,96,102" hai1="52,53,55,67,79,81,84,85,91,92" hai3="21,22,58,62,64,74,77,93,98,103,116,117,119" /><INIT seed="1,1,2,5,2,90" ten="250,322,158,250" oya="1" hai0="62,119,67,109,72,111,135,60,15,52,99,93,85" hai1="115,98,41,54,22,55,103,25,69,120,121,28,5" hai2="16,11,82,126,130,117,53,127,134,80,71,40,77" hai3="63,74,104,94,95,30,57,81,114,17,58,19,51"/><U76/><E115/><V108/><F117/><W29/><G104/><T37/><D119/><U46/><E69/><V14/><F71/><W129/><G129/><T106/><D72/><U68/><E68/><V42/><F130/><W23/><G114/><T73/><D73/><U131/><E131/><V123/><F123/><W45/><G74/><T79/><D37/><U83/><E5/><V75/><F108/><N who="0" m="41546" /><D135/><U24/><E24/><V43/><F134/><W4/><G4/><T9/><D67/><U128/><E128/><V84/><REACH who="2" step="1"/><F53/><REACH who="2" ten="250,322,148,250" step="2"/><W107/><G107/><T118/><D118/><U65/><E55/><V47/><F47/><W2/><G45/><T50/><D106/><U124/><E54/><V66/><F66/><W12/><G2/><T27/><D52/><U32/><E65/><V87/><F87/><W20/><G58/><T70/><D85/><N who="1" m="48359" /><E121/><V1/><F1/><W110/><G110/><T18/><D70/><U10/><E120/><V3/><F3/><W96/><G57/><T36/><D62/><U6/><E124/><V92/><F92/><W97/><G63/><T122/><D93/><N who="1" m="58831" /><E46/><V101/><F101/><W31/><G97/><T88/><D99/><U44/><E44/><V64/><F64/><W61/><G96/><T116/><D60/><U100/><E100/><V34/><F34/><W35/><G61/><T49/><D116/><U13/><E32/><V33/><F33/><W8/><G35/><T26/><D122/><U39/><E39/><V133/><F133/><W59/><G59/><T113/><D36/><U86/><E86/><V38/><F38/><RYUUKYOKU ba="1,3" sc="250,-15,322,15,148,15,250,-15" hai1="6,10,13,22,25,28,41" hai2="11,14,16,40,42,43,75,77,80,82,84,126,127" /><INIT seed="1,2,3,1,0,121" ten="235,337,163,235" oya="1" hai0="11,78,22,95,91,102,48,46,6,51,50,21,101" hai1="15,114,133,56,17,23,134,49,123,76,113,31,57" hai2="64,32,52,87,37,77,5,72,109,97,129,9,45" hai3="127,98,19,3,61,67,105,63,60,12,86,39,7"/><U2/><E123/><V110/><F32/><W16/><G39/><T38/><D78/><U55/><E2/><N who="2" m="183" /><F87/><W30/><G127/><T112/><D112/><U125/><E125/><V10/><F64/><W89/><G30/><T28/><D38/><U79/><E31/><V131/><F97/><W43/><G43/><T8/><D46/><U47/><E114/><V135/><F10/><N who="0" m="3626" /><D6/><U108/><E108/><N who="2" m="41579" /><F135/><N who="1" m="51721" /><E113/><V122/><F122/><W41/><G67/><T65/><D65/><U62/><E57/><V40/><F52/><AGARI ba="2,3" hai="15,17,23,47,49,52,55,56,62,76,79" m="51721" machi="52" ten="30,2900,0" yaku="20,1,54,1" doraHai="121" who="1" fromWho="2" sc="235,0,337,65,163,-35,235,0" /><INIT seed="1,3,0,4,2,124" ten="235,402,128,235" oya="1" hai0="131,125,27,24,94,129,61,73,118,115,99,95,112" hai1="12,72,40,119,132,116,22,49,90,2,77,103,98" hai2="34,82,78,81,58,86,17,135,13,28,23,39,46" hai3="11,10,0,25,41,109,107,70,67,65,92,20,75"/><U56/><E2/><V93/><F135/><W43/><G107/><T83/><D61/><U66/><E132/><V47/><F39/><W113/><G75/><T120/><D118/><U48/><E90/><V30/><F93/><N who="0" m="35338" /><D99/><U126/><E126/><V85/><F58/><W64/><G70/><T102/><D102/><U101/><E101/><V89/><REACH who="2" step="1"/><F34/><REACH who="2" ten="235,402,118,235" step="2"/><W121/><G121/><T32/><D120/><U59/><E56/><V54/><F54/><W130/><G43/><T8/><D125/><U110/><E59/><V9/><F9/><W62/><G11/><T6/><D32/><U42/><E42/><V128/><F128/><N who="0" m="49226" /><D73/><U51/><E119/><V57/><F57/><W19/><G130/><T36/><D36/><U105/><E116/><V37/><F37/><W3/><G62/><T4/><D83/><U127/><E127/><V7/><F7/><N who="0" m="2602" /><D8/><U80/><E66/><V35/><F35/><W71/><G65/><T84/><D84/><U123/><E123/><V15/><F15/><W18/><G10/><T55/><D55/><U26/><E12/><V104/><F104/><W33/><G67/><T45/><D45/><AGARI ba="3,1" hai="13,17,23,28,30,45,46,47,78,81,82,85,86,89" machi="45" ten="40,2600,0" yaku="1,1,8,1,53,0" doraHai="124" doraHaiUra="97" who="2" fromWho="0" sc="235,-35,402,0,118,45,235,0" /><INIT seed="2,0,0,4,3,124" ten="200,402,163,235" oya="2" hai0="116,59,58,36,56,72,107,5,33,117,60,80,35" hai1="63,70,135,17,75,100,40,111,92,3,113,68,24" hai2="64,94,109,9,101,81,86,42,2,127,26,102,73" hai3="23,51,76,13,106,30,98,95,32,77,123,61,54"/><V66/><F73/><W103/><G123/><T134/><D107/><U96/><E113/><V46/><F46/><W8/><G32/><N who="0" m="12363" /><D5/><U55/><E3/><V43/><F2/><W53/><G106/><T69/><D36/><U65/><E75/><V0/><F0/><W4/><G61/><T90/><D69/><U104/><E135/><V130/><F127/><W16/><G30/><T62/><D134/><U78/><E111/><V118/><F118/><N who="0" m="45674" /><D90/><U108/><E108/><V114/><F114/><W129/><G129/><T93/><D93/><U67/><E40/><N who="2" m="15403" /><F109/><W79/><REACH who="3" step="1"/><G51/><REACH who="3" ten="200,402,163,225" step="2"/><T131/><D131/><U57/><E104/><V49/><F130/><W120/><G120/><T119/><D119/><U74/><E63/><V112/><F49/><W44/><G44/><T122/><D122/><U25/><E70/><V99/><F112/><W97/><G97/><T15/><D62/><U83/><E68/><V121/><F121/><W11/><G11/><T84/><D60/><U31/><E65/><V125/><F9/><W37/><G37/><T126/><D126/><U132/><E67/><V105/><F125/><W128/><G128/><T1/><D59/><U47/><E132/><V22/><F66/><W88/><G88/><N who="0" m="51207" /><D58/><U71/><E57/><V28/><F64/><W19/><G19/><T89/><D89/><U82/><E71/><V18/><F105/><W85/><G85/><T27/><D56/><U39/><E39/><V6/><F6/><W133/><G133/><T45/><D45/><U20/><E74/><V14/><F86/><W52/><G52/><T48/><D72/><RYUUKYOKU ba="0,1" sc="200,-10,402,-10,163,-10,225,30" hai3="4,8,13,16,23,53,54,76,77,79,95,98,103" /><INIT seed="3,1,1,4,1,65" ten="190,392,153,255" oya="3" hai0="59,73,126,9,115,30,7,90,35,42,63,131,4" hai1="37,54,39,123,40,104,81,52,95,133,89,67,119" hai2="120,124,78,31,62,87,92,105,114,29,71,56,134" hai3="3,12,17,135,27,19,77,91,106,66,110,53,85"/><W68/><G135/><T26/><D126/><U61/><E104/><V128/><F105/><W18/><G3/><T21/><D131/><U22/><E123/><V6/><F114/><W130/><G130/><T1/><D73/><U51/><E133/><V41/><F128/><W13/><G110/><T49/><D7/><U93/><E119/><V46/><F134/><W116/><G116/><T109/><D109/><U38/><E81/><V111/><F111/><W72/><G106/><T113/><D90/><U43/><E22/><V5/><F124/><W118/><G118/><T34/><D49/><U60/><E89/><V112/><F112/><N who="0" m="43082" /><D42/><N who="1" m="15915" /><E67/><AGARI ba="1,1" hai="1,4,9,21,26,30,34,35,59,63,67" m="43082" machi="67" ten="30,1000,0" yaku="11,1" doraHai="65" who="0" fromWho="1" sc="190,23,392,-13,153,0,255,0" owari="213,-18.7,379,47.9,153,-34.7,255,5.5" /></mjloggm>