<mjloggm ver="2.3"><GO type="225" lobby="0"/><UN n0="%E6%81%A5%E6%99%92%E3%81%97" n1="%6D%61%74%69%67%75%73%61" n2="%33%74%72%65%65" n3="%E6%A1%9C%E8%8A%B1%E9%96%83%E3%80%85" dan="16,17,16,16" rate="2115.80,2148.88,2111.50,2127.86" sx="M,M,F,M"/><TAIKYOKU oya="0"/><INIT seed="0,0,0,4,5,23" ten="250,250,250,250" oya="0" hai0="45,2,133,19,73,103,62,48,108,122,27,124,129" hai1="58,50,10,20,13,0,97,39,70,56,4,78,130" hai2="65,46,3,74,34,81,117,79,24,63,47,104,105" hai3="28,113,53,30,67,55,131,112,114,5,125,41,91"/><T40/><D122/><U118/><E118/><V7/><F117/><W98/><G131/><T35/><D129/><U127/><E130/><V135/><F135/><W21/><G125/><T121/><D121/><U94/><E70/><N who="2" m="42303" /><F47/><W128/><G128/><T43/><D2/><U12/><E39/><V96/><F46/><W66/><G41/><T59/><D124/><U120/><E120/><V37/><F37/><W93/><G5/><T11/><D133/><U72/><E127/><V119/><F96/><W116/><G116/><T42/><D73/><U33/><E33/><V71/><F71/><W22/><G22/><N who="0" m="13791" /><D108/><U57/><E72/><V60/><F60/><W29/><REACH who="3" step="1"/><G21/><REACH who="3" ten="250,250,250,240" step="2"/><T1/><D35/><U6/><E6/><V84/><F119/><W107/><G107/><T61/><D42/><U15/><E20/><V85/><F104/><W16/><G16/><T14/><D40/><U123/><E123/><V115/><F105/><W64/><AGARI ba="0,1" hai="28,29,30,53,55,64,66,67,91,93,98,112,113,114" machi="64" ten="40,8000,1" yaku="1,1,0,1,29,2,53,0" doraHai="23" doraHaiUra="101" who="3" fromWho="3" sc="250,-40,250,-20,250,-20,240,90" /><INIT seed="1,0,0,1,3,50" ten="210,230,230,330" oya="1" hai0="12,121,13,105,73,132,134,35,112,53,65,6,74" hai1="100,60,107,78,97,58,44,98,54,36,55,10,66" hai2="14,4,42,94,129,99,122,51,23,3,0,17,133" hai3="109,31,2,38,128,125,68,7,96,102,116,123,130"/><U76/><E10/><V117/><F117/><W135/><RYUUKYOKU type="yao9" ba="0,0" sc="210,0,230,0,230,0,330,0" hai3="2,7,31,38,68,96,102,109,116,123,125,128,130,135" /><INIT seed="1,1,0,2,4,116" ten="210,230,230,330" oya="1" hai0="47,60,30,35,52,37,74,20,120,62,130,10,46" hai1="54,97,127,71,63,36,73,86,13,134,106,68,17" hai2="95,125,21,24,45,78,90,83,113,2,92,4,131" hai3="65,115,8,15,43,1,96,23,25,0,128,107,19"/><U103/><E73/><V93/><F131/><W126/><G115/><T109/><D130/><U129/><E129/><V22/><F113/><W118/><G128/><T27/><D109/><U119/><E119/><V3/><F125/><W6/><G118/><T51/><D74/><U18/><E36/><V80/><F4/><W9/><G43/><T67/><D120/><U42/><E42/><V132/><F132/><W89/><G126/><T16/><D10/><U117/><E117/><V14/><F45/><W34/><G65/><T56/><D37/><U31/><E31/><V12/><F3/><N who="3" m="95" /><G89/><T111/><D111/><U121/><E127/><V33/><F2/><N who="3" m="1131" /><G96/><T110/><D110/><U75/><E75/><V84/><F33/><W81/><G81/><T28/><D62/><U99/><E134/><V50/><F50/><W61/><G107/><T41/><D35/><U70/><E86/><N who="2" m="48407" /><F22/><W66/><G66/><T114/><D114/><U123/><E99/><V29/><AGARI ba="1,0" hai="12,14,21,24,29,83,84,90,92,93,95" m="48407" machi="29" ten="30,1100,0" yaku="8,1" doraHai="116" who="2" fromWho="2" sc="210,-4,230,-6,230,14,330,-4" /><INIT seed="2,0,0,1,2,8" ten="206,224,244,326" oya="2" hai0="60,70,74,3,40,91,95,127,12,59,18,62,98" hai1="66,63,90,102,64,17,87,73,78,89,118,21,39" hai2="114,7,76,1,51,69,16,117,77,124,100,6,38" hai3="112,52,121,130,133,131,47,115,68,71,107,57,45"/><V54/><F114/><N who="3" m="43563" /><G107/><T36/><D127/><U23/><E118/><V22/><F117/><W0/><G0/><T31/><D3/><U109/><E39/><V126/><F38/><W106/><G106/><T49/><D74/><U83/><E109/><V108/><F69/><N who="3" m="26699" /><G133/><T119/><D119/><U2/><E2/><V37/><F37/><W43/><G121/><T9/><D36/><U27/><E102/><V35/><F35/><W50/><G45/><N who="0" m="25767" /><D70/><U128/><E128/><V75/><F100/><W33/><G33/><T55/><D31/><N who="1" m="17903" /><E73/><V32/><F32/><W48/><AGARI ba="0,0" hai="43,47,48,50,52,57,130,131" m="26699,43563" machi="48" ten="40,8000,1" yaku="11,1,34,2,54,1" doraHai="8" who="3" fromWho="3" sc="206,-20,224,-20,244,-40,326,80" /><INIT seed="3,0,0,0,3,59" ten="186,204,204,406" oya="3" hai0="12,128,75,54,77,41,8,113,106,5,65,72,74" hai1="56,29,110,62,120,4,76,122,123,47,124,55,69" hai2="45,0,32,57,132,52,84,18,27,43,94,30,95" hai3="131,20,108,135,14,23,2,85,96,49,117,66,60"/><W61/><G61/><T119/><D119/><U116/><E116/><V104/><F104/><W126/><G85/><T127/><D106/><U91/><E110/><V82/><F0/><W34/><G14/><T13/><D127/><U130/><E124/><V118/><F118/><W129/><G23/><T68/><D128/><U35/><E130/><V63/><F18/><W51/><G20/><T58/><D41/><U125/><E125/><V3/><F3/><W40/><G51/><T6/><D113/><U92/><E76/><V112/><F132/><W28/><G60/><T70/><D77/><U19/><E4/><V39/><F112/><W97/><G49/><T26/><D26/><U88/><E69/><V134/><F134/><W115/><G97/><T102/><D102/><U81/><E19/><V33/><F32/><W48/><G96/><T87/><D87/><U17/><E17/><V98/><F98/><W111/><G34/><T10/><D65/><U11/><E11/><V73/><F73/><W44/><G111/><T21/><D21/><U114/><E114/><V80/><F80/><W46/><G108/><T109/><D109/><U15/><E15/><V36/><F36/><W1/><G115/><T89/><D89/><AGARI ba="0,0" hai="27,30,33,39,43,45,52,57,63,82,84,89,94,95" machi="89" ten="30,3900,0" yaku="7,1,52,1,54,1" doraHai="59" who="2" fromWho="0" sc="186,-39,204,0,204,39,406,0" owari="147,-35.3,204,-19.6,243,4.3,406,50.6" /></mjloggm>