<mjloggm ver="2.3"><GO type="225" lobby="0"/><UN n0="%E5%8D%A0%E3%81%84%E5%B8%AB%E8%A3%8F%E3%81%AA%E3%81%84%E3%81%97" n1="%4C%4F%4C%49%54%41" n2="%E7%99%BD%E6%97%A5%E9%9B%AA%E8%8F%9C" n3="%E3%81%8B%E3%82%8F%E3%81%A1%E3%82%83%E3%82%93%35%38" dan="16,16,16,16" rate="2165.81,2174.91,2189.64,2172.34" sx="M,F,M,M"/><TAIKYOKU oya="0"/><INIT seed="0,0,0,2,3,89" ten="250,250,250,250" oya="0" hai0="123,0,112,53,63,43,40,19,119,13,110,122,90" hai1="25,100,114,66,1,118,51,106,4,107,59,133,44" hai2="55,103,81,3,126,18,29,8,73,116,38,16,2" hai3="117,128,96,35,131,45,37,113,60,42,86,85,97"/><T79/><D112/><U65/><E118/><V102/><F38/><W41/><G35/><T80/><D119/><U17/><E133/><V69/><F116/><W127/><G117/><T27/><D0/><U30/><E114/><V21/><F69/><W111/><G113/><T26/><D123/><U58/><E17/><V20/><F29/><W135/><G60/><T15/><D122/><U71/><E4/><V14/><F126/><W84/><G127/><T95/><D110/><U104/><E1/><V121/><F121/><W62/><G111/><T68/><D68/><U47/><E100/><V82/><F55/><W54/><G135/><T124/><D124/><U92/><E92/><V49/><F49/><W76/><G76/><T50/><D63/><U87/><E87/><V7/><F14/><W108/><G42/><T46/><D15/><U125/><E125/><V115/><F115/><W130/><REACH who="3" step="1"/><G108/><REACH who="3" ten="250,250,250,240" step="2"/><T78/><D43/><U32/><E71/><V134/><F134/><W39/><G39/><T36/><D79/><U12/><E32/><V98/><F73/><W6/><G6/><T93/><D78/><U23/><E65/><V77/><F77/><W83/><G83/><T99/><D80/><U22/><E66/><V61/><F61/><W52/><G52/><T105/><D105/><U109/><E109/><V9/><F7/><W88/><G88/><N who="0" m="55719" /><D40/><U48/><E106/><V28/><F82/><W101/><G101/><T64/><D36/><U24/><E104/><V72/><F81/><W120/><G120/><T94/><D64/><U11/><E107/><V129/><F103/><RYUUKYOKU ba="0,1" sc="250,-10,250,-10,250,-10,240,30" hai3="37,41,45,54,62,84,85,86,96,97,128,130,131" /><INIT seed="1,1,1,0,0,54" ten="240,240,240,270" oya="1" hai0="70,120,121,123,95,86,116,22,2,24,47,59,133" hai1="89,58,74,69,81,33,77,100,46,48,90,122,63" hai2="56,102,37,110,20,113,45,53,66,12,31,101,42" hai3="132,18,109,5,1,4,104,36,73,76,72,8,3"/><U71/><E122/><V91/><F110/><W61/><G76/><T108/><D116/><U93/><E33/><V55/><F113/><W134/><G104/><T49/><D70/><U11/><E100/><V17/><F31/><W19/><G36/><T38/><D2/><N who="3" m="521" /><G8/><T80/><D133/><N who="3" m="51305" /><G61/><T68/><D68/><U14/><E46/><V35/><F35/><W44/><G44/><T15/><D108/><U87/><E89/><V13/><F13/><W9/><G9/><T62/><D15/><U50/><E69/><V41/><F41/><W117/><G109/><T131/><D131/><U85/><E71/><V28/><F28/><W130/><G130/><T6/><D38/><U60/><E74/><N who="3" m="28778" /><G117/><T79/><D6/><AGARI ba="1,1" hai="4,5,6,18,19" m="28778,51305,521" machi="6" ten="40,5200,0" yaku="28,2,20,1" doraHai="54" who="3" fromWho="0" sc="240,-55,240,0,240,0,270,65" /><INIT seed="2,0,0,3,3,109" ten="185,240,240,335" oya="2" hai0="113,14,50,3,47,52,126,112,119,23,41,58,73" hai1="74,92,105,56,135,28,131,100,69,96,62,76,1" hai2="24,68,51,59,57,17,34,35,12,133,72,85,128" hai3="75,18,45,111,15,98,30,4,93,61,116,42,95"/><V114/><F72/><W124/><G116/><T77/><D3/><U80/><E1/><V71/><F128/><W78/><G4/><T44/><D119/><U8/><E135/><V21/><F133/><W106/><G30/><T70/><D70/><U89/><E131/><V22/><F114/><W48/><G75/><T132/><D132/><U88/><E8/><V29/><F59/><W11/><G78/><T32/><D32/><U19/><E28/><V125/><F125/><W63/><G124/><T53/><D126/><U40/><E40/><V99/><F99/><W9/><G106/><T81/><D23/><U117/><E117/><V0/><F0/><W104/><G104/><T25/><D14/><U37/><E37/><V91/><F35/><W118/><G118/><T97/><D25/><U33/><E33/><V10/><F34/><W55/><G9/><T66/><D66/><U90/><E19/><V7/><F57/><W36/><G95/><T86/><D97/><U101/><E69/><V127/><F51/><N who="3" m="27063" /><G111/><T31/><D31/><U5/><E5/><V65/><F127/><W121/><G36/><T103/><D103/><U60/><E101/><V102/><F102/><N who="3" m="60751" /><G121/><T123/><D73/><U82/><E82/><V2/><REACH who="2" step="1"/><F65/><REACH who="2" ten="185,240,230,335" step="2"/><W67/><G67/><T26/><D123/><U107/><E56/><AGARI ba="0,1" hai="11,15,18,48,55,56,61,63" m="60751,27063" machi="56" ten="30,1000,0" yaku="8,1" doraHai="109" who="3" fromWho="1" sc="185,0,240,-10,230,0,335,20" /><INIT seed="3,0,0,3,0,30" ten="185,230,230,355" oya="3" hai0="115,133,12,99,48,7,86,51,80,100,14,47,97" hai1="66,2,62,70,24,111,128,118,108,69,87,68,38" hai2="65,18,27,49,83,77,88,82,10,104,134,78,121" hai3="89,125,120,122,52,15,76,13,23,45,93,90,103"/><W106/><G106/><T46/><D133/><U59/><E2/><V95/><F104/><W112/><G76/><N who="2" m="29289" /><F134/><W1/><G1/><T43/><D115/><U39/><E128/><V101/><F101/><W36/><G36/><N who="1" m="13866" /><E87/><N who="2" m="52639" /><F121/><W0/><G103/><T20/><D20/><U75/><E24/><V33/><F33/><W105/><G45/><T85/><D100/><U114/><E75/><V11/><F65/><W42/><G42/><T123/><D123/><U37/><E37/><V31/><F31/><W34/><G125/><T29/><D29/><U67/><E118/><V35/><F35/><W126/><G23/><T60/><D60/><N who="1" m="38175" /><E114/><V63/><F63/><W32/><G0/><T79/><D85/><U9/><E9/><N who="2" m="3083" /><F49/><W132/><G93/><T16/><D7/><U57/><AGARI ba="0,0" hai="57,62,67,68,69,70,108,111" m="38175,13866" machi="57" ten="40,2700,0" yaku="34,2" doraHai="30" who="1" fromWho="1" sc="185,-7,230,27,230,-7,355,-13" owari="178,-32.2,257,5.7,223,-17.7,342,44.2" /></mjloggm>