<mjloggm ver="2.3"><GO type="225" lobby="0"/><UN n0="%E3%83%99%E3%83%AB%E3%83%A2%E3%83%83%E3%83%88" n1="%E3%83%8F%E3%82%A4%E3%83%91%E3%83%BC%E3%83%84%E3%83%8A%E7%BC%B6" n2="%E5%B0%8F%E9%B3%A5%E9%81%8A%E7%B7%B4%E7%84%A1%32%31%E6%AD%B3" n3="%E6%9D%B1%E9%A2%A8%E3%81%AE%E3%81%8D%E3%82%83%E3%81%B7%E3%81%95%E3%82%93" dan="16,16,16,17" rate="2081.34,2084.56,2151.99,2254.44" sx="M,M,F,M"/><TAIKYOKU oya="0"/><INIT seed="0,0,0,2,1,8" ten="250,250,250,250" oya="0" hai0="54,36,135,123,19,122,43,52,5,63,9,48,60" hai1="46,128,89,67,25,98,6,4,28,92,101,47,29" hai2="119,33,40,64,65,24,35,32,68,14,121,96,120" hai3="90,94,71,10,69,116,107,134,88,22,51,81,82"/><T112/><D112/><U108/><E108/><V38/><F24/><W125/><G107/><T79/><D135/><U44/><E128/><V50/><F38/><W126/><G116/><T23/><D36/><U42/><E42/><V102/><F119/><W109/><G109/><T76/><D43/><U84/><E67/><V91/><F91/><W16/><G10/><T3/><D122/><U56/><E56/><V93/><F121/><W34/><G51/><T27/><D123/><U31/><REACH who="1" step="1"/><E25/><REACH who="1" ten="250,240,250,250" step="2"/><V15/><F120/><W11/><G134/><T113/><D113/><U97/><E97/><V37/><F37/><W21/><G34/><T129/><D129/><U87/><E87/><V133/><F133/><W110/><G110/><T124/><D124/><U17/><E17/><V45/><REACH who="2" step="1"/><F65/><REACH who="2" ten="250,240,240,250" step="2"/><W103/><G126/><T131/><D131/><U72/><E72/><V118/><F118/><W55/><G125/><T115/><D115/><U70/><E70/><V95/><F95/><AGARI ba="0,2" hai="4,6,28,29,31,44,46,47,84,89,92,95,98,101" machi="95" ten="40,2600,0" yaku="1,1,8,1,53,0" doraHai="8" doraHaiUra="12" who="1" fromWho="2" sc="250,0,240,46,240,-26,250,0" /><INIT seed="1,0,0,3,4,118" ten="250,286,214,250" oya="1" hai0="110,90,83,23,29,73,51,131,92,76,59,133,37" hai1="115,48,41,106,74,1,116,129,49,80,91,105,40" hai2="123,98,100,69,103,13,66,27,77,56,71,12,45" hai3="88,39,128,34,78,6,46,121,28,43,57,68,85"/><U5/><E116/><V95/><F77/><W50/><G68/><T93/><D37/><U125/><E115/><V79/><F79/><W99/><G128/><T2/><D2/><U0/><E74/><V107/><F45/><W62/><G121/><T65/><D131/><U10/><E129/><V134/><F134/><W24/><G6/><T9/><D133/><U82/><E5/><V113/><F113/><W119/><G78/><T67/><D93/><U38/><E38/><V35/><F56/><W86/><G119/><T132/><D132/><U120/><E91/><V52/><F71/><W108/><G108/><T58/><D58/><U19/><E19/><V53/><F123/><W22/><G34/><T94/><D94/><U17/><E17/><V96/><F12/><W60/><G39/><T127/><D127/><U32/><E10/><V7/><F13/><W101/><G60/><T84/><D9/><U36/><E36/><V130/><F7/><W16/><G28/><T72/><D72/><U31/><E31/><N who="2" m="19967" /><F130/><W124/><G124/><T114/><D114/><U3/><E3/><V26/><F26/><W112/><G112/><T126/><D110/><U21/><E32/><V61/><AGARI ba="0,0" hai="52,53,61,66,69,95,96,98,100,103,107" m="19967" machi="61" ten="30,2000,0" yaku="25,1,54,1" doraHai="118" who="2" fromWho="2" sc="250,-5,286,-10,214,20,250,-5" /><INIT seed="2,0,0,3,1,63" ten="245,276,234,245" oya="2" hai0="52,33,22,7,130,48,115,72,67,93,86,107,28" hai1="8,14,83,79,20,82,6,47,60,109,126,100,104" hai2="44,117,131,4,46,87,97,49,84,98,71,127,53" hai3="96,31,129,56,9,5,16,23,51,123,58,59,81"/><V128/><F117/><W102/><G129/><N who="2" m="49737" /><F4/><W111/><G123/><T24/><D72/><U17/><E109/><V74/><F74/><W61/><G111/><T1/><D130/><U68/><E126/><V78/><F127/><W66/><G31/><T21/><D107/><U2/><E47/><N who="2" m="17963" /><F78/><W25/><G81/><T91/><D115/><U36/><E36/><V10/><F10/><W110/><G110/><T108/><D108/><U122/><E122/><V85/><F71/><W27/><G27/><T119/><D119/><U65/><REACH who="1" step="1"/><E79/><REACH who="1" ten="245,266,234,245" step="2"/><V116/><F116/><W75/><G75/><T3/><D3/><U112/><E112/><V118/><F118/><W92/><G51/><T135/><D1/><AGARI ba="0,1" hai="1,5,9,16,23,25,56,58,59,61,66,92,96,102" machi="1" ten="30,3900,0" yaku="7,1,52,1,54,1" doraHai="63" who="3" fromWho="0" sc="245,-39,266,0,234,0,245,49" /><INIT seed="3,0,0,5,2,28" ten="206,266,234,294" oya="3" hai0="21,61,81,63,17,33,9,116,117,50,14,120,62" hai1="75,89,59,74,12,58,79,111,131,40,108,18,82" hai2="3,107,95,22,68,29,53,112,109,127,19,67,52" hai3="7,37,83,124,49,76,2,90,93,87,114,118,85"/><W36/><G118/><T0/><D120/><U8/><E131/><V99/><F112/><W42/><G114/><T133/><D133/><U6/><E40/><V30/><F3/><W24/><G124/><T100/><D100/><U26/><E89/><V113/><F113/><W23/><G2/><T41/><D81/><U122/><E75/><V128/><F107/><W4/><G37/><T56/><D0/><U38/><E38/><V101/><F109/><N who="1" m="42057" /><E122/><V129/><F127/><W125/><G36/><T69/><D69/><U80/><E82/><V88/><F101/><W102/><G102/><T13/><D33/><U54/><E54/><N who="2" m="21099" /><F67/><W48/><G125/><T132/><D56/><U98/><E98/><V126/><F68/><W84/><G84/><T34/><D34/><U25/><E25/><N who="2" m="14559" /><F126/><W11/><G11/><T10/><D132/><U121/><E121/><V115/><F115/><W134/><G134/><T119/><REACH who="0" step="1"/><D14/><REACH who="0" ten="196,266,234,294" step="2"/><U135/><E135/><V73/><F73/><W31/><G48/><T86/><D86/><U104/><E104/><V77/><F77/><W65/><G87/><T1/><D1/><U105/><E105/><V71/><F71/><W46/><G83/><T57/><D57/><U20/><AGARI ba="0,1" hai="6,8,12,18,20,26,58,59,74,79,80" m="42057" machi="20" ten="30,1100,0" yaku="14,1" doraHai="28" who="1" fromWho="1" sc="196,-3,266,21,234,-3,294,-5" /><INIT seed="4,0,0,5,3,14" ten="193,287,231,289" oya="0" hai0="118,50,125,93,46,81,86,43,78,29,68,127,22" hai1="18,72,51,11,99,69,101,75,32,79,115,106,20" hai2="107,57,121,83,92,4,26,126,123,28,134,61,76" hai3="15,109,42,2,48,59,39,70,13,97,102,52,60"/><T24/><D68/><U5/><E69/><V71/><F107/><N who="3" m="63951" /><G2/><T111/><D118/><U122/><E32/><V130/><F71/><W16/><G16/><T3/><D3/><U64/><E122/><V38/><F38/><W82/><G82/><T8/><D111/><U40/><E115/><V135/><F92/><W58/><G58/><T17/><D93/><U85/><E64/><V54/><F4/><W7/><G7/><T112/><D112/><U33/><E33/><V84/><F130/><W23/><G23/><T37/><REACH who="0" step="1"/><D50/><REACH who="0" ten="183,287,231,289" step="2"/><U66/><E51/><V34/><REACH who="2" step="1"/><F126/><REACH who="2" ten="183,287,221,289" step="2"/><W105/><G109/><T74/><D74/><U9/><E75/><V104/><F104/><W27/><G105/><T65/><D65/><U94/><E66/><V49/><F49/><W131/><G131/><T117/><D117/><U45/><E72/><V98/><F98/><W119/><G119/><T36/><D36/><U90/><E106/><V30/><F30/><W116/><G116/><T35/><D35/><U129/><E129/><V87/><F87/><W25/><G39/><T133/><D133/><AGARI ba="0,2" hai="26,28,34,54,57,61,76,83,84,121,123,133,134,135" machi="133" ten="40,2600,0" yaku="1,1,20,1,53,0" doraHai="14" doraHaiUra="120" who="2" fromWho="0" sc="183,-26,287,0,221,46,289,0" /><INIT seed="5,0,0,3,3,60" ten="157,287,267,289" oya="1" hai0="116,124,87,56,98,123,53,96,108,39,58,17,67" hai1="34,133,30,85,84,5,2,111,92,73,40,115,47" hai2="113,107,97,66,77,79,54,89,94,32,31,93,44" hai3="20,109,13,41,118,22,65,19,61,26,83,48,88"/><U114/><E133/><V76/><F113/><N who="1" m="43017" /><E73/><V135/><F135/><W62/><G118/><T0/><D108/><U101/><E111/><V104/><F32/><W119/><G109/><T91/><D116/><U112/><E112/><V51/><F31/><N who="3" m="17863" /><G65/><T37/><D0/><U120/><E120/><V99/><REACH who="2" step="1"/><F66/><REACH who="2" ten="157,287,257,289" step="2"/><W71/><G119/><T21/><D123/><U131/><E131/><V52/><F52/><W128/><G128/><T1/><D124/><U126/><E126/><V86/><F86/><N who="3" m="50271" /><G71/><T36/><D1/><U70/><E70/><V102/><AGARI ba="0,1" hai="44,51,54,76,77,79,89,93,94,97,99,102,104,107" machi="102" ten="30,2000,0" yaku="1,1,0,1,53,0" doraHai="60" doraHaiUra="110" who="2" fromWho="2" sc="157,-5,287,-10,257,30,289,-5" /><INIT seed="6,0,0,4,3,6" ten="152,277,287,284" oya="2" hai0="83,39,10,17,53,110,49,37,62,15,76,33,30" hai1="127,0,131,116,130,114,100,35,91,124,94,106,98" hai2="111,31,55,77,123,52,86,63,19,21,32,45,41" hai3="74,82,46,25,64,16,22,58,99,23,70,81,115"/><V26/><F123/><W85/><G70/><T7/><D110/><U34/><E0/><V13/><F111/><W40/><G115/><T14/><D62/><U96/><E116/><V27/><F27/><W59/><G74/><T128/><D128/><N who="1" m="49195" /><E34/><V24/><F24/><W72/><G72/><T133/><D133/><U95/><E35/><V122/><F122/><W47/><G99/><T107/><D107/><U61/><E61/><V92/><F63/><N who="3" m="38007" /><G40/><T65/><D65/><U93/><E114/><V56/><F56/><W118/><G118/><T97/><D97/><U67/><E67/><V54/><F77/><N who="3" m="46255" /><G59/><T134/><D30/><U84/><E96/><V104/><F104/><W90/><G23/><T20/><D33/><U105/><E105/><V1/><F1/><W73/><G73/><T43/><D43/><U50/><E50/><N who="2" m="26927" /><F32/><W8/><G8/><T101/><D101/><U121/><E121/><V125/><F125/><AGARI ba="0,0" hai="84,91,93,94,95,98,100,106,124,125,127" m="49195" machi="125" ten="30,7700,0" yaku="18,1,19,1,34,2" doraHai="6" who="1" fromWho="2" sc="152,0,277,77,287,-77,284,0" owari="152,-34.8,354,45.4,210,-19.0,284,8.4" /></mjloggm>