<mjloggm ver="2.3"><GO type="225" lobby="0"/><UN n0="%E3%81%B8%E3%82%80%E3%81%B8%E3%82%80%EF%BC%92%E5%8F%B7" n1="%E8%A8%88%E7%AE%97%E6%A9%9F%E8%87%AA%E7%84%B6" n2="%E3%83%9F%E3%83%AA%E3%83%80%E3%81%97%E3%82%88" n3="%E6%80%AA%E3%81%97%E3%81%99%E3%81%8E%E3%82%8B%E3%83%81%E3%83%BC" dan="17,17,16,16" rate="2213.48,2201.11,2060.56,2181.69" sx="M,M,M,M"/><TAIKYOKU oya="0"/><INIT seed="0,0,0,5,4,126" ten="250,250,250,250" oya="0" hai0="8,91,78,104,129,14,61,80,59,0,121,107,48" hai1="100,113,92,130,21,112,93,110,76,71,24,45,20" hai2="42,118,120,123,33,79,47,77,89,58,17,30,51" hai3="3,46,132,25,56,97,27,28,86,85,41,84,81"/><T95/><D121/><U109/><E71/><V64/><F118/><W50/><G3/><T10/><D48/><U60/><E76/><V96/><F33/><W5/><G132/><T105/><D0/><U54/><E100/><V106/><F30/><W133/><G5/><T75/><D129/><U22/><E24/><V65/><F65/><W68/><G68/><T62/><D14/><U63/><E45/><V67/><F67/><W116/><G133/><T39/><D39/><U2/><E2/><V66/><F66/><W12/><G12/><T37/><D37/><U4/><E4/><V135/><F135/><W111/><G111/><N who="1" m="42506" /><E54/><V114/><F114/><N who="1" m="44137" /><E130/><V40/><F40/><W32/><G27/><T87/><REACH who="0" step="1"/><D59/><REACH who="0" ten="240,250,250,250" step="2"/><U115/><E115/><V31/><F58/><W122/><G56/><T1/><D1/><U134/><E134/><V36/><F36/><W72/><G122/><T103/><D103/><U128/><E128/><V7/><F123/><W117/><G116/><T57/><D57/><U18/><E18/><V83/><F17/><W125/><G117/><T15/><D15/><U69/><E69/><V52/><F120/><W9/><G50/><T55/><D55/><U108/><E108/><V88/><F51/><W70/><G70/><T82/><D82/><U43/><E43/><V102/><F52/><W35/><G41/><T101/><D101/><U131/><E131/><V73/><F42/><W11/><G81/><T99/><D99/><U19/><E19/><V13/><F83/><W34/><G97/><T23/><D23/><U16/><E16/><V44/><F102/><RYUUKYOKU ba="0,1" sc="240,15,250,15,250,-15,250,-15" hai0="8,10,61,62,75,78,80,87,91,95,104,105,107" hai1="20,21,22,60,63,92,93" /><INIT seed="0,1,1,2,0,35" ten="255,265,235,235" oya="0" hai0="16,75,63,59,111,21,106,120,93,101,26,131,103" hai1="11,94,66,129,76,110,55,99,23,77,113,126,70" hai2="51,25,105,115,29,56,7,0,48,122,107,123,22" hai3="44,5,14,42,97,91,112,108,88,20,57,69,17"/><T92/><D120/><U30/><E110/><V114/><F7/><W24/><G69/><T61/><D111/><U84/><E129/><V39/><F56/><W41/><G112/><T28/><D131/><U53/><E126/><V116/><F22/><W104/><G108/><T89/><D75/><U124/><E124/><V47/><F47/><W36/><G42/><T87/><D106/><U80/><E76/><V102/><F102/><W85/><G57/><T60/><D59/><U52/><E113/><V72/><F25/><W27/><G5/><T86/><REACH who="0" step="1"/><D28/><REACH who="0" ten="245,265,235,235" step="2"/><U34/><E30/><V78/><F29/><W125/><G125/><T118/><D118/><U81/><E70/><V62/><F72/><W43/><G104/><T13/><D13/><U2/><E66/><V98/><F116/><W130/><G130/><T68/><D68/><U90/><E34/><V83/><F107/><W58/><G14/><T12/><D12/><U64/><E64/><V6/><F105/><W8/><G58/><T50/><D50/><U117/><E117/><V135/><F48/><W1/><G24/><T71/><D71/><U82/><E23/><V38/><F51/><W37/><G20/><T3/><D3/><U96/><E77/><V74/><F78/><W132/><G1/><T10/><D10/><U33/><E33/><V49/><F0/><W109/><G8/><T54/><D54/><U65/><E65/><V31/><F31/><W19/><G109/><T15/><D15/><U18/><E2/><V4/><F123/><W32/><G32/><T134/><D134/><U46/><E46/><RYUUKYOKU ba="1,2" sc="245,15,265,15,235,-15,235,-15" hai0="16,21,26,60,61,63,86,87,89,92,93,101,103" hai1="11,18,52,53,55,80,81,82,84,90,94,96,99" /><INIT seed="0,2,2,4,0,49" ten="260,280,220,220" oya="0" hai0="100,26,54,41,55,125,101,62,132,83,0,111,119" hai1="120,63,73,29,81,75,51,69,133,66,90,124,9" hai2="76,45,96,22,60,108,103,84,43,98,93,87,59" hai3="15,128,30,74,64,106,21,52,28,58,109,113,123"/><T97/><D119/><U80/><E120/><V71/><F71/><W11/><G113/><T94/><D0/><U122/><E122/><V6/><F108/><W115/><G115/><T48/><D111/><U79/><E124/><V14/><F76/><W104/><G74/><T121/><D121/><U16/><E133/><V38/><F98/><W50/><G123/><T61/><D125/><U110/><E29/><V85/><F22/><W72/><G72/><T91/><D26/><U10/><E110/><V46/><F46/><W92/><G109/><T114/><D114/><U102/><E102/><N who="0" m="39529" /><D132/><U68/><E68/><V31/><F31/><W37/><G128/><T65/><D83/><U127/><E127/><V107/><F14/><W78/><G37/><T56/><D62/><U24/><E51/><V116/><F6/><W33/><G33/><T44/><AGARI ba="2,2" hai="41,44,48,54,55,56,61,65,91,94,97" m="39529" machi="44" ten="30,6000,0" yaku="8,1,52,2" doraHai="49" who="0" fromWho="0" sc="260,86,280,-22,220,-22,220,-22" /><INIT seed="0,3,0,4,0,129" ten="346,258,198,198" oya="0" hai0="69,12,51,49,112,46,4,55,22,54,105,103,23" hai1="47,0,98,58,75,19,62,30,85,115,89,8,20" hai2="117,53,18,38,56,83,40,43,126,45,2,73,61" hai3="107,92,9,133,60,104,88,79,1,78,70,48,39"/><T81/><D112/><U57/><E75/><V120/><F120/><W76/><G39/><T119/><D69/><U3/><E115/><V72/><F126/><W11/><G133/><T25/><D119/><U13/><E98/><V32/><F117/><W84/><G48/><T41/><D105/><U36/><E57/><V125/><F125/><W17/><G11/><T106/><D106/><U97/><E97/><V71/><F2/><W132/><G132/><T14/><D103/><U24/><E36/><V131/><F131/><W118/><G118/><T128/><D128/><U35/><E47/><V87/><F40/><W16/><G104/><T5/><D81/><U37/><E37/><V50/><F18/><W113/><G107/><T82/><D82/><U67/><E35/><V109/><F109/><W96/><G96/><T65/><D65/><U108/><E108/><V135/><F32/><W59/><G70/><T90/><D90/><U114/><E114/><V86/><F86/><W64/><REACH who="3" step="1"/><G113/><REACH who="3" ten="346,258,198,188" step="2"/><T93/><D49/><U6/><E6/><AGARI ba="3,1" hai="1,6,9,16,17,59,60,64,76,78,79,84,88,92" machi="6" ten="40,8000,1" yaku="1,1,2,1,54,2,53,0" doraHai="129" doraHaiUra="110" who="3" fromWho="1" sc="346,0,258,-89,198,0,188,99" /><INIT seed="1,0,0,0,0,27" ten="346,169,198,287" oya="1" hai0="80,83,6,125,73,16,68,93,121,51,88,53,131" hai1="42,120,26,102,30,70,111,126,110,112,64,128,104" hai2="24,39,106,18,99,94,10,66,8,65,127,5,62" hai3="29,133,60,118,57,109,40,46,95,32,114,124,13"/><U113/><E120/><V33/><F127/><W69/><G114/><N who="1" m="44138" /><E42/><V103/><F39/><W56/><G69/><T45/><D125/><U19/><E19/><V135/><F135/><W119/><G133/><T61/><D121/><U22/><E126/><V36/><F36/><W14/><G109/><N who="1" m="41482" /><E128/><V105/><F66/><W11/><G124/><T58/><D131/><U43/><E43/><V12/><F10/><W82/><G11/><T25/><D73/><U79/><E79/><V81/><F81/><N who="0" m="31306" /><D68/><U67/><E70/><V132/><F132/><W55/><G118/><T0/><D0/><U1/><E1/><V52/><F65/><N who="1" m="25161" /><E102/><V23/><REACH who="2" step="1"/><F33/><REACH who="2" ten="346,169,188,287" step="2"/><W122/><G32/><T17/><D6/><U44/><E44/><V72/><F72/><W7/><G46/><T9/><D9/><U35/><E104/><V90/><F90/><W76/><G7/><T63/><D45/><U48/><E35/><V74/><F74/><W3/><G122/><T34/><D34/><U115/><N who="1" m="44146" /><U130/><DORA hai="89" /><E130/><V71/><F71/><W91/><G119/><T47/><D47/><U38/><E38/><V15/><F15/><W97/><G13/><T78/><D78/><U123/><E123/><V77/><F77/><W107/><G14/><T87/><D88/><U134/><E134/><V21/><F21/><W31/><G107/><T98/><D58/><AGARI ba="0,1" hai="5,8,12,18,23,24,52,58,62,94,99,103,105,106" machi="58" ten="40,8000,1" yaku="1,1,52,1,54,1,53,2" doraHai="27,89" doraHaiUra="54,59" who="2" fromWho="0" sc="346,-80,169,0,188,90,287,0" /><INIT seed="2,0,0,3,4,11" ten="266,169,278,287" oya="2" hai0="31,72,32,60,94,131,118,109,48,38,23,105,13" hai1="100,49,42,47,7,67,83,123,34,104,80,26,50" hai2="29,108,133,135,90,5,91,58,98,35,111,70,66" hai3="134,54,110,113,37,99,92,14,30,128,52,12,101"/><V2/><F70/><W102/><G37/><T75/><D105/><U88/><E123/><V124/><F124/><W89/><G110/><N who="2" m="42025" /><F5/><W127/><G128/><T81/><D38/><U112/><E112/><V106/><F2/><W6/><G134/><N who="2" m="51209" /><F29/><W78/><G127/><T77/><D109/><U3/><E67/><V28/><F28/><W117/><G117/><T71/><D31/><U85/><E34/><V125/><F35/><W44/><G113/><T132/><D32/><U20/><E3/><V97/><F125/><W64/><G64/><T17/><D71/><U45/><E7/><V122/><F122/><W107/><G30/><T59/><D118/><U0/><E0/><V40/><F40/><W19/><G6/><T63/><D132/><U130/><E130/><V87/><F106/><W1/><G1/><T115/><D131/><U53/><E104/><V68/><F68/><W119/><G119/><T79/><D115/><U93/><REACH who="1" step="1"/><E100/><REACH who="1" ten="266,159,278,287" step="2"/><V86/><F66/><W16/><G102/><T61/><D72/><U116/><E116/><V121/><F121/><W95/><G107/><T82/><D75/><U43/><E43/><V74/><F74/><W8/><G54/><N who="0" m="32199" /><D94/><U33/><E33/><V24/><F24/><W56/><G95/><T22/><D22/><U69/><E69/><V62/><F98/><W103/><G101/><T129/><D129/><U21/><E21/><V126/><F97/><W10/><G103/><T65/><D65/><U51/><E51/><V55/><F126/><W15/><G99/><T41/><D41/><U96/><E96/><V120/><F120/><RYUUKYOKU ba="0,1" sc="266,10,159,10,278,10,287,-30" hai0="13,17,23,60,61,63,77,79,81,82" hai1="20,26,42,45,47,49,50,53,80,83,85,88,93" hai2="55,58,62,86,87,90,91" /><INIT seed="2,1,1,4,3,83" ten="276,169,288,257" oya="2" hai0="25,16,50,43,106,61,45,32,34,67,49,18,30" hai1="15,31,41,79,76,53,70,77,57,100,129,28,9" hai2="22,121,54,126,0,74,111,71,56,36,11,4,35" hai3="90,128,127,8,65,109,59,86,95,51,101,3,5"/><V94/><F71/><W60/><G109/><T89/><D34/><U108/><E108/><V103/><F111/><W21/><G128/><T96/><D50/><U38/><E70/><V81/><F35/><W66/><G127/><T17/><D89/><U120/><E129/><V105/><F105/><W40/><G101/><N who="0" m="62759" /><D17/><U91/><E120/><V125/><F121/><W13/><G21/><T133/><D133/><U52/><E100/><V19/><F36/><W64/><G3/><T124/><D124/><U62/><E38/><V37/><F37/><W72/><G72/><T82/><D82/><U117/><E41/><V118/><F118/><W39/><G39/><T85/><D85/><U12/><E117/><V55/><F55/><W134/><G134/><T26/><D26/><U68/><E68/><AGARI ba="1,1" hai="16,18,25,30,32,43,45,49,61,67,68" m="62759" machi="68" ten="30,2000,0" yaku="25,1,54,1" doraHai="83" who="0" fromWho="1" sc="276,33,169,-23,288,0,257,0" /><INIT seed="3,0,0,4,1,93" ten="309,146,288,257" oya="3" hai0="78,50,3,123,20,65,76,39,4,75,60,17,48" hai1="63,67,12,120,118,19,21,7,110,66,99,11,98" hai2="84,16,109,131,13,46,121,122,100,57,128,72,91" hai3="54,40,133,9,129,35,111,73,58,42,104,90,15"/><W22/><G35/><T52/><D39/><U92/><E110/><V127/><F109/><W31/><G73/><T106/><D106/><U97/><E120/><N who="2" m="46187" /><F72/><W74/><G74/><T95/><D95/><U32/><E32/><V56/><F127/><W124/><G104/><T102/><D102/><U116/><E92/><N who="2" m="54375" /><F100/><W114/><G133/><T125/><D125/><U34/><E34/><V87/><F87/><W25/><G129/><N who="2" m="49737" /><F46/><W70/><G70/><T85/><D85/><U62/><E66/><V30/><F30/><W79/><G114/><T117/><D117/><N who="1" m="45163" /><E67/><V8/><AGARI ba="0,0" hai="8,13,16,56,57" m="49737,54375,46187" machi="8" ten="30,4000,0" yaku="13,1,19,1,54,1" doraHai="93" who="2" fromWho="2" sc="309,-10,146,-10,288,40,257,-20" owari="299,9.9,136,-36.4,328,42.8,237,-16.3" /></mjloggm>