<mjloggm ver="2.3"><GO type="225" lobby="0"/><UN n0="%E3%81%AA%E3%82%81%E3%81%93%E9%9B%80%E5%A3%AB" n1="%4B%2E%32%2E%4B%2E" n2="%E7%89%B9%E6%9D%B1%E3%81%AF%E4%B8%96%E7%95%8C%E3%82%92%E6%95%91%E3%81%86" n3="%47%68%6F%73%74%55%30" dan="16,16,16,17" rate="2058.71,2126.85,2044.66,2128.97" sx="M,M,M,M"/><TAIKYOKU oya="0"/><INIT seed="0,0,0,2,3,41" ten="250,250,250,250" oya="0" hai0="62,82,113,83,17,77,90,124,11,27,20,114,128" hai1="80,67,34,35,133,7,79,58,129,64,55,46,13" hai2="91,76,39,37,16,31,92,38,93,71,81,15,48" hai3="33,43,70,19,115,105,25,52,101,96,75,106,26"/><T23/><D128/><U53/><E129/><V110/><F110/><W73/><G115/><T123/><D123/><U68/><E133/><V130/><F130/><W117/><G117/><T78/><D124/><U87/><E68/><V127/><F127/><W134/><G134/><T95/><D11/><N who="1" m="4351" /><E34/><V29/><F71/><W32/><G70/><T131/><D131/><U104/><E104/><V63/><F63/><W0/><G0/><T61/><D95/><U14/><E35/><V102/><F102/><W94/><G105/><T69/><D69/><U12/><E46/><V121/><F48/><W51/><G106/><T88/><D27/><U49/><E55/><V56/><F56/><W30/><G43/><T57/><D57/><U6/><E6/><V135/><F121/><W74/><G19/><AGARI ba="0,0" hai="17,19,20,23,61,62,77,78,82,83,88,90,113,114" machi="19" ten="25,4800,0" yaku="22,2,54,1" doraHai="41" who="0" fromWho="3" sc="250,48,250,0,250,0,250,-48" /><INIT seed="0,1,0,5,2,111" ten="298,250,250,202" oya="0" hai0="36,42,2,67,99,4,21,92,20,47,98,135,54" hai1="37,63,34,133,35,60,95,106,117,107,32,77,129" hai2="101,53,40,85,131,105,58,122,15,69,100,127,19" hai3="26,62,24,50,82,79,87,7,8,86,93,33,30"/><T25/><D135/><U75/><E117/><V123/><F69/><W90/><G62/><T46/><D67/><U88/><E133/><V110/><F110/><W38/><G38/><T116/><D99/><U80/><E129/><V78/><F131/><W61/><G61/><T68/><D68/><U14/><E37/><V39/><F127/><W52/><G30/><T134/><D116/><U108/><E108/><V83/><F39/><W43/><G43/><T51/><D134/><U65/><E14/><V57/><F40/><W91/><G79/><T126/><D126/><U18/><E18/><V10/><F57/><W124/><G33/><T130/><D130/><U81/><E81/><V9/><F10/><W114/><G124/><T128/><D25/><U118/><E60/><V112/><F112/><W5/><G5/><T45/><D47/><U49/><E49/><V11/><F11/><W22/><G22/><T76/><D76/><U17/><E17/><V70/><F70/><W29/><G29/><T56/><D46/><U89/><E89/><V120/><REACH who="2" step="1"/><F105/><REACH who="2" ten="298,250,240,202" step="2"/><W132/><G114/><T64/><D128/><U109/><E109/><V72/><F72/><W125/><G125/><T23/><D64/><U0/><E118/><V104/><F104/><W94/><G132/><T84/><D36/><U103/><E107/><V27/><F27/><W73/><G73/><T97/><D42/><U66/><E66/><V1/><F1/><N who="3" m="111" /><G24/><T31/><D56/><N who="1" m="37095" /><E0/><V28/><F28/><W102/><G26/><T115/><D31/><U121/><E106/><V16/><F16/><W55/><G50/><AGARI ba="1,1" hai="9,15,19,50,53,58,78,83,85,100,101,120,122,123" machi="50" ten="40,2600,0" yaku="1,1,6,1,53,0" doraHai="111" doraHaiUra="41" who="2" fromWho="3" sc="298,0,250,0,240,39,202,-29" /><INIT seed="1,0,0,1,1,47" ten="298,250,279,173" oya="1" hai0="75,84,14,78,24,73,123,115,132,122,57,46,36" hai1="82,3,127,4,18,48,105,39,7,94,22,102,50" hai2="121,70,71,49,69,34,126,118,56,107,134,72,16" hai3="81,130,114,76,1,92,64,79,131,51,133,25,96"/><U95/><E39/><V117/><F72/><W116/><G114/><T90/><D78/><U91/><E105/><V8/><F107/><W74/><G1/><T53/><D132/><U12/><E127/><V5/><F34/><W65/><G133/><T19/><D24/><U63/><E63/><V35/><F134/><W38/><G38/><T88/><D90/><U68/><E68/><V43/><F35/><W85/><G116/><T89/><D89/><U104/><E104/><V31/><F31/><W37/><G37/><T55/><D53/><U86/><E3/><V2/><F121/><N who="0" m="46090" /><D46/><U113/><E113/><V30/><F30/><W99/><G25/><T67/><D67/><U135/><E135/><V21/><F126/><W15/><G74/><T26/><D26/><U103/><E82/><V28/><F28/><W83/><G85/><T110/><D36/><U10/><E7/><V98/><F98/><W124/><G124/><T33/><D33/><U60/><E60/><V62/><F43/><W93/><REACH who="3" step="1"/><G15/><REACH who="3" ten="298,250,279,163" step="2"/><T17/><D14/><N who="1" m="5447" /><E103/><V27/><REACH who="2" step="1"/><F49/><AGARI ba="0,1" hai="49,51,64,65,76,79,81,83,92,93,96,99,130,131" machi="49" ten="25,8000,1" yaku="1,1,22,2,52,2,53,0" doraHai="47" doraHaiUra="112" who="3" fromWho="2" sc="298,0,250,0,279,-80,163,90" /><INIT seed="2,0,0,5,0,0" ten="298,250,199,253" oya="2" hai0="120,36,15,14,118,50,133,59,69,8,33,55,2" hai1="79,49,96,115,134,74,38,89,73,82,45,9,35" hai2="52,11,124,71,6,83,93,31,27,99,64,87,62" hai3="119,80,98,106,104,56,78,113,123,42,107,88,34"/><V101/><F124/><W22/><G34/><T94/><D120/><U112/><E35/><V51/><F27/><W10/><G123/><T57/><D69/><U26/><E74/><V54/><F31/><W122/><G122/><T121/><D36/><U128/><E128/><V105/><F105/><W129/><G119/><T40/><D40/><U41/><E134/><V100/><F100/><W12/><G129/><T85/><D33/><U109/><E109/><V30/><F30/><W91/><G113/><T20/><D133/><U1/><E49/><V86/><F83/><W72/><G42/><T44/><D2/><U29/><E26/><V111/><F111/><W19/><G98/><T28/><D28/><U81/><E29/><V117/><F117/><W97/><G97/><T47/><D59/><U63/><E63/><V108/><F108/><W114/><G114/><T24/><D24/><U127/><E127/><V126/><F126/><W3/><REACH who="3" step="1"/><G56/><REACH who="3" ten="298,250,199,243" step="2"/><T21/><D118/><U90/><E96/><V46/><REACH who="2" step="1"/><F54/><REACH who="2" ten="298,250,189,243" step="2"/><W18/><G18/><T61/><D55/><U116/><E116/><V131/><F131/><W5/><AGARI ba="0,2" hai="3,5,10,12,19,22,72,78,80,88,91,104,106,107" machi="5" ten="40,8000,1" yaku="1,1,0,1,52,1,54,1,53,0" doraHai="0" doraHaiUra="135" who="3" fromWho="3" sc="298,-20,250,-20,189,-40,243,100" /><INIT seed="3,0,0,3,3,129" ten="278,230,149,343" oya="3" hai0="5,72,131,9,127,88,43,113,50,111,17,57,14" hai1="34,7,83,92,70,22,107,114,98,91,90,27,66" hai2="8,38,73,32,49,60,80,51,89,26,115,93,121" hai3="112,31,11,130,59,108,48,124,10,56,24,106,64"/><W20/><G112/><T6/><D72/><U53/><E114/><V77/><F115/><W105/><G130/><T52/><D131/><U99/><E34/><V101/><F38/><W16/><G124/><T19/><D127/><U87/><E107/><V86/><F121/><W21/><G108/><T62/><D111/><U71/><E66/><V132/><F60/><N who="3" m="37895" /><G106/><T23/><D113/><U2/><E2/><V120/><F120/><W13/><G105/><T44/><REACH who="0" step="1"/><D88/><REACH who="0" ten="268,230,149,343" step="2"/><U1/><E71/><V82/><F8/><W123/><G123/><T100/><D100/><U75/><E70/><V134/><F101/><W3/><G3/><T40/><D40/><U12/><E75/><V125/><F125/><W54/><AGARI ba="0,1" hai="10,11,13,16,20,21,24,31,48,54,59" m="37895" machi="54" ten="30,3000,0" yaku="8,1,54,1" doraHai="129" who="3" fromWho="3" sc="268,-10,230,-10,149,-10,343,40" owari="258,5.8,220,-18.0,139,-36.1,383,48.3" /></mjloggm>