<mjloggm ver="2.3"><GO type="225" lobby="0"/><UN n0="%E3%81%8B%E3%82%8F%E3%81%A1%E3%82%83%E3%82%93%35%38" n1="%E6%9D%B1%E9%A2%A8%E3%81%AE%E3%81%8D%E3%82%83%E3%81%B7%E3%81%95%E3%82%93" n2="%33%74%72%65%65" n3="%E6%A1%9C%E8%8A%B1%E9%96%83%E3%80%85" dan="17,17,16,16" rate="2197.50,2215.46,2167.16,2208.31" sx="M,M,F,M"/><TAIKYOKU oya="0"/><INIT seed="0,0,0,2,2,102" ten="250,250,250,250" oya="0" hai0="71,87,70,17,127,100,56,3,80,0,63,24,65" hai1="5,128,39,44,25,106,67,32,23,73,43,85,135" hai2="42,98,13,41,1,117,74,101,38,104,109,26,27" hai3="46,21,50,4,8,18,52,119,107,14,59,88,93"/><T110/><D127/><U124/><E73/><V103/><F1/><W75/><G119/><T78/><D110/><U126/><E32/><V122/><F109/><W130/><G130/><T47/><D47/><U82/><E5/><V31/><F122/><W84/><G75/><T61/><D100/><U92/><E92/><V15/><F117/><W96/><G107/><T91/><D70/><U108/><E67/><V132/><F74/><W89/><G46/><T10/><D78/><N who="1" m="46295" /><E108/><V121/><F121/><W134/><G134/><T95/><D95/><U19/><E135/><V16/><F132/><W120/><G120/><T6/><D24/><U97/><E128/><V64/><F38/><W114/><G114/><T69/><D17/><U9/><E9/><V12/><F101/><W45/><G45/><T60/><D60/><U86/><E86/><V35/><REACH who="2" step="1"/><F64/><REACH who="2" ten="250,250,240,250" step="2"/><W133/><G133/><T22/><D0/><U7/><E7/><V125/><F125/><N who="1" m="48233" /><E97/><V83/><F83/><N who="3" m="49183" /><G4/><T34/><D6/><U113/><E113/><V37/><F37/><W66/><G66/><T123/><D65/><U11/><E11/><AGARI ba="0,1" hai="8,11,14,18,21,50,52,59,89,93,96" m="49183" machi="11" ten="30,3900,0" yaku="8,1,54,2" doraHai="102" who="3" fromWho="1" sc="250,0,250,-39,240,0,250,49" /><INIT seed="1,0,0,3,2,31" ten="250,211,240,299" oya="1" hai0="38,51,64,87,93,18,113,78,126,119,0,97,114" hai1="91,3,6,57,111,69,103,122,11,42,45,72,105" hai2="13,62,109,10,134,35,16,82,127,89,121,50,76" hai3="115,37,118,67,22,20,41,25,99,132,116,49,40"/><U4/><E122/><V112/><F121/><W125/><G115/><T80/><D38/><U66/><E72/><V128/><F112/><W19/><G37/><T84/><D119/><N who="3" m="45609" /><G132/><T43/><D0/><U65/><E6/><V129/><F134/><W59/><G125/><T21/><D126/><U33/><E33/><V5/><F127/><W74/><G74/><T88/><D64/><U81/><E69/><V15/><F109/><W32/><G32/><T124/><D124/><U104/><E111/><V94/><F35/><W71/><G99/><T70/><D70/><U73/><E103/><V101/><F101/><W61/><G22/><T92/><D43/><U131/><E131/><V47/><F62/><N who="3" m="40439" /><G49/><T133/><D51/><U52/><E105/><V24/><F50/><W30/><G19/><T46/><D133/><U23/><E23/><V29/><F129/><W68/><G68/><T53/><D46/><U79/><E91/><V36/><F128/><W12/><G12/><T2/><D2/><U86/><E104/><V100/><F100/><W96/><G96/><T54/><D114/><U106/><E106/><V48/><F36/><W34/><G20/><T28/><D28/><U123/><E123/><V85/><F29/><W9/><G9/><T1/><D1/><U55/><E86/><N who="2" m="52535" /><F48/><W26/><G26/><N who="0" m="14647" /><D113/><U83/><E83/><V110/><F110/><W117/><N who="3" m="45617" /><W108/><DORA hai="14" /><G108/><T98/><D98/><U135/><E135/><V27/><F47/><W75/><G75/><T60/><D60/><N who="1" m="38031" /><E66/><AGARI ba="0,0" hai="25,30,34,40,41,59,61,66" m="40439,45617" machi="66" ten="40,2600,0" yaku="12,1,52,1" doraHai="31,14" who="3" fromWho="1" sc="250,0,211,-26,240,0,299,26" /><INIT seed="2,0,0,2,4,3" ten="250,185,240,325" oya="2" hai0="81,35,7,110,117,129,128,59,47,16,132,75,76" hai1="130,26,116,28,73,64,94,2,24,109,133,88,106" hai2="118,27,124,50,104,54,79,41,18,22,83,46,102" hai3="100,131,12,96,61,120,95,58,68,98,77,105,78"/><V5/><F118/><W71/><G120/><T70/><D70/><U92/><E116/><V10/><F124/><W112/><G131/><T72/><D117/><U14/><E106/><V17/><F104/><W48/><G112/><T65/><D35/><U32/><E73/><V67/><F102/><W31/><G31/><T97/><D110/><U80/><E2/><V39/><F67/><W121/><G121/><T49/><D132/><U53/><E133/><V29/><F54/><W123/><G123/><T74/><D97/><U33/><E130/><N who="0" m="50281" /><D7/><U101/><E109/><V34/><F34/><W19/><G48/><T103/><D103/><U21/><E64/><V51/><F51/><W0/><G0/><T66/><D66/><U127/><E127/><V56/><F56/><W86/><G86/><T38/><D38/><U4/><E33/><V9/><F39/><W43/><G43/><N who="0" m="24831" /><D16/><N who="2" m="6250" /><F5/><W36/><G36/><T135/><D135/><U45/><E101/><V15/><F15/><W44/><G44/><T1/><D1/><U30/><E45/><V25/><F25/><W20/><G68/><T55/><D65/><U125/><E53/><V6/><F6/><W122/><G71/><T8/><D8/><N who="1" m="4359" /><E125/><V113/><F113/><W85/><G122/><T40/><D40/><U134/><E134/><V82/><F9/><W111/><G61/><AGARI ba="0,0" hai="55,59,61,72,74,75,76,81" m="24831,50281" machi="61" ten="30,1000,0" yaku="19,1" doraHai="3" who="0" fromWho="3" sc="250,10,185,0,240,0,325,-10" /><INIT seed="3,0,0,4,2,127" ten="260,185,240,315" oya="3" hai0="9,99,123,25,18,68,85,121,129,36,12,60,110" hai1="63,8,3,91,16,130,89,66,64,58,105,106,84" hai2="62,96,29,1,67,111,2,53,21,90,40,109,94" hai3="78,49,0,48,76,10,95,5,108,7,4,38,51"/><W71/><G71/><T92/><D92/><U134/><E134/><V30/><F40/><W118/><G118/><T133/><D36/><U72/><E72/><V132/><F132/><W23/><G38/><T104/><D133/><U69/><E69/><N who="2" m="42231" /><F53/><W44/><G108/><N who="2" m="41545" /><F21/><W135/><G135/><T34/><D85/><U31/><E31/><AGARI ba="0,0" hai="1,2,29,30,31,90,94,96" m="41545,42231" machi="31" ten="30,1000,0" yaku="14,1" doraHai="127" who="2" fromWho="1" sc="260,0,185,-10,240,10,315,0" owari="260,6.0,175,-32.5,250,-15.0,315,41.5" /></mjloggm>