<mjloggm ver="2.3"><GO type="225" lobby="0"/><UN n0="%E8%BE%9B%E5%8F%A3%E3%82%AB%E3%83%AC%E3%83%BC%E3%83%A9%E3%82%A4%E3%82%B9" n1="%E3%82%AF%E3%82%A3%E3%82%A6" n2="%72%69%6F%75%63%68%61%6E" n3="%E3%83%8F%E3%83%B3%E3%83%89%E3%83%A9%E3%83%BC%E3%83%BB%E3%83%AF%E3%83%B3" dan="17,16,16,16" rate="2245.03,2073.84,2147.16,2173.52" sx="M,M,M,M"/><TAIKYOKU oya="0"/><INIT seed="0,0,0,4,3,130" ten="250,250,250,250" oya="0" hai0="98,58,52,6,16,64,5,122,55,88,132,71,19" hai1="91,128,110,43,131,134,26,28,95,109,83,78,112" hai2="22,79,120,50,62,25,38,84,118,30,9,15,21" hai3="114,75,59,51,103,34,85,56,11,2,44,123,14"/><T7/><D132/><U13/><E134/><V115/><F115/><W124/><G75/><T27/><D122/><U74/><E112/><V45/><F120/><W80/><G114/><T99/><D71/><U61/><E43/><V29/><F118/><W125/><G34/><T92/><D99/><N who="1" m="57855" /><E13/><V101/><F38/><W108/><G2/><T20/><D19/><U0/><E61/><AGARI ba="0,0" hai="5,6,7,16,20,27,52,55,58,61,64,88,92,98" machi="61" ten="40,12000,1" yaku="8,1,54,3" doraHai="130" who="0" fromWho="1" sc="250,120,250,-120,250,0,250,0" /><INIT seed="0,1,0,4,5,49" ten="370,130,250,250" oya="0" hai0="117,120,103,109,3,60,42,8,121,23,83,90,28" hai1="37,59,39,116,125,79,85,24,48,13,87,10,40" hai2="32,27,17,29,19,9,107,44,20,41,94,131,50" hai3="119,74,52,1,97,5,26,77,73,84,63,70,93"/><T126/><D117/><U92/><E116/><V96/><F131/><W67/><G119/><T104/><D126/><U89/><E125/><V43/><F107/><W58/><G26/><T127/><D127/><U101/><E24/><V76/><F76/><W72/><G5/><T31/><D42/><U0/><E0/><V47/><F9/><W130/><G1/><T123/><D109/><U56/><E101/><V91/><REACH who="2" step="1"/><F32/><REACH who="2" ten="370,130,240,250" step="2"/><W55/><G130/><T57/><D8/><U53/><E39/><AGARI ba="1,1" hai="17,19,20,27,29,39,41,43,44,47,50,91,94,96" machi="39" ten="30,8000,1" yaku="1,1,2,1,7,1,53,2" doraHai="49" doraHaiUra="12" who="2" fromWho="1" sc="370,0,130,-83,240,93,250,0" /><INIT seed="1,0,0,3,5,125" ten="370,47,333,250" oya="1" hai0="45,122,37,87,16,80,107,9,130,12,77,15,114" hai1="120,63,42,105,36,126,104,66,68,85,25,21,112" hai2="49,111,115,127,76,116,54,6,27,95,73,43,13" hai3="60,113,123,121,92,101,109,62,74,4,81,34,58"/><U59/><E112/><V88/><F116/><W75/><G34/><T55/><D114/><U91/><E120/><V57/><F115/><W133/><G113/><T124/><D124/><U52/><E126/><V118/><F127/><W19/><G109/><T103/><D122/><U7/><E7/><V79/><F118/><W64/><G133/><T110/><D110/><U108/><E108/><V35/><F111/><W46/><G4/><T47/><D130/><U32/><E32/><V93/><F73/><W83/><G46/><T97/><D37/><U61/><E42/><V72/><F72/><W20/><G75/><T0/><D0/><U78/><E78/><V89/><F43/><W17/><G17/><T1/><D1/><U96/><E36/><V132/><F132/><W134/><G134/><T135/><D135/><U67/><E67/><V82/><F82/><W14/><G74/><T31/><D31/><U56/><E68/><V71/><F71/><W22/><G123/><T53/><D53/><U131/><E131/><V50/><F50/><W86/><G121/><T128/><D128/><U30/><REACH who="1" step="1"/><E96/><REACH who="1" ten="370,37,333,250" step="2"/><N who="2" m="57383" /><F35/><W129/><G129/><T29/><D55/><U5/><E5/><V90/><F79/><W65/><G65/><T70/><D70/><U117/><E117/><V84/><F76/><W23/><G64/><T98/><D77/><U106/><E106/><V10/><F89/><W48/><G86/><T18/><D107/><U44/><E44/><V40/><F40/><W119/><G119/><T41/><D47/><U3/><E3/><V39/><F39/><W100/><G100/><RYUUKYOKU ba="0,1" sc="370,-15,37,15,333,15,250,-15" hai1="21,25,30,52,56,59,61,63,66,85,91,104,105" hai2="6,10,13,27,49,54,57,84,90,95" /><INIT seed="1,1,1,0,3,43" ten="355,52,348,235" oya="1" hai0="103,51,40,106,101,22,20,47,93,10,108,11,120" hai1="0,9,85,89,55,104,92,29,42,50,49,112,48" hai2="6,118,15,35,16,98,59,38,124,91,116,76,81" hai3="37,5,131,129,135,33,126,74,41,67,130,133,30"/><U125/><E104/><V56/><F35/><W88/><G74/><T105/><D108/><U58/><E112/><V78/><F124/><W94/><G5/><T17/><D120/><U46/><E125/><V60/><F38/><W75/><G75/><T119/><D119/><U100/><E100/><N who="0" m="38473" /><D105/><U114/><E114/><V53/><F6/><W63/><G126/><T45/><D106/><U79/><E29/><V83/><F56/><W66/><G30/><T61/><D93/><U32/><E32/><V52/><F53/><W123/><G33/><T26/><D61/><N who="1" m="36063" /><E0/><V71/><F71/><N who="3" m="42463" /><G67/><T62/><D62/><U69/><E69/><V70/><F70/><W65/><G65/><T97/><D97/><N who="1" m="57487" /><E9/><N who="2" m="6255" /><F118/><W1/><G1/><T31/><D47/><U122/><E122/><V115/><F116/><W82/><G123/><T109/><D109/><U2/><E2/><V14/><F115/><W132/><G82/><AGARI ba="1,1" hai="42,46,48,49,50,79,82,85" m="57487,36063" machi="82" ten="30,2900,0" yaku="8,1,52,1" doraHai="43" who="1" fromWho="3" sc="355,0,52,42,348,0,235,-32" /><INIT seed="1,2,0,2,4,11" ten="355,94,348,203" oya="1" hai0="33,22,13,72,74,87,96,62,124,121,58,84,52" hai1="79,15,103,68,110,2,36,14,57,98,104,44,10" hai2="9,115,16,82,32,113,45,1,88,18,5,21,119" hai3="114,93,19,59,12,133,85,39,94,54,99,6,69"/><U105/><E68/><V86/><F119/><W67/><G114/><N who="2" m="43529" /><F32/><W30/><G39/><T120/><D33/><U101/><E79/><V116/><F116/><W70/><G133/><T100/><D124/><U51/><E36/><V91/><F45/><W20/><G67/><T25/><D13/><N who="1" m="4619" /><E2/><V95/><F21/><W109/><G109/><T135/><D135/><U126/><E105/><V4/><F5/><W65/><G65/><T50/><D74/><U83/><E126/><V106/><F106/><W102/><G30/><T53/><D72/><U123/><E123/><V127/><F127/><W128/><G128/><T34/><D34/><U41/><E110/><V40/><F40/><W60/><G6/><T48/><D121/><U75/><E57/><V8/><F8/><W0/><G0/><T111/><D120/><U31/><E31/><V129/><F129/><W56/><G56/><T73/><D73/><U108/><E108/><V55/><F55/><W92/><G92/><N who="0" m="58375" /><D111/><U80/><E75/><V71/><F71/><W24/><G24/><T89/><D53/><U7/><E103/><V66/><F66/><W46/><G46/><T28/><D52/><U78/><E78/><V37/><F37/><W47/><G47/><T118/><D118/><U131/><E131/><V61/><F61/><W26/><G26/><T38/><D62/><U42/><E42/><V77/><F77/><W49/><G60/><T107/><D38/><U81/><E81/><V130/><F130/><W117/><G117/><T23/><D107/><U27/><E27/><V43/><F43/><W132/><G132/><RYUUKYOKU ba="2,0" sc="355,-30,94,10,348,10,203,10" hai1="7,10,41,44,51,80,83,98,101,104" hai2="1,4,9,16,18,82,86,88,91,95" hai3="12,19,20,49,54,59,69,70,85,93,94,99,102" /><INIT seed="1,3,0,0,2,88" ten="325,104,358,213" oya="1" hai0="116,29,86,106,55,3,90,84,0,35,52,12,49" hai1="40,38,134,128,54,70,129,33,42,46,76,74,80" hai2="112,109,58,21,126,63,103,22,75,17,123,83,98" hai3="27,85,71,91,69,44,28,111,125,79,114,89,39"/><U6/><E134/><V53/><F123/><W107/><G114/><T5/><D116/><U105/><E105/><V36/><F112/><W124/><G107/><T119/><D119/><U135/><E135/><V115/><F115/><W41/><G79/><T78/><D106/><U66/><E42/><V99/><F36/><W7/><G7/><T87/><D78/><U67/><E33/><V20/><F109/><W68/><G111/><T93/><D35/><U118/><E118/><V50/><F126/><N who="3" m="48747" /><G85/><N who="0" m="52431" /><D3/><U16/><E54/><N who="0" m="20521" /><D0/><U26/><E6/><V31/><F31/><W122/><G122/><T34/><D34/><AGARI ba="3,0" hai="27,28,34,39,41,44,68,69,71,89,91" m="48747" machi="34" ten="40,1300,0" yaku="18,1" doraHai="88" who="3" fromWho="0" sc="325,-22,104,0,358,0,213,22" /><INIT seed="2,0,0,1,1,130" ten="303,104,358,235" oya="2" hai0="53,66,88,48,18,43,100,117,49,39,47,27,4" hai1="44,64,99,84,45,54,74,58,19,72,125,22,11" hai2="96,68,79,122,23,2,93,9,32,8,10,65,7" hai3="92,111,31,105,26,37,109,63,29,112,76,62,129"/><V75/><F122/><W12/><G105/><T81/><D117/><U102/><E125/><V124/><F32/><W82/><G37/><T77/><D100/><U110/><E110/><N who="3" m="41994" /><G129/><T14/><D66/><U119/><E119/><V115/><F115/><W106/><G106/><T51/><D27/><U123/><E123/><V131/><F131/><W101/><G12/><T57/><D4/><U5/><E84/><V86/><F124/><W94/><G29/><T98/><D98/><U52/><E72/><V97/><F75/><N who="3" m="43295" /><G112/><T120/><D120/><U60/><E74/><V87/><F97/><N who="3" m="59559" /><G94/><T55/><D77/><U0/><E44/><V1/><F79/><W116/><G116/><T36/><D36/><U83/><E83/><V71/><F1/><W33/><AGARI ba="0,0" hai="26,31,33,62,63" m="59559,43295,41994" machi="33" ten="30,1100,0" yaku="14,1" doraHai="130" who="3" fromWho="3" sc="303,-3,104,-3,358,-5,235,11" /><INIT seed="3,0,0,4,4,94" ten="300,101,353,246" oya="3" hai0="54,130,41,103,16,24,50,110,59,123,107,43,36" hai1="42,129,109,71,121,26,118,131,104,85,120,3,113" hai2="34,92,91,124,57,56,55,53,10,30,117,133,45" hai3="15,60,33,40,7,95,88,76,90,112,4,46,32"/><W102/><G112/><T48/><D123/><N who="1" m="47179" /><E104/><V74/><F117/><W128/><G128/><N who="1" m="49226" /><E71/><V101/><F124/><W98/><G76/><T115/><D130/><U65/><E85/><V28/><F133/><W31/><G32/><T84/><D110/><U23/><E65/><V135/><F34/><W127/><G127/><T35/><D36/><U116/><E42/><V68/><F68/><W132/><G132/><T12/><D115/><U108/><E3/><V73/><F135/><W125/><G125/><T62/><D84/><U39/><E39/><V49/><F101/><W77/><G77/><T93/><D107/><U18/><E113/><V37/><F37/><W52/><G33/><T82/><D82/><U80/><E80/><V38/><F38/><W99/><G31/><T9/><D24/><U47/><E47/><V66/><F74/><W1/><G1/><T21/><D35/><U75/><E75/><V70/><F73/><W126/><G126/><T89/><D9/><U78/><E78/><V19/><F70/><W87/><G15/><T11/><D11/><U22/><E22/><V111/><F66/><W69/><G69/><T0/><D0/><U63/><E63/><N who="2" m="36239" /><F45/><W97/><G90/><T27/><D27/><U79/><E79/><V5/><F55/><W122/><G102/><T96/><D89/><U114/><E114/><V8/><F91/><W14/><G122/><T83/><D83/><U6/><E6/><V81/><F5/><W25/><G14/><T58/><D48/><U29/><E29/><V119/><F30/><W105/><G4/><T17/><D17/><RYUUKYOKU ba="0,0" sc="300,15,101,15,353,-15,246,-15" hai0="12,16,21,41,43,50,54,58,59,62,93,96,103" hai1="18,23,26,108,109,116,118" owari="315,11.5,116,-38.4,338,43.8,231,-16.9" /></mjloggm>