<mjloggm ver="2.3"><GO type="225" lobby="0"/><UN n0="%E3%81%B2%E3%81%AA%E3%81%AE%E3%82%8A%E3%81%8F" n1="%E3%81%B6%E3%82%8B%E3%82%8B%E3%81%B6%E3%81%B6" n2="%72%61%6B%33" n3="%E3%83%A9%E3%83%96%E3%83%AC%E3%83%BC" dan="16,16,17,18" rate="2201.10,2088.36,2218.97,2239.07" sx="M,M,M,M"/><TAIKYOKU oya="0"/><INIT seed="0,0,0,3,3,77" ten="250,250,250,250" oya="0" hai0="63,60,118,129,24,127,121,40,116,85,80,35,125" hai1="54,33,122,126,69,2,59,47,10,4,130,93,7" hai2="72,38,135,20,95,8,43,46,73,23,53,28,64" hai3="92,123,42,3,70,90,82,102,36,96,22,18,56"/><T94/><D121/><U78/><E122/><V83/><F135/><W44/><G70/><T5/><D40/><U16/><E69/><V106/><F106/><W134/><G134/><T65/><D5/><U128/><E33/><V120/><F120/><W45/><G3/><T113/><D113/><U25/><E47/><V105/><F105/><W99/><G123/><T0/><D0/><U112/><E112/><V111/><F111/><W34/><G34/><T110/><D129/><N who="1" m="49771" /><E126/><N who="0" m="48137" /><D94/><U26/><E78/><V30/><F64/><W124/><G124/><T55/><D55/><U11/><E93/><V115/><F95/><N who="3" m="58655" /><G36/><T12/><D12/><N who="1" m="7191" /><E4/><V114/><F53/><W86/><G42/><T84/><D84/><U49/><AGARI ba="0,0" hai="2,7,11,25,26,49,54,59" m="7191,49771" machi="49" ten="30,2000,0" yaku="19,1,54,1" doraHai="77" who="1" fromWho="1" sc="250,-10,250,20,250,-5,250,-5" /><INIT seed="1,0,0,3,4,60" ten="240,270,245,245" oya="1" hai0="88,12,122,10,91,58,104,50,35,85,78,97,90" hai1="67,112,51,56,102,132,126,111,73,135,86,8,31" hai2="133,114,119,75,20,37,44,113,120,48,2,95,70" hai3="26,32,22,28,125,15,79,81,0,96,103,21,71"/><U46/><E112/><V5/><F95/><W61/><G125/><T92/><D35/><U107/><E73/><V68/><F20/><W128/><G128/><T130/><D130/><U109/><E31/><V1/><F5/><W63/><G0/><T84/><D104/><U116/><E116/><V66/><F2/><W25/><G15/><T123/><D50/><U99/><E86/><N who="0" m="33385" /><D58/><U98/><E98/><V115/><F1/><W94/><G32/><T23/><D23/><U4/><E126/><V69/><F75/><W9/><G9/><T7/><D78/><U108/><E56/><V80/><F80/><W53/><G53/><T93/><D93/><U65/><E8/><V18/><F119/><W131/><G131/><T43/><D43/><N who="1" m="25055" /><E4/><V59/><F70/><W82/><G79/><T38/><D38/><U87/><E87/><V49/><F37/><W57/><G71/><T64/><D64/><AGARI ba="0,0" hai="64,65,67,99,102,107,108,109,111,132,135" m="25055" machi="64" ten="40,12000,1" yaku="14,1,10,1,52,3" doraHai="60" who="1" fromWho="0" sc="240,-120,270,120,245,0,245,0" /><INIT seed="1,1,0,2,1,10" ten="120,390,245,245" oya="1" hai0="37,55,29,52,43,2,116,91,23,50,93,34,42" hai1="70,121,81,66,100,75,99,86,105,71,68,69,22" hai2="104,110,60,54,101,132,112,53,89,39,32,58,25" hai3="65,36,123,45,107,109,20,4,38,47,76,79,88"/><U30/><E121/><V64/><F110/><W127/><G109/><T11/><D116/><U6/><E75/><V119/><F119/><W82/><G107/><T131/><D34/><U97/><E97/><V94/><F132/><W129/><G65/><T48/><D131/><U41/><E41/><V63/><F39/><W28/><G127/><T95/><D37/><U51/><E51/><V24/><F112/><W102/><G102/><T72/><D72/><U106/><E6/><V13/><F104/><W108/><G108/><T92/><D91/><U57/><E106/><V40/><F40/><W124/><G124/><T0/><D0/><U73/><E73/><V19/><F101/><W74/><G129/><T1/><D11/><U118/><E118/><V78/><F78/><W120/><G4/><T26/><D2/><U111/><E111/><V133/><F133/><W17/><G28/><T122/><D1/><U80/><E80/><V103/><F32/><W9/><G9/><T3/><D3/><U128/><E128/><V56/><F64/><W8/><G8/><T98/><D98/><U49/><E49/><V12/><F103/><W67/><G67/><T7/><D7/><U59/><E66/><V35/><F35/><W135/><G135/><T15/><D122/><N who="3" m="46633" /><G38/><T18/><D29/><U31/><E31/><V96/><F19/><W126/><G126/><T130/><D130/><U114/><E114/><V21/><F21/><W117/><G117/><T5/><D5/><U83/><E100/><V61/><F61/><W87/><G36/><T125/><D125/><U46/><E71/><RYUUKYOKU ba="1,0" sc="120,-10,390,-10,245,30,245,-10" hai2="12,13,24,25,53,54,56,58,60,63,89,94,96" /><INIT seed="2,2,0,0,0,30" ten="110,380,275,235" oya="2" hai0="68,109,11,6,129,111,63,19,54,103,13,76,124" hai1="49,3,95,104,58,62,83,93,88,134,131,17,117" hai2="57,97,72,2,135,14,23,25,33,8,102,22,52" hai3="121,96,9,31,107,20,125,119,24,51,86,82,78"/><V4/><F135/><W32/><G121/><T133/><D133/><U50/><E134/><V108/><F72/><W37/><G37/><T87/><D129/><U105/><E131/><V123/><F123/><W100/><G125/><T44/><D124/><U71/><E3/><V18/><F108/><W98/><G119/><T53/><D103/><U27/><E71/><V42/><F42/><W112/><G112/><T12/><D68/><U110/><E110/><V48/><F33/><W56/><G9/><T59/><D109/><U64/><E83/><V91/><F91/><W15/><G15/><T1/><D1/><U115/><E115/><V132/><F132/><W0/><G0/><T69/><D69/><U90/><E95/><V94/><REACH who="2" step="1"/><F25/><REACH who="2" ten="110,380,265,235" step="2"/><W46/><G32/><T29/><D111/><U73/><E90/><V7/><F7/><W85/><G24/><T21/><D29/><U80/><E73/><V60/><F60/><W61/><G61/><T127/><D127/><U77/><E88/><V116/><F116/><W66/><G31/><T47/><REACH who="0" step="1"/><D54/><REACH who="0" ten="100,380,265,235" step="2"/><U92/><E117/><V113/><F113/><W75/><G66/><T45/><D45/><U43/><E64/><V120/><F120/><W5/><G46/><T114/><D114/><U130/><E130/><V10/><AGARI ba="2,2" hai="2,4,8,10,14,18,22,23,48,52,57,94,97,102" machi="10" ten="20,7800,0" yaku="1,1,0,1,7,1,54,1,53,0" doraHai="30" doraHaiUra="84" who="2" fromWho="2" sc="100,-28,380,-28,265,104,235,-28" /><INIT seed="2,3,0,1,4,123" ten="72,352,369,207" oya="2" hai0="133,115,134,40,6,112,21,5,132,85,117,16,91" hai1="19,122,88,23,30,125,22,83,90,20,99,63,65" hai2="109,33,121,37,89,45,80,2,100,62,24,13,31" hai3="69,116,50,106,10,60,38,32,66,39,4,76,1"/><V61/><F2/><W135/><G116/><T124/><D117/><U57/><E122/><V128/><F121/><W53/><G135/><T15/><D40/><U98/><E125/><V36/><F100/><W130/><G32/><T92/><REACH who="0" step="1"/><D124/><REACH who="0" ten="62,352,369,207" step="2"/><U111/><E111/><V46/><F109/><W27/><G130/><T52/><D52/><U34/><E30/><V131/><F31/><W101/><G39/><T113/><AGARI ba="3,1" hai="5,6,15,16,21,85,91,92,112,113,115,132,133,134" machi="113" ten="40,8000,1" yaku="1,1,0,1,20,1,54,1,53,0" doraHai="123" doraHaiUra="58" who="0" fromWho="0" sc="62,99,352,-23,369,-43,207,-23" /><INIT seed="3,0,0,3,4,55" ten="161,329,326,184" oya="3" hai0="128,33,53,109,131,45,14,113,75,24,64,85,29" hai1="77,91,117,1,71,125,67,57,105,133,11,2,68" hai2="46,52,121,104,124,100,76,16,8,10,132,103,95" hai3="83,73,32,62,130,35,56,108,69,18,6,34,70"/><W25/><G130/><N who="0" m="49707" /><D75/><U93/><E105/><V98/><F124/><W135/><G135/><T84/><D64/><U30/><E125/><V21/><F132/><W82/><G108/><T107/><D107/><U15/><E133/><V112/><F112/><W102/><G102/><N who="2" m="38953" /><F76/><W122/><G122/><T12/><D109/><U97/><E117/><V72/><F72/><W119/><G119/><T61/><D113/><U116/><E116/><V127/><F104/><W79/><G83/><T123/><D123/><U54/><E77/><V41/><F41/><W22/><REACH who="3" step="1"/><G6/><REACH who="3" ten="161,329,326,174" step="2"/><T81/><D84/><U42/><E97/><V44/><F121/><W26/><G26/><T96/><D96/><U17/><E93/><V120/><F120/><W66/><AGARI ba="0,1" hai="18,22,25,32,34,35,56,62,66,69,70,73,79,82" machi="66" ten="30,6000,0" yaku="1,1,0,1,52,1,53,0" doraHai="55" doraHaiUra="0" who="3" fromWho="3" sc="161,-20,329,-20,326,-20,174,70" /><INIT seed="3,1,0,4,0,113" ten="141,309,306,244" oya="3" hai0="69,10,70,21,8,43,108,101,118,17,72,64,32" hai1="30,57,71,45,95,76,33,121,41,12,14,20,2" hai2="91,52,123,50,80,37,53,86,90,98,131,130,67" hai3="34,58,117,106,63,9,25,107,128,88,48,55,59"/><W51/><G128/><N who="2" m="49193" /><F123/><W24/><G9/><T5/><D108/><U103/><E121/><V134/><F37/><W3/><G3/><T85/><D72/><U18/><E71/><V19/><F134/><W22/><G117/><T15/><D32/><U83/><E57/><V39/><F39/><W99/><G34/><T42/><D101/><U132/><E132/><V47/><F67/><W105/><G25/><T125/><D125/><U4/><E103/><V44/><F19/><N who="3" m="12383" /><G59/><T6/><D70/><U16/><E95/><AGARI ba="1,0" hai="48,51,55,58,63,88,95,99,105,106,107" m="12383" machi="95" ten="30,2900,0" yaku="25,1,54,1" doraHai="113" who="3" fromWho="1" sc="141,0,309,-32,306,0,244,32" /><INIT seed="3,2,0,1,3,106" ten="141,277,306,276" oya="3" hai0="100,5,8,88,32,122,17,126,115,65,125,127,42" hai1="24,71,16,21,61,121,40,30,57,109,135,133,44" hai2="131,28,33,50,85,29,7,20,129,119,86,12,84" hai3="120,14,41,38,54,107,89,108,123,112,124,46,35"/><W79/><G107/><T110/><D122/><U87/><E121/><N who="3" m="46666" /><G89/><T93/><D110/><U53/><E109/><V48/><F119/><W94/><G94/><T72/><D32/><U9/><E87/><V43/><F33/><W81/><G108/><T15/><D115/><U58/><E58/><V67/><F67/><W39/><G14/><T82/><D100/><U11/><E71/><V90/><F90/><W4/><G4/><T73/><D65/><U26/><E26/><N who="2" m="16455" /><F29/><W92/><G92/><T64/><D64/><U91/><E91/><V1/><F1/><W22/><G22/><N who="0" m="11583" /><D82/><U25/><E25/><V55/><F43/><W66/><G66/><T116/><D42/><U83/><E83/><V99/><F99/><W132/><G35/><T47/><D47/><U101/><E101/><V23/><F55/><W69/><G69/><T6/><D116/><U117/><E117/><V52/><F52/><W134/><G112/><T3/><D6/><U111/><E111/><V98/><F98/><AGARI ba="2,0" hai="3,5,8,72,73,88,93,98,125,126,127" m="11583" machi="98" ten="30,7700,0" yaku="18,1,52,2,54,1" doraHai="106" who="0" fromWho="2" sc="141,83,277,0,306,-83,276,0" /><INIT seed="4,0,0,0,5,99" ten="224,277,223,276" oya="0" hai0="11,21,96,7,17,127,83,126,132,24,3,20,6" hai1="122,2,92,19,45,4,62,33,13,10,76,5,74" hai2="71,32,113,39,79,82,30,56,97,77,60,46,125" hai3="95,80,70,55,41,58,87,28,116,18,78,135,93"/><T72/><D72/><U26/><E122/><V9/><F71/><W130/><G135/><T53/><D83/><U59/><E45/><V121/><F121/><W43/><G70/><T123/><D53/><U88/><E76/><V47/><F113/><W98/><G130/><T90/><D90/><U102/><E74/><V105/><F125/><N who="0" m="47626" /><D96/><N who="1" m="59655" /><E33/><V73/><F79/><W8/><G116/><T36/><D36/><U118/><E2/><V51/><F39/><W129/><G129/><T112/><D123/><U48/><E48/><V57/><F47/><W94/><G28/><N who="0" m="17423" /><D112/><U64/><E118/><V40/><F60/><W106/><G106/><T16/><D132/><U85/><E26/><V23/><F51/><N who="3" m="31103" /><G98/><T61/><D61/><U49/><E49/><V31/><F97/><W117/><G117/><T75/><D75/><U66/><E64/><V124/><F73/><W54/><G54/><T134/><D134/><U109/><E109/><V14/><F105/><W114/><G114/><T69/><D69/><U67/><E67/><V91/><F124/><W100/><G100/><T12/><D3/><U44/><E44/><V27/><F46/><W65/><G65/><T35/><D35/><U104/><E104/><V128/><F57/><W131/><G131/><T81/><D81/><AGARI ba="0,0" hai="4,5,10,13,19,59,62,66,81,85,88" m="59655" machi="81" ten="30,3900,0" yaku="8,1,52,1,54,1" doraHai="99" who="1" fromWho="0" sc="224,-39,277,39,223,0,276,0" owari="185,-31.5,316,41.6,223,-17.7,276,7.6" /></mjloggm>