<mjloggm ver="2.3"><GO type="225" lobby="0"/><UN n0="%4D%50%43%32%38%30%30" n1="%E3%81%9F%E3%81%93%E2%98%86%E7%84%BC%E3%81%8D" n2="%E8%81%B7%E6%A5%AD%E3%80%81%E9%A2%A8%32" n3="%72%61%6B%33" dan="16,16,16,16" rate="2115.08,2121.39,2093.66,2168.69" sx="M,M,M,M"/><TAIKYOKU oya="0"/><INIT seed="0,0,0,5,5,24" ten="250,250,250,250" oya="0" hai0="84,65,56,93,75,38,12,72,121,9,60,108,33" hai1="17,47,68,107,115,66,32,74,124,2,34,19,118" hai2="122,119,101,28,45,57,94,104,69,30,21,126,8" hai3="10,92,120,113,130,13,86,31,102,3,5,132,131"/><T18/><D121/><U62/><E2/><V97/><F69/><W111/><G113/><T110/><D38/><U103/><E118/><V127/><F122/><W125/><G120/><T14/><D33/><U51/><E74/><V91/><F119/><W54/><G54/><T22/><D84/><U1/><E1/><V52/><F21/><W128/><G111/><N who="0" m="42539" /><D93/><U15/><E17/><AGARI ba="0,0" hai="9,12,14,17,18,22,56,60,65,72,75" m="42539" machi="17" ten="30,2900,0" yaku="14,1,10,1" doraHai="24" who="0" fromWho="1" sc="250,29,250,-29,250,0,250,0" /><INIT seed="0,1,0,1,1,59" ten="279,221,250,250" oya="0" hai0="133,109,95,88,1,10,61,107,21,116,129,79,6" hai1="91,5,132,128,3,23,71,53,60,72,48,55,2" hai2="101,98,33,27,125,19,77,97,18,113,30,36,130" hai3="46,93,80,65,78,50,62,81,110,57,64,13,56"/><T84/><D116/><U47/><E72/><V28/><F113/><W9/><G110/><T12/><D107/><U69/><E128/><V68/><F36/><W96/><G78/><T111/><D129/><U16/><E132/><V20/><F68/><W127/><G127/><T87/><D133/><U8/><E2/><V35/><F125/><W66/><G81/><T122/><D122/><U114/><E114/><V102/><F77/><W92/><G80/><T85/><D79/><U14/><REACH who="1" step="1"/><E91/><REACH who="1" ten="279,211,250,250" step="2"/><V105/><F130/><W24/><G24/><T83/><D83/><U29/><E29/><V117/><F117/><W41/><G96/><T70/><D87/><U103/><E103/><V135/><F135/><W121/><G121/><T17/><D85/><U51/><E51/><V25/><REACH who="2" step="1"/><F20/><REACH who="2" ten="279,211,240,250" step="2"/><W40/><G50/><T45/><D109/><U54/><E54/><V34/><F34/><W26/><G41/><T42/><D111/><U0/><E0/><V7/><F7/><W15/><G40/><T89/><D89/><U126/><E126/><V37/><F37/><W52/><G52/><T43/><D42/><U112/><E112/><V67/><F67/><W73/><G66/><T118/><D118/><U131/><E131/><V99/><F99/><W4/><G65/><N who="0" m="41263" /><D43/><U115/><E115/><V123/><F123/><W38/><G64/><T100/><D100/><U94/><E94/><AGARI ba="1,2" hai="18,19,25,27,28,30,33,35,94,97,98,101,102,105" machi="94" ten="30,3900,0" yaku="1,1,7,1,9,1,53,0" doraHai="59" doraHaiUra="86" who="2" fromWho="1" sc="279,0,211,-42,240,62,250,0" /><INIT seed="1,0,0,0,5,25" ten="279,169,302,250" oya="1" hai0="34,55,59,6,30,134,16,110,99,67,116,35,85" hai1="2,51,11,36,47,61,31,98,121,38,56,14,66" hai2="90,28,22,18,77,115,118,48,13,19,0,113,40" hai3="32,130,10,127,105,129,41,128,64,84,46,45,23"/><U95/><E2/><V107/><F0/><W27/><G105/><T111/><D116/><U125/><E125/><V74/><F107/><W20/><G127/><T76/><D6/><U104/><E104/><V57/><F118/><W86/><G64/><T1/><D1/><U119/><E121/><V87/><F77/><W80/><G10/><T58/><D134/><U69/><E119/><V124/><F74/><W89/><G86/><T49/><D99/><U71/><E36/><V108/><F28/><N who="3" m="19487" /><G45/><T83/><D16/><N who="1" m="8287" /><E38/><AGARI ba="0,0" hai="20,23,38,41,46,80,84,89,128,129,130" m="19487" machi="38" ten="30,2000,0" yaku="19,1,52,1" doraHai="25" who="3" fromWho="1" sc="279,0,169,-20,302,0,250,20" /><INIT seed="2,0,0,1,2,21" ten="279,149,302,270" oya="2" hai0="105,83,32,26,115,62,94,1,30,114,12,110,89" hai1="29,135,119,75,5,10,37,14,0,97,64,17,60" hai2="28,125,107,81,63,24,4,47,18,15,112,79,124" hai3="55,133,70,68,31,78,33,131,52,42,20,92,13"/><V109/><F112/><W85/><G33/><T132/><D105/><U46/><E135/><V122/><F107/><W71/><G133/><T96/><D132/><U86/><E119/><V134/><F134/><W129/><G42/><T35/><D35/><U58/><E75/><V74/><F122/><W34/><G34/><T99/><D110/><U123/><E123/><V8/><F109/><W100/><G78/><T69/><D1/><U65/><E29/><V48/><F63/><W53/><G85/><T130/><D130/><N who="3" m="49673" /><G13/><T61/><D99/><U6/><E0/><V57/><F57/><W104/><G104/><T118/><D118/><U25/><E65/><V3/><F3/><W54/><G54/><T95/><D95/><U98/><E86/><N who="2" m="48447" /><F18/><W113/><G113/><T67/><D83/><U121/><E121/><V41/><F74/><W108/><G108/><T73/><D73/><U77/><E77/><V49/><F48/><W120/><G120/><T101/><D101/><U50/><E37/><V56/><F56/><W116/><G116/><T72/><D72/><U103/><E103/><V66/><F66/><W127/><G127/><T9/><D62/><U2/><E2/><V22/><AGARI ba="0,0" hai="4,8,15,22,24,28,41,47,49,124,125" m="48447" machi="22" ten="30,3000,0" yaku="25,1,52,1" doraHai="21" who="2" fromWho="2" sc="279,-10,149,-10,302,30,270,-10" /><INIT seed="2,1,0,4,2,116" ten="269,139,332,260" oya="2" hai0="44,94,120,11,52,24,70,114,81,89,56,8,53" hai1="73,0,101,12,124,15,74,67,128,37,127,6,84" hai2="62,92,64,83,93,134,68,38,87,65,107,54,58" hai3="79,130,133,123,26,16,25,9,45,42,119,117,97"/><V41/><F107/><W31/><G79/><T66/><D114/><U60/><E37/><V100/><F134/><W46/><G133/><T18/><D81/><U129/><E101/><V23/><F100/><W57/><G130/><N who="1" m="50282" /><E84/><V21/><F93/><W121/><G57/><T13/><D120/><U125/><E0/><V20/><F92/><W36/><G97/><N who="0" m="57551" /><D70/><N who="1" m="42343" /><E6/><V69/><F68/><W99/><G99/><T91/><D91/><U49/><E49/><V98/><F98/><W90/><G90/><T77/><D77/><U126/><N who="1" m="31744" /><DORA hai="111" /><U3/><E3/><V39/><F38/><W4/><G117/><T108/><D108/><U102/><E102/><V61/><F39/><W40/><G119/><T103/><D103/><U29/><E29/><V75/><F69/><W63/><G4/><T14/><D24/><U27/><E27/><V118/><F87/><W104/><G104/><T131/><D131/><U110/><E110/><V59/><F118/><W51/><G25/><T95/><D95/><U72/><AGARI ba="1,0" hai="12,15,72,73,74" m="31744,42343,50282" machi="72" ten="70,4700,0" yaku="19,1,18,1" doraHai="116,111" who="1" fromWho="1" sc="269,-13,139,50,332,-24,260,-13" /><INIT seed="3,0,0,2,4,114" ten="256,189,308,247" oya="3" hai0="41,5,16,77,104,127,9,80,1,115,109,113,101" hai1="86,25,61,122,45,23,69,88,2,44,58,43,62" hai2="33,11,83,118,124,30,46,95,13,35,97,94,110" hai3="91,99,98,64,63,12,81,22,60,73,92,78,134"/><W89/><G134/><T7/><D127/><U17/><E2/><V24/><F118/><W119/><G119/><T3/><D109/><U116/><E122/><V100/><F110/><W40/><G40/><T76/><D16/><U42/><E116/><V107/><F124/><W96/><G63/><T75/><D77/><U125/><E69/><V90/><F35/><W85/><G12/><T53/><D53/><U31/><E125/><V15/><F15/><W27/><G91/><T37/><D101/><U28/><E61/><V79/><F46/><W103/><G22/><T26/><D26/><U29/><E45/><V48/><F48/><W128/><G27/><T8/><D104/><U54/><REACH who="1" step="1"/><E44/><AGARI ba="0,0" hai="1,3,5,7,8,9,37,41,44,75,76,80,113,115" machi="44" ten="40,8000,1" yaku="9,1,25,2,23,2" doraHai="114" who="0" fromWho="1" sc="256,80,189,-80,308,0,247,0" owari="336,43.6,109,-39.1,308,10.8,247,-15.3" /></mjloggm>