<mjloggm ver="2.3"><GO type="225" lobby="0"/><UN n0="%E7%99%BD%E9%9B%AA%E4%B9%83%E6%84%9B" n1="%E3%82%BC%E3%83%AB%E3%83%80%E3%81%AE%E4%BC%9D%E8%AA%AC" n2="%E3%82%B2%E3%82%B9%E8%8C%82%E5%8B%9D" n3="%E9%98%BF%E9%83%A8%E5%AF%9B%EF%BC%A0%E9%B3%B3%E5%8D%93" dan="16,17,16,16" rate="2058.13,2163.93,2044.63,2134.13" sx="F,M,F,F"/><TAIKYOKU oya="0"/><INIT seed="0,0,0,0,1,27" ten="250,250,250,250" oya="0" hai0="104,10,92,118,97,33,29,71,125,55,50,106,113" hai1="69,80,18,54,89,22,78,68,4,47,62,9,26" hai2="49,21,110,73,59,14,126,46,74,7,48,8,24" hai3="35,91,43,86,135,96,57,70,38,116,31,67,95"/><T65/><D113/><U103/><E103/><V101/><F110/><W108/><G116/><T94/><D118/><U23/><E89/><V122/><F126/><W64/><G108/><T3/><D125/><U44/><E22/><V11/><F122/><W37/><G135/><T19/><D65/><U85/><E68/><V88/><F101/><W0/><G0/><T121/><D71/><U134/><E134/><V83/><F8/><W34/><G34/><T133/><D133/><U52/><E69/><V98/><F59/><W132/><G132/><T99/><D121/><U79/><E79/><V32/><F32/><W109/><G109/><T112/><D112/><U123/><E123/><V127/><F127/><W87/><G57/><T124/><D124/><U130/><E130/><V115/><F115/><W114/><G43/><T20/><D10/><U93/><E93/><V6/><F7/><W56/><G56/><T105/><D3/><U81/><E81/><V58/><F58/><W84/><G114/><T42/><D42/><U25/><E25/><V72/><F46/><N who="1" m="17449" /><E62/><V63/><F63/><W90/><G70/><T39/><D94/><U100/><E100/><V53/><F53/><W102/><G67/><T61/><D61/><U45/><N who="1" m="17457" /><U75/><DORA hai="131" /><E75/><V82/><F82/><W13/><G64/><T120/><D120/><U76/><E76/><V41/><F41/><W12/><G102/><T77/><D77/><U36/><E36/><N who="3" m="13930" /><G91/><T5/><D39/><U30/><E4/><V15/><F72/><W1/><G1/><T107/><D5/><U66/><E66/><RYUUKYOKU ba="0,0" sc="250,-15,250,15,250,-15,250,15" hai1="9,18,23,26,30,52,54,78,80,85" hai3="12,13,31,35,84,86,87,90,95,96" /><INIT seed="1,1,0,1,3,52" ten="235,265,235,265" oya="1" hai0="16,23,123,28,108,73,43,6,20,102,129,2,91" hai1="58,122,37,5,78,120,56,89,29,49,109,104,93" hai2="127,9,65,4,116,24,32,59,98,26,15,55,87" hai3="57,64,34,51,48,112,62,115,40,31,105,81,38"/><U82/><E37/><V61/><F127/><W131/><G105/><T76/><D108/><U83/><E109/><V77/><F116/><W44/><G81/><T18/><D129/><U10/><E104/><V30/><F98/><W53/><G31/><T67/><D123/><U72/><E82/><V101/><F101/><W119/><G34/><T125/><D125/><U79/><E79/><V0/><F24/><W90/><G90/><T11/><D102/><U27/><E49/><V21/><F87/><W19/><G19/><T47/><D67/><U110/><E110/><V133/><F133/><W25/><G25/><T7/><D7/><U17/><E17/><N who="2" m="10431" /><F77/><W36/><G131/><T68/><D68/><U84/><E122/><V111/><F111/><W128/><G128/><T106/><D106/><U41/><E41/><V97/><F97/><W33/><G33/><T99/><D76/><U88/><E89/><V107/><F107/><W124/><G124/><T71/><D71/><U85/><E72/><V121/><F121/><W92/><G92/><N who="0" m="56735" /><D73/><U135/><E135/><V1/><F1/><W96/><G96/><T63/><D63/><U75/><E75/><V70/><F70/><N who="3" m="42263" /><G119/><T100/><D100/><U14/><E120/><V117/><F117/><W86/><G86/><T113/><D113/><AGARI ba="1,0" hai="36,38,40,44,48,51,53,57,112,113,115" m="42263" machi="113" ten="30,3900,0" yaku="34,2,52,1" doraHai="52" who="3" fromWho="0" sc="235,-42,265,0,235,0,265,42" /><INIT seed="2,0,0,3,0,106" ten="193,265,235,307" oya="2" hai0="123,131,70,29,51,33,26,45,101,64,38,88,78" hai1="74,6,55,92,50,42,83,7,96,73,62,99,121" hai2="118,91,24,82,56,14,85,40,94,60,37,127,134" hai3="115,81,97,13,120,35,102,114,47,104,61,19,15"/><V68/><F118/><W126/><G120/><T125/><D123/><U75/><E121/><V69/><F127/><W110/><G126/><T18/><D125/><U129/><E83/><V113/><F134/><W23/><G35/><T12/><D131/><U39/><E129/><V86/><F113/><W100/><G110/><T111/><D111/><U135/><E135/><V71/><F24/><W93/><G61/><T84/><D38/><U36/><E62/><V63/><F14/><W49/><G13/><T66/><D101/><U132/><E132/><V34/><F34/><W119/><G119/><T87/><D70/><U4/><E42/><V80/><F56/><W130/><G81/><T9/><D84/><U59/><REACH who="1" step="1"/><E99/><REACH who="1" ten="193,255,235,307" step="2"/><V16/><F60/><W57/><G130/><T53/><REACH who="0" step="1"/><D78/><REACH who="0" ten="183,255,235,307" step="2"/><U117/><E117/><V116/><F116/><W11/><G114/><T122/><D122/><U124/><E124/><V67/><F71/><W95/><G115/><T109/><D109/><U108/><E108/><V28/><F69/><W72/><G102/><AGARI ba="0,2" hai="4,6,7,36,39,50,55,59,73,74,75,92,96,102" machi="102" ten="50,8000,1" yaku="1,1,52,3,53,0" doraHai="106" doraHaiUra="5" who="1" fromWho="3" sc="183,0,255,100,235,0,307,-80" /><INIT seed="3,0,0,3,5,108" ten="183,355,235,227" oya="3" hai0="123,11,134,14,26,52,73,25,114,126,13,120,29" hai1="36,30,74,53,24,84,98,122,33,110,17,113,51" hai2="101,124,76,2,1,68,70,20,34,77,38,128,88" hai3="59,133,95,21,40,106,23,79,50,135,116,125,16"/><W102/><G116/><T19/><D73/><U58/><E113/><V8/><F34/><W28/><G106/><T129/><D52/><U118/><E74/><V92/><F38/><W49/><G125/><T9/><D126/><U47/><E122/><N who="0" m="46633" /><D134/><N who="3" m="51209" /><G79/><T32/><D25/><U131/><E118/><V115/><F124/><W54/><G28/><T119/><D119/><U3/><E131/><V111/><F111/><W35/><G35/><T6/><D129/><U127/><E110/><V41/><F128/><W94/><G102/><T104/><D104/><U103/><E3/><V96/><F101/><W105/><G105/><T82/><D82/><U15/><E84/><V5/><F1/><W130/><G130/><T87/><D87/><U99/><E127/><V90/><F90/><W0/><G0/><T109/><D109/><U86/><E86/><V66/><F77/><W57/><G23/><T117/><D117/><U89/><E89/><V31/><F76/><W83/><G83/><T69/><D69/><U71/><E71/><V80/><F80/><W85/><G85/><T100/><D100/><U97/><E103/><V75/><F75/><W12/><G54/><T93/><D93/><U56/><E99/><V55/><F55/><W44/><G94/><T107/><D107/><U7/><E98/><V67/><F96/><W60/><G95/><T91/><D91/><U37/><E97/><V64/><F92/><W78/><G78/><T46/><D46/><U121/><E121/><V27/><F88/><W4/><G44/><T61/><D61/><U63/><E63/><V62/><F62/><RYUUKYOKU ba="0,0" sc="183,30,355,-10,235,-10,227,-10" hai0="6,9,11,13,14,19,26,29,32,114" owari="213,-28.7,345,44.5,225,2.5,217,-18.3" /></mjloggm>