<mjloggm ver="2.3"><GO type="225" lobby="0"/><UN n0="%6E%69%63%6F%6E%74%6F" n1="%77%72%77%72%77%72%77%72" n2="%E7%99%BD%E6%97%A5%E9%9B%AA%E8%8F%9C" n3="%4C%4F%4C%49%54%41" dan="16,17,17,16" rate="2105.19,2168.92,2197.11,2168.47" sx="M,M,M,F"/><TAIKYOKU oya="0"/><INIT seed="0,0,0,1,2,61" ten="250,250,250,250" oya="0" hai0="54,7,89,120,27,71,100,68,33,121,36,32,41" hai1="20,133,109,126,95,55,40,113,6,131,77,9,48" hai2="11,83,101,94,112,117,81,107,72,26,69,28,58" hai3="87,74,56,129,130,47,2,135,39,103,128,35,38"/><T44/><D7/><U34/><E34/><V127/><F112/><W63/><G74/><T67/><D100/><U59/><E109/><V86/><F69/><W116/><G2/><T3/><D3/><U80/><E113/><V118/><F127/><W111/><G35/><T105/><D105/><U19/><E126/><V16/><F107/><W4/><G4/><T30/><D71/><U60/><E133/><V110/><F110/><W25/><G25/><T10/><D10/><U1/><E131/><V14/><F58/><W62/><G111/><T21/><D54/><U84/><E95/><V106/><F106/><W57/><G103/><T104/><D104/><U124/><E124/><V85/><F72/><W43/><G87/><T23/><D33/><U75/><E40/><V46/><F46/><W49/><G116/><N who="2" m="44649" /><F86/><W73/><G73/><T119/><D119/><U17/><E75/><V114/><F114/><W13/><G13/><T122/><REACH who="0" step="1"/><D89/><REACH who="0" ten="240,250,250,250" step="2"/><U50/><REACH who="1" step="1"/><E17/><REACH who="1" ten="240,240,250,250" step="2"/><V93/><F16/><W51/><G135/><T76/><D76/><U79/><E79/><V90/><F101/><W22/><G129/><T115/><D115/><U64/><E64/><V108/><F108/><W78/><G78/><T15/><D15/><AGARI ba="0,2" hai="1,6,9,15,19,20,48,50,55,59,60,77,80,84" machi="15" ten="30,2000,0" yaku="1,1,7,1,53,0" doraHai="61" doraHaiUra="70" who="1" fromWho="0" sc="240,-20,240,40,250,0,250,0" /><INIT seed="1,0,0,2,3,106" ten="220,280,250,250" oya="1" hai0="36,105,63,101,42,71,107,24,135,127,86,100,8" hai1="55,88,99,67,15,58,81,37,16,7,35,14,79" hai2="120,112,29,5,72,118,27,66,4,50,60,22,103" hai3="91,1,111,131,110,51,97,12,74,104,117,25,92"/><U54/><E37/><V132/><F118/><W75/><G1/><T13/><D135/><U123/><E35/><V119/><F120/><W65/><G117/><T40/><D127/><U80/><E123/><V108/><F119/><W47/><G131/><T9/><D86/><N who="1" m="48415" /><E7/><V52/><F108/><N who="3" m="41515" /><G65/><T102/><D24/><U82/><E14/><V26/><F132/><W133/><G133/><T113/><D113/><U134/><E134/><V20/><F72/><W28/><G12/><T83/><D83/><N who="1" m="31755" /><E67/><V59/><F103/><W129/><G104/><T68/><D63/><U6/><E6/><V49/><F49/><W84/><G97/><T18/><D107/><U125/><E58/><V90/><F90/><W89/><G91/><T124/><D105/><U31/><E31/><V114/><F114/><W44/><G129/><T73/><D73/><N who="3" m="27657" /><G51/><T19/><D36/><U34/><E125/><V122/><F122/><W41/><G41/><T69/><D124/><U17/><E15/><AGARI ba="0,0" hai="8,9,13,15,18,19,40,42,68,69,71,100,101,102" machi="15" ten="50,1600,0" yaku="9,1" doraHai="106" who="0" fromWho="1" sc="220,16,280,-16,250,0,250,0" /><INIT seed="2,0,0,1,3,120" ten="236,264,250,250" oya="2" hai0="63,105,27,125,75,65,134,44,29,21,56,35,133" hai1="113,90,131,5,103,70,71,66,6,93,126,37,74" hai2="49,104,58,54,112,40,16,94,85,121,46,135,128" hai3="11,86,72,24,50,39,99,60,81,117,26,15,45"/><V57/><F104/><W1/><G117/><T10/><D125/><U34/><E113/><V118/><F121/><W106/><G39/><T62/><D75/><U3/><E37/><V115/><F118/><W53/><G1/><T23/><D105/><U12/><E34/><V28/><F128/><W59/><G72/><T47/><D10/><U41/><E74/><V91/><F28/><W89/><G99/><T17/><D63/><U9/><E41/><V25/><F135/><N who="0" m="51722" /><D35/><U69/><E131/><V127/><F127/><W18/><REACH who="3" step="1"/><G106/><REACH who="3" ten="236,264,250,240" step="2"/><T98/><D98/><U76/><E3/><V77/><F115/><W64/><AGARI ba="0,1" hai="11,15,18,24,26,45,50,53,59,60,64,81,86,89" machi="64" ten="20,16000,3" yaku="1,1,2,1,0,1,7,1,25,2,8,1,53,1" doraHai="120" doraHaiUra="48" who="3" fromWho="3" sc="236,-40,264,-40,250,-80,240,170" /><INIT seed="3,0,0,5,5,126" ten="196,224,170,410" oya="3" hai0="16,91,121,93,73,70,49,32,82,9,50,59,41" hai1="75,4,8,110,89,105,35,60,24,72,66,68,65" hai2="71,108,42,43,63,79,56,48,46,27,64,69,37" hai3="97,95,11,1,116,57,111,123,115,18,133,33,6"/><W127/><G115/><T81/><D121/><U34/><E89/><V94/><F79/><W77/><G116/><T87/><D70/><N who="2" m="26634" /><F94/><W51/><G33/><N who="1" m="12298" /><E65/><V28/><F27/><W13/><G133/><T119/><D32/><U29/><E24/><V47/><F28/><W134/><G111/><T38/><D119/><U128/><E110/><V58/><F108/><W80/><G127/><T129/><D129/><U120/><E128/><V62/><F62/><W86/><G134/><T131/><D131/><U113/><E29/><V114/><F114/><W45/><G57/><AGARI ba="0,0" hai="37,42,43,46,47,48,56,57,58,63,64" m="26634" machi="57" ten="30,8000,1" yaku="35,5" doraHai="126" who="2" fromWho="3" sc="196,0,224,0,170,80,410,-80" owari="196,-30.4,224,-17.6,250,5.0,330,43.0" /></mjloggm>