<mjloggm ver="2.3"><GO type="225" lobby="0"/><UN n0="%E8%B6%85%E7%B4%9A%E9%B3%B3%E5%87%B0" n1="%4E%49%4A%49%49%52%4F" n2="%E5%86%B7%E5%87%8D%E3%82%AE%E3%83%A7%E3%83%BC%E3%82%B6" n3="%E8%AB%B8%E8%91%9B%E4%BA%AE" dan="16,17,17,16" rate="2119.58,2236.10,2233.90,2134.88" sx="M,M,M,M"/><TAIKYOKU oya="0"/><INIT seed="0,0,0,4,2,61" ten="250,250,250,250" oya="0" hai0="68,32,75,128,113,97,109,82,90,52,101,117,71" hai1="83,93,130,10,79,20,19,62,5,94,125,55,131" hai2="89,30,54,23,26,38,11,108,44,127,111,135,102" hai3="21,4,134,9,60,91,84,17,33,92,7,133,51"/><T53/><D113/><U41/><E125/><V29/><F127/><W59/><G33/><T27/><D117/><U95/><E41/><V47/><F135/><N who="3" m="51723" /><G9/><T50/><D128/><N who="1" m="49195" /><E55/><V112/><F112/><W40/><G40/><T58/><D109/><N who="2" m="42058" /><F38/><W104/><G104/><T35/><D35/><U16/><E62/><V78/><F78/><W39/><G39/><T18/><D75/><N who="1" m="43519" /><E20/><V42/><F42/><W115/><G115/><T118/><D118/><U110/><E110/><V25/><F102/><W46/><G46/><T80/><D53/><U43/><E43/><V106/><F106/><W76/><G76/><T103/><D103/><U13/><AGARI ba="0,0" hai="5,10,13,16,19,93,94,95" m="43519,49195" machi="13" ten="30,2000,0" yaku="19,1,54,1" doraHai="61" who="1" fromWho="1" sc="250,-10,250,20,250,-5,250,-5" /><INIT seed="1,0,0,3,3,33" ten="240,270,245,245" oya="1" hai0="123,5,32,108,128,92,3,109,90,106,14,117,68" hai1="81,16,45,4,30,64,1,113,6,52,73,44,63" hai2="11,91,60,26,85,116,98,82,111,125,57,76,55" hai3="42,83,75,100,122,124,8,78,17,101,69,86,10"/><U103/><E113/><V67/><F116/><W58/><G69/><T22/><D117/><U89/><E103/><V112/><F111/><N who="0" m="42570" /><D32/><U66/><E30/><V127/><F112/><W135/><G122/><T65/><D106/><U56/><E73/><V74/><F11/><W133/><G42/><T62/><D123/><U107/><E1/><V13/><F13/><W105/><G124/><N who="2" m="47689" /><F26/><W53/><G75/><T25/><D128/><U7/><E107/><V21/><F21/><W12/><G10/><N who="0" m="2367" /><D14/><U43/><E16/><V88/><F98/><W84/><G84/><N who="0" m="52295" /><D22/><U51/><E44/><V104/><F104/><W87/><G87/><AGARI ba="0,0" hai="4,6,7,43,45,51,52,56,63,64,66,81,87,89" machi="87" ten="40,3900,0" yaku="8,1,54,1" doraHai="33" who="1" fromWho="3" sc="240,0,270,39,245,0,245,-39" /><INIT seed="1,1,0,1,2,5" ten="240,309,245,206" oya="1" hai0="49,108,73,11,131,67,119,114,105,63,50,52,85" hai1="41,124,80,115,103,24,51,47,31,78,32,7,133" hai2="34,94,83,14,120,97,3,81,60,74,75,135,13" hai3="15,66,36,23,56,116,20,8,90,71,43,99,118"/><U48/><E115/><V29/><F120/><W117/><G71/><T21/><D114/><U111/><E133/><V18/><F3/><W89/><G43/><T1/><D119/><U92/><E124/><V101/><F135/><W77/><G77/><T126/><D73/><U0/><E111/><V107/><F13/><W128/><G36/><T91/><D105/><U134/><E134/><V33/><F60/><N who="3" m="38151" /><G128/><T40/><D108/><U70/><E70/><V64/><F64/><W61/><G61/><T37/><D131/><U55/><E103/><V45/><F45/><W4/><G99/><T86/><D126/><U102/><E102/><V79/><F29/><W35/><G35/><T27/><D37/><U2/><E92/><V12/><F12/><W106/><G106/><T69/><D40/><U62/><E62/><V95/><F95/><W38/><G38/><T42/><D42/><U26/><E26/><V6/><F6/><W54/><G54/><T109/><D109/><U76/><E7/><V19/><F107/><W87/><G90/><T129/><D129/><U25/><E25/><V130/><F130/><W110/><G110/><T121/><D121/><U93/><E0/><V122/><F122/><W65/><G65/><T44/><D91/><U39/><E2/><V58/><F34/><W28/><G28/><N who="0" m="17519" /><D50/><U10/><E48/><V98/><F33/><W104/><G104/><T132/><D132/><U100/><E51/><V125/><F101/><W16/><G4/><N who="0" m="1423" /><D69/><U59/><E39/><V96/><F125/><W88/><G89/><T30/><D30/><U53/><E31/><RYUUKYOKU ba="1,0" sc="240,15,309,-15,245,-15,206,15" hai0="44,49,52,63,67,85,86" hai3="8,15,16,20,23,87,88,116,117,118" /><INIT seed="2,2,0,5,5,89" ten="255,294,230,221" oya="2" hai0="25,132,16,106,20,44,80,77,109,84,121,37,43" hai1="53,55,19,87,96,59,39,74,103,46,135,75,17" hai2="31,104,120,129,22,15,4,71,47,3,72,126,110" hai3="114,41,56,118,117,45,42,73,105,65,133,122,81"/><V108/><F104/><W90/><G105/><T85/><D121/><U8/><E135/><V78/><F71/><W93/><G122/><T32/><D106/><U26/><E87/><V60/><F120/><W1/><G1/><T128/><D132/><U38/><E8/><N who="2" m="2079" /><F78/><W48/><G133/><T66/><D109/><N who="2" m="42090" /><F72/><W35/><G35/><T10/><D128/><U9/><E9/><V130/><F47/><W24/><G114/><T92/><D10/><U124/><E46/><V76/><F60/><W12/><G12/><T123/><D123/><U107/><E74/><V40/><F40/><W21/><G42/><T115/><D32/><U13/><E75/><V125/><F76/><W2/><G2/><T0/><D0/><U52/><E39/><V27/><F15/><W91/><G73/><T95/><D115/><U100/><E38/><V98/><F98/><W83/><G117/><T113/><D113/><U14/><E96/><V64/><F64/><W23/><G118/><T102/><D66/><U34/><E107/><V79/><F79/><W116/><G116/><T86/><D102/><U57/><E13/><V82/><F82/><N who="3" m="31243" /><G91/><T112/><D112/><U11/><E14/><V88/><F88/><W94/><G90/><T99/><D99/><U131/><E100/><V111/><N who="2" m="42098" /><V61/><DORA hai="69" /><F61/><N who="3" m="38055" /><G24/><T134/><D134/><U50/><E103/><V18/><F31/><W6/><G6/><T97/><D97/><U63/><E26/><V54/><F54/><W127/><G127/><AGARI ba="2,0" hai="18,22,27,125,126,127,129,130" m="42098,2079" machi="127" ten="50,12000,1" yaku="18,1,14,1,10,1,34,2" doraHai="89,69" who="2" fromWho="3" sc="255,0,294,0,230,126,221,-126" /><INIT seed="2,3,0,4,4,96" ten="255,294,356,95" oya="2" hai0="41,53,34,25,22,4,71,108,129,124,127,133,3" hai1="92,65,111,50,98,72,102,100,91,93,29,7,37" hai2="103,2,113,40,69,95,114,116,0,57,27,63,8" hai3="36,18,67,121,16,48,61,118,110,99,47,46,38"/><V31/><F116/><W106/><G118/><T87/><D71/><U58/><E37/><V11/><F69/><W15/><G121/><T44/><D108/><U81/><E111/><V9/><F40/><W54/><G110/><T90/><D129/><U39/><E39/><V68/><F68/><W49/><G18/><T35/><D133/><U117/><E117/><V86/><F0/><W30/><G30/><T12/><D4/><U101/><E29/><V70/><F2/><W66/><G66/><T21/><D12/><U84/><E7/><V64/><F70/><W52/><G61/><T123/><D3/><U76/><E65/><V88/><REACH who="2" step="1"/><F103/><REACH who="2" ten="255,294,346,95" step="2"/><N who="1" m="39497" /><E58/><V115/><F115/><W128/><G128/><T43/><D41/><U107/><E50/><V77/><F77/><W14/><G67/><T80/><D43/><U79/><E79/><V112/><F112/><W32/><G38/><T28/><D90/><U119/><E119/><V94/><F94/><AGARI ba="3,1" hai="72,76,81,84,91,92,93,94,98,102,107" m="39497" machi="94" ten="30,16000,3" yaku="24,1,35,5,52,4" doraHai="96" who="1" fromWho="2" sc="255,0,294,179,346,-169,95,0" /><INIT seed="3,0,0,5,0,15" ten="255,473,177,95" oya="3" hai0="33,77,51,1,32,117,115,112,11,75,79,36,6" hai1="82,37,12,132,27,68,65,30,101,86,106,44,126" hai2="50,55,49,120,40,113,108,70,114,24,129,4,73" hai3="95,99,87,3,116,60,29,67,135,128,39,130,35"/><W71/><G116/><T52/><D117/><U89/><E132/><V8/><F70/><W19/><G39/><T125/><D36/><U94/><E126/><V7/><F129/><N who="3" m="49771" /><G3/><T46/><D125/><U21/><E106/><V131/><F108/><W85/><G135/><T38/><D38/><U81/><E68/><V59/><F120/><W100/><G29/><T123/><D123/><U0/><E0/><V34/><F73/><W14/><G35/><N who="0" m="13387" /><D75/><U16/><E65/><V57/><F114/><AGARI ba="0,0" hai="1,6,11,46,51,52,77,79,112,114,115" m="13387" machi="114" ten="30,2000,0" yaku="11,1,54,1" doraHai="15" who="0" fromWho="2" sc="255,20,473,0,177,-20,95,0" owari="275,7.5,473,57.3,157,-24.3,95,-40.5" /></mjloggm>