<mjloggm ver="2.3"><GO type="225" lobby="0"/><UN n0="%4D%50%43%32%38%30%30" n1="%72%65%6E%6B%75%6E" n2="%72%61%6B%33" n3="%E8%81%B7%E6%A5%AD%E3%80%81%E9%A2%A8%32" dan="16,17,16,16" rate="2121.17,2223.74,2172.17,2116.21" sx="M,M,M,M"/><TAIKYOKU oya="0"/><INIT seed="0,0,0,5,2,128" ten="250,250,250,250" oya="0" hai0="30,40,43,124,97,76,115,19,6,46,48,65,29" hai1="9,17,100,56,89,51,14,36,71,105,16,5,133" hai2="34,24,109,50,63,22,117,44,26,67,74,37,18" hai3="31,70,33,61,77,15,96,45,32,60,116,81,90"/><T87/><D115/><U82/><E36/><V126/><F74/><W83/><G116/><T23/><D124/><U79/><E71/><V92/><F109/><W80/><G77/><T4/><D65/><U41/><E89/><V68/><F126/><W132/><G45/><T21/><D97/><U39/><E39/><V108/><F108/><W3/><G3/><T120/><D120/><U103/><E133/><V38/><F117/><W11/><G70/><T84/><D43/><U0/><E105/><V99/><F26/><W107/><G31/><N who="0" m="11787" /><D23/><U73/><E17/><V25/><F25/><W72/><G72/><T125/><D125/><U53/><REACH who="1" step="1"/><E41/><REACH who="1" ten="250,240,250,250" step="2"/><V35/><F37/><W135/><G90/><T101/><D101/><U28/><E28/><V134/><F35/><W47/><G32/><T54/><D40/><U129/><E129/><V104/><F34/><W20/><G107/><T55/><D76/><U123/><E123/><V122/><F38/><W121/><G121/><T86/><D6/><U110/><E110/><V13/><F104/><W113/><G33/><T98/><D4/><U102/><E102/><N who="2" m="60775" /><F122/><W106/><G106/><T127/><D127/><U2/><E2/><V88/><F88/><W49/><G113/><T119/><D119/><U85/><E85/><V62/><F134/><W1/><G96/><T75/><D98/><U69/><E69/><V58/><F68/><W7/><G135/><T93/><D75/><U78/><E78/><V95/><F18/><N who="3" m="10335" /><G132/><T8/><D87/><U42/><E42/><V52/><F95/><W12/><G1/><T66/><D93/><RYUUKYOKU ba="0,1" sc="250,-15,240,15,250,-15,250,15" hai1="0,5,9,14,16,51,53,56,73,79,82,100,103" hai3="7,11,12,47,49,60,61,80,81,83" /><INIT seed="1,1,1,0,3,110" ten="235,255,235,265" oya="1" hai0="2,13,111,130,131,31,100,57,95,53,101,16,56" hai1="107,24,19,102,42,28,26,123,23,85,125,37,50" hai2="11,133,66,20,103,35,109,72,21,115,122,134,92" hai3="71,64,128,90,126,89,67,36,39,99,0,34,114"/><U93/><E123/><V106/><F72/><W88/><G34/><T108/><D2/><U127/><E37/><N who="3" m="14410" /><G0/><T43/><D43/><U112/><E112/><V45/><F122/><W87/><G71/><T4/><D4/><U55/><E42/><V69/><F35/><W22/><G99/><N who="0" m="59519" /><D101/><U135/><E135/><V59/><F106/><W15/><G87/><T33/><D31/><U10/><E107/><V49/><F69/><W94/><G94/><T80/><D80/><U78/><E10/><V70/><F11/><W96/><G96/><T81/><D81/><U97/><E78/><V5/><F70/><W129/><G114/><T82/><D82/><U38/><E38/><V91/><F115/><W17/><G126/><T98/><D98/><U83/><E83/><V120/><F120/><W51/><G51/><N who="0" m="30783" /><D57/><U9/><E85/><V121/><F121/><W30/><G30/><T68/><D68/><U54/><E125/><V119/><F59/><W18/><G18/><T6/><D6/><U52/><E127/><V118/><F5/><W76/><G76/><T65/><D65/><U29/><E50/><V14/><F49/><W104/><G104/><T73/><D33/><U77/><E77/><V75/><F133/><W25/><G25/><T86/><D86/><U62/><E62/><V74/><F134/><W61/><G61/><T46/><D46/><U63/><E63/><V116/><F45/><W84/><G84/><T7/><D7/><U105/><E105/><V41/><F74/><W27/><G27/><T124/><D73/><U8/><E28/><V32/><F75/><RYUUKYOKU ba="1,1" sc="235,-15,255,15,235,-15,265,15" hai1="8,9,19,23,24,26,29,52,54,55,93,97,102" hai3="15,17,22,64,67,88,89,90,128,129" /><INIT seed="1,2,1,3,3,58" ten="220,270,220,280" oya="1" hai0="66,90,32,56,24,55,89,45,134,126,9,6,129" hai1="74,7,95,132,104,83,84,64,96,97,123,28,93" hai2="118,75,78,125,72,91,10,31,109,19,30,116,130" hai3="11,86,103,76,15,25,61,2,20,0,34,46,43"/><U133/><E28/><V57/><F109/><W79/><G34/><T8/><D134/><N who="1" m="51819" /><E64/><V122/><F122/><W71/><G103/><T120/><D120/><U39/><E39/><V27/><F78/><W51/><G79/><T17/><D129/><U69/><E69/><V100/><F100/><W60/><G71/><T67/><D126/><U18/><E7/><V50/><F125/><W54/><G54/><T114/><D114/><U127/><E18/><V65/><F130/><W48/><G48/><N who="0" m="29071" /><D32/><U106/><E127/><V112/><F112/><W33/><G33/><T59/><D59/><U92/><E74/><V117/><F30/><N who="3" m="17703" /><G2/><T99/><D99/><N who="1" m="37963" /><E123/><V4/><F117/><W107/><G107/><T73/><D73/><U53/><E53/><V49/><F75/><W128/><G0/><T14/><D67/><U13/><E13/><V3/><F72/><W87/><G128/><T36/><D36/><U131/><E131/><V62/><F118/><W81/><G87/><T70/><D70/><U110/><E110/><V124/><F116/><W77/><G76/><AGARI ba="2,1" hai="76,83,84,92,93,95,104,106" m="37963,51819" machi="76" ten="30,5800,0" yaku="20,1,34,2" doraHai="58" who="1" fromWho="3" sc="220,0,270,74,220,0,280,-64" /><INIT seed="1,3,0,1,0,35" ten="220,344,220,216" oya="1" hai0="132,127,81,75,77,98,7,22,135,26,40,129,20" hai1="5,74,116,28,30,122,34,125,90,12,120,107,117" hai2="6,121,31,92,82,42,86,76,19,17,25,108,71" hai3="84,126,41,88,87,21,48,2,89,131,105,44,85"/><U63/><E107/><V4/><F121/><N who="1" m="46697" /><E90/><V100/><F108/><W37/><G105/><T57/><D127/><U55/><E74/><V124/><F124/><W52/><G126/><T54/><D129/><U111/><E55/><V130/><F130/><W56/><G131/><T68/><D68/><U96/><E96/><V103/><F71/><W106/><G106/><T50/><D40/><U114/><E63/><V13/><F42/><W3/><G21/><T11/><D98/><U33/><E125/><V66/><F66/><W91/><AGARI ba="3,0" hai="2,3,37,41,44,48,52,56,84,85,87,88,89,91" machi="91" ten="30,8000,1" yaku="0,1,52,2,54,2" doraHai="35" who="3" fromWho="3" sc="220,-23,344,-43,220,-23,216,89" /><INIT seed="2,0,0,1,3,59" ten="197,301,197,305" oya="2" hai0="58,96,57,113,6,26,81,72,123,60,95,18,11" hai1="21,120,16,76,73,80,67,122,20,22,125,65,8" hai2="79,124,56,62,121,55,84,12,135,39,69,37,116" hai3="66,61,100,132,134,83,126,14,71,98,5,119,17"/><V77/><F116/><W2/><G119/><T0/><D123/><N who="1" m="47147" /><E125/><V78/><F121/><W108/><G108/><T104/><D113/><U102/><E102/><V50/><F124/><W114/><G114/><T13/><D104/><U24/><E8/><V94/><F135/><N who="3" m="51755" /><G126/><T49/><D26/><N who="1" m="14599" /><E22/><V42/><F12/><W31/><G31/><AGARI ba="0,0" hai="21,24,31,65,67,73,76,80" m="14599,47147" machi="31" ten="30,2000,0" yaku="13,1,54,1" doraHai="59" who="1" fromWho="3" sc="197,0,301,20,197,0,305,-20" /><INIT seed="3,0,0,0,4,129" ten="197,321,197,285" oya="3" hai0="42,43,11,14,28,50,82,61,20,111,68,64,16" hai1="84,0,79,116,97,10,17,76,98,130,127,47,6" hai2="103,73,26,92,3,119,67,72,94,134,120,88,40" hai3="51,15,63,48,29,22,34,128,89,90,74,46,54"/><W7/><G74/><N who="2" m="28777" /><F3/><W27/><G128/><T8/><D111/><U114/><E127/><V135/><F119/><W121/><G121/><T83/><D11/><U91/><E116/><V132/><F120/><W41/><G34/><T81/><D50/><U70/><E70/><V53/><F67/><W101/><G101/><T60/><D60/><U113/><E130/><V56/><F26/><W37/><G37/><T112/><D112/><U102/><E17/><V104/><F40/><W21/><G63/><T66/><D64/><U25/><E25/><V100/><F104/><W1/><G1/><T2/><REACH who="0" step="1"/><D28/><REACH who="0" ten="187,321,197,285" step="2"/><U110/><E10/><V133/><N who="2" m="33792" /><DORA hai="31" /><V95/><F88/><N who="3" m="33899" /><G7/><AGARI ba="0,1" hai="2,7,8,14,16,20,42,43,61,66,68,81,82,83" machi="7" ten="40,2600,0" yaku="1,1,54,1,53,0" doraHai="129,31" doraHaiUra="23,87" who="0" fromWho="3" sc="187,36,321,0,197,0,285,-26" owari="223,-17.7,321,42.1,197,-30.3,259,5.9" /></mjloggm>