<mjloggm ver="2.3"><GO type="225" lobby="0"/><UN n0="%E3%83%A9%E3%83%BC%E3%83%A1%E3%83%B3%E4%BA%94%E9%83%8E" n1="%E3%82%BC%E3%83%AB%E3%83%80%E3%81%AE%E4%BC%9D%E8%AA%AC" n2="%33%74%72%65%65" n3="%38%63%E3%81%AF%E3%81%A3%E3%81%97%E3%83%BC" dan="16,16,16,16" rate="2078.14,2184.58,2145.50,2088.29" sx="M,M,F,M"/><TAIKYOKU oya="0"/><INIT seed="0,0,0,1,3,115" ten="250,250,250,250" oya="0" hai0="37,77,48,2,24,19,113,0,104,107,75,1,50" hai1="9,58,5,43,116,21,31,129,121,27,13,134,61" hai2="34,71,79,90,106,88,103,70,49,112,123,114,122" hai3="14,69,76,110,12,56,83,38,120,108,66,55,20"/><T32/><D113/><N who="2" m="43626" /><F49/><W74/><G38/><T84/><D37/><U93/><E121/><N who="2" m="46091" /><F34/><W91/><G120/><T53/><D75/><U10/><E116/><V130/><F70/><W118/><G118/><T133/><D133/><U4/><E129/><V40/><F40/><W98/><G66/><T87/><D48/><U57/><E134/><V125/><F71/><W45/><G45/><T52/><D53/><U102/><E43/><V28/><F28/><W68/><G68/><T72/><D72/><U30/><E30/><V119/><F119/><W23/><G69/><T46/><D32/><U97/><REACH who="1" step="1"/><E61/><REACH who="1" ten="250,240,250,250" step="2"/><V73/><F130/><W109/><G109/><T33/><D0/><AGARI ba="0,1" hai="0,4,5,9,10,13,21,27,31,57,58,93,97,102" machi="0" ten="30,3900,0" yaku="1,1,2,1,7,1,53,0" doraHai="115" doraHaiUra="64" who="1" fromWho="0" sc="250,-39,240,49,250,0,250,0" /><INIT seed="1,0,0,2,0,90" ten="211,289,250,250" oya="1" hai0="78,43,31,42,104,93,3,17,22,45,97,77,111" hai1="94,106,126,36,59,11,88,107,71,79,110,24,46" hai2="66,133,37,114,5,39,33,120,52,116,23,12,6" hai3="8,112,16,65,53,32,57,113,122,134,115,127,128"/><U13/><E71/><V103/><F33/><W60/><G122/><T105/><D3/><U38/><E79/><V26/><F120/><W54/><G128/><T35/><D111/><U125/><E110/><V15/><F116/><W83/><G32/><T18/><D35/><U84/><E59/><V30/><F133/><W95/><G134/><T74/><D104/><N who="1" m="39979" /><E24/><V50/><F66/><W102/><G83/><T69/><D105/><U25/><E25/><V98/><F114/><W76/><G76/><T119/><D119/><U89/><E46/><V19/><F37/><W44/><G44/><T96/><D69/><U34/><E89/><V131/><F39/><W47/><G47/><T61/><D61/><U0/><E0/><V100/><F131/><W117/><G117/><T81/><D78/><U129/><E129/><V87/><F87/><W92/><G102/><N who="2" m="38953" /><F98/><W2/><G2/><T14/><D97/><U9/><E9/><N who="2" m="6543" /><F15/><W68/><G68/><T108/><D108/><U41/><E34/><V29/><F29/><W67/><G67/><T80/><D31/><U58/><E36/><V28/><F28/><W56/><G127/><N who="1" m="48650" /><E38/><V130/><F130/><W4/><G4/><T49/><D14/><U48/><E41/><V7/><F5/><W20/><G8/><T64/><D42/><U135/><E135/><V51/><F51/><W85/><G65/><T10/><D64/><U86/><E86/><V123/><F123/><W118/><G85/><T101/><D49/><U40/><E40/><V70/><F70/><W99/><G118/><T109/><D43/><U1/><E1/><RYUUKYOKU ba="0,0" sc="211,-10,289,-10,250,30,250,-10" hai2="6,7,23,26,30,50,52" /><INIT seed="2,1,0,2,2,56" ten="201,279,280,240" oya="2" hai0="10,118,22,103,107,24,27,121,17,0,18,133,6" hai1="61,42,32,122,8,113,54,101,55,102,135,104,37" hai2="91,5,110,90,126,28,14,26,1,47,25,89,70" hai3="58,36,125,16,44,53,29,40,43,73,92,106,131"/><V2/><F126/><W51/><G106/><T75/><D75/><U39/><E113/><V129/><F129/><W124/><G73/><T127/><D121/><U96/><E122/><V60/><F110/><W64/><G29/><T115/><D115/><U128/><E128/><V81/><F81/><W84/><G131/><T76/><D76/><U98/><E32/><V62/><F47/><W72/><G72/><T97/><D127/><N who="3" m="48713" /><G43/><T50/><D133/><U31/><E31/><V3/><F70/><W87/><G92/><T35/><D118/><U9/><E42/><V116/><F116/><W112/><G112/><T12/><D18/><U74/><E74/><V134/><F134/><W30/><G30/><T114/><D114/><U15/><E135/><V79/><F79/><W111/><G111/><T71/><D35/><U132/><E132/><V48/><F48/><W13/><G64/><T88/><D71/><U52/><E61/><V33/><REACH who="2" step="1"/><F25/><REACH who="2" ten="201,279,270,240" step="2"/><W100/><G100/><T82/><REACH who="0" step="1"/><D50/><REACH who="0" ten="191,279,270,240" step="2"/><U49/><E49/><V109/><F109/><W63/><G51/><T20/><D20/><AGARI ba="1,2" hai="13,16,20,36,40,44,53,58,63,84,87" m="48713" machi="20" ten="30,3900,0" yaku="18,1,52,1,54,1" doraHai="56" who="3" fromWho="0" sc="191,-42,279,0,270,0,240,62" /><INIT seed="3,0,0,0,0,102" ten="149,279,270,302" oya="3" hai0="130,59,36,108,23,84,58,99,47,54,128,117,103" hai1="7,45,82,10,3,57,106,78,67,79,93,125,37" hai2="112,14,26,48,5,132,70,8,104,39,25,86,65" hai3="34,63,41,77,29,95,120,22,110,24,30,113,89"/><W15/><G120/><T20/><D117/><U92/><E125/><V116/><F39/><W21/><G113/><T71/><D71/><U100/><E79/><V56/><F112/><W42/><G77/><T127/><D127/><U121/><E121/><V80/><F116/><W55/><G110/><T90/><D108/><U107/><E67/><V16/><F132/><W87/><G34/><T18/><D36/><U13/><E57/><V133/><F133/><W134/><G134/><T44/><D44/><U124/><E13/><V118/><F104/><N who="1" m="39977" /><E100/><V75/><F75/><W38/><G38/><T64/><D64/><U74/><E124/><V31/><F118/><W94/><G94/><N who="0" m="54599" /><D47/><U35/><E35/><V9/><F70/><W11/><G55/><T68/><D68/><U122/><E122/><V62/><F48/><W109/><G63/><N who="0" m="36311" /><D59/><U19/><E19/><V4/><F31/><W32/><G109/><T40/><D40/><AGARI ba="0,0" hai="3,7,10,37,40,45,74,78,82,92,93" m="39977" machi="40" ten="30,7700,0" yaku="25,1,52,3" doraHai="102" who="1" fromWho="0" sc="149,-77,279,77,270,0,302,0" owari="72,-42.8,356,45.6,270,-13.0,302,10.2" /></mjloggm>