<mjloggm ver="2.3"><GO type="225" lobby="0"/><UN n0="%E3%81%9F%E3%81%A3%E3%81%A1%E3%82%87" n1="%E6%A1%9C%E8%8A%B1%E9%96%83%E3%80%85" n2="%E5%B8%86%E7%AB%8B%E5%A4%8F%E8%A1%A3" n3="%E3%81%82%E3%81%84%E3%81%82%E3%81%8A%E3%81%84" dan="16,17,16,18" rate="2077.46,2216.88,2112.41,2201.62" sx="M,M,M,M"/><TAIKYOKU oya="0"/><INIT seed="0,0,0,3,5,60" ten="250,250,250,250" oya="0" hai0="30,126,14,95,43,78,79,85,102,46,40,49,64" hai1="86,120,76,0,12,13,7,59,23,3,56,87,134" hai2="41,124,73,50,121,63,25,9,33,74,70,26,107" hai3="36,82,83,75,108,127,10,115,27,55,39,89,117"/><T5/><D126/><U96/><E120/><V1/><F121/><W92/><G115/><T52/><D30/><U90/><E134/><V91/><F124/><W105/><G105/><T98/><D64/><U132/><E132/><V84/><F107/><W51/><G127/><T113/><D113/><U4/><E90/><V54/><F41/><N who="0" m="15946" /><D85/><U81/><E23/><V104/><F104/><W20/><G117/><T114/><D114/><U61/><E61/><V53/><F1/><W100/><G100/><T71/><D71/><U130/><E96/><V8/><F73/><W45/><G10/><AGARI ba="0,0" hai="5,10,14,46,49,52,78,79,95,98,102" m="15946" machi="10" ten="30,2900,0" yaku="8,1,54,1" doraHai="60" who="0" fromWho="3" sc="250,29,250,0,250,0,250,-29" /><INIT seed="0,1,0,3,5,54" ten="279,250,250,221" oya="0" hai0="102,45,56,35,79,83,98,84,49,57,38,75,129" hai1="85,29,63,53,114,30,43,69,4,104,12,87,115" hai2="11,67,126,124,68,46,31,62,131,24,34,92,82" hai3="42,25,1,39,23,100,16,107,88,51,93,73,90"/><T13/><D129/><U5/><E104/><V134/><F131/><W28/><G73/><T127/><D35/><U6/><E43/><V118/><F134/><W0/><G39/><T18/><D38/><U44/><E12/><V103/><F118/><W89/><G107/><T117/><D127/><U7/><N who="1" m="1024" /><DORA hai="77" /><U10/><E10/><V36/><F11/><W106/><G106/><T66/><D66/><U135/><E135/><V21/><F34/><W59/><G28/><N who="1" m="10858" /><E69/><V70/><F70/><W132/><G132/><T8/><D75/><U99/><E99/><V78/><F36/><W52/><REACH who="3" step="1"/><G42/><REACH who="3" ten="279,250,250,211" step="2"/><T97/><D117/><U111/><E111/><V64/><F126/><W48/><G48/><T58/><D102/><U96/><E115/><V37/><F124/><W95/><G95/><T50/><D50/><N who="1" m="28871" /><E114/><V9/><F37/><W72/><G72/><T47/><D45/><U109/><E109/><V125/><F46/><W105/><G105/><T112/><D112/><U108/><E108/><V15/><F125/><W32/><G32/><T101/><D101/><U20/><E96/><AGARI ba="1,1" hai="0,1,16,23,25,51,52,59,88,89,90,93,96,100" machi="96" ten="40,8000,1" yaku="1,1,52,1,54,3,53,0" doraHai="54,77" doraHaiUra="74,3" who="3" fromWho="1" sc="279,0,250,-83,250,0,211,93" /><INIT seed="1,0,0,3,4,93" ten="279,167,250,304" oya="1" hai0="111,8,84,41,101,109,58,31,53,74,79,6,15" hai1="123,114,29,81,127,66,55,98,26,36,48,134,110" hai2="30,12,83,92,75,97,21,17,54,80,16,90,131" hai3="32,125,117,37,40,44,35,28,85,13,107,115,45"/><U27/><E114/><V7/><F131/><W135/><G115/><T20/><D74/><U50/><E123/><V60/><F75/><W62/><G107/><T95/><D41/><U71/><E36/><V23/><F30/><W3/><G3/><T128/><D128/><U1/><E1/><V24/><F7/><W69/><G28/><T100/><D79/><U86/><E127/><V104/><F104/><W51/><G125/><T59/><D59/><AGARI ba="0,0" hai="12,16,17,21,23,24,54,59,60,80,83,90,92,97" machi="59" ten="40,8000,1" yaku="25,2,8,1,52,1,54,1" doraHai="93" who="2" fromWho="0" sc="279,-80,167,0,250,80,304,0" /><INIT seed="2,0,0,5,4,15" ten="199,167,330,304" oya="2" hai0="131,116,37,81,47,107,20,14,109,43,23,68,38" hai1="1,16,8,57,60,4,36,11,83,21,85,42,132" hai2="100,90,115,54,66,61,29,108,112,125,6,75,74" hai3="17,114,45,113,98,12,94,0,18,55,101,104,35"/><V41/><F29/><W106/><G0/><T78/><D107/><U44/><E132/><V128/><F100/><W52/><G35/><T67/><D37/><U13/><E11/><V127/><F6/><W26/><G26/><T50/><D131/><U130/><E130/><V27/><F27/><W99/><G106/><T40/><D109/><U53/><E85/><V3/><F3/><W118/><G118/><T70/><D116/><U117/><E83/><V123/><F90/><N who="3" m="55639" /><G45/><T129/><D40/><U80/><E80/><V124/><F41/><W9/><G18/><T71/><D38/><U7/><E117/><V58/><F123/><W2/><G2/><T73/><D129/><U89/><E89/><V5/><F128/><W135/><G135/><T122/><D122/><U79/><REACH who="1" step="1"/><E7/><REACH who="1" ten="199,157,330,304" step="2"/><V105/><F108/><W62/><G9/><T56/><REACH who="0" step="1"/><D14/><REACH who="0" ten="189,157,330,304" step="2"/><U34/><E34/><V93/><F125/><W84/><G12/><T119/><D119/><U97/><E97/><V51/><F127/><W76/><G99/><T133/><D133/><U24/><E24/><V46/><F124/><W22/><G114/><T28/><D28/><U92/><E92/><V103/><F115/><W48/><G113/><T86/><D86/><U134/><E134/><V19/><F112/><W39/><G84/><T64/><D64/><U111/><E111/><V69/><F93/><W126/><G126/><T25/><D25/><U33/><E33/><V10/><F105/><W91/><G104/><T110/><D110/><U96/><E96/><V72/><F66/><W49/><G101/><T77/><D77/><AGARI ba="0,2" hai="1,4,8,13,16,21,36,42,44,53,57,60,77,79" machi="77" ten="40,8000,1" yaku="1,1,6,1,52,1,54,1,53,0" doraHai="15" doraHaiUra="30" who="1" fromWho="0" sc="189,-80,157,100,330,0,304,0" /><INIT seed="3,0,0,0,0,33" ten="109,257,330,304" oya="3" hai0="122,6,125,81,99,15,59,134,11,63,3,4,85" hai1="30,19,54,41,119,17,39,93,71,43,9,28,23" hai2="112,127,1,101,133,124,87,118,52,116,60,111,100" hai3="94,96,106,27,35,61,51,103,44,114,83,77,12"/><W46/><G114/><T38/><D122/><U121/><E121/><V66/><F112/><W53/><G12/><T123/><D123/><U29/><E71/><N who="2" m="42439" /><F1/><W8/><G8/><T48/><D38/><U31/><E39/><V18/><F111/><W90/><G61/><T88/><D125/><U68/><E68/><V79/><F133/><W76/><G46/><T73/><D134/><U97/><N who="1" m="7168" /><DORA hai="69" /><U13/><E54/><V115/><F115/><W42/><G27/><T16/><D73/><U22/><E119/><V86/><F18/><W80/><G35/><T109/><D109/><U62/><E62/><V129/><F129/><W117/><G53/><T40/><D99/><U131/><E131/><V130/><F130/><W70/><G70/><T108/><D108/><U49/><E49/><V55/><F118/><W45/><G45/><T47/><D3/><U5/><E19/><V25/><F116/><W24/><G24/><T26/><D26/><U75/><E75/><V58/><F25/><W64/><G64/><T132/><D132/><U56/><E56/><V14/><F55/><W65/><G65/><T57/><D59/><U2/><REACH who="1" step="1"/><E23/><REACH who="1" ten="109,247,330,304" step="2"/><V126/><F52/><AGARI ba="0,1" hai="4,6,11,15,16,40,47,48,52,57,63,81,85,88" machi="52" ten="30,8000,1" yaku="7,1,8,1,54,3" doraHai="33,69" who="0" fromWho="2" sc="109,90,247,0,330,-80,304,0" owari="199,-30.1,247,-15.3,250,5.0,304,40.4" /></mjloggm>