<mjloggm ver="2.3"><GO type="225" lobby="0"/><UN n0="%E9%80%9F%E6%B0%B4%E5%87%9B%E9%A6%99" n1="%54%4F%52" n2="%73%6C%69%63%6B%33%31%39" n3="%33%74%72%65%65" dan="16,17,17,17" rate="2111.52,2257.69,2162.31,2177.40" sx="F,M,M,F"/><TAIKYOKU oya="0"/><INIT seed="0,0,0,4,5,47" ten="250,250,250,250" oya="0" hai0="60,37,133,72,106,110,13,40,23,73,71,6,26" hai1="32,69,55,130,19,46,129,122,128,94,12,119,43" hai2="134,16,17,82,76,22,91,117,49,15,67,18,93" hai3="124,125,79,62,68,20,57,59,131,58,86,56,87"/><T45/><D133/><U29/><E119/><V33/><F33/><W35/><G35/><T14/><D106/><U120/><E69/><V65/><F134/><W104/><G131/><T63/><D110/><U0/><E0/><V77/><F117/><W108/><G108/><T31/><D60/><U127/><E127/><N who="3" m="48714" /><G104/><T30/><D30/><U121/><E55/><V51/><F65/><N who="3" m="41015" /><G79/><N who="2" m="30281" /><F82/><W78/><G78/><T97/><D97/><U70/><E70/><V85/><F67/><W53/><G20/><T54/><D71/><U80/><E94/><V39/><F39/><W116/><G116/><T102/><D102/><U107/><E107/><V111/><F111/><W103/><G103/><T74/><REACH who="0" step="1"/><D6/><REACH who="0" ten="240,250,250,250" step="2"/><U36/><E29/><V92/><F92/><W28/><G28/><T83/><D83/><U101/><E101/><V81/><F81/><W3/><G3/><T34/><D34/><U114/><E80/><V100/><F100/><W95/><G95/><T90/><D90/><U75/><E32/><V112/><F112/><W7/><G7/><T25/><D25/><U11/><REACH who="1" step="1"/><E75/><REACH who="1" ten="240,240,250,250" step="2"/><V89/><F89/><W27/><G27/><T98/><D98/><U8/><E8/><V113/><F113/><AGARI ba="0,2" hai="11,12,19,36,43,46,113,114,120,121,122,128,129,130" machi="113" ten="50,3200,0" yaku="1,1,19,1,53,0" doraHai="47" doraHaiUra="66" who="1" fromWho="2" sc="240,0,240,52,250,-32,250,0" /><INIT seed="1,0,0,2,4,95" ten="240,292,218,250" oya="1" hai0="58,98,36,3,9,63,39,40,30,35,89,121,12" hai1="48,16,51,114,103,56,42,7,55,79,71,4,118" hai2="135,83,129,87,25,119,43,91,122,15,92,6,97" hai3="134,37,86,66,74,61,72,59,130,132,38,100,47"/><U102/><E114/><V60/><F129/><W29/><G130/><T93/><D3/><U33/><E118/><V94/><F135/><N who="3" m="51755" /><G29/><T1/><D1/><U52/><E71/><V85/><F122/><W126/><G126/><T14/><D14/><U101/><E33/><V13/><F119/><W26/><G26/><T82/><D121/><U32/><E32/><V128/><F128/><W116/><G116/><T84/><D40/><U125/><E125/><V11/><F43/><N who="3" m="23023" /><G38/><T99/><D35/><U109/><E109/><V2/><F2/><W17/><G100/><T112/><D30/><U81/><E42/><V19/><F60/><W27/><G86/><N who="0" m="52407" /><D36/><U120/><E16/><V108/><F25/><W10/><G10/><T69/><D69/><U46/><REACH who="1" step="1"/><E120/><REACH who="1" ten="240,282,218,250" step="2"/><V0/><F108/><W49/><G17/><N who="0" m="8335" /><D112/><U41/><E41/><V75/><F19/><W80/><G27/><T104/><D39/><U77/><E77/><V96/><F6/><W24/><G24/><T44/><D44/><U106/><E106/><V54/><F11/><W21/><G21/><T53/><D104/><U8/><E8/><V20/><F20/><W45/><G45/><T105/><D105/><U62/><E62/><V110/><F97/><W123/><G123/><T65/><D65/><U124/><E124/><V133/><F96/><W70/><G70/><T31/><D31/><U18/><E18/><V115/><F110/><W117/><G117/><T68/><D68/><U131/><E131/><V113/><F133/><W73/><G49/><T78/><AGARI ba="0,1" hai="53,58,63,78,82,84,98,99" m="8335,52407" machi="78" ten="30,4000,0" yaku="8,1,52,2" doraHai="95" who="0" fromWho="0" sc="240,50,282,-20,218,-10,250,-10" /><INIT seed="2,0,0,1,3,45" ten="290,262,208,240" oya="2" hai0="111,135,120,65,33,108,78,95,117,2,99,129,80" hai1="11,132,116,28,101,133,124,31,100,6,131,19,75" hai2="123,97,84,127,94,10,98,57,81,18,34,74,35" hai3="40,26,48,13,115,59,96,23,118,52,77,51,47"/><V88/><F123/><W30/><G118/><T53/><D2/><U3/><E116/><V49/><F127/><W61/><G115/><T107/><D33/><U7/><E124/><V21/><F74/><W5/><G77/><T24/><D24/><U109/><E75/><V113/><F113/><W38/><REACH who="3" step="1"/><G96/><REACH who="3" ten="290,262,208,230" step="2"/><T20/><D117/><U93/><E133/><V87/><F34/><W103/><G103/><T106/><D99/><U41/><E101/><V22/><F35/><W4/><G4/><T119/><D78/><U76/><E76/><N who="2" m="46119" /><F98/><W60/><G60/><T29/><D135/><U43/><E7/><V54/><F97/><W64/><G64/><T39/><D65/><U126/><E6/><V36/><F36/><W121/><G121/><T122/><D39/><U62/><E100/><V14/><AGARI ba="0,1" hai="10,14,18,21,22,49,54,57,87,88,94" m="46119" machi="14" ten="30,6000,0" yaku="8,1,52,1,54,1" doraHai="45" who="2" fromWho="2" sc="290,-20,262,-20,208,70,230,-20" /><INIT seed="2,1,0,5,1,51" ten="270,242,278,210" oya="2" hai0="125,76,129,92,130,36,88,15,83,28,126,95,87" hai1="2,135,41,78,49,14,48,38,18,89,132,105,46" hai2="58,106,133,5,62,127,75,107,8,42,81,110,84" hai3="1,52,25,134,86,82,108,3,27,37,116,67,53"/><V10/><F75/><W128/><G116/><T6/><D28/><U60/><E2/><V9/><F5/><W13/><G37/><T120/><D15/><U121/><E105/><V4/><F4/><W96/><G3/><T35/><D35/><U24/><E121/><V11/><N who="2" m="2048" /><DORA hai="34" /><V101/><F101/><W23/><G1/><T100/><D36/><U71/><E14/><V113/><F113/><W118/><G118/><T59/><D59/><U44/><E78/><V21/><F127/><N who="0" m="48650" /><D120/><U17/><E89/><V91/><F133/><N who="1" m="51273" /><E24/><N who="3" m="9290" /><G134/><T80/><D100/><U124/><E124/><V64/><F110/><W111/><G128/><N who="0" m="49259" /><D6/><U0/><E0/><V131/><F131/><W12/><G67/><T109/><D109/><N who="3" m="42057" /><G96/><T68/><D68/><U74/><E74/><AGARI ba="1,0" hai="74,76,80,83,87,88,92,95" m="49259,48650" machi="74" ten="30,8000,1" yaku="18,1,19,1,34,2,54,1" doraHai="51,34" who="0" fromWho="1" sc="270,83,242,-83,278,0,210,0" /><INIT seed="3,0,0,2,0,2" ten="353,159,278,210" oya="3" hai0="111,83,89,96,78,103,104,58,38,119,12,14,45" hai1="129,123,5,108,76,35,53,59,99,3,52,95,127" hai2="64,22,110,21,34,60,67,10,36,51,92,116,37" hai3="84,47,29,93,85,135,46,130,30,1,50,125,132"/><W72/><G72/><T106/><D119/><U126/><E123/><V25/><F34/><W114/><G1/><T41/><D111/><U134/><E108/><V28/><F110/><W98/><G114/><T9/><D106/><U90/><E35/><V68/><F67/><W73/><G73/><T7/><D58/><U124/><E134/><N who="3" m="51242" /><G130/><T19/><D89/><U69/><E69/><V43/><F116/><W100/><G125/><T24/><D24/><U44/><E129/><V57/><F21/><W42/><G47/><T18/><D12/><U63/><E76/><V105/><F105/><W49/><G49/><T6/><D19/><U31/><E31/><AGARI ba="0,0" hai="29,30,31,42,46,50,84,85,93,98,100" m="51242" machi="31" ten="30,1500,0" yaku="20,1" doraHai="2" who="3" fromWho="1" sc="353,0,159,-15,278,0,210,15" /><INIT seed="3,1,0,2,1,52" ten="353,144,278,225" oya="3" hai0="58,120,22,121,74,98,13,113,91,73,116,93,87" hai1="97,63,76,23,79,2,100,8,24,134,35,17,6" hai2="67,41,92,133,107,12,66,119,27,10,42,127,122" hai3="103,104,37,83,4,59,101,108,44,5,115,112,102"/><W111/><G104/><T123/><D116/><U69/><E134/><V1/><F1/><W49/><G83/><N who="0" m="49663" /><D58/><U78/><E35/><V38/><F127/><W65/><G37/><T85/><D22/><U50/><E50/><V29/><F133/><W57/><G65/><T26/><D13/><U130/><E130/><V128/><F128/><W75/><G75/><T32/><D26/><U81/><E69/><V105/><F119/><W46/><G102/><N who="0" m="60751" /><D32/><U71/><E71/><V118/><F42/><W48/><AGARI ba="1,0" hai="4,5,44,46,48,49,57,59,101,103,108,111,112,115" machi="48" ten="25,12000,1" yaku="0,1,22,2,52,2" doraHai="52" who="3" fromWho="3" sc="353,-41,144,-41,278,-41,225,123" owari="312,11.2,103,-39.7,237,-16.3,348,44.8" /></mjloggm>