<mjloggm ver="2.3"><GO type="225" lobby="0"/><UN n0="%E7%99%BD%E6%97%A5%E9%9B%AA%E8%8F%9C" n1="%E3%82%B3%E3%83%90%E3%83%AC%E3%82%A4" n2="%E6%B8%A9%E2%98%85%E6%83%85%E2%98%85%E6%8E%AA%E2%98%85%E7%BD%AE" n3="%E3%80%93%E3%81%97%E3%83%BC%E3%82%89%E3%80%93" dan="17,16,18,16" rate="2226.32,2130.78,2180.92,2164.53" sx="M,M,M,M"/><TAIKYOKU oya="0"/><INIT seed="0,0,0,3,1,65" ten="250,250,250,250" oya="0" hai0="13,26,12,75,94,87,62,30,24,132,97,89,122" hai1="46,0,124,55,36,125,128,68,14,105,50,53,38" hai2="130,123,22,90,15,41,54,60,4,8,59,93,81" hai3="84,40,112,49,127,79,57,10,102,83,58,34,73"/><T86/><D75/><U3/><E105/><V20/><F123/><W101/><G34/><T45/><D132/><U85/><E14/><N who="0" m="5737" /><D122/><U35/><E35/><V108/><F108/><W72/><G112/><T19/><D30/><U106/><E106/><V77/><F130/><W121/><G121/><T43/><D62/><U98/><E98/><V25/><F41/><W17/><G73/><T133/><D133/><U69/><E85/><N who="0" m="32265" /><D19/><U27/><E27/><V1/><F1/><N who="1" m="585" /><E128/><V29/><F81/><W21/><G72/><T100/><D100/><U80/><E80/><V39/><F39/><N who="1" m="14889" /><E55/><V104/><F104/><W51/><G102/><T131/><D131/><U71/><E53/><V70/><F54/><W42/><G101/><T16/><D16/><U11/><E11/><V109/><F8/><W115/><G10/><T119/><D119/><U9/><E9/><V120/><F120/><W33/><G33/><T67/><D67/><U110/><E110/><V114/><F109/><W88/><G42/><T23/><D23/><U118/><E118/><V28/><F22/><W64/><G40/><T32/><D32/><U82/><E82/><V48/><F20/><W44/><G21/><T31/><D31/><U52/><E52/><N who="2" m="32135" /><F29/><W61/><G17/><T96/><D96/><U113/><E113/><V116/><F114/><W117/><G115/><T129/><D129/><U126/><E46/><V76/><F116/><W47/><G117/><T18/><D18/><U99/><E99/><N who="2" m="57783" /><F28/><W37/><G47/><T5/><D5/><U74/><E74/><V111/><F111/><W103/><G44/><RYUUKYOKU ba="0,0" sc="250,15,250,15,250,-15,250,-15" hai0="24,26,43,45,89,94,97" hai1="50,68,69,71,124,125,126" /><INIT seed="0,1,0,4,2,83" ten="265,265,235,235" oya="0" hai0="96,63,110,44,117,92,122,54,17,50,103,40,38" hai1="66,60,118,125,98,11,123,82,18,105,77,73,94" hai2="1,42,127,116,39,108,75,97,91,9,69,25,111" hai3="64,114,124,87,59,56,34,121,81,16,79,85,22"/><T62/><D117/><U3/><E118/><V48/><F116/><W99/><G34/><T86/><D122/><U61/><E123/><V37/><F75/><W41/><G121/><T53/><D110/><N who="2" m="42026" /><F69/><W120/><G120/><T31/><D31/><U45/><E105/><V90/><F127/><W49/><G114/><T78/><D17/><U57/><E125/><V43/><F25/><N who="3" m="14535" /><G124/><T30/><D30/><U27/><E3/><V21/><F21/><W88/><G99/><T47/><REACH who="0" step="1"/><D54/><REACH who="0" ten="255,265,235,235" step="2"/><U58/><E18/><V26/><F26/><W52/><G41/><T7/><D7/><U0/><E27/><V4/><F43/><W101/><G64/><T106/><D106/><U109/><E109/><V55/><F42/><W32/><G32/><T130/><D130/><U70/><E66/><V80/><F55/><W93/><G101/><T115/><D115/><U36/><E36/><V13/><F39/><W68/><G68/><T132/><D132/><U104/><E104/><V20/><F37/><W100/><G100/><T113/><D113/><U89/><E70/><V71/><F71/><W8/><G8/><T14/><D14/><U24/><E24/><V15/><F15/><W102/><G102/><T10/><D10/><U35/><E11/><V51/><F13/><W119/><G119/><T72/><D72/><U76/><E35/><V74/><F74/><W67/><G67/><T29/><D29/><U33/><E33/><V12/><F12/><W2/><G2/><T95/><D95/><U128/><E0/><V129/><F129/><W28/><G28/><T6/><D6/><RYUUKYOKU ba="1,1" sc="255,15,265,-15,235,-15,235,15" hai0="38,40,44,47,50,53,62,63,78,86,92,96,103" hai3="49,52,56,59,79,81,85,87,88,93" /><INIT seed="0,2,1,2,4,80" ten="270,250,220,250" oya="0" hai0="131,55,30,111,112,116,48,132,60,88,36,133,107" hai1="2,94,8,89,18,100,44,19,29,9,73,115,106" hai2="90,33,64,122,27,127,74,20,78,129,120,13,91" hai3="45,110,86,109,87,77,76,105,71,3,103,69,46"/><T75/><D112/><U92/><E73/><V10/><F33/><W35/><G35/><T134/><D116/><U135/><E115/><V121/><F129/><W51/><G3/><T37/><D107/><U81/><E106/><V43/><F127/><W5/><G5/><T65/><D75/><U24/><E81/><V114/><F114/><W53/><G105/><T7/><D131/><U119/><E119/><V68/><F43/><W125/><G103/><T123/><D123/><U11/><E2/><V67/><F78/><N who="3" m="30315" /><G125/><T126/><D126/><U97/><E44/><N who="3" m="17002" /><G53/><T54/><D7/><U117/><E117/><V70/><F74/><W41/><G51/><T101/><D101/><U49/><E49/><V28/><F70/><N who="3" m="26635" /><G41/><T32/><D32/><U82/><E82/><V56/><F68/><W22/><G22/><T40/><D40/><U47/><E47/><V50/><F50/><W0/><G0/><T98/><D54/><U14/><E19/><V26/><F26/><W85/><AGARI ba="2,1" hai="85,86,87,109,110" m="26635,17002,30315" machi="85" ten="40,8000,1" yaku="28,2,52,3" doraHai="80" who="3" fromWho="3" sc="270,-42,250,-22,220,-22,250,96" /><INIT seed="1,0,0,5,3,135" ten="228,228,198,346" oya="1" hai0="47,0,117,71,78,102,90,62,125,52,11,38,24" hai1="3,31,112,15,129,40,98,44,106,29,45,97,57" hai2="101,82,131,16,9,134,88,75,119,39,111,28,67" hai3="56,109,103,85,115,8,58,2,6,35,84,66,69"/><U49/><E3/><V118/><F39/><W123/><G35/><T22/><D117/><U108/><E112/><V92/><F134/><W36/><G36/><T120/><D120/><U94/><E106/><V48/><F111/><W43/><G43/><T41/><D102/><U61/><E108/><V87/><F131/><W81/><G115/><T12/><D78/><U37/><E129/><V110/><F110/><W89/><G123/><T93/><D0/><U130/><E98/><V124/><F28/><W14/><G103/><T18/><D125/><U70/><E70/><V13/><F67/><W55/><G69/><T91/><D93/><U86/><E86/><V27/><F124/><W107/><G107/><T19/><REACH who="0" step="1"/><D52/><REACH who="0" ten="218,228,198,346" step="2"/><U128/><E130/><V25/><F75/><W104/><G55/><T63/><D63/><U80/><E128/><V60/><F60/><W79/><G2/><T4/><D4/><U20/><E80/><V77/><F101/><W21/><G81/><T17/><D17/><N who="1" m="10303" /><E45/><V72/><REACH who="2" step="1"/><F48/><REACH who="2" ten="218,228,188,346" step="2"/><W100/><G100/><T105/><D105/><U121/><E121/><V99/><F99/><W76/><G104/><T7/><D7/><U30/><E37/><V116/><AGARI ba="0,2" hai="9,13,16,25,27,72,77,82,87,88,92,116,118,119" machi="116" ten="30,7900,0" yaku="1,1,0,1,54,2,53,0" doraHai="135" doraHaiUra="133" who="2" fromWho="2" sc="218,-20,228,-39,188,99,346,-20" /><INIT seed="2,0,0,1,2,27" ten="198,189,287,326" oya="2" hai0="132,39,18,117,72,90,67,130,52,122,134,15,131" hai1="107,73,11,87,84,5,95,29,78,68,57,94,129" hai2="63,100,106,42,126,118,79,127,70,80,2,93,41" hai3="77,4,56,25,45,51,48,19,98,55,66,109,75"/><V76/><F2/><W3/><G109/><T74/><D122/><U135/><E107/><V20/><F106/><W116/><G116/><T40/><D67/><U83/><E68/><V86/><F118/><W108/><G108/><T60/><D117/><U115/><E115/><V28/><F79/><W103/><G75/><N who="0" m="28715" /><D90/><U9/><E9/><V50/><F50/><W38/><G38/><T62/><D40/><U49/><E29/><V10/><F10/><W31/><G77/><T54/><D39/><U104/><E104/><V81/><F81/><W113/><G66/><T123/><D123/><U30/><E30/><V33/><F33/><W23/><G4/><T120/><D120/><U82/><E73/><V14/><F63/><N who="0" m="24106" /><D134/><U7/><E135/><V85/><F70/><W128/><G3/><T36/><D36/><U61/><E49/><V59/><F42/><W133/><G113/><T32/><D32/><U121/><E121/><V124/><F41/><W105/><G133/><T37/><D37/><U65/><E5/><V22/><F85/><W64/><G64/><T119/><D119/><U8/><E8/><V26/><F59/><W16/><G51/><T46/><D132/><U21/><E21/><N who="2" m="15439" /><F14/><W88/><G56/><T69/><D69/><U53/><E65/><V125/><N who="2" m="31744" /><DORA hai="91" /><V24/><F24/><W6/><G25/><T12/><D46/><U47/><E47/><V102/><F102/><W96/><G103/><T43/><D43/><U17/><E17/><V99/><AGARI ba="0,0" hai="20,22,76,80,86,93,99,100" m="31744,15439" machi="99" ten="60,11700,0" yaku="18,1,52,2" doraHai="27,91" who="2" fromWho="2" sc="198,-39,189,-39,287,117,326,-39" /><INIT seed="2,1,0,0,5,32" ten="159,150,404,287" oya="2" hai0="46,57,101,36,13,12,117,59,56,92,8,31,123" hai1="68,40,33,39,89,118,80,53,97,82,127,18,60" hai2="1,76,135,41,44,108,95,58,98,23,104,37,61" hai3="3,120,110,7,113,63,26,21,74,83,121,93,30"/><V0/><F135/><W11/><G110/><T54/><D123/><U96/><E33/><V85/><F108/><W25/><G113/><T4/><D117/><U73/><E118/><V107/><F23/><W62/><G26/><T124/><D124/><U47/><E127/><V65/><F85/><W84/><G74/><T77/><D77/><U131/><E131/><V19/><F19/><W81/><G81/><T70/><D70/><U102/><E97/><V114/><F76/><W5/><G5/><T48/><D36/><U71/><E89/><V130/><F130/><W132/><G93/><T79/><D79/><U28/><E28/><V55/><F114/><W100/><G100/><T24/><D13/><U134/><E134/><V72/><F72/><W91/><G132/><T69/><D69/><U119/><E119/><V16/><F16/><W35/><G35/><T67/><D67/><U105/><E18/><V126/><F126/><W78/><G78/><T109/><D109/><U45/><E73/><V90/><REACH who="2" step="1"/><F65/><REACH who="2" ten="159,150,394,287" step="2"/><W122/><AGARI ba="1,1" hai="3,7,11,21,25,30,62,63,83,84,91,120,121,122" machi="122" ten="30,2000,0" yaku="0,1,52,1" doraHai="32" who="3" fromWho="3" sc="159,-6,150,-6,394,-11,287,33" /><INIT seed="3,0,0,5,4,118" ten="153,144,383,320" oya="3" hai0="70,80,30,77,54,15,0,68,69,110,32,78,71" hai1="40,13,111,35,83,120,85,50,59,82,86,130,55" hai2="20,84,88,100,92,103,91,128,135,105,4,121,62" hai3="114,64,2,39,48,79,21,119,9,38,16,12,74"/><W112/><G119/><T14/><D0/><U46/><E35/><V124/><F105/><W94/><G64/><T129/><N who="0" m="17408" /><DORA hai="10" /><T11/><D110/><U33/><E33/><V122/><F135/><W134/><G134/><T108/><D108/><U17/><E111/><V47/><F128/><W104/><G104/><T49/><D129/><U102/><E102/><V44/><F124/><W72/><G39/><T125/><D125/><U23/><E130/><V67/><F4/><W43/><G48/><T25/><D11/><U8/><E120/><N who="2" m="46187" /><F20/><W107/><G94/><T95/><D95/><U75/><E75/><V117/><F117/><W31/><G107/><T115/><D115/><U28/><E83/><N who="2" m="49183" /><F62/><W36/><G36/><T19/><D19/><N who="1" m="8615" /><E82/><V29/><F29/><W127/><G74/><T41/><D80/><U90/><E28/><V73/><F67/><W109/><G127/><T63/><D63/><N who="1" m="36351" /><E90/><V57/><F57/><W113/><G109/><T52/><D78/><U98/><E98/><N who="2" m="57631" /><F73/><W45/><G31/><T93/><D77/><U34/><E34/><V26/><F26/><AGARI ba="0,0" hai="17,23,26,40,46,50,85,86" m="36351,8615" machi="26" ten="30,2000,0" yaku="8,1,52,1" doraHai="118,10" who="1" fromWho="2" sc="153,0,144,20,383,-20,320,0" owari="153,-34.7,164,-23.6,363,46.3,320,12.0" /></mjloggm>