<mjloggm ver="2.3"><GO type="225" lobby="0"/><UN n0="%4D%50%43%32%38%30%30" n1="%54%4F%52" n2="%E3%81%82%E3%83%BC%E3%81%97" n3="%45%6C%79%73%69%75%6D" dan="16,17,16,18" rate="2138.09,2233.62,2100.41,2157.22" sx="M,M,M,F"/><TAIKYOKU oya="0"/><INIT seed="0,0,0,4,5,44" ten="250,250,250,250" oya="0" hai0="16,3,25,72,112,82,83,79,126,35,71,108,21" hai1="101,90,65,74,122,61,15,93,48,20,99,29,4" hai2="51,7,70,123,128,103,102,127,94,47,133,33,134" hai3="27,58,55,135,96,105,60,116,115,67,92,88,104"/><T28/><D112/><U52/><E122/><V98/><F123/><W8/><G115/><T5/><D126/><U12/><E74/><V107/><F70/><W85/><G116/><T87/><D71/><U110/><E110/><V84/><F33/><W23/><G135/><N who="2" m="51721" /><F128/><W38/><G38/><T81/><D108/><U73/><E73/><V78/><F7/><W1/><G1/><T97/><D97/><U56/><E4/><V111/><F111/><W6/><G8/><T40/><D40/><U53/><E90/><N who="2" m="53575" /><F78/><W41/><G41/><T75/><D75/><U46/><E53/><N who="2" m="29951" /><F103/><W89/><G6/><T100/><D100/><U14/><E14/><V114/><F114/><W132/><G132/><T121/><D121/><U26/><AGARI ba="0,0" hai="12,15,20,26,29,46,48,52,56,61,65,93,99,101" machi="26" ten="30,12000,2" yaku="0,1,25,2,8,1,52,1,54,1" doraHai="44" who="1" fromWho="1" sc="250,-60,250,120,250,-30,250,-30" /><INIT seed="1,0,0,0,4,41" ten="190,370,220,220" oya="1" hai0="119,16,13,97,82,5,64,78,106,65,39,7,95" hai1="112,50,88,118,17,3,42,73,23,49,72,31,90" hai2="43,133,124,28,128,81,93,103,59,113,67,2,116" hai3="132,108,19,98,104,94,37,100,135,4,107,6,25"/><U92/><E112/><V47/><F2/><W86/><G37/><T69/><D39/><U70/><E118/><V122/><F116/><W114/><G114/><T111/><D106/><U83/><E70/><V68/><F122/><W76/><G108/><T34/><D34/><U24/><E3/><V85/><F68/><W0/><G25/><T27/><D119/><U14/><E73/><V56/><F113/><W30/><G30/><T110/><D27/><U120/><E120/><V66/><F28/><W125/><G19/><T134/><D134/><N who="3" m="51241" /><G125/><T99/><D97/><U44/><E50/><N who="2" m="27007" /><F128/><W45/><G45/><T109/><D7/><N who="3" m="2601" /><G0/><T9/><D5/><U52/><E42/><V46/><F46/><W79/><G79/><T123/><D123/><U131/><E131/><V121/><F124/><W129/><G129/><T40/><D40/><U91/><E72/><V74/><F74/><W1/><G1/><T75/><REACH who="0" step="1"/><D69/><REACH who="0" ten="180,370,220,220" step="2"/><U22/><E83/><AGARI ba="0,1" hai="76,83,86,94,98,100,104,107" m="2601,51241" machi="83" ten="30,1000,0" yaku="20,1" doraHai="41" who="3" fromWho="1" sc="180,0,370,-10,220,0,220,20" /><INIT seed="2,0,0,4,5,14" ten="180,360,220,240" oya="2" hai0="70,78,12,118,127,24,114,106,124,92,49,50,42" hai1="87,5,13,17,10,117,107,54,40,74,48,80,38" hai2="108,51,65,121,112,55,88,60,128,77,34,63,102" hai3="52,69,97,29,44,101,72,90,71,9,98,133,32"/><V43/><F121/><W126/><G72/><T11/><D106/><U100/><E117/><V76/><F112/><W25/><G133/><T16/><D114/><U41/><E74/><V104/><F34/><W122/><G122/><T18/><D70/><U6/><E100/><V95/><F128/><W56/><G126/><N who="0" m="48171" /><D118/><U135/><E107/><V57/><F43/><N who="1" m="16457" /><E38/><V61/><F108/><W31/><G31/><T86/><D42/><U30/><E30/><V58/><F102/><W67/><G90/><N who="0" m="53335" /><D78/><N who="2" m="30314" /><F104/><W20/><G69/><T64/><D64/><U113/><E135/><V3/><F3/><W105/><G67/><T93/><D93/><U125/><E113/><V123/><F123/><W115/><G71/><T21/><AGARI ba="0,0" hai="11,12,16,18,21,24,49,50" m="53335,48171" machi="21" ten="30,7900,0" yaku="18,1,52,2,54,1" doraHai="14" who="0" fromWho="0" sc="180,79,360,-20,220,-39,240,-20" /><INIT seed="3,0,0,5,0,83" ten="259,340,181,220" oya="3" hai0="106,4,108,28,127,71,98,3,114,14,50,113,59" hai1="19,92,63,105,74,56,53,134,17,90,111,88,131" hai2="100,94,122,132,115,85,52,33,112,12,123,1,89" hai3="121,37,109,42,84,130,135,18,24,65,80,125,22"/><W79/><G121/><N who="2" m="46089" /><F33/><W55/><G109/><T41/><D71/><U21/><E105/><V69/><F1/><W128/><G135/><T29/><D3/><U104/><E104/><V64/><F64/><W67/><G125/><T126/><D108/><U31/><E74/><V99/><F69/><W68/><G68/><T9/><D106/><U16/><E111/><V70/><F70/><W30/><G42/><T45/><D98/><U58/><E131/><N who="3" m="50218" /><G37/><T57/><D59/><N who="1" m="35311" /><E134/><V124/><F132/><W82/><G55/><T107/><D57/><N who="1" m="22123" /><E92/><N who="2" m="58471" /><F12/><N who="3" m="9543" /><G82/><T110/><D107/><U60/><E60/><V101/><F52/><W87/><G87/><T96/><D96/><U15/><E15/><V47/><F47/><W129/><G129/><T20/><D110/><U66/><E66/><V0/><F0/><W72/><G72/><T36/><D36/><U8/><E8/><V49/><F49/><W119/><G119/><T86/><D126/><U93/><E93/><N who="2" m="54447" /><F124/><W73/><G73/><T95/><D127/><U78/><E31/><V61/><F61/><W46/><G46/><T6/><D29/><U77/><E21/><AGARI ba="0,0" hai="21,24,30,65,67,79,80,84" m="9543,50218" machi="21" ten="30,2900,0" yaku="19,1,52,1" doraHai="83" who="3" fromWho="1" sc="259,0,340,-29,181,0,220,29" /><INIT seed="3,1,0,0,0,39" ten="259,311,181,249" oya="3" hai0="53,66,119,107,3,97,125,112,21,94,26,6,35" hai1="56,126,41,61,63,54,127,50,78,120,121,71,135" hai2="98,111,48,8,60,7,123,134,96,113,59,52,129" hai3="38,102,29,11,62,19,12,77,122,0,28,88,23"/><W20/><G122/><N who="1" m="47210" /><E135/><V58/><F123/><W106/><G38/><T46/><D119/><U89/><E78/><V100/><F113/><W117/><G117/><T105/><D35/><U31/><E31/><V15/><F134/><W74/><G0/><T99/><D125/><N who="1" m="47627" /><E71/><V75/><F75/><W27/><G77/><T132/><D66/><U16/><E41/><V80/><F111/><W37/><G37/><T33/><D33/><U13/><E89/><V36/><F36/><W79/><G79/><T18/><D112/><U34/><E34/><V44/><F129/><W104/><G74/><T9/><D99/><U42/><E42/><N who="2" m="24599" /><F100/><W73/><G73/><T32/><D32/><U10/><AGARI ba="1,0" hai="10,13,16,50,54,56,61,63" m="47627,47210" machi="10" ten="30,2000,0" yaku="18,1,54,1" doraHai="39" who="1" fromWho="1" sc="259,-6,311,23,181,-6,249,-11" owari="253,5.3,334,43.4,175,-32.5,238,-16.2" /></mjloggm>