<mjloggm ver="2.3"><GO type="225" lobby="0"/><UN n0="%E3%82%B2%E3%82%B9%E8%8C%82%E5%8B%9D" n1="%E5%8D%A0%E3%81%84%E5%B8%AB%E8%A3%8F%E3%81%AA%E3%81%84%E3%81%97" n2="%E3%81%86%E3%81%A9%E3%82%93%E3%81%93" n3="%E6%97%A5%E6%9B%9C%E6%97%A5%E3%82%88%E3%82%8A%E3%81%AE%E4%BD%BF%E8%80%85" dan="16,16,16,17" rate="2120.19,2160.49,2186.35,2121.75" sx="F,M,M,M"/><TAIKYOKU oya="0"/><INIT seed="0,0,0,5,4,30" ten="250,250,250,250" oya="0" hai0="79,57,117,78,118,86,1,108,12,93,87,15,21" hai1="43,67,116,17,11,55,94,102,90,6,64,132,115" hai2="92,133,22,99,34,18,0,54,48,46,126,10,13" hai3="123,56,120,29,8,119,100,25,31,106,103,51,20"/><T83/><D1/><U69/><E116/><V81/><F133/><W85/><G119/><T114/><D114/><U36/><E132/><V40/><F126/><W9/><G31/><T72/><D108/><U77/><E115/><V75/><F34/><W134/><G85/><T45/><D57/><U60/><E67/><V80/><F75/><W4/><G134/><T65/><D65/><U109/><E109/><V53/><F0/><W127/><G127/><T88/><D45/><U49/><E77/><V44/><F10/><N who="3" m="4203" /><G4/><T62/><D62/><U82/><E82/><N who="2" m="31851" /><F46/><W5/><G5/><T129/><D72/><U14/><E102/><AGARI ba="0,0" hai="13,18,22,40,44,48,53,54,92,99,102" m="31851" machi="102" ten="30,1000,0" yaku="8,1" doraHai="30" who="2" fromWho="1" sc="250,0,250,-10,250,10,250,0" /><INIT seed="1,0,0,1,2,30" ten="250,240,260,250" oya="1" hai0="27,77,10,131,32,85,105,95,1,72,89,134,31" hai1="96,53,21,97,9,106,110,86,128,48,66,117,108" hai2="80,34,115,3,15,28,111,17,98,127,91,12,82" hai3="37,39,119,133,123,47,61,6,58,13,63,4,33"/><U24/><E117/><V41/><F3/><W57/><G123/><T79/><D131/><U23/><E128/><V2/><F2/><W109/><G119/><T92/><D134/><U78/><E66/><V73/><F111/><N who="1" m="42537" /><E9/><V20/><F127/><W67/><G109/><T14/><D105/><U19/><E106/><V113/><F41/><W43/><G133/><T38/><D38/><U116/><E116/><V130/><F130/><W132/><G132/><T18/><D72/><U7/><E7/><V125/><F125/><W71/><G33/><T49/><D1/><U29/><E86/><V103/><F15/><W114/><G114/><T62/><D62/><U68/><E78/><V101/><F101/><W74/><G74/><T50/><REACH who="0" step="1"/><D92/><REACH who="0" ten="240,240,260,250" step="2"/><U121/><E121/><V126/><F73/><W93/><G39/><T60/><D60/><U135/><E135/><V81/><F126/><W94/><G94/><T22/><D22/><U0/><E0/><V52/><F113/><W75/><G75/><T54/><D54/><U46/><E68/><V122/><F115/><W36/><G36/><T59/><D59/><U26/><AGARI ba="0,1" hai="19,21,23,24,26,29,46,48,53,96,97" m="42537" machi="26" ten="30,3000,0" yaku="14,1,10,1" doraHai="30" who="1" fromWho="1" sc="240,-10,240,40,260,-10,250,-10" /><INIT seed="1,1,0,2,0,128" ten="230,280,250,240" oya="1" hai0="66,133,121,82,93,61,4,62,77,73,132,16,65" hai1="17,97,30,112,13,98,29,15,50,43,125,116,84" hai2="51,22,80,9,88,99,64,63,55,0,49,92,118" hai3="126,48,89,95,104,81,131,60,103,71,85,53,75"/><U94/><E112/><V69/><F118/><W28/><G131/><T47/><D121/><U120/><E116/><V46/><F80/><W59/><G126/><T124/><D4/><U23/><E120/><V107/><F107/><W11/><G28/><T76/><D124/><U37/><E37/><V74/><F74/><W34/><G34/><T54/><D93/><U113/><E113/><V56/><F22/><W70/><G11/><T91/><D91/><N who="1" m="53607" /><E125/><V114/><F114/><W42/><G42/><T117/><D117/><U108/><E108/><V123/><F123/><W35/><G35/><T134/><D76/><U31/><E13/><V32/><F32/><W57/><G104/><T10/><D47/><AGARI ba="1,0" hai="15,17,23,29,30,31,43,47,50,97,98" m="53607" machi="47" ten="30,1500,0" yaku="8,1" doraHai="128" who="1" fromWho="0" sc="230,-18,280,18,250,0,240,0" /><INIT seed="1,2,0,4,3,64" ten="212,298,250,240" oya="1" hai0="127,32,26,17,120,14,39,0,93,68,22,98,57" hai1="119,52,29,42,40,73,30,67,99,53,133,83,18" hai2="104,85,46,3,96,49,132,1,27,44,115,12,117" hai3="10,45,81,116,76,20,71,55,110,123,51,80,31"/><U131/><E119/><V94/><F117/><W135/><G116/><T19/><D120/><U91/><E133/><V95/><F132/><W63/><G135/><T50/><D127/><U89/><E67/><V87/><F104/><W38/><G123/><T8/><D39/><U41/><E131/><V65/><F65/><W33/><G33/><T134/><D134/><U106/><E106/><V105/><F105/><W6/><G110/><T101/><D32/><U77/><E18/><V59/><F59/><N who="3" m="35327" /><G71/><T102/><D0/><U113/><E113/><V75/><F75/><W9/><G38/><T69/><REACH who="0" step="1"/><D101/><REACH who="0" ten="202,298,250,240" step="2"/><U70/><E73/><V21/><F1/><W4/><G4/><T43/><D43/><U11/><E41/><V78/><F3/><W86/><G6/><T129/><D129/><U90/><E40/><V58/><F115/><W103/><G103/><T128/><D128/><U23/><E42/><V15/><F46/><W79/><G45/><T82/><D82/><U2/><E83/><V130/><F44/><W122/><G122/><T47/><D47/><U66/><E2/><V54/><F130/><W107/><G80/><T126/><D126/><U100/><E100/><V28/><F78/><W60/><G79/><T7/><D7/><U36/><E77/><V112/><F112/><W74/><G76/><T114/><D114/><U13/><E36/><V72/><F72/><W56/><G74/><T108/><D108/><U111/><E111/><V121/><F121/><W35/><G81/><T88/><D88/><U84/><E90/><N who="2" m="55383" /><F95/><W34/><G107/><T118/><D118/><RYUUKYOKU ba="2,1" sc="202,15,298,-15,250,15,240,-15" hai0="8,14,17,19,22,26,50,57,68,69,93,98,102" hai2="12,15,21,27,28,49,54,58,85,87" /><INIT seed="2,3,1,3,0,22" ten="217,283,265,225" oya="2" hai0="12,15,81,49,117,104,97,95,74,124,106,20,48" hai1="126,73,69,37,52,116,55,40,50,35,79,17,9" hai2="51,28,27,32,58,25,56,135,30,134,10,115,119" hai3="77,86,42,111,11,44,23,82,123,19,71,88,105"/><V41/><F115/><W108/><G123/><T92/><D124/><U90/><E116/><V34/><F119/><W99/><G71/><T70/><D117/><U128/><E69/><V36/><F36/><W66/><G66/><T60/><D70/><U125/><E128/><V59/><F10/><W65/><G65/><T129/><D60/><U54/><E35/><V47/><AGARI ba="3,1" hai="25,27,28,30,32,34,41,47,51,56,58,59,134,135" machi="47" ten="30,11700,0" yaku="0,1,9,1,52,2" doraHai="22" who="2" fromWho="2" sc="217,-42,283,-42,265,136,225,-42" /><INIT seed="2,4,0,5,1,64" ten="175,241,401,183" oya="2" hai0="115,20,45,116,89,4,10,102,50,105,125,19,72" hai1="112,60,71,53,16,61,130,101,90,17,132,84,63" hai2="127,27,9,131,69,46,79,31,54,119,1,107,98" hai3="33,30,76,37,66,114,92,59,56,91,87,104,122"/><V97/><F119/><W110/><G122/><T57/><D116/><U113/><E101/><V52/><F79/><W15/><G37/><T123/><D115/><U43/><E43/><V44/><F131/><W111/><G104/><T55/><D123/><U32/><E32/><V100/><F127/><W121/><G121/><T49/><D125/><U74/><E74/><V75/><F75/><W70/><G114/><T67/><D72/><U135/><E130/><V5/><F69/><W124/><G124/><T18/><D102/><U85/><E61/><V58/><F98/><W51/><G76/><T78/><D105/><U81/><E53/><V21/><F54/><W129/><G129/><T47/><D78/><U120/><E90/><V3/><REACH who="2" step="1"/><F1/><REACH who="2" ten="175,241,391,183" step="2"/><W12/><G70/><T82/><D67/><U35/><E71/><V108/><F108/><W126/><G126/><T8/><D55/><U95/><E120/><V24/><F24/><W0/><G0/><T134/><D134/><U41/><E135/><V28/><F28/><W93/><G111/><T106/><D106/><U13/><E132/><V96/><F96/><W133/><G110/><T77/><D77/><U11/><E113/><V34/><F34/><W80/><G133/><T6/><D89/><U39/><E35/><V26/><F26/><W83/><G33/><T118/><D118/><U68/><E112/><V88/><F88/><W99/><G30/><T48/><D82/><U22/><E81/><V14/><F14/><W38/><G83/><T2/><D2/><U62/><E13/><V128/><F128/><W25/><G80/><RYUUKYOKU ba="4,1" sc="175,-10,241,-10,391,30,183,-10" hai2="3,5,9,21,27,31,44,46,52,58,97,100,107" /><INIT seed="2,5,1,3,1,10" ten="165,231,421,173" oya="2" hai0="0,81,70,78,49,85,19,60,113,129,121,33,11" hai1="110,27,98,2,131,52,44,20,96,25,72,7,17" hai2="13,18,53,24,120,59,116,76,29,97,28,62,79" hai3="9,119,63,99,67,43,133,40,6,94,34,90,61"/><V95/><F116/><W93/><G119/><T15/><D113/><U106/><E110/><V112/><F112/><W89/><G34/><T16/><D129/><U56/><E131/><V26/><F120/><W111/><G111/><T71/><D121/><U108/><E108/><V87/><F26/><W50/><G133/><T92/><D33/><U84/><E72/><V125/><F125/><W45/><G43/><T48/><D0/><U105/><E7/><V12/><F12/><N who="3" m="5175" /><G67/><T8/><D92/><U35/><E2/><V32/><F29/><W104/><G104/><T69/><D60/><U51/><E84/><AGARI ba="5,1" hai="40,45,50,61,63,84,89,90,93,94,99" m="5175" machi="84" ten="30,2000,0" yaku="8,1,52,1" doraHai="10" who="3" fromWho="1" sc="165,0,231,-35,421,0,173,45" /><INIT seed="3,0,0,5,3,2" ten="165,196,421,218" oya="3" hai0="99,78,48,37,60,79,75,61,71,107,47,92,6" hai1="15,24,44,12,59,73,5,0,32,11,69,133,88" hai2="95,30,45,129,103,52,38,119,10,56,110,76,113" hai3="94,16,77,100,105,51,18,112,89,70,86,120,36"/><W82/><G112/><T102/><D37/><U54/><E69/><V90/><F113/><W111/><G36/><T127/><D127/><U7/><E73/><V17/><F110/><W97/><G120/><T53/><D107/><U1/><E133/><V39/><F129/><W19/><G70/><T33/><D33/><U114/><E114/><V122/><F119/><W27/><G111/><T35/><D35/><U34/><E44/><V135/><F135/><W72/><G51/><T31/><D31/><U87/><E32/><V42/><F39/><W66/><G66/><T50/><D50/><U23/><E34/><V9/><F30/><W101/><G101/><T43/><D75/><U8/><E59/><V121/><F103/><W96/><G96/><T126/><D126/><U67/><E54/><V104/><F76/><N who="0" m="29226" /><D71/><U58/><E58/><V55/><F104/><W117/><G117/><T49/><D60/><U128/><E128/><V4/><F17/><W132/><G132/><T46/><D61/><U115/><E67/><V84/><F10/><W22/><AGARI ba="0,0" hai="16,18,19,22,27,72,77,82,86,89,94,97,100,105" machi="22" ten="30,11700,0" yaku="0,1,24,2,54,1" doraHai="2" who="3" fromWho="3" sc="165,-39,196,-39,421,-39,218,117" /><INIT seed="3,1,0,0,1,124" ten="126,157,382,335" oya="3" hai0="69,95,50,131,52,82,109,44,96,30,59,92,51" hai1="22,15,20,122,125,117,113,25,65,128,71,112,98" hai2="133,108,101,106,42,31,88,49,8,85,28,91,84" hai3="94,110,118,104,134,1,6,111,87,83,9,11,116"/><W126/><G104/><T56/><D109/><N who="3" m="41481" /><G126/><T10/><D69/><U123/><E125/><V19/><F108/><W97/><G11/><T29/><D131/><U70/><E128/><V23/><F133/><W12/><G1/><T18/><D82/><U102/><E117/><N who="3" m="45162" /><G134/><T26/><D92/><U62/><E70/><V89/><F8/><W4/><G4/><T63/><D56/><U114/><E15/><N who="2" m="9727" /><F106/><W60/><G60/><T34/><D29/><N who="2" m="11338" /><F101/><N who="3" m="60599" /><G87/><T77/><D77/><U129/><E129/><V72/><F72/><W17/><G6/><T37/><D37/><U105/><E122/><V79/><F79/><W74/><G83/><T0/><D44/><AGARI ba="1,0" hai="42,44,49,84,85,88,89,91" m="11338,9727" machi="44" ten="30,2000,0" yaku="8,1,54,1" doraHai="124" who="2" fromWho="0" sc="126,-23,157,0,382,23,335,0" owari="103,-39.7,157,-24.3,405,50.5,335,13.5" /></mjloggm>