<mjloggm ver="2.3"><GO type="225" lobby="0"/><UN n0="%E9%80%86%E9%80%A3%E5%B8%AF%E3%81%AE%E9%AC%BC" n1="%74%61%6B%65%2D%79%6F%75" n2="%72%69%6F%75%63%68%61%6E" n3="%33%74%72%65%65" dan="16,16,16,17" rate="2136.87,2178.41,2216.80,2205.32" sx="M,M,M,F"/><TAIKYOKU oya="0"/><INIT seed="0,0,0,2,0,80" ten="250,250,250,250" oya="0" hai0="22,118,114,0,3,13,49,50,6,11,79,117,32" hai1="129,66,46,23,12,43,113,106,4,108,44,107,70" hai2="99,2,68,103,17,119,85,61,26,72,27,58,110" hai3="63,102,18,24,104,10,112,109,14,78,28,77,55"/><T25/><D114/><U69/><E113/><V31/><F110/><W125/><G112/><T48/><D79/><U33/><E108/><V130/><F130/><W19/><G109/><T132/><D132/><U93/><E129/><V88/><F72/><W54/><G125/><T64/><D64/><U131/><E131/><V134/><F134/><W52/><G19/><T86/><D86/><U76/><E33/><V21/><F2/><W41/><G41/><T29/><REACH who="0" step="1"/><D32/><REACH who="0" ten="240,250,250,250" step="2"/><U57/><E76/><V75/><F75/><W115/><G115/><T90/><D90/><U30/><E66/><V133/><F133/><W105/><G63/><T71/><D71/><U40/><E70/><V1/><F68/><W120/><G120/><T37/><D37/><U127/><E69/><V47/><F119/><AGARI ba="0,1" hai="0,3,6,11,13,22,25,29,48,49,50,117,118,119" machi="119" ten="40,2000,0" yaku="1,1,53,0" doraHai="80" doraHaiUra="111" who="0" fromWho="2" sc="240,30,250,0,250,-20,250,0" /><INIT seed="0,1,0,0,0,52" ten="270,250,230,250" oya="0" hai0="117,31,29,51,41,20,66,37,121,82,128,98,19" hai1="89,73,126,120,14,15,113,57,11,43,100,99,47" hai2="7,93,116,119,64,24,105,132,36,84,112,135,102" hai3="1,83,6,5,85,130,90,55,95,18,127,30,106"/><T97/><D117/><N who="2" m="45130" /><F36/><W34/><G106/><T10/><D128/><U79/><E120/><V76/><F7/><W38/><G38/><T16/><D121/><U45/><E126/><V0/><F0/><W61/><G127/><T124/><D124/><U3/><E113/><V13/><F13/><W56/><G130/><T131/><D37/><U101/><E3/><V53/><F64/><W103/><G1/><T109/><D109/><U63/><E73/><V86/><F24/><W65/><G34/><T81/><D66/><U21/><E79/><V104/><F53/><W92/><G30/><T25/><D131/><U46/><E43/><V107/><F112/><W23/><G65/><T91/><D31/><U133/><E133/><N who="2" m="51275" /><F76/><W22/><G22/><T42/><D98/><AGARI ba="1,0" hai="84,86,93,98,102,104,105,107" m="51275,45130" machi="98" ten="40,8000,1" yaku="12,1,20,1,34,2" doraHai="52" who="2" fromWho="0" sc="270,-83,250,0,230,83,250,0" /><INIT seed="1,0,0,0,4,130" ten="187,250,313,250" oya="1" hai0="65,36,133,111,34,23,75,11,12,68,59,4,56" hai1="89,86,95,93,49,41,128,129,115,39,78,132,64" hai2="85,76,10,27,0,125,63,14,61,45,57,16,123" hai3="2,54,17,3,51,9,82,110,18,98,70,35,46"/><U1/><E115/><V84/><F123/><W92/><G110/><T28/><D111/><U127/><E127/><V19/><F125/><W24/><G70/><T21/><D75/><U83/><E1/><V30/><F0/><W94/><G82/><T67/><D36/><U104/><E39/><V48/><F19/><W60/><G60/><T25/><D68/><U113/><E113/><V72/><F72/><W99/><G35/><T71/><D71/><U15/><E104/><V55/><F76/><W97/><G3/><T88/><D133/><U37/><E37/><V8/><F8/><W117/><G117/><T106/><D106/><U26/><E64/><V118/><F118/><W87/><G87/><T73/><D73/><U119/><E119/><V44/><F63/><W43/><G2/><T6/><D6/><U53/><E41/><V79/><F79/><W31/><G31/><T81/><D67/><U131/><E132/><V135/><F135/><W20/><REACH who="3" step="1"/><G43/><REACH who="3" ten="187,250,313,240" step="2"/><T62/><D62/><U134/><E134/><V42/><REACH who="2" step="1"/><F44/><REACH who="2" ten="187,250,303,240" step="2"/><W69/><G69/><T90/><D65/><U101/><E129/><V121/><F121/><W5/><G5/><T107/><D4/><U47/><E128/><V116/><F116/><W29/><G29/><T124/><D28/><U33/><E131/><V40/><F40/><W80/><G80/><T52/><D81/><U7/><E83/><V77/><F77/><W120/><G120/><T74/><D124/><U32/><E78/><V126/><F126/><W109/><G109/><T66/><D74/><U22/><E7/><V114/><F114/><RYUUKYOKU ba="0,2" sc="187,-15,250,-15,303,15,240,15" hai2="10,14,16,27,30,42,45,48,55,57,61,84,85" hai3="9,17,18,20,24,46,51,54,92,94,97,98,99" /><INIT seed="2,1,2,2,0,19" ten="172,235,318,255" oya="2" hai0="65,41,76,7,120,15,47,63,69,104,109,40,101" hai1="61,90,103,11,100,68,8,85,123,36,57,117,119" hai2="20,42,60,64,48,45,4,26,50,28,14,0,111" hai3="84,66,67,52,114,23,82,49,2,98,22,18,75"/><V54/><F0/><W29/><G2/><T94/><D109/><U24/><E36/><V3/><F3/><W134/><G75/><T127/><D127/><U71/><E123/><V53/><F111/><W79/><G134/><T133/><D133/><U93/><E24/><V116/><F116/><W32/><G114/><T77/><D120/><U27/><E27/><V72/><F72/><W83/><G32/><T25/><D104/><U81/><E71/><V78/><F78/><W96/><G82/><T56/><D69/><U51/><E68/><V9/><REACH who="2" step="1"/><F50/><REACH who="2" ten="172,235,308,255" step="2"/><W38/><G38/><T131/><D77/><U44/><E117/><V10/><F10/><W107/><G79/><T74/><D76/><U118/><E118/><V121/><F121/><W30/><G49/><T99/><D74/><U102/><E119/><V91/><F91/><W115/><G115/><T33/><D131/><U31/><E11/><V37/><F37/><W135/><G135/><T34/><D101/><U95/><E8/><V1/><F1/><W105/><G105/><T73/><D73/><U80/><E102/><V129/><F129/><W89/><G107/><T87/><D7/><U108/><E100/><V126/><F126/><W12/><G89/><T86/><D34/><U106/><E90/><V88/><F88/><W97/><G97/><T110/><D33/><U21/><E108/><V113/><F113/><W58/><G98/><T13/><D99/><U43/><E51/><V55/><F55/><W124/><G96/><T112/><D110/><U5/><E5/><V122/><F122/><W16/><G124/><RYUUKYOKU ba="1,3" sc="172,-10,235,-10,308,30,255,-10" hai2="4,9,14,20,26,28,42,45,48,53,54,60,64" /><INIT seed="2,2,3,4,0,82" ten="162,225,338,245" oya="2" hai0="73,67,95,85,80,103,68,90,98,45,118,132,130" hai1="23,99,62,93,38,78,123,43,4,36,2,22,10" hai2="109,28,1,120,116,108,25,110,117,60,55,59,113" hai3="6,53,17,81,0,13,66,34,14,39,9,46,32"/><V58/><F1/><W84/><G66/><T19/><D132/><U88/><E123/><V24/><F113/><W122/><G122/><T79/><D130/><U37/><E43/><V135/><F120/><W124/><G124/><T72/><D118/><U27/><E78/><V121/><F121/><W87/><G0/><T64/><D68/><U94/><E27/><V63/><F135/><W101/><G101/><T26/><D45/><U128/><E128/><V77/><F77/><W21/><G84/><T126/><D126/><U16/><E16/><V96/><F96/><W56/><G46/><T31/><D19/><U7/><E7/><V50/><F50/><W106/><G106/><T107/><D73/><U57/><REACH who="1" step="1"/><E93/><REACH who="1" ten="162,215,338,245" step="2"/><V18/><F18/><W35/><G39/><T133/><REACH who="0" step="1"/><D133/><REACH who="0" ten="152,215,338,245" step="2"/><U11/><E11/><V71/><F71/><W119/><G9/><T83/><D83/><U42/><E42/><V97/><F117/><W75/><G119/><T54/><D54/><AGARI ba="2,5" hai="2,4,10,22,23,36,37,38,54,57,62,88,94,99" machi="54" ten="40,5200,0" yaku="1,1,54,1,53,1" doraHai="82" doraHaiUra="3" who="1" fromWho="0" sc="152,-58,215,108,338,0,245,0" /><INIT seed="3,0,0,3,1,98" ten="94,323,338,245" oya="3" hai0="119,71,108,20,3,116,83,24,112,106,47,126,30" hai1="111,31,100,77,10,45,18,121,29,16,22,72,58" hai2="6,93,37,23,84,129,5,117,51,26,110,122,46" hai3="27,94,43,87,79,0,82,33,88,132,69,80,86"/><W107/><G69/><T32/><D106/><U38/><E121/><V99/><F110/><W54/><G0/><T102/><D71/><U128/><E111/><V127/><F117/><W60/><G107/><T118/><D47/><U62/><E128/><V76/><F37/><W11/><G132/><T28/><D83/><U74/><E100/><N who="2" m="60527" /><F127/><W49/><G33/><T78/><D108/><U56/><E38/><V41/><F129/><W44/><G27/><T89/><D78/><U97/><E97/><V36/><F36/><W8/><G82/><T113/><D89/><U19/><E45/><V15/><F15/><W53/><G60/><T64/><D64/><U17/><E10/><AGARI ba="0,0" hai="8,10,11,43,44,49,53,54,79,80,86,87,88,94" machi="10" ten="40,3900,0" yaku="8,1,54,1" doraHai="98" who="3" fromWho="1" sc="94,0,323,-39,338,0,245,39" /><INIT seed="3,1,0,5,2,38" ten="94,284,338,284" oya="3" hai0="22,40,62,31,134,111,99,0,133,37,86,21,113" hai1="47,53,18,1,115,110,52,16,70,130,39,51,128" hai2="6,112,69,104,36,116,107,10,23,97,56,35,101" hai3="4,33,82,123,8,59,58,5,114,132,120,57,20"/><W77/><G114/><T87/><D62/><U66/><E115/><V68/><F112/><W75/><G33/><T28/><D99/><U91/><E110/><V9/><F116/><W24/><G132/><T15/><D113/><U76/><E1/><V41/><F35/><W17/><REACH who="3" step="1"/><G4/><REACH who="3" ten="94,284,338,274" step="2"/><T78/><D134/><U117/><E117/><V81/><F6/><W13/><AGARI ba="1,1" hai="5,8,13,17,20,24,57,58,59,75,77,82,120,123" machi="13" ten="30,6000,0" yaku="1,1,2,1,0,1,53,0" doraHai="38" doraHaiUra="42" who="3" fromWho="3" sc="94,-21,284,-21,338,-21,274,73" owari="73,-42.7,263,-13.7,317,11.7,347,44.7" /></mjloggm>