<mjloggm ver="2.3"><GO type="225" lobby="0"/><UN n0="%E3%83%A9%E3%83%BC%E3%83%A1%E3%83%B3%E4%BA%94%E9%83%8E" n1="%E9%BB%99%E8%81%B4%E3%81%AE%E3%81%99%E3%82%9D%E3%82%81" n2="%4B%2E%32%2E%4B%2E" n3="%E3%81%8B%E3%82%8F%E3%81%A1%E3%82%83%E3%82%93%35%38" dan="16,16,17,16" rate="2155.42,2132.67,2190.34,2162.35" sx="M,M,M,M"/><TAIKYOKU oya="0"/><INIT seed="0,0,0,0,4,87" ten="250,250,250,250" oya="0" hai0="80,69,94,68,41,20,95,19,113,10,91,133,1" hai1="67,26,108,52,8,86,65,49,32,13,0,5,3" hai2="62,39,25,27,61,66,105,63,132,74,54,97,12" hai3="117,98,85,128,7,81,134,60,93,42,9,84,96"/><T35/><D113/><U47/><E108/><V18/><F74/><W64/><G128/><T11/><D35/><U114/><E114/><V76/><F39/><W28/><G134/><T77/><D133/><U17/><E0/><V71/><F132/><W121/><G121/><T99/><D41/><U106/><E106/><V83/><F83/><W37/><G117/><T119/><D119/><U21/><REACH who="1" step="1"/><E86/><REACH who="1" ten="250,240,250,250" step="2"/><V123/><F105/><W59/><G85/><N who="0" m="48271" /><D1/><U100/><E100/><V78/><F123/><W58/><G84/><N who="0" m="52583" /><D68/><U116/><E116/><V23/><F78/><W135/><G135/><T31/><D69/><U112/><E112/><V89/><F76/><W43/><G81/><T46/><D31/><AGARI ba="0,1" hai="3,5,8,13,17,21,26,31,32,47,49,52,65,67" machi="31" ten="40,8000,1" yaku="1,1,24,2,54,1,53,1" doraHai="87" doraHaiUra="15" who="1" fromWho="0" sc="250,-80,240,90,250,0,250,0" /><INIT seed="1,0,0,2,1,22" ten="170,330,250,250" oya="1" hai0="107,111,18,24,13,30,34,37,112,53,44,86,52" hai1="132,126,16,5,88,46,76,117,61,97,114,108,83" hai2="3,41,91,79,10,134,103,31,45,124,7,42,122" hai3="68,71,15,118,82,54,64,9,0,47,110,26,58"/><U93/><E114/><V94/><F122/><W17/><G110/><T96/><D112/><U81/><E117/><V115/><F115/><W73/><G118/><T48/><D111/><U106/><E108/><V28/><F124/><W39/><G64/><T129/><D129/><U23/><E132/><V62/><F134/><W75/><G0/><T135/><D37/><U109/><E109/><V74/><F103/><W116/><G116/><T131/><D131/><U85/><E5/><V67/><F42/><W127/><G127/><T14/><D135/><U59/><E46/><V36/><F62/><W78/><G75/><T101/><D86/><U32/><E32/><V105/><F67/><W56/><G56/><T35/><D35/><U11/><E11/><V95/><F105/><W27/><G47/><T49/><REACH who="0" step="1"/><D18/><REACH who="0" ten="160,330,250,250" step="2"/><U123/><E126/><V72/><F72/><W120/><G39/><T133/><D133/><U33/><E33/><V90/><F36/><W70/><REACH who="3" step="1"/><G120/><REACH who="3" ten="160,330,250,240" step="2"/><T51/><D51/><AGARI ba="0,2" hai="9,15,17,26,27,51,54,58,68,70,71,73,78,82" machi="51" ten="40,8000,1" yaku="1,1,2,1,52,2,53,0" doraHai="22" doraHaiUra="40" who="3" fromWho="0" sc="160,-80,330,0,250,0,240,100" /><INIT seed="2,0,0,5,0,33" ten="80,330,250,340" oya="2" hai0="96,60,110,78,108,92,82,19,39,106,6,128,70" hai1="105,46,64,116,49,91,29,34,26,61,123,97,115" hai2="125,74,12,72,120,83,28,98,114,43,129,94,11" hai3="86,22,41,69,101,14,71,127,25,87,102,121,42"/><V27/><F114/><W10/><G121/><T90/><D39/><U85/><E116/><V99/><F120/><W31/><G127/><T51/><D6/><U45/><E115/><V50/><F125/><W48/><G71/><T54/><D19/><U109/><E109/><V132/><F132/><W52/><G69/><T124/><D124/><U88/><E123/><V7/><F129/><W89/><G101/><T107/><D60/><U47/><E97/><V59/><F83/><N who="3" m="49375" /><G87/><T44/><D70/><U77/><E105/><V63/><F50/><W62/><G102/><T93/><D128/><U58/><E77/><V126/><F43/><W15/><G62/><T79/><D79/><U131/><E131/><V32/><F126/><W76/><G76/><T24/><D24/><U73/><E73/><V111/><F98/><W16/><G15/><T18/><D18/><U55/><REACH who="1" step="1"/><E91/><REACH who="1" ten="80,320,250,340" step="2"/><V4/><F111/><W40/><G40/><T67/><D110/><U5/><E5/><V3/><F7/><W1/><G1/><T53/><D108/><U117/><E117/><V75/><F3/><W20/><G10/><T56/><D93/><AGARI ba="0,1" hai="26,29,34,45,46,47,49,55,58,61,64,85,88,93" machi="93" ten="30,3900,0" yaku="1,1,7,1,54,1,53,0" doraHai="33" doraHaiUra="104" who="1" fromWho="0" sc="80,-39,320,49,250,0,340,0" /><INIT seed="3,0,0,2,1,22" ten="41,369,250,340" oya="3" hai0="80,100,38,77,86,112,95,30,54,133,113,36,87" hai1="128,89,99,120,131,105,18,132,1,88,121,39,96" hai2="11,115,119,56,104,24,91,70,103,44,19,9,26" hai3="64,58,49,20,74,102,78,122,59,6,17,66,79"/><W40/><G122/><N who="1" m="47210" /><E39/><V67/><F115/><W5/><G102/><T8/><D30/><U82/><E1/><V34/><F119/><W92/><G74/><T124/><D8/><N who="2" m="3146" /><F34/><W31/><G31/><T52/><D100/><N who="1" m="62599" /><E18/><V84/><F104/><W2/><G2/><T50/><D95/><N who="1" m="56807" /><E132/><V16/><F103/><W10/><G92/><T117/><D117/><U15/><E15/><V69/><F69/><W21/><G10/><T116/><D116/><U27/><E27/><N who="2" m="10283" /><F70/><W35/><G35/><T63/><D133/><U126/><E126/><V7/><F7/><W42/><G17/><N who="2" m="6729" /><F44/><W94/><G6/><T43/><D124/><U53/><E131/><V71/><F71/><W4/><G4/><T93/><D93/><U81/><E128/><V28/><F28/><W114/><G5/><T25/><D25/><U111/><E81/><N who="2" m="49551" /><F56/><W118/><G94/><T83/><D43/><U3/><E3/><V127/><F127/><W45/><G118/><T57/><D57/><U101/><E111/><V110/><F110/><W46/><G114/><T130/><D130/><U125/><E125/><V13/><F67/><W12/><G12/><AGARI ba="0,0" hai="12,13" m="49551,6729,10283,3146" machi="12" ten="30,8000,1" yaku="8,1,52,3,54,1" doraHai="22" who="2" fromWho="3" sc="41,0,369,0,250,80,340,-80" owari="41,-45.9,369,46.9,330,13.0,260,-14.0" /></mjloggm>