<mjloggm ver="2.3"><GO type="225" lobby="0"/><UN n0="%65%6B%61%72%75%74%65" n1="%72%61%6B%33" n2="%73%61%6E%64%69%72%69%73" n3="%E3%81%A9%E3%82%8F%E3%82%93%E3%81%94" dan="16,18,16,16" rate="2193.06,2223.14,2128.15,2111.30" sx="M,M,M,M"/><TAIKYOKU oya="0"/><INIT seed="0,0,0,0,2,120" ten="250,250,250,250" oya="0" hai0="72,17,32,16,98,70,6,96,46,133,78,30,76" hai1="101,55,117,60,112,90,20,50,80,48,135,134,116" hai2="35,118,52,58,62,132,111,83,42,69,94,3,100" hai3="54,7,128,23,34,13,49,73,8,103,43,14,37"/><T61/><D133/><U71/><E101/><V123/><F123/><W53/><G34/><T130/><D130/><U28/><E80/><V19/><F3/><W104/><G128/><T4/><D32/><U105/><E105/><V31/><F132/><N who="1" m="50729" /><E90/><V124/><F124/><W26/><G73/><T38/><D30/><U29/><E20/><V56/><F69/><W45/><G14/><T102/><D70/><U0/><E0/><V67/><F111/><W1/><G1/><T113/><D113/><U87/><E87/><V93/><F118/><W11/><G11/><T79/><D72/><U91/><E91/><V24/><F42/><W59/><G103/><T57/><D46/><U63/><E28/><V75/><F100/><W88/><G104/><T41/><D41/><U21/><E21/><V131/><F131/><W64/><G88/><T39/><D102/><U109/><E29/><V121/><F121/><W115/><G37/><T68/><D68/><U82/><E82/><V18/><F83/><W44/><G44/><T66/><D38/><U33/><E33/><V65/><F65/><W86/><G86/><T108/><D39/><U5/><E5/><N who="0" m="2153" /><D108/><U85/><E109/><V27/><F75/><W106/><G115/><T92/><D92/><N who="2" m="35434" /><F27/><W126/><G106/><T129/><D129/><U9/><E112/><V22/><F35/><W77/><G26/><T99/><AGARI ba="0,0" hai="16,17,57,61,66,76,78,79,96,98,99" m="2153" machi="99" ten="40,3900,0" yaku="8,1,54,1" doraHai="120" who="0" fromWho="0" sc="250,39,250,-13,250,-13,250,-13" /><INIT seed="0,1,0,1,4,58" ten="289,237,237,237" oya="0" hai0="128,36,134,5,41,55,69,40,121,34,60,66,112" hai1="70,49,98,84,73,15,62,86,16,92,90,74,46" hai2="25,7,115,2,37,71,75,27,125,88,135,45,133" hai3="99,119,24,31,11,108,68,79,52,129,124,95,50"/><T30/><D112/><U4/><E4/><V67/><F115/><W14/><G119/><T107/><D121/><U8/><E86/><V32/><F125/><W91/><G124/><T122/><D122/><U21/><E21/><V82/><F88/><W93/><G108/><T101/><D5/><U48/><E98/><V44/><F44/><W38/><G38/><T97/><D128/><U0/><E0/><V111/><F111/><W57/><G68/><T53/><D134/><U116/><E116/><V42/><F27/><W120/><G129/><T18/><D18/><U127/><E127/><V20/><F20/><N who="3" m="15751" /><G120/><T28/><D28/><U3/><E3/><V131/><F131/><W81/><G79/><T54/><D36/><U106/><E106/><V110/><F110/><W9/><G9/><T43/><D43/><U96/><E96/><V19/><F19/><N who="3" m="8671" /><G99/><T12/><D12/><U56/><E70/><V47/><F25/><AGARI ba="1,0" hai="25,30,34,40,41,53,54,55,60,66,69,97,101,107" machi="25" ten="40,7700,0" yaku="25,2,52,1" doraHai="58" who="0" fromWho="2" sc="289,80,237,0,237,-80,237,0" /><INIT seed="0,2,0,0,0,87" ten="369,237,157,237" oya="0" hai0="101,22,48,97,29,65,4,110,102,107,50,100,111" hai1="55,96,40,94,106,56,10,49,118,77,14,53,90" hai2="8,113,119,128,26,82,71,78,25,15,123,31,103" hai3="81,18,115,39,7,28,33,109,66,88,70,6,19"/><T91/><D4/><U112/><E112/><V32/><F113/><W60/><G115/><T135/><D135/><U125/><E125/><V63/><F123/><W132/><G39/><T121/><D121/><U104/><E118/><V23/><F119/><W24/><G132/><T17/><D29/><U9/><E40/><V30/><F128/><W127/><G127/><T86/><D65/><U64/><E64/><V57/><F71/><W2/><G109/><N who="0" m="41483" /><D100/><U73/><E73/><V83/><F103/><W41/><G41/><T133/><D102/><U116/><E116/><V59/><F63/><W98/><G7/><T3/><D3/><U75/><E75/><V13/><F13/><W74/><G6/><T34/><D34/><U52/><E77/><V120/><F120/><W27/><G2/><T44/><D44/><U131/><E131/><V58/><REACH who="2" step="1"/><F78/><REACH who="2" ten="369,237,147,237" step="2"/><W61/><G61/><T76/><D76/><U108/><E108/><V117/><F117/><W79/><G27/><N who="0" m="14799" /><D133/><U43/><E14/><V67/><F67/><W47/><G70/><T12/><D12/><U126/><E126/><V16/><AGARI ba="2,1" hai="8,15,16,23,25,26,30,31,32,57,58,59,82,83" machi="16" ten="30,4000,0" yaku="1,1,0,1,54,1,53,0" doraHai="87" doraHaiUra="122" who="2" fromWho="2" sc="369,-22,237,-12,147,56,237,-12" /><INIT seed="1,0,0,5,3,51" ten="347,225,203,225" oya="1" hai0="113,66,19,86,65,96,57,36,48,89,8,22,26" hai1="73,45,101,35,88,5,33,42,121,55,67,100,99" hai2="52,58,3,17,69,83,18,62,11,24,119,107,2" hai3="117,59,54,71,98,93,64,108,34,46,61,112,130"/><U21/><E121/><V94/><F119/><W20/><G117/><T68/><D36/><U95/><E73/><V28/><F107/><W7/><G34/><T6/><D68/><U70/><E5/><V134/><F134/><W123/><G112/><T10/><D96/><U4/><E4/><V102/><F69/><W111/><G123/><T27/><D27/><U128/><E128/><V32/><F83/><W80/><G130/><T72/><D72/><U1/><E1/><V37/><F37/><W125/><G125/><T122/><D113/><U43/><E33/><V116/><F116/><W29/><G7/><T40/><D10/><U63/><E35/><V92/><F92/><W60/><G46/><N who="0" m="25671" /><D57/><U85/><E21/><V126/><F126/><W14/><G80/><N who="0" m="49351" /><D122/><U13/><E13/><AGARI ba="0,0" hai="6,8,13,19,22,26,65,66" m="49351,25671" machi="13" ten="30,1000,0" yaku="8,1" doraHai="51" who="0" fromWho="1" sc="347,10,225,-10,203,0,225,0" /><INIT seed="2,0,0,1,1,20" ten="357,215,203,225" oya="2" hai0="24,81,7,107,114,84,31,42,18,71,120,35,36" hai1="113,17,80,124,83,6,100,85,62,134,25,30,129" hai2="115,32,108,111,93,106,131,121,49,57,5,110,48" hai3="46,128,64,90,105,4,119,44,98,101,94,77,59"/><V102/><F121/><W33/><G128/><T66/><D120/><U87/><E113/><V78/><F115/><W96/><G119/><T74/><D114/><U91/><E129/><V12/><F131/><W22/><G33/><T67/><D107/><U82/><E124/><V51/><F32/><W1/><G77/><T14/><D71/><U63/><E134/><V3/><F78/><W109/><G109/><N who="2" m="27905" /><V112/><DORA hai="127" /><F112/><W56/><G22/><T19/><D74/><U117/><E117/><V103/><F3/><W75/><G75/><T45/><D7/><U89/><E6/><V95/><F57/><W50/><G64/><T70/><D19/><U29/><E100/><N who="2" m="38443" /><F106/><W8/><REACH who="3" step="1"/><G44/><REACH who="3" ten="357,215,203,215" step="2"/><T28/><D45/><U43/><E91/><V99/><F99/><W53/><AGARI ba="0,1" hai="1,4,8,46,50,53,56,59,90,94,96,98,101,105" machi="53" ten="20,5200,0" yaku="1,1,2,1,0,1,7,1,53,0" doraHai="20,127" doraHaiUra="104,69" who="3" fromWho="3" sc="357,-13,215,-13,203,-26,215,62" /><INIT seed="3,0,0,1,0,77" ten="344,202,177,277" oya="3" hai0="44,105,53,131,26,27,115,69,133,109,38,42,79" hai1="74,48,15,65,99,54,75,62,110,66,91,14,113" hai2="63,24,114,7,57,127,18,1,92,80,100,128,47" hai3="88,50,82,4,104,129,112,41,43,98,51,0,33"/><W61/><G112/><T29/><D105/><U56/><E113/><V107/><F114/><W83/><G33/><T23/><D69/><U97/><E110/><V12/><F128/><W101/><G129/><T31/><D115/><U86/><E75/><V36/><F127/><W116/><G116/><T58/><D131/><U2/><E74/><V124/><F124/><W46/><G61/><T59/><D109/><U117/><E2/><V70/><F70/><W68/><G68/><T81/><D53/><U106/><E117/><V73/><F107/><W17/><G17/><T134/><D27/><U103/><E99/><V64/><F24/><W28/><G28/><T119/><D31/><U34/><E34/><V122/><F122/><W49/><G88/><T32/><D23/><U135/><E135/><N who="0" m="51721" /><D119/><U25/><E25/><V35/><F35/><W90/><G90/><T45/><D44/><U132/><E132/><V120/><F120/><W5/><G41/><T19/><D19/><U72/><E72/><AGARI ba="0,0" hai="26,29,32,38,42,45,58,59,72,79,81" m="51721" machi="72" ten="30,2000,0" yaku="20,1,52,1" doraHai="77" who="0" fromWho="1" sc="344,20,202,-20,177,0,277,0" owari="364,46.4,182,-21.8,177,-32.3,277,7.7" /></mjloggm>