<mjloggm ver="2.3"><GO type="225" lobby="0"/><UN n0="%73%6C%69%63%6B%33%31%39" n1="%E3%81%86%E3%83%BC%E3%81%B1%E3%83%BC" n2="%E8%81%B7%E6%A5%AD%E3%80%81%E9%A2%A8%32" n3="%E5%B0%8F%E9%B3%A5%E9%81%8A%E7%B7%B4%E7%84%A1%32%31%E6%AD%B3" dan="16,16,16,16" rate="2165.83,2188.77,2149.55,2147.07" sx="M,M,M,F"/><TAIKYOKU oya="0"/><INIT seed="0,0,0,1,5,70" ten="250,250,250,250" oya="0" hai0="8,35,2,38,62,127,64,133,50,37,6,104,106" hai1="80,71,61,57,124,76,78,99,66,20,98,114,75" hai2="132,68,43,89,60,46,18,48,59,41,107,90,85" hai3="0,83,126,40,129,103,97,84,14,34,39,12,24"/><T49/><D49/><U111/><E111/><V73/><F132/><W74/><G0/><T30/><D50/><U27/><E124/><V94/><F73/><W135/><G74/><T28/><D133/><U36/><E114/><V123/><F123/><W88/><G135/><T77/><D77/><U118/><E118/><V102/><F68/><W95/><G129/><T5/><D5/><U100/><E78/><V17/><F107/><N who="0" m="41002" /><D30/><U4/><E4/><V122/><F122/><W26/><G126/><T11/><D11/><U45/><E71/><V130/><F43/><W116/><G116/><T67/><D67/><U63/><E61/><V19/><F130/><W56/><G56/><T69/><D127/><U125/><E125/><V128/><F128/><W16/><G12/><T10/><D10/><U7/><E7/><V1/><F1/><W86/><G34/><T58/><D58/><U13/><E13/><V101/><REACH who="2" step="1"/><F90/><REACH who="2" ten="250,250,240,250" step="2"/><W54/><G40/><T33/><D33/><U23/><E100/><V105/><F105/><W72/><G103/><T110/><D110/><U109/><E109/><V82/><F82/><W93/><G83/><T21/><D21/><U92/><E20/><V53/><AGARI ba="0,1" hai="17,18,19,41,46,48,53,59,60,85,89,94,101,102" machi="53" ten="30,8000,1" yaku="1,1,0,1,8,1,53,2" doraHai="70" doraHaiUra="96" who="2" fromWho="2" sc="250,-40,250,-20,240,90,250,-20" /><INIT seed="1,0,0,0,3,120" ten="210,230,330,230" oya="1" hai0="59,34,93,27,70,84,53,54,71,119,89,57,47" hai1="7,112,106,95,131,82,1,13,135,52,67,60,104" hai2="77,91,0,38,109,76,10,75,68,61,130,6,36" hai3="32,45,72,33,14,22,81,80,43,18,117,56,15"/><U127/><E112/><V5/><F130/><W55/><G117/><T4/><D119/><U90/><E1/><N who="2" m="303" /><F91/><W3/><G3/><T103/><D4/><U51/><E82/><N who="2" m="45343" /><F77/><W125/><G14/><T30/><D47/><U94/><E127/><V110/><F61/><W21/><G21/><T113/><D103/><U28/><E135/><V100/><F100/><W133/><G133/><T97/><D113/><U114/><E114/><V31/><F31/><W2/><G2/><T124/><D124/><U79/><E28/><V8/><F68/><W40/><G125/><T121/><D84/><U62/><E79/><V11/><F11/><W9/><G9/><T126/><D121/><U96/><E62/><V111/><AGARI ba="0,0" hai="0,6,8,36,38,109,110,111" m="45343,303" machi="111" ten="30,8000,1" yaku="14,1,23,1,52,3" doraHai="120" who="2" fromWho="2" sc="210,-20,230,-40,330,80,230,-20" /><INIT seed="2,0,0,5,4,60" ten="190,190,410,210" oya="2" hai0="49,133,113,15,32,102,134,103,75,8,6,51,10" hai1="4,22,44,70,68,3,45,34,99,96,59,119,40" hai2="108,107,53,65,69,125,74,78,0,20,55,121,17" hai3="16,101,104,5,105,72,41,112,23,1,98,30,12"/><V25/><F107/><W89/><G72/><T11/><D113/><U76/><E34/><V33/><F121/><W88/><G112/><T36/><D36/><U26/><E119/><V82/><F0/><W118/><G105/><T29/><D75/><U84/><E4/><V135/><F135/><N who="0" m="51722" /><D29/><U37/><E3/><V13/><F125/><W77/><G118/><T9/><D32/><U18/><E45/><V90/><F90/><W129/><G129/><T115/><D115/><U7/><E7/><V111/><F33/><W50/><G30/><T109/><D109/><N who="2" m="42058" /><F13/><W127/><G127/><T83/><D83/><U73/><E73/><V42/><F42/><W47/><REACH who="3" step="1"/><G77/><REACH who="3" ten="190,190,410,200" step="2"/><T38/><D38/><U85/><E76/><V57/><F78/><W106/><G106/><T56/><D51/><U80/><E85/><V43/><F74/><W27/><G27/><T14/><D14/><U19/><E84/><V91/><F25/><W66/><G66/><T21/><D49/><U67/><E96/><V97/><F65/><W87/><G87/><T117/><D117/><U54/><E99/><V100/><F97/><W46/><G46/><T128/><D128/><U48/><E67/><V124/><F124/><W52/><G52/><T92/><D15/><N who="1" m="9567" /><E80/><V131/><F82/><W31/><G31/><T63/><D6/><U2/><E2/><V122/><F131/><W94/><G94/><T79/><D79/><U116/><E116/><V28/><F28/><W81/><G81/><T35/><N who="0" m="2048" /><DORA hai="86" /><T110/><D110/><U58/><E26/><V39/><F39/><W93/><G93/><RYUUKYOKU ba="0,1" sc="190,-10,190,-10,410,-10,200,30" hai3="1,5,12,16,23,41,47,50,88,89,98,101,104" /><INIT seed="3,1,1,4,1,112" ten="180,180,400,230" oya="3" hai0="134,57,22,52,6,114,46,1,59,35,97,42,69" hai1="103,82,75,132,31,23,130,66,88,65,111,5,4" hai2="19,34,133,106,87,110,43,74,135,86,11,27,67" hai3="79,15,116,30,91,104,80,127,68,96,77,72,73"/><W121/><G68/><T0/><D35/><U32/><E32/><V70/><F110/><W50/><G30/><T85/><D69/><U10/><E75/><V100/><F74/><W93/><G15/><T109/><D109/><U119/><E111/><V115/><F115/><W62/><G121/><T89/><D114/><U123/><E123/><V118/><F118/><W3/><G62/><T107/><D6/><N who="1" m="2667" /><E103/><V9/><F43/><W113/><G50/><N who="0" m="26967" /><D0/><U8/><E132/><N who="2" m="50763" /><F87/><W76/><G3/><T51/><D107/><U90/><E130/><V108/><F86/><W49/><G113/><T128/><D1/><U63/><E119/><V47/><F47/><W28/><G116/><T71/><D71/><U20/><E82/><V125/><F125/><W17/><G127/><T48/><D128/><U131/><E131/><V45/><F45/><W21/><G104/><T41/><D134/><U105/><E105/><V54/><F54/><W78/><G72/><T56/><D41/><U29/><E66/><V126/><F126/><W44/><G73/><T92/><D85/><U58/><E31/><N who="2" m="19839" /><F19/><W61/><G28/><T122/><D122/><U60/><E29/><V83/><F83/><W84/><G80/><T101/><D52/><N who="1" m="33863" /><E8/><V99/><F108/><W33/><G33/><T18/><D101/><U24/><E10/><V40/><F40/><W14/><G76/><T64/><D64/><U81/><E81/><V37/><F37/><W120/><G77/><T39/><D39/><U36/><E36/><V55/><F55/><W16/><G78/><T117/><D117/><U98/><E65/><RYUUKYOKU ba="1,1" sc="180,15,180,-15,400,15,230,-15" hai0="18,22,48,51,56,57,59,89,92,97" hai2="9,11,67,70,99,100,106" owari="195,-20.5,165,-33.5,425,52.5,215,1.5" /></mjloggm>