<mjloggm ver="2.3"><GO type="225" lobby="0"/><UN n0="%E3%82%A2%E3%83%A1%E3%82%A2%E3%83%A9%E3%83%AC" n1="%E9%98%BF%E9%83%A8%E5%AF%9B%EF%BC%A0%E9%B3%B3%E5%8D%93" n2="%E3%82%BC%E3%83%AB%E3%83%80%E3%81%AE%E4%BC%9D%E8%AA%AC" n3="%52%61%69%61%6E%2E" dan="16,16,18,16" rate="2039.11,2096.57,2241.93,2020.12" sx="M,F,M,M"/><TAIKYOKU oya="0"/><INIT seed="0,0,0,1,5,121" ten="250,250,250,250" oya="0" hai0="0,74,19,28,61,134,76,133,79,66,59,54,8" hai1="20,37,115,11,62,94,58,103,33,65,34,83,96" hai2="84,3,88,9,7,36,98,41,24,97,60,81,75" hai3="125,23,16,113,92,30,27,46,43,50,2,70,77"/><T67/><D28/><U47/><E115/><V104/><F104/><W135/><G113/><T12/><D0/><U52/><E11/><V57/><F75/><W15/><G2/><T132/><REACH who="0" step="1"/><D74/><REACH who="0" ten="240,250,250,250" step="2"/><U1/><E1/><V38/><F24/><W100/><G30/><T101/><D101/><U10/><E33/><V95/><F41/><W99/><G100/><T5/><D5/><U48/><E34/><V123/><F123/><W6/><G6/><T82/><D82/><U110/><E83/><V89/><REACH who="2" step="1"/><F97/><REACH who="2" ten="240,250,240,250" step="2"/><W39/><G99/><T114/><D114/><U128/><E96/><V63/><F63/><W35/><G27/><T87/><D87/><U127/><E62/><V73/><F73/><W55/><G43/><T40/><D40/><U68/><E128/><V93/><F93/><W26/><G92/><T80/><D80/><U53/><E94/><V91/><F91/><W122/><G35/><T129/><D129/><U13/><E103/><V64/><AGARI ba="0,2" hai="3,7,9,36,38,57,60,64,81,84,88,89,95,98" machi="64" ten="20,5200,0" yaku="1,1,0,1,7,1,54,1,53,0" doraHai="121" doraHaiUra="22" who="2" fromWho="2" sc="240,-26,250,-13,240,72,250,-13" /><INIT seed="1,0,0,5,4,35" ten="214,237,312,237" oya="1" hai0="6,124,64,109,120,22,38,55,26,44,75,107,29" hai1="69,66,127,115,16,24,133,28,68,96,4,30,121" hai2="9,60,12,122,46,32,19,34,111,79,61,99,94" hai3="40,134,33,58,116,91,77,8,126,17,67,53,70"/><U88/><E115/><V1/><F122/><W25/><G40/><T110/><D124/><U95/><E121/><V104/><F104/><W112/><G77/><T102/><D75/><U98/><E127/><V117/><F117/><W42/><G42/><T90/><D120/><U129/><E129/><V105/><F105/><W39/><G39/><T89/><D64/><U87/><E133/><V103/><F111/><N who="0" m="42506" /><D6/><U74/><E74/><V27/><F79/><W43/><G43/><N who="0" m="22647" /><D55/><U132/><E132/><V81/><F81/><W131/><G112/><T45/><D45/><U20/><E4/><V65/><F46/><W36/><G36/><T78/><D78/><U83/><E69/><V76/><F76/><W71/><G67/><T7/><D7/><U41/><E41/><V11/><F60/><W13/><G126/><T80/><D80/><U47/><E47/><V82/><F82/><W0/><G134/><T119/><D119/><U56/><E68/><V72/><F72/><W130/><G116/><T101/><D107/><U128/><E128/><V18/><F61/><W106/><G106/><T52/><D52/><U14/><E66/><V31/><F65/><W57/><G70/><T135/><D135/><U108/><E108/><V21/><F19/><W118/><G71/><T62/><D62/><U86/><E56/><N who="3" m="21610" /><G118/><T114/><D114/><U5/><E5/><V97/><F97/><W23/><G53/><T48/><D48/><U84/><E96/><V54/><F54/><W49/><G49/><T10/><D10/><N who="1" m="6231" /><E28/><V50/><F50/><W100/><G130/><T125/><D125/><RYUUKYOKU ba="0,0" sc="214,10,237,10,312,10,237,-30" hai0="22,26,29,89,90,101,102" hai1="20,24,30,83,84,86,87,88,95,98" hai2="1,9,11,12,18,21,27,31,32,34,94,99,103" /><INIT seed="1,1,0,2,3,74" ten="224,247,322,207" oya="1" hai0="12,95,82,125,13,46,114,118,3,127,43,110,101" hai1="20,52,72,91,33,90,70,124,9,85,86,47,111" hai2="107,87,99,34,105,77,104,113,135,116,56,64,119" hai3="83,58,0,130,21,79,49,37,92,1,132,76,112"/><U15/><E33/><V62/><F34/><W128/><G112/><T18/><D114/><U61/><E124/><N who="0" m="47689" /><D118/><U60/><E72/><V11/><F113/><W108/><G37/><T25/><D3/><N who="3" m="1097" /><G108/><T24/><D110/><U103/><E111/><V35/><F35/><W55/><G83/><T16/><D82/><N who="1" m="49463" /><E70/><V40/><F40/><W131/><G132/><T22/><D95/><N who="1" m="54775" /><E20/><V8/><F135/><W133/><G133/><T42/><D101/><U68/><E103/><V51/><F99/><W29/><G92/><T134/><D134/><U69/><E68/><V123/><F123/><W100/><G100/><T6/><D6/><N who="1" m="3511" /><E69/><V115/><F115/><W32/><G32/><T122/><D122/><U94/><E94/><V7/><F7/><W48/><G48/><AGARI ba="1,0" hai="47,48,52,60,61" m="3511,54775,49463" machi="48" ten="30,2900,0" yaku="8,1,54,1" doraHai="74" who="1" fromWho="3" sc="224,0,247,32,322,0,207,-32" /><INIT seed="1,2,0,2,4,86" ten="224,279,322,175" oya="1" hai0="91,127,124,133,102,9,37,126,21,0,38,60,73" hai1="48,88,6,110,63,41,106,97,8,103,11,7,108" hai2="125,33,27,87,25,98,62,79,78,54,3,96,17" hai3="36,52,2,35,74,71,43,13,46,22,83,80,93"/><U15/><E63/><V109/><F3/><W89/><G35/><T30/><D133/><U81/><E48/><V44/><F109/><N who="1" m="42089" /><E41/><V56/><F125/><W67/><G2/><T49/><D73/><U114/><E114/><V104/><F104/><W47/><G74/><T99/><D60/><U53/><E53/><V55/><F33/><W20/><G67/><T100/><D49/><U111/><E111/><V72/><F72/><W113/><G71/><T112/><D112/><U119/><E119/><V64/><F55/><W130/><G113/><T90/><D38/><U31/><E31/><V131/><F44/><W1/><G1/><T92/><D102/><U121/><E121/><V40/><F40/><W32/><G32/><T122/><D37/><U94/><E81/><V128/><F54/><W34/><G34/><T77/><D77/><U29/><E29/><V5/><F78/><W50/><G22/><T14/><D0/><N who="1" m="71" /><E106/><V28/><F28/><W120/><G120/><T118/><D118/><U4/><E4/><V82/><F5/><W39/><G39/><T129/><D122/><U61/><E61/><V107/><F107/><W95/><G95/><T57/><D57/><U26/><E26/><V12/><F27/><W65/><G65/><T116/><D116/><U135/><E135/><V59/><F25/><W105/><G105/><T68/><D68/><U51/><E51/><V58/><F62/><W84/><G80/><T70/><D70/><U18/><E7/><V66/><F66/><W115/><G115/><T134/><D134/><U76/><E76/><V75/><F64/><RYUUKYOKU ba="2,0" sc="224,-10,279,30,322,-10,175,-10" hai1="11,15,18,88,94,97,103" /><INIT seed="1,3,0,0,2,22" ten="214,309,312,165" oya="1" hai0="83,95,32,60,29,20,11,66,103,19,128,90,48" hai1="42,109,70,0,99,28,16,126,119,15,72,77,44" hai2="73,122,92,116,118,132,10,63,21,23,113,49,36" hai3="91,37,110,117,98,25,24,135,57,69,88,2,84"/><U108/><E119/><V27/><F36/><W71/><G37/><T61/><D128/><U4/><E126/><V133/><F73/><W74/><G74/><T13/><D32/><U107/><E70/><V56/><F122/><W40/><G2/><T123/><D123/><U39/><E28/><V9/><F49/><W96/><G40/><T101/><D83/><N who="1" m="45479" /><E15/><V30/><F92/><W8/><G8/><N who="2" m="3177" /><F56/><W120/><G120/><T111/><D111/><N who="1" m="42571" /><E0/><V121/><F63/><W129/><G110/><T5/><D61/><U76/><E76/><V54/><F121/><W102/><G129/><T14/><D48/><U86/><E4/><V65/><F116/><W82/><G117/><T1/><D29/><U35/><E35/><V89/><F118/><W18/><G18/><T75/><D75/><U87/><E16/><V112/><F23/><W67/><G91/><T85/><REACH who="0" step="1"/><D1/><REACH who="0" ten="204,309,312,165" step="2"/><U106/><E106/><V105/><F105/><W7/><G82/><T50/><D50/><U41/><E42/><V93/><F30/><W79/><G79/><T100/><D100/><AGARI ba="3,1" hai="39,41,44,86,87,99,100,107" m="42571,45479" machi="100" ten="30,2900,0" yaku="14,1,10,1" doraHai="22" who="1" fromWho="0" sc="204,-38,309,48,312,0,165,0" /><INIT seed="1,4,0,4,0,23" ten="166,357,312,165" oya="1" hai0="62,9,119,4,120,96,108,117,14,29,46,132,41" hai1="109,71,70,130,15,3,74,80,43,13,47,52,32" hai2="97,90,26,11,78,69,125,107,102,28,40,31,94" hai3="72,60,68,127,86,51,59,129,20,48,92,123,103"/><U135/><E135/><V100/><F125/><W95/><G123/><T19/><D108/><U93/><E109/><V2/><F69/><W124/><G72/><T33/><D132/><U45/><E130/><V55/><F40/><W106/><G68/><T36/><D120/><U116/><E116/><V58/><F78/><W44/><G106/><T21/><D62/><U104/><E104/><V63/><F28/><W38/><G38/><T75/><D75/><U18/><E3/><V88/><F102/><W25/><G92/><T81/><D81/><U35/><E74/><V56/><F107/><W54/><G129/><T114/><D96/><U1/><E1/><V118/><F118/><W65/><G51/><T39/><D39/><U42/><E93/><V5/><REACH who="2" step="1"/><F58/><REACH who="2" ten="166,357,302,165" step="2"/><W34/><G34/><AGARI ba="4,1" hai="2,5,11,26,31,34,55,56,63,88,90,94,97,100" machi="34" ten="30,8000,1" yaku="1,1,2,1,7,1,52,1,54,1,53,0" doraHai="23" doraHaiUra="73" who="2" fromWho="3" sc="166,0,357,0,302,102,165,-92" /><INIT seed="2,0,0,4,3,18" ten="166,357,404,73" oya="2" hai0="29,124,133,65,79,127,130,15,77,48,22,27,26" hai1="49,1,32,113,112,96,36,93,126,6,62,47,67" hai2="8,58,122,41,86,44,97,46,100,5,91,7,64" hai3="38,82,72,23,34,59,55,45,90,17,94,123,11"/><V102/><F122/><W116/><G116/><T71/><D133/><U115/><E126/><N who="0" m="48169" /><D130/><U109/><E109/><V99/><F58/><W111/><G111/><T51/><D15/><U63/><E36/><V83/><F64/><W75/><G123/><T43/><D27/><U21/><E32/><V33/><F33/><W118/><G118/><T74/><D74/><U9/><E21/><V69/><F69/><W131/><G131/><T70/><D70/><U80/><E80/><V85/><F41/><W134/><G11/><T35/><D35/><U3/><E3/><V56/><F56/><W129/><G134/><T73/><D73/><U78/><E78/><N who="0" m="29705" /><D43/><U135/><E135/><V30/><F30/><W37/><G34/><T39/><D39/><U19/><E19/><V95/><F85/><W106/><G106/><T121/><D121/><U14/><E1/><V52/><F8/><W105/><G105/><T114/><D114/><U107/><E107/><V89/><F86/><W53/><G129/><T25/><D25/><U61/><E67/><V108/><F108/><W10/><G10/><T54/><D54/><U101/><REACH who="1" step="1"/><E113/><REACH who="1" ten="166,347,404,73" step="2"/><V104/><F104/><W20/><G37/><T12/><D12/><U120/><E120/><V128/><F128/><W92/><G38/><T110/><D110/><U42/><AGARI ba="0,1" hai="6,9,14,42,47,49,61,62,63,93,96,101,112,115" machi="42" ten="30,2000,0" yaku="1,1,0,1,53,0" doraHai="18" doraHaiUra="50" who="1" fromWho="1" sc="166,-5,347,30,404,-10,73,-5" /><INIT seed="3,0,0,0,4,123" ten="161,377,394,68" oya="3" hai0="88,41,106,54,17,45,115,68,11,19,113,121,46" hai1="86,111,6,31,102,93,48,94,55,79,14,20,63" hai2="77,4,76,135,49,119,134,47,126,99,10,100,104" hai3="108,83,13,3,87,82,131,117,42,96,61,97,81"/><W89/><G117/><T8/><D121/><U5/><E63/><V66/><F66/><W18/><G3/><T29/><D106/><U130/><E130/><V75/><F119/><W28/><G131/><T27/><D68/><U7/><E111/><V72/><F126/><W98/><G28/><T22/><D54/><U38/><E38/><V105/><F105/><W129/><G129/><T70/><D70/><U37/><E37/><V133/><F72/><W53/><G42/><T84/><D17/><U85/><E79/><V43/><F75/><W33/><G33/><T132/><D132/><U34/><E34/><V40/><F40/><W101/><G101/><T26/><D11/><U16/><E31/><V114/><F114/><N who="0" m="43530" /><D41/><U74/><E74/><V128/><F128/><W9/><REACH who="3" step="1"/><G108/><REACH who="3" ten="161,377,394,58" step="2"/><T90/><D8/><U112/><E112/><V62/><F10/><W127/><G127/><T44/><D84/><N who="1" m="32363" /><E102/><V73/><F73/><W110/><G110/><T56/><D56/><AGARI ba="0,1" hai="5,6,7,14,16,20,48,55,56,93,94" m="32363" machi="56" ten="30,2000,0" yaku="8,1,54,1" doraHai="123" who="1" fromWho="0" sc="161,-20,377,30,394,0,58,0" /><AGARI ba="0,0" hai="9,13,18,53,56,61,81,82,83,87,89,96,97,98" machi="56" ten="40,3900,0" yaku="1,1,8,1,53,0" doraHai="123" doraHaiUra="60" who="3" fromWho="0" sc="141,-39,407,0,394,0,58,39" /><INIT seed="3,1,0,1,0,87" ten="102,407,394,97" oya="3" hai0="107,82,96,75,74,21,6,35,68,13,25,49,100" hai1="64,44,91,39,95,24,40,99,53,31,60,23,85" hai2="56,4,65,120,63,20,114,54,12,83,50,42,0" hai3="37,32,33,103,17,93,1,28,108,125,130,97,106"/><W15/><G1/><T112/><D112/><U2/><E2/><V67/><F114/><W124/><G37/><T86/><D68/><U22/><E53/><V76/><F120/><W11/><G130/><T78/><D35/><U18/><E85/><N who="2" m="48359" /><F0/><W135/><G135/><T69/><D69/><U66/><E60/><V46/><F20/><W38/><G38/><T101/><D101/><U128/><E128/><V58/><F58/><W94/><G32/><T71/><D71/><U113/><E113/><V116/><F116/><W118/><G118/><T19/><D49/><U41/><E41/><V111/><F111/><W9/><G108/><T109/><D109/><U132/><E132/><V117/><F117/><W89/><G11/><AGARI ba="1,0" hai="4,11,12,42,46,50,54,56,63,65,67" m="48359" machi="11" ten="30,2000,0" yaku="25,1,8,1" doraHai="87" who="2" fromWho="3" sc="102,0,407,0,394,23,97,-23" owari="102,-29.8,407,20.7,417,51.7,74,-42.6" /></mjloggm>