<mjloggm ver="2.3"><GO type="225" lobby="0"/><UN n0="%E9%A6%AC%E4%BA%86%E9%9A%94%E5%A3%81" n1="%E3%81%99%E3%81%84%E3%81%BE%E3%81%9B%E3%83%BC%E3%82%93" n2="%E3%82%BC%E3%83%AB%E3%83%80%E3%81%AE%E4%BC%9D%E8%AA%AC" n3="%E5%A4%9C%E5%85%89%E5%A4%A9%E6%A5%BC" dan="18,18,17,16" rate="2219.46,2205.94,2189.03,2104.93" sx="M,M,M,F"/><TAIKYOKU oya="0"/><INIT seed="0,0,0,1,5,62" ten="250,250,250,250" oya="0" hai0="51,118,32,55,35,78,23,65,84,25,98,77,80" hai1="58,33,86,96,102,97,125,4,121,17,94,10,24" hai2="29,83,34,75,60,41,8,135,129,120,28,72,79" hai3="123,31,54,93,63,49,39,53,85,122,50,108,109"/><T128/><D118/><U11/><E121/><N who="3" m="46090" /><G39/><T43/><D128/><U27/><E125/><V2/><F120/><W74/><G74/><T106/><D43/><U61/><E33/><V15/><F129/><W36/><G36/><T101/><D78/><U82/><E97/><V44/><F135/><W30/><G93/><T124/><D124/><U68/><E68/><V91/><F91/><W38/><G38/><T70/><D70/><U71/><E71/><V103/><F2/><W95/><G95/><T114/><D65/><U111/><E111/><N who="3" m="42570" /><G63/><T110/><D114/><U99/><E99/><V7/><F103/><W127/><G85/><T37/><D37/><U117/><E117/><V19/><F60/><W64/><G64/><T21/><D110/><U81/><E81/><V107/><F107/><W1/><G1/><T133/><D133/><U100/><E100/><V67/><F67/><W14/><G14/><T92/><D106/><U104/><E104/><V90/><F90/><W42/><G42/><T0/><D0/><N who="1" m="263" /><E86/><V52/><F41/><W113/><G113/><T18/><REACH who="0" step="1"/><D23/><REACH who="0" ten="240,250,250,250" step="2"/><U59/><E82/><V47/><F83/><W73/><G127/><T3/><D3/><U40/><E40/><V6/><F79/><W88/><G73/><T57/><AGARI ba="0,1" hai="18,21,25,32,35,51,55,57,77,80,84,92,98,101" machi="57" ten="20,3900,0" yaku="1,1,0,1,7,1,53,0" doraHai="62" doraHaiUra="66" who="0" fromWho="0" sc="240,49,250,-13,250,-13,250,-13" /><INIT seed="0,1,0,4,4,134" ten="289,237,237,237" oya="0" hai0="12,47,68,31,128,49,133,60,64,108,43,19,30" hai1="92,100,119,62,11,4,76,6,86,14,32,29,116" hai2="130,124,131,132,39,83,45,101,85,120,118,72,117" hai3="1,106,51,3,115,110,102,93,105,26,18,0,24"/><T52/><D133/><U53/><E32/><V84/><F132/><W42/><G115/><T71/><D128/><N who="2" m="49194" /><F39/><W123/><G123/><T89/><D71/><U121/><E29/><V15/><F45/><W98/><G110/><T97/><D108/><U22/><E121/><V122/><F15/><W111/><G111/><T48/><D97/><U109/><E109/><V103/><F124/><W34/><G42/><T107/><D107/><U69/><E22/><V35/><F35/><W9/><G51/><T13/><D89/><U36/><E36/><V65/><F65/><W95/><G95/><T73/><D73/><U38/><E38/><V81/><F72/><W28/><G9/><T90/><D90/><U59/><E69/><V56/><F56/><W99/><G99/><T46/><REACH who="0" step="1"/><D12/><REACH who="0" ten="279,237,237,237" step="2"/><U61/><E14/><V78/><F122/><W88/><G88/><T112/><D112/><U67/><E119/><N who="2" m="45579" /><F120/><W33/><G105/><T96/><D96/><U129/><E116/><V23/><F23/><AGARI ba="1,1" hai="13,19,23,30,31,43,46,47,48,49,52,60,64,68" machi="23" ten="30,5800,0" yaku="1,1,7,1,54,1,53,0" doraHai="134" doraHaiUra="7" who="0" fromWho="2" sc="279,71,237,0,237,-61,237,0" /><INIT seed="0,2,0,4,4,91" ten="350,237,176,237" oya="0" hai0="120,79,16,129,115,108,117,33,11,81,56,58,19" hai1="84,101,36,90,112,107,7,52,123,39,42,43,87" hai2="20,23,126,1,103,130,100,44,37,18,89,94,10" hai3="31,15,38,110,5,77,95,63,29,131,61,125,69"/><T51/><D115/><U59/><E123/><V111/><F126/><W40/><G125/><T109/><D117/><U85/><E112/><V93/><F130/><W68/><G77/><T133/><D120/><U128/><E128/><V106/><F106/><W50/><G38/><T6/><D129/><U46/><E7/><V26/><F111/><N who="0" m="42570" /><D33/><U118/><E118/><V104/><F104/><W132/><G110/><T49/><D133/><U86/><E101/><V25/><F1/><W102/><G68/><T28/><D28/><N who="3" m="10825" /><G69/><T9/><D9/><U121/><E107/><V67/><F67/><W88/><G102/><N who="2" m="38953" /><F44/><N who="3" m="25863" /><G132/><T57/><D51/><U8/><E121/><V30/><F37/><W122/><G122/><T113/><D49/><U70/><E70/><V34/><F34/><W4/><G131/><T105/><D105/><U54/><E8/><V76/><F76/><W14/><G5/><T71/><D71/><U47/><REACH who="1" step="1"/><E59/><REACH who="1" ten="350,227,176,237" step="2"/><V22/><F10/><N who="3" m="4423" /><G15/><N who="0" m="5623" /><D113/><U72/><E72/><AGARI ba="2,1" hai="16,19,56,57,58,72,79,81" m="5623,42570" machi="72" ten="30,5800,0" yaku="14,1,10,1,54,1" doraHai="91" who="0" fromWho="1" sc="350,74,227,-64,176,0,237,0" /><INIT seed="0,3,0,5,1,69" ten="424,163,176,237" oya="0" hai0="63,104,54,53,131,125,37,126,117,71,19,74,1" hai1="107,43,13,98,46,90,11,61,84,32,8,10,38" hai2="82,42,23,59,75,134,128,58,113,67,115,2,16" hai3="21,15,28,102,91,48,51,30,29,72,62,6,5"/><T114/><RYUUKYOKU type="yao9" ba="3,0" sc="424,0,163,0,176,0,237,0" hai0="1,19,37,53,54,63,71,74,104,114,117,125,126,131" /><INIT seed="0,4,0,2,5,10" ten="424,163,176,237" oya="0" hai0="59,125,45,0,114,69,81,115,5,44,57,49,126" hai1="51,67,102,46,109,28,40,35,107,25,74,26,103" hai2="32,2,42,36,92,133,1,112,135,96,75,63,68" hai3="77,62,20,132,4,53,6,130,98,106,90,108,104"/><T131/><D81/><U87/><E74/><V38/><F32/><W124/><G77/><T72/><D72/><U111/><E67/><N who="2" m="41087" /><F75/><W30/><G104/><T23/><D0/><N who="2" m="106" /><F42/><W31/><G106/><T24/><D5/><U80/><E25/><V41/><F41/><W18/><G6/><T85/><D85/><U116/><E116/><V11/><F11/><W55/><G4/><T76/><D76/><U21/><E35/><V7/><F7/><W122/><G90/><T33/><D33/><U56/><E56/><N who="0" m="21577" /><D131/><U88/><REACH who="1" step="1"/><E107/><REACH who="1" ten="424,153,176,237" step="2"/><V129/><F112/><W134/><G130/><T95/><D115/><U78/><E78/><V37/><F129/><W9/><G122/><T58/><D114/><U123/><E123/><V13/><F37/><W118/><G118/><T61/><D58/><U17/><E17/><V60/><F60/><W27/><G62/><T14/><D61/><U121/><E121/><V19/><F36/><W91/><G18/><T117/><D117/><U93/><E93/><V128/><F38/><W48/><G31/><T97/><D24/><U86/><E86/><V99/><F128/><W71/><G27/><T3/><D3/><U66/><E66/><V119/><F119/><W47/><G30/><T89/><D69/><U82/><E82/><V43/><F92/><W39/><G71/><T105/><D105/><U84/><E84/><V50/><F19/><W127/><G39/><T54/><D95/><U64/><E64/><V100/><F99/><W113/><G98/><T34/><D97/><U16/><E16/><V120/><F120/><W83/><G83/><RYUUKYOKU ba="4,1" sc="424,-10,153,30,176,-10,237,-10" hai1="21,26,28,40,46,51,80,87,88,102,103,109,111" /><INIT seed="1,5,1,4,2,25" ten="414,183,166,227" oya="1" hai0="82,28,71,16,83,0,27,65,3,129,66,60,101" hai1="8,112,35,47,132,118,131,10,29,128,73,98,7" hai2="91,56,120,13,74,17,110,109,6,90,26,34,20" hai3="55,72,42,127,114,48,106,33,116,113,24,69,93"/><U133/><E73/><V59/><F74/><W12/><G106/><T21/><D129/><N who="1" m="49739" /><E112/><V76/><F76/><W58/><G72/><T43/><D43/><U134/><E118/><V40/><F120/><W124/><G69/><T2/><D101/><U67/><E67/><V11/><F40/><W103/><G116/><T36/><D36/><U94/><E47/><V15/><F59/><W9/><G42/><T77/><D66/><U86/><E86/><V32/><F56/><W4/><G93/><T53/><D77/><U14/><E10/><N who="2" m="4311" /><F90/><W123/><G123/><T108/><D108/><N who="2" m="41578" /><F91/><W57/><G57/><T54/><D54/><U92/><E98/><V46/><F46/><W63/><G103/><T70/><D53/><U100/><E100/><V81/><F81/><W52/><G55/><T61/><D71/><U121/><E121/><V19/><AGARI ba="5,1" hai="11,15,17,19,20,26,32,34" m="41578,4311" machi="19" ten="30,4000,0" yaku="14,1,34,2" doraHai="25" who="2" fromWho="2" sc="414,-15,183,-25,166,65,227,-15" /><INIT seed="2,0,0,1,4,97" ten="399,158,231,212" oya="2" hai0="85,116,5,25,77,34,78,108,135,93,96,52,129" hai1="70,9,82,110,128,80,122,53,59,44,102,115,14" hai2="120,50,104,11,75,22,68,112,119,87,106,130,83" hai3="58,69,39,98,81,56,71,27,32,47,121,15,16"/><V74/><F68/><W54/><G121/><T36/><D36/><U23/><E115/><V35/><F35/><W10/><G81/><T132/><D108/><U95/><E70/><V107/><F22/><W113/><G58/><T37/><D37/><U42/><E110/><V94/><F50/><W21/><G32/><T41/><D41/><U67/><E67/><V29/><F29/><W100/><G113/><T90/><D129/><U62/><E23/><V105/><F11/><W3/><G3/><T57/><D116/><U4/><E128/><V31/><F31/><W134/><G134/><N who="0" m="51243" /><D5/><U33/><E33/><V89/><F112/><W101/><G47/><T123/><D123/><U0/><E0/><V60/><F60/><W43/><G43/><T124/><D124/><U79/><E79/><N who="2" m="46591" /><F120/><W99/><G39/><T126/><D126/><U91/><E122/><V88/><F130/><W127/><G127/><T64/><D64/><U109/><E109/><V55/><F55/><W20/><G69/><T103/><D25/><U2/><E2/><V111/><F111/><W46/><G46/><T45/><D45/><U17/><E4/><V125/><F125/><W133/><G71/><T1/><D1/><U13/><E13/><V76/><F119/><W6/><G133/><T117/><D117/><U73/><E44/><V118/><F118/><W26/><G54/><T92/><D34/><U40/><E40/><V86/><N who="2" m="26624" /><DORA hai="7" /><V28/><F28/><N who="3" m="17479" /><G56/><T38/><D38/><U72/><E42/><V8/><F8/><W61/><G61/><AGARI ba="0,0" hai="52,57,61,77,78,85,90,92,93,96,103" m="51243" machi="61" ten="30,3900,0" yaku="20,1,52,1,54,1" doraHai="97,7" who="0" fromWho="3" sc="399,39,158,0,231,0,212,-39" /><INIT seed="3,0,0,3,3,35" ten="438,158,231,173" oya="3" hai0="98,125,31,107,34,3,45,134,121,21,1,99,52" hai1="12,24,129,84,104,77,132,17,44,16,74,14,127" hai2="97,117,38,83,122,71,124,85,41,62,120,128,126" hai3="40,64,67,4,9,29,54,42,25,123,119,133,2"/><W91/><G119/><T92/><D121/><N who="2" m="46698" /><F128/><W13/><G123/><T51/><D34/><U56/><E74/><V111/><F111/><W95/><G133/><T32/><D32/><U37/><E104/><V75/><F75/><W76/><G76/><T26/><D134/><U130/><E132/><V70/><F117/><W61/><G54/><T48/><D125/><N who="2" m="48234" /><F97/><W90/><G64/><T88/><REACH who="0" step="1"/><D48/><REACH who="0" ten="428,158,231,173" step="2"/><U96/><E127/><V80/><F38/><W110/><G110/><T81/><D81/><N who="1" m="47151" /><E37/><V49/><F80/><W33/><G33/><T82/><D82/><U68/><E130/><V22/><F62/><W114/><G61/><T6/><D6/><U93/><E129/><V78/><F22/><W65/><G4/><T8/><D8/><U63/><E68/><V109/><F109/><W47/><G9/><T66/><D66/><N who="1" m="39271" /><E44/><AGARI ba="0,1" hai="41,44,49,70,71,78,83,85" m="48234,46698" machi="44" ten="30,2000,0" yaku="13,1,18,1" doraHai="35" who="2" fromWho="1" sc="428,0,158,-20,231,30,173,0" owari="428,52.8,138,-36.2,261,6.1,173,-22.7" /></mjloggm>