<mjloggm ver="2.3"><GO type="225" lobby="0"/><UN n0="%E5%81%BD%E5%96%84%E8%80%85%E9%AB%98%E6%A9%8B%E3%81%BF%E3%81%AA%E3%81%BF" n1="%E3%80%93%E3%81%97%E3%83%BC%E3%82%89%E3%80%93" n2="%77%72%77%72%77%72%77%72" n3="%E3%81%BF%E3%81%BF%E3%81%9A" dan="18,16,17,18" rate="2227.30,2151.33,2182.86,2256.49" sx="F,M,M,M"/><TAIKYOKU oya="0"/><INIT seed="0,0,0,0,2,66" ten="250,250,250,250" oya="0" hai0="94,10,6,98,106,21,34,121,44,87,80,108,58" hai1="77,20,128,43,22,76,69,131,105,47,54,109,30" hai2="70,86,81,51,101,127,57,122,55,88,134,3,46" hai3="111,107,19,42,59,68,37,125,65,36,104,28,18"/><T61/><D34/><U112/><E105/><V85/><F122/><W93/><G28/><T56/><D121/><U135/><E109/><V95/><F3/><W4/><G4/><T74/><D108/><U99/><E99/><V26/><F134/><W89/><G111/><T82/><D106/><U72/><E135/><V130/><F130/><N who="1" m="49705" /><E112/><V23/><F127/><W133/><G59/><T71/><D44/><U38/><E54/><V24/><F70/><W84/><G133/><T1/><D21/><N who="1" m="8299" /><E30/><V126/><F126/><W13/><G125/><T0/><D0/><U78/><E69/><V41/><F101/><W67/><G42/><T102/><D74/><AGARI ba="0,0" hai="38,43,47,72,74,76,77,78" m="8299,49705" machi="74" ten="40,1300,0" yaku="19,1" doraHai="66" who="1" fromWho="0" sc="250,-13,250,13,250,0,250,0" /><INIT seed="1,0,0,0,3,113" ten="237,263,250,250" oya="1" hai0="135,60,0,50,82,119,63,66,58,24,87,109,40" hai1="12,54,67,1,110,28,49,114,11,103,56,9,76" hai2="20,95,59,127,86,26,88,69,126,21,65,108,10" hai3="2,41,5,25,97,116,47,133,64,94,52,71,98"/><U33/><E114/><V32/><F69/><W77/><G77/><T44/><D109/><U85/><E110/><V42/><F108/><W14/><G2/><T75/><D135/><U131/><E131/><V74/><F74/><W29/><G133/><T100/><D0/><U39/><E39/><V107/><F107/><W34/><G116/><T124/><D124/><N who="2" m="47658" /><F42/><W83/><G83/><T125/><D125/><U38/><E38/><V30/><F10/><W3/><G3/><T13/><D75/><U104/><E67/><V102/><F102/><W73/><G73/><T19/><D100/><U129/><E129/><V72/><F72/><W62/><G14/><T111/><D111/><U117/><E117/><V122/><F122/><W27/><G5/><T118/><D63/><AGARI ba="0,0" hai="20,21,26,30,32,59,63,65,86,88,95" m="47658" machi="63" ten="30,2000,0" yaku="18,1,54,1" doraHai="113" who="2" fromWho="0" sc="237,-20,263,0,250,20,250,0" /><INIT seed="2,0,0,4,2,113" ten="217,263,270,250" oya="2" hai0="46,84,117,50,123,74,109,131,59,85,20,47,100" hai1="114,40,102,14,45,35,41,62,87,96,120,115,128" hai2="79,36,132,54,75,37,130,77,22,127,9,29,61" hai3="19,72,13,18,49,111,118,95,16,69,57,1,51"/><V112/><F112/><W122/><G122/><T90/><D123/><U2/><E2/><V94/><F130/><W80/><G1/><T7/><D74/><U88/><E35/><V108/><F132/><W83/><G69/><T4/><D109/><U33/><E33/><V107/><F107/><W23/><G118/><T58/><D131/><U44/><E120/><V5/><F108/><W125/><G111/><T89/><D100/><U82/><E128/><V27/><F127/><W65/><G125/><T17/><D117/><U52/><E14/><V91/><F75/><W92/><G72/><T103/><D103/><U15/><E15/><N who="2" m="5551" /><F36/><W101/><G13/><T110/><D110/><U68/><E68/><V30/><F30/><W64/><G23/><T104/><D104/><U121/><E121/><V66/><F66/><N who="3" m="25707" /><G101/><T39/><D39/><U42/><E115/><V124/><F37/><W32/><G57/><T73/><D73/><U86/><E86/><N who="2" m="52599" /><F124/><W67/><N who="3" m="25715" /><W10/><DORA hai="81" /><G10/><T31/><D31/><U129/><E129/><V97/><F97/><W56/><G32/><T11/><D11/><U134/><E134/><V25/><F27/><W21/><G21/><T63/><D20/><U55/><E114/><V78/><F78/><W116/><G116/><T133/><D133/><U24/><E24/><V98/><F98/><W53/><G49/><T12/><D50/><U99/><E99/><V71/><F71/><W43/><G43/><T106/><D12/><U34/><E34/><V60/><F60/><W26/><G26/><T38/><D38/><U0/><E0/><RYUUKYOKU ba="0,0" sc="217,-15,263,-15,270,15,250,15" hai2="22,25,29,54,61,77,79" hai3="16,18,19,51,53,56,80,83,92,95" /><INIT seed="2,1,0,3,4,1" ten="202,248,285,265" oya="2" hai0="17,95,61,2,57,44,84,65,46,86,22,5,117" hai1="19,132,79,67,31,122,110,64,126,94,120,105,74" hai2="35,108,112,37,97,14,87,23,124,3,118,104,100" hai3="134,93,111,133,51,52,96,13,101,82,76,43,56"/><V70/><RYUUKYOKU type="yao9" ba="1,0" sc="202,0,248,0,285,0,265,0" hai2="3,14,23,35,37,70,87,97,100,104,108,112,118,124" /><INIT seed="2,2,0,2,5,9" ten="202,248,285,265" oya="2" hai0="102,14,4,54,44,30,134,53,7,110,1,29,116" hai1="76,91,46,95,8,12,33,84,51,122,117,129,113" hai2="61,97,123,69,78,83,25,118,89,16,82,62,68" hai3="10,111,21,0,96,71,66,115,120,133,124,92,121"/><V17/><F118/><W60/><G111/><T34/><D1/><U109/><E33/><V87/><F123/><W37/><G37/><T112/><D112/><U49/><E117/><V67/><F97/><W73/><G73/><T103/><D116/><U6/><E113/><V72/><REACH who="2" step="1"/><F25/><REACH who="2" ten="202,248,275,265" step="2"/><W24/><G120/><T94/><D110/><U105/><E122/><V15/><F15/><W80/><G121/><T100/><D134/><U90/><E109/><V41/><F41/><W55/><G115/><T131/><D131/><U65/><E129/><V11/><F11/><W26/><G10/><T63/><D34/><U32/><E32/><V13/><F13/><W132/><G24/><T27/><D14/><U74/><E12/><V23/><F23/><W36/><G132/><T104/><D104/><U101/><E8/><V128/><F128/><W79/><G133/><T127/><D27/><U47/><E105/><V22/><F22/><W40/><G21/><T58/><D127/><U5/><E5/><V81/><F81/><W75/><G26/><T18/><D18/><U126/><E6/><N who="0" m="2089" /><D94/><U48/><E126/><V125/><F125/><W93/><G124/><T99/><D99/><U31/><E95/><N who="3" m="36426" /><G96/><T108/><D108/><U39/><E101/><V135/><F135/><W35/><G35/><T86/><D29/><U19/><E19/><V3/><F3/><W114/><G0/><T42/><D30/><U45/><E31/><V57/><F57/><N who="3" m="34879" /><G114/><T98/><D98/><U77/><E47/><V59/><F59/><W43/><G36/><N who="0" m="21575" /><D53/><N who="1" m="29839" /><E46/><V130/><F130/><W2/><G2/><RYUUKYOKU ba="2,1" sc="202,10,248,-30,275,10,265,10" hai0="54,58,63,86,100,102,103" hai2="16,17,61,62,67,68,69,72,78,82,83,87,89" hai3="40,43,66,71,75,79,80" /><INIT seed="2,3,1,2,0,9" ten="212,218,285,275" oya="2" hai0="117,1,12,104,34,111,8,67,18,118,73,129,65" hai1="64,99,95,81,89,0,63,103,97,96,39,86,130" hai2="78,133,36,82,58,28,22,26,116,11,108,3,49" hai3="91,72,84,30,31,23,128,47,107,90,87,27,123"/><V48/><F116/><N who="0" m="44650" /><D111/><U24/><E39/><V52/><F36/><W19/><G72/><T105/><D129/><U92/><E0/><V51/><F108/><W115/><G123/><T35/><D73/><U75/><E130/><V38/><F38/><W20/><G128/><T7/><D65/><U50/><E75/><V114/><F114/><W126/><G107/><N who="0" m="41035" /><D67/><U14/><E24/><V74/><REACH who="2" step="1"/><F133/><REACH who="2" ten="212,218,275,275" step="2"/><W6/><G115/><T125/><D125/><U62/><E103/><V41/><F41/><W79/><G126/><T88/><D88/><U69/><E89/><V17/><F17/><W68/><G91/><T93/><D93/><U80/><E95/><V32/><F32/><W5/><G19/><T77/><D77/><U21/><E92/><V15/><F15/><W71/><G79/><T101/><D101/><U110/><E14/><V135/><F135/><W13/><G13/><T112/><D112/><U109/><E110/><V98/><F98/><W2/><G90/><T42/><D42/><U40/><E109/><V16/><F16/><W4/><G2/><T45/><D45/><U57/><E99/><V100/><F100/><W56/><G47/><T66/><D66/><U132/><E97/><V25/><F25/><W94/><G94/><T83/><D83/><U124/><E81/><V134/><F134/><W43/><G43/><T102/><D102/><U37/><E132/><V127/><F127/><W53/><G30/><T54/><D54/><U44/><E124/><V121/><F121/><W10/><G31/><T61/><D1/><U59/><E96/><V29/><F29/><RYUUKYOKU ba="3,2" sc="212,-10,218,-10,275,30,275,-10" hai2="3,11,22,26,28,48,49,51,52,58,74,78,82" /><INIT seed="2,4,2,1,1,76" ten="202,208,305,265" oya="2" hai0="46,127,15,30,135,123,29,71,112,35,41,67,122" hai1="36,126,90,82,116,14,133,59,61,120,45,49,65" hai2="118,117,54,12,69,40,105,27,64,23,7,93,89" hai3="85,2,94,114,16,115,25,96,131,1,130,68,99"/><V51/><F105/><W24/><G68/><T66/><D112/><N who="3" m="43049" /><G85/><T83/><D35/><U129/><E116/><V121/><F121/><W38/><G38/><T101/><D101/><U47/><E120/><V56/><F40/><W128/><G99/><T8/><D135/><U18/><E133/><V107/><F107/><W11/><G11/><T124/><D71/><U62/><E126/><N who="0" m="48169" /><D83/><U20/><E129/><V79/><F79/><W28/><G16/><N who="0" m="8295" /><D123/><U32/><E32/><V80/><F80/><W109/><G109/><T75/><D75/><U119/><E119/><V17/><F69/><W42/><G42/><T19/><D19/><U74/><E36/><V0/><F0/><N who="3" m="107" /><G28/><N who="0" m="10859" /><D122/><U72/><E74/><V9/><F118/><W53/><G53/><T39/><AGARI ba="4,2" hai="39,41,46,66,67" m="10859,8295,48169" machi="39" ten="30,2000,0" yaku="18,1,54,1" doraHai="76" who="0" fromWho="0" sc="202,52,208,-9,305,-14,265,-9" /><INIT seed="3,0,0,2,0,106" ten="254,199,291,256" oya="3" hai0="48,81,39,96,54,30,31,89,102,109,80,103,114" hai1="23,57,8,1,18,28,126,94,61,69,24,63,87" hai2="6,10,77,33,37,101,122,3,128,43,72,131,0" hai3="41,26,99,88,120,49,110,13,52,121,66,129,76"/><W93/><G129/><N who="2" m="49737" /><F122/><W132/><G132/><T108/><D39/><U32/><E126/><V67/><F33/><W135/><G135/><T9/><D114/><U133/><E133/><V35/><F35/><W25/><G66/><T16/><D89/><U68/><E94/><V50/><F37/><W64/><G41/><T2/><D81/><U79/><E87/><V22/><F101/><W62/><G76/><T125/><D80/><U47/><E79/><V83/><F22/><W78/><G78/><T56/><D125/><U117/><E117/><V71/><F71/><W113/><G113/><T14/><D2/><U5/><E47/><N who="2" m="25983" /><F67/><W100/><G120/><T84/><D84/><U74/><E74/><V107/><F107/><W95/><G121/><T104/><REACH who="0" step="1"/><D103/><REACH who="0" ten="244,199,291,256" step="2"/><U115/><E115/><V19/><F0/><W82/><G82/><T4/><D4/><U46/><E46/><V38/><F38/><W36/><G36/><T34/><D34/><U40/><E40/><V51/><F19/><W85/><G110/><AGARI ba="0,1" hai="9,14,16,30,31,48,54,56,96,102,104,108,109,110" machi="110" ten="40,5200,0" yaku="1,1,14,1,54,1,53,0" doraHai="106" doraHaiUra="70" who="0" fromWho="3" sc="244,62,199,0,291,0,256,-52" owari="306,40.6,199,-30.1,291,9.1,204,-19.6" /></mjloggm>