<mjloggm ver="2.3"><GO type="225" lobby="0"/><UN n0="%E3%81%9F%E3%81%93%E2%98%86%E7%84%BC%E3%81%8D" n1="%E8%90%BD%E6%97%A5" n2="%E3%81%8A%E3%81%8B%E3%81%8F%E3%82%89" n3="%E3%82%AF%E3%82%A3%E3%82%A6" dan="16,19,17,16" rate="2071.11,2237.30,2105.28,2130.46" sx="M,F,M,M"/><TAIKYOKU oya="0"/><INIT seed="0,0,0,0,3,37" ten="250,250,250,250" oya="0" hai0="107,115,68,51,81,14,26,109,101,50,119,82,132" hai1="88,2,93,35,42,15,45,53,120,87,95,64,104" hai2="43,24,129,123,86,128,92,80,60,94,70,28,83" hai3="124,78,9,63,3,47,56,73,97,85,130,52,111"/><T18/><D115/><U55/><E2/><V10/><F123/><W72/><G111/><T71/><D119/><U38/><E104/><V1/><F1/><W40/><G124/><T16/><D107/><U23/><E35/><V133/><F10/><W105/><G130/><N who="2" m="50281" /><F133/><W89/><G78/><T11/><D101/><U69/><E120/><V44/><F60/><W99/><G105/><T29/><D132/><U122/><E122/><V0/><F70/><W116/><G116/><T113/><D113/><U25/><E15/><V134/><F0/><W76/><G76/><T110/><D18/><U100/><E64/><V102/><F102/><W98/><G9/><T127/><D127/><U61/><E61/><V66/><F66/><W30/><G30/><T20/><D71/><U62/><E62/><V6/><F6/><W27/><G27/><T114/><D68/><U12/><E12/><V36/><F80/><N who="0" m="30826" /><D114/><U74/><E69/><V96/><F96/><W118/><G3/><T79/><D79/><U112/><E112/><V5/><F5/><W54/><G118/><T34/><D34/><U121/><E121/><V41/><F134/><W33/><G33/><T57/><D57/><U91/><E100/><V135/><F135/><W117/><G117/><T39/><D39/><U126/><E126/><V65/><F36/><N who="3" m="21895" /><G72/><T90/><D90/><U46/><E74/><V49/><F24/><W75/><G75/><T125/><D125/><U17/><E46/><V131/><F44/><W4/><G73/><T67/><D67/><U59/><E59/><V31/><F131/><W8/><G89/><RYUUKYOKU ba="0,0" sc="250,15,250,15,250,-15,250,-15" hai0="11,14,16,20,26,29,50,51,109,110" hai1="17,23,25,38,42,45,53,55,87,88,91,93,95" /><INIT seed="0,1,0,3,4,30" ten="265,265,235,235" oya="0" hai0="59,66,96,36,55,23,40,0,118,16,87,79,47" hai1="32,95,108,28,102,84,27,8,97,112,93,106,109" hai2="131,82,88,50,86,115,129,33,4,71,68,38,117" hai3="19,94,49,44,128,135,111,22,9,51,15,64,110"/><T69/><D0/><U126/><E126/><V58/><F38/><W45/><G128/><N who="2" m="49225" /><F115/><W100/><G135/><T83/><D96/><U127/><E127/><V113/><F113/><W75/><G75/><T41/><D41/><U73/><E73/><V56/><F4/><W134/><G134/><T125/><D118/><U80/><E8/><V17/><F117/><W3/><G64/><T11/><D11/><U12/><E12/><V104/><F104/><W62/><G62/><T133/><D133/><U124/><E124/><V1/><F1/><W54/><G100/><T105/><D105/><U89/><REACH who="1" step="1"/><E112/><REACH who="1" ten="265,255,235,235" step="2"/><V7/><F7/><W77/><G3/><T132/><D125/><U31/><E31/><V10/><F10/><W43/><G9/><T90/><D132/><U60/><E60/><V121/><F17/><W34/><G111/><AGARI ba="1,1" hai="27,28,32,80,84,89,93,95,97,102,106,108,109,111" machi="111" ten="40,8000,1" yaku="1,1,14,1,52,1,53,1" doraHai="30" doraHaiUra="78" who="1" fromWho="3" sc="265,0,255,93,235,0,235,-83" /><INIT seed="1,0,0,2,4,47" ten="265,348,235,152" oya="1" hai0="79,72,94,8,1,88,106,59,9,4,45,112,11" hai1="22,65,110,32,133,53,93,54,103,66,75,99,91" hai2="40,63,41,100,74,97,70,48,124,102,120,61,68" hai3="0,116,10,46,60,31,55,64,2,130,109,118,95"/><U128/><E128/><V104/><F120/><W119/><G109/><T71/><D106/><U129/><E32/><V30/><F74/><W111/><G111/><T123/><D71/><U77/><E110/><V21/><F124/><W28/><G130/><T33/><D112/><U36/><E36/><V34/><F21/><W78/><G78/><T49/><D33/><U87/><E133/><V83/><F83/><W19/><G95/><T7/><D72/><U17/><E77/><V86/><F86/><W44/><G19/><T52/><D79/><U73/><E73/><V101/><F97/><W115/><G115/><T20/><D20/><U39/><E39/><V38/><F38/><W126/><G126/><T122/><D1/><U35/><E35/><V50/><F30/><W89/><G89/><T82/><D82/><U132/><E75/><V117/><F34/><W58/><G10/><T90/><D90/><U57/><E54/><V43/><F117/><W25/><G31/><T3/><D3/><U62/><E132/><V37/><F37/><W6/><G6/><T80/><D80/><N who="1" m="49639" /><E129/><V14/><F14/><AGARI ba="0,0" hai="14,17,22,53,57,62,65,66,93,99,103" m="49639" machi="14" ten="30,1500,0" yaku="8,1" doraHai="47" who="1" fromWho="2" sc="265,0,348,15,235,-15,152,0" /><INIT seed="1,1,0,1,3,20" ten="265,363,220,152" oya="1" hai0="84,17,124,67,21,55,23,90,19,118,108,81,131" hai1="41,79,37,100,113,109,89,86,15,93,73,97,78" hai2="120,40,119,47,102,5,18,121,22,91,64,43,103" hai3="133,44,127,66,45,25,65,76,6,53,36,85,135"/><U14/><E113/><V32/><F32/><W95/><G127/><T101/><D108/><U24/><E109/><V11/><F64/><N who="3" m="24683" /><G6/><T52/><D124/><U129/><E129/><V2/><F40/><N who="3" m="22535" /><G76/><T72/><D131/><U134/><E134/><N who="3" m="51210" /><G85/><T71/><D118/><U1/><E1/><V54/><F119/><W105/><G95/><T99/><D72/><U112/><E112/><V4/><F4/><W56/><G105/><T122/><D122/><U106/><E78/><V35/><F35/><W39/><G45/><T132/><D21/><U98/><E98/><V38/><F91/><W123/><G123/><T128/><D128/><U27/><E15/><V59/><F121/><W58/><G39/><T50/><D19/><U77/><E14/><V107/><F107/><W110/><G110/><T26/><D101/><U83/><E79/><V126/><F126/><W104/><G104/><T130/><D99/><U69/><E69/><V68/><F68/><W34/><G53/><T33/><D33/><U75/><E73/><V115/><F120/><W92/><G92/><T46/><D130/><U51/><E37/><V96/><F96/><W82/><G82/><T3/><D3/><U117/><E117/><V88/><F88/><W70/><G70/><T0/><D0/><U114/><E114/><V125/><F115/><W12/><G12/><T30/><D132/><U62/><E75/><V94/><F94/><W29/><AGARI ba="1,0" hai="25,29,34,56,58" m="51210,22535,24683" machi="29" ten="30,2000,0" yaku="20,1,52,1" doraHai="20" who="3" fromWho="3" sc="265,-6,363,-11,220,-6,152,23" /><INIT seed="2,0,0,5,0,45" ten="259,352,214,175" oya="2" hai0="24,67,130,26,9,49,12,113,32,119,123,64,114" hai1="106,33,51,16,120,94,5,92,121,56,66,65,78" hai2="11,55,95,85,104,91,129,70,36,107,75,122,52" hai3="57,88,77,6,84,60,17,133,62,74,93,39,7"/><V98/><F122/><N who="1" m="47209" /><E106/><V13/><F129/><W101/><G133/><T71/><D130/><U83/><E33/><V79/><F36/><W63/><G39/><T8/><D71/><U118/><E5/><N who="3" m="1546" /><G74/><T46/><D123/><U111/><E111/><V127/><F70/><W29/><G29/><T38/><D38/><U105/><E105/><V124/><F75/><W47/><G77/><T68/><D68/><U41/><E118/><V81/><F107/><W125/><G125/><T1/><D32/><U2/><E2/><V76/><F104/><W86/><G101/><T27/><D1/><U97/><E16/><N who="2" m="8255" /><F76/><W134/><G134/><T61/><D119/><U131/><E131/><V73/><F73/><W14/><G47/><T110/><D110/><U43/><E43/><V109/><F109/><W112/><G112/><T15/><D114/><U21/><E21/><V103/><F127/><W28/><G28/><T19/><D61/><N who="1" m="38055" /><E66/><V40/><F124/><W102/><G102/><T10/><D113/><U54/><E41/><V128/><F128/><W34/><G34/><T20/><REACH who="0" step="1"/><D12/><REACH who="0" ten="249,352,214,175" step="2"/><U22/><E97/><N who="2" m="59839" /><F40/><AGARI ba="0,1" hai="8,9,10,15,19,20,24,26,27,40,46,49,64,67" machi="40" ten="40,5200,0" yaku="1,1,8,1,52,1,53,0" doraHai="45" doraHaiUra="59" who="0" fromWho="2" sc="249,62,352,0,214,-52,175,0" /><INIT seed="3,0,0,3,3,103" ten="311,352,162,175" oya="3" hai0="82,95,75,33,57,41,30,53,77,1,113,36,17" hai1="38,134,126,131,67,115,50,9,71,107,12,62,81" hai2="89,34,101,21,86,78,110,129,72,35,120,90,44" hai3="40,3,25,91,60,45,99,88,15,31,11,18,84"/><W8/><G60/><T63/><D113/><U59/><E115/><V108/><F101/><W106/><G84/><T124/><D124/><U87/><E107/><V132/><F72/><W122/><G122/><T125/><D125/><U109/><E126/><V112/><F112/><W0/><G8/><T54/><D1/><U102/><E102/><V13/><F78/><W27/><G106/><T68/><D68/><U10/><E38/><V65/><F65/><W116/><G116/><T20/><D30/><U76/><E109/><N who="2" m="42091" /><F44/><W94/><G91/><N who="2" m="34825" /><F86/><W37/><REACH who="3" step="1"/><G27/><REACH who="3" ten="311,352,162,165" step="2"/><T133/><D63/><U83/><E10/><V4/><F120/><W79/><G79/><T66/><D77/><U28/><E62/><V29/><F129/><W105/><G105/><T114/><D114/><U128/><E128/><V118/><F118/><W48/><G48/><T61/><D61/><U56/><E50/><V2/><F2/><W69/><G69/><T32/><D36/><U47/><E131/><V96/><F96/><W85/><G85/><T26/><D26/><U111/><E111/><V5/><F132/><W92/><G92/><T43/><D95/><U104/><E134/><V123/><F123/><W58/><G58/><T46/><D57/><U19/><E104/><V52/><F13/><W97/><G97/><T14/><D14/><U98/><E9/><V49/><F4/><W24/><G24/><T130/><D133/><U16/><E59/><N who="2" m="33167" /><F5/><W39/><G39/><T55/><D130/><U119/><E56/><V80/><F80/><W70/><G70/><T64/><D82/><N who="1" m="47559" /><E71/><V6/><F6/><RYUUKYOKU ba="0,1" sc="311,-15,352,-15,162,15,165,15" hai2="21,29,34,35" hai3="0,3,11,15,18,25,31,37,40,45,88,94,99" /><INIT seed="3,1,1,3,0,107" ten="296,337,177,180" oya="3" hai0="62,54,60,20,117,30,35,74,67,18,89,96,51" hai1="66,125,103,84,119,11,94,128,31,108,115,41,133" hai2="2,126,70,80,13,113,95,88,39,6,114,59,56" hai3="3,101,34,100,104,76,4,81,45,92,14,91,37"/><W83/><G34/><T25/><D117/><U58/><E115/><V52/><F70/><W106/><G3/><T61/><D74/><U1/><E108/><V22/><F39/><W111/><G37/><T28/><D96/><U68/><E68/><V135/><F2/><W19/><G4/><T23/><D89/><U27/><E41/><V93/><F80/><N who="3" m="30795" /><G45/><T72/><D72/><U21/><E125/><V49/><F126/><W90/><G19/><T87/><D87/><U42/><E42/><V99/><F135/><W40/><G40/><T112/><D112/><U32/><E32/><V44/><F113/><W116/><G14/><T71/><D23/><U65/><E133/><V75/><F75/><W7/><G7/><T86/><D86/><U16/><E128/><V134/><F134/><W5/><G5/><T9/><D9/><U26/><E119/><V33/><F33/><W123/><G116/><T50/><D50/><U38/><E38/><V105/><F105/><N who="3" m="40555" /><G111/><T122/><D30/><U55/><E27/><V12/><F114/><W63/><G63/><T46/><D62/><N who="1" m="36191" /><E1/><V98/><F6/><W15/><G15/><N who="2" m="5705" /><F22/><W0/><G0/><T79/><D61/><U17/><E11/><V29/><F29/><W77/><G123/><T78/><D122/><U36/><E36/><V120/><F120/><W130/><G130/><T53/><D54/><U118/><E118/><V102/><AGARI ba="1,1" hai="44,49,52,56,59,88,93,95,98,99,102" m="5705" machi="102" ten="30,4000,0" yaku="8,1,54,2" doraHai="107" who="2" fromWho="2" sc="296,-11,337,-11,177,53,180,-21" owari="285,8.5,326,42.6,230,-17.0,159,-34.1" /></mjloggm>