<mjloggm ver="2.3"><GO type="225" lobby="0"/><UN n0="%72%69%6F%75%63%68%61%6E" n1="%E9%B3%B3%E6%9D%B1%E3%81%AE%E3%81%BF%E3%81%91%E3%81%AB%E3%82%83%E3%82%93" n2="%E3%81%BF%E3%81%BF%E3%81%9A" n3="%6D%75%75%6D%75%72%61" dan="16,16,16,16" rate="2161.06,2090.76,2140.36,2078.50" sx="M,F,M,F"/><TAIKYOKU oya="0"/><INIT seed="0,0,0,2,0,35" ten="250,250,250,250" oya="0" hai0="53,31,89,27,45,79,68,103,71,96,58,77,135" hai1="14,78,22,134,56,131,19,66,18,50,32,11,75" hai2="29,105,52,118,49,97,111,28,108,38,62,8,44" hai3="43,0,132,30,85,73,15,63,5,21,124,86,6"/><T1/><D135/><U55/><E134/><V76/><F76/><W48/><G132/><T133/><D133/><U107/><E131/><V9/><F118/><W20/><G73/><T90/><D1/><U60/><E32/><V80/><F80/><W101/><G124/><T3/><D3/><U23/><E107/><V34/><F38/><W88/><G86/><T113/><D113/><U110/><E110/><N who="2" m="42027" /><F34/><W12/><G101/><T39/><D68/><U33/><E33/><V127/><F127/><W129/><G63/><T91/><D71/><U83/><REACH who="1" step="1"/><E19/><REACH who="1" ten="250,240,250,250" step="2"/><V37/><F29/><W61/><G129/><T26/><D31/><U46/><AGARI ba="0,1" hai="11,14,18,22,23,46,50,55,56,60,66,75,78,83" machi="46" ten="20,5200,0" yaku="1,1,2,1,0,1,7,1,53,0" doraHai="35" doraHaiUra="70" who="1" fromWho="1" sc="250,-26,240,62,250,-13,250,-13" /><INIT seed="1,0,0,0,1,80" ten="224,302,237,237" oya="1" hai0="104,44,42,94,79,9,110,77,126,34,7,33,69" hai1="70,123,62,82,96,117,72,25,46,88,36,134,92" hai2="4,27,106,28,30,111,21,130,105,48,51,115,102" hai3="124,17,6,129,13,38,12,64,120,50,19,37,8"/><U40/><E117/><V84/><F111/><W74/><G120/><T32/><D104/><U35/><E123/><V71/><F71/><W52/><G74/><T20/><D110/><U133/><E35/><V53/><F130/><W11/><G129/><T81/><D126/><U85/><E25/><V109/><F109/><W121/><G121/><T122/><D122/><U132/><E72/><V89/><F115/><W76/><G124/><T0/><D69/><U78/><E70/><V15/><F30/><W90/><G76/><T55/><D55/><U75/><E75/><V127/><F127/><W114/><G64/><T113/><D113/><U91/><REACH who="1" step="1"/><E62/><REACH who="1" ten="224,292,237,237" step="2"/><V22/><F27/><W86/><G114/><T119/><D119/><U26/><E26/><V93/><F28/><W125/><G125/><T16/><D81/><U112/><E112/><V47/><F106/><W1/><G1/><T18/><D94/><U65/><E65/><V61/><F61/><W131/><G131/><T45/><D32/><U57/><E57/><V59/><F105/><W24/><G24/><T43/><D33/><U98/><E98/><V56/><F56/><W97/><G97/><T3/><D34/><U100/><AGARI ba="0,1" hai="36,40,46,78,82,85,88,91,92,96,100,132,133,134" machi="100" ten="30,12000,1" yaku="1,1,0,1,20,1,52,1,54,1,53,0" doraHai="80" doraHaiUra="60" who="1" fromWho="1" sc="224,-40,292,130,237,-40,237,-40" /><INIT seed="1,1,0,3,1,123" ten="184,422,197,197" oya="1" hai0="63,91,126,3,1,65,7,34,32,99,87,74,10" hai1="71,116,23,68,52,77,102,22,15,66,2,61,106" hai2="53,45,49,76,134,114,38,27,129,85,42,131,124" hai3="109,6,19,25,90,119,69,115,120,57,128,9,8"/><U94/><E2/><V24/><F124/><W56/><G115/><T40/><D126/><U14/><E106/><V55/><F114/><W127/><G127/><T125/><D125/><U81/><E68/><V79/><F134/><W0/><G120/><T105/><D74/><U107/><E107/><V43/><F85/><W47/><G69/><T70/><D1/><U92/><E116/><V101/><F101/><W98/><G128/><N who="2" m="49225" /><F55/><W51/><G119/><T4/><D7/><U130/><E15/><V104/><F104/><W37/><G37/><T54/><D40/><N who="2" m="15402" /><F38/><W121/><G121/><T133/><D133/><U97/><E14/><V33/><F33/><W31/><G47/><T21/><D21/><U117/><E92/><V96/><F96/><W20/><G51/><T36/><D36/><U80/><E80/><V82/><F82/><W108/><G98/><T48/><D99/><U84/><E117/><V41/><N who="2" m="15410" /><V78/><AGARI ba="1,0" hai="24,27,45,49,53,76,78,79" m="15410,49225" machi="78" ten="40,2700,0" yaku="4,1,19,1" doraHai="123" who="2" fromWho="2" sc="184,-8,422,-14,197,30,197,-8" /><INIT seed="2,0,0,2,5,54" ten="176,408,227,189" oya="2" hai0="90,56,98,129,85,15,27,105,1,26,116,62,60" hai1="88,86,76,50,80,128,38,20,46,14,113,58,89" hai2="37,10,63,127,100,96,48,47,4,59,124,131,67" hai3="8,3,44,24,17,22,19,79,34,9,45,103,25"/><V28/><F131/><W104/><G79/><T73/><D73/><U134/><E113/><V66/><F28/><W91/><G3/><T117/><D1/><U122/><E134/><V6/><F37/><W57/><G91/><T84/><D129/><U78/><E38/><V133/><F133/><W69/><G69/><T110/><D110/><U39/><E39/><V87/><F87/><N who="0" m="33354" /><D15/><U65/><E89/><V72/><F72/><W125/><G125/><N who="2" m="48201" /><F10/><W23/><G34/><T118/><D60/><N who="1" m="38039" /><E128/><V29/><F29/><W123/><G104/><T30/><D30/><U130/><E122/><V94/><F66/><W52/><G103/><N who="0" m="62711" /><D90/><U13/><E130/><V36/><F36/><W107/><G107/><T2/><D2/><U97/><E97/><V43/><AGARI ba="0,0" hai="4,6,43,47,48,59,63,67,94,96,100" m="48201" machi="43" ten="30,3000,0" yaku="18,1,52,1" doraHai="54" who="2" fromWho="2" sc="176,-10,408,-10,227,30,189,-10" /><INIT seed="2,1,0,5,0,21" ten="166,398,257,179" oya="2" hai0="0,47,81,90,83,127,76,111,119,48,124,93,71" hai1="64,32,105,77,37,16,94,86,74,132,15,17,104" hai2="40,36,56,125,109,27,61,42,89,6,63,108,39" hai3="24,100,116,88,18,92,69,54,62,33,1,84,117"/><V99/><F6/><W8/><G100/><T70/><D0/><U4/><E37/><N who="2" m="14411" /><F99/><W26/><G1/><T12/><D111/><N who="2" m="42570" /><F89/><W2/><G2/><T103/><D119/><U23/><E32/><V10/><F10/><W135/><G135/><T78/><D103/><U128/><E74/><V43/><F125/><N who="0" m="48202" /><D12/><U53/><E4/><V13/><F13/><W45/><G8/><T98/><D81/><U34/><E34/><V75/><F75/><W46/><G116/><T5/><D5/><U60/><E104/><V68/><F68/><N who="0" m="26154" /><D83/><U123/><E105/><V31/><F56/><W52/><G117/><T129/><D129/><U97/><E15/><V113/><F113/><W3/><G3/><T35/><D35/><AGARI ba="1,0" hai="27,31,35,40,42,43,61,63" m="42570,14411" machi="35" ten="40,7700,0" yaku="14,1,10,1,52,1" doraHai="21" who="2" fromWho="0" sc="166,-80,398,0,257,80,179,0" /><INIT seed="2,2,0,2,1,117" ten="86,398,337,179" oya="2" hai0="39,41,127,15,36,14,79,35,20,16,76,122,33" hai1="123,86,61,64,110,40,18,75,74,134,9,78,54" hai2="53,27,38,102,24,69,2,66,120,112,101,43,100" hai3="8,62,30,129,37,94,98,55,105,22,32,70,71"/><V77/><F112/><W50/><G37/><N who="0" m="14411" /><D41/><U118/><E123/><V97/><F2/><W1/><G32/><N who="0" m="12363" /><D20/><U92/><E110/><V84/><F97/><W99/><G30/><T89/><D89/><U111/><E134/><V109/><F120/><W56/><G22/><T10/><D10/><U57/><E118/><V93/><F109/><W133/><G133/><T124/><D122/><U128/><E128/><V113/><F113/><W49/><G129/><T108/><D108/><U65/><E75/><V63/><F53/><W96/><G94/><T106/><D106/><U42/><E74/><V21/><F77/><N who="0" m="29770" /><D16/><U12/><E111/><V60/><F60/><W85/><G105/><T125/><AGARI ba="2,0" hai="14,15,124,125,127" m="29770,12363,14411" machi="125" ten="40,5200,0" yaku="28,2,18,1" doraHai="117" who="0" fromWho="0" sc="86,58,398,-15,337,-28,179,-15" /><INIT seed="3,0,0,1,4,93" ten="144,383,309,164" oya="3" hai0="77,57,130,71,103,37,8,123,69,115,94,4,86" hai1="112,100,7,67,39,65,68,55,51,121,63,16,5" hai2="3,38,72,45,17,85,49,127,73,74,52,18,44" hai3="99,104,46,102,125,106,50,84,20,122,89,105,119"/><W110/><G119/><T33/><D123/><U78/><E39/><V117/><F117/><W107/><G122/><T81/><D33/><U132/><E112/><V64/><F3/><W134/><G134/><T82/><D37/><U66/><E132/><V35/><F35/><W41/><G125/><T76/><D115/><U36/><E36/><V108/><F127/><W47/><G110/><T120/><D120/><U131/><E131/><V10/><F108/><W59/><G20/><T27/><D130/><U114/><E78/><V87/><F64/><W113/><G113/><T11/><D27/><U61/><E68/><V92/><F10/><W129/><G129/><T40/><D40/><U116/><E116/><V118/><F118/><W96/><N who="3" m="26624" /><DORA hai="58" /><W88/><G102/><T34/><D34/><U30/><E30/><V83/><F92/><W90/><G84/><N who="0" m="48167" /><D69/><U60/><E121/><V9/><F87/><W0/><G0/><T12/><D71/><U25/><E100/><V56/><F9/><W109/><G109/><T23/><D57/><N who="1" m="33023" /><E114/><V28/><F28/><W126/><G126/><T19/><D4/><U29/><E29/><V111/><F111/><W43/><REACH who="3" step="1"/><G59/><REACH who="3" ten="144,383,309,154" step="2"/><T128/><D128/><U13/><E25/><V32/><F32/><W2/><G2/><T133/><D133/><U135/><E135/><V62/><F85/><W53/><G53/><T79/><D79/><U54/><E54/><V15/><F73/><W26/><G26/><T75/><D75/><U48/><E67/><N who="2" m="39367" /><F74/><W95/><G95/><T91/><D77/><U6/><E66/><V70/><F72/><RYUUKYOKU ba="0,1" sc="144,15,383,-15,309,-15,154,15" hai0="8,11,12,19,23,82,86,91,94,103" hai3="41,43,46,47,50,88,89,90,96,99" /><INIT seed="3,1,1,2,1,101" ten="159,368,294,169" oya="3" hai0="74,63,28,119,107,0,102,55,106,17,42,73,30" hai1="27,96,108,48,4,51,59,34,122,13,123,86,14" hai2="103,66,75,24,11,8,110,41,65,50,1,37,19" hai3="98,88,125,53,36,68,105,130,127,7,64,33,109"/><W22/><G33/><T77/><D119/><U94/><E108/><V67/><F75/><W26/><G109/><T2/><D42/><U12/><E4/><V91/><F110/><W52/><G36/><T120/><D120/><U90/><E34/><V47/><F1/><N who="0" m="618" /><D102/><U132/><E132/><V117/><F117/><W29/><G7/><T124/><D77/><U3/><E3/><V135/><F135/><W10/><G10/><T45/><D45/><U80/><E27/><V133/><F133/><W69/><G130/><T61/><D55/><N who="3" m="21065" /><G64/><T82/><D82/><U92/><E122/><V72/><F72/><N who="0" m="27754" /><D17/><U113/><E113/><V9/><F37/><W116/><G116/><T121/><D121/><U83/><E123/><V70/><F70/><W84/><G98/><T49/><D49/><N who="1" m="19019" /><E59/><V20/><F103/><AGARI ba="1,1" hai="12,13,14,80,83,86,90,92,94,96,103" m="19019" machi="103" ten="30,1000,0" yaku="8,1" doraHai="101" who="1" fromWho="2" sc="159,0,368,23,294,-13,169,0" owari="159,-34.1,391,49.1,281,8.1,169,-23.1" /></mjloggm>