<mjloggm ver="2.3"><GO type="225" lobby="0"/><UN n0="%E3%81%95%E3%81%8D%E3%81%9F%E3%81%BE%E6%9E%97%E6%AA%8E" n1="%E3%81%82%E3%82%93%E3%81%AA%E3%81%A4" n2="%72%69%6F%75%63%68%61%6E" n3="%45%6C%79%73%69%75%6D" dan="16,16,17,18" rate="2133.17,2111.66,2227.47,2152.70" sx="M,M,M,F"/><TAIKYOKU oya="0"/><INIT seed="0,0,0,5,3,93" ten="250,250,250,250" oya="0" hai0="89,33,34,25,107,97,12,17,43,134,87,127,11" hai1="13,62,26,85,40,119,39,47,22,80,8,6,110" hai2="120,23,65,10,83,129,72,67,102,135,42,21,125" hai3="28,75,44,118,60,113,68,61,63,94,128,122,79"/><T57/><D127/><U106/><E110/><V77/><F129/><W19/><G118/><T32/><D134/><U41/><E119/><V115/><F115/><W88/><G113/><T131/><D131/><U90/><E41/><V4/><F120/><W27/><G128/><T96/><D107/><U109/><E109/><V58/><F125/><W105/><G105/><T55/><D43/><U64/><E106/><V95/><F135/><W53/><G122/><T20/><D89/><U29/><E62/><V101/><F42/><W45/><G19/><T16/><REACH who="0" step="1"/><D87/><REACH who="0" ten="240,250,250,250" step="2"/><U48/><REACH who="1" step="1"/><E64/><REACH who="1" ten="240,240,250,250" step="2"/><V59/><F67/><W103/><G68/><T74/><D74/><U116/><E116/><V84/><F72/><W133/><G133/><T56/><D56/><U81/><E81/><V76/><F65/><W132/><G132/><T114/><D114/><U0/><E0/><V121/><F58/><W69/><G69/><T2/><D2/><U5/><E5/><V70/><F59/><W52/><G75/><T100/><D100/><U24/><E24/><V30/><F70/><W37/><G103/><T112/><D112/><U123/><E123/><V18/><F121/><W71/><G71/><T124/><D124/><U91/><E91/><N who="2" m="53735" /><F83/><W51/><G88/><T31/><D31/><U86/><E86/><V38/><F102/><W15/><G28/><T99/><D99/><U3/><E3/><N who="2" m="287" /><F101/><W111/><G27/><T126/><D126/><U108/><E108/><V130/><F130/><W54/><G111/><T7/><D7/><U66/><E66/><V92/><F30/><W117/><G117/><RYUUKYOKU ba="0,2" sc="240,15,240,15,250,-15,250,-15" hai0="11,12,16,17,20,25,32,33,34,55,57,96,97" hai1="6,8,13,22,26,29,39,40,47,48,80,85,90" /><INIT seed="0,1,2,4,1,109" ten="255,255,235,235" oya="0" hai0="69,28,83,118,3,99,126,84,36,87,9,97,94" hai1="54,135,121,66,45,40,130,24,63,25,89,100,5" hai2="43,64,111,112,114,52,7,0,48,34,133,18,38" hai3="90,56,88,55,67,82,42,11,50,16,41,72,125"/><T81/><D118/><U10/><E121/><V47/><F34/><W78/><G125/><T132/><D132/><U32/><E135/><V129/><F133/><W98/><G67/><T21/><D126/><U105/><E130/><V26/><F111/><W58/><G58/><T17/><D69/><U80/><E54/><V101/><F129/><W60/><G98/><T120/><D36/><U74/><E100/><V77/><F77/><W49/><G49/><T96/><D120/><U30/><E25/><V1/><F101/><W79/><G79/><N who="0" m="46143" /><D3/><U86/><E105/><V31/><F64/><W29/><G29/><T122/><D28/><U27/><E74/><V110/><F110/><W8/><G8/><T92/><D9/><U117/><E117/><V57/><F18/><W68/><G68/><T23/><D23/><U95/><E32/><V85/><F85/><W20/><G11/><T123/><D123/><U113/><E30/><V115/><REACH who="2" step="1"/><F7/><REACH who="2" ten="255,255,225,235" step="2"/><W103/><G103/><T59/><D122/><U22/><E86/><V13/><F13/><W6/><G6/><T108/><D108/><U62/><E5/><V70/><F70/><W44/><G41/><T134/><D134/><U14/><E40/><V12/><F12/><AGARI ba="1,3" hai="12,16,20,42,44,50,55,56,60,72,78,82,88,90" machi="12" ten="30,3900,0" yaku="7,1,54,2" doraHai="109" who="3" fromWho="2" sc="255,0,255,0,225,-42,235,72" /><INIT seed="1,0,0,0,0,8" ten="255,255,183,307" oya="1" hai0="66,127,82,129,30,128,31,87,38,11,35,83,32" hai1="79,20,70,110,115,73,69,116,48,96,134,27,71" hai2="63,61,112,99,15,36,102,118,97,24,103,104,100" hai3="106,50,130,10,108,65,120,123,22,94,77,91,34"/><U74/><E115/><V0/><F118/><W18/><G34/><T60/><D127/><U7/><E116/><V124/><F124/><W45/><G106/><T43/><D38/><U19/><E134/><V12/><F112/><W26/><G108/><T16/><D43/><U109/><E7/><V68/><F36/><W44/><G130/><N who="0" m="50283" /><D31/><U53/><E96/><N who="2" m="36939" /><F0/><W58/><G77/><T81/><D87/><U2/><E2/><V101/><N who="2" m="25600" /><DORA hai="9" /><V41/><F104/><W6/><G91/><T23/><D11/><U114/><E114/><V67/><F68/><W47/><G94/><T122/><D30/><U52/><E79/><V25/><F41/><W92/><G92/><T107/><D107/><U56/><REACH who="1" step="1"/><E53/><REACH who="1" ten="255,245,183,307" step="2"/><V93/><F93/><W33/><G6/><T89/><D122/><U59/><E59/><N who="2" m="37311" /><F63/><W54/><G120/><T135/><D135/><U28/><E28/><V62/><F62/><W49/><G123/><T133/><D133/><U75/><AGARI ba="0,1" hai="19,20,27,48,52,56,69,70,71,73,74,75,109,110" machi="75" ten="50,9600,0" yaku="1,1,0,1,54,1,53,0" doraHai="8,9" doraHaiUra="126,113" who="1" fromWho="1" sc="255,-32,245,106,183,-32,307,-32" /><INIT seed="1,1,0,2,3,126" ten="223,351,151,275" oya="1" hai0="75,48,63,50,18,37,124,111,0,14,46,49,108" hai1="5,86,12,69,30,104,74,27,70,64,31,77,17" hai2="121,80,35,127,89,123,132,59,58,8,130,98,11" hai3="128,94,45,119,78,83,129,109,73,26,135,7,113"/><U52/><E104/><V20/><F35/><W9/><G113/><T93/><D124/><U114/><E114/><V92/><F132/><W131/><G135/><T55/><D0/><U125/><E74/><V54/><F127/><W21/><G109/><N who="0" m="42059" /><D75/><U84/><E5/><V22/><F130/><W25/><G119/><T60/><D93/><U65/><E12/><V24/><F58/><W3/><G21/><N who="0" m="11479" /><D55/><U100/><E52/><V134/><F134/><W91/><G45/><T96/><D96/><AGARI ba="1,0" hai="3,7,9,25,26,73,78,83,91,94,96,128,129,131" machi="96" ten="40,8000,1" yaku="19,1,52,3" doraHai="126" who="3" fromWho="0" sc="223,-83,351,0,151,0,275,83" /><INIT seed="2,0,0,2,3,76" ten="140,351,151,358" oya="2" hai0="98,17,57,104,109,12,62,92,81,21,43,39,108" hai1="70,33,99,16,14,77,115,23,56,87,126,97,82" hai2="26,20,69,35,84,31,124,38,28,78,129,41,117" hai3="79,32,59,119,40,103,91,127,50,10,80,90,65"/><V9/><F117/><W112/><G32/><T25/><D104/><U48/><E70/><V1/><F69/><W85/><G119/><T5/><D39/><U94/><E115/><V95/><F124/><W3/><G112/><T58/><D43/><U135/><E126/><V120/><F120/><W66/><G103/><T121/><D121/><U88/><E33/><V0/><F129/><W30/><G30/><T93/><D93/><U63/><E135/><V44/><F9/><W122/><G122/><T113/><D113/><U132/><E132/><V47/><F47/><W71/><G71/><T102/><D81/><U130/><E130/><V53/><F53/><W7/><G127/><T114/><D114/><U15/><E48/><V45/><F45/><W83/><G91/><T11/><REACH who="0" step="1"/><D57/><REACH who="0" ten="130,351,151,358" step="2"/><U19/><E94/><V133/><F133/><W37/><G37/><T64/><AGARI ba="0,1" hai="5,11,12,17,21,25,58,62,64,92,98,102,108,109" machi="64" ten="30,4000,0" yaku="1,1,2,1,0,1,53,0" doraHai="76" doraHaiUra="74" who="0" fromWho="0" sc="130,50,351,-10,151,-20,358,-10" /><INIT seed="3,0,0,5,0,48" ten="180,341,131,348" oya="3" hai0="80,38,88,39,41,133,46,43,34,51,28,78,107" hai1="25,67,117,55,93,70,71,14,121,2,125,1,124" hai2="91,37,65,98,3,4,96,64,135,49,57,60,9" hai3="56,109,95,122,81,90,17,115,53,118,45,62,110"/><W130/><G118/><T66/><D133/><U58/><E121/><V108/><F108/><N who="3" m="41579" /><G122/><T103/><D66/><U92/><E117/><V127/><F135/><W23/><G115/><T52/><D107/><U24/><E14/><V59/><F127/><N who="1" m="48713" /><E93/><V97/><F37/><W21/><G130/><T75/><D103/><U20/><E92/><V114/><F114/><W44/><G81/><T5/><D5/><U26/><E20/><N who="3" m="7754" /><G17/><T73/><D73/><U22/><E22/><V31/><F31/><W54/><G54/><T132/><D28/><U101/><E101/><V87/><F49/><W86/><AGARI ba="0,0" hai="44,45,53,56,62,86,90,95" m="7754,41579" machi="86" ten="30,6000,0" yaku="14,1,10,1,52,1" doraHai="48" who="3" fromWho="3" sc="180,-20,341,-20,131,-20,348,60" owari="160,-24.0,321,12.1,111,-38.9,408,50.8" /></mjloggm>