<mjloggm ver="2.3"><GO type="225" lobby="0"/><UN n0="%E3%81%86%E3%83%BC%E3%81%B1%E3%83%BC" n1="%E3%82%B2%E3%82%B9%E8%8C%82%E5%8B%9D" n2="%72%69%6F%75%63%68%61%6E" n3="%E3%81%AF%E3%82%88%E3%81%8A%E3%81%98%E3%81%95%E3%82%93" dan="16,16,17,17" rate="2145.74,2047.59,2144.99,2143.37" sx="F,F,M,M"/><TAIKYOKU oya="0"/><INIT seed="0,0,0,2,1,80" ten="250,250,250,250" oya="0" hai0="81,68,123,45,42,14,110,5,35,64,126,59,63" hai1="10,1,2,124,37,9,53,15,56,109,100,65,76" hai2="134,48,25,20,7,78,88,99,127,118,23,47,30" hai3="113,28,34,44,32,83,105,104,120,17,107,96,0"/><T95/><D123/><U26/><E37/><V21/><F127/><W85/><G113/><T129/><D35/><U51/><E124/><V102/><F134/><W29/><G0/><T115/><D126/><U62/><E109/><V133/><F133/><W27/><G120/><T3/><D115/><U19/><E100/><V61/><F118/><W22/><G96/><T60/><D129/><U40/><E40/><V24/><F78/><W108/><G108/><T89/><D3/><U39/><E39/><V57/><F7/><W46/><G32/><T106/><D81/><U111/><E111/><V130/><F130/><W114/><G114/><T117/><D106/><U16/><E76/><V43/><F88/><W79/><REACH who="3" step="1"/><G28/><REACH who="3" ten="250,250,250,240" step="2"/><T131/><D110/><U13/><REACH who="1" step="1"/><E26/><AGARI ba="0,1" hai="17,22,26,27,29,34,44,46,79,83,85,104,105,107" machi="26" ten="40,8000,1" yaku="1,1,2,1,52,1,53,1" doraHai="80" doraHaiUra="82" who="3" fromWho="1" sc="250,0,250,-80,250,0,240,90" /><INIT seed="1,0,0,4,3,47" ten="250,170,250,330" oya="1" hai0="135,31,37,33,113,97,89,11,77,78,3,5,28" hai1="21,122,46,0,101,1,117,26,73,6,104,55,56" hai2="4,54,13,34,24,18,48,102,121,19,123,35,39" hai3="134,71,100,15,124,83,95,132,106,43,63,107,85"/><U49/><E73/><V7/><F39/><W32/><G32/><N who="2" m="12329" /><F102/><W91/><G43/><T80/><D113/><U67/><E117/><V129/><F54/><W88/><G124/><T53/><D135/><N who="3" m="51753" /><G100/><T66/><D37/><U79/><E122/><N who="2" m="46603" /><F48/><W57/><G15/><T84/><D66/><U130/><E130/><V128/><F24/><W22/><G22/><T111/><D111/><U2/><E79/><V44/><F44/><W96/><G71/><T112/><D112/><U90/><E90/><V16/><F13/><W36/><G36/><T40/><D40/><U68/><E68/><V17/><F18/><W93/><G93/><T70/><D70/><U14/><E101/><V29/><F29/><W12/><G12/><T23/><D33/><U42/><E104/><V87/><F87/><W38/><G38/><T9/><D31/><U120/><E120/><V10/><F10/><W99/><G96/><T115/><D9/><N who="1" m="4407" /><E67/><AGARI ba="0,0" hai="57,63,67,83,85,88,91,95,99,106,107" m="51753" machi="67" ten="30,2000,0" yaku="20,1,54,1" doraHai="47" who="3" fromWho="1" sc="250,0,170,-20,250,0,330,20" /><INIT seed="2,0,0,0,3,2" ten="250,150,250,350" oya="2" hai0="54,116,106,69,16,10,22,110,61,68,128,125,45" hai1="86,80,135,100,3,83,104,94,92,30,13,78,76" hai2="113,4,95,97,7,91,44,102,27,98,122,131,43" hai3="14,73,65,24,18,71,19,112,82,60,133,88,93"/><V32/><F113/><W56/><G112/><T63/><D106/><U105/><E3/><V40/><F122/><W77/><G133/><T96/><D110/><U23/><E30/><V115/><F115/><W5/><G24/><T6/><D128/><U33/><E33/><V130/><F40/><W101/><G101/><T35/><D35/><U120/><E13/><V119/><F119/><W52/><G5/><N who="2" m="2121" /><F32/><W127/><G127/><T39/><D96/><N who="1" m="59399" /><E23/><V49/><F27/><W62/><G14/><T89/><D125/><U121/><E135/><V41/><F41/><W81/><G82/><T17/><D116/><U129/><E129/><N who="2" m="49163" /><F97/><AGARI ba="0,0" hai="18,19,52,56,60,62,65,71,73,77,81,88,93,97" machi="97" ten="30,3900,0" yaku="7,1,54,2" doraHai="2" who="3" fromWho="2" sc="250,0,150,0,250,-39,350,39" /><INIT seed="3,0,0,4,3,86" ten="250,150,211,389" oya="3" hai0="63,102,126,26,21,125,17,106,47,75,57,119,98" hai1="104,49,99,122,109,2,76,118,84,42,34,43,29" hai2="79,133,135,114,56,8,129,113,121,91,16,51,83" hai3="36,103,89,53,88,123,66,39,101,105,81,27,14"/><W65/><G123/><T32/><D119/><U130/><E118/><V38/><F38/><W18/><G105/><T9/><D75/><U6/><E122/><V93/><F121/><W55/><G27/><T40/><D9/><U90/><E76/><V48/><F129/><W44/><G39/><T127/><D32/><U128/><E109/><V117/><F117/><W59/><G36/><N who="0" m="21895" /><D57/><U10/><E29/><V30/><F30/><W115/><G81/><T11/><D11/><U50/><E34/><V69/><F69/><W82/><G115/><N who="2" m="44041" /><F56/><W112/><G82/><T7/><D63/><U25/><E25/><V97/><F8/><W134/><G134/><N who="2" m="51209" /><F16/><W120/><G120/><T54/><BYE who="1" /><D7/><U23/><E23/><V111/><F111/><W35/><G35/><T110/><D110/><U58/><E58/><V62/><F62/><UN n1="%E3%82%B2%E3%82%B9%E8%8C%82%E5%8B%9D" /><W94/><G112/><T124/><D124/><U132/><E132/><V3/><F3/><W107/><G59/><T28/><D28/><U131/><E43/><V92/><F92/><W108/><G94/><T67/><D54/><U60/><E42/><V13/><F13/><W5/><G14/><T4/><D4/><U61/><E60/><V41/><F41/><W12/><G5/><T68/><D68/><U20/><E61/><V80/><F80/><W64/><G12/><T72/><D67/><U87/><E20/><V78/><F78/><W100/><G64/><T52/><D52/><U24/><E24/><V22/><F22/><W19/><G65/><T33/><D33/><U85/><E104/><V77/><F77/><W45/><G108/><RYUUKYOKU ba="0,0" sc="250,10,150,10,211,10,389,-30" hai0="17,21,26,72,98,102,106,125,126,127" hai1="2,6,10,49,50,84,85,87,90,99,128,130,131" hai2="48,51,79,83,91,93,97" owari="260,6.0,160,-34.0,221,-17.9,359,45.9" /></mjloggm>