<mjloggm ver="2.3"><GO type="225" lobby="0"/><UN n0="%E9%80%86%E9%80%A3%E5%B8%AF%E3%81%AE%E9%AC%BC" n1="%E6%B8%A9%E2%98%85%E6%83%85%E2%98%85%E6%8E%AA%E2%98%85%E7%BD%AE" n2="%E3%81%B5%E3%81%98%E3%81%8B%E3%81%A4" n3="%E6%9D%B1%E9%A2%A8%E3%81%AE%E3%81%8D%E3%82%83%E3%81%B7%E3%81%95%E3%82%93" dan="16,18,17,17" rate="2169.23,2220.71,2222.92,2201.38" sx="M,M,M,M"/><TAIKYOKU oya="0"/><INIT seed="0,0,0,4,3,28" ten="250,250,250,250" oya="0" hai0="121,115,96,43,133,84,53,91,89,68,122,112,24" hai1="132,17,54,13,134,58,120,49,93,3,52,18,65" hai2="73,97,35,75,135,60,66,130,38,41,20,94,129" hai3="71,114,23,81,82,33,108,8,128,107,5,72,123"/><T30/><D68/><U76/><E120/><V79/><F135/><N who="1" m="51753" /><E3/><V64/><F20/><W99/><G71/><T48/><D133/><U90/><E76/><V57/><F66/><W103/><G23/><T80/><D43/><U40/><E40/><V118/><F118/><W126/><G114/><T34/><D115/><U125/><E125/><V44/><F35/><W111/><G126/><T74/><D112/><U50/><E65/><V92/><F92/><W25/><G123/><T1/><D1/><U87/><E13/><V56/><F56/><AGARI ba="0,0" hai="17,18,49,50,52,54,56,58,87,90,93" m="51753" machi="56" ten="30,2000,0" yaku="20,1,54,1" doraHai="28" who="1" fromWho="2" sc="250,0,250,20,250,-20,250,0" /><INIT seed="1,0,0,4,0,127" ten="250,270,230,250" oya="1" hai0="114,16,84,29,64,85,90,46,2,15,32,120,131" hai1="1,61,104,78,106,20,40,80,23,8,6,21,53" hai2="108,75,59,19,44,118,117,10,41,74,70,68,28" hai3="36,77,113,37,91,45,102,9,5,14,82,18,3"/><U125/><E125/><V115/><F28/><W38/><G113/><T109/><D120/><U33/><E33/><V58/><F115/><W89/><G102/><T112/><D2/><U134/><E134/><V76/><F76/><W69/><G69/><N who="2" m="26729" /><F19/><W54/><G54/><T124/><D109/><U119/><E119/><N who="2" m="45579" /><F10/><W47/><G91/><T128/><D124/><U107/><E40/><V79/><F79/><W95/><G95/><T56/><D46/><U50/><E61/><V65/><F108/><W87/><REACH who="3" step="1"/><G77/><REACH who="3" ten="250,270,230,240" step="2"/><T94/><D114/><U62/><E78/><V97/><F97/><W13/><G13/><T99/><D112/><U129/><E1/><V25/><F25/><W73/><G73/><T22/><D99/><U48/><E106/><V126/><F75/><W132/><G132/><T60/><D85/><U130/><E104/><V39/><F74/><W100/><G100/><T0/><D0/><N who="1" m="71" /><E107/><V67/><F126/><W42/><G42/><T121/><D121/><U26/><E26/><V92/><F92/><W133/><G133/><T111/><D111/><U88/><E88/><V135/><F135/><W71/><G71/><T123/><D123/><U55/><E55/><V103/><F103/><W72/><G72/><T43/><D43/><U101/><E101/><V35/><F35/><W24/><G24/><T51/><D32/><U110/><E53/><V34/><F34/><W11/><AGARI ba="0,1" hai="3,5,9,11,14,18,36,37,38,45,47,82,87,89" machi="11" ten="40,2700,0" yaku="1,1,0,1,53,0" doraHai="127" doraHaiUra="52" who="3" fromWho="3" sc="250,-7,270,-13,230,-7,240,37" /><INIT seed="2,0,0,4,3,8" ten="243,257,223,277" oya="2" hai0="102,20,17,30,114,63,129,69,66,107,7,56,86" hai1="99,4,133,13,21,135,35,126,57,44,46,122,49" hai2="94,127,23,97,130,53,111,19,62,81,106,68,11" hai3="83,52,9,113,123,55,85,5,40,115,54,101,124"/><V105/><F127/><W103/><G40/><T6/><D129/><U72/><E35/><V3/><F130/><W93/><G124/><T16/><D114/><N who="3" m="43529" /><G93/><T12/><D30/><U51/><E126/><V82/><F111/><W58/><G58/><T121/><D121/><U50/><E72/><V79/><F3/><N who="3" m="191" /><G123/><T64/><D86/><U67/><E122/><V80/><F79/><AGARI ba="0,0" hai="52,54,55,79,83,85,101,103" m="191,43529" machi="79" ten="30,2000,0" yaku="11,1,54,1" doraHai="8" who="3" fromWho="2" sc="243,0,257,0,223,-20,277,20" /><INIT seed="3,0,0,5,2,19" ten="243,257,203,297" oya="3" hai0="87,81,61,35,21,56,75,101,85,74,33,105,22" hai1="99,78,5,111,41,94,45,82,126,92,15,12,7" hai2="2,51,64,37,30,1,80,98,47,40,109,60,100" hai3="69,96,28,36,108,27,128,18,103,57,3,25,119"/><W42/><G69/><T17/><D105/><U23/><E111/><V88/><F109/><W135/><G3/><T91/><D101/><U50/><E126/><V125/><F125/><W24/><G108/><T133/><D133/><U134/><E134/><V52/><F30/><W44/><G135/><T93/><D75/><U4/><E23/><V49/><F49/><W116/><G128/><T73/><D74/><U53/><E41/><V106/><F80/><W34/><G57/><T6/><D22/><U110/><E110/><V29/><F29/><W38/><G38/><T90/><D6/><U0/><E0/><V97/><F97/><W129/><G129/><T127/><D73/><U59/><E45/><V130/><F130/><W122/><G122/><T68/><D68/><U48/><E48/><V32/><F32/><W16/><G18/><T20/><D20/><U65/><E65/><V63/><F88/><W95/><REACH who="3" step="1"/><G16/><REACH who="3" ten="243,257,203,287" step="2"/><T9/><D127/><U14/><E59/><N who="2" m="33183" /><F60/><W132/><G132/><T43/><D61/><U13/><E7/><V8/><F8/><W114/><G114/><T71/><D56/><N who="1" m="32823" /><E5/><V66/><F66/><W11/><G11/><T104/><D71/><AGARI ba="0,1" hai="1,2,37,40,47,63,64,71,98,100,106" m="33183" machi="71" ten="30,2000,0" yaku="24,1,54,1" doraHai="19" who="2" fromWho="0" sc="243,-20,257,0,203,30,287,0" /><INIT seed="4,0,0,5,5,55" ten="223,257,233,287" oya="0" hai0="74,37,52,23,30,81,106,56,61,108,33,98,36" hai1="125,50,117,116,96,16,110,130,51,41,17,121,95" hai2="104,26,122,8,47,99,0,82,53,105,63,84,65" hai3="89,131,27,9,85,113,12,7,6,69,78,39,66"/><T114/><D108/><U133/><E121/><V93/><F122/><W91/><G39/><T90/><D33/><U112/><E110/><V128/><F128/><W38/><G38/><T111/><D111/><U119/><E130/><V40/><F53/><W15/><G131/><T28/><D114/><U70/><E70/><V102/><F26/><W87/><G113/><T120/><D120/><U1/><E1/><V124/><F8/><N who="3" m="4119" /><G69/><T107/><D37/><U103/><E112/><V45/><F0/><W86/><G27/><T83/><D36/><U54/><E133/><V29/><F124/><W3/><G3/><T132/><D132/><U134/><E134/><V10/><F10/><W11/><G11/><T67/><D74/><U25/><E25/><V88/><F29/><W34/><G34/><T79/><D79/><U109/><E125/><V19/><F105/><W62/><G78/><T42/><D42/><U5/><E5/><V135/><F40/><W4/><G4/><T32/><D32/><U21/><E21/><V68/><F135/><W101/><G101/><T126/><D126/><U115/><E115/><V14/><F104/><W75/><G75/><T127/><D127/><U58/><E109/><V2/><F2/><W64/><G64/><T46/><D107/><U22/><E22/><N who="2" m="11639" /><F68/><W123/><G123/><T76/><D76/><U60/><E41/><V43/><F43/><W48/><G48/><N who="1" m="18474" /><E119/><V100/><F100/><W49/><G49/><N who="0" m="28727" /><D106/><U73/><E73/><V97/><F97/><W59/><AGARI ba="0,0" hai="7,9,15,59,62,66,85,86,87,89,91" m="4119" machi="59" ten="30,2000,0" yaku="8,1,52,1" doraHai="55" who="3" fromWho="3" sc="223,-10,257,-5,233,-5,287,20" owari="213,-28.7,252,5.2,228,-17.2,307,40.7" /></mjloggm>