<mjloggm ver="2.3"><GO type="225" lobby="0"/><UN n0="%E7%B4%94%E6%BD%94%E3%83%94%E3%83%A9%E3%83%8B%E3%82%A2" n1="%E3%83%AD%E3%83%83%E3%83%86%E9%9B%80%E7%90%83" n2="%6D%75%75%6D%75%72%61" n3="%43%68%65" dan="18,17,16,16" rate="2226.26,2189.25,2172.44,2159.73" sx="M,M,F,M"/><TAIKYOKU oya="0"/><INIT seed="0,0,0,5,2,3" ten="250,250,250,250" oya="0" hai0="42,83,99,69,81,130,89,88,55,72,39,20,128" hai1="107,118,71,108,82,115,31,49,134,33,85,125,10" hai2="6,11,117,95,56,9,103,126,5,75,27,13,96" hai3="90,80,100,120,12,73,47,59,127,29,102,34,122"/><T119/><D69/><U123/><RYUUKYOKU type="yao9" ba="0,0" sc="250,0,250,0,250,0,250,0" hai1="10,31,33,49,71,82,85,107,108,115,118,123,125,134" /><INIT seed="0,1,0,1,5,117" ten="250,250,250,250" oya="0" hai0="23,114,115,52,110,82,69,95,59,38,36,102,74" hai1="92,128,85,53,55,132,49,78,33,104,105,6,98" hai2="20,99,10,9,75,56,12,67,64,91,29,50,34" hai3="39,11,111,3,94,42,15,5,124,100,130,73,43"/><T125/><D69/><U63/><E33/><V116/><F75/><W135/><G73/><T32/><D32/><U83/><E128/><V30/><F116/><W101/><G130/><T89/><D125/><U79/><E132/><V76/><F34/><W47/><G135/><T28/><D110/><U1/><E79/><V25/><F76/><W66/><G124/><T48/><D74/><U44/><E1/><V41/><F30/><W129/><G129/><T2/><D2/><U112/><E112/><V81/><F9/><W17/><G111/><T118/><D118/><U26/><E6/><V97/><F81/><W108/><G108/><T90/><D38/><U24/><E105/><V133/><F133/><W80/><G43/><T40/><D36/><U16/><E104/><V123/><F123/><W27/><G80/><T68/><D68/><U131/><E131/><V122/><F122/><W31/><G94/><T121/><D121/><U60/><E55/><N who="2" m="31863" /><F41/><W106/><G66/><N who="2" m="25129" /><F91/><W51/><G39/><T61/><D82/><U45/><E45/><V37/><F37/><W14/><G106/><T4/><D4/><AGARI ba="1,0" hai="4,10,12,20,25,29,97,99" m="25129,31863" machi="4" ten="30,1000,0" yaku="8,1" doraHai="117" who="2" fromWho="0" sc="250,-13,250,0,250,13,250,0" /><INIT seed="1,0,0,2,4,128" ten="237,250,263,250" oya="1" hai0="119,123,91,59,82,75,122,31,57,102,9,37,120" hai1="2,58,73,94,16,92,117,20,79,43,134,42,89" hai2="51,118,124,65,83,77,98,7,74,104,95,56,90" hai3="81,86,107,54,36,27,12,0,72,78,69,11,100"/><U96/><E134/><V38/><F118/><W52/><G0/><T99/><D119/><U84/><E2/><V131/><F38/><W17/><G69/><T80/><D37/><U15/><E117/><V101/><F131/><W93/><G36/><T108/><D108/><U41/><E73/><V24/><F124/><W135/><G135/><T70/><D70/><U61/><E79/><V44/><F7/><W35/><G35/><T21/><D9/><U103/><REACH who="1" step="1"/><E42/><REACH who="1" ten="237,240,263,250" step="2"/><V105/><F77/><W127/><G127/><T87/><D75/><U121/><E121/><V6/><F74/><W67/><G72/><T64/><D82/><U68/><E68/><V53/><F83/><W109/><G109/><T130/><D130/><U29/><E29/><V111/><F111/><W76/><G76/><T129/><D129/><U88/><E88/><V62/><F90/><W114/><G78/><T66/><D31/><U10/><E10/><V26/><REACH who="2" step="1"/><F6/><REACH who="2" ten="237,240,253,250" step="2"/><W125/><G81/><T3/><D123/><U1/><E1/><V115/><F115/><W14/><G114/><T116/><D122/><U46/><E46/><V85/><F85/><W30/><G86/><T48/><D120/><U71/><E71/><V49/><F49/><W110/><G125/><T19/><D3/><U39/><E39/><V112/><F112/><W97/><G110/><T4/><D4/><U22/><E22/><V47/><F47/><W32/><G32/><T106/><D116/><U34/><E34/><V133/><F133/><W18/><G11/><T8/><D8/><U50/><E50/><V45/><F45/><RYUUKYOKU ba="0,2" sc="237,-15,240,15,253,15,250,-15" hai1="15,16,20,41,43,58,61,84,89,92,94,96,103" hai2="24,26,44,51,53,56,62,65,95,98,101,104,105" /><INIT seed="1,1,2,2,4,47" ten="222,255,268,235" oya="1" hai0="18,91,105,8,66,44,125,92,83,61,111,59,65" hai1="94,46,80,23,49,21,86,58,35,119,33,127,51" hai2="9,129,6,124,85,128,62,28,26,114,107,130,1" hai3="131,4,104,82,72,134,116,71,109,99,22,38,93"/><U50/><E119/><V31/><F107/><W64/><G4/><T55/><D105/><U39/><E127/><V40/><F124/><W36/><G22/><N who="1" m="8202" /><E39/><V34/><F28/><W102/><G116/><T100/><D111/><U103/><E35/><V87/><F114/><W48/><G109/><T69/><D125/><U16/><E33/><V90/><F40/><W7/><G7/><T115/><D69/><U77/><E16/><V20/><F34/><W63/><G131/><T121/><D121/><U19/><E19/><V89/><F62/><W81/><G134/><T67/><D115/><U24/><E24/><V74/><F74/><W75/><G104/><T57/><D100/><U76/><E58/><V45/><F45/><W54/><G75/><T17/><D44/><U52/><E77/><V132/><F132/><W13/><G13/><N who="0" m="7335" /><D18/><U29/><E29/><V126/><F126/><W0/><G0/><T30/><D30/><U41/><E41/><V37/><F37/><W15/><G15/><T101/><D101/><U42/><E42/><V5/><F6/><W135/><G135/><T14/><D14/><U25/><E25/><V117/><F117/><W123/><G123/><T68/><D68/><U56/><E46/><V118/><F118/><W96/><G72/><T3/><D3/><U95/><E103/><V110/><F110/><W88/><G38/><T11/><D11/><U112/><E112/><V78/><F78/><W32/><G36/><T53/><D83/><N who="3" m="31753" /><G32/><T12/><D12/><U98/><E98/><V10/><F10/><W70/><G70/><T84/><D59/><RYUUKYOKU ba="1,2" sc="222,10,255,10,268,10,235,-30" hai0="53,55,57,61,65,66,67,84,91,92" hai1="49,50,51,52,56,76,80,86,94,95" hai2="1,5,9,20,26,31,85,87,89,90,128,129,130" /><INIT seed="1,2,2,0,0,57" ten="232,265,278,205" oya="1" hai0="113,49,121,93,94,46,134,90,13,9,99,89,64" hai1="95,72,55,110,65,78,34,122,61,23,12,106,3" hai2="38,125,10,69,59,71,8,126,25,47,77,63,80" hai3="129,60,111,22,20,115,92,66,58,109,15,76,17"/><U41/><E106/><V132/><F25/><W32/><G32/><T56/><D113/><U117/><E117/><V105/><F105/><W42/><G115/><T74/><D74/><U16/><E122/><V28/><F28/><W101/><G129/><T119/><D134/><U123/><E123/><V31/><F31/><W100/><G76/><T112/><D112/><U48/><E34/><V81/><F132/><W107/><G107/><T26/><D26/><U75/><E3/><V24/><F24/><W116/><G116/><T7/><D119/><U30/><E30/><V128/><F128/><W73/><G73/><T18/><D121/><U79/><E41/><V53/><F38/><W127/><G127/><N who="2" m="48649" /><F47/><W103/><G42/><N who="0" m="24791" /><D64/><U4/><E4/><V43/><F43/><W130/><G130/><T11/><D56/><N who="1" m="37031" /><E75/><N who="2" m="43071" /><F81/><W98/><REACH who="3" step="1"/><G22/><REACH who="3" ten="232,265,278,195" step="2"/><N who="0" m="11599" /><D7/><U67/><E72/><V35/><F35/><W62/><G62/><T37/><D37/><U45/><E79/><V21/><F21/><W118/><G118/><T131/><D131/><U68/><E78/><V135/><F135/><W83/><G83/><T91/><D94/><U14/><E95/><V36/><F36/><W2/><G2/><T102/><AGARI ba="2,3" hai="9,11,89,90,91,93,99,102" m="11599,24791" machi="102" ten="30,1100,0" yaku="8,1" doraHai="57" who="0" fromWho="0" sc="232,47,265,-7,278,-5,195,-5" /><INIT seed="2,0,0,4,3,49" ten="279,258,273,190" oya="2" hai0="15,53,80,55,13,114,68,23,58,63,120,50,28" hai1="4,33,71,61,21,24,84,3,82,18,22,91,25" hai2="127,59,6,115,81,85,56,105,126,1,27,17,12" hai3="111,62,41,10,74,5,103,67,130,31,26,38,119"/><V54/><F115/><W78/><G119/><T97/><D114/><U101/><E33/><V20/><F105/><W69/><G103/><T116/><D120/><U83/><E101/><V87/><F1/><W134/><G111/><T76/><D116/><U9/><E71/><V124/><F59/><W121/><G121/><T52/><D68/><U86/><E61/><N who="2" m="35991" /><F81/><W129/><G134/><T109/><D109/><U35/><E35/><V98/><F98/><W96/><G96/><T110/><D97/><U113/><E113/><V65/><F65/><W70/><G70/><T95/><D95/><U108/><E108/><V7/><F7/><W112/><G112/><T19/><D110/><U92/><REACH who="1" step="1"/><E86/><REACH who="1" ten="279,248,273,190" step="2"/><V64/><F64/><W48/><G67/><N who="0" m="39415" /><D28/><AGARI ba="0,1" hai="3,4,9,18,21,22,24,25,28,82,83,84,91,92" machi="28" ten="30,3900,0" yaku="1,1,7,1,53,1" doraHai="49" doraHaiUra="0" who="1" fromWho="0" sc="279,-39,248,49,273,0,190,0" /><INIT seed="3,0,0,5,4,41" ten="240,297,273,190" oya="3" hai0="128,5,38,64,58,72,37,67,51,8,110,107,71" hai1="99,116,32,117,61,131,83,6,45,76,65,108,42" hai2="92,84,1,19,106,53,40,24,111,63,66,35,96" hai3="87,135,18,14,133,30,48,29,98,28,25,73,36"/><W55/><G73/><T89/><D72/><U120/><E108/><V132/><F111/><W60/><G36/><T57/><D110/><U97/><E131/><V85/><F1/><W121/><G121/><T95/><D107/><U33/><E6/><V3/><F3/><W52/><G98/><N who="1" m="37386" /><E120/><V68/><F132/><N who="3" m="50763" /><G87/><T13/><D128/><U109/><E83/><V81/><F53/><N who="3" m="20555" /><G60/><T115/><D115/><U56/><E76/><V59/><F68/><W105/><G105/><T78/><D71/><U88/><E88/><N who="2" m="55303" /><F106/><W90/><G90/><T39/><D78/><U22/><E22/><N who="2" m="13407" /><F35/><N who="3" m="20879" /><G48/><T54/><REACH who="0" step="1"/><D57/><REACH who="0" ten="230,297,273,190" step="2"/><U62/><E56/><V94/><F59/><W114/><G114/><T127/><D127/><U129/><E109/><V69/><F69/><W11/><AGARI ba="0,1" hai="11,14,18,29,30" m="20879,20555,50763" machi="11" ten="30,3000,0" yaku="20,1,54,1" doraHai="41" who="3" fromWho="3" sc="230,-10,297,-10,273,-10,190,40" /><INIT seed="3,1,0,4,3,1" ten="220,287,263,230" oya="3" hai0="11,58,5,7,101,87,111,116,127,12,19,86,110" hai1="115,128,74,15,126,8,35,112,41,104,4,40,90" hai2="22,130,13,76,17,73,108,82,66,103,88,33,27" hai3="59,131,38,100,43,113,3,70,53,28,65,45,14"/><W117/><G113/><T57/><D116/><U10/><E35/><V96/><F108/><N who="0" m="41514" /><D101/><U64/><E74/><V48/><F130/><W132/><G3/><T71/><D71/><U98/><E64/><V44/><F66/><W123/><G117/><T109/><N who="0" m="41522" /><T105/><DORA hai="50" /><D105/><U77/><E77/><V20/><F33/><W51/><G123/><T55/><D57/><U49/><E126/><V92/><F103/><W120/><G120/><T21/><D127/><U89/><E128/><V99/><F99/><W118/><G131/><T30/><D30/><U6/><E98/><V61/><F61/><N who="3" m="40239" /><G118/><T102/><D102/><U69/><E49/><V26/><REACH who="2" step="1"/><F20/><REACH who="2" ten="220,287,253,230" step="2"/><W9/><G100/><T72/><D72/><U84/><E104/><V63/><F63/><W31/><G132/><T97/><D97/><U37/><E115/><V95/><F95/><W81/><G81/><T80/><D21/><U52/><E112/><V54/><AGARI ba="1,1" hai="13,17,22,26,27,44,48,54,73,76,82,88,92,96" machi="54" ten="20,8000,1" yaku="1,1,0,1,7,1,52,1,54,1,53,0" doraHai="1,50" doraHaiUra="0,39" who="2" fromWho="2" sc="220,-21,287,-21,253,93,230,-41" owari="199,-20.1,266,6.6,346,44.6,189,-31.1" /></mjloggm>