<mjloggm ver="2.3"><GO type="225" lobby="0"/><UN n0="%E8%B7%AF%E9%9C%B8" n1="%E6%A1%9C%E8%8A%B1%E9%96%83%E3%80%85" n2="%E7%B4%94%E6%BD%94%E3%83%94%E3%83%A9%E3%83%8B%E3%82%A2" n3="%E5%B0%8F%E9%B3%A5%E9%81%8A%E7%B7%B4%E7%84%A1%32%31%E6%AD%B3" dan="17,16,16,16" rate="2117.88,2086.17,2143.81,2146.73" sx="M,M,M,F"/><TAIKYOKU oya="0"/><INIT seed="0,0,0,2,4,4" ten="250,250,250,250" oya="0" hai0="90,103,52,3,44,127,23,70,120,135,43,73,60" hai1="104,95,24,75,50,125,62,31,110,85,37,108,56" hai2="11,119,86,122,93,53,34,92,59,2,128,45,13" hai3="105,18,17,0,129,36,134,51,28,58,114,101,96"/><T106/><D120/><U26/><E37/><V27/><F2/><W40/><G114/><T117/><D117/><U20/><E104/><V79/><F122/><W98/><G36/><T112/><D112/><U16/><E75/><V64/><F119/><W109/><G109/><N who="1" m="42090" /><E125/><V123/><F128/><W14/><G129/><T94/><D3/><U9/><E50/><V49/><F123/><W12/><G0/><T74/><D127/><U91/><E9/><V124/><F124/><W107/><G28/><T132/><D103/><U113/><E113/><V68/><F68/><W81/><G81/><T88/><D106/><U5/><E5/><N who="2" m="3311" /><F27/><W22/><G134/><N who="0" m="51243" /><D23/><U99/><E85/><V78/><F34/><W25/><G25/><T35/><D35/><U111/><N who="1" m="42098" /><U6/><DORA hai="118" /><E6/><V42/><F86/><W10/><G105/><T115/><D115/><U32/><E56/><V33/><F33/><W19/><G58/><N who="0" m="34887" /><D70/><U126/><E126/><V100/><F100/><W131/><G131/><T46/><D46/><U55/><E62/><N who="2" m="37983" /><F42/><W47/><REACH who="3" step="1"/><G98/><REACH who="3" ten="250,250,250,240" step="2"/><N who="0" m="57671" /><D90/><U130/><E130/><V54/><F79/><W41/><G41/><T39/><AGARI ba="0,1" hai="39,43,44,73,74" m="57671,34887,51243" machi="39" ten="30,6000,0" yaku="20,1,54,2" doraHai="4,118" who="0" fromWho="0" sc="250,70,250,-20,250,-20,240,-20" /><INIT seed="0,1,0,5,2,33" ten="320,230,230,220" oya="0" hai0="90,43,9,109,27,130,125,120,95,114,17,75,5" hai1="99,82,12,3,16,116,85,1,28,88,76,57,61" hai2="18,22,10,64,81,41,2,51,133,110,20,132,68" hai3="36,67,74,103,89,106,58,23,48,54,127,92,111"/><T7/><D120/><U94/><E116/><V117/><F110/><W37/><G111/><T19/><D109/><U78/><E28/><V6/><F117/><W121/><G74/><T91/><D114/><U113/><E78/><V32/><F32/><W53/><G121/><T47/><D75/><U13/><E113/><V102/><F102/><W60/><G127/><T122/><D122/><U84/><E84/><V73/><F68/><W25/><G103/><T86/><D125/><U24/><E24/><V59/><F41/><W42/><G54/><T11/><D130/><U134/><E134/><N who="2" m="51819" /><F18/><W26/><G106/><T108/><D108/><U79/><E79/><N who="2" m="44271" /><F51/><W126/><G126/><T14/><D90/><U40/><E40/><V100/><F100/><W70/><G42/><T128/><D128/><U77/><E77/><V83/><F83/><W93/><G93/><T115/><D115/><U69/><E69/><V129/><F129/><W96/><G26/><T34/><D34/><U49/><E49/><V21/><F59/><W0/><G0/><T44/><D27/><U39/><E39/><V104/><F64/><W15/><G15/><T87/><D43/><U112/><E13/><V35/><F35/><W97/><G97/><T62/><D62/><U119/><E119/><V124/><F124/><W4/><G4/><N who="0" m="1611" /><D86/><U98/><E98/><V8/><F8/><W52/><G53/><T50/><D50/><U29/><E112/><V46/><F104/><W107/><REACH who="3" step="1"/><G107/><REACH who="3" ten="320,230,230,210" step="2"/><T38/><D14/><U135/><E135/><V65/><F65/><W55/><G55/><T31/><D95/><RYUUKYOKU ba="1,1" sc="320,-15,230,-15,230,15,210,15" hai2="2,6,10,20,21,22,46" hai3="23,25,36,37,48,52,58,60,67,70,89,92,96" /><INIT seed="1,2,1,2,5,64" ten="305,215,245,225" oya="1" hai0="22,20,60,106,69,133,10,58,94,48,79,36,29" hai1="132,26,73,127,74,39,93,7,108,105,13,101,61" hai2="118,6,56,18,91,47,97,1,50,40,15,123,31" hai3="131,109,75,4,103,46,87,37,67,117,98,121,99"/><U30/><E105/><V16/><F118/><W25/><G121/><T124/><D106/><U41/><E127/><V78/><F123/><W84/><G75/><T81/><D124/><U104/><E93/><N who="2" m="56511" /><F1/><W68/><G4/><T92/><D36/><U34/><E132/><V80/><F31/><W45/><G131/><T96/><D133/><U111/><E13/><V100/><F100/><W86/><G109/><N who="1" m="42058" /><E7/><V0/><F0/><W82/><G25/><T88/><D69/><U85/><E85/><N who="2" m="48279" /><F56/><W62/><G117/><T24/><D10/><AGARI ba="2,1" hai="6,10,15,16,18,40,47,50" m="48279,56511" machi="10" ten="30,3900,0" yaku="25,1,8,1,54,1" doraHai="64" who="2" fromWho="0" sc="305,-45,215,0,245,55,225,0" /><INIT seed="2,0,0,1,1,109" ten="260,215,300,225" oya="2" hai0="12,65,131,64,42,25,105,53,76,132,6,59,91" hai1="45,51,60,125,32,15,7,56,67,55,122,85,26" hai2="74,3,75,80,11,38,36,87,44,118,112,8,41" hai3="17,81,14,92,129,37,119,54,86,40,115,29,5"/><V28/><F118/><W93/><G119/><T83/><D105/><U63/><E125/><V0/><F28/><W111/><G5/><T1/><D1/><U4/><E122/><V79/><F112/><W9/><G129/><T16/><D131/><U106/><E106/><V10/><REACH who="2" step="1"/><F38/><REACH who="2" ten="260,215,290,225" step="2"/><W19/><G115/><T124/><D124/><U123/><E123/><V90/><F90/><W133/><G29/><T108/><D91/><U58/><E32/><V48/><F48/><W22/><G111/><T77/><D108/><U128/><E128/><V18/><F18/><W134/><G37/><T46/><D6/><U95/><E4/><V135/><F135/><W110/><G110/><T68/><D132/><U73/><E7/><V116/><F116/><W96/><G134/><T103/><D16/><U35/><E35/><V62/><F62/><W31/><G133/><T99/><D76/><U101/><E63/><V94/><F94/><W98/><G31/><T57/><D77/><U27/><E95/><V70/><F70/><W52/><G93/><T126/><D68/><U69/><E69/><V84/><F84/><W107/><G107/><T130/><D126/><U50/><E85/><V71/><F71/><W78/><G98/><T43/><D99/><U39/><E39/><V82/><F82/><W121/><G121/><T127/><D83/><U61/><E61/><V24/><F24/><W120/><G120/><T21/><D25/><U114/><E114/><V13/><F13/><W47/><G92/><T100/><D127/><U113/><E113/><V72/><AGARI ba="0,1" hai="0,3,8,10,11,36,41,44,72,74,75,79,80,87" machi="72" ten="40,3900,0" yaku="1,1,0,1,53,0" doraHai="109" doraHaiUra="2" who="2" fromWho="2" sc="260,-13,215,-13,290,49,225,-13" /><INIT seed="2,1,0,0,0,17" ten="247,202,339,212" oya="2" hai0="77,117,12,35,50,70,0,115,125,41,113,37,131" hai1="61,46,116,111,108,34,18,127,42,96,16,86,39" hai2="54,129,45,26,112,124,33,101,32,14,103,10,2" hai3="100,36,53,13,73,11,78,72,74,23,5,91,85"/><V4/><F112/><W107/><G36/><T79/><D0/><U67/><E116/><V24/><F124/><W121/><G121/><T63/><D125/><U7/><E127/><V133/><F129/><W65/><G65/><T81/><D131/><U128/><E128/><V21/><F133/><W80/><G53/><T95/><D35/><U134/><E134/><V104/><F104/><W122/><G122/><T87/><D37/><U76/><E34/><V30/><F32/><W55/><G55/><T44/><D117/><U64/><E7/><V75/><F75/><W97/><REACH who="3" step="1"/><G23/><REACH who="3" ten="247,202,339,202" step="2"/><T49/><D113/><U132/><E67/><V106/><F54/><W118/><G118/><T93/><D115/><U66/><E66/><V56/><F21/><W1/><G1/><T27/><D70/><U8/><E132/><V110/><F2/><W105/><G105/><T109/><D109/><N who="1" m="42059" /><E8/><V29/><F10/><W102/><G102/><T60/><D41/><U94/><E64/><V22/><F101/><W43/><G43/><T114/><D114/><U25/><E61/><V83/><F103/><W84/><G84/><T38/><D87/><U59/><E59/><V6/><F56/><W40/><G40/><T52/><D60/><U82/><E25/><V89/><F110/><W3/><G3/><T9/><D27/><U28/><E28/><V51/><F106/><W88/><AGARI ba="1,1" hai="5,11,13,72,73,74,78,80,85,88,91,97,100,107" machi="88" ten="40,5200,0" yaku="1,1,0,1,54,1,53,0" doraHai="17" doraHaiUra="58" who="3" fromWho="3" sc="247,-14,202,-14,339,-27,202,65" /><INIT seed="3,0,0,5,1,87" ten="233,188,312,267" oya="3" hai0="85,11,122,66,4,125,23,117,28,36,21,31,75" hai1="40,19,130,106,124,17,98,15,43,67,53,96,2" hai2="79,27,16,44,72,126,35,82,84,92,118,65,88" hai3="63,134,103,20,49,32,68,60,90,52,133,33,22"/><W123/><G103/><T5/><D36/><U0/><E67/><V30/><F118/><W58/><G123/><T18/><D75/><U70/><E124/><V14/><F126/><W112/><G112/><T127/><D66/><U100/><E70/><V94/><F65/><W121/><G121/><T114/><D85/><U7/><E130/><V9/><F44/><W37/><G37/><T29/><D122/><U3/><E53/><V45/><F45/><W105/><G105/><T115/><D117/><U101/><E7/><N who="0" m="2633" /><D127/><U73/><E73/><V129/><F129/><W34/><G68/><T61/><D61/><U46/><E15/><V135/><F135/><N who="3" m="51723" /><G60/><T95/><D95/><AGARI ba="0,0" hai="9,14,16,27,30,35,72,79,82,84,88,92,94,95" machi="95" ten="30,7700,0" yaku="7,1,52,1,54,2" doraHai="87" who="2" fromWho="0" sc="233,-77,188,0,312,77,267,0" owari="156,-34.4,188,-21.2,389,48.9,267,6.7" /></mjloggm>