<mjloggm ver="2.3"><GO type="225" lobby="0"/><UN n0="%E3%81%8B%E3%82%8F%E3%81%A1%E3%82%83%E3%82%93%35%38" n1="%E3%83%A9%E3%83%BC%E3%83%A1%E3%83%B3%E4%BA%94%E9%83%8E" n2="%E3%83%97%E3%83%AC%E3%83%B4%E3%82%A1%E3%83%86%E3%82%A3" n3="%E5%8D%A0%E3%81%84%E5%B8%AB%E8%A3%8F%E3%81%AA%E3%81%84%E3%81%97" dan="16,16,16,16" rate="2162.07,2068.74,2058.85,2166.88" sx="M,M,F,M"/><TAIKYOKU oya="0"/><INIT seed="0,0,0,2,0,15" ten="250,250,250,250" oya="0" hai0="118,110,31,112,14,44,103,7,2,34,64,116,21" hai1="76,98,108,29,22,46,35,12,55,6,42,5,69" hai2="113,39,91,71,123,0,25,132,96,80,115,62,49" hai3="68,125,57,92,43,4,131,24,127,97,100,130,18"/><T109/><D64/><U8/><E108/><N who="0" m="41577" /><D44/><U129/><E69/><V95/><F39/><W93/><G68/><T102/><D102/><U86/><E35/><V36/><F36/><W63/><G43/><T121/><D103/><U11/><E129/><N who="3" m="49162" /><G4/><T3/><D112/><U67/><E67/><V72/><F0/><N who="0" m="42" /><D121/><U30/><E98/><V52/><F123/><W105/><G93/><T74/><D74/><U26/><E55/><V119/><F119/><N who="0" m="45610" /><D34/><U75/><E75/><V37/><F37/><W135/><G105/><T65/><D65/><U40/><E46/><V28/><F71/><W50/><G50/><T23/><D31/><U56/><E29/><V88/><F62/><W41/><G41/><T54/><D54/><U73/><E73/><V94/><F113/><W47/><G47/><T1/><N who="0" m="50" /><T83/><DORA hai="48" /><D83/><N who="1" m="47463" /><E56/><V106/><F115/><W122/><G122/><T45/><D45/><U107/><E107/><V134/><F106/><W19/><G57/><T128/><D128/><U10/><E40/><V17/><F72/><W78/><G78/><T133/><D133/><N who="2" m="51306" /><F80/><W82/><G82/><T66/><D66/><U111/><E111/><V38/><F38/><W89/><G135/><T99/><D99/><U32/><E42/><V87/><F49/><W117/><G117/><T70/><D70/><U58/><E58/><V61/><F61/><W51/><G51/><T20/><D7/><N who="1" m="2571" /><E32/><N who="2" m="20495" /><F52/><W60/><G60/><T79/><D79/><U53/><E53/><V9/><F96/><W13/><G63/><T33/><D33/><U114/><E114/><V16/><F95/><RYUUKYOKU ba="0,0" sc="250,15,250,15,250,-15,250,-15" hai0="14,20,21,23" hai1="8,10,11,12,22,26,30" /><INIT seed="0,1,0,1,5,15" ten="265,265,235,235" oya="0" hai0="98,81,6,55,126,40,1,120,57,22,8,43,60" hai1="19,117,97,95,96,66,108,107,85,36,61,135,113" hai2="84,42,28,101,123,130,133,20,88,26,67,59,71" hai3="129,134,25,37,112,114,92,68,70,30,82,99,16"/><T132/><D120/><U80/><E117/><V41/><F123/><W52/><G37/><T104/><D132/><U73/><E36/><V21/><F133/><W0/><G0/><T119/><D119/><U72/><E135/><V14/><F71/><W5/><G5/><T46/><D126/><U29/><E107/><V89/><F101/><W9/><G134/><T48/><D104/><U47/><E47/><V18/><F130/><W38/><G38/><T90/><D22/><U24/><E108/><V7/><F7/><W64/><G64/><T105/><D105/><U125/><E125/><V131/><F131/><W74/><G129/><T102/><D102/><U106/><E106/><V17/><F28/><W31/><G70/><T4/><D4/><U103/><E97/><V10/><F10/><W3/><G68/><T44/><D81/><U12/><E113/><V115/><F115/><W11/><G3/><T34/><D34/><U62/><E62/><N who="2" m="38367" /><F89/><N who="3" m="55695" /><G82/><AGARI ba="1,0" hai="14,17,18,20,21,26,41,42,82,84,88" m="38367" machi="82" ten="30,7700,0" yaku="8,1,52,2,54,1" doraHai="15" who="2" fromWho="3" sc="265,0,265,0,235,80,235,-80" /><INIT seed="1,0,0,4,2,75" ten="265,265,315,155" oya="1" hai0="16,130,57,60,68,119,11,26,31,95,78,89,33" hai1="134,106,128,109,44,25,125,126,116,87,41,40,2" hai2="112,43,17,100,5,107,63,34,36,64,66,45,10" hai3="94,42,32,55,13,123,39,19,88,91,92,103,29"/><U74/><E116/><V15/><F112/><W9/><G123/><T79/><D68/><U117/><E117/><V127/><F34/><W56/><G39/><T51/><D119/><U77/><E2/><V114/><F114/><W85/><G42/><T93/><D130/><U82/><E128/><V73/><F73/><W86/><G32/><T98/><D51/><U35/><E134/><V135/><F135/><W50/><G29/><T7/><D95/><U84/><E106/><V72/><F72/><W67/><G67/><T124/><D124/><N who="1" m="47723" /><E109/><V118/><F127/><W24/><G24/><T113/><D113/><U21/><E35/><V14/><F118/><W122/><G122/><T108/><D16/><N who="1" m="12455" /><E40/><V23/><F107/><W83/><G103/><T1/><REACH who="0" step="1"/><D108/><REACH who="0" ten="255,265,315,155" step="2"/><U46/><E46/><V12/><F100/><W49/><G83/><T111/><D111/><U80/><E82/><V65/><REACH who="2" step="1"/><F14/><REACH who="2" ten="255,265,305,155" step="2"/><W104/><G104/><T20/><D20/><U71/><E71/><AGARI ba="0,2" hai="5,10,12,15,17,23,36,43,45,63,64,65,66,71" machi="71" ten="30,3900,0" yaku="1,1,2,1,7,1,53,0" doraHai="75" doraHaiUra="54" who="2" fromWho="1" sc="255,0,265,-39,305,59,155,0" /><INIT seed="2,0,0,4,4,82" ten="255,226,364,155" oya="2" hai0="93,87,65,71,40,77,83,62,13,89,103,7,106" hai1="9,8,131,128,25,3,11,27,4,78,32,112,29" hai2="100,45,98,22,117,92,58,54,0,24,90,122,69" hai3="135,2,127,125,86,64,110,66,21,111,116,15,97"/><V104/><F0/><W101/><G2/><T33/><D33/><U23/><E78/><V38/><F117/><W68/><G116/><T113/><D113/><U79/><E79/><V126/><F69/><W95/><G68/><T50/><D106/><U84/><E84/><V114/><F114/><W53/><G135/><T57/><D103/><U39/><E39/><V76/><F76/><W14/><G53/><T16/><D7/><U41/><E41/><V109/><F126/><N who="3" m="48139" /><G21/><T52/><D40/><U30/><E112/><V102/><F122/><W94/><G14/><T26/><D26/><U55/><E55/><V37/><F109/><N who="3" m="41483" /><G15/><T47/><D71/><U44/><E44/><V80/><F45/><W46/><G46/><T6/><D6/><U88/><E88/><AGARI ba="0,0" hai="64,66,86,88,94,95,97,101" m="41483,48139" machi="88" ten="30,7700,0" yaku="18,1,14,1,52,1,54,1" doraHai="82" who="3" fromWho="1" sc="255,0,226,-77,364,0,155,77" /><INIT seed="3,0,0,5,4,74" ten="255,149,364,232" oya="3" hai0="46,94,64,3,118,68,39,125,132,130,91,43,73" hai1="98,28,13,38,131,71,36,72,126,60,87,19,114" hai2="65,0,112,96,122,86,77,2,32,34,56,54,22" hai3="123,40,78,42,63,85,107,18,70,127,21,106,92"/><W105/><G123/><T80/><D118/><U66/><E126/><V84/><F122/><W76/><G127/><T10/><D125/><U27/><E131/><V82/><F112/><W26/><G92/><T117/><D117/><U14/><E72/><V29/><F65/><W5/><G5/><N who="0" m="1343" /><D132/><U1/><E1/><V53/><F96/><W135/><G135/><T89/><D130/><U81/><E114/><V25/><F54/><W57/><G70/><T109/><D109/><U23/><E13/><V44/><F0/><W52/><G85/><T129/><D129/><U15/><E15/><V93/><F2/><W41/><AGARI ba="0,0" hai="18,21,26,40,41,42,52,57,63,76,78,105,106,107" machi="41" ten="40,12000,1" yaku="0,1,52,2,54,1" doraHai="74" who="3" fromWho="3" sc="255,-40,149,-40,364,-40,232,120" owari="215,-18.5,109,-39.1,324,12.4,352,45.2" /></mjloggm>