<mjloggm ver="2.3"><GO type="225" lobby="0"/><UN n0="%E3%82%82%E3%81%90%E3%82%89" n1="%48%61%61%61%6C%61%6E%64" n2="%E9%BB%92%E9%89%84%E7%8F%A0%E9%9B%AB" n3="%E6%A0%B9%E5%85%83%E3%81%8B%E3%82%89%E5%90%B9%E3%81%A3%E9%A3%9B%E3%81%B6" dan="16,17,16,16" rate="2177.74,2162.51,2191.84,2180.99" sx="M,M,F,F"/><TAIKYOKU oya="0"/><INIT seed="0,0,0,5,3,81" ten="250,250,250,250" oya="0" hai0="127,73,108,54,3,13,59,4,112,24,67,28,36" hai1="74,113,5,86,92,19,63,18,91,23,128,123,38" hai2="64,104,118,7,110,48,47,26,68,2,27,84,61" hai3="135,60,79,0,31,117,121,80,109,77,6,52,89"/><T70/><D112/><U46/><E123/><V41/><F104/><W21/><G117/><T9/><D36/><U29/><E113/><V62/><F110/><W134/><G109/><T132/><D108/><U95/><E128/><V30/><F118/><W56/><G121/><T103/><D73/><U20/><E74/><V106/><F106/><W115/><G115/><T43/><D43/><U119/><E119/><V14/><F2/><W129/><G129/><T130/><D130/><U102/><E5/><V34/><F27/><N who="3" m="16879" /><G6/><T100/><D127/><U111/><E111/><V49/><F62/><W94/><G0/><T133/><D67/><U99/><E38/><V57/><F68/><W105/><G105/><T90/><D90/><U65/><E46/><V131/><F131/><W40/><G40/><T1/><D70/><U35/><E35/><V37/><F7/><W120/><G80/><T69/><D69/><U83/><E83/><V71/><F14/><W22/><G22/><N who="0" m="15383" /><D1/><U72/><E72/><V51/><REACH who="2" step="1"/><F71/><REACH who="2" ten="250,250,240,250" step="2"/><W32/><G120/><T75/><D3/><U33/><E29/><V53/><F53/><W82/><G52/><T101/><D75/><U124/><E63/><V98/><F98/><W50/><G60/><N who="0" m="35959" /><D133/><U88/><E99/><V44/><F44/><W8/><G135/><T66/><D132/><U78/><E65/><V97/><F97/><W116/><G134/><T85/><D66/><U87/><E124/><V12/><F12/><W17/><G116/><T107/><D107/><U16/><E33/><V93/><F93/><W15/><G94/><T42/><D42/><RYUUKYOKU ba="0,1" sc="250,15,250,-15,240,15,250,-15" hai0="4,9,13,85,100,101,103" hai2="26,30,34,37,41,47,48,49,51,57,61,64,84" /><INIT seed="0,1,1,4,1,36" ten="265,235,255,235" oya="0" hai0="89,0,93,107,94,12,3,8,60,90,65,40,83" hai1="122,24,56,52,77,128,22,98,23,112,57,58,74" hai2="114,73,108,53,124,134,123,48,119,101,88,113,132" hai3="55,61,46,75,100,38,106,45,82,99,111,109,67"/><T25/><D107/><U102/><E122/><V59/><F73/><W97/><G97/><T72/><D72/><U68/><E68/><V28/><F123/><W121/><G121/><T5/><D83/><U135/><E128/><V70/><F70/><N who="3" m="42351" /><G55/><T1/><D25/><U118/><E118/><V50/><F101/><W126/><G126/><T2/><D2/><U110/><E112/><V54/><F124/><W66/><G66/><T9/><D40/><U69/><E69/><V34/><F119/><W26/><G26/><T85/><D9/><U11/><E11/><V125/><F125/><W117/><G117/><T63/><REACH who="0" step="1"/><D65/><REACH who="0" ten="255,235,255,235" step="2"/><U32/><E24/><V20/><F114/><W115/><G115/><T86/><AGARI ba="1,2" hai="0,1,3,5,8,12,60,63,85,86,89,90,93,94" machi="86" ten="30,11700,0" yaku="1,1,2,1,0,1,9,1,53,0" doraHai="36" doraHaiUra="64" who="0" fromWho="0" sc="255,140,235,-40,255,-40,235,-40" /><INIT seed="0,2,0,2,4,119" ten="395,195,215,195" oya="0" hai0="53,10,48,51,49,77,117,45,114,62,110,3,6" hai1="72,130,84,20,38,40,107,86,129,29,11,55,71" hai2="63,66,111,54,102,97,39,122,56,59,31,23,89" hai3="57,113,109,78,120,96,123,94,65,24,34,126,52"/><T61/><D117/><U116/><E116/><V7/><F39/><W32/><G109/><T98/><D114/><U75/><E107/><V35/><F111/><W12/><G113/><T115/><D115/><U43/><E71/><V13/><F35/><W36/><G36/><T25/><D110/><U104/><E104/><V22/><F89/><W18/><G78/><T14/><D77/><U58/><E11/><V101/><F122/><N who="3" m="46635" /><G65/><T8/><D25/><N who="1" m="16551" /><E72/><V70/><F70/><W76/><G76/><T127/><D98/><U90/><E75/><V85/><F97/><W21/><G12/><N who="0" m="5143" /><D127/><U37/><E37/><V100/><F85/><W80/><G80/><T46/><D3/><U124/><E38/><V15/><F13/><W135/><G135/><T105/><D105/><U30/><E124/><V112/><F112/><W82/><G82/><T106/><D106/><U74/><E74/><V1/><F1/><W88/><G126/><T81/><D81/><U26/><E84/><V131/><F15/><W28/><G28/><T91/><D91/><U68/><E90/><V50/><F31/><W132/><G132/><T9/><D9/><U42/><E86/><V19/><F66/><W27/><G27/><T134/><D134/><U2/><E2/><V103/><F103/><W60/><AGARI ba="2,0" hai="18,21,24,32,34,52,57,60,88,94,96" m="46635" machi="60" ten="30,12000,2" yaku="25,1,13,1,52,3,54,2" doraHai="119" who="3" fromWho="3" sc="395,-62,195,-32,215,-32,195,126" /><INIT seed="1,0,0,5,3,126" ten="333,163,183,321" oya="1" hai0="45,11,20,76,104,66,62,48,81,125,64,124,14" hai1="75,60,37,5,70,94,26,39,69,54,0,95,120" hai2="67,72,80,50,10,43,22,53,58,12,112,18,79" hai3="35,41,131,63,83,87,61,40,36,25,108,46,133"/><U122/><E75/><V51/><F67/><W89/><G133/><T127/><D20/><U28/><E0/><V115/><F43/><W88/><G131/><T110/><D104/><U102/><E5/><V105/><F105/><W92/><G41/><N who="0" m="24623" /><D62/><U65/><E69/><V32/><F32/><W16/><G108/><T7/><D110/><U100/><E54/><V23/><REACH who="2" step="1"/><F51/><REACH who="2" ten="333,163,173,321" step="2"/><N who="3" m="27079" /><G35/><T86/><AGARI ba="0,1" hai="7,11,14,64,66,76,81,86,124,125,127" m="24623" machi="86" ten="30,2000,0" yaku="25,1,18,1" doraHai="126" who="0" fromWho="0" sc="333,30,163,-10,173,-5,321,-5" /><INIT seed="2,0,0,2,2,41" ten="363,153,168,316" oya="2" hai0="28,6,59,62,12,88,1,96,54,24,5,94,58" hai1="63,104,100,103,135,118,134,127,21,130,15,33,51" hai2="74,80,23,27,56,87,14,83,108,31,111,11,4" hai3="20,81,10,122,13,106,113,115,9,92,124,64,38"/><V25/><F25/><W29/><G106/><T34/><D1/><U128/><E33/><V125/><F125/><W69/><G122/><T97/><D12/><U78/><E118/><V8/><F8/><W61/><G38/><T36/><D36/><U102/><E78/><V109/><F74/><W86/><G124/><T16/><D16/><N who="1" m="10399" /><E127/><V2/><F2/><W67/><G67/><T133/><D133/><N who="1" m="50699" /><E63/><V42/><F42/><W101/><G101/><N who="1" m="39018" /><E51/><V49/><F87/><W126/><G126/><T66/><D97/><AGARI ba="0,0" hai="97,103,104,128,130" m="39018,50699,10399" machi="97" ten="30,2000,0" yaku="20,1,54,1" doraHai="41" who="1" fromWho="0" sc="363,-20,153,20,168,0,316,0" /><INIT seed="3,0,0,5,4,11" ten="343,173,168,316" oya="3" hai0="23,55,135,90,50,132,20,108,7,34,4,74,89" hai1="100,39,5,28,125,27,84,31,104,59,6,47,16" hai2="40,41,130,133,9,13,67,96,119,134,105,122,78" hai3="52,63,71,38,111,83,115,98,48,12,1,53,17"/><W68/><G115/><T49/><D34/><U81/><E125/><V26/><F119/><W15/><G1/><T61/><D61/><U21/><E104/><V109/><F109/><W29/><G38/><T37/><D74/><U99/><E59/><V30/><F130/><W102/><G29/><T103/><D103/><U101/><E39/><V62/><F78/><W3/><G3/><T32/><D32/><U8/><E47/><V42/><F122/><W58/><G111/><T116/><D37/><U126/><E126/><V45/><F96/><W72/><G12/><T33/><D33/><U64/><E64/><V131/><F105/><W79/><G53/><T51/><D55/><U112/><E112/><V22/><F131/><W0/><G0/><T2/><D116/><U124/><E124/><V18/><REACH who="2" step="1"/><F45/><REACH who="2" ten="343,173,158,316" step="2"/><W117/><G117/><T107/><D107/><U94/><E101/><V92/><F92/><W56/><G56/><AGARI ba="0,1" hai="9,13,18,22,26,30,40,41,42,56,62,67,133,134" machi="56" ten="40,2600,0" yaku="1,1,52,1,53,0" doraHai="11" doraHaiUra="65" who="2" fromWho="3" sc="343,0,173,0,158,36,316,-26" owari="343,44.3,173,-32.7,194,-20.6,290,9.0" /></mjloggm>