<mjloggm ver="2.3"><GO type="225" lobby="0"/><UN n0="%48%61%61%61%6C%61%6E%64" n1="%74%61%6B%75%61%6B%61" n2="%E6%A0%B9%E5%85%83%E3%81%8B%E3%82%89%E5%90%B9%E3%81%A3%E9%A3%9B%E3%81%B6" n3="%E3%81%8F%E3%81%BE%E3%81%96%E3%82%8F" dan="17,16,16,16" rate="2164.04,2155.59,2156.84,2041.08" sx="M,M,F,M"/><TAIKYOKU oya="0"/><INIT seed="0,0,0,3,4,11" ten="250,250,250,250" oya="0" hai0="44,49,0,70,19,82,110,17,63,120,79,132,61" hai1="9,130,40,134,115,125,37,131,121,80,7,16,96" hai2="54,14,73,66,95,58,116,78,113,117,135,24,128" hai3="89,88,124,47,53,21,77,92,65,114,94,85,71"/><T108/><D120/><U42/><E121/><V57/><F113/><W51/><G114/><T119/><D119/><U126/><E115/><V18/><F128/><N who="1" m="49193" /><E80/><V112/><F135/><W27/><G124/><N who="1" m="47722" /><E96/><V55/><F24/><W31/><G77/><T72/><D132/><U98/><E98/><V111/><F111/><N who="0" m="42538" /><D0/><N who="1" m="231" /><E134/><V10/><F78/><W26/><G26/><T3/><D3/><U2/><E2/><V69/><F112/><W133/><G133/><T52/><D70/><U35/><E35/><V127/><F69/><W64/><G71/><T4/><D4/><U46/><E42/><V6/><F127/><W23/><G21/><T8/><D17/><AGARI ba="0,0" hai="16,17,37,40,46" m="231,47722,49193" machi="17" ten="30,3900,0" yaku="19,1,18,1,54,1" doraHai="11" who="1" fromWho="0" sc="250,-39,250,39,250,0,250,0" /><INIT seed="1,0,0,3,5,120" ten="211,289,250,250" oya="1" hai0="77,122,98,76,35,102,74,7,119,36,6,84,31" hai1="109,50,66,26,105,73,110,21,41,9,130,25,86" hai2="79,33,71,53,59,3,90,104,29,87,63,78,28" hai3="43,101,45,19,85,15,69,58,42,22,56,39,116"/><U57/><E73/><V51/><F3/><W81/><G116/><T70/><D119/><U17/><E105/><V121/><F121/><W123/><G123/><T12/><D122/><U27/><E130/><V55/><F104/><W75/><G69/><T80/><D36/><U115/><E115/><V1/><F1/><W134/><G134/><T49/><D70/><U131/><E131/><V48/><F71/><W91/><G101/><T40/><D35/><U88/><E9/><V118/><F118/><W18/><G75/><T82/><D31/><N who="2" m="11850" /><F33/><W112/><G112/><T125/><D125/><U103/><E103/><V100/><F100/><W94/><G43/><T47/><REACH who="0" step="1"/><D12/><REACH who="0" ten="201,289,250,250" step="2"/><N who="1" m="9383" /><E41/><V114/><F114/><W24/><REACH who="3" step="1"/><G81/><REACH who="3" ten="201,289,250,240" step="2"/><T111/><D111/><U46/><E109/><V135/><F135/><W52/><G52/><T37/><D37/><U107/><E110/><V20/><F55/><W93/><G93/><AGARI ba="0,2" hai="6,7,40,47,49,74,76,77,80,82,84,93,98,102" machi="93" ten="30,3900,0" yaku="1,1,7,1,53,1" doraHai="120" doraHaiUra="99" who="0" fromWho="3" sc="201,59,289,0,250,0,240,-39" /><INIT seed="2,0,0,3,1,45" ten="260,289,250,201" oya="2" hai0="13,64,97,135,70,54,103,9,57,112,132,41,82" hai1="101,95,29,40,127,30,46,18,5,85,86,19,105" hai2="126,33,43,12,115,39,49,108,89,1,59,3,32" hai3="110,100,131,21,14,4,124,93,55,79,83,50,52"/><V119/><F115/><W92/><G110/><T121/><D112/><U56/><E105/><V123/><F119/><W111/><G111/><T28/><D121/><U104/><E104/><V61/><F123/><W44/><G124/><T128/><D41/><U72/><E72/><V69/><F108/><W38/><G38/><T90/><D28/><U88/><E127/><V25/><F126/><W120/><G120/><T6/><D128/><U122/><E122/><V78/><F78/><W113/><G113/><T15/><D64/><U53/><E101/><V63/><F12/><W67/><G67/><T134/><D70/><U17/><E5/><V20/><F39/><W10/><G100/><T8/><D82/><U84/><E46/><N who="2" m="25823" /><F63/><W68/><G68/><T47/><D90/><U99/><REACH who="1" step="1"/><E40/><REACH who="1" ten="260,279,250,201" step="2"/><V75/><F75/><W35/><G131/><T133/><D133/><U65/><E65/><V114/><F114/><W42/><G35/><T71/><D134/><U23/><E23/><V24/><F33/><W2/><G21/><T94/><D132/><U130/><E130/><V66/><F20/><W7/><G7/><N who="0" m="3231" /><D47/><U91/><E91/><V118/><F69/><W48/><G2/><T96/><D135/><U77/><E77/><V109/><F109/><W22/><G22/><T26/><D71/><U16/><N who="1" m="4096" /><DORA hai="58" /><U107/><E107/><V106/><F106/><W73/><G42/><T116/><D6/><U87/><N who="1" m="21504" /><DORA hai="0" /><U31/><E31/><V98/><F32/><W60/><G73/><T11/><D103/><U37/><E37/><V76/><F1/><W125/><G125/><RYUUKYOKU ba="0,1" sc="260,-10,279,30,250,-10,201,-10" hai1="29,30,53,56,88,95,99" /><INIT seed="3,1,1,4,4,13" ten="250,309,240,191" oya="3" hai0="119,111,37,22,14,6,57,115,4,74,101,35,53" hai1="105,83,106,127,59,104,60,120,129,133,25,47,114" hai2="96,113,88,0,77,124,102,90,52,7,18,15,70" hai3="55,91,98,65,75,108,68,67,28,103,9,80,117"/><W112/><G112/><T126/><D119/><U66/><E114/><V5/><F70/><W116/><G108/><T54/><D35/><U69/><E120/><V45/><F77/><W89/><G89/><N who="2" m="34409" /><F0/><W50/><G28/><T82/><D37/><U56/><E127/><V43/><F43/><W19/><G116/><T121/><D121/><U62/><E129/><V123/><F123/><W8/><G117/><T46/><D115/><U135/><E83/><V17/><F124/><W10/><G68/><T27/><D101/><U63/><E47/><V100/><F18/><W97/><G19/><T33/><D74/><U34/><E69/><V40/><F40/><W128/><G128/><T41/><D82/><U76/><E76/><V131/><F131/><W48/><G75/><T92/><D41/><U78/><E78/><V38/><F38/><W30/><G30/><T2/><D2/><U72/><E72/><V26/><F26/><W118/><G118/><T81/><D27/><U86/><E25/><V109/><F109/><W93/><G50/><T125/><D111/><U58/><E34/><V51/><F113/><W32/><G32/><T3/><D33/><U134/><E66/><V16/><F17/><W95/><REACH who="3" step="1"/><G80/><REACH who="3" ten="250,309,240,181" step="2"/><T64/><D81/><U1/><E133/><V39/><F39/><W44/><AGARI ba="1,2" hai="8,9,10,44,48,55,65,67,91,93,95,97,98,103" machi="44" ten="30,11700,0" yaku="1,1,2,1,0,1,8,1,53,0" doraHai="13" doraHaiUra="36" who="3" fromWho="3" sc="250,-40,309,-40,240,-40,181,140" owari="210,-19.0,269,6.9,200,-30.0,321,42.1" /></mjloggm>