<mjloggm ver="2.3"><GO type="225" lobby="0"/><UN n0="%E3%81%86%E3%82%8C%E3%81%9F%E3%82%93%E6%9E%95" n1="%E3%81%B5%E3%81%98%E3%81%8B%E3%81%A4" n2="%E6%B0%B7%E5%B7%9D%E9%87%8C%E5%A5%88" n3="%6B%69%72%61%64%6F%6B%69" dan="16,16,16,16" rate="2096.64,2165.16,2069.16,2118.63" sx="F,M,F,M"/><TAIKYOKU oya="0"/><INIT seed="0,0,0,3,0,121" ten="250,250,250,250" oya="0" hai0="125,11,9,77,17,53,114,29,109,82,111,84,19" hai1="57,71,120,35,0,43,16,24,27,85,20,134,38" hai2="128,46,73,8,86,80,21,88,115,66,61,28,56" hai3="119,30,100,102,3,34,13,117,112,123,118,47,89"/><T106/><D114/><U70/><E120/><V72/><F128/><W26/><G123/><T37/><D125/><U48/><E134/><V58/><F115/><W12/><G112/><T74/><D106/><U87/><E0/><V130/><F130/><W52/><G3/><T113/><D113/><U93/><E38/><V105/><F105/><W133/><G133/><T22/><D37/><U6/><E6/><V10/><F46/><W107/><G89/><T127/><D127/><U64/><E43/><V104/><F104/><W5/><G107/><T54/><D74/><U124/><E124/><V92/><F72/><W67/><G67/><T101/><D101/><U31/><E48/><V69/><F69/><W33/><G33/><T116/><D29/><U18/><E18/><N who="0" m="6665" /><D22/><U122/><E122/><V75/><F75/><W68/><G68/><T135/><D135/><U4/><E4/><V131/><F131/><W32/><G32/><T76/><D76/><U51/><E87/><V14/><F56/><W96/><G5/><T49/><D116/><U15/><E27/><V90/><F73/><W98/><G102/><T60/><D60/><U110/><E110/><N who="0" m="41993" /><D53/><N who="1" m="31935" /><E64/><V41/><F28/><W44/><G100/><T94/><D94/><U99/><E85/><V79/><F79/><W25/><G117/><T42/><D42/><U65/><E65/><V83/><F41/><W1/><G34/><T129/><D129/><U91/><E35/><V95/><F21/><W39/><G39/><T103/><D103/><U55/><E55/><V40/><F40/><W81/><G52/><T97/><D97/><RYUUKYOKU ba="0,0" sc="250,15,250,15,250,-15,250,-15" hai0="9,11,49,54,77,82,84" hai1="15,16,20,24,31,70,71,91,93,99" /><INIT seed="0,1,0,2,3,46" ten="265,265,235,235" oya="0" hai0="91,123,77,80,106,61,76,68,113,40,94,50,86" hai1="53,107,8,90,69,25,19,57,63,2,97,22,103" hai2="92,130,133,134,83,85,43,10,60,109,52,41,88" hai3="35,15,14,36,30,29,124,4,49,9,79,71,65"/><T38/><D113/><U32/><E69/><V89/><F10/><W126/><G36/><T31/><D123/><U119/><E119/><V12/><F12/><N who="3" m="4651" /><G79/><N who="0" m="30283" /><D106/><U128/><E128/><V98/><F109/><W26/><G65/><T37/><D37/><U56/><E90/><V114/><F114/><W45/><G71/><T27/><D38/><U111/><E111/><V101/><F130/><W3/><G45/><N who="0" m="25895" /><D68/><U34/><REACH who="1" step="1"/><E57/><REACH who="1" ten="265,255,235,235" step="2"/><N who="2" m="34855" /><F101/><W62/><G124/><T7/><D7/><AGARI ba="1,1" hai="2,7,8,19,22,25,32,34,53,56,63,97,103,107" machi="7" ten="40,2600,0" yaku="1,1,53,1" doraHai="46" doraHaiUra="54" who="1" fromWho="0" sc="265,-29,255,39,235,0,235,0" /><INIT seed="1,0,0,2,1,31" ten="236,294,235,235" oya="1" hai0="20,107,76,46,65,13,96,15,67,105,16,80,56" hai1="27,104,95,128,41,91,2,123,64,38,9,14,49" hai2="63,124,77,47,3,68,35,116,118,62,25,129,127" hai3="1,110,12,106,4,18,103,61,50,55,85,0,135"/><U126/><E123/><V115/><F77/><W74/><G74/><T86/><D46/><U78/><E126/><N who="2" m="48171" /><F3/><W79/><G110/><T99/><D13/><U29/><E104/><V66/><F25/><W109/><G109/><T52/><D105/><U75/><E64/><N who="0" m="24649" /><D107/><U89/><E2/><V57/><F35/><W40/><G40/><T6/><D6/><U51/><E38/><V24/><F24/><W132/><G4/><T7/><D7/><U100/><E100/><V88/><F88/><W114/><G114/><T83/><D83/><U70/><E70/><V19/><F19/><W60/><G18/><T122/><D122/><U108/><E108/><V93/><F93/><W5/><G12/><T37/><D37/><U48/><E41/><V59/><F129/><W17/><G17/><T11/><D11/><U82/><E128/><V22/><F22/><W54/><G5/><T131/><D131/><U81/><E81/><V45/><F115/><W90/><G106/><T8/><D8/><U30/><E30/><V32/><F32/><W97/><G0/><T71/><D71/><U23/><E95/><V42/><F63/><AGARI ba="0,0" hai="15,16,20,52,56,63,76,80,86,96,99" m="24649" machi="63" ten="30,3900,0" yaku="8,1,54,2" doraHai="31" who="0" fromWho="2" sc="236,39,294,0,235,-39,235,0" /><INIT seed="2,0,0,2,2,32" ten="275,294,196,235" oya="2" hai0="88,39,50,63,111,116,54,122,117,107,55,96,68" hai1="8,101,114,128,112,113,105,7,48,52,19,89,69" hai2="53,25,57,109,64,40,126,129,46,85,95,94,82" hai3="56,34,51,10,1,65,41,76,17,108,47,119,134"/><V100/><F126/><W23/><G119/><N who="0" m="45643" /><D122/><U71/><E128/><V80/><F129/><W22/><G34/><T28/><D28/><U60/><E89/><V11/><F109/><W9/><G108/><T16/><D111/><U0/><E19/><V26/><F64/><W115/><G134/><T21/><D39/><U35/><E60/><V98/><F94/><W31/><G115/><T72/><D72/><U30/><E30/><V102/><F102/><W4/><G76/><T13/><D107/><U93/><E105/><V127/><F127/><W49/><G31/><T92/><D50/><U58/><REACH who="1" step="1"/><E35/><REACH who="1" ten="275,284,196,235" step="2"/><V118/><F118/><W37/><G23/><T5/><D5/><U103/><E103/><V124/><F124/><W77/><G22/><T104/><D104/><U78/><E78/><V33/><F11/><W120/><G77/><T123/><D123/><U36/><E36/><V27/><F33/><W79/><G79/><T106/><D106/><U75/><E75/><V90/><F80/><W18/><G10/><T74/><D74/><U133/><E133/><V43/><REACH who="2" step="1"/><F46/><REACH who="2" ten="275,284,186,235" step="2"/><W24/><G120/><T132/><D132/><U84/><E84/><V110/><F110/><W97/><G47/><T6/><D6/><U14/><E14/><V131/><F131/><W38/><G9/><T42/><D13/><U66/><E66/><V87/><F87/><W91/><G65/><T3/><D21/><U70/><E70/><V121/><F121/><W45/><G4/><T81/><D68/><U62/><E62/><AGARI ba="0,2" hai="25,26,27,40,43,53,57,62,82,85,90,95,98,100" machi="62" ten="40,3900,0" yaku="1,1,8,1,53,0" doraHai="32" doraHaiUra="135" who="2" fromWho="1" sc="275,0,284,-39,186,59,235,0" /><INIT seed="2,1,0,1,4,31" ten="275,245,245,235" oya="2" hai0="41,114,12,75,61,48,47,28,63,82,26,132,30" hai1="94,105,45,97,119,127,62,103,27,53,67,89,6" hai2="123,118,35,36,102,37,81,11,4,20,24,134,17" hai3="72,50,18,70,33,29,46,60,107,55,112,101,90"/><V126/><F118/><W43/><G72/><T131/><D114/><U84/><E119/><V83/><F123/><W95/><G112/><T116/><D131/><U49/><E127/><V73/><F126/><W69/><G18/><T130/><D130/><U71/><E6/><V121/><F121/><W57/><G101/><T91/><D116/><U77/><E77/><V0/><F102/><W52/><G107/><T80/><D30/><U106/><REACH who="1" step="1"/><E27/><REACH who="1" ten="275,235,245,235" step="2"/><V15/><F134/><W111/><G111/><T51/><D132/><U115/><E115/><V74/><F74/><W76/><G76/><T100/><D75/><U16/><E16/><V9/><F73/><W98/><REACH who="3" step="1"/><G43/><REACH who="3" ten="275,235,245,225" step="2"/><T54/><D41/><U79/><E79/><V135/><F135/><W113/><G113/><T78/><D78/><U110/><E110/><V5/><REACH who="2" step="1"/><F35/><REACH who="2" ten="275,235,235,225" step="2"/><W108/><G108/><T120/><D120/><U3/><E3/><V8/><F8/><W19/><G19/><T66/><D28/><U1/><E1/><V117/><F117/><W40/><G40/><T21/><D21/><U32/><E32/><V85/><F85/><W124/><G124/><T2/><D2/><U58/><E58/><V92/><F92/><AGARI ba="1,3" hai="45,49,53,62,67,71,84,89,92,94,97,103,105,106" machi="92" ten="30,2000,0" yaku="1,1,7,1,53,0" doraHai="31" doraHaiUra="7" who="1" fromWho="2" sc="275,0,235,53,235,-23,225,0" /><INIT seed="3,0,0,3,4,132" ten="275,288,212,225" oya="3" hai0="115,43,118,58,14,24,17,91,8,53,104,34,31" hai1="20,21,124,57,23,84,11,68,76,19,127,103,69" hai2="100,131,120,42,63,1,119,47,59,10,123,22,75" hai3="33,66,96,83,5,95,79,67,3,7,64,105,2"/><W62/><G105/><T72/><D118/><U90/><E103/><V26/><F119/><W32/><G62/><T61/><D104/><U70/><E76/><V49/><F131/><W44/><G44/><T46/><D115/><U0/><E57/><V108/><F108/><W93/><G64/><T114/><D114/><U29/><E29/><V36/><F100/><W97/><G79/><T13/><D72/><U87/><E87/><V71/><F75/><W38/><REACH who="3" step="1"/><G83/><REACH who="3" ten="275,288,212,215" step="2"/><T40/><D46/><U122/><E122/><N who="2" m="46635" /><F71/><W56/><G56/><T94/><REACH who="0" step="1"/><D13/><REACH who="0" ten="265,288,212,215" step="2"/><N who="1" m="7615" /><E0/><V117/><F117/><W50/><G50/><T39/><D39/><AGARI ba="0,2" hai="2,3,5,7,32,33,38,39,66,67,93,95,96,97" machi="39" ten="25,12000,1" yaku="1,1,22,2,53,2" doraHai="132" doraHaiUra="89" who="3" fromWho="0" sc="265,-120,288,0,212,0,215,140" owari="145,-35.5,288,8.8,212,-18.8,355,45.5" /></mjloggm>