<mjloggm ver="2.3"><GO type="225" lobby="0"/><UN n0="%E3%82%B2%E3%82%B9%E8%8C%82%E5%8B%9D" n1="%E6%81%A5%E6%99%92%E3%81%97" n2="%43%6F%66%66%65%65" n3="%E3%82%BC%E3%83%AB%E3%83%80%E3%81%AE%E4%BC%9D%E8%AA%AC" dan="16,16,16,18" rate="2067.89,2109.70,2095.86,2249.75" sx="F,M,F,M"/><TAIKYOKU oya="0"/><INIT seed="0,0,0,2,4,71" ten="250,250,250,250" oya="0" hai0="109,0,129,118,73,6,5,87,59,101,88,80,81" hai1="20,108,115,120,12,19,55,61,114,2,23,133,74" hai2="65,14,46,3,69,4,72,56,60,110,132,112,7" hai3="32,11,38,16,26,125,40,51,48,44,85,25,63"/><T124/><D118/><U53/><E120/><V49/><F112/><N who="1" m="43049" /><E74/><V107/><F72/><W58/><G125/><T57/><D129/><U54/><E2/><V41/><F107/><W75/><G75/><T62/><D124/><U82/><E108/><V122/><F122/><W45/><G85/><T134/><D134/><U33/><E33/><V21/><F3/><W17/><G32/><T64/><D109/><U18/><E82/><V79/><F79/><W100/><G100/><T1/><D101/><U128/><E133/><V50/><F110/><W119/><G119/><T99/><D99/><U67/><E128/><V37/><F132/><W22/><G44/><T8/><D5/><U121/><E121/><V39/><F49/><W135/><G135/><T94/><D0/><U131/><E131/><V66/><F66/><W93/><G93/><T76/><REACH who="0" step="1"/><D81/><REACH who="0" ten="240,250,250,250" step="2"/><U91/><E19/><V97/><F97/><W70/><G17/><T111/><D111/><U47/><E18/><N who="2" m="10455" /><F7/><W28/><G11/><T96/><D96/><U95/><E12/><V126/><F4/><W83/><G83/><T90/><D90/><U34/><E91/><V84/><F126/><W106/><G16/><T30/><D30/><U27/><E27/><V15/><F15/><W29/><G26/><T77/><D77/><U123/><E123/><V116/><F116/><W103/><G28/><T43/><D43/><U117/><E117/><V52/><F84/><W35/><G103/><T9/><D9/><U36/><E95/><V89/><F89/><W130/><G130/><T42/><D42/><N who="1" m="22983" /><E34/><V127/><F127/><RYUUKYOKU ba="0,1" sc="240,10,250,10,250,10,250,-30" hai0="1,6,8,57,59,62,64,73,76,80,87,88,94" hai1="20,23,53,54,55,61,67" hai2="37,39,41,46,50,52,56,60,65,69" /><INIT seed="0,1,1,0,0,112" ten="250,260,260,220" oya="0" hai0="116,90,104,78,38,85,92,65,82,69,129,57,21" hai1="27,98,28,49,15,35,124,111,110,95,117,2,114" hai2="43,37,125,101,5,134,46,54,24,33,127,39,12" hai3="81,20,23,11,0,73,13,118,9,32,41,121,17"/><T18/><D129/><U40/><E114/><V10/><F134/><W47/><G32/><T30/><D38/><U105/><E124/><N who="2" m="47691" /><F101/><W122/><G118/><T109/><D109/><N who="1" m="41483" /><E2/><V44/><F54/><W107/><G107/><T87/><D104/><U103/><E15/><V29/><F44/><W67/><G67/><T96/><D69/><U58/><E105/><V66/><F66/><W62/><G62/><T115/><D115/><U99/><E99/><V83/><F83/><W128/><G128/><T130/><D130/><U97/><E97/><V76/><F76/><N who="3" m="44175" /><G20/><T34/><D30/><U72/><E72/><V14/><F37/><N who="3" m="21935" /><G11/><T6/><D34/><U50/><E40/><V126/><N who="2" m="47699" /><V51/><DORA hai="79" /><F39/><W84/><G84/><T45/><D6/><AGARI ba="1,1" hai="0,6,9,13,17,23,121,122" m="21935,44175" machi="6" ten="30,2000,0" yaku="25,1,52,1" doraHai="112,79" who="3" fromWho="0" sc="250,-23,260,0,260,0,220,33" /><INIT seed="1,0,0,4,2,21" ten="227,260,260,253" oya="1" hai0="97,88,34,36,16,52,82,35,106,75,93,68,1" hai1="42,71,8,23,13,107,89,135,56,123,130,79,38" hai2="91,14,116,67,58,69,99,125,0,126,112,27,33" hai3="73,101,7,51,104,50,108,4,61,118,12,132,31"/><U2/><E123/><V9/><F116/><W80/><G118/><T127/><D127/><N who="2" m="48650" /><F69/><W20/><G104/><T22/><D1/><U85/><E71/><V6/><F112/><W78/><G101/><T48/><D68/><U105/><E2/><V18/><F67/><W83/><G108/><T122/><D122/><U95/><E130/><V11/><F58/><W44/><G61/><T103/><D36/><U117/><E135/><V59/><F59/><W25/><G132/><T94/><D106/><U19/><E117/><V113/><F113/><W40/><G12/><T92/><D92/><U102/><E102/><V133/><F133/><W120/><G120/><T47/><D82/><U119/><E119/><V90/><F99/><W131/><G131/><T63/><D63/><U84/><E56/><V37/><F37/><W28/><G28/><AGARI ba="0,0" hai="0,6,9,11,14,18,27,28,33,90,91" m="48650" machi="28" ten="30,2000,0" yaku="18,1,52,1" doraHai="21" who="2" fromWho="3" sc="227,0,260,0,260,20,253,-20" /><INIT seed="2,0,0,5,4,75" ten="227,260,280,233" oya="2" hai0="13,128,49,73,27,87,44,21,115,46,113,62,48" hai1="96,50,76,135,117,43,11,72,102,101,25,77,40" hai2="88,93,64,131,17,4,79,47,103,84,38,66,15" hai3="105,86,98,23,29,31,91,6,26,89,114,106,12"/><V123/><F123/><W51/><G114/><T63/><D73/><U33/><E117/><V124/><F4/><W68/><G68/><T2/><D2/><U104/><E72/><V118/><F118/><W3/><G3/><T28/><D128/><U94/><E135/><V1/><F1/><W126/><G126/><T7/><D113/><U116/><E116/><V8/><F131/><W0/><G0/><T20/><D115/><U90/><E11/><V5/><F124/><W54/><G29/><T42/><D87/><U16/><E102/><V14/><F103/><W70/><G70/><T71/><D71/><U120/><E120/><V78/><F38/><W56/><G98/><T132/><D132/><U133/><E133/><V121/><F47/><W22/><G91/><T37/><D37/><U19/><E33/><V109/><F109/><W81/><REACH who="3" step="1"/><G6/><REACH who="3" ten="227,260,280,223" step="2"/><T111/><D111/><U45/><E90/><V53/><F121/><W129/><G129/><T67/><D67/><N who="2" m="25642" /><F53/><W59/><G59/><T58/><D58/><U85/><E40/><V100/><F100/><W97/><G97/><T35/><D35/><U122/><E122/><V39/><F39/><W119/><G119/><T24/><D44/><U125/><E125/><V108/><F108/><W80/><G80/><T65/><D65/><U34/><E104/><V60/><F60/><W127/><G127/><T9/><D49/><U61/><E61/><V112/><F112/><W36/><G36/><T134/><D134/><U74/><E101/><V18/><F5/><W57/><G57/><T99/><D99/><U32/><E96/><RYUUKYOKU ba="0,1" sc="227,10,260,-30,280,10,223,10" hai0="7,9,13,20,21,24,27,28,42,46,48,62,63" hai2="8,14,15,17,18,78,79,84,88,93" hai3="12,22,23,26,31,51,54,56,81,86,89,105,106" /><INIT seed="2,1,1,3,1,68" ten="237,230,290,233" oya="2" hai0="126,107,100,60,19,39,23,34,128,35,57,112,134" hai1="25,49,61,28,86,48,32,37,101,89,119,81,80" hai2="111,115,15,52,97,5,130,103,65,38,11,55,29" hai3="122,40,108,69,47,22,133,21,76,24,109,127,30"/><V79/><F115/><W110/><G122/><T50/><D112/><U83/><E119/><V56/><F130/><W124/><G69/><T16/><D39/><U71/><E101/><V1/><F111/><W20/><G76/><T70/><D128/><U3/><E3/><V84/><F38/><N who="3" m="21911" /><G133/><T113/><D113/><U92/><REACH who="1" step="1"/><E37/><REACH who="1" ten="237,220,290,233" step="2"/><V95/><F1/><W43/><G43/><T87/><D100/><U96/><E96/><V46/><F103/><W36/><G36/><T94/><D134/><U78/><E78/><V59/><F79/><W118/><G118/><T88/><D107/><U0/><E0/><V31/><F97/><W117/><G117/><T44/><D87/><U90/><E90/><V74/><F84/><W2/><G2/><T51/><D88/><U73/><E73/><V99/><F74/><W8/><G8/><T132/><D132/><U129/><E129/><V66/><F99/><W104/><G104/><T67/><D94/><U27/><E27/><V26/><F95/><W63/><G63/><T121/><D121/><U10/><E10/><V98/><F26/><W105/><G105/><T53/><D60/><U102/><E102/><V9/><F98/><W42/><G42/><T120/><D120/><U116/><E116/><V77/><F77/><W12/><G12/><T62/><D62/><U58/><E58/><V7/><F15/><W106/><G106/><T75/><D57/><U135/><E135/><V4/><F7/><W91/><G91/><T41/><D41/><U18/><E18/><V82/><F82/><W72/><G72/><T45/><D75/><RYUUKYOKU ba="1,2" sc="237,-30,220,10,290,10,233,10" hai1="25,28,32,48,49,61,71,80,81,83,86,89,92" hai2="4,5,9,11,29,31,46,52,55,56,59,65,66" hai3="20,21,22,24,30,108,109,110,124,127" /><INIT seed="2,2,2,0,0,66" ten="207,230,300,243" oya="2" hai0="99,65,22,30,95,96,84,34,112,6,81,1,40" hai1="129,48,5,9,123,100,37,29,36,62,42,26,110" hai2="114,41,109,55,21,130,51,46,104,27,92,71,72" hai3="35,18,106,67,56,44,116,57,28,87,128,75,133"/><V70/><F114/><W4/><G75/><T119/><D112/><U126/><E110/><V113/><F113/><W90/><G106/><T8/><D119/><U115/><E115/><V111/><F104/><W107/><G107/><T12/><D40/><U86/><E100/><V50/><F72/><W53/><G116/><T69/><D34/><U39/><E123/><V80/><F80/><W73/><G73/><T16/><D30/><U14/><E126/><V13/><F13/><W20/><G4/><T10/><D10/><U32/><E129/><V2/><F2/><W31/><G35/><T103/><D96/><U11/><E86/><V118/><F92/><N who="3" m="54367" /><G133/><T101/><D101/><U88/><E62/><V131/><F118/><W77/><G77/><T97/><D97/><U89/><REACH who="1" step="1"/><E11/><REACH who="1" ten="207,220,300,243" step="2"/><V15/><F130/><W7/><G128/><T108/><D108/><N who="2" m="41546" /><F131/><W58/><G67/><T135/><D135/><U79/><E79/><V124/><F124/><W74/><G74/><T83/><REACH who="0" step="1"/><D84/><REACH who="0" ten="197,220,300,243" step="2"/><U52/><E52/><V47/><F55/><W94/><G53/><T85/><D85/><U134/><E134/><V43/><F43/><W105/><G105/><T127/><D127/><U122/><E122/><V33/><F41/><W82/><G82/><T121/><D121/><U19/><E19/><V25/><F33/><W125/><G125/><T45/><D45/><AGARI ba="2,4" hai="5,9,14,26,29,32,36,37,39,42,45,48,88,89" machi="45" ten="40,8000,1" yaku="1,1,54,1,53,3" doraHai="66" doraHaiUra="68" who="1" fromWho="0" sc="197,-86,220,126,300,0,243,0" /><INIT seed="3,0,0,4,5,128" ten="111,346,300,243" oya="3" hai0="4,98,124,118,11,108,109,17,103,26,97,120,25" hai1="45,16,33,104,8,107,106,115,13,89,14,93,101" hai2="66,58,72,102,75,117,59,114,73,113,39,95,88" hai3="105,112,5,60,82,37,50,90,12,7,61,28,34"/><W133/><G37/><T20/><D103/><U3/><E115/><V78/><F117/><W121/><G105/><T18/><D97/><U111/><E111/><V42/><F102/><W47/><G112/><T83/><D83/><U46/><E3/><V69/><F78/><W122/><G34/><T86/><D98/><U99/><E33/><V23/><F69/><W129/><G129/><T40/><D86/><U134/><E134/><V76/><F76/><W77/><G28/><T68/><D40/><U6/><REACH who="1" step="1"/><E101/><REACH who="1" ten="111,336,300,243" step="2"/><V123/><F123/><W51/><G133/><T87/><D68/><U49/><E49/><V19/><F113/><W52/><G90/><T126/><D87/><U21/><AGARI ba="0,1" hai="6,8,13,14,16,21,45,46,89,93,99,104,106,107" machi="21" ten="30,7900,0" yaku="1,1,0,1,54,1,53,1" doraHai="128" doraHaiUra="84" who="1" fromWho="1" sc="111,-20,336,89,300,-20,243,-39" owari="91,-40.9,425,52.5,280,8.0,204,-19.6" /></mjloggm>