<mjloggm ver="2.3"><GO type="225" lobby="0"/><UN n0="%E3%81%AA%E3%82%81%E3%81%93%E9%9B%80%E5%A3%AB" n1="%E6%9D%B1%E9%A2%A8%E3%81%AE%E3%81%8D%E3%82%83%E3%81%B7%E3%81%95%E3%82%93" n2="%E3%81%8F%E3%82%89%E3%82%89" n3="%E4%BA%BA%E9%96%93%E3%83%81%E3%83%A3%E3%83%BC%E3%83%8F%E3%83%B3" dan="16,17,17,16" rate="2024.73,2224.42,2190.48,2136.58" sx="M,M,F,M"/><TAIKYOKU oya="0"/><INIT seed="0,0,0,2,3,50" ten="250,250,250,250" oya="0" hai0="23,115,130,68,105,63,53,79,76,80,81,74,129" hai1="93,71,49,77,124,112,37,95,41,33,120,97,103" hai2="54,109,69,34,42,16,62,28,60,44,9,8,67" hai3="25,3,114,27,104,126,55,31,14,46,45,13,133"/><T117/><D115/><U29/><E120/><V58/><F109/><W57/><G114/><T59/><D117/><U32/><E124/><V91/><F91/><W85/><G104/><T64/><D105/><U88/><E71/><V39/><F28/><W24/><G3/><T10/><D23/><U11/><E37/><V89/><F34/><W15/><G126/><T7/><D68/><U66/><E66/><V87/><REACH who="2" step="1"/><F16/><REACH who="2" ten="250,250,240,250" step="2"/><W19/><G133/><T94/><D94/><AGARI ba="0,1" hai="8,9,39,42,44,54,58,60,62,67,69,87,89,94" machi="94" ten="30,8000,1" yaku="1,1,2,1,7,1,52,1,53,1" doraHai="50" doraHaiUra="86" who="2" fromWho="0" sc="250,-80,250,0,240,90,250,0" /><INIT seed="1,0,0,4,0,59" ten="170,250,330,250" oya="1" hai0="1,96,41,79,52,94,38,17,51,98,117,68,46" hai1="97,42,14,109,43,32,31,104,44,18,37,45,22" hai2="69,39,90,115,54,72,105,84,23,34,114,21,78" hai3="40,119,76,120,56,112,47,29,113,111,74,64,73"/><U87/><E109/><V67/><F105/><W6/><G120/><T124/><D117/><U60/><E87/><V122/><F122/><W95/><G119/><T58/><D124/><U89/><E32/><V108/><F39/><W50/><G111/><T110/><D110/><U100/><E31/><V16/><F34/><W130/><G130/><T26/><D1/><U0/><E0/><V5/><F5/><W99/><G6/><T131/><D131/><U7/><E89/><V57/><F67/><W134/><G134/><T71/><D79/><U24/><E7/><V53/><F69/><W83/><G74/><T63/><D98/><U116/><E116/><V127/><F23/><W123/><G123/><T62/><D71/><U36/><E60/><N who="2" m="35887" /><F54/><W118/><G118/><T135/><D135/><U101/><E101/><V93/><F127/><W55/><G64/><T128/><D128/><U19/><E19/><V61/><F61/><W80/><G29/><T65/><D63/><U9/><REACH who="1" step="1"/><E9/><REACH who="1" ten="170,240,330,250" step="2"/><V11/><F11/><W35/><G35/><T125/><D125/><U2/><E2/><V132/><F108/><W92/><G83/><T10/><D10/><U88/><E88/><V126/><F126/><W77/><G77/><T28/><D17/><U102/><E102/><V15/><F132/><W8/><G8/><T106/><D28/><U129/><E129/><V3/><F3/><W48/><G95/><T20/><D94/><U133/><E133/><V66/><F78/><W13/><G13/><AGARI ba="0,1" hai="13,14,18,22,24,36,37,42,43,44,45,97,100,104" machi="13" ten="40,3900,0" yaku="1,1,9,1,53,0" doraHai="59" doraHaiUra="75" who="1" fromWho="3" sc="170,0,240,49,330,0,250,-39" /><INIT seed="1,1,0,1,2,105" ten="170,289,330,211" oya="1" hai0="42,53,41,3,50,34,119,0,30,83,8,1,31" hai1="6,127,52,20,63,90,11,47,104,118,96,39,81" hai2="27,14,133,19,29,7,92,33,43,112,21,17,80" hai3="134,130,71,86,94,32,22,48,122,70,36,40,117"/><U99/><E118/><V103/><F133/><W28/><G122/><T111/><D119/><U25/><E127/><V125/><F125/><W100/><G117/><T62/><D111/><U4/><E104/><V106/><F106/><W24/><G36/><T55/><D8/><U61/><E61/><V58/><F43/><W64/><G130/><T77/><D62/><U89/><E39/><V109/><F109/><W110/><G110/><T37/><D37/><U76/><E99/><V113/><F58/><W107/><G134/><T87/><D55/><U57/><E47/><V10/><F80/><W73/><G73/><T66/><D66/><U9/><E9/><N who="2" m="6351" /><F92/><W46/><G107/><T132/><D34/><U82/><E82/><V18/><F103/><W68/><G64/><T75/><D87/><U56/><E56/><V5/><F19/><W91/><REACH who="3" step="1"/><G100/><REACH who="3" ten="170,289,330,201" step="2"/><T131/><D131/><U59/><E59/><V114/><F114/><W54/><G54/><T35/><D132/><U129/><E129/><V15/><F5/><W12/><G12/><AGARI ba="1,1" hai="7,10,12,15,18,21,27,29,33,112,113" m="6351" machi="12" ten="30,2000,0" yaku="34,2" doraHai="105" who="2" fromWho="3" sc="170,0,289,0,330,33,201,-23" /><INIT seed="2,0,0,1,3,75" ten="170,289,363,178" oya="2" hai0="116,40,8,87,11,84,105,94,30,134,48,10,60" hai1="86,68,129,39,52,45,65,117,78,104,29,69,130" hai2="38,119,85,123,5,12,114,6,135,1,126,82,92" hai3="44,62,127,64,93,115,89,108,2,79,99,66,128"/><V51/><F114/><W90/><G2/><T42/><D105/><U21/><E104/><V59/><F38/><W28/><G108/><T14/><D30/><U16/><E29/><V13/><F1/><W83/><G127/><T113/><D113/><U63/><E117/><V74/><F123/><W55/><G128/><N who="1" m="49258" /><E39/><V24/><F74/><W4/><G115/><T102/><D60/><U107/><E107/><V47/><F24/><W33/><G4/><T36/><D134/><U18/><E69/><V124/><F59/><W31/><G33/><T20/><D36/><U34/><E34/><V0/><F92/><N who="3" m="56719" /><G83/><T73/><D73/><U15/><E18/><V41/><F119/><W132/><G132/><T58/><D102/><U71/><E71/><V80/><F80/><W103/><G103/><T7/><D7/><N who="2" m="2570" /><F0/><W17/><G17/><N who="0" m="10295" /><D116/><U91/><E91/><N who="2" m="51639" /><F135/><W121/><G121/><T110/><D110/><U106/><E106/><V109/><F109/><W49/><G90/><N who="0" m="53575" /><D87/><U25/><E86/><V101/><F101/><W76/><G93/><T9/><N who="0" m="2048" /><DORA hai="27" /><T125/><D125/><AGARI ba="0,0" hai="12,13,41,47,51,124,125,126" m="51639,2570" machi="125" ten="30,1500,0" yaku="18,1" doraHai="75,27" who="2" fromWho="0" sc="170,-15,289,0,363,15,178,0" /><INIT seed="2,1,0,4,1,100" ten="155,289,378,178" oya="2" hai0="116,52,10,56,97,50,72,120,46,135,76,83,64" hai1="90,61,67,128,82,38,133,121,80,104,47,36,132" hai2="43,117,3,93,106,48,88,9,34,21,39,23,130" hai3="49,57,20,63,1,29,44,24,102,85,65,32,33"/><V71/><F106/><W11/><G102/><T98/><D120/><U103/><E47/><V5/><F34/><W125/><G125/><T127/><D127/><U55/><E55/><V118/><F39/><W4/><REACH who="3" step="1"/><G85/><REACH who="3" ten="155,289,378,168" step="2"/><T119/><D135/><U62/><E103/><V131/><F118/><N who="0" m="45098" /><D10/><U66/><E132/><V122/><F9/><W112/><G112/><T68/><D68/><U40/><E133/><V17/><F71/><W2/><G2/><T107/><D107/><U70/><E70/><V74/><F3/><W16/><G16/><T114/><D114/><U25/><E121/><V91/><F17/><W15/><G15/><T37/><D37/><U124/><E124/><V13/><F13/><W12/><G12/><T78/><D78/><U113/><E113/><V75/><F117/><W89/><G89/><T96/><D64/><U18/><E38/><V87/><F91/><W53/><AGARI ba="1,1" hai="1,4,11,20,24,29,32,33,44,49,53,57,63,65" machi="53" ten="20,5200,0" yaku="1,1,0,1,7,1,53,1" doraHai="100" doraHaiUra="42" who="3" fromWho="3" sc="155,-14,289,-14,378,-27,168,65" /><INIT seed="3,0,0,3,3,73" ten="141,275,351,233" oya="3" hai0="10,131,36,84,15,97,111,115,101,35,41,31,14" hai1="74,117,105,81,47,129,106,53,30,54,11,49,64" hai2="78,61,66,108,43,104,57,85,0,19,39,90,21" hai3="80,132,82,72,102,96,120,112,95,28,126,79,22"/><W18/><G120/><T94/><D111/><U88/><E129/><V83/><F0/><W135/><G112/><T62/><D115/><U75/><E75/><V99/><F108/><W127/><G28/><T119/><D119/><U113/><E64/><V51/><F39/><W68/><G68/><T17/><D131/><U76/><E30/><V124/><F124/><N who="3" m="47659" /><G22/><T27/><D36/><U16/><E54/><V60/><F60/><W130/><G18/><T44/><D62/><U9/><E9/><V87/><F104/><N who="3" m="63559" /><G130/><T69/><D69/><U46/><E46/><N who="2" m="26079" /><F99/><W114/><G114/><T100/><D44/><U55/><E55/><V77/><F87/><N who="3" m="48543" /><G95/><T56/><D31/><U33/><E33/><V13/><AGARI ba="0,0" hai="13,19,21,57,61,66,77,78,83,85,90" m="26079" machi="13" ten="30,4000,0" yaku="8,1,52,2" doraHai="73" who="2" fromWho="2" sc="141,-10,275,-10,351,40,233,-20" owari="131,-36.9,265,6.5,391,49.1,213,-18.7" /></mjloggm>