<mjloggm ver="2.3"><GO type="225" lobby="0"/><UN n0="%4B%2E%32%2E%4B%2E" n1="%E3%82%B2%E3%82%B9%E8%8C%82%E5%8B%9D" n2="%E8%83%83%E3%81%A8%E8%85%B8" n3="%E3%81%A0%E3%81%8A" dan="16,16,17,16" rate="2181.39,2048.30,2231.32,2047.88" sx="M,F,M,M"/><TAIKYOKU oya="0"/><INIT seed="0,0,0,4,3,70" ten="250,250,250,250" oya="0" hai0="71,93,11,119,95,118,68,117,36,64,85,108,24" hai1="75,5,76,92,74,129,33,115,52,91,8,32,54" hai2="87,21,84,134,128,63,17,114,0,123,38,66,47" hai3="22,48,109,61,1,72,103,62,37,98,110,133,122"/><T16/><D108/><N who="3" m="41577" /><G72/><T3/><D36/><U111/><E111/><V45/><F123/><W20/><G1/><T44/><D44/><U99/><E129/><V81/><F114/><W43/><G133/><T77/><D3/><U12/><E115/><V106/><F134/><W107/><G122/><T50/><D50/><U73/><REACH who="1" step="1"/><E76/><REACH who="1" ten="250,240,250,250" step="2"/><V10/><F128/><W135/><G135/><T55/><D77/><U40/><E40/><V126/><F126/><W31/><G31/><T78/><D78/><U130/><E130/><V56/><F106/><W2/><G2/><T104/><D104/><U112/><E112/><V18/><F0/><W29/><G29/><T46/><D119/><U96/><E96/><V116/><F116/><W121/><G121/><T58/><D117/><U79/><E79/><V23/><F87/><W131/><G131/><T53/><D118/><U4/><E4/><V39/><F84/><W88/><G98/><T7/><D85/><U120/><E120/><V65/><F81/><W97/><G43/><T69/><D7/><U27/><E27/><V100/><F100/><W6/><G97/><T59/><D24/><U19/><E19/><V60/><F10/><W34/><G103/><T67/><D16/><U90/><E90/><V15/><F15/><W26/><G88/><T132/><D132/><U82/><E82/><V14/><F14/><W25/><G107/><T28/><D11/><U41/><E41/><V125/><F125/><W105/><G25/><T42/><D28/><U9/><E9/><V83/><F83/><W13/><G26/><T80/><D80/><RYUUKYOKU ba="0,1" sc="250,-15,240,15,250,15,250,-15" hai1="5,8,12,32,33,52,54,73,74,75,91,92,99" hai2="17,18,21,23,38,39,45,47,56,60,63,65,66" /><INIT seed="1,1,1,2,4,62" ten="235,255,265,235" oya="1" hai0="48,68,45,123,113,18,37,25,15,39,22,76,56" hai1="104,67,21,4,6,97,135,95,17,49,30,94,44" hai2="43,19,35,12,119,23,60,110,79,20,83,87,38" hai3="91,100,121,14,65,42,131,129,71,52,0,51,11"/><U59/><E135/><V58/><F35/><W73/><G0/><T115/><D68/><U75/><E75/><V105/><F119/><W28/><G121/><T1/><D1/><U82/><E30/><V5/><F5/><N who="1" m="2153" /><E82/><V96/><F110/><W29/><G42/><T81/><D123/><U40/><E104/><V98/><F105/><W47/><G73/><T108/><D108/><U120/><E120/><V8/><F43/><W3/><G3/><T27/><D56/><U84/><E84/><V132/><F38/><W125/><G91/><T26/><D39/><U80/><E80/><V74/><F74/><W134/><G100/><T36/><D36/><U101/><E94/><V109/><F132/><W106/><G125/><T31/><D31/><N who="3" m="11849" /><G106/><T63/><D37/><U61/><E21/><N who="2" m="8267" /><F109/><W130/><G134/><T111/><D111/><U126/><E126/><V124/><F124/><W88/><G71/><T32/><D32/><U72/><E72/><V2/><F2/><W114/><G114/><T85/><REACH who="0" step="1"/><D63/><REACH who="0" ten="225,255,265,235" step="2"/><U92/><E59/><V69/><F69/><W55/><G131/><T90/><D90/><U118/><E61/><V112/><F112/><W89/><G130/><T46/><D46/><U99/><E118/><V13/><F58/><W34/><G129/><T128/><D128/><U70/><E70/><V86/><F60/><W41/><G89/><T10/><D10/><U133/><E133/><V16/><F8/><W33/><G88/><T77/><D77/><U50/><E44/><V122/><F122/><W117/><G47/><T127/><D127/><U57/><E57/><RYUUKYOKU ba="1,2" sc="225,30,255,-10,265,-10,235,-10" hai0="15,18,22,25,26,27,45,48,76,81,85,113,115" /><INIT seed="2,2,2,1,5,13" ten="255,245,255,225" oya="2" hai0="0,26,22,120,52,78,54,73,19,131,105,38,100" hai1="127,55,16,74,102,69,88,44,125,106,60,39,95" hai2="36,7,47,42,29,81,57,63,66,17,71,32,62" hai3="92,77,34,96,85,84,64,3,89,110,11,68,46"/><V109/><F7/><W130/><G34/><T58/><D120/><U93/><E74/><V72/><F29/><W14/><G3/><T6/><D38/><U111/><E111/><V80/><F32/><W121/><G121/><T30/><D131/><U97/><E39/><V115/><F115/><W91/><G110/><T87/><D73/><U27/><E69/><V28/><F28/><W18/><G130/><T123/><D123/><U31/><E31/><V45/><F109/><W133/><G133/><T25/><D100/><U90/><E44/><V1/><F1/><W135/><G77/><T41/><D41/><U2/><E2/><V40/><F72/><W49/><G135/><T103/><D103/><U122/><E122/><V20/><F45/><W53/><REACH who="3" step="1"/><G91/><REACH who="3" ten="255,245,255,215" step="2"/><T70/><D78/><U65/><E90/><V129/><F129/><W128/><G128/><T116/><D0/><U104/><E88/><V21/><F40/><W9/><G9/><T35/><D35/><U124/><E125/><V134/><F134/><W23/><G23/><T98/><D22/><N who="1" m="13767" /><E124/><V48/><F20/><W83/><G83/><T59/><D116/><U75/><E127/><V113/><F81/><W67/><G67/><T50/><D105/><U24/><E106/><V86/><F80/><W5/><G5/><T82/><D6/><U94/><E65/><V10/><F10/><W107/><G107/><T119/><D119/><U43/><E75/><V76/><F76/><W118/><G118/><T8/><D8/><U112/><E104/><V51/><F42/><W132/><G132/><T99/><D82/><RYUUKYOKU ba="2,3" sc="255,-10,245,-10,255,-10,215,30" hai3="11,14,18,46,49,53,64,68,84,85,89,92,96" /><INIT seed="3,3,3,4,3,44" ten="245,235,245,245" oya="3" hai0="39,63,25,90,3,113,130,18,96,106,16,62,13" hai1="71,34,72,115,21,53,30,69,126,99,50,24,46" hai2="77,100,66,104,112,82,111,31,4,120,80,9,134" hai3="0,107,51,2,43,55,11,68,78,91,105,64,128"/><W59/><G78/><T38/><D3/><U60/><E126/><V116/><F116/><W76/><G76/><T5/><D39/><U54/><E115/><V98/><F112/><W86/><G128/><T74/><D113/><U33/><E72/><V19/><F111/><W73/><G73/><T114/><D38/><U35/><REACH who="1" step="1"/><E99/><REACH who="1" ten="245,225,245,245" step="2"/><V10/><F98/><W84/><G105/><T109/><D96/><U32/><N who="1" m="8192" /><DORA hai="12" /><U95/><E95/><V7/><F104/><W133/><G107/><T6/><D74/><U58/><AGARI ba="3,4" hai="21,24,30,46,50,53,54,58,60,69,71" m="8192" machi="58" ten="60,8000,1" yaku="1,1,0,1,52,1,53,1" doraHai="44,12" doraHaiUra="14,20" who="1" fromWho="1" sc="245,-23,225,129,245,-23,245,-43" owari="222,2.2,354,45.4,222,-17.8,202,-29.8" /></mjloggm>