<mjloggm ver="2.3"><GO type="225" lobby="0"/><UN n0="%48%61%61%61%6C%61%6E%64" n1="%E5%8F%AF%E5%85%90%E9%82%A3%E7%94%B1%E5%A4%9A" n2="%65%6B%61%72%75%74%65" n3="%28%EF%BF%A3%E2%96%BD%EF%BF%A3%29%CE%B4%E2%8C%92%E3%83%BB" dan="18,16,17,16" rate="2231.94,2181.10,2189.78,2147.84" sx="M,F,M,M"/><TAIKYOKU oya="0"/><INIT seed="0,0,0,1,0,57" ten="250,250,250,250" oya="0" hai0="24,76,85,92,63,91,108,110,82,117,75,11,122" hai1="38,111,15,10,27,48,59,12,112,129,123,23,126" hai2="103,34,14,52,8,95,69,40,96,32,70,72,87" hai3="64,21,107,135,101,83,121,97,45,17,132,118,98"/><T86/><D117/><U67/><E38/><V30/><F72/><W60/><G118/><T13/><D122/><U50/><E123/><V46/><F30/><W43/><G121/><T51/><D24/><U33/><E33/><V5/><F87/><W80/><G97/><T130/><D130/><U66/><E111/><N who="0" m="42537" /><D51/><N who="1" m="19499" /><E129/><V29/><F52/><W79/><G45/><T44/><D44/><U20/><E126/><V127/><F127/><W99/><G99/><N who="0" m="57759" /><D63/><N who="1" m="38271" /><E112/><V134/><F134/><N who="3" m="51243" /><G79/><T106/><D106/><U77/><E77/><V39/><REACH who="2" step="1"/><F29/><REACH who="2" ten="250,250,240,250" step="2"/><W84/><G84/><T116/><D116/><U36/><E67/><V58/><F58/><N who="3" m="36887" /><G43/><T47/><D47/><U113/><E113/><V22/><F22/><W42/><G42/><T128/><D128/><U16/><E20/><V125/><F125/><W114/><G114/><T104/><D104/><U71/><E23/><V37/><F37/><W133/><N who="3" m="51251" /><W115/><DORA hai="88" /><G115/><T25/><D75/><U26/><E36/><V62/><F62/><W81/><G81/><T109/><D109/><U124/><E124/><V89/><F89/><W41/><G41/><T93/><D85/><U78/><E78/><V119/><F119/><W6/><BYE who="2" /><G6/><N who="0" m="3319" /><D25/><AGARI ba="0,1" hai="17,21,25,80,83,98,101,107" m="36887,51251" machi="25" ten="40,2600,0" yaku="20,1,52,1" doraHai="57,88" who="3" fromWho="0" sc="250,-26,250,0,240,0,250,36" /><UN n2="%65%6B%61%72%75%74%65" /><INIT seed="1,0,0,5,2,93" ten="224,250,240,286" oya="1" hai0="43,2,18,62,125,11,59,74,126,22,9,25,132" hai1="23,114,77,108,50,104,128,0,47,79,1,64,116" hai2="133,101,26,118,52,106,45,112,97,12,51,70,53" hai3="24,109,60,39,96,72,85,38,135,35,8,40,73"/><U57/><E114/><V99/><F118/><W103/><G135/><T17/><D74/><N who="3" m="28777" /><G85/><T33/><D132/><U84/><E116/><V83/><F133/><W27/><G27/><T75/><D75/><U69/><E69/><V113/><F70/><W131/><G40/><T86/><D43/><U44/><E104/><V10/><F83/><W56/><G56/><T111/><D33/><U3/><E128/><V107/><F26/><W76/><G76/><T15/><D86/><U119/><E119/><V67/><F67/><W134/><G8/><T54/><REACH who="0" step="1"/><D111/><REACH who="0" ten="214,250,240,286" step="2"/><U81/><E108/><V34/><F34/><W5/><G109/><T48/><D48/><U129/><E50/><V71/><F113/><W31/><G134/><T80/><D80/><U102/><E84/><V7/><F112/><W82/><G82/><T46/><D46/><U98/><E81/><V66/><F45/><W110/><G110/><T14/><D14/><U78/><E47/><V127/><F51/><W37/><G35/><T28/><D28/><U121/><E44/><V21/><F127/><W6/><G31/><T20/><D20/><U16/><E78/><V91/><F21/><W41/><G41/><T122/><D122/><U13/><E121/><V92/><REACH who="2" step="1"/><F107/><REACH who="2" ten="214,250,230,286" step="2"/><N who="3" m="63975" /><G38/><T95/><D95/><N who="1" m="58719" /><E129/><V90/><F90/><W115/><G39/><T29/><D29/><U89/><E89/><V30/><F30/><W42/><G37/><T100/><D100/><U130/><E130/><V36/><F36/><W117/><G131/><T68/><D68/><U4/><E79/><V65/><F65/><W49/><G115/><RYUUKYOKU ba="0,2" sc="214,15,250,-15,230,15,286,-15" hai0="2,9,11,15,17,18,22,25,54,59,62,125,126" hai2="7,10,12,52,53,66,71,91,92,97,99,101,106" /><INIT seed="2,1,2,2,4,101" ten="229,235,245,271" oya="2" hai0="70,55,53,126,125,131,123,62,65,98,25,108,28" hai1="79,77,80,9,29,2,7,1,85,39,24,33,93" hai2="76,4,50,89,35,71,58,100,128,73,13,87,75" hai3="96,63,84,37,23,15,18,88,56,47,51,127,129"/><V32/><F71/><W111/><G127/><N who="0" m="48651" /><D123/><U43/><E93/><V86/><F100/><W54/><G129/><T46/><D131/><U44/><REACH who="1" step="1"/><E79/><REACH who="1" ten="229,225,245,271" step="2"/><V68/><F76/><W66/><G111/><T118/><D108/><U94/><E94/><V19/><F128/><W10/><G96/><T3/><D98/><U82/><E82/><V17/><F75/><W0/><G37/><T21/><D118/><U113/><E113/><V11/><F73/><W103/><G103/><T45/><D3/><AGARI ba="1,3" hai="1,2,3,7,9,24,29,33,39,43,44,77,80,85" machi="3" ten="30,2000,0" yaku="1,1,7,1,53,0" doraHai="101" doraHaiUra="97" who="1" fromWho="0" sc="229,-23,225,53,245,0,271,0" /><INIT seed="3,0,0,1,5,74" ten="206,278,245,271" oya="3" hai0="76,58,59,1,46,24,29,129,57,109,81,31,53" hai1="40,61,133,135,23,28,54,130,122,95,3,79,62" hai2="34,88,41,44,128,64,110,94,77,69,87,106,13" hai3="73,98,45,118,37,83,102,67,9,49,0,99,17"/><W107/><G118/><T43/><D109/><U33/><E122/><V132/><F34/><W60/><G99/><T82/><D129/><U4/><E33/><V86/><F106/><W38/><G0/><T121/><D121/><U92/><E130/><V90/><F128/><W5/><G17/><T25/><D1/><U21/><E40/><V75/><F110/><W119/><G119/><T35/><D53/><U91/><E3/><V22/><F69/><W10/><G10/><T96/><D96/><U48/><E4/><V134/><F64/><W42/><G9/><T115/><D115/><U36/><E36/><V11/><F22/><W100/><G100/><T131/><D131/><U85/><E21/><V7/><F75/><W39/><G5/><T120/><D120/><U30/><E23/><V116/><F116/><W108/><G108/><T52/><D52/><U19/><E19/><V123/><F123/><W70/><G49/><T16/><D16/><U51/><E54/><V114/><F114/><W125/><G125/><T117/><D117/><U105/><E105/><V65/><F65/><W18/><G18/><T111/><D111/><U78/><E91/><V55/><F55/><W15/><G15/><T103/><D103/><U68/><E68/><V126/><F126/><W8/><G8/><T89/><D89/><U20/><E20/><V6/><F6/><W12/><G12/><T27/><D35/><U56/><E56/><V127/><F127/><W71/><G71/><T47/><D47/><U84/><AGARI ba="0,0" hai="28,30,48,51,61,62,78,79,84,85,92,95,133,135" machi="84" ten="25,8000,1" yaku="0,1,22,2,52,2" doraHai="74" who="1" fromWho="1" sc="206,-20,278,80,245,-20,271,-40" owari="186,-31.4,358,45.8,225,-17.5,231,3.1" /></mjloggm>