<mjloggm ver="2.3"><GO type="225" lobby="0"/><UN n0="%E3%83%A9%E3%83%BC%E3%83%A1%E3%83%B3%E4%BA%94%E9%83%8E" n1="%E9%80%86%E9%80%A3%E5%B8%AF%E3%81%AE%E9%AC%BC" n2="%6C%61%6D%62" n3="%E3%81%82%E3%82%93%E3%81%AA%E3%81%A4" dan="16,16,16,17" rate="2077.89,2111.75,2130.26,2169.55" sx="M,M,M,M"/><TAIKYOKU oya="0"/><INIT seed="0,0,0,1,3,25" ten="250,250,250,250" oya="0" hai0="21,83,90,66,49,122,130,39,104,46,119,88,53" hai1="67,42,91,33,86,14,112,123,120,70,4,127,105" hai2="2,29,61,55,23,77,80,9,113,40,89,31,71" hai3="63,73,132,11,76,78,1,58,57,27,28,116,10"/><T20/><D119/><U48/><E127/><V37/><F113/><W59/><G116/><T15/><D122/><U115/><E105/><V32/><F23/><W97/><G132/><T93/><D104/><U72/><E72/><N who="2" m="43047" /><F89/><W134/><G134/><T44/><D130/><U7/><E33/><V45/><F32/><W38/><G38/><T8/><D66/><U84/><E67/><N who="2" m="41455" /><F55/><W96/><G63/><T118/><D118/><U22/><E70/><V54/><F54/><W69/><G69/><T52/><D83/><U18/><E123/><V24/><F24/><W110/><G1/><T79/><D79/><N who="3" m="30249" /><G73/><T30/><D30/><U6/><E120/><V19/><F19/><W108/><G27/><T26/><D26/><U51/><E86/><V60/><F60/><W56/><G28/><T106/><D106/><U16/><E18/><V98/><F98/><N who="3" m="37995" /><G58/><T85/><D90/><U92/><REACH who="1" step="1"/><E42/><REACH who="1" ten="250,240,250,250" step="2"/><V50/><F50/><AGARI ba="0,1" hai="4,6,7,14,16,22,48,50,51,84,91,92,112,115" machi="50" ten="40,12000,2" yaku="1,1,2,1,54,1,53,3" doraHai="25" doraHaiUra="0" who="1" fromWho="2" sc="250,0,240,130,250,-120,250,0" /><INIT seed="1,0,0,2,1,14" ten="250,370,130,250" oya="1" hai0="51,58,99,118,47,88,95,67,55,76,123,112,113" hai1="73,37,72,24,52,70,101,0,32,126,26,62,77" hai2="78,71,82,22,25,45,90,134,109,64,12,19,83" hai3="27,43,132,100,96,124,106,68,16,61,74,8,80"/><U116/><E116/><V59/><F109/><W23/><G124/><T38/><D118/><U3/><E126/><V2/><F2/><W131/><G131/><T81/><D123/><U21/><E37/><V93/><F134/><W69/><G132/><T97/><D97/><U107/><E26/><V28/><F71/><W110/><G110/><T63/><REACH who="0" step="1"/><D38/><REACH who="0" ten="240,370,130,250" step="2"/><U56/><E0/><V94/><F78/><W40/><G8/><T54/><D54/><U66/><E3/><V5/><F5/><W50/><G43/><T84/><AGARI ba="0,1" hai="47,51,55,58,63,67,76,81,84,88,95,99,112,113" machi="84" ten="20,8000,1" yaku="1,1,0,1,7,1,54,1,53,1" doraHai="14" doraHaiUra="46" who="0" fromWho="0" sc="240,90,370,-40,130,-20,250,-20" /><INIT seed="2,0,0,1,3,89" ten="330,330,110,230" oya="2" hai0="33,29,32,18,27,57,97,41,130,24,59,9,37" hai1="80,115,77,66,56,51,53,36,22,134,108,123,16" hai2="13,109,110,30,58,43,112,100,12,81,10,107,126" hai3="119,128,94,61,26,15,1,23,4,98,69,54,19"/><V105/><F112/><W90/><G119/><T87/><D130/><U55/><E134/><V102/><F43/><W39/><G39/><T114/><D114/><U6/><E108/><N who="2" m="41579" /><F126/><W85/><G128/><T96/><D37/><U132/><E132/><V2/><F30/><W127/><G127/><T104/><D41/><U95/><E123/><V50/><F81/><W3/><G85/><T135/><D135/><U125/><E36/><V25/><F25/><W45/><G45/><T131/><D131/><U91/><E125/><V121/><F121/><W72/><G72/><T17/><D87/><U129/><E129/><V71/><F71/><W40/><G40/><T70/><D70/><U103/><E115/><V92/><F2/><W93/><G69/><T14/><D29/><U75/><E80/><V0/><F0/><W82/><G82/><T52/><D14/><N who="2" m="5738" /><F10/><N who="3" m="4551" /><G1/><T83/><D9/><U124/><E124/><V47/><F47/><W63/><G3/><T7/><D24/><U118/><E6/><V21/><F21/><W49/><G26/><T48/><D27/><U20/><E22/><V28/><F28/><W78/><G23/><T64/><D32/><U35/><E20/><V67/><F67/><W116/><G116/><T122/><D33/><U34/><E66/><V117/><F117/><W42/><G42/><T120/><D120/><U62/><E35/><V73/><F73/><W99/><G19/><T111/><D122/><U74/><E34/><V68/><F68/><W31/><G31/><T8/><D18/><U101/><E118/><V38/><F38/><W84/><G54/><RYUUKYOKU ba="0,0" sc="330,0,330,0,110,0,230,0" /><INIT seed="3,1,0,0,0,127" ten="330,330,110,230" oya="3" hai0="110,101,124,59,55,28,119,104,47,0,109,128,85" hai1="77,49,56,2,61,108,62,92,117,33,105,3,98" hai2="13,86,53,99,121,12,74,20,112,80,25,41,44" hai3="52,135,6,16,120,1,48,113,97,30,17,11,87"/><W95/><G113/><T54/><D128/><U122/><E33/><V5/><F112/><W46/><G120/><T89/><D124/><U68/><E122/><V123/><F74/><W82/><G135/><T7/><D119/><U38/><E38/><V118/><F118/><W131/><G131/><T115/><D115/><U72/><E105/><V19/><F121/><W58/><G30/><T125/><D125/><U93/><E108/><N who="0" m="41577" /><D47/><U130/><E130/><V51/><F123/><W81/><G46/><T134/><D134/><U100/><E117/><V24/><F99/><W102/><REACH who="3" step="1"/><G82/><REACH who="3" ten="330,330,110,220" step="2"/><N who="0" m="49335" /><D28/><U36/><E36/><V114/><F114/><W88/><AGARI ba="1,1" hai="1,6,11,16,17,48,52,58,81,87,88,95,97,102" machi="88" ten="20,18000,2" yaku="1,1,0,1,7,1,54,3,53,0" doraHai="127" doraHaiUra="106" who="3" fromWho="3" sc="330,-61,330,-61,110,-61,220,193" owari="269,6.9,269,-13.1,49,-45.1,413,51.3" /></mjloggm>