<mjloggm ver="2.3"><GO type="225" lobby="0"/><UN n0="%E3%82%B2%E3%82%B9%E8%8C%82%E5%8B%9D" n1="%E3%82%BC%E3%83%AB%E3%83%80%E3%81%AE%E4%BC%9D%E8%AA%AC" n2="%E3%81%A8%E3%82%93%E3%81%A8%E3%81%93%E3%81%A8%E3%82%93" n3="%6E%69%63%6F%6E%74%6F" dan="16,17,16,17" rate="2042.37,2228.86,2135.02,2119.64" sx="F,M,M,M"/><TAIKYOKU oya="0"/><INIT seed="0,0,0,5,1,0" ten="250,250,250,250" oya="0" hai0="33,131,9,126,44,134,109,41,67,21,3,60,97" hai1="86,19,45,74,91,117,99,125,115,17,23,25,29" hai2="35,48,59,102,68,87,55,57,40,53,8,69,128" hai3="71,123,103,112,30,110,120,82,73,58,93,27,31"/><T89/><D126/><U119/><E125/><V11/><F35/><W98/><G112/><T108/><D33/><U79/><E115/><V100/><F87/><W18/><G110/><N who="0" m="42603" /><D134/><U90/><E74/><V77/><F40/><W2/><G2/><T80/><D131/><U62/><E119/><V36/><F77/><N who="3" m="44335" /><G71/><N who="0" m="42471" /><D21/><U5/><E23/><V75/><F36/><W50/><G18/><T24/><D24/><U34/><E19/><V111/><F111/><W84/><G27/><T127/><D127/><U85/><E17/><V7/><F75/><W37/><G37/><N who="0" m="21551" /><D80/><U6/><E25/><V16/><F128/><W66/><G84/><T1/><D9/><U20/><E20/><V39/><F39/><W12/><G12/><T105/><D89/><U14/><E91/><V43/><F100/><AGARI ba="0,0" hai="1,3,97,100,105" m="21551,42471,42603" machi="100" ten="30,5800,0" yaku="14,1,10,1,23,1" doraHai="0" who="0" fromWho="2" sc="250,58,250,0,250,-58,250,0" /><INIT seed="0,1,0,1,2,9" ten="308,250,192,250" oya="0" hai0="49,88,11,16,82,53,96,13,126,108,62,64,28" hai1="99,85,46,83,75,67,34,15,93,31,3,45,59" hai2="38,12,84,21,25,115,116,55,56,135,89,97,19" hai3="30,81,22,10,36,121,87,90,106,113,2,130,33"/><T60/><D126/><U103/><E3/><V20/><F115/><W32/><G113/><T94/><D108/><U117/><E117/><V37/><F135/><W43/><G130/><T52/><D28/><U76/><E34/><V0/><F0/><W63/><G121/><T4/><D64/><U101/><E101/><V54/><F116/><W39/><G106/><T68/><D68/><U18/><E31/><V119/><F97/><W70/><G22/><T73/><D4/><U104/><E67/><V7/><F119/><W8/><G8/><T107/><D107/><U110/><E59/><V114/><F114/><W27/><G33/><T109/><D109/><U124/><E124/><V122/><F122/><W23/><G32/><T61/><REACH who="0" step="1"/><D49/><REACH who="0" ten="298,250,192,250" step="2"/><U17/><E110/><V125/><F125/><W123/><G123/><T24/><D24/><U41/><E18/><V105/><F105/><W14/><G2/><T51/><D51/><U48/><E48/><V80/><F7/><W57/><G70/><T66/><D66/><U42/><E17/><V92/><F37/><W134/><G134/><T120/><D120/><U91/><E15/><V128/><F38/><W132/><G132/><T1/><D1/><U35/><E35/><V71/><F71/><W65/><REACH who="3" step="1"/><G43/><AGARI ba="1,1" hai="41,42,43,45,46,75,76,83,85,91,93,99,103,104" machi="43" ten="40,2600,0" yaku="24,2" doraHai="9" who="1" fromWho="3" sc="298,0,250,39,192,0,250,-29" /><INIT seed="1,0,0,5,4,59" ten="298,289,192,221" oya="1" hai0="105,22,106,52,113,120,133,85,72,37,12,132,50" hai1="96,3,30,39,66,24,100,128,134,51,74,56,87" hai2="60,2,63,92,114,33,108,41,64,115,48,81,19" hai3="102,68,27,67,40,9,118,99,73,29,36,77,28"/><U54/><E74/><V104/><F104/><N who="3" m="63583" /><G29/><T124/><D113/><N who="2" m="43018" /><F108/><W112/><G9/><T57/><D72/><U46/><E3/><V21/><F33/><N who="3" m="20639" /><G112/><T84/><D124/><U75/><E75/><V107/><F107/><N who="0" m="40970" /><D37/><U11/><E11/><V4/><F81/><N who="3" m="45231" /><G118/><T103/><D103/><U26/><E100/><V130/><F130/><W121/><G121/><T15/><D120/><U94/><E128/><V16/><F92/><W71/><G67/><T6/><D6/><U49/><E66/><V78/><F78/><W23/><G23/><T119/><D119/><U93/><E93/><V35/><F35/><W1/><G1/><T110/><D110/><U101/><E94/><V98/><F98/><W88/><G88/><T127/><D127/><U116/><E96/><V79/><F79/><W111/><G111/><T126/><D126/><U45/><E101/><V129/><F129/><W131/><G131/><T62/><D50/><U65/><E51/><V122/><F122/><W43/><G43/><T32/><D32/><U125/><E125/><V44/><F64/><W42/><G42/><T109/><D109/><U53/><E65/><V76/><F76/><W10/><G10/><T7/><D7/><U38/><E116/><V83/><F83/><W25/><G25/><T20/><D22/><U91/><E26/><N who="2" m="14631" /><F19/><W0/><G0/><T82/><D82/><U135/><E91/><V47/><F2/><W69/><G40/><T13/><D20/><U34/><E34/><V5/><F47/><W17/><G17/><T86/><D12/><U18/><E46/><V123/><F123/><RYUUKYOKU ba="0,0" sc="298,10,289,-30,192,10,221,10" hai0="13,15,52,57,62,84,85,86,132,133" hai2="4,5,41,44,48,60,63" hai3="36,68,69,71" /><INIT seed="2,1,0,3,1,118" ten="308,259,202,231" oya="2" hai0="6,122,103,92,101,121,124,115,132,52,129,98,64" hai1="62,123,73,104,44,38,37,125,48,91,100,119,117" hai2="2,89,20,25,31,13,69,50,130,107,95,21,34" hai3="58,4,9,110,57,72,18,135,81,28,41,19,33"/><V111/><F107/><W134/><G41/><T46/><D115/><U24/><E73/><V22/><F2/><N who="3" m="151" /><G81/><T1/><D64/><U128/><E125/><V14/><F69/><W74/><G58/><T84/><D124/><U7/><E128/><V60/><F130/><W5/><G57/><T36/><D129/><U43/><E7/><V97/><F111/><W126/><G74/><T88/><D132/><N who="3" m="50729" /><G72/><T77/><D77/><U27/><E62/><V54/><REACH who="2" step="1"/><F60/><REACH who="2" ten="308,259,192,231" step="2"/><W49/><G126/><T96/><D1/><U40/><E104/><V90/><F90/><W102/><G110/><T108/><D108/><U75/><E91/><V87/><F87/><W32/><G102/><T23/><D103/><U55/><E75/><V42/><F42/><W65/><G33/><T35/><D101/><U8/><E100/><V113/><F113/><W53/><G32/><T63/><D35/><U94/><E43/><V61/><F61/><W45/><G65/><T105/><D105/><U93/><E40/><V70/><F70/><W112/><G112/><T0/><D63/><U76/><E119/><V85/><F85/><W86/><G86/><T12/><D84/><U29/><E117/><V99/><F99/><W59/><G59/><AGARI ba="1,1" hai="13,14,20,21,22,25,31,34,50,54,59,89,95,97" machi="59" ten="40,3900,0" yaku="1,1,53,1" doraHai="118" doraHaiUra="30" who="2" fromWho="3" sc="308,0,259,0,192,52,231,-42" /><INIT seed="2,2,0,5,0,120" ten="308,259,244,189" oya="2" hai0="84,115,132,121,123,93,20,107,64,19,7,58,99" hai1="74,60,35,97,102,119,109,128,13,25,124,28,17" hai2="126,26,16,135,100,40,15,53,80,98,41,86,52" hai3="111,68,0,32,51,9,108,34,44,23,133,88,104"/><V72/><F126/><W63/><G133/><T90/><D115/><U22/><E109/><N who="3" m="42058" /><G104/><T49/><D132/><U30/><E128/><V89/><F72/><W96/><G23/><T67/><D7/><U5/><E30/><V117/><F117/><W81/><G0/><T79/><D67/><U29/><E29/><V85/><F135/><W43/><G9/><T87/><D87/><U106/><E74/><V130/><F130/><W114/><G114/><T59/><D59/><U56/><E124/><V38/><F26/><W6/><G6/><T54/><D64/><U21/><E5/><V103/><F38/><W69/><G96/><T76/><D76/><U37/><E37/><V2/><F2/><W73/><G88/><T75/><D75/><U110/><E110/><V55/><F86/><W101/><G101/><N who="2" m="38985" /><F98/><W46/><G46/><T33/><D33/><N who="3" m="12905" /><G63/><T134/><D134/><U50/><E119/><V8/><AGARI ba="2,0" hai="8,15,16,40,41,52,53,55,80,85,89" m="38985" machi="8" ten="30,6000,0" yaku="8,1,54,2" doraHai="120" who="2" fromWho="2" sc="308,-22,259,-22,244,66,189,-22" /><INIT seed="2,3,0,3,3,26" ten="286,237,310,167" oya="2" hai0="81,116,19,42,92,15,133,129,69,44,10,123,85" hai1="8,58,105,22,96,82,3,126,43,6,134,120,67" hai2="99,79,132,70,107,71,57,25,54,106,115,0,21" hai3="34,94,83,33,128,37,102,24,109,48,112,68,61"/><V95/><F0/><W86/><G109/><T119/><D123/><U108/><E108/><V135/><F79/><W46/><G128/><T63/><D129/><U17/><E120/><V11/><F11/><W16/><G112/><T12/><D133/><U14/><E134/><V9/><F9/><W121/><G121/><T18/><D92/><U52/><E126/><V80/><F80/><W78/><G37/><T36/><D63/><U124/><E124/><V1/><F1/><W41/><G68/><T27/><D27/><U76/><E43/><V117/><F117/><W2/><G2/><T29/><D29/><U66/><E96/><V53/><F95/><W23/><REACH who="3" step="1"/><G61/><REACH who="3" ten="286,237,310,157" step="2"/><T51/><D69/><U91/><E3/><V72/><F70/><W93/><G93/><T127/><D127/><U88/><E105/><V118/><F71/><W59/><G59/><T38/><D116/><U100/><E67/><V28/><F57/><W130/><G130/><T47/><D119/><U111/><E66/><V131/><F115/><W49/><G49/><T31/><D36/><U75/><E111/><V104/><F131/><W20/><G20/><N who="0" m="11335" /><D38/><U32/><E22/><V30/><F118/><W35/><G35/><T55/><D44/><U101/><E32/><V90/><F132/><W113/><G113/><T87/><D47/><U110/><E110/><V65/><F135/><W77/><G77/><T73/><D51/><U84/><E58/><V4/><F65/><W103/><G103/><T40/><D10/><U56/><E101/><N who="2" m="62527" /><F107/><W7/><G7/><T50/><D50/><U39/><E6/><RYUUKYOKU ba="3,1" sc="286,-10,237,-10,310,-10,157,30" hai3="16,23,24,33,34,41,46,48,78,83,86,94,102" /><INIT seed="3,4,1,1,0,29" ten="276,227,300,187" oya="3" hai0="79,83,60,127,46,44,77,89,128,12,68,42,51" hai1="18,133,91,131,48,20,95,63,132,2,113,66,90" hai2="41,73,100,24,107,40,130,114,39,94,55,3,47" hai3="126,84,108,103,96,57,7,116,65,88,11,92,38"/><W6/><G116/><T9/><D127/><U111/><E111/><V109/><F94/><W76/><G126/><T50/><D128/><U31/><E113/><V125/><F55/><W26/><G108/><T19/><D60/><U112/><E112/><V5/><F41/><W98/><G38/><T124/><D68/><U80/><E2/><V85/><F85/><W28/><G76/><T119/><D119/><U72/><E131/><V93/><F93/><N who="3" m="58767" /><G11/><T129/><D129/><U32/><E48/><V45/><F39/><W97/><G97/><T62/><D62/><U117/><E117/><V81/><F107/><W14/><G14/><T123/><D123/><U54/><E54/><V17/><F73/><W59/><G98/><T134/><D134/><N who="1" m="51819" /><E31/><V101/><F3/><W82/><G92/><T15/><D15/><N who="1" m="9311" /><E32/><V52/><F101/><W30/><G30/><T16/><D19/><U118/><E118/><V67/><F100/><W13/><G13/><T106/><D106/><U25/><E25/><V121/><F109/><W61/><G59/><T0/><D0/><U69/><E95/><V56/><F56/><W21/><AGARI ba="4,1" hai="6,7,21,26,28,57,61,65,82,84,88" m="58767" machi="21" ten="30,6000,0" yaku="25,1,8,1,54,1" doraHai="29" who="3" fromWho="3" sc="276,-24,227,-24,300,-24,187,82" /><INIT seed="3,5,0,5,3,126" ten="252,203,276,269" oya="3" hai0="38,61,1,79,129,87,93,98,74,70,131,33,22" hai1="57,118,95,29,127,40,134,89,105,124,94,76,64" hai2="10,59,65,54,69,26,128,66,110,81,121,18,106" hai3="119,2,109,13,49,39,115,113,123,45,78,5,67"/><W23/><G119/><T122/><D33/><U43/><E105/><V107/><F110/><W114/><G123/><T77/><D122/><U44/><E118/><V25/><F121/><W60/><G109/><T103/><D74/><U102/><E134/><V42/><F69/><W117/><G117/><T68/><D38/><U101/><E76/><N who="0" m="29257" /><D1/><U104/><E104/><V82/><F42/><W52/><G78/><T34/><D34/><U32/><E32/><V75/><F75/><W84/><G84/><T63/><D87/><U20/><E29/><V48/><F128/><N who="0" m="49226" /><D22/><U19/><E127/><V108/><F108/><W92/><G39/><T99/><D98/><U125/><E125/><V30/><F106/><W55/><G2/><T17/><D17/><U14/><E124/><V112/><F107/><W7/><G115/><T88/><D103/><U100/><E89/><V27/><F30/><W91/><G114/><T8/><D8/><U12/><E12/><N who="2" m="7447" /><F112/><W130/><G113/><T24/><D24/><U132/><E100/><V50/><F25/><W135/><G13/><T15/><D15/><U80/><E101/><V11/><F26/><W116/><G23/><T41/><D41/><U73/><E102/><V62/><F27/><W35/><G35/><T97/><D97/><U51/><E43/><V46/><F11/><W6/><G130/><T71/><AGARI ba="5,0" hai="61,63,68,70,71,88,93,99" m="49226,29257" machi="71" ten="40,8000,1" yaku="19,1,52,3,54,1" doraHai="126" who="0" fromWho="0" sc="252,95,203,-25,276,-25,269,-45" owari="347,44.7,178,-32.2,251,5.1,224,-17.6" /></mjloggm>