<mjloggm ver="2.3"><GO type="225" lobby="0"/><UN n0="%E3%81%82%E3%83%BC%E3%81%97" n1="%E3%81%9F%E3%81%A3%E3%81%A1%E3%82%87" n2="%73%75%7A%75%72%61%6E%65" n3="%E3%83%9E%E3%82%AB%E3%83%92%E3%82%AD" dan="16,16,16,16" rate="2120.39,2074.89,2034.90,2100.42" sx="M,M,M,M"/><TAIKYOKU oya="0"/><INIT seed="0,0,0,5,4,0" ten="250,250,250,250" oya="0" hai0="74,67,119,77,8,114,73,89,26,47,57,45,13" hai1="91,1,90,39,134,22,78,95,70,96,101,135,104" hai2="130,132,20,3,2,94,59,61,16,10,4,72,50" hai3="88,83,24,69,51,5,41,127,38,92,71,125,53"/><T68/><D119/><U66/><E39/><V36/><F130/><W9/><G24/><T60/><D114/><U43/><E43/><V44/><F36/><W106/><G106/><T62/><D77/><U124/><E1/><V17/><F132/><N who="1" m="50729" /><E22/><V107/><F107/><W123/><G123/><T99/><D73/><U52/><E66/><V64/><F72/><W93/><G83/><T122/><D74/><U54/><E70/><V110/><F110/><W31/><G31/><T34/><D122/><U84/><E124/><N who="3" m="47690" /><G38/><T40/><D40/><U25/><E25/><V30/><F2/><N who="3" m="183" /><G41/><T80/><D26/><U55/><E104/><V65/><F65/><W14/><G14/><T98/><D34/><U85/><E78/><V6/><F30/><W86/><G93/><T115/><D115/><U75/><E75/><V58/><F94/><W35/><G35/><T105/><D105/><N who="1" m="63655" /><E54/><V32/><F32/><W79/><G79/><T63/><D68/><U117/><E117/><V19/><F20/><W81/><G92/><AGARI ba="0,0" hai="52,55,84,85,90,91,92,95" m="63655,50729" machi="92" ten="30,2000,0" yaku="20,1,54,1" doraHai="0" who="1" fromWho="3" sc="250,0,250,20,250,0,250,-20" /><INIT seed="1,0,0,4,3,40" ten="250,270,250,230" oya="1" hai0="121,120,80,6,4,69,38,106,43,122,18,73,45" hai1="109,14,74,26,83,125,50,91,118,19,134,104,86" hai2="51,62,49,88,78,63,102,64,12,79,47,11,105" hai3="96,27,15,31,22,25,100,58,123,54,34,135,126"/><U35/><E118/><V37/><F37/><W41/><G123/><T128/><D106/><U119/><E119/><V87/><F102/><W48/><G126/><T28/><D69/><U42/><E125/><V75/><F75/><W3/><G3/><T20/><D28/><U103/><E134/><V24/><F105/><W46/><G135/><T7/><D128/><U112/><E112/><V111/><F24/><W60/><G15/><T85/><D73/><U132/><E74/><V71/><F63/><W68/><G68/><T9/><D20/><U29/><E109/><V55/><F51/><W1/><G1/><T84/><D80/><U124/><E124/><V130/><F130/><W131/><G131/><T66/><D66/><U65/><E65/><V33/><F33/><W70/><G70/><T61/><D61/><U39/><E39/><V99/><F99/><W36/><G36/><T117/><D117/><U92/><E104/><V57/><F71/><W133/><G133/><T114/><D114/><U127/><E127/><V59/><F59/><W94/><REACH who="3" step="1"/><G27/><REACH who="3" ten="250,270,250,220" step="2"/><T67/><D67/><U93/><E132/><V90/><F111/><W8/><G8/><T82/><D82/><U30/><E26/><V115/><F115/><W10/><G10/><T2/><D2/><U5/><E83/><N who="2" m="49279" /><F90/><W0/><G0/><T16/><D9/><N who="1" m="6607" /><E91/><V108/><F108/><W52/><G52/><T53/><D53/><U116/><E116/><V101/><F101/><W17/><G17/><AGARI ba="0,1" hai="4,6,7,16,17,18,38,43,45,84,85,120,121,122" machi="17" ten="50,6400,0" yaku="13,1,52,1,54,1" doraHai="40" who="0" fromWho="3" sc="250,74,270,0,250,0,220,-64" /><AGARI ba="0,0" hai="11,12,17,47,49,55,57,62,64,78,79" m="49279" machi="17" ten="30,7700,0" yaku="25,1,8,1,52,1,54,1" doraHai="40" who="2" fromWho="3" sc="324,0,270,0,250,77,156,-77" /><INIT seed="2,0,0,4,2,122" ten="324,270,327,79" oya="2" hai0="123,98,119,134,107,46,105,130,80,42,51,76,73" hai1="2,7,18,87,65,47,74,78,66,5,52,28,129" hai2="62,48,79,94,64,100,128,131,31,4,77,56,26" hai3="127,23,14,111,19,50,61,11,114,24,0,60,44"/><V92/><F4/><W81/><G127/><T36/><D123/><U38/><E74/><V58/><F48/><W29/><G114/><T124/><D124/><U17/><E28/><V83/><F58/><W115/><G115/><T8/><D134/><U72/><E72/><V126/><F126/><W82/><G0/><T99/><D130/><N who="2" m="49706" /><F100/><W22/><G22/><T30/><D30/><U3/><E129/><V84/><F77/><W69/><G69/><T34/><D34/><AGARI ba="0,0" hai="26,31,34,56,62,64,79,83,84,92,94" m="49706" machi="34" ten="30,1500,0" yaku="19,1" doraHai="122" who="2" fromWho="0" sc="324,-15,270,0,327,15,79,0" /><INIT seed="2,1,0,2,5,133" ten="309,270,342,79" oya="2" hai0="4,22,3,42,18,47,50,128,73,17,30,132,0" hai1="86,57,75,122,108,79,125,7,25,111,16,109,74" hai2="117,33,80,53,116,124,55,69,107,67,62,58,104" hai3="34,8,106,11,127,49,48,110,27,65,21,24,29"/><V9/><F33/><W15/><G106/><T26/><D73/><N who="1" m="27659" /><E7/><V77/><F9/><W97/><G97/><T72/><D72/><U64/><E122/><V39/><F39/><W52/><G65/><T135/><D128/><U105/><E105/><V103/><F53/><W112/><G110/><T101/><D101/><U45/><E45/><V100/><F107/><W43/><G112/><T20/><D30/><U31/><E31/><V134/><F134/><N who="0" m="51242" /><D4/><U38/><E38/><V121/><F121/><W93/><G93/><T10/><D10/><U70/><E70/><V66/><F104/><W46/><G15/><AGARI ba="1,0" hai="0,3,15,17,18,20,22,26,42,47,50" m="51242" machi="15" ten="30,1000,0" yaku="20,1" doraHai="133" who="0" fromWho="3" sc="309,13,270,0,342,0,79,-13" /><INIT seed="3,0,0,2,2,23" ten="322,270,342,66" oya="3" hai0="94,7,38,91,133,125,55,114,18,21,89,115,93" hai1="2,73,25,28,111,80,109,5,62,123,105,64,63" hai2="97,112,74,13,15,59,49,41,31,90,29,47,85" hai3="126,24,66,70,19,79,92,53,86,48,57,122,76"/><W88/><G122/><T51/><D38/><U40/><E123/><V108/><F108/><W61/><G126/><T121/><D7/><U30/><E30/><N who="2" m="11275" /><F74/><W27/><G19/><T71/><D71/><N who="1" m="42391" /><E63/><V78/><F112/><N who="0" m="43050" /><D121/><U54/><E54/><V124/><F124/><W12/><REACH who="3" step="1"/><G12/><REACH who="3" ten="322,270,342,56" step="2"/><T102/><D125/><U14/><E14/><V96/><F13/><W106/><G106/><T134/><D18/><U8/><E105/><V34/><F15/><W37/><G37/><T46/><D134/><U20/><E109/><V50/><F34/><W43/><G43/><T129/><D133/><U95/><E111/><V22/><F22/><W9/><G9/><T113/><D21/><U104/><E104/><V4/><F41/><W69/><G69/><T107/><D113/><U75/><E40/><V131/><F131/><W26/><AGARI ba="0,1" hai="24,26,27,48,53,57,61,66,70,76,79,86,88,92" machi="26" ten="30,24000,3" yaku="1,1,0,1,52,3,54,1,53,2" doraHai="23" doraHaiUra="72" who="3" fromWho="3" sc="322,-80,270,-80,342,-80,56,250" owari="242,-15.8,190,-31.0,262,6.2,306,40.6" /></mjloggm>