<mjloggm ver="2.3"><GO type="225" lobby="0"/><UN n0="%72%69%6F%75%63%68%61%6E" n1="%48%61%61%61%6C%61%6E%64" n2="%4C%4F%4C%49%54%41" n3="%E6%9D%B1%E9%A2%A8%E3%81%AE%E3%81%8D%E3%82%83%E3%81%B7%E3%81%95%E3%82%93" dan="16,18,16,17" rate="2197.06,2232.39,2133.74,2197.30" sx="M,M,F,M"/><TAIKYOKU oya="0"/><INIT seed="0,0,0,2,5,63" ten="250,250,250,250" oya="0" hai0="110,125,18,14,82,90,50,1,103,65,118,112,91" hai1="17,76,99,74,38,85,23,108,66,9,104,27,78" hai2="126,70,89,87,79,44,57,31,84,86,52,55,46" hai3="49,29,115,134,48,81,58,120,5,100,62,25,0"/><T129/><D112/><U119/><E119/><V6/><F70/><W121/><G115/><T122/><D118/><U60/><E38/><V123/><F123/><N who="3" m="47179" /><G100/><T94/><D122/><U102/><E108/><V43/><F126/><W28/><G81/><T96/><D125/><U98/><E74/><V92/><F31/><N who="3" m="11851" /><G25/><T22/><D129/><U34/><E34/><V13/><F55/><N who="3" m="34143" /><G134/><T3/><D110/><U16/><E99/><N who="2" m="57743" /><F79/><W124/><G124/><T95/><D65/><U59/><REACH who="1" step="1"/><E85/><REACH who="1" ten="250,240,250,250" step="2"/><V64/><F86/><W15/><G0/><T20/><D1/><U107/><E107/><V114/><F87/><W7/><G7/><T26/><D3/><U133/><E133/><V71/><F84/><W88/><G5/><T97/><D82/><U11/><E11/><V36/><F114/><W130/><G130/><T33/><D33/><U77/><E77/><V4/><F4/><W72/><G72/><T93/><D93/><U32/><E32/><V47/><F6/><W53/><G53/><T116/><D116/><U128/><E128/><V56/><F52/><W42/><G42/><T61/><D103/><U12/><AGARI ba="0,1" hai="9,12,16,17,23,27,59,60,66,76,78,98,102,104" machi="12" ten="30,8000,1" yaku="1,1,0,1,52,1,54,1,53,1" doraHai="63" doraHaiUra="19" who="1" fromWho="1" sc="250,-40,240,90,250,-20,250,-20" /><INIT seed="1,0,0,5,2,83" ten="210,330,230,230" oya="1" hai0="46,132,87,70,130,32,96,14,21,58,52,117,72" hai1="29,54,77,66,112,49,107,51,134,48,34,16,1" hai2="127,62,120,61,22,97,81,17,133,5,41,23,64" hai3="31,75,90,68,60,80,92,7,118,19,104,8,123"/><U89/><E112/><V129/><F120/><W98/><G118/><T43/><D72/><U55/><E1/><V110/><F110/><W37/><G123/><T69/><D117/><U114/><E114/><V119/><F119/><W11/><G37/><T102/><D32/><U79/><E107/><V28/><F129/><W20/><G31/><T27/><D130/><U94/><E66/><V53/><F127/><W2/><G104/><T76/><D132/><U12/><E134/><V74/><F41/><W131/><G131/><T44/><D14/><U18/><E18/><V65/><F5/><W124/><G124/><T101/><D70/><U4/><E4/><V33/><F33/><W105/><G105/><T63/><D69/><U40/><E40/><V35/><F35/><W24/><G11/><T0/><D0/><U82/><E29/><V109/><F97/><W45/><G45/><N who="0" m="17515" /><D43/><U57/><E34/><V47/><F109/><W56/><G68/><T13/><D13/><U93/><E57/><V108/><F74/><W50/><G50/><T111/><D111/><U36/><E36/><V84/><F133/><W115/><G115/><T71/><D71/><U78/><E49/><V128/><F128/><W99/><G75/><T88/><D76/><U39/><E39/><V121/><F108/><W15/><G2/><T59/><D96/><U95/><E48/><V103/><F121/><W122/><G122/><T38/><D58/><U3/><E3/><V42/><F42/><W67/><G99/><T25/><D38/><U10/><E51/><V126/><F47/><W91/><G91/><RYUUKYOKU ba="0,0" sc="210,-15,330,15,230,-15,230,15" hai1="10,12,16,54,55,77,78,79,82,89,93,94,95" hai3="7,8,15,19,20,24,56,60,67,80,90,92,98" /><INIT seed="1,1,0,3,3,38" ten="195,345,215,245" oya="1" hai0="32,69,102,83,75,36,64,128,82,2,1,130,57" hai1="5,50,120,121,58,125,77,97,126,24,117,41,132" hai2="98,27,80,86,14,3,18,30,114,87,74,115,20" hai3="66,59,105,62,31,113,122,6,123,51,34,40,94"/><U56/><E117/><V43/><F3/><N who="0" m="1034" /><D32/><U124/><E5/><V110/><F110/><W29/><G105/><T46/><D57/><N who="1" m="22123" /><E132/><V26/><F98/><W72/><G72/><T96/><D36/><U17/><E77/><V78/><F27/><W84/><G113/><N who="2" m="43017" /><F43/><W48/><G34/><AGARI ba="1,0" hai="14,18,20,26,30,34,74,78,80,86,87" m="43017" machi="34" ten="30,1000,0" yaku="11,1" doraHai="38" who="2" fromWho="3" sc="195,0,345,0,215,13,245,-13" /><INIT seed="2,0,0,4,5,32" ten="195,345,228,232" oya="2" hai0="26,0,92,57,127,68,34,38,61,129,50,8,114" hai1="20,4,44,51,91,90,73,105,116,45,53,130,29" hai2="119,31,99,76,96,86,62,102,2,75,49,101,133" hai3="112,81,40,64,43,6,100,88,59,33,17,46,3"/><V94/><F119/><W83/><G112/><T24/><D114/><U19/><E116/><V103/><F133/><W84/><G100/><T98/><D127/><U128/><E105/><V132/><F132/><W135/><G33/><T52/><D129/><N who="1" m="49771" /><E73/><V125/><F31/><W126/><G126/><T69/><D38/><U108/><E108/><V48/><F125/><W85/><G135/><T131/><D131/><U37/><E4/><V47/><F2/><W41/><G17/><T82/><D82/><U106/><E106/><V11/><F75/><W89/><G6/><T111/><D111/><U74/><E74/><V25/><F11/><W109/><G109/><T110/><D110/><U117/><E29/><V63/><F25/><W56/><G3/><T104/><D104/><U72/><E72/><V79/><F102/><W12/><G12/><T87/><D87/><U120/><E120/><V80/><F79/><W77/><G77/><T95/><D95/><U60/><E60/><N who="2" m="23083" /><F47/><W93/><G93/><AGARI ba="0,0" hai="48,49,76,80,86,93,94,96,99,101,103" m="23083" machi="93" ten="30,1500,0" yaku="8,1" doraHai="32" who="2" fromWho="3" sc="195,0,345,0,228,15,232,-15" /><INIT seed="2,1,0,1,0,109" ten="195,345,243,217" oya="2" hai0="3,56,107,123,23,48,116,51,111,128,104,8,92" hai1="70,41,2,38,68,14,93,36,132,69,32,82,115" hai2="5,10,45,124,28,106,105,119,30,133,98,96,94" hai3="87,1,37,101,91,11,74,59,46,112,43,122,52"/><V118/><F133/><W19/><G122/><T54/><D123/><U26/><E2/><V50/><F124/><W79/><G101/><T0/><D111/><U135/><E115/><V66/><F66/><W73/><G112/><T125/><D125/><U103/><E14/><V95/><F10/><W126/><G126/><T114/><D114/><U102/><E82/><V15/><F15/><W63/><G79/><T100/><D128/><U40/><E93/><V49/><REACH who="2" step="1"/><F45/><REACH who="2" ten="195,345,233,217" step="2"/><W58/><G58/><T129/><D129/><U62/><E69/><V117/><F117/><W22/><G11/><T21/><D116/><U134/><E134/><V113/><F113/><W6/><G1/><T39/><D0/><U13/><E13/><V71/><F71/><W85/><G6/><AGARI ba="1,1" hai="5,6,28,30,49,50,94,95,96,98,105,106,118,119" machi="6" ten="25,4800,0" yaku="1,1,22,2,53,0" doraHai="109" doraHaiUra="35" who="2" fromWho="3" sc="195,0,345,0,233,61,217,-51" /><INIT seed="2,2,0,3,4,79" ten="195,345,294,166" oya="2" hai0="123,40,8,60,59,7,1,23,2,34,72,70,49" hai1="14,82,31,55,111,130,19,28,117,83,131,48,93" hai2="41,58,85,46,9,27,113,10,96,3,84,36,122" hai3="129,107,26,126,52,66,134,125,106,92,67,78,74"/><V73/><F113/><W132/><G26/><T17/><D123/><U87/><E111/><V101/><F122/><W43/><G43/><T100/><D34/><U120/><E117/><V42/><F42/><W61/><G66/><T22/><D1/><U80/><E120/><V77/><F58/><N who="3" m="35015" /><G67/><T99/><D72/><U112/><E112/><V103/><F27/><W124/><G92/><T105/><D70/><U45/><E130/><V119/><F119/><W24/><G24/><T57/><D17/><U128/><E128/><V63/><F63/><W37/><G37/><T81/><D81/><N who="1" m="31339" /><E93/><V65/><F65/><W88/><G88/><T50/><D59/><U54/><E54/><V16/><F77/><W12/><G12/><T20/><REACH who="0" step="1"/><D40/><REACH who="0" ten="185,345,294,166" step="2"/><U44/><E131/><V62/><F73/><W6/><G129/><T25/><D25/><U91/><E44/><V33/><F46/><W56/><G56/><T121/><D121/><U116/><E116/><V38/><F3/><W109/><G109/><T95/><D95/><U51/><E19/><V114/><F16/><W29/><G29/><T110/><D110/><U90/><E28/><V32/><F41/><W47/><G47/><T39/><D39/><U76/><E31/><V21/><F114/><W5/><G74/><T127/><D127/><U104/><E45/><V11/><F38/><W18/><G18/><T35/><D35/><U98/><E76/><V102/><F36/><W71/><G78/><T115/><D115/><U118/><E118/><V15/><F33/><W135/><G71/><T53/><AGARI ba="2,1" hai="2,7,8,20,22,23,49,50,53,57,60,99,100,105" machi="53" ten="30,4000,0" yaku="1,1,0,1,53,1" doraHai="79" doraHaiUra="97" who="0" fromWho="0" sc="185,56,345,-12,294,-22,166,-12" /><INIT seed="3,0,0,3,3,1" ten="241,333,272,154" oya="3" hai0="5,105,97,38,114,113,96,14,84,9,129,0,3" hai1="42,125,18,115,41,64,107,15,67,58,134,37,126" hai2="123,12,111,122,75,55,120,57,4,44,10,45,91" hai3="28,68,8,48,60,102,33,39,127,50,47,79,124"/><W110/><G102/><N who="0" m="62663" /><D38/><U26/><E115/><N who="0" m="44041" /><D129/><U63/><E107/><V103/><F111/><W72/><G110/><T13/><D97/><U17/><E134/><V74/><F103/><W40/><G8/><N who="0" m="4239" /><D84/><U81/><E81/><V65/><F65/><N who="3" m="40999" /><G28/><T88/><D88/><U76/><E76/><V30/><F30/><W101/><G101/><T135/><D135/><U130/><E130/><V108/><F108/><W49/><G33/><T104/><D104/><U94/><E94/><V77/><F91/><W23/><G23/><T69/><D69/><U98/><E98/><V66/><F66/><W132/><G132/><T133/><D133/><U80/><E67/><V86/><F86/><W27/><G27/><T62/><D62/><U24/><E24/><V112/><F112/><W70/><G70/><T6/><AGARI ba="0,0" hai="0,3,6,9,14" m="4239,44041,62663" machi="6" ten="30,4000,0" yaku="11,1,52,2" doraHai="1" who="0" fromWho="0" sc="241,40,333,-10,272,-10,154,-20" owari="281,8.1,323,42.3,262,-13.8,134,-36.6" /></mjloggm>