<mjloggm ver="2.3"><GO type="225" lobby="0"/><UN n0="%72%69%6F%75%63%68%61%6E" n1="%72%65%6E%6B%75%6E" n2="%E3%83%B4%E3%82%A3%E3%83%AF%E3%82%B3%E3%82%B0%E3%83%8B" n3="%E6%97%A5%E6%9B%9C%E6%97%A5%E3%82%88%E3%82%8A%E3%81%AE%E4%BD%BF%E8%80%85" dan="16,17,16,16" rate="2195.27,2252.70,2173.31,2172.89" sx="M,M,M,M"/><TAIKYOKU oya="0"/><INIT seed="0,0,0,1,2,8" ten="250,250,250,250" oya="0" hai0="51,92,35,10,118,49,11,29,4,38,128,1,84" hai1="59,132,94,9,32,87,40,61,131,3,127,112,12" hai2="41,119,104,65,107,20,96,78,19,81,69,53,67" hai3="129,105,39,71,23,134,62,109,36,55,74,120,102"/><T90/><D118/><U117/><E32/><V130/><F119/><W80/><G23/><T25/><D38/><U28/><E117/><V86/><F130/><W103/><G103/><T126/><D128/><U56/><E131/><V60/><F41/><W63/><G102/><T22/><D126/><U64/><E127/><V13/><F65/><N who="3" m="41399" /><G80/><T0/><REACH who="0" step="1"/><D35/><REACH who="0" ten="240,250,250,250" step="2"/><U66/><E132/><V31/><F31/><W77/><G36/><T121/><D121/><U123/><E123/><V57/><REACH who="2" step="1"/><F96/><REACH who="2" ten="240,250,240,250" step="2"/><W52/><G129/><T76/><D76/><U101/><E28/><V16/><F16/><W83/><G120/><T33/><D33/><U114/><E114/><V14/><F14/><W100/><G77/><T88/><D88/><U73/><E12/><V7/><F7/><AGARI ba="0,2" hai="0,1,4,7,10,11,22,25,29,49,51,84,90,92" machi="7" ten="40,3900,0" yaku="1,1,9,1,53,0" doraHai="8" doraHaiUra="70" who="0" fromWho="2" sc="240,59,250,0,240,-39,250,0" /><INIT seed="0,1,0,4,0,113" ten="299,250,201,250" oya="0" hai0="35,105,3,38,15,68,31,46,30,122,125,50,75" hai1="110,109,61,106,89,27,18,48,7,29,111,72,128" hai2="94,9,8,58,116,34,20,77,130,59,117,53,86" hai3="41,114,85,96,42,81,88,0,2,79,51,87,124"/><T70/><D122/><U121/><E121/><V127/><F34/><W99/><G114/><T126/><D3/><U17/><E128/><V56/><F130/><W115/><G115/><T28/><D35/><U90/><E72/><V80/><F127/><N who="0" m="48650" /><D105/><U71/><E106/><V84/><F53/><W39/><G39/><T57/><D75/><U119/><E7/><V135/><F135/><W66/><G124/><T74/><D74/><U82/><E119/><N who="2" m="45643" /><F20/><W123/><G123/><T1/><D1/><U25/><E48/><V102/><F84/><W134/><G134/><T14/><D57/><U52/><E71/><N who="0" m="27177" /><D38/><U100/><E100/><V69/><F69/><W24/><G0/><T49/><D49/><U104/><E104/><V37/><F37/><W132/><G2/><T129/><D129/><U93/><E109/><V12/><F12/><W36/><G36/><T22/><D22/><U83/><E111/><V44/><F44/><W112/><G112/><T26/><D26/><U78/><E27/><V103/><F94/><W73/><G24/><T107/><D107/><U47/><E25/><V76/><F77/><W63/><G73/><T13/><D14/><U19/><E78/><V16/><F16/><W95/><G132/><T33/><D33/><U62/><E110/><V131/><F131/><W23/><G23/><T118/><D118/><U10/><E18/><V54/><F54/><AGARI ba="1,0" hai="13,15,28,30,31,46,50,54" m="27177,48650" machi="54" ten="40,2000,0" yaku="18,1" doraHai="113" who="0" fromWho="2" sc="299,23,250,0,201,-23,250,0" /><INIT seed="0,2,0,3,3,1" ten="322,250,178,250" oya="0" hai0="67,132,43,59,69,72,115,44,41,89,28,68,3" hai1="14,45,16,86,109,19,90,48,53,6,97,98,52" hai2="104,76,34,93,26,123,65,85,2,40,63,27,107" hai3="87,103,82,102,127,130,135,36,99,4,13,64,8"/><T120/><D115/><U25/><E109/><V20/><F123/><W100/><G36/><T29/><D120/><U83/><E53/><V111/><F2/><W46/><G127/><T94/><D72/><U30/><E14/><V125/><F125/><W23/><G130/><T57/><D132/><U117/><E117/><V112/><F112/><W54/><G135/><T108/><D108/><U61/><E61/><V128/><F128/><W39/><G64/><T58/><D3/><U92/><E6/><V134/><F40/><W106/><G23/><T74/><D74/><U119/><E119/><V81/><F111/><W50/><REACH who="3" step="1"/><G39/><REACH who="3" ten="322,250,178,240" step="2"/><T11/><D67/><U37/><E37/><V60/><F134/><W118/><G118/><T71/><D11/><U129/><E129/><V88/><F34/><W84/><G84/><T15/><D71/><U66/><E66/><V21/><F21/><W131/><G131/><T24/><D69/><U114/><E114/><V62/><F65/><W96/><G96/><T42/><D68/><U73/><E73/><V18/><REACH who="2" step="1"/><F27/><REACH who="2" ten="322,250,168,240" step="2"/><W95/><G95/><T5/><D24/><U79/><REACH who="1" step="1"/><E98/><AGARI ba="2,2" hai="18,20,26,60,62,63,76,81,85,88,93,98,104,107" machi="98" ten="40,5200,0" yaku="1,1,2,1,54,1,53,0" doraHai="1" doraHaiUra="33" who="2" fromWho="1" sc="322,0,250,-58,168,78,240,0" /><INIT seed="1,0,0,2,0,97" ten="322,192,246,240" oya="1" hai0="54,119,27,114,103,118,111,43,134,105,61,91,126" hai1="71,86,120,133,37,67,132,36,80,102,21,69,31" hai2="113,112,95,96,35,127,117,90,11,30,60,107,78" hai3="123,77,44,8,79,4,74,49,109,115,29,1,23"/><U104/><E120/><V32/><F117/><W129/><G115/><N who="2" m="44105" /><F127/><W110/><G123/><T73/><D114/><U65/><E21/><V70/><F30/><W55/><G129/><T62/><D73/><U76/><E31/><V116/><F116/><W89/><G89/><T53/><D43/><U64/><E104/><V66/><F78/><W18/><G29/><T87/><D119/><U50/><E50/><V51/><F107/><W25/><REACH who="3" step="1"/><G74/><REACH who="3" ten="322,192,246,230" step="2"/><T12/><D91/><U84/><E102/><V9/><F35/><W40/><G40/><T135/><D103/><U2/><E2/><V122/><F122/><W34/><G34/><T19/><D118/><U14/><E14/><V28/><F28/><W7/><G7/><T101/><D101/><U15/><E15/><V22/><F32/><W88/><G88/><T81/><D27/><U125/><E125/><V92/><F90/><W83/><G83/><T99/><D81/><U59/><E59/><V24/><F70/><N who="1" m="26633" /><E80/><V130/><F130/><W39/><G39/><N who="1" m="14922" /><E76/><AGARI ba="0,1" hai="1,4,8,18,23,25,44,49,55,76,77,79,109,110" machi="76" ten="40,1300,0" yaku="1,1,53,0" doraHai="97" doraHaiUra="10" who="3" fromWho="1" sc="322,0,192,-13,246,0,230,23" /><INIT seed="2,0,0,5,1,80" ten="322,179,246,253" oya="2" hai0="48,118,58,22,133,37,92,135,33,114,78,29,35" hai1="54,69,71,124,122,57,13,87,81,3,52,24,112" hai2="51,32,82,56,79,5,68,2,6,73,16,117,11" hai3="106,84,110,97,23,70,15,66,55,64,63,96,98"/><V42/><F117/><W10/><G110/><T108/><D114/><U25/><E112/><V88/><F68/><W38/><G38/><T17/><D108/><U129/><E3/><V60/><F32/><W125/><G125/><T61/><D37/><U113/><E113/><V49/><F42/><W44/><G106/><T27/><D118/><U26/><E124/><V131/><F131/><W86/><G23/><N who="0" m="15615" /><D48/><U39/><E39/><V105/><F105/><W28/><G28/><T99/><D78/><U31/><E31/><V4/><F88/><W9/><G9/><T95/><D95/><U89/><E129/><V74/><F74/><W132/><G132/><N who="0" m="50763" /><D61/><U47/><E122/><V36/><F36/><W8/><G8/><T107/><D58/><U50/><REACH who="1" step="1"/><E13/><REACH who="1" ten="322,169,246,253" step="2"/><V109/><F109/><W134/><G134/><T18/><D33/><U102/><E102/><V85/><F2/><W76/><G15/><T94/><D35/><U111/><E111/><V75/><F75/><W119/><G119/><T115/><D115/><U93/><E93/><V120/><F73/><W34/><G34/><T126/><D126/><U46/><E46/><V90/><F120/><W19/><G44/><T43/><D92/><U30/><E30/><V1/><F1/><W14/><G14/><T21/><D107/><U53/><E53/><N who="2" m="33807" /><F79/><W72/><G76/><T103/><D43/><U100/><E100/><V91/><F91/><W67/><G72/><T77/><D77/><U130/><E130/><V116/><F116/><W121/><G121/><T128/><D128/><U127/><E127/><V12/><AGARI ba="0,1" hai="4,5,6,11,12,16,49,51,82,85,90" m="33807" machi="12" ten="30,11700,0" yaku="5,1,8,1,52,1,54,1" doraHai="80" who="2" fromWho="2" sc="322,-39,169,-39,246,127,253,-39" /><INIT seed="2,1,0,4,0,106" ten="283,130,373,214" oya="2" hai0="39,62,75,118,80,65,116,46,45,25,74,120,14" hai1="30,76,21,24,110,113,89,22,37,23,7,128,104" hai2="70,88,133,19,119,95,2,3,55,87,16,10,44" hai3="130,126,42,15,114,1,79,56,77,50,66,127,34"/><V124/><F119/><N who="0" m="45610" /><D120/><U117/><E104/><V29/><F70/><W58/><G1/><T31/><D80/><U36/><E113/><V60/><F133/><W78/><G34/><N who="0" m="20847" /><D14/><U93/><E117/><V132/><F132/><W98/><G114/><T96/><D96/><U38/><E128/><V91/><F124/><W8/><G130/><T12/><D12/><U73/><E7/><V68/><F29/><W57/><G98/><T52/><D52/><U61/><E61/><V100/><F100/><W97/><G97/><T54/><D54/><U43/><E43/><V67/><F91/><W105/><G105/><T11/><D11/><U5/><E5/><V81/><F81/><W92/><G92/><T135/><D135/><U40/><E40/><V33/><F33/><W101/><G101/><T85/><D85/><U49/><E110/><V64/><F64/><W94/><G94/><T99/><D99/><U121/><E121/><V86/><F86/><W108/><G66/><T59/><D39/><U51/><E93/><V17/><REACH who="2" step="1"/><F10/><REACH who="2" ten="283,130,363,214" step="2"/><W35/><G35/><T41/><D41/><U9/><E89/><V20/><F20/><W28/><G127/><T4/><D4/><U84/><E9/><V83/><F83/><W115/><G126/><T112/><D112/><U18/><E84/><V111/><F111/><W32/><G108/><T71/><D71/><U134/><E134/><V48/><AGARI ba="1,1" hai="2,3,16,17,19,44,48,55,60,67,68,87,88,95" machi="48" ten="30,18000,2" yaku="1,1,0,1,54,2,53,3" doraHai="106" doraHaiUra="13" who="2" fromWho="2" sc="283,-61,130,-61,363,193,214,-61" /><INIT seed="2,2,0,3,0,135" ten="222,69,556,153" oya="2" hai0="8,116,133,27,79,4,81,52,71,7,125,61,58" hai1="132,85,99,70,121,103,18,51,6,10,113,59,5" hai2="117,106,119,111,36,45,108,13,49,19,69,86,39" hai3="65,128,92,68,109,15,31,3,35,96,104,124,14"/><V100/><F69/><W107/><G3/><T102/><D125/><U43/><E113/><V88/><F106/><W67/><G92/><T17/><D133/><U34/><E132/><V98/><F98/><W83/><G83/><T56/><D71/><U90/><E121/><V32/><F32/><W30/><G68/><T91/><D116/><U54/><E70/><V120/><F100/><W11/><G11/><T60/><D102/><U24/><E34/><V101/><F101/><W0/><G0/><T62/><D91/><U57/><E43/><V122/><F19/><W64/><G64/><T20/><D8/><U73/><E73/><V50/><F13/><W72/><G35/><T25/><D25/><U28/><E59/><V110/><F39/><W130/><G96/><T9/><D9/><U21/><E28/><V66/><F36/><W29/><G29/><T33/><D33/><U44/><E57/><V118/><F66/><W134/><G134/><T77/><D77/><U47/><E47/><V22/><F22/><W38/><G38/><T12/><D12/><U112/><E10/><V80/><F49/><W97/><G97/><T41/><D41/><AGARI ba="2,0" hai="41,45,50,80,86,88,108,110,111,117,118,119,120,122" machi="41" ten="50,9600,0" yaku="14,1,10,1,54,1" doraHai="135" who="2" fromWho="0" sc="222,-102,69,0,556,102,153,0" /><INIT seed="2,3,0,4,0,118" ten="120,69,658,153" oya="2" hai0="89,84,30,85,86,60,15,63,57,14,69,115,97" hai1="10,119,52,1,66,110,70,82,26,33,9,135,72" hai2="58,42,6,31,127,45,108,59,41,83,90,61,38" hai3="55,81,111,109,126,2,87,36,78,48,77,20,96"/><V46/><F127/><W12/><G2/><T132/><D115/><U92/><E119/><V64/><F108/><N who="3" m="41547" /><G36/><T13/><D132/><U112/><E112/><V67/><F6/><W76/><G126/><T11/><D69/><U123/><E123/><V122/><F31/><W74/><G96/><T35/><D35/><U80/><E110/><V93/><F83/><W128/><G128/><T49/><D30/><U54/><E135/><V16/><F16/><N who="3" m="10247" /><G74/><T98/><D11/><U47/><E92/><V23/><F23/><W125/><G125/><T39/><D39/><U133/><E133/><V3/><F3/><W134/><G134/><T120/><D120/><U29/><E66/><V88/><F122/><W113/><G113/><T75/><D75/><U103/><E70/><V51/><F93/><W44/><AGARI ba="3,0" hai="44,48,55,76,77,78,81,87" m="10247,41547" machi="44" ten="30,2000,0" yaku="14,1,54,1" doraHai="118" who="3" fromWho="3" sc="120,-8,69,-8,658,-13,153,29" /><INIT seed="3,0,0,5,5,86" ten="112,61,645,182" oya="3" hai0="43,58,59,0,40,57,32,126,8,50,133,10,78" hai1="98,72,19,63,71,54,48,1,70,20,35,113,62" hai2="92,38,60,132,97,125,115,14,120,64,99,110,117" hai3="37,109,28,101,82,85,5,7,69,56,124,31,121"/><W55/><G69/><T81/><D32/><U131/><E35/><V83/><F38/><W23/><G37/><T102/><D126/><U123/><E1/><V129/><F120/><W17/><G101/><T114/><D133/><U36/><E72/><V106/><F110/><W27/><G121/><T15/><D114/><U34/><E36/><V11/><F106/><W22/><G124/><T18/><D102/><U46/><E34/><V33/><F33/><W134/><G134/><T128/><D128/><U84/><E123/><V96/><F115/><W67/><G67/><T21/><D0/><U45/><E113/><V3/><F3/><W95/><G95/><T26/><D50/><U13/><E131/><V68/><F117/><W100/><G100/><T61/><D61/><U9/><E71/><V89/><F125/><W118/><G118/><T116/><D116/><U105/><E70/><V44/><F129/><W4/><G23/><T112/><D112/><U135/><E135/><V111/><F111/><W75/><G75/><T6/><REACH who="0" step="1"/><D10/><REACH who="0" ten="102,61,645,182" step="2"/><U41/><E105/><V73/><F92/><W24/><G109/><T93/><D93/><U88/><E98/><V122/><F64/><W108/><G108/><T74/><AGARI ba="0,1" hai="6,8,15,18,21,26,40,43,57,58,59,74,78,81" machi="74" ten="30,8000,1" yaku="1,1,0,1,53,3" doraHai="86" doraHaiUra="53" who="0" fromWho="0" sc="102,90,61,-20,645,-20,182,-40" owari="192,-0.8,41,-45.9,625,72.5,142,-25.8" /></mjloggm>