<mjloggm ver="2.3"><GO type="225" lobby="0"/><UN n0="%E3%81%9F%E3%81%93%E2%98%86%E7%84%BC%E3%81%8D" n1="%E3%83%A2%E3%83%B3%E3%82%AD%E3%83%BC%E3%83%88%E3%83%AA%E3%83%83%E3%82%AF" n2="%72%69%6F%75%63%68%61%6E" n3="%E3%81%BF%E3%81%BF%E3%81%9A" dan="16,17,16,17" rate="2081.58,2167.26,2223.33,2226.02" sx="M,M,M,M"/><TAIKYOKU oya="0"/><INIT seed="0,0,0,1,1,38" ten="250,250,250,250" oya="0" hai0="45,10,97,29,126,132,133,87,85,123,100,89,36" hai1="122,54,31,21,118,107,17,4,112,48,15,67,76" hai2="62,72,7,6,109,95,43,9,75,106,81,78,20" hai3="124,71,37,115,121,105,117,12,16,92,5,34,70"/><T18/><D29/><U50/><E107/><V55/><F106/><W83/><G105/><T113/><D113/><U104/><E104/><V28/><F109/><W51/><G37/><T103/><D123/><U68/><E122/><V86/><F6/><W98/><G121/><T30/><D30/><U91/><E112/><V129/><F129/><W128/><G115/><T131/><D10/><U25/><E118/><V111/><F111/><W134/><G34/><T110/><D18/><U27/><E76/><V73/><F43/><W61/><G117/><T101/><D110/><U77/><E77/><V42/><F42/><W90/><G5/><T74/><D45/><U127/><E127/><V99/><F55/><W119/><G119/><T135/><D36/><U24/><E4/><V88/><F62/><W40/><G128/><T47/><D47/><U108/><E108/><V94/><F28/><W1/><G1/><T125/><D74/><U130/><E130/><V46/><F46/><N who="3" m="26055" /><G134/><T52/><D52/><U82/><E67/><V0/><REACH who="2" step="1"/><F20/><REACH who="2" ten="250,250,240,250" step="2"/><N who="3" m="11271" /><G61/><T58/><D131/><U49/><E54/><V35/><F35/><W69/><G124/><N who="0" m="47723" /><D58/><U26/><E68/><V39/><F39/><W65/><G65/><T116/><D116/><U114/><E114/><V2/><F2/><W60/><G60/><T84/><D97/><U11/><N who="1" m="6144" /><DORA hai="41" /><U22/><E31/><V57/><F57/><W93/><G98/><T63/><D63/><U64/><E64/><V3/><F3/><W32/><G32/><T56/><D56/><U79/><E21/><V66/><F66/><W13/><G13/><RYUUKYOKU ba="0,1" sc="250,10,250,-30,240,10,250,10" hai0="84,85,87,89,100,101,103,132,133,135" hai2="0,7,9,72,73,75,78,81,86,88,94,95,99" hai3="69,70,71,83,90,92,93" /><INIT seed="0,1,1,5,3,113" ten="260,220,250,260" oya="0" hai0="119,51,84,48,23,79,123,75,64,94,47,61,78" hai1="6,34,121,117,60,87,10,45,88,31,72,9,52" hai2="122,112,86,37,118,131,56,11,24,114,98,20,17" hai3="38,89,69,57,53,73,68,130,133,96,132,110,109"/><T124/><D75/><U21/><E121/><V58/><F122/><W16/><G73/><T54/><D124/><U30/><E72/><V97/><F131/><W71/><G96/><T4/><D119/><U49/><E117/><V115/><F118/><W8/><G89/><T14/><D123/><U102/><E34/><V85/><F37/><W74/><G74/><T32/><D32/><U19/><E102/><V50/><F11/><N who="1" m="4105" /><E60/><V25/><F50/><N who="3" m="30903" /><G130/><T91/><D4/><U29/><E6/><V27/><F20/><W126/><G126/><T66/><D51/><U18/><E21/><V46/><F46/><W80/><G80/><AGARI ba="1,1" hai="18,19,29,30,31,45,49,52,80,87,88" m="4105" machi="80" ten="30,3900,0" yaku="8,1,54,2" doraHai="113" who="1" fromWho="3" sc="260,0,220,52,250,0,260,-42" /><INIT seed="1,0,0,3,3,47" ten="260,272,250,218" oya="1" hai0="58,92,80,104,53,34,56,23,9,21,33,50,129" hai1="31,115,7,35,89,98,122,51,49,100,26,36,85" hai2="20,10,106,131,46,45,120,1,99,3,94,40,8" hai3="32,13,135,103,108,70,55,121,130,29,72,25,18"/><U128/><E36/><V30/><F131/><W16/><G72/><T90/><D104/><U126/><E128/><V118/><F118/><W59/><G130/><T109/><D109/><U110/><E110/><V82/><F120/><W75/><G121/><T88/><D34/><U96/><E122/><V67/><F106/><W84/><G75/><T66/><D33/><U63/><E115/><V11/><F67/><W61/><G108/><T133/><D133/><U102/><E126/><V119/><F119/><W105/><G135/><T77/><D9/><U71/><E7/><V113/><F113/><W60/><G84/><N who="0" m="48143" /><D90/><U125/><E125/><V83/><F46/><W57/><G13/><T15/><D15/><U27/><E27/><V0/><F30/><W22/><G22/><N who="0" m="8203" /><D66/><N who="1" m="41439" /><E98/><V17/><F20/><W64/><REACH who="3" step="1"/><G59/><REACH who="3" ten="260,272,250,208" step="2"/><N who="0" m="33207" /><D129/><U117/><E117/><V42/><F17/><W91/><G91/><T39/><D39/><U101/><E101/><V28/><F28/><W5/><G5/><T19/><D19/><U127/><E102/><V123/><F123/><W97/><AGARI ba="0,1" hai="16,18,25,29,32,55,57,60,61,64,70,97,103,105" machi="97" ten="30,8000,1" yaku="1,1,0,1,25,2,54,1,53,0" doraHai="47" doraHaiUra="87" who="3" fromWho="3" sc="260,-20,272,-40,250,-20,208,90" /><INIT seed="2,0,0,0,3,16" ten="240,232,230,298" oya="2" hai0="41,66,98,100,110,13,75,90,49,24,38,69,128" hai1="54,88,63,74,95,132,65,81,117,127,125,59,76" hai2="106,130,18,45,55,114,15,12,93,109,27,73,111" hai3="119,102,71,46,50,61,52,135,84,33,77,11,126"/><V121/><F114/><W83/><G119/><T82/><D38/><U23/><E117/><V20/><F130/><W9/><G135/><T19/><D110/><N who="2" m="41994" /><F121/><W80/><G126/><T8/><D69/><U40/><E132/><V58/><F106/><W14/><G33/><T120/><D66/><U21/><E40/><V91/><F45/><W7/><G102/><T10/><D24/><U42/><E42/><V3/><F73/><W133/><G133/><T0/><D0/><U64/><E64/><V68/><F3/><W22/><G71/><T123/><D128/><U92/><E92/><V87/><F68/><W28/><G61/><AGARI ba="0,0" hai="12,15,18,20,27,55,58,61,87,91,93" m="41994" machi="61" ten="30,5800,0" yaku="14,1,10,1,52,1" doraHai="16" who="2" fromWho="3" sc="240,0,232,0,230,58,298,-58" /><INIT seed="2,1,0,5,4,128" ten="240,232,288,240" oya="2" hai0="108,103,13,81,98,129,105,46,109,28,40,86,47" hai1="93,95,119,24,96,69,29,60,112,67,58,104,79" hai2="132,22,48,122,80,27,84,33,53,25,118,5,14" hai3="130,63,121,59,19,12,41,7,20,88,34,45,114"/><V11/><F132/><W124/><G121/><T94/><D129/><U87/><E119/><V36/><F122/><W4/><G130/><T77/><D28/><U44/><E112/><V134/><F134/><W9/><G114/><T127/><D13/><U113/><E113/><V99/><F118/><W125/><G34/><T6/><D6/><U37/><E37/><V73/><F36/><W74/><G74/><T57/><D57/><U82/><E44/><V26/><F73/><W97/><G41/><T72/><D47/><U111/><E111/><N who="0" m="42569" /><D127/><N who="3" m="48713" /><G45/><T89/><D46/><U51/><E51/><V101/><F33/><W116/><G116/><T64/><D64/><U62/><E104/><V39/><F39/><W135/><G135/><T66/><D66/><U8/><E8/><V102/><F53/><N who="3" m="34287" /><G9/><T2/><D2/><U32/><E96/><V10/><F48/><W92/><AGARI ba="1,0" hai="4,7,12,19,20,88,92,97" m="34287,48713" machi="92" ten="30,2000,0" yaku="18,1,54,1" doraHai="128" who="3" fromWho="3" sc="240,-6,232,-6,288,-11,240,23" /><INIT seed="3,0,0,1,4,89" ten="234,226,277,263" oya="3" hai0="59,20,111,31,97,123,56,125,110,135,13,101,19" hai1="113,68,115,47,37,95,100,112,99,63,69,21,119" hai2="108,36,11,29,121,18,55,46,23,122,45,48,60" hai3="91,94,2,12,102,83,129,51,93,6,43,77,39"/><W28/><G129/><T116/><D123/><U3/><E3/><V82/><F108/><N who="0" m="41514" /><D116/><U66/><E119/><V120/><F82/><W58/><G102/><T62/><D135/><U117/><E117/><V75/><F75/><N who="3" m="43455" /><G91/><T65/><D125/><U79/><E79/><V74/><F74/><W118/><G12/><T32/><D32/><U0/><E0/><V30/><F11/><N who="3" m="2519" /><G118/><T41/><D31/><U70/><REACH who="1" step="1"/><E21/><REACH who="1" ten="234,216,277,263" step="2"/><V90/><F23/><W72/><G72/><T78/><D78/><U96/><E96/><V81/><F122/><W42/><G28/><T128/><D128/><U24/><E24/><V52/><F29/><W16/><G16/><T40/><D59/><U131/><E131/><V88/><F18/><W22/><G22/><T7/><D7/><U86/><E86/><V49/><F30/><W50/><G58/><T17/><D17/><U38/><E38/><V8/><F36/><W103/><G39/><T84/><D84/><U92/><E92/><AGARI ba="0,1" hai="13,19,20,40,41,56,62,65,92,97,101" m="41514" machi="92" ten="30,2000,0" yaku="14,1,52,1" doraHai="89" who="0" fromWho="1" sc="234,30,216,-20,277,0,263,0" /><INIT seed="4,0,0,4,2,53" ten="264,196,277,263" oya="0" hai0="20,83,17,108,132,11,3,123,8,133,64,78,65" hai1="52,9,129,27,63,112,47,94,89,114,74,25,18" hai2="60,106,92,19,109,79,122,39,115,38,86,95,93" hai3="125,70,110,69,76,87,72,82,2,117,128,105,111"/><T31/><D123/><U6/><E74/><V67/><F122/><W1/><G87/><N who="0" m="48631" /><D31/><U28/><E129/><V91/><F115/><N who="1" m="44073" /><E18/><V14/><F109/><N who="3" m="41483" /><G117/><T88/><D108/><U84/><E28/><V131/><F131/><W134/><G128/><T71/><D71/><N who="3" m="27145" /><G105/><T104/><D104/><U30/><E30/><V107/><F79/><W44/><G44/><T29/><D29/><U120/><E120/><V33/><F33/><W10/><G10/><N who="0" m="3627" /><D3/><N who="3" m="1033" /><G134/><N who="0" m="51819" /><D88/><U49/><E63/><V13/><F107/><W118/><G118/><T36/><D36/><U41/><E41/><V100/><F106/><W15/><G15/><AGARI ba="0,0" hai="15,17,20,64,65" m="51819,3627,48631" machi="15" ten="30,1500,0" yaku="20,1" doraHai="53" who="0" fromWho="3" sc="264,15,196,0,277,0,263,-15" /><AGARI ba="0,0" hai="6,9,15,25,27,47,49,52,84,89,94" m="44073" machi="15" ten="30,3900,0" yaku="15,1,11,1,54,1" doraHai="53" who="1" fromWho="3" sc="279,0,196,39,277,0,248,-39" /><INIT seed="4,1,0,5,3,3" ten="279,235,277,209" oya="0" hai0="74,73,33,28,66,12,55,118,96,1,61,37,60" hai1="130,14,125,88,68,108,104,0,21,106,47,135,117" hai2="110,65,17,93,70,109,11,10,51,87,84,69,75" hai3="40,19,13,62,132,36,67,27,45,2,6,78,133"/><T9/><D1/><U101/><E0/><V77/><F51/><W52/><G27/><T134/><D37/><U59/><E68/><N who="2" m="26219" /><F93/><W50/><G78/><T124/><D66/><U42/><E117/><V100/><F65/><W44/><G2/><T46/><D134/><N who="3" m="51817" /><G19/><T129/><D129/><U103/><E125/><V115/><F17/><W131/><G131/><T94/><D124/><U5/><E135/><V49/><F49/><W23/><G23/><T48/><D118/><U79/><E104/><V120/><F77/><W39/><G13/><T30/><D74/><U91/><E79/><V72/><F120/><W122/><G122/><T114/><D73/><N who="2" m="28234" /><F100/><W95/><G95/><T16/><D114/><U18/><E106/><V113/><F84/><W116/><G116/><T97/><D33/><U54/><E101/><V123/><F87/><W112/><G6/><T102/><D96/><U43/><E103/><V85/><F85/><W29/><G29/><AGARI ba="1,0" hai="9,12,16,28,29,30,46,48,55,60,61,94,97,102" machi="29" ten="40,3900,0" yaku="8,1,54,1" doraHai="3" who="0" fromWho="3" sc="279,42,235,0,277,0,209,-42" owari="321,42.1,235,-16.5,277,7.7,167,-33.3" /></mjloggm>