<mjloggm ver="2.3"><GO type="225" lobby="0"/><UN n0="%E5%A4%8F%E9%88%B4%E9%88%B4%E5%A4%8F" n1="%6D%75%75%6D%75%72%61" n2="%73%6C%69%63%6B%33%31%39" n3="%E3%81%AF%E3%82%88%E3%81%8A%E3%81%98%E3%81%95%E3%82%93" dan="16,17,16,17" rate="2126.54,2183.42,2095.73,2195.39" sx="M,F,M,M"/><TAIKYOKU oya="0"/><INIT seed="0,0,0,4,2,98" ten="250,250,250,250" oya="0" hai0="107,75,91,127,10,29,40,26,118,41,126,52,112" hai1="87,56,135,117,9,81,133,134,83,130,80,21,53" hai2="128,89,131,50,97,16,1,64,6,28,27,101,95" hai3="22,67,92,2,34,18,94,20,23,33,84,113,119"/><T59/><D112/><U102/><E117/><V13/><F64/><W36/><G36/><T85/><D75/><U66/><E130/><N who="2" m="49707" /><F1/><W115/><G67/><T32/><D107/><U55/><E87/><V121/><F121/><W3/><G84/><T19/><D118/><U122/><E122/><V110/><F6/><W31/><G119/><T71/><D71/><U4/><E21/><N who="3" m="8298" /><G92/><T120/><D120/><U57/><E102/><V104/><F50/><W93/><G94/><T77/><D77/><U96/><E96/><N who="2" m="61479" /><F110/><W72/><G93/><N who="0" m="54511" /><D19/><U74/><E74/><V14/><F16/><W76/><G76/><T106/><D106/><U25/><E25/><V132/><F132/><W108/><G72/><T12/><D10/><U61/><REACH who="1" step="1"/><E57/><REACH who="1" ten="250,240,250,250" step="2"/><V35/><AGARI ba="0,1" hai="13,14,27,28,35,89,95,97" m="61479,49707" machi="35" ten="30,2000,0" yaku="19,1,52,1" doraHai="98" who="2" fromWho="2" sc="250,-10,240,-5,250,30,250,-5" /><INIT seed="1,0,0,0,3,21" ten="240,235,280,245" oya="1" hai0="72,70,44,60,122,89,8,121,63,100,20,46,98" hai1="18,34,29,76,25,66,37,80,97,133,91,35,111" hai2="131,85,82,67,22,94,10,2,112,27,54,51,55" hai3="48,65,38,126,28,59,62,73,116,132,15,64,47"/><U125/><E125/><V40/><F131/><W3/><G3/><T56/><D72/><U120/><E120/><N who="0" m="46185" /><D89/><U16/><E133/><V87/><F112/><W32/><G73/><T88/><D8/><U6/><E37/><V57/><F2/><W24/><G126/><T14/><D70/><U95/><E111/><V61/><F40/><W9/><G132/><T93/><D60/><U33/><E6/><V118/><F118/><W69/><G116/><T11/><D20/><U42/><E42/><V45/><F10/><W17/><G38/><T26/><D26/><U128/><E128/><V39/><F39/><W19/><G65/><N who="0" m="39143" /><D100/><U103/><E66/><V31/><F82/><W106/><G69/><T86/><D86/><U107/><E34/><V77/><F77/><W113/><G113/><T53/><D53/><U43/><E43/><N who="2" m="25023" /><F85/><W101/><G19/><AGARI ba="0,0" hai="11,14,19,44,46,88,93,98" m="39143,46185" machi="19" ten="30,2000,0" yaku="13,1,54,1" doraHai="21" who="0" fromWho="3" sc="240,20,235,0,280,0,245,-20" /><INIT seed="2,0,0,4,0,95" ten="260,235,280,225" oya="2" hai0="96,90,93,114,113,43,22,68,87,116,29,42,40" hai1="44,70,59,19,9,123,102,34,85,6,92,107,115" hai2="51,121,20,4,33,15,30,73,64,31,25,35,111" hai3="78,126,28,86,127,71,17,27,53,94,88,8,132"/><V54/><F121/><W7/><G71/><T14/><D68/><U55/><E115/><V60/><F73/><W36/><G36/><T50/><D116/><U45/><E70/><V65/><F111/><W106/><G106/><T81/><D113/><U130/><E34/><V61/><F4/><W76/><G17/><N who="0" m="10551" /><D114/><U97/><E130/><V82/><F82/><W24/><G132/><T63/><D63/><N who="2" m="24138" /><F15/><W100/><G100/><N who="0" m="60431" /><D29/><N who="2" m="10762" /><F33/><W23/><G27/><T66/><D66/><U69/><E69/><V10/><F10/><W21/><G23/><T91/><D50/><U46/><E123/><V134/><F35/><W38/><G53/><T117/><D117/><U58/><E55/><V110/><F110/><W39/><G38/><T83/><D83/><U62/><E62/><V131/><F131/><W77/><REACH who="3" step="1"/><G39/><REACH who="3" ten="260,235,280,215" step="2"/><T0/><D40/><U2/><REACH who="1" step="1"/><E19/><REACH who="1" ten="260,225,280,215" step="2"/><N who="2" m="12447" /><F134/><W5/><G5/><T52/><D52/><U79/><E79/><V120/><F120/><W112/><G112/><T105/><D43/><U56/><E56/><AGARI ba="0,2" hai="51,54,56,64,65" m="12447,10762,24138" machi="56" ten="30,1500,0" yaku="8,1" doraHai="95" who="2" fromWho="1" sc="260,0,225,-15,280,35,215,0" /><INIT seed="2,1,0,4,0,18" ten="260,210,315,215" oya="2" hai0="70,90,6,44,8,76,19,12,100,42,47,32,30" hai1="9,112,4,34,133,31,77,87,79,49,102,25,3" hai2="13,85,21,111,56,5,68,54,86,122,37,26,118" hai3="95,96,73,97,36,110,7,92,115,78,124,10,103"/><V1/><F118/><W108/><G36/><T72/><D70/><U46/><E112/><V74/><F122/><W45/><G45/><T105/><D90/><U119/><E119/><V91/><F74/><W120/><G120/><T81/><D100/><U11/><E133/><V48/><F68/><W131/><G115/><T75/><D105/><U99/><E87/><V126/><F37/><W15/><G124/><T65/><D65/><U62/><E62/><V24/><F1/><W82/><REACH who="3" step="1"/><G131/><REACH who="3" ten="260,210,315,205" step="2"/><T55/><D47/><U14/><E3/><V101/><F126/><W64/><G64/><T69/><D44/><U88/><E46/><V121/><F121/><W51/><G51/><T89/><D42/><U50/><E49/><V2/><F48/><W35/><G35/><T71/><D32/><U129/><E50/><V20/><F54/><W41/><G41/><T29/><D55/><U27/><E129/><V134/><F134/><W39/><G39/><T117/><D117/><U128/><E128/><V114/><F114/><W52/><G52/><T53/><D53/><U16/><E34/><V130/><F130/><W59/><G59/><T132/><D132/><U67/><E67/><V61/><F56/><W23/><G23/><T43/><D43/><U38/><E38/><V113/><F21/><W109/><G109/><T66/><D66/><U125/><E125/><V135/><F20/><W17/><G17/><T106/><D19/><U107/><E16/><V57/><F111/><W22/><G22/><T116/><D116/><U63/><E63/><V127/><F61/><W123/><G123/><RYUUKYOKU ba="1,1" sc="260,-10,210,-10,315,-10,205,30" hai3="7,10,15,73,78,82,92,95,96,97,103,108,110" /><INIT seed="3,2,1,4,3,6" ten="250,200,305,235" oya="3" hai0="70,48,109,33,25,114,38,68,113,82,27,71,18" hai1="129,81,120,7,101,122,87,105,29,42,31,39,45" hai2="72,95,83,24,107,54,20,132,52,60,8,75,99" hai3="94,62,126,69,12,66,102,84,76,135,111,34,131"/><W30/><G126/><T73/><D109/><U125/><E125/><V119/><F119/><W3/><G3/><T46/><D38/><U108/><E108/><V91/><F132/><W92/><G111/><T128/><D128/><U103/><E129/><V134/><F134/><W36/><G36/><T133/><D133/><U123/><E7/><V2/><F107/><W61/><G131/><T59/><D59/><U0/><E0/><V43/><F43/><W23/><G135/><T110/><D110/><U93/><E105/><V37/><F37/><W44/><G44/><T56/><D56/><U100/><REACH who="1" step="1"/><E93/><REACH who="1" ten="250,190,305,235" step="2"/><V127/><F95/><W88/><G94/><T116/><D114/><U65/><E65/><V17/><F2/><W112/><G112/><T9/><D113/><U53/><E53/><V22/><F54/><W13/><G102/><T16/><D116/><U79/><AGARI ba="2,2" hai="29,31,39,42,45,79,81,87,100,101,103,120,122,123" machi="79" ten="40,2700,0" yaku="1,1,0,1,53,0" doraHai="6" doraHaiUra="14" who="1" fromWho="1" sc="250,-9,190,53,305,-9,235,-15" /><INIT seed="4,0,0,5,2,129" ten="241,243,296,220" oya="0" hai0="77,26,62,124,72,130,70,118,53,120,39,30,1" hai1="95,37,56,132,78,2,55,107,79,51,135,15,23" hai2="131,121,127,49,117,68,134,97,21,59,33,36,11" hai3="119,100,85,110,45,106,50,108,69,25,123,84,31"/><T109/><RYUUKYOKU type="yao9" ba="0,0" sc="241,0,243,0,296,0,220,0" hai0="1,26,30,39,53,62,70,72,77,109,118,120,124,130" /><INIT seed="4,1,0,1,4,34" ten="241,243,296,220" oya="0" hai0="117,66,39,65,36,84,45,4,35,50,80,123,25" hai1="9,106,7,18,95,77,99,85,98,135,72,74,94" hai2="81,19,14,70,38,124,126,79,83,51,97,131,73" hai3="20,107,12,41,87,63,16,127,32,27,24,130,3"/><T134/><D123/><U47/><E18/><V113/><F38/><W108/><G107/><T61/><D117/><U44/><E9/><V29/><F113/><W109/><G41/><T58/><D134/><U60/><E60/><V91/><F70/><W96/><G96/><T17/><D66/><U13/><E13/><V37/><F37/><W110/><G87/><T120/><D120/><U133/><E7/><V23/><F131/><W122/><G122/><T22/><D4/><U5/><E5/><V10/><F51/><W75/><G75/><T6/><D6/><U121/><E85/><N who="2" m="50607" /><F97/><W93/><G93/><T125/><D35/><U21/><E121/><V11/><F29/><N who="3" m="19495" /><G63/><T49/><D49/><U111/><E106/><V53/><F53/><W46/><G46/><T101/><D101/><U112/><E112/><V103/><F103/><W62/><G62/><T82/><D82/><U102/><E102/><V76/><F76/><W68/><G68/><T59/><D59/><U54/><E77/><V31/><F31/><N who="3" m="17895" /><G130/><T78/><D125/><AGARI ba="1,0" hai="10,11,14,19,23,73,79,83,124,125,126" m="50607" machi="125" ten="30,1000,0" yaku="18,1" doraHai="34" who="2" fromWho="0" sc="241,-13,243,0,296,13,220,0" owari="228,-17.2,243,4.3,309,40.9,220,-28.0" /></mjloggm>