<mjloggm ver="2.3"><GO type="225" lobby="0"/><UN n0="%E3%80%93%E3%81%97%E3%83%BC%E3%82%89%E3%80%93" n1="%E6%98%93%E5%88%A9%E8%96%A9%E4%BC%AF" n2="%E3%82%B2%E3%82%B9%E8%8C%82%E5%8B%9D" n3="%E6%A1%9C%E8%8A%B1%E9%96%83%E3%80%85" dan="16,16,16,16" rate="2171.75,2036.25,2112.56,2141.41" sx="M,F,F,M"/><TAIKYOKU oya="0"/><INIT seed="0,0,0,3,5,90" ten="250,250,250,250" oya="0" hai0="127,13,81,33,9,114,110,101,91,56,77,74,30" hai1="18,79,44,64,61,22,83,68,89,12,37,50,88" hai2="76,132,66,96,2,10,73,8,130,3,107,85,98" hai3="46,119,106,25,63,58,49,32,55,54,26,105,67"/><T69/><D69/><U24/><E37/><V48/><F130/><W131/><G119/><T0/><D0/><U100/><E100/><V92/><F132/><W21/><G131/><T116/><D116/><U123/><E123/><V99/><F107/><W75/><G75/><T39/><D39/><U84/><REACH who="1" step="1"/><E24/><REACH who="1" ten="250,240,250,250" step="2"/><V133/><F133/><W103/><G103/><T59/><D101/><U31/><E31/><V6/><F73/><W102/><G102/><T45/><D30/><U40/><AGARI ba="0,1" hai="12,18,22,40,44,50,61,64,68,79,83,84,88,89" machi="40" ten="20,5200,0" yaku="1,1,0,1,7,1,54,1,53,0" doraHai="90" doraHaiUra="134" who="1" fromWho="1" sc="250,-26,240,62,250,-13,250,-13" /><INIT seed="1,0,0,5,5,49" ten="224,302,237,237" oya="1" hai0="57,58,134,20,55,78,87,121,67,126,45,75,96" hai1="90,32,43,105,61,101,95,130,97,99,77,110,135" hai2="56,131,132,116,120,38,54,19,122,5,48,80,41" hai3="9,42,59,106,62,133,68,79,111,83,22,28,84"/><U35/><E130/><V115/><F5/><W7/><G111/><T24/><D75/><U33/><E135/><V40/><F19/><W129/><G129/><T70/><D134/><U18/><E110/><V91/><F91/><W12/><G133/><T46/><D70/><U29/><E43/><V14/><F14/><W125/><G125/><T123/><D126/><U31/><E77/><V53/><F80/><W86/><G68/><T124/><D124/><U102/><E90/><V13/><F132/><W10/><G106/><T6/><D6/><U113/><E113/><V17/><F131/><W89/><G42/><T8/><D8/><U52/><REACH who="1" step="1"/><E18/><REACH who="1" ten="224,292,237,237" step="2"/><V107/><F115/><W27/><G7/><T74/><D78/><U72/><E72/><V112/><F112/><W114/><G114/><T66/><D74/><U65/><E65/><V108/><F108/><W47/><G79/><T34/><D67/><U117/><E117/><V118/><F38/><W71/><G89/><T104/><D66/><U85/><E85/><V69/><F41/><W37/><G86/><T30/><D87/><U93/><E93/><V119/><F40/><W100/><G84/><T94/><D94/><U82/><E82/><V26/><F116/><W103/><G83/><T0/><D104/><U81/><E81/><V21/><F107/><W15/><G37/><T51/><D121/><U3/><E3/><V60/><F119/><W39/><G39/><T127/><D123/><U109/><E109/><V128/><F118/><W2/><G2/><T11/><D0/><U23/><E23/><N who="2" m="11695" /><F120/><W64/><G64/><RYUUKYOKU ba="0,1" sc="224,-10,292,30,237,-10,237,-10" hai1="29,31,32,33,35,52,61,95,97,99,101,102,105" /><INIT seed="1,1,1,0,0,91" ten="214,322,227,227" oya="1" hai0="40,95,43,118,15,35,5,130,113,14,100,108,1" hai1="83,107,6,121,45,55,117,8,94,70,3,11,120" hai2="125,48,66,123,7,62,105,97,42,17,57,22,82" hai3="116,23,87,49,9,114,84,18,122,67,24,74,78"/><U33/><E107/><V134/><F125/><W72/><G122/><T96/><D35/><U21/><E33/><V31/><F134/><W80/><G114/><T112/><D118/><U109/><E117/><V81/><F123/><W47/><G116/><T132/><D132/><U61/><E109/><V38/><F38/><W126/><G126/><T99/><D108/><U133/><E133/><V59/><F7/><W63/><G74/><T93/><D130/><U73/><E11/><V65/><F31/><W89/><G9/><T41/><D1/><U39/><E21/><V75/><F75/><W90/><G87/><T20/><D5/><U98/><E55/><V58/><F97/><N who="0" m="37450" /><D20/><U13/><E13/><N who="0" m="4617" /><D100/><U128/><E128/><V76/><F105/><W37/><G37/><T56/><D56/><N who="2" m="21610" /><F66/><W77/><G72/><T124/><D124/><U52/><E70/><V104/><F104/><W119/><G119/><T50/><D50/><U71/><E71/><V28/><F28/><W127/><G127/><T2/><D2/><U92/><E73/><V12/><F76/><W53/><REACH who="3" step="1"/><G78/><REACH who="3" ten="214,322,227,217" step="2"/><T88/><D88/><U60/><E39/><V27/><F12/><W85/><G85/><T4/><D4/><U54/><E98/><V69/><F69/><AGARI ba="1,2" hai="18,23,24,47,49,53,63,67,69,77,80,84,89,90" machi="69" ten="30,2000,0" yaku="1,1,7,1,53,0" doraHai="91" doraHaiUra="110" who="3" fromWho="2" sc="214,0,322,0,227,-23,217,43" /><INIT seed="2,0,0,4,0,55" ten="214,322,204,260" oya="2" hai0="53,54,132,107,11,102,92,25,131,67,80,20,58" hai1="37,84,27,121,81,33,15,73,39,129,5,108,13" hai2="83,122,104,62,125,9,57,119,110,10,118,51,116" hai3="117,24,21,4,78,134,49,19,99,6,75,70,26"/><V29/><F122/><W91/><G117/><T42/><D107/><U93/><E108/><V50/><F104/><W17/><G70/><T115/><D115/><U47/><E129/><V63/><F29/><W97/><G134/><T79/><D42/><U68/><E68/><V69/><F83/><W43/><G75/><T38/><D38/><U3/><E3/><V133/><F133/><W82/><G78/><T35/><D35/><U66/><E66/><N who="2" m="41175" /><F10/><W34/><G34/><T124/><D11/><U86/><E73/><V109/><F9/><W101/><G43/><T113/><D124/><U65/><E5/><N who="3" m="2154" /><G49/><N who="2" m="18441" /><F125/><W95/><G82/><T22/><D22/><U64/><E81/><V18/><F18/><N who="3" m="6667" /><G21/><T98/><D131/><U23/><E23/><V114/><F114/><W100/><G91/><T46/><D113/><U87/><E121/><V127/><F127/><W123/><G123/><T40/><D132/><U120/><E120/><V0/><F0/><W96/><G95/><T48/><D80/><U45/><E93/><V89/><F89/><W103/><AGARI ba="0,0" hai="24,26,96,97,99,100,101,103" m="6667,2154" machi="103" ten="40,5200,0" yaku="28,2,8,1" doraHai="55" who="3" fromWho="3" sc="214,-13,322,-13,204,-26,260,52" /><INIT seed="3,0,0,4,5,29" ten="201,309,178,312" oya="3" hai0="68,64,72,26,33,130,8,61,121,45,43,88,1" hai1="95,2,25,109,39,100,73,52,17,108,85,134,57" hai2="106,27,113,3,32,86,67,94,114,30,35,93,118" hai3="112,55,15,18,96,12,104,46,131,126,101,84,129"/><W102/><G112/><T74/><D121/><U4/><E73/><V111/><F118/><W76/><G126/><T44/><D44/><U70/><E70/><V91/><F3/><W0/><G0/><T107/><D88/><N who="1" m="53647" /><E39/><V122/><F106/><W47/><G102/><T123/><D130/><N who="3" m="49673" /><G55/><T115/><D107/><U41/><E41/><V51/><F111/><N who="1" m="42569" /><E100/><V69/><F122/><W79/><G12/><T125/><D125/><U81/><E81/><V23/><F51/><W53/><G84/><T10/><D123/><U82/><E82/><V62/><REACH who="2" step="1"/><F93/><REACH who="2" ten="201,309,168,312" step="2"/><W120/><G120/><T34/><D115/><AGARI ba="0,1" hai="23,27,30,32,35,62,67,69,86,91,94,113,114,115" machi="115" ten="40,8000,1" yaku="1,1,2,1,52,2,53,0" doraHai="29" doraHaiUra="40" who="2" fromWho="0" sc="201,-80,309,0,168,90,312,0" owari="121,-37.9,309,10.9,258,-14.2,312,41.2" /></mjloggm>