<mjloggm ver="2.3"><GO type="225" lobby="0"/><UN n0="%E3%81%B2%E3%81%AA%E3%81%AE%E3%82%8A%E3%81%8F" n1="%E3%81%A0%E3%81%8A" n2="%72%69%6F%75%63%68%61%6E" n3="%E3%81%B5%E3%81%98%E3%81%8B%E3%81%A4" dan="17,16,16,16" rate="2233.45,2025.41,2164.86,2072.28" sx="M,M,M,M"/><TAIKYOKU oya="0"/><INIT seed="0,0,0,1,4,36" ten="250,250,250,250" oya="0" hai0="61,89,7,73,72,94,111,26,86,25,75,23,79" hai1="40,19,91,83,65,45,29,21,135,6,48,33,130" hai2="13,96,57,60,113,14,49,133,37,134,80,0,43" hai3="129,35,105,119,59,92,55,30,56,101,131,24,71"/><T53/><D111/><U81/><E130/><N who="3" m="49674" /><G105/><T17/><D7/><U87/><E135/><N who="2" m="51723" /><F37/><W15/><G71/><T98/><D26/><U106/><E106/><V93/><F0/><W127/><G127/><T51/><D61/><U62/><E6/><V100/><F113/><W31/><G31/><T68/><D68/><U120/><E120/><V20/><F80/><W32/><G32/><T116/><D116/><U8/><E8/><V103/><F100/><W63/><G15/><T52/><REACH who="0" step="1"/><D51/><REACH who="0" ten="240,250,250,250" step="2"/><U124/><E48/><V74/><F60/><N who="3" m="35871" /><G119/><T97/><D97/><U11/><E62/><V102/><F96/><N who="3" m="59527" /><G63/><T41/><D41/><U46/><E40/><V76/><F43/><W70/><G70/><T3/><D3/><U104/><E124/><V27/><F49/><W115/><G115/><T78/><D78/><U12/><E33/><V28/><F76/><W22/><G35/><T95/><D95/><U88/><E104/><V110/><F93/><W85/><G85/><T69/><D69/><U34/><E87/><V64/><F110/><W4/><G4/><T58/><D58/><AGARI ba="0,1" hai="22,24,30,58,59" m="59527,35871,49674" machi="58" ten="30,1000,0" yaku="19,1" doraHai="36" who="3" fromWho="0" sc="240,-10,250,0,250,0,250,20" /><INIT seed="1,0,0,2,0,48" ten="230,250,250,270" oya="1" hai0="41,101,16,96,109,79,2,89,8,134,115,42,3" hai1="93,132,135,9,95,70,21,127,38,47,124,37,122" hai2="57,105,18,60,28,99,20,74,129,43,82,69,1" hai3="44,130,86,17,113,45,121,77,19,91,78,0,59"/><U36/><E122/><V46/><F129/><W119/><G121/><T116/><D115/><U104/><E104/><V94/><F1/><W73/><G73/><T27/><D116/><U33/><E33/><V102/><F69/><W50/><G0/><T62/><D109/><U14/><E70/><V51/><F28/><W6/><G6/><T23/><D79/><N who="3" m="30217" /><G130/><T5/><D134/><N who="1" m="51243" /><E21/><V125/><F82/><N who="3" m="49623" /><G113/><T52/><D89/><U34/><E47/><N who="3" m="17994" /><G119/><T88/><D3/><U76/><E76/><V67/><F125/><N who="1" m="48201" /><E34/><V25/><REACH who="2" step="1"/><F74/><REACH who="2" ten="230,250,240,270" step="2"/><W56/><G56/><N who="0" m="35079" /><D101/><U85/><E85/><V71/><F71/><W100/><G100/><T26/><D26/><U58/><E58/><V106/><AGARI ba="0,1" hai="18,20,25,43,46,51,57,60,67,94,99,102,105,106" machi="106" ten="30,2000,0" yaku="1,1,0,1,53,0" doraHai="48" doraHaiUra="64" who="2" fromWho="2" sc="230,-5,250,-10,240,30,270,-5" /><INIT seed="2,0,0,0,0,104" ten="225,240,270,265" oya="2" hai0="116,105,112,96,4,113,47,115,1,21,31,62,90" hai1="88,74,40,81,107,95,14,35,19,30,59,128,72" hai2="98,125,103,126,89,3,114,93,15,57,44,129,79" hai3="12,67,36,135,16,97,120,60,77,134,109,2,83"/><V34/><F114/><W33/><G120/><T23/><D116/><U42/><E107/><V68/><F3/><W43/><G2/><T27/><D1/><U39/><E128/><V94/><F68/><W122/><G33/><T8/><D23/><U86/><E59/><V130/><F34/><W18/><G122/><T108/><D108/><U118/><E118/><V100/><F44/><N who="3" m="23655" /><G97/><T133/><D133/><N who="3" m="50697" /><G12/><T7/><D8/><U117/><E117/><V64/><F15/><W24/><G24/><T17/><D31/><U63/><E63/><N who="2" m="37999" /><F79/><W10/><G10/><T32/><D32/><U70/><E70/><V85/><F100/><W46/><G46/><T51/><D62/><U54/><E35/><V9/><F9/><W49/><G49/><T87/><D105/><U22/><E39/><V5/><F5/><W131/><G131/><AGARI ba="0,0" hai="85,89,93,94,98,103,125,126,129,130,131" m="37999" machi="131" ten="30,1500,0" yaku="19,1" doraHai="104" who="2" fromWho="3" sc="225,0,240,0,270,15,265,-15" /><INIT seed="2,1,0,1,3,51" ten="225,240,285,250" oya="2" hai0="53,20,78,25,111,85,102,21,72,125,11,80,6" hai1="86,61,108,30,96,17,88,76,128,121,95,9,101" hai2="38,34,132,40,44,39,63,117,99,113,15,93,65" hai3="2,49,134,127,112,75,74,107,98,105,104,47,19"/><V45/><F113/><W68/><G2/><T114/><D114/><U37/><E37/><V7/><F117/><W3/><G112/><T69/><D111/><U59/><E108/><V1/><F132/><W67/><G3/><T100/><D125/><U5/><E128/><V48/><F34/><W71/><G98/><T41/><D69/><U129/><E129/><V4/><F1/><W13/><G127/><T58/><D41/><U28/><E17/><V73/><F73/><W27/><G27/><T29/><D72/><U56/><E76/><V133/><F133/><W14/><G134/><T55/><D21/><U31/><E61/><V12/><F12/><W84/><G84/><T16/><D29/><U89/><E89/><V110/><F110/><W32/><G32/><T109/><D109/><U120/><E121/><V36/><F44/><W118/><G13/><N who="0" m="5367" /><D58/><U66/><E66/><V87/><F87/><W83/><G83/><T123/><D123/><U124/><E120/><V126/><F126/><W64/><G71/><T94/><D94/><N who="1" m="54551" /><E124/><V116/><F116/><W119/><G119/><T23/><D23/><U18/><E5/><V103/><REACH who="2" step="1"/><F15/><AGARI ba="1,0" hai="9,15,18,28,30,31,56,59,95,96,101" m="54551" machi="15" ten="30,2000,0" yaku="8,1,54,1" doraHai="51" who="1" fromWho="2" sc="225,0,240,23,285,-23,250,0" /><INIT seed="3,0,0,0,4,49" ten="225,263,262,250" oya="3" hai0="4,101,54,69,32,16,88,9,112,106,2,8,31" hai1="120,92,107,72,11,134,42,131,75,77,110,73,135" hai2="78,19,71,28,124,102,84,29,104,67,45,21,37" hai3="5,58,76,117,79,57,125,39,59,103,36,38,118"/><W127/><G103/><T60/><D112/><U14/><E120/><V44/><F124/><N who="3" m="47691" /><G5/><T119/><D119/><AGARI ba="0,0" hai="36,38,39,57,58,59,76,79,117,118,119" m="47691" machi="119" ten="40,7700,0" yaku="28,2,18,1" doraHai="49" who="3" fromWho="0" sc="225,-77,263,0,262,0,250,77" owari="148,-35.2,263,6.3,262,-13.8,327,42.7" /></mjloggm>