<mjloggm ver="2.3"><GO type="225" lobby="0"/><UN n0="%E3%81%BF%E3%81%BF%E3%81%9A" n1="%E3%83%AB%E3%83%9B%E3%83%B3%E3%83%87%E3%82%A3%E3%82%A8" n2="%72%65%6E%6B%75%6E" n3="%E6%B8%A9%E2%98%85%E6%83%85%E2%98%85%E6%8E%AA%E2%98%85%E7%BD%AE" dan="17,17,17,18" rate="2248.87,2194.87,2227.18,2260.38" sx="M,M,M,M"/><TAIKYOKU oya="0"/><INIT seed="0,0,0,3,1,14" ten="250,250,250,250" oya="0" hai0="114,34,110,133,74,29,61,86,106,77,57,107,0" hai1="120,94,126,134,30,63,115,55,66,129,70,80,42" hai2="83,41,19,65,81,48,20,90,6,118,51,102,22" hai3="40,64,116,31,87,96,135,11,67,100,124,45,38"/><T53/><BYE who="2" /><D114/><U8/><E120/><V5/><F5/><W54/><G116/><T52/><D0/><U103/><E126/><V15/><F15/><W23/><G124/><T98/><D74/><U37/><E129/><V10/><F10/><W113/><G135/><T117/><D117/><U104/><E134/><V91/><F91/><W95/><G113/><T85/><D133/><U112/><E104/><V18/><F18/><W26/><G54/><T33/><D110/><U88/><E103/><V28/><F28/><W122/><G122/><T111/><D111/><U44/><E30/><V132/><F132/><W24/><G11/><T47/><D29/><U3/><E80/><V13/><F13/><W82/><REACH who="3" step="1"/><G26/><REACH who="3" ten="250,250,250,240" step="2"/><T84/><D53/><U7/><REACH who="1" step="1"/><E55/><REACH who="1" ten="250,240,250,240" step="2"/><V21/><F21/><W1/><G1/><T25/><D52/><U121/><E121/><V27/><F27/><W93/><G93/><T97/><D25/><U39/><E39/><V35/><F35/><W99/><G99/><AGARI ba="0,2" hai="3,7,8,37,42,44,63,66,70,88,94,99,112,115" machi="99" ten="40,2600,0" yaku="1,1,54,1,53,0" doraHai="14" doraHaiUra="76" who="1" fromWho="3" sc="250,0,240,46,250,0,240,-26" /><INIT seed="1,0,0,1,4,51" ten="250,286,250,214" oya="1" hai0="37,90,61,67,46,4,107,10,3,125,92,113,68" hai1="99,14,19,112,84,0,66,30,18,43,120,42,2" hai2="33,130,70,15,118,127,12,9,35,32,98,39,13" hai3="1,31,105,81,109,111,53,129,26,123,23,132,48"/><U21/><E120/><V135/><F135/><W124/><G123/><T40/><D125/><U60/><E112/><V29/><F29/><W77/><G132/><T94/><D107/><U50/><E30/><V121/><F121/><W133/><G133/><T126/><D126/><U22/><E99/><V106/><F106/><W83/><G105/><T128/><D128/><U41/><E84/><V64/><F64/><W115/><G124/><T96/><D113/><U72/><E72/><V104/><F104/><W57/><G115/><T89/><REACH who="0" step="1"/><D94/><REACH who="0" ten="240,286,250,214" step="2"/><U134/><E134/><V79/><F79/><W11/><G129/><T27/><D27/><U45/><E0/><V6/><F6/><N who="3" m="1487" /><G77/><T16/><D16/><U119/><E2/><V103/><F103/><AGARI ba="0,1" hai="3,4,10,37,40,46,61,67,68,89,90,92,96,103" machi="103" ten="30,2000,0" yaku="1,1,7,1,53,0" doraHai="51" doraHaiUra="49" who="0" fromWho="2" sc="240,30,286,0,250,-20,214,0" /><INIT seed="2,0,0,5,3,60" ten="270,286,230,214" oya="2" hai0="64,45,93,63,107,116,50,71,118,128,80,130,43" hai1="109,44,86,29,72,52,117,26,61,10,124,31,36" hai2="105,1,122,90,113,70,16,25,98,32,77,125,126" hai3="82,123,40,7,69,132,24,5,106,34,67,101,0"/><V3/><F3/><W54/><G123/><T65/><D107/><U53/><E72/><V38/><F38/><W134/><G40/><T87/><D93/><U17/><E117/><N who="0" m="45161" /><D65/><U120/><E120/><V47/><F47/><W97/><G54/><T114/><D114/><U89/><E109/><V68/><F68/><W79/><G0/><T102/><D102/><U39/><E124/><V13/><F13/><W104/><G104/><T91/><AGARI ba="0,0" hai="43,45,50,63,64,71,80,87,91,128,130" m="45161" machi="91" ten="30,2000,0" yaku="12,1,52,1" doraHai="60" who="0" fromWho="0" sc="270,20,286,-5,230,-10,214,-5" /><INIT seed="3,0,0,1,5,51" ten="290,281,220,209" oya="3" hai0="89,94,104,17,75,78,40,106,41,88,10,102,68" hai1="123,23,24,31,69,129,52,8,66,126,2,113,110" hai2="128,6,33,59,81,83,108,122,115,131,1,74,56" hai3="0,86,133,95,92,54,22,62,76,107,46,85,127"/><W12/><G133/><T3/><D68/><U118/><E113/><V98/><F98/><W27/><G0/><T11/><D17/><U84/><E123/><V18/><F18/><N who="3" m="12759" /><G107/><T82/><D89/><U97/><E110/><V121/><F121/><W58/><G127/><T39/><D39/><U28/><E126/><V32/><F32/><W61/><G46/><T124/><D124/><U48/><E129/><V109/><F109/><W77/><G12/><T36/><D104/><U30/><E118/><V99/><F99/><W50/><G86/><N who="0" m="52503" /><D3/><U101/><E84/><V65/><F65/><N who="3" m="39095" /><G62/><T130/><D130/><U47/><E69/><V112/><F112/><W14/><G14/><T79/><D78/><N who="3" m="30313" /><G85/><T91/><D36/><U80/><E66/><V105/><F105/><W96/><G96/><N who="0" m="61767" /><D91/><U60/><E60/><V70/><F70/><W26/><G26/><T114/><D114/><U132/><E132/><V134/><F134/><W42/><G42/><AGARI ba="0,0" hai="10,11,40,41,42,75,79,82" m="61767,52503" machi="42" ten="30,2000,0" yaku="24,1,54,1" doraHai="51" who="0" fromWho="3" sc="290,20,281,0,220,0,209,-20" owari="310,41.0,281,8.1,220,-18.0,189,-31.1" /></mjloggm>