<mjloggm ver="2.3"><GO type="225" lobby="0"/><UN n0="%28%EF%BF%A3%E2%96%BD%EF%BF%A3%29%CE%B4%E2%8C%92%E3%83%BB" n1="%E6%A1%9C%E8%8A%B1%E9%96%83%E3%80%85" n2="%E3%81%8B%E3%82%8F%E3%81%A1%E3%82%83%E3%82%93%35%38" n3="%61%69%73%79%6F" dan="16,16,16,17" rate="2132.71,2114.59,2126.34,2224.50" sx="M,M,M,M"/><TAIKYOKU oya="0"/><INIT seed="0,0,0,4,3,19" ten="250,250,250,250" oya="0" hai0="53,12,82,130,105,103,131,8,120,28,11,81,132" hai1="55,23,50,114,79,108,36,74,124,69,91,99,57" hai2="61,46,5,41,116,31,60,84,123,58,117,44,98" hai3="101,96,7,76,2,62,9,106,35,113,126,48,127"/><T93/><D105/><U67/><E108/><V43/><F5/><W3/><G113/><T27/><D120/><U90/><E124/><N who="3" m="47658" /><G35/><T104/><D104/><U129/><E129/><N who="0" m="49161" /><D132/><U75/><E36/><V42/><F84/><W118/><G118/><N who="2" m="45673" /><F98/><W71/><G76/><T63/><D11/><U33/><E33/><V25/><F123/><W30/><G30/><T1/><D1/><U77/><E77/><V15/><F15/><N who="3" m="5567" /><G48/><T128/><D93/><U21/><E114/><V94/><F94/><W72/><G72/><T88/><D103/><U121/><E121/><V86/><F86/><W29/><G29/><T80/><D128/><U89/><E99/><V64/><F61/><W32/><G32/><AGARI ba="0,0" hai="25,31,32,41,42,43,44,46,58,60,64" m="45673" machi="32" ten="30,1000,0" yaku="12,1" doraHai="19" who="2" fromWho="3" sc="250,0,250,0,250,10,250,-10" /><INIT seed="1,0,0,0,0,89" ten="250,250,260,240" oya="1" hai0="102,36,42,112,85,39,97,124,64,25,17,15,16" hai1="28,104,45,123,94,120,38,131,81,109,26,96,108" hai2="134,128,21,22,119,11,63,90,72,46,98,56,10" hai3="57,126,65,71,95,75,88,103,32,100,30,113,122"/><U34/><E131/><V53/><F119/><W111/><G71/><T18/><D112/><U47/><E81/><V66/><F72/><W55/><G75/><T135/><D135/><U67/><E67/><V31/><F134/><W49/><G113/><T129/><D129/><U19/><E19/><V50/><F128/><W23/><G32/><T9/><D124/><U8/><E8/><N who="2" m="3115" /><F31/><W79/><G79/><T76/><D64/><U73/><E104/><V107/><F107/><W4/><G4/><T117/><D117/><U84/><E84/><V87/><F98/><N who="3" m="57703" /><G126/><T132/><D132/><U114/><E73/><V5/><F5/><W110/><G122/><N who="1" m="46634" /><E38/><V121/><F121/><W52/><G65/><T125/><D125/><U80/><E80/><AGARI ba="0,0" hai="21,22,46,50,53,56,63,66,80,87,90" m="3115" machi="80" ten="30,1000,0" yaku="8,1" doraHai="89" who="2" fromWho="1" sc="250,0,250,-10,260,10,240,0" /><INIT seed="2,0,0,3,3,5" ten="250,240,270,240" oya="2" hai0="23,63,60,10,74,11,75,83,6,92,119,55,59" hai1="102,135,109,104,41,27,29,77,8,47,72,66,58" hai2="24,56,40,21,53,2,0,132,44,98,120,34,49" hai3="87,121,126,68,96,107,95,81,103,31,86,15,19"/><V57/><F120/><W131/><G121/><T37/><D37/><U127/><E109/><V76/><F132/><W111/><G68/><T99/><D119/><U122/><E127/><V39/><F34/><W90/><G31/><T14/><D83/><U1/><E58/><V54/><F98/><W115/><G111/><T117/><D117/><U42/><E66/><V48/><REACH who="2" step="1"/><F76/><REACH who="2" ten="250,240,260,240" step="2"/><W106/><G126/><T32/><D32/><U97/><E135/><V128/><F128/><W116/><G131/><T3/><D23/><U79/><E79/><V80/><F80/><W33/><G33/><T118/><D118/><U4/><E122/><V71/><F71/><W61/><G116/><T125/><D125/><U73/><E77/><V38/><F38/><W85/><G115/><T25/><BYE who="2" /><D75/><U110/><E110/><V70/><F70/><W64/><G107/><UN n2="%E3%81%8B%E3%82%8F%E3%81%A1%E3%82%83%E3%82%93%35%38" /><T114/><D74/><U94/><E94/><V113/><F113/><W13/><G106/><T26/><D114/><U101/><E97/><V62/><F62/><W134/><G134/><T30/><D63/><U51/><E104/><V43/><F43/><W50/><G50/><T123/><D123/><U28/><E42/><V69/><F69/><W9/><G61/><T133/><D133/><U46/><E73/><V108/><F108/><W22/><REACH who="3" step="1"/><G64/><REACH who="3" ten="250,240,260,230" step="2"/><T105/><D105/><U17/><E51/><V78/><F78/><W88/><G88/><T20/><D60/><U100/><E72/><V89/><F89/><W35/><G35/><T82/><D99/><U45/><E41/><V93/><F93/><W7/><AGARI ba="0,2" hai="7,9,13,15,19,22,81,85,86,87,90,95,96,103" machi="7" ten="20,12000,2" yaku="1,1,5,1,0,1,7,1,8,1,52,1,53,0" doraHai="5" doraHaiUra="67" who="3" fromWho="3" sc="250,-30,240,-30,260,-60,230,140" /><INIT seed="3,0,0,2,0,24" ten="220,210,200,370" oya="3" hai0="49,105,86,131,1,94,99,69,6,100,121,53,132" hai1="82,21,65,74,91,98,63,64,3,32,23,4,34" hai2="83,90,5,118,92,47,103,71,123,7,97,127,22" hai3="80,124,57,9,40,17,10,62,58,15,75,31,39"/><W13/><G31/><T20/><D69/><U130/><E34/><V33/><F118/><W19/><G124/><T52/><D121/><U120/><E32/><V84/><F33/><W135/><G135/><T111/><D132/><U119/><E120/><V68/><F123/><W95/><G95/><T114/><D111/><U46/><E130/><V16/><F127/><W41/><G39/><T128/><D114/><U18/><E23/><V56/><F71/><W112/><G112/><T50/><D20/><U67/><E119/><V87/><F68/><W43/><G62/><T2/><D86/><U14/><E46/><V28/><F28/><W85/><G75/><T126/><D105/><U38/><E38/><V101/><F101/><W48/><G48/><N who="0" m="18539" /><D126/><U73/><E63/><V113/><F113/><W29/><G29/><T36/><D36/><U96/><E74/><V115/><F115/><W106/><G106/><T78/><D78/><AGARI ba="0,0" hai="9,10,13,15,17,19,40,41,43,57,58,78,80,85" machi="78" ten="40,3900,0" yaku="9,1,8,1" doraHai="24" who="3" fromWho="0" sc="220,-39,210,0,200,0,370,39" owari="181,-31.9,210,1.0,200,-20.0,409,50.9" /></mjloggm>