<mjloggm ver="2.3"><GO type="225" lobby="0"/><UN n0="%E6%A1%9C%E8%8A%B1%E9%96%83%E3%80%85" n1="%E3%83%9D%E3%83%B3%E3%83%9D%E3%82%B3%E5%95%86%E4%BA%8B" n2="%E3%82%82%E3%81%90%E3%82%89" n3="%E3%81%B2%E3%81%AA%E3%81%AE%E3%82%8A%E3%81%8F" dan="17,16,17,17" rate="2148.30,2103.28,2223.55,2194.98" sx="M,M,M,M"/><TAIKYOKU oya="0"/><INIT seed="0,0,0,5,0,62" ten="250,250,250,250" oya="0" hai0="131,54,23,105,41,124,132,133,20,118,32,53,71" hai1="113,101,12,4,97,107,120,27,92,33,98,7,81" hai2="125,93,116,70,134,76,21,56,123,86,130,135,94" hai3="80,31,114,28,37,39,79,44,72,104,43,78,100"/><T55/><D118/><U75/><E120/><V110/><F70/><W60/><G114/><T42/><D32/><U65/><E113/><V117/><F123/><W58/><G79/><T68/><D105/><U35/><E81/><N who="2" m="47399" /><F21/><N who="0" m="8266" /><D124/><U91/><E75/><V9/><F9/><W77/><G77/><T36/><D36/><U66/><E12/><V17/><F17/><W127/><G39/><T40/><D131/><U47/><E47/><V34/><F34/><W63/><G63/><T67/><D67/><U45/><E35/><V30/><F30/><W108/><G108/><T73/><D73/><U109/><E109/><V129/><F110/><W88/><G127/><T6/><D6/><U18/><E45/><V5/><F56/><W49/><G37/><T89/><D89/><U8/><E18/><V95/><F5/><W102/><G31/><T85/><D85/><U87/><E87/><V52/><F52/><N who="0" m="13314" /><T103/><DORA hai="14" /><D103/><U0/><REACH who="1" step="1"/><E4/><REACH who="1" ten="250,240,250,250" step="2"/><V48/><F125/><W24/><G72/><T112/><D112/><U13/><E13/><V90/><F117/><W106/><G44/><T64/><D133/><N who="2" m="50698" /><F116/><W51/><G28/><AGARI ba="0,1" hai="0,7,8,27,28,33,65,66,91,92,97,98,101,107" machi="28" ten="40,8000,1" yaku="1,1,52,2,53,2" doraHai="62,14" doraHaiUra="25,2" who="1" fromWho="3" sc="250,0,240,90,250,0,250,-80" /><INIT seed="1,0,0,0,4,32" ten="250,330,250,170" oya="1" hai0="35,36,82,63,48,4,38,77,78,56,12,22,110" hai1="91,124,111,118,84,2,70,8,87,20,79,33,74" hai2="125,59,109,80,96,127,9,11,135,5,97,69,23" hai3="58,94,117,105,65,55,27,112,99,37,71,95,72"/><U133/><E118/><V60/><F69/><W131/><G112/><T113/><D35/><U40/><E33/><V126/><F109/><W116/><G72/><T18/><D113/><U10/><E70/><V120/><F120/><W44/><G131/><T93/><D110/><U103/><E111/><V25/><F80/><W85/><G105/><T83/><D48/><U14/><E103/><V130/><F130/><W42/><G85/><T47/><D4/><U24/><E74/><V30/><F135/><W68/><G27/><T98/><D47/><U100/><E100/><V13/><REACH who="2" step="1"/><F9/><REACH who="2" ten="250,330,240,170" step="2"/><W3/><G71/><T123/><D82/><U106/><E10/><V104/><F104/><W121/><G121/><T41/><D123/><U15/><E106/><V67/><AGARI ba="0,1" hai="5,11,13,23,25,30,59,60,67,96,97,125,126,127" machi="67" ten="30,4000,0" yaku="1,1,0,1,18,1,53,0" doraHai="32" doraHaiUra="108" who="2" fromWho="2" sc="250,-10,330,-20,240,50,170,-10" /><INIT seed="2,0,0,3,2,115" ten="240,310,290,160" oya="2" hai0="15,51,7,40,87,127,16,117,43,2,37,122,58" hai1="102,0,44,6,111,88,63,132,25,101,45,36,82" hai2="66,48,26,1,18,83,55,22,121,123,128,8,70" hai3="17,76,135,75,79,73,96,31,89,86,32,27,113"/><V84/><F128/><W68/><G113/><T49/><D122/><U125/><E111/><V5/><F66/><W9/><G135/><T34/><D34/><U98/><E132/><V120/><F70/><W92/><G68/><T72/><D72/><U109/><E109/><V94/><F94/><W19/><G75/><T59/><D37/><U64/><E125/><V99/><F99/><W110/><G110/><T11/><D127/><U114/><E114/><V129/><F129/><W116/><G116/><T60/><D117/><U14/><E25/><V28/><F28/><W104/><G9/><T23/><D87/><U67/><E0/><V85/><REACH who="2" step="1"/><F83/><REACH who="2" ten="240,310,280,160" step="2"/><W38/><G104/><T57/><REACH who="0" step="1"/><D60/><REACH who="0" ten="230,310,280,160" step="2"/><U30/><E63/><V108/><F108/><W134/><G134/><T35/><D35/><U106/><E67/><V97/><F97/><W74/><G96/><T107/><D107/><U112/><E64/><V41/><F41/><AGARI ba="0,2" hai="2,7,11,15,16,23,40,41,43,49,51,57,58,59" machi="41" ten="40,2600,0" yaku="1,1,54,1,53,0" doraHai="115" doraHaiUra="50" who="0" fromWho="2" sc="230,46,310,0,280,-26,160,0" /><INIT seed="3,0,0,2,3,39" ten="276,310,254,160" oya="3" hai0="37,12,13,29,22,0,6,30,102,28,3,87,108" hai1="130,113,46,5,24,68,2,65,18,44,25,135,69" hai2="41,116,82,124,51,76,26,53,90,10,85,110,55" hai3="36,7,73,109,32,49,81,127,100,34,47,23,50"/><W62/><G127/><T132/><D37/><U1/><E113/><V83/><F116/><W74/><G36/><T96/><D87/><U20/><E5/><V104/><F104/><W125/><G125/><T126/><D126/><U77/><E77/><V17/><F124/><W64/><G7/><T112/><D112/><U115/><E115/><V54/><F110/><W80/><G100/><T99/><D99/><U11/><E11/><V122/><F122/><W111/><G23/><T89/><D89/><U16/><E20/><V63/><F63/><W45/><REACH who="3" step="1"/><G62/><REACH who="3" ten="276,310,254,150" step="2"/><T134/><D22/><U72/><E2/><V95/><F76/><W60/><G60/><T123/><D6/><U114/><E1/><V21/><F10/><W67/><AGARI ba="0,1" hai="32,34,45,47,49,50,64,67,73,74,80,81,109,111" machi="67" ten="25,9600,0" yaku="1,1,0,1,22,2,53,0" doraHai="39" doraHaiUra="8" who="3" fromWho="3" sc="276,-32,310,-32,254,-32,150,106" /><INIT seed="3,1,0,2,2,70" ten="244,278,222,256" oya="3" hai0="76,134,74,103,135,86,13,26,7,45,59,127,80" hai1="119,63,48,108,101,52,81,89,99,64,33,122,129" hai2="112,124,31,23,9,15,14,128,34,66,38,44,114" hai3="94,60,126,69,36,18,68,11,113,83,132,105,77"/><W30/><G105/><T107/><D59/><U49/><E122/><V21/><F66/><W39/><G113/><N who="2" m="43625" /><F44/><W88/><G126/><T2/><D13/><N who="2" m="4618" /><F38/><W104/><G104/><T56/><D56/><U73/><E119/><V0/><F124/><W28/><G18/><T110/><D127/><U32/><E48/><V10/><F128/><W53/><G53/><T92/><D26/><U95/><E129/><V82/><F82/><W117/><G117/><T85/><D45/><U17/><E108/><V29/><F34/><W22/><G83/><T46/><D46/><U75/><E32/><V12/><F0/><W106/><G106/><T5/><D107/><U55/><E33/><V50/><F50/><W51/><G51/><T109/><D109/><U61/><E75/><V54/><F54/><W97/><G77/><T123/><D2/><U42/><E73/><V27/><N who="2" m="4626" /><V40/><DORA hai="25" /><F40/><W71/><G60/><N who="1" m="23114" /><E64/><V118/><F118/><W57/><G57/><T20/><D110/><U93/><E81/><V41/><F41/><W72/><G72/><T130/><D130/><U62/><E62/><V121/><F121/><W96/><G69/><T4/><D123/><U1/><E1/><V125/><F125/><W79/><G79/><T35/><D35/><U16/><E42/><V102/><F102/><W47/><G71/><T111/><D111/><U65/><E65/><V91/><F91/><W100/><G68/><T133/><D103/><U43/><E43/><V19/><F23/><W87/><G100/><T120/><D120/><U6/><E49/><V8/><AGARI ba="1,0" hai="8,9,10,19,21,27,29,31" m="4626,43625" machi="8" ten="40,8000,1" yaku="5,1,34,2,52,2" doraHai="70,25" who="2" fromWho="2" sc="244,-21,278,-21,222,83,256,-41" owari="223,-17.7,257,5.7,305,40.5,215,-28.5" /></mjloggm>