<mjloggm ver="2.3"><GO type="225" lobby="0"/><UN n0="%E4%B8%89%E5%86%A0%E7%8E%8B%E3%83%BB%E5%B1%B1%E7%94%B0%E5%93%B2%E4%BA%BA" n1="%E3%83%A9%E3%83%96%E3%83%AC%E3%83%BC" n2="%E3%82%BC%E3%83%AB%E3%83%80%E3%81%AE%E4%BC%9D%E8%AA%AC" n3="%E6%A1%9C%E8%8A%B1%E9%96%83%E3%80%85" dan="17,18,16,18" rate="2156.87,2187.25,2152.17,2243.61" sx="M,M,M,M"/><TAIKYOKU oya="0"/><INIT seed="0,0,0,3,4,47" ten="250,250,250,250" oya="0" hai0="117,97,128,88,0,13,22,57,131,125,12,44,91" hai1="19,135,69,49,103,123,87,82,113,109,56,85,84" hai2="28,30,129,14,27,73,107,114,112,89,2,39,24" hai3="7,75,11,93,65,68,118,8,122,23,86,33,34"/><T42/><D0/><U71/><E123/><V98/><F39/><W4/><G75/><T80/><D117/><U104/><E104/><V54/><F73/><W51/><G118/><T79/><D57/><U96/><E71/><V62/><F2/><W52/><G122/><T36/><D125/><U21/><E69/><V133/><F14/><N who="0" m="5738" /><D97/><U9/><E9/><N who="3" m="3658" /><G33/><T115/><D22/><U116/><E113/><V31/><F133/><W26/><G34/><T105/><D105/><U60/><E135/><V110/><F107/><W25/><G65/><T48/><D36/><U1/><E1/><V41/><F98/><W126/><G68/><T92/><D92/><N who="1" m="58759" /><E109/><V106/><F110/><W15/><G126/><T32/><D32/><U132/><E132/><V130/><F106/><W74/><G74/><N who="0" m="43127" /><D115/><U124/><E124/><V95/><F112/><W101/><G15/><T81/><D81/><U70/><E70/><V37/><F114/><W55/><G101/><T111/><D111/><U38/><E38/><V64/><F64/><W35/><G35/><T99/><D99/><U58/><E116/><V59/><F27/><N who="3" m="10251" /><G23/><T100/><D100/><U10/><E10/><V83/><F24/><W72/><G72/><T78/><D78/><N who="1" m="46167" /><E21/><V17/><F37/><W45/><G55/><T108/><D108/><U46/><E87/><N who="2" m="52671" /><F83/><W127/><G127/><T5/><D5/><U77/><E77/><V66/><F17/><W43/><G52/><T40/><D40/><N who="1" m="24775" /><E85/><V6/><F6/><N who="3" m="2091" /><G86/><T18/><D18/><U29/><E19/><V90/><F41/><W67/><G93/><T76/><D76/><RYUUKYOKU ba="0,0" sc="250,15,250,-15,250,-15,250,15" hai0="42,44,48,88,91,128,131" hai3="43,45,51,67" /><INIT seed="0,1,0,3,1,7" ten="265,235,235,265" oya="0" hai0="48,73,133,15,57,96,26,41,14,102,83,19,86" hai1="32,106,89,108,52,62,13,29,116,105,93,66,114" hai2="99,43,134,111,58,25,30,27,121,75,39,70,95" hai3="60,74,3,117,10,33,8,113,68,6,0,61,77"/><T64/><D73/><U22/><E116/><V104/><F121/><W97/><G117/><T20/><D133/><U112/><E32/><V24/><F134/><W63/><G113/><N who="1" m="43626" /><E108/><V18/><F70/><W82/><G33/><T124/><D124/><U132/><E132/><V130/><F75/><W47/><G97/><T49/><D64/><U98/><E66/><V123/><F123/><W67/><G47/><T65/><D41/><U88/><E89/><V9/><F104/><W122/><G122/><T54/><D49/><U40/><E40/><V53/><F111/><W85/><G74/><T100/><D65/><U5/><E29/><V131/><F30/><W119/><G119/><T1/><D1/><U107/><E22/><V42/><F39/><W4/><AGARI ba="1,0" hai="0,3,4,6,8,10,60,61,63,67,68,77,82,85" machi="4" ten="30,7900,0" yaku="0,1,9,1,52,2" doraHai="7" who="3" fromWho="3" sc="265,-40,235,-21,235,-21,265,82" /><INIT seed="1,0,0,1,3,68" ten="225,214,214,347" oya="1" hai0="57,101,110,3,100,55,98,50,61,121,112,91,28" hai1="124,125,23,29,93,92,127,83,123,17,126,49,95" hai2="86,128,25,118,41,80,32,71,99,109,105,0,1" hai3="40,82,87,47,35,43,63,24,65,94,46,70,133"/><U97/><E123/><V9/><F118/><W78/><G133/><T44/><D112/><U74/><E29/><V27/><F109/><W26/><G94/><T6/><D110/><U11/><E11/><V21/><F128/><W79/><G79/><T18/><D121/><U117/><E117/><V54/><F71/><W10/><G10/><T62/><D3/><U5/><E5/><V72/><F54/><W15/><G15/><T14/><D28/><U67/><E67/><V33/><F21/><W53/><G53/><T36/><D6/><U84/><E49/><V2/><F9/><W90/><G78/><T114/><D114/><U45/><E45/><V60/><F60/><W129/><G129/><T64/><D91/><N who="1" m="51615" /><E74/><V58/><F72/><W56/><G70/><N who="0" m="42255" /><D62/><U130/><N who="1" m="31744" /><DORA hai="106" /><U103/><E130/><V107/><F58/><W12/><G35/><T39/><D44/><N who="3" m="16937" /><G43/><T102/><D57/><U88/><E103/><V135/><F41/><W113/><G40/><T38/><D101/><U73/><E73/><V69/><F69/><W120/><G120/><T16/><D102/><U48/><E48/><V115/><F115/><W37/><G113/><T131/><D131/><U89/><E89/><N who="2" m="51399" /><F33/><W19/><G56/><T42/><D42/><U66/><E66/><V4/><F32/><W132/><G65/><T96/><D100/><U77/><E77/><V81/><F4/><W108/><G63/><T122/><D122/><U76/><E76/><V34/><F34/><W134/><G90/><T8/><D18/><U7/><E7/><V22/><F1/><W20/><G19/><RYUUKYOKU ba="0,0" sc="225,15,214,15,214,-15,347,-15" hai0="8,14,16,36,38,39,50,55,96,98" hai1="17,23,88,92,93,95,97" /><INIT seed="1,1,0,4,0,94" ten="240,229,199,332" oya="1" hai0="7,105,76,86,77,44,120,114,53,84,91,100,25" hai1="3,115,50,15,2,80,22,99,49,57,24,28,125" hai2="97,108,87,128,38,10,31,29,9,0,127,134,129" hai3="123,64,54,72,74,98,37,104,71,102,106,92,32"/><U43/><E115/><V81/><F38/><W90/><G123/><T117/><D114/><U113/><E113/><V93/><F108/><W95/><G37/><T8/><D117/><U82/><E125/><V17/><F127/><W107/><G54/><T89/><D120/><U132/><E132/><V20/><F134/><W6/><G6/><T33/><D33/><U12/><E57/><V96/><F0/><W58/><G58/><T66/><D25/><U65/><E65/><V112/><F112/><W51/><G51/><N who="0" m="28903" /><D105/><U131/><E131/><N who="2" m="50251" /><F9/><W23/><G23/><T78/><D100/><U47/><E3/><V133/><F10/><W59/><G59/><T18/><D7/><U27/><E2/><V46/><F46/><W16/><G16/><T62/><D62/><U116/><E116/><V75/><F133/><W83/><G32/><T119/><D66/><U52/><E27/><N who="2" m="14735" /><F75/><N who="3" m="28715" /><G64/><T121/><D119/><U111/><E15/><V21/><F93/><N who="3" m="58703" /><G71/><T101/><D121/><U110/><E12/><V11/><F11/><W4/><G4/><T63/><D8/><U124/><E124/><V118/><F118/><W13/><G13/><T19/><D19/><U30/><E30/><N who="2" m="11275" /><F21/><W48/><G48/><T126/><D126/><U67/><E67/><V60/><F60/><W122/><G122/><T135/><D63/><U85/><E111/><V69/><F69/><W36/><G36/><T68/><D68/><U61/><E61/><V109/><F109/><W5/><G5/><T35/><D135/><U14/><E110/><V34/><F34/><W79/><G79/><AGARI ba="1,0" hai="79,81,87,96,97" m="11275,14735,50251" machi="79" ten="30,3900,0" yaku="19,1,52,2" doraHai="94" who="2" fromWho="3" sc="240,0,229,0,199,42,332,-42" /><INIT seed="2,0,0,2,2,69" ten="240,229,241,290" oya="2" hai0="98,41,109,55,100,115,59,62,123,73,112,110,4" hai1="13,46,42,121,79,21,126,66,48,104,61,39,88" hai2="120,26,19,34,116,92,30,6,12,51,28,122,14" hai3="105,9,10,67,101,37,3,5,18,40,80,128,24"/><V7/><F51/><W125/><G125/><T132/><D123/><N who="2" m="47146" /><F92/><W15/><G128/><T75/><D132/><U1/><E104/><V91/><F91/><W107/><G67/><T76/><D4/><N who="2" m="1578" /><F116/><W111/><G101/><T60/><D41/><U133/><E121/><V114/><F114/><W27/><G80/><N who="0" m="45071" /><D62/><U33/><E33/><N who="2" m="20631" /><F19/><W53/><G53/><T35/><D75/><U63/><E133/><V45/><F45/><W134/><G18/><T54/><D54/><U64/><E79/><V118/><F118/><W71/><G71/><T77/><D77/><U96/><E126/><V32/><F30/><W23/><G40/><T119/><D119/><U20/><E66/><V8/><F8/><W81/><G37/><T108/><D115/><U56/><E63/><V99/><F99/><W82/><G82/><T127/><D112/><U52/><E1/><V86/><F86/><W113/><G81/><T95/><D127/><U87/><E96/><V83/><F83/><W43/><G43/><T36/><D36/><U29/><E29/><V130/><F130/><W70/><G70/><T135/><D135/><U106/><E106/><V102/><F102/><W84/><G134/><T117/><D117/><U74/><E74/><V103/><F103/><W93/><G113/><T11/><D11/><U25/><E64/><V17/><F17/><W44/><G3/><T58/><D58/><U2/><E2/><V97/><F97/><W94/><G105/><T16/><D16/><N who="1" m="10255" /><E61/><V89/><F89/><W31/><G31/><T68/><D68/><U22/><E25/><N who="3" m="9802" /><G107/><T49/><D60/><RYUUKYOKU ba="0,0" sc="240,10,229,10,241,10,290,-30" hai0="35,49,55,59,95,98,100,108,109,110" hai1="21,22,39,42,46,48,52,56,87,88" hai2="12,14,32,34" /><INIT seed="2,1,0,0,3,6" ten="250,239,251,260" oya="2" hai0="26,71,40,31,58,90,21,113,106,28,96,53,3" hai1="62,133,18,2,24,125,115,117,46,63,120,15,27" hai2="74,23,91,1,84,13,89,59,76,102,32,29,36" hai3="57,104,132,131,80,114,128,110,10,99,12,20,116"/><V130/><F1/><W105/><G116/><T38/><D71/><U48/><E117/><V92/><F36/><W108/><G132/><T81/><D113/><U69/><E115/><V42/><F130/><N who="3" m="49707" /><G114/><T98/><D3/><U64/><E2/><V55/><F42/><W100/><G105/><T43/><D31/><U11/><E133/><V107/><F91/><W61/><G20/><T121/><D121/><U119/><E119/><V103/><F32/><W94/><G80/><T123/><D123/><U75/><E75/><V0/><F0/><W67/><G104/><T17/><D28/><U65/><E120/><V118/><F118/><W72/><G72/><T112/><D112/><U47/><E125/><V45/><F45/><W30/><G30/><T4/><D4/><AGARI ba="1,0" hai="4,10,12,57,61,67,94,99,100,108,110" m="49707" machi="4" ten="30,2000,0" yaku="19,1,52,1" doraHai="6" who="3" fromWho="0" sc="250,-23,239,0,251,0,260,23" /><INIT seed="3,0,0,0,3,53" ten="227,239,251,283" oya="3" hai0="13,70,3,104,4,135,87,52,46,69,33,58,76" hai1="56,80,123,126,44,36,99,111,101,127,112,19,117" hai2="133,61,68,88,51,6,47,40,100,77,25,29,106" hai3="8,1,120,30,125,38,89,45,75,103,42,96,28"/><W116/><G116/><T34/><D104/><U91/><E112/><V67/><F133/><W110/><G120/><T95/><D3/><U102/><E123/><V0/><F77/><W93/><G125/><N who="1" m="47626" /><E117/><V105/><F0/><W132/><G132/><T66/><D135/><U79/><E111/><V15/><F100/><N who="1" m="38505" /><E19/><V114/><F114/><W113/><G113/><T11/><D46/><U54/><E91/><V43/><F43/><W98/><G75/><T72/><D72/><N who="1" m="43111" /><E99/><V124/><F124/><W7/><REACH who="3" step="1"/><G110/><REACH who="3" ten="227,239,251,273" step="2"/><T37/><D37/><U59/><E36/><V21/><F106/><AGARI ba="0,1" hai="1,7,8,28,30,38,42,45,89,93,96,98,103,106" machi="106" ten="30,5800,0" yaku="1,1,2,1,7,1,53,0" doraHai="53" doraHaiUra="82" who="3" fromWho="2" sc="227,0,239,0,251,-58,273,68" owari="227,-17.3,239,3.9,193,-30.7,341,44.1" /></mjloggm>