<mjloggm ver="2.3"><GO type="225" lobby="0"/><UN n0="%E6%97%A5%E6%9B%9C%E6%97%A5%E3%82%88%E3%82%8A%E3%81%AE%E4%BD%BF%E8%80%85" n1="%72%69%6F%75%63%68%61%6E" n2="%E6%A1%9C%E8%8A%B1%E9%96%83%E3%80%85" n3="%66%67%67%68%68%64%66" dan="17,17,18,16" rate="2169.85,2279.14,2249.76,2067.78" sx="M,M,M,M"/><TAIKYOKU oya="0"/><INIT seed="0,0,0,1,0,6" ten="250,250,250,250" oya="0" hai0="76,28,78,67,51,100,82,73,118,92,43,18,38" hai1="68,104,91,125,124,127,56,7,14,4,2,29,10" hai2="84,99,98,44,42,103,37,130,59,74,77,22,121" hai3="126,128,86,45,25,50,1,97,119,61,87,13,123"/><T72/><D118/><U31/><E68/><V107/><F121/><W64/><G1/><T65/><D38/><U75/><E104/><V40/><F130/><W33/><G119/><T112/><D112/><U113/><E113/><V3/><F42/><W34/><G128/><T35/><D35/><U0/><E75/><V135/><F135/><W108/><G108/><T89/><D28/><N who="1" m="10827" /><E56/><V132/><F99/><W71/><G126/><T23/><D100/><U117/><E117/><V54/><F84/><W83/><G25/><T102/><D102/><U16/><E91/><V88/><F88/><W26/><G26/><T60/><D73/><U93/><E93/><V36/><F3/><AGARI ba="0,0" hai="0,2,3,4,7,10,14,16,124,125,127" m="10827" machi="3" ten="40,8000,1" yaku="18,1,34,2,52,1,54,1" doraHai="6" who="1" fromWho="2" sc="250,0,250,80,250,-80,250,0" /><INIT seed="1,0,0,3,5,5" ten="250,330,170,250" oya="1" hai0="124,41,39,131,116,53,42,113,82,99,92,112,86" hai1="119,125,59,32,135,21,75,2,35,63,36,132,20" hai2="85,111,128,98,6,121,78,49,84,15,40,66,118" hai3="58,69,4,48,73,126,127,95,107,22,45,70,64"/><U106/><E119/><V3/><F118/><W30/><G107/><T134/><D116/><U46/><E125/><N who="3" m="47626" /><G73/><T54/><D124/><U17/><E106/><V115/><F121/><W28/><G95/><T88/><D131/><U120/><E120/><V52/><F128/><W103/><G103/><T18/><D134/><U47/><E75/><V67/><F3/><W74/><G74/><T81/><D113/><U0/><E36/><V110/><F40/><N who="0" m="15466" /><D39/><U1/><E59/><N who="2" m="33167" /><F98/><W29/><G4/><T12/><D112/><U108/><E63/><V10/><F115/><W105/><G105/><T27/><D27/><U100/><E100/><V19/><F6/><W43/><G22/><N who="1" m="8810" /><E17/><V34/><F34/><N who="1" m="12841" /><E108/><N who="2" m="41515" /><F85/><W51/><G51/><T16/><D18/><U71/><E71/><V109/><N who="2" m="41523" /><V61/><DORA hai="91" /><F61/><AGARI ba="0,0" hai="28,29,30,43,45,48,58,61,64,69,70" m="47626" machi="61" ten="30,1000,0" yaku="18,1" doraHai="5,91" who="3" fromWho="2" sc="250,0,330,0,170,-10,250,10" /><INIT seed="2,0,0,0,1,69" ten="250,330,160,260" oya="2" hai0="112,81,135,87,126,51,77,41,62,76,75,107,92" hai1="20,14,8,38,117,26,96,1,44,43,58,74,13" hai2="103,115,121,27,30,95,55,65,116,29,127,113,32" hai3="2,66,61,35,120,15,85,84,125,47,0,97,9"/><V93/><F116/><W3/><G120/><T80/><D112/><U19/><E117/><V102/><F121/><W90/><G35/><T132/><D62/><U67/><E74/><V22/><F65/><W25/><G25/><T50/><D41/><U59/><E1/><V24/><F127/><W53/><G125/><T86/><D126/><U7/><E67/><V128/><F128/><W94/><G53/><T98/><D75/><U88/><REACH who="1" step="1"/><E26/><REACH who="1" ten="250,320,160,260" step="2"/><V54/><REACH who="2" step="1"/><F22/><REACH who="2" ten="250,320,150,260" step="2"/><W108/><G66/><T46/><D135/><U118/><E118/><V114/><F114/><W60/><G108/><T36/><D132/><U134/><E134/><V100/><F100/><W79/><G9/><T83/><D107/><U109/><E109/><V45/><F45/><W34/><G47/><T123/><D123/><U131/><E131/><V4/><F4/><W72/><G34/><AGARI ba="0,2" hai="24,27,29,30,32,34,54,55,93,95,102,103,113,115" machi="34" ten="25,4800,0" yaku="1,1,22,2,53,0" doraHai="69" doraHaiUra="106" who="2" fromWho="3" sc="250,0,320,0,150,68,260,-48" /><INIT seed="2,1,0,2,3,27" ten="250,320,218,212" oya="2" hai0="76,123,9,61,103,67,39,36,48,89,0,35,121" hai1="25,90,17,99,134,101,80,12,74,127,16,20,88" hai2="83,105,10,71,14,47,102,122,120,115,81,128,84" hai3="52,45,104,43,79,110,132,21,75,34,93,78,62"/><V11/><F115/><W111/><G104/><T82/><D89/><U8/><E127/><V66/><F128/><W68/><G34/><T41/><D48/><U112/><E112/><V19/><F10/><W87/><G132/><T109/><D103/><U13/><E134/><V63/><F83/><W118/><G118/><T18/><D18/><U5/><E74/><V31/><F47/><W22/><G75/><N who="0" m="43295" /><D35/><U37/><E37/><N who="0" m="14409" /><D41/><U38/><E38/><V130/><F130/><W3/><G3/><T29/><D29/><N who="1" m="17575" /><E80/><V72/><F72/><W32/><G32/><T95/><D95/><N who="1" m="58623" /><E17/><V108/><F31/><W4/><G93/><T6/><D109/><U2/><E2/><V114/><F108/><W94/><G111/><T51/><D51/><U107/><E107/><V135/><F135/><W24/><G110/><T53/><D53/><U86/><E86/><V85/><F114/><W50/><G43/><T40/><D40/><U92/><E92/><V1/><F1/><W23/><G24/><T15/><D15/><U42/><E42/><V57/><F85/><W91/><REACH who="3" step="1"/><G4/><REACH who="3" ten="250,320,218,202" step="2"/><T65/><D0/><U64/><E64/><AGARI ba="1,1" hai="21,22,23,45,50,52,62,64,68,78,79,87,91,94" machi="64" ten="40,5200,0" yaku="1,1,2,1,54,1,53,0" doraHai="27" doraHaiUra="124" who="3" fromWho="1" sc="250,0,320,-55,218,0,202,65" /><INIT seed="3,0,0,3,0,124" ten="250,265,218,267" oya="3" hai0="3,69,79,62,9,116,17,92,91,59,123,133,31" hai1="16,114,127,39,109,35,117,15,36,121,60,2,126" hai2="107,45,93,43,21,71,67,30,7,42,68,101,49" hai3="56,118,95,66,0,81,104,86,57,102,23,135,129"/><W63/><G118/><T52/><D116/><U38/><E121/><V113/><F113/><W61/><G0/><T6/><D123/><U14/><E114/><V25/><F107/><W1/><G1/><T5/><D133/><U74/><E117/><V94/><F7/><W80/><G104/><T27/><D69/><U51/><E109/><V97/><F43/><W82/><G135/><T132/><D132/><U48/><E74/><V108/><F108/><W106/><G106/><T131/><D131/><U98/><E35/><V105/><REACH who="2" step="1"/><F68/><REACH who="2" ten="250,265,208,267" step="2"/><W47/><G47/><T40/><D40/><U55/><E127/><V53/><F53/><W24/><G57/><T87/><D6/><U54/><E126/><V85/><F85/><W32/><G86/><T84/><D84/><U89/><E55/><V134/><F134/><W90/><G56/><T13/><D3/><U65/><E2/><V73/><F73/><W19/><G66/><T83/><D5/><U34/><E54/><V88/><F88/><W28/><G90/><T96/><D91/><U112/><E112/><V10/><F10/><W103/><G103/><T4/><D4/><U100/><E89/><V46/><F46/><W122/><G122/><T44/><D44/><U130/><E100/><V99/><F99/><W119/><G119/><T78/><D96/><U41/><E98/><V64/><F64/><W58/><G102/><T26/><D79/><U50/><E41/><V11/><F11/><W18/><G58/><T33/><D92/><U20/><E65/><V70/><F70/><W72/><G72/><T76/><D78/><RYUUKYOKU ba="0,1" sc="250,15,265,-15,208,15,267,-15" hai0="9,13,17,26,27,31,33,52,59,62,76,83,87" hai2="21,25,30,42,45,49,67,71,93,94,97,101,105" /><INIT seed="4,1,1,3,4,69" ten="265,250,223,252" oya="0" hai0="97,44,117,36,40,35,71,80,102,31,87,79,17" hai1="41,48,24,113,5,34,103,61,109,6,96,19,105" hai2="59,76,22,32,101,78,9,20,107,67,45,118,72" hai3="39,94,66,49,106,57,33,38,111,23,58,134,131"/><T124/><D117/><U16/><E109/><V10/><F32/><W122/><G106/><T123/><D123/><U92/><E105/><V11/><F118/><W77/><G33/><T132/><D124/><U95/><E113/><V129/><F129/><W27/><G111/><T121/><D121/><U100/><E61/><N who="2" m="38335" /><F72/><W52/><G122/><T68/><D132/><U60/><E60/><V51/><F101/><W98/><G131/><T130/><D130/><U37/><E37/><V8/><N who="2" m="2048" /><DORA hai="3" /><V119/><F107/><W110/><G77/><N who="2" m="29801" /><F119/><W86/><G110/><T99/><D17/><N who="1" m="6731" /><E24/><V28/><F28/><W21/><G134/><T108/><D108/><U128/><E34/><V115/><F115/><W90/><G21/><T135/><D135/><U120/><E120/><V14/><F14/><W112/><G112/><T62/><D62/><U12/><E12/><V126/><F126/><W42/><G23/><T7/><D35/><U116/><E116/><V64/><F64/><W63/><G27/><T2/><D31/><U70/><E70/><V56/><F56/><W50/><REACH who="3" step="1"/><G86/><REACH who="3" ten="265,250,223,242" step="2"/><T65/><D87/><U93/><E128/><V55/><AGARI ba="1,2" hai="20,22,45,51,55" m="29801,2048,38335" machi="55" ten="40,1500,0" yaku="8,1" doraHai="69,3" who="2" fromWho="2" sc="265,-8,250,-5,223,38,242,-5" /><INIT seed="5,0,0,1,5,31" ten="257,245,261,237" oya="1" hai0="109,71,51,77,18,98,134,103,22,7,89,131,72" hai1="104,33,95,94,85,6,17,116,19,36,65,100,123" hai2="78,45,73,76,88,74,68,128,32,24,132,9,34" hai3="79,66,26,46,47,111,50,67,75,41,21,70,63"/><U40/><E116/><V60/><F45/><W135/><G111/><T82/><D71/><U121/><E33/><V23/><F9/><W83/><G135/><T64/><D134/><U133/><E133/><V102/><F132/><W39/><G67/><T12/><D109/><U108/><E108/><V58/><F102/><W97/><G97/><T8/><D131/><U92/><E6/><V28/><F68/><W16/><REACH who="3" step="1"/><G47/><REACH who="3" ten="257,245,261,227" step="2"/><T10/><D64/><U91/><E65/><V35/><F128/><W129/><G129/><T84/><D98/><U53/><E123/><V4/><F58/><W13/><G13/><T127/><D12/><U44/><E121/><V120/><F120/><W37/><AGARI ba="0,1" hai="16,21,26,37,39,41,46,50,63,66,70,75,79,83" machi="37" ten="30,4000,0" yaku="1,1,0,1,54,1,53,0" doraHai="31" doraHaiUra="86" who="3" fromWho="3" sc="257,-10,245,-20,261,-10,227,50" /><INIT seed="6,0,0,5,2,124" ten="247,225,251,277" oya="2" hai0="31,9,103,15,39,4,21,86,120,93,64,54,75" hai1="44,22,74,108,135,62,28,112,77,42,76,129,109" hai2="78,69,90,113,14,125,49,85,87,96,128,47,99" hai3="32,8,102,71,38,63,101,24,117,1,65,114,84"/><V92/><F125/><W104/><G117/><T68/><D39/><U33/><E22/><V27/><F113/><W81/><G38/><T2/><D75/><U133/><E112/><V80/><F69/><W107/><G114/><T58/><D120/><U61/><E28/><V51/><F128/><W43/><G43/><T53/><D68/><U115/><E33/><V52/><F27/><W35/><G101/><T121/><D121/><U57/><E115/><V127/><F127/><W70/><G70/><T25/><D2/><U11/><E11/><V7/><F7/><W6/><G102/><T122/><D122/><U106/><E106/><V100/><F14/><W131/><G131/><T91/><REACH who="0" step="1"/><D103/><REACH who="0" ten="237,225,251,277" step="2"/><U132/><E129/><V26/><F26/><W111/><G1/><T34/><D34/><U56/><E74/><V36/><F36/><W20/><G35/><T83/><D83/><U3/><E3/><V55/><F100/><W45/><G81/><T50/><D50/><N who="1" m="26903" /><E108/><V116/><F116/><W94/><G32/><T119/><D119/><U5/><E109/><V48/><F51/><W10/><G111/><T23/><D23/><U82/><E82/><V12/><F12/><W95/><G20/><T118/><D118/><U16/><E5/><V67/><F67/><W66/><G66/><T130/><D130/><U134/><E132/><V0/><F0/><W72/><G6/><T17/><D17/><U59/><E16/><V29/><F29/><W73/><G71/><T30/><D30/><U105/><E105/><V110/><F110/><W126/><G107/><T89/><D89/><RYUUKYOKU ba="0,1" sc="237,10,225,10,251,10,277,-30" hai0="4,9,15,21,25,31,53,54,58,64,86,91,93" hai1="56,57,59,61,62,76,77,133,134,135" hai2="47,48,49,52,55,78,80,85,87,90,92,96,99" /><INIT seed="6,1,1,0,0,77" ten="247,235,261,247" oya="2" hai0="99,89,47,40,29,120,74,112,119,28,33,54,13" hai1="49,109,129,7,134,93,88,15,102,3,80,135,10" hai2="0,26,98,125,68,101,94,118,113,81,44,97,82" hai3="127,108,72,5,22,63,20,14,52,32,117,38,61"/><V124/><F118/><W67/><G108/><T131/><D33/><U95/><E129/><V110/><F110/><W23/><G32/><T105/><D74/><U17/><E109/><V36/><F0/><W73/><G38/><T121/><D54/><U133/><E49/><V122/><F122/><W37/><G37/><N who="0" m="21903" /><D13/><U130/><E130/><V132/><F113/><W55/><G127/><N who="2" m="48713" /><F132/><N who="1" m="33793" /><U59/><DORA hai="53" /><E59/><V69/><F26/><W9/><G117/><T42/><D131/><U4/><E102/><N who="2" m="60727" /><F44/><W27/><G27/><T128/><D119/><U56/><E56/><V111/><F111/><W30/><G30/><T70/><D28/><U24/><E24/><V75/><F36/><W64/><G73/><T71/><D29/><U19/><E19/><V83/><F75/><W84/><G72/><T115/><D128/><U21/><E4/><V78/><F78/><W50/><G5/><T86/><D121/><U85/><AGARI ba="1,1" hai="3,7,10,15,17,21,80,85,88,93,95" m="33793" machi="85" ten="40,5200,0" yaku="20,1,52,1,54,1" doraHai="77,53" who="1" fromWho="1" sc="247,-14,235,65,261,-27,247,-14" owari="233,-16.7,300,40.0,234,3.4,233,-26.7" /></mjloggm>