<mjloggm ver="2.3"><GO type="225" lobby="0"/><UN n0="%53%61%63%68%69%30%34" n1="%E3%81%93%E3%81%8F%E3%82%89%E3%82%AB%E3%83%90%E8%94%B5" n2="%E9%A2%A8%E3%81%A7%E9%B3%B4%E3%81%8F" n3="%45%6C%79%73%69%75%6D" dan="16,17,16,17" rate="2081.55,2133.67,2117.85,2106.53" sx="M,M,M,F"/><TAIKYOKU oya="0"/><INIT seed="0,0,0,1,3,23" ten="250,250,250,250" oya="0" hai0="15,0,8,57,128,116,28,85,53,104,25,27,44" hai1="65,62,6,98,130,96,56,34,73,67,22,78,46" hai2="112,1,83,48,106,59,99,74,21,47,32,87,108" hai3="14,54,133,26,29,123,119,63,35,94,114,107,68"/><T11/><D116/><U88/><E34/><V39/><F32/><W43/><G114/><T105/><D128/><U125/><E130/><V126/><F1/><W3/><G3/><T97/><D44/><U110/><E110/><V124/><F112/><W93/><G119/><T52/><D53/><N who="1" m="34063" /><E73/><V113/><F113/><W18/><G107/><T33/><D85/><U16/><E125/><V4/><F4/><W82/><G133/><T20/><D0/><U13/><E78/><V122/><F122/><W76/><G43/><T72/><D72/><U71/><E71/><V12/><F59/><W49/><G123/><T51/><D97/><N who="1" m="37483" /><E6/><V95/><F39/><W66/><G82/><T127/><D127/><U61/><E61/><V79/><F106/><W60/><G76/><T17/><D8/><U45/><E88/><V121/><F108/><W38/><G38/><T81/><D81/><U115/><E115/><V42/><F121/><W5/><G5/><AGARI ba="0,0" hai="5,11,15,17,20,25,27,28,33,51,52,57,104,105" machi="5" ten="30,11600,0" yaku="7,1,52,2,54,1" doraHai="23" who="0" fromWho="3" sc="250,116,250,0,250,0,250,-116" /><INIT seed="0,1,0,4,1,115" ten="366,250,250,134" oya="0" hai0="131,47,61,114,111,82,28,20,5,24,135,16,87" hai1="69,40,19,64,0,60,15,107,68,93,38,73,106" hai2="89,45,13,77,81,132,46,36,72,32,95,3,85" hai3="67,25,63,65,11,91,7,31,41,126,121,66,70"/><T39/><D114/><U58/><E0/><V22/><F32/><W113/><G113/><T43/><D131/><U12/><E73/><V116/><F3/><W55/><G126/><T78/><D135/><U128/><E128/><V134/><F36/><W49/><G121/><T21/><D111/><U44/><E93/><V83/><F83/><W79/><G41/><T109/><D109/><U35/><E35/><V96/><F116/><W118/><G79/><T124/><D124/><U110/><E110/><V98/><F98/><W71/><G91/><T133/><D133/><N who="2" m="51306" /><F96/><W101/><G101/><T90/><D5/><U97/><E12/><V117/><F117/><W18/><G18/><AGARI ba="1,0" hai="13,18,22,45,46,72,77,81,85,89,95" m="51306" machi="18" ten="30,1000,0" yaku="20,1" doraHai="115" who="2" fromWho="3" sc="366,0,250,0,250,13,134,-13" /><INIT seed="1,0,0,5,4,115" ten="366,250,263,121" oya="1" hai0="5,123,108,59,92,11,71,125,99,13,80,35,40" hai1="46,54,73,68,39,0,118,121,51,119,100,65,88" hai2="84,36,66,12,16,69,24,45,56,6,76,133,41" hai3="106,43,96,18,117,8,50,23,37,94,1,102,83"/><U44/><E0/><V79/><F133/><W48/><G1/><T2/><D71/><U33/><E33/><V15/><F69/><W75/><G8/><T101/><D35/><U130/><E73/><V93/><F24/><W29/><G29/><T3/><D108/><U131/><E100/><V26/><F26/><W86/><G37/><T77/><D125/><U74/><E74/><V78/><F6/><W58/><G43/><T116/><D116/><N who="1" m="44587" /><E88/><V91/><F12/><W97/><G117/><T128/><D123/><U32/><E32/><V17/><F66/><W98/><G75/><T7/><D7/><U110/><E121/><V135/><F135/><W52/><G48/><T21/><D21/><U129/><E110/><V134/><F134/><W81/><G106/><T103/><D103/><U22/><E22/><V27/><F27/><W49/><G49/><T72/><D59/><N who="1" m="33247" /><E39/><V67/><F15/><N who="3" m="9695" /><G83/><T112/><D2/><U64/><E64/><V90/><F90/><AGARI ba="0,0" hai="50,52,58,81,86,90,94,96,97,98,102" m="9695" machi="90" ten="30,2000,0" yaku="8,1,54,1" doraHai="115" who="3" fromWho="2" sc="366,0,250,0,263,-20,121,20" /><INIT seed="2,0,0,5,4,120" ten="366,250,243,141" oya="2" hai0="93,67,112,78,15,14,25,22,71,133,9,8,20" hai1="114,73,116,32,53,49,63,85,129,48,46,47,27" hai2="0,86,50,92,30,18,126,59,60,10,84,54,89" hai3="39,40,58,7,3,19,52,106,82,17,123,91,98"/><V80/><F126/><W95/><G123/><T41/><D112/><U97/><E73/><V79/><F30/><W42/><G106/><T33/><D41/><U125/><E114/><V64/><F0/><W134/><G134/><T29/><D133/><U69/><E125/><V122/><F122/><W31/><G31/><T111/><D78/><U87/><E116/><V11/><REACH who="2" step="1"/><F18/><REACH who="2" ten="366,250,233,141" step="2"/><W105/><G105/><T75/><D29/><U65/><E129/><V72/><F72/><W100/><G3/><T68/><D75/><U77/><E32/><V127/><F127/><W38/><G7/><T28/><D28/><U37/><E27/><V81/><F81/><W55/><G17/><T131/><D25/><U88/><E37/><V102/><F102/><W23/><G39/><T128/><D33/><U96/><E77/><V44/><AGARI ba="0,1" hai="10,11,44,50,54,59,60,64,79,80,84,86,89,92" machi="44" ten="20,18000,2" yaku="1,1,0,1,7,1,8,1,53,2" doraHai="120" doraHaiUra="5" who="2" fromWho="2" sc="366,-60,250,-60,233,190,141,-60" /><INIT seed="2,1,0,4,4,124" ten="306,190,423,81" oya="2" hai0="54,42,104,34,93,25,44,127,55,132,102,64,63" hai1="10,92,15,11,98,75,121,30,111,117,22,9,83" hai2="62,71,6,105,133,35,21,85,126,19,5,100,109" hai3="2,87,97,18,114,27,130,13,90,123,106,7,50"/><V32/><F126/><W56/><G123/><T128/><D127/><U67/><E117/><V57/><F71/><W120/><G120/><T23/><D132/><U36/><E121/><V24/><F133/><W88/><G114/><T108/><D34/><U51/><E36/><V4/><F105/><W69/><G69/><T101/><D104/><U14/><E111/><V118/><F118/><W38/><G38/><T33/><D33/><U91/><E67/><V125/><F125/><W89/><G27/><T77/><D77/><U58/><E75/><V60/><F35/><W94/><G7/><T47/><D108/><U40/><E83/><V39/><F39/><W107/><G2/><T52/><D128/><U0/><E0/><V99/><F32/><W53/><G130/><T41/><D47/><U103/><E103/><V59/><F109/><W49/><G49/><T78/><D78/><U28/><E40/><V66/><F85/><W122/><G122/><T46/><D44/><U29/><REACH who="1" step="1"/><E22/><REACH who="1" ten="306,180,423,81" step="2"/><V134/><F134/><W16/><G18/><T72/><D72/><U129/><E129/><V84/><F100/><W81/><REACH who="3" step="1"/><G90/><REACH who="3" ten="306,180,423,71" step="2"/><T48/><D42/><U135/><E135/><V70/><F70/><W96/><G96/><T65/><D41/><U37/><E37/><V112/><F112/><W119/><G119/><T79/><D79/><U45/><E45/><V17/><F99/><W61/><G61/><T80/><D63/><U12/><E12/><V20/><F60/><W113/><G113/><T74/><D46/><U116/><BYE who="0" /><E116/><V26/><F84/><UN n0="%53%61%63%68%69%30%34" /><W31/><G31/><RYUUKYOKU ba="1,2" sc="306,-30,180,10,423,10,71,10" hai1="9,10,11,14,15,28,29,30,51,58,91,92,98" hai2="4,5,6,17,19,20,21,24,26,57,59,62,66" hai3="13,16,50,53,56,81,87,88,89,94,97,106,107" /><INIT seed="2,2,2,0,0,63" ten="276,190,433,81" oya="2" hai0="129,133,135,7,62,40,95,71,34,24,114,59,113" hai1="53,14,92,55,75,16,19,2,73,26,51,117,85" hai2="9,107,11,121,126,70,22,4,1,3,123,130,64" hai3="78,109,39,110,83,50,82,44,42,93,90,5,66"/><V134/><F22/><W54/><G5/><T74/><D74/><U120/><E2/><V108/><F126/><W94/><G82/><T31/><D95/><U27/><E117/><V125/><F125/><W72/><G94/><T100/><D100/><U29/><E120/><V56/><F56/><W98/><REACH who="3" step="1"/><G66/><REACH who="3" ten="276,190,433,71" step="2"/><T32/><D7/><U18/><E92/><V104/><F64/><W17/><G17/><T61/><D133/><U10/><E73/><V13/><F4/><W127/><G127/><T132/><D135/><U41/><E75/><V88/><F134/><W76/><G76/><T15/><D132/><U49/><E85/><V69/><F104/><W12/><G12/><T124/><D15/><U35/><E26/><V128/><F13/><W43/><G43/><T36/><D124/><U28/><E41/><V38/><F107/><W37/><G37/><T60/><D36/><U33/><E14/><V48/><F38/><W131/><G131/><T106/><D129/><U57/><E10/><V20/><F130/><W0/><G0/><T81/><D40/><U58/><E28/><V111/><F128/><W79/><G79/><T25/><D106/><U21/><AGARI ba="2,3" hai="16,18,19,21,27,29,33,35,49,51,53,55,57,58" machi="21" ten="30,4000,0" yaku="0,1,9,1,54,1" doraHai="63" who="1" fromWho="1" sc="276,-12,190,76,433,-22,71,-12" /><INIT seed="3,0,0,0,5,0" ten="264,266,411,59" oya="3" hai0="102,86,74,47,56,80,19,37,92,76,106,120,72" hai1="57,64,108,99,131,95,52,59,7,22,128,51,90" hai2="53,21,121,110,89,88,70,130,36,117,65,132,48" hai3="100,116,104,24,62,96,85,66,25,2,123,83,119"/><W118/><G123/><T26/><D120/><U50/><E108/><V5/><F36/><W87/><G2/><T39/><D106/><U46/><E22/><V49/><F49/><W41/><G41/><T42/><D39/><U45/><E7/><V16/><F5/><W78/><REACH who="3" step="1"/><G87/><REACH who="3" ten="264,266,411,49" step="2"/><T94/><D42/><N who="1" m="24887" /><E64/><V67/><F67/><W101/><G101/><T77/><D102/><U125/><E125/><V84/><F84/><W129/><G129/><AGARI ba="0,1" hai="46,51,52,57,59,90,95,99,128,129,131" m="24887" machi="129" ten="30,2000,0" yaku="19,1,54,1" doraHai="0" who="1" fromWho="3" sc="264,0,266,30,411,0,49,-20" owari="264,-13.6,296,9.6,411,51.1,29,-47.1" /></mjloggm>