<mjloggm ver="2.3"><GO type="225" lobby="0"/><UN n0="%E7%89%B9%E6%9D%B1%E3%81%AF%E4%B8%96%E7%95%8C%E3%82%92%E6%95%91%E3%81%86" n1="%33%74%72%65%65" n2="%E4%BA%95%E5%B8%AF" n3="%E3%81%82%E3%81%99%E3%81%AB%E3%82%83%E3%82%80" dan="16,16,16,16" rate="2037.14,2188.28,2035.26,2103.34" sx="M,F,M,F"/><TAIKYOKU oya="0"/><INIT seed="0,0,0,0,5,27" ten="250,250,250,250" oya="0" hai0="11,13,93,102,75,74,91,68,96,90,64,25,108" hai1="52,134,79,112,135,16,107,42,128,7,81,57,37" hai2="9,130,8,63,65,36,46,3,39,2,132,131,87" hai3="55,85,115,122,101,127,98,35,103,48,54,50,66"/><T34/><D108/><U73/><E7/><V14/><F87/><W38/><G38/><T110/><D110/><U33/><E33/><V104/><F104/><W32/><G115/><T133/><D133/><N who="1" m="50699" /><E107/><V121/><F132/><W119/><G85/><T89/><D64/><U105/><E105/><V126/><F121/><W70/><G66/><T92/><D68/><U0/><E0/><V49/><F126/><W5/><G70/><T111/><D111/><U17/><E128/><N who="2" m="49195" /><F9/><W80/><G122/><T43/><D43/><U58/><E58/><N who="2" m="37111" /><F3/><W95/><G80/><T44/><D92/><U76/><E76/><V84/><F84/><W123/><G123/><T61/><D61/><N who="1" m="36007" /><E112/><V29/><F2/><W62/><G5/><T20/><D34/><U124/><E124/><V117/><F117/><W56/><G127/><T15/><D15/><U72/><E72/><V109/><F109/><W97/><G119/><T129/><D129/><U45/><AGARI ba="0,0" hai="16,17,37,42,45,73,79,81" m="36007,50699" machi="45" ten="30,4000,0" yaku="20,1,54,2" doraHai="27" who="1" fromWho="1" sc="250,-20,250,40,250,-10,250,-10" /><INIT seed="1,0,0,2,4,132" ten="230,290,240,240" oya="1" hai0="61,90,54,81,112,126,65,124,108,48,34,92,41" hai1="62,113,74,40,35,2,101,32,46,133,1,57,103" hai2="94,82,45,56,80,53,116,75,16,19,63,36,110" hai3="50,119,51,111,91,129,8,67,37,15,20,12,47"/><U27/><E74/><V13/><F116/><W9/><G111/><T107/><D107/><U105/><E113/><V71/><F110/><W122/><G122/><T128/><D108/><U118/><E118/><V3/><F3/><W78/><G78/><T30/><D41/><U135/><E2/><V66/><F94/><W99/><G119/><T60/><D112/><U23/><E1/><V86/><F19/><W64/><G20/><T6/><D6/><U55/><E23/><V24/><F24/><W76/><G76/><T44/><D81/><U100/><E105/><V43/><F86/><W42/><G129/><T123/><D123/><U58/><E57/><V4/><F4/><W52/><G99/><N who="0" m="57751" /><D128/><U7/><E7/><V69/><F69/><W17/><G91/><T21/><D21/><U79/><E79/><V89/><F89/><W102/><G102/><T22/><D22/><U88/><E88/><V38/><F38/><W85/><G85/><T83/><D65/><U25/><E35/><V95/><F95/><W29/><G29/><T134/><D83/><U115/><E115/><V77/><F82/><W98/><G37/><T39/><D39/><N who="1" m="21791" /><E32/><V96/><F96/><W10/><G98/><T0/><D0/><U97/><E97/><V104/><F104/><W125/><G67/><T114/><D114/><U106/><E106/><V109/><F109/><W87/><G64/><T14/><D14/><U117/><E117/><V28/><F28/><W11/><G87/><T31/><D31/><U120/><E120/><V18/><F13/><W70/><G15/><T130/><D34/><RYUUKYOKU ba="0,0" sc="230,-15,290,15,240,15,240,-15" hai1="25,27,55,58,62,100,101,103,133,135" hai2="16,18,36,43,45,53,56,63,66,71,75,77,80" /><INIT seed="1,1,0,3,2,122" ten="215,305,255,225" oya="1" hai0="56,48,32,85,70,126,93,43,23,107,102,121,36" hai1="18,61,131,10,68,4,134,15,91,88,118,29,117" hai2="53,60,123,128,110,104,127,9,19,101,21,44,2" hai3="124,82,132,108,97,20,28,0,66,58,13,26,6"/><U16/><E134/><V114/><F123/><W41/><G132/><T96/><D32/><U95/><E131/><V35/><F128/><W42/><G124/><T75/><D121/><U72/><E72/><V105/><F35/><W69/><G69/><T67/><D75/><U84/><E29/><V31/><F31/><W90/><G0/><T135/><D135/><U55/><E91/><V94/><F94/><W65/><G65/><T17/><D36/><U8/><E18/><V3/><F3/><W1/><G1/><T113/><D70/><U86/><E86/><V51/><F101/><W116/><G116/><T38/><D38/><U73/><E73/><V103/><F103/><W39/><G39/><T80/><D113/><U59/><E68/><V89/><F89/><W25/><G25/><T12/><D126/><U115/><E115/><V33/><F33/><W62/><G6/><T27/><D12/><AGARI ba="1,0" hai="4,8,10,12,15,16,55,59,61,84,88,95,117,118" machi="12" ten="30,5800,0" yaku="7,1,54,2" doraHai="122" who="1" fromWho="0" sc="215,-61,305,61,255,0,225,0" /><INIT seed="1,2,0,4,4,86" ten="154,366,255,225" oya="1" hai0="37,50,77,4,131,128,89,134,108,78,125,31,56" hai1="15,91,58,116,88,12,73,97,19,63,80,5,132" hai2="111,112,122,114,2,42,43,30,66,68,129,17,6" hai3="1,81,79,26,60,65,25,46,34,106,72,51,22"/><U135/><E116/><V62/><F122/><W11/><G106/><T53/><D108/><U55/><E5/><V61/><F111/><W13/><G1/><T52/><D37/><U67/><E12/><V21/><F30/><W70/><G22/><T18/><D134/><N who="1" m="51243" /><E97/><V84/><F84/><W64/><G64/><T33/><D4/><U82/><E67/><V38/><F62/><W35/><G35/><T123/><D123/><U3/><E3/><V54/><F54/><W16/><REACH who="3" step="1"/><G34/><REACH who="3" ten="154,366,255,215" step="2"/><T94/><D33/><U0/><E0/><V102/><F66/><W92/><G92/><T107/><D107/><U9/><E82/><V119/><F2/><W133/><G133/><T44/><D31/><U101/><E101/><V59/><F119/><W10/><G10/><T32/><D32/><U24/><E24/><V130/><F114/><W7/><G7/><T14/><D131/><U85/><E73/><V57/><F112/><W127/><G127/><T47/><D128/><U103/><E103/><V28/><F6/><W69/><G69/><T76/><D125/><U121/><E121/><V23/><F68/><W93/><G93/><T29/><D29/><U45/><E80/><V8/><F23/><W90/><G90/><T110/><D110/><U124/><E91/><V99/><F21/><W87/><G87/><N who="0" m="52543" /><D53/><AGARI ba="2,1" hai="11,13,16,25,26,46,51,53,60,65,70,72,79,81" machi="53" ten="30,3900,0" yaku="1,1,7,1,54,1,53,0" doraHai="86" doraHaiUra="115" who="3" fromWho="0" sc="154,-45,366,0,255,0,215,55" /><INIT seed="2,0,0,3,3,66" ten="109,366,255,270" oya="2" hai0="99,88,46,67,33,13,103,62,112,97,105,63,6" hai1="29,102,85,89,8,106,109,72,124,7,23,3,133" hai2="98,51,55,4,117,11,24,26,58,27,114,91,31" hai3="100,82,49,18,39,111,38,126,125,35,14,50,135"/><V52/><F117/><W43/><G35/><T92/><D112/><U101/><E72/><V77/><F114/><W110/><G100/><T44/><D33/><U15/><E109/><N who="3" m="41482" /><G82/><T65/><D6/><U129/><E129/><V79/><F31/><W10/><G135/><T56/><REACH who="0" step="1"/><D13/><REACH who="0" ten="99,366,255,270" step="2"/><U90/><E15/><N who="2" m="5607" /><F55/><W53/><G53/><T131/><D131/><U70/><E7/><V41/><F41/><W30/><G43/><T80/><D80/><U12/><E12/><V22/><F22/><W132/><G132/><T107/><D107/><U104/><E23/><V37/><F37/><W81/><G81/><T57/><AGARI ba="0,1" hai="44,46,56,57,62,63,65,67,88,92,97,99,103,105" machi="57" ten="20,12000,2" yaku="1,1,0,1,7,1,9,1,54,1,53,1" doraHai="66" doraHaiUra="86" who="0" fromWho="0" sc="99,130,366,-30,255,-60,270,-30" /><INIT seed="3,0,0,2,3,65" ten="229,336,195,240" oya="3" hai0="38,88,127,30,32,29,54,45,72,67,90,101,69" hai1="84,64,25,0,6,99,97,68,76,51,35,49,95" hai2="129,85,86,80,46,20,15,121,115,125,100,107,37" hai3="91,11,61,13,116,81,5,27,130,42,79,104,118"/><W111/><G104/><T60/><D72/><U87/><E68/><V19/><F115/><W26/><G130/><T82/><D127/><U24/><E0/><V1/><F125/><W134/><G134/><T9/><D101/><U102/><E35/><V78/><F129/><W106/><G106/><T12/><D32/><U58/><E6/><V131/><F131/><W52/><G91/><T21/><D21/><U92/><E64/><V43/><F121/><W119/><G42/><T28/><D82/><N who="1" m="47175" /><E87/><V40/><F40/><W16/><G5/><T8/><D8/><U108/><E108/><V44/><F44/><W112/><G112/><T47/><D47/><U14/><E14/><V73/><REACH who="2" step="1"/><F1/><REACH who="2" ten="229,336,185,240" step="2"/><W36/><G111/><T4/><D38/><U96/><E102/><V122/><F122/><W109/><G36/><T66/><D45/><U33/><E33/><V10/><F10/><W39/><G39/><T48/><D9/><U133/><E133/><V89/><F89/><W98/><G109/><T34/><D34/><U113/><E113/><V93/><F93/><W17/><G11/><N who="0" m="4199" /><D88/><U128/><E95/><V94/><F94/><W63/><G116/><T117/><D117/><U74/><E92/><V126/><F126/><W50/><G118/><T120/><D120/><U132/><E128/><V53/><F53/><W71/><G52/><T83/><D90/><U124/><E124/><V59/><F59/><W3/><G3/><T114/><D114/><U31/><E58/><V57/><F57/><W55/><G119/><T105/><D54/><U70/><E132/><V77/><F77/><RYUUKYOKU ba="0,1" sc="229,-10,336,-10,185,30,240,-10" hai2="15,19,20,37,43,46,73,78,80,85,86,100,107" owari="219,-18.1,336,43.6,215,-28.5,230,3.0" /></mjloggm>