<mjloggm ver="2.3"><GO type="225" lobby="0"/><UN n0="%6B%79%6F%6E%6B%6F%31%31" n1="%E3%81%A9%E3%82%8F%E3%82%93%E3%81%94" n2="%E3%83%AD%E3%83%83%E3%83%86%E9%9B%80%E7%90%83" n3="%E3%81%B7%E3%82%8A%E3%82%93%E8%81%96%E4%BA%BA" dan="17,16,17,16" rate="2165.63,2196.33,2186.04,2141.68" sx="M,M,M,M"/><TAIKYOKU oya="0"/><INIT seed="0,0,0,4,4,65" ten="250,250,250,250" oya="0" hai0="37,124,18,93,70,40,84,51,134,98,20,112,87" hai1="59,54,45,79,123,43,114,90,19,53,38,56,58" hai2="88,130,52,81,71,110,1,63,69,0,128,68,5" hai3="57,101,91,2,3,129,26,80,48,113,30,94,108"/><T115/><D37/><U64/><E79/><V17/><F110/><W78/><G108/><T24/><D124/><U55/><E90/><V10/><F1/><W29/><G101/><T109/><D109/><U122/><E19/><V28/><F28/><W125/><G125/><T32/><D134/><U60/><REACH who="1" step="1"/><E114/><REACH who="1" ten="250,240,250,250" step="2"/><V39/><F17/><W126/><G113/><T36/><D115/><U46/><E46/><V27/><F27/><W92/><G126/><T15/><D112/><U9/><E9/><V111/><F111/><W131/><G91/><T31/><D36/><U67/><E67/><V4/><F39/><W83/><G78/><T117/><D117/><U77/><E77/><V66/><F5/><W119/><G119/><T85/><D70/><AGARI ba="0,1" hai="38,43,45,53,54,55,56,58,59,60,64,70,122,123" machi="70" ten="40,8000,1" yaku="1,1,34,3,52,1,53,0" doraHai="65" doraHaiUra="86" who="1" fromWho="0" sc="250,-80,240,90,250,0,250,0" /><INIT seed="1,0,0,3,3,91" ten="170,330,250,250" oya="1" hai0="54,103,133,2,81,25,90,24,89,113,87,64,48" hai1="112,28,92,3,32,60,53,10,97,7,73,29,118" hai2="26,41,58,38,123,116,17,69,1,104,42,56,50" hai3="100,19,49,106,0,129,131,109,88,119,130,4,126"/><U8/><E112/><V67/><F1/><W95/><G109/><T117/><D133/><U135/><E118/><V96/><F17/><W127/><G119/><T55/><D117/><U120/><E135/><V44/><F26/><W77/><G77/><T23/><D113/><U5/><E73/><V105/><F96/><N who="3" m="61703" /><G19/><T107/><D2/><U40/><E40/><N who="2" m="22551" /><F105/><W14/><G14/><T45/><D64/><U74/><E74/><V68/><F104/><W98/><G49/><T79/><D107/><U16/><E32/><V43/><F123/><W132/><G132/><T86/><D103/><U115/><E115/><V9/><F9/><AGARI ba="0,0" hai="0,4,9,88,95,98,126,127,129,130,131" m="61703" machi="9" ten="40,5200,0" yaku="19,1,52,1,54,1" doraHai="91" who="3" fromWho="2" sc="170,0,330,0,250,-52,250,52" /><INIT seed="2,0,0,2,4,10" ten="170,330,198,302" oya="2" hai0="87,82,88,126,93,130,111,104,131,24,73,22,38" hai1="17,2,76,34,66,8,9,101,1,53,11,27,6" hai2="92,7,21,35,123,128,79,72,107,83,115,135,81" hai3="20,55,84,14,12,18,133,120,80,75,78,50,3"/><V102/><F115/><W39/><G39/><T91/><D38/><U25/><E53/><V28/><F123/><W125/><G3/><N who="1" m="1034" /><E66/><V62/><F7/><W127/><G120/><T108/><D22/><N who="1" m="13519" /><E101/><V32/><F128/><N who="0" m="49194" /><D24/><U94/><E94/><V44/><F135/><W98/><G133/><T54/><D54/><U85/><E85/><V103/><F21/><W49/><G98/><N who="0" m="57639" /><D126/><N who="3" m="48137" /><G75/><T5/><D5/><U19/><E76/><V52/><F79/><W61/><G61/><T60/><D60/><U13/><E6/><V129/><F52/><W43/><G43/><T36/><D36/><U95/><E95/><V29/><F92/><W15/><G49/><T106/><D73/><U118/><E118/><V77/><F129/><W116/><G116/><T65/><D65/><U113/><E113/><V89/><F62/><W48/><G48/><T26/><D26/><U57/><E57/><AGARI ba="0,0" hai="12,14,15,18,20,50,55,57,78,80,84" m="48137" machi="57" ten="30,7700,0" yaku="18,1,52,3" doraHai="10" who="3" fromWho="1" sc="170,0,330,-77,198,0,302,77" /><INIT seed="3,0,0,1,3,66" ten="170,253,198,379" oya="3" hai0="72,114,83,32,82,27,57,110,103,20,93,78,11" hai1="6,109,129,24,130,89,119,19,42,76,62,2,104" hai2="81,99,65,61,100,106,21,126,120,124,64,133,116" hai3="53,59,41,131,48,118,37,39,122,121,125,67,134"/><W25/><G118/><T45/><D110/><U43/><E104/><V88/><F133/><W35/><G134/><T90/><D114/><U52/><E76/><V33/><F116/><W79/><G79/><T4/><D32/><U14/><E24/><V7/><F33/><W16/><G35/><T92/><D57/><U102/><E6/><V38/><F38/><W55/><G16/><T44/><D83/><U54/><E102/><V70/><F120/><W101/><G25/><T58/><D58/><U1/><E19/><V46/><F46/><W91/><G91/><T15/><D103/><U29/><E89/><V17/><F65/><W115/><G101/><T75/><D75/><U87/><E14/><V8/><F81/><W123/><G115/><T80/><D80/><U3/><E1/><V18/><F88/><W73/><G73/><T96/><REACH who="0" step="1"/><D93/><REACH who="0" ten="160,253,198,379" step="2"/><U97/><E119/><V56/><F56/><W36/><G59/><T23/><D23/><U10/><E109/><V111/><F111/><W49/><G121/><T12/><D12/><U84/><E2/><N who="2" m="119" /><F21/><W77/><G122/><T5/><D5/><U117/><E3/><V30/><F30/><AGARI ba="0,1" hai="4,11,15,20,27,30,44,45,72,78,82,90,92,96" machi="30" ten="30,2000,0" yaku="1,1,7,1,53,0" doraHai="66" doraHaiUra="69" who="0" fromWho="2" sc="160,30,253,0,198,-20,379,0" owari="190,-21.0,253,5.3,178,-32.2,379,47.9" /></mjloggm>