<mjloggm ver="2.3"><GO type="225" lobby="0"/><UN n0="%72%69%6F%75%63%68%61%6E" n1="%E6%98%BC%E4%B8%8B%E3%81%8C%E3%82%8A%E3%81%AE%E5%9B%A3%E5%9C%B0%E5%A6%BB" n2="%E3%83%B4%E3%82%A3%E3%83%AF%E3%82%B3%E3%82%B0%E3%83%8B" n3="%E4%BF%BA%E3%81%A8%E5%A6%96%E5%A4%A2" dan="16,16,16,17" rate="2200.08,2166.95,2185.12,2168.48" sx="M,F,M,F"/><TAIKYOKU oya="0"/><INIT seed="0,0,0,1,3,38" ten="250,250,250,250" oya="0" hai0="70,64,125,109,27,39,1,63,9,124,97,15,94" hai1="34,107,133,92,104,132,76,115,96,127,121,19,74" hai2="0,43,8,25,117,120,48,33,5,83,22,37,111" hai3="77,23,61,84,65,60,118,57,11,24,116,131,32"/><T128/><D128/><U73/><E34/><V112/><F111/><W71/><G32/><T122/><D122/><U62/><E121/><V95/><F120/><W3/><G131/><T85/><D1/><U45/><E127/><N who="0" m="48713" /><D109/><U41/><E115/><V56/><F112/><W54/><G3/><T51/><D39/><U50/><E107/><V106/><F106/><W29/><G11/><T82/><D27/><U93/><E104/><V90/><F33/><W30/><G30/><T108/><D108/><U134/><E76/><V78/><F117/><W40/><G77/><N who="0" m="46287" /><D51/><U44/><E62/><V7/><F7/><W135/><G135/><T126/><N who="0" m="48721" /><T110/><DORA hai="103" /><D110/><U12/><E44/><V72/><F37/><W91/><REACH who="3" step="1"/><G40/><REACH who="3" ten="250,250,250,240" step="2"/><T52/><D9/><U88/><E93/><AGARI ba="0,1" hai="23,24,29,54,57,60,61,65,71,84,91,93,116,118" machi="93" ten="30,3900,0" yaku="1,1,2,1,7,1,53,0" doraHai="38,103" doraHaiUra="28,36" who="3" fromWho="1" sc="250,0,250,-39,250,0,240,49" /><INIT seed="1,0,0,4,1,71" ten="250,211,250,289" oya="1" hai0="17,40,16,25,101,32,10,91,22,100,95,41,107" hai1="104,125,103,78,119,6,76,98,27,47,13,8,129" hai2="53,1,94,102,64,118,2,28,60,50,90,79,83" hai3="115,132,48,133,67,59,0,65,56,111,97,123,43"/><U80/><E119/><V81/><F118/><W72/><G0/><T26/><D107/><U30/><E129/><V128/><F128/><W116/><G72/><T14/><D32/><U62/><E125/><V61/><F102/><N who="0" m="39530" /><D25/><U36/><E62/><V3/><F28/><W68/><G116/><T92/><D92/><U19/><E19/><V112/><F112/><W45/><G97/><AGARI ba="0,0" hai="10,14,16,17,22,26,40,41,91,95,97" m="39530" machi="97" ten="30,2000,0" yaku="8,1,54,1" doraHai="71" who="0" fromWho="3" sc="250,20,211,0,250,0,289,-20" /><INIT seed="2,0,0,2,2,26" ten="270,211,250,269" oya="2" hai0="61,95,88,101,59,98,69,39,103,28,124,94,128" hai1="13,90,46,75,27,111,84,17,80,41,35,44,55" hai2="102,37,10,66,24,112,121,34,50,64,62,113,85" hai3="0,130,91,68,83,18,70,25,89,127,5,12,73"/><V122/><F102/><W74/><G130/><T118/><D128/><U3/><E111/><V107/><F107/><W11/><G127/><T51/><D39/><U96/><E3/><V23/><F34/><W81/><G89/><T65/><D124/><U58/><E75/><V134/><F85/><W119/><G119/><T53/><D118/><U33/><E96/><V115/><F37/><W78/><G91/><T60/><D28/><U42/><E42/><V123/><F134/><W22/><REACH who="3" step="1"/><G0/><REACH who="3" ten="270,211,250,259" step="2"/><T108/><D108/><U116/><E116/><V6/><F123/><W86/><G86/><T54/><REACH who="0" step="1"/><D95/><REACH who="0" ten="260,211,250,259" step="2"/><U106/><E106/><V67/><F122/><W9/><G9/><T52/><D52/><U77/><E55/><V14/><F121/><W36/><G36/><T105/><D105/><U47/><E41/><V4/><F113/><W104/><G104/><T93/><D93/><U110/><E110/><V63/><F115/><W82/><G82/><T30/><D30/><U99/><E80/><V79/><F112/><W19/><G19/><T21/><D21/><U133/><E17/><V29/><F10/><W126/><G126/><T129/><D129/><U43/><E43/><V109/><F109/><W45/><G45/><AGARI ba="0,2" hai="45,51,53,54,59,60,61,65,69,88,94,98,101,103" machi="45" ten="30,3900,0" yaku="1,1,7,1,54,1,53,0" doraHai="26" doraHaiUra="20" who="0" fromWho="3" sc="260,59,211,0,250,0,259,-39" /><INIT seed="3,0,0,5,2,115" ten="319,211,250,220" oya="3" hai0="19,66,29,21,11,105,111,127,26,100,130,116,106" hai1="132,92,126,67,39,69,7,101,33,77,10,16,122" hai2="51,96,94,134,54,72,56,58,24,114,93,74,34" hai3="6,76,15,62,59,14,48,84,73,75,79,112,82"/><W83/><G112/><T45/><D116/><U80/><E122/><V13/><F114/><W65/><G6/><T113/><D113/><U2/><E39/><V129/><F93/><W118/><G118/><T91/><D111/><U23/><E33/><V30/><F134/><W42/><REACH who="3" step="1"/><G84/><REACH who="3" ten="319,211,250,210" step="2"/><T70/><D127/><U131/><E126/><V128/><F72/><W108/><G108/><T36/><D130/><U109/><E109/><V40/><F74/><W43/><G43/><T55/><D100/><U133/><E131/><V17/><F40/><W4/><G4/><T8/><D91/><U35/><E101/><V120/><F129/><W81/><G81/><T99/><D36/><U68/><E132/><V125/><F128/><W53/><G53/><T102/><D106/><U89/><E133/><V104/><F104/><W85/><G85/><T71/><D55/><U41/><E41/><V31/><F125/><W28/><G28/><T47/><D29/><U95/><E89/><V63/><F30/><W119/><G119/><T38/><D38/><U12/><E67/><V123/><F17/><W124/><G124/><T22/><D66/><U97/><E35/><V57/><F34/><W98/><G98/><T121/><D99/><U18/><E18/><V27/><F31/><W78/><G78/><T46/><D102/><U103/><E92/><V61/><F94/><W25/><G25/><N who="2" m="9801" /><F96/><W52/><G52/><T3/><D105/><U20/><E77/><V64/><F13/><W86/><G86/><T5/><D19/><N who="1" m="10727" /><E80/><V1/><F1/><W87/><G87/><T135/><D3/><RYUUKYOKU ba="0,1" sc="319,-30,211,10,250,10,210,10" hai1="2,7,10,16,20,68,69,95,97,103" hai2="51,54,56,57,58,61,63,64,120,123" hai3="14,15,42,48,59,62,65,73,75,76,79,82,83" /><INIT seed="3,1,1,1,2,70" ten="289,221,260,220" oya="3" hai0="57,53,84,5,92,98,12,85,33,3,2,40,48" hai1="35,100,110,94,69,58,20,115,97,118,89,124,28" hai2="31,102,13,24,63,59,78,15,23,49,91,50,1" hai3="128,51,56,38,55,121,112,88,126,4,107,111,8"/><W32/><G112/><T45/><D33/><U0/><E69/><V39/><F1/><W120/><G107/><T29/><D29/><U86/><E0/><V95/><F39/><W30/><G128/><T66/><D66/><U75/><E75/><V79/><F102/><W117/><G117/><T21/><D2/><U16/><E115/><V52/><F13/><W54/><G126/><T37/><D3/><U46/><E124/><V6/><F6/><W83/><G111/><T99/><D99/><U74/><E74/><V44/><F15/><W71/><G71/><T42/><D42/><U87/><E110/><V68/><F49/><W34/><G38/><T109/><D109/><U14/><E118/><V61/><F61/><W62/><G8/><N who="0" m="4111" /><D37/><U22/><E35/><V105/><F105/><W131/><G4/><T93/><D21/><U64/><E46/><V114/><F68/><W17/><G17/><T134/><D134/><U25/><E89/><V123/><F123/><W82/><G131/><T116/><D116/><U129/><E129/><V43/><F114/><W7/><G7/><T135/><D135/><U113/><E113/><V81/><F81/><W127/><G127/><T18/><D18/><U80/><E80/><V41/><F43/><W76/><G34/><T36/><D93/><U19/><E19/><V119/><F119/><W73/><G30/><T77/><D77/><U106/><E106/><V10/><F10/><W132/><G132/><T67/><D67/><U104/><E104/><V90/><F90/><W9/><G9/><T11/><D11/><U96/><E96/><AGARI ba="1,1" hai="23,24,31,41,44,50,52,59,63,78,79,91,95,96" machi="96" ten="30,7700,0" yaku="6,1,7,1,8,1,54,1" doraHai="70" who="2" fromWho="1" sc="289,0,221,-80,260,90,220,0" owari="289,8.9,141,-35.9,350,45.0,220,-18.0" /></mjloggm>