<mjloggm ver="2.3"><GO type="225" lobby="0"/><UN n0="%E3%82%A2%E3%83%A1%E3%82%A2%E3%83%A9%E3%83%AC" n1="%E6%B4%BE%E9%81%A3%E3%81%AE%E3%82%B8%E3%83%A3%E3%83%83%E3%82%AF" n2="%E6%98%93%E5%88%A9%E8%96%A9%E4%BC%AF" n3="%E5%B0%8F%E5%AE%AE%E3%81%9F%E3%81%9A%E3%81%8D" dan="16,17,16,17" rate="2156.75,2195.98,2084.38,2125.52" sx="M,M,F,F"/><TAIKYOKU oya="0"/><INIT seed="0,0,0,3,5,47" ten="250,250,250,250" oya="0" hai0="6,34,30,1,90,125,11,132,58,109,97,106,82" hai1="101,37,54,65,104,119,23,113,25,3,124,70,76" hai2="118,77,79,14,105,39,128,80,35,121,41,59,81" hai3="123,16,73,61,40,60,112,91,5,110,75,120,94"/><T117/><D117/><U22/><E119/><V85/><F118/><W103/><G112/><T64/><D132/><U0/><E37/><V131/><F35/><W96/><G5/><T26/><D125/><U83/><E124/><V66/><F105/><W44/><G110/><T126/><D126/><U53/><E101/><V115/><F115/><W45/><G45/><T2/><D109/><U36/><E36/><V18/><F121/><N who="3" m="46667" /><G91/><T49/><D64/><U21/><E104/><V100/><F100/><W13/><G75/><T63/><D63/><U133/><E133/><V78/><F41/><W107/><G73/><T69/><D69/><U89/><E89/><V7/><F7/><W135/><G107/><T57/><D106/><U84/><E25/><V20/><F39/><N who="3" m="21535" /><G135/><T92/><D82/><U32/><E32/><V98/><F98/><W43/><G43/><T95/><D1/><U17/><E113/><V111/><F111/><W8/><AGARI ba="0,0" hai="8,13,16,60,61,94,96,103" m="21535,46667" machi="8" ten="30,2000,0" yaku="13,1,54,1" doraHai="47" who="3" fromWho="3" sc="250,-10,250,-5,250,-5,250,20" /><INIT seed="1,0,0,1,4,27" ten="240,245,245,270" oya="1" hai0="66,44,70,97,71,32,24,17,34,10,100,4,107" hai1="49,9,102,75,78,104,135,50,108,99,31,127,16" hai2="105,28,114,53,59,57,83,11,131,110,122,8,96" hai3="1,81,103,84,40,42,0,129,25,51,58,29,116"/><U45/><E127/><V21/><F122/><W62/><G129/><T23/><D44/><U76/><E135/><V14/><F131/><W68/><G116/><T126/><D126/><U120/><E120/><V92/><F105/><W121/><G121/><T117/><D117/><U89/><E108/><V111/><F114/><W46/><G68/><T56/><D56/><U125/><E125/><V132/><F83/><W60/><G60/><T22/><D71/><U91/><E31/><V123/><F132/><W109/><G103/><T63/><REACH who="0" step="1"/><D23/><REACH who="0" ten="230,245,245,270" step="2"/><U115/><E115/><V112/><F112/><W39/><G109/><T119/><D119/><U88/><E75/><V6/><F123/><W5/><G42/><T113/><D113/><U93/><E104/><V41/><F41/><W2/><G39/><T85/><D85/><U64/><E64/><V80/><F111/><W118/><G118/><T12/><AGARI ba="0,1" hai="4,10,12,17,22,24,32,34,63,66,70,97,100,107" machi="12" ten="20,2700,0" yaku="1,1,0,1,7,1,53,0" doraHai="27" doraHaiUra="86" who="0" fromWho="0" sc="230,37,245,-13,245,-7,270,-7" /><INIT seed="2,0,0,5,2,21" ten="267,232,238,263" oya="2" hai0="14,53,72,84,124,89,77,118,135,49,2,47,28" hai1="127,27,85,30,22,92,26,55,110,38,71,29,131" hai2="46,34,67,104,76,33,130,63,57,69,62,97,96" hai3="44,41,8,106,73,10,13,59,37,5,7,65,17"/><V31/><F130/><W61/><G73/><T117/><D2/><U122/><E71/><V9/><F76/><W60/><G106/><T105/><D105/><U23/><E38/><V50/><F9/><W82/><G82/><N who="0" m="45351" /><D28/><N who="1" m="10859" /><E110/><V11/><F11/><W35/><G35/><T54/><D14/><U36/><E36/><V19/><F19/><W0/><REACH who="3" step="1"/><G61/><REACH who="3" ten="267,232,238,253" step="2"/><T48/><D118/><U40/><E131/><V126/><F126/><W121/><G121/><T86/><D117/><U56/><E122/><V74/><F74/><W80/><G80/><T20/><D124/><U12/><E127/><V39/><F104/><W24/><G24/><T43/><D135/><U102/><E12/><V6/><F34/><W75/><G75/><T81/><D81/><U78/><E78/><V128/><F128/><W134/><G134/><T15/><D15/><U64/><E64/><V66/><F66/><W133/><G133/><T119/><D119/><U125/><E125/><V16/><F63/><W87/><G87/><T99/><D86/><U79/><E79/><V42/><F6/><AGARI ba="0,1" hai="0,5,6,7,8,10,13,17,37,41,44,59,60,65" machi="6" ten="40,8000,1" yaku="1,1,53,3" doraHai="21" doraHaiUra="3" who="3" fromWho="2" sc="267,0,232,0,238,-80,253,90" /><INIT seed="3,0,0,2,4,62" ten="267,232,158,343" oya="3" hai0="79,131,99,50,45,108,52,66,70,81,73,106,75" hai1="47,69,51,46,39,48,65,123,7,41,72,80,132" hai2="63,21,38,118,88,86,32,25,134,102,100,110,34" hai3="20,15,120,14,0,37,58,116,54,128,28,129,111"/><W91/><G0/><T10/><D108/><U12/><E123/><V35/><F118/><W119/><G37/><T16/><D131/><N who="3" m="50249" /><G111/><T98/><D73/><U1/><E12/><N who="3" m="4650" /><G120/><T96/><D10/><U40/><E132/><V130/><F110/><W107/><G107/><T92/><D16/><U112/><E112/><V101/><F130/><W85/><G20/><T43/><D106/><U17/><E17/><V26/><F134/><W55/><G28/><T23/><D23/><U19/><E19/><V117/><F117/><N who="3" m="45131" /><G58/><T125/><D125/><U60/><E39/><V133/><F133/><W84/><G84/><T68/><D68/><U121/><E121/><V22/><F38/><W105/><G105/><T126/><D126/><U77/><E1/><V11/><F11/><W87/><G87/><T61/><REACH who="0" step="1"/><D43/><REACH who="0" ten="257,232,158,343" step="2"/><U103/><E7/><V30/><F63/><W64/><G64/><T82/><D82/><AGARI ba="0,1" hai="54,55,82,85,91" m="45131,4650,50249" machi="82" ten="30,1500,0" yaku="19,1" doraHai="62" who="3" fromWho="0" sc="257,-15,232,0,158,0,343,25" owari="242,4.2,232,-16.8,158,-34.2,368,46.8" /></mjloggm>