<mjloggm ver="2.3"><GO type="225" lobby="0"/><UN n0="%6D%75%75%6D%75%72%61" n1="%74%61%6B%65%2D%79%6F%75" n2="%62%6F%6E%6F%73%2E%2E" n3="%E6%A1%9C%E8%8A%B1%E9%96%83%E3%80%85" dan="16,16,17,16" rate="2183.81,2177.46,2208.73,2163.84" sx="F,M,M,M"/><TAIKYOKU oya="0"/><INIT seed="0,0,0,2,0,9" ten="250,250,250,250" oya="0" hai0="52,112,54,119,118,22,73,59,67,45,111,72,51" hai1="120,19,53,132,79,123,75,134,40,27,109,107,95" hai2="44,55,26,36,3,105,46,21,47,32,113,80,115" hai3="61,81,83,129,98,25,91,104,42,60,28,85,87"/><T102/><D112/><U130/><E107/><V78/><F105/><W124/><G124/><T77/><D102/><U71/><E109/><V50/><F3/><W7/><G129/><T76/><D67/><U69/><E130/><V56/><F32/><W39/><G7/><T13/><D111/><U86/><E40/><V125/><F36/><W108/><G108/><T66/><D66/><U1/><E1/><V122/><F122/><N who="1" m="46633" /><E75/><V14/><F125/><W127/><G42/><T64/><D64/><U114/><E53/><V133/><F133/><N who="1" m="51305" /><E114/><V38/><F38/><W126/><G39/><T65/><D65/><U18/><E95/><V31/><REACH who="2" step="1"/><F14/><REACH who="2" ten="250,250,240,250" step="2"/><W48/><G127/><T62/><D119/><U63/><E69/><V43/><F43/><W89/><G126/><T12/><D118/><U106/><E71/><V58/><F58/><W8/><G104/><T6/><D12/><U70/><E70/><V0/><F0/><W37/><G37/><T10/><REACH who="0" step="1"/><D22/><REACH who="0" ten="240,250,240,250" step="2"/><U90/><E106/><V96/><F96/><W97/><G97/><T92/><D92/><U121/><E121/><V88/><F88/><W103/><G98/><T11/><D11/><U82/><E90/><V84/><AGARI ba="0,2" hai="21,26,31,44,46,47,50,55,56,78,80,84,113,115" machi="84" ten="30,2000,0" yaku="1,1,0,1,53,0" doraHai="9" doraHaiUra="34" who="2" fromWho="2" sc="240,-10,250,-5,240,40,250,-5" /><INIT seed="1,0,0,1,4,113" ten="230,245,280,245" oya="1" hai0="12,64,65,80,74,81,125,10,57,112,21,60,83" hai1="53,131,71,87,25,76,69,3,47,50,85,52,7" hai2="110,88,16,18,123,1,105,45,37,19,63,132,28" hai3="106,126,102,14,128,8,107,109,98,100,99,15,93"/><U96/><E131/><V35/><F123/><W41/><G128/><T95/><D112/><U122/><E122/><V2/><F105/><W27/><G109/><T120/><D120/><U92/><E25/><V22/><F110/><W70/><G126/><T114/><D114/><U34/><E34/><V103/><F103/><W54/><G70/><T135/><D125/><U13/><E3/><V115/><F35/><W118/><G41/><T56/><D135/><U134/><E134/><V0/><F132/><W89/><G27/><T26/><D95/><U40/><E71/><V4/><F4/><W32/><G32/><T20/><D74/><U5/><E69/><V9/><F9/><W43/><G43/><T84/><D84/><N who="1" m="32331" /><E76/><V129/><F129/><W73/><G73/><T133/><D133/><U39/><E39/><V48/><F37/><W75/><G75/><T90/><D90/><N who="1" m="55319" /><E13/><V97/><F63/><W55/><G93/><T121/><D121/><U36/><E36/><V23/><F115/><W62/><G89/><T58/><D26/><U51/><E40/><V46/><F28/><W33/><G33/><T79/><D79/><U130/><E130/><V82/><F97/><W77/><G77/><T111/><D111/><U104/><E104/><V117/><F117/><W78/><G78/><T30/><D30/><U108/><E108/><V124/><F124/><W29/><G29/><T86/><D86/><U49/><E49/><V116/><F116/><W11/><G62/><N who="0" m="37959" /><D58/><AGARI ba="0,0" hai="5,7,47,50,51,52,53,58" m="55319,32331" machi="58" ten="30,2900,0" yaku="8,1,54,1" doraHai="113" who="1" fromWho="0" sc="230,-29,245,29,280,0,245,0" /><INIT seed="1,1,0,0,5,36" ten="201,274,280,245" oya="1" hai0="35,2,23,39,76,91,130,83,43,110,7,127,46" hai1="116,80,82,129,41,9,111,73,66,135,109,5,81" hai2="100,70,25,64,90,48,52,72,106,60,87,131,65" hai3="104,58,10,93,59,22,61,13,14,20,62,0,122"/><U6/><E116/><V105/><F72/><W63/><G104/><T24/><D110/><N who="1" m="41995" /><E129/><V34/><F65/><W1/><G93/><T45/><D130/><U71/><E135/><V54/><F131/><W4/><G122/><T11/><D127/><U126/><E126/><V101/><F106/><W38/><G38/><T57/><D35/><U86/><E73/><V40/><F40/><W77/><G77/><T84/><D46/><U32/><E32/><V107/><F107/><W124/><G124/><T92/><D57/><N who="3" m="21513" /><G10/><T37/><D37/><U98/><E98/><N who="2" m="61591" /><F101/><W134/><G4/><N who="1" m="1642" /><E9/><V125/><F48/><W114/><G114/><T85/><D23/><N who="3" m="8745" /><G134/><T88/><REACH who="0" step="1"/><D24/><REACH who="0" ten="191,274,280,245" step="2"/><U21/><E21/><V67/><F125/><W123/><G123/><T69/><D69/><U27/><E27/><V121/><F121/><W56/><G56/><T102/><D102/><U42/><E86/><V132/><F132/><W55/><G62/><AGARI ba="1,1" hai="41,42,62,66,71,80,81,82" m="1642,41995" machi="62" ten="40,12000,1" yaku="14,1,10,1,52,2" doraHai="36" who="1" fromWho="3" sc="191,0,274,133,280,0,245,-123" /><INIT seed="1,2,0,3,5,39" ten="191,407,280,122" oya="1" hai0="56,79,13,85,121,46,117,61,18,20,94,58,50" hai1="47,63,6,98,55,123,71,83,87,75,10,19,120" hai2="89,24,105,78,28,29,2,106,36,88,32,66,38" hai3="74,130,82,80,72,70,126,0,73,92,53,129,23"/><U26/><E75/><V122/><F122/><W27/><G0/><T60/><D117/><U7/><E71/><V104/><F2/><W110/><G70/><T52/><D121/><U14/><E120/><V109/><F109/><W57/><G110/><T90/><D79/><U9/><E123/><V81/><F66/><W100/><G126/><T34/><D34/><U115/><E115/><V77/><F28/><W68/><G68/><T17/><D18/><U97/><E26/><V86/><F78/><W132/><G132/><T102/><D102/><U131/><E131/><N who="3" m="50186" /><G92/><T51/><D58/><U42/><E55/><AGARI ba="2,0" hai="13,17,20,46,50,51,52,55,56,60,61,85,90,94" machi="55" ten="30,8000,1" yaku="7,1,25,2,8,1,54,1" doraHai="39" who="0" fromWho="1" sc="191,86,407,-86,280,0,122,0" /><INIT seed="2,0,0,3,5,118" ten="277,321,280,122" oya="2" hai0="16,71,68,78,85,96,44,33,67,79,97,9,62" hai1="8,3,135,102,74,23,88,40,39,110,6,94,66" hai2="15,107,5,34,4,120,86,113,89,84,24,80,123" hai3="87,10,92,52,116,77,126,19,17,108,30,0,45"/><V13/><F107/><W128/><G116/><T27/><D71/><U99/><E110/><V111/><F113/><W42/><G126/><T72/><D72/><U22/><E135/><V81/><F111/><W59/><G128/><T56/><D68/><U25/><E66/><V124/><F124/><W129/><G129/><T20/><D33/><U82/><E25/><V115/><F115/><W43/><G30/><T98/><D85/><U130/><E130/><V38/><F38/><W57/><G57/><T133/><D133/><U51/><E51/><V127/><F127/><W21/><G108/><T121/><D121/><U90/><E90/><V14/><F24/><W2/><G2/><T104/><D104/><U50/><E50/><V70/><F70/><W106/><G106/><T49/><REACH who="0" step="1"/><D9/><REACH who="0" ten="267,321,280,122" step="2"/><U41/><E74/><V73/><F73/><W11/><G10/><T47/><D47/><U53/><E8/><V48/><F34/><W101/><G45/><T91/><D91/><U132/><E88/><V36/><F89/><W37/><G87/><N who="2" m="33321" /><F36/><W75/><G37/><T125/><D125/><U1/><E39/><V103/><F103/><W54/><G75/><T117/><D117/><U7/><E102/><V35/><F35/><W109/><G109/><T95/><D95/><U100/><E94/><V131/><F131/><W55/><G92/><T64/><D64/><U134/><E100/><V76/><F76/><W61/><G77/><T69/><D69/><U119/><E119/><V26/><F80/><W112/><G101/><T29/><D29/><U18/><E82/><V93/><F81/><RYUUKYOKU ba="0,1" sc="267,30,321,-10,280,-10,122,-10" hai0="16,20,27,44,49,56,62,67,78,79,96,97,98" /><INIT seed="3,1,1,4,2,74" ten="297,311,270,112" oya="3" hai0="30,67,8,118,123,90,121,89,98,48,76,85,93" hai1="87,52,79,6,96,35,20,105,28,17,77,44,106" hai2="112,97,117,103,69,59,25,47,60,54,14,91,33" hai3="51,2,63,133,81,86,115,15,99,111,58,95,61"/><W11/><G115/><T73/><D118/><U71/><E71/><V27/><F117/><W107/><G133/><T36/><D36/><U134/><E134/><V100/><F112/><W39/><G107/><T129/><D73/><U104/><E6/><V22/><F69/><W83/><G2/><T42/><D30/><U43/><E35/><V75/><F75/><W82/><G39/><T56/><D129/><U70/><E70/><V131/><F131/><W41/><G111/><T135/><D135/><U108/><E108/><V53/><F33/><W122/><G122/><T119/><D119/><U78/><E28/><V72/><F72/><W29/><G29/><T65/><D76/><U94/><E52/><N who="2" m="20075" /><F47/><N who="3" m="26095" /><G86/><T46/><D56/><U1/><E1/><V21/><F14/><W13/><G11/><T45/><D45/><U102/><E87/><V84/><F25/><W16/><G16/><T128/><D128/><U31/><E31/><N who="2" m="17903" /><F22/><W49/><G49/><T132/><D132/><U38/><REACH who="1" step="1"/><E105/><REACH who="1" ten="297,301,270,112" step="2"/><V80/><F97/><W125/><G125/><T101/><D121/><U50/><E50/><V130/><F130/><W116/><G116/><T5/><D123/><U114/><E114/><V120/><F120/><W34/><G34/><T110/><D110/><U4/><E4/><V18/><F18/><W57/><G57/><T9/><D5/><U68/><E68/><V12/><F12/><AGARI ba="1,2" hai="12,17,20,38,43,44,77,78,79,94,96,102,104,106" machi="12" ten="40,8000,1" yaku="1,1,52,3,53,0" doraHai="74" doraHaiUra="26" who="1" fromWho="2" sc="297,0,301,103,270,-83,112,0" owari="297,9.7,404,50.4,187,-21.3,112,-38.8" /></mjloggm>