<mjloggm ver="2.3"><GO type="225" lobby="0"/><UN n0="%E8%81%B7%E6%A5%AD%E3%80%81%E9%A2%A8%32" n1="%E7%AD%89%E3%80%85%E5%8A%9B%E5%8A%87%E5%A0%B4" n2="%E6%B8%A9%E2%98%85%E6%83%85%E2%98%85%E6%8E%AA%E2%98%85%E7%BD%AE" n3="%E3%82%82%E3%81%86%E3%81%93%E3%82%8A%E3%81%94%E3%82%8A%E3%82%89" dan="16,16,16,16" rate="2151.76,2141.07,2143.83,2130.08" sx="M,M,M,M"/><TAIKYOKU oya="0"/><INIT seed="0,0,0,1,0,107" ten="250,250,250,250" oya="0" hai0="125,80,17,52,108,28,23,18,56,10,49,113,114" hai1="96,131,45,100,2,78,135,44,86,83,119,60,73" hai2="22,11,70,87,0,13,37,75,118,103,130,91,58" hai3="134,101,24,61,132,69,71,121,93,30,33,117,105"/><T133/><D133/><N who="3" m="51305" /><G117/><T26/><D125/><U31/><E135/><V4/><F70/><W50/><G93/><T128/><D128/><U129/><E119/><V81/><F130/><N who="1" m="49673" /><E2/><V55/><F118/><W106/><G50/><T32/><D108/><U63/><E31/><V95/><F37/><W5/><G5/><T126/><D126/><U120/><E120/><V115/><F115/><W66/><G71/><T89/><D10/><U38/><E86/><V85/><F103/><W79/><G79/><T1/><D1/><U29/><E29/><V41/><F41/><W67/><G67/><T98/><D17/><U25/><E25/><V92/><F75/><W112/><G112/><T39/><D39/><U19/><E19/><V102/><F102/><W59/><G59/><T46/><D56/><U21/><E21/><V53/><F58/><W97/><G106/><T48/><D49/><U16/><E16/><N who="2" m="10511" /><F0/><W65/><G65/><T122/><D122/><AGARI ba="0,0" hai="24,30,33,61,66,69,97,101,105,121,122" m="51305" machi="122" ten="30,3900,0" yaku="25,1,20,1,23,1" doraHai="107" who="3" fromWho="0" sc="250,-39,250,0,250,0,250,39" /><INIT seed="1,0,0,1,3,101" ten="211,250,250,289" oya="1" hai0="105,51,134,29,47,91,62,40,125,102,64,61,86" hai1="17,53,76,34,128,63,110,8,79,77,45,120,28" hai2="126,130,85,26,13,97,83,66,78,54,116,16,6" hai3="72,10,90,41,38,32,58,43,98,68,67,33,39"/><U113/><E113/><V59/><F116/><W52/><G72/><T56/><D125/><U108/><E120/><V2/><F126/><W114/><G10/><T55/><D134/><U89/><E128/><V117/><F117/><W20/><G20/><T19/><D29/><U104/><E34/><V21/><F130/><W87/><G114/><T131/><D131/><U115/><E28/><V57/><F2/><W30/><G98/><T94/><D19/><U37/><E115/><V75/><F75/><W48/><G41/><T14/><D14/><U31/><E31/><V84/><F97/><W103/><G103/><T42/><D42/><U107/><E89/><V80/><F66/><W15/><G15/><T36/><D62/><U129/><E129/><V18/><F54/><W111/><G111/><N who="1" m="42538" /><E37/><V74/><F6/><W127/><G127/><T7/><D7/><U124/><E124/><V3/><F3/><W4/><G4/><T92/><D102/><U65/><E8/><N who="2" m="6183" /><F74/><W106/><G39/><T11/><D11/><U46/><E17/><V49/><F49/><W96/><G30/><T119/><D119/><U121/><E121/><V82/><F82/><W99/><G32/><T122/><D122/><U95/><E95/><V69/><F69/><W5/><G5/><T24/><D24/><U81/><E81/><V118/><F118/><W123/><G123/><T44/><REACH who="0" step="1"/><D94/><REACH who="0" ten="201,250,250,289" step="2"/><U73/><E73/><V1/><F1/><W132/><G33/><T35/><D35/><U25/><E25/><V133/><F133/><W9/><G132/><T100/><D100/><U93/><E93/><RYUUKYOKU ba="0,1" sc="201,15,250,-15,250,15,289,-15" hai0="36,40,44,47,51,55,56,61,64,86,91,92,105" hai2="18,21,26,57,59,78,80,83,84,85" /><INIT seed="2,1,1,5,1,56" ten="216,235,265,274" oya="2" hai0="68,81,13,48,46,33,39,108,93,123,126,8,94" hai1="117,83,32,58,82,43,42,67,49,128,124,76,91" hai2="62,31,135,132,53,65,69,116,40,35,9,23,45" hai3="2,78,57,90,55,54,133,41,34,100,88,11,119"/><V95/><F116/><W96/><G119/><T59/><D68/><U27/><E117/><V105/><F105/><W77/><G34/><T37/><D33/><U47/><E128/><V112/><F112/><W98/><G133/><N who="2" m="51273" /><F9/><W61/><G41/><T18/><D123/><U104/><E124/><V60/><F95/><N who="3" m="58399" /><G2/><T70/><D70/><U106/><E42/><V26/><F35/><W38/><G38/><T44/><D126/><U73/><E91/><N who="3" m="34858" /><G98/><T125/><D125/><U87/><E32/><V113/><F113/><W20/><G11/><T36/><D108/><U5/><E106/><V24/><F24/><W1/><G1/><T71/><D71/><U50/><E104/><V114/><F114/><W21/><G55/><T110/><D110/><U16/><E43/><V66/><F53/><W130/><G130/><T129/><D129/><U29/><E27/><V122/><F122/><W103/><G103/><T89/><D59/><U80/><E58/><N who="2" m="37015" /><F40/><W51/><G51/><T64/><D64/><U134/><E67/><V121/><F121/><W120/><G120/><T109/><D109/><U111/><E49/><V84/><F45/><W127/><G127/><T85/><REACH who="0" step="1"/><D46/><REACH who="0" ten="206,235,265,274" step="2"/><U52/><E111/><V99/><F69/><W115/><G115/><T118/><D118/><U14/><E134/><V17/><F66/><W12/><G20/><T97/><D97/><U22/><E22/><V15/><F99/><W131/><G131/><T25/><D25/><U28/><E47/><V75/><F26/><W102/><G102/><T79/><D79/><U101/><E76/><V19/><F23/><RYUUKYOKU ba="1,2" sc="206,15,235,-15,265,-15,274,15" hai0="8,13,18,36,37,39,44,48,81,85,89,93,94" hai3="12,21,54,57,61,77,78" /><INIT seed="3,2,2,1,0,20" ten="221,220,250,289" oya="3" hai0="125,94,56,79,90,64,110,126,67,131,45,6,40" hai1="5,77,75,47,18,11,102,44,113,61,103,80,32" hai2="123,134,97,9,60,119,99,116,114,57,39,115,101" hai3="17,81,31,38,8,4,112,43,36,85,50,132,87"/><W118/><G112/><N who="2" m="43049" /><F57/><W72/><G118/><N who="2" m="45097" /><F60/><W83/><G132/><T65/><D110/><U74/><E113/><V2/><F39/><W27/><G17/><T1/><D131/><U129/><E129/><V91/><F9/><W33/><G38/><T7/><D79/><U96/><E74/><V63/><F63/><W37/><G37/><N who="0" m="21647" /><D56/><U19/><E32/><V22/><F22/><W69/><G69/><T55/><D55/><U92/><E103/><V135/><F2/><N who="3" m="23" /><G81/><T35/><D35/><U21/><E19/><V59/><F59/><W76/><G50/><T111/><D1/><U86/><E75/><V108/><F123/><W95/><G95/><T100/><D100/><U88/><E102/><V122/><F108/><W23/><G33/><T78/><D111/><U124/><E124/><N who="0" m="47721" /><D78/><U84/><E61/><V117/><F122/><W41/><G41/><T130/><D130/><U16/><E96/><AGARI ba="2,2" hai="6,7,64,65,67,90,94,96" m="47721,21647" machi="96" ten="30,1000,0" yaku="18,1" doraHai="20" who="0" fromWho="1" sc="221,36,220,-16,250,0,289,0" /><INIT seed="4,0,0,1,1,22" ten="257,204,250,289" oya="0" hai0="132,43,101,60,129,133,62,99,112,95,128,122,37" hai1="98,106,110,93,83,16,47,48,109,51,124,52,104" hai2="92,88,76,0,30,24,6,78,94,45,121,42,126" hai3="89,31,28,70,18,2,32,34,97,84,50,90,68"/><T53/><D122/><U130/><E130/><N who="0" m="50281" /><D112/><U113/><E124/><V77/><F121/><W135/><G2/><T55/><D43/><U20/><E113/><V96/><F126/><W9/><G135/><N who="0" m="51787" /><D37/><U8/><E8/><V10/><F94/><W41/><G97/><T71/><D62/><U65/><E65/><AGARI ba="0,0" hai="53,55,60,65,71,95,99,101" m="51787,50281" machi="65" ten="30,2900,0" yaku="19,1,20,1" doraHai="22" who="0" fromWho="1" sc="257,29,204,-29,250,0,289,0" /><INIT seed="4,1,0,2,5,55" ten="286,175,250,289" oya="0" hai0="28,118,89,100,125,128,43,14,1,65,131,104,33" hai1="13,44,123,51,52,46,112,39,105,36,98,82,42" hai2="50,107,31,64,2,80,83,87,124,70,110,122,58" hai3="30,132,25,74,99,95,135,96,90,66,79,116,22"/><T88/><D1/><U34/><E123/><V113/><F110/><W35/><G116/><T19/><D118/><U133/><E133/><N who="3" m="51274" /><G66/><T129/><D125/><U48/><E34/><V59/><F122/><W38/><G38/><T77/><D77/><U73/><E112/><V81/><F107/><W0/><G0/><T134/><D134/><U101/><REACH who="1" step="1"/><E13/><REACH who="1" ten="286,165,250,289" step="2"/><V75/><F113/><W57/><G35/><T106/><D33/><U72/><E72/><V93/><F75/><W94/><G74/><T26/><D14/><U45/><E45/><V9/><F2/><W60/><G79/><AGARI ba="1,1" hai="36,39,42,44,46,48,51,52,73,79,82,98,101,105" machi="79" ten="40,2600,0" yaku="1,1,54,1,53,0" doraHai="55" doraHaiUra="17" who="1" fromWho="3" sc="286,0,165,39,250,0,289,-29" /><INIT seed="5,0,0,1,1,113" ten="286,204,250,260" oya="1" hai0="125,50,1,75,73,126,64,16,102,130,68,25,97" hai1="33,60,32,104,34,88,72,67,101,59,18,81,36" hai2="8,43,107,51,80,52,128,14,56,20,3,35,45" hai3="76,38,78,62,48,61,37,6,11,70,122,111,133"/><U117/><E36/><V13/><F35/><W103/><G111/><T47/><D1/><U134/><E134/><V26/><F107/><W115/><G122/><T30/><D130/><U57/><E117/><V53/><F128/><W135/><G103/><T23/><D30/><U118/><E118/><V119/><F119/><W12/><G48/><T108/><D64/><U55/><E72/><V112/><F112/><W40/><G115/><T105/><D68/><U121/><E121/><V110/><F110/><W83/><G78/><T29/><D29/><U44/><E44/><V69/><F69/><W28/><G28/><T131/><D131/><U19/><E101/><V106/><F106/><W54/><G54/><N who="0" m="30047" /><D108/><U82/><E104/><V22/><F3/><W66/><G61/><T92/><D92/><U124/><E124/><AGARI ba="0,0" hai="16,23,25,73,75,97,102,105,124,125,126" m="30047" machi="124" ten="30,2000,0" yaku="18,1,54,1" doraHai="113" who="0" fromWho="1" sc="286,20,204,-20,250,0,260,0" owari="306,40.6,184,-31.6,250,-15.0,260,6.0" /></mjloggm>