<mjloggm ver="2.3"><GO type="225" lobby="0"/><UN n0="%E6%A1%9C%E8%8A%B1%E9%96%83%E3%80%85" n1="%6D%75%75%73%61%6E%6D%75" n2="%E6%97%A5%E6%9B%9C%E6%97%A5%E3%82%88%E3%82%8A%E3%81%AE%E4%BD%BF%E8%80%85" n3="%E5%A4%9C%E3%81%AE%E3%82%AC%E3%82%B9%E3%83%91%E3%83%BC%E3%83%AB" dan="16,16,16,17" rate="2201.09,2124.72,2089.37,2176.98" sx="M,F,M,M"/><TAIKYOKU oya="0"/><INIT seed="0,0,0,2,5,4" ten="250,250,250,250" oya="0" hai0="121,12,122,97,25,123,13,10,65,89,72,64,33" hai1="8,106,57,119,22,1,128,85,100,36,78,17,69" hai2="62,67,126,50,11,9,104,86,2,109,29,113,118" hai3="73,35,37,54,63,80,129,134,53,0,68,88,58"/><T116/><D72/><U27/><E69/><V71/><F113/><W74/><G35/><T125/><D116/><U26/><E119/><V32/><F118/><W56/><G68/><T103/><D125/><U87/><E36/><V84/><F126/><W46/><G129/><T6/><D89/><U101/><E128/><V124/><F124/><W108/><G108/><T91/><D91/><U75/><E75/><V76/><F109/><W60/><G134/><T102/><D13/><N who="1" m="7335" /><E106/><V20/><F2/><W18/><G0/><T66/><REACH who="0" step="1"/><D97/><REACH who="0" ten="240,250,250,250" step="2"/><U41/><E1/><V31/><F76/><W115/><G115/><T105/><D105/><U90/><E78/><V110/><F104/><W44/><G88/><T99/><D99/><U43/><E85/><V92/><F86/><W47/><G80/><T79/><D79/><U55/><E90/><V28/><F110/><W96/><G96/><T39/><D39/><U49/><E87/><V133/><F84/><W135/><G37/><T94/><D94/><U45/><E100/><V127/><F92/><W82/><G82/><T21/><D21/><U38/><E101/><V51/><F127/><W40/><G135/><T15/><D15/><U16/><E38/><V107/><F107/><W70/><G74/><T98/><D98/><U3/><E3/><V117/><F117/><W5/><G73/><T61/><D61/><N who="1" m="36031" /><E27/><N who="2" m="18463" /><F133/><W7/><G63/><T111/><D111/><U112/><E112/><V48/><F20/><W30/><G60/><T81/><D81/><U83/><E83/><V114/><F114/><W24/><G24/><T131/><D131/><RYUUKYOKU ba="0,1" sc="240,10,250,10,250,10,250,-30" hai0="6,10,12,25,33,64,65,66,102,103,121,122,123" hai1="16,22,26,41,43,45,49" hai2="9,11,29,31,48,50,51,62,67,71" /><INIT seed="0,1,1,2,1,57" ten="250,260,260,220" oya="0" hai0="51,108,60,40,13,20,34,3,17,75,86,21,133" hai1="37,91,35,127,41,103,53,74,18,50,107,11,36" hai2="78,59,33,67,47,46,112,73,27,69,5,96,83" hai3="104,31,88,66,106,39,99,118,15,120,94,97,102"/><T6/><D75/><U124/><E35/><V49/><F112/><W68/><G118/><T111/><D34/><U1/><E74/><V32/><F5/><W8/><G39/><T22/><D86/><U87/><E103/><V26/><F69/><W93/><G120/><T82/><D82/><N who="1" m="49655" /><E107/><V24/><F96/><W63/><REACH who="3" step="1"/><G31/><REACH who="3" ten="250,260,260,210" step="2"/><T55/><D133/><U129/><E37/><V56/><F46/><W54/><G54/><T125/><D40/><U135/><E41/><V105/><F47/><W79/><G79/><T28/><D28/><U130/><E36/><V77/><F78/><W23/><G23/><T101/><D22/><U76/><E135/><V52/><REACH who="2" step="1"/><F105/><REACH who="2" ten="250,260,250,210" step="2"/><W58/><G58/><T25/><D111/><U16/><E76/><V64/><F64/><W7/><AGARI ba="1,3" hai="7,8,15,63,66,68,88,93,94,97,99,102,104,106" machi="7" ten="20,8000,1" yaku="1,1,0,1,7,1,52,1,54,1,53,0" doraHai="57" doraHaiUra="117" who="3" fromWho="3" sc="250,-41,260,-21,250,-21,210,113" /><INIT seed="1,0,0,5,5,85" ten="209,239,229,323" oya="1" hai0="2,93,19,124,65,114,23,78,120,52,131,56,129" hai1="130,62,12,101,53,16,107,112,118,45,92,116,96" hai2="88,43,103,34,71,87,72,100,27,94,104,7,25" hai3="20,36,125,128,5,42,26,68,0,48,134,69,29"/><U109/><E112/><V51/><F71/><W37/><G125/><T60/><D114/><U127/><E127/><V61/><F72/><W30/><G128/><N who="0" m="49227" /><D124/><U32/><E130/><V6/><F61/><W132/><G30/><T115/><D115/><U58/><E32/><V10/><F104/><W105/><G105/><T3/><D120/><U13/><E109/><V123/><F123/><W66/><G5/><N who="2" m="1545" /><F10/><W135/><G0/><N who="0" m="43" /><D78/><U44/><E13/><V95/><F34/><W89/><G66/><T86/><D86/><U64/><E107/><V54/><F43/><W18/><G29/><T77/><D93/><U46/><REACH who="1" step="1"/><E64/><REACH who="1" ten="209,229,229,323" step="2"/><V40/><F40/><W59/><G42/><T106/><D106/><U126/><E126/><V99/><F103/><W4/><G134/><T33/><D33/><U91/><E91/><N who="2" m="53631" /><F100/><W41/><G89/><T50/><D77/><U75/><E75/><V17/><F17/><W102/><G102/><T47/><D19/><U9/><AGARI ba="0,1" hai="9,12,16,44,45,46,53,58,62,92,96,101,116,118" machi="9" ten="30,6000,0" yaku="1,1,0,1,54,1,53,0" doraHai="85" doraHaiUra="81" who="1" fromWho="1" sc="209,-20,229,70,229,-20,323,-20" /><INIT seed="1,1,0,0,5,86" ten="189,299,209,303" oya="1" hai0="56,98,0,91,132,5,101,88,64,57,82,24,42" hai1="116,85,8,51,127,96,103,99,128,41,109,67,48" hai2="53,27,15,47,131,120,23,92,26,54,134,10,49" hai3="38,105,69,135,122,72,104,97,14,78,20,50,19"/><U39/><E116/><V4/><F120/><W87/><G38/><T33/><D42/><U79/><E39/><V35/><F131/><W118/><G72/><T89/><D132/><U114/><E114/><V80/><F134/><W77/><G135/><T55/><D0/><U61/><E128/><V40/><F35/><W70/><G122/><T3/><D3/><U129/><E129/><V2/><F2/><W37/><G37/><T58/><D5/><U74/><E74/><V111/><F111/><W16/><G50/><T73/><D64/><U25/><E127/><V75/><F92/><W17/><G17/><T93/><D55/><U45/><E109/><V52/><REACH who="2" step="1"/><F23/><REACH who="2" ten="189,299,199,303" step="2"/><W60/><G20/><T94/><D33/><U106/><E106/><V81/><F81/><W90/><G105/><T31/><D31/><U44/><E25/><V124/><F124/><W12/><G104/><T102/><D24/><U76/><E103/><V95/><F95/><W13/><G118/><T7/><D7/><U115/><E115/><V100/><F100/><W123/><G123/><T46/><D101/><U71/><E41/><V36/><F36/><W107/><G107/><T126/><D126/><U66/><E71/><V1/><F1/><W30/><G30/><T21/><D21/><U117/><E117/><V83/><F83/><W32/><G32/><T34/><D34/><U110/><E110/><V62/><F62/><W108/><G108/><T28/><D28/><U119/><E119/><V121/><F121/><W22/><G70/><T84/><D94/><U59/><E61/><V130/><F130/><RYUUKYOKU ba="1,1" sc="189,-10,299,-10,199,30,303,-10" hai2="4,10,15,26,27,40,47,49,52,53,54,75,80" /><INIT seed="2,2,1,0,5,120" ten="179,289,229,293" oya="2" hai0="38,89,91,16,31,123,108,34,37,40,100,90,19" hai1="30,125,70,96,7,119,3,133,106,129,83,10,53" hai2="87,2,56,122,128,22,81,127,102,52,8,23,134" hai3="1,80,126,86,92,132,45,32,111,24,112,93,72"/><V117/><F122/><W18/><G72/><T21/><D123/><U27/><E119/><V121/><F121/><W68/><G1/><T12/><D108/><U110/><E53/><V116/><F116/><W118/><G118/><T6/><D100/><N who="1" m="62727" /><E83/><V75/><F75/><W71/><G111/><T130/><D130/><U124/><E110/><V79/><F117/><W66/><G126/><N who="1" m="48746" /><E129/><V67/><F128/><W115/><G132/><T61/><D6/><U85/><E85/><V47/><F127/><W20/><G32/><T63/><D19/><U98/><E98/><V28/><F134/><W17/><G45/><T113/><D113/><N who="3" m="43593" /><G18/><T0/><D0/><U97/><E97/><V105/><F47/><W43/><G43/><T46/><REACH who="0" step="1"/><D37/><REACH who="0" ten="169,289,229,293" step="2"/><U77/><E133/><V50/><F2/><W35/><G17/><T36/><D36/><U49/><E7/><V41/><F102/><W13/><G13/><T26/><AGARI ba="2,2" hai="12,16,21,26,31,34,38,40,46,61,63,89,90,91" machi="26" ten="30,4000,0" yaku="1,1,0,1,54,1,53,0" doraHai="120" doraHaiUra="62" who="0" fromWho="0" sc="169,66,289,-12,229,-22,293,-12" /><INIT seed="3,0,0,5,2,113" ten="235,277,207,281" oya="3" hai0="12,47,62,21,15,16,116,83,129,28,120,19,27" hai1="26,2,63,56,110,17,72,4,44,20,104,85,121" hai2="135,132,100,73,106,97,71,29,3,93,117,54,109" hai3="87,24,52,79,101,134,14,128,108,42,39,30,77"/><W107/><G128/><T102/><D129/><U31/><E72/><V64/><F3/><W34/><G134/><N who="2" m="51241" /><F109/><W43/><G108/><T55/><D120/><U8/><E110/><V91/><F73/><W81/><G79/><T61/><D102/><U37/><E121/><V96/><F29/><W82/><G39/><T111/><D111/><U105/><E85/><V65/><F71/><W66/><G66/><N who="2" m="25705" /><F54/><W33/><G33/><T95/><D55/><U50/><E37/><V36/><F36/><W0/><G0/><T57/><D57/><U133/><E133/><V88/><F91/><W115/><G115/><T13/><D47/><U32/><E63/><V18/><F18/><W51/><G82/><T112/><D83/><U6/><E6/><V45/><F45/><W119/><G119/><AGARI ba="0,0" hai="88,93,96,97,100,106,117,119" m="25705,51241" machi="119" ten="30,7700,0" yaku="20,1,52,2,54,1" doraHai="113" who="2" fromWho="3" sc="235,0,277,0,207,77,281,-77" /><INIT seed="4,0,0,5,5,97" ten="235,277,284,204" oya="0" hai0="131,88,100,86,110,25,34,68,129,64,29,38,120" hai1="87,102,17,1,57,9,107,5,114,92,135,91,24" hai2="112,90,12,16,108,10,101,116,35,7,39,111,32" hai3="44,14,122,99,47,130,13,80,71,27,105,115,82"/><T113/><D120/><U121/><E121/><V49/><F39/><W128/><G122/><T89/><D38/><U93/><E135/><V53/><F101/><N who="3" m="62655" /><G71/><T22/><D113/><U79/><E79/><V50/><F112/><W63/><G115/><T2/><D2/><U42/><E114/><V76/><F76/><W77/><G63/><N who="0" m="39967" /><D110/><U81/><E42/><V117/><F90/><W78/><G27/><T30/><D30/><U109/><E57/><N who="2" m="32943" /><F50/><W45/><G78/><T21/><D100/><U106/><E109/><N who="2" m="42059" /><F7/><W98/><G98/><T23/><D86/><U31/><E17/><V84/><F84/><N who="3" m="48143" /><G82/><T6/><D6/><U83/><E83/><V4/><F4/><W48/><G48/><T134/><D134/><U28/><E28/><V41/><F41/><W46/><N who="3" m="11264" /><DORA hai="69" /><W73/><G73/><T75/><D75/><U19/><E19/><V0/><F0/><W3/><G3/><T67/><D67/><U54/><E102/><V132/><F132/><W66/><G66/><T60/><D60/><U94/><REACH who="1" step="1"/><E54/><REACH who="1" ten="235,267,284,204" step="2"/><V123/><F123/><W18/><G18/><T133/><D133/><U26/><E26/><V40/><F40/><W126/><G126/><T11/><D89/><U125/><E125/><V72/><F72/><W37/><G37/><T65/><D88/><U104/><E104/><V61/><F61/><W15/><G130/><N who="0" m="49675" /><D65/><U56/><E56/><V119/><AGARI ba="0,1" hai="10,12,16,32,35,116,117,119" m="42059,32943" machi="119" ten="40,2700,0" yaku="12,1,54,1" doraHai="97,69" who="2" fromWho="2" sc="235,-13,267,-7,284,37,204,-7" owari="222,-17.8,260,6.0,321,42.1,197,-30.3" /></mjloggm>