<mjloggm ver="2.3"><GO type="225" lobby="0"/><UN n0="%E9%B3%B3%E6%9D%B1%E3%81%AE%E3%81%86%E3%81%95%E3%81%8E%E3%81%95%E3%82%93" n1="%48%61%61%61%6C%61%6E%64" n2="%54%4F%52" n3="%E3%83%AB%E3%83%9B%E3%83%B3%E3%83%87%E3%82%A3%E3%82%A8" dan="16,17,17,16" rate="2130.86,2166.91,2255.64,2143.72" sx="M,M,M,M"/><TAIKYOKU oya="0"/><INIT seed="0,0,0,2,3,5" ten="250,250,250,250" oya="0" hai0="101,23,72,37,64,43,4,116,54,16,80,115,135" hai1="134,51,133,57,29,92,106,14,25,65,31,99,97" hai2="61,66,39,49,1,124,109,53,95,26,132,117,24" hai3="62,67,105,123,96,79,120,58,127,19,40,126,20"/><T89/><D115/><U44/><E106/><V110/><F1/><W12/><G79/><T48/><D116/><U32/><E31/><V118/><F39/><W68/><G40/><T3/><D64/><U55/><E14/><V77/><F77/><W18/><G105/><T52/><D135/><N who="1" m="51723" /><E92/><V121/><F121/><N who="3" m="46667" /><G96/><N who="1" m="36938" /><E65/><V27/><F95/><W73/><G73/><T0/><D101/><U56/><AGARI ba="0,0" hai="25,29,32,44,51,55,56,57" m="36938,51723" machi="56" ten="30,1100,0" yaku="20,1" doraHai="5" who="1" fromWho="1" sc="250,-5,250,11,250,-3,250,-3" /><INIT seed="1,0,0,2,5,35" ten="245,261,247,247" oya="1" hai0="121,30,102,127,65,93,126,82,13,52,80,64,74" hai1="110,27,46,128,76,10,23,73,94,39,78,135,132" hai2="5,86,49,17,42,1,38,88,109,113,12,16,104" hai3="122,61,117,48,7,50,6,20,107,47,84,18,129"/><U103/><E128/><V62/><F38/><W59/><G107/><T54/><D30/><U29/><E110/><V69/><F104/><W58/><G122/><T4/><D121/><U87/><E73/><V53/><F109/><W57/><G61/><T25/><D25/><U37/><E10/><N who="2" m="4175" /><F1/><W96/><G117/><T120/><D120/><U118/><E118/><V24/><F69/><W0/><G0/><T134/><D134/><N who="1" m="51243" /><E87/><V68/><F68/><W45/><G96/><N who="0" m="59663" /><D74/><U55/><E55/><N who="0" m="21033" /><D13/><U9/><E39/><V41/><F113/><W111/><G111/><T112/><D4/><N who="3" m="1577" /><G84/><T123/><D112/><U108/><E9/><V98/><F98/><W124/><G129/><T63/><D123/><U81/><E108/><V11/><F11/><W100/><G100/><T34/><D34/><U36/><E36/><V40/><F62/><W51/><G124/><N who="0" m="47659" /><D63/><U106/><E106/><V8/><F24/><AGARI ba="0,0" hai="18,20,24,45,47,48,50,51,57,58,59" m="1577" machi="24" ten="30,1000,0" yaku="8,1" doraHai="35" who="3" fromWho="2" sc="245,0,261,0,247,-10,247,10" /><INIT seed="2,0,0,0,5,36" ten="245,261,237,257" oya="2" hai0="2,80,112,71,83,127,0,90,19,6,13,30,106" hai1="41,56,4,94,60,96,81,86,79,35,124,97,50" hai2="77,8,110,130,32,91,9,74,84,58,116,18,107" hai3="126,22,15,72,48,64,10,131,135,34,102,113,122"/><V63/><F116/><W25/><G72/><T89/><D112/><U85/><E35/><V7/><F130/><W119/><G48/><T121/><D121/><U93/><E124/><V51/><F107/><W17/><G64/><T21/><D71/><U52/><E4/><V101/><F101/><W39/><G102/><T1/><D106/><U57/><E41/><V44/><F32/><W24/><G39/><T109/><D127/><U59/><E85/><V128/><F128/><W103/><G103/><T37/><D109/><U65/><REACH who="1" step="1"/><E57/><REACH who="1" ten="245,251,237,257" step="2"/><V69/><F69/><W123/><G126/><T62/><D6/><U33/><E33/><V40/><F110/><W42/><G42/><T49/><D0/><U45/><E45/><V92/><F7/><W16/><G131/><T88/><D1/><U47/><E47/><V68/><F68/><W46/><G46/><T104/><D2/><U23/><E23/><V129/><F129/><W95/><G34/><T29/><D21/><U70/><E70/><V61/><F58/><W133/><G22/><T120/><D120/><U28/><E28/><V5/><F9/><W132/><G122/><T66/><D29/><U125/><E125/><V99/><F18/><W53/><G123/><T105/><D30/><U98/><AGARI ba="0,1" hai="50,52,56,59,60,65,79,81,86,93,94,96,97,98" machi="98" ten="30,7900,0" yaku="1,1,0,1,8,1,54,1,53,0" doraHai="36" doraHaiUra="43" who="1" fromWho="1" sc="245,-20,251,89,237,-39,257,-20" /><INIT seed="3,0,0,3,2,34" ten="225,340,198,237" oya="3" hai0="75,124,74,53,23,0,25,117,18,60,32,9,47" hai1="29,67,97,120,109,30,112,14,82,17,50,65,56" hai2="55,11,12,126,5,99,26,91,19,88,54,62,22" hai3="43,93,36,31,125,118,108,116,46,16,94,63,103"/><W21/><G125/><T98/><D117/><U100/><E120/><V69/><F126/><W61/><G108/><T135/><D124/><U51/><E112/><V110/><F110/><W104/><G104/><T35/><D35/><U39/><E39/><V10/><F69/><W49/><G36/><T57/><D135/><U85/><E109/><V70/><F70/><W4/><G4/><T114/><D114/><U44/><E97/><V121/><F121/><W105/><G105/><T107/><D32/><U113/><E100/><V71/><F71/><W119/><G31/><N who="1" m="11786" /><E56/><V13/><F62/><W72/><G72/><T38/><D98/><U20/><E113/><V80/><F80/><W37/><G37/><T133/><D107/><U92/><E92/><V129/><F129/><W122/><G122/><T64/><D133/><U132/><E50/><V24/><F24/><W134/><G134/><T83/><D83/><U33/><E33/><V1/><F1/><W127/><G127/><T8/><D0/><U131/><E131/><V3/><F3/><W28/><G28/><T102/><D102/><U68/><E68/><V128/><F128/><W111/><G111/><T59/><D75/><U96/><E96/><V84/><F99/><N who="3" m="59887" /><G94/><T101/><D74/><U42/><E132/><V52/><F84/><W27/><G61/><N who="0" m="37951" /><D101/><U123/><E123/><V66/><F66/><W78/><G78/><AGARI ba="0,0" hai="14,17,20,42,44,51,65,67,78,82,85" m="11786" machi="78" ten="30,1000,0" yaku="8,1" doraHai="34" who="1" fromWho="3" sc="225,0,340,10,198,0,237,-10" owari="225,-17.5,350,45.0,198,-30.2,227,2.7" /></mjloggm>