<mjloggm ver="2.3"><GO type="225" lobby="0"/><UN n0="%77%72%77%72%77%72%77%72" n1="%E3%81%AF%E3%82%88%E3%81%8A%E3%81%98%E3%81%95%E3%82%93" n2="%E3%81%A9%E3%82%8F%E3%82%93%E3%81%94" n3="%E8%BE%9B%E5%8F%A3%E3%82%AB%E3%83%AC%E3%83%BC%E3%83%A9%E3%82%A4%E3%82%B9" dan="17,17,16,17" rate="2240.94,2158.64,2075.90,2206.82" sx="M,M,M,M"/><TAIKYOKU oya="0"/><INIT seed="0,0,0,0,0,31" ten="250,250,250,250" oya="0" hai0="131,106,117,55,29,114,10,92,104,27,80,75,116" hai1="3,25,83,79,67,12,49,135,124,134,51,113,42" hai2="40,45,90,52,130,99,118,129,105,43,2,33,103" hai3="127,18,101,98,63,89,119,24,48,0,94,125,26"/><T73/><D114/><U22/><E3/><V78/><F2/><W30/><G119/><T85/><D55/><U76/><E113/><V1/><F1/><W34/><G0/><T56/><D56/><U6/><E67/><V59/><F78/><W38/><G38/><T87/><D10/><N who="1" m="4183" /><E124/><N who="3" m="47690" /><G63/><T53/><D53/><U108/><E108/><V132/><F132/><N who="1" m="50729" /><E42/><V36/><F118/><N who="0" m="45674" /><D29/><N who="1" m="17591" /><E79/><V65/><F65/><W50/><G101/><T41/><D27/><U96/><E96/><V54/><F43/><W62/><G62/><T66/><D41/><U112/><E112/><V107/><F40/><W133/><G133/><T126/><D66/><U86/><AGARI ba="0,0" hai="49,51,76,83,86" m="17591,50729,4183" machi="86" ten="30,1100,0" yaku="20,1" doraHai="31" who="1" fromWho="1" sc="250,-5,250,11,250,-3,250,-3" /><INIT seed="1,0,0,5,2,79" ten="245,261,247,247" oya="1" hai0="119,19,86,117,131,27,57,7,48,134,64,54,78" hai1="63,25,122,69,9,67,83,72,6,103,135,112,23" hai2="35,132,12,115,99,114,130,74,29,34,96,127,100" hai3="44,42,84,93,102,123,121,128,68,16,58,59,53"/><U45/><E112/><N who="2" m="43051" /><F74/><W55/><G68/><T73/><D73/><U49/><E122/><V36/><F36/><W90/><G128/><T110/><D131/><U85/><E135/><V97/><F130/><W41/><G102/><T33/><D134/><U77/><E103/><V108/><F132/><W113/><G113/><T94/><D110/><U37/><E37/><V120/><F120/><W60/><G121/><T31/><D7/><U106/><E106/><V11/><F108/><W133/><G133/><T92/><D64/><U50/><E72/><V62/><F62/><W104/><G104/><T124/><D124/><U88/><E77/><V0/><F0/><W52/><G123/><T30/><D30/><U126/><E126/><V101/><F127/><W24/><G44/><T95/><REACH who="0" step="1"/><D19/><REACH who="0" ten="235,261,247,247" step="2"/><U51/><E67/><V17/><F29/><W10/><G16/><T5/><D5/><U2/><E69/><V40/><F35/><W98/><G58/><T70/><D70/><U76/><E45/><V20/><F34/><W38/><G59/><T89/><D89/><U111/><E111/><V75/><F75/><W105/><G90/><T26/><D26/><U125/><E125/><V39/><F101/><W116/><G24/><T87/><D87/><U91/><REACH who="1" step="1"/><E63/><REACH who="1" ten="235,251,247,247" step="2"/><V18/><F100/><W107/><G60/><T28/><D28/><AGARI ba="0,2" hai="2,6,9,23,25,28,49,50,51,76,83,85,88,91" machi="28" ten="40,12000,1" yaku="1,1,2,1,52,1,54,1,53,1" doraHai="79" doraHaiUra="21" who="1" fromWho="0" sc="235,-120,251,140,247,0,247,0" /><INIT seed="1,1,0,0,5,104" ten="115,391,247,247" oya="1" hai0="91,51,65,55,20,94,89,129,97,44,11,69,118" hai1="52,33,41,24,77,95,131,122,96,72,15,12,87" hai2="80,70,93,120,76,109,119,49,13,98,25,18,100" hai3="116,37,108,28,27,63,110,71,57,126,10,7,112"/><U4/><E122/><V64/><F109/><N who="3" m="42091" /><G112/><T56/><D129/><U58/><E131/><V32/><F119/><W53/><G116/><T111/><D111/><U74/><E41/><V30/><F120/><W35/><G126/><T79/><D118/><U45/><E45/><V3/><F3/><N who="3" m="383" /><G71/><T62/><D79/><U123/><E123/><V68/><F64/><W29/><G29/><T2/><D2/><U125/><E125/><V21/><REACH who="2" step="1"/><F49/><REACH who="2" ten="115,391,237,247" step="2"/><W19/><G19/><T86/><D11/><U47/><E4/><V90/><F90/><W17/><G17/><T0/><D0/><U43/><E77/><V23/><F23/><W22/><G37/><T117/><D117/><U85/><E33/><AGARI ba="1,1" hai="22,27,28,33,35,53,57,63" m="383,42091" machi="33" ten="30,1000,0" yaku="14,1" doraHai="104" who="3" fromWho="1" sc="115,0,391,-13,237,0,247,23" /><INIT seed="2,0,0,4,2,125" ten="115,378,237,270" oya="2" hai0="17,59,39,135,86,131,67,73,84,91,22,82,130" hai1="7,115,122,52,27,80,111,57,25,83,2,90,6" hai2="134,21,62,40,77,113,29,38,12,56,20,72,93" hai3="41,36,89,16,126,81,100,47,110,43,3,108,74"/><V65/><F113/><W4/><G126/><T61/><D39/><U35/><E115/><V75/><F134/><W95/><G43/><T112/><D112/><U97/><E111/><V9/><F77/><N who="3" m="44215" /><G100/><T109/><D109/><N who="3" m="42089" /><G16/><T88/><D73/><U45/><E122/><V129/><F40/><W30/><G30/><T79/><D135/><U19/><E45/><V54/><F38/><W76/><G76/><T69/><D69/><U28/><E2/><V48/><F93/><W94/><G89/><T10/><D10/><AGARI ba="0,0" hai="3,4,10,36,41,47,94,95" m="42089,44215" machi="10" ten="30,2000,0" yaku="25,1,14,1" doraHai="125" who="3" fromWho="0" sc="115,-20,378,0,237,0,270,20" /><INIT seed="3,0,0,4,5,81" ten="95,378,237,290" oya="3" hai0="126,41,46,89,21,127,31,132,5,8,25,135,120" hai1="105,43,52,7,98,11,34,45,106,59,17,77,91" hai2="133,2,72,19,108,54,129,113,122,65,16,70,119" hai3="15,63,49,80,37,107,116,93,61,39,95,32,58"/><W50/><G107/><T27/><D89/><U67/><E34/><V102/><RYUUKYOKU type="yao9" ba="0,0" sc="95,0,378,0,237,0,290,0" hai2="2,16,19,54,65,70,72,102,108,113,119,122,129,133" /><INIT seed="3,1,0,1,2,134" ten="95,378,237,290" oya="3" hai0="17,51,80,118,128,31,27,74,25,129,21,131,83" hai1="53,105,19,85,120,3,62,7,47,107,48,76,30" hai2="38,61,113,111,101,104,11,55,45,4,60,32,108" hai3="46,132,6,99,13,12,73,98,100,90,130,33,84"/><W39/><G73/><T50/><D74/><U86/><E120/><V42/><F113/><W0/><G33/><T24/><D118/><U23/><E30/><V119/><F119/><W69/><G69/><T8/><D8/><U67/><E3/><V115/><F115/><W125/><G132/><T70/><D70/><U1/><E1/><V93/><F93/><W110/><G130/><T68/><D68/><U29/><E7/><V49/><F32/><W96/><G100/><T127/><D31/><U20/><E105/><V133/><F101/><W5/><G110/><N who="2" m="42025" /><F104/><W112/><G112/><T135/><D135/><U117/><E76/><V75/><F11/><W18/><G0/><T106/><D106/><U122/><E62/><N who="2" m="24171" /><F4/><W34/><G34/><T78/><D78/><U116/><E67/><V91/><F91/><W114/><G114/><T103/><D103/><U26/><E107/><V81/><F81/><W72/><G5/><T57/><D57/><U95/><E122/><V88/><F88/><W65/><G6/><T121/><D121/><U58/><E58/><N who="2" m="33135" /><F75/><W126/><G72/><T92/><D92/><U44/><E95/><V37/><F133/><W97/><G65/><T123/><D123/><U9/><E9/><V52/><F42/><N who="3" m="22879" /><G99/><T82/><REACH who="0" step="1"/><D127/><REACH who="0" ten="85,378,237,290" step="2"/><N who="3" m="48649" /><G18/><T40/><D40/><N who="1" m="24583" /><E117/><V59/><F59/><W124/><G124/><T36/><D36/><U102/><E116/><V66/><F66/><W2/><G2/><T43/><D43/><U16/><E102/><V89/><F89/><W87/><G90/><T15/><AGARI ba="1,1" hai="15,17,21,24,25,27,50,51,80,82,83,128,129,131" machi="15" ten="40,8000,1" yaku="1,1,0,1,29,2,19,1,53,0" doraHai="134" doraHaiUra="35" who="0" fromWho="0" sc="85,93,378,-21,237,-21,290,-41" owari="178,-32.2,357,45.7,216,-18.4,249,4.9" /></mjloggm>