<mjloggm ver="2.3"><GO type="225" lobby="0"/><UN n0="%E5%B7%9D%E7%80%AC%E6%99%BA%E5%AD%90" n1="%E3%82%BC%E3%83%AB%E3%83%80%E3%81%AE%E4%BC%9D%E8%AA%AC" n2="%E7%B4%94%E6%BD%94%E3%83%94%E3%83%A9%E3%83%8B%E3%82%A2" n3="%53%61%63%68%69%30%34" dan="16,16,17,16" rate="2038.11,2183.66,2200.94,2075.57" sx="M,M,M,M"/><TAIKYOKU oya="0"/><INIT seed="0,0,0,5,2,20" ten="250,250,250,250" oya="0" hai0="125,103,18,82,130,131,49,69,80,62,135,110,92" hai1="45,121,43,56,123,52,68,120,87,115,97,55,78" hai2="93,29,15,72,33,50,54,26,109,27,42,101,119" hai3="133,83,11,98,108,96,34,73,76,51,128,12,28"/><T8/><D135/><U111/><E111/><V112/><BYE who="1" /><F109/><W19/><G108/><T39/><D39/><U66/><E66/><V1/><F1/><UN n1="%E3%82%BC%E3%83%AB%E3%83%80%E3%81%AE%E4%BC%9D%E8%AA%AC" /><W0/><G133/><T23/><D110/><U40/><E97/><V17/><F112/><W102/><G128/><N who="0" m="49195" /><D8/><U59/><E87/><V2/><F2/><W46/><G0/><T77/><D125/><U90/><E90/><V127/><F72/><W74/><G74/><T104/><D104/><U114/><E78/><V99/><F127/><W41/><REACH who="3" step="1"/><G102/><REACH who="3" ten="250,250,250,240" step="2"/><T70/><D103/><U117/><E117/><V126/><F119/><W132/><G132/><T71/><D70/><U94/><E68/><V44/><F126/><W129/><G129/><T32/><D71/><U6/><E120/><V10/><REACH who="2" step="1"/><F27/><AGARI ba="0,1" hai="11,12,19,27,28,34,41,46,51,73,76,83,96,98" machi="27" ten="40,2600,0" yaku="1,1,52,1,53,0" doraHai="20" doraHaiUra="65" who="3" fromWho="2" sc="250,0,250,0,250,-26,240,36" /><INIT seed="1,0,0,5,4,79" ten="250,250,224,276" oya="1" hai0="59,133,95,102,63,117,87,19,73,120,55,23,135" hai1="65,89,127,111,47,26,50,24,74,68,72,122,118" hai2="43,84,58,52,33,28,106,6,94,31,98,105,76" hai3="131,34,67,18,53,12,103,7,129,46,124,78,1"/><U13/><E118/><V116/><F116/><W110/><G110/><T70/><D117/><U15/><E122/><V39/><F33/><W86/><G34/><T107/><D73/><U25/><E111/><V64/><F64/><W27/><G124/><T21/><D120/><U71/><E127/><V62/><F106/><W17/><G103/><T134/><D70/><U16/><E13/><V14/><F105/><W69/><G1/><T54/><D107/><U99/><E99/><V4/><F43/><W11/><G67/><T45/><D19/><U41/><E89/><V22/><F39/><W96/><G96/><N who="0" m="59679" /><D87/><U30/><E30/><N who="2" m="11307" /><F22/><W2/><G69/><T29/><D29/><U61/><REACH who="1" step="1"/><E68/><REACH who="1" ten="250,240,224,276" step="2"/><V66/><F14/><W92/><G12/><T125/><D125/><U113/><E113/><V8/><F8/><AGARI ba="0,1" hai="8,15,16,24,25,26,41,47,50,61,65,71,72,74" machi="8" ten="40,7700,0" yaku="1,1,54,1,53,1" doraHai="79" doraHaiUra="56" who="1" fromWho="2" sc="250,0,240,87,224,-77,276,0" /><INIT seed="1,1,0,4,4,54" ten="250,327,147,276" oya="1" hai0="3,40,104,48,97,63,62,111,113,106,64,13,57" hai1="112,21,67,123,109,15,130,7,133,10,27,94,33" hai2="72,41,60,14,78,124,42,4,30,20,50,93,75" hai3="90,110,88,100,79,85,43,51,53,107,132,17,128"/><U44/><E112/><V129/><F124/><W105/><G110/><T59/><D3/><U47/><E123/><V61/><F129/><W66/><G128/><T58/><D113/><U135/><E130/><V101/><F78/><W29/><G43/><T86/><D111/><U25/><E109/><V83/><F83/><W35/><G66/><T38/><D38/><U122/><E122/><V23/><F75/><W91/><G132/><N who="1" m="50762" /><E67/><V99/><F72/><W5/><G5/><T49/><D86/><U37/><E37/><V18/><F4/><W26/><G17/><T76/><D76/><U126/><E94/><V12/><F14/><W121/><G121/><T65/><D13/><U120/><E120/><V45/><REACH who="2" step="1"/><F42/><REACH who="2" ten="250,327,137,276" step="2"/><W68/><G79/><T116/><D40/><U71/><E126/><V119/><F119/><W127/><G127/><T77/><D116/><U134/><E134/><V28/><F28/><W80/><G29/><T98/><D77/><U24/><E15/><V118/><F118/><W11/><G26/><AGARI ba="1,1" hai="12,18,20,23,26,30,41,45,50,60,61,93,99,101" machi="26" ten="40,2600,0" yaku="1,1,8,1,53,0" doraHai="54" doraHaiUra="52" who="2" fromWho="3" sc="250,0,327,0,137,39,276,-29" /><INIT seed="2,0,0,0,1,117" ten="250,327,176,247" oya="2" hai0="134,98,16,78,116,14,97,108,13,76,77,131,135" hai1="35,31,65,86,22,82,60,111,87,3,103,18,1" hai2="115,11,75,113,99,58,132,5,80,66,34,21,10" hai3="2,42,90,92,55,8,20,38,39,59,46,101,102"/><V57/><F34/><W61/><G39/><T15/><D116/><U37/><E37/><V118/><F118/><W122/><G122/><T69/><D69/><U48/><E111/><V83/><F99/><N who="0" m="37898" /><D108/><U28/><E103/><V95/><F95/><W84/><REACH who="3" step="1"/><G20/><REACH who="3" ten="250,327,176,237" step="2"/><N who="0" m="11279" /><D131/><U100/><E22/><V56/><F21/><W7/><AGARI ba="0,1" hai="2,7,8,38,42,46,55,59,61,84,90,92,101,102" machi="7" ten="30,2000,0" yaku="1,1,0,1,53,0" doraHai="117" doraHaiUra="120" who="3" fromWho="3" sc="250,-5,327,-5,176,-10,237,30" /><INIT seed="3,0,0,0,0,95" ten="245,322,166,267" oya="3" hai0="42,13,108,36,76,45,84,57,29,131,75,113,25" hai1="17,18,31,116,52,115,35,56,81,99,27,100,74" hai2="130,5,125,67,132,2,49,38,85,11,123,16,112" hai3="117,119,21,114,93,127,39,90,47,91,83,61,110"/><W68/><G114/><T89/><D113/><U23/><E115/><V46/><F112/><RYUUKYOKU type="kaze4" ba="0,0" sc="245,0,322,0,166,0,267,0" /><INIT seed="3,1,0,0,0,40" ten="245,322,166,267" oya="3" hai0="5,48,8,127,72,3,63,22,75,118,115,84,124" hai1="13,132,105,43,68,103,11,27,15,51,81,6,80" hai2="34,113,116,90,104,134,125,88,46,101,30,59,111" hai3="53,42,35,50,94,85,83,92,106,74,95,135,38"/><W102/><G35/><T25/><D118/><U97/><E68/><V65/><F116/><W36/><G135/><T9/><D115/><U57/><E132/><V10/><F134/><W26/><G74/><T119/><D119/><U128/><E128/><V117/><F117/><W98/><G26/><T58/><D8/><U39/><E15/><V112/><F111/><W16/><G16/><N who="0" m="12487" /><D84/><U45/><E27/><V60/><F125/><N who="0" m="48202" /><D48/><U121/><E121/><V23/><F34/><W96/><G42/><T109/><D109/><U67/><E51/><V69/><F69/><W126/><G98/><T0/><D0/><U28/><E28/><V107/><F107/><W32/><G32/><T76/><D76/><U130/><E130/><V70/><F70/><W20/><G20/><T99/><D99/><U114/><E114/><V78/><F113/><W66/><G66/><AGARI ba="1,0" hai="3,5,9,58,63,66,72,75" m="48202,12487" machi="66" ten="30,2000,0" yaku="18,1,54,1" doraHai="40" who="0" fromWho="3" sc="245,23,322,0,166,0,267,-23" owari="268,6.8,322,42.2,166,-33.4,244,-15.6" /></mjloggm>