<mjloggm ver="2.3"><GO type="225" lobby="0"/><UN n0="%E7%B4%94%E6%BD%94%E3%83%94%E3%83%A9%E3%83%8B%E3%82%A2" n1="%E3%82%B8%E3%83%A3%E3%83%9E%E3%83%BC%E3%83%AB%E3%83%9E%E3%83%AC%E3%83%BC" n2="%E3%83%B4%E3%83%A0%EF%BC%99%E3%81%A6" n3="%53%61%63%68%69%30%34" dan="17,17,17,16" rate="2251.45,2217.79,2208.54,2085.26" sx="M,M,M,M"/><TAIKYOKU oya="0"/><INIT seed="0,0,0,3,3,98" ten="250,250,250,250" oya="0" hai0="4,130,124,86,64,65,52,84,48,81,66,125,108" hai1="95,46,69,31,36,40,17,83,77,110,50,21,1" hai2="78,90,71,45,104,5,93,99,126,127,134,56,16" hai3="67,122,35,26,19,11,97,32,33,128,85,73,59"/><T23/><D130/><U112/><E110/><V49/><F71/><W118/><G73/><T72/><D4/><U105/><E105/><V37/><F134/><W30/><G118/><T94/><D108/><U60/><E1/><V106/><F5/><W44/><G128/><T76/><D23/><U29/><E36/><V42/><F78/><W133/><G133/><T132/><D132/><U117/><E117/><V51/><F51/><W12/><G122/><T63/><D63/><U47/><E47/><V55/><F104/><W62/><G85/><T101/><D72/><U6/><E6/><V14/><REACH who="2" step="1"/><F106/><REACH who="2" ten="250,250,240,250" step="2"/><W13/><G44/><N who="0" m="27655" /><D125/><U123/><E69/><V87/><F87/><W34/><G97/><N who="0" m="59575" /><D86/><U3/><E123/><V88/><F88/><W22/><REACH who="3" step="1"/><G13/><REACH who="3" ten="250,250,240,240" step="2"/><T0/><D124/><U82/><E3/><V38/><F38/><W80/><G80/><N who="0" m="47111" /><D0/><U96/><E83/><AGARI ba="0,2" hai="64,65,66,81,83" m="47111,59575,27655" machi="83" ten="30,5800,0" yaku="8,1,52,1,54,1" doraHai="98" who="0" fromWho="1" sc="250,78,250,-58,240,0,240,0" /><INIT seed="0,1,0,0,5,127" ten="328,192,240,240" oya="0" hai0="114,65,61,95,40,129,91,50,133,108,0,18,14" hai1="5,15,29,84,55,97,17,37,2,70,111,79,11" hai2="104,42,120,90,78,33,92,115,10,110,112,44,74" hai3="67,35,69,72,9,83,76,82,87,27,13,107,122"/><T31/><D0/><U109/><E70/><V64/><F120/><W96/><G122/><T105/><D105/><U1/><E37/><V73/><F104/><W85/><G72/><T28/><D114/><U102/><E29/><V25/><F110/><N who="1" m="41993" /><E55/><V12/><F64/><W51/><G51/><T88/><D133/><U106/><E5/><V66/><F66/><W60/><G35/><T54/><D40/><U26/><E26/><V123/><F123/><W93/><G107/><T16/><D91/><U8/><E8/><V99/><F78/><W98/><G93/><T30/><D108/><U53/><E53/><V117/><F117/><W32/><G27/><T24/><D24/><U126/><E126/><V36/><F112/><W59/><G32/><T134/><D134/><U89/><E79/><V63/><F63/><W22/><G22/><T56/><D14/><U103/><E103/><V80/><F115/><W135/><G69/><T20/><D20/><U6/><E6/><V7/><F33/><W43/><G43/><T116/><D116/><U119/><E119/><V19/><F7/><N who="3" m="3263" /><G135/><T52/><D54/><U45/><E45/><V3/><F3/><W101/><G101/><T131/><D50/><U62/><E62/><V48/><F36/><W77/><AGARI ba="1,0" hai="59,60,67,76,77,82,83,85,87,96,98" m="3263" machi="77" ten="30,1100,0" yaku="8,1" doraHai="127" who="3" fromWho="3" sc="328,-6,192,-4,240,-4,240,14" /><INIT seed="1,0,0,1,4,80" ten="322,188,236,254" oya="1" hai0="41,36,4,13,22,35,117,23,94,2,77,48,121" hai1="57,84,111,133,49,115,0,85,63,25,52,104,54" hai2="81,24,1,98,38,47,108,34,16,95,42,5,15" hai3="53,102,125,45,112,68,127,12,65,100,30,60,64"/><U21/><E115/><V66/><F108/><W7/><G112/><T33/><D36/><U51/><E104/><V17/><F66/><W40/><G30/><T20/><D77/><U103/><E0/><V9/><F81/><W122/><G122/><T86/><D2/><U44/><E111/><V32/><F24/><W119/><G65/><T8/><D117/><U89/><E103/><V31/><F31/><W106/><G53/><T134/><D121/><U105/><E105/><V70/><F70/><W83/><G83/><T76/><D76/><U69/><E133/><V88/><REACH who="2" step="1"/><F17/><REACH who="2" ten="322,188,226,254" step="2"/><W10/><G119/><T130/><D134/><U46/><E69/><V131/><F131/><W132/><G132/><T82/><D82/><U62/><E89/><V3/><F3/><W126/><REACH who="3" step="1"/><G106/><REACH who="3" ten="322,188,226,244" step="2"/><T72/><D130/><U99/><E63/><V11/><AGARI ba="0,2" hai="1,5,9,11,15,16,32,34,38,42,47,88,95,98" machi="11" ten="20,12000,2" yaku="1,1,0,1,7,1,54,2,53,1" doraHai="80" doraHaiUra="39" who="2" fromWho="2" sc="322,-30,188,-60,226,140,244,-30" /><INIT seed="2,0,0,1,3,63" ten="292,128,366,214" oya="2" hai0="10,127,14,26,11,41,65,50,93,108,135,104,37" hai1="99,81,60,36,75,79,72,40,102,97,80,20,86" hai2="56,70,87,33,35,119,68,78,115,125,123,73,15" hai3="113,34,98,71,96,121,82,90,122,30,53,118,23"/><V69/><F115/><W31/><G118/><T13/><D104/><U2/><E2/><V88/><F119/><W9/><G71/><T42/><D37/><U85/><E40/><V16/><F123/><W6/><G34/><T22/><D108/><U89/><E36/><V52/><F78/><W3/><G113/><T19/><D127/><U46/><E46/><V95/><F73/><N who="1" m="28233" /><E60/><V18/><F125/><W134/><G134/><T130/><D135/><U74/><E20/><V129/><F129/><W109/><G109/><T112/><D130/><U28/><E28/><V4/><F4/><W116/><G98/><N who="1" m="37386" /><E74/><V117/><F117/><W62/><G31/><T25/><D112/><U21/><E21/><N who="2" m="11423" /><F18/><W120/><G116/><T91/><D22/><U27/><E27/><V77/><F77/><W17/><G30/><T66/><D50/><AGARI ba="0,0" hai="33,35,50,52,56,68,69,70,87,88,95" m="11423" machi="50" ten="30,11600,0" yaku="25,1,54,3" doraHai="63" who="2" fromWho="0" sc="292,-116,128,0,366,116,214,0" /><INIT seed="2,1,0,1,2,84" ten="176,128,482,214" oya="2" hai0="29,70,54,25,135,22,32,2,76,110,122,128,60" hai1="91,130,106,125,66,73,123,33,9,114,61,17,116" hai2="112,3,16,93,24,27,65,11,98,10,5,95,120" hai3="53,96,77,107,45,6,115,127,129,18,37,85,101"/><V63/><F112/><W56/><G115/><T52/><D122/><U119/><E114/><V108/><F120/><W104/><G6/><T90/><D110/><U28/><E123/><V8/><F108/><W71/><G71/><T81/><D128/><U55/><E73/><V38/><F38/><W121/><G121/><T133/><D2/><U57/><E130/><V118/><F118/><W1/><G1/><T35/><D70/><U42/><E42/><V41/><F41/><W62/><G37/><T124/><D124/><U105/><E125/><V67/><F93/><W74/><G74/><T59/><D54/><U102/><E91/><V31/><F65/><W34/><G34/><T94/><D81/><U75/><E17/><V40/><F40/><W49/><G18/><N who="0" m="12503" /><D76/><U80/><E9/><V69/><F16/><W19/><G19/><T86/><D29/><U83/><E55/><V13/><F3/><W44/><G127/><T23/><D23/><U47/><E47/><V68/><F68/><W58/><G129/><T50/><D50/><U46/><E46/><V111/><F111/><W30/><G107/><T26/><D26/><N who="1" m="18583" /><E106/><V51/><F51/><W89/><G77/><T12/><D12/><U7/><E7/><V20/><F27/><W72/><G72/><T117/><D117/><N who="1" m="45131" /><E75/><V14/><F13/><W21/><G30/><T4/><D4/><U78/><E78/><V126/><F126/><W87/><G21/><T39/><D39/><U134/><E134/><AGARI ba="1,0" hai="32,35,52,59,60,86,90,94,133,134,135" m="12503" machi="134" ten="30,3900,0" yaku="20,1,52,1,54,1" doraHai="84" who="0" fromWho="1" sc="176,42,128,-42,482,0,214,0" /><INIT seed="3,0,0,0,2,126" ten="218,86,482,214" oya="3" hai0="45,135,25,52,64,10,114,46,72,6,132,59,116" hai1="7,17,53,120,24,81,68,133,102,130,66,134,104" hai2="26,108,93,22,16,42,100,79,47,103,61,90,20" hai3="98,107,96,29,88,77,3,131,84,50,14,69,113"/><W92/><G113/><T106/><D116/><U85/><E120/><V91/><F108/><W28/><G3/><T82/><D106/><U44/><E7/><V74/><F74/><W70/><G131/><T30/><D64/><U21/><E104/><V95/><F61/><W65/><G77/><T83/><D114/><U94/><E68/><V36/><F22/><W15/><G50/><T8/><D46/><U57/><E44/><V99/><F79/><W121/><G121/><T1/><D45/><U127/><E127/><V60/><F60/><W39/><G39/><T125/><D10/><U31/><E17/><V78/><F78/><W76/><G76/><T48/><D72/><U109/><E109/><V35/><F35/><W55/><G55/><T80/><REACH who="0" step="1"/><D125/><REACH who="0" ten="208,86,482,214" step="2"/><U87/><E130/><V73/><F73/><W112/><G112/><T19/><D19/><U18/><E18/><V37/><F37/><W4/><G65/><T38/><D38/><U118/><E118/><V0/><F0/><W122/><G122/><T129/><D129/><U9/><E9/><V27/><F27/><W123/><G123/><T119/><D119/><U115/><E115/><V97/><AGARI ba="0,1" hai="16,20,26,36,42,47,90,91,93,95,97,99,100,103" machi="97" ten="20,5200,0" yaku="0,1,7,1,9,1,54,1" doraHai="126" who="2" fromWho="2" sc="208,-13,86,-13,482,62,214,-26" owari="195,-0.5,73,-42.7,544,64.4,188,-21.2" /></mjloggm>