<mjloggm ver="2.3"><GO type="225" lobby="0"/><UN n0="%E3%81%AF%E3%82%88%E3%81%8A%E3%81%98%E3%81%95%E3%82%93" n1="%6D%75%75%6D%75%72%61" n2="%73%6C%69%63%6B%33%31%39" n3="%E3%83%AB%E3%83%9B%E3%83%B3%E3%83%87%E3%82%A3%E3%82%A8" dan="17,16,16,17" rate="2232.71,2078.77,2058.39,2204.23" sx="M,F,M,M"/><TAIKYOKU oya="0"/><INIT seed="0,0,0,3,4,14" ten="250,250,250,250" oya="0" hai0="17,95,96,101,30,74,71,64,19,63,94,109,33" hai1="4,5,51,98,53,100,97,117,111,110,57,135,118" hai2="25,76,6,99,130,75,35,104,73,123,50,88,12" hai3="113,91,131,1,106,24,72,66,84,55,115,32,114"/><T52/><D74/><U102/><E135/><V85/><F123/><W125/><G1/><T61/><D109/><U83/><E83/><V46/><F130/><W28/><G72/><T29/><D95/><U36/><E36/><V82/><F35/><W128/><G106/><N who="0" m="63783" /><D29/><U59/><E51/><V62/><F25/><W34/><G125/><T103/><D94/><U112/><REACH who="1" step="1"/><E53/><REACH who="1" ten="250,240,250,250" step="2"/><V40/><F62/><W20/><G55/><T133/><D133/><U79/><E79/><V65/><F65/><W119/><G119/><T89/><D103/><U18/><E18/><V47/><F50/><W58/><G131/><T45/><D89/><U69/><E69/><V21/><F40/><W60/><REACH who="3" step="1"/><G128/><REACH who="3" ten="250,240,250,240" step="2"/><T134/><D134/><U39/><E39/><V90/><F75/><W54/><G54/><T10/><D52/><U13/><E13/><V122/><F73/><W107/><G107/><T132/><D132/><U108/><E108/><V129/><F129/><W49/><G49/><T48/><D48/><U127/><E127/><V0/><F12/><W11/><G11/><T93/><D10/><U92/><E92/><AGARI ba="0,2" hai="20,24,28,32,34,58,60,66,84,91,92,113,114,115" machi="92" ten="40,1300,0" yaku="1,1,53,0" doraHai="14" doraHaiUra="8" who="3" fromWho="1" sc="250,0,240,-13,250,0,240,33" /><INIT seed="1,0,0,3,2,127" ten="250,227,250,273" oya="1" hai0="67,36,24,20,38,41,37,62,82,13,33,74,29" hai1="124,114,3,4,83,43,34,2,57,125,12,63,134" hai2="77,9,123,103,70,102,113,46,80,130,19,18,87" hai3="16,81,14,69,6,64,60,115,92,53,132,98,72"/><U84/><E114/><V133/><F123/><W39/><G39/><T15/><D41/><U97/><E34/><V10/><F70/><W21/><G115/><T61/><D61/><U107/><E134/><V27/><F113/><W55/><G132/><T32/><D32/><U76/><E43/><V100/><F133/><W104/><G104/><T50/><D50/><U122/><E122/><V65/><F65/><W95/><G95/><T75/><D82/><U90/><E12/><V71/><F71/><W28/><G72/><T101/><D101/><U105/><E105/><V54/><F130/><W94/><G81/><T42/><D42/><U68/><E68/><V47/><F54/><W135/><G94/><T118/><D118/><U110/><E110/><V116/><F116/><W93/><G93/><T40/><D40/><U1/><E4/><V35/><F35/><W8/><G28/><T31/><D31/><U17/><E17/><N who="2" m="6155" /><F27/><W23/><G23/><T128/><D128/><U7/><E7/><V119/><F119/><W11/><G135/><T56/><REACH who="0" step="1"/><D33/><REACH who="0" ten="240,227,250,273" step="2"/><U109/><E109/><V52/><F46/><W22/><G22/><T44/><D44/><U86/><E124/><V0/><F0/><W117/><G117/><T30/><D30/><U126/><E126/><V89/><F89/><W112/><G112/><T73/><AGARI ba="0,1" hai="13,15,20,24,29,36,37,38,56,62,67,73,74,75" machi="73" ten="40,2700,0" yaku="1,1,0,1,53,0" doraHai="127" doraHaiUra="91" who="0" fromWho="0" sc="240,37,227,-13,250,-7,273,-7" /><INIT seed="2,0,0,0,0,44" ten="277,214,243,266" oya="2" hai0="10,131,56,133,98,45,84,78,66,71,88,112,97" hai1="37,103,110,65,102,64,26,38,52,128,30,115,94" hai2="54,121,14,57,39,51,41,43,127,70,49,135,5" hai3="122,58,132,32,99,2,29,75,95,68,53,91,4"/><V119/><F119/><W79/><G68/><T1/><D71/><U59/><E115/><V73/><F73/><W13/><G2/><T80/><D112/><U16/><E110/><V67/><F121/><W27/><G122/><T20/><D131/><U22/><E128/><V55/><F5/><W62/><G132/><T114/><D114/><U108/><E108/><V17/><F135/><W6/><G75/><T93/><D133/><U31/><E37/><V60/><F127/><W23/><G79/><T118/><D118/><U42/><E42/><N who="2" m="15883" /><F17/><W15/><G32/><T86/><D45/><U12/><E38/><V7/><F14/><AGARI ba="0,0" hai="4,6,13,14,15,23,27,29,53,58,62,91,95,99" machi="14" ten="40,1300,0" yaku="8,1" doraHai="44" who="3" fromWho="2" sc="277,0,214,0,243,-13,266,13" /><INIT seed="3,0,0,0,5,89" ten="277,214,230,279" oya="3" hai0="8,64,32,105,119,68,5,71,127,61,82,55,88" hai1="135,21,67,110,79,81,106,69,123,17,45,102,2" hai2="12,76,117,120,133,96,109,94,50,70,128,112,22" hai3="51,113,57,84,132,10,59,90,29,93,115,41,33"/><W100/><G33/><T25/><D119/><U60/><E123/><V83/><F112/><W78/><G29/><T98/><D127/><U72/><E110/><V65/><F117/><W39/><G39/><T48/><D71/><U31/><E135/><V6/><F109/><W53/><G132/><T49/><D55/><U75/><E2/><V87/><F133/><W73/><G41/><T13/><D82/><U126/><E126/><V99/><F120/><W3/><G3/><T44/><D44/><U9/><E9/><N who="2" m="4151" /><F70/><W47/><G113/><T42/><D42/><U95/><E106/><V63/><F63/><W108/><G108/><T26/><D26/><U77/><E31/><V91/><F65/><W43/><G10/><T27/><D25/><U74/><E45/><V130/><F22/><W28/><G28/><N who="0" m="19487" /><D88/><U66/><E66/><V125/><F125/><W15/><G15/><T20/><D20/><U134/><E134/><V116/><F116/><W46/><G100/><AGARI ba="0,0" hai="5,8,13,48,49,61,64,68,98,100,105" m="19487" machi="100" ten="30,1000,0" yaku="25,1" doraHai="89" who="0" fromWho="3" sc="277,10,214,0,230,0,279,-10" /><INIT seed="4,0,0,2,0,49" ten="287,214,230,269" oya="0" hai0="7,28,26,65,25,84,75,101,91,87,107,45,88" hai1="60,48,39,80,118,59,16,113,35,119,66,82,117" hai2="52,19,5,72,116,42,11,44,125,6,10,47,33" hai3="36,17,115,104,112,79,13,54,32,22,41,102,34"/><T73/><D7/><N who="2" m="2570" /><F33/><W1/><G79/><T106/><D45/><N who="2" m="17482" /><F72/><W50/><G41/><T29/><D65/><U133/><E35/><V86/><F42/><W0/><G36/><T24/><D24/><U37/><E133/><V4/><N who="2" m="2578" /><V55/><DORA hai="89" /><F125/><W98/><G32/><T63/><D63/><U77/><E113/><N who="3" m="43594" /><G34/><T61/><D61/><U53/><E16/><V56/><F116/><W12/><G12/><T109/><D101/><U129/><E129/><V40/><F40/><W111/><G111/><AGARI ba="0,0" hai="25,26,28,29,73,75,84,87,88,91,106,107,109,111" machi="111" ten="25,4800,0" yaku="22,2,54,1" doraHai="49,89" who="0" fromWho="3" sc="287,48,214,0,230,0,269,-48" owari="335,43.5,214,-28.6,230,3.0,221,-17.9" /></mjloggm>