<mjloggm ver="2.3"><GO type="225" lobby="0"/><UN n0="%E3%82%BC%E3%83%AB%E3%83%80%E3%81%AE%E4%BC%9D%E8%AA%AC" n1="%73%6C%69%63%6B%33%31%39" n2="%61%69%73%79%6F" n3="%E3%81%99%E3%81%84%E3%81%BE%E3%81%9B%E3%83%BC%E3%82%93" dan="16,16,17,16" rate="2183.89,2138.30,2220.98,2143.42" sx="M,M,M,M"/><TAIKYOKU oya="0"/><INIT seed="0,0,0,2,1,124" ten="250,250,250,250" oya="0" hai0="22,46,105,20,86,92,33,135,95,102,3,68,35" hai1="74,45,93,40,131,63,107,122,85,18,98,57,67" hai2="60,117,75,54,70,84,62,52,25,89,42,28,21" hai3="65,4,53,129,10,116,120,109,47,16,27,49,130"/><T88/><D3/><U87/><E122/><V55/><F117/><W72/><G116/><T127/><D68/><U12/><E74/><V134/><F134/><W23/><G109/><T7/><D127/><U58/><E107/><V114/><F114/><W39/><G72/><T19/><D135/><U37/><E57/><V51/><F75/><W79/><G79/><T106/><D7/><U110/><E110/><V104/><F104/><W15/><G120/><T26/><D106/><U71/><E71/><V99/><F99/><W125/><G125/><T119/><D105/><U83/><E83/><V101/><F101/><W128/><G65/><T94/><D119/><U11/><REACH who="1" step="1"/><E131/><REACH who="1" ten="250,240,250,250" step="2"/><V5/><F70/><W9/><G9/><T108/><D108/><U48/><E48/><V123/><F123/><W91/><G39/><T81/><D46/><U43/><E43/><V69/><F69/><W1/><REACH who="3" step="1"/><G91/><AGARI ba="0,1" hai="11,12,18,37,40,45,58,63,67,85,87,91,93,98" machi="91" ten="30,2000,0" yaku="1,1,7,1,53,0" doraHai="124" doraHaiUra="66" who="1" fromWho="3" sc="250,0,240,30,250,0,250,-20" /><INIT seed="1,0,0,1,2,84" ten="250,270,250,230" oya="1" hai0="14,126,10,87,31,100,135,125,94,20,52,61,68" hai1="121,3,62,34,11,18,36,50,132,59,93,99,25" hai2="30,12,29,102,42,95,49,45,15,130,66,86,65" hai3="89,72,23,113,107,64,41,90,43,98,35,13,96"/><U37/><E121/><V44/><F130/><W123/><G123/><T9/><D135/><U1/><E132/><V53/><F102/><W16/><G113/><T120/><D120/><U115/><E115/><V26/><F29/><W73/><G35/><T124/><D68/><U51/><E36/><V8/><F12/><W17/><G64/><T48/><D61/><U108/><E37/><V21/><F95/><W114/><G114/><T82/><D100/><U106/><E106/><V39/><REACH who="2" step="1"/><F86/><REACH who="2" ten="250,270,240,230" step="2"/><W71/><G107/><T122/><D94/><U80/><E80/><V28/><F28/><W105/><G105/><T77/><D122/><U74/><E74/><V0/><F0/><W79/><G73/><T83/><D83/><U75/><E75/><V129/><F129/><W19/><G72/><T70/><D14/><U27/><E1/><V6/><AGARI ba="0,1" hai="6,8,15,21,26,30,39,42,44,45,49,53,65,66" machi="6" ten="20,5200,0" yaku="1,1,0,1,7,1,53,1" doraHai="84" doraHaiUra="2" who="2" fromWho="2" sc="250,-13,270,-26,240,62,230,-13" /><INIT seed="2,0,0,4,2,92" ten="237,244,302,217" oya="2" hai0="12,117,51,9,118,68,57,15,53,7,84,71,29" hai1="39,119,54,37,36,49,107,65,106,4,10,112,76" hai2="81,108,86,42,72,80,14,47,88,130,20,70,45" hai3="30,73,98,25,61,22,128,99,27,113,43,78,127"/><V124/><F70/><W126/><G128/><T23/><D84/><U35/><E112/><V109/><F130/><W1/><G113/><T132/><D132/><U16/><E119/><N who="0" m="45577" /><D15/><U116/><E35/><V62/><F62/><W19/><G1/><T75/><D75/><U82/><E65/><V55/><F55/><W31/><G43/><T129/><D129/><U74/><E116/><V97/><F124/><N who="3" m="47659" /><G61/><T131/><D131/><U41/><E41/><V77/><F45/><W105/><G105/><T6/><D6/><U104/><E16/><N who="2" m="10263" /><F47/><W59/><G59/><T8/><D8/><U17/><E17/><V110/><F42/><W121/><G121/><T95/><D95/><U90/><E90/><V11/><F11/><W3/><G3/><T122/><D122/><U100/><E54/><V38/><F38/><W52/><G52/><T111/><D111/><U0/><REACH who="1" step="1"/><E49/><REACH who="1" ten="237,234,302,217" step="2"/><V66/><F66/><W102/><G19/><T58/><D58/><U125/><E125/><V2/><F110/><W123/><G123/><T91/><D91/><U96/><AGARI ba="0,1" hai="0,4,10,36,37,39,74,76,82,96,100,104,106,107" machi="96" ten="40,12000,2" yaku="1,1,0,1,33,3,52,1,53,0" doraHai="92" doraHaiUra="26" who="1" fromWho="1" sc="237,-30,234,130,302,-60,217,-30" /><INIT seed="3,0,0,4,2,56" ten="207,364,242,187" oya="3" hai0="42,120,104,55,117,106,3,34,81,39,52,124,101" hai1="73,98,121,48,99,78,109,28,33,57,10,59,15" hai2="20,113,132,36,37,58,6,49,17,102,46,90,14" hai3="105,134,51,40,24,72,68,75,7,122,108,82,93"/><W123/><G105/><T74/><D34/><U4/><E121/><V9/><F132/><W54/><G68/><T62/><D120/><U44/><E73/><V119/><F119/><W111/><G134/><T91/><D117/><U86/><E33/><V2/><F113/><W92/><G40/><T16/><D62/><U69/><E28/><V61/><F90/><W107/><G107/><T27/><D3/><U71/><E71/><V127/><F102/><W38/><G38/><T25/><D124/><U47/><E69/><V87/><F87/><W115/><G115/><T79/><D106/><U53/><E57/><V84/><F84/><W135/><G135/><T60/><D91/><U76/><E76/><V8/><F8/><W100/><G7/><T66/><D42/><U70/><E70/><V116/><F127/><W125/><G125/><T130/><D39/><U129/><E129/><V22/><F22/><W80/><G100/><T5/><D5/><U63/><E44/><V11/><F11/><W43/><G43/><T112/><D130/><U133/><E133/><V64/><F116/><W13/><G13/><T35/><D25/><U131/><E131/><V32/><F32/><W21/><G24/><T88/><D112/><U23/><E23/><V118/><F118/><W128/><G128/><T45/><D104/><U65/><E109/><V30/><F30/><W19/><G21/><N who="0" m="13735" /><D101/><U95/><E78/><V83/><F83/><W103/><G103/><T29/><D79/><U41/><E41/><AGARI ba="0,0" hai="2,6,9,14,17,20,36,37,41,46,49,58,61,64" machi="41" ten="30,2000,0" yaku="7,1,52,1" doraHai="56" who="2" fromWho="1" sc="207,0,364,-20,242,20,187,0" owari="207,-19.3,344,44.4,262,6.2,187,-31.3" /></mjloggm>