<mjloggm ver="2.3"><GO type="225" lobby="0"/><UN n0="%72%69%6F%75%63%68%61%6E" n1="%45%6C%79%73%69%75%6D" n2="%E7%B4%94%E6%BD%94%E3%83%94%E3%83%A9%E3%83%8B%E3%82%A2" n3="%E9%B3%B3%E6%9D%B1%E3%81%AE%E3%81%86%E3%81%95%E3%81%8E%E3%81%95%E3%82%93" dan="17,17,16,16" rate="2238.44,2116.87,2108.80,2211.86" sx="M,F,M,M"/><TAIKYOKU oya="0"/><INIT seed="0,0,0,3,0,132" ten="250,250,250,250" oya="0" hai0="5,58,69,9,29,37,107,67,33,65,124,27,11" hai1="39,63,64,102,104,28,118,120,129,57,54,106,60" hai2="125,45,99,109,53,135,116,98,16,130,112,92,74" hai3="89,49,50,14,3,55,68,114,105,76,85,48,117"/><T56/><D124/><U113/><E120/><V38/><F45/><W24/><G114/><T81/><D37/><U78/><E118/><V34/><F53/><W97/><G3/><T26/><D107/><U46/><E113/><V115/><F98/><W7/><G117/><T13/><D27/><U108/><E108/><V51/><F51/><W111/><G68/><T126/><D126/><U66/><E129/><V2/><F16/><W40/><G111/><T93/><D81/><U19/><E28/><V10/><F10/><W79/><G40/><T1/><D93/><U134/><E134/><V122/><F99/><W32/><G55/><T88/><D88/><U18/><E78/><V123/><F92/><W17/><G7/><T42/><D42/><U21/><E102/><V61/><F61/><W8/><G32/><T20/><D33/><U100/><E100/><V70/><F122/><W128/><G128/><T91/><D91/><U94/><E94/><V87/><F87/><W52/><G24/><T43/><D43/><U15/><E18/><V131/><F131/><W4/><G17/><T133/><D133/><U103/><E103/><V62/><F62/><W41/><G41/><T12/><D12/><U127/><E127/><V30/><F30/><W35/><G14/><T77/><D77/><U71/><E64/><N who="0" m="24649" /><D69/><U72/><E72/><V25/><F25/><W73/><G73/><T82/><D82/><U36/><E46/><V84/><F84/><W44/><G79/><T96/><D96/><U31/><E31/><V6/><F6/><W101/><G76/><T75/><D75/><RYUUKYOKU ba="0,0" sc="250,10,250,10,250,10,250,-30" hai0="1,5,9,11,13,20,26,29,56,58" hai1="15,19,21,36,39,54,57,60,63,66,71,104,106" hai2="2,34,38,70,74,109,112,115,116,123,125,130,135" /><INIT seed="0,1,0,4,3,84" ten="260,260,260,220" oya="0" hai0="109,6,26,71,103,4,91,112,133,81,98,59,121" hai1="120,51,14,32,35,22,94,118,37,50,95,92,34" hai2="85,76,58,99,13,125,57,40,69,61,124,49,117" hai3="39,127,2,63,134,102,67,122,105,48,89,36,96"/><T132/><D112/><U100/><E118/><V93/><F117/><W72/><G134/><N who="0" m="51819" /><D121/><U30/><E37/><V135/><F135/><W64/><G127/><N who="2" m="48713" /><F13/><W1/><G122/><T52/><D71/><U70/><E70/><V119/><F119/><W31/><G64/><T77/><D26/><U10/><E120/><V116/><F116/><W75/><G31/><T54/><D109/><U43/><E100/><V25/><F25/><W97/><G48/><N who="0" m="31111" /><D54/><U55/><E43/><V11/><F11/><W7/><G39/><T80/><D91/><U87/><E55/><V130/><F130/><W44/><G89/><T24/><D24/><U126/><E126/><V107/><F40/><W29/><G29/><T113/><D113/><U15/><E30/><V28/><F28/><W0/><G36/><T88/><D81/><U56/><E34/><V45/><F45/><W8/><G44/><T16/><D16/><N who="1" m="10527" /><E32/><V79/><F49/><W110/><G110/><T46/><D46/><U27/><E27/><V18/><F18/><W114/><G114/><T19/><D19/><N who="1" m="8663" /><E35/><V129/><F129/><W131/><G131/><T86/><D77/><N who="2" m="29770" /><F69/><W20/><G20/><T123/><D123/><U128/><E128/><V47/><F47/><W38/><G38/><T82/><D80/><U90/><E56/><V41/><F41/><W106/><G67/><T12/><D12/><U42/><E42/><V68/><F68/><W33/><G33/><T5/><D4/><U60/><E60/><V62/><F61/><W65/><G63/><T21/><D21/><U73/><E50/><V17/><F62/><RYUUKYOKU ba="1,0" sc="260,30,260,-10,260,-10,220,-10" hai0="5,6,82,86,88,98,103" /><INIT seed="0,2,0,3,1,46" ten="290,250,250,210" oya="0" hai0="59,133,40,108,116,53,9,71,120,106,109,117,66" hai1="52,58,135,41,34,54,94,28,131,24,88,65,15" hai2="70,21,60,56,31,79,72,27,75,103,16,73,81" hai3="12,104,114,93,67,127,19,30,36,76,83,119,13"/><T95/><D106/><U48/><E131/><V44/><F70/><W32/><G114/><T78/><D78/><U100/><E135/><V130/><F130/><W45/><G119/><T134/><D120/><U33/><E100/><V85/><F103/><W29/><G104/><T101/><D40/><U35/><E65/><V124/><F124/><W110/><G127/><T23/><D9/><U4/><E41/><V91/><F44/><W25/><G110/><N who="0" m="42603" /><D23/><U92/><E54/><V74/><F31/><W38/><G29/><T63/><D95/><U105/><E105/><V112/><F112/><W113/><G93/><T99/><D99/><U96/><REACH who="1" step="1"/><E94/><REACH who="1" ten="290,240,250,210" step="2"/><V0/><F0/><W87/><G113/><T11/><D101/><U51/><E51/><V111/><F111/><W14/><G67/><T6/><D116/><U61/><E61/><V26/><F60/><W18/><REACH who="3" step="1"/><G45/><REACH who="3" ten="290,240,250,200" step="2"/><T84/><D117/><U126/><E126/><V128/><F128/><W123/><G123/><T97/><D66/><U49/><E49/><V17/><F56/><W2/><G2/><N who="0" m="471" /><D71/><U8/><AGARI ba="2,2" hai="4,8,15,24,28,33,34,35,48,52,58,88,92,96" machi="8" ten="30,8000,1" yaku="1,1,0,1,52,1,54,2,53,0" doraHai="46" doraHaiUra="122" who="1" fromWho="1" sc="290,-42,240,106,250,-22,200,-22" /><INIT seed="1,0,0,0,2,42" ten="248,346,228,178" oya="1" hai0="30,107,5,44,20,75,27,108,105,64,48,23,94" hai1="35,78,91,14,134,10,135,126,103,96,115,36,41" hai2="9,26,29,83,37,54,101,49,22,69,124,79,98" hai3="18,109,32,52,118,17,130,88,34,95,1,3,25"/><U131/><E115/><V113/><F124/><W122/><G122/><T120/><D120/><U111/><E35/><V11/><F37/><W100/><G100/><T116/><D108/><U2/><E91/><V43/><F43/><W74/><G74/><T82/><D116/><U133/><E126/><V38/><F38/><W73/><G73/><T67/><D5/><U65/><E131/><V46/><F69/><W61/><G130/><T28/><D94/><U55/><E55/><V68/><F68/><W6/><G109/><T0/><D0/><U60/><E78/><V57/><F57/><N who="3" m="34983" /><G17/><T102/><D102/><U4/><E14/><V13/><F13/><W127/><G127/><T114/><D114/><U106/><E111/><V97/><F113/><W128/><G118/><T71/><D71/><N who="1" m="42407" /><E41/><V92/><REACH who="2" step="1"/><F97/><REACH who="2" ten="248,346,218,178" step="2"/><N who="3" m="57575" /><G128/><T80/><D67/><U132/><E134/><V89/><F89/><W12/><G12/><T19/><D64/><U110/><E110/><V104/><F104/><W39/><G39/><AGARI ba="0,1" hai="2,4,10,36,39,96,103,106,132,133,135" m="42407" machi="39" ten="30,2900,0" yaku="20,1,23,1" doraHai="42" who="1" fromWho="3" sc="248,0,346,39,218,0,178,-29" /><INIT seed="1,1,0,0,2,60" ten="248,385,218,149" oya="1" hai0="19,40,73,15,43,39,62,1,114,45,26,89,110" hai1="77,102,75,35,90,93,33,5,55,106,96,57,129" hai2="109,51,49,22,11,47,2,3,91,21,116,121,13" hai3="85,104,132,124,36,10,128,44,41,65,46,31,133"/><U126/><E129/><V122/><F116/><W97/><G128/><T29/><D110/><U68/><E68/><V72/><F72/><W101/><G124/><T84/><D114/><U98/><E5/><V8/><F47/><W100/><G31/><T99/><D73/><U71/><E71/><V70/><F70/><W118/><G118/><T95/><D1/><U53/><E53/><V82/><F82/><W131/><G131/><T24/><D43/><U103/><E126/><V56/><F56/><W134/><G46/><T86/><D62/><U107/><E77/><V81/><F81/><W108/><G108/><T16/><D26/><U123/><E75/><V58/><F58/><W92/><G10/><T42/><D42/><U27/><E27/><V23/><F13/><W50/><G65/><T18/><REACH who="0" step="1"/><D15/><REACH who="0" ten="238,385,218,149" step="2"/><U17/><E55/><V20/><F109/><W67/><G67/><T74/><D74/><U130/><E130/><V4/><F91/><N who="3" m="53359" /><G100/><T12/><D12/><U66/><E90/><V135/><F135/><N who="3" m="34563" /><W127/><DORA hai="88" /><G127/><T113/><D113/><U119/><E102/><V117/><F117/><W94/><G36/><T37/><D37/><U32/><E103/><V69/><F69/><W59/><G59/><T7/><D7/><U0/><E57/><V112/><F112/><W52/><G41/><T64/><D64/><U63/><E66/><V30/><F30/><W105/><AGARI ba="1,1" hai="44,50,52,94,97,101,104,105" m="34563,53359" machi="105" ten="40,8000,1" yaku="20,1,52,2,54,1" doraHai="60,88" who="3" fromWho="3" sc="238,-21,385,-41,218,-21,149,93" /><INIT seed="2,0,0,2,1,98" ten="217,344,197,242" oya="2" hai0="55,61,104,117,92,129,35,113,27,95,18,71,34" hai1="41,46,87,77,63,115,86,67,20,33,91,62,52" hai2="102,73,43,6,130,94,76,19,39,85,60,51,30" hai3="111,24,123,83,13,134,107,16,112,36,132,15,21"/><V88/><F130/><W79/><G123/><T66/><D113/><U106/><E33/><V126/><F126/><W44/><G111/><T4/><D129/><U68/><E106/><V48/><F39/><W65/><G107/><T22/><D117/><U2/><E2/><V100/><F73/><N who="3" m="43503" /><G65/><T0/><D104/><U118/><E115/><V116/><F116/><W82/><G82/><T47/><D47/><U125/><E77/><V31/><F6/><W3/><G3/><T25/><D55/><U96/><E52/><V9/><F60/><W124/><G112/><T59/><D71/><U114/><E63/><V38/><F38/><W56/><G56/><T81/><D81/><U121/><E121/><V84/><F76/><W64/><G64/><T49/><D49/><N who="2" m="19018" /><F84/><W29/><G124/><T75/><D75/><U69/><E69/><V89/><F89/><W28/><G36/><T131/><D131/><U105/><E125/><V57/><F57/><W12/><G44/><T133/><D133/><AGARI ba="0,0" hai="12,13,15,16,21,24,28,29,132,133,134" m="43503" machi="133" ten="30,2000,0" yaku="20,1,54,1" doraHai="98" who="3" fromWho="0" sc="217,-20,344,0,197,0,242,20" /><INIT seed="3,0,0,2,1,115" ten="197,344,197,262" oya="3" hai0="1,89,18,72,97,125,120,123,96,114,94,38,34" hai1="91,78,43,57,70,48,16,56,83,129,15,84,109" hai2="23,66,13,82,81,102,135,132,95,14,60,98,127" hai3="126,63,41,44,73,65,11,8,49,42,3,21,37"/><W119/><G73/><T124/><D34/><U2/><E70/><V104/><F104/><W90/><G126/><N who="0" m="48747" /><D1/><U121/><E2/><V19/><F127/><W103/><G103/><T86/><D114/><U85/><E109/><V53/><F53/><W79/><G79/><T31/><D38/><U69/><E69/><V25/><F82/><W67/><G119/><T112/><D112/><U62/><E129/><V101/><F81/><W55/><G3/><T40/><D40/><U75/><E121/><N who="0" m="46665" /><D31/><U45/><E62/><V27/><F101/><W134/><G134/><N who="2" m="51241" /><F27/><W52/><G90/><N who="0" m="53591" /><D72/><U110/><E75/><V64/><F64/><N who="3" m="24651" /><G37/><T32/><D32/><U58/><E110/><V117/><F117/><W20/><G55/><T87/><D18/><U24/><E24/><V39/><F39/><W6/><G6/><T47/><D47/><U9/><E85/><V80/><F80/><AGARI ba="0,0" hai="80,87,89,96,97" m="53591,46665,48747" machi="80" ten="30,3900,0" yaku="18,1,34,2" doraHai="115" who="0" fromWho="2" sc="197,39,344,0,197,-39,262,0" owari="236,-16.4,344,44.4,158,-34.2,262,6.2" /></mjloggm>