<mjloggm ver="2.3"><GO type="225" lobby="0"/><UN n0="%73%75%7A%75%6D%65%33" n1="%6D%75%75%73%61%6E%6D%75" n2="%E3%81%B5%E3%81%98%E3%81%8B%E3%81%A4" n3="%E3%80%93%E3%81%97%E3%83%BC%E3%82%89%E3%80%93" dan="17,16,17,16" rate="2289.92,2115.89,2211.73,2116.63" sx="M,F,M,M"/><TAIKYOKU oya="0"/><INIT seed="0,0,0,5,2,81" ten="250,250,250,250" oya="0" hai0="55,50,29,101,126,22,46,6,70,19,131,132,123" hai1="130,90,106,107,103,43,97,56,2,104,111,57,5" hai2="20,72,33,64,76,8,116,88,124,89,86,54,44" hai3="23,63,127,58,39,79,61,10,80,12,87,115,36"/><T32/><D123/><U110/><E130/><V17/><F33/><W94/><G115/><T35/><D70/><U100/><E43/><V134/><F124/><W1/><G127/><T120/><D120/><U38/><E38/><V68/><F134/><W84/><G1/><T11/><D126/><U83/><E5/><V21/><F72/><W25/><G39/><T77/><D131/><U24/><E24/><V26/><F116/><W85/><G36/><T113/><D113/><U135/><E2/><V47/><F64/><N who="3" m="38967" /><G94/><T18/><D132/><U9/><E9/><V28/><F68/><W119/><G63/><T114/><D114/><U15/><E15/><V91/><F8/><W53/><G53/><T60/><D60/><U30/><E30/><V93/><F54/><W73/><G73/><T117/><D117/><U4/><E4/><V108/><F108/><N who="1" m="41513" /><E135/><V78/><F91/><W75/><G75/><T71/><D71/><U45/><E45/><N who="2" m="17483" /><F89/><W121/><G121/><T3/><D77/><U118/><E118/><V66/><F66/><W128/><G128/><T49/><D101/><N who="1" m="38987" /><E97/><V52/><F52/><W27/><G119/><T105/><D49/><U69/><E69/><V31/><F31/><N who="3" m="17855" /><G27/><AGARI ba="0,0" hai="17,20,21,26,27,28,76,78,86,88,93" m="17483" machi="27" ten="30,3900,0" yaku="8,1,52,1,54,1" doraHai="81" who="2" fromWho="3" sc="250,0,250,0,250,39,250,-39" /><INIT seed="1,0,0,4,2,29" ten="250,250,289,211" oya="1" hai0="14,110,101,2,45,33,89,116,47,44,43,91,25" hai1="27,59,9,11,68,39,26,95,17,85,127,115,109" hai2="94,125,53,40,82,103,51,21,124,58,87,77,120" hai3="62,52,56,28,38,60,5,19,121,112,13,48,20"/><U93/><E68/><V100/><F120/><W41/><G121/><T86/><D2/><U80/><E115/><V24/><F40/><W99/><G112/><T133/><D116/><U113/><E113/><V130/><F130/><W84/><G38/><T76/><D110/><U18/><E39/><V132/><F132/><W72/><G72/><T81/><D133/><U105/><E105/><V73/><F73/><W67/><G41/><T78/><D43/><U98/><E127/><N who="2" m="48715" /><F94/><W88/><G99/><T31/><D101/><U111/><E59/><V96/><F96/><W126/><G126/><T15/><REACH who="0" step="1"/><D91/><REACH who="0" ten="240,250,289,211" step="2"/><U10/><E109/><V74/><F74/><W122/><G122/><T114/><D114/><U106/><E111/><V50/><F50/><W3/><G67/><T71/><D71/><U129/><E129/><V83/><F83/><W46/><G46/><T57/><D57/><U108/><E108/><V90/><F90/><W22/><G3/><T16/><D16/><AGARI ba="0,1" hai="16,21,24,51,53,58,77,82,87,100,103" m="48715" machi="16" ten="30,2000,0" yaku="18,1,54,1" doraHai="29" who="2" fromWho="0" sc="240,-20,250,0,289,30,211,0" /><INIT seed="2,0,0,0,5,42" ten="220,250,319,211" oya="2" hai0="123,10,31,9,90,132,68,40,60,21,134,56,23" hai1="64,104,33,65,122,75,110,5,52,36,105,1,7" hai2="49,19,72,34,77,100,8,99,126,6,106,69,55" hai3="79,135,18,131,74,61,119,127,53,115,80,93,103"/><V86/><F126/><W63/><G119/><T37/><D123/><U128/><E122/><V15/><F69/><W39/><G39/><T2/><D68/><U25/><E36/><V81/><F34/><W59/><G127/><T27/><D2/><U88/><E75/><V0/><F0/><W113/><G131/><T121/><D121/><U84/><E128/><V83/><F6/><W24/><G135/><N who="0" m="51755" /><D90/><U111/><E25/><V12/><F12/><W44/><G63/><T96/><D96/><U28/><E28/><V94/><F94/><W107/><G107/><T29/><D23/><U20/><E20/><V125/><F125/><W35/><G103/><T71/><D71/><U50/><E33/><V57/><REACH who="2" step="1"/><F83/><REACH who="2" ten="220,250,309,211" step="2"/><W118/><G93/><T54/><D29/><U47/><E104/><V43/><F43/><W109/><G35/><T73/><D73/><AGARI ba="0,1" hai="8,15,19,49,55,57,72,73,77,81,86,99,100,106" machi="73" ten="40,3900,0" yaku="1,1,53,1" doraHai="42" doraHaiUra="101" who="2" fromWho="0" sc="220,-39,250,0,309,49,211,0" /><INIT seed="2,1,0,4,4,50" ten="181,250,358,211" oya="2" hai0="34,127,81,89,83,33,39,15,41,36,117,26,44" hai1="79,103,95,0,84,93,124,48,105,24,101,129,62" hai2="108,4,110,58,98,25,37,107,100,7,132,23,22" hai3="73,10,71,29,125,130,51,122,11,9,67,6,120"/><V87/><F37/><W60/><G73/><T123/><D123/><U5/><E0/><V133/><F87/><W27/><G125/><T45/><D127/><U30/><E5/><V47/><F47/><W57/><G130/><T90/><D15/><U13/><E13/><V116/><F116/><W121/><G6/><T126/><D126/><U88/><E105/><V119/><F119/><W75/><G75/><T65/><D117/><U78/><E129/><V14/><F58/><W66/><G51/><T16/><D65/><U118/><E118/><V113/><F113/><W69/><REACH who="3" step="1"/><G67/><REACH who="3" ten="181,250,358,201" step="2"/><T1/><D1/><U59/><E48/><V76/><F4/><W72/><G72/><T56/><D39/><U94/><E124/><V42/><F7/><W8/><N who="3" m="2048" /><DORA hai="12" /><W104/><G104/><T68/><D36/><U102/><E102/><V74/><F100/><W35/><AGARI ba="1,1" hai="27,29,35,57,60,66,69,71,120,121,122" m="2048" machi="35" ten="50,8000,1" yaku="1,1,0,1,53,2" doraHai="50,12" doraHaiUra="64,131" who="3" fromWho="3" sc="181,-21,250,-21,358,-41,201,93" /><INIT seed="3,0,0,3,2,135" ten="160,229,317,294" oya="3" hai0="5,21,124,126,86,77,59,24,44,60,70,125,107" hai1="106,33,4,3,43,71,7,131,66,46,31,17,42" hai2="95,10,94,89,120,39,45,111,51,65,18,9,49" hai3="100,87,108,96,19,29,114,48,23,35,74,92,69"/><W2/><G74/><T76/><D107/><U82/><E106/><V6/><F111/><W16/><G2/><T116/><D116/><U105/><E105/><V109/><F109/><W132/><G69/><T113/><D113/><U79/><E43/><V99/><F65/><W22/><G108/><T121/><D121/><U40/><E40/><V72/><F72/><W25/><G114/><T67/><D5/><U61/><E131/><V80/><F80/><W20/><G132/><T15/><D15/><U73/><E3/><V88/><F39/><W81/><REACH who="3" step="1"/><G48/><REACH who="3" ten="160,229,317,284" step="2"/><T30/><D44/><U13/><E46/><V104/><F45/><W57/><G57/><T1/><D1/><U63/><E71/><V115/><F51/><W127/><G127/><T83/><D70/><U54/><E66/><V62/><F115/><W53/><G53/><T14/><D14/><U12/><E54/><V26/><F120/><W8/><G8/><T110/><REACH who="0" step="1"/><D110/><REACH who="0" ten="150,229,317,284" step="2"/><U97/><E13/><V55/><F10/><W98/><G98/><T118/><D118/><U68/><E12/><V102/><F99/><W85/><G85/><T112/><D112/><U0/><E68/><V78/><F6/><W37/><G37/><T27/><D27/><U134/><E7/><V58/><F26/><W128/><G128/><T117/><D117/><U84/><E4/><V36/><F36/><W34/><G34/><T56/><D56/><U28/><E134/><V93/><F58/><W75/><G75/><T64/><D64/><U38/><E38/><V47/><F47/><W101/><G101/><T41/><D41/><RYUUKYOKU ba="0,2" sc="150,15,229,-15,317,-15,284,15" hai0="21,24,30,59,60,67,76,77,83,86,124,125,126" hai3="16,19,20,22,23,25,29,35,81,87,92,96,100" /><INIT seed="3,1,2,0,5,67" ten="165,214,302,299" oya="3" hai0="18,76,75,77,19,25,94,97,117,112,4,110,92" hai1="88,16,62,32,118,131,98,34,121,33,35,119,15" hai2="1,69,44,60,11,73,41,66,80,90,57,106,108" hai3="36,125,84,99,65,87,13,45,20,93,37,133,29"/><W31/><G125/><T63/><D117/><N who="1" m="44555" /><E121/><V135/><F106/><W85/><G133/><T52/><D110/><U21/><E131/><V23/><F23/><W42/><G37/><T79/><D112/><U55/><E35/><V89/><F57/><W8/><G65/><T123/><D123/><U53/><E62/><V7/><F135/><W14/><G20/><N who="0" m="13463" /><D75/><U24/><E24/><V127/><F127/><W64/><G64/><T56/><D4/><U83/><E83/><V70/><F70/><W82/><G82/><T78/><N who="0" m="19456" /><DORA hai="105" /><T96/><D19/><U50/><E50/><V49/><F73/><W132/><G132/><T54/><D54/><U58/><E58/><V130/><F130/><W109/><G109/><T68/><D68/><U126/><E126/><V74/><F74/><W95/><G95/><AGARI ba="1,2" hai="52,56,63,92,94,95,96,97" m="19456,13463" machi="95" ten="40,2600,0" yaku="8,1,54,1" doraHai="67,105" who="0" fromWho="3" sc="165,49,214,0,302,0,299,-29" /><AGARI ba="1,0" hai="15,16,21,32,33,34,53,55,88,95,98" m="44555" machi="95" ten="40,5200,0" yaku="12,1,54,2" doraHai="67,105" who="1" fromWho="3" sc="214,0,214,52,302,0,270,-52" owari="214,-28.6,266,6.6,302,40.2,218,-18.2" /></mjloggm>