<mjloggm ver="2.3"><GO type="225" lobby="0"/><UN n0="%33%74%72%65%65" n1="%E5%A4%9C%E3%81%AE%E3%82%AC%E3%82%B9%E3%83%91%E3%83%BC%E3%83%AB" n2="%E4%BA%95%E5%B8%AF" n3="%E7%99%BD%E6%97%A5%E9%9B%AA%E8%8F%9C" dan="16,16,16,17" rate="2161.55,2170.18,2049.25,2212.14" sx="F,M,M,M"/><TAIKYOKU oya="0"/><INIT seed="0,0,0,5,1,75" ten="250,250,250,250" oya="0" hai0="89,102,48,4,52,127,67,88,106,83,42,50,39" hai1="22,17,20,85,65,78,63,56,58,35,57,66,14" hai2="19,134,45,54,13,2,99,131,10,9,133,73,71" hai3="105,23,41,21,74,59,0,92,26,124,77,24,47"/><T51/><D127/><U119/><E35/><V104/><F131/><W118/><G105/><T132/><D132/><N who="2" m="50794" /><F71/><W55/><G0/><T98/><D67/><U113/><E119/><V114/><F114/><W49/><G118/><T64/><D64/><U46/><E113/><V37/><F73/><W117/><G117/><T103/><D103/><U68/><E46/><V69/><F69/><W40/><G124/><T96/><D4/><U97/><E97/><V90/><F90/><W130/><G130/><T115/><D115/><U107/><E107/><V129/><F129/><W91/><G74/><T32/><D32/><U110/><E110/><V18/><F54/><W43/><G77/><T125/><D125/><U3/><E3/><V31/><F31/><W70/><G70/><T112/><D112/><U29/><E68/><V135/><F19/><N who="3" m="12351" /><G59/><T94/><D39/><U126/><E126/><V53/><F37/><W80/><G80/><T93/><D83/><N who="1" m="47351" /><E66/><V36/><F36/><W27/><G23/><T101/><D106/><U128/><E128/><V34/><F34/><W62/><G62/><T5/><D42/><U108/><E108/><V61/><F61/><W30/><G30/><T121/><D121/><U1/><E1/><V111/><F104/><W100/><G100/><N who="0" m="38507" /><D5/><U25/><AGARI ba="0,0" hai="14,17,20,22,25,29,56,57,58,63,65" m="47351" machi="25" ten="30,2000,0" yaku="8,1,52,1" doraHai="75" who="1" fromWho="1" sc="250,-10,250,20,250,-5,250,-5" /><INIT seed="1,0,0,2,1,36" ten="240,270,245,245" oya="1" hai0="110,12,32,19,71,42,133,61,63,125,102,91,18" hai1="97,11,73,65,26,60,111,37,105,92,78,64,112" hai2="40,115,101,69,109,119,48,10,59,84,131,135,58" hai3="46,103,39,82,72,108,55,132,24,27,81,120,86"/><U1/><E112/><V121/><F119/><W21/><G120/><T75/><D110/><U34/><E111/><V113/><F101/><W104/><G108/><T106/><D133/><U4/><E65/><V54/><F84/><W68/><G68/><T20/><D32/><U43/><E92/><V114/><F10/><W77/><G132/><T83/><D125/><U127/><E127/><V93/><F93/><W3/><G3/><T13/><D71/><N who="1" m="42375" /><E97/><V9/><F9/><W66/><G66/><T124/><D124/><U6/><E6/><V99/><F99/><W22/><G103/><T31/><D31/><N who="1" m="19831" /><E105/><V5/><F5/><W41/><G104/><T30/><D30/><U80/><E43/><V33/><F40/><W117/><G117/><T50/><D75/><U122/><E122/><V130/><F109/><W85/><G55/><T87/><D106/><U70/><E37/><V98/><F98/><W35/><G35/><T76/><D91/><U126/><E126/><V96/><F33/><W129/><G82/><T128/><D42/><U38/><E38/><V67/><F135/><W0/><G39/><T107/><D83/><U14/><E14/><V57/><F96/><W17/><G41/><T2/><D12/><U23/><E23/><V118/><F121/><W52/><G22/><T15/><D20/><U16/><E16/><V95/><F95/><W100/><G17/><T134/><D19/><U28/><E28/><V49/><F118/><W51/><G21/><T7/><D18/><U74/><E74/><V94/><F115/><W89/><G72/><T8/><D107/><RYUUKYOKU ba="0,0" sc="240,-10,270,30,245,-10,245,-10" hai1="1,4,11,70,73,78,80" /><INIT seed="1,1,0,4,4,69" ten="230,300,235,235" oya="1" hai0="135,3,50,61,6,73,31,53,15,26,21,25,58" hai1="38,89,120,33,110,133,35,98,123,92,24,14,97" hai2="57,43,85,83,23,94,71,103,32,81,86,45,101" hai3="131,47,4,5,91,22,10,34,79,52,113,37,9"/><U18/><E133/><V29/><F71/><W125/><G34/><T0/><D135/><U72/><E72/><V105/><F32/><W8/><G113/><T36/><D36/><U1/><E1/><V126/><F105/><W54/><G79/><T117/><D117/><U114/><E114/><V102/><F57/><W108/><G108/><T55/><D73/><U62/><E110/><V68/><F68/><W65/><G65/><T46/><REACH who="0" step="1"/><D25/><REACH who="0" ten="220,300,235,235" step="2"/><U48/><E38/><V80/><F126/><W60/><G37/><T115/><D115/><U19/><E24/><N who="2" m="16543" /><F94/><W88/><G125/><T82/><D82/><U119/><E119/><V134/><F134/><W128/><G128/><T16/><D16/><U51/><E92/><V63/><F83/><W90/><G131/><T78/><D78/><U124/><E124/><V7/><F81/><W20/><G4/><T40/><D40/><U11/><E19/><V67/><F43/><W27/><G5/><T116/><D116/><U28/><E18/><V77/><F80/><W104/><G104/><T122/><D122/><U13/><E123/><V130/><F77/><W44/><G27/><T107/><D107/><U96/><E120/><V42/><F7/><W76/><G76/><T95/><D95/><U118/><E118/><V59/><F130/><W106/><G106/><T87/><D87/><U84/><E84/><V74/><F74/><W66/><G66/><T70/><D70/><U127/><E127/><V111/><F111/><W56/><G54/><T75/><D75/><U121/><E121/><V64/><F64/><W49/><G60/><RYUUKYOKU ba="1,1" sc="220,10,300,-30,235,10,235,10" hai0="0,3,6,15,21,26,31,46,50,53,55,58,61" hai2="42,45,59,63,67,85,86,101,102,103" hai3="8,9,10,20,22,44,47,49,52,56,88,90,91" /><INIT seed="2,2,1,0,1,41" ten="230,270,245,245" oya="2" hai0="92,56,38,84,53,27,95,111,125,109,6,122,106" hai1="121,104,33,108,70,4,128,11,13,42,68,114,28" hai2="35,94,124,65,30,119,132,118,101,18,8,21,83" hai3="36,54,58,0,72,105,14,2,7,89,26,24,97"/><V55/><F124/><W130/><G72/><T112/><D122/><U96/><E114/><V135/><F65/><W82/><G36/><T100/><D112/><U22/><E108/><N who="0" m="41545" /><D125/><U46/><E128/><V110/><F110/><W120/><G120/><T87/><D38/><U32/><E121/><V86/><F55/><W88/><G130/><T107/><D6/><U9/><E9/><V17/><F94/><N who="0" m="35882" /><D27/><U117/><E117/><N who="2" m="44555" /><F101/><W57/><G105/><N who="0" m="39947" /><D100/><U40/><E104/><V79/><F35/><W102/><G102/><T127/><D127/><U29/><E33/><V39/><F39/><W129/><G26/><T12/><D12/><U93/><E32/><V19/><F19/><W69/><G24/><T81/><D81/><U103/><E103/><V66/><F18/><W116/><G82/><T123/><D123/><U60/><E28/><V78/><F30/><W85/><G7/><T115/><D115/><U90/><E29/><V63/><F17/><W59/><G14/><T126/><D126/><U5/><E5/><V45/><F83/><W15/><G129/><T131/><D131/><U47/><E4/><V74/><F79/><W51/><G15/><T50/><AGARI ba="2,1" hai="50,53,56,84,87" m="39947,35882,41545" machi="50" ten="40,1500,0" yaku="14,1" doraHai="41" who="0" fromWho="0" sc="230,31,270,-6,245,-9,245,-6" /><INIT seed="3,0,0,2,2,17" ten="261,264,236,239" oya="3" hai0="10,78,26,77,52,16,96,130,8,37,30,76,122" hai1="19,66,14,134,2,22,53,89,110,42,119,6,84" hai2="102,29,95,24,111,34,3,124,131,35,79,126,68" hai3="107,50,70,113,75,80,43,62,88,108,104,125,28"/><W93/><G113/><T39/><D122/><U49/><E110/><V18/><F111/><W40/><G108/><T44/><D130/><U65/><E134/><V82/><F131/><W20/><G125/><N who="2" m="48233" /><F68/><W121/><G121/><T33/><D96/><U98/><E119/><V1/><F35/><W105/><G80/><T58/><D44/><U112/><E112/><V90/><F102/><W91/><G75/><T27/><D10/><U85/><E42/><V59/><F59/><W41/><G50/><T109/><D109/><U0/><E0/><N who="2" m="75" /><F18/><W38/><G38/><T48/><REACH who="0" step="1"/><D27/><REACH who="0" ten="251,264,236,239" step="2"/><U55/><E98/><N who="2" m="57719" /><F82/><W129/><G129/><T5/><D5/><U83/><E6/><V81/><F81/><W115/><G115/><T25/><D25/><U114/><E114/><V60/><F79/><W135/><G135/><T23/><D23/><U128/><E128/><V31/><F24/><W74/><G20/><T123/><D123/><U86/><E83/><V9/><F9/><W13/><G74/><T11/><D11/><U45/><E22/><V117/><F117/><W57/><G28/><T99/><D99/><U73/><E73/><V36/><F31/><W51/><G13/><AGARI ba="0,1" hai="8,13,16,26,30,33,37,39,48,52,58,76,77,78" machi="13" ten="40,5200,0" yaku="1,1,54,2,53,0" doraHai="17" doraHaiUra="100" who="0" fromWho="3" sc="251,62,264,0,236,0,239,-52" owari="313,41.3,264,6.4,236,-16.4,187,-31.3" /></mjloggm>