<mjloggm ver="2.3"><GO type="225" lobby="0"/><UN n0="%E5%B0%8F%E9%B3%A5%E9%81%8A%E7%B7%B4%E7%84%A1%32%31%E6%AD%B3" n1="%E3%82%BC%E3%83%AB%E3%83%80%E3%81%AE%E4%BC%9D%E8%AA%AC" n2="%72%61%6B%33" n3="%72%69%6F%75%63%68%61%6E" dan="16,16,17,16" rate="2197.15,2202.54,2174.06,2212.54" sx="F,M,M,M"/><TAIKYOKU oya="0"/><INIT seed="0,0,0,3,3,85" ten="250,250,250,250" oya="0" hai0="84,26,83,87,33,6,98,22,4,131,18,106,15" hai1="37,42,38,5,99,89,11,75,105,69,8,122,44" hai2="103,63,28,53,74,57,9,35,133,125,65,59,66" hai3="112,119,88,60,50,0,27,72,55,34,52,32,129"/><T30/><D131/><U91/><E122/><V24/><F74/><W102/><G129/><T67/><D67/><U49/><E69/><V71/><F125/><W70/><G112/><T16/><D18/><U90/><E75/><V23/><F133/><W121/><G119/><T39/><D39/><U76/><E76/><V7/><F66/><W13/><G0/><T41/><D41/><U96/><E11/><V1/><F53/><W86/><G72/><T62/><D62/><U123/><E123/><V107/><REACH who="2" step="1"/><F23/><REACH who="2" ten="250,250,240,250" step="2"/><W19/><G121/><T43/><D43/><U61/><E61/><V111/><F111/><W56/><G70/><T92/><D106/><U116/><E116/><V80/><F80/><W25/><G32/><T64/><D64/><U73/><E73/><V40/><F40/><W2/><G34/><T45/><D83/><U95/><E105/><V117/><F117/><W81/><G2/><T127/><D127/><U10/><E10/><V97/><AGARI ba="0,1" hai="1,7,9,24,28,35,57,59,63,65,71,97,103,107" machi="97" ten="30,7900,0" yaku="1,1,0,1,25,2,53,0" doraHai="85" doraHaiUra="36" who="2" fromWho="2" sc="250,-39,250,-20,240,89,250,-20" /><INIT seed="1,0,0,5,4,86" ten="211,230,329,230" oya="1" hai0="96,40,22,119,81,98,5,76,25,122,63,42,14" hai1="74,37,73,6,51,95,68,78,93,132,118,125,99" hai2="61,114,69,56,106,23,77,108,130,113,116,59,120" hai3="35,45,82,44,18,89,54,72,129,111,15,66,115"/><U117/><E37/><V27/><F116/><N who="1" m="44649" /><E68/><V134/><F120/><W128/><G111/><T50/><D119/><U112/><E51/><V85/><F108/><W52/><G115/><T7/><D122/><U24/><E24/><V36/><F106/><W10/><G35/><T79/><D63/><U33/><E6/><N who="0" m="2057" /><D14/><U58/><E58/><V49/><F36/><W3/><G66/><T100/><D50/><U97/><E33/><V88/><F77/><N who="0" m="29770" /><D81/><N who="1" m="45263" /><E74/><V29/><F69/><W60/><G72/><T55/><D55/><N who="3" m="21033" /><G3/><T110/><D110/><U12/><E12/><V126/><F49/><W30/><G60/><T47/><D47/><U41/><E41/><N who="0" m="15977" /><D100/><N who="1" m="60463" /><E112/><V84/><F61/><W102/><G44/><T92/><D92/><U34/><E34/><V1/><F114/><W94/><G45/><T90/><D90/><N who="1" m="55799" /><E125/><V2/><F126/><W26/><G26/><T20/><D20/><U8/><E8/><V21/><F27/><W135/><G10/><T4/><N who="0" m="2065" /><T70/><DORA hai="109" /><D70/><U57/><E57/><V104/><F113/><W105/><G15/><T75/><D75/><U11/><E11/><V123/><F59/><W103/><G94/><T71/><D71/><U121/><E121/><V13/><F123/><W31/><G103/><T46/><D46/><U43/><E43/><V67/><F56/><W62/><G102/><T107/><D107/><U64/><E64/><V133/><F67/><W83/><G105/><T87/><D87/><U17/><E17/><AGARI ba="0,0" hai="17,22,25,96,98" m="15977,29770,2065" machi="17" ten="40,5200,0" yaku="26,2,8,1" doraHai="86,109" who="0" fromWho="1" sc="211,52,230,-52,329,0,230,0" /><INIT seed="2,0,0,1,2,56" ten="263,178,329,230" oya="2" hai0="106,105,127,83,133,50,18,68,94,24,11,119,15" hai1="81,17,42,25,13,60,72,92,71,108,9,12,22" hai2="113,80,69,49,121,35,79,110,97,47,14,26,128" hai3="107,19,75,20,36,39,27,6,64,10,134,88,51"/><V61/><F113/><W44/><G134/><T87/><D68/><U53/><E108/><V31/><F121/><W86/><G75/><T103/><D119/><U7/><E42/><V3/><F3/><W98/><G64/><T34/><D127/><U115/><E115/><V126/><F128/><W130/><G130/><T55/><D133/><U48/><E92/><V101/><F14/><W57/><G57/><T52/><D94/><U78/><E71/><V77/><F110/><W102/><G51/><T8/><D8/><U45/><REACH who="1" step="1"/><E25/><REACH who="1" ten="263,168,329,230" step="2"/><V4/><F26/><W58/><G44/><T123/><D24/><U65/><E65/><V43/><F43/><W89/><G58/><T109/><D109/><U93/><E93/><V112/><F47/><W62/><G62/><AGARI ba="0,1" hai="7,9,12,13,17,22,45,48,53,60,62,72,78,81" machi="62" ten="40,8000,1" yaku="1,1,52,2,53,1" doraHai="56" doraHaiUra="0" who="1" fromWho="3" sc="263,0,168,90,329,0,230,-80" /><INIT seed="3,0,0,5,2,55" ten="263,258,329,150" oya="3" hai0="104,0,46,130,24,29,120,89,128,14,21,105,78" hai1="35,123,10,41,102,18,127,30,103,117,23,59,66" hai2="134,50,88,98,106,33,77,82,85,118,73,131,63" hai3="4,47,135,97,57,40,61,11,1,75,114,129,110"/><W62/><G114/><T7/><D0/><U100/><E123/><V56/><F118/><W121/><G121/><T52/><D120/><U65/><E117/><V27/><F50/><W53/><G129/><N who="0" m="49771" /><D78/><U54/><E127/><V125/><F134/><W25/><G135/><T133/><D89/><U96/><E35/><V72/><F125/><W51/><G110/><T74/><D74/><U93/><E41/><V67/><F131/><W44/><G75/><T90/><D90/><N who="1" m="55351" /><E10/><V69/><F56/><W32/><G97/><T8/><D133/><U26/><E30/><N who="2" m="19679" /><F88/><W94/><G94/><T42/><D52/><U58/><E58/><V12/><F12/><W115/><G115/><T122/><D122/><U116/><E116/><V43/><F43/><W16/><G44/><T71/><D71/><U38/><E38/><AGARI ba="0,0" hai="7,8,14,21,24,29,38,42,46,104,105" m="49771" machi="38" ten="30,1000,0" yaku="19,1" doraHai="55" who="0" fromWho="1" sc="263,10,258,-10,329,0,150,0" owari="273,7.3,248,-15.2,329,42.9,150,-35.0" /></mjloggm>