<mjloggm ver="2.3"><GO type="225" lobby="0"/><UN n0="%E3%81%A4%E3%81%A3%E3%81%B1%E3%82%8A%E3%83%9D%E3%83%BC%E3%83%AB" n1="%4D%6F%6E%61%6E%61" n2="%61%6D%65%6B%69" n3="%E8%83%83%E3%81%A8%E8%85%B8" dan="17,16,16,16" rate="2231.62,2095.67,2072.89,2141.23" sx="M,F,M,M"/><TAIKYOKU oya="0"/><INIT seed="0,0,0,3,3,52" ten="250,250,250,250" oya="0" hai0="53,5,133,34,4,65,130,122,89,108,109,82,15" hai1="99,97,59,129,96,116,40,128,93,39,71,63,35" hai2="76,21,26,6,121,100,134,77,48,12,85,58,14" hai3="56,20,31,42,69,112,13,80,60,55,90,62,87"/><T107/><D122/><U106/><E35/><V66/><F121/><W102/><G112/><T95/><D107/><U50/><E106/><V103/><F134/><W1/><G102/><N who="2" m="38953" /><F6/><W86/><G1/><T25/><D133/><U125/><E116/><V32/><F32/><W126/><G126/><T0/><D0/><U101/><E125/><V49/><F49/><W47/><G69/><T64/><D82/><U44/><E71/><V73/><F73/><W2/><G2/><T117/><D117/><U88/><E39/><V11/><F11/><W3/><G3/><T51/><D130/><N who="1" m="50283" /><E101/><V7/><F7/><N who="0" m="2634" /><D15/><N who="2" m="5674" /><F85/><W30/><G87/><N who="0" m="52671" /><D25/><U104/><E104/><V92/><F92/><W54/><G13/><T98/><D98/><U132/><E132/><V84/><F84/><W75/><G75/><T118/><D118/><U115/><E115/><V105/><F105/><W72/><G72/><T24/><D24/><U135/><E135/><V124/><F124/><W28/><G20/><T43/><D34/><U18/><E18/><N who="2" m="12599" /><F48/><N who="3" m="26743" /><G30/><T8/><D8/><U67/><AGARI ba="0,0" hai="40,44,50,59,63,67,88,93,96,97,99" m="50283" machi="67" ten="30,4000,0" yaku="19,1,52,1,54,1" doraHai="52" who="1" fromWho="1" sc="250,-20,250,40,250,-10,250,-10" /><INIT seed="1,0,0,4,1,98" ten="230,290,240,240" oya="1" hai0="38,7,88,62,100,94,4,55,130,91,107,25,114" hai1="93,126,9,129,134,39,77,31,95,5,50,43,104" hai2="80,56,65,70,60,3,22,18,102,75,15,34,1" hai3="47,105,53,36,66,26,16,87,67,111,24,40,41"/><U120/><E104/><V54/><F34/><W86/><G111/><T99/><D114/><U74/><E120/><V109/><F109/><W135/><G135/><T92/><D38/><U79/><E79/><V78/><REACH who="2" step="1"/><F102/><REACH who="2" ten="230,290,230,240" step="2"/><W113/><G113/><T121/><D121/><U32/><E134/><V131/><F131/><W81/><G105/><T11/><D130/><U73/><E129/><V118/><F118/><W8/><G36/><T72/><D107/><U57/><E126/><V37/><F37/><W116/><G116/><T89/><D72/><U0/><E74/><V42/><F42/><W133/><G133/><T101/><D25/><U68/><E32/><V20/><F20/><N who="3" m="13319" /><G26/><T84/><D100/><U108/><E108/><V19/><F19/><W17/><G40/><T69/><D7/><U61/><E31/><V83/><F83/><W33/><G41/><T122/><D122/><U21/><E21/><V123/><F123/><W127/><G33/><T12/><D69/><U51/><E68/><V125/><F125/><W71/><G71/><T76/><D76/><U30/><E30/><V46/><F46/><W44/><G44/><T59/><AGARI ba="0,1" hai="4,11,12,55,59,62,84,88,89,91,92,94,99,101" machi="59" ten="30,7900,0" yaku="0,1,8,1,52,1,54,1" doraHai="98" who="0" fromWho="0" sc="230,89,290,-39,230,-20,240,-20" /><INIT seed="2,0,0,5,1,23" ten="319,251,210,220" oya="2" hai0="37,65,55,43,32,110,2,79,87,95,46,41,72" hai1="27,91,5,40,134,33,74,102,48,107,69,26,127" hai2="89,122,120,85,28,7,112,0,18,103,35,57,105" hai3="84,100,56,104,49,92,44,111,73,90,98,36,12"/><V45/><F112/><W125/><G111/><T9/><D32/><U68/><E74/><V76/><F76/><W63/><G125/><T3/><D110/><U47/><E33/><V130/><F130/><W94/><G36/><T4/><D65/><U15/><E107/><V128/><F128/><W70/><G70/><T50/><D43/><U83/><E102/><V78/><F78/><W14/><G73/><T16/><D3/><U131/><E131/><V121/><F18/><W20/><G104/><T61/><D61/><U67/><E127/><V132/><F132/><W34/><G34/><T11/><D95/><U25/><E134/><V53/><F45/><W119/><G119/><T129/><D87/><N who="1" m="50687" /><E68/><V114/><F114/><W22/><G22/><T1/><D129/><U13/><E69/><V52/><F57/><W126/><G126/><T96/><D96/><U118/><E118/><V6/><F103/><W71/><G71/><T86/><D2/><U29/><E67/><V42/><F42/><N who="3" m="24727" /><G20/><T109/><D109/><U99/><E29/><V59/><F105/><W30/><G30/><T62/><D37/><U116/><E116/><V77/><F77/><W21/><G21/><T80/><D72/><U38/><E38/><V106/><F106/><W97/><G97/><T123/><D123/><U113/><E113/><V66/><F0/><W8/><G8/><T54/><D62/><U75/><E75/><V31/><F31/><W115/><G115/><T108/><D108/><U64/><E64/><AGARI ba="0,0" hai="12,14,56,63,64,84,90,92,94,98,100" m="24727" machi="64" ten="30,1000,0" yaku="8,1" doraHai="23" who="3" fromWho="1" sc="319,0,251,-10,210,0,220,10" /><INIT seed="3,0,0,5,3,25" ten="319,241,210,230" oya="3" hai0="90,75,2,8,135,41,24,46,27,62,108,60,9" hai1="103,43,66,45,4,120,71,17,104,38,76,56,29" hai2="82,70,100,125,86,61,105,95,33,63,59,112,132" hai3="32,68,13,57,107,116,12,42,81,10,6,51,84"/><W106/><G68/><T65/><D75/><U73/><E17/><V69/><F112/><W15/><G116/><T35/><D62/><N who="1" m="40407" /><E120/><V110/><F33/><W49/><G32/><T78/><D78/><U20/><E20/><V113/><F113/><W85/><G107/><T109/><D90/><U114/><E114/><V16/><F110/><N who="0" m="42602" /><D135/><U130/><E4/><V47/><F132/><W19/><G106/><T50/><D2/><U79/><E79/><V93/><F125/><W128/><G128/><T94/><D94/><U64/><E64/><V48/><F105/><W11/><G13/><T92/><D92/><U58/><E29/><V91/><F95/><W88/><G42/><T3/><D3/><U7/><E7/><V122/><F122/><W124/><G124/><T53/><D41/><U118/><E118/><V34/><F34/><W18/><G6/><T87/><D87/><U121/><E121/><V101/><F63/><W123/><G123/><T0/><D0/><U96/><E130/><V28/><F28/><W44/><G44/><T74/><D74/><U30/><E30/><V55/><F16/><W97/><G97/><T67/><D67/><U52/><E52/><V40/><REACH who="2" step="1"/><F101/><REACH who="2" ten="319,241,200,230" step="2"/><W83/><G57/><N who="0" m="37007" /><D35/><U36/><E56/><V127/><F127/><W126/><G126/><T119/><D119/><U23/><E58/><V14/><F14/><W98/><G98/><AGARI ba="0,1" hai="40,47,48,55,59,61,69,70,82,86,91,93,98,100" machi="98" ten="40,2600,0" yaku="1,1,53,1" doraHai="25" doraHaiUra="39" who="2" fromWho="3" sc="319,0,241,0,200,36,230,-26" owari="319,41.9,241,4.1,236,-16.4,204,-29.6" /></mjloggm>