<mjloggm ver="2.3"><GO type="225" lobby="0"/><UN n0="%E8%83%83%E3%81%A8%E8%85%B8" n1="%6D%75%75%6D%75%72%61" n2="%4E%6F%2E%30%30%30%31" n3="%E5%84%AA%40%41%42%43" dan="17,17,19,18" rate="2258.39,2185.40,2232.76,2208.02" sx="M,F,F,M"/><TAIKYOKU oya="0"/><INIT seed="0,0,0,2,0,73" ten="250,250,250,250" oya="0" hai0="107,25,5,76,60,100,108,56,51,101,8,85,83" hai1="66,61,49,124,126,19,75,36,30,129,82,69,15" hai2="9,41,58,63,50,135,130,105,121,26,122,34,111" hai3="68,13,31,91,28,102,48,54,110,93,33,77,16"/><T62/><D108/><U120/><E120/><V80/><F105/><W32/><G68/><T3/><D25/><U114/><E36/><V72/><F111/><W42/><G110/><T128/><D128/><U99/><E129/><V14/><F130/><W23/><G42/><T29/><D29/><N who="3" m="11337" /><G102/><T10/><D10/><U46/><E114/><V81/><F135/><W55/><G55/><T24/><D24/><U53/><E99/><V4/><F34/><W67/><G67/><T2/><D2/><U90/><E30/><V0/><F26/><W22/><G22/><T127/><D127/><U38/><E38/><V97/><F0/><W64/><G64/><T65/><D107/><U18/><E18/><V74/><F74/><W21/><G21/><T17/><D17/><U57/><E69/><V7/><F7/><W84/><G77/><T52/><REACH who="0" step="1"/><D60/><REACH who="0" ten="240,250,250,250" step="2"/><U79/><REACH who="1" step="1"/><E90/><REACH who="1" ten="240,240,250,250" step="2"/><V92/><F121/><W70/><G70/><AGARI ba="0,2" hai="3,5,8,51,52,56,62,65,70,76,83,85,100,101" machi="70" ten="30,18000,2" yaku="1,1,2,1,7,1,52,1,54,1,53,1" doraHai="73" doraHaiUra="45" who="0" fromWho="3" sc="240,200,240,0,250,0,250,-180" /><INIT seed="0,1,0,0,3,19" ten="440,240,250,70" oya="0" hai0="28,26,12,67,86,95,118,98,77,120,64,90,55" hai1="18,76,51,2,7,44,68,41,54,88,3,15,132" hai2="8,106,50,39,48,96,113,33,65,0,23,17,30" hai3="47,130,121,71,42,29,129,10,115,74,87,58,63"/><T72/><D118/><U125/><E125/><V5/><F39/><N who="3" m="21983" /><G87/><T22/><D120/><U6/><E132/><V117/><F113/><W99/><G99/><T82/><D55/><U4/><E68/><V112/><F112/><W46/><G29/><T126/><D126/><U32/><E32/><V49/><F117/><W127/><G10/><T81/><REACH who="0" step="1"/><D12/><REACH who="0" ten="430,240,250,70" step="2"/><U100/><E54/><V80/><F65/><N who="3" m="41407" /><G127/><T59/><D59/><U123/><E15/><V83/><F33/><W93/><G115/><T21/><D21/><U131/><E123/><V103/><REACH who="2" step="1"/><F30/><REACH who="2" ten="430,240,240,70" step="2"/><W78/><G121/><T69/><D69/><U114/><E114/><V128/><F128/><W102/><G129/><T110/><D110/><U36/><E131/><V43/><F43/><W20/><G130/><T116/><D116/><U134/><E41/><V24/><AGARI ba="1,2" hai="0,5,8,17,23,24,48,49,50,80,83,96,103,106" machi="24" ten="30,7900,0" yaku="1,1,0,1,52,1,53,1" doraHai="19" doraHaiUra="101" who="2" fromWho="2" sc="430,-40,240,-21,240,102,70,-21" /><INIT seed="1,0,0,5,3,35" ten="390,219,342,49" oya="1" hai0="112,92,5,24,108,132,84,26,107,120,23,130,110" hai1="127,13,7,109,15,2,1,71,34,125,53,52,67" hai2="88,45,19,113,49,90,28,75,18,29,135,89,83" hai3="37,66,50,119,3,36,117,106,114,58,68,81,33"/><U86/><E34/><V126/><F126/><N who="1" m="48137" /><E109/><N who="0" m="42089" /><D107/><U21/><E86/><N who="2" m="50271" /><F75/><W31/><G106/><T133/><D84/><U4/><E67/><V111/><F111/><W122/><G114/><T46/><D92/><U30/><E71/><V48/><F48/><W43/><G122/><T70/><D70/><U42/><E42/><N who="2" m="24759" /><F135/><N who="0" m="51786" /><D46/><U116/><E116/><N who="3" m="44618" /><G81/><T121/><D112/><U27/><E13/><V124/><F113/><W79/><G79/><T80/><D80/><U38/><E38/><V95/><F89/><W17/><G68/><T56/><D56/><U59/><E15/><V77/><F77/><W0/><G17/><N who="2" m="6153" /><F124/><W39/><G43/><T12/><D130/><U91/><E91/><V82/><F82/><W10/><G10/><N who="0" m="4175" /><D24/><U8/><E59/><V69/><F69/><W99/><G99/><AGARI ba="0,0" hai="28,29,90,95,99" m="6153,24759,50271" machi="99" ten="30,2000,0" yaku="8,1,54,1" doraHai="35" who="2" fromWho="3" sc="390,0,219,0,342,20,49,-20" /><INIT seed="2,0,0,3,0,29" ten="390,219,362,29" oya="2" hai0="92,134,47,125,50,14,88,127,42,75,61,1,55" hai1="121,66,73,53,103,111,113,80,106,5,116,56,86" hai2="49,131,120,95,19,105,74,20,68,108,43,87,58" hai3="21,112,34,62,133,93,46,25,72,89,77,35,15"/><V39/><F120/><W33/><G133/><T67/><D1/><U59/><E73/><V94/><F74/><W4/><G112/><T48/><D75/><U28/><E113/><V130/><F105/><W128/><G128/><N who="2" m="49193" /><F68/><W70/><G46/><T24/><D134/><U85/><E56/><V114/><F114/><W115/><G115/><T0/><D0/><U104/><E86/><V11/><F11/><W38/><G38/><T64/><D14/><U60/><E28/><V135/><F135/><W109/><G109/><T40/><D24/><U51/><E51/><V100/><F100/><W18/><G70/><T71/><D64/><U3/><E80/><V31/><F31/><W102/><G62/><T90/><D90/><U132/><E60/><V123/><F123/><W110/><G102/><T17/><D17/><U27/><E5/><V124/><F124/><N who="0" m="47690" /><D48/><U76/><E132/><V84/><F39/><W65/><G65/><T45/><D45/><U99/><E66/><V8/><F8/><W63/><G63/><T78/><D78/><U16/><E121/><V57/><F57/><W54/><G110/><T81/><D81/><U97/><E111/><V122/><F122/><W119/><G77/><T36/><D36/><U9/><E76/><V82/><F82/><W79/><G72/><T6/><D6/><U37/><E37/><V30/><F108/><W129/><G79/><T91/><D91/><U107/><E103/><V44/><F58/><W32/><G129/><T52/><D42/><U7/><E59/><V23/><F43/><W96/><N who="3" m="8192" /><DORA hai="118" /><W26/><G4/><RYUUKYOKU ba="0,0" sc="390,30,219,-10,362,-10,29,-10" hai0="40,47,50,52,55,61,67,71,88,92" /><INIT seed="3,1,0,4,1,29" ten="420,209,352,19" oya="3" hai0="72,31,44,126,123,112,19,15,129,89,25,3,37" hai1="133,116,120,71,47,22,130,75,113,18,90,35,100" hai2="8,87,83,79,12,1,57,69,54,119,86,41,125" hai3="110,26,30,7,58,32,107,122,121,108,64,76,97"/><W73/><G64/><T98/><D3/><U59/><E71/><V55/><F125/><W84/><G84/><T93/><D123/><U49/><E113/><V91/><F119/><W81/><G58/><T80/><D126/><U27/><E120/><V13/><F69/><W46/><G7/><T60/><D129/><U65/><E130/><V36/><F1/><W128/><G128/><T105/><D112/><U135/><E75/><V66/><F36/><W95/><G46/><T16/><D105/><U53/><E116/><V23/><F41/><W77/><G76/><T96/><D96/><U62/><E100/><V111/><F111/><N who="3" m="42539" /><G95/><T39/><D60/><U85/><REACH who="1" step="1"/><E35/><REACH who="1" ten="420,199,352,19" step="2"/><V48/><F66/><W134/><G134/><T45/><D72/><U42/><E42/><V61/><F55/><W117/><G117/><T132/><D132/><U5/><E5/><V78/><F54/><W92/><G107/><T38/><D38/><U51/><E51/><V24/><F48/><W114/><G114/><T2/><D37/><U0/><E0/><V50/><F50/><W63/><G63/><T11/><D2/><U4/><E4/><V104/><F104/><W103/><AGARI ba="1,1" hai="26,30,32,73,77,81,92,97,103,121,122" m="42539" machi="103" ten="30,6000,0" yaku="14,1,10,1,52,1" doraHai="29" who="3" fromWho="3" sc="420,-21,199,-21,352,-21,19,73" /><INIT seed="3,2,0,2,4,38" ten="399,178,331,92" oya="3" hai0="99,36,57,27,64,67,77,4,101,23,10,76,58" hai1="92,12,135,95,18,126,104,74,11,97,93,106,44" hai2="75,48,9,42,17,37,105,134,86,85,87,113,125" hai3="80,94,72,32,6,56,118,79,47,73,133,110,52"/><W107/><G118/><T50/><D36/><U29/><E74/><V66/><F113/><W63/><G107/><T28/><D76/><U41/><E135/><V22/><F75/><W90/><G32/><T46/><D77/><U7/><E126/><V5/><F105/><W116/><G116/><T122/><D122/><U65/><E29/><V53/><F125/><W102/><G133/><T54/><D57/><U39/><E65/><V129/><F129/><W117/><G117/><T78/><D78/><U14/><REACH who="1" step="1"/><E97/><REACH who="1" ten="399,168,331,92" step="2"/><V31/><F66/><W130/><G130/><T120/><D64/><U13/><E13/><V16/><F134/><W20/><G72/><T84/><D67/><U15/><E15/><V25/><F37/><W131/><G131/><T81/><D99/><U33/><E33/><V19/><F5/><W61/><G6/><T49/><D4/><U68/><E68/><V26/><F9/><AGARI ba="2,1" hai="7,9,11,12,14,18,39,41,44,92,93,95,104,106" machi="9" ten="40,2600,0" yaku="1,1,52,1,53,0" doraHai="38" doraHaiUra="111" who="1" fromWho="2" sc="399,0,168,42,331,-32,92,0" owari="399,49.9,210,-19.0,299,9.9,92,-40.8" /></mjloggm>