<mjloggm ver="2.3"><GO type="225" lobby="0"/><UN n0="%E8%BE%9B%E5%8F%A3%E3%82%AB%E3%83%AC%E3%83%BC%E3%83%A9%E3%82%A4%E3%82%B9" n1="%E3%81%B5%E3%81%98%E3%81%8B%E3%81%A4" n2="%E3%81%99%E3%81%84%E3%81%BE%E3%81%9B%E3%83%BC%E3%82%93" n3="%E3%80%93%E3%81%97%E3%83%BC%E3%82%89%E3%80%93" dan="17,16,18,16" rate="2255.92,2163.89,2213.39,2089.27" sx="M,M,M,M"/><TAIKYOKU oya="0"/><INIT seed="0,0,0,1,5,10" ten="250,250,250,250" oya="0" hai0="46,109,5,93,13,14,125,41,39,29,36,115,117" hai1="131,77,120,105,79,81,119,48,86,64,35,4,126" hai2="22,104,61,121,11,112,44,50,55,6,90,28,20" hai3="57,59,47,51,111,17,116,133,7,129,101,73,74"/><T9/><D115/><U65/><E120/><V26/><F121/><W69/><G69/><T15/><D117/><U37/><E119/><V43/><F112/><W27/><G116/><T12/><D125/><U60/><E35/><V19/><F104/><W1/><G133/><T16/><D29/><U107/><E37/><V32/><F90/><W23/><G129/><T18/><D109/><U76/><E131/><V63/><F43/><W96/><G111/><T91/><REACH who="0" step="1"/><D36/><REACH who="0" ten="240,250,250,250" step="2"/><U95/><E126/><V99/><F99/><AGARI ba="0,1" hai="5,9,12,13,14,15,16,18,39,41,46,91,93,99" machi="99" ten="40,18000,2" yaku="1,1,2,1,52,4,54,1,53,0" doraHai="10" doraHaiUra="127" who="0" fromWho="2" sc="240,190,250,0,250,-180,250,0" /><INIT seed="0,1,0,1,2,89" ten="430,250,70,250" oya="0" hai0="42,79,28,91,27,106,133,46,22,32,17,120,24" hai1="53,90,134,126,98,70,102,3,115,112,36,19,30" hai2="58,81,61,94,69,38,48,18,124,40,131,123,135" hai3="47,86,105,11,107,109,128,37,97,108,2,10,26"/><T85/><D120/><U99/><E3/><V78/><F123/><W1/><G86/><T96/><D133/><U39/><E70/><V83/><F135/><W122/><G26/><T15/><D79/><U0/><E134/><V41/><F124/><W113/><G47/><T20/><D96/><U103/><E126/><V104/><F104/><W77/><G77/><T130/><D130/><U95/><E0/><V33/><F131/><W101/><G97/><T50/><D106/><U76/><E30/><V64/><F33/><W114/><G37/><N who="1" m="14410" /><E76/><V12/><F38/><W119/><G122/><T117/><D117/><U14/><E53/><V5/><F5/><W62/><G62/><T57/><D57/><U68/><E99/><V4/><F4/><W75/><G128/><T49/><D49/><U72/><E72/><V13/><F13/><W121/><G121/><T43/><D43/><U87/><E87/><V55/><F94/><W71/><G71/><T125/><D125/><U110/><E110/><V66/><F64/><W65/><G65/><T60/><D60/><U88/><E90/><V16/><F18/><W56/><G56/><T111/><D111/><U6/><E6/><V74/><REACH who="2" step="1"/><F81/><REACH who="2" ten="430,250,60,250" step="2"/><W129/><G129/><T73/><D32/><U67/><E67/><V29/><F29/><W59/><G107/><T54/><D28/><U7/><E7/><V34/><F34/><W127/><G105/><T51/><D15/><U52/><E14/><V80/><F80/><W31/><G127/><T35/><D35/><U93/><E19/><V132/><F132/><W23/><G109/><RYUUKYOKU ba="1,1" sc="430,-10,250,-10,60,30,250,-10" hai2="12,16,40,41,48,55,58,61,66,69,74,78,83" /><INIT seed="1,2,1,1,0,12" ten="420,240,90,240" oya="1" hai0="133,44,77,112,49,13,87,16,42,57,36,55,111" hai1="9,18,90,10,63,115,110,64,25,92,126,73,48" hai2="99,75,22,26,121,41,34,11,56,39,107,97,71" hai3="46,30,103,100,32,117,35,72,62,89,29,54,98"/><U65/><E115/><V127/><F71/><W58/><G72/><T14/><D112/><U47/><E126/><V76/><F121/><W59/><G117/><T93/><D111/><U79/><E110/><V27/><F127/><W74/><G74/><T131/><D131/><U116/><E116/><V95/><F107/><W80/><G35/><T1/><D1/><U40/><E65/><V114/><F114/><W113/><G113/><T125/><D125/><U6/><E73/><V84/><F75/><W134/><G32/><T60/><D133/><U130/><E79/><V52/><F11/><W105/><G134/><T132/><D132/><U106/><E106/><V51/><F34/><W82/><G105/><T68/><D13/><U8/><E130/><V129/><F129/><W70/><G70/><T122/><D122/><U19/><E25/><V15/><F39/><W33/><G33/><T118/><D118/><U37/><E6/><V85/><F41/><W21/><G46/><T31/><D31/><U4/><E4/><V86/><F76/><W101/><G59/><T88/><D77/><U124/><E124/><V67/><F67/><W20/><G30/><T78/><D78/><U94/><E37/><V24/><REACH who="2" step="1"/><F95/><REACH who="2" ten="420,240,80,240" step="2"/><N who="1" m="36393" /><E90/><V17/><AGARI ba="2,2" hai="15,17,22,24,26,27,51,52,56,84,85,86,97,99" machi="17" ten="40,8000,1" yaku="1,1,0,1,8,1,52,1,54,1,53,0" doraHai="12" doraHaiUra="69" who="2" fromWho="2" sc="420,-22,240,-42,80,106,240,-22" /><INIT seed="2,0,0,4,2,3" ten="398,198,186,218" oya="2" hai0="81,12,131,116,100,58,13,88,77,29,102,61,126" hai1="48,18,7,98,117,1,41,124,68,19,21,37,63" hai2="9,83,97,84,115,43,82,87,53,14,35,128,76" hai3="50,22,89,135,114,99,79,113,119,59,0,52,86"/><V110/><F115/><N who="3" m="44043" /><G119/><T95/><D126/><U104/><E117/><V69/><F35/><W6/><G135/><T26/><D131/><U130/><E124/><V107/><F128/><W27/><G79/><T60/><D116/><U65/><E130/><V96/><F110/><W73/><G99/><T16/><D81/><U33/><E21/><V120/><F120/><W74/><G6/><T125/><D77/><U54/><E33/><V40/><F69/><W51/><G51/><T36/><D36/><U127/><E127/><V8/><F53/><W46/><G0/><T34/><D12/><U92/><E104/><V38/><F38/><W133/><G59/><T132/><D61/><U134/><E134/><V94/><F107/><W105/><G105/><T23/><D132/><U123/><E123/><V55/><F55/><W4/><G4/><T72/><D72/><U108/><E108/><V78/><REACH who="2" step="1"/><F14/><REACH who="2" ten="398,198,176,218" step="2"/><W28/><G133/><T47/><D125/><U64/><E64/><V67/><F67/><W30/><G30/><T56/><D34/><U49/><E37/><V5/><F5/><W90/><G52/><N who="0" m="33799" /><D29/><U118/><E118/><V111/><F111/><W122/><G28/><T17/><D13/><U121/><E121/><V10/><F10/><W103/><G122/><T106/><D106/><U32/><E32/><V112/><F112/><W31/><G31/><T39/><D39/><U80/><E54/><V71/><F71/><W11/><G11/><T2/><D2/><U24/><E68/><V42/><F42/><W25/><G22/><T15/><D23/><U75/><E41/><RYUUKYOKU ba="0,1" sc="398,-10,198,-10,176,30,218,-10" hai2="8,9,40,43,76,78,82,83,84,87,94,96,97" /><INIT seed="2,1,1,5,5,20" ten="388,188,206,208" oya="2" hai0="76,61,6,82,9,129,10,73,33,128,25,36,31" hai1="29,109,45,34,8,98,16,117,133,50,91,65,126" hai2="83,19,1,22,44,59,68,53,69,27,74,110,7" hai3="121,134,80,120,47,78,112,93,2,99,107,41,51"/><V108/><F44/><W87/><G2/><T55/><D36/><U86/><E117/><V37/><F37/><W115/><G107/><T4/><D55/><U92/><E109/><N who="2" m="42091" /><F7/><N who="0" m="2602" /><D61/><U124/><E65/><V127/><F1/><W35/><G35/><T114/><D114/><N who="3" m="43561" /><G134/><T15/><D15/><N who="1" m="7271" /><E133/><V103/><F103/><AGARI ba="1,1" hai="41,47,51,78,80,87,93,99,103,120,121" m="43561" machi="103" ten="30,1000,0" yaku="11,1" doraHai="20" who="3" fromWho="2" sc="388,0,188,0,206,-13,208,23" /><INIT seed="3,0,0,0,1,48" ten="388,188,193,231" oya="3" hai0="101,54,93,63,57,75,5,77,16,41,43,10,96" hai1="120,33,66,82,23,123,128,108,95,27,74,99,91" hai2="107,53,71,134,98,3,28,26,34,8,130,129,115" hai3="88,37,60,119,87,6,44,125,121,45,32,1,24"/><W13/><G1/><T118/><D118/><U0/><E0/><V38/><F115/><W80/><G121/><T12/><D75/><U11/><E33/><V58/><F134/><W29/><G119/><T19/><D77/><U100/><E108/><V126/><F126/><W94/><G125/><T47/><D43/><U7/><E128/><N who="2" m="49259" /><F71/><W61/><G37/><AGARI ba="0,0" hai="5,10,12,16,19,37,41,47,54,57,63,93,96,101" machi="37" ten="30,3900,0" yaku="7,1,52,1,54,1" doraHai="48" who="0" fromWho="3" sc="388,39,188,0,193,0,231,-39" owari="427,52.7,188,-31.2,193,-0.7,192,-20.8" /></mjloggm>