<mjloggm ver="2.3"><GO type="225" lobby="0"/><UN n0="%4D%50%43%32%38%30%30" n1="%E3%82%B7%E3%83%B3%E5%A4%AA%E6%9C%97" n2="%E8%81%B7%E6%A5%AD%E3%80%81%E9%A2%A8%32" n3="%E3%81%A1%E3%82%85%E3%81%86%E3%81%A9%E3%81%8F%E8%B1%A1%E3%81%95%E3%82%93" dan="16,16,16,17" rate="2119.19,2119.61,2090.00,2197.77" sx="M,M,M,M"/><TAIKYOKU oya="0"/><INIT seed="0,0,0,0,0,111" ten="250,250,250,250" oya="0" hai0="21,73,77,101,131,26,115,20,91,119,122,65,53" hai1="106,125,49,45,104,113,96,54,90,62,69,83,56" hai2="132,46,124,112,32,127,92,107,97,71,11,70,120" hai3="16,38,60,51,135,81,87,42,116,39,108,128,64"/><T99/><D119/><U31/><E125/><N who="2" m="48203" /><F120/><W37/><G116/><T134/><D122/><U105/><E69/><N who="2" m="26123" /><F32/><W27/><G108/><T0/><D65/><U52/><E31/><V59/><F107/><W114/><G128/><T79/><D0/><U41/><E113/><V117/><F117/><W33/><G135/><T8/><D131/><U110/><E110/><V85/><F112/><W126/><G126/><T66/><D66/><U55/><REACH who="1" step="1"/><E96/><REACH who="1" ten="250,240,250,250" step="2"/><V67/><F97/><W118/><G114/><T102/><D115/><U5/><E5/><V36/><F132/><W57/><G118/><T95/><D134/><U4/><E4/><V35/><F35/><W89/><G33/><T1/><D99/><U18/><E18/><V75/><F59/><W72/><G16/><T80/><D102/><U15/><E15/><V7/><F7/><W82/><G27/><T100/><D101/><U86/><AGARI ba="0,1" hai="41,45,49,52,54,55,56,62,83,86,90,104,105,106" machi="86" ten="40,8000,1" yaku="1,1,0,1,54,1,53,1" doraHai="111" doraHaiUra="40" who="1" fromWho="1" sc="250,-40,240,90,250,-20,250,-20" /><INIT seed="1,0,0,2,4,135" ten="210,330,230,230" oya="1" hai0="64,34,126,92,4,45,82,40,99,35,117,39,127" hai1="118,62,44,24,109,67,56,74,48,36,21,27,105" hai2="26,68,73,101,13,58,15,9,115,8,132,3,5" hai3="55,31,84,112,61,0,81,108,103,90,100,89,80"/><U65/><E118/><V72/><F68/><W43/><G112/><T98/><D117/><U7/><E105/><V30/><F132/><W28/><G0/><T125/><D64/><U63/><E109/><V93/><F3/><W78/><G108/><T121/><D121/><U75/><E36/><V42/><F115/><W107/><G43/><T96/><D4/><U70/><E7/><V23/><F42/><W17/><G107/><T66/><D66/><U111/><E111/><V47/><F47/><W95/><G17/><T53/><D53/><U33/><E33/><N who="0" m="12297" /><D82/><U41/><REACH who="1" step="1"/><E27/><REACH who="1" ten="210,320,230,230" step="2"/><V51/><F5/><W76/><G78/><T69/><D69/><U14/><E14/><V102/><F15/><W19/><G76/><T83/><D83/><U113/><E113/><V119/><F13/><W1/><G80/><T104/><D104/><U91/><E91/><AGARI ba="0,1" hai="39,40,45,91,92,96,98,99,125,126,127" m="12297" machi="91" ten="40,8000,1" yaku="18,1,52,3" doraHai="135" who="0" fromWho="1" sc="210,90,320,-80,230,0,230,0" /><INIT seed="2,0,0,1,5,83" ten="300,240,230,230" oya="2" hai0="78,98,101,20,57,23,67,27,7,24,19,53,123" hai1="120,113,103,66,130,129,43,91,64,71,79,82,46" hai2="10,9,58,74,2,36,21,68,32,39,35,114,62" hai3="116,52,108,134,47,4,54,128,84,22,72,45,122"/><V18/><F114/><W131/><G122/><T34/><D34/><U8/><E120/><V30/><F74/><W107/><G116/><T15/><D123/><U13/><E113/><V0/><F68/><W126/><G72/><T73/><D67/><U95/><E103/><V5/><F39/><W29/><G107/><T16/><D73/><U118/><E118/><V96/><F36/><W133/><G4/><T90/><D78/><U40/><E71/><V3/><F96/><W63/><G108/><T117/><D117/><U69/><E69/><V25/><F58/><N who="3" m="35271" /><G84/><T6/><D90/><U28/><E28/><V41/><F62/><W80/><G80/><T111/><D15/><U104/><E104/><V14/><F41/><W110/><G110/><T124/><D124/><U106/><E106/><V100/><F100/><W87/><G87/><T97/><D111/><U85/><E40/><V11/><F11/><W75/><G75/><T89/><D89/><U76/><E76/><V94/><F94/><W77/><G77/><T86/><D86/><N who="1" m="48479" /><E130/><N who="3" m="49706" /><G126/><T49/><D98/><U92/><E92/><AGARI ba="0,0" hai="6,7,16,19,20,23,24,27,49,53,57,92,97,101" machi="92" ten="30,7700,0" yaku="7,1,9,1,8,1,54,1" doraHai="83" who="0" fromWho="1" sc="300,77,240,-77,230,0,230,0" /><INIT seed="3,0,0,1,3,11" ten="377,163,230,230" oya="3" hai0="129,49,101,84,117,7,115,70,121,116,93,4,19" hai1="73,13,39,41,32,61,77,127,33,65,8,56,75" hai2="118,112,107,89,47,91,38,71,108,119,30,51,125" hai3="37,82,80,0,60,14,50,131,35,87,97,34,111"/><W114/><G114/><T53/><D121/><U24/><E127/><V68/><F38/><W130/><G37/><T79/><D70/><U48/><E39/><V67/><F30/><W26/><G0/><T27/><D129/><N who="3" m="49161" /><G111/><T78/><D115/><U55/><E41/><V16/><F108/><W103/><G50/><T12/><D27/><U42/><E42/><V109/><F109/><W66/><G14/><T44/><D116/><U74/><E24/><V5/><F51/><W69/><G26/><T23/><D117/><U105/><E105/><V22/><F125/><W92/><G82/><N who="0" m="47191" /><D79/><AGARI ba="0,0" hai="34,35,60,66,69,79,80,87,92,97,103" m="49161" machi="79" ten="30,1500,0" yaku="19,1" doraHai="11" who="3" fromWho="0" sc="377,-15,163,0,230,0,230,15" /><INIT seed="3,1,0,5,2,117" ten="362,163,230,245" oya="3" hai0="47,23,31,37,15,59,4,18,46,55,118,88,80" hai1="45,12,62,75,79,132,11,115,94,121,109,129,120" hai2="81,27,49,85,33,14,106,54,61,108,90,128,26" hai3="43,84,29,125,1,77,28,7,134,99,53,83,98"/><W102/><G134/><T82/><D37/><U60/><E115/><V34/><F108/><W78/><G125/><T123/><D123/><U20/><E132/><V44/><F106/><W6/><G43/><T0/><D118/><U122/><E109/><V19/><F128/><W124/><G124/><T50/><D31/><N who="3" m="11849" /><G77/><T24/><D0/><U130/><E20/><V69/><F69/><W21/><G1/><T111/><D111/><U17/><E94/><V67/><F67/><W92/><G99/><T66/><D88/><U65/><E45/><N who="0" m="16905" /><D66/><U96/><E96/><V116/><F116/><W87/><G87/><T70/><D70/><U126/><E126/><V133/><F61/><W30/><G53/><T89/><D89/><U72/><E62/><V93/><F93/><W8/><G8/><AGARI ba="1,0" hai="4,8,15,18,23,24,50,55,59,80,82" m="16905" machi="8" ten="30,1000,0" yaku="8,1" doraHai="117" who="0" fromWho="3" sc="362,13,163,0,230,0,245,-13" owari="375,47.5,163,-33.7,230,-17.0,232,3.2" /></mjloggm>