<mjloggm ver="2.3"><GO type="225" lobby="0"/><UN n0="%E3%83%B4%E3%83%A0%EF%BC%99%E3%81%A6" n1="%E5%AE%AE%E4%BF%9D%E9%B6%8F%E8%82%89" n2="%E3%81%8B%E3%82%8F%E3%81%A1%E3%82%83%E3%82%93%35%38" n3="%E9%B3%B3%E6%9D%B1%E3%81%AE%E3%81%86%E3%81%95%E3%81%8E%E3%81%95%E3%82%93" dan="16,16,16,16" rate="2174.88,2130.67,2120.20,2135.64" sx="M,M,M,M"/><TAIKYOKU oya="0"/><INIT seed="0,0,0,0,0,93" ten="250,250,250,250" oya="0" hai0="96,71,40,125,29,132,102,5,99,77,113,124,65" hai1="106,46,62,21,76,68,111,52,20,7,85,70,128" hai2="10,82,27,97,39,54,25,98,8,35,84,66,15" hai3="24,50,87,55,48,14,135,9,18,83,129,53,23"/><T26/><D113/><U104/><E111/><V60/><F39/><W94/><G129/><T120/><D120/><U72/><E72/><V88/><F54/><W114/><G135/><T32/><D132/><U134/><E134/><V116/><F116/><W3/><G3/><T12/><D77/><U38/><E7/><V122/><F122/><W107/><G107/><T43/><D12/><U59/><E128/><V133/><F133/><W47/><G114/><T90/><D5/><U16/><E20/><V11/><F15/><W79/><G94/><T44/><D90/><U109/><E109/><V69/><REACH who="2" step="1"/><F35/><REACH who="2" ten="250,250,240,250" step="2"/><W17/><REACH who="3" step="1"/><G50/><REACH who="3" ten="250,250,240,240" step="2"/><T67/><D124/><U86/><E38/><V4/><F4/><W2/><G2/><T118/><D125/><U34/><E106/><V49/><F49/><W0/><G0/><T13/><D118/><U119/><E104/><V112/><F112/><W123/><G123/><T33/><D33/><U108/><E119/><V89/><F89/><W45/><G45/><T22/><D32/><U110/><E34/><V51/><F51/><W126/><G126/><T73/><D44/><U64/><E110/><V36/><F36/><W131/><G131/><T80/><D102/><U92/><E108/><V31/><F31/><W105/><G105/><T42/><D29/><U95/><E46/><V28/><F28/><W30/><G30/><T81/><D13/><U75/><E76/><V63/><F63/><W74/><G74/><T56/><D73/><U100/><E75/><V61/><F61/><W57/><G57/><T91/><D56/><U130/><E59/><RYUUKYOKU ba="0,2" sc="250,-15,250,-15,240,15,240,15" hai2="8,10,11,25,27,60,66,69,82,84,88,97,98" hai3="9,14,17,18,23,24,47,48,53,55,79,83,87" /><INIT seed="1,1,2,2,0,37" ten="235,235,255,255" oya="1" hai0="17,110,120,42,12,132,44,28,75,24,15,129,89" hai1="48,18,88,87,57,9,66,109,59,79,21,70,122" hai2="113,68,32,106,92,35,95,8,65,62,80,36,49" hai3="102,90,27,130,61,82,25,114,135,7,6,5,39"/><U121/><E79/><V76/><F106/><W99/><G114/><T104/><D104/><U119/><E119/><V45/><F113/><W50/><G130/><T81/><D129/><U115/><E115/><V22/><F36/><W128/><G39/><T43/><D110/><U55/><E70/><V14/><F22/><W131/><G135/><T77/><D132/><U123/><E9/><V127/><F127/><W20/><G61/><T74/><D74/><U1/><E1/><V13/><F35/><W31/><G50/><T125/><D125/><U94/><E109/><V16/><F14/><W72/><G25/><T112/><D112/><U83/><E83/><V38/><F32/><W69/><G69/><T63/><D63/><U29/><E29/><V86/><REACH who="2" step="1"/><F38/><REACH who="2" ten="235,235,245,255" step="2"/><W134/><G134/><T73/><D12/><N who="1" m="9415" /><E123/><V108/><F108/><W101/><G131/><T2/><D15/><U91/><E121/><V10/><F10/><W41/><G128/><T52/><D120/><U58/><E122/><V19/><F19/><W107/><G107/><T0/><D17/><U26/><E26/><V64/><F64/><W103/><G27/><T133/><D133/><U54/><E66/><V71/><F71/><W105/><G20/><T40/><D24/><U60/><E58/><V93/><F93/><N who="3" m="56759" /><G105/><T34/><D34/><U126/><E126/><V111/><F111/><W96/><G31/><T78/><D28/><U56/><E59/><V124/><F124/><W67/><G67/><T47/><D0/><U98/><E98/><V117/><F117/><W118/><G118/><T85/><D2/><RYUUKYOKU ba="1,3" sc="235,-15,235,15,245,15,255,-15" hai1="48,54,55,56,57,60,87,88,91,94" hai2="8,13,16,45,49,62,65,68,76,80,86,92,95" /><INIT seed="1,2,3,5,5,135" ten="220,250,260,240" oya="1" hai0="7,65,92,61,84,8,4,129,110,42,12,124,10" hai1="80,125,131,130,52,51,34,47,97,76,48,132,81" hai2="55,123,122,62,128,1,105,17,24,106,70,23,63" hai3="9,2,21,26,46,57,133,93,111,35,113,75,19"/><U16/><E34/><V73/><F73/><W11/><G133/><T88/><D110/><U118/><E118/><V86/><F1/><W101/><G113/><T33/><D129/><N who="1" m="49163" /><E132/><V44/><F128/><W45/><G75/><T15/><D33/><U69/><E69/><V60/><F70/><W104/><G104/><T28/><D28/><U126/><E97/><V67/><F67/><W120/><G120/><T134/><D134/><U74/><E80/><V82/><F106/><W117/><G111/><T40/><REACH who="0" step="1"/><D124/><REACH who="0" ten="210,250,260,240" step="2"/><U91/><E91/><V53/><F123/><W87/><G35/><T71/><AGARI ba="2,4" hai="4,7,8,10,12,15,40,42,61,65,71,84,88,92" machi="71" ten="20,12000,2" yaku="1,1,2,1,0,1,7,1,9,1,54,1,53,0" doraHai="135" doraHaiUra="114" who="0" fromWho="0" sc="210,166,250,-62,260,-32,240,-32" /><INIT seed="2,0,0,3,1,91" ten="376,188,228,208" oya="2" hai0="102,46,25,10,55,72,15,59,0,68,65,117,76" hai1="7,75,105,93,101,39,23,125,115,116,32,47,14" hai2="45,99,134,135,114,98,1,36,79,131,18,89,112" hai3="43,64,95,107,30,70,113,42,8,19,128,2,52"/><V50/><F1/><W67/><G107/><T49/><D117/><U86/><E115/><V21/><F36/><W60/><G113/><N who="2" m="43625" /><F79/><W97/><G128/><T48/><D0/><U81/><E116/><V106/><F131/><W40/><G30/><T80/><D102/><U77/><E32/><V124/><F89/><N who="3" m="55535" /><G70/><T87/><D25/><U62/><E125/><V109/><F106/><W41/><N who="3" m="10240" /><DORA hai="9" /><W83/><G83/><T127/><D127/><U90/><E39/><V104/><F104/><W58/><G2/><T17/><D68/><U31/><E47/><V84/><F124/><W57/><G57/><T5/><D65/><U96/><E62/><V69/><F69/><W129/><G129/><T35/><D35/><U4/><E31/><V132/><F132/><W56/><G56/><T29/><D29/><U123/><E123/><V85/><F135/><W66/><G66/><T6/><D72/><U73/><E75/><V3/><F3/><W108/><G108/><T53/><AGARI ba="0,0" hai="5,6,10,15,17,46,48,49,53,55,59,76,80,87" machi="53" ten="20,5200,0" yaku="0,1,7,1,8,1,52,1" doraHai="91,9" who="0" fromWho="0" sc="376,52,188,-13,228,-26,208,-13" /><INIT seed="3,0,0,3,0,102" ten="428,175,202,195" oya="3" hai0="86,16,63,123,95,62,58,124,129,87,99,2,100" hai1="12,40,33,20,79,47,54,25,59,109,85,67,131" hai2="9,88,29,82,8,90,13,5,23,104,26,70,27" hai3="80,51,32,18,108,45,14,98,61,127,83,7,117"/><W38/><G117/><T6/><D123/><U110/><E33/><V115/><F115/><W119/><G119/><T112/><D112/><U35/><E35/><V121/><F70/><W55/><G32/><T120/><D120/><U53/><E12/><V128/><F121/><W78/><G38/><T89/><D124/><U116/><E116/><V96/><F128/><W81/><G127/><T125/><D125/><U3/><E3/><V74/><F27/><W133/><G133/><T69/><D69/><U50/><E131/><V66/><F66/><W92/><G61/><T64/><D63/><U36/><E67/><V52/><F52/><W97/><G7/><T126/><D129/><U103/><E103/><V11/><F104/><W107/><G107/><T49/><D49/><U71/><E71/><V15/><F74/><W113/><G98/><T22/><D126/><U28/><REACH who="1" step="1"/><E54/><REACH who="1" ten="428,165,202,195" step="2"/><V21/><F15/><W34/><G34/><T56/><D100/><U57/><E57/><V114/><F13/><W130/><G113/><T122/><D122/><U42/><E42/><V68/><F68/><W1/><G1/><T77/><D77/><U30/><E30/><V118/><F114/><W31/><G31/><T73/><D73/><U46/><E46/><V0/><F118/><W48/><G130/><T75/><D75/><U94/><E94/><N who="2" m="56391" /><F0/><W134/><G108/><T84/><D2/><U105/><E105/><V24/><F29/><W60/><G134/><T93/><D6/><U19/><E19/><N who="2" m="12351" /><F5/><W4/><G4/><T132/><D132/><U76/><E76/><V17/><F90/><RYUUKYOKU ba="0,1" sc="428,-15,165,15,202,15,195,-15" hai1="20,25,28,36,40,47,50,53,59,79,85,109,110" hai2="8,9,11,17,23,26,82" owari="423,52.3,180,-22.0,217,1.7,180,-32.0" /></mjloggm>