<mjloggm ver="2.3"><GO type="225" lobby="0"/><UN n0="%E7%AD%89%E3%80%85%E5%8A%9B%E5%8A%87%E5%A0%B4" n1="%E3%81%8B%E3%82%8F%E3%81%A1%E3%82%83%E3%82%93%35%38" n2="%6D%75%75%6D%75%72%61" n3="%E9%B3%B3%E6%9D%B1%E3%81%AE%E3%81%86%E3%81%95%E3%81%8E%E3%81%95%E3%82%93" dan="17,16,16,17" rate="2181.68,2133.31,2146.01,2188.78" sx="M,M,F,M"/><TAIKYOKU oya="0"/><INIT seed="0,0,0,4,0,94" ten="250,250,250,250" oya="0" hai0="76,45,39,116,123,117,89,101,118,81,13,15,23" hai1="65,20,129,32,79,21,96,122,128,40,102,72,27" hai2="37,112,115,47,31,126,62,33,50,51,100,55,41" hai3="104,5,58,105,133,61,90,80,10,30,107,19,85"/><T84/><D123/><U134/><E122/><V97/><F126/><W60/><G133/><T35/><D35/><U98/><E134/><V7/><F7/><W3/><G30/><T52/><D23/><N who="1" m="8779" /><E40/><V109/><F62/><W78/><G19/><T99/><D76/><U108/><E102/><V110/><F31/><W36/><G36/><T132/><D132/><U113/><E65/><V11/><F11/><W63/><REACH who="3" step="1"/><G78/><REACH who="3" ten="250,250,250,240" step="2"/><T91/><D39/><U95/><E79/><V73/><F37/><W120/><G120/><T44/><D118/><U25/><E129/><V12/><F33/><W70/><G70/><T24/><D117/><U131/><E128/><V71/><F71/><W53/><AGARI ba="0,1" hai="3,5,10,53,58,60,61,63,80,85,90,104,105,107" machi="53" ten="30,2000,0" yaku="1,1,0,1,53,0" doraHai="94" doraHaiUra="127" who="3" fromWho="3" sc="250,-10,250,-5,250,-5,240,30" /><INIT seed="1,0,0,1,3,99" ten="240,245,245,270" oya="1" hai0="101,102,62,112,103,44,135,0,13,12,49,5,97" hai1="51,122,23,39,36,60,10,113,92,6,105,83,16" hai2="61,127,90,129,65,119,95,1,71,84,34,26,79" hai3="58,74,68,66,17,41,70,2,78,114,128,126,35"/><U54/><E113/><V82/><F119/><W87/><G35/><T32/><D112/><U31/><E122/><V69/><F129/><W53/><G74/><T108/><D32/><U86/><E105/><V100/><F127/><W45/><G2/><T125/><D108/><U27/><E60/><V88/><F1/><W107/><G107/><T63/><D0/><U64/><E64/><V55/><F55/><W48/><G114/><T29/><D29/><U18/><E92/><V98/><REACH who="2" step="1"/><F71/><REACH who="2" ten="240,245,235,270" step="2"/><W3/><G53/><N who="0" m="29863" /><D125/><U115/><E115/><V33/><F33/><W118/><G68/><T96/><D135/><U19/><E6/><V7/><F7/><W25/><G70/><T37/><D5/><U130/><E130/><V76/><F76/><W24/><G78/><T15/><D37/><U104/><E104/><V52/><F52/><W81/><G3/><T56/><D63/><U109/><E109/><V134/><F134/><W120/><G118/><T133/><D133/><U121/><E121/><V38/><F38/><W43/><G120/><T22/><D22/><U8/><E39/><V30/><AGARI ba="0,1" hai="26,30,34,61,65,69,79,82,84,88,90,95,98,100" machi="30" ten="30,7900,0" yaku="1,1,0,1,52,1,54,1,53,0" doraHai="99" doraHaiUra="40" who="2" fromWho="2" sc="240,-20,245,-39,235,89,270,-20" /><INIT seed="2,0,0,1,1,95" ten="220,206,324,250" oya="2" hai0="68,49,58,8,48,13,77,56,41,115,133,39,113" hai1="126,97,32,72,81,0,27,36,99,22,45,11,84" hai2="46,117,9,105,71,62,15,69,38,66,24,74,98" hai3="29,18,35,85,122,3,47,107,102,131,119,1,26"/><V14/><F117/><W23/><G119/><T94/><D68/><U59/><E32/><V4/><F74/><W128/><G122/><T129/><D39/><U110/><E72/><V112/><F112/><W5/><G47/><T37/><D37/><U90/><E110/><V43/><F71/><W40/><G40/><T83/><D133/><U16/><E126/><V96/><F105/><W60/><G60/><T118/><D118/><U124/><E124/><V111/><F111/><W65/><G65/><T106/><D106/><U132/><E132/><V2/><REACH who="2" step="1"/><F24/><REACH who="2" ten="220,206,314,250" step="2"/><W125/><G26/><T64/><D115/><U42/><REACH who="1" step="1"/><E59/><REACH who="1" ten="220,196,314,250" step="2"/><V100/><F100/><W21/><G102/><T17/><D113/><U10/><E10/><V50/><F50/><W135/><G135/><T78/><D8/><U79/><E79/><V89/><F89/><W55/><G125/><T70/><D78/><U116/><E116/><V51/><F51/><W53/><G131/><T114/><D77/><U19/><E19/><V6/><F6/><AGARI ba="0,2" hai="0,6,11,16,22,27,36,42,45,81,84,90,97,99" machi="6" ten="40,8000,1" yaku="1,1,52,2,54,1,53,0" doraHai="95" doraHaiUra="88" who="1" fromWho="2" sc="220,0,196,100,314,-80,250,0" /><INIT seed="3,0,0,3,5,37" ten="220,296,234,250" oya="3" hai0="13,33,52,67,68,6,87,20,72,27,69,89,109" hai1="4,99,16,41,0,108,107,129,51,104,85,120,80" hai2="95,125,10,124,61,79,57,92,127,96,114,73,17" hai3="132,77,18,102,82,40,43,63,130,8,135,31,30"/><W70/><G102/><T44/><D72/><U78/><E120/><V36/><F36/><W128/><G18/><T123/><D123/><U26/><E0/><V49/><F114/><W122/><G122/><T35/><D109/><U65/><E65/><N who="2" m="39087" /><F49/><W53/><G8/><T47/><D35/><U42/><E4/><V100/><F79/><W5/><G5/><T14/><D33/><U29/><E107/><N who="2" m="63879" /><F73/><N who="3" m="43311" /><G53/><T117/><D117/><U45/><E129/><N who="3" m="49770" /><G63/><T39/><D6/><U103/><E108/><V113/><F113/><W105/><G70/><T126/><D69/><U38/><E16/><V71/><F71/><W88/><G88/><T60/><D126/><U66/><E66/><V32/><F32/><W133/><G105/><T118/><D118/><U34/><E38/><V22/><F10/><W112/><G112/><T64/><D64/><U3/><E3/><V12/><AGARI ba="0,0" hai="12,17,22,92,95,124,125,127" m="63879,39087" machi="12" ten="30,1100,0" yaku="18,1" doraHai="37" who="2" fromWho="2" sc="220,-3,296,-3,234,11,250,-5" /><INIT seed="4,0,0,2,4,80" ten="217,293,245,245" oya="0" hai0="120,88,0,69,128,36,83,31,56,72,135,10,134" hai1="47,116,112,19,57,12,30,40,46,17,78,20,3" hai2="48,27,7,61,81,11,102,29,118,54,9,125,96" hai3="13,43,122,2,52,119,132,129,85,75,79,99,53"/><T89/><D69/><U91/><E3/><V68/><F125/><W41/><G2/><T108/><D120/><U55/><E116/><V109/><F109/><W127/><G75/><T1/><D36/><U73/><E73/><V94/><F118/><W117/><G117/><T71/><D71/><U90/><E78/><V115/><F115/><W107/><G119/><T42/><D0/><U124/><E124/><V103/><F103/><W111/><G111/><T110/><D42/><N who="3" m="15881" /><G107/><T8/><D110/><U66/><E66/><V100/><F100/><W24/><G129/><T63/><D108/><U23/><E30/><V97/><F97/><W86/><G132/><N who="0" m="50731" /><D31/><U25/><E112/><V133/><F133/><W58/><G122/><T104/><D104/><U123/><E123/><V34/><F7/><W44/><G127/><T21/><D128/><U114/><E114/><V87/><F68/><W35/><G35/><T38/><D38/><U64/><E64/><V51/><F61/><N who="3" m="36039" /><G79/><N who="0" m="44519" /><D21/><U101/><E101/><V45/><F51/><N who="3" m="28903" /><G24/><T16/><D1/><U105/><E105/><V5/><F5/><W76/><G76/><AGARI ba="0,0" hai="9,11,27,29,34,45,48,54,76,81,87,94,96,102" machi="76" ten="30,2000,0" yaku="7,1,52,1" doraHai="80" who="2" fromWho="3" sc="217,0,293,0,245,20,245,-20" /><INIT seed="5,0,0,1,5,4" ten="217,293,265,225" oya="1" hai0="63,2,96,43,133,121,77,17,37,60,42,130,123" hai1="41,5,55,81,12,91,52,82,90,10,3,46,59" hai2="126,72,119,28,49,7,106,101,54,27,20,31,57" hai3="124,6,38,118,76,110,88,35,21,132,30,25,53"/><U51/><E3/><V131/><F119/><W69/><G38/><T26/><D2/><U71/><E71/><V105/><F72/><W97/><G69/><T87/><D37/><U98/><E55/><V70/><F70/><W134/><G110/><T36/><D36/><U108/><E108/><V111/><F111/><W128/><G118/><T75/><D75/><U122/><E122/><N who="0" m="46601" /><D96/><U68/><E68/><V95/><F131/><W67/><G67/><T24/><D77/><U92/><E91/><V66/><F126/><W18/><G76/><T99/><D99/><U40/><E40/><N who="0" m="15401" /><D87/><U0/><E0/><V64/><F64/><W112/><G112/><T23/><D133/><N who="3" m="51305" /><G6/><T11/><D130/><U85/><E98/><V125/><F66/><W56/><G124/><T104/><D104/><U86/><E86/><V115/><F125/><W8/><G128/><T19/><D26/><U61/><AGARI ba="0,0" hai="5,10,12,41,46,51,52,59,61,81,82,85,90,92" machi="61" ten="20,12000,1" yaku="0,1,7,1,8,1,52,1,54,1" doraHai="4" who="1" fromWho="1" sc="217,-40,293,120,265,-40,225,-40" owari="177,-32.3,413,51.3,225,2.5,185,-21.5" /></mjloggm>