<mjloggm ver="2.3"><GO type="225" lobby="0"/><UN n0="%65%6B%61%72%75%74%65" n1="%E3%83%B4%E3%83%A0%EF%BC%99%E3%81%A6" n2="%E3%82%BC%E3%83%AB%E3%83%80%E3%81%AE%E4%BC%9D%E8%AA%AC" n3="%33%74%72%65%65" dan="16,17,16,16" rate="2191.05,2186.19,2223.71,2153.21" sx="M,M,M,F"/><TAIKYOKU oya="0"/><INIT seed="0,0,0,3,0,38" ten="250,250,250,250" oya="0" hai0="36,54,118,125,71,92,26,31,3,121,35,25,1" hai1="78,0,46,45,68,29,81,52,19,51,99,132,117" hai2="4,22,73,64,103,67,77,50,126,135,107,88,11" hai3="91,85,18,47,76,57,95,27,84,124,43,16,12"/><T97/><D118/><U55/><E117/><V119/><F119/><W106/><G106/><T120/><D71/><U37/><E68/><V79/><F126/><W13/><G124/><T131/><D125/><U116/><E116/><V34/><F34/><W17/><G27/><T40/><D131/><U109/><E0/><V9/><F135/><W111/><G111/><T82/><D54/><U21/><E109/><V80/><F79/><W86/><G57/><T7/><D82/><U56/><E132/><V128/><F128/><W6/><G6/><T129/><D26/><U30/><E99/><V28/><F107/><W5/><G76/><T8/><D1/><U123/><E123/><V93/><F103/><W100/><G100/><T15/><D3/><U32/><E32/><V53/><F22/><W83/><G83/><T87/><D87/><N who="3" m="33353" /><G5/><T112/><D112/><U113/><E113/><V23/><F23/><W66/><G66/><N who="2" m="25129" /><F28/><W65/><G65/><T58/><D58/><U61/><E81/><V10/><F4/><W114/><G114/><T49/><D36/><U90/><E90/><V2/><F2/><W105/><G105/><T104/><D104/><U96/><E78/><V74/><F74/><W130/><G130/><T72/><D72/><U59/><E37/><V20/><F20/><W39/><G39/><T127/><D127/><U62/><E21/><V42/><F88/><W14/><G47/><N who="0" m="25831" /><D129/><U115/><E115/><V44/><F93/><W60/><G60/><T101/><D121/><U102/><E62/><V41/><F73/><W69/><G69/><T98/><D120/><RYUUKYOKU ba="0,0" sc="250,10,250,-30,250,10,250,10" hai0="7,8,15,25,31,35,92,97,98,101" hai2="9,10,11,41,42,44,50,53,77,80" hai3="12,13,14,16,17,18,43,86,91,95" /><INIT seed="0,1,0,2,5,76" ten="260,220,260,260" oya="0" hai0="90,60,92,134,5,46,53,6,21,127,48,50,102" hai1="69,87,103,51,28,31,121,107,36,58,30,95,16" hai2="44,20,110,93,38,98,104,116,17,78,99,66,130" hai3="70,41,72,3,39,27,19,1,88,105,73,100,23"/><T120/><D120/><U84/><E121/><V54/><F110/><W135/><G70/><T109/><D127/><U81/><E69/><V42/><F130/><W75/><G135/><T61/><D134/><U40/><E107/><V125/><F125/><W10/><G10/><T49/><D102/><U86/><E36/><V12/><F116/><W123/><G123/><T124/><D109/><U8/><E95/><V126/><F126/><W0/><G100/><T101/><D101/><U132/><E103/><V67/><F104/><W14/><G105/><T97/><D124/><U45/><E58/><V113/><F113/><W55/><G55/><T57/><D21/><U111/><E132/><V33/><F33/><W89/><REACH who="3" step="1"/><G27/><REACH who="3" ten="260,220,260,250" step="2"/><T117/><D117/><U108/><E108/><V118/><F54/><W11/><G11/><T65/><REACH who="0" step="1"/><D46/><AGARI ba="1,1" hai="0,1,3,14,19,23,39,41,46,72,73,75,88,89" machi="46" ten="50,3200,0" yaku="1,1,54,1,53,0" doraHai="76" doraHaiUra="47" who="3" fromWho="0" sc="260,-35,220,0,260,0,250,45" /><INIT seed="1,0,0,3,0,121" ten="225,220,260,295" oya="1" hai0="105,38,89,103,107,75,64,120,95,73,71,83,115" hai1="135,9,27,67,113,8,86,47,102,131,62,2,101" hai2="106,132,49,21,104,108,37,126,76,10,128,36,93" hai3="22,133,40,66,41,118,114,97,94,14,35,17,58"/><U51/><E113/><V12/><F76/><W98/><G114/><T110/><D38/><U5/><E131/><V112/><F112/><W30/><G133/><T88/><D115/><U100/><E135/><V82/><F132/><W46/><G118/><T3/><D3/><U70/><E27/><V117/><F117/><W29/><G35/><T78/><D120/><U111/><E8/><V72/><F128/><W91/><G97/><N who="0" m="59839" /><D64/><U116/><E116/><V13/><F72/><N who="0" m="27722" /><D110/><U60/><E60/><V134/><F82/><W4/><G4/><T18/><D18/><U56/><E86/><V123/><F123/><W33/><G33/><T77/><D77/><U44/><REACH who="1" step="1"/><E111/><REACH who="1" ten="225,210,260,295" step="2"/><V85/><F108/><W15/><G15/><T130/><D130/><U92/><E92/><V20/><F85/><W39/><G94/><T124/><D124/><U99/><E99/><V69/><F93/><W59/><G98/><T109/><D109/><U6/><E6/><V129/><F129/><W42/><G14/><T87/><D71/><U28/><E28/><V81/><F134/><W23/><G29/><T25/><D25/><U43/><E43/><V1/><F126/><W127/><G127/><T84/><D84/><U122/><E122/><V74/><F69/><W65/><G30/><T125/><D125/><U52/><AGARI ba="0,1" hai="2,5,9,44,47,51,52,56,62,67,70,100,101,102" machi="52" ten="30,6000,0" yaku="1,1,0,1,54,1,53,0" doraHai="121" doraHaiUra="16" who="1" fromWho="1" sc="225,-20,210,70,260,-20,295,-20" /><INIT seed="1,1,0,3,3,106" ten="205,280,240,275" oya="1" hai0="86,67,82,76,73,36,103,52,54,60,112,74,123" hai1="129,51,55,90,110,46,81,84,85,33,134,34,68" hai2="28,27,95,104,21,87,65,88,92,75,93,12,121" hai3="127,35,23,8,58,37,77,62,3,94,108,29,111"/><U32/><E68/><V132/><F121/><W43/><G127/><T105/><D112/><U98/><E129/><V61/><F132/><W1/><G35/><T96/><D36/><U56/><E134/><V126/><F126/><W113/><G113/><T115/><D115/><U53/><E110/><N who="3" m="42026" /><G77/><T100/><D100/><U31/><E98/><V97/><F75/><W26/><G8/><T42/><D42/><U131/><E131/><V83/><F12/><W117/><G117/><T109/><D123/><U57/><E31/><V20/><F20/><W13/><G13/><T38/><D38/><U7/><E7/><V119/><F119/><W47/><G94/><T91/><D109/><U130/><E130/><V66/><REACH who="2" step="1"/><F61/><REACH who="2" ten="205,280,230,275" step="2"/><W128/><G128/><T99/><D74/><U116/><E116/><V24/><F24/><W18/><G29/><T101/><D60/><U59/><REACH who="1" step="1"/><E84/><REACH who="1" ten="205,270,230,275" step="2"/><V49/><F49/><AGARI ba="1,2" hai="32,33,34,46,49,51,53,55,56,57,59,81,85,90" machi="49" ten="40,3900,0" yaku="1,1,2,1,53,0" doraHai="106" doraHaiUra="71" who="1" fromWho="2" sc="205,0,270,62,230,-42,275,0" /><INIT seed="1,2,0,2,4,46" ten="205,332,188,275" oya="1" hai0="133,102,116,135,115,15,17,33,65,106,23,4,98" hai1="128,45,110,71,81,84,120,117,68,21,14,32,31" hai2="19,50,29,63,119,90,43,132,51,55,48,78,96" hai3="93,36,73,25,9,112,72,10,62,30,47,28,6"/><U66/><E117/><V57/><F132/><N who="0" m="50762" /><D116/><U108/><E120/><V126/><F126/><W70/><G112/><T20/><D115/><U125/><E125/><V52/><F119/><W91/><G9/><N who="0" m="4519" /><D33/><U86/><E128/><V130/><F130/><W64/><G36/><T41/><D65/><U42/><E32/><V27/><F78/><W82/><G82/><T0/><D0/><U85/><E81/><V60/><F43/><W58/><G70/><T131/><D131/><U95/><E95/><N who="2" m="56439" /><F29/><W87/><G30/><T22/><D41/><U38/><E66/><N who="2" m="39183" /><F63/><W94/><G62/><T61/><D61/><U49/><E38/><V34/><F34/><W134/><G28/><T121/><D121/><U69/><E31/><V114/><F114/><W54/><G134/><T24/><AGARI ba="2,0" hai="17,20,22,23,24,98,102,106" m="4519,50762" machi="24" ten="30,1100,0" yaku="20,1" doraHai="46" who="0" fromWho="0" sc="205,17,332,-7,188,-5,275,-5" /><INIT seed="2,0,0,4,0,30" ten="222,325,183,270" oya="2" hai0="19,113,38,130,60,103,85,115,70,46,41,133,14" hai1="4,59,97,91,18,61,67,78,81,102,27,106,65" hai2="34,92,116,105,28,9,31,114,107,125,0,63,89" hai3="128,36,86,101,39,124,109,43,52,134,16,90,122"/><V77/><F114/><W20/><G122/><T120/><D120/><U112/><E112/><V33/><F116/><W126/><G109/><T76/><D130/><U44/><E4/><V121/><F121/><W54/><G128/><T1/><D1/><U42/><E91/><V64/><F77/><W50/><G101/><T123/><D123/><U110/><E110/><V51/><F125/><N who="3" m="48235" /><G134/><T53/><D103/><U108/><E108/><V48/><F9/><W99/><G99/><T132/><D85/><U82/><E65/><V62/><F89/><W26/><G43/><T55/><D76/><U131/><E131/><V35/><F92/><N who="3" m="54359" /><G54/><T68/><D55/><U17/><E27/><V84/><F84/><W95/><G95/><T2/><D53/><U15/><E15/><V12/><F12/><W111/><G111/><T94/><D2/><U104/><E104/><N who="2" m="40011" /><F0/><W6/><G6/><T127/><D127/><U56/><E81/><V135/><F135/><W10/><G10/><N who="0" m="6615" /><D132/><U129/><E129/><V98/><F98/><W47/><AGARI ba="0,0" hai="16,20,26,36,39,47,50,52" m="54359,48235" machi="47" ten="30,4000,0" yaku="18,1,54,2" doraHai="30" who="3" fromWho="3" sc="222,-10,325,-10,183,-20,270,40" /><INIT seed="3,0,0,1,5,83" ten="212,315,163,310" oya="3" hai0="65,101,112,74,123,8,24,98,131,87,26,22,1" hai1="50,6,55,104,33,85,29,34,93,109,10,116,31" hai2="118,38,121,96,25,28,133,94,57,73,19,89,90" hai3="86,5,72,58,54,78,51,47,77,39,0,27,44"/><W41/><G72/><T20/><D123/><U128/><E104/><V76/><F133/><W42/><G86/><T108/><D74/><U88/><E109/><V120/><F118/><W32/><G0/><T79/><D108/><U117/><E128/><V60/><F38/><W43/><G5/><T40/><D131/><U71/><E71/><V37/><F37/><W92/><G92/><T105/><D40/><U21/><E33/><V82/><F90/><W135/><G135/><T95/><D65/><U16/><E34/><V100/><F19/><W45/><REACH who="3" step="1"/><G39/><REACH who="3" ten="212,315,163,300" step="2"/><T53/><D87/><U124/><E117/><V67/><REACH who="2" step="1"/><F89/><REACH who="2" ten="212,315,153,300" step="2"/><W119/><G119/><T11/><D112/><U115/><E116/><V64/><F64/><W3/><G3/><T36/><D1/><U56/><E115/><V81/><F81/><W97/><G97/><T80/><D98/><U103/><E103/><V46/><F46/><W114/><G114/><T48/><D36/><U4/><E4/><V99/><F99/><W52/><G52/><T75/><D53/><U130/><E130/><V122/><F122/><W126/><G126/><T9/><D101/><U111/><E124/><V59/><F59/><W69/><G69/><T61/><D80/><U49/><E111/><V66/><F66/><W125/><G125/><T12/><D79/><U7/><E7/><V14/><F14/><W23/><G23/><AGARI ba="0,2" hai="23,25,28,57,60,67,73,76,82,94,96,100,120,121" machi="23" ten="40,5200,0" yaku="1,1,25,2,53,0" doraHai="83" doraHaiUra="134" who="2" fromWho="3" sc="212,0,315,0,153,72,300,-52" owari="212,-28.8,315,41.5,225,-17.5,248,4.8" /></mjloggm>