<mjloggm ver="2.3"><GO type="225" lobby="0"/><UN n0="%E8%B6%85%E7%B4%9A%E9%B3%B3%E5%87%B0" n1="%E3%83%AC%E3%82%A4%E3%83%88%E3%83%B3%E5%87%86%E6%95%99%E6%8E%88" n2="%E3%81%B2%E3%81%AA%E3%81%AE%E3%82%8A%E3%81%8F" n3="%E3%81%BF%E3%81%BF%E3%81%9A" dan="16,19,17,16" rate="2107.00,2293.84,2168.73,2156.30" sx="M,M,M,M"/><TAIKYOKU oya="0"/><INIT seed="0,0,0,4,4,6" ten="250,250,250,250" oya="0" hai0="135,14,83,69,129,25,81,4,127,29,26,50,130" hai1="2,51,48,89,15,104,61,87,20,72,19,67,80" hai2="55,63,91,27,18,97,119,45,84,49,8,46,94" hai3="31,124,92,57,65,96,111,100,56,123,12,126,132"/><T64/><D127/><N who="3" m="48681" /><G111/><T42/><D135/><U7/><E104/><V10/><F119/><W70/><G132/><T54/><D42/><U21/><E72/><V39/><F63/><N who="3" m="40255" /><G123/><T30/><D64/><U75/><E75/><V110/><F110/><W17/><G31/><T28/><D69/><U35/><E35/><V85/><F39/><W52/><G52/><T37/><D37/><U3/><E21/><AGARI ba="0,0" hai="12,17,21,56,57,92,96,100" m="40255,48681" machi="21" ten="30,1000,0" yaku="18,1" doraHai="6" who="3" fromWho="1" sc="250,0,250,-10,250,0,250,10" /><INIT seed="1,0,0,2,3,23" ten="250,240,250,260" oya="1" hai0="32,128,129,55,63,95,69,98,20,12,36,81,131" hai1="115,7,126,121,28,100,46,45,133,39,40,37,76" hai2="75,21,127,26,53,24,68,25,118,91,0,49,31" hai3="77,72,106,6,18,38,14,135,120,16,42,73,79"/><U11/><E115/><V15/><F118/><W44/><G120/><T64/><D32/><U86/><E121/><V56/><F75/><W19/><G106/><T110/><D110/><U123/><E123/><V1/><F68/><W119/><G119/><T101/><D36/><U61/><E133/><V132/><F132/><W112/><G135/><T35/><D35/><U94/><E126/><V52/><F127/><W62/><G112/><T43/><D43/><U27/><E61/><V8/><F1/><W104/><G104/><T92/><D81/><U13/><E100/><V99/><F0/><W107/><G107/><T111/><D111/><U93/><E93/><N who="2" m="56767" /><F53/><W97/><G97/><T34/><D34/><U9/><E9/><V114/><F114/><W67/><G73/><T83/><D83/><N who="1" m="47463" /><E94/><V5/><AGARI ba="0,0" hai="5,8,15,21,24,25,26,31,49,52,56" m="56767" machi="5" ten="30,8000,1" yaku="8,1,52,3,54,1" doraHai="23" who="2" fromWho="2" sc="250,-20,240,-40,250,80,260,-20" /><INIT seed="2,0,0,2,3,74" ten="230,200,330,240" oya="2" hai0="30,43,3,109,135,66,117,31,58,102,71,115,39" hai1="78,132,36,86,62,72,28,46,79,80,13,110,129" hai2="37,47,40,63,122,105,124,125,101,119,29,41,51" hai3="77,49,90,127,33,92,83,118,14,84,10,22,9"/><V35/><F122/><W44/><G33/><T24/><D115/><U60/><E110/><V54/><F119/><W56/><G127/><N who="2" m="48713" /><F35/><W113/><G118/><T16/><D117/><U103/><E129/><V82/><F29/><W45/><G113/><T111/><D3/><U65/><E132/><V25/><F25/><W107/><G107/><T20/><D135/><U0/><E0/><V123/><F123/><W7/><G10/><T23/><D71/><U126/><E28/><V134/><F134/><W128/><G128/><T114/><D114/><U64/><E103/><V112/><F101/><W87/><G22/><T26/><D102/><U133/><E133/><V75/><F105/><W12/><G12/><T68/><D68/><U120/><E13/><V34/><F34/><W1/><G1/><T98/><D98/><U81/><E120/><V52/><F37/><W121/><G121/><T55/><D66/><U70/><E126/><V69/><F69/><W57/><G45/><T32/><D39/><U99/><E46/><V76/><F112/><W116/><G116/><T73/><D73/><U38/><REACH who="1" step="1"/><E99/><REACH who="1" ten="230,190,330,240" step="2"/><V18/><F18/><W130/><G130/><T27/><D30/><U8/><E8/><V100/><F100/><W106/><G106/><T91/><D16/><U4/><E4/><V5/><F5/><W131/><G131/><T88/><D32/><U19/><E19/><V94/><F94/><W6/><G7/><T50/><D31/><U61/><E61/><V95/><F95/><W67/><G6/><T21/><D26/><U48/><E48/><N who="2" m="28703" /><F63/><W104/><G104/><RYUUKYOKU ba="0,1" sc="230,-15,190,15,330,15,240,-15" hai1="36,38,60,62,64,65,70,72,78,79,80,81,86" hai2="40,41,51,54,75,76,82" /><INIT seed="2,1,1,1,4,92" ten="215,205,345,225" oya="2" hai0="89,85,34,13,90,111,99,39,48,8,55,132,130" hai1="107,57,10,80,46,47,88,83,98,37,134,49,102" hai2="32,42,81,82,0,52,20,123,35,78,44,69,118" hai3="133,91,58,113,86,19,64,93,51,128,72,84,3"/><V114/><F118/><W60/><G72/><T43/><D34/><U79/><E134/><V1/><F69/><W112/><G133/><T126/><D132/><U106/><E106/><V68/><F68/><W125/><G125/><T24/><D126/><U9/><E57/><V23/><F44/><W115/><G128/><T59/><D130/><U2/><E2/><V29/><F29/><W135/><G135/><T108/><D24/><U16/><E80/><V103/><F103/><W26/><G51/><T14/><D14/><U33/><E33/><V22/><F42/><W28/><G3/><T117/><D117/><U73/><E16/><V30/><F23/><N who="3" m="13695" /><G84/><T61/><D39/><U17/><E17/><V56/><F30/><AGARI ba="1,1" hai="28,30,58,60,64,86,91,93,112,113,115" m="13695" machi="30" ten="30,1000,0" yaku="11,1" doraHai="92" who="3" fromWho="2" sc="215,0,205,0,345,-13,225,23" /><INIT seed="3,0,0,5,4,52" ten="215,205,332,248" oya="3" hai0="22,101,65,83,69,23,2,74,45,99,48,29,112" hai1="33,17,32,86,40,46,116,87,50,71,80,89,79" hai2="96,10,37,8,107,113,127,111,121,103,63,49,43" hai3="126,119,125,9,133,98,44,42,62,97,131,38,100"/><W67/><G119/><T72/><D2/><U1/><E116/><V12/><F37/><W25/><G131/><T3/><D3/><U15/><E71/><V58/><F111/><W51/><G133/><T110/><D110/><U11/><REACH who="1" step="1"/><E1/><REACH who="1" ten="215,195,332,248" step="2"/><V108/><F108/><W76/><G125/><T0/><D0/><U6/><E6/><V135/><F127/><W88/><G126/><T123/><D123/><U109/><E109/><V85/><F121/><W16/><G38/><T84/><D112/><U129/><E129/><V70/><F70/><W93/><G9/><T55/><D69/><U34/><E34/><V118/><F10/><W14/><G14/><T13/><D13/><U28/><E28/><V75/><F8/><W18/><G25/><T61/><D29/><U41/><E41/><V92/><F43/><W82/><G18/><T95/><D22/><U124/><E124/><V57/><F113/><W90/><G16/><T24/><D23/><U130/><E130/><V59/><F12/><W134/><G134/><T104/><D24/><U120/><E120/><V35/><F35/><W77/><G42/><T106/><D106/><U105/><E105/><V21/><F107/><W102/><G102/><T54/><D104/><U66/><E66/><V30/><F103/><W91/><G100/><T115/><D115/><U128/><E128/><V122/><F135/><W132/><G132/><T81/><D55/><U4/><E4/><V56/><F122/><W78/><G67/><T94/><D94/><AGARI ba="0,1" hai="11,15,17,32,33,40,46,50,79,80,86,87,89,94" machi="94" ten="30,2000,0" yaku="1,1,7,1,53,0" doraHai="52" doraHaiUra="68" who="1" fromWho="0" sc="215,-20,195,30,332,0,248,0" owari="195,-30.5,225,-17.5,332,43.2,248,4.8" /></mjloggm>