<mjloggm ver="2.3"><GO type="225" lobby="0"/><UN n0="%E3%81%AA%E3%81%A1%30%39%32%37" n1="%E5%8F%AF%E5%85%90%E9%82%A3%E7%94%B1%E5%A4%9A" n2="%72%61%6B%33" n3="%E3%81%8B%E3%82%8F%E3%81%A1%E3%82%83%E3%82%93%35%38" dan="16,16,17,17" rate="2077.48,2206.72,2170.32,2215.78" sx="M,F,M,M"/><TAIKYOKU oya="0"/><INIT seed="0,0,0,0,0,0" ten="250,250,250,250" oya="0" hai0="70,7,61,127,80,133,79,5,55,109,21,52,4" hai1="94,83,35,46,132,82,31,135,99,113,40,134,15" hai2="6,130,43,63,121,77,116,28,91,92,22,25,13" hai3="115,86,29,58,110,65,88,118,74,87,56,53,111"/><T24/><D133/><U84/><E113/><V2/><F130/><W114/><G74/><T90/><D127/><U50/><E84/><V39/><F121/><W73/><G73/><T104/><D104/><U62/><E62/><V106/><F106/><W129/><G129/><T67/><D109/><N who="3" m="41481" /><G118/><T93/><D80/><U44/><E15/><V108/><F108/><W89/><G29/><T124/><D79/><U101/><REACH who="1" step="1"/><E44/><REACH who="1" ten="250,240,250,250" step="2"/><V12/><F12/><W120/><G120/><T45/><D45/><U8/><E8/><V75/><F13/><W69/><G69/><T59/><D70/><U14/><E14/><V68/><F63/><N who="3" m="38119" /><G87/><N who="0" m="52447" /><D124/><U3/><E3/><V125/><F2/><W60/><G89/><T49/><D49/><U34/><E34/><V76/><F91/><W117/><G117/><T112/><D112/><U102/><E102/><V100/><F100/><W123/><G123/><T71/><D71/><U38/><E38/><V85/><F39/><W30/><G30/><AGARI ba="0,1" hai="4,5,7,21,24,30,52,55,59,61,67" m="52447" machi="30" ten="30,12000,1" yaku="8,1,52,3,54,1" doraHai="0" who="0" fromWho="3" sc="250,130,240,0,250,0,250,-120" /><INIT seed="0,1,0,2,4,102" ten="380,240,250,130" oya="0" hai0="82,115,116,65,20,4,53,80,105,93,101,122,61" hai1="27,97,110,13,121,59,45,19,117,18,1,3,112" hai2="25,54,9,33,100,111,70,75,29,107,2,5,87" hai3="125,67,106,94,84,96,8,108,63,118,135,92,37"/><T31/><D115/><U119/><E59/><V128/><F87/><W114/><G118/><N who="1" m="45066" /><E45/><V81/><F54/><W14/><G114/><T132/><D116/><U85/><E85/><V124/><F111/><W71/><G108/><T95/><D122/><U89/><E89/><V64/><F124/><W129/><G125/><T56/><D132/><U58/><E58/><V35/><F128/><W68/><G129/><T78/><D105/><U66/><E66/><V41/><F41/><W73/><G73/><T127/><D127/><U86/><E86/><V42/><F42/><W74/><G74/><T134/><D4/><U30/><E97/><N who="2" m="61839" /><F81/><W34/><G34/><T24/><D134/><U69/><E69/><V88/><F88/><W39/><G135/><T17/><D78/><U55/><E55/><V36/><F33/><W99/><G84/><T103/><D103/><U12/><E110/><V62/><F75/><W7/><G68/><T98/><D93/><U38/><E38/><AGARI ba="1,0" hai="2,5,9,25,29,35,36,38,62,64,70" m="61839" machi="38" ten="30,7700,0" yaku="25,1,33,2,52,1" doraHai="102" who="2" fromWho="1" sc="380,0,240,-80,250,80,130,0" /><INIT seed="1,0,0,4,5,57" ten="380,160,330,130" oya="1" hai0="69,20,89,103,16,33,109,29,50,11,52,88,122" hai1="3,120,100,34,0,119,1,42,51,32,43,94,12" hai2="8,22,70,101,127,131,107,63,85,4,84,31,6" hai3="97,38,129,26,130,83,123,92,108,30,40,45,23"/><U118/><E120/><V106/><F22/><W91/><G123/><T64/><D122/><U134/><E134/><V125/><F31/><W121/><G121/><T10/><D103/><U93/><E12/><V126/><F131/><W76/><REACH who="3" step="1"/><G108/><REACH who="3" ten="380,160,330,120" step="2"/><T18/><D109/><U95/><E100/><V65/><F101/><W102/><G102/><T66/><D33/><N who="1" m="12907" /><E51/><V133/><F133/><W128/><G128/><T48/><D29/><U19/><E19/><V99/><F4/><W67/><G67/><N who="0" m="25643" /><D69/><U132/><E132/><V71/><F71/><W80/><G80/><T44/><D50/><U13/><E13/><V54/><F107/><W75/><AGARI ba="0,1" hai="23,26,30,38,40,45,75,76,83,91,92,97,129,130" machi="75" ten="30,2000,0" yaku="1,1,0,1,53,0" doraHai="57" doraHaiUra="9" who="3" fromWho="3" sc="380,-5,160,-10,330,-5,120,30" /><INIT seed="2,0,0,5,4,30" ten="375,150,325,150" oya="2" hai0="5,82,39,45,4,12,68,41,75,61,129,52,134" hai1="57,97,40,116,11,104,8,114,79,50,103,9,87" hai2="19,100,111,46,96,108,94,90,81,135,123,62,101" hai3="15,3,20,23,16,89,76,28,38,107,84,130,32"/><V67/><F123/><W25/><G38/><T44/><D134/><U1/><E114/><V59/><F135/><W63/><G107/><T132/><D132/><U18/><E116/><V118/><F118/><W31/><G76/><T60/><D129/><U7/><E18/><V55/><F19/><N who="3" m="12447" /><G130/><T29/><D29/><N who="3" m="11337" /><G89/><T6/><D12/><U53/><REACH who="1" step="1"/><E40/><REACH who="1" ten="375,140,325,150" step="2"/><V54/><F111/><W105/><G105/><T13/><D41/><U124/><E124/><V66/><F108/><W115/><G115/><T71/><D6/><U47/><E47/><V117/><F117/><W58/><G58/><T119/><D5/><U78/><E78/><V33/><F46/><W36/><G36/><T93/><D4/><U133/><E133/><V34/><F59/><W37/><G37/><T2/><D39/><U22/><E22/><V65/><F34/><W72/><G72/><T98/><D75/><U91/><E91/><V106/><F33/><W17/><G84/><T48/><D45/><U125/><E125/><V109/><F109/><W121/><G32/><T24/><D44/><U126/><E126/><V120/><F106/><W127/><G127/><T88/><D119/><U85/><E85/><V92/><F90/><W86/><G86/><T83/><D88/><U56/><E56/><V80/><F120/><W70/><G121/><T21/><D68/><U131/><E131/><V128/><F128/><W0/><G17/><T10/><D71/><U113/><E113/><V95/><F101/><W99/><G99/><T122/><D122/><U112/><E112/><V43/><F100/><W73/><G73/><RYUUKYOKU ba="0,1" sc="375,-15,140,15,325,-15,150,15" hai1="1,7,8,9,11,50,53,57,79,87,97,103,104" hai3="0,3,15,16,23,63,70" /><INIT seed="3,1,1,1,1,49" ten="360,155,310,165" oya="3" hai0="101,54,18,67,86,89,46,121,76,134,42,41,48" hai1="130,5,91,112,118,37,85,45,0,53,103,36,129" hai2="93,71,68,80,128,120,24,43,55,131,57,113,44" hai3="50,109,8,95,87,78,7,64,30,21,16,92,123"/><W14/><G123/><T107/><D121/><U11/><E112/><V73/><F120/><W23/><G109/><T115/><D107/><U56/><E103/><V58/><F113/><W61/><G30/><T60/><D101/><U96/><E96/><V2/><F2/><W40/><G23/><T28/><D28/><U32/><E32/><V88/><F57/><N who="3" m="36911" /><G78/><T26/><D76/><U22/><E22/><V66/><F66/><W79/><G79/><T81/><D134/><U47/><E118/><V51/><F80/><W3/><G3/><T133/><D133/><U12/><E0/><V94/><F24/><N who="3" m="14375" /><G87/><T1/><D1/><U108/><E108/><V83/><F83/><W105/><G105/><T52/><D115/><U69/><E69/><V39/><F93/><W100/><G100/><T25/><D25/><U132/><E132/><V63/><F73/><W70/><G70/><T15/><D26/><U4/><E4/><V124/><F124/><W126/><G126/><T117/><D117/><U17/><E5/><V27/><F27/><W97/><G97/><T82/><D82/><N who="1" m="49591" /><E37/><V122/><F122/><W62/><G62/><T77/><D77/><U99/><E99/><N who="2" m="57799" /><F71/><W116/><G116/><T19/><D81/><U35/><E35/><V127/><F127/><W10/><G10/><T84/><D60/><N who="1" m="35855" /><E36/><V74/><F74/><W59/><G59/><T13/><D89/><U111/><E111/><V75/><F75/><W102/><G102/><T20/><D20/><U125/><E125/><V29/><F29/><W119/><G119/><T34/><D34/><U33/><E33/><RYUUKYOKU ba="1,1" sc="360,-30,155,10,310,10,165,10" hai1="11,12,17,45,47,129,130" hai2="39,43,44,51,55,58,63,68,128,131" hai3="7,8,14,40,50,92,95" /><INIT seed="3,2,1,3,2,95" ten="330,165,320,175" oya="3" hai0="3,120,96,34,58,126,129,5,49,124,115,60,93" hai1="68,36,83,128,28,88,7,48,132,127,72,117,99" hai2="30,46,52,121,81,107,38,15,122,91,0,125,108" hai3="76,39,21,37,18,104,65,92,89,66,100,24,78"/><W4/><G4/><T35/><D120/><N who="2" m="46186" /><F108/><W86/><G39/><T56/><D129/><U119/><E36/><V109/><F109/><W103/><G37/><T87/><D87/><U45/><E68/><V41/><F125/><N who="0" m="48234" /><D115/><U123/><E127/><V62/><F107/><W75/><G75/><T113/><D113/><U110/><E110/><V80/><F0/><W44/><G44/><T54/><D5/><U1/><E28/><V102/><F102/><N who="3" m="38955" /><G104/><T134/><D3/><U50/><E132/><V14/><F30/><W27/><G27/><T53/><D134/><U64/><E64/><AGARI ba="2,1" hai="18,21,24,64,65,66,76,78,86,89,92" m="38955" machi="64" ten="30,1500,0" yaku="8,1" doraHai="95" who="3" fromWho="1" sc="330,0,165,-21,320,0,175,31" /><INIT seed="3,3,0,0,5,96" ten="330,144,320,206" oya="3" hai0="82,15,2,18,89,62,75,114,128,54,10,115,85" hai1="80,134,38,129,5,77,122,49,98,92,1,116,88" hai2="13,72,21,112,70,84,7,47,97,55,108,61,50" hai3="102,106,43,60,24,110,16,135,6,42,3,126,30"/><W111/><G126/><T83/><D128/><U52/><E122/><V103/><F72/><W121/><G121/><T28/><D28/><U33/><E129/><V95/><F112/><N who="0" m="43050" /><D2/><U133/><E38/><V104/><F108/><N who="3" m="41515" /><G135/><N who="1" m="51722" /><E33/><V131/><F131/><W25/><G3/><T68/><D54/><U113/><E113/><V74/><F74/><W123/><G6/><T99/><D99/><U124/><E124/><V0/><F0/><W31/><G123/><T23/><D23/><U37/><E37/><V20/><F70/><W117/><G117/><T40/><D40/><N who="3" m="15401" /><G60/><T125/><D125/><U86/><E116/><V27/><F61/><W64/><G64/><N who="0" m="40983" /><D75/><U4/><E1/><V12/><F20/><N who="3" m="13319" /><G25/><T130/><D130/><U78/><E78/><V91/><F7/><W51/><G51/><T109/><D109/><U119/><E119/><V41/><F41/><W29/><G29/><AGARI ba="3,0" hai="12,13,21,27,29,47,50,55,84,91,95,97,103,104" machi="29" ten="30,2000,0" yaku="7,1,52,1" doraHai="96" who="2" fromWho="3" sc="330,0,144,0,320,29,206,-29" owari="330,13.0,144,-35.6,349,44.9,177,-22.3" /></mjloggm>