<mjloggm ver="2.3"><GO type="225" lobby="0"/><UN n0="%E3%80%90%E3%83%88%E3%83%AA%E3%83%A5%E3%83%95%E3%80%91" n1="%E3%83%B4%E3%82%A3%E3%83%AF%E3%82%B3%E3%82%B0%E3%83%8B" n2="%E5%AE%AE%E4%BF%9D%E9%B6%8F%E8%82%89" n3="%E4%B8%89%E5%88%86%E5%B0%8F%E5%83%A7" dan="16,16,16,16" rate="2077.32,2206.94,2083.44,2092.93" sx="M,M,M,M"/><TAIKYOKU oya="0"/><INIT seed="0,0,0,2,0,71" ten="250,250,250,250" oya="0" hai0="15,60,63,122,66,28,95,26,25,42,86,81,22" hai1="72,7,38,127,16,80,99,97,8,121,131,48,53" hai2="62,114,109,77,93,73,113,56,103,50,31,33,1" hai3="89,110,65,24,41,39,135,76,68,107,20,116,92"/><T104/><D122/><U78/><E121/><V128/><F1/><W30/><G116/><T3/><D104/><U14/><E131/><V87/><F128/><W90/><G107/><T21/><D3/><U125/><E38/><V117/><F117/><W84/><G110/><T0/><D0/><U82/><E7/><V27/><F109/><W32/><G135/><T12/><D95/><U105/><E80/><V10/><F10/><W130/><G130/><T11/><D42/><U123/><E123/><V133/><F133/><W44/><G32/><T6/><D15/><U102/><REACH who="1" step="1"/><E99/><REACH who="1" ten="250,240,250,250" step="2"/><V98/><F98/><W112/><G112/><T115/><D115/><U35/><E35/><V46/><F33/><W2/><G2/><T120/><D120/><U23/><E23/><V70/><F113/><W51/><G39/><T132/><D132/><U108/><E108/><V58/><F114/><W101/><G76/><N who="0" m="46375" /><D66/><U13/><E13/><V49/><F77/><W100/><REACH who="3" step="1"/><G90/><REACH who="3" ten="250,240,250,240" step="2"/><T67/><D67/><U52/><E52/><V36/><F36/><W91/><G91/><T124/><D124/><U79/><E79/><V59/><F103/><W57/><G57/><AGARI ba="0,2" hai="8,14,16,48,53,57,72,78,82,97,102,105,125,127" machi="57" ten="40,2600,0" yaku="1,1,54,1,53,0" doraHai="71" doraHaiUra="17" who="1" fromWho="3" sc="250,0,240,46,250,0,240,-26" /><INIT seed="1,0,0,3,0,98" ten="250,286,250,214" oya="1" hai0="105,125,126,68,80,64,17,94,127,20,54,96,36" hai1="70,7,1,57,26,18,11,30,73,131,112,63,107" hai2="106,38,42,61,91,118,92,85,45,119,33,132,130" hai3="66,134,100,78,82,133,19,2,48,46,32,88,124"/><U110/><E131/><V25/><F130/><W52/><G124/><T121/><D36/><U49/><E112/><V28/><F132/><N who="3" m="50795" /><G2/><T74/><D105/><U60/><E73/><V117/><F106/><W55/><G32/><T81/><D54/><U31/><E49/><V102/><REACH who="2" step="1"/><F61/><REACH who="2" ten="250,286,240,214" step="2"/><W111/><G111/><T97/><D121/><U56/><E110/><V44/><F44/><W101/><G66/><T93/><D64/><U53/><E107/><V23/><F23/><W90/><G55/><T86/><D20/><U77/><E63/><V123/><F123/><W40/><G40/><T87/><D125/><U116/><E53/><V37/><F37/><W27/><G46/><T41/><D41/><U0/><E60/><V65/><F65/><W89/><G52/><T50/><D50/><U15/><E57/><V51/><F51/><W83/><G48/><T108/><D108/><U29/><E56/><V10/><F10/><W16/><G82/><T67/><D67/><U39/><E39/><V120/><F120/><W75/><G27/><T69/><D74/><U72/><E26/><V22/><F22/><W13/><G19/><AGARI ba="0,1" hai="17,19,68,69,80,81,86,87,93,94,96,97,126,127" machi="19" ten="25,1600,0" yaku="22,2" doraHai="98" who="0" fromWho="3" sc="250,26,286,0,240,0,214,-16" /><INIT seed="2,0,0,2,4,18" ten="276,286,240,198" oya="2" hai0="120,100,13,116,96,86,122,76,63,111,43,82,119" hai1="124,39,5,68,130,135,0,67,19,103,107,83,112" hai2="29,101,11,129,88,61,72,69,89,44,126,123,95" hai3="17,14,27,45,1,80,108,56,37,106,26,84,131"/><V113/><F113/><W3/><G106/><N who="0" m="63751" /><D43/><U21/><E39/><V90/><F123/><N who="0" m="47146" /><D63/><U79/><E67/><V70/><F72/><W58/><G131/><T25/><D25/><U91/><E68/><V73/><F73/><W128/><G128/><T41/><D13/><U62/><E62/><V12/><F126/><W71/><G71/><T60/><D60/><U49/><E49/><V24/><F129/><W85/><G108/><T64/><D41/><U40/><E40/><V81/><F81/><W55/><G37/><T109/><D64/><U6/><E91/><V118/><F118/><AGARI ba="0,0" hai="76,82,86,109,111,116,118,119" m="47146,63751" machi="118" ten="30,3900,0" yaku="12,1,34,2" doraHai="18" who="0" fromWho="2" sc="276,39,286,0,240,-39,198,0" /><INIT seed="3,0,0,0,0,56" ten="315,286,201,198" oya="3" hai0="48,125,10,9,28,43,44,70,57,116,126,94,89" hai1="47,19,72,51,23,93,132,53,45,46,59,84,96" hai2="81,90,134,8,108,21,76,115,77,7,133,127,54" hai3="61,11,103,42,33,17,1,78,99,34,37,50,12"/><W0/><G37/><T5/><D70/><U30/><E72/><V20/><F115/><W4/><G78/><N who="2" m="30313" /><F108/><W26/><G0/><T39/><D28/><U95/><E132/><N who="2" m="50795" /><F54/><W67/><G26/><T92/><D92/><U16/><E84/><N who="2" m="50447" /><F127/><N who="0" m="48650" /><D116/><U131/><E131/><V79/><F79/><W66/><G50/><T13/><D10/><U25/><REACH who="1" step="1"/><E93/><REACH who="1" ten="315,276,201,198" step="2"/><V35/><F35/><W64/><G42/><T15/><D39/><U101/><AGARI ba="0,1" hai="16,19,23,25,30,45,46,47,51,53,59,95,96,101" machi="101" ten="30,8000,1" yaku="1,1,2,1,0,1,8,1,54,1,53,0" doraHai="56" doraHaiUra="65" who="1" fromWho="1" sc="315,-20,276,90,201,-20,198,-40" owari="295,9.5,366,46.6,181,-21.9,158,-34.2" /></mjloggm>