<mjloggm ver="2.3"><GO type="225" lobby="0"/><UN n0="%E3%83%A1%E3%82%AC%E3%83%87%E3%82%B8" n1="%41%54%53%4D" n2="%E2%91%A3%E9%81%BF%E9%81%8A%E6%88%AF%E3%80%90%E6%9D%B1%E5%8D%97%E3%80%91" n3="%E5%B8%86%E7%AB%8B%E5%A4%8F%E8%A1%A3" dan="16,16,16,16" rate="2101.98,2106.86,2095.71,2099.25" sx="F,M,M,M"/><TAIKYOKU oya="0"/><INIT seed="0,0,0,1,3,104" ten="250,250,250,250" oya="0" hai0="114,63,73,126,115,91,35,17,123,75,42,20,82" hai1="11,124,26,83,85,78,76,65,133,41,62,107,33" hai2="34,84,135,40,5,50,22,64,59,105,68,2,130" hai3="99,38,32,43,127,122,55,119,79,23,132,44,93"/><T117/><D35/><U31/><E107/><V54/><F34/><W60/><G127/><T16/><D117/><U101/><E101/><V13/><F2/><W7/><G132/><T100/><D123/><U95/><E133/><V131/><F135/><W94/><G32/><T19/><D100/><U10/><E124/><V61/><F105/><W47/><G122/><T3/><D126/><U90/><E41/><V89/><F40/><W29/><G7/><T116/><D116/><U110/><E110/><V103/><F103/><W71/><G79/><T15/><D3/><U98/><REACH who="1" step="1"/><E78/><REACH who="1" ten="250,240,250,250" step="2"/><V4/><F131/><W120/><G120/><T14/><D42/><U24/><E24/><V118/><F130/><W45/><G119/><T74/><D115/><U72/><E72/><V25/><F118/><W129/><G129/><T12/><D114/><U88/><E88/><V46/><F13/><W39/><G43/><T80/><D91/><U96/><E96/><V109/><F109/><W8/><G99/><T51/><D51/><U1/><E1/><V87/><F87/><W70/><G39/><T0/><D0/><U121/><E121/><V81/><REACH who="2" step="1"/><F68/><AGARI ba="0,1" hai="10,11,26,31,33,62,65,68,76,83,85,90,95,98" machi="68" ten="30,2000,0" yaku="1,1,7,1,53,0" doraHai="104" doraHaiUra="52" who="1" fromWho="2" sc="250,0,240,30,250,-20,250,0" /><INIT seed="1,0,0,5,1,36" ten="250,270,230,250" oya="1" hai0="28,115,1,22,41,18,19,93,72,123,20,126,0" hai1="31,42,129,84,76,124,104,92,33,3,67,69,14" hai2="113,100,110,46,95,13,17,2,132,101,106,43,39" hai3="53,121,116,96,87,57,107,65,125,82,47,10,35"/><U103/><E3/><V105/><F110/><W130/><G121/><T89/><D72/><U98/><E124/><V12/><F113/><W40/><G35/><T48/><D115/><U127/><E127/><V61/><F132/><W97/><G125/><T38/><D38/><U102/><E102/><V30/><F2/><W32/><G32/><T120/><D126/><U88/><E129/><V73/><F73/><W109/><G109/><T71/><D71/><U52/><E14/><V122/><F122/><W81/><G130/><T21/><D28/><U77/><E52/><V27/><F61/><W7/><G116/><T45/><D0/><U80/><E42/><V4/><F4/><W16/><G7/><T86/><D1/><U128/><E128/><V68/><F68/><W91/><G107/><T9/><REACH who="0" step="1"/><D18/><REACH who="0" ten="240,270,230,250" step="2"/><U66/><E69/><V15/><F30/><W131/><G131/><T5/><D5/><U62/><E77/><V79/><F79/><W60/><G65/><T118/><D118/><U99/><REACH who="1" step="1"/><E62/><REACH who="1" ten="240,260,230,250" step="2"/><V37/><F101/><W74/><G60/><T78/><D78/><U26/><AGARI ba="0,2" hai="26,31,33,66,67,76,80,84,88,92,98,99,103,104" machi="26" ten="30,11700,0" yaku="1,1,2,1,0,1,54,1,53,0" doraHai="36" doraHaiUra="112" who="1" fromWho="1" sc="240,-39,260,137,230,-39,250,-39" /><INIT seed="1,1,0,4,3,117" ten="201,397,191,211" oya="1" hai0="70,120,125,3,111,105,53,24,32,14,20,22,60" hai1="123,16,131,115,21,1,45,132,88,11,46,6,134" hai2="18,126,26,13,110,100,47,28,91,10,31,59,74" hai3="87,52,97,9,27,40,98,84,29,82,80,66,77"/><U112/><E131/><V58/><F110/><W8/><G40/><T49/><D3/><U56/><E56/><V78/><F126/><W108/><G66/><T122/><D111/><U34/><E34/><V69/><F69/><W7/><G108/><T63/><D105/><U90/><E123/><N who="0" m="47145" /><D125/><U135/><E46/><V102/><F31/><W55/><G27/><T101/><D101/><U124/><E45/><V127/><F91/><N who="1" m="34857" /><E124/><V83/><F47/><W129/><G129/><T61/><D70/><U72/><E72/><V51/><F127/><W89/><G29/><N who="0" m="19495" /><D14/><AGARI ba="1,0" hai="1,6,11,14,16,21,112,115,132,134,135" m="34857" machi="14" ten="30,5800,0" yaku="20,1,54,2" doraHai="117" who="1" fromWho="0" sc="201,-61,397,61,191,0,211,0" /><INIT seed="1,2,0,3,1,108" ten="140,458,191,211" oya="1" hai0="55,12,76,110,31,69,77,60,121,120,66,29,11" hai1="122,83,52,78,13,63,73,106,20,134,10,126,79" hai2="58,70,86,93,40,65,100,103,104,50,18,56,123" hai3="113,4,94,7,22,23,87,125,71,128,91,28,61"/><U95/><E106/><V89/><F123/><N who="0" m="47178" /><D55/><U64/><E122/><V35/><F35/><W97/><G125/><T43/><D43/><U80/><E126/><V24/><F104/><W15/><G128/><T132/><D110/><U51/><E95/><V68/><F70/><W30/><G113/><T84/><D132/><U1/><E20/><N who="2" m="13335" /><F68/><W118/><G118/><T39/><D39/><U115/><E1/><V131/><F131/><W36/><G36/><T112/><D112/><U114/><E134/><V42/><F65/><W26/><G97/><T133/><D133/><U67/><E63/><V119/><F119/><W0/><G0/><T90/><D31/><U59/><E67/><V105/><F105/><W75/><G75/><T14/><D29/><U99/><E99/><N who="2" m="59503" /><F103/><W37/><G37/><T74/><D14/><U127/><E64/><V81/><F40/><W49/><G71/><T27/><D27/><U21/><E21/><V19/><F19/><N who="3" m="10623" /><G61/><T6/><D74/><U2/><E2/><V102/><F102/><W101/><G101/><T53/><D53/><U17/><E127/><V109/><F109/><W82/><G30/><T117/><D117/><U32/><E32/><V44/><AGARI ba="2,0" hai="42,44,50,56,58,81,86,89" m="59503,13335" machi="44" ten="30,1100,0" yaku="8,1" doraHai="108" who="2" fromWho="2" sc="140,-5,458,-7,191,17,211,-5" /><INIT seed="2,0,0,2,0,117" ten="135,451,208,206" oya="2" hai0="61,34,36,120,97,55,102,91,42,129,128,127,76" hai1="56,43,99,11,41,14,110,68,114,135,50,7,1" hai2="19,20,124,101,24,16,75,126,3,5,107,125,116" hai3="79,132,27,89,8,74,26,22,37,95,70,131,58"/><V63/><F75/><W18/><G70/><T13/><D34/><U17/><E68/><V10/><F63/><W21/><G37/><T121/><D76/><U71/><E71/><V33/><F107/><W48/><G131/><N who="0" m="50251" /><D91/><U46/><E114/><V67/><F67/><W72/><G132/><T51/><D61/><U31/><E135/><V49/><F49/><W111/><G111/><T113/><D113/><U15/><E110/><V69/><F69/><W28/><G79/><T62/><D62/><U60/><E31/><N who="2" m="19687" /><F101/><W6/><G48/><T53/><D53/><N who="1" m="29911" /><E1/><V44/><F44/><W90/><G58/><N who="0" m="33151" /><D127/><U94/><E56/><V119/><F19/><W78/><G78/><T104/><D13/><AGARI ba="0,0" hai="3,5,10,13,16,20,116,119,124,125,126" m="19687" machi="13" ten="30,12000,1" yaku="24,1,18,1,34,2,54,1" doraHai="117" who="2" fromWho="0" sc="135,-120,451,0,208,120,206,0" /><INIT seed="2,1,0,5,5,109" ten="15,451,328,206" oya="2" hai0="119,101,113,66,57,37,3,99,11,111,83,132,115" hai1="116,64,56,58,110,128,89,21,14,17,33,44,51" hai2="97,92,59,6,61,135,86,72,80,55,90,98,39" hai3="40,118,85,53,36,46,103,28,121,8,105,117,125"/><V24/><F135/><W107/><G121/><T94/><D37/><U32/><E116/><V13/><F39/><W127/><G28/><T42/><D42/><U35/><E110/><V91/><F72/><W63/><G85/><T77/><D111/><U50/><E128/><V73/><F73/><W126/><G8/><T112/><D132/><U5/><E5/><V78/><F98/><N who="3" m="61687" /><G107/><T7/><D119/><U122/><E122/><V62/><F6/><W25/><G25/><T45/><D45/><U130/><E130/><V43/><F43/><W104/><G104/><T81/><REACH who="0" step="1"/><D77/><REACH who="0" ten="5,451,328,206" step="2"/><U65/><E44/><V60/><F78/><W95/><G118/><T38/><D38/><U131/><E131/><V48/><F13/><W93/><G117/><T88/><D88/><U2/><E2/><V22/><REACH who="2" step="1"/><F48/><REACH who="2" ten="5,451,318,206" step="2"/><W87/><G36/><T52/><D52/><N who="1" m="31767" /><E51/><V19/><AGARI ba="1,2" hai="19,22,24,55,59,60,61,62,80,86,90,91,92,97" machi="19" ten="20,18000,2" yaku="1,1,0,1,7,1,25,2,8,1,53,0" doraHai="109" doraHaiUra="68" who="2" fromWho="2" sc="5,-61,451,-61,318,203,206,-61" owari="-56,-55.6,390,19.0,521,62.1,145,-25.5" /></mjloggm>