<mjloggm ver="2.3"><GO type="225" lobby="0"/><UN n0="%72%69%6F%75%63%68%61%6E" n1="%E3%83%A9%E3%82%A4%E3%83%B3%E3%81%AE%E8%99%8E" n2="%E7%87%90%2E%2E" n3="%E5%AE%AE%E4%BF%9D%E9%B6%8F%E8%82%89" dan="16,16,16,16" rate="2173.00,2074.69,2131.85,2133.13" sx="M,M,M,M"/><TAIKYOKU oya="0"/><INIT seed="0,0,0,1,5,62" ten="250,250,250,250" oya="0" hai0="27,15,9,84,8,106,19,83,48,132,115,98,64" hai1="16,123,38,87,89,17,124,65,101,40,42,76,66" hai2="53,45,30,135,91,92,120,46,109,44,125,43,82" hai3="108,81,41,47,102,94,49,3,110,36,4,55,31"/><T131/><D115/><U126/><E123/><V25/><F120/><W37/><G31/><T69/><D131/><U96/><E76/><V56/><F109/><N who="3" m="42091" /><G81/><T116/><D132/><U32/><E32/><V77/><F125/><N who="1" m="48233" /><E38/><N who="3" m="14954" /><G4/><T54/><D116/><U71/><E71/><V100/><F100/><W128/><G3/><T86/><D27/><U13/><E17/><V134/><F43/><N who="1" m="16425" /><E89/><V111/><F111/><W5/><G5/><T72/><D8/><N who="1" m="6183" /><E87/><V51/><F92/><AGARI ba="0,0" hai="65,66,92,96,101" m="6183,16425,48233" machi="92" ten="30,7700,0" yaku="18,1,52,2,54,1" doraHai="62" who="1" fromWho="2" sc="250,0,250,77,250,-77,250,0" /><INIT seed="1,0,0,1,1,33" ten="250,327,173,250" oya="1" hai0="94,2,129,107,72,69,15,62,13,102,88,81,27" hai1="73,128,76,7,37,43,96,6,20,115,90,89,124" hai2="35,131,41,11,121,84,130,77,120,59,53,103,0" hai3="97,66,17,85,14,68,75,18,123,132,79,12,48"/><U39/><E115/><V122/><F103/><W9/><G123/><T38/><D38/><U109/><E128/><N who="2" m="49195" /><F41/><W93/><G132/><T3/><D129/><U16/><E124/><V26/><F77/><W34/><G34/><T55/><D27/><U114/><E114/><V83/><F83/><W127/><G127/><T36/><D36/><U28/><E28/><N who="2" m="19863" /><F84/><W23/><G75/><T80/><D13/><U50/><E39/><V42/><F42/><W64/><G68/><T113/><D15/><U63/><E37/><V51/><F11/><W60/><G60/><T99/><D113/><U78/><E63/><V22/><F22/><W116/><G116/><T21/><D21/><U58/><E76/><V24/><F24/><W105/><G48/><T92/><D92/><U32/><E78/><V134/><F134/><W65/><G105/><T40/><D40/><U87/><E32/><V126/><F126/><W57/><G57/><N who="0" m="35135" /><D69/><U30/><E43/><V31/><F31/><W108/><G79/><N who="0" m="44135" /><D81/><U74/><E74/><V44/><F44/><W118/><G118/><T112/><D112/><U135/><E30/><V52/><F53/><W100/><G85/><AGARI ba="0,0" hai="2,3,85,88,94,99,102,107" m="44135,35135" machi="85" ten="30,7700,0" yaku="24,1,52,2,54,1" doraHai="33" who="0" fromWho="3" sc="250,77,327,0,173,0,250,-77" /><INIT seed="2,0,0,0,2,33" ten="327,327,173,173" oya="2" hai0="121,67,24,110,30,12,0,91,70,82,109,1,63" hai1="96,103,39,119,46,3,60,55,71,112,40,74,89" hai2="6,32,81,20,76,45,52,47,35,131,58,9,98" hai3="125,56,101,54,130,85,72,48,37,10,107,57,124"/><V23/><F131/><W42/><G72/><T25/><D121/><U95/><E112/><V34/><F98/><N who="3" m="61879" /><G37/><T87/><D24/><U113/><E113/><V28/><F28/><W135/><G42/><T104/><D104/><U17/><E119/><V73/><F45/><W123/><G123/><T14/><D14/><U134/><E134/><V133/><F47/><W59/><G85/><T2/><REACH who="0" step="1"/><D12/><REACH who="0" ten="317,327,173,173" step="2"/><U86/><E74/><V68/><F133/><W69/><G135/><T65/><D65/><U50/><E17/><V106/><F106/><W64/><G64/><T126/><D126/><U132/><E132/><V49/><REACH who="2" step="1"/><F68/><REACH who="2" ten="317,327,163,173" step="2"/><W90/><G69/><T61/><D61/><U13/><E60/><V11/><F11/><W53/><G130/><T100/><D100/><U117/><E71/><V111/><F111/><W18/><G125/><T78/><D78/><U127/><E103/><V26/><F26/><W83/><G124/><T94/><D94/><U84/><E127/><V120/><F120/><W93/><G93/><T99/><D99/><U75/><E95/><V19/><F19/><W8/><G18/><T77/><D77/><U116/><E96/><V102/><F102/><W5/><G8/><T51/><D51/><U66/><E50/><V114/><F114/><W62/><G48/><T27/><D27/><U108/><E108/><V38/><F38/><W41/><G62/><T36/><D36/><U97/><E39/><V29/><F29/><W115/><G115/><T79/><D79/><U128/><E97/><V129/><F129/><W21/><G10/><T122/><D122/><RYUUKYOKU ba="0,2" sc="317,15,327,-15,163,15,173,-15" hai0="0,1,2,25,30,63,67,70,82,87,91,109,110" hai2="6,9,20,23,32,34,35,49,52,58,73,76,81" /><INIT seed="2,1,2,0,2,128" ten="332,312,178,158" oya="2" hai0="99,32,121,34,111,119,68,106,55,104,63,45,79" hai1="50,122,116,8,102,31,0,30,65,6,33,12,113" hai2="29,40,18,2,75,26,72,134,38,127,103,16,14" hai3="125,58,44,105,42,41,56,110,60,54,61,94,24"/><V115/><F115/><W59/><G105/><T53/><D121/><U1/><E65/><V64/><F2/><N who="1" m="1129" /><E50/><V96/><F127/><W5/><G5/><T91/><D111/><U37/><E102/><V123/><F123/><W21/><G94/><T3/><D3/><U20/><E37/><V85/><F134/><W7/><G7/><T90/><D119/><U80/><E80/><V69/><F40/><N who="3" m="15467" /><G110/><T27/><D27/><N who="1" m="18687" /><E122/><V107/><F85/><W19/><G125/><T112/><D79/><U81/><E81/><V135/><F135/><W82/><G82/><T47/><D63/><N who="3" m="24137" /><G44/><T36/><D99/><U124/><E124/><V62/><F38/><W46/><G46/><T39/><D68/><U87/><E87/><V4/><F4/><W71/><G71/><T9/><D9/><U25/><E116/><V109/><F109/><W10/><G10/><T13/><D13/><N who="1" m="5271" /><E113/><AGARI ba="1,2" hai="32,34,36,39,45,47,53,55,90,91,104,106,112,113" machi="113" ten="25,1600,0" yaku="22,2" doraHai="128" who="0" fromWho="1" sc="332,39,312,-19,178,0,158,0" /><INIT seed="3,0,0,5,1,5" ten="371,293,178,158" oya="3" hai0="111,60,124,102,128,1,125,132,135,12,2,104,130" hai1="45,94,13,54,127,88,64,68,8,72,58,113,39" hai2="3,106,42,4,131,28,49,56,91,0,31,69,75" hai3="99,66,25,108,101,80,6,126,23,30,41,67,98"/><W32/><G126/><N who="0" m="48747" /><D111/><U16/><E127/><V21/><F106/><W83/><G108/><T14/><D60/><U129/><E113/><V71/><F75/><W86/><G32/><T81/><D81/><N who="3" m="31305" /><G41/><T120/><D120/><U44/><E72/><V90/><F42/><W48/><G6/><T117/><D117/><U133/><E133/><N who="0" m="51273" /><D102/><U89/><E129/><N who="0" m="49769" /><D104/><U79/><E68/><V24/><F131/><W115/><G101/><T27/><D27/><U87/><E64/><V10/><F24/><W9/><G25/><T62/><D62/><N who="1" m="36183" /><E79/><V59/><F4/><W84/><G66/><T74/><D74/><U17/><E39/><V95/><F69/><W40/><G67/><T118/><D118/><U93/><E17/><V33/><F71/><W70/><G70/><T18/><D14/><U46/><E46/><V78/><F78/><W51/><G115/><T37/><D37/><U57/><E57/><V109/><F59/><W122/><G122/><T100/><D100/><U22/><E22/><AGARI ba="0,0" hai="1,2,12,18,22" m="49769,51273,48747" machi="22" ten="40,32000,5" yakuman="39" doraHai="5" who="0" fromWho="1" sc="371,320,293,-320,178,0,158,0" owari="691,79.1,-27,-52.7,178,-2.2,158,-24.2" /></mjloggm>