<mjloggm ver="2.3"><GO type="225" lobby="0"/><UN n0="%E8%81%B7%E6%A5%AD%E3%80%81%E9%A2%A8%32" n1="%E3%81%B2%E3%81%AA%E3%81%AE%E3%82%8A%E3%81%8F" n2="%72%61%6B%33" n3="%E3%81%A9%E3%82%8F%E3%82%93%E3%81%94" dan="16,17,17,16" rate="2085.69,2181.02,2249.52,2172.65" sx="M,M,M,M"/><TAIKYOKU oya="0"/><INIT seed="0,0,0,0,0,59" ten="250,250,250,250" oya="0" hai0="43,94,34,37,121,23,17,61,84,85,57,83,26" hai1="130,62,65,38,102,0,35,58,53,87,4,93,21" hai2="105,101,29,78,92,5,52,74,95,135,16,11,18" hai3="31,133,70,54,98,100,42,123,13,118,127,49,25"/><T77/><D121/><U73/><E35/><V79/><F135/><W124/><G118/><T119/><D119/><U28/><E73/><V20/><F105/><W96/><G133/><T60/><D34/><U116/><E116/><V104/><F104/><W45/><G123/><T27/><D37/><U22/><E38/><V129/><F129/><W67/><G13/><N who="0" m="9647" /><D43/><U80/><E130/><V125/><F125/><N who="3" m="48203" /><G42/><T50/><D94/><U81/><E4/><V89/><F29/><W15/><G15/><T64/><D85/><U8/><E8/><V71/><F74/><W47/><G47/><T122/><D122/><U117/><E0/><V63/><F71/><W114/><G100/><T1/><D1/><U24/><E117/><V97/><F5/><W56/><G70/><T6/><D6/><U115/><E115/><V36/><F36/><W90/><G90/><T30/><D30/><U40/><E40/><V103/><F11/><W44/><G114/><T55/><D64/><U111/><E102/><N who="2" m="38923" /><F95/><W76/><G76/><N who="2" m="29225" /><F20/><N who="3" m="15783" /><G98/><T106/><D106/><U113/><E22/><V7/><F7/><W128/><G96/><T2/><D2/><U91/><E113/><V132/><F132/><W48/><G128/><T109/><D109/><U88/><E111/><V134/><F134/><W126/><G126/><T3/><D3/><U66/><E81/><V12/><F12/><W86/><G86/><AGARI ba="0,0" hai="21,24,28,53,58,62,65,66,80,86,87,88,91,93" machi="86" ten="30,7700,0" yaku="7,1,8,1,52,1,54,1" doraHai="59" who="1" fromWho="3" sc="250,0,250,77,250,0,250,-77" /><INIT seed="1,0,0,0,5,13" ten="250,327,250,173" oya="1" hai0="17,16,81,20,65,76,15,9,85,88,99,8,109" hai1="133,129,11,43,66,107,122,128,84,48,52,132,50" hai2="10,58,47,89,59,115,112,120,54,131,92,105,44" hai3="69,68,87,113,62,101,61,56,93,134,91,53,98"/><U26/><E107/><V38/><F105/><W2/><G134/><N who="1" m="51818" /><E122/><V35/><F35/><W27/><G113/><T83/><D109/><U102/><E102/><V12/><F131/><N who="1" m="50249" /><E66/><V94/><F120/><W123/><G2/><T42/><D65/><U49/><E43/><V125/><F94/><W78/><G123/><T18/><D42/><U72/><E72/><V64/><F64/><W34/><G78/><T130/><D130/><U77/><E11/><N who="0" m="4169" /><D83/><N who="1" m="47215" /><E26/><V80/><F10/><W30/><REACH who="3" step="1"/><G61/><REACH who="3" ten="250,327,250,163" step="2"/><T22/><D15/><U25/><E25/><V31/><F12/><W3/><G3/><T117/><D117/><U45/><AGARI ba="0,1" hai="45,48,49,50,52" m="47215,50249,51818" machi="45" ten="30,6000,0" yaku="20,1,19,1,54,1" doraHai="13" who="1" fromWho="1" sc="250,-20,327,70,250,-20,163,-20" /><INIT seed="1,1,0,1,2,67" ten="230,397,230,143" oya="1" hai0="132,134,83,60,131,17,64,82,10,43,65,24,51" hai1="111,15,75,113,66,70,84,49,45,30,14,2,114" hai2="1,90,21,13,16,28,57,77,80,47,20,33,36" hai3="11,58,79,118,46,7,92,34,3,125,72,87,25"/><U103/><E75/><V119/><F119/><W121/><G125/><T78/><D131/><U35/><E2/><V109/><F109/><W18/><G121/><T88/><D65/><U63/><E111/><V32/><F1/><W123/><G123/><T40/><D51/><U73/><E73/><V85/><F57/><W115/><G115/><T42/><D88/><U120/><E120/><V56/><F56/><W122/><G122/><T27/><D10/><U86/><E103/><V23/><F90/><W98/><G72/><T89/><D89/><U110/><E110/><V53/><F53/><W81/><G118/><T104/><D104/><U39/><E39/><V48/><F48/><W9/><G46/><T100/><D100/><U22/><E113/><V112/><F112/><W93/><G98/><T91/><D91/><U12/><E35/><V127/><F127/><W59/><G11/><T6/><D6/><U54/><REACH who="1" step="1"/><E114/><REACH who="1" ten="230,387,230,143" step="2"/><V29/><F32/><W4/><G34/><T96/><D134/><U31/><E31/><V128/><F33/><W101/><G3/><T107/><D132/><U130/><E130/><V5/><F128/><W95/><G101/><T76/><D107/><U97/><E97/><V69/><F28/><W71/><G87/><T99/><D96/><U126/><E126/><V26/><F29/><W124/><G124/><T37/><D99/><U19/><E19/><V61/><F85/><W105/><G18/><T68/><D37/><U135/><E135/><V94/><F36/><W0/><G105/><T133/><D133/><U8/><E8/><V52/><F16/><RYUUKYOKU ba="1,1" sc="230,-10,387,30,230,-10,143,-10" hai1="12,14,15,22,30,45,49,54,63,66,70,84,86" /><INIT seed="1,2,1,1,4,104" ten="220,417,220,133" oya="1" hai0="35,13,115,68,98,5,56,135,27,9,39,82,131" hai1="38,133,65,108,75,51,117,53,6,58,118,87,29" hai2="116,127,90,59,70,73,95,96,86,1,26,44,126" hai3="94,47,129,112,85,89,132,121,34,77,124,109,106"/><U120/><E120/><V52/><F70/><W128/><G47/><T134/><D68/><U99/><E133/><N who="0" m="50697" /><D39/><U60/><E6/><V20/><F1/><W15/><G132/><T31/><D115/><U62/><E108/><V64/><F116/><W110/><G34/><T46/><D46/><U19/><E38/><V11/><F11/><W83/><G15/><T111/><D111/><N who="3" m="42505" /><G112/><T97/><D131/><N who="3" m="50249" /><G121/><T37/><D37/><U14/><E29/><V84/><F44/><W3/><G3/><T88/><D56/><U0/><E0/><V103/><F64/><W81/><G124/><T10/><D10/><U36/><E36/><V107/><F73/><N who="3" m="43183" /><G106/><T125/><D125/><U22/><E14/><V91/><F26/><W102/><G102/><T12/><D13/><U18/><E117/><V71/><F20/><W21/><G21/><T49/><D49/><U123/><E51/><V43/><F71/><W93/><AGARI ba="2,1" hai="83,85,89,93,94" m="43183,50249,42505" machi="93" ten="40,8000,1" yaku="14,1,19,1,34,2,52,1" doraHai="104" who="3" fromWho="3" sc="220,-22,417,-42,220,-22,133,96" /><INIT seed="2,0,0,3,0,43" ten="198,375,198,229" oya="2" hai0="133,120,14,134,86,72,62,107,95,54,69,0,23" hai1="19,105,103,24,101,111,53,119,104,89,92,59,112" hai2="50,93,47,55,16,127,36,99,37,116,131,27,102" hai3="129,32,1,81,74,108,61,46,78,42,84,11,115"/><V80/><F116/><W22/><G108/><T35/><D72/><U98/><E112/><V123/><F123/><W65/><G115/><T94/><D107/><U85/><E111/><V130/><F80/><W87/><G129/><N who="2" m="49161" /><F127/><W106/><G106/><T21/><D35/><U3/><E3/><V135/><F135/><N who="0" m="51722" /><D0/><U28/><E119/><V68/><F68/><W8/><G32/><T56/><D120/><U2/><E2/><V15/><F27/><W58/><G22/><AGARI ba="0,0" hai="15,16,22,36,37,47,50,55,93,99,102" m="49161" machi="22" ten="30,5800,0" yaku="19,1,52,1,54,1" doraHai="43" who="2" fromWho="3" sc="198,0,375,0,198,58,229,-58" /><INIT seed="2,1,0,5,3,57" ten="198,375,256,171" oya="2" hai0="77,117,121,40,19,52,73,3,36,130,90,15,70" hai1="120,88,65,105,7,72,49,82,44,50,13,101,68" hai2="79,107,124,22,54,132,89,84,66,78,23,114,133" hai3="64,129,91,95,26,75,5,74,109,18,123,131,46"/><V87/><F107/><W28/><G123/><T116/><D3/><U80/><E101/><V43/><F43/><W31/><G46/><N who="0" m="23815" /><D121/><U56/><E68/><V32/><F32/><W99/><G5/><T17/><D70/><U37/><E37/><V128/><F124/><W9/><G9/><T115/><D115/><U126/><E126/><V71/><F54/><W1/><G1/><T25/><D130/><N who="3" m="49673" /><G18/><T27/><D90/><U67/><E7/><V30/><F128/><W35/><G31/><T42/><D42/><U96/><E13/><V93/><F114/><W24/><G24/><N who="0" m="9291" /><D77/><U53/><E53/><V51/><F51/><W122/><G122/><T104/><D73/><N who="3" m="27657" /><G64/><T59/><D104/><U92/><E105/><V111/><F71/><W55/><G55/><T112/><D15/><U11/><E50/><V98/><F66/><W119/><G119/><N who="0" m="45643" /><D112/><U83/><E120/><V127/><F127/><W41/><G41/><T2/><D2/><U6/><E67/><V106/><F106/><W29/><G28/><T61/><AGARI ba="1,0" hai="17,19,52,59,61" m="45643,9291,23815" machi="61" ten="30,4000,0" yaku="12,1,52,1,54,1" doraHai="57" who="0" fromWho="0" sc="198,43,375,-11,256,-21,171,-11" /><INIT seed="3,0,0,2,5,68" ten="241,364,235,160" oya="3" hai0="34,3,92,70,113,116,62,22,95,98,23,19,16" hai1="49,58,102,50,66,11,119,5,75,54,1,20,77" hai2="48,46,40,124,8,80,6,130,28,135,37,17,36" hai3="43,114,30,21,108,53,7,85,60,111,127,86,78"/><W133/><G114/><T15/><D34/><U57/><E102/><V109/><F109/><BYE who="2" /><N who="3" m="42059" /><G7/><T93/><D3/><U132/><E132/><V121/><F121/><W63/><G133/><T100/><D116/><U38/><E38/><V27/><F27/><N who="3" m="16751" /><G127/><T79/><D113/><U52/><E66/><V33/><F33/><W117/><G117/><T89/><D70/><U35/><E35/><V128/><F128/><W101/><G101/><T99/><D79/><U24/><E119/><V56/><F56/><N who="3" m="34831" /><G78/><T104/><D62/><U90/><E90/><V94/><F94/><W87/><G63/><T120/><D120/><U105/><E105/><V32/><F32/><W82/><G82/><T71/><D71/><U10/><E77/><V59/><F59/><W83/><G83/><T72/><D72/><U2/><E75/><V64/><F64/><W4/><G4/><T125/><D125/><U67/><E67/><V61/><F61/><W126/><G126/><T115/><D115/><U42/><E5/><V84/><F84/><W25/><G25/><AGARI ba="0,0" hai="15,16,19,22,23,25,89,92,93,95,98,99,100,104" machi="25" ten="30,2000,0" yaku="7,1,54,1" doraHai="68" who="0" fromWho="3" sc="241,20,364,0,235,0,160,-20" owari="261,6.1,364,46.4,235,-16.5,140,-36.0" /></mjloggm>