<mjloggm ver="2.3"><GO type="225" lobby="0"/><UN n0="%E3%83%A9%E3%83%BC%E3%83%A1%E3%83%B3%E4%BA%94%E9%83%8E" n1="%6E%69%63%6B%6C%6F%77" n2="%6D%75%75%6D%75%72%61" n3="%73%6C%69%63%6B%33%31%39" dan="16,16,16,16" rate="2044.37,2142.62,2223.12,2170.87" sx="M,F,F,M"/><TAIKYOKU oya="0"/><INIT seed="0,0,0,1,0,132" ten="250,250,250,250" oya="0" hai0="124,1,79,41,58,126,30,55,96,114,18,93,24" hai1="34,60,68,92,56,16,72,43,25,133,7,26,61" hai2="97,71,76,101,36,38,9,51,86,103,104,105,22" hai3="70,130,129,77,2,32,85,21,87,42,83,119,35"/><T88/><D114/><U8/><E72/><V100/><F71/><W57/><G119/><T128/><D128/><N who="3" m="49257" /><G70/><T98/><D1/><U54/><E133/><V74/><F74/><W11/><G42/><T117/><D117/><U80/><E80/><V108/><F108/><W47/><G47/><T10/><D79/><U49/><E34/><N who="3" m="12842" /><G57/><T69/><D69/><U19/><E61/><V84/><F22/><W62/><G62/><N who="0" m="36191" /><D41/><U3/><E92/><V13/><F51/><W29/><G21/><N who="0" m="13367" /><D30/><U90/><E90/><V112/><F112/><W120/><G29/><T50/><D10/><U4/><E4/><V52/><F52/><W66/><G66/><T78/><D50/><U63/><E26/><V40/><F40/><W107/><G107/><T110/><D110/><U127/><E25/><V39/><F76/><W81/><G120/><T95/><D78/><U121/><E63/><V113/><F113/><W67/><G67/><T59/><D59/><U102/><E121/><V20/><F20/><W28/><G28/><T5/><D5/><U37/><E102/><AGARI ba="0,0" hai="88,93,95,96,98,102,124,126" m="13367,36191" machi="102" ten="30,11600,0" yaku="25,1,52,2,54,1" doraHai="132" who="0" fromWho="1" sc="250,116,250,-116,250,0,250,0" /><INIT seed="0,1,0,4,0,109" ten="366,134,250,250" oya="0" hai0="26,91,85,114,73,25,98,88,66,56,105,23,71" hai1="133,49,107,78,134,90,13,17,10,118,48,97,74" hai2="20,8,42,51,24,3,31,87,11,123,62,102,43" hai3="108,92,95,27,69,79,76,124,89,110,129,67,77"/><T64/><D71/><U93/><E118/><V18/><F123/><W59/><G69/><T128/><D73/><U9/><E107/><V125/><F125/><W106/><G106/><T126/><D126/><U82/><REACH who="1" step="1"/><E9/><REACH who="1" ten="366,124,250,250" step="2"/><V131/><F8/><W39/><G124/><T72/><D105/><U61/><E61/><V33/><F62/><W122/><G110/><T115/><D128/><U132/><AGARI ba="1,1" hai="10,13,17,48,49,74,78,82,90,93,97,132,133,134" machi="132" ten="30,4000,0" yaku="1,1,0,1,20,1,53,0" doraHai="109" doraHaiUra="52" who="1" fromWho="1" sc="366,-21,124,53,250,-11,250,-11" /><INIT seed="1,0,0,2,4,110" ten="345,177,239,239" oya="1" hai0="68,63,9,14,93,112,54,42,84,25,115,97,27" hai1="83,29,46,99,80,81,106,33,125,117,12,64,16" hai2="5,78,103,87,92,102,76,94,88,65,118,116,101" hai3="119,36,82,31,134,20,41,37,105,74,13,73,51"/><U72/><E117/><N who="2" m="45163" /><F5/><W132/><G119/><T100/><D42/><U109/><E72/><N who="3" m="27754" /><G82/><T40/><D40/><U129/><E109/><V77/><F65/><W48/><G105/><T49/><D84/><U86/><E64/><V43/><F43/><W0/><G0/><T7/><D63/><U22/><E46/><V79/><N who="2" m="19456" /><DORA hai="122" /><V123/><F123/><W66/><G66/><T85/><D68/><U17/><E125/><V34/><F34/><W98/><G98/><AGARI ba="0,0" hai="87,88,92,94,98,101,102,103" m="19456,45163" machi="98" ten="50,6400,0" yaku="34,2,54,1" doraHai="110,122" who="2" fromWho="3" sc="345,0,177,0,239,64,239,-64" /><INIT seed="2,0,0,1,0,112" ten="345,177,303,175" oya="2" hai0="90,46,13,36,58,65,59,74,23,75,130,12,92" hai1="116,109,95,19,125,66,86,134,40,57,110,25,47" hai2="104,67,60,87,22,68,78,38,30,3,20,94,91" hai3="85,43,106,77,80,0,119,124,63,120,114,73,62"/><V117/><F117/><W96/><G120/><T129/><D36/><U93/><E116/><V88/><F104/><W52/><G119/><T108/><D108/><N who="1" m="41579" /><E86/><V35/><F3/><W9/><G114/><T6/><D46/><U81/><E81/><V24/><F38/><W71/><G43/><T107/><D107/><U2/><E2/><V89/><REACH who="2" step="1"/><F94/><REACH who="2" ten="345,177,293,175" step="2"/><W42/><G106/><T29/><D92/><U55/><E93/><V122/><F122/><W54/><G0/><T37/><D37/><U27/><E95/><V34/><F34/><W1/><G1/><T82/><D129/><U50/><E125/><V102/><F102/><W44/><G124/><T101/><D130/><U53/><E134/><V48/><F48/><W70/><G96/><T100/><D101/><U33/><E33/><V118/><F118/><W4/><G63/><T111/><D100/><U126/><E126/><V105/><F105/><W128/><G128/><T72/><D111/><U76/><E50/><V61/><F61/><W99/><G99/><T98/><D98/><U31/><E40/><V26/><F26/><W131/><G131/><T16/><D12/><U5/><E25/><V84/><F84/><W8/><G85/><T83/><D72/><U123/><E27/><V45/><F45/><W113/><G113/><T15/><D74/><U7/><E47/><V79/><F79/><W14/><G42/><T97/><D75/><U21/><E76/><V103/><F103/><W64/><G44/><T127/><D127/><U121/><E123/><V28/><F28/><W32/><G73/><T51/><D29/><RYUUKYOKU ba="0,1" sc="345,-10,177,-10,293,30,175,-10" hai2="20,22,24,30,35,60,67,68,78,87,88,89,91" /><INIT seed="2,1,1,5,0,62" ten="335,167,323,165" oya="2" hai0="73,10,24,100,134,12,64,120,86,53,67,116,132" hai1="65,121,125,23,6,129,26,9,102,98,80,96,44" hai2="79,122,111,94,42,14,114,126,88,45,104,5,95" hai3="106,118,16,55,1,46,37,32,40,107,34,74,28"/><V92/><F114/><W0/><G118/><T41/><D120/><U78/><E125/><V54/><F122/><W123/><G123/><T75/><D116/><U131/><E121/><V56/><F104/><N who="3" m="39979" /><G16/><N who="0" m="8215" /><D41/><U115/><E115/><V105/><F105/><W2/><G55/><T30/><D100/><U127/><E44/><V59/><F126/><W29/><G28/><T36/><D86/><N who="1" m="48407" /><E102/><V119/><F119/><W103/><G103/><T101/><D101/><U68/><E127/><V66/><F79/><W43/><G43/><T33/><D53/><U70/><E23/><V39/><F111/><W47/><G47/><T60/><D36/><U99/><E26/><V117/><F117/><W49/><G49/><T83/><D83/><U38/><E38/><V109/><F109/><W48/><G48/><T76/><D76/><U69/><E9/><V22/><F56/><W112/><G112/><T71/><D67/><U25/><E25/><V17/><F5/><W84/><G84/><T51/><D51/><U93/><E93/><V8/><F8/><W85/><G85/><T61/><D60/><N who="1" m="39975" /><E6/><V128/><F66/><W11/><G29/><T15/><D15/><U52/><E52/><V4/><F4/><N who="3" m="1415" /><G74/><T20/><D33/><AGARI ba="1,1" hai="1,2,32,33,34,37,40,46" m="1415,39979" machi="33" ten="30,2000,0" yaku="33,2" doraHai="62" who="3" fromWho="0" sc="335,-23,167,0,323,0,165,33" /><INIT seed="3,0,0,5,4,38" ten="312,167,323,198" oya="3" hai0="43,59,79,132,134,126,97,56,106,96,73,116,109" hai1="42,31,7,80,88,83,33,5,121,0,131,8,18" hai2="26,118,46,11,119,49,32,51,110,60,75,1,122" hai3="4,101,71,68,30,72,40,113,108,19,24,107,57"/><W20/><G72/><T54/><D109/><U9/><E121/><V69/><F110/><W22/><G113/><T95/><D126/><U29/><E33/><V85/><F75/><W44/><G4/><N who="1" m="1610" /><E0/><V64/><F122/><W102/><G108/><T15/><D116/><U130/><E18/><V103/><F1/><W65/><G107/><T90/><D106/><U129/><E42/><V123/><F123/><W6/><G6/><T47/><D15/><U117/><E88/><V84/><F11/><N who="1" m="4169" /><E117/><V127/><F103/><N who="3" m="39435" /><G71/><T61/><D59/><U67/><E67/><V45/><F127/><W53/><G68/><T120/><D120/><U76/><E76/><V82/><F119/><W55/><G65/><T27/><D27/><U58/><E58/><V25/><F32/><W70/><G70/><T112/><D112/><U78/><E78/><V37/><F37/><W28/><G57/><T74/><D97/><U14/><E14/><V10/><F10/><W125/><G125/><T21/><D21/><U81/><AGARI ba="0,0" hai="29,31,80,81,83,129,130,131" m="4169,1610" machi="81" ten="40,5200,0" yaku="28,2,19,1" doraHai="38" who="1" fromWho="1" sc="312,-13,167,52,323,-13,198,-26" owari="299,9.9,219,-18.1,310,41.0,172,-32.8" /></mjloggm>