<mjloggm ver="2.3"><GO type="225" lobby="0"/><UN n0="%6D%75%75%6D%75%72%61" n1="%E6%80%AA%E3%81%97%E3%81%99%E3%81%8E%E3%82%8B%E3%83%81%E3%83%BC" n2="%E4%B8%89%E6%A7%93%E5%AD%90" n3="%E8%81%B7%E6%A5%AD%E3%80%81%E9%A2%A8%32" dan="16,16,16,16" rate="2155.76,2108.27,2057.68,2145.59" sx="F,M,F,M"/><TAIKYOKU oya="0"/><INIT seed="0,0,0,4,4,102" ten="250,250,250,250" oya="0" hai0="52,37,115,45,30,113,85,67,60,25,124,118,96" hai1="117,41,1,134,81,132,123,91,28,4,76,80,87" hai2="73,78,86,9,29,8,72,95,3,44,48,24,61" hai3="14,114,36,131,55,83,10,56,26,39,57,17,121"/><T0/><D118/><U47/><E117/><V50/><F72/><W112/><G121/><T99/><D0/><U15/><E123/><V23/><F73/><W127/><G131/><T58/><D124/><U135/><E28/><V104/><F104/><W101/><G127/><T12/><D85/><U40/><E1/><V130/><F130/><W46/><G57/><T32/><D12/><U100/><E100/><V77/><F61/><W43/><G39/><T63/><D37/><U21/><E47/><V35/><F35/><W65/><G65/><T133/><D133/><U79/><E91/><N who="2" m="53751" /><F3/><W66/><G66/><T5/><D5/><U42/><E4/><V82/><F50/><W22/><G83/><N who="1" m="31818" /><E87/><N who="2" m="48591" /><F78/><N who="1" m="29737" /><E15/><V122/><F122/><W110/><G101/><T75/><D75/><U129/><E21/><V89/><F89/><W38/><G38/><T106/><D106/><U33/><E129/><V92/><F92/><W7/><REACH who="3" step="1"/><G110/><REACH who="3" ten="250,250,250,240" step="2"/><T71/><REACH who="0" step="1"/><D45/><REACH who="0" ten="240,250,250,240" step="2"/><U84/><E132/><V74/><F74/><W18/><G18/><T69/><D69/><U116/><E134/><V128/><F128/><W88/><G88/><T59/><D59/><U49/><E135/><V11/><F11/><W68/><G68/><T103/><D103/><U109/><E116/><V119/><F119/><W111/><G111/><T108/><D108/><U13/><E109/><V126/><F126/><W64/><G64/><T120/><D120/><U53/><E84/><V51/><F44/><W20/><G20/><T2/><D2/><U70/><E70/><V34/><F23/><W16/><G16/><T19/><D19/><RYUUKYOKU ba="0,2" sc="240,10,250,-30,250,10,240,10" hai0="25,30,32,52,58,60,63,67,71,96,99,113,115" hai2="8,9,24,29,34,48,51" hai3="7,10,14,17,22,26,36,43,46,55,56,112,114" /><INIT seed="0,1,2,4,4,83" ten="250,220,260,250" oya="0" hai0="9,59,43,113,31,95,84,93,70,19,3,92,124" hai1="115,119,56,1,6,80,10,13,34,130,117,65,39" hai2="116,58,74,76,109,25,32,22,86,67,85,4,46" hai3="104,133,96,126,21,45,132,49,125,29,112,63,41"/><T135/><D113/><U51/><E115/><V12/><F74/><W107/><G112/><T40/><D70/><U103/><E130/><V118/><F109/><W101/><G107/><T23/><D124/><N who="3" m="47721" /><G63/><T2/><D135/><N who="3" m="51785" /><G21/><T111/><D111/><U7/><E39/><V94/><F94/><N who="0" m="36458" /><D3/><U17/><E34/><V90/><F76/><W121/><G29/><T26/><D2/><U99/><E80/><V75/><F75/><W134/><G134/><T98/><D59/><U55/><E65/><V108/><F108/><W18/><G18/><T66/><D66/><U128/><E6/><V20/><F32/><W78/><G78/><T114/><D114/><U11/><E128/><V35/><F35/><W120/><AGARI ba="1,2" hai="41,45,49,96,101,104,120,121" m="51785,47721" machi="120" ten="40,2700,0" yaku="18,1,20,1" doraHai="83" who="3" fromWho="3" sc="250,-14,220,-8,260,-8,250,50" /><INIT seed="1,0,0,4,1,19" ten="236,212,252,300" oya="1" hai0="89,123,87,8,80,23,57,124,44,12,36,96,115" hai1="61,32,101,48,105,70,21,82,52,56,118,86,16" hai2="106,11,102,128,120,25,51,113,0,4,110,99,22" hai3="58,37,97,31,133,98,88,20,17,95,28,43,45"/><U49/><E118/><V35/><F120/><W108/><G108/><T127/><D115/><U15/><E32/><V65/><F110/><W50/><G133/><T103/><D123/><U46/><E70/><V75/><F128/><W94/><G58/><T92/><D57/><U117/><E117/><V131/><F131/><W81/><G81/><T2/><D2/><U77/><E105/><V64/><F75/><W3/><G37/><T74/><D74/><U91/><E101/><V62/><F35/><W55/><G43/><T67/><D67/><N who="1" m="39335" /><E48/><V47/><F62/><W85/><G85/><T27/><D44/><U73/><E73/><V38/><F38/><W10/><G10/><T93/><D36/><U34/><E34/><V68/><F68/><W134/><G3/><T83/><D124/><U63/><E63/><V130/><F130/><W90/><G134/><T24/><D127/><U79/><AGARI ba="0,0" hai="15,16,21,46,49,52,77,79,82,86,91" m="39335" machi="79" ten="30,11700,0" yaku="8,1,52,1,54,2" doraHai="19" who="1" fromWho="1" sc="236,-39,212,117,252,-39,300,-39" /><INIT seed="1,1,0,2,2,34" ten="197,329,213,261" oya="1" hai0="66,16,129,95,36,104,81,64,51,18,40,85,47" hai1="49,125,0,12,98,89,61,57,103,122,82,86,91" hai2="31,108,38,121,20,2,84,114,46,9,132,124,133" hai3="65,39,109,101,29,130,87,21,48,53,118,75,115"/><U32/><E0/><V28/><F84/><W111/><G75/><T56/><D104/><U10/><E32/><V96/><F96/><W119/><G39/><T113/><D113/><U60/><E125/><V102/><F102/><W41/><G41/><T69/><D129/><U80/><E122/><V11/><F38/><W25/><G115/><T79/><D69/><U68/><E68/><V63/><F46/><W23/><G130/><T30/><D30/><N who="2" m="11306" /><F63/><W106/><G65/><T117/><D117/><N who="3" m="44553" /><G87/><T131/><D131/><U134/><E134/><N who="2" m="51819" /><F114/><W59/><G23/><T76/><D76/><U92/><E89/><V62/><F62/><W99/><AGARI ba="1,0" hai="21,25,29,48,53,59,99,101,106,109,111" m="44553" machi="99" ten="30,1100,0" yaku="12,1" doraHai="34" who="3" fromWho="3" sc="197,-4,329,-6,213,-4,261,14" /><INIT seed="2,0,0,3,5,120" ten="193,323,209,275" oya="2" hai0="103,45,16,8,41,134,3,61,24,106,127,37,121" hai1="117,77,123,53,67,21,79,116,96,113,78,20,105" hai2="52,93,70,72,133,80,30,129,73,28,5,135,25" hai3="110,7,90,83,128,17,15,38,81,31,114,82,14"/><V54/><F70/><W118/><G110/><T68/><D121/><U44/><E123/><V102/><F5/><W36/><G118/><T71/><D134/><N who="2" m="51210" /><F129/><W40/><G128/><T109/><D109/><U76/><E113/><V85/><F102/><W66/><G114/><T1/><D127/><U11/><E67/><V58/><F93/><W75/><G66/><T99/><D61/><U57/><E96/><V131/><F131/><W51/><G75/><N who="2" m="28745" /><F25/><W95/><G31/><N who="2" m="11817" /><F58/><W0/><G0/><T115/><D115/><U12/><E57/><V19/><F19/><W91/><G7/><T92/><D92/><U65/><E116/><V33/><F33/><W4/><G95/><T32/><D1/><U125/><E117/><V35/><F35/><W63/><G17/><T13/><REACH who="0" step="1"/><D3/><REACH who="0" ten="183,323,209,275" step="2"/><U47/><E125/><V27/><F27/><W104/><G83/><T23/><D23/><U9/><E20/><V107/><F107/><W43/><G104/><T132/><D132/><U59/><E21/><V42/><F42/><W10/><G43/><T108/><D108/><U50/><E105/><V39/><F39/><W60/><G40/><T119/><D119/><U97/><E97/><V94/><F94/><W112/><G38/><T122/><D122/><U126/><E126/><V101/><F101/><W111/><G36/><T89/><D89/><AGARI ba="0,1" hai="52,54,80,85,89" m="11817,28745,51210" machi="89" ten="30,2900,0" yaku="20,1,54,1" doraHai="120" who="2" fromWho="0" sc="183,-29,323,0,209,39,275,0" /><INIT seed="2,1,0,2,5,25" ten="154,323,248,275" oya="2" hai0="93,97,12,37,88,41,65,66,0,47,82,3,101" hai1="111,71,77,114,46,16,35,83,40,9,89,110,107" hai2="15,43,49,117,27,120,128,109,50,72,92,21,10" hai3="84,34,78,102,57,29,31,59,17,14,7,130,6"/><V4/><F117/><W103/><G34/><T85/><REACH who="0" step="1"/><D12/><REACH who="0" ten="144,323,248,275" step="2"/><U73/><E111/><V106/><F109/><W32/><G14/><T90/><D90/><U44/><E89/><V118/><F118/><W125/><G103/><T20/><D20/><U76/><E110/><V99/><F120/><W70/><G102/><T133/><D133/><U19/><E35/><V122/><F122/><W18/><G32/><T67/><AGARI ba="1,1" hai="0,3,37,41,47,65,66,67,82,85,88,93,97,101" machi="67" ten="30,7900,0" yaku="21,2,0,1,54,1,53,0" doraHai="25" doraHaiUra="28" who="0" fromWho="0" sc="144,92,323,-21,248,-40,275,-21" /><INIT seed="3,0,0,5,0,135" ten="236,302,208,254" oya="3" hai0="73,108,105,129,15,17,63,84,83,78,37,125,111" hai1="72,67,51,42,64,93,21,38,8,77,75,95,53" hai2="20,117,45,59,85,62,54,39,60,19,134,101,106" hai3="118,22,102,66,71,34,10,74,2,104,13,99,24"/><W89/><G74/><T116/><D116/><U94/><E42/><V55/><F117/><W126/><G118/><T86/><D129/><U1/><E38/><V43/><F134/><W127/><G2/><T76/><D105/><U110/><E110/><N who="0" m="42025" /><D37/><U100/><E100/><V40/><F40/><W56/><G89/><T65/><D125/><N who="3" m="47625" /><G34/><T98/><D98/><U29/><E75/><V32/><F32/><W132/><G132/><T28/><D28/><U41/><E29/><V122/><F122/><W27/><G71/><N who="0" m="42431" /><D76/><U23/><E77/><V26/><F85/><W68/><G68/><T82/><D82/><U70/><E72/><V61/><REACH who="2" step="1"/><F59/><REACH who="2" ten="236,302,198,254" step="2"/><W87/><G56/><T0/><D0/><U50/><E1/><V18/><F18/><N who="3" m="8503" /><G87/><T57/><D57/><U48/><E70/><V96/><AGARI ba="0,1" hai="19,20,26,39,43,45,54,55,60,61,62,96,101,106" machi="96" ten="30,4000,0" yaku="1,1,0,1,53,1" doraHai="135" doraHaiUra="16" who="2" fromWho="2" sc="236,-10,302,-10,198,50,254,-20" /><INIT seed="4,0,0,5,5,99" ten="226,292,248,234" oya="0" hai0="100,3,89,94,22,51,6,59,40,118,1,55,0" hai1="102,101,2,62,69,131,44,36,74,76,66,133,56" hai2="134,33,41,103,130,77,53,45,29,12,116,117,27" hai3="85,115,25,126,57,75,105,8,112,88,63,47,83"/><T64/><D118/><N who="2" m="45674" /><F130/><W119/><G119/><T39/><D64/><U98/><E131/><V84/><F134/><W129/><G129/><T70/><D70/><U11/><E133/><V48/><F12/><W114/><G105/><T21/><D6/><N who="1" m="1495" /><E98/><V86/><F77/><W32/><G126/><T13/><D100/><U9/><E56/><N who="2" m="32807" /><F103/><W104/><G104/><T135/><D135/><U93/><E93/><V106/><F106/><W5/><G75/><T35/><D35/><U23/><E23/><V28/><F28/><N who="3" m="19471" /><G47/><T109/><D109/><U37/><E9/><V107/><F107/><W50/><G50/><AGARI ba="0,0" hai="27,29,33,41,45,50,84,86" m="32807,45674" machi="50" ten="30,1000,0" yaku="12,1" doraHai="99" who="2" fromWho="3" sc="226,0,292,0,248,10,234,-10" /><INIT seed="5,0,0,4,0,124" ten="226,292,258,224" oya="1" hai0="85,2,22,69,65,8,23,72,58,74,99,107,15" hai1="119,64,53,51,3,10,61,88,66,34,128,5,48" hai2="36,132,116,44,79,109,28,35,127,87,56,106,89" hai3="91,21,12,76,14,13,42,126,82,110,111,20,83"/><U112/><E128/><V18/><F109/><W29/><G126/><T102/><D69/><U125/><E125/><V57/><F116/><W41/><G91/><T62/><D2/><U60/><E34/><V43/><F127/><W135/><G135/><T118/><D118/><U114/><E119/><V75/><F106/><W115/><G115/><N who="1" m="44074" /><E88/><V100/><F100/><W103/><G103/><T4/><REACH who="0" step="1"/><D85/><REACH who="0" ten="216,292,258,224" step="2"/><U78/><E3/><V120/><F132/><W133/><G133/><T98/><D98/><U92/><E78/><V81/><F120/><W63/><G76/><T31/><D31/><U68/><E68/><V47/><F79/><W130/><G29/><T39/><D39/><U17/><E51/><V40/><F28/><W50/><G50/><T1/><D1/><U70/><E48/><V32/><F75/><AGARI ba="0,1" hai="4,8,15,22,23,58,62,65,72,74,75,99,102,107" machi="75" ten="40,1300,0" yaku="1,1,53,0" doraHai="124" doraHaiUra="46" who="0" fromWho="2" sc="216,23,292,0,258,-13,224,0" /><INIT seed="6,0,0,2,3,37" ten="239,292,245,224" oya="2" hai0="71,4,96,11,67,86,98,8,94,116,85,2,110" hai1="128,135,63,52,47,46,58,104,1,28,23,49,112" hai2="72,74,48,123,106,42,127,118,33,61,92,50,100" hai3="97,113,13,30,21,70,24,14,108,87,64,27,83"/><V44/><F118/><W15/><G108/><T22/><D110/><U88/><E104/><V65/><F123/><W16/><G113/><T80/><D116/><U84/><E1/><V93/><F106/><W20/><G70/><T102/><D96/><U130/><E135/><V91/><F33/><W39/><G39/><T103/><D103/><U19/><E28/><V41/><F100/><W56/><G97/><T125/><D125/><U122/><E112/><V17/><F127/><W29/><G64/><T60/><D80/><N who="1" m="49159" /><E63/><V109/><F109/><W78/><REACH who="3" step="1"/><G56/><REACH who="3" ten="239,292,245,214" step="2"/><T120/><D120/><U43/><E122/><V40/><F44/><W73/><G73/><T119/><D119/><U38/><E46/><V126/><F126/><W121/><G121/><T101/><D101/><U32/><E58/><N who="2" m="37047" /><F74/><W3/><G3/><T55/><D71/><U129/><E38/><V9/><F72/><W90/><G90/><T35/><D67/><U31/><E130/><V25/><F93/><W36/><G36/><T95/><D95/><U6/><E129/><V54/><F92/><W26/><G26/><T7/><D102/><U59/><E128/><V45/><F91/><W107/><G107/><T132/><D94/><U89/><E89/><V99/><F99/><W82/><G82/><T51/><D98/><U115/><E115/><V53/><F25/><W57/><G57/><T134/><D2/><U66/><E59/><N who="2" m="33191" /><F9/><AGARI ba="0,1" hai="9,13,14,15,16,20,21,24,27,29,30,78,83,87" machi="9" ten="30,8000,1" yaku="1,1,7,1,9,1,8,1,54,1,53,0" doraHai="37" doraHaiUra="34" who="3" fromWho="2" sc="239,0,292,0,245,-80,214,90" owari="239,-16.1,292,9.2,165,-33.5,304,40.4" /></mjloggm>