<mjloggm ver="2.3"><GO type="225" lobby="0"/><UN n0="%E3%81%A0%E3%81%8A" n1="%E3%81%82%E3%80%81%E8%B2%A0%E3%81%91%E3%81%BE%E3%81%97%E3%81%9F" n2="%6E%69%63%6F%6E%74%6F" n3="%E3%83%97%E3%83%AC%E3%83%B4%E3%82%A1%E3%83%86%E3%82%A3" dan="16,16,17,16" rate="2046.62,2148.79,2113.14,2053.11" sx="M,M,M,F"/><TAIKYOKU oya="0"/><INIT seed="0,0,0,4,1,84" ten="250,250,250,250" oya="0" hai0="45,16,49,111,41,11,9,1,26,114,35,23,67" hai1="98,74,131,105,0,2,135,68,7,39,19,29,90" hai2="127,34,73,134,71,95,20,89,43,64,3,12,75" hai3="92,103,55,102,121,66,42,58,37,126,128,17,109"/><T116/><D114/><U118/><E19/><V123/><F123/><W59/><G121/><T31/><D116/><U129/><E29/><V106/><F134/><W36/><G109/><T80/><D111/><U76/><E7/><V65/><F127/><W10/><G126/><T69/><D1/><U77/><E98/><V18/><F106/><W48/><G128/><T72/><D67/><U52/><E52/><V24/><F3/><W94/><G42/><T57/><D57/><U56/><E56/><V132/><F132/><W130/><G130/><T40/><D40/><U4/><E4/><V122/><F122/><W53/><G66/><T32/><D32/><U112/><E90/><V62/><F43/><W85/><G10/><T91/><D69/><U88/><E88/><V101/><F101/><W79/><G17/><T27/><REACH who="0" step="1"/><D72/><REACH who="0" ten="240,250,250,250" step="2"/><U78/><E74/><V8/><F65/><W82/><G36/><T110/><D110/><U22/><E68/><V51/><F34/><W5/><G37/><T28/><D28/><U108/><E39/><V93/><F73/><W54/><G5/><T44/><D44/><U87/><E0/><V61/><F75/><W50/><G54/><T70/><D70/><U25/><E2/><V113/><F113/><W86/><G82/><T14/><D14/><U30/><E108/><V6/><F71/><W100/><G103/><T83/><D83/><U33/><E129/><V63/><F64/><W125/><G125/><T107/><D107/><U133/><E131/><V124/><F124/><W119/><G119/><T15/><D15/><U96/><E133/><RYUUKYOKU ba="0,1" sc="240,15,250,-15,250,-15,250,15" hai0="9,11,16,23,26,27,31,35,41,45,49,80,91" hai3="48,50,53,55,58,59,79,85,86,92,94,100,102" /><INIT seed="0,1,1,1,2,73" ten="255,235,235,265" oya="0" hai0="106,112,132,127,21,128,86,19,96,56,43,68,9" hai1="118,61,7,27,11,66,133,59,42,100,37,65,98" hai2="76,131,28,114,15,125,54,2,36,111,105,38,116" hai3="8,55,87,103,79,82,70,0,80,102,117,47,53"/><T83/><D68/><U44/><E133/><V45/><F15/><W51/><G70/><T129/><D112/><U107/><E118/><V29/><F54/><W104/><G117/><T92/><D132/><U88/><E27/><V72/><F76/><W3/><G104/><T1/><D106/><U110/><E110/><V20/><F20/><W26/><G26/><T31/><D31/><U97/><E97/><V18/><F18/><W34/><G34/><T85/><D43/><U39/><E88/><V90/><F90/><W46/><G8/><T130/><D127/><U75/><E75/><V94/><F94/><W52/><G82/><T134/><D134/><U115/><E115/><V25/><F25/><W17/><G17/><T95/><D95/><U57/><E39/><V48/><F48/><W32/><G32/><T71/><D71/><U63/><E11/><V24/><F24/><W4/><G4/><AGARI ba="1,1" hai="4,7,37,42,44,57,59,61,63,65,66,98,100,107" machi="4" ten="40,1300,0" yaku="9,1" doraHai="73" who="1" fromWho="3" sc="255,0,235,26,235,0,265,-16" /><INIT seed="1,0,0,0,1,53" ten="255,261,235,249" oya="1" hai0="100,62,9,2,88,36,114,74,17,105,97,83,90" hai1="5,127,95,25,99,110,30,119,18,112,64,67,43" hai2="14,98,134,87,113,22,47,68,121,65,133,123,101" hai3="31,115,58,23,109,6,33,35,82,69,79,54,61"/><U84/><E112/><V107/><F68/><W60/><G115/><T131/><D114/><U8/><E119/><V126/><F65/><W135/><G109/><T117/><D131/><U10/><E127/><V81/><F113/><W106/><G106/><T50/><D36/><U21/><E43/><V13/><F47/><W72/><G135/><N who="2" m="51721" /><F22/><W24/><G6/><T125/><D125/><U42/><E42/><V78/><F126/><W103/><G103/><T15/><D2/><U37/><E37/><V49/><F49/><W120/><G120/><AGARI ba="0,0" hai="13,14,78,81,87,98,101,107,120,121,123" m="51721" machi="120" ten="30,1000,0" yaku="20,1" doraHai="53" who="2" fromWho="3" sc="255,0,261,0,235,10,249,-10" /><INIT seed="2,0,0,3,0,27" ten="255,261,245,239" oya="2" hai0="29,100,59,131,106,43,22,39,35,98,88,25,13" hai1="40,37,7,85,47,46,123,53,4,38,51,23,32" hai2="68,90,101,54,1,75,86,129,112,78,77,105,45" hai3="81,80,28,12,84,57,127,10,73,2,117,76,20"/><V42/><F1/><W52/><G117/><T11/><D131/><U33/><E123/><V91/><F129/><W119/><G119/><T103/><D103/><U60/><E23/><V116/><F112/><W18/><G127/><T122/><D122/><U50/><E85/><V15/><F116/><W34/><G34/><T16/><D59/><U92/><E92/><V89/><F68/><W124/><G124/><T0/><D0/><U65/><E4/><V118/><F118/><W97/><G97/><T87/><D43/><N who="1" m="24959" /><E7/><V63/><F15/><W134/><G134/><T62/><D62/><U56/><E32/><V107/><F63/><W3/><G73/><T93/><REACH who="0" step="1"/><D39/><REACH who="0" ten="245,261,245,239" step="2"/><N who="1" m="21791" /><E33/><AGARI ba="0,1" hai="11,13,16,22,25,29,33,35,87,88,93,98,100,106" machi="33" ten="40,8000,1" yaku="1,1,52,1,54,2,53,0" doraHai="27" doraHaiUra="79" who="0" fromWho="1" sc="245,90,261,-80,245,0,239,0" /><INIT seed="3,0,0,5,0,36" ten="335,181,245,239" oya="3" hai0="127,49,58,28,116,48,128,47,109,85,9,126,39" hai1="78,26,76,31,115,50,96,89,35,88,37,75,56" hai2="25,61,0,134,123,53,77,42,40,7,92,34,83" hai3="16,62,17,18,66,21,133,113,3,105,20,8,33"/><W5/><G105/><T6/><D116/><U107/><E115/><V129/><F0/><W135/><G113/><T124/><D109/><U102/><E37/><V45/><F7/><W132/><REACH who="3" step="1"/><G33/><REACH who="3" ten="335,181,245,229" step="2"/><T93/><D127/><U94/><E75/><V24/><F34/><W130/><G130/><T114/><D128/><U81/><E81/><V108/><F129/><W125/><G125/><T119/><D124/><U32/><E32/><V65/><F108/><W98/><G98/><T110/><D126/><U27/><E27/><V14/><F25/><W95/><G95/><T11/><D114/><U46/><E56/><AGARI ba="0,1" hai="3,5,8,16,17,18,20,21,56,62,66,132,133,135" machi="56" ten="50,9600,0" yaku="1,1,20,1,54,1,53,0" doraHai="36" doraHaiUra="23" who="3" fromWho="1" sc="335,0,181,-96,245,0,229,106" /><INIT seed="3,1,0,5,4,8" ten="335,85,245,335" oya="3" hai0="45,122,99,57,79,109,70,93,120,94,26,38,11" hai1="0,58,25,27,113,62,75,85,111,117,131,104,126" hai2="127,110,15,78,82,55,35,74,132,42,95,84,22" hai3="90,47,77,96,33,65,118,87,50,18,129,19,28"/><W48/><G118/><T64/><D70/><U134/><E58/><V52/><F110/><W2/><G2/><T66/><D109/><U119/><E85/><V83/><F132/><W39/><G39/><T34/><D79/><U71/><E62/><V12/><F127/><W81/><G129/><T3/><D94/><U36/><E25/><V115/><F115/><W121/><G121/><T130/><D130/><U69/><E27/><V29/><F35/><W128/><G128/><T98/><D98/><U56/><E56/><V13/><F42/><N who="3" m="24695" /><G33/><T6/><D45/><U61/><E61/><V31/><F22/><W135/><G135/><T24/><D38/><U59/><E59/><V112/><F112/><W89/><G65/><T37/><D37/><U103/><E103/><V133/><F133/><W97/><G28/><N who="2" m="10825" /><F74/><W102/><G102/><T80/><D34/><U20/><E20/><V4/><F4/><W60/><G60/><N who="0" m="37903" /><D66/><U10/><E10/><V46/><F46/><W17/><G50/><T21/><D21/><U5/><E5/><V49/><F49/><W101/><G101/><T123/><D123/><U43/><E43/><V44/><F44/><W40/><G40/><T9/><D9/><U116/><E116/><V23/><F23/><W14/><G14/><N who="2" m="3585" /><V100/><DORA hai="7" /><F83/><W32/><G32/><T105/><D80/><U108/><E119/><V72/><F72/><W124/><G124/><T68/><D122/><U67/><E117/><V114/><F114/><W16/><N who="3" m="4096" /><DORA hai="30" /><W51/><G51/><T73/><D120/><U86/><E113/><V53/><F100/><RYUUKYOKU ba="1,0" sc="335,-15,85,-15,245,15,335,15" hai2="52,53,55,78,82,84,95" hai3="77,81,87,89,90,96,97" owari="320,12.0,70,-43.0,260,-14.0,350,45.0" /></mjloggm>