<mjloggm ver="2.3"><GO type="225" lobby="0"/><UN n0="%6D%75%75%6D%75%72%61" n1="%E3%81%A9%E3%82%93%E3%82%88%E3%81%8F%4D%6B%2E%32" n2="%72%69%6F%75%63%68%61%6E" n3="%E3%81%8B%E3%82%8F%E3%81%A1%E3%82%83%E3%82%93%35%38" dan="16,16,16,16" rate="2141.88,2190.29,2134.15,2127.47" sx="F,M,M,M"/><TAIKYOKU oya="0"/><INIT seed="0,0,0,4,4,17" ten="250,250,250,250" oya="0" hai0="116,9,129,3,71,83,78,49,50,108,54,99,127" hai1="46,91,100,67,23,102,64,32,111,74,13,33,29" hai2="57,87,104,11,4,125,110,121,73,120,14,81,27" hai3="79,113,8,22,93,59,118,82,126,98,119,42,45"/><T36/><D116/><U130/><E74/><V12/><F110/><W105/><G113/><T52/><D36/><U122/><E122/><V48/><F125/><W31/><G105/><T34/><D127/><U128/><E111/><V0/><F104/><W94/><G126/><T69/><D108/><U30/><E46/><V132/><F132/><W55/><G8/><T24/><D129/><U68/><E91/><V77/><F73/><W6/><G6/><T97/><D3/><U5/><E5/><V103/><F103/><W7/><G7/><T89/><D9/><U123/><E123/><V95/><F95/><W20/><G119/><T76/><D89/><U86/><E86/><V101/><F101/><W133/><G133/><T53/><D34/><U63/><E13/><V134/><F134/><W88/><G94/><T114/><D83/><U70/><E63/><V75/><F75/><W115/><G31/><T44/><D24/><U51/><E51/><N who="0" m="19465" /><D44/><U80/><REACH who="1" step="1"/><E23/><REACH who="1" ten="250,240,250,250" step="2"/><N who="3" m="8746" /><G118/><T41/><D114/><U26/><E26/><V60/><F27/><W117/><G117/><T131/><D131/><U2/><E2/><V112/><F121/><W92/><G115/><T16/><D41/><U39/><E39/><V124/><F112/><W56/><G42/><T18/><D99/><U96/><E96/><V66/><F120/><W37/><G37/><T109/><D97/><U62/><E62/><V35/><F124/><W85/><G93/><T43/><D109/><U10/><E10/><V90/><F35/><W84/><G98/><T72/><D72/><U1/><E1/><V40/><F90/><RYUUKYOKU ba="0,1" sc="250,-30,240,10,250,10,250,10" hai1="29,30,32,33,64,67,68,70,80,100,102,128,130" hai2="0,4,11,12,14,40,48,57,60,66,77,81,87" hai3="45,55,56,59,79,82,84,85,88,92" /><INIT seed="1,1,1,2,4,52" ten="220,250,260,260" oya="1" hai0="49,116,79,38,98,14,5,64,93,35,39,73,66" hai1="17,3,103,111,48,63,126,15,32,42,81,104,90" hai2="53,80,132,131,37,74,18,95,20,112,92,119,2" hai3="105,46,110,83,10,19,56,24,128,70,78,60,9"/><U44/><E3/><V0/><F119/><W22/><G110/><T33/><D116/><U84/><E32/><V41/><F131/><W34/><G128/><T72/><D49/><U1/><E1/><V86/><F132/><W65/><G105/><T12/><D93/><U96/><E111/><V61/><F112/><W102/><G102/><T13/><D5/><U7/><E126/><V127/><F127/><W30/><G46/><T129/><D98/><U57/><E7/><V89/><F95/><W91/><G91/><T99/><D99/><U120/><E120/><V11/><F11/><W85/><REACH who="3" step="1"/><G70/><REACH who="3" ten="220,250,260,250" step="2"/><T51/><D129/><U68/><E68/><V25/><F89/><W71/><G71/><T36/><D79/><U54/><E104/><V135/><F135/><W43/><G43/><T88/><D88/><U67/><E103/><V130/><F41/><W29/><G29/><T82/><D82/><U45/><E96/><V40/><F40/><W121/><G121/><T27/><D33/><U31/><E31/><V101/><F101/><W107/><G107/><T47/><D35/><U106/><E106/><V26/><F80/><W58/><G58/><T124/><D124/><U109/><E109/><V21/><F130/><W62/><G62/><T69/><D69/><U123/><E123/><V97/><F97/><W23/><G23/><T87/><D47/><U76/><E54/><V6/><F53/><W59/><G59/><T55/><D55/><U113/><E44/><V125/><F125/><W94/><G94/><T8/><D66/><U115/><E90/><V114/><F92/><RYUUKYOKU ba="1,2" sc="220,-15,250,15,260,-15,250,15" hai1="15,17,42,45,48,57,63,67,76,81,84,113,115" hai3="9,10,19,22,24,30,34,56,60,65,78,83,85" /><INIT seed="1,2,2,0,3,35" ten="205,265,245,265" oya="1" hai0="40,61,66,60,119,37,46,1,58,134,125,94,34" hai1="24,30,67,77,108,64,17,71,73,100,123,111,22" hai2="135,65,85,91,9,114,63,43,55,15,42,92,103" hai3="97,105,4,113,98,80,129,69,82,109,76,25,47"/><U29/><E123/><V126/><F126/><W6/><G69/><T48/><D119/><U84/><E73/><V74/><F135/><W50/><G113/><T21/><D125/><U33/><E100/><V70/><F74/><W102/><G109/><N who="1" m="42058" /><E71/><V14/><F114/><W118/><G118/><T79/><D34/><U12/><E30/><V86/><F103/><W36/><G36/><T127/><D127/><U120/><E120/><V130/><F130/><W93/><G25/><T88/><D134/><U8/><E33/><V49/><F86/><W104/><G129/><T51/><D79/><U10/><E10/><V81/><F92/><W112/><G112/><T62/><D21/><U39/><E39/><V122/><F122/><W128/><G128/><T5/><D66/><U90/><E77/><V18/><REACH who="2" step="1"/><F15/><REACH who="2" ten="205,265,235,265" step="2"/><W57/><G102/><T20/><D94/><AGARI ba="2,3" hai="8,12,17,22,24,29,64,67,84,90,94" m="42058" machi="94" ten="30,2900,0" yaku="14,1,10,1" doraHai="35" who="1" fromWho="0" sc="205,-35,265,65,235,0,265,0" /><INIT seed="1,3,0,5,3,55" ten="170,330,235,265" oya="1" hai0="117,18,36,62,23,127,126,1,28,133,79,35,51" hai1="122,77,128,96,131,84,8,40,50,87,123,34,134" hai2="82,57,81,100,80,22,116,17,119,118,105,113,121" hai3="124,21,99,11,97,110,92,130,24,19,5,76,46"/><U41/><E34/><V95/><F121/><W52/><G110/><T29/><D36/><U98/><E8/><V135/><F135/><W94/><G130/><T74/><D117/><U33/><E33/><V32/><F32/><W93/><G76/><T125/><D133/><U30/><E134/><V70/><F70/><W111/><G111/><T69/><D1/><U73/><E77/><V59/><F105/><W2/><REACH who="3" step="1"/><G124/><REACH who="3" ten="170,330,235,255" step="2"/><T114/><D79/><U6/><E128/><V68/><F113/><W103/><G103/><T3/><D114/><U31/><E131/><V109/><F109/><W129/><G129/><T102/><D102/><U38/><E123/><V89/><F100/><W104/><G104/><T83/><D125/><U48/><E122/><V47/><F68/><W44/><G44/><T37/><D126/><U61/><E73/><V107/><F47/><W9/><G9/><T67/><D127/><U4/><E38/><V0/><F107/><W58/><G58/><T85/><D37/><U10/><E10/><V39/><F39/><W56/><G56/><T132/><D74/><U15/><E61/><V16/><F0/><W7/><G7/><T20/><D3/><U115/><E115/><V90/><F90/><W86/><G86/><T25/><D132/><U71/><E71/><V45/><F45/><W78/><G78/><N who="0" m="46327" /><D51/><AGARI ba="3,1" hai="2,5,11,19,21,24,46,51,52,92,93,94,97,99" machi="51" ten="40,2600,0" yaku="1,1,54,1,53,0" doraHai="55" doraHaiUra="60" who="3" fromWho="0" sc="170,-35,330,0,235,0,255,45" /><INIT seed="2,0,0,4,1,20" ten="135,330,235,300" oya="2" hai0="135,3,106,86,95,87,37,74,102,92,83,45,57" hai1="79,117,130,70,29,98,67,103,124,123,16,54,11" hai2="15,121,35,114,76,126,109,24,66,75,50,132,94" hai3="56,62,84,129,18,52,0,21,46,108,119,2,19"/><V91/><F114/><W65/><G119/><T101/><D3/><U111/><E117/><V6/><F121/><W5/><G108/><T48/><D37/><U64/><E123/><V41/><F109/><W10/><G129/><T115/><D115/><U32/><E111/><V85/><F126/><W55/><G0/><T33/><D33/><U53/><E130/><V49/><F132/><W110/><G110/><T125/><D57/><U44/><E124/><V1/><F1/><W7/><G7/><T80/><D135/><U122/><E79/><V107/><F107/><W90/><G46/><T51/><D45/><U78/><E78/><V13/><F66/><W4/><G4/><T113/><D113/><U134/><E122/><V131/><F131/><W127/><G127/><T72/><REACH who="0" step="1"/><D125/><REACH who="0" ten="125,330,235,300" step="2"/><U82/><E44/><V99/><F35/><W104/><G56/><T69/><D69/><U118/><E70/><V43/><F43/><W42/><G42/><T96/><D96/><U14/><E32/><V40/><F99/><W23/><G2/><T30/><D30/><U128/><E29/><V26/><F40/><W47/><G47/><T9/><D9/><U88/><E128/><V34/><F34/><W36/><G10/><T17/><D17/><U28/><E28/><V105/><F41/><W81/><G19/><T59/><D59/><U68/><E68/><V116/><F116/><W112/><G18/><T12/><D12/><U97/><E118/><V89/><F13/><W63/><G36/><T61/><D61/><U73/><E134/><V93/><F15/><W25/><G112/><RYUUKYOKU ba="0,1" sc="125,30,330,-10,235,-10,300,-10" hai0="48,51,72,74,80,83,86,87,92,95,101,102,106" /><INIT seed="3,1,1,3,0,42" ten="155,320,225,290" oya="3" hai0="86,88,91,113,53,101,21,134,66,4,107,40,59" hai1="15,7,71,92,38,95,108,17,116,18,114,83,55" hai2="123,33,2,82,106,25,112,39,79,32,5,72,16" hai3="100,126,41,90,69,125,118,37,68,57,44,85,56"/><W61/><G100/><T104/><D134/><U65/><E38/><V76/><F112/><W24/><G24/><T54/><D113/><U110/><E114/><V103/><F123/><W120/><G120/><T10/><D66/><U29/><E116/><V19/><F79/><W35/><G35/><T96/><D21/><U78/><E29/><V49/><F49/><W122/><G122/><T81/><D40/><U20/><E7/><V14/><F39/><W13/><G13/><T27/><D27/><U111/><E55/><V105/><F103/><W47/><G47/><T26/><D26/><N who="1" m="14607" /><E65/><V75/><F75/><W67/><G118/><T89/><D107/><U102/><E102/><V31/><F32/><W58/><REACH who="3" step="1"/><G69/><REACH who="3" ten="155,320,225,280" step="2"/><T73/><D73/><N who="1" m="43471" /><E71/><V131/><F131/><W97/><G97/><T12/><REACH who="0" step="1"/><D53/><REACH who="0" ten="145,320,225,280" step="2"/><U132/><E132/><V64/><F64/><W70/><G70/><T130/><D130/><U8/><AGARI ba="1,3" hai="8,15,18,92,95,108,110,111" m="43471,14607" machi="8" ten="30,1100,0" yaku="14,1" doraHai="42" who="1" fromWho="1" sc="145,-4,320,44,225,-4,280,-6" owari="141,-35.9,364,46.4,221,-17.9,274,7.4" /></mjloggm>