<mjloggm ver="2.3"><GO type="225" lobby="0"/><UN n0="%E7%AD%89%E3%80%85%E5%8A%9B%E5%8A%87%E5%A0%B4" n1="%E3%83%AD%E3%83%83%E3%83%86%E9%9B%80%E7%90%83" n2="%E3%83%8F%E3%82%AC%E3%82%BF%E3%82%AB%E3%81%AE%E3%81%88%E3%81%98%E3%81%8D" n3="%E5%A4%8F%E9%88%B4%E9%88%B4%E5%A4%8F" dan="16,17,16,16" rate="2132.97,2200.84,2181.73,2100.91" sx="M,M,M,M"/><TAIKYOKU oya="0"/><INIT seed="0,0,0,1,3,98" ten="250,250,250,250" oya="0" hai0="109,69,122,3,119,25,33,108,28,16,44,42,124" hai1="72,110,133,126,92,96,123,113,34,101,82,107,20" hai2="49,70,54,52,106,100,103,50,91,45,18,37,13" hai3="111,19,77,74,11,46,60,30,135,118,32,83,112"/><T86/><D119/><U120/><E34/><V67/><F106/><W26/><G118/><T116/><D116/><U22/><E22/><V40/><F67/><W87/><G112/><T93/><D122/><N who="1" m="46635" /><E20/><V75/><F70/><W73/><G111/><N who="0" m="42571" /><D3/><U8/><E8/><N who="2" m="6439" /><F75/><W65/><G135/><T41/><D69/><U84/><E110/><V38/><F38/><W131/><G131/><T95/><D124/><U102/><E133/><V43/><F91/><W80/><G46/><T114/><D114/><U129/><E113/><V58/><F37/><W9/><G19/><T39/><D42/><AGARI ba="0,0" hai="40,42,43,45,49,50,52,54,58,100,103" m="6439" machi="42" ten="30,7700,0" yaku="8,1,52,2,54,1" doraHai="98" who="2" fromWho="0" sc="250,-77,250,0,250,77,250,0" /><INIT seed="1,0,0,4,3,36" ten="173,250,327,250" oya="1" hai0="74,80,133,127,94,72,123,10,87,68,11,7,16" hai1="55,26,93,121,67,88,114,75,108,100,18,109,6" hai2="63,40,78,130,70,59,5,33,47,41,71,92,106" hai3="34,96,132,60,32,62,24,126,39,102,43,52,2"/><U56/><E114/><V1/><F106/><W23/><G2/><T115/><D115/><U50/><E121/><V95/><F33/><W9/><G9/><T49/><D68/><U122/><E122/><V14/><F1/><W128/><G128/><T131/><D123/><U101/><E75/><V99/><F71/><W90/><G132/><T45/><D127/><U53/><E6/><V119/><F70/><W35/><G126/><T104/><D104/><U69/><E67/><V83/><F130/><W97/><G90/><T134/><D131/><U25/><E69/><V8/><F47/><W46/><G52/><N who="1" m="20042" /><E56/><V31/><F31/><W4/><G4/><T105/><D105/><U37/><E50/><V103/><F95/><W79/><G79/><T38/><D38/><U58/><E58/><V135/><F119/><W107/><REACH who="3" step="1"/><G97/><REACH who="3" ten="173,250,327,240" step="2"/><T91/><D7/><U124/><E124/><V111/><F135/><W29/><AGARI ba="0,1" hai="23,24,29,32,34,35,39,43,46,60,62,96,102,107" machi="29" ten="30,8000,1" yaku="1,1,2,1,0,1,52,1,53,1" doraHai="36" doraHaiUra="42" who="3" fromWho="3" sc="173,-20,250,-40,327,-20,240,90" /><INIT seed="2,0,0,1,3,64" ten="153,210,307,330" oya="2" hai0="93,12,14,44,40,55,130,8,33,75,66,20,67" hai1="26,21,18,91,87,68,45,111,104,58,57,119,113" hai2="126,30,97,77,116,59,15,6,4,81,127,84,36" hai3="3,108,34,85,43,51,99,117,132,47,23,96,133"/><V123/><F36/><W129/><G34/><T72/><D33/><U76/><E119/><V16/><F116/><W120/><G117/><T80/><D130/><U135/><E113/><V19/><F123/><W88/><G120/><T27/><D55/><U134/><E104/><V39/><F39/><W109/><G3/><T32/><D32/><U74/><E111/><N who="3" m="42570" /><G23/><T73/><D80/><N who="1" m="45079" /><E45/><V70/><F70/><W94/><G129/><T35/><D35/><U53/><E53/><V29/><F97/><AGARI ba="0,0" hai="43,47,51,85,88,94,96,97,99,132,133" m="42570" machi="97" ten="30,2000,0" yaku="14,1,54,1" doraHai="64" who="3" fromWho="2" sc="153,0,210,0,307,-20,330,20" /><INIT seed="3,0,0,3,3,7" ten="153,210,287,350" oya="3" hai0="86,42,15,105,24,23,74,20,10,111,131,12,125" hai1="37,5,75,64,78,135,83,113,98,112,85,90,33" hai2="130,2,0,32,57,34,79,55,118,115,4,17,91" hai3="47,43,67,25,82,76,49,62,61,95,50,58,121"/><W54/><G121/><T133/><D74/><U87/><E33/><V84/><F115/><W36/><G95/><T134/><D105/><U96/><E37/><V72/><F118/><W31/><G82/><T63/><D42/><U39/><E39/><V41/><F41/><W104/><G76/><T127/><D63/><U73/><E5/><V109/><F17/><W3/><G3/><T94/><D86/><U106/><E64/><V97/><F97/><N who="1" m="37481" /><E135/><N who="0" m="51721" /><D94/><N who="1" m="54607" /><E106/><V14/><F34/><W71/><G104/><T101/><D101/><U8/><E8/><V129/><F32/><AGARI ba="0,0" hai="25,31,32,36,43,47,49,50,54,58,61,62,67,71" machi="32" ten="30,1500,0" yaku="7,1" doraHai="7" who="3" fromWho="2" sc="153,0,210,0,287,-15,350,15" owari="153,-34.7,210,-19.0,272,7.2,365,46.5" /></mjloggm>