<mjloggm ver="2.3"><GO type="225" lobby="0"/><UN n0="%E6%A1%9C%E8%8A%B1%E9%96%83%E3%80%85" n1="%E3%81%B5%E3%81%98%E3%81%8B%E3%81%A4" n2="%E3%80%93%E3%81%97%E3%83%BC%E3%82%89%E3%80%93" n3="%E8%B1%86%59%E5%A4%AA%E9%83%8E" dan="16,16,16,16" rate="2133.04,2144.90,2153.44,2065.02" sx="M,M,M,M"/><TAIKYOKU oya="0"/><INIT seed="0,0,0,1,0,57" ten="250,250,250,250" oya="0" hai0="126,43,92,103,70,45,56,36,90,59,119,49,95" hai1="27,46,68,80,37,50,18,32,66,53,4,105,9" hai2="13,78,62,10,21,130,116,118,8,65,33,125,97" hai3="22,44,35,14,94,1,25,7,39,113,69,93,60"/><T117/><D70/><U24/><E105/><V129/><F33/><W42/><G113/><T11/><D126/><U128/><E128/><N who="2" m="49259" /><F125/><W72/><G72/><T102/><D117/><N who="2" m="45162" /><F78/><W86/><G35/><T81/><D119/><U123/><E123/><V104/><F21/><W135/><G135/><T114/><D114/><U100/><E32/><V12/><F104/><W0/><G14/><N who="2" m="5737" /><F97/><W112/><G112/><T124/><D124/><U88/><E100/><N who="0" m="38441" /><D11/><U110/><E9/><V76/><F76/><W132/><G132/><T131/><D131/><U61/><E4/><V17/><F17/><W96/><G86/><N who="0" m="50511" /><D36/><U79/><E37/><V29/><F29/><W120/><G120/><T34/><D34/><U41/><E18/><V23/><F23/><W64/><G7/><T82/><D82/><U127/><E127/><V101/><F101/><W87/><G87/><T77/><D77/><U2/><E79/><V134/><F134/><W28/><REACH who="3" step="1"/><G94/><AGARI ba="0,0" hai="43,45,49,56,59,92,94,95" m="50511,38441" machi="94" ten="30,1500,0" yaku="8,1" doraHai="57" who="0" fromWho="3" sc="250,15,250,0,250,0,250,-15" /><INIT seed="0,1,0,2,5,57" ten="265,250,250,235" oya="0" hai0="17,135,18,101,43,14,122,51,37,24,119,120,93" hai1="52,90,130,110,35,65,53,129,29,128,64,33,86" hai2="66,59,11,10,28,60,21,108,118,49,16,6,80" hai3="31,58,78,3,34,98,20,0,94,125,67,36,41"/><T121/><D119/><U54/><E110/><V55/><F108/><W124/><G34/><N who="1" m="12810" /><E29/><V126/><F126/><N who="3" m="48747" /><G78/><T38/><D135/><U116/><E116/><V26/><F118/><W77/><G77/><T22/><D51/><U72/><E72/><V92/><F80/><AGARI ba="1,0" hai="52,53,54,64,65,80,86,90,128,129,130" m="12810" machi="80" ten="40,2600,0" yaku="19,1,54,1" doraHai="57" who="1" fromWho="2" sc="265,0,250,29,250,-29,235,0" /><INIT seed="1,0,0,1,3,130" ten="265,279,221,235" oya="1" hai0="52,49,18,62,8,17,3,113,129,134,21,54,86" hai1="90,76,58,121,20,104,128,77,24,50,1,33,9" hai2="124,71,94,78,95,11,103,122,97,66,26,22,44" hai3="132,119,85,111,114,88,107,93,25,68,4,106,117"/><U79/><E128/><V131/><F131/><W125/><G68/><T59/><D129/><U47/><E121/><V28/><F122/><W98/><G4/><T123/><D123/><U70/><E104/><N who="3" m="39978" /><G25/><T105/><D134/><U74/><E33/><V23/><F124/><W12/><G12/><N who="0" m="7303" /><D105/><U135/><E70/><V133/><F78/><W72/><G114/><T65/><D3/><U96/><E135/><V51/><F133/><W27/><G27/><N who="0" m="14775" /><D113/><U108/><E108/><V45/><F94/><N who="3" m="54543" /><G132/><T60/><D65/><U87/><E74/><V15/><F23/><W112/><G112/><T43/><D43/><U13/><E96/><V31/><F31/><W80/><G125/><T92/><D54/><N who="1" m="30047" /><E58/><V100/><F100/><N who="3" m="60495" /><G111/><T102/><D102/><U64/><E64/><V82/><F71/><W53/><G53/><T67/><D67/><U41/><E41/><V101/><F66/><W56/><G56/><T29/><D29/><N who="1" m="17543" /><E1/><V84/><F103/><W91/><G72/><T69/><D69/><U36/><E36/><V120/><F120/><W57/><G57/><T83/><D62/><U118/><E9/><V38/><F38/><W10/><G10/><T40/><D40/><U37/><E37/><V115/><F115/><W2/><G2/><T99/><D60/><U39/><E39/><V63/><F63/><W81/><G91/><T48/><D59/><U32/><E13/><V61/><F61/><W46/><G46/><T42/><D42/><U89/><E32/><V7/><F51/><W73/><G73/><T30/><D49/><U14/><E90/><N who="2" m="51479" /><F44/><W34/><G34/><RYUUKYOKU ba="0,0" sc="265,-15,279,-15,221,15,235,15" hai2="7,11,15,22,26,28,45,95,97,101" hai3="80,81,117,119" /><INIT seed="2,1,0,2,4,119" ten="250,264,236,250" oya="2" hai0="20,70,107,23,100,83,65,1,73,67,3,106,58" hai1="115,81,130,33,51,34,28,9,122,49,48,103,109" hai2="6,92,79,44,14,111,85,26,95,45,36,4,10" hai3="84,110,8,39,16,125,77,22,97,133,2,66,35"/><V40/><F111/><W98/><G39/><T41/><D58/><U93/><E115/><V121/><F121/><W71/><G35/><T80/><D100/><U31/><E109/><V60/><F4/><W21/><G125/><T101/><D101/><U78/><E9/><V104/><F104/><W89/><G77/><T118/><D41/><U132/><E132/><V127/><F127/><W68/><G133/><T47/><D47/><U18/><E18/><V59/><F44/><W19/><G8/><T0/><D73/><U62/><E62/><V96/><F26/><W7/><G7/><T88/><D88/><U61/><E61/><V29/><F29/><W53/><G53/><T117/><REACH who="0" step="1"/><D1/><REACH who="0" ten="240,264,236,250" step="2"/><U30/><E103/><V87/><F79/><W108/><G2/><T15/><D15/><U54/><E78/><V102/><REACH who="2" step="1"/><F95/><REACH who="2" ten="240,264,226,250" step="2"/><W131/><G110/><T134/><D134/><U69/><E93/><V50/><F50/><W37/><G108/><T113/><D113/><U52/><E49/><V13/><F13/><W76/><G76/><T75/><D75/><U57/><E51/><V12/><F12/><W43/><G43/><T25/><D25/><U32/><E48/><V56/><F56/><W90/><G37/><T27/><D27/><U114/><E57/><V24/><F24/><W72/><G72/><T64/><D64/><AGARI ba="1,2" hai="6,10,14,36,40,45,59,60,64,85,87,92,96,102" machi="64" ten="30,2900,0" yaku="1,1,7,1,53,0" doraHai="119" doraHaiUra="126" who="2" fromWho="0" sc="240,-32,264,0,226,52,250,0" /><INIT seed="2,2,0,5,0,27" ten="208,264,278,250" oya="2" hai0="22,4,26,104,116,113,35,1,28,15,93,124,106" hai1="65,19,94,76,86,132,72,74,91,12,38,17,82" hai2="67,62,48,34,119,70,32,105,54,111,56,120,77" hai3="36,40,7,90,134,131,6,87,81,29,30,52,50"/><V47/><F105/><W78/><G36/><T13/><D113/><U118/><E118/><V60/><F119/><W43/><G134/><T21/><D116/><U25/><E132/><V95/><F120/><W2/><G131/><T64/><D64/><U101/><E38/><V85/><F111/><W98/><G43/><T11/><D93/><U133/><E133/><V49/><F49/><W24/><G24/><T126/><D104/><U55/><E65/><V51/><F51/><W88/><G40/><T73/><D73/><U121/><E121/><V37/><F37/><W46/><G2/><T53/><D53/><U5/><E101/><V96/><F85/><W107/><G107/><T83/><D83/><U31/><E55/><V14/><F14/><N who="0" m="5130" /><D106/><U59/><E59/><V99/><F77/><W45/><G45/><T108/><D108/><U129/><E74/><V57/><F70/><W122/><G122/><T33/><D22/><U75/><E75/><V71/><F99/><W0/><G0/><T9/><D9/><U61/><E61/><V23/><F23/><W125/><G98/><T3/><D3/><U115/><E129/><V103/><REACH who="2" step="1"/><F71/><REACH who="2" ten="208,264,268,250" step="2"/><W20/><G78/><T127/><AGARI ba="2,1" hai="1,4,11,21,26,28,33,35,124,126,127" m="5130" machi="127" ten="40,8000,1" yaku="18,1,34,2,52,1" doraHai="27" who="0" fromWho="0" sc="208,96,264,-22,268,-42,250,-22" /><INIT seed="3,0,0,3,1,0" ten="304,242,226,228" oya="3" hai0="126,102,69,98,12,45,123,121,95,66,114,111,104" hai1="47,100,16,51,78,115,90,24,59,9,86,8,125" hai2="92,57,54,25,38,7,68,87,50,22,96,58,72" hai3="18,117,42,74,130,122,32,60,40,99,19,124,91"/><W119/><G74/><T33/><D111/><U71/><E71/><V5/><F72/><W52/><G32/><T131/><D131/><U118/><E125/><V30/><F68/><W85/><G122/><T65/><D126/><U55/><E115/><V36/><F36/><W34/><G34/><T64/><D69/><U135/><E100/><N who="2" m="60423" /><F38/><W81/><G130/><T14/><D33/><U103/><E103/><V49/><F87/><W26/><G124/><T70/><D70/><U112/><E112/><V44/><F58/><N who="3" m="34887" /><G119/><T105/><D45/><U62/><E135/><V132/><F132/><W133/><G133/><T89/><D114/><U129/><E118/><V56/><F56/><W120/><G120/><T134/><D134/><U31/><E129/><V107/><F107/><W94/><G117/><T4/><D105/><U3/><E3/><V6/><F44/><W28/><G28/><T79/><D121/><U48/><E31/><V23/><F23/><N who="3" m="13687" /><G19/><T75/><D123/><U41/><E16/><V35/><F35/><W15/><G15/><T20/><D20/><U27/><E27/><V39/><F39/><W76/><AGARI ba="0,0" hai="40,42,76,81,85,91,94,99" m="13687,34887" machi="76" ten="30,6000,0" yaku="25,1,8,1,54,1" doraHai="0" who="3" fromWho="3" sc="304,-20,242,-20,226,-20,228,60" /><INIT seed="3,1,0,4,4,135" ten="284,222,206,288" oya="3" hai0="8,122,13,83,104,76,38,35,27,40,7,73,85" hai1="109,9,99,130,102,31,51,127,107,87,47,44,131" hai2="103,118,91,116,86,23,5,89,93,0,18,108,133" hai3="4,28,72,105,115,48,66,54,94,6,68,43,16"/><W17/><G105/><T2/><D122/><U98/><E31/><V96/><F133/><W55/><G72/><T12/><D85/><U19/><E109/><V26/><F108/><W97/><G28/><N who="0" m="19871" /><D104/><U37/><E37/><V74/><F74/><W25/><G115/><T82/><D82/><U45/><E87/><V132/><F132/><W46/><G66/><T75/><D75/><U79/><E79/><V114/><F114/><W62/><G68/><T90/><D90/><U57/><E98/><V1/><F91/><N who="3" m="55519" /><G17/><T63/><D63/><U81/><E19/><V64/><F64/><W20/><G55/><T3/><D3/><U77/><E107/><V71/><F71/><W29/><G29/><T100/><D100/><U50/><E102/><V21/><F21/><W129/><G129/><T59/><D59/><AGARI ba="1,0" hai="4,6,16,20,25,43,46,48,54,59,62" m="55519" machi="59" ten="30,5800,0" yaku="25,1,8,1,54,1" doraHai="135" who="3" fromWho="0" sc="284,-61,222,0,206,0,288,61" owari="223,2.3,222,-17.8,206,-29.4,349,44.9" /></mjloggm>