<mjloggm ver="2.3"><GO type="225" lobby="0"/><UN n0="%6D%75%75%6D%75%72%61" n1="%73%6C%69%63%6B%33%31%39" n2="%63%62%69%73%6B%65%74" n3="%73%7A%2E%64%31" dan="17,16,16,16" rate="2146.72,2104.69,2050.79,2143.16" sx="F,M,M,M"/><TAIKYOKU oya="0"/><INIT seed="0,0,0,0,3,24" ten="250,250,250,250" oya="0" hai0="70,25,84,81,95,60,0,1,120,55,15,128,106" hai1="35,127,38,49,48,96,12,75,123,57,110,107,29" hai2="135,98,132,31,33,36,45,37,126,9,86,131,122" hai3="43,53,47,20,80,83,121,10,52,99,74,93,78"/><T73/><D120/><U77/><E123/><V97/><F122/><W129/><G129/><T88/><D106/><U61/><E38/><N who="2" m="14955" /><F131/><W11/><G83/><T103/><D128/><U4/><E75/><V109/><F109/><W100/><G121/><T26/><D15/><U8/><E110/><V54/><F126/><W59/><G20/><T63/><D63/><U82/><E127/><V28/><F86/><W114/><G114/><T125/><D125/><U42/><E42/><V94/><F9/><W16/><G16/><T104/><D104/><U27/><E96/><N who="2" m="36971" /><F94/><W134/><G134/><N who="2" m="51241" /><F33/><W72/><G72/><T67/><D55/><U130/><E107/><V51/><AGARI ba="0,0" hai="28,31,45,51,54" m="51241,36971,14955" machi="51" ten="40,5200,0" yaku="20,1,52,2" doraHai="24" who="2" fromWho="2" sc="250,-26,250,-13,250,52,250,-13" /><INIT seed="1,0,0,4,5,98" ten="224,237,302,237" oya="1" hai0="50,5,109,133,67,72,63,53,61,128,0,48,120" hai1="105,75,59,106,93,101,118,99,47,82,86,131,104" hai2="36,13,35,40,117,84,58,46,21,70,95,11,77" hai3="129,23,96,8,2,80,6,28,9,62,19,3,52"/><U57/><E118/><V91/><F117/><W79/><G129/><T60/><D128/><U119/><E119/><V32/><F70/><W121/><G121/><T103/><D72/><U49/><E131/><V112/><F112/><W130/><G130/><T124/><D120/><U97/><E75/><V113/><F113/><W111/><G96/><T68/><D124/><U41/><REACH who="1" step="1"/><E99/><REACH who="1" ten="224,227,302,237" step="2"/><V29/><F84/><W115/><G115/><T54/><D133/><U55/><E55/><V81/><F40/><W89/><G52/><T30/><D109/><U22/><E22/><V85/><F85/><W123/><G111/><T102/><D53/><U12/><E12/><V7/><F13/><W110/><G110/><T26/><D0/><U27/><E27/><V71/><F21/><W15/><G123/><T73/><D73/><U69/><E69/><V135/><F35/><W38/><G2/><T31/><D68/><U51/><E51/><V114/><F32/><W78/><G38/><T39/><D39/><U33/><E33/><V127/><F135/><W1/><G1/><T76/><D48/><U20/><E20/><V44/><F114/><W65/><G23/><T107/><D26/><U10/><E10/><V14/><F71/><N who="3" m="42423" /><G28/><T25/><D25/><U34/><E34/><V17/><F36/><W42/><G42/><T24/><D24/><U125/><E125/><V108/><F127/><W122/><G122/><T56/><D67/><U64/><E64/><V90/><F108/><W87/><G3/><T100/><D107/><U132/><E132/><V74/><F74/><W66/><G66/><RYUUKYOKU ba="0,1" sc="224,-15,227,15,302,-15,237,15" hai1="41,47,49,57,59,82,86,93,97,101,104,105,106" hai3="6,8,9,15,19,78,79,80,87,89" /><INIT seed="1,1,1,0,0,122" ten="209,242,287,252" oya="1" hai0="134,88,56,90,121,64,106,50,38,46,112,22,72" hai1="83,93,9,68,43,2,45,115,76,131,114,34,42" hai2="17,110,51,16,116,119,100,78,57,52,63,61,89" hai3="31,128,4,28,48,13,120,40,62,87,15,118,7"/><U70/><E131/><V58/><F110/><W69/><G118/><T55/><D112/><N who="1" m="43051" /><E93/><V21/><F100/><W8/><G120/><T86/><D121/><U111/><E43/><V132/><F132/><W23/><G128/><T96/><D72/><N who="1" m="43399" /><E34/><V104/><F104/><W20/><G87/><T107/><D134/><U27/><E27/><V0/><F0/><W95/><G95/><N who="0" m="56423" /><D107/><U59/><E59/><V49/><F78/><W135/><G135/><T54/><D38/><N who="1" m="21719" /><E111/><V25/><F89/><W44/><G69/><T29/><D106/><U39/><E39/><V75/><F75/><W123/><G123/><T41/><D29/><N who="3" m="11337" /><G62/><N who="0" m="37959" /><D22/><U92/><E92/><AGARI ba="1,1" hai="41,46,50,54,55,86,90,92" m="37959,56423" machi="92" ten="30,2000,0" yaku="8,1,54,1" doraHai="122" who="0" fromWho="1" sc="209,33,242,-23,287,0,252,0" /><INIT seed="2,0,0,2,2,39" ten="242,219,287,252" oya="2" hai0="36,128,79,22,90,66,70,113,7,83,131,65,41" hai1="6,40,76,21,63,134,124,61,10,129,26,8,135" hai2="19,11,52,77,74,98,126,133,125,104,117,101,35" hai3="55,12,60,111,9,99,72,43,120,30,112,31,17"/><V132/><F117/><W1/><G120/><T62/><D113/><U56/><E124/><N who="2" m="47723" /><F35/><W28/><G112/><T44/><D65/><U123/><E123/><V46/><F19/><W121/><G72/><T4/><D90/><U109/><E109/><V57/><F11/><W50/><G121/><T93/><D93/><U110/><E110/><V96/><F96/><W97/><G1/><T49/><D36/><U102/><E102/><V34/><F34/><W15/><G111/><T0/><D22/><U64/><E129/><N who="0" m="49737" /><D0/><U2/><E76/><V103/><F103/><W84/><G84/><AGARI ba="0,0" hai="4,7,41,44,49,62,66,70,79,83,84" m="49737" machi="84" ten="30,2000,0" yaku="19,1,52,1" doraHai="39" who="0" fromWho="3" sc="242,20,219,0,287,0,252,-20" /><INIT seed="3,0,0,5,5,19" ten="262,219,287,232" oya="3" hai0="122,81,51,2,72,8,101,63,26,5,103,107,80" hai1="40,130,43,60,84,61,30,134,11,97,21,39,50" hai2="22,4,59,20,70,94,16,71,82,45,109,114,18" hai3="32,106,49,127,6,113,54,10,85,9,112,17,7"/><W31/><G106/><T42/><D122/><U74/><E74/><V83/><F114/><W55/><G85/><T3/><D3/><U35/><E39/><V98/><F109/><W79/><G79/><T131/><D131/><U46/><E35/><V121/><F121/><W111/><G49/><T104/><D63/><N who="1" m="24139" /><E134/><V58/><F4/><W44/><G44/><T115/><D115/><N who="3" m="44105" /><G54/><T129/><D129/><U48/><E130/><V120/><F120/><W37/><G55/><T33/><D104/><U27/><E97/><V38/><F98/><W132/><G37/><T96/><D103/><U12/><E84/><V64/><F38/><W41/><G41/><N who="1" m="15946" /><E46/><V28/><F45/><W93/><G132/><T117/><D72/><U56/><E56/><V118/><F118/><W95/><G111/><T69/><D117/><U0/><E0/><V25/><F58/><W14/><G127/><T67/><D107/><U110/><E110/><V47/><F59/><W66/><G66/><T65/><D96/><U1/><E1/><V75/><F75/><W86/><G86/><T77/><D101/><U102/><E102/><V128/><F128/><W23/><G95/><T13/><D2/><U135/><E135/><V105/><F105/><W76/><G93/><T99/><D99/><U116/><E116/><V62/><F47/><W108/><G108/><T53/><D42/><U78/><E78/><V73/><F73/><W126/><G76/><T125/><D77/><U36/><E36/><V29/><F94/><W24/><G126/><T92/><D125/><U57/><E57/><V15/><F71/><RYUUKYOKU ba="0,0" sc="262,-30,219,10,287,10,232,10" hai1="11,12,21,27,30,48,50" hai2="15,16,18,20,22,25,28,29,62,64,70,82,83" hai3="6,7,9,10,14,17,23,24,31,32" /><INIT seed="3,1,0,0,3,72" ten="232,229,297,242" oya="3" hai0="107,7,56,39,21,58,45,64,60,20,54,124,44" hai1="63,16,123,91,40,103,122,117,96,116,130,33,25" hai2="57,129,68,101,51,98,100,22,95,27,35,128,55" hai3="115,102,50,134,36,30,110,92,70,18,74,10,42"/><W31/><G70/><T78/><D107/><U83/><E40/><V87/><F68/><W67/><G74/><T11/><D124/><U105/><E63/><V93/><F35/><W131/><G36/><T94/><D39/><U3/><E3/><V5/><F5/><W32/><G32/><T1/><D94/><U12/><E130/><N who="2" m="50283" /><F87/><W113/><G110/><T49/><D78/><U61/><E61/><V108/><F108/><W109/><G134/><T86/><D86/><N who="1" m="50655" /><E25/><V114/><F114/><W89/><G109/><T104/><D104/><U82/><E33/><V71/><F71/><W81/><G131/><T69/><REACH who="0" step="1"/><D58/><REACH who="0" ten="222,229,297,242" step="2"/><U76/><E76/><V9/><F95/><W90/><G92/><T62/><D62/><U106/><E82/><V73/><F73/><W75/><G81/><T80/><D80/><U119/><E105/><V8/><F101/><W84/><G102/><T17/><D17/><AGARI ba="1,1" hai="8,9,17,22,27,51,55,57,93,98,100" m="50283" machi="17" ten="30,1000,0" yaku="19,1" doraHai="72" who="2" fromWho="0" sc="222,-13,229,0,297,23,242,0" owari="209,-29.1,229,-17.1,320,42.0,242,4.2" /></mjloggm>