<mjloggm ver="2.3"><GO type="225" lobby="0"/><UN n0="%6D%75%75%73%61%6E%6D%75" n1="%E7%89%B9%E6%9D%B1%E3%81%AF%E4%B8%96%E7%95%8C%E3%82%92%E6%95%91%E3%81%86" n2="%E3%80%90%E3%83%88%E3%83%AA%E3%83%A5%E3%83%95%E3%80%91" n3="%6C%61%6D%62" dan="17,16,16,16" rate="2180.43,2114.33,2098.63,2196.74" sx="F,M,M,M"/><TAIKYOKU oya="0"/><INIT seed="0,0,0,0,5,78" ten="250,250,250,250" oya="0" hai0="47,135,123,55,90,51,89,122,71,129,65,25,2" hai1="19,29,56,131,77,109,70,114,84,81,83,130,115" hai2="54,132,121,7,6,32,99,79,73,28,125,106,118" hai3="110,43,108,20,112,4,75,60,92,33,98,36,14"/><T39/><D2/><U133/><E70/><V72/><F121/><W18/><G33/><T100/><D129/><N who="1" m="49163" /><E109/><N who="3" m="42090" /><G112/><N who="1" m="43050" /><E29/><V116/><F54/><W21/><G75/><N who="2" m="28745" /><F79/><W37/><G4/><N who="2" m="1577" /><F28/><W66/><G20/><T91/><D135/><U120/><E120/><V44/><F44/><W42/><G42/><T34/><D39/><U64/><E133/><V68/><F68/><N who="3" m="42055" /><G43/><T128/><D128/><U0/><E0/><V3/><F32/><W45/><G45/><T9/><D71/><U94/><E19/><V127/><F132/><W111/><N who="3" m="42098" /><W13/><DORA hai="52" /><G13/><T11/><D65/><U117/><E117/><N who="2" m="45163" /><F3/><W40/><G40/><T69/><D69/><U104/><E104/><V88/><F106/><W31/><G31/><T27/><D34/><U96/><E77/><V63/><F63/><W80/><G80/><T41/><D122/><U113/><E113/><V86/><F99/><W59/><G59/><T107/><D123/><U95/><E56/><V97/><F97/><W38/><G38/><T46/><D46/><U30/><E30/><V10/><F10/><N who="0" m="3594" /><D41/><U22/><E64/><V134/><F134/><W57/><G57/><T101/><D107/><U58/><E58/><V50/><F50/><W76/><G76/><T119/><D119/><U124/><E96/><V23/><F23/><W93/><G98/><T8/><N who="0" m="3602" /><T82/><DORA hai="85" /><D82/><AGARI ba="0,0" hai="82,86,88,125,127" m="45163,1577,28745" machi="82" ten="40,8000,1" yaku="12,1,52,2,54,1" doraHai="78,52,85" who="2" fromWho="0" sc="250,-80,250,0,250,80,250,0" /><INIT seed="1,0,0,2,1,56" ten="170,250,330,250" oya="1" hai0="20,5,11,66,62,81,58,106,33,104,18,129,27" hai1="55,8,53,13,87,60,51,121,38,130,103,107,110" hai2="113,92,9,67,19,3,10,101,93,6,24,98,114" hai3="90,128,134,86,22,68,116,120,26,35,118,16,80"/><U29/><E121/><V109/><F109/><W36/><G120/><T42/><D129/><U123/><E123/><V78/><F67/><W37/><G128/><T1/><D33/><U34/><E38/><V99/><F78/><W40/><G68/><T21/><D42/><U17/><E130/><V63/><F63/><W54/><G134/><T4/><D4/><U2/><E2/><V45/><F45/><W97/><G35/><T50/><D50/><U126/><E126/><V95/><F24/><W88/><G54/><T72/><D72/><U12/><E107/><V69/><F69/><W117/><G40/><T96/><D81/><U132/><E103/><V82/><F82/><W94/><AGARI ba="0,0" hai="16,22,26,36,37,80,86,88,90,94,97,116,117,118" machi="94" ten="40,8000,1" yaku="0,1,12,1,54,2" doraHai="56" who="3" fromWho="3" sc="170,-20,250,-40,330,-20,250,80" /><INIT seed="2,0,0,3,5,119" ten="150,210,310,330" oya="2" hai0="129,20,84,73,102,80,85,16,61,116,9,13,57" hai1="10,97,109,112,113,105,99,34,12,103,65,54,77" hai2="1,134,26,27,88,89,81,79,40,37,132,8,21" hai3="110,93,111,130,66,121,63,68,72,133,55,86,135"/><V41/><F27/><W35/><G35/><T124/><D129/><U94/><E34/><V92/><F92/><W2/><G2/><T45/><D124/><U44/><E65/><V90/><F37/><W22/><G72/><T49/><D116/><U120/><E77/><V100/><F100/><W33/><G33/><T50/><D102/><U107/><E109/><N who="3" m="41482" /><G130/><T131/><D131/><U83/><E83/><V29/><F8/><W56/><G22/><T25/><D73/><U74/><E74/><N who="2" m="43255" /><F1/><W127/><G127/><T122/><D122/><U46/><E103/><V11/><F11/><W38/><G121/><T115/><D115/><U128/><E128/><V3/><F3/><W7/><G7/><T69/><D69/><U18/><E94/><V4/><F4/><W5/><G5/><T95/><D95/><U82/><E82/><V32/><F32/><W0/><G38/><T117/><D117/><U36/><E36/><V48/><F48/><N who="3" m="30823" /><G0/><T28/><D80/><U101/><E97/><V64/><F64/><W106/><G106/><T126/><D126/><U114/><E105/><V108/><F108/><W91/><AGARI ba="0,0" hai="63,66,68,86,91,93,133,135" m="30823,41482" machi="91" ten="30,1100,0" yaku="14,1" doraHai="119" who="3" fromWho="3" sc="150,-3,210,-3,310,-5,330,11" /><INIT seed="3,0,0,0,0,58" ten="147,207,305,341" oya="3" hai0="107,64,127,116,101,63,24,38,80,68,94,102,135" hai1="16,81,8,56,15,73,115,28,44,76,106,88,22" hai2="96,77,122,29,95,113,36,30,32,70,3,51,100" hai3="131,5,82,98,69,34,132,26,53,104,123,126,1"/><W78/><G123/><T105/><D116/><U128/><E115/><V103/><F113/><W129/><G69/><T133/><D38/><U47/><E106/><V125/><F70/><W14/><G1/><T59/><D127/><U109/><E109/><V97/><F3/><W74/><G126/><T39/><D39/><U61/><E128/><N who="3" m="49226" /><G132/><T6/><D105/><U12/><E88/><V27/><F36/><W50/><G5/><T119/><D119/><U35/><E35/><V85/><F125/><W89/><G14/><T7/><D107/><U87/><E73/><V11/><F11/><W42/><G42/><T90/><D80/><U75/><E75/><V33/><F51/><W111/><G111/><T72/><D72/><U124/><E124/><V86/><F77/><W121/><G121/><T114/><D114/><U48/><E48/><V117/><F122/><W112/><G112/><T9/><D24/><U130/><E130/><V0/><F0/><W46/><G89/><T67/><D133/><U55/><REACH who="1" step="1"/><E28/><REACH who="1" ten="147,197,305,341" step="2"/><V19/><F117/><W18/><G104/><T45/><D135/><U41/><E41/><V71/><F95/><W37/><G37/><T91/><D45/><U110/><E110/><V84/><F30/><W92/><G34/><T62/><D91/><U40/><E40/><V65/><F33/><W21/><G92/><T99/><REACH who="0" step="1"/><D9/><REACH who="0" ten="137,197,305,341" step="2"/><U79/><E79/><V31/><F32/><W10/><G10/><T118/><D118/><U52/><E52/><V83/><F31/><W108/><G108/><T25/><D25/><U23/><E23/><V134/><F134/><RYUUKYOKU ba="0,2" sc="137,10,197,10,305,-30,341,10" hai0="6,7,59,62,63,64,67,68,90,94,99,101,102" hai1="8,12,15,16,22,44,47,55,56,61,76,81,87" hai3="18,21,26,46,50,53,74,78,82,98" owari="147,-35.3,207,-19.3,275,7.5,371,47.1" /></mjloggm>