<mjloggm ver="2.3"><GO type="225" lobby="0"/><UN n0="%E3%83%AB%E3%83%9B%E3%83%B3%E3%83%87%E3%82%A3%E3%82%A8" n1="%E6%A0%B9%E5%85%83%E3%81%8B%E3%82%89%E5%90%B9%E3%81%A3%E9%A3%9B%E3%81%B6" n2="%E3%81%AF%E3%82%88%E3%81%8A%E3%81%98%E3%81%95%E3%82%93" n3="%4E%49%4A%49%49%52%4F" dan="17,17,16,16" rate="2199.52,2215.09,2142.40,2170.26" sx="M,F,M,M"/><TAIKYOKU oya="0"/><INIT seed="0,0,0,4,4,64" ten="250,250,250,250" oya="0" hai0="56,94,17,40,73,90,129,52,47,134,6,3,124" hai1="118,39,18,85,59,0,86,25,11,28,29,98,127" hai2="30,112,101,114,42,126,12,24,72,113,7,88,132" hai3="99,95,67,19,106,107,27,23,69,36,70,121,1"/><T76/><D124/><U44/><E118/><V109/><F72/><W91/><G1/><T111/><D129/><U34/><E127/><V65/><F126/><W116/><G116/><T71/><D134/><U128/><E128/><V103/><F132/><W60/><G36/><T63/><D111/><U8/><E28/><V83/><F109/><W51/><G121/><T100/><D100/><U57/><E11/><V10/><F42/><W96/><G51/><T49/><D71/><U2/><E98/><V125/><F65/><W123/><G123/><T41/><D17/><U43/><E2/><V31/><F125/><W74/><G74/><T80/><D6/><U45/><E45/><V92/><F83/><W115/><G115/><T120/><D3/><U93/><E18/><V50/><F50/><W21/><G21/><T108/><D108/><U32/><E32/><V14/><F14/><W133/><G133/><T97/><REACH who="0" step="1"/><D120/><REACH who="0" ten="240,250,250,250" step="2"/><U33/><E0/><V55/><F30/><W48/><G70/><T102/><D102/><U35/><E29/><V22/><REACH who="2" step="1"/><F55/><AGARI ba="0,1" hai="40,41,47,49,52,55,56,63,73,76,80,90,94,97" machi="55" ten="30,5800,0" yaku="1,1,7,1,54,1,53,0" doraHai="64" doraHaiUra="62" who="0" fromWho="2" sc="240,68,250,0,250,-58,250,0" /><INIT seed="0,1,0,0,5,79" ten="308,250,192,250" oya="0" hai0="37,1,103,64,61,80,54,14,81,12,83,90,102" hai1="72,20,88,112,42,63,95,123,71,115,57,116,4" hai2="134,26,32,30,89,50,7,13,132,113,65,38,51" hai3="114,52,76,104,96,84,43,60,130,125,41,68,131"/><T135/><D1/><U10/><E116/><V6/><F38/><W92/><G114/><N who="1" m="43562" /><E72/><V21/><F113/><W0/><G0/><T33/><D33/><U70/><E42/><V28/><F65/><W39/><G125/><T31/><D37/><U9/><E20/><V49/><F89/><W58/><G68/><N who="1" m="26154" /><E123/><V119/><F119/><W97/><G104/><T56/><D135/><N who="2" m="51754" /><F30/><W100/><G96/><T8/><D31/><U74/><E74/><V106/><F106/><W27/><G27/><T82/><D64/><N who="1" m="39023" /><E4/><N who="2" m="1579" /><F13/><N who="0" m="5226" /><D8/><U35/><E35/><AGARI ba="1,0" hai="21,26,28,32,35,49,50,51" m="1579,51754" machi="35" ten="40,1300,0" yaku="20,1" doraHai="79" who="2" fromWho="1" sc="308,0,250,-16,192,16,250,0" /><INIT seed="1,0,0,2,3,116" ten="308,234,208,250" oya="1" hai0="34,85,89,134,26,4,87,36,76,9,74,18,57" hai1="107,94,132,17,104,108,78,42,6,7,117,48,91" hai2="113,95,83,5,100,82,23,16,60,43,62,68,15" hai3="63,22,90,30,37,2,75,80,14,128,38,13,99"/><U24/><E117/><V92/><F113/><W121/><G2/><T97/><D36/><U88/><E78/><V81/><F68/><W21/><G128/><T122/><D74/><U120/><E107/><V111/><F111/><W129/><G129/><T20/><D34/><U123/><E104/><V55/><F43/><W40/><G63/><N who="2" m="24105" /><F100/><W19/><G40/><T1/><D57/><U69/><E69/><V31/><F55/><W12/><G121/><T73/><D73/><U59/><E108/><V71/><F71/><W112/><G112/><T131/><D131/><U124/><E91/><V106/><F106/><W35/><G35/><T105/><D76/><U119/><E119/><V118/><F118/><W72/><G99/><T29/><D134/><U45/><E132/><V53/><F53/><W25/><G75/><T56/><D56/><U52/><E124/><V32/><F32/><W70/><G70/><T8/><D105/><U50/><E123/><V84/><F31/><W77/><REACH who="3" step="1"/><G90/><REACH who="3" ten="308,234,208,240" step="2"/><T10/><D122/><U33/><E120/><V125/><F125/><W44/><G44/><T127/><D97/><N who="1" m="57543" /><E33/><V102/><F84/><W103/><G103/><T66/><D87/><U51/><E51/><V61/><F102/><W86/><G86/><T110/><D127/><U65/><E65/><V133/><N who="2" m="24113" /><V49/><DORA hai="28" /><F133/><W54/><G54/><T41/><D66/><U126/><E126/><V67/><BYE who="1" /><F67/><W130/><G130/><T96/><D110/><U101/><E101/><V114/><F114/><W64/><G64/><T39/><D96/><U47/><E47/><RYUUKYOKU ba="0,1" sc="308,-15,234,15,208,-15,240,15" hai1="6,7,17,24,42,45,48,50,52,59" hai3="12,13,14,19,21,22,25,30,37,38,72,77,80" /><INIT seed="1,1,1,0,3,132" ten="293,249,193,255" oya="1" hai0="24,7,35,104,8,114,127,135,47,59,125,29,41" hai1="67,111,76,27,69,39,117,4,20,0,5,65,134" hai2="98,36,105,26,110,18,103,25,50,28,52,119,10" hai3="116,79,109,49,42,113,56,53,34,12,121,81,17"/><U93/><E93/><V90/><F110/><W77/><G121/><T64/><D114/><U38/><E38/><V88/><F119/><W80/><G80/><T58/><D104/><U89/><E89/><V73/><F36/><UN n1="%E6%A0%B9%E5%85%83%E3%81%8B%E3%82%89%E5%90%B9%E3%81%A3%E9%A3%9B%E3%81%B6" /><W123/><G123/><T46/><D135/><U16/><E117/><V108/><F73/><W31/><G113/><T126/><D64/><N who="1" m="24651" /><E0/><V129/><F129/><W100/><G116/><T84/><D84/><U86/><E69/><V33/><F108/><W106/><G109/><T57/><D41/><U55/><E39/><V71/><F71/><W95/><G100/><T107/><D107/><U91/><E134/><V37/><F37/><W82/><G106/><T72/><D72/><U120/><E76/><N who="3" m="29258" /><G34/><T112/><D112/><U61/><E120/><V3/><F26/><W96/><G31/><T11/><D11/><U44/><E111/><V62/><F62/><W60/><G42/><T87/><D87/><U133/><E133/><V97/><F98/><W21/><G60/><T92/><D92/><N who="1" m="54391" /><E61/><V32/><F33/><W63/><G63/><T130/><D130/><U124/><E124/><V54/><F54/><W101/><AGARI ba="1,1" hai="12,17,21,49,53,56,81,82,95,96,101" m="29258" machi="101" ten="30,1100,0" yaku="8,1" doraHai="132" who="3" fromWho="3" sc="293,-4,249,-6,193,-4,255,24" /><INIT seed="2,0,0,3,4,20" ten="289,243,189,279" oya="2" hai0="30,14,118,61,59,100,54,64,124,63,98,1,49" hai1="27,23,99,130,0,8,107,12,47,88,51,17,128" hai2="33,110,24,82,114,52,123,71,56,21,74,44,132" hai3="9,91,7,3,121,29,79,86,135,97,96,83,66"/><V38/><F123/><W19/><G121/><T37/><D1/><U76/><E76/><V93/><F114/><W11/><G135/><T94/><D37/><U36/><E36/><V70/><F33/><W117/><G117/><T2/><D2/><U90/><E0/><V69/><F132/><W4/><G29/><T18/><D124/><U39/><E39/><V46/><F110/><W40/><G19/><T41/><D118/><U15/><E15/><V78/><F93/><W113/><G113/><T62/><D41/><U48/><E107/><V73/><F74/><W28/><G28/><T31/><REACH who="0" step="1"/><D64/><REACH who="0" ten="279,243,189,279" step="2"/><U25/><E128/><V131/><F38/><W104/><G66/><T5/><D5/><U89/><E130/><V26/><F131/><W116/><G40/><T115/><D115/><U80/><E80/><V111/><F111/><W75/><G116/><T55/><D55/><N who="1" m="30111" /><E99/><V58/><F52/><W13/><G104/><T53/><D53/><U122/><E122/><V95/><F95/><AGARI ba="0,1" hai="3,4,7,9,11,13,75,79,83,86,91,95,96,97" machi="95" ten="30,1000,0" yaku="7,1" doraHai="20" who="3" fromWho="2" sc="279,0,243,0,189,-10,279,20" /><INIT seed="3,0,0,5,2,128" ten="279,243,179,299" oya="3" hai0="132,36,85,104,134,109,110,28,117,54,115,40,116" hai1="76,14,87,99,12,45,32,67,1,131,47,39,37" hai2="22,55,101,92,60,105,71,20,63,112,96,119,8" hai3="44,86,114,65,53,93,35,94,31,41,33,57,102"/><W46/><G114/><T82/><D104/><U80/><E1/><V49/><F119/><N who="0" m="45642" /><D115/><U88/><E32/><V69/><F112/><W118/><G118/><T23/><D54/><U106/><E131/><V16/><F105/><W133/><G133/><N who="0" m="51307" /><D28/><U25/><E67/><V77/><F77/><W100/><G65/><T29/><D29/><U108/><E76/><V91/><F101/><W121/><G121/><T61/><D61/><N who="2" m="23626" /><F69/><W43/><G31/><T52/><D52/><U75/><E47/><N who="3" m="17962" /><G33/><T5/><D5/><U135/><E45/><N who="2" m="28079" /><F71/><W74/><G35/><T107/><D107/><U19/><E106/><V51/><F51/><N who="3" m="30911" /><G74/><T10/><D36/><U130/><E37/><V70/><F70/><W24/><G24/><T113/><D113/><U3/><E39/><V73/><F73/><W17/><G17/><T27/><D40/><N who="3" m="15433" /><G94/><T21/><D10/><U123/><E135/><V38/><F38/><W129/><G129/><T90/><D27/><U72/><E25/><V126/><F126/><W89/><AGARI ba="0,0" hai="86,89,93,100,102" m="15433,30911,17962" machi="89" ten="30,1500,0" yaku="8,1" doraHai="128" who="3" fromWho="3" sc="279,-5,243,-5,179,-5,299,15" owari="274,7.4,238,-16.2,174,-32.6,314,41.4" /></mjloggm>