<mjloggm ver="2.3"><GO type="225" lobby="0"/><UN n0="%E8%81%B7%E6%A5%AD%E3%80%81%E9%A2%A8%32" n1="%6E%69%63%6B%6C%6F%77" n2="%E7%AD%89%E3%80%85%E5%8A%9B%E5%8A%87%E5%A0%B4" n3="%72%61%6B%33" dan="16,16,16,18" rate="2126.76,2101.07,2142.69,2223.95" sx="M,F,M,M"/><TAIKYOKU oya="0"/><INIT seed="0,0,0,1,2,83" ten="250,250,250,250" oya="0" hai0="127,105,64,56,61,84,85,106,49,78,114,44,74" hai1="38,115,23,116,97,96,125,6,37,2,67,118,13" hai2="88,134,111,121,29,27,107,32,93,99,103,12,26" hai3="101,108,17,91,117,11,123,72,69,42,119,89,70"/><T92/><D114/><U65/><E115/><V21/><F121/><W131/><G123/><T113/><D113/><U1/><E23/><V33/><F111/><W16/><G108/><T95/><D127/><U34/><E13/><V5/><F134/><W3/><G101/><T54/><D106/><U28/><E28/><V102/><F102/><W76/><G42/><T0/><D0/><U77/><E77/><V53/><F27/><W43/><G43/><T126/><D126/><U122/><E122/><V39/><F39/><W94/><G76/><T63/><D105/><U51/><E51/><V109/><F109/><W133/><G94/><N who="0" m="35883" /><D74/><U132/><E125/><V135/><F135/><W112/><G112/><T4/><D78/><U130/><E132/><V57/><F5/><W71/><G133/><T58/><D4/><U90/><E6/><V82/><F82/><W52/><G72/><T79/><D79/><U62/><E62/><V81/><F81/><W18/><G131/><T128/><D128/><U45/><E130/><V75/><F12/><W9/><G3/><T47/><D47/><U66/><E45/><V40/><F40/><AGARI ba="0,0" hai="40,44,49,54,56,58,61,63,64,84,85" m="35883" machi="40" ten="30,5800,0" yaku="8,1,52,2" doraHai="83" who="0" fromWho="2" sc="250,58,250,0,250,-58,250,0" /><INIT seed="0,1,0,2,5,123" ten="308,250,192,250" oya="0" hai0="31,81,41,105,8,54,59,92,93,121,44,103,15" hai1="96,14,7,4,17,82,122,127,85,36,67,57,84" hai2="38,113,109,110,99,101,134,79,49,70,48,126,9" hai3="25,42,65,58,32,33,104,78,88,5,75,37,50"/><T133/><D121/><U19/><E122/><V46/><F113/><W86/><G104/><T51/><D133/><U69/><E69/><V18/><F70/><W128/><G128/><T108/><D108/><N who="2" m="41578" /><F126/><W3/><G25/><T20/><D105/><U12/><E36/><V77/><F38/><W26/><G26/><N who="0" m="16839" /><D103/><U130/><E130/><V56/><F134/><W64/><G78/><N who="2" m="29705" /><F56/><W102/><G58/><T45/><D81/><U72/><E72/><V74/><F74/><W39/><G37/><T61/><D45/><U100/><E82/><V13/><F46/><W119/><G39/><T129/><D129/><U6/><E127/><V66/><F66/><W118/><G65/><T73/><D73/><U76/><E57/><V97/><F97/><W35/><G64/><T87/><D87/><U106/><E76/><V47/><F47/><W124/><G86/><T116/><D116/><U89/><E67/><V90/><F90/><W112/><G88/><T2/><D2/><U125/><E125/><V27/><F27/><W53/><G3/><T120/><D120/><U21/><E89/><V62/><F62/><W16/><G124/><T98/><D98/><U114/><E114/><V91/><F91/><W83/><G112/><T95/><D95/><AGARI ba="1,0" hai="9,13,18,48,49,95,99,101" m="29705,41578" machi="95" ten="30,7700,0" yaku="14,1,52,3" doraHai="123" who="2" fromWho="0" sc="308,-80,250,0,192,80,250,0" /><INIT seed="1,0,0,1,1,14" ten="228,250,272,250" oya="1" hai0="93,108,40,49,121,61,92,70,77,111,82,46,69" hai1="107,131,88,62,6,103,79,2,104,99,67,95,94" hai2="133,20,42,13,118,120,63,86,58,54,125,81,17" hai3="23,30,48,29,4,102,44,27,26,25,114,68,0"/><U51/><E131/><V110/><F118/><W60/><G114/><T115/><D115/><U105/><E2/><V87/><F120/><W28/><G102/><T16/><D121/><U73/><E6/><V52/><F110/><N who="0" m="42026" /><D93/><U33/><E33/><V119/><F119/><W116/><G116/><T57/><D92/><U9/><E9/><V66/><F133/><W124/><G124/><T21/><D57/><U45/><E79/><N who="2" m="46399" /><F125/><W83/><G83/><T89/><D89/><U122/><E73/><V74/><F74/><W85/><G85/><N who="0" m="48335" /><D61/><U22/><E122/><V56/><F42/><W53/><G0/><T43/><D40/><U39/><E39/><V80/><F58/><W75/><G75/><T55/><D43/><U41/><E22/><V130/><F130/><W11/><G60/><T132/><D132/><U106/><REACH who="1" step="1"/><E88/><AGARI ba="0,0" hai="13,17,20,52,54,56,63,66,80,87,88" m="46399" machi="88" ten="30,7700,0" yaku="8,1,52,1,54,2" doraHai="14" who="2" fromWho="1" sc="228,0,250,-77,272,77,250,0" /><INIT seed="2,0,0,3,5,0" ten="228,173,349,250" oya="2" hai0="70,63,56,85,27,135,76,11,113,65,105,122,40" hai1="42,14,127,44,57,71,96,45,16,31,92,120,67" hai2="38,78,81,89,124,129,97,17,84,7,3,114,5" hai3="9,10,53,58,33,74,30,104,47,118,131,59,110"/><V121/><F114/><W119/><G110/><T126/><D105/><U48/><E127/><V61/><F121/><W106/><G131/><T51/><D113/><U99/><E120/><V36/><F3/><W108/><G47/><T98/><D122/><U134/><E134/><V128/><F124/><W82/><G108/><T80/><D135/><U54/><E31/><V52/><F17/><W73/><G82/><T107/><D126/><U29/><E29/><V62/><F62/><W66/><G30/><T46/><D27/><U39/><E45/><V6/><F97/><W35/><REACH who="3" step="1"/><G53/><REACH who="3" ten="228,173,349,240" step="2"/><T79/><D46/><U103/><E96/><V13/><F129/><W34/><G34/><T15/><D98/><U94/><E99/><V20/><F128/><W2/><G2/><T23/><D80/><U100/><E100/><V32/><F32/><W133/><G133/><T50/><D40/><U4/><E103/><V109/><F109/><W115/><G115/><T55/><D55/><U26/><E67/><AGARI ba="0,1" hai="9,10,33,35,58,59,66,67,73,74,104,106,118,119" machi="67" ten="25,3200,0" yaku="1,1,22,2,53,0" doraHai="0" doraHaiUra="21" who="3" fromWho="1" sc="228,0,173,-32,349,0,240,42" /><INIT seed="3,0,0,1,2,58" ten="228,141,349,282" oya="3" hai0="8,32,81,13,133,60,118,106,23,85,27,104,21" hai1="131,135,111,28,24,103,4,43,88,90,100,33,52" hai2="74,18,66,113,108,96,132,98,29,84,12,126,93" hai3="37,15,110,120,121,70,63,61,128,11,94,67,77"/><W2/><G2/><T10/><D118/><U54/><E111/><V6/><F74/><W76/><G37/><T116/><D116/><U89/><E131/><V59/><F113/><W130/><G94/><T50/><D50/><U16/><E135/><V45/><F108/><W41/><G110/><T0/><D13/><U56/><E4/><V3/><F126/><W69/><G41/><T99/><D85/><U73/><E73/><V115/><F115/><W102/><G102/><N who="1" m="38954" /><E33/><V75/><F75/><W19/><G77/><T55/><D32/><U119/><E119/><V51/><F132/><W42/><G76/><T46/><D133/><U20/><E43/><V117/><F117/><W82/><G82/><T38/><D38/><U122/><E122/><V64/><F6/><W101/><G101/><T86/><D0/><U97/><E97/><V26/><F3/><W39/><G42/><T62/><D99/><U123/><E123/><V31/><F98/><W107/><G107/><T57/><D104/><U95/><E95/><V127/><F127/><W9/><G39/><T35/><D35/><U79/><E79/><V124/><F124/><W72/><G72/><T49/><D106/><U40/><E40/><V83/><F96/><W22/><G121/><T87/><D81/><U48/><E54/><V92/><F93/><W80/><G80/><T14/><D55/><U25/><E25/><V47/><F92/><W71/><G120/><T65/><D27/><U1/><E1/><V91/><F83/><W78/><G78/><T7/><D7/><U105/><E105/><V44/><F84/><RYUUKYOKU ba="0,0" sc="228,-10,141,30,349,-10,282,-10" hai1="16,20,24,28,48,52,56,88,89,90" owari="218,-18.2,171,-32.9,339,43.9,272,7.2" /></mjloggm>