<mjloggm ver="2.3"><GO type="225" lobby="0"/><UN n0="%E3%83%A9%E3%83%BC%E3%83%A1%E3%83%B3%E4%BA%94%E9%83%8E" n1="%E4%B8%AD%E5%B9%B4%E3%81%AE%E5%8D%B1%E6%A9%9F" n2="%E9%89%A2%E5%B7%BB%E3%82%AC%E3%83%96" n3="%E3%82%82%E3%81%90%E3%82%89" dan="16,16,16,17" rate="2077.97,2144.32,2102.27,2202.86" sx="M,M,M,M"/><TAIKYOKU oya="0"/><INIT seed="0,0,0,0,1,98" ten="250,250,250,250" oya="0" hai0="17,29,61,54,19,46,80,134,72,55,59,99,115" hai1="125,108,75,79,66,131,30,22,77,37,10,135,128" hai2="76,20,57,11,21,40,96,74,13,26,64,85,129" hai3="62,8,126,63,111,73,45,119,90,101,2,82,35"/><T121/><D115/><U38/><E10/><V43/><F129/><N who="1" m="49737" /><E66/><V67/><F74/><W25/><G119/><T71/><D121/><U41/><E75/><V105/><F105/><W88/><G111/><T53/><D71/><U117/><E41/><V1/><F1/><W100/><G126/><T68/><D68/><U95/><E117/><V32/><F32/><W28/><G45/><T42/><D134/><U133/><E108/><V120/><F96/><W93/><G82/><T60/><D29/><U114/><E95/><V123/><F85/><W112/><G73/><T110/><D110/><U87/><E87/><V56/><F11/><W4/><G112/><T91/><D72/><U39/><E114/><V86/><F86/><W6/><G90/><T83/><D83/><U50/><E50/><V94/><F94/><W70/><G6/><T33/><D80/><U58/><E58/><V106/><F106/><W0/><G0/><T130/><D130/><U97/><E97/><V27/><REACH who="2" step="1"/><F13/><REACH who="2" ten="250,250,240,250" step="2"/><W118/><G118/><T132/><D99/><U113/><E113/><V16/><F16/><W81/><G81/><T36/><D17/><U31/><E125/><V3/><F3/><W116/><G116/><T103/><D19/><U51/><E22/><V109/><F109/><W15/><G2/><T7/><D33/><U44/><E30/><V69/><F69/><W122/><G70/><T102/><D102/><N who="3" m="39529" /><G122/><T49/><D103/><U127/><E31/><V18/><F18/><W24/><G24/><T89/><D7/><U12/><E127/><V9/><F9/><W14/><G14/><RYUUKYOKU ba="0,1" sc="250,-15,250,-15,240,15,250,15" hai2="20,21,26,27,40,43,56,57,64,67,76,120,123" hai3="4,8,15,25,28,35,62,63,88,93" /><INIT seed="1,1,1,2,4,85" ten="235,235,255,265" oya="1" hai0="96,42,36,15,27,33,72,125,79,40,130,94,24" hai1="20,92,51,49,68,102,47,22,34,23,98,100,110" hai2="38,73,54,60,95,86,70,84,66,107,117,116,9" hai3="111,44,5,69,6,58,90,37,35,52,121,133,74"/><U127/><E68/><V55/><F73/><W50/><G121/><T81/><D130/><U93/><E34/><V32/><F107/><W71/><G74/><T118/><D118/><U104/><E127/><V46/><F32/><W3/><G35/><T134/><D125/><U21/><E110/><V120/><F84/><W25/><G111/><T87/><D134/><U103/><N who="1" m="5120" /><DORA hai="106" /><U53/><E104/><V31/><F31/><W83/><G25/><T122/><D122/><U105/><E105/><V89/><F120/><W19/><G19/><T76/><D33/><U97/><REACH who="1" step="1"/><E51/><REACH who="1" ten="235,225,255,265" step="2"/><V75/><F117/><W67/><G71/><T113/><D36/><U101/><AGARI ba="1,2" hai="47,49,53,92,93,97,98,100,101,102,103" m="5120" machi="101" ten="40,18000,2" yaku="1,1,2,1,0,1,9,1,8,1,53,2" doraHai="85,106" doraHaiUra="88,39" who="1" fromWho="1" sc="235,-61,225,203,255,-61,265,-61" /><INIT seed="1,2,0,2,3,33" ten="174,428,194,204" oya="1" hai0="106,126,20,115,74,56,71,0,37,127,60,47,86" hai1="32,12,27,11,105,102,77,103,100,75,46,64,16" hai2="131,72,83,23,132,51,17,66,41,62,134,48,117" hai3="73,95,65,40,14,110,29,45,22,7,99,92,119"/><U19/><E64/><V9/><F117/><W118/><G73/><T69/><D74/><U36/><E105/><V84/><F72/><W96/><G110/><T30/><D106/><U59/><E59/><V28/><F28/><W39/><G65/><T124/><D115/><U55/><E75/><V8/><F131/><W6/><G99/><T111/><D111/><U101/><N who="1" m="25600" /><DORA hai="54" /><U88/><E77/><V25/><F132/><W31/><G31/><T68/><D0/><U90/><E32/><V120/><F120/><W128/><G95/><T123/><D123/><U61/><E61/><V107/><F134/><W63/><G63/><T82/><D37/><U116/><E116/><N who="3" m="44586" /><G128/><T89/><D47/><U49/><E36/><V94/><F94/><W80/><G80/><T133/><D133/><U34/><E34/><V78/><F107/><W67/><G67/><N who="0" m="39303" /><D69/><U2/><E2/><V87/><F87/><W104/><G104/><T122/><D122/><U93/><E93/><V125/><F125/><W70/><G70/><T135/><D135/><U1/><E1/><V18/><F41/><W91/><G14/><T57/><D57/><U121/><E121/><V42/><F42/><W108/><G108/><T13/><D13/><U98/><E98/><V3/><F62/><W21/><G29/><T35/><D35/><U5/><REACH who="1" step="1"/><E27/><AGARI ba="2,0" hai="20,27,30,68,71,82,86,89,124,126,127" m="39303" machi="27" ten="30,2000,0" yaku="18,1,52,1" doraHai="33,54" who="0" fromWho="1" sc="174,26,428,-26,194,0,204,0" /><INIT seed="2,0,0,2,4,26" ten="200,402,194,204" oya="2" hai0="71,112,118,99,64,135,84,23,88,125,114,68,30" hai1="59,53,13,9,101,95,45,128,116,89,19,33,133" hai2="20,76,49,41,91,7,27,14,92,54,34,85,61" hai3="96,67,47,72,123,11,122,28,90,131,108,12,110"/><V46/><F34/><W78/><G67/><T17/><D135/><U115/><E115/><V105/><F105/><W106/><G47/><T132/><D132/><U63/><E116/><V77/><F14/><W117/><G117/><T38/><D118/><U6/><E33/><V83/><F7/><W5/><G131/><T103/><D38/><U21/><E133/><V24/><F24/><W69/><G69/><T79/><D79/><U100/><E45/><V93/><F77/><W121/><G28/><T44/><D125/><U29/><E29/><V75/><F75/><W3/><G12/><T39/><D112/><U134/><E134/><V113/><F113/><W37/><G37/><T8/><D114/><U98/><E128/><V94/><F61/><W58/><G58/><T1/><D30/><U52/><E53/><V57/><F76/><W31/><G31/><T62/><D71/><U25/><AGARI ba="0,0" hai="6,9,13,19,21,25,52,59,63,89,95,98,100,101" machi="25" ten="20,12000,2" yaku="0,1,7,1,25,2,8,1,54,1" doraHai="26" who="1" fromWho="1" sc="200,-30,402,120,194,-60,204,-30" /><INIT seed="3,0,0,4,0,3" ten="170,522,134,174" oya="3" hai0="81,130,97,38,24,122,6,111,79,21,52,118,25" hai1="50,120,51,114,72,39,61,19,29,76,7,107,95" hai2="87,123,15,104,115,84,12,31,73,85,53,54,74" hai3="17,112,135,0,22,89,127,23,62,45,4,90,5"/><W133/><G112/><T124/><D122/><U57/><E7/><N who="3" m="2634" /><G0/><T78/><D118/><U109/><E51/><V9/><F115/><W125/><G62/><T8/><D38/><U56/><E50/><V46/><F123/><W116/><G116/><T101/><D111/><U134/><E57/><V99/><F31/><W55/><G55/><T2/><D124/><N who="3" m="47689" /><G45/><T34/><D52/><N who="2" m="20074" /><F46/><W102/><G102/><T66/><D101/><U67/><E56/><V63/><F63/><W44/><G44/><T106/><D2/><U108/><E67/><V117/><F117/><W41/><G41/><T43/><D66/><U113/><E61/><V13/><F99/><W77/><G77/><T60/><D97/><U94/><E76/><V27/><F104/><W69/><G69/><T132/><D106/><U82/><E107/><V128/><F27/><N who="3" m="14831" /><G22/><T33/><D21/><U131/><E114/><V42/><F42/><W65/><G65/><T129/><D43/><U80/><E113/><V26/><F26/><W10/><G10/><T32/><D60/><U121/><E121/><V68/><F68/><W47/><G47/><T92/><D24/><U64/><E120/><V86/><N who="2" m="21504" /><DORA hai="18" /><V88/><F9/><W35/><G35/><T126/><D126/><U11/><E11/><V83/><F83/><W70/><G70/><T96/><D81/><U93/><E82/><V48/><F48/><W91/><AGARI ba="0,0" hai="89,90,91,133,135" m="14831,47689,2634" machi="91" ten="40,12000,1" yaku="18,1,52,4" doraHai="3,18" who="3" fromWho="3" sc="170,-40,522,-40,134,-40,174,120" /><INIT seed="3,1,0,5,1,96" ten="130,482,94,294" oya="3" hai0="48,109,9,59,130,46,40,68,8,36,41,116,121" hai1="38,16,110,67,88,87,70,55,82,93,80,4,26" hai2="83,105,79,33,99,27,84,39,24,74,30,118,107" hai3="57,20,56,98,49,135,25,112,104,89,19,2,28"/><W10/><G135/><T62/><D116/><U114/><E110/><V113/><F113/><W133/><G133/><T34/><D121/><U65/><E38/><V64/><F118/><W127/><G127/><T117/><D117/><U72/><E4/><V13/><F39/><W47/><G112/><T77/><D109/><U134/><E70/><V29/><F13/><W92/><G104/><T23/><D34/><U12/><E114/><V103/><F64/><N who="1" m="24649" /><E72/><V73/><REACH who="2" step="1"/><F105/><REACH who="2" ten="130,482,84,294" step="2"/><W95/><G2/><T108/><D36/><U37/><E37/><V78/><F78/><W63/><G63/><T22/><D108/><U126/><E88/><V7/><F7/><W58/><G92/><T71/><D77/><U94/><E16/><V101/><F101/><W76/><G76/><T5/><D5/><U122/><E55/><V91/><F91/><W11/><REACH who="3" step="1"/><G19/><REACH who="3" ten="130,482,84,284" step="2"/><T50/><D62/><U119/><E94/><V3/><F3/><W123/><G123/><T69/><D68/><U42/><E93/><V125/><F125/><W43/><AGARI ba="1,2" hai="10,11,20,25,28,43,47,49,56,57,58,89,95,98" machi="43" ten="30,6000,0" yaku="1,1,0,1,8,1,53,0" doraHai="96" doraHaiUra="131" who="3" fromWho="3" sc="130,-21,482,-21,84,-21,284,83" /><INIT seed="3,2,0,1,3,81" ten="109,461,63,367" oya="3" hai0="40,88,7,99,18,89,46,42,51,94,135,59,100" hai1="90,30,25,26,107,1,3,60,22,20,111,79,85" hai2="133,13,5,97,0,27,129,21,76,114,105,102,72" hai3="55,132,56,124,104,17,48,11,53,64,45,4,126"/><W87/><G104/><T10/><D135/><U61/><E107/><V95/><F114/><W49/><G132/><T118/><D118/><U115/><E115/><V39/><F133/><W110/><G17/><T131/><D131/><U73/><E111/><V122/><F129/><W24/><G24/><T23/><D40/><U35/><E35/><V44/><F122/><W82/><G64/><T130/><D130/><U112/><E112/><V9/><F39/><W31/><G31/><T127/><D127/><U128/><E128/><V19/><F44/><W103/><G103/><T96/><D96/><U117/><E117/><V123/><F123/><W91/><REACH who="3" step="1"/><G110/><REACH who="3" ten="109,461,63,357" step="2"/><T120/><D120/><U29/><E29/><V2/><F76/><W92/><G92/><T106/><D106/><U34/><E79/><V65/><F65/><W38/><G38/><T86/><D18/><U58/><E26/><V74/><F0/><AGARI ba="2,1" hai="0,4,11,45,48,49,53,55,56,82,87,91,124,126" machi="0" ten="40,3900,0" yaku="1,1,52,1,53,0" doraHai="81" doraHaiUra="66" who="3" fromWho="2" sc="109,0,461,0,63,-45,357,55" /><INIT seed="3,3,0,4,5,125" ten="109,461,18,412" oya="3" hai0="52,43,110,89,53,54,131,13,10,122,34,26,105" hai1="7,95,117,55,107,39,127,87,72,29,69,46,70" hai2="12,130,32,48,65,4,28,123,111,31,49,82,94" hai3="133,104,78,88,30,16,40,57,25,99,84,83,106"/><W19/><G133/><T74/><D122/><U37/><E72/><V64/><F94/><W1/><G1/><T17/><D74/><U118/><E107/><V15/><F4/><W73/><G40/><T62/><D105/><U44/><E7/><V24/><F24/><W80/><G57/><T51/><D110/><U67/><E29/><V124/><F124/><W66/><G66/><T85/><D34/><U116/><E127/><V58/><F58/><W98/><G106/><T38/><D38/><N who="1" m="14347" /><E67/><V36/><F36/><W102/><G99/><T2/><D2/><U33/><E33/><AGARI ba="3,0" hai="16,19,25,30,33,73,78,80,83,84,88,98,102,104" machi="33" ten="30,5800,0" yaku="7,1,54,2" doraHai="125" who="3" fromWho="1" sc="109,0,461,-67,18,0,412,67" owari="109,-29.1,394,19.4,18,-48.2,479,57.9" /></mjloggm>