<mjloggm ver="2.3"><GO type="225" lobby="0"/><UN n0="%E3%81%B7%E3%82%8A%E3%82%93%E8%81%96%E4%BA%BA" n1="%E6%80%AA%E3%81%97%E3%81%99%E3%81%8E%E3%82%8B%E3%83%81%E3%83%BC" n2="%E3%81%B8%E3%82%80%E3%81%B8%E3%82%80%EF%BC%92%E5%8F%B7" n3="%72%69%6F%75%63%68%61%6E" dan="16,16,17,17" rate="2133.09,2181.88,2204.13,2251.78" sx="M,M,M,M"/><TAIKYOKU oya="0"/><INIT seed="0,0,0,4,5,20" ten="250,250,250,250" oya="0" hai0="44,116,24,62,129,66,32,30,48,60,104,83,65" hai1="27,58,7,86,5,36,37,19,76,109,75,92,103" hai2="29,125,26,52,107,13,47,122,59,34,123,17,80" hai3="85,18,79,110,97,112,108,1,99,133,135,102,101"/><T78/><D116/><U120/><E75/><V118/><F107/><W90/><G1/><T22/><D104/><U42/><E120/><V124/><F118/><W70/><G70/><T50/><D32/><U91/><E109/><N who="3" m="42090" /><G18/><T33/><D33/><U43/><E76/><V114/><F47/><W10/><G10/><T81/><D129/><U12/><E36/><V35/><F80/><N who="3" m="47263" /><G112/><T126/><D126/><N who="2" m="48746" /><F34/><W115/><G115/><T49/><D44/><U61/><E37/><V41/><F41/><N who="1" m="15369" /><E103/><N who="3" m="39434" /><G90/><T54/><D78/><U63/><E7/><V0/><F0/><W74/><G74/><T6/><D6/><U25/><E5/><V128/><F128/><W121/><G121/><T14/><D14/><U39/><E39/><V72/><F72/><W131/><G131/><T2/><D2/><U89/><E89/><V4/><F4/><W84/><G84/><T45/><D45/><U96/><E86/><V94/><F94/><W15/><G15/><T111/><D111/><U16/><E19/><V31/><F31/><W9/><G9/><T51/><D54/><N who="1" m="34007" /><E63/><N who="0" m="24105" /><D51/><U87/><E87/><V119/><F119/><W11/><G11/><AGARI ba="0,0" hai="11,12,16,25,27,91,92,96" m="34007,15369" machi="11" ten="30,7700,0" yaku="8,1,52,2,54,1" doraHai="20" who="1" fromWho="3" sc="250,0,250,77,250,0,250,-77" /><INIT seed="1,0,0,5,4,102" ten="250,327,250,173" oya="1" hai0="18,90,108,124,101,80,43,79,54,135,45,106,38" hai1="48,133,123,111,17,50,96,87,121,88,58,74,100" hai2="49,109,72,125,134,73,82,77,89,9,4,110,95" hai3="60,16,24,132,34,91,63,2,3,92,66,23,105"/><U11/><E74/><V8/><F125/><W7/><G132/><T114/><D114/><U84/><E133/><V15/><F134/><W83/><G105/><T41/><D135/><U65/><E111/><N who="2" m="42507" /><F49/><W22/><G34/><T78/><D108/><U112/><E112/><V40/><F40/><W47/><G83/><T122/><D122/><U39/><E39/><V27/><F27/><W93/><G7/><T81/><D124/><U119/><E119/><V53/><F53/><W13/><G47/><T98/><D43/><U46/><E121/><V120/><F120/><W10/><G63/><T33/><D33/><U14/><E123/><V118/><F118/><W97/><G93/><T68/><D68/><U21/><E21/><V75/><F9/><W20/><REACH who="3" step="1"/><G24/><REACH who="3" ten="250,327,250,163" step="2"/><T25/><D80/><U116/><E46/><V42/><F42/><W52/><G52/><T26/><D54/><U57/><E116/><V127/><F127/><W56/><AGARI ba="0,1" hai="2,3,10,13,16,20,22,23,56,60,66,91,92,97" machi="56" ten="30,4000,0" yaku="1,1,0,1,54,1,53,0" doraHai="102" doraHaiUra="99" who="3" fromWho="3" sc="250,-10,327,-20,250,-10,163,50" /><INIT seed="2,0,0,1,3,120" ten="240,307,240,213" oya="2" hai0="85,91,30,27,104,56,128,25,80,2,48,77,133" hai1="54,129,39,96,100,0,117,53,78,22,72,5,24" hai2="75,36,127,7,29,40,102,93,126,90,123,122,121" hai3="35,71,4,95,109,101,52,92,111,59,105,115,55"/><V62/><F75/><W106/><G71/><T82/><D2/><U61/><E117/><V108/><F29/><W112/><G35/><T135/><D104/><N who="3" m="40041" /><G4/><T11/><D11/><U21/><E129/><V6/><F62/><N who="3" m="36199" /><G55/><N who="0" m="31847" /><D128/><U16/><E5/><N who="2" m="1547" /><F102/><W107/><N who="3" m="40049" /><W79/><DORA hai="114" /><G79/><T49/><D49/><U17/><E78/><V84/><F36/><W118/><G118/><T28/><D28/><U65/><E39/><V14/><F40/><W37/><G37/><T50/><D50/><U97/><E72/><V12/><F108/><N who="3" m="41547" /><G92/><T125/><D30/><U15/><E0/><V99/><F84/><W18/><G18/><T13/><D13/><U73/><E73/><V32/><F32/><W98/><AGARI ba="0,0" hai="95,98,101,112,115" m="41547,36199,40049" machi="98" ten="50,8000,1" yaku="14,1,52,3,54,1" doraHai="120,114" who="3" fromWho="3" sc="240,-20,307,-20,240,-40,213,80" /><INIT seed="3,0,0,3,4,96" ten="220,287,200,293" oya="3" hai0="11,129,74,46,16,123,132,116,60,17,118,43,65" hai1="44,27,54,36,108,10,38,112,103,120,6,8,98" hai2="126,13,14,77,113,34,25,50,0,48,106,82,12" hai3="79,86,40,81,26,115,85,59,76,127,95,114,19"/><W58/><G127/><T109/><D74/><U78/><E112/><V24/><F126/><W47/><G115/><T128/><D123/><U70/><E120/><V110/><F0/><W21/><G114/><T97/><D132/><U42/><E70/><V87/><F106/><W99/><G85/><T39/><D109/><U88/><E108/><V104/><F104/><W32/><G76/><T33/><D33/><U28/><E88/><V100/><F113/><W93/><G32/><T1/><D1/><U67/><E67/><V31/><F110/><W111/><G111/><T94/><D11/><U23/><E54/><V22/><REACH who="2" step="1"/><F100/><REACH who="2" ten="220,287,190,293" step="2"/><W4/><G4/><T102/><D116/><U130/><E6/><V51/><F51/><N who="3" m="27111" /><G93/><T56/><REACH who="0" step="1"/><D118/><REACH who="0" ten="210,287,190,293" step="2"/><U117/><E117/><V35/><F35/><W62/><G62/><T61/><D61/><U64/><E10/><V66/><F66/><W53/><G53/><T107/><D107/><U121/><E8/><V101/><F101/><AGARI ba="0,2" hai="19,21,26,58,59,79,81,86,95,99,101" m="27111" machi="101" ten="30,2900,0" yaku="8,1,52,1" doraHai="96" who="3" fromWho="2" sc="210,0,287,0,190,-29,293,49" owari="210,-19.0,287,8.7,161,-33.9,342,44.2" /></mjloggm>