<mjloggm ver="2.3"><GO type="225" lobby="0"/><UN n0="%E3%81%AF%E3%82%88%E3%81%8A%E3%81%98%E3%81%95%E3%82%93" n1="%70%68%65%6E%6F%6D%65" n2="%77%72%77%72%77%72%77%72" n3="%72%69%6F%75%63%68%61%6E" dan="17,16,16,17" rate="2164.20,2129.15,2142.58,2221.45" sx="M,M,M,M"/><TAIKYOKU oya="0"/><INIT seed="0,0,0,1,0,33" ten="250,250,250,250" oya="0" hai0="97,95,70,78,10,73,16,88,40,25,58,30,27" hai1="77,54,91,131,41,119,118,8,104,76,37,98,18" hai2="13,127,68,6,120,81,14,125,21,55,106,100,90" hai3="103,114,82,11,89,101,96,45,46,121,87,63,66"/><T48/><D70/><U2/><E131/><V65/><F120/><W1/><G114/><T123/><D123/><U132/><E132/><V80/><F55/><W128/><G128/><T26/><D73/><U43/><E54/><V53/><F53/><W38/><G121/><T117/><D117/><U109/><E109/><V59/><F68/><W31/><G31/><T32/><D78/><U85/><E18/><V0/><F100/><W4/><G38/><T111/><D111/><U50/><E50/><V5/><F106/><W35/><G35/><T19/><D58/><U51/><E51/><V36/><F36/><W3/><G3/><T23/><D10/><U107/><E37/><V22/><F59/><W83/><G83/><T28/><REACH who="0" step="1"/><D25/><REACH who="0" ten="240,250,250,250" step="2"/><U75/><E8/><V17/><F65/><W122/><G122/><T110/><D110/><U126/><E75/><V61/><F14/><W112/><G112/><T94/><D94/><U72/><E72/><V130/><F13/><W7/><G7/><T93/><D93/><U29/><E77/><V108/><F108/><W124/><G4/><T15/><D15/><U133/><E76/><V52/><F130/><W86/><G124/><T67/><D67/><U71/><E71/><V69/><F127/><W44/><G66/><T20/><D20/><U134/><E126/><V99/><F6/><W102/><G11/><T113/><D113/><U64/><E64/><V42/><F5/><W39/><G82/><T105/><D105/><U129/><E119/><V92/><F125/><W57/><G57/><T74/><D74/><U49/><E129/><RYUUKYOKU ba="0,1" sc="240,30,250,-10,250,-10,250,-10" hai0="16,19,23,26,27,28,30,32,40,48,88,95,97" /><INIT seed="0,1,1,3,2,36" ten="270,240,240,240" oya="0" hai0="73,71,82,7,116,6,102,134,80,76,92,45,117" hai1="28,55,66,83,56,135,109,1,124,43,39,20,18" hai2="21,67,63,46,74,19,62,104,96,33,70,11,47" hai3="114,54,58,103,25,30,8,79,38,53,118,37,60"/><T101/><D71/><U78/><E109/><V16/><F33/><W126/><G114/><T5/><D134/><U88/><E135/><V108/><F74/><W40/><G118/><T86/><D45/><U113/><E113/><V26/><F108/><W0/><G126/><T90/><REACH who="0" step="1"/><D82/><REACH who="0" ten="260,240,240,240" step="2"/><U4/><E124/><V91/><F46/><W44/><G37/><T95/><D95/><U61/><E39/><V24/><F47/><W100/><G79/><T23/><D23/><U13/><E78/><V85/><F104/><W2/><G8/><T15/><D15/><U22/><E1/><V99/><F11/><W133/><G133/><T122/><D122/><U50/><E43/><V106/><F106/><W64/><G0/><T65/><D65/><U32/><E32/><V81/><F63/><W87/><G2/><T10/><D10/><U105/><E105/><V110/><F110/><W14/><G14/><T77/><D77/><U69/><E22/><AGARI ba="1,2" hai="16,19,21,22,24,26,62,67,70,81,85,91,96,99" machi="22" ten="40,2600,0" yaku="9,1,54,1" doraHai="36" who="2" fromWho="1" sc="260,0,240,-29,240,49,240,0" /><INIT seed="1,0,0,1,3,9" ten="260,211,289,240" oya="1" hai0="71,125,128,81,38,76,11,23,18,105,82,62,135" hai1="27,114,121,134,44,98,78,108,132,53,48,127,17" hai2="15,29,101,6,64,50,35,66,65,36,41,43,42" hai3="96,111,91,100,33,60,3,126,52,86,20,79,34"/><U56/><E114/><V30/><F36/><W31/><G111/><T16/><D38/><U13/><E121/><V24/><F101/><W2/><G126/><T63/><D105/><U45/><E127/><V4/><F50/><W70/><G79/><T61/><D71/><U74/><E108/><V26/><REACH who="2" step="1"/><F15/><REACH who="2" ten="260,211,279,240" step="2"/><W110/><G110/><T22/><D125/><U94/><E132/><V55/><F55/><W72/><G2/><T59/><D135/><U87/><E134/><V99/><F99/><W12/><G3/><T7/><D128/><U25/><E27/><V130/><F130/><W103/><G96/><T104/><D104/><U54/><E25/><V47/><F47/><W97/><G97/><T88/><D63/><U51/><E45/><V10/><F10/><W57/><G103/><T37/><D37/><U75/><E98/><V46/><F46/><W69/><G100/><T85/><D62/><U89/><REACH who="1" step="1"/><E78/><REACH who="1" ten="260,201,279,240" step="2"/><V115/><F115/><W118/><G118/><T67/><D76/><U39/><E39/><V120/><F120/><W0/><G0/><T102/><D102/><U95/><E95/><V19/><F19/><N who="0" m="7210" /><D82/><U124/><E124/><V106/><F106/><W68/><G12/><AGARI ba="0,2" hai="7,11,12,22,23,59,61,67,81,85,88" m="7210" machi="12" ten="30,7700,0" yaku="8,1,52,1,54,2" doraHai="9" who="0" fromWho="3" sc="260,97,201,0,279,0,240,-77" /><INIT seed="2,0,0,4,3,91" ten="357,201,279,163" oya="2" hai0="116,122,93,49,1,39,47,107,8,81,48,97,3" hai1="40,30,21,60,72,80,112,102,0,110,131,10,23" hai2="90,108,46,70,103,35,65,126,15,45,38,100,63" hai3="83,52,67,71,94,29,119,6,79,86,88,50,124"/><V98/><F35/><W135/><G119/><T17/><D122/><U57/><E112/><V20/><F126/><W132/><G124/><T25/><D107/><U5/><E110/><V82/><F108/><W54/><G29/><T27/><D39/><U101/><E131/><V115/><F115/><W26/><G6/><T53/><D116/><U118/><E118/><V31/><F38/><W84/><G26/><T68/><D68/><U130/><E130/><V7/><F103/><W66/><G54/><T11/><D81/><U99/><E40/><V120/><F120/><W33/><G33/><T55/><D1/><U28/><E30/><V123/><F123/><W69/><G69/><T74/><D74/><U96/><E28/><V32/><F90/><W117/><G117/><T16/><D3/><U43/><E43/><V105/><F82/><W114/><G114/><T14/><D8/><U2/><E2/><V121/><F121/><W106/><G106/><T134/><D17/><U9/><E10/><N who="2" m="4575" /><F20/><W56/><G71/><T62/><D62/><U89/><E89/><V61/><F61/><W58/><REACH who="3" step="1"/><G56/><REACH who="3" ten="357,201,279,153" step="2"/><N who="0" m="32807" /><D134/><AGARI ba="0,1" hai="50,52,58,66,67,79,83,84,86,88,94,132,134,135" machi="134" ten="40,8000,1" yaku="1,1,20,1,52,1,54,2,53,0" doraHai="91" doraHaiUra="41" who="3" fromWho="0" sc="357,-80,201,0,279,0,153,90" /><INIT seed="3,0,0,5,4,2" ten="277,201,279,243" oya="3" hai0="39,18,46,5,7,20,131,88,97,115,71,100,110" hai1="61,121,28,35,31,116,0,27,112,59,9,68,133" hai2="102,84,81,15,8,63,79,128,78,13,33,6,103" hai3="14,50,105,108,85,44,25,74,94,75,70,96,119"/><W12/><G119/><T125/><D71/><U49/><E121/><V51/><F33/><W106/><G70/><T65/><D65/><U21/><E112/><V118/><F118/><W26/><G108/><T3/><D3/><U82/><E116/><V1/><F128/><W114/><G114/><T134/><D115/><U62/><E133/><V91/><F63/><W72/><G85/><T32/><D32/><U11/><E68/><V43/><F1/><W86/><G86/><T95/><D134/><U57/><E49/><V22/><F91/><W67/><G67/><T98/><D131/><U64/><E82/><V135/><F78/><W66/><G66/><T104/><D110/><U87/><E87/><V47/><F135/><W17/><G12/><T124/><D46/><U111/><E111/><V117/><F117/><W120/><G120/><T77/><D39/><U55/><REACH who="1" step="1"/><E0/><REACH who="1" ten="277,191,279,243" step="2"/><V4/><F84/><W52/><G25/><AGARI ba="0,1" hai="9,11,21,25,27,28,31,35,55,57,59,61,62,64" machi="25" ten="40,2600,0" yaku="1,1,2,1,53,0" doraHai="2" doraHaiUra="42" who="1" fromWho="3" sc="277,0,191,36,279,0,243,-26" /><INIT seed="4,0,0,3,4,129" ten="277,227,279,217" oya="0" hai0="100,91,81,23,53,73,66,87,85,111,51,60,45" hai1="27,30,112,105,26,118,47,54,96,124,101,31,41" hai2="75,64,61,20,82,90,94,132,134,84,56,33,3" hai3="121,29,95,116,120,38,2,12,46,103,117,48,16"/><T18/><D73/><U24/><E118/><V110/><F33/><W15/><G2/><T1/><D111/><U11/><E124/><V131/><F110/><W89/><G38/><T28/><D1/><U9/><E54/><V99/><F3/><W122/><G29/><T13/><D100/><U77/><E77/><V93/><F131/><W133/><G103/><T67/><D28/><U36/><E112/><V135/><F75/><W35/><G35/><T97/><D97/><U65/><E65/><V76/><F20/><N who="3" m="11271" /><G15/><T17/><D60/><U72/><E72/><V79/><F93/><W52/><G133/><T22/><D87/><AGARI ba="0,0" hai="46,48,52,87,89,95,116,117,120,121,122" m="11271" machi="87" ten="30,3900,0" yaku="13,1,54,2" doraHai="129" who="3" fromWho="0" sc="277,-39,227,0,279,0,217,39" /><INIT seed="5,0,0,4,5,104" ten="238,227,279,256" oya="1" hai0="31,82,79,22,51,93,80,11,52,64,70,99,67" hai1="135,24,39,50,44,97,95,131,103,49,5,40,77" hai2="15,43,78,63,122,110,76,107,4,118,112,33,62" hai3="133,29,1,129,128,34,105,46,30,17,35,127,87"/><U45/><E131/><N who="3" m="50250" /><G105/><T92/><D70/><U0/><E135/><V27/><F110/><W59/><G1/><T61/><D11/><U98/><E77/><V19/><F118/><W132/><G46/><N who="0" m="27767" /><D93/><U26/><E39/><V121/><F107/><W85/><G59/><N who="0" m="36927" /><D67/><U56/><E56/><V18/><F4/><W57/><G57/><T28/><D79/><U123/><E123/><V126/><F78/><W65/><G65/><T113/><D113/><U111/><E111/><V38/><F76/><W106/><G106/><T74/><D74/><U81/><E81/><N who="0" m="31337" /><D22/><U89/><E5/><V68/><F68/><W66/><G66/><T102/><AGARI ba="0,0" hai="28,31,92,99,102" m="31337,36927,27767" machi="102" ten="30,2000,0" yaku="8,1,54,1" doraHai="104" who="0" fromWho="0" sc="238,20,227,-10,279,-5,256,-5" /><INIT seed="6,0,0,4,5,50" ten="258,217,274,251" oya="2" hai0="78,129,34,23,52,80,42,126,76,96,47,55,67" hai1="74,57,61,8,59,94,58,22,119,3,53,45,29" hai2="46,32,83,18,103,65,21,104,91,5,0,112,114" hai3="16,64,56,2,79,120,102,40,49,9,92,86,43"/><V134/><F32/><W28/><G120/><T63/><D34/><U62/><E119/><V89/><F65/><W75/><G75/><T73/><D78/><U85/><E74/><V25/><F134/><W95/><G28/><T20/><D126/><U81/><E94/><V84/><F103/><W121/><G121/><T130/><D96/><U93/><E93/><V116/><F104/><W108/><G108/><T97/><D97/><U17/><E29/><V51/><F116/><W36/><G36/><N who="0" m="21959" /><D20/><U90/><E3/><V133/><F133/><W1/><G1/><T68/><D23/><U117/><E117/><V99/><F99/><N who="3" m="59751" /><G2/><T15/><D15/><N who="1" m="7399" /><E22/><V33/><F33/><W27/><G95/><T132/><D132/><U14/><E14/><V39/><F39/><W127/><G127/><T100/><D100/><U135/><E135/><V111/><F111/><W107/><G107/><T4/><D4/><U115/><E115/><N who="2" m="44075" /><F5/><W30/><G30/><T124/><D124/><U41/><E41/><N who="2" m="25039" /><F0/><W48/><G40/><T19/><D19/><U54/><E45/><V72/><F72/><W123/><G43/><T10/><D10/><U98/><E98/><V71/><F71/><W113/><G113/><T125/><D125/><U106/><E106/><V105/><F105/><W12/><G123/><T88/><D88/><AGARI ba="0,0" hai="18,21,25,83,84,88,89,91" m="25039,44075" machi="88" ten="30,2900,0" yaku="15,1,54,1" doraHai="50" who="2" fromWho="0" sc="258,-29,217,0,274,29,251,0" owari="229,-17.1,217,-28.3,303,40.3,251,5.1" /></mjloggm>