<mjloggm ver="2.3"><GO type="225" lobby="0"/><UN n0="%E7%B4%94%E6%BD%94%E3%83%94%E3%83%A9%E3%83%8B%E3%82%A2" n1="%E3%83%9D%E3%82%B1%E3%83%83%E3%83%88" n2="%E9%B4%A8%4E%45%47%49" n3="%E5%B8%86%E7%AB%8B%E5%A4%8F%E8%A1%A3" dan="17,16,16,17" rate="2187.89,2102.72,2112.95,2137.77" sx="M,M,M,M"/><TAIKYOKU oya="0"/><INIT seed="0,0,0,5,2,20" ten="250,250,250,250" oya="0" hai0="62,103,129,39,116,97,29,69,107,127,1,118,132" hai1="122,27,17,26,52,35,100,135,120,8,3,88,30" hai2="91,105,41,31,75,57,108,74,90,85,134,101,65" hai3="81,112,47,72,77,48,92,53,13,125,67,82,113"/><T56/><D127/><U5/><E100/><V111/><F41/><W15/><G125/><T32/><D129/><U133/><E88/><N who="2" m="33835" /><F31/><W130/><G130/><T49/><D132/><N who="1" m="50763" /><E52/><V86/><F134/><W93/><G67/><N who="0" m="41207" /><D1/><U66/><E66/><V94/><F57/><W78/><G15/><T59/><D39/><U42/><E42/><V38/><F65/><W121/><G13/><T24/><D49/><U110/><E110/><N who="2" m="42027" /><F38/><W124/><G121/><T63/><D56/><U44/><E44/><V84/><F94/><W14/><G14/><T9/><D9/><U128/><E128/><V126/><F126/><W34/><G124/><T71/><D71/><U54/><E54/><AGARI ba="0,0" hai="24,29,32,54,59,63,97,103,107,116,118" m="41207" machi="54" ten="30,2900,0" yaku="25,1,52,1" doraHai="20" who="0" fromWho="1" sc="250,29,250,-29,250,0,250,0" /><INIT seed="0,1,0,5,1,108" ten="279,221,250,250" oya="0" hai0="87,96,120,109,8,102,26,73,129,94,47,14,46" hai1="15,92,44,121,113,49,115,98,21,60,17,111,79" hai2="133,80,25,90,67,19,130,1,31,68,106,43,104" hai3="42,59,13,40,100,34,126,48,18,53,4,5,6"/><T33/><D120/><U78/><E111/><V88/><F1/><W55/><G126/><T86/><D73/><U127/><E60/><V77/><F130/><W110/><G110/><T29/><D129/><U89/><E127/><V62/><F133/><W52/><G34/><T85/><REACH who="0" step="1"/><D109/><REACH who="0" ten="269,221,250,250" step="2"/><U54/><REACH who="1" step="1"/><E121/><REACH who="1" ten="269,211,250,250" step="2"/><V117/><F117/><W10/><REACH who="3" step="1"/><G100/><REACH who="3" ten="269,211,250,240" step="2"/><T12/><D12/><U11/><E11/><V39/><F25/><W61/><G61/><T75/><D75/><U66/><E66/><V3/><F62/><W32/><G32/><T24/><D24/><U27/><E27/><V114/><F67/><W116/><G116/><T63/><D63/><U74/><E74/><V22/><F114/><AGARI ba="1,3" hai="15,17,21,44,49,54,78,79,89,92,98,113,114,115" machi="114" ten="40,8000,1" yaku="1,1,11,1,52,3,53,0" doraHai="108" doraHaiUra="35" who="1" fromWho="2" sc="269,0,211,113,250,-83,240,0" /><INIT seed="1,0,0,0,2,68" ten="269,324,167,240" oya="1" hai0="117,11,99,20,47,4,30,51,103,124,65,125,128" hai1="55,18,49,85,27,106,43,36,73,94,14,22,122" hai2="105,74,54,72,115,116,129,123,96,62,58,19,92" hai3="63,32,39,114,101,45,131,3,91,132,13,86,126"/><U130/><E106/><V6/><F123/><W46/><G3/><T8/><D117/><U93/><E73/><V109/><F116/><W112/><G32/><T100/><D128/><U48/><E122/><V28/><F115/><W2/><G2/><T82/><D82/><U34/><E130/><V40/><F105/><W95/><G131/><T7/><D65/><U78/><E36/><V9/><F129/><W98/><G126/><N who="0" m="48747" /><D20/><U5/><E34/><V42/><F109/><W87/><G132/><T88/><D30/><U44/><E78/><V120/><F28/><W76/><G63/><T127/><N who="0" m="48755" /><T113/><DORA hai="80" /><D113/><U33/><E33/><V59/><F120/><W119/><G119/><T108/><D108/><U107/><E107/><V102/><F19/><W38/><G76/><T133/><D133/><U53/><E85/><V64/><F74/><W56/><G87/><T50/><D50/><U134/><E134/><V77/><F77/><W21/><G114/><T110/><D110/><U81/><E81/><V135/><F72/><W60/><G112/><T24/><D24/><U12/><E27/><V111/><F111/><W79/><G79/><T35/><D35/><U89/><E49/><V90/><F135/><W16/><G39/><T97/><D7/><U26/><E26/><V61/><REACH who="2" step="1"/><F102/><REACH who="2" ten="269,324,157,240" step="2"/><N who="0" m="38954" /><D4/><U10/><E89/><V41/><F41/><W17/><G17/><T1/><D88/><U52/><AGARI ba="0,1" hai="5,10,12,14,18,22,43,44,48,52,53,55,93,94" machi="52" ten="30,6000,0" yaku="0,1,8,1,54,1" doraHai="68,80" who="1" fromWho="1" sc="269,-20,324,70,157,-20,240,-20" /><INIT seed="1,1,0,0,0,126" ten="249,394,137,220" oya="1" hai0="111,124,9,7,42,4,22,52,55,60,81,0,51" hai1="41,103,23,63,83,18,46,93,30,57,59,118,101" hai2="97,120,31,27,36,32,107,29,76,67,17,47,96" hai3="16,130,14,98,104,91,13,74,113,10,78,8,19"/><U12/><E118/><V94/><F120/><W88/><G113/><T54/><D111/><U20/><E83/><V61/><F76/><W39/><G39/><T1/><D124/><U135/><E135/><V127/><F127/><W75/><G130/><T15/><D22/><U133/><E133/><V80/><F80/><W44/><G78/><T11/><D15/><U121/><E121/><V48/><F36/><W69/><G69/><T106/><D106/><U66/><E93/><V58/><F31/><W86/><G44/><T43/><D51/><N who="1" m="27087" /><E57/><V45/><F17/><W21/><G21/><T71/><REACH who="0" step="1"/><D81/><REACH who="0" ten="239,394,137,220" step="2"/><U128/><E128/><V89/><REACH who="2" step="1"/><F48/><REACH who="2" ten="239,394,127,220" step="2"/><W95/><G104/><T28/><D28/><U34/><E34/><V131/><F131/><W92/><AGARI ba="1,2" hai="8,10,13,14,16,19,74,75,86,88,91,92,95,98" machi="92" ten="20,8000,1" yaku="0,1,7,1,9,1,54,2" doraHai="126" who="3" fromWho="3" sc="239,-21,394,-41,127,-21,220,103" /><INIT seed="2,0,0,1,3,60" ten="218,353,106,323" oya="2" hai0="38,120,125,122,33,77,49,25,48,79,102,59,78" hai1="22,32,42,92,56,130,118,52,13,105,94,41,45" hai2="34,98,53,5,135,6,76,90,129,103,16,27,114" hai3="127,113,91,67,72,57,14,11,21,28,70,82,44"/><V97/><F114/><W47/><G127/><T46/><D125/><U58/><E32/><V93/><F135/><W39/><G70/><T80/><D102/><U88/><E105/><V87/><F129/><W0/><G0/><T112/><D112/><U126/><E118/><V116/><F116/><W63/><G39/><T12/><D12/><U26/><E126/><V107/><F97/><W75/><G75/><T81/><D38/><U131/><E13/><V10/><F34/><W100/><G100/><T119/><D119/><U8/><E8/><V40/><F40/><N who="1" m="15465" /><E92/><V89/><F89/><W51/><G72/><T111/><D111/><U37/><E37/><V106/><F106/><W15/><G113/><T1/><D1/><U134/><E134/><V50/><F76/><W101/><G101/><T9/><D9/><U35/><E35/><V85/><F85/><N who="3" m="50615" /><G51/><T55/><D25/><U124/><E124/><V115/><F115/><W69/><G69/><T128/><D33/><U23/><E23/><V19/><F27/><N who="3" m="16495" /><G15/><T24/><D24/><U84/><E131/><V66/><F66/><W62/><G62/><T17/><D128/><U133/><E133/><V68/><F68/><W20/><G20/><T2/><D2/><U43/><E130/><V83/><F107/><W132/><G132/><T86/><D78/><U3/><E3/><V123/><F123/><W7/><AGARI ba="0,0" hai="7,11,14,44,47,57,63,67" m="16495,50615" machi="7" ten="30,2000,0" yaku="8,1,52,1" doraHai="60" who="3" fromWho="3" sc="218,-5,353,-5,106,-10,323,20" /><INIT seed="3,0,0,5,3,26" ten="213,348,96,343" oya="3" hai0="85,45,28,61,112,105,132,110,37,9,46,119,60" hai1="96,35,29,22,80,20,91,128,87,27,53,38,57" hai2="63,103,98,114,93,77,78,125,124,99,88,120,8" hai3="23,123,51,70,41,3,109,90,15,121,55,2,32"/><W92/><G70/><T101/><D46/><U106/><E38/><V86/><F63/><W74/><G32/><T11/><D61/><U42/><E128/><V89/><F8/><W111/><G74/><T73/><D9/><U122/><E122/><N who="3" m="46602" /><G41/><T131/><D110/><N who="3" m="41993" /><G15/><T127/><D73/><U58/><E42/><V108/><F120/><W100/><G23/><T95/><D11/><U25/><E35/><V54/><F54/><W135/><G100/><T69/><D101/><U126/><E126/><N who="2" m="48747" /><F108/><W39/><G135/><T43/><D132/><U129/><E129/><V13/><F13/><W76/><G76/><N who="2" m="29289" /><F114/><W68/><G68/><T59/><D112/><U71/><E71/><V83/><F99/><N who="3" m="57751" /><G39/><T31/><D37/><U115/><E115/><V34/><F34/><W62/><G62/><T24/><D60/><U79/><E53/><V7/><F7/><W72/><G72/><T47/><D69/><U12/><E12/><V66/><F66/><W36/><G36/><T44/><D43/><U113/><E113/><V116/><F116/><W81/><G81/><T33/><D119/><U21/><E21/><V16/><F16/><W0/><G0/><T1/><D33/><U6/><E6/><V4/><F4/><W52/><G52/><T56/><D1/><U118/><E118/><V64/><F64/><W67/><G67/><T97/><D127/><U133/><E133/><V50/><F50/><W30/><G30/><T130/><D28/><N who="1" m="17447" /><E79/><V18/><F18/><W49/><G49/><T19/><D45/><AGARI ba="0,0" hai="2,3,45,51,55" m="57751,41993,46602" machi="45" ten="30,2900,0" yaku="14,1,10,1" doraHai="26" who="3" fromWho="0" sc="213,-29,348,0,96,0,343,29" owari="184,-21.6,348,14.8,96,-40.4,372,47.2" /></mjloggm>