<mjloggm ver="2.3"><GO type="225" lobby="0"/><UN n0="%72%69%6F%75%63%68%61%6E" n1="%E5%B8%86%E7%AB%8B%E5%A4%8F%E8%A1%A3" n2="%E8%BE%9B%E5%8F%A3%E3%82%AB%E3%83%AC%E3%83%BC%E3%83%A9%E3%82%A4%E3%82%B9" n3="%45%6C%79%73%69%75%6D" dan="17,16,16,17" rate="2202.05,2126.95,2197.35,2102.53" sx="M,M,M,F"/><TAIKYOKU oya="0"/><INIT seed="0,0,0,5,1,56" ten="250,250,250,250" oya="0" hai0="107,95,30,66,46,41,39,70,126,37,17,42,8" hai1="69,22,78,89,60,117,80,86,102,45,1,81,35" hai2="50,84,72,92,6,104,109,64,71,91,23,83,51" hai3="88,57,49,132,31,77,54,97,2,118,108,87,10"/><T131/><D107/><U33/><E117/><V14/><F104/><W34/><G118/><T18/><D126/><U3/><E102/><V43/><F109/><W111/><G132/><T128/><D30/><U103/><E103/><V125/><F125/><W116/><G116/><T96/><D70/><U21/><E45/><V82/><F72/><W9/><G77/><T79/><D79/><U68/><E78/><V32/><F32/><W62/><G97/><T28/><D66/><U12/><E12/><V124/><F124/><W55/><G31/><T120/><D120/><U94/><E94/><V114/><F114/><W115/><G34/><T101/><D28/><U36/><E36/><V113/><F113/><W90/><G115/><T105/><D105/><U121/><E121/><V29/><F29/><W122/><G122/><T133/><D133/><U76/><E76/><V26/><F14/><W0/><G87/><T99/><D8/><U15/><E15/><V24/><F24/><W134/><G134/><T4/><D4/><U44/><E44/><V130/><F6/><W110/><G9/><T98/><D98/><U47/><E47/><V13/><F13/><W61/><G10/><T73/><D46/><U129/><E129/><V65/><F26/><W52/><G49/><T100/><REACH who="0" step="1"/><D95/><REACH who="0" ten="240,250,250,250" step="2"/><U85/><E89/><N who="3" m="34410" /><G57/><T40/><D40/><U106/><E106/><V48/><F43/><W75/><G75/><AGARI ba="0,1" hai="17,18,37,39,41,42,73,75,96,99,100,101,128,131" machi="75" ten="25,4800,0" yaku="1,1,22,2,53,0" doraHai="56" doraHaiUra="123" who="0" fromWho="3" sc="240,58,250,0,250,0,250,-48" /><INIT seed="0,1,0,2,1,21" ten="298,250,250,202" oya="0" hai0="60,32,35,109,55,77,130,88,106,1,38,59,70" hai1="8,81,96,117,13,68,36,9,3,4,43,100,54" hai2="127,45,12,99,120,69,25,16,65,41,39,110,115" hai3="58,95,74,94,73,135,14,121,131,93,18,48,6"/><T118/><D118/><U33/><E68/><V52/><F120/><W62/><G121/><T28/><D1/><U84/><E117/><V19/><F115/><W114/><G114/><T86/><D130/><U57/><E33/><V126/><F110/><W7/><G131/><T27/><D38/><U83/><E36/><V66/><F99/><W122/><G122/><T5/><D106/><U97/><E43/><V34/><F52/><N who="3" m="34119" /><G74/><T124/><D124/><N who="2" m="47658" /><F69/><W42/><G73/><T111/><D5/><N who="3" m="1545" /><G135/><T40/><D40/><U90/><E3/><V76/><F76/><W56/><G56/><T63/><D77/><U53/><E9/><N who="2" m="6159" /><F19/><W20/><G42/><T44/><D35/><U78/><E100/><V113/><F113/><W72/><G72/><T125/><D125/><U64/><E64/><V119/><F119/><W10/><G48/><N who="0" m="29063" /><D70/><U132/><E132/><V37/><F37/><W51/><G51/><T105/><D105/><U101/><E101/><V134/><F134/><W128/><G128/><T91/><D59/><U107/><E107/><V46/><F46/><W0/><G0/><T15/><D60/><U24/><E54/><V47/><F47/><W112/><G112/><T11/><D63/><U17/><E53/><V79/><F79/><W22/><AGARI ba="1,0" hai="10,14,18,20,22,93,94,95" m="1545,34119" machi="22" ten="30,2000,0" yaku="8,1,54,1" doraHai="21" who="3" fromWho="3" sc="298,-11,250,-6,250,-6,202,23" /><INIT seed="1,0,0,5,4,59" ten="287,244,244,225" oya="1" hai0="48,75,8,21,47,52,76,64,119,108,15,129,25" hai1="134,1,122,84,58,50,19,72,70,67,104,61,112" hai2="83,17,31,126,120,62,63,6,12,82,106,20,3" hai3="28,71,26,37,7,88,13,87,98,46,43,91,39"/><U114/><E72/><V9/><F120/><W115/><G115/><N who="1" m="44074" /><E84/><V65/><F106/><W135/><G135/><T94/><D108/><U4/><E104/><V44/><F126/><W27/><G39/><T80/><D129/><U100/><E100/><V121/><F121/><W107/><G71/><T14/><D119/><U89/><E89/><V60/><F65/><W133/><G133/><T32/><D32/><U34/><E19/><V105/><F105/><W111/><G111/><T41/><D64/><N who="1" m="41231" /><E4/><V51/><REACH who="2" step="1"/><F31/><REACH who="2" ten="287,244,234,225" step="2"/><W118/><G107/><T103/><D41/><AGARI ba="0,1" hai="3,6,9,12,17,20,41,44,51,60,62,63,82,83" machi="41" ten="40,12000,2" yaku="1,1,2,1,52,3,53,1" doraHai="59" doraHaiUra="36" who="2" fromWho="0" sc="287,-120,244,0,234,130,225,0" /><INIT seed="2,0,0,0,2,48" ten="167,244,364,225" oya="2" hai0="111,109,86,80,72,115,35,34,21,128,117,4,74" hai1="134,93,20,33,108,89,41,68,126,29,105,46,14" hai2="18,32,8,122,81,83,71,13,43,102,132,77,110" hai3="2,54,42,101,7,12,79,124,16,113,3,85,60"/><V69/><F122/><W99/><G124/><T24/><D115/><U63/><E126/><V114/><F114/><W40/><G113/><T36/><D128/><U19/><E105/><V59/><F32/><W84/><G3/><T98/><D117/><U106/><E106/><V11/><F132/><W96/><G2/><T104/><D36/><U38/><E108/><N who="0" m="41545" /><D4/><U17/><E134/><V61/><F110/><W76/><G7/><T50/><D104/><U112/><E112/><V91/><F43/><N who="3" m="16427" /><G101/><T58/><D98/><N who="3" m="37417" /><G84/><T94/><D94/><U73/><E73/><N who="0" m="28265" /><D50/><U1/><E1/><V66/><F102/><W28/><G28/><N who="0" m="17423" /><D58/><U25/><E19/><V90/><F71/><W39/><G85/><T107/><D107/><U82/><E68/><V133/><F133/><W0/><G0/><T52/><D52/><U53/><E53/><V30/><F30/><W37/><G37/><T64/><D64/><U70/><E70/><V22/><F69/><W31/><G39/><T125/><D125/><U103/><E103/><V26/><F66/><W15/><G31/><T120/><D120/><U10/><E93/><V100/><F100/><W121/><G121/><T47/><D47/><U78/><E63/><V123/><F61/><W56/><G12/><T62/><D62/><U88/><E10/><AGARI ba="0,0" hai="10,15,16,54,56,60,76,79" m="37417,16427" machi="10" ten="30,3900,0" yaku="8,1,52,1,54,1" doraHai="48" who="3" fromWho="1" sc="167,0,244,-39,364,0,225,39" /><INIT seed="3,0,0,0,3,42" ten="167,205,364,264" oya="3" hai0="28,6,25,61,134,132,104,43,101,97,16,4,129" hai1="114,115,64,118,37,73,53,98,99,0,44,68,34" hai2="30,121,122,133,21,117,76,3,35,63,94,102,15" hai3="24,75,29,27,84,56,80,79,69,48,89,40,95"/><W12/><G69/><T126/><D126/><U85/><E73/><V14/><F117/><W70/><G70/><T110/><D110/><U2/><E34/><V54/><F3/><W87/><G75/><T38/><D129/><U71/><E85/><V1/><F1/><W58/><G12/><T119/><D119/><U83/><E83/><V31/><F35/><W108/><G108/><T22/><D61/><U124/><E53/><V82/><F133/><N who="0" m="51306" /><D28/><U45/><E118/><V62/><F94/><W59/><G29/><T130/><D130/><U9/><E64/><V111/><F102/><W57/><N who="3" m="14336" /><DORA hai="33" /><W112/><REACH who="3" step="1"/><G112/><REACH who="3" ten="167,205,364,254" step="2"/><T55/><D55/><U60/><E60/><N who="2" m="23083" /><F111/><W18/><G18/><T10/><D10/><U123/><E9/><V19/><F14/><W90/><G90/><T50/><D50/><U125/><E123/><N who="2" m="47115" /><F54/><W74/><G74/><AGARI ba="0,1" hai="15,19,21,30,31,74,76,82" m="47115,23083" machi="74" ten="30,1000,0" yaku="13,1" doraHai="42,33" who="2" fromWho="3" sc="167,0,205,0,364,20,254,-10" owari="167,-33.3,205,-19.5,384,48.4,244,4.4" /></mjloggm>