<mjloggm ver="2.3"><GO type="225" lobby="0"/><UN n0="%E3%83%B4%E3%82%A3%E3%83%AF%E3%82%B3%E3%82%B0%E3%83%8B" n1="%E6%98%93%E5%88%A9%E8%96%A9%E4%BC%AF" n2="%E3%82%B7%E3%83%B3%E5%A4%AA%E6%9C%97" n3="%E3%81%A8%E3%82%93%E3%81%A8%E3%81%93%E3%81%A8%E3%82%93" dan="16,16,16,16" rate="2161.46,2033.69,2195.91,2166.77" sx="M,F,M,F"/><TAIKYOKU oya="0"/><INIT seed="0,0,0,0,0,98" ten="250,250,250,250" oya="0" hai0="41,45,70,94,11,16,78,112,133,123,117,44,111" hai1="104,21,85,5,131,86,37,63,33,119,20,116,100" hai2="124,19,54,105,80,47,58,4,125,81,9,62,7" hai3="101,14,60,6,103,18,59,50,72,129,23,35,39"/><T102/><D112/><U120/><E120/><V53/><F105/><W75/><G39/><T27/><D117/><U48/><E33/><V110/><F110/><W73/><G35/><T34/><D123/><U51/><E37/><V74/><F19/><W96/><G129/><T89/><D70/><U43/><E63/><V90/><F4/><W55/><G6/><T108/><D78/><U1/><E5/><V127/><F74/><W0/><G0/><T95/><D133/><U17/><E43/><V22/><F22/><W49/><REACH who="3" step="1"/><G101/><REACH who="3" ten="250,250,250,240" step="2"/><T128/><D128/><U69/><E1/><V82/><F90/><W15/><G15/><N who="0" m="7295" /><D89/><U65/><E131/><V118/><F118/><W77/><G77/><T132/><D102/><U29/><E100/><V68/><F127/><W10/><G10/><T61/><D132/><U106/><E119/><V36/><F125/><W71/><G71/><T87/><D108/><U97/><E69/><V46/><F68/><W93/><AGARI ba="0,1" hai="14,18,23,49,50,55,59,60,72,73,75,93,96,103" machi="93" ten="30,4000,0" yaku="1,1,0,1,52,1,53,0" doraHai="98" doraHaiUra="121" who="3" fromWho="3" sc="250,-20,250,-10,250,-10,240,50" /><INIT seed="1,0,0,3,4,37" ten="230,240,240,290" oya="1" hai0="26,41,126,58,8,68,135,91,82,103,102,111,13" hai1="9,30,95,52,67,61,69,131,86,33,121,72,104" hai2="20,117,83,28,125,101,17,29,49,118,47,12,106" hai3="48,129,66,108,99,93,62,21,31,116,2,60,100"/><U79/><E121/><V132/><F132/><W123/><G123/><T27/><D111/><U96/><E131/><V39/><F39/><W35/><G2/><T44/><D68/><U130/><E130/><V107/><F125/><W59/><G129/><T113/><D113/><U77/><E72/><V114/><F114/><W80/><G35/><T18/><D126/><U0/><E104/><V75/><F28/><W71/><G108/><T54/><D135/><U43/><E86/><V88/><F29/><W34/><G34/><T51/><D91/><U45/><E52/><V10/><F20/><W53/><G80/><T1/><D82/><U105/><E9/><V97/><F107/><W3/><G3/><T64/><D64/><U65/><E65/><V120/><F120/><W81/><G81/><T7/><D1/><U74/><E74/><V16/><F17/><W56/><G116/><T128/><D128/><U87/><E87/><N who="2" m="50303" /><F75/><W14/><G31/><T89/><D89/><U40/><E0/><V63/><F63/><W46/><G60/><N who="0" m="35927" /><D18/><U32/><E32/><V85/><F85/><W110/><G110/><T124/><D124/><U84/><E84/><V22/><F22/><W119/><G119/><T15/><D15/><U127/><E127/><V122/><F122/><W5/><G21/><T24/><AGARI ba="0,0" hai="7,8,13,24,26,27,41,44,51,102,103" m="35927" machi="24" ten="30,2000,0" yaku="8,1,52,1" doraHai="37" who="0" fromWho="0" sc="230,20,240,-10,240,-5,290,-5" /><INIT seed="2,0,0,5,2,70" ten="250,230,235,285" oya="2" hai0="106,52,24,75,51,40,19,28,105,112,36,38,132" hai1="62,82,0,113,92,58,84,34,107,135,33,87,3" hai2="15,2,22,30,41,48,31,80,104,55,103,32,114" hai3="17,57,93,21,102,50,67,61,123,27,97,130,44"/><V66/><F114/><W116/><G130/><T117/><D112/><U9/><E107/><V121/><F2/><W68/><G116/><T90/><D75/><U78/><E113/><V99/><F121/><W60/><G123/><T13/><D40/><U65/><E135/><V42/><F66/><W37/><G37/><T8/><D117/><U95/><E9/><V110/><F110/><W109/><G109/><T45/><D132/><U7/><E7/><V53/><F32/><W11/><G11/><T23/><D105/><U16/><E33/><V74/><F31/><W25/><G61/><T98/><REACH who="0" step="1"/><D90/><REACH who="0" ten="240,230,235,285" step="2"/><U111/><E111/><V26/><F55/><N who="3" m="30151" /><G68/><T118/><D118/><U54/><E54/><V101/><F101/><AGARI ba="0,1" hai="8,13,19,23,24,28,36,38,45,51,52,98,101,106" machi="101" ten="40,8000,1" yaku="1,1,52,2,54,1,53,0" doraHai="70" doraHaiUra="134" who="0" fromWho="2" sc="240,90,230,0,235,-80,285,0" /><INIT seed="3,0,0,5,0,15" ten="330,230,155,285" oya="3" hai0="119,26,132,72,44,1,125,45,37,91,18,104,88" hai1="10,27,118,0,81,56,74,28,32,3,69,76,12" hai2="58,29,63,127,62,31,103,25,83,107,48,106,80" hai3="123,108,5,41,24,61,59,114,70,60,64,126,116"/><W42/><G5/><T115/><D1/><U68/><E118/><V92/><F127/><W77/><G77/><T39/><D104/><U98/><E56/><V90/><F107/><W97/><G97/><T47/><D119/><U113/><E113/><V130/><F130/><W121/><G24/><T78/><D132/><U6/><E3/><V54/><F106/><W53/><G116/><T16/><D125/><U57/><E98/><V89/><F31/><W8/><G126/><T52/><D52/><U66/><E66/><V21/><F103/><W99/><G8/><T112/><D26/><U82/><E57/><V111/><F111/><W85/><G85/><T93/><D45/><U122/><E122/><V13/><F13/><W9/><G9/><T65/><D65/><U40/><E82/><V128/><F128/><W71/><G99/><T7/><D7/><U51/><E12/><V134/><F134/><W86/><G86/><T23/><D93/><U50/><E50/><V11/><F11/><W105/><G105/><T135/><D135/><U96/><E96/><V84/><REACH who="2" step="1"/><F80/><REACH who="2" ten="330,230,145,285" step="2"/><W100/><G108/><T75/><D112/><U120/><E120/><V4/><F4/><W55/><G100/><T110/><D110/><U131/><E131/><V38/><F38/><W49/><G114/><T30/><D37/><U2/><E2/><V34/><F34/><W117/><G121/><T87/><D115/><U43/><E81/><V67/><F67/><W79/><G123/><T73/><D39/><U36/><E36/><V95/><F95/><W19/><G64/><T33/><D30/><RYUUKYOKU ba="0,1" sc="330,-10,230,-10,145,30,285,-10" hai2="21,25,29,48,54,58,62,63,83,84,89,90,92" owari="330,43.0,220,-18.0,175,-32.5,275,7.5" /></mjloggm>