<mjloggm ver="2.3"><GO type="225" lobby="0"/><UN n0="%E3%81%8B%E3%82%8F%E3%81%A1%E3%82%83%E3%82%93%35%38" n1="%E8%B6%85%E7%B4%9A%E9%B3%B3%E5%87%B0" n2="%6D%61%74%69%67%75%73%61" n3="%E8%90%BD%E6%97%A5" dan="17,16,17,16" rate="2189.61,2174.74,2152.71,2132.90" sx="M,F,M,F"/><TAIKYOKU oya="0"/><INIT seed="0,0,0,3,2,64" ten="250,250,250,250" oya="0" hai0="115,106,0,85,41,56,109,66,48,22,123,113,107" hai1="54,38,47,13,33,117,2,46,125,71,91,102,100" hai2="81,126,37,129,49,39,3,10,78,30,88,118,72" hai3="24,130,70,86,59,43,11,15,93,51,57,96,134"/><T21/><D0/><U25/><E117/><V127/><F118/><W76/><G130/><T34/><D34/><U99/><E2/><V128/><F30/><W80/><G134/><T89/><D123/><U23/><E125/><N who="2" m="47627" /><F49/><W108/><G70/><T131/><D131/><N who="2" m="50250" /><F88/><N who="3" m="55335" /><G24/><T75/><D75/><U63/><E91/><V62/><F62/><W133/><G133/><T79/><D79/><U124/><E63/><V44/><F44/><N who="3" m="26015" /><G108/><T114/><D109/><U83/><E46/><V77/><F78/><W40/><G40/><T97/><D41/><U119/><E47/><V1/><F1/><W74/><G74/><T42/><D42/><U67/><E119/><V65/><F65/><W101/><G101/><T45/><D45/><U5/><E100/><V35/><F35/><W28/><G28/><T122/><D122/><U61/><E102/><V55/><F55/><W29/><G29/><T58/><D97/><U84/><E99/><V9/><F3/><W20/><G20/><T135/><D22/><U8/><E23/><V36/><AGARI ba="0,0" hai="9,10,36,37,39,72,77,81" m="50250,47627" machi="36" ten="40,2700,0" yaku="18,1,19,1" doraHai="64" who="2" fromWho="2" sc="250,-13,250,-7,250,27,250,-7" /><INIT seed="1,0,0,5,0,38" ten="237,243,277,243" oya="1" hai0="94,66,89,98,51,7,46,68,35,36,119,104,63" hai1="42,22,134,62,20,91,128,79,48,86,14,57,84" hai2="120,10,17,54,74,67,80,44,43,112,97,121,50" hai3="28,1,5,64,60,8,59,88,114,106,85,78,24"/><U90/><E128/><V116/><F116/><W133/><G133/><T130/><D130/><U61/><E134/><V34/><F34/><W124/><G124/><T58/><D119/><U41/><E14/><V125/><F125/><W132/><G132/><T102/><D35/><U115/><E48/><V70/><F112/><W26/><G114/><T113/><D113/><U77/><E115/><V49/><F97/><W123/><G106/><T16/><D7/><U99/><E99/><V135/><F135/><W129/><G129/><T13/><D36/><U76/><E76/><V47/><F74/><W52/><G78/><T122/><D122/><U105/><E57/><V29/><F80/><W18/><G18/><T111/><D111/><U4/><E4/><V53/><F29/><W23/><G26/><T30/><D30/><U127/><E127/><V33/><F33/><W9/><G9/><T19/><D68/><U108/><E105/><V72/><F72/><W32/><G123/><T56/><D56/><U107/><E107/><V92/><F92/><W25/><G25/><T95/><D13/><U101/><E101/><V69/><F67/><W103/><G103/><T27/><D27/><U117/><E117/><V81/><F81/><W6/><G6/><T21/><D21/><U71/><E71/><V126/><F126/><W73/><G73/><T37/><D37/><U2/><E2/><V40/><F10/><W15/><G64/><T39/><D39/><U12/><E12/><V100/><F100/><W3/><G32/><T82/><D104/><U0/><E0/><V45/><F45/><RYUUKYOKU ba="0,0" sc="237,-30,243,10,277,10,243,10" hai1="20,22,41,42,61,62,77,79,84,86,90,91,108" hai2="17,40,43,44,47,49,50,53,54,69,70,120,121" hai3="1,3,5,8,15,23,24,28,52,59,60,85,88" /><INIT seed="1,1,0,4,3,109" ten="207,253,287,253" oya="1" hai0="108,44,129,112,104,60,25,78,18,15,53,61,52" hai1="30,35,29,114,85,88,98,33,14,65,83,76,42" hai2="120,57,16,3,58,49,56,34,86,107,132,40,11" hai3="12,106,110,7,103,6,62,27,54,130,31,59,32"/><U21/><E114/><V24/><F120/><W38/><G110/><T39/><D108/><U74/><E98/><V93/><F107/><W122/><G122/><T67/><D104/><U128/><E128/><V131/><F131/><W116/><G130/><T26/><D129/><U22/><E65/><V19/><F132/><W92/><G106/><T0/><D0/><U66/><E66/><V46/><F34/><W81/><G38/><T51/><D112/><U79/><E42/><V99/><F86/><W20/><G116/><T70/><D78/><U135/><E135/><V84/><F84/><W121/><G121/><T28/><D39/><U91/><E85/><V69/><F69/><W101/><G81/><T17/><D26/><U23/><E14/><V45/><F45/><W125/><G125/><T37/><D37/><U2/><E2/><V126/><F126/><W119/><G119/><T41/><D61/><U5/><E5/><V10/><F3/><W80/><G80/><T97/><D97/><U134/><E134/><V113/><F113/><W111/><G111/><T55/><REACH who="0" step="1"/><D15/><REACH who="0" ten="197,253,287,253" step="2"/><U71/><E76/><V47/><F24/><W95/><G12/><T94/><D94/><U48/><E48/><N who="2" m="26695" /><F99/><N who="3" m="59623" /><G32/><AGARI ba="1,1" hai="17,18,25,28,32,41,44,51,52,53,55,60,67,70" machi="32" ten="40,2600,0" yaku="1,1,54,1,53,0" doraHai="109" doraHaiUra="89" who="0" fromWho="3" sc="197,39,253,0,287,0,253,-29" /><INIT seed="2,0,0,4,1,23" ten="236,253,287,224" oya="2" hai0="12,128,84,16,72,126,89,5,83,109,77,104,88" hai1="81,0,39,101,34,56,98,24,9,119,45,124,134" hai2="86,3,41,64,68,133,22,17,114,93,74,96,52" hai3="80,73,108,121,129,113,53,32,97,55,67,58,11"/><V49/><F114/><W27/><G121/><T1/><D104/><U70/><E119/><V10/><F74/><W92/><G113/><T82/><D109/><U13/><E70/><V85/><F133/><W90/><G108/><T75/><D128/><U130/><E130/><V125/><F125/><W117/><G117/><T122/><D122/><U50/><E124/><V43/><F68/><W105/><G129/><T48/><D126/><U66/><E134/><V110/><F64/><W42/><G105/><T28/><D28/><U107/><E0/><V46/><F10/><W31/><G42/><N who="2" m="15881" /><F3/><W95/><G11/><T6/><D1/><U37/><E81/><V106/><F106/><W19/><G19/><T38/><D38/><U76/><E76/><V20/><F20/><W2/><G2/><T111/><D111/><U21/><E34/><V115/><F115/><W79/><REACH who="3" step="1"/><G95/><REACH who="3" ten="236,253,287,214" step="2"/><T35/><D5/><U71/><E107/><V59/><F110/><W135/><G135/><T25/><D6/><U120/><E9/><V63/><F93/><W33/><G33/><T123/><D123/><U54/><E120/><V78/><F17/><W26/><G26/><T8/><D25/><U60/><E24/><V94/><F22/><W40/><G40/><T103/><D35/><U112/><E112/><V132/><F132/><W47/><G47/><T99/><D16/><N who="1" m="10383" /><E45/><V29/><F46/><W30/><G30/><T18/><D18/><U127/><E127/><V69/><F29/><W4/><G4/><T14/><D8/><U65/><E65/><V131/><F131/><W36/><G36/><RYUUKYOKU ba="0,1" sc="236,-15,253,15,287,-15,214,15" hai1="37,39,50,54,56,60,66,71,98,101" hai3="27,31,32,53,55,58,67,73,79,80,90,92,97" /><INIT seed="3,1,1,1,5,125" ten="221,268,272,229" oya="3" hai0="80,23,73,133,25,50,90,1,53,69,129,40,132" hai1="36,100,123,8,127,19,86,10,70,45,63,13,118" hai2="62,24,27,46,114,98,64,6,121,112,103,105,16" hai3="17,4,49,131,21,74,51,65,26,55,85,41,66"/><W61/><G74/><T91/><D69/><U54/><E123/><V76/><F6/><W47/><G4/><T12/><D1/><U104/><E127/><V2/><F2/><W43/><G131/><T77/><D12/><U81/><E118/><V115/><F121/><W44/><G85/><T79/><D40/><U31/><E31/><V56/><F76/><W87/><G87/><T29/><D79/><U14/><E36/><V71/><F46/><W38/><G38/><T78/><D78/><U110/><E110/><V109/><F109/><W3/><G3/><T119/><D119/><U83/><E104/><V116/><F116/><W117/><G117/><T106/><D106/><U75/><E75/><V111/><F111/><W37/><G37/><T22/><D22/><U135/><E100/><V15/><REACH who="2" step="1"/><F71/><REACH who="2" ten="221,268,262,229" step="2"/><W126/><G126/><T18/><D129/><U5/><E70/><V67/><F67/><W20/><G20/><AGARI ba="1,2" hai="15,16,20,24,27,56,62,64,98,103,105,112,114,115" machi="20" ten="40,2600,0" yaku="1,1,54,1,53,0" doraHai="125" doraHaiUra="82" who="2" fromWho="3" sc="221,0,268,0,262,49,229,-29" owari="221,-17.9,268,6.8,311,41.1,200,-30.0" /></mjloggm>