<mjloggm ver="2.3"><GO type="225" lobby="0"/><UN n0="%E3%81%A4%E3%81%A3%E3%81%B1%E3%82%8A%E3%83%9D%E3%83%BC%E3%83%AB" n1="%E5%A4%9C%E3%81%AE%E3%82%AC%E3%82%B9%E3%83%91%E3%83%BC%E3%83%AB" n2="%E6%81%A5%E6%99%92%E3%81%97" n3="%E6%9D%B1%E9%A2%A8%E3%81%AE%E3%81%8D%E3%82%83%E3%81%B7%E3%81%95%E3%82%93" dan="17,17,16,17" rate="2177.47,2197.03,2073.28,2184.42" sx="M,M,M,M"/><TAIKYOKU oya="0"/><INIT seed="0,0,0,4,3,128" ten="250,250,250,250" oya="0" hai0="0,14,82,40,20,92,57,46,9,78,121,114,91" hai1="122,11,22,18,42,86,50,84,93,129,106,45,21" hai2="58,41,64,107,24,74,125,85,109,124,69,52,70" hai3="54,130,123,6,89,56,73,80,34,51,115,97,55"/><T103/><D114/><U48/><E129/><V105/><F74/><W95/><G130/><T76/><D121/><U135/><E106/><V49/><F109/><W119/><G34/><T96/><D0/><U120/><E135/><V88/><F41/><W68/><G68/><N who="2" m="26217" /><F64/><W77/><G119/><T113/><D113/><U98/><E120/><V67/><F67/><W72/><G123/><T4/><D57/><U100/><E122/><V94/><F24/><W62/><G115/><T63/><D63/><U5/><E50/><V71/><N who="2" m="26225" /><V43/><DORA hai="83" /><F43/><W131/><G131/><T3/><D3/><U116/><E116/><V127/><AGARI ba="0,0" hai="49,52,58,85,88,94,105,107,124,125,127" m="26225" machi="127" ten="50,8000,1" yaku="18,1,52,1,54,2" doraHai="128,83" who="2" fromWho="2" sc="250,-40,250,-20,250,80,250,-20" /><INIT seed="1,0,0,5,4,72" ten="210,230,330,230" oya="1" hai0="28,37,64,125,16,63,50,83,59,3,57,76,30" hai1="88,32,80,4,48,44,6,115,7,66,56,102,10" hai2="78,18,111,107,62,39,77,135,112,65,85,89,110" hai3="104,25,26,75,0,93,40,29,69,95,47,108,122"/><U117/><E115/><V100/><F39/><W71/><G0/><T53/><D37/><U54/><E117/><V27/><F135/><W103/><G75/><T46/><D125/><U86/><E32/><V33/><F112/><W82/><G122/><T74/><D3/><U9/><E102/><V17/><F17/><W109/><G82/><T98/><D98/><U67/><E56/><V61/><F107/><W105/><G103/><T36/><D36/><U118/><E118/><V134/><F100/><W90/><G29/><T52/><REACH who="0" step="1"/><D16/><REACH who="0" ten="200,230,330,230" step="2"/><U1/><E7/><V13/><F18/><W55/><G40/><T91/><D91/><U97/><E97/><V132/><F89/><W19/><G90/><T124/><D124/><U49/><E48/><AGARI ba="0,1" hai="28,30,46,48,50,52,53,57,59,63,64,74,76,83" machi="48" ten="30,7700,0" yaku="1,1,7,1,52,1,54,1,53,0" doraHai="72" doraHaiUra="31" who="0" fromWho="1" sc="200,87,230,-77,330,0,230,0" /><INIT seed="2,0,0,1,2,95" ten="287,153,330,230" oya="2" hai0="18,22,101,27,42,103,30,13,118,4,110,108,85" hai1="61,53,2,124,91,8,100,59,29,126,7,99,64" hai2="119,96,90,83,87,135,114,116,33,58,21,70,10" hai3="51,39,92,5,19,121,62,32,45,68,128,31,66"/><V132/><F70/><W14/><G121/><T47/><D118/><U34/><E91/><N who="2" m="51711" /><F33/><W11/><G128/><T36/><D4/><U71/><E29/><V89/><F21/><W80/><G39/><T75/><D75/><U97/><E34/><V72/><F58/><W123/><G123/><T104/><D85/><U1/><E1/><V77/><F10/><W74/><G92/><T111/><REACH who="0" step="1"/><D104/><REACH who="0" ten="277,153,330,230" step="2"/><U50/><REACH who="1" step="1"/><E100/><REACH who="1" ten="277,143,330,230" step="2"/><V12/><F116/><W44/><G32/><AGARI ba="0,2" hai="13,18,22,27,30,32,36,42,47,101,103,108,110,111" machi="32" ten="40,5200,0" yaku="1,1,2,1,14,1,53,0" doraHai="95" doraHaiUra="129" who="0" fromWho="3" sc="277,72,143,0,330,0,230,-52" /><INIT seed="3,0,0,3,1,51" ten="349,143,330,178" oya="3" hai0="108,72,33,3,104,66,126,36,134,63,87,129,60" hai1="50,116,64,105,109,98,45,27,127,81,115,106,132" hai2="65,78,15,71,59,84,62,23,95,12,32,114,119" hai3="76,46,37,2,75,44,47,128,9,90,7,48,4"/><W121/><G121/><T0/><RYUUKYOKU type="yao9" ba="0,0" sc="349,0,143,0,330,0,178,0" hai0="0,3,33,36,60,63,66,72,87,104,108,126,129,134" /><INIT seed="3,1,0,0,3,59" ten="349,143,330,178" oya="3" hai0="53,25,105,77,22,60,91,45,41,28,19,110,40" hai1="79,71,102,58,17,55,104,43,84,118,20,88,52" hai2="124,100,47,16,14,98,131,92,133,39,34,99,72" hai3="123,113,23,44,112,107,132,46,18,73,15,74,21"/><W49/><G123/><T51/><D105/><U128/><E71/><V54/><F34/><W125/><G107/><T93/><D110/><U135/><E135/><V108/><F108/><W106/><G106/><T3/><D3/><U62/><E128/><V86/><F72/><W95/><G132/><T61/><D77/><U31/><E118/><V70/><F133/><W69/><G69/><T57/><D28/><U6/><E79/><V82/><F131/><W121/><G121/><T94/><D94/><N who="1" m="54535" /><E104/><V101/><F124/><W33/><G33/><T87/><D41/><U83/><E83/><V81/><F70/><W12/><G125/><T85/><D85/><U127/><E127/><V129/><F129/><W42/><G95/><T4/><D4/><U116/><E116/><V10/><F86/><W78/><G78/><T90/><D90/><U134/><E134/><V111/><F111/><W96/><G96/><N who="2" m="36905" /><F39/><AGARI ba="1,0" hai="19,22,25,39,40,45,51,53,57,60,61,87,91,93" machi="39" ten="30,3900,0" yaku="7,1,52,2" doraHai="59" who="0" fromWho="2" sc="349,42,143,0,330,-42,178,0" owari="391,49.1,143,-35.7,288,8.8,178,-22.2" /></mjloggm>