<mjloggm ver="2.3"><GO type="225" lobby="0"/><UN n0="%E3%81%99%E3%81%84%E3%81%BE%E3%81%9B%E3%83%BC%E3%82%93" n1="%E3%82%A2%E3%83%9E%E3%83%9D%EF%BD%9E%EF%BD%9E%E3%83%A9" n2="%E6%80%AA%E3%81%97%E3%81%99%E3%81%8E%E3%82%8B%E3%83%81%E3%83%BC" n3="%E5%84%AA%40%41%42%43" dan="16,17,16,18" rate="2100.18,2196.38,2139.03,2224.52" sx="M,M,M,M"/><TAIKYOKU oya="0"/><INIT seed="0,0,0,5,2,97" ten="250,250,250,250" oya="0" hai0="14,92,67,79,25,135,122,64,126,90,15,34,58" hai1="127,39,51,29,10,80,129,89,18,35,121,117,104" hai2="46,70,109,59,43,44,1,125,124,50,9,119,56" hai3="37,82,132,30,40,77,0,17,118,103,133,3,31"/><T112/><D112/><U87/><E117/><V48/><F70/><W66/><G118/><T28/><D122/><U98/><E121/><V75/><F119/><W83/><G66/><T55/><D126/><N who="2" m="48746" /><F75/><W116/><G116/><T7/><D79/><U52/><E39/><V13/><F1/><W74/><G17/><T11/><D15/><U113/><E113/><V20/><F20/><W63/><G63/><T111/><D135/><U2/><E129/><V27/><F27/><W73/><G40/><T8/><D8/><U101/><E127/><V81/><F81/><W6/><G37/><T99/><REACH who="0" step="1"/><D111/><REACH who="0" ten="240,250,250,250" step="2"/><U23/><E2/><V26/><F109/><W96/><G77/><T69/><D69/><U19/><E10/><V102/><F26/><W60/><G132/><T41/><D41/><U33/><E29/><V100/><F13/><W24/><G133/><T134/><D134/><U38/><E18/><V68/><F9/><W65/><G6/><T115/><D115/><U53/><E38/><V123/><F68/><N who="3" m="42023" /><G31/><T71/><D71/><U110/><E110/><V12/><F12/><W93/><G3/><T120/><D120/><U105/><E19/><V45/><F123/><W47/><G0/><T42/><D42/><U131/><E131/><V32/><F43/><W84/><G74/><T5/><D5/><U88/><E35/><V54/><F32/><W91/><G73/><T61/><AGARI ba="0,1" hai="7,11,14,25,28,34,55,58,61,64,67,90,92,99" machi="61" ten="20,3900,0" yaku="1,1,0,1,7,1,53,0" doraHai="97" doraHaiUra="130" who="0" fromWho="0" sc="240,49,250,-13,250,-13,250,-13" /><INIT seed="0,1,0,5,3,41" ten="289,237,237,237" oya="0" hai0="79,29,87,20,26,133,97,42,126,21,66,101,69" hai1="57,19,70,32,103,9,121,10,36,40,107,48,60" hai2="129,90,43,134,59,120,130,2,27,11,8,102,88" hai3="71,95,54,76,91,68,13,51,46,75,86,35,135"/><T14/><D126/><U16/><E121/><V81/><F120/><W124/><G35/><T12/><D133/><U15/><E32/><V128/><F134/><W111/><G135/><T110/><D110/><U104/><E36/><V1/><F102/><W17/><G124/><T99/><D99/><U50/><E70/><V106/><F106/><W115/><G115/><T0/><D0/><N who="2" m="106" /><F43/><W7/><G7/><T6/><D42/><U73/><E73/><V89/><F81/><W132/><G111/><T63/><D6/><U82/><E82/><V112/><F112/><W108/><G108/><T84/><D79/><U77/><E77/><V30/><F59/><W23/><REACH who="3" step="1"/><G132/><REACH who="3" ten="289,237,237,227" step="2"/><T94/><REACH who="0" step="1"/><D21/><AGARI ba="1,1" hai="8,11,21,27,30,88,89,90,128,129,130" m="106" machi="21" ten="40,2600,0" yaku="19,1,54,1" doraHai="41" who="2" fromWho="0" sc="289,-29,237,0,237,39,227,0" /><INIT seed="1,0,0,0,1,28" ten="260,237,276,227" oya="1" hai0="62,100,81,120,5,85,8,118,49,112,74,114,59" hai1="66,119,56,20,40,102,4,38,110,7,42,19,103" hai2="24,123,82,83,111,79,124,44,25,109,95,130,115" hai3="26,116,0,39,93,47,90,57,107,68,22,33,60"/><U76/><E119/><V31/><F123/><W2/><G107/><T48/><D74/><U113/><E113/><V23/><F115/><W61/><G116/><T18/><D118/><U71/><E71/><V117/><F117/><W12/><G68/><T97/><D120/><U98/><E38/><V1/><F1/><W72/><G72/><T69/><D69/><U101/><E98/><V77/><F130/><W94/><G61/><T78/><D18/><U30/><E30/><N who="2" m="17695" /><F95/><W43/><G12/><N who="0" m="5135" /><D114/><U134/><E134/><V86/><F44/><W126/><G94/><N who="0" m="58423" /><D112/><U15/><E76/><N who="2" m="46407" /><F83/><W52/><G33/><T67/><AGARI ba="0,0" hai="48,49,59,62,67,78,81,85" m="58423,5135" machi="67" ten="30,1100,0" yaku="8,1" doraHai="28" who="0" fromWho="0" sc="260,11,237,-5,276,-3,227,-3" /><INIT seed="2,0,0,4,1,66" ten="271,232,273,224" oya="2" hai0="5,14,34,29,90,51,110,12,40,63,116,102,122" hai1="11,74,43,37,23,13,86,41,7,89,9,78,10" hai2="100,79,101,104,35,16,129,107,108,92,25,70,87" hai3="61,83,105,52,82,31,72,33,32,60,18,121,124"/><V103/><F70/><W0/><G105/><T48/><D122/><U30/><E74/><V24/><F129/><W135/><G121/><T131/><D102/><U59/><E78/><V17/><F108/><W47/><G0/><T2/><D2/><U55/><E37/><V120/><F120/><W109/><G109/><T8/><D110/><U119/><E119/><V53/><F53/><W114/><G135/><T68/><D116/><U106/><E106/><V49/><F49/><N who="3" m="28735" /><G72/><T112/><D112/><U85/><E85/><V36/><F36/><W26/><G32/><T71/><D131/><U77/><E77/><V111/><F111/><W93/><G31/><T98/><D29/><U76/><E76/><V75/><F35/><W97/><G33/><T56/><D34/><U127/><E127/><V57/><F57/><W69/><G69/><T46/><D51/><N who="1" m="31231" /><E30/><V73/><F103/><N who="3" m="60847" /><G124/><T28/><D28/><U67/><E67/><V27/><F104/><W81/><G114/><T15/><D71/><U118/><E118/><V80/><F73/><W91/><G91/><T54/><D68/><U99/><E99/><N who="2" m="61855" /><F101/><W1/><G1/><T130/><D130/><U117/><E117/><V58/><F58/><W22/><AGARI ba="0,0" hai="18,22,26,60,61,81,82,83" m="60847,28735" machi="22" ten="30,2000,0" yaku="8,1,54,1" doraHai="66" who="3" fromWho="3" sc="271,-5,232,-5,273,-10,224,20" /><INIT seed="3,0,0,1,3,50" ten="266,227,263,244" oya="3" hai0="60,111,24,61,80,19,95,71,22,87,58,135,23" hai1="92,119,44,115,30,114,69,43,65,123,113,99,112" hai2="124,130,41,105,35,128,110,78,40,6,72,36,10" hai3="2,56,0,107,83,85,38,21,42,125,16,73,25"/><W76/><G107/><T55/><D111/><U8/><E123/><V48/><F105/><W31/><G125/><T5/><D135/><U14/><E119/><V54/><F35/><W29/><G38/><T102/><D5/><U120/><E30/><V117/><F117/><W91/><G42/><T77/><D71/><U28/><E28/><V101/><F101/><W93/><G29/><T37/><D37/><U52/><E120/><V122/><F122/><W53/><G31/><T51/><D23/><U88/><E69/><V89/><F110/><W129/><G129/><N who="2" m="49769" /><F36/><W81/><G81/><T133/><D133/><U106/><E65/><V116/><F89/><W32/><G32/><T59/><D59/><U74/><E74/><V104/><F104/><W33/><G33/><T86/><D86/><U3/><E3/><N who="2" m="351" /><F124/><W47/><G47/><T39/><D39/><U18/><E106/><V103/><F103/><W132/><G132/><T98/><AGARI ba="0,0" hai="19,22,24,51,55,58,60,61,77,80,87,95,98,102" machi="98" ten="30,4000,0" yaku="0,1,8,1,52,1" doraHai="50" who="0" fromWho="0" sc="266,40,227,-10,263,-10,244,-20" owari="306,40.6,217,-28.3,253,5.3,224,-17.6" /></mjloggm>