<mjloggm ver="2.3"><GO type="225" lobby="0"/><UN n0="%E3%81%B5%E3%81%98%E3%81%8B%E3%81%A4" n1="%E3%83%9D%E3%83%B3%E3%83%9D%E3%82%B3%E5%95%86%E4%BA%8B" n2="%E3%81%8B%E3%82%8F%E3%81%A1%E3%82%83%E3%82%93%35%38" n3="%E4%BA%95%E5%B8%AF" dan="17,16,17,16" rate="2158.45,2123.66,2230.31,2039.00" sx="M,M,M,M"/><TAIKYOKU oya="0"/><INIT seed="0,0,0,5,3,112" ten="250,250,250,250" oya="0" hai0="117,85,37,7,95,120,69,29,13,89,5,43,20" hai1="18,45,74,27,25,78,92,81,71,46,118,9,42" hai2="12,52,72,114,87,57,80,36,51,49,88,11,56" hai3="97,94,17,102,21,22,59,1,26,103,8,77,132"/><T107/><D120/><U0/><E71/><V48/><F36/><W106/><G132/><T108/><D107/><U70/><E70/><V41/><F114/><W96/><G77/><T119/><D69/><U16/><E92/><V44/><F72/><W126/><G126/><T2/><D108/><U83/><E83/><V130/><F130/><W39/><G39/><T58/><D58/><N who="2" m="22634" /><F41/><W19/><G59/><T79/><D7/><AGARI ba="0,0" hai="7,11,12,44,48,49,51,52,80,87,88" m="22634" machi="7" ten="30,3900,0" yaku="8,1,54,2" doraHai="112" who="2" fromWho="0" sc="250,-39,250,0,250,39,250,0" /><INIT seed="1,0,0,1,0,36" ten="211,250,289,250" oya="1" hai0="28,57,131,12,117,0,13,81,78,65,5,18,89" hai1="113,132,40,123,33,83,82,120,64,104,91,128,47" hai2="44,130,93,69,31,80,99,8,14,15,121,19,97" hai3="84,38,96,39,90,4,37,110,66,45,63,100,129"/><U76/><E33/><V135/><F121/><W67/><G110/><T6/><D117/><U11/><E113/><V62/><F135/><W51/><G129/><T25/><D131/><U70/><E128/><V61/><F130/><W10/><G96/><T119/><D119/><U74/><E104/><V79/><F69/><W27/><G27/><T56/><D89/><U126/><E132/><V109/><F31/><W124/><G100/><T42/><D12/><U68/><E126/><V1/><F1/><W95/><G124/><T86/><D0/><U107/><E107/><V20/><F44/><W114/><G114/><T58/><D65/><U122/><E64/><V50/><F50/><W52/><REACH who="3" step="1"/><G63/><REACH who="3" ten="211,250,289,240" step="2"/><T7/><D28/><U98/><E98/><V77/><F99/><W88/><G88/><T125/><D25/><U21/><E91/><V112/><F109/><W43/><G43/><T34/><D34/><U118/><E118/><V115/><F115/><W59/><G59/><T3/><D125/><U60/><E60/><V75/><F112/><W24/><G24/><T111/><D111/><U55/><E70/><V53/><F53/><W35/><G35/><T9/><D3/><AGARI ba="0,1" hai="3,4,10,37,38,39,45,51,52,66,67,84,90,95" machi="3" ten="40,5200,0" yaku="1,1,54,1,53,1" doraHai="36" doraHaiUra="48" who="3" fromWho="0" sc="211,-52,250,0,289,0,240,62" /><INIT seed="2,0,0,2,1,12" ten="159,250,289,302" oya="2" hai0="18,21,63,27,99,56,8,55,102,68,91,113,132" hai1="35,76,9,101,23,98,87,90,57,80,3,54,65" hai2="120,29,89,49,37,103,125,81,70,96,111,16,100" hai3="36,73,92,69,64,42,105,86,77,28,119,7,53"/><V94/><F37/><W74/><G28/><T47/><D113/><U124/><E35/><V108/><F120/><W5/><G53/><T61/><D132/><U123/><E124/><V122/><F122/><W107/><G64/><T59/><D68/><U25/><E65/><V14/><F70/><W2/><G42/><T20/><D47/><U117/><E117/><V58/><F29/><W121/><G2/><T72/><D72/><U11/><E76/><V83/><F125/><W15/><G15/><T78/><D78/><U131/><E131/><V30/><F30/><W38/><G77/><T10/><D91/><U17/><E3/><V95/><F49/><W126/><G92/><T130/><D21/><U127/><E127/><V114/><F58/><W4/><G4/><T115/><D130/><U106/><REACH who="1" step="1"/><E123/><REACH who="1" ten="159,240,289,302" step="2"/><V128/><F128/><W26/><G126/><T6/><D115/><U33/><E33/><V60/><F114/><W22/><G119/><T24/><D6/><U112/><E112/><V1/><F1/><W43/><G7/><T62/><D62/><AGARI ba="0,1" hai="9,11,17,23,25,54,57,62,80,87,90,98,101,106" machi="62" ten="30,3900,0" yaku="1,1,7,1,52,1,53,0" doraHai="12" doraHaiUra="0" who="1" fromWho="0" sc="159,-39,240,49,289,0,302,0" /><INIT seed="3,0,0,0,1,113" ten="120,289,289,302" oya="3" hai0="37,98,66,24,102,88,11,34,23,112,43,84,91" hai1="33,101,75,55,54,52,3,77,42,135,96,48,85" hai2="58,76,107,67,32,1,14,78,81,130,40,7,127" hai3="122,106,120,114,110,99,116,70,50,134,21,118,17"/><W73/><G70/><T8/><D112/><U65/><E75/><V94/><F107/><W13/><G114/><T105/><D34/><U53/><E33/><V115/><F115/><W6/><G73/><T16/><D37/><U87/><E3/><V79/><F1/><W26/><G50/><T86/><D66/><U31/><E135/><V18/><F32/><W131/><G99/><T47/><D91/><U93/><E31/><V68/><F68/><W117/><G106/><T97/><D97/><U89/><E65/><V22/><F130/><W62/><G62/><T56/><D56/><N who="1" m="32775" /><E42/><V25/><F127/><W36/><G36/><T121/><D121/><N who="3" m="46697" /><G134/><T71/><D71/><U92/><E77/><V108/><F108/><W128/><G110/><T82/><REACH who="0" step="1"/><D86/><AGARI ba="0,0" hai="53,54,55,85,86,87,89,92,93,96,101" m="32775" machi="86" ten="30,2000,0" yaku="8,1,54,1" doraHai="113" who="1" fromWho="0" sc="120,-20,289,20,289,0,302,0" owari="100,-40.0,309,40.9,289,-11.1,302,10.2" /></mjloggm>