<mjloggm ver="2.3"><GO type="225" lobby="0"/><UN n0="%E7%89%B9%E6%9D%B1%E3%81%AF%E4%B8%96%E7%95%8C%E3%82%92%E6%95%91%E3%81%86" n1="%E3%83%8F%E3%82%AC%E3%82%BF%E3%82%AB%E3%81%AE%E3%81%88%E3%81%98%E3%81%8D" n2="%E3%81%A1%E3%82%85%E3%81%86%E3%81%A9%E3%81%8F%E8%B1%A1%E3%81%95%E3%82%93" n3="%E3%83%AD%E3%83%83%E3%83%86%E9%9B%80%E7%90%83" dan="16,16,16,17" rate="2175.03,2151.27,2105.69,2253.21" sx="M,M,M,M"/><TAIKYOKU oya="0"/><INIT seed="0,0,0,3,3,61" ten="250,250,250,250" oya="0" hai0="113,129,104,49,35,32,33,0,87,46,48,58,78" hai1="28,62,126,86,94,117,123,103,66,116,133,4,70" hai2="76,81,41,6,11,82,7,91,42,21,85,10,54" hai3="30,64,59,74,131,124,79,110,26,47,134,80,93"/><T57/><D113/><U37/><E126/><V128/><F128/><W40/><G110/><T55/><D129/><U105/><E123/><V3/><F21/><W72/><G131/><T18/><D104/><U24/><E133/><V121/><F54/><W112/><G112/><T69/><D69/><U60/><E37/><V109/><F109/><W1/><G1/><T29/><D0/><U92/><E4/><V118/><F118/><W100/><G124/><T20/><D29/><U88/><E60/><V97/><F121/><W22/><G134/><T68/><D68/><U36/><E94/><V125/><F125/><W83/><G83/><T71/><D71/><U102/><E36/><V13/><REACH who="2" step="1"/><F97/><REACH who="2" ten="250,250,240,250" step="2"/><W27/><G22/><T127/><D127/><U96/><E103/><V15/><F15/><W101/><G101/><T51/><D35/><AGARI ba="0,1" hai="24,28,35,62,66,70,86,88,92,96,102,105,116,117" machi="35" ten="30,8000,1" yaku="7,1,25,2,52,1,54,1" doraHai="61" who="1" fromWho="0" sc="250,-80,250,90,240,0,250,0" /><INIT seed="1,0,0,3,5,97" ten="170,340,240,250" oya="1" hai0="9,82,117,114,80,101,30,23,105,4,32,85,102" hai1="95,61,22,77,63,47,11,5,45,13,132,56,14" hai2="65,49,2,60,113,78,26,135,71,66,107,69,70" hai3="118,116,133,125,24,98,74,39,106,46,50,42,31"/><U94/><E132/><V128/><F2/><W29/><G133/><T34/><D114/><U119/><E119/><N who="3" m="45610" /><G125/><T25/><D117/><U44/><E77/><V18/><F135/><W90/><G74/><T58/><D105/><U59/><E22/><V12/><F128/><W68/><G68/><T55/><D34/><U120/><E120/><V10/><F113/><W103/><G90/><T1/><D32/><U52/><REACH who="1" step="1"/><E14/><REACH who="1" ten="170,330,240,250" step="2"/><V67/><F78/><W7/><G7/><T57/><D57/><U104/><E104/><V134/><F134/><W28/><G39/><T100/><REACH who="0" step="1"/><D85/><REACH who="0" ten="160,330,240,250" step="2"/><U17/><E17/><V84/><F107/><W110/><G110/><T21/><D21/><AGARI ba="0,2" hai="21,24,28,29,31,42,46,50,98,103,106" m="45610" machi="21" ten="30,2000,0" yaku="12,1,52,1" doraHai="97" who="3" fromWho="0" sc="160,-20,330,0,240,0,250,40" /><INIT seed="2,0,0,2,3,96" ten="140,330,240,290" oya="2" hai0="3,8,35,119,132,23,86,5,104,68,85,117,28" hai1="116,78,52,71,25,27,16,60,130,55,9,92,135" hai2="17,125,43,37,121,15,65,72,74,14,131,33,36" hai3="88,83,54,80,75,11,34,95,61,67,42,126,51"/><V127/><F121/><W97/><G126/><N who="2" m="48137" /><F33/><W38/><G34/><T110/><D68/><U90/><E116/><V105/><F65/><W7/><G42/><T128/><D110/><U134/><E78/><V66/><F66/><W47/><G38/><N who="2" m="14953" /><F43/><W31/><G31/><T93/><D35/><U109/><E109/><V113/><F113/><W91/><G91/><T58/><D104/><U21/><E130/><V39/><N who="2" m="14961" /><V124/><N who="2" m="48145" /><DORA hai="114" /><V108/><DORA hai="57" /><F108/><W46/><G46/><T84/><D128/><U76/><E76/><V18/><F131/><W81/><G75/><N who="2" m="28713" /><F105/><W63/><REACH who="3" step="1"/><G67/><REACH who="3" ten="140,330,240,280" step="2"/><T41/><D41/><U2/><E90/><V44/><F44/><W112/><G112/><T99/><D132/><U32/><E135/><V1/><F1/><AGARI ba="0,1" hai="1,7,11,47,51,54,61,63,80,81,83,88,95,97" machi="1" ten="40,16000,3" yaku="1,1,52,2,54,1,53,4" doraHai="96,114,57" doraHaiUra="89,79,19" who="3" fromWho="2" sc="140,0,330,0,240,-160,280,170" /><INIT seed="3,0,0,0,0,100" ten="140,330,80,450" oya="3" hai0="42,53,129,103,81,130,69,85,107,120,2,124,24" hai1="13,26,118,10,89,48,77,28,101,134,91,45,95" hai2="99,9,74,94,7,131,39,126,5,121,29,6,36" hai3="23,111,0,67,97,33,15,119,87,127,16,60,128"/><W54/><G127/><T55/><D120/><U37/><E134/><V40/><F121/><W50/><G119/><T133/><D133/><U113/><E113/><V49/><F126/><W44/><G128/><N who="0" m="49259" /><D124/><U96/><E118/><V22/><F131/><W14/><G0/><T110/><D110/><U64/><E37/><V4/><F74/><W12/><G33/><T34/><D69/><U112/><E77/><V132/><F132/><W43/><G111/><T58/><D2/><U32/><E112/><V38/><N who="2" m="1024" /><DORA hai="105" /><V70/><F70/><W17/><G97/><N who="0" m="61935" /><D42/><U71/><E13/><V98/><F9/><W75/><G75/><T125/><D125/><U25/><E25/><V109/><F109/><W65/><G87/><T18/><D58/><U11/><E11/><V104/><F94/><W78/><G78/><N who="0" m="46263" /><D18/><U31/><E31/><AGARI ba="0,0" hai="24,31,34,53,55" m="46263,61935,49259" machi="31" ten="30,2000,0" yaku="19,1,52,1" doraHai="100,105" who="0" fromWho="1" sc="140,20,330,-20,80,0,450,0" owari="160,-24.0,310,11.0,80,-42.0,450,55.0" /></mjloggm>