<mjloggm ver="2.3"><GO type="225" lobby="0"/><UN n0="%48%61%61%61%6C%61%6E%64" n1="%E3%81%8F%E3%81%BE%E3%81%96%E3%82%8F" n2="%72%69%6F%75%63%68%61%6E" n3="%E3%81%A1%E3%82%85%E3%81%86%E3%81%A9%E3%81%8F%E8%B1%A1%E3%81%95%E3%82%93" dan="17,16,17,17" rate="2136.85,2061.55,2288.45,2188.99" sx="M,M,M,M"/><TAIKYOKU oya="0"/><INIT seed="0,0,0,1,1,3" ten="250,250,250,250" oya="0" hai0="135,92,120,78,91,80,128,26,84,15,106,74,37" hai1="102,98,121,46,123,83,16,109,116,110,18,60,79" hai2="94,122,93,104,127,5,47,81,55,67,48,133,53" hai3="69,77,33,82,112,58,39,54,52,63,111,99,105"/><T59/><D120/><U0/><E0/><V24/><F122/><N who="1" m="46601" /><E60/><V73/><F127/><W130/><G112/><T113/><D113/><U38/><E46/><V134/><F104/><W41/><G33/><T20/><D37/><U49/><E49/><V103/><F67/><W88/><G111/><N who="1" m="42506" /><E38/><V32/><F103/><W90/><G130/><T22/><D128/><U62/><E62/><V132/><F5/><W28/><G28/><T19/><D135/><U72/><E116/><V131/><F131/><W13/><G13/><T43/><D106/><AGARI ba="0,0" hai="16,18,72,79,83,98,102,106" m="42506,46601" machi="106" ten="30,2000,0" yaku="14,1,54,1" doraHai="3" who="1" fromWho="0" sc="250,-20,250,20,250,0,250,0" /><INIT seed="1,0,0,1,0,35" ten="230,270,250,250" oya="1" hai0="67,4,58,114,55,132,3,90,38,119,7,131,124" hai1="104,126,54,123,48,70,112,22,122,72,73,93,80" hai2="6,75,21,19,121,97,84,37,86,133,127,68,103" hai3="9,118,15,18,39,101,1,11,100,89,16,109,135"/><U61/><BYE who="3" /><E104/><UN n3="%E3%81%A1%E3%82%85%E3%81%86%E3%81%A9%E3%81%8F%E8%B1%A1%E3%81%95%E3%82%93" /><V10/><F121/><W26/><G39/><T13/><D114/><U71/><E112/><V60/><F127/><W77/><G109/><T41/><D119/><U98/><E126/><V45/><F133/><W115/><G115/><T63/><D124/><U134/><E134/><V49/><F37/><W78/><G135/><T52/><D132/><U128/><E128/><V91/><F75/><W94/><G118/><T2/><D131/><U28/><E123/><V24/><F91/><W87/><G1/><T92/><D13/><U12/><E122/><V79/><F79/><N who="3" m="30219" /><G9/><T56/><D7/><U130/><E80/><V108/><F108/><W20/><AGARI ba="0,0" hai="11,15,16,18,20,26,87,89,94,100,101" m="30219" machi="20" ten="30,2000,0" yaku="8,1,54,1" doraHai="35" who="3" fromWho="3" sc="230,-5,270,-10,250,-5,250,20" /><INIT seed="2,0,0,0,3,14" ten="225,260,245,270" oya="2" hai0="42,128,124,118,108,119,125,46,57,31,34,111,62" hai1="20,61,97,67,8,83,55,48,36,75,26,43,30" hai2="76,122,87,80,88,68,56,39,81,4,15,52,38" hai3="60,27,53,66,13,96,92,40,41,99,51,102,120"/><V95/><F122/><W117/><G117/><N who="0" m="44555" /><D34/><U69/><E97/><V123/><F123/><W29/><G13/><T121/><D31/><U114/><E114/><V37/><F68/><W22/><G120/><T7/><D7/><U91/><E91/><V5/><F15/><W116/><G99/><T86/><D86/><U59/><E8/><V74/><REACH who="2" step="1"/><F80/><REACH who="2" ten="225,260,235,270" step="2"/><W12/><G12/><T90/><D121/><U112/><E112/><V50/><AGARI ba="0,1" hai="4,5,37,38,39,50,52,56,74,76,81,87,88,95" machi="50" ten="30,12000,1" yaku="1,1,2,1,0,1,54,2,53,0" doraHai="14" doraHaiUra="18" who="2" fromWho="2" sc="225,-40,260,-40,235,130,270,-40" /><INIT seed="2,1,0,3,0,34" ten="185,220,365,230" oya="2" hai0="1,25,102,127,75,39,114,105,54,12,120,80,100" hai1="61,118,41,65,63,13,32,50,109,70,20,66,7" hai2="3,98,83,96,110,134,115,89,79,129,103,72,90" hai3="81,10,45,64,15,11,130,69,53,28,40,76,2"/><V92/><F115/><W126/><G28/><T16/><D114/><U60/><E32/><V27/><F3/><W14/><G126/><T35/><D120/><U19/><E109/><V56/><F110/><W51/><G130/><T8/><D127/><U38/><E118/><V116/><F116/><W43/><G69/><T55/><D39/><U57/><E7/><V86/><F27/><W128/><G64/><T18/><D1/><U58/><E38/><V77/><F56/><N who="1" m="21609" /><E70/><V119/><F119/><W108/><G108/><T6/><D105/><U37/><E37/><V17/><F17/><W85/><G128/><T5/><D75/><U36/><E36/><V91/><F129/><W29/><G29/><T52/><D80/><U97/><E97/><N who="2" m="59815" /><F134/><W82/><G82/><AGARI ba="1,0" hai="72,77,79,82,83,86,89,90,91,96,98" m="59815" machi="82" ten="30,12000,1" yaku="35,5" doraHai="34" who="2" fromWho="3" sc="185,0,220,0,365,123,230,-123" /><INIT seed="2,2,0,5,1,110" ten="185,220,488,107" oya="2" hai0="22,125,31,55,5,83,18,129,135,86,112,96,13" hai1="44,30,51,77,49,118,48,124,69,93,91,106,7" hai2="105,1,76,85,123,54,100,3,41,109,25,57,34" hai3="133,53,95,37,132,42,122,72,52,29,84,127,39"/><V9/><F123/><W115/><G72/><T134/><D125/><U61/><E118/><V94/><F109/><W81/><G122/><T82/><D129/><U36/><E106/><V14/><F41/><W20/><G127/><T74/><D112/><U17/><E124/><V103/><F105/><W16/><G29/><T32/><D5/><U26/><E77/><V46/><F46/><W101/><G101/><T78/><D96/><U35/><E7/><V88/><F76/><W11/><G11/><T24/><REACH who="0" step="1"/><D55/><REACH who="0" ten="175,220,488,107" step="2"/><N who="3" m="21065" /><G42/><T43/><D43/><U71/><E71/><V33/><F1/><W62/><G115/><T130/><D130/><U108/><E69/><V104/><F3/><W111/><G111/><T6/><D6/><U28/><E108/><V59/><F54/><W87/><G62/><T10/><D10/><U45/><E61/><V117/><F9/><W114/><G114/><T56/><D56/><U0/><E0/><V97/><F57/><W2/><G2/><T119/><D119/><U121/><E121/><V75/><F59/><W68/><G68/><T116/><D116/><U126/><E126/><V15/><F117/><W47/><G47/><T79/><AGARI ba="2,1" hai="13,18,22,24,31,32,74,78,79,82,83,86,134,135" machi="79" ten="30,4000,0" yaku="1,1,0,1,53,1" doraHai="110" doraHaiUra="19" who="0" fromWho="0" sc="175,56,220,-12,488,-22,107,-12" /><INIT seed="3,0,0,1,4,24" ten="231,208,466,95" oya="3" hai0="84,23,3,101,111,7,92,106,34,116,135,113,36" hai1="45,127,9,124,123,17,39,13,25,8,121,55,16" hai2="69,73,42,22,120,76,77,10,70,63,107,46,98" hai3="67,28,108,12,2,35,129,133,53,56,103,105,18"/><W38/><G2/><T52/><D116/><U57/><E39/><V132/><F132/><W78/><G38/><T134/><D34/><U44/><E25/><V61/><F120/><W71/><G78/><T31/><D111/><U74/><E74/><V33/><F33/><W104/><G133/><T131/><D131/><U19/><E57/><V51/><F73/><W89/><G89/><T102/><D113/><U4/><E55/><V66/><F22/><W87/><G87/><T80/><D106/><U83/><E83/><V100/><F10/><W117/><G117/><T5/><D36/><U32/><E32/><V114/><F114/><W65/><G129/><T96/><D102/><U72/><E72/><V68/><F68/><W50/><G108/><T43/><D43/><U37/><E37/><V128/><F128/><W118/><G118/><T30/><D135/><U58/><E58/><V27/><F27/><N who="3" m="18847" /><G71/><T41/><D41/><U93/><E93/><V112/><F112/><W79/><G79/><N who="0" m="46111" /><D3/><U26/><E26/><V49/><F49/><W20/><G104/><T64/><D134/><U109/><E109/><V110/><F110/><W47/><G105/><T75/><D75/><U29/><E29/><V119/><F119/><W54/><G103/><T1/><D31/><U15/><REACH who="1" step="1"/><E19/><REACH who="1" ten="231,198,466,95" step="2"/><V90/><F90/><W81/><G81/><T85/><D30/><U99/><E99/><V97/><F97/><W125/><G125/><T6/><D96/><U14/><E14/><V82/><F82/><W59/><G59/><T126/><D126/><U0/><E0/><V40/><F107/><RYUUKYOKU ba="0,1" sc="231,-15,198,15,466,-15,95,15" hai1="4,8,9,13,15,16,17,44,45,121,123,124,127" hai3="12,18,20,47,50,53,54,56,65,67" /><INIT seed="3,1,1,0,5,48" ten="216,213,451,110" oya="3" hai0="7,107,82,127,0,6,96,71,62,61,36,50,95" hai1="106,104,29,128,90,30,32,118,132,117,11,52,4" hai2="58,94,19,67,134,42,87,111,9,123,131,122,108" hai3="105,31,20,49,33,101,2,40,124,120,99,37,1"/><W135/><G20/><T88/><D36/><U12/><E128/><V43/><F131/><W55/><G120/><N who="2" m="46121" /><F134/><W59/><G135/><T129/><D127/><U54/><E132/><V102/><F67/><W56/><G124/><T114/><D114/><U39/><E39/><V3/><F58/><W77/><G77/><T51/><D107/><N who="1" m="41003" /><E90/><N who="2" m="53599" /><F102/><W72/><G72/><T110/><D129/><U113/><E113/><V41/><F19/><W38/><G59/><T92/><D71/><U130/><E130/><V53/><F53/><N who="1" m="20585" /><E32/><V80/><F80/><W98/><G98/><T24/><D82/><U35/><E35/><V16/><F16/><W13/><G13/><T17/><D17/><U14/><E12/><V78/><F78/><W46/><REACH who="3" step="1"/><G37/><REACH who="3" ten="216,213,451,100" step="2"/><T25/><D96/><U89/><E14/><V76/><F76/><W5/><G5/><AGARI ba="1,2" hai="3,5,9,41,42,43,108,111" m="53599,46121" machi="5" ten="40,1300,0" yaku="13,1" doraHai="48" who="2" fromWho="3" sc="216,0,213,0,451,36,100,-16" owari="216,1.6,213,-18.7,487,58.7,84,-41.6" /></mjloggm>