<mjloggm ver="2.3"><GO type="225" lobby="0"/><UN n0="%6B%75%7A%75%6E" n1="%E8%B6%85%E7%B4%9A%E9%B3%B3%E5%87%B0" n2="%E3%83%97%E3%83%AC%E3%83%B4%E3%82%A1%E3%83%86%E3%82%A3" n3="%E5%B0%8F%37%34" dan="17,16,16,16" rate="2177.27,2149.72,2129.72,2161.73" sx="M,M,F,M"/><TAIKYOKU oya="0"/><INIT seed="0,0,0,4,5,59" ten="250,250,250,250" oya="0" hai0="117,77,9,112,49,78,34,85,86,83,1,129,50" hai1="135,30,21,134,4,12,96,122,18,65,22,31,132" hai2="120,119,79,75,107,26,124,38,100,41,23,24,8" hai3="0,66,118,13,14,35,37,17,53,91,11,16,94"/><T104/><D112/><U57/><E122/><V28/><F120/><W19/><G118/><T93/><D117/><U74/><E74/><V97/><F119/><W81/><G37/><T121/><D104/><U82/><E82/><V67/><F124/><W51/><G35/><T39/><D39/><U6/><E96/><V113/><F113/><W116/><G116/><T40/><D34/><U80/><E80/><V62/><F75/><W58/><G81/><T2/><D129/><U71/><E71/><V109/><F79/><W131/><G131/><T5/><D121/><U76/><E76/><V69/><F109/><W105/><G105/><T102/><D2/><U27/><REACH who="1" step="1"/><E31/><REACH who="1" ten="250,240,250,250" step="2"/><V90/><F90/><W103/><G103/><T110/><D78/><U84/><E84/><V87/><F87/><W108/><G108/><T54/><D110/><U99/><E99/><V126/><F126/><W123/><G123/><T68/><D68/><U7/><E7/><V33/><F8/><W98/><G11/><T101/><D85/><U125/><E125/><V73/><F73/><W128/><G128/><T52/><D93/><U92/><E92/><V55/><F38/><W70/><REACH who="3" step="1"/><G0/><REACH who="3" ten="250,240,250,240" step="2"/><T42/><D102/><U44/><E44/><V64/><F107/><W15/><G15/><N who="0" m="5551" /><D101/><U72/><E72/><V48/><F100/><W115/><G115/><T43/><D1/><U10/><E10/><V95/><F95/><W106/><G106/><T89/><D77/><U25/><E25/><V47/><F26/><W111/><G111/><T133/><D133/><U61/><AGARI ba="0,2" hai="4,6,12,18,21,22,27,30,57,61,65,132,134,135" machi="61" ten="40,8000,1" yaku="1,1,0,1,20,1,52,1,53,0" doraHai="59" doraHaiUra="32" who="1" fromWho="1" sc="250,-40,240,100,250,-20,240,-20" /><INIT seed="1,0,0,4,1,40" ten="210,340,230,220" oya="1" hai0="46,72,63,105,69,3,84,55,109,87,64,120,1" hai1="30,33,131,73,76,22,45,43,32,47,6,93,52" hai2="107,125,35,119,96,14,115,49,123,81,24,122,86" hai3="10,17,85,27,124,88,118,61,130,37,29,102,7"/><U25/><E131/><V104/><F119/><W66/><G37/><T67/><D109/><U126/><E126/><V54/><F125/><W71/><G124/><T2/><D105/><U112/><E112/><V97/><F115/><W128/><G118/><T65/><D72/><U74/><E6/><V121/><F14/><W13/><G102/><T77/><D120/><U70/><E70/><V5/><F5/><W59/><G71/><T132/><D132/><U23/><E93/><V8/><F8/><W44/><G7/><T16/><D77/><U50/><E23/><V80/><F35/><W92/><REACH who="3" step="1"/><G44/><REACH who="3" ten="210,340,230,210" step="2"/><T82/><D69/><U51/><REACH who="1" step="1"/><E74/><REACH who="1" ten="210,330,230,210" step="2"/><V90/><F122/><W129/><G129/><T4/><D4/><U133/><E133/><V28/><F123/><W58/><G58/><T48/><D2/><U15/><E15/><V110/><F121/><W95/><G95/><T108/><D1/><U117/><E117/><V9/><F107/><W42/><G42/><T38/><D3/><U94/><E94/><V101/><F104/><W41/><G41/><T83/><D108/><U79/><E79/><V20/><F110/><W91/><G91/><T134/><D134/><U89/><E89/><V60/><F101/><W116/><G116/><T98/><D83/><AGARI ba="0,2" hai="22,25,30,32,33,43,45,47,50,51,52,73,76,83" machi="83" ten="40,12000,1" yaku="1,1,52,2,54,1,53,0" doraHai="40" doraHaiUra="62" who="1" fromWho="0" sc="210,-120,330,140,230,0,210,0" /><INIT seed="1,1,0,0,2,6" ten="90,470,230,210" oya="1" hai0="87,78,83,111,97,80,50,69,122,92,61,135,82" hai1="94,59,22,119,133,5,42,95,7,52,38,19,34" hai2="99,45,58,128,31,115,100,60,17,47,76,86,1" hai3="116,55,108,85,13,43,130,121,114,109,112,3,41"/><U44/><E119/><V32/><F115/><N who="3" m="44075" /><G3/><T129/><D111/><N who="3" m="42569" /><G85/><T29/><D135/><U123/><E123/><V67/><F128/><W2/><G2/><T107/><D129/><U33/><E133/><V110/><F110/><W117/><G13/><T49/><D122/><U70/><E70/><V48/><F1/><W62/><G130/><T74/><D29/><U103/><E33/><V79/><F32/><W21/><G21/><T66/><D83/><U25/><E34/><V93/><F31/><W125/><G125/><T73/><D73/><U63/><REACH who="1" step="1"/><E95/><REACH who="1" ten="90,460,230,210" step="2"/><V53/><F86/><W28/><G121/><T106/><D106/><U0/><E0/><V71/><F71/><W126/><G126/><T75/><D107/><U56/><E56/><V4/><F4/><W15/><G116/><T91/><REACH who="0" step="1"/><D75/><REACH who="0" ten="80,460,230,210" step="2"/><U12/><E12/><V57/><F17/><W26/><G15/><T64/><D64/><U124/><E124/><V65/><F67/><W9/><G117/><T51/><D51/><U10/><E10/><V27/><F27/><W36/><G9/><T81/><D81/><U101/><E101/><AGARI ba="1,2" hai="49,50,61,66,69,74,78,80,82,87,91,92,97,101" machi="101" ten="30,7700,0" yaku="1,1,7,1,53,2" doraHai="6" doraHaiUra="46" who="0" fromWho="1" sc="80,100,460,-80,230,0,210,0" /><INIT seed="2,0,0,3,0,97" ten="180,380,230,210" oya="2" hai0="40,8,13,117,9,34,53,64,5,7,3,46,104" hai1="67,132,27,79,51,125,61,50,60,20,99,23,63" hai2="135,102,58,11,0,38,57,2,114,22,12,33,66" hai3="45,73,70,100,92,110,43,122,71,32,87,88,133"/><V113/><F38/><W1/><G122/><T96/><D117/><U48/><E125/><V116/><F116/><W19/><G73/><T62/><D34/><U120/><E120/><V123/><F123/><W59/><G110/><T77/><D53/><U93/><E132/><V98/><F135/><W94/><G133/><T26/><D26/><U89/><E79/><V101/><F33/><W65/><G1/><T24/><D24/><U106/><E106/><V68/><F22/><W83/><G32/><T119/><D119/><U126/><E126/><V108/><F108/><W91/><G19/><T85/><D62/><U112/><E112/><V41/><F41/><W17/><G17/><T39/><D64/><U109/><E109/><V115/><F68/><W52/><G70/><T30/><D30/><U47/><E47/><V84/><F84/><W124/><G71/><T37/><D37/><U18/><REACH who="1" step="1"/><E23/><REACH who="1" ten="180,370,230,210" step="2"/><V107/><F107/><W75/><G124/><T54/><D77/><U86/><E86/><V134/><F134/><W95/><G75/><T49/><D85/><U82/><E82/><V14/><F98/><W105/><G105/><T29/><D96/><U31/><E31/><V16/><F66/><AGARI ba="0,1" hai="18,20,27,48,50,51,60,61,63,66,67,89,93,99" machi="66" ten="40,2600,0" yaku="1,1,8,1,53,0" doraHai="97" doraHaiUra="55" who="1" fromWho="2" sc="180,0,370,36,230,-26,210,0" /><INIT seed="3,0,0,0,0,115" ten="180,406,204,210" oya="3" hai0="85,116,123,132,33,22,134,117,62,74,64,122,58" hai1="90,73,54,16,121,129,2,89,103,7,120,37,135" hai2="71,93,111,128,101,68,125,5,99,91,88,18,72" hai3="61,105,19,21,34,24,60,41,35,55,83,38,133"/><W69/><G105/><T43/><D33/><U65/><E37/><V126/><F72/><W26/><G133/><N who="0" m="51307" /><D74/><U47/><E135/><V50/><F5/><W53/><G69/><N who="2" m="26697" /><F18/><W95/><G83/><T14/><D85/><U23/><E129/><V118/><F118/><N who="0" m="45674" /><D43/><U27/><E73/><V108/><F50/><W80/><G41/><T9/><D22/><U109/><E109/><N who="2" m="42059" /><F128/><W4/><G38/><T75/><D75/><U6/><E65/><V11/><F11/><W30/><G34/><T51/><D51/><U92/><E103/><V94/><F101/><W104/><G104/><T77/><D77/><U52/><E120/><V10/><F10/><W102/><G4/><AGARI ba="0,0" hai="4,9,14,58,62,64,122,123" m="45674,51307" machi="4" ten="30,7700,0" yaku="20,1,52,3" doraHai="115" who="0" fromWho="3" sc="180,77,406,0,204,0,210,-77" owari="257,5.7,406,50.6,204,-19.6,133,-36.7" /></mjloggm>