<mjloggm ver="2.3"><GO type="225" lobby="0"/><UN n0="%73%6C%69%63%6B%33%31%39" n1="%41%54%53%4D" n2="%E3%81%9F%E3%81%93%E2%98%86%E7%84%BC%E3%81%8D" n3="%E7%BD%AA%E5%88%91%E6%B3%95%E5%AE%9A%E4%B8%BB%E7%BE%A9" dan="17,16,16,16" rate="2204.90,2097.96,2060.60,2158.76" sx="M,M,M,M"/><TAIKYOKU oya="0"/><INIT seed="0,0,0,1,3,107" ten="250,250,250,250" oya="0" hai0="26,14,74,113,59,10,16,68,46,122,73,88,132" hai1="64,33,20,23,8,28,5,80,90,135,36,118,31" hai2="19,72,6,77,123,12,11,121,127,38,126,87,53" hai3="4,131,43,128,1,35,41,96,27,114,75,34,0"/><T61/><D113/><U65/><E36/><V109/><F38/><W24/><G114/><T7/><D122/><U85/><E118/><V102/><F102/><W58/><G58/><T3/><D68/><U45/><E135/><V93/><F53/><W97/><REACH who="3" step="1"/><G4/><REACH who="3" ten="250,250,250,240" step="2"/><T52/><D132/><U110/><E110/><V40/><F6/><W48/><G48/><T78/><D78/><U66/><E45/><V116/><F77/><W84/><G84/><T55/><D26/><U112/><E112/><V9/><F87/><W32/><G32/><T67/><D88/><U106/><E33/><V47/><F47/><W39/><G39/><T15/><D3/><U30/><REACH who="1" step="1"/><E106/><REACH who="1" ten="250,240,250,240" step="2"/><V111/><F109/><W2/><G2/><AGARI ba="0,2" hai="2,5,8,20,23,28,30,31,64,65,66,80,85,90" machi="2" ten="40,2600,0" yaku="1,1,2,1,53,0" doraHai="107" doraHaiUra="69" who="1" fromWho="3" sc="250,0,240,46,250,0,240,-26" /><INIT seed="1,0,0,2,1,0" ten="250,286,250,214" oya="1" hai0="52,82,37,90,96,64,71,94,17,38,78,80,26" hai1="120,112,47,42,130,46,31,50,10,61,28,98,49" hai2="89,19,84,67,43,124,102,48,60,87,109,34,53" hai3="24,8,13,121,59,91,25,110,63,76,62,97,23"/><U72/><E112/><V122/><F34/><W132/><G121/><T103/><D71/><U57/><E120/><V1/><F109/><W18/><G110/><T27/><D64/><U88/><E72/><V113/><F124/><W81/><G132/><T108/><D108/><U114/><E114/><V134/><F134/><W74/><G59/><T107/><D82/><U77/><E77/><V20/><F102/><W73/><G73/><T40/><D40/><U54/><E130/><V12/><F43/><W115/><G115/><T35/><D27/><U14/><E88/><V4/><F113/><W36/><G36/><T58/><D35/><U133/><E98/><V128/><F128/><W104/><G25/><T15/><D26/><U106/><E106/><V56/><F89/><W86/><G97/><T105/><D105/><U44/><E133/><V93/><F93/><W125/><G104/><T118/><D118/><U51/><REACH who="1" step="1"/><E42/><REACH who="1" ten="250,276,250,214" step="2"/><V79/><F79/><W3/><G125/><T41/><D41/><U65/><E65/><V6/><F122/><W7/><REACH who="3" step="1"/><G24/><REACH who="3" ten="250,276,250,204" step="2"/><T75/><D107/><U111/><E111/><V16/><F87/><W117/><G117/><T39/><D103/><U33/><E33/><V69/><F84/><W123/><G123/><T2/><D96/><U9/><E9/><V68/><F68/><W99/><G99/><T29/><D75/><U45/><N who="1" m="11264" /><DORA hai="119" /><U92/><E92/><AGARI ba="0,2" hai="3,7,8,13,18,23,62,63,74,76,81,86,91,92" machi="92" ten="30,7700,0" yaku="1,1,7,1,52,1,53,1" doraHai="0,119" doraHaiUra="129,11" who="3" fromWho="1" sc="250,0,276,-77,250,0,204,97" /><INIT seed="2,0,0,5,1,31" ten="250,199,250,301" oya="2" hai0="95,57,17,24,90,32,78,27,101,103,117,26,98" hai1="122,102,104,5,19,99,22,11,46,36,61,6,106" hai2="39,33,120,44,67,134,71,41,105,37,53,116,69" hai3="34,93,29,55,87,9,80,83,4,48,21,96,51"/><V119/><F105/><W62/><G34/><T118/><D32/><U3/><E122/><V59/><F33/><W123/><G123/><T47/><D78/><U121/><E121/><V75/><F75/><W110/><G110/><T38/><D17/><U56/><E6/><V35/><F35/><W135/><G135/><T84/><D57/><U63/><E104/><V73/><F73/><W12/><G62/><T66/><D66/><U85/><E85/><V127/><F120/><W14/><G87/><T125/><D125/><U16/><E56/><V1/><F1/><W107/><G107/><T97/><D98/><U10/><E10/><V132/><F37/><W129/><G129/><T91/><D47/><U124/><E124/><V109/><F109/><W72/><G72/><T126/><D38/><U79/><E79/><V54/><F127/><W131/><G131/><T15/><D15/><U128/><E128/><V2/><F2/><W76/><G76/><T7/><D7/><U133/><E133/><N who="2" m="51307" /><F54/><W30/><G30/><T43/><D43/><U25/><REACH who="1" step="1"/><E19/><REACH who="1" ten="250,189,250,301" step="2"/><V81/><F71/><W28/><G28/><T115/><D126/><U45/><E45/><V64/><F69/><W58/><G29/><T112/><D115/><U86/><E86/><V114/><F114/><W8/><G8/><T94/><D112/><U74/><E74/><V111/><F111/><W108/><G108/><T68/><D68/><U130/><E130/><V88/><F119/><AGARI ba="0,1" hai="24,26,27,84,90,91,94,95,97,101,103,117,118,119" machi="119" ten="40,1300,0" yaku="12,1" doraHai="31" who="0" fromWho="2" sc="250,23,189,0,250,-13,301,0" /><INIT seed="3,0,0,2,2,30" ten="273,189,237,301" oya="3" hai0="37,74,35,1,2,106,99,78,79,8,76,103,95" hai1="21,65,92,69,19,25,12,102,55,131,54,51,116" hai2="3,63,59,128,6,105,16,13,91,108,126,15,121" hai3="34,87,113,0,58,98,72,112,77,132,135,125,31"/><W73/><G0/><T84/><D37/><U71/><E131/><V49/><F105/><W133/><G125/><T57/><D35/><U86/><E116/><V4/><F108/><W120/><G120/><T42/><D42/><U127/><E127/><V109/><F109/><W75/><G98/><T67/><D67/><U129/><E129/><V130/><F3/><W81/><G58/><T52/><D74/><U50/><E65/><V60/><F59/><W40/><G40/><T33/><D33/><U85/><E71/><V88/><F49/><W53/><G53/><T22/><D22/><U48/><E69/><V70/><F126/><W115/><G34/><T110/><D110/><U26/><E102/><V68/><F16/><W117/><G31/><T43/><D43/><U41/><E41/><V44/><F44/><W28/><G28/><T64/><D64/><U9/><E26/><V80/><F80/><W17/><G17/><T45/><D45/><U20/><E20/><V32/><F32/><W90/><G117/><T83/><D106/><U66/><E66/><V114/><F114/><W36/><G36/><T89/><REACH who="0" step="1"/><D8/><REACH who="0" ten="263,189,237,301" step="2"/><U62/><E62/><AGARI ba="0,1" hai="1,2,52,57,62,76,78,79,83,84,89,95,99,103" machi="62" ten="40,5200,0" yaku="1,1,2,1,54,1,53,0" doraHai="30" doraHaiUra="10" who="0" fromWho="1" sc="263,62,189,-52,237,0,301,0" owari="325,42.5,137,-36.3,237,-16.3,301,10.1" /></mjloggm>