<mjloggm ver="2.3"><GO type="225" lobby="0"/><UN n0="%E6%80%AA%E3%81%97%E3%81%99%E3%81%8E%E3%82%8B%E3%83%81%E3%83%BC" n1="%E8%BE%9B%E5%8F%A3%E3%82%AB%E3%83%AC%E3%83%BC%E3%83%A9%E3%82%A4%E3%82%B9" n2="%E3%82%AF%E3%82%A3%E3%82%A6" n3="%4D%50%43%32%38%30%30" dan="16,16,16,16" rate="2108.12,2146.71,2105.71,2134.83" sx="M,M,M,M"/><TAIKYOKU oya="0"/><INIT seed="0,0,0,4,5,18" ten="250,250,250,250" oya="0" hai0="63,131,41,28,37,78,101,58,67,15,88,19,123" hai1="116,77,107,129,71,59,8,17,2,81,44,135,104" hai2="108,87,11,114,127,57,3,5,36,30,83,120,38" hai3="29,79,91,52,56,51,128,26,39,72,97,99,61"/><T31/><D123/><U49/><E116/><V76/><F114/><W53/><G39/><T46/><D131/><U48/><E71/><V117/><F117/><W111/><G128/><T12/><D101/><U60/><E129/><V7/><F108/><W86/><G111/><T64/><D78/><U69/><E69/><V75/><F120/><W113/><G113/><T74/><D74/><U20/><E135/><V132/><F127/><W119/><G119/><T34/><D67/><U25/><E8/><V105/><F132/><W42/><G42/><T118/><D118/><U35/><E35/><V16/><F105/><W94/><G79/><T70/><D34/><U4/><E4/><V68/><F68/><W21/><G72/><T23/><D70/><U92/><E92/><V89/><F7/><W85/><G99/><T126/><D126/><U33/><E2/><V121/><F30/><W6/><G6/><T27/><REACH who="0" step="1"/><D88/><REACH who="0" ten="240,250,250,250" step="2"/><U45/><E33/><V106/><F106/><W9/><REACH who="3" step="1"/><G9/><REACH who="3" ten="240,250,250,240" step="2"/><T96/><D96/><U103/><E104/><V24/><F121/><W65/><G65/><T54/><D54/><U73/><E107/><V22/><REACH who="2" step="1"/><F57/><AGARI ba="0,2" hai="21,26,29,51,52,53,56,57,61,85,86,91,94,97" machi="57" ten="30,8000,1" yaku="1,1,7,1,8,1,52,1,54,1,53,0" doraHai="18" doraHaiUra="98" who="3" fromWho="2" sc="240,0,250,0,250,-80,240,100" /><INIT seed="1,0,0,3,0,57" ten="240,250,170,340" oya="1" hai0="53,62,82,135,56,55,32,93,26,19,52,48,39" hai1="40,103,83,134,75,37,29,131,122,86,104,120,34" hai2="49,123,132,54,17,21,12,108,90,15,11,47,5" hai3="69,126,85,101,60,81,16,98,28,111,70,31,100"/><U13/><E34/><V51/><F123/><W73/><G73/><T124/><D39/><U58/><E29/><V77/><F108/><W96/><G111/><T27/><D124/><U115/><E115/><V7/><F132/><W102/><G126/><T92/><D135/><U64/><E134/><V114/><F114/><W42/><G42/><T1/><D1/><U35/><E35/><V63/><F77/><W119/><G119/><T20/><D82/><U95/><E104/><V44/><F63/><W94/><G70/><T9/><D9/><U116/><E116/><V59/><F90/><W25/><G69/><T3/><D3/><U128/><E13/><V118/><F118/><W41/><G41/><T50/><D32/><U129/><E40/><V113/><F113/><W14/><G60/><T109/><D27/><U79/><E37/><V87/><F87/><W18/><G25/><T105/><D105/><U0/><E0/><V8/><REACH who="2" step="1"/><F49/><REACH who="2" ten="240,250,160,340" step="2"/><N who="0" m="19050" /><D109/><U106/><E75/><V76/><F76/><W71/><G85/><T38/><D38/><U66/><E122/><V46/><F46/><W110/><G110/><T125/><D125/><U112/><E120/><V43/><F43/><W23/><G102/><T6/><D6/><U89/><E112/><V24/><AGARI ba="0,1" hai="5,7,8,11,12,15,17,21,24,44,47,51,54,59" machi="24" ten="20,12000,2" yaku="1,1,0,1,7,1,9,1,8,1,53,2" doraHai="57" doraHaiUra="4" who="2" fromWho="2" sc="240,-30,250,-60,160,130,340,-30" /><INIT seed="2,0,0,3,1,55" ten="210,190,290,310" oya="2" hai0="132,31,80,6,32,135,63,27,51,35,131,20,25" hai1="82,84,83,114,24,102,57,129,12,133,8,85,0" hai2="88,119,37,52,10,29,61,78,17,92,117,54,15" hai3="106,56,121,111,76,97,46,116,75,67,126,64,50"/><V30/><F37/><W18/><G116/><T49/><D131/><U62/><E114/><V59/><F117/><W72/><G121/><T123/><D123/><U2/><E129/><V66/><F119/><W1/><G1/><T33/><D6/><U26/><E133/><N who="0" m="51273" /><D63/><U47/><E102/><V124/><F78/><W107/><G111/><T108/><D108/><U89/><E47/><V45/><F124/><W104/><G126/><T5/><D5/><N who="1" m="3087" /><E2/><V90/><F90/><W122/><G122/><T42/><D42/><U113/><E0/><V120/><F120/><W79/><G75/><T4/><D4/><U21/><E21/><V39/><F39/><W98/><G72/><T134/><N who="0" m="51281" /><T73/><DORA hai="130" /><D27/><U53/><E113/><V11/><F11/><W128/><G128/><T93/><D93/><U68/><E68/><V109/><F109/><W86/><G107/><T58/><D58/><U87/><E87/><N who="2" m="52255" /><F45/><W110/><G46/><T115/><D115/><U13/><E13/><V41/><F41/><W9/><G106/><T14/><D14/><U43/><E43/><V71/><F71/><W65/><G104/><T96/><D96/><U16/><E16/><V103/><F29/><W95/><G98/><T118/><D118/><U74/><E74/><V36/><F30/><W125/><G97/><T3/><D3/><U112/><E112/><V70/><F36/><W94/><G110/><T99/><D99/><U91/><AGARI ba="0,0" hai="24,26,53,57,62,82,83,84,85,89,91" m="3087" machi="91" ten="30,2000,0" yaku="8,1,52,1" doraHai="55,130" who="1" fromWho="1" sc="210,-5,190,20,290,-10,310,-5" /><INIT seed="3,0,0,5,2,69" ten="205,210,280,305" oya="3" hai0="80,126,7,48,21,46,31,64,23,112,29,85,111" hai1="63,59,79,99,131,67,38,12,116,134,110,18,95" hai2="53,65,133,104,106,87,32,49,108,72,101,113,125" hai3="132,0,75,81,88,15,73,128,22,135,39,28,107"/><W90/><G39/><T10/><D111/><U94/><E110/><V9/><F113/><W76/><G0/><T102/><D126/><U52/><E38/><V35/><F108/><W122/><G122/><T93/><D112/><U103/><E134/><N who="3" m="51242" /><G107/><T62/><D29/><U56/><E131/><V120/><F120/><W37/><G37/><T6/><D31/><U74/><E116/><V51/><F72/><W71/><G71/><T4/><D10/><N who="1" m="6423" /><E74/><V77/><F125/><W8/><G75/><T84/><D62/><N who="1" m="36103" /><E94/><V89/><F133/><W129/><G128/><T25/><D64/><U3/><E3/><V117/><F65/><W24/><G129/><T66/><D66/><U123/><E123/><V5/><F117/><W55/><G55/><N who="0" m="30103" /><D25/><U40/><E40/><V124/><F124/><W44/><G44/><T92/><D92/><U14/><E14/><V82/><F106/><W98/><G98/><N who="0" m="59727" /><D85/><U50/><E50/><V20/><F51/><W115/><G115/><T86/><D84/><U13/><E13/><V78/><F87/><W33/><G33/><T60/><D60/><U118/><E118/><V2/><F35/><W30/><G30/><T70/><D70/><U121/><E121/><V41/><F32/><W100/><G100/><T42/><D42/><U16/><E79/><AGARI ba="0,0" hai="4,6,7,21,23,79,80,86" m="59727,30103" machi="79" ten="30,1000,0" yaku="8,1" doraHai="69" who="0" fromWho="1" sc="205,10,210,-10,280,0,305,0" owari="215,-18.5,200,-30.0,280,8.0,305,40.5" /></mjloggm>