<mjloggm ver="2.3"><GO type="225" lobby="0"/><UN n0="%E6%A1%9C%E8%8A%B1%E9%96%83%E3%80%85" n1="%E3%81%95%E3%81%8D%E3%81%9F%E3%81%BE%E6%9E%97%E6%AA%8E" n2="%E3%81%99%E3%81%84%E3%81%BE%E3%81%9B%E3%83%BC%E3%82%93" n3="%E3%81%BF%E3%81%BF%E3%81%9A" dan="16,16,18,18" rate="2227.38,2066.47,2249.66,2255.16" sx="M,M,M,M"/><TAIKYOKU oya="0"/><INIT seed="0,0,0,3,0,98" ten="250,250,250,250" oya="0" hai0="91,74,58,59,81,116,29,20,99,132,130,101,120" hai1="55,69,84,28,0,42,14,1,4,37,100,33,46" hai2="44,62,49,79,110,38,129,108,31,94,19,60,106" hai3="41,118,95,80,102,48,117,113,68,126,88,124,10"/><T85/><D116/><U65/><E55/><V18/><F129/><W107/><G68/><T9/><D120/><U35/><E14/><V111/><F106/><W53/><G113/><T11/><D132/><U21/><E21/><V45/><F31/><W39/><G41/><T6/><D74/><U64/><E64/><V7/><F7/><W15/><G39/><T54/><D130/><U71/><E84/><V26/><F79/><W56/><G107/><T34/><D34/><U27/><E35/><V8/><F38/><W115/><G102/><T5/><D29/><U25/><E25/><V73/><F73/><W103/><G103/><T127/><D127/><N who="3" m="48681" /><G80/><T32/><D20/><U105/><E4/><N who="0" m="1641" /><D32/><U125/><E125/><V87/><F26/><W93/><G115/><T24/><D24/><U90/><E90/><N who="2" m="53599" /><F45/><W121/><G121/><T43/><D43/><U23/><E23/><V66/><F8/><N who="0" m="3146" /><D54/><U76/><E76/><V2/><F2/><N who="1" m="1129" /><E65/><V40/><F66/><W3/><G3/><T30/><D30/><U96/><AGARI ba="0,0" hai="27,28,33,37,42,46,69,71,96,100,105" m="1129" machi="96" ten="30,4000,0" yaku="33,2,52,1" doraHai="98" who="1" fromWho="1" sc="250,-20,250,40,250,-10,250,-10" /><INIT seed="1,0,0,4,0,74" ten="230,290,240,240" oya="1" hai0="129,67,103,71,54,99,28,11,50,45,70,135,126" hai1="80,123,98,113,131,3,116,96,84,32,101,130,68" hai2="13,121,109,107,10,40,64,89,29,62,38,105,91" hai3="63,75,19,39,53,31,46,106,22,100,43,15,128"/><U4/><E68/><V66/><F121/><W6/><G128/><N who="1" m="49194" /><E32/><V48/><F109/><W47/><G75/><T30/><D129/><U8/><E113/><V134/><F38/><W82/><G31/><T23/><D126/><U85/><E123/><V69/><F134/><W125/><G125/><T55/><D135/><U76/><E116/><V35/><F66/><W124/><G124/><T112/><D112/><U57/><E57/><V111/><F111/><W27/><G106/><T17/><D11/><U108/><E108/><V5/><F107/><W44/><G100/><T20/><D55/><U33/><E33/><V79/><F105/><W92/><G92/><T60/><D71/><U87/><E98/><V102/><F102/><W51/><G63/><T18/><D99/><U97/><E96/><V37/><F37/><W72/><G47/><T114/><D103/><U133/><E133/><V34/><F34/><W95/><G95/><AGARI ba="0,0" hai="3,4,8,76,80,84,85,87,95,97,101" m="49194" machi="95" ten="30,2900,0" yaku="19,1,52,1" doraHai="74" who="1" fromWho="3" sc="230,0,290,29,240,0,240,-29" /><INIT seed="1,1,0,3,1,82" ten="230,319,240,211" oya="1" hai0="19,38,37,133,132,124,123,4,100,86,107,26,57" hai1="52,5,45,14,62,122,50,90,106,79,103,84,99" hai2="68,33,85,63,15,75,3,0,74,94,80,95,112" hai3="2,16,47,11,39,7,120,51,41,8,109,78,6"/><U118/><E118/><V55/><F33/><W31/><G120/><T28/><D4/><U111/><E122/><V60/><F112/><W27/><G109/><T30/><D123/><U35/><E111/><V134/><F134/><N who="0" m="51818" /><D124/><U59/><E79/><V9/><F68/><W56/><G78/><T93/><D107/><U65/><E35/><V10/><F80/><W46/><G56/><T43/><D57/><U121/><E121/><V13/><REACH who="2" step="1"/><F55/><REACH who="2" ten="230,319,230,211" step="2"/><W29/><G27/><T88/><D43/><U21/><E21/><V117/><F117/><W23/><G23/><N who="0" m="13695" /><D100/><U61/><E103/><V40/><F40/><W105/><G105/><T81/><D81/><U53/><E106/><V89/><F89/><W67/><G67/><T73/><D73/><U32/><E90/><V92/><F92/><W20/><G20/><T54/><D54/><U70/><E52/><V17/><F17/><W69/><G16/><T87/><D87/><AGARI ba="1,1" hai="0,3,9,10,13,15,60,63,74,75,85,87,94,95" machi="87" ten="25,8000,1" yaku="1,1,22,2,52,2,53,0" doraHai="82" doraHaiUra="25" who="2" fromWho="0" sc="230,-83,319,0,230,93,211,0" /><INIT seed="2,0,0,1,1,35" ten="147,319,323,211" oya="2" hai0="8,66,42,131,77,9,12,23,121,122,11,57,112" hai1="78,60,76,107,120,34,134,29,51,115,67,62,52" hai2="101,1,40,135,104,117,128,92,80,41,98,109,75" hai3="129,110,31,36,116,58,125,18,111,103,106,47,48"/><V26/><F117/><W14/><G116/><T130/><D42/><U15/><E115/><V82/><F128/><N who="0" m="49194" /><D77/><U16/><E107/><V54/><F135/><W87/><G129/><T84/><D84/><U81/><E134/><V74/><F1/><W38/><G125/><T89/><D89/><U73/><E78/><V108/><F26/><W71/><G71/><T94/><D94/><U46/><E120/><N who="0" m="46185" /><D57/><U99/><E99/><V90/><F54/><W44/><G106/><T123/><N who="0" m="46193" /><T32/><DORA hai="113" /><D66/><U17/><E17/><V45/><F40/><W53/><G103/><T56/><D56/><U49/><E49/><V105/><F105/><W25/><G87/><T2/><D32/><U100/><E100/><V6/><F45/><W22/><G44/><T61/><D61/><U72/><E62/><V69/><F41/><W19/><G58/><T133/><D133/><U70/><E73/><V27/><F75/><W10/><REACH who="3" step="1"/><G31/><REACH who="3" ten="147,319,323,201" step="2"/><T43/><D112/><U59/><E70/><V7/><F69/><W97/><G97/><T30/><D43/><U21/><E29/><V83/><F74/><W55/><G55/><T65/><D65/><U0/><E52/><V64/><F64/><W37/><AGARI ba="0,1" hai="10,14,18,19,22,25,36,37,38,47,48,53,110,111" machi="37" ten="40,5200,0" yaku="1,1,0,1,53,1" doraHai="35,113" doraHaiUra="20,33" who="3" fromWho="3" sc="147,-13,319,-13,323,-26,201,62" /><INIT seed="3,0,0,1,5,82" ten="134,306,297,263" oya="3" hai0="97,65,93,44,89,3,131,112,68,51,81,20,130" hai1="38,120,122,1,74,115,17,109,56,64,55,69,134" hai2="113,13,48,91,71,29,40,61,28,27,128,19,47" hai3="52,36,14,76,129,102,43,86,34,121,106,10,84"/><W117/><G117/><T5/><D112/><U57/><E115/><V118/><F113/><W9/><G34/><T70/><D20/><U66/><E1/><V114/><F118/><W8/><G121/><T77/><D5/><U96/><E74/><V2/><F2/><W15/><G36/><T85/><D3/><U41/><E96/><V123/><F114/><W78/><G43/><T22/><D22/><U59/><E17/><V39/><F123/><N who="1" m="47145" /><E109/><V124/><F124/><W127/><G127/><T73/><D65/><N who="1" m="25195" /><E134/><V116/><F116/><W72/><G72/><T111/><D111/><U35/><E35/><V62/><F71/><W100/><G129/><T119/><D119/><U58/><E69/><V42/><F128/><W105/><G8/><T133/><D133/><U24/><E24/><V110/><F110/><W50/><G52/><T45/><D131/><U7/><E7/><V107/><F107/><W88/><G88/><T46/><D130/><U16/><E16/><V90/><F42/><W49/><AGARI ba="0,0" hai="9,10,14,15,49,50,76,78,84,86,100,102,105,106" machi="49" ten="25,12000,1" yaku="0,1,22,2,52,2" doraHai="82" who="3" fromWho="3" sc="134,-40,306,-40,297,-40,263,120" owari="94,-40.6,266,6.6,257,-14.3,383,48.3" /></mjloggm>