<mjloggm ver="2.3"><GO type="225" lobby="0"/><UN n0="%E4%B8%89%E5%88%86%E5%B0%8F%E5%83%A7" n1="%6D%75%75%73%61%6E%6D%75" n2="%E3%81%99%E3%81%84%E3%81%BE%E3%81%9B%E3%83%BC%E3%82%93" n3="%E6%98%93%E5%88%A9%E8%96%A9%E4%BC%AF" dan="16,17,18,16" rate="2102.13,2164.41,2206.16,2109.65" sx="M,F,M,F"/><TAIKYOKU oya="0"/><INIT seed="0,0,0,5,2,7" ten="250,250,250,250" oya="0" hai0="108,28,127,5,95,90,83,75,105,70,131,29,39" hai1="74,120,79,102,59,100,116,89,98,109,133,51,117" hai2="58,41,81,72,130,115,47,101,57,119,69,48,104" hai3="42,27,103,121,30,33,60,2,66,135,14,96,13"/><T18/><D70/><U52/><E120/><V19/><F115/><W53/><G135/><T44/><D127/><U132/><E109/><V123/><F123/><W68/><G121/><T24/><D131/><U4/><E74/><V64/><F130/><W26/><G42/><T84/><D105/><U118/><E79/><V40/><F40/><W23/><G53/><T125/><D125/><U88/><E4/><V71/><F119/><W67/><G67/><T35/><D108/><U113/><E113/><V8/><F101/><W134/><G2/><T76/><D5/><U91/><REACH who="1" step="1"/><E102/><REACH who="1" ten="250,240,250,250" step="2"/><V21/><F72/><W61/><G134/><T93/><D75/><U126/><E126/><V46/><F71/><W99/><G99/><T54/><D76/><U1/><E1/><V128/><F69/><W43/><G43/><T45/><D39/><U97/><E97/><V122/><F128/><W82/><G96/><T9/><D84/><U87/><E87/><V92/><F41/><W16/><G103/><T25/><D90/><U55/><E55/><V65/><F122/><W114/><G114/><T32/><D54/><U106/><AGARI ba="0,1" hai="51,52,59,88,89,91,98,100,106,116,117,118,132,133" machi="106" ten="40,8000,1" yaku="1,1,0,1,54,2,53,0" doraHai="7" doraHaiUra="36" who="1" fromWho="1" sc="250,-40,240,90,250,-20,250,-20" /><INIT seed="1,0,0,1,2,24" ten="210,330,230,230" oya="1" hai0="112,51,99,14,10,62,85,113,59,123,43,119,91" hai1="12,53,65,116,58,130,70,131,83,77,44,3,102" hai2="72,80,23,121,63,106,13,108,4,38,61,35,47" hai3="120,56,0,114,48,81,54,87,17,79,20,128,64"/><U18/><E116/><V68/><F121/><W125/><G114/><T19/><D119/><U109/><E3/><V118/><F118/><W98/><G120/><T115/><D123/><U107/><E70/><V16/><F106/><W110/><G110/><T122/><D122/><U40/><E65/><V5/><F108/><W7/><G125/><T133/><D133/><U103/><E109/><V124/><F35/><W95/><G128/><T76/><D99/><U57/><E130/><V126/><F68/><W86/><G64/><T105/><D105/><U39/><E131/><V132/><F132/><W8/><G81/><T33/><D33/><U101/><E107/><V74/><F38/><W55/><G55/><T69/><D76/><U94/><E94/><V2/><F47/><W104/><G79/><T49/><D43/><U50/><E58/><V84/><F74/><W34/><G34/><T1/><D1/><U36/><E36/><V97/><F97/><W117/><G117/><T25/><D25/><U66/><E66/><V60/><F72/><W27/><REACH who="3" step="1"/><G104/><REACH who="3" ten="210,330,230,220" step="2"/><T89/><D69/><U100/><E77/><N who="2" m="46095" /><F2/><W15/><G15/><T82/><REACH who="0" step="1"/><D91/><AGARI ba="0,1" hai="0,7,8,17,20,27,48,54,56,86,87,91,95,98" machi="91" ten="30,2000,0" yaku="1,1,7,1,53,0" doraHai="24" doraHaiUra="73" who="3" fromWho="0" sc="210,-20,330,0,230,0,220,30" /><INIT seed="2,0,0,0,0,87" ten="190,330,230,250" oya="2" hai0="110,46,97,38,20,133,30,0,121,105,134,64,15" hai1="119,31,55,108,106,22,88,75,112,40,76,47,85" hai2="5,81,27,16,72,26,50,127,18,44,14,73,128" hai3="84,41,66,116,56,100,132,9,52,36,13,111,53"/><V37/><F127/><W8/><G116/><T35/><D121/><U62/><E119/><V104/><F104/><W98/><G111/><T93/><D105/><U103/><E112/><V34/><F128/><W63/><G132/><T1/><D64/><U74/><E108/><V109/><F37/><W124/><G124/><T107/><D107/><U3/><E3/><V65/><F109/><W90/><G41/><T117/><D110/><U45/><E106/><V89/><F65/><W118/><G36/><T135/><D117/><U25/><E103/><V29/><F27/><W83/><G118/><T57/><D35/><U130/><E76/><V58/><F58/><W95/><G9/><T91/><D57/><U79/><E79/><V69/><F69/><W96/><G96/><T10/><D30/><U21/><E130/><V39/><F39/><W120/><G120/><T12/><D20/><N who="1" m="15783" /><E74/><V77/><F73/><W70/><G70/><T114/><D114/><U122/><E75/><V80/><F5/><AGARI ba="0,0" hai="5,8,13,52,53,56,63,66,83,84,90,95,98,100" machi="5" ten="30,7700,0" yaku="7,1,8,1,52,1,54,1" doraHai="87" who="3" fromWho="2" sc="190,0,330,0,230,-77,250,77" /><INIT seed="3,0,0,5,0,0" ten="190,330,153,327" oya="3" hai0="65,14,98,68,1,15,70,92,126,90,53,42,81" hai1="101,97,121,22,84,87,120,78,85,24,38,18,91" hai2="95,104,8,47,40,3,110,73,125,99,116,88,20" hai3="129,56,61,66,16,28,34,118,102,135,114,100,80"/><W17/><G114/><T106/><D1/><U105/><E38/><V109/><F116/><W128/><G118/><T83/><D42/><U59/><E78/><V49/><F125/><W64/><G135/><T52/><D126/><U77/><E77/><V133/><F133/><W2/><G2/><T31/><D31/><U96/><E59/><V29/><F73/><W74/><G66/><T5/><D106/><U33/><E33/><V122/><F122/><W117/><G74/><T32/><D32/><U72/><E72/><V58/><F104/><W86/><G117/><T23/><D70/><U107/><E91/><V71/><F71/><W21/><G28/><T43/><D43/><U103/><AGARI ba="0,0" hai="18,22,24,84,85,87,96,97,101,103,105,107,120,121" machi="103" ten="30,2000,0" yaku="0,1,9,1" doraHai="0" who="1" fromWho="1" sc="190,-5,330,20,153,-5,327,-10" owari="185,-21.5,350,45.0,148,-35.2,317,11.7" /></mjloggm>