<mjloggm ver="2.3"><GO type="225" lobby="0"/><UN n0="%E8%81%B7%E6%A5%AD%E3%80%81%E9%A2%A8%32" n1="%E7%AD%89%E3%80%85%E5%8A%9B%E5%8A%87%E5%A0%B4" n2="%E9%80%86%E9%80%A3%E5%B8%AF%E3%81%AE%E9%AC%BC" n3="%6E%69%63%6B%6C%6F%77" dan="16,16,16,16" rate="2157.00,2156.90,2109.52,2095.09" sx="M,M,M,F"/><TAIKYOKU oya="0"/><INIT seed="0,0,0,2,1,61" ten="250,250,250,250" oya="0" hai0="37,91,115,20,101,19,40,24,48,74,111,70,39" hai1="7,100,73,29,99,9,129,114,67,21,15,80,28" hai2="127,105,49,12,27,53,121,3,130,113,2,10,43" hai3="104,77,88,25,85,83,131,93,5,26,64,16,108"/><T86/><D115/><U57/><E129/><V55/><F121/><W47/><G131/><T14/><D74/><U98/><E114/><V33/><F113/><W76/><G104/><T107/><D70/><U62/><E99/><V87/><F127/><W92/><G108/><T84/><D84/><U30/><E80/><V116/><F105/><W69/><G5/><T31/><D111/><U65/><E73/><V6/><F116/><W59/><G69/><T132/><D132/><U46/><E46/><V134/><F134/><W23/><G47/><T97/><D48/><U34/><E34/><V110/><F110/><W78/><G26/><T4/><D4/><U125/><E125/><V79/><F43/><W102/><G102/><T11/><REACH who="0" step="1"/><D40/><REACH who="0" ten="240,250,250,250" step="2"/><U68/><E68/><V36/><F49/><W135/><G135/><T71/><D71/><U106/><REACH who="1" step="1"/><E21/><REACH who="1" ten="240,240,250,250" step="2"/><V35/><F130/><W8/><G8/><T52/><D52/><AGARI ba="0,2" hai="7,9,15,28,29,30,52,57,62,65,67,98,100,106" machi="52" ten="40,8000,1" yaku="1,1,2,1,52,2,54,1,53,0" doraHai="61" doraHaiUra="117" who="1" fromWho="0" sc="240,-80,240,100,250,0,250,0" /><INIT seed="1,0,0,0,0,24" ten="160,340,250,250" oya="1" hai0="104,73,58,78,103,16,2,3,83,32,101,74,41" hai1="129,4,108,86,114,0,77,43,80,13,27,39,105" hai2="89,54,91,66,128,96,68,5,17,40,34,125,23" hai3="95,37,88,25,71,42,97,72,64,45,36,94,59"/><U135/><E114/><V26/><F128/><W65/><G72/><T70/><D70/><U132/><E105/><V57/><F125/><W130/><G130/><T48/><D74/><U113/><E113/><V51/><F5/><W111/><G111/><T8/><D32/><U134/><E129/><V9/><F40/><W107/><G107/><T126/><D126/><U20/><E108/><V12/><F34/><W127/><G127/><T15/><D104/><U47/><E0/><V90/><F66/><W21/><G71/><T1/><REACH who="0" step="1"/><D58/><REACH who="0" ten="150,340,250,250" step="2"/><U110/><E110/><V131/><F68/><W133/><G133/><T10/><D10/><U120/><E135/><V87/><F131/><W63/><G65/><T7/><D7/><U119/><E4/><V38/><F38/><W116/><G116/><T100/><D100/><U93/><E39/><V46/><F57/><W14/><G36/><T29/><D29/><U85/><E119/><V52/><F96/><W18/><REACH who="3" step="1"/><G95/><REACH who="3" ten="150,340,250,240" step="2"/><T19/><D19/><U22/><E93/><V99/><F17/><W56/><G56/><T53/><D53/><U55/><E55/><V81/><F54/><W44/><G44/><AGARI ba="0,2" hai="1,2,3,8,15,16,41,44,48,73,78,83,101,103" machi="44" ten="40,2600,0" yaku="1,1,54,1,53,0" doraHai="24" doraHaiUra="60" who="0" fromWho="3" sc="150,46,340,0,250,0,240,-26" /><INIT seed="2,0,0,2,4,8" ten="196,340,250,214" oya="2" hai0="59,103,50,46,94,6,123,85,32,35,126,89,2" hai1="19,77,106,98,95,0,97,115,14,90,110,55,129" hai2="75,54,88,84,132,11,74,87,100,41,118,99,107" hai3="39,82,51,119,16,49,83,23,125,76,72,13,124"/><V91/><F41/><W121/><G119/><T69/><D69/><U29/><E115/><V15/><F132/><W64/><G121/><T67/><D123/><U9/><E110/><V40/><F118/><W113/><G113/><T38/><D38/><U47/><E129/><V7/><F40/><W57/><G39/><T104/><D126/><N who="3" m="48745" /><G83/><T1/><D32/><U134/><E134/><V20/><F20/><W58/><G58/><T108/><D35/><U120/><E120/><V61/><F87/><W37/><G37/><T79/><D108/><U21/><E77/><V70/><F91/><W105/><G105/><T22/><D79/><U130/><E130/><V114/><F114/><W81/><G81/><T24/><D6/><U117/><E117/><V111/><F111/><W122/><G122/><T65/><D2/><U12/><E0/><V28/><F28/><W102/><G102/><T42/><D1/><U73/><E73/><V48/><F61/><AGARI ba="0,0" hai="13,16,23,49,51,57,61,64,72,76,82" m="48745" machi="61" ten="30,3900,0" yaku="18,1,52,1,54,1" doraHai="8" who="3" fromWho="2" sc="196,0,340,0,250,-39,214,39" /><INIT seed="3,0,0,1,4,105" ten="196,340,211,253" oya="3" hai0="9,128,115,43,108,107,114,75,65,3,102,99,36" hai1="8,15,113,93,4,50,27,44,133,121,82,10,25" hai2="64,63,100,60,73,38,53,124,58,71,0,119,130" hai3="129,26,131,74,86,46,127,52,135,132,22,81,7"/><W14/><G86/><T68/><D108/><U126/><E113/><N who="0" m="43017" /><D128/><N who="3" m="49225" /><G127/><T91/><D91/><U29/><E121/><V85/><F0/><W72/><G81/><T32/><D32/><U101/><E133/><N who="3" m="51274" /><G14/><T49/><D49/><U33/><E126/><V88/><F124/><W51/><G7/><N who="0" m="1279" /><D75/><U55/><E82/><V110/><F110/><W90/><G90/><T17/><D17/><AGARI ba="0,0" hai="17,22,26,46,51,52,72,74" m="51274,49225" machi="17" ten="30,12000,1" yaku="19,1,20,1,52,2,54,1" doraHai="105" who="3" fromWho="0" sc="196,-120,340,0,211,0,253,120" owari="76,-42.4,340,14.0,211,-18.9,373,47.3" /></mjloggm>