<mjloggm ver="2.3"><GO type="225" lobby="0"/><UN n0="%E3%81%82%E3%82%86%E3%81%AE%E9%A2%A8" n1="%E3%81%A4%E3%81%A3%E3%81%B1%E3%82%8A%E3%83%9D%E3%83%BC%E3%83%AB" n2="%E3%82%A2%E3%83%A1%E3%82%A2%E3%83%A9%E3%83%AC" n3="%44%2E%65%61%67%6C%65" dan="16,17,16,16" rate="2105.39,2223.06,2113.80,2091.01" sx="M,M,M,M"/><TAIKYOKU oya="0"/><INIT seed="0,0,0,2,5,5" ten="250,250,250,250" oya="0" hai0="18,29,73,115,87,85,102,111,93,45,28,113,81" hai1="131,10,108,83,88,41,84,54,7,26,119,97,107" hai2="44,35,82,9,61,109,91,3,59,51,65,63,48" hai3="74,134,47,36,70,129,79,8,86,121,105,38,0"/><T133/><D133/><U16/><E119/><V56/><F109/><W2/><G86/><T33/><D33/><U103/><E108/><V89/><F35/><W27/><G27/><T31/><D111/><U62/><E131/><V19/><F82/><N who="3" m="45431" /><G2/><T57/><D57/><U118/><E118/><V104/><F104/><W60/><G38/><T52/><D73/><U68/><E41/><V11/><F3/><W50/><G50/><N who="2" m="18985" /><F44/><W92/><G92/><T117/><D117/><U135/><E135/><V132/><F19/><W42/><G134/><T32/><D32/><U22/><E54/><N who="2" m="33943" /><F132/><W94/><G94/><T125/><D45/><U64/><E7/><V100/><F100/><W128/><G121/><T17/><D102/><U15/><REACH who="1" step="1"/><E26/><REACH who="1" ten="250,240,250,250" step="2"/><V20/><F20/><AGARI ba="0,1" hai="10,15,16,20,22,62,64,68,83,84,88,97,103,107" machi="20" ten="40,8000,1" yaku="1,1,2,1,52,1,54,2,53,0" doraHai="5" doraHaiUra="122" who="1" fromWho="2" sc="250,0,240,90,250,-80,250,0" /><INIT seed="1,0,0,2,0,91" ten="250,330,170,250" oya="1" hai0="48,10,28,113,130,73,101,112,90,131,134,58,4" hai1="74,70,82,129,95,88,61,135,84,16,128,8,63" hai2="42,53,94,102,98,117,106,69,49,80,50,25,126" hai3="71,18,17,119,68,96,79,107,46,27,29,22,20"/><U64/><E135/><V38/><F126/><W76/><G119/><T31/><D73/><U7/><E63/><V47/><F117/><W62/><G29/><N who="0" m="11339" /><D101/><U33/><E33/><V114/><F114/><N who="0" m="44138" /><D90/><U51/><E51/><V133/><F133/><W36/><G36/><T85/><D85/><U103/><E16/><V89/><F69/><W13/><G46/><T11/><D58/><U32/><E32/><V120/><F120/><W12/><G27/><T105/><D105/><U99/><REACH who="1" step="1"/><E74/><REACH who="1" ten="250,320,170,250" step="2"/><V78/><F25/><W104/><G62/><T116/><D48/><U67/><E67/><V100/><F100/><W40/><G40/><T109/><D134/><U56/><E56/><V2/><F53/><W111/><G71/><T19/><D19/><U118/><E118/><V0/><F50/><W83/><G68/><T34/><D116/><U60/><E60/><V108/><F49/><W55/><G55/><T110/><D34/><U5/><E5/><V86/><REACH who="2" step="1"/><F108/><REACH who="2" ten="250,320,160,250" step="2"/><N who="0" m="41578" /><D4/><U123/><E123/><V125/><F125/><W23/><G111/><T37/><D37/><U81/><E81/><V43/><F43/><W15/><G83/><T54/><D54/><U26/><E26/><V132/><F132/><W45/><G45/><T3/><D3/><AGARI ba="0,2" hai="3,7,8,61,64,70,82,84,88,95,99,103,128,129" machi="3" ten="40,12000,1" yaku="1,1,52,1,54,1,53,1" doraHai="91" doraHaiUra="77" who="1" fromWho="0" sc="250,-120,320,140,160,0,250,0" /><INIT seed="1,1,0,4,2,2" ten="130,460,160,250" oya="1" hai0="7,91,22,126,36,69,81,51,14,0,120,34,111" hai1="1,98,62,23,93,66,101,45,119,56,6,116,130" hai2="131,50,89,67,40,122,73,108,110,127,17,94,128" hai3="133,55,28,113,54,87,11,114,124,63,83,46,65"/><U64/><E130/><N who="2" m="49707" /><F122/><W125/><G28/><T86/><D120/><U30/><E66/><V105/><F105/><W104/><G104/><T117/><D111/><N who="2" m="42538" /><F73/><W90/><G11/><T4/><D126/><N who="3" m="48745" /><G133/><T10/><D36/><U12/><E45/><N who="2" m="25895" /><F127/><W42/><G114/><T5/><D69/><U59/><E59/><V107/><F107/><W44/><G113/><T41/><D117/><U103/><E103/><V112/><F112/><W31/><G31/><T106/><D106/><U21/><E1/><V39/><F39/><N who="3" m="21599" /><G46/><N who="0" m="26063" /><D34/><U100/><E100/><V47/><F47/><W72/><G72/><T129/><D129/><U57/><E119/><V132/><F132/><W25/><G25/><T70/><D70/><AGARI ba="1,0" hai="54,55,63,65,70,83,87,90" m="21599,48745" machi="70" ten="30,1000,0" yaku="18,1" doraHai="2" who="3" fromWho="0" sc="130,-13,460,0,160,0,250,13" /><INIT seed="2,0,0,4,5,23" ten="117,460,160,263" oya="2" hai0="86,9,126,36,22,67,6,7,52,38,26,58,60" hai1="104,76,4,56,111,54,98,12,68,3,48,57,73" hai2="85,24,55,112,72,64,131,108,123,132,127,74,119" hai3="125,103,94,70,20,71,121,13,66,34,122,120,135"/><V118/><F112/><W93/><G34/><T46/><D126/><U107/><E68/><V105/><F123/><W80/><G125/><T101/><D101/><U95/><E3/><V32/><F127/><W44/><G103/><T19/><D86/><U134/><E111/><V102/><F132/><W109/><G109/><T115/><D115/><U97/><E134/><V37/><F108/><W91/><G135/><T110/><D110/><U106/><E57/><V28/><F37/><W47/><G80/><T0/><REACH who="0" step="1"/><D7/><REACH who="0" ten="107,460,160,263" step="2"/><U33/><E73/><V84/><F74/><W1/><G122/><T117/><D117/><U14/><E4/><V49/><F72/><W124/><G124/><T43/><D43/><U82/><E97/><V62/><F119/><W128/><G121/><T42/><D42/><U89/><E33/><V81/><F118/><W88/><G120/><T21/><D21/><U92/><E92/><V15/><F85/><W31/><G20/><T25/><D25/><U63/><E82/><V61/><F84/><W45/><G94/><T79/><D79/><U40/><E76/><V78/><F81/><W90/><G93/><T59/><D59/><U77/><E77/><V10/><F78/><W11/><G71/><T96/><D96/><U87/><E98/><V35/><F35/><W30/><G70/><T130/><D130/><U65/><E40/><V27/><F131/><W114/><G128/><T69/><D69/><N who="1" m="42175" /><E107/><V39/><F102/><W100/><G100/><T53/><D53/><U99/><E87/><V129/><F105/><W51/><G114/><T116/><D116/><RYUUKYOKU ba="0,1" sc="107,15,460,15,160,-15,263,-15" hai0="0,6,9,19,22,26,36,38,46,52,58,60,67" hai1="12,14,48,54,56,89,95,99,104,106" /><INIT seed="3,1,1,5,2,102" ten="122,475,145,248" oya="3" hai0="43,73,25,38,63,5,97,134,16,29,98,0,19" hai1="91,35,56,78,126,113,87,104,128,30,129,109,54" hai2="48,119,76,57,100,46,90,21,92,10,51,70,58" hai3="122,27,66,31,68,110,135,88,1,28,15,83,115"/><W13/><G122/><T107/><D73/><U74/><E113/><V80/><F119/><W132/><G1/><T93/><D0/><U55/><E104/><V82/><F70/><W133/><G115/><T60/><D38/><U114/><E114/><V3/><F100/><W96/><G110/><T44/><D107/><U72/><E109/><V26/><F3/><W124/><G124/><T39/><D5/><U112/><E78/><V75/><F10/><W65/><G68/><T123/><D123/><U24/><E112/><V41/><F51/><W120/><G120/><T45/><D134/><U116/><E116/><V20/><F82/><W86/><G96/><T52/><D97/><U33/><E33/><V61/><F26/><W64/><REACH who="3" step="1"/><G27/><REACH who="3" ten="122,475,145,238" step="2"/><T108/><D108/><U127/><E127/><V7/><F7/><W81/><G81/><T118/><D118/><U18/><E126/><V69/><F69/><W105/><G105/><T37/><D25/><U111/><E111/><V125/><F125/><W4/><G4/><T95/><D98/><U12/><E24/><V59/><REACH who="2" step="1"/><F61/><REACH who="2" ten="122,475,135,238" step="2"/><W62/><G62/><T6/><D6/><U131/><E131/><V79/><F79/><W14/><AGARI ba="1,3" hai="13,14,15,28,31,64,65,66,83,86,88,132,133,135" machi="14" ten="40,18000,2" yaku="1,1,0,1,29,2,20,1,54,1,53,0" doraHai="102" doraHaiUra="2" who="3" fromWho="3" sc="122,-61,475,-61,135,-61,238,213" owari="61,-43.9,414,21.4,74,-32.6,451,55.1" /></mjloggm>