<mjloggm ver="2.3"><GO type="225" lobby="0"/><UN n0="%63%68%78%62%64" n1="%E3%81%A8%E3%81%97%E3%81%A8%E3%81%97%E3%81%8A" n2="%E3%83%AB%E3%83%9B%E3%83%B3%E3%83%87%E3%82%A3%E3%82%A8" n3="%E3%83%97%E3%83%92" dan="16,16,17,16" rate="2143.60,2087.00,2199.70,2165.84" sx="M,M,M,M"/><TAIKYOKU oya="0"/><INIT seed="0,0,0,5,4,8" ten="250,250,250,250" oya="0" hai0="27,63,94,78,73,30,39,43,87,83,125,123,65" hai1="76,18,5,34,96,130,45,121,118,72,110,20,74" hai2="6,41,32,26,33,55,102,36,7,29,50,80,22" hai3="10,113,117,82,49,3,13,12,105,120,21,54,112"/><T133/><D123/><U15/><E118/><V37/><F102/><W4/><G117/><T0/><D125/><U111/><E121/><V28/><F80/><W16/><G120/><T38/><D133/><U61/><E34/><V1/><F41/><W57/><G105/><T60/><D60/><U132/><E76/><V70/><F70/><W85/><REACH who="3" step="1"/><G3/><REACH who="3" ten="250,250,250,240" step="2"/><T95/><D0/><U53/><E132/><V88/><F1/><W23/><G23/><T75/><D75/><U97/><E74/><V99/><F22/><W108/><G108/><N who="1" m="41514" /><E72/><V128/><F32/><W66/><G66/><T2/><D2/><U135/><E135/><V116/><F33/><W44/><G44/><T17/><D73/><U103/><E130/><V109/><F128/><W77/><AGARI ba="0,1" hai="4,10,12,13,16,21,49,54,57,77,82,85,112,113" machi="77" ten="20,12000,2" yaku="1,1,0,1,7,1,52,2,54,1,53,1" doraHai="8" doraHaiUra="79" who="3" fromWho="3" sc="250,-60,250,-30,250,-30,240,130" /><INIT seed="1,0,0,3,5,32" ten="190,220,220,370" oya="1" hai0="21,4,91,112,101,2,73,90,78,94,29,76,68" hai1="24,60,129,16,33,48,12,116,111,56,61,109,50" hai2="125,11,59,134,3,75,128,28,55,86,70,126,37" hai3="9,88,14,105,19,51,95,54,6,100,102,42,47"/><U97/><E116/><V123/><F75/><W120/><G120/><T20/><D112/><U79/><E129/><V131/><F70/><W92/><G105/><T52/><D68/><U89/><E79/><V46/><F28/><W117/><G117/><T108/><D29/><U85/><E97/><V72/><F72/><W93/><G42/><T98/><D108/><N who="1" m="41547" /><E24/><V7/><F123/><W82/><G6/><T113/><D73/><U5/><E5/><V10/><F10/><W133/><G133/><T36/><D4/><U0/><E0/><V132/><F46/><W66/><G66/><T118/><D113/><U124/><E124/><N who="2" m="47723" /><F37/><W31/><G31/><T71/><D36/><U58/><E33/><V27/><F86/><AGARI ba="0,0" hai="9,14,19,47,51,54,82,86,88,92,93,95,100,102" machi="86" ten="40,8000,1" yaku="25,2,8,1,54,1" doraHai="32" who="3" fromWho="2" sc="190,0,220,0,220,-80,370,80" /><INIT seed="2,0,0,2,4,80" ten="190,220,140,450" oya="2" hai0="5,113,103,119,10,30,111,124,21,67,59,66,102" hai1="65,23,3,43,79,109,7,4,31,105,39,16,63" hai2="57,73,116,6,38,96,115,88,51,104,22,114,28" hai3="120,41,18,86,98,52,91,117,60,118,47,19,69"/><V33/><F38/><W127/><G120/><T89/><D119/><U26/><E105/><V56/><F116/><W48/><G127/><T99/><D113/><U58/><E109/><V14/><F73/><W126/><G126/><T2/><D124/><U46/><E3/><V101/><F33/><W50/><G98/><T44/><D111/><U24/><REACH who="1" step="1"/><E79/><REACH who="1" ten="190,210,140,450" step="2"/><V13/><F115/><W1/><G1/><T85/><D2/><U90/><E90/><V17/><F114/><W68/><G117/><T42/><D89/><U77/><E77/><V53/><F88/><W71/><G118/><T12/><D102/><U95/><E95/><V92/><F104/><W11/><G11/><T123/><D10/><U61/><E61/><V55/><F28/><W27/><G60/><T107/><D30/><U83/><E83/><V84/><F84/><W130/><G130/><T0/><D85/><U35/><AGARI ba="0,1" hai="4,7,16,23,24,26,31,35,39,43,46,58,63,65" machi="35" ten="20,5200,0" yaku="1,1,0,1,7,1,54,1,53,0" doraHai="80" doraHaiUra="78" who="1" fromWho="1" sc="190,-13,210,62,140,-26,450,-13" /><INIT seed="3,0,0,3,4,40" ten="177,272,114,437" oya="3" hai0="110,64,103,26,117,70,58,130,91,63,12,83,68" hai1="28,62,77,124,66,85,101,17,32,45,125,107,108" hai2="99,118,42,49,86,22,106,55,122,36,0,123,44" hai3="21,76,13,94,134,111,90,8,60,47,46,43,15"/><W72/><G134/><T87/><D117/><U48/><E108/><V33/><F33/><W50/><G72/><T89/><D110/><U5/><E17/><V53/><F0/><W121/><G76/><T35/><D130/><U97/><E5/><V73/><F73/><W93/><G121/><T80/><D103/><U1/><E1/><V23/><F118/><W116/><G116/><T59/><D12/><U4/><E4/><V10/><F10/><W88/><G60/><T27/><D35/><U81/><E28/><V38/><F86/><W29/><G50/><T69/><D59/><U19/><E19/><V132/><F99/><N who="3" m="57767" /><G43/><T119/><D119/><U128/><E128/><V6/><F6/><N who="3" m="3223" /><G111/><T7/><D7/><U39/><E39/><N who="2" m="14891" /><F22/><W78/><G78/><T41/><D41/><U71/><E32/><V127/><F23/><W112/><G112/><T2/><D2/><U65/><E65/><V115/><F106/><W100/><G100/><T3/><D3/><U98/><E98/><V20/><F20/><W120/><G120/><N who="2" m="46121" /><F115/><W95/><G95/><T30/><D30/><U14/><E14/><V82/><F82/><W84/><G15/><T96/><D96/><U75/><E75/><V105/><F105/><W114/><G114/><T79/><D79/><U74/><E74/><V52/><F132/><W126/><G126/><AGARI ba="0,0" hai="42,44,49,52,53,55,126,127" m="46121,14891" machi="126" ten="40,8000,1" yaku="13,1,34,2,52,1,54,1" doraHai="40" who="2" fromWho="3" sc="177,0,272,0,114,80,437,-80" owari="177,-32.3,272,7.2,194,-20.6,357,45.7" /></mjloggm>