<mjloggm ver="2.3"><GO type="225" lobby="0"/><UN n0="%E3%83%A9%E3%83%96%E3%83%AC%E3%83%BC" n1="%E3%81%82%E3%80%81%E8%B2%A0%E3%81%91%E3%81%BE%E3%81%97%E3%81%9F" n2="%E3%81%AF%E3%82%88%E3%81%8A%E3%81%98%E3%81%95%E3%82%93" n3="%E3%83%97%E3%83%92" dan="17,16,17,16" rate="2134.42,2124.77,2230.33,2166.14" sx="M,M,M,M"/><TAIKYOKU oya="0"/><INIT seed="0,0,0,5,2,26" ten="250,250,250,250" oya="0" hai0="66,131,33,58,21,81,100,79,110,132,50,72,49" hai1="39,112,12,93,126,129,7,67,83,3,121,0,28" hai2="130,24,62,134,109,20,57,6,35,47,96,73,91" hai3="128,32,107,51,42,118,69,55,27,63,11,125,53"/><T88/><D33/><U30/><E39/><V60/><F73/><W52/><G118/><T4/><D100/><U80/><E121/><V89/><F35/><W74/><G74/><T1/><D131/><U108/><E129/><V5/><F130/><W71/><G128/><T29/><D132/><U46/><E126/><V77/><F77/><W86/><G125/><T15/><D1/><U65/><E108/><V92/><F109/><W25/><G107/><T18/><D110/><U85/><E112/><V38/><F134/><W78/><G11/><T44/><D44/><U75/><E75/><V87/><F38/><W94/><G63/><T124/><D124/><U13/><E93/><V56/><F47/><W127/><G127/><T22/><D4/><U61/><E46/><V97/><F60/><W36/><G51/><T23/><D49/><U14/><E7/><V10/><F5/><W31/><G27/><N who="0" m="16623" /><D23/><U102/><E102/><V54/><F57/><W95/><G42/><T2/><D2/><N who="1" m="555" /><E85/><V37/><F37/><W16/><G36/><T43/><D43/><U70/><E61/><V8/><F6/><W120/><G120/><T76/><D66/><N who="1" m="25099" /><E70/><V59/><F59/><W17/><G71/><T34/><D34/><U99/><E99/><N who="2" m="37963" /><F91/><W82/><REACH who="3" step="1"/><G69/><REACH who="3" ten="250,250,250,240" step="2"/><T101/><D72/><U122/><E122/><V111/><F111/><W104/><G104/><T45/><D50/><U119/><E119/><V40/><F40/><W64/><G64/><T105/><D105/><U133/><E133/><V68/><F68/><W84/><G84/><N who="0" m="50191" /><D45/><U103/><E103/><V98/><F87/><RYUUKYOKU ba="0,1" sc="250,-30,250,10,250,10,240,10" hai1="12,13,14,28,30,80,83" hai2="8,10,20,24,54,56,62,89,92,98" hai3="16,17,25,31,32,52,53,55,78,82,86,94,95" /><INIT seed="1,1,1,3,0,61" ten="220,260,260,250" oya="1" hai0="100,54,67,123,109,69,31,128,120,46,73,119,51" hai1="110,22,53,24,75,82,79,45,10,33,107,25,133" hai2="101,57,8,132,130,71,62,4,17,60,36,86,117" hai3="29,63,30,13,59,28,108,11,66,9,49,88,85"/><U121/><E121/><N who="0" m="46665" /><D73/><U113/><E113/><V58/><F117/><W18/><G108/><T2/><D2/><U37/><E133/><V96/><F36/><W40/><G40/><T34/><D119/><U14/><E107/><V102/><F71/><W111/><G111/><T97/><D109/><U16/><E110/><V1/><F132/><W103/><G103/><T118/><D118/><U135/><E135/><V90/><F17/><W104/><G104/><N who="0" m="63503" /><D128/><U127/><E127/><V83/><F130/><W76/><G49/><T116/><D116/><U65/><E33/><V77/><F90/><W114/><G114/><T0/><D0/><U124/><E124/><V20/><F96/><W56/><G76/><T68/><D34/><U84/><E75/><V81/><F20/><N who="3" m="11343" /><G56/><T52/><D31/><N who="3" m="7937" /><W7/><DORA hai="48" /><G7/><T55/><D69/><U89/><E37/><V131/><F131/><W95/><AGARI ba="1,1" hai="9,11,59,63,66,85,88,95" m="7937,11343" machi="95" ten="30,4000,0" yaku="8,1,52,1,54,1" doraHai="61,48" who="3" fromWho="3" sc="220,-11,260,-21,260,-11,250,53" /><INIT seed="2,0,0,2,3,28" ten="209,239,249,303" oya="2" hai0="104,127,35,95,37,79,10,92,88,23,2,93,50" hai1="99,53,17,85,71,40,24,63,74,66,83,44,81" hai2="27,68,7,84,106,96,21,49,61,121,70,120,117" hai3="12,102,133,101,69,100,9,59,115,56,67,22,97"/><V72/><F72/><W80/><G133/><T48/><D37/><U114/><E114/><V60/><F117/><W41/><G115/><T25/><D104/><U128/><E128/><V19/><F7/><W78/><G41/><T58/><D79/><U36/><E74/><V33/><F33/><W103/><G22/><T82/><D127/><U75/><E75/><V57/><F49/><W39/><G39/><T91/><D35/><U13/><E24/><V122/><F84/><N who="3" m="48151" /><G69/><T111/><D111/><U135/><E135/><V65/><F61/><N who="3" m="38311" /><G59/><T34/><D34/><U30/><E30/><V112/><F112/><W131/><G101/><T32/><D32/><U15/><E99/><V45/><F45/><W64/><G64/><T31/><D82/><U18/><E53/><V3/><F3/><W47/><G47/><T119/><D119/><U125/><E125/><V129/><F129/><W26/><G26/><T109/><D109/><U123/><E123/><V124/><F124/><W94/><G131/><T116/><D116/><U118/><E118/><V108/><F108/><W87/><G87/><T86/><D86/><U98/><E98/><V73/><F73/><W76/><G76/><T126/><D126/><U0/><E0/><V46/><F46/><W52/><G52/><N who="0" m="32007" /><D50/><U42/><E42/><V132/><F132/><W43/><G43/><T62/><D62/><U16/><REACH who="1" step="1"/><E83/><REACH who="1" ten="209,229,249,303" step="2"/><V20/><F96/><W1/><G1/><T14/><D2/><U90/><AGARI ba="0,1" hai="13,15,16,17,18,36,40,44,63,66,71,81,85,90" machi="90" ten="30,12000,2" yaku="1,1,2,1,0,1,54,1,53,2" doraHai="28" doraHaiUra="8" who="1" fromWho="1" sc="209,-30,229,130,249,-60,303,-30" /><INIT seed="3,0,0,3,1,117" ten="179,359,189,273" oya="3" hai0="39,46,96,17,6,128,28,101,94,57,77,21,83" hai1="10,49,65,84,130,13,87,33,30,116,64,68,106" hai2="103,20,48,71,14,22,5,91,9,127,26,134,66" hai3="98,53,54,82,23,42,15,19,126,27,4,107,69"/><W104/><G126/><T95/><D128/><U29/><E106/><V51/><F127/><W79/><G69/><T135/><D135/><U97/><E33/><V37/><F37/><W131/><G42/><T133/><D133/><U61/><E130/><V38/><F38/><W62/><G131/><T73/><D28/><U7/><E116/><V100/><F134/><W60/><G104/><T56/><D6/><U122/><E122/><V119/><F119/><W2/><G2/><T72/><D72/><U32/><E65/><V50/><F71/><W75/><G98/><T0/><D0/><U43/><E97/><V123/><F123/><W59/><G107/><T25/><REACH who="0" step="1"/><D95/><REACH who="0" ten="169,359,189,273" step="2"/><U3/><E30/><N who="2" m="17735" /><F66/><W12/><REACH who="3" step="1"/><G4/><REACH who="3" ten="169,359,189,263" step="2"/><T86/><D86/><U76/><E68/><V34/><F34/><W74/><G74/><T111/><D111/><U105/><E43/><AGARI ba="0,2" hai="17,21,25,39,43,46,56,57,73,77,83,94,96,101" machi="43" ten="40,1300,0" yaku="1,1,53,0" doraHai="117" doraHaiUra="114" who="0" fromWho="1" sc="169,33,359,-13,189,0,263,0" owari="202,-19.8,346,44.6,189,-31.1,263,6.3" /></mjloggm>