<mjloggm ver="2.3"><GO type="225" lobby="0"/><UN n0="%E6%98%BC%E4%B8%8B%E3%81%8C%E3%82%8A%E3%81%AE%E5%9B%A3%E5%9C%B0%E5%A6%BB" n1="%E5%B8%86%E7%AB%8B%E5%A4%8F%E8%A1%A3" n2="%E3%83%A9%E3%82%A4%E3%83%B3%E3%81%AE%E8%99%8E" n3="%E9%BB%99%E8%81%B4%E3%81%AE%E3%81%99%E3%82%9D%E3%82%81" dan="16,17,16,16" rate="2145.81,2181.57,2081.71,2149.55" sx="F,M,M,M"/><TAIKYOKU oya="0"/><INIT seed="0,0,0,3,4,27" ten="250,250,250,250" oya="0" hai0="18,5,10,134,6,107,125,70,64,99,16,32,25" hai1="110,46,48,94,123,114,121,124,29,77,21,95,13" hai2="45,92,89,126,101,52,96,67,60,102,53,93,129" hai3="11,103,4,1,3,24,74,9,90,66,87,61,73"/><T81/><D125/><U57/><E124/><V12/><F129/><W31/><G103/><N who="0" m="62975" /><D81/><U49/><E110/><V63/><F126/><W36/><G36/><T40/><D40/><U59/><E114/><V85/><F102/><W78/><G78/><T80/><D80/><U47/><E13/><V14/><F63/><W113/><G113/><T22/><D22/><U88/><E21/><V132/><F132/><W58/><G9/><T39/><D39/><U26/><E26/><V0/><F0/><W112/><G1/><N who="0" m="303" /><D6/><U118/><E118/><V37/><F37/><W130/><G130/><T28/><D134/><U135/><E135/><V20/><F45/><W111/><G111/><T23/><D23/><U82/><E82/><V34/><F34/><W105/><G105/><T7/><D7/><U51/><E51/><V79/><F79/><W8/><G8/><T120/><D120/><U35/><E77/><V83/><F83/><W75/><G112/><T42/><D42/><U117/><E117/><V127/><F127/><W19/><G19/><T43/><D43/><U106/><E106/><V116/><F116/><W55/><G55/><N who="2" m="21065" /><F20/><W30/><REACH who="3" step="1"/><G24/><REACH who="3" ten="250,250,250,240" step="2"/><T91/><D91/><U71/><E88/><N who="2" m="53263" /><F101/><W41/><G41/><T128/><D128/><U54/><E54/><V109/><F109/><W2/><G2/><T17/><D17/><U131/><E131/><V122/><F122/><W86/><G86/><T97/><D97/><U104/><E104/><V33/><F33/><W100/><G100/><T15/><D15/><U98/><E35/><V84/><F84/><W133/><G133/><RYUUKYOKU ba="0,1" sc="250,10,250,-30,250,10,240,10" hai0="16,18,25,28,32,64,70" hai2="12,14,60,67,89,93,96" hai3="3,4,11,30,31,58,61,66,73,74,75,87,90" /><INIT seed="0,1,1,2,0,87" ten="260,220,260,250" oya="0" hai0="102,74,66,113,7,50,39,89,108,88,1,92,75" hai1="60,95,126,122,29,94,101,134,81,51,85,38,93" hai2="13,10,118,83,25,82,48,31,104,30,15,62,2" hai3="16,67,53,99,115,80,73,103,57,61,100,84,116"/><T133/><D113/><U63/><E38/><V65/><F104/><W33/><G73/><T47/><D39/><U64/><E122/><V6/><F118/><W78/><G33/><T123/><D123/><U129/><E129/><V32/><F31/><W79/><G79/><T72/><D133/><U119/><E119/><V131/><F131/><W12/><G115/><T76/><D66/><U56/><E126/><V5/><F48/><W41/><G41/><T111/><D76/><U49/><E134/><V98/><F98/><W20/><G116/><T37/><D37/><U44/><E29/><V23/><F6/><W26/><G99/><N who="0" m="59751" /><D7/><U42/><E101/><N who="3" m="38986" /><G12/><T54/><D1/><U132/><E132/><V4/><F4/><W90/><G78/><T35/><D35/><U8/><E8/><V11/><F11/><W117/><G117/><T128/><D128/><U21/><E21/><V40/><F40/><W59/><G59/><T68/><D68/><U86/><E64/><AGARI ba="1,1" hai="16,20,26,53,57,61,64,67,80,84,90" m="38986" machi="64" ten="30,3900,0" yaku="8,1,52,1,54,1" doraHai="87" who="3" fromWho="1" sc="260,0,220,-42,260,0,250,52" /><INIT seed="1,0,0,3,2,36" ten="260,178,260,302" oya="1" hai0="78,100,125,72,60,116,5,67,95,28,123,99,45" hai1="68,6,59,128,34,87,11,112,88,71,35,26,109" hai2="33,48,46,51,108,3,37,9,90,113,29,107,32" hai3="93,57,13,80,114,92,8,62,83,41,0,12,14"/><U86/><E112/><V10/><F107/><W47/><G114/><T75/><D116/><U52/><E128/><V1/><F113/><W106/><G106/><T19/><D125/><U133/><E133/><V69/><F69/><W117/><G117/><T118/><D118/><U84/><E109/><V85/><F108/><W23/><G23/><T74/><D5/><U4/><E4/><V96/><F96/><W30/><G30/><T15/><D28/><U54/><E71/><V17/><F37/><W94/><G8/><T25/><D25/><U50/><E68/><V81/><F51/><N who="3" m="27119" /><G0/><T16/><D123/><U120/><E120/><V98/><F98/><W53/><AGARI ba="0,0" hai="12,13,14,53,57,62,80,83,92,93,94" m="27119" machi="53" ten="30,2000,0" yaku="8,1,52,1" doraHai="36" who="3" fromWho="3" sc="260,-5,178,-10,260,-5,302,20" /><INIT seed="2,0,0,4,2,86" ten="255,168,255,322" oya="2" hai0="34,134,1,36,5,19,59,61,109,3,81,42,116" hai1="84,18,132,33,125,17,77,55,87,16,117,28,100" hai2="128,15,51,37,22,66,29,71,50,126,7,88,39" hai3="83,2,129,75,45,99,0,41,135,60,123,92,119"/><V31/><F126/><W114/><G119/><T69/><D69/><U20/><E125/><V130/><F71/><W13/><G123/><T73/><D109/><U74/><E132/><V122/><F66/><W53/><G129/><N who="2" m="49769" /><F122/><W30/><G135/><T102/><D102/><U110/><E110/><V121/><F121/><W6/><G30/><N who="2" m="11273" /><F7/><W58/><G114/><T65/><D134/><U21/><E117/><V108/><F108/><W96/><G13/><T56/><D34/><U98/><E74/><V44/><F51/><W112/><G112/><T43/><D116/><U118/><E118/><V23/><F15/><W4/><G4/><T14/><D36/><N who="2" m="13898" /><F88/><W67/><G67/><T93/><D5/><U32/><E32/><V80/><F80/><W8/><G0/><T90/><D1/><U26/><E55/><AGARI ba="0,0" hai="22,23,44,50,55" m="13898,11273,49769" machi="55" ten="30,1500,0" yaku="19,1" doraHai="86" who="2" fromWho="1" sc="255,0,168,-15,255,15,322,0" /><INIT seed="2,1,0,2,2,104" ten="255,153,270,322" oya="2" hai0="58,22,105,91,27,123,29,95,121,87,0,74,86" hai1="53,65,134,51,115,21,100,77,88,10,99,83,4" hai2="90,98,79,34,63,56,102,16,35,49,109,52,103" hai3="57,47,43,133,6,13,46,112,42,8,28,54,36"/><V61/><F79/><W118/><G133/><T17/><D105/><U108/><E108/><V33/><F109/><W44/><G118/><T48/><D0/><U1/><E134/><V106/><F102/><W69/><G69/><T24/><D74/><U107/><E115/><V12/><REACH who="2" step="1"/><F90/><REACH who="2" ten="255,153,260,322" step="2"/><W113/><G112/><T3/><D91/><U60/><E21/><AGARI ba="1,1" hai="12,16,21,33,34,35,49,52,56,61,63,98,103,106" machi="21" ten="40,12000,1" yaku="1,1,2,1,54,2,53,0" doraHai="104" doraHaiUra="62" who="2" fromWho="1" sc="255,0,153,-123,260,133,322,0" /><INIT seed="2,2,0,0,0,88" ten="255,30,393,322" oya="2" hai0="29,40,85,102,92,43,109,58,48,133,103,126,135" hai1="64,106,54,78,101,9,93,122,4,127,0,89,90" hai2="69,84,10,105,94,3,25,77,49,39,14,125,45" hai3="75,82,104,12,55,132,124,71,32,59,95,117,97"/><V26/><F105/><W70/><G117/><T113/><D113/><U110/><E110/><V81/><F125/><W13/><G32/><T21/><D109/><U118/><E127/><V121/><F39/><W115/><G104/><T17/><D29/><U112/><E112/><V68/><F3/><W42/><G42/><T80/><D126/><U35/><E118/><V2/><F2/><W37/><G37/><T134/><D58/><U50/><E122/><V47/><F47/><W63/><G115/><T119/><D119/><U30/><E64/><V72/><F121/><W44/><G44/><N who="0" m="25607" /><D43/><U96/><E78/><V36/><F36/><W34/><G34/><T5/><D5/><U74/><E74/><V99/><F72/><W6/><G132/><T7/><D7/><U18/><E18/><V107/><F107/><W100/><G124/><T83/><D83/><U46/><REACH who="1" step="1"/><E106/><REACH who="1" ten="255,20,393,322" step="2"/><V120/><F120/><W123/><G123/><T116/><D116/><U91/><E91/><N who="2" m="55775" /><F69/><W73/><G73/><T76/><D134/><U114/><E114/><V128/><F68/><W19/><G71/><T52/><D135/><U108/><E108/><V60/><F77/><W38/><G70/><T61/><D133/><U8/><E8/><V11/><F11/><W24/><G75/><T16/><D21/><U31/><E31/><V53/><F10/><W22/><G19/><T23/><D23/><U62/><E62/><V79/><F60/><W130/><G63/><T33/><D33/><U1/><E1/><V131/><F131/><W66/><G130/><T41/><D61/><U65/><E65/><RYUUKYOKU ba="2,1" sc="255,-10,20,30,393,-10,322,-10" hai1="0,4,9,30,35,46,50,54,89,90,93,96,101" /><INIT seed="3,3,1,1,0,24" ten="245,50,383,312" oya="3" hai0="122,108,109,27,69,133,19,13,126,61,106,130,73" hai1="10,32,78,54,79,15,49,44,20,31,98,33,53" hai2="119,2,59,82,134,36,29,14,55,60,66,1,26" hai3="4,96,107,50,70,97,95,94,9,63,81,83,42"/><W3/><G107/><T124/><D73/><U40/><E33/><V125/><F119/><W21/><G70/><T110/><D106/><U51/><E32/><V85/><F36/><W25/><G63/><T112/><D122/><U87/><E98/><V103/><F125/><N who="0" m="48234" /><D69/><U64/><E64/><V116/><F116/><W58/><G95/><T46/><D46/><U22/><E79/><V113/><F113/><W16/><G97/><T65/><D61/><U6/><E49/><V11/><F103/><W131/><G131/><T123/><D123/><U128/><E22/><V5/><F134/><W67/><G67/><T52/><D65/><U88/><E128/><V23/><F66/><W34/><G34/><T90/><D130/><U8/><E8/><V45/><F45/><W105/><G105/><T18/><D90/><AGARI ba="3,1" hai="1,2,5,11,14,23,26,29,55,59,60,82,85,90" machi="90" ten="30,2000,0" yaku="7,1,52,1" doraHai="24" who="2" fromWho="0" sc="245,-29,50,0,383,39,312,0" owari="216,-18.4,50,-45.0,422,52.2,312,11.2" /></mjloggm>