<mjloggm ver="2.3"><GO type="225" lobby="0"/><UN n0="%E3%81%A9%E3%82%8F%E3%82%93%E3%81%94" n1="%E6%80%AA%E3%81%97%E3%81%99%E3%81%8E%E3%82%8B%E3%83%81%E3%83%BC" n2="%6D%75%75%6D%75%72%61" n3="%72%61%6B%33" dan="16,16,17,16" rate="2180.89,2169.24,2170.15,2160.27" sx="M,M,F,M"/><TAIKYOKU oya="0"/><INIT seed="0,0,0,0,3,48" ten="250,250,250,250" oya="0" hai0="110,133,72,62,20,101,109,96,67,86,37,97,33" hai1="4,103,132,75,74,127,92,107,49,22,87,23,55" hai2="5,19,115,63,134,108,125,60,2,126,47,123,73" hai3="3,15,135,45,105,116,84,59,38,21,89,61,24"/><T53/><D33/><U64/><E127/><N who="2" m="48651" /><F123/><W104/><G3/><T71/><D72/><U111/><E111/><N who="0" m="42505" /><D37/><U54/><E132/><V69/><F108/><W94/><G116/><T124/><D133/><U129/><E107/><V88/><F134/><W77/><G135/><T81/><D124/><U93/><E129/><V6/><F115/><W76/><G15/><T78/><D101/><U98/><E64/><N who="2" m="41095" /><F73/><W44/><G105/><T26/><D53/><N who="1" m="19979" /><E74/><V18/><F63/><W66/><G104/><T99/><D97/><N who="1" m="59815" /><E75/><V39/><F2/><W113/><G113/><T79/><D79/><N who="3" m="30281" /><G38/><T102/><D102/><N who="1" m="60751" /><E87/><V65/><F88/><W50/><G50/><T51/><D51/><U41/><E4/><N who="2" m="1643" /><F65/><W128/><G128/><T112/><D112/><U119/><E119/><V121/><F121/><W83/><G94/><T27/><D99/><U30/><E30/><AGARI ba="0,0" hai="21,24,30,44,45,59,61,66,83,84,89" m="30281" machi="30" ten="30,1000,0" yaku="8,1" doraHai="48" who="3" fromWho="1" sc="250,0,250,-10,250,0,250,10" /><INIT seed="1,0,0,5,0,53" ten="250,240,250,260" oya="1" hai0="113,1,2,60,52,88,135,23,26,71,91,39,134" hai1="73,125,94,82,80,127,75,66,36,112,119,70,69" hai2="130,110,64,79,16,109,12,15,40,133,33,31,42" hai3="8,3,51,17,55,41,104,67,72,102,84,76,92"/><U126/><E112/><V22/><F130/><W89/><G67/><T121/><D113/><U38/><E119/><V85/><F133/><N who="0" m="50698" /><D39/><N who="1" m="14891" /><E94/><V115/><F115/><W100/><G41/><T105/><D105/><U118/><E66/><V86/><F64/><W107/><G107/><T28/><D121/><U43/><E43/><V18/><F33/><W74/><G76/><T9/><D71/><N who="1" m="27147" /><E118/><V13/><F31/><W54/><G54/><T14/><D1/><U93/><E93/><V19/><F22/><W90/><G90/><T35/><D2/><U83/><AGARI ba="0,0" hai="73,75,80,82,83,125,126,127" m="27147,14891" machi="83" ten="50,9600,0" yaku="28,2,18,1" doraHai="53" who="1" fromWho="1" sc="250,-32,240,96,250,-32,260,-32" /><INIT seed="1,1,0,5,1,69" ten="218,336,218,228" oya="1" hai0="99,65,135,124,7,44,23,40,132,52,102,134,64" hai1="109,129,101,79,74,24,38,67,68,128,71,25,14" hai2="63,94,54,87,0,9,133,33,131,10,31,93,20" hai3="82,103,36,42,43,120,19,35,6,72,113,22,107"/><U5/><E38/><V50/><F131/><N who="1" m="50249" /><E101/><V110/><F110/><W21/><G35/><T118/><D118/><U39/><E39/><V8/><F133/><W119/><G119/><T84/><D124/><U81/><E109/><V90/><F33/><W108/><G103/><T49/><D7/><U106/><E106/><V73/><F73/><W46/><G6/><T26/><D84/><U111/><E111/><V86/><F0/><W104/><G72/><T29/><REACH who="0" step="1"/><D40/><REACH who="0" ten="208,336,218,228" step="2"/><U17/><E5/><V2/><F2/><W130/><G42/><T37/><D37/><U97/><E74/><V32/><F86/><W1/><G36/><T127/><D127/><U60/><E97/><V57/><F32/><W41/><G130/><T80/><D80/><U56/><E81/><N who="2" m="49519" /><F50/><W4/><G82/><T95/><AGARI ba="1,1" hai="23,26,29,44,49,52,64,65,95,99,102,132,134,135" machi="95" ten="30,8000,1" yaku="1,1,0,1,20,1,54,1,53,1" doraHai="69" doraHaiUra="51" who="0" fromWho="0" sc="208,93,336,-41,218,-21,228,-21" /><INIT seed="2,0,0,5,2,56" ten="301,295,197,207" oya="2" hai0="99,49,27,123,5,72,0,28,23,106,44,126,35" hai1="119,93,46,124,79,77,61,111,132,73,105,128,70" hai2="24,42,51,37,92,64,84,127,113,3,76,100,102" hai3="4,47,69,55,101,95,112,116,108,7,82,54,12"/><V41/><F113/><W62/><G116/><T33/><D123/><U117/><E105/><V114/><F37/><W2/><G2/><T85/><D72/><U36/><E111/><V16/><F3/><W43/><G108/><T6/><D126/><U98/><E124/><V118/><F118/><W50/><G112/><T17/><D35/><U122/><E128/><V53/><F127/><W75/><G101/><N who="2" m="39017" /><F114/><W107/><G107/><T18/><D99/><U86/><E132/><V31/><F31/><W88/><G82/><T91/><D106/><U58/><E70/><V13/><F64/><W133/><G75/><T8/><D6/><U15/><E122/><V60/><F24/><W87/><G133/><T135/><D33/><U57/><E73/><V22/><F60/><W52/><REACH who="3" step="1"/><G12/><REACH who="3" ten="301,295,197,197" step="2"/><N who="0" m="5135" /><D135/><U38/><E15/><V80/><F92/><W40/><G40/><N who="0" m="24711" /><D0/><U109/><E93/><AGARI ba="0,1" hai="17,18,23,27,28,85,91,93" m="24711,5135" machi="93" ten="30,1000,0" yaku="8,1" doraHai="56" who="0" fromWho="1" sc="301,20,295,-10,197,0,197,0" /><INIT seed="3,0,0,2,0,47" ten="321,285,197,197" oya="3" hai0="24,135,9,85,74,45,35,94,116,31,126,84,7" hai1="73,41,97,104,17,65,53,91,95,130,112,34,134" hai2="26,46,125,70,123,98,27,110,66,58,99,93,19" hai3="83,115,89,90,72,106,8,103,131,87,100,118,88"/><W10/><G10/><T12/><D116/><U77/><E112/><V80/><F70/><W22/><G8/><T67/><D74/><U82/><E34/><V15/><F110/><W133/><G115/><T11/><D135/><U81/><E130/><V13/><F125/><W119/><G22/><T42/><D126/><U16/><E104/><V96/><F123/><W122/><G122/><T44/><D67/><U124/><E134/><V38/><F80/><W40/><G40/><T49/><D94/><U61/><E41/><V39/><F46/><W129/><G72/><T20/><D35/><U76/><E53/><V28/><F39/><W30/><G30/><T33/><D33/><U107/><E107/><V121/><F38/><W23/><G23/><T75/><D75/><U127/><E124/><V3/><F3/><W60/><G60/><T113/><D113/><U128/><E128/><N who="3" m="49226" /><G133/><T105/><D105/><U4/><E127/><V69/><F69/><W54/><G54/><T29/><D29/><U6/><E4/><V68/><F68/><W120/><G120/><T63/><D63/><U56/><E6/><V1/><F1/><W57/><G57/><T132/><D132/><U78/><E73/><V109/><F121/><W92/><G106/><T111/><D11/><U102/><E17/><V5/><F28/><W64/><G64/><T117/><D117/><N who="3" m="44553" /><G92/><T62/><D62/><U108/><E16/><V21/><F5/><W79/><AGARI ba="0,0" hai="79,83,87,88,89,90,100,103" m="44553,49226" machi="79" ten="40,12000,1" yaku="19,1,34,2,54,1" doraHai="47" who="3" fromWho="3" sc="321,-40,285,-40,197,-40,197,120" owari="281,8.1,245,-15.5,157,-34.3,317,41.7" /></mjloggm>