<mjloggm ver="2.3"><GO type="225" lobby="0"/><UN n0="%E3%81%AF%E3%82%88%E3%81%8A%E3%81%98%E3%81%95%E3%82%93" n1="%E6%97%A5%E6%9B%9C%E6%97%A5%E3%82%88%E3%82%8A%E3%81%AE%E4%BD%BF%E8%80%85" n2="%E7%99%BD%E6%97%A5%E9%9B%AA%E8%8F%9C" n3="%E3%81%B5%E3%81%98%E3%81%8B%E3%81%A4" dan="17,17,17,16" rate="2188.94,2146.90,2224.21,2187.75" sx="M,M,M,M"/><TAIKYOKU oya="0"/><INIT seed="0,0,0,0,5,65" ten="250,250,250,250" oya="0" hai0="60,133,102,121,127,6,1,130,16,35,67,120,20" hai1="38,112,115,83,116,75,23,18,82,7,104,84,118" hai2="99,129,70,134,89,126,45,58,117,47,27,46,108" hai3="32,44,22,24,92,76,55,69,26,42,41,122,12"/><T123/><D35/><U96/><E38/><V125/><F108/><W56/><G69/><T105/><D127/><N who="2" m="48650" /><F134/><W71/><G71/><T93/><D133/><U30/><E30/><V85/><F70/><W29/><G122/><T87/><D130/><U8/><E75/><V106/><F129/><W79/><G41/><T72/><D72/><U63/><E63/><V10/><F117/><W31/><G12/><T43/><D43/><U135/><E135/><V5/><F58/><W3/><G92/><T36/><D36/><U110/><E96/><V77/><F27/><W114/><G114/><N who="1" m="43562" /><E104/><V52/><F77/><W51/><REACH who="3" step="1"/><G3/><REACH who="3" ten="250,250,250,240" step="2"/><T91/><D1/><N who="1" m="111" /><E110/><V57/><F106/><W4/><G4/><T119/><D6/><U64/><E83/><V98/><F5/><W80/><G80/><T33/><D119/><U17/><E116/><V90/><F10/><W48/><AGARI ba="0,1" hai="22,24,26,29,31,32,42,44,48,51,55,56,76,79" machi="48" ten="20,2700,0" yaku="1,1,0,1,7,1,53,0" doraHai="65" doraHaiUra="131" who="3" fromWho="3" sc="250,-13,250,-7,250,-7,240,37" /><INIT seed="1,0,0,3,0,47" ten="237,243,243,277" oya="1" hai0="93,18,2,134,31,62,60,112,4,15,111,45,122" hai1="77,135,118,11,1,48,26,74,53,32,51,24,42" hai2="58,20,13,64,44,70,27,41,65,34,94,114,28" hai3="7,120,109,67,57,8,79,9,124,123,29,89,71"/><U23/><E118/><V115/><F70/><W0/><G71/><T105/><D105/><U21/><E32/><V10/><F94/><W3/><G79/><T110/><D112/><N who="2" m="43050" /><F58/><W119/><G119/><T68/><D134/><U61/><E74/><V129/><F34/><W104/><G104/><T16/><D122/><U99/><E77/><V54/><F54/><W66/><G109/><N who="0" m="41483" /><D31/><N who="1" m="17807" /><E1/><V33/><F33/><W98/><G29/><T83/><D83/><U6/><E135/><V103/><F103/><W25/><G25/><T130/><D130/><U49/><E99/><V121/><F129/><W72/><G72/><T126/><D126/><U87/><E87/><V36/><F121/><W73/><G73/><T78/><D78/><U56/><E42/><V90/><F90/><W97/><G89/><T75/><D75/><U14/><E61/><N who="0" m="23657" /><D2/><U128/><E128/><V95/><F95/><W63/><G124/><T5/><D68/><U69/><E69/><V107/><F107/><W17/><G67/><T108/><N who="0" m="41491" /><T80/><DORA hai="76" /><D80/><U127/><E127/><V22/><F22/><W86/><G86/><T106/><D93/><U38/><E38/><V92/><F92/><W81/><G81/><T91/><D91/><U40/><E40/><V88/><F88/><W131/><G131/><T52/><D106/><U132/><E132/><V55/><F55/><W125/><G125/><T96/><D96/><N who="3" m="36969" /><G0/><T35/><D35/><U84/><E84/><V102/><F102/><W113/><G113/><T50/><D52/><U37/><E37/><V46/><F46/><W100/><G100/><RYUUKYOKU ba="0,0" sc="237,-30,243,10,243,10,277,10" hai1="6,11,14,23,26,48,49,51,53,56" hai2="10,13,20,27,28,36,41,44,64,65" hai3="3,7,8,9,17,57,63,66,120,123" /><INIT seed="1,1,0,1,1,51" ten="207,253,253,287" oya="1" hai0="20,76,125,87,65,54,60,74,12,81,124,134,67" hai1="127,52,104,128,122,40,112,37,5,28,100,14,43" hai2="79,115,102,27,58,56,61,17,11,34,36,50,72" hai3="2,108,18,93,30,117,129,92,29,135,130,59,126"/><U66/><E28/><V85/><F36/><W24/><G2/><T7/><D134/><U114/><E100/><V39/><F39/><W90/><G108/><T133/><D133/><U31/><E104/><V123/><F123/><W47/><G135/><T118/><D118/><U75/><E75/><V46/><F72/><W83/><G47/><T57/><D74/><U132/><E31/><V26/><F34/><W91/><G126/><N who="0" m="48747" /><D7/><U0/><E14/><N who="2" m="7391" /><F102/><W42/><G42/><T109/><D109/><U33/><E33/><V113/><F79/><W105/><G105/><T70/><D70/><U97/><E5/><V78/><F78/><W49/><G117/><T53/><D65/><U84/><E0/><V21/><F85/><N who="3" m="50495" /><G18/><AGARI ba="1,0" hai="12,18,20,53,54,57,60,67,76,81,87" m="48747" machi="18" ten="30,3900,0" yaku="18,1,52,2" doraHai="51" who="0" fromWho="3" sc="207,42,253,0,253,0,287,-42" /><INIT seed="2,0,0,2,5,64" ten="249,253,253,245" oya="2" hai0="116,40,132,82,81,84,23,57,135,87,10,43,133" hai1="93,110,54,63,80,92,127,88,86,24,12,98,126" hai2="101,65,15,108,112,130,2,96,109,31,33,77,13" hai3="97,69,59,52,115,72,70,107,9,120,71,129,62"/><V118/><F112/><W19/><G120/><T95/><D116/><U113/><E113/><V66/><F118/><W91/><G115/><T60/><D10/><U22/><E110/><N who="2" m="42603" /><F2/><W41/><G41/><N who="0" m="15947" /><D23/><U8/><E63/><V104/><F130/><W124/><G72/><T21/><D21/><U25/><E54/><V38/><F38/><W73/><G73/><T121/><D121/><U78/><E93/><V131/><F131/><W67/><G129/><T79/><D95/><U26/><REACH who="1" step="1"/><E22/><REACH who="1" ten="249,243,253,245" step="2"/><V75/><F66/><W56/><G124/><T45/><D133/><U3/><E3/><V42/><F65/><W50/><G107/><T7/><D60/><U32/><E32/><V122/><F122/><W37/><G37/><T100/><D132/><U55/><E55/><V99/><F42/><W74/><G74/><T16/><D135/><U94/><E94/><V58/><F104/><W83/><G97/><T20/><D20/><U103/><E103/><V6/><F101/><W34/><G34/><T27/><D100/><U111/><E111/><V0/><F0/><W11/><REACH who="3" step="1"/><G19/><AGARI ba="0,1" hai="8,12,19,24,25,26,78,80,86,88,92,98,126,127" machi="19" ten="40,2600,0" yaku="1,1,54,1,53,0" doraHai="64" doraHaiUra="36" who="1" fromWho="3" sc="249,0,243,36,253,0,245,-26" /><INIT seed="3,0,0,0,0,94" ten="249,279,253,219" oya="3" hai0="113,45,48,34,104,43,40,133,114,106,47,95,129" hai1="97,66,6,7,89,87,72,74,13,86,75,132,25" hai2="38,98,107,33,30,56,53,76,36,55,96,115,126" hai3="125,41,51,73,32,11,83,105,42,77,93,58,64"/><W3/><G105/><T26/><D129/><U17/><E132/><V19/><F115/><N who="0" m="44042" /><D133/><U31/><E66/><V122/><F76/><W8/><G125/><T65/><D65/><U127/><E127/><V5/><F126/><W131/><G131/><T110/><D110/><U135/><E135/><V59/><F5/><W84/><G32/><T22/><D95/><U91/><E6/><V57/><F122/><W1/><G1/><T9/><D9/><N who="3" m="3657" /><G3/><T130/><D34/><U134/><E7/><V49/><F19/><W23/><G73/><T78/><D78/><U85/><E134/><V21/><F33/><W81/><G81/><T121/><D121/><U116/><E116/><V90/><F107/><W35/><G35/><T70/><D70/><U18/><E13/><V62/><F59/><W15/><G93/><T4/><D4/><U117/><E117/><V123/><F123/><W0/><G0/><T50/><D130/><U88/><E97/><V60/><F49/><W39/><G39/><T69/><D69/><U99/><E99/><V24/><F98/><W103/><G103/><T128/><D128/><U67/><E67/><V71/><F71/><W82/><G82/><T118/><D118/><U80/><E80/><V61/><F61/><N who="3" m="37943" /><G51/><T29/><AGARI ba="0,0" hai="22,26,29,40,43,45,47,48,50,104,106" m="44042" machi="29" ten="30,1100,0" yaku="11,1" doraHai="94" who="0" fromWho="0" sc="249,11,279,-3,253,-3,219,-5" /><INIT seed="4,0,0,3,1,67" ten="260,276,250,214" oya="0" hai0="130,13,79,109,84,100,27,118,26,48,122,14,120" hai1="97,88,41,38,24,0,105,102,21,112,62,121,36" hai2="11,104,10,75,1,61,110,19,42,134,15,78,116" hai3="45,68,95,117,76,29,107,43,101,47,31,74,49"/><T63/><D118/><U30/><E121/><V124/><F110/><W34/><G117/><T91/><D109/><U123/><E123/><V93/><F104/><W55/><G107/><T77/><D130/><U127/><E0/><V98/><F116/><W7/><G7/><T72/><D72/><U94/><E127/><V52/><F124/><W103/><G68/><T56/><D100/><U17/><E112/><V89/><F134/><W3/><G3/><T4/><D48/><U50/><E17/><V23/><F42/><W132/><G132/><T2/><D2/><U20/><E20/><V18/><F1/><W126/><G126/><T115/><D115/><U16/><E62/><V69/><F19/><W111/><G111/><T39/><D39/><U60/><E60/><V71/><F71/><W87/><G74/><T46/><D46/><U108/><E108/><V37/><F37/><W9/><G9/><N who="0" m="4263" /><D14/><U99/><REACH who="1" step="1"/><E30/><REACH who="1" ten="260,266,250,214" step="2"/><N who="3" m="11274" /><G34/><T119/><D119/><U85/><E85/><V70/><F75/><W125/><G125/><T5/><D5/><U58/><E58/><N who="2" m="35015" /><F70/><W25/><G45/><AGARI ba="0,1" hai="16,21,24,36,38,41,45,50,88,94,97,99,102,105" machi="45" ten="40,8000,1" yaku="1,1,54,2,53,1" doraHai="67" doraHaiUra="22" who="1" fromWho="3" sc="260,0,266,90,250,0,214,-80" owari="260,6.0,356,45.6,250,-15.0,134,-36.6" /></mjloggm>