<mjloggm ver="2.3"><GO type="225" lobby="0"/><UN n0="%E3%81%AF%E3%82%88%E3%81%8A%E3%81%98%E3%81%95%E3%82%93" n1="%E8%BE%9B%E5%8F%A3%E3%82%AB%E3%83%AC%E3%83%BC%E3%83%A9%E3%82%A4%E3%82%B9" n2="%E3%81%86%E3%83%BC%E3%81%B1%E3%83%BC" n3="%6D%75%75%6D%75%72%61" dan="17,16,16,16" rate="2195.48,2210.30,2196.14,2161.02" sx="M,M,F,F"/><TAIKYOKU oya="0"/><INIT seed="0,0,0,0,0,16" ten="250,250,250,250" oya="0" hai0="23,63,12,69,44,93,102,74,81,36,79,32,116" hai1="131,85,107,21,122,68,124,88,111,0,115,117,92" hai2="19,6,67,128,62,25,18,48,40,135,125,103,59" hai3="126,37,91,89,17,39,5,42,110,28,130,35,87"/><T43/><D116/><U9/><RYUUKYOKU type="yao9" ba="0,0" sc="250,0,250,0,250,0,250,0" hai1="0,9,21,68,85,88,92,107,111,115,117,122,124,131" /><INIT seed="0,1,0,4,0,77" ten="250,250,250,250" oya="0" hai0="76,122,36,97,108,23,126,4,71,29,105,91,68" hai1="64,112,14,9,50,73,110,115,66,88,93,57,84" hai2="63,128,5,6,106,37,2,17,72,16,53,26,102" hai3="87,99,38,60,22,103,62,69,120,47,20,90,75"/><T130/><D122/><U33/><E73/><V109/><F37/><W31/><G75/><T79/><D36/><U41/><E33/><V55/><F2/><W34/><G120/><T61/><D126/><U11/><E110/><V51/><F72/><W39/><G34/><T54/><D108/><U21/><E21/><N who="2" m="13607" /><F106/><W74/><G74/><T7/><D130/><U70/><E70/><V92/><F63/><W1/><G1/><T67/><D68/><U101/><E101/><V119/><F128/><W134/><G62/><T15/><D54/><N who="1" m="31959" /><E41/><V131/><F131/><W27/><G20/><T13/><D105/><U133/><E9/><V124/><F124/><W49/><G134/><T89/><D13/><U132/><E66/><V0/><F0/><W114/><G114/><N who="1" m="43562" /><E64/><V58/><F55/><W42/><G60/><T18/><D29/><U32/><E32/><V100/><F109/><W96/><G69/><T95/><D4/><AGARI ba="1,0" hai="4,11,14,84,88,93,132,133" m="43562,31959" machi="4" ten="30,2000,0" yaku="11,1,54,1" doraHai="77" who="1" fromWho="0" sc="250,-23,250,23,250,0,250,0" /><INIT seed="1,0,0,4,4,63" ten="227,273,250,250" oya="1" hai0="114,56,97,10,55,27,108,43,125,83,111,65,8" hai1="126,62,76,101,7,99,112,24,2,22,23,77,26" hai2="48,59,87,104,70,58,116,115,82,14,44,98,47" hai3="16,1,39,109,28,95,11,89,134,124,80,45,67"/><U88/><E112/><V84/><F70/><W71/><G109/><N who="0" m="42059" /><D114/><U119/><E119/><V30/><F116/><W85/><G124/><T19/><D125/><U17/><E126/><V15/><F115/><W118/><G118/><T86/><D97/><U73/><E73/><V75/><F75/><W40/><G134/><T54/><D43/><U105/><E2/><V46/><F30/><W50/><G28/><T103/><D103/><U34/><E34/><V41/><F87/><W36/><G1/><T33/><D33/><U25/><E7/><V127/><F127/><W128/><G128/><T64/><D27/><U91/><E62/><V6/><F98/><W21/><G11/><N who="0" m="4139" /><D19/><U72/><E25/><V122/><F6/><W37/><G95/><T13/><D13/><N who="2" m="4618" /><F104/><W130/><G130/><T0/><D0/><U60/><E60/><V51/><F122/><W96/><G96/><T110/><N who="0" m="42067" /><T20/><DORA hai="32" /><D20/><U102/><E102/><V120/><F120/><W132/><G132/><T135/><D135/><U90/><REACH who="1" step="1"/><E72/><REACH who="1" ten="227,263,250,250" step="2"/><V61/><F61/><W5/><G5/><T9/><D9/><U79/><E79/><N who="2" m="46175" /><F41/><W53/><G40/><T81/><D54/><U3/><E3/><V74/><F74/><W78/><G78/><T69/><D69/><U93/><E93/><V18/><F18/><AGARI ba="0,1" hai="17,18,22,23,24,26,76,77,88,90,91,99,101,105" machi="18" ten="40,7700,0" yaku="1,1,9,1,54,1,53,0" doraHai="63,32" doraHaiUra="117,106" who="1" fromWho="2" sc="227,0,263,87,250,-77,250,0" /><INIT seed="1,1,0,4,5,31" ten="227,350,173,250" oya="1" hai0="60,97,45,83,105,131,101,109,80,13,51,38,2" hai1="33,117,100,40,89,75,99,27,5,123,55,73,116" hai2="118,59,18,29,35,24,81,61,90,6,8,93,53" hai3="92,23,135,87,68,114,50,119,86,65,98,76,69"/><U91/><E123/><V67/><F118/><W121/><G114/><T122/><D2/><U49/><E40/><V14/><F81/><W74/><G121/><T132/><D122/><U4/><E27/><V43/><F43/><W64/><G119/><T0/><D0/><U56/><E33/><V120/><F120/><W126/><G74/><T7/><D38/><U128/><E128/><V125/><F125/><W41/><G126/><T66/><D109/><U115/><E115/><V36/><F36/><W25/><G135/><T103/><D101/><U107/><E75/><V16/><REACH who="2" step="1"/><F67/><REACH who="2" ten="227,350,163,250" step="2"/><W19/><G64/><T15/><D132/><U17/><E117/><V57/><F57/><W63/><G41/><T42/><D131/><U11/><E56/><V111/><F111/><W1/><G65/><T3/><D80/><U26/><E116/><V44/><F44/><W108/><G108/><T52/><D83/><U20/><E73/><V72/><F72/><W112/><G112/><T71/><D42/><U106/><E106/><V54/><F54/><W88/><G68/><T12/><D71/><U28/><E55/><V110/><F110/><W134/><G69/><T46/><D45/><U130/><E107/><V133/><F133/><W94/><G134/><T32/><D66/><U58/><E130/><V39/><F39/><W9/><G76/><T30/><D46/><U104/><E58/><V127/><F127/><W22/><G94/><T70/><D70/><U79/><E79/><V10/><F10/><W129/><G92/><N who="0" m="58791" /><D52/><U48/><E104/><V77/><F77/><W84/><G129/><RYUUKYOKU ba="1,1" sc="227,-10,350,-10,163,30,250,-10" hai2="6,8,14,16,18,24,29,35,53,59,61,90,93" /><INIT seed="2,2,1,2,4,106" ten="217,340,193,240" oya="2" hai0="127,57,17,41,16,109,34,99,122,4,12,32,15" hai1="96,78,91,135,101,79,76,97,64,104,55,39,28" hai2="1,46,60,134,38,82,25,49,47,90,35,5,59" hai3="70,89,52,53,115,124,65,100,112,50,108,72,33"/><V10/><F134/><W3/><G108/><T51/><D122/><U77/><E39/><V75/><F35/><W43/><G124/><T119/><D109/><U121/><E64/><V56/><F25/><W81/><G33/><T132/><D127/><U84/><E55/><N who="3" m="21066" /><G3/><T24/><D57/><U44/><E44/><V42/><F60/><W63/><G100/><T13/><D4/><U45/><E45/><V40/><F90/><W36/><G36/><T48/><D132/><U120/><E28/><V94/><F94/><W113/><G89/><T73/><D73/><U69/><E69/><V118/><F118/><W20/><G20/><T22/><D17/><U71/><E71/><V18/><F18/><W95/><G95/><T7/><D7/><U85/><E135/><V126/><F126/><W80/><G72/><T117/><D99/><U130/><E130/><V21/><F21/><W68/><G68/><T86/><D86/><N who="1" m="33387" /><E76/><AGARI ba="2,1" hai="1,5,10,38,40,42,46,47,49,56,59,75,76,82" machi="76" ten="40,7700,0" yaku="25,2,52,1" doraHai="106" who="2" fromWho="1" sc="217,0,340,-83,193,93,240,0" /><INIT seed="2,3,0,4,1,30" ten="217,257,286,240" oya="2" hai0="112,101,113,23,105,0,24,108,2,3,19,87,73" hai1="133,99,85,75,103,102,104,77,124,22,39,38,109" hai2="66,83,74,9,16,64,76,21,58,114,61,106,129" hai3="130,15,43,45,14,55,68,47,28,53,65,97,17"/><V84/><F114/><W26/><G130/><T12/><D73/><U128/><E109/><V81/><F129/><W78/><G78/><T6/><D87/><U94/><E128/><V98/><F9/><W126/><G126/><T42/><D42/><U59/><E124/><V31/><F31/><W118/><G118/><T27/><D101/><U48/><E133/><V89/><F98/><W34/><G97/><T25/><D105/><U72/><E103/><V49/><F49/><W46/><G43/><T11/><D108/><U7/><E7/><V120/><F106/><W127/><G127/><T18/><D18/><U4/><E4/><V91/><F120/><W79/><G79/><T95/><D95/><U32/><E32/><V115/><F115/><AGARI ba="3,0" hai="0,2,3,6,11,12,19,23,24,25,27,112,113,115" machi="115" ten="50,6400,0" yaku="34,3" doraHai="30" who="0" fromWho="2" sc="217,73,257,0,286,-73,240,0" /><INIT seed="3,0,0,4,4,94" ten="290,257,213,240" oya="3" hai0="96,57,133,18,48,45,4,13,9,89,52,106,76" hai1="61,92,54,130,86,79,1,67,69,8,14,101,88" hai2="27,117,114,21,84,64,78,3,22,20,25,16,116" hai3="80,36,135,83,105,68,65,10,87,39,131,38,107"/><W71/><G131/><T72/><D133/><U30/><E130/><V28/><F64/><W100/><G135/><T37/><D72/><U134/><E134/><V108/><F78/><W74/><G10/><T31/><D76/><U62/><E79/><V77/><F77/><W53/><G74/><T58/><D31/><U118/><E118/><N who="2" m="45675" /><F84/><W59/><G65/><T115/><D115/><U103/><E30/><N who="2" m="17703" /><F114/><W17/><G17/><T33/><D33/><U82/><E1/><V126/><F108/><W56/><G87/><T75/><D75/><U99/><E54/><V19/><F126/><W29/><G29/><T91/><D106/><N who="3" m="40457" /><G53/><T119/><D119/><U24/><E62/><V90/><F90/><N who="0" m="34314" /><D37/><U70/><E103/><V11/><F22/><W66/><G66/><T42/><D52/><U43/><E43/><V40/><F40/><W109/><G100/><T49/><D48/><U46/><E46/><V122/><F122/><W6/><G6/><AGARI ba="0,0" hai="3,6,11,16,19,21,27,28" m="17703,45675" machi="6" ten="30,3900,0" yaku="34,2,54,1" doraHai="94" who="2" fromWho="3" sc="290,0,257,0,213,39,240,-39" /><INIT seed="4,0,0,0,1,5" ten="290,257,252,201" oya="0" hai0="33,123,112,23,19,67,73,107,75,11,7,49,86" hai1="17,114,54,88,21,68,12,124,3,35,58,31,99" hai2="115,131,110,51,36,46,38,39,44,113,65,22,83" hai3="85,45,24,128,20,43,70,71,4,126,61,109,63"/><T64/><D123/><U18/><E68/><V27/><F110/><W121/><G109/><T9/><D33/><U94/><E124/><V26/><F131/><W117/><G117/><T127/><D107/><U78/><E3/><V74/><F65/><N who="0" m="25162" /><D73/><U42/><E114/><N who="2" m="43531" /><F51/><W93/><G126/><T133/><D75/><U53/><E78/><N who="2" m="44503" /><F27/><W97/><G121/><T69/><D69/><U47/><E35/><V37/><N who="2" m="9216" /><DORA hai="103" /><V16/><AGARI ba="0,0" hai="16,22,26,44,46" m="9216,44503,43531" machi="16" ten="60,7900,0" yaku="4,1,15,1,54,1" doraHai="5,103" who="2" fromWho="2" sc="290,-39,257,-20,252,79,201,-20" owari="251,5.1,237,-16.3,331,43.1,181,-31.9" /></mjloggm>