<mjloggm ver="2.3"><GO type="225" lobby="0"/><UN n0="%73%75%7A%75%6D%65%33" n1="%E3%82%B7%E3%83%B3%E5%A4%AA%E6%9C%97" n2="%E6%B8%A9%E2%98%85%E6%83%85%E2%98%85%E6%8E%AA%E2%98%85%E7%BD%AE" n3="%6D%75%75%6D%75%72%61" dan="18,16,17,16" rate="2197.20,2184.97,2234.05,2123.15" sx="M,M,M,F"/><TAIKYOKU oya="0"/><INIT seed="0,0,0,5,0,114" ten="250,250,250,250" oya="0" hai0="54,28,103,16,2,40,59,80,127,43,98,53,101" hai1="5,17,66,47,112,55,18,88,12,33,7,10,26" hai2="87,25,50,122,111,0,69,1,30,96,42,51,3" hai3="39,70,62,76,129,8,121,83,63,90,57,34,79"/><T11/><D127/><U9/><E112/><V29/><F122/><W132/><G121/><T124/><D124/><U60/><E55/><N who="0" m="21001" /><D2/><U67/><E47/><V95/><F111/><W38/><G34/><T104/><D104/><U19/><E67/><V64/><F87/><W93/><G70/><T120/><D120/><U100/><E100/><N who="0" m="38473" /><D98/><U44/><E44/><V73/><F73/><W35/><G35/><T45/><D45/><U52/><E52/><V71/><F42/><N who="0" m="15914" /><D80/><U41/><E41/><V31/><F25/><W126/><G83/><T135/><D135/><U119/><E33/><V131/><F64/><W86/><G132/><T27/><D59/><U46/><E46/><V99/><F29/><W109/><G57/><T77/><D77/><U133/><E26/><V21/><F1/><W115/><G79/><T14/><D27/><U113/><E133/><V82/><F82/><W106/><G76/><T84/><D84/><U108/><E113/><V65/><F65/><W123/><G123/><T6/><D28/><U117/><E108/><V13/><F31/><W36/><G109/><T91/><D91/><U89/><E66/><V72/><F30/><W23/><G126/><T75/><D75/><U130/><E60/><V22/><F72/><W102/><G115/><T128/><D128/><U48/><E130/><V49/><F131/><W134/><G129/><T78/><D78/><U110/><E110/><V24/><F69/><W4/><G134/><T85/><D85/><U61/><E61/><N who="3" m="23050" /><G102/><T81/><D81/><U107/><E107/><V116/><F71/><W15/><G106/><RYUUKYOKU ba="0,0" sc="250,15,250,-15,250,-15,250,15" hai0="6,11,14,16" hai3="4,8,15,23,36,38,39,86,90,93" /><INIT seed="0,1,0,2,4,84" ten="265,235,235,265" oya="0" hai0="73,62,45,47,40,2,32,64,52,18,66,80,71" hai1="104,110,26,96,122,58,49,21,111,114,37,76,22" hai2="128,79,35,60,68,117,42,119,83,129,65,30,135" hai3="133,118,0,69,72,63,85,77,8,113,10,13,115"/><T81/><D2/><U29/><E122/><V51/><F135/><W41/><G118/><N who="2" m="45065" /><F51/><W74/><G133/><T101/><D32/><U11/><E37/><V121/><F42/><W12/><G0/><T93/><D73/><U56/><E114/><V5/><F5/><W97/><G41/><T109/><D109/><N who="1" m="41483" /><E76/><V98/><F98/><W107/><G97/><N who="0" m="59567" /><D71/><U91/><E11/><V43/><F43/><W44/><G69/><T38/><D38/><U1/><E1/><V131/><F121/><W53/><G107/><T19/><D40/><U23/><E49/><V89/><F89/><W90/><G77/><T9/><D9/><U61/><E56/><V59/><F59/><W17/><G113/><T94/><D45/><U112/><E112/><V92/><F92/><N who="3" m="54351" /><G115/><T86/><D94/><N who="1" m="56415" /><E104/><V120/><F120/><W105/><G105/><T106/><D106/><U24/><E24/><N who="2" m="18887" /><F131/><W27/><G27/><T67/><D80/><U48/><E48/><V130/><F129/><W55/><G44/><T124/><D124/><U126/><E126/><V14/><F14/><W46/><G46/><T134/><D134/><U7/><E7/><V100/><F100/><W108/><G108/><T78/><D47/><U39/><E39/><V4/><F4/><W16/><G72/><AGARI ba="1,0" hai="60,65,68,72,79,83,128,130" m="18887,45065" machi="72" ten="30,2000,0" yaku="12,1,23,1" doraHai="84" who="2" fromWho="3" sc="265,0,235,0,235,23,265,-23" /><INIT seed="1,0,0,4,5,51" ten="265,235,258,242" oya="1" hai0="135,14,21,0,108,37,53,133,102,101,114,104,23" hai1="58,111,4,92,29,38,78,95,87,120,34,128,110" hai2="98,5,19,68,118,7,109,127,90,113,3,22,9" hai3="8,103,116,41,57,45,130,123,73,11,59,69,48"/><U47/><E120/><V71/><F118/><W126/><G69/><T99/><D0/><U17/><E128/><V44/><F109/><N who="1" m="41481" /><E4/><V106/><F127/><W28/><G123/><T62/><D108/><U33/><E17/><V20/><F113/><W122/><G122/><T100/><D114/><U119/><E119/><V24/><F7/><W43/><G73/><T16/><D37/><U72/><E72/><V60/><F44/><W84/><G116/><T1/><D23/><U105/><E105/><V12/><F60/><W85/><G130/><T27/><D27/><N who="1" m="18623" /><E34/><V50/><F50/><W94/><G28/><T67/><D1/><U64/><E78/><V32/><F32/><W132/><G126/><T10/><D10/><U74/><E74/><V86/><F22/><W117/><G117/><T121/><D121/><U39/><E87/><V77/><F3/><W40/><G84/><T66/><D104/><U88/><E47/><V91/><F77/><W25/><G25/><T65/><REACH who="0" step="1"/><D99/><REACH who="0" ten="255,235,258,242" step="2"/><N who="1" m="57735" /><E95/><V42/><F106/><W80/><G11/><T131/><D131/><U13/><E13/><V134/><F12/><W61/><G8/><T96/><D96/><U93/><E93/><N who="2" m="54487" /><F9/><W26/><G94/><T52/><D52/><U46/><E46/><V15/><F98/><W75/><G45/><T49/><D49/><U54/><E64/><V2/><F2/><W81/><G48/><AGARI ba="0,1" hai="38,39,48,54,58" m="57735,18623,41481" machi="48" ten="30,11600,0" yaku="14,1,10,1,52,1,54,1" doraHai="51" who="1" fromWho="3" sc="255,0,235,126,258,0,242,-116" /><INIT seed="1,1,0,3,1,15" ten="255,361,258,126" oya="1" hai0="6,91,7,128,5,35,21,16,61,32,95,77,18" hai1="45,98,8,66,1,60,106,13,20,86,110,71,37" hai2="42,92,67,103,41,118,30,99,100,12,93,120,79" hai3="75,107,125,44,28,112,122,39,111,73,24,135,104"/><U17/><E110/><V54/><F118/><W46/><G112/><T101/><D128/><U109/><E109/><V55/><F120/><W94/><G111/><T50/><D77/><U34/><E34/><V11/><F67/><W70/><G122/><T119/><D119/><U36/><E45/><V96/><F30/><W76/><G70/><T113/><D113/><U69/><E69/><V134/><F79/><W62/><G135/><T0/><D0/><U64/><E64/><V51/><F134/><W127/><G62/><T3/><D3/><U10/><E86/><V74/><F74/><W23/><G94/><T33/><D61/><U83/><E83/><V63/><F63/><W133/><G133/><T124/><D124/><U87/><E87/><V2/><F2/><W105/><G46/><T121/><D101/><U53/><E53/><N who="2" m="19979" /><F51/><W88/><G76/><T116/><D116/><U84/><E84/><V43/><F42/><W38/><G88/><T90/><D50/><U14/><E1/><V56/><F56/><W49/><G75/><T57/><D57/><U131/><E131/><V123/><F123/><W22/><G73/><T129/><D121/><U97/><E20/><V59/><F59/><W80/><G23/><T114/><D129/><U130/><E130/><V31/><F31/><W19/><G28/><T85/><D114/><U117/><E117/><V48/><F48/><W9/><G39/><T27/><REACH who="0" step="1"/><D90/><REACH who="0" ten="245,361,258,126" step="2"/><U40/><E36/><V108/><F108/><W52/><G38/><T89/><D89/><U78/><E37/><V47/><F47/><W25/><G125/><RYUUKYOKU ba="1,1" sc="245,15,361,-15,258,15,126,-15" hai0="5,6,7,16,18,21,27,32,33,35,85,91,95" hai2="11,12,41,43,92,93,96,99,100,103" /><INIT seed="2,2,1,5,2,104" ten="260,346,273,111" oya="2" hai0="129,88,54,110,22,99,43,23,76,72,113,118,108" hai1="124,75,66,103,114,8,98,9,82,12,7,78,44" hai2="86,51,42,2,112,116,74,80,0,105,6,71,117" hai3="3,39,55,130,10,84,15,61,18,49,36,25,4"/><V59/><F112/><W14/><G130/><T53/><D113/><U90/><E124/><V33/><F105/><W5/><G61/><T123/><D123/><U107/><E114/><V101/><F71/><W106/><G106/><T47/><D129/><U68/><E68/><V97/><F33/><W40/><G40/><T100/><D118/><U94/><E66/><V24/><F74/><W83/><G25/><T31/><D100/><U70/><E70/><V56/><F24/><W67/><G67/><T79/><D31/><U115/><E115/><V91/><F59/><W95/><G95/><N who="0" m="56807" /><D23/><U64/><E64/><V52/><F42/><W128/><G3/><T11/><D22/><U131/><E131/><V57/><F57/><W120/><G128/><T17/><D17/><U121/><E121/><V73/><F73/><W19/><G120/><T132/><D11/><U134/><E44/><V63/><F63/><W28/><G28/><T27/><D27/><U58/><E58/><V26/><F26/><W93/><G93/><T85/><D85/><N who="1" m="52559" /><E9/><V34/><F34/><W69/><G69/><T1/><D1/><U20/><E20/><V35/><F35/><W21/><G39/><N who="0" m="22015" /><D132/><AGARI ba="2,1" hai="7,8,12,75,78,82,98,103,107,132,134" m="52559" machi="132" ten="30,2000,0" yaku="24,1,52,1" doraHai="104" who="1" fromWho="0" sc="260,-26,346,36,273,0,111,0" /><INIT seed="3,0,0,3,2,85" ten="234,382,273,111" oya="3" hai0="41,6,22,39,66,19,133,7,2,77,10,109,95" hai1="37,35,111,15,80,69,12,1,57,45,31,30,122" hai2="116,114,102,46,89,33,67,47,127,107,101,83,90" hai3="75,106,24,98,121,76,110,115,118,87,123,72,132"/><W59/><G115/><T8/><D109/><U23/><E111/><V81/><F114/><W20/><G110/><T28/><D133/><U58/><E69/><V105/><F33/><W62/><G118/><T0/><D66/><U74/><E1/><V63/><F67/><W53/><G132/><T134/><D134/><U14/><E35/><V124/><REACH who="2" step="1"/><F63/><REACH who="2" ten="234,382,263,111" step="2"/><W27/><G121/><T120/><D120/><U112/><E112/><V97/><F97/><W93/><G123/><T13/><D77/><U5/><E122/><V42/><F42/><W60/><G60/><T128/><D128/><U50/><E5/><V88/><F88/><W82/><G106/><T17/><D41/><U18/><E37/><V117/><AGARI ba="0,1" hai="46,47,81,83,89,90,101,102,105,107,116,117,124,127" machi="117" ten="25,12000,2" yaku="1,1,0,1,22,2,52,2,53,0" doraHai="85" doraHaiUra="126" who="2" fromWho="2" sc="234,-30,382,-30,263,130,111,-60" owari="204,-19.6,352,15.2,393,49.3,51,-44.9" /></mjloggm>