<mjloggm ver="2.3"><GO type="225" lobby="0"/><UN n0="%E6%B8%A9%E2%98%85%E6%83%85%E2%98%85%E6%8E%AA%E2%98%85%E7%BD%AE" n1="%E3%82%B2%E3%82%B9%E8%8C%82%E5%8B%9D" n2="%48%61%61%61%6C%61%6E%64" n3="%E6%9D%B1%E9%A2%A8%E3%81%AE%E3%81%8D%E3%82%83%E3%81%B7%E3%81%95%E3%82%93" dan="17,16,18,16" rate="2226.37,2096.02,2227.44,2216.47" sx="M,F,M,M"/><TAIKYOKU oya="0"/><INIT seed="0,0,0,5,1,35" ten="250,250,250,250" oya="0" hai0="84,30,95,76,73,88,25,91,68,109,6,131,102" hai1="46,92,48,10,14,85,134,27,7,122,40,53,93" hai2="1,52,49,11,4,98,97,41,89,0,135,24,127" hai3="77,103,23,2,64,22,112,108,107,129,120,67,9"/><T130/><D68/><U50/><E134/><V62/><F135/><W28/><G77/><T113/><D113/><U26/><E122/><V125/><F41/><W110/><G112/><T133/><D133/><U111/><E111/><N who="3" m="42538" /><G120/><T36/><D36/><U16/><E7/><V63/><F1/><W15/><G2/><T29/><D109/><U54/><E40/><V33/><F33/><W31/><G103/><T119/><D119/><U94/><REACH who="1" step="1"/><E85/><REACH who="1" ten="250,240,250,250" step="2"/><V116/><F4/><N who="3" m="3495" /><G129/><T38/><D6/><U121/><E121/><V43/><F43/><W57/><G107/><T66/><D130/><U124/><E124/><V74/><F125/><W56/><G67/><T61/><D131/><U72/><E72/><V13/><F74/><W59/><G64/><T32/><D73/><U126/><E126/><V12/><F127/><W118/><G118/><T58/><D38/><U45/><AGARI ba="0,1" hai="10,14,16,26,27,45,46,48,50,53,54,92,93,94" machi="45" ten="30,8000,1" yaku="1,1,0,1,9,1,8,1,54,1,53,0" doraHai="35" doraHaiUra="37" who="1" fromWho="1" sc="250,-40,240,90,250,-20,250,-20" /><INIT seed="1,0,0,1,0,118" ten="210,330,230,230" oya="1" hai0="90,23,129,19,99,26,102,10,62,37,106,96,39" hai1="116,44,32,125,130,91,112,108,2,58,69,68,97" hai2="113,85,25,54,60,126,1,14,66,51,74,89,111" hai3="115,43,87,29,121,93,45,16,55,49,21,4,135"/><U41/><E2/><V15/><F1/><W114/><G4/><T53/><D129/><U57/><E32/><V47/><F74/><W73/><G73/><T117/><D117/><U120/><E91/><V0/><F0/><W63/><G29/><T67/><D10/><U127/><E97/><V38/><F111/><W18/><G135/><T28/><D28/><U133/><E116/><V77/><F77/><W86/><G121/><T123/><D123/><U9/><E9/><V80/><F126/><N who="1" m="48137" /><E133/><V65/><F113/><W94/><G115/><T31/><D31/><U119/><E119/><V75/><F75/><W22/><G114/><T13/><D13/><U3/><E3/><V84/><F84/><N who="3" m="32299" /><G63/><T104/><D53/><U131/><E112/><V101/><F101/><W52/><G21/><T105/><D90/><U81/><E81/><V132/><F132/><W12/><G18/><T40/><D40/><U24/><E24/><V122/><F25/><W61/><G43/><T34/><D34/><U82/><E82/><V42/><F122/><W83/><G83/><T35/><D35/><U46/><E108/><V50/><F14/><W7/><G7/><T134/><D134/><U70/><E41/><V107/><F15/><W30/><G30/><T100/><REACH who="0" step="1"/><D106/><REACH who="0" ten="200,330,230,230" step="2"/><U109/><E120/><V36/><F107/><W92/><G55/><T8/><D8/><U98/><E109/><V64/><REACH who="2" step="1"/><F60/><REACH who="2" ten="200,330,220,230" step="2"/><W79/><G61/><T5/><D5/><U78/><E130/><V124/><F124/><W48/><G79/><T33/><D33/><U11/><E131/><V88/><F88/><RYUUKYOKU ba="0,2" sc="200,10,330,-30,220,10,230,10" hai0="19,23,26,37,39,62,67,96,99,100,102,104,105" hai2="36,38,42,47,50,51,54,64,65,66,80,85,89" hai3="12,16,22,45,48,49,52,92,93,94" /><INIT seed="2,1,2,2,0,111" ten="210,300,230,240" oya="2" hai0="17,88,49,109,38,81,118,41,96,11,94,8,71" hai1="72,73,44,91,107,101,82,65,52,25,86,113,31" hai2="105,128,30,134,80,5,77,103,87,135,53,127,90" hai3="97,122,115,104,48,68,45,34,55,112,92,70,39"/><V43/><F43/><N who="3" m="22783" /><G34/><T18/><D71/><U6/><E113/><N who="3" m="43594" /><G104/><T22/><D38/><U84/><E65/><V57/><F127/><W102/><G122/><T69/><D69/><U13/><E101/><V100/><F128/><W133/><G133/><N who="2" m="50697" /><F30/><W61/><G61/><T35/><D35/><U28/><E107/><V20/><F105/><W7/><G7/><T67/><D67/><U75/><E25/><V106/><F5/><W62/><G62/><T12/><D109/><U76/><E13/><V10/><F106/><W99/><G99/><T33/><D33/><U114/><E6/><V58/><F103/><W125/><G125/><T64/><D64/><U26/><E114/><V3/><F100/><W15/><G15/><T0/><D0/><U83/><E26/><V79/><F3/><W24/><G24/><T130/><D130/><U110/><E110/><V85/><F53/><W27/><G27/><T116/><D18/><U40/><E52/><V21/><F10/><W126/><G126/><T93/><D8/><U63/><E63/><V117/><F20/><W1/><G1/><T123/><D11/><U120/><E120/><V56/><F21/><W60/><G60/><T36/><D123/><U29/><E29/><V89/><F117/><N who="0" m="45162" /><D96/><U78/><E31/><V121/><F121/><W66/><G66/><T46/><D36/><N who="1" m="21511" /><E28/><V9/><F9/><W37/><G37/><T129/><D129/><U4/><E4/><V19/><F19/><W47/><AGARI ba="1,2" hai="47,48,55,68,70,92,97,102" m="43594,22783" machi="47" ten="30,7900,0" yaku="11,1,52,3" doraHai="111" who="3" fromWho="3" sc="210,-21,300,-21,230,-40,240,102" /><INIT seed="3,0,0,1,1,100" ten="189,279,190,342" oya="3" hai0="44,3,103,53,109,89,114,45,12,77,110,78,57" hai1="22,84,21,92,37,40,66,67,90,55,58,65,20" hai2="83,69,122,73,124,119,115,10,68,86,64,19,107" hai3="70,91,38,41,99,54,11,112,130,71,25,32,72"/><W134/><G72/><T31/><D3/><U96/><E37/><V7/><F115/><W14/><G54/><T4/><D114/><U80/><E40/><V43/><F119/><W82/><G82/><T106/><D31/><U30/><E30/><V120/><F124/><W9/><G9/><N who="0" m="4135" /><D89/><N who="1" m="51335" /><E67/><V74/><F19/><W133/><G99/><N who="0" m="61823" /><D78/><U131/><E131/><V81/><F43/><W125/><G134/><T126/><D77/><U60/><AGARI ba="0,0" hai="20,21,22,55,58,60,65,66,90,92,96" m="51335" machi="60" ten="30,1100,0" yaku="8,1" doraHai="100" who="1" fromWho="1" sc="189,-3,279,11,190,-3,342,-5" owari="186,-31.4,290,9.0,187,-21.3,337,43.7" /></mjloggm>