<mjloggm ver="2.3"><GO type="225" lobby="0"/><UN n0="%E3%81%A8%E3%82%93%E3%81%A8%E3%81%93%E3%81%A8%E3%82%93" n1="%6C%61%6D%62" n2="%E6%B8%A9%E2%98%85%E6%83%85%E2%98%85%E6%8E%AA%E2%98%85%E7%BD%AE" n3="%E5%A4%9C%E3%81%AE%E3%82%AC%E3%82%B9%E3%83%91%E3%83%BC%E3%83%AB" dan="16,16,17,16" rate="2173.74,2140.74,2261.82,2087.56" sx="F,M,M,M"/><TAIKYOKU oya="0"/><INIT seed="0,0,0,3,0,48" ten="250,250,250,250" oya="0" hai0="128,27,94,81,110,80,11,133,52,71,3,62,33" hai1="13,31,49,104,34,40,73,74,107,14,130,59,76" hai2="4,123,28,25,36,0,88,54,70,32,126,24,79" hai3="82,17,20,67,9,99,112,101,77,42,97,109,63"/><T83/><D128/><U68/><E68/><V46/><F123/><W41/><G112/><T127/><D127/><U91/><E34/><V45/><F126/><W113/><G113/><T2/><D133/><U56/><E31/><V84/><F70/><W66/><G109/><T86/><D11/><U135/><E91/><V93/><F36/><W120/><G9/><T21/><D33/><U53/><E40/><V6/><F79/><W61/><G120/><T8/><D8/><U44/><E130/><V121/><F121/><W19/><G82/><T95/><D110/><U100/><E100/><V15/><F0/><W7/><G77/><T18/><D71/><U55/><E44/><V5/><F15/><W69/><G69/><T75/><D75/><U85/><E49/><V78/><F25/><W124/><G124/><T43/><D43/><U47/><E47/><V129/><F129/><W23/><REACH who="3" step="1"/><G101/><REACH who="3" ten="250,250,250,240" step="2"/><T22/><D80/><U114/><E76/><V103/><F103/><W50/><G50/><T90/><D81/><U35/><E114/><V122/><F122/><W105/><G105/><T108/><D108/><U16/><E135/><V117/><F78/><W115/><G115/><T64/><D83/><U39/><E39/><V89/><F89/><W92/><G92/><T29/><D95/><U116/><E104/><V87/><F88/><W38/><G38/><T111/><D111/><U65/><E107/><V106/><F106/><W132/><G132/><T12/><D64/><U98/><E65/><V26/><F93/><W72/><G72/><T58/><AGARI ba="0,1" hai="2,3,12,18,21,22,27,29,52,58,62,86,90,94" machi="58" ten="30,6000,0" yaku="0,1,52,1,54,1" doraHai="48" who="0" fromWho="0" sc="250,70,250,-20,250,-20,240,-20" /><INIT seed="0,1,0,2,5,30" ten="320,230,230,220" oya="0" hai0="80,55,6,94,99,121,56,49,89,92,113,12,58" hai1="35,88,120,100,21,50,19,87,14,39,0,33,47" hai2="97,86,84,36,38,17,109,77,66,13,65,15,133" hai3="70,76,53,125,54,123,22,91,34,10,93,31,96"/><T110/><D113/><U1/><E120/><V41/><F41/><W59/><G70/><T43/><D121/><U85/><E39/><V78/><F97/><W115/><G123/><T75/><D43/><U27/><E100/><V107/><F17/><W29/><G115/><T90/><D110/><U102/><E102/><V42/><F42/><W128/><G125/><T52/><D75/><U135/><E87/><V44/><F44/><W67/><G128/><T48/><D80/><U111/><E135/><V95/><F95/><W8/><G76/><T20/><D6/><U118/><E118/><V9/><F9/><W23/><G34/><T82/><D82/><U24/><E111/><V122/><F122/><W4/><G67/><T72/><D72/><U71/><E71/><V32/><F109/><W51/><G54/><T108/><D108/><U129/><E129/><V73/><F73/><W103/><G103/><T98/><D12/><U11/><E24/><V45/><F45/><W104/><G104/><T116/><REACH who="0" step="1"/><D20/><REACH who="0" ten="310,230,230,220" step="2"/><N who="3" m="7721" /><G4/><T119/><AGARI ba="1,1" hai="48,49,52,55,56,58,89,90,92,94,98,99,116,119" machi="119" ten="30,18000,2" yaku="1,1,0,1,32,3,54,1,53,0" doraHai="30" doraHaiUra="7" who="0" fromWho="0" sc="310,193,230,-61,230,-61,220,-61" /><INIT seed="0,2,0,5,1,106" ten="503,169,169,159" oya="0" hai0="63,102,35,134,54,113,121,115,14,44,128,107,60" hai1="46,40,59,24,61,93,51,49,108,68,19,27,95" hai2="100,122,119,22,103,17,16,73,91,31,80,135,79" hai3="129,86,55,70,9,130,118,67,48,105,99,53,11"/><T56/><D121/><U3/><E3/><V114/><F122/><W85/><G118/><T28/><D128/><N who="3" m="49257" /><G70/><T77/><D134/><U132/><E132/><V109/><F135/><W21/><G67/><T71/><D77/><U133/><E133/><V123/><F123/><W74/><G21/><T12/><D44/><N who="1" m="25991" /><E68/><V41/><F114/><W62/><G74/><T110/><D12/><U23/><E108/><V15/><F119/><W64/><G64/><N who="0" m="41351" /><D14/><U50/><E27/><V2/><F2/><W4/><G62/><T131/><D110/><U111/><E50/><V83/><F109/><W38/><G38/><T89/><D131/><U92/><E111/><V34/><F41/><W120/><G120/><T37/><D37/><U124/><E49/><V78/><F91/><W39/><G39/><T43/><D89/><U65/><E124/><V30/><F17/><W88/><G55/><T10/><D43/><U94/><N who="1" m="23552" /><DORA hai="117" /><U25/><E25/><V96/><F34/><W82/><G86/><T125/><D125/><U20/><E20/><V32/><F32/><W26/><G26/><N who="0" m="18839" /><D10/><U104/><E46/><V81/><F31/><W98/><G11/><T126/><D126/><U127/><E127/><V72/><F30/><W7/><G9/><T116/><D116/><U66/><E66/><V36/><F36/><W97/><G105/><T101/><D107/><U1/><E104/><N who="2" m="63495" /><F103/><W69/><G69/><T52/><D102/><U57/><E1/><V0/><F0/><W112/><G112/><T18/><D101/><U33/><E33/><V8/><F8/><W75/><G75/><AGARI ba="2,0" hai="15,16,22,72,73,75,78,79,80,81,83" m="63495" machi="75" ten="30,8000,1" yaku="6,1,52,3,54,1" doraHai="106,117" who="2" fromWho="3" sc="503,0,169,0,169,86,159,-86" /><INIT seed="1,0,0,4,5,119" ten="503,169,255,73" oya="1" hai0="32,64,123,36,18,33,45,56,128,78,10,19,103" hai1="55,37,94,67,4,75,69,98,5,41,39,30,130" hai2="63,121,23,34,87,77,66,106,85,97,51,73,6" hai3="15,88,43,50,134,92,52,22,84,126,60,38,81"/><U42/><E75/><V124/><F34/><W29/><G126/><T72/><D103/><U3/><E30/><V58/><F124/><W31/><G134/><T125/><D78/><U120/><E120/><V95/><F6/><W9/><G38/><T114/><D10/><U26/><E26/><V108/><F121/><W132/><G132/><T48/><D36/><U61/><E130/><V27/><F106/><W21/><G43/><T47/><D64/><U91/><E39/><V53/><F108/><W16/><G60/><T82/><D56/><U101/><E3/><V54/><F73/><W40/><G40/><T105/><D82/><U107/><E42/><V11/><F11/><W112/><G112/><T71/><D48/><U68/><E68/><V8/><F8/><W96/><G22/><T0/><D105/><U115/><E55/><N who="2" m="21003" /><F77/><W100/><REACH who="3" step="1"/><G21/><REACH who="3" ten="503,169,255,63" step="2"/><T12/><D114/><U113/><E113/><V7/><F63/><W122/><G122/><T62/><D123/><U24/><E115/><V44/><F23/><W111/><G111/><T70/><D62/><U90/><E41/><V83/><F51/><W89/><G89/><T17/><D125/><U57/><E37/><V118/><F118/><W104/><G104/><T102/><D33/><U35/><E69/><V109/><F109/><W131/><G131/><T135/><D128/><U129/><E129/><V117/><F117/><W76/><G76/><T46/><D71/><U74/><E90/><V110/><F110/><W49/><G49/><T99/><D70/><N who="1" m="42351" /><E91/><V28/><F66/><W13/><G13/><T79/><D12/><RYUUKYOKU ba="0,1" sc="503,-10,169,-10,255,-10,63,30" hai3="9,15,16,29,31,50,52,81,84,88,92,96,100" /><INIT seed="2,1,1,5,4,30" ten="493,159,245,93" oya="2" hai0="86,107,84,73,134,59,75,116,34,16,18,49,65" hai1="50,69,45,95,129,85,83,122,131,51,56,53,94" hai2="47,81,77,128,19,99,52,117,25,60,9,114,64" hai3="90,110,93,8,74,113,78,35,54,24,6,82,96"/><V10/><F114/><W57/><G113/><T127/><D107/><U58/><E69/><V40/><F117/><W121/><G110/><T126/><D34/><U124/><E124/><V3/><F128/><N who="1" m="49225" /><E122/><V100/><F3/><W1/><G121/><T62/><D49/><U27/><E27/><V5/><F5/><W108/><G108/><T67/><D134/><U101/><E101/><V89/><F89/><W33/><REACH who="3" step="1"/><G24/><REACH who="3" ten="493,159,245,83" step="2"/><T119/><D119/><U66/><E66/><V39/><F25/><W103/><G103/><T106/><D116/><U0/><E0/><V130/><F100/><W98/><G98/><T76/><D126/><U22/><E22/><V26/><F99/><W41/><G41/><T20/><D20/><U43/><E56/><V79/><F26/><W109/><G109/><T125/><D59/><U63/><E63/><AGARI ba="1,2" hai="1,6,8,33,35,54,57,63,74,78,82,90,93,96" machi="63" ten="30,7700,0" yaku="1,1,7,1,52,2,53,0" doraHai="30" doraHaiUra="12" who="3" fromWho="1" sc="493,0,159,-80,245,0,83,100" /><INIT seed="3,0,0,0,3,64" ten="493,79,245,183" oya="3" hai0="100,59,69,33,125,53,88,105,118,4,78,61,6" hai1="15,2,121,84,28,55,29,56,17,21,13,49,34" hai2="93,43,60,40,50,39,102,77,129,51,131,86,87" hai3="7,119,97,63,24,90,85,48,117,1,83,10,94"/><W45/><G24/><T26/><D118/><U120/><E120/><V44/><F43/><W122/><G122/><T91/><D78/><U38/><E38/><V9/><F60/><W98/><G63/><T96/><D125/><U31/><E121/><V126/><F126/><W23/><G23/><T19/><D69/><U47/><E2/><V37/><F9/><W8/><G10/><T32/><D32/><U133/><E133/><V27/><F27/><W35/><G35/><T74/><D74/><U115/><E115/><V52/><F77/><W72/><G72/><T130/><D130/><N who="2" m="49674" /><F102/><W101/><REACH who="3" step="1"/><G98/><REACH who="3" ten="493,79,245,173" step="2"/><T46/><D33/><U14/><E34/><V22/><F22/><W89/><G89/><T3/><D88/><U116/><E116/><V71/><F87/><W68/><G68/><T75/><D26/><U18/><E84/><V79/><F71/><W62/><G62/><T36/><D91/><U41/><REACH who="1" step="1"/><E21/><REACH who="1" ten="493,69,245,173" step="2"/><V81/><F86/><W134/><G134/><T82/><D61/><U57/><E57/><V103/><F79/><W58/><G58/><T12/><D75/><U80/><E80/><V124/><F81/><W95/><G95/><T25/><D82/><U65/><E65/><V5/><F124/><W123/><G123/><T128/><D25/><U92/><E92/><V54/><F93/><W20/><G20/><T112/><D59/><U113/><E113/><V107/><F107/><W0/><G0/><T76/><D96/><U106/><E106/><V67/><F67/><W66/><G66/><T70/><D3/><U127/><E127/><V110/><F39/><RYUUKYOKU ba="0,2" sc="493,-15,69,15,245,-15,173,15" hai1="13,14,15,17,18,28,29,31,41,47,49,55,56" hai3="1,7,8,45,48,83,85,90,94,97,101,117,119" /><INIT seed="3,1,2,5,3,7" ten="478,84,230,188" oya="3" hai0="5,47,50,106,14,0,65,83,111,10,57,100,122" hai1="53,135,118,35,39,43,99,75,125,24,36,29,85" hai2="66,131,1,23,13,55,48,64,22,126,33,44,49" hai3="110,97,26,87,120,60,63,93,89,52,16,123,82"/><W45/><G110/><T104/><D122/><U72/><E53/><N who="2" m="29831" /><F33/><W68/><G68/><T88/><D100/><U8/><E135/><V62/><F1/><W51/><G120/><T59/><D0/><U113/><E125/><V25/><F131/><W67/><G67/><N who="2" m="25641" /><F62/><W9/><G123/><T129/><D104/><U90/><E113/><V112/><F112/><W2/><G2/><T3/><D106/><U34/><E34/><V46/><F126/><W105/><G105/><T81/><D129/><U54/><E118/><V40/><F13/><N who="3" m="7215" /><G26/><T12/><D111/><U114/><E114/><V32/><F32/><W96/><G96/><T92/><D3/><U77/><E54/><V58/><F25/><W71/><G71/><T121/><D121/><U21/><E35/><V30/><F30/><W115/><G115/><T15/><D65/><U6/><E75/><V94/><F94/><W11/><G11/><T73/><D73/><U116/><E72/><V95/><F95/><W108/><G108/><T84/><D92/><U69/><E69/><V98/><F98/><W119/><G119/><T132/><D132/><U107/><E116/><V70/><F70/><W41/><G41/><N who="0" m="24943" /><D81/><N who="1" m="47279" /><E43/><V28/><F40/><W31/><G31/><T109/><D109/><U128/><E128/><V20/><F28/><W103/><AGARI ba="1,2" hai="45,51,52,60,63,82,87,89,93,97,103" m="7215" machi="103" ten="30,12000,1" yaku="25,1,8,1,52,1,54,2" doraHai="7" who="3" fromWho="3" sc="478,-41,84,-41,230,-41,188,143" /><INIT seed="3,2,0,4,2,0" ten="437,43,189,331" oya="3" hai0="108,5,121,102,31,15,55,119,107,65,36,37,74" hai1="104,87,97,103,23,22,26,80,67,12,129,117,95" hai2="20,114,7,135,105,85,48,10,93,83,133,89,66" hai3="43,30,91,42,18,11,73,84,21,28,123,25,51"/><W127/><G123/><T57/><D119/><U27/><E117/><V35/><F35/><W19/><G73/><T106/><D121/><U49/><E129/><V44/><F105/><W69/><G69/><T126/><D74/><U33/><E33/><V88/><F114/><W63/><G127/><T124/><D65/><U3/><E3/><V39/><F39/><W47/><G63/><T52/><D31/><U112/><E112/><V34/><F34/><W45/><G30/><T76/><D76/><U54/><E67/><V38/><F38/><W61/><G61/><T99/><D108/><U50/><E104/><V131/><F131/><W32/><G32/><T41/><D107/><U53/><E50/><V118/><F118/><W64/><G64/><T75/><D75/><U72/><E72/><V110/><F66/><W125/><G11/><N who="0" m="4591" /><D41/><U16/><E49/><V77/><F110/><W92/><G125/><N who="0" m="48235" /><D55/><U13/><E53/><V59/><F59/><W94/><REACH who="3" step="1"/><G92/><REACH who="3" ten="437,43,189,321" step="2"/><T132/><D132/><U60/><E60/><AGARI ba="2,1" hai="36,37,52,57,60,99,102,106" m="48235,4591" machi="60" ten="30,3900,0" yaku="18,1,52,1,54,1" doraHai="0" who="0" fromWho="1" sc="437,55,43,-45,189,0,321,0" owari="492,59.2,-2,-50.2,189,-21.1,321,12.1" /></mjloggm>