<mjloggm ver="2.3"><GO type="225" lobby="0"/><UN n0="%E8%BE%9B%E5%8F%A3%E3%82%AB%E3%83%AC%E3%83%BC%E3%83%A9%E3%82%A4%E3%82%B9" n1="%E9%BB%99%E8%81%B4%E3%81%AE%E3%81%99%E3%82%9D%E3%82%81" n2="%E3%80%90%E3%83%88%E3%83%AA%E3%83%A5%E3%83%95%E3%80%91" n3="%E4%BF%BA%E3%81%A8%E5%A6%96%E5%A4%A2" dan="17,16,16,16" rate="2216.13,2102.01,2064.73,2104.20" sx="M,M,F,F"/><TAIKYOKU oya="0"/><INIT seed="0,0,0,2,4,91" ten="250,250,250,250" oya="0" hai0="120,49,115,97,87,45,53,57,9,131,88,79,62" hai1="82,4,107,109,16,121,6,11,128,64,135,99,30" hai2="125,69,0,48,54,22,119,67,19,51,132,80,66" hai3="25,105,21,116,23,72,117,98,102,126,3,73,84"/><T76/><D115/><U55/><E121/><V127/><F0/><W34/><G3/><T14/><D120/><U50/><E109/><V58/><F80/><W8/><G126/><N who="2" m="48137" /><F69/><W61/><G34/><T41/><D131/><U130/><E64/><V59/><F132/><W112/><G112/><T83/><REACH who="0" step="1"/><D97/><REACH who="0" ten="240,250,250,250" step="2"/><U95/><E130/><V37/><F119/><W110/><G116/><T46/><D46/><U15/><E128/><V68/><F68/><W75/><G117/><T42/><D42/><U124/><E124/><V104/><F37/><W31/><G110/><T123/><D123/><U33/><E135/><V18/><F59/><W44/><G44/><T85/><D85/><U13/><E99/><V24/><F58/><W93/><G84/><T77/><D77/><U26/><E107/><V10/><F104/><W36/><G36/><T7/><AGARI ba="0,1" hai="7,9,14,41,45,49,53,57,62,76,79,83,87,88" machi="7" ten="20,12000,1" yaku="1,1,0,1,7,1,8,1,54,1,53,0" doraHai="91" doraHaiUra="90" who="0" fromWho="0" sc="240,130,250,-40,250,-40,250,-40" /><INIT seed="0,1,0,4,5,87" ten="370,210,210,210" oya="0" hai0="16,31,92,132,108,33,82,62,111,63,129,123,97" hai1="98,19,5,126,83,27,72,49,127,135,20,28,61" hai2="114,50,13,36,81,74,110,41,119,44,130,94,122" hai3="67,32,124,1,101,43,76,48,85,99,100,30,64"/><T95/><D123/><U86/><E72/><V23/><F114/><W52/><G1/><T29/><D129/><U121/><E121/><V96/><F122/><W57/><G124/><T84/><D132/><U46/><E5/><V47/><F110/><N who="0" m="42026" /><D33/><U4/><E4/><V104/><F130/><W125/><G125/><N who="1" m="47626" /><E98/><V65/><F65/><W6/><G6/><T80/><D16/><U106/><E61/><N who="0" m="23049" /><D92/><U37/><E37/><V35/><F35/><W40/><G32/><T88/><D82/><U12/><E106/><V102/><F119/><W45/><G30/><T38/><D38/><U58/><E58/><V53/><F13/><W66/><G57/><T54/><D54/><N who="1" m="30007" /><E135/><V7/><F7/><W11/><G11/><T24/><D24/><U2/><E2/><V90/><F23/><W117/><G117/><T75/><D75/><U8/><E86/><V55/><F74/><W91/><G40/><T26/><D26/><U116/><E83/><V39/><F81/><N who="3" m="47271" /><G43/><T18/><D18/><U42/><E42/><V69/><F55/><W105/><G105/><T56/><D56/><U68/><E116/><V78/><F36/><W71/><G71/><AGARI ba="1,0" hai="8,12,19,20,27,28,68,71" m="30007,47626" machi="71" ten="30,1000,0" yaku="18,1" doraHai="87" who="1" fromWho="3" sc="370,0,210,13,210,0,210,-13" /><INIT seed="1,0,0,0,5,45" ten="370,223,210,197" oya="1" hai0="87,15,25,68,114,90,85,67,61,0,69,78,30" hai1="36,92,120,8,22,105,125,65,43,104,14,116,109" hai2="35,57,81,117,64,73,42,18,119,9,6,24,66" hai3="75,107,38,29,60,84,123,77,52,37,46,102,40"/><U47/><E116/><V28/><F42/><W122/><G75/><T48/><D0/><U53/><E120/><V135/><F18/><W33/><G37/><T50/><D114/><U88/><E125/><V11/><F135/><W55/><G102/><T34/><D69/><U113/><E113/><V115/><F115/><W5/><G107/><T80/><D15/><U44/><E65/><V1/><F11/><W70/><G5/><T63/><D63/><U101/><E101/><V10/><F10/><W74/><G74/><T32/><D32/><U4/><E22/><V23/><F35/><W27/><G70/><T79/><D79/><U76/><E76/><V17/><F28/><W112/><G112/><T58/><D68/><U49/><REACH who="1" step="1"/><E109/><REACH who="1" ten="370,213,210,197" step="2"/><V94/><F66/><W103/><G103/><T3/><D3/><U83/><E83/><AGARI ba="0,1" hai="25,30,34,48,50,58,61,67,78,80,83,85,87,90" machi="83" ten="30,3900,0" yaku="7,1,52,2" doraHai="45" who="0" fromWho="1" sc="370,49,213,-39,210,0,197,0" /><INIT seed="2,0,0,3,1,123" ten="419,174,210,197" oya="2" hai0="110,70,98,124,60,57,92,28,13,36,42,94,135" hai1="21,23,111,72,64,102,97,81,8,54,89,71,44" hai2="2,51,41,59,117,65,95,16,78,130,122,55,29" hai3="116,75,80,46,0,91,31,120,126,3,48,62,50"/><V39/><F122/><W68/><G120/><T7/><D70/><U25/><E71/><V100/><F117/><W17/><G116/><T5/><D124/><U14/><E64/><V34/><F2/><W40/><G126/><T83/><D135/><U33/><E111/><V11/><F78/><W125/><G125/><T38/><D28/><U15/><E33/><V20/><F34/><W107/><G107/><T106/><D106/><U6/><E72/><V128/><F11/><W26/><G17/><T43/><D83/><U85/><E14/><V9/><F9/><W73/><G73/><T69/><D13/><U109/><E109/><V4/><F4/><W134/><G134/><T96/><D57/><U87/><E25/><V35/><F29/><W1/><G62/><T58/><D58/><U105/><REACH who="1" step="1"/><E87/><REACH who="1" ten="419,164,210,197" step="2"/><V114/><F35/><W129/><G68/><T112/><D69/><U103/><E103/><V133/><F65/><W10/><G75/><T79/><D110/><U84/><E84/><V37/><F133/><W132/><G132/><T47/><D112/><U88/><E88/><V90/><F100/><W63/><G91/><T32/><D32/><U18/><E18/><V104/><F114/><W56/><G0/><T45/><D79/><U99/><E99/><V30/><F16/><W74/><G1/><T131/><D98/><U86/><E86/><V12/><F12/><W49/><G26/><T118/><D96/><U67/><E67/><V22/><F90/><W27/><G27/><T77/><D118/><U19/><E19/><V76/><F30/><W115/><G31/><RYUUKYOKU ba="0,1" sc="419,-10,164,30,210,-10,197,-10" hai1="6,8,15,21,23,44,54,81,85,89,97,102,105" /><INIT seed="3,1,1,2,1,107" ten="409,194,200,187" oya="3" hai0="13,42,130,113,135,91,89,128,123,64,100,93,32" hai1="70,94,80,14,62,33,112,120,34,117,30,28,78" hai2="5,79,106,131,132,76,12,85,127,9,17,36,46" hai3="134,26,82,50,98,54,38,121,115,21,86,116,99"/><W55/><G115/><T15/><D32/><U65/><E120/><V20/><F106/><W110/><G121/><T105/><D123/><U69/><E112/><V68/><F68/><W23/><G116/><T109/><D109/><U44/><E70/><V53/><F131/><W129/><G38/><T74/><D135/><U35/><E117/><V104/><F104/><W52/><G129/><T22/><D91/><U96/><E44/><V39/><F132/><W7/><G134/><T10/><D15/><U11/><E94/><V90/><F127/><W4/><G110/><T59/><D42/><U18/><REACH who="1" step="1"/><E96/><REACH who="1" ten="409,184,200,187" step="2"/><N who="3" m="36906" /><G50/><T102/><D113/><U92/><E92/><N who="2" m="54351" /><F39/><W49/><G49/><T63/><D128/><U95/><E95/><V72/><F36/><W1/><G1/><T45/><D93/><U37/><E37/><V0/><F0/><W57/><G57/><T77/><D59/><U19/><E19/><V119/><F119/><W58/><G58/><T24/><D130/><U29/><E29/><V16/><F17/><N who="3" m="12591" /><G23/><T25/><D22/><U56/><E56/><V124/><F124/><W61/><G61/><T27/><D63/><U84/><AGARI ba="1,2" hai="11,14,18,28,30,33,34,35,62,65,69,78,80,84" machi="84" ten="30,2000,0" yaku="1,1,0,1,53,0" doraHai="107" doraHaiUra="114" who="1" fromWho="1" sc="409,-6,184,43,200,-6,187,-11" owari="403,50.3,227,2.7,194,-20.6,176,-32.4" /></mjloggm>