<mjloggm ver="2.3"><GO type="225" lobby="0"/><UN n0="%E5%AE%AE%E4%BF%9D%E9%B6%8F%E8%82%89" n1="%6D%75%75%6D%75%72%61" n2="%E3%81%86%E3%82%8C%E3%81%9F%E3%82%93%E6%9E%95" n3="%E6%A1%9C%E8%8A%B1%E9%96%83%E3%80%85" dan="16,16,16,18" rate="2128.27,2179.00,2108.19,2217.92" sx="M,F,F,M"/><TAIKYOKU oya="0"/><INIT seed="0,0,0,2,3,93" ten="250,250,250,250" oya="0" hai0="108,102,36,89,74,51,43,20,23,86,56,60,109" hai1="128,59,26,61,112,24,52,101,32,35,99,37,57" hai2="34,97,75,64,134,17,7,100,44,9,46,16,98" hai3="41,6,49,76,125,10,113,120,123,33,68,91,67"/><T48/><D74/><U70/><E128/><V106/><F34/><W121/><G113/><T0/><D0/><U69/><E112/><V45/><F75/><W83/><G125/><T31/><D36/><U131/><E37/><V87/><F134/><W90/><G33/><T53/><D102/><U124/><E131/><V110/><F110/><N who="0" m="42602" /><D43/><U29/><E124/><V30/><F30/><W3/><G67/><N who="0" m="39303" /><D31/><U62/><E24/><V19/><F64/><W82/><G68/><T12/><D12/><U126/><E35/><V84/><REACH who="2" step="1"/><F98/><REACH who="2" ten="250,250,240,250" step="2"/><W96/><G96/><T79/><D79/><U119/><E126/><V8/><F8/><W116/><G76/><T15/><D15/><AGARI ba="0,1" hai="7,9,15,16,17,19,44,45,46,84,87,97,100,106" machi="15" ten="40,5200,0" yaku="1,1,52,1,54,1,53,0" doraHai="93" doraHaiUra="58" who="2" fromWho="0" sc="250,-52,250,0,240,62,250,0" /><INIT seed="1,0,0,5,0,71" ten="198,250,302,250" oya="1" hai0="86,35,101,121,75,91,90,38,6,125,28,99,36" hai1="118,129,119,21,105,25,41,51,45,20,17,29,11" hai2="42,130,93,110,82,22,14,58,97,74,96,1,128" hai3="40,30,23,127,47,7,72,111,102,73,0,49,48"/><U50/><E129/><N who="2" m="49771" /><F1/><W39/><G111/><T132/><D75/><U109/><E109/><V116/><F116/><W120/><G120/><T33/><D121/><U34/><E105/><V60/><F42/><W106/><G127/><T2/><D125/><U46/><E11/><V85/><F74/><W54/><G102/><T59/><D132/><U61/><E61/><V9/><F22/><W15/><G106/><T81/><D91/><U52/><REACH who="1" step="1"/><E21/><REACH who="1" ten="198,240,302,250" step="2"/><V3/><F110/><W43/><G23/><T55/><D33/><U13/><AGARI ba="0,1" hai="13,17,20,25,29,34,41,45,46,50,51,52,118,119" machi="13" ten="20,12000,1" yaku="1,1,2,1,0,1,7,1,54,1,53,0" doraHai="71" doraHaiUra="94" who="1" fromWho="1" sc="198,-40,240,130,302,-40,250,-40" /><INIT seed="1,1,0,5,0,87" ten="158,370,262,210" oya="1" hai0="101,12,31,128,43,72,21,65,111,66,118,33,108" hai1="22,16,123,129,9,34,45,106,88,109,86,78,116" hai2="7,18,40,80,120,57,27,50,113,91,63,127,42" hai3="114,122,60,89,10,68,99,105,77,5,94,115,3"/><U14/><E116/><V37/><F120/><W73/><G122/><T83/><D118/><U32/><E123/><V69/><F127/><W55/><G105/><T130/><D101/><U46/><E106/><V75/><F113/><W29/><G29/><T95/><D43/><U74/><E129/><N who="0" m="49769" /><D33/><U61/><E109/><N who="0" m="42057" /><D95/><U132/><E132/><V13/><F69/><W44/><G44/><T41/><D41/><U59/><E32/><V1/><F1/><W39/><G39/><T35/><D35/><U93/><E34/><V135/><F135/><W30/><G30/><T2/><D2/><U96/><E74/><V23/><F50/><W17/><G115/><T19/><D31/><U90/><E22/><N who="2" m="11599" /><F7/><W64/><G114/><T52/><D52/><N who="1" m="34023" /><E78/><AGARI ba="1,0" hai="12,19,21,65,66,72,78,83" m="42057,49769" machi="78" ten="30,2000,0" yaku="19,1,14,1" doraHai="87" who="0" fromWho="1" sc="158,23,370,-23,262,0,210,0" /><INIT seed="2,0,0,1,2,135" ten="181,347,262,210" oya="2" hai0="126,63,40,127,78,9,57,104,80,8,84,37,1" hai1="16,60,108,0,25,58,82,29,33,72,67,56,102" hai2="45,120,30,10,117,132,52,64,97,99,59,88,119" hai3="2,129,94,110,71,35,101,11,49,91,103,81,107"/><V39/><F120/><W125/><G35/><T17/><D104/><U85/><E108/><V69/><F132/><W19/><G110/><T86/><D1/><U121/><E121/><V96/><F30/><W5/><G107/><T51/><D37/><U83/><E0/><V90/><F69/><W112/><G129/><T89/><D40/><U124/><E124/><N who="0" m="47657" /><D51/><U41/><E41/><V46/><F64/><W13/><G71/><T12/><D8/><U70/><E102/><V114/><F114/><W79/><G125/><T32/><D32/><U130/><E130/><V118/><F39/><W55/><G112/><T27/><D27/><U93/><E93/><V24/><F10/><W31/><G101/><T131/><D131/><U26/><E72/><V66/><F24/><W75/><G103/><T47/><D47/><U62/><E26/><V38/><F66/><W113/><G113/><T6/><D6/><U92/><E67/><V77/><F38/><W50/><G55/><N who="0" m="34239" /><D89/><U3/><E3/><V76/><F45/><W36/><G36/><T34/><D34/><U122/><E122/><V42/><F46/><W21/><G31/><T43/><D43/><U15/><E29/><V20/><F42/><W111/><G111/><T53/><D53/><U100/><E33/><V134/><F134/><W123/><G123/><T14/><D14/><U105/><E25/><V115/><F115/><W74/><G50/><T106/><D106/><U73/><E105/><V7/><F118/><W44/><G49/><T95/><D95/><U23/><E15/><V133/><F117/><W61/><G94/><RYUUKYOKU ba="0,0" sc="181,30,347,-10,262,-10,210,-10" hai0="9,12,17,78,80,84,86" /><INIT seed="3,1,0,4,2,43" ten="211,337,252,200" oya="3" hai0="31,97,37,107,109,131,3,5,6,123,85,113,112" hai1="99,41,35,39,86,30,70,11,80,120,96,118,101" hai2="124,51,50,67,33,66,76,83,55,27,15,100,87" hai3="64,12,110,130,20,53,119,46,81,1,56,111,126"/><W77/><G119/><T105/><D123/><U90/><E120/><V24/><F124/><W48/><G1/><T16/><D37/><U127/><E127/><V14/><F100/><W22/><G126/><T122/><D122/><U59/><E70/><V69/><F33/><W134/><G134/><T98/><D109/><N who="3" m="41481" /><G130/><T57/><D131/><U32/><E118/><V9/><F14/><W2/><G2/><T114/><D31/><U63/><E30/><V75/><F75/><N who="3" m="43199" /><G12/><T84/><D57/><U17/><E96/><N who="0" m="36969" /><D16/><U29/><E29/><V26/><F69/><W94/><G94/><T44/><D44/><U116/><E116/><V78/><F78/><W36/><G36/><T133/><D133/><U40/><E39/><V18/><F51/><N who="3" m="30783" /><G64/><T21/><D21/><U71/><E32/><V103/><F103/><W128/><G128/><T62/><D62/><U42/><E35/><V68/><F68/><W45/><G45/><AGARI ba="1,0" hai="9,15,18,24,26,27,45,50,55,66,67,76,83,87" machi="45" ten="40,2600,0" yaku="8,1,52,1" doraHai="43" who="2" fromWho="3" sc="211,0,337,0,252,29,200,-29" owari="211,-18.9,337,43.7,281,8.1,171,-32.9" /></mjloggm>