<mjloggm ver="2.3"><GO type="225" lobby="0"/><UN n0="%6D%61%74%69%67%75%73%61" n1="%E5%8D%A0%E3%81%84%E5%B8%AB%E8%A3%8F%E3%81%AA%E3%81%84%E3%81%97" n2="%E3%83%A9%E3%82%A4%E3%83%B3%E3%81%AE%E8%99%8E" n3="%E4%B8%89%E5%88%86%E5%B0%8F%E5%83%A7" dan="17,17,16,16" rate="2163.05,2171.59,2116.42,2098.05" sx="M,M,M,M"/><TAIKYOKU oya="0"/><INIT seed="0,0,0,2,0,115" ten="250,250,250,250" oya="0" hai0="80,17,96,58,30,6,76,131,62,120,82,14,16" hai1="128,4,43,109,124,19,35,40,92,44,8,111,28" hai2="127,26,132,27,25,70,3,46,130,78,21,91,97" hai3="100,29,129,1,123,114,106,57,23,59,122,32,45"/><T37/><D120/><N who="3" m="46121" /><G114/><T67/><D37/><U107/><E107/><V5/><F70/><W55/><G32/><T121/><D121/><U86/><E128/><V60/><F130/><W125/><G125/><T135/><D131/><U69/><E69/><V20/><F127/><W117/><G1/><T24/><D135/><U48/><E124/><V108/><F108/><N who="1" m="41545" /><E35/><V12/><F3/><W49/><G129/><T54/><D96/><U71/><E71/><V64/><F78/><W38/><G38/><T10/><D67/><U22/><E28/><V52/><F64/><W39/><G39/><T11/><D11/><U63/><E63/><V51/><F60/><W36/><G36/><T68/><D68/><U105/><E105/><V31/><F132/><W103/><G117/><T9/><D9/><U47/><E92/><N who="2" m="56479" /><F5/><W73/><G73/><T83/><REACH who="0" step="1"/><D76/><REACH who="0" ten="240,250,250,250" step="2"/><U42/><E8/><V2/><F2/><W95/><G106/><T93/><D93/><U65/><E4/><V56/><F46/><W34/><G95/><T126/><D126/><U116/><E65/><V79/><F79/><W74/><G103/><T88/><D88/><U113/><E44/><V18/><AGARI ba="0,1" hai="12,18,20,21,25,26,27,31,51,52,56" m="56479" machi="18" ten="30,2000,0" yaku="8,1,54,1" doraHai="115" who="2" fromWho="2" sc="240,-10,250,-5,250,30,250,-5" /><INIT seed="1,0,0,1,2,131" ten="230,245,280,245" oya="1" hai0="76,69,90,22,99,18,6,112,24,16,79,87,38" hai1="43,123,104,5,29,110,130,102,111,116,63,89,95" hai2="20,75,42,44,78,25,114,92,61,82,126,21,19" hai3="133,33,81,45,84,55,98,115,28,9,67,128,51"/><U96/><E116/><V27/><F126/><W77/><G115/><T122/><D112/><U10/><E123/><V66/><F92/><W107/><G128/><T30/><D38/><U120/><E120/><V23/><F114/><W64/><G33/><T127/><D122/><U65/><E43/><V121/><F121/><W101/><G28/><T11/><D69/><U36/><E36/><V125/><F125/><W59/><G133/><T83/><D127/><U85/><E29/><V70/><REACH who="2" step="1"/><F27/><REACH who="2" ten="230,245,270,245" step="2"/><W0/><REACH who="3" step="1"/><G45/><REACH who="3" ten="230,245,270,235" step="2"/><T113/><D113/><U60/><E130/><V40/><F40/><W41/><G41/><T68/><D30/><U56/><REACH who="1" step="1"/><E63/><REACH who="1" ten="230,235,270,235" step="2"/><V73/><F73/><W124/><G124/><T71/><D24/><U2/><AGARI ba="0,3" hai="2,5,10,56,60,65,85,89,95,96,102,104,110,111" machi="2" ten="30,6000,0" yaku="1,1,2,1,0,1,53,0" doraHai="131" doraHaiUra="12" who="1" fromWho="1" sc="230,-20,235,90,270,-20,235,-20" /><INIT seed="1,1,0,5,0,97" ten="210,325,250,215" oya="1" hai0="63,116,54,113,43,94,119,111,122,105,37,53,12" hai1="72,81,100,15,26,96,5,93,56,10,77,98,85" hai2="130,120,29,27,9,13,99,129,135,114,28,118,48" hai3="0,79,3,42,32,126,121,2,101,1,132,76,73"/><U11/><E72/><V84/><F118/><W71/><G121/><T7/><D105/><U60/><E26/><V83/><F120/><W78/><G71/><T45/><D122/><U89/><E11/><V18/><F135/><W115/><G115/><T92/><D113/><U51/><E51/><V128/><F114/><W110/><G132/><T82/><D82/><U104/><E104/><V131/><N who="2" m="32768" /><DORA hai="6" /><V38/><F38/><W47/><G110/><T86/><D111/><U23/><E23/><V108/><F108/><W8/><G32/><T103/><D86/><U36/><E36/><V22/><F48/><W61/><G61/><T66/><D54/><N who="1" m="33815" /><E96/><V91/><REACH who="2" step="1"/><F99/><REACH who="2" ten="210,325,240,215" step="2"/><W33/><G126/><T127/><D127/><U57/><E57/><V107/><F107/><W40/><G47/><T109/><D109/><U125/><E125/><V69/><F69/><W75/><G75/><T134/><D134/><U67/><E67/><V50/><F50/><W30/><G73/><T65/><D65/><U24/><E24/><V68/><F68/><W49/><G49/><T14/><D66/><U117/><E117/><V34/><F34/><W21/><G33/><T41/><D119/><U90/><AGARI ba="1,1" hai="5,10,15,77,81,85,89,90,93,98,100" m="33815" machi="90" ten="30,6000,0" yaku="8,1,52,2" doraHai="97,6" who="1" fromWho="1" sc="210,-21,325,73,240,-21,215,-21" /><INIT seed="1,2,0,2,2,41" ten="189,398,219,194" oya="1" hai0="39,55,105,68,53,110,106,88,78,19,133,56,125" hai1="70,17,93,127,0,44,3,5,122,126,22,42,74" hai2="111,62,119,57,82,130,117,46,32,29,87,112,90" hai3="16,108,134,123,59,15,50,38,75,35,14,37,49"/><U94/><E122/><V58/><F111/><W27/><G123/><T101/><D68/><U121/><E121/><V120/><F120/><W6/><G108/><T23/><D110/><U86/><E74/><V31/><F130/><W61/><G134/><T47/><D78/><U67/><E67/><V65/><F112/><W124/><G124/><N who="1" m="47658" /><E70/><V115/><F115/><W73/><G6/><T12/><D125/><U97/><E86/><V71/><F32/><W11/><G14/><T131/><D101/><N who="1" m="60591" /><E94/><V54/><F71/><W64/><G75/><T91/><D131/><U26/><E5/><V79/><F79/><W52/><G73/><T98/><D133/><U107/><E107/><V4/><F4/><W104/><G104/><T95/><D91/><U76/><E76/><V89/><F89/><W48/><REACH who="3" step="1"/><G64/><REACH who="3" ten="189,398,219,184" step="2"/><T80/><D106/><U77/><E77/><V8/><F65/><W36/><G36/><AGARI ba="2,1" hai="0,3,17,22,26,36,42,44" m="60591,47658" machi="36" ten="30,2900,0" yaku="18,1,52,1" doraHai="41" who="1" fromWho="3" sc="189,0,398,45,219,0,184,-35" /><INIT seed="1,3,0,1,5,100" ten="189,443,219,149" oya="1" hai0="119,24,129,128,2,10,71,64,122,44,73,3,104" hai1="120,16,22,8,82,107,13,5,30,51,92,80,23" hai2="62,35,48,37,68,131,14,55,54,39,36,91,89" hai3="33,133,93,19,57,132,42,103,61,28,7,130,29"/><U126/><E120/><V72/><F35/><W123/><G123/><T117/><D73/><U99/><E126/><V38/><N who="2" m="9216" /><DORA hai="97" /><V125/><F72/><W76/><G130/><N who="0" m="50283" /><D122/><U58/><E107/><V32/><F32/><W43/><G76/><T47/><D24/><N who="1" m="16663" /><E51/><V66/><F131/><W53/><G7/><N who="0" m="1399" /><D3/><U77/><E58/><V105/><F125/><W52/><G53/><T79/><D79/><U108/><E108/><V49/><F105/><W81/><G81/><T127/><D104/><U90/><E77/><V115/><F115/><W9/><G33/><T60/><D127/><U121/><E121/><V11/><F49/><W46/><G46/><AGARI ba="3,0" hai="44,46,47,60,64,71,117,119" m="1399,50283" machi="46" ten="30,1000,0" yaku="19,1" doraHai="100,97" who="0" fromWho="3" sc="189,19,443,0,219,0,149,-19" /><INIT seed="2,0,0,3,0,29" ten="208,443,219,130" oya="2" hai0="58,30,52,125,117,22,64,112,9,68,43,131,72" hai1="97,73,100,119,59,110,82,31,114,6,80,11,20" hai2="69,83,46,126,3,54,19,95,41,106,85,84,57" hai3="128,13,107,87,61,120,116,27,86,103,25,98,104"/><V2/><F106/><W88/><G116/><T63/><D112/><U90/><E114/><V133/><F69/><W38/><G120/><T56/><D72/><U76/><E119/><V60/><F126/><W23/><G38/><T55/><D117/><U129/><E110/><V67/><F67/><W75/><G75/><T132/><D43/><U37/><E37/><V21/><F95/><W135/><G128/><T49/><D131/><U70/><E70/><V105/><F105/><W32/><G87/><T50/><D132/><U44/><E44/><V91/><F85/><W130/><G135/><T18/><D30/><U96/><E129/><V5/><F5/><W48/><G130/><T1/><D125/><U66/><E82/><V118/><F133/><W134/><G134/><T15/><REACH who="0" step="1"/><D1/><REACH who="0" ten="198,443,219,130" step="2"/><U45/><E31/><V79/><F118/><W89/><G104/><T101/><D101/><U12/><E100/><V10/><F2/><W123/><G123/><T74/><D74/><U109/><E73/><V122/><F3/><W93/><G89/><T115/><D115/><U92/><E90/><V8/><F91/><W42/><G61/><T40/><D40/><U28/><E28/><V34/><F122/><W36/><G36/><T62/><D62/><U121/><E121/><V0/><F0/><W111/><G111/><T127/><D127/><U35/><E109/><V65/><F41/><W16/><REACH who="3" step="1"/><G32/><REACH who="3" ten="198,443,219,120" step="2"/><T102/><D102/><U108/><E35/><V39/><F34/><W14/><G14/><T33/><D33/><U53/><E108/><V99/><F39/><W77/><G77/><RYUUKYOKU ba="0,2" sc="198,15,443,-15,219,-15,120,15" hai0="9,15,18,22,49,50,52,55,56,58,63,64,68" hai3="13,16,23,25,27,42,48,86,88,93,98,103,107" /><INIT seed="3,1,2,3,3,42" ten="213,428,204,135" oya="3" hai0="39,101,106,83,69,55,129,96,103,3,57,58,67" hai1="22,134,10,135,74,17,94,70,27,102,1,9,46" hai2="40,99,105,50,30,84,48,14,116,133,87,61,130" hai3="68,12,97,11,28,79,52,56,26,43,132,13,131"/><W41/><G68/><T64/><D3/><U86/><E74/><V98/><F116/><W33/><G131/><T19/><D39/><U110/><E110/><V119/><F119/><W112/><G112/><T78/><D69/><U107/><E70/><V7/><F105/><W93/><G79/><T120/><D120/><U128/><E128/><V108/><F108/><W31/><G31/><T5/><D5/><U104/><E1/><V80/><F133/><N who="1" m="50697" /><E46/><N who="2" m="25671" /><F30/><W36/><G132/><T77/><D103/><U124/><E124/><V115/><F115/><W54/><G54/><T23/><D58/><U35/><E35/><V81/><F61/><W16/><G13/><T127/><D77/><U59/><E59/><V126/><F126/><W49/><REACH who="3" step="1"/><G36/><REACH who="3" ten="213,428,204,125" step="2"/><T8/><D129/><U15/><E15/><V32/><F130/><W51/><G51/><T53/><D53/><U72/><E72/><V82/><F50/><W90/><AGARI ba="1,3" hai="11,12,16,26,28,33,41,43,49,52,56,90,93,97" machi="90" ten="20,18000,2" yaku="1,1,0,1,7,1,54,2,53,2" doraHai="42" doraHaiUra="37" who="3" fromWho="3" sc="213,-61,428,-61,204,-61,125,213" /><INIT seed="3,2,0,1,4,86" ten="152,367,143,338" oya="3" hai0="6,0,35,74,51,132,125,124,118,2,79,14,42" hai1="107,114,119,31,9,24,80,96,41,126,61,131,66" hai2="8,26,105,83,65,67,94,108,134,20,44,85,16" hai3="122,10,25,75,45,22,103,40,81,116,53,52,100"/><W56/><G116/><T43/><D35/><N who="1" m="20967" /><E114/><V92/><F105/><W76/><G10/><N who="0" m="4439" /><D132/><U97/><E126/><N who="0" m="48745" /><D118/><U135/><E131/><V95/><F108/><W58/><G58/><T15/><D15/><U13/><E135/><V12/><F44/><W78/><G78/><T87/><D74/><U71/><E96/><V89/><F134/><W133/><G122/><T7/><D51/><U70/><E119/><V130/><F130/><W37/><G133/><T111/><D111/><U49/><E80/><V129/><F129/><W117/><G117/><T54/><D54/><U91/><E91/><V36/><F36/><W104/><G104/><T64/><D64/><U113/><E113/><V77/><F77/><W34/><G34/><T21/><D21/><U101/><E49/><V28/><AGARI ba="2,0" hai="8,12,16,20,26,28,65,67,83,85,89,92,94,95" machi="28" ten="30,7900,0" yaku="0,1,8,1,52,1,54,1" doraHai="86" who="2" fromWho="2" sc="152,-22,367,-22,143,85,338,-41" owari="130,-37.0,345,44.5,228,-17.2,297,9.7" /></mjloggm>