<mjloggm ver="2.3"><GO type="225" lobby="0"/><UN n0="%E3%81%BF%E3%81%BF%E3%81%9A" n1="%E6%A1%9C%E8%8A%B1%E9%96%83%E3%80%85" n2="%E5%A4%9C%E5%85%89%E5%A4%A9%E6%A5%BC" n3="%E6%B4%BE%E9%81%A3%E3%81%AE%E3%82%B8%E3%83%A3%E3%83%83%E3%82%AF" dan="18,16,16,17" rate="2246.38,2140.09,2130.27,2217.64" sx="M,M,M,M"/><TAIKYOKU oya="0"/><INIT seed="0,0,0,4,1,84" ten="250,250,250,250" oya="0" hai0="89,124,18,0,40,39,6,60,126,72,104,59,30" hai1="46,98,118,23,128,109,133,117,4,13,55,94,80" hai2="87,91,96,65,33,34,95,90,81,54,116,37,25" hai3="122,19,36,17,78,52,82,50,11,86,85,45,35"/><T24/><D72/><U120/><E120/><V10/><F116/><W21/><G35/><T111/><D104/><U107/><E107/><V112/><F112/><W68/><G68/><T77/><D77/><U9/><E109/><V22/><F37/><W100/><G122/><T73/><D73/><U14/><E133/><V3/><F65/><W121/><G121/><T12/><D40/><U129/><E80/><V1/><F1/><W8/><G100/><T32/><D39/><U92/><E55/><V51/><F10/><N who="3" m="3627" /><G36/><T2/><D6/><U28/><E46/><V64/><F64/><W27/><G85/><T44/><D44/><U105/><E94/><V70/><F70/><W114/><G114/><T135/><D135/><U71/><E71/><V47/><REACH who="2" step="1"/><F3/><REACH who="2" ten="250,250,240,250" step="2"/><W58/><G17/><AGARI ba="0,1" hai="17,22,25,33,34,47,51,54,81,87,90,91,95,96" machi="17" ten="30,8000,1" yaku="1,1,2,1,7,1,52,2,53,0" doraHai="84" doraHaiUra="38" who="2" fromWho="3" sc="250,0,250,0,240,90,250,-80" /><INIT seed="1,0,0,5,3,38" ten="250,250,330,170" oya="1" hai0="63,95,103,39,61,36,37,13,104,102,101,29,76" hai1="34,88,81,84,0,113,78,24,7,130,4,32,3" hai2="116,112,99,2,120,64,110,92,123,30,52,28,18" hai3="35,127,22,15,73,79,114,107,82,16,134,11,126"/><U62/><E113/><V59/><F116/><W17/><G114/><T58/><D104/><U91/><E130/><V56/><F112/><W90/><G107/><T14/><D76/><U51/><E62/><V109/><F2/><W6/><G35/><T9/><D29/><U48/><E24/><V85/><F28/><W8/><G134/><T23/><D23/><U93/><E3/><V27/><F18/><W77/><G77/><T96/><D63/><U108/><E108/><N who="2" m="41579" /><F85/><W10/><G6/><T94/><D9/><U118/><E118/><V125/><F64/><W47/><G90/><T87/><D87/><U98/><E91/><N who="2" m="55711" /><F56/><W42/><REACH who="3" step="1"/><G17/><REACH who="3" ten="250,250,330,160" step="2"/><T69/><D102/><U119/><E119/><V105/><F105/><W132/><G132/><T70/><D101/><U55/><E7/><V121/><F121/><W54/><G54/><T72/><D103/><U25/><E55/><V80/><F123/><W75/><G75/><T1/><D72/><U131/><E34/><V31/><F120/><W26/><G26/><T20/><D96/><U89/><E78/><V33/><F27/><W50/><AGARI ba="0,1" hai="8,10,11,15,16,22,42,47,50,73,79,82,126,127" machi="50" ten="30,8000,1" yaku="1,1,0,1,52,1,54,1,53,1" doraHai="38" doraHaiUra="45" who="3" fromWho="3" sc="250,-20,250,-40,330,-20,160,90" /><INIT seed="2,0,0,5,5,110" ten="230,210,310,250" oya="2" hai0="93,1,111,84,122,123,106,131,101,56,30,20,15" hai1="13,99,42,127,55,102,11,43,10,3,128,126,51" hai2="0,26,96,27,64,90,112,24,54,63,61,103,134" hai3="67,113,2,17,81,41,74,53,47,117,25,86,62"/><V28/><F0/><W14/><G117/><T109/><D1/><U130/><E3/><V72/><F72/><W97/><G2/><T83/><D106/><U46/><E55/><V121/><F121/><W23/><G74/><T76/><D131/><N who="1" m="50219" /><E42/><V115/><F28/><W80/><G113/><T135/><D135/><U7/><E10/><V124/><F134/><W71/><G97/><N who="0" m="59567" /><D56/><U5/><E5/><V77/><F77/><W75/><G75/><T18/><D30/><U79/><E79/><V38/><F38/><W91/><G53/><T82/><D82/><U94/><AGARI ba="0,0" hai="7,11,13,43,46,51,94,99,102,126,127" m="50219" machi="94" ten="30,1100,0" yaku="19,1" doraHai="110" who="1" fromWho="1" sc="230,-3,210,11,310,-5,250,-3" /><INIT seed="3,0,0,3,1,94" ten="227,221,305,247" oya="3" hai0="118,42,110,90,120,8,91,119,10,37,102,47,3" hai1="13,87,98,82,34,105,129,68,17,135,27,29,75" hai2="72,39,108,36,12,130,54,67,4,111,78,48,1" hai3="28,15,56,41,96,43,93,20,123,104,113,122,121"/><W64/><G113/><T53/><D120/><U62/><E135/><V95/><F130/><W50/><G104/><T92/><D110/><N who="2" m="42026" /><F1/><W107/><G107/><T19/><D102/><N who="1" m="62679" /><E75/><V77/><F95/><W21/><G21/><T31/><D91/><U85/><E129/><V74/><F67/><W23/><G23/><T124/><D31/><U76/><E76/><N who="2" m="29291" /><F74/><W57/><G57/><T115/><D115/><U52/><E52/><V133/><F72/><W84/><G84/><T83/><D83/><U16/><E82/><V22/><F133/><W79/><G79/><T73/><D73/><U61/><E61/><V9/><F22/><W65/><G65/><T5/><D53/><U97/><E97/><V89/><F89/><W2/><G2/><T132/><D132/><U63/><E63/><V32/><F32/><W58/><G58/><AGARI ba="0,0" hai="4,9,12,36,39,48,54,58" m="29291,42026" machi="58" ten="30,1000,0" yaku="14,1" doraHai="94" who="2" fromWho="3" sc="227,0,221,0,305,10,247,-10" owari="227,-17.3,221,-27.9,315,41.5,237,3.7" /></mjloggm>