<mjloggm ver="2.3"><GO type="225" lobby="0"/><UN n0="%E5%8D%A0%E3%81%84%E5%B8%AB%E8%A3%8F%E3%81%AA%E3%81%84%E3%81%97" n1="%E6%B4%BE%E9%81%A3%E3%81%AE%E3%82%B8%E3%83%A3%E3%83%83%E3%82%AF" n2="%E7%B4%94%E6%BD%94%E3%83%94%E3%83%A9%E3%83%8B%E3%82%A2" n3="%E9%B4%A8%4E%45%47%49" dan="17,17,17,16" rate="2187.44,2175.84,2182.81,2103.62" sx="M,M,M,M"/><TAIKYOKU oya="0"/><INIT seed="0,0,0,0,4,12" ten="250,250,250,250" oya="0" hai0="61,33,74,46,68,57,84,114,8,37,115,23,14" hai1="80,81,5,107,119,77,58,123,36,41,2,109,7" hai2="76,75,104,82,91,110,47,130,99,13,4,50,132" hai3="71,133,72,126,29,42,90,18,60,49,16,15,70"/><T105/><D33/><U95/><E123/><V101/><F110/><W94/><G72/><T102/><D74/><U129/><E107/><V25/><F130/><W89/><G29/><T62/><D68/><U73/><E119/><V0/><F132/><W108/><G133/><T98/><D62/><U100/><E109/><V52/><F0/><W111/><G111/><T69/><D69/><U122/><E122/><V6/><F25/><W125/><G108/><T35/><D35/><U96/><E129/><V113/><F113/><W11/><G60/><T22/><D84/><U67/><E80/><V19/><REACH who="2" step="1"/><F91/><REACH who="2" ten="250,250,240,250" step="2"/><W59/><G90/><T118/><D115/><U117/><E2/><V30/><F30/><W103/><G103/><T24/><D114/><U79/><E117/><V53/><F53/><N who="3" m="32175" /><G71/><T63/><D118/><U32/><E32/><V39/><F39/><W54/><G70/><T38/><D38/><U48/><E36/><V1/><F1/><W83/><G54/><T20/><D24/><U134/><E134/><V112/><F112/><W21/><G83/><T87/><D37/><U26/><E26/><V127/><F127/><N who="3" m="48651" /><G42/><T128/><D128/><U27/><E27/><V55/><F55/><W88/><G94/><T43/><D43/><U124/><E124/><V10/><AGARI ba="0,1" hai="4,6,10,13,19,47,50,52,75,76,82,99,101,104" machi="10" ten="20,12000,2" yaku="1,1,0,1,7,1,52,1,54,1,53,1" doraHai="12" doraHaiUra="106" who="2" fromWho="2" sc="250,-60,250,-30,240,130,250,-30" /><INIT seed="1,0,0,4,5,14" ten="190,220,370,220" oya="1" hai0="131,39,19,124,92,0,2,94,27,34,73,97,33" hai1="41,67,10,65,15,62,80,135,12,127,81,77,117" hai2="59,113,91,51,83,7,40,86,128,9,88,79,24" hai3="70,89,119,122,93,96,21,1,130,42,28,48,118"/><U108/><E117/><N who="3" m="44554" /><G1/><T30/><D39/><U11/><E127/><V123/><F123/><W13/><G70/><T125/><D73/><U29/><E135/><V85/><F128/><W72/><G72/><T31/><D131/><U98/><E29/><V23/><F113/><W129/><G122/><T57/><D57/><U8/><E108/><V64/><F85/><W47/><G28/><N who="0" m="10795" /><D94/><U68/><E41/><V134/><F134/><W32/><G32/><N who="0" m="12395" /><D92/><U44/><E44/><N who="2" m="25991" /><F9/><W114/><G114/><T82/><D82/><U100/><E67/><V3/><F7/><W17/><AGARI ba="0,0" hai="13,17,21,42,47,48,89,93,96,129,130" m="44554" machi="17" ten="30,2000,0" yaku="12,1,52,1" doraHai="14" who="3" fromWho="3" sc="190,-5,220,-10,370,-5,220,20" /><INIT seed="2,0,0,5,0,118" ten="185,210,365,240" oya="2" hai0="115,19,126,64,56,17,128,29,50,92,25,117,72" hai1="93,27,4,26,12,88,14,61,90,106,41,60,68" hai2="76,84,47,7,3,43,89,107,87,101,55,99,100" hai3="32,104,66,105,110,135,112,133,114,67,69,13,48"/><V38/><F100/><W71/><G32/><T96/><D115/><N who="3" m="44073" /><G48/><T34/><D72/><U51/><E106/><N who="3" m="41066" /><G13/><N who="1" m="5226" /><E4/><V108/><F108/><W78/><G78/><T58/><D117/><U80/><E68/><N who="3" m="26186" /><G110/><T74/><D74/><U40/><E51/><V10/><F55/><W44/><G44/><T9/><D128/><U75/><E75/><V24/><F76/><W36/><G36/><T21/><D126/><U22/><E80/><V23/><REACH who="2" step="1"/><F89/><REACH who="2" ten="185,210,355,240" step="2"/><W53/><G53/><T122/><D64/><AGARI ba="0,1" hai="64,66,67,133,135" m="26186,41066,44073" machi="64" ten="40,5200,0" yaku="28,2,11,1" doraHai="118" who="3" fromWho="0" sc="185,-52,210,0,355,0,240,62" /><INIT seed="3,0,0,5,5,89" ten="133,210,355,302" oya="3" hai0="56,52,3,119,121,101,72,66,90,47,43,19,64" hai1="116,27,28,30,1,8,98,126,74,41,69,51,6" hai2="13,39,123,2,82,106,25,11,20,132,99,46,77" hai3="83,103,85,16,26,67,120,37,32,130,105,93,128"/><W112/><G37/><T100/><D119/><U87/><E69/><V70/><F70/><W129/><G105/><T102/><D72/><U63/><E74/><V95/><F106/><W94/><G112/><T54/><D3/><U53/><E126/><V31/><F132/><W97/><G120/><T107/><D121/><U40/><E116/><V81/><F123/><W61/><G94/><T21/><D107/><U38/><E63/><V84/><F2/><W14/><G26/><T86/><D64/><U135/><E135/><V50/><F39/><W55/><G55/><T23/><D66/><U12/><E98/><V92/><F99/><W5/><G5/><T111/><D111/><U36/><E1/><V62/><F62/><W73/><G73/><T34/><D34/><U104/><E104/><V118/><F82/><W65/><G61/><T88/><D56/><U110/><E110/><V109/><F109/><W10/><G32/><T7/><D7/><U4/><E4/><N who="2" m="3303" /><F118/><W33/><G33/><T60/><D60/><U45/><E36/><V57/><F57/><W113/><G113/><T18/><D43/><AGARI ba="0,0" hai="20,25,31,43,46,50,77,81,84,92,95" m="3303" machi="43" ten="30,7700,0" yaku="25,1,8,1,52,2" doraHai="89" who="2" fromWho="0" sc="133,-77,210,0,355,77,302,0" owari="56,-44.4,210,-19.0,432,53.2,302,10.2" /></mjloggm>