<mjloggm ver="2.3"><GO type="225" lobby="0"/><UN n0="%E7%B4%94%E6%BD%94%E3%83%94%E3%83%A9%E3%83%8B%E3%82%A2" n1="%E3%81%AF%E3%82%88%E3%81%8A%E3%81%98%E3%81%95%E3%82%93" n2="%E7%AD%89%E3%80%85%E5%8A%9B%E5%8A%87%E5%A0%B4" n3="%E6%9D%BE%E6%9C%AC%E5%81%A5%E7%94%B7" dan="18,17,16,16" rate="2286.90,2221.23,2143.67,2166.71" sx="M,M,M,M"/><TAIKYOKU oya="0"/><INIT seed="0,0,0,0,0,50" ten="250,250,250,250" oya="0" hai0="116,10,125,115,43,60,92,82,72,32,134,99,39" hai1="29,3,66,61,89,85,53,19,95,128,1,23,132" hai2="81,9,51,75,103,105,33,62,2,126,4,6,45" hai3="108,35,36,17,88,97,113,94,22,24,28,44,70"/><T73/><D32/><U118/><E118/><V69/><F33/><W11/><G108/><T68/><D116/><U12/><E128/><V112/><F112/><W34/><G113/><T52/><D115/><U41/><E132/><V119/><F119/><W101/><G70/><T117/><D117/><U83/><E41/><V133/><F126/><W110/><G110/><T111/><D111/><U63/><E29/><V71/><F133/><W86/><G36/><T37/><D125/><U87/><E61/><V123/><F123/><W42/><G44/><T74/><D134/><U13/><E12/><V46/><F46/><W65/><G65/><T78/><D68/><U122/><E122/><V14/><F62/><W20/><G11/><T131/><D131/><U5/><E5/><V102/><F6/><W30/><G42/><T47/><D10/><U90/><REACH who="1" step="1"/><E53/><REACH who="1" ten="250,240,250,250" step="2"/><V104/><F14/><W77/><G30/><T57/><REACH who="0" step="1"/><D37/><REACH who="0" ten="240,240,250,250" step="2"/><U130/><E130/><V54/><F2/><W124/><G124/><T48/><D48/><U100/><E100/><AGARI ba="0,2" hai="39,43,47,52,57,60,72,73,74,78,82,92,99,100" machi="100" ten="30,11600,0" yaku="1,1,7,1,52,1,54,1,53,0" doraHai="50" doraHaiUra="27" who="0" fromWho="1" sc="240,136,240,-116,250,0,250,0" /><INIT seed="0,1,0,3,2,42" ten="376,124,250,250" oya="0" hai0="105,26,135,53,84,3,112,21,2,114,25,107,37" hai1="45,31,101,93,98,29,0,18,10,73,133,51,48" hai2="128,58,124,71,57,23,131,74,20,24,54,90,134" hai3="46,91,12,120,62,43,81,41,103,117,69,89,28"/><T27/><D37/><U55/><E73/><V77/><F71/><W5/><G117/><T35/><D84/><U6/><E133/><V80/><F124/><W39/><G120/><T100/><D100/><U92/><E18/><V127/><F127/><W47/><G28/><T34/><D53/><U111/><E111/><V126/><F126/><W85/><G103/><T129/><D21/><U110/><E110/><V66/><F134/><W104/><G104/><N who="0" m="40011" /><D129/><U87/><E93/><V16/><F66/><W30/><G30/><T116/><D116/><U22/><E22/><V60/><F58/><W78/><G69/><T61/><D61/><U102/><E101/><V121/><F121/><W33/><G33/><N who="0" m="12299" /><D135/><U75/><E75/><V14/><REACH who="2" step="1"/><F90/><REACH who="2" ten="376,124,240,250" step="2"/><W83/><G62/><T32/><D32/><U72/><E72/><V118/><F118/><W15/><G91/><T38/><D38/><U82/><REACH who="1" step="1"/><E51/><REACH who="1" ten="376,114,240,250" step="2"/><V4/><F4/><W65/><G5/><T130/><D130/><U40/><E40/><V67/><F67/><W36/><REACH who="3" step="1"/><G65/><REACH who="3" ten="376,114,240,240" step="2"/><T17/><D17/><AGARI ba="1,3" hai="14,16,17,20,23,24,54,57,60,74,77,80,128,131" machi="17" ten="40,2600,0" yaku="1,1,54,1,53,0" doraHai="42" doraHaiUra="96" who="2" fromWho="0" sc="376,-29,114,0,240,59,240,0" /><INIT seed="1,0,0,1,2,119" ten="347,114,299,240" oya="1" hai0="79,132,52,82,60,18,59,15,125,53,5,81,106" hai1="46,61,85,37,117,105,47,56,42,62,72,76,94" hai2="113,22,55,87,19,122,13,129,100,57,14,50,0" hai3="6,123,32,43,130,114,70,97,112,75,98,93,40"/><U101/><E117/><V126/><F0/><W21/><G70/><T33/><D106/><U38/><E72/><V64/><F129/><W39/><G32/><T92/><D33/><U20/><E105/><V44/><F126/><W131/><G75/><T73/><D125/><U102/><E20/><V99/><F113/><W36/><G21/><T109/><D109/><U78/><E85/><V7/><F122/><W69/><G69/><T89/><D5/><U51/><E94/><V54/><F64/><W84/><G93/><T24/><D24/><U45/><E51/><V96/><F100/><N who="1" m="38505" /><E56/><V3/><F3/><W65/><G84/><T116/><D82/><U58/><E58/><V127/><F127/><W118/><G118/><T111/><D111/><U121/><E42/><V67/><F67/><W28/><G65/><T77/><D77/><N who="1" m="29803" /><E121/><V86/><F86/><W74/><G74/><T26/><D116/><U120/><E120/><V95/><F7/><W66/><G123/><T104/><D104/><U12/><E12/><V134/><F13/><W30/><G66/><T34/><D34/><U41/><E41/><V31/><F87/><W4/><AGARI ba="0,0" hai="4,6,28,30,36,39,40,43,97,98,112,114,130,131" machi="4" ten="25,3200,0" yaku="0,1,22,2" doraHai="119" who="3" fromWho="3" sc="347,-8,114,-16,299,-8,240,32" /><INIT seed="2,0,0,3,2,112" ten="339,98,291,272" oya="2" hai0="87,15,60,122,22,34,132,58,26,70,85,94,77" hai1="16,78,133,37,95,106,93,30,99,51,45,24,3" hai2="79,63,89,116,113,31,54,17,35,59,124,69,39" hai3="75,13,40,108,119,76,25,131,8,126,64,47,46"/><V23/><F113/><W110/><G126/><T71/><D122/><U68/><E133/><V114/><F114/><W120/><G120/><T43/><D132/><U49/><E3/><V19/><F39/><W86/><G131/><T92/><D43/><U65/><E106/><V61/><F124/><W21/><G75/><T56/><D34/><U41/><E78/><V10/><F116/><W128/><G128/><T80/><D56/><U5/><E5/><V102/><F35/><W36/><G64/><T48/><D48/><U14/><E65/><V33/><F33/><W57/><G119/><T107/><D107/><U115/><E68/><V117/><F117/><W67/><G47/><T74/><D15/><U27/><E115/><V129/><F129/><W101/><G101/><T135/><D135/><U82/><E82/><V2/><F102/><W96/><G96/><T73/><D71/><U1/><E1/><V111/><F2/><W109/><G86/><T100/><D85/><U134/><E134/><V121/><F69/><W11/><G76/><T125/><D70/><U91/><E93/><N who="0" m="35945" /><D100/><U72/><E72/><V28/><F79/><W66/><G57/><T62/><D62/><U123/><E123/><V32/><F63/><W83/><G83/><T97/><D97/><U7/><E7/><V81/><F81/><W55/><G55/><N who="0" m="33887" /><D125/><U44/><E37/><V53/><F61/><W90/><G67/><T84/><D74/><U130/><E130/><V52/><F59/><W104/><G66/><T6/><D6/><U4/><E4/><V103/><F121/><W50/><G36/><RYUUKYOKU ba="0,0" sc="339,30,98,-10,291,-10,272,-10" hai0="22,26,73,77,80,84,87" /><INIT seed="3,1,0,5,5,26" ten="369,88,281,262" oya="3" hai0="51,37,13,86,109,8,38,100,59,7,111,25,106" hai1="71,84,122,77,121,127,42,87,64,19,104,16,39" hai2="34,57,27,119,62,10,22,41,48,69,120,0,17" hai3="94,117,61,43,74,29,96,33,81,80,125,36,70"/><W63/><G117/><T32/><D106/><U130/><E104/><V67/><F119/><W5/><G125/><T78/><D100/><U82/><E127/><V23/><F120/><W12/><G43/><T75/><D75/><U88/><E130/><V101/><F34/><W45/><G45/><T126/><D25/><U118/><E118/><V50/><F41/><W66/><G36/><T44/><D59/><U123/><E64/><V105/><F105/><W103/><G33/><T1/><D1/><U98/><E71/><V73/><F73/><W131/><G131/><T58/><D58/><U93/><E42/><V52/><F101/><W14/><G5/><T3/><D3/><U55/><E39/><N who="0" m="14857" /><D32/><U54/><REACH who="1" step="1"/><E87/><REACH who="1" ten="369,78,281,262" step="2"/><V99/><F67/><W15/><G74/><T128/><D126/><U6/><E6/><V21/><F69/><W79/><G79/><T31/><D128/><U60/><E60/><V4/><F62/><W68/><G63/><T133/><D78/><U56/><E56/><V65/><F65/><W46/><G70/><T113/><D86/><U91/><E91/><V2/><F57/><W28/><G46/><T108/><D44/><U114/><E114/><V116/><F116/><W92/><G92/><T85/><D85/><U95/><E95/><V35/><F4/><W102/><G102/><T40/><D113/><U112/><E112/><V135/><F50/><W97/><G97/><T76/><D51/><U20/><E20/><N who="2" m="7787" /><F99/><W124/><REACH who="3" step="1"/><G124/><REACH who="3" ten="369,78,281,252" step="2"/><T132/><D40/><U107/><E107/><V90/><F35/><W30/><AGARI ba="1,2" hai="12,14,15,28,29,30,61,66,68,80,81,94,96,103" machi="30" ten="30,18000,2" yaku="1,1,2,1,0,1,52,3,53,0" doraHai="26" doraHaiUra="115" who="3" fromWho="3" sc="369,-61,78,-61,281,-61,252,203" owari="308,10.8,17,-48.3,220,-18.0,455,55.5" /></mjloggm>