<mjloggm ver="2.3"><GO type="225" lobby="0"/><UN n0="%6D%75%75%6D%75%72%61" n1="%E6%81%AC%E6%B7%A1%E5%AF%82%E5%AF%9E" n2="%E3%83%AB%E3%83%9B%E3%83%B3%E3%83%87%E3%82%A3%E3%82%A8" n3="%E5%B5%90%E9%9B%B2%E3%81%AE%E3%82%AB%E3%83%A9%E3%82%B9" dan="16,16,17,16" rate="2084.38,2120.16,2192.47,2070.46" sx="F,M,M,F"/><TAIKYOKU oya="0"/><INIT seed="0,0,0,3,2,56" ten="250,250,250,250" oya="0" hai0="94,77,46,98,23,115,27,126,87,2,44,101,70" hai1="104,134,100,16,35,80,5,40,36,111,133,67,42" hai2="26,38,82,79,123,54,68,10,58,66,130,41,74" hai3="75,131,110,118,3,93,92,120,81,102,60,65,9"/><T96/><D115/><U59/><E35/><V85/><F130/><W49/><G118/><T20/><D126/><U88/><E5/><V99/><F123/><W109/><G120/><T112/><D112/><U31/><E31/><V62/><F10/><W125/><G131/><T91/><D2/><U48/><E36/><V12/><F26/><W7/><G125/><T11/><D70/><U64/><E111/><N who="3" m="42506" /><G49/><T103/><D11/><U45/><E42/><V14/><F74/><W15/><G3/><T53/><D53/><U4/><E4/><V78/><F78/><N who="3" m="44255" /><G102/><N who="0" m="38923" /><D23/><U71/><E71/><AGARI ba="0,0" hai="7,9,15,60,65,71,92,93" m="44255,42506" machi="71" ten="30,2000,0" yaku="14,1,52,1" doraHai="56" who="3" fromWho="1" sc="250,0,250,-20,250,0,250,20" /><INIT seed="1,0,0,2,4,46" ten="250,230,250,270" oya="1" hai0="78,103,88,31,39,104,71,32,110,12,133,126,59" hai1="44,73,106,35,87,95,23,84,53,15,61,90,120" hai2="7,102,82,2,113,4,43,66,5,131,121,36,70" hai3="60,21,122,47,127,22,129,132,38,40,42,3,25"/><U9/><E35/><V45/><F121/><W63/><G122/><T58/><D71/><U28/><E73/><V67/><F131/><W125/><G3/><T68/><D68/><U99/><E106/><V123/><F123/><W57/><G129/><T16/><D39/><U119/><E119/><V130/><F130/><W101/><G101/><T77/><D110/><U24/><E120/><V18/><F113/><W51/><G132/><T83/><D133/><U41/><E61/><V6/><F70/><W49/><G22/><N who="0" m="11527" /><D32/><U118/><E118/><V89/><F102/><W79/><G79/><N who="0" m="30219" /><D104/><U65/><E53/><V94/><F82/><W48/><G42/><T92/><D126/><N who="3" m="48137" /><G57/><T109/><D31/><AGARI ba="0,0" hai="21,25,31,38,40,47,48,49,51,60,63" m="48137" machi="31" ten="30,7700,0" yaku="18,1,52,3" doraHai="46" who="3" fromWho="0" sc="250,-77,230,0,250,0,270,77" /><INIT seed="2,0,0,5,1,45" ten="173,230,250,347" oya="2" hai0="105,115,19,29,60,76,81,58,122,70,71,24,82" hai1="28,125,97,48,126,26,119,46,38,3,73,35,67" hai2="51,117,133,36,65,16,18,94,52,111,4,128,109" hai3="90,89,12,75,86,108,27,116,55,80,21,39,0"/><V118/><F36/><W14/><G0/><T113/><D122/><U34/><E38/><V1/><F128/><W53/><G39/><T112/><D105/><U99/><E73/><V69/><F133/><W85/><G108/><N who="2" m="41545" /><F94/><W15/><G75/><T33/><D19/><N who="2" m="7210" /><F65/><W57/><G57/><T91/><D91/><U20/><E3/><V9/><F69/><W61/><G61/><T114/><N who="0" m="28672" /><DORA hai="31" /><T44/><D44/><AGARI ba="0,0" hai="1,4,9,44,51,52,117,118" m="7210,41545" machi="44" ten="30,12000,1" yaku="14,1,10,1,52,1,54,2" doraHai="45,31" who="2" fromWho="0" sc="173,-120,230,0,250,120,347,0" /><INIT seed="2,1,0,5,4,66" ten="53,230,370,347" oya="2" hai0="76,79,102,49,80,53,52,7,73,128,3,88,1" hai1="84,51,59,85,90,14,119,58,39,71,91,122,109" hai2="121,63,113,40,101,50,111,10,46,34,56,2,9" hai3="125,75,13,104,83,95,92,62,74,60,116,105,19"/><V23/><F34/><W96/><G116/><T93/><D128/><U69/><E39/><V21/><F121/><W37/><G37/><T94/><D79/><U77/><E77/><V45/><F113/><W78/><G125/><T42/><D42/><U129/><E122/><V4/><F101/><W57/><G75/><T134/><D134/><U16/><E119/><V15/><F46/><W26/><G62/><T130/><D130/><U97/><E97/><V110/><F10/><W100/><G26/><T18/><D18/><U103/><E103/><V112/><F112/><W32/><G95/><T114/><D114/><U99/><E99/><V44/><F44/><W48/><G48/><T65/><D65/><U6/><E6/><V61/><F61/><W89/><G100/><T12/><D102/><U107/><E107/><V54/><REACH who="2" step="1"/><F2/><REACH who="2" ten="53,230,360,347" step="2"/><W0/><G0/><T132/><D132/><U86/><E129/><V135/><F135/><W81/><G81/><T24/><D94/><U72/><E51/><V20/><AGARI ba="1,1" hai="4,9,15,20,21,23,40,45,50,54,56,63,110,111" machi="20" ten="30,3000,0" yaku="1,1,0,1,53,0" doraHai="66" doraHaiUra="25" who="2" fromWho="2" sc="53,-11,230,-11,360,43,347,-11" /><INIT seed="2,2,0,2,2,89" ten="42,219,403,336" oya="2" hai0="71,42,81,60,116,10,46,23,100,13,21,86,52" hai1="56,73,92,109,6,129,11,88,4,61,12,128,96" hai2="31,15,91,94,2,55,38,44,26,40,102,68,34" hai3="79,114,28,43,49,122,47,8,54,90,45,48,65"/><V17/><F2/><W66/><G79/><T85/><D116/><U121/><E121/><V0/><F0/><W22/><G8/><T41/><D71/><U78/><E109/><V131/><F68/><W120/><G114/><T119/><D119/><U20/><E6/><V53/><F102/><W105/><G105/><T30/><D100/><U101/><E20/><V130/><F131/><N who="1" m="50249" /><E101/><V9/><REACH who="2" step="1"/><F130/><REACH who="2" ten="42,219,393,336" step="2"/><W99/><G120/><T16/><D30/><U69/><E69/><V74/><F74/><W123/><G122/><T1/><D1/><U24/><E73/><V50/><F50/><W104/><G123/><T36/><D42/><U67/><E78/><V51/><F51/><W77/><G77/><T98/><D98/><AGARI ba="2,1" hai="9,15,17,26,31,34,38,40,44,53,55,91,94,98" machi="98" ten="30,5800,0" yaku="1,1,7,1,52,1,53,0" doraHai="89" doraHaiUra="103" who="2" fromWho="0" sc="42,-64,219,0,393,74,336,0" owari="-22,-52.2,219,-18.1,467,56.7,336,13.6" /></mjloggm>