<mjloggm ver="2.3"><GO type="225" lobby="0"/><UN n0="%E3%81%AF%E3%82%88%E3%81%8A%E3%81%98%E3%81%95%E3%82%93" n1="%70%68%65%6E%6F%6D%65" n2="%E3%81%8F%E3%81%BE%E3%81%96%E3%82%8F" n3="%E3%81%9F%E3%81%A3%E3%81%A1%E3%82%87" dan="16,17,16,16" rate="2162.22,2175.52,2037.78,2071.27" sx="M,M,M,M"/><TAIKYOKU oya="0"/><INIT seed="0,0,0,2,1,110" ten="250,250,250,250" oya="0" hai0="56,84,11,85,45,43,100,133,129,27,50,116,128" hai1="120,53,47,67,80,86,32,12,54,42,10,61,41" hai2="22,55,70,81,97,5,106,8,104,24,96,111,91" hai3="49,82,76,28,126,48,38,105,62,6,134,58,90"/><T3/><D116/><U13/><E120/><V95/><F111/><W69/><G38/><T119/><D119/><U75/><E75/><V112/><F70/><W36/><G105/><T29/><D133/><U83/><E32/><V46/><F112/><W124/><G36/><T101/><D56/><U123/><E123/><V15/><F81/><W4/><G69/><T102/><D11/><U20/><E20/><V107/><F46/><W130/><G90/><T72/><D72/><U23/><E23/><V99/><REACH who="2" step="1"/><F55/><REACH who="2" ten="250,250,240,250" step="2"/><W103/><G134/><T73/><D73/><U2/><E47/><V109/><F109/><W18/><G58/><T52/><D43/><U63/><E67/><V118/><F118/><W74/><G82/><T21/><REACH who="0" step="1"/><D3/><REACH who="0" ten="240,250,240,250" step="2"/><U125/><E2/><V9/><F9/><W57/><G74/><T37/><D37/><U71/><E10/><V92/><F92/><W79/><G124/><T115/><D115/><U127/><E71/><V25/><F25/><W60/><G126/><T114/><D114/><U35/><E42/><V135/><F135/><W14/><G57/><T88/><D88/><U59/><E41/><V0/><F0/><W65/><G76/><T34/><D34/><U98/><E35/><V93/><F93/><W33/><G79/><T26/><D26/><U39/><E39/><V19/><AGARI ba="0,2" hai="5,8,15,19,22,24,91,95,96,97,99,104,106,107" machi="19" ten="30,2000,0" yaku="1,1,0,1,53,0" doraHai="110" doraHaiUra="78" who="2" fromWho="2" sc="240,-10,250,-5,240,40,250,-5" /><INIT seed="1,0,0,4,0,112" ten="230,245,280,245" oya="1" hai0="6,12,97,36,123,21,92,88,15,27,74,0,125" hai1="50,129,61,99,57,16,131,55,90,5,54,51,29" hai2="41,122,66,44,45,130,76,43,71,7,109,107,24" hai3="69,3,40,105,102,124,22,96,42,20,30,28,135"/><U60/><E5/><V128/><F107/><W31/><G69/><T127/><D36/><U98/><E29/><V134/><F76/><W89/><G3/><T79/><D123/><U78/><E78/><V100/><F100/><W48/><G124/><N who="0" m="47691" /><D0/><U37/><E90/><V132/><F7/><W133/><G89/><T108/><D108/><U121/><E37/><N who="2" m="21551" /><F24/><W93/><G105/><T17/><D6/><U86/><E86/><V59/><F122/><W87/><G87/><T116/><D116/><U33/><E121/><V53/><F66/><W70/><G70/><T119/><D119/><U106/><E106/><V80/><F80/><AGARI ba="0,0" hai="12,15,17,21,27,74,79,80,88,92,97" m="47691" machi="80" ten="30,2000,0" yaku="18,1,54,1" doraHai="112" who="0" fromWho="2" sc="230,20,245,0,280,-20,245,0" /><INIT seed="2,0,0,2,5,42" ten="250,245,260,245" oya="2" hai0="80,35,104,88,71,81,28,126,122,57,101,70,106" hai1="39,54,118,97,5,130,32,125,113,3,129,59,65" hai2="120,34,89,83,61,11,60,132,41,21,63,31,134" hai3="44,124,56,40,119,79,69,93,58,52,123,116,72"/><V15/><F120/><W98/><G123/><T12/><D122/><U4/><E113/><V96/><F34/><W112/><G69/><T38/><D38/><U114/><E114/><V99/><F41/><W84/><G124/><T127/><D57/><U33/><E65/><V53/><F53/><W68/><G72/><T66/><D12/><U74/><E74/><V75/><F31/><W131/><G68/><N who="0" m="26155" /><D66/><U46/><E97/><V133/><F21/><W7/><G7/><T29/><D101/><U102/><E102/><V128/><F128/><W105/><G131/><T110/><D110/><U1/><E59/><V94/><F75/><W51/><G58/><T43/><D43/><U27/><E54/><V121/><F121/><W0/><G0/><T26/><D80/><U92/><E39/><V22/><F22/><W86/><G112/><T18/><D18/><U64/><E64/><V117/><F83/><W47/><G56/><T9/><D9/><U48/><E48/><V6/><REACH who="2" step="1"/><F99/><REACH who="2" ten="250,245,250,245" step="2"/><W2/><G98/><T90/><D28/><U13/><E129/><V67/><F67/><W17/><G40/><T19/><D81/><U111/><E130/><V95/><F95/><W8/><G93/><T91/><D126/><U87/><E92/><V36/><F36/><W30/><G52/><T107/><D127/><U135/><E125/><V20/><F20/><W25/><G30/><T37/><D37/><U115/><E32/><V49/><F49/><W103/><G51/><T109/><D109/><U10/><E111/><V108/><F108/><W76/><G8/><T100/><D100/><RYUUKYOKU ba="0,1" sc="250,15,245,-15,250,15,245,-15" hai0="19,26,29,35,88,90,91,104,106,107" hai2="6,11,15,60,61,63,89,94,96,117,132,133,134" /><INIT seed="2,1,1,1,3,16" ten="265,230,265,230" oya="2" hai0="117,41,28,70,79,114,90,29,32,47,107,128,89" hai1="94,78,72,87,99,69,3,92,42,11,120,134,4" hai2="55,59,121,75,100,49,43,130,31,10,27,68,51" hai3="7,33,96,44,112,14,73,98,62,76,9,8,122"/><V135/><F121/><W86/><G122/><T60/><D114/><U77/><E134/><V61/><F130/><W102/><G73/><T118/><D107/><U82/><E120/><V129/><F129/><W15/><G33/><T19/><D79/><U25/><E69/><V103/><F135/><W37/><G62/><T109/><D128/><U104/><E78/><V81/><F68/><W116/><G116/><N who="0" m="44651" /><D109/><U91/><E42/><V80/><F10/><W83/><G112/><T13/><D60/><U0/><E25/><V5/><F5/><W115/><G115/><T52/><D70/><U53/><E53/><V131/><F131/><W20/><G37/><N who="0" m="21935" /><D52/><U93/><REACH who="1" step="1"/><E0/><REACH who="1" ten="265,220,265,230" step="2"/><V35/><F43/><W1/><G1/><T50/><D50/><U26/><E26/><V64/><F51/><W85/><G44/><T124/><D32/><U108/><E108/><V24/><F24/><W95/><G98/><T6/><D29/><U66/><E66/><V34/><F34/><W45/><G45/><T48/><D28/><U133/><E133/><V71/><REACH who="2" step="1"/><F75/><REACH who="2" ten="265,220,255,230" step="2"/><W63/><G63/><T38/><D48/><U58/><E58/><V65/><F65/><W119/><G119/><T40/><D40/><U39/><E39/><V127/><F127/><W23/><REACH who="3" step="1"/><G86/><REACH who="3" ten="265,220,255,220" step="2"/><T111/><D38/><U105/><E105/><V125/><F125/><W132/><G132/><T123/><D124/><U67/><E67/><V74/><F74/><W57/><G57/><T110/><D123/><U106/><E106/><V88/><F88/><N who="0" m="33898" /><D110/><U84/><E84/><V2/><F2/><W17/><AGARI ba="1,4" hai="7,8,9,14,15,17,20,23,76,83,85,95,96,102" machi="17" ten="20,12000,2" yaku="1,1,5,1,0,1,7,1,8,1,52,2,53,0" doraHai="16" doraHaiUra="54" who="3" fromWho="3" sc="265,-31,220,-31,255,-61,220,163" /><INIT seed="3,0,0,3,3,72" ten="234,189,194,383" oya="3" hai0="79,99,35,127,75,115,108,74,134,38,120,102,90" hai1="65,78,23,91,30,131,56,32,113,49,58,21,114" hai2="101,83,110,6,12,81,82,31,98,40,45,48,10" hai3="87,97,8,33,111,107,17,43,27,73,50,55,125"/><W5/><G73/><T19/><D120/><U93/><E32/><V121/><F121/><W100/><G43/><T94/><D38/><U4/><E131/><V34/><F110/><W42/><G42/><T80/><D35/><U52/><E4/><V118/><F118/><W1/><G87/><T66/><D75/><U85/><E78/><V109/><F109/><W116/><G125/><T67/><D108/><U7/><E7/><V132/><F132/><W112/><G112/><T123/><D123/><U63/><REACH who="1" step="1"/><E23/><REACH who="1" ten="234,179,194,383" step="2"/><V133/><F133/><W9/><G5/><T46/><D79/><U0/><E0/><V2/><F2/><W89/><G1/><T25/><D134/><U69/><E69/><V86/><F34/><W122/><G33/><T11/><D74/><U3/><E3/><V39/><F31/><W59/><G122/><T70/><D70/><U16/><E16/><V92/><F39/><W68/><G17/><T129/><D19/><U135/><E135/><V14/><F14/><W13/><G13/><T124/><D127/><U51/><E51/><V106/><F106/><W26/><G50/><T37/><D124/><U20/><E20/><V126/><F126/><W44/><G107/><T95/><D37/><U54/><E54/><V77/><AGARI ba="0,1" hai="6,10,12,40,45,48,77,81,82,83,86,92,98,101" machi="77" ten="20,12000,2" yaku="0,1,7,1,25,2,8,1,52,1" doraHai="72" who="2" fromWho="2" sc="234,-30,179,-30,194,130,383,-60" owari="204,-19.6,149,-35.1,324,42.4,323,12.3" /></mjloggm>