<mjloggm ver="2.3"><GO type="225" lobby="0"/><UN n0="%E3%82%8C%E3%81%99%E3%81%93" n1="%E6%98%93%E5%88%A9%E8%96%A9%E4%BC%AF" n2="%E8%A8%88%E7%AE%97%E6%A9%9F%E8%87%AA%E7%84%B6" n3="%E3%83%8F%E3%83%B3%E3%83%89%E3%83%A9%E3%83%BC%E3%83%BB%E3%83%AF%E3%83%B3" dan="17,16,17,17" rate="2190.91,2126.13,2180.47,2188.85" sx="F,F,M,M"/><TAIKYOKU oya="0"/><INIT seed="0,0,0,0,3,89" ten="250,250,250,250" oya="0" hai0="96,88,12,48,52,79,5,117,76,55,58,122,84" hai1="99,53,74,16,30,7,131,6,32,125,70,24,59" hai2="119,73,93,26,68,50,71,37,45,91,104,114,39" hai3="29,108,110,101,100,49,126,11,82,75,94,77,2"/><T35/><D117/><U65/><E74/><V9/><F73/><W116/><G116/><T17/><D122/><U66/><E131/><V1/><F104/><W87/><G29/><T34/><D5/><U54/><E54/><V86/><F114/><W128/><G128/><T61/><D96/><U22/><E125/><V3/><F119/><W107/><G49/><T103/><D103/><N who="3" m="39497" /><G11/><N who="0" m="6303" /><D34/><U57/><E57/><V31/><F39/><W81/><G2/><T69/><D35/><U98/><E98/><V25/><F37/><W135/><G107/><T72/><D69/><U129/><E99/><V10/><F9/><W112/><G112/><T41/><D41/><U133/><E133/><V38/><F38/><W92/><G135/><T120/><D120/><U62/><E129/><V20/><F26/><W40/><G40/><T15/><D15/><U115/><E66/><V44/><F1/><W14/><G14/><T130/><D72/><U97/><E97/><V90/><F68/><W78/><G126/><T95/><D130/><U28/><E115/><V109/><F71/><W105/><G105/><T85/><D85/><U42/><E42/><V121/><F121/><W123/><G123/><T8/><D8/><U56/><E70/><V43/><F3/><W80/><G80/><T83/><D83/><U113/><E113/><V64/><F10/><W102/><N who="3" m="39505" /><W47/><DORA hai="111" /><G47/><AGARI ba="0,0" hai="47,48,52,55,58,61,76,79,84,88,95" m="6303" machi="47" ten="30,11600,0" yaku="8,1,52,1,54,2" doraHai="89,111" who="0" fromWho="3" sc="250,116,250,0,250,0,250,-116" /><INIT seed="0,1,0,5,1,9" ten="366,250,250,134" oya="0" hai0="14,41,67,33,16,132,43,27,114,47,57,124,54" hai1="117,6,0,28,19,53,92,35,46,101,110,118,61" hai2="112,97,133,31,102,7,88,84,93,130,71,123,70" hai3="108,76,122,83,85,13,121,40,4,69,24,30,15"/><T125/><D114/><U23/><E110/><V32/><F112/><W22/><G69/><T89/><D132/><U36/><E35/><V75/><F123/><N who="3" m="47115" /><G108/><T90/><D67/><U66/><E28/><V58/><F133/><W2/><G40/><N who="0" m="15435" /><D27/><U50/><E36/><V68/><F75/><W60/><G60/><N who="0" m="35895" /><D47/><U49/><E49/><V39/><F39/><W111/><G111/><T51/><D51/><U18/><E0/><V106/><F58/><W134/><G134/><T44/><D44/><U80/><E50/><V81/><F130/><W78/><G78/><T64/><D64/><U127/><E66/><V17/><F70/><W34/><G34/><T25/><D25/><U56/><E46/><V55/><F55/><W72/><G72/><T62/><D62/><U126/><E61/><V21/><F32/><W59/><G59/><T37/><D37/><U94/><E53/><V5/><F71/><W10/><AGARI ba="1,0" hai="2,4,10,13,15,22,24,30,76,83,85" m="47115" machi="10" ten="30,4000,0" yaku="13,1,52,2" doraHai="9" who="3" fromWho="3" sc="366,-21,250,-11,250,-11,134,43" /><INIT seed="1,0,0,1,5,63" ten="345,239,239,177" oya="1" hai0="35,76,109,14,44,80,9,95,16,67,22,89,111" hai1="37,122,45,81,117,24,33,18,98,25,124,47,130" hai2="54,120,60,129,99,94,84,93,13,68,87,52,10" hai3="132,113,4,62,38,104,135,29,36,101,115,131,71"/><U64/><E117/><V61/><F129/><W66/><G4/><T32/><D44/><U51/><E122/><V34/><F34/><W72/><G29/><T125/><D125/><U46/><E130/><V12/><F68/><W59/><G72/><N who="0" m="43015" /><D67/><U6/><E6/><V127/><F99/><W5/><G5/><T85/><D9/><U133/><E133/><N who="3" m="51274" /><G131/><T103/><D103/><U70/><E33/><V108/><F108/><W123/><G123/><T69/><D69/><U134/><E124/><V88/><F120/><W1/><G1/><T112/><D112/><N who="3" m="43081" /><G59/><T97/><D97/><AGARI ba="0,0" hai="36,38,62,66,71,97,101,104" m="43081,51274" machi="97" ten="30,3900,0" yaku="20,1,23,1,52,1" doraHai="63" who="3" fromWho="0" sc="345,-39,239,0,239,0,177,39" /><INIT seed="2,0,0,0,0,93" ten="306,239,239,216" oya="2" hai0="26,72,7,118,101,67,107,1,90,112,94,71,3" hai1="82,41,126,105,32,30,39,100,102,77,83,75,10" hai2="62,80,19,29,56,104,52,134,117,110,108,34,35" hai3="59,70,116,38,64,8,103,23,53,17,27,5,119"/><V12/><F117/><W96/><G38/><T88/><D112/><U106/><E126/><V113/><F113/><W95/><G70/><T63/><D72/><N who="1" m="43303" /><E10/><V99/><F134/><W58/><G64/><T40/><D118/><U54/><E54/><V60/><F80/><W115/><G59/><T25/><D40/><U98/><E30/><V65/><F29/><W74/><G74/><T16/><D90/><U28/><E28/><V121/><F121/><W79/><G79/><T97/><D7/><U21/><E21/><N who="2" m="11495" /><F99/><W43/><G43/><T114/><D114/><U78/><E102/><V124/><F104/><W11/><G11/><T4/><D4/><U6/><E6/><V48/><F124/><W37/><G37/><T46/><D46/><N who="1" m="23871" /><E106/><V18/><F18/><W129/><G115/><T31/><D16/><U130/><E130/><V133/><F133/><W51/><REACH who="3" step="1"/><G129/><REACH who="3" ten="306,239,239,206" step="2"/><T15/><D71/><U55/><E55/><V22/><F62/><W14/><AGARI ba="0,1" hai="5,8,14,17,23,27,51,53,58,95,96,103,116,119" machi="14" ten="20,8000,1" yaku="1,1,2,1,0,1,7,1,52,1,53,0" doraHai="93" doraHaiUra="122" who="3" fromWho="3" sc="306,-20,239,-20,239,-40,206,90" /><INIT seed="3,0,0,3,0,44" ten="286,219,199,296" oya="3" hai0="7,52,45,86,46,102,111,13,42,18,25,30,94" hai1="66,51,107,104,76,32,2,132,129,41,72,65,122" hai2="99,112,49,95,124,128,8,29,19,126,97,116,17" hai3="123,114,33,64,22,120,6,35,27,43,73,15,26"/><W56/><G114/><T9/><D111/><U12/><E2/><V115/><F116/><W106/><G73/><T59/><D7/><U50/><E32/><V85/><F29/><W54/><G106/><T119/><D119/><U113/><E122/><V92/><F85/><W68/><G43/><T125/><D42/><U84/><E72/><V31/><F31/><W69/><G64/><T62/><D125/><U83/><E113/><V58/><F58/><W40/><G40/><T20/><D86/><U133/><E129/><V16/><F19/><W110/><G110/><T53/><D53/><U130/><E130/><V81/><F128/><W135/><G135/><N who="1" m="51786" /><E12/><V121/><F8/><W55/><G15/><T105/><D105/><N who="1" m="40523" /><E41/><V89/><F89/><W98/><G22/><T57/><D57/><U108/><E108/><V61/><F121/><W10/><G56/><T127/><D127/><U5/><E5/><V38/><F61/><W71/><G6/><T21/><D21/><U23/><E23/><V28/><F28/><W96/><G69/><T103/><D103/><U4/><E4/><V90/><F90/><W14/><G14/><T131/><D131/><U60/><E66/><V70/><F70/><AGARI ba="0,0" hai="50,51,60,65,70,76,83,84" m="40523,51786" machi="70" ten="30,3900,0" yaku="20,1,52,2" doraHai="44" who="1" fromWho="2" sc="286,0,219,39,199,-39,296,0" /><INIT seed="4,0,0,3,0,63" ten="286,258,160,296" oya="0" hai0="33,56,81,38,117,57,106,7,109,71,17,102,10" hai1="110,127,35,65,6,92,96,103,64,34,1,112,48" hai2="45,41,91,13,75,40,128,24,108,121,89,22,83" hai3="4,80,93,87,53,44,70,30,88,100,111,97,61"/><T23/><D117/><U135/><E110/><V2/><F2/><W82/><G111/><T105/><D33/><U58/><E135/><V90/><F108/><W8/><G30/><T66/><D109/><U47/><E127/><V94/><F121/><W113/><G113/><T21/><D38/><U116/><E116/><V99/><F128/><W68/><G82/><T12/><D23/><U134/><E134/><V0/><F0/><W14/><G61/><T120/><D120/><U78/><E78/><V19/><F75/><W85/><G85/><T11/><D11/><U49/><E35/><V27/><F41/><W73/><G73/><T54/><D81/><U62/><E34/><V124/><F124/><W101/><G101/><T32/><D32/><U3/><E3/><V5/><F5/><W122/><G122/><T72/><D72/><U84/><E6/><V36/><REACH who="2" step="1"/><F83/><REACH who="2" ten="286,258,150,296" step="2"/><W16/><G4/><T28/><D7/><U26/><E1/><V55/><F55/><W37/><G37/><T74/><D74/><U76/><E112/><V123/><F123/><W39/><G39/><T25/><D54/><U77/><E77/><V18/><F18/><W132/><G132/><T133/><D133/><U126/><E76/><V31/><F31/><W79/><G79/><T118/><D118/><U86/><E126/><V129/><F129/><W9/><G53/><T107/><D102/><AGARI ba="0,1" hai="13,19,22,24,27,36,40,45,89,90,91,94,99,102" machi="102" ten="40,2600,0" yaku="1,1,53,1" doraHai="63" doraHaiUra="15" who="2" fromWho="0" sc="286,-26,258,0,150,36,296,0" /><INIT seed="5,0,0,0,2,135" ten="260,258,186,296" oya="1" hai0="97,19,51,68,86,126,93,10,87,133,81,110,101" hai1="38,58,40,12,69,108,8,2,43,54,28,32,77" hai2="22,91,18,15,56,70,128,131,118,37,76,53,48" hai3="132,71,3,94,52,98,41,14,88,106,57,47,0"/><U83/><E69/><V78/><F118/><W72/><G71/><T24/><D110/><U49/><E2/><V9/><F70/><W75/><G106/><T1/><D68/><U90/><E108/><V85/><F37/><W5/><G132/><T65/><D133/><U130/><E130/><V105/><F105/><W11/><G75/><T21/><D65/><U29/><E90/><V36/><F36/><W59/><G59/><T13/><D1/><U44/><E32/><V82/><F131/><W35/><G72/><T117/><D117/><U107/><E43/><V103/><F103/><W92/><G35/><T102/><D102/><U120/><E120/><V122/><F122/><W74/><G74/><T121/><D121/><U115/><E115/><V67/><F128/><W17/><G94/><T50/><D126/><U26/><E26/><V55/><F67/><W129/><G5/><T100/><D100/><U123/><E107/><V89/><F89/><W80/><G80/><T23/><D23/><U96/><E96/><V6/><REACH who="2" step="1"/><F55/><REACH who="2" ten="260,258,176,296" step="2"/><W62/><G129/><T113/><D101/><U109/><E123/><V84/><F84/><W112/><G112/><T7/><D113/><U66/><E66/><V63/><F63/><W127/><G52/><T114/><D114/><U33/><E38/><V60/><F60/><W124/><G62/><T20/><D87/><U46/><E54/><V16/><F16/><W64/><G17/><N who="0" m="12335" /><D86/><U119/><E77/><V104/><F104/><W27/><G64/><T30/><D19/><U4/><E40/><V45/><F45/><W95/><G47/><RYUUKYOKU ba="0,1" sc="260,-10,258,-10,176,30,296,-10" hai2="6,9,15,18,22,48,53,56,76,78,82,85,91" /><INIT seed="6,1,1,3,3,116" ten="250,248,206,286" oya="2" hai0="44,70,63,64,4,78,49,117,88,104,110,28,128" hai1="100,56,113,8,108,39,91,103,95,38,69,55,1" hai2="119,13,23,65,73,27,66,130,68,6,74,83,135" hai3="67,123,3,16,87,99,41,10,62,20,122,82,57"/><V51/><F119/><W42/><G123/><T15/><D117/><U76/><E69/><V109/><F130/><W11/><G122/><T85/><D110/><U54/><E113/><V126/><F109/><W33/><G33/><T98/><D128/><U102/><E76/><V59/><F68/><W30/><G30/><T114/><D28/><U89/><E89/><V79/><F74/><W58/><G99/><T112/><D78/><U80/><E80/><V40/><F126/><W84/><G58/><T29/><D29/><U34/><E34/><V118/><F135/><W32/><G32/><T71/><D71/><U77/><E77/><V14/><F118/><W24/><G87/><T5/><D104/><U93/><E93/><V52/><F40/><N who="3" m="15467" /><G3/><T17/><D98/><U94/><E94/><V21/><F14/><W9/><G9/><N who="0" m="6383" /><D49/><U47/><E47/><V106/><F106/><W92/><G92/><N who="0" m="54287" /><D44/><U37/><E56/><V43/><F43/><W107/><G107/><T61/><D61/><U127/><E127/><V75/><F75/><W53/><G67/><T125/><D125/><U19/><E108/><V12/><F12/><W25/><G25/><T48/><D48/><U124/><E124/><V131/><F131/><W121/><G121/><T81/><D81/><U46/><E46/><V0/><F0/><W115/><G115/><AGARI ba="1,1" hai="4,5,63,64,70,112,114,115" m="54287,6383" machi="115" ten="30,2000,0" yaku="15,1,54,1" doraHai="116" who="0" fromWho="3" sc="250,33,248,0,206,0,286,-23" /><INIT seed="7,0,0,2,1,99" ten="283,248,206,263" oya="3" hai0="53,74,67,17,126,20,114,125,94,12,77,18,45" hai1="88,130,76,85,40,30,15,5,44,135,86,82,52" hai2="50,7,23,29,38,39,133,102,6,118,119,117,104" hai3="121,95,66,90,4,124,134,101,48,98,110,113,59"/><W41/><G121/><T32/><D32/><U103/><E135/><V64/><F133/><W120/><G120/><T2/><D2/><U9/><E130/><V3/><F64/><W21/><G134/><T70/><D114/><U69/><E69/><V93/><F104/><W33/><G33/><T10/><D94/><N who="1" m="54543" /><E30/><V43/><F50/><W131/><G113/><T27/><D67/><U107/><E107/><V51/><F51/><W97/><G131/><T63/><D70/><U127/><E127/><N who="0" m="48649" /><D45/><U111/><E111/><V122/><F122/><W132/><G132/><T46/><D46/><U56/><E103/><V80/><F80/><W72/><G72/><T106/><D106/><U14/><E14/><V55/><F55/><W109/><G124/><T24/><D24/><U115/><E115/><V28/><F43/><W8/><G21/><T22/><D22/><U112/><E112/><V68/><F68/><W108/><G41/><T81/><D53/><U58/><E40/><V84/><F84/><W25/><G25/><T36/><D63/><U89/><E76/><V49/><F49/><AGARI ba="0,0" hai="5,9,15,44,49,52,56,58,82,86,89" m="54543" machi="49" ten="30,3900,0" yaku="8,1,54,2" doraHai="99" who="1" fromWho="2" sc="283,0,248,39,206,-39,263,0" owari="283,8.3,287,38.7,167,-33.3,263,-13.7" /></mjloggm>