<mjloggm ver="2.3"><GO type="225" lobby="0"/><UN n0="%65%2D%73%65%70%65%6E%3B" n1="%E3%83%97%E3%83%AC%E3%83%B4%E3%82%A1%E3%83%86%E3%82%A3" n2="%E3%83%97%E3%83%92" n3="%E3%81%BF%E3%81%BF%E3%81%9A" dan="16,16,17,16" rate="2147.71,2080.35,2204.32,2168.89" sx="M,F,M,M"/><TAIKYOKU oya="0"/><INIT seed="0,0,0,4,2,52" ten="250,250,250,250" oya="0" hai0="102,97,86,70,84,57,83,49,68,60,121,26,103" hai1="124,78,128,20,34,93,44,46,59,116,71,129,2" hai2="51,110,131,36,42,0,30,1,91,16,134,41,82" hai3="11,104,69,98,77,126,58,4,118,106,56,66,80"/><T39/><D39/><U96/><E34/><V24/><F110/><W112/><G112/><T79/><D121/><U75/><E2/><V125/><F131/><N who="1" m="50249" /><E71/><V90/><F36/><W114/><G114/><T100/><D97/><U45/><E116/><V105/><F105/><W8/><G118/><T133/><D133/><U81/><E124/><V123/><F123/><W33/><G126/><T94/><D49/><U111/><E111/><V50/><F125/><W14/><G33/><T89/><REACH who="0" step="1"/><D26/><REACH who="0" ten="240,250,250,250" step="2"/><U61/><E20/><V113/><F24/><W74/><G98/><T29/><D29/><U120/><E120/><V19/><F30/><W63/><REACH who="3" step="1"/><G8/><REACH who="3" ten="240,250,250,240" step="2"/><T72/><D72/><U53/><E44/><V37/><F113/><W48/><G48/><T135/><D135/><U13/><E13/><V22/><F37/><W62/><G62/><T130/><D130/><U127/><E127/><V109/><F109/><W35/><G35/><T119/><D119/><U108/><E108/><V88/><F134/><W95/><G95/><T73/><D73/><U7/><E45/><V92/><F92/><W18/><G18/><T47/><D47/><U65/><E46/><V117/><F117/><W107/><AGARI ba="0,2" hai="4,11,14,56,58,63,66,69,74,77,80,104,106,107" machi="107" ten="30,7900,0" yaku="1,1,0,1,52,2,53,0" doraHai="52" doraHaiUra="15" who="3" fromWho="3" sc="240,-39,250,-20,250,-20,240,99" /><INIT seed="1,0,0,0,1,65" ten="201,230,230,339" oya="1" hai0="128,19,12,13,120,92,1,87,80,67,36,42,45" hai1="115,111,5,53,18,62,132,85,8,84,121,119,21" hai2="6,10,61,17,135,68,113,124,40,60,82,131,134" hai3="83,29,50,105,35,2,0,123,97,86,116,52,107"/><U78/><E115/><V30/><F113/><W127/><G123/><T20/><D1/><U25/><E121/><V76/><F30/><W114/><G114/><T70/><D120/><U9/><E119/><V81/><F40/><W15/><G116/><T99/><D128/><U122/><E122/><V72/><F131/><W102/><G127/><T71/><D67/><U43/><E132/><N who="2" m="50731" /><F124/><W41/><G41/><T46/><D46/><U88/><E43/><V31/><F31/><W98/><G15/><T39/><D39/><U28/><E111/><V94/><F17/><W7/><G7/><T117/><D117/><U4/><E28/><V108/><F81/><W26/><G98/><T129/><D129/><U59/><E78/><V109/><F94/><W118/><G105/><T101/><REACH who="0" step="1"/><D13/><REACH who="0" ten="191,230,230,339" step="2"/><U32/><E32/><V79/><F108/><W93/><G118/><T103/><D103/><U16/><E84/><V14/><F109/><W125/><G125/><T126/><D126/><U96/><E96/><V69/><F76/><AGARI ba="0,1" hai="12,19,20,36,42,45,70,71,76,80,87,92,99,101" machi="76" ten="30,8000,1" yaku="1,1,7,1,52,2,53,1" doraHai="65" doraHaiUra="75" who="0" fromWho="2" sc="191,90,230,0,230,-80,339,0" /><INIT seed="2,0,0,2,2,82" ten="281,230,150,339" oya="2" hai0="66,55,76,25,97,65,27,80,9,104,13,35,87" hai1="24,98,0,102,125,88,11,115,18,46,37,81,44" hai2="41,49,78,23,113,74,107,110,99,108,92,101,126" hai3="117,34,94,112,2,79,120,132,62,1,32,72,42"/><V71/><F71/><W40/><G117/><T38/><D38/><U68/><E68/><V63/><F113/><W89/><G120/><T131/><D131/><U103/><E115/><V61/><F126/><W118/><G118/><T73/><D104/><U57/><E125/><V50/><F107/><W19/><G62/><N who="2" m="23561" /><F41/><W109/><G109/><N who="2" m="42089" /><F23/><W26/><G132/><T91/><D97/><U7/><E37/><V17/><F17/><W84/><G112/><T10/><D10/><U83/><E57/><V121/><F121/><W12/><G79/><T4/><D35/><U15/><E24/><N who="0" m="9289" /><D73/><U133/><E133/><V29/><F29/><W93/><G72/><T33/><D33/><U135/><E135/><V114/><F114/><W129/><G129/><T59/><D76/><U77/><E77/><V86/><F74/><W95/><G26/><T39/><D39/><U85/><E81/><AGARI ba="0,0" hai="49,50,78,81,86,92,99,101" m="42089,23561" machi="81" ten="30,5800,0" yaku="14,1,10,1,52,1" doraHai="82" who="2" fromWho="1" sc="281,0,230,-58,150,58,339,0" /><INIT seed="2,1,0,3,4,20" ten="281,172,208,339" oya="2" hai0="31,5,134,29,78,97,36,65,7,42,4,104,131" hai1="30,14,26,132,126,75,73,109,68,112,120,44,60" hai2="40,38,55,58,8,0,85,92,23,9,79,33,100" hai3="49,107,135,28,27,61,80,124,83,133,88,16,35"/><V119/><F119/><W32/><G124/><T62/><D78/><U21/><E126/><V6/><F33/><W96/><G32/><T50/><D36/><U110/><E112/><V63/><F38/><W22/><G49/><T37/><D37/><U106/><E106/><V84/><F40/><W3/><G3/><T89/><D131/><U51/><E132/><N who="3" m="50762" /><G61/><T122/><D134/><U66/><E120/><V1/><F79/><W128/><G128/><T43/><D122/><U114/><E114/><V52/><F23/><W47/><G47/><T123/><D123/><U59/><E68/><V18/><F55/><W41/><G41/><T81/><D104/><U70/><E70/><V127/><F127/><W98/><G98/><T102/><D102/><U93/><E14/><V76/><F76/><W105/><G105/><T125/><D125/><U130/><E130/><V69/><F69/><W129/><G129/><T45/><D43/><U48/><E48/><V34/><F34/><W86/><G96/><T94/><REACH who="0" step="1"/><D81/><REACH who="0" ten="271,172,208,339" step="2"/><U103/><E109/><V39/><F39/><W91/><G107/><T12/><D12/><U101/><E110/><V2/><F100/><W53/><G80/><T95/><D95/><U87/><E103/><V24/><F92/><W15/><G91/><T10/><D10/><U99/><E87/><N who="2" m="33355" /><F8/><W77/><G77/><T115/><D115/><U46/><E46/><V90/><F90/><W82/><G83/><T116/><D116/><U54/><AGARI ba="1,1" hai="21,26,30,44,51,54,59,60,66,73,75,93,99,101" machi="54" ten="20,8000,1" yaku="0,1,7,1,25,2,52,1" doraHai="20" who="1" fromWho="1" sc="271,-21,172,93,208,-41,339,-21" /><INIT seed="3,0,0,3,5,59" ten="250,265,167,318" oya="3" hai0="45,10,53,112,46,67,25,24,71,39,41,37,76" hai1="132,50,35,78,36,118,32,47,51,57,127,104,130" hai2="3,15,77,133,68,88,121,98,87,131,44,2,80" hai3="134,108,95,42,18,48,22,13,43,7,75,0,96"/><W11/><G134/><T115/><D76/><U40/><E132/><V100/><F133/><W62/><G75/><T69/><D10/><U20/><E104/><V92/><F131/><W28/><G108/><T129/><D129/><U33/><E130/><V56/><F68/><W31/><G62/><N who="0" m="40183" /><D71/><U49/><E118/><V94/><F121/><W89/><G48/><N who="0" m="28823" /><D37/><U113/><E113/><AGARI ba="0,0" hai="24,25,39,41,45,112,113,115" m="28823,40183" machi="113" ten="30,2000,0" yaku="11,1,52,1" doraHai="59" who="0" fromWho="1" sc="250,20,265,-20,167,0,318,0" owari="270,7.0,245,-15.5,167,-33.3,318,41.8" /></mjloggm>