<mjloggm ver="2.3"><GO type="225" lobby="0"/><UN n0="%E3%81%BF%E3%81%BF%E3%81%9A" n1="%72%69%6F%75%63%68%61%6E" n2="%E3%81%B5%E3%81%98%E3%81%8B%E3%81%A4" n3="%6D%75%75%73%61%6E%6D%75" dan="18,16,17,16" rate="2294.70,2184.61,2241.80,2067.86" sx="M,M,M,F"/><TAIKYOKU oya="0"/><INIT seed="0,0,0,4,0,68" ten="250,250,250,250" oya="0" hai0="104,134,67,81,89,23,62,91,43,57,22,52,123" hai1="8,102,32,122,60,56,13,15,12,28,86,31,130" hai2="107,58,83,55,37,101,124,133,46,35,131,0,14" hai3="42,135,105,54,119,84,10,61,9,11,49,50,29"/><T113/><D113/><U117/><E117/><V82/><F124/><W109/><G119/><T59/><D123/><U129/><E122/><V95/><F133/><W3/><G135/><T93/><D134/><U79/><E102/><V44/><F0/><W48/><G105/><T108/><D108/><U92/><E8/><V73/><F35/><W24/><G109/><T88/><D104/><U20/><E32/><V18/><F107/><W120/><G120/><T97/><D43/><U106/><E106/><V30/><F30/><W40/><G3/><T98/><D81/><N who="2" m="30730" /><F37/><W38/><G84/><T33/><D33/><U65/><E79/><V16/><F131/><N who="1" m="50185" /><E20/><N who="0" m="7721" /><D93/><U69/><E69/><V121/><F121/><W74/><G74/><T39/><D39/><U100/><E86/><V118/><F118/><W72/><G72/><T7/><D7/><U125/><E125/><V99/><F73/><W76/><G76/><T27/><D27/><U26/><E26/><V75/><F75/><W78/><G78/><T4/><D4/><U66/><E65/><V115/><F115/><W116/><G116/><T63/><AGARI ba="0,0" hai="52,57,59,62,63,67,88,89,91,97,98" m="7721" machi="63" ten="30,6000,0" yaku="8,1,54,2" doraHai="68" who="0" fromWho="0" sc="250,60,250,-20,250,-20,250,-20" /><INIT seed="0,1,0,4,4,6" ten="310,230,230,230" oya="0" hai0="80,95,38,123,45,24,118,108,109,26,32,102,61" hai1="42,14,71,55,1,78,58,8,94,64,23,92,43" hai2="81,133,74,16,21,28,107,112,44,75,0,110,36" hai3="11,40,54,76,79,19,63,98,50,91,135,17,22"/><T82/><D118/><U39/><E1/><V13/><F112/><W88/><G135/><T20/><D123/><U101/><E78/><N who="3" m="29738" /><G40/><N who="0" m="22679" /><D61/><N who="1" m="37943" /><E71/><V132/><F107/><W5/><G63/><T104/><D104/><U67/><E39/><V111/><F0/><W90/><G98/><N who="0" m="59743" /><D32/><U48/><E67/><V114/><F28/><W121/><G121/><T99/><D26/><U47/><E23/><V59/><F114/><W115/><G115/><T129/><D99/><N who="1" m="59623" /><E94/><V128/><F59/><N who="3" m="33239" /><G22/><T3/><D129/><U130/><E130/><V120/><F128/><W126/><G126/><T134/><D134/><N who="2" m="51818" /><F120/><W93/><G93/><T103/><D103/><U83/><E83/><V105/><F105/><W117/><G117/><T97/><D97/><U52/><E42/><N who="2" m="22599" /><F81/><W87/><G87/><T127/><D127/><U86/><E86/><V37/><F37/><W51/><G51/><T62/><D62/><U30/><E30/><V70/><F70/><W7/><G19/><AGARI ba="1,0" hai="8,14,19,43,47,48,52,55" m="59623,37943" machi="19" ten="30,3900,0" yaku="8,1,52,1,54,1" doraHai="6" who="1" fromWho="3" sc="310,0,230,42,230,0,230,-42" /><INIT seed="1,0,0,2,2,120" ten="310,272,230,188" oya="1" hai0="12,83,11,50,94,89,130,65,116,5,99,84,76" hai1="39,98,46,22,57,55,92,70,24,104,102,88,37" hai2="35,53,33,81,44,40,4,48,135,119,2,18,64" hai3="95,121,47,28,52,68,32,125,111,8,101,38,10"/><U132/><E132/><V16/><F119/><W25/><G121/><T74/><D130/><U79/><E70/><V75/><F135/><W42/><G68/><T123/><D123/><U20/><E79/><V26/><F64/><W17/><G125/><T9/><D116/><U129/><E129/><V131/><F131/><W93/><G111/><T78/><D65/><U117/><E117/><V69/><F69/><W105/><G105/><T36/><D36/><U66/><E66/><V126/><F126/><W63/><G17/><T124/><D124/><U134/><E134/><V6/><F6/><W122/><G122/><T96/><D76/><U112/><E112/><V49/><F2/><W54/><G93/><T97/><D11/><U14/><E14/><V67/><F4/><W90/><G101/><T115/><D115/><U0/><E0/><V114/><F67/><W31/><G31/><T71/><D71/><U1/><E1/><V41/><F114/><W106/><G106/><T34/><D34/><U128/><E128/><V62/><F62/><W3/><G3/><T85/><D74/><U127/><E127/><V51/><F75/><W113/><G113/><T27/><D27/><U80/><E80/><V43/><F81/><W73/><G73/><T23/><D23/><N who="1" m="8747" /><E24/><V118/><F118/><W58/><REACH who="3" step="1"/><G54/><REACH who="3" ten="310,272,230,178" step="2"/><T109/><D109/><U108/><E108/><V60/><F53/><W91/><G91/><T56/><D83/><U13/><E104/><V86/><F18/><W100/><G100/><T72/><D94/><N who="1" m="58711" /><E55/><N who="2" m="30087" /><F16/><W133/><G133/><T29/><D29/><U7/><E88/><RYUUKYOKU ba="0,1" sc="310,-10,272,-10,230,-10,178,30" hai3="8,10,25,28,32,38,42,47,52,58,63,90,95" /><INIT seed="2,1,1,4,0,116" ten="300,262,220,208" oya="2" hai0="80,13,74,92,40,120,37,22,91,134,104,76,81" hai1="35,121,98,133,41,84,55,38,70,66,17,129,115" hai2="6,12,124,34,45,96,51,21,135,114,59,83,26" hai3="16,73,67,99,47,5,32,46,109,119,117,53,29"/><V7/><F114/><W131/><G73/><T42/><D104/><U82/><E115/><V113/><F113/><W27/><G5/><T65/><D120/><U33/><E129/><V75/><F124/><W79/><G131/><T77/><D65/><U61/><E133/><V85/><F135/><W3/><G3/><T111/><D111/><U107/><E121/><V64/><F75/><W9/><G79/><N who="0" m="30283" /><D37/><U24/><E55/><V30/><F96/><W1/><G1/><T43/><D74/><U36/><E17/><V103/><F103/><W62/><G109/><T87/><D134/><U128/><E128/><V122/><F122/><W132/><G99/><T68/><D68/><U14/><E14/><V125/><F125/><W94/><G94/><T25/><D13/><U39/><E41/><N who="0" m="10497" /><T2/><DORA hai="52" /><D2/><U54/><E54/><N who="2" m="30063" /><F12/><W126/><G126/><T118/><D118/><U127/><E127/><V112/><F34/><W72/><G72/><T50/><D50/><U48/><E48/><V93/><F112/><W102/><G132/><T8/><D8/><U97/><E35/><V10/><F10/><W78/><G119/><T4/><D4/><U49/><E49/><V89/><F93/><W19/><G117/><T101/><D101/><U105/><E107/><V31/><F31/><AGARI ba="1,1" hai="22,25,31,80,81,87,91,92" m="10497,30283" machi="31" ten="30,1000,0" yaku="8,1" doraHai="116,52" who="0" fromWho="2" sc="300,23,262,0,220,-13,208,0" /><INIT seed="3,0,0,0,2,121" ten="323,262,207,208" oya="3" hai0="116,125,98,57,74,11,76,117,9,92,120,96,28" hai1="33,2,72,26,118,4,84,95,88,77,94,41,8" hai2="27,123,86,131,100,20,22,15,79,21,1,70,6" hai3="19,59,54,18,115,42,114,132,128,133,106,68,53"/><W51/><G106/><T64/><D120/><U14/><E118/><V127/><F70/><W75/><G75/><T73/><D28/><U97/><E41/><V82/><F123/><W17/><G68/><T122/><D122/><U49/><E49/><V34/><F127/><W37/><G128/><T23/><D23/><N who="2" m="8778" /><F131/><W93/><G54/><T134/><D134/><N who="3" m="51817" /><G93/><T60/><D125/><U69/><E69/><V56/><F34/><W129/><G129/><T119/><D98/><U35/><E2/><V135/><F1/><W85/><G85/><T105/><D105/><U55/><E55/><V50/><F135/><W44/><AGARI ba="0,0" hai="17,18,19,37,42,44,51,53,59,114,115" m="51817" machi="44" ten="40,2100,0" yaku="20,1" doraHai="121" who="3" fromWho="3" sc="323,-7,262,-7,207,-7,208,21" /><INIT seed="3,1,0,2,0,84" ten="316,255,200,229" oya="3" hai0="12,109,116,77,10,111,33,108,134,92,42,131,62" hai1="89,46,38,3,71,8,25,47,76,48,73,101,55" hai2="1,57,126,5,13,43,49,37,34,97,68,88,110" hai3="70,18,65,81,0,95,85,26,44,21,102,118,132"/><W117/><G132/><T4/><D131/><U112/><E112/><V15/><F68/><W120/><G120/><T61/><D134/><U63/><E101/><V14/><F34/><W96/><G0/><T115/><D116/><U28/><E71/><V100/><F37/><W74/><G74/><T128/><D128/><U69/><E69/><V41/><F110/><W22/><G44/><T98/><D115/><U31/><E63/><V133/><F133/><W50/><G50/><T11/><D33/><U129/><E129/><V80/><F126/><W53/><G53/><T45/><D11/><U9/><E89/><V2/><F2/><W60/><REACH who="3" step="1"/><G22/><REACH who="3" ten="316,255,200,219" step="2"/><T16/><D45/><U32/><E3/><V17/><F1/><W58/><G58/><T104/><D109/><U6/><E47/><N who="2" m="25839" /><F5/><W23/><G23/><T94/><D4/><U86/><E6/><V130/><F130/><W91/><AGARI ba="1,1" hai="18,21,26,60,65,70,81,85,91,95,96,102,117,118" machi="91" ten="20,12000,1" yaku="1,1,0,1,7,1,52,1,53,1" doraHai="84" doraHaiUra="99" who="3" fromWho="3" sc="316,-41,255,-41,200,-41,219,133" owari="275,7.5,214,-18.6,159,-34.1,352,45.2" /></mjloggm>