<mjloggm ver="2.3"><GO type="225" lobby="0"/><UN n0="%E3%81%8B%E3%82%8F%E3%81%A1%E3%82%83%E3%82%93%35%38" n1="%E3%81%A9%E3%82%93%E3%82%88%E3%81%8F%4D%6B%2E%32" n2="%72%69%6F%75%63%68%61%6E" n3="%E3%83%AD%E3%83%83%E3%83%86%E9%9B%80%E7%90%83" dan="16,16,16,17" rate="2098.50,2175.83,2103.51,2196.32" sx="M,M,M,M"/><TAIKYOKU oya="0"/><INIT seed="0,0,0,0,2,21" ten="250,250,250,250" oya="0" hai0="67,72,130,49,12,110,84,4,52,88,63,79,73" hai1="86,115,83,99,94,116,6,104,2,121,98,128,111" hai2="44,31,129,23,124,82,70,89,125,62,25,50,39" hai3="59,54,8,47,120,81,10,90,118,15,46,26,5"/><T75/><D130/><U108/><E2/><V93/><F129/><W7/><G118/><T119/><D119/><U65/><E6/><V122/><F122/><W13/><G120/><T78/><D12/><U134/><E116/><V32/><F39/><W37/><G37/><T112/><D4/><U96/><E121/><V131/><F131/><W43/><G43/><T14/><D14/><U114/><E128/><V127/><F82/><W100/><G100/><T58/><D110/><N who="1" m="42027" /><E65/><V24/><F62/><W133/><G133/><T22/><D22/><U34/><E34/><V17/><F70/><W27/><G90/><T71/><REACH who="0" step="1"/><D112/><REACH who="0" ten="240,250,250,250" step="2"/><N who="1" m="43051" /><E134/><V117/><F117/><W132/><G132/><T60/><D60/><U87/><E104/><V40/><REACH who="2" step="1"/><F125/><REACH who="2" ten="240,250,240,250" step="2"/><W69/><G8/><T101/><D101/><U97/><E83/><AGARI ba="0,2" hai="49,52,58,63,67,71,72,73,75,78,79,83,84,88" machi="83" ten="40,7700,0" yaku="1,1,54,2,53,0" doraHai="21" doraHaiUra="18" who="0" fromWho="1" sc="240,97,250,-77,240,0,250,0" /><INIT seed="0,1,0,5,0,34" ten="337,173,240,250" oya="0" hai0="53,67,132,66,50,120,100,13,7,56,113,60,9" hai1="17,36,27,94,62,110,98,112,46,122,64,68,51" hai2="18,28,30,31,74,133,1,29,57,104,79,69,0" hai3="61,88,40,77,123,45,39,5,118,52,44,119,135"/><T54/><D113/><U11/><E112/><V124/><F69/><W81/><G135/><T15/><D120/><U55/><E122/><V4/><F104/><W42/><G123/><T115/><D115/><U58/><E110/><V87/><F74/><W20/><G5/><T111/><D132/><U92/><E98/><V126/><F133/><W109/><G109/><T71/><D111/><U96/><E96/><V21/><N who="2" m="7168" /><DORA hai="8" /><V86/><F57/><W103/><G103/><T32/><D32/><U73/><E73/><V93/><F4/><W63/><G20/><T35/><D35/><U102/><E102/><V38/><F38/><W131/><G131/><T2/><D100/><U95/><E36/><V127/><F93/><W97/><G97/><T101/><D101/><U3/><E27/><N who="2" m="14775" /><F79/><W128/><G128/><T134/><D134/><U10/><E10/><V121/><F121/><W89/><G39/><T59/><D67/><U99/><E99/><V78/><F78/><W75/><G77/><T80/><D80/><U129/><E129/><V91/><F91/><W117/><G117/><T106/><D106/><U26/><E26/><V125/><N who="2" m="31744" /><DORA hai="65" /><V33/><F33/><W85/><G81/><T41/><D71/><U84/><E84/><AGARI ba="1,0" hai="0,1,84,86,87" m="31744,14775,7168" machi="84" ten="70,8000,1" yaku="18,1,52,2" doraHai="34,8,65" who="2" fromWho="1" sc="337,0,173,-83,240,83,250,0" /><INIT seed="1,0,0,3,1,70" ten="337,90,323,250" oya="1" hai0="43,14,97,74,89,31,75,52,102,20,60,72,71" hai1="62,81,59,91,109,49,22,110,125,107,35,27,92" hai2="6,2,82,1,0,46,58,19,39,108,98,25,129" hai3="23,11,4,133,69,101,47,114,34,15,30,115,32"/><U124/><E107/><V38/><F6/><W131/><G69/><T123/><D123/><U50/><E35/><N who="3" m="13354" /><G47/><T86/><D43/><U63/><E81/><V84/><F108/><N who="1" m="41577" /><E22/><V99/><F129/><W106/><G101/><T116/><D116/><U65/><E27/><V80/><F58/><W29/><G106/><T128/><D128/><U113/><E113/><N who="3" m="43018" /><G131/><T93/><D71/><N who="1" m="42423" /><E91/><V76/><F46/><W57/><G57/><T90/><D90/><U24/><E24/><V44/><F44/><W118/><G118/><T37/><D102/><U42/><E92/><V64/><F64/><W56/><G56/><T40/><D93/><U112/><E112/><V132/><F82/><W104/><G104/><T10/><D75/><U7/><E7/><V111/><F111/><W100/><G100/><T95/><D74/><U119/><E119/><V36/><REACH who="2" step="1"/><F132/><REACH who="2" ten="337,90,313,250" step="2"/><W134/><G23/><AGARI ba="0,1" hai="0,1,2,19,23,25,36,38,39,76,80,84,98,99" machi="23" ten="50,8000,1" yaku="1,1,2,1,52,3,53,0" doraHai="70" doraHaiUra="53" who="2" fromWho="3" sc="337,0,90,0,313,90,250,-80" /><INIT seed="2,0,0,3,2,70" ten="337,90,403,170" oya="2" hai0="132,120,105,109,42,49,108,83,131,69,124,43,95" hai1="21,93,48,20,40,47,130,122,116,31,72,1,12" hai2="10,77,45,4,80,75,3,63,112,11,110,81,46" hai3="73,41,134,88,22,5,101,7,123,57,67,74,64"/><V125/><F112/><W58/><G123/><T103/><D120/><U76/><E116/><V111/><F125/><W118/><G118/><T54/><D95/><U66/><E122/><V86/><F63/><W117/><G134/><T56/><D83/><U9/><E1/><V34/><F34/><W13/><G117/><T14/><D14/><U79/><E130/><V17/><F17/><N who="3" m="10543" /><G74/><T89/><D89/><U2/><E2/><V114/><F10/><W71/><G73/><T27/><D27/><U52/><E66/><N who="3" m="25130" /><G101/><T39/><D103/><U60/><E72/><V106/><F106/><W29/><G29/><T121/><D105/><U84/><E60/><V23/><F23/><N who="1" m="8777" /><E31/><V135/><F135/><W78/><G71/><T68/><D121/><U28/><E28/><V87/><F114/><W51/><G78/><N who="1" m="29738" /><E40/><N who="0" m="15401" /><D132/><U97/><E84/><N who="2" m="32299" /><F81/><W98/><G5/><T6/><D6/><N who="1" m="3127" /><E93/><V126/><F126/><W85/><G7/><T119/><D124/><U30/><E30/><V59/><F4/><W129/><G129/><T91/><D119/><U16/><E97/><V35/><F3/><W24/><G98/><T53/><D131/><U113/><E113/><V25/><F35/><W104/><G104/><T94/><D39/><U0/><E0/><V26/><F75/><W65/><G65/><T127/><D127/><U33/><E33/><V100/><F100/><W15/><G24/><T133/><D133/><U61/><E61/><V128/><F25/><W18/><G15/><T44/><D68/><U99/><E99/><V96/><F96/><W19/><G19/><AGARI ba="0,0" hai="16,19,47,48,52" m="3127,29738,8777" machi="19" ten="30,3900,0" yaku="8,1,54,2" doraHai="70" who="1" fromWho="3" sc="337,0,90,39,403,0,170,-39" /><INIT seed="3,0,0,1,0,1" ten="337,129,403,131" oya="3" hai0="84,111,42,75,89,56,39,14,3,99,80,88,38" hai1="48,116,108,55,30,49,58,65,33,86,105,83,131" hai2="73,64,74,60,127,53,28,17,132,63,37,101,107" hai3="125,98,61,4,112,79,109,119,57,5,106,96,0"/><W118/><G119/><T114/><D111/><U82/><E105/><V87/><F37/><W68/><G118/><T126/><D114/><U110/><E116/><V91/><F28/><W25/><G112/><T113/><D113/><U95/><E65/><V100/><F107/><W123/><G123/><T81/><D3/><U40/><E33/><V134/><F127/><W32/><G0/><T23/><D126/><U130/><E30/><V128/><F128/><N who="1" m="49193" /><E95/><N who="2" m="54783" /><F17/><W122/><G122/><T44/><D99/><N who="3" m="37929" /><G68/><T120/><D120/><U104/><E104/><V7/><F73/><W29/><G32/><T124/><D124/><U45/><E83/><V71/><F74/><W54/><G106/><T94/><D39/><U77/><AGARI ba="0,0" hai="40,45,48,49,55,58,77,82,86,108,110" m="49193" machi="77" ten="30,1100,0" yaku="19,1" doraHai="1" who="1" fromWho="1" sc="337,-3,129,11,403,-3,131,-5" owari="334,13.4,140,-26.0,400,50.0,126,-37.4" /></mjloggm>