<mjloggm ver="2.3"><GO type="225" lobby="0"/><UN n0="%E6%80%AA%E3%81%97%E3%81%99%E3%81%8E%E3%82%8B%E3%83%81%E3%83%BC" n1="%E7%B4%94%E6%BD%94%E3%83%94%E3%83%A9%E3%83%8B%E3%82%A2" n2="%E3%81%BF%E3%81%BF%E3%81%9A" n3="%E3%81%A9%E3%82%8F%E3%82%93%E3%81%94" dan="16,16,17,16" rate="2104.48,2152.22,2171.58,2139.91" sx="M,M,M,M"/><TAIKYOKU oya="0"/><INIT seed="0,0,0,5,5,55" ten="250,250,250,250" oya="0" hai0="103,111,11,35,47,65,94,68,12,128,134,107,58" hai1="17,127,102,119,31,110,105,5,1,44,124,78,29" hai2="92,42,81,6,56,130,34,75,95,23,46,87,59" hai3="53,91,131,72,45,133,26,19,82,10,90,79,132"/><T28/><D134/><N who="3" m="51817" /><G131/><T77/><D128/><U15/><E78/><V125/><F34/><W93/><G93/><N who="2" m="35913" /><F75/><W39/><G26/><N who="0" m="18839" /><D94/><U117/><E44/><V32/><F32/><W76/><G76/><T129/><D47/><U96/><E5/><V66/><F66/><W71/><G71/><T86/><D129/><U48/><E48/><N who="2" m="26711" /><F125/><N who="1" m="48201" /><E1/><V83/><F130/><W50/><G39/><T84/><D77/><U62/><E62/><V30/><F6/><W63/><G63/><N who="0" m="39999" /><D58/><N who="2" m="22058" /><F87/><W21/><G72/><T24/><D111/><U98/><E110/><V61/><F61/><W113/><G113/><T0/><D0/><U3/><E3/><V109/><F109/><W115/><G115/><T60/><D60/><U122/><E122/><V43/><F43/><W64/><G64/><T121/><D121/><U118/><E98/><V7/><F7/><W85/><G85/><T116/><D84/><U73/><E73/><V51/><F51/><W88/><G50/><T8/><D86/><U18/><E119/><V52/><F52/><W9/><G53/><T101/><D116/><U97/><E97/><V13/><F13/><N who="3" m="9455" /><G45/><T33/><D33/><U114/><E114/><V67/><F67/><W74/><AGARI ba="0,0" hai="9,10,74,79,82,88,90,91" m="9455,51817" machi="74" ten="30,2000,0" yaku="20,1,54,1" doraHai="55" who="3" fromWho="3" sc="250,-10,250,-5,250,-5,250,20" /><INIT seed="1,0,0,3,1,92" ten="240,245,245,270" oya="1" hai0="6,122,105,85,10,133,87,94,55,11,102,12,115" hai1="126,84,8,28,33,41,88,48,61,9,73,98,106" hai2="76,82,66,81,75,29,90,35,20,125,83,89,114" hai3="86,67,60,5,95,44,121,25,46,14,22,57,62"/><U24/><E73/><V131/><F131/><W21/><G121/><T34/><D115/><U65/><E126/><V3/><F125/><W68/><G21/><T132/><D34/><U91/><E41/><V64/><F3/><W69/><G69/><T42/><D122/><U58/><E48/><V96/><F35/><W0/><G0/><T77/><D42/><U32/><E32/><V30/><F114/><W39/><G39/><T59/><D105/><U63/><E63/><V56/><F75/><W70/><G70/><T17/><D77/><U26/><E26/><V23/><F76/><W113/><G113/><T13/><D102/><U119/><E119/><V108/><F108/><W36/><G36/><T18/><D6/><U104/><E104/><V27/><F56/><W45/><G86/><T130/><D130/><U72/><E72/><V135/><F135/><N who="0" m="51786" /><D94/><U117/><E117/><V79/><F79/><W74/><G74/><T7/><D7/><U118/><E118/><V38/><F38/><W99/><G5/><T110/><D110/><U37/><E37/><V49/><F49/><AGARI ba="0,0" hai="10,11,12,13,17,18,49,55,59,85,87" m="51786" machi="49" ten="30,1000,0" yaku="20,1" doraHai="92" who="0" fromWho="2" sc="240,10,245,0,245,-10,270,0" /><INIT seed="2,0,0,2,0,106" ten="250,245,235,270" oya="2" hai0="11,93,126,7,97,22,74,84,10,39,40,18,77" hai1="5,24,4,109,127,102,88,25,82,35,16,96,6" hai2="131,63,37,115,41,60,81,110,116,29,91,67,114" hai3="92,100,124,90,99,76,129,36,128,8,121,111,2"/><V85/><F116/><W48/><G121/><T15/><D126/><U94/><E127/><V45/><F131/><W53/><G36/><T65/><D65/><U52/><E109/><V12/><F110/><W38/><G38/><T34/><D34/><U80/><E35/><V28/><F63/><W59/><G111/><T69/><D69/><U14/><E52/><V134/><F134/><W120/><G120/><T130/><D130/><N who="3" m="50281" /><G76/><T66/><D66/><U44/><E44/><V123/><F123/><W103/><G124/><T50/><D39/><U27/><REACH who="1" step="1"/><E102/><REACH who="1" ten="250,235,235,270" step="2"/><V19/><F115/><W58/><G58/><T79/><D40/><U55/><E55/><V56/><REACH who="2" step="1"/><F114/><REACH who="2" ten="250,235,225,270" step="2"/><W107/><G53/><T32/><D50/><U57/><E57/><V86/><F86/><W46/><G59/><T101/><D84/><U87/><E87/><V30/><F30/><W68/><G48/><T31/><D31/><U64/><E64/><V89/><F89/><W113/><G68/><T95/><D101/><U42/><E42/><V20/><AGARI ba="0,2" hai="12,19,20,28,29,37,41,45,56,60,67,81,85,91" machi="20" ten="20,3900,0" yaku="1,1,0,1,7,1,53,0" doraHai="106" doraHaiUra="105" who="2" fromWho="2" sc="250,-13,235,-13,225,59,270,-13" /><INIT seed="2,1,0,2,1,26" ten="237,222,284,257" oya="2" hai0="1,88,18,131,11,91,24,55,61,38,54,127,70" hai1="40,21,135,28,15,128,78,45,120,85,5,47,118" hai2="64,71,22,126,39,58,17,129,0,9,35,30,109" hai3="125,96,69,115,72,10,50,66,49,25,73,36,94"/><V52/><F129/><W57/><G36/><T2/><D38/><U132/><E118/><V44/><F126/><W14/><G125/><T63/><D127/><U90/><E120/><V74/><F74/><W119/><G119/><T123/><D131/><U46/><E78/><V108/><F71/><W68/><G115/><T98/><D123/><U8/><E128/><V100/><F100/><W95/><G25/><T82/><D24/><N who="1" m="16399" /><E132/><V16/><F64/><W80/><G80/><T122/><D122/><U23/><E23/><V111/><F30/><W101/><G69/><T27/><D27/><U32/><E32/><V112/><F112/><W7/><G68/><T83/><D70/><U86/><E135/><V59/><F35/><W6/><G6/><T43/><D11/><U31/><E31/><V87/><F22/><W107/><G107/><T53/><D18/><N who="2" m="7274" /><F9/><W104/><G104/><T29/><D29/><U34/><E34/><V33/><F0/><W124/><G124/><T77/><D2/><U92/><E86/><V79/><F33/><W103/><G73/><T76/><D1/><U65/><E65/><V42/><F52/><W37/><G72/><T106/><D55/><U3/><E3/><V41/><F42/><AGARI ba="1,0" hai="5,8,15,40,42,45,46,47,85,90,92" m="16399" machi="42" ten="30,2000,0" yaku="8,1,52,1" doraHai="26" who="1" fromWho="2" sc="237,0,222,23,284,-23,257,0" /><INIT seed="3,0,0,0,5,82" ten="237,245,261,257" oya="3" hai0="112,29,9,66,86,15,41,83,103,68,90,62,115" hai1="44,52,119,106,31,3,19,24,25,97,45,32,53" hai2="6,4,21,51,13,125,88,12,5,54,78,56,92" hai3="114,85,123,70,100,117,124,42,38,11,28,48,65"/><W27/><G123/><T18/><D29/><U43/><E3/><V49/><F125/><W75/><G75/><T101/><REACH who="0" step="1"/><D41/><REACH who="0" ten="227,245,261,257" step="2"/><U76/><E31/><V113/><F113/><AGARI ba="0,1" hai="9,15,18,62,66,68,83,86,90,101,103,112,113,115" machi="113" ten="40,8000,1" yaku="1,1,2,1,11,1,52,1,53,0" doraHai="82" doraHaiUra="40" who="0" fromWho="2" sc="227,90,245,0,261,-80,257,0" owari="317,41.7,245,-15.5,181,-31.9,257,5.7" /></mjloggm>