<mjloggm ver="2.3"><GO type="225" lobby="0"/><UN n0="%E5%A4%9C%E3%81%AE%E3%82%AC%E3%82%B9%E3%83%91%E3%83%BC%E3%83%AB" n1="%E7%82%8E%E3%83%8E%E6%9C%B1%E9%9B%80" n2="%E3%81%8B%E3%82%8F%E3%81%A1%E3%82%83%E3%82%93%35%38" n3="%E5%B0%8F%E9%B3%A5%E9%81%8A%E7%B7%B4%E7%84%A1%32%31%E6%AD%B3" dan="17,16,16,16" rate="2161.21,2148.07,2107.70,2194.34" sx="M,M,M,F"/><TAIKYOKU oya="0"/><INIT seed="0,0,0,4,0,29" ten="250,250,250,250" oya="0" hai0="1,97,41,129,20,79,135,124,134,11,21,105,126" hai1="119,38,56,2,15,125,131,78,127,102,75,13,115" hai2="132,54,32,83,112,33,92,53,106,84,116,28,58" hai3="45,90,86,74,111,76,36,122,123,103,26,49,117"/><T118/><BYE who="1" /><D118/><U52/><E52/><V25/><F106/><W50/><G117/><UN n1="%E7%82%8E%E3%83%8E%E6%9C%B1%E9%9B%80" /><T104/><D79/><U19/><E102/><V66/><F116/><W5/><G111/><T34/><D34/><U60/><E78/><V18/><F112/><W8/><G103/><T22/><D41/><U99/><E99/><V10/><F132/><N who="0" m="50730" /><D129/><U85/><E85/><V82/><F66/><W0/><G26/><T94/><D11/><U65/><E75/><V51/><F92/><W16/><G50/><T108/><D1/><U27/><E2/><V77/><F10/><W30/><G30/><T63/><D63/><U7/><E131/><V133/><F18/><W48/><G48/><T114/><D114/><U98/><E115/><V42/><F42/><W72/><G76/><T121/><D121/><N who="3" m="46089" /><G36/><T71/><D71/><U64/><E38/><V130/><F130/><W17/><G72/><T107/><D108/><U67/><E119/><V88/><F133/><W37/><G74/><T23/><N who="0" m="5120" /><DORA hai="6" /><T31/><D31/><U3/><E60/><V110/><F110/><W39/><G37/><T47/><D47/><U43/><E43/><V62/><F33/><W70/><G39/><T57/><D57/><U73/><E56/><V113/><F113/><W12/><G70/><T46/><D46/><U96/><E3/><V44/><F77/><W120/><G0/><T61/><D61/><U81/><E73/><V93/><AGARI ba="0,0" hai="25,28,32,44,51,53,54,58,62,82,83,84,88,93" machi="93" ten="20,5200,0" yaku="0,1,7,1,52,1,54,1" doraHai="29,6" who="2" fromWho="2" sc="250,-26,250,-13,250,52,250,-13" /><INIT seed="1,0,0,0,0,121" ten="224,237,302,237" oya="1" hai0="135,14,50,51,117,133,25,98,122,26,6,74,19" hai1="1,87,82,80,103,124,68,125,128,78,61,41,67" hai2="21,63,114,0,110,12,32,18,36,40,7,70,8" hai3="92,130,120,134,73,107,33,55,112,64,119,109,60"/><U30/><E1/><V48/><F36/><W90/><RYUUKYOKU type="yao9" ba="0,0" sc="224,0,237,0,302,0,237,0" hai3="33,55,60,64,73,90,92,107,109,112,119,120,130,134" /><INIT seed="1,1,0,1,4,108" ten="224,237,302,237" oya="1" hai0="92,50,23,62,41,44,31,39,120,109,43,21,106" hai1="28,55,36,113,90,61,111,0,59,57,40,13,76" hai2="123,63,80,75,6,1,133,112,122,29,116,67,56" hai3="4,125,79,124,2,33,94,96,24,51,126,117,101"/><U34/><E0/><V38/><F116/><W95/><G117/><T84/><D106/><U99/><E111/><V119/><F119/><W78/><G51/><T20/><D109/><U3/><E3/><V129/><F29/><W8/><G94/><T32/><D120/><U5/><E76/><N who="2" m="44063" /><F133/><W18/><G18/><T102/><D39/><U103/><E90/><V66/><F66/><W110/><G110/><T11/><D32/><U16/><E5/><V86/><F86/><W118/><G118/><T114/><D114/><U47/><E59/><V130/><F38/><W12/><REACH who="3" step="1"/><G2/><REACH who="3" ten="224,237,302,227" step="2"/><T127/><D50/><U48/><E28/><AGARI ba="1,1" hai="4,8,12,24,28,33,78,79,95,96,101,124,125,126" machi="28" ten="40,8000,1" yaku="1,1,2,1,18,1,53,1" doraHai="108" doraHaiUra="30" who="3" fromWho="1" sc="224,0,237,-83,302,0,227,93" /><INIT seed="2,0,0,1,2,61" ten="224,154,302,320" oya="2" hai0="135,27,6,59,99,65,25,128,84,1,130,131,9" hai1="7,81,47,16,117,55,73,58,79,80,26,28,115" hai2="92,44,95,45,70,134,75,133,62,74,43,69,119" hai3="19,89,104,0,83,77,97,111,33,66,122,109,93"/><V30/><F30/><W112/><G122/><T98/><D135/><N who="2" m="51722" /><F119/><W107/><G33/><T123/><D123/><U54/><E115/><V56/><F92/><W72/><G0/><T132/><D84/><U48/><E117/><V20/><F20/><W67/><G19/><T51/><D132/><U108/><E7/><V29/><F95/><W2/><G2/><T3/><D3/><U86/><E108/><N who="3" m="41546" /><G112/><T100/><D51/><U4/><E4/><V82/><F29/><W12/><G12/><T39/><D39/><U15/><E28/><V90/><F90/><W76/><G76/><T21/><D21/><U60/><E26/><N who="0" m="9737" /><D100/><U49/><E73/><N who="2" m="27659" /><F82/><W126/><G126/><T10/><D10/><U40/><E81/><V88/><F88/><W124/><G124/><T64/><D59/><U78/><E78/><V94/><F94/><W8/><G8/><T42/><D42/><U50/><REACH who="1" step="1"/><E40/><REACH who="1" ten="224,144,302,320" step="2"/><V127/><F127/><W5/><G5/><T38/><D38/><U129/><E129/><V13/><F43/><W32/><G32/><T31/><D31/><U101/><E101/><V53/><F13/><W36/><G36/><T113/><D113/><U102/><E102/><V23/><F23/><AGARI ba="0,1" hai="15,16,23,47,48,49,50,54,55,58,60,79,80,86" machi="23" ten="30,7700,0" yaku="1,1,7,1,8,1,54,1,53,0" doraHai="61" doraHaiUra="85" who="1" fromWho="2" sc="224,0,144,87,302,-77,320,0" /><INIT seed="3,0,0,5,2,27" ten="224,231,225,320" oya="3" hai0="24,48,119,111,66,44,4,57,72,123,36,43,86" hai1="21,69,46,9,103,80,83,114,28,0,126,63,34" hai2="14,118,105,98,70,74,32,60,61,37,41,52,96" hai3="39,42,89,56,22,129,127,101,120,97,53,50,38"/><W91/><G120/><T67/><D72/><U133/><E114/><V18/><F118/><W10/><G22/><T104/><D123/><U93/><E126/><V40/><F74/><W13/><G129/><T64/><D119/><U99/><E34/><V35/><F70/><W112/><G127/><T5/><D104/><U49/><E133/><V31/><F105/><W122/><G39/><T68/><D111/><U132/><E132/><V85/><F37/><W94/><G112/><T106/><D106/><U71/><E0/><V3/><F3/><W79/><G79/><T95/><D68/><U134/><E9/><V58/><F32/><W92/><G92/><T131/><D131/><U107/><E107/><V108/><F108/><W55/><G55/><T84/><D36/><U135/><E135/><V117/><F31/><W62/><G38/><T75/><D75/><U59/><E134/><V26/><F26/><W17/><G122/><T116/><D116/><U7/><E71/><V77/><F60/><W82/><G82/><T65/><D24/><N who="1" m="16399" /><E69/><V102/><F35/><W78/><G78/><T130/><D130/><U54/><E7/><N who="0" m="2633" /><D95/><U90/><E103/><V2/><F2/><W16/><G17/><T51/><D51/><U124/><E124/><V110/><F110/><W45/><AGARI ba="0,0" hai="10,13,16,42,45,50,53,56,62,89,91,94,97,101" machi="45" ten="30,6000,0" yaku="0,1,8,1,54,1" doraHai="27" who="3" fromWho="3" sc="224,-20,231,-20,225,-20,320,60" owari="204,-29.6,211,1.1,205,-19.5,380,48.0" /></mjloggm>