<mjloggm ver="2.3"><GO type="225" lobby="0"/><UN n0="%E9%9B%80%E6%A5%B5%E3%81%AE%E3%81%B8" n1="%28%EF%BF%A3%E2%96%BD%EF%BF%A3%29%CE%B4%E2%8C%92%E3%83%BB" n2="%E3%81%86%E3%82%8C%E3%81%9F%E3%82%93%E6%9E%95" n3="%E5%B0%8F%E9%B3%A5%E9%81%8A%E7%B7%B4%E7%84%A1%32%31%E6%AD%B3" dan="16,16,16,16" rate="2126.09,2134.88,2120.90,2151.12" sx="M,M,F,F"/><TAIKYOKU oya="0"/><INIT seed="0,0,0,5,2,64" ten="250,250,250,250" oya="0" hai0="33,128,114,52,49,108,45,96,74,56,67,86,43" hai1="28,100,20,35,18,98,54,61,121,40,12,130,80" hai2="97,10,23,16,76,25,17,60,133,85,124,106,34" hai3="110,26,4,109,70,89,22,107,131,37,125,47,95"/><T81/><D114/><U82/><E121/><V51/><F124/><W135/><G107/><T8/><D33/><U38/><E130/><V134/><F106/><W30/><G131/><T73/><D128/><U88/><E35/><V75/><F75/><W24/><G125/><T6/><D67/><U111/><E28/><V120/><F60/><W101/><G101/><T83/><D96/><U105/><E111/><N who="3" m="42506" /><G4/><T36/><D83/><U42/><E38/><V71/><F71/><W50/><G37/><T11/><D11/><U115/><E115/><V79/><F97/><N who="3" m="57583" /><G26/><T129/><D129/><U77/><E82/><N who="2" m="47303" /><F79/><W5/><G5/><T21/><D21/><U117/><E117/><V53/><F34/><W113/><G113/><T72/><D108/><U14/><E14/><N who="2" m="7255" /><F120/><W59/><G59/><T104/><D104/><U118/><E118/><V63/><F134/><W0/><G0/><T126/><D126/><U116/><E116/><V102/><F102/><W127/><G135/><T90/><REACH who="0" step="1"/><D74/><REACH who="0" ten="240,250,250,250" step="2"/><U31/><E98/><V41/><F133/><W94/><G127/><T123/><D123/><U2/><E105/><V19/><F23/><W32/><G32/><T3/><AGARI ba="0,1" hai="3,6,8,36,43,45,49,52,56,72,73,81,86,90" machi="3" ten="20,7800,0" yaku="1,1,0,1,7,1,54,1,53,0" doraHai="64" doraHaiUra="93" who="0" fromWho="0" sc="240,88,250,-26,250,-26,250,-26" /><INIT seed="0,1,0,5,1,5" ten="328,224,224,224" oya="0" hai0="47,57,12,122,50,48,32,28,95,26,35,75,72" hai1="68,39,116,63,6,24,76,111,65,3,86,51,99" hai2="94,132,27,96,109,73,123,62,79,43,8,117,128" hai3="37,4,10,58,17,42,103,108,44,88,45,93,53"/><T130/><D122/><U61/><E39/><V125/><F123/><W112/><G108/><T36/><D130/><U9/><E111/><V2/><F109/><W120/><G112/><T92/><D36/><U110/><E110/><V56/><F128/><W52/><G103/><T49/><D47/><U126/><E126/><V83/><F132/><W90/><G120/><T114/><D114/><U19/><E116/><V23/><F125/><W89/><G17/><T121/><D35/><U21/><E99/><V59/><F117/><W102/><G44/><T87/><D121/><U7/><E7/><V106/><F43/><W124/><G124/><T74/><D57/><U16/><E51/><V54/><F106/><W1/><REACH who="3" step="1"/><G58/><REACH who="3" ten="328,224,224,214" step="2"/><T46/><D46/><U101/><E101/><V84/><F56/><W67/><G67/><T29/><D28/><U55/><E55/><V104/><F104/><W118/><G118/><T113/><D113/><U64/><E64/><V127/><F127/><W85/><G85/><T60/><D87/><U70/><E19/><V20/><F84/><W81/><G81/><T31/><D31/><U34/><E86/><V105/><F105/><W18/><G18/><T119/><D119/><U15/><E76/><V33/><F96/><AGARI ba="1,1" hai="1,4,10,37,42,45,52,53,88,89,90,93,96,102" machi="96" ten="40,8000,1" yaku="1,1,52,1,54,2,53,0" doraHai="5" doraHaiUra="134" who="3" fromWho="2" sc="328,0,224,0,224,-83,214,93" /><INIT seed="1,0,0,4,3,105" ten="328,224,141,307" oya="1" hai0="77,80,63,73,96,72,86,88,74,131,102,93,118" hai1="132,70,128,61,42,8,47,126,18,15,62,27,104" hai2="7,32,5,0,46,35,67,81,20,100,84,69,65" hai3="48,30,38,87,45,134,66,98,103,31,26,51,64"/><U39/><E126/><V89/><F100/><W129/><G129/><T43/><D131/><U59/><E128/><V54/><F20/><W22/><G38/><T13/><D118/><U36/><E132/><V97/><F97/><W85/><G134/><T115/><D115/><U33/><E104/><V79/><F79/><W127/><G30/><T133/><D133/><U111/><E111/><V107/><F107/><W117/><G127/><T2/><D2/><U24/><E39/><V101/><F101/><W135/><G135/><T21/><D43/><U108/><E108/><V40/><F54/><W55/><G117/><T41/><D41/><U44/><E44/><V60/><F67/><N who="3" m="25643" /><G48/><T122/><D122/><U106/><E106/><V120/><F120/><W113/><G113/><T57/><D13/><U29/><E70/><V56/><F69/><W112/><G112/><T91/><REACH who="0" step="1"/><D21/><REACH who="0" ten="318,224,141,307" step="2"/><U12/><E12/><V75/><F0/><W82/><G82/><T50/><D50/><U83/><E83/><V90/><F32/><W9/><G22/><T94/><D94/><U116/><E116/><V14/><F35/><W49/><G51/><T71/><D71/><U17/><E59/><V4/><F14/><W19/><G49/><T34/><D34/><U123/><E123/><V119/><F119/><W68/><G68/><T25/><D25/><U58/><E58/><V3/><F3/><W125/><G26/><T110/><D110/><U53/><E53/><AGARI ba="0,1" hai="53,57,63,72,73,74,77,80,86,88,91,93,96,102" machi="53" ten="40,8000,1" yaku="1,1,52,3,54,1,53,0" doraHai="105" doraHaiUra="37" who="0" fromWho="1" sc="318,90,224,-80,141,0,307,0" /><INIT seed="2,0,0,1,2,42" ten="408,144,141,307" oya="2" hai0="111,96,19,27,65,132,38,46,135,119,73,81,13" hai1="77,18,25,99,6,59,75,98,104,74,50,93,117" hai2="115,120,131,34,52,4,126,53,91,39,89,64,84" hai3="28,14,123,83,15,63,20,100,24,130,71,94,16"/><V0/><F120/><W3/><G3/><T121/><D65/><U47/><E117/><V109/><F115/><W58/><G123/><T11/><D121/><U87/><E104/><V5/><F131/><W9/><G71/><T12/><D119/><U124/><E124/><V88/><F126/><W35/><G130/><T55/><D27/><U43/><E99/><V128/><F128/><W7/><G83/><T95/><D111/><U37/><E6/><N who="2" m="2667" /><F0/><W107/><G107/><T76/><D13/><U118/><E118/><V33/><F39/><W56/><G100/><T23/><D11/><U40/><E25/><V48/><F64/><W45/><G94/><T49/><REACH who="0" step="1"/><D38/><REACH who="0" ten="398,144,141,307" step="2"/><U22/><E37/><V61/><F109/><W30/><G30/><T2/><D2/><U57/><E22/><V116/><F116/><W1/><G14/><T70/><D70/><U103/><E18/><V108/><F108/><W90/><G63/><T54/><D54/><U125/><E125/><V32/><F61/><W106/><G1/><T133/><D133/><U112/><E112/><V51/><F84/><W129/><G28/><T82/><D82/><N who="1" m="47567" /><E75/><V41/><F41/><W67/><G129/><T122/><D122/><U105/><E74/><V92/><F92/><W113/><G106/><T10/><D10/><U101/><E40/><V60/><F60/><W36/><G36/><T8/><D8/><U62/><E62/><V68/><F68/><W78/><G9/><T102/><AGARI ba="0,1" hai="12,19,23,46,49,55,73,76,81,95,96,102,132,135" machi="102" ten="30,7900,0" yaku="1,1,0,1,52,1,53,1" doraHai="42" doraHaiUra="79" who="0" fromWho="0" sc="398,89,144,-20,141,-39,307,-20" /><INIT seed="3,0,0,4,4,70" ten="487,124,102,287" oya="3" hai0="26,12,89,81,18,62,93,88,118,28,82,80,44" hai1="75,50,46,104,114,54,95,115,129,86,52,5,35" hai2="67,3,123,125,14,53,34,7,110,78,21,33,27" hai3="122,4,135,31,6,40,132,77,119,121,127,36,83"/><W58/><G31/><T90/><D118/><U15/><E35/><V19/><F78/><W51/><G119/><T48/><D62/><U42/><E75/><V96/><F67/><W43/><G58/><T106/><D106/><U29/><E104/><V45/><F110/><W47/><G127/><T94/><D26/><U99/><E115/><V92/><F125/><W113/><G113/><T30/><D93/><U25/><E114/><V76/><F123/><W126/><G126/><T39/><D39/><U1/><E1/><V69/><F69/><W61/><G61/><T60/><D94/><U0/><E0/><V108/><F76/><W64/><G64/><T109/><D109/><U65/><E65/><V17/><F3/><W2/><G51/><T74/><D74/><U107/><E107/><V20/><F7/><W24/><G24/><T116/><D116/><U79/><E129/><V128/><F108/><W101/><G101/><T100/><D60/><U22/><E86/><V32/><F128/><W124/><G124/><T49/><D100/><N who="1" m="60543" /><E79/><V111/><F111/><W131/><G43/><N who="0" m="24607" /><D49/><U9/><AGARI ba="0,0" hai="5,9,15,22,25,29,42,46,50,52,54" m="60543" machi="9" ten="30,2000,0" yaku="8,1,54,1" doraHai="70" who="1" fromWho="1" sc="487,-5,124,20,102,-5,287,-10" owari="482,58.2,144,-25.6,97,-40.3,277,7.7" /></mjloggm>