<mjloggm ver="2.3"><GO type="225" lobby="0"/><UN n0="%E3%83%A9%E3%83%BC%E3%83%A1%E3%83%B3%E4%BA%94%E9%83%8E" n1="%E8%81%B7%E6%A5%AD%E3%80%81%E9%A2%A8%32" n2="%47%48%4F%53%54" n3="%E9%B3%B3%E6%9D%B1%E3%81%AE%E3%81%86%E3%81%95%E3%81%8E%E3%81%95%E3%82%93" dan="16,16,17,16" rate="2083.13,2098.46,2235.46,2213.51" sx="M,M,M,M"/><TAIKYOKU oya="0"/><INIT seed="0,0,0,4,1,13" ten="250,250,250,250" oya="0" hai0="106,98,8,2,126,57,77,134,70,117,74,18,40" hai1="59,4,46,44,113,119,58,49,43,3,108,130,75" hai2="34,29,80,21,83,53,82,121,36,69,12,62,87" hai3="129,124,76,14,110,103,51,50,68,41,17,60,135"/><T54/><D117/><U120/><E108/><V111/><F111/><W66/><G129/><T127/><D70/><U30/><E75/><V65/><F121/><W112/><G135/><T133/><D40/><U115/><E119/><V24/><F36/><W131/><G131/><T125/><D77/><U90/><E120/><V39/><F39/><W78/><G124/><T118/><D74/><U23/><E130/><V88/><REACH who="2" step="1"/><F53/><REACH who="2" ten="250,250,240,250" step="2"/><W86/><G110/><T55/><D118/><U91/><E115/><V92/><F92/><W63/><G112/><T26/><D54/><U45/><E113/><V22/><F22/><W132/><G132/><T97/><D106/><U101/><E23/><V105/><F105/><W84/><G41/><T52/><D55/><U95/><E95/><V109/><F109/><W47/><G51/><N who="0" m="30879" /><D134/><U20/><E49/><V122/><F122/><W1/><G50/><T56/><D133/><U123/><E123/><V42/><F42/><W9/><G47/><T67/><D125/><U73/><E46/><V7/><F7/><W107/><G107/><T6/><D127/><U15/><E4/><V61/><F61/><W64/><G63/><N who="0" m="38375" /><D126/><U0/><E45/><V19/><AGARI ba="0,1" hai="12,19,21,24,29,34,62,65,69,80,82,83,87,88" machi="19" ten="30,7900,0" yaku="1,1,0,1,52,1,54,1,53,0" doraHai="13" doraHaiUra="94" who="2" fromWho="2" sc="250,-39,250,-20,240,89,250,-20" /><INIT seed="1,0,0,2,4,124" ten="211,230,329,230" oya="1" hai0="3,46,116,106,76,121,63,67,101,48,69,130,66" hai1="82,126,84,77,1,125,29,26,59,61,98,74,94" hai2="8,123,23,89,105,42,49,109,25,39,62,36,115" hai3="10,132,127,13,50,133,27,64,31,2,128,99,56"/><U41/><E1/><V134/><F123/><W129/><G2/><T24/><D116/><U80/><E41/><V71/><F105/><W104/><G104/><T112/><D112/><U114/><E114/><V107/><F107/><W0/><G0/><T96/><D121/><U17/><E17/><V55/><F115/><W11/><G99/><T135/><D3/><U92/><E82/><V18/><F109/><W47/><G56/><T22/><D67/><U33/><E74/><V60/><F134/><N who="3" m="51819" /><G64/><T54/><D135/><U117/><E117/><V30/><F89/><W119/><G119/><T83/><D83/><U97/><E94/><V37/><F71/><W38/><G38/><T72/><D76/><U100/><E98/><V122/><F42/><N who="3" m="24951" /><G127/><T52/><D72/><U65/><AGARI ba="0,0" hai="26,29,33,59,61,65,77,80,84,92,97,100,125,126" machi="65" ten="30,1500,0" yaku="0,1" doraHai="124" who="1" fromWho="1" sc="211,-5,230,15,329,-5,230,-5" /><INIT seed="1,1,0,0,2,89" ten="206,245,324,225" oya="1" hai0="61,0,134,125,35,31,54,104,60,21,75,56,30" hai1="97,123,120,106,29,6,64,63,1,109,8,26,40" hai2="99,11,72,13,82,111,88,58,34,57,53,24,28" hai3="2,127,20,62,43,67,50,87,77,81,74,9,126"/><U49/><E109/><V85/><F111/><W112/><G112/><T110/><D75/><U12/><E1/><V4/><F72/><W78/><G20/><T69/><D110/><U73/><E73/><V71/><F71/><W121/><G121/><T39/><D104/><U45/><E97/><V131/><F131/><W33/><G33/><T59/><D69/><U101/><E101/><V92/><REACH who="2" step="1"/><F53/><REACH who="2" ten="206,245,314,225" step="2"/><W14/><G74/><T27/><D54/><U105/><E123/><V86/><F86/><W16/><G2/><T7/><D0/><U41/><E120/><V5/><F5/><W114/><G114/><T94/><D7/><U116/><E116/><V122/><F122/><W102/><G127/><T93/><D125/><U80/><E80/><V90/><AGARI ba="1,1" hai="4,11,13,24,28,34,57,58,82,85,88,90,92,99" machi="90" ten="20,8000,1" yaku="1,1,0,1,7,1,52,1,54,1,53,0" doraHai="89" doraHaiUra="118" who="2" fromWho="2" sc="206,-21,245,-41,314,93,225,-21" /><INIT seed="2,0,0,0,2,72" ten="185,204,407,204" oya="2" hai0="63,49,135,61,4,59,51,14,27,50,3,5,33" hai1="18,75,120,23,60,73,35,134,91,129,130,66,39" hai2="82,121,81,74,100,132,41,55,123,12,124,125,89" hai3="131,119,21,103,107,77,127,38,115,68,126,97,79"/><V106/><F55/><W86/><G119/><T58/><D135/><U26/><E39/><V34/><F12/><W94/><G68/><T42/><D3/><U101/><E134/><V46/><F34/><W114/><G38/><T80/><D42/><U16/><E120/><N who="2" m="46155" /><F46/><W87/><G131/><N who="1" m="50186" /><E101/><V96/><F41/><W1/><G21/><T84/><D33/><U9/><E91/><V88/><F132/><W85/><G107/><T93/><D93/><U69/><E35/><V98/><F98/><W99/><G1/><T47/><D27/><U118/><E118/><V111/><F111/><W57/><G57/><T117/><D14/><AGARI ba="0,0" hai="9,14,16,18,23,26,60,66,69,73,75" m="50186" machi="14" ten="30,2000,0" yaku="19,1,54,1" doraHai="72" who="1" fromWho="0" sc="185,-20,204,20,407,0,204,0" /><INIT seed="3,0,0,3,1,103" ten="165,224,407,204" oya="3" hai0="49,75,117,19,8,71,118,106,130,46,34,18,90" hai1="107,126,122,63,32,104,86,99,135,110,25,23,83" hai2="108,91,94,132,5,52,58,55,38,134,84,102,97" hai3="87,77,101,17,121,29,10,100,79,51,24,123,50"/><W89/><G123/><T20/><D71/><U4/><E110/><V22/><F108/><W119/><G119/><T67/><D67/><U93/><E122/><V45/><F5/><W129/><G121/><T105/><D34/><U133/><E4/><V128/><F128/><W65/><G65/><T1/><D130/><U125/><E63/><V85/><F22/><W116/><G116/><T73/><D90/><N who="1" m="55735" /><E32/><V35/><F35/><W59/><G129/><T115/><D115/><U13/><E13/><V37/><F85/><W88/><G29/><T64/><D64/><U61/><E61/><N who="2" m="36039" /><F55/><N who="3" m="32247" /><G51/><T11/><D1/><U96/><E96/><V120/><F45/><W72/><G89/><T9/><D49/><U30/><E104/><N who="0" m="40041" /><D46/><U114/><E107/><N who="2" m="63951" /><F120/><W28/><G28/><T39/><D20/><U82/><E114/><V56/><F56/><W36/><G10/><T98/><D98/><U48/><E48/><V131/><F131/><W40/><G17/><N who="0" m="6155" /><D39/><U3/><E3/><V14/><F38/><W57/><G36/><T12/><D12/><U15/><E15/><V66/><F14/><W43/><G57/><T42/><D42/><N who="3" m="15913" /><G24/><T62/><D62/><U127/><E25/><V7/><F66/><W124/><G79/><T54/><D54/><U47/><E30/><V0/><F37/><W27/><G27/><T6/><D6/><U76/><E23/><V53/><F53/><W70/><G70/><T21/><D21/><U81/><E47/><V26/><F26/><W109/><G77/><T92/><D92/><U16/><E16/><V80/><F94/><W44/><G44/><RYUUKYOKU ba="0,0" sc="165,10,224,10,407,10,204,-30" hai0="8,9,11,73,75,117,118" hai1="76,81,82,83,86,125,126,127,133,135" hai2="0,7,80,84,91,132,134" owari="175,-22.5,234,3.4,417,51.7,174,-32.6" /></mjloggm>