<mjloggm ver="2.3"><GO type="225" lobby="0"/><UN n0="%E3%81%B5%E3%81%98%E3%81%8B%E3%81%A4" n1="%E3%81%8B%E3%82%8F%E3%81%A1%E3%82%83%E3%82%93%35%38" n2="%E3%83%97%E3%83%AC%E3%83%B4%E3%82%A1%E3%83%86%E3%82%A3" n3="%E3%82%BF%E3%83%BC%E3%83%90%E3%83%B3%E9%87%8E%E5%8F%A3" dan="16,16,16,16" rate="2100.68,2161.30,2075.12,2125.05" sx="M,M,F,M"/><TAIKYOKU oya="0"/><INIT seed="0,0,0,2,2,124" ten="250,250,250,250" oya="0" hai0="98,58,82,17,9,18,4,0,6,99,51,21,104" hai1="33,30,43,44,23,48,20,90,66,71,133,62,102" hai2="119,45,96,25,114,79,61,64,35,59,7,53,8" hai3="116,16,40,2,107,10,19,122,47,69,108,3,91"/><T57/><D82/><U55/><E133/><V88/><F114/><W115/><G116/><T103/><D99/><U85/><E102/><V94/><F119/><W128/><G115/><T106/><D106/><U36/><E30/><V100/><F79/><W123/><G69/><T26/><D6/><U24/><E24/><V130/><F130/><W73/><G73/><T68/><D68/><U14/><E14/><V101/><F35/><W22/><G107/><T28/><D51/><U97/><E33/><V49/><REACH who="2" step="1"/><F25/><REACH who="2" ten="250,250,240,250" step="2"/><W52/><G128/><T80/><D80/><U74/><E74/><V29/><F29/><W65/><G122/><T41/><D41/><U39/><E39/><V125/><F125/><W76/><G76/><T78/><D78/><U31/><E31/><V42/><F42/><W89/><G40/><T54/><D54/><U86/><E55/><V117/><F117/><W135/><G52/><T13/><REACH who="0" step="1"/><D18/><REACH who="0" ten="240,250,240,250" step="2"/><U129/><E129/><V27/><F27/><N who="3" m="14791" /><G19/><T113/><D113/><U126/><E126/><V132/><F132/><W105/><G135/><T118/><D118/><U110/><E43/><V70/><F70/><W93/><G123/><T38/><D38/><U72/><E36/><V12/><AGARI ba="0,2" hai="7,8,12,45,49,53,59,61,64,88,94,96,100,101" machi="12" ten="20,8000,1" yaku="1,1,0,1,7,1,8,1,54,1,53,0" doraHai="124" doraHaiUra="111" who="2" fromWho="2" sc="240,-40,250,-20,240,100,250,-20" /><INIT seed="1,0,0,4,5,89" ten="200,230,340,230" oya="1" hai0="74,124,49,38,117,101,1,68,128,56,80,4,135" hai1="36,99,81,103,42,44,40,127,131,33,14,64,67" hai2="57,78,18,71,75,22,84,52,116,10,66,61,7" hai3="23,79,109,112,72,133,15,54,77,29,32,95,58"/><U97/><E33/><V5/><F116/><W106/><G112/><T83/><D117/><U59/><E131/><V25/><F75/><W73/><G106/><T105/><D128/><U2/><E2/><V90/><F78/><N who="3" m="29707" /><G73/><T119/><D119/><U48/><E127/><V87/><F87/><W98/><G72/><T118/><D118/><U24/><E81/><V13/><F71/><W91/><G32/><T115/><D124/><U51/><E24/><V41/><F41/><W86/><G109/><T37/><D68/><U27/><E27/><V31/><REACH who="2" step="1"/><F66/><REACH who="2" ten="200,230,330,230" step="2"/><W3/><G133/><T8/><D74/><U88/><E42/><V94/><AGARI ba="0,1" hai="5,7,10,13,18,22,25,31,52,57,61,84,90,94" machi="94" ten="20,16000,3" yaku="1,1,2,1,0,1,7,1,8,1,52,1,54,1,53,1" doraHai="89" doraHaiUra="17" who="2" fromWho="2" sc="200,-40,230,-80,330,170,230,-40" /><INIT seed="2,0,0,5,5,97" ten="160,150,500,190" oya="2" hai0="8,133,41,44,110,35,30,20,92,19,111,50,25" hai1="129,98,4,7,42,84,61,124,72,62,103,135,116" hai2="120,81,59,71,43,68,75,18,51,26,48,76,14" hai3="104,32,123,24,69,130,91,102,54,126,58,95,27"/><V121/><F48/><W22/><G123/><T117/><D133/><U90/><E116/><V1/><F1/><W94/><G69/><T56/><D117/><U10/><E72/><V107/><F107/><W45/><G126/><T70/><D70/><U15/><E42/><V128/><F128/><W82/><G130/><T99/><D8/><U31/><E129/><V52/><F43/><W49/><G104/><T3/><D3/><U125/><E31/><V88/><F26/><W86/><G32/><T105/><D105/><N who="1" m="63735" /><E4/><V17/><F17/><N who="3" m="12367" /><G102/><N who="0" m="60775" /><D56/><U132/><E62/><V96/><F121/><W67/><G27/><T29/><D35/><U127/><E61/><AGARI ba="0,0" hai="45,49,54,58,61,67,82,86,91,94,95" m="12367" machi="61" ten="30,1000,0" yaku="8,1" doraHai="97" who="3" fromWho="1" sc="160,0,150,-10,500,0,190,10" /><INIT seed="3,0,0,3,4,28" ten="160,140,500,200" oya="3" hai0="132,9,114,76,18,49,71,36,75,110,64,65,108" hai1="87,52,74,40,127,115,30,81,60,55,123,97,62" hai2="102,94,88,89,54,41,122,0,105,103,42,125,90" hai3="86,119,50,66,111,104,124,120,1,19,6,131,61"/><W129/><G120/><T2/><D18/><U24/><E115/><V37/><F0/><W13/><G104/><T72/><D114/><U128/><E74/><N who="0" m="28201" /><D76/><U14/><E123/><V134/><F122/><W63/><G119/><T23/><D23/><U45/><E127/><V69/><F69/><W35/><G124/><T46/><D49/><U16/><E128/><V116/><F125/><W10/><G111/><N who="0" m="42539" /><D132/><U80/><E97/><V109/><F109/><W130/><G86/><T56/><D56/><U117/><E117/><V58/><F116/><W83/><G83/><T112/><D112/><U22/><E62/><N who="3" m="23562" /><G50/><T34/><D34/><U118/><E118/><V20/><F134/><W44/><G66/><T29/><D29/><U59/><E55/><V5/><F37/><W31/><G44/><T7/><D71/><U91/><E81/><V96/><F5/><W12/><G31/><T98/><D98/><U68/><E68/><V17/><F105/><W27/><G27/><T47/><D47/><U126/><E126/><V11/><F103/><W33/><G1/><T85/><D85/><U77/><E77/><V133/><F133/><W4/><G4/><T57/><D57/><U43/><E45/><V100/><F100/><W26/><G26/><T78/><D78/><U84/><E84/><V93/><F93/><W106/><G106/><T21/><D21/><AGARI ba="0,0" hai="14,16,21,22,24,30,40,43,52,59,60,80,87,91" machi="21" ten="30,7700,0" yaku="7,1,8,1,54,2" doraHai="28" who="1" fromWho="0" sc="160,-77,140,77,500,0,200,0" /><AGARI ba="0,0" hai="6,10,12,13,19,21,33,35,129,130,131" m="23562" machi="21" ten="30,5800,0" yaku="19,1,52,2" doraHai="28" who="3" fromWho="0" sc="83,-58,217,0,500,0,200,58" /><INIT seed="3,1,0,0,3,25" ten="25,217,500,258" oya="3" hai0="102,101,125,113,89,115,92,64,23,71,32,24,13" hai1="118,49,81,28,60,40,67,132,11,15,9,131,133" hai2="117,123,26,16,0,93,134,19,62,122,3,129,59" hai3="35,56,31,96,42,78,39,77,27,80,127,61,10"/><W99/><G127/><T120/><D64/><U106/><E106/><V63/><F117/><W126/><G126/><T124/><D71/><U119/><E81/><V109/><F109/><W108/><G108/><T76/><D32/><U2/><E49/><V97/><F129/><W69/><G69/><T58/><D58/><U52/><E67/><V17/><F134/><N who="1" m="51817" /><E40/><V47/><F47/><W86/><G78/><T55/><D13/><U74/><E74/><V48/><F48/><W5/><G42/><T41/><D41/><U87/><E87/><V79/><F79/><W94/><G39/><T84/><D55/><U111/><E111/><V100/><F26/><W12/><REACH who="3" step="1"/><G94/><REACH who="3" ten="25,217,500,248" step="2"/><T128/><D76/><U44/><E131/><V121/><F63/><W75/><G75/><T4/><D128/><U91/><E91/><V105/><F105/><W51/><G51/><T20/><D120/><U65/><E2/><V114/><F114/><W36/><G36/><T43/><D43/><U1/><E1/><V70/><F70/><W85/><G85/><T130/><D130/><U88/><E88/><V135/><F135/><W29/><G29/><T34/><D84/><U8/><E28/><V7/><F0/><W82/><G82/><T57/><D89/><U83/><E83/><V107/><F107/><W45/><G45/><T37/><D92/><U38/><E38/><V98/><F98/><W53/><AGARI ba="1,1" hai="5,10,12,27,31,35,53,56,61,77,80,86,96,99" machi="53" ten="20,7800,0" yaku="1,1,0,1,7,1,52,1,53,0" doraHai="25" doraHaiUra="104" who="3" fromWho="3" sc="25,-27,217,-27,500,-27,248,91" owari="-2,-50.2,190,-21.0,473,57.3,339,13.9" /></mjloggm>