<mjloggm ver="2.3"><GO type="225" lobby="0"/><UN n0="%33%74%72%65%65" n1="%E3%82%B2%E3%82%B9%E8%8C%82%E5%8B%9D" n2="%E3%81%A8%E3%82%93%E3%81%A8%E3%81%93%E3%81%A8%E3%82%93" n3="%E5%8F%AF%E5%85%90%E9%82%A3%E7%94%B1%E5%A4%9A" dan="16,16,16,17" rate="2152.51,2062.07,2095.24,2244.91" sx="F,F,M,F"/><TAIKYOKU oya="0"/><INIT seed="0,0,0,0,3,36" ten="250,250,250,250" oya="0" hai0="122,109,32,77,108,63,84,82,33,7,27,117,99" hai1="94,49,35,58,121,55,98,6,79,130,17,24,61" hai2="111,67,70,89,38,41,44,39,87,46,57,116,21" hai3="76,18,14,28,110,104,26,52,51,81,83,107,56"/><T71/><D117/><U3/><E121/><V118/><F21/><W47/><G110/><N who="0" m="42603" /><D122/><U103/><E130/><V93/><F70/><W40/><G14/><T1/><D27/><U114/><E114/><V64/><F111/><W15/><G15/><T25/><D25/><U105/><E79/><V4/><F4/><W23/><G28/><T59/><D99/><U42/><E6/><V16/><F16/><W128/><G128/><T37/><D37/><U31/><E3/><V135/><F135/><W97/><G97/><T19/><D19/><U11/><E17/><V126/><F126/><W68/><G68/><T133/><D71/><U100/><E11/><V131/><F131/><W8/><G8/><N who="0" m="2159" /><D133/><U112/><E112/><V134/><F134/><W132/><G132/><T2/><D2/><U90/><E105/><V92/><F57/><W29/><G18/><T43/><D43/><U48/><E48/><V12/><F12/><W124/><G124/><T13/><D13/><U50/><E50/><V62/><F41/><W9/><G9/><T115/><D115/><U22/><E35/><V127/><F127/><W125/><G125/><T30/><D30/><U129/><E129/><V101/><F101/><W88/><G40/><T91/><D77/><U73/><E73/><V113/><F113/><W96/><G76/><T53/><AGARI ba="0,0" hai="32,33,53,59,63,82,84,91" m="2159,42603" machi="53" ten="30,3000,0" yaku="14,1,10,1" doraHai="36" who="0" fromWho="0" sc="250,30,250,-10,250,-10,250,-10" /><INIT seed="0,1,0,1,1,82" ten="280,240,240,240" oya="0" hai0="101,19,135,11,44,111,70,47,108,57,14,129,71" hai1="49,45,25,13,33,18,119,60,121,34,66,12,130" hai2="123,69,59,96,93,3,32,53,43,29,109,106,35" hai3="8,2,100,113,80,75,94,120,36,7,87,46,30"/><T68/><D129/><U78/><E130/><V72/><F123/><W27/><G113/><T107/><D135/><U62/><E119/><V126/><F69/><W51/><G120/><T16/><D57/><U89/><E121/><V67/><F106/><W22/><G36/><T15/><D101/><U5/><E78/><V10/><F72/><W6/><G75/><T132/><D107/><U92/><E5/><V88/><F109/><N who="0" m="42058" /><D132/><U39/><E39/><V52/><F126/><W64/><G64/><T73/><D73/><U61/><E66/><V17/><F43/><W125/><G125/><T65/><D65/><U55/><E25/><V103/><F67/><W98/><G8/><AGARI ba="1,0" hai="8,11,14,15,16,19,44,47,68,70,71" m="42058" machi="8" ten="40,7700,0" yaku="14,1,10,1,54,1" doraHai="82" who="0" fromWho="3" sc="280,80,240,0,240,0,240,-80" /><INIT seed="0,2,0,5,3,31" ten="360,240,240,160" oya="0" hai0="88,7,112,81,123,110,120,38,24,73,117,54,91" hai1="44,98,79,36,37,1,48,6,94,2,61,29,102" hai2="82,20,113,115,78,34,28,12,134,51,77,124,39" hai3="46,56,47,121,118,125,132,5,23,49,64,105,52"/><T116/><D38/><U106/><E79/><V104/><F39/><W131/><G105/><T103/><D7/><U62/><E36/><V65/><F104/><W17/><G118/><N who="0" m="45675" /><D54/><U27/><E37/><V107/><F107/><W8/><G131/><T114/><D24/><U21/><E106/><V32/><F65/><W4/><G132/><T83/><D103/><U68/><E6/><V42/><F124/><W33/><G125/><T0/><D0/><U92/><E94/><V40/><F134/><W15/><G121/><N who="0" m="46667" /><D110/><U11/><E11/><V111/><F111/><W55/><G64/><T129/><D129/><U71/><E68/><V74/><F28/><W67/><G67/><T26/><D26/><U97/><E97/><V87/><F113/><N who="0" m="43626" /><D73/><U128/><E128/><V45/><F115/><W70/><G70/><T16/><D16/><U122/><E122/><V99/><F99/><W84/><G4/><T58/><D58/><U13/><E71/><V60/><F74/><W126/><G126/><T133/><D133/><U53/><E2/><V69/><F69/><W18/><G18/><T43/><D43/><U95/><E1/><V119/><F119/><W57/><G57/><T75/><D75/><U108/><E108/><V25/><F40/><W130/><G130/><T90/><AGARI ba="2,0" hai="81,83,88,90,91" m="43626,46667,45675" machi="90" ten="40,12000,1" yaku="28,2,34,2,54,1" doraHai="31" who="0" fromWho="0" sc="360,126,240,-42,240,-42,160,-42" /><INIT seed="0,3,0,0,5,135" ten="486,198,198,118" oya="0" hai0="102,103,91,9,95,101,68,36,131,13,118,99,105" hai1="111,132,120,92,77,24,8,15,51,117,114,73,97" hai2="69,82,107,7,79,47,0,46,52,74,84,127,62" hai3="3,67,48,18,75,30,60,104,128,11,28,71,70"/><T42/><D118/><U40/><E117/><V88/><F107/><W38/><G38/><T56/><D68/><U39/><E39/><V29/><F29/><W130/><G104/><T5/><D131/><N who="3" m="50217" /><G75/><T87/><REACH who="0" step="1"/><D56/><REACH who="0" ten="476,198,198,118" step="2"/><U14/><E120/><V31/><F69/><W22/><G70/><T124/><D124/><U2/><E114/><V115/><F127/><W85/><G71/><T112/><D112/><U108/><E132/><V134/><F134/><W17/><G67/><T110/><D110/><U116/><E116/><V58/><F115/><W98/><G60/><T6/><D6/><U59/><E59/><V50/><F7/><W44/><G44/><AGARI ba="3,1" hai="5,9,13,36,42,44,87,91,95,99,101,102,103,105" machi="44" ten="40,3900,0" yaku="1,1,53,1" doraHai="135" doraHaiUra="37" who="0" fromWho="3" sc="476,58,198,0,198,0,118,-48" /><INIT seed="0,4,0,1,5,64" ten="534,198,198,70" oya="0" hai0="87,132,130,121,10,105,86,103,23,54,6,101,38" hai1="60,35,114,129,29,109,73,89,133,94,52,93,24" hai2="22,97,112,113,2,117,21,135,25,34,51,45,102" hai3="66,115,123,41,131,48,57,42,15,49,5,55,68"/><T32/><D32/><U37/><E109/><V46/><F135/><W124/><G5/><T122/><D38/><U56/><E133/><V95/><F117/><W96/><G15/><T31/><D132/><U67/><E129/><V104/><F2/><W70/><G96/><T7/><D130/><U85/><E114/><V58/><F34/><W127/><G131/><T75/><D75/><U61/><E37/><V88/><F58/><N who="3" m="33127" /><G115/><T92/><D105/><U9/><E73/><V18/><F21/><W27/><G27/><T47/><D31/><U82/><REACH who="1" step="1"/><E9/><REACH who="1" ten="534,188,198,70" step="2"/><V30/><F112/><W12/><G123/><T91/><D10/><U59/><AGARI ba="4,1" hai="24,29,35,52,56,59,60,61,67,82,85,89,93,94" machi="59" ten="20,12000,2" yaku="1,1,2,1,0,1,7,1,54,1,53,1" doraHai="64" doraHaiUra="20" who="1" fromWho="1" sc="534,-64,188,142,198,-34,70,-34" /><INIT seed="1,0,0,1,1,115" ten="470,330,164,36" oya="1" hai0="105,127,110,40,69,100,121,12,43,16,106,22,52" hai1="34,53,126,122,70,46,109,79,20,28,133,42,82" hai2="9,98,119,107,13,26,63,61,48,65,21,25,74" hai3="8,47,57,58,37,99,124,92,91,30,33,108,32"/><U95/><E122/><V59/><F119/><W15/><G108/><T27/><D110/><U111/><E70/><V3/><F3/><W38/><G124/><T90/><D127/><U135/><E126/><V123/><F123/><W134/><G134/><N who="1" m="51210" /><E34/><V131/><F74/><W51/><G37/><T0/><D69/><U78/><E95/><V64/><F131/><W97/><G38/><T73/><D0/><U83/><E53/><V7/><F107/><W93/><G30/><T44/><D105/><U68/><E68/><V113/><F113/><W96/><G32/><T17/><D52/><U67/><E67/><V66/><F98/><W55/><G33/><T50/><D40/><U104/><E104/><V4/><F4/><W45/><G58/><T71/><D71/><U41/><E20/><V35/><F35/><W94/><REACH who="3" step="1"/><G91/><REACH who="3" ten="470,330,164,26" step="2"/><T39/><D90/><U56/><E56/><V49/><F59/><W19/><AGARI ba="0,1" hai="8,15,19,45,47,51,55,57,92,93,94,96,97,99" machi="19" ten="30,8000,1" yaku="1,1,2,1,0,1,8,1,53,1" doraHai="115" doraHaiUra="14" who="3" fromWho="3" sc="470,-20,330,-40,164,-20,26,90" /><INIT seed="2,0,0,1,5,54" ten="450,290,144,116" oya="2" hai0="81,42,126,69,36,92,75,106,56,90,66,123,62" hai1="73,61,6,15,8,132,122,135,50,43,124,71,5" hai2="26,109,134,41,88,110,53,95,91,87,47,13,127" hai3="108,77,52,129,89,64,39,29,133,115,55,11,28"/><V107/><F107/><W17/><G39/><T128/><D106/><U25/><E73/><V117/><F117/><W40/><G108/><N who="2" m="41577" /><F134/><N who="1" m="51241" /><E124/><V79/><F127/><W3/><G133/><T99/><D126/><U105/><E105/><V4/><F79/><W84/><G40/><T51/><D128/><U58/><E122/><V49/><F26/><W9/><G129/><T76/><D123/><U72/><E72/><V130/><F130/><W120/><G120/><T19/><D36/><U112/><E112/><V33/><F33/><W131/><G131/><T60/><D19/><N who="1" m="8679" /><E71/><V101/><F101/><W67/><G77/><T30/><D30/><N who="3" m="11881" /><G3/><T32/><D32/><U24/><E50/><V14/><F4/><N who="1" m="1641" /><E43/><V98/><F41/><W114/><G114/><T12/><D42/><U103/><E103/><V38/><F38/><W18/><G115/><T78/><D78/><U35/><E35/><V16/><F16/><N who="3" m="6251" /><G9/><T121/><D76/><U46/><E46/><V97/><F97/><W102/><G102/><T20/><D99/><U2/><E2/><V59/><F47/><W111/><G11/><T37/><D37/><U80/><E80/><AGARI ba="0,0" hai="13,14,49,53,59,80,87,88,91,95,98" m="41577" machi="80" ten="30,11600,0" yaku="14,1,10,1,52,1,54,1" doraHai="54" who="2" fromWho="1" sc="450,0,290,-116,144,116,116,0" /><INIT seed="2,1,0,1,1,93" ten="450,174,260,116" oya="2" hai0="99,132,2,4,124,26,109,78,87,91,46,112,36" hai1="63,107,40,83,108,86,122,7,135,15,131,128,65" hai2="59,94,49,71,97,13,125,44,50,37,30,54,72" hai3="75,105,88,57,43,133,3,48,12,23,100,53,61"/><V45/><F72/><W67/><G3/><T92/><D109/><U116/><E108/><V119/><F119/><W28/><G133/><T79/><D112/><U25/><E116/><V95/><F71/><W103/><G75/><T127/><D132/><U69/><E135/><V64/><F125/><N who="0" m="48202" /><D26/><U115/><E115/><V8/><F37/><W134/><G134/><T39/><D4/><U118/><E118/><V51/><F30/><W82/><G43/><N who="0" m="22887" /><D2/><U101/><E122/><V10/><F94/><W77/><G77/><N who="0" m="29195" /><D39/><U102/><E40/><N who="2" m="24711" /><F13/><W70/><G105/><T34/><D34/><U85/><E25/><V19/><F19/><W31/><G31/><T121/><D121/><U47/><E15/><V89/><F64/><W14/><G14/><T114/><D114/><U22/><E7/><V60/><F60/><W76/><G76/><T120/><D120/><U66/><E22/><V16/><F16/><W24/><REACH who="3" step="1"/><G12/><REACH who="3" ten="450,174,260,106" step="2"/><T129/><D129/><U68/><E107/><V20/><F20/><W98/><G98/><AGARI ba="1,1" hai="87,91,92,98,99" m="29195,22887,48202" machi="98" ten="30,3900,0" yaku="18,1,52,2" doraHai="93" who="0" fromWho="3" sc="450,52,174,0,260,0,106,-42" /><INIT seed="3,0,0,0,1,128" ten="502,174,260,64" oya="3" hai0="88,45,67,26,43,62,124,0,50,27,40,52,6" hai1="16,59,63,41,110,3,55,15,131,2,44,69,71" hai2="7,91,35,116,125,8,57,1,77,53,92,111,86" hai3="13,85,99,114,51,28,25,60,84,133,73,76,66"/><W58/><G114/><T121/><D124/><U70/><E110/><V106/><F116/><W31/><G73/><T38/><D121/><U48/><REACH who="1" step="1"/><E131/><REACH who="1" ten="502,164,260,64" step="2"/><V118/><F111/><W39/><G39/><T89/><D0/><U34/><E34/><V30/><F118/><W105/><G133/><T19/><D6/><U130/><E130/><V135/><F135/><W80/><G85/><T61/><D61/><U54/><E54/><V108/><F108/><W11/><G51/><T102/><D102/><U134/><E134/><V103/><F125/><W82/><G82/><T24/><D19/><U42/><E42/><V119/><F119/><W56/><G56/><N who="0" m="32791" /><D40/><U32/><E32/><V113/><F113/><W87/><G87/><T33/><D33/><U14/><E14/><V4/><F35/><W47/><G47/><T65/><D65/><U95/><E95/><V10/><F92/><W115/><G115/><T79/><D79/><U17/><E17/><V18/><F18/><W74/><G74/><T23/><D23/><AGARI ba="0,1" hai="2,3,15,16,23,41,44,48,55,59,63,69,70,71" machi="23" ten="40,2600,0" yaku="1,1,54,1,53,0" doraHai="128" doraHaiUra="72" who="1" fromWho="0" sc="502,-26,164,36,260,0,64,0" owari="476,57.6,200,-20.0,260,6.0,64,-43.6" /></mjloggm>