<mjloggm ver="2.3"><GO type="225" lobby="0"/><UN n0="%E2%91%A3%E9%81%BF%E9%81%8A%E6%88%AF%E3%80%90%E6%9D%B1%E5%8D%97%E3%80%91" n1="%79%6B%66%35%35%33%38%39" n2="%E9%80%9F%E6%B0%B4%E5%87%9B%E9%A6%99" n3="%E3%82%BF%E3%83%84%E3%83%9E%E3%82%AD" dan="16,16,16,16" rate="2108.40,2155.11,2095.97,2034.96" sx="M,M,F,F"/><TAIKYOKU oya="0"/><INIT seed="0,0,0,5,5,34" ten="250,250,250,250" oya="0" hai0="26,45,10,62,75,124,76,57,83,120,88,59,109" hai1="17,130,73,86,20,55,126,74,15,60,51,117,8" hai2="29,58,0,81,16,19,80,92,110,77,87,9,103" hai3="116,82,18,40,135,93,133,4,47,54,125,5,108"/><T106/><D120/><U13/><E130/><V32/><F110/><W131/><G116/><T64/><D106/><U39/><E126/><V27/><F103/><W7/><G108/><T6/><D109/><U50/><E117/><V119/><F119/><W65/><G131/><T28/><D124/><U90/><E39/><V98/><F98/><W68/><G125/><T21/><D45/><U113/><E113/><V35/><F92/><W38/><G54/><T31/><D88/><U44/><E51/><V53/><F32/><W22/><G82/><T46/><D46/><U105/><E60/><V72/><F9/><W63/><REACH who="3" step="1"/><G93/><REACH who="3" ten="250,250,250,240" step="2"/><T36/><D36/><U118/><E118/><V122/><F122/><W67/><G67/><T24/><D57/><U33/><E105/><V23/><F35/><W96/><G96/><T3/><D26/><AGARI ba="0,1" hai="4,5,7,18,22,26,38,40,47,63,65,68,133,135" machi="26" ten="40,2600,0" yaku="1,1,53,1" doraHai="34" doraHaiUra="43" who="3" fromWho="0" sc="250,-26,250,0,250,0,240,36" /><INIT seed="1,0,0,3,3,120" ten="224,250,250,276" oya="1" hai0="102,52,25,43,15,47,134,132,108,9,89,44,68" hai1="133,127,75,12,78,66,122,85,2,101,96,67,5" hai2="7,64,130,22,40,51,119,19,100,35,125,17,82" hai3="21,8,39,105,128,3,63,84,18,121,116,54,28"/><U59/><E122/><V115/><F35/><W32/><G39/><T69/><D102/><U88/><E2/><V1/><F119/><W99/><G128/><T97/><D25/><U60/><E127/><V16/><F125/><W70/><G84/><T53/><D97/><U117/><E117/><V107/><F130/><W79/><G79/><T13/><D89/><U23/><E133/><N who="0" m="51305" /><D15/><U92/><E75/><V94/><F115/><W46/><G46/><N who="0" m="17451" /><D43/><U57/><E78/><V26/><F107/><W83/><G99/><T98/><D98/><U113/><E113/><V37/><F37/><W73/><G3/><T41/><D41/><U42/><E42/><V77/><F40/><W33/><G33/><T49/><D108/><U86/><E101/><V31/><F1/><W131/><G32/><T0/><D0/><U93/><E93/><V24/><F100/><W48/><G105/><T81/><D81/><U80/><E80/><V112/><F94/><W95/><G83/><T91/><D91/><U129/><E129/><V20/><F112/><W118/><G131/><T11/><D49/><U14/><E14/><V62/><F51/><W87/><G48/><T104/><D104/><U114/><E114/><V106/><F106/><W109/><G116/><T76/><D76/><U4/><E23/><V36/><F36/><W30/><G21/><T72/><D72/><U50/><E50/><V123/><F123/><W135/><G121/><T27/><D27/><U45/><E12/><V55/><F77/><W71/><G118/><T65/><D13/><U10/><E96/><V38/><F82/><RYUUKYOKU ba="0,0" sc="224,0,250,0,250,0,276,0" /><INIT seed="2,1,0,1,3,84" ten="224,250,250,276" oya="2" hai0="110,0,2,36,100,65,66,71,16,22,12,129,35" hai1="46,18,91,25,127,3,105,42,69,70,89,5,52" hai2="76,27,53,39,83,30,55,117,120,47,54,93,10" hai3="130,64,72,79,17,28,121,124,61,8,78,23,122"/><V26/><F120/><W116/><G116/><T126/><D36/><U33/><E105/><V73/><F117/><W58/><G130/><T133/><D100/><U94/><E3/><V41/><F10/><W80/><G124/><T59/><D71/><U109/><E5/><V99/><REACH who="2" step="1"/><F30/><REACH who="2" ten="224,250,240,276" step="2"/><W102/><G28/><T13/><D126/><U7/><E127/><V98/><F98/><W63/><G8/><T74/><D129/><U34/><E109/><V86/><F86/><W51/><G122/><T103/><D110/><U9/><E9/><V31/><F31/><W81/><G121/><T95/><D74/><U60/><E7/><V104/><F104/><W11/><G11/><T101/><D2/><U19/><E34/><V40/><F40/><W111/><G72/><T134/><D0/><U114/><E33/><V135/><F135/><W125/><G125/><T87/><D35/><U118/><E118/><V6/><F6/><W128/><G111/><T108/><D108/><U21/><E18/><V62/><F62/><W56/><G63/><T4/><D4/><U67/><E42/><V106/><F106/><W57/><G61/><T29/><D29/><U32/><E32/><V115/><F115/><W68/><G128/><T123/><D123/><U113/><E69/><V88/><AGARI ba="1,1" hai="26,27,39,41,47,53,54,55,73,76,83,88,93,99" machi="88" ten="30,11700,0" yaku="1,1,0,1,52,1,54,1,53,0" doraHai="84" doraHaiUra="97" who="2" fromWho="2" sc="224,-40,250,-40,240,130,276,-40" /><INIT seed="2,2,0,4,3,75" ten="184,210,370,236" oya="2" hai0="124,60,81,119,18,121,56,4,107,78,59,8,80" hai1="26,123,126,117,127,89,84,125,55,63,6,116,31" hai2="19,115,95,24,86,49,39,7,9,11,94,15,105" hai3="131,98,44,83,73,96,102,53,65,93,104,43,85"/><V122/><F39/><W25/><G131/><T17/><D121/><U101/><E123/><V109/><F105/><W10/><G65/><T57/><D107/><U3/><E101/><V58/><F122/><W66/><G66/><T113/><D119/><U79/><E6/><V28/><F115/><W110/><G110/><T21/><D113/><U38/><E3/><V70/><F109/><W16/><G73/><T61/><D124/><U69/><E38/><V30/><F70/><W91/><G53/><T52/><D81/><N who="1" m="47167" /><E89/><V72/><F72/><W88/><G25/><T0/><D21/><N who="1" m="15823" /><E69/><V37/><F37/><W27/><G27/><T111/><D111/><U108/><E108/><V34/><F28/><W106/><G106/><T103/><D103/><U33/><E33/><V68/><F68/><W134/><G134/><T41/><D41/><U62/><E55/><V5/><F5/><W76/><G91/><T128/><D128/><U35/><E35/><V97/><F7/><W71/><G71/><T129/><D129/><U92/><E92/><V51/><F95/><W99/><G102/><T46/><D46/><U42/><E42/><V120/><F94/><W14/><G104/><T133/><D133/><U50/><E50/><AGARI ba="2,0" hai="10,14,16,43,44,50,76,83,85,88,93,96,98,99" machi="50" ten="30,8000,1" yaku="7,1,8,1,52,1,54,2" doraHai="75" who="3" fromWho="1" sc="184,0,210,-86,370,0,236,86" /><INIT seed="3,0,0,3,3,41" ten="184,124,370,322" oya="3" hai0="56,128,88,45,58,87,4,47,70,21,78,81,90" hai1="11,59,73,129,124,74,106,23,57,107,112,132,102" hai2="55,117,1,109,51,83,80,113,95,96,115,38,15" hai3="33,39,46,18,65,7,104,28,62,84,89,135,19"/><W101/><G135/><T50/><D70/><U44/><E112/><V92/><F1/><W63/><G7/><T85/><D128/><U34/><E129/><V49/><F117/><W5/><G5/><T105/><D105/><U27/><E132/><V31/><F38/><W54/><G33/><T14/><D90/><U126/><E34/><V42/><F109/><W30/><G104/><T86/><D87/><U110/><E110/><V29/><F42/><W76/><G101/><T108/><D108/><U64/><E102/><V48/><F15/><W100/><G76/><T82/><D47/><U131/><E131/><V60/><F60/><N who="3" m="23083" /><G65/><T25/><D14/><U94/><E64/><V130/><F130/><W122/><G39/><T72/><D4/><U66/><E66/><V99/><F51/><N who="3" m="29047" /><G122/><T134/><D72/><U32/><E32/><V133/><F133/><W71/><G71/><T26/><D134/><U3/><E94/><V118/><F118/><W67/><G67/><T91/><D78/><U8/><E23/><V119/><F119/><W12/><G100/><T77/><D77/><U93/><E93/><V120/><F55/><W61/><N who="3" m="23091" /><W69/><DORA hai="79" /><G69/><T103/><D103/><U43/><E43/><V116/><F116/><W121/><G121/><AGARI ba="0,0" hai="29,31,48,49,80,83,92,95,96,99,113,115,120,121" machi="121" ten="25,6400,0" yaku="22,2,52,2" doraHai="41,79" who="2" fromWho="3" sc="184,0,124,0,370,64,322,-64" owari="184,-21.6,124,-37.6,434,53.4,258,5.8" /></mjloggm>