<mjloggm ver="2.3"><GO type="225" lobby="0"/><UN n0="%E6%81%A5%E6%99%92%E3%81%97" n1="%E3%81%A4%E3%81%A3%E3%81%B1%E3%82%8A%E3%83%9D%E3%83%BC%E3%83%AB" n2="%61%6D%65%6B%69" n3="%E3%83%94%E3%83%B3%E3%82%B5%E3%83%AD%E5%BA%97%E5%93%A1" dan="16,17,16,16" rate="2084.25,2231.82,2108.69,2219.74" sx="M,M,M,M"/><TAIKYOKU oya="0"/><INIT seed="0,0,0,4,1,62" ten="250,250,250,250" oya="0" hai0="113,9,86,54,127,98,115,103,107,68,2,110,50" hai1="112,21,42,118,15,33,32,0,61,100,71,123,27" hai2="64,52,132,101,65,104,119,4,126,18,45,120,109" hai3="29,5,134,79,11,51,57,73,122,88,102,95,77"/><T121/><D121/><U22/><E42/><V59/><F120/><W125/><G122/><T36/><D127/><U128/><E123/><V46/><F104/><W13/><G125/><T111/><D36/><U26/><E100/><V19/><F126/><W40/><G134/><T16/><D68/><U49/><E49/><V89/><F101/><W30/><G102/><T90/><D2/><U130/><E61/><N who="2" m="36071" /><F132/><W74/><G74/><T84/><D113/><U96/><E96/><V124/><F124/><W53/><G40/><T87/><D115/><U28/><E71/><V80/><F4/><W131/><G131/><N who="1" m="50218" /><E112/><V60/><F109/><N who="0" m="41482" /><D90/><U3/><E15/><V72/><F60/><W105/><G105/><T25/><D9/><U70/><E118/><V55/><F72/><W14/><G14/><T67/><D67/><N who="2" m="25674" /><F119/><W24/><G73/><T66/><D66/><U97/><E70/><V58/><F58/><W39/><G39/><T20/><D87/><U135/><E97/><V1/><F1/><N who="1" m="585" /><E135/><V93/><F80/><W129/><G129/><T7/><D7/><U92/><E92/><V47/><F55/><W63/><G63/><T75/><D75/><U41/><E41/><V117/><F117/><W35/><G51/><T12/><D12/><U91/><E91/><V38/><F38/><W17/><G53/><T56/><AGARI ba="0,0" hai="16,20,25,50,54,56,84,86,98,103,107" m="41482" machi="56" ten="30,6000,0" yaku="14,1,10,1,54,1" doraHai="62" who="0" fromWho="0" sc="250,60,250,-20,250,-20,250,-20" /><INIT seed="0,1,0,4,4,56" ten="310,230,230,230" oya="0" hai0="9,107,18,69,64,77,57,20,82,121,7,119,0" hai1="10,41,61,123,12,22,130,84,1,73,17,104,124" hai2="48,109,15,5,87,106,50,83,133,67,79,70,74" hai3="65,38,78,54,90,88,134,86,19,103,100,122,46"/><T42/><D119/><U16/><E73/><V92/><F106/><W25/><G134/><T14/><D121/><U97/><E123/><V43/><F43/><BYE who="2" /><W114/><G114/><T129/><D107/><U31/><E41/><UN n2="%61%6D%65%6B%69" /><V49/><F133/><W81/><G122/><T13/><D129/><U23/><E130/><V21/><F109/><W75/><G65/><T118/><D118/><U120/><E120/><V102/><F74/><W115/><G115/><T2/><D69/><U91/><E124/><V27/><F70/><W58/><G46/><T28/><D42/><U11/><E31/><V68/><F68/><W62/><G38/><T8/><D28/><U131/><E131/><V55/><F67/><W33/><G33/><T101/><D101/><N who="3" m="38985" /><G75/><T127/><D9/><U116/><E97/><V52/><F15/><W110/><G110/><T135/><D127/><U30/><E30/><V34/><F34/><W94/><G94/><T96/><D96/><U66/><E104/><V80/><F80/><W3/><G3/><T112/><D112/><U24/><E1/><V126/><F5/><W125/><G125/><T29/><D29/><U59/><E116/><V60/><F126/><W63/><G63/><N who="0" m="37999" /><D135/><U37/><E37/><V105/><F105/><W51/><G51/><T99/><D99/><U26/><E12/><V128/><F128/><W72/><G72/><N who="0" m="43303" /><D2/><U89/><E84/><V71/><F71/><W113/><G113/><T132/><D132/><U111/><E111/><V93/><F102/><W4/><G4/><T36/><D0/><U6/><E6/><V117/><F117/><RYUUKYOKU ba="1,0" sc="310,10,230,10,230,-30,230,10" hai0="7,8,13,14,18,20,36" hai1="10,11,16,17,22,23,24,26,59,61,66,89,91" hai3="19,25,54,58,62,78,81,86,88,90" /><INIT seed="0,2,0,2,5,117" ten="320,240,200,240" oya="0" hai0="50,51,5,16,30,68,15,86,67,24,79,111,74" hai1="102,52,9,49,6,10,32,97,48,100,106,54,33" hai2="8,69,129,7,116,59,2,61,56,27,87,118,110" hai3="47,94,14,88,115,62,40,104,82,134,92,65,1"/><T55/><D74/><U131/><E131/><V4/><F110/><W114/><G1/><T71/><D111/><U77/><E77/><V3/><F129/><W99/><G104/><T133/><D133/><U83/><E83/><V64/><F27/><W105/><G105/><T42/><D5/><U130/><E130/><V29/><F29/><W38/><G134/><T60/><D42/><U107/><E6/><V80/><F4/><W122/><G122/><T23/><D71/><U28/><E28/><V57/><REACH who="2" step="1"/><F3/><REACH who="2" ten="320,240,190,240" step="2"/><W39/><G115/><T96/><D24/><U34/><E34/><V20/><F20/><W108/><G114/><T81/><D30/><U93/><E97/><V21/><F21/><W19/><G108/><T70/><D23/><U37/><E37/><V127/><F127/><W121/><G121/><T73/><D96/><U103/><E103/><V11/><F11/><W44/><G39/><T76/><D15/><U13/><E93/><V135/><F135/><W45/><G94/><T98/><D98/><U63/><E13/><V113/><F113/><W46/><G82/><T66/><D81/><U112/><E112/><V75/><F75/><W90/><G14/><T95/><D16/><U41/><E41/><V120/><F120/><W89/><REACH who="3" step="1"/><G19/><REACH who="3" ten="320,240,190,230" step="2"/><T0/><D0/><U123/><E123/><V31/><F31/><W22/><G22/><T84/><D73/><U26/><E26/><V126/><F126/><W53/><G53/><T43/><D55/><U101/><E101/><V72/><F72/><W18/><G18/><T119/><D95/><U36/><E36/><RYUUKYOKU ba="2,2" sc="320,-30,240,10,190,10,230,10" hai1="9,10,32,33,48,49,52,54,63,100,102,106,107" hai2="2,7,8,56,57,59,61,64,69,80,87,116,118" hai3="38,40,44,45,46,47,62,65,88,89,90,92,99" /><INIT seed="1,3,2,5,4,22" ten="290,250,200,240" oya="1" hai0="50,115,90,114,23,48,79,54,12,34,28,53,80" hai1="83,31,121,75,38,37,87,113,66,112,76,45,74" hai2="98,61,65,21,92,24,78,27,2,105,103,89,118" hai3="120,102,101,84,36,20,85,40,117,30,3,104,77"/><U97/><E121/><V116/><F2/><W110/><G120/><T29/><D90/><U106/><E66/><V124/><F124/><W123/><G123/><T94/><D94/><U119/><E119/><V72/><F118/><W91/><G117/><T134/><D134/><U68/><E68/><V127/><F21/><W81/><G3/><T6/><D34/><U69/><E69/><V35/><F35/><W10/><G10/><N who="0" m="4183" /><D114/><U107/><E31/><N who="0" m="11849" /><D115/><N who="1" m="44107" /><E45/><V33/><F33/><W111/><G40/><T128/><D128/><U9/><E9/><V7/><F7/><W51/><G51/><N who="0" m="19499" /><D23/><U18/><E38/><V73/><F127/><W129/><G36/><T109/><D109/><N who="3" m="41481" /><G104/><N who="1" m="39978" /><E37/><V126/><F126/><W42/><G42/><T131/><D131/><U88/><E18/><V17/><F17/><W41/><G41/><T135/><D135/><U63/><E63/><V15/><F15/><W100/><G129/><T58/><D58/><U71/><E71/><N who="2" m="42415" /><F73/><N who="3" m="43183" /><G91/><T122/><D122/><U82/><E75/><V56/><F56/><W14/><G14/><T11/><D11/><U19/><E19/><V1/><F1/><W125/><G125/><T47/><D47/><U16/><E16/><V49/><F116/><W46/><G46/><T25/><D25/><AGARI ba="3,2" hai="20,25,30,84,85,100,101,102" m="43183,41481" machi="25" ten="30,2000,0" yaku="14,1,52,1" doraHai="22" who="3" fromWho="0" sc="290,-29,250,0,200,0,240,49" /><INIT seed="2,0,0,5,1,88" ten="261,250,200,289" oya="2" hai0="102,59,47,79,51,12,132,54,64,20,112,99,6" hai1="117,82,57,15,113,135,2,45,105,46,40,44,72" hai2="92,37,50,118,14,63,116,108,84,78,34,7,69" hai3="129,61,4,110,87,121,55,123,94,53,52,58,103"/><V124/><F37/><W76/><G110/><T75/><D132/><U25/><E2/><V22/><F34/><W90/><G129/><T130/><D130/><U120/><E105/><V49/><F108/><W62/><G4/><T96/><D112/><U18/><E113/><V106/><F106/><W36/><G36/><T13/><D75/><U48/><E117/><V71/><F124/><W29/><G29/><T67/><D79/><U21/><E135/><V32/><F32/><W23/><G23/><T41/><D99/><U134/><E134/><V95/><F71/><W3/><G3/><T11/><D13/><U56/><E120/><V122/><F122/><W10/><G10/><T28/><D20/><N who="1" m="11359" /><E82/><N who="2" m="47191" /><F69/><W85/><G103/><T131/><D28/><N who="1" m="17455" /><E72/><V128/><F128/><W86/><G76/><T31/><D31/><U42/><E48/><N who="2" m="18539" /><F118/><W65/><REACH who="3" step="1"/><G61/><REACH who="3" ten="261,250,200,279" step="2"/><N who="0" m="36087" /><D131/><U33/><E33/><V107/><F107/><W83/><G83/><T38/><D38/><U93/><E93/><AGARI ba="0,1" hai="6,11,12,41,47,51,64,67,93,96,102" m="36087" machi="93" ten="30,2000,0" yaku="8,1,52,1" doraHai="88" who="0" fromWho="1" sc="261,30,250,-20,200,0,279,0" /><INIT seed="3,0,0,2,3,7" ten="291,230,200,279" oya="3" hai0="45,123,126,127,69,102,75,121,18,110,21,85,10" hai1="12,72,124,39,79,63,34,132,50,15,35,53,26" hai2="125,130,134,131,78,107,29,33,64,27,117,106,14" hai3="119,56,58,55,57,90,9,128,1,93,111,77,20"/><W95/><G119/><T8/><D110/><U89/><E39/><V122/><F117/><W42/><G111/><T113/><D75/><U17/><E72/><V60/><F122/><N who="0" m="46602" /><D69/><U11/><E79/><V100/><F125/><N who="0" m="47626" /><D113/><U92/><E124/><V49/><F134/><W43/><G77/><T66/><D66/><U76/><E76/><V25/><F78/><W47/><G128/><N who="2" m="49193" /><F27/><W24/><G93/><T59/><D102/><U36/><E26/><V70/><F100/><W97/><G55/><T99/><D99/><U86/><E132/><V129/><N who="2" m="49201" /><V105/><DORA hai="0" /><F49/><W16/><REACH who="3" step="1"/><G47/><REACH who="3" ten="291,230,200,269" step="2"/><T135/><D45/><U98/><E53/><V46/><F46/><W118/><G118/><T68/><D135/><U65/><E92/><V38/><F38/><W83/><G83/><T96/><D85/><U2/><E86/><V30/><F30/><W91/><G91/><T73/><D73/><U81/><E89/><V28/><F28/><W114/><G114/><T61/><D96/><U104/><E98/><V88/><F88/><W6/><AGARI ba="0,1" hai="1,6,9,16,20,24,42,43,56,57,58,90,95,97" machi="6" ten="30,12000,1" yaku="1,1,0,1,52,2,54,1,53,0" doraHai="7,0" doraHaiUra="116,101" who="3" fromWho="3" sc="291,-40,230,-40,200,-40,269,130" owari="251,5.1,190,-21.0,160,-34.0,399,49.9" /></mjloggm>