<mjloggm ver="2.3"><GO type="225" lobby="0"/><UN n0="%E6%A0%B9%E5%85%83%E3%81%8B%E3%82%89%E5%90%B9%E3%81%A3%E9%A3%9B%E3%81%B6" n1="%E3%81%BF%E3%81%BF%E3%81%9A" n2="%E3%81%AA%E3%81%A1%30%39%32%37" n3="%E8%90%BD%E6%97%A5" dan="16,17,16,19" rate="2182.98,2266.63,2021.12,2235.05" sx="F,M,M,F"/><TAIKYOKU oya="0"/><INIT seed="0,0,0,1,2,4" ten="250,250,250,250" oya="0" hai0="128,64,107,115,39,6,35,7,89,72,45,19,111" hai1="11,30,23,114,124,67,25,40,101,2,21,38,60" hai2="76,83,99,36,51,68,120,73,85,86,16,22,29" hai3="93,9,52,0,50,103,133,55,49,109,96,48,66"/><T54/><D115/><U41/><E114/><V102/><F120/><W74/><G74/><T108/><D128/><U94/><E124/><V126/><F126/><W90/><G109/><N who="0" m="42059" /><D107/><U65/><E38/><V98/><F36/><W47/><G133/><T87/><D35/><U84/><E2/><V70/><F29/><W63/><G103/><T97/><D97/><N who="1" m="59575" /><E21/><V127/><F127/><W59/><G0/><T110/><N who="0" m="42067" /><T20/><DORA hai="57" /><D64/><N who="1" m="24651" /><E60/><V132/><F132/><W117/><G117/><T131/><D72/><U33/><E33/><V8/><F98/><W75/><G75/><T28/><D28/><U135/><E135/><V42/><F8/><W26/><G26/><N who="0" m="14623" /><D131/><U1/><E1/><V92/><F70/><W56/><REACH who="3" step="1"/><G9/><REACH who="3" ten="250,250,250,240" step="2"/><T14/><D14/><U134/><E134/><V32/><F68/><W27/><G27/><T12/><D12/><U34/><E11/><V18/><F32/><W10/><G10/><T61/><D39/><U88/><E34/><V95/><F73/><W91/><G91/><T81/><D45/><U31/><E30/><V62/><F22/><W46/><G46/><T53/><D7/><U125/><E125/><V106/><F18/><W15/><G15/><T130/><D6/><U129/><E129/><V82/><F16/><W123/><G123/><T24/><D24/><U105/><E105/><V58/><F106/><W116/><G116/><T44/><D44/><U43/><E88/><V3/><F3/><W13/><G13/><T121/><D121/><U69/><E69/><V37/><F102/><W77/><G77/><T78/><D130/><RYUUKYOKU ba="0,1" sc="250,-15,250,15,250,-15,240,15" hai1="23,25,31,40,41,43,84" hai3="47,48,49,50,52,55,56,59,63,66,90,93,96" /><INIT seed="1,1,1,5,1,131" ten="235,265,235,255" oya="1" hai0="65,109,12,116,22,135,111,52,25,53,60,107,96" hai1="105,108,67,66,78,74,95,84,63,122,99,39,28" hai2="14,73,86,27,62,72,88,2,113,71,11,103,123" hai3="43,76,19,16,121,70,1,44,5,61,117,47,91"/><U130/><E122/><V59/><F123/><W15/><G121/><T23/><D116/><U6/><E39/><V79/><F2/><W114/><G114/><T26/><D135/><U93/><E130/><V128/><F128/><W10/><G117/><T56/><D107/><U100/><E108/><N who="0" m="41545" /><D96/><U132/><E132/><V89/><F113/><W124/><G124/><T77/><D12/><U110/><E110/><V21/><F71/><W18/><G76/><T119/><D77/><U29/><E6/><V33/><F33/><W127/><G127/><T40/><D40/><U85/><E85/><V54/><F103/><W81/><G1/><T36/><D36/><U115/><E115/><V45/><F45/><W97/><G43/><T13/><D13/><U55/><E55/><N who="0" m="21065" /><D119/><U49/><E49/><V41/><F41/><W82/><G82/><T51/><D51/><U30/><E63/><V87/><F79/><W129/><G129/><T42/><D42/><U58/><E58/><V92/><F86/><W9/><G9/><T69/><D56/><U126/><E126/><V0/><F89/><W24/><G24/><AGARI ba="1,1" hai="22,23,24,25,26,60,65,69" m="21065,41545" machi="24" ten="30,2000,0" yaku="14,1,54,1" doraHai="131" who="0" fromWho="3" sc="235,33,265,0,235,0,255,-23" /><INIT seed="2,0,0,3,3,133" ten="268,265,235,232" oya="2" hai0="36,43,21,117,6,65,81,123,12,49,54,38,100" hai1="47,85,27,4,76,20,115,48,102,88,93,11,86" hai2="107,15,111,41,45,73,119,53,34,84,95,5,10" hai3="110,32,19,52,121,68,64,55,112,39,134,124,13"/><V72/><F119/><W104/><RYUUKYOKU type="yao9" ba="0,0" sc="268,0,265,0,235,0,232,0" hai3="13,19,32,39,52,55,64,68,104,110,112,121,124,134" /><INIT seed="2,1,0,3,5,65" ten="268,265,235,232" oya="2" hai0="55,97,53,134,25,76,70,54,122,63,82,98,86" hai1="49,113,114,32,132,56,34,68,110,84,61,123,102" hai2="83,101,120,90,35,126,44,23,58,130,17,46,129" hai3="96,78,5,107,74,51,75,33,111,121,20,79,69"/><V89/><F120/><W30/><G121/><T131/><D134/><U71/><E123/><V60/><F35/><W7/><G33/><T73/><D131/><U26/><E132/><V124/><F101/><W115/><G115/><T118/><D118/><U52/><E110/><V24/><F46/><W27/><G111/><T109/><D109/><U37/><E37/><V2/><F44/><W8/><G69/><T112/><D112/><U41/><E102/><V100/><F100/><W80/><G96/><N who="0" m="36971" /><D70/><U135/><E135/><V3/><F3/><W42/><G107/><T57/><D73/><U133/><E133/><V77/><F2/><W119/><G119/><T18/><D122/><U99/><E99/><V9/><F9/><W81/><G42/><T93/><D93/><U67/><E71/><V104/><F104/><W59/><REACH who="3" step="1"/><G8/><REACH who="3" ten="268,265,235,222" step="2"/><T43/><D43/><U1/><E113/><V91/><F130/><W16/><G16/><T11/><D11/><U39/><E114/><V88/><N who="2" m="22528" /><DORA hai="128" /><V15/><F129/><W36/><G36/><T40/><D40/><U62/><E39/><V117/><F117/><W10/><G10/><T127/><D127/><U105/><E105/><V0/><F126/><W6/><G6/><T38/><D38/><U22/><E34/><V64/><F124/><W106/><G106/><T48/><D48/><U13/><E32/><V125/><F125/><W45/><G45/><T28/><D18/><U108/><E108/><V19/><F19/><W72/><G72/><T92/><D92/><U116/><E116/><V85/><F0/><W12/><G12/><AGARI ba="1,1" hai="12,15,17,23,24,58,60,64,77,83,85" m="22528" machi="12" ten="50,9600,0" yaku="6,1,8,1,54,1" doraHai="65,128" who="2" fromWho="3" sc="268,0,265,0,235,109,222,-99" /><INIT seed="2,2,0,2,0,101" ten="268,265,344,123" oya="2" hai0="69,127,85,131,21,31,1,124,117,134,22,52,64" hai1="46,73,125,126,38,96,56,57,130,45,28,68,49" hai2="29,7,110,18,108,60,94,89,109,123,95,66,132" hai3="78,32,13,83,5,71,119,75,58,102,34,17,128"/><V100/><F123/><W15/><G71/><T122/><D122/><U129/><E73/><V14/><F132/><W10/><G119/><T105/><D1/><U19/><E28/><V41/><F41/><W113/><G128/><N who="1" m="49258" /><E19/><V36/><F36/><W135/><G135/><T103/><D117/><U93/><E68/><V4/><F29/><W25/><G113/><T55/><D134/><U39/><E93/><N who="2" m="35339" /><F89/><W6/><G25/><N who="0" m="16815" /><D22/><U104/><E104/><V87/><F87/><W2/><G2/><T42/><D85/><U59/><E96/><V35/><F100/><W79/><G102/><T8/><D103/><U53/><E45/><V111/><F35/><W133/><G133/><T107/><D8/><U23/><E23/><N who="2" m="11735" /><F111/><W97/><G97/><T99/><D99/><U98/><E98/><V63/><F63/><W115/><G115/><T0/><D131/><U91/><E91/><V44/><F44/><W16/><G58/><AGARI ba="2,0" hai="4,7,58,60,66,108,109,110" m="11735,35339" machi="58" ten="30,2900,0" yaku="14,1,10,1" doraHai="101" who="2" fromWho="3" sc="268,0,265,0,344,35,123,-35" /><INIT seed="2,3,0,5,4,64" ten="268,265,379,88" oya="2" hai0="32,91,61,100,72,96,5,44,111,7,4,98,83" hai1="14,88,75,52,37,31,119,105,56,22,30,27,115" hai2="77,86,120,10,67,95,6,47,78,80,24,55,57" hai3="129,11,45,106,17,109,135,54,60,112,63,133,90"/><V51/><F120/><W28/><G106/><T40/><D32/><U50/><E115/><V65/><F77/><W113/><G28/><T99/><D111/><U79/><E119/><V126/><F126/><W23/><G11/><T69/><D100/><U15/><E105/><V58/><F24/><W13/><G90/><T41/><D69/><U131/><E131/><V85/><F58/><W19/><G109/><T1/><D61/><U124/><E124/><V59/><F59/><W2/><G2/><T74/><D1/><U122/><E122/><V34/><F34/><W93/><G93/><T12/><D12/><U29/><E37/><V9/><F9/><W87/><G87/><N who="0" m="50687" /><D44/><U73/><E88/><N who="2" m="53655" /><F47/><W38/><G129/><T121/><D121/><U18/><REACH who="1" step="1"/><E75/><REACH who="1" ten="268,255,379,88" step="2"/><V110/><F110/><W102/><G38/><T101/><D101/><U76/><E76/><V118/><F118/><W36/><G102/><T26/><D74/><U127/><E127/><V39/><F39/><W97/><G36/><T108/><D72/><U84/><E84/><V68/><F85/><W49/><G97/><T107/><D107/><U25/><E25/><V46/><F78/><W62/><REACH who="3" step="1"/><G19/><REACH who="3" ten="268,255,379,78" step="2"/><T35/><D108/><U20/><E20/><V43/><F80/><AGARI ba="3,2" hai="14,15,18,22,27,29,30,31,50,52,56,73,79,80" machi="80" ten="40,2600,0" yaku="1,1,54,1,53,0" doraHai="64" doraHaiUra="3" who="1" fromWho="2" sc="268,0,255,55,379,-35,78,0" /><INIT seed="3,0,0,0,2,29" ten="268,310,344,78" oya="3" hai0="33,66,70,75,72,48,25,126,85,45,63,30,120" hai1="78,132,55,54,10,124,49,43,14,94,42,82,69" hai2="131,62,130,90,98,73,106,41,8,76,50,56,93" hai3="4,127,9,102,0,117,64,113,46,68,2,116,47"/><W24/><G113/><T118/><D126/><U12/><E69/><V97/><F8/><W31/><G127/><T53/><D118/><U51/><E124/><V121/><F121/><W109/><G109/><T57/><D120/><U115/><E132/><V107/><F97/><W114/><G114/><T84/><D84/><U28/><E115/><V18/><F18/><W81/><G2/><T111/><D111/><U125/><E125/><V36/><F36/><W104/><G81/><T40/><REACH who="0" step="1"/><D85/><REACH who="0" ten="258,310,344,78" step="2"/><U11/><E82/><V134/><F134/><W79/><G79/><T105/><D105/><U100/><E78/><V15/><F107/><W60/><G47/><T103/><D103/><U71/><E100/><V135/><F106/><W80/><G46/><T61/><AGARI ba="0,1" hai="25,30,33,40,45,48,53,57,61,63,66,70,72,75" machi="61" ten="20,5200,0" yaku="1,1,0,1,7,1,52,1,53,0" doraHai="29" doraHaiUra="119" who="0" fromWho="0" sc="258,62,310,-13,344,-13,78,-26" owari="320,12.0,297,-10.3,331,43.1,52,-44.8" /></mjloggm>