<mjloggm ver="2.3"><GO type="225" lobby="0"/><UN n0="%E3%83%97%E3%83%AC%E3%83%B4%E3%82%A1%E3%83%86%E3%82%A3" n1="%72%69%6F%75%63%68%61%6E" n2="%E3%82%B2%E3%82%B9%E8%8C%82%E5%8B%9D" n3="%E3%81%8B%E3%82%8F%E3%81%A1%E3%82%83%E3%82%93%35%38" dan="16,16,16,16" rate="2080.22,2162.62,2109.23,2124.87" sx="F,M,F,M"/><TAIKYOKU oya="0"/><INIT seed="0,0,0,5,1,41" ten="250,250,250,250" oya="0" hai0="3,129,60,59,52,53,42,91,0,6,98,51,90" hai1="93,8,89,133,48,61,68,14,47,62,58,20,33" hai2="99,7,110,130,16,104,35,82,120,32,66,117,106" hai3="124,55,131,116,72,84,87,24,25,74,18,115,54"/><T76/><D129/><U43/><E33/><V56/><F110/><W10/><G10/><T96/><D76/><U29/><E133/><V1/><F120/><W109/><G109/><T31/><D31/><U101/><E68/><V34/><F130/><W15/><G131/><T70/><D42/><U78/><E78/><V27/><F82/><W114/><G15/><T21/><D21/><U83/><E101/><V81/><F81/><W28/><G28/><T2/><D6/><U57/><E83/><V102/><F117/><W126/><REACH who="3" step="1"/><G18/><REACH who="3" ten="250,250,250,240" step="2"/><T94/><D70/><U103/><E29/><V38/><F1/><W49/><G49/><T113/><D113/><U71/><E20/><V45/><F7/><W4/><G4/><T40/><D40/><U121/><E121/><V105/><F16/><W37/><G37/><T22/><D22/><U77/><E14/><V46/><F38/><W132/><G132/><T86/><REACH who="0" step="1"/><D91/><REACH who="0" ten="240,250,250,240" step="2"/><U125/><E89/><V79/><F79/><W12/><G12/><T44/><AGARI ba="0,2" hai="0,2,3,44,51,52,53,59,60,86,90,94,96,98" machi="44" ten="30,12000,1" yaku="1,1,2,1,0,1,52,1,54,1,53,0" doraHai="41" doraHaiUra="69" who="0" fromWho="0" sc="240,140,250,-40,250,-40,240,-40" /><INIT seed="0,1,0,3,3,124" ten="380,210,210,200" oya="0" hai0="30,46,27,133,16,43,81,53,62,83,4,48,3" hai1="92,122,10,112,101,125,37,120,34,108,113,135,42" hai2="15,57,33,12,1,86,119,36,126,19,130,89,88" hai3="98,17,115,35,121,87,11,106,68,39,129,78,23"/><T50/><D133/><U104/><E34/><V100/><F1/><W31/><G68/><T80/><D3/><U127/><E42/><V109/><F126/><N who="1" m="48137" /><E37/><V76/><F119/><W7/><G87/><T131/><D4/><U32/><E32/><V38/><F33/><W69/><G78/><T90/><D62/><U75/><E10/><V132/><F132/><W77/><G77/><T13/><D131/><U66/><E135/><V111/><F130/><W102/><G39/><T110/><D110/><N who="2" m="41994" /><F100/><W65/><G102/><T54/><D90/><N who="2" m="34922" /><F12/><W99/><G35/><T2/><D2/><U134/><E108/><V41/><F41/><W95/><G129/><T60/><D60/><U9/><E134/><V55/><F86/><W52/><G11/><N who="0" m="6207" /><D48/><U91/><E9/><N who="2" m="6639" /><F76/><W5/><G5/><T49/><D49/><AGARI ba="1,0" hai="36,38,49,55,57" m="6639,34922,41994" machi="49" ten="30,2000,0" yaku="14,1,54,1" doraHai="124" who="2" fromWho="0" sc="380,-23,210,0,210,23,200,0" /><INIT seed="1,0,0,4,5,80" ten="357,210,233,200" oya="1" hai0="4,2,52,128,102,103,135,107,104,96,65,113,53" hai1="44,43,134,101,27,73,47,0,10,19,105,109,8" hai2="86,30,111,50,72,35,22,100,124,116,61,99,78" hai3="9,76,79,89,132,57,95,120,7,33,36,82,98"/><U13/><E134/><V68/><F116/><W51/><G120/><T5/><D135/><U121/><E121/><V25/><F111/><W14/><G36/><T70/><D113/><U24/><E109/><V18/><F86/><N who="3" m="50391" /><G33/><T106/><D128/><U108/><E108/><V40/><F124/><W77/><G132/><T75/><D75/><U81/><E47/><V63/><F78/><W67/><G67/><T129/><D129/><U126/><E126/><V48/><F72/><W32/><G32/><T28/><D28/><U26/><E101/><V92/><F40/><W122/><G122/><T56/><D2/><U31/><E105/><V94/><F92/><W17/><G7/><T112/><D112/><U71/><E71/><V125/><F125/><W62/><G51/><T74/><D74/><U1/><E31/><V85/><F61/><W46/><G46/><T21/><D70/><U16/><E19/><V88/><F63/><W123/><G123/><T20/><D65/><U59/><E59/><V130/><F68/><W83/><G83/><T131/><D131/><U42/><E8/><V93/><REACH who="2" step="1"/><F130/><REACH who="2" ten="357,210,223,200" step="2"/><W90/><G77/><T119/><D119/><U15/><E43/><V60/><F60/><W58/><G62/><T84/><D106/><U91/><E73/><V115/><F115/><W114/><G114/><T69/><D69/><U11/><E81/><V127/><F127/><W23/><G79/><T87/><D96/><U64/><E64/><V29/><F29/><W37/><G76/><T38/><D38/><N who="1" m="21591" /><E91/><V118/><F118/><W41/><G37/><T12/><D104/><RYUUKYOKU ba="0,1" sc="357,-15,210,15,223,15,200,-15" hai1="0,1,10,11,13,15,16,24,26,27" hai2="18,22,25,30,35,48,50,85,88,93,94,99,100" /><INIT seed="1,1,1,0,2,24" ten="342,225,238,185" oya="1" hai0="104,69,10,35,74,8,90,1,9,100,117,88,12" hai1="4,44,38,23,103,49,28,71,68,51,97,111,6" hai2="55,113,130,114,30,127,32,5,70,108,119,122,115" hai3="59,58,94,60,16,82,110,80,48,81,33,132,2"/><U3/><E38/><V120/><F70/><W96/><G2/><T18/><D117/><U19/><E111/><V39/><F39/><W65/><G110/><T50/><D74/><U15/><E28/><V85/><F85/><W66/><G132/><T128/><D69/><U36/><E36/><V14/><F55/><W125/><G125/><T52/><D35/><U46/><E3/><V37/><F37/><W133/><G33/><T7/><D128/><U91/><E91/><V126/><F108/><W95/><G133/><T93/><D104/><U21/><E21/><V86/><F86/><W56/><G95/><T87/><D100/><U78/><E78/><V79/><F79/><W54/><G16/><T124/><D90/><U75/><E75/><V64/><F64/><W34/><G34/><T47/><D124/><N who="2" m="47658" /><F119/><W84/><G65/><T22/><AGARI ba="1,1" hai="1,7,8,9,10,12,18,22,47,50,52,87,88,93" machi="22" ten="20,5200,0" yaku="0,1,7,1,54,2" doraHai="24" who="0" fromWho="0" sc="342,65,225,-27,238,-14,185,-14" /><INIT seed="2,0,0,2,3,82" ten="407,198,224,171" oya="2" hai0="132,28,71,38,73,22,125,45,54,32,53,37,104" hai1="55,72,41,16,57,134,9,80,95,75,2,3,127" hai2="17,98,44,65,61,130,5,8,0,23,52,121,66" hai3="113,91,47,84,103,100,11,99,39,123,46,27,117"/><V35/><F130/><W67/><G117/><T118/><D73/><U76/><E75/><V49/><F121/><W94/><G123/><T87/><D118/><U59/><E127/><V106/><F35/><W122/><G122/><T19/><D125/><U96/><E134/><V128/><F128/><W74/><G74/><T34/><D132/><U68/><E68/><V20/><F17/><W124/><G124/><T10/><D71/><U21/><E41/><V129/><F129/><W114/><G67/><T24/><D104/><U33/><E33/><V64/><REACH who="2" step="1"/><F61/><REACH who="2" ten="407,198,214,171" step="2"/><W43/><G113/><T101/><D34/><U88/><E9/><V51/><F51/><W135/><G114/><T93/><D32/><U81/><E81/><V29/><F29/><W92/><G135/><T63/><D37/><U42/><E42/><V69/><F69/><W85/><G11/><T79/><D63/><U13/><E57/><V70/><F70/><W89/><G47/><T133/><D45/><U111/><E111/><V36/><F36/><W48/><G39/><T105/><D38/><U119/><E119/><V120/><F120/><W62/><G62/><AGARI ba="0,1" hai="2,3,13,16,21,55,59,62,72,76,80,88,95,96" machi="62" ten="30,3900,0" yaku="7,1,54,2" doraHai="82" who="1" fromWho="3" sc="407,0,198,49,214,0,171,-39" /><INIT seed="3,0,0,4,2,33" ten="407,247,214,132" oya="3" hai0="105,43,5,32,2,31,21,54,7,25,74,92,23" hai1="80,93,49,55,0,132,17,36,68,113,34,133,108" hai2="1,46,87,73,131,76,72,100,79,4,53,14,86" hai3="29,11,41,10,6,114,103,115,98,47,67,45,19"/><W69/><G29/><T37/><D105/><U121/><E121/><V125/><F14/><W16/><G69/><T117/><D74/><U123/><E123/><V91/><F53/><W126/><G67/><T107/><D107/><U75/><E108/><V15/><F15/><W35/><G35/><T89/><D117/><U61/><E36/><V12/><F12/><W66/><G66/><T64/><D64/><N who="1" m="40975" /><E0/><V57/><F57/><W81/><G81/><T59/><D43/><U127/><E34/><V101/><F46/><W78/><G78/><T52/><D37/><U30/><E113/><V3/><F4/><W84/><G84/><T44/><D44/><U102/><E30/><V63/><F91/><W40/><G98/><T42/><D42/><U104/><E104/><V27/><F63/><W106/><G106/><T124/><D124/><U20/><E127/><V8/><F131/><W96/><G96/><T60/><D54/><U58/><E93/><V135/><F125/><W48/><G126/><T99/><D2/><U82/><E102/><V22/><F22/><W24/><G103/><T110/><D110/><U9/><E75/><V128/><F128/><W83/><G83/><T18/><D32/><U88/><E88/><V13/><F76/><W116/><G116/><T109/><D109/><U51/><E51/><V28/><F79/><W50/><REACH who="3" step="1"/><G24/><AGARI ba="0,0" hai="5,7,18,21,23,24,25,31,52,59,60,89,92,99" machi="24" ten="30,8000,1" yaku="7,1,25,2,8,1,54,1" doraHai="33" who="0" fromWho="3" sc="407,80,247,0,214,0,132,-80" owari="487,58.7,247,4.7,214,-18.6,52,-44.8" /></mjloggm>