<mjloggm ver="2.3"><GO type="225" lobby="0"/><UN n0="%E3%83%97%E3%83%92" n1="%6D%79%6D%65%6C%6F%58%58" n2="%E3%82%AF%E3%82%A3%E3%82%A6" n3="%73%6C%69%63%6B%33%31%39" dan="16,17,16,16" rate="2161.28,2153.85,2076.60,2087.66" sx="M,F,M,M"/><TAIKYOKU oya="0"/><INIT seed="0,0,0,3,5,66" ten="250,250,250,250" oya="0" hai0="19,76,122,118,10,125,82,30,33,75,93,130,38" hai1="61,83,42,58,71,126,23,119,90,15,70,127,80" hai2="31,109,51,11,18,99,94,47,57,4,73,45,74" hai3="129,64,54,41,55,12,53,97,8,34,13,67,63"/><T21/><D118/><U117/><E42/><V25/><F18/><W131/><G34/><T107/><D122/><U20/><E15/><V60/><F51/><W62/><G97/><T96/><D130/><N who="3" m="49673" /><G8/><T135/><D38/><U29/><E58/><V81/><F81/><N who="1" m="31305" /><E90/><V14/><F74/><W123/><G123/><T16/><D33/><U59/><E59/><V68/><F68/><N who="1" m="26153" /><E61/><N who="3" m="23050" /><G41/><T77/><D75/><U108/><E108/><V27/><F109/><W91/><G91/><T44/><D19/><U35/><E35/><V28/><F73/><W121/><G121/><T98/><D16/><U110/><E110/><V69/><F69/><W86/><G86/><T56/><D56/><U101/><E101/><N who="2" m="60663" /><F60/><W103/><G103/><T79/><D76/><U85/><E85/><V5/><F57/><W84/><G84/><T106/><D77/><U26/><E23/><N who="2" m="15423" /><F4/><W32/><G32/><T102/><D102/><U65/><E65/><AGARI ba="0,0" hai="12,13,53,54,55,64,65,67" m="23050,49673" machi="65" ten="40,5200,0" yaku="28,2,19,1" doraHai="66" who="3" fromWho="1" sc="250,0,250,-52,250,0,250,52" /><INIT seed="1,0,0,3,2,119" ten="250,198,250,302" oya="1" hai0="82,35,9,108,124,110,65,127,54,25,8,4,94" hai1="49,13,57,30,85,51,109,99,33,102,71,129,7" hai2="81,17,132,83,97,69,18,101,37,22,21,76,117" hai3="90,11,28,118,91,125,32,26,121,44,50,120,130"/><U98/><E71/><V27/><F69/><W3/><G118/><T55/><D82/><U24/><E129/><V100/><F37/><W31/><G130/><T106/><D106/><U46/><E109/><N who="0" m="42089" /><D94/><U123/><E123/><V131/><F131/><W56/><G125/><N who="0" m="48203" /><D65/><U16/><E7/><V93/><F132/><W70/><G70/><T47/><D47/><U134/><E134/><V116/><F101/><W74/><G74/><T20/><D35/><U126/><E126/><V135/><F135/><W53/><G28/><N who="0" m="17447" /><D8/><U2/><E85/><V62/><F62/><W133/><G133/><T96/><D96/><U48/><E98/><V88/><F100/><W111/><G111/><T95/><D95/><U66/><E66/><V59/><F59/><W34/><G34/><T122/><D122/><U78/><E57/><V39/><F117/><W60/><G91/><T86/><D86/><U128/><E128/><V14/><F116/><W84/><G90/><T92/><D92/><U72/><E72/><V19/><F81/><W107/><G84/><T38/><D38/><U29/><E78/><V67/><F39/><W61/><G61/><T5/><D5/><U63/><E63/><V52/><F67/><W6/><G107/><T104/><D104/><N who="1" m="63583" /><E30/><N who="2" m="17775" /><F83/><W105/><REACH who="3" step="1"/><G105/><REACH who="3" ten="250,198,250,292" step="2"/><T41/><D41/><AGARI ba="0,1" hai="3,6,11,26,31,32,41,44,50,53,56,60,120,121" machi="41" ten="30,8000,1" yaku="1,1,2,1,7,1,52,2,53,0" doraHai="119" doraHaiUra="80" who="3" fromWho="0" sc="250,-80,198,0,250,0,292,90" /><INIT seed="2,0,0,2,2,130" ten="170,198,250,382" oya="2" hai0="108,16,120,115,17,118,77,81,45,20,37,98,43" hai1="68,10,79,57,85,107,87,133,127,111,28,119,129" hai2="25,2,34,86,89,32,40,74,97,49,116,9,94" hai3="70,75,1,48,13,22,4,128,15,73,26,18,56"/><V72/><F116/><W12/><G70/><T113/><D120/><U132/><E119/><V47/><F32/><W100/><G128/><T78/><D118/><U5/><E129/><V46/><F46/><W27/><G100/><T50/><D108/><U62/><E111/><V64/><F64/><W41/><G1/><T110/><D110/><U51/><E107/><V39/><F39/><W126/><G126/><T90/><D37/><U82/><E68/><V0/><F97/><W103/><G103/><T134/><D17/><U21/><E51/><V58/><F58/><W91/><G73/><T99/><D134/><N who="1" m="51819" /><E127/><V96/><F49/><W42/><G75/><T109/><D109/><U30/><E21/><V104/><F74/><W93/><G26/><T61/><D61/><U11/><E87/><V14/><F86/><N who="3" m="52471" /><G4/><T131/><D131/><U35/><E35/><V44/><F72/><W67/><G48/><T31/><D115/><U36/><E36/><V59/><F104/><W23/><G22/><T6/><D113/><U106/><E106/><V112/><F112/><W121/><G121/><T54/><D20/><U19/><E19/><V105/><F105/><W7/><G7/><T65/><D16/><U92/><E92/><V114/><F94/><W101/><G23/><T102/><D6/><U88/><E79/><V3/><F114/><W38/><G18/><T117/><D77/><U24/><E24/><V53/><F25/><W29/><G38/><T76/><D117/><U83/><E5/><N who="2" m="3375" /><F34/><W55/><G27/><T80/><D50/><U63/><E63/><N who="2" m="36335" /><F40/><W8/><G41/><RYUUKYOKU ba="0,0" sc="170,-10,198,-10,250,30,382,-10" hai2="0,2,3,44,47,89,96" /><INIT seed="2,1,0,1,0,73" ten="160,188,280,372" oya="2" hai0="15,51,57,117,96,17,94,68,102,110,108,74,134" hai1="2,75,119,93,90,61,13,77,6,58,47,54,28" hai2="133,129,126,131,52,124,27,120,81,70,59,9,84" hai3="10,48,55,91,92,42,26,34,16,100,31,107,22"/><V115/><F115/><W4/><G42/><T99/><D68/><U67/><E119/><V116/><F116/><W62/><G62/><T85/><D117/><U33/><E2/><V43/><F70/><W64/><G64/><T125/><D74/><U5/><E33/><V86/><F120/><W41/><G41/><T38/><D38/><U23/><E75/><V97/><F133/><W111/><G111/><N who="0" m="42539" /><D134/><U112/><E77/><V20/><F43/><W79/><G79/><T44/><D125/><N who="2" m="48234" /><F97/><W8/><G107/><T114/><D114/><U36/><E112/><V3/><F9/><W66/><G66/><T35/><D96/><N who="1" m="57399" /><E36/><V37/><F3/><W14/><G100/><T18/><D85/><N who="2" m="32874" /><F81/><W127/><G127/><T11/><D102/><U87/><E87/><V0/><F0/><N who="3" m="7" /><G10/><T104/><D99/><U83/><E83/><V29/><F37/><W88/><G92/><T135/><D94/><U132/><E132/><V98/><F98/><W109/><G109/><T76/><D135/><U65/><E65/><V7/><F131/><W63/><G63/><T89/><D104/><U60/><E60/><N who="2" m="35943" /><F129/><W72/><G72/><T82/><D82/><U49/><E28/><V105/><F105/><W113/><G113/><T1/><D1/><U56/><E56/><AGARI ba="1,0" hai="14,16,22,26,31,34,48,55,56,88,91" m="7" machi="56" ten="30,3900,0" yaku="24,1,54,2" doraHai="73" who="3" fromWho="1" sc="160,0,188,-42,280,0,372,42" /><INIT seed="3,0,0,0,5,116" ten="160,146,280,414" oya="3" hai0="94,99,71,45,66,64,47,67,56,70,16,23,33" hai1="58,100,127,59,62,135,18,25,102,120,122,34,51" hai2="28,39,81,35,68,30,12,111,103,21,22,109,14" hai3="0,108,65,104,11,41,15,130,29,80,52,9,128"/><W82/><G104/><T89/><D33/><U40/><E34/><V19/><F81/><W126/><G65/><N who="0" m="25195" /><D71/><U43/><E127/><V78/><F78/><W96/><G41/><N who="1" m="15946" /><E51/><V5/><F103/><N who="1" m="39465" /><E62/><V123/><F68/><W113/><G11/><T50/><D70/><U97/><E97/><V26/><F39/><W132/><G80/><T131/><D131/><U10/><E10/><N who="2" m="4175" /><F123/><N who="1" m="47145" /><E25/><AGARI ba="0,0" hai="14,19,21,22,25,26,28,30,35,109,111" m="4175" machi="25" ten="30,2000,0" yaku="34,2" doraHai="116" who="2" fromWho="1" sc="160,0,146,-20,280,20,414,0" owari="160,-24.0,126,-37.4,300,10.0,414,51.4" /></mjloggm>