<mjloggm ver="2.3"><GO type="225" lobby="0"/><UN n0="%E3%83%AD%E3%83%83%E3%83%86%E9%9B%80%E7%90%83" n1="%E3%81%8A%E3%81%8B%E3%81%8F%E3%82%89" n2="%E3%83%A9%E3%83%BC%E3%83%A1%E3%83%B3%E4%BA%94%E9%83%8E" n3="%E3%81%9F%E3%81%A3%E3%81%A1%E3%82%87" dan="17,16,16,16" rate="2263.83,2094.98,2089.02,2054.65" sx="M,M,M,M"/><TAIKYOKU oya="0"/><INIT seed="0,0,0,2,0,67" ten="250,250,250,250" oya="0" hai0="56,91,27,70,75,66,106,79,94,77,45,43,36" hai1="51,21,125,68,6,64,121,4,89,134,13,84,24" hai2="55,109,122,26,96,105,69,126,110,83,8,107,102" hai3="133,20,127,23,5,130,48,47,131,2,22,119,17"/><T111/><D106/><U50/><E121/><V44/><F122/><W78/><G78/><T57/><D111/><N who="2" m="42506" /><F126/><W31/><G48/><T28/><D70/><U120/><E134/><V54/><F107/><W80/><G80/><T104/><D104/><U113/><E113/><V123/><F123/><W112/><G47/><T85/><D66/><U100/><E100/><V0/><F26/><N who="3" m="16839" /><G133/><T135/><D135/><U15/><E68/><V18/><F83/><W82/><G82/><T32/><REACH who="0" step="1"/><D75/><REACH who="0" ten="240,250,250,250" step="2"/><U99/><E64/><V16/><F69/><W95/><G112/><T115/><D115/><U30/><E120/><V25/><F105/><W65/><G65/><T103/><D103/><U90/><E125/><V46/><F102/><W118/><G127/><T76/><AGARI ba="0,1" hai="27,28,32,36,43,45,56,57,76,77,79,85,91,94" machi="76" ten="30,3000,0" yaku="1,1,0,1,53,0" doraHai="67" doraHaiUra="63" who="0" fromWho="0" sc="240,40,250,-10,250,-10,250,-10" /><INIT seed="0,1,0,3,1,134" ten="280,240,240,240" oya="0" hai0="124,11,51,113,101,23,9,6,40,13,79,58,12" hai1="107,48,92,60,86,65,2,56,95,82,53,42,73" hai2="25,47,4,43,63,91,102,98,27,30,36,67,39" hai3="71,118,59,57,77,110,100,116,96,17,121,117,46"/><T20/><D124/><U132/><E2/><V125/><F125/><W64/><G110/><T35/><D113/><U97/><E107/><V78/><F78/><W55/><G77/><T28/><D101/><U70/><E73/><V22/><F4/><W88/><G17/><T90/><D79/><U120/><E132/><V50/><F91/><W16/><G121/><T76/><D76/><U10/><E10/><V75/><F25/><W114/><G114/><T119/><D119/><U14/><E14/><V131/><F131/><W74/><G74/><T128/><D128/><U15/><E15/><V26/><F26/><W61/><G16/><N who="0" m="8223" /><D35/><U123/><E42/><V0/><F0/><W7/><G7/><T80/><D28/><U112/><E92/><N who="2" m="58695" /><F75/><W130/><G100/><T93/><D80/><U49/><E112/><V8/><F8/><W87/><G96/><N who="0" m="57399" /><D58/><AGARI ba="1,0" hai="22,27,30,36,39,43,47,50,58,63,67" m="58695" machi="58" ten="30,1000,0" yaku="25,1" doraHai="134" who="2" fromWho="0" sc="280,-13,240,0,240,13,240,0" /><INIT seed="1,0,0,2,0,71" ten="267,240,253,240" oya="1" hai0="38,2,5,44,121,128,16,34,27,43,119,118,57" hai1="117,94,99,61,132,72,63,115,124,97,110,134,126" hai2="87,49,20,109,131,100,22,10,127,68,81,62,18" hai3="36,123,103,106,98,23,104,113,15,101,50,11,7"/><U56/><E72/><V91/><F109/><W8/><G113/><T95/><D128/><U125/><E115/><V64/><F131/><W76/><G123/><T133/><D133/><N who="1" m="51307" /><E117/><V55/><F127/><W59/><G76/><T69/><D69/><U83/><E110/><V77/><F100/><W35/><G35/><T111/><D111/><U31/><E83/><V30/><F30/><W28/><G36/><T29/><D121/><U45/><E31/><V122/><F77/><W102/><G8/><T67/><D95/><U13/><E13/><N who="2" m="7479" /><F122/><W25/><REACH who="3" step="1"/><G98/><REACH who="3" ten="267,240,253,230" step="2"/><T78/><D78/><U130/><E99/><V39/><F39/><W120/><G120/><T1/><D38/><U66/><E130/><V93/><F20/><W135/><G135/><T116/><D34/><U82/><E97/><V6/><F22/><W79/><G79/><T12/><D119/><U107/><E126/><V21/><F21/><W42/><G42/><T52/><D43/><U58/><E125/><V0/><F87/><W75/><G75/><T65/><D118/><U108/><E124/><V4/><F91/><W32/><G32/><T3/><D116/><U53/><E108/><V105/><F105/><W70/><G70/><T60/><D1/><U19/><E107/><V114/><F114/><W74/><G74/><T48/><D2/><U51/><E82/><V129/><F81/><W40/><G40/><T88/><D3/><U9/><E94/><V17/><F129/><W96/><G96/><T84/><D84/><U89/><E89/><V37/><F93/><W73/><G73/><T80/><D88/><RYUUKYOKU ba="0,1" sc="267,-10,240,-10,253,-10,230,30" hai3="7,11,15,23,25,28,50,59,101,102,103,104,106" /><INIT seed="2,1,1,0,2,77" ten="257,230,243,260" oya="2" hai0="85,2,73,30,22,109,44,52,98,32,128,99,11" hai1="75,64,132,111,89,38,106,7,105,101,103,69,51" hai2="125,113,115,45,71,60,34,67,1,47,92,43,117" hai3="0,61,26,79,81,121,90,21,13,104,80,58,59"/><V24/><F117/><W9/><G0/><T23/><D73/><U134/><E38/><N who="2" m="21751" /><F92/><W131/><G104/><T66/><D109/><U129/><E111/><V37/><F125/><W57/><G131/><T15/><D128/><U42/><E129/><V97/><F97/><N who="0" m="36874" /><D2/><U91/><E7/><V14/><F14/><W35/><G35/><T29/><D66/><U8/><E75/><V16/><F16/><N who="3" m="8239" /><G79/><T122/><D32/><U96/><E8/><V133/><F1/><W31/><G121/><T70/><D70/><U107/><E103/><V112/><F133/><N who="1" m="51305" /><E89/><V63/><F63/><W88/><G61/><T12/><D12/><U116/><E91/><AGARI ba="1,1" hai="21,26,31,57,58,59,80,81,88,90,91" m="8239" machi="91" ten="30,8000,1" yaku="8,1,52,2,54,2" doraHai="77" who="3" fromWho="1" sc="257,0,230,-83,243,0,260,93" /><INIT seed="3,0,0,2,4,1" ten="257,147,243,353" oya="3" hai0="3,73,108,65,71,18,86,41,76,36,114,126,85" hai1="130,133,77,82,29,45,31,134,90,102,66,116,79" hai2="111,60,64,33,34,83,84,101,70,120,68,112,135" hai3="30,24,0,91,52,53,4,13,56,5,131,80,67"/><W54/><G131/><T25/><D108/><U104/><E66/><V43/><F112/><W35/><G0/><T48/><D36/><U38/><E38/><V49/><F111/><W88/><G13/><T51/><D3/><U2/><E2/><V74/><F74/><W118/><G118/><T58/><D73/><U81/><E45/><V123/><F70/><W103/><G103/><T55/><D126/><U6/><E102/><V16/><F135/><W63/><G91/><T69/><D69/><U75/><E90/><N who="2" m="51487" /><F101/><W78/><G88/><T10/><D71/><U39/><E39/><V129/><F129/><W115/><G115/><T61/><D114/><U95/><E75/><V87/><F87/><N who="0" m="33290" /><D76/><U26/><E130/><V15/><F49/><N who="0" m="19018" /><D41/><U44/><E44/><V42/><F42/><W113/><G113/><T117/><D117/><U11/><E116/><V20/><F43/><W57/><G80/><T12/><D25/><U93/><E26/><V28/><F28/><W97/><G78/><T59/><D59/><U32/><E104/><V127/><F127/><W125/><G57/><T7/><D18/><U46/><E46/><V105/><F105/><W110/><G110/><T94/><D94/><U107/><E107/><V50/><F50/><W21/><G125/><T62/><D62/><U92/><E92/><V27/><F27/><W122/><G24/><T19/><D19/><U100/><E100/><V119/><F119/><W72/><G63/><T96/><D96/><U98/><E98/><V37/><F37/><W8/><G72/><T124/><D124/><U47/><E47/><RYUUKYOKU ba="0,0" sc="257,15,147,-15,243,15,353,-15" hai0="7,10,12,55,58,61,65" hai2="15,16,20,33,34,60,64,68,120,123" owari="272,7.2,132,-36.8,258,-14.2,338,43.8" /></mjloggm>