<mjloggm ver="2.3"><GO type="225" lobby="0"/><UN n0="%28%EF%BF%A3%E2%96%BD%EF%BF%A3%29%CE%B4%E2%8C%92%E3%83%BB" n1="%48%61%61%61%6C%61%6E%64" n2="%33%74%72%65%65" n3="%E9%80%9F%E6%B0%B4%E5%87%9B%E9%A6%99" dan="16,17,17,16" rate="2096.21,2141.28,2177.12,2129.59" sx="M,M,F,F"/><TAIKYOKU oya="0"/><INIT seed="0,0,0,1,2,96" ten="250,250,250,250" oya="0" hai0="48,111,49,133,37,75,50,76,57,51,23,132,101" hai1="35,6,117,2,106,135,52,107,86,77,99,47,116" hai2="94,43,42,62,118,63,129,130,40,71,5,102,55" hai3="109,88,85,8,27,54,98,65,16,14,31,126,46"/><T24/><D37/><U22/><E35/><V12/><F118/><W69/><G109/><T79/><D111/><U110/><E110/><V9/><F71/><W122/><G126/><T78/><D75/><U10/><E135/><V119/><F119/><W66/><G122/><T32/><D32/><U28/><E107/><V89/><F102/><W131/><G69/><T13/><D13/><U25/><E77/><V104/><F104/><W73/><G73/><T45/><D57/><U123/><E86/><V87/><REACH who="2" step="1"/><F55/><REACH who="2" ten="250,250,240,250" step="2"/><W41/><G131/><AGARI ba="0,1" hai="5,9,12,40,42,43,62,63,87,89,94,129,130,131" machi="131" ten="40,5200,0" yaku="1,1,2,1,19,1,53,0" doraHai="96" doraHaiUra="61" who="2" fromWho="3" sc="250,0,250,0,240,62,250,-52" /><INIT seed="1,0,0,2,1,15" ten="250,250,302,198" oya="1" hai0="126,49,93,16,103,87,133,1,121,99,79,47,71" hai1="74,120,131,13,84,70,35,82,117,2,128,125,64" hai2="86,60,61,40,66,83,135,29,3,110,19,130,6" hai3="116,62,18,30,85,104,95,124,8,132,53,73,10"/><U21/><E117/><V113/><F110/><W0/><G104/><T48/><D1/><U37/><E120/><V57/><F130/><N who="1" m="49705" /><E2/><V123/><F123/><W112/><G73/><T14/><D71/><U80/><E35/><V22/><F135/><W115/><G112/><T100/><D121/><U59/><E37/><V114/><F29/><W24/><G115/><T108/><D108/><U7/><E125/><V34/><F34/><W107/><G107/><T43/><D133/><U122/><E122/><V32/><F32/><W31/><G132/><T129/><D129/><U76/><E70/><V51/><F60/><W20/><G124/><T36/><D126/><U27/><E13/><V25/><F6/><W56/><G116/><T88/><D79/><U111/><E7/><V92/><F92/><W98/><G85/><T11/><REACH who="0" step="1"/><D103/><REACH who="0" ten="240,250,302,198" step="2"/><U26/><E111/><V55/><F3/><W17/><G0/><T63/><D63/><N who="1" m="38015" /><E21/><V54/><F113/><W91/><G8/><T97/><D97/><U38/><E38/><V4/><F114/><W52/><G53/><T77/><D77/><AGARI ba="0,1" hai="26,27,74,76,77,80,82,84" m="38015,49705" machi="77" ten="30,1500,0" yaku="19,1" doraHai="15" who="1" fromWho="0" sc="240,-15,250,25,302,0,198,0" /><INIT seed="1,1,0,1,5,101" ten="225,275,302,198" oya="1" hai0="13,32,120,35,28,75,24,78,81,127,23,123,50" hai1="89,66,15,21,29,63,46,49,117,113,33,72,121" hai2="34,100,116,31,52,47,12,71,0,62,14,41,7" hai3="105,64,129,25,5,79,16,2,134,11,110,131,122"/><U61/><E113/><V74/><F116/><W92/><G79/><T57/><D127/><U3/><E117/><V17/><F74/><W90/><G64/><T30/><D13/><U68/><E3/><V93/><F71/><W98/><G122/><T99/><D99/><U59/><E121/><N who="0" m="46665" /><D28/><U91/><E72/><V42/><F0/><W97/><G110/><T85/><D75/><U132/><E33/><V8/><F34/><W44/><G44/><T95/><D95/><U58/><E132/><V4/><F31/><W84/><G134/><T111/><D111/><U9/><E21/><N who="2" m="11431" /><F7/><W54/><G54/><AGARI ba="1,0" hai="23,24,30,32,35,50,54,57,78,81,85" m="46665" machi="54" ten="30,1000,0" yaku="13,1" doraHai="101" who="0" fromWho="3" sc="225,13,275,0,302,0,198,-13" /><INIT seed="2,0,0,4,1,39" ten="238,275,302,185" oya="2" hai0="2,36,107,13,37,19,16,61,22,130,57,69,11" hai1="12,20,133,15,105,51,99,1,132,6,10,26,23" hai2="92,76,32,123,94,42,41,97,56,118,117,98,65" hai3="53,73,72,106,64,43,75,134,24,125,47,54,21"/><V115/><F32/><W101/><G64/><T29/><D130/><U30/><E105/><V4/><F115/><W79/><G79/><T52/><D107/><U89/><E99/><N who="2" m="37899" /><F123/><W131/><G101/><T110/><D110/><U63/><E89/><V82/><F118/><W119/><G106/><T5/><D69/><U44/><E63/><N who="2" m="38119" /><F117/><W84/><G119/><T66/><D66/><U120/><E120/><V102/><F4/><W0/><G0/><T87/><D87/><U135/><REACH who="1" step="1"/><E20/><REACH who="1" ten="238,265,302,185" step="2"/><V91/><F102/><W96/><G96/><T46/><D29/><U81/><E81/><V68/><F68/><W50/><G131/><T60/><D60/><U31/><E31/><V7/><F76/><W128/><G128/><T122/><D122/><U49/><E49/><V112/><F112/><W40/><G134/><T95/><D95/><N who="2" m="36394" /><F7/><W8/><G8/><T70/><D70/><U74/><E74/><V59/><F82/><W48/><G84/><T78/><D78/><U38/><E38/><V100/><F91/><W126/><G126/><T62/><D62/><U83/><E83/><V71/><F100/><W67/><G125/><T124/><D124/><U88/><E88/><V17/><F71/><W35/><G35/><T3/><D37/><U33/><E33/><V109/><F109/><W114/><G114/><T28/><D28/><U14/><E14/><V93/><F93/><W9/><G9/><T80/><D80/><U58/><E58/><V55/><F17/><N who="0" m="6730" /><D22/><U90/><E90/><V129/><F129/><W104/><G104/><T27/><D27/><U116/><E116/><RYUUKYOKU ba="0,1" sc="238,10,265,10,302,10,185,-30" hai0="2,3,5,11,13,36,46,52,57,61" hai1="1,6,10,12,15,23,26,30,44,51,132,133,135" hai2="41,42,55,59" /><INIT seed="2,1,1,4,5,67" ten="248,275,312,155" oya="2" hai0="24,54,80,102,8,36,90,91,98,60,22,66,113" hai1="108,81,104,55,120,23,107,31,17,33,95,26,11" hai2="70,15,69,97,124,103,89,56,94,4,83,93,88" hai3="111,43,65,96,1,50,116,79,105,35,64,109,44"/><V118/><F124/><W14/><G79/><T125/><D36/><U45/><E108/><N who="3" m="41546" /><G1/><T7/><D125/><U82/><E120/><V85/><F118/><W10/><G35/><T49/><D80/><U71/><E71/><V72/><F56/><W106/><G116/><T131/><D131/><U76/><E95/><V86/><REACH who="2" step="1"/><F72/><REACH who="2" ten="248,275,302,155" step="2"/><W0/><G0/><T58/><D113/><U41/><E104/><N who="3" m="40042" /><G96/><T100/><D98/><U32/><E107/><V57/><F57/><W40/><G40/><T47/><D102/><U21/><E41/><V74/><F74/><W27/><G27/><T117/><D100/><U19/><E26/><V29/><F29/><W18/><AGARI ba="1,2" hai="10,14,18,43,44,50,64,65" m="40042,41546" machi="18" ten="30,1100,0" yaku="14,1" doraHai="67" who="3" fromWho="3" sc="248,-4,275,-4,302,-6,155,34" /><INIT seed="3,0,0,3,2,96" ten="244,271,296,189" oya="3" hai0="31,51,95,22,33,20,84,98,21,78,35,99,46" hai1="15,14,38,124,93,90,71,116,56,117,9,134,102" hai2="58,104,103,3,110,129,123,120,37,125,86,13,73" hai3="48,112,133,113,19,4,25,127,28,60,79,65,30"/><W54/><G133/><T5/><D5/><U87/><E71/><V91/><F110/><W81/><G127/><T130/><D130/><U1/><E134/><V101/><F129/><W23/><G4/><T74/><D74/><U122/><E122/><N who="2" m="46635" /><F125/><W68/><G113/><T0/><D0/><U53/><E38/><V83/><F3/><W24/><G112/><T76/><D99/><N who="1" m="59759" /><E1/><V61/><F37/><W7/><G7/><T135/><D135/><U118/><E9/><V67/><F104/><W106/><G106/><T77/><D84/><U39/><E39/><V6/><F73/><W108/><G108/><T115/><D31/><U12/><E124/><V107/><F107/><W70/><G70/><T49/><D115/><U111/><E111/><V26/><F26/><W105/><G105/><T57/><D57/><U47/><E47/><V88/><F91/><W128/><G128/><T119/><D119/><N who="1" m="30467" /><U32/><DORA hai="8" /><E32/><V114/><F114/><W69/><G69/><T27/><D27/><U100/><E100/><V94/><F94/><W109/><G109/><T82/><D82/><N who="1" m="49527" /><E12/><V62/><F62/><AGARI ba="0,0" hai="14,15,53,56,62" m="49527,30467,59759" machi="62" ten="40,8000,1" yaku="12,1,52,3" doraHai="96,8" who="1" fromWho="2" sc="244,0,271,80,296,-80,189,0" owari="244,4.4,351,45.1,216,-18.4,189,-31.1" /></mjloggm>