<mjloggm ver="2.3"><GO type="225" lobby="0"/><UN n0="%28%EF%BF%A3%E2%96%BD%EF%BF%A3%29%CE%B4%E2%8C%92%E3%83%BB" n1="%E7%99%BD%E6%97%A5%E9%9B%AA%E8%8F%9C" n2="%E5%86%B7%E5%87%8D%E3%82%AE%E3%83%A7%E3%83%BC%E3%82%B6" n3="%E6%9D%B1%E9%A2%A8%E3%81%AE%E3%81%8D%E3%82%83%E3%81%B7%E3%81%95%E3%82%93" dan="16,16,16,16" rate="2114.42,2181.09,2158.69,2148.39" sx="M,M,M,M"/><TAIKYOKU oya="0"/><INIT seed="0,0,0,5,4,91" ten="250,250,250,250" oya="0" hai0="121,133,25,46,89,74,80,79,13,92,40,39,99" hai1="105,134,87,65,17,76,51,78,22,24,81,102,115" hai2="2,126,52,125,62,96,118,75,86,47,1,18,90" hai3="19,97,60,122,85,8,12,55,41,106,7,120,56"/><T3/><D3/><U110/><E110/><V16/><F75/><W124/><G41/><T4/><D121/><N who="3" m="46697" /><G85/><T107/><D133/><U109/><E109/><V116/><F96/><W32/><G32/><T44/><D25/><U27/><E134/><V68/><F68/><W37/><G37/><T28/><D28/><U73/><E115/><V83/><F1/><W45/><G45/><T14/><D4/><U70/><E105/><V30/><F30/><W131/><G131/><T64/><D46/><U36/><E102/><V15/><F2/><W111/><G111/><T119/><D119/><N who="2" m="45610" /><F18/><W0/><G124/><T135/><D135/><U100/><E36/><V112/><F112/><W71/><G71/><T72/><D72/><U31/><E100/><V67/><F67/><W9/><G97/><T123/><D123/><U21/><E65/><V84/><F84/><W98/><G98/><T50/><D39/><U35/><E70/><V113/><F113/><W57/><G57/><T26/><D26/><U77/><E35/><V88/><F90/><W61/><G106/><T33/><D33/><U49/><REACH who="1" step="1"/><E73/><REACH who="1" ten="250,240,250,250" step="2"/><V63/><F126/><W130/><G130/><T103/><REACH who="0" step="1"/><D64/><REACH who="0" ten="240,240,250,250" step="2"/><U127/><E127/><V48/><F125/><W101/><G101/><T43/><D43/><U23/><E23/><AGARI ba="0,2" hai="15,16,23,47,48,52,62,63,83,86,88" m="45610" machi="23" ten="30,7700,0" yaku="12,1,54,3" doraHai="91" who="2" fromWho="1" sc="240,0,240,-77,250,97,250,0" /><INIT seed="1,0,0,0,0,76" ten="240,163,347,250" oya="1" hai0="3,121,95,73,110,80,50,93,42,5,30,133,6" hai1="100,63,69,33,56,35,89,81,74,99,10,39,48" hai2="11,114,41,0,103,83,55,31,24,59,97,4,23" hai3="71,101,126,91,70,111,34,22,38,21,123,92,20"/><U118/><E39/><V68/><F68/><W87/><G34/><T49/><D110/><U78/><E118/><V18/><F41/><W9/><G123/><T47/><D121/><U40/><E89/><V12/><F83/><W32/><G32/><T65/><D133/><U106/><E10/><V108/><F108/><W129/><G38/><T25/><D65/><U113/><E113/><V122/><F114/><W61/><G129/><T90/><D50/><U77/><E77/><V112/><F112/><W64/><G126/><T14/><D3/><U52/><REACH who="1" step="1"/><E69/><REACH who="1" ten="240,153,347,250" step="2"/><V109/><F122/><W86/><G71/><T79/><D90/><U45/><AGARI ba="0,1" hai="33,35,40,45,48,52,56,63,74,78,81,99,100,106" machi="45" ten="30,12000,1" yaku="1,1,2,1,0,1,52,1,54,1,53,0" doraHai="76" doraHaiUra="8" who="1" fromWho="1" sc="240,-40,153,130,347,-40,250,-40" /><INIT seed="1,1,0,5,3,104" ten="200,283,307,210" oya="1" hai0="1,0,9,72,91,37,96,23,106,27,38,7,133" hai1="112,4,126,88,114,17,16,48,30,57,70,8,97" hai2="25,65,89,62,22,56,86,124,95,63,128,79,99" hai3="103,41,40,81,92,14,29,31,10,100,113,60,118"/><U24/><E70/><V39/><F39/><W123/><G123/><T59/><D133/><U35/><E126/><V53/><F124/><W131/><G113/><T74/><D0/><U122/><E122/><V94/><F128/><W77/><G131/><T78/><D78/><U102/><E112/><V129/><F129/><W119/><G60/><T36/><D59/><U66/><E114/><V46/><F79/><W109/><G109/><T69/><D69/><U117/><E117/><V21/><F25/><W71/><G71/><T85/><D96/><U20/><E35/><V51/><REACH who="2" step="1"/><F62/><REACH who="2" ten="200,283,297,210" step="2"/><W61/><G61/><T125/><D125/><U45/><E24/><V33/><F33/><W127/><G127/><T54/><D106/><U105/><E30/><V13/><F13/><W132/><G31/><T84/><D54/><U120/><E66/><V134/><F134/><W15/><G29/><T64/><D64/><U43/><E120/><V87/><F87/><W83/><G132/><T34/><D34/><U121/><E121/><V3/><F3/><W2/><G77/><T73/><REACH who="0" step="1"/><D91/><AGARI ba="1,1" hai="21,22,46,51,53,56,63,65,86,89,91,94,95,99" machi="91" ten="30,8000,1" yaku="1,1,7,1,8,1,53,2" doraHai="104" doraHaiUra="18" who="2" fromWho="0" sc="200,-83,283,0,297,93,210,0" /><INIT seed="2,0,0,5,2,18" ten="117,283,390,210" oya="2" hai0="27,86,82,41,126,132,123,9,112,2,71,1,121" hai1="80,31,58,66,74,115,69,122,23,65,70,78,61" hai2="87,5,113,6,25,28,49,22,118,57,43,30,98" hai3="76,105,106,39,52,42,90,51,108,116,13,50,59"/><V48/><F113/><W67/><G116/><T55/><D71/><U34/><E115/><V124/><F124/><W16/><G108/><T88/><D112/><U20/><E122/><V111/><F118/><W32/><G32/><T91/><D126/><U68/><REACH who="1" step="1"/><E66/><REACH who="1" ten="117,273,390,210" step="2"/><V73/><F111/><W114/><G114/><T45/><D132/><U60/><E60/><V85/><F49/><W10/><G50/><T119/><D119/><U47/><E47/><V102/><F48/><W93/><G67/><T12/><D121/><U40/><E40/><V24/><F43/><W125/><G125/><T135/><D123/><U120/><E120/><V26/><F30/><W36/><G42/><T96/><D135/><U75/><E75/><V17/><F28/><W103/><G39/><T56/><D27/><AGARI ba="0,1" hai="20,23,27,31,34,58,61,65,68,69,70,74,78,80" machi="27" ten="40,5200,0" yaku="1,1,52,2,53,0" doraHai="18" doraHaiUra="134" who="1" fromWho="0" sc="117,-52,273,62,390,0,210,0" /><INIT seed="3,0,0,5,5,135" ten="65,335,390,210" oya="3" hai0="96,15,11,107,39,71,73,9,66,112,131,101,128" hai1="57,1,5,116,3,91,98,41,38,52,0,134,117" hai2="10,42,25,125,33,21,56,121,89,29,40,113,47" hai3="87,27,49,104,7,59,31,19,97,109,122,90,110"/><W95/><G7/><T72/><D39/><U132/><E5/><V58/><F113/><W74/><G19/><T16/><D112/><U92/><E41/><N who="2" m="15979" /><F33/><W18/><G18/><T36/><D36/><U4/><E4/><V85/><F125/><W50/><G74/><T64/><D9/><U118/><REACH who="1" step="1"/><E38/><REACH who="1" ten="65,325,390,210" step="2"/><V111/><F121/><W82/><G122/><T51/><D51/><AGARI ba="0,1" hai="0,1,3,51,52,57,91,92,98,116,117,118,132,134" machi="51" ten="50,12000,2" yaku="1,1,2,1,12,1,54,1,53,3" doraHai="135" doraHaiUra="114" who="1" fromWho="0" sc="65,-120,325,130,390,0,210,0" owari="-55,-55.5,455,55.5,390,19.0,210,-19.0" /></mjloggm>