<mjloggm ver="2.3"><GO type="225" lobby="0"/><UN n0="%6D%75%75%6D%75%72%61" n1="%E3%81%A1%E3%82%85%E3%81%86%E3%81%A9%E3%81%8F%E8%B1%A1%E3%81%95%E3%82%93" n2="%E7%89%B9%E6%9D%B1%E3%81%AF%E4%B8%96%E7%95%8C%E3%82%92%E6%95%91%E3%81%86" n3="%E6%A0%B9%E5%85%83%E3%81%8B%E3%82%89%E5%90%B9%E3%81%A3%E9%A3%9B%E3%81%B6" dan="17,17,16,16" rate="2225.53,2192.36,2162.52,2180.00" sx="F,M,M,F"/><TAIKYOKU oya="0"/><INIT seed="0,0,0,1,5,6" ten="250,250,250,250" oya="0" hai0="4,66,72,47,134,22,100,130,93,55,1,113,128" hai1="99,39,70,43,125,42,32,62,74,52,44,115,118" hai2="61,16,49,45,108,89,8,103,48,94,14,13,41" hai3="84,37,122,79,15,83,107,82,76,59,31,101,86"/><T124/><D113/><U102/><E118/><V67/><F108/><W127/><G37/><T114/><D114/><U36/><E115/><V135/><F135/><W78/><G31/><T71/><D72/><U23/><E125/><V117/><F117/><W111/><G59/><T21/><D124/><U68/><E32/><V56/><F103/><W116/><G15/><T33/><D33/><U60/><E74/><V40/><F13/><W25/><G25/><T3/><D134/><U97/><E23/><V96/><F49/><W91/><G127/><T65/><D55/><AGARI ba="0,0" hai="8,14,16,40,41,45,48,55,56,61,67,89,94,96" machi="55" ten="30,7700,0" yaku="7,1,8,1,52,1,54,1" doraHai="6" who="2" fromWho="0" sc="250,-77,250,0,250,77,250,0" /><INIT seed="1,0,0,0,1,20" ten="173,250,327,250" oya="1" hai0="88,107,91,18,57,114,19,104,59,124,82,47,126" hai1="37,98,113,58,33,121,127,55,45,81,92,70,28" hai2="2,29,12,44,95,78,21,83,118,128,123,109,5" hai3="3,133,14,69,66,63,108,103,122,77,89,73,23"/><U50/><E121/><V38/><F123/><W40/><G122/><T86/><D47/><U32/><E113/><V41/><F118/><W116/><G108/><T15/><D114/><U56/><E70/><V117/><F117/><W10/><G133/><T115/><D115/><U4/><E127/><V27/><F109/><W53/><G103/><T9/><D91/><U71/><E71/><V54/><F128/><W52/><G40/><T90/><D90/><U61/><E4/><V87/><F2/><W75/><G3/><T94/><D94/><U25/><E81/><V93/><REACH who="2" step="1"/><F54/><REACH who="2" ten="173,250,317,250" step="2"/><W48/><G53/><T110/><D110/><U49/><E37/><V99/><F99/><W112/><G116/><T72/><D72/><U119/><E119/><V7/><F7/><W42/><G75/><T65/><D19/><U60/><E33/><V51/><F51/><W129/><G73/><T35/><D35/><U134/><E134/><V96/><F96/><W34/><G129/><T131/><D131/><U62/><REACH who="1" step="1"/><E49/><REACH who="1" ten="173,240,317,250" step="2"/><V76/><F76/><W125/><G77/><T6/><D6/><U0/><E0/><V22/><F22/><W17/><G34/><T68/><D126/><U1/><E1/><V67/><F67/><W11/><G125/><T106/><REACH who="0" step="1"/><D124/><REACH who="0" ten="163,240,317,250" step="2"/><U105/><E105/><V16/><F16/><W102/><G112/><T132/><D132/><U111/><E111/><V101/><F101/><AGARI ba="0,3" hai="25,28,32,45,50,55,56,58,60,61,62,92,98,101" machi="101" ten="40,7700,0" yaku="1,1,52,1,53,1" doraHai="20" doraHaiUra="30" who="1" fromWho="2" sc="163,0,240,107,317,-77,250,0" /><INIT seed="1,1,0,1,2,75" ten="163,347,240,250" oya="1" hai0="95,108,65,47,53,44,23,121,33,64,24,4,22" hai1="52,83,100,77,94,118,6,130,93,102,37,117,131" hai2="120,119,85,106,12,78,7,82,18,29,60,67,50" hai3="57,111,1,122,112,114,123,86,43,88,58,89,99"/><U55/><E37/><V124/><F119/><W134/><G43/><T115/><D115/><U16/><E6/><V54/><F120/><W9/><G1/><T14/><D121/><U70/><E70/><V59/><F124/><W71/><G9/><T56/><D108/><U34/><E34/><V48/><F106/><W135/><G71/><T20/><D33/><U30/><E30/><V125/><F125/><W10/><G10/><T105/><D105/><U126/><E126/><V127/><F127/><W91/><G86/><T32/><D32/><U128/><E16/><V87/><F7/><W13/><G89/><T98/><D24/><U132/><E132/><V63/><F87/><W11/><G11/><T3/><D3/><U8/><E8/><V74/><F74/><W68/><G68/><T15/><D4/><U46/><E46/><V72/><F72/><W38/><G13/><T31/><D31/><U36/><E36/><V133/><F29/><W129/><G38/><T25/><D25/><U66/><E66/><V40/><F133/><W81/><G81/><T26/><D26/><U17/><E17/><V110/><F110/><W41/><G111/><T0/><D0/><U92/><E117/><V116/><F116/><W73/><G73/><T96/><D14/><U101/><E118/><V61/><F40/><W113/><G41/><T51/><D15/><U80/><E77/><V2/><F2/><W90/><G134/><T97/><REACH who="0" step="1"/><D95/><REACH who="0" ten="153,347,240,250" step="2"/><U45/><E92/><V103/><F12/><W79/><G135/><T35/><D35/><U109/><E93/><V62/><F18/><RYUUKYOKU ba="1,1" sc="153,30,347,-10,240,-10,250,-10" hai0="20,22,23,44,47,51,53,56,64,65,96,97,98" /><INIT seed="2,2,1,2,5,48" ten="183,337,230,240" oya="2" hai0="115,108,15,117,35,25,11,123,47,57,28,38,105" hai1="65,129,1,109,66,79,94,55,122,113,37,119,29" hai2="118,44,71,84,30,81,62,39,10,17,18,21,95" hai3="120,3,24,72,89,8,91,46,64,90,97,27,41"/><V126/><F118/><W26/><G72/><T92/><D105/><U19/><E37/><V60/><F126/><W111/><G120/><T125/><D123/><U67/><E1/><V70/><F70/><W131/><G111/><T74/><D115/><U32/><E122/><V83/><F39/><W45/><G64/><T99/><D108/><U104/><E113/><V107/><F107/><W54/><G131/><T69/><D69/><U4/><E104/><V33/><F33/><W36/><G97/><T53/><D74/><U6/><E19/><V133/><F133/><W135/><G135/><T12/><D125/><U76/><E94/><V106/><F106/><W59/><G45/><T78/><D78/><U58/><E119/><V56/><F71/><W63/><G3/><T52/><D117/><U93/><E93/><V50/><F95/><W124/><REACH who="3" step="1"/><G8/><REACH who="3" ten="183,337,230,230" step="2"/><T23/><D11/><U49/><E109/><V116/><F44/><W121/><G121/><T100/><D38/><U110/><E110/><V88/><F10/><W2/><G2/><T34/><D34/><U130/><E130/><V61/><F116/><W80/><G80/><T42/><D35/><U127/><E129/><V9/><F81/><W86/><G86/><T14/><D57/><U7/><E127/><AGARI ba="2,2" hai="24,26,27,36,41,46,54,59,63,89,90,91,124,127" machi="127" ten="50,3200,0" yaku="1,1,52,1,53,0" doraHai="48" doraHaiUra="73" who="3" fromWho="1" sc="183,0,337,-38,230,0,230,58" /><INIT seed="3,0,0,0,0,46" ten="183,299,230,288" oya="3" hai0="115,64,11,114,107,82,101,79,43,117,81,22,77" hai1="25,73,127,113,39,6,27,21,56,28,0,75,123" hai2="55,20,69,121,111,34,131,104,45,112,134,76,24" hai3="51,14,120,105,133,42,15,135,74,23,8,80,50"/><W26/><G105/><T54/><D117/><U40/><E113/><N who="0" m="43017" /><D64/><U126/><E123/><V29/><F112/><W130/><G130/><T19/><D11/><N who="1" m="2503" /><E56/><V12/><F111/><W2/><G2/><T84/><D43/><U48/><E39/><V98/><F134/><N who="3" m="51211" /><G120/><T118/><D118/><U59/><E27/><V13/><F20/><W60/><G60/><T68/><D68/><U90/><E90/><V71/><F98/><W119/><G119/><T102/><D107/><U122/><E122/><V93/><F24/><W16/><G42/><T110/><D110/><U58/><E40/><V67/><F67/><W4/><G15/><N who="0" m="9599" /><D54/><N who="1" m="32071" /><E59/><V88/><F55/><W106/><G106/><T35/><D35/><U83/><E83/><V62/><F34/><W66/><G66/><T86/><AGARI ba="0,0" hai="77,79,81,82,84,86,101,102" m="9599,43017" machi="86" ten="30,1100,0" yaku="11,1" doraHai="46" who="0" fromWho="0" sc="183,11,299,-3,230,-3,288,-5" /><INIT seed="4,0,0,4,4,35" ten="194,296,227,283" oya="0" hai0="63,86,53,88,52,16,80,44,27,113,124,12,121" hai1="100,59,28,91,9,132,123,134,120,37,77,30,47" hai2="117,130,66,34,20,43,23,126,11,69,119,68,24" hai3="73,31,105,0,75,10,106,41,76,78,118,107,82"/><T128/><D121/><N who="1" m="46667" /><E100/><V57/><F34/><W131/><G31/><N who="1" m="11818" /><E77/><V45/><F130/><W55/><G55/><N who="0" m="21067" /><D128/><U122/><E122/><V2/><F126/><W40/><G131/><T101/><D124/><U56/><E9/><V81/><F81/><N who="3" m="45199" /><G41/><T14/><D113/><U93/><E47/><V112/><F112/><W79/><G79/><T135/><D135/><N who="1" m="51755" /><E37/><N who="2" m="21743" /><F57/><W22/><G22/><N who="2" m="8233" /><F24/><W61/><G61/><T3/><D3/><U46/><E46/><V95/><F95/><W18/><G40/><T133/><D133/><U84/><AGARI ba="0,0" hai="56,59,84,91,93" m="51755,11818,46667" machi="84" ten="40,1500,0" yaku="20,1" doraHai="35" who="1" fromWho="1" sc="194,-7,296,15,227,-4,283,-4" owari="187,-31.3,311,41.1,223,-17.7,279,7.9" /></mjloggm>