<mjloggm ver="2.3"><GO type="225" lobby="0"/><UN n0="%E3%81%8F%E3%81%BE%E3%81%96%E3%82%8F" n1="%E3%81%A1%E3%82%85%E3%81%86%E3%81%A9%E3%81%8F%E8%B1%A1%E3%81%95%E3%82%93" n2="%72%69%6F%75%63%68%61%6E" n3="%45%6C%79%73%69%75%6D" dan="16,17,17,18" rate="2075.42,2263.30,2241.09,2173.03" sx="M,M,M,F"/><TAIKYOKU oya="0"/><INIT seed="0,0,0,4,2,114" ten="250,250,250,250" oya="0" hai0="36,63,73,119,65,67,66,8,2,68,60,18,47" hai1="117,43,103,131,115,10,74,37,3,70,33,133,125" hai2="100,53,109,13,15,46,50,61,26,41,54,55,40" hai3="56,95,6,82,106,64,101,86,25,88,96,122,135"/><T1/><D66/><U85/><E85/><V22/><F109/><W16/><G135/><T20/><D73/><U84/><E84/><V62/><F40/><W7/><G122/><T107/><D107/><U121/><E103/><V9/><F100/><W11/><G64/><T32/><D32/><U113/><E43/><V97/><F97/><W120/><G120/><T27/><D8/><U90/><E90/><V72/><F72/><W81/><G56/><T79/><D79/><U80/><E80/><V71/><F71/><W108/><G108/><T93/><D93/><U127/><E10/><V39/><F39/><W12/><REACH who="3" step="1"/><G6/><REACH who="3" ten="250,250,250,240" step="2"/><T77/><D65/><U0/><E115/><V57/><F62/><W51/><G51/><T48/><D63/><U134/><E134/><V23/><F57/><W123/><G123/><T105/><D36/><U24/><E127/><V87/><F61/><W30/><G30/><T104/><D60/><U58/><E58/><V132/><F132/><W99/><G99/><T4/><D67/><U45/><E45/><V130/><F46/><W126/><G126/><T42/><D4/><U116/><E125/><V128/><F50/><W92/><G92/><T21/><D68/><U118/><E121/><V5/><F5/><W124/><G124/><T78/><D104/><U102/><E133/><V44/><F44/><W69/><G69/><T31/><D105/><U17/><E70/><V52/><F130/><W94/><G94/><T59/><D59/><U75/><E131/><V89/><N who="2" m="13312" /><DORA hai="112" /><V83/><F128/><W34/><G34/><T111/><D47/><RYUUKYOKU ba="0,1" sc="250,-10,250,-10,250,-10,240,30" hai3="7,11,12,16,25,81,82,86,88,95,96,101,106" /><INIT seed="1,1,1,5,2,42" ten="240,240,240,270" oya="1" hai0="75,47,91,104,107,92,40,134,29,87,43,16,54" hai1="109,131,135,96,80,2,4,128,28,26,89,120,118" hai2="95,74,126,85,56,57,49,66,90,86,98,129,44" hai3="53,48,20,106,84,82,9,122,101,79,112,99,36"/><U27/><E120/><V17/><F126/><W124/><G122/><T31/><D134/><U110/><E118/><V123/><F123/><W67/><G112/><T10/><D75/><U78/><E135/><V21/><F129/><N who="1" m="49737" /><E2/><V37/><F74/><W61/><G36/><T60/><D107/><U6/><E96/><V73/><F73/><W121/><G121/><T55/><D104/><U52/><E89/><V65/><F37/><W34/><G34/><T108/><D108/><N who="1" m="41579" /><E52/><N who="2" m="29735" /><F65/><W71/><G124/><T83/><D92/><U59/><E59/><N who="2" m="22603" /><F66/><W8/><G67/><T41/><D55/><U1/><E1/><V0/><F0/><W103/><G106/><T19/><D60/><U62/><E62/><V132/><F132/><W39/><G53/><T24/><D54/><U18/><E18/><V117/><F117/><W81/><G61/><T100/><D19/><U63/><E63/><V14/><AGARI ba="1,1" hai="14,17,21,85,86,90,95,98" m="22603,29735" machi="14" ten="30,4000,0" yaku="8,1,52,1,54,1" doraHai="42" who="2" fromWho="2" sc="240,-11,240,-21,240,53,270,-11" /><INIT seed="2,0,0,5,4,82" ten="229,219,293,259" oya="2" hai0="100,63,1,62,132,103,2,9,66,28,76,46,114" hai1="77,48,133,10,105,108,21,73,16,4,67,33,32" hai2="86,135,75,7,8,119,70,60,81,15,12,71,5" hai3="13,116,107,40,41,125,127,50,20,93,55,117,99"/><V44/><F119/><W129/><G107/><T113/><D28/><U126/><E105/><V101/><F135/><W53/><G13/><T51/><D9/><U57/><E133/><V14/><F75/><W120/><G20/><T38/><D132/><U97/><E108/><V36/><F101/><W91/><G120/><T26/><D38/><U112/><E112/><V39/><F60/><W88/><G50/><T80/><D80/><U89/><E126/><V79/><F5/><W24/><G24/><T111/><D51/><U0/><E77/><V64/><F64/><W134/><G134/><T121/><D46/><U131/><E73/><V47/><F47/><W94/><REACH who="3" step="1"/><G99/><REACH who="3" ten="229,219,293,249" step="2"/><T65/><D26/><U102/><E33/><V59/><F36/><W122/><G122/><T6/><D121/><U31/><E32/><V98/><F98/><W17/><G17/><T85/><D111/><U27/><E31/><V83/><F14/><W104/><G104/><T35/><D35/><U68/><E48/><V95/><F15/><W96/><G96/><T87/><D6/><U25/><E25/><V34/><F34/><W128/><AGARI ba="0,1" hai="40,41,53,55,88,91,93,94,116,117,125,127,128,129" machi="128" ten="25,8000,1" yaku="1,1,0,1,22,2,54,1,53,0" doraHai="82" doraHaiUra="29" who="3" fromWho="3" sc="229,-20,219,-20,293,-40,249,90" /><INIT seed="3,0,0,0,2,42" ten="209,199,253,339" oya="3" hai0="11,60,58,49,15,100,73,71,20,4,84,78,59" hai1="70,75,68,112,56,125,81,110,3,96,6,109,122" hai2="33,89,128,7,108,26,8,65,27,132,120,39,45" hai3="34,29,32,118,94,22,54,18,124,61,130,44,121"/><W55/><G29/><T77/><D73/><U38/><E122/><V123/><F65/><W76/><G94/><T95/><D71/><N who="1" m="27179" /><E112/><V79/><F108/><N who="1" m="41577" /><E125/><V105/><F105/><W82/><G32/><T23/><D49/><U67/><E38/><V91/><F33/><W28/><G28/><T21/><D59/><U52/><E96/><V10/><F39/><W69/><G34/><T80/><D78/><N who="1" m="44255" /><E67/><V114/><F79/><W17/><G69/><T63/><D58/><U5/><E3/><V24/><F114/><W98/><G61/><AGARI ba="0,0" hai="5,6,52,56,61" m="44255,41577,27179" machi="61" ten="30,2000,0" yaku="14,1,54,1" doraHai="42" who="1" fromWho="3" sc="209,0,199,20,253,0,339,-20" owari="209,-29.1,219,-18.1,253,5.3,319,41.9" /></mjloggm>