<mjloggm ver="2.3"><GO type="225" lobby="0"/><UN n0="%E3%81%BF%E3%81%BF%E3%81%9A" n1="%E5%84%AA%40%41%42%43" n2="%77%72%77%72%77%72%77%72" n3="%E3%82%A2%E3%83%BC%E3%83%A2%E3%83%AD%E3%83%BC%E3%83%B4%E3%82%A1" dan="16,17,16,16" rate="2144.83,2145.43,2235.20,2145.56" sx="M,M,M,M"/><TAIKYOKU oya="0"/><INIT seed="0,0,0,5,1,52" ten="250,250,250,250" oya="0" hai0="2,58,46,61,69,134,117,18,75,26,104,135,31" hai1="102,101,32,119,120,91,7,57,6,23,127,115,10" hai2="71,62,64,111,12,49,124,109,3,89,0,60,122" hai3="36,77,106,86,105,22,45,59,13,66,47,129,121"/><T94/><D117/><U48/><E32/><V35/><F122/><W112/><G112/><T118/><D104/><U133/><E120/><V84/><F35/><W42/><G121/><T83/><D118/><U54/><E119/><V80/><F124/><W30/><G129/><T55/><D2/><U39/><E39/><V90/><F49/><W27/><G47/><T74/><D18/><U20/><E127/><V70/><F12/><W15/><G105/><T126/><D126/><U96/><E133/><N who="0" m="50697" /><D83/><U95/><E115/><V9/><F9/><W33/><G106/><T125/><D125/><U113/><E113/><V56/><F71/><W28/><G28/><T68/><D94/><U110/><E110/><N who="2" m="41995" /><F90/><W116/><G116/><T29/><D46/><U73/><E73/><N who="0" m="27657" /><D29/><U88/><E91/><V82/><F80/><W24/><G30/><T103/><D103/><N who="1" m="39435" /><E10/><V53/><AGARI ba="0,0" hai="0,3,53,56,60,62,64,70,82,84,89" m="41995" machi="53" ten="30,2000,0" yaku="14,1,52,1" doraHai="52" who="2" fromWho="2" sc="250,-10,250,-5,250,20,250,-5" /><INIT seed="1,0,0,5,3,84" ten="240,245,270,245" oya="1" hai0="24,107,113,78,61,95,121,69,105,37,16,44,51" hai1="117,122,5,132,50,76,38,114,131,73,88,59,31" hai2="55,74,110,127,36,41,128,71,54,6,91,1,60" hai3="66,32,134,34,120,103,35,130,108,13,98,8,43"/><U81/><E114/><V82/><F110/><W83/><G120/><T49/><D113/><U14/><E117/><V93/><F128/><W19/><G108/><T115/><D115/><U70/><E122/><V72/><F127/><W18/><G130/><T89/><D78/><U39/><E131/><V80/><F71/><W57/><G134/><T133/><D37/><U53/><E70/><V45/><F60/><W47/><G83/><T62/><D51/><U3/><E3/><V116/><F116/><W77/><G77/><T52/><D121/><U58/><E132/><V9/><F74/><W90/><G57/><T125/><D125/><U106/><E106/><V67/><F67/><W96/><G66/><T23/><D133/><U101/><E101/><V92/><F92/><W104/><G19/><T26/><D62/><U124/><E124/><V2/><F2/><W12/><G12/><T22/><D61/><U20/><E59/><V94/><F94/><W56/><G56/><T85/><D69/><U28/><E38/><V11/><F11/><W68/><G68/><T111/><D111/><U75/><E39/><V118/><F118/><W87/><G103/><T97/><D97/><U25/><E75/><V21/><F21/><W46/><G104/><T10/><D10/><N who="1" m="4431" /><E31/><AGARI ba="0,0" hai="16,22,23,24,26,31,44,49,52,85,89,95,105,107" machi="31" ten="30,7700,0" yaku="7,1,52,1,54,2" doraHai="84" who="0" fromWho="1" sc="240,77,245,-77,270,0,245,0" /><INIT seed="2,0,0,0,3,49" ten="317,168,270,245" oya="2" hai0="53,19,68,56,45,5,7,94,107,74,125,128,69" hai1="24,105,2,17,85,76,33,6,120,91,126,30,104" hai2="95,63,123,64,9,11,12,31,57,48,8,70,3" hai3="38,81,121,65,32,10,0,59,29,127,132,42,93"/><V1/><F123/><W44/><G121/><T36/><D107/><U15/><E120/><V133/><F133/><W98/><G132/><T106/><D106/><U51/><E126/><V34/><F34/><W22/><G127/><T108/><D125/><U77/><E104/><V23/><F95/><W110/><G110/><T18/><D74/><U80/><E105/><V61/><F48/><W46/><G32/><T103/><D108/><U86/><E86/><V37/><F37/><W75/><G46/><T21/><D128/><U134/><E134/><V84/><F84/><W117/><G117/><T130/><D130/><U41/><E41/><V40/><F40/><W115/><G115/><T109/><D109/><U71/><E71/><V82/><F82/><W102/><G22/><T97/><D69/><U73/><E73/><V13/><F31/><W28/><G65/><T27/><D68/><U78/><E51/><V87/><F87/><W25/><G25/><T58/><D58/><U16/><REACH who="1" step="1"/><E2/><REACH who="1" ten="317,158,270,245" step="2"/><V54/><F1/><W131/><G131/><T50/><D36/><U79/><N who="1" m="19456" /><DORA hai="113" /><U35/><E35/><V101/><F3/><W114/><G75/><T89/><D45/><U122/><E122/><V67/><F70/><W20/><G38/><T72/><D72/><U119/><E119/><V26/><F63/><W100/><G44/><T47/><D47/><U118/><E118/><V135/><F135/><W96/><G42/><T112/><D112/><U39/><E39/><V14/><F61/><W4/><G114/><T83/><D50/><U116/><E116/><V60/><F60/><RYUUKYOKU ba="0,1" sc="317,-10,158,30,270,-10,245,-10" hai1="6,15,16,17,24,30,33,80,85,91" /><INIT seed="3,1,1,5,5,13" ten="307,188,260,235" oya="3" hai0="64,44,56,16,73,106,26,90,60,22,34,121,108" hai1="111,134,100,36,82,122,135,12,30,118,128,54,47" hai2="69,119,92,61,39,50,45,70,91,24,0,130,46" hai3="125,7,81,71,129,84,97,109,96,89,27,31,40"/><W25/><G71/><T85/><D121/><U117/><E100/><V5/><F119/><N who="1" m="45577" /><E30/><V28/><F0/><W18/><G129/><T29/><D73/><U68/><E82/><V133/><F5/><W98/><G125/><T2/><D108/><U76/><E76/><V65/><F133/><N who="1" m="50697" /><E122/><V41/><F130/><W53/><G109/><T104/><D44/><U112/><E128/><V124/><F124/><W86/><G40/><T33/><D2/><U103/><E103/><V101/><F101/><W80/><G7/><T48/><D48/><N who="1" m="28959" /><E111/><V131/><F131/><W67/><G31/><T38/><D34/><U37/><E12/><V93/><F91/><N who="3" m="51591" /><G67/><T94/><D38/><N who="1" m="14955" /><E68/><V75/><F75/><W57/><BYE who="2" /><G18/><UN n2="%77%72%77%72%77%72%77%72" /><T79/><D79/><U19/><E19/><V10/><F70/><W15/><G15/><AGARI ba="1,1" hai="15,16,22,26,29,33,56,60,64,85,90,94,104,106" machi="15" ten="30,3900,0" yaku="7,1,52,1,54,1" doraHai="13" who="0" fromWho="3" sc="307,52,188,0,260,0,235,-42" owari="359,45.9,188,-31.2,260,6.0,193,-20.7" /></mjloggm>