<mjloggm ver="2.3"><GO type="225" lobby="0"/><UN n0="%E6%A0%B9%E5%85%83%E3%81%8B%E3%82%89%E5%90%B9%E3%81%A3%E9%A3%9B%E3%81%B6" n1="%74%61%6B%75%61%6B%61" n2="%E3%83%AB%E3%83%9B%E3%83%B3%E3%83%87%E3%82%A3%E3%82%A8" n3="%E3%81%A1%E3%82%85%E3%81%86%E3%81%A9%E3%81%8F%E8%B1%A1%E3%81%95%E3%82%93" dan="16,17,16,17" rate="2179.08,2236.58,2156.14,2191.40" sx="F,M,M,M"/><TAIKYOKU oya="0"/><INIT seed="0,0,0,0,5,49" ten="250,250,250,250" oya="0" hai0="129,31,54,10,38,135,73,63,64,115,29,37,46" hai1="86,55,99,118,32,107,65,76,84,15,8,130,94" hai2="11,108,96,58,70,97,4,105,104,23,1,132,35" hai3="59,78,33,60,91,83,131,51,28,62,26,119,47"/><T53/><D115/><U126/><E118/><V128/><F35/><W57/><G119/><T81/><D73/><U101/><E32/><V116/><F70/><W5/><G131/><T71/><D81/><U109/><E109/><V98/><F116/><W95/><G5/><T127/><D129/><U39/><E39/><N who="0" m="14857" /><D10/><U56/><E130/><V75/><F75/><W0/><G0/><T133/><D127/><U121/><E121/><V9/><F128/><W85/><G62/><T40/><D29/><U36/><E36/><V72/><F72/><W103/><G103/><T16/><D31/><U92/><E126/><V52/><F108/><W82/><G60/><T17/><D17/><U88/><E65/><V48/><F132/><N who="0" m="50762" /><D16/><N who="1" m="8295" /><E107/><V22/><F11/><W102/><G102/><T13/><D13/><U6/><E6/><V112/><REACH who="2" step="1"/><F112/><REACH who="2" ten="250,250,240,250" step="2"/><W42/><REACH who="3" step="1"/><G82/><REACH who="3" ten="250,250,240,240" step="2"/><T66/><D66/><U125/><E125/><V12/><F12/><W89/><G89/><T20/><D64/><U74/><E74/><AGARI ba="0,2" hai="26,28,33,42,47,51,57,59,74,78,83,85,91,95" machi="74" ten="30,2000,0" yaku="1,1,7,1,53,0" doraHai="49" doraHaiUra="134" who="3" fromWho="1" sc="250,0,250,-20,240,0,240,40" /><INIT seed="1,0,0,3,5,127" ten="250,230,240,280" oya="1" hai0="38,95,91,22,50,100,132,72,79,66,123,69,63" hai1="122,115,87,0,73,86,15,12,92,128,109,77,5" hai2="67,57,99,135,84,44,98,24,80,85,41,118,61" hai3="76,103,8,10,113,45,32,29,70,116,42,65,27"/><U1/><E122/><V30/><F135/><W119/><G113/><T52/><D132/><U62/><E115/><V120/><F118/><N who="3" m="45099" /><G76/><T39/><D123/><U129/><E109/><V9/><F120/><W89/><G103/><T56/><D100/><U112/><E112/><V90/><F9/><W21/><G32/><T37/><D79/><U20/><E62/><V78/><F30/><W106/><G106/><T125/><D125/><U13/><E20/><V107/><F24/><W55/><G55/><T94/><D72/><U47/><E47/><V60/><F60/><N who="3" m="40231" /><G89/><T36/><N who="0" m="9216" /><DORA hai="130" /><T58/><D91/><U68/><E68/><V40/><F107/><W96/><G96/><N who="2" m="36905" /><F44/><W101/><G101/><T83/><D83/><AGARI ba="0,0" hai="40,41,57,61,67,78,80,83,84,85,90" m="36905" machi="83" ten="30,1000,0" yaku="8,1" doraHai="127,130" who="2" fromWho="0" sc="250,-10,230,0,240,10,280,0" /><INIT seed="2,0,0,3,2,126" ten="240,230,250,280" oya="2" hai0="19,115,27,90,122,45,107,116,48,44,108,86,134" hai1="13,88,127,54,59,71,23,100,62,82,55,106,95" hai2="83,35,119,104,26,105,125,76,120,38,6,75,117" hai3="84,24,0,101,12,36,132,97,72,85,91,92,10"/><V8/><F120/><W40/><G72/><T46/><D115/><U18/><E127/><V98/><F125/><W65/><G132/><T17/><D107/><U16/><E71/><V66/><F66/><W63/><G0/><T135/><D108/><U89/><E106/><V78/><F78/><W47/><G24/><T29/><D116/><U49/><E82/><V67/><F67/><W20/><G20/><N who="0" m="15591" /><D122/><U123/><E123/><V113/><F113/><W94/><G94/><N who="0" m="54615" /><D48/><U118/><E118/><V50/><F50/><W28/><G28/><T79/><D79/><U32/><E32/><V30/><F104/><W42/><G42/><T112/><D112/><U128/><E128/><V60/><F60/><W33/><G33/><T109/><D109/><U53/><E18/><V73/><F73/><W5/><REACH who="3" step="1"/><G101/><REACH who="3" ten="240,230,250,270" step="2"/><T102/><D102/><U1/><E1/><N who="2" m="79" /><F38/><W87/><G87/><T74/><D74/><U96/><E54/><V51/><F119/><W22/><G22/><T61/><D134/><U31/><E31/><V56/><F117/><W69/><AGARI ba="0,1" hai="5,10,12,36,40,47,63,65,69,84,85,91,92,97" machi="69" ten="20,2700,0" yaku="1,1,0,1,7,1,53,0" doraHai="126" doraHaiUra="110" who="3" fromWho="3" sc="240,-7,230,-7,250,-13,270,37" /><INIT seed="3,0,0,1,0,29" ten="233,223,237,307" oya="3" hai0="13,55,0,36,45,129,77,39,32,83,63,62,4" hai1="8,124,86,28,33,51,109,132,118,100,40,93,128" hai2="75,68,52,2,98,18,47,22,76,26,50,130,16" hai3="56,71,134,48,104,113,79,122,27,119,12,92,110"/><W74/><G71/><T102/><D32/><U95/><E109/><V85/><F2/><W105/><G113/><T17/><D102/><U5/><E124/><V31/><F68/><W67/><G119/><T87/><D129/><U9/><E128/><V117/><F117/><W82/><G110/><T108/><D108/><U69/><E69/><V60/><F75/><W103/><G134/><T70/><D0/><U131/><E131/><V120/><F120/><W65/><G122/><T61/><D4/><U43/><E118/><V64/><F130/><W44/><G12/><T127/><D127/><U11/><E132/><V114/><F98/><W23/><G92/><N who="1" m="35402" /><E33/><V72/><F72/><W6/><G6/><T89/><D70/><U35/><E35/><V99/><F99/><W80/><G103/><T66/><D66/><U111/><E111/><V126/><F126/><W115/><G65/><T19/><D77/><U94/><E5/><V59/><F114/><W73/><G115/><T53/><D19/><U54/><E28/><V90/><F76/><W125/><G125/><T106/><D106/><U97/><E86/><V3/><F3/><W96/><G96/><T7/><D7/><U30/><E30/><V112/><F112/><W91/><G74/><T14/><D17/><U133/><E133/><V42/><F42/><N who="3" m="24599" /><G23/><T49/><D53/><U34/><E34/><V135/><F135/><W24/><G105/><T84/><D84/><U41/><E41/><V81/><AGARI ba="0,0" hai="16,18,22,26,31,47,50,52,59,60,64,81,85,90" machi="81" ten="20,8000,1" yaku="0,1,7,1,8,1,54,2" doraHai="29" who="2" fromWho="2" sc="233,-20,223,-20,237,80,307,-40" owari="213,-18.7,203,-29.7,317,41.7,267,6.7" /></mjloggm>