<mjloggm ver="2.3"><GO type="225" lobby="0"/><UN n0="%6D%75%75%6D%75%72%61" n1="%E7%9C%9F%E4%B8%80" n2="%E3%81%A1%E3%82%85%E3%81%86%E3%81%A9%E3%81%8F%E8%B1%A1%E3%81%95%E3%82%93" n3="%E9%B3%B3%E6%9D%B1%E3%81%AE%E3%81%86%E3%81%95%E3%81%8E%E3%81%95%E3%82%93" dan="17,17,17,16" rate="2130.93,2236.82,2195.09,2161.80" sx="F,M,M,M"/><TAIKYOKU oya="0"/><INIT seed="0,0,0,1,4,114" ten="250,250,250,250" oya="0" hai0="34,42,14,117,76,63,23,108,97,13,50,130,17" hai1="66,65,103,132,69,127,1,109,54,29,15,38,75" hai2="131,84,10,81,87,3,92,41,20,9,2,5,112" hai3="105,98,77,83,91,57,102,56,0,46,52,21,12"/><T47/><D34/><U67/><E1/><V35/><F112/><W82/><G0/><T88/><D130/><U113/><E113/><V24/><F35/><W89/><G46/><T11/><D108/><U53/><E75/><V64/><F131/><W32/><G32/><T111/><D111/><U100/><E109/><V121/><F121/><W86/><G56/><T85/><D117/><U115/><E69/><V4/><F41/><W107/><G107/><T74/><D74/><U135/><E115/><V104/><F104/><W60/><REACH who="3" step="1"/><G82/><REACH who="3" ten="250,250,250,240" step="2"/><N who="0" m="47303" /><D63/><U106/><E106/><V30/><F81/><W31/><G31/><T78/><D78/><U16/><E29/><V116/><F116/><W19/><AGARI ba="0,1" hai="12,19,21,52,57,60,77,83,86,89,91,98,102,105" machi="19" ten="30,4000,0" yaku="1,1,0,1,54,1,53,0" doraHai="114" doraHaiUra="70" who="3" fromWho="3" sc="250,-20,250,-10,250,-10,240,50" /><INIT seed="1,0,0,4,1,35" ten="230,240,240,290" oya="1" hai0="45,122,32,126,47,132,19,1,49,113,79,29,26" hai1="65,81,95,133,89,119,108,40,2,37,124,80,85" hai2="112,99,5,94,114,18,74,105,75,76,13,17,42" hai3="90,52,62,110,14,106,120,135,39,91,129,84,128"/><U7/><E119/><V9/><F105/><W57/><G120/><T72/><D113/><N who="2" m="43626" /><F42/><W38/><G110/><T61/><D122/><U69/><E108/><V66/><F66/><W24/><G106/><T70/><D126/><U96/><E124/><V102/><F76/><W60/><G135/><T92/><D132/><U87/><E133/><V54/><F54/><W15/><G24/><T4/><D19/><AGARI ba="0,0" hai="5,9,13,17,18,19,74,75,94,99,102" m="43626" machi="19" ten="30,1000,0" yaku="11,1" doraHai="35" who="2" fromWho="0" sc="230,-10,240,0,240,10,290,0" /><INIT seed="2,0,0,4,5,133" ten="220,240,250,290" oya="2" hai0="128,74,111,86,114,37,15,97,135,122,66,127,83" hai1="20,115,28,1,46,80,51,101,90,85,69,98,125" hai2="88,76,81,33,57,23,36,109,110,60,2,92,12" hai3="3,79,34,123,55,94,53,82,100,10,43,61,107"/><V73/><F36/><W52/><G123/><T26/><D122/><U8/><E69/><V78/><F33/><W118/><G118/><T18/><D114/><U129/><E115/><V0/><F78/><W91/><G34/><T63/><D135/><U70/><E70/><V17/><F57/><W131/><G43/><T59/><D111/><N who="2" m="42506" /><F60/><W39/><G39/><T103/><D128/><U35/><E129/><V89/><F89/><W30/><G61/><T21/><D37/><U71/><E71/><V65/><F65/><W130/><G91/><T24/><D74/><U27/><E35/><V11/><F23/><W126/><G79/><T124/><D86/><AGARI ba="0,0" hai="0,2,11,12,17,73,76,81,86,88,92" m="42506" machi="86" ten="30,5800,0" yaku="14,1,10,1,54,1" doraHai="133" who="2" fromWho="0" sc="220,-58,240,0,250,58,290,0" /><INIT seed="2,1,0,3,5,80" ten="162,240,308,290" oya="2" hai0="128,83,49,47,34,75,81,32,118,133,113,119,96" hai1="129,2,122,27,127,101,28,26,55,33,3,98,95" hai2="58,6,53,41,66,73,11,79,46,10,112,20,109" hai3="35,42,39,116,92,16,51,71,135,23,56,67,88"/><V9/><F112/><W130/><G116/><T13/><D113/><U29/><E129/><V64/><F73/><W18/><G35/><T124/><D128/><U121/><E127/><V93/><F79/><W7/><G130/><T21/><D124/><U114/><E114/><V134/><F6/><W82/><G135/><T91/><D133/><U14/><E55/><V12/><F93/><W54/><G7/><T30/><D118/><U131/><E14/><V90/><F90/><W77/><G23/><T19/><D119/><U1/><REACH who="1" step="1"/><E131/><REACH who="1" ten="162,230,308,290" step="2"/><V62/><F134/><W44/><G67/><T94/><D75/><U97/><E97/><V70/><F64/><W68/><G18/><T50/><D47/><U72/><E72/><V0/><F66/><W40/><G16/><T31/><D31/><U5/><E5/><V52/><F53/><W84/><G42/><T76/><D30/><U4/><E4/><V57/><F46/><W48/><G39/><T87/><REACH who="0" step="1"/><D81/><REACH who="0" ten="152,230,308,290" step="2"/><U104/><E104/><V38/><F38/><W120/><G120/><T132/><D132/><U24/><E24/><V103/><F41/><W85/><AGARI ba="1,2" hai="40,44,48,51,54,56,68,71,77,82,84,85,88,92" machi="85" ten="20,8000,1" yaku="0,1,7,1,52,2,54,1" doraHai="80" who="3" fromWho="3" sc="152,-21,230,-21,308,-41,290,103" /><INIT seed="3,0,0,0,4,110" ten="131,209,267,393" oya="3" hai0="39,47,4,97,17,84,28,2,12,91,57,134,11" hai1="108,61,19,93,130,109,72,43,15,107,90,71,100" hai2="45,99,124,121,18,117,135,20,10,21,66,68,46" hai3="79,69,25,132,36,38,101,6,44,40,51,67,125"/><W33/><G79/><T106/><D134/><U14/><E72/><V0/><F117/><W92/><G6/><T32/><D57/><U80/><E130/><V8/><F99/><W42/><G101/><T23/><D106/><U16/><E43/><V96/><F96/><W76/><G92/><T128/><D97/><U81/><E100/><V118/><F66/><W49/><G33/><T1/><D128/><U30/><E30/><V65/><F65/><W115/><G25/><T29/><D1/><U114/><E61/><V63/><F63/><W73/><G76/><T103/><D103/><U54/><E54/><V22/><F68/><W52/><G125/><T34/><D34/><U104/><E93/><V64/><F64/><W116/><G73/><T78/><D78/><U85/><E71/><V24/><F46/><N who="3" m="26071" /><G132/><T5/><D5/><U129/><E129/><V59/><F24/><W9/><G9/><T62/><D62/><U74/><E90/><V131/><F8/><W70/><G36/><T126/><D126/><U111/><E74/><V95/><F10/><W31/><G31/><T98/><D98/><U112/><E109/><V77/><F77/><W94/><G69/><T88/><D84/><AGARI ba="0,0" hai="14,15,16,19,80,81,84,85,104,107,108,111,112,114" machi="84" ten="25,8000,1" yaku="22,2,52,2,54,1" doraHai="110" who="1" fromWho="0" sc="131,-80,209,80,267,0,393,0" owari="51,-44.9,289,8.9,267,-13.3,393,49.3" /></mjloggm>