<mjloggm ver="2.3"><GO type="225" lobby="0"/><UN n0="%E3%81%BF%E3%81%BF%E3%81%9A" n1="%E3%81%B5%E3%81%98%E3%81%8B%E3%81%A4" n2="%E3%82%BC%E3%83%AB%E3%83%80%E3%81%AE%E4%BC%9D%E8%AA%AC" n3="%48%61%61%61%6C%61%6E%64" dan="17,16,17,18" rate="2244.31,2189.66,2173.89,2259.85" sx="M,M,M,M"/><TAIKYOKU oya="0"/><INIT seed="0,0,0,5,1,109" ten="250,250,250,250" oya="0" hai0="13,47,62,127,17,134,73,126,124,66,83,95,80" hai1="79,135,100,94,67,87,130,106,6,23,118,115,78" hai2="61,63,5,27,96,70,40,101,125,9,30,29,71" hai3="92,91,81,58,90,7,128,77,122,20,33,110,46"/><T15/><D134/><U84/><E118/><V72/><F72/><W56/><G33/><T65/><D95/><U74/><E6/><V68/><F125/><W64/><G110/><T52/><D73/><U48/><E67/><N who="0" m="25609" /><D47/><U43/><E48/><V117/><F40/><W51/><G122/><T12/><D17/><U93/><E23/><V45/><F45/><W98/><G128/><T49/><D49/><U39/><E43/><V113/><F117/><W11/><G64/><T82/><D62/><U133/><E39/><V102/><F113/><W57/><G92/><N who="1" m="35434" /><E130/><V8/><F96/><W24/><G98/><T85/><D85/><N who="1" m="32843" /><E115/><V41/><F41/><W22/><G51/><T28/><D28/><N who="2" m="10858" /><F27/><W50/><G24/><T53/><AGARI ba="0,0" hai="12,13,15,52,53,80,82,83,124,126,127" m="25609" machi="53" ten="50,18000,2" yaku="29,2,28,2,18,1,54,1" doraHai="109" who="0" fromWho="0" sc="250,180,250,-60,250,-60,250,-60" /><INIT seed="0,1,0,0,0,80" ten="430,190,190,190" oya="0" hai0="20,45,13,124,104,0,27,110,39,12,17,7,11" hai1="113,87,36,132,90,77,38,32,56,26,133,23,130" hai2="126,134,19,41,106,115,94,99,51,86,75,10,76" hai3="40,31,122,35,135,2,69,21,129,4,34,22,30"/><T93/><D104/><U95/><E32/><N who="3" m="12330" /><G69/><T100/><D124/><U109/><E109/><V44/><F115/><W54/><G54/><T92/><D110/><U57/><E113/><V74/><F126/><W108/><G40/><T85/><D39/><N who="1" m="14891" /><E77/><V1/><F134/><N who="1" m="51817" /><E130/><V72/><F106/><W73/><G73/><T70/><D70/><U55/><E55/><V103/><F19/><AGARI ba="1,0" hai="19,23,26,56,57,87,90,95" m="51817,14891" machi="19" ten="30,2000,0" yaku="20,1,52,1" doraHai="80" who="1" fromWho="2" sc="430,0,190,23,190,-23,190,0" /><INIT seed="1,0,0,3,1,17" ten="430,213,167,190" oya="1" hai0="101,14,42,87,51,36,125,29,49,5,97,30,47" hai1="84,28,117,10,8,59,27,77,96,45,40,79,23" hai2="41,95,81,60,70,121,116,130,48,22,90,7,119" hai3="3,61,53,43,85,67,21,15,112,50,118,88,107"/><U120/><E117/><V26/><F121/><W98/><G3/><T19/><D5/><U9/><E120/><V73/><F130/><W93/><G112/><T69/><D69/><U55/><E96/><V1/><F1/><W75/><G75/><T86/><D36/><U126/><E126/><V103/><F7/><W124/><G118/><T12/><D125/><U4/><E4/><V64/><F103/><W133/><G133/><T0/><D0/><U44/><E84/><V46/><F81/><W18/><G43/><T34/><D12/><U109/><E109/><V82/><F82/><W24/><G124/><T123/><D49/><U135/><E135/><V6/><F6/><W13/><G107/><T100/><D123/><U131/><E131/><V83/><F83/><N who="3" m="49215" /><G61/><T16/><D19/><U32/><E32/><V113/><F73/><W102/><G67/><T68/><D68/><U110/><E110/><V80/><F80/><W129/><G129/><T122/><D122/><U132/><E132/><V65/><F65/><W106/><G106/><T89/><D87/><U128/><E128/><V74/><F74/><W62/><G62/><T92/><D34/><U111/><E111/><V37/><F37/><W58/><AGARI ba="0,0" hai="13,15,18,21,24,50,53,58,93,98,102" m="49215" machi="58" ten="30,4000,0" yaku="8,1,52,1,54,1" doraHai="17" who="3" fromWho="3" sc="430,-10,213,-20,167,-10,190,40" /><INIT seed="2,0,0,5,4,122" ten="420,193,157,230" oya="2" hai0="67,111,116,32,107,84,51,86,74,43,69,94,55" hai1="100,17,123,95,104,118,18,128,16,110,66,73,25" hai2="34,96,0,5,132,52,10,61,112,114,71,99,85" hai3="38,120,117,124,89,40,106,125,135,127,93,19,13"/><V119/><F119/><W90/><G120/><T11/><D107/><U8/><E123/><V36/><F36/><W102/><G117/><T91/><D74/><U78/><E118/><V97/><F132/><W2/><G2/><T4/><D116/><U48/><E104/><V98/><F34/><W15/><G135/><T133/><D32/><U75/><E66/><V113/><N who="2" m="24576" /><DORA hai="65" /><V83/><F71/><W14/><G102/><T130/><D43/><U108/><E100/><V134/><F134/><W81/><G106/><T47/><D111/><N who="1" m="42539" /><E128/><V31/><F31/><W88/><G93/><T24/><D24/><U45/><E78/><V53/><REACH who="2" step="1"/><F61/><REACH who="2" ten="420,193,147,230" step="2"/><W131/><G131/><T49/><D133/><U1/><E25/><V57/><F57/><W63/><G125/><T105/><D130/><U30/><E30/><V29/><F29/><W23/><G124/><T126/><D126/><U46/><E46/><V76/><AGARI ba="0,1" hai="0,5,10,52,53,76,83,85,112,113,114" m="24576" machi="76" ten="50,12000,1" yaku="1,1,0,1,54,1,53,1" doraHai="122,65" doraHaiUra="82,21" who="2" fromWho="2" sc="420,-40,193,-40,147,130,230,-40" /><INIT seed="2,1,0,1,4,7" ten="380,153,277,190" oya="2" hai0="37,74,4,18,108,20,102,89,16,73,49,109,99" hai1="24,98,59,44,118,72,120,34,131,27,122,90,10" hai2="15,6,8,28,13,48,3,33,86,14,77,68,56" hai3="50,127,19,60,32,43,30,92,116,114,69,112,67"/><V80/><F68/><W88/><G116/><T63/><D37/><U65/><E118/><V132/><F132/><W64/><G127/><T46/><D89/><U40/><E72/><V115/><F115/><N who="3" m="44075" /><G64/><T11/><D63/><U52/><E131/><V21/><F33/><W133/><G133/><T103/><D74/><U83/><E65/><V113/><F113/><W47/><G19/><T54/><D73/><U124/><E124/><V55/><REACH who="2" step="1"/><F28/><REACH who="2" ten="380,153,267,190" step="2"/><W66/><G30/><T53/><D108/><U100/><E34/><V2/><F2/><W26/><G69/><T91/><D109/><U23/><E122/><V104/><F104/><W57/><G32/><T70/><D70/><U62/><E120/><V93/><F93/><W130/><G130/><T84/><D20/><AGARI ba="1,1" hai="3,6,8,13,14,15,20,21,48,55,56,77,80,86" machi="20" ten="40,3900,0" yaku="1,1,52,1,53,0" doraHai="7" doraHaiUra="85" who="2" fromWho="0" sc="380,-42,153,0,267,52,190,0" /><INIT seed="2,2,0,0,1,86" ten="338,153,319,190" oya="2" hai0="123,81,116,100,92,112,121,82,70,87,26,15,65" hai1="84,114,12,13,62,128,28,16,97,59,126,3,118" hai2="8,23,40,89,75,50,102,94,1,33,63,71,131" hai3="49,29,32,117,30,9,113,110,14,44,72,96,133"/><V60/><F33/><W73/><G117/><T53/><D112/><U56/><E118/><V18/><F75/><W66/><G113/><T47/><BYE who="3" /><D116/><U41/><E114/><V98/><F131/><W57/><G57/><UN n3="%48%61%61%61%6C%61%6E%64" /><T99/><D82/><U24/><E128/><V19/><F71/><W78/><G66/><T115/><D115/><U46/><E3/><V106/><F1/><W21/><G110/><T105/><D92/><U5/><E126/><V104/><F104/><W124/><G124/><T22/><D15/><U135/><E135/><V111/><F111/><W36/><G36/><T6/><D6/><U25/><E97/><V39/><F39/><W127/><G133/><T130/><D130/><U17/><E5/><V54/><F40/><W58/><G58/><T27/><D27/><U11/><E84/><V64/><F64/><W34/><G127/><T43/><D53/><U101/><E101/><V122/><F122/><W7/><G96/><T20/><D20/><U68/><E68/><V74/><F74/><W95/><G73/><T108/><D108/><U79/><E79/><V48/><F106/><W2/><G78/><T45/><D45/><U93/><E93/><V129/><F102/><W85/><G72/><T107/><D107/><U37/><E28/><N who="3" m="10858" /><G85/><T91/><D65/><U134/><E134/><V55/><F129/><W4/><G95/><T76/><D70/><U51/><E37/><V120/><F120/><W90/><G90/><T38/><D76/><U88/><E88/><V61/><F89/><W83/><G2/><T35/><D35/><N who="3" m="13353" /><G83/><T80/><D80/><RYUUKYOKU ba="2,0" sc="338,30,153,-10,319,-10,190,-10" hai0="22,26,38,43,47,81,87,91,99,100,105,121,123" /><INIT seed="3,3,0,3,4,135" ten="368,143,309,180" oya="3" hai0="55,107,115,132,93,77,12,7,117,103,27,133,70" hai1="96,109,127,131,68,89,2,34,18,24,8,41,21" hai2="101,113,6,15,100,95,31,126,97,123,54,11,22" hai3="81,63,35,79,45,104,75,61,66,59,1,85,122"/><W76/><G122/><T43/><D117/><U110/><E68/><V65/><F113/><W91/><G104/><T116/><D116/><U73/><E73/><V28/><F123/><W105/><G105/><T14/><D70/><U98/><E41/><V42/><F42/><W62/><G1/><T86/><D43/><U52/><E89/><V36/><F36/><W60/><G35/><T3/><D115/><U20/><E98/><V57/><F126/><W16/><G75/><T99/><D3/><U0/><E96/><V102/><F54/><W67/><G67/><T114/><D114/><U48/><E127/><V44/><F44/><W72/><G72/><T29/><D29/><N who="1" m="19751" /><E48/><V108/><F108/><N who="1" m="41577" /><E52/><V78/><F31/><W106/><G106/><T47/><D27/><N who="1" m="14743" /><E131/><V69/><F78/><W13/><REACH who="3" step="1"/><G45/><REACH who="3" ten="368,143,309,170" step="2"/><T71/><D47/><U83/><E83/><V84/><F65/><W125/><G125/><T128/><D107/><U46/><E46/><V33/><F33/><W9/><AGARI ba="3,1" hai="9,13,16,59,60,61,62,63,66,76,79,81,85,91" machi="9" ten="30,11700,0" yaku="1,1,0,1,8,1,54,1,53,0" doraHai="135" doraHaiUra="39" who="3" fromWho="3" sc="368,-42,143,-42,309,-42,170,136" /><INIT seed="3,4,0,5,3,8" ten="326,101,267,306" oya="3" hai0="6,41,103,7,38,132,118,65,15,62,117,94,86" hai1="134,53,21,35,79,25,89,84,127,43,93,104,63" hai2="50,119,105,5,87,97,40,116,39,133,96,16,71" hai3="122,34,61,83,92,19,47,26,12,13,124,113,3"/><W51/><G113/><T107/><D132/><U90/><E127/><V45/><F133/><W42/><G3/><T120/><D120/><U66/><E134/><V108/><F108/><W68/><G124/><T29/><D107/><U74/><E104/><V59/><F5/><W69/><G122/><T9/><D6/><U91/><E35/><V126/><F126/><W56/><G83/><T1/><D1/><U0/><E0/><V55/><F71/><W125/><G125/><T48/><D38/><U58/><E74/><V111/><F111/><W28/><G92/><T24/><D48/><U100/><E43/><V4/><F4/><W130/><G130/><T123/><D123/><U27/><E79/><V77/><F77/><W81/><G81/><T17/><D41/><U76/><E76/><V98/><F105/><W30/><G30/><T99/><D86/><U88/><E27/><V72/><F87/><W109/><G109/><T60/><D7/><U95/><E53/><V31/><F31/><W36/><G36/><T10/><D10/><U78/><E78/><V23/><REACH who="2" step="1"/><F72/><REACH who="2" ten="326,101,257,306" step="2"/><W64/><G12/><AGARI ba="4,1" hai="12,16,23,39,40,45,50,55,59,96,97,98,116,119" machi="12" ten="40,8000,1" yaku="1,1,2,1,52,1,54,1,53,0" doraHai="8" doraHaiUra="131" who="2" fromWho="3" sc="326,0,101,0,257,102,306,-92" owari="326,12.6,101,-39.9,359,45.9,214,-18.6" /></mjloggm>