<mjloggm ver="2.3"><GO type="225" lobby="0"/><UN n0="%77%72%77%72%77%72%77%72" n1="%4C%4F%4C%49%54%41" n2="%E3%83%A9%E3%83%BC%E3%83%A1%E3%83%B3%E4%BA%94%E9%83%8E" n3="%72%69%6F%75%63%68%61%6E" dan="17,16,16,16" rate="2218.41,2135.62,2090.17,2156.71" sx="M,F,M,M"/><TAIKYOKU oya="0"/><INIT seed="0,0,0,5,3,131" ten="250,250,250,250" oya="0" hai0="105,23,43,63,76,28,130,73,121,113,115,59,69" hai1="60,54,7,95,58,4,62,65,84,118,98,36,0" hai2="124,80,3,91,116,67,31,104,97,75,100,34,101" hai3="86,99,14,15,114,120,108,39,107,5,125,24,93"/><T16/><D121/><U87/><E36/><V11/><F124/><W129/><G114/><T82/><D130/><U56/><E118/><V40/><F116/><W49/><G129/><T85/><D105/><U111/><E111/><V92/><F40/><W110/><G39/><T88/><D28/><U8/><REACH who="1" step="1"/><E4/><REACH who="1" ten="250,240,250,250" step="2"/><V2/><F3/><W21/><G5/><T78/><D43/><U109/><E109/><V48/><F2/><W133/><G110/><T13/><D69/><U55/><E55/><V128/><F128/><W74/><G108/><T26/><D115/><U123/><E123/><V57/><F67/><W45/><G120/><T81/><D113/><U83/><E83/><V135/><F80/><W41/><G125/><T64/><REACH who="0" step="1"/><D78/><REACH who="0" ten="240,240,250,250" step="2"/><U72/><E72/><V79/><F75/><W20/><G74/><T127/><D127/><U52/><E52/><V119/><F79/><W22/><G41/><T102/><D102/><AGARI ba="0,2" hai="0,7,8,54,56,58,60,62,65,84,87,95,98,102" machi="102" ten="30,2000,0" yaku="1,1,7,1,53,0" doraHai="131" doraHaiUra="44" who="1" fromWho="0" sc="240,-20,240,40,250,0,250,0" /><INIT seed="1,0,0,1,1,98" ten="220,280,250,250" oya="1" hai0="108,20,25,100,71,19,134,128,38,101,102,14,54" hai1="36,118,121,89,43,76,124,8,50,31,15,4,60" hai2="3,0,57,97,63,129,39,28,86,65,11,104,106" hai3="117,112,75,29,26,17,37,16,46,5,82,18,122"/><U77/><E118/><V116/><F116/><W109/><G122/><T33/><D38/><U93/><E36/><V73/><F73/><W81/><G117/><T70/><D108/><U7/><E121/><V133/><F39/><W22/><G109/><T123/><D123/><U69/><E124/><V74/><F74/><W32/><G112/><T135/><D128/><U119/><E119/><V62/><F129/><W78/><G5/><T6/><D54/><U103/><E31/><V111/><F111/><W40/><REACH who="3" step="1"/><G81/><REACH who="3" ten="220,280,250,240" step="2"/><T110/><D110/><U83/><E4/><V91/><F0/><W130/><G130/><T114/><D114/><U51/><E83/><V79/><F3/><W58/><G58/><T95/><D6/><U96/><E69/><V34/><F57/><W10/><G10/><T94/><D70/><U44/><E8/><V1/><F1/><W126/><G126/><T49/><D71/><U52/><E7/><V9/><F11/><W45/><G45/><T24/><D49/><U84/><E51/><V55/><F9/><W56/><G56/><T30/><REACH who="0" step="1"/><D14/><AGARI ba="0,1" hai="14,16,17,18,22,26,29,32,37,40,46,75,78,82" machi="14" ten="30,7700,0" yaku="1,1,7,1,54,1,53,1" doraHai="98" doraHaiUra="72" who="3" fromWho="0" sc="220,-77,280,0,250,0,240,87" /><INIT seed="2,0,0,0,2,34" ten="143,280,250,327" oya="2" hai0="31,129,80,38,133,97,132,30,119,71,44,45,50" hai1="16,98,14,109,130,115,94,59,49,101,11,111,53" hai2="43,105,5,91,55,106,63,12,9,123,36,64,28" hai3="3,90,22,7,81,113,0,67,135,20,4,48,87"/><V54/><F123/><W68/><G135/><T69/><D80/><U61/><E115/><V40/><F28/><W104/><G104/><T96/><D50/><U29/><E130/><V37/><F37/><W25/><G113/><T79/><D79/><U24/><REACH who="1" step="1"/><E61/><REACH who="1" ten="143,270,250,327" step="2"/><V83/><F63/><W26/><G68/><T17/><D129/><U35/><AGARI ba="0,1" hai="11,14,16,24,29,35,49,53,59,94,98,101,109,111" machi="35" ten="30,8000,1" yaku="1,1,2,1,0,1,54,1,53,1" doraHai="34" doraHaiUra="88" who="1" fromWho="1" sc="143,-20,270,90,250,-40,327,-20" /><INIT seed="3,0,0,4,0,3" ten="123,360,210,307" oya="3" hai0="14,27,100,5,124,130,35,121,16,133,30,62,32" hai1="112,52,115,87,116,28,101,19,60,98,51,120,13" hai2="21,73,103,63,23,110,134,106,0,12,11,54,10" hai3="118,79,129,18,55,41,47,17,68,67,92,65,42"/><W109/><G118/><T44/><D121/><U22/><E120/><V43/><F73/><W39/><G129/><T114/><D130/><U50/><E116/><V71/><F0/><W117/><G117/><T40/><D133/><U4/><E4/><V9/><F134/><W86/><G109/><T132/><D132/><U72/><E72/><V102/><F110/><W108/><G108/><T26/><D124/><U135/><E135/><V49/><F106/><W75/><G75/><T126/><D126/><U2/><E2/><V131/><F131/><W89/><G79/><T122/><D122/><U45/><E60/><V37/><F37/><W81/><G81/><T113/><D100/><N who="2" m="38442" /><F71/><W91/><G91/><T85/><D85/><U70/><E70/><V104/><F104/><W46/><G55/><T53/><D53/><U25/><E51/><V38/><F38/><W94/><G68/><T69/><D62/><U59/><E87/><V82/><F82/><W97/><G86/><T88/><D88/><U57/><E112/><N who="0" m="43113" /><D44/><N who="3" m="16937" /><G39/><T78/><D40/><N who="3" m="15465" /><G92/><T6/><D78/><U7/><E115/><V66/><F43/><W95/><G94/><T99/><D99/><U1/><E98/><V128/><F128/><W83/><G83/><T84/><D84/><U111/><E111/><V36/><F36/><W90/><G89/><T8/><D69/><U74/><E74/><V127/><F127/><W93/><G95/><T64/><D64/><AGARI ba="0,0" hai="17,18,64,65,67,90,93,97" m="15465,16937" machi="64" ten="30,1500,0" yaku="8,1" doraHai="3" who="3" fromWho="0" sc="123,-15,360,0,210,0,307,15" /><INIT seed="3,1,0,3,1,88" ten="108,360,210,322" oya="3" hai0="23,129,11,26,1,108,79,85,7,61,118,39,63" hai1="119,116,50,55,97,87,100,115,65,36,125,25,131" hai2="43,41,103,37,110,95,33,121,78,53,69,31,51" hai3="74,76,10,120,117,28,81,3,113,90,123,32,66"/><W64/><G113/><T105/><D108/><U14/><E115/><V20/><F33/><W48/><G117/><N who="1" m="45130" /><E36/><V126/><F69/><W2/><G48/><T67/><D118/><U8/><E87/><V49/><F37/><W0/><G10/><T106/><D39/><U89/><E89/><V44/><F110/><W91/><G90/><T30/><D129/><U9/><E125/><V99/><F126/><W101/><G101/><T111/><D111/><U5/><E65/><V6/><F6/><W84/><G28/><T19/><D61/><U96/><E131/><V112/><F112/><W70/><G32/><T102/><D79/><U4/><E25/><N who="2" m="16807" /><F121/><W128/><G128/><T68/><D85/><U133/><E133/><V109/><F109/><W82/><REACH who="3" step="1"/><G64/><REACH who="3" ten="108,360,210,312" step="2"/><T13/><REACH who="0" step="1"/><D102/><REACH who="0" ten="98,360,210,312" step="2"/><U18/><E100/><V35/><F103/><W12/><G12/><T107/><D107/><U56/><E14/><V83/><F78/><W46/><G46/><T27/><D27/><U59/><E50/><V130/><F130/><W16/><G16/><T132/><D132/><U57/><E18/><V73/><F51/><W104/><G104/><T127/><D127/><U135/><E135/><V134/><F134/><W75/><G75/><T58/><D58/><U54/><E57/><V45/><F73/><W92/><G92/><T38/><D38/><U40/><E56/><V17/><F95/><W114/><G114/><T34/><AGARI ba="1,2" hai="1,7,11,13,19,23,26,30,34,63,67,68,105,106" machi="34" ten="20,8000,1" yaku="1,1,0,1,7,1,24,2,53,0" doraHai="88" doraHaiUra="72" who="0" fromWho="0" sc="98,103,360,-21,210,-21,312,-41" owari="201,-19.9,339,43.9,189,-31.1,271,7.1" /></mjloggm>