<mjloggm ver="2.3"><GO type="225" lobby="0"/><UN n0="%70%68%65%6E%6F%6D%65" n1="%E9%80%9F%E6%B0%B4%E5%87%9B%E9%A6%99" n2="%72%61%6B%33" n3="%E2%91%A3%E9%81%BF%E9%81%8A%E6%88%AF%E3%80%90%E6%9D%B1%E5%8D%97%E3%80%91" dan="17,16,16,16" rate="2186.56,2135.99,2174.29,2098.60" sx="M,F,M,M"/><TAIKYOKU oya="0"/><INIT seed="0,0,0,3,5,101" ten="250,250,250,250" oya="0" hai0="123,94,56,77,108,129,34,0,12,95,31,57,48" hai1="92,124,65,127,125,99,116,43,85,49,64,104,90" hai2="72,86,19,59,52,88,114,55,70,110,6,38,24" hai3="109,35,78,28,69,25,131,115,121,91,75,40,135"/><T39/><D39/><U132/><E116/><V2/><F114/><W76/><G115/><T111/><D0/><U9/><E132/><V41/><F72/><W87/><G135/><T130/><D123/><U128/><E128/><N who="0" m="49257" /><D77/><U5/><E43/><V22/><F70/><W45/><G121/><T47/><D12/><U80/><E49/><V29/><F110/><N who="0" m="42026" /><D31/><U20/><E20/><V68/><F68/><W89/><G69/><T105/><D105/><U1/><REACH who="1" step="1"/><E104/><REACH who="1" ten="250,240,250,250" step="2"/><V27/><F22/><W106/><G109/><T58/><D34/><U84/><E84/><V17/><F86/><W51/><G106/><T4/><D4/><U60/><E60/><V103/><F6/><W37/><G131/><T44/><D44/><U13/><E13/><V53/><F2/><W113/><G113/><T98/><D98/><U8/><E8/><V96/><F96/><W134/><G134/><T107/><D107/><U122/><E122/><V7/><F7/><W100/><G75/><T118/><D118/><U14/><E14/><V67/><F38/><W66/><G37/><T79/><D79/><AGARI ba="0,1" hai="1,5,9,64,65,79,80,85,90,92,99,124,125,127" machi="79" ten="40,5200,0" yaku="1,1,18,1,53,1" doraHai="101" doraHaiUra="82" who="1" fromWho="0" sc="250,-52,240,62,250,0,250,0" /><INIT seed="1,0,0,1,5,35" ten="198,302,250,250" oya="1" hai0="126,55,9,91,113,41,52,4,135,31,100,101,92" hai1="98,27,118,125,94,97,117,40,16,80,122,82,129" hai2="90,2,12,23,128,105,69,6,116,62,72,47,26" hai3="88,56,33,81,53,54,108,134,112,0,70,111,84"/><U104/><E122/><V95/><F105/><W44/><G70/><T78/><D113/><U76/><E40/><V68/><F116/><W114/><G33/><T120/><D120/><U51/><E51/><V32/><F72/><W93/><G134/><T11/><D135/><U99/><E27/><V74/><F74/><W38/><G0/><T60/><D126/><U109/><E16/><V28/><F128/><W13/><G13/><T18/><D78/><U131/><E125/><V42/><F62/><W133/><G133/><T121/><D121/><U83/><E104/><V124/><F124/><W45/><G54/><T17/><D31/><U87/><E109/><N who="3" m="42058" /><G93/><T10/><D4/><U7/><E7/><V119/><F119/><N who="1" m="45577" /><E76/><V5/><F5/><W49/><G38/><T1/><D41/><U85/><E94/><V3/><F32/><W132/><G132/><T77/><D77/><U50/><E50/><V127/><F127/><W37/><G37/><T20/><D1/><U15/><E15/><V46/><F68/><W107/><G107/><T63/><D10/><U110/><E110/><V30/><F69/><W102/><G102/><T36/><D92/><U79/><E79/><V115/><F2/><W21/><G21/><T8/><D8/><U57/><E57/><V22/><F3/><W65/><G65/><T71/><D71/><U66/><E66/><V86/><F22/><W130/><G130/><AGARI ba="0,0" hai="80,82,83,85,87,97,98,99,129,130,131" m="45577" machi="130" ten="40,12000,1" yaku="28,2,19,1,34,2" doraHai="35" who="1" fromWho="3" sc="198,0,302,120,250,0,250,-120" /><INIT seed="1,1,0,1,3,69" ten="198,422,250,130" oya="1" hai0="13,25,27,112,48,76,63,57,124,90,23,102,114" hai1="135,74,20,60,24,16,131,55,22,79,77,82,42" hai2="121,1,123,91,122,98,107,68,14,134,129,33,53" hai3="85,9,7,81,58,66,75,132,0,31,59,54,29"/><U65/><E135/><V28/><F53/><W35/><G132/><T111/><D111/><U106/><E106/><V4/><F91/><W51/><G75/><T119/><D119/><U92/><E131/><V108/><F134/><W109/><G109/><T96/><D124/><U100/><E42/><V10/><F108/><W17/><G35/><T2/><D2/><U97/><E79/><V133/><F133/><W62/><REACH who="3" step="1"/><G17/><REACH who="3" ten="198,422,250,120" step="2"/><T115/><D112/><U38/><E16/><N who="2" m="8279" /><F33/><W71/><G71/><T67/><D114/><U87/><E74/><V19/><F19/><W30/><G30/><T34/><D34/><U44/><E24/><V110/><F68/><W5/><G5/><T49/><D115/><U113/><E113/><V84/><F110/><W130/><G130/><T78/><D27/><U86/><E86/><V12/><F84/><W26/><G26/><T72/><D72/><U89/><E87/><V120/><F120/><W80/><G80/><T83/><D25/><U46/><E82/><V37/><F129/><W88/><AGARI ba="1,1" hai="0,7,9,29,31,51,54,58,59,62,66,81,85,88" machi="88" ten="20,5200,0" yaku="1,1,0,1,7,1,54,1,53,0" doraHai="69" doraHaiUra="40" who="3" fromWho="3" sc="198,-14,422,-27,250,-14,120,65" /><INIT seed="2,0,0,2,5,76" ten="184,395,236,185" oya="2" hai0="61,30,106,19,6,24,69,100,89,22,65,121,11" hai1="84,46,119,67,122,31,99,1,5,133,33,90,27" hai2="116,82,44,75,83,41,105,110,71,68,25,12,52" hai3="37,43,58,72,13,113,78,101,7,17,10,81,32"/><V88/><F116/><W38/><G113/><T8/><D121/><U35/><E119/><V29/><F105/><W66/><G32/><T15/><D106/><U36/><E133/><V18/><F110/><W111/><G111/><T23/><D100/><U55/><E122/><V57/><F75/><W64/><G101/><T97/><D97/><U104/><E67/><V92/><F71/><W131/><G131/><T102/><D102/><U53/><E33/><V112/><F68/><W80/><G38/><T14/><REACH who="0" step="1"/><D89/><REACH who="0" ten="174,395,236,185" step="2"/><U96/><E99/><V85/><F112/><W63/><G78/><T34/><AGARI ba="0,1" hai="6,8,11,14,15,19,22,23,24,30,34,61,65,69" machi="34" ten="20,12000,2" yaku="1,1,2,1,0,1,7,1,53,2" doraHai="76" doraHaiUra="9" who="0" fromWho="0" sc="174,130,395,-30,236,-60,185,-30" /><INIT seed="3,0,0,0,2,83" ten="304,365,176,155" oya="3" hai0="6,48,33,35,99,85,53,109,123,19,4,18,100" hai1="51,64,129,76,70,14,12,17,29,120,25,42,57" hai2="79,58,133,124,74,118,38,81,97,10,113,93,88" hai3="21,49,72,52,73,43,16,132,8,91,106,13,0"/><W78/><G132/><T111/><D123/><U105/><E105/><V108/><F38/><W92/><G106/><T24/><D6/><U27/><E120/><V40/><F40/><W119/><G43/><T130/><D4/><U117/><E117/><V39/><F39/><W50/><G50/><T37/><D37/><U115/><E70/><V30/><F30/><W47/><G78/><T36/><D36/><U116/><E116/><V75/><F118/><W61/><G119/><T94/><D130/><U86/><E129/><V122/><F122/><W126/><G126/><T32/><D24/><U102/><E102/><V135/><F124/><W31/><G61/><T134/><D134/><U121/><E29/><V5/><F113/><W56/><G47/><T104/><D19/><U107/><E17/><V44/><F44/><W28/><G73/><T65/><D18/><U87/><E42/><V62/><F74/><W68/><G72/><T63/><D53/><U84/><E107/><V112/><F112/><W80/><G80/><T77/><D48/><U23/><E76/><V101/><F108/><W89/><G68/><T96/><D96/><U22/><E115/><V26/><F26/><N who="1" m="9737" /><E121/><V110/><F110/><W82/><G0/><T9/><D9/><U55/><E64/><V34/><F34/><W67/><G67/><T20/><D20/><AGARI ba="0,0" hai="12,14,20,22,23,51,55,57,84,86,87" m="9737" machi="20" ten="30,7700,0" yaku="8,1,52,3" doraHai="83" who="1" fromWho="0" sc="304,-77,365,77,176,0,155,0" owari="227,2.7,442,54.2,176,-22.4,155,-34.5" /></mjloggm>