<mjloggm ver="2.3"><GO type="225" lobby="0"/><UN n0="%48%61%61%61%6C%61%6E%64" n1="%33%73%74%72%69%6B%65%73" n2="%30%2E%31%32%30" n3="%4E%6F%2E%30%30%30%31" dan="17,16,16,18" rate="2182.28,2113.71,2110.12,2235.01" sx="M,M,M,M"/><TAIKYOKU oya="0"/><INIT seed="0,0,0,0,2,35" ten="250,250,250,250" oya="0" hai0="42,105,66,107,54,87,44,26,71,39,19,98,47" hai1="5,72,15,95,101,108,41,28,69,100,58,6,23" hai2="80,88,27,125,102,38,45,82,63,117,119,62,104" hai3="59,114,75,97,14,79,113,46,32,56,2,109,94"/><T37/><D87/><U132/><E69/><V133/><F133/><W3/><G32/><T13/><D26/><N who="1" m="16479" /><E72/><V131/><F131/><W22/><G109/><T24/><D24/><U12/><E132/><V21/><F125/><W61/><G46/><T25/><D25/><U70/><E70/><V40/><F102/><N who="1" m="39529" /><E108/><V8/><F8/><W20/><G75/><T118/><D118/><N who="2" m="45066" /><F104/><W36/><G79/><T53/><D98/><U4/><E41/><V34/><F34/><W124/><G36/><T30/><D30/><U0/><E0/><V1/><F1/><W93/><G97/><T76/><D76/><U10/><E95/><V90/><F82/><W65/><G14/><N who="1" m="5162" /><E58/><V11/><F11/><W110/><G110/><T57/><D105/><U83/><E10/><V52/><F80/><AGARI ba="0,0" hai="4,5,6,80,83" m="5162,39529,16479" machi="80" ten="30,1000,0" yaku="8,1" doraHai="35" who="1" fromWho="2" sc="250,0,250,10,250,-10,250,0" /><INIT seed="1,0,0,3,1,75" ten="250,260,240,250" oya="1" hai0="52,121,28,30,110,69,92,74,25,77,14,107,85" hai1="115,20,26,102,1,58,78,124,42,19,68,123,59" hai2="50,76,113,111,133,84,88,3,105,12,41,118,109" hai3="65,46,51,98,134,70,100,60,103,43,31,62,10"/><U15/><E115/><V39/><F3/><W128/><G128/><T82/><D110/><N who="2" m="41994" /><F118/><W114/><G114/><T117/><D117/><U7/><E123/><V36/><F113/><W54/><G134/><T72/><D121/><U112/><E112/><V73/><F105/><W116/><G116/><T81/><D107/><U130/><E68/><V35/><F35/><W89/><G31/><T99/><D69/><U33/><E130/><V4/><F133/><W56/><G10/><T13/><D52/><U17/><E102/><V94/><F12/><W119/><G119/><T125/><D125/><U16/><E42/><V29/><F29/><W11/><G11/><T120/><D28/><N who="1" m="19607" /><E78/><V93/><F93/><W38/><G62/><T67/><D67/><U27/><E124/><V53/><F41/><W83/><G83/><T2/><D2/><U23/><E17/><V0/><F0/><W91/><REACH who="3" step="1"/><G103/><REACH who="3" ten="250,260,240,240" step="2"/><T57/><D120/><U86/><E86/><N who="2" m="52503" /><F73/><W126/><G126/><T6/><D72/><U18/><E18/><V132/><F132/><W129/><G129/><T90/><D74/><U21/><E21/><V122/><F122/><W49/><G49/><T66/><D85/><U108/><E108/><V32/><F32/><W96/><G96/><T22/><D99/><U95/><E20/><V63/><F63/><W5/><G5/><T79/><D6/><U48/><E7/><V104/><F4/><W87/><G87/><T71/><D22/><N who="1" m="13767" /><E1/><V47/><F104/><AGARI ba="0,1" hai="38,43,46,51,54,56,60,65,70,89,91,98,100,104" machi="104" ten="30,8000,1" yaku="1,1,7,1,24,2,53,1" doraHai="75" doraHaiUra="97" who="3" fromWho="2" sc="250,0,260,0,240,-80,240,90" /><INIT seed="2,0,0,0,3,35" ten="250,260,160,330" oya="2" hai0="91,80,110,104,14,128,52,109,34,25,51,89,108" hai1="29,55,73,66,107,60,71,20,21,88,113,93,50" hai2="27,122,36,53,3,116,28,58,44,90,63,49,13" hai3="7,62,19,40,48,120,23,134,47,98,16,74,18"/><V8/><F122/><W85/><G120/><T33/><D128/><U87/><E113/><V42/><F116/><W45/><G74/><T99/><D14/><U78/><E107/><V12/><F90/><N who="0" m="34314" /><D25/><U131/><E131/><V111/><F111/><W64/><G134/><T125/><D125/><U92/><E92/><V26/><F26/><W6/><G85/><T39/><D39/><U30/><E78/><V103/><F103/><W2/><G98/><T129/><D80/><U112/><E73/><V124/><F124/><W15/><G47/><N who="0" m="27775" /><D129/><U65/><E112/><V97/><F97/><W127/><G127/><T94/><D104/><U95/><E95/><V70/><F3/><W76/><G76/><T82/><D82/><U9/><E9/><V102/><F8/><W1/><G6/><T105/><D105/><U22/><REACH who="1" step="1"/><E66/><REACH who="1" ten="250,250,160,330" step="2"/><N who="2" m="41311" /><F102/><AGARI ba="0,1" hai="33,34,94,99,102,108,109,110" m="27775,34314" machi="102" ten="30,2000,0" yaku="14,1,54,1" doraHai="35" who="0" fromWho="2" sc="250,30,250,0,160,-20,330,0" /><INIT seed="3,0,0,3,2,61" ten="280,250,140,330" oya="3" hai0="117,130,59,102,31,129,10,35,33,54,58,20,114" hai1="111,18,90,1,23,78,46,88,115,70,8,38,7" hai2="55,17,57,32,86,40,12,13,66,81,71,85,83" hai3="24,87,118,50,98,108,27,26,53,37,100,91,6"/><W4/><G37/><T42/><D117/><U119/><E115/><V103/><F32/><W97/><G118/><T74/><D74/><U3/><E119/><V15/><F40/><W64/><G64/><T69/><D69/><U56/><E70/><V92/><F17/><W41/><G41/><T82/><D114/><U125/><E1/><V123/><F123/><W48/><G48/><T79/><D102/><U0/><E0/><V14/><N who="2" m="3072" /><DORA hai="36" /><V60/><F103/><W25/><G25/><T21/><D10/><U2/><E2/><V106/><F106/><W65/><G65/><T93/><D93/><U28/><E28/><V128/><F128/><W107/><G108/><T39/><D33/><U29/><E29/><V132/><F132/><W113/><G113/><T22/><D35/><U75/><E111/><V131/><F131/><W62/><G62/><T121/><D31/><U19/><E125/><V133/><F133/><W5/><G100/><T134/><D121/><U95/><E19/><V99/><F99/><W67/><G67/><T45/><D134/><U126/><E126/><V89/><REACH who="2" step="1"/><F86/><REACH who="2" ten="280,250,130,330" step="2"/><W96/><G107/><T104/><D104/><U34/><E34/><V68/><F68/><W47/><G96/><T80/><D129/><U109/><E18/><V124/><F124/><W120/><G120/><T127/><D127/><U63/><E109/><V76/><F76/><W122/><G122/><T94/><D79/><U135/><E78/><V30/><F30/><W105/><G105/><T52/><D130/><U72/><E135/><V49/><AGARI ba="0,1" hai="49,55,57,60,66,71,81,83,85,89,92" m="3072" machi="49" ten="40,8000,1" yaku="1,1,0,1,52,1,53,2" doraHai="61,36" doraHaiUra="77,101" who="2" fromWho="2" sc="280,-20,250,-20,130,90,330,-40" /><INIT seed="4,0,0,3,2,127" ten="260,230,220,290" oya="0" hai0="125,134,107,130,40,63,94,98,75,132,43,135,116" hai1="104,46,72,55,32,91,51,60,117,34,102,66,96" hai2="33,85,41,74,83,109,82,87,28,73,1,10,70" hai3="21,8,37,7,23,6,62,31,13,100,114,77,113"/><T22/><D125/><U131/><E117/><V27/><F109/><W71/><G37/><T52/><D116/><U118/><E118/><V17/><F70/><W84/><G100/><T54/><D107/><U56/><E72/><V120/><F120/><W0/><G31/><T67/><D75/><U9/><E131/><V69/><F69/><W133/><G133/><T30/><D130/><U81/><E81/><V129/><F129/><W97/><G97/><T80/><D80/><U128/><E128/><V59/><F41/><N who="0" m="15946" /><D22/><U103/><E103/><V110/><F110/><W89/><G77/><T112/><D30/><U65/><E91/><V19/><F59/><W25/><G25/><T49/><D49/><U119/><E119/><V68/><F68/><W122/><G122/><T4/><D4/><U61/><E9/><V88/><F19/><W121/><G121/><T36/><D36/><U57/><AGARI ba="0,0" hai="32,34,46,51,55,56,57,60,61,65,66,96,102,104" machi="57" ten="20,2700,0" yaku="0,1,7,1,9,1" doraHai="127" who="1" fromWho="1" sc="260,-13,230,27,220,-7,290,-7" /><INIT seed="5,0,0,1,3,74" ten="247,257,213,283" oya="1" hai0="100,13,3,72,112,7,113,49,92,130,81,32,43" hai1="94,28,83,30,70,31,40,58,76,48,120,103,44" hai2="37,0,132,50,127,60,27,42,66,38,71,47,21" hai3="9,34,123,4,39,117,104,125,99,79,96,119,111"/><U64/><E70/><V54/><F127/><W35/><G125/><T11/><D32/><U45/><E120/><V116/><F116/><N who="3" m="44619" /><G111/><T129/><D3/><U24/><E44/><V14/><F132/><W118/><G123/><T77/><D43/><U135/><E135/><V61/><F0/><W98/><G104/><T126/><D49/><U87/><E103/><V110/><F110/><W6/><G39/><T73/><D73/><U133/><E94/><V93/><F14/><N who="3" m="5415" /><G6/><T62/><D126/><U90/><E133/><V122/><F122/><W5/><G5/><T89/><D62/><N who="1" m="37975" /><E24/><V106/><F106/><W131/><G131/><N who="0" m="50187" /><D100/><U67/><E67/><V88/><F42/><W134/><N who="3" m="44627" /><W114/><DORA hai="115" /><G114/><T18/><D7/><U36/><E36/><V2/><F2/><W69/><G134/><T15/><D15/><U26/><E26/><V63/><F38/><W65/><G79/><AGARI ba="0,0" hai="28,30,31,40,45,48,76,79,83,87,90" m="37975" machi="79" ten="30,5800,0" yaku="8,1,52,2" doraHai="74,115" who="1" fromWho="3" sc="247,0,257,58,213,0,283,-58" owari="247,4.7,315,41.5,213,-28.7,225,-17.5" /></mjloggm>