<mjloggm ver="2.3"><GO type="225" lobby="0"/><UN n0="%E3%82%B3%E3%83%90%E3%83%AC%E3%82%A4" n1="%E5%91%A8%E6%9D%B1" n2="%E5%B0%8F%E5%AE%AE%E3%81%9F%E3%81%9A%E3%81%8D" n3="%E5%B8%86%E7%AB%8B%E5%A4%8F%E8%A1%A3" dan="16,17,16,17" rate="2173.33,2178.36,2152.94,2162.30" sx="M,M,F,M"/><TAIKYOKU oya="0"/><INIT seed="0,0,0,4,0,19" ten="250,250,250,250" oya="0" hai0="98,36,45,119,51,2,31,63,43,112,88,79,58" hai1="67,66,93,12,71,16,118,50,37,128,114,5,97" hai2="77,105,122,44,41,96,109,68,91,107,92,53,110" hai3="89,84,106,75,129,104,28,21,81,26,47,120,62"/><T38/><D119/><U1/><E118/><V132/><F122/><W108/><G120/><T42/><D2/><U23/><E37/><V103/><F132/><W85/><G108/><N who="2" m="41577" /><F68/><W8/><G129/><T74/><D112/><U130/><E114/><V29/><F77/><W30/><G75/><T131/><D131/><N who="1" m="50219" /><E71/><V34/><F53/><W72/><G72/><T69/><D69/><U78/><E78/><V86/><F29/><W10/><G104/><T0/><D0/><U15/><E1/><V94/><F34/><W55/><G106/><T17/><D79/><U126/><E126/><V4/><F4/><W33/><G33/><T124/><D124/><U54/><E5/><V99/><F99/><W82/><G30/><T90/><D74/><U20/><E12/><V52/><F52/><W76/><REACH who="3" step="1"/><G47/><REACH who="3" ten="250,250,250,240" step="2"/><T7/><D31/><U14/><E14/><V25/><F25/><W24/><G24/><T39/><D7/><U61/><E61/><V6/><F6/><W83/><G83/><T111/><D111/><U101/><E23/><V80/><F80/><W70/><G70/><T125/><D125/><U64/><E64/><V35/><F35/><W123/><G123/><T95/><D17/><U46/><AGARI ba="0,1" hai="15,16,20,46,50,54,66,67,93,97,101" m="50219" machi="46" ten="30,4000,0" yaku="19,1,52,1,54,1" doraHai="19" who="1" fromWho="1" sc="250,-20,250,50,250,-10,240,-10" /><INIT seed="1,0,0,0,2,18" ten="230,300,240,230" oya="1" hai0="108,4,42,30,69,75,82,27,26,59,86,31,72" hai1="2,105,87,121,45,68,54,134,48,129,38,33,66" hai2="115,135,20,84,126,25,93,90,122,61,5,77,104" hai3="133,106,95,9,15,55,92,113,16,39,127,110,123"/><U114/><RYUUKYOKU type="yao9" ba="0,0" sc="230,0,300,0,240,0,230,0" hai1="2,33,38,45,48,54,66,68,87,105,114,121,129,134" /><INIT seed="1,1,0,3,2,97" ten="230,300,240,230" oya="1" hai0="37,89,69,58,77,102,135,11,28,46,70,12,78" hai1="106,126,63,125,119,40,2,16,132,108,124,32,104" hai2="27,128,18,20,9,133,47,100,14,91,51,113,110" hai3="134,112,60,24,105,43,8,56,81,84,68,38,49"/><U6/><E119/><V33/><F110/><W62/><G112/><T31/><D135/><U127/><E132/><V85/><F133/><W42/><G134/><T114/><D114/><U83/><E108/><V55/><F113/><W99/><G38/><T34/><D34/><U116/><E116/><V123/><F128/><W87/><G68/><T5/><D70/><U26/><E40/><V44/><F123/><W39/><G39/><T98/><D69/><U103/><E124/><V88/><F33/><W57/><G105/><T111/><D37/><U86/><E63/><V10/><F100/><W109/><G99/><T75/><D46/><U71/><E71/><V101/><F101/><W80/><G109/><T96/><D96/><U53/><E53/><V130/><F130/><W74/><G74/><T82/><D78/><U76/><E103/><V129/><F91/><W4/><G8/><T65/><D89/><U122/><E122/><V59/><F9/><W22/><G22/><T19/><D5/><U72/><E86/><V35/><F35/><W23/><G23/><T92/><REACH who="0" step="1"/><D111/><REACH who="0" ten="220,300,240,230" step="2"/><U29/><E6/><N who="2" m="3415" /><F129/><W0/><G4/><T48/><D48/><U36/><E36/><V93/><AGARI ba="1,1" hai="18,20,27,44,47,51,55,59,85,88,93" m="3415" machi="93" ten="30,2000,0" yaku="8,1,54,1" doraHai="97" who="2" fromWho="2" sc="220,-6,300,-11,240,33,230,-6" /><INIT seed="2,0,0,3,1,133" ten="214,289,273,224" oya="2" hai0="43,93,42,25,109,11,62,35,39,75,6,46,135" hai1="55,29,96,119,44,104,51,60,58,2,107,53,63" hai2="112,106,3,70,128,41,0,66,20,9,59,101,76" hai3="22,7,49,31,69,14,110,84,111,97,24,17,71"/><V80/><F59/><W45/><G7/><T108/><D75/><U65/><E119/><V5/><F20/><W48/><G48/><T123/><D135/><U27/><E96/><N who="2" m="61735" /><F41/><W115/><G115/><T67/><D123/><U87/><E2/><N who="2" m="183" /><F128/><W73/><G73/><T56/><D43/><U33/><REACH who="1" step="1"/><E87/><REACH who="1" ten="214,279,273,224" step="2"/><V134/><F134/><W64/><G84/><T50/><D39/><U83/><E83/><V72/><F112/><W61/><G97/><T105/><D105/><U103/><E103/><V90/><F90/><W37/><G37/><T91/><D35/><U127/><E127/><V78/><F78/><W23/><REACH who="3" step="1"/><G71/><AGARI ba="0,1" hai="27,29,33,44,51,53,55,58,60,63,65,71,104,107" machi="71" ten="30,2000,0" yaku="1,1,7,1,53,0" doraHai="133" doraHaiUra="77" who="1" fromWho="3" sc="214,0,279,30,273,0,224,-20" /><INIT seed="3,0,0,5,5,120" ten="214,309,273,204" oya="3" hai0="39,26,17,1,15,108,74,37,58,43,80,133,119" hai1="123,102,79,16,50,110,20,70,89,116,97,32,23" hai2="69,76,57,92,118,85,68,93,101,24,135,111,41" hai3="65,63,62,125,130,98,105,25,27,72,22,6,46"/><W95/><G72/><T51/><D119/><U31/><E116/><V112/><F118/><W129/><G125/><T61/><D1/><U8/><E123/><V49/><F112/><W88/><G6/><T104/><D104/><U113/><E70/><V83/><F68/><W5/><G5/><T87/><D74/><U55/><E113/><V44/><F69/><W34/><G105/><T13/><D26/><U45/><E79/><V21/><F135/><W122/><G122/><T84/><D84/><U53/><E89/><V128/><F128/><N who="3" m="49259" /><G65/><T2/><D2/><U82/><E82/><V77/><F77/><W29/><G46/><T134/><D15/><N who="1" m="7271" /><E32/><V30/><F101/><W96/><G96/><T3/><D3/><U40/><E31/><AGARI ba="0,0" hai="22,25,27,29,31,34,62,63,88,95,98" m="49259" machi="31" ten="30,2900,0" yaku="19,1,54,1" doraHai="120" who="3" fromWho="1" sc="214,0,309,-29,273,0,204,29" /><INIT seed="3,1,0,2,3,75" ten="214,280,273,233" oya="3" hai0="130,52,6,43,34,81,32,117,105,83,86,106,127" hai1="108,60,107,38,2,76,14,61,99,131,8,78,79" hai2="96,121,3,97,49,124,59,23,110,98,129,109,95" hai3="57,100,116,53,94,90,50,22,72,29,13,88,68"/><W16/><G116/><T31/><D117/><U133/><E38/><V77/><F3/><W12/><G72/><T20/><D127/><U91/><E2/><V126/><F129/><W128/><G128/><T93/><D130/><U56/><E131/><V54/><F121/><W67/><G68/><T41/><D6/><U9/><E108/><N who="2" m="41579" /><F23/><N who="3" m="11655" /><G67/><T122/><D122/><U42/><E133/><V118/><F118/><W84/><G90/><T47/><D34/><U21/><E42/><N who="0" m="15881" /><D32/><U89/><E107/><V73/><F95/><W119/><G119/><T25/><D106/><U17/><E61/><V40/><F40/><W134/><G134/><T26/><D105/><U37/><E37/><V10/><F10/><N who="1" m="4201" /><E99/><V104/><F104/><W4/><G100/><T11/><D11/><U135/><E135/><V123/><F123/><W66/><G4/><T69/><D69/><U64/><AGARI ba="1,0" hai="14,17,21,56,60,64,76,78,79,89,91" m="4201" machi="64" ten="30,7900,0" yaku="8,1,52,3" doraHai="75" who="1" fromWho="1" sc="214,-21,280,82,273,-21,233,-40" owari="193,-20.7,362,46.2,252,5.2,193,-30.7" /></mjloggm>