<mjloggm ver="2.3"><GO type="225" lobby="0"/><UN n0="%E3%83%8F%E3%83%B3%E3%83%89%E3%83%A9%E3%83%BC%E3%83%BB%E3%83%AF%E3%83%B3" n1="%6D%61%74%69%67%75%73%61" n2="%E3%81%BF%E3%81%BF%E3%81%9A" n3="%77%72%77%72%77%72%77%72" dan="17,17,18,17" rate="2267.55,2144.03,2259.54,2186.72" sx="M,M,M,M"/><TAIKYOKU oya="0"/><INIT seed="0,0,0,3,1,31" ten="250,250,250,250" oya="0" hai0="113,24,52,63,8,67,103,26,74,119,68,55,53" hai1="94,39,19,128,120,44,5,71,30,43,78,2,79" hai2="97,9,83,93,111,76,6,134,81,66,132,87,95" hai3="11,115,92,112,107,3,126,75,133,99,41,77,49"/><T105/><D113/><U114/><E114/><V116/><F111/><W56/><G107/><T121/><D119/><U57/><E71/><V82/><F66/><W131/><G131/><T80/><D121/><U13/><E120/><V65/><F65/><W130/><G130/><T58/><D68/><U122/><E5/><V46/><F46/><W0/><G133/><N who="2" m="51305" /><F116/><W42/><G126/><T40/><D40/><U18/><E2/><N who="2" m="215" /><F95/><W104/><G104/><T38/><D38/><U125/><E125/><V109/><F109/><W21/><G77/><T106/><D106/><U135/><E78/><V61/><F61/><W88/><G75/><T47/><D47/><U36/><E94/><V4/><F4/><W102/><G102/><AGARI ba="0,0" hai="76,81,82,83,87,93,97,102" m="215,51305" machi="102" ten="30,1000,0" yaku="20,1" doraHai="31" who="2" fromWho="3" sc="250,0,250,0,250,10,250,-10" /><INIT seed="1,0,0,2,5,27" ten="250,250,260,240" oya="1" hai0="86,135,89,0,3,17,40,91,104,67,114,44,107" hai1="120,58,11,14,124,7,56,99,80,26,30,32,47" hai2="61,19,100,66,75,23,55,59,53,51,31,126,70" hai3="45,24,69,123,10,8,73,111,106,5,38,35,28"/><U12/><E120/><V101/><F126/><W103/><G123/><T134/><D114/><U29/><E124/><V18/><F75/><W22/><G111/><T39/><D67/><U133/><E133/><N who="0" m="50697" /><D17/><U132/><E132/><V84/><F18/><W127/><G127/><T110/><D110/><U72/><E29/><V54/><F31/><W90/><G90/><BYE who="3" /><N who="0" m="34315" /><D86/><U121/><E121/><V118/><F84/><W105/><G105/><AGARI ba="0,0" hai="0,3,39,40,44,104,105,107" m="34315,50697" machi="105" ten="30,1000,0" yaku="20,1" doraHai="27" who="0" fromWho="3" sc="250,10,250,0,260,0,240,-10" /><UN n3="%77%72%77%72%77%72%77%72" /><INIT seed="2,0,0,3,0,39" ten="260,250,260,230" oya="2" hai0="112,107,10,1,133,2,116,89,132,33,53,70,93" hai1="121,41,5,45,24,135,43,15,34,81,57,67,101" hai2="94,49,83,7,114,91,27,99,90,14,85,97,55" hai3="40,25,113,130,84,126,35,86,21,127,64,78,80"/><V128/><F114/><W30/><G113/><T59/><D112/><U36/><E101/><V105/><F128/><W44/><G130/><T77/><D70/><U42/><E135/><N who="0" m="51785" /><D107/><U96/><E96/><V11/><F105/><W60/><G35/><T20/><D33/><U104/><E104/><V38/><F38/><W31/><G31/><T66/><D66/><U106/><E106/><V54/><F99/><W92/><G92/><T46/><D46/><U9/><E121/><V134/><F134/><W4/><G4/><T28/><D77/><U61/><REACH who="1" step="1"/><E81/><REACH who="1" ten="260,240,260,230" step="2"/><V0/><F0/><W82/><G82/><T37/><D1/><U87/><E87/><V120/><F120/><W26/><G86/><T100/><D100/><U102/><E102/><V13/><F27/><W63/><G26/><T125/><D2/><U12/><E12/><V109/><F109/><W51/><REACH who="3" step="1"/><G63/><REACH who="3" ten="260,240,260,220" step="2"/><T71/><D93/><U65/><E65/><V79/><F14/><W115/><G115/><T48/><D116/><U47/><E47/><V73/><F85/><W19/><G19/><T62/><D62/><U16/><E16/><V74/><F83/><W23/><G23/><T52/><D20/><U103/><E103/><V6/><F7/><W119/><G119/><T117/><D117/><U22/><E22/><V18/><F6/><W29/><G29/><AGARI ba="0,2" hai="5,9,15,24,29,34,36,41,42,43,45,57,61,67" machi="29" ten="40,8000,1" yaku="1,1,52,3,53,0" doraHai="39" doraHaiUra="75" who="1" fromWho="3" sc="260,0,240,100,260,0,220,-80" /><INIT seed="3,0,0,0,4,39" ten="260,340,260,140" oya="3" hai0="65,127,81,82,76,16,107,69,40,35,94,73,88" hai1="109,131,96,44,74,106,7,135,79,37,15,41,38" hai2="32,48,75,56,70,91,61,83,115,66,71,64,95" hai3="60,24,47,117,112,9,99,67,113,4,57,93,80"/><W2/><G117/><T128/><D107/><U22/><E109/><V126/><F115/><W98/><G98/><T86/><D35/><U1/><E131/><V84/><F32/><W51/><G80/><T43/><D128/><U125/><E135/><V120/><F126/><W36/><G36/><T130/><D130/><U20/><E15/><V3/><F3/><W72/><G72/><T123/><D123/><U89/><E37/><V119/><F119/><W133/><G24/><T30/><D30/><U27/><E27/><V25/><F25/><W129/><G133/><T78/><D127/><U10/><E125/><V55/><F120/><W12/><G2/><T54/><D54/><U103/><E89/><V31/><F31/><W63/><G63/><T19/><D65/><U52/><E52/><V42/><F66/><W23/><G23/><T58/><D58/><U101/><E103/><V59/><F75/><W50/><G129/><T104/><D69/><U62/><E62/><V13/><F42/><N who="0" m="15914" /><D104/><U18/><E18/><N who="0" m="6697" /><D73/><U77/><E74/><V114/><F114/><W45/><G113/><T14/><D14/><U6/><E1/><V5/><REACH who="2" step="1"/><F83/><AGARI ba="0,0" hai="76,78,81,82,83,86,88,94" m="6697,15914" machi="83" ten="30,12000,2" yaku="8,1,52,3,54,2" doraHai="39" who="0" fromWho="2" sc="260,120,340,0,260,-120,140,0" owari="380,48.0,340,14.0,140,-26.0,140,-36.0" /></mjloggm>