<mjloggm ver="2.3"><GO type="225" lobby="0"/><UN n0="%77%72%77%72%77%72%77%72" n1="%E5%A4%9C%E5%85%89%E5%A4%A9%E6%A5%BC" n2="%72%65%6E%6B%75%6E" n3="%E3%81%B5%E3%81%98%E3%81%8B%E3%81%A4" dan="17,16,17,16" rate="2192.08,2139.64,2239.71,2181.03" sx="M,M,M,M"/><TAIKYOKU oya="0"/><INIT seed="0,0,0,2,2,33" ten="250,250,250,250" oya="0" hai0="121,44,106,129,10,91,82,68,63,13,115,53,119" hai1="126,50,125,85,108,49,117,28,11,6,114,5,74" hai2="34,56,61,41,66,45,18,113,30,79,47,0,116" hai3="132,100,27,70,64,48,42,123,98,104,12,69,8"/><T80/><D115/><U24/><E117/><V120/><F113/><W1/><G123/><T4/><D119/><U26/><E74/><V92/><F116/><W99/><G132/><T37/><D121/><U131/><E114/><V77/><F120/><W130/><G130/><T127/><D129/><U124/><E131/><V81/><F0/><W46/><G27/><N who="1" m="10282" /><E28/><V21/><F30/><W122/><G122/><T78/><D106/><U101/><E108/><V25/><F34/><W15/><G98/><T135/><D135/><U23/><E23/><V2/><F2/><W31/><G31/><T38/><D127/><U62/><E62/><V7/><F7/><N who="1" m="2569" /><E11/><V20/><F20/><W40/><G40/><T94/><D68/><U57/><E57/><V83/><F92/><W59/><G59/><T118/><D118/><U9/><E9/><V67/><F67/><W54/><G42/><T102/><D102/><U95/><E101/><V84/><REACH who="2" step="1"/><F41/><REACH who="2" ten="250,250,240,250" step="2"/><W96/><G64/><T58/><D82/><U133/><E133/><V93/><F93/><W128/><G1/><T97/><REACH who="0" step="1"/><D44/><REACH who="0" ten="240,250,240,250" step="2"/><U60/><E124/><V36/><F36/><W43/><G46/><T86/><AGARI ba="0,2" hai="4,10,13,37,38,53,58,63,78,80,86,91,94,97" machi="86" ten="20,12000,1" yaku="1,1,2,1,0,1,7,1,53,1" doraHai="33" doraHaiUra="72" who="0" fromWho="0" sc="240,140,250,-40,240,-40,250,-40" /><INIT seed="0,1,0,3,2,19" ten="380,210,200,210" oya="0" hai0="45,71,56,109,36,126,134,124,34,6,50,111,76" hai1="14,102,46,41,13,116,47,89,79,66,81,23,25" hai2="77,123,15,40,112,70,24,22,74,35,18,59,121" hai3="54,104,7,27,115,26,33,73,49,119,20,68,28"/><T91/><D34/><U72/><E116/><V85/><F112/><W88/><G119/><T31/><D6/><U64/><E102/><V100/><F70/><W93/><G115/><T39/><D31/><U130/><E130/><V55/><F74/><W129/><G68/><T67/><D71/><U3/><E3/><V127/><F100/><W38/><G129/><T42/><D76/><U37/><E89/><V9/><F40/><W84/><G73/><T117/><D117/><U12/><REACH who="1" step="1"/><E47/><REACH who="1" ten="380,200,200,210" step="2"/><V63/><F127/><N who="0" m="48682" /><D91/><U97/><E97/><V90/><F77/><W51/><G104/><T2/><D2/><U61/><E61/><V118/><F118/><W132/><G132/><T114/><D134/><U92/><E92/><V87/><F35/><W8/><G38/><N who="0" m="14379" /><D114/><U80/><E80/><V106/><F106/><W17/><REACH who="3" step="1"/><G54/><REACH who="3" ten="380,200,200,200" step="2"/><N who="0" m="31831" /><D67/><U108/><E108/><V83/><REACH who="2" step="1"/><F87/><REACH who="2" ten="380,200,190,200" step="2"/><W94/><G94/><T120/><D109/><U131/><E131/><V60/><F60/><W10/><G10/><T53/><D111/><U0/><E0/><AGARI ba="1,3" hai="0,7,8,17,20,26,27,28,33,49,51,84,88,93" machi="0" ten="30,7700,0" yaku="1,1,7,1,52,1,54,1,53,0" doraHai="19" doraHaiUra="107" who="3" fromWho="1" sc="380,0,200,-80,190,0,200,110" /><INIT seed="1,0,0,4,5,103" ten="380,120,190,310" oya="1" hai0="131,32,7,90,21,91,56,97,27,113,112,15,33" hai1="59,109,58,26,57,42,74,134,65,110,121,28,10" hai2="83,105,117,13,81,3,86,124,14,120,67,19,114" hai3="8,20,125,104,107,23,35,41,49,29,16,133,34"/><U73/><E121/><V2/><F67/><W44/><G125/><T78/><D131/><U48/><E134/><V45/><F120/><W92/><G133/><T51/><D78/><U75/><E65/><V6/><F117/><W115/><G115/><T132/><D132/><U61/><E61/><V82/><F114/><W1/><G23/><T111/><D111/><N who="1" m="42507" /><E10/><V50/><F124/><W64/><G92/><T9/><D32/><N who="1" m="20503" /><E42/><V80/><F105/><W22/><G22/><T46/><D33/><U84/><E84/><V127/><F127/><W96/><G96/><T55/><D113/><U62/><E62/><V87/><F6/><N who="3" m="1103" /><G64/><T99/><D112/><U68/><E48/><V63/><F63/><W4/><G35/><T85/><D85/><U71/><AGARI ba="0,0" hai="57,58,59,68,71,73,74,75" m="20503,42507" machi="71" ten="40,3900,0" yaku="14,1,10,1" doraHai="103" who="1" fromWho="1" sc="380,-13,120,39,190,-13,310,-13" /><INIT seed="1,1,0,2,1,117" ten="367,159,177,297" oya="1" hai0="29,2,34,116,15,132,38,130,44,92,119,37,47" hai1="51,45,103,134,31,25,80,122,53,85,17,115,110" hai2="12,68,56,133,63,62,48,97,1,18,73,19,75" hai3="16,121,61,102,65,113,58,5,43,105,9,107,26"/><U7/><E115/><V98/><F1/><W123/><G113/><T50/><D2/><U108/><E103/><V91/><F133/><W72/><G72/><T78/><D132/><U22/><E134/><V99/><F91/><W71/><G43/><T76/><D130/><U81/><E7/><V21/><F48/><W93/><G93/><T41/><D34/><U74/><E74/><V125/><F125/><W6/><G6/><T94/><D29/><U46/><E122/><N who="3" m="46602" /><G16/><T42/><D50/><U128/><E128/><V118/><F118/><W30/><G58/><T95/><D95/><U27/><E46/><V100/><F100/><W120/><G102/><T24/><D15/><U57/><E57/><V114/><F114/><W127/><G127/><T77/><D77/><U124/><E124/><V54/><REACH who="2" step="1"/><F18/><REACH who="2" ten="367,159,167,297" step="2"/><W135/><G135/><T104/><D119/><U111/><REACH who="1" step="1"/><E85/><REACH who="1" ten="367,149,167,297" step="2"/><V70/><F70/><W35/><G120/><T82/><D116/><U69/><E69/><V66/><AGARI ba="1,2" hai="12,19,21,54,56,62,63,66,68,73,75,97,98,99" machi="66" ten="30,7900,0" yaku="1,1,0,1,53,2" doraHai="117" doraHaiUra="106" who="2" fromWho="2" sc="367,-21,149,-40,167,102,297,-21" /><INIT seed="2,0,0,3,1,55" ten="346,109,269,276" oya="2" hai0="123,58,21,14,24,106,7,72,109,53,48,74,110" hai1="66,54,80,118,26,133,47,10,97,96,120,128,46" hai2="50,61,119,134,37,57,132,76,108,41,105,32,71" hai3="100,17,126,64,1,124,73,15,8,12,39,79,59"/><V94/><F105/><W78/><G39/><T83/><D106/><U69/><E118/><V36/><F32/><W22/><G100/><T91/><D123/><U51/><E120/><V92/><F119/><W87/><G73/><T2/><D2/><U85/><E128/><V77/><F71/><W34/><G34/><T95/><D83/><U6/><E133/><N who="2" m="51307" /><F50/><W115/><G1/><T52/><D53/><U101/><E26/><V62/><F108/><N who="0" m="41578" /><D14/><U42/><E101/><V67/><F62/><N who="3" m="37983" /><G87/><N who="0" m="52735" /><D7/><U127/><E127/><N who="3" m="48682" /><G115/><T3/><D3/><U75/><E75/><V18/><F18/><AGARI ba="0,0" hai="8,12,15,17,18,22,78,79" m="48682,37983" machi="18" ten="30,2000,0" yaku="18,1,52,1" doraHai="55" who="3" fromWho="2" sc="346,0,109,0,269,-20,276,20" /><AGARI ba="0,0" hai="18,21,24,48,52,58,72,74" m="52735,41578" machi="18" ten="30,3900,0" yaku="14,1,52,1,54,1" doraHai="55" who="0" fromWho="2" sc="346,39,109,0,249,-39,296,0" /><INIT seed="3,0,0,4,1,133" ten="385,109,210,296" oya="3" hai0="90,121,37,36,119,54,109,22,10,126,34,69,44" hai1="95,18,116,75,107,93,35,110,79,94,7,114,13" hai2="96,12,65,105,23,86,66,32,127,68,92,8,56" hai3="47,11,51,82,70,55,3,4,88,123,58,108,50"/><W33/><G123/><T43/><D34/><U131/><E114/><V20/><F32/><W27/><G70/><T78/><D121/><U83/><E107/><V111/><F111/><W103/><G108/><T71/><D109/><U40/><E110/><V38/><F38/><W62/><G103/><T98/><D119/><U48/><E116/><V80/><F105/><W115/><G115/><T42/><D78/><U52/><E131/><V1/><F1/><W6/><G6/><T106/><D22/><U100/><E35/><V130/><F68/><W124/><G124/><T87/><D54/><U26/><E40/><V25/><F130/><W81/><G51/><T29/><D29/><U125/><E26/><V19/><F127/><W21/><G33/><T67/><D67/><U59/><E7/><V60/><F65/><W53/><REACH who="3" step="1"/><G88/><REACH who="3" ten="385,109,210,286" step="2"/><T2/><D126/><U99/><REACH who="1" step="1"/><E125/><REACH who="1" ten="385,99,210,286" step="2"/><V14/><F25/><W45/><G45/><T72/><D44/><U112/><E112/><V122/><F122/><W91/><G91/><T9/><D90/><U117/><E117/><V135/><F135/><W128/><G128/><T64/><D71/><U113/><E113/><V97/><F97/><W89/><G89/><T84/><D69/><U0/><E0/><V39/><F96/><W134/><G134/><T63/><D2/><U73/><E73/><V17/><F12/><W16/><AGARI ba="0,2" hai="3,4,11,16,21,27,47,50,53,55,58,62,81,82" machi="16" ten="20,7800,0" yaku="1,1,0,1,7,1,54,1,53,0" doraHai="133" doraHaiUra="61" who="3" fromWho="3" sc="385,-26,99,-26,210,-26,286,98" owari="359,15.9,73,-42.7,184,-21.6,384,48.4" /></mjloggm>