<mjloggm ver="2.3"><GO type="225" lobby="0"/><UN n0="%61%69%73%79%6F" n1="%E5%86%B7%E5%87%8D%E3%82%AE%E3%83%A7%E3%83%BC%E3%82%B6" n2="%E3%81%B6%E3%82%8B%E3%82%8B%E3%81%B6%E3%81%B6" n3="%E6%A1%9C%E8%8A%B1%E9%96%83%E3%80%85" dan="17,16,16,16" rate="2211.93,2125.29,2029.90,2117.74" sx="M,M,M,M"/><TAIKYOKU oya="0"/><INIT seed="0,0,0,0,4,65" ten="250,250,250,250" oya="0" hai0="36,51,53,4,129,108,76,93,85,79,105,47,119" hai1="104,130,125,135,32,73,45,28,46,116,114,131,34" hai2="121,103,96,128,70,31,132,118,109,9,18,25,38" hai3="43,17,95,23,0,97,101,122,99,63,134,40,64"/><T37/><D119/><U115/><E116/><V3/><F103/><W39/><G134/><T100/><D129/><N who="1" m="49163" /><E104/><V26/><F96/><W27/><G0/><T29/><D108/><U10/><E73/><V58/><F58/><W110/><G122/><T56/><D105/><U81/><E81/><V55/><F55/><W117/><G117/><T92/><D29/><U12/><E125/><V106/><F38/><W72/><G72/><T87/><D4/><N who="1" m="3143" /><E28/><V80/><F80/><W91/><G39/><T35/><D35/><N who="1" m="13355" /><E135/><V78/><F106/><W1/><G1/><T59/><D53/><U82/><E82/><V15/><F31/><W120/><G120/><T6/><D6/><U52/><E45/><V2/><F121/><W77/><G77/><T90/><D47/><U123/><E123/><V61/><F78/><W124/><G124/><T49/><REACH who="0" step="1"/><D90/><REACH who="0" ten="240,250,250,250" step="2"/><U71/><E71/><V113/><F70/><W19/><G110/><T42/><D42/><U41/><E52/><V60/><F109/><W67/><G17/><T68/><D68/><U13/><E46/><V14/><F128/><W102/><G91/><T86/><D86/><U16/><E41/><V83/><F118/><W98/><G98/><T75/><D75/><U127/><E127/><V57/><F132/><W69/><G67/><T54/><D54/><U126/><E126/><V111/><F111/><W66/><G64/><T133/><D133/><U33/><E33/><V44/><F44/><W5/><G5/><T11/><D11/><AGARI ba="0,1" hai="11,13,16,114,115" m="13355,3143,49163" machi="11" ten="30,7700,0" yaku="19,1,34,2,54,1" doraHai="65" who="1" fromWho="0" sc="240,-77,250,87,250,0,250,0" /><INIT seed="1,0,0,5,2,22" ten="163,337,250,250" oya="1" hai0="95,20,24,58,23,125,8,104,33,39,122,68,98" hai1="18,62,116,96,49,17,133,65,81,70,26,107,21" hai2="115,117,47,94,44,91,38,56,41,71,54,7,4" hai3="67,108,43,114,79,37,85,126,102,120,29,110,86"/><U100/><E116/><V93/><F117/><W87/><G120/><T131/><D122/><U35/><E133/><V74/><F115/><W63/><G114/><T25/><D68/><U101/><E101/><V134/><F74/><W32/><G126/><T118/><D39/><U16/><E81/><V80/><F134/><W99/><G43/><T12/><D104/><U97/><E97/><V88/><F47/><W132/><G37/><T59/><D33/><U51/><REACH who="1" step="1"/><E35/><REACH who="1" ten="163,327,250,250" step="2"/><V66/><F80/><W106/><G132/><T130/><D118/><U48/><AGARI ba="0,1" hai="16,17,18,21,26,48,49,51,62,65,70,96,100,107" machi="48" ten="30,12000,1" yaku="1,1,2,1,0,1,52,1,54,1,53,0" doraHai="22" doraHaiUra="90" who="1" fromWho="1" sc="163,-40,327,130,250,-40,250,-40" /><INIT seed="1,1,0,3,3,2" ten="123,457,210,210" oya="1" hai0="82,128,109,134,33,13,120,85,66,17,89,22,114" hai1="54,23,18,96,59,103,62,76,52,58,88,124,81" hai2="19,39,127,7,67,50,101,105,46,110,104,63,97" hai3="1,12,107,83,132,37,111,40,115,57,51,5,69"/><U94/><E124/><V4/><F110/><W117/><G12/><T25/><D109/><U75/><E103/><V53/><F127/><W44/><G111/><T118/><D114/><U74/><E74/><V99/><F39/><W21/><G21/><T71/><D118/><U55/><E59/><V133/><F133/><W32/><G32/><T86/><D134/><U79/><E79/><V95/><F19/><W27/><G27/><AGARI ba="1,0" hai="18,23,27,52,54,55,58,62,75,76,81,88,94,96" machi="27" ten="30,12000,1" yaku="7,1,25,2,54,2" doraHai="2" who="1" fromWho="3" sc="123,0,457,123,210,0,210,-123" /><INIT seed="1,2,0,0,1,43" ten="123,580,210,87" oya="1" hai0="22,26,55,94,134,4,90,48,2,133,98,28,113" hai1="104,119,56,27,95,51,59,124,125,64,122,97,12" hai2="76,67,116,111,23,25,132,0,120,117,73,9,79" hai3="69,21,71,75,53,8,33,10,54,45,88,128,86"/><U92/><E119/><V60/><F120/><W3/><G33/><T70/><D70/><U20/><E122/><V39/><F132/><W15/><G75/><T91/><D113/><U63/><E104/><V103/><F111/><W83/><G128/><T89/><D4/><U93/><E12/><V16/><F103/><W85/><G3/><T126/><D126/><U108/><E108/><V32/><F39/><W58/><G69/><T82/><D2/><U131/><E131/><V65/><F65/><W18/><G71/><T107/><D107/><U81/><E81/><V35/><F116/><W46/><G86/><T109/><D109/><U34/><E34/><V118/><F118/><W135/><G135/><N who="0" m="51723" /><D82/><U50/><E97/><V5/><F117/><W47/><G54/><T6/><D6/><U66/><E66/><V17/><F17/><W84/><G85/><T44/><AGARI ba="2,0" hai="22,26,28,44,48,55,89,90,91,94,98" m="51723" machi="44" ten="30,2000,0" yaku="20,1,52,1" doraHai="43" who="0" fromWho="0" sc="123,26,580,-12,210,-7,87,-7" /><INIT seed="2,0,0,4,2,29" ten="149,568,203,80" oya="2" hai0="74,44,87,100,109,9,37,95,26,18,122,55,56" hai1="8,2,20,0,111,43,13,99,17,52,24,92,47" hai2="115,86,72,117,131,63,107,22,94,91,28,6,41" hai3="60,98,85,12,84,114,25,106,124,57,66,7,30"/><V123/><F117/><W75/><G124/><T118/><D74/><U80/><E80/><V90/><F123/><W79/><G114/><T59/><D122/><U39/><E52/><V61/><F115/><W69/><G57/><T40/><D109/><U50/><E39/><V3/><F107/><W82/><G12/><T103/><D118/><U135/><E135/><V88/><F72/><W49/><G49/><T54/><D26/><U76/><E76/><V128/><F41/><W134/><G7/><T70/><D18/><U129/><E129/><N who="2" m="49739" /><F6/><W68/><G68/><T11/><D70/><U58/><E58/><V125/><F3/><W5/><G5/><T23/><D23/><U64/><E64/><V78/><F125/><W83/><G83/><T4/><D9/><U97/><E111/><V112/><F112/><W120/><G134/><T89/><D59/><U67/><E67/><V130/><F130/><W73/><G73/><T110/><D54/><U35/><E99/><V119/><F119/><W62/><G62/><N who="2" m="23561" /><F78/><W51/><G51/><T10/><D110/><U33/><E0/><V102/><F102/><N who="0" m="38954" /><D4/><U48/><E2/><V36/><F36/><W1/><G120/><T116/><D116/><U133/><E133/><V19/><F28/><W21/><G1/><T16/><D16/><U101/><E48/><V105/><F105/><W14/><G14/><AGARI ba="0,0" hai="14,19,22,86,88,90,91,94" m="23561,49739" machi="14" ten="30,2900,0" yaku="19,1,54,1" doraHai="29" who="2" fromWho="3" sc="149,0,568,0,203,29,80,-29" /><INIT seed="2,1,0,3,5,9" ten="149,568,232,51" oya="2" hai0="109,50,11,60,44,122,117,4,86,97,76,7,114" hai1="79,78,32,103,21,116,5,13,105,2,123,108,75" hai2="106,135,23,70,46,112,53,74,27,130,100,99,129" hai3="92,131,64,126,39,93,72,54,127,38,132,8,35"/><V96/><F112/><W83/><G54/><T10/><D114/><U40/><E32/><V115/><F115/><W3/><G92/><T15/><D122/><U61/><E108/><V77/><F70/><W62/><G93/><T26/><D109/><U87/><E75/><V85/><F74/><W104/><G104/><T89/><D117/><U111/><E2/><V88/><F77/><N who="3" m="44455" /><G35/><T101/><D76/><U90/><E103/><V110/><F110/><W68/><G131/><N who="2" m="50185" /><F135/><W22/><G22/><T134/><D26/><U73/><E73/><V41/><F53/><W24/><G24/><T128/><D60/><U42/><E78/><V51/><F100/><W28/><G28/><T124/><D134/><U52/><E79/><V55/><F55/><W67/><G67/><T91/><D128/><U49/><E61/><V17/><F106/><W18/><G18/><T107/><D124/><N who="3" m="47657" /><G132/><T30/><D30/><U33/><E105/><V16/><F17/><W95/><G95/><AGARI ba="1,0" hai="16,23,27,41,46,51,85,88,95,96,99" m="50185" machi="95" ten="30,5800,0" yaku="19,1,54,2" doraHai="9" who="2" fromWho="3" sc="149,0,568,0,232,61,51,-61" owari="149,-25.1,568,66.8,293,9.3,-10,-51.0" /></mjloggm>