<mjloggm ver="2.3"><GO type="225" lobby="0"/><UN n0="%33%74%72%65%65" n1="%E3%81%A4%E3%81%A3%E3%81%B1%E3%82%8A%E3%83%9D%E3%83%BC%E3%83%AB" n2="%E9%B3%B3%E6%9D%B1%E3%81%AE%E3%81%86%E3%81%95%E3%81%8E%E3%81%95%E3%82%93" n3="%E7%89%B9%E6%9D%B1%E3%81%AF%E4%B8%96%E7%95%8C%E3%82%92%E6%95%91%E3%81%86" dan="16,16,17,16" rate="2138.19,2139.10,2220.61,2171.34" sx="F,M,M,M"/><TAIKYOKU oya="0"/><INIT seed="0,0,0,2,0,5" ten="250,250,250,250" oya="0" hai0="112,17,59,73,38,0,72,66,35,70,2,81,95" hai1="104,135,79,22,50,44,120,46,87,12,121,63,34" hai2="60,90,13,89,54,58,18,26,30,16,103,111,80" hai3="37,71,23,101,67,45,97,99,122,93,15,102,129"/><T52/><D112/><U75/><E34/><V98/><F111/><W61/><G129/><T41/><D35/><U25/><E104/><V118/><F118/><W62/><G122/><T113/><D113/><U83/><E135/><V127/><F127/><W8/><G23/><T92/><D17/><U3/><E3/><V7/><F7/><W9/><G61/><N who="0" m="40271" /><D2/><U77/><E12/><V116/><F116/><W49/><G37/><T88/><D0/><U4/><E4/><V57/><F57/><W65/><G65/><T11/><D81/><U119/><E119/><V47/><F47/><W43/><REACH who="3" step="1"/><G15/><REACH who="3" ten="250,250,250,240" step="2"/><T107/><D38/><U131/><E63/><V110/><F13/><W21/><G21/><T40/><D40/><U115/><E22/><V123/><F123/><W19/><G19/><T100/><D41/><U124/><E121/><V68/><F16/><W32/><G32/><T132/><D132/><U27/><E120/><V109/><F18/><W39/><G39/><T82/><D52/><U24/><E131/><V42/><F42/><W51/><G51/><T20/><D20/><U133/><E50/><V91/><F68/><W36/><G36/><T85/><D59/><U117/><E133/><V78/><F30/><W29/><G29/><T28/><D28/><U114/><E117/><V94/><REACH who="2" step="1"/><F26/><REACH who="2" ten="250,250,240,240" step="2"/><W84/><G84/><AGARI ba="0,2" hai="54,58,60,78,80,84,89,90,91,94,98,103,109,110" machi="84" ten="40,2600,0" yaku="1,1,2,1,53,0" doraHai="5" doraHaiUra="31" who="2" fromWho="3" sc="250,0,250,0,240,46,240,-26" /><INIT seed="1,0,0,0,0,83" ten="250,250,286,214" oya="1" hai0="20,123,62,69,29,120,51,70,134,107,91,121,127" hai1="80,37,75,18,27,82,10,49,55,22,105,90,41" hai2="58,19,2,79,114,81,74,95,130,85,78,26,102" hai3="113,39,9,128,30,131,53,92,6,15,38,12,115"/><U109/><E105/><V112/><F2/><W31/><G92/><T43/><D134/><U16/><E109/><V64/><F64/><W86/><G53/><T133/><D133/><U14/><E75/><V11/><F58/><W84/><G9/><T40/><D127/><U48/><E37/><V28/><F130/><W135/><G135/><T97/><D62/><U100/><E100/><V50/><F50/><W106/><G106/><T25/><D107/><U1/><E1/><V63/><F63/><W108/><G6/><T71/><REACH who="0" step="1"/><D51/><REACH who="0" ten="240,250,286,214" step="2"/><U56/><E49/><V89/><F114/><W42/><G42/><T125/><D125/><U0/><E41/><V32/><F112/><W54/><G54/><T46/><D46/><U52/><E55/><V13/><F74/><W99/><G99/><T8/><D8/><U65/><E65/><V132/><F132/><W45/><G108/><T101/><D101/><U94/><E0/><V60/><F60/><W66/><G66/><T77/><D77/><U76/><E76/><V72/><F72/><W87/><G87/><AGARI ba="0,1" hai="10,14,16,18,22,27,48,52,56,80,82,87,90,94" machi="87" ten="30,12000,1" yaku="7,1,8,1,52,1,54,2" doraHai="83" who="1" fromWho="3" sc="240,0,250,130,286,0,214,-120" /><INIT seed="1,1,0,2,3,116" ten="240,380,286,94" oya="1" hai0="60,44,97,123,62,117,68,20,12,8,87,48,91" hai1="134,120,76,93,30,99,0,103,80,21,42,85,54" hai2="55,64,35,11,34,27,65,73,125,47,127,105,83" hai3="107,114,51,2,100,31,115,25,5,121,124,9,74"/><U40/><E120/><V119/><F105/><W4/><G124/><N who="2" m="47689" /><F119/><W77/><G4/><T53/><D123/><U22/><E134/><V41/><F55/><W3/><G3/><T98/><D117/><U66/><E0/><V111/><F111/><W23/><G121/><T37/><D20/><N who="1" m="7787" /><E30/><N who="2" m="19807" /><F11/><W81/><G100/><T135/><D135/><U89/><E66/><V133/><F35/><W113/><G107/><T95/><D37/><U102/><E54/><V50/><F133/><W82/><G82/><T1/><D1/><U52/><E52/><V45/><F45/><W109/><REACH who="3" step="1"/><G51/><REACH who="3" ten="240,380,286,84" step="2"/><T43/><D48/><U29/><E29/><V88/><F83/><W132/><G132/><T96/><D95/><N who="1" m="58751" /><E103/><V18/><F50/><W26/><G26/><T130/><D130/><U13/><E13/><V79/><F73/><W84/><G84/><T118/><D87/><U17/><E93/><V24/><F24/><W38/><G38/><T101/><D12/><U10/><E80/><V70/><F79/><W56/><G56/><T16/><D101/><U49/><E49/><V104/><F104/><W71/><G71/><T58/><D118/><U72/><E76/><V6/><F6/><W46/><G46/><T126/><D126/><U39/><E72/><V32/><F47/><W15/><G15/><N who="0" m="7271" /><D44/><U129/><E39/><V19/><F70/><W108/><AGARI ba="1,1" hai="2,5,9,23,25,31,74,77,81,108,109,113,114,115" machi="108" ten="40,2700,0" yaku="1,1,0,1,53,0" doraHai="116" doraHaiUra="63" who="3" fromWho="3" sc="240,-8,380,-14,286,-8,84,40" /><INIT seed="2,0,0,5,4,91" ten="232,366,278,124" oya="2" hai0="19,32,47,122,41,98,54,39,85,119,24,131,28" hai1="63,67,112,29,94,97,66,35,130,45,87,26,31" hai2="51,27,53,69,18,43,4,95,128,93,61,76,135" hai3="38,8,72,14,20,86,100,129,68,40,21,59,75"/><V110/><F128/><W105/><G129/><T9/><D122/><U65/><E130/><V125/><F135/><W108/><G108/><T101/><D131/><U79/><E112/><V56/><F125/><W82/><G68/><T42/><D119/><U11/><E31/><V127/><F127/><W55/><G38/><T48/><D85/><U64/><E11/><V74/><F110/><W52/><G40/><T81/><D81/><U117/><E117/><V50/><F4/><W44/><G44/><T62/><D62/><U15/><E15/><V16/><F74/><W34/><G34/><T10/><D19/><N who="2" m="7210" /><F69/><W70/><G70/><T60/><D60/><U25/><E45/><N who="2" m="25919" /><F76/><W2/><G2/><T46/><REACH who="0" step="1"/><D41/><REACH who="0" ten="222,366,278,124" step="2"/><U12/><E63/><V124/><F124/><W134/><G75/><T104/><AGARI ba="0,1" hai="9,10,24,28,32,39,42,46,47,48,54,98,101,104" machi="104" ten="20,5200,0" yaku="1,1,2,1,0,1,7,1,53,0" doraHai="91" doraHaiUra="107" who="0" fromWho="0" sc="222,62,366,-13,278,-26,124,-13" /><INIT seed="3,0,0,5,2,78" ten="284,353,252,111" oya="3" hai0="110,116,117,94,79,21,40,106,121,4,51,100,113" hai1="47,38,89,90,73,63,50,109,7,56,39,123,29" hai2="87,62,5,46,102,105,52,41,61,112,8,98,88" hai3="131,76,122,45,32,103,14,66,57,86,125,80,54"/><W2/><G131/><T97/><D121/><U31/><E73/><V75/><F75/><W34/><G125/><T27/><D110/><U0/><E123/><V58/><F112/><W130/><G130/><T65/><D113/><U9/><E109/><V95/><F61/><W42/><G2/><T15/><D65/><U93/><E89/><V85/><F85/><W91/><G122/><T23/><D106/><U20/><E20/><V124/><F124/><W48/><G66/><T81/><D40/><U26/><E26/><V19/><F19/><W108/><G108/><T49/><D116/><U71/><E71/><V17/><F17/><W64/><G64/><T33/><D33/><U115/><E115/><V83/><F105/><W44/><G103/><T132/><D132/><U1/><E1/><V35/><F35/><W120/><G120/><T37/><D37/><U67/><E39/><V70/><F70/><W10/><G91/><T43/><D117/><U72/><E72/><V133/><F133/><W107/><G107/><T30/><D43/><U55/><E38/><V128/><F128/><W84/><G84/><AGARI ba="0,0" hai="0,7,9,29,31,47,50,55,56,63,67,84,90,93" machi="84" ten="30,1000,0" yaku="7,1" doraHai="78" who="1" fromWho="3" sc="284,0,353,10,252,0,111,-10" owari="284,8.4,363,46.3,252,-14.8,101,-39.9" /></mjloggm>