<mjloggm ver="2.3"><GO type="225" lobby="0"/><UN n0="%54%4F%52" n1="%E3%82%A2%E3%83%BC%E3%83%A2%E3%83%AD%E3%83%BC%E3%83%B4%E3%82%A1" n2="%E7%89%B9%E6%9D%B1%E3%81%AF%E4%B8%96%E7%95%8C%E3%82%92%E6%95%91%E3%81%86" n3="%6E%69%63%6F%6E%74%6F" dan="17,16,16,17" rate="2248.08,2125.85,2155.10,2127.53" sx="M,M,M,M"/><TAIKYOKU oya="0"/><INIT seed="0,0,0,5,0,56" ten="250,250,250,250" oya="0" hai0="70,50,28,100,87,13,134,69,90,116,18,54,30" hai1="118,37,79,131,16,126,129,121,45,83,0,96,65" hai2="120,105,135,123,68,23,11,53,119,48,4,14,67" hai3="132,103,113,35,76,125,60,12,99,5,97,29,72"/><T108/><D116/><U20/><E118/><V110/><F119/><W114/><G35/><T122/><D122/><U1/><E121/><V91/><F105/><W38/><G29/><T88/><D134/><U80/><E96/><V98/><F135/><W112/><G38/><T109/><D100/><U95/><E95/><V43/><F43/><W52/><G132/><T32/><D69/><U9/><E65/><V130/><F110/><N who="0" m="42602" /><D70/><U82/><E79/><V57/><F130/><N who="1" m="49673" /><E9/><V128/><F128/><W71/><G71/><T85/><D85/><U117/><E126/><V33/><F33/><W127/><G72/><T92/><D90/><U34/><E34/><V86/><F98/><W104/><G76/><T7/><D7/><U27/><E117/><V24/><F68/><W81/><G81/><T101/><D101/><U36/><E37/><V133/><F133/><W51/><G99/><T40/><D40/><AGARI ba="0,0" hai="0,1,16,20,27,36,40,45,80,82,83" m="49673" machi="40" ten="30,2000,0" yaku="19,1,54,1" doraHai="56" who="1" fromWho="0" sc="250,-20,250,20,250,0,250,0" /><INIT seed="1,0,0,3,5,32" ten="230,270,250,250" oya="1" hai0="7,109,95,121,135,64,54,76,14,81,104,39,69" hai1="72,125,67,26,35,131,4,63,134,84,33,103,53" hai2="18,59,50,82,107,87,129,51,100,5,56,61,36" hai3="23,130,92,123,110,114,124,31,2,38,17,58,88"/><U74/><E131/><V73/><F36/><W94/><G110/><T25/><D104/><U45/><E125/><V8/><F73/><W20/><G124/><T21/><D109/><U47/><E134/><V24/><F129/><W96/><G130/><T46/><D135/><U83/><E103/><V111/><F111/><W99/><G123/><T101/><D121/><U119/><E119/><V127/><F127/><W37/><G2/><T90/><D101/><U91/><E4/><V9/><F100/><W106/><G106/><T44/><D69/><U113/><E113/><V19/><F107/><W43/><G58/><T34/><D64/><U89/><E89/><V27/><F5/><W128/><G128/><T29/><D39/><U62/><E62/><V65/><F87/><W105/><G105/><T28/><D28/><N who="1" m="19607" /><E35/><V52/><F82/><W75/><G75/><T16/><D54/><U80/><E53/><V40/><F40/><W71/><G71/><T66/><D66/><U118/><E118/><V98/><F98/><W55/><G55/><T15/><D7/><U132/><E132/><V97/><F97/><W41/><G31/><T1/><D1/><U10/><E10/><N who="2" m="4203" /><F51/><W79/><G79/><T42/><D42/><U0/><E0/><V108/><F108/><W60/><G60/><T70/><D70/><N who="1" m="42367" /><E72/><V86/><F86/><W116/><G116/><T68/><D68/><U117/><E117/><V126/><F126/><W112/><G88/><T22/><D34/><U3/><E3/><V78/><F78/><W93/><G93/><T11/><D76/><N who="1" m="46183" /><E74/><V102/><F102/><RYUUKYOKU ba="0,0" sc="230,-30,270,10,250,10,250,10" hai1="45,47,80,91" hai2="18,19,24,27,50,52,56,59,61,65" hai3="17,20,23,37,38,41,43,92,94,96,99,112,114" /><INIT seed="1,1,0,0,3,104" ten="200,280,260,260" oya="1" hai0="120,92,58,33,36,84,109,85,29,98,70,26,41" hai1="121,46,106,75,52,72,90,93,3,19,51,31,18" hai2="89,30,57,124,128,4,112,76,113,13,25,95,48" hai3="11,66,27,6,39,5,125,34,49,96,116,44,16"/><U102/><E121/><V59/><F128/><W87/><G39/><T78/><D70/><U64/><E3/><V60/><F124/><W69/><G125/><T80/><D120/><U12/><E31/><V110/><F110/><W130/><G130/><T108/><D58/><U88/><E64/><V20/><F76/><W127/><G127/><T53/><D53/><U54/><E54/><V97/><F48/><W61/><G116/><T114/><D114/><N who="2" m="44138" /><F60/><W37/><G37/><T71/><D71/><U28/><E28/><V55/><F55/><W0/><G6/><T74/><D41/><U9/><E19/><N who="2" m="10351" /><F4/><W119/><G119/><T1/><D1/><U32/><E32/><AGARI ba="1,0" hai="25,30,32,57,59,89,95,97" m="10351,44138" machi="32" ten="30,1000,0" yaku="11,1" doraHai="104" who="2" fromWho="1" sc="200,0,280,-13,260,13,260,0" /><INIT seed="2,0,0,0,5,7" ten="200,267,273,260" oya="2" hai0="125,122,128,94,75,71,135,8,61,134,81,87,49" hai1="84,43,73,107,101,92,36,1,11,95,132,56,106" hai2="97,48,76,70,50,121,32,78,117,25,80,16,44" hai3="2,65,30,126,13,83,45,12,123,127,10,88,51"/><V46/><F117/><W98/><G123/><T4/><D122/><U111/><E73/><V6/><F121/><W21/><G65/><T17/><D128/><U120/><E56/><V100/><F70/><W23/><G2/><T82/><D125/><N who="3" m="47625" /><G13/><N who="0" m="5255" /><D75/><U3/><E36/><V109/><F6/><N who="3" m="3159" /><G30/><T62/><D49/><U105/><E1/><V24/><F109/><W79/><G79/><T40/><D40/><U77/><E43/><V59/><F59/><W64/><G64/><T39/><D39/><U28/><E111/><V55/><F32/><W103/><G103/><T54/><D54/><U124/><E28/><V72/><F78/><W110/><G110/><T108/><D71/><U131/><E101/><V58/><F16/><W99/><G99/><T119/><D108/><U63/><E120/><V29/><F29/><W47/><G47/><T57/><D119/><U20/><E131/><V133/><F58/><W31/><G31/><T41/><D41/><U42/><E42/><V22/><F44/><W112/><G112/><T104/><D104/><U18/><E124/><V27/><F97/><W114/><G114/><T113/><D113/><U52/><E52/><V68/><F68/><W74/><G74/><T38/><D38/><U115/><E115/><V90/><F100/><W130/><G130/><T60/><D57/><U96/><E96/><V19/><F50/><W0/><G98/><T33/><D33/><U102/><E102/><V26/><F90/><W9/><G0/><T86/><D61/><U93/><E63/><V89/><F89/><W5/><G88/><N who="0" m="53527" /><D62/><U35/><E106/><RYUUKYOKU ba="0,0" sc="200,-10,267,-10,273,30,260,-10" hai2="19,22,24,25,26,27,46,48,55,72,76,80,133" /><INIT seed="2,1,0,4,2,120" ten="190,257,303,250" oya="2" hai0="0,89,44,109,93,43,95,122,59,45,78,106,53" hai1="63,113,12,26,22,32,88,7,104,105,64,65,97" hai2="49,110,80,27,52,76,29,24,21,111,33,131,34" hai3="16,60,132,31,124,28,103,23,126,3,87,118,99"/><V61/><F61/><W67/><G118/><T127/><D122/><U19/><E113/><V115/><F131/><W69/><G3/><T129/><D129/><U4/><E105/><V101/><F101/><W1/><G1/><T6/><D106/><U84/><E97/><V17/><F34/><W82/><G132/><T112/><D112/><U47/><E104/><V123/><F123/><W9/><G99/><T72/><D127/><N who="3" m="48681" /><G9/><T57/><D93/><U94/><E47/><V15/><F115/><W55/><G55/><T119/><D119/><U58/><E32/><V98/><F98/><W35/><G35/><T90/><D45/><U81/><E64/><V11/><F52/><W134/><G134/><T10/><D109/><U39/><E39/><V36/><F36/><W77/><G103/><T40/><D40/><U41/><E41/><V2/><F49/><W5/><G5/><N who="1" m="2122" /><E12/><AGARI ba="1,0" hai="12,16,23,28,31,60,67,69,77,82,87" m="48681" machi="12" ten="30,2000,0" yaku="18,1,54,1" doraHai="120" who="3" fromWho="1" sc="190,0,257,-23,303,0,250,23" /><INIT seed="3,0,0,0,3,55" ten="190,234,303,273" oya="3" hai0="111,60,46,25,59,95,47,32,42,48,88,98,37" hai1="78,6,86,19,107,7,63,132,36,90,65,119,10" hai2="83,30,113,33,54,112,96,85,26,104,15,57,99" hai3="106,44,11,61,45,122,69,70,72,35,77,2,89"/><W73/><G122/><T31/><D111/><U115/><E115/><V131/><F131/><W84/><G106/><T134/><D134/><U117/><E36/><V114/><F15/><W49/><G35/><T130/><D130/><U53/><E107/><V3/><F3/><W29/><G29/><T133/><D133/><U123/><E53/><V22/><F33/><W121/><G121/><T92/><D92/><N who="1" m="54359" /><E78/><V28/><F28/><W80/><G73/><T13/><D13/><N who="1" m="7607" /><E123/><V110/><F104/><W40/><G45/><T17/><D17/><U62/><E62/><V34/><F34/><W82/><G61/><T9/><D9/><U108/><E108/><V66/><F66/><W76/><REACH who="3" step="1"/><G77/><REACH who="3" ten="190,234,303,263" step="2"/><T100/><D100/><U24/><E132/><V18/><F30/><W71/><G71/><T16/><D16/><U50/><E63/><V23/><F110/><W124/><G124/><T67/><REACH who="0" step="1"/><D47/><REACH who="0" ten="180,234,303,263" step="2"/><U27/><E6/><AGARI ba="0,2" hai="2,6,11,40,44,49,69,70,72,76,80,82,84,89" machi="6" ten="40,7700,0" yaku="1,1,53,2" doraHai="55" doraHaiUra="79" who="3" fromWho="1" sc="180,0,234,-77,303,0,263,97" owari="180,-22.0,157,-34.3,303,10.3,360,46.0" /></mjloggm>