<mjloggm ver="2.3"><GO type="225" lobby="0"/><UN n0="%E5%B0%8F%E9%B3%A5%E9%81%8A%E7%B7%B4%E7%84%A1%32%31%E6%AD%B3" n1="%E3%81%A8%E3%82%93%E3%81%A8%E3%81%93%E3%81%A8%E3%82%93" n2="%4B%2E%32%2E%4B%2E" n3="%E3%81%BF%E3%81%BF%E3%81%9A" dan="16,16,17,16" rate="2202.25,2114.98,2170.14,2154.58" sx="F,F,M,M"/><TAIKYOKU oya="0"/><INIT seed="0,0,0,2,1,52" ten="250,250,250,250" oya="0" hai0="46,96,103,48,83,34,114,10,129,99,87,66,117" hai1="110,119,91,9,51,23,111,28,64,84,17,65,16" hai2="6,123,24,63,54,78,107,18,73,69,118,19,61" hai3="26,33,128,7,0,82,30,31,89,47,106,12,94"/><T45/><D117/><U11/><E119/><V71/><F107/><W37/><G106/><T59/><D114/><U35/><E51/><V1/><F118/><W15/><G128/><T133/><D34/><U50/><E35/><V38/><F123/><W134/><G31/><T126/><D133/><U77/><E77/><V13/><F38/><W27/><G26/><T95/><D129/><U39/><E50/><V14/><F6/><W120/><G82/><T8/><D99/><U109/><E39/><V97/><F97/><W108/><G134/><T132/><D126/><U115/><E28/><V116/><F1/><W101/><G101/><T80/><D80/><U42/><E42/><V90/><F90/><W56/><G120/><T102/><D102/><U53/><E53/><V32/><F54/><W67/><G108/><T74/><D74/><U60/><E115/><V81/><F32/><W79/><G79/><T20/><D20/><U76/><E76/><V86/><F24/><W40/><G7/><T135/><D135/><U125/><E125/><V85/><F78/><W127/><G0/><T58/><D66/><N who="1" m="25707" /><E60/><V104/><F73/><W92/><G127/><T55/><D45/><U2/><E2/><V75/><F75/><W62/><REACH who="3" step="1"/><G94/><REACH who="3" ten="250,250,250,240" step="2"/><T88/><D132/><U131/><E131/><V100/><F116/><W21/><G21/><T113/><D113/><U93/><E23/><V43/><F104/><W72/><G72/><T49/><REACH who="0" step="1"/><D48/><REACH who="0" ten="240,250,250,240" step="2"/><U25/><E25/><V124/><F124/><W41/><G41/><T105/><D105/><U44/><E44/><V98/><F43/><RYUUKYOKU ba="0,2" sc="240,10,250,10,250,-30,240,10" hai0="8,10,46,49,55,58,59,83,87,88,95,96,103" hai1="9,11,16,17,84,91,93,109,110,111" hai3="12,15,27,30,33,37,40,47,56,62,67,89,92" /><INIT seed="0,1,2,2,3,135" ten="250,260,220,250" oya="0" hai0="90,77,83,21,103,50,81,53,27,26,110,13,49" hai1="61,24,33,98,79,69,37,91,132,101,70,1,58" hai2="72,96,51,16,127,85,67,56,94,102,125,114,43" hai3="8,115,66,123,134,93,86,46,11,12,75,109,19"/><T55/><D103/><U104/><E1/><V116/><F72/><W6/><G115/><T64/><D64/><U28/><E132/><V4/><F114/><W78/><G75/><T122/><D122/><U23/><E37/><V22/><F116/><W108/><G134/><T39/><D39/><U80/><E91/><V5/><F85/><W73/><G73/><T68/><D68/><U10/><E10/><V35/><F35/><W124/><G123/><T71/><D71/><U52/><REACH who="1" step="1"/><E33/><REACH who="1" ten="250,250,220,250" step="2"/><V62/><F4/><W121/><G121/><T111/><D90/><U112/><E112/><V54/><F5/><W25/><G8/><T118/><D118/><U34/><E34/><V48/><F43/><W131/><G6/><T32/><D32/><U82/><E82/><V120/><F120/><W60/><G11/><T76/><D21/><U97/><E97/><V38/><F38/><W9/><G9/><T29/><D29/><U107/><E107/><V45/><REACH who="2" step="1"/><F51/><REACH who="2" ten="250,250,210,250" step="2"/><W87/><G78/><T113/><D113/><U130/><E130/><V18/><F18/><W129/><G19/><T74/><D74/><AGARI ba="1,4" hai="23,24,28,52,58,61,69,70,74,79,80,98,101,104" machi="74" ten="30,3900,0" yaku="1,1,7,1,54,1,53,0" doraHai="135" doraHaiUra="15" who="1" fromWho="0" sc="250,-42,250,82,210,0,250,0" /><INIT seed="1,0,0,1,3,80" ten="208,332,210,250" oya="1" hai0="81,50,38,101,85,95,79,67,23,120,17,16,20" hai1="25,128,90,5,131,135,86,35,11,44,91,107,10" hai2="94,43,84,45,39,133,87,30,6,102,34,125,75" hai3="122,1,40,117,104,110,42,70,29,97,126,21,113"/><U134/><E107/><V100/><F75/><W53/><G122/><T123/><D38/><U77/><E44/><V83/><F125/><W118/><G113/><T19/><D67/><U51/><E51/><V13/><F133/><N who="1" m="50697" /><E35/><V48/><F39/><W82/><G104/><T105/><D105/><U72/><E25/><V121/><F121/><N who="0" m="46666" /><D50/><U129/><E72/><V62/><F62/><W106/><G42/><T18/><N who="0" m="4096" /><DORA hai="36" /><T7/><D7/><U92/><E77/><N who="2" m="46191" /><F30/><W4/><G29/><T68/><D68/><U127/><E127/><V132/><F34/><W89/><G70/><T56/><D56/><U61/><E61/><V41/><F41/><W0/><G40/><T2/><D2/><N who="1" m="311" /><E11/><N who="2" m="4343" /><F132/><W55/><G106/><T103/><D95/><N who="1" m="54743" /><E131/><V54/><F54/><W66/><G53/><T46/><D46/><U52/><E52/><V57/><F57/><W111/><G55/><T119/><D119/><U99/><AGARI ba="0,0" hai="91,92,99,128,129" m="54743,311,50697" machi="99" ten="30,3000,0" yaku="20,1,52,1" doraHai="80,36" who="1" fromWho="1" sc="208,-10,332,30,210,-10,250,-10" /><INIT seed="1,1,0,4,1,66" ten="198,362,200,240" oya="1" hai0="52,109,34,83,57,20,55,22,79,0,77,60,94" hai1="107,91,17,106,131,28,122,97,74,51,45,121,90" hai2="134,76,73,112,72,70,7,54,33,6,108,85,49" hai3="1,43,126,15,105,48,96,128,38,118,71,26,62"/><U47/><E74/><V92/><F33/><W42/><G1/><T68/><D34/><U61/><E28/><V102/><F108/><W133/><G133/><T84/><D0/><U18/><E61/><V67/><F134/><W113/><G113/><T130/><D109/><U100/><E51/><V88/><F112/><W101/><G126/><T12/><D130/><U5/><E5/><V135/><F135/><W29/><G128/><T3/><D3/><U78/><E78/><V13/><F102/><W56/><G38/><T39/><D39/><U123/><E131/><V95/><F95/><W103/><G103/><T89/><D68/><U115/><E115/><V110/><F110/><W24/><G24/><T11/><D55/><U81/><E81/><V59/><F76/><W125/><G125/><T40/><D40/><U75/><E75/><V87/><F87/><W10/><G118/><T27/><D27/><U25/><E25/><V104/><F104/><W21/><G48/><T16/><REACH who="0" step="1"/><D77/><REACH who="0" ten="188,362,200,240" step="2"/><U30/><E121/><V2/><F2/><W44/><G71/><T65/><D65/><U119/><E122/><V124/><F124/><W23/><G43/><T80/><D80/><U129/><E129/><V32/><F32/><N who="3" m="20535" /><G42/><T14/><D14/><U99/><E123/><V98/><F70/><W50/><G15/><T82/><D82/><U117/><E119/><V111/><F111/><W9/><G44/><T19/><D19/><U58/><E117/><V37/><F37/><W93/><G105/><T86/><AGARI ba="1,1" hai="11,12,16,20,22,52,57,60,79,83,84,86,89,94" machi="86" ten="20,12000,2" yaku="1,1,0,1,7,1,8,1,54,2,53,0" doraHai="66" doraHaiUra="120" who="0" fromWho="0" sc="188,133,362,-61,200,-31,240,-31" /><INIT seed="2,0,0,3,4,48" ten="321,301,169,209" oya="2" hai0="68,27,9,106,30,117,84,101,131,6,122,20,127" hai1="121,36,109,40,132,88,1,107,102,86,134,100,10" hai2="99,95,29,116,42,64,57,114,33,16,119,62,110" hai3="37,72,60,90,4,103,63,97,43,82,75,105,8"/><V70/><F114/><W87/><G37/><T77/><D122/><U128/><E109/><V23/><F110/><W25/><G43/><T67/><D131/><U71/><E71/><V118/><F42/><W61/><REACH who="3" step="1"/><G25/><REACH who="3" ten="321,301,169,199" step="2"/><T85/><D27/><U104/><E36/><V92/><F33/><W54/><G54/><T21/><D117/><U44/><E40/><V59/><F29/><W34/><G34/><T14/><D30/><U93/><E121/><V47/><F47/><W135/><G135/><T69/><D67/><U81/><E44/><V13/><REACH who="2" step="1"/><F92/><REACH who="2" ten="321,301,159,199" step="2"/><W73/><G73/><T78/><D106/><U11/><E93/><V79/><F79/><W24/><G24/><T123/><D77/><U46/><E46/><V133/><F133/><W32/><G32/><T45/><D78/><U89/><E132/><V126/><F126/><W74/><G74/><T51/><D45/><U96/><E134/><V83/><F83/><W125/><G125/><T7/><D127/><U112/><E81/><V58/><F58/><W129/><G129/><T115/><D123/><U52/><E128/><V113/><F113/><W22/><G22/><T108/><D20/><U5/><E112/><V76/><F76/><W31/><G31/><T12/><D21/><U56/><E104/><V15/><F15/><AGARI ba="0,2" hai="4,8,15,60,61,63,72,75,82,87,90,97,103,105" machi="15" ten="40,2600,0" yaku="1,1,53,1" doraHai="48" doraHaiUra="94" who="3" fromWho="2" sc="321,0,301,0,159,-26,199,46" /><INIT seed="3,0,0,2,5,114" ten="321,301,133,245" oya="3" hai0="60,11,37,134,115,125,103,61,56,133,31,80,101" hai1="42,82,28,45,81,44,22,30,58,23,76,34,119" hai2="17,104,70,78,1,75,77,129,86,40,102,96,118" hai3="111,52,73,124,25,9,13,126,59,21,106,105,97"/><W95/><G73/><T6/><D115/><U90/><E34/><V63/><F1/><W91/><G111/><T53/><D37/><U87/><E119/><V107/><F17/><N who="3" m="12463" /><G13/><T55/><D125/><N who="3" m="48233" /><G9/><T24/><D80/><U48/><E58/><V112/><F70/><W7/><G7/><T132/><D53/><U5/><E5/><V12/><F12/><W128/><G128/><T130/><D60/><AGARI ba="0,0" hai="52,59,60,91,95,97,105,106" m="48233,12463" machi="60" ten="30,5800,0" yaku="25,1,18,1,54,1" doraHai="114" who="3" fromWho="0" sc="321,-58,301,0,133,0,245,58" owari="263,-13.7,301,10.1,133,-36.7,303,40.3" /></mjloggm>