<mjloggm ver="2.3"><GO type="225" lobby="0"/><UN n0="%E6%A1%9C%E8%8A%B1%E9%96%83%E3%80%85" n1="%E3%82%B7%E3%83%B3%E3%83%9C%E3%83%AA%E3%83%AB%E3%83%89%E3%83%AB%E3%83%95" n2="%E7%89%B9%E6%9D%B1%E3%81%AF%E4%B8%96%E7%95%8C%E3%82%92%E6%95%91%E3%81%86" n3="%74%61%6B%65%2D%79%6F%75" dan="17,17,16,16" rate="2185.98,2198.97,2116.22,2205.65" sx="M,M,M,M"/><TAIKYOKU oya="0"/><INIT seed="0,0,0,4,0,2" ten="250,250,250,250" oya="0" hai0="96,73,118,53,47,0,74,77,49,79,128,95,108" hai1="71,69,38,44,33,107,3,135,93,112,1,64,86" hai2="52,134,32,121,55,130,99,51,59,131,89,29,34" hai3="17,126,78,46,114,16,45,61,7,58,105,18,123"/><T37/><D118/><U115/><E86/><V119/><F121/><W91/><G114/><N who="1" m="43562" /><E93/><N who="2" m="56751" /><F29/><W36/><G123/><T127/><D127/><U20/><E20/><V10/><F119/><W4/><G126/><T82/><D128/><N who="2" m="49194" /><F134/><W85/><G105/><T92/><D108/><U113/><N who="1" m="43570" /><U104/><DORA hai="102" /><E33/><V68/><F68/><N who="1" m="26185" /><E64/><V75/><F75/><W117/><G78/><T30/><D30/><U63/><E63/><N who="2" m="36327" /><F10/><W111/><G111/><T90/><D74/><U87/><E87/><V54/><F54/><N who="3" m="34007" /><G36/><T8/><D37/><U14/><E14/><V129/><N who="2" m="49202" /><V12/><DORA hai="120" /><F12/><W94/><G117/><T116/><D116/><U6/><E135/><V26/><F26/><W21/><G21/><T106/><D73/><U88/><E88/><V83/><F83/><W65/><G65/><T48/><D82/><U60/><E60/><V23/><F23/><W125/><G125/><T28/><D90/><U124/><E124/><V67/><F67/><W101/><G101/><T81/><D81/><U70/><N who="1" m="26193" /><U103/><DORA hai="80" /><E103/><V40/><F34/><W84/><G84/><T109/><D79/><U56/><E1/><V100/><F100/><W110/><G110/><T76/><D109/><U41/><E56/><N who="2" m="32895" /><F32/><W9/><G9/><AGARI ba="0,0" hai="3,6,9,38,41,44,104,107" m="26193,43570" machi="9" ten="60,8000,1" yaku="11,1,23,1,52,3" doraHai="2,102,120,80" who="1" fromWho="3" sc="250,0,250,80,250,0,250,-80" /><INIT seed="1,0,0,0,2,1" ten="250,330,250,170" oya="1" hai0="95,106,25,51,16,103,87,82,110,20,30,92,74" hai1="18,105,98,36,88,43,66,3,93,96,14,33,89" hai2="81,69,0,71,49,111,67,101,62,19,39,109,99" hai3="91,40,100,28,134,132,121,8,126,107,64,124,21"/><U23/><E33/><V116/><F39/><W10/><G40/><T26/><D110/><N who="2" m="41994" /><F116/><W22/><G64/><T104/><D74/><U120/><E120/><V29/><F0/><W108/><G108/><T45/><D104/><U50/><E36/><V131/><F131/><W7/><G91/><T68/><D68/><U12/><E3/><V38/><F38/><W27/><G100/><T102/><D106/><U114/><E114/><V58/><F29/><W57/><G57/><T115/><D115/><U2/><E2/><V135/><F135/><N who="3" m="51755" /><G107/><T94/><D26/><U32/><E32/><V70/><F81/><W73/><G73/><T130/><D30/><U15/><E66/><V79/><F79/><W56/><G56/><T85/><D130/><U84/><E105/><N who="2" m="63679" /><F19/><W65/><G121/><T118/><D87/><U44/><E96/><V119/><F119/><W133/><G65/><T4/><D4/><U9/><E9/><N who="3" m="3690" /><G133/><T60/><D60/><U37/><E37/><V13/><F49/><W76/><G76/><N who="0" m="46279" /><D118/><U97/><E98/><V47/><F47/><W63/><G63/><T129/><D129/><U41/><E43/><AGARI ba="0,0" hai="16,20,25,43,45,51,92,94,95,102,103" m="46279" machi="43" ten="30,2000,0" yaku="8,1,54,1" doraHai="1" who="0" fromWho="1" sc="250,20,330,-20,250,0,170,0" /><INIT seed="2,0,0,3,1,50" ten="270,310,250,170" oya="2" hai0="103,80,90,16,75,51,69,38,127,18,21,70,65" hai1="33,84,77,95,122,113,120,101,131,99,79,92,76" hai2="97,27,60,57,126,62,9,93,32,1,55,22,108" hai3="12,134,58,105,20,115,129,117,3,53,2,72,25"/><V17/><F126/><W74/><G117/><T68/><D38/><U91/><E33/><V82/><F32/><W49/><G129/><T121/><D121/><N who="1" m="46699" /><E131/><V83/><F108/><W19/><G134/><T94/><D127/><U31/><E31/><V48/><F1/><W13/><G105/><T71/><D103/><U81/><E113/><V96/><F9/><W61/><G115/><T10/><D10/><U56/><E56/><V116/><F116/><W132/><G132/><T11/><D11/><U4/><E4/><V24/><F24/><W14/><REACH who="3" step="1"/><G61/><REACH who="3" ten="270,310,250,160" step="2"/><N who="2" m="23657" /><F96/><AGARI ba="0,1" hai="76,77,79,81,84,91,92,95,96,99,101" m="46699" machi="96" ten="30,3900,0" yaku="13,1,34,2" doraHai="50" who="1" fromWho="2" sc="270,0,310,49,250,-39,160,0" /><INIT seed="3,0,0,3,0,45" ten="270,359,211,160" oya="3" hai0="88,97,130,129,42,41,29,101,48,108,0,99,111" hai1="20,75,13,11,118,68,71,35,34,112,4,119,24" hai2="77,67,61,44,69,2,100,84,5,58,60,96,116" hai3="124,70,62,14,57,133,50,82,103,16,63,126,6"/><W105/><G133/><T19/><D0/><U114/><E75/><V73/><F73/><W134/><G134/><T37/><D37/><U25/><E71/><V122/><F116/><N who="1" m="44585" /><E68/><V83/><F122/><W7/><G82/><T9/><D29/><N who="1" m="19759" /><E35/><V51/><F2/><W1/><G105/><T65/><D9/><U94/><E94/><V72/><F5/><N who="3" m="1547" /><G1/><T8/><D99/><U54/><E54/><V95/><F61/><W85/><G103/><T53/><D19/><AGARI ba="0,0" hai="4,11,13,19,20,24,112,114" m="19759,44585" machi="19" ten="30,3900,0" yaku="12,1,34,2" doraHai="45" who="1" fromWho="0" sc="270,-39,359,39,211,0,160,0" owari="231,3.1,398,49.8,211,-18.9,160,-34.0" /></mjloggm>