<mjloggm ver="2.3"><GO type="225" lobby="0"/><UN n0="%E3%81%BE%E3%81%A8%E3%81%9F" n1="%E3%83%B4%E3%83%A0%EF%BC%99%E3%81%A6" n2="%E6%A1%9C%E8%8A%B1%E9%96%83%E3%80%85" n3="%E3%82%BC%E3%83%AB%E3%83%80%E3%81%AE%E4%BC%9D%E8%AA%AC" dan="16,17,18,16" rate="2173.87,2226.62,2249.32,2144.43" sx="M,M,M,M"/><TAIKYOKU oya="0"/><INIT seed="0,0,0,2,5,100" ten="250,250,250,250" oya="0" hai0="12,74,58,117,108,95,125,94,59,123,89,47,109" hai1="21,118,39,71,113,6,4,80,28,20,126,38,69" hai2="132,66,56,35,32,115,3,45,85,2,102,5,17" hai3="25,26,13,51,92,97,36,31,86,112,62,101,53"/><T116/><D123/><U84/><E118/><N who="0" m="45673" /><D12/><U7/><E126/><V37/><F115/><W63/><G36/><T81/><D47/><U30/><E113/><V76/><F17/><W121/><G112/><T130/><D125/><U133/><E133/><V65/><F85/><W54/><G121/><T134/><D134/><U8/><E8/><V114/><F76/><W43/><G13/><T111/><D130/><U49/><E49/><V50/><F56/><N who="0" m="21546" /><D89/><U67/><E67/><V82/><F65/><W128/><G128/><T73/><D81/><U57/><E57/><V96/><F82/><W9/><G9/><T122/><D122/><U70/><E84/><V52/><F45/><N who="3" m="26047" /><G86/><T98/><D98/><U78/><E80/><V93/><F114/><W23/><G26/><T29/><D29/><N who="1" m="11371" /><E78/><V41/><F132/><W106/><G92/><AGARI ba="0,0" hai="73,74,92,94,95,108,109,111" m="21546,45673" machi="92" ten="40,12000,1" yaku="28,2,14,1,10,1" doraHai="100" who="0" fromWho="3" sc="250,120,250,0,250,0,250,-120" /><INIT seed="0,1,0,0,2,110" ten="370,250,250,130" oya="0" hai0="73,112,80,107,127,65,51,21,59,78,52,50,62" hai1="37,74,99,70,44,89,96,120,119,17,84,33,92" hai2="111,14,9,72,20,77,29,94,85,124,86,43,11" hai3="57,47,109,63,105,58,35,122,118,106,113,36,128"/><T104/><D127/><U64/><E119/><V4/><F111/><W22/><G35/><T28/><D112/><U83/><E120/><V1/><F124/><W66/><G109/><T26/><REACH who="0" step="1"/><D50/><REACH who="0" ten="360,250,250,130" step="2"/><U69/><E37/><V114/><F114/><W0/><G113/><T103/><D103/><U48/><E48/><V27/><F43/><W91/><G122/><T125/><D125/><U79/><E69/><AGARI ba="1,1" hai="21,26,28,51,52,59,62,65,69,73,78,80,104,107" machi="69" ten="30,11600,0" yaku="1,1,7,1,54,1,53,1" doraHai="110" doraHaiUra="23" who="0" fromWho="1" sc="360,129,250,-119,250,0,130,0" /><INIT seed="0,2,0,5,4,40" ten="489,131,250,130" oya="0" hai0="85,61,112,96,74,46,53,134,109,111,15,22,129" hai1="48,32,38,118,114,4,124,83,82,132,6,99,105" hai2="72,45,67,8,65,113,18,131,121,125,92,5,81" hai3="44,123,115,41,25,30,35,3,93,98,16,31,11"/><T21/><D112/><U86/><E118/><V107/><F113/><W36/><G115/><T104/><D74/><U90/><E38/><V127/><F107/><W77/><G123/><T75/><D134/><U50/><E114/><V97/><F121/><W106/><G77/><T49/><D75/><U52/><E132/><V54/><F18/><W102/><G30/><T130/><D85/><U63/><E32/><V119/><F119/><W17/><REACH who="3" step="1"/><G106/><REACH who="3" ten="489,131,250,120" step="2"/><T126/><D126/><U122/><E124/><V110/><F127/><W37/><G37/><T29/><D129/><U80/><E122/><V1/><F131/><W117/><G117/><T101/><D130/><U26/><E26/><V103/><F125/><W73/><G73/><T69/><D29/><U20/><E20/><V19/><F72/><W100/><G100/><T59/><D22/><U9/><E105/><V2/><F103/><W43/><G43/><T116/><D116/><U13/><E99/><V66/><F97/><W108/><G108/><T120/><D120/><U91/><E91/><V95/><F110/><W12/><G12/><T133/><D133/><U64/><E13/><V23/><F1/><W51/><G51/><T68/><D15/><U55/><E48/><V89/><F2/><W60/><G60/><T42/><D21/><U79/><E79/><V78/><F78/><W24/><G24/><T58/><D111/><U88/><E90/><V34/><F89/><W135/><G135/><T10/><D109/><U33/><E88/><V39/><F39/><W28/><G28/><T84/><D104/><U27/><E27/><RYUUKYOKU ba="2,1" sc="489,-10,131,-10,250,-10,120,30" hai3="3,11,16,17,25,31,35,36,41,44,93,98,102" /><INIT seed="1,3,1,1,2,14" ten="479,121,240,150" oya="1" hai0="58,61,82,10,83,53,115,43,112,93,11,30,126" hai1="72,33,100,40,63,107,5,69,4,120,89,88,90" hai2="6,133,92,41,73,94,49,22,48,123,64,111,62" hai3="38,129,24,19,42,3,96,32,25,76,84,12,46"/><U52/><E120/><V1/><F123/><W2/><G129/><T130/><D30/><U67/><E72/><V28/><F73/><W8/><G96/><T0/><D0/><U39/><E33/><V122/><F122/><W79/><G24/><T108/><D108/><U121/><E121/><V47/><F111/><W17/><G84/><T9/><D126/><U102/><E52/><V51/><F133/><W23/><REACH who="3" step="1"/><G32/><REACH who="3" ten="479,121,240,140" step="2"/><T87/><D87/><U44/><REACH who="1" step="1"/><E107/><REACH who="1" ten="479,111,240,140" step="2"/><V127/><F127/><W132/><G132/><T109/><D109/><U119/><E119/><V131/><F131/><W65/><G65/><T56/><D130/><U91/><N who="1" m="22528" /><DORA hai="15" /><U125/><E125/><V34/><F64/><W45/><G45/><T35/><D35/><U85/><E85/><V26/><F34/><W54/><G54/><T71/><D115/><U27/><E27/><V59/><F47/><W78/><AGARI ba="3,3" hai="2,3,8,12,17,19,23,25,38,42,46,76,78,79" machi="78" ten="30,16000,3" yaku="1,1,0,1,52,4,53,2" doraHai="14,15" doraHaiUra="16,37" who="3" fromWho="3" sc="479,-43,111,-83,240,-43,140,199" /><INIT seed="2,0,0,5,2,86" ten="436,28,197,339" oya="2" hai0="107,105,104,106,95,120,49,48,80,6,5,59,27" hai1="31,57,115,122,39,98,8,42,69,70,126,10,24" hai2="58,34,15,40,37,110,0,47,11,65,102,87,13" hai3="56,76,29,125,66,123,36,12,32,14,92,89,134"/><V88/><F34/><W90/><G123/><T4/><D120/><U121/><E115/><V75/><F75/><W96/><G36/><T112/><D112/><U9/><E126/><V43/><F102/><W118/><G118/><T16/><D80/><U109/><E109/><V62/><F110/><W117/><G117/><T60/><D95/><U131/><E131/><V97/><F97/><W28/><G125/><T50/><N who="0" m="26624" /><DORA hai="44" /><T124/><D124/><U101/><E57/><V21/><F43/><W77/><G134/><T133/><D133/><U129/><E129/><V64/><F64/><W79/><G89/><T108/><D108/><U17/><E17/><V46/><F46/><W94/><G94/><T52/><D16/><U113/><E113/><V30/><F21/><W26/><REACH who="3" step="1"/><G29/><REACH who="3" ten="436,28,197,329" step="2"/><T82/><D82/><U71/><E101/><V41/><F30/><W55/><G55/><T3/><REACH who="0" step="1"/><D27/><REACH who="0" ten="426,28,197,329" step="2"/><U132/><E132/><V51/><F37/><W22/><G22/><T93/><D93/><U74/><E98/><V100/><F100/><W45/><G45/><T130/><D130/><U114/><E114/><V63/><F40/><W73/><G73/><T128/><D128/><U99/><E99/><V72/><F72/><W78/><N who="3" m="19456" /><DORA hai="67" /><W7/><G7/><T135/><D135/><U103/><E103/><V61/><F41/><W35/><G35/><T1/><AGARI ba="0,2" hai="1,3,4,5,6,48,49,50,52,59,60" m="26624" machi="1" ten="70,16000,3" yaku="1,1,0,1,29,2,52,3,54,1,53,1" doraHai="86,44,67" doraHaiUra="20,38,53" who="0" fromWho="0" sc="426,180,28,-40,197,-80,329,-40" owari="606,70.6,-12,-51.2,117,-28.3,289,8.9" /></mjloggm>