<mjloggm ver="2.3"><GO type="225" lobby="0"/><UN n0="%E3%81%82%E3%81%99%E3%81%AB%E3%82%83%E3%82%80" n1="%E3%81%99%E3%81%84%E3%81%BE%E3%81%9B%E3%83%BC%E3%82%93" n2="%E3%81%86%E3%82%8C%E3%81%9F%E3%82%93%E6%9E%95" n3="%E3%81%B5%E3%81%98%E3%81%8B%E3%81%A4" dan="16,18,16,16" rate="2101.91,2177.89,2090.72,2178.22" sx="F,M,F,M"/><TAIKYOKU oya="0"/><INIT seed="0,0,0,3,2,68" ten="250,250,250,250" oya="0" hai0="61,29,106,0,27,101,32,90,79,49,41,119,118" hai1="3,100,83,59,124,58,21,110,114,89,56,64,81" hai2="112,33,22,18,60,57,8,88,23,126,104,2,74" hai3="82,95,80,46,20,73,77,42,36,116,26,24,107"/><T44/><D0/><U76/><E3/><V45/><F112/><W117/><G107/><T16/><D79/><U97/><E114/><V93/><F126/><W11/><G82/><T66/><D90/><U85/><E124/><V109/><F104/><W72/><G72/><T10/><D101/><U113/><E110/><V91/><F109/><W12/><G95/><T67/><D106/><U103/><E113/><V40/><F33/><W127/><G127/><T129/><D129/><U65/><E21/><V13/><F74/><W25/><REACH who="3" step="1"/><G20/><REACH who="3" ten="250,250,250,240" step="2"/><T102/><D102/><N who="1" m="38955" /><E83/><V14/><F23/><W30/><G30/><T48/><D119/><U87/><E87/><V71/><F93/><AGARI ba="0,1" hai="56,58,59,64,65,76,81,85,89,93,97" m="38955" machi="93" ten="30,1000,0" yaku="8,1" doraHai="68" who="1" fromWho="2" sc="250,0,250,20,250,-10,240,0" /><INIT seed="1,0,0,3,1,51" ten="250,270,240,240" oya="1" hai0="128,41,27,18,37,34,36,103,47,17,102,93,32" hai1="43,55,12,131,48,65,57,64,69,91,15,39,72" hai2="125,11,42,90,50,61,62,86,99,60,79,129,75" hai3="104,26,21,117,38,123,133,135,95,126,97,106,124"/><U111/><E72/><V78/><F129/><W3/><G38/><T53/><D128/><U9/><E131/><V46/><F125/><N who="3" m="48235" /><G3/><T54/><D36/><U107/><E107/><N who="3" m="41002" /><G123/><T122/><D122/><U1/><E111/><V101/><F75/><W29/><G117/><T112/><D112/><U28/><E28/><V87/><F101/><AGARI ba="0,0" hai="21,26,29,95,97,101,133,135" m="41002,48235" machi="101" ten="30,1000,0" yaku="18,1" doraHai="51" who="3" fromWho="2" sc="250,0,270,0,240,-10,240,10" /><INIT seed="2,0,0,5,5,115" ten="250,270,230,250" oya="2" hai0="14,130,65,117,126,98,10,107,61,135,97,93,100" hai1="120,74,29,106,79,17,25,87,116,24,119,96,81" hai2="54,62,78,133,80,51,40,92,76,123,20,33,131" hai3="101,15,111,16,26,2,82,41,58,89,53,9,71"/><V23/><F123/><W7/><G111/><T127/><D135/><U95/><E120/><V59/><F131/><W0/><G71/><T60/><D130/><U69/><E69/><V4/><F133/><W39/><G101/><T22/><D22/><U57/><E57/><V75/><F33/><W45/><G82/><T5/><D117/><N who="1" m="45131" /><E17/><V35/><F35/><W128/><G89/><N who="0" m="55471" /><D65/><U6/><E6/><V56/><F78/><W88/><G128/><T129/><D129/><U42/><E42/><V32/><F32/><W109/><G109/><T113/><D113/><U72/><E29/><V3/><F92/><W34/><G88/><T63/><D63/><U134/><E134/><V46/><REACH who="2" step="1"/><F59/><REACH who="2" ten="250,270,220,250" step="2"/><W30/><REACH who="3" step="1"/><G7/><REACH who="3" ten="250,270,220,240" step="2"/><T68/><D68/><U103/><E74/><V83/><F83/><W124/><G124/><T85/><D126/><U105/><E105/><V110/><F110/><W70/><G70/><T94/><D127/><U47/><E106/><V21/><F21/><W114/><G114/><T84/><D107/><U125/><E125/><V112/><F112/><W27/><G27/><T43/><D5/><U67/><E24/><V13/><F13/><W66/><G66/><T77/><D14/><U37/><E25/><V86/><F86/><W1/><G1/><T28/><D85/><U91/><E67/><V12/><F12/><W132/><G132/><T73/><D84/><U108/><E108/><V18/><F18/><W64/><G64/><T38/><D73/><U52/><E72/><V50/><F50/><AGARI ba="0,2" hai="0,2,9,15,16,26,30,34,39,41,45,50,53,58" machi="50" ten="30,7700,0" yaku="1,1,7,1,54,1,53,1" doraHai="115" doraHaiUra="11" who="3" fromWho="2" sc="250,0,270,0,220,-77,240,97" /><INIT seed="3,0,0,4,1,106" ten="250,270,143,337" oya="3" hai0="20,15,89,34,67,109,44,112,85,53,135,82,115" hai1="113,5,60,99,111,62,13,120,48,39,30,98,116" hai2="46,33,32,83,93,66,24,10,16,51,73,94,64" hai3="122,123,47,68,128,2,108,36,126,129,22,29,80"/><W81/><G68/><T117/><D34/><U70/><E39/><V97/><F93/><W133/><G2/><T4/><D117/><U90/><E113/><N who="0" m="43593" /><D109/><U57/><E120/><V84/><F33/><W86/><G81/><T37/><D67/><U95/><E111/><V92/><F92/><W7/><G7/><T14/><D135/><U131/><E131/><N who="3" m="50250" /><G126/><T31/><D4/><U35/><E116/><V130/><F130/><W25/><G133/><T38/><D38/><U11/><E70/><V26/><F32/><W61/><G61/><N who="1" m="23658" /><E35/><V100/><F73/><W125/><G125/><T1/><D1/><U40/><E30/><V110/><F110/><W104/><G104/><T127/><D127/><U107/><E107/><V59/><F59/><W23/><G23/><T63/><D63/><U8/><E8/><V19/><F66/><W43/><G108/><T55/><D55/><N who="1" m="31975" /><E40/><V76/><F64/><W105/><G105/><T101/><D101/><U0/><E0/><V74/><F74/><W21/><G21/><T71/><D71/><U17/><E5/><V79/><F79/><AGARI ba="0,0" hai="22,25,29,36,43,47,79,80,86,122,123" m="50250" machi="79" ten="30,1500,0" yaku="19,1" doraHai="106" who="3" fromWho="2" sc="250,0,270,0,143,-15,337,15" owari="250,-15.0,270,7.0,128,-37.2,352,45.2" /></mjloggm>