<mjloggm ver="2.3"><GO type="225" lobby="0"/><UN n0="%45%6C%79%73%69%75%6D" n1="%E3%81%82%E3%81%99%E3%81%AB%E3%82%83%E3%82%80" n2="%E3%81%B7%E3%82%8A%E3%82%93%E8%81%96%E4%BA%BA" n3="%E6%A1%9C%E8%8A%B1%E9%96%83%E3%80%85" dan="18,16,16,18" rate="2168.42,2031.12,2128.68,2205.89" sx="F,F,M,M"/><TAIKYOKU oya="0"/><INIT seed="0,0,0,1,1,27" ten="250,250,250,250" oya="0" hai0="41,79,24,47,77,46,0,2,125,100,84,65,87" hai1="132,103,122,110,53,42,14,43,98,34,114,120,59" hai2="4,38,80,107,119,29,8,28,32,37,106,45,85" hai3="130,63,121,10,111,123,129,108,56,9,30,7,16"/><T18/><D65/><U6/><E110/><N who="3" m="42026" /><G56/><T117/><D100/><U15/><E34/><V127/><F127/><W81/><G81/><T1/><D125/><U26/><E132/><V5/><F32/><W101/><G101/><T118/><D24/><U61/><E26/><V128/><F128/><N who="3" m="49259" /><G63/><T75/><D0/><U55/><E114/><V86/><F8/><N who="3" m="3179" /><G7/><T93/><D93/><U17/><E6/><V99/><F99/><W105/><G105/><T91/><D75/><U3/><E53/><V116/><F45/><W33/><G16/><T134/><D18/><U44/><E17/><V82/><AGARI ba="0,0" hai="4,5,28,29,37,38,80,82,85,86,106,107,116,119" machi="82" ten="25,8000,1" yaku="0,1,22,2,52,2" doraHai="27" who="2" fromWho="2" sc="250,-40,250,-20,250,80,250,-20" /><INIT seed="1,0,0,0,0,131" ten="210,230,330,230" oya="1" hai0="132,20,77,46,81,43,120,130,14,126,61,11,15" hai1="9,48,65,51,125,68,89,64,47,41,95,37,30" hai2="0,108,21,38,59,62,91,32,18,133,70,33,60" hai3="86,39,113,127,16,88,110,90,72,94,117,123,19"/><U93/><E125/><V1/><F38/><W10/><G123/><T53/><D126/><U36/><E30/><V97/><F70/><W100/><G127/><T17/><D130/><U44/><E9/><V31/><F31/><W122/><G122/><T128/><D120/><U134/><E95/><V119/><F119/><W129/><G113/><T69/><D128/><U83/><E83/><V13/><F108/><W23/><G129/><T118/><D118/><U6/><E6/><V25/><F62/><W40/><G117/><T5/><D132/><U24/><E24/><V78/><F78/><W114/><G72/><T45/><D69/><U84/><E134/><V49/><F49/><W104/><G110/><T3/><D3/><U76/><E76/><V63/><F63/><W12/><G114/><T75/><D61/><U66/><REACH who="1" step="1"/><E68/><REACH who="1" ten="210,220,330,230" step="2"/><V103/><F133/><W87/><G10/><T101/><D101/><U7/><E7/><V74/><F103/><W102/><G19/><T27/><D27/><U106/><E106/><V107/><F107/><W80/><REACH who="3" step="1"/><G104/><REACH who="3" ten="210,220,330,220" step="2"/><T109/><D109/><U96/><E96/><V82/><F97/><W121/><G121/><T22/><D11/><U115/><E115/><V58/><F18/><W35/><G35/><T111/><D111/><U67/><N who="1" m="16384" /><DORA hai="4" /><U34/><E34/><V124/><F33/><W29/><G29/><T85/><D17/><U55/><AGARI ba="0,2" hai="36,37,41,44,47,48,51,55,84,89,93" m="16384" machi="55" ten="40,3900,0" yaku="1,1,0,1,53,0" doraHai="131,4" doraHaiUra="135,79" who="1" fromWho="1" sc="210,-13,220,59,330,-13,220,-13" /><INIT seed="1,1,0,0,2,95" ten="197,279,317,207" oya="1" hai0="80,46,55,127,115,22,105,17,112,33,53,58,4" hai1="49,117,89,68,20,126,90,32,73,0,50,69,56" hai2="38,129,70,91,45,83,43,63,119,109,99,11,124" hai3="130,36,2,92,79,30,59,71,123,44,23,25,100"/><U125/><E32/><V16/><F119/><W13/><G123/><T84/><D33/><U66/><E73/><V118/><F118/><W75/><G71/><T128/><D128/><U19/><E0/><V110/><F129/><W87/><G2/><T6/><D127/><N who="1" m="48651" /><E117/><V21/><F11/><W5/><G130/><T27/><D105/><U62/><E68/><V113/><F113/><W48/><G36/><T120/><D120/><U3/><E3/><V18/><F124/><W77/><G59/><T31/><D112/><U78/><E78/><V35/><F35/><W7/><G75/><T97/><D115/><U47/><E56/><V86/><F21/><W104/><G104/><T74/><D74/><U65/><E65/><V108/><F99/><N who="3" m="59495" /><G87/><T82/><D31/><U135/><E135/><V26/><F26/><W52/><G13/><T93/><D46/><U72/><E72/><V131/><F131/><W133/><G133/><T102/><D80/><U29/><E29/><V61/><F61/><W107/><G107/><T76/><REACH who="0" step="1"/><D53/><REACH who="0" ten="187,279,317,207" step="2"/><N who="1" m="29887" /><E50/><AGARI ba="1,1" hai="4,6,17,22,27,50,55,58,76,82,84,93,97,102" machi="50" ten="30,8000,1" yaku="1,1,7,1,8,1,52,1,53,1" doraHai="95" doraHaiUra="14" who="0" fromWho="1" sc="187,93,279,-83,317,0,207,0" /><INIT seed="2,0,0,0,4,111" ten="280,196,317,207" oya="2" hai0="107,37,48,56,97,89,101,130,98,62,122,104,52" hai1="78,69,105,34,109,17,135,22,93,79,87,63,40" hai2="129,77,132,106,86,13,32,55,117,57,44,119,26" hai3="110,71,61,70,94,18,80,131,28,125,114,20,74"/><V120/><F106/><W123/><G123/><T99/><D122/><U108/><E105/><V91/><F77/><W64/><G110/><N who="1" m="42602" /><E34/><V11/><F120/><W51/><G125/><T134/><D37/><U12/><E40/><V102/><F102/><W118/><G118/><T33/><D33/><U23/><E135/><V4/><F132/><W127/><G127/><T43/><D134/><U9/><E69/><V14/><F129/><W5/><G5/><T76/><D130/><U92/><E63/><V75/><F75/><W72/><G28/><T46/><D76/><N who="1" m="29227" /><E87/><V84/><F84/><W128/><G71/><T47/><D104/><U7/><E22/><V53/><F53/><W65/><G65/><T112/><D89/><U124/><E124/><V30/><F44/><W103/><G72/><T39/><REACH who="0" step="1"/><D112/><REACH who="0" ten="270,196,317,207" step="2"/><U49/><E49/><V36/><F36/><W58/><G114/><T96/><D96/><U121/><E121/><V95/><F117/><W21/><G128/><T31/><D31/><U83/><E83/><V68/><F119/><W45/><G131/><T73/><D73/><U41/><E41/><AGARI ba="0,1" hai="39,41,43,46,47,48,52,56,62,97,98,99,101,107" machi="41" ten="30,3900,0" yaku="1,1,7,1,54,1,53,0" doraHai="111" doraHaiUra="116" who="0" fromWho="1" sc="270,49,196,-39,317,0,207,0" /><INIT seed="3,0,0,5,0,129" ten="319,157,317,207" oya="3" hai0="28,113,56,104,101,89,33,26,133,81,75,118,68" hai1="46,115,48,22,112,20,31,121,131,100,54,61,18" hai2="5,7,55,4,119,124,95,90,45,36,23,109,127" hai3="63,87,27,98,65,107,128,103,72,67,15,84,53"/><W62/><G72/><T71/><D56/><U82/><E121/><V47/><F119/><W1/><G1/><T41/><D89/><U8/><E131/><V77/><F77/><W59/><G128/><T126/><D118/><U38/><E100/><V105/><F105/><W11/><G27/><T110/><D110/><U111/><E111/><V13/><F109/><W51/><G63/><T66/><D126/><N who="2" m="48170" /><F36/><W102/><G102/><T16/><D16/><U9/><E38/><V74/><F74/><W2/><G2/><T73/><D41/><U93/><E93/><V3/><F3/><W40/><G40/><T135/><D113/><U116/><E116/><V88/><F90/><W96/><G96/><N who="0" m="61479" /><D81/><U80/><E115/><V52/><F23/><W58/><G67/><T12/><D12/><U21/><E112/><V70/><F13/><W122/><G122/><T50/><D50/><U49/><E31/><V99/><F70/><N who="0" m="26666" /><D66/><U0/><E0/><V108/><F108/><W130/><G130/><T6/><D6/><U29/><E29/><V97/><F97/><W39/><G39/><T125/><D125/><U83/><E61/><V91/><F91/><W14/><G14/><T30/><D30/><U134/><E18/><V69/><F69/><W120/><G120/><T117/><D117/><U17/><E17/><V32/><F32/><W132/><G62/><T76/><D73/><U85/><E85/><V114/><F114/><W37/><G87/><T78/><D75/><U44/><REACH who="1" step="1"/><E134/><AGARI ba="0,0" hai="26,28,33,76,78,133,134,135" m="26666,61479" machi="134" ten="30,7700,0" yaku="20,1,52,3" doraHai="129" who="0" fromWho="1" sc="319,77,157,-77,317,0,207,0" owari="396,49.6,80,-42.0,317,11.7,207,-19.3" /></mjloggm>