<mjloggm ver="2.3"><GO type="225" lobby="0"/><UN n0="%E4%BA%BA%E9%96%93%E3%83%81%E3%83%A3%E3%83%BC%E3%83%8F%E3%83%B3" n1="%E6%9D%B1%E9%A2%A8%E3%81%AE%E3%81%8D%E3%82%83%E3%81%B7%E3%81%95%E3%82%93" n2="%E5%8D%A0%E3%81%84%E5%B8%AB%E8%A3%8F%E3%81%AA%E3%81%84%E3%81%97" n3="%E3%83%81%E3%83%AF%E3%83%AF%E9%9A%8A%E9%95%B7" dan="16,17,17,16" rate="2098.24,2214.25,2217.60,2166.70" sx="M,M,M,M"/><TAIKYOKU oya="0"/><INIT seed="0,0,0,0,5,129" ten="250,250,250,250" oya="0" hai0="55,7,42,121,49,94,45,99,64,98,74,96,36" hai1="78,90,84,1,33,56,46,19,26,0,29,34,11" hai2="109,10,83,3,110,69,22,23,48,44,60,47,58" hai3="35,85,106,37,131,40,32,115,79,91,107,6,39"/><T9/><D121/><U75/><E34/><V93/><F69/><W27/><G115/><T24/><D74/><U127/><E56/><V82/><F93/><W105/><G131/><T135/><D135/><U5/><E127/><V97/><F97/><W122/><G122/><T72/><D72/><U124/><E19/><V2/><F10/><W53/><G79/><T76/><D76/><U108/><E0/><V118/><F58/><W102/><G6/><T103/><D24/><U86/><E108/><V116/><REACH who="2" step="1"/><F48/><REACH who="2" ten="250,250,240,250" step="2"/><W87/><G105/><T68/><D68/><U92/><E124/><V16/><F16/><W50/><G106/><T73/><D64/><U117/><E46/><V111/><F111/><W14/><G107/><T57/><REACH who="0" step="1"/><D73/><REACH who="0" ten="240,250,240,250" step="2"/><U25/><E75/><V31/><F31/><W51/><G37/><T104/><D104/><U20/><E29/><V17/><F17/><W119/><G39/><T54/><D54/><U130/><E130/><V28/><F28/><W63/><G53/><T70/><D70/><U81/><E33/><V12/><F12/><AGARI ba="0,2" hai="7,9,12,36,42,45,49,55,57,94,96,98,99,103" machi="12" ten="30,2900,0" yaku="1,1,7,1,53,0" doraHai="129" doraHaiUra="61" who="0" fromWho="2" sc="240,49,250,0,240,-29,250,0" /><INIT seed="0,1,0,5,0,0" ten="289,250,211,250" oya="0" hai0="80,111,57,135,49,60,91,82,116,11,106,101,97" hai1="34,21,14,38,78,3,65,61,107,75,79,81,96" hai2="23,22,84,121,132,62,71,86,120,47,87,46,133" hai3="56,52,58,100,48,104,15,67,94,99,98,54,134"/><T26/><D116/><U1/><E38/><V4/><F62/><W33/><G33/><T35/><D135/><N who="2" m="51786" /><F71/><W37/><G134/><T8/><D111/><U95/><E34/><V89/><F89/><W68/><G37/><T24/><D49/><U6/><E78/><V12/><F12/><W45/><G68/><T69/><D69/><U92/><E107/><V53/><F53/><W42/><G15/><T31/><D26/><U118/><E118/><V85/><N who="2" m="21504" /><DORA hai="66" /><V119/><F4/><W131/><G54/><T123/><D91/><U7/><E92/><V41/><F41/><W13/><G94/><T43/><D43/><U51/><E51/><V76/><F76/><W28/><G48/><T126/><D123/><N who="2" m="47178" /><F119/><W50/><G42/><T105/><D105/><U20/><E1/><V130/><F130/><W59/><G131/><T39/><D106/><U72/><E3/><V64/><F64/><W93/><G67/><T102/><D60/><U109/><E65/><V10/><F10/><W90/><G13/><T17/><D11/><U55/><E61/><V18/><F18/><W70/><G70/><T108/><D17/><U117/><E117/><V124/><F124/><W103/><G90/><T25/><D8/><U115/><E55/><V40/><F40/><W36/><G52/><T77/><D126/><U125/><E125/><V128/><F128/><W5/><G5/><T32/><D77/><U19/><E79/><V127/><F127/><W9/><G9/><T27/><D27/><U122/><E6/><V16/><F16/><W83/><G50/><T2/><D25/><RYUUKYOKU ba="1,0" sc="289,-10,250,-10,211,30,250,-10" hai2="22,23,46,47" /><INIT seed="1,2,0,0,1,61" ten="279,240,241,240" oya="1" hai0="77,36,93,113,25,49,109,114,19,101,42,85,106" hai1="39,30,53,121,81,43,13,41,18,64,29,69,80" hai2="45,24,6,129,0,9,31,65,131,124,95,55,122" hai3="89,104,27,127,3,123,63,88,54,66,103,51,117"/><U62/><E121/><V56/><F124/><W33/><G123/><T22/><D36/><U98/><E98/><V91/><F122/><W92/><G3/><T21/><D106/><U5/><E5/><V15/><F45/><W68/><G127/><T74/><D74/><U87/><E53/><V23/><F0/><W40/><G117/><T37/><D37/><U8/><E81/><V32/><F32/><W11/><G40/><T78/><D109/><U134/><E134/><V57/><F55/><W130/><G11/><T72/><D72/><U108/><E108/><V97/><REACH who="2" step="1"/><F65/><REACH who="2" ten="279,240,231,240" step="2"/><W107/><G33/><T82/><D113/><U48/><E39/><V50/><F50/><W90/><G51/><T112/><D49/><U94/><E94/><V7/><F7/><W67/><G92/><T86/><D112/><U120/><E120/><V38/><F38/><W46/><G54/><T17/><D114/><U125/><E125/><V16/><F16/><W76/><G67/><T119/><D119/><U60/><E60/><V10/><F10/><W52/><G63/><T126/><D126/><U2/><E2/><V133/><F133/><W26/><G52/><T100/><D93/><U83/><E48/><V135/><F135/><W79/><G66/><T71/><D19/><U20/><E8/><V118/><F118/><W105/><G105/><T96/><D17/><U4/><E64/><V116/><F116/><W34/><G104/><T59/><D71/><U111/><E4/><V14/><F14/><W1/><G68/><T73/><D42/><U84/><E69/><V47/><F47/><RYUUKYOKU ba="2,1" sc="279,-10,240,-10,231,30,240,-10" hai2="6,9,15,23,24,31,56,57,91,95,97,129,131" /><INIT seed="2,3,1,4,0,52" ten="269,230,261,230" oya="2" hai0="87,116,101,70,22,34,88,128,109,112,125,122,10" hai1="126,124,28,50,72,47,73,131,135,64,66,111,81" hai2="99,106,24,69,104,56,51,1,43,38,119,46,78" hai3="86,39,6,97,35,14,45,36,100,77,54,134,9"/><V4/><F119/><W62/><G35/><T5/><D70/><U60/><E28/><V96/><F24/><W44/><G134/><T93/><D34/><U23/><E23/><V48/><F48/><W40/><G39/><T19/><D112/><U80/><E135/><V90/><F90/><W41/><G41/><T91/><D122/><U49/><E131/><V76/><F99/><W127/><G127/><N who="1" m="48682" /><E111/><V94/><F69/><W117/><G117/><T120/><D120/><U75/><E47/><V57/><F38/><W26/><G26/><N who="0" m="14687" /><D125/><U16/><E60/><V27/><F106/><W30/><G30/><T82/><D109/><U3/><E3/><V12/><F104/><W63/><G63/><T29/><D128/><U113/><E113/><V55/><F43/><W0/><G0/><T17/><D29/><U59/><E16/><V105/><F105/><W71/><G36/><T84/><D116/><U89/><E89/><N who="0" m="34377" /><D5/><U18/><E18/><V114/><F114/><W95/><G6/><T8/><D17/><U79/><E79/><N who="2" m="30251" /><F1/><W133/><G133/><T7/><D7/><U107/><E107/><V31/><F31/><W61/><G71/><T92/><D101/><U20/><E20/><V11/><F27/><W15/><G100/><T68/><D68/><U85/><E85/><N who="0" m="32841" /><D82/><N who="1" m="31851" /><E59/><V67/><F67/><AGARI ba="3,1" hai="49,50,64,66,67,72,73,75" m="31851,48682" machi="67" ten="40,5200,0" yaku="28,2,18,1" doraHai="52" who="1" fromWho="2" sc="269,0,230,71,261,-61,230,0" /><INIT seed="3,0,0,3,3,50" ten="269,301,200,230" oya="3" hai0="30,37,63,132,40,109,129,110,99,54,128,8,42" hai1="60,78,113,104,64,133,86,36,4,7,112,41,95" hai2="53,3,28,10,1,25,116,105,69,80,14,52,33" hai3="12,58,131,56,81,26,23,90,79,122,57,22,2"/><W73/><G2/><T27/><D132/><U75/><E104/><V88/><F116/><W82/><G122/><T15/><D99/><U107/><E107/><V100/><F69/><W68/><G68/><T55/><D37/><U9/><E133/><V124/><F124/><W38/><G38/><T35/><D40/><U108/><E95/><V83/><F1/><W111/><G131/><N who="0" m="50251" /><D42/><U130/><E86/><V89/><F3/><W71/><G71/><T59/><D59/><U118/><E130/><V46/><F105/><W21/><G111/><N who="0" m="42507" /><D63/><U19/><E108/><V135/><F135/><W97/><G12/><T127/><D127/><U115/><E41/><V67/><F67/><W47/><G47/><T49/><D49/><U17/><E36/><V126/><F126/><W39/><G39/><T91/><D91/><N who="2" m="34890" /><F100/><W0/><G0/><T6/><AGARI ba="0,0" hai="6,8,15,27,30,35,54,55" m="42507,50251" machi="6" ten="30,7900,0" yaku="19,1,14,1,52,2" doraHai="50" who="0" fromWho="0" sc="269,79,301,-20,200,-20,230,-39" owari="348,44.8,281,8.1,180,-32.0,191,-20.9" /></mjloggm>