<mjloggm ver="2.3"><GO type="225" lobby="0"/><UN n0="%33%74%72%65%65" n1="%E6%9C%AA%E6%9D%A5%E5%B0%91%E5%B9%B4" n2="%E3%81%95%E3%81%8D%E3%81%9F%E3%81%BE%E6%9E%97%E6%AA%8E" n3="%E3%81%99%E3%81%84%E3%81%BE%E3%81%9B%E3%83%BC%E3%82%93" dan="17,16,16,16" rate="2199.51,2136.95,2080.97,2116.97" sx="F,M,M,M"/><TAIKYOKU oya="0"/><INIT seed="0,0,0,3,0,119" ten="250,250,250,250" oya="0" hai0="19,81,115,103,93,10,80,35,97,13,102,55,38" hai1="66,44,78,46,116,117,28,42,101,133,128,1,26" hai2="123,112,3,12,21,99,74,23,30,91,90,31,87" hai3="94,71,107,47,96,33,118,5,25,40,108,61,82"/><T70/><D115/><U83/><E1/><V64/><F123/><W134/><G118/><T131/><D131/><U8/><E128/><V124/><F3/><W14/><G107/><T43/><D35/><U65/><E133/><V79/><F74/><W130/><G134/><T0/><D70/><U84/><E101/><V58/><F124/><W86/><G108/><T49/><D0/><U88/><E8/><V89/><F112/><W50/><G130/><T57/><REACH who="0" step="1"/><D103/><REACH who="0" ten="240,250,250,250" step="2"/><U41/><E116/><V6/><F99/><W120/><G71/><T67/><D67/><U59/><E117/><V4/><F64/><W37/><G33/><T20/><D20/><N who="1" m="15431" /><E66/><V11/><F23/><W32/><G32/><T69/><D69/><U7/><E65/><V48/><F21/><W52/><G96/><T126/><D126/><U100/><E100/><V22/><F22/><W122/><G122/><T60/><D60/><U132/><E132/><V110/><F31/><W76/><G120/><T104/><D104/><U75/><E59/><V63/><F30/><W109/><G25/><T113/><D113/><U15/><E46/><AGARI ba="0,1" hai="10,13,19,38,43,46,49,55,57,80,81,93,97,102" machi="46" ten="40,3900,0" yaku="1,1,53,1" doraHai="119" doraHaiUra="36" who="0" fromWho="1" sc="240,49,250,-39,250,0,250,0" /><INIT seed="0,1,0,1,2,131" ten="289,211,250,250" oya="0" hai0="97,5,26,114,104,59,64,12,77,25,108,98,42" hai1="50,51,130,13,80,28,127,52,11,124,115,90,19" hai2="109,7,38,76,31,3,73,89,10,15,129,48,133" hai3="75,120,134,23,81,37,74,117,110,122,128,46,126"/><T112/><D114/><U100/><E130/><V54/><F129/><W53/><G23/><T35/><D112/><U16/><E115/><V125/><F38/><W116/><G128/><T67/><D77/><U36/><E36/><V70/><F70/><W33/><G33/><T84/><D108/><U63/><E100/><V69/><F69/><W91/><G53/><T113/><D113/><U86/><E28/><V92/><F109/><W30/><G30/><T41/><D84/><U121/><E121/><N who="3" m="46698" /><G46/><T44/><D35/><U105/><E105/><V102/><F102/><W24/><G24/><N who="0" m="9323" /><D104/><U6/><E124/><V71/><F125/><W34/><G34/><T88/><D44/><U4/><E127/><V58/><F71/><W62/><G37/><T9/><D98/><U65/><E19/><V95/><F31/><W106/><G110/><T45/><D45/><N who="1" m="27727" /><E51/><V72/><F3/><W55/><G126/><T32/><D32/><U123/><E123/><V107/><F107/><W57/><G106/><T29/><D29/><U83/><E83/><V79/><F73/><N who="3" m="27659" /><G134/><T14/><D42/><U135/><E135/><V94/><F72/><W93/><G81/><T118/><D41/><U2/><E2/><V0/><F0/><W43/><G43/><T87/><D5/><U66/><E66/><V99/><F133/><W1/><G1/><T27/><D64/><U39/><E39/><V61/><F48/><W17/><G17/><T21/><D67/><U20/><E20/><V82/><F82/><W101/><G101/><T49/><D21/><U40/><E40/><V111/><F111/><RYUUKYOKU ba="1,0" sc="289,-30,211,10,250,10,250,10" hai1="4,6,11,13,16,63,65,80,86,90" hai2="7,10,15,54,58,61,76,79,89,92,94,95,99" hai3="55,57,62,91,93,116,117" /><INIT seed="1,2,0,0,1,73" ten="259,221,260,260" oya="1" hai0="55,117,66,5,131,43,42,20,121,77,91,44,132" hai1="49,97,50,74,46,99,110,29,89,116,0,36,17" hai2="62,122,115,118,129,21,104,15,120,30,9,33,88" hai3="135,71,1,106,24,48,126,34,85,57,63,84,2"/><U41/><E116/><V133/><F118/><W108/><G106/><T80/><D117/><U59/><E0/><V6/><F104/><W68/><G126/><T128/><D132/><U95/><E74/><V72/><F72/><W18/><G135/><T51/><D121/><U47/><E110/><V32/><F133/><W35/><G48/><T114/><D114/><U123/><E123/><V82/><F115/><W96/><G96/><T56/><D91/><U19/><E29/><V112/><F112/><W39/><G39/><T127/><D5/><U79/><E79/><V12/><F129/><N who="0" m="49738" /><D20/><U69/><E69/><V54/><F33/><W92/><G108/><T58/><D127/><U103/><E59/><N who="0" m="22569" /><D66/><U40/><REACH who="1" step="1"/><E36/><REACH who="1" ten="259,211,260,260" step="2"/><V7/><F122/><W26/><G71/><T124/><D124/><U134/><E134/><V37/><F37/><W38/><G38/><T67/><D67/><U87/><E87/><AGARI ba="2,1" hai="42,43,44,51,55,77,80,87" m="22569,49738" machi="87" ten="30,2000,0" yaku="19,1,52,1" doraHai="73" who="0" fromWho="1" sc="259,36,211,-26,260,0,260,0" /><INIT seed="2,0,0,3,4,92" ten="295,185,260,260" oya="2" hai0="127,82,88,25,11,124,22,109,30,62,111,10,113" hai1="123,116,104,60,125,63,28,33,55,34,16,14,117" hai2="44,133,6,132,107,114,35,83,93,95,98,85,71" hai3="72,76,20,52,1,5,19,110,43,9,42,130,65"/><V8/><F71/><W90/><G110/><N who="0" m="41995" /><D62/><U29/><E125/><N who="0" m="48201" /><D113/><U45/><E123/><V36/><F114/><W0/><G0/><T74/><D74/><U61/><E104/><V105/><F35/><W81/><G130/><T135/><D135/><N who="2" m="51786" /><F95/><W37/><G65/><T103/><D103/><U89/><E89/><N who="2" m="55599" /><F44/><W17/><G37/><T68/><D68/><U57/><E45/><V131/><F36/><W39/><G39/><T58/><D58/><U3/><E3/><N who="2" m="95" /><F131/><W47/><G90/><AGARI ba="0,0" hai="83,85,90,105,107" m="95,55599,51786" machi="90" ten="30,2900,0" yaku="20,1,52,1" doraHai="92" who="2" fromWho="3" sc="295,0,185,0,260,29,260,-29" /><INIT seed="2,1,0,1,5,52" ten="295,185,289,231" oya="2" hai0="75,94,123,120,102,74,127,121,43,44,53,7,111" hai1="83,93,58,82,104,35,119,132,27,18,72,19,100" hai2="124,48,98,20,79,85,67,88,34,130,128,89,54" hai3="36,68,109,3,105,1,13,6,38,113,99,103,33"/><V90/><F34/><W86/><G109/><T69/><D111/><U92/><E119/><V73/><F67/><W45/><G113/><T0/><D127/><U16/><E132/><V107/><F73/><W78/><G13/><T31/><D69/><U51/><E104/><V116/><F116/><W122/><G122/><T2/><D31/><U108/><E108/><V135/><F135/><W59/><G33/><T125/><D125/><U10/><E10/><V76/><F124/><W24/><G24/><T42/><D42/><U110/><E110/><V11/><F11/><W55/><G68/><T9/><D2/><U71/><E71/><V131/><F85/><W28/><G28/><T41/><D41/><U65/><E35/><V22/><F20/><W40/><G38/><T106/><D94/><N who="1" m="36459" /><E72/><V17/><F98/><W97/><G99/><N who="0" m="61791" /><D53/><N who="1" m="32063" /><E100/><V64/><F107/><W95/><G6/><T133/><D133/><U118/><E118/><V96/><F96/><W21/><G21/><T37/><AGARI ba="1,0" hai="0,7,9,37,43,44,74,75,120,121,123" m="61791" machi="37" ten="30,1100,0" yaku="23,1" doraHai="52" who="0" fromWho="0" sc="295,14,185,-4,289,-6,231,-4" /><INIT seed="3,0,0,3,5,25" ten="309,181,283,227" oya="3" hai0="45,8,67,57,121,72,37,88,125,91,92,59,75" hai1="132,107,53,78,119,123,89,81,41,104,38,19,48" hai2="31,5,134,71,130,80,69,110,15,105,129,9,65" hai3="102,77,23,21,46,111,90,106,1,56,98,61,127"/><W60/><G127/><T135/><D121/><U124/><E124/><V50/><F110/><W112/><G1/><T109/><D125/><U30/><E132/><V128/><F134/><W20/><G112/><T115/><D135/><U13/><E123/><V95/><F105/><W28/><G111/><T103/><D109/><U40/><E119/><V79/><F95/><W120/><G120/><T70/><D115/><U27/><E89/><V18/><F50/><W10/><G77/><T116/><D116/><U32/><E38/><V63/><F5/><W82/><G10/><T52/><D103/><U101/><E101/><V86/><REACH who="2" step="1"/><F31/><REACH who="2" ten="309,181,273,227" step="2"/><W118/><G28/><T126/><D126/><U133/><E133/><V64/><F64/><W16/><G106/><T76/><D92/><U87/><E107/><V114/><F114/><W97/><G61/><T11/><D37/><U85/><E104/><V14/><F14/><W99/><G60/><T117/><D117/><U62/><E62/><V44/><F44/><W58/><G46/><T34/><D45/><U122/><E122/><V22/><F22/><W96/><G118/><T100/><D34/><U12/><E87/><V26/><F26/><W17/><N who="3" m="24576" /><DORA hai="42" /><W84/><G102/><T29/><D100/><U51/><E13/><V6/><F6/><W74/><G74/><T2/><D29/><U43/><REACH who="1" step="1"/><E53/><REACH who="1" ten="309,171,273,227" step="2"/><V54/><F54/><W94/><G84/><T66/><D52/><U93/><E93/><V39/><F39/><W3/><G94/><T36/><D36/><U108/><E108/><V131/><F131/><W55/><G3/><RYUUKYOKU ba="0,2" sc="309,-15,171,15,273,15,227,-15" hai1="12,19,27,30,32,40,41,43,48,51,78,81,85" hai2="9,15,18,63,65,69,71,79,80,86,128,129,130" /><INIT seed="4,1,2,5,2,113" ten="294,186,288,212" oya="0" hai0="108,84,92,26,31,52,134,20,76,103,115,19,37" hai1="75,12,49,99,94,132,102,33,51,29,71,40,41" hai2="47,89,10,24,15,82,46,74,97,72,119,3,96" hai3="88,114,55,16,6,60,127,53,107,35,11,135,9"/><T7/><D115/><U133/><E75/><V14/><F3/><W45/><G114/><T118/><D118/><U123/><E123/><V42/><F46/><W100/><G35/><T101/><D37/><U18/><E71/><V36/><F119/><W98/><G127/><T131/><D131/><U21/><E29/><V25/><F74/><W120/><G135/><N who="1" m="51786" /><E33/><V5/><F15/><W79/><G79/><T23/><D134/><U68/><E68/><V87/><REACH who="2" step="1"/><F72/><REACH who="2" ten="294,186,278,212" step="2"/><W63/><G45/><T70/><D108/><U59/><E59/><V62/><F62/><W43/><G63/><T112/><D112/><U58/><E58/><V39/><F39/><W130/><G60/><T95/><D70/><U1/><E1/><V93/><F93/><N who="0" m="35914" /><D52/><U80/><E80/><V50/><F50/><AGARI ba="1,3" hai="12,18,21,40,41,49,50,51,94,99,102" m="51786" machi="50" ten="30,1000,0" yaku="20,1" doraHai="113" who="1" fromWho="2" sc="294,0,186,43,278,-13,212,0" /><INIT seed="5,0,0,1,1,20" ten="294,229,265,212" oya="1" hai0="3,63,31,117,9,50,13,42,38,12,36,126,26" hai1="99,92,101,6,122,22,129,70,41,131,61,5,120" hai2="44,59,54,130,115,80,93,114,102,57,119,40,85" hai3="69,110,60,10,53,127,56,74,21,106,46,76,111"/><U23/><E41/><V103/><F119/><W11/><G106/><T89/><D117/><U39/><E39/><V123/><F123/><N who="1" m="47145" /><E70/><V4/><F130/><N who="1" m="49673" /><E61/><V94/><F4/><AGARI ba="0,0" hai="4,5,6,22,23,92,99,101" m="49673,47145" machi="4" ten="30,1500,0" yaku="19,1" doraHai="20" who="1" fromWho="2" sc="294,0,229,15,265,-15,212,0" /><INIT seed="5,1,0,4,1,34" ten="294,244,250,212" oya="1" hai0="61,97,83,74,45,6,44,58,55,50,41,130,82" hai1="56,103,9,114,84,8,22,134,16,25,62,105,106" hai2="64,65,20,51,13,90,128,116,120,24,19,71,38" hai3="94,111,54,108,129,110,86,79,35,2,49,126,121"/><U75/><E75/><V98/><F116/><W127/><G121/><T52/><D130/><U73/><E73/><V125/><F120/><W17/><G129/><T72/><D6/><U0/><E114/><V118/><F118/><W27/><G2/><T76/><D97/><U47/><E134/><V132/><F132/><W92/><G79/><T46/><D41/><U33/><E33/><V88/><F38/><W109/><N who="3" m="27648" /><DORA hai="77" /><W117/><G117/><T123/><D123/><U26/><E26/><V80/><F125/><N who="3" m="47627" /><G86/><T43/><D43/><U31/><E103/><V68/><F128/><W69/><G69/><T53/><D74/><U89/><E47/><N who="0" m="17993" /><D72/><U107/><E31/><V63/><F51/><W87/><G87/><N who="0" m="48583" /><D83/><U131/><E0/><V12/><F80/><W59/><G35/><T112/><D112/><U28/><E28/><V70/><F98/><W135/><G135/><T14/><D14/><U42/><E42/><V40/><F40/><W23/><AGARI ba="1,0" hai="17,23,27,49,54,59,92,94" m="47627,27648" machi="23" ten="60,2000,0" yaku="18,1" doraHai="34,77" who="3" fromWho="3" sc="294,-6,244,-11,250,-6,212,23" /><INIT seed="6,0,0,1,2,65" ten="288,233,244,235" oya="2" hai0="116,130,131,4,27,35,119,80,97,55,15,25,45" hai1="33,38,78,90,60,66,87,28,39,17,99,89,93" hai2="113,115,94,101,47,81,126,121,22,129,82,68,133" hai3="69,30,37,104,34,51,85,123,8,42,95,59,61"/><V73/><F121/><W6/><G104/><T24/><D35/><U106/><E78/><V26/><F133/><W43/><G123/><T7/><D80/><U107/><E107/><V110/><F129/><N who="0" m="49162" /><D97/><U79/><E79/><V117/><F117/><N who="0" m="45130" /><D15/><U64/><E64/><V46/><F126/><W72/><G72/><T48/><AGARI ba="0,0" hai="4,7,24,25,27,45,48,55" m="45130,49162" machi="48" ten="40,2700,0" yaku="19,1,12,1" doraHai="65" who="0" fromWho="0" sc="288,27,233,-7,244,-13,235,-7" owari="315,41.5,226,-27.4,231,3.1,228,-17.2" /></mjloggm>