<mjloggm ver="2.3"><GO type="225" lobby="0"/><UN n0="%E6%B4%BE%E9%81%A3%E3%81%AE%E3%82%B8%E3%83%A3%E3%83%83%E3%82%AF" n1="%E5%B0%8F%E9%B3%A5%E9%81%8A%E7%B7%B4%E7%84%A1%32%31%E6%AD%B3" n2="%48%61%61%61%6C%61%6E%64" n3="%E7%BD%AA%E5%88%91%E6%B3%95%E5%AE%9A%E4%B8%BB%E7%BE%A9" dan="16,16,18,16" rate="2208.54,2183.08,2235.49,2147.80" sx="M,F,M,M"/><TAIKYOKU oya="0"/><INIT seed="0,0,0,5,0,122" ten="250,250,250,250" oya="0" hai0="97,6,50,119,37,77,53,104,13,31,133,22,10" hai1="94,90,98,73,120,128,109,132,82,36,107,45,115" hai2="114,28,14,1,3,60,108,75,46,135,116,38,102" hai3="19,34,16,81,33,71,40,99,121,83,61,86,91"/><T65/><D119/><U62/><E120/><V72/><F114/><W63/><G121/><T48/><D37/><U95/><E62/><V78/><F116/><W87/><G99/><T64/><D133/><U118/><E118/><V4/><F135/><W123/><G123/><T2/><D77/><N who="1" m="44335" /><E45/><V57/><F102/><W66/><G40/><T131/><D131/><U117/><E36/><V44/><F28/><W67/><REACH who="3" step="1"/><G91/><REACH who="3" ten="250,250,250,240" step="2"/><T103/><D2/><U17/><E98/><V76/><F1/><W105/><G105/><T93/><D104/><U8/><E90/><V12/><F3/><W113/><G113/><T0/><D0/><U18/><E107/><V39/><F39/><W111/><G111/><T43/><D43/><U47/><E109/><V124/><F108/><W11/><G11/><T30/><D50/><U55/><E8/><V49/><F38/><W106/><G106/><T5/><D5/><U27/><E115/><V56/><F49/><W32/><G32/><T23/><D23/><U42/><E132/><V24/><F4/><W26/><G26/><T35/><D35/><U92/><E27/><V112/><F112/><W68/><AGARI ba="0,1" hai="16,19,33,34,61,63,66,67,68,71,81,83,86,87" machi="68" ten="25,8000,1" yaku="1,1,0,1,22,2,54,1,53,0" doraHai="122" doraHaiUra="70" who="3" fromWho="3" sc="250,-40,250,-20,250,-20,240,90" /><INIT seed="1,0,0,0,1,42" ten="210,230,230,330" oya="1" hai0="18,109,39,134,30,89,99,51,67,112,79,41,86" hai1="49,107,105,113,85,46,80,88,16,29,94,72,114" hai2="115,31,130,3,77,68,47,121,118,7,95,10,28" hai3="135,127,26,93,6,74,57,100,116,128,76,32,87"/><U120/><E29/><V82/><F118/><W52/><G127/><T34/><D112/><U92/><E120/><V22/><F121/><W50/><G116/><T35/><D109/><U124/><E124/><V21/><F68/><W103/><G128/><T96/><D134/><U90/><E72/><V56/><F130/><W40/><G135/><T43/><D39/><U23/><E113/><V24/><F115/><W83/><G6/><T73/><D67/><U111/><E111/><V8/><F56/><W17/><G40/><T75/><D18/><U84/><E80/><V25/><F95/><W125/><G125/><T122/><D122/><U65/><E65/><V131/><F131/><W0/><G0/><T38/><D38/><U78/><E78/><V102/><F102/><W91/><REACH who="3" step="1"/><G17/><REACH who="3" ten="210,230,230,320" step="2"/><T66/><D43/><U81/><E114/><V62/><F3/><W20/><G20/><T33/><D33/><U117/><E117/><V129/><F7/><W64/><G64/><T13/><D66/><U104/><E81/><V101/><F129/><W36/><G36/><T2/><D2/><U55/><E105/><V63/><F82/><W126/><G126/><T133/><D133/><U15/><AGARI ba="0,1" hai="15,16,23,46,49,55,84,85,88,90,92,94,104,107" machi="15" ten="20,18000,2" yaku="0,1,7,1,9,1,52,1,54,2" doraHai="42" who="1" fromWho="1" sc="210,-60,230,190,230,-60,320,-60" /><INIT seed="1,1,0,0,1,106" ten="150,420,170,260" oya="1" hai0="128,135,52,51,8,0,112,72,17,114,5,74,54" hai1="96,35,23,64,80,40,13,122,67,76,50,108,57" hai2="118,26,132,28,29,104,37,9,32,78,53,70,115" hai3="119,79,1,61,88,60,4,25,92,95,105,18,71"/><U116/><E122/><V83/><F118/><W12/><G105/><T43/><D43/><U85/><E35/><V46/><F132/><W120/><G120/><T102/><D102/><U121/><E121/><V124/><F124/><W63/><G119/><T20/><D135/><U130/><E116/><V94/><F104/><W99/><G79/><T42/><D42/><U123/><E123/><V22/><F70/><W109/><G109/><T33/><D33/><U101/><E130/><V75/><F115/><W7/><G1/><T10/><D10/><U98/><E108/><V41/><F94/><W39/><G39/><T84/><D84/><U129/><E129/><V77/><F77/><W134/><G134/><T111/><D111/><U82/><E82/><V2/><F53/><W107/><G107/><T113/><D128/><U110/><E110/><V68/><F68/><W93/><G25/><T36/><D36/><U31/><E31/><N who="2" m="17879" /><F32/><W16/><G71/><T126/><D126/><U103/><E103/><V11/><F11/><N who="3" m="6175" /><G18/><T44/><REACH who="0" step="1"/><D54/><REACH who="0" ten="140,420,170,260" step="2"/><N who="1" m="31959" /><E40/><V21/><F21/><W38/><BYE who="2" /><G38/><T127/><D127/><U69/><E101/><V89/><F89/><N who="3" m="55695" /><G95/><UN n2="%48%61%61%61%6C%61%6E%64" /><T55/><D55/><U3/><E23/><V97/><F97/><AGARI ba="1,1" hai="4,7,60,61,63,88,93,97" m="55695,6175" machi="97" ten="30,3900,0" yaku="8,1,54,2" doraHai="106" who="3" fromWho="2" sc="140,0,420,0,170,-42,260,52" /><INIT seed="2,0,0,5,2,20" ten="140,420,128,312" oya="2" hai0="38,28,18,75,125,17,22,53,3,4,23,30,115" hai1="8,44,49,79,68,90,15,81,35,135,0,85,10" hai2="6,47,2,24,111,34,96,32,133,102,88,61,7" hai3="83,126,120,92,101,21,97,124,93,52,80,94,127"/><V67/><F133/><W40/><G40/><T132/><D38/><U48/><E68/><V13/><F2/><W55/><G120/><T5/><D53/><N who="3" m="20553" /><G21/><N who="0" m="7691" /><D75/><U114/><E114/><V66/><F111/><W89/><G89/><T12/><D115/><U57/><E135/><V119/><F119/><W9/><G9/><N who="0" m="2207" /><D132/><U29/><E0/><V128/><F47/><W107/><AGARI ba="0,0" hai="80,83,92,93,94,97,101,107,124,126,127" m="20553" machi="107" ten="40,2700,0" yaku="18,1,54,1" doraHai="20" who="3" fromWho="3" sc="140,-7,420,-7,128,-13,312,27" /><INIT seed="3,0,0,1,1,55" ten="133,413,115,339" oya="3" hai0="27,87,32,128,5,59,107,117,104,4,52,94,110" hai1="83,20,11,57,108,22,21,120,124,82,125,45,133" hai2="51,60,53,84,78,100,61,30,65,24,16,111,29" hai3="73,8,103,26,37,72,6,96,102,9,2,122,19"/><W99/><G122/><T81/><D117/><U17/><E108/><V12/><F111/><W36/><G26/><T132/><D110/><U80/><E133/><V13/><F100/><W101/><G19/><T86/><D132/><U76/><E120/><V43/><F43/><W54/><G54/><T91/><D128/><U10/><E57/><N who="2" m="32959" /><F12/><W106/><G103/><T41/><D41/><U109/><E76/><V114/><F114/><W69/><G69/><T71/><D71/><U58/><E109/><V131/><F131/><W1/><REACH who="3" step="1"/><G6/><REACH who="3" ten="133,413,115,329" step="2"/><T97/><D4/><U56/><E17/><V90/><F24/><W66/><G66/><T48/><D5/><U79/><E124/><V129/><F129/><W105/><AGARI ba="0,1" hai="1,2,8,9,36,37,72,73,96,99,101,102,105,106" machi="105" ten="25,18000,2" yaku="1,1,0,1,22,2,53,2" doraHai="55" doraHaiUra="98" who="3" fromWho="3" sc="133,-60,413,-60,115,-60,329,190" owari="73,-32.7,353,15.3,55,-44.5,519,61.9" /></mjloggm>