<mjloggm ver="2.3"><GO type="225" lobby="0"/><UN n0="%E3%83%8F%E3%83%B3%E3%83%89%E3%83%A9%E3%83%BC%E3%83%BB%E3%83%AF%E3%83%B3" n1="%E8%B6%85%E7%B4%9A%E9%B3%B3%E5%87%B0" n2="%72%69%6F%75%63%68%61%6E" n3="%E3%82%BF%E3%83%BC%E3%83%90%E3%83%B3%E9%87%8E%E5%8F%A3" dan="16,17,16,16" rate="2186.54,2201.98,2134.02,2107.30" sx="M,M,M,M"/><TAIKYOKU oya="0"/><INIT seed="0,0,0,4,1,30" ten="250,250,250,250" oya="0" hai0="27,93,133,56,60,34,39,52,117,74,44,109,9" hai1="86,84,2,102,108,14,73,105,103,97,33,75,61" hai2="121,134,41,66,65,54,80,38,96,35,118,3,104" hai3="111,130,87,17,6,83,122,53,63,101,43,110,49"/><T42/><D117/><U8/><E108/><N who="3" m="41514" /><G130/><T1/><D74/><U131/><E131/><V132/><F121/><W10/><G122/><T123/><D123/><U19/><E103/><N who="2" m="62567" /><F3/><N who="3" m="351" /><G101/><T24/><D109/><U32/><E2/><V62/><F118/><W127/><G127/><T112/><D112/><U95/><E61/><V50/><F35/><W0/><G0/><T29/><D133/><N who="2" m="51306" /><F80/><W81/><G17/><T57/><D27/><U119/><E119/><V11/><F11/><W21/><G21/><T126/><D126/><U124/><E124/><V115/><F115/><W67/><G43/><T47/><D93/><U98/><E98/><V106/><F106/><W4/><G87/><T36/><D57/><U15/><E15/><V46/><F62/><W135/><G4/><T25/><D25/><U20/><E20/><V58/><AGARI ba="0,0" hai="38,41,46,50,54,58,65,66" m="51306,62567" machi="58" ten="30,1100,0" yaku="20,1" doraHai="30" who="2" fromWho="2" sc="250,-5,250,-3,250,11,250,-3" /><INIT seed="1,0,0,5,1,36" ten="245,247,261,247" oya="1" hai0="28,38,32,115,114,60,89,73,4,134,97,105,95" hai1="56,13,81,85,26,41,37,133,3,39,12,71,67" hai2="112,6,64,34,23,119,46,48,108,126,43,55,53" hai3="106,76,130,50,102,77,0,124,113,111,69,44,121"/><U40/><E3/><V131/><F108/><W17/><G17/><T101/><D73/><U25/><E71/><V107/><F34/><W117/><G50/><T103/><D134/><U49/><E133/><V78/><F119/><W118/><G44/><T129/><D129/><U84/><E49/><V42/><F107/><W45/><G45/><T63/><D38/><U19/><E19/><V99/><F131/><W116/><G102/><T65/><D4/><U91/><E56/><V93/><F126/><W15/><G15/><T132/><D63/><U57/><E57/><V94/><F112/><W52/><G52/><N who="2" m="20041" /><F64/><W123/><G77/><T66/><D66/><U70/><E67/><V18/><F78/><W59/><G76/><T7/><D7/><U58/><E58/><V31/><F6/><W54/><G54/><T90/><D103/><U72/><E70/><V87/><F87/><W51/><G59/><T2/><D2/><U128/><E72/><V8/><F42/><W27/><G51/><T29/><D132/><U86/><E84/><V30/><F8/><W22/><G118/><T92/><D105/><U14/><E128/><V47/><F46/><W109/><G117/><T35/><D65/><U79/><E39/><V68/><F68/><W9/><G109/><T20/><D60/><U135/><E135/><V125/><F125/><W120/><G121/><T82/><D115/><U127/><E127/><V80/><F80/><W62/><G116/><T16/><D114/><U11/><E11/><V10/><F10/><W24/><G113/><T83/><D83/><N who="1" m="47359" /><E37/><V61/><F48/><RYUUKYOKU ba="0,0" sc="245,-10,247,30,261,-10,247,-10" hai1="12,13,14,25,26,40,41,81,86,91" /><INIT seed="1,1,0,4,2,126" ten="235,277,251,237" oya="1" hai0="21,17,88,1,32,103,59,45,52,16,78,74,20" hai1="105,67,95,82,22,112,108,109,69,134,87,29,34" hai2="54,5,72,25,64,113,90,99,41,44,40,96,132" hai3="106,77,65,100,73,36,60,91,27,14,79,56,128"/><U42/><E112/><V10/><F72/><W8/><G36/><T84/><D32/><U135/><E105/><V129/><F129/><W38/><G38/><T121/><D1/><U3/><E3/><V97/><F132/><N who="1" m="50729" /><E34/><V116/><F116/><W13/><G128/><T70/><D70/><U119/><E119/><V23/><F113/><W47/><G73/><T89/><D74/><U31/><E95/><V9/><F64/><W11/><G27/><N who="0" m="14727" /><D45/><U4/><E42/><V55/><F90/><W110/><G47/><T7/><D7/><U35/><E35/><V118/><F118/><W24/><G24/><N who="0" m="14383" /><D103/><U61/><E4/><V85/><F40/><W6/><G100/><T2/><D2/><U81/><E22/><V18/><F85/><W122/><G106/><T48/><D121/><U83/><E87/><V62/><F62/><W71/><G122/><T68/><D68/><U86/><E86/><V114/><F114/><W124/><G71/><T104/><D104/><U123/><E123/><V37/><REACH who="2" step="1"/><F10/><REACH who="2" ten="235,277,241,237" step="2"/><W53/><G11/><T127/><D127/><U98/><E98/><V15/><AGARI ba="1,1" hai="5,9,15,18,23,25,37,41,44,54,55,96,97,99" machi="15" ten="30,4000,0" yaku="1,1,2,1,0,1,53,0" doraHai="126" doraHaiUra="117" who="2" fromWho="2" sc="235,-11,277,-21,241,53,237,-11" /><INIT seed="2,0,0,3,3,31" ten="224,256,294,226" oya="2" hai0="1,80,17,114,92,69,60,111,86,5,52,37,28" hai1="117,68,2,97,98,121,81,82,56,44,16,84,131" hai2="134,76,67,105,18,83,0,122,125,94,24,110,9" hai3="40,26,54,45,58,93,20,119,6,25,103,13,71"/><V62/><F125/><W75/><G71/><T7/><D114/><U46/><E117/><V77/><F134/><W108/><G75/><T120/><D37/><U133/><E68/><V129/><F129/><W59/><G119/><T70/><D120/><U32/><E2/><V43/><F105/><W112/><G112/><T85/><D70/><U89/><E131/><V95/><F122/><W101/><G108/><T21/><D28/><U10/><E121/><V49/><F110/><W118/><G59/><N who="0" m="34919" /><D1/><U123/><E123/><V27/><F0/><W73/><G73/><T132/><D69/><U91/><E133/><V90/><F62/><W113/><G118/><T99/><D132/><U3/><E32/><V102/><F67/><W78/><G113/><T50/><D50/><U64/><E3/><V124/><F124/><W12/><G78/><N who="2" m="30313" /><F102/><W47/><G101/><N who="0" m="60647" /><D111/><U42/><E64/><V11/><F83/><W14/><G103/><T15/><D80/><U104/><E82/><V53/><F43/><W65/><G40/><T130/><D130/><U30/><E81/><V8/><F18/><W66/><G65/><T19/><D19/><U4/><E16/><V35/><F35/><W36/><G66/><T100/><D100/><U39/><E104/><V72/><F72/><W61/><G36/><T127/><D127/><U57/><E39/><V41/><F41/><W107/><G107/><T88/><D88/><U96/><E42/><V55/><F55/><W23/><G54/><T34/><D34/><U106/><E106/><V48/><F53/><W38/><G38/><T51/><D51/><RYUUKYOKU ba="0,0" sc="224,30,256,-10,294,-10,226,-10" hai0="5,7,15,17,21,85,86" /><INIT seed="3,1,0,4,3,44" ten="254,246,284,216" oya="3" hai0="39,84,25,100,88,111,6,37,119,76,57,99,102" hai1="30,10,4,94,134,107,117,2,16,125,48,5,58" hai2="130,133,80,112,7,77,70,36,32,64,27,14,129" hai3="71,34,60,62,46,92,38,17,53,128,13,24,87"/><W45/><G128/><T74/><D119/><U41/><E107/><V101/><F112/><W55/><G71/><T65/><D111/><U68/><E68/><V28/><F36/><W91/><G34/><T121/><D121/><U15/><E117/><V114/><F114/><W52/><G24/><T73/><D6/><U90/><E125/><V35/><F35/><W8/><REACH who="3" step="1"/><G38/><REACH who="3" ten="254,246,284,206" step="2"/><T103/><D37/><U118/><E118/><V21/><F32/><W50/><G50/><T59/><D25/><U72/><E48/><V96/><F70/><W97/><G97/><T26/><D99/><U126/><E126/><V67/><F130/><W49/><G49/><T106/><D26/><U3/><E30/><V81/><F129/><W12/><G12/><T11/><D39/><U75/><E15/><V116/><F116/><W135/><G135/><T23/><D106/><U109/><E134/><V79/><F133/><W98/><G98/><T19/><D74/><U20/><E72/><V115/><F96/><W93/><G93/><T29/><D73/><U110/><E75/><V78/><F115/><W33/><G33/><T122/><D29/><U0/><E94/><V51/><F51/><W89/><G89/><T31/><D88/><U54/><E90/><V82/><F101/><W9/><G9/><AGARI ba="1,1" hai="7,9,14,21,27,28,64,67,77,78,79,80,81,82" machi="9" ten="40,1300,0" yaku="8,1" doraHai="44" who="2" fromWho="3" sc="254,0,246,0,284,26,206,-16" owari="254,5.4,246,-15.4,310,41.0,190,-31.0" /></mjloggm>