<mjloggm ver="2.3"><GO type="225" lobby="0"/><UN n0="%E5%B8%86%E7%AB%8B%E5%A4%8F%E8%A1%A3" n1="%E3%81%8F%E3%82%8A%E3%83%94%E3%83%BC" n2="%E3%83%A9%E3%83%96%E3%83%AC%E3%83%BC" n3="%72%69%6F%75%63%68%61%6E" dan="17,16,18,17" rate="2146.23,2118.85,2259.61,2284.23" sx="M,M,M,M"/><TAIKYOKU oya="0"/><INIT seed="0,0,0,4,1,12" ten="250,250,250,250" oya="0" hai0="30,27,105,121,88,58,26,117,101,112,80,100,97" hai1="68,57,16,120,14,40,135,34,81,60,71,21,87" hai2="53,44,9,76,134,6,11,110,90,64,20,4,69" hai3="54,85,55,91,39,7,102,22,43,111,65,32,122"/><T115/><D117/><U62/><E120/><V82/><F110/><W77/><G111/><T109/><D121/><U128/><E34/><V19/><F69/><W29/><G122/><T63/><D109/><U41/><E135/><V98/><F64/><W48/><G32/><T95/><D80/><U79/><E128/><V31/><F31/><W94/><G39/><T118/><D118/><U3/><E3/><V96/><F76/><W47/><G65/><T104/><D101/><U84/><E71/><V86/><F11/><W45/><G7/><N who="2" m="2601" /><F134/><W99/><G77/><T74/><D27/><U5/><E68/><V133/><F133/><W73/><G73/><T10/><D10/><N who="1" m="4431" /><E87/><V35/><F35/><W23/><G29/><T89/><D74/><U116/><E116/><V46/><F9/><W127/><G127/><T125/><D125/><U59/><E59/><V119/><F119/><W36/><REACH who="3" step="1"/><G55/><REACH who="3" ten="250,250,250,240" step="2"/><T123/><D123/><U56/><E62/><V78/><F53/><W67/><G67/><T24/><D30/><U13/><E57/><V108/><F78/><W126/><G126/><T106/><D58/><U61/><E60/><V33/><F33/><W1/><G1/><T2/><D63/><U17/><E17/><V51/><F108/><W0/><G0/><T37/><D2/><U113/><E113/><V75/><F75/><W130/><G130/><T42/><D115/><U18/><E18/><V8/><F8/><W25/><G25/><N who="0" m="9835" /><D112/><U114/><E114/><V92/><F19/><W132/><G132/><T107/><N who="0" m="26624" /><DORA hai="72" /><T66/><D66/><AGARI ba="0,1" hai="13,16,21,40,41,56,61,66,79,81,84" m="4431" machi="66" ten="30,7700,0" yaku="8,1,52,2,54,1" doraHai="12,72" who="1" fromWho="0" sc="250,-77,250,87,250,0,240,0" /><INIT seed="1,0,0,0,4,110" ten="173,337,250,240" oya="1" hai0="79,127,24,77,36,34,107,45,68,93,88,131,99" hai1="31,52,46,76,15,49,2,32,20,91,69,12,81" hai2="3,19,97,55,102,30,96,35,92,4,38,58,5" hai3="116,16,62,75,56,1,113,109,28,115,48,41,8"/><U125/><E2/><V132/><F38/><W61/><G109/><T40/><D127/><U17/><E69/><V118/><F118/><W29/><G75/><T9/><D131/><U67/><E125/><V14/><F132/><W114/><G116/><T78/><D68/><U65/><E32/><V74/><F74/><W104/><G104/><T39/><D107/><U95/><E31/><V89/><F30/><W22/><G61/><T42/><D34/><U128/><E128/><V87/><F35/><W50/><G48/><T70/><D70/><U60/><E60/><V53/><F53/><W51/><G51/><T64/><D24/><U100/><E100/><V122/><F122/><W84/><G84/><T134/><D134/><U119/><E12/><V66/><F66/><W59/><G1/><T103/><D64/><U54/><E54/><V47/><F47/><W37/><G8/><T117/><D117/><U0/><E0/><V26/><F26/><W7/><G7/><N who="2" m="2633" /><F102/><W13/><G37/><T123/><D123/><U83/><E83/><V23/><F3/><W85/><G85/><T112/><D103/><U130/><E130/><V133/><F133/><W121/><G121/><T111/><D111/><U101/><E101/><V18/><F19/><W82/><G82/><T120/><D120/><U33/><E33/><V73/><F73/><W10/><G10/><T11/><REACH who="0" step="1"/><D112/><REACH who="0" ten="163,337,250,240" step="2"/><U135/><E135/><V105/><F105/><W124/><G124/><T72/><D72/><N who="1" m="43143" /><E119/><V126/><F126/><W25/><G115/><T71/><D71/><U43/><E43/><V80/><F80/><RYUUKYOKU ba="0,1" sc="163,10,337,10,250,10,240,-30" hai0="9,11,36,39,40,42,45,77,78,79,88,93,99" hai1="15,17,20,46,49,52,65,67,91,95" hai2="14,18,23,55,58,87,89,92,96,97" /><INIT seed="1,1,1,3,2,50" ten="173,347,260,210" oya="1" hai0="132,106,110,101,69,84,4,79,93,63,54,52,35" hai1="105,71,41,30,116,123,83,3,114,88,1,124,48" hai2="29,127,7,133,104,95,111,2,100,130,117,13,122" hai3="61,112,119,76,97,49,19,39,86,11,59,33,17"/><U5/><E114/><V77/><F104/><W43/><G112/><T67/><D110/><U102/><E116/><V70/><F111/><W108/><G108/><T65/><D132/><U14/><E123/><V55/><F2/><W68/><G119/><T66/><D35/><U8/><E71/><V62/><F133/><W42/><G33/><T56/><D4/><U98/><E124/><V0/><F0/><W128/><G128/><T87/><D106/><U115/><E30/><V18/><F70/><W72/><G72/><T26/><D69/><U9/><E9/><V10/><F130/><W37/><G68/><T126/><D126/><U60/><E60/><V78/><F122/><W82/><G97/><N who="0" m="59567" /><D26/><U121/><E121/><V57/><F127/><W23/><G11/><T64/><D84/><U12/><E12/><V135/><F135/><W21/><G49/><T107/><D107/><U46/><E115/><V32/><F32/><W85/><G86/><T22/><D22/><N who="3" m="8201" /><G37/><T36/><D36/><U99/><E99/><N who="2" m="59519" /><F117/><W75/><G75/><T113/><D113/><U120/><E120/><V80/><F29/><W44/><G39/><T31/><D31/><U89/><E1/><V47/><F7/><W45/><G42/><T96/><D96/><U92/><E3/><V81/><F80/><AGARI ba="1,1" hai="52,54,56,63,64,65,66,67,79,80,87" m="59567" machi="80" ten="30,7700,0" yaku="8,1,52,2,54,1" doraHai="50" who="0" fromWho="2" sc="173,90,347,0,260,-80,210,0" /><INIT seed="2,0,0,1,2,116" ten="263,347,180,210" oya="2" hai0="114,71,111,120,123,130,37,133,61,9,33,70,26" hai1="38,69,108,46,83,107,23,128,4,100,22,127,31" hai2="7,65,56,50,32,42,55,132,115,35,41,105,99" hai3="93,106,129,1,60,18,12,10,0,75,88,59,30"/><V90/><F115/><W6/><G106/><T78/><D114/><U85/><E85/><V118/><F118/><W91/><G129/><T87/><D37/><U66/><E46/><V89/><F132/><W134/><G134/><T92/><D133/><U67/><E83/><V110/><F110/><W135/><G135/><T104/><D111/><U112/><E4/><V102/><F65/><W43/><G75/><T44/><D130/><U63/><E63/><V119/><F7/><W11/><G43/><T3/><D44/><U49/><E49/><V95/><F119/><W29/><G0/><T34/><D92/><U101/><E127/><V53/><F53/><W24/><G93/><T113/><D87/><U28/><E38/><V16/><F35/><W73/><G73/><T62/><D78/><U15/><E15/><V40/><F32/><W125/><G125/><T77/><D77/><U52/><E52/><V2/><F2/><W109/><G109/><T80/><D80/><U103/><E103/><V97/><REACH who="2" step="1"/><F90/><REACH who="2" ten="263,347,170,210" step="2"/><W25/><G91/><T84/><D34/><U124/><E67/><V19/><AGARI ba="0,1" hai="16,19,40,41,42,50,55,56,89,95,97,99,102,105" machi="19" ten="30,12000,1" yaku="1,1,2,1,0,1,54,1,53,1" doraHai="116" doraHaiUra="96" who="2" fromWho="2" sc="263,-40,347,-40,170,130,210,-40" /><INIT seed="2,1,0,4,5,53" ten="223,307,300,170" oya="2" hai0="75,129,7,26,128,71,122,61,51,92,87,69,80" hai1="19,84,76,21,125,95,110,123,88,93,16,130,33" hai2="68,0,36,49,58,4,13,55,35,104,32,29,70" hai3="24,54,30,60,5,124,23,94,31,112,64,111,8"/><V118/><F118/><W89/><G111/><T107/><D107/><U78/><E33/><V12/><F104/><W22/><G124/><T52/><D122/><U46/><E110/><V98/><F36/><W83/><G112/><T56/><D7/><U15/><E130/><N who="0" m="50281" /><D26/><N who="1" m="14631" /><E125/><V27/><F35/><W28/><G83/><T20/><D20/><N who="1" m="11391" /><E123/><V63/><F0/><W120/><G54/><N who="0" m="33943" /><D92/><N who="1" m="54279" /><E46/><V11/><F70/><W103/><G103/><T3/><D3/><U101/><E95/><V96/><F13/><W48/><G48/><T25/><D25/><U127/><E127/><V108/><F108/><W82/><G82/><T62/><D62/><U99/><AGARI ba="1,0" hai="76,78,93,99,101" m="54279,11391,14631" machi="99" ten="30,4000,0" yaku="8,1,54,2" doraHai="53" who="1" fromWho="1" sc="223,-11,307,43,300,-21,170,-11" /><INIT seed="3,0,0,2,2,80" ten="212,350,279,159" oya="3" hai0="22,37,99,120,35,28,124,10,68,45,65,109,1" hai1="62,67,87,108,90,86,40,55,3,75,101,18,91" hai2="96,7,100,24,103,102,39,23,63,70,33,20,77" hai3="16,116,112,132,135,66,131,9,6,129,118,43,94"/><W130/><G43/><T26/><D120/><U69/><E108/><V113/><F113/><W57/><G66/><T104/><D109/><U53/><E75/><V27/><F33/><W36/><G36/><T52/><D124/><U46/><E3/><V127/><F127/><W21/><G57/><T42/><D22/><U110/><E101/><V38/><F7/><W125/><G125/><T76/><D76/><U15/><E90/><V71/><F77/><W83/><G94/><T95/><D52/><U61/><E87/><V12/><F12/><N who="3" m="9351" /><G83/><T119/><D119/><N who="3" m="45609" /><G112/><T44/><D44/><U111/><E62/><V29/><F96/><W122/><G122/><T126/><D126/><U0/><E111/><V51/><F51/><W56/><G56/><T49/><D49/><U106/><E53/><V11/><F63/><W58/><G58/><T72/><D65/><U59/><E106/><V41/><F103/><W19/><G19/><T133/><D68/><U81/><E18/><V4/><F41/><W14/><AGARI ba="0,0" hai="6,9,14,129,130,131,132,135" m="45609,9351" machi="14" ten="40,12000,1" yaku="19,1,34,2,54,1" doraHai="80" who="3" fromWho="3" sc="212,-40,350,-40,279,-40,159,120" /><INIT seed="3,1,0,2,0,119" ten="172,310,239,279" oya="3" hai0="43,7,82,18,74,101,19,118,67,57,28,37,81" hai1="31,131,52,2,75,132,22,42,108,36,114,0,60" hai2="106,58,5,99,93,15,63,110,117,27,55,102,68" hai3="97,6,9,134,17,13,115,4,94,120,53,95,20"/><W86/><G120/><T116/><D101/><U129/><E108/><V66/><F117/><W122/><G122/><T26/><D116/><U98/><E114/><V87/><F110/><W88/><G115/><T23/><D118/><U34/><E34/><V83/><F106/><W39/><G39/><T30/><D7/><N who="3" m="2601" /><G134/><T104/><D104/><U91/><E75/><V61/><F27/><W92/><G53/><T35/><D37/><U3/><E132/><V80/><F87/><W25/><G97/><T56/><D43/><U123/><E123/><V125/><F125/><W8/><G8/><T59/><D67/><U11/><E11/><V49/><F15/><W29/><AGARI ba="1,0" hai="9,13,17,20,25,29,86,88,92,94,95" m="2601" machi="29" ten="30,3000,0" yaku="8,1,54,1" doraHai="119" who="3" fromWho="3" sc="172,-11,310,-11,239,-11,279,33" owari="161,-33.9,299,9.9,228,-17.2,312,41.2" /></mjloggm>