<mjloggm ver="2.3"><GO type="225" lobby="0"/><UN n0="%6D%75%75%6D%75%72%61" n1="%E3%81%AF%E3%82%88%E3%81%8A%E3%81%98%E3%81%95%E3%82%93" n2="%E3%81%8F%E3%81%BE%E3%81%96%E3%82%8F" n3="%E3%81%82%E3%81%99%E3%81%AA%E3%82%8D%E3%83%A9%E3%82%A4%E3%83%80%E3%83%BC" dan="17,16,16,16" rate="2196.89,2146.97,2065.24,2089.83" sx="F,M,M,M"/><TAIKYOKU oya="0"/><INIT seed="0,0,0,1,0,92" ten="250,250,250,250" oya="0" hai0="97,104,64,111,86,117,122,75,49,59,63,96,30" hai1="39,79,15,44,102,40,20,29,1,115,114,45,0" hai2="77,128,88,89,100,85,32,126,109,23,81,22,93" hai3="106,31,8,131,116,107,46,73,118,132,82,33,70"/><T5/><D117/><U19/><E79/><V71/><F32/><W3/><G46/><T12/><D122/><U95/><E29/><V65/><F109/><W90/><G90/><T53/><D75/><U18/><E44/><V2/><F2/><W98/><G82/><T69/><D104/><U84/><E19/><V41/><F41/><W37/><G3/><T123/><D123/><U135/><E135/><V68/><F128/><W10/><G31/><T47/><D111/><U119/><E119/><V7/><F7/><W55/><G55/><T34/><D69/><U105/><E105/><V61/><F68/><W103/><G103/><T6/><D86/><U38/><E39/><V36/><F126/><W108/><G37/><T83/><D83/><U127/><E127/><V125/><F36/><W94/><G94/><T72/><D72/><U101/><E101/><V16/><F22/><W52/><G73/><T24/><REACH who="0" step="1"/><D5/><REACH who="0" ten="240,250,250,250" step="2"/><U124/><E124/><V56/><F71/><W35/><G107/><T87/><D87/><U57/><E84/><V27/><REACH who="2" step="1"/><F125/><REACH who="2" ten="240,250,240,250" step="2"/><W25/><G70/><T42/><D42/><U129/><E40/><V134/><F134/><W133/><G132/><T26/><D26/><U99/><E129/><V66/><F66/><W120/><G25/><T113/><D113/><U76/><E115/><V121/><F121/><W21/><G133/><T58/><D58/><U80/><E57/><V48/><F48/><W74/><G120/><T14/><D14/><U9/><E114/><V91/><F91/><W50/><G131/><T67/><D67/><U60/><E15/><RYUUKYOKU ba="0,2" sc="240,15,250,-15,240,15,250,-15" hai0="6,12,24,30,34,47,49,53,59,63,64,96,97" hai2="16,23,27,56,61,65,77,81,85,88,89,93,100" /><INIT seed="0,1,2,1,4,96" ten="255,235,255,235" oya="0" hai0="58,2,108,51,86,25,44,67,81,71,83,50,38" hai1="27,94,11,70,29,36,63,135,79,37,103,121,74" hai2="129,124,18,106,91,87,33,28,116,16,128,73,117" hai3="133,88,57,19,15,59,54,42,47,12,115,80,111"/><T9/><D108/><U21/><E121/><V60/><F73/><W84/><G115/><T39/><D71/><U95/><E135/><V114/><F114/><W52/><G111/><T68/><D68/><U41/><E11/><V13/><F106/><W40/><G133/><T107/><D107/><U102/><E79/><V0/><F124/><W101/><G101/><T34/><D34/><U126/><E74/><V97/><F97/><W46/><G15/><T131/><D25/><U105/><E126/><V32/><F60/><N who="3" m="35879" /><G42/><T53/><D131/><N who="2" m="50250" /><F0/><W85/><G85/><T64/><D64/><U109/><E109/><V123/><F123/><W62/><G40/><T125/><D125/><U118/><E118/><N who="2" m="45675" /><F13/><W20/><AGARI ba="1,2" hai="12,19,20,46,47,54,59,62,80,84,88" m="35879" machi="20" ten="30,4000,0" yaku="8,1,54,2" doraHai="96" who="3" fromWho="3" sc="255,-21,235,-11,255,-11,235,63" /><INIT seed="1,0,0,4,0,101" ten="234,224,244,298" oya="1" hai0="2,83,41,93,51,99,11,108,113,129,57,89,44" hai1="92,133,102,105,46,9,26,69,106,18,82,80,78" hai2="74,128,29,117,50,94,22,34,40,30,64,54,7" hai3="38,47,49,28,100,73,3,79,45,87,35,72,118"/><U21/><E69/><V127/><F117/><W77/><G118/><T25/><D108/><U61/><E61/><V75/><F34/><W131/><G38/><T81/><D129/><U14/><E133/><V20/><F40/><W12/><G3/><T130/><D130/><U63/><E63/><V86/><F64/><W76/><G131/><T68/><D68/><U37/><E92/><V114/><F7/><W91/><G100/><T96/><D113/><U23/><E23/><V70/><F128/><W110/><G12/><T65/><D96/><U120/><E120/><V60/><F127/><W5/><G5/><T16/><D2/><U62/><E62/><V36/><F36/><W42/><G47/><T103/><D89/><U59/><E59/><V121/><F121/><W48/><G48/><T33/><D33/><U84/><E102/><V55/><F114/><W97/><G97/><T135/><D135/><U98/><E98/><V1/><F1/><W104/><G104/><T53/><D65/><U17/><REACH who="1" step="1"/><E82/><REACH who="1" ten="234,214,244,298" step="2"/><V13/><F70/><W67/><G67/><T125/><D125/><U126/><E126/><V15/><F60/><W27/><REACH who="3" step="1"/><G110/><REACH who="3" ten="234,214,244,288" step="2"/><T56/><D56/><U43/><AGARI ba="0,2" hai="9,14,17,18,21,26,37,43,46,78,80,84,105,106" machi="43" ten="30,11700,0" yaku="1,1,0,1,52,2,53,0" doraHai="101" doraHaiUra="116" who="1" fromWho="1" sc="234,-39,214,137,244,-39,288,-39" /><INIT seed="1,1,0,0,1,27" ten="195,351,205,249" oya="1" hai0="109,77,21,18,51,25,129,8,3,103,10,41,4" hai1="64,28,104,71,127,47,29,26,66,32,0,124,23" hai2="114,61,121,134,107,98,60,95,57,130,7,44,50" hai3="67,34,12,52,40,16,46,76,132,49,111,17,90"/><U89/><E0/><V91/><F121/><W131/><G111/><T96/><D109/><U24/><E104/><V105/><F130/><W19/><G132/><T53/><D129/><U15/><E71/><V82/><F134/><W69/><G131/><T42/><D8/><U78/><E78/><V14/><F114/><W6/><G34/><T30/><D77/><U31/><E47/><V94/><F105/><W22/><G76/><T128/><D18/><N who="1" m="10719" /><E32/><V36/><F36/><W106/><G106/><T93/><REACH who="0" step="1"/><D128/><REACH who="0" ten="185,351,205,249" step="2"/><U20/><E127/><V75/><F7/><W119/><G119/><T102/><D102/><U84/><E124/><V112/><F112/><W97/><G6/><T135/><D135/><U100/><E100/><V79/><F79/><W54/><G90/><T120/><D120/><U1/><E1/><V126/><F91/><W117/><G117/><T133/><D133/><U43/><E43/><V2/><F126/><W33/><G33/><T62/><D62/><U11/><E11/><V59/><F60/><W115/><G115/><T118/><D118/><U110/><E110/><V37/><F61/><W116/><G116/><T9/><D9/><U48/><E20/><V99/><F2/><W83/><G22/><T73/><D73/><U74/><E74/><V87/><F75/><W85/><G19/><T113/><D113/><U58/><E89/><V63/><F63/><N who="3" m="40191" /><G17/><T92/><D92/><U81/><E66/><V88/><F107/><W125/><G125/><T108/><D108/><U101/><E64/><V86/><F95/><W39/><G16/><T38/><D38/><RYUUKYOKU ba="1,1" sc="185,30,351,-10,205,-10,249,-10" hai0="3,4,10,21,25,30,41,42,51,53,93,96,103" /><INIT seed="2,2,1,4,5,126" ten="215,341,195,239" oya="2" hai0="15,127,99,133,120,59,2,121,112,38,42,128,53" hai1="24,7,49,109,23,80,48,60,104,100,130,91,117" hai2="132,16,54,77,95,69,50,76,103,73,66,131,67" hai3="88,21,85,44,5,12,134,62,29,31,45,129,52"/><V55/><F132/><W115/><G134/><T108/><D2/><U56/><E117/><V3/><F3/><W18/><G129/><T89/><D133/><U58/><E130/><V107/><F107/><W105/><G115/><T57/><D112/><U97/><E109/><V27/><F73/><W20/><G105/><T1/><D1/><U78/><E7/><V39/><F39/><W51/><G5/><T37/><D108/><U9/><E104/><V125/><F69/><W64/><G45/><T81/><D127/><U113/><E9/><V111/><F125/><W35/><G35/><T102/><D128/><U116/><E116/><V118/><F118/><W122/><G21/><T124/><D124/><U65/><E56/><N who="2" m="32855" /><F55/><W96/><G96/><T0/><D0/><U93/><E91/><V68/><F68/><W74/><G74/><T79/><D37/><U26/><E26/><V40/><F40/><W86/><G86/><T14/><D38/><U94/><E93/><V106/><F106/><W101/><G101/><T22/><D102/><U46/><E46/><V47/><F47/><W8/><G20/><T110/><D110/><U90/><E90/><V87/><F111/><W36/><G122/><T13/><D42/><U32/><E32/><V10/><F103/><W28/><G36/><T98/><D22/><U33/><E33/><V119/><F119/><W4/><G4/><T17/><D120/><U11/><E113/><V72/><F72/><W75/><G75/><N who="0" m="43263" /><D121/><U123/><E123/><V70/><F131/><W25/><G44/><T83/><D57/><U19/><E11/><RYUUKYOKU ba="2,1" sc="215,-10,341,30,195,-10,239,-10" hai1="19,23,24,48,49,58,60,65,78,80,94,97,100" /><INIT seed="3,3,1,5,4,114" ten="205,371,185,229" oya="3" hai0="56,126,20,105,77,103,24,89,99,35,21,135,127" hai1="71,63,64,32,94,47,13,29,26,50,129,69,45" hai2="74,83,22,16,134,121,79,61,40,109,120,46,84" hai3="7,57,108,95,34,110,132,41,88,73,8,51,82"/><W19/><G132/><T59/><D135/><U86/><E71/><V31/><F134/><W96/><G34/><T117/><D117/><U85/><E129/><V44/><F109/><N who="3" m="42091" /><G19/><T75/><D35/><U30/><E29/><V38/><F31/><W39/><G39/><T122/><D122/><N who="2" m="47210" /><F46/><N who="3" m="26063" /><G57/><T53/><D56/><U55/><E94/><V111/><F111/><W107/><G107/><T101/><D105/><U3/><E3/><V6/><F6/><W11/><G7/><T72/><D20/><U37/><E13/><N who="2" m="9487" /><F61/><W67/><G67/><T70/><D21/><U115/><E115/><V1/><F1/><W12/><G12/><T27/><D27/><U33/><E33/><V91/><F74/><W131/><G131/><T68/><D24/><U18/><E18/><V9/><F9/><W78/><AGARI ba="3,1" hai="8,11,73,78,82,88,95,96" m="26063,42091" machi="78" ten="30,6000,0" yaku="14,1,10,1,54,1" doraHai="114" who="3" fromWho="3" sc="205,-23,371,-23,185,-23,229,79" /><INIT seed="3,4,0,3,0,93" ten="182,348,162,308" oya="3" hai0="31,60,27,62,99,52,78,1,35,69,0,19,40" hai1="74,44,135,34,21,100,67,123,11,50,98,56,117" hai2="22,12,94,113,82,63,28,124,132,130,29,92,118" hai3="51,87,5,37,2,7,77,24,46,15,128,108,120"/><W14/><G120/><T119/><D119/><U80/><E34/><V84/><F118/><W10/><G37/><T47/><D78/><U102/><E117/><V9/><F113/><W17/><G128/><T54/><D19/><U103/><E123/><V71/><F130/><W55/><G108/><T112/><D112/><U89/><E135/><V18/><F132/><W86/><G24/><T131/><D131/><U25/><E11/><V83/><F124/><W53/><G2/><T111/><D111/><U16/><E74/><V13/><F71/><W90/><G77/><T68/><D99/><U114/><E114/><V58/><F29/><W3/><G3/><T49/><D68/><U133/><E133/><V125/><F125/><W23/><G7/><T101/><D101/><U26/><E25/><N who="2" m="16439" /><F13/><W70/><G70/><T81/><D81/><N who="2" m="30730" /><F84/><W20/><G20/><T48/><D62/><N who="1" m="38343" /><E89/><V96/><F96/><W134/><G134/><T122/><D122/><U30/><E80/><V75/><F75/><W105/><G105/><T91/><D91/><U106/><E106/><V36/><F36/><W59/><REACH who="3" step="1"/><G90/><REACH who="3" ten="182,348,162,298" step="2"/><T116/><D116/><U41/><E98/><V109/><F109/><W61/><AGARI ba="4,1" hai="5,10,14,15,17,23,46,51,53,55,59,61,86,87" machi="61" ten="20,18000,2" yaku="1,1,2,1,0,1,7,1,8,1,53,2" doraHai="93" doraHaiUra="8" who="3" fromWho="3" sc="182,-64,348,-64,162,-64,298,202" owari="118,-28.2,284,8.4,98,-40.2,500,60.0" /></mjloggm>