<mjloggm ver="2.3"><GO type="225" lobby="0"/><UN n0="%E3%81%B5%E3%81%98%E3%81%8B%E3%81%A4" n1="%E3%81%A9%E3%82%8F%E3%82%93%E3%81%94" n2="%72%69%6F%75%63%68%61%6E" n3="%E9%B3%B3%E6%9D%B1%E3%81%AE%E3%81%86%E3%81%95%E3%81%8E%E3%81%95%E3%82%93" dan="16,16,16,17" rate="2225.59,2080.92,2121.54,2262.56" sx="M,M,M,M"/><TAIKYOKU oya="0"/><INIT seed="0,0,0,5,3,53" ten="250,250,250,250" oya="0" hai0="13,113,95,16,80,2,56,111,24,49,64,34,97" hai1="134,20,3,78,66,123,81,37,76,88,51,110,62" hai2="59,28,32,115,98,61,65,23,29,104,87,101,47" hai3="68,117,84,44,90,14,79,108,57,12,77,8,89"/><T114/><D2/><U67/><E123/><V26/><F115/><W120/><G108/><T72/><D111/><U106/><E37/><V19/><F32/><W128/><G68/><T5/><D5/><U107/><E3/><V21/><F47/><W10/><G128/><T36/><D36/><U69/><E110/><V135/><F135/><W133/><G117/><T9/><D72/><U74/><E134/><V119/><F119/><W109/><G109/><T73/><D80/><U40/><E78/><V1/><F1/><W31/><G120/><T30/><D73/><U39/><E67/><V50/><F50/><W42/><G31/><T18/><D18/><U45/><E20/><V82/><REACH who="2" step="1"/><F23/><REACH who="2" ten="250,250,240,250" step="2"/><W83/><G44/><T54/><REACH who="0" step="1"/><D64/><REACH who="0" ten="240,250,240,250" step="2"/><U96/><E39/><V60/><F60/><W126/><G133/><T46/><D46/><U75/><E75/><V33/><F33/><W105/><G126/><T63/><D63/><U38/><E38/><V4/><F4/><W112/><G112/><T6/><D6/><U100/><E74/><V124/><F124/><W55/><G8/><T91/><AGARI ba="0,2" hai="9,13,16,24,30,34,49,54,56,91,95,97,113,114" machi="91" ten="20,18000,2" yaku="1,1,0,1,7,1,52,1,54,1,53,1" doraHai="53" doraHaiUra="22" who="0" fromWho="0" sc="240,200,250,-60,240,-60,250,-60" /><INIT seed="0,1,0,1,0,133" ten="440,190,180,190" oya="0" hai0="113,28,42,40,91,84,118,117,108,58,123,83,48" hai1="99,70,35,76,77,65,20,128,8,103,78,109,125" hai2="116,55,74,33,29,43,12,61,129,68,53,45,73" hai3="17,80,1,127,6,106,63,107,71,92,60,47,86"/><T57/><D123/><U75/><E35/><V87/><F129/><W5/><G92/><T37/><D113/><U56/><E128/><V31/><F116/><W110/><G110/><T120/><D28/><U79/><E109/><V2/><F2/><W24/><G47/><T121/><D108/><U94/><E70/><V115/><F115/><W3/><G17/><T89/><D84/><U85/><E8/><V11/><F68/><W34/><G71/><T26/><D83/><N who="1" m="45471" /><E20/><V62/><F74/><W0/><G24/><T97/><D97/><U88/><E56/><V132/><F73/><W27/><G27/><T101/><D26/><U90/><E65/><V100/><F132/><W21/><G21/><T95/><D95/><N who="1" m="54671" /><E125/><V13/><F100/><AGARI ba="1,0" hai="77,78,79,90,94,99,100,103" m="54671,45471" machi="100" ten="30,12000,2" yaku="35,5,54,1" doraHai="133" who="1" fromWho="2" sc="440,0,190,123,180,-123,190,0" /><INIT seed="1,0,0,5,4,29" ten="440,313,57,190" oya="1" hai0="107,4,59,43,70,16,98,68,2,106,49,67,120" hai1="85,64,13,46,60,22,132,80,86,82,108,32,105" hai2="40,95,121,36,20,124,65,52,88,77,109,55,111" hai3="45,18,38,51,42,104,101,9,66,31,71,94,122"/><U92/><E132/><V14/><F121/><W34/><G122/><T114/><D114/><U76/><E105/><V78/><F124/><W123/><G123/><T115/><D115/><U90/><E108/><N who="2" m="41547" /><F65/><W0/><G94/><T83/><D4/><U27/><E46/><N who="2" m="23815" /><F14/><W99/><G38/><T7/><D7/><U35/><E13/><V119/><F119/><W125/><G125/><T75/><D2/><U102/><E92/><V12/><F12/><W41/><G18/><T54/><D98/><U81/><E102/><V97/><F20/><W100/><G100/><T79/><D120/><U21/><E81/><V62/><F62/><N who="3" m="40407" /><G9/><T39/><D70/><U28/><REACH who="1" step="1"/><E21/><REACH who="1" ten="440,303,57,190" step="2"/><V58/><F58/><AGARI ba="0,1" hai="22,27,28,32,35,58,60,64,76,80,82,85,86,90" machi="58" ten="30,18000,2" yaku="1,1,2,1,7,1,52,2,53,1" doraHai="29" doraHaiUra="63" who="1" fromWho="2" sc="440,0,303,190,57,-180,190,0" owari="440,24.0,493,59.3,-123,-62.3,190,-21.0" /></mjloggm>