<mjloggm ver="2.3"><GO type="225" lobby="0"/><UN n0="%E3%81%86%E3%82%8C%E3%81%9F%E3%82%93%E6%9E%95" n1="%E3%83%A9%E3%83%96%E3%83%AC%E3%83%BC" n2="%72%69%6F%75%63%68%61%6E" n3="%E3%83%B4%E3%82%A3%E3%83%AF%E3%82%B3%E3%82%B0%E3%83%8B" dan="16,18,17,16" rate="2104.23,2175.60,2230.97,2120.47" sx="F,M,M,M"/><TAIKYOKU oya="0"/><INIT seed="0,0,0,0,1,30" ten="250,250,250,250" oya="0" hai0="26,49,102,100,109,129,124,134,56,40,21,54,122" hai1="87,131,85,12,66,112,31,5,93,60,65,48,99" hai2="7,133,45,107,63,114,121,3,110,46,81,83,96" hai3="28,27,55,70,51,78,59,123,98,34,14,101,72"/><T29/><D122/><U94/><E131/><V92/><F121/><W74/><G123/><T8/><D129/><U52/><E31/><V103/><F114/><W58/><G78/><T127/><D134/><U77/><E112/><V62/><F110/><W18/><G59/><T89/><D109/><U79/><E79/><V38/><F133/><W67/><G67/><N who="1" m="25610" /><E60/><V37/><F107/><W91/><G91/><T39/><D39/><U125/><E125/><N who="0" m="48201" /><D40/><U25/><E25/><V82/><F37/><W97/><G70/><T4/><D89/><N who="1" m="55727" /><E94/><V13/><F3/><AGARI ba="0,0" hai="3,4,8,21,26,29,49,54,56,100,102" m="48201" machi="3" ten="30,1500,0" yaku="18,1" doraHai="30" who="0" fromWho="2" sc="250,15,250,0,250,-15,250,0" /><INIT seed="0,1,0,1,2,19" ten="265,250,235,250" oya="0" hai0="105,90,66,57,79,52,4,92,124,38,53,107,102" hai1="51,11,3,93,126,98,81,113,84,80,117,13,42" hai2="64,130,26,54,55,87,63,99,24,73,61,70,122" hai3="46,49,6,114,16,96,12,111,109,35,120,72,112"/><T94/><D38/><U121/><E117/><V29/><F122/><W75/><G35/><T43/><D43/><U78/><E121/><V82/><F130/><W104/><G6/><T1/><D124/><U88/><E126/><V37/><F37/><W23/><G120/><T89/><D79/><U27/><E3/><V62/><F73/><N who="3" m="28235" /><G96/><T31/><D102/><U123/><E113/><V69/><F99/><W28/><G28/><T39/><D39/><U118/><E118/><V41/><F41/><N who="3" m="24783" /><G104/><T135/><D31/><U68/><E68/><V17/><F17/><W30/><G30/><T18/><D18/><N who="1" m="8511" /><E123/><V101/><F101/><W76/><G76/><T8/><D107/><U128/><E128/><V15/><F15/><W59/><G59/><T7/><D105/><U44/><E81/><V48/><F70/><W50/><G50/><T85/><D4/><U60/><E60/><V5/><F5/><W10/><G10/><T20/><D8/><U106/><E106/><V134/><F24/><AGARI ba="1,0" hai="24,27,42,44,51,78,80,84,88,93,98" m="8511" machi="24" ten="30,2000,0" yaku="8,1,54,1" doraHai="19" who="1" fromWho="2" sc="265,0,250,23,235,-23,250,0" /><INIT seed="1,0,0,2,5,124" ten="265,273,212,250" oya="1" hai0="27,86,65,89,6,134,56,81,121,111,16,15,39" hai1="31,130,74,47,20,127,115,123,83,110,8,13,42" hai2="94,133,24,12,128,33,36,38,120,57,0,51,93" hai3="22,37,71,26,90,10,18,72,1,40,32,28,114"/><U66/><E123/><V88/><F120/><W82/><G114/><T101/><D121/><U53/><E115/><V50/><F0/><W135/><G71/><T45/><D111/><U67/><E127/><V49/><F128/><W132/><G90/><T95/><D134/><N who="3" m="51241" /><G40/><T4/><D39/><U43/><E130/><V85/><F133/><W69/><G69/><T92/><D45/><U35/><E35/><V109/><F109/><W131/><G37/><T77/><D27/><N who="1" m="16871" /><E74/><V5/><F57/><W29/><G131/><T103/><D103/><U125/><E125/><V41/><F41/><N who="1" m="15369" /><E83/><V30/><REACH who="2" step="1"/><F93/><REACH who="2" ten="265,273,202,250" step="2"/><W129/><G129/><T122/><D122/><U97/><E110/><V73/><F73/><W78/><G32/><T64/><D56/><U102/><E47/><V118/><F118/><W70/><G70/><T58/><D58/><U11/><E53/><V112/><F112/><W105/><G105/><T61/><D95/><U100/><E67/><V106/><F106/><W108/><G108/><T91/><D64/><U46/><E46/><V55/><F55/><W79/><G79/><T34/><D77/><U113/><E66/><V3/><F3/><W2/><G1/><T48/><D65/><U19/><E113/><V117/><F117/><W25/><G25/><T84/><D92/><U23/><E102/><V14/><F14/><W21/><G2/><T52/><D15/><U17/><E100/><V9/><AGARI ba="0,1" hai="5,9,12,24,30,33,36,38,49,50,51,85,88,94" machi="9" ten="30,4000,0" yaku="1,1,0,1,54,1,53,0" doraHai="124" doraHaiUra="96" who="2" fromWho="2" sc="265,-10,273,-20,202,50,250,-10" /><INIT seed="2,0,0,0,4,76" ten="255,253,252,240" oya="2" hai0="95,59,115,116,5,77,42,7,124,30,14,72,70" hai1="96,35,102,40,80,4,25,126,53,84,26,27,2" hai2="87,23,105,75,19,85,98,46,92,51,103,82,93" hai3="57,6,9,100,83,133,66,18,15,39,21,43,31"/><V64/><F64/><W112/><G133/><T41/><D115/><U3/><E40/><V94/><F75/><W106/><G112/><T54/><D70/><U60/><E35/><V127/><F127/><W71/><G71/><T58/><D116/><U62/><E126/><V33/><F33/><W121/><G121/><T32/><D124/><U22/><E22/><V24/><REACH who="2" step="1"/><F82/><REACH who="2" ten="255,253,242,240" step="2"/><W91/><G66/><T61/><D72/><U128/><E80/><V56/><F56/><W101/><G57/><T90/><D59/><U55/><E128/><V81/><F81/><W119/><G119/><T88/><D32/><U52/><E62/><V13/><F13/><W1/><G83/><T120/><D120/><U38/><E60/><V49/><F49/><W36/><G36/><T67/><D67/><U63/><E38/><V129/><F129/><W110/><G39/><T114/><D114/><U135/><E63/><V29/><F29/><W125/><G31/><T11/><D30/><U74/><E74/><V111/><F111/><W28/><G110/><T89/><D77/><U123/><E123/><V78/><F78/><W99/><G125/><T97/><REACH who="0" step="1"/><D5/><REACH who="0" ten="245,253,242,240" step="2"/><U69/><E69/><V130/><F130/><W20/><G28/><T10/><D10/><U104/><E4/><V34/><F34/><W50/><G20/><T132/><D132/><U134/><E135/><V118/><F118/><W131/><G131/><T48/><D48/><U107/><E134/><V73/><F73/><W113/><G113/><T37/><D37/><U47/><E47/><V8/><F8/><W108/><G108/><RYUUKYOKU ba="0,2" sc="245,15,253,-15,242,15,240,-15" hai0="7,11,14,41,42,54,58,61,88,89,90,95,97" hai2="19,23,24,46,51,85,87,92,93,94,98,103,105" /><INIT seed="2,1,2,3,0,95" ten="260,238,257,225" oya="2" hai0="34,28,2,135,22,93,132,50,64,38,83,56,63" hai1="96,76,118,82,42,97,115,91,3,49,60,29,119" hai2="31,123,59,48,52,1,107,13,127,94,30,36,89" hai3="101,86,78,79,99,6,58,46,21,71,128,51,45"/><V130/><F123/><W75/><G128/><T5/><D38/><U133/><E115/><V44/><F1/><W114/><G71/><T108/><D108/><U131/><E3/><V18/><F107/><W41/><G114/><T33/><D83/><U15/><E29/><V47/><F130/><W116/><G116/><T37/><D37/><U68/><E131/><V80/><F127/><W65/><G75/><T92/><D22/><U72/><E91/><V73/><F36/><W11/><G86/><T67/><D50/><U7/><E133/><N who="0" m="51273" /><D67/><U14/><E14/><V90/><F90/><W77/><G21/><T0/><D28/><N who="2" m="10794" /><F80/><W16/><G16/><T19/><D19/><U124/><E124/><V112/><F73/><W12/><G65/><T54/><D64/><N who="1" m="40967" /><E119/><V121/><F121/><W40/><G58/><T39/><D39/><U57/><E57/><V70/><F70/><W117/><G117/><T98/><D93/><U81/><E118/><V84/><F112/><W69/><G69/><T23/><D23/><AGARI ba="1,2" hai="13,18,23,44,47,48,52,59,84,89,94" m="10794" machi="23" ten="30,5800,0" yaku="25,1,8,1,54,1" doraHai="95" who="2" fromWho="0" sc="260,-61,238,0,257,81,225,0" /><INIT seed="2,2,0,3,4,73" ten="199,238,338,225" oya="2" hai0="116,74,61,83,80,123,50,22,46,15,21,78,16" hai1="72,81,91,3,95,40,93,70,109,99,34,28,69" hai2="103,71,24,100,90,66,13,88,85,43,84,135,96" hai3="111,44,122,92,41,118,11,124,121,97,2,102,14"/><V60/><F135/><W59/><G118/><T115/><D123/><U35/><E3/><V128/><F128/><W117/><G117/><T6/><D115/><U82/><E109/><V131/><F131/><W64/><G2/><T8/><D116/><U49/><E40/><V113/><F113/><W68/><G68/><T42/><D83/><U1/><E1/><V79/><F43/><W94/><G124/><T104/><D104/><U12/><E12/><V39/><F39/><W106/><G111/><T56/><REACH who="0" step="1"/><D6/><REACH who="0" ten="189,238,338,225" step="2"/><U119/><E82/><V30/><F79/><W51/><G122/><T7/><D7/><U75/><E119/><V23/><F13/><W31/><G121/><T38/><D38/><U133/><E133/><V129/><F129/><W17/><REACH who="3" step="1"/><G31/><REACH who="3" ten="189,238,338,215" step="2"/><T26/><D26/><U63/><E28/><V57/><F30/><W55/><G55/><AGARI ba="2,2" hai="8,15,16,21,22,42,46,50,55,56,61,74,78,80" machi="55" ten="30,7700,0" yaku="1,1,7,1,52,1,54,1,53,0" doraHai="73" doraHaiUra="108" who="0" fromWho="3" sc="189,103,238,0,338,0,215,-83" /><INIT seed="3,0,0,1,5,78" ten="292,238,338,132" oya="3" hai0="112,48,118,110,106,24,128,124,46,126,40,83,17" hai1="119,10,57,41,63,20,36,30,18,87,42,11,107" hai2="23,115,12,61,4,69,89,56,99,64,29,82,5" hai3="8,114,7,77,134,108,91,13,44,133,39,113,59"/><W94/><G39/><T111/><D106/><U85/><E107/><V105/><F115/><W26/><G44/><T3/><D3/><U135/><E135/><N who="3" m="51722" /><G59/><T88/><D118/><U34/><E119/><V120/><F120/><W67/><G67/><T54/><D128/><U71/><E34/><V22/><F69/><W90/><G108/><N who="0" m="41515" /><D112/><N who="3" m="43113" /><G77/><T121/><D121/><U130/><E30/><V86/><F105/><W104/><G104/><T73/><D73/><U122/><E130/><V55/><F99/><N who="3" m="57815" /><G91/><T15/><D88/><U93/><E71/><V32/><F64/><W52/><G26/><T43/><D24/><N who="1" m="14359" /><E36/><V16/><F32/><W72/><G72/><T25/><D25/><AGARI ba="0,0" hai="4,5,12,16,22,23,25,29,55,56,61,82,86,89" machi="25" ten="40,5200,0" yaku="8,1,52,1,54,1" doraHai="78" who="2" fromWho="0" sc="292,-52,238,0,338,52,132,0" owari="240,4.0,238,-16.2,390,49.0,132,-36.8" /></mjloggm>