<mjloggm ver="2.3"><GO type="225" lobby="0"/><UN n0="%72%69%6F%75%63%68%61%6E" n1="%E5%AE%AE%E4%BF%9D%E9%B6%8F%E8%82%89" n2="%73%61%6E%64%69%72%69%73" n3="%E3%81%86%E3%81%A9%E3%82%93%E3%81%93" dan="16,16,16,16" rate="2211.92,2135.05,2125.17,2126.05" sx="M,M,M,M"/><TAIKYOKU oya="0"/><INIT seed="0,0,0,4,3,49" ten="250,250,250,250" oya="0" hai0="58,47,60,3,17,11,94,75,63,79,129,18,110" hai1="31,53,1,83,2,23,90,123,27,50,98,13,124" hai2="69,80,105,130,131,56,5,74,84,104,88,127,44" hai3="77,116,102,76,61,57,92,32,68,40,30,33,38"/><T20/><D129/><N who="2" m="49162" /><F69/><W115/><G68/><T96/><D110/><U106/><E123/><V91/><F5/><W66/><G115/><T52/><D75/><U36/><E36/><V4/><F4/><W111/><G111/><T12/><D79/><U119/><E119/><V55/><F127/><W121/><G116/><T133/><D133/><U134/><E124/><V37/><F74/><W65/><G65/><T14/><D3/><U71/><E71/><V35/><F35/><W78/><G121/><T126/><D126/><U117/><E117/><V122/><F122/><W41/><G38/><T26/><D47/><U118/><E134/><V21/><F21/><W95/><G102/><T24/><D63/><U132/><E132/><V67/><F91/><AGARI ba="0,0" hai="11,12,14,17,18,20,24,26,52,58,60,91,94,96" machi="91" ten="30,11600,0" yaku="7,1,8,1,52,1,54,1" doraHai="49" who="0" fromWho="2" sc="250,116,250,0,250,-116,250,0" /><INIT seed="0,1,0,5,2,25" ten="366,250,134,250" oya="0" hai0="107,70,115,23,22,89,106,120,93,59,4,31,56" hai1="44,104,77,117,133,108,35,125,63,3,71,61,66" hai2="36,53,10,84,78,119,109,0,12,135,130,38,54" hai3="27,2,9,73,134,83,99,86,82,92,8,34,62"/><T88/><D115/><U79/><E35/><V124/><F0/><W17/><G134/><T114/><D114/><U96/><E3/><V132/><F109/><W100/><G73/><T15/><D120/><U14/><E117/><V40/><F119/><W41/><G41/><T127/><D70/><U110/><E133/><N who="2" m="51275" /><F130/><W102/><G102/><T32/><D127/><U64/><E125/><V81/><F124/><W52/><G2/><T118/><D118/><U105/><E14/><V98/><F98/><W97/><G97/><T80/><D32/><U37/><E96/><V87/><F87/><W65/><G83/><T72/><D107/><U39/><E44/><N who="2" m="23559" /><F38/><W26/><G34/><T42/><D106/><U90/><E90/><V46/><F46/><W49/><G9/><N who="0" m="4519" /><D72/><U101/><E101/><V45/><F45/><N who="3" m="27695" /><G8/><T126/><D126/><U91/><E91/><V67/><F67/><W43/><G43/><T74/><D42/><U50/><REACH who="1" step="1"/><E50/><REACH who="1" ten="366,240,134,250" step="2"/><V103/><F103/><W85/><G65/><T11/><D89/><U20/><E20/><V57/><F57/><W24/><G100/><T7/><D56/><U47/><E47/><V33/><F33/><W18/><G99/><T19/><D59/><U131/><E131/><V69/><F69/><AGARI ba="1,1" hai="37,39,61,63,64,66,69,71,77,79,104,105,108,110" machi="69" ten="25,3200,0" yaku="1,1,22,2,53,0" doraHai="25" doraHaiUra="55" who="1" fromWho="2" sc="366,0,240,45,134,-35,250,0" /><INIT seed="1,0,0,2,2,54" ten="366,285,99,250" oya="1" hai0="24,106,32,80,69,38,101,41,89,117,78,33,29" hai1="42,81,36,17,31,124,135,39,120,116,134,122,114" hai2="65,28,59,105,4,98,18,16,131,67,97,26,56" hai3="48,12,13,111,100,3,62,9,75,52,92,61,90"/><U128/><E31/><V112/><F4/><W14/><G75/><T110/><D110/><U50/><E17/><N who="2" m="6763" /><F105/><W43/><G111/><T58/><D117/><U11/><E11/><V108/><F108/><W20/><G100/><T35/><D89/><U87/><E87/><V93/><F131/><W37/><G43/><T84/><D69/><U6/><E81/><V118/><F118/><W5/><G20/><T83/><D80/><U21/><E21/><N who="2" m="15439" /><F112/><W2/><G2/><T34/><D41/><U79/><E79/><V71/><F71/><W86/><REACH who="3" step="1"/><G37/><REACH who="3" ten="366,285,99,240" step="2"/><N who="1" m="14410" /><E116/><V107/><F107/><W85/><G85/><T23/><D106/><U99/><E99/><N who="2" m="37899" /><F93/><W123/><G123/><T8/><D33/><U129/><E122/><V95/><F95/><W119/><G119/><T10/><D101/><U22/><E120/><V66/><AGARI ba="0,1" hai="56,59,65,66,67" m="37899,15439,6763" machi="66" ten="30,7900,0" yaku="8,1,52,2,54,1" doraHai="54" who="2" fromWho="2" sc="366,-20,285,-39,99,89,240,-20" /><INIT seed="2,0,0,5,3,92" ten="346,246,188,220" oya="2" hai0="47,20,75,129,85,118,97,120,87,31,103,35,119" hai1="41,60,74,44,63,108,126,0,124,116,2,82,17" hai2="23,107,56,134,117,11,65,43,40,73,29,62,58" hai3="26,111,28,105,115,94,68,99,86,48,61,12,7"/><V9/><F117/><N who="0" m="44554" /><D35/><U90/><E116/><V22/><F73/><W53/><G111/><T113/><D113/><U110/><E17/><V45/><F107/><W19/><G7/><T91/><D120/><U106/><E106/><V83/><F134/><W104/><G86/><T114/><D114/><U96/><E74/><V131/><F131/><W135/><G135/><T50/><D75/><U34/><E34/><V21/><F29/><W133/><G133/><T128/><D20/><U81/><E90/><V13/><F83/><N who="1" m="31753" /><E96/><V122/><F122/><W132/><G132/><T18/><D18/><U100/><E100/><V37/><F43/><W39/><G39/><T89/><D89/><U69/><E63/><V70/><REACH who="2" step="1"/><F11/><REACH who="2" ten="346,246,178,220" step="2"/><W32/><G104/><N who="0" m="63599" /><D31/><U46/><E110/><V14/><F14/><W79/><G105/><T112/><D112/><U25/><E108/><V15/><F15/><W6/><G115/><T78/><D78/><U125/><E25/><V4/><AGARI ba="0,1" hai="4,9,13,21,22,23,37,40,45,56,58,62,65,70" machi="4" ten="30,3000,0" yaku="1,1,0,1,53,0" doraHai="92" doraHaiUra="88" who="2" fromWho="2" sc="346,-10,246,-10,178,40,220,-10" /><INIT seed="2,1,0,2,1,94" ten="336,236,218,210" oya="2" hai0="86,123,68,17,44,1,22,10,52,13,28,29,27" hai1="122,11,105,69,115,74,14,88,51,9,89,90,91" hai2="34,101,127,72,50,31,53,131,6,16,39,119,133" hai3="37,49,58,93,18,118,0,36,109,64,98,61,99"/><V97/><F119/><W111/><G118/><T2/><D68/><U84/><E115/><V87/><F72/><W56/><G0/><N who="0" m="107" /><D52/><U83/><E69/><V116/><F39/><N who="3" m="14923" /><G93/><T75/><D44/><U4/><E105/><V132/><F116/><W55/><G18/><T20/><D86/><U12/><E74/><V95/><F6/><W7/><G7/><N who="0" m="3295" /><D75/><U23/><E122/><V81/><F127/><W62/><G62/><T78/><D78/><U45/><E23/><V54/><F31/><N who="0" m="11850" /><D20/><U126/><E126/><V35/><F54/><W5/><G5/><T48/><D48/><U38/><E38/><V85/><F85/><W108/><AGARI ba="1,0" hai="49,55,56,58,61,64,98,99,108,109,111" m="14923" machi="108" ten="40,5200,0" yaku="14,1,52,2" doraHai="94" who="3" fromWho="3" sc="336,-14,236,-14,218,-27,210,55" /><INIT seed="3,0,0,5,2,131" ten="322,222,191,265" oya="3" hai0="80,69,83,54,130,13,119,122,117,132,25,64,27" hai1="8,19,115,45,67,1,79,106,85,7,47,6,107" hai2="20,111,39,74,68,124,134,60,42,120,133,29,70" hai3="21,73,37,23,72,63,18,121,50,33,88,93,0"/><W125/><G37/><T104/><D132/><N who="2" m="50794" /><F111/><W43/><G33/><T53/><D53/><U4/><E115/><V62/><F124/><W108/><G121/><T118/><D54/><U77/><E67/><V103/><F120/><W56/><G0/><T109/><D64/><U2/><E19/><V28/><F74/><W101/><G101/><T129/><D129/><U44/><E85/><V34/><F34/><W30/><G125/><T135/><D130/><U126/><E126/><V35/><F35/><W66/><G23/><T127/><D122/><U59/><E59/><V38/><F103/><W10/><G10/><T84/><D119/><U116/><E116/><V91/><F91/><W22/><G22/><T24/><D118/><U58/><E58/><V97/><F97/><W98/><G30/><N who="2" m="11881" /><F20/><W75/><G108/><T12/><D109/><U86/><E86/><V81/><F81/><W82/><G82/><T5/><D80/><U99/><E99/><V95/><F95/><W14/><G73/><T113/><D83/><U9/><E6/><V46/><F38/><W100/><G100/><T11/><D117/><U90/><E90/><V102/><F102/><W76/><G76/><AGARI ba="0,0" hai="1,2,4,7,8,9,44,45,47,76,77,79,106,107" machi="76" ten="40,1300,0" yaku="9,1" doraHai="131" who="1" fromWho="3" sc="322,0,222,13,191,0,265,-13" owari="322,42.2,235,-16.5,191,-30.9,252,5.2" /></mjloggm>