<mjloggm ver="2.3"><GO type="225" lobby="0"/><UN n0="%E5%A4%9C%E3%81%AE%E3%82%AC%E3%82%B9%E3%83%91%E3%83%BC%E3%83%AB" n1="%E3%80%93%E3%81%97%E3%83%BC%E3%82%89%E3%80%93" n2="%E5%8D%A0%E3%81%84%E5%B8%AB%E8%A3%8F%E3%81%AA%E3%81%84%E3%81%97" n3="%E5%A4%96%E5%B7%9D%E7%AB%9C%E6%88%90" dan="16,16,17,16" rate="2168.16,2157.68,2218.68,2142.64" sx="M,M,M,M"/><TAIKYOKU oya="0"/><INIT seed="0,0,0,2,4,12" ten="250,250,250,250" oya="0" hai0="43,66,42,61,3,110,30,92,52,19,88,31,20" hai1="106,35,90,81,112,9,83,6,59,108,122,22,15" hai2="51,48,78,14,54,28,0,44,86,2,16,72,62" hai3="73,124,127,8,47,46,101,93,57,133,134,89,84"/><T56/><D3/><U1/><E106/><V116/><F72/><W71/><G71/><T68/><D110/><U5/><E108/><V27/><F116/><W26/><G73/><T36/><D43/><U103/><E103/><V91/><F78/><W32/><G101/><T63/><D42/><U125/><E35/><V79/><F79/><W37/><G57/><N who="0" m="37167" /><D36/><U34/><E34/><V4/><F51/><W100/><G100/><T80/><D80/><U135/><E122/><V120/><F62/><W69/><G69/><T97/><D68/><U60/><E112/><V11/><F4/><W77/><G77/><T53/><D53/><U38/><E38/><V104/><F104/><W99/><G84/><T55/><D55/><U114/><E114/><V111/><F120/><W128/><G37/><T40/><D40/><U74/><E74/><V87/><F87/><W18/><G46/><T109/><D109/><U126/><E6/><V130/><F130/><W85/><G47/><T67/><D67/><U82/><E90/><V117/><F117/><W123/><G85/><T39/><D39/><U129/><E129/><V131/><F131/><W105/><G105/><T107/><D107/><U118/><E118/><V75/><F75/><W21/><G128/><T24/><AGARI ba="0,0" hai="19,20,24,30,31,52,56,63,88,92,97" m="37167" machi="24" ten="30,12000,1" yaku="25,1,8,1,52,1,54,2" doraHai="12" who="0" fromWho="0" sc="250,120,250,-40,250,-40,250,-40" /><INIT seed="0,1,0,5,2,126" ten="370,210,210,210" oya="0" hai0="94,101,77,135,57,128,39,83,107,78,10,110,100" hai1="60,124,105,67,18,54,21,132,16,120,38,63,127" hai2="31,9,130,51,109,82,125,112,93,29,72,27,84" hai3="85,59,58,11,34,5,4,76,80,89,121,108,65"/><T122/><D39/><U6/><E105/><V45/><F125/><N who="1" m="48201" /><E38/><V73/><F112/><W115/><G115/><T69/><D69/><U66/><E120/><V41/><F109/><W90/><G34/><T42/><D42/><U95/><E132/><V24/><F93/><W35/><G35/><T114/><D114/><U25/><E6/><N who="3" m="2666" /><G108/><T13/><D110/><U32/><E32/><V81/><F9/><W91/><G121/><T46/><D122/><U74/><E74/><V87/><F41/><W0/><G0/><T97/><D135/><U28/><E54/><V37/><F51/><W43/><G43/><T36/><D107/><U103/><E95/><V86/><F86/><W62/><G58/><T118/><D57/><N who="1" m="37135" /><E103/><V106/><F106/><W79/><G11/><T113/><D113/><U71/><AGARI ba="1,0" hai="16,18,21,25,28,63,67,71" m="37135,48201" machi="71" ten="30,2000,0" yaku="18,1,54,1" doraHai="126" who="1" fromWho="1" sc="370,-11,210,23,210,-6,210,-6" /><INIT seed="1,0,0,0,2,133" ten="359,233,204,204" oya="1" hai0="52,30,64,14,49,116,76,7,101,132,13,106,83" hai1="102,112,92,69,73,17,15,70,79,108,129,32,127" hai2="67,82,50,28,113,93,24,118,62,72,12,25,22" hai3="104,107,120,87,3,66,123,11,85,35,55,105,77"/><U10/><E32/><V6/><F118/><W60/><G35/><T5/><D116/><U100/><E112/><V58/><F113/><W9/><G55/><T18/><D132/><U134/><E134/><V122/><F122/><W97/><G97/><T63/><D30/><U54/><E129/><V98/><F24/><W19/><G77/><T74/><D101/><U61/><E108/><V34/><F34/><W128/><G128/><T124/><D106/><U4/><E79/><V130/><F130/><W41/><G41/><T16/><D124/><U47/><E73/><V29/><F29/><W90/><G87/><T84/><D74/><U81/><E81/><V95/><F95/><W36/><G36/><T56/><D14/><U126/><E17/><N who="0" m="6761" /><D13/><U42/><E54/><V37/><F37/><W26/><G3/><T125/><D125/><N who="1" m="47627" /><E92/><V111/><F111/><W121/><G19/><T1/><D1/><U65/><E70/><V109/><F109/><W119/><G119/><T110/><D110/><U0/><E0/><V115/><F115/><W57/><REACH who="3" step="1"/><G26/><REACH who="3" ten="359,233,204,194" step="2"/><T131/><D131/><U99/><E99/><V46/><F72/><W8/><G8/><T86/><D86/><U103/><E102/><V114/><F98/><W48/><G48/><AGARI ba="0,1" hai="4,10,15,42,47,48,61,65,69,100,103" m="47627" machi="48" ten="30,11600,0" yaku="18,1,52,3" doraHai="133" who="1" fromWho="3" sc="359,0,233,126,204,0,194,-116" /><INIT seed="1,1,0,3,4,24" ten="359,359,204,78" oya="1" hai0="82,33,16,35,76,36,17,125,81,40,13,126,8" hai1="92,19,114,65,5,111,61,69,112,88,18,10,106" hai2="100,2,101,0,4,103,42,113,133,108,105,131,41" hai3="72,34,9,45,27,57,75,104,68,37,80,89,119"/><U86/><E106/><V43/><F108/><W64/><G104/><T135/><D135/><U12/><REACH who="1" step="1"/><E111/><REACH who="1" ten="359,349,204,78" step="2"/><V23/><F105/><W85/><G119/><T55/><D125/><U121/><E121/><V46/><F133/><W47/><G75/><T44/><D126/><U77/><E77/><V63/><F113/><AGARI ba="1,1" hai="5,10,12,18,19,61,65,69,86,88,92,112,113,114" machi="113" ten="40,3900,0" yaku="1,1,54,1,53,0" doraHai="24" doraHaiUra="74" who="1" fromWho="2" sc="359,0,349,52,204,-42,78,0" /><INIT seed="1,2,0,2,2,12" ten="359,401,162,78" oya="1" hai0="132,65,40,27,51,68,91,24,107,119,116,4,9" hai1="92,13,96,72,32,71,59,61,133,29,55,6,87" hai2="2,44,115,129,56,120,75,54,95,98,48,62,17" hai3="30,26,105,86,37,78,118,74,101,127,88,97,130"/><U41/><E72/><V77/><F120/><W80/><G127/><T31/><D107/><U70/><E133/><V109/><F2/><W23/><G130/><T20/><D132/><U45/><E87/><V89/><F109/><W124/><G124/><T117/><D65/><U114/><E114/><V67/><F115/><W3/><G118/><T93/><D68/><U110/><E110/><V90/><F129/><W112/><G112/><T63/><D63/><U7/><E32/><V111/><F111/><W128/><G128/><T131/><D131/><U43/><E29/><V38/><F75/><W106/><G3/><T50/><D27/><U36/><E43/><V85/><F38/><W8/><G106/><T84/><REACH who="0" step="1"/><D40/><REACH who="0" ten="349,401,162,78" step="2"/><U79/><E71/><V125/><F125/><W64/><G64/><T83/><D83/><U47/><E70/><V57/><F62/><W81/><G37/><T22/><D22/><U33/><E33/><V39/><F39/><W42/><G42/><T21/><D21/><U35/><E35/><V58/><F67/><W11/><AGARI ba="2,1" hai="8,11,23,26,30,74,78,80,81,86,88,97,101,105" machi="11" ten="30,2000,0" yaku="0,1,54,1" doraHai="12" who="3" fromWho="3" sc="349,-7,401,-12,162,-7,78,36" /><INIT seed="2,0,0,0,2,90" ten="342,389,155,114" oya="2" hai0="40,33,70,130,19,60,86,6,16,91,27,113,125" hai1="124,73,15,81,77,23,116,51,75,69,49,111,97" hai2="108,20,105,126,12,47,66,82,131,84,37,79,92" hai3="3,119,28,30,112,45,35,117,14,36,99,31,29"/><V42/><F105/><W24/><G99/><T64/><D113/><U63/><E116/><V71/><F131/><W121/><G45/><T107/><D125/><U98/><E124/><V76/><F126/><W8/><G36/><T32/><D130/><U22/><E111/><V96/><F108/><W122/><G3/><T87/><D6/><U135/><E135/><V127/><F127/><W103/><G103/><T114/><D114/><U17/><E75/><V133/><F133/><W10/><G112/><T89/><D40/><U67/><E23/><V11/><F71/><W18/><REACH who="3" step="1"/><G10/><REACH who="3" ten="342,389,155,104" step="2"/><T95/><D107/><U53/><E97/><V50/><F37/><W43/><G43/><T41/><D41/><U5/><E98/><V58/><F11/><W26/><G26/><T101/><D101/><U78/><E15/><V109/><F12/><W106/><G106/><T48/><D27/><U0/><E0/><V104/><F104/><W129/><G129/><T118/><D118/><AGARI ba="0,1" hai="8,14,18,24,28,29,30,31,35,117,118,119,121,122" machi="118" ten="40,8000,1" yaku="1,1,34,3,53,0" doraHai="90" doraHaiUra="57" who="3" fromWho="0" sc="342,-80,389,0,155,0,104,90" /><INIT seed="3,0,0,2,4,59" ten="262,389,155,194" oya="3" hai0="73,72,1,23,123,49,58,76,90,94,13,86,43" hai1="12,8,110,57,67,64,105,19,34,32,16,31,97" hai2="78,84,44,20,48,108,10,66,127,14,3,133,75" hai3="132,101,6,15,21,113,102,17,83,92,131,106,114"/><W109/><G131/><T130/><D1/><U96/><E110/><V134/><F108/><W28/><G109/><T4/><D123/><U24/><E34/><V69/><F75/><W40/><G132/><T112/><D130/><U74/><E74/><V7/><F127/><W54/><G106/><T25/><D112/><U22/><E105/><V77/><F3/><W33/><G40/><T95/><D76/><U79/><E79/><V99/><F99/><N who="1" m="37961" /><E32/><V45/><F20/><W71/><G71/><T126/><D126/><U85/><E85/><V121/><F121/><W124/><G124/><T93/><D93/><U38/><E38/><V61/><F45/><W68/><G68/><T115/><D95/><U52/><E19/><V39/><F39/><W65/><G65/><T5/><D115/><U104/><E104/><V125/><F125/><W91/><G83/><T55/><D43/><U56/><E56/><V0/><F0/><W128/><G128/><T26/><D26/><U119/><E119/><V50/><F50/><AGARI ba="0,0" hai="8,12,16,22,24,31,50,52,57,64,67" m="37961" machi="50" ten="30,3900,0" yaku="8,1,54,2" doraHai="59" who="1" fromWho="2" sc="262,0,389,39,155,-39,194,0" owari="262,6.2,428,52.8,116,-38.4,194,-20.6" /></mjloggm>