<mjloggm ver="2.3"><GO type="225" lobby="0"/><UN n0="%E9%B3%B3%E6%9D%B1%E3%81%AE%E3%81%86%E3%81%95%E3%81%8E%E3%81%95%E3%82%93" n1="%6D%75%75%6D%75%72%61" n2="%E7%AD%89%E3%80%85%E5%8A%9B%E5%8A%87%E5%A0%B4" n3="%E3%83%AD%E3%83%83%E3%83%86%E9%9B%80%E7%90%83" dan="17,16,16,17" rate="2254.98,2107.79,2180.28,2196.04" sx="M,F,M,M"/><TAIKYOKU oya="0"/><INIT seed="0,0,0,3,5,79" ten="250,250,250,250" oya="0" hai0="83,37,38,116,72,82,42,117,135,53,45,102,124" hai1="81,77,56,66,91,14,54,2,30,22,88,12,7" hai2="44,11,89,15,119,73,80,48,32,23,105,21,96" hai3="19,69,8,18,107,33,84,111,128,122,74,10,131"/><T60/><D102/><U55/><E2/><V49/><F32/><W4/><G74/><T120/><D120/><U101/><E101/><V41/><F119/><W76/><G69/><T9/><D37/><U68/><E68/><V52/><F105/><W104/><G33/><T17/><D135/><U27/><E66/><V86/><F73/><W35/><G35/><T85/><D124/><U87/><E55/><V5/><F96/><W6/><G76/><T29/><D72/><U130/><E130/><V46/><AGARI ba="0,0" hai="5,11,15,21,23,41,44,46,48,49,52,80,86,89" machi="46" ten="20,8000,1" yaku="0,1,7,1,8,1,52,1,54,1" doraHai="79" who="2" fromWho="2" sc="250,-40,250,-20,250,80,250,-20" /><INIT seed="1,0,0,3,1,110" ten="210,230,330,230" oya="1" hai0="99,123,45,95,2,97,117,77,79,132,36,127,112" hai1="48,61,47,74,40,113,41,101,29,5,46,121,7" hai2="21,12,107,130,133,72,56,32,9,90,30,23,4" hai3="135,129,50,42,98,52,51,13,43,31,65,122,87"/><U102/><E121/><V59/><F107/><W116/><G122/><T70/><D70/><U69/><E74/><V0/><F72/><W128/><G135/><T15/><D2/><U66/><E29/><V104/><F104/><W3/><G3/><T131/><D123/><U85/><E85/><V44/><F130/><N who="3" m="50283" /><G116/><T64/><D131/><U67/><E113/><V24/><F133/><W126/><G126/><T60/><D117/><U120/><E120/><V28/><F90/><W63/><G31/><T81/><D132/><U11/><E67/><V119/><F119/><W20/><G98/><T124/><D15/><U1/><REACH who="1" step="1"/><E7/><REACH who="1" ten="210,220,330,230" step="2"/><V68/><F4/><W33/><G87/><T37/><D64/><U118/><E118/><V49/><F30/><W16/><G33/><T58/><D112/><U111/><E111/><V19/><F28/><W92/><G92/><T39/><D95/><U35/><E35/><V6/><F6/><W96/><G96/><T84/><D99/><U115/><E115/><V89/><F32/><W94/><G94/><T106/><D97/><U10/><E10/><V80/><F9/><W71/><G51/><AGARI ba="0,1" hai="1,5,11,40,41,46,47,48,51,61,66,69,101,102" machi="51" ten="30,5800,0" yaku="1,1,7,1,9,1,53,0" doraHai="110" doraHaiUra="114" who="1" fromWho="3" sc="210,0,220,68,330,0,230,-58" /><INIT seed="1,1,0,1,1,75" ten="210,288,330,172" oya="1" hai0="129,23,117,7,30,33,122,70,17,94,78,64,73" hai1="93,131,96,47,44,24,15,119,86,98,101,2,92" hai2="82,31,50,63,62,6,9,53,134,46,128,61,85" hai3="97,95,11,28,100,121,104,120,68,1,116,8,27"/><U80/><E119/><V107/><F134/><W36/><G116/><T38/><D117/><U118/><E118/><V51/><F128/><W57/><G68/><T67/><D38/><U83/><E2/><V124/><F124/><W115/><G115/><T69/><D129/><U54/><E131/><V59/><F107/><W87/><G36/><T12/><D122/><U56/><E15/><N who="2" m="5559" /><F31/><W74/><G74/><T60/><D7/><U125/><E24/><V52/><F63/><W77/><G57/><T110/><D110/><U39/><E39/><V130/><F130/><W81/><G104/><T4/><D4/><U42/><E42/><V10/><F10/><W18/><G1/><T32/><D30/><U99/><E125/><V89/><AGARI ba="1,0" hai="46,50,51,52,53,59,61,62,82,85,89" m="5559" machi="89" ten="30,2000,0" yaku="8,1,54,1" doraHai="75" who="2" fromWho="2" sc="210,-6,288,-11,330,23,172,-6" /><INIT seed="2,0,0,4,5,64" ten="204,277,353,166" oya="2" hai0="108,38,81,30,97,41,33,122,44,72,23,67,69" hai1="87,52,92,14,59,0,45,133,130,60,11,18,96" hai2="91,49,19,46,109,1,34,78,55,107,73,15,5" hai3="35,68,90,106,74,121,77,3,135,39,57,50,82"/><V104/><F34/><W101/><G57/><T58/><D122/><U118/><E118/><V47/><F109/><W125/><G50/><T7/><D108/><U80/><E130/><V114/><F114/><W71/><G90/><T83/><D23/><U12/><E133/><V70/><F70/><N who="3" m="26667" /><G135/><T22/><D22/><U21/><E0/><V37/><F1/><W134/><G134/><T113/><D113/><U31/><E45/><V26/><F47/><W123/><G125/><T62/><D97/><U110/><E110/><V43/><F91/><W27/><G3/><T127/><D127/><U111/><E111/><V84/><F49/><W4/><G4/><T126/><D126/><U79/><E31/><V28/><F28/><N who="3" m="19871" /><G39/><T132/><D132/><U54/><E54/><V32/><F55/><W48/><G48/><T36/><D36/><U85/><E85/><V99/><F84/><W117/><G117/><T128/><D7/><U129/><E129/><V112/><F5/><W120/><G123/><T100/><D100/><U8/><REACH who="1" step="1"/><E14/><REACH who="1" ten="204,267,353,166" step="2"/><V88/><F88/><BYE who="2" /><AGARI ba="0,1" hai="8,11,12,18,21,52,59,60,79,80,87,88,92,96" machi="88" ten="30,12000,2" yaku="1,1,2,1,7,1,8,1,54,2,53,1" doraHai="64" doraHaiUra="56" who="1" fromWho="2" sc="204,0,267,130,353,-120,166,0" /><UN n2="%E7%AD%89%E3%80%85%E5%8A%9B%E5%8A%87%E5%A0%B4" /><INIT seed="3,0,0,2,2,100" ten="204,397,233,166" oya="3" hai0="127,52,53,104,84,101,35,14,61,70,33,41,55" hai1="76,18,29,81,125,129,19,15,105,131,30,44,103" hai2="98,115,13,88,106,86,31,0,17,118,96,45,83" hai3="51,22,73,130,6,3,8,92,133,124,122,82,120"/><W57/><G124/><T39/><D127/><U93/><E125/><V43/><F0/><W48/><G130/><N who="1" m="49674" /><E105/><V123/><F118/><W50/><G133/><T97/><D84/><N who="1" m="48167" /><E44/><V26/><F115/><W42/><G42/><T11/><D41/><U69/><E69/><V111/><F111/><W5/><G5/><T12/><D39/><U16/><E15/><V58/><F123/><W37/><G37/><T95/><D95/><U99/><AGARI ba="0,0" hai="16,18,19,29,30,93,99,103" m="48167,49674" machi="99" ten="40,2700,0" yaku="19,1,54,1" doraHai="100" who="1" fromWho="1" sc="204,-7,397,27,233,-7,166,-13" owari="197,-20.3,424,52.4,226,2.6,153,-34.7" /></mjloggm>