<mjloggm ver="2.3"><GO type="225" lobby="0"/><UN n0="%73%6C%69%63%6B%33%31%39" n1="%45%6C%79%73%69%75%6D" n2="%E3%81%BF%E3%81%BF%E3%81%9A" n3="%6D%75%75%6D%75%72%61" dan="16,17,16,16" rate="2063.40,2110.14,2178.80,2086.24" sx="M,F,M,F"/><TAIKYOKU oya="0"/><INIT seed="0,0,0,2,4,107" ten="250,250,250,250" oya="0" hai0="105,132,23,32,70,30,2,88,14,71,111,22,4" hai1="115,100,49,84,129,92,7,89,47,106,44,94,74" hai2="86,46,61,41,80,54,131,18,96,56,53,33,16" hai3="9,48,36,123,58,78,8,93,12,15,99,37,82"/><T104/><D2/><U127/><E129/><V91/><F131/><W133/><G133/><T120/><D120/><U135/><E135/><V114/><F114/><W21/><G123/><T27/><D132/><U5/><E127/><V102/><F33/><W42/><G36/><T75/><D75/><U13/><E115/><V28/><F28/><W110/><G37/><T90/><D32/><U3/><E3/><V59/><F46/><W130/><G110/><T95/><D111/><U126/><E126/><V0/><F41/><W25/><G130/><T51/><D51/><U121/><E121/><V117/><F0/><W119/><G119/><T134/><D134/><U57/><E106/><V98/><F117/><W45/><G58/><T67/><D4/><U125/><E125/><V60/><F98/><W20/><G8/><T40/><D40/><U1/><E1/><V122/><F122/><W6/><G15/><T17/><D90/><U52/><E74/><V34/><F34/><W108/><G25/><T128/><D128/><U50/><E13/><V112/><F112/><W43/><G43/><T77/><D77/><U68/><E68/><V39/><F39/><W118/><G118/><T109/><D109/><U101/><E101/><V26/><F26/><W11/><G11/><T35/><D35/><U62/><E44/><V72/><F72/><N who="3" m="43335" /><G108/><T97/><REACH who="0" step="1"/><D71/><REACH who="0" ten="240,250,250,250" step="2"/><U65/><E49/><V19/><F19/><W113/><G113/><T85/><D85/><U63/><E62/><AGARI ba="0,1" hai="14,17,22,23,27,30,62,67,70,88,95,97,104,105" machi="62" ten="40,7700,0" yaku="1,1,54,1,53,1" doraHai="107" doraHaiUra="87" who="0" fromWho="1" sc="240,87,250,-77,250,0,250,0" /><INIT seed="0,1,0,0,5,35" ten="327,173,250,250" oya="0" hai0="99,0,8,96,84,38,22,100,68,23,3,46,65" hai1="13,60,48,79,47,53,29,78,94,80,81,36,76" hai2="6,2,103,127,19,77,24,16,71,115,32,113,122" hai3="128,41,39,62,108,105,64,121,74,117,129,21,88"/><T109/><D68/><U85/><E36/><V120/><F77/><W5/><G117/><T45/><D65/><U58/><E29/><N who="2" m="19495" /><F103/><W28/><G108/><T55/><D109/><U104/><E104/><V69/><F69/><W1/><G105/><T9/><D38/><U50/><E50/><V111/><F71/><W20/><G74/><T72/><D84/><U56/><E56/><V93/><F93/><W33/><G121/><N who="2" m="46697" /><F127/><W82/><G28/><T101/><REACH who="0" step="1"/><D55/><REACH who="0" ten="317,173,250,250" step="2"/><U125/><E125/><V73/><F111/><W89/><G39/><T17/><D17/><N who="2" m="6730" /><F73/><AGARI ba="1,1" hai="0,3,8,9,22,23,45,46,72,73,96,99,100,101" machi="73" ten="25,12000,1" yaku="1,1,22,2,52,2,53,0" doraHai="35" doraHaiUra="63" who="0" fromWho="2" sc="317,133,173,0,250,-123,250,0" /><INIT seed="0,2,0,4,3,13" ten="450,173,127,250" oya="0" hai0="64,135,123,56,109,71,116,115,55,97,70,85,82" hai1="16,45,5,121,127,131,52,62,125,47,72,29,73" hai2="0,133,27,14,76,117,107,124,90,78,96,6,118" hai3="61,101,91,54,103,36,89,57,44,69,18,48,58"/><T49/><D115/><U19/><E121/><V84/><F0/><W83/><G69/><T43/><D116/><N who="2" m="44650" /><F27/><W33/><G33/><T81/><D123/><U8/><E29/><V41/><F41/><W51/><G36/><T112/><D112/><U119/><E119/><V31/><F31/><W87/><G89/><T108/><D97/><U99/><E131/><V3/><F3/><W9/><G9/><T40/><D82/><U25/><E99/><V30/><F30/><W110/><G110/><N who="0" m="42603" /><D85/><U39/><E39/><V132/><F14/><W113/><G113/><T63/><D81/><U34/><E34/><V17/><F17/><N who="1" m="6729" /><E25/><V129/><F6/><W126/><G126/><N who="1" m="48138" /><E62/><V28/><F129/><W130/><G130/><T92/><D92/><U86/><E86/><V38/><F28/><W37/><G37/><T114/><D114/><U74/><E52/><V12/><F38/><W95/><G18/><T67/><D135/><N who="2" m="51786" /><F12/><AGARI ba="2,0" hai="5,8,12,45,47,72,73,74" m="48138,6729" machi="12" ten="40,8000,1" yaku="18,1,52,3,54,1" doraHai="13" who="1" fromWho="2" sc="450,0,173,86,127,-86,250,0" /><INIT seed="1,0,0,3,4,6" ten="450,259,41,250" oya="1" hai0="89,115,128,94,102,15,2,71,31,61,32,88,97" hai1="21,130,131,66,60,44,24,87,129,117,7,62,93" hai2="55,133,3,123,63,28,127,91,17,50,83,125,53" hai3="90,64,27,85,58,33,34,16,10,45,37,101,126"/><U47/><E117/><V100/><F123/><W103/><G126/><N who="2" m="48137" /><F133/><W111/><G111/><T78/><D2/><U59/><E7/><V20/><F3/><W108/><G108/><T0/><D0/><U49/><E62/><V110/><F110/><W113/><G113/><T8/><D115/><U39/><E39/><V51/><F28/><W48/><G37/><T35/><D128/><U56/><E56/><N who="2" m="35215" /><F100/><W72/><G58/><T30/><D78/><U36/><E36/><V76/><F91/><W43/><G64/><T82/><D32/><U25/><E49/><V42/><F42/><W114/><G114/><T52/><D35/><U19/><E25/><N who="2" m="14479" /><F55/><W69/><G33/><T11/><D71/><U105/><E105/><V23/><F23/><W122/><G69/><T79/><D30/><U118/><E118/><V81/><F81/><W70/><G122/><T13/><D31/><U54/><E54/><V134/><F134/><W4/><G34/><T135/><D135/><U75/><E21/><V95/><F95/><W109/><G70/><T107/><D52/><U77/><E130/><V120/><F120/><W98/><G109/><T73/><D61/><U22/><E60/><V57/><F57/><W80/><G103/><T104/><D104/><U74/><E129/><V65/><F65/><W68/><G68/><T132/><D132/><U29/><E131/><V46/><F46/><W99/><G101/><T9/><REACH who="0" step="1"/><D88/><REACH who="0" ten="440,259,41,250" step="2"/><U1/><E1/><V67/><F67/><W112/><G112/><T121/><D121/><U86/><E66/><V40/><F40/><W38/><G43/><RYUUKYOKU ba="0,1" sc="440,15,259,-15,41,15,250,-15" hai0="8,9,11,13,15,73,79,82,89,94,97,102,107" hai2="50,51,76,83" /><INIT seed="2,1,1,4,1,77" ten="455,244,56,235" oya="2" hai0="50,109,11,65,40,32,98,115,82,128,103,31,124" hai1="105,28,25,90,0,62,38,118,72,34,74,104,129" hai2="17,86,64,123,116,102,76,113,112,88,91,122,18" hai3="107,19,60,33,106,121,97,23,66,83,108,4,100"/><V81/><F64/><W39/><G121/><N who="2" m="46089" /><F17/><W93/><G33/><T87/><D115/><N who="2" m="44106" /><F18/><W13/><G39/><T132/><D50/><U41/><E0/><V95/><F116/><W43/><G43/><T22/><D22/><U36/><E118/><V71/><F71/><W59/><G108/><T52/><D52/><U5/><E5/><V35/><F35/><W94/><G4/><T26/><D11/><U29/><E34/><V96/><AGARI ba="1,1" hai="76,81,86,88,91,95,96,102" m="44106,46089" machi="96" ten="40,12000,1" yaku="34,2,52,1,54,1" doraHai="77" who="2" fromWho="2" sc="455,-41,244,-41,56,133,235,-41" /><INIT seed="2,2,0,1,0,11" ten="414,203,189,194" oya="2" hai0="84,56,73,63,87,9,10,15,127,34,39,102,6" hai1="108,65,25,45,35,96,44,80,117,88,69,105,78" hai2="13,89,2,121,47,60,133,76,106,77,26,3,71" hai3="51,48,74,100,125,132,134,122,59,98,75,5,1"/><V61/><F121/><W116/><G122/><T128/><D73/><U24/><E117/><V37/><F106/><W19/><G116/><T99/><D39/><U17/><E108/><V110/><F26/><W113/><G125/><T86/><D34/><U91/><E25/><V55/><F110/><W114/><G5/><T130/><D9/><U12/><E45/><V124/><F124/><W36/><G36/><T118/><D118/><U120/><E44/><V43/><F133/><N who="3" m="51307" /><G1/><T8/><D8/><U112/><E112/><N who="3" m="43114" /><G19/><T28/><D28/><U111/><E120/><V92/><F13/><W85/><G85/><T58/><D127/><U41/><E12/><V104/><F104/><N who="3" m="63511" /><G59/><T72/><D72/><AGARI ba="2,0" hai="48,51,72,74,75" m="63511,43114,51307" machi="72" ten="40,2600,0" yaku="20,1,11,1" doraHai="11" who="3" fromWho="0" sc="414,-32,203,0,189,0,194,32" /><INIT seed="3,0,0,1,3,21" ten="382,203,189,226" oya="3" hai0="108,7,115,112,30,33,80,94,59,54,51,35,72" hai1="12,100,78,49,98,40,70,118,36,1,128,119,52" hai2="45,116,131,93,37,130,34,105,63,65,41,38,77" hai3="86,76,117,43,9,27,6,123,44,10,133,14,88"/><W85/><G117/><N who="1" m="44554" /><E128/><N who="2" m="49195" /><F105/><W25/><G123/><T39/><D39/><N who="2" m="14858" /><F77/><W16/><G133/><T61/><D108/><U18/><E1/><V109/><F93/><N who="3" m="54415" /><G44/><T102/><D7/><U56/><E78/><V91/><F91/><W111/><G43/><T48/><D80/><U124/><E124/><V122/><F34/><W104/><G104/><T32/><D72/><U67/><E36/><N who="2" m="21671" /><F109/><W50/><G111/><T106/><D106/><N who="1" m="63767" /><E40/><V97/><F97/><W5/><G86/><T24/><D51/><U22/><E67/><V46/><F116/><W75/><G75/><T2/><D48/><U134/><E70/><N who="2" m="42303" /><F46/><W28/><G76/><T68/><D54/><U87/><E87/><V15/><F15/><N who="3" m="5551" /><G28/><T23/><D2/><U120/><E120/><AGARI ba="0,0" hai="120,122" m="42303,21671,14858,49195" machi="120" ten="40,8000,1" yaku="19,1,23,1,34,2" doraHai="21" who="2" fromWho="1" sc="382,0,203,-80,189,80,226,0" owari="382,48.2,123,-37.7,269,6.9,226,-17.4" /></mjloggm>