<mjloggm ver="2.3"><GO type="161" lobby="0"/><UN n0="%E5%8E%9F%E7%AF%80%E5%AD%90" n1="%E7%8E%89%E7%B1%B3%E7%9A%84%E7%94%9C%E7%82%B9" n2="%E5%A1%B5%E3%81%A8%E5%8C%96%E3%81%9B" n3="%63%68%78%62%64" dan="16,16,16,16" rate="2083.89,2100.35,2073.19,2131.59" sx="F,F,M,M"/><TAIKYOKU oya="0"/><INIT seed="0,0,0,0,1,26" ten="250,250,250,250" oya="0" hai0="83,35,69,62,78,42,57,92,87,80,52,15,132" hai1="43,65,102,105,109,64,44,127,116,12,54,17,131" hai2="48,50,126,29,56,111,23,24,18,7,89,133,40" hai3="85,30,67,58,55,112,79,51,37,117,0,28,124"/><T5/><D35/><U96/><E116/><V2/><F111/><W36/><G112/><T99/><D132/><U20/><E109/><V68/><F133/><W27/><G0/><T60/><D42/><U103/><E131/><V41/><F68/><W125/><G117/><T47/><D47/><U106/><E54/><V3/><F126/><N who="3" m="48747" /><G67/><T14/><D5/><U16/><E127/><V33/><F89/><W100/><G100/><T75/><D62/><U32/><E32/><V130/><F130/><W66/><G66/><T119/><D69/><U13/><E103/><V53/><F48/><W6/><G6/><T123/><D123/><U104/><E65/><V82/><F82/><N who="3" m="47327" /><G27/><T63/><D63/><U38/><REACH who="1" step="1"/><E64/><REACH who="1" ten="250,240,250,250" step="2"/><V8/><REACH who="2" step="1"/><F2/><REACH who="2" ten="250,240,240,250" step="2"/><W95/><G95/><T97/><D119/><U25/><E25/><AGARI ba="0,2" hai="3,7,8,18,23,24,25,29,33,40,41,50,53,56" machi="25" ten="30,7700,0" yaku="1,1,2,1,7,1,52,1,53,0" doraHai="26" doraHaiUra="61" who="2" fromWho="1" sc="250,0,240,-77,240,97,250,0" /><INIT seed="1,0,0,3,1,4" ten="250,163,337,250" oya="1" hai0="35,95,107,25,120,78,6,24,77,135,16,10,96" hai1="100,52,102,13,20,131,80,47,69,124,125,117,34" hai2="39,71,55,3,1,54,108,49,101,50,63,75,92" hai3="58,116,98,85,17,130,40,9,59,103,99,91,41"/><U14/><E117/><V134/><F108/><W114/><G114/><T109/><D109/><U73/><E34/><V36/><F75/><W37/><G116/><T65/><D135/><U123/><E123/><V67/><F134/><W19/><G130/><T23/><D107/><U93/><E69/><V128/><F101/><N who="1" m="39017" /><E93/><V94/><F128/><W15/><G37/><T87/><D65/><U2/><E2/><V74/><F74/><W132/><G132/><T27/><D120/><U111/><E111/><V129/><F129/><W38/><G38/><T12/><D87/><U112/><E112/><V62/><F67/><W88/><G19/><T105/><D105/><U113/><E113/><V18/><F18/><W44/><G91/><N who="0" m="55423" /><D35/><U72/><E131/><V28/><F28/><W45/><G41/><T29/><D29/><U46/><E46/><N who="3" m="18026" /><G40/><T110/><D110/><U118/><E118/><V33/><F33/><W115/><G115/><T60/><D60/><U64/><E64/><V68/><AGARI ba="0,0" hai="1,3,36,39,49,50,54,55,62,63,68,71,92,94" machi="68" ten="25,3200,0" yaku="0,1,22,2" doraHai="4" who="2" fromWho="2" sc="250,-8,163,-16,337,32,250,-8" /><INIT seed="2,0,0,2,5,74" ten="242,147,369,242" oya="2" hai0="124,8,107,23,119,99,43,45,12,87,101,67,16" hai1="63,97,36,50,47,108,7,127,28,6,25,64,118" hai2="54,89,104,110,73,112,3,59,122,17,35,126,32" hai3="92,106,61,26,27,128,49,38,84,71,134,77,102"/><V56/><F112/><W39/><G106/><T76/><D124/><U22/><E108/><V135/><F122/><W117/><G117/><T15/><D119/><U75/><E127/><V133/><F126/><W60/><G128/><T11/><D67/><U37/><E118/><V68/><F104/><W79/><G134/><N who="2" m="51209" /><F68/><W21/><G49/><T94/><D12/><U24/><E75/><V0/><F73/><W114/><G114/><T30/><D30/><U90/><E37/><V109/><F89/><N who="3" m="53287" /><G71/><T81/><D107/><U46/><E36/><AGARI ba="0,0" hai="8,11,15,16,23,36,43,45,76,81,87,94,99,101" machi="36" ten="30,3900,0" yaku="7,1,52,1,54,1" doraHai="74" who="0" fromWho="1" sc="242,39,147,-39,369,0,242,0" /><INIT seed="3,0,0,3,5,13" ten="281,108,369,242" oya="3" hai0="65,61,66,86,30,45,102,7,131,20,50,108,75" hai1="14,92,38,5,9,100,23,81,80,124,47,37,12" hai2="85,94,71,36,133,17,43,63,42,1,77,19,41" hai3="101,18,24,87,31,10,89,67,54,21,3,83,127"/><W113/><G113/><T97/><D75/><U121/><E121/><V0/><F36/><W49/><G127/><T46/><D108/><U68/><E124/><V2/><F133/><W95/><G67/><T48/><D7/><U34/><E34/><V104/><F104/><W132/><G132/><T128/><D86/><U11/><E68/><V72/><F72/><W123/><G123/><T96/><D30/><U107/><E107/><V74/><F74/><W4/><G31/><T106/><D20/><U88/><E100/><V93/><F71/><W118/><G118/><T59/><D96/><U98/><E23/><V69/><F69/><W52/><G49/><N who="0" m="19051" /><D66/><U39/><REACH who="1" step="1"/><E47/><REACH who="1" ten="281,98,369,242" step="2"/><V44/><F44/><W27/><G27/><T60/><D46/><U120/><E120/><V119/><F119/><W22/><G22/><T78/><D45/><U112/><E112/><V126/><F126/><W90/><G101/><T26/><D106/><U105/><E105/><V28/><F42/><W129/><G129/><T16/><D102/><U84/><E84/><AGARI ba="0,1" hai="3,4,10,18,21,24,52,54,83,84,87,89,90,95" machi="84" ten="30,5800,0" yaku="7,1,52,1,54,1" doraHai="13" who="3" fromWho="1" sc="281,0,98,-58,369,0,242,68" /><INIT seed="3,1,0,1,4,51" ten="281,40,369,310" oya="3" hai0="79,16,130,56,64,89,58,54,102,49,85,52,44" hai1="134,117,94,108,87,95,93,20,121,128,1,39,73" hai2="21,118,8,106,7,71,2,125,99,72,46,28,32" hai3="109,86,18,43,41,35,126,5,82,14,42,55,60"/><W68/><G126/><T45/><D130/><U61/><E20/><V4/><F118/><W96/><G35/><T29/><D79/><U116/><E61/><V24/><F72/><W129/><G129/><T91/><D29/><U12/><E12/><V111/><F111/><W98/><G109/><T3/><D3/><U105/><E87/><V30/><F71/><W76/><G5/><T66/><D102/><U67/><E67/><N who="0" m="25641" /><D16/><U127/><E94/><V133/><F125/><W19/><G68/><T38/><D38/><U107/><E95/><V6/><F133/><W70/><G70/><T31/><D31/><U114/><E93/><V53/><F106/><W101/><G101/><T88/><D85/><U48/><E48/><AGARI ba="1,0" hai="44,45,48,49,52,54,56,58,88,89,91" m="25641" machi="48" ten="30,8000,1" yaku="8,1,52,2,54,2" doraHai="51" who="0" fromWho="1" sc="281,83,40,-83,369,0,310,0" owari="364,16.4,-43,-54.3,369,46.9,310,-9.0" /></mjloggm>