<mjloggm ver="2.3"><GO type="225" lobby="0"/><UN n0="%73%69%72%6F%75%74" n1="%72%61%6B%33" n2="%E3%81%A6%E3%81%A4%EF%BC%A3" n3="%E9%B3%B3%E6%9D%B1%E3%81%AE%E3%81%86%E3%81%95%E3%81%8E%E3%81%95%E3%82%93" dan="16,17,16,16" rate="2141.20,2276.65,2079.63,2213.65" sx="M,M,M,M"/><TAIKYOKU oya="0"/><INIT seed="0,0,0,2,2,59" ten="250,250,250,250" oya="0" hai0="97,130,131,35,110,11,87,28,77,107,6,56,55" hai1="57,95,79,114,42,75,21,94,58,32,98,5,53" hai2="82,135,105,68,116,72,70,41,10,103,117,126,123" hai3="13,31,102,104,119,40,90,109,118,73,8,83,78"/><T24/><D77/><U16/><E32/><V48/><F10/><W43/><G109/><T14/><D87/><U15/><E114/><V85/><F48/><W22/><G40/><T76/><D76/><U81/><E42/><V61/><F123/><W37/><G90/><T134/><D134/><U36/><E36/><V47/><F135/><W60/><G102/><T4/><D110/><U38/><E38/><N who="2" m="21943" /><F126/><W30/><G104/><T17/><D97/><U122/><E122/><V27/><F27/><W67/><G43/><T74/><D74/><U18/><E5/><V20/><F20/><W63/><G37/><T112/><D107/><U127/><E127/><V26/><F26/><W25/><G30/><T45/><D45/><U96/><E18/><V66/><F70/><W49/><G49/><T80/><D80/><U23/><E23/><V91/><F72/><W29/><G29/><T132/><D132/><U51/><E95/><V86/><F86/><W34/><G34/><T108/><D108/><U9/><E9/><V19/><F19/><W12/><G12/><T124/><D112/><U84/><E57/><V88/><F91/><AGARI ba="0,0" hai="15,16,21,51,53,58,75,79,81,84,91,94,96,98" machi="91" ten="40,5200,0" yaku="25,2,54,1" doraHai="59" who="1" fromWho="2" sc="250,0,250,52,250,-52,250,0" /><INIT seed="1,0,0,1,5,6" ten="250,302,198,250" oya="1" hai0="81,45,117,50,85,10,18,116,97,71,119,74,102" hai1="101,30,36,91,107,51,122,129,0,58,72,125,126" hai2="78,104,20,24,94,32,92,31,52,99,132,2,79" hai3="96,73,120,16,41,112,118,42,44,88,66,57,123"/><U5/><E36/><V54/><F132/><W21/><G112/><T40/><D71/><U67/><E122/><V35/><F2/><W131/><G73/><T98/><D74/><U39/><E39/><V28/><F104/><W37/><G131/><T29/><D29/><U90/><E72/><V47/><F47/><W69/><G69/><T49/><D49/><U113/><E30/><V63/><F63/><N who="3" m="38255" /><G37/><T109/><D109/><U121/><E121/><V127/><F127/><W55/><G123/><T34/><D34/><U3/><E129/><V68/><F68/><W43/><G118/><T115/><D115/><U12/><E113/><V14/><F14/><N who="3" m="9367" /><G120/><T84/><D84/><U64/><E0/><V17/><F99/><W1/><G1/><T7/><D18/><U62/><E3/><V61/><F17/><W19/><G19/><T111/><D111/><U93/><E107/><V77/><F61/><W70/><G70/><T95/><D98/><U60/><E51/><V15/><F15/><W76/><G76/><N who="0" m="46247" /><D119/><U128/><E128/><V11/><F77/><W59/><G44/><T82/><D117/><U25/><E64/><V48/><F48/><N who="3" m="31207" /><G42/><T13/><D116/><U114/><E114/><V133/><F133/><W86/><G96/><T103/><D102/><U135/><E101/><V53/><F53/><W89/><G89/><T134/><D134/><U108/><E135/><V106/><F106/><W33/><G33/><T75/><D75/><U8/><E126/><V56/><F78/><W27/><G27/><T110/><D110/><U65/><E108/><V130/><F130/><RYUUKYOKU ba="0,0" sc="250,15,302,-15,198,-15,250,15" hai0="7,10,13,40,45,50,82,95,97,103" hai3="41,43,86,88" /><INIT seed="2,1,0,5,5,135" ten="265,287,183,265" oya="2" hai0="97,34,21,116,83,100,4,60,96,103,48,94,42" hai1="98,31,119,64,107,134,90,75,124,46,25,129,126" hai2="74,26,18,13,49,99,56,19,95,36,123,29,71" hai3="110,44,62,38,78,10,40,115,61,101,2,24,104"/><V1/><F123/><W7/><G110/><T92/><D116/><U69/><E119/><V5/><F36/><W125/><G115/><T122/><D34/><U15/><E134/><V16/><F71/><W0/><G0/><T76/><D4/><U32/><E129/><V85/><F74/><W51/><G125/><N who="1" m="48234" /><E75/><V47/><F1/><W128/><G128/><T55/><D21/><U87/><E46/><V11/><F56/><W117/><G117/><T45/><D60/><N who="1" m="40071" /><E15/><V77/><F77/><W86/><G78/><T111/><D111/><U53/><E53/><V132/><F85/><W82/><G86/><N who="0" m="48487" /><D122/><U114/><E114/><V127/><F132/><W73/><G44/><T93/><D93/><N who="1" m="56631" /><E87/><V108/><F108/><W72/><G72/><T41/><AGARI ba="1,0" hai="41,42,45,48,55,92,94,96,97,100,103" m="48487" machi="41" ten="30,1100,0" yaku="8,1" doraHai="135" who="0" fromWho="0" sc="265,14,287,-4,183,-6,265,-4" /><INIT seed="3,0,0,4,5,111" ten="279,283,177,261" oya="3" hai0="96,119,132,60,52,29,75,108,37,110,45,44,13" hai1="67,66,130,97,32,71,12,48,18,81,78,49,120" hai2="126,61,79,68,30,80,21,17,46,72,94,50,99" hai3="135,133,64,65,36,113,90,31,26,1,62,82,58"/><W63/><G1/><T121/><D119/><U100/><E120/><V57/><F126/><W54/><G82/><T93/><D75/><U38/><E38/><V125/><F125/><W35/><G90/><T129/><D121/><U95/><E32/><V69/><F30/><W128/><G36/><T11/><D29/><U70/><E130/><V107/><F107/><W33/><G128/><T56/><D129/><U47/><E70/><V102/><F46/><W109/><G33/><T105/><D105/><U118/><E118/><V34/><F50/><W74/><G74/><T84/><D84/><N who="1" m="48183" /><E71/><V103/><F103/><W83/><G83/><T92/><D132/><N who="3" m="50761" /><G109/><N who="0" m="42091" /><D92/><U98/><E98/><V88/><F102/><W6/><G6/><N who="0" m="3319" /><D37/><U5/><E5/><V41/><F41/><W39/><G39/><T23/><D23/><N who="1" m="11719" /><E48/><V86/><F72/><W91/><G91/><AGARI ba="0,0" hai="44,45,52,56,60,91,93,96" m="3319,42091" machi="91" ten="30,2000,0" yaku="14,1,54,1" doraHai="111" who="0" fromWho="3" sc="279,20,283,0,177,0,261,-20" /><INIT seed="4,0,0,0,3,103" ten="299,283,177,241" oya="0" hai0="89,62,56,47,63,20,112,127,22,10,35,12,66" hai1="120,131,72,135,41,90,102,4,34,116,70,46,86" hai2="117,54,5,109,53,60,101,126,59,36,26,48,44" hai3="13,133,87,93,68,3,76,95,11,67,130,81,114"/><T119/><D35/><U6/><E72/><V51/><F109/><W9/><G114/><T80/><D119/><U111/><E111/><V31/><F117/><W84/><G130/><T97/><D127/><U115/><E120/><V17/><F126/><W16/><G133/><T45/><D112/><U24/><E70/><V108/><F108/><W15/><G3/><T43/><D63/><U33/><E116/><V8/><F36/><W83/><G68/><T92/><D80/><U124/><E131/><V29/><F101/><W94/><G67/><T58/><D58/><U52/><E115/><V49/><F17/><W61/><G61/><T21/><D43/><U0/><E0/><V105/><F105/><W85/><REACH who="3" step="1"/><G76/><REACH who="3" ten="299,283,177,231" step="2"/><T27/><D27/><U14/><E24/><V78/><F78/><W28/><G28/><T106/><D106/><U50/><E135/><V69/><F69/><W25/><G25/><T79/><D79/><U57/><E124/><V100/><F100/><W104/><G104/><T1/><D1/><U32/><E102/><V96/><F96/><W73/><G73/><T88/><D89/><U77/><E77/><V121/><F121/><W71/><G71/><T132/><D132/><U42/><E90/><V18/><F31/><W129/><G129/><T74/><D74/><U128/><E128/><V39/><F39/><W118/><G118/><T122/><D122/><U64/><E64/><V82/><F29/><W65/><G65/><T40/><D40/><U107/><E107/><V113/><F113/><W30/><G30/><T99/><D97/><U91/><E34/><RYUUKYOKU ba="0,1" sc="299,15,283,-15,177,-15,231,15" hai0="10,12,20,21,22,45,47,56,62,66,88,92,99" hai3="9,11,13,15,16,81,83,84,85,87,93,94,95" owari="324,42.4,268,6.8,162,-33.8,246,-15.4" /></mjloggm>