<mjloggm ver="2.3"><GO type="225" lobby="0"/><UN n0="%E7%AD%89%E3%80%85%E5%8A%9B%E5%8A%87%E5%A0%B4" n1="%E7%BD%AA%E5%88%91%E6%B3%95%E5%AE%9A%E4%B8%BB%E7%BE%A9" n2="%E8%90%BD%E6%97%A5" n3="%E3%82%A2%E3%82%A4%E3%82%B9%E3%83%86%E3%82%A3%E3%83%BC%E3%81%82%E3%81%B9" dan="16,16,16,16" rate="2038.33,2156.31,2060.80,2106.22" sx="M,M,F,M"/><TAIKYOKU oya="0"/><INIT seed="0,0,0,3,0,72" ten="250,250,250,250" oya="0" hai0="127,65,12,77,13,58,88,14,117,91,90,125,45" hai1="114,116,23,27,49,130,57,134,40,17,1,135,26" hai2="21,62,36,60,108,101,132,9,38,82,11,106,67" hai3="119,41,24,100,95,51,16,47,7,66,78,44,87"/><T129/><D117/><U34/><E116/><V68/><F108/><W103/><G7/><T30/><D30/><N who="1" m="19799" /><E130/><V3/><F132/><N who="1" m="50729" /><E1/><V128/><F128/><W89/><G119/><T113/><D113/><U56/><E114/><V61/><F101/><W115/><G115/><T35/><D35/><U98/><E98/><V70/><F106/><W53/><G66/><T109/><D129/><U112/><E112/><V73/><F21/><N who="3" m="13351" /><G78/><T93/><D109/><U96/><E96/><V85/><F73/><W81/><G95/><T28/><D28/><U83/><E83/><V15/><F3/><W0/><G0/><T64/><D93/><U84/><E84/><V46/><F11/><W123/><G123/><T76/><D45/><AGARI ba="0,0" hai="17,23,27,40,45,49,56,57" m="50729,19799" machi="45" ten="30,1000,0" yaku="20,1" doraHai="72" who="1" fromWho="0" sc="250,-10,250,10,250,0,250,0" /><INIT seed="1,0,0,3,5,4" ten="240,260,250,250" oya="1" hai0="121,37,29,36,26,62,16,2,128,43,52,111,71" hai1="106,30,102,23,66,27,70,42,7,89,96,58,82" hai2="0,12,125,33,10,114,131,95,115,22,126,63,60" hai3="110,127,112,94,51,38,65,34,133,135,59,86,83"/><U77/><E70/><V6/><F95/><W99/><G110/><T47/><D111/><U64/><E42/><V123/><F63/><W31/><G38/><T97/><D128/><U14/><E89/><V90/><F90/><W134/><G112/><N who="2" m="43049" /><F60/><W85/><G127/><N who="2" m="48649" /><F131/><W18/><G18/><T103/><D121/><U87/><REACH who="1" step="1"/><E58/><REACH who="1" ten="240,250,250,250" step="2"/><V91/><F91/><W11/><G59/><T35/><D71/><U113/><E113/><V3/><F123/><W107/><G135/><T48/><D43/><U24/><E24/><V5/><F33/><W100/><G134/><T28/><D35/><U119/><E119/><V46/><F46/><W78/><G133/><T72/><D47/><U56/><E56/><V79/><F79/><W105/><G34/><T67/><D26/><U45/><E45/><V69/><F69/><W120/><G78/><T44/><D44/><U8/><AGARI ba="0,1" hai="7,8,14,23,27,30,64,66,77,82,87,96,102,106" machi="8" ten="30,6000,0" yaku="1,1,0,1,52,1,53,0" doraHai="4" doraHaiUra="124" who="1" fromWho="1" sc="240,-20,250,70,250,-20,250,-20" /><INIT seed="1,1,0,4,0,73" ten="220,320,230,230" oya="1" hai0="28,81,84,12,50,3,124,129,10,132,78,53,86" hai1="20,14,74,110,131,122,30,21,36,46,71,111,97" hai2="91,41,29,0,16,109,8,94,56,125,27,130,85" hai3="112,75,87,100,4,96,19,49,55,88,34,31,66"/><U40/><E122/><V43/><F109/><N who="1" m="41481" /><E71/><V116/><F116/><W134/><G134/><T54/><D129/><U126/><E131/><V123/><F130/><W92/><G75/><T18/><D124/><U60/><E126/><V7/><F125/><W105/><G4/><T6/><D132/><U95/><E74/><V76/><F123/><W72/><G72/><T99/><D28/><U37/><E60/><V101/><F101/><W24/><G19/><T2/><D54/><U115/><E115/><V63/><F76/><W113/><REACH who="3" step="1"/><G66/><REACH who="3" ten="220,320,230,220" step="2"/><T70/><D18/><N who="1" m="10327" /><E30/><V90/><F16/><W38/><G38/><T35/><D6/><U26/><E37/><V22/><F90/><W17/><G17/><T93/><D78/><U33/><E36/><V108/><REACH who="2" step="1"/><F108/><REACH who="2" ten="220,320,220,220" step="2"/><W64/><G64/><AGARI ba="1,2" hai="0,7,8,22,27,29,41,43,56,63,64,85,91,94" machi="64" ten="30,3900,0" yaku="1,1,2,1,7,1,53,0" doraHai="73" doraHaiUra="15" who="2" fromWho="3" sc="220,0,320,0,220,62,220,-42" /><INIT seed="2,0,0,0,2,66" ten="220,320,282,178" oya="2" hai0="77,121,81,80,132,84,103,29,36,102,79,92,90" hai1="51,117,55,4,56,135,26,30,0,114,60,3,54" hai2="10,108,57,58,105,118,112,95,91,15,13,41,42" hai3="20,86,49,99,111,119,38,134,16,65,40,116,7"/><V78/><F105/><W106/><G38/><T17/><D36/><U93/><E117/><V25/><F118/><W8/><G111/><T76/><D121/><U5/><E114/><V97/><F112/><W44/><G134/><T70/><D70/><U21/><E135/><V52/><F108/><W85/><G65/><T33/><D132/><U104/><E104/><V73/><F58/><W47/><G85/><T68/><D68/><U123/><E123/><V14/><F10/><W107/><G106/><T120/><D120/><U43/><E43/><V11/><F11/><W35/><G35/><T48/><D33/><U101/><E0/><V1/><F1/><W71/><G71/><T113/><D29/><U28/><E28/><V129/><F129/><W83/><G47/><T109/><D113/><U61/><E3/><V6/><F6/><N who="1" m="2665" /><E55/><V34/><F34/><W22/><G22/><T131/><D109/><U50/><E51/><V130/><F130/><W63/><G63/><N who="1" m="24138" /><E93/><V122/><F122/><W12/><G99/><T128/><D131/><U125/><E125/><V67/><F67/><W124/><G107/><T39/><D39/><U96/><E96/><V110/><F110/><W75/><G75/><T53/><D17/><U32/><E32/><V19/><F73/><W127/><G124/><T24/><D24/><U87/><E87/><V62/><F78/><N who="3" m="46455" /><G127/><T64/><D64/><U31/><E31/><V45/><F45/><W98/><G98/><T37/><D37/><U89/><E101/><N who="0" m="38409" /><D128/><U2/><E2/><V82/><F82/><W74/><G74/><T94/><D81/><RYUUKYOKU ba="0,0" sc="220,0,320,0,282,0,178,0" hai0="48,53,76,77,79,80,84,90,92,94" hai1="21,26,30,50,54,56,89" hai2="13,14,15,19,25,41,42,52,57,62,91,95,97" hai3="7,8,12,16,20,40,44,49,116,119" /><INIT seed="2,1,0,5,5,131" ten="220,320,282,178" oya="2" hai0="31,80,40,30,108,5,72,107,93,11,97,132,115" hai1="114,32,112,53,22,120,113,90,104,59,99,122,134" hai2="125,61,15,71,66,29,64,103,91,83,45,85,89" hai3="25,38,135,73,17,0,106,105,102,123,124,51,16"/><V41/><F125/><W60/><G123/><N who="1" m="47146" /><E32/><V2/><F2/><W116/><G116/><T70/><D115/><U117/><E117/><V9/><F66/><W49/><G38/><T26/><D108/><U92/><E22/><V12/><F103/><W100/><G0/><T109/><D109/><U74/><E74/><V88/><F29/><W23/><G73/><T54/><D107/><U79/><E79/><V43/><F15/><W20/><G60/><T13/><D70/><U3/><E3/><V77/><REACH who="2" step="1"/><F45/><REACH who="2" ten="220,320,272,178" step="2"/><W67/><G67/><T75/><D13/><U46/><E46/><V39/><F39/><W52/><G124/><T27/><D31/><U86/><E114/><V35/><F35/><W21/><G23/><T110/><D30/><U81/><E104/><V130/><F130/><W101/><G135/><T69/><D132/><U62/><E134/><V129/><F129/><W57/><REACH who="3" step="1"/><G49/><REACH who="3" ten="220,320,272,168" step="2"/><T55/><D110/><U58/><E113/><V50/><F50/><W36/><G36/><T98/><D11/><U19/><E112/><V4/><AGARI ba="1,2" hai="4,9,12,41,43,61,64,71,77,83,85,88,89,91" machi="4" ten="30,6000,0" yaku="1,1,0,1,54,1,53,0" doraHai="131" doraHaiUra="28" who="2" fromWho="2" sc="220,-21,320,-21,272,83,168,-21" /><INIT seed="2,2,0,4,5,83" ten="199,299,355,147" oya="2" hai0="23,96,11,51,129,5,97,108,56,93,32,71,84" hai1="39,30,41,52,9,75,89,135,59,131,31,15,86" hai2="49,115,114,38,113,117,24,57,77,36,78,124,44" hai3="34,66,95,16,70,68,109,1,46,6,104,119,98"/><V54/><F117/><W82/><G109/><T27/><D71/><U94/><E75/><V13/><F124/><W0/><G119/><T118/><D32/><U65/><E135/><V101/><F101/><W29/><G46/><T14/><D118/><U121/><E131/><V120/><F120/><W130/><G130/><T64/><D129/><U79/><E121/><V20/><F13/><W63/><G68/><T125/><D108/><U128/><E128/><V35/><F35/><W22/><G6/><T133/><D133/><U123/><E123/><V90/><F90/><W43/><G43/><T12/><D125/><U105/><E105/><V4/><F4/><W73/><G73/><T55/><D64/><U42/><E65/><V33/><F33/><W28/><G82/><T132/><D132/><U122/><E79/><V69/><F69/><W62/><G63/><T19/><D27/><U7/><E122/><V111/><F111/><W40/><G40/><N who="1" m="15466" /><E39/><V110/><F110/><W102/><G95/><T76/><D76/><U107/><E107/><V81/><F77/><W100/><G102/><T21/><D21/><U47/><E47/><V80/><F44/><W2/><REACH who="3" step="1"/><G34/><REACH who="3" ten="199,299,355,137" step="2"/><T99/><REACH who="0" step="1"/><D84/><REACH who="0" ten="189,299,355,137" step="2"/><U116/><E116/><V17/><F38/><W91/><G91/><AGARI ba="2,2" hai="5,11,12,14,19,23,51,55,56,91,93,96,97,99" machi="91" ten="30,7700,0" yaku="1,1,2,1,7,1,8,1,53,0" doraHai="83" doraHaiUra="127" who="0" fromWho="3" sc="189,103,299,0,355,0,137,-83" /><INIT seed="3,0,0,3,2,127" ten="292,299,355,54" oya="3" hai0="92,85,93,82,100,25,80,22,117,120,31,75,28" hai1="34,62,125,14,0,111,74,109,91,61,105,19,66" hai2="37,51,17,18,88,135,68,115,96,10,38,42,78" hai3="30,5,13,65,9,108,126,123,79,1,69,71,41"/><W83/><G123/><T129/><D117/><U107/><E0/><V50/><F68/><W7/><G126/><T130/><D120/><U110/><E34/><V86/><F115/><W89/><G89/><T48/><D75/><U70/><E74/><V46/><F78/><W53/><G41/><T98/><D31/><U33/><E33/><V35/><F35/><W95/><G95/><T8/><D92/><U99/><E125/><V45/><F96/><W27/><G108/><T134/><D134/><U56/><E91/><V118/><F118/><W132/><G132/><T6/><D48/><U40/><E40/><V57/><F57/><W133/><G133/><T122/><D122/><U90/><E90/><V106/><F106/><W81/><G53/><T26/><D26/><U43/><E43/><V116/><F116/><W16/><G65/><T12/><REACH who="0" step="1"/><D82/><REACH who="0" ten="282,299,355,54" step="2"/><U112/><E112/><V44/><F135/><W128/><G83/><T60/><D60/><U15/><E99/><V39/><F50/><W124/><G124/><T20/><D20/><N who="1" m="11383" /><E15/><V11/><F42/><W36/><G36/><T114/><D114/><U59/><E70/><N who="3" m="26634" /><G1/><T94/><D94/><U84/><E84/><V54/><F39/><W49/><G49/><T73/><D73/><U58/><E58/><V32/><F38/><W67/><G67/><AGARI ba="0,1" hai="56,59,61,62,66,67,105,107,109,110,111" m="11383" machi="67" ten="30,1000,0" yaku="14,1" doraHai="127" who="1" fromWho="3" sc="282,0,299,20,355,0,54,-10" owari="282,-11.8,319,11.9,355,45.5,44,-45.6" /></mjloggm>