<mjloggm ver="2.3"><GO type="225" lobby="0"/><UN n0="%E3%83%97%E3%83%92" n1="%E3%81%8B%E3%82%8F%E3%81%A1%E3%82%83%E3%82%93%35%38" n2="%4C%4F%4C%49%54%41" n3="%72%69%6F%75%63%68%61%6E" dan="16,16,16,16" rate="2176.02,2139.19,2171.82,2172.81" sx="M,M,F,M"/><TAIKYOKU oya="0"/><INIT seed="0,0,0,3,5,88" ten="250,250,250,250" oya="0" hai0="26,31,48,109,81,30,108,134,132,36,58,12,65" hai1="34,133,14,87,64,13,91,9,66,97,125,72,59" hai2="32,53,90,118,2,6,42,86,16,93,43,126,84" hai3="83,78,38,106,75,0,22,79,52,82,7,51,40"/><T112/><D112/><U68/><E72/><V62/><F32/><W23/><G106/><T103/><D36/><U49/><E68/><V21/><F126/><W28/><G28/><N who="0" m="10795" /><D26/><U105/><E34/><V55/><F118/><W39/><G39/><T94/><D81/><U100/><E133/><N who="0" m="51305" /><D12/><U107/><E107/><V101/><F101/><W45/><G83/><T104/><D104/><U85/><E13/><N who="2" m="9359" /><F2/><W113/><G79/><T63/><D48/><U35/><E35/><V10/><F10/><N who="3" m="2407" /><G113/><T116/><D116/><U47/><E125/><V131/><F6/><W25/><G25/><T67/><D67/><U80/><E59/><AGARI ba="0,0" hai="22,23,38,40,45,51,52,59,75,78,82" m="2407" machi="59" ten="30,2000,0" yaku="25,1,54,1" doraHai="88" who="3" fromWho="1" sc="250,0,250,-20,250,0,250,20" /><INIT seed="1,0,0,1,4,71" ten="250,230,250,270" oya="1" hai0="120,49,5,85,64,103,45,55,133,47,75,13,91" hai1="102,10,96,9,114,83,2,60,108,135,37,134,61" hai2="6,46,126,81,48,51,69,106,63,57,117,14,52" hai3="82,4,76,90,25,27,127,128,109,79,33,89,80"/><U116/><E116/><V67/><F106/><W110/><G4/><T119/><D75/><U36/><E114/><V95/><F117/><W44/><G44/><T58/><D119/><U20/><E108/><N who="3" m="41578" /><G33/><T70/><D133/><N who="1" m="50699" /><E83/><N who="3" m="31786" /><G128/><T107/><D120/><U24/><E61/><V131/><F126/><W104/><G104/><T56/><D70/><U8/><E60/><V87/><F95/><W101/><G101/><T100/><D64/><U84/><E84/><V124/><F124/><W18/><G18/><T12/><D107/><N who="1" m="63943" /><E2/><V122/><F131/><W31/><G31/><AGARI ba="0,0" hai="8,9,10,20,24,31,36,37" m="63943,50699" machi="31" ten="30,5800,0" yaku="20,1,52,2" doraHai="71" who="1" fromWho="3" sc="250,0,230,58,250,0,270,-58" /><INIT seed="1,1,0,3,5,41" ten="250,288,250,212" oya="1" hai0="57,102,114,8,72,30,85,35,95,38,94,77,44" hai1="101,16,39,127,88,134,0,11,112,86,125,93,50" hai2="73,5,130,34,61,45,96,69,98,107,129,4,40" hai3="19,81,100,89,48,124,128,65,87,21,13,70,76"/><U29/><E39/><V32/><F73/><W53/><G124/><N who="1" m="47690" /><E112/><V109/><F109/><W108/><G108/><T75/><D114/><U68/><E68/><V67/><F4/><W105/><G128/><N who="2" m="49257" /><F5/><W28/><G28/><T91/><D8/><U51/><E29/><V15/><F15/><W55/><G105/><T10/><D10/><U20/><E134/><V24/><F24/><W63/><G100/><T131/><D77/><U3/><E101/><N who="2" m="62887" /><F98/><W135/><G135/><T22/><D35/><U12/><E11/><V122/><F122/><W82/><REACH who="3" step="1"/><G48/><AGARI ba="1,0" hai="0,3,12,16,20,48,50,51,86,88,93" m="47690" machi="48" ten="30,5800,0" yaku="18,1,54,2" doraHai="41" who="1" fromWho="3" sc="250,0,288,61,250,0,212,-61" /><AGARI ba="1,0" hai="32,34,40,45,48,61,67,69" m="62887,49257" machi="48" ten="30,2000,0" yaku="19,1,52,1" doraHai="41" who="2" fromWho="3" sc="250,0,349,0,250,20,151,-20" /><INIT seed="1,2,0,0,0,117" ten="250,349,270,131" oya="1" hai0="39,82,106,100,30,132,5,118,93,83,18,59,129" hai1="102,69,17,10,116,4,111,85,109,88,28,60,22" hai2="74,3,31,42,81,123,114,21,19,14,9,98,95" hai3="80,71,61,131,128,115,70,84,110,1,125,58,13"/><U127/><E116/><V122/><F114/><W0/><G115/><T12/><D118/><U54/><E28/><V107/><F107/><W130/><G110/><N who="1" m="41994" /><E102/><V79/><F42/><W96/><G125/><T52/><D39/><U55/><E60/><V99/><F99/><W87/><G13/><T101/><D106/><U24/><E69/><N who="3" m="26122" /><G96/><T63/><D129/><N who="3" m="33025" /><W73/><DORA hai="64" /><G73/><T35/><D5/><U44/><E44/><V105/><F105/><W41/><G41/><T48/><D101/><U72/><E72/><V56/><F56/><W92/><G92/><T94/><D94/><N who="1" m="54543" /><E127/><V124/><F124/><W2/><G80/><T40/><D100/><U135/><E135/><V78/><F81/><W67/><AGARI ba="2,0" hai="0,1,2,58,61,67,84,87" m="33025,26122" machi="67" ten="50,8000,1" yaku="19,1,52,3" doraHai="117,64" who="3" fromWho="3" sc="250,-22,349,-42,270,-22,131,86" /><INIT seed="2,0,0,2,0,59" ten="228,307,248,217" oya="2" hai0="20,92,43,52,49,36,119,7,109,6,115,27,19" hai1="67,1,57,2,75,72,110,70,23,96,47,122,41" hai2="123,48,17,61,13,33,91,30,99,64,54,86,65" hai3="37,106,25,12,11,39,94,45,55,90,108,26,16"/><V68/><F123/><W46/><G108/><T9/><D115/><U76/><E57/><V34/><F30/><W101/><G106/><T120/><D120/><U118/><E23/><V56/><F99/><W111/><G111/><T78/><D109/><U51/><E51/><V93/><REACH who="2" step="1"/><F65/><REACH who="2" ten="228,307,238,217" step="2"/><W105/><G105/><T116/><D116/><U50/><E96/><V83/><F83/><W97/><G101/><T130/><D119/><U73/><E118/><V71/><F71/><W129/><G129/><T22/><D130/><U117/><E117/><V18/><F18/><W66/><G66/><T10/><D19/><U35/><E122/><V77/><F77/><W80/><G80/><T107/><D78/><U82/><E110/><V87/><F87/><W15/><G16/><T32/><D107/><U121/><E121/><V0/><F0/><W125/><G97/><T63/><D92/><U40/><E73/><V79/><F79/><W4/><G94/><T38/><D32/><U133/><E75/><V95/><F95/><W8/><G90/><T84/><D84/><U102/><E35/><V31/><F31/><W62/><G4/><T100/><D100/><U28/><E102/><V29/><F29/><W124/><REACH who="3" step="1"/><G55/><REACH who="3" ten="228,307,238,207" step="2"/><T69/><D6/><U74/><E82/><V60/><F60/><AGARI ba="0,2" hai="8,11,12,15,25,26,37,39,45,46,60,62,124,125" machi="60" ten="25,16000,3" yaku="1,1,2,1,22,2,52,2,53,2" doraHai="59" doraHaiUra="135" who="3" fromWho="2" sc="228,0,307,0,238,-160,207,180" /><INIT seed="3,0,0,4,2,128" ten="228,307,78,387" oya="3" hai0="68,29,98,58,0,3,30,131,79,12,45,110,96" hai1="70,92,73,17,90,11,23,108,48,46,28,84,130" hai2="44,120,15,114,80,69,82,72,89,1,50,32,24" hai3="40,99,125,76,118,38,102,10,65,18,19,49,31"/><W26/><G118/><T5/><D131/><U36/><E108/><V53/><F1/><W75/><G125/><T43/><D68/><U16/><E130/><V97/><F69/><W117/><G117/><T104/><D110/><U87/><E73/><V25/><F32/><W83/><G65/><T116/><D116/><U71/><E36/><V94/><F114/><W9/><G38/><T119/><D119/><U111/><E111/><V85/><F120/><W63/><G63/><T21/><D79/><U124/><E124/><V33/><F33/><W93/><G18/><T13/><D58/><U22/><E28/><V74/><F72/><W103/><G19/><T41/><D21/><U133/><E11/><V81/><F74/><W35/><G103/><T34/><D45/><U27/><E133/><V88/><F81/><W60/><G60/><T61/><D61/><U51/><E51/><V107/><F107/><W2/><G2/><T77/><D77/><U100/><E100/><V129/><F129/><W6/><G6/><T39/><D34/><U105/><E105/><V62/><F62/><W54/><G40/><T4/><D104/><U115/><E115/><V127/><F127/><W86/><G75/><T123/><D39/><U7/><E7/><V134/><F134/><W113/><G113/><T57/><REACH who="0" step="1"/><D57/><AGARI ba="0,0" hai="9,10,26,31,35,49,54,57,76,83,86,93,99,102" machi="57" ten="30,1500,0" yaku="7,1" doraHai="128" who="3" fromWho="0" sc="228,-15,307,0,78,0,387,15" owari="213,-18.7,307,10.7,78,-42.2,402,50.2" /></mjloggm>