<mjloggm ver="2.3"><GO type="225" lobby="0"/><UN n0="%E5%8F%AF%E5%85%90%E9%82%A3%E7%94%B1%E5%A4%9A" n1="%43%68%65" n2="%E5%86%B7%E5%87%8D%E3%82%AE%E3%83%A7%E3%83%BC%E3%82%B6" n3="%E3%83%B4%E3%82%A3%E3%83%AF%E3%82%B3%E3%82%B0%E3%83%8B" dan="16,16,16,16" rate="2183.05,2165.31,2130.45,2152.37" sx="F,M,M,M"/><TAIKYOKU oya="0"/><INIT seed="0,0,0,3,3,80" ten="250,250,250,250" oya="0" hai0="87,104,78,107,55,118,6,23,16,94,102,56,15" hai1="127,44,81,93,24,51,70,40,5,75,66,79,43" hai2="122,98,19,91,42,84,100,126,64,17,120,92,62" hai3="111,50,73,76,82,103,11,22,58,20,8,97,77"/><T35/><D118/><U28/><E127/><V41/><F126/><W109/><G76/><T106/><D35/><U53/><E5/><V115/><F115/><W12/><G50/><T69/><D69/><U47/><E93/><V86/><F120/><W117/><G58/><T18/><D6/><U13/><E13/><V121/><F122/><W61/><G61/><T45/><D45/><U99/><E99/><V123/><F123/><W74/><G74/><T38/><D38/><U132/><E132/><V89/><F121/><W30/><G117/><T26/><D102/><U90/><E90/><V37/><F91/><W25/><G20/><T101/><D101/><U114/><E114/><V113/><F113/><W119/><G119/><T133/><D133/><U59/><E70/><V46/><F42/><W39/><G39/><T2/><D2/><U130/><E130/><V1/><F1/><W112/><G112/><T85/><D94/><U124/><E124/><V125/><F125/><W34/><G34/><T131/><D78/><U60/><E47/><V128/><F128/><W108/><REACH who="3" step="1"/><G12/><REACH who="3" ten="250,250,250,240" step="2"/><T65/><D131/><U95/><E95/><AGARI ba="0,1" hai="8,11,22,25,30,73,77,82,95,97,103,108,109,111" machi="95" ten="40,5200,0" yaku="1,1,2,1,14,1,53,0" doraHai="80" doraHaiUra="57" who="3" fromWho="1" sc="250,0,250,-52,250,0,240,62" /><INIT seed="1,0,0,3,3,78" ten="250,198,250,302" oya="1" hai0="29,72,60,43,85,122,27,1,13,67,108,120,103" hai1="62,66,113,21,48,112,95,54,36,104,53,40,49" hai2="7,2,20,30,96,65,61,75,42,11,106,131,89" hai3="45,31,110,34,24,99,68,84,63,130,90,18,76"/><U98/><E104/><V109/><F109/><W55/><G110/><T59/><D108/><U114/><E21/><V116/><F116/><W86/><G130/><T126/><D72/><U26/><E26/><V124/><F131/><W73/><G18/><T101/><D1/><U107/><E107/><V91/><F124/><W23/><G34/><T35/><D126/><U115/><N who="1" m="28672" /><DORA hai="94" /><U117/><E117/><V80/><F42/><W135/><G135/><T81/><D43/><U92/><E36/><V44/><F44/><W0/><G0/><T37/><D37/><U119/><E119/><V10/><F10/><W39/><G73/><T6/><D6/><U100/><E95/><V16/><F30/><W121/><G121/><N who="0" m="46699" /><D13/><U8/><E8/><V15/><F75/><W123/><G123/><T105/><D105/><U64/><E40/><V38/><F38/><W28/><G28/><T88/><AGARI ba="0,0" hai="27,29,35,59,60,67,81,85,88,101,103" m="46699" machi="88" ten="30,4000,0" yaku="13,1,52,1,54,1" doraHai="78,94" who="0" fromWho="0" sc="250,40,198,-20,250,-10,302,-10" /><INIT seed="2,0,0,0,2,33" ten="290,178,240,292" oya="2" hai0="108,13,85,118,6,12,124,2,47,15,84,94,88" hai1="51,0,90,135,14,64,59,104,105,101,54,114,78" hai2="40,45,79,117,7,128,76,9,99,42,1,87,89" hai3="31,80,123,68,69,127,28,112,103,102,115,46,21"/><V41/><F117/><W57/><G123/><T58/><D118/><U65/><E114/><N who="3" m="43562" /><G127/><T71/><D71/><N who="3" m="27209" /><G46/><T96/><D124/><U25/><E135/><V26/><F128/><W91/><G57/><T73/><D73/><U126/><E126/><V34/><F99/><W60/><G60/><T23/><D108/><U74/><E0/><V56/><F45/><W32/><G32/><T19/><D58/><U39/><E39/><V131/><F131/><W70/><G70/><T107/><D47/><U43/><E43/><V5/><F5/><W3/><G3/><T8/><REACH who="0" step="1"/><D107/><REACH who="0" ten="280,178,240,292" step="2"/><U36/><E74/><V37/><F56/><W82/><G28/><T72/><D72/><U92/><E59/><V10/><F37/><W17/><G31/><T93/><D93/><U86/><E36/><V4/><F34/><W77/><G82/><T100/><D100/><U16/><E101/><V106/><F106/><W98/><G80/><T109/><D109/><U20/><E105/><V35/><F35/><W121/><G121/><T22/><D22/><N who="1" m="11543" /><E104/><V50/><F50/><W95/><G77/><T24/><AGARI ba="0,1" hai="2,6,8,12,13,15,19,23,24,84,85,88,94,96" machi="24" ten="30,7900,0" yaku="1,1,0,1,52,1,54,1,53,0" doraHai="33" doraHaiUra="62" who="0" fromWho="0" sc="280,89,178,-20,240,-39,292,-20" /><INIT seed="3,0,0,4,4,21" ten="369,158,201,272" oya="3" hai0="92,102,93,31,12,70,111,123,36,13,55,113,122" hai1="3,107,104,40,37,32,98,6,129,5,67,68,110" hai2="29,54,82,18,59,73,46,44,9,47,1,86,117" hai3="33,88,130,51,11,22,58,10,96,89,7,23,94"/><W26/><G130/><T64/><D36/><U17/><E110/><V66/><F73/><W128/><G128/><T95/><D111/><U97/><E129/><V83/><F117/><W52/><G89/><T24/><D102/><U48/><E17/><V115/><F115/><W4/><G33/><T100/><D100/><U56/><E32/><V133/><F133/><W38/><G38/><T78/><D113/><U84/><E84/><V108/><F108/><W42/><G42/><T35/><D78/><U132/><E132/><V114/><F114/><W41/><G41/><T25/><D55/><U39/><E40/><V124/><F124/><W103/><G103/><T2/><D2/><U53/><E53/><V112/><F112/><W131/><G131/><T14/><REACH who="0" step="1"/><D25/><REACH who="0" ten="359,158,201,272" step="2"/><U105/><E3/><V127/><F1/><W69/><G69/><T19/><D19/><U20/><E68/><V77/><F29/><N who="3" m="17623" /><G23/><T8/><D8/><AGARI ba="0,1" hai="4,7,8,10,11,51,52,58,88,94,96" m="17623" machi="8" ten="30,11600,0" yaku="8,1,52,1,54,2" doraHai="21" who="3" fromWho="0" sc="359,-116,158,0,201,0,272,126" owari="243,4.3,158,-34.2,201,-19.9,398,49.8" /></mjloggm>