<mjloggm ver="2.3"><GO type="225" lobby="0"/><UN n0="%6D%75%75%6D%75%72%61" n1="%E3%82%BC%E3%83%AB%E3%83%80%E3%81%AE%E4%BC%9D%E8%AA%AC" n2="%E7%B4%94%E6%BD%94%E3%83%94%E3%83%A9%E3%83%8B%E3%82%A2" n3="%E5%A4%96%E5%B7%9D%E7%AB%9C%E6%88%90" dan="16,16,17,16" rate="2145.77,2179.32,2254.24,2198.30" sx="F,M,M,M"/><TAIKYOKU oya="0"/><INIT seed="0,0,0,2,5,99" ten="250,250,250,250" oya="0" hai0="68,43,26,106,28,74,113,25,11,50,124,78,96" hai1="122,80,59,73,89,20,22,34,132,0,75,58,110" hai2="49,66,37,19,18,105,102,120,117,76,13,103,35" hai3="133,29,45,60,91,92,115,53,72,44,111,7,123"/><T134/><D113/><U10/><E34/><V128/><F37/><W1/><G115/><T38/><D124/><U130/><E122/><V107/><F35/><W98/><G72/><T108/><D134/><U54/><E132/><V85/><F66/><W119/><G119/><T87/><D74/><U101/><E110/><V36/><F36/><W4/><G133/><T12/><D38/><U14/><E0/><V126/><F120/><W82/><G111/><T125/><D125/><U63/><E130/><V16/><F126/><W100/><G123/><T33/><D68/><U114/><E114/><V40/><F128/><W81/><G29/><T8/><D108/><U41/><E41/><V39/><F39/><W118/><G1/><T62/><D62/><N who="1" m="36183" /><E101/><N who="2" m="38411" /><F105/><W24/><G24/><T3/><D26/><U104/><E75/><V55/><F107/><W77/><G77/><T70/><D70/><U48/><E104/><V2/><F2/><W27/><G27/><T30/><D25/><U97/><E73/><V135/><F117/><W112/><G112/><T17/><D33/><U121/><E121/><V79/><F40/><W42/><G42/><T64/><D64/><N who="1" m="39039" /><E48/><V67/><F67/><W71/><G71/><T6/><D50/><U90/><E80/><N who="2" m="47239" /><F135/><W83/><G118/><T109/><D43/><U52/><E52/><V57/><F79/><W23/><G53/><T56/><D109/><U5/><E89/><V127/><F127/><W51/><G91/><T15/><D3/><U32/><E32/><V116/><F116/><W46/><G51/><T94/><D106/><U69/><E69/><RYUUKYOKU ba="0,0" sc="250,-15,250,15,250,15,250,-15" hai1="5,10,14,20,22,90,97" hai2="13,16,18,19,49,55,57" /><INIT seed="1,1,0,0,3,11" ten="235,265,265,235" oya="1" hai0="110,71,100,118,93,82,94,70,78,68,106,107,128" hai1="124,62,117,32,89,4,79,48,2,3,17,133,23" hai2="74,80,37,127,1,55,25,33,111,24,81,9,105" hai3="64,20,12,121,46,5,43,77,126,41,44,16,28"/><U92/><E117/><V27/><F105/><W60/><G121/><T66/><D118/><U91/><E32/><V38/><F127/><W10/><G126/><T36/><D110/><U85/><E124/><V31/><F111/><W87/><G28/><T6/><D128/><U30/><E133/><V65/><F65/><W72/><G72/><T63/><D36/><U88/><E30/><V57/><F38/><W119/><G119/><T130/><D130/><U15/><E62/><V113/><F37/><W49/><G77/><T18/><D6/><U7/><E2/><V104/><F104/><W116/><G87/><T120/><D120/><U98/><E3/><V122/><F113/><W47/><G43/><T52/><D52/><U129/><E129/><V84/><F74/><W56/><REACH who="3" step="1"/><G116/><REACH who="3" ten="235,265,265,225" step="2"/><T134/><D78/><U14/><E48/><V22/><F122/><W86/><G86/><T125/><D125/><U69/><E69/><V0/><F81/><W96/><G96/><T101/><D71/><U99/><E99/><V109/><F109/><W103/><G103/><T90/><D70/><U112/><E112/><V29/><F29/><W135/><G135/><T54/><D134/><U123/><E123/><V19/><F33/><W21/><G21/><T40/><D68/><U34/><E34/><V102/><F102/><W35/><G35/><T73/><D101/><U114/><E114/><V115/><F115/><W59/><G59/><T131/><D131/><U61/><E79/><N who="2" m="46111" /><F31/><W45/><G45/><T67/><D100/><N who="1" m="60487" /><E85/><V76/><F76/><W26/><AGARI ba="1,1" hai="5,10,12,16,20,26,41,44,46,47,49,56,60,64" machi="26" ten="20,12000,2" yaku="1,1,0,1,7,1,8,1,52,1,54,1,53,1" doraHai="11" doraHaiUra="58" who="3" fromWho="3" sc="235,-31,265,-61,265,-31,225,133" /><INIT seed="2,0,0,5,4,69" ten="204,204,234,358" oya="2" hai0="121,98,90,64,56,67,89,86,20,92,42,103,128" hai1="2,1,37,54,13,4,66,123,53,32,11,120,114" hai2="97,36,63,124,24,95,70,25,85,130,6,14,93" hai3="91,126,5,71,122,81,78,34,129,49,65,55,3"/><V12/><F124/><W7/><G34/><T115/><D121/><N who="1" m="46667" /><E114/><V48/><F130/><W44/><G91/><T74/><D115/><U16/><E32/><V132/><F132/><W104/><G55/><N who="1" m="21002" /><E66/><V131/><F131/><W102/><G81/><T76/><D128/><U28/><E28/><V82/><F48/><W18/><G44/><T33/><D33/><U111/><E111/><V35/><F36/><W45/><G18/><T134/><D134/><U101/><E101/><V109/><F109/><W31/><G31/><T41/><D74/><U127/><E127/><V116/><F116/><W59/><G59/><T57/><D67/><U15/><E37/><V94/><F6/><W17/><G7/><T108/><D108/><U72/><E72/><V40/><F40/><N who="0" m="15466" /><D64/><U125/><E125/><V8/><F8/><AGARI ba="0,0" hai="1,2,4,8,11,13,15,16" m="21002,46667" machi="8" ten="30,2000,0" yaku="13,1,54,1" doraHai="69" who="1" fromWho="2" sc="204,0,204,20,234,-20,358,0" /><INIT seed="3,0,0,5,5,23" ten="204,224,214,358" oya="3" hai0="66,114,117,106,32,9,111,128,1,35,125,20,36" hai1="13,29,75,48,103,33,52,40,8,134,72,43,99" hai2="60,27,58,51,14,101,127,42,11,19,115,79,132" hai3="67,17,53,84,44,38,85,10,69,55,135,113,90"/><W92/><G55/><T123/><RYUUKYOKU type="yao9" ba="0,0" sc="204,0,224,0,214,0,358,0" hai0="1,9,20,32,35,36,66,106,111,114,117,123,125,128" /><INIT seed="3,1,0,5,1,13" ten="204,224,214,358" oya="3" hai0="105,69,122,90,30,55,1,37,99,61,32,104,97" hai1="49,73,119,43,7,94,86,17,35,76,102,120,109" hai2="130,9,66,85,83,65,98,2,92,71,132,112,41" hai3="33,79,28,5,129,93,82,6,70,89,47,115,68"/><W58/><G89/><T8/><D122/><U113/><E113/><V75/><F112/><W20/><G93/><T84/><D37/><U107/><E120/><V106/><F130/><W34/><G82/><T54/><D1/><U62/><E35/><V135/><F41/><W40/><G28/><T11/><D84/><U63/><E7/><N who="2" m="1271" /><F106/><W78/><G58/><T38/><D38/><U51/><E109/><V36/><F36/><W134/><G47/><T4/><D4/><U56/><E119/><V60/><F75/><W126/><G134/><N who="2" m="51241" /><F60/><W77/><G40/><T116/><D116/><U100/><E107/><V96/><F71/><W67/><G68/><T31/><D69/><U48/><E43/><V88/><F98/><W25/><G70/><T103/><D61/><U124/><E124/><V22/><F22/><W118/><G20/><T39/><D39/><U123/><E123/><V125/><F125/><W133/><G34/><T42/><D42/><U131/><E131/><V128/><F128/><W127/><G33/><T19/><D32/><U46/><E63/><V53/><F53/><W10/><G133/><T59/><D59/><U80/><E46/><V24/><F24/><W21/><G25/><T81/><D90/><AGARI ba="1,0" hai="65,66,83,85,88,90,92,96" m="51241,1271" machi="90" ten="30,2000,0" yaku="20,1,54,1" doraHai="13" who="2" fromWho="0" sc="204,-23,224,0,214,23,358,0" owari="181,-31.9,224,-17.6,237,3.7,358,45.8" /></mjloggm>