<mjloggm ver="2.3"><GO type="225" lobby="0"/><UN n0="%E9%97%98%E5%B0%86%E3%81%A0%E3%82%93%E3%81%A7%E3%81%83" n1="%E3%82%BC%E3%83%AB%E3%83%80%E3%81%AE%E4%BC%9D%E8%AA%AC" n2="%E3%81%A8%E3%82%93%E3%81%A8%E3%81%93%E3%81%A8%E3%82%93" n3="%33%74%72%65%65" dan="16,17,16,16" rate="2126.27,2207.96,2129.48,2132.81" sx="M,M,F,F"/><TAIKYOKU oya="0"/><INIT seed="0,0,0,0,2,13" ten="250,250,250,250" oya="0" hai0="109,4,30,104,22,18,130,121,7,85,41,3,17" hai1="96,66,119,71,125,32,80,86,6,2,40,132,19" hai2="114,31,23,118,110,107,69,44,5,49,43,15,33" hai3="24,48,111,34,51,89,21,8,39,120,37,1,50"/><T127/><D104/><U65/><E119/><V133/><F33/><W128/><G111/><T82/><D109/><U60/><E32/><V72/><F114/><W102/><G128/><T38/><D121/><U126/><E132/><V73/><F69/><W63/><G120/><T81/><D130/><U108/><E108/><V87/><F110/><W116/><G116/><T62/><D38/><U55/><E40/><V68/><F68/><W61/><G102/><T25/><D127/><N who="1" m="48651" /><E96/><V74/><F107/><W14/><G34/><T113/><D113/><U124/><E124/><V56/><F118/><W0/><G37/><T35/><D41/><U92/><E92/><V11/><F133/><W42/><G42/><T29/><D62/><U105/><E105/><V54/><F87/><W112/><G39/><T131/><D131/><U115/><E115/><V135/><F135/><W12/><G61/><T26/><D81/><U84/><E55/><V28/><REACH who="2" step="1"/><F23/><REACH who="2" ten="250,250,240,250" step="2"/><W83/><G112/><T79/><D35/><U103/><E86/><V99/><F99/><W97/><G97/><T16/><D85/><U90/><E84/><V123/><F123/><W76/><G21/><T100/><D22/><U70/><E70/><V64/><F64/><W117/><G117/><T53/><D79/><U20/><E66/><V134/><F134/><W10/><G76/><T91/><D82/><U129/><E129/><V101/><F101/><W9/><G83/><T122/><D100/><U77/><E103/><V45/><F45/><W59/><G89/><T78/><D91/><U52/><E90/><V75/><F75/><RYUUKYOKU ba="0,1" sc="250,-10,250,-10,240,30,250,-10" hai2="5,11,15,28,31,43,44,49,54,56,72,73,74" /><INIT seed="1,1,1,5,1,16" ten="240,240,270,240" oya="1" hai0="76,58,4,135,1,113,24,106,103,23,134,107,29" hai1="28,117,77,112,45,116,96,22,104,63,61,101,120" hai2="88,93,6,60,125,19,35,56,65,105,59,111,90" hai3="5,98,30,78,25,89,79,20,57,42,3,39,92"/><U49/><E112/><V36/><F105/><W38/><G3/><T10/><D113/><U8/><E120/><V0/><F36/><W55/><G5/><T72/><D72/><U51/><E77/><V62/><F35/><W119/><G119/><T27/><D76/><U26/><E49/><V21/><F111/><W86/><G42/><T84/><D84/><U13/><E117/><V34/><F34/><W43/><G43/><T97/><D106/><U132/><E132/><V83/><F125/><W114/><G114/><T2/><D2/><U11/><E116/><V64/><F0/><W66/><G66/><T130/><D130/><U41/><REACH who="1" step="1"/><E8/><REACH who="1" ten="240,230,270,240" step="2"/><V133/><F133/><W99/><G38/><T110/><D110/><U82/><E82/><V87/><F6/><AGARI ba="1,2" hai="6,11,13,22,26,28,41,45,51,61,63,96,101,104" machi="6" ten="30,5800,0" yaku="1,1,7,1,52,1,53,0" doraHai="16" doraHaiUra="12" who="1" fromWho="2" sc="240,0,230,81,270,-61,240,0" /><INIT seed="1,2,0,3,4,127" ten="240,311,209,240" oya="1" hai0="1,83,7,19,134,4,65,97,59,45,48,86,91" hai1="99,11,40,106,20,84,94,75,80,123,119,79,88" hai2="125,54,44,29,82,105,18,31,47,92,89,63,128" hai3="76,124,116,110,74,114,10,118,108,78,32,66,68"/><U72/><E119/><N who="3" m="45610" /><G114/><T26/><D134/><U51/><E123/><V38/><F105/><W77/><G124/><T33/><D1/><U130/><E130/><V129/><F125/><W16/><G32/><T103/><D65/><U109/><E109/><N who="3" m="42090" /><G74/><T9/><D59/><U37/><E37/><V100/><F100/><W53/><G53/><T85/><D85/><U8/><E20/><V35/><F82/><W28/><G28/><N who="2" m="10825" /><F18/><W95/><G95/><N who="0" m="58815" /><D33/><U61/><E61/><V5/><F5/><W93/><G93/><T6/><D6/><U27/><E72/><V2/><F2/><W96/><G96/><T25/><D7/><U36/><E106/><V98/><F38/><W62/><G77/><T90/><D90/><U58/><E75/><V67/><F54/><W34/><G34/><T15/><D4/><U87/><E99/><V24/><F24/><W102/><G102/><T41/><AGARI ba="2,0" hai="9,15,19,25,26,41,45,48,83,86,91" m="58815" machi="41" ten="30,1100,0" yaku="8,1" doraHai="127" who="0" fromWho="0" sc="240,17,311,-7,209,-5,240,-5" /><INIT seed="2,0,0,3,2,67" ten="257,304,204,235" oya="2" hai0="89,43,124,12,20,109,81,34,18,31,119,133,127" hai1="9,115,53,2,42,106,64,79,22,111,51,132,122" hai2="36,74,52,40,1,100,49,0,87,47,114,29,30" hai3="39,99,88,59,96,56,13,107,5,14,19,21,46"/><V45/><F74/><W4/><G107/><T75/><D109/><U83/><E115/><V28/><F114/><W90/><G39/><T41/><D133/><U112/><E112/><V8/><F100/><W101/><G46/><T102/><D102/><U78/><E106/><V17/><REACH who="2" step="1"/><F87/><REACH who="2" ten="257,304,194,235" step="2"/><W37/><G101/><T32/><D75/><U134/><E134/><V11/><F11/><W91/><G99/><T16/><D119/><U26/><E9/><V23/><F23/><W129/><G96/><T123/><D34/><U77/><E22/><V3/><F3/><W113/><G113/><T24/><D123/><U6/><E2/><V72/><F72/><W110/><G21/><T65/><D32/><U58/><E132/><V130/><F130/><W120/><G129/><T84/><D124/><U50/><E122/><V68/><F68/><W121/><G120/><T135/><D127/><U48/><E111/><V60/><F60/><W95/><G110/><T93/><D135/><U66/><E77/><V128/><F128/><W118/><G121/><T71/><D71/><U10/><E78/><V105/><F105/><W15/><G118/><T97/><D12/><AGARI ba="0,1" hai="0,1,8,12,17,28,29,30,36,40,45,47,49,52" machi="12" ten="40,3900,0" yaku="1,1,54,1,53,0" doraHai="67" doraHaiUra="57" who="2" fromWho="0" sc="257,-39,304,0,194,49,235,0" /><INIT seed="2,1,0,4,3,29" ten="218,304,243,235" oya="2" hai0="81,125,23,132,117,15,33,2,96,32,16,52,114" hai1="115,103,93,27,78,48,122,121,17,45,26,127,131" hai2="77,113,107,36,39,44,118,83,123,75,126,92,50" hai3="37,101,20,109,110,53,49,4,8,10,34,19,72"/><V58/><F107/><W84/><G72/><T74/><D114/><U71/><E115/><V13/><F118/><W61/><G37/><T28/><D117/><U60/><E127/><V3/><F3/><W55/><G101/><T76/><D125/><U11/><E78/><V73/><F123/><N who="1" m="47113" /><E131/><V30/><F113/><W70/><G34/><T90/><D2/><U31/><E11/><V64/><F75/><W111/><G84/><T24/><D132/><U59/><E17/><V98/><F126/><W95/><G95/><T12/><D12/><U63/><E71/><V97/><F97/><W42/><G42/><T133/><D133/><U66/><E63/><V56/><F30/><W105/><G105/><T100/><D90/><U65/><E65/><V87/><F73/><W1/><G8/><T108/><D108/><U88/><E103/><V47/><F64/><N who="3" m="41231" /><G49/><T68/><D68/><U79/><E79/><V51/><F39/><W67/><G67/><T7/><D7/><U22/><E22/><V57/><F36/><W85/><G19/><T129/><D129/><U86/><E31/><V54/><F51/><W41/><G20/><T134/><D134/><U135/><E135/><V99/><F50/><W38/><G38/><T82/><D33/><U104/><E104/><V0/><F0/><W116/><G116/><T80/><D52/><AGARI ba="1,0" hai="26,27,45,48,52,59,60,66,86,88,93" m="47113" machi="52" ten="30,3900,0" yaku="13,1,54,2" doraHai="29" who="1" fromWho="0" sc="218,-42,304,42,243,0,235,0" /><INIT seed="3,0,0,4,5,2" ten="176,346,243,235" oya="3" hai0="62,13,110,128,130,41,43,65,107,36,47,79,66" hai1="45,72,95,21,82,97,18,28,115,113,29,9,122" hai2="37,38,96,88,4,30,108,1,68,31,17,120,54" hai3="92,78,8,83,24,129,127,116,101,69,118,90,53"/><W60/><G129/><N who="0" m="49771" /><D107/><U98/><E122/><V42/><F68/><W121/><G101/><T134/><D79/><U102/><E45/><V34/><F120/><W58/><G121/><T56/><D13/><U52/><E52/><V40/><F108/><W84/><G24/><T50/><D110/><U6/><E28/><V77/><F77/><W67/><G8/><T12/><D12/><U123/><E29/><V103/><F17/><W32/><G32/><T73/><D73/><U35/><E35/><V64/><F64/><W7/><G7/><T105/><D105/><U93/><E82/><V132/><F54/><W100/><G100/><T51/><D134/><U126/><E72/><V59/><F59/><W133/><G133/><T135/><D135/><U71/><E71/><V57/><F57/><W131/><G131/><T33/><D33/><U55/><E55/><V124/><F132/><W106/><G106/><T20/><D20/><U89/><E123/><V44/><F34/><W104/><G104/><T0/><D0/><U114/><E126/><V99/><F124/><W23/><G127/><T46/><D65/><U86/><E86/><V76/><F76/><W119/><G23/><T112/><D112/><U27/><E115/><V11/><F1/><AGARI ba="0,0" hai="1,6,9,18,21,27,89,93,95,97,98,102,113,114" machi="1" ten="30,2000,0" yaku="7,1,52,1" doraHai="2" who="1" fromWho="2" sc="176,0,346,20,243,-20,235,0" owari="176,-32.4,366,46.6,223,-17.7,235,3.5" /></mjloggm>