<mjloggm ver="2.3"><GO type="225" lobby="0"/><UN n0="%E9%BB%99%E8%81%B4%E3%81%AE%E3%81%99%E3%82%9D%E3%82%81" n1="%E3%83%B4%E3%83%A0%EF%BC%99%E3%81%A6" n2="%E3%83%A9%E3%82%A4%E3%83%B3%E3%81%AE%E8%99%8E" n3="%E8%BE%9B%E5%8F%A3%E3%82%AB%E3%83%AC%E3%83%BC%E3%83%A9%E3%82%A4%E3%82%B9" dan="16,16,16,17" rate="2095.79,2125.21,2107.97,2222.55" sx="M,M,M,M"/><TAIKYOKU oya="0"/><INIT seed="0,0,0,2,4,106" ten="250,250,250,250" oya="0" hai0="62,35,19,1,84,54,52,91,86,79,85,126,120" hai1="18,132,20,26,87,21,131,96,107,99,122,112,6" hai2="47,12,124,17,71,30,43,34,110,100,31,59,115" hai3="61,22,82,81,113,48,46,60,32,103,0,42,4"/><T119/><D119/><U5/><E122/><V65/><F115/><W135/><G32/><T109/><D120/><U50/><E112/><V27/><F110/><W64/><G113/><T97/><D1/><U68/><E68/><V37/><F124/><W16/><G135/><T93/><D35/><U89/><E131/><V73/><F71/><W92/><G0/><T11/><D126/><U14/><E132/><V105/><F31/><W23/><G4/><T123/><D123/><U56/><E107/><V130/><F130/><W2/><G2/><T88/><D79/><U33/><E33/><V117/><F117/><W108/><G108/><T104/><D104/><U74/><E74/><V55/><F65/><W44/><G44/><T101/><D109/><U125/><E125/><V8/><F105/><W80/><G64/><T3/><D3/><U66/><E5/><V58/><F100/><W77/><G23/><T78/><D78/><U102/><E102/><V15/><F73/><W29/><G29/><T51/><D62/><N who="1" m="38215" /><E50/><V128/><F128/><W36/><G36/><T83/><D101/><U53/><E53/><N who="0" m="20585" /><D51/><U45/><E45/><V41/><F41/><W98/><REACH who="3" step="1"/><G77/><REACH who="3" ten="250,250,250,240" step="2"/><T75/><D75/><U7/><E7/><V9/><F55/><W49/><G49/><T111/><D111/><U95/><E6/><AGARI ba="0,1" hai="6,8,9,12,15,17,27,30,34,37,43,47,58,59" machi="6" ten="30,1000,0" yaku="7,1" doraHai="106" who="2" fromWho="1" sc="250,0,250,-10,250,20,240,0" /><INIT seed="1,0,0,3,3,27" ten="250,240,270,240" oya="1" hai0="71,97,62,96,87,122,128,2,99,31,103,115,59" hai1="134,119,131,132,39,98,102,126,35,64,55,46,26" hai2="80,34,33,124,3,75,94,7,118,76,125,127,42" hai3="70,69,5,83,15,74,93,25,57,113,32,61,29"/><U101/><E119/><V95/><F118/><W117/><G113/><T106/><D115/><U20/><E35/><N who="2" m="13323" /><F42/><W108/><G108/><T8/><D71/><U112/><E112/><V52/><F52/><W88/><G117/><T129/><D122/><U51/><E126/><V77/><F77/><W66/><G5/><N who="0" m="1079" /><D87/><U104/><E131/><N who="0" m="50249" /><D31/><U43/><E64/><AGARI ba="0,0" hai="59,62,64,96,97,99,103,106" m="50249,1079" machi="64" ten="30,1000,0" yaku="19,1" doraHai="27" who="0" fromWho="1" sc="250,10,240,-10,270,0,240,0" /><INIT seed="2,0,0,2,1,59" ten="260,230,270,240" oya="2" hai0="112,1,64,45,125,62,57,6,121,71,38,111,109" hai1="135,70,10,50,118,76,78,17,133,65,107,60,123" hai2="51,7,39,53,99,5,11,73,131,108,110,35,101" hai3="32,37,85,41,80,126,105,8,116,20,52,129,2"/><V66/><F39/><W23/><G32/><T58/><D6/><U43/><E118/><V48/><F35/><W87/><G116/><T26/><D26/><U33/><E33/><V97/><F73/><W93/><G105/><T3/><D3/><U24/><E107/><V104/><F131/><W54/><G126/><T88/><D1/><U36/><E36/><V28/><F28/><W96/><G129/><T25/><D25/><U103/><E103/><V98/><F66/><W46/><G2/><T113/><D88/><U31/><E123/><V89/><F51/><W69/><G69/><T67/><D121/><U18/><E31/><V13/><F5/><W86/><G8/><T132/><D132/><N who="1" m="50763" /><E24/><V128/><F128/><W100/><REACH who="3" step="1"/><G80/><REACH who="3" ten="260,230,270,230" step="2"/><T9/><D9/><U91/><E10/><V90/><F104/><W115/><G115/><N who="0" m="44107" /><D125/><U61/><E70/><V15/><F101/><W0/><G0/><T14/><D14/><U47/><E91/><V16/><F15/><W63/><G63/><N who="1" m="24138" /><E65/><V12/><F12/><W134/><G134/><T4/><D67/><U34/><E34/><V77/><F7/><W81/><G81/><T21/><D4/><U102/><E102/><V122/><F122/><W117/><G117/><T92/><D21/><AGARI ba="0,1" hai="20,21,23,37,41,46,52,54,85,86,87,93,96,100" machi="21" ten="40,2600,0" yaku="1,1,54,1,53,0" doraHai="59" doraHaiUra="114" who="3" fromWho="0" sc="260,-26,230,0,270,0,230,36" /><INIT seed="3,0,0,2,3,0" ten="234,230,270,266" oya="3" hai0="108,67,24,53,123,106,115,1,16,18,29,5,32" hai1="65,79,88,71,129,78,81,14,105,13,76,74,19" hai2="4,9,99,89,55,117,11,118,100,77,48,109,49" hai3="104,21,27,112,10,110,125,80,95,92,60,45,42"/><W101/><G112/><T51/><D123/><U91/><E105/><V64/><F109/><W58/><G125/><T52/><D106/><U73/><E129/><V34/><F34/><W36/><G110/><T25/><D115/><U31/><E31/><V22/><F64/><W23/><G80/><T40/><D67/><U28/><E28/><V69/><F69/><W135/><G135/><T7/><D108/><U121/><E121/><V84/><F77/><W83/><G83/><T107/><D107/><U131/><E131/><V30/><F49/><W116/><G116/><T50/><D29/><U93/><E81/><V119/><F11/><W44/><G44/><T3/><D40/><U63/><E91/><V62/><F62/><W56/><G56/><T87/><D87/><U127/><E127/><V46/><F22/><W70/><G70/><T114/><D114/><U94/><E94/><V8/><F30/><W20/><G27/><T2/><D2/><U17/><E13/><V37/><F37/><W90/><G90/><T26/><D26/><U120/><E120/><V103/><F99/><W35/><G35/><AGARI ba="0,0" hai="1,3,5,7,16,18,24,25,32,35,50,51,52,53" machi="35" ten="25,12000,2" yaku="22,2,52,2,54,2" doraHai="0" who="0" fromWho="3" sc="234,120,230,0,270,0,266,-120" owari="354,45.4,230,-17.0,270,7.0,146,-35.4" /></mjloggm>