<mjloggm ver="2.3"><GO type="225" lobby="0"/><UN n0="%E5%A4%96%E5%B7%9D%E7%AB%9C%E6%88%90" n1="%E6%A1%9C%E8%8A%B1%E9%96%83%E3%80%85" n2="%E9%80%86%E9%80%A3%E5%B8%AF%E3%81%AE%E9%AC%BC" n3="%E6%97%A5%E6%9B%9C%E6%97%A5%E3%82%88%E3%82%8A%E3%81%AE%E4%BD%BF%E8%80%85" dan="16,17,16,18" rate="2243.39,2143.90,2103.73,2153.33" sx="M,M,M,M"/><TAIKYOKU oya="0"/><INIT seed="0,0,0,0,1,31" ten="250,250,250,250" oya="0" hai0="43,9,58,42,21,41,52,106,119,30,130,93,134" hai1="4,99,18,45,87,113,59,125,132,100,38,70,110" hai2="89,116,122,7,19,24,85,8,61,55,86,112,35" hai3="34,121,32,36,29,2,88,11,57,84,91,133,20"/><T92/><D119/><U131/><E70/><V115/><F122/><W47/><G57/><T123/><D123/><U56/><E110/><V129/><F129/><W17/><G121/><T25/><D106/><U75/><E75/><V60/><F116/><W124/><G124/><T76/><D130/><U135/><E131/><V83/><F86/><W105/><G105/><T96/><D134/><U71/><E71/><V14/><F7/><W13/><G133/><T72/><D9/><U107/><E125/><V108/><F108/><W95/><G91/><T46/><D46/><U22/><E4/><V90/><F90/><W10/><G2/><T118/><D118/><U64/><E59/><V5/><F5/><W62/><G62/><T48/><REACH who="0" step="1"/><D96/><REACH who="0" ten="240,250,250,250" step="2"/><U120/><E45/><V128/><F128/><W54/><G10/><T68/><D68/><U69/><E69/><V39/><F115/><W79/><G11/><T104/><D104/><U103/><E113/><V117/><F112/><W44/><G44/><T101/><D101/><U26/><E103/><V73/><F117/><W15/><G47/><T102/><D102/><U23/><E120/><V53/><F39/><W109/><G36/><T27/><D27/><N who="1" m="14807" /><E38/><V0/><F0/><W65/><G109/><T6/><D6/><U77/><E135/><V49/><F24/><W82/><G15/><T74/><D74/><U1/><E132/><V111/><F14/><W37/><G37/><T127/><D127/><U51/><E1/><V16/><F73/><W50/><G13/><T81/><AGARI ba="0,1" hai="21,25,30,41,42,43,48,52,58,72,76,81,92,93" machi="81" ten="30,6000,0" yaku="1,1,0,1,54,1,53,0" doraHai="31" doraHaiUra="80" who="0" fromWho="0" sc="240,70,250,-20,250,-20,250,-20" /><INIT seed="0,1,0,0,1,118" ten="310,230,230,230" oya="0" hai0="21,50,116,93,55,56,131,98,121,30,96,102,77" hai1="120,8,37,64,2,99,78,106,81,69,80,9,42" hai2="123,94,39,10,52,119,16,100,111,49,103,57,114" hai3="86,58,61,60,47,1,112,6,5,134,128,14,54"/><T84/><D121/><U92/><E106/><V46/><F114/><W113/><G1/><T26/><D131/><U71/><E81/><V67/><F111/><W76/><G128/><T62/><D116/><U79/><E79/><V17/><F119/><W25/><G134/><T75/><D75/><U43/><E120/><V20/><F123/><W91/><G76/><T122/><D122/><U95/><E95/><V63/><F39/><W87/><G25/><T36/><D36/><U0/><E9/><V132/><F132/><W108/><G108/><T105/><D77/><U82/><E82/><V68/><F68/><W83/><G47/><T73/><D73/><U97/><E97/><V89/><F10/><W35/><G35/><T109/><D109/><U129/><E64/><V19/><REACH who="2" step="1"/><F20/><REACH who="2" ten="310,230,220,230" step="2"/><W135/><G135/><T7/><D105/><U117/><E8/><V29/><F29/><W85/><G113/><T18/><D30/><U22/><E22/><V11/><F11/><W70/><G112/><T133/><D133/><U27/><E37/><V51/><F51/><W48/><G70/><T38/><D38/><U28/><E71/><V59/><F59/><W41/><G5/><T66/><D7/><U45/><E69/><V13/><F13/><W127/><G6/><T90/><D102/><U4/><E4/><V23/><F23/><W12/><G48/><T53/><D50/><U104/><E117/><V124/><F124/><W115/><G127/><T15/><D15/><U125/><E125/><V65/><F65/><W44/><G12/><T33/><D33/><U34/><E34/><RYUUKYOKU ba="1,1" sc="310,15,230,-15,220,15,230,-15" hai0="18,21,26,53,55,56,62,66,84,90,93,96,98" hai2="16,17,19,46,49,52,57,63,67,89,94,100,103" /><INIT seed="0,2,1,3,1,70" ten="325,215,235,215" oya="0" hai0="66,60,41,71,68,104,86,67,117,35,123,120,54" hai1="50,102,109,114,61,98,5,23,74,121,0,112,43" hai2="80,6,69,16,101,62,20,17,51,42,85,100,129" hai3="28,84,45,108,75,33,10,132,37,88,2,72,49"/><T87/><D104/><U9/><E121/><N who="0" m="46665" /><D35/><U83/><E109/><V124/><F129/><W96/><G108/><T11/><D11/><U122/><E122/><V130/><F130/><W78/><G132/><T46/><D87/><U110/><E110/><V8/><F124/><W27/><G96/><T106/><D86/><U21/><E61/><V63/><F101/><W18/><G78/><T81/><D81/><U73/><E50/><V55/><F100/><W97/><G97/><T131/><D106/><U125/><E43/><V7/><F42/><W44/><G37/><N who="0" m="21807" /><D131/><U79/><E125/><V119/><F6/><W111/><G111/><T135/><D135/><U127/><E74/><V26/><F17/><W47/><G49/><T89/><D89/><U92/><REACH who="1" step="1"/><E127/><REACH who="1" ten="325,205,235,215" step="2"/><V65/><F51/><W56/><G75/><T1/><D60/><U94/><E94/><V32/><F63/><W105/><G72/><T93/><D93/><U58/><E58/><V64/><F62/><W53/><G105/><T128/><D128/><U13/><E13/><V52/><F65/><W118/><G56/><T19/><D67/><U59/><E59/><V4/><F64/><W76/><G2/><T57/><D1/><U14/><E14/><V30/><F69/><W36/><G45/><T133/><D66/><U48/><E48/><V15/><F55/><W22/><G53/><T115/><D133/><U99/><E99/><V38/><F52/><W77/><G47/><T3/><D54/><U113/><AGARI ba="2,2" hai="0,5,9,21,23,73,79,83,92,98,102,112,113,114" machi="113" ten="30,4000,0" yaku="1,1,0,1,11,1,53,0" doraHai="70" doraHaiUra="24" who="1" fromWho="1" sc="325,-22,205,66,235,-12,215,-12" /><INIT seed="1,0,0,1,1,134" ten="303,271,223,203" oya="1" hai0="86,125,10,14,71,114,34,74,123,49,15,0,130" hai1="116,124,87,120,32,7,76,117,93,84,5,98,100" hai2="33,102,83,21,11,51,54,44,56,57,96,85,48" hai3="88,65,113,60,112,127,42,6,131,28,53,64,110"/><U77/><E32/><V18/><F33/><W50/><G28/><T27/><D71/><U103/><E120/><V128/><F128/><W132/><G6/><T63/><D74/><U40/><E40/><V52/><F11/><W30/><G30/><N who="0" m="19807" /><D49/><U59/><E59/><V1/><F1/><W4/><G4/><N who="0" m="1287" /><D86/><U104/><E93/><V118/><F118/><W122/><G88/><T66/><D14/><U97/><E104/><V126/><F126/><AGARI ba="0,0" hai="5,7,76,77,84,87,97,98,100,103,116,117,124,126" machi="126" ten="25,9600,0" yaku="22,2,52,2" doraHai="134" who="1" fromWho="2" sc="303,0,271,96,223,-96,203,0" /><INIT seed="1,1,0,4,0,104" ten="303,367,127,203" oya="1" hai0="0,46,56,114,94,55,59,66,61,35,72,71,122" hai1="18,113,57,100,105,103,80,69,120,54,70,81,15" hai2="128,65,90,1,3,11,49,32,133,73,37,44,34" hai3="9,33,20,13,129,38,4,19,50,10,93,118,24"/><U5/><E113/><V6/><F133/><W22/><G38/><T45/><D0/><U87/><E120/><V17/><F128/><W63/><G63/><T7/><D7/><U74/><E5/><V84/><F1/><N who="3" m="143" /><G50/><T26/><D94/><U25/><E25/><V88/><F37/><W64/><G93/><T132/><D72/><U130/><E130/><V8/><F73/><W14/><G64/><T115/><D26/><U134/><E134/><V96/><F65/><W27/><G129/><T123/><D35/><U48/><E81/><V79/><F79/><W77/><G77/><T28/><D28/><U110/><E110/><V124/><F124/><W39/><G39/><T92/><D92/><U12/><E12/><N who="3" m="4714" /><G118/><T23/><D23/><N who="3" m="8745" /><G33/><T67/><D132/><U102/><E105/><V52/><F96/><W43/><G43/><T16/><D71/><U53/><E53/><V121/><F121/><W51/><G51/><T36/><D36/><U95/><E74/><V41/><F41/><W83/><G83/><T112/><D55/><U2/><E95/><V85/><F85/><W42/><G42/><T86/><D86/><U125/><E70/><V126/><F126/><W109/><G109/><T131/><D131/><U97/><E69/><V101/><F101/><W107/><G107/><T108/><D108/><U60/><E125/><V116/><F116/><W119/><G119/><T62/><D115/><U47/><E97/><V29/><F90/><W78/><G78/><T111/><D111/><U91/><E100/><V30/><F34/><W31/><G31/><T68/><D68/><RYUUKYOKU ba="1,0" sc="303,15,367,-15,127,-15,203,15" hai0="16,45,46,56,59,61,62,66,67,112,114,122,123" hai3="10,19,24,27" /><INIT seed="2,2,0,0,1,17" ten="318,352,112,218" oya="2" hai0="123,27,32,47,72,37,21,52,103,10,96,127,29" hai1="2,19,13,126,100,55,84,16,64,42,57,60,118" hai2="94,4,114,93,130,105,28,117,35,92,98,56,11" hai3="14,83,111,85,122,68,95,74,133,102,30,135,109"/><V40/><F117/><W15/><G68/><T110/><D123/><U119/><E2/><V82/><F114/><W44/><G30/><T63/><D72/><U54/><E126/><V89/><F130/><W22/><G44/><T34/><D127/><U77/><E42/><V69/><F69/><W8/><G122/><T1/><D110/><N who="3" m="41993" /><G74/><T106/><D37/><U7/><E100/><V125/><F125/><W39/><G39/><T80/><D80/><N who="1" m="47119" /><E119/><V87/><F40/><W5/><G95/><T51/><REACH who="0" step="1"/><D63/><REACH who="0" ten="308,352,112,218" step="2"/><U25/><E118/><V124/><F124/><W113/><G113/><T121/><D121/><U120/><E120/><V18/><F105/><W31/><G83/><T128/><D128/><U132/><E132/><V65/><F98/><W38/><G38/><T108/><D108/><U75/><E75/><V134/><F134/><W78/><G135/><T129/><D129/><U3/><E3/><V71/><F82/><W49/><G133/><T46/><D46/><U67/><E67/><V99/><F65/><W6/><G49/><T59/><D59/><U58/><E58/><V43/><F56/><W62/><G62/><T53/><D53/><N who="1" m="19979" /><E25/><V24/><F99/><W50/><G50/><T116/><D116/><U73/><E73/><V97/><F43/><W131/><G131/><T66/><D66/><U33/><E64/><V9/><F97/><W0/><G85/><T36/><D36/><U26/><E60/><V20/><F71/><W112/><G112/><T104/><D104/><U107/><E107/><V76/><F94/><W70/><G70/><T48/><D48/><RYUUKYOKU ba="2,1" sc="308,30,352,-10,112,-10,218,-10" hai0="1,10,21,27,29,32,34,47,51,52,96,103,106" /><INIT seed="3,3,1,2,0,48" ten="338,342,102,208" oya="3" hai0="119,116,13,0,106,88,29,65,103,23,126,87,112" hai1="43,96,35,121,115,104,9,134,123,117,130,17,51" hai2="76,7,69,100,128,99,79,10,133,81,39,113,78" hai3="77,94,16,5,86,37,60,68,131,6,2,46,55"/><W129/><G2/><T108/><D0/><U82/><E115/><V61/><F113/><W19/><G68/><T27/><D112/><U101/><E35/><V132/><F39/><W107/><G107/><T58/><D108/><U31/><E31/><V67/><F128/><N who="3" m="49227" /><G37/><T50/><D126/><U49/><E130/><V42/><F42/><W26/><G26/><T20/><D103/><U40/><E51/><V1/><F78/><W33/><G33/><T12/><D106/><U97/><E97/><V124/><F124/><W93/><G77/><T105/><D105/><U85/><E134/><V54/><F79/><W53/><G46/><T70/><D70/><U38/><E38/><V22/><F22/><W74/><G60/><N who="0" m="38039" /><D119/><U18/><E117/><V4/><F4/><N who="3" m="1643" /><G74/><T47/><D23/><U66/><E104/><V21/><F21/><W80/><G94/><N who="0" m="54559" /><D116/><U90/><E121/><V32/><F32/><W11/><G80/><T57/><D57/><U89/><E123/><V95/><F133/><W71/><G71/><T75/><D75/><U3/><E3/><V45/><F132/><W30/><G30/><T120/><D120/><U110/><E82/><V34/><F34/><W111/><G111/><T118/><D118/><U41/><E110/><V102/><F102/><W64/><G64/><T52/><AGARI ba="3,1" hai="12,13,20,27,29,47,50,52" m="54559,38039" machi="52" ten="30,7900,0" yaku="8,1,52,1,54,2" doraHai="48" who="0" fromWho="0" sc="338,98,342,-23,102,-23,208,-42" owari="436,53.6,319,11.9,79,-42.1,166,-23.4" /></mjloggm>