<mjloggm ver="2.3"><GO type="225" lobby="0"/><UN n0="%E6%98%93%E5%88%A9%E8%96%A9%E4%BC%AF" n1="%E3%82%B2%E3%82%B9%E8%8C%82%E5%8B%9D" n2="%E3%81%8B%E3%82%8F%E3%81%A1%E3%82%83%E3%82%93%35%38" n3="%E7%99%BD%E5%92%B2%E8%8A%B1%E3%81%A1%E3%82%83%E3%82%93" dan="16,16,16,16" rate="2049.14,2071.61,2151.02,2096.30" sx="F,F,M,F"/><TAIKYOKU oya="0"/><INIT seed="0,0,0,3,3,72" ten="250,250,250,250" oya="0" hai0="88,49,87,86,4,48,79,111,9,106,66,59,20" hai1="101,127,67,64,132,71,122,129,133,118,108,5,60" hai2="43,90,23,40,82,53,128,123,94,81,51,63,38" hai3="26,62,125,15,45,36,75,76,74,102,8,100,14"/><T54/><D106/><U7/><E118/><V18/><F128/><W16/><G125/><T116/><D116/><U96/><E122/><V110/><F110/><W130/><G130/><T47/><D111/><U17/><E129/><V34/><F34/><W119/><G119/><T57/><D20/><U19/><E108/><V55/><F38/><W27/><G74/><T33/><D33/><U126/><E64/><V80/><F63/><W105/><G62/><T107/><D107/><N who="1" m="63911" /><E7/><V31/><F31/><W28/><G15/><T84/><D66/><U124/><E5/><V77/><F77/><W6/><G6/><T120/><D120/><U91/><E91/><V10/><F10/><W115/><G115/><T44/><D88/><U114/><E114/><V29/><F29/><W46/><G102/><T109/><D79/><U13/><E13/><N who="2" m="9679" /><F123/><W56/><G100/><T21/><D21/><U65/><E65/><V70/><F70/><W73/><G14/><N who="0" m="5415" /><D109/><U113/><E113/><V0/><F0/><W25/><G25/><T98/><D98/><U68/><E68/><V2/><F2/><W50/><G27/><T85/><N who="0" m="21504" /><DORA hai="92" /><T3/><D3/><U1/><E1/><V12/><F12/><W41/><G26/><T103/><D103/><U52/><E19/><V93/><F90/><W89/><G89/><T24/><D24/><U22/><E17/><V69/><F69/><W30/><G16/><T83/><D83/><N who="2" m="21250" /><V39/><DORA hai="78" /><F94/><W99/><G105/><T112/><D112/><U121/><E121/><V42/><F93/><W32/><G76/><T37/><D37/><RYUUKYOKU ba="0,0" sc="250,30,250,-10,250,-10,250,-10" hai0="44,47,48,49,54,57,59" /><INIT seed="0,1,0,0,2,4" ten="280,240,240,240" oya="0" hai0="84,77,68,80,76,124,131,37,38,60,100,87,118" hai1="95,94,91,106,11,0,46,129,32,65,59,51,41" hai2="104,133,97,135,114,24,103,111,102,6,110,25,83" hai3="109,13,28,99,56,123,93,63,10,128,119,39,132"/><T47/><D118/><U69/><E129/><V115/><F6/><W82/><G119/><T5/><D131/><U134/><E134/><N who="2" m="51211" /><F24/><W35/><G132/><T130/><D130/><U43/><E32/><V73/><F25/><W71/><G128/><T40/><D124/><U125/><E125/><V2/><F103/><W75/><G39/><T55/><D100/><U1/><E106/><V31/><F31/><W90/><G35/><T74/><D38/><U67/><E69/><V36/><F2/><W26/><G109/><N who="2" m="41481" /><F36/><W48/><G28/><T18/><D77/><AGARI ba="1,0" hai="73,77,83,97,102,104,114,115" m="41481,51211" machi="77" ten="30,8000,1" yaku="20,1,14,1,23,1,34,2" doraHai="4" who="2" fromWho="0" sc="280,-83,240,0,240,83,240,0" /><INIT seed="1,0,0,4,2,123" ten="197,240,323,240" oya="1" hai0="133,53,39,62,74,119,13,100,42,132,45,34,134" hai1="127,113,105,77,121,40,78,91,129,66,93,49,83" hai2="2,107,6,131,71,108,48,14,80,36,99,60,51" hai3="22,130,76,41,4,5,84,15,124,122,37,87,81"/><U67/><E105/><V56/><F14/><W17/><G122/><T30/><D74/><U97/><E121/><V24/><F24/><W46/><G124/><T44/><D100/><U12/><E127/><V68/><F80/><W98/><G130/><T101/><D119/><U111/><E129/><V35/><F6/><W120/><G120/><T112/><D112/><U16/><E113/><V55/><F99/><W32/><G32/><T89/><D101/><U52/><E40/><V54/><F2/><W59/><G98/><T135/><N who="0" m="33792" /><DORA hai="9" /><T72/><D72/><U25/><E25/><V106/><F35/><W29/><G29/><T1/><D1/><U94/><E94/><V88/><F88/><W38/><G38/><T18/><D89/><U102/><E102/><V90/><F90/><W57/><REACH who="3" step="1"/><G87/><REACH who="3" ten="197,240,323,230" step="2"/><T33/><D30/><U64/><E83/><V19/><F131/><W47/><G47/><T50/><REACH who="0" step="1"/><D62/><REACH who="0" ten="187,240,323,230" step="2"/><U85/><E97/><V95/><F60/><W116/><G116/><T8/><AGARI ba="0,2" hai="8,13,18,33,34,39,42,44,45,50,53" m="33792" machi="8" ten="60,8000,1" yaku="1,1,2,1,0,1,20,1,52,1,53,0" doraHai="123,9" doraHaiUra="82,115" who="0" fromWho="0" sc="187,100,240,-40,323,-20,230,-20" /><INIT seed="2,0,0,0,1,108" ten="287,200,303,210" oya="2" hai0="19,122,103,114,80,93,83,106,28,53,134,39,97" hai1="124,86,68,101,47,105,118,25,49,51,94,121,4" hai2="71,69,36,74,119,111,13,55,66,44,84,37,126" hai3="112,3,120,125,2,23,9,46,60,52,113,78,27"/><V38/><F84/><W76/><G120/><T73/><D39/><U18/><E121/><V42/><F13/><W87/><G125/><T85/><D28/><U89/><E124/><V50/><F74/><W77/><G87/><T6/><D6/><U26/><E68/><N who="2" m="26187" /><F126/><W59/><G46/><T115/><D53/><U41/><E118/><V81/><F81/><N who="0" m="31306" /><D19/><U35/><E35/><V34/><F34/><W135/><G135/><T67/><D67/><U10/><E18/><V31/><F31/><N who="3" m="17919" /><G9/><T45/><D45/><U123/><E123/><V1/><F1/><W63/><G63/><T131/><D122/><U40/><E40/><V8/><F8/><W82/><G82/><T22/><D22/><U130/><E130/><V16/><F16/><W61/><G61/><T133/><D73/><U62/><E62/><V57/><F119/><W33/><G33/><T58/><D131/><U88/><E51/><N who="2" m="30975" /><F111/><W109/><G109/><T17/><D17/><U70/><E70/><V12/><F12/><W110/><G110/><T129/><D129/><U98/><REACH who="1" step="1"/><E89/><REACH who="1" ten="287,190,303,210" step="2"/><V117/><F117/><W107/><G107/><T24/><D106/><U102/><E102/><V29/><F29/><W99/><G99/><T75/><D97/><U64/><E64/><AGARI ba="0,1" hai="36,37,38,42,44,50,64,66" m="30975,26187" machi="64" ten="40,12000,1" yaku="35,5" doraHai="108" who="2" fromWho="1" sc="287,0,190,-120,303,130,210,0" /><INIT seed="2,1,0,4,2,98" ten="287,70,433,210" oya="2" hai0="63,93,62,28,69,105,130,91,30,65,1,108,74" hai1="88,112,15,94,84,32,17,33,44,81,87,82,113" hai2="118,40,107,106,37,72,99,43,126,129,71,132,41" hai3="86,89,135,18,96,20,54,64,97,27,35,47,23"/><V68/><F72/><W111/><G111/><T119/><D1/><U73/><E73/><V25/><F25/><W8/><G35/><T9/><D74/><U79/><E44/><V21/><F21/><W110/><G110/><T125/><D108/><U127/><E127/><V116/><F99/><W61/><G135/><T5/><D105/><U70/><E70/><V124/><F37/><W12/><G47/><T117/><D63/><U34/><REACH who="1" step="1"/><E81/><REACH who="1" ten="287,60,433,210" step="2"/><V75/><F75/><W52/><G97/><T31/><D125/><U13/><E13/><V78/><F41/><W114/><G96/><T59/><D69/><U45/><E45/><V76/><F132/><W100/><G114/><T0/><D130/><AGARI ba="1,1" hai="40,43,68,71,76,78,106,107,116,118,124,126,129,130" machi="130" ten="25,2400,0" yaku="22,2" doraHai="98" who="2" fromWho="0" sc="287,-27,60,0,433,37,210,0" /><INIT seed="2,2,0,4,1,108" ten="260,60,470,210" oya="2" hai0="6,34,40,86,109,41,115,101,114,44,70,39,110" hai1="130,112,24,80,4,64,22,71,52,11,77,123,26" hai2="106,60,132,95,45,125,38,21,20,74,134,119,78" hai3="66,68,3,1,13,88,82,46,99,29,102,104,131"/><V65/><F106/><W12/><G131/><T94/><D6/><U89/><E123/><V16/><F78/><W53/><G29/><T25/><D86/><U47/><E130/><V93/><F74/><W17/><G68/><T121/><D121/><U69/><E89/><V92/><F119/><W28/><G66/><T135/><D135/><U73/><E26/><V85/><F85/><W103/><G103/><T56/><D94/><U113/><E64/><V107/><F107/><W79/><G28/><N who="0" m="19727" /><D56/><U67/><E67/><V32/><F32/><W100/><G100/><T2/><D2/><U15/><E69/><V61/><F93/><W72/><G13/><T23/><D23/><U59/><E47/><V122/><F122/><W62/><G88/><T31/><D31/><U90/><E90/><V63/><F21/><W50/><G62/><T42/><D70/><U0/><E0/><V87/><F95/><W8/><AGARI ba="2,0" hai="1,3,8,12,17,46,50,53,72,79,82,99,102,104" machi="8" ten="20,1500,0" yaku="0,1,7,1" doraHai="108" who="3" fromWho="3" sc="260,-6,60,-6,470,-9,210,21" /><INIT seed="3,0,0,4,5,75" ten="254,54,461,231" oya="3" hai0="92,8,21,30,22,51,28,116,126,49,13,40,64" hai1="118,135,3,27,77,134,9,86,15,18,25,74,103" hai2="7,31,72,113,37,76,120,94,36,81,109,39,29" hai3="59,17,12,41,45,105,54,96,131,125,1,53,34"/><W35/><G131/><T38/><D116/><U11/><E74/><V24/><F7/><W88/><G125/><T102/><D38/><U91/><E103/><V115/><F29/><N who="0" m="11370" /><D64/><U44/><E44/><V5/><F5/><W68/><G68/><T90/><D102/><U83/><E118/><V14/><F14/><W130/><G1/><T32/><D32/><U0/><E91/><V42/><F94/><N who="3" m="56391" /><G105/><T112/><D40/><U132/><E86/><V110/><F120/><W63/><G35/><T107/><D112/><N who="2" m="43082" /><F42/><W106/><G34/><AGARI ba="0,0" hai="24,31,34,36,37,39,72,76,81,109,110" m="43082" machi="34" ten="40,2600,0" yaku="23,1,52,1" doraHai="75" who="2" fromWho="3" sc="254,0,54,0,461,26,231,-26" owari="254,5.4,54,-44.6,487,58.7,205,-19.5" /></mjloggm>