<mjloggm ver="2.3"><GO type="225" lobby="0"/><UN n0="%4E%55%44%41" n1="%E4%B8%AD%E5%B9%B4%E3%81%AE%E5%8D%B1%E6%A9%9F" n2="%4D%6F%6E%61%6E%61" n3="%E3%81%BE%E3%81%A8%E3%81%9F" dan="17,17,16,16" rate="2164.05,2218.24,2038.72,2141.12" sx="M,M,F,M"/><TAIKYOKU oya="0"/><INIT seed="0,0,0,5,2,106" ten="250,250,250,250" oya="0" hai0="134,64,112,51,102,63,17,8,40,37,14,88,66" hai1="43,45,83,131,27,84,120,4,77,93,115,31,44" hai2="23,56,101,28,50,96,21,95,62,129,55,82,35" hai3="121,78,133,125,15,49,24,73,19,85,22,89,12"/><T130/><D112/><U132/><E120/><V32/><F129/><W18/><G18/><T29/><D130/><U126/><E131/><V123/><F123/><W94/><G94/><T75/><BYE who="3" /><D134/><U117/><E132/><V34/><F28/><W65/><G65/><T36/><D75/><U11/><E115/><V97/><F82/><W114/><G114/><T57/><D102/><U13/><E117/><V80/><F80/><W10/><G10/><T111/><D111/><U33/><E126/><V76/><F76/><W71/><G71/><T128/><D128/><U103/><REACH who="1" step="1"/><E43/><REACH who="1" ten="250,240,250,250" step="2"/><V116/><F116/><W113/><G113/><T59/><D40/><U104/><E104/><V124/><F124/><W69/><G69/><T39/><D29/><U98/><AGARI ba="0,1" hai="4,11,13,27,31,33,44,45,77,83,84,93,98,103" machi="98" ten="30,2000,0" yaku="1,1,0,1,53,0" doraHai="106" doraHaiUra="47" who="1" fromWho="1" sc="250,-10,240,30,250,-5,250,-5" /><INIT seed="1,0,0,3,0,118" ten="240,270,245,245" oya="1" hai0="74,81,113,29,103,77,128,10,116,76,75,123,23" hai1="120,18,53,21,55,80,78,108,115,93,36,97,101" hai2="127,109,66,112,129,72,68,57,20,95,27,28,38" hai3="110,12,84,52,44,0,119,5,24,133,32,82,17"/><U94/><E115/><V83/><F38/><W104/><G104/><T71/><D113/><U22/><E36/><V62/><F112/><W4/><G4/><T102/><D116/><U90/><E108/><V117/><F109/><W132/><G132/><T92/><D71/><U86/><E120/><V3/><F117/><W98/><G98/><T134/><D134/><U61/><E61/><UN n3="%E3%81%BE%E3%81%A8%E3%81%9F" /><V64/><F127/><W124/><G119/><T41/><D128/><U73/><REACH who="1" step="1"/><E22/><REACH who="1" ten="240,260,245,245" step="2"/><V130/><F129/><W49/><G110/><T26/><D123/><U1/><E1/><V7/><F130/><W122/><G122/><T9/><D23/><U33/><E33/><V37/><F37/><W59/><G133/><T99/><D10/><U56/><E56/><V46/><F3/><W89/><G124/><T8/><D9/><U121/><E121/><V91/><F57/><W131/><G131/><T39/><D8/><U15/><AGARI ba="0,1" hai="15,18,21,53,55,73,78,80,86,90,93,94,97,101" machi="15" ten="20,7800,0" yaku="1,1,0,1,7,1,53,1" doraHai="118" doraHaiUra="14" who="1" fromWho="1" sc="240,-26,260,88,245,-26,245,-26" /><INIT seed="1,1,0,4,0,3" ten="214,348,219,219" oya="1" hai0="107,122,42,99,113,79,70,31,117,56,81,39,100" hai1="63,44,115,68,5,27,94,60,30,108,109,13,74" hai2="90,134,37,21,32,105,97,102,101,78,116,25,111" hai3="26,104,103,0,80,73,133,120,106,45,46,71,1"/><U126/><E74/><V93/><F116/><W124/><G71/><T85/><D117/><U50/><E115/><V12/><F37/><W131/><G120/><T8/><D113/><U69/><E94/><V16/><F111/><N who="1" m="42569" /><E126/><V55/><F134/><W114/><G26/><T35/><D70/><U41/><E68/><V18/><F78/><W87/><G80/><T14/><D122/><U129/><E69/><V82/><F82/><W9/><G87/><T91/><D56/><U34/><E129/><V49/><F105/><W2/><G103/><T20/><D35/><U84/><E84/><V121/><F121/><W61/><G73/><T83/><D39/><U17/><E5/><V10/><REACH who="2" step="1"/><F32/><REACH who="2" ten="214,348,209,219" step="2"/><W57/><G114/><T19/><D81/><U48/><E48/><V36/><F36/><W135/><G133/><T88/><D79/><U52/><E41/><V62/><F62/><W125/><G135/><T75/><D42/><U127/><E127/><V58/><AGARI ba="1,1" hai="10,12,16,18,21,25,49,55,58,90,93,97,101,102" machi="58" ten="20,12000,2" yaku="1,1,0,1,7,1,8,1,54,1,53,2" doraHai="3" doraHaiUra="98" who="2" fromWho="2" sc="214,-31,348,-61,209,133,219,-31" /><INIT seed="2,0,0,5,0,92" ten="183,287,342,188" oya="2" hai0="75,1,116,117,39,50,134,78,55,59,121,3,110" hai1="19,108,63,83,76,67,95,41,61,48,80,106,45" hai2="60,93,54,57,16,7,46,49,79,58,123,22,115" hai3="125,104,56,10,127,24,25,20,6,5,13,74,14"/><V44/><F115/><W33/><G74/><T12/><D121/><U28/><E106/><V11/><F123/><W47/><G104/><T9/><D110/><U35/><E108/><V42/><F79/><W114/><G47/><T91/><D134/><U133/><E133/><V66/><F93/><W15/><G56/><T26/><D39/><U129/><E129/><V105/><F105/><W0/><G114/><T53/><D91/><U98/><E19/><V52/><F7/><N who="3" m="1383" /><G127/><T90/><D90/><U113/><E113/><V69/><F11/><W43/><G43/><T111/><D111/><U102/><E63/><V87/><F87/><W86/><G86/><T18/><D26/><N who="3" m="10345" /><G125/><T82/><REACH who="0" step="1"/><D53/><REACH who="0" ten="173,287,342,188" step="2"/><U130/><E130/><V21/><F54/><W120/><G120/><T77/><D77/><U109/><E109/><V99/><F52/><W96/><G96/><T17/><D17/><U34/><E28/><V31/><F99/><W8/><G33/><T68/><D68/><U124/><E124/><V135/><F69/><W62/><G62/><T81/><D81/><U128/><E128/><V122/><F60/><W70/><G70/><T37/><D37/><U65/><E80/><V118/><F122/><W88/><G88/><T36/><D36/><U132/><E132/><V72/><F135/><W100/><G100/><T103/><D103/><U64/><REACH who="1" step="1"/><E61/><REACH who="1" ten="173,277,342,188" step="2"/><V27/><F66/><W40/><G5/><T119/><AGARI ba="0,2" hai="1,3,9,12,18,50,55,59,75,78,82,116,117,119" machi="119" ten="30,7900,0" yaku="1,1,0,1,12,1,53,1" doraHai="92" doraHaiUra="107" who="0" fromWho="0" sc="173,99,277,-20,342,-39,188,-20" /><INIT seed="3,0,0,0,0,134" ten="272,257,303,168" oya="3" hai0="87,122,118,35,133,43,16,93,96,72,39,135,46" hai1="77,22,4,36,91,76,95,45,44,19,21,129,30" hai2="125,1,37,105,126,113,79,25,0,111,106,42,82" hai3="57,59,123,114,90,3,51,70,53,119,66,117,60"/><W131/><G3/><N who="2" m="1097" /><F25/><W54/><G114/><T26/><D122/><U6/><E129/><V29/><F29/><W120/><G90/><N who="0" m="53471" /><D72/><U101/><E36/><V75/><F111/><W7/><G7/><N who="1" m="2602" /><E101/><V85/><F85/><W108/><G131/><T73/><D73/><U61/><E61/><V89/><F89/><W50/><REACH who="3" step="1"/><G108/><REACH who="3" ten="272,257,303,158" step="2"/><T112/><D112/><U10/><E77/><V20/><F113/><W48/><G48/><T12/><D39/><U88/><E76/><V102/><F102/><W104/><G104/><N who="2" m="40041" /><F20/><W40/><G40/><T128/><D43/><U13/><E91/><V92/><F92/><W67/><G67/><T55/><D128/><U110/><E110/><V8/><F8/><W103/><G103/><T56/><D133/><U74/><E74/><V18/><F37/><W84/><G84/><T32/><D135/><U62/><E62/><V98/><F42/><W107/><G107/><T116/><D35/><U28/><E22/><V80/><F80/><W109/><G109/><T52/><D32/><U11/><E11/><V5/><F5/><W94/><G94/><T47/><D116/><AGARI ba="0,1" hai="50,51,53,54,57,59,60,66,70,116,117,119,120,123" machi="116" ten="40,12000,1" yaku="1,1,9,1,34,3,53,0" doraHai="134" doraHaiUra="27" who="3" fromWho="0" sc="272,-120,257,0,303,0,158,130" /><INIT seed="3,1,0,0,4,133" ten="152,257,303,288" oya="3" hai0="64,30,36,13,132,91,45,2,90,8,0,80,39" hai1="41,33,121,102,94,4,34,125,73,67,12,116,7" hai2="92,70,71,122,1,17,131,117,84,74,14,124,40" hai3="111,104,110,107,61,96,89,69,63,6,66,5,120"/><W119/><G119/><T118/><D118/><U43/><E116/><V93/><F117/><RYUUKYOKU type="kaze4" ba="1,0" sc="152,0,257,0,303,0,288,0" /><INIT seed="3,2,0,0,3,21" ten="152,257,303,288" oya="3" hai0="69,127,5,134,104,118,37,29,117,73,101,15,131" hai1="75,92,112,49,124,110,81,32,70,42,9,121,46" hai2="126,57,60,114,130,25,87,58,40,115,2,100,78" hai3="16,108,62,79,105,71,98,89,109,66,76,94,36"/><W132/><G132/><T119/><D134/><U93/><E112/><V18/><F2/><W7/><G36/><T129/><D127/><U61/><E121/><V48/><F126/><W31/><G31/><T64/><D73/><U47/><E124/><V82/><F130/><N who="0" m="49674" /><D37/><U54/><E110/><N who="3" m="42602" /><G7/><T72/><D72/><U28/><E9/><V6/><F114/><W85/><G16/><T26/><D5/><U33/><E33/><V74/><F115/><W95/><G105/><T102/><D15/><U51/><E75/><V80/><F6/><W107/><G107/><T99/><D102/><AGARI ba="2,0" hai="62,66,71,76,79,85,89,94,95,98,102" m="42602" machi="102" ten="30,2900,0" yaku="14,1,10,1" doraHai="21" who="3" fromWho="0" sc="152,-35,257,0,303,0,288,35" owari="117,-38.3,257,-14.3,303,10.3,323,42.3" /></mjloggm>