<mjloggm ver="2.3"><GO type="225" lobby="0"/><UN n0="%E3%81%B5%E3%81%98%E3%81%8B%E3%81%A4" n1="%6D%75%75%73%61%6E%6D%75" n2="%E6%B4%BE%E9%81%A3%E3%81%AE%E3%82%B8%E3%83%A3%E3%83%83%E3%82%AF" n3="%77%72%77%72%77%72%77%72" dan="16,16,17,17" rate="2184.03,2099.13,2191.33,2187.24" sx="M,F,M,M"/><TAIKYOKU oya="0"/><INIT seed="0,0,0,4,3,0" ten="250,250,250,250" oya="0" hai0="1,20,61,75,4,107,82,70,3,10,35,78,110" hai1="26,42,25,128,7,38,11,90,60,52,76,30,66" hai2="131,86,44,98,31,6,27,51,79,105,14,133,9" hai3="72,71,15,68,113,120,81,69,124,94,43,104,100"/><T22/><D107/><U67/><E128/><V47/><F133/><W16/><G113/><T54/><D35/><U39/><E76/><V62/><F131/><W91/><G124/><T41/><D1/><U119/><E119/><V53/><F62/><W50/><G120/><T77/><D77/><U117/><E117/><V19/><F105/><W125/><G125/><T63/><D110/><U111/><E111/><V116/><F116/><W135/><G135/><T127/><D127/><U65/><E90/><V132/><F132/><W129/><G129/><T118/><D118/><U114/><E26/><V73/><F73/><W83/><G72/><T28/><D28/><U126/><E126/><V46/><F98/><W59/><G100/><T106/><D106/><U40/><E114/><V37/><F37/><W101/><G101/><T34/><D34/><U122/><E39/><V74/><F74/><W64/><G104/><T49/><D41/><U17/><E17/><V12/><F27/><W134/><G134/><T102/><D102/><U85/><E85/><V23/><F31/><W130/><G130/><T89/><D89/><U13/><E38/><V99/><F99/><N who="3" m="57823" /><G64/><N who="0" m="41231" /><D63/><U123/><E123/><V93/><REACH who="2" step="1"/><F93/><REACH who="2" ten="250,250,240,250" step="2"/><W2/><G68/><T29/><D29/><U115/><E122/><V84/><F84/><W56/><G69/><T33/><D33/><U45/><E60/><V32/><F32/><W109/><G71/><T88/><D75/><U5/><E30/><V80/><AGARI ba="0,1" hai="6,9,12,14,19,23,44,46,47,51,53,79,80,86" machi="80" ten="30,7900,0" yaku="1,1,0,1,8,1,52,1,53,0" doraHai="0" doraHaiUra="24" who="2" fromWho="2" sc="250,-39,250,-20,240,89,250,-20" /><INIT seed="1,0,0,2,2,28" ten="211,230,329,230" oya="1" hai0="38,57,109,21,95,103,6,70,131,134,49,89,44" hai1="91,64,113,53,130,14,18,111,37,1,52,54,42" hai2="16,34,124,3,48,66,108,83,114,29,63,112,58" hai3="4,105,62,2,82,11,73,133,118,107,68,86,115"/><U106/><E113/><N who="2" m="43627" /><F108/><W96/><G115/><T97/><D109/><U9/><E111/><V30/><F3/><W15/><G133/><T41/><D70/><U135/><E135/><V67/><F124/><W8/><G118/><T40/><D134/><U33/><E130/><V104/><F104/><W31/><G31/><T126/><D131/><U65/><E106/><V93/><F83/><W84/><G73/><T79/><D126/><U78/><E1/><V98/><F66/><W101/><G105/><T24/><D79/><U35/><E78/><V87/><F87/><W77/><G84/><T110/><D110/><U39/><E91/><V27/><F48/><W69/><REACH who="3" step="1"/><G62/><REACH who="3" ten="211,230,329,220" step="2"/><T10/><D38/><U74/><E74/><V128/><F30/><W72/><G72/><T122/><D122/><U45/><REACH who="1" step="1"/><E39/><REACH who="1" ten="211,220,329,220" step="2"/><V55/><F128/><W90/><G90/><T59/><D89/><U71/><E71/><V13/><F98/><W23/><G23/><T117/><D21/><U75/><E75/><V17/><F93/><W100/><G100/><T50/><D95/><U80/><E80/><V5/><F5/><AGARI ba="0,2" hai="2,4,5,8,11,15,68,69,77,82,86,96,101,107" machi="5" ten="30,7700,0" yaku="1,1,7,1,53,2" doraHai="28" doraHaiUra="7" who="3" fromWho="2" sc="211,0,220,0,329,-77,220,97" /><INIT seed="2,0,0,4,3,43" ten="211,220,252,317" oya="2" hai0="67,95,27,72,99,75,110,101,4,56,86,88,85" hai1="77,29,90,112,76,89,63,55,52,91,105,117,79" hai2="41,33,133,64,111,74,131,5,65,124,10,0,13" hai3="30,3,44,97,96,35,130,66,54,1,32,36,134"/><V126/><F74/><W68/><G130/><T42/><D110/><U25/><E112/><V115/><F115/><W129/><G129/><T113/><D113/><U82/><E117/><V123/><F123/><W59/><G134/><T7/><D42/><U49/><E105/><V70/><F33/><W78/><G78/><T119/><D85/><U132/><E132/><V39/><F133/><W11/><G30/><T107/><D119/><U28/><E82/><V18/><F131/><W108/><G108/><T62/><D75/><U22/><E29/><V8/><F111/><W98/><G32/><T125/><D125/><N who="2" m="48234" /><F70/><W58/><G58/><T14/><D14/><U87/><E87/><V57/><F57/><W116/><G11/><T9/><D9/><U50/><E63/><V93/><F93/><W102/><G102/><T73/><D73/><U12/><E12/><V51/><F39/><W80/><G80/><T71/><D27/><U6/><E6/><V84/><F84/><W118/><G35/><T26/><D26/><U53/><AGARI ba="0,0" hai="22,25,28,49,50,52,53,55,76,77,79,89,90,91" machi="53" ten="40,8000,1" yaku="0,1,29,2,8,1,54,1" doraHai="43" who="1" fromWho="1" sc="211,-20,220,80,252,-40,317,-20" /><INIT seed="3,0,0,4,1,6" ten="191,300,212,297" oya="3" hai0="91,125,81,62,115,46,75,61,58,100,80,1,69" hai1="101,70,14,76,47,21,55,29,73,88,134,122,2" hai2="119,110,40,108,17,105,37,124,118,27,112,102,26" hai3="38,116,90,85,94,67,123,7,32,60,3,104,33"/><W13/><G116/><N who="2" m="44585" /><F105/><W74/><G123/><T65/><D115/><U22/><E2/><V77/><F102/><W10/><G104/><T12/><D1/><U59/><E70/><V126/><F77/><W103/><G38/><T131/><D131/><U50/><E134/><V43/><F112/><W127/><G74/><T96/><D125/><N who="2" m="48234" /><F37/><W31/><G103/><T97/><D46/><U4/><E47/><V36/><F36/><W84/><G84/><T0/><D0/><U19/><E101/><V15/><F40/><W79/><G79/><T48/><D48/><U92/><E76/><V42/><F42/><W111/><G127/><T83/><D75/><U68/><E122/><V113/><F43/><W52/><G52/><T57/><D12/><U109/><E14/><V86/><F86/><W23/><G111/><N who="2" m="42537" /><F113/><W24/><G13/><T72/><D72/><U98/><E73/><V39/><F39/><W45/><G45/><T95/><REACH who="0" step="1"/><D61/><REACH who="0" ten="181,300,212,297" step="2"/><U25/><E50/><V11/><AGARI ba="0,1" hai="11,15,17,26,27" m="42537,48234,44585" machi="11" ten="40,8000,1" yaku="18,1,14,1,34,2,52,1" doraHai="6" who="2" fromWho="2" sc="181,-20,300,-20,212,90,297,-40" owari="161,-33.9,280,8.0,302,40.2,257,-14.3" /></mjloggm>