<mjloggm ver="2.3"><GO type="225" lobby="0"/><UN n0="%70%68%65%6E%6F%6D%65" n1="%E3%81%86%E3%81%A9%E3%82%93%E3%81%93" n2="%E3%81%95%E3%81%8D%E3%81%9F%E3%81%BE%E6%9E%97%E6%AA%8E" n3="%33%74%72%65%65" dan="17,17,16,17" rate="2205.69,2147.63,2139.13,2227.77" sx="M,M,M,F"/><TAIKYOKU oya="0"/><INIT seed="0,0,0,5,1,56" ten="250,250,250,250" oya="0" hai0="10,134,7,33,16,57,112,86,6,23,75,131,51" hai1="104,59,127,135,45,129,128,13,103,73,17,132,85" hai2="19,65,43,70,4,53,74,0,61,20,91,41,38" hai3="84,40,119,12,26,54,120,102,63,117,122,49,69"/><T15/><D112/><U79/><E45/><V124/><F74/><W78/><G102/><T130/><D75/><U121/><E59/><V42/><F124/><W55/><G26/><T106/><D106/><U50/><E50/><V29/><F29/><W114/><G12/><T107/><D107/><U83/><E17/><V95/><F0/><W30/><G30/><T48/><D134/><N who="1" m="51243" /><E13/><V31/><F31/><W22/><G22/><T125/><D125/><U34/><E34/><V116/><F116/><N who="3" m="44619" /><G84/><T111/><D111/><U28/><E28/><V11/><F11/><W92/><G92/><T98/><D98/><N who="1" m="61559" /><E127/><V108/><F108/><W87/><G40/><T24/><D7/><U113/><E113/><V72/><F43/><W35/><G35/><T8/><D33/><U82/><E121/><N who="3" m="46698" /><G114/><T109/><D109/><U36/><E36/><V9/><F42/><W39/><G39/><T76/><D10/><U105/><E105/><V37/><F41/><W71/><G71/><T67/><D24/><U88/><AGARI ba="0,0" hai="73,79,82,83,85,88,128,129" m="61559,51243" machi="88" ten="30,7900,0" yaku="20,1,34,2,54,1" doraHai="56" who="1" fromWho="1" sc="250,-39,250,79,250,-20,250,-20" /><INIT seed="1,0,0,3,3,66" ten="211,329,230,230" oya="1" hai0="53,84,113,29,103,89,19,16,28,0,43,94,87" hai1="99,15,111,83,17,45,122,97,132,60,118,109,7" hai2="61,12,123,59,48,86,127,82,67,63,64,72,3" hai3="129,51,50,4,23,20,68,5,102,47,93,85,32"/><U38/><E118/><V9/><F127/><W115/><G115/><T125/><D113/><U33/><E122/><V62/><F123/><W57/><G32/><T101/><D0/><U55/><E33/><V133/><F133/><W49/><G68/><T114/><D114/><U126/><E126/><V88/><F72/><W135/><G135/><T74/><D125/><U11/><E132/><V21/><F3/><W30/><G129/><T98/><D74/><U27/><E83/><V90/><F21/><N who="3" m="8267" /><G30/><N who="0" m="11883" /><D43/><U46/><E38/><V96/><F96/><N who="1" m="36937" /><E55/><N who="2" m="32231" /><F90/><N who="3" m="53455" /><G102/><N who="0" m="38923" /><D53/><U2/><E27/><V81/><F81/><W56/><G47/><T124/><D124/><U76/><E76/><V39/><F39/><W120/><G120/><T22/><D19/><AGARI ba="0,0" hai="9,12,19,61,62,63,64,67,82,86,88" m="32231" machi="19" ten="30,2000,0" yaku="8,1,54,1" doraHai="66" who="2" fromWho="0" sc="211,-20,329,0,230,20,230,0" /><INIT seed="2,0,0,5,1,135" ten="191,329,250,230" oya="2" hai0="6,102,101,64,117,69,10,129,82,34,51,107,113" hai1="46,23,3,62,11,111,29,67,8,56,76,126,99" hai2="115,48,104,84,41,92,55,27,134,98,79,24,42" hai3="14,120,33,0,130,112,49,89,103,105,66,87,58"/><V96/><F115/><W18/><G120/><T2/><D113/><U44/><E111/><V45/><F104/><W15/><G130/><T30/><D129/><U13/><E76/><V54/><F134/><W28/><G0/><T91/><D117/><U65/><E3/><V17/><F79/><W26/><G112/><T123/><D123/><U108/><E108/><V109/><F109/><W122/><G122/><T93/><D82/><U78/><E78/><V47/><F84/><W132/><G132/><T9/><D9/><N who="1" m="3659" /><E126/><V74/><F74/><W25/><G103/><T110/><D110/><U50/><E67/><V1/><F1/><W71/><G71/><T7/><D7/><U77/><E77/><V70/><F70/><W68/><G68/><T43/><D107/><U31/><E99/><V133/><F133/><W63/><G105/><T90/><D64/><U20/><E46/><V114/><F114/><W97/><G97/><T4/><D4/><U127/><E127/><V32/><F32/><W124/><G124/><T59/><D69/><U94/><E94/><V116/><F116/><W106/><G106/><T131/><D131/><U5/><E5/><V12/><F92/><W35/><G35/><T119/><D119/><U95/><E95/><V80/><F80/><N who="3" m="49383" /><G49/><T73/><D73/><U125/><E125/><V22/><F98/><W37/><G37/><T16/><D91/><U60/><E60/><V85/><F96/><W100/><G100/><T40/><D101/><U81/><E81/><V72/><F72/><W38/><G38/><T128/><D102/><U36/><E36/><RYUUKYOKU ba="0,0" sc="191,-10,329,-10,250,-10,230,30" hai3="14,15,18,25,26,28,33,58,63,66" /><INIT seed="3,1,0,4,0,15" ten="181,319,240,260" oya="3" hai0="66,24,89,135,80,134,63,126,77,59,81,79,2" hai1="67,60,130,128,0,110,73,105,58,23,38,29,97" hai2="3,31,98,84,36,43,18,61,52,22,131,82,64" hai3="19,5,48,96,113,14,85,25,109,42,114,101,47"/><W132/><G132/><T74/><D126/><U99/><E110/><V129/><F3/><W103/><G109/><T34/><D89/><U44/><E73/><V65/><F31/><W9/><G85/><T92/><D92/><U127/><E127/><V21/><F98/><W121/><G121/><T125/><D125/><U94/><E105/><V4/><F4/><W56/><G56/><T26/><D2/><U41/><E0/><V51/><F43/><W20/><REACH who="3" step="1"/><G103/><REACH who="3" ten="181,319,240,250" step="2"/><T119/><D119/><U30/><E99/><V62/><F84/><W13/><G13/><T55/><D66/><U37/><E128/><V83/><F65/><W7/><G7/><T39/><D39/><U72/><E130/><V106/><F36/><W78/><G78/><T54/><D59/><U50/><E72/><V112/><F64/><W123/><G123/><T46/><D74/><U40/><E38/><V53/><F129/><W70/><G70/><T100/><D100/><N who="1" m="60471" /><E37/><V124/><F131/><W68/><G68/><T116/><D116/><U95/><E95/><AGARI ba="1,1" hai="5,9,14,19,20,25,42,47,48,95,96,101,113,114" machi="95" ten="30,5800,0" yaku="1,1,7,1,52,1,53,0" doraHai="15" doraHaiUra="33" who="3" fromWho="1" sc="181,0,319,-61,240,0,250,71" owari="181,-31.9,258,5.8,240,-16.0,321,42.1" /></mjloggm>