<mjloggm ver="2.3"><GO type="225" lobby="0"/><UN n0="%E4%B8%89%E5%86%A0%E7%8E%8B%E3%83%BB%E5%B1%B1%E7%94%B0%E5%93%B2%E4%BA%BA" n1="%E3%81%82%E3%83%BC%E3%81%97" n2="%E9%80%86%E9%80%A3%E5%B8%AF%E3%81%AE%E9%AC%BC" n3="%45%6C%79%73%69%75%6D" dan="16,16,16,18" rate="2099.20,2094.70,2164.01,2172.29" sx="M,M,M,F"/><TAIKYOKU oya="0"/><INIT seed="0,0,0,2,5,85" ten="250,250,250,250" oya="0" hai0="10,88,59,116,37,56,63,86,48,92,22,80,114" hai1="74,129,1,93,8,112,40,113,68,124,24,134,64" hai2="5,76,126,70,18,50,34,118,90,7,31,60,54" hai3="105,42,121,41,100,19,96,132,104,127,73,3,15"/><T62/><D37/><U99/><E74/><V66/><F126/><W27/><G73/><T35/><D35/><U77/><E77/><V83/><F118/><W72/><G72/><T29/><D114/><U36/><E124/><V20/><F34/><W131/><G3/><T39/><D39/><U61/><E134/><V49/><F31/><W69/><G69/><T6/><D116/><U94/><E129/><V95/><F83/><W25/><G104/><T55/><D29/><U23/><E1/><V103/><F103/><W79/><G79/><T67/><D22/><U81/><E81/><V128/><F76/><W115/><G42/><T106/><D106/><U107/><E8/><V82/><F82/><W65/><G41/><T111/><D111/><U17/><E107/><V26/><F128/><W13/><G65/><T102/><D48/><U57/><E68/><V33/><F33/><W58/><G105/><T91/><D102/><U123/><E123/><V0/><F50/><W4/><G100/><T30/><D30/><U87/><E87/><V2/><F2/><W97/><G115/><N who="1" m="44106" /><E99/><V28/><F28/><W109/><G127/><T32/><D32/><U53/><E64/><V84/><REACH who="2" step="1"/><F0/><REACH who="2" ten="250,250,240,250" step="2"/><W43/><G131/><T133/><D133/><U71/><E71/><V89/><F89/><W120/><G132/><T11/><REACH who="0" step="1"/><D6/><REACH who="0" ten="240,250,240,250" step="2"/><U119/><E119/><V44/><AGARI ba="0,2" hai="5,7,18,20,26,44,49,54,60,66,70,84,90,95" machi="44" ten="20,5200,0" yaku="1,1,0,1,7,1,52,1,53,0" doraHai="85" doraHaiUra="110" who="2" fromWho="2" sc="240,-26,250,-13,240,72,250,-13" /><INIT seed="1,0,0,2,1,116" ten="214,237,312,237" oya="1" hai0="49,107,67,59,133,78,63,117,4,99,110,54,5" hai1="41,73,6,50,100,91,3,128,80,126,124,55,20" hai2="40,15,48,14,25,2,95,84,130,108,30,27,89" hai3="42,111,56,132,18,62,72,92,69,135,10,38,31"/><U19/><E41/><V36/><F130/><W129/><G69/><T119/><D110/><U86/><E73/><V68/><F2/><W33/><G72/><T88/><D133/><U125/><E128/><V34/><F108/><W112/><G111/><T58/><D78/><U77/><E100/><V43/><F68/><W82/><G112/><T22/><D107/><U64/><E64/><V121/><F121/><W57/><G82/><T7/><REACH who="0" step="1"/><D22/><REACH who="0" ten="204,237,312,237" step="2"/><U65/><E77/><V79/><F79/><W118/><G132/><T44/><D44/><U94/><E65/><V61/><F34/><W127/><G33/><T52/><D52/><U35/><E35/><V98/><F43/><W96/><G42/><T81/><D81/><U0/><E80/><V29/><F40/><W28/><G135/><T115/><D115/><U74/><E74/><V53/><F53/><W93/><G129/><T8/><D8/><U1/><E6/><V85/><F36/><W66/><G38/><T16/><D16/><U120/><E120/><V106/><F106/><W60/><G93/><AGARI ba="0,1" hai="4,5,7,49,54,58,59,63,67,88,93,99,117,119" machi="93" ten="40,2600,0" yaku="1,1,54,1,53,0" doraHai="116" doraHaiUra="9" who="0" fromWho="3" sc="204,36,237,0,312,0,237,-26" /><INIT seed="2,0,0,2,4,74" ten="240,237,312,211" oya="2" hai0="95,89,29,124,125,115,59,0,97,91,129,45,117" hai1="38,93,16,65,82,76,73,108,114,104,28,90,119" hai2="62,88,106,121,92,107,72,17,37,68,80,98,94" hai3="31,35,86,111,33,52,78,36,81,103,19,3,48"/><V12/><F37/><W131/><G36/><T130/><D0/><U128/><E114/><V122/><F94/><W53/><G3/><T51/><D115/><U41/><E119/><V71/><F107/><W39/><G39/><T135/><D117/><U63/><E104/><V87/><F72/><W13/><G111/><T25/><D59/><U32/><E108/><V55/><F106/><W26/><G131/><N who="0" m="50187" /><D89/><U132/><E132/><V113/><F113/><W105/><G33/><N who="0" m="20655" /><D135/><U118/><E118/><V133/><F133/><W30/><G30/><T49/><D49/><U15/><E128/><V64/><F71/><W10/><REACH who="3" step="1"/><G48/><REACH who="3" ten="240,237,312,201" step="2"/><T69/><D69/><U50/><E50/><V58/><F68/><W44/><G44/><T20/><D20/><U1/><E1/><V46/><F46/><W60/><G60/><T61/><D61/><U40/><E38/><V134/><F134/><W101/><G101/><T67/><D67/><U75/><E63/><V57/><F64/><W96/><AGARI ba="0,1" hai="10,13,19,26,31,35,52,53,78,81,86,96,103,105" machi="96" ten="30,7900,0" yaku="1,1,0,1,52,1,54,1,53,0" doraHai="74" doraHaiUra="42" who="3" fromWho="3" sc="240,-20,237,-20,312,-39,201,89" /><INIT seed="3,0,0,5,4,73" ten="220,217,273,290" oya="3" hai0="54,121,129,118,1,115,92,40,102,64,38,25,109" hai1="14,77,80,108,43,2,117,131,47,37,101,60,87" hai2="53,39,103,20,35,113,90,11,48,34,10,29,135" hai3="107,106,105,46,17,93,123,66,7,81,58,95,27"/><W130/><G123/><T28/><D118/><U124/><E2/><V33/><F39/><W36/><G130/><T50/><D1/><U41/><E131/><V116/><F135/><W114/><G114/><T126/><D129/><U94/><E108/><V0/><F113/><W97/><G7/><T4/><D4/><U59/><E124/><V44/><F116/><W55/><G66/><T96/><D115/><U22/><E117/><V42/><F103/><W68/><G68/><T69/><D121/><U84/><E43/><V127/><F127/><W128/><G81/><T70/><D126/><U13/><E22/><V8/><F90/><N who="3" m="55479" /><G95/><T111/><D40/><U18/><E18/><V91/><F91/><W61/><G46/><N who="0" m="27991" /><D38/><U86/><E101/><V72/><F72/><W5/><G36/><T9/><D9/><U100/><E100/><V15/><F0/><W88/><G5/><T65/><D70/><U31/><E31/><V23/><F29/><W82/><G128/><T51/><D69/><U75/><REACH who="1" step="1"/><E94/><REACH who="1" ten="220,207,273,290" step="2"/><V89/><F42/><W99/><G17/><T122/><D122/><U21/><E21/><V19/><F23/><W45/><G106/><T24/><D28/><U52/><AGARI ba="0,1" hai="13,14,37,41,47,52,59,60,75,77,80,84,86,87" machi="52" ten="30,8000,1" yaku="1,1,0,1,52,1,54,1,53,1" doraHai="73" doraHaiUra="74" who="1" fromWho="1" sc="220,-20,207,90,273,-20,290,-40" /><INIT seed="4,0,0,2,3,121" ten="200,297,253,250" oya="0" hai0="90,69,101,111,89,55,88,108,49,1,24,3,85" hai1="96,79,10,39,46,110,120,20,82,0,32,125,52" hai2="19,6,56,60,73,36,81,107,94,104,133,45,61" hai3="8,91,95,116,25,68,128,115,126,74,21,67,105"/><T117/><D117/><U112/><E120/><V34/><F133/><W29/><G105/><T54/><D69/><U18/><E110/><N who="0" m="42025" /><D101/><U31/><E125/><V131/><F34/><W97/><G126/><T124/><D124/><U78/><E96/><V16/><F6/><W63/><G116/><T12/><D85/><U14/><E112/><V99/><F107/><W80/><G115/><T119/><D119/><U135/><E135/><V86/><F73/><W130/><G74/><T30/><D12/><U114/><E82/><V26/><F81/><W47/><G80/><T23/><D55/><U113/><E79/><V70/><F70/><W76/><G76/><T72/><D72/><U123/><E78/><V5/><F86/><W109/><G109/><T58/><AGARI ba="0,0" hai="1,3,23,24,30,49,54,58,88,89,90" m="42025" machi="58" ten="30,12000,1" yaku="10,1,52,3,54,1" doraHai="121" who="0" fromWho="0" sc="200,120,297,-40,253,-40,250,-40" owari="320,42.0,257,5.7,213,-18.7,210,-29.0" /></mjloggm>