<mjloggm ver="2.3"><GO type="225" lobby="0"/><UN n0="%6D%75%75%6D%75%72%61" n1="%E6%A0%B9%E5%85%83%E3%81%8B%E3%82%89%E5%90%B9%E3%81%A3%E9%A3%9B%E3%81%B6" n2="%E6%B4%BE%E9%81%A3%E3%81%AE%E3%82%B8%E3%83%A3%E3%83%83%E3%82%AF" n3="%E3%81%BE%E3%81%A8%E3%81%9F" dan="17,17,16,16" rate="2168.93,2239.39,2188.63,2085.13" sx="F,F,M,M"/><TAIKYOKU oya="0"/><INIT seed="0,0,0,4,2,114" ten="250,250,250,250" oya="0" hai0="25,111,23,49,132,21,7,85,24,118,15,123,32" hai1="66,3,91,98,61,133,76,71,127,12,112,128,10" hai2="6,44,36,29,2,122,57,117,39,40,54,1,59" hai3="107,5,130,19,58,95,64,83,119,55,48,26,101"/><T62/><D123/><U51/><E127/><V102/><F122/><W77/><G130/><T131/><D131/><U74/><E133/><V88/><F102/><W53/><G107/><T90/><D132/><U41/><E112/><V43/><F29/><W47/><G5/><T116/><D32/><U73/><E3/><V105/><F105/><W86/><G119/><T30/><D111/><U92/><E76/><V60/><F6/><W28/><G19/><T33/><D33/><U121/><E121/><V50/><F117/><W113/><G64/><T80/><D49/><U108/><E108/><V38/><F88/><W27/><G113/><T93/><D62/><U20/><E20/><V72/><F72/><W99/><REACH who="3" step="1"/><G28/><REACH who="3" ten="250,250,250,240" step="2"/><T4/><D4/><U31/><E31/><V65/><F1/><W13/><G13/><T16/><REACH who="0" step="1"/><D93/><REACH who="0" ten="240,250,250,240" step="2"/><U96/><E128/><V129/><F129/><W67/><G67/><T81/><D81/><U110/><E110/><V109/><F109/><W68/><G68/><T82/><D82/><U87/><E71/><N who="2" m="42407" /><F2/><W0/><G0/><T34/><D34/><U106/><E106/><V100/><F100/><W42/><G42/><AGARI ba="0,2" hai="36,38,39,40,42,43,44,50,54,57,59" m="42407" machi="42" ten="30,8000,1" yaku="35,5" doraHai="114" who="2" fromWho="3" sc="240,0,250,0,250,100,240,-80" /><INIT seed="1,0,0,3,4,57" ten="240,250,350,160" oya="1" hai0="29,27,23,31,128,73,9,82,8,111,85,102,117" hai1="121,42,97,50,123,19,66,112,113,53,126,94,89" hai2="1,6,99,104,14,93,56,74,52,119,63,90,105" hai3="129,45,72,21,22,127,13,71,35,78,34,7,81"/><U16/><E126/><V108/><F74/><W100/><G127/><T67/><D117/><U110/><E66/><V80/><F119/><W32/><G129/><T48/><D128/><U37/><E37/><V12/><F108/><W70/><G100/><T65/><D111/><U76/><E42/><V62/><F80/><W15/><G7/><T30/><D73/><U120/><E110/><V131/><F131/><W47/><G72/><T26/><D102/><U17/><REACH who="1" step="1"/><E76/><REACH who="1" ten="240,240,350,160" step="2"/><V88/><F104/><W28/><G78/><T36/><D65/><U77/><E77/><V98/><F105/><W134/><G134/><T92/><D36/><U58/><AGARI ba="0,1" hai="16,17,19,50,53,58,89,94,97,112,113,120,121,123" machi="58" ten="40,12000,1" yaku="1,1,0,1,54,1,53,1" doraHai="57" doraHaiUra="84" who="1" fromWho="1" sc="240,-40,240,130,350,-40,160,-40" /><INIT seed="1,1,0,3,4,63" ten="200,370,310,120" oya="1" hai0="49,61,135,86,50,95,51,96,107,41,124,83,120" hai1="38,88,4,84,62,46,28,55,18,106,91,10,60" hai2="34,110,93,33,31,67,76,39,37,57,45,53,87" hai3="98,1,36,126,101,7,118,125,77,97,29,47,121"/><U8/><E106/><V5/><F5/><W119/><G29/><T113/><D113/><U70/><E28/><V130/><F110/><W32/><G32/><T0/><D107/><U20/><E38/><V14/><F130/><W23/><G23/><T58/><D0/><U52/><E70/><V3/><F14/><W131/><G121/><T109/><D109/><U59/><E46/><V44/><F3/><W30/><G30/><T72/><D72/><U111/><E4/><V15/><F15/><W99/><G131/><T40/><D124/><N who="3" m="47721" /><G119/><T94/><D135/><U43/><E43/><N who="0" m="16457" /><D96/><N who="3" m="36969" /><G47/><T64/><D120/><U127/><E111/><V133/><F133/><W128/><G7/><T16/><D16/><U78/><E127/><V90/><F31/><W27/><G27/><T71/><D71/><U24/><E10/><V129/><F129/><W74/><G36/><T42/><N who="0" m="16465" /><T19/><DORA hai="9" /><D19/><U69/><E69/><V85/><F37/><W102/><G1/><T21/><D21/><U123/><E8/><V92/><F39/><W115/><G128/><T25/><D25/><U81/><E123/><V75/><F33/><W132/><G132/><T68/><D68/><U114/><E114/><V79/><F34/><W103/><G115/><T13/><D13/><U134/><E134/><V108/><F108/><W89/><G118/><T73/><D73/><U117/><E117/><V66/><F75/><W35/><G35/><T6/><D6/><U112/><E112/><V17/><F17/><W22/><G74/><T48/><N who="0" m="12288" /><DORA hai="12" /><T26/><D26/><U104/><E104/><RYUUKYOKU ba="1,0" sc="200,15,370,15,310,-15,120,-15" hai0="58,61,64,83,86,94,95" hai1="18,20,24,52,55,59,60,62,78,81,84,88,91" /><INIT seed="1,2,0,2,5,54" ten="215,385,295,105" oya="1" hai0="130,82,100,105,0,38,5,127,135,25,19,29,87" hai1="10,89,6,90,51,110,107,79,34,22,46,26,60" hai2="36,67,62,86,114,92,77,20,64,118,128,115,4" hai3="91,33,11,24,44,7,2,111,3,81,121,126,47"/><U15/><E107/><V125/><F118/><W73/><G121/><T106/><D38/><U117/><E117/><V124/><F36/><W23/><G111/><T94/><D127/><N who="2" m="48714" /><F128/><W131/><G126/><T76/><D130/><U70/><E110/><V66/><F4/><W102/><G102/><T78/><D135/><U35/><E79/><V72/><F20/><W63/><G33/><T58/><D78/><U27/><E70/><V45/><F45/><W32/><G32/><T104/><D19/><U123/><E60/><V84/><F62/><W43/><G2/><T16/><D16/><U88/><E123/><V71/><F71/><W59/><G131/><T28/><D58/><U85/><E27/><V93/><F72/><W1/><G1/><T80/><D80/><U120/><E120/><V14/><F14/><W21/><G21/><T119/><D119/><U57/><E57/><V95/><F77/><W37/><G47/><T68/><D68/><U48/><E48/><V133/><F133/><W69/><G69/><T116/><D116/><U65/><E65/><V30/><F30/><W55/><G73/><T132/><D132/><U61/><E61/><V18/><F18/><W8/><G8/><T53/><D25/><U75/><E75/><V83/><F83/><W113/><G81/><T129/><D129/><U96/><E35/><V99/><F99/><W52/><G23/><T101/><D0/><U98/><E34/><V31/><F31/><N who="0" m="11850" /><D5/><U50/><E6/><V40/><F40/><N who="3" m="22543" /><G24/><T17/><D17/><N who="1" m="8439" /><E26/><V103/><F103/><N who="0" m="39498" /><D53/><N who="1" m="29911" /><E22/><V13/><F13/><W42/><G3/><RYUUKYOKU ba="2,0" sc="215,15,385,-15,295,15,105,-15" hai0="76,82,87,94,104,105,106" hai2="64,66,67,84,86,92,93,95,114,115" /><INIT seed="2,3,0,2,0,101" ten="230,370,310,90" oya="2" hai0="4,97,86,55,52,123,17,6,119,63,35,2,43" hai1="51,125,18,79,116,99,0,102,95,135,49,15,106" hai2="124,68,69,80,117,94,20,40,105,81,39,83,120" hai3="34,5,41,37,31,47,121,98,62,131,104,84,122"/><V3/><F120/><W44/><G131/><T1/><D123/><U54/><E116/><V111/><F117/><W25/><G84/><T76/><D119/><U66/><E135/><V74/><F3/><W112/><G112/><T26/><D43/><U11/><E125/><V73/><F124/><W133/><G133/><T38/><D38/><U65/><E79/><V48/><F48/><W19/><G19/><T7/><D97/><U12/><E0/><V14/><F94/><W9/><G47/><T58/><D55/><U24/><E24/><V103/><F111/><W126/><G62/><T56/><D56/><N who="1" m="32847" /><E106/><V91/><F91/><W23/><G23/><T27/><D27/><U109/><E109/><V57/><F57/><W92/><G126/><T16/><D35/><U115/><E115/><V89/><F89/><W114/><G114/><T33/><D2/><U88/><E102/><V85/><F85/><W67/><G67/><T132/><D1/><U13/><E51/><V129/><F129/><W46/><G46/><T29/><REACH who="0" step="1"/><D132/><REACH who="0" ten="220,370,310,90" step="2"/><U32/><E32/><V70/><F40/><W87/><G122/><T78/><D78/><U113/><E113/><V72/><F39/><W36/><G36/><T93/><D93/><U71/><E71/><V127/><F127/><W110/><G121/><T128/><D128/><U64/><AGARI ba="3,1" hai="11,12,13,15,18,64,65,66,88,95,99" m="32847" machi="64" ten="30,2000,0" yaku="8,1,54,1" doraHai="101" who="1" fromWho="1" sc="220,-8,370,39,310,-13,90,-8" /><INIT seed="3,0,0,3,0,102" ten="212,409,297,82" oya="3" hai0="120,67,81,122,83,70,66,54,82,57,23,46,3" hai1="68,10,84,28,110,74,113,56,12,105,45,5,75" hai2="112,106,25,6,80,71,37,30,53,125,111,50,108" hai3="24,59,22,130,35,126,69,44,31,96,55,72,41"/><W26/><G126/><T97/><D70/><U4/><E113/><V38/><F106/><W79/><G130/><T95/><D3/><U43/><E68/><V36/><F112/><W16/><G69/><T89/><D46/><U14/><E28/><V18/><F71/><W76/><G72/><T1/><D1/><U7/><E105/><V49/><F125/><W9/><G9/><T48/><REACH who="0" step="1"/><D23/><REACH who="0" ten="202,409,297,82" step="2"/><U61/><E45/><V121/><F121/><AGARI ba="0,1" hai="48,54,57,66,67,81,82,83,89,95,97,120,121,122" machi="121" ten="40,8000,1" yaku="1,1,2,1,53,3" doraHai="102" doraHaiUra="116" who="0" fromWho="2" sc="202,90,409,0,297,-80,82,0" owari="292,9.2,409,50.9,217,-18.3,82,-41.8" /></mjloggm>