<mjloggm ver="2.3"><GO type="225" lobby="0"/><UN n0="%E3%81%99%E3%81%84%E3%81%BE%E3%81%9B%E3%83%BC%E3%82%93" n1="%E5%A4%9C%E3%81%AE%E3%82%AC%E3%82%B9%E3%83%91%E3%83%BC%E3%83%AB" n2="%E6%98%93%E5%88%A9%E8%96%A9%E4%BC%AF" n3="%E3%80%93%E3%81%97%E3%83%BC%E3%82%89%E3%80%93" dan="18,17,16,16" rate="2235.82,2219.46,2116.11,2164.51" sx="M,M,F,M"/><TAIKYOKU oya="0"/><INIT seed="0,0,0,2,3,122" ten="250,250,250,250" oya="0" hai0="2,75,70,114,34,29,69,24,77,1,55,35,83" hai1="103,107,72,65,50,33,12,127,46,85,97,62,99" hai2="17,130,82,86,119,109,15,49,31,124,104,59,47" hai3="112,89,96,60,125,8,133,27,36,25,73,74,100"/><T108/><D114/><U4/><E72/><V80/><F130/><W63/><G36/><T98/><D55/><U9/><E127/><V22/><F124/><W120/><G125/><T7/><D7/><U14/><E99/><V68/><F68/><N who="0" m="26218" /><D98/><U41/><E33/><V21/><F104/><W52/><G112/><T88/><D88/><U42/><E85/><V30/><F59/><W81/><G120/><T67/><D67/><U6/><E42/><V28/><F82/><W87/><G133/><T91/><D91/><U135/><E135/><V18/><F119/><W121/><G121/><T61/><D61/><U132/><E132/><V66/><F66/><W32/><G74/><T43/><D43/><U126/><E126/><V3/><F3/><N who="0" m="1034" /><D34/><U101/><E101/><V94/><F94/><W116/><G73/><T53/><D53/><U95/><E95/><V105/><F105/><W0/><G116/><T20/><D20/><U110/><E62/><V92/><F92/><N who="3" m="58375" /><G32/><T58/><D58/><U16/><E65/><V106/><F106/><W38/><G63/><T54/><D54/><U79/><E6/><V128/><F22/><W57/><G38/><T45/><D45/><U78/><E4/><V44/><F21/><W76/><G89/><T134/><D134/><U118/><E118/><V11/><F47/><W102/><G102/><T84/><D84/><U51/><E51/><V13/><F44/><W93/><G93/><T56/><D56/><U26/><E46/><V40/><F49/><W131/><G131/><T113/><D113/><U111/><E50/><V37/><F128/><RYUUKYOKU ba="0,0" sc="250,15,250,-15,250,-15,250,15" hai0="24,29,35,75,77,83,108" hai3="0,8,25,27,52,57,60,76,81,87" /><INIT seed="0,1,0,2,3,71" ten="265,235,235,265" oya="0" hai0="105,52,50,125,134,60,66,26,39,40,122,85,74" hai1="43,5,129,77,51,116,33,48,131,94,79,75,124" hai2="130,110,30,102,78,9,21,19,13,121,0,120,107" hai3="119,61,45,99,35,76,101,49,132,135,104,18,81"/><T29/><D74/><U86/><E116/><V67/><F110/><W2/><G119/><T58/><D122/><U117/><E117/><V37/><F130/><W111/><G111/><T20/><D125/><U90/><E33/><V98/><F78/><W69/><G2/><T36/><D105/><U22/><E124/><V7/><F67/><W80/><G35/><T57/><D134/><U84/><E5/><V32/><REACH who="2" step="1"/><F37/><REACH who="2" ten="265,235,225,265" step="2"/><W56/><G76/><T93/><D40/><U123/><E43/><V68/><F68/><W46/><G69/><T72/><D72/><U27/><E75/><V65/><F65/><W59/><G132/><T70/><D70/><U41/><E123/><V10/><F10/><W31/><G135/><T15/><D39/><U44/><E79/><V106/><F106/><W3/><G104/><T95/><D36/><U91/><E77/><V28/><F28/><W87/><G31/><T11/><REACH who="0" step="1"/><D85/><REACH who="0" ten="255,235,225,265" step="2"/><U24/><E41/><V114/><F114/><W54/><G87/><T1/><D1/><U89/><E86/><V108/><F108/><W38/><G3/><T55/><D55/><U109/><E109/><V62/><F62/><W47/><G38/><T83/><D83/><U126/><E126/><V113/><F113/><W6/><G81/><T17/><AGARI ba="1,2" hai="11,15,17,20,26,29,50,52,57,58,60,66,93,95" machi="17" ten="20,12000,1" yaku="1,1,0,1,7,1,8,1,54,1,53,0" doraHai="71" doraHaiUra="73" who="0" fromWho="0" sc="255,143,235,-41,225,-41,265,-41" /><INIT seed="0,2,0,3,5,35" ten="398,194,184,224" oya="0" hai0="33,51,57,62,29,94,50,23,45,71,27,109,47" hai1="110,70,123,46,0,15,73,6,98,53,106,65,10" hai2="74,95,101,49,90,44,16,116,104,54,121,24,7" hai3="56,87,89,76,100,103,66,31,79,22,18,122,20"/><T133/><D133/><U21/><E123/><V3/><F121/><W114/><G114/><T64/><D109/><U126/><E73/><V28/><F74/><W127/><G127/><T75/><D75/><U102/><E126/><V81/><F116/><W93/><G122/><T58/><D33/><U11/><E110/><V32/><F81/><W72/><G72/><T125/><D125/><U37/><E21/><V96/><F16/><W55/><G66/><T130/><D130/><U132/><E132/><V131/><F131/><W63/><G31/><T91/><D47/><U112/><E112/><V128/><F128/><W48/><G22/><T9/><D50/><U124/><E124/><V34/><F34/><W38/><G63/><T8/><D58/><U105/><E65/><V119/><F119/><W115/><G38/><T92/><D71/><U82/><E82/><V61/><F61/><W1/><G1/><T117/><D94/><U135/><E135/><V129/><F129/><W120/><G115/><T84/><REACH who="0" step="1"/><D117/><REACH who="0" ten="388,194,184,224" step="2"/><U41/><E70/><V26/><F104/><W88/><G120/><T60/><D60/><U80/><E106/><V13/><F101/><W107/><G103/><T108/><D108/><U67/><E105/><V113/><F113/><W78/><G100/><T69/><D69/><U25/><E102/><V59/><F59/><W17/><G107/><T40/><AGARI ba="2,1" hai="8,9,23,27,29,40,45,51,57,62,64,84,91,92" machi="40" ten="20,7800,0" yaku="1,1,0,1,7,1,8,1,53,0" doraHai="35" doraHaiUra="134" who="0" fromWho="0" sc="388,94,194,-28,184,-28,224,-28" /><INIT seed="0,3,0,1,4,69" ten="482,166,156,196" oya="0" hai0="95,18,71,2,22,28,77,54,20,78,107,87,73" hai1="88,126,104,40,62,9,46,122,133,45,103,120,108" hai2="44,113,7,38,29,55,96,57,118,33,12,127,85" hai3="72,128,31,4,110,50,74,19,134,8,125,51,64"/><T43/><D107/><U81/><E108/><V76/><F113/><W112/><G112/><T30/><D2/><U130/><E126/><V90/><F127/><W91/><G125/><T66/><D66/><U56/><E130/><V17/><F7/><W11/><G110/><T67/><D67/><U117/><E117/><V48/><F118/><W1/><G128/><T59/><D71/><U47/><E133/><V84/><F76/><W109/><G64/><T100/><D43/><U132/><E132/><V86/><F96/><W26/><G134/><T36/><D36/><U65/><E103/><V5/><F5/><W111/><G111/><T99/><D73/><U89/><E104/><V105/><F105/><W92/><G74/><T106/><D106/><U10/><E40/><V34/><F29/><N who="0" m="11370" /><D87/><U101/><E101/><V58/><F90/><W97/><G72/><T94/><D94/><U39/><E39/><V6/><F6/><W83/><G83/><T121/><D121/><U79/><E79/><N who="0" m="30217" /><D18/><U13/><E81/><V42/><REACH who="2" step="1"/><F57/><REACH who="2" ten="482,166,146,196" step="2"/><W53/><G109/><T102/><D102/><U49/><E120/><V114/><F114/><W93/><G97/><T82/><D82/><U16/><E122/><V25/><F25/><W15/><G91/><T61/><AGARI ba="3,1" hai="20,22,54,59,61,95,99,100" m="30217,11370" machi="61" ten="30,1500,0" yaku="8,1" doraHai="69" who="0" fromWho="0" sc="482,34,166,-8,146,-8,196,-8" /><INIT seed="0,4,0,5,3,80" ten="516,158,138,188" oya="0" hai0="28,64,100,77,105,26,104,93,85,83,33,114,96" hai1="60,124,123,91,46,92,75,1,135,51,101,108,134" hai2="5,34,45,74,107,52,57,41,27,87,81,3,2" hai3="70,40,21,39,42,116,9,118,47,12,79,67,119"/><T94/><D114/><U13/><E123/><V11/><F107/><W110/><G110/><T0/><D0/><U8/><E1/><V54/><F74/><W117/><G117/><T127/><D127/><U56/><E75/><V113/><F113/><W97/><G79/><T35/><D35/><U10/><E101/><V49/><F3/><W125/><G125/><T120/><D120/><U4/><E10/><V7/><F7/><W58/><G42/><T32/><D32/><U69/><E69/><V43/><F27/><W82/><G82/><T131/><D131/><U63/><E124/><V109/><F34/><W72/><G72/><T14/><D14/><U37/><E37/><V129/><F109/><W44/><G44/><T23/><D33/><U71/><E71/><V90/><REACH who="2" step="1"/><F129/><REACH who="2" ten="516,158,128,188" step="2"/><W62/><G118/><T122/><D122/><U53/><E108/><V102/><F102/><W99/><G116/><T29/><D105/><U55/><REACH who="1" step="1"/><E63/><AGARI ba="4,1" hai="2,5,11,41,43,45,49,52,54,57,63,81,87,90" machi="63" ten="30,12000,2" yaku="1,1,7,1,52,1,54,1,53,2" doraHai="80" doraHaiUra="50" who="2" fromWho="1" sc="516,0,158,-132,128,142,188,0" /><INIT seed="1,0,0,4,2,16" ten="516,26,270,188" oya="1" hai0="24,44,45,64,105,53,51,129,103,110,81,91,108" hai1="106,0,78,42,57,96,9,95,56,109,121,102,3" hai2="75,79,76,12,6,50,124,100,29,26,120,7,23" hai3="133,67,123,19,130,74,25,77,59,15,114,131,46"/><U5/><E121/><V33/><F100/><W28/><G123/><T70/><D129/><U62/><E109/><V80/><F124/><W101/><G101/><T73/><D103/><U135/><E135/><V66/><F79/><W34/><G133/><T55/><D105/><U18/><E78/><V58/><F120/><W118/><G114/><T17/><D64/><U117/><E117/><V83/><F83/><W11/><G118/><T113/><D70/><U48/><E3/><V90/><F90/><W27/><G46/><T88/><D113/><U38/><E38/><V125/><F125/><W126/><G126/><T14/><D24/><U35/><E35/><V30/><F50/><W132/><G132/><T134/><D134/><U86/><E86/><V89/><F89/><W99/><G99/><T97/><D97/><U43/><E106/><V84/><F75/><W87/><G74/><T36/><D73/><U13/><E48/><V72/><F72/><W41/><G87/><T65/><D36/><U2/><E2/><V47/><F47/><W63/><G41/><T39/><D39/><U49/><E49/><V98/><F98/><W1/><G77/><T60/><D51/><U69/><E69/><V122/><F122/><W119/><G119/><T52/><D45/><U92/><E92/><V31/><F12/><W20/><REACH who="3" step="1"/><G1/><REACH who="3" ten="516,26,270,178" step="2"/><T68/><D44/><U54/><REACH who="1" step="1"/><E57/><REACH who="1" ten="516,16,270,178" step="2"/><V94/><F94/><W112/><G112/><T115/><D115/><U4/><E4/><AGARI ba="0,2" hai="4,11,15,19,20,25,27,28,34,59,63,67,130,131" machi="4" ten="40,8000,1" yaku="1,1,52,1,53,2" doraHai="16" doraHaiUra="127" who="3" fromWho="1" sc="516,0,16,-80,270,0,178,100" owari="516,61.6,-64,-56.4,270,-13.0,278,7.8" /></mjloggm>