<mjloggm ver="2.3"><GO type="225" lobby="0"/><UN n0="%E6%97%A5%E6%9B%9C%E6%97%A5%E3%82%88%E3%82%8A%E3%81%AE%E4%BD%BF%E8%80%85" n1="%E3%81%A9%E3%82%93%E3%82%88%E3%81%8F%4D%6B%2E%32" n2="%6D%75%75%73%61%6E%6D%75" n3="%E6%81%A5%E6%99%92%E3%81%97" dan="16,16,16,16" rate="2081.47,2156.74,2167.89,2098.89" sx="M,M,F,M"/><TAIKYOKU oya="0"/><INIT seed="0,0,0,0,4,48" ten="250,250,250,250" oya="0" hai0="96,30,113,112,37,34,95,61,60,128,77,108,25" hai1="27,59,97,125,24,31,119,122,67,130,41,4,110" hai2="111,53,39,100,87,12,70,93,13,120,50,46,63" hai3="23,133,91,88,22,44,6,7,76,14,90,56,102"/><T105/><D37/><U103/><E122/><V89/><F120/><W16/><G133/><T69/><D128/><U19/><E119/><V107/><F111/><W66/><G102/><N who="0" m="62663" /><D61/><U5/><E130/><V15/><F39/><W49/><G76/><T101/><D77/><U0/><E0/><V64/><F107/><W73/><G73/><T109/><D95/><U26/><E41/><V86/><REACH who="2" step="1"/><F100/><REACH who="2" ten="250,250,240,250" step="2"/><W81/><G81/><T57/><D101/><U62/><E110/><N who="0" m="42601" /><D69/><U51/><E125/><V40/><F40/><N who="3" m="24711" /><G23/><T28/><D28/><U127/><E31/><V9/><F9/><W68/><G68/><T114/><D114/><U29/><E29/><V82/><F82/><W2/><G2/><T104/><D104/><U21/><E127/><V106/><F106/><W135/><G135/><T134/><D134/><U75/><E103/><V117/><F117/><W121/><G121/><T80/><D80/><U84/><E97/><AGARI ba="0,1" hai="12,13,15,46,50,53,63,64,70,86,87,89,93,97" machi="97" ten="40,2600,0" yaku="1,1,52,1,53,0" doraHai="48" doraHaiUra="118" who="2" fromWho="1" sc="250,0,250,-26,240,36,250,0" /><INIT seed="1,0,0,1,2,69" ten="250,224,276,250" oya="1" hai0="72,110,19,113,15,98,103,43,51,5,118,34,105" hai1="125,8,30,33,104,134,53,17,46,78,81,129,10" hai2="131,39,4,2,92,13,38,66,45,117,90,124,27" hai3="94,120,57,55,70,122,84,37,73,132,24,95,106"/><U60/><E104/><V31/><F117/><W48/><G106/><T102/><D118/><U121/><E121/><V41/><F2/><W14/><G73/><T97/><D113/><U111/><E125/><V100/><F124/><W56/><G70/><T54/><D72/><U86/><E129/><V6/><F131/><W65/><G132/><T21/><D34/><U52/><E134/><V108/><F108/><W0/><G0/><T1/><D110/><U126/><E126/><V44/><F100/><W59/><G24/><T63/><D63/><U82/><E111/><V3/><F66/><W130/><G130/><T26/><D43/><U71/><E33/><V133/><F3/><W29/><G29/><T23/><D1/><U91/><E30/><V85/><F133/><W112/><G112/><T80/><D80/><U68/><E46/><V61/><F61/><N who="3" m="38055" /><G59/><T50/><D54/><U20/><E71/><V114/><F114/><W116/><G116/><T47/><D47/><U35/><E35/><V62/><F62/><W74/><G74/><T83/><D83/><U40/><E40/><V49/><F13/><W87/><G37/><T42/><D42/><U67/><E8/><V64/><F64/><W123/><G14/><T88/><D103/><U36/><E10/><V119/><F119/><W79/><G79/><T12/><D12/><N who="1" m="9255" /><E36/><N who="2" m="13867" /><F44/><W25/><G25/><T127/><D127/><U32/><E32/><V22/><F41/><W16/><G16/><N who="0" m="12583" /><D5/><N who="2" m="2154" /><F45/><W89/><G89/><T96/><D88/><U11/><E11/><V7/><N who="2" m="2162" /><V101/><DORA hai="135" /><F101/><W9/><G9/><RYUUKYOKU ba="0,0" sc="250,0,224,0,276,0,250,0" hai0="15,19,23,50,51,96,97,98,102,105" hai1="52,53,60,67,68,78,81,82,86,91" hai2="22,27,31,49,85,90,92" hai3="48,55,57,84,87,94,95,120,122,123" /><INIT seed="1,1,0,2,4,115" ten="250,224,276,250" oya="1" hai0="16,10,35,93,110,33,118,120,61,62,28,71,55" hai1="1,73,50,86,4,84,0,7,78,90,113,123,98" hai2="56,94,36,47,2,72,51,40,5,22,44,122,68" hai3="53,38,39,45,11,13,104,58,77,49,9,41,111"/><U80/><E113/><V132/><F122/><W99/><G111/><T32/><D120/><U117/><E117/><V92/><F68/><W109/><G109/><T82/><D110/><U114/><E114/><V125/><F72/><W6/><G77/><T67/><D118/><U106/><E123/><V23/><F132/><W87/><G87/><T135/><D135/><U27/><E27/><V57/><F125/><W75/><G75/><T70/><D82/><U101/><E86/><V91/><F2/><W131/><G131/><T60/><D28/><U121/><E121/><V31/><F5/><W14/><G99/><T46/><D93/><U69/><E69/><V25/><F22/><W97/><G97/><T18/><D10/><U30/><E30/><V74/><F74/><W21/><G21/><T105/><D105/><U108/><E108/><V100/><F100/><W20/><G20/><T19/><REACH who="0" step="1"/><D67/><REACH who="0" ten="240,224,276,250" step="2"/><U83/><E0/><V34/><F92/><W63/><REACH who="3" step="1"/><G104/><REACH who="3" ten="240,224,276,240" step="2"/><T26/><D26/><U65/><E1/><V130/><F130/><W48/><G48/><AGARI ba="1,2" hai="16,18,19,32,33,35,46,48,55,60,61,62,70,71" machi="48" ten="50,12000,2" yaku="1,1,29,2,54,1,53,3" doraHai="115" doraHaiUra="15" who="0" fromWho="3" sc="240,143,224,0,276,0,240,-123" /><INIT seed="2,0,0,1,5,17" ten="383,224,276,117" oya="2" hai0="124,67,31,128,118,39,3,32,106,72,22,115,96" hai1="41,5,55,123,125,103,120,7,46,58,28,79,45" hai2="50,4,126,49,113,104,99,66,91,133,37,57,40" hai3="78,100,48,71,92,130,68,43,51,18,11,53,93"/><V97/><F113/><W52/><G130/><T61/><RYUUKYOKU type="yao9" ba="0,0" sc="383,0,224,0,276,0,117,0" hai0="3,22,31,32,39,61,67,72,96,106,115,118,124,128" /><INIT seed="2,1,0,4,4,130" ten="383,224,276,117" oya="2" hai0="75,0,84,100,63,101,128,91,22,4,121,122,124" hai1="79,16,81,92,114,2,56,21,3,126,69,20,82" hai2="34,18,117,7,135,52,109,40,106,71,29,60,118" hai3="10,90,57,42,119,49,67,78,48,9,5,28,99"/><V33/><F106/><W68/><G119/><T125/><D22/><U66/><E69/><V37/><F7/><W115/><G68/><T43/><D43/><U87/><E114/><V123/><F18/><W30/><G115/><T11/><D63/><U96/><E21/><V51/><F33/><W54/><G78/><T53/><D53/><U14/><E126/><N who="0" m="48745" /><D75/><U44/><E44/><N who="2" m="23567" /><F123/><N who="0" m="47114" /><D128/><U35/><E35/><V103/><F103/><W32/><G32/><T17/><D17/><U65/><E82/><AGARI ba="1,0" hai="0,4,11,82,84,91,100,101" m="47114,48745" machi="82" ten="30,1000,0" yaku="18,1" doraHai="130" who="0" fromWho="1" sc="383,13,224,-13,276,0,117,0" /><INIT seed="3,0,0,4,5,99" ten="396,211,276,117" oya="3" hai0="130,133,109,85,58,95,97,21,131,90,65,57,108" hai1="110,45,89,20,120,9,76,2,39,51,119,111,98" hai2="61,11,123,88,26,87,48,92,127,72,68,34,84" hai3="64,47,125,104,116,135,41,54,35,122,74,102,31"/><W91/><G116/><T1/><D1/><U36/><E120/><V77/><F72/><W29/><G122/><T17/><D133/><U19/><E76/><V78/><F123/><W43/><G74/><T70/><D70/><U129/><E129/><N who="0" m="49161" /><D85/><U80/><E119/><V27/><F127/><W23/><G125/><T107/><D107/><U55/><E2/><V46/><F34/><W79/><G135/><T38/><D38/><U115/><E9/><V86/><F68/><W4/><G35/><T81/><D81/><U60/><E115/><V40/><F61/><W121/><G121/><T15/><D65/><U25/><E60/><V100/><F11/><W22/><G64/><T16/><D17/><U12/><E25/><N who="2" m="9227" /><F100/><W96/><G79/><AGARI ba="0,0" hai="40,46,48,77,78,79,84,86,87,88,92" m="9227" machi="79" ten="30,2000,0" yaku="8,1,54,1" doraHai="99" who="2" fromWho="3" sc="396,0,211,0,276,20,117,-20" owari="396,49.6,211,-18.9,296,9.6,97,-40.3" /></mjloggm>