<mjloggm ver="2.3"><GO type="225" lobby="0"/><UN n0="%73%75%7A%75%6D%65%33" n1="%E6%97%A5%E6%9B%9C%E6%97%A5%E3%82%88%E3%82%8A%E3%81%AE%E4%BD%BF%E8%80%85" n2="%4C%C3%97%57%C3%97%4C" n3="%E5%B8%86%E7%AB%8B%E5%A4%8F%E8%A1%A3" dan="17,17,18,16" rate="2195.36,2161.75,2161.24,2081.10" sx="M,M,M,M"/><TAIKYOKU oya="0"/><INIT seed="0,0,0,4,2,5" ten="250,250,250,250" oya="0" hai0="9,115,63,48,11,126,101,1,61,35,95,77,23" hai1="60,46,52,75,44,47,116,19,39,104,107,79,82" hai2="28,53,97,0,72,55,24,65,27,114,94,59,42" hai3="81,15,99,12,131,74,64,69,120,127,105,58,83"/><T110/><D115/><U29/><E116/><V57/><F72/><W21/><G120/><T16/><D35/><U98/><E39/><V40/><F0/><W103/><G127/><T3/><D126/><U50/><E29/><V4/><F4/><W130/><G69/><T118/><D118/><U43/><E43/><N who="2" m="16427" /><F65/><W66/><G66/><T10/><D77/><U86/><E60/><N who="0" m="23113" /><D1/><U18/><E75/><V14/><F14/><W123/><G123/><T78/><D3/><U112/><E112/><V2/><F2/><W54/><G64/><T31/><D78/><U70/><E70/><V135/><F135/><W51/><G74/><T76/><D76/><U102/><REACH who="1" step="1"/><E107/><REACH who="1" ten="250,240,250,250" step="2"/><V128/><F28/><W90/><G105/><T7/><D31/><U121/><E121/><V34/><F114/><W117/><G117/><T37/><D37/><U68/><E68/><V96/><F34/><W100/><G131/><T109/><D48/><U92/><E92/><V122/><F94/><N who="3" m="56791" /><G130/><T17/><D7/><U22/><E22/><V111/><F128/><W56/><G21/><T132/><D132/><U119/><E119/><V133/><F133/><W108/><G108/><N who="0" m="41579" /><D23/><U49/><E49/><N who="2" m="30895" /><F111/><W124/><G124/><T113/><D113/><U8/><E8/><V91/><F122/><W26/><G51/><T125/><D125/><U84/><E84/><V88/><F97/><AGARI ba="0,1" hai="9,10,11,16,17,95,97,101" m="41579,23113" machi="97" ten="40,18000,2" yaku="14,1,10,1,52,3,54,1" doraHai="5" who="0" fromWho="2" sc="250,190,240,0,250,-180,250,0" /><INIT seed="0,1,0,5,3,15" ten="440,240,70,250" oya="0" hai0="92,13,112,20,73,51,25,63,129,21,110,65,70" hai1="3,133,4,42,87,134,27,113,89,116,48,77,109" hai2="12,29,115,26,9,7,32,10,5,130,66,60,85" hai3="55,68,50,31,119,22,117,104,2,19,1,95,122"/><T126/><D112/><U24/><E77/><V90/><F130/><W105/><G68/><T94/><D129/><U58/><E116/><V120/><F115/><W86/><G31/><T79/><D126/><U52/><E113/><V69/><F120/><W99/><G122/><T28/><D110/><U102/><E102/><V59/><F69/><W34/><G34/><T84/><D73/><U88/><E42/><V49/><F49/><W6/><G105/><T61/><D51/><U64/><E64/><V74/><F74/><W39/><G39/><T135/><D135/><N who="1" m="51723" /><E109/><V82/><REACH who="2" step="1"/><F9/><REACH who="2" ten="440,240,60,250" step="2"/><W62/><G117/><T54/><D70/><U47/><E58/><V103/><F103/><W96/><G119/><T131/><D131/><U132/><E132/><V114/><F114/><W118/><G118/><T128/><D128/><U11/><E89/><V123/><F123/><W37/><G37/><T0/><D79/><U100/><E100/><V108/><F108/><W121/><G121/><T46/><D46/><U127/><E127/><V81/><F81/><AGARI ba="1,1" hai="3,4,11,24,27,47,48,52,81,87,88" m="51723" machi="81" ten="30,3900,0" yaku="20,1,54,2" doraHai="15" who="1" fromWho="2" sc="440,0,240,52,60,-42,250,0" /><INIT seed="1,0,0,4,0,2" ten="440,292,18,250" oya="1" hai0="69,118,73,92,110,21,126,71,75,129,26,101,40" hai1="81,33,31,4,100,14,96,104,76,64,54,99,79" hai2="18,27,103,51,35,123,34,46,94,70,130,105,29" hai3="135,7,120,0,98,113,3,53,45,93,56,30,82"/><U80/><E64/><V108/><F123/><W1/><G120/><T12/><D118/><U15/><E31/><V117/><F117/><W17/><G113/><T66/><D40/><U88/><E33/><V59/><F70/><W28/><G135/><T25/><D129/><U32/><E32/><V43/><F130/><W77/><G45/><T47/><D47/><U133/><E54/><V131/><F131/><W128/><G128/><T134/><D134/><U67/><E67/><V116/><F116/><W95/><G17/><T91/><D126/><U19/><E133/><V44/><F105/><W22/><G95/><T84/><D101/><U38/><E38/><V49/><F59/><W16/><G82/><T37/><D37/><U83/><E4/><V89/><F103/><W52/><G77/><T10/><D26/><U41/><E41/><V20/><F29/><W127/><G53/><T62/><D71/><U24/><E24/><V107/><F107/><W11/><G127/><T57/><D69/><U119/><E119/><V109/><F35/><W68/><G68/><T42/><D110/><U9/><REACH who="1" step="1"/><E15/><REACH who="1" ten="440,282,18,250" step="2"/><V48/><F34/><W97/><G30/><T55/><D42/><U114/><E114/><V87/><REACH who="2" step="1"/><F43/><REACH who="2" ten="440,282,8,250" step="2"/><W61/><G28/><T63/><D55/><U72/><E72/><V121/><F121/><W85/><G56/><T125/><D75/><U8/><E8/><V78/><F78/><W102/><G52/><T39/><D73/><U58/><E58/><V122/><F122/><W6/><G61/><T50/><D63/><U112/><E112/><V36/><F36/><RYUUKYOKU ba="0,2" sc="440,-15,282,15,8,15,250,-15" hai1="9,14,19,76,79,80,81,83,88,96,99,100,104" hai2="18,20,27,44,46,48,49,51,87,89,94,108,109" /><INIT seed="1,1,2,0,4,19" ten="425,297,23,235" oya="1" hai0="60,96,85,54,119,78,25,109,114,122,13,39,57" hai1="106,15,43,128,83,64,113,86,68,112,118,34,103" hai2="16,84,22,117,129,134,38,2,126,102,9,88,79" hai3="100,97,130,47,12,48,50,72,26,133,81,104,8"/><U111/><E118/><V10/><F117/><W24/><G130/><T49/><D119/><U6/><E34/><V108/><F129/><W71/><G133/><T115/><D39/><U41/><E128/><V3/><F38/><W124/><G124/><T29/><D122/><U77/><E106/><V90/><F134/><W92/><G71/><T73/><D73/><U65/><E68/><V95/><F126/><W76/><G50/><T121/><D121/><U63/><E103/><V36/><F36/><W40/><REACH who="3" step="1"/><G104/><REACH who="3" ten="425,297,23,225" step="2"/><T28/><D49/><U1/><E113/><V27/><F108/><W66/><G66/><T20/><D109/><U75/><E112/><V123/><F123/><W93/><G93/><T55/><D114/><U101/><E65/><V135/><F135/><W116/><G116/><T74/><D115/><U42/><E111/><V131/><F131/><W82/><G82/><T99/><D60/><U89/><E64/><V53/><F53/><W7/><AGARI ba="1,3" hai="7,8,12,24,26,40,47,48,72,76,81,92,97,100" machi="7" ten="20,5200,0" yaku="1,1,0,1,7,1,53,1" doraHai="19" doraHaiUra="107" who="3" fromWho="3" sc="425,-14,297,-27,23,-14,225,85" /><INIT seed="2,0,0,0,5,90" ten="411,270,9,310" oya="2" hai0="60,127,10,94,99,107,37,106,68,118,89,122,39" hai1="102,18,67,26,13,81,72,116,23,74,12,47,131" hai2="53,133,58,120,63,7,54,41,33,64,121,128,117" hai3="112,2,108,14,46,123,29,110,73,21,27,70,96"/><V52/><F33/><W48/><G112/><T134/><D122/><N who="2" m="47210" /><F7/><W69/><G123/><T3/><D118/><U100/><E116/><V84/><F84/><W42/><G2/><T51/><D134/><U56/><E131/><V97/><F97/><W45/><G73/><T24/><D127/><U9/><E74/><V82/><F82/><W1/><G1/><T86/><D51/><U76/><E47/><V62/><F117/><W59/><G46/><T11/><D24/><U15/><E9/><V129/><F133/><W113/><G113/><T71/><D71/><U130/><E130/><N who="2" m="50283" /><F41/><W57/><G96/><T16/><D10/><U36/><E102/><V5/><F5/><W105/><G105/><T38/><D3/><U49/><E100/><V6/><F6/><W119/><G14/><T17/><D11/><U109/><E81/><V77/><F77/><W34/><G34/><T104/><D99/><U88/><E76/><V87/><F87/><W75/><G75/><T8/><D8/><U28/><E72/><V132/><F132/><W30/><G119/><T0/><D0/><U93/><E12/><V61/><AGARI ba="0,0" hai="52,53,54,58,61,62,63,64" m="50283,47210" machi="61" ten="40,12000,1" yaku="19,1,34,2,54,1" doraHai="90" who="2" fromWho="2" sc="411,-40,270,-40,9,120,310,-40" /><INIT seed="2,1,0,2,3,92" ten="371,230,129,270" oya="2" hai0="26,3,70,8,36,111,71,118,95,109,56,124,133" hai1="21,52,62,79,73,37,1,90,84,6,19,5,41" hai2="42,64,31,106,131,74,127,59,91,45,25,13,29" hai3="112,35,87,99,89,97,68,49,32,125,43,4,24"/><V128/><F74/><W96/><G68/><T78/><D36/><U2/><E73/><V93/><F106/><W69/><G69/><T105/><D105/><U88/><E37/><V67/><F127/><W82/><G125/><T107/><D107/><U47/><E1/><V16/><F42/><W50/><G112/><T44/><D78/><U135/><E135/><V48/><F59/><W86/><G4/><T30/><D56/><N who="1" m="35079" /><E2/><V103/><F103/><W104/><G104/><T121/><D44/><U122/><E122/><V119/><F119/><W65/><G65/><N who="2" m="25161" /><F25/><W130/><G130/><N who="2" m="49705" /><F48/><W28/><G43/><T123/><D26/><N who="1" m="14655" /><E47/><V27/><F27/><W98/><G35/><T10/><D124/><U101/><E41/><V81/><F81/><W83/><N who="3" m="24576" /><DORA hai="66" /><W38/><REACH who="3" step="1"/><G38/><REACH who="3" ten="371,230,129,260" step="2"/><T46/><D121/><U102/><E5/><V114/><F114/><W63/><G63/><T94/><D123/><U61/><E61/><V11/><F45/><W51/><G51/><T12/><D46/><U126/><E6/><V14/><F14/><W100/><G100/><N who="1" m="38506" /><E126/><V120/><F120/><W129/><G129/><T116/><D116/><U17/><E17/><V55/><F55/><W115/><G115/><T0/><D118/><U110/><E110/><V53/><F53/><W57/><G57/><T39/><D109/><U18/><E18/><V54/><F54/><W40/><G40/><T117/><D111/><U20/><E20/><V60/><F60/><W58/><G58/><T113/><D117/><U9/><E9/><V76/><F76/><AGARI ba="1,1" hai="24,28,32,49,50,76,82,83,86,87,89" m="24576" machi="76" ten="50,8000,1" yaku="1,1,52,4,53,0" doraHai="92,66" doraHaiUra="33,15" who="3" fromWho="2" sc="371,0,230,0,129,-83,260,93" /><INIT seed="3,0,0,1,3,29" ten="371,230,46,353" oya="3" hai0="131,30,128,18,45,74,47,134,21,114,112,42,100" hai1="61,81,119,129,49,36,85,95,120,57,51,46,73" hai2="72,121,44,70,102,75,67,93,11,90,79,17,97" hai3="94,88,53,105,15,26,39,33,130,4,1,50,135"/><W86/><G130/><N who="0" m="49707" /><D134/><U20/><E120/><V116/><F116/><W28/><G135/><T111/><D111/><U123/><E123/><V12/><F121/><W22/><G39/><N who="0" m="21727" /><D74/><U9/><E119/><V89/><F70/><W25/><G105/><T76/><D76/><U65/><E36/><V106/><F67/><W117/><G117/><T41/><D30/><U69/><E129/><V91/><F44/><N who="3" m="27847" /><G1/><T63/><D63/><U80/><E73/><V83/><REACH who="2" step="1"/><F72/><REACH who="2" ten="371,230,36,353" step="2"/><W84/><G33/><T77/><D77/><U8/><E69/><V60/><F60/><W31/><G26/><N who="0" m="14647" /><D100/><U99/><E20/><V92/><AGARI ba="0,1" hai="11,12,17,75,79,83,89,90,91,92,93,97,102,106" machi="92" ten="30,2000,0" yaku="1,1,0,1,53,0" doraHai="29" doraHaiUra="3" who="2" fromWho="2" sc="371,-5,230,-5,36,30,353,-10" owari="366,46.6,225,-17.5,66,-43.4,343,14.3" /></mjloggm>