<mjloggm ver="2.3"><GO type="225" lobby="0"/><UN n0="%E3%81%AF%E3%82%88%E3%81%8A%E3%81%98%E3%81%95%E3%82%93" n1="%43%68%65" n2="%72%69%6F%75%63%68%61%6E" n3="%E3%81%BE%E3%81%A8%E3%81%9F" dan="16,16,17,16" rate="2182.96,2149.93,2267.61,2169.90" sx="M,M,M,M"/><TAIKYOKU oya="0"/><INIT seed="0,0,0,2,3,61" ten="250,250,250,250" oya="0" hai0="23,81,128,101,111,48,37,84,49,6,125,102,130" hai1="33,30,124,82,85,67,14,51,38,26,78,35,96" hai2="69,83,47,95,80,45,12,73,71,54,8,122,103" hai3="97,52,107,88,19,0,5,53,112,11,15,110,20"/><T40/><D37/><U59/><E38/><V7/><F122/><W24/><G112/><T29/><D6/><U134/><E124/><V39/><F47/><W129/><G129/><N who="0" m="49771" /><D125/><U34/><E134/><V1/><F12/><W68/><G110/><T93/><D111/><U44/><E14/><V31/><F31/><W27/><G68/><T123/><D123/><U72/><E72/><V65/><F54/><W94/><G107/><T28/><D93/><U41/><REACH who="1" step="1"/><E96/><REACH who="1" ten="250,240,250,250" step="2"/><V58/><F73/><W89/><REACH who="3" step="1"/><G89/><REACH who="3" ten="250,240,250,240" step="2"/><T2/><D101/><U127/><E127/><V13/><F103/><W22/><G22/><T113/><D23/><U132/><E132/><V131/><F131/><W133/><G133/><T75/><D102/><U42/><E42/><V120/><F120/><W99/><G99/><T114/><D40/><U91/><E91/><V43/><F43/><W17/><G17/><T16/><D16/><U106/><E106/><V70/><F7/><W98/><G98/><T56/><D113/><U118/><E118/><V57/><F8/><W77/><G77/><T74/><D114/><U104/><E104/><V117/><F117/><W87/><G87/><T119/><D119/><U60/><AGARI ba="0,2" hai="26,30,33,34,35,41,44,51,59,60,67,78,82,85" machi="60" ten="30,4000,0" yaku="1,1,0,1,52,1,53,0" doraHai="61" doraHaiUra="66" who="1" fromWho="1" sc="250,-20,240,60,250,-10,240,-10" /><INIT seed="1,0,0,2,1,108" ten="230,300,240,230" oya="1" hai0="39,29,47,26,41,18,92,98,122,99,57,13,112" hai1="107,31,50,116,128,65,14,30,114,35,53,131,78" hai2="121,5,100,9,77,72,127,45,67,22,20,66,32" hai3="23,124,94,125,68,119,59,24,88,69,56,95,104"/><U71/><E116/><V117/><F117/><W106/><G119/><T3/><D3/><U89/><E107/><N who="3" m="41002" /><G23/><T96/><D122/><U36/><E36/><V132/><F127/><N who="3" m="48715" /><G24/><T84/><D112/><U42/><E42/><V54/><F132/><W76/><G76/><T74/><D74/><U46/><E78/><V62/><F121/><W97/><G95/><T1/><D1/><U111/><E14/><V28/><F32/><W38/><G38/><T115/><D115/><U15/><E15/><N who="2" m="5551" /><F72/><W58/><AGARI ba="0,0" hai="56,58,59,68,69,88,94,97" m="48715,41002" machi="58" ten="40,2700,0" yaku="18,1,54,1" doraHai="108" who="3" fromWho="3" sc="230,-7,300,-13,240,-7,230,27" /><INIT seed="2,0,0,1,3,44" ten="223,287,233,257" oya="2" hai0="108,90,5,48,135,8,61,64,131,29,72,94,63" hai1="123,92,103,4,33,126,36,100,130,46,82,38,49" hai2="121,107,105,117,85,18,31,65,32,57,104,60,109" hai3="80,42,118,84,111,127,112,52,129,68,9,43,79"/><V20/><F117/><W73/><G118/><T26/><D72/><U74/><E33/><V17/><F121/><W28/><G127/><T67/><D108/><U70/><E70/><V125/><F125/><W16/><G68/><T59/><D131/><U115/><E115/><V119/><F119/><W71/><G71/><T96/><D135/><U89/><E126/><V110/><F85/><W34/><G112/><T122/><D122/><U19/><E4/><V81/><F81/><W2/><G2/><T37/><D37/><U45/><E130/><V66/><F66/><W86/><G73/><T132/><D132/><U3/><E3/><V12/><REACH who="2" step="1"/><F18/><REACH who="2" ten="223,287,223,257" step="2"/><W50/><G16/><T27/><D67/><U62/><E19/><V35/><F35/><W97/><G86/><T14/><D64/><U69/><E82/><V95/><F95/><W40/><G84/><T15/><D15/><U53/><E92/><V113/><F113/><W0/><G80/><T133/><D133/><U56/><E74/><V114/><F114/><W101/><G129/><T6/><D5/><U91/><E123/><V77/><F77/><W25/><G34/><T30/><D26/><AGARI ba="0,1" hai="12,17,20,26,31,32,57,60,65,104,105,107,109,110" machi="26" ten="50,4800,0" yaku="1,1,53,1" doraHai="44" doraHaiUra="22" who="2" fromWho="0" sc="223,-48,287,0,223,58,257,0" /><INIT seed="2,1,0,2,5,11" ten="175,287,281,257" oya="2" hai0="66,83,101,40,4,103,21,85,76,102,82,133,9" hai1="56,20,65,43,113,18,75,67,87,77,14,72,37" hai2="131,86,58,88,24,93,79,129,91,100,34,23,44" hai3="3,71,22,63,54,51,109,84,10,124,95,120,132"/><V94/><F34/><W52/><G120/><T59/><D133/><U19/><E113/><V110/><F110/><W61/><G109/><T57/><D40/><U119/><E119/><V105/><F79/><W130/><G132/><T114/><D114/><U36/><E87/><V46/><F58/><W42/><G124/><T107/><D107/><U28/><E28/><V53/><F100/><W6/><G42/><T98/><D98/><U127/><E127/><V122/><F105/><W89/><G130/><N who="2" m="49673" /><F53/><W26/><G71/><T108/><D108/><U99/><E77/><V47/><F122/><W90/><G54/><T35/><D35/><U60/><E67/><V15/><F15/><W80/><G90/><N who="2" m="34345" /><F86/><W12/><G3/><T5/><D83/><U125/><E125/><V68/><F68/><W8/><G95/><N who="2" m="36361" /><F24/><W123/><G123/><T74/><D85/><U126/><E126/><V78/><F78/><W48/><G52/><T7/><D9/><U38/><E43/><V41/><F23/><W135/><G135/><T39/><D21/><U16/><E99/><V92/><N who="2" m="36369" /><V29/><DORA hai="1" /><F29/><N who="3" m="17623" /><G10/><T31/><D31/><U106/><REACH who="1" step="1"/><E106/><REACH who="1" ten="175,277,281,257" step="2"/><V55/><F55/><W115/><G115/><T64/><D66/><U45/><E45/><V111/><F111/><W117/><G84/><T0/><D64/><U49/><E49/><AGARI ba="1,1" hai="41,44,46,47,49" m="36369,34345,49673" machi="49" ten="40,3900,0" yaku="19,1,54,1" doraHai="11,1" who="2" fromWho="1" sc="175,0,277,-42,281,52,257,0" /><INIT seed="2,2,0,5,3,86" ten="175,235,333,257" oya="2" hai0="17,52,105,100,18,119,85,36,92,102,90,2,30" hai1="103,55,19,121,126,61,84,50,132,8,38,118,108" hai2="28,49,43,125,134,4,72,75,37,6,97,83,96" hai3="104,13,68,23,112,25,56,0,69,99,116,16,10"/><V40/><F49/><W124/><G116/><T93/><D119/><U34/><E38/><V110/><F83/><W128/><G128/><T91/><D36/><U106/><E118/><V122/><F37/><W89/><G124/><T95/><D2/><U133/><E34/><V117/><F28/><W46/><G0/><T29/><D105/><U80/><E126/><V123/><F117/><W64/><G46/><T78/><D78/><U14/><E61/><V135/><REACH who="2" step="1"/><F110/><REACH who="2" ten="175,235,323,257" step="2"/><W113/><G112/><T63/><D29/><U82/><E108/><V26/><F26/><W54/><G25/><T53/><D30/><U79/><E82/><V59/><F59/><W101/><G56/><T67/><D100/><U129/><E103/><V20/><F20/><W5/><G23/><T15/><D102/><U66/><E80/><V76/><F76/><W60/><G101/><T94/><D91/><U88/><E88/><V81/><F81/><W98/><G89/><T115/><D115/><U51/><E79/><V58/><F58/><W3/><G113/><T33/><D33/><U24/><E51/><V9/><F9/><W27/><G10/><T47/><D47/><U11/><E11/><V131/><F131/><W114/><G114/><T22/><REACH who="0" step="1"/><D18/><REACH who="0" ten="165,235,323,257" step="2"/><N who="1" m="8519" /><E129/><V7/><F7/><W31/><G5/><T73/><D73/><U70/><E19/><V77/><F77/><W48/><G16/><T127/><D127/><AGARI ba="2,2" hai="4,6,40,43,72,75,96,97,122,123,125,127,134,135" machi="127" ten="25,4800,0" yaku="1,1,22,2,53,0" doraHai="86" doraHaiUra="45" who="2" fromWho="0" sc="165,-54,235,0,323,74,257,0" /><INIT seed="2,3,0,0,4,134" ten="111,235,397,257" oya="2" hai0="97,43,49,11,51,7,38,29,56,103,116,135,120" hai1="87,55,124,1,84,70,6,88,20,112,132,54,33" hai2="62,22,110,46,105,68,47,89,60,5,9,52,86" hai3="129,118,67,83,113,26,77,50,128,44,35,92,66"/><V117/><F117/><W78/><G118/><T76/><D116/><U96/><E33/><V85/><F105/><W32/><G92/><T80/><D120/><U119/><E70/><V104/><F104/><W101/><G101/><T21/><D135/><U73/><E73/><V27/><F110/><W106/><G106/><T69/><D69/><U114/><E119/><V100/><F100/><W18/><G18/><T65/><D21/><U15/><E1/><V72/><F72/><W25/><G50/><T61/><D29/><U71/><E71/><V53/><F68/><W40/><G44/><T125/><D125/><U111/><E96/><V123/><F123/><W102/><G102/><T74/><D97/><U4/><E20/><V127/><F127/><W3/><G3/><T115/><D115/><U59/><E59/><V93/><F86/><W58/><G58/><T30/><D30/><U0/><E0/><V48/><F47/><W23/><G113/><T91/><D91/><U99/><E99/><V126/><F126/><W90/><G90/><T28/><D28/><U8/><E124/><V79/><F79/><W130/><G23/><T94/><D94/><U13/><E132/><V63/><F53/><W24/><G40/><T121/><D103/><U95/><E87/><V17/><REACH who="2" step="1"/><F62/><REACH who="2" ten="111,235,387,257" step="2"/><W75/><G78/><T14/><D121/><U81/><E111/><V31/><F31/><W109/><G109/><T122/><D122/><U64/><E84/><V131/><F131/><W45/><G45/><T107/><D107/><U16/><E55/><V82/><F82/><W34/><AGARI ba="3,1" hai="24,25,26,32,34,35,66,67,75,77,83,128,129,130" machi="34" ten="50,8000,1" yaku="5,1,0,1,29,2,19,1" doraHai="134" who="3" fromWho="3" sc="111,-23,235,-23,387,-43,257,99" /><INIT seed="3,0,0,1,3,10" ten="88,212,344,356" oya="3" hai0="95,105,80,123,0,8,6,121,99,130,133,52,124" hai1="5,114,116,25,28,58,134,17,1,24,30,18,50" hai2="46,135,26,47,40,120,15,86,77,54,39,94,108" hai3="85,34,126,23,21,9,68,96,79,53,16,35,11"/><W27/><G68/><T19/><D105/><U84/><E84/><V70/><F70/><W90/><G35/><T62/><D124/><U38/><E58/><V113/><F113/><W75/><G34/><T41/><D130/><U69/><E50/><V103/><F108/><W3/><G75/><T13/><D133/><U45/><E45/><V78/><F135/><W89/><G79/><N who="2" m="30217" /><F39/><W91/><G3/><T102/><D41/><U36/><E69/><V81/><F120/><W22/><G96/><T44/><D80/><U128/><E38/><V55/><F26/><N who="1" m="10345" /><E36/><V59/><F40/><W66/><G66/><T109/><D109/><U2/><E114/><V49/><F15/><N who="3" m="9375" /><G85/><T101/><D102/><U87/><E87/><V88/><F54/><W111/><G22/><T72/><D72/><U131/><E116/><V98/><AGARI ba="0,0" hai="46,47,49,55,59,81,86,88,94,98,103" m="30217" machi="98" ten="30,2000,0" yaku="8,1,54,1" doraHai="10" who="2" fromWho="2" sc="88,-5,212,-5,344,20,356,-10" owari="83,-41.7,207,-19.3,364,46.4,346,14.6" /></mjloggm>