<mjloggm ver="2.3"><GO type="225" lobby="0"/><UN n0="%E3%81%A9%E3%82%8F%E3%82%93%E3%81%94" n1="%6E%69%63%6F%6E%74%6F" n2="%72%61%6B%33" n3="%E5%B8%86%E7%AB%8B%E5%A4%8F%E8%A1%A3" dan="16,17,16,16" rate="2080.22,2135.82,2082.15,2110.80" sx="M,M,M,M"/><TAIKYOKU oya="0"/><INIT seed="0,0,0,2,0,19" ten="250,250,250,250" oya="0" hai0="120,124,38,25,42,49,123,45,34,98,102,105,130" hai1="3,60,79,28,58,35,126,134,129,7,21,101,111" hai2="108,94,115,20,46,131,22,87,127,27,75,109,77" hai3="52,13,99,47,67,26,62,68,69,88,43,106,133"/><T1/><D1/><U24/><E111/><N who="2" m="42571" /><F115/><W9/><G133/><T110/><D110/><U93/><E134/><V17/><F127/><W61/><G26/><T112/><D112/><U66/><E126/><V122/><F122/><W33/><G33/><T85/><D124/><U48/><E129/><V70/><F70/><W40/><G69/><T117/><D130/><U36/><E36/><V2/><F131/><W76/><G76/><T114/><D114/><U113/><E79/><V125/><F125/><W71/><G71/><T82/><D117/><U37/><E37/><V100/><F2/><W64/><G64/><T90/><REACH who="0" step="1"/><D38/><REACH who="0" ten="240,250,250,250" step="2"/><U59/><E113/><V4/><F75/><W132/><G132/><T54/><D54/><N who="1" m="32071" /><E3/><V84/><F77/><W56/><G43/><T51/><D51/><U15/><E35/><V14/><F46/><W10/><G47/><T50/><D50/><U121/><E121/><V97/><F4/><W96/><G40/><T74/><D74/><U5/><E15/><V78/><F78/><W31/><G13/><T23/><D23/><N who="2" m="8746" /><F27/><W0/><G0/><T103/><D103/><U128/><E128/><V63/><F63/><W11/><G62/><T81/><D81/><U8/><E8/><AGARI ba="0,1" hai="8,14,17,84,87,94,97,100" m="8746,42571" machi="8" ten="30,7700,0" yaku="14,1,52,3" doraHai="19" who="2" fromWho="1" sc="240,0,250,-77,250,87,250,0" /><INIT seed="1,0,0,3,5,135" ten="240,173,337,250" oya="1" hai0="34,8,11,121,43,131,10,117,74,68,114,40,85" hai1="1,44,107,133,5,115,53,94,108,45,35,14,134" hai2="80,130,95,93,73,102,13,66,52,65,87,9,100" hai3="123,24,63,62,82,88,96,22,27,113,105,132,91"/><U47/><E107/><V98/><F73/><W48/><G123/><T59/><D117/><U84/><E35/><V97/><F130/><W2/><G2/><T46/><D68/><U60/><E115/><V36/><F36/><W79/><G113/><T116/><D74/><U109/><E1/><V128/><F128/><W57/><G132/><N who="1" m="50794" /><E5/><N who="2" m="3247" /><F52/><N who="3" m="31879" /><G105/><T126/><D34/><U122/><E122/><V50/><F50/><W90/><G96/><T54/><D43/><U29/><E29/><V70/><F70/><W33/><G33/><T72/><D40/><U20/><E20/><V31/><F31/><N who="3" m="17815" /><G27/><T55/><D10/><U77/><E14/><V104/><F104/><W18/><G18/><T28/><D11/><U67/><E53/><V51/><F51/><W112/><G112/><T120/><D8/><U42/><E42/><V75/><F75/><W56/><G56/><T76/><D114/><U25/><E25/><V21/><F21/><W101/><G101/><T106/><D131/><U19/><E19/><V110/><F110/><N who="1" m="42601" /><E47/><V4/><F4/><W103/><G103/><T17/><D46/><U3/><E3/><V127/><F102/><W78/><G82/><T129/><D129/><U12/><E12/><V71/><F80/><W30/><G30/><T41/><D28/><U118/><E118/><V83/><F100/><W15/><G15/><T124/><D116/><U61/><E94/><V32/><F95/><W0/><G0/><T125/><D106/><U58/><E61/><AGARI ba="0,0" hai="61,62,63,78,79,88,90,91" m="17815,31879" machi="61" ten="30,3900,0" yaku="8,1,54,2" doraHai="135" who="3" fromWho="1" sc="240,0,173,-39,337,0,250,39" /><INIT seed="2,0,0,1,1,55" ten="240,134,337,289" oya="2" hai0="12,73,10,115,111,37,19,6,5,95,134,11,30" hai1="87,101,79,90,106,113,49,80,104,35,110,103,22" hai2="58,105,129,82,109,8,85,42,97,34,72,94,133" hai3="50,123,116,27,76,36,62,127,40,41,89,60,52"/><V13/><F34/><W51/><G116/><T130/><D37/><U20/><E35/><V84/><F109/><W17/><G123/><T67/><D73/><N who="1" m="43119" /><E49/><N who="3" m="18442" /><G36/><T25/><D115/><U119/><E22/><V7/><F105/><N who="1" m="40553" /><E20/><V117/><F129/><W99/><G76/><T44/><D67/><U45/><E45/><V47/><F133/><W135/><G127/><T63/><D134/><U93/><E119/><V108/><F108/><W132/><G132/><T38/><D111/><U32/><E32/><V124/><F124/><W120/><G120/><T0/><D44/><U57/><E57/><V3/><F117/><W21/><G135/><T118/><D38/><U68/><E68/><V28/><F3/><W31/><G31/><T56/><D118/><U23/><E23/><V112/><F28/><W86/><G99/><T128/><D30/><U39/><E39/><V61/><F112/><W91/><G91/><T16/><D25/><U71/><E71/><V75/><F47/><W83/><G62/><T29/><D29/><U4/><E4/><V1/><F1/><W78/><G89/><T69/><D69/><U114/><E110/><V15/><F61/><W18/><G17/><T46/><D46/><U125/><E125/><V24/><F7/><W33/><G33/><T122/><D19/><U107/><N who="1" m="40561" /><U2/><DORA hai="100" /><E2/><V74/><F42/><W66/><G66/><T43/><D0/><U96/><E103/><V102/><F102/><W92/><G60/><T53/><D63/><U54/><E54/><V77/><F58/><W121/><G41/><T88/><D43/><RYUUKYOKU ba="0,0" sc="240,-10,134,30,337,-10,289,-10" hai1="87,90,93,96,101,113,114" /><INIT seed="3,1,0,5,5,97" ten="230,164,327,279" oya="3" hai0="23,34,125,74,31,62,90,52,43,10,70,71,54" hai1="113,37,61,44,6,18,75,119,78,58,3,35,68" hai2="17,33,14,108,64,0,100,132,22,50,69,47,16" hai3="45,114,124,73,15,82,12,89,103,29,94,98,102"/><W39/><G114/><T121/><D74/><U5/><E113/><V117/><F33/><W107/><G124/><T38/><D121/><U26/><E119/><V130/><F0/><W101/><G29/><T67/><D34/><U111/><E111/><V41/><F117/><W123/><G123/><T53/><D10/><U49/><E37/><V25/><F108/><W86/><G15/><T28/><D90/><U105/><E105/><V42/><F132/><W120/><G12/><T88/><D125/><U129/><E129/><V85/><F130/><W30/><G30/><T93/><D70/><U81/><E68/><V127/><F69/><W40/><G120/><T63/><D63/><U104/><E104/><V13/><F64/><W83/><G83/><T79/><D79/><AGARI ba="1,0" hai="39,40,45,73,79,82,86,89,94,98,101,102,103,107" machi="79" ten="40,12000,1" yaku="24,2,52,3" doraHai="97" who="3" fromWho="0" sc="230,-123,164,0,327,0,279,123" owari="107,-39.3,164,-23.6,327,12.7,402,50.2" /></mjloggm>