<mjloggm ver="2.3"><GO type="225" lobby="0"/><UN n0="%E7%89%B9%E6%9D%B1%E3%81%AF%E4%B8%96%E7%95%8C%E3%82%92%E6%95%91%E3%81%86" n1="%43%68%65" n2="%4D%50%43%32%38%30%30" n3="%E3%81%A1%E3%82%85%E3%81%86%E3%81%A9%E3%81%8F%E8%B1%A1%E3%81%95%E3%82%93" dan="16,16,16,17" rate="2171.13,2163.27,2133.55,2208.94" sx="M,M,M,M"/><TAIKYOKU oya="0"/><INIT seed="0,0,0,3,1,22" ten="250,250,250,250" oya="0" hai0="77,50,4,43,90,41,88,15,132,69,129,78,33" hai1="63,1,98,82,105,35,100,133,112,101,13,119,118" hai2="71,37,46,120,60,87,110,73,0,111,108,39,36" hai3="32,27,121,128,84,93,40,2,81,48,24,59,10"/><T131/><D132/><U135/><E1/><V70/><F0/><W114/><G114/><T5/><D69/><N who="2" m="26122" /><F73/><W58/><G32/><T86/><D33/><U72/><E13/><V49/><F87/><W21/><G128/><N who="0" m="49227" /><D50/><U45/><E63/><V44/><F120/><W91/><G121/><T53/><D53/><U125/><E45/><N who="2" m="17515" /><F49/><W12/><G2/><T106/><D106/><U85/><E35/><V96/><F96/><N who="3" m="57407" /><G40/><N who="0" m="15435" /><D15/><U117/><E112/><V28/><F28/><W83/><G48/><T23/><D23/><U56/><E105/><V94/><F94/><W97/><G97/><T113/><D113/><U19/><E98/><V61/><AGARI ba="0,0" hai="36,37,39,60,61,108,110,111" m="17515,26122" machi="61" ten="50,8000,1" yaku="28,2,14,1,34,2" doraHai="22" who="2" fromWho="2" sc="250,-40,250,-20,250,80,250,-20" /><INIT seed="1,0,0,0,5,36" ten="210,230,330,230" oya="1" hai0="128,37,48,108,35,67,22,16,70,11,20,121,96" hai1="31,130,131,120,95,79,90,87,124,100,41,38,25" hai2="14,59,27,98,7,132,72,54,60,21,91,75,133" hai3="57,50,135,85,46,65,43,56,49,5,45,44,106"/><U99/><E120/><V88/><F7/><W86/><G106/><T111/><D37/><U82/><E124/><V9/><F9/><W26/><G135/><N who="2" m="51785" /><F14/><W94/><G5/><T68/><D35/><U19/><E19/><N who="2" m="12735" /><F91/><N who="3" m="53615" /><G26/><T102/><D128/><U125/><E125/><V8/><F8/><W0/><G0/><T78/><D78/><U39/><E79/><V119/><F119/><W28/><G28/><T84/><D84/><U116/><E116/><V80/><F80/><W15/><G15/><N who="0" m="7295" /><D48/><U40/><E39/><V33/><F33/><W134/><G134/><T71/><D67/><U117/><E38/><V29/><F29/><W118/><G118/><T63/><D63/><U113/><E117/><V51/><F51/><W3/><G3/><T34/><D34/><N who="1" m="20847" /><E113/><V92/><AGARI ba="0,0" hai="54,59,60,72,75,88,92,98" m="12735,51785" machi="92" ten="30,4000,0" yaku="25,1,20,1,54,1" doraHai="36" who="2" fromWho="2" sc="210,-10,230,-20,330,40,230,-10" /><INIT seed="2,0,0,4,0,57" ten="200,210,370,220" oya="2" hai0="8,83,94,81,9,89,30,123,109,29,116,134,38" hai1="44,41,70,76,88,117,118,122,90,53,75,22,50" hai2="34,3,25,26,69,27,66,12,45,20,52,98,120" hai3="111,95,43,110,135,0,107,105,77,15,131,108,39"/><V68/><F3/><W58/><G0/><T132/><D38/><U93/><E122/><V114/><F120/><W78/><G135/><N who="0" m="51755" /><D123/><U125/><E125/><V1/><F1/><W32/><G32/><T7/><D109/><U4/><E4/><V64/><F114/><W2/><G2/><N who="0" m="119" /><D9/><U54/><E70/><V101/><F69/><W112/><G112/><T133/><N who="0" m="51763" /><T49/><DORA hai="71" /><D49/><U56/><E54/><V37/><F68/><W59/><G131/><T33/><D116/><U19/><E76/><N who="3" m="29290" /><G95/><T129/><D129/><U60/><E75/><V65/><F37/><W28/><G28/><N who="0" m="10859" /><D33/><U11/><E11/><V74/><F74/><W62/><G15/><T130/><D130/><U119/><REACH who="1" step="1"/><E93/><REACH who="1" ten="200,200,370,220" step="2"/><N who="2" m="58575" /><F34/><W126/><G126/><T72/><D72/><U82/><E82/><V17/><F66/><N who="3" m="39255" /><G59/><T63/><D63/><U67/><E67/><V84/><F65/><W47/><AGARI ba="0,1" hai="39,43,47,105,107,108,110,111" m="39255,29290" machi="47" ten="40,5200,0" yaku="14,1,52,2" doraHai="57,71" who="3" fromWho="3" sc="200,-13,200,-13,370,-26,220,62" /><INIT seed="3,0,0,3,3,105" ten="187,187,344,282" oya="3" hai0="56,100,15,135,74,22,125,108,118,79,2,9,14" hai1="34,121,0,10,123,80,23,81,60,28,113,17,64" hai2="33,109,66,94,13,134,117,93,11,32,48,116,77" hai3="43,131,99,65,90,44,103,104,35,57,120,21,68"/><W95/><G120/><T70/><D118/><U67/><E113/><V49/><F109/><W37/><G35/><T122/><D70/><U54/><E123/><V133/><F77/><W8/><G131/><T97/><D122/><U31/><E121/><V124/><F13/><W73/><G73/><T107/><D108/><U130/><E130/><V72/><F11/><W89/><G68/><T86/><D74/><U52/><E34/><V45/><F72/><W115/><G115/><T53/><D135/><U27/><E0/><V78/><F78/><W29/><G8/><T96/><D125/><U71/><E67/><V91/><F91/><W110/><G110/><T7/><D96/><U98/><E98/><V87/><F87/><W12/><G104/><T132/><D22/><U39/><E39/><V26/><F45/><W61/><REACH who="3" step="1"/><G12/><REACH who="3" ten="187,187,344,272" step="2"/><T84/><D132/><U41/><E10/><V75/><F75/><W129/><G129/><T83/><D86/><U40/><E40/><V4/><F134/><W127/><G127/><T59/><D59/><N who="1" m="36895" /><E41/><V102/><F133/><W92/><G92/><T42/><D42/><U128/><E71/><V114/><F124/><W76/><G76/><T106/><D106/><U126/><E128/><V82/><F114/><W88/><G88/><T5/><D5/><U36/><E126/><V30/><F4/><W25/><AGARI ba="0,1" hai="21,25,29,37,43,44,57,61,65,89,90,95,99,103" machi="25" ten="30,12000,1" yaku="1,1,0,1,25,2,53,1" doraHai="105" doraHaiUra="63" who="3" fromWho="3" sc="187,-40,187,-40,344,-40,272,130" owari="147,-25.3,147,-35.3,304,10.4,402,50.2" /></mjloggm>