<mjloggm ver="2.3"><GO type="225" lobby="0"/><UN n0="%E3%81%A1%E3%82%85%E3%81%86%E3%81%A9%E3%81%8F%E8%B1%A1%E3%81%95%E3%82%93" n1="%6D%75%75%6D%75%72%61" n2="%73%61%6E%64%69%72%69%73" n3="%73%6C%69%63%6B%33%31%39" dan="17,17,16,17" rate="2179.87,2219.75,2101.56,2173.94" sx="M,F,M,M"/><TAIKYOKU oya="0"/><INIT seed="0,0,0,0,5,100" ten="250,250,250,250" oya="0" hai0="81,0,135,22,30,14,112,118,109,105,75,48,104" hai1="72,24,106,73,95,36,69,16,77,63,113,58,60" hai2="12,54,62,111,28,90,55,76,78,101,98,124,34" hai3="74,92,102,85,50,110,123,91,94,46,7,127,79"/><T114/><D118/><U11/><E36/><V5/><F34/><W122/><G7/><T10/><D0/><U86/><E113/><V64/><F28/><W83/><G50/><T129/><D48/><U6/><E106/><V25/><F25/><W37/><G46/><T53/><D53/><U59/><E69/><V52/><F111/><W116/><G37/><T41/><D41/><U18/><E95/><V45/><F124/><W27/><G27/><T132/><D129/><U57/><E86/><V133/><F133/><N who="0" m="51274" /><D109/><U134/><E134/><V99/><F45/><W4/><G4/><N who="0" m="3399" /><D30/><U71/><E71/><V49/><F49/><W56/><G56/><T38/><D38/><U17/><E24/><V2/><F2/><W1/><G1/><T97/><D22/><U26/><E26/><V117/><F117/><W47/><G47/><T31/><D31/><U43/><E43/><V87/><F64/><W131/><G110/><T121/><D121/><N who="3" m="46089" /><G116/><T9/><D9/><U103/><E103/><V35/><F35/><W80/><G127/><T3/><D3/><U120/><E120/><V128/><F101/><W39/><G39/><T23/><D23/><U51/><E51/><V93/><F128/><W42/><G42/><T19/><D19/><U119/><E119/><V70/><F70/><W68/><G68/><T21/><D21/><U32/><E32/><V29/><F29/><W88/><G131/><T107/><D97/><N who="2" m="36874" /><F62/><N who="1" m="23593" /><E6/><V115/><F115/><W15/><G102/><T61/><D61/><U33/><E33/><V67/><F67/><W89/><G15/><T66/><D66/><RYUUKYOKU ba="0,0" sc="250,10,250,-30,250,10,250,10" hai0="75,81,104,105,107,112,114" hai2="5,12,52,54,55,76,78,87,90,93" hai3="74,79,80,83,85,88,89,91,92,94" /><INIT seed="0,1,0,3,4,94" ten="260,220,260,260" oya="0" hai0="12,23,62,11,0,27,64,54,112,41,40,25,6" hai1="24,14,63,35,117,61,98,128,109,9,118,32,53" hai2="130,120,15,72,123,92,8,37,114,122,75,111,116" hai3="133,52,113,26,132,73,127,129,84,124,5,34,18"/><T31/><D112/><U20/><E109/><V68/><F68/><W115/><G73/><T83/><D54/><U97/><E128/><V13/><F37/><W45/><G84/><T95/><D83/><U70/><E70/><V103/><F114/><N who="3" m="43531" /><G45/><T99/><D27/><U49/><E20/><V102/><F111/><W78/><G78/><T7/><D7/><U50/><E24/><V29/><F29/><N who="3" m="19767" /><G52/><T91/><REACH who="0" step="1"/><D0/><REACH who="0" ten="250,220,260,260" step="2"/><U105/><E53/><V134/><F122/><W90/><G5/><T104/><D104/><U65/><E105/><V126/><F123/><W33/><G129/><T48/><D48/><U30/><E14/><V69/><F15/><W4/><G4/><T67/><D67/><U57/><E65/><V101/><F13/><W77/><G33/><T82/><D82/><U121/><E121/><V125/><F120/><W2/><G2/><T81/><D81/><U135/><E30/><V42/><F130/><W110/><G110/><T55/><D55/><U71/><E118/><V58/><F116/><W80/><G18/><T51/><D51/><U66/><E117/><V56/><F42/><W47/><G77/><T79/><D79/><U87/><E49/><V16/><F16/><W28/><G28/><T85/><D85/><U36/><E50/><V89/><F75/><W22/><G80/><T74/><D74/><U43/><E66/><V119/><F119/><W1/><G1/><T10/><D10/><U100/><E9/><V88/><F8/><W86/><G86/><T44/><D44/><U93/><E87/><V46/><F72/><W39/><G47/><RYUUKYOKU ba="1,1" sc="250,30,220,-10,260,-10,260,-10" hai0="6,11,12,23,25,31,40,41,62,64,91,95,99" /><INIT seed="0,2,1,0,0,59" ten="280,210,250,250" oya="0" hai0="1,66,74,10,124,62,46,3,70,128,16,97,0" hai1="43,131,135,2,122,33,115,27,30,54,23,11,81" hai2="78,65,69,55,56,20,63,41,22,130,57,5,126" hai3="93,51,120,52,67,91,32,129,39,6,40,25,48"/><T105/><D74/><U100/><E122/><V113/><F41/><W85/><G129/><T121/><D121/><U103/><E131/><V87/><F130/><W15/><G120/><T106/><D128/><U29/><E135/><V134/><F113/><W68/><G32/><T37/><D124/><U101/><E115/><V44/><F126/><W47/><G25/><T84/><D84/><U36/><E81/><V14/><F44/><W24/><G24/><T38/><D46/><U96/><E43/><V89/><F69/><W76/><G76/><T50/><D50/><U133/><E36/><V95/><F78/><W112/><G112/><T17/><D97/><U117/><E133/><V132/><F132/><W8/><REACH who="3" step="1"/><G52/><REACH who="3" ten="280,210,250,240" step="2"/><T34/><D34/><U127/><E127/><V92/><F134/><W75/><G75/><T109/><D109/><U53/><E33/><V58/><F55/><W13/><G13/><T119/><D119/><U42/><E30/><V90/><F14/><W18/><G18/><T72/><D72/><U9/><E42/><V35/><F35/><W45/><G45/><T77/><D77/><U123/><E123/><V7/><F7/><W26/><G26/><T102/><D17/><U79/><E79/><V86/><REACH who="2" step="1"/><F5/><REACH who="2" ten="280,210,240,240" step="2"/><W88/><G88/><T82/><D0/><U49/><E2/><V116/><F116/><W108/><G108/><T61/><D1/><U107/><E117/><V21/><AGARI ba="2,3" hai="20,21,22,56,57,58,63,65,86,87,89,90,92,95" machi="21" ten="30,8000,1" yaku="1,1,0,1,9,1,8,1,52,1,53,0" doraHai="59" doraHaiUra="28" who="2" fromWho="2" sc="280,-42,210,-22,240,116,240,-22" /><INIT seed="1,0,0,4,2,116" ten="238,188,356,218" oya="1" hai0="102,7,113,66,108,32,54,111,58,100,8,4,12" hai1="57,101,92,72,115,20,30,5,11,31,65,117,98" hai2="23,121,16,45,128,21,93,49,56,87,63,110,73" hai3="132,2,78,76,96,35,130,62,88,83,97,84,47"/><U81/><E117/><V25/><F73/><W14/><G2/><T99/><D113/><U64/><E115/><V82/><F110/><N who="0" m="42026" /><D32/><U42/><E42/><V74/><F128/><W106/><G35/><T95/><D66/><U27/><E31/><V52/><F74/><W120/><G120/><T60/><D102/><U91/><E65/><V48/><F121/><W50/><G130/><T118/><D118/><U3/><E72/><V68/><F68/><W37/><G37/><T134/><D134/><U79/><E79/><N who="3" m="30250" /><G106/><T34/><D34/><U112/><E112/><V51/><F93/><W109/><G132/><T13/><D4/><U61/><REACH who="1" step="1"/><E81/><REACH who="1" ten="238,178,356,218" step="2"/><V19/><F82/><W77/><G109/><T10/><D10/><U129/><E129/><V90/><F87/><W89/><G97/><T53/><D54/><U24/><E24/><N who="2" m="14375" /><F90/><AGARI ba="0,1" hai="3,5,11,20,27,30,57,61,64,90,91,92,98,101" machi="90" ten="40,12000,1" yaku="1,1,25,2,53,1" doraHai="116" doraHaiUra="1" who="1" fromWho="2" sc="238,0,178,130,356,-120,218,0" /><INIT seed="1,1,0,0,4,57" ten="238,308,236,218" oya="1" hai0="107,92,63,27,135,84,96,33,9,35,72,67,6" hai1="133,110,78,77,22,71,41,10,68,46,21,98,118" hai2="131,16,81,37,19,106,31,105,90,7,134,97,14" hai3="56,119,109,89,28,116,125,48,85,95,115,88,86"/><U13/><E118/><N who="3" m="45098" /><G28/><T122/><D72/><U99/><E133/><V65/><F37/><W113/><G48/><T32/><D135/><U47/><E110/><V114/><F134/><W3/><G3/><T132/><D132/><U82/><E10/><V69/><F131/><W124/><G109/><T30/><D122/><U51/><E13/><V42/><F42/><W94/><G56/><T40/><D40/><U55/><E41/><V74/><F31/><W75/><G75/><T108/><D84/><U11/><E11/><V49/><F49/><W104/><G104/><T70/><D108/><U29/><E82/><V12/><F7/><W112/><AGARI ba="1,0" hai="85,86,88,89,94,95,112,113,115,124,125" m="45098" machi="112" ten="40,8000,1" yaku="12,1,34,2,54,1" doraHai="57" who="3" fromWho="3" sc="238,-21,308,-41,236,-21,218,83" /><INIT seed="2,0,0,4,1,16" ten="217,267,215,301" oya="2" hai0="88,29,46,61,3,74,109,12,30,111,102,66,107" hai1="23,80,99,6,4,26,97,59,44,90,81,108,130" hai2="51,69,55,20,75,64,27,101,2,40,118,86,132" hai3="56,14,70,68,71,13,131,87,53,79,78,122,135"/><V105/><F75/><W72/><G122/><T112/><D112/><U24/><E108/><N who="0" m="41545" /><D3/><U34/><E130/><V47/><F118/><W94/><G72/><T119/><D119/><U36/><E34/><V103/><F132/><W73/><G73/><T104/><D74/><U128/><E128/><V19/><F2/><W93/><G131/><T62/><D46/><U113/><E26/><V22/><F105/><N who="0" m="40522" /><D102/><U65/><E44/><V98/><F98/><N who="1" m="37385" /><E36/><V10/><F10/><W121/><G121/><T48/><D48/><U57/><E113/><V133/><F133/><W96/><G135/><T49/><D49/><U67/><E59/><V76/><F40/><W18/><G87/><T7/><D88/><U106/><E90/><V8/><F8/><W82/><G82/><N who="1" m="31850" /><E106/><V32/><F76/><W9/><G94/><T15/><D7/><N who="1" m="2603" /><E57/><V17/><F86/><W33/><G33/><T95/><D95/><U28/><AGARI ba="0,0" hai="23,24,28,65,67" m="2603,31850,37385" machi="28" ten="30,2000,0" yaku="8,1,52,1" doraHai="16" who="1" fromWho="1" sc="217,-5,267,20,215,-10,301,-5" /><INIT seed="3,0,0,2,3,94" ten="212,287,205,296" oya="3" hai0="96,128,75,64,114,47,88,74,67,51,108,11,3" hai1="36,38,130,40,111,14,60,62,15,73,13,26,98" hai2="2,118,35,31,41,46,110,5,9,109,100,10,99" hai3="69,113,7,83,107,82,103,66,28,123,89,57,102"/><W45/><G113/><T93/><D114/><U81/><E111/><N who="2" m="42507" /><F10/><W71/><G123/><T56/><D108/><U104/><E130/><V132/><F118/><W72/><G7/><T55/><D128/><U134/><E134/><V30/><F35/><W20/><G20/><T95/><D3/><U27/><E73/><V127/><F127/><W77/><G28/><T37/><D11/><U33/><E81/><V39/><F132/><W1/><G1/><T119/><D119/><U18/><E18/><V42/><F42/><W116/><G116/><T65/><D37/><U105/><E13/><V63/><F63/><N who="3" m="38255" /><G45/><T58/><REACH who="0" step="1"/><D93/><AGARI ba="0,0" hai="2,5,9,30,31,39,41,46,93,99,100" m="42507" machi="93" ten="30,2000,0" yaku="14,1,52,1" doraHai="94" who="2" fromWho="0" sc="212,-20,287,0,205,20,296,0" /><INIT seed="4,0,0,2,5,121" ten="192,287,225,296" oya="0" hai0="119,110,83,25,10,60,24,55,135,54,84,31,53" hai1="65,14,33,81,21,114,106,111,130,59,8,131,30" hai2="99,75,41,85,38,101,115,126,77,16,50,28,36" hai3="23,20,90,26,80,34,91,109,5,67,39,108,124"/><T118/><D135/><U35/><E106/><V29/><F75/><W18/><G39/><T32/><D110/><U9/><E81/><N who="2" m="47279" /><F38/><W45/><G67/><T87/><D10/><N who="1" m="4203" /><E59/><V86/><F115/><W48/><G5/><T71/><D24/><N who="1" m="16655" /><E65/><V123/><F126/><W105/><G105/><T112/><D112/><U4/><E114/><V95/><F36/><W56/><G56/><T133/><D133/><U57/><E57/><V68/><F68/><W129/><G34/><N who="1" m="12810" /><E111/><V64/><F64/><W74/><G124/><T128/><D71/><U19/><E4/><V116/><F123/><W27/><G129/><T47/><D128/><U49/><E49/><V97/><F116/><W6/><G6/><T0/><D60/><U100/><E100/><V58/><F86/><W82/><G82/><T66/><D66/><U132/><E132/><V96/><F96/><W17/><G90/><T12/><D47/><U127/><E127/><V102/><F99/><W42/><G91/><N who="0" m="51615" /><D87/><U63/><E63/><V51/><F102/><W73/><G73/><T88/><D88/><U125/><E125/><V76/><F76/><AGARI ba="0,0" hai="17,18,20,23,26,27,42,45,48,74,76,80,108,109" machi="76" ten="40,5200,0" yaku="9,1,52,2" doraHai="121" who="3" fromWho="2" sc="192,0,287,0,225,-52,296,52" owari="192,-20.8,287,8.7,173,-32.7,348,44.8" /></mjloggm>