<mjloggm ver="2.3"><GO type="225" lobby="0"/><UN n0="%E3%82%8C%E3%81%99%E3%81%93" n1="%E6%A1%9C%E8%8A%B1%E9%96%83%E3%80%85" n2="%E6%81%A5%E6%99%92%E3%81%97" n3="%E3%82%A2%E3%83%A1%E3%82%A2%E3%83%A9%E3%83%AC" dan="16,16,16,16" rate="2102.71,2131.21,2148.07,2038.96" sx="F,M,M,M"/><TAIKYOKU oya="0"/><INIT seed="0,0,0,4,0,42" ten="250,250,250,250" oya="0" hai0="100,60,47,41,109,5,97,113,54,66,61,111,33" hai1="77,72,17,30,39,18,101,13,90,119,103,62,14" hai2="127,96,126,49,87,22,43,91,55,56,19,26,15" hai3="8,35,69,80,118,70,27,50,36,2,75,48,74"/><T52/><D113/><U46/><E119/><V24/><F96/><W84/><G118/><T104/><D33/><U25/><E90/><V0/><F0/><W11/><G36/><N who="0" m="21927" /><D5/><U123/><E123/><V1/><F1/><W81/><G35/><T88/><D88/><U128/><E128/><V20/><F20/><W112/><G2/><T28/><D28/><U31/><E62/><N who="0" m="24169" /><D66/><U114/><E114/><V134/><F134/><W7/><G112/><T45/><D45/><U65/><E65/><V98/><F98/><W10/><G7/><T105/><D105/><U63/><E30/><V135/><F135/><W125/><G27/><T122/><D122/><U106/><E106/><V132/><F132/><W57/><G10/><T129/><D129/><U68/><E14/><V58/><F58/><W107/><G107/><T73/><D73/><U37/><E46/><V9/><F43/><W3/><G3/><T94/><D104/><U44/><E44/><V53/><F53/><W16/><G57/><T67/><D67/><N who="1" m="41087" /><E17/><V108/><F26/><W117/><G117/><T131/><D131/><U124/><E18/><V121/><F121/><W76/><G16/><T79/><D79/><U133/><E13/><V6/><F87/><W120/><G120/><T95/><D95/><U115/><E133/><V21/><F91/><W12/><G12/><T85/><D85/><U29/><E115/><V93/><F93/><W32/><G84/><T116/><D116/><U78/><E25/><V59/><F24/><W64/><G76/><T110/><AGARI ba="0,0" hai="52,54,94,97,100,109,110,111" m="24169,21927" machi="110" ten="40,12000,1" yaku="14,1,10,1,52,1,54,1" doraHai="42" who="0" fromWho="0" sc="250,120,250,-40,250,-40,250,-40" /><INIT seed="0,1,0,5,4,19" ten="370,210,210,210" oya="0" hai0="6,86,2,12,93,4,24,57,29,71,41,129,78" hai1="32,132,30,65,46,8,20,96,116,25,91,43,98" hai2="134,112,44,50,104,9,120,131,118,67,66,63,127" hai3="109,53,81,64,59,107,111,10,84,55,22,101,1"/><T17/><D71/><U102/><E116/><V45/><F104/><W76/><G64/><T13/><D2/><U108/><E108/><N who="3" m="41546" /><G107/><T119/><D119/><U52/><E132/><V122/><F118/><W88/><G101/><T124/><D129/><U37/><E65/><V11/><F112/><W114/><G114/><T48/><D124/><U83/><E8/><V0/><F134/><W15/><G1/><T14/><D17/><U72/><E32/><V106/><F106/><W115/><G115/><T125/><D125/><U70/><E70/><V3/><F50/><N who="3" m="31159" /><G55/><T31/><D31/><U80/><E102/><V97/><F97/><W35/><G35/><T38/><D38/><U99/><E72/><V26/><F127/><W73/><G22/><N who="0" m="15511" /><D57/><U27/><E27/><V74/><F26/><W117/><G117/><T16/><D16/><U121/><E30/><V39/><F74/><W79/><G73/><T47/><D78/><U135/><E135/><V128/><REACH who="2" step="1"/><F63/><REACH who="2" ten="370,210,200,210" step="2"/><W23/><G23/><T34/><D34/><U40/><E20/><V110/><F110/><W62/><G62/><T105/><D105/><U85/><E25/><V56/><F56/><W60/><G60/><T36/><D36/><AGARI ba="1,1" hai="0,3,9,11,36,39,44,45,66,67,120,122,128,131" machi="36" ten="25,3200,0" yaku="1,1,22,2,53,0" doraHai="19" doraHaiUra="75" who="2" fromWho="0" sc="370,-35,210,0,200,45,210,0" /><INIT seed="1,0,0,4,4,109" ten="335,210,245,210" oya="1" hai0="37,91,4,118,96,116,88,115,38,13,135,32,120" hai1="125,44,7,60,131,39,35,114,59,65,119,104,76" hai2="99,27,43,107,52,112,126,21,45,87,17,111,16" hai3="110,83,85,71,61,48,69,9,80,68,11,0,103"/><U75/><E119/><V127/><F111/><W121/><G110/><T128/><D32/><U41/><E125/><N who="2" m="47627" /><F87/><W49/><G121/><T117/><D115/><U8/><E131/><V53/><F112/><W86/><G103/><T5/><D120/><U132/><E132/><V58/><F17/><W22/><G22/><T12/><D96/><U51/><E35/><V64/><F64/><W72/><G61/><T20/><D20/><U95/><E104/><V67/><F67/><W57/><G72/><T40/><D40/><U122/><E122/><V34/><F58/><W36/><G36/><N who="0" m="13931" /><D128/><U74/><E114/><V78/><F78/><W29/><G29/><T101/><D101/><U30/><E30/><N who="2" m="19807" /><F99/><W15/><G69/><T102/><D102/><U23/><E76/><V19/><F19/><W81/><G81/><T25/><D25/><U108/><E108/><V133/><F133/><W3/><G57/><T106/><D106/><U129/><E129/><V113/><F113/><W56/><G56/><T93/><D135/><U84/><E23/><V54/><F107/><W90/><REACH who="3" step="1"/><G15/><REACH who="3" ten="335,210,245,200" step="2"/><N who="0" m="5707" /><D93/><U98/><E39/><N who="2" m="21759" /><F21/><W42/><G42/><T79/><D118/><U105/><E105/><V55/><F54/><W89/><AGARI ba="0,1" hai="0,3,9,11,48,49,68,71,80,83,85,86,89,90" machi="89" ten="25,6400,0" yaku="1,1,0,1,22,2,53,0" doraHai="109" doraHaiUra="100" who="3" fromWho="3" sc="335,-16,210,-32,245,-16,200,74" /><INIT seed="2,0,0,3,0,65" ten="319,178,229,274" oya="2" hai0="124,77,121,135,130,44,64,63,47,72,80,132,9" hai1="79,134,62,50,82,107,6,57,126,120,22,87,98" hai2="1,104,114,25,112,61,113,55,52,103,28,37,45" hai3="99,51,119,68,26,70,78,131,102,111,96,2,8"/><V118/><F118/><W59/><G119/><T73/><D121/><U106/><E120/><V93/><F1/><W19/><G111/><T88/><D130/><U20/><E126/><V35/><F104/><W30/><G131/><T29/><D124/><U69/><E134/><N who="0" m="51241" /><D73/><U15/><E107/><V43/><REACH who="2" step="1"/><F61/><REACH who="2" ten="319,178,219,274" step="2"/><W12/><G2/><T90/><D63/><U13/><E106/><V4/><F4/><W11/><G11/><T49/><D9/><U92/><E6/><V16/><F16/><W56/><G19/><T125/><D125/><U58/><E62/><V42/><F42/><W23/><G8/><T66/><D29/><U48/><E15/><V0/><F0/><W18/><G18/><T83/><D47/><U41/><E41/><V122/><F122/><W5/><G30/><T117/><D117/><U76/><E13/><V109/><F109/><W85/><G12/><T95/><D44/><U24/><E24/><V94/><F94/><W116/><G26/><T108/><D108/><U27/><E27/><V46/><F46/><W89/><G5/><T54/><D95/><U100/><E92/><V115/><N who="2" m="28672" /><DORA hai="133" /><V67/><F67/><W14/><G14/><T110/><D110/><U71/><E20/><V7/><F7/><W128/><G23/><T127/><D127/><U33/><E22/><V39/><F39/><W3/><G3/><T38/><D38/><U10/><E10/><V17/><F17/><W60/><G60/><T105/><D105/><U123/><E123/><V53/><F53/><W31/><G116/><T36/><D54/><U129/><E129/><RYUUKYOKU ba="0,1" sc="319,-10,178,-10,219,30,274,-10" hai2="25,28,35,37,43,45,52,55,93,103" /><INIT seed="2,1,1,2,5,27" ten="309,168,249,264" oya="2" hai0="71,50,81,58,57,120,125,113,62,52,40,34,19" hai1="128,121,105,32,45,53,68,129,37,134,10,102,4" hai2="82,15,31,115,92,51,54,17,74,23,55,12,87" hai3="83,84,85,5,86,123,94,9,47,77,93,65,22"/><V13/><F115/><W28/><G123/><T20/><D120/><U118/><E121/><V89/><F74/><W79/><G65/><T80/><D113/><U112/><E112/><V119/><F119/><W95/><G47/><N who="0" m="25959" /><D71/><U122/><E122/><V103/><F55/><W35/><G35/><T36/><D36/><U96/><E118/><V104/><F104/><W64/><G64/><N who="0" m="38991" /><D34/><U130/><E134/><V7/><F7/><W41/><G41/><T3/><D3/><U72/><E72/><V44/><F31/><W88/><G83/><T131/><D131/><U0/><E53/><V124/><F124/><W29/><G22/><T117/><D125/><U26/><E68/><V67/><F67/><W107/><G107/><T42/><D42/><N who="1" m="22735" /><E130/><V6/><REACH who="2" step="1"/><F6/><REACH who="2" ten="309,168,239,264" step="2"/><W59/><G5/><T108/><D117/><U116/><E116/><V70/><F70/><W101/><G29/><AGARI ba="1,2" hai="0,4,10,26,29,32,96,102,105,128,129" m="22735" machi="29" ten="30,2000,0" yaku="23,1,52,1" doraHai="27" who="1" fromWho="3" sc="309,0,168,43,239,0,264,-23" /><INIT seed="3,0,0,4,4,27" ten="309,211,239,241" oya="3" hai0="49,73,121,125,51,83,18,77,21,10,65,34,104" hai1="60,19,25,36,5,133,71,38,8,63,78,58,54" hai2="14,61,98,119,111,94,131,35,114,41,123,30,135" hai3="115,76,113,92,22,126,75,100,112,103,69,130,129"/><W127/><G69/><T70/><D121/><U31/><E133/><V3/><F114/><W13/><G13/><T134/><D34/><U39/><E78/><V66/><F119/><W43/><G43/><T9/><D104/><U42/><E19/><V20/><F135/><W84/><G22/><T59/><D134/><U52/><E42/><V55/><F111/><W16/><G16/><T122/><D122/><U93/><E93/><V99/><F131/><N who="3" m="50187" /><G75/><T7/><D70/><U74/><E74/><V89/><F3/><W46/><G46/><T85/><D73/><U47/><E71/><V88/><F41/><W45/><G45/><T82/><D82/><U97/><E47/><V28/><F55/><W132/><G132/><T40/><D125/><N who="3" m="47625" /><G76/><T44/><D7/><U72/><E72/><V29/><F35/><W90/><AGARI ba="0,0" hai="84,90,92,100,103,112,113,115" m="47625,50187" machi="90" ten="40,12000,1" yaku="19,1,18,1,34,2" doraHai="27" who="3" fromWho="3" sc="309,-40,211,-40,239,-40,241,120" owari="269,6.9,171,-32.9,199,-20.1,361,46.1" /></mjloggm>