<mjloggm ver="2.3"><GO type="225" lobby="0"/><UN n0="%E6%9D%B1%E9%A2%A8%E3%81%AE%E3%81%8D%E3%82%83%E3%81%B7%E3%81%95%E3%82%93" n1="%E5%A4%96%E5%B7%9D%E7%AB%9C%E6%88%90" n2="%E9%B3%B3%E6%9D%B1%E3%81%AE%E3%81%86%E3%81%95%E3%81%8E%E3%81%95%E3%82%93" n3="%E3%83%81%E3%83%AF%E3%83%AF%E9%9A%8A%E9%95%B7" dan="17,16,17,17" rate="2194.01,2117.31,2216.58,2223.43" sx="M,M,M,M"/><TAIKYOKU oya="0"/><INIT seed="0,0,0,0,5,88" ten="250,250,250,250" oya="0" hai0="117,6,58,29,82,38,120,106,71,78,84,9,97" hai1="81,25,50,0,35,39,30,53,36,12,33,102,1" hai2="123,44,43,10,124,111,69,95,51,24,128,68,23" hai3="101,100,21,37,103,47,48,60,66,62,34,8,18"/><T126/><D71/><U98/><E35/><V52/><F123/><W121/><G34/><T108/><D117/><U59/><E12/><V63/><F111/><W14/><G37/><T42/><D120/><U119/><E119/><V133/><F128/><W80/><G121/><T134/><D108/><U118/><E118/><V73/><F73/><W92/><G80/><T61/><D134/><U2/><REACH who="1" step="1"/><E81/><REACH who="1" ten="250,240,250,250" step="2"/><V122/><F122/><W54/><G66/><T5/><D126/><U91/><E91/><V83/><F83/><W90/><REACH who="3" step="1"/><G8/><REACH who="3" ten="250,240,250,240" step="2"/><T4/><D9/><U127/><E127/><V115/><F10/><W77/><G77/><T32/><D32/><U27/><E27/><V74/><F24/><W11/><G11/><T57/><D29/><U109/><E109/><V94/><F124/><W125/><G125/><T65/><D38/><U85/><E85/><AGARI ba="0,2" hai="14,18,21,47,48,54,60,62,85,90,92,100,101,103" machi="85" ten="40,5200,0" yaku="1,1,8,1,52,1,53,0" doraHai="88" doraHaiUra="55" who="3" fromWho="1" sc="250,0,240,-52,250,0,240,72" /><INIT seed="1,0,0,2,5,11" ten="250,188,250,312" oya="1" hai0="15,56,133,38,129,121,57,19,67,91,90,37,43" hai1="61,44,96,116,107,105,104,100,69,50,49,95,75" hai2="59,51,22,36,39,58,92,16,18,99,4,60,126" hai3="125,127,62,33,3,17,66,132,29,31,98,47,118"/><U128/><E116/><V77/><F126/><N who="3" m="48139" /><G3/><T52/><D133/><U70/><E75/><V64/><F4/><W76/><G132/><T79/><D129/><U20/><E128/><V73/><F73/><W2/><G118/><T7/><D121/><U103/><E103/><V122/><F122/><W45/><G2/><T24/><D37/><U112/><E112/><V130/><F130/><W23/><G33/><T27/><D38/><U102/><E102/><V83/><F18/><W42/><G76/><T68/><D68/><U101/><E101/><V30/><F30/><N who="3" m="11275" /><G98/><T35/><D35/><U10/><E20/><V111/><F111/><W85/><G85/><T14/><D79/><U106/><N who="1" m="26624" /><DORA hai="108" /><U46/><E10/><V131/><F83/><W93/><G93/><T6/><D19/><U89/><E100/><V81/><F51/><W54/><G54/><T0/><D52/><U134/><E134/><V72/><F59/><N who="3" m="37215" /><G42/><T84/><D43/><U117/><E117/><V34/><F131/><W94/><G94/><T13/><D0/><U82/><E82/><V63/><F34/><W113/><G113/><T135/><D135/><U48/><REACH who="1" step="1"/><E61/><REACH who="1" ten="250,178,250,312" step="2"/><V53/><F63/><W109/><G109/><T114/><D114/><U21/><E21/><V41/><F22/><W124/><G124/><T120/><D120/><U88/><E88/><V32/><F81/><W8/><G8/><T71/><D91/><U110/><E110/><V74/><F74/><W80/><G80/><T1/><D90/><U97/><E97/><V123/><F99/><W86/><G86/><T5/><D84/><RYUUKYOKU ba="0,1" sc="250,-15,178,15,250,-15,312,15" hai1="44,46,48,49,50,69,70,89,95,96" hai3="17,23,45,47" /><INIT seed="1,1,1,2,3,63" ten="235,193,235,327" oya="1" hai0="42,81,87,7,114,127,9,107,29,8,78,84,35" hai1="96,52,27,13,36,132,10,120,30,89,70,134,125" hai2="129,51,67,100,43,97,64,5,77,113,58,12,49" hai3="4,24,111,103,109,55,38,61,40,99,50,44,76"/><U6/><E120/><V33/><F33/><W73/><G4/><T123/><D114/><U117/><E117/><V94/><F113/><W118/><G118/><T86/><D123/><U79/><E36/><V16/><F129/><W105/><G61/><T106/><D127/><U54/><E70/><V34/><F34/><W101/><G101/><T133/><D133/><N who="1" m="51307" /><E79/><V2/><F2/><W53/><G24/><T23/><D35/><N who="1" m="20959" /><E125/><V135/><F5/><W124/><G124/><T32/><D32/><U19/><E19/><V69/><F69/><W46/><REACH who="3" step="1"/><G53/><REACH who="3" ten="235,193,235,317" step="2"/><T71/><D7/><U47/><E47/><N who="2" m="25855" /><F135/><W95/><G95/><AGARI ba="1,2" hai="6,10,13,52,54,89,95,96" m="20959,51307" machi="95" ten="30,2900,0" yaku="20,1,54,1" doraHai="63" who="1" fromWho="3" sc="235,0,193,52,235,0,317,-32" /><INIT seed="1,2,0,3,4,64" ten="235,245,235,285" oya="1" hai0="21,81,117,47,133,75,26,118,25,107,37,70,7" hai1="86,30,12,17,89,135,28,108,88,91,41,31,77" hai2="72,18,63,93,38,9,97,80,5,53,125,112,130" hai3="85,4,90,1,99,69,51,92,110,16,87,102,39"/><U8/><E135/><V105/><F105/><W114/><G39/><T44/><D107/><U82/><E108/><V116/><F116/><W68/><G114/><T15/><D133/><U45/><REACH who="1" step="1"/><E77/><REACH who="1" ten="235,235,235,285" step="2"/><V74/><F112/><W79/><G110/><T67/><D118/><U129/><E129/><V33/><F130/><W73/><G79/><T78/><D117/><U50/><AGARI ba="2,1" hai="8,12,17,28,30,31,41,45,50,82,86,88,89,91" machi="50" ten="30,12000,1" yaku="1,1,0,1,8,1,54,1,53,1" doraHai="64" doraHaiUra="10" who="1" fromWho="1" sc="235,-42,235,136,235,-42,285,-42" /><INIT seed="1,3,0,5,4,11" ten="193,371,193,243" oya="1" hai0="33,52,31,34,39,99,85,3,69,124,101,134,7" hai1="41,104,35,90,94,88,5,62,128,50,65,15,91" hai2="56,111,75,76,16,57,43,19,86,96,98,9,25" hai3="119,42,2,48,12,24,30,38,44,55,70,107,4"/><U10/><E104/><V135/><F111/><W120/><G120/><T23/><D69/><U127/><E35/><V32/><F135/><W116/><G107/><T73/><D39/><U40/><E128/><V59/><F75/><W46/><G70/><T27/><D73/><U26/><E127/><V129/><F129/><W66/><G66/><T45/><D134/><U93/><E26/><V112/><F112/><W6/><G2/><T17/><D124/><U67/><E67/><V95/><F43/><W64/><G64/><T130/><D130/><U92/><REACH who="1" step="1"/><E50/><REACH who="1" ten="193,361,193,243" step="2"/><V79/><F32/><W71/><G48/><T83/><D33/><U47/><E47/><V20/><F25/><W122/><G24/><T37/><D34/><U14/><E14/><V110/><F110/><W81/><G44/><T63/><D45/><U13/><E13/><V74/><F57/><AGARI ba="3,1" hai="5,10,15,40,41,57,62,65,88,90,91,92,93,94" machi="57" ten="40,12000,1" yaku="1,1,8,1,52,1,54,1,53,0" doraHai="11" doraHaiUra="121" who="1" fromWho="2" sc="193,0,361,139,193,-129,243,0" /><INIT seed="1,4,0,2,1,3" ten="193,500,64,243" oya="1" hai0="80,125,81,112,54,5,40,123,119,110,77,53,95" hai1="30,133,117,11,26,37,72,29,47,121,130,0,105" hai2="61,39,68,115,92,22,48,100,57,79,14,85,42" hai3="87,1,116,75,33,21,104,122,18,103,25,135,73"/><U69/><RYUUKYOKU type="yao9" ba="4,0" sc="193,0,500,0,64,0,243,0" hai1="0,11,26,29,30,37,47,69,72,105,117,121,130,133" /><INIT seed="1,5,0,2,1,110" ten="193,500,64,243" oya="1" hai0="45,48,112,133,130,101,1,16,119,35,49,71,21" hai1="7,74,124,67,70,29,33,5,39,121,23,64,17" hai2="111,88,63,43,95,104,32,135,38,3,75,113,109" hai3="51,54,26,58,134,87,55,118,59,108,84,41,85"/><U68/><E121/><V4/><F32/><W20/><G108/><N who="2" m="41545" /><F4/><W15/><G118/><T47/><D71/><U6/><E39/><V81/><F3/><W57/><G134/><T83/><D35/><U19/><E74/><V89/><F63/><W8/><G41/><T97/><D1/><U52/><E33/><V10/><F10/><W34/><G34/><T9/><D9/><U132/><E132/><V56/><F56/><W36/><G36/><T24/><D119/><U65/><E124/><V27/><F27/><W91/><G91/><N who="2" m="34889" /><F104/><W77/><G51/><T76/><D133/><U90/><E29/><V92/><F135/><W73/><G8/><T11/><D11/><U120/><E120/><V102/><F43/><W69/><G69/><T66/><D66/><U126/><E126/><V106/><F38/><W103/><G15/><T105/><D48/><U123/><E123/><V72/><F113/><W14/><G14/><T127/><D112/><U100/><E70/><V129/><F129/><W40/><G40/><T13/><D127/><U116/><E68/><V131/><F131/><W44/><G44/><N who="0" m="16971" /><D49/><U117/><E5/><V0/><F0/><W86/><G54/><T96/><D130/><U60/><E6/><V18/><F18/><W22/><G55/><T82/><D13/><U62/><E7/><V79/><F72/><W37/><G73/><N who="0" m="43279" /><D83/><U80/><E117/><V46/><F46/><W12/><G37/><T114/><D114/><U61/><E116/><V50/><F50/><W28/><G57/><T122/><D122/><U115/><E115/><V53/><F53/><RYUUKYOKU ba="5,0" sc="193,15,500,-15,64,15,243,-15" hai0="16,21,24,96,97,101,105" hai2="75,79,81,92,95,102,106" /><INIT seed="2,6,0,0,3,69" ten="208,485,79,228" oya="2" hai0="118,66,18,12,38,123,122,59,67,26,71,87,33" hai1="94,133,7,119,114,83,115,113,84,80,105,41,56" hai2="98,43,89,117,121,34,31,55,8,29,134,131,77" hai3="24,60,81,135,20,13,64,61,65,85,21,132,30"/><V49/><F117/><W103/><G103/><T28/><D118/><U39/><E119/><V36/><F121/><W37/><G37/><T57/><D38/><U6/><E105/><V78/><F131/><W0/><G0/><T48/><D87/><U96/><E80/><V15/><F134/><N who="3" m="51243" /><G13/><T75/><D75/><U95/><E94/><N who="2" m="56655" /><F43/><W120/><G120/><T112/><D112/><U58/><E133/><V109/><F34/><N who="3" m="20807" /><G60/><T124/><D124/><U19/><E41/><V16/><F36/><W53/><G53/><T11/><D71/><U25/><E39/><V106/><F106/><W27/><G61/><T5/><D123/><U104/><E104/><V111/><F31/><N who="3" m="17895" /><G21/><T2/><D122/><U42/><E42/><V107/><F107/><W54/><G54/><T97/><D48/><U82/><E115/><V4/><F29/><W110/><G110/><N who="2" m="41993" /><F4/><W22/><G22/><N who="0" m="11591" /><D97/><U86/><E6/><V68/><F68/><W70/><G70/><T108/><D108/><U79/><E7/><V62/><F62/><W32/><G32/><T126/><D126/><U40/><E40/><V10/><F8/><W125/><G125/><T91/><D11/><U74/><E114/><V116/><F116/><W92/><G92/><T72/><D5/><U93/><E113/><V101/><F101/><W1/><G1/><T129/><D2/><U23/><E95/><V46/><AGARI ba="6,0" hai="10,15,16,46,49,55,77,78" m="41993,56655" machi="46" ten="30,6000,0" yaku="14,1,10,1,54,1" doraHai="69" who="2" fromWho="2" sc="208,-26,485,-26,79,78,228,-26" /><INIT seed="2,7,0,5,1,35" ten="182,459,157,202" oya="2" hai0="135,100,129,74,83,5,8,97,125,42,17,38,112" hai1="60,110,59,13,75,68,109,82,2,67,14,29,111" hai2="85,126,28,133,102,98,113,81,23,4,10,16,101" hai3="61,88,127,7,49,30,63,124,130,115,73,99,107"/><V91/><F113/><W25/><G73/><T84/><D112/><U118/><E118/><V104/><F133/><W76/><G115/><T105/><D135/><U55/><E2/><V58/><F126/><N who="3" m="48171" /><G130/><T134/><D129/><U37/><E37/><V27/><F102/><N who="3" m="62943" /><G76/><T64/><D134/><U50/><E29/><V1/><REACH who="2" step="1"/><F58/><REACH who="2" ten="182,459,147,202" step="2"/><W87/><G7/><T79/><D125/><U69/><E69/><V24/><F24/><W119/><G119/><T40/><D64/><U92/><E68/><V21/><F21/><N who="3" m="15663" /><G49/><T53/><D38/><U77/><E67/><V71/><F71/><W44/><G44/><T95/><D5/><U31/><E50/><V65/><F65/><W15/><G15/><N who="0" m="7399" /><D53/><U132/><E132/><V117/><F117/><W123/><G123/><T11/><D11/><U6/><E6/><V106/><F106/><W19/><G19/><AGARI ba="7,1" hai="1,4,10,16,19,23,27,28,81,85,91,98,101,104" machi="19" ten="40,7700,0" yaku="1,1,52,1,54,1,53,0" doraHai="35" doraHaiUra="72" who="2" fromWho="3" sc="182,0,459,0,147,108,202,-98" /><INIT seed="2,8,0,2,5,14" ten="182,459,255,104" oya="2" hai0="107,69,43,95,135,115,7,6,110,64,94,103,55" hai1="36,126,121,0,20,50,42,66,1,13,119,118,65" hai2="97,122,83,25,133,11,130,76,82,109,47,96,104" hai3="27,22,101,4,71,89,53,86,61,28,84,67,92"/><V62/><F122/><W41/><G41/><T72/><D72/><U75/><E50/><V16/><F130/><W31/><G4/><T8/><D115/><U46/><E75/><V49/><F133/><W116/><G116/><T33/><D110/><U37/><E42/><V88/><F109/><W124/><G124/><T38/><D33/><U30/><E30/><V105/><F62/><W128/><G128/><T90/><D135/><U120/><E13/><N who="2" m="7231" /><F105/><W68/><G68/><T78/><D78/><U39/><E39/><V127/><F104/><W48/><G101/><T51/><D107/><U40/><E40/><N who="2" m="24807" /><F127/><W131/><G131/><T23/><D38/><U21/><E46/><V10/><F10/><W98/><REACH who="3" step="1"/><G28/><REACH who="3" ten="182,459,255,94" step="2"/><T79/><D43/><U26/><E126/><V91/><F76/><W44/><AGARI ba="8,1" hai="22,27,31,44,48,53,61,67,71,84,86,89,92,98" machi="44" ten="20,5200,0" yaku="1,1,2,1,0,1,7,1,53,0" doraHai="14" doraHaiUra="12" who="3" fromWho="3" sc="182,-21,459,-21,255,-34,94,86" /><INIT seed="3,0,0,3,4,109" ten="161,438,221,180" oya="3" hai0="0,119,15,134,71,64,24,84,132,31,66,106,25" hai1="51,129,22,56,99,49,27,87,59,122,67,57,50" hai2="47,38,55,9,32,5,135,42,6,81,41,18,118" hai3="69,130,39,90,127,104,113,28,96,23,60,61,21"/><W79/><G39/><T20/><D106/><U77/><E122/><V63/><F32/><W75/><G69/><T62/><D119/><U4/><E129/><V73/><F118/><W111/><G130/><T70/><D0/><U74/><E74/><V123/><F123/><W82/><G111/><T100/><D100/><U48/><E4/><V72/><F42/><W114/><G127/><T125/><D125/><U86/><E99/><V16/><F5/><W8/><G8/><T30/><D84/><N who="1" m="32299" /><E77/><N who="2" m="44199" /><F73/><W29/><G104/><T7/><D7/><U53/><E67/><V14/><F14/><W65/><G65/><T83/><D83/><U98/><E98/><V11/><F11/><W117/><G117/><T37/><D37/><U43/><E43/><V124/><F135/><W121/><G121/><T68/><D15/><U80/><E80/><V108/><F108/><W97/><G82/><T35/><REACH who="0" step="1"/><D66/><REACH who="0" ten="151,438,221,180" step="2"/><U52/><E53/><V10/><F55/><W26/><G75/><T58/><AGARI ba="0,1" hai="20,24,25,30,31,35,58,62,64,68,70,71,132,134" machi="58" ten="40,8000,1" yaku="1,1,2,1,0,1,53,1" doraHai="109" doraHaiUra="19" who="0" fromWho="0" sc="151,90,438,-20,221,-20,180,-40" owari="241,4.1,418,51.8,201,-19.9,140,-36.0" /></mjloggm>