<mjloggm ver="2.3"><GO type="225" lobby="0"/><UN n0="%E3%81%AF%E3%82%88%E3%81%8A%E3%81%98%E3%81%95%E3%82%93" n1="%48%61%61%61%6C%61%6E%64" n2="%E5%AE%AE%E4%BF%9D%E9%B6%8F%E8%82%89" n3="%E6%97%A5%E6%9B%9C%E6%97%A5%E3%82%88%E3%82%8A%E3%81%AE%E4%BD%BF%E8%80%85" dan="16,17,16,17" rate="2199.34,2251.06,2123.45,2152.09" sx="M,M,M,M"/><TAIKYOKU oya="0"/><INIT seed="0,0,0,2,5,71" ten="250,250,250,250" oya="0" hai0="77,11,70,79,4,12,43,98,7,64,130,111,6" hai1="81,20,13,61,41,29,37,25,113,99,68,40,73" hai2="22,119,88,60,91,117,26,16,54,45,59,135,38" hai3="131,63,118,107,0,3,108,53,104,19,115,94,69"/><T134/><D130/><U49/><E113/><V124/><F135/><W46/><G115/><T78/><D134/><U51/><E99/><V75/><F75/><W83/><G118/><N who="2" m="45065" /><F124/><W89/><G83/><T17/><D111/><U33/><E68/><V47/><F47/><W102/><G102/><T8/><D43/><AGARI ba="0,0" hai="16,22,26,38,43,45,54,59,60,88,91" m="45065" machi="43" ten="30,7700,0" yaku="12,1,52,1,54,2" doraHai="71" who="2" fromWho="0" sc="250,-77,250,0,250,77,250,0" /><INIT seed="1,0,0,1,3,75" ten="173,250,327,250" oya="1" hai0="1,100,71,13,82,96,105,134,86,69,127,6,31" hai1="90,93,87,16,25,133,30,62,67,44,24,33,41" hai2="57,81,111,108,0,101,39,64,8,80,85,10,59" hai3="122,32,36,35,128,103,102,98,77,76,14,28,66"/><U72/><E133/><V43/><F101/><W65/><G36/><T99/><D134/><U78/><E72/><V104/><F104/><W117/><G122/><T19/><D127/><U37/><E78/><N who="3" m="30314" /><G28/><T131/><D131/><U68/><E24/><V83/><F85/><W119/><G14/><T48/><D31/><U56/><REACH who="1" step="1"/><E16/><REACH who="1" ten="173,240,327,250" step="2"/><V15/><F111/><W3/><G128/><T60/><D19/><U116/><E116/><N who="3" m="44618" /><G3/><T115/><D1/><U7/><E7/><V97/><F0/><W79/><G79/><T12/><D6/><U55/><E55/><V63/><F108/><W51/><G51/><T74/><D74/><U4/><E4/><V17/><F17/><W113/><G113/><T9/><D48/><U129/><E129/><V135/><F135/><W124/><G124/><T27/><D115/><U40/><E40/><V23/><F43/><W54/><G54/><T94/><D27/><U132/><E132/><V130/><F130/><W18/><G18/><T88/><D13/><U109/><E109/><V84/><F15/><W42/><G42/><T34/><D12/><U47/><E47/><V61/><F8/><W95/><G103/><T118/><D9/><U89/><E89/><V26/><F10/><W5/><G5/><T45/><D118/><U121/><E121/><V120/><F120/><W50/><G50/><T21/><D88/><U29/><E29/><V107/><F26/><W70/><G66/><N who="0" m="41159" /><D100/><U38/><E38/><V2/><F39/><W110/><G110/><T22/><D45/><U53/><E53/><V73/><F2/><W112/><G112/><RYUUKYOKU ba="0,1" sc="173,-15,240,15,327,-15,250,15" hai1="25,30,33,37,41,44,56,62,67,68,87,90,93" hai3="32,35,65,70,95,98,102" /><INIT seed="1,1,1,5,0,29" ten="158,255,312,265" oya="1" hai0="39,106,126,85,90,32,42,55,105,51,21,127,108" hai1="71,37,99,73,107,43,111,2,34,91,116,117,67" hai2="0,70,118,135,95,77,5,115,16,82,26,110,40" hai3="35,131,61,38,112,130,22,3,59,103,58,98,52"/><U87/><E73/><V57/><F70/><W56/><G3/><T100/><D108/><U76/><E76/><V64/><F118/><W123/><G112/><T23/><D42/><U49/><E37/><V122/><F122/><W80/><G123/><T19/><D39/><U96/><E2/><V28/><F40/><W94/><G38/><T18/><D51/><U134/><E134/><V119/><F135/><W6/><G6/><T10/><D10/><U75/><E75/><V101/><F5/><W125/><G125/><T4/><D4/><U113/><E113/><V17/><F0/><W133/><G133/><T12/><D55/><U86/><E111/><V62/><F119/><W124/><G124/><N who="0" m="47659" /><D100/><U11/><E11/><V81/><F115/><W92/><G22/><T114/><D114/><U7/><E7/><V47/><F47/><W25/><G80/><N who="0" m="49447" /><D32/><U20/><E34/><V14/><F110/><W128/><G94/><T13/><AGARI ba="1,1" hai="12,13,18,19,21,23,105,106" m="49447,47659" machi="13" ten="30,1100,0" yaku="18,1" doraHai="29" who="0" fromWho="0" sc="158,24,255,-6,312,-4,265,-4" /><INIT seed="2,0,0,2,5,128" ten="182,249,308,261" oya="2" hai0="50,107,54,22,12,39,58,46,25,109,0,100,70" hai1="93,111,37,49,30,3,94,45,7,2,101,6,53" hai2="76,88,55,13,43,47,84,130,61,68,121,26,34" hai3="125,110,10,16,82,63,106,65,103,48,36,66,29"/><V89/><F130/><W5/><G36/><T73/><D109/><U96/><E111/><V112/><F112/><W114/><G110/><T95/><D0/><U42/><E30/><V69/><F121/><W127/><G114/><T57/><D70/><U28/><E28/><V40/><F34/><W27/><G82/><T91/><D73/><U126/><E126/><N who="3" m="48138" /><G48/><T75/><D75/><U51/><E37/><V4/><F26/><W23/><G29/><T105/><D100/><U98/><E2/><V64/><F69/><W87/><G87/><T38/><D39/><U124/><E3/><V71/><F68/><W117/><G117/><T77/><D77/><U18/><E18/><V131/><F131/><W90/><G90/><T133/><D25/><U120/><E120/><V83/><F55/><W102/><G106/><T123/><D123/><U81/><E81/><V119/><F43/><W15/><G66/><T41/><D58/><AGARI ba="0,0" hai="5,10,15,16,23,27,58,63,65,102,103" m="48138" machi="58" ten="30,2000,0" yaku="18,1,54,1" doraHai="128" who="3" fromWho="0" sc="182,-20,249,0,308,0,261,20" /><INIT seed="3,0,0,2,3,9" ten="162,249,308,281" oya="3" hai0="58,18,121,86,48,98,118,135,66,11,30,8,0" hai1="68,96,110,117,131,4,50,29,79,101,129,80,113" hai2="69,14,1,123,57,112,85,127,84,10,45,43,7" hai3="133,75,93,89,31,55,19,71,53,23,116,26,105"/><W63/><G116/><T6/><D118/><U102/><E117/><V99/><F69/><W40/><G105/><T106/><D121/><U115/><E68/><V46/><F112/><N who="1" m="43081" /><E50/><V49/><F127/><W107/><G107/><T104/><D135/><U15/><E29/><V21/><F123/><W108/><G75/><T77/><D30/><U56/><E56/><V81/><F57/><W59/><G133/><T61/><D48/><U132/><E132/><V3/><F99/><N who="3" m="57775" /><G71/><T25/><D98/><U92/><E15/><N who="2" m="5599" /><F85/><W126/><G126/><T16/><D18/><U27/><E27/><V22/><F22/><N who="3" m="15831" /><G40/><T54/><D66/><U44/><E4/><V62/><F46/><W17/><G108/><T78/><D78/><U51/><E44/><V65/><F65/><N who="3" m="39167" /><G17/><T111/><D111/><U91/><E110/><V5/><F62/><W24/><AGARI ba="0,0" hai="19,23,24,53,55" m="39167,15831,57775" machi="24" ten="30,1500,0" yaku="8,1" doraHai="9" who="3" fromWho="3" sc="162,-5,249,-5,308,-5,281,15" /><INIT seed="3,1,0,5,5,82" ten="157,244,303,296" oya="3" hai0="2,41,105,42,116,12,3,94,66,6,111,19,106" hai1="65,123,85,38,99,37,58,20,68,119,83,124,73" hai2="95,113,91,97,127,35,60,47,27,9,11,88,70" hai3="30,39,132,134,89,46,129,63,125,0,81,21,64"/><W112/><G0/><T24/><D116/><U57/><E73/><V28/><F113/><W50/><G39/><T13/><D111/><U71/><E123/><V40/><F127/><W31/><G112/><T18/><D94/><U45/><E124/><V16/><F16/><W109/><G125/><T117/><D117/><U53/><E99/><V122/><F122/><W101/><G101/><T103/><D103/><U61/><E20/><V130/><F130/><W114/><G114/><T43/><D66/><U104/><E104/><V14/><F91/><W5/><G5/><T77/><D6/><U102/><E102/><V79/><F79/><W78/><G89/><T52/><D77/><U98/><E98/><V75/><F75/><N who="3" m="43231" /><G21/><T10/><D24/><U55/><E119/><V23/><F14/><W44/><G109/><T107/><REACH who="0" step="1"/><D52/><REACH who="0" ten="147,244,303,296" step="2"/><U56/><E55/><V93/><F95/><W15/><G129/><T49/><D49/><U34/><E38/><V110/><F110/><W33/><G64/><T120/><D120/><U131/><E131/><V7/><F7/><W67/><G67/><T29/><D29/><U128/><E128/><V25/><F25/><N who="3" m="18639" /><G31/><T76/><D76/><U74/><E74/><V126/><F126/><W22/><G63/><T62/><D62/><U32/><E37/><N who="2" m="21903" /><F35/><N who="1" m="13353" /><E61/><V51/><F51/><W1/><G50/><T87/><D87/><U4/><E4/><V90/><F90/><W100/><G100/><T96/><D96/><U86/><E65/><N who="2" m="41255" /><F88/><W118/><G118/><T115/><D115/><U108/><E108/><V84/><F97/><W54/><G54/><RYUUKYOKU ba="1,1" sc="147,15,244,-15,303,15,296,-15" hai0="2,3,10,12,13,18,19,41,42,43,105,106,107" hai2="9,11,23,27,28,84,93" owari="162,-33.8,229,-17.1,328,42.8,281,8.1" /></mjloggm>