<mjloggm ver="2.3"><GO type="225" lobby="0"/><UN n0="%72%69%6F%75%63%68%61%6E" n1="%E9%80%9F%E6%B0%B4%E5%87%9B%E9%A6%99" n2="%6D%75%75%6D%75%72%61" n3="%E3%83%B4%E3%83%A0%EF%BC%99%E3%81%A6" dan="17,16,17,17" rate="2234.07,2067.84,2200.28,2174.45" sx="M,F,F,M"/><TAIKYOKU oya="0"/><INIT seed="0,0,0,0,4,19" ten="250,250,250,250" oya="0" hai0="40,77,103,27,52,97,128,82,91,56,1,4,7" hai1="17,49,36,22,126,13,21,70,63,71,59,98,85" hai2="24,57,93,11,45,124,106,41,46,120,51,76,74" hai3="89,127,8,55,44,73,42,117,25,129,94,65,105"/><T2/><D128/><U121/><E36/><V30/><F106/><W3/><G117/><T111/><D40/><U88/><E121/><V23/><F120/><W112/><G105/><T110/><D91/><U84/><E126/><V66/><F124/><W34/><G127/><T130/><D130/><U80/><E71/><V81/><F11/><W0/><G112/><T47/><D47/><U101/><E70/><V43/><F93/><W118/><G118/><T12/><D27/><U132/><E132/><V135/><F135/><W35/><G65/><T62/><D12/><U86/><E49/><V83/><F83/><W39/><G55/><T31/><D31/><U20/><E101/><V53/><REACH who="2" step="1"/><F45/><REACH who="2" ten="250,250,240,250" step="2"/><W54/><G94/><N who="0" m="58807" /><D1/><U90/><E98/><V50/><F50/><W115/><G0/><T122/><D2/><U79/><E79/><V108/><F108/><N who="0" m="41514" /><D122/><U123/><E123/><V96/><F96/><W60/><G3/><T68/><D68/><U29/><E29/><V125/><F125/><W134/><G44/><T32/><D32/><U37/><E37/><V78/><F78/><W69/><G39/><T10/><D10/><N who="1" m="6327" /><E80/><V100/><F100/><W109/><G34/><T26/><D26/><U87/><N who="1" m="21504" /><DORA hai="131" /><U9/><E9/><V119/><F119/><W99/><G25/><T133/><D133/><U72/><E72/><AGARI ba="0,1" hai="4,7,52,56,62,72,77,82" m="41514,58807" machi="72" ten="30,5800,0" yaku="14,1,10,1,54,1" doraHai="19,131" who="0" fromWho="1" sc="250,68,250,-58,240,0,250,0" /><INIT seed="0,1,0,0,0,11" ten="318,192,240,250" oya="0" hai0="105,130,121,132,45,134,46,126,53,0,62,65,97" hai1="73,54,16,15,91,9,39,108,66,19,25,115,49" hai2="119,100,104,71,84,95,102,36,10,88,131,93,125" hai3="81,101,61,75,42,129,3,113,72,32,79,86,8"/><T112/><D112/><U110/><E73/><V55/><F125/><W117/><G113/><T133/><D121/><U90/><E39/><V52/><F131/><W38/><G117/><T103/><D0/><U26/><E66/><V6/><F119/><W107/><G32/><T33/><D130/><U31/><E115/><V58/><F71/><W50/><G129/><T40/><D126/><U116/><E116/><V17/><F36/><W37/><G61/><T29/><D53/><U124/><E124/><V68/><F68/><W34/><G34/><T70/><REACH who="0" step="1"/><D40/><REACH who="0" ten="308,192,240,250" step="2"/><U78/><E110/><V7/><F55/><W1/><G42/><T63/><D63/><U43/><E108/><V85/><F52/><W23/><G1/><T47/><D47/><U18/><E43/><V51/><F51/><W28/><G3/><T118/><D118/><U99/><E54/><V127/><F127/><W48/><G48/><T41/><D41/><U128/><E49/><V60/><F60/><W69/><G50/><T92/><D92/><U89/><E128/><V106/><F95/><W98/><G38/><T20/><D20/><U96/><E78/><V80/><F93/><W109/><G37/><T82/><D82/><U83/><E83/><V22/><F80/><W135/><G109/><T35/><D35/><U21/><REACH who="1" step="1"/><E26/><AGARI ba="1,1" hai="26,29,33,45,46,62,65,70,97,103,105,132,133,134" machi="26" ten="40,12000,1" yaku="1,1,25,2,20,1,53,0" doraHai="11" doraHaiUra="14" who="0" fromWho="1" sc="308,133,192,-123,240,0,250,0" /><INIT seed="0,2,0,0,4,122" ten="441,69,240,250" oya="0" hai0="94,42,131,114,76,92,48,125,104,82,135,8,85" hai1="46,38,50,31,14,126,112,10,133,132,5,121,47" hai2="0,32,71,117,113,69,13,49,23,62,52,123,128" hai3="78,25,84,61,33,7,89,59,72,27,4,64,22"/><T80/><D114/><U18/><E121/><V95/><F113/><W43/><G72/><T54/><D125/><U118/><E112/><V102/><F123/><W129/><G129/><T108/><D108/><U51/><E118/><V75/><F32/><W16/><G78/><T115/><D135/><N who="1" m="51787" /><E126/><V63/><F0/><W41/><G33/><T100/><D131/><U127/><E127/><V1/><F1/><W93/><REACH who="3" step="1"/><G27/><REACH who="3" ten="441,69,240,240" step="2"/><T2/><D115/><U35/><E35/><V17/><F75/><W58/><G58/><T124/><D124/><U34/><E34/><V21/><F128/><W53/><G53/><T73/><D42/><AGARI ba="2,1" hai="4,7,16,22,25,41,42,43,59,61,64,84,89,93" machi="42" ten="40,5200,0" yaku="1,1,8,1,54,1,53,0" doraHai="122" doraHaiUra="45" who="3" fromWho="0" sc="441,-58,69,0,240,0,240,68" /><INIT seed="1,0,0,5,3,97" ten="383,69,240,308" oya="1" hai0="100,114,56,128,37,44,55,27,1,74,82,40,28" hai1="85,60,53,15,98,59,95,36,34,24,103,52,69" hai2="2,29,123,57,105,9,50,67,99,43,115,126,84" hai3="80,45,0,73,122,79,6,33,109,108,51,66,120"/><U133/><E36/><V125/><F123/><W4/><G33/><T118/><D114/><U111/><E69/><V7/><F115/><W5/><G0/><T42/><D118/><U22/><E133/><V121/><F121/><W12/><G66/><T90/><D128/><U61/><E111/><N who="3" m="42570" /><G12/><T75/><D1/><U54/><E34/><V78/><F29/><W89/><G89/><T11/><D42/><AGARI ba="0,0" hai="4,5,6,42,45,51,73,79,80,120,122" m="42570" machi="42" ten="30,1000,0" yaku="14,1" doraHai="97" who="3" fromWho="0" sc="383,-10,69,0,240,0,308,10" /><INIT seed="2,0,0,1,3,19" ten="373,69,240,318" oya="2" hai0="80,122,121,124,36,27,68,38,110,98,115,95,53" hai1="91,45,125,134,30,97,33,48,18,29,133,7,90" hai2="24,72,59,39,99,94,56,57,12,42,46,114,10" hai3="47,9,67,88,1,74,20,82,41,16,31,65,70"/><V34/><F114/><W75/><G75/><T3/><D115/><U102/><E7/><V61/><F72/><W28/><G1/><T14/><D3/><U64/><E64/><N who="3" m="24650" /><G70/><T35/><BYE who="1" /><D68/><U13/><E13/><V86/><F61/><W60/><G60/><T96/><D110/><U108/><E108/><V40/><F40/><W116/><G9/><T55/><D124/><U32/><E32/><V113/><F113/><W62/><G62/><T26/><D14/><U49/><E49/><V51/><F86/><N who="3" m="50263" /><G74/><T21/><D80/><U107/><E107/><V0/><F0/><W2/><G2/><T129/><D35/><U89/><E89/><V22/><F34/><W117/><G117/><T83/><D83/><U103/><E103/><V69/><F69/><W85/><G85/><T81/><D81/><U128/><E128/><V4/><F39/><W101/><G101/><T100/><D129/><U109/><E109/><V131/><F131/><W135/><G135/><T15/><D36/><U123/><E123/><V23/><F24/><N who="0" m="9258" /><D38/><U112/><E112/><V73/><F73/><W6/><G6/><T50/><D122/><U126/><E126/><V87/><F87/><W106/><G106/><T66/><D121/><U63/><E63/><V118/><F118/><W105/><G105/><N who="0" m="63623" /><D66/><U79/><E79/><V5/><F5/><W43/><G116/><T76/><D76/><U119/><E119/><V104/><F104/><W17/><G17/><N who="0" m="10431" /><D50/><U52/><E52/><N who="0" m="20041" /><D98/><U84/><E84/><V71/><F71/><W77/><G77/><T25/><N who="0" m="9266" /><T120/><DORA hai="44" /><D120/><RYUUKYOKU ba="0,0" sc="373,15,69,-15,240,15,318,-15" hai0="95" hai2="4,10,12,22,23,42,46,51,56,57,59,94,99" /><INIT seed="2,1,0,5,4,31" ten="388,54,255,303" oya="2" hai0="107,75,131,13,114,8,55,77,22,120,113,127,83" hai1="70,116,81,98,109,100,26,89,21,101,78,128,42" hai2="74,108,36,6,23,88,104,17,9,130,52,38,69" hai3="86,118,133,84,72,76,61,99,110,12,10,56,5"/><V129/><F69/><W50/><G118/><T96/><D120/><U60/><E60/><V73/><F104/><W43/><G110/><T11/><D131/><N who="2" m="50186" /><F108/><W15/><G133/><T4/><D127/><U32/><E32/><V54/><F17/><W25/><G72/><N who="2" m="27753" /><F23/><W125/><G125/><T62/><D22/><U49/><E49/><V123/><F123/><W95/><G25/><T48/><D62/><U47/><E47/><V71/><F71/><W53/><G15/><T87/><D75/><U41/><E41/><V67/><F67/><W112/><G112/><T80/><D80/><U82/><E82/><V117/><F117/><W66/><G76/><T45/><REACH who="0" step="1"/><D11/><REACH who="0" ten="378,54,255,303" step="2"/><U39/><E39/><N who="2" m="14891" /><F88/><N who="3" m="55783" /><G43/><T58/><D58/><AGARI ba="1,1" hai="5,10,12,50,53,56,58,61,66,84,86" m="55783" machi="58" ten="30,2000,0" yaku="8,1,54,1" doraHai="31" who="3" fromWho="0" sc="378,-23,54,0,255,0,303,33" /><INIT seed="3,0,0,4,0,78" ten="355,54,255,336" oya="3" hai0="116,42,52,41,115,65,79,0,91,117,22,84,5" hai1="6,43,90,4,62,39,133,23,82,128,10,53,127" hai2="64,110,57,83,93,37,88,106,8,60,107,55,102" hai3="2,44,98,75,1,14,50,54,77,126,99,36,70"/><W124/><G70/><T51/><D115/><U28/><E28/><V122/><F110/><W48/><G36/><T56/><D79/><U18/><E18/><V17/><F37/><W21/><G50/><T9/><D65/><U76/><E76/><V103/><F122/><W132/><G132/><T134/><D134/><U113/><E113/><V111/><F111/><W100/><G21/><T85/><D84/><U129/><E129/><V30/><F30/><W69/><G14/><T38/><D22/><U114/><E114/><V121/><F121/><W25/><G25/><T71/><D71/><U135/><E135/><V105/><F64/><W68/><G68/><T97/><D97/><N who="3" m="36873" /><G100/><T120/><D120/><U108/><E108/><V46/><F93/><W87/><G75/><T12/><D0/><U92/><E92/><V112/><F112/><W11/><G11/><T104/><D104/><U72/><E72/><V24/><F46/><W96/><G96/><T16/><D5/><U94/><E94/><V125/><F125/><N who="3" m="48235" /><G69/><T81/><REACH who="0" step="1"/><D38/><REACH who="0" ten="345,54,255,336" step="2"/><U27/><E27/><V109/><F109/><W73/><G73/><T35/><D35/><U19/><E19/><V15/><REACH who="2" step="1"/><F24/><REACH who="2" ten="345,54,245,336" step="2"/><W40/><G40/><AGARI ba="0,2" hai="9,12,16,40,41,42,51,52,56,81,85,91,116,117" machi="40" ten="40,8000,1" yaku="1,1,52,1,54,2,53,1" doraHai="78" doraHaiUra="80" who="0" fromWho="3" sc="345,100,54,0,245,0,336,-80" owari="445,54.5,54,-44.6,245,-15.5,256,5.6" /></mjloggm>