<mjloggm ver="2.3"><GO type="225" lobby="0"/><UN n0="%E5%AF%82%E5%AF%9E%E3%82%AE%E3%83%8D%E3%82%B9%E3%83%93%E3%83%BC%E3%83%AB" n1="%E3%81%82%E3%81%99%E3%81%AB%E3%82%83%E3%82%80" n2="%E3%81%99%E3%81%84%E3%81%BE%E3%81%9B%E3%83%BC%E3%82%93" n3="%54%4F%52" dan="16,16,16,17" rate="2194.36,2127.03,2111.44,2221.07" sx="M,F,M,M"/><TAIKYOKU oya="0"/><INIT seed="0,0,0,4,5,46" ten="250,250,250,250" oya="0" hai0="103,98,83,16,14,128,100,71,81,27,35,76,59" hai1="10,6,44,34,114,126,30,36,97,107,13,26,117" hai2="67,99,55,57,131,78,68,106,50,40,37,89,3" hai3="0,52,118,42,101,85,32,102,113,17,56,60,28"/><T123/><D123/><U25/><E117/><V134/><F134/><W5/><G118/><T49/><D71/><U105/><E126/><V135/><F135/><W125/><G113/><T79/><D128/><U120/><E120/><V62/><F131/><W24/><G125/><T20/><D35/><U11/><E114/><V87/><F3/><W39/><G17/><T51/><D27/><U124/><E124/><V129/><F129/><W7/><G39/><T1/><D1/><U108/><E108/><V110/><F110/><W22/><G42/><T9/><D9/><U119/><E119/><V91/><F78/><N who="0" m="29738" /><D59/><U96/><E96/><V41/><F41/><W54/><G32/><T95/><D103/><N who="3" m="39433" /><G0/><T63/><D63/><U66/><E34/><V2/><F2/><W29/><G29/><T90/><D100/><U133/><E30/><V73/><F73/><W116/><G116/><T130/><D130/><U21/><E25/><V38/><F106/><W72/><G72/><T31/><D31/><U104/><E133/><V61/><F37/><W65/><G85/><T74/><D74/><U127/><E36/><V69/><F99/><W84/><G84/><T43/><D43/><U4/><E97/><V77/><F87/><W45/><G45/><T112/><D112/><U23/><E44/><N who="2" m="23575" /><F77/><W75/><G75/><T47/><D47/><U70/><E127/><V12/><F12/><W8/><G8/><T64/><D64/><AGARI ba="0,0" hai="50,55,57,61,62,64,67,68,69,89,91" m="23575" machi="64" ten="30,2000,0" yaku="24,1,52,1" doraHai="46" who="2" fromWho="0" sc="250,-20,250,0,250,20,250,0" /><INIT seed="1,0,0,3,0,13" ten="230,250,270,250" oya="1" hai0="100,37,10,1,58,114,12,135,104,28,116,45,64" hai1="117,31,115,110,55,52,5,128,123,32,121,44,70" hai2="72,30,97,77,82,108,57,98,39,68,41,113,23" hai3="26,16,47,109,69,54,94,43,134,83,3,48,78"/><U60/><E115/><V34/><F68/><W106/><G106/><T36/><D114/><U124/><E117/><V25/><F113/><W91/><G3/><T2/><D116/><U93/><E128/><V17/><F108/><W65/><G109/><T96/><D135/><U105/><E105/><V130/><F130/><W59/><G134/><T24/><D64/><U18/><E110/><V88/><F57/><W14/><G26/><T51/><D58/><U6/><E124/><V127/><F127/><W71/><G65/><T61/><D61/><U75/><E75/><V122/><F122/><W90/><G69/><T102/><D102/><U92/><E70/><V79/><F79/><W11/><G71/><T50/><D2/><U49/><E31/><V0/><F0/><W19/><G19/><T73/><D1/><U103/><E32/><V111/><F111/><W15/><G15/><T53/><D51/><U40/><E121/><V56/><F56/><W131/><G131/><T33/><REACH who="0" step="1"/><D73/><REACH who="0" ten="220,250,270,250" step="2"/><U67/><E103/><V84/><F72/><W22/><G59/><T46/><D46/><U76/><E60/><V20/><F39/><W74/><G11/><T42/><D42/><U29/><E40/><V21/><F41/><W80/><G43/><T86/><D86/><U87/><E87/><V125/><F125/><W8/><G8/><T120/><D120/><U7/><E123/><V118/><F118/><W129/><G129/><T133/><D133/><U101/><E67/><V27/><F98/><W99/><G80/><T119/><D119/><U95/><E44/><V132/><F132/><RYUUKYOKU ba="0,1" sc="220,10,250,-30,270,10,250,10" hai0="10,12,24,28,33,36,37,45,50,53,96,100,104" hai2="17,20,21,23,25,27,30,34,77,82,84,88,97" hai3="14,16,22,47,48,54,74,78,83,90,91,94,99" /><INIT seed="2,1,1,0,4,103" ten="230,220,280,260" oya="2" hai0="18,66,102,2,122,71,104,42,17,61,51,50,82" hai1="93,67,128,115,44,75,119,117,107,112,26,19,72" hai2="56,48,20,22,12,62,60,41,11,135,94,30,118" hai3="74,31,38,10,4,52,69,58,35,53,124,8,73"/><V0/><F118/><W90/><G69/><T6/><D122/><U32/><E67/><V133/><F0/><W84/><G38/><T55/><D42/><U27/><E44/><N who="2" m="25615" /><F94/><W9/><G4/><T105/><D82/><U33/><E93/><V88/><F88/><W70/><G70/><T77/><D77/><U87/><E87/><V109/><F109/><W131/><G131/><T76/><D76/><U64/><E64/><N who="2" m="38919" /><F62/><W125/><G31/><T36/><D102/><U89/><E89/><V121/><F30/><W123/><G35/><T39/><D61/><U37/><E37/><V101/><F101/><W100/><G100/><T21/><D66/><U129/><REACH who="1" step="1"/><E19/><REACH who="1" ten="230,210,280,260" step="2"/><N who="2" m="8607" /><F121/><W14/><G123/><T13/><D71/><U96/><E96/><V85/><F85/><W80/><G74/><T28/><D39/><U46/><E46/><V65/><F65/><W98/><G73/><T63/><D36/><U97/><E97/><V126/><F126/><N who="3" m="48747" /><G98/><T43/><D18/><U57/><E57/><V83/><F83/><W15/><G53/><T24/><D43/><U79/><E79/><V1/><F135/><W5/><G5/><T7/><D7/><U16/><E16/><V130/><F133/><W29/><G29/><T68/><D6/><U127/><E127/><V111/><F1/><W49/><AGARI ba="1,2" hai="8,9,10,14,15,49,52,58,80,84,90" m="48747" machi="49" ten="30,2000,0" yaku="18,1,54,1" doraHai="103" who="3" fromWho="3" sc="230,-6,210,-6,280,-11,260,43" /><INIT seed="3,0,0,4,3,109" ten="224,204,269,303" oya="3" hai0="74,43,12,16,130,6,9,8,89,111,123,131,52" hai1="125,57,33,59,14,135,116,27,62,5,126,83,66" hai2="48,63,86,22,105,29,25,28,98,127,31,55,10" hai3="129,76,0,69,122,2,106,35,42,115,128,3,54"/><W21/><G35/><T94/><D111/><U82/><E135/><V15/><F127/><N who="1" m="48649" /><E116/><V34/><F34/><W53/><G122/><T45/><D123/><U121/><E121/><V84/><F63/><W120/><G120/><T60/><D74/><U107/><E107/><V91/><F98/><W133/><G133/><T95/><D131/><N who="3" m="50249" /><G69/><T64/><D130/><U118/><E118/><V87/><F91/><W38/><G106/><T124/><D124/><U41/><E41/><V102/><F102/><W104/><G104/><T26/><D43/><U7/><E57/><N who="2" m="32999" /><F105/><W134/><G134/><T17/><D64/><U81/><E14/><V72/><F72/><W37/><G76/><T88/><D89/><U79/><E79/><V61/><F61/><W1/><G1/><T51/><D60/><U73/><E73/><V11/><F11/><W58/><G42/><T90/><D90/><U18/><E18/><AGARI ba="0,0" hai="10,15,18,22,25,28,29,31,84,86,87" m="32999" machi="18" ten="30,1000,0" yaku="8,1" doraHai="109" who="2" fromWho="1" sc="224,0,204,-10,269,10,303,0" owari="224,-17.6,194,-30.6,279,7.9,303,40.3" /></mjloggm>