<mjloggm ver="2.3"><GO type="225" lobby="0"/><UN n0="%E7%AD%89%E3%80%85%E5%8A%9B%E5%8A%87%E5%A0%B4" n1="%E8%BE%9B%E5%8F%A3%E3%82%AB%E3%83%AC%E3%83%BC%E3%83%A9%E3%82%A4%E3%82%B9" n2="%E3%81%8B%E3%82%8F%E3%81%A1%E3%82%83%E3%82%93%35%38" n3="%E6%B4%BE%E9%81%A3%E3%81%AE%E3%82%B8%E3%83%A3%E3%83%83%E3%82%AF" dan="16,16,16,16" rate="2060.80,2201.05,2149.09,2208.20" sx="M,M,M,M"/><TAIKYOKU oya="0"/><INIT seed="0,0,0,0,4,57" ten="250,250,250,250" oya="0" hai0="31,111,39,117,59,48,30,90,36,0,33,51,76" hai1="110,116,125,91,7,85,95,89,55,96,5,38,6" hai2="107,27,19,35,127,131,69,86,112,118,29,134,15" hai3="78,63,52,123,37,60,135,65,72,2,49,67,113"/><T46/><D117/><U21/><E116/><V129/><F107/><W77/><G2/><T12/><D0/><U32/><E32/><V128/><F69/><W102/><G113/><T11/><D111/><U103/><E110/><V115/><F118/><W20/><G37/><T22/><D33/><U42/><E125/><V119/><F119/><W68/><G102/><T94/><D76/><U28/><E38/><V133/><F86/><W18/><G72/><T109/><D109/><U97/><E42/><V3/><F3/><W108/><G108/><T98/><D39/><U124/><E124/><V106/><F106/><W93/><G93/><T13/><D36/><U75/><E75/><V58/><F58/><N who="3" m="33039" /><G68/><T82/><D82/><U64/><E64/><N who="3" m="24650" /><G135/><N who="2" m="51721" /><F127/><W99/><G99/><T40/><D98/><U105/><E55/><V23/><AGARI ba="0,0" hai="15,19,23,27,29,35,112,115,128,129,131" m="51721" machi="23" ten="40,8000,1" yaku="19,1,20,1,34,2" doraHai="57" who="2" fromWho="2" sc="250,-40,250,-20,250,80,250,-20" /><INIT seed="1,0,0,5,3,1" ten="210,230,330,230" oya="1" hai0="35,107,10,71,23,75,87,106,134,132,9,89,84" hai1="109,22,74,103,3,4,33,135,60,49,0,110,20" hai2="64,12,102,25,82,121,5,15,46,91,131,50,63" hai3="8,123,61,21,55,96,79,127,117,17,104,30,85"/><U19/><E74/><V105/><F121/><W128/><G123/><T68/><D75/><U118/><E103/><V115/><F105/><W108/><G108/><N who="1" m="41578" /><E118/><V114/><F102/><W111/><G111/><T52/><D35/><U40/><E33/><V59/><F131/><W32/><G128/><T57/><D107/><U31/><E135/><V38/><F38/><W13/><G127/><T6/><D106/><U97/><E97/><V54/><F25/><W56/><G117/><T126/><D126/><U93/><E93/><V81/><F91/><W47/><G47/><T78/><D78/><U129/><E129/><V58/><F46/><W67/><G32/><T112/><D112/><N who="2" m="43050" /><F12/><W73/><G73/><T124/><D124/><U11/><E60/><V119/><F119/><W14/><G104/><T2/><D87/><U26/><E49/><V7/><F15/><N who="3" m="7399" /><G96/><T120/><D120/><U80/><E80/><AGARI ba="0,0" hai="5,7,50,54,58,59,63,64,80,81,82" m="43050" machi="80" ten="30,3900,0" yaku="11,1,52,2" doraHai="1" who="2" fromWho="1" sc="210,0,230,-39,330,39,230,0" /><INIT seed="2,0,0,0,5,11" ten="210,191,369,230" oya="2" hai0="98,101,52,54,12,76,115,15,81,128,120,9,39" hai1="87,133,31,86,125,103,132,108,5,88,53,40,111" hai2="22,13,17,1,8,50,6,89,100,77,70,118,67" hai3="80,105,135,134,66,21,78,59,38,114,0,36,49"/><V2/><F118/><W61/><G0/><T68/><D120/><U129/><E40/><V62/><F77/><W4/><G105/><T43/><D115/><U82/><E125/><V47/><F100/><W48/><G4/><T95/><D68/><U97/><E31/><V112/><F112/><W57/><G21/><T91/><D128/><U41/><E41/><V106/><F106/><W27/><G27/><T14/><D39/><N who="3" m="14889" /><G114/><T60/><D43/><U85/><E53/><V107/><F107/><W116/><G116/><T79/><D9/><U94/><E5/><V44/><F89/><W124/><G124/><T24/><D24/><U109/><E129/><V45/><REACH who="2" step="1"/><F50/><REACH who="2" ten="210,191,359,230" step="2"/><W96/><G49/><T19/><D79/><N who="1" m="46303" /><E86/><V92/><F92/><AGARI ba="0,1" hai="87,88,92,94,97,103,108,109,111,132,133" m="46303" machi="92" ten="30,7700,0" yaku="14,1,34,2,54,1" doraHai="11" who="1" fromWho="2" sc="210,0,191,87,359,-77,230,0" /><INIT seed="3,0,0,3,5,75" ten="210,278,282,230" oya="3" hai0="78,96,62,94,86,30,21,102,6,43,73,98,107" hai1="81,23,41,26,72,49,65,110,133,104,33,100,83" hai2="127,37,134,85,118,88,125,8,93,17,121,57,0" hai3="112,28,45,130,77,101,39,97,61,90,99,9,92"/><W51/><G112/><T89/><D43/><U91/><E110/><V53/><F118/><W12/><G130/><T71/><D6/><U7/><E133/><V16/><F37/><W70/><G39/><T59/><D71/><U131/><E131/><V103/><F134/><W95/><G28/><T80/><D30/><U106/><E33/><V35/><F35/><W135/><G135/><T1/><D1/><U40/><E7/><N who="2" m="1127" /><F103/><W11/><G77/><T44/><D44/><U25/><E83/><V79/><F79/><W48/><G70/><T132/><D21/><U56/><E41/><V116/><F116/><W113/><G113/><T2/><D2/><U14/><E23/><V124/><F121/><W54/><G61/><AGARI ba="0,0" hai="16,17,53,57,61,85,88,93,124,125,127" m="1127" machi="61" ten="30,3900,0" yaku="18,1,54,2" doraHai="75" who="2" fromWho="3" sc="210,0,278,0,282,39,230,-39" owari="210,-19.0,278,7.8,321,42.1,191,-30.9" /></mjloggm>