<mjloggm ver="2.3"><GO type="225" lobby="0"/><UN n0="%E7%AD%89%E3%80%85%E5%8A%9B%E5%8A%87%E5%A0%B4" n1="%E3%82%BC%E3%83%AB%E3%83%80%E3%81%AE%E4%BC%9D%E8%AA%AC" n2="%4C%4F%4C%49%54%41" n3="%E3%81%82%E3%81%99%E3%81%AA%E3%82%8D%E3%83%A9%E3%82%A4%E3%83%80%E3%83%BC" dan="16,16,16,16" rate="2155.81,2167.29,2195.05,2108.38" sx="M,M,F,M"/><TAIKYOKU oya="0"/><INIT seed="0,0,0,4,5,18" ten="250,250,250,250" oya="0" hai0="84,114,51,104,91,62,96,112,49,81,26,12,66" hai1="74,64,113,1,78,43,56,118,19,53,31,52,57" hai2="3,119,80,28,108,97,70,111,73,30,42,94,92" hai3="8,100,65,17,76,85,47,38,101,107,63,22,135"/><T126/><D126/><U69/><E1/><V32/><F3/><W61/><G135/><T13/><D13/><U115/><E31/><V27/><F70/><W67/><G8/><T103/><D12/><U37/><E78/><N who="2" m="44111" /><F119/><W125/><G125/><T58/><REACH who="0" step="1"/><D26/><REACH who="0" ten="240,250,250,250" step="2"/><U20/><E118/><V123/><F27/><W109/><G109/><T55/><D55/><U127/><E127/><V132/><F111/><W98/><G67/><T41/><D41/><U54/><E115/><AGARI ba="0,1" hai="49,51,58,62,66,81,84,91,96,103,104,112,114,115" machi="115" ten="40,2000,0" yaku="1,1,53,0" doraHai="18" doraHaiUra="10" who="0" fromWho="1" sc="240,30,250,-20,250,0,250,0" /><INIT seed="0,1,0,3,0,51" ten="270,230,250,250" oya="0" hai0="126,31,119,15,98,106,66,116,131,0,14,101,74" hai1="33,62,121,105,54,8,20,130,94,9,41,73,125" hai2="77,27,123,34,117,12,38,56,95,124,83,45,118" hai3="102,87,79,60,114,18,21,43,16,75,135,92,112"/><T52/><D0/><U59/><E33/><V5/><F123/><W99/><G135/><T103/><D74/><U76/><E121/><V132/><F132/><W91/><G43/><T3/><D3/><U57/><E105/><V63/><F124/><W80/><G60/><T44/><D131/><U55/><E130/><V90/><F5/><W46/><G46/><T4/><D126/><U68/><E125/><V64/><F12/><W26/><REACH who="3" step="1"/><G18/><REACH who="3" ten="270,230,250,240" step="2"/><T39/><D44/><U120/><E120/><V107/><F45/><W110/><G110/><T32/><D39/><U89/><E41/><V29/><F38/><W48/><G48/><T133/><D133/><U111/><E111/><V11/><F63/><W13/><G13/><T104/><D14/><U37/><E37/><V25/><F117/><W17/><G17/><T61/><D15/><U23/><E68/><V49/><F118/><W109/><G109/><T122/><D61/><U50/><E9/><V71/><F49/><W2/><G2/><T127/><D122/><U100/><E8/><V30/><F71/><W28/><G28/><T10/><D31/><U93/><E62/><V70/><F70/><W35/><G35/><T81/><D32/><U19/><E19/><V40/><F40/><W47/><G47/><T84/><D10/><U129/><E129/><V6/><F11/><W65/><G65/><T128/><D66/><U53/><E50/><V85/><F64/><W69/><G69/><T42/><D42/><U97/><E59/><V22/><F56/><W134/><G134/><T1/><D128/><U108/><E57/><RYUUKYOKU ba="1,1" sc="270,-10,230,-10,250,-10,240,30" hai3="16,21,26,75,79,80,87,91,92,99,102,112,114" /><INIT seed="1,2,1,1,0,131" ten="260,220,240,270" oya="1" hai0="96,104,79,84,118,75,33,125,105,120,100,112,77" hai1="124,86,83,64,99,28,78,37,58,41,29,31,117" hai2="45,92,13,32,51,26,48,107,35,56,80,71,24" hai3="110,16,109,59,122,72,39,101,129,85,52,127,135"/><U126/><E117/><V89/><F71/><W6/><G122/><T2/><D2/><U63/><E99/><V34/><F107/><N who="0" m="41034" /><D33/><U30/><N who="1" m="7168" /><DORA hai="46" /><U61/><E37/><V94/><F80/><W74/><G129/><T9/><D9/><U8/><E41/><V27/><F13/><W119/><G6/><T95/><D112/><U50/><E8/><V90/><F56/><W68/><G101/><T114/><D114/><U12/><E12/><V108/><F108/><N who="3" m="41579" /><G127/><T73/><D118/><U54/><REACH who="1" step="1"/><E63/><REACH who="1" ten="260,210,240,270" step="2"/><V22/><F22/><W3/><G39/><T1/><D96/><U115/><E115/><V62/><F62/><W11/><G119/><T18/><D1/><U0/><E0/><V43/><REACH who="2" step="1"/><F48/><REACH who="2" ten="260,210,230,270" step="2"/><W53/><G3/><T130/><D130/><U128/><E128/><V87/><F87/><W102/><G85/><T19/><D84/><U69/><AGARI ba="2,3" hai="50,54,58,61,64,69,78,83,86,124,126" m="7168" machi="69" ten="40,12000,1" yaku="1,1,0,1,52,1,53,1" doraHai="131,46" doraHaiUra="98,55" who="1" fromWho="1" sc="260,-42,210,156,230,-42,270,-42" /><INIT seed="1,3,0,5,3,114" ten="218,366,188,228" oya="1" hai0="90,33,46,21,55,10,29,108,134,37,35,68,120" hai1="26,28,97,66,60,124,56,71,22,74,25,0,117" hai2="19,52,86,103,11,20,115,96,101,59,18,88,44" hai3="129,77,36,53,64,45,106,38,58,69,65,135,30"/><U98/><E124/><V2/><F115/><W104/><G129/><T112/><D68/><U92/><E117/><V6/><F44/><W15/><G135/><T23/><D112/><U72/><E0/><V113/><F113/><W13/><G77/><T79/><D108/><U87/><E87/><V75/><F75/><W50/><G30/><T126/><D134/><U8/><E8/><V131/><F131/><W42/><G38/><T94/><D126/><U47/><E47/><V99/><F99/><W51/><G65/><T16/><D120/><U48/><E98/><V118/><F118/><W93/><G50/><T89/><D79/><U95/><E95/><V127/><F127/><W34/><G93/><T116/><D116/><U84/><E84/><V31/><F31/><W107/><REACH who="3" step="1"/><G34/><REACH who="3" ten="218,366,188,218" step="2"/><T133/><D94/><U62/><E48/><V49/><F96/><W43/><G43/><T100/><D29/><U83/><E83/><V119/><F119/><W17/><G17/><T105/><D16/><U41/><E41/><V80/><REACH who="2" step="1"/><F18/><REACH who="2" ten="218,366,178,218" step="2"/><W9/><G9/><T82/><D10/><U27/><E74/><V61/><F61/><AGARI ba="3,2" hai="13,15,36,42,45,51,53,58,61,64,69,104,106,107" machi="61" ten="40,8000,1" yaku="1,1,24,2,53,1" doraHai="114" doraHaiUra="70" who="3" fromWho="2" sc="218,0,366,0,178,-89,218,109" /><INIT seed="2,0,0,0,3,8" ten="218,366,89,327" oya="2" hai0="15,23,97,69,112,9,24,93,20,35,103,44,3" hai1="5,63,73,80,122,95,37,91,84,26,115,68,82" hai2="54,52,109,22,39,42,96,117,105,76,19,64,87" hai3="12,47,79,43,133,74,65,83,107,1,110,111,113"/><V94/><F117/><W29/><G1/><T99/><D112/><U60/><E115/><V27/><F105/><W67/><G113/><T72/><D72/><U118/><E118/><V30/><F109/><N who="3" m="41483" /><G133/><T81/><D69/><U36/><E122/><V53/><F64/><W7/><G29/><T75/><D3/><U4/><E26/><V2/><F2/><W114/><G107/><T86/><D75/><U59/><E68/><V106/><F106/><W28/><G28/><T48/><D99/><U121/><E121/><V49/><F39/><N who="3" m="22015" /><G114/><T126/><D126/><U10/><E63/><V102/><F42/><W128/><G128/><T131/><D131/><U40/><E40/><V32/><F87/><W16/><G7/><T130/><D130/><U92/><E4/><V56/><REACH who="2" step="1"/><F76/><REACH who="2" ten="218,366,79,327" step="2"/><W90/><G90/><T34/><D86/><U62/><E73/><V77/><F77/><W58/><G58/><T100/><D100/><U31/><E59/><V119/><F119/><W89/><G89/><T132/><D103/><U127/><E91/><V88/><F88/><W85/><G74/><T50/><D97/><U101/><E101/><V104/><F104/><W57/><G57/><T135/><D135/><U61/><E84/><V78/><F78/><W70/><G70/><T33/><D132/><U66/><E66/><V55/><F55/><W46/><G46/><T124/><D44/><U17/><E36/><V38/><F38/><W41/><G41/><T25/><D93/><U129/><E37/><V125/><F125/><W6/><G6/><T98/><D124/><U120/><E127/><RYUUKYOKU ba="0,1" sc="218,-15,366,-15,79,15,327,15" hai2="19,22,27,30,32,49,52,53,54,56,94,96,102" hai3="12,16,65,67,79,83,85" /><INIT seed="2,1,1,4,1,49" ten="203,351,94,342" oya="2" hai0="24,105,134,127,0,98,85,75,100,82,72,68,69" hai1="46,27,7,22,59,60,13,47,81,56,48,70,89" hai2="121,130,9,113,28,38,99,64,63,12,118,102,115" hai3="8,52,122,103,57,120,15,55,107,93,19,76,2"/><V73/><F118/><W106/><G2/><T43/><D0/><U21/><E70/><V126/><F121/><W128/><G128/><T16/><D134/><U18/><E47/><V112/><F126/><W135/><G135/><T86/><D127/><U11/><E60/><V74/><F130/><W66/><G66/><T119/><D119/><U94/><E22/><V125/><F28/><W44/><G76/><T29/><D43/><U1/><E81/><V110/><F38/><W58/><G44/><T23/><D86/><U3/><E3/><V5/><F110/><W34/><G34/><T37/><D37/><U123/><E1/><V117/><F117/><W67/><G67/><T17/><D69/><U71/><E71/><V133/><F133/><W26/><G26/><T101/><D68/><U45/><E45/><V84/><F84/><W53/><G93/><T78/><REACH who="0" step="1"/><D101/><REACH who="0" ten="193,351,94,342" step="2"/><U32/><E123/><V95/><REACH who="2" step="1"/><F125/><REACH who="2" ten="193,351,84,342" step="2"/><W20/><G122/><T124/><D124/><U83/><E32/><V104/><F104/><W36/><G120/><T42/><D42/><N who="1" m="24663" /><E83/><V92/><F92/><W80/><G36/><T114/><D114/><U90/><E94/><V4/><F4/><N who="3" m="3463" /><G107/><T116/><D116/><U77/><E77/><V91/><F91/><AGARI ba="1,3" hai="7,11,13,18,21,27,56,59,89,90,91" m="24663" machi="91" ten="30,1000,0" yaku="8,1" doraHai="49" who="1" fromWho="2" sc="193,0,351,43,84,-13,342,0" /><INIT seed="3,0,0,4,3,122" ten="193,394,71,342" oya="3" hai0="53,106,44,42,103,17,68,6,66,37,57,116,45" hai1="16,134,4,32,88,55,8,30,3,51,49,60,98" hai2="50,130,35,10,121,2,67,110,31,132,11,0,34" hai3="52,54,81,87,58,63,14,115,74,93,79,71,135"/><W129/><G115/><T75/><D75/><U29/><E134/><V131/><F67/><W100/><G135/><T40/><D6/><U78/><E78/><V108/><F132/><W112/><G112/><T72/><D72/><U133/><E133/><V107/><F107/><W65/><G129/><N who="2" m="49161" /><F50/><W82/><G14/><T5/><D5/><U111/><E111/><N who="2" m="42539" /><F121/><W89/><REACH who="3" step="1"/><G71/><REACH who="3" ten="193,394,71,332" step="2"/><T97/><D68/><U9/><E3/><N who="2" m="1067" /><F31/><W77/><G77/><T125/><D66/><U27/><E29/><V127/><F127/><W105/><G105/><T24/><D125/><U48/><E30/><V26/><F26/><W47/><G47/><T70/><D70/><U43/><E27/><V84/><F84/><W92/><G92/><T28/><D28/><U36/><E43/><V102/><F102/><W38/><G38/><T96/><D42/><U99/><E36/><V113/><F113/><W7/><G7/><T95/><D40/><U109/><E4/><V13/><F13/><W22/><G22/><T56/><D37/><U85/><E109/><V128/><N who="2" m="49169" /><V73/><DORA hai="123" /><F73/><W61/><G61/><T18/><D24/><U33/><E60/><V76/><F76/><W15/><G15/><T69/><D103/><U126/><E126/><V94/><F94/><W83/><G83/><T59/><D95/><U46/><E46/><V119/><F119/><W118/><G118/><T104/><D116/><U41/><E41/><V23/><F23/><W20/><G20/><T90/><D69/><U114/><E114/><V124/><F124/><W117/><G117/><T21/><D21/><RYUUKYOKU ba="0,1" sc="193,-15,394,-15,71,15,332,15" hai2="10,11,34,35" hai3="52,54,58,63,65,74,79,81,82,87,89,93,100" /><INIT seed="3,1,1,1,2,40" ten="178,379,86,347" oya="3" hai0="1,10,84,51,90,109,135,127,45,103,47,0,42" hai1="23,69,124,13,115,66,22,71,92,52,72,46,101" hai2="89,111,14,97,134,126,79,54,60,21,6,77,113" hai3="35,31,98,30,29,48,93,25,5,36,88,118,85"/><W26/><G118/><T59/><D109/><U55/><E72/><V75/><F75/><W117/><G36/><T132/><D103/><U129/><E115/><V20/><F111/><W34/><G117/><T102/><D102/><U76/><E76/><V130/><F113/><W15/><G31/><T82/><D127/><U68/><E66/><V39/><F130/><W131/><G131/><T73/><D73/><U67/><E67/><V104/><F134/><N who="0" m="51242" /><D59/><U105/><E105/><V19/><F104/><W107/><G48/><N who="0" m="26679" /><D10/><U100/><E129/><V86/><F39/><W110/><G110/><T62/><D62/><U122/><E124/><V2/><F2/><W3/><G3/><T99/><D99/><U133/><E133/><V4/><F126/><W119/><G119/><T50/><D50/><U94/><E68/><V81/><F20/><W116/><G116/><T11/><D11/><U95/><E122/><V43/><F43/><AGARI ba="1,1" hai="0,1,43,47,51,82,84,90" m="26679,51242" machi="43" ten="30,3900,0" yaku="20,1,52,2" doraHai="40" who="0" fromWho="2" sc="178,52,379,0,86,-42,347,0" owari="230,-17.0,379,47.9,44,-45.6,347,14.7" /></mjloggm>