<mjloggm ver="2.3"><GO type="225" lobby="0"/><UN n0="%72%69%6F%75%63%68%61%6E" n1="%E8%BE%9B%E5%8F%A3%E3%82%AB%E3%83%AC%E3%83%BC%E3%83%A9%E3%82%A4%E3%82%B9" n2="%77%72%77%72%77%72%77%72" n3="%E3%82%BC%E3%83%AB%E3%83%80%E3%81%AE%E4%BC%9D%E8%AA%AC" dan="16,17,17,17" rate="2202.30,2247.99,2183.07,2181.01" sx="M,M,M,M"/><TAIKYOKU oya="0"/><INIT seed="0,0,0,0,3,47" ten="250,250,250,250" oya="0" hai0="30,126,11,101,13,119,74,9,58,104,35,79,72" hai1="41,56,91,3,120,16,93,129,2,87,10,121,127" hai2="77,12,4,37,70,117,105,55,66,24,82,102,118" hai3="14,51,50,31,76,44,52,94,34,109,6,128,63"/><T71/><D119/><N who="2" m="45578" /><F37/><W86/><G109/><T49/><D71/><U73/><E73/><V115/><F115/><W36/><G36/><T28/><D126/><U96/><E127/><V92/><F105/><W5/><G128/><T69/><D69/><U95/><E129/><V64/><F70/><W89/><G34/><T68/><D68/><U83/><E41/><V116/><N who="2" m="45586" /><V90/><DORA hai="59" /><F102/><W134/><G134/><T135/><D135/><U97/><E56/><V123/><F123/><W114/><G114/><T38/><D38/><U130/><E130/><V19/><F24/><W15/><G31/><T53/><D9/><U57/><E57/><V32/><F4/><N who="3" m="1643" /><G63/><T27/><D30/><U88/><E121/><V8/><F55/><N who="3" m="30151" /><G76/><T85/><D104/><U18/><E120/><V39/><F32/><W1/><G1/><T81/><REACH who="0" step="1"/><D101/><REACH who="0" ten="240,250,250,250" step="2"/><U67/><E10/><V25/><F8/><W60/><G60/><T61/><D61/><U132/><E132/><V113/><F39/><W112/><G112/><T110/><D110/><U107/><E107/><V48/><F113/><W46/><AGARI ba="0,1" hai="14,15,46,51,52,86,89,94" m="30151,1643" machi="46" ten="30,7900,0" yaku="8,1,52,2,54,1" doraHai="47,59" who="3" fromWho="3" sc="240,-39,250,-20,250,-20,250,89" /><INIT seed="1,0,0,0,5,6" ten="201,230,230,339" oya="1" hai0="100,42,82,93,37,111,104,122,91,5,50,134,34" hai1="78,128,110,120,58,23,127,129,54,65,25,124,7" hai2="27,118,56,52,4,55,22,102,84,14,107,125,68" hai3="97,121,26,64,19,72,126,49,123,3,28,43,116"/><U16/><E120/><V61/><F118/><W74/><G64/><T103/><D134/><U114/><E114/><V36/><F36/><W96/><G19/><T10/><D111/><U20/><E65/><V24/><F125/><N who="1" m="48201" /><E78/><V80/><F68/><W112/><G126/><T30/><D104/><U117/><E117/><V79/><F107/><W11/><G112/><T89/><D122/><U86/><E110/><V2/><F102/><W8/><G116/><T17/><D37/><U46/><E46/><V48/><F2/><W67/><G67/><T94/><D17/><N who="1" m="12431" /><E86/><V108/><F108/><W33/><G123/><T51/><D42/><U13/><E7/><V69/><F69/><W66/><G66/><T57/><D57/><U75/><E75/><V130/><F130/><W132/><G74/><T106/><D106/><U76/><E76/><V9/><F22/><W99/><G72/><T38/><D38/><U60/><AGARI ba="0,0" hai="13,16,23,54,58,60,128,129" m="12431,48201" machi="60" ten="30,3000,0" yaku="18,1,54,1" doraHai="6" who="1" fromWho="1" sc="201,-10,230,30,230,-10,339,-10" /><INIT seed="1,1,0,5,1,29" ten="191,260,220,329" oya="1" hai0="107,20,81,73,41,78,83,47,127,72,30,97,21" hai1="113,110,105,106,35,37,122,25,46,56,63,67,32" hai2="100,33,96,87,66,103,62,108,0,60,126,45,129" hai3="109,111,48,3,128,54,70,112,38,53,76,74,42"/><U69/><E113/><V120/><F120/><W49/><G3/><T31/><D127/><U98/><E122/><V80/><F126/><W115/><G76/><T57/><D57/><U90/><E110/><N who="3" m="41994" /><G74/><T65/><D65/><U71/><E90/><V2/><F108/><W12/><G70/><N who="1" m="26634" /><E25/><V124/><F124/><W84/><G128/><T119/><D119/><U18/><E18/><V40/><F129/><W27/><G12/><T68/><D68/><N who="1" m="42111" /><E98/><V26/><F100/><W4/><G4/><T79/><D20/><U117/><E56/><V50/><F0/><W28/><G84/><T1/><D1/><U9/><E9/><V17/><F2/><W11/><G11/><T19/><D97/><U77/><E77/><V132/><F17/><W89/><G89/><T36/><REACH who="0" step="1"/><D107/><REACH who="0" ten="181,260,220,329" step="2"/><N who="1" m="40971" /><E117/><V118/><F118/><W58/><G115/><T91/><D91/><U93/><E93/><V102/><F96/><W95/><G95/><T94/><D94/><U130/><E130/><V131/><F131/><W23/><G112/><T61/><D61/><U5/><E5/><V135/><F60/><W59/><G59/><T92/><D92/><U24/><E24/><AGARI ba="1,1" hai="19,21,24,30,31,36,41,47,72,73,78,79,81,83" machi="24" ten="30,3900,0" yaku="1,1,7,1,9,1,53,0" doraHai="29" doraHaiUra="55" who="0" fromWho="1" sc="181,52,260,-42,220,0,329,0" /><INIT seed="2,0,0,2,2,71" ten="233,218,220,329" oya="2" hai0="67,20,2,129,16,48,38,40,12,113,126,22,23" hai1="115,58,59,7,35,124,118,132,55,116,13,1,120" hai2="127,4,21,82,78,43,62,73,5,125,44,79,47" hai3="122,64,60,0,51,87,66,130,42,53,41,54,104"/><V123/><F123/><W110/><G104/><T91/><D113/><U69/><E115/><V105/><F105/><W103/><G0/><T15/><D2/><U36/><E1/><V76/><F73/><W39/><G103/><T94/><D126/><N who="2" m="48138" /><F82/><W85/><G51/><T65/><D129/><U57/><E124/><V27/><F62/><W98/><G98/><T133/><D38/><U24/><E69/><V25/><F25/><W19/><G19/><T31/><D133/><U75/><E75/><V86/><F86/><W17/><G17/><T63/><D12/><U109/><E132/><V11/><F11/><W10/><G39/><T45/><D31/><U30/><E120/><V34/><F34/><W6/><G10/><T18/><D18/><U81/><E81/><V49/><F44/><W95/><G122/><T29/><D29/><AGARI ba="0,0" hai="4,5,21,27,29,43,47,49,76,78,79" m="48138" machi="29" ten="30,1500,0" yaku="18,1" doraHai="71" who="2" fromWho="0" sc="233,-15,218,0,220,15,329,0" /><INIT seed="2,1,0,5,5,36" ten="218,218,235,329" oya="2" hai0="17,95,39,31,4,73,128,47,85,44,6,65,93" hai1="63,58,0,130,117,110,9,43,77,38,40,119,87" hai2="57,123,10,84,7,2,134,94,88,62,30,51,79" hai3="126,107,61,49,116,82,52,5,78,32,45,53,125"/><V115/><F115/><W48/><G116/><T25/><D73/><U21/><E38/><V75/><F123/><W8/><G107/><T41/><D128/><U55/><E130/><V105/><F134/><W34/><G61/><T3/><D65/><U89/><E77/><V121/><F121/><W80/><G32/><T24/><D44/><U70/><E110/><V50/><F105/><W59/><G34/><T13/><D24/><U1/><E70/><V102/><F30/><W72/><REACH who="3" step="1"/><G80/><REACH who="3" ten="218,218,235,319" step="2"/><T111/><D111/><U76/><E117/><V109/><F109/><W98/><G98/><T66/><D66/><U91/><E119/><V35/><F35/><W26/><G26/><T83/><D25/><U124/><E63/><V54/><F62/><W120/><G120/><T33/><D33/><U114/><E114/><V92/><F92/><W11/><G11/><T118/><D118/><U129/><E9/><V81/><F10/><W132/><G132/><T12/><D95/><U69/><E129/><V97/><F94/><W122/><G122/><T96/><D96/><U71/><E71/><V108/><F97/><W42/><G42/><T112/><D93/><U19/><E69/><V15/><F108/><W133/><G133/><T90/><D112/><U37/><E43/><V101/><F81/><W29/><G29/><T74/><D31/><U103/><E40/><V22/><F102/><W64/><G64/><T14/><D17/><U60/><E103/><V28/><F101/><W99/><G99/><T67/><D67/><U46/><E60/><N who="2" m="35895" /><F28/><W106/><G106/><T131/><D131/><RYUUKYOKU ba="1,1" sc="218,-10,218,-10,235,-10,319,30" hai3="5,8,45,48,49,52,53,59,72,78,82,125,126" /><INIT seed="3,2,1,3,2,135" ten="208,208,225,349" oya="3" hai0="115,1,11,124,47,119,82,71,134,53,80,95,31" hai1="109,91,60,8,2,61,58,28,33,4,90,87,130" hai2="52,98,103,68,35,83,18,48,43,106,26,54,40" hai3="42,104,107,17,3,24,81,50,22,56,51,118,84"/><W67/><G3/><T21/><D119/><U131/><E109/><V55/><F68/><W77/><G51/><N who="0" m="28927" /><D71/><U49/><E49/><V120/><F120/><W85/><G85/><T16/><D1/><U44/><E44/><V74/><F35/><W129/><G17/><T10/><D134/><U32/><E61/><V30/><F30/><W57/><G57/><T39/><D39/><U34/><E28/><V122/><F122/><W23/><G23/><T29/><D115/><U78/><E78/><V20/><F48/><W93/><G93/><T121/><D121/><U70/><E70/><V6/><F6/><W64/><G64/><T113/><D113/><U94/><REACH who="1" step="1"/><E90/><REACH who="1" ten="208,198,225,349" step="2"/><V45/><F45/><W86/><G50/><T73/><D29/><U89/><E89/><V0/><F43/><W79/><G79/><T66/><D31/><U133/><E133/><V5/><F40/><W111/><G77/><N who="0" m="44079" /><D66/><AGARI ba="2,2" hai="2,4,8,32,33,34,58,60,66,87,91,94,130,131" machi="66" ten="40,1300,0" yaku="1,1,53,0" doraHai="135" doraHaiUra="14" who="1" fromWho="0" sc="208,-19,198,39,225,0,349,0" owari="189,-31.1,237,3.7,225,-17.5,349,44.9" /></mjloggm>