<mjloggm ver="2.3"><GO type="225" lobby="0"/><UN n0="%E3%81%AF%E3%82%88%E3%81%8A%E3%81%98%E3%81%95%E3%82%93" n1="%E6%B0%B7%E5%B7%9D%E9%87%8C%E5%A5%88" n2="%43%68%65" n3="%72%61%6B%33" dan="17,16,16,17" rate="2201.76,2149.72,2123.54,2119.90" sx="M,F,M,M"/><TAIKYOKU oya="0"/><INIT seed="0,0,0,5,2,32" ten="250,250,250,250" oya="0" hai0="73,122,98,110,129,22,68,7,105,48,124,75,42" hai1="58,11,51,64,0,44,125,25,104,4,33,83,101" hai2="17,103,14,29,47,107,133,84,108,38,115,15,10" hai3="119,2,111,13,92,49,57,85,113,102,41,16,46"/><T128/><D122/><U53/><E125/><V45/><F115/><W126/><G113/><T72/><D68/><U114/><E114/><V100/><F108/><W62/><G111/><T20/><D110/><U60/><E83/><V23/><F133/><W31/><G126/><T35/><D35/><U76/><E76/><V1/><F1/><W89/><G119/><T61/><D124/><U3/><E101/><V70/><F70/><W77/><G2/><T130/><D7/><U9/><E104/><V131/><F131/><W116/><G116/><T87/><D87/><U69/><E33/><V36/><F84/><W109/><G109/><T106/><D61/><U39/><E25/><V27/><F107/><N who="0" m="40970" /><D98/><U19/><E19/><V88/><F88/><W99/><G31/><T30/><D30/><U135/><E135/><V120/><F120/><W43/><G43/><T40/><D48/><U81/><E81/><V8/><F38/><W82/><G77/><T26/><D26/><U18/><E18/><N who="2" m="8519" /><F36/><W91/><G91/><T118/><D118/><U55/><E39/><V34/><F34/><W67/><G102/><AGARI ba="0,0" hai="10,15,17,23,27,29,45,47,100,102,103" m="8519" machi="102" ten="30,1000,0" yaku="8,1" doraHai="32" who="2" fromWho="3" sc="250,0,250,0,250,10,250,-10" /><INIT seed="1,0,0,4,3,9" ten="250,250,260,240" oya="1" hai0="77,89,105,115,91,45,107,101,26,130,104,57,0" hai1="38,35,82,22,21,88,37,16,5,94,8,60,47" hai2="79,17,87,124,72,61,125,128,96,54,15,102,46" hai3="4,106,90,27,31,39,67,70,121,12,44,111,100"/><U131/><E35/><V65/><F72/><W36/><G121/><T40/><D0/><U135/><E135/><V29/><F29/><W127/><G111/><T80/><D115/><U64/><E131/><V84/><F128/><W56/><G56/><T32/><D130/><U92/><E82/><V59/><F79/><W134/><G90/><T129/><D129/><U66/><E47/><V83/><F46/><W71/><G127/><N who="2" m="48713" /><F54/><W41/><G39/><T114/><D114/><U55/><E55/><V113/><F83/><W112/><G134/><T85/><D101/><U93/><E88/><V25/><F25/><W110/><G110/><T51/><D57/><U81/><E81/><V118/><F118/><W123/><G123/><T75/><D75/><U18/><E22/><N who="2" m="11583" /><F113/><W1/><G112/><T99/><D99/><U13/><E60/><V74/><F74/><W116/><G44/><T117/><D117/><U19/><REACH who="1" step="1"/><E21/><REACH who="1" ten="250,240,260,240" step="2"/><V109/><F109/><W52/><G52/><T34/><D32/><U86/><E86/><V78/><F78/><W95/><G116/><T126/><D126/><U69/><E69/><V120/><F120/><W24/><G71/><T2/><D91/><U68/><E68/><V62/><F61/><W73/><G70/><T58/><D89/><U23/><E23/><V6/><F87/><W133/><G73/><T48/><D58/><U132/><E132/><V108/><F84/><W28/><G133/><T49/><D34/><U76/><E76/><V20/><F108/><W103/><G67/><AGARI ba="0,1" hai="5,8,13,16,18,19,37,38,64,66,67,92,93,94" machi="67" ten="40,12000,1" yaku="1,1,52,1,54,1,53,1" doraHai="9" doraHaiUra="3" who="1" fromWho="3" sc="250,0,240,130,260,0,240,-120" /><INIT seed="1,1,0,0,0,126" ten="250,370,260,120" oya="1" hai0="25,4,53,96,42,76,123,43,32,133,34,114,108" hai1="104,10,8,26,14,112,83,1,95,17,51,100,65" hai2="57,121,85,47,37,129,48,72,27,20,35,38,15" hai3="87,55,119,113,90,62,89,127,68,9,88,18,116"/><U120/><E112/><V5/><F72/><W73/><G73/><T77/><D114/><U132/><E120/><V109/><F121/><W101/><G113/><T102/><D123/><U118/><E118/><N who="3" m="45098" /><G127/><T92/><D108/><U67/><E104/><V22/><F35/><W7/><G101/><T19/><D133/><U115/><E115/><V50/><F109/><W54/><G18/><T28/><D32/><U105/><E105/><V66/><F38/><W39/><G39/><T49/><D4/><U3/><E132/><V99/><F99/><W111/><G111/><T103/><D102/><U94/><E26/><V122/><F37/><W45/><G45/><T78/><REACH who="0" step="1"/><D19/><REACH who="0" ten="240,370,260,120" step="2"/><U75/><E100/><V69/><F5/><W107/><G107/><T84/><D84/><U11/><E17/><V30/><F85/><W23/><G87/><T41/><D41/><U63/><E75/><V79/><F122/><W33/><G33/><T74/><D74/><U56/><E3/><V71/><F30/><W21/><G68/><T46/><AGARI ba="1,1" hai="25,28,34,42,43,46,49,53,76,77,78,92,96,103" machi="46" ten="30,4000,0" yaku="1,1,0,1,53,1" doraHai="126" doraHaiUra="44" who="0" fromWho="0" sc="240,53,370,-21,260,-11,120,-11" /><INIT seed="2,0,0,3,3,110" ten="293,349,249,109" oya="2" hai0="108,33,51,22,35,100,19,56,98,84,68,16,66" hai1="45,115,57,123,24,128,11,116,81,78,42,43,91" hai2="135,4,52,89,21,49,114,113,59,32,92,97,121" hai3="73,129,126,30,86,134,7,87,9,38,25,67,61"/><V47/><F121/><W29/><G73/><T74/><D74/><U119/><E115/><V20/><F32/><W117/><G117/><T40/><D108/><U3/><E128/><V5/><F135/><W103/><G129/><T131/><D131/><U6/><E123/><V23/><REACH who="2" step="1"/><F47/><REACH who="2" ten="293,349,239,109" step="2"/><W93/><G134/><T120/><D35/><U62/><E45/><V75/><F75/><W60/><G126/><T65/><D33/><U53/><E119/><V39/><F39/><W2/><G38/><T118/><D120/><U55/><E116/><V127/><F127/><W133/><G133/><T41/><D118/><U54/><E43/><V80/><F80/><W28/><G25/><T95/><D40/><U99/><E42/><V101/><F101/><W83/><G83/><T90/><D41/><U34/><E24/><V72/><F72/><W124/><G124/><T46/><D46/><U125/><E34/><V48/><F48/><W102/><G61/><T109/><D109/><U26/><E26/><V8/><F8/><W18/><G103/><T13/><D51/><U50/><E50/><V122/><F122/><W112/><G102/><T0/><D100/><U82/><E125/><V88/><F88/><W106/><G60/><T44/><D90/><U132/><E132/><V85/><F85/><W63/><G87/><T71/><D84/><U64/><E78/><V96/><F96/><W70/><G86/><T27/><D98/><U107/><E91/><V76/><F76/><W36/><G36/><T104/><D27/><U105/><E99/><V17/><F17/><W130/><G18/><RYUUKYOKU ba="0,1" sc="293,-15,349,15,239,15,109,-15" hai1="3,6,11,53,54,55,57,62,64,81,82,105,107" hai2="4,5,20,21,23,49,52,59,89,92,97,113,114" /><INIT seed="2,1,1,3,1,53" ten="278,364,254,94" oya="2" hai0="37,57,39,33,47,49,55,83,60,19,102,13,114" hai1="97,122,26,41,3,129,8,34,42,32,22,117,36" hai2="88,12,61,6,116,92,95,75,59,62,70,128,126" hai3="106,86,68,134,15,96,14,71,11,112,1,121,111"/><V99/><F116/><W101/><G121/><T30/><D114/><U28/><E117/><V79/><F128/><W23/><G112/><T31/><D102/><U132/><E132/><V98/><F126/><W44/><G134/><T118/><D118/><U48/><E36/><V38/><F38/><W125/><G125/><T7/><D7/><U113/><E113/><V17/><F6/><W51/><G111/><T50/><D50/><U110/><E110/><V130/><F130/><W100/><G100/><T24/><D30/><U43/><E129/><V73/><F70/><W52/><G1/><T63/><D63/><U76/><E76/><V115/><F115/><W87/><G23/><T135/><D83/><U67/><E67/><V20/><F79/><W78/><G15/><T89/><D89/><U0/><E48/><V21/><F21/><W109/><G109/><T80/><D80/><U4/><E122/><V124/><F62/><W119/><G119/><T27/><D27/><U133/><E133/><V84/><F124/><W93/><G78/><T123/><D123/><U65/><E65/><V120/><F120/><W85/><REACH who="3" step="1"/><G106/><REACH who="3" ten="278,364,254,84" step="2"/><T74/><D135/><U69/><E3/><V54/><F84/><W104/><G104/><T77/><D77/><U9/><E0/><V2/><F2/><W29/><G29/><T108/><D108/><U94/><E28/><V18/><F17/><AGARI ba="1,2" hai="11,14,17,44,51,52,68,71,85,86,87,93,96,101" machi="17" ten="40,2600,0" yaku="1,1,54,1,53,0" doraHai="53" doraHaiUra="107" who="3" fromWho="2" sc="278,0,364,0,254,-29,84,49" /><INIT seed="3,0,0,4,5,122" ten="278,364,225,133" oya="3" hai0="76,63,65,38,62,24,43,72,128,47,13,27,7" hai1="40,9,111,5,30,132,129,14,4,80,32,104,11" hai2="89,101,86,41,53,28,54,117,82,131,79,83,42" hai3="116,39,25,0,133,56,91,15,90,10,100,37,130"/><W71/><G71/><T94/><D128/><U110/><E104/><V18/><F117/><W125/><G116/><T118/><D118/><U105/><E105/><V108/><F131/><W120/><G120/><T1/><D13/><U23/><E129/><V67/><F28/><W57/><G130/><T98/><D63/><U87/><E40/><V95/><F101/><W64/><G0/><T69/><D94/><U68/><E68/><V26/><F67/><W49/><G125/><T115/><D98/><U31/><E23/><N who="2" m="13687" /><F108/><N who="1" m="41513" /><E32/><V127/><F127/><W3/><G3/><T134/><D134/><U107/><E107/><V34/><F34/><W112/><G133/><T21/><D1/><N who="1" m="143" /><E132/><V17/><F17/><W58/><G112/><T22/><D7/><U51/><E51/><V61/><F83/><W124/><G124/><T102/><D43/><N who="2" m="16394" /><F61/><W99/><G49/><T12/><D62/><U106/><E106/><V52/><F95/><N who="3" m="58495" /><G37/><T126/><D38/><U119/><E119/><V44/><F44/><W114/><G39/><T19/><D126/><U97/><E97/><V16/><F16/><N who="3" m="8311" /><G114/><T73/><D47/><U35/><E35/><V66/><F66/><W96/><G64/><T103/><D65/><U60/><E60/><V121/><F121/><W29/><G96/><T59/><D115/><U75/><E75/><V50/><F50/><W113/><G113/><T123/><D69/><U84/><E87/><V92/><F92/><W93/><G93/><T109/><D123/><U55/><E55/><V6/><F6/><W36/><G36/><T20/><D109/><U135/><E135/><RYUUKYOKU ba="0,0" sc="278,-30,364,10,225,10,133,10" hai1="5,11,14,30,31,80,84" hai2="52,53,54,79,82,86,89" hai3="25,29,56,57,58,90,91" /><INIT seed="3,1,0,0,5,12" ten="248,374,235,143" oya="3" hai0="131,118,71,3,42,105,26,100,122,70,120,101,53" hai1="76,98,126,23,43,115,74,5,62,44,17,32,112" hai2="2,16,31,13,25,87,134,46,28,110,119,108,40" hai3="78,92,95,49,127,102,83,69,77,124,84,34,41"/><W132/><G69/><T81/><D118/><U50/><E32/><V82/><F2/><W121/><G34/><T66/><D3/><U107/><E5/><V109/><F134/><W72/><G41/><T63/><D70/><U68/><E76/><N who="2" m="46535" /><F25/><W111/><G49/><T11/><D131/><U135/><E62/><V47/><F119/><W37/><G37/><T35/><D42/><U51/><E17/><V61/><F61/><W39/><G39/><T89/><D101/><U103/><E23/><N who="2" m="11663" /><F46/><W27/><G27/><T88/><D11/><U113/><E43/><V54/><F54/><W52/><G52/><T85/><D53/><U64/><E103/><V94/><F94/><N who="3" m="35883" /><G121/><T6/><D6/><U57/><E98/><V97/><F97/><W130/><G102/><T86/><D100/><U55/><E126/><N who="3" m="48170" /><G132/><T19/><D120/><U106/><E135/><V75/><F75/><W58/><G58/><T45/><D45/><U0/><E51/><AGARI ba="1,0" hai="28,31,40,47,51,108,109,110" m="11663,46535" machi="51" ten="30,3900,0" yaku="14,1,52,1,54,1" doraHai="12" who="2" fromWho="1" sc="248,0,374,-42,235,42,143,0" owari="248,-15.2,332,43.2,277,7.7,143,-35.7" /></mjloggm>