<mjloggm ver="2.3"><GO type="225" lobby="0"/><UN n0="%E3%82%8C%E3%81%99%E3%81%93" n1="%61%74%73%75%74%6F%64%6F" n2="%E3%82%BD%E3%83%83%E3%82%AF%E3%82%B9%E2%99%AA" n3="%E3%83%A9%E3%83%BC%E3%83%A1%E3%83%B3%E4%BA%94%E9%83%8E" dan="16,16,16,16" rate="2130.29,2066.11,2047.46,2113.36" sx="F,M,M,M"/><TAIKYOKU oya="0"/><INIT seed="0,0,0,2,2,135" ten="250,250,250,250" oya="0" hai0="31,17,37,72,62,49,34,97,99,15,69,9,66" hai1="131,44,107,100,47,102,109,24,68,2,20,60,96" hai2="91,13,6,85,29,12,7,76,80,125,78,95,132" hai3="46,26,73,61,18,59,89,42,57,77,51,88,22"/><T1/><D1/><U115/><E109/><V8/><F132/><W56/><REACH who="3" step="1"/><G61/><REACH who="3" ten="250,250,250,240" step="2"/><T65/><D62/><U23/><E60/><V33/><F125/><W75/><G75/><T4/><D72/><U79/><E115/><V81/><F33/><W101/><G101/><T71/><D34/><U98/><E102/><V108/><F108/><W134/><G134/><T104/><D69/><U82/><E100/><V52/><F29/><W50/><G50/><T86/><D31/><U28/><E68/><V117/><F117/><W106/><G106/><T119/><D71/><U21/><E107/><V35/><F35/><W103/><G103/><T63/><D63/><U120/><E28/><V14/><F7/><W64/><G64/><T30/><D30/><U0/><E0/><V54/><F78/><W112/><G112/><T92/><D4/><U113/><E2/><V133/><F133/><W127/><G127/><T105/><D105/><U111/><E113/><V83/><REACH who="2" step="1"/><F76/><REACH who="2" ten="250,250,240,240" step="2"/><W128/><G128/><T45/><D104/><U58/><E79/><V3/><AGARI ba="0,2" hai="3,6,8,12,13,14,52,54,80,81,83,85,91,95" machi="3" ten="30,8000,1" yaku="1,1,2,1,0,1,54,1,53,1" doraHai="135" doraHaiUra="32" who="2" fromWho="2" sc="250,-40,250,-20,240,100,240,-20" /><INIT seed="1,0,0,0,0,70" ten="210,230,340,220" oya="1" hai0="106,98,45,113,35,108,133,16,80,59,7,39,118" hai1="28,33,40,116,117,126,2,71,20,36,131,37,21" hai2="105,130,56,64,97,54,78,26,51,99,46,104,8" hai3="91,128,102,94,47,43,49,127,48,12,119,83,100"/><U84/><E71/><V110/><F110/><W55/><G127/><T132/><D113/><U135/><E2/><V42/><F130/><W41/><G128/><T27/><D118/><U101/><E131/><V109/><F109/><W75/><G119/><N who="1" m="45642" /><E40/><V58/><F78/><W11/><G83/><T62/><D7/><U6/><E6/><V114/><F114/><W82/><G75/><T3/><D3/><U53/><E101/><N who="3" m="39018" /><G49/><T22/><D35/><U1/><E1/><V112/><F112/><W18/><G82/><T61/><D106/><U73/><E84/><AGARI ba="0,0" hai="11,12,18,41,43,47,48,55,84,91,94" m="39018" machi="84" ten="30,1000,0" yaku="8,1" doraHai="70" who="3" fromWho="1" sc="210,0,230,-10,340,0,220,10" /><INIT seed="2,0,0,2,2,40" ten="210,220,340,230" oya="2" hai0="119,12,61,9,4,82,25,24,22,62,14,95,129" hai1="32,31,86,100,18,135,38,48,66,39,76,94,91" hai2="93,88,34,8,13,72,55,112,102,117,115,134,107" hai3="15,126,111,99,20,1,74,54,71,51,83,49,125"/><V17/><F117/><W90/><G1/><T118/><D129/><U53/><E135/><V79/><F134/><W130/><G130/><T87/><D95/><U67/><E100/><V106/><F34/><W2/><G2/><T64/><D14/><U35/><E39/><V133/><F133/><W89/><G71/><T92/><D92/><U109/><E38/><V37/><F37/><W46/><G111/><T123/><D123/><U75/><E109/><V44/><F79/><N who="3" m="44535" /><G99/><T80/><D80/><U101/><E101/><V68/><F68/><W28/><G15/><T105/><D105/><U127/><E75/><V77/><F77/><W128/><G128/><T113/><D113/><U19/><E76/><V47/><F72/><W114/><G114/><T45/><D45/><N who="1" m="27791" /><E35/><V57/><F107/><W42/><G20/><T96/><D96/><U43/><E32/><V69/><F69/><W124/><G28/><N who="0" m="17431" /><D25/><U108/><E31/><V41/><F102/><W6/><G6/><T120/><D64/><U3/><E67/><V81/><F106/><W23/><G23/><T21/><D21/><U103/><E66/><V27/><F27/><W11/><G11/><T63/><D120/><U131/><E103/><V5/><F5/><W52/><G42/><T36/><D36/><U56/><E43/><V59/><F115/><W97/><G97/><T29/><D29/><U110/><E131/><V116/><F41/><W85/><G85/><T65/><D65/><U84/><E110/><V60/><F112/><W16/><G16/><T7/><D7/><U121/><E108/><V30/><F30/><RYUUKYOKU ba="0,0" sc="210,15,220,-15,340,-15,230,15" hai0="4,9,12,61,62,63,82,87,118,119" hai3="46,49,51,52,54,89,90,124,125,126" /><INIT seed="3,1,0,1,0,120" ten="225,205,325,245" oya="3" hai0="89,99,65,11,69,74,130,45,26,94,113,131,63" hai1="32,132,46,83,37,98,79,61,102,87,14,78,24" hai2="5,13,23,107,7,117,96,56,48,20,64,122,108" hai3="33,10,127,109,1,8,6,135,119,0,115,111,118"/><W40/><G115/><T84/><D74/><U41/><E132/><V30/><F108/><N who="3" m="41547" /><G135/><T43/><D113/><U121/><E121/><V59/><F117/><N who="3" m="44555" /><G127/><T47/><D26/><U103/><E79/><V38/><F122/><W35/><G40/><T49/><D11/><U2/><E2/><V50/><F5/><AGARI ba="1,0" hai="0,1,5,6,8,10,33,35" m="44555,41547" machi="5" ten="30,24000,3" yaku="14,1,10,1,23,1,34,2,52,3" doraHai="120" who="3" fromWho="2" sc="225,0,205,0,325,-243,245,243" owari="225,2.5,205,-19.5,82,-41.8,488,58.8" /></mjloggm>