<mjloggm ver="2.3"><GO type="225" lobby="0"/><UN n0="%E3%83%94%E3%83%B3%E3%82%B5%E3%83%AD%E5%BA%97%E5%93%A1" n1="%E3%82%A2%E3%83%AC%E3%83%83%E3%82%AF%E3%82%B9%5A%5A%56" n2="%74%2E%6F%2E%6F%2E%73" n3="%E7%AB%8B%E7%9B%B4%E5%A5%BD%E6%A3%92%40%E5%BF%98" dan="16,16,17,17" rate="2134.81,2085.86,2126.22,2138.37" sx="M,F,M,M"/><TAIKYOKU oya="0"/><INIT seed="0,0,0,0,1,61" ten="250,250,250,250" oya="0" hai0="7,130,131,47,49,56,86,58,44,62,74,33,53" hai1="126,37,96,105,129,82,115,70,30,0,119,120,9" hai2="108,50,19,125,10,106,15,46,73,91,92,101,107" hai3="93,109,11,103,29,28,102,59,45,14,116,98,16"/><T67/><D74/><U122/><E30/><V2/><F108/><W133/><G116/><T34/><D7/><U55/><E55/><V51/><F73/><W21/><G109/><T63/><D86/><U99/><E9/><V71/><F125/><W39/><G133/><T76/><D76/><U95/><E95/><V123/><F123/><W132/><G132/><T65/><REACH who="0" step="1"/><D47/><REACH who="0" ten="240,250,250,250" step="2"/><U43/><E120/><V134/><F46/><W89/><G45/><T12/><D12/><U25/><E122/><V127/><F15/><W54/><G39/><T90/><D90/><U78/><E78/><V35/><F91/><W41/><G41/><T88/><D88/><U80/><E43/><V3/><F134/><W1/><G1/><T42/><D42/><U117/><E0/><V57/><F2/><W24/><REACH who="3" step="1"/><G29/><REACH who="3" ten="240,250,250,240" step="2"/><T113/><D113/><U32/><E115/><V128/><F3/><W118/><G118/><T79/><D79/><U87/><E119/><V17/><F127/><W85/><G85/><T52/><D52/><U84/><E87/><V8/><F128/><AGARI ba="0,2" hai="33,34,44,49,53,56,58,62,63,65,67,128,130,131" machi="128" ten="40,18000,2" yaku="1,1,9,1,19,1,52,2,53,2" doraHai="61" doraHaiUra="31" who="0" fromWho="2" sc="240,200,250,0,250,-180,240,0" /><INIT seed="0,1,0,2,0,100" ten="440,250,70,240" oya="0" hai0="24,89,2,101,25,92,15,117,28,38,11,31,39" hai1="81,71,64,121,44,65,26,95,105,86,114,7,54" hai2="55,94,106,90,134,88,73,22,10,37,75,41,21" hai3="116,74,36,57,13,20,30,103,9,82,23,18,50"/><T34/><D117/><U79/><E121/><V98/><F134/><W29/><G36/><T63/><D2/><U120/><E120/><V84/><F10/><W78/><G116/><T27/><D101/><U108/><E108/><V109/><F109/><W99/><G50/><T43/><D63/><U59/><E71/><V45/><F55/><W35/><G57/><T129/><D129/><U93/><E105/><V56/><F56/><W119/><G119/><T69/><D69/><U113/><E44/><V77/><F77/><W12/><G35/><T83/><D83/><U112/><E26/><V122/><F122/><W96/><G96/><T48/><D48/><U67/><REACH who="1" step="1"/><E7/><REACH who="1" ten="440,240,70,240" step="2"/><V1/><F1/><W6/><REACH who="3" step="1"/><G23/><REACH who="3" ten="440,240,70,230" step="2"/><T115/><D34/><U16/><E16/><V85/><F21/><W135/><G135/><T52/><D28/><U128/><E128/><V70/><F22/><W5/><G5/><T107/><D31/><U3/><E3/><V19/><F70/><W130/><G130/><T68/><D68/><U124/><E124/><V102/><REACH who="2" step="1"/><F19/><REACH who="2" ten="440,240,60,230" step="2"/><W104/><AGARI ba="1,3" hai="6,9,12,13,18,20,29,30,74,78,82,99,103,104" machi="104" ten="20,8000,1" yaku="1,1,0,1,7,1,52,1,53,1" doraHai="100" doraHaiUra="17" who="3" fromWho="3" sc="440,-41,240,-21,60,-21,230,113" /><INIT seed="1,0,0,0,1,106" ten="399,219,39,343" oya="1" hai0="135,18,129,16,44,66,89,112,38,10,101,11,24" hai1="111,118,12,45,69,68,22,91,61,48,34,133,62" hai2="0,14,36,131,27,75,109,130,103,4,21,116,120" hai3="80,102,122,17,105,114,53,29,19,88,110,124,31"/><U52/><E118/><V63/><F36/><W43/><G114/><T71/><D112/><U54/><E34/><V51/><F103/><W35/><G122/><T78/><D129/><U64/><E133/><V94/><F94/><W39/><G110/><T70/><D135/><U121/><E121/><V26/><F51/><W90/><G35/><T9/><D101/><U87/><E111/><V28/><F63/><W108/><G108/><T119/><D119/><U20/><E12/><V99/><F99/><W128/><G128/><N who="2" m="49193" /><F75/><W1/><G1/><T126/><D126/><U30/><E30/><N who="2" m="17743" /><F109/><W6/><G43/><T13/><D78/><U58/><REACH who="1" step="1"/><E69/><REACH who="1" ten="399,209,39,343" step="2"/><V57/><F116/><W95/><G31/><T33/><D71/><U123/><E123/><V56/><F120/><W98/><G29/><T3/><D70/><U50/><E50/><V73/><F0/><W81/><G124/><T115/><D3/><U93/><AGARI ba="0,1" hai="20,22,45,48,52,54,58,61,62,64,68,87,91,93" machi="93" ten="20,7800,0" yaku="1,1,0,1,7,1,54,1,53,0" doraHai="106" doraHaiUra="132" who="1" fromWho="1" sc="399,-26,209,88,39,-26,343,-26" /><INIT seed="1,1,0,2,5,87" ten="373,297,13,317" oya="1" hai0="111,49,46,114,66,116,89,86,13,115,104,39,57" hai1="97,44,58,26,28,40,126,54,131,63,50,81,42" hai2="67,52,59,5,79,10,37,107,135,133,77,72,8" hai3="73,20,0,29,19,36,62,45,88,123,22,34,33"/><U2/><E2/><V109/><F107/><W118/><G123/><T32/><D116/><U92/><E131/><V110/><F37/><W48/><G73/><T55/><D32/><U64/><E81/><V105/><F67/><W75/><G75/><T11/><D104/><U84/><E84/><V101/><F101/><W14/><G36/><T93/><D111/><N who="2" m="42506" /><F105/><W122/><G122/><T100/><D100/><U106/><E106/><V85/><F72/><W130/><G0/><T9/><D9/><N who="2" m="3690" /><F5/><W134/><G130/><T25/><D25/><U3/><E126/><V4/><F4/><W70/><G118/><T80/><D93/><U78/><E3/><V74/><F85/><W127/><G127/><T51/><D39/><U121/><E78/><V124/><F124/><W27/><G134/><N who="2" m="51209" /><F74/><W38/><G38/><T108/><D108/><U125/><E121/><V90/><F90/><W6/><G6/><T129/><D129/><U132/><E125/><V47/><F47/><W128/><G128/><T7/><REACH who="0" step="1"/><D66/><REACH who="0" ten="363,297,13,317" step="2"/><U69/><E132/><V99/><F99/><W83/><G83/><T98/><D98/><U117/><E117/><V18/><F18/><W17/><G17/><T103/><D103/><N who="1" m="60839" /><E69/><V41/><F41/><AGARI ba="1,1" hai="7,11,13,41,46,49,51,55,57,80,86,89,114,115" machi="41" ten="30,3900,0" yaku="1,1,7,1,52,1,53,0" doraHai="87" doraHaiUra="61" who="0" fromWho="2" sc="363,52,297,0,13,-42,317,0" owari="415,51.5,297,-10.3,-29,-52.9,317,11.7" /></mjloggm>