<mjloggm ver="2.3"><GO type="225" lobby="0"/><UN n0="%E3%81%A1%E3%82%85%E3%81%86%E3%81%A9%E3%81%8F%E8%B1%A1%E3%81%95%E3%82%93" n1="%E3%81%A9%E3%82%8F%E3%82%93%E3%81%94" n2="%73%6C%69%63%6B%33%31%39" n3="%E3%83%AB%E3%83%9B%E3%83%B3%E3%83%87%E3%82%A3%E3%82%A8" dan="16,16,16,17" rate="2155.96,2177.63,2179.98,2184.67" sx="M,M,M,M"/><TAIKYOKU oya="0"/><INIT seed="0,0,0,4,2,59" ten="250,250,250,250" oya="0" hai0="56,65,21,91,99,72,54,46,55,33,107,86,135" hai1="132,109,43,62,85,127,76,70,28,120,79,10,71" hai2="90,8,52,11,67,130,18,60,50,5,7,89,101" hai3="115,119,131,64,105,6,98,2,20,94,104,12,23"/><T51/><D33/><U100/><E120/><V92/><F130/><W26/><G115/><T30/><D72/><U17/><E100/><V73/><F73/><W1/><G119/><T53/><D135/><U15/><E132/><V113/><F113/><W49/><G131/><T123/><D123/><U78/><E109/><V75/><F75/><W84/><G84/><T3/><D3/><U13/><E127/><V14/><F101/><W31/><G105/><T4/><D4/><U116/><E116/><V69/><F92/><W40/><G104/><T134/><D134/><U57/><E43/><V112/><F112/><W34/><G40/><T87/><D107/><U0/><E28/><V24/><F24/><W80/><G80/><T36/><D36/><U106/><E0/><V111/><F111/><W58/><G23/><T9/><D9/><U108/><E106/><V42/><F42/><W63/><G49/><T126/><D126/><U61/><E108/><V122/><F122/><W47/><G47/><T22/><D99/><U125/><E125/><V102/><F102/><N who="3" m="60759" /><G34/><T29/><D65/><U118/><E118/><V35/><F35/><W66/><G66/><T19/><D87/><U133/><E133/><V95/><F95/><W32/><G32/><T124/><D124/><U41/><E41/><V81/><F81/><W128/><G128/><T82/><D54/><N who="1" m="33975" /><E85/><V117/><F117/><W39/><G39/><T37/><D37/><U93/><E93/><V68/><F69/><W96/><G96/><T83/><D83/><U88/><E70/><V38/><F38/><W110/><G110/><RYUUKYOKU ba="0,0" sc="250,-10,250,-10,250,-10,250,30" hai3="1,2,6,12,20,26,31,58,63,64" /><INIT seed="1,1,0,0,3,59" ten="240,240,240,280" oya="1" hai0="35,98,31,132,111,133,58,129,70,40,79,9,102" hai1="125,45,68,93,85,99,94,126,38,75,37,67,27" hai2="135,43,80,13,39,106,64,77,1,123,104,115,105" hai3="128,88,44,21,119,49,116,90,83,24,86,76,78"/><U74/><E27/><V15/><F123/><W71/><G71/><T118/><D118/><N who="3" m="45097" /><G90/><T131/><D70/><U61/><E85/><V63/><F1/><W22/><G128/><N who="0" m="49227" /><D40/><U54/><E94/><V57/><F135/><N who="0" m="51786" /><D9/><U46/><E54/><V103/><F103/><W114/><G114/><T91/><D31/><U3/><E3/><V52/><F115/><W48/><G48/><T16/><D35/><U47/><E38/><V12/><F64/><W96/><G96/><T30/><D30/><U109/><E109/><V14/><N who="2" m="3072" /><DORA hai="107" /><V117/><F117/><W121/><G121/><T28/><D28/><U26/><E26/><V7/><F7/><W29/><G21/><T50/><D16/><U127/><E37/><V51/><F39/><W2/><G2/><T17/><D17/><U69/><E69/><V73/><REACH who="2" step="1"/><F106/><REACH who="2" ten="240,240,230,280" step="2"/><W4/><G4/><T134/><D134/><U42/><E42/><AGARI ba="1,1" hai="22,24,29,42,44,49,76,78,83,86,88" m="45097" machi="42" ten="30,2000,0" yaku="12,1,54,1" doraHai="59,107" who="3" fromWho="1" sc="240,0,240,-23,230,0,280,33" /><INIT seed="2,0,0,2,1,44" ten="240,217,230,313" oya="2" hai0="26,127,108,30,123,85,52,72,0,115,16,53,105" hai1="50,125,109,12,100,73,22,93,8,128,111,40,117" hai2="95,114,81,82,4,56,60,65,20,21,7,83,19" hai3="42,47,17,10,124,62,35,90,25,49,129,38,77"/><V13/><F114/><W32/><G124/><T34/><D115/><U55/><E117/><V133/><F133/><W112/><G129/><T61/><D123/><U69/><E128/><V43/><F43/><W66/><G77/><T121/><D121/><U132/><E73/><V116/><F116/><W76/><G76/><T39/><D39/><U122/><E69/><V135/><F135/><W119/><G119/><T75/><D0/><U87/><E132/><V36/><F36/><W86/><G38/><T68/><D105/><U63/><E125/><V89/><REACH who="2" step="1"/><F21/><REACH who="2" ten="240,217,220,313" step="2"/><W92/><G112/><T18/><D127/><U2/><E122/><V37/><F37/><W131/><G131/><T31/><D34/><U107/><E22/><V98/><AGARI ba="0,1" hai="4,7,13,19,20,56,60,65,81,82,83,89,95,98" machi="98" ten="30,6000,0" yaku="1,1,0,1,8,1,53,0" doraHai="44" doraHaiUra="130" who="2" fromWho="2" sc="240,-20,217,-20,220,70,313,-20" /><INIT seed="2,1,0,5,4,26" ten="220,197,290,293" oya="2" hai0="112,46,41,129,135,118,24,2,82,5,23,52,45" hai1="49,12,100,39,86,91,22,37,87,130,55,56,38" hai2="84,27,50,76,14,0,85,25,89,69,133,78,117" hai3="28,43,105,114,122,95,131,72,96,11,77,6,128"/><V115/><F115/><W61/><G122/><T79/><D112/><U113/><E113/><V103/><F117/><W111/><G114/><T9/><D118/><U42/><E130/><N who="3" m="49706" /><G105/><T63/><D129/><U93/><E100/><V1/><F69/><W59/><G43/><T54/><D135/><U66/><E66/><V132/><F50/><W29/><G111/><T62/><D63/><U47/><REACH who="1" step="1"/><E87/><REACH who="1" ten="220,187,290,293" step="2"/><V36/><F85/><W53/><G72/><T97/><D97/><U4/><E4/><V134/><F103/><N who="3" m="60831" /><G77/><T19/><D62/><U13/><E13/><AGARI ba="1,1" hai="6,11,13,28,29,53,59,61" m="60831,49706" machi="13" ten="30,3900,0" yaku="19,1,52,2" doraHai="26" who="3" fromWho="1" sc="220,0,187,-42,290,0,293,52" /><INIT seed="3,0,0,2,1,24" ten="220,145,290,345" oya="3" hai0="97,83,122,120,6,36,70,41,8,31,103,96,110" hai1="74,66,4,73,80,72,84,76,19,129,130,94,50" hai2="63,53,126,42,34,47,35,27,105,115,119,108,79" hai3="14,88,18,57,67,89,68,69,111,20,33,121,107"/><W133/><G33/><T123/><D70/><U85/><E66/><V78/><F119/><W21/><G107/><T93/><D110/><U49/><E4/><V95/><F115/><W17/><G121/><T37/><D83/><U90/><E19/><V114/><F105/><W55/><G67/><T117/><D117/><U134/><E50/><V71/><F126/><W125/><G133/><T22/><D41/><U1/><E49/><V102/><F114/><W65/><G65/><T64/><D64/><U7/><E7/><V54/><F71/><W75/><G75/><T11/><D11/><U32/><E32/><V131/><F131/><W5/><G5/><T86/><D36/><U45/><E45/><V87/><F108/><W28/><G28/><T109/><D37/><U98/><E1/><V100/><F63/><W113/><G113/><T10/><D10/><U46/><E46/><V23/><F42/><W62/><G125/><T60/><D60/><U92/><REACH who="1" step="1"/><E134/><REACH who="1" ten="220,135,290,345" step="2"/><V2/><F47/><W81/><G62/><T43/><D6/><U30/><E30/><V13/><F2/><W29/><G29/><T82/><D31/><U25/><E25/><V16/><F27/><W91/><G57/><T106/><D43/><U124/><E124/><V48/><F34/><W61/><G61/><T0/><D120/><U3/><E3/><V104/><F35/><W127/><G127/><T77/><D122/><U39/><E39/><V59/><F53/><W132/><G55/><T51/><D123/><U116/><E116/><V56/><F54/><W135/><G68/><T44/><D0/><RYUUKYOKU ba="0,1" sc="220,-10,135,30,290,-10,345,-10" hai1="72,73,74,76,80,84,85,90,92,94,98,129,130" owari="210,-19.0,165,-33.5,280,8.0,345,44.5" /></mjloggm>