<mjloggm ver="2.3"><GO type="225" lobby="0"/><UN n0="%E6%A0%B9%E5%85%83%E3%81%8B%E3%82%89%E5%90%B9%E3%81%A3%E9%A3%9B%E3%81%B6" n1="%72%65%6E%6B%75%6E" n2="%6D%75%75%73%61%6E%6D%75" n3="%E3%81%BF%E3%81%BF%E3%81%9A" dan="17,17,16,17" rate="2176.11,2183.34,2096.55,2268.94" sx="F,M,F,M"/><TAIKYOKU oya="0"/><INIT seed="0,0,0,4,5,133" ten="250,250,250,250" oya="0" hai0="43,72,97,81,105,79,7,86,36,26,48,19,100" hai1="117,38,74,131,52,21,68,122,103,94,116,60,92" hai2="39,2,75,93,24,87,18,63,64,69,47,34,90" hai3="84,77,8,57,6,20,23,130,53,134,13,118,101"/><T3/><D48/><U54/><E74/><V1/><F75/><W16/><G118/><T83/><D19/><U106/><E38/><V125/><F125/><W35/><G134/><T107/><D26/><U113/><E106/><V108/><F108/><W95/><G130/><T111/><D111/><U22/><E103/><V61/><F61/><W66/><G35/><T120/><D120/><U15/><E15/><V65/><F65/><W28/><G66/><T55/><D55/><U17/><E17/><V40/><REACH who="2" step="1"/><F18/><REACH who="2" ten="250,250,240,250" step="2"/><W62/><G28/><AGARI ba="0,1" hai="1,2,24,28,34,39,40,47,63,64,69,87,90,93" machi="28" ten="40,5200,0" yaku="1,1,2,1,53,1" doraHai="133" doraHaiUra="71" who="2" fromWho="3" sc="250,0,250,0,240,62,250,-52" /><INIT seed="1,0,0,4,1,102" ten="250,250,302,198" oya="1" hai0="43,113,115,50,89,34,108,54,105,57,45,132,46" hai1="63,13,118,53,36,67,21,86,62,31,133,119,81" hai2="71,111,69,52,91,32,90,4,2,15,106,65,98" hai3="16,112,7,75,97,30,25,127,58,41,78,77,55"/><U33/><E36/><V122/><F122/><W20/><G112/><T114/><D34/><U110/><E133/><V47/><F2/><W9/><G127/><T40/><D89/><U83/><E110/><V24/><F111/><W128/><G128/><T48/><D132/><U107/><E107/><V8/><F47/><W26/><G41/><T44/><D108/><U39/><E39/><V125/><F52/><W12/><G75/><T134/><D134/><U64/><E13/><V29/><F125/><W130/><G130/><T92/><D92/><U88/><E33/><V14/><F14/><W104/><G104/><T11/><D11/><U79/><E31/><V3/><F3/><W56/><G97/><T87/><D87/><U73/><E21/><V1/><F1/><W117/><G117/><T93/><D93/><U126/><E53/><V19/><F19/><W0/><G26/><T121/><D105/><U5/><E5/><V95/><F71/><W131/><G131/><T60/><D46/><U80/><E80/><V99/><F99/><W74/><G74/><T109/><D109/><U28/><E28/><V68/><F68/><W6/><G58/><T51/><D51/><U103/><E103/><N who="2" m="62839" /><F95/><W116/><G116/><T84/><D84/><U35/><E126/><V101/><F101/><W18/><G18/><T94/><D94/><U10/><E10/><V37/><F37/><W61/><REACH who="3" step="1"/><G6/><REACH who="3" ten="250,250,302,188" step="2"/><T100/><D100/><U82/><E118/><V85/><F85/><W124/><G124/><T42/><D40/><U72/><E119/><V66/><F69/><W22/><AGARI ba="0,1" hai="0,7,9,12,16,20,22,25,30,55,56,61,77,78" machi="22" ten="20,8000,1" yaku="1,1,5,1,0,1,7,1,54,1,53,0" doraHai="102" doraHaiUra="135" who="3" fromWho="3" sc="250,-20,250,-40,302,-20,188,90" /><INIT seed="2,0,0,1,1,59" ten="230,210,282,278" oya="2" hai0="1,42,26,33,34,15,11,108,81,31,21,88,62" hai1="44,133,13,100,37,10,83,72,17,109,73,122,78" hai2="107,125,5,64,3,20,130,118,29,65,8,111,76" hai3="14,95,104,6,82,105,79,12,24,98,93,116,126"/><V74/><F118/><W56/><G116/><T43/><D108/><U39/><E109/><V97/><F111/><W2/><G2/><T55/><D34/><U40/><E133/><V50/><F130/><W67/><G126/><T51/><D1/><U35/><E35/><V114/><F114/><W89/><G95/><T19/><D62/><U22/><E122/><V94/><F107/><W7/><G24/><T28/><D28/><U80/><E100/><V45/><F125/><W110/><G110/><T66/><D66/><U131/><E131/><V85/><F74/><W134/><G134/><T54/><D54/><U32/><E32/><V128/><F128/><W57/><G105/><T123/><D123/><U99/><E99/><V135/><F135/><W117/><G104/><T18/><D18/><U90/><E90/><V46/><F29/><W9/><G117/><T132/><D33/><U71/><E71/><V36/><F20/><W87/><G67/><T91/><D132/><U124/><E124/><V69/><F69/><W49/><G49/><T101/><D101/><U115/><E115/><V41/><F76/><W53/><G53/><T63/><D63/><U92/><E92/><V96/><F85/><W52/><G52/><T119/><D119/><U103/><E103/><V58/><F96/><W60/><G60/><T25/><D25/><U86/><E37/><V106/><F106/><W77/><G79/><T75/><D91/><N who="1" m="51655" /><E72/><V127/><F127/><W23/><G23/><T113/><D113/><U30/><E22/><V129/><F129/><W27/><G27/><T47/><D88/><RYUUKYOKU ba="0,0" sc="230,10,210,10,282,-30,278,10" hai0="11,15,19,21,26,31,42,43,47,51,55,75,81" hai1="10,13,17,30,39,40,44,73,78,83" hai3="6,7,9,12,14,56,57,77,82,87,89,93,98" /><INIT seed="3,1,0,4,1,93" ten="240,220,252,288" oya="3" hai0="52,104,74,3,121,135,69,120,82,113,57,111,14" hai1="5,27,18,89,80,46,85,109,34,63,15,90,91" hai2="71,59,114,51,47,125,101,10,33,49,117,1,95" hai3="29,124,87,54,6,133,116,84,67,129,102,2,118"/><W31/><G67/><T115/><D3/><U36/><E109/><V65/><F33/><W44/><G102/><T32/><D32/><U79/><E5/><V68/><F114/><N who="0" m="43530" /><D104/><U22/><E63/><V100/><F117/><W16/><G2/><T123/><D69/><U37/><REACH who="1" step="1"/><E46/><REACH who="1" ten="240,210,252,288" step="2"/><V58/><F47/><W92/><G6/><T78/><D111/><U83/><E83/><V88/><F58/><W103/><G44/><T81/><D135/><U134/><E134/><V105/><F59/><W56/><G133/><T127/><D127/><U64/><E64/><V99/><F65/><W122/><G124/><T40/><D40/><U25/><E25/><V86/><F125/><W38/><G118/><T108/><D108/><U97/><E97/><V112/><F112/><W30/><G116/><T131/><D131/><U55/><E55/><V19/><F71/><W75/><G129/><T35/><D82/><U12/><E12/><V4/><F68/><W20/><G54/><T119/><D119/><U39/><E39/><V126/><F126/><W62/><G38/><T26/><D14/><U60/><E60/><V130/><F130/><W76/><G56/><T61/><D123/><U98/><E98/><N who="2" m="61591" /><F4/><W132/><G62/><T77/><D77/><U94/><E94/><N who="2" m="58615" /><F1/><W43/><G122/><T72/><D121/><U13/><E13/><N who="2" m="7607" /><F51/><W45/><G132/><T17/><D120/><U66/><E66/><V11/><F49/><N who="3" m="26815" /><G92/><T24/><D78/><U53/><E53/><V23/><F95/><W21/><G76/><T41/><D81/><U48/><E48/><V110/><F110/><RYUUKYOKU ba="1,1" sc="240,-10,210,30,252,-10,288,-10" hai1="15,18,22,27,34,36,37,79,80,85,89,90,91" /><INIT seed="4,2,1,4,3,39" ten="230,240,242,278" oya="0" hai0="7,53,12,34,2,85,25,65,59,28,75,120,98" hai1="118,61,82,30,62,113,16,135,106,8,67,21,6" hai2="124,35,134,94,101,93,63,90,26,15,19,133,44" hai3="128,10,57,13,78,22,92,55,18,111,3,50,131"/><T4/><D75/><U31/><E106/><V115/><F115/><W123/><G111/><T107/><D120/><U87/><E118/><V49/><F124/><W80/><G123/><T99/><D2/><U14/><E113/><V52/><F63/><W100/><G92/><T23/><D65/><U41/><E41/><V129/><F129/><N who="3" m="49739" /><G100/><T116/><D116/><U36/><E36/><V45/><F45/><W64/><G64/><T40/><D40/><U96/><E96/><N who="0" m="36905" /><D107/><U66/><E66/><V89/><F101/><W58/><G58/><T102/><D102/><U88/><E135/><V79/><F94/><W91/><G91/><T119/><D119/><U56/><REACH who="1" step="1"/><E62/><REACH who="1" ten="230,230,242,278" step="2"/><V70/><F134/><W110/><G110/><T132/><D132/><U112/><E112/><V95/><F133/><W69/><G50/><N who="0" m="31159" /><D34/><U43/><E43/><V121/><F121/><W97/><G97/><T104/><D104/><U24/><AGARI ba="2,2" hai="6,8,14,16,21,24,30,31,56,61,67,82,87,88" machi="24" ten="20,12000,2" yaku="1,1,0,1,7,1,8,1,54,2,53,0" doraHai="39" doraHaiUra="108" who="1" fromWho="1" sc="230,-62,230,146,242,-32,278,-32" owari="168,-33.2,376,47.6,210,-19.0,246,4.6" /></mjloggm>