<mjloggm ver="2.3"><GO type="225" lobby="0"/><UN n0="%72%69%6F%75%63%68%61%6E" n1="%E3%82%BC%E3%83%AB%E3%83%80%E3%81%AE%E4%BC%9D%E8%AA%AC" n2="%E3%83%AB%E3%83%9B%E3%83%B3%E3%83%87%E3%82%A3%E3%82%A8" n3="%E3%81%A9%E3%82%8F%E3%82%93%E3%81%94" dan="16,17,17,16" rate="2120.72,2170.12,2185.39,2091.69" sx="M,M,M,M"/><TAIKYOKU oya="0"/><INIT seed="0,0,0,3,3,131" ten="250,250,250,250" oya="0" hai0="28,10,104,15,29,62,120,22,90,65,61,39,109" hai1="73,76,126,54,17,5,37,132,118,55,23,95,106" hai2="35,52,84,122,3,79,63,87,34,45,88,74,119" hai3="100,124,51,31,92,75,107,58,96,60,18,48,40"/><T41/><D120/><U7/><E106/><V72/><F122/><W21/><G124/><T32/><D32/><U102/><E37/><V64/><F3/><W77/><G107/><T57/><D104/><U16/><E118/><V25/><F119/><W1/><G1/><T103/><D109/><U110/><E110/><V117/><F117/><W13/><G40/><T114/><D114/><U93/><E126/><V98/><F98/><W9/><G77/><T108/><D103/><U89/><E76/><V38/><F84/><W116/><G75/><T30/><D108/><U130/><E73/><V19/><F79/><W105/><G105/><T80/><D62/><U127/><E127/><V133/><F133/><W12/><G116/><T42/><D39/><U59/><E130/><V14/><F25/><N who="3" m="16815" /><G13/><T113/><D22/><U99/><E132/><V2/><F2/><W66/><AGARI ba="0,0" hai="9,12,18,48,51,58,60,66,92,96,100" m="16815" machi="66" ten="30,2000,0" yaku="25,1,8,1" doraHai="131" who="3" fromWho="3" sc="250,-10,250,-5,250,-5,250,20" /><INIT seed="1,0,0,4,2,9" ten="240,245,245,270" oya="1" hai0="71,99,89,64,126,106,116,125,1,55,77,22,13" hai1="53,130,124,8,59,69,27,18,117,75,47,70,66" hai2="23,134,135,105,101,79,91,118,40,43,57,73,63" hai3="51,82,107,119,123,112,94,36,44,32,133,12,78"/><U28/><E117/><V2/><F2/><W86/><G123/><T68/><D116/><U26/><E75/><V3/><F3/><W31/><G112/><T98/><D1/><U122/><E122/><V39/><F118/><W102/><G36/><T37/><D37/><U42/><E124/><N who="0" m="47721" /><D77/><U114/><E114/><V6/><F6/><W48/><G119/><T128/><D128/><U111/><E130/><V7/><F7/><W34/><G133/><T88/><D55/><U49/><E111/><V52/><F105/><W60/><G107/><T46/><D46/><U5/><E18/><V127/><F101/><W76/><G76/><T65/><D22/><U87/><E87/><V72/><F91/><N who="0" m="34890" /><D13/><N who="1" m="5263" /><E28/><V17/><F127/><W129/><G31/><T110/><D110/><U30/><E30/><V4/><F39/><W33/><G33/><T38/><D38/><N who="1" m="21975" /><E70/><N who="0" m="26665" /><D106/><U24/><E24/><V83/><F72/><W16/><G34/><T74/><D74/><U20/><E20/><V19/><F23/><W120/><G32/><T96/><AGARI ba="0,0" hai="64,65,96,98,99" m="26665,34890,47721" machi="96" ten="40,8000,1" yaku="28,2,18,1,54,1" doraHai="9" who="0" fromWho="0" sc="240,80,245,-40,245,-20,270,-20" /><INIT seed="2,0,0,1,2,118" ten="320,205,225,250" oya="2" hai0="47,130,12,84,57,132,129,41,60,87,15,55,42" hai1="124,11,122,71,39,104,32,48,115,62,5,92,86" hai2="54,49,90,14,113,13,36,63,97,128,35,26,8" hai3="96,40,135,51,80,83,24,121,70,64,78,93,2"/><V59/><F128/><N who="0" m="49258" /><D41/><U110/><E39/><V133/><F36/><W79/><G2/><T16/><D132/><U28/><E115/><V109/><F133/><W120/><G70/><T21/><D12/><U103/><E110/><V56/><F113/><W85/><G64/><T68/><D68/><U27/><E124/><V107/><F109/><W44/><G135/><T58/><D58/><U43/><E122/><V123/><F123/><W95/><G24/><T33/><D33/><U111/><E111/><V65/><F107/><W126/><G126/><T25/><D15/><U102/><E104/><V66/><F66/><W4/><G4/><T1/><D1/><U91/><E62/><V88/><F14/><W116/><G116/><T20/><D21/><U9/><E71/><V23/><F97/><W106/><G106/><T82/><D82/><U112/><E112/><V37/><F37/><AGARI ba="0,0" hai="16,20,25,37,42,47,55,57,60,84,87" m="49258" machi="37" ten="30,2000,0" yaku="19,1,54,1" doraHai="118" who="0" fromWho="2" sc="320,20,205,0,225,-20,250,0" /><INIT seed="3,0,0,2,4,22" ten="340,205,205,250" oya="3" hai0="133,26,37,60,103,51,27,135,3,117,126,14,16" hai1="32,98,47,104,13,112,119,19,9,54,61,111,123" hai2="2,84,64,58,5,81,4,63,132,116,92,70,85" hai3="77,42,55,57,80,108,107,6,33,88,24,134,130"/><W0/><G107/><T11/><D37/><U43/><E123/><V67/><F116/><W83/><G42/><T66/><D117/><U69/><E119/><V45/><F132/><N who="0" m="50762" /><D126/><U97/><E112/><V76/><F2/><W120/><G0/><T65/><D3/><U31/><E111/><V121/><F121/><W128/><G6/><N who="2" m="2665" /><F70/><W96/><G134/><T73/><D73/><U15/><E104/><V86/><F45/><W34/><G120/><T41/><D103/><U40/><E32/><V71/><F71/><W36/><G36/><T118/><D118/><U39/><E31/><V105/><F105/><W23/><G34/><T50/><D66/><N who="2" m="25130" /><F92/><W21/><G33/><T18/><D18/><N who="1" m="8495" /><E69/><V101/><F101/><W127/><G127/><T28/><D41/><N who="1" m="15947" /><E39/><V48/><F48/><N who="0" m="18474" /><D28/><U109/><E109/><V59/><F59/><AGARI ba="0,0" hai="11,14,16,26,27,59,60,65" m="18474,50762" machi="59" ten="30,7700,0" yaku="20,1,52,2,54,1" doraHai="22" who="0" fromWho="2" sc="340,77,205,0,205,-77,250,0" owari="417,51.7,205,-19.5,128,-37.2,250,5.0" /></mjloggm>