<mjloggm ver="2.3"><GO type="225" lobby="0"/><UN n0="%E3%83%94%E3%83%B3%E3%82%B5%E3%83%AD%E5%BA%97%E5%93%A1" n1="%E5%8B%95%E7%89%A9%E5%9C%92%E3%81%AE%E3%81%8F%E3%82%8D" n2="%61%6D%65%6B%69" n3="%48%61%61%61%6C%61%6E%64" dan="17,16,16,18" rate="2175.43,2163.34,2093.45,2136.05" sx="M,M,M,M"/><TAIKYOKU oya="0"/><INIT seed="0,0,0,4,4,36" ten="250,250,250,250" oya="0" hai0="28,39,72,11,129,89,127,105,80,51,24,54,29" hai1="94,92,47,35,83,130,107,78,30,76,99,31,59" hai2="56,64,73,118,71,81,113,25,4,111,122,123,119" hai3="126,41,104,10,1,13,95,117,77,27,65,131,14"/><T58/><D105/><U22/><E130/><V102/><F4/><W17/><G104/><T87/><D129/><U68/><E35/><V134/><F25/><W75/><G131/><T112/><D112/><U116/><E68/><V46/><F102/><W9/><G117/><N who="2" m="44553" /><F81/><W42/><G126/><T106/><D106/><U90/><E116/><V33/><F33/><W79/><G1/><T84/><D72/><U135/><E135/><V103/><F103/><W48/><G65/><T6/><D39/><U57/><E107/><V21/><F21/><N who="3" m="13743" /><G75/><T7/><D127/><U34/><E34/><V74/><F74/><W69/><G69/><T120/><D120/><N who="2" m="46122" /><F73/><W125/><G125/><T114/><D114/><U82/><E90/><V61/><F113/><W133/><G133/><T23/><D29/><U49/><E99/><V5/><F5/><N who="3" m="3247" /><G48/><T101/><D101/><U97/><E49/><V67/><F111/><W55/><G55/><T43/><D11/><U53/><E53/><N who="2" m="33935" /><F71/><W115/><G115/><T128/><D128/><U52/><E52/><V108/><F108/><W91/><G79/><N who="0" m="46111" /><D7/><U12/><E76/><V110/><F110/><W2/><G77/><T44/><D6/><U8/><E78/><V109/><F109/><W15/><G2/><T60/><D89/><U18/><E82/><V85/><F85/><AGARI ba="0,0" hai="23,24,28,43,44,51,54,58,60,85,87" m="46111" machi="85" ten="30,2900,0" yaku="8,1,52,1" doraHai="36" who="0" fromWho="2" sc="250,29,250,0,250,-29,250,0" /><INIT seed="0,1,0,4,3,122" ten="279,250,221,250" oya="0" hai0="125,18,1,107,31,10,25,72,104,32,12,7,71" hai1="112,87,11,22,9,6,36,95,23,120,101,44,58" hai2="85,94,27,99,65,64,84,52,61,115,16,75,14" hai3="81,130,105,90,34,123,53,102,3,80,89,97,121"/><T110/><D72/><U111/><E120/><N who="3" m="46154" /><G3/><T55/><D125/><U57/><E112/><V119/><F75/><W76/><G34/><T54/><D71/><U2/><E111/><V30/><F115/><W39/><G39/><T106/><REACH who="0" step="1"/><D110/><REACH who="0" ten="269,250,221,250" step="2"/><U96/><E23/><AGARI ba="1,1" hai="1,7,10,12,18,23,25,31,32,54,55,104,106,107" machi="23" ten="40,12000,1" yaku="1,1,2,1,24,2,53,1" doraHai="122" doraHaiUra="21" who="0" fromWho="1" sc="269,133,250,-123,221,0,250,0" /><INIT seed="0,2,0,1,2,15" ten="402,127,221,250" oya="0" hai0="56,88,7,75,85,124,119,2,60,5,11,10,90" hai1="22,41,109,62,57,113,35,74,71,52,24,8,73" hai2="33,42,40,0,14,135,44,94,70,34,100,63,17" hai3="134,114,101,107,46,82,37,50,96,120,127,36,117"/><T55/><D119/><U130/><E109/><V77/><F0/><W3/><G117/><T93/><D124/><U128/><E35/><V1/><F1/><W91/><G114/><T32/><D32/><U110/><E110/><V103/><F42/><W20/><G127/><T69/><D75/><U132/><E113/><V118/><F135/><W31/><G3/><T30/><D30/><U53/><E132/><V18/><F77/><W112/><G120/><T83/><D69/><U115/><E115/><V81/><F81/><W76/><G91/><T13/><REACH who="0" step="1"/><D90/><REACH who="0" ten="392,127,221,250" step="2"/><U23/><E71/><V97/><F34/><W98/><G112/><T27/><D27/><U45/><E74/><V4/><F33/><W68/><G68/><T126/><D126/><U51/><E73/><V66/><F118/><W121/><G134/><T48/><D48/><U16/><E8/><V29/><F29/><W80/><G31/><T49/><D49/><U19/><REACH who="1" step="1"/><E41/><REACH who="1" ten="392,117,221,250" step="2"/><V122/><F122/><W123/><G121/><T47/><D47/><U54/><E54/><V108/><F108/><W105/><G123/><T59/><D59/><U72/><E72/><V61/><F44/><W131/><G46/><T116/><D116/><U111/><E111/><V84/><F40/><W92/><G20/><T65/><D65/><U102/><E102/><V133/><F66/><W6/><G101/><T25/><D25/><AGARI ba="2,2" hai="16,19,22,23,24,25,45,51,52,53,57,62,128,130" machi="25" ten="40,12000,2" yaku="1,1,9,1,52,2,54,2,53,0" doraHai="15" doraHaiUra="104" who="1" fromWho="0" sc="392,-126,117,146,221,0,250,0" /><INIT seed="1,0,0,1,3,95" ten="266,263,221,250" oya="1" hai0="132,63,26,5,70,84,115,93,41,6,60,72,35" hai1="81,0,51,27,83,126,19,80,92,127,134,47,55" hai2="2,8,85,61,20,16,105,52,119,14,59,101,9" hai3="79,13,90,57,100,104,3,103,62,28,64,121,43"/><U10/><E134/><V31/><F119/><W74/><G3/><T114/><D72/><U71/><E71/><V133/><F133/><W45/><G121/><T50/><D132/><U130/><E130/><V116/><F116/><W23/><G104/><T30/><D41/><U18/><E27/><V38/><F38/><W36/><G74/><T39/><D39/><U4/><REACH who="1" step="1"/><E92/><REACH who="1" ten="266,253,221,250" step="2"/><V98/><F2/><W46/><G103/><T109/><D70/><U120/><E120/><V33/><REACH who="2" step="1"/><F85/><REACH who="2" ten="266,253,211,250" step="2"/><W67/><G100/><T118/><D118/><U58/><E58/><V53/><F53/><W1/><G57/><T117/><D117/><U96/><E96/><V65/><F65/><W29/><G67/><T107/><D84/><U34/><E34/><V75/><F75/><W99/><G64/><T106/><D35/><U87/><E87/><V68/><F68/><W73/><G73/><T78/><D115/><U129/><E129/><V32/><F32/><W110/><G1/><T15/><D114/><U7/><E7/><V102/><F102/><W113/><G113/><T40/><D6/><U22/><E22/><V49/><F49/><W12/><G23/><T125/><D50/><U86/><E86/><V94/><F94/><W97/><G99/><T128/><D93/><U17/><AGARI ba="0,2" hai="0,4,10,17,18,19,47,51,55,80,81,83,126,127" machi="17" ten="40,12000,1" yaku="1,1,0,1,53,3" doraHai="95" doraHaiUra="77" who="1" fromWho="1" sc="266,-40,253,140,211,-40,250,-40" /><INIT seed="1,1,0,5,5,104" ten="226,393,171,210" oya="1" hai0="35,87,113,39,108,55,26,90,130,128,94,116,54" hai1="120,124,11,5,118,21,86,16,37,105,14,28,31" hai2="24,0,15,17,25,13,121,82,57,95,64,70,18" hai3="41,4,109,123,22,47,10,84,44,27,102,23,38"/><U103/><E37/><V20/><F70/><W119/><G123/><T33/><D113/><U61/><E118/><V9/><F0/><W59/><G119/><T79/><D116/><U106/><E120/><V29/><F121/><W40/><G109/><T107/><D39/><U101/><E124/><V127/><F127/><W80/><G102/><T50/><D107/><U98/><E86/><V117/><F117/><W45/><G59/><T81/><D108/><U129/><E129/><N who="0" m="49769" /><D26/><U89/><E89/><V67/><F57/><W63/><G63/><T78/><D78/><U115/><E115/><V19/><F95/><W85/><G85/><N who="0" m="52559" /><D55/><U96/><REACH who="1" step="1"/><E61/><REACH who="1" ten="226,383,171,210" step="2"/><V7/><F7/><W135/><G38/><T65/><D65/><U88/><E88/><V92/><F92/><W12/><G84/><T8/><D87/><U49/><E49/><V42/><F42/><W32/><G40/><T131/><D50/><U125/><E125/><V74/><F67/><W133/><G41/><T112/><D112/><U52/><E52/><V97/><F64/><W73/><G135/><T69/><D54/><U48/><E48/><V1/><F97/><W134/><G133/><T3/><D131/><U100/><E100/><V71/><F82/><W114/><G134/><T83/><D83/><U62/><E62/><V75/><F71/><W66/><G114/><T110/><D69/><U2/><AGARI ba="1,1" hai="2,5,11,14,16,21,28,31,96,98,101,103,105,106" machi="2" ten="20,18000,2" yaku="1,1,0,1,7,1,9,1,54,1,53,1" doraHai="104" doraHaiUra="6" who="1" fromWho="1" sc="226,-61,383,193,171,-61,210,-61" /><INIT seed="1,2,0,2,5,33" ten="165,576,110,149" oya="1" hai0="106,121,70,89,2,58,117,20,83,127,35,41,45" hai1="63,131,49,111,115,26,46,107,7,112,15,73,31" hai2="13,0,120,30,65,77,100,32,3,90,53,118,95" hai3="34,39,57,36,113,28,102,81,72,67,109,66,88"/><U134/><E107/><V38/><F38/><W8/><G113/><T9/><D117/><U11/><E73/><V55/><F118/><W5/><G102/><T61/><D35/><U68/><E131/><V116/><F116/><W94/><G109/><T19/><D106/><U4/><E111/><V44/><F120/><W87/><G28/><T52/><D127/><U86/><E134/><V122/><F122/><W78/><G34/><T18/><D70/><U124/><E124/><V40/><F100/><W43/><G57/><T1/><D121/><U74/><E74/><V85/><F65/><W82/><G82/><T59/><D59/><U80/><E4/><V64/><F64/><W29/><G29/><T104/><D104/><U125/><E63/><V12/><F77/><W119/><G39/><T103/><D103/><U25/><E68/><V101/><F101/><W10/><G10/><T79/><D89/><U105/><E26/><V60/><F40/><W130/><G130/><T69/><D69/><U47/><E47/><V114/><F114/><W62/><G62/><T75/><D9/><U51/><E51/><V24/><F60/><W23/><G119/><T123/><D123/><U129/><E105/><V16/><F13/><W110/><G110/><T98/><D98/><U50/><E50/><V42/><F42/><W92/><G43/><T54/><D54/><N who="2" m="20490" /><F44/><W21/><G36/><N who="0" m="21671" /><D19/><U14/><E129/><V76/><F76/><W96/><G66/><T97/><D97/><U135/><E115/><V22/><F85/><W27/><G87/><T99/><D99/><U37/><E112/><RYUUKYOKU ba="2,0" sc="165,15,576,-15,110,15,149,-15" hai0="1,2,18,20,52,58,61,75,79,83" hai2="0,3,12,16,22,24,30,32,90,95" /><INIT seed="2,3,0,0,5,60" ten="180,561,125,134" oya="2" hai0="133,101,129,132,28,81,47,31,0,11,36,5,43" hai1="97,127,3,125,9,46,124,93,80,100,109,19,103" hai2="74,108,96,15,23,119,77,52,63,29,57,22,50" hai3="21,67,94,33,76,84,35,13,41,131,134,70,73"/><V111/><F119/><W91/><G131/><T18/><D129/><U7/><E109/><N who="2" m="42059" /><F29/><W107/><G134/><N who="0" m="51819" /><D101/><N who="1" m="60591" /><E19/><N who="2" m="10623" /><F23/><W16/><G107/><T62/><D81/><U24/><E24/><V53/><F96/><W39/><G41/><T89/><D89/><U68/><E68/><V95/><F95/><W49/><G39/><T113/><D113/><U112/><E112/><V44/><F77/><W115/><G115/><T79/><D79/><U82/><E46/><V121/><F121/><W120/><G120/><T45/><D45/><U98/><E100/><V110/><N who="2" m="42067" /><V38/><DORA hai="48" /><F38/><W40/><G76/><T128/><D128/><U64/><E64/><V106/><F106/><AGARI ba="3,0" hai="3,7,9,80,82,98,103,106,124,125,127" m="60591" machi="106" ten="30,1000,0" yaku="18,1" doraHai="60,48" who="1" fromWho="2" sc="180,0,561,19,125,-19,134,0" /><INIT seed="3,0,0,4,5,112" ten="180,580,106,134" oya="3" hai0="69,16,17,133,44,129,114,11,30,94,28,8,47" hai1="108,57,130,127,84,88,83,9,64,105,98,36,12" hai2="119,66,52,35,65,41,97,100,23,10,59,20,7" hai3="128,50,80,43,45,71,53,111,75,32,24,86,87"/><W5/><G71/><T68/><D94/><U58/><E127/><V22/><F119/><W109/><G128/><T6/><D6/><N who="1" m="3127" /><E36/><V132/><F41/><W27/><G5/><T99/><D99/><U49/><E130/><V118/><F118/><W1/><G1/><T106/><D129/><U61/><E105/><V62/><F35/><W4/><G4/><T34/><D106/><U95/><E108/><N who="3" m="41546" /><G53/><T101/><D101/><N who="1" m="60639" /><E58/><V26/><F26/><N who="3" m="9771" /><G32/><T85/><D34/><U131/><E131/><V18/><F132/><W81/><G81/><T134/><D85/><U124/><E124/><V103/><F18/><W135/><G135/><T33/><D33/><U125/><E125/><V72/><F72/><W113/><G113/><AGARI ba="0,0" hai="8,11,16,17,28,30,44,47,68,69,113,114,133,134" machi="113" ten="25,3200,0" yaku="22,2,54,1" doraHai="112" who="0" fromWho="3" sc="180,32,580,0,106,0,134,-32" owari="212,1.2,580,68.0,106,-29.4,102,-39.8" /></mjloggm>