<mjloggm ver="2.3"><GO type="225" lobby="0"/><UN n0="%E3%81%8B%E3%82%8F%E3%81%A1%E3%82%83%E3%82%93%35%38" n1="%E7%B4%94%E6%BD%94%E3%83%94%E3%83%A9%E3%83%8B%E3%82%A2" n2="%E9%A2%A8%E3%81%A7%E9%B3%B4%E3%81%8F" n3="%72%69%6F%75%63%68%61%6E" dan="16,18,16,16" rate="2120.05,2205.88,2133.22,2123.15" sx="M,M,M,M"/><TAIKYOKU oya="0"/><INIT seed="0,0,0,3,0,42" ten="250,250,250,250" oya="0" hai0="67,32,119,30,3,60,24,135,9,10,121,115,105" hai1="41,43,4,83,51,8,106,46,28,75,25,81,126" hai2="125,0,71,59,74,111,38,49,78,64,100,65,20" hai3="92,86,123,103,47,62,124,35,120,31,108,127,80"/><T5/><D115/><U128/><E106/><V116/><F0/><W63/><G108/><T56/><D121/><N who="3" m="46665" /><G31/><T109/><D135/><U76/><E126/><N who="3" m="48170" /><G35/><T58/><D109/><U14/><E128/><V102/><F125/><W113/><G113/><T44/><D105/><U96/><E96/><V26/><F38/><W112/><G112/><T29/><D119/><U87/><E81/><V16/><F71/><W107/><G107/><T90/><D29/><U114/><E114/><V117/><F111/><W1/><G1/><T13/><D90/><U55/><REACH who="1" step="1"/><E75/><REACH who="1" ten="250,240,250,250" step="2"/><V104/><F74/><W36/><G92/><T129/><D129/><U52/><E52/><N who="2" m="32143" /><F104/><W88/><G103/><N who="2" m="39465" /><F78/><W15/><G15/><T53/><D3/><U77/><E77/><V21/><F117/><W2/><G2/><T93/><D93/><U133/><E133/><V131/><F116/><W69/><G69/><T50/><REACH who="0" step="1"/><D10/><REACH who="0" ten="240,240,250,250" step="2"/><U97/><E97/><V68/><F131/><W95/><G95/><T98/><D98/><U61/><E61/><V89/><F89/><W23/><G62/><T18/><D18/><U54/><E54/><V91/><F91/><W118/><G63/><T110/><D110/><U101/><E101/><V6/><F6/><W33/><G118/><T130/><D130/><U82/><E82/><V66/><F68/><AGARI ba="0,2" hai="5,9,13,24,30,32,44,50,53,56,58,60,67,68" machi="68" ten="30,5800,0" yaku="1,1,7,1,52,1,53,0" doraHai="42" doraHaiUra="94" who="0" fromWho="2" sc="240,78,240,0,250,-58,250,0" /><INIT seed="0,1,0,2,0,41" ten="318,240,192,250" oya="0" hai0="40,21,47,10,68,3,2,53,64,87,7,66,89" hai1="97,94,28,62,127,120,81,26,129,23,86,42,80" hai2="102,90,30,105,135,63,114,27,109,54,60,15,134" hai3="55,33,37,13,98,36,126,50,20,5,121,82,107"/><T103/><D2/><U44/><E120/><V56/><F114/><W108/><G33/><T79/><D68/><U131/><E127/><V122/><F122/><W128/><G121/><T113/><D113/><U14/><E14/><V84/><F109/><W88/><G126/><T35/><D35/><U119/><E62/><V95/><F102/><W52/><G108/><T12/><D103/><U58/><E58/><V51/><F105/><W8/><G128/><N who="1" m="49226" /><E86/><V130/><F130/><W104/><G55/><T92/><D53/><U45/><E119/><V116/><F116/><W31/><G36/><T73/><D21/><U4/><E4/><V48/><F15/><W72/><G37/><N who="0" m="21903" /><D12/><U29/><E28/><V18/><F18/><W99/><G107/><T11/><D11/><U69/><E69/><V115/><F115/><W65/><G65/><T118/><D118/><U16/><E29/><V39/><F39/><W59/><G104/><T38/><D38/><N who="1" m="21591" /><E45/><V25/><F63/><W0/><G72/><T67/><D67/><U24/><E26/><V17/><F17/><W75/><G0/><T76/><D76/><U111/><E111/><V49/><REACH who="2" step="1"/><F25/><REACH who="2" ten="318,240,182,250" step="2"/><N who="3" m="16807" /><G75/><T71/><D71/><U112/><E112/><V61/><F61/><W91/><G91/><AGARI ba="1,1" hai="16,23,24,80,81,91,94,97" m="21591,49226" machi="91" ten="30,3900,0" yaku="19,1,52,1,54,1" doraHai="41" who="1" fromWho="3" sc="318,0,240,52,182,0,250,-42" /><INIT seed="1,0,0,5,1,21" ten="318,292,182,208" oya="1" hai0="0,10,27,13,119,107,67,28,113,120,32,118,73" hai1="92,49,84,91,122,66,19,108,33,109,110,78,97" hai2="128,87,103,39,20,37,58,127,5,35,131,47,12" hai3="99,80,22,114,14,61,121,38,130,88,125,79,59"/><U56/><E33/><V76/><F35/><W23/><G121/><T132/><D107/><U50/><E122/><V111/><F111/><W55/><G114/><T25/><D73/><U52/><E66/><V68/><F68/><W90/><G38/><T54/><D120/><U117/><E117/><V57/><F103/><W116/><G116/><T129/><D113/><U123/><E123/><V34/><F34/><W30/><G130/><N who="2" m="49705" /><F127/><W42/><G125/><T31/><D129/><U74/><E74/><V46/><F5/><W17/><G42/><T134/><D54/><U72/><E72/><V102/><F102/><W106/><G106/><T1/><D67/><U115/><E115/><V40/><F87/><N who="3" m="48543" /><G99/><T93/><D93/><U24/><E78/><V60/><F76/><W135/><G135/><N who="0" m="51755" /><D119/><U83/><E83/><V105/><F105/><W7/><G7/><N who="0" m="3295" /><D118/><U100/><E100/><V53/><F12/><W15/><G14/><T41/><D41/><U89/><E89/><N who="3" m="34410" /><G30/><N who="0" m="11307" /><D32/><U69/><E69/><V29/><F40/><W70/><G70/><T101/><D101/><U43/><E43/><V98/><F98/><W45/><G45/><T77/><D77/><U112/><E112/><V96/><F96/><W126/><G126/><T4/><D4/><U94/><E94/><V44/><F58/><W65/><G65/><T71/><D71/><U82/><E97/><V6/><F6/><W51/><G61/><T8/><D0/><U104/><E92/><V63/><F60/><W11/><AGARI ba="0,0" hai="11,15,17,22,23,51,55,59" m="34410,48543" machi="11" ten="30,2000,0" yaku="8,1,54,1" doraHai="21" who="3" fromWho="3" sc="318,-5,292,-10,182,-5,208,20" /><INIT seed="2,0,0,5,1,123" ten="313,282,177,228" oya="2" hai0="30,120,48,126,40,89,14,2,131,74,124,135,31" hai1="125,105,101,61,17,57,8,62,83,127,112,129,43" hai2="102,41,25,82,66,111,10,3,97,36,59,103,98" hai3="121,27,72,5,81,90,54,45,55,116,65,52,64"/><V85/><F36/><W33/><G116/><T73/><D2/><U128/><E112/><V16/><F41/><W130/><G121/><T114/><D120/><U19/><E43/><V20/><F111/><W6/><G130/><N who="1" m="50282" /><E83/><V26/><F3/><W94/><G33/><T119/><D131/><U47/><E47/><V133/><F133/><W109/><G109/><T70/><D114/><U77/><E77/><N who="2" m="46287" /><F10/><W99/><G27/><T95/><D119/><U11/><E101/><N who="2" m="38411" /><F26/><W67/><REACH who="3" step="1"/><G45/><REACH who="3" ten="313,282,177,218" step="2"/><T108/><D108/><U34/><E34/><V53/><F66/><W58/><G58/><T79/><D135/><U44/><E44/><V69/><F69/><W51/><G51/><AGARI ba="0,1" hai="16,20,25,51,53,59,97,98" m="38411,46287" machi="51" ten="30,2900,0" yaku="8,1,54,1" doraHai="123" who="2" fromWho="3" sc="313,0,282,0,177,39,218,-29" /><INIT seed="2,1,0,4,0,59" ten="313,282,216,189" oya="2" hai0="133,37,85,113,34,80,115,84,65,101,128,49,23" hai1="124,30,105,15,47,41,17,77,58,78,130,110,89" hai2="117,134,99,72,132,5,25,19,0,38,69,6,40" hai3="70,56,95,93,67,26,119,39,31,63,55,122,42"/><V52/><F117/><W62/><G122/><T60/><D37/><U106/><E110/><V35/><F72/><W16/><G119/><T64/><D34/><U91/><E30/><V21/><F69/><W135/><G135/><N who="2" m="51753" /><F0/><W109/><G109/><T9/><D133/><U81/><E130/><V7/><F99/><W14/><G42/><T22/><D101/><U57/><E124/><V98/><F98/><W51/><G39/><T82/><D49/><U96/><E96/><V43/><F38/><W61/><G95/><T129/><D9/><U104/><E89/><V66/><F66/><W33/><G93/><T73/><D60/><U90/><E91/><V114/><F114/><W71/><G70/><T10/><D10/><AGARI ba="1,0" hai="10,14,16,26,31,33,51,55,56,61,62,63,67,71" machi="10" ten="30,8000,1" yaku="7,1,52,3,54,1" doraHai="59" who="3" fromWho="0" sc="313,-83,282,0,216,0,189,83" /><INIT seed="3,0,0,1,4,18" ten="230,282,216,272" oya="3" hai0="80,114,131,108,73,10,121,83,46,39,117,95,32" hai1="102,61,82,119,85,16,24,30,66,105,21,48,57" hai2="125,124,98,127,128,12,107,106,60,76,110,67,84" hai3="64,111,62,35,56,51,68,41,74,79,88,23,91"/><W50/><G35/><T4/><D117/><U130/><E119/><V103/><F110/><W0/><G0/><T55/><D121/><U93/><E130/><V49/><F128/><W109/><G68/><T34/><D131/><U113/><E113/><V65/><F106/><W92/><G41/><T129/><D108/><N who="3" m="41545" /><G23/><T120/><D120/><U126/><E126/><V8/><F49/><N who="3" m="18443" /><G92/><T81/><D73/><U43/><E105/><V133/><F133/><W104/><G104/><T36/><D129/><U7/><E7/><N who="2" m="3103" /><F60/><W132/><G132/><T86/><D34/><U53/><E43/><V38/><F38/><W101/><G101/><T40/><D32/><U99/><E30/><V134/><F134/><W9/><G9/><T100/><D39/><U63/><E66/><V26/><F26/><W115/><G115/><T22/><D114/><U94/><E94/><V116/><F116/><W69/><G69/><T47/><D100/><U28/><E28/><V59/><F59/><W44/><G44/><T31/><D47/><U122/><E122/><V14/><F14/><W5/><G5/><T135/><D135/><U29/><E29/><V45/><F45/><W87/><G74/><T70/><D70/><U1/><E1/><V89/><F65/><W123/><G123/><T54/><D31/><U15/><E24/><V42/><F67/><W112/><G112/><T6/><D6/><U71/><E71/><V20/><F42/><W17/><G17/><T96/><D4/><U72/><E72/><V33/><F33/><W13/><G13/><T75/><D75/><U58/><E58/><RYUUKYOKU ba="0,0" sc="230,-15,282,15,216,-15,272,15" hai1="15,16,21,48,53,57,61,63,82,85,93,99,102" hai3="56,62,64,79,87,88,91" /><INIT seed="3,1,0,0,2,102" ten="215,297,201,287" oya="3" hai0="72,58,62,104,110,61,133,90,70,38,77,33,127" hai1="34,17,87,98,57,97,96,50,131,103,74,2,39" hai2="116,21,125,31,80,118,95,54,51,45,119,23,84" hai3="120,113,109,107,47,73,78,124,93,25,108,88,55"/><W66/><G113/><T130/><RYUUKYOKU type="yao9" ba="1,0" sc="215,0,297,0,201,0,287,0" hai0="33,38,58,61,62,70,72,77,90,104,110,127,130,133" /><INIT seed="3,2,0,4,0,34" ten="215,297,201,287" oya="3" hai0="107,122,59,111,96,46,63,108,128,26,29,88,95" hai1="100,43,57,116,47,75,74,82,21,2,72,68,77" hai2="22,124,36,41,49,55,1,19,97,31,110,44,109" hai3="10,16,8,93,12,119,114,7,80,84,6,70,53"/><W35/><G114/><T115/><D122/><U101/><E68/><V127/><F31/><W33/><G119/><T67/><D128/><U83/><E116/><V112/><F1/><W17/><G70/><T132/><D132/><U113/><E113/><V105/><F97/><W85/><G53/><T42/><D107/><U11/><E21/><V39/><F105/><W106/><G106/><T18/><D18/><N who="3" m="7273" /><G33/><T32/><REACH who="0" step="1"/><D115/><REACH who="0" ten="205,297,201,287" step="2"/><U45/><E101/><V121/><F112/><W66/><G35/><T3/><D3/><U52/><E100/><V37/><F121/><W123/><G123/><T92/><D92/><U125/><E2/><V134/><F134/><W87/><G93/><T103/><D103/><U60/><E125/><N who="2" m="48203" /><F19/><W58/><G6/><T78/><D78/><U20/><E77/><V9/><F22/><W86/><G8/><T76/><D76/><U61/><E11/><V25/><F9/><W81/><N who="3" m="21504" /><DORA hai="56" /><W99/><G99/><T135/><D135/><U126/><E126/><V30/><F25/><W91/><G91/><T14/><D14/><U13/><E13/><V120/><F30/><W64/><G80/><T24/><D24/><U131/><E20/><V117/><F120/><W65/><G81/><T27/><D27/><U73/><E131/><V102/><F102/><W62/><AGARI ba="2,1" hai="7,10,12,58,62,64,65,66" m="21504,7273" machi="62" ten="50,9600,0" yaku="8,1,52,1,54,1" doraHai="34,56" who="3" fromWho="3" sc="205,-34,297,-34,201,-34,287,112" owari="171,-22.9,263,6.3,167,-33.3,399,49.9" /></mjloggm>