<mjloggm ver="2.3"><GO type="225" lobby="0"/><UN n0="%E3%83%97%E3%83%AC%E3%83%B4%E3%82%A1%E3%83%86%E3%82%A3" n1="%E3%81%99%E3%81%84%E3%81%BE%E3%81%9B%E3%83%BC%E3%82%93" n2="%E5%8E%9F%E7%AF%80%E5%AD%90" n3="%72%69%6F%75%63%68%61%6E" dan="16,16,16,17" rate="2101.08,2219.30,2090.24,2259.53" sx="F,M,F,M"/><TAIKYOKU oya="0"/><INIT seed="0,0,0,4,2,26" ten="250,250,250,250" oya="0" hai0="127,70,10,4,86,108,1,100,5,15,132,50,121" hai1="51,114,68,28,46,81,31,58,63,7,104,112,52" hai2="84,69,123,47,116,75,8,48,124,30,67,25,113" hai3="111,93,9,54,79,6,71,135,62,122,33,16,101"/><T34/><D121/><U110/><E110/><V91/><F123/><W107/><G111/><T59/><D70/><U23/><E104/><V43/><F75/><W44/><G135/><T36/><D36/><U0/><E68/><V109/><F113/><N who="1" m="43625" /><E23/><V131/><F109/><W40/><G122/><T106/><D108/><U42/><E81/><V19/><F131/><W115/><G115/><T22/><D132/><U37/><E37/><V103/><F124/><W12/><G107/><T14/><D34/><U61/><E63/><V77/><F116/><W45/><G33/><T17/><D127/><U117/><E117/><V126/><F126/><W128/><G128/><T98/><D86/><U125/><E125/><V96/><F77/><W134/><G134/><T76/><D76/><U13/><E13/><N who="2" m="7591" /><F69/><W85/><G6/><T55/><REACH who="0" step="1"/><D4/><REACH who="0" ten="240,250,250,250" step="2"/><U49/><E49/><V2/><F48/><W74/><G71/><T89/><D89/><U102/><E102/><V120/><F91/><N who="3" m="53487" /><G101/><T82/><D82/><U87/><E87/><V78/><F84/><W130/><G130/><T53/><D53/><U66/><E42/><V24/><F78/><W99/><G40/><T21/><D21/><U20/><E20/><V88/><F120/><W56/><G99/><T95/><D95/><U94/><E94/><N who="2" m="56391" /><F103/><W3/><G79/><T35/><D35/><U18/><E7/><V118/><F118/><W29/><G54/><T38/><D38/><U133/><E133/><V27/><F67/><W129/><G129/><T11/><D11/><U32/><E66/><V92/><F43/><W97/><G9/><RYUUKYOKU ba="0,1" sc="240,30,250,-10,250,-10,250,-10" hai0="1,5,10,14,15,17,22,50,55,59,98,100,106" /><INIT seed="0,1,1,4,2,52" ten="270,240,240,240" oya="0" hai0="21,106,38,68,23,18,13,100,27,122,66,87,44" hai1="92,133,116,93,132,76,30,102,80,125,65,67,10" hai2="28,32,59,22,64,12,117,108,105,20,29,109,71" hai3="84,75,120,112,91,104,63,26,114,73,51,40,115"/><T96/><D122/><U126/><E116/><V17/><F105/><W2/><G120/><T57/><D68/><U69/><E30/><N who="2" m="11883" /><F71/><W121/><G121/><T11/><D87/><U36/><E36/><V94/><F94/><N who="1" m="36457" /><E10/><N who="2" m="6295" /><F64/><N who="1" m="24649" /><E102/><V79/><F79/><W6/><G104/><T118/><D118/><U88/><E69/><V95/><F95/><W14/><G2/><T128/><D128/><U50/><E50/><V107/><F107/><W119/><G119/><T135/><D135/><N who="1" m="51787" /><E88/><V78/><F78/><W47/><G63/><T70/><D70/><U103/><E103/><V131/><F117/><W49/><G51/><T85/><D85/><AGARI ba="1,1" hai="76,80,85,125,126" m="51787,24649,36457" machi="85" ten="30,1000,0" yaku="20,1" doraHai="52" who="1" fromWho="0" sc="270,-13,240,23,240,0,240,0" /><INIT seed="1,0,0,5,3,106" ten="257,263,240,240" oya="1" hai0="64,61,72,124,10,74,58,18,96,55,34,113,39" hai1="126,63,79,88,107,4,93,133,119,102,45,41,21" hai2="22,91,81,69,120,75,108,8,92,130,12,36,24" hai3="51,52,87,30,67,46,73,97,98,68,62,7,9"/><U86/><E119/><V65/><F120/><W76/><G87/><T17/><D34/><U5/><E126/><V66/><F36/><W60/><G30/><T44/><D113/><U70/><E133/><V129/><F108/><W28/><G28/><T0/><D124/><U40/><E79/><N who="2" m="44287" /><F69/><W11/><G9/><T50/><D96/><U121/><E121/><V54/><F54/><W1/><REACH who="3" step="1"/><G60/><REACH who="3" ten="257,263,240,230" step="2"/><T84/><D84/><U49/><E63/><V100/><F8/><W3/><G3/><T85/><D85/><U82/><E82/><AGARI ba="0,1" hai="1,7,11,46,51,52,62,67,68,73,76,82,97,98" machi="82" ten="40,5200,0" yaku="1,1,52,1,54,1,53,0" doraHai="106" doraHaiUra="110" who="3" fromWho="1" sc="257,0,263,-52,240,0,230,62" /><INIT seed="2,0,0,2,2,47" ten="257,211,240,292" oya="2" hai0="74,67,53,27,50,94,79,114,83,44,8,95,29" hai1="113,118,14,60,9,6,19,71,82,110,122,119,69" hai2="31,45,28,1,78,33,89,16,7,101,87,133,130" hai3="116,61,25,22,124,18,43,15,80,106,13,2,115"/><V54/><F130/><W105/><G116/><T32/><D114/><U34/><E113/><V20/><F133/><W73/><G115/><T21/><D67/><U64/><E110/><V5/><F78/><W76/><G2/><T103/><D103/><U104/><E34/><V123/><F101/><W70/><G124/><T42/><D32/><U91/><E104/><V40/><F54/><W10/><G43/><T68/><D68/><U57/><E122/><V120/><F123/><W107/><REACH who="3" step="1"/><G10/><REACH who="3" ten="257,211,240,282" step="2"/><T81/><D8/><U23/><E119/><V17/><F120/><W128/><G128/><T4/><D4/><U46/><E118/><V55/><F40/><W84/><G84/><T99/><D99/><U12/><E46/><V131/><F131/><W65/><AGARI ba="0,1" hai="13,15,18,22,25,61,65,70,73,76,80,105,106,107" machi="65" ten="40,2700,0" yaku="1,1,0,1,53,0" doraHai="47" doraHaiUra="86" who="3" fromWho="3" sc="257,-7,211,-7,240,-13,282,37" /><INIT seed="3,0,0,3,5,82" ten="250,204,227,319" oya="3" hai0="20,29,66,13,69,16,98,108,93,127,72,134,39" hai1="92,62,51,102,87,50,112,57,114,121,83,15,101" hai2="59,1,56,14,75,84,107,125,99,124,86,135,42" hai3="133,21,44,52,23,113,65,118,89,2,41,60,129"/><W46/><G113/><T123/><D123/><U77/><E121/><V61/><F1/><W33/><G118/><T40/><D72/><U131/><E131/><V22/><F75/><W58/><G33/><T116/><D116/><U95/><E114/><V74/><F74/><W0/><G129/><T8/><D108/><U100/><E112/><V35/><F35/><W64/><G133/><T38/><D134/><U67/><E15/><V3/><F3/><W106/><G106/><T24/><D127/><N who="2" m="48714" /><F42/><W37/><G89/><T47/><D66/><U32/><E32/><V119/><F119/><W70/><G46/><T85/><D69/><U109/><E109/><V94/><F107/><W31/><G65/><T48/><REACH who="0" step="1"/><D85/><REACH who="0" ten="240,204,227,319" step="2"/><N who="2" m="32874" /><F135/><W88/><G70/><T26/><D26/><U55/><REACH who="1" step="1"/><E50/><REACH who="1" ten="240,194,227,319" step="2"/><V6/><F61/><W30/><G60/><T27/><D27/><U54/><E54/><V81/><F14/><W7/><G52/><T12/><D12/><U76/><E76/><V45/><F6/><W78/><G7/><T71/><D71/><AGARI ba="0,2" hai="51,55,57,62,67,71,77,83,87,92,95,100,101,102" machi="71" ten="40,5200,0" yaku="1,1,52,1,53,1" doraHai="82" doraHaiUra="53" who="1" fromWho="0" sc="240,-52,194,72,227,0,319,0" owari="188,-31.2,266,6.6,227,-17.3,319,41.9" /></mjloggm>