<mjloggm ver="2.3"><GO type="225" lobby="0"/><UN n0="%72%65%6E%6B%75%6E" n1="%E7%B4%94%E6%BD%94%E3%83%94%E3%83%A9%E3%83%8B%E3%82%A2" n2="%E3%83%B4%E3%83%A0%EF%BC%99%E3%81%A6" n3="%E3%81%B5%E3%81%98%E3%81%8B%E3%81%A4" dan="17,16,16,16" rate="2263.10,2095.28,2116.08,2109.83" sx="M,M,M,M"/><TAIKYOKU oya="0"/><INIT seed="0,0,0,1,1,76" ten="250,250,250,250" oya="0" hai0="98,16,97,117,1,29,18,70,115,38,121,11,104" hai1="21,75,88,4,94,45,130,68,25,43,58,59,87" hai2="77,84,20,110,65,42,64,14,134,57,37,48,34" hai3="13,49,123,73,12,106,95,122,46,133,100,32,111"/><T125/><D38/><U114/><E130/><V120/><F120/><N who="3" m="46123" /><G73/><T15/><D121/><U27/><E114/><V131/><F34/><W66/><G32/><T5/><D115/><U54/><E68/><V62/><F131/><W3/><G3/><T30/><D70/><U47/><E75/><V0/><F0/><W60/><G111/><T83/><D117/><U93/><E4/><V50/><F134/><W90/><G106/><T19/><D125/><U112/><E112/><V82/><F64/><W91/><G100/><T55/><D1/><U105/><E105/><V89/><F110/><W63/><G133/><T113/><D113/><U79/><E79/><V56/><F37/><W26/><G26/><T31/><D104/><U118/><E118/><V80/><F42/><N who="3" m="24791" /><G95/><T17/><N who="0" m="4096" /><DORA hai="126" /><T81/><D55/><U127/><E54/><N who="2" m="31815" /><F14/><N who="3" m="5739" /><G60/><T23/><REACH who="0" step="1"/><D23/><REACH who="0" ten="240,250,250,250" step="2"/><U124/><E21/><V33/><F20/><W67/><G67/><T40/><D40/><U24/><E43/><V51/><F33/><W102/><G66/><T35/><D35/><U52/><E127/><V128/><F128/><W109/><G109/><T36/><D36/><U53/><E124/><V22/><F22/><W103/><G63/><T135/><D135/><U2/><E2/><V28/><F28/><W72/><G72/><T10/><D10/><U78/><E53/><V107/><F107/><W132/><G132/><T101/><D101/><U9/><E9/><V69/><F69/><W41/><G41/><T44/><D44/><N who="1" m="16971" /><E52/><V92/><F65/><W116/><G116/><T85/><D85/><N who="1" m="52367" /><E58/><V99/><F57/><RYUUKYOKU ba="0,1" sc="240,15,250,-15,250,-15,250,15" hai0="5,11,15,29,30,31,81,83,97,98" hai3="90,91,102,103" /><INIT seed="0,1,1,3,4,127" ten="255,235,235,265" oya="0" hai0="109,76,24,100,63,22,106,43,64,48,95,56,19" hai1="130,81,131,78,62,80,70,15,75,77,21,23,37" hai2="18,133,88,126,129,34,0,13,28,10,97,46,9" hai3="7,135,32,5,134,27,33,57,67,12,104,35,1"/><T50/><D106/><U112/><E37/><V116/><F126/><W118/><G104/><T51/><D109/><U29/><E112/><V98/><F133/><N who="3" m="50699" /><G67/><T16/><D76/><U92/><E92/><V113/><F113/><W79/><G79/><T110/><D110/><U47/><E47/><V40/><F116/><W86/><G86/><T31/><D43/><U52/><E15/><V53/><F53/><W101/><G57/><T4/><D4/><N who="3" m="1609" /><G101/><T71/><D71/><U94/><E94/><V121/><F121/><W90/><G90/><T84/><D84/><U25/><E23/><V68/><F68/><W128/><G118/><T99/><AGARI ba="1,1" hai="16,19,22,24,31,48,50,51,56,63,64,95,99,100" machi="99" ten="30,12000,1" yaku="0,1,25,2,8,1,54,1" doraHai="127" who="0" fromWho="0" sc="255,133,235,-41,235,-41,265,-41" /><INIT seed="0,2,0,2,1,90" ten="388,194,194,224" oya="0" hai0="134,133,37,98,30,26,6,103,78,115,82,5,127" hai1="67,28,18,39,122,86,58,66,121,40,74,42,11" hai2="129,93,108,53,31,79,19,87,62,1,104,21,63" hai3="46,92,48,109,8,83,130,9,54,4,12,14,126"/><T102/><D37/><U33/><E74/><V100/><F1/><W2/><G109/><T13/><D115/><U32/><E86/><V71/><F108/><W61/><G126/><T24/><D127/><U60/><E39/><V81/><F104/><W16/><G130/><T45/><D45/><U73/><E73/><V135/><F129/><W116/><G116/><T131/><D131/><U43/><E66/><V36/><F36/><W35/><G35/><N who="0" m="20935" /><D26/><U0/><E28/><V56/><F135/><N who="0" m="51722" /><D13/><U84/><E84/><V50/><F31/><W22/><G83/><T94/><D103/><U80/><E80/><V64/><F63/><W95/><REACH who="3" step="1"/><G61/><REACH who="3" ten="388,194,194,214" step="2"/><T117/><D117/><U38/><E32/><V111/><F111/><W49/><G49/><T91/><D102/><U34/><E33/><V77/><F77/><W85/><G85/><AGARI ba="2,1" hai="5,6,78,82,85,91,94,98" m="51722,20935" machi="85" ten="30,2900,0" yaku="20,1,52,1" doraHai="90" who="0" fromWho="3" sc="388,45,194,0,194,0,214,-35" /><INIT seed="0,3,0,0,2,130" ten="433,194,194,179" oya="0" hai0="93,65,1,55,10,12,30,85,87,2,117,34,27" hai1="111,50,80,79,5,8,9,57,54,77,121,116,91" hai2="36,127,26,133,37,118,49,132,72,66,23,3,120" hai3="47,122,81,53,14,92,0,7,98,31,108,68,105"/><T134/><D117/><U48/><E121/><V6/><F120/><W107/><G122/><T125/><D125/><U71/><E71/><V67/><F72/><W123/><G68/><T129/><D129/><U15/><E111/><V104/><F104/><W24/><G123/><T88/><D134/><N who="2" m="51818" /><F118/><W45/><G0/><T52/><D65/><N who="2" m="24586" /><F127/><W86/><G108/><T19/><REACH who="0" step="1"/><D87/><REACH who="0" ten="423,194,194,179" step="2"/><U103/><E116/><V51/><F36/><W114/><G114/><T95/><D95/><U21/><E80/><V84/><F37/><W73/><G107/><T94/><D94/><U17/><E77/><V4/><F84/><W11/><G105/><T69/><D69/><U135/><E79/><V112/><F112/><W29/><G73/><T38/><D38/><U41/><E135/><V113/><F113/><W76/><G53/><AGARI ba="3,1" hai="1,2,10,12,19,27,30,34,52,53,55,85,88,93" machi="53" ten="40,12000,1" yaku="1,1,54,2,53,1" doraHai="130" doraHaiUra="89" who="0" fromWho="3" sc="423,139,194,0,194,0,179,-129" /><INIT seed="0,4,0,2,1,2" ten="562,194,194,50" oya="0" hai0="78,20,76,33,31,6,1,28,106,83,102,61,15" hai1="8,111,75,70,82,4,99,14,127,37,44,93,107" hai2="16,72,23,25,54,65,10,43,119,40,108,60,71" hai3="48,53,120,35,45,116,74,55,49,79,0,121,52"/><T113/><D113/><U13/><E70/><V18/><F72/><W95/><G0/><T80/><D1/><U11/><E107/><V123/><F123/><N who="3" m="47179" /><G35/><T66/><D33/><U69/><E69/><V98/><F108/><W47/><G74/><T36/><D36/><U29/><E29/><N who="0" m="11337" /><D106/><U77/><E111/><V104/><F119/><W134/><G95/><T59/><D102/><U135/><E135/><V114/><F114/><W129/><G79/><N who="0" m="30251" /><D20/><U22/><E22/><V85/><F85/><W86/><G86/><T125/><D125/><U30/><E127/><V64/><F64/><W32/><G32/><T117/><D117/><U115/><E30/><V112/><F112/><W81/><G81/><T39/><D39/><U57/><E37/><V96/><F104/><W105/><G105/><T67/><D66/><U90/><E115/><V122/><F122/><W21/><G21/><T42/><D42/><N who="2" m="15914" /><F65/><W91/><G116/><T34/><D34/><U133/><E133/><V12/><F71/><W94/><G134/><T97/><D97/><U68/><E68/><V130/><F130/><W124/><G124/><T110/><D110/><U62/><E75/><V92/><F92/><W58/><G129/><T131/><D131/><U56/><E82/><V109/><F109/><W7/><G94/><T87/><D87/><U84/><E84/><V41/><N who="2" m="15922" /><V26/><DORA hai="38" /><F26/><W100/><G100/><T17/><D83/><U126/><E126/><V19/><F19/><W46/><G91/><T24/><D80/><U89/><E90/><V132/><F132/><W88/><G88/><RYUUKYOKU ba="4,0" sc="562,-10,194,-10,194,30,50,-10" hai2="10,12,16,18,23,25,54,60,96,98" /><INIT seed="1,5,0,4,0,73" ten="552,184,224,40" oya="1" hai0="50,134,114,70,91,17,82,129,123,11,18,55,92" hai1="71,120,46,127,72,58,26,108,75,30,24,117,41" hai2="68,40,115,112,28,118,8,29,51,125,89,22,101" hai3="2,121,61,3,105,48,86,128,10,122,66,32,85"/><U80/><E71/><V33/><F118/><W1/><G105/><T113/><D70/><U16/><E117/><V44/><F33/><W43/><G128/><T12/><D129/><U99/><E120/><V52/><F68/><W19/><G32/><T74/><D123/><U56/><E127/><V45/><F125/><W36/><G48/><T23/><D134/><U9/><E108/><V77/><F101/><W5/><G19/><T83/><D74/><U76/><E75/><V25/><F89/><W39/><G86/><N who="0" m="52343" /><D114/><N who="2" m="43562" /><F8/><W119/><G85/><T87/><D87/><U65/><E99/><V14/><F14/><W6/><G119/><T135/><D135/><U130/><E130/><V97/><F97/><W95/><G95/><T90/><D90/><U106/><E106/><V131/><F131/><W67/><G1/><T69/><D69/><U63/><E56/><V54/><F77/><W110/><G110/><T37/><D37/><U94/><E94/><V88/><F88/><W0/><G0/><T53/><D113/><U31/><E26/><V107/><F107/><W100/><G100/><T104/><D104/><U15/><E24/><N who="2" m="16407" /><F45/><W47/><G36/><AGARI ba="5,0" hai="9,15,16,30,31,36,41,46,58,63,65,72,76,80" machi="36" ten="30,5800,0" yaku="7,1,52,1,54,1" doraHai="73" who="1" fromWho="3" sc="552,0,184,73,224,0,40,-73" owari="552,65.2,257,5.7,224,-17.6,-33,-53.3" /></mjloggm>