<mjloggm ver="2.3"><GO type="225" lobby="0"/><UN n0="%E5%B0%8F%E9%B3%A5%E9%81%8A%E7%B7%B4%E7%84%A1%32%31%E6%AD%B3" n1="%4C%4F%4C%49%54%41" n2="%E8%81%B7%E6%A5%AD%E3%80%81%E9%A2%A8%32" n3="%72%61%6B%33" dan="16,16,16,16" rate="2155.53,2214.23,2140.17,2062.82" sx="F,F,M,M"/><TAIKYOKU oya="0"/><INIT seed="0,0,0,4,4,130" ten="250,250,250,250" oya="0" hai0="85,21,127,115,90,132,29,98,82,89,22,5,25" hai1="7,99,51,129,28,41,83,45,0,88,74,56,34" hai2="36,102,116,101,31,18,134,84,4,37,27,33,32" hai3="75,110,62,119,124,106,52,40,96,14,91,118,76"/><T12/><D115/><U80/><E129/><V39/><F116/><W93/><G40/><T24/><D127/><U123/><E123/><V20/><F4/><W16/><G124/><T13/><D5/><U15/><E0/><V113/><F113/><W6/><G6/><T128/><D128/><U59/><E34/><V108/><F108/><W9/><G110/><T38/><D38/><U97/><E28/><V44/><F33/><W66/><G106/><T54/><D54/><U105/><E74/><V117/><F117/><W49/><G76/><T19/><D132/><U95/><E99/><V61/><F134/><W43/><G75/><T70/><D70/><U112/><E105/><V120/><F120/><W73/><G73/><T69/><D69/><U11/><REACH who="1" step="1"/><E112/><REACH who="1" ten="250,240,250,250" step="2"/><V58/><F31/><W2/><G2/><T126/><D126/><U3/><E3/><V103/><F32/><W94/><G119/><T55/><D55/><U35/><E35/><V10/><F84/><W30/><G30/><T125/><D125/><U64/><E64/><V111/><F111/><W26/><G66/><T121/><D121/><U109/><E109/><V47/><REACH who="2" step="1"/><F10/><REACH who="2" ten="250,240,240,250" step="2"/><W78/><G9/><T53/><D53/><AGARI ba="0,2" hai="18,20,27,36,37,39,44,47,53,58,61,101,102,103" machi="53" ten="50,3200,0" yaku="1,1,2,1,53,0" doraHai="130" doraHaiUra="67" who="2" fromWho="0" sc="250,-32,240,0,240,52,250,0" /><INIT seed="1,0,0,2,5,73" ten="218,240,292,250" oya="1" hai0="68,113,63,79,135,75,99,21,65,13,5,127,37" hai1="20,61,6,26,14,90,3,38,60,95,19,124,54" hai2="35,22,93,96,84,82,134,16,81,104,51,121,122" hai3="129,27,110,41,108,36,32,50,4,46,80,2,101"/><U111/><E38/><V126/><F35/><W86/><G129/><T70/><D113/><U56/><E124/><V87/><F104/><W10/><G101/><T125/><D37/><U25/><E111/><V33/><F33/><W88/><REACH who="3" step="1"/><G36/><REACH who="3" ten="218,240,292,240" step="2"/><T119/><D127/><U102/><E102/><V15/><F126/><W72/><G72/><T118/><D125/><U44/><E44/><V92/><F122/><W55/><G55/><T58/><D119/><U7/><E61/><V31/><F121/><W133/><G133/><T89/><D118/><U117/><E117/><V9/><F134/><W112/><G112/><T62/><D135/><U11/><REACH who="1" step="1"/><E7/><REACH who="1" ten="218,230,292,240" step="2"/><V12/><F51/><W130/><G130/><T132/><D5/><U91/><E91/><V120/><F120/><W48/><G48/><T106/><D62/><U98/><AGARI ba="0,2" hai="3,6,11,14,19,20,25,26,54,56,60,90,95,98" machi="98" ten="20,3900,0" yaku="1,1,0,1,7,1,53,0" doraHai="73" doraHaiUra="131" who="1" fromWho="1" sc="218,-13,230,59,292,-13,240,-13" /><INIT seed="1,1,0,3,5,65" ten="205,289,279,227" oya="1" hai0="47,22,12,98,31,45,26,114,23,20,76,15,133" hai1="62,38,132,60,44,25,96,87,112,17,6,33,64" hai2="43,39,118,41,78,69,55,95,125,67,135,99,81" hai3="52,124,89,29,4,14,68,92,53,3,79,110,35"/><U116/><E112/><V105/><F118/><W71/><G3/><T46/><D133/><U85/><E116/><V115/><F135/><W128/><G79/><T122/><D114/><U121/><E121/><V131/><F125/><W5/><G124/><T74/><D122/><U61/><E132/><V104/><F131/><W127/><G127/><T10/><D98/><U27/><E64/><V59/><F43/><W120/><G120/><T102/><D102/><U134/><E6/><V1/><F1/><W2/><G2/><T32/><D74/><U66/><E66/><V82/><F41/><W80/><G80/><T9/><REACH who="0" step="1"/><D76/><REACH who="0" ten="195,289,279,227" step="2"/><U7/><E96/><V49/><F99/><W48/><G128/><T50/><D50/><U72/><E72/><V18/><F49/><W77/><G77/><T11/><AGARI ba="1,1" hai="9,10,11,12,15,20,22,23,26,31,32,45,46,47" machi="11" ten="40,8000,1" yaku="1,1,0,1,29,2,53,0" doraHai="65" doraHaiUra="83" who="0" fromWho="0" sc="195,93,289,-41,279,-21,227,-21" /><INIT seed="2,0,0,5,5,9" ten="288,248,258,206" oya="2" hai0="59,35,7,25,5,115,40,102,36,45,117,55,112" hai1="44,104,121,92,124,131,133,76,42,0,107,18,27" hai2="49,110,106,2,120,113,61,20,52,37,41,6,125" hai3="96,85,10,90,31,89,53,43,24,66,80,67,130"/><V127/><F106/><W95/><G130/><T118/><D102/><U119/><E119/><N who="0" m="45577" /><D35/><U3/><E133/><V33/><F33/><W129/><G129/><T47/><D47/><U105/><E131/><V100/><F113/><N who="0" m="43594" /><D25/><U62/><E124/><N who="2" m="47691" /><F100/><W78/><G43/><T91/><D91/><U75/><E27/><V51/><F120/><W29/><G29/><T22/><D22/><U1/><E44/><N who="2" m="23599" /><F110/><W12/><G53/><T65/><D65/><U50/><E121/><V54/><F20/><W98/><G98/><T79/><D79/><U15/><E76/><V111/><F111/><W87/><G24/><T46/><D46/><U72/><E105/><V56/><F54/><W114/><G31/><T8/><D8/><AGARI ba="0,0" hai="2,6,8,49,51,52,56,61" m="23599,47691" machi="8" ten="30,2900,0" yaku="18,1,54,1" doraHai="9" who="2" fromWho="0" sc="288,-29,248,0,258,29,206,0" /><INIT seed="2,1,0,4,2,113" ten="259,248,287,206" oya="2" hai0="43,48,121,100,120,110,67,23,20,95,116,69,49" hai1="50,135,56,52,75,62,70,128,16,33,84,5,86" hai2="27,11,6,104,63,9,28,87,91,106,132,103,32" hai3="17,31,30,0,96,119,83,123,8,26,134,7,76"/><V39/><F39/><W38/><G123/><T12/><D43/><U101/><E75/><V78/><F132/><W36/><G134/><T129/><D12/><U99/><E33/><V4/><F103/><W41/><G96/><T18/><D67/><U124/><E135/><V71/><F78/><W53/><G53/><T90/><D100/><U10/><E128/><V59/><F71/><W13/><G119/><T14/><D69/><U64/><E124/><V58/><F6/><W47/><G38/><T94/><D110/><U34/><E34/><V117/><F11/><W1/><G26/><T24/><D129/><U98/><E98/><V125/><F59/><W19/><G0/><T108/><D108/><U79/><E79/><V21/><F117/><W29/><REACH who="3" step="1"/><G13/><REACH who="3" ten="259,248,287,196" step="2"/><T61/><D14/><U37/><E37/><V127/><F127/><W60/><G60/><T42/><D61/><U93/><REACH who="1" step="1"/><E16/><REACH who="1" ten="259,238,287,196" step="2"/><V68/><F125/><W114/><G114/><T85/><D18/><U44/><E44/><V77/><F4/><W92/><G92/><T46/><D95/><U73/><E73/><AGARI ba="1,2" hai="1,7,8,17,19,29,30,31,36,41,47,73,76,83" machi="73" ten="40,5200,0" yaku="1,1,25,2,53,0" doraHai="113" doraHaiUra="45" who="3" fromWho="1" sc="259,0,238,-55,287,0,196,75" /><INIT seed="3,0,0,4,2,21" ten="259,183,287,271" oya="3" hai0="85,93,12,80,56,43,16,107,2,89,116,90,17" hai1="118,98,44,109,104,8,53,84,14,36,18,111,15" hai2="114,81,87,49,83,127,126,72,26,0,70,131,71" hai3="54,60,3,7,115,113,11,125,48,64,55,68,134"/><W23/><G125/><N who="2" m="47625" /><F114/><W108/><G134/><T82/><D2/><U22/><E118/><V33/><F0/><W40/><G108/><N who="1" m="41546" /><E84/><V79/><F131/><W61/><G40/><T20/><D107/><U39/><E44/><V63/><F49/><W30/><G60/><T88/><D116/><U57/><E98/><V58/><F58/><W73/><G73/><T41/><D56/><U27/><E104/><V46/><F46/><W5/><G5/><T65/><D65/><U132/><E132/><V110/><F110/><W47/><REACH who="3" step="1"/><G55/><REACH who="3" ten="259,183,287,261" step="2"/><T34/><D43/><U50/><E15/><V35/><F63/><W51/><G51/><T25/><D41/><U101/><E101/><V92/><F72/><W74/><G74/><T76/><D34/><U120/><E120/><V91/><F35/><W32/><G32/><T99/><D80/><U67/><E67/><V9/><F83/><W6/><G6/><AGARI ba="0,1" hai="6,8,14,18,22,27,36,39,50,53,57" m="41546" machi="6" ten="30,2000,0" yaku="14,1,52,1" doraHai="21" who="1" fromWho="3" sc="259,0,183,30,287,0,261,-20" /><INIT seed="4,0,0,5,0,121" ten="259,213,287,241" oya="0" hai0="126,10,111,134,116,50,57,79,93,77,103,35,63" hai1="14,58,109,32,70,92,135,130,114,123,131,129,13" hai2="5,84,39,71,128,69,65,90,36,42,18,132,104" hai3="68,125,107,100,9,66,80,43,124,87,17,108,55"/><T101/><D116/><U112/><E70/><V118/><F104/><W98/><G43/><T8/><D35/><U119/><E119/><V45/><F118/><W102/><G102/><T44/><D126/><U47/><E123/><V22/><F128/><W6/><G17/><T81/><D134/><U99/><E32/><V51/><F132/><W56/><G66/><T20/><D20/><U34/><E34/><V41/><F5/><W2/><G68/><T82/><D93/><U26/><E135/><V54/><F65/><W127/><G108/><T40/><D111/><U60/><E47/><V115/><F115/><N who="1" m="44073" /><E26/><V25/><F42/><W72/><G72/><T94/><D103/><N who="1" m="60903" /><E109/><V53/><F53/><AGARI ba="0,0" hai="13,14,53,58,60,129,130,131" m="60903,44073" machi="53" ten="40,5200,0" yaku="19,1,15,1,11,1" doraHai="121" who="1" fromWho="2" sc="259,0,213,52,287,-52,241,0" /><INIT seed="5,0,0,5,5,110" ten="259,265,235,241" oya="1" hai0="20,17,62,55,76,103,87,118,89,107,67,40,28" hai1="90,99,92,122,16,56,117,104,46,5,44,135,8" hai2="65,115,49,69,127,109,24,120,95,106,68,33,132" hai3="7,119,48,58,108,61,51,116,38,74,0,77,97"/><U47/><E117/><V126/><F106/><W112/><G108/><T3/><D3/><U133/><E122/><V71/><F109/><W80/><G38/><T63/><D28/><U27/><E104/><V18/><F120/><W93/><G7/><T91/><D40/><U36/><E36/><V50/><F132/><N who="1" m="50761" /><E56/><V12/><F65/><W86/><G0/><T125/><D125/><N who="2" m="47626" /><F95/><W41/><G74/><T121/><D118/><U98/><E98/><V43/><F43/><W54/><G119/><T64/><D55/><U2/><E44/><V10/><F115/><W14/><G112/><T83/><D103/><U4/><E4/><V101/><F101/><W85/><G116/><T30/><D107/><U11/><E11/><V131/><F131/><W53/><G41/><T113/><D113/><U88/><E90/><V105/><F105/><W72/><G61/><T84/><D91/><U29/><E16/><N who="2" m="8215" /><F33/><AGARI ba="0,0" hai="2,5,8,27,29,33,46,47,88,92,99" m="50761" machi="33" ten="30,2900,0" yaku="20,1,54,1" doraHai="110" who="1" fromWho="2" sc="259,0,265,29,235,-29,241,0" /><INIT seed="5,1,0,5,5,104" ten="259,294,206,241" oya="1" hai0="92,20,97,30,35,9,62,75,124,50,91,109,108" hai1="59,1,49,116,103,53,99,38,19,25,96,111,126" hai2="135,86,18,66,117,55,48,102,26,95,115,80,45" hai3="81,125,79,5,106,42,119,69,121,85,67,77,60"/><U16/><E116/><V114/><F117/><W51/><G121/><T134/><D35/><U64/><E1/><V2/><F2/><W110/><G119/><T7/><D50/><U118/><E38/><V46/><F135/><W17/><G125/><T128/><D128/><U31/><E118/><V56/><F66/><W112/><G112/><N who="2" m="43049" /><F102/><W105/><G110/><T12/><D134/><U10/><E126/><V41/><F95/><W70/><G70/><T101/><D91/><U76/><E10/><V33/><F41/><W82/><G5/><T74/><D62/><U3/><E3/><V130/><F130/><W0/><G0/><T83/><D83/><U129/><E111/><V78/><F18/><W72/><REACH who="3" step="1"/><G17/><REACH who="3" ten="259,294,206,231" step="2"/><T28/><D124/><U22/><E19/><V131/><F131/><W122/><G122/><T71/><D71/><U89/><E16/><V47/><F33/><W94/><G94/><T123/><D123/><U98/><E129/><V68/><F68/><W4/><G4/><T73/><D28/><U57/><E31/><V107/><F107/><W54/><G54/><T44/><D109/><U15/><E53/><N who="2" m="29839" /><F26/><W88/><G88/><T11/><D108/><U13/><E89/><V87/><F87/><W43/><G43/><T21/><D30/><U127/><E127/><V100/><F100/><W6/><G6/><T32/><D32/><U133/><E103/><V84/><F86/><W113/><G113/><T23/><D11/><U8/><E8/><V90/><F90/><W24/><G24/><T34/><D34/><U61/><E25/><V37/><F37/><RYUUKYOKU ba="1,1" sc="259,10,294,-30,206,10,231,10" hai0="7,9,12,20,21,23,44,73,74,75,92,97,101" hai2="46,47,55,56,78,80,84" hai3="42,51,60,67,69,72,77,79,81,82,85,105,106" /><INIT seed="6,2,1,5,3,63" ten="269,264,216,241" oya="2" hai0="25,37,105,12,115,116,59,9,65,28,34,35,108" hai1="32,60,128,13,7,72,89,107,68,70,45,21,111" hai2="123,19,135,22,100,78,95,104,48,77,38,2,10" hai3="18,84,17,90,26,8,39,62,125,1,3,55,88"/><V33/><F123/><W83/><G39/><T97/><D108/><U101/><E111/><V132/><F38/><W92/><G125/><T69/><D37/><U64/><E32/><V23/><F33/><W102/><G102/><N who="0" m="62671" /><D34/><U127/><E72/><V112/><F104/><W121/><G121/><T103/><D59/><U110/><E110/><V29/><F112/><W122/><G122/><T6/><D103/><U91/><E70/><V131/><F131/><W30/><G55/><T20/><D116/><U49/><E101/><V120/><F120/><W46/><G46/><T0/><D115/><U134/><E107/><V4/><F48/><W126/><G126/><T74/><D74/><U67/><E67/><V47/><F47/><W99/><G62/><N who="0" m="40119" /><D20/><N who="2" m="7722" /><F19/><W94/><G94/><T50/><D50/><U124/><E127/><V24/><F29/><W109/><G109/><T44/><D44/><U82/><E124/><V42/><F24/><W57/><G57/><T80/><D80/><U93/><E82/><V79/><F42/><W43/><G43/><T27/><D25/><U54/><E93/><V15/><F15/><AGARI ba="2,1" hai="0,6,9,12,15,27,28,35" m="40119,62671" machi="15" ten="30,2000,0" yaku="25,1,52,1" doraHai="63" who="0" fromWho="2" sc="269,36,264,0,216,-26,241,0" owari="305,40.5,264,6.4,190,-31.0,241,-15.9" /></mjloggm>