<mjloggm ver="2.3"><GO type="225" lobby="0"/><UN n0="%E3%83%B4%E3%82%A3%E3%83%AF%E3%82%B3%E3%82%B0%E3%83%8B" n1="%E6%9D%B1%E9%A2%A8%E3%81%AE%E3%81%8D%E3%82%83%E3%81%B7%E3%81%95%E3%82%93" n2="%77%72%77%72%77%72%77%72" n3="%E3%81%A9%E3%82%8F%E3%82%93%E3%81%94" dan="16,16,16,16" rate="2161.92,2184.54,2174.44,2047.30" sx="M,M,M,M"/><TAIKYOKU oya="0"/><INIT seed="0,0,0,5,4,12" ten="250,250,250,250" oya="0" hai0="79,128,85,80,104,109,121,57,17,71,24,129,67" hai1="44,134,30,106,81,96,105,52,36,114,120,115,119" hai2="98,117,73,84,66,94,93,19,130,68,46,101,91" hai3="70,34,1,9,8,102,45,48,69,125,72,13,88"/><T123/><D71/><U61/><E120/><V111/><F111/><W95/><G34/><T58/><D104/><U11/><E119/><V43/><F117/><W10/><G72/><T116/><D116/><U118/><E118/><V37/><F130/><N who="0" m="50282" /><D109/><U135/><E30/><V126/><F126/><W25/><G1/><T5/><D5/><U127/><E81/><V16/><REACH who="2" step="1"/><F73/><REACH who="2" ten="250,250,240,250" step="2"/><W54/><G125/><T28/><D123/><U65/><E127/><V3/><F3/><W87/><G25/><T42/><D121/><U22/><E115/><V41/><F41/><W6/><G69/><T75/><D42/><U92/><E114/><V78/><F78/><W40/><G70/><T83/><D67/><U124/><E65/><V108/><F108/><W55/><G102/><T133/><D133/><U18/><E135/><V74/><F74/><W26/><G26/><T107/><D75/><U97/><E124/><V90/><F90/><W51/><G40/><T63/><D79/><U20/><E134/><V59/><F59/><AGARI ba="0,1" hai="6,8,9,10,13,45,48,51,54,55,59,87,88,95" machi="59" ten="30,3900,0" yaku="7,1,8,1,54,1" doraHai="12" who="3" fromWho="2" sc="250,0,250,0,240,-39,250,49" /><INIT seed="1,0,0,3,5,109" ten="250,250,201,299" oya="1" hai0="103,62,122,54,49,37,104,135,64,12,38,75,100" hai1="71,60,22,128,115,28,72,56,95,80,120,9,40" hai2="112,58,7,93,78,88,3,73,1,67,77,0,34" hai3="119,85,132,130,106,102,68,23,84,51,59,29,81"/><U99/><E120/><V90/><F34/><W4/><G68/><T57/><D75/><U105/><E128/><V21/><F7/><W79/><G130/><T43/><D135/><U107/><E40/><V116/><F116/><W8/><G132/><T69/><D122/><U129/><E9/><V123/><F123/><W111/><G119/><T17/><D104/><U41/><E41/><V76/><F112/><W61/><G111/><T18/><D18/><U30/><E71/><V45/><F45/><W65/><G106/><T5/><D5/><U10/><E10/><V96/><F21/><W2/><G102/><T83/><D83/><U27/><E30/><V16/><F16/><W46/><G23/><N who="0" m="11687" /><D37/><U89/><E129/><V36/><F36/><W101/><G101/><T6/><D6/><U31/><E31/><V94/><F73/><W32/><G32/><T114/><D114/><U125/><E125/><V91/><REACH who="2" step="1"/><F96/><REACH who="2" ten="250,250,191,299" step="2"/><W86/><G29/><T47/><AGARI ba="0,1" hai="38,43,47,49,54,57,62,64,69,100,103" m="11687" machi="47" ten="30,1100,0" yaku="24,1" doraHai="109" who="0" fromWho="0" sc="250,21,250,-5,191,-3,299,-3" /><INIT seed="2,0,0,3,1,25" ten="271,245,188,296" oya="2" hai0="76,26,111,118,41,86,88,114,15,92,6,22,101" hai1="4,68,119,79,99,63,102,35,54,123,14,46,125" hai2="0,77,128,91,100,48,116,57,122,42,117,81,53" hai3="135,17,51,59,87,36,58,84,66,16,120,89,134"/><V23/><F122/><W133/><G36/><T32/><D111/><U45/><E123/><V83/><F0/><W95/><G120/><T8/><D114/><U1/><E35/><V104/><F128/><W7/><G7/><T21/><D118/><U2/><E79/><V29/><F42/><W5/><G5/><T112/><D112/><U130/><E119/><V39/><F39/><W64/><G87/><T108/><D108/><U3/><E125/><V124/><F124/><W40/><G40/><T65/><D101/><U37/><E37/><V115/><F115/><W49/><G59/><T12/><D65/><N who="3" m="25193" /><G51/><T18/><D41/><U56/><E68/><V93/><F117/><W10/><G10/><T47/><D32/><U44/><E130/><V13/><F116/><W121/><G121/><T80/><D47/><U129/><E129/><V110/><F110/><W109/><G109/><T30/><D92/><U107/><REACH who="1" step="1"/><E14/><REACH who="1" ten="271,235,188,296" step="2"/><V98/><F77/><AGARI ba="0,1" hai="6,8,12,15,18,21,22,26,30,76,77,80,86,88" machi="77" ten="40,5200,0" yaku="8,1,52,1,54,1" doraHai="25" who="0" fromWho="2" sc="271,62,235,0,188,-52,296,0" /><INIT seed="3,0,0,5,5,5" ten="333,235,136,296" oya="3" hai0="96,88,105,90,10,17,36,34,32,132,22,43,4" hai1="77,64,71,3,28,24,33,124,127,78,87,106,125" hai2="110,76,12,99,107,13,7,80,102,37,48,75,95" hai3="2,93,82,52,1,20,100,92,98,56,119,73,130"/><W26/><G119/><T11/><D132/><U14/><E3/><V97/><F37/><W59/><G130/><T109/><D109/><U35/><E35/><V83/><F48/><W40/><G40/><T41/><D105/><U44/><E44/><V25/><F25/><W128/><G128/><T103/><D36/><U94/><E106/><V21/><F21/><W38/><G38/><T69/><D69/><U135/><E135/><V131/><F131/><W15/><G15/><T91/><D32/><U126/><N who="1" m="31744" /><DORA hai="18" /><U50/><E50/><V112/><F112/><W16/><G59/><T63/><D63/><N who="1" m="40351" /><E14/><V122/><F122/><W117/><G117/><T9/><D4/><U65/><E65/><V115/><F115/><W29/><G29/><T60/><D60/><U111/><E111/><V61/><F110/><W42/><G42/><T66/><D66/><U118/><E118/><V55/><F7/><W86/><G93/><N who="0" m="58767" /><D34/><U89/><AGARI ba="0,0" hai="24,28,33,77,78,87,89,94" m="40351,31744" machi="89" ten="60,2000,0" yaku="18,1" doraHai="5,18" who="1" fromWho="1" sc="333,-5,235,20,136,-5,296,-10" owari="328,42.8,255,-14.5,131,-36.9,286,8.6" /></mjloggm>