<mjloggm ver="2.3"><GO type="225" lobby="0"/><UN n0="%E3%82%BC%E3%83%AB%E3%83%80%E3%81%AE%E4%BC%9D%E8%AA%AC" n1="%E6%A1%9C%E8%8A%B1%E9%96%83%E3%80%85" n2="%E9%B3%B3%E6%9D%B1%E3%81%AE%E3%81%86%E3%81%95%E3%81%8E%E3%81%95%E3%82%93" n3="%6B%65%6E%6E%64%69" dan="16,17,17,16" rate="2201.82,2119.29,2211.87,2162.84" sx="M,M,M,M"/><TAIKYOKU oya="0"/><INIT seed="0,0,0,1,4,69" ten="250,250,250,250" oya="0" hai0="43,128,5,23,4,36,107,40,116,8,82,112,96" hai1="65,122,130,6,92,2,103,0,37,75,20,86,35" hai2="39,118,94,66,52,41,97,19,10,91,110,16,72" hai3="89,80,31,67,121,129,126,25,71,77,48,104,47"/><T114/><D116/><U101/><E122/><V127/><F118/><W74/><G129/><T13/><D128/><U132/><E35/><V33/><F72/><W56/><G126/><T9/><D23/><U88/><E132/><V57/><F127/><W53/><G121/><T64/><D64/><U7/><E130/><V135/><F135/><W29/><G104/><T79/><D96/><U125/><E125/><V131/><F131/><W58/><G71/><T1/><D107/><U84/><E75/><V68/><F33/><W93/><G67/><T59/><D59/><U133/><E65/><V76/><F76/><W27/><G27/><T18/><D18/><U108/><E108/><V73/><F73/><W11/><G11/><T55/><D55/><U24/><E37/><V38/><F110/><W111/><G111/><T124/><D124/><U17/><E86/><V12/><F41/><W78/><G78/><T98/><D98/><U81/><E92/><V105/><F105/><W63/><G63/><T34/><D34/><U120/><E120/><V46/><F46/><W106/><G31/><T60/><D60/><U45/><E45/><V3/><F3/><W70/><G70/><T95/><D95/><U42/><E42/><N who="0" m="15913" /><D36/><U44/><E44/><V26/><F68/><W85/><REACH who="3" step="1"/><G106/><REACH who="3" ten="250,250,250,240" step="2"/><T54/><D114/><U32/><E133/><V49/><REACH who="2" step="1"/><F66/><REACH who="2" ten="250,250,240,240" step="2"/><W15/><G15/><T117/><D117/><U87/><E0/><V115/><F115/><W51/><G51/><T22/><D112/><U50/><E2/><V99/><F99/><W134/><G134/><T83/><D1/><RYUUKYOKU ba="0,2" sc="250,-15,250,-15,240,15,240,15" hai2="10,12,16,19,26,38,39,49,52,57,91,94,97" hai3="25,29,47,48,53,56,58,74,77,80,85,89,93" /><INIT seed="1,1,2,1,2,24" ten="235,235,255,255" oya="1" hai0="7,1,60,110,87,90,134,117,95,91,40,36,84" hai1="64,16,28,132,129,22,126,0,39,77,45,102,53" hai2="27,43,135,108,97,66,62,103,89,131,81,88,83" hai3="18,111,30,74,58,99,49,98,29,130,109,9,46"/><U86/><E129/><V106/><F131/><W94/><G130/><T71/><D117/><U112/><E112/><V17/><F108/><N who="3" m="41547" /><G74/><T14/><D110/><U10/><E126/><V44/><F135/><W32/><G32/><T37/><D1/><U50/><E132/><V42/><F81/><W23/><G9/><T3/><D3/><U123/><E123/><V107/><F107/><W119/><G58/><T75/><D75/><U34/><E39/><V41/><F44/><W26/><G119/><T105/><D105/><U120/><E102/><V61/><F83/><W69/><G69/><T56/><D40/><U121/><E64/><V67/><F67/><W33/><G33/><T65/><D134/><U127/><E86/><V12/><F27/><W100/><G99/><T59/><D59/><U70/><E70/><V21/><REACH who="2" step="1"/><F61/><REACH who="2" ten="235,235,245,255" step="2"/><W116/><G116/><T72/><D72/><U73/><E73/><V20/><F20/><W80/><G80/><T85/><D95/><U122/><E34/><V5/><F5/><W125/><G125/><T78/><D7/><N who="1" m="1383" /><E127/><V96/><F96/><W124/><G124/><T38/><D78/><U6/><E77/><V51/><F51/><W54/><AGARI ba="1,3" hai="18,23,26,29,30,46,49,54,94,98,100" m="41547" machi="54" ten="30,4000,0" yaku="14,1,52,2" doraHai="24" who="3" fromWho="3" sc="235,-11,235,-21,245,-11,255,73" /><INIT seed="2,0,0,3,2,89" ten="224,214,234,328" oya="2" hai0="130,70,75,94,101,111,125,131,44,123,27,79,61" hai1="12,43,40,116,11,92,98,109,25,33,37,67,73" hai2="3,76,41,66,21,71,50,24,46,97,15,96,62" hai3="26,124,65,47,108,58,86,18,81,53,28,85,90"/><V56/><F3/><W74/><G108/><T115/><D123/><U120/><E116/><V0/><F0/><W103/><G124/><T5/><D115/><U22/><E109/><V77/><F15/><W126/><G126/><T128/><D125/><U91/><E33/><V127/><F127/><W10/><G74/><T2/><D111/><U121/><E73/><V30/><REACH who="2" step="1"/><F71/><REACH who="2" ten="224,214,224,328" step="2"/><W29/><G26/><T17/><D27/><U100/><E120/><V14/><F14/><W99/><G10/><T49/><D2/><U112/><E121/><V55/><F55/><W60/><G53/><T68/><D68/><U6/><E112/><V118/><F118/><W7/><G7/><T80/><D5/><U82/><E67/><V39/><F39/><W119/><G119/><T106/><D70/><U114/><E37/><V34/><F34/><W13/><G13/><T42/><D128/><U51/><E114/><V72/><F72/><W36/><G36/><T78/><D130/><U23/><E23/><V95/><F95/><W19/><G65/><T63/><D131/><U133/><E22/><V52/><F52/><W59/><G59/><T4/><D4/><U107/><E25/><V83/><F83/><W9/><G58/><T102/><D75/><U129/><E82/><V32/><F32/><W122/><G81/><T35/><D35/><U31/><E129/><V64/><F64/><W84/><G9/><T48/><D80/><U135/><E11/><V105/><F105/><W110/><G122/><T20/><D20/><U113/><E6/><V8/><F8/><W87/><G110/><RYUUKYOKU ba="0,1" sc="224,-10,214,-10,224,30,328,-10" hai2="21,24,30,41,46,50,56,62,66,76,77,96,97" /><INIT seed="2,1,1,5,4,50" ten="214,204,254,318" oya="2" hai0="107,76,109,35,95,91,28,19,47,87,57,131,99" hai1="106,115,79,45,105,68,113,33,89,55,100,42,74" hai2="73,56,81,3,78,20,120,103,130,126,38,70,116" hai3="53,64,61,31,75,77,101,117,65,0,62,51,84"/><V46/><F116/><W13/><G0/><T29/><D109/><U14/><E14/><V11/><F120/><W17/><G117/><T52/><D131/><U94/><E33/><V111/><F130/><W32/><G75/><T72/><D35/><U34/><E34/><V59/><F70/><W85/><G101/><N who="0" m="62911" /><D47/><U24/><E24/><V121/><F126/><W26/><G77/><T25/><D19/><U63/><E106/><V83/><F121/><W112/><G112/><T58/><D58/><N who="1" m="35295" /><E68/><V7/><F111/><W71/><G62/><N who="0" m="36135" /><D25/><U8/><E45/><V80/><F103/><W1/><G65/><T44/><D44/><U88/><E42/><V92/><F92/><W108/><G108/><T123/><D123/><U60/><E60/><V97/><F20/><W93/><G93/><T2/><D2/><U41/><E41/><N who="2" m="22839" /><F97/><W96/><G96/><T133/><D133/><U122/><E122/><V9/><F9/><W102/><G71/><T18/><D18/><U16/><E105/><V39/><F39/><W110/><G17/><T125/><D125/><U43/><E43/><V40/><F40/><W36/><G110/><T135/><D135/><U21/><E8/><V119/><F119/><W134/><G134/><T30/><D30/><U132/><E132/><V127/><F127/><W37/><G37/><T86/><D86/><N who="1" m="52503" /><E100/><V54/><F56/><W15/><G36/><T67/><D67/><U27/><E89/><V4/><F4/><W22/><G64/><T69/><D69/><U129/><E129/><V66/><F66/><W49/><G32/><T128/><D128/><RYUUKYOKU ba="1,1" sc="214,10,204,10,254,10,318,-30" hai0="28,29,72,76,87,91,95" hai1="16,21,27,74,79,113,115" hai2="3,7,11,54,59,73,78,80,81,83" /><INIT seed="2,2,1,3,1,97" ten="224,214,264,288" oya="2" hai0="22,23,1,14,45,112,91,59,110,124,117,34,108" hai1="135,90,126,69,37,100,132,92,102,74,27,71,31" hai2="46,57,64,98,5,81,133,66,125,29,130,53,7" hai3="75,106,121,32,8,76,10,61,101,28,42,43,94"/><V54/><F130/><W15/><G121/><T65/><D112/><U123/><E37/><V50/><F133/><N who="1" m="51273" /><E126/><V38/><F125/><W17/><G106/><T18/><D124/><U111/><E111/><N who="0" m="42537" /><D117/><U68/><E74/><V86/><F29/><W79/><G32/><T58/><D34/><N who="1" m="20863" /><E123/><V82/><F98/><AGARI ba="2,1" hai="68,69,71,90,92,98,100,102" m="20863,51273" machi="98" ten="40,5200,0" yaku="20,1,52,2" doraHai="97" who="1" fromWho="2" sc="224,0,214,68,264,-58,288,0" /><INIT seed="3,0,0,0,1,126" ten="224,282,206,288" oya="3" hai0="85,113,36,11,109,132,67,52,14,69,133,91,53" hai1="64,77,119,38,56,87,44,25,70,45,9,130,33" hai2="121,63,96,34,99,24,125,49,97,13,75,1,31" hai3="100,107,86,8,37,92,58,59,35,51,102,117,72"/><W76/><G37/><T62/><D36/><U65/><E9/><V54/><F125/><W21/><G35/><T16/><D109/><U28/><E70/><V32/><F1/><W79/><G117/><T131/><D113/><U47/><E130/><V71/><F75/><W68/><G68/><T101/><D101/><U98/><E38/><V10/><F121/><W93/><G107/><T60/><D131/><U108/><E108/><V78/><F78/><W46/><G72/><T82/><REACH who="0" step="1"/><D62/><REACH who="0" ten="214,282,206,288" step="2"/><U22/><E119/><V115/><F115/><W104/><G102/><T128/><D128/><U19/><E98/><V123/><F123/><W18/><G104/><T118/><D118/><U2/><E2/><V4/><F34/><W112/><G100/><T122/><D122/><U135/><E33/><V48/><REACH who="2" step="1"/><F54/><AGARI ba="0,1" hai="11,14,16,52,53,54,60,67,69,82,85,91,132,133" machi="54" ten="40,5200,0" yaku="1,1,54,2,53,0" doraHai="126" doraHaiUra="105" who="0" fromWho="2" sc="214,62,282,0,206,-52,288,0" /><INIT seed="4,0,0,0,0,79" ten="276,282,154,288" oya="0" hai0="67,128,112,22,42,16,121,133,73,1,56,131,0" hai1="125,124,37,80,100,35,97,39,88,89,27,130,104" hai2="129,108,19,65,20,26,13,72,126,109,14,77,57" hai3="76,85,96,9,38,7,43,94,93,48,32,64,92"/><T21/><D121/><U10/><E130/><N who="0" m="49705" /><D112/><U63/><E10/><V90/><F129/><W53/><G32/><T30/><D133/><U113/><E63/><V50/><F126/><N who="1" m="48745" /><E113/><V132/><F132/><W62/><G38/><N who="1" m="14346" /><E80/><V15/><F90/><W107/><G43/><T58/><D73/><U74/><E74/><V61/><REACH who="2" step="1"/><F50/><REACH who="2" ten="276,282,144,288" step="2"/><W83/><G48/><T106/><D42/><U110/><E110/><V70/><F70/><W122/><G122/><T11/><D0/><U60/><E60/><V119/><F119/><W98/><G62/><T45/><D1/><U84/><E84/><V120/><F120/><W33/><G85/><T135/><D135/><U41/><E41/><V29/><F29/><AGARI ba="0,1" hai="27,29,35,88,89,97,100,104" m="14346,48745" machi="29" ten="30,2000,0" yaku="18,1,54,1" doraHai="79" who="1" fromWho="2" sc="276,0,282,30,144,-20,288,0" owari="276,-12.4,312,41.2,124,-37.6,288,8.8" /></mjloggm>