<mjloggm ver="2.3"><GO type="225" lobby="0"/><UN n0="%E5%8F%AF%E5%85%90%E9%82%A3%E7%94%B1%E5%A4%9A" n1="%77%72%77%72%77%72%77%72" n2="%E3%83%97%E3%83%AC%E3%83%B4%E3%82%A1%E3%83%86%E3%82%A3" n3="%E3%81%8B%E3%82%8F%E3%81%A1%E3%82%83%E3%82%93%35%38" dan="17,16,16,17" rate="2234.12,2073.86,2163.72,2147.67" sx="F,M,F,M"/><TAIKYOKU oya="0"/><INIT seed="0,0,0,0,5,101" ten="250,250,250,250" oya="0" hai0="117,76,78,111,44,51,16,49,110,55,123,81,45" hai1="62,48,19,56,114,36,129,94,25,116,92,63,13" hai2="109,115,90,126,46,39,52,43,108,91,65,133,95" hai3="4,125,134,57,122,47,8,3,86,20,29,24,87"/><T2/><D117/><U113/><E36/><V21/><F115/><N who="1" m="44041" /><E116/><V118/><F118/><W102/><G125/><T23/><D123/><U98/><E129/><V121/><F121/><W34/><G134/><T12/><D2/><U73/><E73/><V50/><F133/><W135/><G135/><T0/><D0/><U99/><E25/><V112/><F112/><W83/><G122/><T11/><D11/><U124/><E124/><V18/><F65/><W104/><G57/><T40/><REACH who="0" step="1"/><D81/><REACH who="0" ten="240,250,250,250" step="2"/><U68/><E68/><V37/><F126/><W132/><G132/><T107/><D107/><U59/><E92/><V127/><F127/><W22/><G83/><T41/><D41/><U27/><E94/><V93/><F95/><W30/><G8/><T103/><D103/><U79/><E99/><V119/><F119/><W10/><G102/><T105/><D105/><U85/><E98/><V75/><F75/><W82/><G104/><T35/><D35/><U58/><E85/><V80/><F80/><W33/><G86/><T66/><D66/><U42/><E42/><V14/><F39/><W15/><G33/><T72/><D72/><U54/><E48/><V97/><REACH who="2" step="1"/><F91/><REACH who="2" ten="240,250,240,250" step="2"/><W26/><G82/><T9/><D9/><U64/><E79/><AGARI ba="0,2" hai="12,16,23,40,44,45,49,51,55,76,78,79,110,111" machi="79" ten="40,3900,0" yaku="1,1,54,1,53,0" doraHai="101" doraHaiUra="1" who="0" fromWho="1" sc="240,59,250,-39,240,0,250,0" /><INIT seed="0,1,0,2,2,53" ten="299,211,240,250" oya="0" hai0="125,96,43,34,60,70,40,93,13,100,63,37,3" hai1="19,36,14,81,59,47,135,22,66,8,6,29,24" hai2="55,17,2,109,57,39,80,61,64,71,102,5,38" hai3="32,27,134,86,16,12,127,68,105,117,110,26,133"/><T7/><D34/><U52/><E135/><N who="3" m="51722" /><G68/><T15/><D3/><U23/><E81/><V132/><F132/><W50/><G105/><T84/><D125/><U101/><E101/><V4/><F109/><W123/><G86/><T108/><D108/><U128/><E128/><V65/><F102/><W9/><G50/><T48/><D37/><U74/><E74/><V18/><F65/><W94/><G94/><T28/><D28/><U42/><E66/><V73/><F38/><W121/><G110/><T116/><D116/><U95/><E95/><V113/><F39/><W79/><G79/><T103/><D70/><U106/><E106/><V120/><F120/><N who="3" m="46155" /><G117/><T85/><D93/><U130/><E130/><V114/><F73/><W89/><G89/><T97/><D7/><U90/><E90/><V118/><F80/><W83/><G83/><T126/><D126/><U69/><E69/><V92/><F92/><W88/><G88/><T111/><D111/><U75/><E75/><V67/><F118/><W54/><G54/><T107/><D107/><U122/><E122/><V10/><F67/><W91/><G127/><T35/><D35/><U41/><E41/><V30/><F30/><N who="3" m="19543" /><G91/><T56/><D48/><U72/><E72/><V112/><REACH who="2" step="1"/><F4/><REACH who="2" ten="299,211,230,250" step="2"/><W51/><G51/><AGARI ba="1,1" hai="2,5,10,17,18,51,55,57,61,64,71,112,113,114" machi="51" ten="40,5200,0" yaku="1,1,2,1,52,1,53,0" doraHai="53" doraHaiUra="25" who="2" fromWho="3" sc="299,0,211,0,230,65,250,-55" /><INIT seed="1,0,0,5,4,77" ten="299,211,295,195" oya="1" hai0="124,64,93,49,101,73,46,92,62,80,76,109,60" hai1="55,30,122,100,107,51,0,29,10,113,119,34,25" hai2="128,135,132,57,96,4,126,130,121,18,33,129,81" hai3="116,74,7,84,70,131,103,99,123,21,40,11,71"/><U28/><E119/><V54/><F33/><W3/><G123/><T108/><D124/><U82/><E122/><V86/><F121/><W88/><G74/><T111/><D101/><U114/><E100/><V59/><F4/><W78/><G131/><T23/><D23/><U79/><E107/><V12/><F96/><W98/><G116/><T69/><REACH who="0" step="1"/><D62/><REACH who="0" ten="289,211,295,195" step="2"/><U15/><E114/><V97/><F97/><W87/><G99/><T26/><D26/><U72/><E113/><V43/><F43/><AGARI ba="0,1" hai="43,46,49,60,64,69,73,76,80,92,93,108,109,111" machi="43" ten="40,8000,1" yaku="1,1,14,1,52,1,53,1" doraHai="77" doraHaiUra="66" who="0" fromWho="2" sc="289,90,211,0,295,-80,195,0" /><INIT seed="2,0,0,2,1,57" ten="379,211,215,195" oya="2" hai0="71,117,17,9,98,38,2,3,118,29,92,99,15" hai1="97,37,129,122,82,90,8,131,54,69,72,60,55" hai2="81,75,20,10,62,105,0,65,126,23,16,56,78" hai3="31,44,45,128,134,79,115,50,13,76,84,123,43"/><V27/><F105/><W51/><G123/><T12/><D38/><U89/><E122/><V135/><F135/><W104/><G104/><T116/><D71/><U132/><E37/><V5/><F23/><W70/><G134/><T87/><D29/><U34/><E34/><V35/><REACH who="2" step="1"/><F126/><REACH who="2" ten="379,211,205,195" step="2"/><W46/><G128/><T30/><D117/><U66/><E132/><V95/><F95/><W93/><G115/><T41/><D92/><U18/><E131/><V47/><F47/><W91/><G70/><T67/><D118/><U21/><E129/><V64/><F64/><W48/><G43/><T102/><D67/><U58/><E69/><V125/><F125/><W108/><G108/><T28/><D41/><U14/><E21/><V100/><F100/><W112/><G112/><T103/><D116/><U68/><E68/><V63/><F63/><W61/><G31/><T22/><D22/><U53/><REACH who="1" step="1"/><E97/><REACH who="1" ten="379,201,205,195" step="2"/><V113/><F113/><W83/><G45/><T24/><BYE who="3" /><D98/><U19/><E19/><V133/><F133/><UN n3="%E3%81%8B%E3%82%8F%E3%81%A1%E3%82%83%E3%82%93%35%38" /><W40/><G46/><T120/><D99/><U96/><E96/><V94/><F94/><W25/><G93/><T127/><D120/><U1/><E1/><V52/><F52/><W11/><G44/><T110/><D127/><U74/><E74/><V111/><F111/><W26/><G84/><T73/><D87/><U119/><E119/><V6/><F6/><W32/><G32/><AGARI ba="0,2" hai="0,5,10,16,20,27,32,35,56,62,65,75,78,81" machi="32" ten="40,7700,0" yaku="1,1,52,1,54,1,53,0" doraHai="57" doraHaiUra="109" who="2" fromWho="3" sc="379,0,201,0,205,97,195,-77" /><INIT seed="2,1,0,1,4,37" ten="379,201,302,118" oya="2" hai0="98,61,45,16,0,52,48,107,43,13,1,59,10" hai1="69,38,108,55,93,27,85,4,36,79,17,47,100" hai2="132,21,114,124,74,115,60,94,54,110,109,118,66" hai3="29,3,26,51,133,15,103,77,105,68,119,135,19"/><V71/><F74/><W117/><G68/><T129/><REACH who="0" step="1"/><D129/><REACH who="0" ten="369,201,302,118" step="2"/><U116/><E108/><N who="2" m="41579" /><F94/><W91/><G119/><T33/><D33/><U89/><E93/><V64/><F118/><W104/><G117/><T125/><D125/><U112/><E116/><V87/><F124/><W63/><G105/><T81/><D81/><U49/><E112/><N who="2" m="43051" /><F87/><W121/><G104/><T67/><D67/><N who="2" m="25642" /><F71/><W44/><G135/><T7/><D7/><U41/><E4/><V86/><F86/><W12/><G133/><T101/><AGARI ba="1,1" hai="0,1,10,13,16,43,45,48,52,59,61,98,101,107" machi="101" ten="30,12000,2" yaku="21,2,0,1,52,1,54,2,53,0" doraHai="37" doraHaiUra="22" who="0" fromWho="0" sc="369,133,201,-31,302,-61,118,-31" /><INIT seed="3,0,0,3,5,16" ten="502,170,241,87" oya="3" hai0="70,20,61,104,57,77,113,125,9,86,128,67,54" hai1="21,88,64,52,121,26,31,23,74,116,115,39,71" hai2="75,59,79,130,109,117,58,27,40,127,4,35,90" hai3="5,118,97,13,6,103,11,34,2,92,18,100,101"/><W91/><G34/><T119/><D104/><U85/><E121/><V129/><F117/><W0/><G118/><T44/><D119/><U37/><E116/><V102/><F102/><W135/><G135/><T12/><D125/><U107/><E107/><V89/><F40/><W10/><REACH who="3" step="1"/><G101/><REACH who="3" ten="502,170,241,77" step="2"/><T47/><D113/><U132/><E115/><V38/><F127/><W48/><G48/><T25/><D128/><N who="2" m="49258" /><F38/><W69/><G69/><T126/><D126/><U29/><E71/><V28/><F109/><W56/><G56/><N who="2" m="21545" /><F4/><W49/><G49/><T78/><D70/><U36/><E132/><V7/><F7/><W106/><G106/><T14/><D57/><U80/><E37/><V108/><F108/><W96/><G96/><T63/><D63/><U50/><E36/><V66/><F66/><W76/><G76/><T22/><D61/><U3/><E39/><V62/><F62/><W51/><G51/><T123/><D67/><U84/><E64/><V41/><F41/><W72/><G72/><T134/><D134/><U53/><E74/><V87/><F75/><W32/><G32/><T98/><D98/><U73/><E73/><V124/><F124/><W114/><G114/><T131/><D131/><U120/><E50/><V111/><F111/><W94/><G94/><T122/><D78/><U110/><E110/><V81/><AGARI ba="0,1" hai="27,28,35,79,81,87,89,90" m="21545,49258" machi="81" ten="30,1100,0" yaku="19,1" doraHai="16" who="2" fromWho="2" sc="502,-3,170,-3,241,21,77,-5" owari="499,59.9,167,-23.3,262,6.2,72,-42.8" /></mjloggm>