<mjloggm ver="2.3"><GO type="225" lobby="0"/><UN n0="%E3%81%A4%E3%81%A3%E3%81%B1%E3%82%8A%E3%83%9D%E3%83%BC%E3%83%AB" n1="%E7%8B%82%E6%B0%97%E3%81%AE%E7%9E%B3" n2="%28%EF%BF%A3%E2%96%BD%EF%BF%A3%29%CE%B4%E2%8C%92%E3%83%BB" n3="%E4%BF%BA%E3%81%A8%E5%A6%96%E5%A4%A2" dan="17,16,17,16" rate="2163.66,2033.10,2246.78,2117.01" sx="M,F,M,F"/><TAIKYOKU oya="0"/><INIT seed="0,0,0,0,0,38" ten="250,250,250,250" oya="0" hai0="17,121,69,55,104,96,99,61,22,75,43,127,15" hai1="80,62,86,110,107,49,20,76,27,5,37,26,9" hai2="11,119,57,0,71,46,82,44,36,79,34,66,128" hai3="91,98,133,2,6,129,18,122,21,101,47,85,90"/><T84/><D121/><U87/><E107/><V132/><F34/><W102/><G122/><T83/><D127/><U73/><E37/><V56/><F119/><W114/><G114/><T50/><D75/><U123/><E123/><V33/><F33/><W7/><G129/><T93/><D104/><U30/><E110/><V42/><F128/><W112/><G112/><T58/><D93/><U109/><E109/><V117/><F46/><W53/><G2/><T51/><D69/><U115/><E115/><V81/><F81/><W124/><G90/><T95/><D43/><U39/><E39/><V25/><F25/><W116/><G133/><T94/><D94/><U108/><E108/><V118/><F132/><W23/><G23/><T70/><D70/><U130/><E130/><V120/><F120/><W97/><G97/><T1/><D1/><U126/><E126/><V3/><F3/><W16/><G18/><T8/><D22/><U105/><E105/><V131/><F131/><W88/><G91/><N who="0" m="51615" /><D99/><U35/><E62/><N who="2" m="40407" /><F118/><W74/><G74/><T67/><D67/><U14/><REACH who="1" step="1"/><E49/><REACH who="1" ten="250,240,250,250" step="2"/><V41/><F117/><W68/><G116/><T29/><D29/><AGARI ba="0,1" hai="5,9,14,20,26,27,29,30,35,73,76,80,86,87" machi="29" ten="30,3900,0" yaku="1,1,2,1,7,1,53,0" doraHai="38" doraHaiUra="40" who="1" fromWho="0" sc="250,-39,240,49,250,0,250,0" /><INIT seed="1,0,0,3,1,3" ten="211,289,250,250" oya="1" hai0="108,67,95,57,122,5,68,77,109,28,54,18,90" hai1="38,113,44,119,13,132,62,37,118,107,21,126,83" hai2="82,117,59,42,36,48,17,86,9,70,29,30,20" hai3="120,63,31,23,127,32,46,66,91,110,114,8,0"/><U74/><E107/><V89/><F70/><W79/><G120/><T72/><D122/><U106/><E106/><V93/><F36/><W96/><G114/><T55/><D28/><U123/><E123/><V45/><F117/><W33/><G110/><N who="0" m="42603" /><D68/><U12/><E113/><V15/><F59/><W61/><G127/><T104/><D104/><U22/><E126/><V64/><F64/><W87/><G96/><N who="0" m="57463" /><D18/><U24/><E132/><V26/><REACH who="2" step="1"/><F93/><REACH who="2" ten="211,289,240,250" step="2"/><W11/><G66/><T128/><D128/><U34/><E38/><V92/><F92/><W51/><G63/><N who="0" m="38383" /><D5/><AGARI ba="0,1" hai="5,9,15,17,20,26,29,30,42,45,48,82,86,89" machi="5" ten="30,7700,0" yaku="1,1,7,1,8,1,52,1,53,0" doraHai="3" doraHaiUra="112" who="2" fromWho="0" sc="211,-77,289,0,240,87,250,0" /><INIT seed="2,0,0,4,4,55" ten="134,289,327,250" oya="2" hai0="74,35,40,34,91,103,6,85,93,131,46,13,25" hai1="44,69,120,107,82,27,116,14,84,32,127,31,26" hai2="115,78,99,102,132,118,7,3,62,16,73,56,8" hai3="80,61,24,48,86,49,130,68,36,20,38,45,112"/><V54/><F132/><W126/><G130/><T121/><D121/><U114/><E116/><V87/><F118/><W50/><G126/><T43/><D131/><U108/><E127/><V111/><F115/><W12/><G112/><T117/><D117/><U135/><E114/><V60/><F73/><W90/><G12/><T106/><D74/><U125/><E125/><V59/><F111/><W134/><G134/><T9/><D25/><U42/><E135/><V28/><F28/><W100/><G100/><T76/><D76/><U75/><E69/><V122/><F122/><W0/><G0/><T58/><D103/><U119/><E120/><V105/><F87/><W37/><G61/><T64/><D106/><U63/><E75/><V83/><F83/><W39/><G68/><T79/><D79/><U21/><E107/><V1/><F78/><W33/><G33/><T18/><D6/><U5/><E119/><V109/><F109/><W10/><G10/><T29/><D29/><U89/><E108/><V52/><F16/><W113/><N who="3" m="9216" /><DORA hai="95" /><W4/><G4/><T123/><D123/><U47/><E63/><V51/><F51/><W97/><G97/><T94/><D94/><U72/><E72/><V17/><F17/><W101/><G101/><T70/><D70/><U71/><E32/><N who="0" m="12329" /><D46/><U81/><E47/><V53/><REACH who="2" step="1"/><F1/><REACH who="2" ten="134,289,317,250" step="2"/><W128/><G113/><T77/><D77/><U133/><E82/><V110/><F110/><W98/><G128/><T66/><D66/><AGARI ba="0,1" hai="3,7,8,52,53,54,56,59,60,62,66,99,102,105" machi="66" ten="30,18000,2" yaku="1,1,7,1,52,3,54,1,53,0" doraHai="55,95" doraHaiUra="15,19" who="2" fromWho="0" sc="134,-180,289,0,317,190,250,0" owari="-46,-54.6,289,8.9,507,60.7,250,-15.0" /></mjloggm>