<mjloggm ver="2.3"><GO type="225" lobby="0"/><UN n0="%E5%AF%82%E5%AF%9E%E3%82%AE%E3%83%8D%E3%82%B9%E3%83%93%E3%83%BC%E3%83%AB" n1="%72%65%6E%6B%75%6E" n2="%E5%84%AA%40%41%42%43" n3="%E3%83%AD%E3%83%83%E3%83%86%E9%9B%80%E7%90%83" dan="16,17,18,17" rate="2149.40,2331.84,2285.60,2247.27" sx="M,M,M,M"/><TAIKYOKU oya="0"/><INIT seed="0,0,0,1,5,50" ten="250,250,250,250" oya="0" hai0="39,115,124,126,14,54,31,81,64,56,134,38,79" hai1="110,88,69,87,3,30,117,49,17,35,100,108,15" hai2="107,96,65,125,18,123,73,19,112,62,98,46,37" hai3="26,93,91,51,113,32,6,121,8,42,122,127,75"/><T97/><D115/><U99/><E3/><V111/><F123/><W67/><G75/><T120/><D120/><N who="3" m="46185" /><G127/><N who="0" m="48683" /><D134/><U83/><E69/><V89/><F112/><W48/><G113/><T1/><D1/><U13/><E117/><V34/><F73/><W10/><G67/><T90/><D64/><U130/><E130/><V68/><F111/><N who="1" m="42537" /><E17/><V106/><F125/><W28/><G42/><T71/><D71/><U40/><E30/><V52/><F34/><W70/><G70/><T103/><D90/><U131/><E35/><V44/><F98/><N who="3" m="57663" /><G10/><T78/><D14/><AGARI ba="0,0" hai="6,8,14,26,28,32,48,51" m="57663,46185" machi="14" ten="30,1000,0" yaku="13,1" doraHai="50" who="3" fromWho="0" sc="250,-10,250,0,250,0,250,10" /><INIT seed="1,0,0,0,5,107" ten="240,250,250,260" oya="1" hai0="64,122,14,100,4,49,7,33,116,105,45,74,1" hai1="40,30,66,102,126,123,51,50,18,82,104,125,129" hai2="134,89,79,131,37,2,3,11,115,128,16,48,85" hai3="62,84,36,24,39,42,21,46,112,132,103,93,90"/><U13/><E123/><V94/><F37/><W31/><G132/><T77/><D116/><U88/><E30/><V9/><F134/><W10/><G112/><T113/><D113/><U72/><E66/><V106/><F106/><W87/><G103/><T28/><D1/><U120/><E120/><V55/><F115/><W67/><G10/><N who="2" m="3593" /><F79/><W96/><REACH who="3" step="1"/><G39/><REACH who="3" ten="240,250,250,250" step="2"/><T0/><D100/><U63/><E102/><V58/><F2/><W26/><G26/><T52/><D122/><U69/><E104/><V118/><F3/><W68/><AGARI ba="0,1" hai="21,24,31,36,42,46,62,67,68,84,87,90,93,96" machi="68" ten="20,5200,0" yaku="1,1,0,1,7,1,53,1" doraHai="107" doraHaiUra="57" who="3" fromWho="3" sc="240,-13,250,-26,250,-13,250,62" /><INIT seed="2,0,0,0,2,34" ten="227,224,237,312" oya="2" hai0="8,5,59,94,51,63,35,47,26,9,118,90,41" hai1="73,55,70,17,39,106,98,29,72,50,13,74,57" hai2="84,11,113,101,12,19,121,119,133,135,2,38,117" hai3="78,58,100,30,25,99,75,86,108,60,134,37,10"/><V88/><F38/><W127/><G75/><T61/><D118/><U87/><E39/><V36/><F36/><W114/><G37/><T15/><D9/><U125/><E70/><V103/><F113/><W105/><G108/><T46/><D47/><U128/><E29/><V23/><F121/><W93/><G127/><T80/><D80/><U22/><E125/><V18/><F103/><W120/><G134/><N who="2" m="51209" /><F101/><W31/><G120/><T3/><D15/><U44/><E128/><V14/><F2/><W66/><G114/><T45/><D45/><U0/><E98/><V67/><F67/><W107/><G10/><T124/><D124/><U91/><E106/><V96/><F96/><W71/><G71/><T64/><D61/><U83/><REACH who="1" step="1"/><E44/><REACH who="1" ten="227,214,237,312" step="2"/><V102/><F102/><W20/><G31/><T109/><D109/><U32/><E32/><V111/><F111/><W43/><G107/><T85/><REACH who="0" step="1"/><D35/><REACH who="0" ten="217,214,237,312" step="2"/><U129/><E129/><V7/><F119/><W81/><G105/><T76/><D76/><U62/><E62/><V116/><F117/><W56/><G60/><T115/><D115/><U21/><E21/><N who="2" m="11463" /><F116/><W1/><G20/><T131/><D131/><U4/><E4/><V123/><F123/><W112/><G112/><T122/><D122/><U130/><E130/><V69/><F69/><W53/><G78/><T24/><AGARI ba="0,2" hai="3,5,8,24,26,41,46,51,59,63,64,85,90,94" machi="24" ten="30,7900,0" yaku="1,1,0,1,52,1,53,1" doraHai="34" doraHaiUra="42" who="0" fromWho="0" sc="217,99,214,-20,237,-39,312,-20" /><INIT seed="3,0,0,5,3,96" ten="316,194,198,292" oya="3" hai0="15,110,39,105,18,30,43,60,111,71,113,82,41" hai1="87,90,83,92,125,46,57,53,123,47,78,1,51" hai2="93,84,28,97,65,25,20,100,132,108,128,13,124" hai3="81,49,88,4,23,10,135,26,94,102,8,101,0"/><W14/><G135/><T129/><D113/><U19/><E125/><V3/><F3/><W80/><G49/><T50/><D129/><U58/><E123/><V112/><F112/><W34/><G34/><T56/><D105/><U77/><E1/><V122/><F108/><N who="0" m="41514" /><D39/><U12/><E46/><V35/><F124/><W106/><G106/><T103/><D103/><N who="3" m="39433" /><G10/><N who="0" m="6519" /><D30/><U2/><E2/><V134/><F28/><N who="3" m="17503" /><G0/><T59/><D82/><U21/><REACH who="1" step="1"/><E77/><REACH who="1" ten="316,184,198,292" step="2"/><V127/><F122/><W62/><G62/><T86/><D50/><U11/><E11/><V27/><F127/><W32/><G32/><T72/><D60/><U67/><E67/><V16/><F65/><W115/><G115/><T75/><D43/><U37/><E37/><V63/><F63/><W133/><G133/><T126/><D41/><U119/><E119/><V33/><F128/><W64/><G64/><T120/><D120/><U54/><E54/><V61/><F61/><W89/><G89/><T73/><D126/><U70/><E70/><V36/><F36/><W121/><G121/><T74/><D71/><U44/><E44/><V104/><F33/><W24/><G24/><N who="2" m="9289" /><F35/><W130/><G130/><T6/><D56/><U98/><AGARI ba="0,1" hai="12,19,21,47,51,53,57,58,78,83,87,90,92,98" machi="98" ten="20,5200,0" yaku="1,1,0,1,7,1,8,1,53,0" doraHai="96" doraHaiUra="68" who="1" fromWho="1" sc="316,-13,184,62,198,-13,292,-26" owari="303,40.3,246,-15.4,185,-31.5,266,6.6" /></mjloggm>