<mjloggm ver="2.3"><GO type="225" lobby="0"/><UN n0="%E5%B0%8F%E9%B3%A5%E9%81%8A%E7%B7%B4%E7%84%A1%32%31%E6%AD%B3" n1="%E3%81%A8%E3%82%93%E3%81%A8%E3%81%93%E3%81%A8%E3%82%93" n2="%E3%83%B4%E3%82%A3%E3%83%AF%E3%82%B3%E3%82%B0%E3%83%8B" n3="%E7%99%BD%E9%9B%AA%E4%B9%83%E6%84%9B" dan="16,16,16,16" rate="2183.24,2128.73,2182.48,2090.03" sx="F,F,M,F"/><TAIKYOKU oya="0"/><INIT seed="0,0,0,0,3,66" ten="250,250,250,250" oya="0" hai0="71,45,57,109,101,63,125,117,98,75,72,82,116" hai1="20,79,118,36,31,0,39,80,126,46,37,111,30" hai2="106,41,50,1,76,55,103,3,91,5,60,92,40" hai3="14,121,43,29,17,35,48,113,22,114,24,25,10"/><T54/><D125/><U73/><E118/><V88/><F106/><W104/><G104/><T105/><D109/><U107/><E111/><V83/><F103/><W69/><G48/><T84/><D45/><U53/><E126/><V85/><F60/><W67/><G43/><T13/><D13/><U99/><E0/><V9/><F1/><W112/><G67/><T89/><D71/><U135/><E135/><V134/><F91/><W81/><G81/><T131/><REACH who="0" step="1"/><D131/><REACH who="0" ten="240,250,250,250" step="2"/><U42/><E46/><V97/><REACH who="2" step="1"/><F134/><REACH who="2" ten="240,250,240,250" step="2"/><W26/><G69/><T129/><D129/><U2/><E2/><V47/><AGARI ba="0,2" hai="3,5,9,40,41,47,50,55,76,83,85,88,92,97" machi="47" ten="20,8000,1" yaku="1,1,2,1,0,1,7,1,54,1,53,0" doraHai="66" doraHaiUra="100" who="2" fromWho="2" sc="240,-40,250,-20,240,100,250,-20" /><INIT seed="1,0,0,2,2,0" ten="200,230,340,230" oya="1" hai0="82,6,52,83,8,85,135,56,70,128,122,112,45" hai1="47,123,46,90,66,131,23,25,20,11,51,35,64" hai2="86,34,18,42,14,36,91,55,19,24,130,134,54" hai3="103,107,118,129,125,96,60,110,21,26,1,126,105"/><U38/><E123/><V32/><F36/><W79/><G110/><T100/><D112/><U71/><E131/><V74/><F74/><W5/><G129/><T76/><D128/><U73/><E73/><V33/><F42/><W22/><G118/><T119/><D119/><U43/><E35/><V27/><F130/><W124/><G79/><T39/><D135/><U28/><E71/><V68/><F68/><W40/><G40/><T7/><D70/><U92/><E20/><V69/><F69/><W106/><G60/><T4/><D122/><U12/><E46/><V114/><F134/><W53/><G53/><T30/><D30/><U117/><E38/><V78/><F78/><W37/><G37/><T57/><D100/><U104/><E104/><V16/><F14/><W13/><G13/><N who="0" m="5255" /><D39/><U3/><E3/><V87/><F114/><W97/><G97/><T132/><D132/><U72/><E72/><V75/><F75/><W50/><G50/><N who="0" m="28751" /><D82/><U15/><E117/><V81/><F27/><W65/><G65/><N who="1" m="25194" /><E11/><V62/><F24/><W99/><G99/><AGARI ba="0,0" hai="12,15,23,25,28,43,47,51,90,92,99" m="25194" machi="99" ten="30,1500,0" yaku="8,1" doraHai="0" who="1" fromWho="3" sc="200,0,230,15,340,0,230,-15" /><INIT seed="1,1,0,5,0,55" ten="200,245,340,215" oya="1" hai0="18,11,108,60,2,19,87,130,79,50,54,107,33" hai1="47,22,99,92,69,95,134,45,111,85,42,6,132" hai2="34,83,91,117,62,17,26,131,110,25,106,70,104" hai3="80,31,90,35,115,30,61,51,71,57,12,48,97"/><U44/><E69/><V72/><F117/><W129/><G115/><T100/><D108/><U59/><E111/><V127/><F110/><W58/><G129/><T75/><D75/><U96/><E42/><V94/><F25/><W20/><G71/><T1/><D33/><U102/><E6/><V15/><F131/><W98/><G35/><T82/><D130/><U37/><E37/><V78/><F127/><W113/><G113/><T3/><D11/><U28/><E85/><V73/><F73/><W74/><G74/><T86/><D86/><U36/><E36/><V8/><F62/><W7/><G80/><T88/><D60/><U46/><N who="1" m="11264" /><DORA hai="125" /><U39/><E39/><V41/><F70/><W103/><G90/><T101/><D79/><U23/><E59/><N who="3" m="22538" /><G61/><T116/><D116/><U32/><E32/><V40/><F106/><W123/><G123/><T16/><D107/><U38/><E38/><V120/><F104/><W67/><G67/><T10/><D10/><U126/><E126/><V27/><F120/><W76/><G76/><T5/><D5/><U21/><REACH who="1" step="1"/><E28/><REACH who="1" ten="200,235,340,215" step="2"/><N who="3" m="10794" /><G7/><T13/><D1/><U24/><E24/><V119/><F119/><W81/><G81/><T66/><D2/><U124/><E124/><V43/><REACH who="2" step="1"/><F34/><REACH who="2" ten="200,235,330,215" step="2"/><W122/><G122/><T93/><D3/><U52/><E52/><V0/><F0/><W9/><G48/><T89/><D50/><U77/><E77/><V49/><F49/><W63/><G51/><T128/><D54/><U105/><E105/><V53/><F53/><W29/><G63/><T4/><D128/><U133/><E133/><RYUUKYOKU ba="1,2" sc="200,-15,235,15,330,15,215,-15" hai1="21,22,23,92,95,96,99,102,132,134" hai2="8,15,17,26,27,40,41,43,72,78,83,91,94" /><INIT seed="1,2,2,4,0,77" ten="185,250,345,200" oya="1" hai0="65,24,48,133,95,122,25,121,129,54,20,43,4" hai1="10,44,123,1,80,42,67,135,134,17,74,15,47" hai2="76,69,109,126,101,55,45,31,18,84,120,60,7" hai3="19,49,6,97,91,119,86,14,79,96,30,114,2"/><U94/><E123/><N who="0" m="47113" /><D133/><N who="1" m="50699" /><E67/><V111/><F120/><W106/><G114/><T28/><D129/><U16/><E1/><V125/><F31/><W64/><G119/><T11/><D65/><U51/><E94/><V128/><F128/><W100/><G30/><T73/><D73/><U41/><E17/><V56/><F101/><W98/><G64/><T8/><D43/><N who="1" m="16395" /><E51/><V78/><F69/><W68/><G49/><T40/><D40/><U36/><E36/><V110/><F7/><W3/><G68/><T52/><D95/><U103/><E103/><V71/><F71/><W32/><G6/><T99/><D99/><U12/><E15/><V93/><F18/><W82/><G2/><N who="0" m="23" /><D11/><U63/><E63/><V61/><F61/><W124/><G3/><T104/><D104/><U35/><E35/><V21/><F21/><W90/><G32/><N who="0" m="20487" /><D48/><U130/><E130/><V88/><F45/><N who="1" m="17481" /><E74/><V70/><F70/><W118/><G100/><T75/><D75/><U85/><E85/><V39/><F39/><W87/><G106/><T115/><D115/><U29/><E29/><AGARI ba="2,2" hai="20,25,29,52,54" m="20487,23,47113" machi="29" ten="30,2000,0" yaku="13,1,54,1" doraHai="77" who="0" fromWho="1" sc="185,46,250,-26,345,0,200,0" /><INIT seed="2,0,0,4,0,51" ten="231,224,345,200" oya="2" hai0="41,46,29,87,133,119,91,13,4,135,54,78,28" hai1="115,68,130,134,23,126,50,72,84,132,66,32,77" hai2="48,74,33,71,109,18,93,97,92,37,111,7,38" hai3="17,11,128,129,102,56,122,89,6,112,24,82,131"/><V98/><F71/><W43/><G122/><T62/><D78/><U2/><E23/><V94/><F74/><W12/><G112/><T107/><D107/><U116/><E50/><V8/><F18/><W113/><G113/><T118/><D41/><U49/><E49/><V103/><F33/><W36/><G102/><T31/><D46/><U105/><E84/><V44/><F37/><W63/><G82/><T26/><D26/><U99/><E115/><V61/><F61/><W125/><G89/><T20/><D4/><U5/><E32/><V117/><F38/><W27/><G125/><T73/><D73/><U86/><E86/><V10/><F117/><N who="0" m="44554" /><D13/><U104/><E130/><V110/><F7/><W1/><G43/><T75/><D20/><U9/><E126/><V60/><F60/><W124/><G36/><T65/><D65/><U57/><E57/><V47/><F47/><W3/><G124/><T59/><D75/><U14/><E14/><V108/><N who="2" m="27648" /><DORA hai="120" /><V90/><F93/><AGARI ba="0,0" hai="28,29,31,54,59,62,87,91,93,133,135" m="44554" machi="93" ten="30,2000,0" yaku="12,1,52,1" doraHai="51,120" who="0" fromWho="2" sc="231,20,224,0,345,-20,200,0" /><INIT seed="3,0,0,3,3,91" ten="251,224,325,200" oya="3" hai0="82,104,23,130,102,114,7,41,77,31,6,95,11" hai1="115,78,84,117,34,124,61,64,16,100,132,48,129" hai2="80,89,51,24,28,66,49,103,19,26,58,68,32" hai3="44,14,79,60,118,97,113,85,83,123,33,38,3"/><W21/><G113/><T22/><D104/><U1/><E115/><V56/><F68/><W5/><G118/><T90/><D102/><U42/><E1/><V134/><F103/><W86/><G123/><T105/><D105/><U107/><E34/><V73/><F73/><W112/><G33/><T25/><D130/><U88/><E129/><V2/><F2/><W71/><G112/><T29/><D41/><U37/><E37/><V133/><F80/><W65/><G3/><T8/><D114/><U74/><E124/><V69/><F89/><W121/><G121/><T101/><D101/><U75/><E78/><V126/><F69/><W45/><G97/><N who="0" m="57591" /><D82/><U9/><E132/><N who="2" m="50795" /><F126/><W17/><G5/><N who="0" m="1547" /><D77/><U15/><E117/><V127/><F127/><W111/><G111/><T47/><D47/><U119/><E100/><V57/><F66/><W50/><G38/><T4/><D4/><U125/><E107/><V62/><F62/><W59/><REACH who="3" step="1"/><G85/><REACH who="3" ten="251,224,325,190" step="2"/><T55/><D31/><U93/><E125/><V122/><F122/><W67/><G67/><T52/><D29/><U53/><E119/><V98/><F98/><W99/><G99/><T131/><D131/><U40/><E74/><V20/><AGARI ba="0,1" hai="19,20,24,26,28,32,49,51,56,57,58" m="50795" machi="20" ten="40,1500,0" yaku="20,1" doraHai="91" who="2" fromWho="2" sc="251,-4,224,-4,325,25,190,-7" owari="247,4.7,220,-18.0,350,45.0,183,-31.7" /></mjloggm>