<mjloggm ver="2.3"><GO type="225" lobby="0"/><UN n0="%72%69%6F%75%63%68%61%6E" n1="%E6%97%A5%E6%9B%9C%E6%97%A5%E3%82%88%E3%82%8A%E3%81%AE%E4%BD%BF%E8%80%85" n2="%E3%81%8B%E3%82%8F%E3%81%A1%E3%82%83%E3%82%93%35%38" n3="%E4%BF%BA%E3%81%A8%E5%A6%96%E5%A4%A2" dan="17,17,17,17" rate="2252.24,2098.21,2249.00,2169.01" sx="M,M,M,F"/><TAIKYOKU oya="0"/><INIT seed="0,0,0,2,4,130" ten="250,250,250,250" oya="0" hai0="18,13,126,17,81,25,37,15,26,105,124,111,116" hai1="3,100,6,27,51,76,21,107,38,9,41,77,98" hai2="36,5,117,122,83,118,60,127,92,24,48,50,114" hai3="108,133,8,128,23,75,95,12,7,135,129,110,42"/><T66/><D37/><U131/><E38/><V103/><F36/><W88/><G75/><T2/><D105/><U112/><E131/><N who="3" m="50250" /><G42/><T89/><D116/><U65/><E65/><V125/><F5/><W64/><G64/><T93/><D2/><U30/><REACH who="1" step="1"/><E112/><REACH who="1" ten="250,240,250,250" step="2"/><V19/><F114/><W106/><G106/><T44/><D66/><U34/><E34/><V11/><F118/><W115/><G115/><T39/><D39/><U80/><E80/><V109/><F117/><W43/><G43/><T134/><D81/><U53/><E53/><V33/><F83/><W46/><G46/><AGARI ba="0,1" hai="3,6,9,21,27,30,41,46,51,76,77,98,100,107" machi="46" ten="40,1300,0" yaku="1,1,53,0" doraHai="130" doraHaiUra="78" who="1" fromWho="3" sc="250,0,240,23,250,0,250,-13" /><INIT seed="1,0,0,5,5,85" ten="250,263,250,237" oya="1" hai0="76,47,106,18,84,45,50,120,133,105,11,68,124" hai1="19,20,115,23,64,121,87,53,122,125,62,95,110" hai2="10,108,61,15,100,88,22,56,111,103,25,24,67" hai3="117,114,118,116,109,5,55,13,2,130,79,113,70"/><U17/><E115/><N who="3" m="44042" /><G70/><T94/><D68/><U49/><E125/><V7/><F24/><W35/><G79/><T91/><D133/><U27/><E110/><V16/><REACH who="2" step="1"/><F88/><REACH who="2" ten="250,263,240,237" step="2"/><W30/><G109/><AGARI ba="0,1" hai="7,10,15,16,22,25,56,61,67,100,103,108,109,111" machi="109" ten="40,8000,1" yaku="1,1,2,1,14,1,54,1,53,0" doraHai="85" doraHaiUra="104" who="2" fromWho="3" sc="250,0,263,0,240,90,237,-80" /><INIT seed="2,0,0,5,0,82" ten="250,263,330,157" oya="2" hai0="37,8,78,94,107,68,40,99,44,134,18,26,123" hai1="34,135,32,122,19,132,118,45,106,42,76,112,5" hai2="61,36,2,108,98,14,75,9,101,28,39,6,31" hai3="100,64,65,115,53,7,22,47,80,131,15,25,66"/><V83/><F108/><W56/><G131/><T17/><D123/><U113/><E106/><V70/><F14/><W29/><G115/><N who="1" m="44106" /><E118/><V102/><F102/><W125/><G125/><T54/><D134/><N who="1" m="51243" /><E122/><V67/><F28/><W60/><G100/><T62/><D107/><U43/><E5/><V105/><F31/><W92/><G92/><T21/><D78/><AGARI ba="0,0" hai="2,6,9,36,39,61,67,70,75,78,83,98,101,105" machi="78" ten="40,7700,0" yaku="33,3" doraHai="82" who="2" fromWho="0" sc="250,-77,263,0,330,77,157,0" /><INIT seed="2,1,0,4,3,118" ten="173,263,407,157" oya="2" hai0="90,135,116,32,66,63,104,31,52,16,43,89,45" hai1="106,56,131,123,26,71,23,92,132,1,55,33,21" hai2="27,114,20,60,46,29,80,128,98,129,64,102,77" hai3="68,83,127,39,0,121,87,86,11,88,133,22,115"/><V120/><F114/><W93/><G115/><T28/><D104/><U130/><E106/><V41/><F120/><W37/><G133/><T44/><D135/><U2/><E71/><V18/><F18/><W72/><G72/><T54/><D116/><U35/><E92/><V15/><F15/><W99/><G68/><T3/><D3/><N who="1" m="1035" /><E132/><V65/><F46/><N who="0" m="18026" /><D32/><N who="1" m="12363" /><E56/><V47/><F47/><W69/><G69/><T110/><D110/><U25/><E55/><N who="0" m="21033" /><D43/><U50/><E50/><V57/><F64/><W119/><G119/><T10/><D63/><U112/><E112/><V75/><F41/><W38/><G127/><T5/><D5/><U107/><E107/><V53/><F53/><W103/><G121/><T81/><D66/><U58/><E58/><V48/><F48/><W82/><G22/><N who="1" m="8202" /><E123/><V34/><F34/><W101/><G101/><T105/><D105/><U7/><E7/><V124/><F124/><W91/><G38/><T134/><D134/><U17/><E17/><V97/><F97/><W4/><AGARI ba="1,0" hai="0,4,11,37,39,82,83,86,87,88,91,93,99,103" machi="4" ten="30,4000,0" yaku="0,1,9,1,54,1" doraHai="118" who="3" fromWho="3" sc="173,-11,263,-11,407,-21,157,43" /><INIT seed="3,0,0,1,0,132" ten="162,252,386,200" oya="3" hai0="14,117,16,51,92,32,64,135,100,67,85,109,11" hai1="22,134,74,80,73,111,62,60,44,107,108,8,98" hai2="50,59,39,28,30,63,53,72,96,54,113,7,93" hai3="95,120,36,26,94,10,119,77,55,41,131,43,20"/><W129/><G119/><T86/><D117/><U34/><E34/><V123/><F72/><N who="1" m="27753" /><E134/><V19/><F39/><W12/><G120/><T87/><D32/><U83/><E22/><V75/><F75/><W121/><G121/><T15/><D109/><N who="1" m="42059" /><E44/><V29/><F113/><W106/><G106/><T6/><D135/><U115/><E8/><V90/><F123/><W88/><G77/><T105/><D105/><U69/><E115/><V33/><F33/><W76/><G76/><T25/><D25/><U49/><E49/><V3/><F3/><W27/><G55/><T56/><D51/><U82/><E69/><V58/><F7/><W18/><G27/><T1/><D56/><U125/><E125/><V38/><F38/><W31/><G36/><T0/><D0/><U130/><E130/><N who="3" m="49674" /><G43/><T40/><D40/><U133/><E133/><V81/><F54/><W48/><G48/><T23/><REACH who="0" step="1"/><D1/><REACH who="0" ten="152,252,386,200" step="2"/><U45/><E45/><V70/><F50/><W61/><G41/><T65/><D65/><U114/><E114/><V99/><F59/><W78/><G26/><T42/><D42/><U21/><E107/><V47/><F47/><W91/><G61/><T46/><D46/><U5/><E62/><V66/><F63/><W97/><G12/><T9/><D9/><U17/><E60/><V128/><F128/><W79/><G10/><T110/><D110/><U2/><E2/><V68/><F66/><W37/><G37/><T103/><D103/><U13/><E13/><V104/><F58/><W127/><G20/><T89/><D89/><U126/><E21/><V118/><F104/><RYUUKYOKU ba="0,1" sc="152,30,252,-10,386,-10,200,-10" hai0="6,11,14,15,16,23,64,67,85,86,87,92,100" owari="182,-31.8,242,4.2,386,48.6,190,-21.0" /></mjloggm>