<mjloggm ver="2.3"><GO type="225" lobby="0"/><UN n0="%4C%C3%97%57%C3%97%4C" n1="%E3%82%82%E3%81%90%E3%82%89" n2="%E6%A1%9C%E8%8A%B1%E9%96%83%E3%80%85" n3="%61%69%73%79%6F" dan="18,17,18,17" rate="2175.18,2160.74,2292.77,2156.02" sx="M,M,M,M"/><TAIKYOKU oya="0"/><INIT seed="0,0,0,1,0,29" ten="250,250,250,250" oya="0" hai0="7,33,24,17,126,79,40,106,102,34,129,72,104" hai1="57,124,13,120,77,127,36,89,118,94,123,30,39" hai2="21,81,48,3,38,67,55,113,107,27,69,20,62" hai3="114,50,52,112,91,115,8,23,10,44,95,132,16"/><T47/><D126/><N who="1" m="48171" /><E118/><V82/><F113/><W45/><G132/><T75/><D7/><U5/><E77/><V12/><F3/><W78/><G45/><T54/><D54/><U109/><E109/><V9/><F107/><N who="0" m="41002" /><D17/><U135/><E135/><V133/><F38/><W117/><G78/><T90/><D90/><U99/><E57/><N who="2" m="37327" /><F133/><W125/><G117/><T37/><D24/><U97/><E97/><V11/><F69/><W122/><G122/><N who="1" m="46634" /><E30/><N who="2" m="17767" /><F21/><W58/><G44/><T66/><D66/><U101/><E89/><V131/><F131/><W92/><G125/><T32/><D129/><U119/><E119/><V130/><F130/><W61/><G61/><T64/><D102/><U96/><E96/><V74/><F74/><N who="0" m="28202" /><D64/><U134/><E134/><V1/><F1/><W28/><G28/><T84/><D79/><U25/><E25/><V88/><F88/><W128/><G128/><T19/><D84/><U100/><E100/><V70/><F70/><W63/><G63/><T105/><N who="0" m="41010" /><T31/><DORA hai="22" /><D31/><U87/><E87/><V116/><F116/><W14/><REACH who="3" step="1"/><G92/><REACH who="3" ten="250,250,250,240" step="2"/><T86/><D47/><U51/><E51/><V42/><F48/><W65/><G65/><T6/><D37/><U108/><E39/><V111/><F55/><W35/><G35/><T71/><D34/><U80/><E36/><V56/><F42/><W121/><G121/><T85/><D40/><U41/><E41/><V103/><F111/><W93/><G93/><T43/><D43/><U26/><E108/><V60/><F60/><W59/><G59/><T15/><D71/><U18/><E94/><RYUUKYOKU ba="0,1" sc="250,-10,250,-10,250,-10,240,30" hai3="8,10,14,16,23,50,52,58,91,95,112,114,115" /><INIT seed="1,1,1,5,2,12" ten="240,240,240,270" oya="1" hai0="41,91,131,69,28,5,70,10,64,50,16,126,39" hai1="93,96,33,14,124,125,116,102,40,79,121,32,122" hai2="45,47,95,129,76,48,20,11,8,23,71,109,65" hai3="26,56,38,86,81,29,111,43,84,85,27,30,123"/><U31/><E116/><V87/><F109/><W105/><G105/><T77/><D126/><N who="1" m="48747" /><E40/><V112/><F129/><W100/><G111/><T37/><D131/><U25/><E79/><V127/><F47/><W35/><G123/><N who="1" m="47114" /><E14/><V75/><F76/><W117/><G117/><T88/><D77/><U62/><E62/><V82/><F75/><W42/><G100/><T19/><D28/><U115/><E115/><V80/><F112/><W34/><G81/><T114/><D114/><U104/><E93/><V54/><F95/><W89/><G89/><N who="0" m="34379" /><D70/><U134/><E134/><V13/><F80/><W98/><G98/><T68/><D68/><U118/><E118/><V78/><F127/><W18/><G38/><T0/><D39/><U66/><E66/><V92/><F92/><W107/><G107/><T17/><D37/><U9/><E9/><V2/><F65/><W119/><G119/><T106/><D106/><U6/><E6/><V24/><F71/><W101/><G101/><T74/><D74/><U97/><E97/><V120/><F120/><W7/><G7/><T49/><D41/><U94/><E94/><V3/><F3/><W83/><G83/><T15/><D0/><U128/><E128/><V63/><F63/><W51/><G42/><T90/><N who="0" m="34387" /><T22/><DORA hai="73" /><D22/><AGARI ba="1,1" hai="22,25,31,32,33,96,102,104" m="47114,48747" machi="22" ten="30,1500,0" yaku="18,1" doraHai="12,73" who="1" fromWho="0" sc="240,-18,240,28,240,0,270,0" /><INIT seed="1,2,0,1,5,114" ten="222,268,240,270" oya="1" hai0="124,75,25,8,7,92,37,91,32,56,19,5,63" hai1="57,52,40,115,122,31,134,15,123,77,88,84,106" hai2="43,0,26,121,11,24,111,96,64,132,97,98,90" hai3="12,99,70,133,6,108,59,105,28,100,113,82,135"/><U20/><E115/><V38/><F121/><W51/><G108/><T112/><D112/><U53/><E106/><V67/><F111/><W46/><G70/><T69/><D37/><U27/><E134/><N who="3" m="51210" /><G28/><T54/><D75/><U117/><E117/><V74/><F132/><W60/><G82/><T119/><D124/><U79/><E40/><V34/><F74/><W78/><G78/><T129/><D129/><U17/><E123/><V21/><F34/><W10/><G113/><T50/><D32/><U68/><E68/><V1/><F26/><W116/><G116/><T76/><D76/><U45/><E45/><V87/><F43/><N who="3" m="25055" /><G60/><T89/><D119/><U23/><E122/><V3/><F11/><W94/><G59/><T120/><D120/><U81/><E53/><V73/><F73/><W128/><G128/><T110/><D110/><U62/><AGARI ba="2,0" hai="15,17,20,23,27,31,52,57,62,77,79,81,84,88" machi="62" ten="20,12000,1" yaku="0,1,7,1,8,1,54,2" doraHai="114" who="1" fromWho="1" sc="222,-42,268,126,240,-42,270,-42" /><INIT seed="1,3,0,0,2,104" ten="180,394,198,228" oya="1" hai0="15,110,128,84,8,7,75,18,49,63,25,118,120" hai1="99,32,74,20,67,44,113,43,92,58,124,22,90" hai2="77,135,24,42,98,71,85,17,89,47,45,36,30" hai3="133,6,53,132,50,117,108,82,79,70,65,1,28"/><U81/><E113/><V26/><F71/><W16/><G108/><T39/><D118/><U60/><E32/><V3/><F3/><W64/><G28/><T106/><D39/><U61/><E124/><V11/><F135/><N who="3" m="51787" /><G70/><T107/><D110/><U93/><E61/><V12/><F77/><W80/><G117/><T13/><D25/><U56/><E56/><V109/><F109/><W126/><G126/><T59/><D128/><U21/><E93/><V52/><F98/><W86/><G6/><T97/><D49/><U27/><E81/><N who="2" m="49327" /><F30/><W134/><G1/><T101/><D120/><U69/><E74/><V114/><F114/><W121/><G121/><T125/><D125/><U119/><E69/><V94/><F94/><W48/><G48/><AGARI ba="3,0" hai="11,12,17,24,26,36,42,45,47,48,52" m="49327" machi="48" ten="30,2000,0" yaku="25,1,54,1" doraHai="104" who="2" fromWho="3" sc="180,0,394,0,198,29,228,-29" /><INIT seed="2,0,0,5,5,91" ten="180,394,227,199" oya="2" hai0="95,110,7,112,37,54,55,83,44,12,39,134,47" hai1="40,107,64,75,86,90,26,30,19,53,67,50,66" hai2="74,48,117,71,70,61,36,65,113,124,59,6,127" hai3="38,73,28,115,126,102,87,35,104,101,1,3,89"/><V51/><F74/><W103/><G38/><T133/><D83/><U56/><E75/><V20/><F6/><W82/><G35/><T42/><D112/><U29/><E107/><V17/><F113/><W46/><G28/><T105/><D105/><U94/><E40/><V80/><F80/><W111/><G46/><T96/><D110/><U43/><E43/><V99/><F36/><N who="0" m="13898" /><D12/><U98/><E98/><V118/><F99/><N who="3" m="61503" /><G3/><T8/><D8/><U41/><E41/><V123/><F123/><W135/><G1/><T24/><D24/><U63/><E63/><V93/><F93/><N who="3" m="54463" /><G115/><T120/><D7/><U34/><E34/><V132/><F17/><W57/><G57/><T125/><D120/><U97/><E97/><V10/><F20/><AGARI ba="0,0" hai="19,20,26,29,30,50,53,56,64,66,67,86,90,94" machi="20" ten="40,2600,0" yaku="8,1,52,1" doraHai="91" who="1" fromWho="2" sc="180,0,394,26,227,-26,199,0" /><INIT seed="3,0,0,5,5,78" ten="180,420,201,199" oya="3" hai0="20,55,37,85,52,51,105,39,67,43,46,62,28" hai1="126,89,128,49,104,92,12,30,135,131,110,34,25" hai2="130,35,68,119,79,38,97,107,69,81,42,96,127" hai3="100,47,72,14,10,121,88,109,27,19,84,4,57"/><W103/><G72/><T6/><D105/><U123/><E104/><V80/><F119/><W17/><G121/><T45/><D6/><U40/><E123/><V70/><F81/><N who="3" m="49167" /><G109/><T91/><D28/><U59/><E110/><V65/><F127/><W74/><G74/><T29/><D29/><U125/><E12/><V23/><F23/><N who="3" m="13823" /><G47/><N who="0" m="26111" /><D20/><U8/><E8/><V133/><F35/><W116/><G116/><T1/><D1/><U53/><E40/><V48/><F38/><N who="0" m="14346" /><D91/><U7/><E7/><V134/><F70/><W118/><G118/><T77/><D85/><N who="1" m="52271" /><E135/><V22/><F69/><W115/><G115/><T99/><D99/><U5/><E5/><V66/><F68/><W129/><G129/><AGARI ba="0,0" hai="25,30,34,49,53,59,125,126,128,129,131" m="52271" machi="129" ten="30,1000,0" yaku="19,1" doraHai="78" who="1" fromWho="3" sc="180,0,420,10,201,0,199,-10" owari="180,-32.0,430,53.0,201,0.1,189,-21.1" /></mjloggm>