<mjloggm ver="2.3"><GO type="225" lobby="0"/><UN n0="%28%EF%BF%A3%E2%96%BD%EF%BF%A3%29%CE%B4%E2%8C%92%E3%83%BB" n1="%EF%BC%AE%EF%BC%A1%EF%BC%AF%33%33%39" n2="%E3%82%B2%E3%82%B9%E8%8C%82%E5%8B%9D" n3="%E3%83%97%E3%83%AC%E3%83%B4%E3%82%A1%E3%83%86%E3%82%A3" dan="16,16,16,16" rate="2138.81,2053.62,2057.39,2160.27" sx="M,M,F,F"/><TAIKYOKU oya="0"/><INIT seed="0,0,0,1,3,56" ten="250,250,250,250" oya="0" hai0="65,124,125,11,23,21,25,47,113,106,7,122,82" hai1="15,84,107,57,67,92,118,66,51,62,12,27,43" hai2="3,116,134,98,80,126,33,52,112,44,32,6,41" hai3="46,8,9,61,53,37,17,22,90,109,28,59,58"/><T133/><D106/><U74/><E74/><V4/><F112/><W110/><G28/><T135/><D82/><U78/><E107/><V97/><F116/><W2/><G2/><N who="0" m="503" /><D47/><N who="1" m="26111" /><E118/><V0/><F126/><N who="0" m="48746" /><D65/><U5/><E5/><V87/><F134/><N who="0" m="51210" /><D113/><U105/><E105/><V130/><F3/><W16/><G46/><T77/><D77/><U26/><E67/><V34/><F0/><W132/><G132/><T129/><D122/><U91/><E78/><V79/><F97/><W100/><G100/><T20/><D129/><U114/><E114/><V96/><F130/><W86/><G37/><T30/><AGARI ba="0,0" hai="20,21,23,25,30" m="51210,48746,503" machi="30" ten="30,11700,0" yaku="18,1,20,1,34,2" doraHai="56" who="0" fromWho="0" sc="250,117,250,-39,250,-39,250,-39" /><INIT seed="0,1,0,0,5,50" ten="367,211,211,211" oya="0" hai0="10,93,99,125,108,102,81,120,30,68,71,105,95" hai1="86,97,22,42,112,32,46,57,6,69,76,16,92" hai2="129,56,98,70,77,52,109,73,87,65,45,85,0" hai3="132,61,88,2,26,117,135,96,58,130,89,90,111"/><T127/><D120/><U53/><E69/><N who="0" m="26697" /><D30/><U84/><E32/><V17/><F109/><W36/><G36/><T19/><D108/><U104/><E104/><V7/><F129/><W47/><G111/><T126/><D81/><U94/><E6/><V4/><F45/><W79/><G2/><T118/><D118/><U12/><E112/><V123/><F123/><W119/><G47/><T116/><D116/><N who="3" m="44617" /><G26/><T100/><D100/><U106/><E106/><V131/><F131/><W35/><G35/><T59/><D59/><U107/><E107/><V27/><F65/><W74/><G130/><T21/><D10/><U24/><E12/><AGARI ba="1,0" hai="12,19,21,93,95,99,102,105,125,126,127" m="26697" machi="12" ten="40,2000,0" yaku="18,1" doraHai="50" who="0" fromWho="1" sc="367,23,211,-23,211,0,211,0" /><INIT seed="0,2,0,1,0,14" ten="390,188,211,211" oya="0" hai0="18,123,12,31,126,22,70,85,69,0,8,57,79" hai1="131,4,49,118,15,56,63,66,9,135,76,3,26" hai2="119,67,40,97,72,132,121,106,87,133,54,59,120" hai3="71,51,37,36,128,65,117,30,111,19,125,88,33"/><T114/><D114/><U109/><E118/><V99/><F72/><W83/><G117/><T103/><D123/><U127/><E109/><V6/><F119/><W42/><G111/><T16/><D31/><U73/><E135/><N who="2" m="51787" /><F67/><W32/><G125/><T60/><D103/><U75/><E127/><V46/><F6/><W108/><G108/><T86/><D0/><U98/><E131/><V129/><F87/><W61/><G128/><T10/><D126/><U7/><E76/><V92/><F106/><W91/><G30/><T105/><D105/><U104/><E4/><V55/><F99/><W124/><G124/><T80/><D86/><U43/><E3/><V112/><F129/><W94/><G83/><T48/><D48/><U28/><E104/><V50/><F112/><W96/><G91/><T100/><D100/><U47/><REACH who="1" step="1"/><E98/><REACH who="1" ten="390,178,211,211" step="2"/><V53/><F59/><W107/><G107/><T45/><D10/><U74/><E74/><V17/><F120/><W81/><G81/><T34/><D34/><AGARI ba="2,1" hai="7,9,15,26,28,34,43,47,49,56,63,66,73,75" machi="34" ten="30,3900,0" yaku="1,1,7,1,53,1" doraHai="14" doraHaiUra="39" who="1" fromWho="0" sc="390,-45,178,55,211,0,211,0" /><INIT seed="1,0,0,3,5,102" ten="345,233,211,211" oya="1" hai0="38,50,129,32,67,5,116,89,125,75,127,63,3" hai1="112,80,46,126,34,36,37,79,28,124,71,17,91" hai2="76,88,7,19,117,2,131,101,30,23,48,66,42" hai3="31,108,18,87,20,118,53,70,109,130,9,74,104"/><U100/><E112/><V77/><F131/><W54/><G70/><T85/><D38/><U12/><E71/><V29/><F117/><W105/><G74/><T73/><D32/><U10/><E91/><V45/><F101/><W134/><G118/><T43/><D116/><U106/><E28/><N who="2" m="10859" /><F7/><W114/><G114/><T0/><D129/><U111/><E34/><V119/><F119/><W98/><G130/><T24/><D24/><U61/><E61/><V81/><F2/><N who="0" m="554" /><D50/><U57/><E57/><V35/><F66/><W47/><G98/><T1/><D43/><U90/><E90/><V13/><F35/><W99/><G99/><T44/><D44/><U83/><E46/><V68/><F68/><W55/><G47/><T128/><D5/><U62/><E62/><V65/><F65/><W4/><G31/><T72/><D1/><U39/><E111/><N who="3" m="42570" /><G87/><AGARI ba="0,0" hai="13,19,23,42,45,48,76,77,81,87,88" m="10859" machi="87" ten="30,2000,0" yaku="8,1,54,1" doraHai="102" who="2" fromWho="3" sc="345,0,233,0,211,20,211,-20" /><INIT seed="2,0,0,0,4,118" ten="345,233,231,191" oya="2" hai0="51,123,59,76,125,74,111,6,48,78,73,93,33" hai1="120,24,122,2,50,40,70,127,133,89,60,61,134" hai2="75,31,110,18,28,108,23,7,37,65,107,66,132" hai3="88,10,41,44,94,131,62,119,105,22,56,11,80"/><V42/><F107/><W0/><G119/><T106/><D33/><U86/><E2/><V103/><F103/><W21/><G105/><T63/><D106/><U38/><E38/><V91/><F75/><W3/><G131/><T55/><D125/><U52/><E40/><V69/><F7/><W126/><G80/><T96/><D111/><N who="2" m="42538" /><F91/><W82/><G82/><T97/><D6/><U135/><E24/><N who="2" m="14455" /><F132/><W104/><G104/><T39/><D39/><U12/><E12/><V35/><F35/><W99/><G126/><T1/><D1/><U25/><E25/><V19/><F19/><W68/><G0/><T15/><D15/><U84/><E127/><V26/><F26/><W113/><G113/><T32/><D32/><U30/><E30/><N who="2" m="11307" /><F69/><W16/><G68/><T92/><D74/><U95/><E86/><V27/><F27/><N who="3" m="14759" /><G22/><T98/><D73/><U115/><E115/><V83/><F83/><W20/><G20/><T72/><D72/><U112/><E112/><V128/><F128/><W117/><G117/><T58/><D93/><U8/><E70/><V114/><F114/><W13/><G3/><T49/><D92/><U79/><E79/><V102/><F102/><W53/><G13/><T9/><D78/><U43/><E8/><V17/><F17/><W130/><G130/><T14/><D76/><U46/><E43/><V129/><F129/><W54/><G54/><T64/><D9/><U67/><E67/><N who="2" m="25611" /><F42/><W116/><G116/><T85/><D97/><U47/><E47/><V101/><F101/><W81/><G81/><T5/><D5/><U87/><E87/><RYUUKYOKU ba="0,0" sc="345,-30,233,10,231,10,191,10" hai1="46,50,52,60,61,84,89,95,120,122,133,134,135" hai2="37" hai3="10,11,41,44,53,56,62,88,94,99" /><INIT seed="2,1,0,3,0,126" ten="315,243,241,201" oya="2" hai0="74,84,130,41,64,132,120,37,30,8,66,115,10" hai1="13,33,129,68,97,49,63,62,104,46,7,56,81" hai2="19,79,106,45,123,34,26,42,36,78,28,40,39" hai3="59,87,70,112,121,73,65,95,60,101,35,90,12"/><V102/><F123/><W17/><G121/><T43/><D74/><U113/><E113/><V94/><F106/><W103/><G112/><T0/><D0/><U9/><E33/><V125/><F125/><W27/><G73/><T67/><D120/><U99/><E68/><V23/><F94/><W127/><G127/><T25/><D115/><U88/><E104/><V119/><F102/><W76/><G76/><T58/><D132/><U61/><E56/><V47/><REACH who="2" step="1"/><F119/><REACH who="2" ten="315,243,231,201" step="2"/><W57/><G103/><T80/><D37/><U51/><E81/><V96/><F96/><W38/><G101/><T18/><D80/><U109/><E99/><V15/><AGARI ba="1,1" hai="15,19,23,26,28,34,36,39,40,42,45,47,78,79" machi="15" ten="20,7800,0" yaku="1,1,0,1,7,1,9,1,53,0" doraHai="126" doraHaiUra="98" who="2" fromWho="2" sc="315,-27,243,-27,231,91,201,-27" /><INIT seed="2,2,0,1,0,71" ten="288,216,322,174" oya="2" hai0="55,96,105,0,61,60,135,88,26,2,69,53,57" hai1="83,31,29,106,3,38,108,51,89,9,93,131,45" hai2="16,41,52,84,102,5,50,32,40,44,75,126,63" hai3="12,92,127,109,94,30,64,79,19,90,130,36,10"/><V86/><F126/><W23/><G127/><T117/><D135/><U67/><E106/><V82/><F32/><W76/><G109/><T120/><D120/><U111/><E67/><V33/><F33/><W47/><G130/><T103/><D117/><U91/><E83/><V58/><F5/><W132/><G132/><T24/><D88/><N who="1" m="33867" /><E93/><V11/><F102/><W42/><G64/><T7/><D69/><U110/><E131/><V49/><F75/><W37/><G94/><T22/><D7/><N who="1" m="1279" /><E38/><V1/><F1/><W100/><G100/><T72/><D72/><U28/><E29/><V115/><F115/><W54/><G54/><AGARI ba="2,0" hai="28,31,45,51,54,108,110,111" m="1279,33867" machi="54" ten="30,2000,0" yaku="14,1,54,1" doraHai="71" who="1" fromWho="3" sc="288,0,216,26,322,0,174,-26" /><INIT seed="3,0,0,5,0,18" ten="288,242,322,148" oya="3" hai0="19,75,12,40,79,9,88,2,15,22,16,99,71" hai1="30,110,61,128,54,21,120,97,126,14,66,27,107" hai2="0,92,10,41,123,108,20,111,129,51,122,35,59" hai3="5,95,46,80,87,1,72,133,50,103,132,7,45"/><W77/><G45/><T63/><D2/><U52/><E120/><N who="2" m="46123" /><F35/><W91/><G103/><T113/><D113/><U37/><E37/><V93/><F129/><W36/><G36/><T124/><D124/><U112/><E112/><V105/><F105/><W33/><G33/><T115/><D115/><U84/><E126/><V121/><F121/><W29/><G29/><T64/><D40/><U73/><E73/><V65/><F10/><W11/><REACH who="3" step="1"/><G5/><REACH who="3" ten="288,242,322,138" step="2"/><T43/><D43/><AGARI ba="0,1" hai="1,7,11,43,46,50,72,77,80,87,91,95,132,133" machi="43" ten="40,3900,0" yaku="1,1,2,1,53,0" doraHai="18" doraHaiUra="62" who="3" fromWho="0" sc="288,-39,242,0,322,0,138,49" /><INIT seed="3,1,0,2,5,40" ten="249,242,322,187" oya="3" hai0="15,52,94,42,1,2,99,55,21,66,11,107,23" hai1="44,16,130,134,98,88,26,118,53,92,103,116,17" hai2="105,56,76,65,38,132,7,95,29,5,96,87,131" hai3="9,4,104,24,80,60,63,113,75,78,122,3,135"/><W128/><G113/><T100/><D1/><U43/><E53/><N who="0" m="20553" /><D2/><U126/><E126/><V18/><F105/><W101/><G122/><T125/><D107/><U6/><E6/><V74/><F131/><W86/><G128/><T89/><D125/><U32/><E130/><V112/><F132/><W31/><G135/><T19/><D42/><U10/><E134/><V50/><F112/><W123/><G123/><T12/><D66/><U117/><E10/><V59/><F38/><W129/><G129/><T58/><D58/><U22/><E32/><V48/><F74/><W39/><G39/><T110/><D110/><U71/><E71/><V57/><F65/><W33/><REACH who="3" step="1"/><G86/><REACH who="3" ten="249,242,322,177" step="2"/><T97/><D97/><AGARI ba="1,1" hai="3,4,9,24,31,33,60,63,75,78,80,97,101,104" machi="97" ten="40,3900,0" yaku="1,1,2,1,53,0" doraHai="40" doraHaiUra="90" who="3" fromWho="0" sc="249,-42,242,0,322,0,177,52" /><INIT seed="3,2,0,0,1,64" ten="207,242,322,229" oya="3" hai0="23,74,29,45,78,107,62,79,17,70,120,122,85" hai1="25,43,19,48,9,52,57,7,92,116,113,126,104" hai2="30,76,2,99,59,47,39,16,125,38,86,111,94" hai3="10,135,114,71,58,101,56,41,24,28,127,22,35"/><W61/><G114/><T93/><D107/><U117/><E104/><V49/><F111/><W13/><G127/><T97/><D74/><U21/><E113/><V96/><F125/><W20/><G135/><T105/><D105/><U72/><E72/><V63/><F2/><W67/><G101/><T128/><D29/><U130/><E126/><V46/><F30/><W90/><G41/><T0/><D0/><U11/><E130/><V102/><F96/><W100/><G100/><T14/><D128/><U3/><E11/><V73/><F73/><W82/><G82/><T91/><D45/><U65/><E43/><V50/><F16/><W36/><G36/><T119/><D119/><U42/><E42/><V134/><F134/><W123/><G90/><T109/><D109/><U68/><REACH who="1" step="1"/><E92/><REACH who="1" ten="207,232,322,229" step="2"/><V55/><F94/><W124/><G124/><T32/><D32/><U110/><E110/><V44/><F39/><W81/><G123/><T133/><D133/><U80/><E80/><N who="2" m="47367" /><F38/><W31/><G81/><T103/><D122/><U37/><E37/><V112/><F112/><W88/><G35/><T5/><D120/><U121/><E121/><V12/><F55/><W40/><G40/><T98/><D5/><U95/><E95/><V18/><F99/><N who="0" m="37898" /><D103/><U75/><E75/><V108/><F108/><W115/><G115/><T106/><D106/><U132/><E132/><V8/><F102/><W26/><G88/><T27/><D27/><U1/><E1/><V4/><F4/><AGARI ba="2,1" hai="4,10,13,20,22,24,26,28,31,56,58,61,67,71" machi="4" ten="30,5800,0" yaku="7,1,9,1,52,1" doraHai="64" who="3" fromWho="2" sc="207,0,232,0,322,-64,229,74" owari="207,-29.3,232,-16.8,258,5.8,303,40.3" /></mjloggm>