<mjloggm ver="2.3"><GO type="225" lobby="0"/><UN n0="%77%72%77%72%77%72%77%72" n1="%E3%82%8C%E3%81%99%E3%81%93" n2="%E7%99%BD%E5%92%B2%E8%8A%B1%E3%81%A1%E3%82%83%E3%82%93" n3="%E3%81%B5%E3%81%98%E3%81%8B%E3%81%A4" dan="17,16,16,16" rate="2205.00,2086.45,2152.62,2135.76" sx="M,F,F,M"/><TAIKYOKU oya="0"/><INIT seed="0,0,0,2,0,8" ten="250,250,250,250" oya="0" hai0="129,56,104,135,90,27,133,73,10,28,44,114,35" hai1="97,91,122,106,87,123,41,5,53,38,34,7,4" hai2="22,80,77,82,124,99,93,102,9,94,71,127,15" hai3="16,100,101,20,54,78,2,75,46,45,86,43,55"/><T11/><D114/><U84/><E34/><V134/><F71/><W128/><G2/><T14/><D104/><U112/><E112/><V51/><F134/><N who="0" m="51210" /><D73/><U85/><E53/><N who="3" m="19978" /><G75/><T115/><D115/><U83/><E83/><V88/><F51/><N who="3" m="27071" /><G46/><T60/><D44/><U110/><E110/><V36/><F36/><W0/><G0/><T95/><D129/><U72/><E72/><V96/><F22/><W40/><G40/><T68/><D68/><U76/><E76/><V130/><F130/><W65/><G65/><N who="0" m="39047" /><D14/><U118/><E118/><V67/><F67/><W61/><G128/><T125/><D125/><N who="2" m="48202" /><F77/><W3/><G61/><T108/><D108/><U69/><E69/><V64/><F64/><W126/><G3/><T103/><D103/><U117/><E117/><V50/><F50/><W30/><G126/><T59/><D59/><U6/><N who="1" m="1024" /><DORA hai="81" /><U31/><E38/><V98/><F98/><AGARI ba="0,0" hai="10,11,27,28,35,90,95,98" m="39047,51210" machi="98" ten="30,1500,0" yaku="20,1" doraHai="8,81" who="0" fromWho="2" sc="250,15,250,0,250,-15,250,0" /><INIT seed="0,1,0,3,0,118" ten="265,250,235,250" oya="0" hai0="127,115,54,21,109,27,78,43,69,133,132,17,116" hai1="15,125,19,2,98,37,32,84,124,23,119,61,134" hai2="68,96,114,111,121,24,58,4,3,18,28,74,50" hai3="85,117,7,95,100,36,82,64,110,97,80,128,126"/><T10/><D115/><U55/><E119/><V65/><F121/><W30/><G117/><T73/><D116/><U131/><E37/><V91/><F114/><W87/><G36/><T25/><D69/><U77/><E32/><V51/><F74/><W1/><G1/><T92/><D43/><U101/><E2/><V123/><F123/><W90/><G64/><T22/><D109/><U39/><E39/><V35/><F18/><W47/><G30/><T9/><D54/><U94/><E134/><N who="0" m="51817" /><D92/><U11/><E131/><V20/><F68/><W0/><G110/><T49/><D49/><U122/><E122/><V108/><F51/><W79/><G128/><T81/><D127/><N who="1" m="48715" /><E55/><V71/><F50/><W93/><G126/><T44/><D44/><U135/><E61/><V8/><F71/><W102/><G47/><T129/><D129/><U13/><E135/><V53/><F65/><W72/><G0/><T99/><D99/><U60/><E60/><V6/><F96/><N who="3" m="59423" /><G7/><T113/><D113/><U41/><E41/><V70/><F6/><W67/><G67/><T42/><D42/><U62/><E62/><V31/><F4/><W38/><G38/><T112/><D112/><U14/><E11/><V105/><F111/><W104/><G104/><T26/><D21/><U120/><E120/><V12/><F20/><W106/><G106/><T59/><D59/><U130/><E130/><V76/><F105/><W66/><G66/><T89/><D89/><U45/><E45/><V83/><F108/><W75/><AGARI ba="1,0" hai="72,75,79,80,82,85,87,90,93,97,102" m="59423" machi="75" ten="30,8000,1" yaku="35,5" doraHai="118" who="3" fromWho="3" sc="265,-41,250,-21,235,-21,250,83" /><INIT seed="1,0,0,5,1,117" ten="224,229,214,333" oya="1" hai0="75,97,133,18,54,29,126,110,89,135,26,53,65" hai1="45,27,109,33,2,104,73,87,112,74,91,83,19" hai2="34,31,101,8,5,38,115,36,15,70,128,7,14" hai3="10,79,28,47,106,0,17,105,111,16,68,3,63"/><U21/><E112/><V129/><F70/><W4/><G79/><T108/><D75/><U66/><E2/><V32/><F101/><W20/><G47/><T84/><D65/><U94/><E104/><V44/><F44/><W113/><G113/><T67/><D67/><U88/><E109/><N who="0" m="42089" /><D97/><U85/><E66/><V58/><F115/><W76/><G76/><T72/><D18/><U82/><E33/><V23/><F23/><W48/><G111/><T93/><D72/><U22/><E45/><V100/><F100/><W50/><G0/><T90/><D90/><U69/><E69/><V71/><F71/><W107/><G68/><T123/><D126/><U55/><E55/><N who="0" m="21001" /><D123/><U96/><REACH who="1" step="1"/><E22/><AGARI ba="0,0" hai="22,26,29,84,89,93,133,135" m="21001,42089" machi="22" ten="30,1000,0" yaku="14,1" doraHai="117" who="0" fromWho="1" sc="224,10,229,-10,214,0,333,0" /><INIT seed="2,0,0,4,0,134" ten="234,219,214,333" oya="2" hai0="84,41,43,62,82,114,106,80,42,68,110,128,107" hai1="63,4,17,14,45,72,90,101,35,3,5,55,118" hai2="53,112,48,37,89,127,83,29,44,123,34,135,25" hai3="125,19,133,105,61,95,92,70,124,94,52,73,108"/><V120/><F112/><W93/><G108/><T54/><D114/><U47/><E118/><V27/><F135/><W111/><G133/><T10/><D110/><U98/><E72/><V126/><F37/><W104/><G111/><T131/><D10/><N who="1" m="6359" /><E35/><V87/><REACH who="2" step="1"/><F27/><REACH who="2" ten="234,219,204,333" step="2"/><W51/><G73/><T100/><D131/><U56/><E3/><V38/><F38/><W129/><G129/><T91/><D128/><U40/><E101/><V77/><F77/><W67/><N who="3" m="23552" /><DORA hai="12" /><W96/><G96/><T88/><D100/><U26/><E98/><V113/><F113/><W13/><G51/><T59/><D68/><U75/><E75/><V20/><F20/><W36/><G36/><T49/><D49/><N who="1" m="26791" /><E26/><V24/><F24/><W60/><G70/><T119/><D119/><U121/><E121/><AGARI ba="0,1" hai="25,29,34,44,48,53,83,87,89,120,121,123,126,127" machi="121" ten="40,7700,0" yaku="1,1,52,2,53,0" doraHai="134,12" doraHaiUra="39,64" who="2" fromWho="1" sc="234,0,219,-77,204,87,333,0" /><INIT seed="2,1,0,2,0,14" ten="234,142,291,333" oya="2" hai0="99,73,131,4,9,2,20,49,67,40,29,21,18" hai1="97,71,101,102,83,50,8,27,81,104,92,118,86" hai2="70,58,64,33,22,62,37,30,57,55,63,44,60" hai3="52,76,112,6,135,91,114,100,35,95,116,39,19"/><V72/><F72/><W96/><G116/><T106/><D73/><U130/><E71/><V65/><F33/><W110/><G110/><T59/><D131/><U42/><E130/><V84/><F84/><W132/><G35/><T0/><D0/><U45/><E118/><V109/><F22/><W25/><G39/><T17/><D40/><U113/><E113/><N who="3" m="43626" /><G6/><T1/><D1/><U107/><E101/><V23/><F23/><N who="3" m="13567" /><G76/><T11/><D11/><U88/><E27/><V134/><F30/><W105/><G52/><T15/><D29/><U66/><E66/><N who="2" m="41287" /><F134/><W108/><G108/><T16/><D2/><U126/><E126/><V119/><F119/><W43/><G43/><T89/><D106/><U122/><E122/><V98/><F109/><W129/><G129/><T61/><D49/><U46/><E8/><V77/><F77/><W7/><G7/><T56/><D56/><U90/><REACH who="1" step="1"/><E46/><REACH who="1" ten="234,132,291,333" step="2"/><V127/><F127/><W120/><G120/><T78/><D78/><U69/><E69/><V103/><F103/><W93/><G105/><T47/><D47/><U111/><E111/><V121/><F121/><W53/><G135/><T117/><D117/><U38/><E38/><V32/><F65/><W51/><G132/><T80/><D20/><U85/><AGARI ba="1,1" hai="42,45,50,81,83,85,86,88,90,92,97,102,104,107" machi="85" ten="30,7900,0" yaku="1,1,0,1,9,1,54,1,53,0" doraHai="14" doraHaiUra="68" who="1" fromWho="1" sc="234,-21,132,92,291,-40,333,-21" /><INIT seed="3,0,0,5,3,52" ten="213,224,251,312" oya="3" hai0="95,3,2,131,7,25,20,71,21,70,123,85,77" hai1="68,5,41,118,67,33,104,130,55,65,124,6,16" hai2="8,53,29,82,99,100,116,40,133,101,73,24,9" hai3="15,56,1,23,114,132,26,126,107,89,31,75,66"/><W72/><G114/><T42/><D123/><U4/><E33/><V135/><F116/><W11/><G107/><T14/><D131/><U10/><E104/><V34/><F40/><W125/><G1/><T0/><D42/><U92/><E130/><V61/><F73/><W12/><G12/><T63/><D63/><U88/><E68/><V121/><F82/><W91/><G132/><N who="2" m="50761" /><F121/><W18/><G91/><T76/><D95/><U94/><E124/><N who="3" m="47722" /><G89/><T64/><D64/><U84/><E118/><V115/><F115/><W108/><G108/><T57/><D57/><U90/><E41/><V117/><F117/><W22/><G22/><T110/><D110/><U13/><E55/><V19/><F53/><W134/><G134/><T54/><D54/><U128/><E128/><V97/><F61/><AGARI ba="0,0" hai="11,15,18,23,26,31,56,61,66,72,75" m="47722" machi="61" ten="30,2900,0" yaku="18,1,52,1" doraHai="52" who="3" fromWho="2" sc="213,0,224,0,251,-29,312,29" owari="213,-28.7,224,2.4,222,-17.8,341,44.1" /></mjloggm>