<mjloggm ver="2.3"><GO type="225" lobby="0"/><UN n0="%E3%82%B3%E3%83%90%E3%83%AC%E3%82%A4" n1="%E3%81%BF%E3%81%BF%E3%81%9A" n2="%33%74%72%65%65" n3="%E9%80%86%E9%80%A3%E5%B8%AF%E3%81%AE%E9%AC%BC" dan="16,18,16,17" rate="2105.11,2224.85,2147.99,2146.67" sx="M,M,F,M"/><TAIKYOKU oya="0"/><INIT seed="0,0,0,4,4,125" ten="250,250,250,250" oya="0" hai0="14,3,121,134,1,75,4,84,133,21,20,53,11" hai1="31,117,97,69,51,80,23,71,60,17,15,96,108" hai2="16,111,10,47,29,65,81,73,87,18,104,127,67" hai3="107,50,54,86,90,78,128,5,103,2,19,74,119"/><T110/><D75/><U116/><E80/><V24/><F111/><W12/><G119/><T132/><D121/><U55/><E31/><V100/><F127/><W36/><G36/><T61/><D84/><U91/><E108/><V49/><F73/><W68/><G68/><T112/><D110/><U129/><E71/><V135/><F135/><W77/><G74/><T92/><D92/><U9/><E9/><V95/><F104/><W66/><G66/><T98/><D98/><U105/><E97/><V26/><F95/><W93/><G2/><N who="0" m="523" /><D112/><U62/><E62/><V123/><F100/><W99/><G5/><T102/><D102/><U40/><E40/><V113/><F113/><W30/><G30/><T38/><D38/><U72/><E72/><V106/><F106/><W57/><G128/><T56/><AGARI ba="0,0" hai="4,11,14,20,21,53,56,61,132,133,134" m="523" machi="56" ten="40,2100,0" yaku="20,1" doraHai="125" who="0" fromWho="0" sc="250,21,250,-7,250,-7,250,-7" /><INIT seed="0,1,0,1,2,129" ten="271,243,243,243" oya="0" hai0="71,86,17,25,78,16,88,55,83,1,15,107,113" hai1="54,98,5,77,20,92,40,2,65,111,32,52,10" hai2="24,35,84,27,106,63,62,11,21,126,48,91,38" hai3="13,12,41,121,66,123,8,102,22,50,104,42,7"/><T130/><D1/><U96/><E32/><V69/><F38/><W116/><G116/><T124/><D71/><U93/><E111/><V9/><F106/><W132/><G66/><T99/><D130/><U44/><E65/><V26/><F126/><W28/><G104/><T64/><D124/><U101/><E77/><V114/><F114/><W51/><G102/><T81/><D64/><U6/><E20/><V68/><F68/><W135/><G28/><T34/><D113/><U103/><REACH who="1" step="1"/><E6/><REACH who="1" ten="271,233,243,243" step="2"/><V60/><F35/><W79/><G79/><T128/><D128/><U100/><E100/><V36/><F21/><W133/><G123/><T3/><D34/><U0/><E0/><V117/><F117/><W97/><G121/><T110/><D3/><U30/><E30/><V134/><F69/><W56/><G97/><T82/><D110/><U112/><E112/><V23/><F23/><W18/><G56/><T4/><D99/><U73/><E73/><V45/><F134/><W118/><G118/><T85/><D4/><U87/><E87/><V94/><REACH who="2" step="1"/><F36/><AGARI ba="1,1" hai="2,5,10,36,40,44,52,54,92,93,96,98,101,103" machi="36" ten="30,7700,0" yaku="1,1,7,1,9,1,54,1,53,0" doraHai="129" doraHaiUra="72" who="1" fromWho="2" sc="271,0,233,90,243,-80,243,0" /><INIT seed="1,0,0,2,0,6" ten="271,323,163,243" oya="1" hai0="94,36,61,120,14,92,125,111,86,93,32,25,73" hai1="66,102,82,5,21,106,2,69,52,40,104,96,88" hai2="54,74,8,95,38,90,0,4,43,1,134,15,83" hai3="130,37,70,19,12,81,78,63,41,20,98,57,46"/><U108/><E40/><V131/><F131/><W55/><G130/><T124/><D36/><U97/><E108/><V79/><F134/><W44/><G70/><T3/><D3/><U7/><E69/><V51/><F43/><W17/><G98/><T35/><D73/><U50/><E66/><V91/><F38/><W122/><G122/><T71/><D120/><U31/><E31/><V34/><F34/><W65/><G19/><T128/><D128/><U105/><E21/><V18/><F95/><W132/><G132/><T23/><D14/><U126/><E126/><N who="0" m="48745" /><D86/><U116/><E116/><V10/><REACH who="2" step="1"/><F0/><REACH who="2" ten="271,323,153,243" step="2"/><W68/><G41/><T119/><D119/><U101/><E105/><V85/><F85/><W129/><G37/><T28/><D111/><U33/><E33/><V13/><F13/><W127/><G129/><T64/><AGARI ba="0,1" hai="23,25,28,32,35,61,64,71,92,93,94" m="48745" machi="64" ten="40,1500,0" yaku="18,1" doraHai="6" who="0" fromWho="0" sc="271,25,323,-7,153,-4,243,-4" /><INIT seed="2,0,0,2,2,122" ten="296,316,149,239" oya="2" hai0="133,92,126,63,109,96,3,41,123,84,30,119,79" hai1="58,106,42,112,35,43,27,37,114,78,99,0,87" hai2="68,24,110,48,16,94,100,6,21,71,77,121,36" hai3="67,93,8,86,34,95,118,11,108,132,117,66,80"/><V51/><F121/><W102/><G34/><T10/><D3/><U134/><E0/><V29/><F36/><W4/><G132/><T20/><D123/><U124/><E134/><V22/><F110/><W89/><G108/><T1/><D133/><U49/><E37/><V128/><F128/><W101/><G80/><T17/><D119/><U104/><E58/><V98/><F6/><W120/><G120/><T82/><D41/><U130/><E130/><V40/><F77/><W135/><G135/><T57/><D109/><U103/><E124/><V62/><F62/><W83/><G83/><T125/><D10/><U12/><E12/><V55/><F40/><W13/><G11/><T97/><D30/><U72/><E106/><V90/><F100/><W44/><G44/><T46/><D46/><N who="1" m="25815" /><E43/><V61/><F71/><W31/><G31/><T14/><D1/><U18/><E72/><V115/><F115/><W69/><G69/><T28/><D28/><N who="1" m="19871" /><E18/><V116/><F116/><W5/><G5/><T45/><D45/><U91/><E78/><V81/><F81/><W53/><G118/><T88/><REACH who="0" step="1"/><D97/><REACH who="0" ten="286,316,149,239" step="2"/><U127/><E114/><V74/><F74/><W73/><G73/><T19/><D19/><U75/><E112/><V38/><F38/><W26/><G117/><T2/><D2/><U9/><E75/><V105/><F105/><W65/><G4/><T70/><D70/><U131/><E131/><V129/><F129/><W54/><G8/><T15/><D15/><U64/><E9/><V60/><F68/><W52/><G13/><T76/><D76/><U59/><E104/><RYUUKYOKU ba="0,1" sc="286,30,316,-10,149,-10,239,-10" hai0="14,17,20,57,63,79,82,84,88,92,96,125,126" /><INIT seed="3,1,1,4,1,27" ten="316,306,139,229" oya="3" hai0="132,60,101,77,75,18,108,112,72,104,4,106,21" hai1="13,68,23,85,42,114,12,28,71,41,55,20,65" hai2="73,40,37,89,119,31,43,129,66,102,125,82,47" hai3="96,110,103,36,126,11,30,94,44,109,83,15,45"/><W97/><G126/><T90/><D4/><U39/><E114/><V34/><F119/><W100/><G36/><T79/><D112/><U127/><E127/><V33/><F125/><W67/><G67/><T81/><D60/><U88/><E39/><V8/><F129/><W62/><G62/><T118/><D118/><U116/><E116/><V48/><F66/><W74/><G30/><T131/><D131/><U29/><E65/><V54/><F102/><W130/><G130/><T57/><D57/><U1/><E55/><V25/><F34/><W93/><G74/><N who="0" m="28203" /><D18/><U105/><E105/><N who="0" m="40553" /><D21/><N who="1" m="8267" /><E1/><V26/><F26/><W0/><G0/><T98/><D132/><U59/><E59/><V70/><F70/><W10/><G83/><T133/><D133/><U135/><E135/><V24/><F24/><W51/><G51/><T115/><D115/><U17/><E68/><V9/><F40/><N who="1" m="15465" /><E71/><V38/><F38/><W117/><G117/><T3/><D3/><U14/><E17/><V63/><F63/><W64/><G64/><T50/><D50/><U6/><E6/><V80/><F73/><W86/><G86/><N who="0" m="50511" /><D108/><N who="3" m="41577" /><G10/><T16/><D16/><AGARI ba="1,1" hai="11,15,16,44,45,93,94,96,97,100,103" m="41577" machi="16" ten="30,5800,0" yaku="14,1,10,1,54,1" doraHai="27" who="3" fromWho="0" sc="316,-61,306,0,139,0,229,71" /><INIT seed="3,2,0,2,0,84" ten="255,306,139,300" oya="3" hai0="80,109,102,127,3,112,92,41,63,44,82,52,42" hai1="110,78,81,93,105,73,46,13,23,28,35,72,94" hai2="21,98,4,68,100,27,34,33,132,58,37,79,134" hai3="107,111,55,17,89,104,19,5,1,39,36,49,56"/><W96/><G111/><T16/><D3/><U32/><E110/><V76/><F68/><W131/><G131/><T90/><D109/><U119/><E105/><V57/><F37/><W116/><G116/><T9/><D102/><U48/><E73/><V24/><F4/><W50/><G5/><T6/><D6/><U14/><E119/><V83/><F100/><W59/><G1/><T113/><D127/><U60/><E60/><V20/><F98/><W31/><G31/><T118/><D118/><U15/><E23/><V30/><F30/><W130/><G130/><T126/><D126/><U12/><E12/><V29/><F29/><W25/><G89/><T97/><D42/><U128/><E128/><V11/><REACH who="2" step="1"/><F83/><REACH who="2" ten="255,306,129,300" step="2"/><W47/><G96/><T88/><D113/><U45/><E28/><V61/><F61/><W0/><G0/><T122/><D112/><U121/><E121/><V38/><F38/><W51/><G51/><N who="0" m="27023" /><D122/><U133/><E35/><V53/><F53/><W22/><G17/><T43/><D43/><U120/><E32/><V103/><F103/><W75/><G39/><T114/><D114/><U108/><E120/><V70/><F70/><W62/><G36/><T54/><D54/><U10/><E108/><V7/><F7/><W26/><G62/><T69/><D69/><U99/><E10/><V123/><F123/><W87/><G50/><T2/><D2/><U64/><E48/><V135/><F135/><W91/><G49/><T66/><D82/><U125/><E133/><V85/><F85/><W101/><G55/><T65/><D80/><U95/><E81/><RYUUKYOKU ba="2,1" sc="255,-10,306,-10,129,30,300,-10" hai2="11,20,21,24,27,33,34,57,58,76,79,132,134" /><INIT seed="4,3,1,0,3,91" ten="245,296,159,290" oya="0" hai0="118,16,109,56,98,119,4,61,59,9,42,58,11" hai1="45,132,43,51,46,104,31,37,112,2,86,62,41" hai2="7,24,124,80,44,5,26,27,33,36,53,129,12" hai3="52,66,15,111,19,48,68,28,39,87,70,10,103"/><T17/><D109/><U116/><E2/><V115/><F33/><W6/><G39/><T114/><D42/><U21/><E116/><N who="0" m="44585" /><D61/><U67/><E104/><V113/><F129/><W85/><G111/><T76/><D76/><U23/><E132/><V99/><F124/><W102/><G28/><T130/><D4/><U8/><E112/><N who="2" m="43083" /><F12/><W89/><G87/><T30/><D30/><U3/><E31/><V126/><F126/><W73/><G73/><T133/><D98/><U101/><E101/><V71/><F71/><W29/><G29/><T92/><D92/><U122/><E122/><V131/><F131/><W60/><G70/><T83/><D83/><U121/><E121/><V49/><F36/><W78/><G78/><T97/><D97/><U22/><E86/><V55/><F80/><W135/><G135/><T82/><D82/><U96/><E96/><V88/><F55/><W77/><G77/><T14/><D114/><U34/><E34/><V100/><F100/><W69/><G69/><T127/><D130/><U72/><E72/><V13/><F13/><W120/><G120/><T57/><D14/><U1/><E8/><N who="0" m="3145" /><D127/><U20/><REACH who="1" step="1"/><E21/><REACH who="1" ten="245,286,159,290" step="2"/><V47/><F47/><N who="3" m="27679" /><G6/><T125/><N who="0" m="14336" /><DORA hai="105" /><T65/><D125/><U64/><E64/><V84/><F84/><W40/><G103/><T79/><D65/><U95/><E95/><AGARI ba="3,2" hai="5,7,24,26,27,44,49,53,88,95,99" m="43083" machi="95" ten="30,3900,0" yaku="15,1,52,1,54,1" doraHai="91,105" who="2" fromWho="1" sc="245,0,286,-48,159,68,290,0" /><INIT seed="5,0,0,5,5,53" ten="245,238,227,290" oya="1" hai0="24,98,124,64,108,75,116,130,21,63,86,107,133" hai1="87,29,101,30,8,58,15,18,100,89,27,62,121" hai2="65,1,23,59,55,39,35,96,67,42,70,97,31" hai3="93,117,26,72,38,119,44,46,45,73,0,25,74"/><U13/><E121/><V28/><F35/><W129/><G38/><T17/><D75/><U68/><E68/><V36/><F1/><W92/><G0/><T85/><D116/><N who="3" m="44617" /><G129/><T102/><D130/><U12/><E12/><V127/><F127/><W95/><AGARI ba="0,0" hai="25,26,44,45,46,72,73,74,92,93,95" m="44617" machi="95" ten="50,8000,1" yaku="29,2,28,2,12,1" doraHai="53" who="3" fromWho="3" sc="245,-20,238,-40,227,-20,290,80" owari="225,2.5,198,-30.2,207,-19.3,370,47.0" /></mjloggm>