<mjloggm ver="2.3"><GO type="225" lobby="0"/><UN n0="%E3%82%82%E3%81%90%E3%82%89" n1="%E5%A4%96%E5%B7%9D%E7%AB%9C%E6%88%90" n2="%E3%81%86%E3%83%BC%E3%81%B1%E3%83%BC" n3="%E6%A0%B9%E5%85%83%E3%81%8B%E3%82%89%E5%90%B9%E3%81%A3%E9%A3%9B%E3%81%B6" dan="17,16,16,17" rate="2230.54,2249.93,2160.84,2230.70" sx="M,M,F,F"/><TAIKYOKU oya="0"/><INIT seed="0,0,0,5,1,41" ten="250,250,250,250" oya="0" hai0="97,130,103,45,95,82,71,18,91,68,30,69,125" hai1="64,31,40,62,119,54,63,104,127,20,52,59,22" hai2="70,94,124,118,121,77,128,74,57,43,129,133,8" hai3="47,5,75,105,36,102,29,46,60,13,33,108,123"/><T53/><D130/><N who="2" m="50282" /><F121/><W83/><G108/><T99/><D125/><U50/><E119/><V67/><F124/><W120/><G36/><T122/><D122/><N who="3" m="46633" /><G60/><T38/><D30/><U86/><E127/><V132/><F70/><W92/><G105/><T35/><D35/><U39/><E104/><V27/><F94/><W131/><G131/><T65/><D18/><U90/><E39/><V19/><F43/><W98/><G75/><T76/><D65/><U96/><E96/><V12/><F118/><W24/><G83/><T89/><D97/><U116/><E116/><V85/><F74/><W32/><G32/><T110/><D110/><U73/><E73/><V37/><F37/><W9/><AGARI ba="0,0" hai="5,9,13,24,29,33,46,47,92,98,102" m="46633" machi="9" ten="30,4000,0" yaku="13,1,52,2" doraHai="41" who="3" fromWho="3" sc="250,-20,250,-10,250,-10,250,40" /><INIT seed="1,0,0,4,4,88" ten="230,240,240,290" oya="1" hai0="85,12,23,77,72,1,42,135,66,94,4,46,17" hai1="33,75,86,100,101,126,87,47,56,26,13,92,109" hai2="24,74,29,35,120,84,98,9,48,128,60,3,71" hai3="73,69,16,118,117,110,58,97,102,63,61,34,52"/><U20/><E75/><V36/><F120/><W27/><G73/><T59/><D135/><U14/><E33/><V40/><F84/><N who="1" m="32297" /><E126/><V76/><F98/><W131/><G110/><T81/><D66/><U57/><E47/><N who="2" m="23943" /><F128/><W68/><G131/><T82/><D59/><N who="1" m="22603" /><E109/><V133/><F48/><W41/><G41/><T45/><D82/><U38/><E38/><V93/><F93/><N who="3" m="58671" /><G63/><T51/><D46/><U25/><E92/><V116/><F116/><N who="3" m="44651" /><G16/><T114/><D114/><U53/><E53/><V44/><F44/><W19/><G19/><T43/><D43/><U80/><E80/><N who="2" m="45079" /><F133/><W107/><G107/><T79/><D72/><U31/><E26/><V124/><F124/><W10/><G10/><N who="0" m="4167" /><D81/><U15/><AGARI ba="0,0" hai="13,14,15,20,25,31,100,101" m="22603,32297" machi="15" ten="30,1500,0" yaku="8,1" doraHai="88" who="1" fromWho="1" sc="230,-5,240,15,240,-5,290,-5" /><INIT seed="1,1,0,0,5,65" ten="225,255,235,285" oya="1" hai0="0,100,49,45,108,56,37,121,122,113,123,87,60" hai1="114,130,103,59,93,25,129,77,58,54,68,7,96" hai2="117,2,61,53,9,16,5,11,112,83,40,39,134" hai3="42,6,132,101,20,51,35,14,88,19,4,32,12"/><U75/><E114/><V62/><F117/><W55/><G101/><T120/><D0/><U110/><E7/><N who="3" m="2602" /><G42/><T95/><D113/><U64/><E25/><V116/><F53/><W90/><G132/><T72/><D72/><U17/><E17/><V27/><F116/><W66/><G66/><T135/><D135/><U28/><E28/><V118/><F118/><W30/><G30/><T131/><D131/><N who="1" m="50187" /><E110/><V82/><F134/><W74/><G74/><T57/><D108/><U73/><E77/><V106/><F106/><W81/><G35/><T107/><D37/><U47/><E47/><N who="2" m="23967" /><F82/><W80/><G32/><T69/><D107/><U18/><E18/><V85/><F112/><W92/><G90/><N who="0" m="53727" /><D100/><U79/><E54/><V63/><F5/><W84/><G14/><T109/><D109/><U21/><E21/><N who="2" m="13735" /><F2/><W94/><G94/><T41/><D123/><U33/><E33/><V98/><F9/><W15/><G15/><T24/><D24/><U22/><E22/><V31/><F11/><W99/><G99/><T86/><D86/><U52/><E59/><AGARI ba="1,0" hai="12,19,20,51,55,59,80,81,84,88,92" m="2602" machi="59" ten="30,3900,0" yaku="25,1,8,1,54,1" doraHai="65" who="3" fromWho="1" sc="225,0,255,-42,235,0,285,42" /><INIT seed="2,0,0,0,1,33" ten="225,213,235,327" oya="2" hai0="34,29,44,54,123,11,72,53,130,14,114,22,63" hai1="81,3,75,30,38,83,16,12,18,97,116,74,132" hai2="62,98,19,109,89,127,115,52,40,79,119,4,88" hai3="85,122,107,45,55,13,71,37,27,128,67,96,46"/><V49/><F119/><W64/><G122/><T134/><D123/><U60/><E116/><V113/><F127/><W39/><G85/><T103/><D114/><U57/><E38/><V32/><F32/><W133/><G13/><T100/><D34/><U111/><E111/><V69/><F4/><W129/><G27/><N who="0" m="16631" /><D72/><U41/><E41/><V0/><F0/><W94/><G107/><T42/><D130/><N who="3" m="50281" /><G133/><T125/><D134/><U68/><E68/><V118/><F118/><W117/><G71/><T82/><D82/><U17/><E132/><V24/><F79/><W65/><G55/><T104/><D54/><U31/><E12/><V35/><F35/><W9/><G9/><T23/><D11/><U126/><E126/><V101/><F69/><W47/><G117/><T78/><D78/><U66/><E3/><V93/><F109/><W10/><G10/><T86/><D86/><U120/><E120/><V106/><F106/><W95/><G95/><T90/><D104/><U131/><E131/><V28/><F115/><W48/><G48/><N who="0" m="26647" /><D23/><U51/><E51/><V21/><F113/><W56/><G56/><N who="0" m="35215" /><D14/><U59/><E59/><N who="2" m="35175" /><F28/><W121/><G121/><T50/><D50/><U36/><E36/><V5/><F5/><W87/><G87/><T26/><D26/><U25/><E97/><V2/><F2/><W92/><G96/><T15/><D15/><U73/><REACH who="1" step="1"/><E30/><REACH who="1" ten="225,203,235,327" step="2"/><V7/><F7/><W110/><G110/><T80/><D125/><U58/><E58/><V105/><F105/><W1/><G1/><T135/><D135/><U20/><AGARI ba="0,1" hai="16,17,18,20,25,31,57,60,66,73,74,75,81,83" machi="20" ten="40,5200,0" yaku="1,1,0,1,54,1,53,0" doraHai="33" doraHaiUra="91" who="1" fromWho="1" sc="225,-13,203,62,235,-26,327,-13" /><INIT seed="3,0,0,4,3,23" ten="212,265,209,314" oya="3" hai0="120,101,76,2,135,45,88,129,74,71,89,8,131" hai1="116,51,94,95,42,29,93,87,58,123,7,44,119" hai2="16,79,81,124,82,97,54,5,134,65,100,130,109" hai3="80,39,52,85,10,38,113,48,47,56,96,11,55"/><W108/><G113/><T105/><D120/><U59/><E123/><V0/><F109/><W66/><G108/><T34/><D71/><U92/><E7/><V30/><F30/><W90/><G66/><T91/><D34/><U49/><E29/><V72/><F65/><W98/><G39/><T20/><D45/><U3/><E3/><V104/><F130/><N who="0" m="49674" /><D20/><U107/><E107/><V22/><F134/><W41/><G11/><T27/><D27/><U35/><E35/><V46/><F82/><W121/><G121/><T127/><D8/><U4/><E4/><V53/><F124/><W9/><G9/><T112/><D2/><U78/><E51/><V13/><F5/><W6/><G55/><T114/><D135/><U106/><E106/><V67/><F0/><AGARI ba="0,0" hai="0,6,10,38,41,47,48,52,56,80,85,90,96,98" machi="0" ten="30,2900,0" yaku="7,1,54,1" doraHai="23" who="3" fromWho="2" sc="212,0,265,0,209,-29,314,29" owari="212,-18.8,265,6.5,180,-32.0,343,44.3" /></mjloggm>