<mjloggm ver="2.3"><GO type="225" lobby="0"/><UN n0="%E5%B0%8F%E9%B3%A5%E9%81%8A%E7%B7%B4%E7%84%A1%32%31%E6%AD%B3" n1="%E3%83%A9%E3%83%96%E3%83%AC%E3%83%BC" n2="%73%6C%69%63%6B%33%31%39" n3="%E6%9D%B1%E9%A2%A8%E3%81%AE%E3%81%8D%E3%82%83%E3%81%B7%E3%81%95%E3%82%93" dan="16,17,16,16" rate="2149.55,2147.16,2111.83,2215.77" sx="F,M,M,M"/><TAIKYOKU oya="0"/><INIT seed="0,0,0,2,1,57" ten="250,250,250,250" oya="0" hai0="125,73,47,33,36,24,60,44,92,20,75,129,52" hai1="19,27,64,22,98,48,9,131,3,134,119,61,35" hai2="13,132,69,34,25,8,26,78,29,122,76,51,118" hai3="1,99,108,130,128,0,45,37,113,115,2,53,46"/><T7/><D33/><U91/><E119/><V71/><F122/><W67/><G99/><T123/><D123/><U41/><E134/><V114/><F114/><N who="3" m="43531" /><G67/><T127/><D7/><U84/><E131/><N who="3" m="50218" /><G37/><T5/><D5/><U62/><E64/><V95/><F118/><W90/><G90/><T49/><D129/><U80/><E35/><V101/><F132/><W116/><G116/><T66/><D92/><N who="1" m="56607" /><E9/><V14/><F51/><N who="3" m="28911" /><G46/><T82/><D44/><N who="1" m="25615" /><E3/><N who="3" m="770" /><W126/><DORA hai="103" /><G108/><T18/><D36/><U70/><E70/><V28/><F8/><W109/><G109/><T59/><REACH who="0" step="1"/><D82/><REACH who="0" ten="240,250,250,250" step="2"/><U42/><E42/><V11/><F95/><W105/><G126/><AGARI ba="0,1" hai="18,20,24,47,49,52,59,60,66,73,75,125,126,127" machi="126" ten="40,12000,1" yaku="1,1,2,1,18,1,52,1,54,1,53,0" doraHai="57,103" doraHaiUra="72,6" who="0" fromWho="3" sc="240,130,250,0,250,0,250,-120" /><INIT seed="0,1,0,4,3,41" ten="370,250,250,130" oya="0" hai0="9,128,107,103,122,82,56,36,86,129,48,35,91" hai1="33,124,16,74,7,85,96,68,40,93,102,106,78" hai2="22,125,118,80,89,1,98,119,45,130,29,127,64" hai3="34,111,135,18,63,31,39,87,15,11,19,112,113"/><T54/><D36/><U79/><E33/><V110/><F1/><W28/><G39/><T69/><D69/><U75/><E7/><V109/><F64/><W23/><G87/><T26/><D122/><U116/><E40/><V30/><F130/><N who="0" m="50282" /><D9/><U104/><E16/><V133/><F133/><W25/><G63/><T2/><D2/><U57/><E57/><V47/><F80/><W99/><G99/><N who="0" m="61951" /><D26/><U132/><E116/><N who="2" m="44587" /><F89/><W84/><G84/><T58/><D35/><U67/><E67/><V42/><F98/><W94/><G94/><T90/><D90/><N who="1" m="53455" /><E68/><V120/><F120/><W51/><G51/><T114/><D114/><U71/><E71/><V3/><F3/><W50/><G50/><T115/><D115/><N who="3" m="44105" /><G135/><T60/><D60/><U66/><E66/><V70/><F70/><W6/><G111/><N who="2" m="42505" /><F22/><N who="3" m="13527" /><G34/><T108/><D108/><U61/><E61/><V72/><F72/><N who="1" m="27689" /><E132/><V32/><F32/><W95/><G95/><T13/><D13/><AGARI ba="1,0" hai="6,11,13,15,19,23,28,31" m="13527,44105" machi="13" ten="30,2000,0" yaku="34,2" doraHai="41" who="3" fromWho="0" sc="370,-23,250,0,250,0,130,23" /><INIT seed="1,0,0,1,1,133" ten="347,250,250,153" oya="1" hai0="44,0,32,31,14,129,47,30,89,99,17,119,128" hai1="11,62,73,55,95,56,81,104,107,50,90,27,2" hai2="111,71,70,116,110,43,79,134,28,108,118,36,85" hai3="4,41,61,86,92,54,9,83,113,57,58,91,125"/><U6/><E73/><V69/><F28/><W53/><G113/><T87/><D0/><U120/><E120/><V75/><F85/><W42/><G125/><T65/><D65/><U112/><E112/><V51/><F134/><W34/><G83/><T127/><D99/><U63/><E81/><V67/><F79/><W109/><G34/><T15/><D119/><N who="2" m="45610" /><F75/><W26/><G26/><T117/><D117/><U100/><E100/><V21/><F21/><W76/><G76/><T19/><D87/><U38/><E38/><V126/><F126/><W78/><G78/><T122/><D89/><U101/><E101/><V1/><F1/><W84/><G84/><T93/><D93/><U48/><E107/><V115/><F115/><W103/><G103/><T13/><D14/><U77/><E77/><V52/><F67/><W80/><G80/><T3/><D3/><U8/><E8/><V5/><F5/><W7/><G109/><T123/><D32/><U102/><E102/><V124/><F124/><AGARI ba="0,0" hai="13,15,17,19,30,31,44,47,122,123,124,127,128,129" machi="124" ten="25,6400,0" yaku="22,2,52,2" doraHai="133" who="0" fromWho="2" sc="347,64,250,0,250,-64,153,0" /><INIT seed="2,0,0,1,4,74" ten="411,250,186,153" oya="2" hai0="134,17,5,89,58,78,61,31,76,75,87,113,51" hai1="100,30,14,90,110,20,64,114,115,122,56,48,21" hai2="23,37,24,62,35,2,0,40,77,85,32,3,38" hai3="57,135,10,107,65,71,28,99,80,34,36,59,106"/><V133/><F133/><W103/><G36/><T67/><D75/><U95/><E110/><V55/><F55/><W50/><G135/><T22/><D113/><U72/><E72/><V121/><F121/><W54/><G107/><T1/><D31/><U60/><E122/><V105/><F105/><W15/><G80/><T127/><D127/><U18/><E48/><V25/><F62/><W42/><G42/><T94/><D134/><U98/><E90/><V92/><F25/><AGARI ba="0,0" hai="14,18,20,21,25,30,56,60,64,95,98,100,114,115" machi="25" ten="40,2600,0" yaku="25,2" doraHai="74" who="1" fromWho="2" sc="411,0,250,26,186,-26,153,0" /><INIT seed="3,0,0,5,1,101" ten="411,276,160,153" oya="3" hai0="106,68,69,99,94,118,72,91,75,104,63,127,39" hai1="131,54,58,119,129,27,66,60,62,47,92,78,85" hai2="87,70,53,1,14,93,26,28,59,114,95,64,35" hai3="67,115,49,103,57,55,82,110,73,21,74,41,0"/><W48/><G115/><T84/><D118/><U7/><E119/><V16/><F114/><W128/><G0/><T77/><D39/><U13/><E27/><V40/><F40/><W89/><G103/><N who="0" m="62591" /><D106/><U36/><E92/><V10/><F87/><W79/><G67/><T8/><D72/><U81/><E13/><V33/><F33/><W20/><G73/><T126/><D8/><U111/><E7/><N who="2" m="1391" /><F64/><W56/><G128/><N who="1" m="49226" /><E111/><V61/><F70/><N who="0" m="27242" /><D63/><N who="1" m="36311" /><E66/><V83/><F83/><AGARI ba="0,0" hai="75,77,83,84,91,94,126,127" m="27242,62591" machi="83" ten="30,2000,0" yaku="24,1,52,1" doraHai="101" who="0" fromWho="2" sc="411,20,276,0,160,-20,153,0" owari="431,53.1,276,7.6,140,-36.0,153,-24.7" /></mjloggm>