<mjloggm ver="2.3"><GO type="225" lobby="0"/><UN n0="%E5%84%AA%40%41%42%43" n1="%E3%81%B5%E3%81%98%E3%81%8B%E3%81%A4" n2="%E3%81%99%E3%81%84%E3%81%BE%E3%81%9B%E3%83%BC%E3%82%93" n3="%E7%B4%94%E6%BD%94%E3%83%94%E3%83%A9%E3%83%8B%E3%82%A2" dan="17,17,18,17" rate="2155.31,2219.34,2197.59,2233.18" sx="M,M,M,M"/><TAIKYOKU oya="0"/><INIT seed="0,0,0,1,2,19" ten="250,250,250,250" oya="0" hai0="29,56,99,96,123,20,120,73,78,92,8,101,77" hai1="132,82,102,128,62,130,100,105,69,125,131,23,35" hai2="126,36,59,98,41,104,64,51,4,43,72,89,37" hai3="13,2,48,119,11,121,113,18,91,107,33,53,118"/><T117/><D117/><U55/><E55/><V45/><F72/><W109/><G113/><T54/><D73/><U21/><E21/><V74/><F74/><W12/><G107/><T67/><D67/><U31/><E31/><V127/><F4/><W39/><G39/><T34/><D34/><U17/><E17/><V75/><F75/><W87/><G2/><T115/><D115/><U46/><E46/><V108/><F108/><W1/><G1/><T57/><D8/><U135/><E135/><V80/><F104/><W81/><G109/><T5/><D5/><U65/><E65/><V66/><F98/><W70/><G70/><T71/><D71/><U93/><E93/><V133/><F133/><W15/><G33/><T25/><D56/><U114/><E114/><V38/><F43/><W97/><G121/><T95/><D120/><U79/><E79/><V116/><F116/><N who="3" m="44587" /><G97/><T30/><D30/><U68/><E68/><V49/><F66/><W110/><G110/><T90/><D123/><U52/><E52/><N who="2" m="32143" /><F64/><W83/><G83/><T28/><REACH who="0" step="1"/><D29/><REACH who="0" ten="240,250,250,250" step="2"/><U63/><E63/><AGARI ba="0,1" hai="20,25,28,54,57,63,77,78,90,92,95,96,99,101" machi="63" ten="30,18000,2" yaku="1,1,2,1,7,1,8,1,52,1,53,1" doraHai="19" doraHaiUra="24" who="0" fromWho="1" sc="240,190,250,-180,250,0,250,0" /><INIT seed="0,1,0,5,3,96" ten="430,70,250,250" oya="0" hai0="126,133,135,128,62,15,110,20,43,77,131,19,7" hai1="106,68,76,84,132,54,119,113,13,108,99,116,95" hai2="64,97,51,55,34,47,22,70,107,30,52,109,123" hai3="11,130,16,1,117,63,86,89,41,100,67,72,82"/><T36/><D77/><U3/><E68/><V2/><F2/><W83/><G117/><T79/><D79/><U112/><E3/><V66/><F123/><W28/><G130/><N who="0" m="49707" /><D36/><U17/><E106/><V9/><F34/><W57/><G28/><T31/><D43/><U101/><E132/><N who="0" m="50761" /><D62/><U65/><E108/><V125/><F109/><W25/><G72/><T18/><D110/><U103/><E65/><V48/><F66/><W24/><G83/><T129/><D129/><U59/><E54/><V74/><F64/><W33/><G33/><T40/><D40/><U92/><E59/><V39/><F39/><W4/><G41/><T10/><D126/><U23/><E76/><V0/><F125/><W121/><G121/><T58/><D58/><U26/><E26/><AGARI ba="1,0" hai="7,10,15,18,19,20,26,31" m="50761,49707" machi="26" ten="30,11600,0" yaku="19,1,20,1,34,2" doraHai="96" who="0" fromWho="1" sc="430,119,70,-119,250,0,250,0" owari="549,64.9,-49,-54.9,250,5.0,250,-15.0" /></mjloggm>