<mjloggm ver="2.3"><GO type="225" lobby="0"/><UN n0="%E3%81%82%E3%81%99%E3%81%AB%E3%82%83%E3%82%80" n1="%4B%2E%32%2E%4B%2E" n2="%72%65%6E%6B%75%6E" n3="%E3%82%BC%E3%83%AB%E3%83%80%E3%81%AE%E4%BC%9D%E8%AA%AC" dan="16,16,17,17" rate="2166.53,2147.48,2260.17,2177.14" sx="F,M,M,M"/><TAIKYOKU oya="0"/><INIT seed="0,0,0,0,4,90" ten="250,250,250,250" oya="0" hai0="88,127,37,20,31,81,105,29,23,41,9,129,3" hai1="51,115,12,89,109,106,15,116,75,44,82,38,40" hai2="125,57,93,128,61,14,110,120,54,42,126,100,33" hai3="130,7,8,2,107,96,80,26,19,17,50,66,18"/><T97/><D129/><U95/><E116/><V70/><F120/><W72/><G130/><T58/><D127/><N who="2" m="48650" /><F33/><W67/><G26/><T39/><D105/><U46/><E106/><V55/><F128/><W84/><G72/><T63/><D39/><U111/><E115/><V1/><F1/><W99/><G50/><T65/><D41/><U132/><E132/><V76/><F110/><N who="1" m="41993" /><E82/><V25/><F42/><W59/><G59/><T77/><D37/><U28/><E28/><V43/><F43/><W6/><G6/><T108/><D108/><U64/><E64/><V79/><F70/><W62/><G107/><T124/><D124/><U30/><E30/><V60/><F25/><W24/><G24/><T94/><D29/><U91/><E91/><V134/><F14/><W83/><G83/><T112/><D112/><U92/><E75/><V133/><F79/><W123/><G123/><T103/><D77/><U27/><E27/><V102/><F76/><W78/><G67/><T114/><D114/><U69/><E69/><V10/><F102/><W104/><G104/><T73/><D73/><U118/><E118/><V52/><F57/><W131/><G131/><T16/><D31/><U36/><E89/><V32/><F32/><W4/><G4/><T56/><D56/><U48/><E38/><V98/><F10/><W22/><G22/><T11/><D3/><U34/><E34/><V21/><F21/><N who="0" m="8266" /><D16/><U119/><E119/><V86/><F86/><AGARI ba="0,0" hai="9,11,58,63,65,81,86,88,94,97,103" m="8266" machi="86" ten="30,5800,0" yaku="8,1,52,1,54,1" doraHai="90" who="0" fromWho="2" sc="250,58,250,0,250,-58,250,0" /><INIT seed="0,1,0,5,3,128" ten="308,250,192,250" oya="0" hai0="34,9,71,108,44,49,94,110,91,96,75,21,123" hai1="135,59,19,111,113,10,18,57,51,87,22,38,131" hai2="12,53,62,47,122,105,5,61,3,27,0,4,48" hai3="88,31,45,107,119,6,81,104,118,13,97,17,63"/><T35/><D71/><U85/><E38/><V90/><F105/><W30/><G6/><T124/><D123/><U117/><E117/><V93/><F122/><W60/><G45/><T130/><D75/><U56/><E131/><V69/><F0/><W23/><G104/><T114/><D114/><U41/><E113/><V78/><F78/><W127/><G127/><T106/><D130/><U134/><E111/><N who="0" m="42537" /><D124/><U39/><E39/><V29/><F3/><W101/><G119/><T68/><D68/><U8/><E41/><V15/><F5/><W132/><G118/><T76/><D76/><U46/><E46/><V103/><F103/><W83/><G83/><T14/><D21/><U11/><E51/><V32/><F4/><W2/><G2/><T99/><D99/><U67/><E67/><V133/><F133/><N who="1" m="50697" /><E18/><V121/><F121/><W55/><G132/><T43/><D106/><U24/><AGARI ba="1,0" hai="8,10,11,19,22,24,56,57,59,85,87" m="50697" machi="24" ten="40,8000,1" yaku="20,1,52,3" doraHai="128" who="1" fromWho="1" sc="308,-41,250,83,192,-21,250,-21" /><INIT seed="1,0,0,0,0,20" ten="267,333,171,229" oya="1" hai0="52,105,11,13,118,26,37,54,102,34,74,67,47" hai1="116,6,3,130,92,112,66,76,111,10,65,78,68" hai2="31,73,122,17,120,40,43,91,55,75,8,82,56" hai3="28,7,15,5,104,12,45,133,58,25,106,63,51"/><U49/><E112/><V23/><F31/><W0/><G0/><T107/><D74/><U95/><E116/><V129/><F129/><W115/><G115/><T61/><D118/><U19/><E130/><V124/><F124/><W77/><G133/><T42/><D102/><U64/><E68/><V70/><F70/><W71/><G71/><T14/><D14/><U113/><E113/><V4/><F75/><W94/><G77/><T27/><D105/><U89/><E19/><V123/><F91/><W103/><G12/><T53/><D34/><U29/><E29/><V83/><F43/><W128/><G128/><T48/><D37/><U88/><E111/><V117/><F40/><W119/><G119/><T46/><D46/><U84/><REACH who="1" step="1"/><E49/><REACH who="1" ten="267,323,171,229" step="2"/><V85/><F117/><W132/><G51/><T24/><D107/><U97/><AGARI ba="0,1" hai="3,6,10,64,65,66,76,78,84,88,89,92,95,97" machi="97" ten="30,11700,0" yaku="1,1,2,1,0,1,54,1,53,0" doraHai="20" doraHaiUra="114" who="1" fromWho="1" sc="267,-39,323,127,171,-39,229,-39" /><INIT seed="1,1,0,0,1,123" ten="228,450,132,190" oya="1" hai0="36,83,60,35,26,38,101,111,8,116,22,56,67" hai1="110,99,6,88,127,4,43,93,68,5,40,105,94" hai2="66,20,102,58,103,32,131,23,19,112,73,95,92" hai3="86,74,16,128,29,1,24,14,33,120,115,85,119"/><U133/><E110/><V132/><F32/><W44/><G120/><T42/><D116/><U49/><E105/><V84/><F73/><W126/><G115/><T64/><D35/><U18/><E68/><V2/><F2/><W87/><G119/><T9/><D101/><U113/><E113/><V71/><F71/><W104/><G74/><T96/><D96/><U122/><E127/><V17/><F112/><W70/><G126/><T30/><D67/><U46/><E133/><V45/><F45/><W89/><G128/><T72/><D111/><U121/><E40/><V50/><F50/><W82/><G104/><T25/><D25/><U78/><E78/><V75/><F75/><W91/><G70/><T31/><D31/><U62/><E62/><V52/><F66/><W3/><G44/><T77/><REACH who="0" step="1"/><D42/><REACH who="0" ten="218,450,132,190" step="2"/><U0/><E43/><V107/><F107/><W54/><G54/><T10/><AGARI ba="1,1" hai="8,9,10,22,26,30,36,38,56,60,64,72,77,83" machi="10" ten="30,7900,0" yaku="1,1,2,1,0,1,53,1" doraHai="123" doraHaiUra="76" who="0" fromWho="0" sc="218,92,450,-40,132,-21,190,-21" /><INIT seed="2,0,0,0,5,74" ten="310,410,111,169" oya="2" hai0="85,70,45,114,35,65,28,82,126,134,90,19,1" hai1="53,127,120,33,135,55,22,14,113,47,91,59,40" hai2="31,57,63,131,43,130,73,16,104,54,9,60,62" hai3="3,116,68,24,4,48,117,81,0,99,132,119,75"/><V42/><F104/><W97/><G68/><T87/><D114/><U67/><E33/><V34/><F73/><W58/><G132/><T23/><D1/><U115/><E91/><V76/><F34/><W2/><G4/><T13/><D134/><U56/><E135/><V66/><F31/><W10/><G10/><T44/><D126/><U39/><E127/><V8/><F76/><W86/><G75/><T105/><D105/><U50/><E120/><V118/><F118/><W11/><G11/><T125/><D125/><U98/><E98/><V61/><F66/><W103/><G24/><T26/><D65/><U36/><E14/><N who="2" m="7239" /><F9/><W80/><G80/><T84/><D70/><U101/><E101/><V110/><F110/><W6/><G6/><T102/><D102/><U5/><E22/><V122/><F122/><W17/><G17/><T38/><D38/><N who="1" m="21911" /><E5/><V25/><F25/><W71/><G71/><T112/><D112/><N who="1" m="43083" /><E67/><V128/><AGARI ba="0,0" hai="42,43,54,57,60,61,62,63,128,130,131" m="7239" machi="128" ten="40,3900,0" yaku="19,1,54,1" doraHai="74" who="2" fromWho="2" sc="310,-13,410,-13,111,39,169,-13" /><INIT seed="2,1,0,2,0,36" ten="297,397,150,156" oya="2" hai0="64,28,108,50,99,98,62,30,129,132,86,125,65" hai1="74,69,18,112,29,127,90,6,59,39,54,115,71" hai2="9,25,31,57,122,17,119,55,72,52,38,23,105" hai3="96,4,51,87,78,56,11,15,100,7,41,80,73"/><V58/><F119/><W106/><G73/><T1/><D108/><U117/><E74/><V22/><F122/><W107/><G56/><N who="2" m="21609" /><F72/><W133/><G133/><T84/><D132/><U93/><E117/><V68/><F105/><W134/><G134/><T124/><D1/><U103/><E103/><V47/><F38/><W26/><G26/><T5/><D50/><U37/><E29/><V61/><F68/><W89/><G4/><T63/><REACH who="0" step="1"/><D5/><REACH who="0" ten="287,397,150,156" step="2"/><U81/><E6/><V3/><F3/><W114/><G114/><T0/><D0/><U48/><E48/><N who="2" m="28703" /><F61/><W2/><G2/><T121/><D121/><U10/><E39/><V126/><F126/><W19/><G7/><T8/><D8/><U92/><E10/><V131/><F131/><AGARI ba="1,1" hai="28,30,62,63,64,65,84,86,98,99,124,125,129,131" machi="131" ten="25,3200,0" yaku="1,1,22,2,53,0" doraHai="36" doraHaiUra="102" who="0" fromWho="2" sc="287,45,397,0,150,-35,156,0" /><INIT seed="3,0,0,0,3,58" ten="332,397,115,156" oya="3" hai0="76,51,36,48,115,121,77,46,24,81,32,114,57" hai1="54,122,84,5,85,89,123,21,29,41,126,47,128" hai2="44,39,56,125,134,88,72,34,79,95,61,111,6" hai3="7,65,131,75,118,93,119,10,97,13,60,15,62"/><W73/><G131/><T19/><D121/><U87/><E128/><V70/><F34/><W11/><G93/><T63/><D36/><U92/><E126/><V4/><F70/><W91/><G97/><T68/><D68/><U83/><E5/><V14/><F111/><W113/><G91/><T94/><D94/><U40/><E54/><V117/><F117/><W27/><G27/><T3/><D3/><U135/><E135/><V0/><F0/><W67/><G7/><T25/><D32/><U66/><E66/><V132/><F125/><W127/><G127/><T106/><D106/><U30/><E85/><V107/><F107/><W8/><G8/><T9/><D9/><U59/><E59/><V1/><F1/><W37/><G37/><T102/><D102/><U82/><E92/><V2/><F2/><W53/><G53/><T120/><D120/><U108/><E108/><V105/><F105/><W110/><G110/><T23/><D25/><U104/><E104/><V18/><F72/><W124/><G124/><T22/><D22/><U116/><E116/><V130/><F39/><W129/><G129/><T64/><D77/><N who="1" m="46159" /><E21/><V17/><F130/><W112/><AGARI ba="0,0" hai="10,11,13,15,60,62,65,67,73,75,112,113,118,119" machi="112" ten="25,12000,1" yaku="0,1,22,2,52,2" doraHai="58" who="3" fromWho="3" sc="332,-40,397,-40,115,-40,156,120" /><INIT seed="3,1,0,5,3,13" ten="292,357,75,276" oya="3" hai0="131,128,44,20,74,52,15,121,63,85,111,94,76" hai1="32,10,114,41,71,108,130,103,112,105,17,46,5" hai2="65,73,99,48,69,129,8,31,30,61,79,104,21" hai3="42,40,66,113,92,27,88,125,77,100,116,9,102"/><W2/><G113/><T78/><BYE who="2" /><D121/><U97/><E17/><V45/><F45/><W67/><G116/><T91/><D111/><U59/><E108/><V133/><F133/><W22/><G125/><T81/><D78/><U58/><E58/><V29/><F29/><W106/><G77/><T60/><D60/><U57/><E57/><V0/><F0/><W84/><G2/><T36/><D36/><N who="1" m="21799" /><E59/><V89/><F89/><W37/><G9/><T93/><D63/><U24/><E130/><V62/><F62/><W83/><G106/><T34/><D34/><U3/><E71/><V82/><F82/><W43/><G37/><T28/><D94/><U110/><E110/><V55/><F55/><W107/><G107/><T101/><D101/><N who="3" m="39017" /><G92/><T109/><D109/><U51/><E51/><V47/><F47/><W75/><G75/><T124/><D124/><U7/><E5/><V14/><F14/><W19/><AGARI ba="1,0" hai="19,22,27,40,42,43,66,67,83,84,88" m="39017" machi="19" ten="30,6000,0" yaku="8,1,52,1,54,1" doraHai="13" who="3" fromWho="3" sc="292,-21,357,-21,75,-21,276,63" owari="271,-12.9,336,13.6,54,-44.6,339,43.9" /></mjloggm>