<mjloggm ver="2.3"><GO type="225" lobby="0"/><UN n0="%E6%A1%9C%E8%8A%B1%E9%96%83%E3%80%85" n1="%65%6B%61%72%75%74%65" n2="%72%69%6F%75%63%68%61%6E" n3="%E3%81%AF%E3%82%88%E3%81%8A%E3%81%98%E3%81%95%E3%82%93" dan="16,16,17,17" rate="2149.21,2084.88,2241.98,2176.72" sx="M,M,M,M"/><TAIKYOKU oya="0"/><INIT seed="0,0,0,0,5,36" ten="250,250,250,250" oya="0" hai0="71,51,103,130,68,94,85,109,112,55,76,29,134" hai1="13,40,116,89,49,127,66,78,114,35,75,107,25" hai2="70,62,10,119,50,118,126,21,64,132,74,44,26" hai3="42,125,12,59,82,6,95,32,129,2,90,20,81"/><T0/><D112/><U104/><E116/><N who="2" m="44587" /><F74/><W8/><G125/><T28/><D0/><U111/><E127/><V122/><F126/><W18/><G129/><T84/><D130/><U110/><E114/><V108/><F122/><W1/><G1/><T63/><D134/><U65/><E13/><V34/><F34/><W77/><G32/><T99/><D109/><U97/><E78/><V41/><F132/><W47/><G59/><T15/><D71/><U87/><E75/><V93/><F108/><W72/><G82/><N who="0" m="47175" /><D68/><U106/><E97/><V52/><F93/><W96/><G47/><N who="0" m="28159" /><D63/><U98/><E107/><V17/><F10/><W45/><G45/><T7/><D85/><U88/><E106/><V33/><F33/><W101/><REACH who="3" step="1"/><G42/><AGARI ba="0,0" hai="17,21,26,41,42,44,50,52,62,64,70" m="44587" machi="42" ten="30,7700,0" yaku="12,1,52,2,54,1" doraHai="36" who="2" fromWho="3" sc="250,0,250,0,250,77,250,-77" /><INIT seed="1,0,0,2,3,71" ten="250,250,327,173" oya="1" hai0="25,37,93,124,107,19,116,29,21,3,98,130,77" hai1="46,16,23,94,38,36,63,17,87,92,86,113,123" hai2="81,106,67,54,15,126,13,83,131,97,118,60,51" hai3="85,49,114,31,6,26,34,103,68,41,122,4,55"/><U35/><E113/><V59/><F118/><W88/><G114/><T102/><D116/><U99/><E123/><V7/><F126/><W110/><G122/><T101/><D124/><U90/><E35/><V32/><F32/><W47/><G110/><T52/><D130/><U79/><E46/><V44/><F131/><W125/><G125/><T53/><D3/><U24/><E17/><V121/><F121/><W28/><G68/><T14/><D37/><U78/><E63/><V33/><F33/><W75/><G75/><T115/><D115/><U64/><E64/><V56/><F106/><W80/><G28/><T135/><D135/><U109/><E109/><V127/><F127/><W70/><G70/><T133/><D133/><U18/><E18/><V66/><F97/><W108/><G108/><T105/><D77/><U50/><E50/><V72/><F72/><W111/><G111/><T11/><D93/><U1/><E1/><V128/><F128/><W120/><G120/><T61/><D61/><U45/><E45/><V42/><F67/><W22/><G34/><T69/><D69/><U2/><E2/><V8/><REACH who="2" step="1"/><F15/><REACH who="2" ten="250,250,317,173" step="2"/><W132/><G132/><T129/><D129/><U12/><E12/><V58/><F58/><W119/><G119/><T96/><AGARI ba="0,1" hai="11,14,19,21,25,29,52,53,96,98,101,102,105,107" machi="96" ten="30,4000,0" yaku="0,1,9,1,54,1" doraHai="71" who="0" fromWho="0" sc="250,50,250,-20,317,-10,173,-10" /><INIT seed="2,0,0,3,4,84" ten="300,230,307,163" oya="2" hai0="42,132,131,93,46,54,70,59,26,23,63,25,112" hai1="0,44,79,69,91,55,94,7,66,77,18,78,4" hai2="133,12,90,49,98,64,27,21,75,56,82,43,89" hai3="92,6,40,1,39,81,47,109,106,19,52,31,8"/><V57/><F133/><W20/><G109/><T135/><D112/><U116/><E116/><V119/><F119/><W38/><G106/><T16/><D131/><U120/><E120/><V87/><F75/><W32/><G81/><T121/><D121/><U113/><E113/><V111/><F111/><W14/><G92/><T3/><D3/><U15/><E69/><V17/><F64/><W10/><G10/><T62/><D26/><U76/><N who="1" m="19456" /><DORA hai="130" /><U5/><E66/><V95/><REACH who="2" step="1"/><F27/><REACH who="2" ten="300,230,297,163" step="2"/><W88/><G32/><T41/><D132/><U100/><E0/><V104/><F104/><W83/><G31/><T126/><D135/><U37/><E100/><V115/><F115/><W29/><G29/><T67/><D126/><U34/><E34/><V118/><F118/><W127/><G127/><T35/><D35/><U96/><E37/><V86/><F86/><W48/><REACH who="3" step="1"/><G40/><REACH who="3" ten="300,230,297,153" step="2"/><T71/><D42/><U28/><E28/><V134/><F134/><W36/><G36/><T128/><D128/><U114/><E114/><V61/><F61/><W74/><G74/><T97/><D63/><U30/><E30/><V53/><F53/><W105/><G105/><T125/><D125/><U99/><E55/><V102/><F102/><W72/><G72/><T117/><D117/><U103/><E103/><V80/><F80/><W124/><G124/><T33/><D33/><U60/><E60/><V108/><F108/><W107/><G107/><T9/><D54/><U122/><E122/><V68/><F68/><W110/><G110/><T11/><D71/><U65/><E65/><V58/><F58/><RYUUKYOKU ba="0,2" sc="300,-15,230,-15,297,15,153,15" hai2="12,17,21,43,49,56,57,82,87,89,90,95,98" hai3="1,6,8,14,19,20,38,39,47,48,52,83,88" /><INIT seed="2,1,2,0,2,4" ten="285,215,312,168" oya="2" hai0="39,17,22,24,84,124,67,60,114,36,42,53,126" hai1="52,132,49,95,21,55,87,92,129,26,61,102,54" hai2="88,46,35,133,74,45,119,20,11,98,71,12,108" hai3="106,3,56,109,9,38,29,48,101,121,130,73,76"/><V18/><F119/><W122/><G38/><T94/><D114/><U30/><E129/><V43/><F35/><W59/><G130/><T99/><D84/><U6/><E132/><V110/><F133/><W86/><G73/><T66/><D53/><U81/><E6/><V135/><F135/><W51/><G109/><N who="2" m="42089" /><F71/><W105/><G29/><T128/><D128/><U62/><E49/><V32/><F32/><W69/><G69/><N who="0" m="42183" /><D67/><U68/><E68/><V65/><F65/><W7/><G51/><T14/><D24/><U118/><E118/><V28/><F74/><W34/><G34/><T0/><D0/><U50/><E50/><N who="2" m="26943" /><F46/><W41/><G41/><T37/><D42/><U57/><E102/><V113/><F113/><W104/><G101/><N who="0" m="60663" /><D37/><U100/><E100/><V80/><F80/><W2/><G3/><T127/><AGARI ba="1,2" hai="14,17,22,36,39,124,126,127" m="60663,42183" machi="127" ten="30,1100,0" yaku="18,1" doraHai="4" who="0" fromWho="0" sc="285,34,215,-4,312,-6,168,-4" /><INIT seed="3,0,0,2,3,3" ten="319,211,306,164" oya="3" hai0="99,111,126,104,105,74,77,64,58,55,84,20,103" hai1="102,56,67,134,49,128,6,66,82,43,52,22,0" hai2="129,25,125,72,86,42,32,17,95,87,70,36,46" hai3="39,68,78,53,85,45,98,16,75,18,15,37,116"/><W106/><G116/><T83/><D111/><U4/><E128/><V57/><F70/><W115/><G115/><T44/><D126/><U119/><E134/><V60/><F72/><W73/><G68/><T12/><D105/><U118/><E0/><V54/><F125/><W8/><G18/><T7/><D64/><N who="1" m="24619" /><E102/><V26/><F129/><W29/><G29/><T124/><D44/><N who="1" m="25759" /><E82/><V100/><F32/><W23/><G8/><T27/><D20/><U50/><E22/><V131/><F131/><W14/><G14/><T80/><D12/><U101/><E101/><V2/><F2/><W33/><G33/><T94/><D83/><U92/><E92/><V71/><F71/><W40/><G37/><T120/><D94/><U34/><E34/><V114/><F114/><W24/><G15/><T35/><D74/><U28/><E28/><V41/><F41/><W123/><G123/><T117/><D120/><U76/><E76/><V61/><F61/><W10/><G10/><T11/><D124/><U122/><E122/><V63/><F60/><W1/><G1/><T93/><D104/><U121/><E121/><V31/><F31/><W69/><G69/><T81/><D81/><U108/><E108/><V48/><F36/><W21/><G21/><T38/><D38/><U59/><E59/><V9/><F26/><W96/><G53/><T110/><D110/><U109/><E109/><V88/><F100/><N who="3" m="62727" /><G98/><T79/><D117/><AGARI ba="0,0" hai="4,6,50,52,56,117,118,119" m="25759,24619" machi="117" ten="30,7700,0" yaku="12,1,52,2,54,1" doraHai="3" who="1" fromWho="0" sc="319,-77,211,77,306,0,164,0" owari="242,-15.8,288,8.8,306,40.6,164,-33.6" /></mjloggm>