<mjloggm ver="2.3"><GO type="225" lobby="0"/><UN n0="%E8%BE%9B%E5%8F%A3%E3%82%AB%E3%83%AC%E3%83%BC%E3%83%A9%E3%82%A4%E3%82%B9" n1="%E3%81%86%E3%81%A9%E3%82%93%E3%81%93" n2="%72%65%6E%6B%75%6E" n3="%E3%81%B5%E3%81%98%E3%81%8B%E3%81%A4" dan="17,16,17,16" rate="2256.98,2174.89,2222.04,2150.49" sx="M,M,M,M"/><TAIKYOKU oya="0"/><INIT seed="0,0,0,4,0,131" ten="250,250,250,250" oya="0" hai0="26,114,1,112,2,135,78,21,9,57,55,29,18" hai1="90,15,126,44,72,132,48,38,76,113,61,39,73" hai2="24,41,88,14,116,13,77,75,74,100,129,12,70" hai3="52,6,20,103,104,81,53,27,99,23,63,35,118"/><T0/><D78/><U80/><E126/><V97/><F70/><W8/><G118/><T59/><D59/><U33/><E73/><V68/><F68/><W89/><G35/><T51/><REACH who="0" step="1"/><D135/><REACH who="0" ten="240,250,250,250" step="2"/><U111/><E132/><V60/><F77/><W58/><G53/><T11/><D11/><U28/><E76/><V101/><F129/><W94/><G81/><T50/><D50/><U79/><E48/><V19/><F116/><W105/><G105/><T30/><D30/><U65/><E28/><V7/><F75/><W67/><G67/><T107/><D107/><U47/><E79/><V87/><F74/><W95/><G104/><T109/><D109/><U98/><E111/><V22/><F60/><W43/><G43/><T16/><D16/><U102/><E72/><V106/><F41/><W5/><G8/><T4/><D4/><N who="3" m="1641" /><G27/><T127/><D127/><U133/><E133/><V66/><F7/><W91/><G103/><T54/><D54/><U122/><E102/><V10/><F101/><W93/><G93/><T130/><D130/><U82/><E39/><V45/><F66/><W3/><G3/><T110/><D110/><U71/><E38/><V86/><F10/><W96/><AGARI ba="0,1" hai="20,23,52,58,63,89,91,94,95,96,99" m="1641" machi="96" ten="30,2000,0" yaku="8,1,54,1" doraHai="131" who="3" fromWho="3" sc="240,-10,250,-5,250,-5,250,30" /><INIT seed="1,0,0,5,3,59" ten="230,245,245,280" oya="1" hai0="45,22,110,31,41,93,102,3,123,43,101,75,126" hai1="33,19,135,90,26,29,58,54,86,44,39,67,74" hai2="131,103,79,85,0,20,129,4,78,64,42,76,88" hai3="63,27,47,89,91,9,121,55,69,18,128,95,118"/><U106/><E74/><V60/><F103/><W122/><G128/><N who="2" m="49225" /><F42/><W73/><G73/><T109/><D3/><U5/><E106/><V134/><F134/><W28/><G118/><T50/><D75/><U98/><E98/><V32/><F32/><W23/><G91/><T92/><D126/><U16/><E135/><V11/><F20/><W113/><G113/><T108/><D123/><U94/><E5/><V97/><F97/><W87/><G47/><N who="0" m="25967" /><D22/><U116/><E116/><V10/><F10/><W68/><G68/><T25/><D25/><U35/><E35/><V119/><F119/><W80/><G80/><T96/><D31/><U2/><E2/><V13/><F0/><W127/><G127/><T6/><D6/><U14/><E67/><V130/><N who="2" m="49233" /><V57/><DORA hai="111" /><F78/><W132/><G132/><T51/><D102/><U120/><E120/><V70/><F70/><W71/><G71/><T112/><D93/><AGARI ba="0,0" hai="4,11,13,57,60,64,76,79,85,88,93" m="49233" machi="93" ten="40,5200,0" yaku="19,1,52,1,54,1" doraHai="59,111" who="2" fromWho="0" sc="230,-52,245,0,245,52,280,0" /><INIT seed="2,0,0,2,1,13" ten="178,245,297,280" oya="2" hai0="88,38,15,43,87,48,6,62,126,119,11,124,7" hai1="104,73,79,44,28,95,74,5,94,26,109,122,33" hai2="46,98,0,3,72,34,8,53,92,63,105,134,118" hai3="32,58,85,80,66,89,31,123,111,9,54,102,76"/><V27/><F72/><W117/><G123/><T2/><D38/><U4/><E104/><V50/><F118/><W91/><G117/><T40/><D119/><U78/><E122/><V49/><F134/><W1/><G111/><T60/><D2/><U93/><E109/><V36/><F105/><W68/><G102/><T107/><D107/><U52/><E74/><V59/><F36/><W114/><G114/><T51/><D6/><U112/><E112/><V42/><F8/><W23/><G32/><T83/><D124/><U39/><E39/><V99/><F99/><W108/><G108/><T75/><D75/><U61/><E78/><V77/><F77/><W82/><G82/><T41/><REACH who="0" step="1"/><D126/><REACH who="0" ten="168,245,297,280" step="2"/><U45/><E4/><V18/><F0/><W103/><G1/><T130/><D130/><U96/><E5/><V120/><F3/><W19/><G68/><T29/><D29/><U113/><E113/><V10/><F120/><W106/><G31/><T64/><D64/><U131/><E131/><V121/><F121/><W25/><G66/><T57/><D57/><U12/><E28/><V132/><F132/><W30/><G30/><T133/><D133/><U115/><E73/><V116/><F116/><W86/><G106/><T100/><D100/><U67/><E67/><V101/><F34/><W20/><G103/><T22/><D22/><U84/><E33/><V97/><F10/><W71/><G9/><T129/><D129/><U21/><E21/><V81/><F101/><W90/><G23/><T125/><D125/><U37/><E37/><V127/><F127/><W65/><G65/><RYUUKYOKU ba="0,1" sc="168,30,245,-10,297,-10,280,-10" hai0="7,11,15,40,41,43,48,51,60,62,83,87,88" /><INIT seed="3,1,1,5,3,68" ten="198,235,287,270" oya="3" hai0="20,53,72,67,71,128,52,30,124,15,98,123,107" hai1="109,87,11,97,57,40,21,7,70,118,92,34,12" hai2="48,58,59,104,86,134,100,119,122,127,51,60,16" hai3="50,129,24,77,19,113,0,46,84,89,69,13,121"/><W6/><G121/><T114/><D123/><U54/><E34/><V56/><F122/><W73/><G113/><T37/><D72/><U135/><E109/><V47/><F119/><W130/><G69/><T90/><D114/><U35/><E35/><V96/><F127/><W75/><G24/><T14/><D124/><U17/><E135/><V62/><F134/><W111/><G77/><T116/><D116/><U99/><E70/><V49/><F47/><W63/><G6/><T23/><D37/><U61/><E40/><V132/><F132/><W3/><G63/><T102/><D128/><N who="3" m="49257" /><G111/><T105/><D90/><N who="1" m="53343" /><E118/><V101/><F101/><W10/><G73/><T106/><D71/><U94/><E94/><V42/><F42/><N who="3" m="24919" /><G75/><T1/><D1/><U18/><E7/><V22/><REACH who="2" step="1"/><F86/><REACH who="2" ten="198,235,277,270" step="2"/><W91/><G91/><T32/><D67/><U85/><E85/><V82/><F82/><AGARI ba="1,2" hai="0,3,10,13,19,82,84,89" m="24919,49257" machi="82" ten="30,1500,0" yaku="19,1" doraHai="68" who="3" fromWho="2" sc="198,0,235,0,277,-18,270,38" owari="198,-30.2,235,-16.5,259,5.9,308,40.8" /></mjloggm>