<mjloggm ver="2.3"><GO type="225" lobby="0"/><UN n0="%E6%B4%BE%E9%81%A3%E3%81%AE%E3%82%B8%E3%83%A3%E3%83%83%E3%82%AF" n1="%E7%99%BD%E6%97%A5%E9%9B%AA%E8%8F%9C" n2="%E2%98%86%41%64%72%69%61%6E" n3="%E3%81%BF%E3%81%BF%E3%81%9A" dan="17,16,17,16" rate="2171.92,2148.70,2183.23,2138.81" sx="M,M,M,M"/><TAIKYOKU oya="0"/><INIT seed="0,0,0,3,5,27" ten="250,250,250,250" oya="0" hai0="90,119,17,80,62,40,57,36,118,6,44,101,81" hai1="129,58,113,33,49,52,111,107,50,45,73,130,18" hai2="88,60,23,29,12,84,37,7,75,117,30,116,110" hai3="128,122,3,125,56,108,64,96,11,61,28,63,105"/><T4/><D101/><U43/><E73/><V93/><F37/><W120/><G108/><T26/><D118/><N who="2" m="45674" /><F75/><W9/><G125/><T131/><D131/><N who="1" m="50187" /><E107/><V35/><F35/><W41/><G128/><T55/><D119/><U14/><E111/><V114/><F110/><W85/><G41/><T69/><D69/><U2/><E2/><V65/><F114/><W1/><G85/><T115/><D115/><U103/><E103/><V91/><F91/><W94/><G105/><T95/><D4/><U99/><E99/><V22/><F7/><W86/><G86/><T0/><D6/><U66/><E33/><V31/><F12/><W71/><G1/><T74/><D74/><U76/><E76/><V126/><F126/><W38/><G38/><T39/><D39/><U83/><E83/><V89/><F89/><N who="3" m="55375" /><G3/><T109/><D109/><U132/><E113/><V82/><F82/><W127/><G127/><T112/><D112/><U46/><E66/><V102/><F102/><W54/><G122/><T47/><D0/><U97/><E97/><V78/><F78/><W87/><G87/><N who="0" m="52703" /><D81/><U5/><E5/><V19/><F19/><W42/><G120/><T72/><D72/><U10/><E132/><V124/><F124/><W16/><G16/><T59/><D80/><U48/><E46/><V104/><F104/><W25/><G42/><T51/><D17/><U100/><E100/><V68/><AGARI ba="0,0" hai="22,23,29,30,31,60,65,68,84,88,93" m="45674" machi="68" ten="30,8000,1" yaku="12,1,52,3,54,1" doraHai="27" who="2" fromWho="2" sc="250,-40,250,-20,250,80,250,-20" /><INIT seed="1,0,0,4,1,118" ten="210,230,330,230" oya="1" hai0="106,92,58,53,114,72,112,23,4,131,119,45,21" hai1="15,52,94,113,17,90,55,16,123,1,125,67,130" hai2="76,134,65,97,51,59,31,88,50,87,35,127,20" hai3="47,104,9,85,18,93,68,74,26,61,39,98,63"/><U115/><E1/><V77/><F35/><W30/><G74/><T46/><D106/><U43/><E130/><V56/><F127/><W86/><G104/><T133/><D72/><U73/><E73/><V105/><F134/><W36/><G9/><T80/><D119/><U108/><E125/><V13/><F97/><W116/><G18/><T6/><D133/><U107/><E107/><V14/><F105/><W41/><G39/><T75/><D131/><U8/><E123/><V25/><F65/><W121/><G116/><T81/><D75/><U95/><E67/><V5/><F51/><W37/><G37/><T129/><D129/><U126/><E126/><V122/><F122/><W29/><G29/><T40/><D92/><U71/><E71/><V135/><F135/><W34/><G121/><T27/><D27/><U102/><E43/><V82/><F56/><W32/><G32/><T101/><D58/><U2/><E2/><V64/><F50/><W96/><G96/><T12/><D40/><U57/><E108/><V19/><F5/><W84/><REACH who="3" step="1"/><G68/><REACH who="3" ten="210,230,330,220" step="2"/><T100/><D12/><N who="2" m="4714" /><F31/><W83/><G83/><T78/><D78/><U38/><E38/><V42/><F77/><W132/><G132/><T99/><D99/><N who="1" m="59767" /><E17/><V128/><F76/><W110/><G110/><T103/><D103/><AGARI ba="0,1" hai="26,30,34,36,41,47,61,63,84,85,86,93,98,103" machi="103" ten="40,1300,0" yaku="1,1,53,0" doraHai="118" doraHaiUra="48" who="3" fromWho="0" sc="210,-13,230,0,330,0,220,23" /><INIT seed="2,0,0,2,4,103" ten="197,230,330,243" oya="2" hai0="1,46,51,4,90,37,83,58,44,116,118,85,80" hai1="71,77,42,10,79,106,56,117,91,124,48,129,74" hai2="89,122,25,43,97,18,45,30,130,73,87,121,50" hai3="126,112,5,28,66,99,29,107,16,132,55,111,2"/><V82/><F130/><W70/><G111/><T17/><D1/><U96/><E117/><N who="0" m="45161" /><D4/><U59/><E71/><V81/><F18/><W3/><G55/><N who="0" m="32127" /><D37/><U67/><E129/><V40/><F40/><W33/><G126/><T65/><D65/><U114/><E114/><V35/><REACH who="2" step="1"/><F97/><REACH who="2" ten="197,230,320,243" step="2"/><W53/><G99/><T57/><D17/><U20/><E96/><V61/><F61/><W108/><G16/><T32/><D32/><U63/><E42/><V60/><F60/><W21/><G33/><T62/><D80/><U93/><E63/><V109/><F109/><W72/><G108/><T7/><D7/><U64/><E124/><V75/><F75/><W34/><G72/><T54/><AGARI ba="0,1" hai="44,46,54,57,62,83,85,90" m="32127,45161" machi="54" ten="30,1100,0" yaku="12,1" doraHai="103" who="0" fromWho="0" sc="197,21,230,-3,320,-5,243,-3" /><INIT seed="3,0,0,3,5,135" ten="218,227,315,240" oya="3" hai0="99,16,2,34,55,116,11,93,79,19,66,22,87" hai1="108,41,51,35,115,118,126,4,3,67,111,50,26" hai2="7,94,25,39,104,100,17,120,70,0,33,122,15" hai3="62,114,54,85,84,102,131,42,14,78,60,81,48"/><W110/><G114/><T44/><D116/><U128/><E115/><V73/><F39/><W76/><G131/><T69/><D34/><U40/><E128/><V38/><F38/><W113/><G113/><T127/><D127/><U125/><E118/><V124/><F73/><W130/><G130/><T129/><D129/><U10/><E67/><V92/><F70/><W36/><G36/><T65/><D69/><U20/><E35/><V82/><F82/><W75/><G110/><N who="1" m="42026" /><E51/><V117/><F104/><W71/><G42/><N who="1" m="16490" /><E50/><V13/><F33/><W63/><G71/><T64/><D2/><U80/><E80/><V72/><F0/><W91/><G102/><N who="0" m="60783" /><D11/><U56/><E56/><V109/><F100/><W9/><G84/><T43/><D43/><U134/><E134/><V18/><F72/><W31/><G75/><T105/><D105/><U90/><E90/><V86/><F109/><W121/><G121/><T112/><D112/><U24/><E24/><V95/><F25/><W53/><G53/><T37/><D37/><U23/><E23/><V52/><F117/><W30/><G78/><T32/><D32/><U107/><E107/><V132/><F132/><W119/><G76/><T5/><D5/><U49/><E49/><V106/><F106/><W28/><BYE who="2" /><G119/><T123/><D123/><U68/><E68/><V45/><F45/><N who="3" m="27919" /><G63/><T89/><D79/><U21/><E21/><UN n2="%E2%98%86%41%64%72%69%61%6E" /><V12/><F7/><AGARI ba="0,0" hai="7,9,14,28,30,31,60,62,81,85,91" m="27919" machi="7" ten="30,1500,0" yaku="8,1" doraHai="135" who="3" fromWho="2" sc="218,0,227,0,315,-15,240,15" /><INIT seed="3,1,0,2,2,29" ten="218,227,300,255" oya="3" hai0="113,13,2,54,33,130,78,35,52,27,131,65,87" hai1="120,133,100,112,53,20,110,122,18,23,93,47,80" hai2="62,69,12,66,49,25,125,111,75,123,128,124,3" hai3="51,15,82,88,58,55,127,11,74,4,32,14,92"/><W59/><G127/><N who="2" m="48713" /><F3/><W109/><G32/><N who="0" m="12363" /><D2/><U9/><E112/><V134/><F111/><W73/><G109/><T16/><D27/><U45/><E110/><V83/><F134/><W50/><G82/><N who="0" m="47575" /><D65/><U101/><E133/><V36/><F128/><N who="0" m="49194" /><D113/><U90/><E122/><V102/><F25/><W28/><G28/><T129/><N who="0" m="49202" /><T24/><DORA hai="1" /><D24/><U114/><E120/><V42/><F12/><W56/><G15/><T26/><D26/><U91/><E114/><V76/><F123/><W106/><G73/><T116/><D116/><U43/><E9/><AGARI ba="1,0" hai="9,13,16,52,54" m="49202,47575,12363" machi="9" ten="40,12000,2" yaku="19,1,52,3,54,2" doraHai="29,1" who="0" fromWho="1" sc="218,123,227,-123,300,0,255,0" owari="341,44.1,104,-39.6,300,10.0,255,-14.5" /></mjloggm>