<mjloggm ver="2.3"><GO type="225" lobby="0"/><UN n0="%E3%81%86%E3%81%A9%E3%82%93%E3%81%93" n1="%E3%81%B5%E3%81%98%E3%81%8B%E3%81%A4" n2="%E6%9D%B1%E9%A2%A8%E3%81%AE%E3%81%8D%E3%82%83%E3%81%B7%E3%81%95%E3%82%93" n3="%E4%B8%8B%E6%AE%B5%E3%83%81%E3%82%A7%E3%83%AA%E3%83%BC" dan="16,16,17,16" rate="2129.32,2153.24,2160.84,2108.85" sx="M,M,M,M"/><TAIKYOKU oya="0"/><INIT seed="0,0,0,0,2,130" ten="250,250,250,250" oya="0" hai0="76,59,90,92,19,132,117,105,56,77,75,50,28" hai1="29,104,135,80,126,41,89,43,65,122,113,53,114" hai2="63,81,48,8,18,118,31,134,6,35,3,95,37" hai3="36,99,69,46,93,67,96,16,78,112,129,98,103"/><T52/><D117/><U21/><E104/><V70/><F118/><W111/><G112/><N who="1" m="43114" /><E122/><V120/><F120/><W47/><G129/><T127/><D105/><U121/><E65/><V119/><F119/><W72/><G111/><T68/><D68/><U97/><E121/><V42/><F95/><W25/><G72/><T32/><D127/><U133/><E126/><V74/><F48/><W13/><G78/><T61/><D132/><N who="1" m="50763" /><E53/><V27/><F134/><W33/><G67/><T91/><D91/><U51/><E51/><V26/><F26/><W17/><G69/><T57/><D75/><U125/><E125/><V5/><F18/><W71/><G71/><T79/><D61/><U108/><E108/><V109/><F6/><W55/><G17/><T58/><D28/><U15/><E97/><V83/><F109/><W110/><G98/><T124/><D124/><U86/><E15/><V100/><F74/><W40/><G96/><T87/><D32/><U107/><E107/><V84/><F63/><W20/><G110/><T7/><D19/><U64/><E64/><V66/><F66/><W4/><G33/><T102/><D7/><U128/><E128/><V123/><F123/><W14/><G4/><T1/><D1/><U44/><E44/><V73/><F3/><W9/><G13/><T49/><D49/><U115/><N who="1" m="43122" /><U23/><DORA hai="82" /><E29/><V39/><F31/><N who="3" m="17831" /><G47/><T116/><D116/><U101/><E101/><AGARI ba="0,0" hai="50,52,56,57,58,59,76,77,79,87,90,92,101,102" machi="101" ten="40,7700,0" yaku="8,1,52,1,54,1" doraHai="130,82" who="0" fromWho="1" sc="250,77,250,-77,250,0,250,0" /><INIT seed="0,1,0,5,0,85" ten="327,173,250,250" oya="0" hai0="63,65,83,114,35,131,6,0,124,19,123,12,67" hai1="107,91,13,27,24,70,11,66,32,41,117,58,128" hai2="115,95,82,101,72,26,17,102,56,106,31,54,90" hai3="103,77,25,22,43,37,108,8,55,84,45,61,86"/><T29/><D123/><U33/><E117/><V53/><F115/><W79/><G108/><T18/><D114/><U20/><E107/><V74/><F17/><W112/><G112/><T5/><D131/><U87/><E128/><V119/><F119/><W44/><G103/><T76/><D124/><U40/><E70/><V36/><F36/><W100/><G100/><T130/><D130/><U122/><E122/><V94/><F106/><W80/><G8/><T50/><D19/><U30/><E33/><V47/><F72/><W93/><G45/><T113/><D113/><U7/><E66/><V73/><F73/><W34/><G34/><T121/><D65/><U97/><E97/><V51/><F74/><W78/><G61/><T111/><D121/><U104/><E58/><V10/><F10/><W98/><G55/><T71/><D0/><U2/><E104/><V110/><F110/><W60/><G60/><T81/><D81/><U39/><E39/><V134/><F134/><W23/><G86/><T116/><D111/><U9/><E9/><V96/><F82/><W3/><G3/><T109/><D116/><U118/><E118/><V1/><F1/><W52/><G52/><T132/><D50/><U42/><E2/><V75/><F75/><W99/><G22/><N who="0" m="11591" /><D132/><U69/><E69/><V28/><F95/><W59/><G59/><T129/><D109/><U21/><REACH who="1" step="1"/><E27/><REACH who="1" ten="327,163,250,250" step="2"/><V135/><F135/><W88/><G25/><N who="0" m="18863" /><D129/><U68/><E68/><V127/><F127/><W4/><G37/><T16/><D71/><U120/><E120/><V57/><F26/><W46/><G23/><RYUUKYOKU ba="1,1" sc="327,-10,163,30,250,-10,250,-10" hai1="7,11,13,20,21,24,30,32,40,41,42,87,91" /><INIT seed="1,2,1,1,3,123" ten="317,193,240,240" oya="1" hai0="17,129,107,112,19,125,65,3,108,93,110,89,47" hai1="22,8,80,55,24,70,34,36,81,66,78,28,33" hai2="98,75,131,116,64,43,12,122,37,39,10,21,0" hai3="51,18,127,29,38,118,114,46,41,109,69,57,6"/><U94/><E36/><V96/><F75/><W71/><G114/><T104/><D112/><U74/><E81/><V120/><F0/><W72/><G72/><T99/><D3/><U48/><E8/><V82/><F116/><W45/><G6/><T134/><D134/><U79/><E79/><V27/><F131/><W58/><G29/><T7/><D7/><U1/><E1/><V62/><F120/><W84/><G84/><T73/><D129/><U32/><E94/><V77/><F122/><W30/><G30/><T9/><D125/><U26/><E66/><V5/><F37/><W35/><G18/><T60/><D73/><U67/><E67/><V83/><F43/><W130/><G35/><T13/><D19/><U4/><E4/><V119/><F39/><W14/><G14/><T86/><D47/><U63/><E63/><V126/><F126/><W113/><G113/><T11/><D11/><U25/><REACH who="1" step="1"/><E70/><REACH who="1" ten="317,183,240,240" step="2"/><V101/><F119/><W100/><G130/><T97/><D107/><U92/><E92/><V132/><F77/><W42/><G127/><T68/><REACH who="0" step="1"/><D104/><REACH who="0" ten="307,183,240,240" step="2"/><U87/><E87/><V102/><F10/><W53/><G118/><T133/><D133/><U16/><E16/><V49/><F132/><W115/><G115/><T59/><D59/><AGARI ba="2,3" hai="22,24,25,26,28,32,33,34,48,55,59,74,78,80" machi="59" ten="40,3900,0" yaku="1,1,53,1" doraHai="123" doraHaiUra="76" who="1" fromWho="0" sc="307,-45,183,75,240,0,240,0" /><INIT seed="1,3,0,5,3,94" ten="262,258,240,240" oya="1" hai0="49,40,87,45,7,1,0,85,3,91,39,21,62" hai1="127,8,83,101,18,61,64,111,5,14,76,97,42" hai2="10,46,30,100,20,109,104,55,28,134,59,57,121" hai3="15,123,92,88,38,112,128,47,19,75,133,41,70"/><U93/><E127/><V118/><F121/><W119/><G123/><T12/><D62/><U25/><E111/><V98/><F118/><W63/><G112/><T16/><D7/><U66/><E42/><V54/><F134/><W117/><G75/><T122/><D122/><U52/><E25/><V2/><F109/><W53/><G133/><T72/><D72/><U86/><REACH who="1" step="1"/><E5/><REACH who="1" ten="262,248,240,240" step="2"/><V51/><F20/><W43/><G43/><T29/><D29/><U71/><E71/><V115/><F115/><W80/><G119/><T65/><D65/><U114/><E114/><V34/><F34/><W6/><G6/><T23/><D39/><U105/><E105/><V26/><F26/><W36/><G36/><T124/><D124/><U102/><E102/><V33/><F33/><W77/><G70/><T69/><D69/><U82/><E82/><V60/><F10/><W110/><G110/><T125/><D125/><U99/><E99/><V129/><F129/><W131/><G117/><T132/><D132/><U113/><E113/><V74/><F104/><W103/><G103/><T116/><D116/><U107/><E107/><V58/><F100/><W67/><G128/><T108/><D108/><U120/><E120/><V79/><F98/><N who="3" m="57607" /><G131/><T95/><D23/><U37/><E37/><V81/><F81/><W56/><G80/><T89/><D0/><U13/><E13/><V68/><F2/><W96/><G96/><T130/><D130/><U44/><E44/><V106/><F106/><W17/><G15/><T9/><D9/><U50/><E50/><V32/><F46/><N who="3" m="23863" /><G77/><T48/><D48/><AGARI ba="3,1" hai="17,19,47,48,53,56,63,67" m="23863,57607" machi="48" ten="30,3900,0" yaku="6,1,52,1,54,1" doraHai="94" who="3" fromWho="0" sc="262,-48,248,0,240,0,240,58" /><INIT seed="2,0,0,5,2,15" ten="214,248,240,298" oya="2" hai0="115,30,111,55,9,126,48,5,67,125,39,96,102" hai1="31,76,61,134,21,53,91,52,17,23,7,116,88" hai2="104,74,132,68,0,62,99,60,121,112,70,98,38" hai3="122,89,54,25,43,50,97,49,127,11,22,129,44"/><V69/><F0/><W24/><G122/><T13/><D115/><U118/><E7/><V16/><F121/><W29/><G127/><N who="0" m="48651" /><D39/><U124/><E124/><V85/><F74/><W59/><G129/><T64/><D30/><U83/><E118/><V37/><F112/><W95/><G11/><T101/><D111/><U40/><E40/><V4/><F4/><W81/><G81/><T6/><D6/><U82/><E134/><V106/><F85/><W71/><G71/><T123/><D123/><U12/><E116/><V90/><F69/><W107/><G107/><N who="0" m="63911" /><D102/><U119/><E119/><V113/><F113/><W63/><REACH who="3" step="1"/><G25/><REACH who="3" ten="214,248,240,288" step="2"/><T32/><D32/><U3/><E3/><V46/><F106/><W131/><G131/><T80/><D80/><N who="1" m="30763" /><E76/><V51/><F104/><W36/><AGARI ba="0,1" hai="22,24,29,36,43,44,49,50,54,59,63,89,95,97" machi="36" ten="20,2700,0" yaku="1,1,0,1,7,1,53,0" doraHai="15" doraHaiUra="114" who="3" fromWho="3" sc="214,-7,248,-7,240,-13,288,37" /><INIT seed="3,0,0,0,1,116" ten="207,241,227,325" oya="3" hai0="52,93,57,35,86,12,98,22,122,30,131,43,76" hai1="88,34,6,31,87,9,120,27,117,18,77,54,90" hai2="20,44,85,133,46,111,92,102,50,115,49,132,114" hai3="73,14,83,110,15,48,36,96,109,95,38,121,94"/><W63/><G121/><T16/><D122/><U135/><E120/><V126/><F20/><W89/><G63/><T33/><D131/><U17/><E117/><V10/><F10/><W45/><G73/><T2/><D2/><U75/><E135/><N who="2" m="51787" /><F111/><N who="3" m="42507" /><G83/><N who="0" m="47463" /><D35/><U107/><E107/><V105/><F105/><W128/><G95/><T125/><D33/><U26/><E26/><V1/><F1/><W64/><G64/><T28/><D43/><U59/><E75/><V99/><F85/><W51/><G128/><T42/><D42/><U84/><E84/><V113/><F126/><W91/><G91/><N who="0" m="55615" /><D125/><U66/><E34/><V11/><F11/><W62/><G62/><AGARI ba="0,0" hai="12,16,22,28,30,52,57,62" m="55615,47463" machi="62" ten="30,3900,0" yaku="8,1,54,2" doraHai="116" who="0" fromWho="3" sc="207,39,241,0,227,0,325,-39" /><INIT seed="4,0,0,5,5,60" ten="246,241,227,286" oya="0" hai0="31,57,49,114,80,77,115,13,128,27,87,78,68" hai1="4,100,33,14,67,48,69,131,120,43,93,34,102" hai2="96,46,119,110,83,107,89,112,123,118,62,127,9" hai3="66,30,79,95,41,37,40,70,109,3,53,35,105"/><T126/><D68/><U94/><E120/><V21/><F123/><W117/><G3/><T92/><D128/><U47/><E131/><V5/><F110/><W84/><G117/><N who="2" m="44553" /><F127/><W73/><G109/><T39/><D39/><U71/><E4/><V63/><F112/><N who="0" m="43050" /><D126/><U72/><E14/><N who="2" m="5423" /><F21/><W29/><G105/><T135/><D92/><U0/><E0/><V36/><F83/><W23/><G35/><N who="0" m="20991" /><D135/><U104/><E104/><V76/><F76/><W122/><G122/><T7/><D78/><U55/><E71/><V45/><F89/><W22/><G73/><T91/><D77/><U103/><E72/><V1/><F1/><W11/><G37/><T99/><D99/><U54/><E94/><V116/><N who="2" m="44561" /><V86/><DORA hai="82" /><F86/><W44/><G95/><T2/><D2/><U108/><E93/><V130/><F130/><W6/><G84/><T85/><D91/><U59/><E108/><V17/><F17/><W129/><G79/><T10/><D80/><U106/><E106/><V26/><F26/><W42/><G129/><T56/><D56/><U24/><E24/><V52/><F36/><W38/><G38/><T50/><D50/><N who="1" m="31223" /><E34/><V12/><F12/><N who="3" m="5239" /><G30/><T20/><D20/><U98/><E33/><V90/><F107/><W133/><G29/><T74/><D74/><U113/><E113/><V8/><F8/><W32/><G32/><T61/><D49/><U65/><E98/><V28/><F28/><W101/><G133/><T125/><D125/><U19/><E19/><V25/><F96/><W58/><G22/><T97/><D97/><U111/><E111/><RYUUKYOKU ba="0,0" sc="246,30,241,-10,227,-10,286,-10" hai0="7,10,13,57,61,85,87" /><INIT seed="4,1,0,5,0,40" ten="276,231,217,276" oya="0" hai0="87,116,60,99,134,33,5,28,77,13,52,54,59" hai1="123,120,133,35,89,51,62,110,67,10,114,101,25" hai2="39,50,82,113,94,69,21,46,47,103,32,78,118" hai3="44,75,102,128,106,115,117,130,80,135,132,104,121"/><T9/><D116/><U0/><E110/><V18/><F69/><W31/><G117/><T48/><D134/><N who="3" m="51241" /><G115/><T92/><D33/><U37/><E133/><V24/><F118/><W3/><G3/><T20/><D87/><U30/><E51/><V111/><F113/><W85/><G121/><T129/><D129/><N who="3" m="49769" /><G31/><T58/><D77/><U79/><E79/><V107/><F107/><W41/><G102/><N who="0" m="60775" /><D20/><U98/><E114/><V38/><F111/><W36/><G75/><T100/><D100/><U57/><E101/><V73/><F32/><W22/><G22/><T61/><D28/><U1/><E123/><V109/><F109/><W81/><G81/><T56/><D61/><U66/><E35/><V72/><F72/><W90/><AGARI ba="1,0" hai="36,41,44,80,85,90,104,106" m="49769,51241" machi="90" ten="30,4000,0" yaku="20,1,19,1,52,1" doraHai="40" who="3" fromWho="3" sc="276,-21,231,-11,217,-11,276,43" owari="255,5.5,220,-18.0,206,-29.4,319,41.9" /></mjloggm>