<mjloggm ver="2.3"><GO type="225" lobby="0"/><UN n0="%61%6D%65%6B%69" n1="%E3%81%BF%E3%81%BF%E3%81%9A" n2="%E6%81%A5%E6%99%92%E3%81%97" n3="%E6%97%A5%E6%9B%9C%E6%97%A5%E3%82%88%E3%82%8A%E3%81%AE%E4%BD%BF%E8%80%85" dan="16,18,16,16" rate="2086.65,2219.55,2100.88,2100.06" sx="M,M,M,M"/><TAIKYOKU oya="0"/><INIT seed="0,0,0,2,4,72" ten="250,250,250,250" oya="0" hai0="85,54,122,11,103,93,116,115,6,131,23,12,134" hai1="108,10,99,3,100,55,61,59,20,97,2,104,60" hai2="32,126,62,16,124,101,102,41,48,18,106,57,35" hai3="40,129,84,89,33,0,81,130,66,58,43,15,64"/><T114/><D116/><U113/><E108/><V38/><F38/><W91/><G0/><T50/><D122/><U27/><E113/><V95/><F106/><W26/><G15/><T73/><D73/><U37/><E37/><V31/><F41/><N who="3" m="15947" /><G91/><T82/><D131/><N who="3" m="50185" /><G58/><T46/><D134/><U77/><E10/><V111/><F111/><W39/><G39/><T87/><D23/><U51/><E99/><N who="2" m="59647" /><F102/><W47/><G47/><T96/><REACH who="0" step="1"/><D87/><REACH who="0" ten="240,250,250,250" step="2"/><U71/><E20/><V52/><F32/><W42/><G42/><T24/><D24/><U105/><E27/><V17/><F35/><W22/><G33/><T4/><D4/><U45/><E2/><V123/><F123/><W76/><G89/><AGARI ba="0,1" hai="6,11,12,46,50,54,82,85,89,93,96,103,114,115" machi="89" ten="30,2900,0" yaku="1,1,7,1,53,0" doraHai="72" doraHaiUra="53" who="0" fromWho="3" sc="240,39,250,0,250,0,250,-29" /><INIT seed="0,1,0,2,3,16" ten="279,250,250,221" oya="0" hai0="53,34,99,32,78,101,109,81,60,134,2,92,122" hai1="127,124,11,23,54,110,3,117,129,51,125,88,65" hai2="43,67,102,69,93,100,126,14,7,12,94,85,37" hai3="41,71,107,6,48,36,30,44,64,70,17,21,42"/><T68/><D122/><U84/><E117/><V111/><F111/><W105/><G30/><T56/><D2/><U29/><E110/><V38/><F69/><W1/><G1/><T9/><D109/><U26/><E65/><V15/><F67/><W119/><G6/><T59/><D68/><U66/><E66/><V83/><F7/><W96/><G119/><T116/><D116/><U52/><E129/><V91/><F126/><W57/><G96/><T80/><D134/><U79/><E79/><V135/><F135/><W108/><G108/><T13/><D59/><U106/><E106/><V87/><F43/><W72/><G72/><T74/><REACH who="0" step="1"/><D81/><REACH who="0" ten="269,250,250,221" step="2"/><N who="1" m="49167" /><E51/><V4/><F38/><W132/><G132/><T112/><D112/><U114/><E114/><V121/><F37/><W19/><G71/><T131/><D131/><U115/><E115/><V97/><F121/><W130/><G70/><T35/><D35/><U5/><AGARI ba="1,1" hai="3,5,11,23,26,29,52,54,124,125,127" m="49167" machi="5" ten="40,8000,1" yaku="18,1,52,1,54,2" doraHai="16" who="1" fromWho="1" sc="269,-41,250,93,250,-21,221,-21" /><INIT seed="1,0,0,0,5,62" ten="228,343,229,200" oya="1" hai0="5,15,111,115,63,26,29,130,96,19,101,24,2" hai1="54,122,112,126,128,6,85,59,4,1,73,91,23" hai2="32,50,124,98,37,21,134,108,53,0,44,27,125" hai3="31,116,87,43,22,135,39,119,58,36,72,78,69"/><U41/><E112/><V14/><F0/><W131/><G69/><T47/><D115/><U49/><E122/><V8/><F108/><W93/><G72/><T106/><D111/><U89/><E73/><V61/><F134/><W9/><G135/><T94/><D130/><U100/><E128/><V84/><F37/><W79/><G9/><T97/><D5/><U11/><E126/><V16/><F32/><W102/><G131/><T13/><D2/><U74/><E74/><V107/><F84/><W34/><G34/><T132/><D132/><U110/><E100/><V48/><F61/><W82/><G78/><T17/><D47/><U86/><E110/><V95/><F107/><W92/><G58/><T10/><D29/><U60/><E23/><V120/><F50/><W118/><G102/><T55/><D97/><U20/><E20/><V38/><F38/><N who="3" m="14379" /><G43/><T133/><D106/><U12/><E1/><V104/><F104/><W77/><G77/><T99/><D99/><U46/><E4/><V68/><F68/><W7/><G7/><T25/><D133/><U83/><E86/><V81/><F81/><W18/><G31/><T103/><D103/><U90/><AGARI ba="0,0" hai="6,11,12,41,46,49,54,59,60,83,85,89,90,91" machi="90" ten="20,3900,0" yaku="0,1,7,1,8,1" doraHai="62" who="1" fromWho="1" sc="228,-13,343,39,229,-13,200,-13" /><INIT seed="1,1,0,0,2,98" ten="215,382,216,187" oya="1" hai0="63,89,34,16,42,126,36,134,43,127,93,83,104" hai1="117,31,124,125,68,20,101,75,57,74,50,129,17" hai2="24,38,86,67,26,30,19,28,80,122,48,27,132" hai3="95,110,46,116,66,2,100,14,78,7,58,62,133"/><U6/><E117/><V72/><F122/><W85/><G116/><T23/><D104/><U18/><E68/><V106/><F38/><W97/><G110/><T13/><D34/><U59/><E6/><V111/><F111/><W33/><G33/><T135/><D83/><U91/><E31/><V55/><F72/><W51/><G133/><N who="0" m="50699" /><D63/><U94/><E129/><V105/><F67/><W12/><G2/><T109/><D109/><U8/><E8/><V77/><F132/><W73/><G73/><T103/><D103/><U61/><E50/><V11/><F105/><W39/><G39/><T87/><D36/><U81/><E81/><V108/><F106/><W41/><G7/><T5/><D5/><U9/><E9/><V47/><REACH who="2" step="1"/><F108/><REACH who="2" ten="215,382,206,187" step="2"/><W79/><REACH who="3" step="1"/><G85/><REACH who="3" ten="215,382,206,177" step="2"/><T84/><D84/><U22/><E74/><V119/><F119/><W121/><G121/><T131/><D131/><U60/><E75/><V113/><F113/><W88/><G88/><T82/><D82/><U115/><E91/><V92/><F92/><W35/><G35/><T53/><D53/><U71/><E94/><V118/><F118/><W0/><G0/><T1/><D1/><U56/><E115/><V90/><F90/><W114/><G114/><T120/><D120/><U96/><E125/><AGARI ba="1,2" hai="13,16,23,42,43,87,89,93,125,126,127" m="50699" machi="125" ten="30,3900,0" yaku="18,1,20,1,54,1" doraHai="98" who="0" fromWho="1" sc="215,62,382,-42,206,0,177,0" /><INIT seed="2,0,0,5,3,118" ten="277,340,206,177" oya="2" hai0="124,47,57,35,8,130,87,67,119,6,14,77,48" hai1="107,65,74,58,3,25,133,90,128,76,20,61,98" hai2="84,123,16,13,42,23,120,12,131,100,53,56,117" hai3="112,64,21,4,36,66,82,19,11,91,39,55,108"/><V52/><F117/><W103/><G108/><T86/><D35/><U70/><E128/><V73/><F73/><W59/><G112/><T38/><D38/><U126/><E3/><V116/><F116/><W2/><G103/><T95/><D119/><U31/><E126/><V34/><F34/><W122/><G39/><T115/><D115/><U69/><E133/><V30/><F30/><W51/><G36/><T134/><D134/><U46/><E46/><V89/><F42/><W29/><G29/><T15/><D130/><U7/><E7/><V45/><F100/><W78/><G91/><T92/><D15/><U105/><E90/><V10/><F131/><W83/><G83/><T132/><D132/><U127/><E127/><V18/><F53/><W5/><G5/><T33/><D33/><U9/><E9/><V135/><F135/><W27/><REACH who="3" step="1"/><G122/><REACH who="3" ten="277,340,206,167" step="2"/><T121/><D121/><U125/><E125/><V129/><F129/><W79/><G79/><T102/><D77/><U81/><E107/><V44/><F120/><W62/><G62/><N who="0" m="38351" /><D124/><U22/><E105/><V28/><F28/><W104/><G104/><T72/><D72/><AGARI ba="0,1" hai="2,4,11,19,21,27,51,55,59,64,66,72,78,82" machi="72" ten="30,2000,0" yaku="1,1,7,1,53,0" doraHai="118" doraHaiUra="37" who="3" fromWho="0" sc="277,-20,340,0,206,0,167,30" /><INIT seed="3,0,0,0,5,9" ten="257,340,206,197" oya="3" hai0="133,24,108,35,53,36,99,75,80,26,5,45,85" hai1="4,106,27,7,93,21,16,70,77,82,12,100,121" hai2="84,64,98,120,92,43,17,48,81,128,59,90,33" hai3="47,40,115,119,83,0,73,134,124,11,135,1,55"/><W28/><G115/><T122/><D75/><U127/><E70/><V112/><F112/><W8/><G28/><T79/><D35/><U56/><E106/><V107/><F128/><W132/><G55/><T113/><D122/><U65/><E127/><V54/><F33/><W22/><G22/><T102/><D113/><U49/><E121/><V23/><F107/><W15/><G124/><T94/><D108/><U51/><E65/><V71/><F120/><W103/><G103/><T44/><D36/><U123/><E56/><V114/><F114/><W41/><G119/><T126/><D126/><U37/><E37/><V3/><F3/><N who="3" m="1099" /><G47/><T50/><D133/><N who="3" m="34049" /><W97/><DORA hai="18" /><G97/><T46/><D5/><U105/><E105/><V30/><F30/><W95/><G95/><T14/><D46/><U42/><E123/><V2/><F2/><W111/><G111/><T39/><D45/><U57/><E4/><V88/><F43/><N who="3" m="16459" /><G15/><T118/><D39/><U109/><E109/><V29/><F29/><W60/><G60/><T52/><D53/><U58/><E42/><V96/><F96/><W72/><G83/><T20/><D118/><U125/><E125/><V74/><F64/><W31/><G31/><T110/><D110/><U62/><E62/><V10/><F71/><W19/><G19/><AGARI ba="0,0" hai="14,19,20,24,26,44,50,52,79,80,85,94,99,102" machi="19" ten="40,8000,1" yaku="8,1,52,2,54,1" doraHai="9,18" who="0" fromWho="3" sc="257,80,340,0,206,0,197,-80" owari="337,13.7,340,44.0,206,-19.4,117,-38.3" /></mjloggm>