<mjloggm ver="2.3"><GO type="225" lobby="0"/><UN n0="%E3%82%B2%E3%82%B9%E8%8C%82%E5%8B%9D" n1="%E5%8F%AF%E5%85%90%E9%82%A3%E7%94%B1%E5%A4%9A" n2="%E7%99%BD%E9%9B%AA%E4%B9%83%E6%84%9B" n3="%72%69%6F%75%63%68%61%6E" dan="16,17,16,17" rate="2049.56,2194.65,2065.55,2142.82" sx="F,F,F,M"/><TAIKYOKU oya="0"/><INIT seed="0,0,0,4,2,117" ten="250,250,250,250" oya="0" hai0="62,32,43,108,37,64,8,100,42,50,91,126,34" hai1="13,61,9,73,4,113,16,112,106,107,78,45,80" hai2="119,25,72,17,104,65,129,114,70,39,84,52,131" hai3="48,26,53,124,2,121,54,7,40,59,20,85,83"/><T95/><D126/><U103/><E103/><V55/><F114/><N who="1" m="44137" /><E61/><N who="2" m="40239" /><F72/><W23/><G124/><T75/><D75/><U92/><E92/><V134/><F39/><W44/><G121/><T69/><D100/><U97/><E97/><V99/><F84/><W109/><G109/><T105/><D105/><U111/><E111/><V0/><F0/><W110/><G110/><T98/><D108/><U135/><E135/><V46/><F46/><W102/><G102/><T3/><D37/><U87/><E73/><V29/><F104/><N who="1" m="39977" /><E45/><V67/><F99/><W38/><G26/><T58/><D69/><U1/><E1/><V27/><F67/><W79/><REACH who="3" step="1"/><G53/><REACH who="3" ten="250,250,250,240" step="2"/><T71/><D42/><U123/><E123/><V5/><F27/><W66/><G66/><T10/><D43/><U122/><E122/><V11/><F55/><W56/><G56/><T77/><D58/><U74/><E74/><V57/><F57/><W60/><G60/><T76/><D62/><U127/><E127/><V21/><F52/><W94/><G94/><T36/><D64/><U51/><E51/><V128/><F134/><W30/><G30/><T130/><D50/><U28/><E28/><V82/><F29/><W86/><G86/><T24/><D24/><U22/><E22/><V14/><F119/><W6/><G6/><AGARI ba="0,1" hai="4,6,9,13,16,78,80,87" m="39977,44137" machi="6" ten="30,2000,0" yaku="11,1,54,1" doraHai="117" who="1" fromWho="3" sc="250,0,250,30,250,0,240,-20" /><INIT seed="1,0,0,5,1,14" ten="250,280,250,220" oya="1" hai0="0,132,47,83,117,10,5,90,57,52,94,115,58" hai1="128,131,56,27,89,69,53,101,55,22,50,62,8" hai2="24,96,11,105,124,17,32,99,33,21,66,9,86" hai3="91,108,31,80,44,95,41,72,25,7,110,63,102"/><U109/><E109/><V13/><F124/><W119/><G119/><T104/><D115/><U121/><E121/><V74/><F74/><W60/><G102/><T49/><D132/><U42/><E101/><V48/><F66/><W125/><G125/><T118/><D104/><U45/><E8/><V100/><F96/><W19/><G7/><T106/><D106/><U78/><E78/><V88/><F48/><W107/><G107/><T34/><D34/><U38/><E89/><V85/><F85/><W98/><G19/><T76/><D117/><U122/><E122/><V67/><F67/><W75/><G60/><T12/><D0/><U36/><E69/><V1/><F1/><W120/><G63/><T92/><D118/><U82/><E82/><V2/><F2/><W23/><G120/><T54/><D90/><U77/><E77/><V18/><F9/><W26/><G26/><T68/><D68/><U126/><E126/><V103/><F103/><W28/><G28/><T70/><D70/><U39/><REACH who="1" step="1"/><E42/><REACH who="1" ten="250,270,250,220" step="2"/><V71/><F71/><W43/><G41/><T129/><D76/><U87/><E87/><V37/><F37/><N who="3" m="21615" /><G80/><AGARI ba="0,1" hai="11,13,17,18,21,24,32,33,80,86,88,99,100,105" machi="80" ten="30,7700,0" yaku="7,1,52,2,54,1" doraHai="14" who="2" fromWho="3" sc="250,0,270,0,250,87,220,-77" /><INIT seed="2,0,0,2,0,64" ten="250,270,337,143" oya="2" hai0="21,99,27,69,108,14,80,114,120,13,75,30,96" hai1="128,37,111,81,46,63,72,83,11,61,42,123,4" hai2="55,38,105,28,91,103,25,31,94,95,56,19,47" hai3="32,34,76,60,36,100,17,110,116,9,126,82,89"/><V67/><F105/><W1/><G126/><T23/><D108/><U88/><E111/><V92/><F103/><W74/><G116/><T90/><D114/><U43/><E43/><V40/><F67/><W66/><G110/><T29/><D120/><U85/><E128/><V79/><F79/><W5/><G89/><T39/><D39/><U54/><E54/><V2/><F2/><W44/><G100/><T127/><D127/><U16/><E123/><V132/><F132/><W3/><G17/><T12/><D69/><U24/><E24/><V58/><F58/><W50/><G1/><T130/><D130/><U97/><E97/><V98/><F31/><W70/><G50/><T118/><D118/><U71/><E71/><V124/><F124/><W102/><G102/><T15/><N who="0" m="3072" /><DORA hai="35" /><T86/><REACH who="0" step="1"/><D75/><REACH who="0" ten="240,270,337,143" step="2"/><U8/><E8/><V26/><F26/><AGARI ba="0,1" hai="21,23,26,27,29,30,80,86,90,96,99" m="3072" machi="26" ten="50,16000,3" yaku="1,1,2,1,9,1,8,1,53,4" doraHai="64,35" doraHaiUra="10,125" who="0" fromWho="2" sc="240,170,270,0,337,-160,143,0" /><INIT seed="3,0,0,1,0,59" ten="410,270,177,143" oya="3" hai0="107,12,78,4,71,130,66,41,82,37,69,0,60" hai1="58,19,74,105,109,110,117,13,48,61,15,43,93" hai2="40,11,122,33,92,7,88,135,81,29,9,50,14" hai3="123,44,108,79,85,90,77,95,128,42,75,120,57"/><W16/><G128/><T20/><D130/><U84/><E105/><V23/><F135/><W28/><G28/><T46/><D107/><U1/><E1/><V52/><F122/><W6/><G6/><T113/><D113/><U121/><E121/><N who="3" m="46666" /><G57/><T24/><D12/><U100/><E74/><V5/><F33/><W25/><G44/><T96/><D96/><N who="1" m="59407" /><E117/><V38/><F81/><N who="3" m="45247" /><G42/><T91/><D91/><U112/><E112/><V102/><F102/><W131/><G131/><T80/><D69/><U127/><E19/><V65/><F65/><W134/><G16/><T103/><D103/><U31/><E31/><V89/><F89/><N who="3" m="53679" /><G25/><T17/><REACH who="0" step="1"/><D78/><REACH who="0" ten="400,270,177,143" step="2"/><U63/><E13/><N who="2" m="5295" /><F38/><W39/><G39/><T10/><AGARI ba="0,1" hai="0,4,10,17,20,24,37,41,46,60,66,71,80,82" machi="10" ten="30,4000,0" yaku="1,1,0,1,52,1,53,0" doraHai="59" doraHaiUra="118" who="0" fromWho="0" sc="400,50,270,-10,177,-10,143,-20" owari="450,55.0,260,6.0,167,-23.3,123,-37.7" /></mjloggm>