<mjloggm ver="2.3"><GO type="225" lobby="0"/><UN n0="%E3%83%AD%E3%83%83%E3%83%86%E9%9B%80%E7%90%83" n1="%77%72%77%72%77%72%77%72" n2="%73%69%72%6F%75%74" n3="%E7%89%B9%E6%9D%B1%E3%81%AF%E4%B8%96%E7%95%8C%E3%82%92%E6%95%91%E3%81%86" dan="17,16,16,16" rate="2255.68,2106.24,2139.53,2175.16" sx="M,M,M,M"/><TAIKYOKU oya="0"/><INIT seed="0,0,0,1,3,10" ten="250,250,250,250" oya="0" hai0="98,92,29,55,2,109,126,15,32,130,97,91,37" hai1="43,56,64,28,127,79,67,106,88,3,24,19,103" hai2="84,83,62,81,13,121,96,71,105,78,5,59,51" hai3="82,89,11,38,48,100,128,20,90,72,34,17,115"/><T44/><D2/><U42/><E3/><V111/><F111/><W57/><G38/><T52/><D109/><U61/><E127/><V4/><F121/><W129/><G34/><T135/><D126/><U46/><E79/><V40/><F71/><W66/><G100/><T14/><D130/><N who="3" m="50281" /><G11/><T7/><D135/><U9/><E67/><V116/><F116/><W104/><G104/><T122/><D122/><U107/><E103/><V133/><F133/><W124/><G115/><T45/><D7/><U23/><E43/><V73/><F105/><W58/><G48/><N who="0" m="28679" /><D32/><U86/><E9/><N who="2" m="4263" /><F73/><W41/><G41/><T50/><D37/><U1/><E1/><V68/><F68/><W25/><G124/><T74/><D74/><U22/><E46/><N who="2" m="26055" /><F5/><W8/><G8/><T49/><D29/><U120/><E42/><V30/><F30/><W132/><G132/><T18/><D18/><U125/><E120/><V21/><F21/><W93/><G66/><T134/><D134/><U70/><E125/><V53/><F81/><W75/><G75/><T118/><D118/><U102/><E70/><V131/><F131/><W36/><G36/><T99/><D50/><U63/><E63/><V94/><F94/><W101/><G72/><T114/><D114/><U26/><REACH who="1" step="1"/><E102/><REACH who="1" ten="250,240,250,250" step="2"/><V60/><F62/><W117/><G117/><T76/><D76/><U110/><E110/><V47/><F47/><W31/><G101/><T35/><D35/><U33/><E33/><V85/><F60/><W16/><G58/><T12/><AGARI ba="0,1" hai="12,14,15,45,49,55,91,92,97,98,99" m="28679" machi="12" ten="30,12000,1" yaku="8,1,52,3,54,1" doraHai="10" who="0" fromWho="0" sc="250,130,240,-40,250,-40,250,-40" /><INIT seed="0,1,0,1,1,37" ten="380,200,210,210" oya="0" hai0="85,62,90,8,121,135,45,11,122,125,128,2,10" hai1="129,101,104,35,79,3,120,52,53,58,46,4,19" hai2="69,70,73,28,44,100,87,29,47,24,107,132,102" hai3="81,36,80,30,61,68,112,74,26,48,66,118,117"/><T43/><D2/><U51/><E120/><V82/><F73/><W64/><G112/><T31/><D125/><U119/><E119/><V5/><F5/><W116/><G36/><T55/><D135/><U123/><E123/><V91/><F132/><W15/><G74/><T49/><D128/><U14/><E129/><V50/><F107/><W21/><G64/><T124/><D124/><U86/><E35/><V94/><F44/><W133/><G133/><T32/><D32/><U1/><E4/><V22/><F29/><W16/><REACH who="3" step="1"/><G48/><REACH who="3" ten="380,200,210,200" step="2"/><T96/><D49/><U115/><E115/><V99/><REACH who="2" step="1"/><F102/><REACH who="2" ten="380,200,200,200" step="2"/><W63/><G63/><T78/><D62/><U75/><E101/><V93/><F93/><W27/><G27/><T114/><D122/><U41/><E75/><V89/><F89/><W67/><G67/><T9/><D90/><U130/><E130/><V98/><F98/><W105/><G105/><T18/><D96/><U72/><E72/><V39/><F39/><W6/><G6/><T34/><D121/><U95/><E104/><V54/><AGARI ba="1,2" hai="22,24,28,47,50,54,69,70,82,87,91,94,99,100" machi="54" ten="20,5200,0" yaku="1,1,0,1,7,1,53,1" doraHai="37" doraHaiUra="84" who="2" fromWho="2" sc="380,-27,200,-14,200,75,200,-14" /><INIT seed="1,0,0,3,2,67" ten="353,186,275,186" oya="1" hai0="9,93,70,112,30,101,123,34,39,113,17,96,45" hai1="135,52,46,50,12,120,77,97,55,51,125,20,62" hai2="63,57,29,27,56,72,60,134,75,18,124,22,128" hai3="64,90,100,33,28,119,73,35,127,13,16,109,14"/><U98/><E120/><V88/><F134/><W115/><G115/><T23/><D70/><U61/><E135/><V0/><F0/><W78/><G109/><T121/><D9/><U41/><E125/><V31/><F124/><W99/><G127/><T89/><D30/><U118/><E118/><V130/><F18/><W108/><G108/><T26/><D34/><U129/><E129/><N who="2" m="49771" /><F88/><W38/><G38/><T21/><D21/><U92/><E77/><V24/><F63/><N who="1" m="24073" /><E41/><V53/><F57/><W102/><G119/><T84/><D45/><N who="1" m="27727" /><E92/><V65/><F53/><W76/><G28/><T44/><D44/><U114/><E114/><V86/><F86/><W85/><G85/><T37/><D113/><U132/><E132/><V91/><F91/><W82/><G90/><T83/><REACH who="0" step="1"/><D112/><REACH who="0" ten="343,186,275,186" step="2"/><U122/><E122/><AGARI ba="0,1" hai="17,23,26,37,39,83,84,89,93,96,101,121,122,123" machi="122" ten="40,5200,0" yaku="1,1,2,1,13,1,53,0" doraHai="67" doraHaiUra="1" who="0" fromWho="1" sc="343,62,186,-52,275,0,186,0" /><INIT seed="2,0,0,0,0,68" ten="405,134,275,186" oya="2" hai0="106,39,20,8,62,78,92,91,30,24,1,12,3" hai1="60,115,26,71,25,52,88,22,80,100,44,29,133" hai2="10,101,69,102,93,36,48,72,45,95,111,19,28" hai3="112,63,90,128,83,9,53,124,47,31,7,126,6"/><V107/><F72/><W38/><G128/><T50/><D39/><U122/><E133/><V82/><F69/><W109/><G109/><T57/><D106/><U108/><E108/><V46/><F28/><W120/><G120/><T132/><D132/><U75/><E115/><V66/><F66/><W121/><G121/><T116/><D78/><U114/><E114/><V94/><F111/><W74/><G112/><T2/><D50/><N who="1" m="28743" /><E75/><V67/><F67/><W119/><G31/><T5/><D116/><U127/><E127/><V54/><F82/><W103/><G103/><T113/><D113/><U33/><E71/><V4/><F19/><W98/><G119/><T97/><D12/><U43/><E33/><V27/><F27/><W41/><G98/><T49/><D49/><U55/><E43/><V65/><F65/><AGARI ba="0,0" hai="1,2,3,5,8,20,24,30,57,62,65,91,92,97" machi="65" ten="30,1000,0" yaku="7,1" doraHai="68" who="0" fromWho="2" sc="405,10,134,0,275,-10,186,0" /><INIT seed="3,0,0,1,1,69" ten="415,134,265,186" oya="3" hai0="85,47,106,7,124,49,133,86,24,37,31,98,56" hai1="8,128,114,30,4,40,108,110,109,100,44,33,66" hai2="122,95,120,55,1,0,96,64,101,112,58,34,87" hai3="29,26,111,121,107,39,79,2,15,9,74,28,72"/><W36/><G121/><N who="2" m="46697" /><F34/><W78/><G107/><T117/><D37/><U50/><E114/><V45/><F112/><W126/><G2/><T14/><D56/><U90/><E128/><V6/><F6/><W48/><G48/><T67/><D67/><U70/><E100/><V13/><F13/><W89/><G89/><T16/><D7/><U25/><E90/><N who="2" m="53727" /><F45/><W84/><G84/><T65/><D65/><U19/><E66/><V80/><F80/><W132/><G15/><T57/><D57/><U92/><E92/><N who="2" m="58503" /><F64/><W105/><G105/><T116/><D31/><U51/><E70/><V88/><F88/><W27/><G9/><T35/><D49/><AGARI ba="0,0" hai="0,1,49,55,58" m="58503,53727,46697" machi="49" ten="30,1000,0" yaku="13,1" doraHai="69" who="2" fromWho="0" sc="415,-10,134,0,265,10,186,0" owari="405,50.5,134,-36.6,275,7.5,186,-21.4" /></mjloggm>