<mjloggm ver="2.3"><GO type="225" lobby="0"/><UN n0="%E3%81%95%E3%81%8D%E3%81%9F%E3%81%BE%E6%9E%97%E6%AA%8E" n1="%E9%80%9F%E6%B0%B4%E5%87%9B%E9%A6%99" n2="%E5%BE%80%E5%B9%B4%E3%81%AE%E3%82%B4%E3%83%AA%E3%83%A9" n3="%E5%A4%A7%E5%AE%AE%E5%BF%8D%76" dan="16,16,16,16" rate="2101.87,2207.13,2107.05,2142.69" sx="M,F,M,M"/><TAIKYOKU oya="0"/><INIT seed="0,0,0,2,3,106" ten="250,250,250,250" oya="0" hai0="107,121,112,0,36,128,26,109,54,48,89,84,35" hai1="42,129,96,21,67,52,105,65,57,82,133,135,44" hai2="85,32,27,81,55,68,19,113,104,132,116,125,94" hai3="11,41,33,43,80,18,37,66,15,2,30,14,92"/><T90/><D112/><U72/><E96/><V78/><F104/><W60/><G2/><T20/><D121/><U17/><E105/><V29/><F113/><W71/><G37/><T99/><D36/><U51/><E129/><V130/><F130/><W40/><G80/><T4/><D128/><U110/><E110/><V134/><F125/><W126/><G126/><T120/><D120/><U13/><E82/><V79/><F79/><W131/><G131/><T8/><D35/><U74/><E67/><V76/><F76/><W93/><REACH who="3" step="1"/><G15/><REACH who="3" ten="250,250,250,240" step="2"/><T63/><D109/><U25/><E13/><V53/><F81/><W127/><G127/><T119/><D119/><U118/><E118/><V91/><F116/><W103/><G103/><T34/><D0/><U12/><E12/><V46/><F132/><N who="1" m="50761" /><E65/><V39/><F39/><AGARI ba="0,1" hai="17,21,25,39,42,44,51,52,57,72,74" m="50761" machi="39" ten="30,7700,0" yaku="20,1,52,2,54,1" doraHai="106" who="1" fromWho="2" sc="250,0,250,87,250,-77,240,0" /><INIT seed="1,0,0,1,2,38" ten="250,337,173,240" oya="1" hai0="11,60,73,28,93,88,46,74,124,84,115,62,0" hai1="72,3,78,51,4,121,65,112,111,41,7,75,122" hai2="44,67,105,12,103,101,10,59,79,63,13,106,40" hai3="102,17,66,24,110,99,47,130,77,133,83,5,22"/><U90/><E112/><V1/><F1/><W8/><G110/><T9/><D115/><U43/><E65/><V71/><F71/><W70/><G130/><T87/><D124/><U68/><E68/><V114/><F114/><W85/><G133/><T45/><D28/><U69/><E69/><V86/><F13/><W35/><G35/><T123/><D0/><U56/><E3/><V118/><F118/><W49/><G70/><T18/><D123/><U14/><E14/><V96/><F103/><W132/><G132/><T50/><D74/><U29/><E29/><V64/><F64/><W61/><G66/><T100/><D73/><U19/><E78/><V134/><F106/><W33/><G33/><T113/><D113/><U98/><E51/><V15/><F134/><W52/><G61/><N who="0" m="23659" /><D100/><U109/><E56/><V95/><F10/><N who="0" m="3594" /><D18/><U128/><E19/><V76/><F76/><W54/><G99/><N who="0" m="57767" /><D46/><U125/><E125/><V48/><REACH who="2" step="1"/><F105/><REACH who="2" ten="250,337,163,240" step="2"/><W42/><G102/><T131/><D131/><U53/><E128/><V2/><F2/><AGARI ba="0,1" hai="2,5,8,17,22,24,42,47,49,52,54,77,83,85" machi="2" ten="30,3900,0" yaku="7,1,52,1,54,1" doraHai="38" who="3" fromWho="2" sc="250,0,337,0,163,-39,240,49" /><INIT seed="2,0,0,1,0,34" ten="250,337,124,289" oya="2" hai0="24,28,50,80,102,72,101,45,4,94,109,17,44" hai1="75,81,14,21,129,8,9,79,97,22,61,11,62" hai2="12,108,23,73,117,46,90,52,59,65,88,124,89" hai3="49,76,125,6,100,69,106,5,127,99,120,60,122"/><V57/><F117/><W37/><G37/><T40/><D109/><U132/><E129/><V70/><F124/><N who="3" m="47691" /><G76/><T135/><D135/><U115/><E115/><V128/><F128/><W0/><G49/><T43/><D17/><U78/><E132/><V54/><F73/><W63/><G6/><T42/><D4/><U113/><E113/><V15/><F108/><W112/><G112/><T118/><D118/><U25/><E97/><V38/><F70/><W98/><G98/><T74/><D43/><U111/><E111/><V53/><F65/><N who="3" m="41127" /><G63/><T29/><D94/><U13/><E81/><V30/><F38/><W32/><G32/><T131/><D131/><U10/><E61/><V110/><F110/><W85/><G85/><T51/><D80/><U133/><E62/><V71/><F71/><W82/><G82/><T103/><REACH who="0" step="1"/><D29/><REACH who="0" ten="240,337,124,289" step="2"/><U83/><E83/><V114/><F114/><W47/><G47/><T16/><D16/><U2/><E133/><V31/><F46/><W26/><G26/><T41/><D41/><U67/><E25/><N who="2" m="16703" /><F31/><W87/><G87/><T119/><D119/><U121/><E79/><V134/><F134/><W3/><G5/><T95/><D95/><U92/><E92/><V56/><AGARI ba="0,1" hai="12,15,52,53,54,56,57,59,88,89,90" m="16703" machi="56" ten="40,12000,1" yaku="29,2,8,1,54,2" doraHai="34" who="2" fromWho="2" sc="240,-40,337,-40,124,130,289,-40" /><INIT seed="2,1,0,5,1,50" ten="200,297,254,249" oya="2" hai0="59,113,4,16,124,125,80,86,74,35,72,83,27" hai1="12,31,15,18,112,94,8,99,120,48,20,36,2" hai2="103,10,76,98,77,58,116,132,25,115,81,26,22" hai3="39,117,30,55,87,49,118,96,92,34,129,14,67"/><V66/><F115/><W52/><G39/><T131/><D113/><U84/><E2/><V0/><F116/><W104/><G129/><T73/><D131/><U1/><E1/><V63/><F132/><W69/><G14/><T23/><D35/><U51/><E36/><V114/><F114/><W91/><G118/><T56/><D4/><U85/><E120/><V42/><F42/><W121/><G121/><T53/><D56/><U127/><E127/><N who="0" m="48713" /><D86/><N who="1" m="33387" /><E31/><V47/><F81/><W135/><G135/><T40/><D40/><U130/><E130/><V70/><F70/><W11/><G11/><T90/><D90/><N who="1" m="55767" /><E112/><V68/><F68/><W101/><G49/><AGARI ba="1,0" hai="16,23,27,49,53,59,72,73,74,80,83" m="48713" machi="49" ten="40,5200,0" yaku="18,1,52,1,54,1" doraHai="50" who="0" fromWho="3" sc="200,55,297,0,254,0,249,-55" /><INIT seed="3,0,0,0,1,126" ten="255,297,254,194" oya="3" hai0="90,97,35,79,78,42,129,84,106,115,24,77,20" hai1="112,49,62,8,81,5,89,31,22,96,127,55,86" hai2="74,28,16,67,13,61,50,51,75,108,73,95,80" hai3="53,15,43,17,92,36,83,54,87,123,47,107,19"/><W33/><G123/><T52/><D35/><U98/><E127/><V57/><F108/><W72/><G107/><T109/><D109/><U121/><E112/><V76/><F28/><W10/><G33/><T59/><D42/><U132/><E62/><V26/><F26/><W114/><G114/><T34/><D34/><U45/><E132/><V14/><F14/><W69/><G69/><T46/><D46/><U25/><E121/><V4/><F4/><W91/><G72/><T56/><D56/><U7/><E7/><V111/><F111/><W102/><G102/><T11/><D11/><U18/><E18/><V63/><F95/><W6/><REACH who="3" step="1"/><G83/><REACH who="3" ten="255,297,254,184" step="2"/><T21/><D106/><U2/><AGARI ba="0,1" hai="2,5,8,22,25,31,45,49,55,81,86,89,96,98" machi="2" ten="20,1500,0" yaku="0,1,7,1" doraHai="126" who="1" fromWho="1" sc="255,-4,297,25,254,-4,184,-7" owari="251,5.1,322,42.2,250,-15.0,177,-32.3" /></mjloggm>