<mjloggm ver="2.3"><GO type="225" lobby="0"/><UN n0="%E3%83%A9%E3%83%BC%E3%83%A1%E3%83%B3%E4%BA%94%E9%83%8E" n1="%E7%B4%94%E6%BD%94%E3%83%94%E3%83%A9%E3%83%8B%E3%82%A2" n2="%E6%A1%9C%E8%8A%B1%E9%96%83%E3%80%85" n3="%4C%4F%4C%49%54%41" dan="16,16,18,16" rate="2082.38,2157.77,2268.56,2186.80" sx="M,M,M,F"/><TAIKYOKU oya="0"/><INIT seed="0,0,0,0,3,124" ten="250,250,250,250" oya="0" hai0="62,17,18,132,1,39,57,61,13,22,58,38,102" hai1="84,79,126,49,20,73,64,93,98,50,26,30,87" hai2="41,37,94,109,59,134,32,90,104,48,16,2,67" hai3="44,121,15,35,60,103,34,65,85,27,81,112,97"/><T110/><D1/><U43/><E126/><V89/><F104/><W66/><G112/><T33/><D33/><U9/><E73/><V46/><F109/><W55/><G121/><T96/><D132/><U83/><E84/><V75/><F134/><W129/><G129/><T51/><D51/><U31/><E31/><V0/><F32/><W23/><G15/><T8/><D110/><U127/><E127/><V88/><F75/><W10/><G10/><T123/><D123/><U135/><E135/><V108/><F108/><W116/><G116/><T71/><D71/><U92/><E92/><V130/><F130/><W29/><G44/><T36/><D61/><U114/><E114/><V72/><F72/><W52/><G35/><T28/><D28/><U105/><E105/><V119/><F119/><W106/><G65/><T3/><D62/><U4/><E64/><V122/><F122/><W99/><G97/><T40/><D40/><U107/><E107/><V70/><F70/><W113/><G23/><T7/><REACH who="0" step="1"/><D18/><REACH who="0" ten="240,250,250,250" step="2"/><U53/><E43/><V56/><F0/><W117/><G113/><T118/><D118/><U101/><E53/><V68/><F2/><AGARI ba="0,1" hai="2,4,9,20,26,30,49,50,79,83,87,93,98,101" machi="2" ten="30,1000,0" yaku="7,1" doraHai="124" who="1" fromWho="2" sc="240,0,250,20,250,-10,250,0" /><INIT seed="1,0,0,5,1,17" ten="240,270,240,250" oya="1" hai0="39,77,29,132,51,109,35,104,49,133,94,134,4" hai1="118,135,130,90,127,66,47,103,76,13,87,81,93" hai2="20,68,46,98,100,59,78,80,8,125,108,72,82" hai3="115,55,73,96,86,111,83,16,60,52,126,23,129"/><U11/><E118/><V85/><F68/><W37/><G115/><T124/><D104/><U25/><E135/><V54/><F108/><W97/><G73/><T24/><D109/><U113/><E113/><V57/><F125/><W5/><G111/><T121/><D124/><U71/><E127/><V12/><F46/><W31/><G126/><T45/><D121/><U84/><E130/><V9/><F59/><N who="3" m="34919" /><G37/><T107/><D107/><U6/><E71/><V28/><F82/><W61/><G5/><T2/><D77/><U119/><E66/><V117/><F72/><W122/><G31/><T91/><D4/><U106/><E119/><V58/><F58/><N who="3" m="35039" /><G129/><T69/><D2/><U7/><E7/><V102/><F117/><W114/><G122/><T89/><D69/><U3/><E3/><V123/><F123/><W110/><G114/><T42/><REACH who="0" step="1"/><D89/><REACH who="0" ten="230,270,240,250" step="2"/><U21/><E106/><V22/><F102/><W44/><G110/><T79/><D79/><U48/><E103/><V38/><F100/><W74/><G74/><T105/><D105/><U15/><E6/><V27/><F38/><W33/><G33/><T112/><D112/><U1/><E1/><V131/><F131/><W34/><G34/><T101/><D101/><U19/><E11/><V75/><F75/><W0/><G0/><T18/><D18/><U64/><E64/><V43/><F8/><W56/><G16/><T36/><D36/><U14/><E48/><N who="2" m="30919" /><F9/><W26/><G23/><T128/><D128/><U41/><E41/><V95/><F43/><W53/><G53/><T32/><D32/><U67/><E67/><RYUUKYOKU ba="0,1" sc="230,15,270,15,240,-15,250,-15" hai0="24,29,35,39,42,45,49,51,91,94,132,133,134" hai1="13,14,15,19,21,25,47,76,81,84,87,90,93" /><INIT seed="1,1,1,3,5,86" ten="245,285,225,235" oya="1" hai0="3,12,98,8,19,32,31,119,106,73,48,58,129" hai1="101,108,65,134,126,131,7,15,17,67,63,43,11" hai2="100,18,92,44,81,52,23,118,14,41,26,35,5" hai3="33,96,93,115,37,40,25,2,49,36,105,132,77"/><U64/><E126/><V72/><F118/><W82/><G115/><T80/><D119/><U1/><E131/><V110/><F110/><W78/><G105/><T128/><D3/><U99/><E43/><V123/><F123/><W91/><G2/><T125/><D125/><U95/><E134/><V87/><F72/><W127/><G127/><T75/><D32/><U130/><E130/><N who="0" m="50281" /><D31/><U55/><E108/><V94/><F100/><W102/><G132/><T61/><D48/><U97/><E97/><V88/><F52/><W45/><G102/><N who="0" m="62807" /><D80/><U71/><REACH who="1" step="1"/><E55/><AGARI ba="1,1" hai="8,12,19,55,58,61,73,75" m="62807,50281" machi="55" ten="30,1000,0" yaku="19,1" doraHai="86" who="0" fromWho="1" sc="245,23,285,-13,225,0,235,0" /><INIT seed="2,0,0,2,4,40" ten="268,272,225,235" oya="2" hai0="61,96,71,37,114,33,116,90,118,20,78,25,8" hai1="127,3,106,111,49,104,19,42,102,124,123,121,30" hai2="24,110,51,66,105,53,10,7,18,29,130,79,47" hai3="84,109,12,11,95,22,28,2,101,68,86,125,50"/><V119/><F119/><N who="0" m="45610" /><D114/><U55/><E3/><V103/><F130/><W6/><G68/><T76/><D33/><U75/><E75/><V134/><F134/><W117/><G117/><T58/><D71/><U21/><E42/><V74/><F66/><W39/><G39/><T73/><D73/><U122/><E30/><V35/><F110/><W41/><G125/><N who="1" m="48202" /><E102/><V13/><F79/><W88/><G109/><T36/><D8/><U132/><E132/><V87/><F87/><N who="3" m="52639" /><G101/><T97/><D36/><U82/><E82/><V133/><F74/><W64/><G64/><N who="0" m="38967" /><D37/><U43/><E43/><V85/><F85/><W52/><G41/><T98/><D90/><U63/><E63/><V59/><F133/><W72/><G72/><T115/><D115/><U94/><E94/><V27/><F59/><N who="3" m="33175" /><G28/><AGARI ba="0,0" hai="20,25,28,76,78,96,97,98" m="38967,45610" machi="28" ten="30,1000,0" yaku="12,1" doraHai="40" who="0" fromWho="3" sc="268,10,272,0,225,0,235,-10" /><INIT seed="3,0,0,0,3,32" ten="278,272,225,225" oya="3" hai0="128,89,122,53,130,46,73,120,27,29,111,56,43" hai1="96,127,82,58,70,51,77,1,21,5,6,107,57" hai2="76,109,129,91,19,101,8,104,105,65,23,102,94" hai3="92,108,39,84,87,38,44,66,126,83,41,2,63"/><W26/><G126/><T98/><D73/><U9/><E70/><V114/><F65/><W79/><G2/><T12/><D12/><U115/><E115/><V74/><F8/><W116/><G116/><T72/><D72/><U64/><E6/><V100/><F23/><W113/><G113/><T34/><D111/><U17/><E64/><V48/><F48/><W121/><G121/><T33/><D33/><U88/><E51/><V10/><F114/><W80/><G108/><T13/><D13/><U47/><E47/><V85/><F19/><W118/><G118/><T62/><D89/><U93/><E107/><N who="2" m="41035" /><F10/><W78/><G92/><T18/><D98/><U68/><E68/><V3/><F3/><W49/><REACH who="3" step="1"/><G26/><REACH who="3" ten="278,272,225,215" step="2"/><T81/><D120/><U90/><E127/><V117/><F117/><W25/><G25/><T103/><D122/><U55/><E93/><N who="2" m="54511" /><F109/><W67/><G67/><T125/><D125/><U71/><E1/><V61/><F61/><W119/><G119/><T16/><D62/><U54/><E96/><N who="2" m="59415" /><F129/><W22/><G22/><T131/><D131/><U4/><E21/><V35/><F35/><W134/><G134/><T124/><D130/><U30/><E9/><V31/><F31/><W60/><G60/><T95/><D128/><U50/><E30/><V36/><F36/><W14/><G14/><T99/><D124/><U24/><E24/><V86/><F74/><W59/><AGARI ba="0,1" hai="38,39,41,44,49,59,63,66,78,79,80,83,84,87" machi="59" ten="20,7800,0" yaku="1,1,0,1,7,1,9,1,53,0" doraHai="32" doraHaiUra="132" who="3" fromWho="3" sc="278,-26,272,-26,225,-26,215,88" owari="252,5.2,246,-15.4,199,-30.1,303,40.3" /></mjloggm>