<mjloggm ver="2.3"><GO type="225" lobby="0"/><UN n0="%E5%B8%86%E7%AB%8B%E5%A4%8F%E8%A1%A3" n1="%E3%81%9F%E3%81%93%E2%98%86%E7%84%BC%E3%81%8D" n2="%E3%81%AF%E3%82%88%E3%81%8A%E3%81%98%E3%81%95%E3%82%93" n3="%E3%81%95%E3%81%8D%E3%81%9F%E3%81%BE%E6%9E%97%E6%AA%8E" dan="17,16,16,16" rate="2185.76,2091.65,2138.07,2160.68" sx="M,M,M,M"/><TAIKYOKU oya="0"/><INIT seed="0,0,0,3,2,15" ten="250,250,250,250" oya="0" hai0="77,71,54,53,133,85,120,115,14,49,112,35,97" hai1="32,109,18,126,121,134,86,91,40,1,104,63,130" hai2="51,43,30,6,87,102,131,118,65,119,135,10,29" hai3="17,23,81,100,89,78,38,42,22,44,3,4,92"/><T60/><D120/><U16/><E104/><V98/><F131/><W122/><G122/><T83/><D35/><U5/><E32/><V55/><F65/><W70/><G70/><T96/><D133/><U93/><E121/><V103/><F43/><W128/><G128/><T132/><D132/><U113/><E130/><V80/><F135/><W45/><G45/><T107/><D71/><U73/><E73/><V99/><F51/><W108/><G100/><N who="2" m="38441" /><F55/><W90/><G108/><T95/><D107/><U0/><E109/><V101/><N who="2" m="38449" /><V127/><DORA hai="114" /><F127/><W123/><G123/><T46/><D112/><U34/><E34/><V110/><F110/><W11/><G23/><T74/><D115/><U48/><E134/><V82/><F6/><W9/><G9/><T7/><D74/><U79/><E0/><V105/><F10/><W106/><G92/><T57/><D95/><U24/><E24/><V62/><F62/><W25/><REACH who="3" step="1"/><G106/><REACH who="3" ten="250,250,250,240" step="2"/><T39/><D39/><U47/><E113/><V59/><F105/><W20/><G20/><T61/><D61/><U12/><E63/><V94/><F94/><W124/><G124/><T58/><D46/><U50/><E126/><V72/><F59/><W125/><G125/><T67/><D67/><U36/><E93/><V117/><F98/><W69/><G69/><T13/><D7/><U66/><E47/><V52/><F99/><AGARI ba="0,1" hai="13,14,49,53,54,57,58,60,77,83,85,96,97,99" machi="99" ten="40,2000,0" yaku="8,1" doraHai="15,114" who="0" fromWho="2" sc="250,30,250,0,250,-20,240,0" /><INIT seed="0,1,0,0,0,59" ten="280,250,230,240" oya="0" hai0="14,75,42,102,8,24,58,94,99,27,50,134,16" hai1="60,125,85,133,100,55,69,38,103,20,119,72,68" hai2="82,57,35,45,90,21,0,132,121,3,86,107,15" hai3="48,47,41,23,124,6,104,77,84,123,74,49,116"/><T31/><D134/><U32/><E72/><V89/><F121/><W22/><G116/><T76/><D75/><U109/><E32/><V12/><F35/><W78/><G124/><T36/><D76/><U106/><E38/><V43/><F107/><W40/><G123/><T65/><D36/><U92/><E106/><V105/><F105/><W11/><G104/><T46/><D31/><U30/><E68/><V52/><F132/><W19/><G74/><T7/><D7/><U62/><E69/><V34/><F34/><W81/><G78/><T17/><D17/><U10/><E109/><V98/><F0/><W97/><G97/><T112/><D112/><U79/><E125/><V63/><F3/><W126/><G126/><T54/><D42/><U96/><E103/><V61/><F82/><W26/><G23/><T44/><REACH who="0" step="1"/><D65/><REACH who="0" ten="270,250,230,240" step="2"/><U73/><E73/><V70/><F43/><W33/><G41/><T87/><D87/><U88/><E79/><V135/><F86/><W4/><G4/><T95/><D95/><U53/><E133/><V101/><F135/><W80/><G80/><T129/><D129/><U131/><E131/><V9/><F9/><W120/><G120/><T93/><D93/><U83/><E10/><V122/><F122/><W18/><G18/><T67/><D67/><U115/><E115/><V5/><F5/><W71/><G6/><T39/><D39/><U91/><E30/><V118/><F21/><W128/><G11/><T127/><D127/><U130/><E20/><V28/><F28/><W113/><G128/><T111/><D111/><U117/><E130/><RYUUKYOKU ba="1,1" sc="270,30,250,-10,230,-10,240,-10" hai0="8,14,16,24,27,44,46,50,54,58,94,99,102" /><INIT seed="0,2,1,2,1,90" ten="300,240,220,230" oya="0" hai0="31,107,55,53,85,5,135,60,74,49,37,58,127" hai1="10,83,94,115,71,134,43,109,41,125,32,119,36" hai2="120,13,22,59,87,16,67,121,29,33,44,105,111" hai3="14,133,73,52,61,130,56,84,62,112,95,132,101"/><T103/><D127/><U2/><RYUUKYOKU type="yao9" ba="2,1" sc="300,0,240,0,220,0,230,0" hai1="2,10,32,36,41,43,71,83,94,109,115,119,125,134" /><INIT seed="0,3,1,0,2,95" ten="300,240,220,230" oya="0" hai0="88,114,73,34,17,26,121,29,129,54,79,89,124" hai1="60,35,0,81,38,120,123,128,117,64,82,58,23" hai2="33,99,20,100,74,52,104,41,2,105,76,12,31" hai3="10,3,47,11,132,14,134,32,24,42,97,5,122"/><T80/><D114/><U90/><E117/><V94/><F2/><W66/><G122/><T67/><D121/><U6/><E35/><V93/><F33/><W21/><G66/><T55/><D129/><U30/><E38/><V44/><F74/><W25/><G32/><T84/><D124/><U91/><E128/><V131/><F131/><W92/><G134/><T40/><D67/><U46/><E6/><V83/><F93/><W112/><G112/><T8/><D40/><U77/><E0/><V110/><F110/><W101/><G21/><T37/><D37/><U107/><E107/><V98/><F104/><W62/><G62/><T119/><D119/><U125/><E46/><V45/><F41/><W68/><G68/><T7/><D17/><U56/><E56/><V96/><F105/><W85/><G85/><T18/><D18/><U28/><E28/><V111/><F111/><W63/><G63/><T43/><D43/><U71/><E125/><V75/><F44/><W53/><G53/><T22/><D34/><U103/><E103/><V86/><F75/><W135/><G135/><T16/><D29/><U51/><E90/><N who="0" m="34921" /><D73/><U50/><E71/><V116/><F116/><W109/><G109/><T102/><D102/><U4/><E4/><V39/><F39/><N who="3" m="21983" /><G132/><T115/><D115/><U130/><E130/><V113/><F113/><W69/><G69/><T27/><D27/><N who="1" m="16767" /><E123/><V133/><F133/><W9/><G3/><T36/><D36/><U106/><E106/><V1/><F1/><W49/><G49/><T65/><D65/><U126/><E120/><V72/><F72/><RYUUKYOKU ba="3,1" sc="300,15,240,-15,220,-15,230,15" hai0="7,8,16,22,26,54,55,79,80,84" hai3="5,9,10,11,14,24,25,92,97,101" /><INIT seed="0,4,1,5,2,127" ten="315,225,205,245" oya="0" hai0="73,20,102,112,25,24,66,129,22,67,82,68,28" hai1="17,6,54,115,18,52,11,93,126,27,14,19,51" hai2="108,29,78,84,83,36,111,44,86,13,133,99,31" hai3="58,41,64,107,49,125,53,0,42,5,119,69,98"/><T80/><D129/><U26/><E126/><V103/><F133/><W124/><G119/><T70/><D112/><U60/><E115/><V114/><F114/><W59/><G125/><T104/><D102/><U95/><E60/><V89/><F13/><W131/><G131/><T71/><D104/><U23/><E54/><V130/><F130/><W37/><G69/><T40/><D40/><U88/><E95/><N who="2" m="54695" /><F44/><W123/><G123/><T45/><D45/><N who="1" m="27759" /><E27/><V85/><F36/><W12/><G0/><T3/><D3/><U57/><E57/><V101/><F101/><W8/><G37/><T97/><D97/><AGARI ba="4,1" hai="6,11,14,17,18,19,23,26,88,93,97" m="27759" machi="97" ten="30,3900,0" yaku="8,1,54,2" doraHai="127" who="1" fromWho="0" sc="315,-51,225,61,205,0,245,0" /><INIT seed="1,0,0,0,3,85" ten="264,286,205,245" oya="1" hai0="81,44,36,108,40,13,119,24,33,1,68,53,34" hai1="71,30,16,66,126,41,37,79,61,106,77,135,64" hai2="12,2,93,18,89,60,51,128,54,22,59,25,116" hai3="9,19,50,23,65,121,76,129,21,104,114,95,78"/><U92/><E64/><V4/><F128/><W14/><G114/><T132/><D68/><U32/><E106/><V115/><F116/><W15/><G129/><T5/><D119/><U7/><E7/><V42/><F115/><W49/><G104/><T124/><D124/><U94/><E135/><V43/><F2/><W55/><G121/><T58/><D132/><U27/><E126/><V105/><F105/><W67/><G95/><T20/><D108/><U28/><E28/><V90/><F93/><W6/><G23/><T102/><D102/><U0/><E0/><V72/><F72/><W70/><G70/><T75/><D13/><U98/><E41/><N who="2" m="15371" /><F51/><N who="3" m="19467" /><G55/><T56/><D53/><U134/><E37/><V122/><F122/><W127/><G127/><T120/><D34/><U52/><E52/><N who="2" m="33895" /><F4/><W69/><G69/><T82/><D33/><U86/><E94/><V62/><F25/><W83/><G83/><N who="0" m="31755" /><D75/><U100/><E86/><V111/><F111/><W74/><G74/><T10/><D120/><U87/><E87/><V118/><F118/><W35/><G35/><T48/><D36/><U84/><E84/><V130/><F130/><W8/><G8/><T91/><D40/><U38/><E38/><V31/><F31/><W88/><G88/><N who="2" m="33897" /><F54/><W133/><G133/><T109/><D109/><U99/><E134/><V29/><F29/><W73/><G73/><T97/><D91/><U113/><E113/><V26/><F26/><W63/><G63/><AGARI ba="0,0" hai="12,18,22,62,63" m="33897,33895,15371" machi="63" ten="30,12000,2" yaku="8,1,52,3,54,2" doraHai="85" who="2" fromWho="3" sc="264,0,286,0,205,120,245,-120" /><INIT seed="2,0,0,2,2,27" ten="264,286,325,125" oya="2" hai0="58,124,33,116,59,67,35,17,11,22,26,45,96" hai1="101,42,3,130,133,49,113,106,111,108,110,41,77" hai2="4,121,34,6,79,82,30,56,25,64,0,126,83" hai3="14,86,94,97,114,18,36,76,24,40,109,54,51"/><V50/><F121/><W85/><G109/><T13/><D124/><U38/><E3/><V87/><F126/><W132/><G132/><T15/><D116/><U84/><E38/><V32/><F32/><W89/><G114/><T123/><D123/><U91/><E113/><V125/><F125/><W48/><G36/><T122/><D122/><U127/><E77/><V90/><F0/><W81/><G40/><T107/><D45/><U16/><E127/><V8/><F8/><W104/><G104/><T10/><D96/><N who="1" m="61735" /><E133/><V95/><F82/><W99/><G24/><T88/><D88/><U72/><E72/><V135/><F135/><W31/><G51/><T93/><D93/><N who="1" m="54503" /><E49/><V57/><F57/><W71/><G71/><T55/><D107/><U128/><E16/><V5/><F50/><W7/><G7/><N who="0" m="3295" /><D67/><U134/><E134/><V12/><F12/><W37/><G37/><T98/><D59/><U60/><E60/><V20/><F34/><W53/><G53/><T61/><D98/><U47/><E47/><V75/><REACH who="2" step="1"/><F4/><REACH who="2" ten="264,286,315,125" step="2"/><W74/><G74/><T80/><D80/><U66/><E108/><V78/><F78/><W129/><G129/><T117/><D35/><U69/><E110/><V131/><F131/><W115/><G115/><T23/><D33/><U119/><E111/><V19/><F19/><W103/><G76/><T92/><D11/><U1/><E130/><V73/><F73/><W63/><G18/><N who="0" m="10591" /><D117/><U118/><E128/><V39/><F39/><W52/><G81/><T120/><D120/><U62/><E1/><V21/><F21/><W105/><G48/><RYUUKYOKU ba="0,1" sc="264,10,286,10,315,10,125,-30" hai0="17,23,26,55,58,61,92" hai1="41,42,62,66,69,118,119" hai2="5,6,20,25,30,56,64,75,79,83,87,90,95" /><INIT seed="2,1,1,1,1,129" ten="274,296,325,95" oya="2" hai0="79,44,57,7,107,42,104,50,86,80,21,119,115" hai1="105,33,36,116,53,1,45,19,101,22,82,40,41" hai2="18,37,93,110,70,131,24,2,95,13,111,99,59" hai3="113,88,4,9,125,94,27,114,87,75,97,109,112"/><V17/><F70/><W29/><G109/><N who="2" m="41481" /><F2/><W58/><G75/><T91/><D115/><U61/><E33/><V71/><F71/><W30/><G125/><T126/><D119/><U122/><E1/><V100/><F131/><W38/><G38/><T67/><D126/><U64/><E40/><V92/><F37/><W54/><G97/><T48/><D107/><U49/><E116/><V51/><F24/><W90/><G90/><T132/><D104/><U11/><E11/><N who="2" m="6335" /><F18/><W123/><G123/><T0/><D0/><U31/><E31/><V108/><N who="2" m="41489" /><V39/><DORA hai="46" /><F39/><W77/><G77/><T83/><D7/><U118/><E122/><V23/><F23/><W117/><G117/><T20/><D132/><U60/><E118/><V128/><F128/><W103/><G103/><T85/><D67/><U84/><E101/><V6/><F6/><W66/><G66/><T3/><D3/><U134/><E64/><V135/><F135/><W69/><G69/><T55/><AGARI ba="1,1" hai="20,21,42,44,48,50,55,57,79,80,83,85,86,91" machi="55" ten="30,7900,0" yaku="0,1,8,1,52,2" doraHai="129,46" who="0" fromWho="0" sc="274,92,296,-21,325,-40,95,-21" /><INIT seed="3,0,0,0,5,16" ten="366,275,285,74" oya="3" hai0="94,11,81,120,37,119,91,7,109,131,35,48,123" hai1="77,130,6,43,42,44,97,63,124,95,45,53,56" hai2="33,78,75,80,61,27,83,108,104,19,132,134,46" hai3="58,14,102,36,49,59,25,114,67,122,79,20,65"/><W29/><G114/><T118/><D37/><U4/><E130/><V26/><F108/><W17/><G122/><T100/><D35/><U85/><E124/><V2/><F104/><W127/><G127/><T106/><D48/><U22/><E44/><V103/><F103/><W60/><G36/><T129/><D109/><U64/><E43/><V23/><F2/><W82/><G102/><T113/><D113/><U55/><E77/><V38/><F46/><W18/><G14/><T21/><D81/><U0/><E85/><V62/><F38/><W40/><G40/><T125/><D125/><U74/><E74/><V121/><F121/><W30/><G30/><T69/><D100/><U126/><E126/><V133/><F83/><W15/><G15/><N who="0" m="5631" /><D106/><U41/><E55/><V32/><F32/><W76/><G76/><T110/><D110/><U24/><E0/><V39/><F39/><W66/><G66/><T28/><D69/><U135/><E135/><V71/><F71/><W70/><G70/><T52/><D52/><U3/><E3/><V84/><F75/><W105/><G105/><T107/><D107/><U117/><E53/><V99/><F99/><W51/><G51/><T31/><D123/><U112/><E112/><V13/><F27/><W92/><G92/><T88/><D120/><U47/><E117/><N who="0" m="44553" /><D31/><AGARI ba="0,0" hai="13,19,23,26,31,33,61,62,78,80,84,132,133,134" machi="31" ten="40,2600,0" yaku="20,1,52,1" doraHai="16" who="2" fromWho="0" sc="366,-26,275,0,285,26,74,0" owari="340,44.0,275,-12.5,311,11.1,74,-42.6" /></mjloggm>