<mjloggm ver="2.3"><GO type="225" lobby="0"/><UN n0="%E3%80%93%E3%81%97%E3%83%BC%E3%82%89%E3%80%93" n1="%6D%75%75%73%61%6E%6D%75" n2="%E6%A1%9C%E8%8A%B1%E9%96%83%E3%80%85" n3="%E3%81%A4%E3%81%A3%E3%81%B1%E3%82%8A%E3%83%9D%E3%83%BC%E3%83%AB" dan="16,16,16,16" rate="2159.93,2163.47,2166.18,2163.46" sx="M,F,M,M"/><TAIKYOKU oya="0"/><INIT seed="0,0,0,3,1,61" ten="250,250,250,250" oya="0" hai0="86,0,51,98,4,11,99,13,133,100,19,58,108" hai1="47,76,41,57,34,80,91,92,29,135,39,27,113" hai2="71,48,101,22,24,6,23,54,85,70,66,33,5" hai3="67,38,36,131,35,97,15,49,3,118,40,30,90"/><T114/><D114/><U12/><E113/><V50/><F33/><W42/><G3/><T95/><D133/><U16/><E135/><V10/><F101/><W65/><G118/><T69/><D69/><U79/><E57/><V127/><F127/><W64/><G35/><T123/><D123/><U88/><E92/><V59/><F85/><W75/><G75/><T52/><D108/><U1/><E1/><V73/><F73/><W20/><G131/><T72/><D72/><U119/><E119/><V37/><F37/><W74/><G74/><T77/><D99/><U115/><E115/><V104/><F104/><W45/><G42/><T87/><REACH who="0" step="1"/><D77/><REACH who="0" ten="240,250,250,250" step="2"/><U89/><REACH who="1" step="1"/><E80/><REACH who="1" ten="240,240,250,250" step="2"/><V46/><F71/><W120/><G120/><T129/><D129/><U26/><E26/><V81/><F81/><W14/><G97/><T32/><D32/><U31/><E31/><V128/><F24/><W103/><G30/><T63/><D63/><U21/><AGARI ba="0,2" hai="12,16,21,27,29,34,39,41,47,76,79,88,89,91" machi="21" ten="30,7900,0" yaku="1,1,0,1,54,2,53,0" doraHai="61" doraHaiUra="134" who="1" fromWho="1" sc="240,-39,240,99,250,-20,250,-20" /><INIT seed="1,0,0,2,4,27" ten="201,339,230,230" oya="1" hai0="51,107,7,37,80,120,93,41,44,26,105,130,127" hai1="104,75,97,63,83,90,19,88,92,82,85,123,23" hai2="119,67,103,29,24,15,70,99,65,59,5,53,86" hai3="31,87,72,71,98,14,84,109,58,54,68,112,17"/><U100/><E123/><V79/><F119/><W128/><G112/><T76/><D120/><U118/><E118/><V32/><F70/><W52/><G72/><T46/><D127/><U56/><E75/><V132/><F132/><W89/><G71/><T30/><D130/><U36/><E36/><V49/><F79/><W9/><G68/><T111/><D7/><U96/><E82/><V45/><F86/><N who="3" m="32811" /><G128/><T28/><D111/><U1/><E1/><V124/><F124/><W126/><G126/><T60/><D80/><U101/><E101/><V121/><F121/><W108/><G31/><T21/><D76/><U42/><E42/><V110/><F110/><N who="3" m="42603" /><G58/><T33/><D60/><U73/><E73/><V131/><F131/><W2/><G2/><T133/><D133/><U95/><E104/><V40/><F15/><W4/><G4/><T62/><D62/><U50/><E50/><V66/><F5/><W0/><G0/><T3/><D3/><U134/><E134/><V115/><F115/><W135/><G135/><T78/><D78/><U55/><E19/><V10/><F10/><W64/><G64/><T129/><D129/><U57/><E56/><V61/><REACH who="2" step="1"/><F67/><REACH who="2" ten="201,339,220,230" step="2"/><W102/><G89/><T20/><D107/><AGARI ba="0,1" hai="24,29,32,40,45,49,53,59,61,65,66,99,103,107" machi="107" ten="30,7700,0" yaku="1,1,2,1,7,1,52,1,53,0" doraHai="27" doraHaiUra="81" who="2" fromWho="0" sc="201,-77,339,0,220,87,230,0" /><AGARI ba="0,0" hai="9,14,17,52,54,98,102,107" m="42603,32811" machi="107" ten="30,2000,0" yaku="14,1,54,1" doraHai="27" who="3" fromWho="0" sc="124,-20,339,0,307,0,230,20" /><INIT seed="2,0,0,1,1,51" ten="104,339,307,250" oya="2" hai0="74,59,34,50,7,6,121,15,53,100,120,89,68" hai1="131,122,123,84,98,79,54,102,90,29,46,88,45" hai2="115,40,67,108,111,60,26,42,61,31,83,62,32" hai3="104,10,64,118,72,97,133,92,71,106,22,65,24"/><V126/><F115/><W93/><G118/><T117/><D74/><U125/><E125/><V0/><F0/><W36/><G133/><T130/><D68/><U85/><E131/><V69/><F126/><W96/><G36/><T28/><D130/><U41/><E29/><V81/><F67/><W12/><G72/><T103/><D117/><U63/><E79/><V66/><F66/><W49/><G71/><T94/><D120/><N who="1" m="46123" /><E41/><N who="2" m="15979" /><F69/><W135/><G135/><T87/><D121/><U18/><E18/><V110/><AGARI ba="0,0" hai="26,31,32,60,61,62,81,83,108,110,111" m="15979" machi="110" ten="40,3900,0" yaku="14,1,10,1" doraHai="51" who="2" fromWho="2" sc="104,-13,339,-13,307,39,250,-13" /><INIT seed="2,1,0,5,1,97" ten="91,326,346,237" oya="2" hai0="18,34,95,109,88,47,126,134,89,35,8,113,69" hai1="121,14,24,46,83,111,116,32,43,22,53,103,71" hai2="99,31,130,72,65,119,86,92,37,27,85,57,21" hai3="117,73,11,82,28,52,16,62,48,36,77,110,124"/><V135/><F119/><W55/><G117/><T30/><D69/><U108/><E116/><V81/><F37/><W80/><G36/><T25/><D113/><U114/><E114/><V67/><F135/><W19/><G110/><T7/><D134/><U91/><E71/><V50/><F130/><W38/><G38/><T100/><D109/><U6/><E32/><V125/><F125/><W127/><G28/><T3/><D35/><U102/><E43/><V115/><F115/><W54/><G62/><T75/><D75/><U56/><E46/><V120/><F120/><W1/><G80/><T70/><D70/><U78/><E108/><V68/><F68/><W17/><REACH who="3" step="1"/><G48/><REACH who="3" ten="91,326,346,227" step="2"/><T40/><D126/><U5/><E111/><V84/><F81/><W122/><G122/><T20/><D47/><U60/><E121/><V132/><F132/><W51/><G51/><T96/><REACH who="0" step="1"/><D40/><REACH who="0" ten="81,326,346,227" step="2"/><U2/><E2/><V44/><F72/><W23/><G23/><T106/><D106/><U105/><E105/><V58/><F44/><W123/><G123/><T90/><D90/><U76/><E91/><N who="2" m="55711" /><F58/><W128/><G128/><T66/><D66/><U29/><E78/><V131/><F131/><W10/><G10/><T63/><D63/><U4/><REACH who="1" step="1"/><E14/><AGARI ba="1,2" hai="3,7,8,14,18,20,25,30,34,88,89,95,96,100" machi="14" ten="30,12000,2" yaku="1,1,7,1,24,2,52,1,54,1,53,0" doraHai="97" doraHaiUra="74" who="0" fromWho="1" sc="81,143,326,-123,346,0,227,0" /><INIT seed="3,0,0,2,3,71" ten="224,203,346,227" oya="3" hai0="5,57,32,124,127,48,115,52,128,80,121,31,62" hai1="16,119,74,12,22,27,44,63,11,34,113,132,4" hai2="47,25,110,38,59,131,19,83,76,66,68,28,122" hai3="97,118,104,105,94,18,46,126,112,9,79,3,123"/><W81/><G118/><T114/><D121/><U40/><E74/><V72/><F110/><W39/><G112/><N who="0" m="43051" /><D128/><U67/><E113/><V117/><F117/><W21/><G123/><T7/><D80/><U43/><E119/><V37/><F122/><W45/><G45/><N who="0" m="27663" /><D31/><U36/><E132/><V108/><F108/><W61/><G61/><T56/><D32/><U125/><E125/><N who="0" m="48201" /><D56/><U15/><E43/><V33/><F59/><W78/><G126/><T134/><D134/><U107/><E107/><V90/><F28/><W133/><G133/><T8/><D8/><U96/><E96/><V120/><F33/><W91/><G105/><T98/><D98/><U129/><E34/><V41/><F83/><W106/><G81/><T50/><D50/><U60/><E129/><V29/><F29/><W73/><G106/><T116/><D116/><U26/><E63/><V1/><F131/><W86/><G97/><T13/><D13/><U23/><E22/><V111/><F25/><W84/><G104/><T55/><AGARI ba="0,0" hai="5,7,55,57,62" m="48201,27663,43051" machi="55" ten="30,4000,0" yaku="11,1,18,1,54,1" doraHai="71" who="0" fromWho="0" sc="224,40,203,-10,346,-10,227,-20" owari="264,6.4,193,-30.7,336,43.6,207,-19.3" /></mjloggm>