<mjloggm ver="2.3"><GO type="225" lobby="0"/><UN n0="%E7%90%B4%E6%9F%B3" n1="%E9%80%9F%E6%B0%B4%E5%87%9B%E9%A6%99" n2="%E5%B8%86%E7%AB%8B%E5%A4%8F%E8%A1%A3" n3="%E3%81%8F%E3%81%BE%E3%81%96%E3%82%8F" dan="16,16,16,16" rate="2118.79,2094.16,2103.52,2052.28" sx="F,F,M,M"/><TAIKYOKU oya="0"/><INIT seed="0,0,0,3,0,29" ten="250,250,250,250" oya="0" hai0="80,126,135,75,118,17,67,79,96,94,106,18,128" hai1="100,23,10,130,93,114,105,88,8,103,31,109,72" hai2="86,7,121,35,45,24,41,124,61,125,21,122,43" hai3="19,27,98,54,63,1,52,39,92,90,117,134,25"/><T40/><D118/><U73/><E109/><V51/><F7/><W62/><G117/><T82/><D128/><U65/><E130/><V30/><F61/><N who="3" m="23051" /><G39/><T78/><D67/><U22/><E65/><V85/><F43/><W84/><G1/><T66/><D66/><U0/><E0/><V20/><F20/><N who="3" m="13471" /><G134/><T34/><D135/><U131/><E131/><V28/><F28/><W69/><G69/><T102/><D126/><N who="2" m="48746" /><F21/><W129/><G129/><T53/><D53/><N who="3" m="20585" /><G98/><T32/><D40/><U89/><E31/><V60/><F60/><W44/><G44/><T123/><D123/><AGARI ba="0,0" hai="24,30,35,41,45,51,85,86,121,122,123" m="48746" machi="123" ten="30,2000,0" yaku="18,1,52,1" doraHai="29" who="2" fromWho="0" sc="250,-20,250,0,250,20,250,0" /><INIT seed="1,0,0,5,0,78" ten="230,250,270,250" oya="1" hai0="28,30,72,64,94,43,12,93,56,9,36,5,51" hai1="122,126,7,52,20,22,131,8,84,19,123,55,17" hai2="45,11,119,63,38,133,42,21,107,90,80,33,37" hai3="67,29,85,106,130,24,60,101,16,53,102,58,114"/><U87/><E7/><V95/><F119/><W47/><G130/><T121/><D72/><U44/><E8/><V110/><F110/><W49/><G114/><T96/><D36/><U61/><E61/><V135/><F107/><W125/><G125/><T4/><D121/><U15/><E44/><V129/><F33/><W99/><G102/><T34/><D4/><U40/><E40/><V35/><F35/><W100/><G101/><T39/><D39/><U79/><E79/><V92/><F129/><W109/><G109/><T81/><D34/><U113/><E131/><V91/><F11/><W1/><G1/><T62/><D81/><U104/><E104/><V116/><F116/><W10/><G29/><T108/><D108/><U115/><REACH who="1" step="1"/><E15/><REACH who="1" ten="230,240,270,250" step="2"/><V27/><F63/><W59/><G10/><T14/><D14/><U57/><E57/><V77/><F45/><W71/><G58/><T26/><D43/><U18/><E18/><V0/><F42/><W103/><G16/><T70/><D56/><U124/><AGARI ba="0,1" hai="17,19,20,22,52,55,84,87,113,115,122,123,124,126" machi="124" ten="25,18000,2" yaku="1,1,0,1,22,2,54,1,53,2" doraHai="78" doraHaiUra="117" who="1" fromWho="1" sc="230,-60,240,190,270,-60,250,-60" /><INIT seed="1,1,0,4,2,117" ten="170,430,210,190" oya="1" hai0="8,101,121,126,79,35,134,66,49,64,104,45,39" hai1="112,5,86,60,92,99,52,65,7,36,98,13,48" hai2="129,93,75,20,40,97,55,72,25,90,33,120,54" hai3="56,73,128,58,131,57,76,24,19,105,34,103,50"/><U12/><E36/><V14/><F129/><N who="3" m="49739" /><G73/><T108/><D39/><U26/><E26/><V114/><F114/><W94/><G76/><T68/><D35/><U63/><E112/><V9/><F33/><W44/><G105/><T67/><D134/><U127/><E127/><V15/><F75/><W41/><G103/><T53/><D126/><U3/><E3/><V10/><F72/><W27/><G94/><T16/><D79/><U122/><E86/><V85/><F120/><W130/><N who="3" m="49747" /><W11/><DORA hai="109" /><G34/><T83/><D108/><U30/><E122/><V1/><F40/><W107/><G107/><T87/><D68/><U2/><E30/><V32/><F32/><W6/><G19/><T84/><D104/><U100/><E98/><V133/><F133/><W0/><AGARI ba="1,0" hai="0,6,11,24,27,41,44,50,56,57,58" m="49747" machi="0" ten="50,1600,0" yaku="19,1" doraHai="117,109" who="3" fromWho="3" sc="170,-5,430,-9,210,-5,190,19" /><INIT seed="2,0,0,2,2,32" ten="165,421,205,209" oya="2" hai0="1,99,64,115,111,70,132,128,79,26,20,22,103" hai1="7,117,9,2,58,73,80,126,15,82,40,109,72" hai2="65,95,37,38,114,25,8,112,130,54,107,56,50" hai3="113,52,31,35,92,91,105,5,123,133,27,17,51"/><V18/><F107/><W0/><G123/><T71/><D115/><U118/><E109/><V100/><F130/><W97/><G133/><T41/><D111/><U11/><E126/><V85/><F38/><W124/><G124/><T98/><D128/><U94/><E94/><V47/><F65/><W104/><G113/><T62/><D132/><U21/><E21/><V39/><F39/><W110/><G110/><T76/><D41/><U13/><E40/><V14/><F37/><W61/><G61/><T45/><D45/><U108/><E58/><V134/><F134/><W122/><G122/><T119/><D119/><U28/><E28/><V93/><F47/><W53/><G53/><T96/><D103/><U12/><E108/><V121/><F121/><W67/><G67/><T3/><D62/><U69/><E69/><N who="0" m="26121" /><D64/><U6/><E12/><V19/><F100/><W68/><G68/><T24/><D22/><U75/><REACH who="1" step="1"/><E73/><REACH who="1" ten="165,411,205,209" step="2"/><V66/><F114/><W48/><G105/><T74/><D20/><U60/><E60/><V89/><F112/><W10/><G104/><T129/><D129/><U106/><E106/><V88/><F66/><W87/><G52/><T116/><D116/><U34/><E34/><V49/><F25/><N who="0" m="9834" /><D74/><U84/><E84/><N who="2" m="52359" /><F50/><N who="3" m="18987" /><G87/><T4/><D4/><AGARI ba="0,1" hai="4,8,14,18,19,49,54,56,85,89,95" m="52359" machi="4" ten="30,2900,0" yaku="8,1,54,1" doraHai="32" who="2" fromWho="0" sc="165,-29,411,0,205,39,209,0" /><INIT seed="2,1,0,5,4,18" ten="136,411,244,209" oya="2" hai0="28,51,84,52,30,89,93,125,35,12,110,87,39" hai1="99,71,24,8,4,85,135,95,32,103,36,113,48" hai2="22,68,134,17,42,53,123,74,101,46,19,47,72" hai3="49,55,100,129,0,38,109,45,60,78,34,83,3"/><V111/><F123/><W121/><G121/><T92/><D110/><U132/><E36/><V27/><F68/><W130/><G34/><T73/><D73/><U94/><E71/><V62/><F134/><N who="1" m="51241" /><E113/><V96/><F111/><W21/><G109/><T59/><D39/><U115/><E115/><V64/><F64/><W102/><G38/><T75/><D75/><U14/><E48/><V128/><F128/><N who="3" m="49259" /><G60/><T107/><D107/><N who="1" m="63999" /><E85/><V31/><F74/><N who="3" m="43479" /><G21/><T6/><D125/><U76/><E76/><V29/><F72/><W108/><G108/><T63/><D35/><U56/><E56/><N who="2" m="35087" /><F42/><W86/><G86/><T124/><D124/><U82/><E82/><V119/><F119/><W11/><G0/><T65/><D6/><AGARI ba="1,0" hai="3,6,11,45,49,55,100,102" m="43479,49259" machi="6" ten="30,1000,0" yaku="19,1" doraHai="18" who="3" fromWho="0" sc="136,-13,411,0,244,0,209,13" /><INIT seed="3,0,0,5,3,16" ten="123,411,244,222" oya="3" hai0="33,6,25,75,4,9,114,12,64,112,113,129,20" hai1="93,121,117,103,80,88,22,87,27,95,10,7,17" hai2="84,55,14,126,135,47,43,72,1,99,128,96,60" hai3="133,49,69,79,36,41,58,44,26,42,100,86,37"/><W119/><G119/><T116/><D75/><U122/><E121/><V118/><F72/><W74/><G74/><T0/><D64/><U130/><E122/><V106/><F1/><W71/><G100/><T98/><D98/><U127/><E130/><V97/><F128/><W56/><G79/><T83/><D83/><U76/><E127/><V77/><F135/><W134/><G86/><T48/><D48/><U120/><E120/><V94/><F126/><W62/><G26/><T107/><D107/><U61/><E117/><V53/><F106/><W13/><G13/><T31/><D129/><U73/><E61/><V111/><F111/><W132/><G49/><T81/><D81/><U32/><E32/><V2/><F2/><W52/><G56/><T124/><D124/><U54/><E54/><V109/><F109/><W123/><G123/><T65/><D65/><U34/><E34/><V35/><F35/><W57/><G57/><T66/><D66/><U29/><E103/><V90/><F77/><W51/><G51/><T38/><D38/><U28/><E95/><V45/><F118/><W125/><G125/><T89/><D116/><U105/><E105/><V18/><F43/><W104/><G104/><T91/><D6/><U50/><E50/><V59/><F55/><W8/><G8/><AGARI ba="0,0" hai="8,14,18,45,47,53,59,60,84,90,94,96,97,99" machi="8" ten="40,1300,0" yaku="8,1" doraHai="16" who="2" fromWho="3" sc="123,0,411,0,244,13,222,-13" owari="123,-37.7,411,51.1,257,5.7,209,-19.1" /></mjloggm>