<mjloggm ver="2.3"><GO type="225" lobby="0"/><UN n0="%77%72%77%72%77%72%77%72" n1="%E3%81%99%E3%81%84%E3%81%BE%E3%81%9B%E3%83%BC%E3%82%93" n2="%E3%83%93%E3%82%BF%E3%83%BC%E3%82%AD%E3%83%A3%E3%83%A9%E3%83%A1%E3%83%AB" n3="%E9%80%9F%E6%B0%B4%E5%87%9B%E9%A6%99" dan="16,16,16,16" rate="2134.57,2108.92,2048.08,2126.05" sx="M,M,M,F"/><TAIKYOKU oya="0"/><INIT seed="0,0,0,0,1,1" ten="250,250,250,250" oya="0" hai0="115,94,61,23,71,36,79,57,7,112,53,55,111" hai1="19,3,125,11,10,102,5,90,12,93,107,99,116" hai2="26,120,39,46,124,78,103,121,2,104,73,100,113" hai3="66,91,130,15,59,35,80,29,14,32,30,68,69"/><T16/><D36/><U126/><REACH who="1" step="1"/><E116/><REACH who="1" ten="250,240,250,250" step="2"/><V42/><F121/><W110/><G110/><T56/><D111/><U72/><E72/><V83/><F120/><W105/><G130/><T134/><D115/><U62/><E62/><V21/><F113/><W122/><G122/><T89/><D112/><U131/><E131/><V18/><F124/><W67/><G68/><T22/><D71/><U123/><E123/><V128/><F128/><W88/><G69/><T9/><D134/><U118/><E118/><V84/><F104/><W52/><G105/><T76/><D76/><U45/><E45/><V96/><F96/><AGARI ba="0,1" hai="3,5,10,11,12,19,90,93,96,99,102,107,125,126" machi="96" ten="40,5200,0" yaku="21,2,52,1,53,0" doraHai="1" doraHaiUra="127" who="1" fromWho="2" sc="250,0,240,62,250,-52,250,0" /><INIT seed="1,0,0,5,0,123" ten="250,302,198,250" oya="1" hai0="9,10,2,73,119,54,74,47,40,101,130,116,35" hai1="126,86,105,102,117,111,29,108,84,127,18,129,97" hai2="38,7,114,100,15,104,91,92,70,95,79,113,75" hai3="31,32,42,13,48,122,36,46,96,59,26,52,65"/><U12/><E117/><V3/><F70/><W87/><G122/><T53/><D35/><U34/><E129/><V8/><F38/><W37/><G87/><N who="1" m="33322" /><E29/><V49/><F75/><W60/><G13/><T66/><D130/><U78/><E78/><V72/><F104/><W135/><G135/><T39/><D101/><U21/><E34/><V90/><F100/><W120/><G120/><T107/><D107/><U81/><E81/><V106/><F106/><W109/><G109/><AGARI ba="0,0" hai="12,18,21,97,102,105,108,109,111,126,127" m="33322" machi="109" ten="30,12000,1" yaku="14,1,10,1,52,3" doraHai="123" who="1" fromWho="3" sc="250,0,302,120,198,0,250,-120" /><INIT seed="1,1,0,4,2,51" ten="250,422,198,130" oya="1" hai0="130,75,43,65,106,32,117,67,4,132,129,123,83" hai1="12,40,97,25,29,104,107,116,18,16,80,108,37" hai2="33,44,82,102,23,5,93,134,55,41,115,9,36" hai3="11,57,46,63,42,73,125,53,94,22,17,28,95"/><U128/><E116/><V15/><F115/><W78/><G125/><T72/><D117/><U13/><E128/><N who="0" m="49257" /><D123/><U19/><E108/><V56/><F33/><W79/><G73/><T52/><D106/><U99/><E80/><V118/><F118/><W10/><G28/><T27/><D43/><U68/><E68/><V48/><F134/><W112/><G112/><T98/><D132/><U88/><E40/><V34/><F34/><W45/><G45/><T120/><D120/><U64/><E64/><N who="0" m="24649" /><D98/><U39/><E107/><V21/><F102/><W3/><G3/><T20/><D4/><U49/><E104/><V133/><F133/><W61/><G61/><T24/><D24/><U127/><E127/><V6/><F93/><N who="3" m="35339" /><G46/><T121/><D32/><U59/><E39/><V14/><F82/><W92/><N who="3" m="35347" /><W91/><DORA hai="110" /><G91/><T60/><D83/><U50/><E37/><V77/><F77/><N who="3" m="29195" /><G42/><T84/><D121/><U100/><E100/><V30/><F30/><W66/><G66/><T124/><D124/><U85/><E29/><V86/><F86/><W113/><G113/><T2/><D84/><U8/><E85/><V89/><F89/><W7/><G7/><T62/><D62/><U76/><E76/><V26/><F26/><AGARI ba="1,0" hai="10,11,17,22,26,53,57,63" m="29195,35347" machi="26" ten="30,2000,0" yaku="8,1,52,1" doraHai="51,110" who="3" fromWho="2" sc="250,0,422,0,198,-23,130,23" /><INIT seed="2,0,0,5,3,63" ten="250,422,175,153" oya="2" hai0="9,36,48,60,128,47,96,6,51,19,113,91,77" hai1="67,78,43,85,3,74,98,24,35,82,94,135,17" hai2="57,23,69,121,108,49,34,104,5,118,46,106,126" hai3="70,93,116,131,56,95,15,68,117,88,73,53,133"/><V42/><F118/><W83/><G73/><T12/><D113/><U33/><E3/><V123/><F34/><W71/><G131/><T41/><D128/><U32/><E135/><V22/><F69/><W102/><G133/><T58/><D77/><U4/><E4/><V44/><F5/><W45/><G45/><T107/><D19/><U29/><E43/><V50/><F57/><W27/><G83/><T97/><D97/><U127/><E17/><V134/><F134/><W31/><G15/><T30/><D30/><U120/><E127/><V75/><F75/><W8/><G8/><T38/><D48/><U115/><E115/><V125/><F108/><W89/><G95/><T122/><D122/><U61/><E74/><V16/><F16/><W37/><G37/><T10/><D10/><U66/><E120/><V81/><REACH who="2" step="1"/><F81/><REACH who="2" ten="250,422,165,153" step="2"/><W111/><G111/><T20/><D20/><U55/><E35/><V76/><F76/><W129/><G129/><T59/><D59/><U39/><E33/><V52/><F52/><W28/><G117/><T7/><D7/><U79/><E79/><V84/><F84/><W14/><G116/><T112/><D112/><U1/><E55/><V114/><F114/><W124/><G71/><T40/><D58/><U0/><E78/><V2/><F2/><W110/><G70/><T90/><D6/><U64/><E0/><V21/><F21/><W18/><G68/><T92/><D9/><U103/><E1/><V105/><F105/><W13/><G110/><T132/><D132/><U80/><E85/><V99/><F99/><W109/><G109/><RYUUKYOKU ba="0,1" sc="250,-10,422,-10,165,30,153,-10" hai2="22,23,42,44,46,49,50,104,106,121,123,125,126" /><INIT seed="2,1,1,0,5,1" ten="240,412,195,143" oya="2" hai0="107,79,125,0,83,124,19,90,126,6,8,95,23" hai1="36,89,120,2,80,25,31,61,39,74,103,98,20" hai2="3,63,55,70,122,65,99,15,91,88,48,105,71" hai3="69,18,77,53,84,102,94,51,134,72,115,118,110"/><V121/><F3/><W29/><G118/><T123/><D107/><U129/><E2/><V76/><F71/><W26/><G69/><T24/><D123/><U111/><E120/><V44/><F76/><W59/><G110/><T64/><D64/><U109/><E129/><V117/><F117/><W11/><G134/><T45/><D45/><U13/><E61/><V42/><F122/><W78/><G115/><T49/><D49/><U113/><E113/><V47/><F121/><W87/><G72/><N who="0" m="43495" /><D95/><U46/><E13/><V85/><F15/><N who="3" m="7551" /><G26/><N who="0" m="14719" /><D90/><U112/><E112/><V58/><F47/><W22/><G22/><T104/><D104/><U106/><E46/><V14/><F14/><W57/><G29/><T10/><D10/><U21/><E21/><V43/><F43/><W9/><G9/><T133/><D133/><U54/><E54/><V7/><F7/><W17/><G17/><T86/><D86/><N who="3" m="32809" /><G57/><T50/><D24/><U93/><E106/><V41/><F41/><W16/><G16/><T66/><D66/><U67/><E67/><V81/><F105/><W131/><G131/><T135/><D135/><U56/><E56/><V119/><F119/><W4/><G4/><T108/><D108/><N who="1" m="41547" /><E74/><V38/><F91/><W33/><G33/><T73/><D73/><U116/><E116/><V101/><F101/><W37/><G37/><N who="1" m="14410" /><E89/><V132/><F132/><W60/><G51/><T40/><D50/><U34/><E34/><V28/><F28/><W127/><G127/><T5/><D40/><U97/><E97/><AGARI ba="1,1" hai="38,42,44,48,55,58,63,65,70,81,85,88,97,99" machi="97" ten="40,7700,0" yaku="24,2,54,1" doraHai="1" who="2" fromWho="1" sc="240,0,412,-80,195,90,143,0" /><AGARI ba="1,0" hai="53,59,60,77,78,94,97,102" m="32809,7551" machi="97" ten="30,1000,0" yaku="8,1" doraHai="1" who="3" fromWho="1" sc="240,0,332,-10,285,0,143,10" /><INIT seed="2,2,0,0,1,97" ten="240,322,285,153" oya="2" hai0="9,3,105,100,24,35,121,39,88,119,92,51,122" hai1="72,86,94,67,99,106,19,85,31,14,4,93,102" hai2="18,59,2,53,38,10,84,114,128,104,46,6,23" hai3="69,131,8,75,44,77,123,42,54,78,134,29,110"/><V64/><F128/><W52/><G123/><T1/><D39/><U79/><E4/><V47/><F64/><W26/><G69/><T82/><D119/><U90/><E31/><V127/><F127/><W81/><G110/><T34/><D82/><N who="1" m="45415" /><E67/><V116/><F116/><W112/><G131/><T126/><D100/><U73/><E19/><V45/><F104/><W43/><G43/><T37/><D92/><N who="1" m="54351" /><E14/><V101/><F101/><W33/><G134/><T57/><D105/><U120/><E120/><V68/><F114/><W36/><G112/><T76/><D76/><U62/><E62/><V74/><F74/><W107/><G107/><T117/><D3/><U98/><E73/><V27/><F68/><W30/><G78/><T70/><D1/><U71/><E71/><V55/><F38/><W13/><REACH who="3" step="1"/><G29/><REACH who="3" ten="240,322,285,143" step="2"/><T49/><D122/><U58/><E106/><V40/><F40/><W20/><G20/><T28/><D28/><U129/><E129/><V133/><F133/><W111/><G111/><T12/><D121/><U0/><E98/><V63/><REACH who="2" step="1"/><F84/><REACH who="2" ten="240,322,275,143" step="2"/><W65/><G65/><T21/><D70/><U50/><E86/><V103/><F103/><W16/><AGARI ba="2,2" hai="8,13,16,26,30,33,36,42,44,52,54,75,77,81" machi="16" ten="20,8000,1" yaku="1,1,0,1,7,1,54,2,53,0" doraHai="97" doraHaiUra="56" who="3" fromWho="3" sc="240,-22,322,-22,275,-42,143,106" /><INIT seed="3,0,0,3,4,82" ten="218,300,233,249" oya="3" hai0="10,105,1,30,91,28,78,90,69,100,2,102,117" hai1="0,84,8,66,5,99,116,123,124,70,14,29,134" hai2="49,103,24,132,41,85,106,17,43,26,38,111,21" hai3="88,50,80,86,23,9,125,95,37,71,39,16,36"/><W97/><G71/><T56/><D117/><U130/><E123/><V45/><F111/><W127/><G50/><T55/><D69/><U62/><E116/><V87/><F132/><W59/><G59/><T81/><D105/><U47/><E134/><V58/><F43/><W54/><G54/><T6/><D1/><U7/><E124/><N who="3" m="47690" /><G9/><T77/><D77/><U128/><E29/><V122/><F122/><W113/><G113/><T63/><D91/><U115/><E115/><V131/><F131/><N who="1" m="50217" /><E99/><V93/><F106/><W108/><G108/><T12/><D2/><U42/><E84/><V51/><F38/><W118/><G118/><T114/><D114/><U104/><E104/><V109/><F109/><W110/><G110/><T135/><D135/><U79/><E79/><V96/><F26/><N who="3" m="14695" /><G36/><T27/><D90/><AGARI ba="0,0" hai="37,39,80,86,88,90,95,97" m="14695,47690" machi="90" ten="30,11600,0" yaku="18,1,52,1,54,2" doraHai="82" who="3" fromWho="0" sc="218,-116,300,0,233,0,249,116" owari="102,-39.8,300,10.0,233,-16.7,365,46.5" /></mjloggm>