<mjloggm ver="2.3"><GO type="225" lobby="0"/><UN n0="%E3%83%A9%E3%82%A4%E3%83%B3%E3%81%AE%E8%99%8E" n1="%E5%8D%A0%E3%81%84%E5%B8%AB%E8%A3%8F%E3%81%AA%E3%81%84%E3%81%97" n2="%E7%AB%8B%E7%9B%B4%E5%A5%BD%E6%A3%92%40%E5%BF%98" n3="%68%7A%63" dan="16,17,17,18" rate="2094.86,2183.98,2110.71,2240.03" sx="M,M,M,M"/><TAIKYOKU oya="0"/><INIT seed="0,0,0,2,0,78" ten="250,250,250,250" oya="0" hai0="4,39,97,64,91,120,42,115,12,52,17,41,119" hai1="43,66,104,16,56,77,18,53,100,26,70,22,50" hai2="46,0,38,112,98,96,72,95,68,131,51,83,25" hai3="9,30,86,79,108,99,48,35,32,88,76,59,116"/><T90/><D115/><U6/><E6/><V127/><F112/><W106/><G116/><T1/><D119/><U19/><E43/><V102/><F38/><W45/><G108/><T93/><D120/><U118/><E118/><V75/><F0/><W122/><G59/><T49/><D64/><U60/><REACH who="1" step="1"/><E77/><REACH who="1" ten="250,240,250,250" step="2"/><V55/><F131/><W73/><G79/><T84/><D39/><U82/><E82/><V134/><F83/><W128/><G76/><T114/><D114/><U117/><E117/><V28/><F134/><W10/><G122/><T101/><D4/><U31/><E31/><V105/><F127/><W126/><G126/><T8/><D1/><U34/><E34/><V21/><F68/><W133/><G35/><T2/><D2/><U89/><E89/><AGARI ba="0,1" hai="21,25,28,46,51,55,72,75,89,95,96,98,102,105" machi="89" ten="30,1000,0" yaku="7,1" doraHai="78" who="2" fromWho="1" sc="250,0,240,-10,250,20,250,0" /><INIT seed="1,0,0,1,4,101" ten="250,230,270,250" oya="1" hai0="32,4,119,1,81,19,70,107,104,128,123,132,5" hai1="39,97,2,42,55,98,115,88,20,14,120,61,114" hai2="85,117,38,57,12,105,63,96,135,86,91,82,71" hai3="15,51,35,11,72,36,116,89,25,49,127,76,47"/><U23/><E120/><V37/><F117/><W77/><G127/><T21/><D119/><U109/><E2/><V68/><F135/><W46/><G116/><T13/><D70/><U131/><E39/><V22/><F71/><W74/><G36/><T79/><D132/><U122/><E122/><V126/><F68/><W90/><G15/><T26/><D123/><U113/><E42/><V18/><F126/><W106/><G25/><T54/><D54/><U17/><E131/><V110/><F110/><W27/><G27/><T43/><D43/><U78/><E78/><V65/><REACH who="2" step="1"/><F85/><REACH who="2" ten="250,230,260,250" step="2"/><W103/><G74/><N who="0" m="43255" /><D128/><U24/><E109/><V93/><F93/><W16/><G72/><T92/><D92/><U108/><E108/><V73/><F73/><W102/><G106/><T28/><D4/><U75/><E75/><V41/><F41/><W9/><G35/><T40/><D40/><U124/><E124/><V118/><F118/><W100/><G100/><AGARI ba="0,1" hai="12,18,22,37,38,57,63,65,82,86,91,96,100,105" machi="100" ten="40,2600,0" yaku="1,1,52,1,53,0" doraHai="101" doraHaiUra="34" who="2" fromWho="3" sc="250,0,230,0,260,36,250,-26" /><INIT seed="2,0,0,2,5,77" ten="250,230,296,224" oya="2" hai0="101,65,25,100,88,105,57,103,70,46,104,2,49" hai1="31,69,126,76,11,117,36,26,6,62,34,17,110" hai2="112,134,0,35,60,120,14,115,122,98,1,97,95" hai3="30,19,128,109,82,61,68,15,9,118,130,27,29"/><V129/><F60/><W21/><G118/><T50/><D2/><U54/><E117/><V45/><F45/><W51/><G109/><T59/><D70/><U84/><E110/><V41/><F41/><W102/><G102/><T108/><D108/><U22/><E126/><V24/><F95/><W56/><G68/><T28/><D50/><U99/><E36/><V74/><F74/><W39/><G39/><T42/><D88/><U135/><E135/><V3/><F97/><W48/><G30/><T94/><D94/><U44/><E99/><V79/><F79/><W119/><G119/><T78/><D78/><U89/><E76/><V81/><F81/><W114/><G114/><N who="2" m="43561" /><F98/><W125/><G125/><T71/><D71/><U4/><E69/><V90/><F90/><W38/><G38/><T121/><D121/><N who="2" m="46698" /><F129/><N who="3" m="49771" /><G82/><T67/><D59/><U55/><E44/><V83/><F83/><W113/><G113/><T12/><D12/><U58/><E55/><AGARI ba="0,0" hai="9,15,19,21,27,29,48,51,55,56,61" m="49771" machi="55" ten="30,1000,0" yaku="19,1" doraHai="77" who="3" fromWho="1" sc="250,0,230,-10,296,0,224,10" /><INIT seed="3,0,0,0,2,59" ten="250,220,296,234" oya="3" hai0="63,19,79,94,14,129,115,49,90,130,105,60,106" hai1="70,91,52,102,45,98,111,117,30,66,71,22,33" hai2="18,104,120,43,135,78,32,58,85,11,110,81,17" hai3="34,31,47,16,54,92,10,23,74,119,65,6,113"/><W133/><G113/><T29/><D79/><U56/><E111/><V89/><F110/><W131/><G119/><T75/><D75/><U21/><E117/><V125/><F104/><W20/><G74/><T1/><D1/><U124/><E124/><V48/><F32/><W86/><G131/><N who="0" m="50187" /><D29/><U84/><E45/><V108/><F108/><W100/><G133/><T93/><D49/><U35/><E35/><V53/><F125/><W27/><G65/><T112/><D105/><U44/><E44/><N who="2" m="25631" /><F135/><W25/><G34/><T101/><D101/><U9/><E9/><V97/><F11/><W134/><G134/><T99/><D94/><N who="1" m="54631" /><E33/><V28/><F28/><W3/><G100/><T123/><D106/><U7/><E7/><V55/><F120/><W42/><G92/><T40/><D40/><U118/><E118/><V5/><F5/><W88/><G42/><T109/><D123/><U8/><E8/><V64/><F18/><W61/><G47/><T36/><D36/><U127/><E127/><V4/><F17/><W107/><G107/><T122/><D122/><U103/><E103/><V82/><F4/><W95/><G54/><T51/><D109/><U46/><E66/><V67/><F55/><W26/><G26/><T116/><D116/><U50/><E46/><V126/><F126/><W96/><G96/><T80/><D112/><U73/><E73/><N who="2" m="43215" /><F97/><W12/><G3/><T69/><D115/><U39/><E39/><V132/><F132/><W72/><G72/><T2/><D2/><U62/><E30/><V41/><F41/><W15/><G27/><T87/><D99/><RYUUKYOKU ba="0,0" sc="250,-15,220,-15,296,15,234,15" hai2="53,58,64,67,82,85,89" hai3="6,10,12,15,16,20,23,25,31,61,86,88,95" /><INIT seed="3,1,0,2,3,83" ten="235,205,311,249" oya="3" hai0="38,112,28,135,75,105,124,126,30,26,117,68,42" hai1="6,108,4,76,95,107,106,22,36,115,57,2,19" hai2="52,90,82,55,93,120,97,34,56,16,18,15,116" hai3="39,80,59,79,13,81,51,85,58,64,130,25,94"/><W5/><G39/><T33/><RYUUKYOKU type="yao9" ba="1,0" sc="235,0,205,0,311,0,249,0" hai0="26,28,30,33,38,42,68,75,105,112,117,124,126,135" /><INIT seed="3,2,0,2,5,107" ten="235,205,311,249" oya="3" hai0="1,99,126,103,106,22,108,36,112,113,92,15,75" hai1="52,84,131,135,123,14,91,71,87,128,20,56,32" hai2="33,111,116,109,74,21,29,98,12,133,94,121,55" hai3="95,101,23,78,90,110,62,102,115,63,134,45,13"/><W117/><G115/><N who="0" m="44107" /><D36/><U8/><E123/><V11/><F116/><W9/><G117/><T44/><D44/><U80/><E32/><V24/><F133/><W4/><G110/><N who="2" m="41993" /><F74/><W43/><G78/><T17/><D108/><U40/><E71/><V73/><F73/><W97/><G134/><T6/><D126/><U19/><E135/><V7/><F55/><W68/><G23/><T53/><D53/><U119/><E119/><V72/><F72/><W5/><G5/><T2/><D6/><U81/><E40/><V105/><F105/><W65/><G63/><T39/><D39/><AGARI ba="2,0" hai="4,9,13,39,43,45,62,65,68,90,95,97,101,102" machi="39" ten="30,1500,0" yaku="7,1" doraHai="107" who="3" fromWho="0" sc="235,-21,205,0,311,0,249,21" /><INIT seed="3,3,0,1,3,65" ten="214,205,311,270" oya="3" hai0="107,92,29,87,47,91,48,8,127,58,39,82,43" hai1="120,114,45,100,133,23,96,31,83,69,18,108,51" hai2="28,72,5,115,13,30,61,10,75,112,128,2,131" hai3="121,70,20,74,6,85,25,118,125,67,81,57,111"/><W7/><G118/><T37/><D127/><U49/><E120/><V116/><F116/><W35/><G121/><T42/><D107/><U59/><E114/><N who="2" m="43563" /><F61/><N who="3" m="38319" /><G70/><T113/><D113/><U53/><E108/><V63/><F63/><W62/><G74/><N who="2" m="28201" /><F13/><W15/><G35/><T32/><D42/><U52/><E133/><V84/><F84/><W55/><G15/><T3/><D32/><U90/><E69/><V4/><F4/><W78/><G125/><T98/><D29/><U50/><E31/><V109/><F109/><W26/><G111/><T34/><D34/><U41/><E83/><V117/><F117/><W1/><G1/><T0/><D0/><U24/><E90/><V122/><F122/><W99/><G99/><T27/><D27/><N who="3" m="10249" /><G20/><T88/><REACH who="0" step="1"/><D58/><AGARI ba="3,0" hai="6,7,55,58,62,78,81,85" m="10249,38319" machi="58" ten="30,1500,0" yaku="8,1" doraHai="65" who="3" fromWho="0" sc="214,-24,205,0,311,0,270,24" /><INIT seed="3,4,0,2,1,96" ten="190,205,311,294" oya="3" hai0="95,109,56,65,91,62,16,24,48,40,18,70,10" hai1="116,42,103,41,94,12,53,21,68,13,122,58,72" hai2="55,5,121,2,87,134,1,112,130,34,46,35,78" hai3="114,98,84,129,36,6,75,111,89,106,15,20,97"/><W37/><G114/><T115/><D109/><U119/><E122/><V26/><F112/><W47/><G75/><T25/><D115/><U38/><E68/><V32/><F121/><W31/><G129/><T14/><D18/><N who="1" m="10439" /><E72/><V59/><F130/><W71/><G71/><T93/><D93/><U0/><E0/><V17/><F134/><W90/><G111/><T127/><D127/><U33/><E33/><V30/><F46/><W60/><G60/><T135/><D135/><U54/><E38/><V82/><F17/><W88/><G84/><T73/><D73/><U123/><E123/><V4/><F2/><W39/><G47/><N who="0" m="25703" /><D70/><U22/><E119/><V44/><F44/><W77/><G77/><T120/><D120/><U126/><E126/><V86/><F86/><AGARI ba="4,0" hai="10,14,16,24,25,56,62,65,86,91,95" m="25703" machi="86" ten="30,2000,0" yaku="8,1,54,1" doraHai="96" who="0" fromWho="2" sc="190,32,205,0,311,-32,294,0" /><INIT seed="4,0,0,2,2,16" ten="222,205,279,294" oya="0" hai0="2,54,36,11,72,87,41,40,83,55,104,107,108" hai1="9,7,129,12,42,73,122,69,132,30,65,124,74" hai2="52,111,38,59,19,31,14,94,50,109,89,75,24" hai3="114,78,116,105,99,60,8,79,28,113,126,48,95"/><T135/><D72/><U10/><E122/><V98/><F75/><W80/><G116/><T51/><D135/><U120/><E120/><V66/><F38/><W97/><G126/><T47/><D108/><U85/><E132/><V82/><F66/><W57/><G28/><T102/><D54/><U96/><E124/><V0/><F0/><W92/><G48/><T21/><D102/><U15/><E129/><V37/><F37/><W70/><G70/><T77/><D41/><U46/><E30/><V86/><F14/><W128/><G128/><T90/><D90/><U34/><E34/><V106/><F106/><W131/><G8/><T29/><D11/><U20/><E96/><N who="3" m="36938" /><G105/><T1/><D1/><U130/><E130/><V32/><REACH who="2" step="1"/><F19/><REACH who="2" ten="222,205,269,294" step="2"/><W35/><G131/><T25/><REACH who="0" step="1"/><D2/><REACH who="0" ten="212,205,269,294" step="2"/><U6/><E73/><V4/><F4/><W39/><G114/><T133/><D133/><U84/><E74/><V117/><F117/><W119/><G113/><T33/><D33/><U123/><E123/><V91/><AGARI ba="0,2" hai="24,31,32,50,52,59,82,86,89,91,94,98,109,111" machi="91" ten="20,5200,0" yaku="1,1,0,1,7,1,54,1,53,0" doraHai="16" doraHaiUra="5" who="2" fromWho="2" sc="212,-26,205,-13,269,72,294,-13" owari="186,-31.4,192,-20.8,341,44.1,281,8.1" /></mjloggm>