<mjloggm ver="2.3"><GO type="225" lobby="0"/><UN n0="%E6%98%93%E5%88%A9%E8%96%A9%E4%BC%AF" n1="%E8%AB%B8%E8%91%9B%E4%BA%AE" n2="%6D%75%75%6D%75%72%61" n3="%E3%81%AF%E3%82%88%E3%81%8A%E3%81%98%E3%81%95%E3%82%93" dan="16,16,16,17" rate="2046.70,2138.55,2104.91,2221.69" sx="F,M,F,M"/><TAIKYOKU oya="0"/><INIT seed="0,0,0,0,5,131" ten="250,250,250,250" oya="0" hai0="1,87,132,26,127,82,37,113,100,98,67,14,61" hai1="122,44,53,56,97,128,11,123,38,121,116,84,79" hai2="24,6,49,119,12,19,76,59,22,69,25,110,109" hai3="106,30,118,27,74,114,104,105,129,45,13,35,50"/><T92/><D113/><U133/><E116/><V43/><F69/><W135/><G118/><T21/><D1/><U41/><E128/><V8/><F119/><W70/><G129/><T111/><D127/><U58/><E11/><V120/><F120/><W107/><G114/><T89/><D111/><N who="2" m="42506" /><F76/><W34/><G74/><T103/><D37/><U32/><E32/><V99/><F99/><W108/><G70/><T0/><D0/><U90/><E79/><V94/><F94/><W23/><G108/><T52/><D132/><U18/><E97/><V62/><F49/><W102/><N who="3" m="26624" /><DORA hai="40" /><W115/><G115/><T91/><D14/><U47/><E18/><V54/><F43/><W86/><G102/><T60/><D60/><U63/><E133/><V31/><F24/><W68/><G68/><T112/><D67/><U3/><E3/><V33/><F33/><W126/><G126/><T125/><D125/><U57/><REACH who="1" step="1"/><E47/><REACH who="1" ten="250,240,250,250" step="2"/><V28/><AGARI ba="0,1" hai="6,8,12,19,22,25,28,31,54,59,62" m="42506" machi="28" ten="30,1100,0" yaku="14,1" doraHai="131,40" who="2" fromWho="2" sc="250,-5,240,-3,250,21,250,-3" /><INIT seed="1,0,0,2,3,78" ten="245,237,271,247" oya="1" hai0="122,35,124,41,66,86,73,64,49,57,5,45,80" hai1="97,82,38,42,83,128,23,33,75,13,91,43,94" hai2="62,116,103,107,14,119,16,114,93,126,120,88,18" hai3="85,15,26,69,104,24,109,20,74,130,37,58,84"/><U53/><E75/><V118/><F120/><W22/><G69/><T61/><D35/><U68/><E33/><V89/><F126/><W39/><G74/><T87/><D124/><U50/><E68/><V113/><F107/><W65/><G104/><T51/><D122/><U2/><E2/><V112/><F62/><W106/><G106/><T121/><D121/><U12/><E38/><V108/><F108/><W127/><G127/><T105/><D105/><U63/><E63/><V81/><F81/><N who="1" m="30729" /><E128/><V99/><F18/><W6/><G130/><T115/><D115/><U71/><E71/><V3/><F3/><W30/><G109/><T44/><D66/><U36/><E36/><V1/><F1/><W102/><G39/><T134/><D134/><U72/><E72/><V27/><F27/><W60/><G37/><T111/><D111/><U79/><E79/><V98/><F99/><W48/><G48/><T7/><D73/><U17/><E13/><V70/><F70/><W25/><G15/><T47/><D47/><AGARI ba="0,0" hai="12,17,23,42,43,47,50,53,91,94,97" m="30729" machi="47" ten="30,11600,0" yaku="8,1,52,3" doraHai="78" who="1" fromWho="0" sc="245,-116,237,116,271,0,247,0" /><INIT seed="1,1,0,0,2,58" ten="129,353,271,247" oya="1" hai0="47,128,110,130,35,54,17,36,107,19,14,88,119" hai1="13,124,33,51,8,66,72,74,115,125,55,48,117" hai2="105,42,92,57,2,29,89,46,52,101,67,109,95" hai3="9,3,56,60,37,6,5,50,77,15,81,121,21"/><U44/><E117/><V104/><F2/><W12/><G121/><T76/><D119/><U41/><E115/><V61/><F109/><W49/><G37/><T68/><D107/><U98/><E33/><V23/><F101/><W11/><G21/><T79/><D35/><U70/><E98/><V126/><F126/><W4/><G4/><T69/><D110/><U39/><E13/><V10/><F10/><W31/><G31/><T27/><D27/><U131/><E8/><V93/><F89/><W116/><G3/><T114/><D114/><U132/><E132/><V63/><F29/><W94/><G94/><T103/><D103/><U120/><E120/><V62/><F23/><W59/><G116/><T32/><D32/><U112/><E112/><V16/><F16/><W38/><G38/><T22/><D36/><U135/><E135/><V45/><F62/><W78/><G81/><T30/><D30/><U64/><E131/><V83/><F83/><W82/><G82/><T34/><D34/><U123/><E123/><V26/><F26/><W65/><G59/><T73/><D73/><N who="1" m="28267" /><E51/><AGARI ba="1,0" hai="5,6,9,11,12,15,49,50,51,56,60,65,77,78" machi="51" ten="40,5200,0" yaku="9,1,8,1,52,1" doraHai="58" who="3" fromWho="1" sc="129,0,353,-55,271,0,247,55" /><INIT seed="2,0,0,3,4,131" ten="129,298,271,302" oya="2" hai0="14,128,96,50,66,77,41,5,18,129,82,13,17" hai1="58,79,92,24,1,61,31,70,105,23,89,113,42" hai2="126,21,45,22,118,32,53,37,83,51,84,86,62" hai3="119,2,97,93,52,16,39,133,115,104,110,59,73"/><V34/><F118/><W11/><G119/><T6/><D66/><U76/><E105/><V60/><F37/><W54/><G39/><T95/><D41/><U122/><E113/><V121/><F121/><W36/><G36/><T48/><D82/><U74/><E74/><V130/><F130/><W108/><G73/><T9/><D77/><U85/><E70/><V10/><F126/><W57/><G104/><T55/><D128/><U38/><E1/><V124/><F124/><W107/><G107/><T106/><D106/><U69/><E69/><V40/><F10/><W135/><G115/><T33/><D33/><U30/><E122/><V111/><F111/><N who="3" m="42539" /><G57/><T90/><D129/><U91/><E31/><V103/><F103/><N who="3" m="60847" /><G54/><T80/><D80/><N who="1" m="49319" /><E42/><V100/><F100/><W25/><G25/><T68/><D68/><U116/><E38/><V7/><F40/><W26/><G26/><T120/><D120/><U134/><E116/><V63/><F7/><N who="3" m="1527" /><G16/><T56/><REACH who="0" step="1"/><D50/><AGARI ba="0,0" hai="50,52,59,133,135" m="1527,60847,42539" machi="50" ten="30,7700,0" yaku="14,1,52,2,54,1" doraHai="131" who="3" fromWho="0" sc="129,-77,298,0,271,0,302,77" /><INIT seed="3,0,0,3,2,26" ten="52,298,271,379" oya="3" hai0="62,43,116,102,14,76,73,63,1,4,90,72,54" hai1="109,46,94,79,53,17,56,127,44,29,113,101,40" hai2="22,111,132,117,27,133,107,36,112,60,80,92,110" hai3="87,77,67,97,50,0,115,118,93,32,51,69,47"/><W13/><G118/><T120/><D116/><U42/><E109/><N who="2" m="41483" /><F107/><W100/><G0/><T10/><D120/><U74/><E113/><V89/><F117/><W124/><G32/><T34/><D90/><U81/><E127/><V95/><F112/><W2/><G2/><T66/><D14/><U114/><E114/><V8/><F36/><W58/><G69/><T11/><D11/><U128/><E128/><V135/><F8/><W78/><G124/><T18/><D18/><U20/><E101/><V98/><F60/><N who="3" m="38295" /><G115/><T131/><D131/><U121/><E121/><V33/><F33/><W86/><G50/><T6/><D6/><U41/><E94/><N who="2" m="56655" /><F80/><W71/><G71/><T88/><D54/><U122/><E122/><V21/><F21/><W129/><G129/><T5/><D5/><U25/><E17/><AGARI ba="0,0" hai="17,22,27,92,95,132,133,135" m="56655,41483" machi="17" ten="40,2600,0" yaku="20,1,14,1" doraHai="26" who="2" fromWho="1" sc="52,0,298,-26,271,26,379,0" owari="52,-44.8,272,-12.8,297,9.7,379,47.9" /></mjloggm>