<mjloggm ver="2.3"><GO type="225" lobby="0"/><UN n0="%45%6C%79%73%69%75%6D" n1="%48%61%61%61%6C%61%6E%64" n2="%E3%81%AF%E3%82%88%E3%81%8A%E3%81%98%E3%81%95%E3%82%93" n3="%E8%81%B7%E6%A5%AD%E3%80%81%E9%A2%A8%32" dan="18,17,16,16" rate="2157.30,2145.71,2141.19,2110.77" sx="F,M,M,M"/><TAIKYOKU oya="0"/><INIT seed="0,0,0,3,2,37" ten="250,250,250,250" oya="0" hai0="9,63,66,106,103,128,28,117,116,33,118,99,100" hai1="30,102,18,95,20,134,10,17,48,4,73,8,108" hai2="125,91,15,55,121,92,123,122,34,109,132,64,104" hai3="50,40,82,0,13,126,12,79,84,26,42,5,49"/><T74/><D128/><U21/><E73/><V97/><F34/><W127/><G26/><N who="0" m="18583" /><D100/><U111/><E134/><V60/><F132/><W57/><G0/><T81/><D9/><N who="1" m="3691" /><E4/><V38/><F109/><N who="1" m="42057" /><E48/><V61/><F125/><N who="3" m="47627" /><G5/><T71/><D117/><U51/><E51/><N who="3" m="19466" /><G57/><T83/><D83/><U112/><E112/><V124/><F124/><W23/><G23/><N who="1" m="8778" /><E30/><V46/><F15/><AGARI ba="0,0" hai="12,13,15,40,42,79,82,84" m="19466,47627" machi="15" ten="30,3900,0" yaku="18,1,52,2" doraHai="37" who="3" fromWho="2" sc="250,0,250,0,250,-39,250,39" /><INIT seed="1,0,0,5,1,50" ten="250,250,211,289" oya="1" hai0="95,21,109,116,69,31,46,131,130,51,107,97,22" hai1="7,19,44,56,1,59,25,16,42,105,40,17,55" hai2="78,11,33,106,92,101,94,100,66,113,99,75,62" hai3="34,98,73,39,125,63,29,41,132,111,27,35,45"/><U115/><E115/><V70/><F113/><W52/><G111/><T77/><D109/><U122/><E122/><V86/><F101/><W117/><G117/><T79/><D69/><U114/><E114/><V93/><F11/><W84/><G73/><T58/><D58/><N who="1" m="22059" /><E1/><V8/><F8/><W96/><G132/><T12/><D107/><U88/><E105/><V9/><F9/><W0/><G0/><T6/><D6/><U102/><E102/><V2/><F2/><W54/><G63/><T38/><D38/><U10/><E25/><V110/><F110/><W134/><G134/><T13/><D13/><N who="1" m="5343" /><E88/><V74/><REACH who="2" step="1"/><F33/><REACH who="2" ten="250,250,201,289" step="2"/><W4/><G35/><T68/><D116/><U26/><E26/><V15/><F15/><W65/><G34/><T91/><D12/><U36/><E36/><V76/><F76/><W85/><G39/><T32/><D79/><U47/><E47/><V60/><F60/><W83/><G27/><T133/><D77/><U80/><E80/><AGARI ba="0,1" hai="62,66,70,74,75,78,80,86,92,93,94,99,100,106" machi="80" ten="40,1300,0" yaku="1,1,53,0" doraHai="50" doraHaiUra="30" who="2" fromWho="1" sc="250,0,250,-13,201,23,289,0" /><INIT seed="2,0,0,1,0,24" ten="250,237,224,289" oya="2" hai0="93,82,66,51,21,130,83,33,119,8,32,16,100" hai1="2,87,73,22,92,57,18,76,12,132,47,124,54" hai2="88,79,90,128,134,129,75,4,74,98,50,37,40" hai3="62,67,28,60,49,15,41,120,34,10,26,17,53"/><V111/><F37/><W110/><G110/><T63/><D130/><N who="2" m="50282" /><F111/><W91/><G120/><T113/><D113/><U3/><E124/><V109/><F109/><W38/><G38/><T31/><D119/><U39/><E132/><V116/><F116/><W71/><G41/><T56/><D33/><U6/><E6/><V9/><F134/><W114/><G114/><T23/><D32/><U27/><E73/><N who="2" m="27659" /><F79/><W35/><G62/><T105/><D51/><U107/><E107/><V80/><F98/><W112/><G112/><T123/><D105/><U69/><E69/><V126/><F80/><W13/><G35/><T25/><D8/><U1/><E76/><V11/><F126/><W81/><G81/><T95/><D123/><U106/><E106/><V43/><F9/><W70/><G70/><T102/><D93/><U55/><E92/><V58/><F58/><W19/><G91/><N who="2" m="34857" /><F50/><W96/><G96/><N who="0" m="59423" /><D102/><U101/><E101/><V29/><F29/><W72/><G49/><T85/><D85/><U46/><E87/><V61/><F61/><W127/><G127/><T115/><D115/><U59/><E39/><V14/><AGARI ba="0,0" hai="4,11,14,40,43" m="34857,27659,50282" machi="14" ten="40,3900,0" yaku="19,1,54,1" doraHai="24" who="2" fromWho="2" sc="250,-13,237,-13,224,39,289,-13" /><INIT seed="2,1,0,3,5,84" ten="237,224,263,276" oya="2" hai0="49,102,83,13,11,34,44,37,58,131,50,62,125" hai1="130,99,4,123,72,30,1,54,21,3,74,60,90" hai2="59,8,29,135,65,78,97,121,40,81,26,67,33" hai3="113,9,118,89,109,19,104,35,76,17,119,10,28"/><V52/><F121/><W55/><G109/><T20/><D34/><U100/><E123/><V71/><F135/><W31/><G104/><T5/><D131/><U82/><E130/><V38/><F71/><W75/><G113/><T86/><D125/><U80/><E4/><V112/><F112/><W0/><G76/><T22/><D37/><U23/><E30/><V122/><F122/><W94/><G75/><T128/><D102/><U32/><E32/><V7/><F97/><W88/><G55/><N who="0" m="34143" /><D128/><U6/><E6/><V69/><F69/><W108/><G108/><T77/><D50/><U87/><E1/><V134/><F134/><W132/><G132/><T25/><D25/><U24/><E3/><V106/><F106/><W2/><G35/><T91/><D77/><U129/><E129/><V96/><F96/><W103/><G103/><T15/><D15/><U66/><E24/><V57/><F57/><W39/><G39/><T46/><D46/><U42/><E99/><V41/><F40/><AGARI ba="1,0" hai="5,11,13,20,22,40,44,49,83,86,91" m="34143" machi="40" ten="30,2000,0" yaku="8,1,52,1" doraHai="84" who="0" fromWho="2" sc="237,23,224,0,263,-23,276,0" /><INIT seed="3,0,0,0,3,109" ten="260,224,240,276" oya="3" hai0="62,36,93,4,134,104,100,84,2,31,124,77,132" hai1="7,119,35,116,26,89,1,135,16,74,121,115,60" hai2="49,110,46,13,85,27,64,71,120,37,133,8,81" hai3="87,51,114,23,131,25,95,12,10,117,103,61,82"/><W78/><G114/><T125/><D36/><U20/><E121/><V73/><F110/><W128/><G117/><N who="1" m="45130" /><E115/><V39/><F73/><W83/><G61/><T129/><D31/><N who="1" m="19959" /><E74/><V70/><F27/><W50/><G103/><T99/><D4/><U107/><E107/><V5/><F133/><N who="0" m="51306" /><D2/><U41/><E135/><V42/><F120/><W88/><G25/><T126/><D62/><U3/><E7/><V102/><F102/><W91/><G23/><T75/><D75/><U43/><E60/><V92/><F92/><W53/><G83/><N who="0" m="47215" /><D129/><N who="3" m="49737" /><G95/><AGARI ba="0,0" hai="93,95,99,100,104,124,125,126" m="47215,51306" machi="95" ten="40,8000,1" yaku="18,1,20,1,34,2" doraHai="109" who="0" fromWho="3" sc="260,80,224,0,240,0,276,-80" owari="340,44.0,224,-17.6,240,4.0,196,-30.4" /></mjloggm>