<mjloggm ver="2.3"><GO type="225" lobby="0"/><UN n0="%E9%80%9F%E6%B0%B4%E5%87%9B%E9%A6%99" n1="%E6%B8%A9%E2%98%85%E6%83%85%E2%98%85%E6%8E%AA%E2%98%85%E7%BD%AE" n2="%E3%81%82%E3%83%BC%E3%81%97" n3="%72%69%6F%75%63%68%61%6E" dan="17,17,16,16" rate="2143.76,2141.84,2092.49,2189.74" sx="F,M,M,M"/><TAIKYOKU oya="0"/><INIT seed="0,0,0,1,4,43" ten="250,250,250,250" oya="0" hai0="126,112,3,74,80,72,16,97,7,104,18,87,15" hai1="109,44,59,28,2,134,94,30,54,22,42,56,49" hai2="65,114,19,118,29,125,85,122,40,120,61,1,132" hai3="86,107,116,70,36,64,55,69,0,45,99,53,76"/><T92/><D112/><U75/><E109/><V27/><F1/><W47/><G116/><T58/><D104/><U110/><E110/><V34/><F114/><W23/><G0/><T13/><D126/><U32/><E134/><V81/><F125/><W71/><G64/><T102/><D3/><U90/><E32/><V103/><F132/><W133/><G133/><T62/><D7/><U8/><E75/><V128/><F128/><W121/><G121/><T39/><D39/><U119/><E119/><V91/><F118/><W25/><G36/><T14/><D74/><U95/><E59/><V96/><F40/><W101/><G53/><T67/><REACH who="0" step="1"/><D72/><REACH who="0" ten="240,250,250,250" step="2"/><U105/><E105/><V73/><F73/><W31/><REACH who="3" step="1"/><G55/><REACH who="3" ten="240,250,250,240" step="2"/><T63/><D63/><U21/><E54/><V89/><F122/><W17/><G17/><T52/><D52/><U33/><E2/><V9/><F120/><W106/><G106/><T66/><D66/><U78/><E49/><V117/><F117/><W113/><G113/><T84/><D84/><U50/><E50/><V82/><F65/><W38/><G38/><T4/><D4/><U88/><E42/><V123/><F61/><W37/><G37/><T83/><D83/><AGARI ba="0,2" hai="23,25,31,45,47,69,70,71,76,83,86,99,101,107" machi="83" ten="40,8000,1" yaku="1,1,52,2,53,1" doraHai="43" doraHaiUra="77" who="3" fromWho="0" sc="240,-80,250,0,250,0,240,100" /><INIT seed="1,0,0,5,3,89" ten="160,250,250,340" oya="1" hai0="100,123,35,126,124,4,28,10,27,38,49,24,84" hai1="95,70,87,121,106,57,74,129,88,86,65,51,66" hai2="101,12,130,135,81,8,7,114,61,111,16,104,78" hai3="30,59,63,0,58,23,18,14,22,21,110,117,62"/><U69/><E121/><V107/><F111/><W77/><G110/><T79/><D38/><U116/><E116/><V120/><F120/><W40/><G117/><T31/><D100/><U133/><E74/><V64/><F135/><W122/><G122/><T50/><D84/><U68/><E133/><V34/><F34/><W96/><G0/><T13/><D79/><U56/><E106/><V113/><F130/><W19/><G40/><T75/><D75/><U91/><E129/><V118/><F118/><W32/><G32/><T127/><REACH who="0" step="1"/><D123/><REACH who="0" ten="150,250,250,340" step="2"/><U37/><E37/><V99/><F107/><W6/><G77/><T125/><N who="0" m="31744" /><DORA hai="2" /><T41/><D41/><U39/><E39/><V55/><F113/><W47/><G96/><T93/><D93/><N who="1" m="54423" /><E69/><V53/><F114/><W82/><G82/><T44/><D44/><U67/><E70/><V46/><F46/><W60/><G47/><T1/><D1/><U11/><E68/><V97/><F97/><W52/><G59/><T17/><D17/><U134/><E134/><V29/><F29/><W20/><G30/><T83/><D83/><U25/><E57/><V108/><F108/><W109/><G109/><T103/><D103/><U105/><E105/><V132/><F132/><W131/><G131/><T119/><D119/><U98/><E98/><V73/><F16/><N who="3" m="10263" /><G6/><T5/><D5/><U76/><E76/><V128/><F128/><W80/><G80/><T3/><D3/><U54/><E56/><AGARI ba="0,1" hai="7,8,12,53,55,56,61,64,73,78,81,99,101,104" machi="56" ten="30,2000,0" yaku="7,1,52,1" doraHai="89,2" who="2" fromWho="1" sc="150,0,250,-20,250,30,340,0" /><INIT seed="2,0,0,2,1,113" ten="150,230,280,340" oya="2" hai0="57,48,58,109,106,55,115,63,33,117,60,39,129" hai1="46,125,15,123,108,105,67,126,121,13,41,35,30" hai2="14,85,21,49,24,1,56,6,76,61,96,8,128" hai3="25,68,99,2,11,43,92,16,116,40,27,42,47"/><V23/><F1/><W52/><G116/><T12/><D33/><U62/><E105/><V100/><F128/><W98/><G68/><T80/><D106/><U71/><E108/><V69/><F69/><W83/><G83/><T133/><D115/><U31/><E15/><V78/><F49/><N who="3" m="28735" /><G2/><T36/><D109/><U73/><E13/><V5/><F85/><W119/><G119/><T107/><D107/><U104/><E104/><V70/><F70/><W88/><G98/><T124/><D117/><U134/><E73/><V29/><F23/><N who="3" m="13543" /><G11/><T102/><D102/><U101/><E134/><V112/><F112/><W86/><G99/><T110/><D133/><U77/><E101/><V127/><F127/><N who="1" m="48649" /><E77/><V64/><REACH who="2" step="1"/><F6/><REACH who="2" ten="150,230,270,340" step="2"/><W95/><G27/><T45/><D124/><U120/><E35/><V32/><F32/><W130/><G130/><T82/><D110/><U135/><E135/><V26/><F26/><W84/><G86/><T3/><D129/><U111/><E111/><V97/><F97/><W54/><G92/><AGARI ba="0,1" hai="5,8,14,21,24,29,56,61,64,76,78,92,96,100" machi="92" ten="30,12000,1" yaku="1,1,7,1,25,2,8,1,53,0" doraHai="113" doraHaiUra="28" who="2" fromWho="3" sc="150,0,230,0,270,130,340,-120" /><INIT seed="2,1,0,2,3,13" ten="150,230,400,220" oya="2" hai0="21,4,84,65,8,18,129,73,93,135,70,110,68" hai1="90,11,95,134,75,122,123,97,130,48,15,23,113" hai2="26,56,9,76,77,40,69,99,55,7,105,91,131" hai3="29,6,57,74,117,43,103,80,24,32,111,124,31"/><V3/><F69/><W116/><G111/><T109/><D73/><U115/><E130/><V42/><F131/><W82/><G124/><T44/><D129/><U17/><E134/><V126/><F126/><W63/><G29/><T87/><D135/><U107/><E75/><V27/><F105/><W16/><G6/><T108/><D65/><U39/><E39/><V46/><F42/><W41/><G103/><T14/><D44/><U88/><E107/><V106/><F77/><W49/><G80/><T62/><D62/><U2/><E48/><V1/><F76/><W78/><G43/><T121/><D121/><N who="1" m="46091" /><E90/><V28/><F28/><W119/><G16/><N who="0" m="8263" /><D93/><U12/><E2/><V61/><F1/><W34/><G41/><T114/><D114/><U127/><E127/><V58/><F58/><W30/><G49/><T33/><D33/><U67/><E67/><V96/><F96/><W59/><REACH who="3" step="1"/><G63/><REACH who="3" ten="150,230,400,210" step="2"/><T20/><D4/><AGARI ba="1,1" hai="4,11,12,15,17,23,88,95,97,113,115" m="46091" machi="4" ten="30,3900,0" yaku="13,1,52,1,54,1" doraHai="13" who="1" fromWho="0" sc="150,-42,230,52,400,0,210,0" /><INIT seed="3,0,0,4,4,40" ten="108,282,400,210" oya="3" hai0="78,84,75,17,98,74,86,24,25,30,115,19,22" hai1="14,69,117,89,91,41,97,83,33,130,109,88,6" hai2="124,93,1,58,133,128,123,56,11,87,27,66,72" hai3="15,125,102,42,12,51,67,3,65,100,18,5,92"/><W106/><G125/><T105/><D115/><U49/><E69/><V122/><F72/><W68/><G106/><T99/><D105/><U35/><E97/><V16/><F133/><W116/><G116/><T118/><D22/><U71/><E71/><V20/><F66/><W4/><G3/><T54/><D30/><U110/><E83/><V53/><F128/><W79/><G79/><T63/><D63/><U8/><E130/><V47/><F47/><N who="3" m="26103" /><G68/><T37/><D78/><U131/><E117/><V96/><F87/><W70/><G70/><T32/><D118/><U43/><E131/><V23/><F23/><N who="3" m="11719" /><G4/><T90/><D37/><U108/><E49/><V64/><F64/><N who="3" m="24651" /><G92/><T31/><D31/><U94/><E94/><V52/><F124/><W126/><G126/><T48/><D48/><U45/><E45/><V107/><F107/><W134/><G134/><T80/><D80/><U10/><REACH who="1" step="1"/><E10/><AGARI ba="0,0" hai="5,10,15,100,102" m="24651,11719,26103" machi="10" ten="30,2900,0" yaku="8,1,52,1" doraHai="40" who="3" fromWho="1" sc="108,0,282,-29,400,0,210,29" /><INIT seed="3,1,0,3,1,60" ten="108,253,400,239" oya="3" hai0="114,100,52,50,48,24,74,30,102,39,132,84,113" hai1="106,130,26,0,56,134,73,31,120,107,133,121,10" hai2="12,122,3,57,14,108,66,4,13,67,36,93,118" hai3="41,91,101,34,90,72,51,97,1,69,68,125,96"/><W119/><G119/><T58/><D39/><U88/><E130/><V35/><F35/><W64/><G1/><T43/><D74/><U99/><E73/><V65/><F36/><W115/><G115/><T105/><D132/><N who="1" m="50795" /><E56/><V116/><F57/><W80/><G34/><T127/><D127/><U18/><E88/><N who="3" m="33834" /><G125/><T70/><D70/><U92/><E92/><V62/><F62/><W44/><G68/><T8/><D114/><U112/><E112/><V83/><F83/><W75/><G69/><T23/><D113/><U124/><E99/><N who="3" m="37962" /><G72/><T123/><D123/><N who="1" m="47179" /><E124/><V49/><F93/><W77/><G75/><T135/><D135/><U128/><E128/><V53/><F122/><W9/><G101/><T87/><D105/><U95/><E95/><V37/><F37/><W131/><G131/><T32/><D102/><U46/><E46/><V19/><F118/><W63/><G9/><T33/><D100/><U42/><E0/><V104/><F3/><W85/><G63/><T17/><D32/><N who="1" m="20599" /><E42/><V109/><F104/><W29/><G29/><T111/><D111/><U40/><E40/><V5/><F108/><W6/><G6/><T78/><D78/><U27/><E10/><V117/><F109/><W89/><N who="3" m="33842" /><W47/><DORA hai="86" /><G47/><N who="0" m="25727" /><D33/><U126/><E126/><V103/><F116/><W20/><G20/><AGARI ba="1,0" hai="18,20,27,106,107" m="20599,47179,50795" machi="20" ten="30,1000,0" yaku="20,1" doraHai="60,86" who="1" fromWho="3" sc="108,0,253,13,400,0,239,-13" owari="108,-39.2,266,6.6,400,50.0,226,-17.4" /></mjloggm>