<mjloggm ver="2.3"><GO type="225" lobby="0"/><UN n0="%72%69%6F%75%63%68%61%6E" n1="%E3%81%AA%E3%81%A1%30%39%32%37" n2="%54%4F%52" n3="%E3%83%A9%E3%82%B9%E7%8E%87%EF%BC%93%E5%89%B2" dan="17,16,17,16" rate="2213.49,2112.79,2226.04,2158.10" sx="M,M,M,F"/><TAIKYOKU oya="0"/><INIT seed="0,0,0,2,5,106" ten="250,250,250,250" oya="0" hai0="88,128,75,28,135,115,31,36,124,17,97,57,81" hai1="25,6,85,43,18,132,23,86,101,56,96,48,79" hai2="37,129,7,70,41,24,84,134,105,40,102,71,110" hai3="64,69,33,117,108,111,116,60,67,82,74,109,0"/><T49/><D115/><U10/><E132/><V91/><F134/><W47/><G33/><T95/><D135/><U73/><E73/><V104/><F110/><W21/><G21/><T54/><D36/><U103/><E79/><V55/><F129/><W126/><G0/><T50/><D128/><U113/><E113/><V65/><F7/><W14/><G14/><T68/><D68/><U112/><E112/><V53/><F24/><W83/><G126/><T11/><D124/><U27/><E27/><V2/><F2/><W89/><G47/><T133/><D133/><U38/><E38/><V4/><F4/><W87/><REACH who="3" step="1"/><G67/><REACH who="3" ten="250,250,250,240" step="2"/><T5/><D17/><U3/><E18/><V131/><F65/><W52/><G52/><T26/><D26/><U15/><E3/><V72/><F53/><W125/><G125/><T44/><D11/><U90/><E23/><V123/><F55/><W94/><G94/><T66/><D5/><U80/><E25/><V99/><F105/><W35/><G35/><T16/><D16/><U42/><E15/><V121/><F131/><W78/><AGARI ba="0,1" hai="60,64,69,74,78,82,83,87,89,108,109,111,116,117" machi="78" ten="40,8000,1" yaku="1,1,0,1,14,1,52,1,53,0" doraHai="106" doraHaiUra="127" who="3" fromWho="3" sc="250,-40,250,-20,250,-20,240,90" /><INIT seed="1,0,0,4,1,80" ten="210,230,230,330" oya="1" hai0="84,78,44,105,66,47,6,68,50,64,45,113,120" hai1="85,72,56,52,81,7,67,39,25,118,48,87,107" hai2="8,114,28,49,98,115,0,54,89,60,3,38,14" hai3="10,117,22,73,126,30,20,103,37,99,4,62,41"/><U46/><E118/><V109/><F38/><W135/><G117/><T5/><D113/><N who="2" m="43018" /><F109/><W92/><G135/><T33/><D33/><U91/><E107/><V110/><F110/><W130/><G126/><T102/><D120/><U35/><E72/><V2/><F28/><W9/><G130/><T36/><D36/><U93/><E35/><V77/><F77/><W94/><G73/><T88/><D78/><N who="1" m="46263" /><E39/><V26/><F26/><W16/><G10/><T71/><D71/><U27/><E7/><N who="0" m="2569" /><D68/><U100/><E100/><V59/><F98/><W82/><G82/><N who="0" m="49175" /><D105/><U18/><E18/><N who="2" m="8519" /><F89/><W128/><G128/><T43/><D102/><U23/><E23/><V11/><F11/><W122/><G122/><T32/><D32/><U116/><E116/><V13/><F13/><W76/><G37/><T74/><D74/><U111/><E111/><V134/><F134/><W51/><G103/><T31/><D31/><U97/><E97/><V101/><F101/><W127/><G99/><T53/><D43/><N who="1" m="24671" /><E67/><AGARI ba="0,0" hai="44,45,47,50,53,64,66,67" m="49175,2569" machi="67" ten="30,3900,0" yaku="8,1,52,1,54,1" doraHai="80" who="0" fromWho="1" sc="210,39,230,-39,230,0,330,0" /><INIT seed="2,0,0,4,1,22" ten="249,191,230,330" oya="2" hai0="11,119,69,62,131,27,28,65,116,67,88,1,75" hai1="81,54,110,10,93,23,49,135,118,38,95,117,78" hai2="14,36,7,96,70,109,3,17,100,25,42,73,124" hai3="16,122,2,108,80,64,114,9,13,123,18,83,105"/><V97/><F70/><W132/><G105/><T51/><D131/><U128/><E128/><V99/><F73/><W33/><G64/><N who="0" m="41111" /><D75/><U50/><E38/><V29/><F109/><W129/><G129/><T115/><D115/><U24/><E135/><V133/><F133/><W21/><G132/><T63/><D51/><U40/><E110/><V45/><F124/><W37/><G37/><T102/><D102/><U0/><E40/><V59/><F3/><W4/><G108/><T61/><D88/><U111/><E111/><V8/><F59/><W68/><G68/><N who="0" m="42031" /><D63/><U104/><E104/><V32/><REACH who="2" step="1"/><F7/><REACH who="2" ten="249,191,220,330" step="2"/><W47/><G2/><T94/><D1/><U12/><E0/><V91/><F91/><W107/><G4/><T98/><D67/><U44/><E118/><V57/><F57/><W130/><G130/><T127/><D127/><U20/><E117/><V31/><F31/><W76/><G123/><T112/><D112/><U126/><E126/><V35/><F35/><W90/><G33/><T34/><D116/><U74/><E74/><V106/><AGARI ba="0,1" hai="8,14,17,25,29,32,36,42,45,96,97,99,100,106" machi="106" ten="20,12000,1" yaku="1,1,0,1,7,1,52,1,53,1" doraHai="22" doraHaiUra="103" who="2" fromWho="2" sc="249,-40,191,-40,220,130,330,-40" /><INIT seed="2,1,0,2,4,113" ten="209,151,350,290" oya="2" hai0="78,47,61,20,51,10,125,11,16,65,46,19,72" hai1="13,17,110,74,82,123,39,75,57,81,22,6,105" hai2="15,62,60,115,43,0,124,45,129,3,79,101,44" hai3="53,56,64,88,27,108,23,14,38,109,7,111,106"/><V28/><F115/><W100/><G38/><T31/><D125/><U80/><E110/><V76/><F124/><W63/><G106/><T98/><D72/><U5/><E39/><V42/><F15/><W112/><G100/><T8/><D78/><U21/><E105/><V41/><F101/><W26/><G112/><T70/><D98/><U130/><E57/><V84/><F28/><W2/><G2/><T66/><D65/><U90/><E13/><V133/><F42/><W71/><G88/><T30/><D46/><U94/><E90/><V128/><REACH who="2" step="1"/><F84/><REACH who="2" ten="209,151,340,290" step="2"/><W134/><G111/><T135/><D135/><AGARI ba="1,1" hai="0,3,41,43,44,45,60,62,76,79,128,129,133,135" machi="135" ten="25,18000,2" yaku="1,1,2,1,22,2,53,2" doraHai="113" doraHaiUra="131" who="2" fromWho="0" sc="209,-183,151,0,340,193,290,0" /><INIT seed="2,2,0,1,4,95" ten="26,151,533,290" oya="2" hai0="102,122,108,42,15,0,77,117,29,9,19,32,97" hai1="131,11,76,70,49,116,121,39,6,2,67,128,53" hai2="125,134,94,123,92,68,1,100,90,133,99,16,74" hai3="44,3,115,69,88,103,135,75,45,48,85,57,37"/><V87/><F1/><W64/><G75/><T22/><D108/><U82/><E116/><V31/><F68/><W46/><G3/><T60/><D122/><U66/><E121/><V23/><F123/><W91/><G135/><N who="2" m="51721" /><F74/><W73/><G73/><T51/><D117/><U25/><E39/><V120/><F120/><W112/><G103/><T61/><D77/><U110/><E110/><V34/><F125/><W98/><G69/><T8/><D8/><U20/><E82/><V55/><F55/><W62/><G37/><T113/><D113/><N who="3" m="43593" /><G98/><T84/><D84/><U72/><E76/><V17/><F34/><W56/><G85/><T78/><D78/><U24/><E72/><V12/><F17/><W105/><G105/><T43/><D32/><U40/><E67/><V33/><F33/><W71/><G88/><T14/><D0/><U129/><E66/><V10/><F31/><W132/><G91/><T52/><D29/><U7/><E40/><V54/><F54/><N who="3" m="31815" /><G132/><T119/><D119/><U80/><E80/><V38/><F38/><W126/><G71/><T107/><D42/><U36/><E2/><V104/><F10/><W50/><G126/><T93/><D107/><AGARI ba="2,0" hai="12,16,23,87,90,92,94,99,100,104,107" m="51721" machi="107" ten="30,5800,0" yaku="20,1,52,1,54,1" doraHai="95" who="2" fromWho="0" sc="26,-64,151,0,533,64,290,0" owari="-38,-53.8,151,-24.9,597,69.7,290,9.0" /></mjloggm>