<mjloggm ver="2.3"><GO type="225" lobby="0"/><UN n0="%E3%82%8C%E3%81%99%E3%81%93" n1="%6D%75%75%73%61%6E%6D%75" n2="%E5%B8%86%E7%AB%8B%E5%A4%8F%E8%A1%A3" n3="%E3%80%90%E3%83%88%E3%83%AA%E3%83%A5%E3%83%95%E3%80%91" dan="17,16,17,16" rate="2260.17,2051.18,2161.94,2104.98" sx="F,F,M,M"/><TAIKYOKU oya="0"/><INIT seed="0,0,0,3,5,68" ten="250,250,250,250" oya="0" hai0="48,26,12,0,67,101,43,5,97,4,40,13,95" hai1="123,98,87,90,79,88,113,22,100,124,38,47,94" hai2="52,103,23,127,75,108,122,81,76,96,53,115,77" hai3="59,86,85,37,45,125,32,93,6,54,14,8,60"/><T129/><D129/><U7/><E123/><V121/><F108/><W11/><G125/><T135/><D135/><U58/><E124/><V116/><F115/><W30/><G93/><T27/><D0/><U63/><E113/><V99/><F127/><W55/><G11/><T120/><D120/><U44/><E7/><V130/><F130/><W83/><G86/><T110/><D110/><U24/><E79/><V69/><F69/><W50/><G32/><T17/><D67/><U74/><E74/><V64/><F64/><W39/><REACH who="3" step="1"/><G30/><REACH who="3" ten="250,250,250,240" step="2"/><T28/><D28/><N who="1" m="17431" /><E38/><V71/><F121/><W61/><G61/><T10/><D4/><U82/><E100/><V62/><F122/><W119/><G119/><T57/><D40/><U89/><E90/><AGARI ba="0,1" hai="6,8,14,37,39,45,50,54,55,59,60,83,85,90" machi="90" ten="30,8000,1" yaku="1,1,7,1,52,2,53,1" doraHai="68" doraHaiUra="41" who="3" fromWho="1" sc="250,0,250,-80,250,0,240,90" /><INIT seed="1,0,0,2,5,120" ten="250,170,250,330" oya="1" hai0="3,48,92,121,47,12,74,100,33,103,93,60,79" hai1="24,13,102,73,115,109,117,8,95,111,88,64,107" hai2="51,71,75,86,21,105,108,7,39,45,98,10,5" hai3="99,29,40,58,96,62,129,116,11,50,18,57,123"/><U16/><E115/><V6/><F75/><W38/><G123/><T104/><D3/><U54/><E117/><V34/><F34/><W85/><G38/><T78/><D33/><U67/><E73/><V41/><F71/><W63/><G129/><T87/><D121/><U49/><E107/><V118/><F118/><W15/><G29/><T52/><D74/><U97/><E102/><N who="0" m="38953" /><D104/><U130/><E130/><V72/><F72/><W68/><G85/><T4/><D60/><U14/><E24/><V65/><F105/><W27/><G68/><T37/><D37/><U82/><E82/><V91/><F39/><W9/><G116/><T106/><D106/><U23/><E67/><V53/><F65/><N who="3" m="39119" /><G9/><N who="0" m="4135" /><D87/><U2/><E64/><V131/><F131/><W28/><G28/><T84/><D84/><U80/><E80/><V25/><F98/><W32/><G32/><T110/><D110/><N who="1" m="41995" /><E2/><V17/><F108/><W134/><G27/><T66/><D66/><U31/><E31/><V89/><F91/><W127/><G96/><T83/><D83/><U133/><E133/><V46/><F89/><W113/><G134/><T124/><D124/><U128/><E128/><V56/><F86/><W1/><G127/><T59/><D79/><U61/><E61/><V81/><F81/><W36/><G1/><T126/><D126/><U132/><E132/><V119/><F119/><W26/><G26/><T0/><D0/><U44/><E13/><V55/><F25/><W70/><G113/><T101/><N who="0" m="38961" /><T22/><DORA hai="69" /><D78/><U20/><AGARI ba="0,0" hai="8,14,16,20,23,44,49,54,88,95,97" m="41995" machi="20" ten="30,18000,2" yaku="14,1,10,1,52,3,54,2" doraHai="120,69" who="1" fromWho="1" sc="250,-60,170,180,250,-60,330,-60" /><INIT seed="1,1,0,0,5,52" ten="190,350,190,270" oya="1" hai0="73,43,135,106,36,65,99,104,80,115,118,42,122" hai1="53,132,134,19,27,76,56,47,49,15,26,62,86" hai2="21,120,40,111,30,129,70,91,4,35,113,16,33" hai3="24,130,117,59,18,2,37,17,29,131,55,32,63"/><U116/><E116/><V48/><F70/><W45/><G2/><T127/><D115/><U28/><E76/><V1/><F120/><W87/><G87/><T103/><D118/><U125/><E125/><V64/><F64/><W68/><G68/><T3/><D3/><U66/><E86/><V46/><F113/><W11/><G117/><T72/><D127/><U31/><E27/><V25/><F111/><W57/><G11/><T34/><D34/><U100/><E100/><V107/><F129/><N who="3" m="49163" /><G59/><T110/><D110/><U38/><E38/><V97/><F107/><W75/><G75/><T85/><D106/><U82/><E82/><V109/><F109/><W67/><G67/><T133/><D122/><U112/><E26/><V96/><F91/><W7/><G7/><T41/><D65/><U92/><E112/><V98/><REACH who="2" step="1"/><F30/><REACH who="2" ten="190,350,180,270" step="2"/><W77/><G77/><N who="0" m="46223" /><D36/><U114/><E114/><V0/><F0/><W23/><G37/><T51/><D51/><U93/><E28/><V10/><AGARI ba="1,1" hai="1,4,10,16,21,25,33,35,40,46,48,96,97,98" machi="10" ten="30,7900,0" yaku="1,1,0,1,54,1,53,1" doraHai="52" doraHaiUra="5" who="2" fromWho="2" sc="190,-21,350,-40,180,92,270,-21" /><INIT seed="2,0,0,3,4,130" ten="169,310,272,249" oya="2" hai0="70,133,42,106,113,76,101,105,59,55,107,28,116" hai1="79,63,49,48,122,34,45,108,117,1,128,74,97" hai2="29,56,47,60,71,90,82,17,24,88,89,38,0" hai3="52,30,69,62,36,94,2,65,22,111,83,81,26"/><V87/><F71/><W120/><G120/><T58/><D113/><U78/><E34/><V127/><F127/><W41/><G2/><T135/><D70/><U114/><E1/><V32/><F0/><W92/><G111/><T73/><D116/><U131/><E108/><V39/><F17/><W64/><G64/><T7/><D42/><U68/><E74/><V37/><REACH who="2" step="1"/><F47/><REACH who="2" ten="169,310,262,249" step="2"/><W15/><G69/><T85/><D7/><U112/><E45/><V8/><F8/><W33/><G30/><T80/><D28/><U84/><E68/><V121/><F121/><W14/><G33/><T123/><D123/><U57/><E122/><V126/><F126/><W27/><G22/><T25/><D59/><U35/><E57/><V9/><F9/><W103/><G36/><T67/><D67/><AGARI ba="0,1" hai="24,29,32,37,38,39,56,60,67,82,87,88,89,90" machi="67" ten="40,3900,0" yaku="1,1,54,1,53,0" doraHai="130" doraHaiUra="40" who="2" fromWho="0" sc="169,-39,310,0,262,49,249,0" /><INIT seed="2,1,0,1,5,114" ten="130,310,311,249" oya="2" hai0="37,15,111,88,7,51,19,6,113,62,35,121,27" hai1="133,45,31,129,12,105,38,115,124,9,94,30,34" hai2="84,127,29,80,87,68,96,65,48,90,43,13,122" hai3="97,73,17,99,2,54,83,23,92,63,118,91,18"/><V69/><F122/><W131/><G118/><T104/><D113/><U41/><E105/><V22/><F127/><W110/><G110/><T50/><D37/><U49/><E115/><V55/><F43/><W108/><G108/><T0/><D121/><U56/><E124/><V3/><F3/><W11/><G131/><T4/><D111/><U46/><E129/><V119/><F119/><W40/><G40/><T20/><D104/><U59/><E133/><V70/><F96/><W98/><G73/><T85/><D0/><U75/><E75/><V36/><F36/><W74/><G74/><T78/><D78/><U58/><E34/><V89/><F29/><W102/><G83/><T5/><D62/><U47/><E94/><V53/><F65/><W103/><G2/><T8/><REACH who="0" step="1"/><D35/><REACH who="0" ten="120,310,311,249" step="2"/><U135/><E38/><V116/><F116/><W128/><G128/><T28/><D28/><N who="1" m="10795" /><E135/><V72/><F72/><W16/><G102/><T86/><D86/><U33/><E33/><V117/><F117/><W100/><G100/><T64/><D64/><U107/><E107/><V39/><F39/><W109/><G109/><T14/><D14/><U93/><E93/><AGARI ba="1,1" hai="4,5,6,7,8,15,19,20,27,50,51,85,88,93" machi="93" ten="40,12000,2" yaku="1,1,8,1,54,1,53,4" doraHai="114" doraHaiUra="1" who="0" fromWho="1" sc="120,133,310,-123,311,0,249,0" /><INIT seed="3,0,0,5,3,53" ten="253,187,311,249" oya="3" hai0="60,79,24,42,99,101,56,121,118,131,92,107,30" hai1="50,7,75,125,54,33,13,72,87,102,37,0,88" hai2="113,35,106,32,14,100,129,22,12,126,11,31,76" hai3="117,44,52,27,132,17,39,2,91,68,19,89,36"/><W41/><G117/><T57/><D121/><U34/><E37/><V8/><F113/><W62/><G2/><T61/><D118/><U48/><E0/><V115/><F115/><W112/><G112/><T1/><D1/><U122/><E122/><V110/><F76/><W47/><G132/><T58/><D131/><U6/><E102/><V69/><F69/><W15/><G27/><T86/><D42/><U135/><E135/><V98/><F110/><W120/><G120/><T26/><D26/><U74/><E125/><V108/><F126/><W20/><G19/><T16/><D16/><U73/><N who="1" m="18432" /><DORA hai="28" /><U51/><E54/><V71/><F71/><W82/><G82/><N who="0" m="47455" /><D107/><U124/><E124/><V46/><F129/><W21/><G21/><AGARI ba="0,0" hai="21,24,30,56,57,58,60,61,92,99,101" m="47455" machi="21" ten="30,7700,0" yaku="8,1,52,3" doraHai="53,28" who="0" fromWho="3" sc="253,77,187,0,311,0,249,-77" owari="330,43.0,187,-21.3,311,11.1,172,-32.8" /></mjloggm>