<mjloggm ver="2.3"><GO type="225" lobby="0"/><UN n0="%E7%99%BD%E9%9B%AA%E4%B9%83%E6%84%9B" n1="%E7%B4%94%E6%BD%94%E3%83%94%E3%83%A9%E3%83%8B%E3%82%A2" n2="%E6%97%A5%E6%9B%9C%E6%97%A5%E3%82%88%E3%82%8A%E3%81%AE%E4%BD%BF%E8%80%85" n3="%74%61%6B%75%61%6B%61" dan="16,16,17,16" rate="2049.43,2077.12,2158.17,2168.01" sx="F,M,M,M"/><TAIKYOKU oya="0"/><INIT seed="0,0,0,0,0,65" ten="250,250,250,250" oya="0" hai0="48,70,23,81,27,106,74,114,79,6,112,20,131" hai1="75,84,125,93,36,61,26,108,9,127,132,7,120" hai2="133,103,35,49,62,53,52,134,16,89,122,0,60" hai3="2,32,78,135,100,18,11,101,82,8,97,10,56"/><T90/><D106/><U41/><E75/><V28/><F0/><W55/><G32/><T30/><D131/><U38/><E120/><V29/><F122/><W63/><G135/><N who="2" m="51721" /><F103/><W128/><G128/><T80/><D6/><U31/><E61/><N who="2" m="23659" /><F35/><W121/><G121/><T5/><D5/><U19/><E19/><V24/><F89/><W126/><G126/><N who="1" m="48138" /><E41/><V118/><F118/><W72/><G2/><T14/><D70/><U64/><E64/><V47/><F53/><W66/><G55/><T17/><REACH who="0" step="1"/><D48/><REACH who="0" ten="240,250,250,250" step="2"/><U98/><E132/><V4/><F4/><W105/><REACH who="3" step="1"/><G101/><REACH who="3" ten="240,250,250,240" step="2"/><T59/><D59/><U92/><E7/><V124/><F124/><W109/><G109/><T116/><D116/><U46/><E108/><V42/><F42/><W58/><G58/><T69/><D69/><U96/><E46/><V1/><F1/><W87/><G87/><AGARI ba="0,2" hai="14,17,20,23,27,30,74,79,80,81,87,90,112,114" machi="87" ten="40,7700,0" yaku="1,1,53,2" doraHai="65" doraHaiUra="76" who="0" fromWho="3" sc="240,97,250,0,250,0,240,-77" /><INIT seed="0,1,0,3,1,132" ten="337,250,250,163" oya="0" hai0="61,11,108,31,47,64,16,58,125,135,95,105,102" hai1="22,65,15,114,126,6,101,82,51,78,14,113,83" hai2="5,3,1,121,97,45,40,44,99,130,37,49,27" hai3="134,115,122,111,62,53,20,54,30,73,112,17,68"/><T24/><D105/><U21/><E65/><V124/><F121/><W123/><G73/><T118/><D118/><U9/><E101/><V117/><F117/><W13/><G111/><T109/><D135/><U36/><E36/><V133/><F133/><W38/><G134/><T129/><D129/><U92/><E92/><V35/><F130/><W103/><G103/><T28/><D47/><U85/><E51/><V26/><F35/><W55/><G38/><T88/><D102/><U33/><E33/><V107/><F5/><W127/><G30/><T32/><D125/><U63/><E126/><V106/><F37/><W46/><G46/><T12/><REACH who="0" step="1"/><D31/><REACH who="0" ten="327,250,250,163" step="2"/><U18/><E114/><V60/><F124/><W69/><G127/><T81/><D81/><U42/><E113/><V39/><F107/><W43/><G112/><T2/><D2/><U131/><E131/><V67/><F106/><W48/><G115/><T23/><D23/><U41/><E22/><V52/><F1/><W93/><G122/><T72/><D72/><U70/><E83/><V8/><F3/><W98/><G123/><T90/><D90/><U25/><E25/><V86/><F27/><W80/><G80/><T19/><D19/><U74/><E74/><V59/><F26/><W116/><G116/><T104/><D104/><U87/><E82/><V119/><F119/><W120/><G120/><T10/><D10/><U0/><E0/><V76/><F8/><W7/><G20/><T91/><D91/><U128/><E128/><V57/><F45/><W50/><G17/><T29/><D29/><U4/><E18/><RYUUKYOKU ba="1,1" sc="327,15,250,-15,250,15,163,-15" hai0="11,12,16,24,28,32,58,61,64,88,95,108,109" hai2="39,40,44,49,52,57,59,60,67,76,86,97,99" /><INIT seed="0,2,1,5,0,50" ten="342,235,265,148" oya="0" hai0="29,129,87,6,132,106,81,59,48,18,125,54,3" hai1="91,135,47,103,19,65,67,52,88,76,51,124,7" hai2="69,109,118,75,5,80,130,32,56,70,84,20,113" hai3="36,39,86,68,131,122,117,58,55,123,21,22,102"/><T128/><D106/><U85/><E135/><V24/><F113/><W78/><G117/><T111/><D132/><U61/><E124/><V116/><F32/><W104/><G68/><N who="2" m="26217" /><F75/><W30/><G131/><T64/><D64/><N who="1" m="24651" /><E103/><V93/><F93/><W73/><G73/><T120/><D120/><N who="3" m="46121" /><G102/><T82/><D125/><U94/><E7/><V133/><F5/><W49/><G104/><T9/><D29/><U46/><E61/><V74/><F74/><W99/><G99/><T127/><D127/><U77/><E47/><V23/><F24/><N who="3" m="16663" /><G21/><T90/><D18/><U126/><E126/><V83/><F133/><W72/><G72/><T134/><D134/><U98/><E19/><V45/><F20/><W95/><G95/><AGARI ba="2,1" hai="46,51,52,76,77,85,88,91,94,95,98" m="24651" machi="95" ten="30,7700,0" yaku="8,1,52,1,54,2" doraHai="50" who="1" fromWho="3" sc="342,0,235,93,265,0,148,-83" /><INIT seed="1,0,0,4,0,69" ten="342,328,265,65" oya="1" hai0="81,27,70,123,122,93,4,59,76,14,117,68,84" hai1="12,32,116,125,46,19,5,72,43,0,112,48,114" hai2="2,56,52,8,31,65,115,119,106,37,38,9,74" hai3="40,85,89,33,55,129,91,58,53,10,29,83,109"/><U79/><E116/><V16/><F119/><W113/><G113/><T7/><D117/><U51/><E125/><V62/><F106/><W105/><G109/><T101/><D27/><U108/><E32/><V121/><F74/><W82/><G129/><T103/><D59/><U45/><E108/><V133/><F121/><N who="0" m="46090" /><D14/><U100/><E100/><N who="0" m="38473" /><D93/><U25/><E25/><V77/><F77/><W87/><G105/><T127/><D127/><U90/><E90/><V118/><F118/><W78/><G78/><T64/><D64/><U15/><E0/><V22/><F133/><W11/><G33/><T60/><D60/><U111/><E111/><V44/><F31/><W50/><G29/><T30/><D30/><U1/><E1/><V96/><F96/><W67/><G67/><T3/><D3/><U17/><E5/><AGARI ba="0,0" hai="4,5,7,68,70,76,81,84" m="38473,46090" machi="5" ten="30,1000,0" yaku="13,1" doraHai="69" who="0" fromWho="1" sc="342,10,328,-10,265,0,65,0" /><INIT seed="2,0,0,1,3,60" ten="352,318,265,65" oya="2" hai0="94,37,85,16,103,122,106,65,22,111,2,110,93" hai1="15,26,74,68,47,95,49,40,5,30,115,114,57" hai2="6,73,126,67,12,84,56,108,19,82,53,33,45" hai3="34,99,104,44,64,80,35,133,25,92,119,62,29"/><V129/><F33/><W135/><G119/><T125/><D122/><U3/><E3/><V50/><F73/><W134/><G44/><T8/><D37/><U27/><E68/><V127/><F129/><W123/><G123/><T105/><D125/><N who="2" m="47626" /><F6/><W86/><G35/><T7/><D65/><U78/><E27/><V90/><F108/><N who="0" m="41514" /><D85/><U75/><E75/><V39/><F39/><W70/><G92/><N who="0" m="35435" /><D103/><U32/><E74/><V18/><F12/><AGARI ba="0,0" hai="2,7,8,12,16,22,105,106" m="35435,41514" machi="12" ten="30,2000,0" yaku="14,1,54,1" doraHai="60" who="0" fromWho="2" sc="352,20,318,0,265,-20,65,0" /><INIT seed="3,0,0,0,4,65" ten="372,318,245,65" oya="3" hai0="106,119,19,6,13,40,95,67,68,126,21,120,50" hai1="3,42,49,28,92,62,24,98,78,87,80,101,122" hai2="60,131,104,16,83,123,97,9,124,88,20,86,93" hai3="75,135,61,35,48,30,125,38,58,134,22,53,44"/><W57/><G35/><T94/><D106/><U66/><E122/><V37/><F37/><W99/><G75/><T2/><D119/><U103/><E3/><V18/><F123/><W32/><G32/><T81/><D120/><U84/><E42/><V36/><F36/><W29/><G125/><T4/><D68/><U112/><E112/><V105/><F124/><W14/><G38/><T7/><D2/><U116/><E116/><V107/><F131/><W56/><G61/><T43/><D126/><U102/><E49/><V23/><F60/><W69/><G69/><T59/><D81/><U100/><E87/><V8/><F23/><W132/><REACH who="3" step="1"/><G99/><REACH who="3" ten="372,318,245,55" step="2"/><T128/><D128/><U127/><E127/><V15/><REACH who="2" step="1"/><F18/><AGARI ba="0,1" hai="14,18,22,29,30,44,48,53,56,57,58,132,134,135" machi="18" ten="50,9600,0" yaku="1,1,2,1,20,1,53,0" doraHai="65" doraHaiUra="91" who="3" fromWho="2" sc="372,0,318,0,245,-96,55,106" /><INIT seed="3,1,0,0,4,17" ten="372,318,149,161" oya="3" hai0="105,45,96,124,23,31,29,27,44,116,82,72,69" hai1="79,89,88,80,133,104,84,75,63,107,123,74,99" hai2="121,19,54,15,34,70,87,47,38,66,53,114,71" hai3="86,18,11,95,43,8,42,64,83,13,122,41,7"/><W102/><G122/><T52/><D69/><U58/><E58/><V37/><F114/><W25/><G64/><T16/><D116/><U109/><E63/><V60/><F34/><W46/><G25/><T132/><D132/><U12/><E12/><V108/><F121/><W98/><G8/><T14/><D124/><U81/><E123/><V24/><F24/><W1/><G1/><T33/><D31/><U73/><E133/><V36/><F87/><W106/><G106/><N who="1" m="40490" /><E109/><V90/><F90/><N who="1" m="34921" /><E99/><V67/><F108/><W131/><G18/><T127/><D127/><U59/><E59/><N who="2" m="34927" /><F15/><W28/><G28/><T39/><D39/><N who="2" m="14922" /><F19/><W134/><G134/><T40/><D40/><U32/><E32/><V35/><F35/><W112/><G112/><T51/><D44/><U57/><E57/><V55/><F55/><W3/><G3/><T117/><D117/><U48/><E48/><N who="2" m="28959" /><F38/><W101/><G101/><T100/><D100/><U4/><E4/><V130/><F130/><W94/><G131/><T76/><D96/><U129/><E129/><V77/><F77/><AGARI ba="1,0" hai="73,74,75,77,79,80,81,84" m="34921,40490" machi="77" ten="30,12000,2" yaku="35,5,54,1" doraHai="17" who="1" fromWho="2" sc="372,0,318,123,149,-123,161,0" owari="372,17.2,441,54.1,26,-47.4,161,-23.9" /></mjloggm>