<mjloggm ver="2.3"><GO type="225" lobby="0"/><UN n0="%E5%91%A8%E6%9D%B1" n1="%E6%81%A5%E6%99%92%E3%81%97" n2="%E5%8D%A0%E3%81%84%E5%B8%AB%E8%A3%8F%E3%81%AA%E3%81%84%E3%81%97" n3="%E6%B4%BE%E9%81%A3%E3%81%AE%E3%82%B8%E3%83%A3%E3%83%83%E3%82%AF" dan="17,16,17,17" rate="2201.69,2146.48,2132.26,2223.26" sx="M,M,M,M"/><TAIKYOKU oya="0"/><INIT seed="0,0,0,0,1,52" ten="250,250,250,250" oya="0" hai0="14,121,93,0,42,72,16,45,63,58,94,92,53" hai1="131,44,83,35,57,18,119,33,2,98,105,29,109" hai2="5,106,100,88,90,50,36,46,9,122,12,114,118" hai3="127,25,23,126,103,37,39,66,28,99,19,24,130"/><T61/><D0/><U68/><E119/><V89/><F122/><W48/><G130/><T15/><D121/><U120/><E120/><V65/><F114/><W84/><G84/><T64/><D72/><U71/><E131/><V31/><F118/><W111/><G111/><T6/><D6/><U85/><E109/><V27/><F36/><W115/><G115/><T82/><D82/><U128/><E128/><V21/><F65/><W20/><G48/><T38/><REACH who="0" step="1"/><D16/><REACH who="0" ten="240,250,250,250" step="2"/><U102/><E18/><V13/><F13/><W40/><G19/><T70/><AGARI ba="0,1" hai="14,15,38,42,45,53,58,61,63,64,70,92,93,94" machi="70" ten="30,11700,0" yaku="1,1,2,1,0,1,52,1,53,0" doraHai="52" doraHaiUra="116" who="0" fromWho="0" sc="240,127,250,-39,250,-39,250,-39" /><INIT seed="0,1,0,5,3,44" ten="367,211,211,211" oya="0" hai0="24,102,65,135,116,127,63,99,98,79,115,51,85" hai1="57,126,36,132,16,92,133,67,86,106,32,94,113" hai2="11,96,38,71,50,69,10,87,29,128,82,7,111" hai3="88,134,74,48,18,52,114,9,60,43,30,12,3"/><T117/><D115/><U19/><E106/><V89/><F38/><W129/><G74/><T17/><D135/><N who="1" m="51787" /><E113/><V56/><F111/><W41/><G114/><T26/><D127/><U121/><E121/><V34/><F128/><W45/><G129/><T6/><D6/><U62/><E32/><V66/><F29/><W100/><G134/><T55/><D117/><U78/><E36/><V110/><F34/><W72/><G72/><T104/><D116/><U28/><E28/><V105/><F110/><W21/><G100/><T131/><D131/><U13/><E126/><V95/><F105/><W46/><G60/><T112/><D112/><U76/><E19/><V23/><F23/><W81/><G45/><T80/><D17/><U22/><E86/><V2/><F10/><W49/><G49/><T35/><D99/><U93/><AGARI ba="1,0" hai="13,16,22,57,62,67,76,78,92,93,94" m="51787" machi="93" ten="30,2000,0" yaku="20,1,54,1" doraHai="44" who="1" fromWho="1" sc="367,-11,211,23,211,-6,211,-6" /><INIT seed="1,0,0,5,4,69" ten="356,234,205,205" oya="1" hai0="90,40,4,28,94,18,120,36,132,103,3,133,34" hai1="54,14,68,84,12,106,46,25,21,20,118,19,56" hai2="16,11,58,47,117,29,73,44,119,109,49,39,92" hai3="37,52,104,23,100,50,98,1,0,135,48,123,99"/><U33/><E106/><V32/><F73/><W129/><G123/><T41/><D120/><U122/><E68/><V42/><F109/><W125/><G125/><T59/><D103/><U88/><E118/><V134/><F134/><N who="0" m="51818" /><D36/><U74/><E74/><V85/><F29/><W66/><G135/><T97/><D18/><N who="1" m="12439" /><E33/><V9/><F32/><W128/><G66/><T102/><D28/><U131/><E131/><N who="3" m="50250" /><G48/><T95/><D34/><U61/><E46/><V77/><F58/><N who="3" m="33047" /><G98/><N who="0" m="57687" /><D59/><U57/><E56/><V10/><F117/><W107/><G107/><T115/><D115/><U24/><E122/><V113/><F113/><W75/><G75/><T64/><D64/><U71/><E71/><V116/><F116/><W55/><G55/><T65/><D65/><U96/><E96/><V121/><F119/><W26/><G37/><T82/><D3/><U70/><E70/><V78/><F121/><W17/><AGARI ba="0,0" hai="0,1,17,23,26,99,100,104" m="33047,50250" machi="17" ten="30,2000,0" yaku="19,1,54,1" doraHai="69" who="3" fromWho="3" sc="356,-5,234,-10,205,-5,205,20" /><INIT seed="2,0,0,4,5,30" ten="351,224,200,225" oya="2" hai0="17,71,133,110,48,128,94,0,60,93,1,69,74" hai1="5,108,19,53,112,103,104,22,31,113,66,6,122" hai2="59,73,123,62,131,8,15,10,54,64,55,119,101" hai3="132,134,49,77,98,89,118,107,90,38,116,130,102"/><V67/><F119/><N who="3" m="45611" /><G49/><T70/><D74/><U2/><E66/><V44/><F123/><W13/><G38/><T18/><D128/><U79/><E122/><V117/><F117/><W42/><G42/><T105/><D133/><N who="3" m="51305" /><G13/><T9/><D48/><U3/><E79/><V24/><F131/><W80/><G130/><T34/><D105/><U72/><E53/><V39/><F73/><AGARI ba="0,0" hai="73,77,80,89,90,98,102,107" m="51305,45611" machi="73" ten="30,3900,0" yaku="20,1,34,2" doraHai="30" who="3" fromWho="2" sc="351,0,224,0,200,-39,225,39" /><INIT seed="3,0,0,0,1,17" ten="351,224,161,264" oya="3" hai0="85,59,32,61,39,84,9,66,24,106,41,117,121" hai1="134,72,60,49,135,103,130,109,50,13,120,67,23" hai2="1,64,2,95,26,100,18,89,35,4,96,86,15" hai3="45,36,33,44,111,30,37,8,68,11,133,90,14"/><W94/><G68/><T47/><D106/><U48/><E120/><V46/><F64/><W128/><G33/><T69/><D121/><U57/><E109/><V77/><F77/><W126/><G30/><T16/><D117/><U65/><E72/><V92/><F4/><W97/><G126/><T21/><D32/><U87/><E130/><V127/><F127/><W6/><G133/><N who="1" m="50698" /><E103/><V83/><F46/><W75/><G75/><T76/><D76/><U22/><E67/><V55/><F55/><W3/><G128/><T131/><D131/><U74/><E74/><V104/><F104/><W28/><G28/><T43/><D43/><U125/><E125/><V81/><F35/><W102/><G111/><T25/><D25/><U82/><E13/><V63/><F26/><W31/><G31/><T79/><D79/><AGARI ba="0,0" hai="22,23,48,49,50,57,60,65,79,82,87" m="50698" machi="79" ten="30,3900,0" yaku="20,1,52,2" doraHai="17" who="1" fromWho="0" sc="351,-39,224,39,161,0,264,0" owari="312,41.2,263,-13.7,161,-33.9,264,6.4" /></mjloggm>