<mjloggm ver="2.3"><GO type="225" lobby="0"/><UN n0="%E4%BA%AE%E6%B5%81%E6%89%93%E8%80%85" n1="%E3%83%B4%E3%82%A3%E3%83%AF%E3%82%B3%E3%82%B0%E3%83%8B" n2="%E7%89%B9%E6%9D%B1%E3%81%AF%E4%B8%96%E7%95%8C%E3%82%92%E6%95%91%E3%81%86" n3="%E3%81%95%E3%81%8D%E3%81%9F%E3%81%BE%E6%9E%97%E6%AA%8E" dan="16,16,16,16" rate="2088.62,2187.84,2125.86,2068.19" sx="F,M,M,M"/><TAIKYOKU oya="0"/><INIT seed="0,0,0,2,2,42" ten="250,250,250,250" oya="0" hai0="105,96,71,43,47,28,3,58,5,38,72,37,63" hai1="107,65,104,79,56,87,68,112,7,108,102,135,25" hai2="99,24,111,84,118,117,83,124,125,8,78,4,86" hai3="32,94,54,90,39,17,85,36,64,13,53,31,21"/><T131/><D72/><U57/><E108/><V20/><F111/><W103/><G32/><T115/><D71/><U70/><E7/><V61/><F99/><W49/><G64/><T106/><D115/><U40/><E40/><V44/><F86/><W55/><G39/><T80/><D37/><U128/><E25/><V133/><F61/><W48/><G36/><T14/><D131/><U89/><E79/><V119/><F44/><W100/><REACH who="3" step="1"/><G31/><REACH who="3" ten="250,250,250,240" step="2"/><T26/><D28/><U66/><E66/><V12/><REACH who="2" step="1"/><F133/><REACH who="2" ten="250,250,240,240" step="2"/><W93/><G93/><T19/><D106/><U122/><E135/><V34/><F34/><W121/><G121/><T62/><D105/><U74/><E122/><V97/><F97/><W127/><G127/><T2/><D96/><U18/><E104/><V114/><F114/><W33/><G33/><T30/><D38/><U9/><E112/><V75/><F75/><W35/><G35/><T52/><D30/><AGARI ba="0,2" hai="4,8,12,20,24,30,78,83,84,117,118,119,124,125" machi="30" ten="40,5200,0" yaku="1,1,12,1,53,1" doraHai="42" doraHaiUra="77" who="2" fromWho="0" sc="250,-52,250,0,240,72,240,0" /><INIT seed="1,0,0,3,3,29" ten="198,250,312,240" oya="1" hai0="117,36,31,88,38,20,116,131,42,65,68,118,2" hai1="91,28,93,16,74,44,43,6,60,120,128,85,86" hai2="99,55,71,81,58,115,83,13,104,77,37,61,63" hai3="5,102,123,23,126,57,108,19,96,14,1,10,84"/><U107/><E128/><V22/><F37/><N who="0" m="14442" /><D20/><U25/><E120/><V53/><F115/><W8/><G123/><T121/><D31/><U79/><E107/><V109/><F109/><W17/><G108/><T49/><D2/><U33/><E6/><V132/><F132/><W7/><G84/><T69/><D88/><U111/><E111/><V26/><F13/><N who="3" m="5263" /><G57/><T27/><D27/><U21/><E60/><V94/><F104/><W11/><G96/><T98/><D98/><U87/><E44/><V75/><F81/><W105/><G105/><T32/><D32/><U127/><E43/><V48/><F71/><N who="0" m="27210" /><D121/><U50/><E50/><V113/><F55/><W82/><G82/><T103/><D103/><U59/><E59/><V4/><F4/><N who="3" m="1295" /><G102/><T34/><D34/><U15/><REACH who="1" step="1"/><E127/><REACH who="1" ten="198,240,312,240" step="2"/><V100/><F113/><W76/><G126/><T30/><D131/><U92/><E92/><V56/><F58/><W70/><G70/><T97/><D42/><U129/><E129/><V130/><F130/><W73/><G73/><T122/><D49/><U101/><E101/><V18/><AGARI ba="0,1" hai="18,22,26,48,53,56,61,63,75,77,83,94,99,100" machi="18" ten="20,1500,0" yaku="0,1,7,1" doraHai="29" who="2" fromWho="2" sc="198,-4,240,-7,312,25,240,-4" /><INIT seed="2,0,0,0,1,64" ten="194,233,337,236" oya="2" hai0="94,58,85,66,24,50,9,103,76,51,131,2,126" hai1="113,3,84,56,17,7,77,108,15,129,36,78,125" hai2="110,105,130,70,57,40,18,29,25,62,35,128,87" hai3="107,4,21,91,33,14,43,89,95,31,111,55,83"/><V1/><F105/><W132/><G107/><T52/><D131/><N who="2" m="50218" /><F1/><W16/><G132/><T123/><D123/><U6/><E3/><V13/><F40/><W49/><G111/><T93/><D126/><U90/><E36/><V120/><F120/><W44/><G33/><T81/><D66/><U119/><E119/><V60/><F110/><W47/><G31/><T61/><D24/><U54/><E113/><V72/><F72/><W19/><G4/><N who="1" m="1578" /><E125/><V133/><F133/><W86/><G19/><T122/><D122/><U39/><E39/><V117/><F117/><W98/><REACH who="3" step="1"/><G43/><REACH who="3" ten="194,233,337,226" step="2"/><T10/><D2/><U41/><E41/><V34/><F18/><W99/><G99/><N who="0" m="59887" /><D94/><N who="1" m="54599" /><E108/><V23/><F29/><W46/><AGARI ba="0,1" hai="14,16,21,44,46,47,49,55,83,86,89,91,95,98" machi="46" ten="20,8000,1" yaku="1,1,0,1,7,1,8,1,54,1,53,0" doraHai="64" doraHaiUra="124" who="3" fromWho="3" sc="194,-20,233,-20,337,-40,226,90" /><INIT seed="3,0,0,0,1,125" ten="174,213,297,316" oya="3" hai0="28,100,121,14,26,105,54,59,52,58,49,47,56" hai1="46,117,93,112,126,10,5,2,62,7,80,61,0" hai2="24,76,43,130,127,75,36,29,33,97,68,35,71" hai3="48,32,37,132,57,115,109,64,88,39,72,77,129"/><W124/><G115/><T99/><D121/><U84/><E112/><V44/><F127/><W135/><G124/><T123/><D123/><U122/><E122/><V73/><F130/><W69/><G129/><T21/><REACH who="0" step="1"/><D14/><REACH who="0" ten="164,213,297,316" step="2"/><U74/><E126/><V41/><F41/><AGARI ba="0,1" hai="21,26,28,41,47,49,52,54,56,58,59,99,100,105" machi="41" ten="40,5200,0" yaku="1,1,2,1,54,1,53,0" doraHai="125" doraHaiUra="13" who="0" fromWho="2" sc="164,62,213,0,297,-52,316,0" owari="226,-17.4,213,-28.7,245,4.5,316,41.6" /></mjloggm>