<mjloggm ver="2.3"><GO type="225" lobby="0"/><UN n0="%6D%75%75%6D%75%72%61" n1="%4C%4F%4C%49%54%41" n2="%77%72%77%72%77%72%77%72" n3="%E3%83%97%E3%83%AC%E3%83%B4%E3%82%A1%E3%83%86%E3%82%A3" dan="16,16,16,16" rate="2116.55,2185.51,2168.30,2161.69" sx="F,F,M,F"/><TAIKYOKU oya="0"/><INIT seed="0,0,0,3,3,24" ten="250,250,250,250" oya="0" hai0="60,80,10,46,114,78,92,122,58,42,2,30,62" hai1="37,27,103,26,93,9,108,55,35,70,65,39,15" hai2="89,87,40,116,85,6,132,90,22,107,53,56,41" hai3="16,135,126,29,11,33,94,115,1,76,48,4,45"/><T20/><D114/><U95/><E108/><V44/><F132/><W102/><G135/><T21/><D122/><U77/><E77/><V84/><F107/><W51/><G115/><T50/><D92/><U64/><E70/><V66/><F116/><W23/><G76/><T110/><D110/><U31/><E55/><V100/><F100/><W91/><G102/><T104/><D104/><U113/><E113/><V43/><F6/><W112/><G112/><T121/><D121/><U128/><E103/><V127/><F127/><W118/><G126/><T54/><D62/><U133/><E133/><V111/><F111/><W134/><G134/><T52/><D54/><U96/><E96/><V72/><F72/><W119/><G48/><T109/><D109/><U3/><E3/><V124/><F124/><W63/><G63/><T105/><D105/><U88/><E128/><V19/><F44/><W7/><G7/><T28/><D10/><U73/><E73/><V83/><F66/><W38/><G38/><T123/><D2/><U69/><E95/><V57/><F83/><W97/><G33/><T130/><D130/><U75/><E27/><N who="2" m="14815" /><F57/><W61/><G61/><AGARI ba="0,0" hai="40,41,43,53,56,61,84,85,87,89,90" m="14815" machi="61" ten="30,1000,0" yaku="8,1" doraHai="24" who="2" fromWho="3" sc="250,0,250,0,250,10,250,-10" /><INIT seed="1,0,0,1,4,15" ten="250,250,260,240" oya="1" hai0="11,44,110,49,115,107,95,13,124,50,19,31,117" hai1="25,91,80,113,79,48,99,97,39,8,131,36,81" hai2="126,5,119,83,42,104,67,106,62,61,14,109,1" hai3="71,84,102,63,59,129,114,77,18,45,34,52,54"/><U40/><E113/><V27/><F119/><W74/><G114/><T24/><D115/><U135/><E131/><V51/><F1/><W75/><G34/><T23/><D117/><U55/><E135/><V118/><F118/><W56/><G129/><T108/><D107/><U41/><E39/><V93/><F109/><W58/><G102/><T28/><D124/><U10/><E36/><V94/><F126/><W78/><G45/><T122/><D122/><U130/><E130/><V100/><F83/><W43/><G43/><T66/><D66/><U98/><E25/><V86/><F27/><W89/><G71/><T35/><D95/><U65/><E65/><V20/><F93/><W70/><G70/><T17/><D35/><U4/><E91/><V32/><F32/><W85/><G59/><T68/><D68/><U2/><E8/><V96/><F86/><W9/><G75/><T87/><D87/><N who="3" m="33353" /><G89/><T111/><D49/><U29/><E29/><V112/><F112/><W132/><G74/><T76/><D76/><U22/><E22/><V26/><F61/><N who="3" m="35975" /><G132/><T82/><D82/><N who="1" m="31851" /><E79/><V21/><F51/><W103/><G103/><T73/><D73/><U72/><E72/><V127/><F127/><W33/><G33/><T123/><D123/><U121/><E121/><V46/><F62/><W101/><G101/><T53/><AGARI ba="0,0" hai="11,13,17,19,23,24,28,31,44,50,53,108,110,111" machi="53" ten="30,7900,0" yaku="0,1,14,1,52,2" doraHai="15" who="0" fromWho="0" sc="250,79,250,-39,260,-20,240,-20" /><INIT seed="2,0,0,3,5,47" ten="329,211,240,220" oya="2" hai0="113,124,114,55,83,100,57,101,24,81,38,18,90" hai1="70,62,6,94,54,40,28,82,13,63,0,77,14" hai2="29,61,44,20,109,110,125,135,127,19,35,51,46" hai3="112,133,58,129,132,80,21,108,74,97,9,78,67"/><V2/><F2/><W50/><G108/><N who="2" m="41577" /><F135/><N who="3" m="51787" /><G112/><T10/><D38/><U53/><E40/><N who="2" m="24967" /><F61/><W130/><G67/><T64/><D124/><N who="2" m="47690" /><F46/><W8/><G21/><T116/><D64/><U87/><E0/><V107/><F107/><W16/><G97/><T86/><D113/><U122/><E63/><V1/><F1/><W65/><G65/><T12/><D114/><U15/><E62/><V102/><F102/><W59/><G59/><T75/><D100/><U73/><E70/><V68/><F68/><W5/><G5/><T104/><D101/><U45/><E6/><V56/><F56/><W117/><G117/><T11/><D116/><U7/><E7/><V52/><F52/><N who="3" m="32023" /><G8/><T34/><D104/><U93/><E53/><V118/><F118/><W4/><G4/><T115/><D10/><U32/><E54/><V41/><F41/><W131/><G9/><T88/><D115/><U26/><E45/><V126/><F126/><W49/><G49/><T96/><D55/><U79/><E122/><V66/><F66/><W92/><G92/><T76/><D57/><U3/><E3/><V84/><F35/><W99/><G99/><T134/><D96/><U37/><E37/><V98/><F98/><W85/><G16/><T30/><D134/><U42/><E42/><V72/><F29/><W111/><G111/><T31/><D30/><U27/><E32/><V43/><F43/><W36/><G36/><T119/><D119/><U33/><E33/><V106/><F106/><W121/><G121/><T120/><D120/><U17/><E28/><V103/><F19/><W105/><G105/><RYUUKYOKU ba="0,0" sc="329,15,211,-15,240,-15,220,15" hai0="11,12,18,24,31,34,75,76,81,83,86,88,90" hai3="74,78,80,85,129,130,131" /><INIT seed="3,1,0,0,2,132" ten="344,196,225,235" oya="3" hai0="14,95,104,48,89,82,128,10,62,103,90,53,131" hai1="56,118,113,111,115,99,18,46,47,70,77,34,114" hai2="84,35,1,87,134,61,40,91,39,25,63,75,119" hai3="37,101,85,17,13,0,2,43,109,98,22,9,96"/><W41/><G109/><T69/><D104/><U4/><E70/><V30/><F119/><W133/><G133/><T60/><D82/><U126/><E34/><V105/><F134/><W21/><G37/><T117/><D103/><U32/><E32/><V42/><F75/><W24/><G85/><N who="0" m="52655" /><D69/><U54/><E4/><V36/><F1/><W20/><G24/><T108/><D90/><U50/><E77/><V78/><F105/><W23/><N who="3" m="5120" /><DORA hai="68" /><W121/><G121/><T92/><D92/><U73/><E73/><V83/><F42/><W67/><G67/><T64/><D64/><U124/><E111/><V29/><F29/><W86/><G86/><T59/><D117/><U97/><E18/><V116/><F116/><W76/><G76/><T33/><D33/><U7/><E7/><V26/><F26/><W80/><G80/><T5/><D108/><U74/><E74/><V8/><F8/><W11/><G11/><T6/><D6/><U120/><E120/><V44/><F39/><W31/><G31/><T66/><D66/><U110/><E110/><V65/><F65/><W27/><G27/><T93/><D93/><AGARI ba="1,0" hai="25,30,35,36,40,44,61,63,78,83,84,87,91,93" machi="93" ten="30,2000,0" yaku="7,1,52,1" doraHai="132,68" who="2" fromWho="0" sc="344,-23,196,0,225,23,235,0" owari="321,42.1,196,-30.4,248,4.8,235,-16.5" /></mjloggm>