<mjloggm ver="2.3"><GO type="225" lobby="0"/><UN n0="%E4%BF%BA%E3%81%A8%E5%A6%96%E5%A4%A2" n1="%4B%2E%32%2E%4B%2E" n2="%E6%81%A5%E6%99%92%E3%81%97" n3="%E3%80%93%E3%81%97%E3%83%BC%E3%82%89%E3%80%93" dan="17,16,16,16" rate="2171.91,2129.87,2126.52,2183.01" sx="F,M,M,M"/><TAIKYOKU oya="0"/><INIT seed="0,0,0,3,3,132" ten="250,250,250,250" oya="0" hai0="104,66,115,52,120,68,42,92,40,97,13,102,96" hai1="125,111,100,65,14,103,54,58,16,28,15,91,126" hai2="41,62,4,64,12,130,57,79,17,90,19,11,105" hai3="69,6,127,45,33,70,123,99,35,86,76,20,77"/><T1/><D115/><U30/><E111/><V25/><F130/><W131/><G131/><T109/><D120/><U135/><E135/><V60/><F105/><W23/><G6/><T78/><D1/><U73/><E73/><V75/><F75/><W119/><G86/><T59/><D109/><U37/><E37/><V27/><F79/><W22/><G45/><T116/><D78/><N who="3" m="30313" /><G99/><T82/><D82/><U118/><E14/><V81/><F41/><W133/><G133/><T43/><D116/><U106/><E65/><V7/><F62/><W21/><G21/><T39/><D13/><U112/><E112/><V110/><F110/><W55/><G55/><T87/><D87/><U80/><E118/><V122/><F122/><W53/><G53/><T74/><D74/><U121/><E121/><V71/><F71/><N who="3" m="27147" /><G123/><T107/><D39/><U32/><E91/><V129/><F129/><W88/><G88/><T10/><D10/><N who="1" m="6263" /><E80/><V117/><F117/><W56/><G56/><T8/><D8/><U114/><E114/><V46/><F46/><W63/><G63/><T0/><D0/><U49/><E106/><V124/><F90/><W51/><G51/><T101/><D68/><U67/><E67/><V29/><F81/><W3/><G3/><T5/><D66/><U98/><E98/><V61/><F60/><W94/><G119/><T128/><D128/><U50/><E50/><V134/><F134/><W26/><G94/><N who="0" m="58519" /><D5/><U38/><E38/><V83/><F7/><W89/><G89/><T2/><D2/><U44/><E100/><V47/><F4/><W31/><G35/><RYUUKYOKU ba="0,0" sc="250,15,250,-15,250,-15,250,15" hai0="40,42,43,52,59,92,97,102,104,107" hai3="20,22,23,26,31,33,127" /><INIT seed="0,1,0,5,3,25" ten="265,235,235,265" oya="0" hai0="111,3,91,81,94,34,18,96,80,33,9,124,106" hai1="14,38,101,113,95,127,99,10,108,11,47,100,78" hai2="37,69,135,43,103,128,20,58,112,7,93,40,70" hai3="90,71,130,1,110,97,134,21,26,55,52,19,31"/><T28/><D124/><U125/><E108/><V8/><F112/><W122/><G71/><T62/><D111/><U0/><E113/><V73/><F128/><W83/><G1/><T27/><D34/><U6/><E101/><V89/><F73/><W119/><G110/><T63/><D106/><U23/><E23/><V16/><F135/><W85/><G134/><T2/><D2/><U66/><E66/><V17/><F103/><W39/><G39/><T107/><D107/><U53/><E78/><V123/><F123/><W4/><G4/><T60/><REACH who="0" step="1"/><D18/><REACH who="0" ten="255,235,235,265" step="2"/><U49/><REACH who="1" step="1"/><E38/><REACH who="1" ten="255,225,235,265" step="2"/><V44/><F37/><W82/><G122/><T75/><D75/><U105/><E105/><V117/><F117/><W86/><G119/><T115/><D115/><U46/><E46/><V50/><F44/><W92/><G130/><T76/><D76/><U74/><E74/><V98/><F20/><W12/><G21/><T109/><D109/><U56/><E56/><V129/><F58/><W126/><G126/><T133/><D133/><U32/><E32/><V87/><F129/><W51/><G90/><T41/><D41/><U61/><E61/><V54/><F43/><W88/><G88/><T67/><D67/><U84/><E84/><V102/><F40/><W45/><G86/><T13/><D13/><U24/><E24/><V104/><F104/><W116/><G85/><T48/><D48/><U120/><E120/><V36/><F36/><W59/><G51/><T132/><D132/><U35/><E35/><V68/><F87/><W30/><G116/><T15/><D15/><U79/><E79/><RYUUKYOKU ba="1,2" sc="255,15,225,15,235,-15,265,-15" hai0="3,9,27,28,33,60,62,63,80,81,91,94,96" hai1="0,6,10,11,14,47,49,53,95,99,100,125,127" /><INIT seed="0,2,2,3,2,18" ten="270,240,220,250" oya="0" hai0="16,77,69,133,76,109,39,54,46,38,27,0,29" hai1="131,90,49,119,116,53,113,67,134,122,52,73,40" hai2="98,28,68,6,128,59,86,74,111,108,24,11,50" hai3="21,31,71,112,124,55,97,30,135,118,65,91,51"/><T7/><D69/><U47/><E73/><V80/><F74/><W92/><G112/><T75/><D29/><U121/><E90/><V96/><F128/><W78/><G118/><N who="1" m="45098" /><E131/><V20/><F68/><W15/><G124/><T84/><D133/><U8/><E8/><V19/><F108/><W125/><G125/><T120/><D120/><N who="1" m="46187" /><E134/><V3/><F111/><W23/><G135/><T100/><D109/><U33/><E33/><V35/><F59/><N who="3" m="33279" /><G71/><T63/><D100/><U57/><E113/><V72/><F50/><W10/><G65/><T34/><D34/><U64/><E53/><V48/><F48/><AGARI ba="2,2" hai="40,47,48,49,52,57,64,67" m="46187,45098" machi="48" ten="30,3900,0" yaku="34,2,54,1" doraHai="18" who="1" fromWho="2" sc="270,0,240,65,220,-45,250,0" /><INIT seed="1,0,0,2,2,0" ten="270,305,175,250" oya="1" hai0="104,46,84,115,95,80,78,2,122,119,69,31,112" hai1="92,79,128,134,102,123,32,54,83,129,6,97,118" hai2="3,91,41,40,130,57,103,98,23,81,22,106,62" hai3="26,90,96,74,75,15,109,87,105,52,63,59,125"/><U28/><E118/><V89/><F130/><N who="1" m="50281" /><E123/><V88/><F3/><W110/><G125/><T121/><D69/><U65/><E134/><V39/><F81/><W10/><G26/><T8/><D31/><U47/><E65/><V76/><F76/><W124/><G124/><T132/><D119/><U29/><E32/><V60/><F60/><W53/><G53/><T17/><D17/><U101/><E101/><V20/><REACH who="2" step="1"/><F39/><REACH who="2" ten="270,305,165,250" step="2"/><W93/><G109/><T18/><D78/><U68/><E83/><V133/><F133/><W126/><G110/><T85/><D80/><U114/><E79/><V72/><F72/><W4/><G126/><T37/><D132/><U14/><E114/><V16/><F16/><W1/><G1/><T27/><D115/><U42/><E29/><V35/><F35/><W131/><G131/><T61/><D112/><U30/><E30/><V33/><F33/><W21/><G75/><T43/><D61/><U11/><E28/><V113/><F113/><W71/><G74/><T44/><D2/><U107/><E68/><V5/><F5/><W38/><G71/><T48/><D37/><N who="1" m="21967" /><E54/><AGARI ba="0,1" hai="20,22,23,40,41,54,57,62,88,89,91,98,103,106" machi="54" ten="40,5200,0" yaku="1,1,54,1,53,1" doraHai="0" doraHaiUra="51" who="2" fromWho="1" sc="270,0,305,-52,165,62,250,0" /><INIT seed="2,0,0,1,1,59" ten="270,253,227,250" oya="2" hai0="74,102,20,45,67,7,84,13,33,21,125,56,11" hai1="64,2,43,118,30,36,48,100,122,49,89,0,27" hai2="116,46,29,126,63,54,117,92,98,68,79,99,106" hai3="90,1,105,71,111,40,113,135,88,15,91,39,103"/><V14/><F126/><W114/><G1/><T32/><D74/><U95/><E118/><V4/><F106/><W61/><G111/><T72/><D72/><U12/><E100/><V131/><F131/><W10/><G135/><T78/><D125/><U108/><E108/><V65/><F79/><W69/><G40/><T110/><D110/><U80/><E122/><V47/><F99/><N who="3" m="61695" /><G39/><T124/><D124/><U82/><E36/><V81/><F81/><W115/><G61/><N who="0" m="38311" /><D32/><U50/><E43/><V25/><F14/><W129/><G129/><T58/><D33/><U19/><E64/><V26/><F4/><AGARI ba="0,0" hai="4,10,15,69,71,88,90,91,113,114,115" m="61695" machi="4" ten="40,2600,0" yaku="11,1,54,1" doraHai="59" who="3" fromWho="2" sc="270,0,253,0,227,-26,250,26" /><INIT seed="3,0,0,3,1,70" ten="270,253,201,276" oya="3" hai0="4,73,17,39,75,78,91,49,131,63,16,67,55" hai1="56,84,96,130,118,53,61,19,133,80,29,71,40" hai2="113,12,11,65,25,26,62,93,27,134,100,106,8" hai3="89,35,38,115,59,10,68,15,45,69,34,103,52"/><W87/><G115/><T58/><D131/><U79/><E130/><V74/><F113/><W135/><G135/><T13/><D73/><U119/><E133/><V86/><F134/><W64/><G103/><T50/><D50/><U105/><E29/><V20/><F74/><W42/><G68/><T117/><D117/><N who="1" m="44555" /><E40/><V90/><F100/><W3/><G3/><T104/><D104/><U1/><E1/><V77/><F77/><W23/><G64/><T88/><D39/><U21/><E71/><V82/><F82/><W85/><G69/><T102/><D102/><N who="1" m="62663" /><E21/><V72/><F72/><W46/><G85/><T112/><D112/><U44/><E44/><V22/><F106/><W7/><G23/><N who="2" m="8745" /><F12/><W54/><G46/><N who="0" m="28087" /><D78/><U114/><E114/><V123/><F123/><W14/><G14/><T31/><D31/><U43/><E43/><V124/><F124/><W18/><G7/><T66/><D66/><U107/><E107/><V0/><F0/><W132/><G132/><T81/><D75/><U2/><E2/><V109/><F109/><W57/><G54/><T92/><D81/><U33/><E33/><V108/><F108/><W116/><G116/><T99/><D91/><U9/><E9/><AGARI ba="0,0" hai="4,9,13,16,17,58,63,67,88,92,99" m="28087" machi="9" ten="30,3900,0" yaku="8,1,54,2" doraHai="70" who="0" fromWho="1" sc="270,39,253,-39,201,0,276,0" owari="309,40.9,214,-18.6,201,-29.9,276,7.6" /></mjloggm>