<mjloggm ver="2.3"><GO type="225" lobby="0"/><UN n0="%E3%82%BC%E3%83%AB%E3%83%80%E3%81%AE%E4%BC%9D%E8%AA%AC" n1="%73%7A%2E%64%31" n2="%4C%4F%4C%49%54%41" n3="%E6%B4%BE%E9%81%A3%E3%81%AE%E3%82%B8%E3%83%A3%E3%83%83%E3%82%AF" dan="16,16,16,16" rate="2189.18,2193.25,2147.64,2158.46" sx="M,M,F,M"/><TAIKYOKU oya="0"/><INIT seed="0,0,0,1,1,98" ten="250,250,250,250" oya="0" hai0="38,53,27,124,49,121,78,114,126,8,2,74,77" hai1="3,73,22,99,42,106,87,43,35,101,76,20,91" hai2="86,41,96,29,111,31,46,62,24,45,131,48,70" hai3="54,67,118,79,26,71,108,21,17,113,110,12,129"/><T90/><D114/><U85/><E3/><V92/><F111/><W132/><G113/><T120/><D38/><U58/><E35/><V7/><F131/><W50/><G129/><T102/><D90/><U82/><E87/><V100/><F7/><W36/><G36/><T123/><D27/><U1/><E1/><V80/><F70/><W94/><G118/><T65/><D65/><U105/><E105/><V30/><F46/><W89/><G79/><T57/><D74/><U47/><E58/><V51/><F48/><W32/><G132/><T23/><D23/><U19/><E19/><V16/><F62/><W116/><G116/><T93/><D8/><U6/><E6/><V0/><F0/><W55/><G55/><T117/><D2/><U134/><E42/><V75/><F75/><W72/><G72/><T28/><D28/><U64/><E64/><V130/><F130/><W4/><G67/><T44/><D44/><U15/><E15/><V69/><F69/><W18/><G71/><T25/><D25/><U109/><E109/><V59/><F59/><N who="3" m="33239" /><G4/><T13/><D13/><U133/><E134/><V125/><F125/><N who="0" m="48234" /><D117/><U40/><E133/><V60/><F60/><W56/><G56/><T68/><D68/><U66/><E66/><V97/><F97/><AGARI ba="0,0" hai="49,53,57,77,78,93,97,102,120,121,123" m="48234" machi="97" ten="40,3900,0" yaku="18,1,52,1" doraHai="98" who="0" fromWho="2" sc="250,39,250,0,250,-39,250,0" /><INIT seed="0,1,0,4,4,81" ten="289,250,211,250" oya="0" hai0="44,35,46,132,118,31,86,12,85,11,95,110,120" hai1="48,64,119,133,83,33,56,113,130,32,123,101,23" hai2="39,3,24,117,71,106,73,77,63,93,88,68,67" hai3="103,62,17,105,115,13,45,84,108,37,43,34,75"/><T19/><D118/><U42/><E123/><V122/><F122/><W135/><G75/><T9/><D120/><U61/><E119/><V2/><F117/><W18/><G115/><T58/><D132/><U111/><E113/><V131/><F71/><W7/><G34/><T29/><D110/><U121/><E133/><V91/><F39/><W4/><G135/><T10/><D58/><U99/><E121/><V49/><F106/><W47/><G108/><T53/><D35/><U60/><E130/><V55/><F131/><W87/><G62/><T20/><D95/><U79/><E111/><V22/><F77/><W69/><G69/><T16/><D19/><U5/><E5/><V54/><F73/><W27/><G27/><T52/><D46/><U94/><E60/><V8/><F91/><W14/><G37/><T109/><D109/><U28/><E48/><V15/><F15/><W78/><G78/><T92/><D92/><U40/><E32/><V70/><F70/><W89/><G105/><T126/><D126/><U51/><E51/><V129/><F129/><W57/><G57/><T134/><D134/><U114/><E33/><V98/><F8/><W26/><G103/><T25/><D25/><N who="1" m="16447" /><E114/><V127/><F127/><W82/><G26/><T1/><D1/><N who="2" m="10" /><F49/><W112/><G112/><T21/><D21/><U74/><AGARI ba="1,0" hai="40,42,56,61,64,74,79,83,94,99,101" m="16447" machi="74" ten="30,1100,0" yaku="25,1" doraHai="81" who="1" fromWho="1" sc="289,-6,250,14,211,-4,250,-4" /><INIT seed="1,0,0,5,1,94" ten="283,264,207,246" oya="1" hai0="2,11,32,33,35,77,120,22,39,119,54,95,113" hai1="68,25,103,1,116,84,78,14,107,53,81,44,104" hai2="100,49,66,112,117,79,130,111,99,21,109,15,5" hai3="60,73,75,28,102,88,105,96,76,37,106,42,122"/><U74/><E116/><V91/><F117/><W65/><G122/><T90/><D119/><U7/><E68/><V83/><F66/><W38/><G28/><T89/><D113/><U132/><E1/><V9/><F130/><W124/><G124/><T135/><D39/><U126/><E132/><V50/><F112/><W27/><G27/><T16/><D135/><U125/><E25/><V134/><F134/><W46/><G37/><T31/><D120/><U72/><E14/><V114/><F91/><W19/><G19/><T133/><D77/><U43/><E53/><V0/><F114/><W59/><G105/><N who="1" m="40522" /><E7/><V131/><F131/><W101/><G101/><T30/><D133/><U55/><E55/><V17/><F50/><W67/><G67/><T6/><D54/><U85/><E44/><V56/><F49/><W51/><G76/><T86/><REACH who="0" step="1"/><D89/><REACH who="0" ten="273,264,207,246" step="2"/><N who="1" m="51343" /><E43/><V110/><F111/><W3/><G38/><T97/><D97/><U8/><E103/><V18/><F109/><W129/><G129/><T93/><D93/><U63/><E126/><V92/><F110/><W69/><G42/><T80/><D80/><U70/><E125/><V87/><F100/><W23/><G102/><T71/><D71/><U57/><E70/><V58/><F83/><W45/><G106/><T118/><D118/><U36/><E36/><V82/><F82/><W20/><G69/><T98/><D98/><U24/><E78/><V48/><F79/><W115/><G115/><T34/><N who="0" m="8192" /><DORA hai="4" /><T41/><D41/><U26/><E26/><AGARI ba="0,1" hai="2,6,11,16,22,26,30,31,86,90,95" m="8192" machi="26" ten="70,8000,1" yaku="1,1,52,1,54,1,53,0" doraHai="94,4" doraHaiUra="10,40" who="0" fromWho="1" sc="273,90,264,-80,207,0,246,0" /><INIT seed="2,0,0,2,2,102" ten="363,184,207,246" oya="2" hai0="54,82,99,12,117,97,40,20,123,100,50,37,43" hai1="13,1,47,85,74,135,86,57,124,0,72,45,81" hai2="92,130,21,65,63,29,116,115,39,64,46,25,38" hai3="62,88,9,24,42,27,134,106,58,111,95,76,126"/><V67/><F115/><W59/><G111/><T32/><D32/><U15/><E135/><V14/><F116/><W10/><G126/><T127/><D123/><U52/><E57/><V49/><F130/><W104/><G76/><T101/><D37/><U23/><E23/><V48/><F63/><W77/><G77/><T53/><D127/><U2/><E124/><V110/><F110/><W61/><G42/><T44/><D82/><U78/><E52/><N who="0" m="20073" /><D43/><U11/><E11/><V36/><F46/><N who="1" m="17417" /><E81/><V84/><F14/><N who="1" m="5129" /><E78/><V35/><REACH who="2" step="1"/><F35/><REACH who="2" ten="363,184,197,246" step="2"/><W7/><G61/><T94/><D117/><U71/><E71/><V55/><F55/><W19/><G62/><T105/><D12/><U121/><E121/><V98/><F98/><W109/><G109/><T33/><D33/><U6/><E6/><V73/><F73/><AGARI ba="0,1" hai="0,1,2,72,73,74,85,86" m="5129,17417" machi="73" ten="40,2600,0" yaku="28,2" doraHai="102" who="1" fromWho="2" sc="363,0,184,36,197,-26,246,0" /><INIT seed="3,0,0,3,4,19" ten="363,220,171,246" oya="3" hai0="87,10,90,38,31,7,34,15,101,85,132,105,97" hai1="22,61,23,115,26,83,11,4,91,54,106,53,44" hai2="88,24,92,123,16,5,80,122,33,1,35,127,30" hai3="27,135,128,78,107,84,75,133,55,56,102,130,118"/><W37/><G37/><T74/><D38/><U120/><E106/><V9/><F127/><W110/><G118/><T72/><D132/><N who="3" m="50761" /><G84/><T0/><D85/><N who="1" m="50623" /><E115/><V45/><F80/><N who="3" m="45151" /><G110/><T98/><D98/><U42/><E120/><N who="2" m="46123" /><F45/><W18/><G102/><T40/><D40/><U39/><E39/><V14/><F33/><W69/><G69/><T70/><D15/><N who="1" m="5607" /><E26/><V121/><N who="2" m="46131" /><V25/><DORA hai="67" /><F25/><W47/><G47/><T2/><D70/><U28/><E28/><V103/><F103/><W46/><G46/><T129/><D31/><U43/><E44/><V114/><F114/><W64/><G64/><T62/><D34/><U112/><E112/><V51/><F51/><N who="3" m="30847" /><G107/><T65/><D74/><U108/><E108/><V111/><F111/><W93/><G93/><T32/><D72/><U68/><E68/><V36/><F36/><W124/><G124/><T86/><D101/><U117/><E117/><V71/><F71/><W94/><G94/><T126/><D105/><U48/><E48/><V20/><F92/><W60/><G60/><T66/><D62/><U109/><E109/><V58/><F88/><W113/><G113/><T12/><D126/><U77/><E61/><V99/><F58/><W131/><G131/><T125/><D129/><U119/><E119/><V89/><F89/><W100/><G100/><T63/><D125/><U49/><E77/><V52/><F52/><N who="1" m="20073" /><E49/><V41/><F41/><AGARI ba="0,0" hai="22,23,41,42,43" m="20073,5607,50623" machi="41" ten="30,7700,0" yaku="8,1,52,2,54,1" doraHai="19,67" who="1" fromWho="2" sc="363,0,220,77,171,-77,246,0" owari="363,46.3,297,9.7,94,-40.6,246,-15.4" /></mjloggm>