<mjloggm ver="2.3"><GO type="225" lobby="0"/><UN n0="%77%72%77%72%77%72%77%72" n1="%E5%8D%A0%E3%81%84%E5%B8%AB%E8%A3%8F%E3%81%AA%E3%81%84%E3%81%97" n2="%33%74%72%65%65" n3="%E3%82%8C%E3%81%99%E3%81%93" dan="17,17,16,16" rate="2243.32,2163.75,2110.17,2127.73" sx="M,M,F,F"/><TAIKYOKU oya="0"/><INIT seed="0,0,0,1,0,37" ten="250,250,250,250" oya="0" hai0="26,81,28,71,17,86,10,116,25,56,29,52,23" hai1="88,118,47,78,92,48,129,57,59,121,103,11,53" hai2="115,107,12,40,132,84,61,67,15,113,16,45,97" hai3="82,2,130,60,126,108,9,110,98,65,58,39,74"/><T62/><D71/><U101/><E118/><V0/><F0/><W135/><G130/><T124/><D124/><U93/><E121/><V54/><F54/><W94/><G135/><T77/><D116/><U55/><E78/><V131/><F15/><W33/><G33/><T106/><D106/><U100/><E129/><V30/><F30/><W64/><G126/><T80/><D10/><U134/><E134/><V8/><F131/><W104/><G104/><T73/><REACH who="0" step="1"/><D25/><REACH who="0" ten="240,250,250,250" step="2"/><U75/><E75/><V102/><BYE who="1" /><F132/><UN n1="%E5%8D%A0%E3%81%84%E5%B8%AB%E8%A3%8F%E3%81%AA%E3%81%84%E3%81%97" /><W109/><G9/><T63/><D63/><U105/><E105/><V72/><F72/><W112/><G60/><T95/><D95/><U6/><E92/><V122/><F122/><W51/><G94/><T22/><D22/><U4/><E11/><V46/><F84/><W18/><G74/><T83/><D83/><U125/><E125/><V36/><REACH who="2" step="1"/><F45/><REACH who="2" ten="240,250,240,250" step="2"/><W1/><G110/><T21/><D21/><U41/><E47/><V96/><F96/><W89/><G108/><T76/><AGARI ba="0,2" hai="17,23,26,28,29,52,56,62,73,76,77,80,81,86" machi="76" ten="20,7800,0" yaku="1,1,0,1,7,1,54,1,53,0" doraHai="37" doraHaiUra="87" who="0" fromWho="0" sc="240,98,250,-26,240,-26,250,-26" /><INIT seed="0,1,0,1,2,95" ten="338,224,214,224" oya="0" hai0="28,31,0,53,121,65,51,125,43,112,54,115,74" hai1="13,131,78,45,1,26,110,129,41,3,105,101,56" hai2="76,55,62,124,64,44,19,33,96,68,80,106,73" hai3="27,100,69,111,79,37,72,102,66,114,34,77,82"/><T36/><D74/><U4/><E110/><V9/><F124/><W85/><G114/><T103/><D0/><U21/><E78/><V30/><F44/><W75/><G37/><T57/><D103/><U59/><E13/><V122/><F122/><W29/><G111/><T113/><D121/><U133/><E133/><V83/><F83/><W134/><G134/><T17/><D125/><U98/><E56/><V2/><F55/><W25/><G25/><T90/><D65/><U104/><E59/><V107/><F19/><W32/><G32/><T99/><D17/><U123/><E104/><V8/><F8/><W92/><G79/><T10/><D10/><U88/><E4/><N who="2" m="1175" /><F96/><W61/><REACH who="3" step="1"/><G75/><REACH who="3" ten="338,224,214,214" step="2"/><T81/><D115/><U67/><E123/><V119/><F119/><W97/><G97/><T86/><D99/><U24/><E24/><AGARI ba="1,1" hai="24,30,33,62,64,68,73,76,80,106,107" m="1175" machi="24" ten="30,2000,0" yaku="33,2" doraHai="95" who="2" fromWho="1" sc="338,0,224,-23,214,33,214,0" /><INIT seed="1,0,0,0,3,38" ten="338,201,247,214" oya="1" hai0="109,100,0,11,5,88,83,98,18,114,121,41,71" hai1="85,103,49,94,101,74,54,62,95,128,129,22,108" hai2="117,86,75,119,63,81,19,16,82,35,84,122,105" hai3="34,25,6,28,26,44,112,3,37,13,4,24,65"/><U110/><E74/><V131/><F122/><W67/><G112/><T30/><D114/><U53/><E62/><V32/><F75/><W99/><G3/><T78/><D71/><U118/><E22/><V79/><F63/><W50/><G37/><T2/><D2/><U130/><E118/><V87/><F105/><W56/><G34/><N who="2" m="12841" /><F79/><W23/><G99/><T17/><D30/><U36/><E36/><V72/><F72/><W48/><G56/><T58/><D121/><U43/><E85/><V31/><F31/><W120/><G120/><T77/><D77/><U51/><E129/><V132/><F131/><W73/><G73/><T29/><D29/><U64/><E64/><N who="3" m="24650" /><G50/><T59/><D78/><U135/><E135/><V125/><F132/><W47/><G47/><T126/><D100/><U14/><E14/><V113/><F113/><W134/><G134/><T92/><D83/><N who="2" m="31754" /><F125/><W55/><G28/><T39/><D126/><U1/><E1/><V60/><F60/><W10/><G23/><T80/><D80/><U115/><E115/><V123/><F123/><W97/><G97/><T12/><D0/><U76/><E76/><V93/><F93/><W127/><G127/><T27/><D39/><U45/><E45/><V7/><F7/><AGARI ba="0,0" hai="4,6,7,10,13,24,25,26,44,48,55" m="24650" machi="7" ten="30,1000,0" yaku="8,1" doraHai="38" who="3" fromWho="2" sc="338,0,201,0,247,-10,214,10" /><INIT seed="2,0,0,3,0,112" ten="338,201,237,224" oya="2" hai0="15,6,0,39,88,54,123,37,117,82,108,128,9" hai1="131,26,93,64,21,35,44,75,69,38,119,124,4" hai2="31,20,18,16,33,1,59,10,102,111,90,49,133" hai3="134,58,96,48,27,45,63,84,61,71,7,122,25"/><V116/><F116/><W51/><G122/><T66/><D123/><U13/><E119/><V2/><F102/><W107/><G134/><T77/><D66/><U132/><E132/><V83/><F133/><W8/><G71/><T121/><D121/><U62/><E75/><V30/><F33/><W92/><G84/><T110/><D117/><U28/><E124/><V73/><F2/><W23/><G107/><T81/><D128/><U46/><E131/><V94/><F111/><N who="0" m="42538" /><D54/><U68/><E68/><V104/><F104/><W57/><G57/><T72/><D15/><U19/><E38/><V29/><F73/><W67/><G63/><T86/><AGARI ba="0,0" hai="0,6,9,37,39,72,77,81,82,86,88" m="42538" machi="86" ten="30,2000,0" yaku="14,1,54,1" doraHai="112" who="0" fromWho="0" sc="338,20,201,-5,237,-10,224,-5" /><INIT seed="3,0,0,5,0,112" ten="358,196,227,219" oya="3" hai0="120,106,92,11,119,69,102,124,73,94,57,66,37" hai1="38,10,99,59,3,18,88,46,74,122,24,53,14" hai2="34,132,55,51,31,41,17,130,96,68,118,133,104" hai3="77,61,135,0,49,98,83,121,1,43,30,80,32"/><W109/><G121/><T79/><D119/><U95/><E122/><V33/><F118/><W97/><G135/><N who="2" m="51785" /><F130/><W89/><G61/><T22/><D37/><U47/><E3/><V4/><F68/><W128/><G128/><T76/><D69/><U27/><E74/><V39/><F4/><W72/><G109/><T100/><D124/><U123/><E123/><V50/><F17/><W52/><G43/><T114/><D106/><U2/><E2/><V126/><F126/><W36/><G36/><T67/><D11/><U125/><E125/><V44/><F31/><W45/><G0/><T134/><D114/><U90/><E90/><V129/><F129/><W111/><G1/><T35/><D57/><U65/><E65/><V21/><F21/><W26/><REACH who="3" step="1"/><G111/><REACH who="3" ten="358,196,227,209" step="2"/><T115/><D120/><U8/><E38/><V16/><F39/><W84/><AGARI ba="0,1" hai="26,30,32,45,49,52,72,77,80,83,84,89,97,98" machi="84" ten="30,11700,0" yaku="1,1,2,1,0,1,54,1,53,0" doraHai="112" doraHaiUra="56" who="3" fromWho="3" sc="358,-39,196,-39,227,-39,209,127" owari="319,11.9,157,-34.3,188,-21.2,336,43.6" /></mjloggm>