<mjloggm ver="2.3"><GO type="225" lobby="0"/><UN n0="%E8%91%89%E5%B1%B1%E9%99%BD%E5%92%8C" n1="%E8%A8%88%E7%AE%97%E6%A9%9F%E8%87%AA%E7%84%B6" n2="%E7%89%B9%E6%9D%B1%E3%81%AF%E4%B8%96%E7%95%8C%E3%82%92%E6%95%91%E3%81%86" n3="%E3%81%BE%E3%81%A8%E3%81%9F" dan="16,17,16,16" rate="2110.24,2209.41,2189.32,2154.83" sx="M,M,M,M"/><TAIKYOKU oya="0"/><INIT seed="0,0,0,2,2,66" ten="250,250,250,250" oya="0" hai0="31,68,46,10,26,1,82,23,99,40,14,0,33" hai1="35,96,84,6,8,123,48,71,115,133,89,92,121" hai2="112,106,75,74,131,124,88,19,86,128,93,78,39" hai3="80,9,57,51,65,44,107,50,18,27,36,21,11"/><T111/><D111/><U110/><E35/><V70/><F39/><W25/><G107/><T49/><D99/><U13/><E110/><V54/><F112/><W76/><G36/><T105/><D105/><U98/><E115/><V59/><F106/><W29/><G51/><T17/><D82/><U61/><E133/><V38/><F38/><W22/><G57/><T95/><D95/><U32/><E32/><V91/><F124/><W104/><G65/><T79/><D79/><U58/><E48/><N who="2" m="31175" /><F78/><W113/><G104/><T87/><D87/><U132/><E132/><V2/><F2/><W12/><G12/><T126/><D126/><U42/><E42/><V28/><F28/><W127/><G127/><T77/><D77/><U5/><E5/><V43/><F43/><W109/><G109/><T85/><D85/><U63/><E61/><V3/><F3/><W122/><G122/><T67/><REACH who="0" step="1"/><D33/><REACH who="0" ten="240,250,250,250" step="2"/><U134/><E134/><V55/><F75/><W129/><G113/><T116/><D116/><U97/><E123/><V16/><F74/><W117/><G117/><T125/><D125/><U114/><E121/><V83/><F83/><W7/><G80/><T108/><D108/><U62/><E114/><V60/><F86/><W20/><G76/><T72/><D72/><U41/><E84/><V45/><F93/><W47/><G129/><T52/><D52/><N who="1" m="34119" /><E41/><V4/><F131/><W64/><G64/><T34/><D34/><U30/><E96/><V15/><F128/><W130/><G130/><T101/><D101/><U120/><E120/><V135/><F135/><W73/><G73/><RYUUKYOKU ba="0,1" sc="240,30,250,-10,250,-10,250,-10" hai0="0,1,10,14,17,23,26,31,40,46,49,67,68" /><INIT seed="0,1,1,5,3,66" ten="270,240,240,240" oya="0" hai0="81,55,78,28,92,83,98,27,6,4,0,67,124" hai1="21,106,59,50,88,130,89,1,109,116,23,126,19" hai2="38,41,73,122,18,30,134,80,79,40,100,34,77" hai3="15,119,70,56,117,112,97,93,49,22,113,17,128"/><T35/><D124/><U3/><E116/><V45/><F122/><W108/><G108/><T135/><D135/><U84/><E106/><V85/><F134/><W120/><G128/><T63/><D55/><U44/><E109/><V2/><F100/><W48/><G120/><T86/><D83/><U118/><E118/><V42/><F79/><W5/><G117/><T75/><D86/><U74/><E74/><V32/><F85/><W71/><G119/><T101/><REACH who="0" step="1"/><D0/><REACH who="0" ten="260,240,240,240" step="2"/><U72/><E1/><V52/><F2/><W16/><G112/><T91/><D91/><U104/><E3/><V36/><F52/><W114/><G113/><T103/><D103/><U102/><E126/><V12/><F80/><W58/><G114/><T95/><D95/><U132/><E132/><V33/><F73/><W13/><G93/><T61/><D61/><U131/><E72/><V111/><F77/><W121/><G121/><T11/><D11/><U43/><E130/><V65/><F111/><W64/><G97/><T39/><D39/><U60/><E131/><V25/><F36/><W127/><G127/><T54/><D54/><U94/><E89/><V46/><F38/><W26/><G64/><T29/><D29/><U31/><E31/><V24/><F65/><W14/><G48/><T7/><D7/><U51/><E51/><V87/><F30/><N who="3" m="17751" /><G49/><T9/><D9/><U123/><E123/><V133/><F133/><W20/><G5/><T37/><D37/><U53/><E19/><V90/><F87/><W62/><G17/><T115/><D115/><U82/><E94/><V76/><F18/><RYUUKYOKU ba="1,2" sc="260,15,240,15,240,-15,240,-15" hai0="4,6,27,28,35,63,67,75,78,81,92,98,101" hai1="21,23,43,44,50,53,59,60,82,84,88,102,104" /><INIT seed="0,2,2,2,2,37" ten="275,255,225,225" oya="0" hai0="2,128,44,73,95,109,39,30,35,133,102,34,47" hai1="82,132,119,120,7,46,14,18,52,61,81,124,42" hai2="75,121,111,90,122,63,29,106,123,99,110,134,20" hai3="107,77,80,6,105,78,21,108,59,131,115,24,125"/><T48/><D133/><U54/><E119/><V68/><F75/><W86/><G115/><T114/><D114/><U93/><E120/><V22/><F134/><W91/><G108/><N who="2" m="41513" /><F29/><W69/><G69/><T0/><D73/><U55/><E132/><V26/><F26/><W62/><G131/><T76/><D76/><U10/><E124/><V88/><F106/><W15/><G107/><T116/><D109/><U5/><E61/><V57/><F68/><W50/><G50/><T72/><D72/><U97/><E5/><V12/><F99/><W101/><G101/><T74/><D74/><U8/><E7/><V64/><F20/><W32/><G32/><T45/><D116/><U28/><E8/><V89/><F22/><W67/><G105/><T103/><D30/><U130/><E28/><V41/><F12/><W83/><G125/><T49/><D45/><U112/><E130/><V19/><F19/><N who="3" m="12351" /><G80/><T53/><D128/><U87/><E87/><V56/><F56/><W127/><G127/><T1/><D95/><U104/><E112/><V118/><F41/><W94/><G83/><T65/><D35/><U40/><E104/><V16/><F16/><W51/><G15/><T84/><D34/><U98/><E98/><V113/><F113/><W70/><G6/><T33/><D33/><U126/><E126/><V66/><F118/><W38/><G38/><T96/><D39/><N who="1" m="21791" /><E42/><V11/><F11/><W25/><G25/><T129/><D129/><U117/><E117/><V100/><F100/><W85/><G85/><T79/><D84/><U135/><E135/><V4/><F4/><RYUUKYOKU ba="2,2" sc="275,-30,255,10,225,10,225,10" hai1="10,14,18,52,54,55,81,82,93,97" hai2="57,63,64,66,88,89,90,121,122,123" hai3="51,59,62,67,70,77,78,86,91,94" /><INIT seed="1,3,2,2,2,96" ten="245,265,235,235" oya="1" hai0="26,5,51,11,110,66,83,92,107,50,8,93,45" hai1="109,120,52,9,117,49,103,10,30,119,56,125,131" hai2="65,38,72,82,97,48,124,101,75,122,4,15,47" hai3="67,3,98,57,7,108,14,24,80,21,28,129,62"/><U105/><E120/><V61/><F38/><W25/><G108/><T112/><D112/><U90/><E30/><V134/><F122/><W74/><G129/><T6/><D107/><U68/><E68/><V132/><F124/><W36/><G36/><T59/><D110/><U27/><E109/><V53/><F4/><N who="0" m="1642" /><D83/><U22/><E131/><V46/><F15/><W94/><G3/><T126/><D26/><U39/><E39/><V85/><F46/><W100/><G25/><T40/><D126/><U31/><E90/><V106/><F134/><W44/><G44/><N who="0" m="25863" /><D66/><U58/><E125/><V88/><F132/><W95/><G95/><N who="0" m="36427" /><D59/><AGARI ba="3,2" hai="47,48,53,59,61,65,72,75,82,85,88,97,101,106" machi="59" ten="30,3900,0" yaku="7,1,52,1,54,1" doraHai="96" who="2" fromWho="0" sc="245,-48,265,0,235,68,235,0" /><INIT seed="2,0,0,4,5,66" ten="197,265,303,235" oya="2" hai0="30,20,12,19,96,68,35,43,111,59,97,128,120" hai1="74,123,134,27,112,47,78,69,113,83,58,0,135" hai2="61,16,4,18,42,89,88,119,114,48,94,54,15" hai3="3,23,102,104,36,11,64,126,55,91,103,95,72"/><V44/><F114/><N who="1" m="44137" /><E58/><N who="2" m="35031" /><F119/><W33/><G33/><T130/><D120/><U53/><E0/><V45/><F44/><W109/><G36/><T5/><D43/><U77/><E77/><V63/><F63/><W106/><G72/><T101/><D111/><U50/><E27/><V98/><F89/><W110/><G126/><T65/><D59/><U49/><E49/><V34/><F34/><W92/><G91/><T100/><D5/><U24/><E24/><V51/><F51/><W1/><G55/><T76/><D76/><U99/><E99/><V131/><F131/><N who="0" m="50218" /><D30/><U40/><E40/><V32/><F32/><W52/><G52/><T124/><D124/><U117/><E117/><V105/><F105/><W107/><G109/><T116/><D116/><U6/><E123/><V67/><F67/><W41/><G110/><T80/><D35/><U62/><E53/><V82/><F82/><W7/><G41/><T21/><D80/><U56/><E47/><V39/><F39/><W79/><G79/><T9/><D97/><U60/><E50/><V13/><F13/><W2/><G2/><T37/><D37/><U118/><E118/><V84/><F98/><N who="3" m="59719" /><G1/><T46/><D46/><U75/><E75/><V17/><F4/><W115/><G115/><T127/><D127/><U8/><E56/><V22/><AGARI ba="0,0" hai="15,16,17,18,22,42,45,48,84,88,94" m="35031" machi="22" ten="30,6000,0" yaku="8,1,54,2" doraHai="66" who="2" fromWho="2" sc="197,-20,265,-20,303,60,235,-20" /><INIT seed="2,1,0,1,3,103" ten="177,245,363,215" oya="2" hai0="66,65,14,32,38,84,108,131,25,10,54,130,99" hai1="27,111,86,133,128,16,91,42,43,92,97,61,107" hai2="102,83,26,23,2,56,15,124,95,47,46,118,109" hai3="75,104,67,68,41,4,6,70,125,120,98,12,39"/><V90/><F118/><W115/><G120/><T34/><D38/><U29/><E111/><V60/><F2/><W62/><G125/><T76/><D108/><U50/><E128/><N who="0" m="49193" /><D54/><U73/><E133/><V126/><F102/><W55/><G115/><T121/><D121/><U81/><E73/><V87/><F15/><W11/><G75/><T129/><N who="0" m="49201" /><T80/><DORA hai="28" /><D99/><U63/><E107/><V135/><F135/><W31/><G55/><T82/><D82/><U110/><E110/><V72/><F109/><W20/><G68/><T117/><D25/><U3/><E42/><V88/><F124/><W30/><G4/><N who="0" m="3399" /><D117/><U105/><E81/><V18/><F126/><W44/><REACH who="3" step="1"/><G20/><REACH who="3" ten="177,245,363,205" step="2"/><T22/><D22/><U132/><E132/><V24/><F72/><W58/><G58/><T48/><D48/><U74/><E50/><V8/><F56/><W1/><G1/><T112/><D112/><U85/><E3/><V57/><F57/><W89/><G89/><T7/><D7/><U51/><E91/><V134/><F90/><W113/><G113/><T123/><D123/><U127/><E127/><V35/><F134/><W71/><G71/><T33/><AGARI ba="1,1" hai="32,33,34,65,66,76,80,84" m="3399,49201" machi="33" ten="50,8000,1" yaku="19,1,52,3" doraHai="103,28" who="0" fromWho="0" sc="177,93,245,-21,363,-41,205,-21" /><INIT seed="3,0,0,4,1,6" ten="270,224,322,184" oya="3" hai0="71,80,128,82,62,131,56,18,76,75,46,59,14" hai1="85,98,103,115,121,74,22,20,49,79,13,104,26" hai2="7,101,55,130,78,66,135,114,73,84,100,63,127" hai3="29,119,2,33,50,116,77,44,51,42,97,5,133"/><W123/><G123/><T69/><D46/><U67/><E115/><V122/><F114/><W124/><G133/><T118/><D80/><U0/><E0/><V25/><F73/><W53/><G124/><T12/><D12/><U8/><E121/><V111/><F7/><W16/><G77/><T58/><D118/><U21/><E74/><V54/><F25/><W27/><G97/><T117/><D117/><U39/><E39/><V19/><F19/><W90/><G90/><T47/><D47/><U31/><E67/><V48/><F54/><W15/><G5/><T10/><REACH who="0" step="1"/><D62/><REACH who="0" ten="260,224,322,184" step="2"/><U40/><E49/><V60/><F63/><W105/><G2/><T72/><D72/><U112/><E112/><V68/><F60/><W61/><G61/><T113/><D113/><U126/><E40/><V34/><F48/><W17/><G105/><T106/><D106/><U28/><E126/><V132/><F127/><W4/><G116/><T37/><D37/><U87/><E79/><V92/><F78/><W94/><G119/><T102/><D102/><U3/><E3/><V11/><F101/><W36/><G36/><T32/><D32/><U45/><E45/><V9/><F34/><W57/><REACH who="3" step="1"/><G94/><REACH who="3" ten="260,224,322,174" step="2"/><T96/><D96/><U129/><E104/><V109/><F92/><W95/><G95/><T64/><D64/><U43/><E98/><V83/><F66/><W91/><G91/><T38/><D38/><U1/><E1/><V70/><F122/><W23/><G23/><T89/><D89/><U108/><E21/><V107/><F107/><W41/><G41/><T99/><D99/><RYUUKYOKU ba="0,2" sc="260,15,224,-15,322,-15,174,15" hai0="10,14,18,56,58,59,69,71,75,76,82,128,131" hai3="4,15,16,17,27,29,33,42,44,50,51,53,57" /><INIT seed="3,1,2,2,1,42" ten="275,209,307,189" oya="3" hai0="66,11,53,81,44,90,51,38,54,6,75,88,104" hai1="126,80,86,98,68,108,64,9,96,78,121,119,79" hai2="70,15,17,1,100,131,20,82,43,94,46,31,107" hai3="63,74,127,36,116,25,92,52,12,21,106,24,61"/><W87/><G116/><T34/><D34/><U84/><E121/><V129/><F70/><W19/><G127/><T115/><D104/><U23/><E126/><V29/><F1/><W55/><G106/><T49/><D66/><U48/><E108/><V59/><F107/><W91/><G74/><T4/><D38/><U117/><E23/><V0/><F0/><W5/><G36/><T41/><D115/><U85/><E9/><V37/><F82/><W8/><G25/><T111/><D111/><U2/><E2/><V76/><F76/><N who="1" m="29225" /><E48/><V110/><F59/><W95/><G95/><T112/><D112/><U40/><E40/><V83/><F83/><W50/><REACH who="3" step="1"/><G55/><REACH who="3" ten="275,209,307,179" step="2"/><T57/><D75/><U118/><E80/><V134/><F110/><W56/><AGARI ba="1,3" hai="5,8,12,19,21,24,50,52,56,61,63,87,91,92" machi="56" ten="20,18000,2" yaku="1,1,2,1,0,1,7,1,8,1,54,1,53,0" doraHai="42" doraHaiUra="109" who="3" fromWho="3" sc="275,-61,209,-61,307,-61,179,213" owari="214,-18.6,148,-35.2,246,4.6,392,49.2" /></mjloggm>