<mjloggm ver="2.3"><GO type="225" lobby="0"/><UN n0="%E5%B8%86%E7%AB%8B%E5%A4%8F%E8%A1%A3" n1="%6D%6F%6E%63%68%69" n2="%E6%98%93%E5%88%A9%E8%96%A9%E4%BC%AF" n3="%E3%83%A1%E3%82%AC%E3%83%87%E3%82%B8" dan="16,16,16,16" rate="2093.80,2045.38,2113.22,2095.98" sx="M,M,F,F"/><TAIKYOKU oya="0"/><INIT seed="0,0,0,5,2,35" ten="250,250,250,250" oya="0" hai0="68,77,57,86,8,127,52,17,103,38,72,61,130" hai1="58,116,13,46,6,48,126,2,67,119,47,79,113" hai2="21,42,114,0,94,105,98,90,5,75,132,53,22" hai3="81,45,95,26,60,99,44,76,50,133,40,34,112"/><T54/><D127/><U56/><E126/><V74/><F114/><W115/><G133/><T78/><D130/><U129/><E13/><V73/><F132/><W27/><G34/><T36/><D72/><U71/><E79/><V18/><F42/><W1/><G1/><T80/><D68/><U104/><E104/><V92/><F105/><W128/><G128/><T93/><D77/><U121/><E129/><V25/><F53/><W11/><G11/><T131/><D131/><U106/><E106/><V32/><F94/><W10/><G10/><T15/><REACH who="0" step="1"/><D54/><REACH who="0" ten="240,250,250,250" step="2"/><N who="1" m="31815" /><E113/><V120/><F120/><W96/><G115/><T3/><D3/><U39/><E121/><V66/><F66/><W82/><G76/><T19/><D19/><U7/><E2/><V123/><F123/><W111/><G112/><T55/><D55/><U65/><E6/><V101/><F5/><W97/><G111/><T122/><D122/><U100/><E7/><V107/><F0/><W70/><G70/><T41/><D41/><N who="1" m="22847" /><E71/><V4/><F4/><W20/><G40/><T109/><D109/><U125/><E125/><V118/><F18/><W9/><G9/><T23/><D23/><U83/><E65/><V49/><F32/><W51/><G20/><T69/><D69/><U30/><E30/><N who="2" m="17711" /><F22/><W110/><G110/><T88/><D88/><U28/><E28/><V62/><F90/><W135/><G26/><T43/><D43/><U117/><E100/><V29/><F29/><W64/><G27/><T102/><D102/><U84/><E117/><V124/><F118/><N who="1" m="45097" /><E67/><V24/><F124/><W33/><G64/><RYUUKYOKU ba="0,1" sc="240,30,250,-10,250,-10,250,-10" hai0="8,15,17,36,38,52,57,61,78,80,86,93,103" /><INIT seed="0,1,1,3,0,70" ten="270,240,240,240" oya="0" hai0="102,73,119,85,99,115,43,101,20,30,1,65,24" hai1="51,5,128,27,80,14,38,127,41,9,0,76,54" hai2="68,53,93,86,60,130,83,25,44,74,78,71,77" hai3="88,32,23,124,84,50,49,131,132,16,2,95,19"/><T45/><D115/><U40/><E127/><V62/><F130/><W116/><G116/><T42/><D73/><U105/><E105/><V69/><F25/><W59/><G32/><T55/><D119/><U135/><E135/><V92/><F78/><W64/><G2/><T57/><D1/><U112/><E128/><V126/><F126/><W108/><G131/><T90/><D65/><U118/><E38/><V75/><F92/><W26/><G132/><T11/><D11/><U106/><E106/><V120/><F120/><W94/><G108/><T17/><D30/><U79/><E112/><V46/><F75/><W13/><G124/><T63/><D99/><U29/><E79/><V98/><F74/><W111/><G111/><T8/><D8/><U122/><E122/><V39/><F53/><W81/><G64/><T6/><D6/><U47/><E0/><V58/><F39/><W48/><G59/><T89/><D89/><U104/><E104/><V109/><F109/><W22/><AGARI ba="1,1" hai="13,16,19,22,23,26,48,49,50,81,84,88,94,95" machi="22" ten="30,7900,0" yaku="0,1,8,1,54,2" doraHai="70" who="3" fromWho="3" sc="270,-40,240,-21,240,-21,240,92" /><INIT seed="1,0,0,3,2,75" ten="230,219,219,332" oya="1" hai0="42,103,2,31,32,49,37,65,99,97,51,22,89" hai1="119,73,93,79,43,109,47,71,40,80,122,62,115" hai2="39,55,84,60,78,64,124,118,68,48,23,125,107" hai3="58,27,101,114,88,105,82,106,72,74,7,0,63"/><U33/><E115/><V67/><F107/><W116/><G114/><T91/><D2/><U83/><E33/><V94/><F118/><W66/><G106/><T5/><D5/><U126/><E93/><V34/><F34/><W12/><G0/><T130/><D32/><U134/><E40/><V3/><F3/><W25/><G116/><T59/><D130/><U77/><E119/><V54/><F67/><W100/><G74/><T8/><D8/><U30/><E30/><V132/><F39/><W111/><G72/><T11/><D11/><U92/><E92/><V123/><F132/><W117/><G111/><T128/><D37/><U17/><E109/><V28/><F123/><W13/><G105/><T50/><D42/><U20/><E134/><V133/><F133/><W21/><G27/><N who="0" m="16887" /><D128/><U104/><E104/><V135/><F135/><W120/><G120/><T41/><D41/><U10/><E126/><N who="2" m="48747" /><F48/><W76/><G7/><T52/><D65/><U19/><E122/><V16/><F28/><W26/><G66/><T70/><D70/><U85/><E71/><V129/><F129/><W102/><G117/><T57/><D103/><U18/><E62/><V108/><F108/><W53/><G101/><T29/><D29/><U45/><E10/><V87/><F94/><W15/><G102/><T86/><D59/><U112/><E112/><V113/><F113/><W81/><G100/><T98/><D86/><N who="2" m="32810" /><F78/><W110/><G110/><T36/><D36/><N who="1" m="21735" /><E47/><V121/><F121/><W56/><G56/><T127/><D127/><U6/><E6/><V1/><F1/><W61/><G58/><RYUUKYOKU ba="0,0" sc="230,10,219,10,219,10,332,-30" hai0="49,50,51,52,57,89,91,97,98,99" hai1="17,18,19,20,73,77,79,80,83,85" hai2="16,23,54,55,60,64,68" /><INIT seed="1,1,0,4,1,92" ten="240,229,229,302" oya="1" hai0="4,135,17,9,124,81,132,3,77,75,125,95,73" hai1="12,44,120,84,83,29,60,126,37,18,36,119,42" hai2="79,71,48,20,121,40,111,108,105,78,2,61,23" hai3="22,97,45,68,98,109,116,64,69,65,52,62,87"/><U102/><E119/><V88/><F2/><W46/><G109/><N who="2" m="42057" /><F105/><W117/><G87/><T82/><D17/><U91/><E120/><V107/><F107/><W94/><G22/><N who="2" m="8233" /><F121/><W13/><G13/><T49/><D49/><U101/><E126/><N who="0" m="48745" /><D95/><U53/><E36/><V123/><F123/><W28/><G28/><T133/><D82/><U24/><E60/><V104/><F104/><W74/><G94/><T15/><D15/><U7/><E7/><V67/><F88/><W113/><G62/><T56/><D56/><U93/><E53/><V100/><F100/><W115/><G52/><T114/><D114/><U129/><E129/><V55/><F40/><W122/><G122/><T131/><D75/><AGARI ba="1,0" hai="45,46,64,65,68,69,74,75,97,98,113,115,116,117" machi="75" ten="25,6400,0" yaku="22,2,52,2" doraHai="92" who="3" fromWho="0" sc="240,-67,229,0,229,0,302,67" /><INIT seed="2,0,0,4,4,76" ten="173,229,229,369" oya="2" hai0="110,14,9,88,72,130,117,86,125,89,2,133,30" hai1="57,84,8,33,115,121,80,127,32,18,111,38,93" hai2="61,51,53,70,23,28,104,36,64,132,74,78,134" hai3="62,92,120,7,16,13,46,87,102,73,22,55,44"/><V81/><F104/><W49/><G73/><T112/><D110/><U99/><E38/><V106/><F106/><W98/><G120/><T113/><D72/><U50/><E127/><V71/><F71/><W82/><G62/><T90/><D125/><U95/><E111/><V126/><F36/><W24/><G7/><T91/><D130/><U52/><E115/><V42/><F42/><W105/><G105/><T119/><D2/><U107/><E121/><V114/><F114/><W43/><G24/><T11/><D133/><U56/><E93/><V39/><F39/><W0/><G0/><T25/><D113/><U100/><E107/><V83/><F126/><W129/><G129/><T109/><D109/><U68/><E68/><V75/><F75/><W103/><G103/><T45/><D45/><N who="1" m="27727" /><E32/><V26/><REACH who="2" step="1"/><F81/><REACH who="2" ten="173,229,219,369" step="2"/><W35/><G43/><T20/><D112/><U97/><E33/><V124/><F124/><W63/><G35/><T10/><REACH who="0" step="1"/><D14/><REACH who="0" ten="163,229,219,369" step="2"/><N who="1" m="7495" /><E97/><V41/><F41/><W79/><G98/><T4/><D4/><U101/><E101/><V27/><F27/><W48/><G102/><T67/><D67/><U5/><E5/><V59/><AGARI ba="0,2" hai="23,26,28,51,53,59,61,64,70,74,78,83,132,134" machi="59" ten="30,6000,0" yaku="1,1,0,1,52,1,53,0" doraHai="76" doraHaiUra="116" who="2" fromWho="2" sc="163,-20,229,-20,219,80,369,-20" /><INIT seed="2,1,0,2,1,27" ten="143,209,299,349" oya="2" hai0="64,95,70,101,57,123,52,109,34,62,128,126,11" hai1="8,5,58,18,35,83,79,29,98,107,127,3,134" hai2="82,6,24,131,56,7,80,61,115,33,96,9,105" hai3="116,124,16,63,125,39,13,10,49,71,66,113,59"/><V135/><F115/><W2/><G116/><T28/><D109/><U4/><E134/><V88/><F131/><W75/><G39/><T103/><D126/><N who="3" m="48745" /><G113/><T130/><D123/><U69/><E69/><V15/><F7/><N who="3" m="1399" /><G75/><T37/><D11/><U77/><E5/><V40/><F40/><W42/><G42/><T65/><D37/><U73/><E79/><V25/><F135/><W26/><G26/><N who="0" m="18711" /><D95/><U92/><E18/><V30/><F25/><W36/><G36/><T99/><D65/><U76/><E76/><V23/><F33/><W41/><G41/><T104/><D103/><U106/><E127/><V1/><F1/><W14/><G16/><T94/><D94/><U86/><E29/><V45/><F45/><W68/><G49/><AGARI ba="1,0" hai="49,52,57,62,64,70,99,101,104,128,130" m="18711" machi="49" ten="30,3900,0" yaku="25,1,52,1,54,1" doraHai="27" who="0" fromWho="3" sc="143,42,209,0,299,0,349,-42" /><INIT seed="3,0,0,2,1,125" ten="185,209,299,307" oya="3" hai0="113,13,21,81,6,66,87,98,68,107,48,58,12" hai1="27,65,123,133,16,29,76,7,88,39,84,106,53" hai2="128,120,43,131,24,69,72,73,114,90,112,115,64" hai3="30,108,31,79,10,100,54,14,38,51,101,20,129"/><W28/><G38/><T19/><D113/><U45/><E65/><V99/><F43/><W0/><G0/><T93/><D107/><U80/><E106/><V41/><F41/><W116/><G116/><T46/><D68/><U109/><E7/><V22/><F120/><W1/><G1/><T56/><D66/><U32/><E133/><V15/><F15/><W85/><G20/><T135/><D135/><U55/><E109/><V119/><F119/><W67/><G67/><T121/><D121/><U8/><E123/><V3/><F3/><W74/><G74/><T17/><D6/><U71/><E71/><V26/><F26/><W82/><G129/><N who="2" m="49737" /><F99/><W62/><G62/><T110/><D110/><U59/><E39/><V134/><F90/><W33/><G33/><T52/><D98/><U77/><E55/><V91/><F91/><W132/><G132/><T61/><D93/><U47/><E77/><V89/><F89/><W23/><G23/><T37/><D37/><U126/><E76/><V36/><F36/><W4/><G108/><T60/><D60/><U42/><E42/><V75/><F134/><W118/><G118/><T94/><D94/><U9/><E126/><V44/><F44/><AGARI ba="0,0" hai="4,10,14,28,30,31,44,51,54,79,82,85,100,101" machi="44" ten="40,2000,0" yaku="8,1" doraHai="125" who="3" fromWho="2" sc="185,0,209,0,299,-20,307,20" owari="185,-31.5,209,-19.1,279,7.9,327,42.7" /></mjloggm>