<mjloggm ver="2.3"><GO type="225" lobby="0"/><UN n0="%E8%B6%85%E7%B4%9A%E9%B3%B3%E5%87%B0" n1="%6D%75%75%6D%75%72%61" n2="%28%EF%BF%A3%E2%96%BD%EF%BF%A3%29%CE%B4%E2%8C%92%E3%83%BB" n3="%E6%98%93%E5%88%A9%E8%96%A9%E4%BC%AF" dan="16,16,16,16" rate="2170.80,2112.70,2098.52,2069.74" sx="M,F,M,F"/><TAIKYOKU oya="0"/><INIT seed="0,0,0,1,0,124" ten="250,250,250,250" oya="0" hai0="99,40,114,79,67,1,3,77,130,129,105,16,107" hai1="120,35,119,46,22,78,62,33,94,20,101,4,63" hai2="88,100,106,89,111,10,5,17,104,52,83,123,29" hai3="32,132,69,12,47,6,86,93,49,37,108,80,75"/><T112/><D99/><U113/><E119/><V27/><F123/><W72/><G69/><T125/><D67/><U82/><E120/><V50/><F111/><W61/><G32/><T51/><D51/><U121/><E121/><V135/><F135/><W110/><G132/><T36/><D40/><U131/><E35/><V53/><F53/><W71/><G37/><T74/><D74/><U23/><E33/><V43/><F43/><W54/><G93/><T38/><REACH who="0" step="1"/><D16/><REACH who="0" ten="240,250,250,250" step="2"/><U97/><E97/><V134/><F134/><W0/><G75/><T31/><D31/><U109/><E63/><V91/><F17/><W9/><G72/><T81/><D81/><U13/><E62/><V59/><F83/><W133/><G133/><T95/><D95/><U56/><E94/><V84/><F84/><W117/><G80/><T18/><D18/><U115/><E82/><V98/><F106/><W34/><G86/><T68/><D68/><U19/><E19/><V103/><F103/><W118/><G71/><T14/><D14/><U11/><E13/><V116/><F116/><W87/><G61/><T7/><D7/><U60/><E4/><V25/><REACH who="2" step="1"/><F29/><REACH who="2" ten="240,250,240,250" step="2"/><W92/><G87/><T73/><D73/><U58/><E60/><V2/><AGARI ba="0,2" hai="2,5,10,25,27,50,52,59,88,89,91,98,100,104" machi="2" ten="30,8000,1" yaku="1,1,2,1,0,1,54,2,53,0" doraHai="124" doraHaiUra="127" who="2" fromWho="2" sc="240,-40,250,-20,240,100,250,-20" /><INIT seed="1,0,0,4,3,115" ten="200,230,340,230" oya="1" hai0="132,76,13,124,68,66,29,112,30,135,35,121,48" hai1="56,0,38,107,25,129,117,74,1,78,103,130,16" hai2="59,32,65,77,133,114,81,44,4,93,127,40,62" hai3="41,26,105,82,109,86,104,90,37,31,69,52,11"/><U2/><E38/><V83/><F32/><W33/><G69/><T17/><D112/><U113/><E113/><V9/><F114/><W96/><G109/><T134/><D124/><U39/><E39/><V3/><F127/><W99/><G37/><T123/><D76/><U46/><E46/><V54/><F133/><W64/><G41/><T87/><D87/><U92/><E107/><V122/><F122/><N who="0" m="46602" /><D48/><U131/><E56/><V60/><F93/><W116/><G64/><T7/><D66/><U102/><E92/><V61/><F65/><W91/><G11/><N who="0" m="4351" /><D68/><U6/><E6/><V126/><F126/><W63/><G91/><T75/><D75/><U128/><E117/><V95/><F95/><W106/><REACH who="3" step="1"/><G116/><REACH who="3" ten="200,230,340,220" step="2"/><T110/><D110/><U57/><E131/><V47/><F40/><W97/><G97/><T58/><D58/><AGARI ba="0,1" hai="26,31,33,52,58,63,82,86,90,96,99,104,105,106" machi="58" ten="40,5200,0" yaku="1,1,54,1,53,1" doraHai="115" doraHaiUra="49" who="3" fromWho="0" sc="200,-52,230,0,340,0,220,62" /><INIT seed="2,0,0,1,1,14" ten="148,230,340,282" oya="2" hai0="52,99,88,35,45,132,70,86,27,116,119,115,5" hai1="84,73,92,8,44,85,1,63,121,21,33,68,133" hai2="80,10,15,104,3,122,69,81,49,0,74,61,94" hai3="123,75,82,118,51,48,34,2,117,55,135,37,4"/><V7/><F104/><W13/><G34/><T71/><D115/><U31/><E73/><V108/><F122/><W26/><G37/><T17/><D132/><U58/><E133/><V6/><F108/><W87/><G123/><T50/><D5/><U32/><E121/><V124/><F124/><W134/><G75/><T54/><D99/><U12/><E68/><V9/><F74/><W25/><G2/><T83/><D54/><U101/><E1/><V131/><F131/><W97/><G97/><T67/><D67/><U93/><E33/><V24/><F94/><N who="1" m="36457" /><E44/><V53/><F15/><W96/><G96/><T90/><D90/><U100/><E32/><V98/><F98/><W47/><G134/><T57/><D57/><U91/><E21/><V130/><F130/><W20/><G135/><T126/><D126/><U65/><E31/><V79/><F79/><W110/><G110/><T19/><D35/><U105/><E105/><V62/><F24/><W76/><G26/><T125/><D125/><U109/><E109/><V39/><F39/><W22/><G25/><T89/><D89/><U41/><E41/><V103/><F103/><N who="1" m="39497" /><E91/><V77/><F77/><W30/><G30/><T36/><D36/><U43/><E43/><V16/><F69/><N who="0" m="26122" /><D27/><U78/><E78/><V64/><F3/><W38/><G38/><T18/><D45/><U46/><E46/><V72/><F0/><W60/><G47/><T40/><D40/><U111/><E111/><V59/><F72/><W120/><G76/><T106/><D106/><U56/><E56/><V29/><F59/><W42/><G120/><RYUUKYOKU ba="0,0" sc="148,15,230,15,340,-15,282,-15" hai0="17,18,19,50,52,83,86,88,116,119" hai1="8,12,58,63,65,84,85" /><INIT seed="3,1,0,1,4,5" ten="163,245,325,267" oya="3" hai0="66,16,2,65,52,123,121,40,133,109,78,41,8" hai1="18,21,88,92,108,104,122,81,131,7,110,85,132" hai2="55,126,54,36,101,120,98,84,3,61,0,23,99" hai3="30,96,112,106,48,10,93,80,57,74,105,72,31"/><W19/><G112/><T70/><D109/><N who="1" m="42091" /><E122/><V71/><F36/><W53/><G106/><T79/><D133/><U116/><E104/><V135/><F126/><W117/><G105/><T69/><D2/><U97/><E132/><V22/><F84/><W45/><G117/><T38/><D38/><U111/><N who="1" m="42099" /><U33/><DORA hai="17" /><E116/><V90/><F61/><W42/><G74/><T11/><D16/><U130/><E7/><V9/><F135/><W63/><G80/><T37/><D37/><U59/><E59/><V82/><F71/><W107/><G72/><T34/><D34/><U25/><E33/><V20/><F82/><W64/><G107/><T26/><REACH who="0" step="1"/><D52/><REACH who="0" ten="153,245,325,267" step="2"/><U86/><E86/><V4/><F55/><W77/><G53/><T43/><D43/><U128/><E128/><V68/><F54/><W113/><G42/><T62/><D62/><U73/><E73/><V100/><F0/><W47/><G63/><T51/><D51/><U87/><E87/><V125/><F3/><W60/><G48/><T89/><D89/><AGARI ba="1,1" hai="18,21,25,81,85,88,89,92,97,130,131" m="42099" machi="89" ten="40,5200,0" yaku="14,1,52,1,54,1" doraHai="5,17" who="1" fromWho="0" sc="153,-55,245,65,325,0,267,0" owari="98,-40.2,310,11.0,325,42.5,267,-13.3" /></mjloggm>