<mjloggm ver="2.3"><GO type="225" lobby="0"/><UN n0="%E5%AE%AE%E4%BF%9D%E9%B6%8F%E8%82%89" n1="%E3%81%A1%E3%82%85%E3%81%86%E3%81%A9%E3%81%8F%E8%B1%A1%E3%81%95%E3%82%93" n2="%E3%81%AF%E3%82%88%E3%81%8A%E3%81%98%E3%81%95%E3%82%93" n3="%E6%9C%AA%E6%9D%A5%E5%B0%91%E5%B9%B4" dan="16,17,16,16" rate="2128.75,2195.02,2133.42,2138.73" sx="M,M,M,M"/><TAIKYOKU oya="0"/><INIT seed="0,0,0,5,2,111" ten="250,250,250,250" oya="0" hai0="92,81,71,55,46,117,97,67,1,4,103,61,0" hai1="112,10,11,31,19,127,124,110,82,75,102,84,42" hai2="116,18,50,7,60,12,130,79,118,66,35,77,120" hai3="21,51,49,95,64,123,73,87,45,104,56,40,17"/><T78/><D117/><N who="2" m="45162" /><F120/><W76/><G104/><T39/><D4/><U32/><E110/><V108/><F108/><W131/><G73/><T30/><D30/><U85/><E102/><V113/><F35/><W59/><G123/><T83/><D83/><U26/><E42/><V14/><F130/><W29/><G131/><T86/><REACH who="0" step="1"/><D55/><REACH who="0" ten="240,250,250,250" step="2"/><U6/><E82/><V20/><F79/><W126/><G29/><T114/><D114/><U3/><E112/><V15/><F77/><W74/><G76/><T22/><D22/><U41/><E75/><V62/><F113/><W115/><G74/><T33/><D33/><U69/><E6/><V72/><F72/><W48/><G115/><T63/><D63/><U91/><E31/><V119/><F7/><W90/><G126/><T25/><D25/><U106/><E32/><V109/><F109/><W132/><G132/><T38/><D38/><U23/><E26/><V88/><F62/><W5/><G5/><T80/><D80/><U122/><E127/><V58/><F50/><N who="3" m="19563" /><G64/><T133/><D133/><U37/><E124/><V34/><F34/><W107/><G107/><T28/><D28/><U93/><E106/><V9/><F9/><W2/><G2/><T96/><D96/><U27/><E122/><V43/><N who="2" m="45170" /><V98/><DORA hai="121" /><F43/><AGARI ba="0,1" hai="0,1,39,43,46,61,67,71,78,81,86,92,97,103" machi="43" ten="40,3900,0" yaku="1,1,53,1" doraHai="111,121" doraHaiUra="134,94" who="0" fromWho="2" sc="240,49,250,0,250,-39,250,0" /><INIT seed="0,1,0,5,2,65" ten="289,250,211,250" oya="0" hai0="70,86,0,108,111,107,18,130,31,47,96,21,16" hai1="15,14,8,20,59,77,69,95,11,10,63,23,17" hai2="104,19,118,93,35,22,7,34,13,80,43,26,36" hai3="3,27,1,25,60,67,68,94,76,85,116,115,135"/><T132/><D0/><U131/><E131/><V129/><F104/><W12/><G115/><T84/><D130/><U106/><E106/><V66/><F129/><W45/><G116/><T5/><D5/><U92/><E77/><V110/><F110/><N who="0" m="42026" /><D132/><U48/><E48/><V53/><F118/><W9/><G135/><T133/><D133/><U38/><E38/><V82/><F66/><W39/><G1/><T123/><D123/><U91/><E69/><V97/><F53/><W71/><G3/><T56/><D70/><U50/><E50/><V72/><F43/><W79/><G71/><T113/><D113/><U112/><E112/><V51/><F51/><W83/><G79/><T44/><D56/><U120/><E120/><V124/><F36/><W78/><G78/><T98/><D31/><U126/><E126/><V64/><F64/><W52/><G94/><T54/><D18/><N who="1" m="10327" /><E91/><V46/><F72/><W2/><G2/><T6/><D6/><U122/><E122/><V49/><F124/><W4/><G39/><T103/><D96/><U57/><E57/><V75/><F75/><W28/><G28/><T41/><D41/><U29/><E29/><N who="2" m="19767" /><F7/><W81/><G81/><T117/><D117/><U102/><E102/><N who="2" m="60719" /><F35/><W99/><G99/><T109/><N who="0" m="42034" /><T105/><DORA hai="127" /><D105/><U62/><E59/><V88/><F80/><W125/><G125/><T24/><D47/><U128/><E128/><V100/><F100/><W119/><G119/><T32/><D32/><U121/><E121/><V73/><F73/><W74/><G74/><T87/><D44/><U42/><E42/><RYUUKYOKU ba="1,0" sc="289,10,250,10,211,-30,250,10" hai0="16,21,24,54,84,86,87,98,103,107" hai1="8,10,11,15,17,23,62,63,92,95" hai3="4,9,12,25,27,45,52,60,67,68,76,83,85" /><INIT seed="0,2,0,1,1,86" ten="299,260,181,260" oya="0" hai0="79,89,95,70,134,49,133,102,58,96,37,66,42" hai1="1,71,3,85,100,82,118,41,65,7,54,8,131" hai2="35,110,120,56,93,45,19,33,23,109,2,107,38" hai3="103,36,22,52,130,9,94,20,128,104,46,99,27"/><T75/><D75/><U53/><E118/><V84/><F107/><W81/><G9/><T0/><D79/><U69/><E131/><N who="3" m="50218" /><G81/><T90/><D0/><U76/><E100/><V111/><F120/><W122/><G122/><T127/><D127/><U124/><E1/><V87/><F2/><W47/><G36/><T116/><D116/><U12/><E3/><V101/><F56/><W68/><G68/><T5/><D5/><U55/><E124/><V64/><F64/><W34/><G104/><T115/><D115/><U97/><E97/><V21/><F21/><N who="3" m="8299" /><G52/><N who="0" m="32015" /><D37/><U26/><E65/><V6/><F6/><W29/><AGARI ba="2,0" hai="27,29,34,46,47,94,99,103" m="8299,50218" machi="29" ten="30,1100,0" yaku="19,1" doraHai="86" who="3" fromWho="3" sc="299,-7,260,-5,181,-5,260,17" /><INIT seed="1,0,0,5,5,107" ten="292,255,176,277" oya="1" hai0="70,8,113,0,84,124,30,7,50,3,104,135,13" hai1="109,134,102,17,16,78,65,118,96,53,94,106,63" hai2="122,98,56,49,119,4,125,114,99,54,6,52,123" hai3="86,131,72,110,45,91,33,100,60,81,121,115,71"/><U77/><E118/><V9/><F119/><W128/><G115/><T103/><D70/><U23/><E134/><V14/><F114/><W35/><G121/><T34/><D113/><U111/><E53/><V21/><F125/><W129/><G110/><N who="1" m="41994" /><E106/><V41/><F41/><W46/><G100/><T10/><D103/><U93/><E93/><V51/><F21/><W22/><G22/><T15/><D84/><U2/><E2/><N who="0" m="553" /><D50/><U73/><E73/><V83/><F83/><W26/><G72/><T75/><D104/><U88/><E102/><V42/><F42/><W40/><G26/><N who="0" m="18775" /><D75/><U116/><E116/><V105/><F105/><W39/><G45/><T20/><D135/><U58/><E17/><V36/><F36/><W25/><G25/><AGARI ba="0,0" hai="16,23,25,58,63,65,77,78,88,94,96" m="41994" machi="25" ten="30,11600,0" yaku="14,1,10,1,54,2" doraHai="107" who="1" fromWho="3" sc="292,0,255,116,176,0,277,-116" /><INIT seed="1,1,0,3,4,77" ten="292,371,176,161" oya="1" hai0="44,66,40,62,73,25,52,94,30,24,86,81,95" hai1="132,19,39,82,8,100,113,11,78,68,22,29,83" hai2="15,79,99,76,122,120,20,64,56,75,58,112,9" hai3="80,37,128,101,17,43,91,12,7,131,42,106,51"/><U74/><E113/><V16/><F112/><W103/><G37/><T110/><D110/><U60/><E39/><V63/><F120/><W115/><G115/><T36/><D73/><U45/><E29/><V88/><F122/><W90/><G7/><T121/><D121/><U116/><E45/><V126/><F126/><W28/><G28/><T53/><D95/><U54/><E100/><N who="3" m="38474" /><G106/><T105/><D94/><U50/><E116/><V6/><F75/><W114/><G114/><T108/><D105/><U93/><E93/><N who="2" m="56743" /><F58/><W87/><G90/><T27/><D30/><U127/><E60/><V84/><F84/><W23/><G51/><T98/><D98/><U135/><E68/><V34/><F34/><W104/><G104/><T85/><D85/><U59/><E127/><V97/><F97/><W41/><G128/><T33/><D33/><U10/><E78/><V119/><F119/><W125/><G125/><T21/><D21/><U130/><E74/><V70/><F70/><W35/><G35/><T69/><REACH who="0" step="1"/><D108/><REACH who="0" ten="282,371,176,161" step="2"/><U32/><E130/><V67/><F67/><W48/><G131/><T117/><D117/><U61/><E32/><V123/><F123/><W134/><G134/><N who="1" m="51242" /><E61/><V5/><F20/><W13/><G48/><T57/><D57/><U118/><E118/><V2/><F2/><W0/><G0/><T71/><D71/><U107/><E107/><V14/><F14/><AGARI ba="1,1" hai="12,13,14,17,23,41,42,43,80,87,91" m="38474" machi="14" ten="30,2000,0" yaku="8,1,52,1" doraHai="77" who="3" fromWho="2" sc="282,0,371,0,176,-23,161,33" /><AGARI ba="1,0" hai="8,10,11,14,19,22,50,54,59,82,83" m="51242" machi="14" ten="30,5800,0" yaku="20,1,52,2" doraHai="77" who="1" fromWho="2" sc="282,0,371,58,153,-58,194,0" /><INIT seed="1,2,0,3,3,26" ten="282,429,95,194" oya="1" hai0="127,95,108,34,88,102,20,47,64,12,123,125,43" hai1="21,101,35,58,50,118,133,86,89,56,19,52,36" hai2="28,91,126,90,23,29,0,11,70,135,85,40,116" hai3="120,30,54,38,39,44,49,57,55,132,79,78,128"/><U9/><E118/><V76/><F116/><W73/><G120/><T96/><D34/><U99/><E35/><V62/><F126/><N who="0" m="48138" /><D108/><U31/><E36/><V100/><F135/><W46/><G132/><T18/><D64/><U17/><E133/><V53/><F40/><W5/><G128/><T48/><D123/><U134/><E134/><V65/><F100/><AGARI ba="2,0" hai="12,18,20,43,47,48,88,95,96,100,102" m="48138" machi="100" ten="30,2000,0" yaku="18,1,54,1" doraHai="26" who="0" fromWho="2" sc="282,26,429,0,95,-26,194,0" /><INIT seed="2,0,0,0,3,97" ten="308,429,69,194" oya="2" hai0="101,7,130,49,135,109,124,9,51,102,93,74,29" hai1="112,3,76,126,66,34,108,91,70,103,42,59,38" hai2="84,81,5,21,111,39,56,88,22,17,25,53,30" hai3="79,100,73,133,6,18,43,110,90,37,50,55,77"/><V132/><F132/><W115/><G133/><T83/><D135/><U15/><E59/><V80/><F111/><W105/><G110/><T114/><D109/><U131/><E15/><V32/><F39/><W40/><G115/><T27/><D114/><U2/><E91/><V107/><F107/><W82/><G77/><T13/><D124/><U71/><E66/><V1/><F1/><W67/><G37/><T58/><D130/><U48/><E48/><V69/><F69/><W121/><G121/><T12/><D12/><U24/><E24/><V106/><F106/><W62/><G6/><T57/><D74/><U113/><E42/><V128/><F128/><W87/><G18/><T89/><D83/><U52/><E52/><V95/><F5/><W31/><G31/><T28/><D51/><U98/><E98/><V10/><F10/><W20/><G20/><N who="0" m="15463" /><D29/><U45/><E38/><V85/><F17/><W16/><G16/><T60/><D49/><U14/><E70/><V68/><F68/><W35/><G35/><T33/><D33/><U86/><E71/><V117/><F117/><W104/><G62/><T46/><D46/><U41/><E34/><V127/><F127/><W123/><G67/><N who="0" m="39311" /><D58/><U78/><E2/><V61/><REACH who="2" step="1"/><F81/><REACH who="2" ten="308,429,59,194" step="2"/><W0/><G0/><T120/><D120/><U54/><E3/><V65/><F65/><W122/><G122/><T94/><D94/><U44/><E126/><V125/><F125/><W118/><G123/><T129/><D129/><U4/><E108/><V72/><F72/><W92/><G73/><T47/><D47/><U19/><E131/><RYUUKYOKU ba="0,1" sc="308,15,429,-15,59,15,194,-15" hai0="7,9,13,89,93,101,102" hai2="21,22,25,30,32,53,56,61,80,84,85,88,95" /><INIT seed="2,1,1,5,3,72" ten="323,414,74,179" oya="2" hai0="81,32,87,38,102,112,15,26,71,129,43,126,29" hai1="106,125,107,127,116,27,12,62,92,64,128,66,28" hai2="94,60,96,122,37,14,23,118,5,104,1,124,36" hai3="75,101,56,105,111,20,133,30,83,10,103,121,39"/><V6/><F118/><W132/><G121/><T16/><D112/><U50/><E116/><V46/><F122/><W65/><G39/><T79/><D71/><U69/><E64/><V134/><F104/><N who="1" m="39977" /><E50/><V18/><F124/><N who="1" m="47689" /><E92/><V9/><F134/><N who="3" m="51819" /><G105/><T11/><D129/><U88/><E88/><V8/><F60/><N who="3" m="38023" /><G111/><T98/><D126/><U135/><E12/><V42/><F37/><W97/><G10/><T95/><D43/><U59/><E135/><V24/><F8/><W89/><G97/><T40/><D40/><U109/><E128/><V19/><REACH who="2" step="1"/><F1/><REACH who="2" ten="323,414,64,179" step="2"/><W90/><G75/><T21/><REACH who="0" step="1"/><D38/><REACH who="0" ten="313,414,64,179" step="2"/><U63/><E109/><V22/><F22/><AGARI ba="1,3" hai="11,15,16,21,22,26,29,32,79,81,87,95,98,102" machi="22" ten="40,8000,1" yaku="1,1,2,1,52,1,54,1,53,0" doraHai="72" doraHaiUra="130" who="0" fromWho="2" sc="313,113,414,0,64,-83,179,0" owari="426,52.6,414,21.4,-19,-51.9,179,-22.1" /></mjloggm>