<mjloggm ver="2.3"><GO type="225" lobby="0"/><UN n0="%E8%A6%9A%E9%86%92%E3%81%97%E3%81%9F%E3%81%A8%E3%81%BE%E3%81%A8" n1="%E7%B4%94%E6%BD%94%E3%83%94%E3%83%A9%E3%83%8B%E3%82%A2" n2="%6D%75%75%6D%75%72%61" n3="%E5%AF%82%E5%AF%9E%E3%82%AE%E3%83%8D%E3%82%B9%E3%83%93%E3%83%BC%E3%83%AB" dan="18,18,16,16" rate="2199.92,2299.98,2148.10,2149.16" sx="M,M,F,M"/><TAIKYOKU oya="0"/><INIT seed="0,0,0,3,1,21" ten="250,250,250,250" oya="0" hai0="4,3,122,91,68,119,98,110,123,92,62,97,39" hai1="16,105,59,43,29,87,31,128,84,5,30,1,46" hai2="70,8,17,109,48,51,78,41,57,56,13,44,121" hai3="100,25,96,55,106,24,20,40,126,134,115,130,94"/><T65/><D119/><U58/><E105/><V53/><F121/><W114/><G126/><T49/><D39/><U127/><E128/><V37/><F109/><W18/><G130/><T15/><D110/><U33/><E33/><V61/><F78/><W19/><G134/><T34/><D3/><U93/><E127/><V42/><F42/><W116/><G116/><T32/><D97/><U120/><E120/><V129/><F129/><W67/><G67/><T35/><REACH who="0" step="1"/><D49/><REACH who="0" ten="240,250,250,250" step="2"/><U73/><E1/><V102/><F102/><W28/><G115/><T12/><D12/><U22/><E84/><V103/><F103/><W131/><G114/><T95/><D95/><U45/><E87/><V101/><F101/><W124/><G124/><T125/><D125/><U133/><E93/><V36/><REACH who="2" step="1"/><F70/><REACH who="2" ten="240,250,240,250" step="2"/><W104/><G100/><T14/><D14/><N who="1" m="9495" /><E133/><V27/><F27/><W83/><G25/><T7/><D7/><U86/><E5/><V69/><F69/><W9/><G24/><T89/><D89/><U71/><E71/><V99/><F99/><W11/><G96/><T66/><D66/><AGARI ba="0,2" hai="8,13,17,36,37,41,44,48,51,53,56,57,61,66" machi="66" ten="30,2000,0" yaku="1,1,7,1,53,0" doraHai="21" doraHaiUra="111" who="2" fromWho="0" sc="240,-20,250,0,240,40,250,0" /><INIT seed="1,0,0,3,5,119" ten="220,250,280,250" oya="1" hai0="14,85,129,60,105,61,96,30,56,134,38,48,8" hai1="102,72,23,79,21,2,132,86,47,42,68,74,46" hai2="113,10,99,58,54,126,88,62,95,40,33,5,89" hai3="51,67,18,11,26,109,65,112,94,49,37,9,45"/><U78/><E68/><V111/><F111/><W1/><G112/><T108/><D38/><U104/><E2/><V91/><F113/><W135/><G37/><T117/><D108/><U71/><E71/><V114/><F114/><W0/><G109/><T124/><D117/><U24/><E104/><V13/><F126/><W82/><G82/><T84/><D124/><U116/><E102/><V27/><REACH who="2" step="1"/><F40/><REACH who="2" ten="220,250,270,250" step="2"/><W103/><G135/><T115/><D134/><U125/><E132/><V4/><F4/><W101/><G0/><T31/><D115/><U22/><E125/><V57/><F57/><W122/><G1/><T100/><D129/><U98/><E116/><V92/><F92/><W36/><G94/><T110/><D110/><U39/><E42/><V90/><F90/><W69/><G69/><T3/><D56/><U93/><E93/><V87/><F87/><W35/><G103/><T107/><D107/><U64/><E86/><V131/><F131/><W121/><G101/><T106/><D106/><U128/><E128/><V59/><F59/><W19/><G122/><T120/><D120/><U53/><E74/><V29/><AGARI ba="0,1" hai="5,10,13,27,29,33,54,58,62,88,89,91,95,99" machi="29" ten="30,4000,0" yaku="1,1,0,1,54,1,53,0" doraHai="119" doraHaiUra="127" who="2" fromWho="2" sc="220,-10,250,-20,270,50,250,-10" /><INIT seed="2,0,0,3,0,54" ten="210,230,320,240" oya="2" hai0="134,67,114,70,96,22,47,28,105,57,50,93,34" hai1="129,98,38,77,29,39,25,74,65,43,5,99,101" hai2="45,49,40,104,73,91,61,12,68,97,87,113,76" hai3="14,127,122,103,81,6,120,48,24,126,15,17,118"/><V94/><F113/><W71/><G71/><T55/><D114/><U107/><E129/><V31/><F31/><W18/><G103/><T13/><D105/><U90/><E98/><V46/><F12/><N who="3" m="4651" /><G81/><T11/><D70/><U8/><E90/><V84/><F46/><W132/><G48/><T7/><D134/><U3/><E65/><V62/><F68/><W36/><G36/><T130/><D34/><N who="1" m="20783" /><E43/><V108/><F108/><W58/><G58/><T85/><D130/><U95/><E95/><V33/><F33/><W41/><G41/><T83/><D67/><U1/><E1/><V21/><F87/><W27/><G118/><T52/><D22/><U4/><E4/><V121/><F121/><N who="3" m="46699" /><G6/><T44/><D28/><U69/><E69/><V88/><F104/><W86/><G86/><T128/><D128/><U42/><E42/><V110/><F73/><W63/><G132/><T37/><D37/><U78/><E78/><V100/><F76/><W116/><G116/><T72/><D72/><U135/><E135/><V51/><F110/><W30/><G30/><T66/><D55/><U75/><E75/><V123/><F123/><W109/><G109/><T79/><D66/><U111/><E111/><V106/><F91/><AGARI ba="0,0" hai="7,11,13,44,47,50,52,57,79,83,85,91,93,96" machi="91" ten="30,7700,0" yaku="7,1,8,1,52,1,54,1" doraHai="54" who="0" fromWho="2" sc="210,77,230,0,320,-77,240,0" /><INIT seed="3,0,0,3,5,112" ten="287,230,243,240" oya="3" hai0="53,127,46,81,89,29,8,74,61,78,70,67,12" hai1="86,3,36,37,82,23,69,25,93,56,41,5,88" hai2="84,62,9,110,118,90,68,35,77,55,51,119,91" hai3="85,126,38,115,32,57,124,39,113,6,107,132,94"/><W17/><G107/><T101/><D127/><N who="3" m="48681" /><G132/><T15/><D29/><U60/><E69/><V114/><F114/><N who="3" m="43531" /><G32/><T103/><D15/><U16/><E41/><V105/><F35/><W120/><G120/><T100/><D89/><U54/><REACH who="1" step="1"/><E82/><REACH who="1" ten="287,220,243,240" step="2"/><V128/><F68/><W109/><G109/><T116/><D81/><U83/><E83/><V75/><F110/><W95/><G39/><T24/><D70/><U66/><E66/><V123/><F123/><W20/><G38/><T50/><D67/><U130/><E130/><V134/><F128/><W131/><G131/><T73/><D53/><U99/><E99/><V135/><F55/><W97/><G97/><T111/><D111/><U63/><E63/><V121/><F62/><W48/><G85/><T92/><D61/><U102/><E102/><V11/><F84/><W13/><G6/><T28/><D103/><U7/><E7/><V49/><F121/><W76/><G76/><T125/><D78/><U42/><E42/><V45/><F77/><W96/><G96/><T80/><D125/><U72/><E72/><V106/><F75/><W27/><G48/><T26/><D74/><U21/><E21/><V19/><F19/><N who="3" m="12703" /><G57/><T40/><D73/><U59/><E59/><V18/><F18/><W47/><G47/><AGARI ba="0,1" hai="9,11,45,47,49,51,90,91,105,106,118,119,134,135" machi="47" ten="25,6400,0" yaku="22,2,52,2" doraHai="112" who="2" fromWho="3" sc="287,0,220,0,243,74,240,-64" owari="287,8.7,220,-18.0,317,41.7,176,-32.4" /></mjloggm>