<mjloggm ver="2.3"><GO type="225" lobby="0"/><UN n0="%E5%AF%82%E5%AF%9E%E3%82%AE%E3%83%8D%E3%82%B9%E3%83%93%E3%83%BC%E3%83%AB" n1="%E3%83%AD%E3%83%83%E3%83%86%E9%9B%80%E7%90%83" n2="%E5%AE%AE%E4%BF%9D%E9%B6%8F%E8%82%89" n3="%73%6C%69%63%6B%33%31%39" dan="16,17,16,16" rate="2137.07,2268.58,2134.15,2192.38" sx="M,M,M,M"/><TAIKYOKU oya="0"/><INIT seed="0,0,0,5,2,43" ten="250,250,250,250" oya="0" hai0="107,115,126,37,38,47,96,8,119,27,114,101,123" hai1="44,56,39,57,85,40,113,84,110,90,92,2,30" hai2="109,65,13,108,3,77,67,33,105,41,88,50,128" hai3="124,121,54,6,61,76,29,55,89,69,134,131,95"/><T66/><D119/><U4/><E110/><N who="2" m="42603" /><F3/><W132/><G76/><T28/><D123/><U42/><E113/><V34/><F105/><W20/><G6/><T71/><D126/><U116/><E116/><V5/><F77/><W133/><G124/><T12/><D115/><U125/><E125/><V78/><F78/><W51/><G121/><T14/><D114/><U68/><E68/><V122/><F128/><W16/><G29/><T18/><D14/><U73/><E73/><V117/><F88/><W24/><G131/><T106/><D47/><U63/><E30/><V25/><F25/><W118/><G118/><T75/><D107/><U45/><E85/><V0/><F0/><W36/><G36/><T103/><D103/><U17/><E17/><V31/><F31/><W79/><G79/><T100/><D100/><U87/><E87/><V94/><F94/><W104/><G104/><T127/><D75/><U97/><E84/><V112/><F122/><W82/><G82/><T7/><D7/><U15/><E2/><V52/><F41/><N who="1" m="15977" /><E39/><V111/><N who="2" m="42611" /><V59/><DORA hai="19" /><F117/><W22/><G51/><T86/><D86/><U10/><E63/><N who="2" m="38143" /><F67/><N who="3" m="41199" /><G22/><T70/><D127/><U11/><E11/><N who="2" m="4335" /><F112/><W80/><G80/><T48/><D38/><U74/><E74/><V93/><F93/><W102/><G89/><T81/><D37/><U98/><E98/><AGARI ba="0,0" hai="16,20,24,54,55,95,98,102,132,133,134" m="41199" machi="98" ten="30,3900,0" yaku="20,1,52,1,54,1" doraHai="43,19" who="3" fromWho="1" sc="250,0,250,-39,250,0,250,39" /><INIT seed="1,0,0,4,1,10" ten="250,211,250,289" oya="1" hai0="83,56,34,50,43,42,6,75,30,40,128,16,131" hai1="70,115,111,28,1,95,9,117,60,129,80,105,15" hai2="112,132,102,108,121,72,135,87,11,78,3,36,12" hai3="100,17,7,55,26,99,18,79,103,101,35,106,0"/><U23/><E105/><V107/><F121/><W88/><G79/><N who="0" m="44543" /><D6/><U13/><E115/><V122/><F122/><W125/><G125/><T49/><D56/><U126/><E117/><V45/><F108/><W73/><G73/><T57/><D57/><U48/><E126/><V47/><F3/><W127/><G127/><T76/><D76/><U116/><E116/><V21/><F21/><W5/><G0/><T71/><D71/><U96/><E129/><N who="0" m="49737" /><D16/><N who="1" m="10655" /><E1/><V93/><F72/><W130/><G130/><T58/><D58/><U82/><E70/><V37/><F107/><W113/><G106/><T86/><D86/><U62/><E111/><V63/><F63/><N who="1" m="24105" /><E48/><V97/><F112/><W32/><G113/><T109/><D109/><U85/><E85/><V104/><F37/><W44/><G32/><T91/><D34/><U134/><E134/><N who="2" m="51243" /><F36/><W68/><G68/><T123/><D123/><U52/><E52/><V24/><F24/><W39/><G35/><T25/><D50/><U114/><E114/><V4/><F104/><W59/><G39/><T22/><D49/><U19/><E28/><V90/><F78/><W64/><G55/><T51/><D51/><U65/><E65/><V94/><AGARI ba="0,0" hai="4,11,12,45,47,87,90,93,94,97,102" m="51243" machi="94" ten="30,2000,0" yaku="20,1,52,1" doraHai="10" who="2" fromWho="2" sc="250,-5,211,-10,250,20,289,-5" /><INIT seed="2,0,0,2,5,126" ten="245,201,270,284" oya="2" hai0="24,128,14,44,46,71,131,120,17,74,133,1,66" hai1="20,56,51,97,27,53,118,7,98,129,107,40,6" hai2="75,5,64,29,93,90,47,70,124,109,103,55,49" hai3="84,67,101,23,130,122,59,50,10,36,100,3,32"/><V88/><F124/><W25/><G122/><T34/><D120/><U41/><E118/><V48/><F75/><W19/><G36/><T62/><D1/><U115/><E115/><V121/><F121/><W110/><G110/><T43/><D74/><U22/><E107/><V12/><F109/><W39/><G39/><T38/><D46/><U127/><E127/><V92/><F29/><N who="3" m="19503" /><G130/><N who="0" m="49707" /><D133/><U116/><E116/><V30/><F30/><W60/><G84/><T35/><D24/><U69/><E69/><V114/><F70/><W112/><G50/><T132/><D132/><U102/><E129/><V87/><F64/><W31/><G31/><T81/><D81/><U104/><E98/><N who="2" m="57607" /><F103/><W4/><G112/><T78/><D78/><U16/><REACH who="1" step="1"/><E22/><AGARI ba="0,0" hai="14,17,22,34,35,38,43,44,62,66,71" m="49707" machi="22" ten="30,7700,0" yaku="19,1,52,3" doraHai="126" who="0" fromWho="1" sc="245,77,201,-77,270,0,284,0" /><INIT seed="3,0,0,0,1,127" ten="322,124,270,284" oya="3" hai0="12,66,81,83,133,134,73,74,3,36,69,84,135" hai1="116,14,58,24,102,98,16,35,45,5,8,10,48" hai2="68,17,59,1,67,26,44,65,99,61,93,21,37" hai3="60,53,56,64,42,86,55,88,50,111,123,82,132"/><W70/><G123/><T15/><D3/><U112/><E112/><V38/><F1/><W52/><G111/><T89/><D36/><U108/><E108/><V118/><F118/><W28/><G132/><T43/><D43/><U120/><E120/><V40/><F67/><W92/><G28/><T97/><D97/><U20/><E116/><V71/><REACH who="2" step="1"/><F38/><REACH who="2" ten="322,124,260,284" step="2"/><W126/><G126/><T77/><D74/><U113/><E113/><V107/><F107/><W128/><G128/><T63/><AGARI ba="0,1" hai="12,15,63,66,69,73,77,81,83,84,89,133,134,135" machi="63" ten="40,2700,0" yaku="0,1,20,1" doraHai="127" who="0" fromWho="0" sc="322,37,124,-7,260,-7,284,-13" owari="359,45.9,117,-38.3,253,-14.7,271,7.1" /></mjloggm>