<mjloggm ver="2.3"><GO type="225" lobby="0"/><UN n0="%E3%80%93%E3%81%97%E3%83%BC%E3%82%89%E3%80%93" n1="%E9%B3%B3%E6%9D%B1%E3%81%AE%E3%81%86%E3%81%95%E3%81%8E%E3%81%95%E3%82%93" n2="%E3%81%8C%E3%81%9F" n3="%E3%81%B5%E3%81%98%E3%81%8B%E3%81%A4" dan="16,17,16,16" rate="2110.67,2297.48,2132.14,2150.65" sx="M,M,M,M"/><TAIKYOKU oya="0"/><INIT seed="0,0,0,2,2,6" ten="250,250,250,250" oya="0" hai0="120,27,85,135,5,73,13,36,55,90,72,103,81" hai1="84,89,87,93,95,0,128,122,20,104,54,58,47" hai2="70,39,111,133,50,23,91,118,131,8,130,100,3" hai3="33,99,9,71,17,78,31,11,25,66,108,2,92"/><T134/><D36/><U45/><E128/><N who="2" m="49195" /><F39/><W12/><G78/><T126/><D120/><U80/><E104/><V116/><F70/><W98/><G108/><T124/><D27/><U42/><E122/><V63/><F63/><W106/><G2/><T121/><D121/><U53/><E0/><V60/><F60/><W38/><G38/><T56/><D5/><U51/><E42/><V77/><F77/><W18/><G106/><T69/><D13/><U101/><E20/><V26/><F100/><W96/><G71/><T59/><D69/><U109/><E109/><V43/><F91/><W132/><G66/><T28/><D28/><U35/><E35/><V61/><F61/><W74/><G74/><N who="0" m="28779" /><D55/><U83/><E101/><V67/><F67/><W68/><G68/><T127/><D103/><U37/><E37/><V4/><F111/><W1/><G1/><T16/><D16/><U29/><E29/><N who="2" m="17631" /><F50/><W21/><G33/><T64/><D64/><U105/><E51/><V112/><F43/><W75/><G75/><T82/><D82/><U88/><E105/><V114/><F133/><AGARI ba="0,0" hai="56,59,81,85,90,124,126,127,133,134,135" m="28779" machi="133" ten="40,3900,0" yaku="18,1,20,1" doraHai="6" who="0" fromWho="2" sc="250,39,250,0,250,-39,250,0" /><INIT seed="0,1,0,3,4,99" ten="289,250,211,250" oya="0" hai0="47,32,4,20,134,26,83,29,69,66,48,61,8" hai1="84,124,115,118,72,39,75,18,17,10,64,58,19" hai2="6,9,43,82,88,110,78,89,13,0,15,128,81" hai3="45,24,22,23,101,62,108,14,90,92,25,54,77"/><T7/><D134/><U120/><E118/><V79/><F110/><W12/><G108/><T95/><D83/><U133/><E120/><V31/><F128/><W63/><G77/><T91/><D32/><U114/><E39/><V130/><F130/><W106/><G106/><T36/><D36/><U121/><E121/><V46/><F31/><W111/><G111/><T21/><D21/><U59/><E133/><V80/><F0/><W3/><G3/><T122/><D8/><U27/><E124/><V42/><F15/><W40/><G101/><T94/><D94/><U74/><E10/><V71/><F71/><W131/><G131/><T132/><D132/><U52/><E27/><V30/><F30/><W33/><G33/><T16/><D29/><U56/><E64/><V70/><F70/><W126/><G126/><T123/><D123/><U53/><E84/><V129/><F129/><W105/><G105/><T100/><D100/><U67/><E67/><V135/><F135/><W103/><G103/><T37/><D37/><U125/><E125/><V49/><REACH who="2" step="1"/><F42/><REACH who="2" ten="289,250,201,250" step="2"/><W113/><G40/><T107/><D122/><U86/><E86/><V127/><F127/><W104/><G113/><AGARI ba="1,1" hai="17,18,19,52,53,56,58,59,72,74,75,113,114,115" machi="113" ten="50,12000,2" yaku="29,2,28,2,11,1,54,1" doraHai="99" who="1" fromWho="3" sc="289,0,250,133,201,0,250,-123" /><INIT seed="1,0,0,4,2,80" ten="289,383,201,127" oya="1" hai0="25,47,96,112,75,92,119,4,21,28,129,84,7" hai1="88,64,105,108,94,11,40,85,72,98,83,13,123" hai2="36,15,68,73,131,87,101,49,16,113,50,34,118" hai3="55,130,32,107,66,90,9,29,20,18,125,59,19"/><U95/><E123/><V56/><F118/><W53/><G107/><T126/><D75/><U14/><E108/><V37/><F73/><W99/><G125/><T134/><D119/><U81/><E105/><V79/><F68/><W117/><G117/><T71/><D71/><U39/><E64/><V63/><F34/><W121/><G121/><T8/><D112/><U17/><E72/><V2/><F2/><W127/><G127/><T116/><D116/><U24/><E24/><V89/><F131/><W74/><G130/><T61/><D134/><U120/><E120/><V6/><F6/><W103/><G74/><T46/><D129/><U111/><E111/><V86/><F101/><W52/><G32/><T104/><D104/><U57/><E57/><V44/><F113/><W60/><G103/><T31/><D31/><U12/><E40/><V91/><F79/><W133/><G133/><T35/><D35/><U128/><E39/><V115/><F37/><W26/><REACH who="3" step="1"/><G9/><REACH who="3" ten="289,383,201,117" step="2"/><T67/><D8/><N who="1" m="6279" /><E128/><V65/><F115/><W82/><G82/><N who="1" m="31242" /><E11/><V106/><F106/><W33/><G33/><T48/><D126/><U124/><E124/><V45/><F36/><W22/><G22/><T10/><D10/><U38/><E38/><V27/><F89/><AGARI ba="0,1" hai="13,14,85,88,89,94,95,98" m="31242,6279" machi="89" ten="30,5800,0" yaku="8,1,52,1,54,1" doraHai="80" who="1" fromWho="2" sc="289,0,383,68,201,-58,117,0" /><INIT seed="1,1,0,1,3,92" ten="289,451,143,117" oya="1" hai0="58,48,120,79,41,42,25,55,39,60,119,129,53" hai1="47,114,135,133,93,111,18,100,123,45,0,70,20" hai2="108,115,57,132,107,118,88,105,30,23,52,22,75" hai3="85,124,4,50,82,90,38,128,66,121,76,103,28"/><U16/><E114/><V62/><F118/><W10/><G121/><T14/><D119/><U35/><E123/><V56/><F115/><W94/><G124/><T86/><D39/><U26/><E70/><V99/><F75/><W78/><G128/><T1/><D1/><U33/><E0/><V61/><F108/><W63/><G38/><T37/><D37/><U95/><E111/><V67/><F132/><N who="1" m="50761" /><E18/><V74/><F74/><W125/><G28/><T81/><D129/><U9/><E9/><V68/><F68/><W109/><G109/><T24/><D14/><U65/><E65/><V122/><F122/><W64/><G50/><T73/><D73/><U6/><E6/><V34/><F34/><N who="1" m="12809" /><E93/><N who="2" m="56743" /><F105/><W49/><G125/><T43/><D120/><U87/><E87/><V21/><F107/><W15/><G49/><T134/><D134/><U116/><E116/><V59/><F59/><AGARI ba="1,0" hai="24,25,41,42,43,48,53,55,58,59,60,79,81,86" machi="59" ten="40,1300,0" yaku="8,1" doraHai="92" who="0" fromWho="2" sc="289,16,451,0,143,-16,117,0" /><INIT seed="2,0,0,3,2,91" ten="305,451,127,117" oya="2" hai0="108,80,132,128,47,13,68,0,64,129,60,99,71" hai1="29,69,22,58,70,2,133,57,18,28,127,85,74" hai2="84,55,88,130,8,11,7,3,115,79,27,35,33" hai3="21,131,87,134,126,5,78,102,81,46,112,25,72"/><V62/><F115/><W49/><G112/><T82/><D0/><U89/><E74/><V17/><F130/><N who="0" m="50282" /><D108/><U23/><E2/><V117/><F117/><W111/><G131/><T48/><D132/><U67/><E133/><V54/><F79/><W113/><G134/><T94/><D13/><U76/><E76/><V105/><F105/><W90/><G111/><T41/><D71/><U6/><E6/><V93/><F62/><W75/><G126/><T30/><D30/><U110/><E110/><V39/><F39/><W66/><G113/><T45/><D45/><U121/><E127/><V61/><F61/><W77/><G102/><AGARI ba="0,0" hai="41,47,48,60,64,68,80,82,94,99,102" m="50282" machi="102" ten="30,2000,0" yaku="19,1,52,1" doraHai="91" who="0" fromWho="3" sc="305,20,451,0,127,0,117,-20" /><INIT seed="3,0,0,5,5,28" ten="325,451,127,97" oya="3" hai0="109,100,124,90,101,96,30,16,58,47,8,78,29" hai1="35,95,70,2,0,86,111,93,62,85,56,17,91" hai2="37,11,97,61,134,72,127,119,112,80,87,73,135" hai3="60,10,102,49,118,4,122,51,31,36,83,74,65"/><W13/><G122/><T129/><D109/><U105/><E105/><V66/><F112/><W45/><G118/><T26/><D124/><U38/><E35/><V64/><F119/><W43/><G102/><T132/><D132/><N who="2" m="50730" /><F127/><W131/><G131/><T7/><D129/><U115/><E115/><V25/><F37/><W20/><G31/><T104/><D100/><U126/><E126/><V121/><F121/><W71/><REACH who="3" step="1"/><G20/><REACH who="3" ten="325,451,127,87" step="2"/><N who="0" m="13575" /><D101/><U27/><E111/><V106/><F106/><W55/><G55/><T50/><D104/><U79/><E38/><V22/><F22/><W6/><G6/><T39/><D30/><U53/><E17/><V76/><F64/><W117/><G117/><T81/><D29/><U114/><E114/><V108/><F108/><W18/><G18/><T128/><D7/><U23/><E23/><V3/><F66/><W54/><G54/><T130/><D128/><U94/><E53/><V41/><F41/><W69/><G69/><T75/><D130/><U113/><E70/><V57/><F11/><W84/><G84/><T120/><D120/><U19/><E113/><V99/><F87/><W133/><G133/><T21/><D21/><U40/><E40/><V32/><F73/><W12/><G12/><T63/><D75/><U24/><E19/><V125/><F125/><W116/><G116/><T123/><D123/><U46/><E24/><V68/><F68/><W33/><G33/><T98/><D98/><N who="2" m="37386" /><F3/><W103/><G103/><T9/><D96/><U92/><E27/><V52/><F32/><W82/><G82/><T14/><D81/><N who="1" m="47295" /><E0/><V1/><F1/><RYUUKYOKU ba="0,1" sc="325,-15,451,-15,127,15,87,15" hai2="25,52,57,61,72,76,80" hai3="4,10,13,36,43,45,49,51,60,65,71,74,83" /><INIT seed="3,1,1,5,4,86" ten="310,436,142,102" oya="3" hai0="58,108,105,2,112,42,10,76,121,92,99,6,65" hai1="75,67,27,91,117,124,16,43,4,51,56,47,127" hai2="84,25,119,35,17,77,31,129,38,29,12,83,85" hai3="7,32,78,69,33,109,3,64,107,111,14,13,39"/><W123/><G123/><T55/><D121/><U20/><E75/><V90/><F119/><W89/><G39/><T72/><D105/><U21/><E117/><V114/><F114/><W93/><G107/><T11/><D65/><U82/><E4/><V66/><F129/><W97/><G78/><T60/><D112/><U24/><E82/><V45/><F29/><W73/><G73/><T46/><D108/><N who="3" m="41545" /><G3/><T54/><D11/><U44/><E91/><V15/><F66/><W132/><G132/><T133/><D133/><U106/><E44/><V37/><F45/><W61/><G7/><T1/><D1/><U102/><E102/><V52/><F52/><W128/><G128/><T110/><D55/><U134/><E134/><V19/><F38/><W104/><G104/><T80/><D110/><U26/><E106/><V9/><F37/><W22/><G22/><T113/><D113/><U131/><E131/><V0/><F0/><W34/><AGARI ba="1,1" hai="13,14,32,33,34,61,64,69,89,93,97" m="41545" machi="34" ten="40,7800,0" yaku="14,1,10,1,52,1" doraHai="86" who="3" fromWho="3" sc="310,-27,436,-27,142,-27,102,91" /><INIT seed="3,2,0,3,4,42" ten="283,409,115,193" oya="3" hai0="19,128,132,43,120,87,55,54,123,29,6,33,125" hai1="15,105,95,53,65,91,114,79,99,85,18,34,118" hai2="67,36,28,45,84,116,102,41,80,35,101,73,124" hai3="78,83,52,106,26,81,10,122,51,72,100,88,27"/><W126/><G122/><T94/><D43/><U24/><E114/><V17/><F116/><W129/><G126/><T93/><D6/><U97/><E118/><V70/><F124/><W40/><G40/><T58/><D128/><U50/><E65/><V75/><F17/><W3/><G129/><T82/><D132/><U74/><E105/><V12/><F12/><W13/><G3/><T39/><D39/><U62/><E62/><V23/><F23/><W96/><G83/><T133/><D133/><U107/><E107/><V92/><F67/><W104/><G104/><T121/><D19/><U1/><E1/><V7/><F7/><W8/><G8/><T113/><D55/><U4/><E74/><V32/><F70/><W47/><G88/><T5/><D5/><AGARI ba="2,0" hai="5,10,13,26,27,47,51,52,72,78,81,96,100,106" machi="5" ten="30,5800,0" yaku="7,1,52,1,54,1" doraHai="42" who="3" fromWho="0" sc="283,-64,409,0,115,0,193,64" /><INIT seed="3,3,0,4,4,38" ten="219,409,115,257" oya="3" hai0="17,12,99,54,129,74,113,16,125,134,72,15,100" hai1="76,111,90,87,91,61,19,22,29,41,108,133,98" hai2="65,118,127,21,40,53,10,42,52,101,126,122,56" hai3="94,43,13,80,68,9,109,130,1,123,71,92,115"/><W31/><G115/><T124/><D113/><U114/><E114/><V73/><F73/><W70/><G123/><T57/><D129/><U39/><E29/><V110/><F118/><W24/><G130/><T27/><D27/><U55/><E133/><V85/><F122/><W83/><G109/><N who="1" m="42058" /><E98/><V25/><F110/><W66/><G1/><T36/><D36/><U44/><E76/><V102/><F85/><W107/><G107/><N who="0" m="63903" /><D134/><U34/><E34/><V14/><F65/><W104/><G104/><T37/><D37/><U81/><E91/><V64/><F64/><W103/><G66/><T51/><D15/><N who="1" m="9599" /><E55/><N who="2" m="21067" /><F56/><W88/><G103/><N who="2" m="39433" /><F126/><N who="0" m="48746" /><D17/><U23/><E23/><AGARI ba="3,0" hai="12,16,23,51,54,57,72,74" m="48746,63903" machi="23" ten="30,2000,0" yaku="18,1,54,1" doraHai="38" who="0" fromWho="1" sc="219,29,409,-29,115,0,257,0" owari="248,-15.2,380,48.0,115,-38.5,257,5.7" /></mjloggm>