<mjloggm ver="2.3"><GO type="225" lobby="0"/><UN n0="%E5%84%AA%40%41%42%43" n1="%E3%82%BF%E3%83%BC%E3%83%90%E3%83%B3%E9%87%8E%E5%8F%A3" n2="%E3%82%A2%E3%82%A4%E3%82%B9%E3%83%86%E3%82%A3%E3%83%BC%E3%81%82%E3%81%B9" n3="%E7%99%BD%E6%97%A5%E9%9B%AA%E8%8F%9C" dan="17,16,16,16" rate="2180.20,2130.38,2101.13,2173.65" sx="M,M,M,M"/><TAIKYOKU oya="0"/><INIT seed="0,0,0,1,2,58" ten="250,250,250,250" oya="0" hai0="90,37,43,54,75,17,74,110,130,32,81,21,2" hai1="107,93,35,1,89,98,69,0,87,15,33,125,14" hai2="114,102,127,28,52,120,104,117,36,19,101,63,78" hai3="123,128,115,86,112,57,121,108,80,109,38,82,47"/><T41/><D32/><U88/><E69/><V50/><F120/><N who="3" m="46155" /><G57/><T100/><D2/><U72/><E72/><V84/><F36/><W27/><G27/><T76/><D75/><U122/><E122/><V95/><F104/><W126/><G38/><T18/><D100/><U30/><E125/><V85/><F127/><W105/><G47/><T59/><D130/><U29/><E87/><V24/><F114/><N who="3" m="43563" /><G126/><T23/><D110/><N who="3" m="42601" /><G105/><T16/><D90/><U42/><E107/><V71/><F19/><W131/><G86/><N who="0" m="48423" /><D37/><U49/><E42/><N who="0" m="15881" /><D74/><U133/><E0/><V9/><F85/><W46/><G46/><T94/><D94/><U111/><E1/><V96/><F84/><W65/><G65/><T25/><D25/><U99/><E93/><V12/><F95/><W55/><G55/><T92/><D92/><U79/><E111/><V119/><F52/><W22/><G22/><T97/><D97/><U113/><E113/><V132/><F96/><W51/><G51/><AGARI ba="0,0" hai="16,17,18,21,23,51,54,59" m="15881,48423" machi="51" ten="30,2900,0" yaku="8,1,54,1" doraHai="58" who="0" fromWho="3" sc="250,29,250,0,250,0,250,-29" /><INIT seed="0,1,0,1,0,89" ten="279,250,250,221" oya="0" hai0="2,130,15,25,23,30,54,64,93,110,14,50,113" hai1="63,4,126,112,111,101,51,57,81,39,76,106,21" hai2="37,24,103,44,5,95,65,34,77,3,17,119,31" hai3="22,66,94,133,59,127,70,73,67,88,123,72,61"/><T36/><D113/><U131/><E112/><V68/><F119/><W117/><G117/><T109/><D36/><U38/><E131/><V33/><F77/><W11/><G127/><T90/><D64/><U114/><E111/><N who="0" m="42505" /><D2/><U105/><E114/><V71/><F34/><W62/><G133/><T134/><D130/><U27/><E126/><V128/><F65/><W12/><G22/><T84/><D134/><U116/><E4/><V86/><F128/><W19/><REACH who="3" step="1"/><G123/><REACH who="3" ten="279,250,250,211" step="2"/><T10/><D10/><U48/><E21/><V41/><F33/><W87/><AGARI ba="1,1" hai="11,12,19,59,61,62,66,67,70,72,73,87,88,94" machi="87" ten="20,12000,2" yaku="1,1,2,1,0,1,7,1,52,1,54,1,53,0" doraHai="89" doraHaiUra="74" who="3" fromWho="3" sc="279,-61,250,-31,250,-31,211,133" /><INIT seed="1,0,0,0,0,8" ten="218,219,219,344" oya="1" hai0="79,28,26,117,3,53,44,81,29,59,7,41,10" hai1="98,55,27,123,62,118,111,45,54,131,73,105,84" hai2="48,78,76,122,74,11,9,86,100,14,124,101,103" hai3="109,15,112,66,77,18,39,89,115,22,12,72,19"/><U23/><E123/><V6/><F122/><W99/><G39/><N who="0" m="21567" /><D26/><U1/><E118/><V113/><F74/><W132/><G109/><T32/><D32/><U127/><E73/><V130/><F124/><W85/><G72/><N who="0" m="43239" /><D117/><U16/><E1/><V70/><F70/><W34/><G34/><T49/><AGARI ba="0,0" hai="3,7,10,28,29,49,53,59" m="43239,21567" machi="49" ten="30,1100,0" yaku="25,1" doraHai="8" who="0" fromWho="0" sc="218,11,219,-5,219,-3,344,-3" /><INIT seed="2,0,0,3,5,18" ten="229,214,216,341" oya="2" hai0="79,14,111,96,62,24,120,16,81,59,38,67,75" hai1="122,46,55,114,28,88,105,8,85,70,113,118,13" hai2="104,80,73,37,27,127,86,68,66,95,83,117,1" hai3="41,72,71,35,26,89,48,7,103,92,87,11,54"/><V10/><F104/><W6/><G72/><T94/><D120/><U125/><E118/><V126/><F117/><W57/><G71/><T128/><D38/><U21/><E70/><V109/><F37/><W116/><G116/><T110/><D128/><U15/><E105/><V115/><F115/><W34/><G26/><T112/><D24/><N who="1" m="16399" /><E122/><V39/><F39/><W101/><G6/><T23/><D112/><U12/><E125/><N who="2" m="47627" /><F109/><W51/><BYE who="0" /><G35/><UN n0="%E5%84%AA%40%41%42%43" /><T135/><REACH who="0" step="1"/><D135/><REACH who="0" ten="219,214,216,341" step="2"/><U90/><E114/><V121/><F121/><W133/><G133/><T60/><D60/><U3/><E113/><V131/><F131/><W5/><G34/><T0/><D0/><U65/><E3/><V91/><F73/><W19/><G51/><T134/><D134/><U31/><E13/><V97/><F27/><W43/><G48/><T17/><D17/><U64/><E15/><V102/><F1/><W52/><G19/><T69/><D69/><U42/><E31/><V107/><F10/><W2/><G11/><T20/><D20/><U82/><E12/><V98/><F86/><W9/><G9/><T36/><D36/><U74/><E8/><V56/><F68/><W30/><G2/><T53/><D53/><U49/><E74/><V4/><F4/><W77/><G54/><T63/><D63/><AGARI ba="0,1" hai="56,63,66,80,83,91,95,97,98,102,107" m="47627" machi="63" ten="30,1500,0" yaku="18,1" doraHai="18" who="2" fromWho="0" sc="219,-15,214,0,216,25,341,0" /><INIT seed="2,1,0,2,0,125" ten="204,214,241,341" oya="2" hai0="128,126,72,122,63,14,73,36,120,12,27,35,96" hai1="31,74,55,8,83,103,94,132,86,39,78,10,62" hai2="99,64,133,87,26,102,76,57,84,66,32,117,65" hai3="135,75,30,107,110,79,70,22,3,61,2,108,81"/><V90/><F117/><W95/><G107/><T68/><D126/><U52/><E39/><V19/><F133/><W1/><G135/><T25/><D36/><U17/><E132/><V93/><F76/><W53/><G95/><T109/><D96/><U4/><E31/><V97/><F57/><W48/><G30/><T82/><D82/><U20/><E62/><V6/><F6/><W80/><G22/><T11/><D11/><U129/><E129/><V91/><F32/><W49/><G81/><T118/><D63/><U38/><E38/><V5/><F5/><W56/><G70/><T100/><D100/><U41/><E41/><V89/><REACH who="2" step="1"/><F99/><REACH who="2" ten="204,214,231,341" step="2"/><W0/><G0/><T130/><D68/><U124/><E124/><V105/><F105/><W46/><G1/><T23/><D35/><U44/><E4/><V51/><F51/><W119/><G2/><T123/><D118/><U116/><E116/><V59/><F59/><W9/><G3/><T21/><D120/><U111/><E74/><V40/><F40/><N who="3" m="24647" /><G119/><T15/><D15/><N who="1" m="9279" /><E44/><V98/><F98/><W42/><G42/><T58/><D58/><U45/><E45/><V28/><F28/><W34/><G34/><T134/><D134/><U85/><E78/><V69/><F69/><W50/><G50/><T131/><D128/><U77/><E85/><V67/><N who="2" m="16384" /><DORA hai="114" /><V54/><F54/><N who="1" m="20521" /><E111/><AGARI ba="1,1" hai="12,14,21,23,25,27,72,73,109,111,122,123,130,131" machi="111" ten="25,6400,0" yaku="22,2,52,2" doraHai="125,114" who="0" fromWho="1" sc="204,77,214,-67,231,0,341,0" /><INIT seed="3,0,0,0,1,44" ten="281,147,231,341" oya="3" hai0="114,25,24,43,90,49,58,15,21,129,107,134,13" hai1="79,82,93,47,68,103,70,128,85,54,67,105,55" hai2="59,104,113,4,106,6,41,63,74,127,36,30,73" hai3="71,123,0,97,120,108,7,12,75,62,115,117,29"/><W37/><G115/><T124/><D107/><U118/><E128/><V50/><F36/><W89/><G37/><T69/><D69/><U135/><E135/><V72/><F113/><W19/><G117/><T46/><D114/><U126/><E126/><V94/><F30/><W20/><G75/><T17/><D124/><U87/><E118/><V92/><F127/><W52/><G108/><T5/><D129/><U131/><E131/><V22/><F22/><W116/><G116/><T31/><D134/><U81/><E105/><V86/><F106/><W80/><G29/><T96/><D58/><U40/><E103/><V35/><F35/><W109/><G109/><T77/><D77/><U84/><E93/><V23/><F23/><W112/><G112/><T27/><D13/><U76/><E87/><V122/><F104/><W110/><G110/><T38/><D5/><U95/><E95/><V32/><F32/><W1/><G97/><T42/><D38/><U34/><E34/><V111/><F122/><W60/><G7/><T99/><D43/><U16/><E16/><V132/><F132/><W18/><G18/><T53/><D42/><U9/><E9/><V83/><F111/><W61/><G123/><T45/><D46/><U66/><E47/><N who="2" m="25967" /><F6/><W14/><G120/><T78/><D78/><U51/><REACH who="1" step="1"/><E40/><REACH who="1" ten="281,137,231,341" step="2"/><V57/><F92/><W133/><G133/><T3/><D17/><U121/><E121/><V26/><F94/><W10/><G19/><T11/><D45/><U119/><E119/><V101/><F101/><W39/><G10/><T56/><D11/><U100/><E100/><RYUUKYOKU ba="0,1" sc="281,-10,137,30,231,-10,341,-10" hai1="51,54,55,66,67,68,70,76,79,81,82,84,85" owari="271,7.1,167,-33.3,221,-17.9,341,44.1" /></mjloggm>