<mjloggm ver="2.3"><GO type="225" lobby="0"/><UN n0="%E6%9D%B1%E9%A2%A8%E3%81%AE%E3%81%8D%E3%82%83%E3%81%B7%E3%81%95%E3%82%93" n1="%E3%82%A2%E3%83%BC%E3%83%A2%E3%83%AD%E3%83%BC%E3%83%B4%E3%82%A1" n2="%E3%81%B5%E3%81%98%E3%81%8B%E3%81%A4" n3="%E6%B8%A9%E2%98%85%E6%83%85%E2%98%85%E6%8E%AA%E2%98%85%E7%BD%AE" dan="17,16,16,18" rate="2216.24,2098.60,2169.85,2253.38" sx="M,M,M,M"/><TAIKYOKU oya="0"/><INIT seed="0,0,0,0,3,48" ten="250,250,250,250" oya="0" hai0="30,122,114,9,89,2,110,109,31,47,54,72,85" hai1="35,64,88,18,84,5,55,28,23,91,0,58,34" hai2="125,39,116,127,59,57,90,101,94,111,71,10,67" hai3="80,15,63,96,4,42,105,1,95,3,27,77,38"/><T26/><D72/><U49/><E64/><V133/><F39/><W79/><G105/><T135/><D122/><U134/><E134/><V60/><F101/><W19/><G4/><N who="0" m="1175" /><D114/><U52/><E28/><V43/><F43/><W62/><G27/><T118/><D118/><U65/><E65/><V21/><F116/><W123/><G123/><T82/><D135/><U120/><E120/><V56/><F133/><W132/><G3/><T83/><D83/><U51/><E5/><V75/><F75/><W106/><G1/><T104/><D104/><U7/><E7/><V108/><F10/><W107/><G107/><T53/><D47/><U36/><E36/><V33/><F21/><W129/><G106/><T121/><D121/><U25/><E0/><V68/><F33/><W50/><G38/><T76/><D76/><N who="3" m="29257" /><G80/><T115/><D115/><U100/><E100/><V20/><F20/><N who="3" m="11391" /><G129/><T29/><D26/><U66/><E66/><V69/><F94/><W22/><G22/><T119/><D119/><U6/><E6/><V73/><F90/><N who="3" m="55415" /><G132/><T8/><D8/><U126/><E91/><V74/><F74/><W45/><AGARI ba="0,0" hai="42,45,50,62,63" m="55415,11391,29257" machi="45" ten="30,1100,0" yaku="8,1" doraHai="48" who="3" fromWho="3" sc="250,-5,250,-3,250,-3,250,11" /><INIT seed="1,0,0,5,1,95" ten="245,247,247,261" oya="1" hai0="111,75,5,59,116,3,81,30,96,70,91,71,88" hai1="60,129,121,87,6,46,66,57,103,82,45,77,55" hai2="52,58,28,124,110,104,35,32,44,12,112,118,69" hai3="36,126,37,99,62,18,54,33,109,122,0,101,65"/><U48/><E129/><V7/><F104/><W20/><G122/><T27/><D116/><U25/><E121/><V50/><F69/><W38/><G109/><T43/><D111/><U85/><E6/><V132/><F118/><W83/><G126/><T8/><D43/><U106/><E106/><V39/><F110/><W23/><G0/><T15/><D3/><U19/><E103/><V10/><F124/><W53/><G33/><T117/><D117/><U89/><E25/><V31/><F132/><W16/><G83/><T84/><D75/><U115/><E19/><V92/><F112/><W42/><G42/><T108/><D108/><U125/><E125/><V26/><F31/><W114/><G114/><T64/><D59/><N who="1" m="33255" /><E115/><V80/><F80/><AGARI ba="0,0" hai="45,46,57,60,66,77,80,82,85,87,89" m="33255" machi="80" ten="30,1500,0" yaku="8,1" doraHai="95" who="1" fromWho="2" sc="245,0,247,15,247,-15,261,0" /><INIT seed="1,1,0,0,1,130" ten="245,262,232,261" oya="1" hai0="84,22,11,85,21,9,60,37,117,6,62,36,80" hai1="121,66,55,51,78,35,102,83,3,76,123,108,94" hai2="74,7,15,57,110,25,52,95,59,5,24,134,104" hai3="58,73,48,26,45,41,1,46,27,98,61,38,54"/><U109/><E3/><V97/><F104/><W112/><G112/><T67/><D117/><U70/><E35/><V86/><F74/><W106/><G73/><T42/><D42/><U124/><E124/><V49/><F110/><N who="1" m="42601" /><E66/><V40/><F134/><W63/><G1/><T28/><D28/><U18/><E70/><V4/><F86/><W69/><G63/><T125/><D125/><U65/><E65/><V113/><F113/><W89/><G69/><T23/><D62/><U92/><E18/><V30/><F40/><W53/><REACH who="3" step="1"/><G89/><REACH who="3" ten="245,262,232,251" step="2"/><T96/><D60/><U99/><E76/><V131/><F131/><W56/><G56/><T0/><D67/><U13/><E121/><V68/><F68/><W135/><G135/><T103/><D0/><U71/><E71/><V115/><F115/><W43/><G43/><T91/><D6/><U14/><E123/><V129/><F129/><W8/><G8/><T50/><D9/><U133/><E133/><V32/><F59/><W72/><G72/><T132/><D11/><U82/><E78/><V34/><F5/><W101/><AGARI ba="1,1" hai="26,27,38,41,45,46,48,53,54,58,61,98,101,106" machi="101" ten="30,2000,0" yaku="1,1,0,1,53,0" doraHai="130" doraHaiUra="114" who="3" fromWho="3" sc="245,-6,262,-11,232,-6,251,33" /><INIT seed="2,0,0,0,5,28" ten="239,251,226,284" oya="2" hai0="86,44,118,71,23,38,130,81,34,112,119,56,57" hai1="40,16,41,47,50,99,18,104,93,55,29,95,26" hai2="68,5,97,8,64,33,10,96,131,109,32,94,105" hai3="122,116,129,21,113,82,107,37,49,12,63,111,133"/><V11/><F5/><W45/><G21/><T123/><D23/><N who="1" m="15583" /><E104/><V127/><F127/><W65/><G12/><T31/><D71/><U2/><E2/><V77/><F77/><W13/><G13/><T80/><D123/><U106/><E106/><V85/><F131/><W70/><G82/><T110/><D110/><U61/><E93/><V132/><F109/><W35/><G49/><T115/><D130/><U3/><E3/><V72/><F72/><W30/><G63/><T15/><D15/><U66/><E66/><V103/><F132/><W62/><G62/><T51/><D38/><U88/><E61/><V27/><F85/><W9/><G45/><T60/><D56/><U121/><E121/><V114/><F114/><W42/><G65/><T52/><D112/><U135/><E135/><V100/><REACH who="2" step="1"/><F27/><REACH who="2" ten="239,251,216,284" step="2"/><N who="3" m="18911" /><G111/><T78/><D115/><U58/><E47/><V73/><F73/><W25/><G25/><N who="0" m="18799" /><D86/><U98/><E98/><V22/><F22/><W69/><G113/><T125/><D125/><U91/><E91/><V90/><F90/><W24/><G24/><T17/><D78/><U67/><E67/><V74/><F74/><W84/><G84/><T59/><D17/><AGARI ba="0,1" hai="16,17,18,40,41,50,55,58,88,95,99" m="15583" machi="17" ten="30,3900,0" yaku="8,1,54,2" doraHai="28" who="1" fromWho="0" sc="239,-39,251,49,216,0,284,0" /><INIT seed="3,0,0,3,4,78" ten="200,300,216,284" oya="3" hai0="19,124,40,92,126,35,107,27,12,11,123,5,59" hai1="114,38,10,1,115,105,14,18,89,44,47,94,101" hai2="87,104,23,57,83,21,132,99,113,56,69,43,80" hai3="118,2,103,125,86,34,135,96,112,16,128,28,129"/><W13/><G118/><T62/><D107/><U37/><E1/><V32/><F113/><W97/><G112/><T85/><D123/><U53/><E101/><V42/><F69/><W55/><G2/><T25/><D40/><N who="2" m="15402" /><F32/><W50/><G135/><T20/><D92/><U54/><E105/><V102/><F104/><W39/><G39/><T17/><D85/><U8/><E14/><V61/><F87/><W75/><G75/><T0/><D59/><N who="2" m="22602" /><F61/><W7/><G7/><T133/><D62/><U131/><E18/><V116/><F116/><W65/><G65/><T67/><D67/><U73/><E94/><N who="2" m="58743" /><F132/><W31/><G125/><T48/><D48/><U110/><E73/><V6/><F6/><W134/><G86/><T9/><REACH who="0" step="1"/><D133/><REACH who="0" ten="190,300,216,284" step="2"/><U52/><E114/><V98/><F98/><W130/><G134/><T122/><D122/><U4/><E115/><V77/><F77/><W91/><G97/><T66/><D66/><U60/><E60/><V108/><F108/><W84/><G96/><T109/><D109/><U117/><E110/><V100/><F100/><W22/><G103/><T121/><D121/><U26/><E117/><V63/><F63/><W41/><G41/><T81/><D81/><AGARI ba="0,1" hai="21,23,80,81,83" m="58743,22602,15402" machi="81" ten="30,7700,0" yaku="8,1,52,3" doraHai="78" who="2" fromWho="0" sc="190,-77,300,0,216,87,284,0" owari="113,-38.7,300,10.0,303,40.3,284,-11.6" /></mjloggm>