<mjloggm ver="2.3"><GO type="225" lobby="0"/><UN n0="%E3%81%BE%E3%81%A8%E3%81%9F" n1="%E3%82%A2%E3%83%A1%E3%82%A2%E3%83%A9%E3%83%AC" n2="%E3%82%BC%E3%83%AB%E3%83%80%E3%81%AE%E4%BC%9D%E8%AA%AC" n3="%4B%2E%32%2E%4B%2E" dan="17,16,18,16" rate="2236.10,2088.63,2196.84,2118.49" sx="M,M,M,M"/><TAIKYOKU oya="0"/><INIT seed="0,0,0,5,0,90" ten="250,250,250,250" oya="0" hai0="73,121,5,119,47,85,134,63,130,92,12,117,96" hai1="127,13,58,33,128,103,46,68,108,91,0,82,26" hai2="118,115,23,132,76,93,53,79,84,67,104,89,107" hai3="87,21,102,28,109,60,106,6,31,110,64,55,62"/><T100/><D73/><U51/><E108/><N who="3" m="41578" /><G6/><T86/><D121/><U126/><E68/><V71/><F71/><N who="3" m="42375" /><G21/><T36/><D130/><U70/><E70/><V3/><F67/><W98/><G87/><T75/><D75/><U10/><E128/><V97/><F53/><W2/><G2/><T56/><D134/><U69/><E69/><V44/><F44/><W113/><G113/><T52/><D117/><U41/><E58/><AGARI ba="0,0" hai="28,31,55,58,62,98,102,106" m="42375,41578" machi="58" ten="30,1000,0" yaku="14,1" doraHai="90" who="3" fromWho="1" sc="250,0,250,-10,250,0,250,10" /><INIT seed="1,0,0,5,5,29" ten="250,240,250,260" oya="1" hai0="2,11,128,90,104,83,121,21,17,3,102,69,100" hai1="95,23,93,130,82,67,72,30,131,45,70,63,79" hai2="119,117,16,127,120,4,73,28,34,77,99,26,41" hai3="75,37,110,32,31,106,46,91,44,36,125,6,7"/><U122/><E122/><V52/><F120/><W88/><G106/><T97/><D69/><U126/><E126/><V20/><F127/><W108/><G125/><T18/><D121/><U35/><E23/><V105/><F41/><W47/><G75/><T76/><D128/><N who="1" m="49195" /><E45/><V53/><F4/><N who="3" m="1579" /><G31/><T64/><D64/><U112/><E112/><V12/><F77/><W114/><G32/><T56/><D56/><U107/><E107/><V48/><F73/><W118/><G118/><T84/><D100/><U68/><E68/><V0/><F0/><W39/><G114/><T65/><D65/><U71/><E71/><V94/><F105/><W54/><G54/><T24/><D11/><U57/><E70/><V13/><F13/><W113/><G113/><T62/><D62/><U55/><E67/><V19/><F19/><W116/><G116/><T115/><D115/><U51/><E63/><V81/><F81/><W60/><G60/><T101/><D101/><U123/><E123/><V40/><F40/><W61/><G61/><T89/><REACH who="0" step="1"/><D18/><REACH who="0" ten="240,240,250,260" step="2"/><U109/><E109/><AGARI ba="0,1" hai="36,37,39,44,46,47,88,91,108,109,110" m="1579" machi="109" ten="40,8000,1" yaku="28,2,14,1,54,1" doraHai="29" who="3" fromWho="1" sc="240,0,240,-80,250,0,260,90" /><INIT seed="2,0,0,5,3,8" ten="240,160,250,350" oya="2" hai0="62,104,80,43,85,32,0,33,11,24,112,63,121" hai1="130,94,108,73,101,42,6,2,19,53,131,64,99" hai2="125,17,72,135,132,102,110,65,124,76,114,58,97" hai3="48,78,127,57,126,1,51,77,68,134,34,95,89"/><V74/><F65/><W12/><G1/><T87/><D104/><U90/><E108/><V47/><F58/><W100/><G68/><T5/><D121/><U7/><E73/><N who="2" m="28267" /><F47/><W128/><G34/><T133/><D133/><N who="2" m="51274" /><F17/><W21/><G134/><T4/><D112/><U50/><E42/><V111/><F76/><W109/><G48/><T28/><D33/><U93/><E64/><V106/><F114/><W37/><G51/><T129/><D129/><U25/><E2/><V9/><F9/><W23/><G77/><T22/><D5/><U3/><E3/><V123/><F123/><W45/><G45/><T67/><D43/><U41/><E41/><V40/><F40/><W66/><G66/><T61/><D67/><U113/><E113/><V26/><F26/><W10/><G10/><T54/><D54/><U105/><E130/><V27/><F27/><W98/><G57/><T29/><D29/><U84/><E131/><V82/><F82/><W115/><G78/><T44/><D44/><U49/><E49/><V31/><F31/><W59/><G59/><T117/><D32/><U13/><E25/><V86/><F86/><N who="0" m="32778" /><D80/><U18/><E18/><V92/><F92/><W107/><G95/><T119/><D28/><U16/><E19/><V69/><F69/><W83/><G115/><T81/><D81/><U103/><E94/><V39/><F39/><W35/><G37/><T52/><D52/><U118/><E93/><V120/><F120/><W30/><G83/><T60/><N who="0" m="15360" /><DORA hai="75" /><T14/><D24/><U70/><E70/><V88/><F88/><W96/><G30/><RYUUKYOKU ba="0,0" sc="240,15,160,-15,250,15,350,-15" hai0="0,4,11,14,22,117,119" hai2="97,102,106,110,111,124,125" /><INIT seed="2,1,0,4,0,69" ten="255,145,265,335" oya="2" hai0="20,126,26,4,80,12,53,56,66,121,119,95,25" hai1="7,125,47,60,117,13,99,81,38,41,88,86,61" hai2="18,127,96,23,24,58,105,84,76,21,133,134,17" hai3="70,107,87,16,63,52,9,6,37,51,83,32,110"/><V73/><F73/><W135/><G107/><T100/><D121/><U103/><E125/><V91/><F127/><W92/><G32/><T2/><D126/><U115/><E115/><V29/><F58/><W93/><G37/><T128/><D2/><U89/><E117/><V118/><F118/><W39/><G39/><T50/><D128/><U132/><E132/><N who="2" m="50795" /><F76/><W82/><G70/><T90/><D66/><U77/><E77/><V114/><F114/><W40/><G63/><T33/><D33/><U65/><E89/><V131/><F131/><W45/><G110/><T0/><D0/><U79/><E79/><V46/><F46/><W85/><G45/><T15/><D26/><U109/><E109/><V108/><F108/><W124/><G124/><T59/><D4/><U122/><E122/><V112/><F112/><W101/><G6/><T35/><D35/><U42/><E42/><V34/><F23/><W1/><G40/><T78/><D100/><U49/><E49/><V75/><F75/><W62/><G101/><T55/><D80/><U74/><E74/><V14/><F17/><W48/><G16/><N who="0" m="12423" /><D78/><U19/><E65/><V130/><F130/><W11/><G48/><N who="0" m="30759" /><D119/><U57/><E7/><V102/><F91/><W64/><G64/><T5/><D5/><U36/><E36/><V30/><F30/><W8/><G51/><T72/><D72/><U98/><E57/><V27/><F27/><W113/><G135/><T94/><D94/><N who="1" m="58839" /><E99/><AGARI ba="1,0" hai="12,15,50,55,59,90,95,99" m="30759,12423" machi="99" ten="30,2000,0" yaku="8,1,54,1" doraHai="69" who="0" fromWho="1" sc="255,23,145,-23,265,0,335,0" /><INIT seed="3,0,0,2,2,23" ten="278,122,265,335" oya="3" hai0="38,44,32,31,22,135,100,113,19,7,83,26,124" hai1="61,66,39,37,65,97,5,14,121,120,93,107,88" hai2="62,133,25,42,10,2,72,78,87,96,73,111,3" hai3="6,30,0,59,52,112,34,128,69,79,1,77,17"/><W29/><G112/><T4/><D124/><U11/><E107/><V54/><F42/><W35/><G69/><T70/><D70/><U63/><E120/><V49/><F111/><W75/><G128/><T36/><D113/><U103/><E121/><V129/><F129/><W94/><G75/><T82/><D100/><U8/><E103/><V110/><F110/><W64/><G64/><T116/><D116/><U9/><E9/><V68/><F96/><W13/><G6/><T106/><D106/><U28/><E28/><N who="3" m="10858" /><G1/><T16/><D19/><U85/><E97/><V80/><F133/><W41/><G41/><T130/><D130/><U117/><E117/><V47/><F25/><W114/><G0/><T33/><D33/><U27/><E27/><V127/><F127/><W45/><G45/><T98/><D44/><U109/><E8/><V50/><F50/><N who="3" m="31127" /><G34/><T126/><D126/><U43/><E109/><V81/><F10/><N who="3" m="6327" /><G35/><T95/><D38/><U24/><E24/><V86/><F73/><W71/><G71/><T90/><D36/><U92/><E43/><V56/><F68/><W53/><G53/><T89/><D4/><U55/><E55/><V119/><F119/><W108/><G108/><T123/><D7/><U102/><E66/><V115/><F115/><W20/><G20/><T18/><D123/><U76/><E85/><V21/><F72/><W58/><G114/><T48/><D32/><U99/><E65/><N who="2" m="39111" /><F21/><W131/><G131/><T57/><D135/><U101/><E39/><V15/><F15/><W91/><G58/><T125/><D125/><U40/><E37/><RYUUKYOKU ba="0,0" sc="278,-15,122,-15,265,15,335,15" hai2="2,3,47,49,54,78,80,81,86,87" hai3="77,79,91,94" owari="263,-13.7,107,-39.3,280,8.0,350,45.0" /></mjloggm>