<mjloggm ver="2.3"><GO type="225" lobby="0"/><UN n0="%E3%82%BC%E3%83%AB%E3%83%80%E3%81%AE%E4%BC%9D%E8%AA%AC" n1="%4B%2E%32%2E%4B%2E" n2="%E6%9D%B1%E9%A2%A8%E3%81%AE%E3%81%8D%E3%82%83%E3%81%B7%E3%81%95%E3%82%93" n3="%E3%83%AC%E3%82%A4%E3%83%88%E3%83%B3%E5%87%86%E6%95%99%E6%8E%88" dan="17,16,16,19" rate="2157.52,2171.34,2160.86,2295.06" sx="M,M,M,M"/><TAIKYOKU oya="0"/><INIT seed="0,0,0,3,2,133" ten="250,250,250,250" oya="0" hai0="4,36,116,80,108,9,92,101,117,74,18,39,67" hai1="72,131,15,87,13,107,115,70,96,58,0,7,3" hai2="1,89,2,17,51,44,5,100,10,106,110,32,28" hai3="21,61,37,14,104,121,90,16,119,38,88,135,134"/><T12/><D67/><U128/><E72/><V102/><F110/><W66/><G119/><T22/><D108/><U65/><E70/><V124/><F1/><W71/><G104/><T62/><D62/><N who="1" m="38103" /><E87/><V45/><F89/><N who="3" m="34411" /><G121/><T91/><D101/><N who="1" m="62887" /><E115/><V78/><F78/><W48/><G48/><T109/><D109/><U83/><E83/><V126/><F17/><W76/><G76/><T98/><D80/><U127/><E127/><N who="2" m="48683" /><F106/><W59/><G71/><T27/><REACH who="0" step="1"/><D74/><REACH who="0" ten="240,250,250,250" step="2"/><U122/><E122/><V95/><F95/><W57/><G66/><T132/><D132/><U77/><E77/><V129/><F129/><W86/><G135/><T85/><D85/><U69/><E131/><V123/><F123/><W112/><G86/><T99/><D99/><U53/><E128/><V33/><F45/><W52/><G134/><T118/><AGARI ba="0,1" hai="4,9,12,18,22,27,36,39,91,92,98,116,117,118" machi="118" ten="30,6000,0" yaku="1,1,0,1,53,1" doraHai="133" doraHaiUra="84" who="0" fromWho="0" sc="240,70,250,-20,250,-20,250,-20" /><INIT seed="0,1,0,3,3,27" ten="310,230,230,230" oya="0" hai0="87,8,41,128,24,106,130,34,49,76,97,46,53" hai1="43,30,98,126,91,70,107,3,67,102,105,14,11" hai2="4,7,20,127,22,51,117,63,121,0,95,116,84" hai3="125,131,115,96,37,16,18,129,26,93,73,92,50"/><T110/><D110/><U89/><E107/><V71/><F51/><W59/><G37/><T72/><D72/><U86/><E3/><V33/><F95/><W99/><G115/><T132/><D132/><U122/><E122/><V123/><F84/><W120/><G120/><N who="2" m="46153" /><F63/><W15/><G73/><T113/><D113/><U119/><E119/><N who="2" m="45643" /><F71/><W134/><G134/><T103/><D8/><U78/><E43/><V104/><F104/><W100/><G125/><T52/><D76/><U1/><E67/><V66/><F66/><W62/><G50/><T23/><D34/><U88/><E70/><V47/><F47/><W38/><G38/><T80/><D80/><U57/><E57/><V79/><F79/><W32/><G129/><N who="0" m="49771" /><D87/><U90/><E126/><V31/><F127/><W2/><G131/><T69/><D69/><U12/><E78/><V135/><F135/><W111/><G111/><T5/><D5/><N who="2" m="2122" /><F0/><W65/><G2/><T133/><D133/><U55/><E1/><V82/><F82/><W29/><REACH who="3" step="1"/><G15/><REACH who="3" ten="310,230,230,220" step="2"/><T10/><D49/><U83/><E14/><V28/><F33/><W114/><G114/><T54/><D46/><U94/><E83/><V112/><F112/><W74/><G74/><T45/><D45/><U48/><E48/><V68/><F68/><W9/><G9/><T19/><D10/><U35/><E11/><V21/><AGARI ba="1,1" hai="20,21,22,28,31" m="2122,45643,46153" machi="21" ten="40,12000,2" yaku="28,2,12,1,34,2,52,2" doraHai="27" who="2" fromWho="2" sc="310,-61,230,-31,230,133,220,-31" /><INIT seed="1,0,0,0,4,83" ten="249,199,363,189" oya="1" hai0="25,40,41,45,12,9,107,95,104,17,126,71,110" hai1="6,77,106,78,62,101,30,87,100,132,16,65,61" hai2="49,93,48,23,44,59,56,5,51,109,122,42,97" hai3="54,37,112,127,11,27,116,10,13,63,108,47,21"/><U43/><E132/><V24/><F122/><W0/><G112/><T18/><D71/><U36/><E30/><V91/><F109/><W131/><G108/><T60/><D110/><U53/><E6/><V82/><F5/><W90/><G127/><T2/><D2/><U89/><E36/><V111/><F82/><W124/><G124/><T134/><D126/><U85/><E43/><V96/><F96/><W94/><G131/><T92/><D134/><U130/><E53/><V70/><F70/><W117/><G0/><T22/><D107/><U80/><E130/><V19/><REACH who="2" step="1"/><F111/><REACH who="2" ten="249,199,353,189" step="2"/><W69/><G69/><T31/><D104/><U133/><E133/><V35/><F35/><W121/><G121/><T120/><D120/><U75/><E106/><V79/><F79/><W103/><G116/><T105/><D95/><N who="1" m="54703" /><E78/><V68/><F68/><W125/><G117/><T86/><D105/><U67/><E75/><V57/><AGARI ba="0,1" hai="19,23,24,42,44,48,49,51,56,57,59,91,93,97" machi="57" ten="30,4000,0" yaku="1,1,0,1,8,1,53,0" doraHai="83" doraHaiUra="135" who="2" fromWho="2" sc="249,-10,199,-20,353,50,189,-10" /><INIT seed="2,0,0,2,4,134" ten="239,179,403,179" oya="2" hai0="124,91,28,40,135,94,29,50,121,92,85,1,86" hai1="78,5,56,51,22,113,42,105,132,108,104,3,101" hai2="62,16,53,12,33,82,87,8,116,129,69,74,98" hai3="97,103,96,64,19,76,73,71,31,125,114,23,21"/><V84/><F33/><W112/><G31/><T79/><D121/><U109/><E113/><N who="3" m="43626" /><G125/><T59/><D124/><U130/><E132/><V83/><F74/><W61/><G96/><T0/><D135/><U14/><E130/><V75/><F129/><W11/><G76/><T43/><D0/><U115/><E115/><V46/><F116/><W66/><G66/><T123/><D1/><U35/><E35/><V58/><F75/><W17/><G73/><T49/><D123/><U30/><E78/><V80/><F69/><W6/><G21/><T89/><D79/><U63/><E101/><V55/><F98/><W10/><G23/><T26/><D59/><U88/><E88/><N who="2" m="51207" /><F87/><W81/><G81/><T107/><D26/><N who="1" m="16727" /><E3/><V37/><F37/><W127/><G127/><T13/><D13/><U128/><E128/><V65/><F65/><W25/><G25/><T119/><D107/><U122/><E122/><V120/><F120/><W90/><G90/><T32/><D32/><U47/><E14/><V77/><F77/><W36/><G36/><T106/><D106/><U93/><E93/><V45/><F45/><W39/><G39/><T131/><D131/><U7/><E104/><V126/><F126/><W70/><G70/><T34/><D34/><U133/><E133/><V9/><F9/><N who="3" m="3083" /><G6/><T2/><D2/><U18/><E105/><AGARI ba="0,0" hai="17,19,61,64,71,97,103,105" m="3083,43626" machi="105" ten="30,1000,0" yaku="11,1" doraHai="134" who="3" fromWho="1" sc="239,0,179,-10,403,0,179,10" /><INIT seed="3,0,0,3,4,37" ten="239,169,403,189" oya="3" hai0="82,127,83,131,47,125,13,7,111,1,8,9,29" hai1="104,41,23,27,32,69,86,135,93,119,134,2,39" hai2="61,114,44,85,45,95,60,19,117,123,72,113,58" hai3="92,55,15,71,74,57,129,31,52,115,24,48,33"/><W3/><G3/><T54/><D111/><U64/><E104/><V110/><F95/><W94/><G115/><T65/><D131/><U14/><E2/><V50/><F110/><W42/><G129/><T67/><D29/><N who="1" m="19519" /><E64/><N who="0" m="24649" /><D54/><U130/><E69/><V126/><F126/><N who="0" m="48138" /><D47/><N who="1" m="23999" /><E130/><V87/><F117/><W101/><G71/><T102/><D102/><U120/><E120/><V70/><F19/><AGARI ba="0,0" hai="1,7,8,9,13,19,82,83" m="48138,24649" machi="19" ten="30,1000,0" yaku="18,1" doraHai="37" who="0" fromWho="2" sc="239,10,169,0,403,-10,189,0" owari="249,4.9,169,-33.1,393,49.3,189,-21.1" /></mjloggm>