<mjloggm ver="2.3"><GO type="225" lobby="0"/><UN n0="%E3%81%BE%E3%81%A8%E3%81%9F" n1="%E3%81%A9%E3%82%8F%E3%82%93%E3%81%94" n2="%E6%97%A5%E6%9B%9C%E6%97%A5%E3%82%88%E3%82%8A%E3%81%AE%E4%BD%BF%E8%80%85" n3="%41%54%53%4D" dan="16,16,17,16" rate="2101.11,2216.64,2161.97,2100.06" sx="M,M,M,M"/><TAIKYOKU oya="0"/><INIT seed="0,0,0,1,2,91" ten="250,250,250,250" oya="0" hai0="58,14,66,87,59,127,13,6,114,40,110,113,12" hai1="57,80,105,2,9,77,71,3,131,37,83,135,92" hai2="64,38,48,103,124,106,16,8,1,120,95,65,90" hai3="56,35,98,104,23,34,93,30,68,79,11,0,109"/><T81/><D127/><U54/><E71/><V28/><F120/><W89/><G68/><T108/><D6/><U67/><E105/><V19/><F38/><W50/><G104/><T21/><D40/><U31/><E37/><V45/><F124/><W72/><G23/><T97/><D21/><U22/><E67/><N who="2" m="25675" /><F1/><W55/><G109/><N who="0" m="42091" /><D97/><U118/><E3/><V133/><F106/><W129/><G129/><T60/><D59/><U44/><E57/><V121/><F121/><W61/><G30/><T82/><D82/><U53/><E83/><V42/><F133/><W26/><G79/><AGARI ba="0,0" hai="12,13,14,58,60,66,79,81,87,113,114" m="42091" machi="79" ten="30,2900,0" yaku="14,1,10,1" doraHai="91" who="0" fromWho="3" sc="250,29,250,0,250,0,250,-29" /><INIT seed="0,1,0,0,3,122" ten="279,250,250,221" oya="0" hai0="26,1,106,88,127,70,14,77,73,81,27,98,48" hai1="124,118,109,50,0,63,60,104,86,91,57,32,65" hai2="40,41,75,35,76,99,69,101,11,115,111,93,100" hai3="23,52,4,72,13,134,42,43,28,16,20,21,6"/><T121/><D121/><U67/><E118/><V120/><F69/><W110/><G72/><T92/><D1/><U10/><E32/><V90/><F35/><W51/><G134/><T103/><D127/><U19/><E104/><V44/><F120/><W108/><G28/><T37/><D37/><U5/><E124/><V131/><F115/><W112/><G112/><T114/><D114/><U105/><E105/><V30/><F30/><W102/><G102/><T117/><D117/><U129/><E129/><V135/><F11/><N who="3" m="6207" /><G110/><T95/><D70/><U71/><E109/><V78/><F111/><W36/><G36/><T107/><D107/><U15/><E50/><V3/><F3/><W126/><G126/><T97/><D14/><U82/><E0/><V62/><F62/><W113/><G113/><T83/><D83/><U130/><E130/><V34/><F34/><W54/><G54/><T2/><D2/><U87/><REACH who="1" step="1"/><E86/><REACH who="1" ten="279,240,250,221" step="2"/><V12/><F131/><W79/><G108/><T31/><D48/><U89/><E89/><V45/><F75/><W125/><G125/><T18/><D31/><U58/><E58/><V119/><F119/><W24/><G79/><T116/><D116/><U64/><E64/><V84/><F78/><W61/><G61/><T7/><D106/><U59/><E59/><V56/><F56/><N who="3" m="32799" /><G24/><T38/><D27/><U128/><E128/><V17/><F76/><W132/><G132/><T68/><D38/><U8/><E8/><N who="2" m="6279" /><F135/><W55/><G55/><T133/><D133/><U33/><E33/><V123/><F123/><W29/><G29/><T49/><D26/><RYUUKYOKU ba="1,1" sc="279,-15,240,15,250,-15,221,15" hai1="5,10,15,19,57,60,63,65,67,71,82,87,91" hai3="4,6,20,21,23,42,43" /><INIT seed="1,2,1,3,5,29" ten="264,255,235,236" oya="1" hai0="79,47,58,124,100,5,107,108,134,101,74,76,12" hai1="61,105,13,95,37,6,18,75,19,21,34,0,40" hai2="33,85,2,62,35,41,27,38,89,111,125,132,106" hai3="133,42,39,81,103,77,96,55,59,3,4,72,94"/><U28/><E105/><V48/><F38/><W113/><G133/><T114/><D108/><U36/><E75/><V123/><F2/><W98/><G113/><T128/><D114/><U65/><E95/><V131/><F106/><W66/><G66/><T126/><D134/><U63/><E40/><V51/><F123/><W60/><G94/><T8/><D128/><U82/><E82/><V129/><F132/><W31/><G31/><T44/><D58/><U112/><E19/><V57/><F27/><W118/><G103/><N who="0" m="39499" /><D107/><U91/><E91/><V119/><F119/><W84/><G84/><T97/><D97/><U69/><E63/><V43/><F111/><W52/><G55/><T15/><D15/><U50/><E50/><N who="2" m="18987" /><F43/><W16/><G118/><T135/><D135/><U14/><E14/><V10/><F10/><N who="3" m="2335" /><G16/><T24/><D24/><N who="1" m="18695" /><E112/><V130/><F41/><W115/><G115/><T116/><D116/><U54/><E54/><N who="2" m="34103" /><F125/><N who="0" m="48234" /><D74/><U88/><E88/><V30/><F30/><W25/><G25/><T87/><D79/><U26/><E26/><V90/><F90/><W49/><G60/><T110/><D110/><U73/><E73/><V99/><F99/><W20/><G20/><T64/><D64/><U67/><E65/><V104/><F104/><W56/><G59/><T122/><D122/><U86/><E86/><V93/><AGARI ba="2,1" hai="33,35,85,89,93,129,130,131" m="34103,18987" machi="93" ten="40,5200,0" yaku="19,1,52,2" doraHai="29" who="2" fromWho="2" sc="264,-15,255,-28,235,68,236,-15" /><INIT seed="2,0,0,2,1,12" ten="249,227,303,221" oya="2" hai0="90,126,114,56,101,1,121,35,125,109,13,22,129" hai1="85,86,106,26,47,73,36,111,10,16,32,34,69" hai2="93,65,52,79,103,38,88,113,5,11,134,123,76" hai3="7,99,124,89,37,87,78,29,45,61,72,107,82"/><V66/><F113/><W102/><G124/><N who="0" m="47723" /><D121/><U25/><E69/><V94/><F38/><W71/><G29/><T31/><D1/><U83/><E106/><V115/><F115/><W75/><G7/><T97/><D114/><U131/><E73/><V110/><F123/><W112/><G112/><T6/><D35/><U81/><E111/><V60/><F134/><W44/><G37/><T116/><D116/><U98/><E36/><V40/><F40/><W74/><REACH who="3" step="1"/><G78/><REACH who="3" ten="249,227,303,211" step="2"/><T84/><D6/><U9/><E131/><V8/><F79/><W15/><G15/><T118/><D31/><U70/><E34/><V33/><F76/><W96/><G96/><T41/><D13/><U17/><E32/><V119/><F33/><W19/><G19/><T68/><D129/><U20/><E98/><V62/><F5/><W122/><G122/><T28/><D97/><U54/><E47/><V2/><F2/><W117/><G117/><T127/><D118/><U130/><E130/><V4/><F4/><W42/><G42/><T108/><D41/><U43/><E43/><V92/><F119/><W77/><G77/><T3/><D3/><U80/><E70/><V135/><F135/><W128/><G128/><T27/><D68/><U67/><E17/><V18/><F18/><W39/><G39/><T24/><D109/><U30/><E26/><N who="0" m="9769" /><D108/><U95/><E25/><V0/><F110/><W58/><G58/><T57/><D56/><U63/><E30/><V51/><F0/><W91/><G91/><T120/><N who="0" m="47731" /><T55/><DORA hai="100" /><D28/><U104/><E16/><V23/><F88/><RYUUKYOKU ba="0,1" sc="249,-10,227,-10,303,-10,211,30" hai3="44,45,61,71,72,74,75,82,87,89,99,102,107" /><INIT seed="3,1,1,3,5,77" ten="239,217,293,241" oya="3" hai0="83,32,7,22,12,129,38,40,2,61,132,84,131" hai1="44,63,107,95,118,48,11,74,1,73,109,64,93" hai2="54,15,116,71,123,28,41,120,17,19,80,36,52" hai3="51,121,21,89,126,37,4,115,3,45,9,106,62"/><W110/><G37/><T34/><D132/><U79/><E107/><V127/><F116/><W113/><G106/><T60/><D2/><U31/><E118/><V72/><F71/><W111/><G126/><T43/><D7/><U49/><E31/><V103/><F103/><W56/><G121/><N who="2" m="46665" /><F28/><W117/><G117/><T6/><D6/><U70/><E109/><N who="3" m="41482" /><G21/><T128/><D22/><U97/><E1/><V96/><F96/><W57/><G89/><T101/><D12/><U86/><E11/><N who="2" m="6399" /><F19/><W24/><G24/><T91/><D101/><U59/><E70/><V65/><F65/><N who="3" m="39111" /><G57/><T133/><D133/><U88/><E49/><V10/><F10/><W100/><G100/><T87/><D38/><U67/><E67/><V90/><F127/><W122/><G122/><T8/><D8/><U14/><E14/><V47/><F90/><W104/><G104/><T135/><D135/><U75/><E79/><AGARI ba="1,1" hai="36,41,47,52,54,72,79,80" m="6399,46665" machi="79" ten="30,3900,0" yaku="13,1,52,1,54,1" doraHai="77" who="2" fromWho="1" sc="239,0,217,-42,293,52,241,0" owari="239,-16.1,175,-32.5,345,44.5,241,4.1" /></mjloggm>