<mjloggm ver="2.3"><GO type="225" lobby="0"/><UN n0="%E3%81%B5%E3%81%98%E3%81%8B%E3%81%A4" n1="%E5%8F%AF%E5%85%90%E9%82%A3%E7%94%B1%E5%A4%9A" n2="%E3%81%B2%E3%81%AA%E3%81%AE%E3%82%8A%E3%81%8F" n3="%E4%BF%BA%E3%81%A8%E5%A6%96%E5%A4%A2" dan="16,16,17,17" rate="2190.96,2107.05,2191.85,2162.73" sx="M,F,M,F"/><TAIKYOKU oya="0"/><INIT seed="0,0,0,1,4,131" ten="250,250,250,250" oya="0" hai0="54,42,49,96,25,92,69,109,48,124,71,2,130" hai1="21,57,27,43,82,1,22,133,39,85,123,8,102" hai2="83,89,112,75,135,3,4,80,19,18,51,125,111" hai3="105,6,26,90,14,20,67,41,78,132,129,10,88"/><T94/><D2/><U103/><E123/><V87/><F3/><W46/><G129/><T55/><D130/><U61/><E133/><V62/><F4/><W16/><G105/><T47/><D124/><U34/><E34/><V23/><F112/><W72/><G132/><T76/><D76/><U127/><E127/><V64/><F111/><W97/><G67/><T38/><D109/><U63/><E39/><V29/><F125/><W44/><G44/><T70/><D25/><U121/><E43/><V65/><F65/><W56/><G56/><T52/><REACH who="0" step="1"/><D94/><REACH who="0" ten="240,250,250,250" step="2"/><U104/><E27/><V37/><F135/><W59/><G78/><T12/><D12/><U108/><E1/><V28/><F75/><W86/><G72/><T7/><D7/><U81/><E108/><V35/><F35/><W9/><G6/><T17/><D17/><U0/><E0/><V115/><F19/><W53/><G26/><T117/><D117/><U84/><E121/><V73/><F73/><W60/><G97/><T128/><D128/><U68/><E104/><V50/><F18/><W66/><G9/><T106/><D106/><U126/><E126/><V74/><F74/><W24/><G10/><T77/><D77/><U93/><E8/><V101/><F29/><W100/><G24/><T134/><D134/><U119/><E93/><V40/><F28/><W122/><G122/><T36/><D36/><U30/><E30/><V98/><F37/><W58/><G16/><T33/><D33/><U31/><E31/><V15/><F15/><W79/><G14/><T11/><D11/><U116/><E68/><RYUUKYOKU ba="0,1" sc="240,15,250,15,250,-15,250,-15" hai0="38,42,47,48,49,52,54,55,69,70,71,92,96" hai1="21,22,57,61,63,81,82,84,85,102,103,116,119" /><INIT seed="0,1,1,2,4,39" ten="255,265,235,235" oya="0" hai0="23,4,49,81,73,133,24,110,101,22,74,61,5" hai1="25,123,97,102,115,55,7,28,43,106,90,11,127" hai2="104,3,14,98,50,36,30,78,0,1,95,63,52" hai3="89,6,124,134,9,67,121,65,85,60,37,86,112"/><T75/><D133/><U21/><E123/><V13/><F36/><W93/><G112/><T105/><D61/><U82/><E115/><V26/><F104/><W8/><G134/><T131/><D131/><U119/><E119/><V129/><F78/><W76/><G121/><T45/><D110/><U10/><E127/><V99/><F63/><W126/><G37/><T66/><D66/><U32/><E55/><V80/><F80/><W116/><G116/><T20/><D24/><U108/><E108/><V100/><F99/><W69/><G67/><T29/><D29/><U35/><E11/><V88/><F100/><W12/><G76/><T41/><REACH who="0" step="1"/><D81/><REACH who="0" ten="245,265,235,235" step="2"/><U68/><E82/><V103/><F129/><W70/><G126/><T54/><D54/><U117/><E117/><V34/><REACH who="2" step="1"/><F103/><REACH who="2" ten="245,265,225,235" step="2"/><W48/><G124/><T31/><D31/><U27/><E102/><V40/><F40/><W77/><G60/><T71/><D71/><U125/><E68/><V2/><N who="2" m="0" /><DORA hai="94" /><V114/><F114/><W16/><G69/><T84/><D84/><U58/><E125/><V79/><F79/><W109/><G70/><T47/><D47/><AGARI ba="1,3" hai="13,14,26,30,34,47,50,52,88,95,98" m="0" machi="47" ten="70,8000,1" yaku="1,1,52,1,54,2,53,0" doraHai="39,94" doraHaiUra="130,113" who="2" fromWho="0" sc="245,-83,265,0,225,113,235,0" /><INIT seed="1,0,0,0,4,116" ten="162,265,338,235" oya="1" hai0="97,58,126,83,85,23,27,13,133,96,10,68,130" hai1="76,91,63,128,8,29,54,90,80,66,129,77,11" hai2="134,81,35,121,117,125,110,48,6,74,86,104,92" hai3="111,42,45,113,75,12,5,30,2,55,127,84,112"/><U43/><E43/><V59/><F35/><W102/><G75/><T89/><D126/><U122/><E29/><V19/><F104/><W88/><G2/><T72/><D133/><U82/><E54/><V28/><F74/><W70/><G127/><T1/><D130/><U16/><E63/><V21/><F6/><W101/><G70/><T56/><D68/><U26/><E26/><V103/><F28/><W87/><G111/><T4/><D72/><U39/><E39/><V115/><F110/><W79/><G55/><T24/><D1/><U52/><E52/><V95/><F21/><W114/><G30/><T7/><D7/><U62/><E62/><V123/><F48/><W118/><G118/><T17/><REACH who="0" step="1"/><D27/><REACH who="0" ten="152,265,338,235" step="2"/><U40/><E129/><V99/><F134/><W47/><G5/><T14/><D14/><U20/><E128/><V18/><F125/><W53/><G12/><T106/><D106/><U131/><E131/><V0/><F0/><W3/><G3/><T64/><D64/><U124/><E66/><V37/><F117/><W69/><G69/><T107/><D107/><U57/><E124/><V33/><F115/><W78/><G112/><T100/><D100/><U34/><E34/><V38/><F103/><W46/><G113/><T60/><D60/><U119/><E119/><V108/><F33/><W105/><G114/><T132/><D132/><U49/><E8/><V109/><F108/><W32/><G32/><T9/><D9/><U36/><E11/><V71/><F71/><W50/><G105/><T65/><D65/><U51/><E20/><V67/><F109/><RYUUKYOKU ba="0,1" sc="152,30,265,-10,338,-10,235,-10" hai0="4,10,13,17,23,24,56,58,83,85,89,96,97" /><INIT seed="2,1,1,2,4,68" ten="182,255,328,225" oya="2" hai0="15,65,19,74,33,99,1,69,123,78,91,110,11" hai1="73,90,60,30,108,126,113,105,96,71,98,119,29" hai2="20,88,67,116,17,48,94,135,52,117,31,103,83" hai3="39,72,97,95,27,5,24,86,121,8,36,106,59"/><V131/><F131/><W107/><G121/><T14/><D123/><U92/><E113/><V18/><F135/><W66/><G72/><T84/><D33/><U54/><E73/><V32/><F67/><W0/><G107/><T44/><D110/><U132/><E119/><V127/><F127/><W76/><G106/><T6/><D74/><U124/><E108/><V79/><F103/><W77/><G66/><T40/><D99/><U58/><E132/><V134/><F134/><W7/><G59/><T109/><D78/><U102/><REACH who="1" step="1"/><E71/><REACH who="1" ten="182,245,328,225" step="2"/><V115/><F115/><W45/><G5/><T130/><D109/><U41/><E41/><V62/><F117/><W70/><G70/><T120/><D130/><U12/><E12/><V10/><F116/><W111/><G111/><T50/><D120/><U64/><E64/><V122/><F122/><W53/><G27/><T23/><D65/><U112/><E112/><V61/><F32/><W28/><G53/><T93/><REACH who="0" step="1"/><D69/><REACH who="0" ten="172,245,328,225" step="2"/><U35/><E35/><V128/><F128/><W56/><G76/><T46/><D46/><U133/><E133/><V75/><F79/><W85/><G45/><T125/><D125/><AGARI ba="1,3" hai="29,30,54,58,60,90,92,96,98,102,105,124,125,126" machi="125" ten="40,2600,0" yaku="1,1,18,1,53,0" doraHai="68" doraHaiUra="82" who="1" fromWho="0" sc="172,-29,245,59,328,0,225,0" /><INIT seed="3,0,0,4,2,105" ten="143,304,328,225" oya="3" hai0="113,48,84,103,90,124,38,75,116,2,40,19,97" hai1="22,110,121,117,17,15,65,82,60,39,70,23,126" hai2="109,66,3,114,135,89,130,85,99,32,76,83,33" hai3="107,52,10,131,37,108,47,12,11,31,71,94,42"/><W133/><G107/><T72/><D116/><U35/><E121/><V69/><F3/><W7/><G71/><T81/><D2/><U55/><E35/><V53/><F114/><W68/><G68/><T115/><D38/><U36/><E117/><V56/><F109/><W106/><G106/><N who="0" m="63855" /><D48/><U79/><E110/><V50/><F135/><W92/><G133/><T74/><D40/><U118/><E126/><V93/><F130/><W127/><G131/><T51/><D51/><U128/><E128/><V78/><F78/><W129/><G129/><T44/><D44/><U1/><E1/><V28/><F28/><W112/><G112/><N who="0" m="43083" /><D19/><U34/><E34/><V25/><F25/><W122/><G127/><AGARI ba="0,0" hai="72,74,75,81,84,90,124,127" m="43083,63855" machi="127" ten="40,12000,2" yaku="11,1,34,2,52,3" doraHai="105" who="0" fromWho="3" sc="143,120,304,0,328,0,225,-120" owari="263,-13.7,304,10.4,328,42.8,105,-39.5" /></mjloggm>