<mjloggm ver="2.3"><GO type="225" lobby="0"/><UN n0="%E9%B3%B3%E6%9D%B1%E3%81%AE%E3%81%86%E3%81%95%E3%81%8E%E3%81%95%E3%82%93" n1="%6D%75%75%6D%75%72%61" n2="%E9%80%9F%E6%B0%B4%E5%87%9B%E9%A6%99" n3="%72%69%6F%75%63%68%61%6E" dan="16,16,17,16" rate="2109.56,2119.13,2172.26,2192.93" sx="M,F,F,M"/><TAIKYOKU oya="0"/><INIT seed="0,0,0,0,0,38" ten="250,250,250,250" oya="0" hai0="9,1,34,108,62,71,120,123,50,59,90,18,66" hai1="24,23,91,121,75,28,44,46,22,15,115,61,43" hai2="47,131,16,77,58,85,68,56,76,31,87,72,133" hai3="109,67,57,82,93,37,135,8,45,48,35,116,26"/><T112/><D112/><U51/><E121/><V110/><F68/><W92/><G116/><T104/><D104/><U25/><E75/><V118/><F72/><W64/><G109/><T60/><D108/><U95/><E115/><V89/><F110/><W17/><G135/><T69/><D34/><U42/><E15/><V107/><F31/><W53/><G82/><T13/><D1/><U27/><E61/><V70/><F70/><W124/><G124/><T4/><D90/><U99/><REACH who="1" step="1"/><E23/><REACH who="1" ten="250,240,250,250" step="2"/><V83/><F118/><W80/><G35/><T54/><REACH who="0" step="1"/><D4/><REACH who="0" ten="240,240,250,250" step="2"/><U103/><E103/><V100/><F100/><W55/><G93/><T10/><D10/><U36/><AGARI ba="0,2" hai="22,24,25,27,28,36,42,43,44,46,51,91,95,99" machi="36" ten="20,8000,1" yaku="1,1,0,1,7,1,52,2,53,0" doraHai="38" doraHaiUra="117" who="1" fromWho="1" sc="240,-40,240,100,250,-20,250,-20" /><INIT seed="1,0,0,1,2,78" ten="200,340,230,230" oya="1" hai0="80,60,34,119,72,58,23,130,1,5,7,121,109" hai1="48,26,87,77,88,56,108,24,79,10,135,68,27" hai2="98,8,51,39,83,114,86,112,92,18,6,16,4" hai3="31,64,90,63,41,124,53,14,3,50,25,19,117"/><U129/><E68/><V36/><F51/><W22/><G124/><T132/><D119/><U29/><E129/><V84/><F98/><W2/><G117/><T17/><D34/><U122/><E122/><V113/><F92/><W100/><G41/><T32/><D32/><U35/><E135/><V75/><F75/><W28/><G100/><T101/><D132/><U43/><E108/><V73/><F73/><W120/><G120/><T11/><D121/><U38/><E38/><N who="2" m="14379" /><F84/><W54/><G90/><T116/><D130/><U42/><E10/><V70/><F70/><W131/><G131/><T134/><D109/><U115/><E115/><N who="2" m="29443" /><V95/><DORA hai="69" /><F95/><W99/><G99/><T85/><D85/><U49/><E35/><V21/><F21/><W126/><G126/><T74/><D23/><U91/><E29/><V37/><N who="2" m="14387" /><V45/><DORA hai="0" /><F45/><W96/><G31/><T81/><D74/><U106/><E106/><V71/><F71/><W123/><G96/><T13/><D72/><U47/><E91/><N who="2" m="51679" /><F4/><W89/><G89/><T12/><D5/><U102/><E102/><V97/><F97/><W66/><G123/><T107/><D7/><U82/><E56/><V118/><F118/><W128/><G128/><T67/><D58/><U111/><E111/><V104/><F104/><W9/><G50/><T94/><D107/><U15/><E77/><V52/><F52/><N who="3" m="20075" /><G64/><T61/><D67/><U93/><E79/><V44/><F44/><W65/><G66/><T76/><D76/><U55/><E93/><V110/><F110/><W105/><G105/><T30/><D116/><RYUUKYOKU ba="0,0" sc="200,-15,340,-15,230,15,230,15" hai2="6,8,16,18" hai3="2,3,9,14,19,22,25,28,63,65" /><INIT seed="2,1,0,0,3,31" ten="185,325,245,245" oya="2" hai0="122,12,28,63,79,53,134,60,115,13,49,110,8" hai1="120,67,55,45,0,106,42,4,102,17,54,65,38" hai2="1,124,29,128,9,22,61,30,114,16,129,24,87" hai3="58,90,135,35,100,126,56,75,108,121,111,57,132"/><V39/><F39/><W127/><G75/><T116/><D134/><N who="3" m="51241" /><G121/><T105/><D110/><N who="3" m="42025" /><G100/><T66/><D115/><U36/><E102/><V103/><F61/><N who="0" m="23626" /><D105/><U20/><E106/><V5/><F87/><W43/><G90/><T130/><D130/><N who="2" m="50282" /><F103/><W77/><G77/><T81/><D66/><U18/><E38/><V47/><F47/><W14/><G14/><T86/><D116/><U32/><E45/><V97/><F97/><W96/><G96/><T93/><D122/><U44/><E36/><V80/><F80/><W84/><G35/><T7/><D12/><U78/><E78/><V95/><F95/><W72/><G72/><T69/><D93/><U46/><E32/><N who="2" m="20519" /><F114/><W19/><G19/><T2/><D81/><U91/><E91/><V64/><F64/><W11/><G11/><T83/><D8/><U104/><E65/><V88/><F88/><W109/><N who="3" m="42033" /><W6/><DORA hai="52" /><G6/><T23/><D7/><U3/><E67/><V15/><F30/><W27/><G43/><T117/><D28/><U107/><E42/><V21/><F21/><W51/><G84/><T62/><D86/><U101/><E20/><V26/><F1/><W68/><G68/><T92/><D2/><U82/><E101/><V37/><F37/><W98/><G98/><T89/><D89/><U40/><E40/><V71/><F71/><W33/><G51/><T76/><D49/><U10/><E120/><V70/><F70/><W94/><G94/><T41/><N who="0" m="23634" /><T113/><DORA hai="50" /><D69/><U25/><E3/><V133/><F133/><W125/><G33/><T119/><D79/><RYUUKYOKU ba="1,0" sc="185,-15,325,-15,245,15,245,15" hai2="5,9,15,16,22,26,124" hai3="27,56,57,58,125,126,127" /><INIT seed="2,2,0,2,2,26" ten="170,310,260,260" oya="2" hai0="48,122,16,36,135,35,130,21,28,127,33,111,7" hai1="72,78,52,128,39,38,125,45,77,92,66,56,12" hai2="114,110,68,42,132,32,29,20,62,44,19,123,57" hai3="91,93,37,129,23,104,83,0,13,69,9,94,117"/><V67/><F114/><W3/><G117/><T76/><D36/><U85/><E128/><V6/><F123/><W5/><G37/><T124/><D76/><U34/><E38/><V115/><F132/><W22/><G104/><T121/><D135/><U30/><E125/><N who="0" m="48201" /><D48/><U87/><E72/><V108/><F115/><W119/><G119/><T131/><D7/><U60/><E12/><V88/><F6/><W2/><G69/><T107/><D107/><U70/><E34/><N who="0" m="12809" /><D28/><U96/><E30/><V98/><F68/><W63/><G129/><N who="0" m="49163" /><D111/><U18/><E78/><V15/><F32/><W120/><G120/><T97/><D97/><U53/><E77/><V106/><F29/><W75/><G63/><T109/><D109/><N who="2" m="42090" /><F106/><W64/><G5/><T71/><D71/><U43/><E96/><V102/><F98/><W80/><G2/><T40/><D40/><U14/><E70/><V101/><F42/><W126/><G0/><T50/><D50/><U59/><E60/><V79/><F79/><N who="3" m="44159" /><G3/><T81/><D81/><U113/><E113/><V103/><F44/><W1/><G1/><T11/><D11/><U95/><E45/><V82/><F82/><W100/><G83/><T8/><D8/><U89/><E43/><V74/><F74/><W112/><G126/><T31/><D31/><U54/><E39/><V58/><F58/><W4/><G112/><T99/><D99/><U47/><E59/><V10/><F10/><W90/><G9/><T25/><AGARI ba="2,0" hai="16,21,25,121,122" m="49163,12809,48201" machi="25" ten="40,8000,1" yaku="18,1,19,1,34,2,54,1" doraHai="26" who="0" fromWho="0" sc="170,86,310,-22,260,-42,260,-22" /><INIT seed="3,0,0,4,1,49" ten="256,288,218,238" oya="3" hai0="84,101,57,119,70,100,76,134,68,38,47,82,58" hai1="32,1,41,19,64,131,48,124,120,128,55,0,81" hai2="102,117,75,106,27,121,74,53,25,129,18,126,130" hai3="65,83,4,56,16,14,61,54,116,31,33,93,60"/><W62/><G116/><T72/><D119/><U96/><E120/><V37/><F37/><W88/><G4/><T34/><D34/><U9/><E124/><V66/><F66/><W73/><G73/><N who="2" m="27657" /><F117/><W5/><G83/><T40/><D134/><U22/><E32/><V42/><F42/><W86/><G5/><T6/><D84/><U98/><E41/><V67/><F67/><W13/><G13/><T90/><D90/><U85/><E64/><V89/><F89/><W109/><G109/><T110/><D110/><U46/><E1/><V11/><F102/><W80/><G80/><T71/><D57/><U7/><E22/><V132/><F106/><W99/><G86/><T111/><D111/><U94/><E19/><V29/><F29/><W39/><G39/><T3/><REACH who="0" step="1"/><D58/><REACH who="0" ten="246,288,218,238" step="2"/><U104/><E85/><V79/><F132/><W20/><G65/><T103/><D103/><U36/><E81/><V105/><F79/><W12/><REACH who="3" step="1"/><G14/><REACH who="3" ten="246,288,218,228" step="2"/><T23/><D23/><U118/><E118/><V123/><F123/><W113/><G113/><T52/><D52/><U108/><E55/><V69/><F53/><W2/><G2/><T107/><D107/><U135/><E104/><V17/><F105/><W112/><G112/><T115/><D115/><U78/><E0/><V26/><F121/><W59/><G59/><T8/><AGARI ba="0,2" hai="3,6,8,38,40,47,68,70,71,72,76,82,100,101" machi="8" ten="40,8000,1" yaku="1,1,0,1,25,2,53,0" doraHai="49" doraHaiUra="87" who="0" fromWho="0" sc="246,100,288,-20,218,-20,228,-40" owari="346,44.6,268,6.8,198,-20.2,188,-31.2" /></mjloggm>