<mjloggm ver="2.3"><GO type="225" lobby="0"/><UN n0="%2D%E8%B1%8A%E5%8F%A3%E3%82%81%E3%81%90%E3%81%BF%2D" n1="%6D%75%75%6D%75%72%61" n2="%E3%82%B2%E3%82%B9%E8%8C%82%E5%8B%9D" n3="%E7%99%BD%E5%92%B2%E8%8A%B1%E3%81%A1%E3%82%83%E3%82%93" dan="16,16,16,16" rate="2096.64,2136.64,2061.78,2095.72" sx="F,F,F,F"/><TAIKYOKU oya="0"/><INIT seed="0,0,0,1,4,7" ten="250,250,250,250" oya="0" hai0="113,40,34,114,59,112,29,31,130,35,98,44,123" hai1="134,83,66,103,4,74,120,64,38,105,70,16,45" hai2="101,11,121,20,90,2,118,47,116,80,72,78,102" hai3="28,84,43,97,51,42,122,92,50,73,108,17,3"/><T0/><D123/><U41/><E120/><V22/><F121/><W55/><G122/><RYUUKYOKU type="kaze4" ba="0,0" sc="250,0,250,0,250,0,250,0" /><INIT seed="0,1,0,1,0,92" ten="250,250,250,250" oya="0" hai0="110,69,112,119,66,39,91,30,122,20,35,115,28" hai1="131,95,2,43,109,74,71,24,108,124,8,50,9" hai2="4,15,27,14,3,86,99,103,12,132,57,118,83" hai3="6,94,116,46,121,79,25,58,104,13,54,89,23"/><T97/><D39/><U125/><E71/><V38/><F132/><W63/><G121/><T126/><D122/><U26/><E74/><V29/><F118/><W100/><G116/><T87/><D119/><U134/><E43/><V47/><F57/><W41/><G79/><T77/><D35/><U107/><E107/><V129/><F129/><W34/><G34/><T18/><D126/><N who="1" m="48747" /><E50/><V53/><F3/><W0/><G0/><T36/><D36/><U64/><E64/><V61/><F38/><W42/><G104/><T117/><D117/><U21/><E95/><V67/><F67/><W22/><G100/><T80/><D110/><N who="1" m="42603" /><E131/><V17/><F61/><W11/><G46/><T123/><D123/><U93/><E93/><N who="2" m="58863" /><F47/><W88/><G89/><T49/><D49/><U72/><E72/><V10/><F53/><W120/><G120/><T5/><D66/><U32/><E134/><V135/><F135/><W52/><G54/><T127/><D69/><U113/><E113/><V130/><F130/><W73/><G73/><T106/><D127/><U76/><E76/><N who="2" m="46439" /><F4/><W45/><G45/><T65/><D5/><U98/><E98/><V114/><F114/><W33/><G41/><T111/><D65/><U105/><E105/><V51/><F51/><W55/><G42/><T75/><D111/><U48/><E48/><V96/><F96/><N who="3" m="57415" /><G55/><T37/><D115/><U68/><E68/><V40/><F40/><W81/><G81/><N who="0" m="49647" /><D112/><U62/><E62/><V7/><F7/><W70/><G70/><T82/><D82/><U31/><E2/><V56/><F56/><W102/><G102/><RYUUKYOKU ba="1,0" sc="250,-30,250,10,250,10,250,10" hai1="8,9,21,24,26,31,32" hai2="10,12,14,15,17,27,29" hai3="6,11,13,22,23,25,33,52,58,63" /><INIT seed="1,2,0,4,4,119" ten="220,260,260,260" oya="1" hai0="130,41,60,62,48,52,44,85,82,42,28,31,20" hai1="103,47,49,9,96,97,40,81,101,4,111,61,135" hai2="115,15,121,27,2,91,87,133,69,79,112,93,57" hai3="106,105,98,5,88,25,83,23,120,129,107,127,68"/><U59/><E135/><V75/><F2/><W19/><G129/><T113/><D130/><U32/><E32/><V116/><F116/><W45/><G127/><T86/><D113/><N who="2" m="43594" /><F69/><W104/><G68/><T51/><D20/><U37/><E37/><V134/><F15/><W67/><G67/><T43/><D48/><U99/><E81/><N who="2" m="45311" /><F27/><W39/><N who="3" m="26624" /><DORA hai="35" /><W63/><G63/><N who="0" m="24107" /><D86/><U16/><E16/><V46/><F46/><W21/><G5/><T124/><D124/><U125/><E111/><V72/><F57/><W73/><G73/><T13/><D13/><U0/><REACH who="1" step="1"/><E125/><REACH who="1" ten="220,250,260,260" step="2"/><V8/><F8/><W29/><G39/><T71/><D71/><U11/><E11/><V122/><F72/><W18/><G18/><T56/><D56/><U84/><E84/><V26/><F26/><W100/><G19/><T76/><AGARI ba="2,1" hai="28,31,41,42,43,44,51,52,76,82,85" m="24107" machi="76" ten="30,2000,0" yaku="8,1,54,1" doraHai="119,35" who="0" fromWho="0" sc="220,36,250,-12,260,-7,260,-7" /><INIT seed="2,0,0,5,4,40" ten="256,238,253,253" oya="2" hai0="35,43,49,29,120,60,34,19,117,90,26,11,81" hai1="97,66,53,95,89,76,57,121,14,114,22,105,74" hai2="71,68,101,133,130,65,63,123,13,126,61,112,106" hai3="50,17,86,45,6,111,54,27,62,75,31,46,118"/><V47/><F123/><W55/><G118/><T122/><D35/><U135/><E114/><V2/><F112/><W24/><G75/><T44/><D117/><U109/><E109/><V80/><F2/><W99/><G111/><T100/><D100/><U3/><E3/><V28/><F126/><W91/><G6/><T110/><D110/><U82/><E135/><V23/><F133/><W48/><G99/><T92/><D81/><U94/><E121/><V67/><F130/><W125/><G125/><T8/><D60/><U102/><E66/><V85/><F101/><W9/><G62/><T104/><D104/><U124/><E124/><V39/><F106/><W119/><G31/><T20/><D122/><U98/><E22/><V38/><F47/><W18/><G119/><T42/><D42/><U132/><E14/><V58/><F58/><W4/><G4/><T129/><D129/><U7/><E7/><V5/><F28/><W0/><G0/><T10/><D120/><U69/><E69/><V107/><F107/><W127/><G127/><T33/><REACH who="0" step="1"/><D29/><REACH who="0" ten="246,238,253,253" step="2"/><U21/><E132/><V103/><F103/><W36/><G36/><T96/><AGARI ba="0,1" hai="8,10,11,19,20,26,33,34,43,44,49,90,92,96" machi="96" ten="30,7900,0" yaku="1,1,2,1,0,1,52,1,53,0" doraHai="40" doraHaiUra="56" who="0" fromWho="0" sc="246,89,238,-20,253,-39,253,-20" /><INIT seed="3,0,0,1,5,16" ten="335,218,214,233" oya="3" hai0="47,75,33,114,58,37,117,65,13,29,93,43,15" hai1="134,68,95,129,104,7,64,67,113,40,122,36,81" hai2="53,77,90,42,101,125,103,48,26,107,6,119,115" hai3="80,30,131,4,71,85,55,118,66,8,20,31,108"/><W111/><G118/><T27/><D75/><U39/><E122/><V130/><F119/><W10/><G55/><T28/><D117/><U2/><E104/><V61/><F115/><W88/><G131/><T52/><D65/><U83/><E113/><V72/><F42/><W11/><G4/><T112/><D112/><U57/><E68/><V132/><F130/><W82/><G82/><T34/><D93/><U100/><E129/><V123/><F123/><W32/><G32/><T91/><D91/><U133/><E7/><V25/><F61/><N who="3" m="40399" /><G20/><T60/><D114/><U51/><E2/><V92/><F6/><W24/><G24/><AGARI ba="0,0" hai="13,15,24,27,28,29,33,34,37,43,47,52,58,60" machi="24" ten="40,2600,0" yaku="9,1,54,1" doraHai="16" who="0" fromWho="3" sc="335,26,218,0,214,0,233,-26" owari="361,46.1,218,1.8,214,-18.6,207,-29.3" /></mjloggm>