<mjloggm ver="2.3"><GO type="225" lobby="0"/><UN n0="%E3%82%AF%E3%82%A3%E3%82%A6" n1="%E3%81%A1%E3%82%85%E3%81%86%E3%81%A9%E3%81%8F%E8%B1%A1%E3%81%95%E3%82%93" n2="%E5%80%89%E6%A9%8B%EF%BC%A0%E4%BA%8B%E5%8B%99" n3="%6D%75%75%6D%75%72%61" dan="16,17,16,17" rate="2108.70,2147.29,2139.18,2179.71" sx="M,M,M,F"/><TAIKYOKU oya="0"/><INIT seed="0,0,0,4,5,38" ten="250,250,250,250" oya="0" hai0="6,56,10,92,123,3,97,96,5,127,24,53,101" hai1="25,115,59,135,40,106,87,103,81,129,37,55,91" hai2="18,134,105,15,27,79,120,94,36,125,95,80,130" hai3="74,77,132,0,45,16,22,117,30,110,122,119,50"/><T111/><D123/><U61/><E135/><V85/><F120/><W65/><G122/><T83/><D127/><U76/><E129/><V42/><F105/><W99/><G110/><T98/><D111/><U48/><E115/><V1/><F1/><W88/><G132/><T33/><D83/><U29/><E37/><V84/><F134/><W52/><G0/><T90/><D6/><U86/><E106/><V39/><F130/><W64/><G30/><T2/><D2/><U41/><E103/><V71/><F71/><W20/><G20/><T63/><D33/><U43/><E61/><V21/><F125/><W75/><G75/><T128/><D128/><U58/><E58/><V62/><F62/><W89/><G74/><T57/><D24/><U126/><E126/><V69/><F69/><W12/><G77/><T7/><D7/><U46/><E59/><V8/><F85/><W9/><G22/><T13/><D3/><U26/><E29/><V107/><F107/><W67/><REACH who="3" step="1"/><G99/><REACH who="3" ten="250,250,250,240" step="2"/><T72/><D72/><U11/><REACH who="1" step="1"/><E11/><REACH who="1" ten="250,240,250,240" step="2"/><V82/><F8/><W70/><G70/><T114/><D114/><U19/><E19/><V60/><F18/><W133/><G133/><T73/><D73/><U31/><E31/><V34/><F34/><W44/><G44/><T131/><D131/><U35/><E35/><V49/><F21/><W66/><N who="3" m="16384" /><DORA hai="124" /><W32/><G32/><T51/><D101/><U93/><AGARI ba="0,2" hai="25,26,40,41,43,46,48,55,76,81,86,87,91,93" machi="93" ten="30,12000,2" yaku="1,1,0,1,8,1,52,3,53,1" doraHai="38,124" doraHaiUra="121,78" who="1" fromWho="1" sc="250,-60,240,140,250,-30,240,-30" /><INIT seed="1,0,0,2,2,17" ten="190,380,220,210" oya="1" hai0="113,45,82,26,81,92,5,103,60,130,20,34,8" hai1="125,36,25,14,74,28,104,15,119,64,120,51,66" hai2="123,108,98,84,32,1,21,100,127,101,90,19,12" hai3="99,61,46,4,37,31,11,72,38,79,134,78,118"/><U40/><E36/><V53/><F123/><W89/><G134/><T107/><D113/><U39/><E39/><V54/><F32/><W114/><G114/><T112/><D112/><U16/><E104/><V102/><F1/><W131/><G131/><T129/><D107/><U9/><E74/><V69/><F69/><W27/><G118/><T49/><D60/><U77/><E77/><V57/><F108/><W124/><G124/><T22/><D34/><U133/><E133/><V135/><F127/><W116/><G116/><T41/><D103/><U111/><E125/><V65/><F135/><W23/><G61/><T128/><D92/><U93/><E119/><V117/><F117/><W29/><G29/><T43/><D43/><U73/><E73/><V80/><REACH who="2" step="1"/><F98/><REACH who="2" ten="190,380,210,210" step="2"/><W71/><G71/><T126/><D126/><U115/><E111/><V0/><F0/><W122/><G122/><T97/><D97/><U33/><E120/><V55/><F55/><W95/><G72/><T83/><REACH who="0" step="1"/><D26/><REACH who="0" ten="180,380,210,210" step="2"/><U109/><E25/><V6/><F6/><W59/><G4/><T13/><AGARI ba="0,2" hai="5,8,13,20,22,41,45,49,81,82,83,128,129,130" machi="13" ten="40,12000,2" yaku="1,1,2,1,0,1,19,1,52,2,53,0" doraHai="17" doraHaiUra="87" who="0" fromWho="0" sc="180,140,380,-60,210,-30,210,-30" /><INIT seed="2,0,0,2,2,80" ten="320,320,180,180" oya="2" hai0="126,46,122,5,33,15,133,120,47,91,71,135,56" hai1="92,78,6,88,97,64,29,99,32,103,66,37,23" hai2="19,20,87,98,38,105,4,69,124,3,83,21,86" hai3="94,110,116,31,41,10,17,109,44,107,118,73,96"/><V114/><F114/><W117/><G107/><T11/><D33/><U51/><E37/><V134/><F69/><W111/><G73/><T65/><D71/><U2/><E32/><V113/><F113/><W81/><G31/><T101/><D101/><U30/><E78/><V74/><F38/><W100/><G81/><T12/><D126/><U52/><E2/><V36/><F36/><W85/><G85/><N who="2" m="32265" /><F3/><W35/><G35/><T9/><D91/><U104/><E6/><V108/><F105/><W68/><G68/><T48/><D65/><U24/><E29/><V67/><F74/><W34/><G34/><T130/><D56/><AGARI ba="0,0" hai="23,24,30,51,52,56,64,66,88,92,97,99,103,104" machi="56" ten="30,3900,0" yaku="7,1,54,2" doraHai="80" who="1" fromWho="0" sc="320,-39,320,39,180,0,180,0" /><INIT seed="3,0,0,0,0,49" ten="281,359,180,180" oya="3" hai0="105,31,123,85,116,25,63,37,19,11,50,0,28" hai1="121,129,67,101,64,15,125,119,114,33,46,109,94" hai2="72,91,7,103,131,35,82,107,113,8,61,65,52" hai3="75,70,78,27,133,32,115,130,3,111,108,41,98"/><W95/><G115/><T34/><D105/><U45/><E33/><V54/><F113/><W79/><G3/><T22/><D37/><U21/><E109/><N who="3" m="42058" /><G70/><T68/><D68/><U5/><E121/><V92/><F35/><W88/><G130/><T106/><D106/><U9/><E125/><V100/><F131/><W47/><G75/><T73/><D73/><U1/><E21/><V2/><F107/><W42/><G133/><T122/><D50/><U18/><E114/><V29/><F29/><N who="3" m="19519" /><G41/><T84/><D116/><U118/><E1/><V132/><F132/><W60/><G60/><T96/><D63/><U17/><E129/><V20/><F72/><W86/><G98/><T48/><D96/><N who="1" m="59543" /><E67/><V124/><F124/><W104/><G104/><T134/><D84/><U80/><E64/><V36/><F36/><AGARI ba="0,0" hai="36,42,47,78,79,86,88,95" m="19519,42058" machi="36" ten="30,5800,0" yaku="14,1,10,1,54,1" doraHai="49" who="3" fromWho="2" sc="281,0,359,0,180,-58,180,58" /><INIT seed="3,1,0,5,4,110" ten="281,359,122,238" oya="3" hai0="0,25,23,60,5,106,105,6,91,58,48,3,87" hai1="57,18,1,35,41,51,10,69,99,43,117,77,14" hai2="95,74,115,52,75,26,42,8,31,93,24,53,97" hai3="76,34,85,46,11,33,107,122,79,78,114,123,45"/><W100/><G85/><T132/><D48/><U80/><E69/><V62/><F42/><W29/><G11/><T55/><D132/><U44/><E117/><V38/><F38/><W118/><G118/><T90/><D106/><U50/><E35/><V68/><F8/><W111/><G111/><T134/><D105/><U20/><E99/><V54/><F95/><W47/><G114/><T96/><D134/><U19/><E1/><V83/><F83/><W82/><G82/><N who="0" m="49527" /><D3/><U12/><E57/><V39/><F39/><W40/><G40/><T13/><D0/><U103/><E103/><V65/><F115/><W21/><G21/><T72/><D72/><U116/><E116/><V56/><F68/><W108/><G108/><T67/><D13/><U7/><E7/><N who="0" m="2569" /><D96/><U109/><E109/><V59/><F59/><W37/><G37/><T125/><D125/><U133/><E133/><V127/><F127/><W88/><G88/><T119/><D119/><U104/><E104/><V130/><F130/><W113/><G113/><T4/><N who="0" m="2577" /><T63/><DORA hai="84" /><D91/><U121/><E121/><V129/><F129/><W102/><G107/><T101/><D101/><N who="3" m="39017" /><G29/><N who="0" m="17599" /><D67/><U89/><E89/><V135/><F135/><W66/><G66/><T28/><D63/><U2/><E2/><V49/><F49/><W16/><G16/><T86/><D86/><N who="1" m="48399" /><E50/><V36/><F36/><W61/><G61/><T64/><D64/><U98/><E98/><V131/><F131/><W73/><G73/><N who="2" m="27657" /><F31/><AGARI ba="1,0" hai="28,31,55,58,60" m="17599,2577,49527" machi="31" ten="30,2000,0" yaku="8,1,52,1" doraHai="110,84" who="0" fromWho="2" sc="281,23,359,0,122,-23,238,0" owari="304,10.4,359,45.9,99,-40.1,238,-16.2" /></mjloggm>