<mjloggm ver="2.3"><GO type="225" lobby="0"/><UN n0="%E3%81%AF%E3%82%88%E3%81%8A%E3%81%98%E3%81%95%E3%82%93" n1="%E9%B3%B3%E6%9D%B1%E3%81%AE%E3%81%86%E3%81%95%E3%81%8E%E3%81%95%E3%82%93" n2="%E6%80%AA%E3%81%97%E3%81%99%E3%81%8E%E3%82%8B%E3%83%81%E3%83%BC" n3="%74%61%6B%75%61%6B%61" dan="16,16,16,17" rate="2096.16,2142.20,2049.26,2226.52" sx="M,M,M,M"/><TAIKYOKU oya="0"/><INIT seed="0,0,0,1,2,15" ten="250,250,250,250" oya="0" hai0="128,88,80,26,83,132,60,73,8,127,74,96,99" hai1="123,57,53,110,54,55,45,81,75,124,84,90,105" hai2="64,126,97,119,22,31,37,79,106,69,51,67,115" hai3="121,34,118,13,111,14,117,98,107,65,85,38,50"/><T11/><D26/><U109/><E123/><V30/><F37/><W6/><G38/><T58/><D127/><U7/><E124/><V93/><F106/><W135/><G34/><T19/><D128/><U48/><E105/><V4/><F115/><W76/><G111/><N who="1" m="42506" /><E7/><V5/><F69/><W42/><G135/><T122/><D132/><U62/><E75/><V43/><F119/><W28/><G28/><N who="2" m="10793" /><F79/><W113/><G113/><T12/><D122/><U91/><E91/><N who="2" m="55487" /><F22/><W21/><G21/><N who="0" m="11495" /><D73/><U41/><AGARI ba="0,0" hai="41,45,48,53,54,55,57,62,81,84,90" m="42506" machi="41" ten="30,1100,0" yaku="14,1" doraHai="15" who="1" fromWho="1" sc="250,-5,250,11,250,-3,250,-3" /><INIT seed="1,0,0,0,5,114" ten="245,261,247,247" oya="1" hai0="71,9,33,56,93,122,132,22,110,5,111,31,16" hai1="65,81,64,36,4,106,89,35,95,38,7,1,129" hai2="58,116,59,107,0,121,73,53,74,102,62,130,63" hai3="40,25,88,26,98,96,134,11,41,127,8,83,100"/><U51/><E106/><V123/><F0/><W37/><G127/><T15/><D71/><U69/><E35/><V97/><F130/><W78/><G134/><T23/><D132/><U19/><E129/><V57/><F116/><W80/><G37/><T72/><D72/><U86/><E36/><V113/><F113/><W76/><REACH who="3" step="1"/><G88/><REACH who="3" ten="245,261,247,237" step="2"/><T101/><D111/><U29/><E89/><V103/><F121/><W126/><G126/><T108/><D122/><U32/><E38/><V60/><F123/><W135/><G135/><T90/><D110/><U133/><E133/><V120/><F120/><W91/><G91/><T68/><D108/><U125/><E125/><V20/><F103/><AGARI ba="0,1" hai="8,11,25,26,40,41,76,78,80,83,96,98,100,103" machi="103" ten="25,6400,0" yaku="1,1,22,2,8,1,53,0" doraHai="114" doraHaiUra="119" who="3" fromWho="2" sc="245,0,261,0,247,-64,237,74" /><INIT seed="2,0,0,0,4,19" ten="245,261,183,311" oya="2" hai0="46,112,13,61,23,20,118,12,75,84,132,130,129" hai1="70,88,54,64,110,119,30,3,95,97,41,133,38" hai2="25,50,83,66,51,73,8,5,26,62,22,98,108" hai3="123,135,69,82,131,68,87,86,134,74,99,116,125"/><V32/><F32/><W115/><G123/><T55/><D75/><U56/><E119/><V24/><F108/><W45/><G116/><T43/><D118/><U36/><E110/><V113/><F113/><W111/><G111/><T109/><D112/><U39/><E3/><V47/><F98/><W21/><G115/><T121/><D121/><U107/><E30/><V37/><F37/><W90/><G74/><T103/><D109/><U93/><E107/><V27/><F83/><W40/><G125/><T85/><D103/><U7/><E7/><V92/><F92/><W18/><G99/><T81/><D132/><N who="3" m="50729" /><G86/><T128/><D55/><U17/><E17/><V9/><F73/><W15/><G131/><T10/><D61/><N who="1" m="40207" /><E95/><V80/><F80/><W49/><AGARI ba="0,0" hai="15,18,21,40,45,49,68,69,82,87,90" m="50729" machi="49" ten="30,2000,0" yaku="20,1,52,1" doraHai="19" who="3" fromWho="3" sc="245,-5,261,-5,183,-10,311,20" /><INIT seed="3,0,0,4,3,121" ten="240,256,173,331" oya="3" hai0="70,92,71,58,15,114,134,119,135,100,111,107,5" hai1="74,2,17,1,57,52,31,94,22,41,80,104,10" hai2="56,91,54,11,93,63,53,61,122,86,112,3,73" hai3="98,96,46,19,110,81,83,34,38,42,67,28,40"/><W103/><G67/><T105/><D119/><U21/><E104/><V113/><F122/><W30/><G19/><T16/><D5/><U26/><E41/><V68/><F73/><W8/><G8/><T4/><D4/><U33/><E10/><V12/><F3/><W75/><G46/><T32/><D32/><U43/><E43/><V76/><F68/><W6/><G6/><T14/><D114/><U13/><E33/><V82/><F54/><W39/><G34/><T88/><D14/><U24/><E13/><V133/><F133/><N who="0" m="50698" /><D111/><U18/><E31/><V65/><F65/><W50/><G110/><T27/><D27/><U90/><E80/><V51/><F112/><W131/><G50/><T106/><D100/><U69/><E74/><V44/><F113/><W79/><G75/><T120/><D58/><U23/><E23/><V87/><REACH who="2" step="1"/><F56/><REACH who="2" ten="240,256,163,331" step="2"/><W124/><G39/><T118/><D120/><U29/><E69/><V115/><F115/><W48/><G38/><T102/><D118/><U66/><E66/><V108/><F108/><W116/><G116/><T89/><D70/><U85/><REACH who="1" step="1"/><E29/><REACH who="1" ten="240,246,163,331" step="2"/><V130/><F130/><W101/><G131/><T78/><D71/><U36/><E36/><V97/><F97/><W25/><G96/><N who="0" m="59655" /><D78/><U117/><E117/><V126/><F126/><W127/><G79/><T7/><D7/><AGARI ba="0,2" hai="7,11,12,44,51,53,61,63,76,82,86,87,91,93" machi="7" ten="30,7700,0" yaku="1,1,7,1,8,1,53,1" doraHai="121" doraHaiUra="0" who="2" fromWho="0" sc="240,-77,246,0,163,97,331,0" owari="163,-33.7,246,-15.4,260,6.0,331,43.1" /></mjloggm>