<mjloggm ver="2.3"><GO type="225" lobby="0"/><UN n0="%E5%B8%86%E7%AB%8B%E5%A4%8F%E8%A1%A3" n1="%E9%80%86%E9%80%A3%E5%B8%AF%E3%81%AE%E9%AC%BC" n2="%E3%83%B4%E3%82%A3%E3%83%AF%E3%82%B3%E3%82%B0%E3%83%8B" n3="%E3%81%BE%E3%81%A8%E3%81%9F" dan="16,17,16,17" rate="2164.03,2190.90,2162.29,2175.89" sx="M,M,M,M"/><TAIKYOKU oya="0"/><INIT seed="0,0,0,4,3,108" ten="250,250,250,250" oya="0" hai0="43,2,25,56,51,0,120,132,20,117,109,47,61" hai1="13,93,92,114,5,90,89,45,83,70,12,107,42" hai2="102,79,27,123,60,34,130,134,18,53,48,115,50" hai3="133,22,4,103,73,38,8,55,122,76,85,7,64"/><T35/><D117/><U119/><E107/><V52/><F123/><W54/><G38/><T15/><D120/><U94/><E70/><V86/><F34/><W71/><G133/><T100/><D132/><U62/><E119/><V98/><F134/><W28/><G73/><T67/><D109/><U39/><E62/><V116/><F130/><W121/><G103/><T68/><D35/><U74/><E114/><V46/><F115/><W30/><G71/><T88/><D15/><U66/><E66/><V131/><F131/><W24/><G64/><T77/><D77/><U16/><E5/><V59/><F116/><W14/><G121/><T23/><D23/><U37/><E37/><V1/><F1/><W6/><G122/><T44/><D100/><U72/><E12/><V135/><F135/><W95/><G30/><T78/><D78/><U40/><E40/><V101/><F98/><W3/><G3/><T58/><D47/><U91/><REACH who="1" step="1"/><E83/><REACH who="1" ten="250,240,250,250" step="2"/><N who="2" m="47487" /><F60/><W124/><G55/><T97/><D0/><U81/><E81/><V57/><F57/><W118/><G54/><T9/><D2/><U125/><E125/><V126/><F126/><W87/><G124/><T32/><D68/><U31/><E31/><V49/><F49/><W63/><G63/><T112/><D58/><U110/><E110/><V113/><F113/><W65/><G65/><T128/><D112/><U29/><E29/><V99/><F99/><W96/><G118/><T11/><D128/><U104/><E104/><V69/><F69/><W75/><G96/><T10/><D61/><U26/><E26/><V129/><F129/><RYUUKYOKU ba="0,1" sc="250,-15,240,15,250,15,250,-15" hai1="13,16,39,42,45,72,74,89,90,91,92,93,94" hai2="18,27,46,48,50,52,53,59,101,102" /><INIT seed="1,1,1,3,4,97" ten="235,255,265,235" oya="1" hai0="30,113,3,45,55,42,103,66,31,51,7,41,76" hai1="119,40,129,60,65,15,6,23,37,14,109,62,46" hai2="70,120,122,114,19,28,90,81,92,94,75,134,67" hai3="118,59,106,121,108,127,98,68,38,73,85,32,126"/><U80/><E119/><V74/><F70/><W29/><RYUUKYOKU type="yao9" ba="1,1" sc="235,0,255,0,265,0,235,0" hai3="29,32,38,59,68,73,85,98,106,108,118,121,126,127" /><INIT seed="1,2,1,5,3,50" ten="235,255,265,235" oya="1" hai0="19,61,83,8,102,63,126,128,56,48,135,116,35" hai1="15,113,46,75,2,17,117,120,67,115,30,85,131" hai2="54,16,51,132,49,77,0,82,37,122,28,3,127" hai3="22,100,21,20,111,13,81,25,104,125,86,133,4"/><U99/><E75/><V84/><F122/><W87/><G111/><T91/><D116/><U129/><E120/><V36/><F28/><W109/><G109/><T39/><D39/><U107/><E117/><V105/><F105/><W119/><G119/><T44/><D35/><U71/><E2/><V110/><F110/><W53/><G125/><T95/><D126/><U124/><E124/><V90/><F127/><W55/><G133/><T9/><D135/><U31/><E46/><V65/><F65/><W112/><G112/><T62/><D128/><N who="1" m="49227" /><E85/><V74/><F49/><W106/><G25/><T108/><D102/><N who="1" m="62943" /><E67/><V57/><F132/><W26/><G26/><T96/><D83/><U98/><E98/><V76/><F76/><N who="3" m="46375" /><G106/><T130/><D108/><U58/><E58/><V18/><F0/><W52/><G104/><T59/><D130/><U41/><E41/><V103/><F103/><W27/><G100/><T40/><D59/><U134/><E71/><V24/><F3/><W45/><G87/><T89/><D56/><U1/><E1/><V7/><F7/><W43/><G27/><T69/><D69/><U80/><E80/><N who="2" m="49415" /><F24/><W93/><G93/><T42/><D42/><U114/><E134/><V78/><F78/><W64/><G64/><T94/><D94/><U97/><E97/><V33/><F33/><W118/><G118/><T60/><N who="0" m="15360" /><DORA hai="123" /><T66/><D66/><U79/><E79/><V23/><F18/><N who="3" m="10319" /><G4/><T6/><D6/><U88/><E88/><N who="0" m="33865" /><D19/><U29/><E29/><V10/><F23/><AGARI ba="2,1" hai="15,17,23,30,31,113,114,115" m="62943,49227" machi="23" ten="40,2000,0" yaku="19,1" doraHai="50,123" who="1" fromWho="2" sc="235,0,255,36,265,-26,235,0" /><INIT seed="1,3,0,0,3,135" ten="235,291,239,235" oya="1" hai0="38,110,69,19,113,34,6,24,108,51,22,126,129" hai1="130,119,16,33,73,123,12,15,90,42,77,23,25" hai2="11,79,62,3,58,98,134,59,53,87,2,95,128" hai3="88,70,93,92,101,120,41,35,117,132,80,111,54"/><U131/><E119/><V114/><F134/><W48/><G70/><T71/><D38/><U75/><E123/><V29/><F128/><W56/><G120/><T30/><D129/><N who="1" m="49163" /><E77/><V61/><F114/><W91/><G111/><N who="0" m="42539" /><D113/><U5/><E42/><V67/><F29/><W20/><G35/><T109/><N who="0" m="42547" /><T85/><DORA hai="115" /><D6/><U44/><E44/><V94/><F11/><W74/><G101/><T89/><D51/><U112/><E112/><V57/><F57/><W122/><G122/><T50/><D50/><U96/><E33/><V49/><F49/><W40/><G132/><T60/><D60/><U106/><E90/><V76/><F94/><W32/><G32/><T133/><D126/><U116/><E116/><V68/><F68/><W118/><G40/><T81/><D133/><U104/><E96/><V46/><F46/><W55/><G41/><T14/><AGARI ba="3,0" hai="14,19,22,24,30,34,69,71,81,85,89" m="42547" machi="14" ten="40,1500,0" yaku="14,1" doraHai="135,115" who="0" fromWho="0" sc="235,24,291,-10,239,-7,235,-7" /><INIT seed="2,0,0,1,3,15" ten="259,281,232,228" oya="2" hai0="8,70,23,132,103,81,40,111,69,39,112,46,99" hai1="92,22,63,79,2,33,35,91,9,49,124,53,48" hai2="57,95,78,66,67,93,84,117,10,27,45,118,72" hai3="114,86,135,123,120,5,64,74,6,130,116,43,100"/><V105/><F72/><W98/><G74/><T30/><D111/><U20/><E124/><V121/><F105/><W96/><G116/><T1/><D132/><U68/><E79/><V61/><F121/><W51/><G135/><T42/><D112/><U28/><E35/><V73/><F73/><W47/><G130/><T38/><D23/><U12/><E33/><V50/><F67/><W37/><G114/><T83/><D83/><U128/><E2/><V44/><F117/><W58/><G98/><T3/><D81/><U29/><E29/><V129/><F129/><W0/><G86/><T24/><D1/><U17/><E128/><V71/><F71/><W54/><G64/><T52/><D52/><U31/><E31/><V113/><F113/><W60/><G37/><T131/><D131/><U16/><E28/><V87/><F118/><W76/><G76/><T101/><D101/><U65/><E17/><V122/><F122/><W115/><G115/><T19/><D19/><U89/><E49/><V4/><F27/><W127/><G127/><T62/><D62/><U85/><REACH who="1" step="1"/><E91/><REACH who="1" ten="259,271,232,228" step="2"/><N who="2" m="53479" /><F50/><W75/><G0/><T106/><D30/><U133/><E133/><V126/><F126/><W80/><G120/><T90/><D90/><U11/><E11/><V32/><F32/><W82/><G123/><T21/><D21/><U25/><E25/><V110/><F78/><W55/><G75/><T34/><D8/><U134/><E134/><V88/><F110/><W108/><G108/><T97/><D3/><U77/><E77/><V102/><F102/><W14/><G5/><T125/><D125/><RYUUKYOKU ba="0,1" sc="259,-15,271,15,232,15,228,-15" hai1="9,12,16,20,22,48,53,63,65,68,85,89,92" hai2="4,10,44,45,57,61,66,87,88,95" /><INIT seed="2,1,1,3,3,135" ten="244,286,247,213" oya="2" hai0="64,3,4,24,121,105,61,74,101,37,119,120,26" hai1="97,52,98,122,56,130,106,7,66,108,124,67,55" hai2="71,131,57,10,28,79,104,88,49,132,126,1,116" hai3="89,75,100,40,8,134,18,47,45,5,17,2,129"/><V70/><F104/><W63/><G75/><T133/><D26/><U77/><E122/><V111/><F116/><W103/><G134/><T81/><D133/><U78/><E7/><N who="2" m="1391" /><F28/><W13/><G129/><T23/><D119/><U27/><E27/><V127/><F132/><W73/><G73/><T15/><D15/><U25/><E25/><V60/><F79/><W16/><G2/><T12/><D12/><U112/><E106/><V117/><F117/><W11/><G11/><N who="0" m="2463" /><D23/><U95/><E112/><V39/><F39/><W38/><G47/><T9/><D24/><U80/><E95/><V59/><F131/><W32/><G32/><T93/><D93/><U22/><E56/><N who="2" m="21579" /><F49/><W46/><G63/><T123/><D9/><U102/><E130/><V44/><F44/><W76/><G76/><N who="0" m="44183" /><D37/><U82/><E22/><V48/><F48/><W62/><G62/><T92/><D92/><U53/><E102/><V34/><F34/><W31/><G31/><T19/><D19/><U29/><E29/><V20/><F20/><W42/><REACH who="3" step="1"/><G89/><REACH who="3" ten="244,286,247,203" step="2"/><T21/><D21/><U69/><E78/><V86/><F60/><W68/><G68/><N who="0" m="41999" /><D123/><U90/><E77/><V84/><F88/><W96/><G96/><AGARI ba="1,2" hai="96,101,105,120,121" m="41999,44183,2463" machi="96" ten="30,1000,0" yaku="23,1" doraHai="135" who="0" fromWho="3" sc="244,33,286,0,247,0,203,-13" /><INIT seed="3,0,0,0,5,49" ten="277,286,247,190" oya="3" hai0="3,132,100,127,107,73,119,67,76,84,71,43,25" hai1="28,105,18,81,118,14,24,34,39,93,104,79,77" hai2="97,72,6,78,130,68,124,88,32,110,33,53,20" hai3="37,98,109,133,80,101,27,42,23,120,19,66,52"/><W89/><G120/><T128/><D84/><U58/><E39/><V54/><F68/><W9/><G133/><T57/><D57/><U41/><E118/><V47/><F110/><W102/><G109/><T65/><D65/><U131/><E131/><V45/><F6/><W64/><G42/><T91/><D91/><U46/><E93/><V126/><F130/><W40/><G40/><T96/><D119/><U55/><E46/><N who="2" m="17419" /><F20/><W38/><G37/><T90/><D90/><U63/><E41/><V8/><F8/><W35/><G38/><T7/><D43/><U114/><E114/><V17/><F17/><W94/><G35/><N who="2" m="13385" /><F78/><W31/><G101/><T69/><D69/><U134/><E134/><V16/><F16/><W10/><G102/><T29/><D7/><U95/><E95/><N who="2" m="56551" /><F72/><W86/><G52/><T125/><D128/><U30/><E30/><V112/><F112/><W56/><G56/><T50/><D3/><U48/><E48/><V4/><F4/><W26/><G9/><T129/><D50/><U99/><E99/><V51/><F51/><W106/><G106/><T13/><D129/><U61/><E61/><V117/><F117/><W12/><REACH who="3" step="1"/><G26/><REACH who="3" ten="277,286,247,180" step="2"/><T36/><D36/><U87/><E105/><V22/><F22/><W5/><G5/><T59/><D59/><U2/><E104/><V0/><F0/><W15/><G15/><T92/><D13/><U44/><E2/><V113/><F113/><W116/><G116/><T108/><D132/><U11/><E44/><V21/><F21/><W83/><G83/><N who="0" m="45455" /><D108/><U121/><E121/><V85/><F53/><RYUUKYOKU ba="0,1" sc="277,-15,286,15,247,-15,180,15" hai1="11,14,18,24,28,34,55,58,63,77,79,81,87" hai3="10,12,19,23,27,31,64,66,80,86,89,94,98" /><INIT seed="3,1,1,5,0,35" ten="262,301,232,195" oya="3" hai0="9,87,110,6,114,80,126,18,69,37,39,8,51" hai1="82,68,97,66,86,106,73,72,47,63,19,1,67" hai2="27,112,85,12,61,70,57,14,58,91,130,25,122" hai3="56,103,99,26,46,120,2,3,24,118,65,22,77"/><W98/><G118/><T121/><D121/><U54/><E1/><V20/><F112/><W34/><G120/><T28/><D69/><U71/><E71/><V29/><F122/><W43/><G77/><T89/><D114/><U76/><E67/><N who="2" m="39351" /><F70/><W15/><G15/><T90/><D110/><U74/><E19/><V133/><F130/><W36/><G34/><T59/><D28/><U7/><E7/><V53/><F25/><W78/><G78/><T92/><D126/><U17/><E17/><V128/><F133/><W4/><G26/><T123/><D123/><U41/><E54/><V62/><F128/><W79/><G79/><T81/><D18/><U135/><E135/><V84/><F84/><W88/><G4/><T50/><D59/><U94/><E106/><V101/><F101/><W64/><G64/><T48/><D8/><U11/><E11/><V129/><F129/><W134/><G88/><T33/><D33/><U108/><E108/><V40/><F40/><W115/><G115/><T75/><D75/><U45/><E41/><V111/><F111/><W125/><G125/><T16/><D16/><U117/><E117/><V32/><F32/><W100/><G134/><T52/><D52/><U93/><E93/><AGARI ba="1,1" hai="12,14,20,27,29,53,57,62,85,91,93" m="39351" machi="93" ten="30,1000,0" yaku="8,1" doraHai="35" who="2" fromWho="1" sc="262,0,301,-13,232,23,195,0" /><INIT seed="4,0,0,2,0,71" ten="262,288,255,195" oya="0" hai0="22,131,110,86,50,76,88,47,34,25,115,64,99" hai1="109,94,27,9,81,123,29,65,98,49,121,5,111" hai2="13,91,100,134,62,101,45,75,54,0,73,44,77" hai3="17,7,31,41,114,2,24,59,95,132,74,116,72"/><T55/><D115/><U126/><E126/><V56/><F0/><W18/><G116/><T96/><D131/><U83/><E65/><V129/><F129/><W14/><G114/><T97/><D110/><U35/><E111/><V84/><F134/><W103/><G132/><T85/><D34/><U53/><E109/><V33/><F33/><W90/><G103/><T118/><D118/><U12/><E123/><V105/><F73/><W107/><G107/><T42/><D64/><U26/><E26/><V39/><F39/><W82/><G41/><T127/><D127/><U52/><E121/><V106/><F106/><W122/><G82/><N who="0" m="47303" /><D42/><U104/><E104/><V119/><F119/><W40/><G59/><T120/><D120/><U135/><E135/><V6/><F77/><W117/><G117/><T63/><D63/><U128/><E128/><V58/><F75/><W43/><G72/><T11/><D11/><U78/><E78/><V4/><F56/><W57/><G74/><T93/><D86/><U133/><E133/><V1/><F1/><W38/><G122/><T92/><D92/><U36/><E36/><V125/><F125/><W89/><G38/><T8/><D8/><U16/><E5/><N who="2" m="2155" /><F13/><W80/><G57/><T130/><D130/><U60/><E60/><V15/><F15/><W68/><G2/><T102/><D102/><N who="2" m="39530" /><F105/><W19/><G68/><T20/><D25/><U61/><E61/><V30/><F30/><W124/><G124/><T69/><D69/><U37/><E37/><V108/><F108/><W113/><G113/><T48/><D48/><U28/><E49/><RYUUKYOKU ba="0,0" sc="262,15,288,-15,255,15,195,-15" hai0="20,22,47,50,55,88,93,96,97,99" hai2="44,45,54,58,62,84,91" /><INIT seed="4,1,0,3,2,42" ten="277,273,270,180" oya="0" hai0="76,61,0,72,5,97,48,68,125,108,24,26,32" hai1="82,65,7,13,25,98,135,59,84,8,27,9,117" hai2="102,115,14,56,49,109,126,93,106,111,128,132,30" hai3="15,33,50,123,41,112,31,96,38,40,91,43,19"/><T51/><D108/><U12/><E135/><V29/><F106/><W114/><G38/><T46/><D125/><U119/><E98/><V130/><F126/><W62/><G123/><T87/><D72/><U36/><E36/><V89/><F132/><W81/><G31/><N who="2" m="11785" /><F102/><W73/><G33/><T58/><D32/><U88/><E119/><V23/><F115/><W103/><G62/><T99/><D68/><U122/><E117/><V28/><F56/><W66/><G66/><N who="0" m="39223" /><D51/><U116/><E122/><V2/><F49/><W75/><G50/><T47/><D47/><U34/><E34/><V1/><F14/><W21/><G91/><T11/><D0/><N who="2" m="106" /><F93/><W90/><G90/><T45/><D45/><U53/><E65/><V134/><F89/><W54/><G54/><N who="0" m="29975" /><D99/><U64/><E64/><V3/><N who="2" m="114" /><V101/><DORA hai="118" /><F134/><W78/><REACH who="3" step="1"/><G73/><REACH who="3" ten="277,273,270,170" step="2"/><T85/><D85/><U55/><E116/><V69/><F69/><W95/><AGARI ba="1,1" hai="15,19,21,40,41,43,75,78,81,95,96,103,112,114" machi="95" ten="30,4000,0" yaku="1,1,2,1,0,1,53,0" doraHai="42,118" doraHaiUra="35,52" who="3" fromWho="3" sc="277,-21,273,-11,270,-11,170,53" /><INIT seed="5,0,0,0,2,41" ten="256,262,259,223" oya="1" hai0="34,70,29,59,134,63,13,73,100,115,111,36,28" hai1="48,35,66,104,2,42,86,54,1,39,50,77,17" hai2="46,68,32,79,123,114,90,5,40,33,117,23,6" hai3="105,131,37,121,128,116,60,102,89,127,88,118,18"/><U15/><E104/><V129/><F117/><N who="3" m="45163" /><G37/><T11/><D36/><U0/><E35/><V52/><F68/><W72/><G60/><T20/><D111/><U25/><E66/><V120/><F90/><N who="3" m="34923" /><G18/><T87/><D73/><U122/><E122/><V3/><F79/><W135/><G135/><T26/><D115/><U119/><E119/><V12/><F114/><W49/><G49/><T130/><D130/><N who="3" m="49705" /><G72/><T74/><D74/><U81/><E25/><V101/><F129/><W45/><G45/><T132/><D70/><U10/><REACH who="1" step="1"/><E54/><REACH who="1" ten="256,252,259,223" step="2"/><V71/><F52/><W78/><G121/><T58/><D134/><U91/><E91/><V125/><F123/><W7/><G7/><T95/><D132/><U113/><E113/><V108/><F5/><W62/><G62/><T126/><D63/><U64/><E64/><V82/><F6/><W55/><G55/><T94/><D26/><U19/><E19/><V47/><F120/><W9/><G78/><T14/><D34/><U110/><E110/><V98/><F108/><W75/><G127/><T107/><D126/><U133/><E133/><V61/><F125/><W43/><G105/><T57/><D107/><U16/><E16/><V21/><F32/><W93/><G102/><T8/><D100/><U69/><E69/><V24/><F71/><W31/><G31/><T65/><D65/><U56/><E56/><V30/><F61/><W80/><G93/><T85/><D59/><U112/><E112/><V27/><F33/><W51/><G80/><T97/><D58/><U84/><E84/><V124/><F101/><W99/><G75/><RYUUKYOKU ba="0,1" sc="256,-10,252,30,259,-10,223,-10" hai1="0,1,2,10,15,17,39,42,48,50,77,81,86" /><INIT seed="5,1,1,0,5,131" ten="246,282,249,213" oya="1" hai0="17,101,90,9,70,27,98,56,111,112,49,35,4" hai1="64,58,48,73,99,13,86,119,62,114,106,123,76" hai2="125,55,1,85,84,132,45,102,29,110,44,12,82" hai3="134,130,26,46,20,109,28,43,60,25,11,67,40"/><U68/><E119/><V32/><F110/><W120/><G130/><T53/><D111/><U8/><E123/><V31/><F1/><W19/><G120/><T50/><D112/><U116/><E116/><V75/><F75/><W117/><G109/><T105/><D70/><U72/><E114/><V66/><F32/><W71/><G117/><T37/><D37/><U0/><E0/><V34/><F34/><W59/><G71/><T95/><D35/><U57/><E86/><V21/><F102/><W42/><G134/><T96/><D17/><U24/><E24/><V78/><F125/><W2/><G2/><T52/><D27/><U100/><E76/><V3/><F3/><W61/><G61/><T122/><D122/><U30/><E30/><N who="2" m="11275" /><F132/><W135/><G135/><T47/><D9/><U22/><E22/><V33/><F33/><W83/><G83/><T41/><REACH who="0" step="1"/><D53/><REACH who="0" ten="236,282,249,213" step="2"/><U5/><E68/><V129/><F129/><W87/><G26/><T88/><D88/><U10/><E10/><V15/><F55/><W74/><G11/><T54/><D54/><U118/><E118/><V104/><F21/><W63/><G20/><T127/><D127/><U14/><E14/><V65/><F12/><W89/><G28/><T121/><D121/><U107/><E13/><V92/><F15/><W81/><G25/><T23/><D23/><U6/><E8/><V128/><F128/><W69/><G19/><T39/><D39/><U93/><E5/><AGARI ba="1,2" hai="4,5,41,47,49,50,52,56,90,95,96,98,101,105" machi="5" ten="40,2600,0" yaku="1,1,54,1,53,0" doraHai="131" doraHaiUra="108" who="0" fromWho="1" sc="236,49,282,-29,249,0,213,0" /><INIT seed="6,0,0,1,3,128" ten="285,253,249,213" oya="2" hai0="41,39,127,131,122,103,28,9,61,16,68,115,123" hai1="19,54,84,93,2,6,113,79,57,124,5,45,33" hai2="8,112,52,116,11,87,119,104,105,4,99,66,29" hai3="58,71,35,94,17,114,62,81,110,64,34,100,75"/><V12/><F112/><W135/><G110/><T55/><D28/><U85/><E33/><V91/><F66/><W132/><G114/><T63/><D115/><U15/><E113/><V97/><F29/><W118/><G118/><T3/><D131/><U59/><E124/><V36/><F36/><W69/><G17/><T109/><D109/><U26/><E26/><V38/><F38/><W108/><G108/><T102/><D127/><U129/><E129/><V95/><F8/><W46/><G46/><T32/><D32/><N who="3" m="12329" /><G100/><T117/><D117/><U31/><E31/><V106/><F97/><W27/><G27/><T47/><D103/><U74/><E45/><V107/><N who="2" m="26624" /><DORA hai="134" /><V42/><F42/><W83/><G94/><T77/><D102/><U20/><E2/><V44/><REACH who="2" step="1"/><F99/><REACH who="2" ten="285,253,239,213" step="2"/><W13/><G75/><T49/><D39/><U51/><E74/><V60/><F60/><W86/><G86/><T96/><D61/><U7/><E85/><V53/><F53/><W98/><G98/><T56/><D96/><U72/><E72/><V24/><F24/><W90/><G71/><T22/><D68/><U14/><E54/><V65/><F65/><W125/><G69/><T43/><D43/><U76/><E51/><AGARI ba="0,1" hai="4,11,12,44,51,52,87,91,95,116,119" m="26624" machi="51" ten="70,12000,1" yaku="1,1,54,1,53,1" doraHai="128,134" doraHaiUra="0,25" who="2" fromWho="1" sc="285,0,253,-120,239,130,213,0" owari="285,8.5,133,-36.7,369,46.9,213,-18.7" /></mjloggm>