<mjloggm ver="2.3"><GO type="225" lobby="0"/><UN n0="%E5%8F%AF%E5%85%90%E9%82%A3%E7%94%B1%E5%A4%9A" n1="%E3%82%A2%E3%82%A4%E3%82%B9%E3%83%86%E3%82%A3%E3%83%BC%E3%81%82%E3%81%B9" n2="%E5%8D%A0%E3%81%84%E5%B8%AB%E8%A3%8F%E3%81%AA%E3%81%84%E3%81%97" n3="%E7%99%BD%E6%97%A5%E9%9B%AA%E8%8F%9C" dan="17,16,16,16" rate="2241.91,2125.02,2123.21,2151.32" sx="F,M,M,M"/><TAIKYOKU oya="0"/><INIT seed="0,0,0,3,1,70" ten="250,250,250,250" oya="0" hai0="8,87,52,49,21,77,134,38,103,95,73,36,101" hai1="18,79,63,59,4,40,90,124,107,16,31,135,3" hai2="133,99,27,32,13,106,15,104,88,108,113,47,53" hai3="71,76,1,117,81,86,69,24,80,23,125,74,85"/><T109/><D73/><U110/><E110/><V89/><F113/><W100/><G117/><T75/><D75/><U116/><E116/><V97/><F133/><W120/><G1/><T33/><D33/><U58/><E107/><V39/><F53/><W7/><G74/><T46/><D134/><U55/><E135/><V2/><F2/><W83/><G7/><T111/><D21/><U9/><E124/><V131/><F131/><W119/><G119/><T78/><D8/><U11/><E79/><N who="0" m="30217" /><D101/><U34/><E40/><V60/><F60/><W28/><G125/><T67/><D67/><U6/><E90/><V62/><F62/><W19/><G100/><T26/><D26/><U123/><E123/><V30/><F108/><N who="0" m="41546" /><D87/><U35/><E59/><V61/><F61/><W41/><G120/><T102/><D102/><U114/><E114/><V121/><F121/><W93/><G85/><T65/><D65/><U96/><E96/><AGARI ba="0,0" hai="36,38,46,49,52,95,96,103" m="41546,30217" machi="96" ten="30,12000,1" yaku="14,1,10,1,52,2,54,1" doraHai="70" who="0" fromWho="1" sc="250,120,250,-120,250,0,250,0" /><INIT seed="0,1,0,4,0,8" ten="370,130,250,250" oya="0" hai0="86,63,51,108,62,65,110,98,83,106,111,52,87" hai1="0,60,88,13,7,16,59,117,95,101,35,56,19" hai2="2,73,23,24,22,11,97,131,70,75,126,128,1" hai3="77,112,85,105,50,81,109,107,90,43,134,4,15"/><T53/><D51/><U120/><E35/><V80/><F70/><W124/><G112/><T123/><D123/><U9/><E120/><V79/><F126/><W27/><G124/><T57/><D63/><U102/><E117/><V74/><F22/><W54/><G109/><T28/><D28/><U72/><E72/><V94/><F74/><W14/><G134/><T37/><D37/><U132/><E132/><V114/><F73/><W36/><G4/><T113/><D113/><U18/><E0/><V135/><F135/><W5/><G5/><T91/><D87/><N who="1" m="52639" /><E59/><V55/><F11/><W6/><G6/><T71/><D71/><U47/><E47/><V17/><F55/><AGARI ba="1,0" hai="7,9,13,16,18,19,55,56,60,101,102" m="52639" machi="55" ten="30,7700,0" yaku="8,1,52,1,54,2" doraHai="8" who="1" fromWho="2" sc="370,0,130,80,250,-80,250,0" /><INIT seed="1,0,0,2,4,55" ten="370,210,170,250" oya="1" hai0="12,9,78,8,36,118,74,0,84,114,111,19,46" hai1="53,113,61,14,87,47,63,21,27,123,5,83,115" hai2="71,79,120,98,91,122,80,95,100,56,82,88,94" hai3="70,38,131,17,134,1,105,52,44,31,128,107,112"/><U11/><E123/><N who="2" m="47147" /><F71/><W10/><G112/><T86/><D114/><U133/><E133/><V65/><F65/><W117/><G70/><T35/><D111/><U116/><E116/><V51/><F51/><W40/><G134/><T48/><D35/><U127/><E127/><V13/><F56/><W125/><G125/><T6/><D118/><U67/><E115/><V64/><F13/><W72/><G117/><T50/><D50/><N who="1" m="28895" /><E67/><V29/><F29/><W43/><G43/><N who="0" m="22887" /><D48/><U25/><E113/><V59/><F59/><W132/><G132/><T41/><D41/><U129/><E129/><V58/><F58/><W33/><G40/><T15/><D15/><U28/><E25/><V92/><F64/><W135/><G135/><T93/><D93/><N who="2" m="35946" /><F82/><AGARI ba="0,0" hai="0,6,8,9,12,19,74,78,82,84,86" m="22887" machi="82" ten="30,1000,0" yaku="25,1" doraHai="55" who="0" fromWho="2" sc="370,10,210,0,170,-10,250,0" /><INIT seed="2,0,0,1,2,99" ten="380,210,160,250" oya="2" hai0="84,41,83,135,86,65,80,115,108,125,25,88,11" hai1="24,6,51,46,72,12,39,74,10,134,27,54,129" hai2="117,61,78,43,126,91,93,33,133,17,13,62,23" hai3="69,124,90,94,82,52,28,31,110,100,127,104,59"/><V118/><F33/><W18/><G69/><T44/><D115/><U114/><E114/><V9/><F133/><W116/><G116/><T92/><D135/><U40/><E134/><V101/><F126/><N who="3" m="48171" /><G110/><T47/><D125/><U19/><E129/><V131/><F131/><W56/><G56/><T2/><D108/><U3/><E74/><V22/><F117/><W89/><G18/><T58/><D25/><U55/><E72/><V14/><F118/><W15/><G15/><T68/><D68/><U5/><E5/><V36/><F78/><W57/><G57/><T105/><D105/><U0/><E3/><V4/><F36/><W21/><G104/><T16/><D2/><U53/><REACH who="1" step="1"/><E39/><REACH who="1" ten="380,200,160,250" step="2"/><V37/><F37/><W48/><G31/><T132/><D132/><U49/><E49/><V97/><F43/><W79/><G28/><T60/><D41/><U75/><E75/><V30/><REACH who="2" step="1"/><F91/><REACH who="2" ten="380,200,150,250" step="2"/><W85/><G90/><N who="0" m="53335" /><D83/><U130/><E130/><V76/><F76/><W7/><G79/><T96/><D80/><U20/><AGARI ba="0,2" hai="0,6,10,12,19,20,24,27,40,46,51,53,54,55" machi="20" ten="30,2000,0" yaku="1,1,0,1,53,0" doraHai="99" doraHaiUra="98" who="1" fromWho="1" sc="380,-5,200,40,150,-10,250,-5" /><INIT seed="3,0,0,3,0,67" ten="375,240,140,245" oya="3" hai0="132,42,109,83,127,105,54,126,61,129,110,76,134" hai1="101,86,55,48,37,47,53,29,64,135,56,66,2" hai2="73,107,70,3,108,7,19,46,80,6,69,94,35" hai3="21,106,34,78,14,121,15,39,116,115,38,119,49"/><W1/><G115/><T36/><D105/><U72/><E72/><V84/><F108/><N who="0" m="41578" /><D129/><U88/><E2/><V96/><F7/><W32/><G121/><T122/><D122/><U27/><E135/><N who="0" m="51753" /><D42/><U85/><E101/><V111/><F111/><W44/><G106/><T125/><D36/><U91/><E37/><V22/><F35/><W41/><G1/><T130/><D130/><U103/><E103/><V133/><F133/><W59/><G78/><T25/><D25/><U5/><E5/><V24/><F73/><W92/><G38/><T114/><D114/><U40/><E40/><V100/><F107/><W118/><G92/><T31/><D31/><U113/><E113/><V93/><F93/><W98/><G98/><T60/><D54/><U128/><E128/><V104/><F104/><W63/><G39/><T65/><D65/><N who="1" m="25195" /><E86/><AGARI ba="0,0" hai="60,61,76,83,86,125,126,127" m="51753,41578" machi="86" ten="40,5200,0" yaku="18,1,14,1,20,1" doraHai="67" who="0" fromWho="1" sc="375,52,240,-52,140,0,245,0" owari="427,52.7,188,-21.2,140,-36.0,245,4.5" /></mjloggm>