<mjloggm ver="2.3"><GO type="225" lobby="0"/><UN n0="%E3%83%9D%E3%83%B3%E3%83%9D%E3%82%B3%E5%95%86%E4%BA%8B" n1="%E3%82%B2%E3%82%B9%E8%8C%82%E5%8B%9D" n2="%E4%BA%95%E5%B8%AF" n3="%E3%81%B5%E3%81%98%E3%81%8B%E3%81%A4" dan="16,16,16,16" rate="2144.06,2136.16,2038.28,2069.50" sx="M,F,M,M"/><TAIKYOKU oya="0"/><INIT seed="0,0,0,2,4,21" ten="250,250,250,250" oya="0" hai0="74,12,13,9,69,34,54,62,78,44,83,32,114" hai1="94,61,93,63,135,88,104,133,24,58,57,0,103" hai2="134,4,68,107,43,111,49,35,123,53,14,42,36" hai3="66,89,29,124,56,125,28,7,11,37,130,75,101"/><T18/><D114/><U46/><E46/><V132/><F107/><W113/><G113/><T3/><D3/><U38/><E0/><V67/><F35/><W87/><G75/><T131/><D131/><U71/><E71/><V77/><F77/><W17/><G101/><T122/><D122/><U33/><E104/><V22/><F4/><W110/><G37/><T27/><D69/><U31/><E38/><V45/><F123/><W15/><G110/><T10/><D27/><U16/><E103/><V48/><F14/><N who="3" m="5503" /><G56/><T85/><D74/><U121/><E121/><V106/><F22/><N who="3" m="11583" /><G66/><T39/><D62/><U81/><E81/><V118/><F106/><W97/><G97/><T105/><D105/><U76/><E76/><V98/><F98/><W92/><G130/><T70/><D70/><U73/><E73/><V72/><F72/><W8/><G8/><T79/><D39/><U25/><E16/><V86/><F86/><W90/><G90/><N who="0" m="51519" /><D34/><U26/><E33/><V109/><F36/><W99/><G99/><T59/><D32/><U40/><E31/><V120/><F120/><W51/><G51/><N who="0" m="29031" /><D59/><N who="1" m="22539" /><E94/><V129/><F129/><W19/><G19/><AGARI ba="0,0" hai="9,10,12,13,18,19,78,79" m="29031,51519" machi="19" ten="30,2900,0" yaku="25,1,8,1" doraHai="21" who="0" fromWho="3" sc="250,29,250,0,250,0,250,-29" /><INIT seed="0,1,0,4,5,132" ten="279,250,250,221" oya="0" hai0="103,53,108,91,56,35,2,118,12,39,22,123,125" hai1="84,131,59,120,15,115,36,87,45,31,65,21,92" hai2="10,52,20,135,130,27,66,121,26,81,28,102,41" hai3="70,86,68,32,90,17,93,83,104,5,127,43,124"/><T113/><D113/><U1/><E120/><V69/><F121/><W16/><G32/><T122/><D2/><U72/><E131/><V97/><F135/><W117/><G117/><T34/><D39/><U57/><E72/><V106/><F41/><W49/><G104/><T18/><D118/><U33/><E33/><V46/><F130/><W80/><G5/><T9/><D108/><U79/><E1/><V8/><F81/><N who="3" m="31307" /><G43/><T51/><D103/><U95/><E79/><V44/><F44/><W55/><G68/><T54/><D9/><U109/><E115/><V126/><F126/><N who="3" m="48171" /><G70/><T64/><D125/><U107/><E107/><V98/><F69/><W42/><G42/><T58/><D35/><U111/><E36/><V133/><F106/><W101/><G101/><T19/><D34/><U47/><E15/><V24/><F102/><W77/><G77/><T29/><D91/><U114/><E114/><V74/><F133/><W37/><G37/><T48/><D12/><U82/><E82/><V30/><F27/><W73/><G73/><T3/><D3/><U23/><E31/><V0/><F74/><W14/><G14/><T100/><D100/><U89/><E89/><V71/><F0/><W105/><G105/><T67/><D29/><U40/><E40/><V96/><F26/><W119/><G119/><T99/><D123/><U76/><E76/><V61/><F30/><W13/><G13/><T62/><D122/><U38/><E38/><V134/><F134/><W50/><G50/><T94/><D51/><U25/><E25/><V75/><F75/><W116/><G116/><RYUUKYOKU ba="1,0" sc="279,-30,250,10,250,10,221,10" hai1="21,23,45,47,57,59,65,84,87,92,95,109,111" hai2="8,10,20,24,28,46,52,61,66,71,96,97,98" hai3="16,17,49,55,86,90,93" /><INIT seed="1,2,0,3,1,19" ten="249,260,260,231" oya="1" hai0="67,96,79,90,29,63,59,56,121,50,130,66,104" hai1="85,39,44,46,60,4,93,77,33,27,2,120,71" hai2="106,3,24,73,117,108,38,111,129,100,134,7,86" hai3="12,57,15,99,21,70,54,107,35,43,0,58,31"/><U89/><E120/><V114/><RYUUKYOKU type="yao9" ba="2,0" sc="249,0,260,0,260,0,231,0" hai2="3,7,24,38,73,86,100,106,108,111,114,117,129,134" /><INIT seed="1,3,0,5,0,60" ten="249,260,260,231" oya="1" hai0="44,38,82,88,120,46,114,67,77,47,32,43,130" hai1="20,69,93,65,106,68,104,5,99,72,76,124,23" hai2="115,24,35,39,37,36,66,54,121,29,2,59,112" hai3="73,116,0,11,49,9,100,126,81,14,63,87,6"/><U18/><E124/><V107/><F121/><W108/><G126/><T48/><D114/><N who="2" m="43562" /><F107/><W19/><G73/><T133/><D120/><U83/><E5/><V1/><F66/><W86/><G108/><T94/><D32/><U103/><E23/><V58/><F58/><W55/><G116/><T52/><D133/><U10/><E10/><V31/><F29/><W12/><G100/><T102/><D102/><U17/><E17/><V96/><F96/><W131/><G131/><T122/><D130/><U4/><E4/><V15/><F15/><W132/><G132/><T123/><D47/><U74/><E74/><V16/><F16/><W27/><G0/><T75/><REACH who="0" step="1"/><D67/><REACH who="0" ten="239,260,260,231" step="2"/><U78/><E104/><V80/><F80/><W22/><G27/><T101/><D101/><U7/><E106/><V70/><F70/><W13/><G11/><T110/><D110/><U45/><E69/><V90/><F90/><W113/><G9/><T98/><AGARI ba="3,1" hai="38,43,44,46,48,52,75,77,82,88,94,98,122,123" machi="98" ten="30,7900,0" yaku="1,1,0,1,54,2,53,0" doraHai="60" doraHaiUra="8" who="0" fromWho="0" sc="239,98,260,-42,260,-23,231,-23" /><INIT seed="2,0,0,5,0,95" ten="337,218,237,208" oya="2" hai0="131,47,127,86,38,87,4,60,52,54,59,21,53" hai1="126,30,16,107,39,7,90,8,120,66,116,91,128" hai2="79,63,115,2,129,69,17,1,92,48,41,75,99" hai3="42,9,51,77,56,19,109,33,84,72,104,50,78"/><V22/><F115/><W118/><G104/><T85/><D131/><U61/><E116/><V83/><F129/><W108/><G118/><T121/><D121/><U6/><E120/><V70/><F41/><W58/><G33/><T82/><D127/><U101/><E128/><V23/><F48/><N who="3" m="18475" /><G72/><T112/><D4/><U124/><E39/><V28/><F28/><W119/><G42/><T113/><D82/><U130/><E30/><V80/><F80/><W27/><G9/><T14/><D47/><U100/><E130/><V103/><F23/><W117/><G19/><N who="0" m="10487" /><D38/><U0/><E6/><V93/><F92/><W49/><N who="3" m="18483" /><W96/><DORA hai="110" /><G27/><T18/><D18/><U135/><E16/><V43/><F43/><W134/><G119/><T13/><D13/><U20/><E20/><V57/><F2/><W122/><G122/><T133/><D133/><U12/><E135/><V10/><F10/><W25/><G134/><T26/><D26/><U111/><E111/><N who="3" m="42570" /><G84/><N who="0" m="21507" /><T24/><DORA hai="62" /><D24/><U45/><E0/><V35/><F1/><W105/><G25/><T65/><D113/><U68/><E45/><V132/><F35/><W67/><G117/><T88/><D112/><U31/><E31/><V36/><F132/><W98/><G105/><T102/><D102/><N who="1" m="39531" /><E107/><V34/><F34/><W5/><G5/><T106/><D106/><U73/><E73/><V11/><F11/><W125/><G125/><AGARI ba="0,0" hai="7,8,12,61,66,68,90,91,124,125,126" m="39531" machi="125" ten="30,2000,0" yaku="18,1,52,1" doraHai="95,110,62" who="1" fromWho="3" sc="337,0,218,20,237,0,208,-20" /><INIT seed="3,0,0,5,0,118" ten="337,238,237,188" oya="3" hai0="76,99,66,25,79,133,73,0,123,20,124,106,108" hai1="56,68,55,28,114,125,29,135,42,93,54,122,23" hai2="50,3,67,44,24,90,84,12,43,91,21,113,38" hai3="5,60,110,35,61,74,96,31,111,121,11,82,39"/><W98/><G39/><T100/><D123/><U18/><E114/><V10/><F3/><W46/><G46/><T65/><D108/><N who="3" m="41513" /><G35/><T131/><D0/><U15/><E122/><V104/><F104/><W34/><G121/><T89/><D131/><U77/><E125/><V116/><F116/><W80/><G74/><T40/><D40/><U87/><E135/><V88/><F113/><W72/><G34/><T48/><D48/><N who="1" m="30791" /><E68/><V4/><F67/><W75/><G31/><T132/><D89/><N who="1" m="53439" /><E77/><N who="0" m="29769" /><D124/><U92/><E42/><V101/><F101/><W83/><G5/><T103/><D73/><N who="3" m="28233" /><G11/><T81/><D66/><U95/><E55/><V16/><REACH who="2" step="1"/><F38/><REACH who="2" ten="337,238,227,188" step="2"/><W63/><AGARI ba="0,1" hai="60,61,63,80,82,83,96,98" m="28233,41513" machi="63" ten="40,12000,1" yaku="28,2,14,1,10,1" doraHai="118" who="3" fromWho="3" sc="337,-40,238,-40,227,-40,188,130" owari="297,9.7,198,-20.2,187,-31.3,318,41.8" /></mjloggm>