<mjloggm ver="2.3"><GO type="225" lobby="0"/><UN n0="%E5%BE%80%E5%B9%B4%E3%81%AE%E3%82%B4%E3%83%AA%E3%83%A9" n1="%E6%A0%B9%E5%85%83%E3%81%8B%E3%82%89%E5%90%B9%E3%81%A3%E9%A3%9B%E3%81%B6" n2="%6D%75%75%6D%75%72%61" n3="%E3%82%B7%E3%83%B3%E5%A4%AA%E6%9C%97" dan="16,16,16,16" rate="2111.20,2178.22,2105.89,2150.09" sx="M,F,F,M"/><TAIKYOKU oya="0"/><INIT seed="0,0,0,5,3,125" ten="250,250,250,250" oya="0" hai0="7,56,38,20,61,35,37,32,104,67,85,124,106" hai1="42,74,122,9,3,86,2,129,26,100,117,22,91" hai2="21,63,88,1,46,52,121,76,58,101,24,126,80" hai3="114,102,131,112,108,135,17,23,82,30,16,62,109"/><T71/><D124/><U49/><E117/><V93/><F126/><W130/><G102/><T77/><D7/><U66/><E74/><V105/><F1/><W84/><G62/><T57/><D20/><U10/><E122/><V72/><F121/><W31/><G135/><T127/><D127/><U6/><E100/><V119/><F119/><W59/><G59/><T118/><D118/><U8/><E66/><V103/><F46/><W41/><G41/><T70/><D85/><U83/><E129/><N who="3" m="49162" /><G84/><T120/><D120/><U92/><E2/><V68/><F68/><W95/><G95/><T98/><D61/><U113/><E3/><V75/><F75/><W11/><G82/><T0/><D67/><U55/><E42/><V116/><F105/><W110/><G11/><T79/><D57/><N who="1" m="33007" /><E92/><V13/><F116/><W128/><N who="3" m="49170" /><W25/><DORA hai="99" /><G17/><T34/><D56/><U53/><E10/><V15/><F103/><W96/><G96/><T54/><D98/><U73/><E9/><V78/><F101/><W65/><G65/><T64/><D64/><U18/><E8/><V28/><F76/><W39/><G39/><T69/><D38/><U50/><E86/><AGARI ba="0,0" hai="13,15,21,24,28,52,58,63,72,78,80,86,88,93" machi="86" ten="30,3900,0" yaku="7,1,54,2" doraHai="125,99" who="2" fromWho="1" sc="250,0,250,-39,250,39,250,0" /><INIT seed="1,0,0,2,5,85" ten="250,211,289,250" oya="1" hai0="125,65,78,41,50,84,29,23,8,97,60,26,27" hai1="109,115,34,128,122,24,38,56,32,14,124,16,83" hai2="2,77,13,86,21,110,120,127,111,61,37,49,70" hai3="46,126,113,134,15,19,64,69,18,135,131,72,45"/><U28/><E115/><V73/><F37/><W42/><G113/><T55/><D125/><U96/><E122/><V51/><F2/><W94/><G72/><T11/><D41/><U130/><E124/><V74/><F127/><W104/><G126/><T3/><D3/><U53/><E38/><V48/><F120/><W98/><G104/><T82/><D97/><U25/><E83/><N who="2" m="47471" /><F70/><W101/><G131/><N who="1" m="50218" /><E96/><V63/><F21/><W105/><G105/><T5/><D5/><U116/><E116/><V108/><F13/><W10/><G19/><T75/><D75/><AGARI ba="0,0" hai="48,49,51,61,63,73,74,75,108,110,111" m="47471" machi="75" ten="40,1300,0" yaku="14,1" doraHai="85" who="2" fromWho="0" sc="250,-13,211,0,289,13,250,0" /><INIT seed="2,0,0,1,1,10" ten="237,211,302,250" oya="2" hai0="48,69,70,60,132,72,99,17,5,52,128,63,80" hai1="57,64,34,1,83,75,129,13,29,105,93,15,41" hai2="67,11,89,32,14,35,42,117,21,111,58,18,123" hai3="115,22,68,61,92,45,9,133,81,116,91,101,110"/><V3/><F117/><W131/><G116/><T96/><D132/><U84/><E1/><V0/><F123/><W126/><G133/><T46/><D128/><U25/><E105/><V28/><F111/><W95/><G131/><T102/><D5/><U114/><E114/><V2/><F42/><W43/><G110/><T104/><D99/><U6/><E129/><V7/><F89/><W20/><G9/><T33/><D33/><N who="2" m="12874" /><F58/><W16/><G22/><T74/><D17/><U82/><E6/><V38/><F67/><W106/><G106/><T53/><D53/><U88/><E41/><V71/><F71/><W94/><G68/><T107/><D107/><U109/><E109/><V40/><F38/><W76/><G115/><T12/><D70/><U65/><E65/><V120/><F40/><W112/><G61/><T62/><D69/><U51/><E51/><V44/><F44/><W125/><G101/><T97/><D97/><U49/><E49/><V30/><F120/><W119/><G91/><T121/><D121/><U100/><E100/><V127/><F127/><N who="3" m="48651" /><G119/><T59/><D46/><U122/><E122/><V19/><F19/><W77/><G112/><T103/><D103/><U24/><E64/><V36/><F36/><N who="3" m="21735" /><G81/><T37/><D80/><U54/><E83/><V8/><F8/><W98/><G98/><T90/><D37/><U47/><E82/><V118/><F118/><W135/><G135/><T26/><D90/><U86/><E88/><V56/><F56/><W50/><G50/><T134/><D134/><U55/><E57/><V73/><F73/><W66/><G66/><RYUUKYOKU ba="0,0" sc="237,-15,211,-15,302,15,250,15" hai2="0,2,3,7,11,14,18,21,28,30" hai3="16,20,76,77,92,94,95" /><INIT seed="2,1,0,4,3,123" ten="222,196,317,265" oya="2" hai0="18,57,2,4,90,119,23,117,85,126,112,95,3" hai1="102,80,131,76,15,79,6,98,101,66,52,1,89" hai2="47,128,34,38,32,55,40,19,54,122,104,7,81" hai3="91,133,0,11,107,29,111,103,21,33,108,44,10"/><V135/><F122/><W61/><G133/><T129/><D112/><U134/><E1/><V74/><F135/><W51/><G33/><T24/><D129/><U86/><E131/><V45/><F104/><W36/><G36/><T115/><D115/><U127/><E127/><V5/><F19/><W106/><G0/><T59/><D126/><U62/><E134/><V43/><F128/><W31/><G61/><T109/><D3/><U72/><E66/><V113/><F81/><W50/><G91/><T37/><D37/><U28/><E28/><N who="3" m="10826" /><G21/><T75/><D75/><U64/><E64/><V53/><F74/><W118/><G103/><N who="1" m="39434" /><E98/><V105/><F105/><N who="3" m="39947" /><G118/><T25/><D2/><U8/><E72/><V58/><F58/><AGARI ba="1,0" hai="6,8,15,52,58,62,76,79,80,86,89" m="39434" machi="58" ten="30,2000,0" yaku="8,1,54,1" doraHai="123" who="1" fromWho="2" sc="222,0,196,23,317,-23,265,0" /><INIT seed="3,0,0,4,0,114" ten="222,219,294,265" oya="3" hai0="116,60,72,14,65,2,8,85,13,132,119,38,90" hai1="112,98,103,66,107,39,59,117,54,133,47,64,57" hai2="83,55,45,41,16,115,128,104,58,19,67,108,82" hai3="123,135,23,105,17,121,80,122,32,86,131,56,134"/><W6/><G105/><T0/><D72/><U22/><E112/><V30/><F104/><W84/><G32/><T69/><D38/><U12/><E133/><N who="3" m="50698" /><G131/><T18/><D132/><U20/><E57/><V42/><F115/><W52/><G6/><T35/><D35/><U130/><E130/><V25/><F128/><W34/><G34/><T127/><D127/><U76/><E76/><V3/><F3/><W118/><G80/><N who="2" m="30761" /><F67/><W7/><G7/><T74/><D74/><U36/><E117/><V61/><F108/><W46/><G118/><T24/><D2/><U26/><E39/><V97/><F97/><W9/><G9/><T37/><D37/><U21/><E26/><V99/><F99/><W111/><G46/><T92/><D0/><U15/><E15/><V126/><F126/><W113/><G111/><T124/><D124/><U100/><E12/><V95/><F95/><W125/><G113/><T96/><D24/><U70/><E70/><V33/><F33/><W27/><G125/><T87/><D14/><U49/><REACH who="1" step="1"/><E103/><REACH who="1" ten="222,209,294,265" step="2"/><V63/><F25/><W50/><AGARI ba="0,1" hai="17,23,27,50,52,56,84,86,121,122,123" m="50698" machi="50" ten="40,3900,0" yaku="20,1,54,1" doraHai="114" who="3" fromWho="3" sc="222,-13,209,-13,294,-13,265,49" owari="209,-19.1,196,-30.4,281,8.1,314,41.4" /></mjloggm>