<mjloggm ver="2.3"><GO type="225" lobby="0"/><UN n0="%28%EF%BF%A3%E2%96%BD%EF%BF%A3%29%CE%B4%E2%8C%92%E3%83%BB" n1="%30%2E%31%32%30" n2="%E7%B4%94%E6%BD%94%E3%83%94%E3%83%A9%E3%83%8B%E3%82%A2" n3="%E3%83%A9%E3%82%A4%E3%83%B3%E3%81%AE%E8%99%8E" dan="17,16,17,16" rate="2270.34,2134.94,2222.56,2112.63" sx="M,M,M,M"/><TAIKYOKU oya="0"/><INIT seed="0,0,0,3,0,71" ten="250,250,250,250" oya="0" hai0="119,92,36,129,103,42,108,35,44,75,24,60,94" hai1="8,111,109,113,131,10,33,116,77,82,40,43,41" hai2="47,100,96,5,38,81,124,17,45,128,110,78,58" hai3="88,65,85,25,18,69,32,132,34,50,72,20,117"/><T51/><D75/><U49/><E116/><V91/><F110/><N who="1" m="41993" /><E33/><V104/><F128/><W67/><G117/><T133/><D119/><U7/><E131/><V112/><F124/><W87/><G72/><T53/><D129/><U66/><E113/><V19/><F112/><W114/><G132/><T48/><D108/><U13/><E66/><V123/><F123/><W0/><G0/><T130/><D130/><U39/><E49/><V97/><F58/><W68/><G114/><T61/><D133/><U105/><E105/><V23/><F5/><W55/><G67/><T127/><D51/><U26/><E26/><V12/><F19/><W63/><G69/><T14/><D127/><U56/><E56/><V101/><F91/><W79/><G79/><T120/><D120/><U73/><E10/><V28/><F28/><W46/><REACH who="3" step="1"/><G85/><REACH who="3" ten="250,250,250,240" step="2"/><T83/><D83/><AGARI ba="0,1" hai="18,20,25,32,34,46,50,55,63,65,68,83,87,88" machi="83" ten="30,7700,0" yaku="1,1,2,1,7,1,54,1,53,0" doraHai="71" doraHaiUra="118" who="3" fromWho="0" sc="250,-77,250,0,250,0,240,87" /><INIT seed="1,0,0,3,0,10" ten="173,250,250,327" oya="1" hai0="125,67,116,62,87,106,131,1,83,122,102,88,134" hai1="124,112,115,30,23,12,81,109,35,126,48,42,14" hai2="95,96,90,65,80,75,0,105,41,128,18,114,26" hai3="103,89,108,57,36,66,43,20,129,78,92,24,59"/><U11/><E81/><V46/><F0/><W113/><G108/><T71/><D116/><U34/><E42/><V76/><F128/><W6/><G129/><T40/><D131/><U32/><E48/><V13/><F114/><N who="1" m="43561" /><E109/><V19/><F26/><W39/><G113/><T121/><D1/><U84/><E84/><V51/><F65/><W99/><G6/><T7/><D7/><N who="1" m="3199" /><E30/><V5/><F105/><W17/><G78/><T100/><D40/><U49/><E49/><V31/><F31/><W123/><G43/><T82/><D82/><U8/><E23/><V93/><F93/><W58/><G39/><T54/><D54/><U69/><E69/><V61/><F61/><W79/><G79/><T50/><D50/><U25/><E25/><V4/><F19/><AGARI ba="0,0" hai="8,14,19,32,34,35,124,126" m="3199,43561" machi="19" ten="40,12000,1" yaku="34,2,52,2" doraHai="10" who="1" fromWho="2" sc="173,0,250,120,250,-120,327,0" /><INIT seed="1,1,0,2,4,95" ten="173,370,130,327" oya="1" hai0="61,89,123,22,96,30,106,107,134,127,109,58,50" hai1="81,2,119,114,31,132,101,72,100,92,93,71,38" hai2="15,97,46,5,10,90,17,6,24,99,113,56,42" hai3="126,7,68,129,44,63,128,79,115,117,62,40,52"/><U27/><E119/><V135/><F135/><W91/><G79/><T60/><D134/><U12/><E132/><V35/><F113/><W34/><G34/><T64/><D109/><U11/><E2/><V43/><F35/><W82/><G7/><N who="2" m="2569" /><F90/><W69/><G91/><T83/><D127/><U36/><E71/><N who="3" m="27210" /><G82/><T14/><D123/><U16/><E114/><V23/><F56/><N who="3" m="35079" /><G115/><T88/><D60/><U133/><E133/><V21/><F46/><W98/><G98/><N who="2" m="37385" /><F21/><W45/><G126/><T75/><D75/><U9/><E9/><V1/><F1/><W20/><G20/><T118/><D118/><U80/><E11/><V121/><F121/><W65/><G117/><T19/><D107/><U108/><E108/><V77/><F77/><W124/><G124/><T76/><D76/><U18/><E72/><V0/><F0/><W8/><G8/><T54/><D83/><U41/><E80/><V53/><F53/><W57/><G44/><T13/><D106/><U25/><E81/><V51/><F51/><AGARI ba="1,0" hai="40,45,51,57,63,65,128,129" m="35079,27210" machi="51" ten="30,3900,0" yaku="34,2,54,1" doraHai="95" who="3" fromWho="2" sc="173,0,370,0,130,-42,327,42" /><INIT seed="2,0,0,0,1,6" ten="173,370,88,369" oya="2" hai0="59,75,53,31,104,131,126,105,128,13,80,66,50" hai1="67,70,124,129,60,24,92,28,54,122,102,37,36" hai2="90,19,55,23,69,73,65,26,45,95,111,30,82" hai3="63,94,14,127,4,135,1,9,49,78,100,47,34"/><V110/><F69/><W85/><G127/><T116/><D126/><U84/><E124/><V88/><F65/><W97/><G135/><T3/><D3/><U77/><E54/><V46/><F73/><W52/><G34/><T121/><D121/><U16/><E122/><V87/><F30/><W18/><G63/><T113/><D113/><U2/><E2/><V44/><REACH who="2" step="1"/><F55/><REACH who="2" ten="173,370,78,369" step="2"/><W39/><G39/><T76/><D31/><U10/><E36/><V106/><F106/><W96/><G96/><AGARI ba="0,1" hai="19,23,26,44,45,46,82,87,88,90,95,96,110,111" machi="96" ten="40,3900,0" yaku="1,1,54,1,53,0" doraHai="6" doraHaiUra="103" who="2" fromWho="3" sc="173,0,370,0,78,49,369,-39" /><INIT seed="2,1,0,2,1,98" ten="173,370,127,330" oya="2" hai0="118,9,132,59,40,29,104,74,32,77,61,42,119" hai1="14,103,109,26,22,62,105,101,100,10,5,3,46" hai2="76,69,125,84,88,44,0,63,39,7,116,2,1" hai3="55,23,8,67,49,27,24,78,94,82,48,130,117"/><V91/><F7/><W75/><G117/><N who="0" m="44555" /><D104/><U13/><E105/><V64/><F116/><W113/><G130/><T65/><D132/><U20/><E109/><V108/><F108/><W120/><G120/><T128/><D128/><U38/><E62/><V12/><F12/><W122/><G122/><T37/><D9/><U135/><E135/><V41/><REACH who="2" step="1"/><F125/><REACH who="2" ten="173,370,117,330" step="2"/><W11/><G113/><T56/><D37/><U58/><E14/><V28/><F28/><W66/><G27/><N who="0" m="18495" /><D59/><U60/><E13/><V83/><AGARI ba="1,1" hai="0,1,2,39,41,44,63,64,69,76,83,84,88,91" machi="83" ten="40,7800,0" yaku="1,1,0,1,54,1,53,0" doraHai="98" doraHaiUra="19" who="2" fromWho="2" sc="173,-27,370,-27,117,91,330,-27" /><INIT seed="2,2,0,1,3,61" ten="146,343,208,303" oya="2" hai0="42,22,4,121,18,39,95,80,44,129,119,7,19" hai1="47,89,79,31,57,100,67,112,115,27,114,65,109" hai2="102,62,43,17,98,20,45,71,69,24,72,117,16" hai3="15,2,97,101,52,34,93,135,32,14,131,86,116"/><V130/><F117/><W8/><G116/><T99/><D121/><U70/><E70/><V12/><F72/><W94/><G2/><T54/><D119/><U128/><E79/><V126/><F130/><W134/><G131/><T36/><D129/><U78/><E128/><V111/><F126/><W35/><G52/><T113/><D113/><U108/><E78/><V64/><F111/><W41/><G41/><T127/><D127/><U66/><E47/><V120/><F120/><W63/><G63/><T23/><D80/><U38/><E38/><V106/><F69/><W53/><G53/><T50/><D39/><U28/><E100/><V123/><F123/><W29/><G29/><N who="1" m="11338" /><E57/><V103/><F103/><W96/><G86/><T133/><D133/><N who="3" m="50697" /><G8/><T91/><D36/><U132/><E132/><V110/><F110/><N who="1" m="42601" /><E27/><V83/><F83/><W21/><G21/><T60/><D60/><U26/><E26/><V84/><F84/><W11/><G11/><T49/><D49/><U125/><E125/><V77/><F77/><W9/><G9/><T68/><D68/><U75/><E89/><AGARI ba="2,0" hai="14,15,32,34,35,89,93,94,96,97,101" m="50697" machi="89" ten="40,1300,0" yaku="20,1" doraHai="61" who="3" fromWho="1" sc="146,0,343,-19,208,0,303,19" /><INIT seed="3,0,0,4,2,31" ten="146,324,208,322" oya="3" hai0="101,36,27,20,3,43,44,4,0,135,28,133,130" hai1="114,99,82,96,10,83,104,95,45,89,42,84,57" hai2="127,14,8,103,58,47,64,11,72,55,54,13,120" hai3="105,113,49,40,25,117,90,81,70,118,115,1,128"/><W111/><G1/><T38/><D130/><U91/><E114/><N who="3" m="43530" /><G25/><T34/><D38/><U110/><E110/><V124/><F72/><W86/><G70/><T52/><D101/><U22/><E104/><V93/><F103/><W75/><G49/><T6/><D20/><U21/><E57/><V80/><F93/><N who="3" m="54487" /><G40/><T85/><D85/><N who="1" m="50367" /><E10/><V5/><F80/><W7/><G7/><T63/><D6/><U46/><E99/><V60/><F120/><W61/><G61/><T41/><D41/><U94/><E94/><V100/><F100/><W59/><G59/><T26/><D26/><U132/><E42/><V126/><F47/><N who="1" m="17929" /><E132/><N who="0" m="50761" /><D4/><AGARI ba="0,0" hai="4,5,8,11,13,14,54,55,58,60,64,124,126,127" machi="4" ten="40,2600,0" yaku="9,1,18,1" doraHai="31" who="2" fromWho="0" sc="146,-26,324,0,208,26,322,0" owari="120,-38.0,324,42.4,234,-16.6,322,12.2" /></mjloggm>