<mjloggm ver="2.3"><GO type="225" lobby="0"/><UN n0="%E7%B4%94%E6%BD%94%E3%83%94%E3%83%A9%E3%83%8B%E3%82%A2" n1="%6B%65%6E%6E%64%69" n2="%72%69%6F%75%63%68%61%6E" n3="%61%69%73%79%6F" dan="18,16,16,17" rate="2207.58,2163.33,2129.27,2230.20" sx="M,M,M,M"/><TAIKYOKU oya="0"/><INIT seed="0,0,0,5,3,8" ten="250,250,250,250" oya="0" hai0="52,97,103,49,11,74,85,43,50,122,4,22,121" hai1="101,88,135,129,113,57,10,30,80,9,86,84,23" hai2="31,67,27,117,12,111,116,5,130,132,48,62,63" hai3="124,3,47,110,65,123,96,19,46,81,128,0,61"/><T24/><D74/><U75/><E75/><V38/><F111/><W104/><G110/><T79/><D49/><U66/><E129/><V90/><F132/><W120/><G124/><T93/><D43/><U91/><E135/><V102/><F130/><W68/><G128/><T56/><D79/><U58/><E101/><V89/><F38/><W105/><G81/><T98/><D98/><U54/><E113/><V95/><F102/><N who="3" m="62535" /><G105/><T7/><D7/><U37/><E37/><V131/><F131/><W108/><G19/><T2/><REACH who="0" step="1"/><D85/><REACH who="0" ten="240,250,250,250" step="2"/><U45/><E86/><V41/><F41/><W72/><G72/><T42/><D42/><U53/><E84/><V21/><F48/><W125/><G108/><T16/><AGARI ba="0,1" hai="2,4,11,16,22,24,50,52,56,93,97,103,121,122" machi="16" ten="20,12000,1" yaku="1,1,0,1,7,1,54,2,53,0" doraHai="8" doraHaiUra="112" who="0" fromWho="0" sc="240,130,250,-40,250,-40,250,-40" /><INIT seed="0,1,0,3,2,43" ten="370,210,210,210" oya="0" hai0="133,18,106,20,88,6,41,60,127,128,112,131,54" hai1="32,12,83,118,65,34,121,7,3,123,15,58,95" hai2="57,8,69,132,40,93,29,17,64,102,125,38,77" hai3="76,10,14,36,48,73,59,28,115,55,37,11,109"/><T78/><D106/><U0/><E95/><V135/><F125/><W61/><G115/><T27/><D127/><U13/><E58/><V134/><F69/><W56/><G109/><T89/><D112/><U1/><E83/><V45/><F29/><W33/><G10/><T35/><D35/><N who="1" m="13355" /><E65/><V119/><F119/><W107/><G107/><T84/><D41/><U70/><E70/><V72/><F8/><W120/><G120/><N who="1" m="46154" /><E118/><V82/><F17/><W42/><G76/><T94/><D6/><AGARI ba="1,0" hai="0,1,3,6,7,12,13,15" m="46154,13355" machi="6" ten="50,8000,1" yaku="28,2,34,2" doraHai="43" who="1" fromWho="0" sc="370,-83,210,83,210,0,210,0" /><INIT seed="1,0,0,5,3,107" ten="287,293,210,210" oya="1" hai0="135,27,17,116,46,15,48,30,57,20,128,37,66" hai1="85,103,95,133,51,74,0,50,11,78,94,96,124" hai2="18,45,67,54,115,99,132,102,56,72,92,26,25" hai3="16,104,6,64,29,129,108,59,130,100,21,55,114"/><U38/><E38/><V33/><F132/><W105/><G114/><T3/><D135/><U134/><E134/><V126/><F126/><W41/><G108/><T90/><D116/><U1/><E133/><V79/><F115/><W80/><G41/><T113/><D113/><U111/><E124/><V117/><F117/><W118/><G6/><T32/><D128/><N who="3" m="49257" /><G64/><T120/><D120/><U22/><E111/><V122/><F122/><W125/><G29/><T121/><D121/><U97/><E22/><V5/><F5/><W84/><G100/><T88/><D3/><U44/><E85/><V23/><F67/><W93/><G93/><T4/><D4/><U42/><E11/><V13/><F33/><W101/><G101/><T123/><D123/><U36/><E0/><V52/><F45/><W86/><G86/><T71/><D71/><U43/><E43/><V109/><F109/><W81/><G81/><T106/><D106/><U2/><E2/><V24/><REACH who="2" step="1"/><F56/><REACH who="2" ten="287,293,200,210" step="2"/><W34/><G34/><T58/><D58/><U19/><E44/><V60/><F60/><N who="3" m="35967" /><G125/><T68/><D68/><U63/><E63/><V8/><F8/><W40/><G118/><T76/><D66/><U39/><E1/><V82/><AGARI ba="0,1" hai="13,18,23,24,25,26,52,54,72,79,82,92,99,102" machi="82" ten="30,8000,1" yaku="1,1,0,1,52,1,54,1,53,1" doraHai="107" doraHaiUra="91" who="2" fromWho="2" sc="287,-20,293,-40,200,90,210,-20" /><INIT seed="2,0,0,3,4,58" ten="267,253,290,190" oya="2" hai0="76,88,41,22,81,108,38,7,87,19,72,123,45" hai1="110,5,122,30,4,66,69,100,89,121,57,54,75" hai2="9,55,102,34,126,129,18,70,17,35,116,0,95" hai3="12,128,106,120,37,77,14,84,60,42,13,29,39"/><V85/><F116/><W80/><G120/><N who="1" m="46186" /><E75/><V114/><F114/><W27/><G106/><T62/><D123/><U56/><E110/><V105/><F70/><W21/><G128/><T112/><D108/><U135/><E135/><V65/><F65/><W15/><N who="3" m="3072" /><DORA hai="6" /><W93/><G42/><T53/><D7/><N who="1" m="2635" /><E100/><V92/><F0/><W43/><G43/><T3/><D3/><U73/><E73/><V71/><F71/><W46/><G46/><T67/><D53/><U52/><E30/><V28/><F55/><N who="1" m="21033" /><E89/><V127/><F28/><W130/><G130/><T90/><D112/><U2/><E2/><V44/><F102/><W51/><G51/><T74/><D72/><U101/><E101/><V31/><F31/><W103/><REACH who="3" step="1"/><G60/><AGARI ba="0,0" hai="56,57,60,66,69" m="21033,2635,46186" machi="60" ten="30,3900,0" yaku="13,1,52,1,54,1" doraHai="58,6" who="1" fromWho="3" sc="267,0,253,39,290,0,190,-39" /><INIT seed="3,0,0,4,2,38" ten="267,292,290,151" oya="3" hai0="103,107,120,97,131,56,20,89,106,63,87,91,126" hai1="76,130,66,109,43,67,53,1,40,25,36,92,113" hai2="125,17,60,116,81,54,135,61,86,75,96,41,49" hai3="73,121,34,51,0,12,133,117,69,88,11,35,16"/><W124/><G69/><T122/><D126/><U129/><E109/><V123/><F116/><W13/><G121/><T28/><D131/><N who="1" m="50187" /><E113/><V50/><F75/><W93/><G117/><T128/><D128/><U26/><E1/><V7/><F123/><W57/><G73/><T104/><D122/><U27/><E76/><V19/><F125/><W29/><G0/><T33/><D33/><U65/><E36/><V21/><F135/><W105/><G105/><T115/><D115/><U77/><E77/><V99/><F7/><W47/><G133/><T132/><D120/><U62/><E92/><V18/><F21/><N who="3" m="11399" /><G29/><T102/><D132/><U24/><E24/><V84/><F41/><N who="1" m="15945" /><E53/><V32/><F32/><W108/><G108/><T110/><D110/><U22/><E22/><V111/><F111/><W85/><G124/><T119/><D119/><U44/><E44/><N who="2" m="27943" /><F50/><W8/><G47/><T23/><D107/><U39/><E39/><V5/><F81/><W100/><G11/><T80/><D28/><U114/><E114/><V2/><F2/><W10/><G8/><T90/><D20/><U98/><E98/><V95/><F96/><W71/><G71/><AGARI ba="0,0" hai="25,26,27,62,65,66,67,71" m="15945,50187" machi="71" ten="30,7700,0" yaku="19,1,52,3" doraHai="38" who="1" fromWho="3" sc="267,0,292,77,290,0,151,-77" owari="267,-13.3,369,46.9,290,9.0,74,-42.6" /></mjloggm>