<mjloggm ver="2.3"><GO type="225" lobby="0"/><UN n0="%E3%81%8F%E3%82%8A%E3%83%94%E3%83%BC" n1="%E6%A0%B9%E5%85%83%E3%81%8B%E3%82%89%E5%90%B9%E3%81%A3%E9%A3%9B%E3%81%B6" n2="%6D%75%75%6D%75%72%61" n3="%E3%81%B7%E3%82%8A%E3%82%93%E8%81%96%E4%BA%BA" dan="16,17,16,16" rate="2099.11,2218.15,2093.46,2144.13" sx="M,F,F,M"/><TAIKYOKU oya="0"/><INIT seed="0,0,0,5,3,90" ten="250,250,250,250" oya="0" hai0="69,13,128,104,45,135,22,82,124,103,119,56,132" hai1="15,11,112,7,50,67,116,0,30,17,21,23,18" hai2="38,52,76,102,54,125,74,126,25,91,114,59,24" hai3="79,33,83,105,87,70,47,130,107,64,101,5,66"/><T94/><D69/><U133/><E116/><V93/><F38/><W131/><G33/><T34/><D34/><U3/><E67/><V63/><F114/><W123/><G5/><T58/><D119/><U106/><E106/><V35/><F102/><W88/><G64/><T28/><D104/><N who="3" m="40009" /><G47/><T48/><D82/><U29/><E50/><V53/><F76/><W32/><G32/><T84/><D124/><N who="2" m="47722" /><F74/><N who="3" m="43511" /><G66/><T65/><D128/><N who="3" m="49193" /><G70/><T46/><D46/><U73/><E133/><N who="0" m="51273" /><D65/><U100/><E112/><V95/><F24/><W43/><G43/><N who="0" m="24639" /><D103/><U75/><E100/><V37/><F37/><W109/><G101/><T55/><D55/><N who="2" m="21066" /><F91/><W117/><G117/><T96/><D56/><U115/><E115/><V62/><F62/><W51/><G51/><T14/><D58/><U44/><E44/><V72/><F72/><W68/><G68/><T60/><D60/><U41/><E75/><V113/><F113/><W57/><G57/><T98/><D28/><AGARI ba="0,0" hai="25,28,35,54,59,63,93,95" m="21066,47722" machi="28" ten="30,7700,0" yaku="18,1,52,2,54,1" doraHai="90" who="2" fromWho="0" sc="250,-77,250,0,250,77,250,0" /><INIT seed="1,0,0,0,5,66" ten="173,250,327,250" oya="1" hai0="97,23,25,37,53,10,44,102,6,7,113,109,38" hai1="86,114,105,29,128,8,27,117,130,121,22,43,59" hai2="126,127,46,69,96,71,45,32,2,34,57,19,87" hai3="63,49,40,3,1,98,31,39,4,93,65,79,81"/><U21/><E114/><V62/><F2/><W0/><G31/><T94/><D109/><U82/><E105/><V9/><F87/><W75/><G49/><T108/><D108/><U24/><E117/><V67/><F96/><W122/><G122/><T12/><D113/><U41/><E121/><V72/><F72/><W13/><G13/><T90/><D6/><U133/><E133/><V78/><F78/><W135/><G135/><T11/><D11/><U54/><E8/><V106/><F106/><W129/><G129/><N who="1" m="49770" /><E54/><V115/><F115/><W51/><G51/><T33/><D33/><N who="2" m="12906" /><F19/><W116/><G116/><T50/><REACH who="0" step="1"/><D102/><REACH who="0" ten="163,250,327,250" step="2"/><U16/><E59/><V107/><F9/><W15/><G4/><T28/><AGARI ba="0,1" hai="7,10,12,23,25,28,37,38,44,50,53,90,94,97" machi="28" ten="20,5200,0" yaku="1,1,2,1,0,1,7,1,53,0" doraHai="66" doraHaiUra="123" who="0" fromWho="0" sc="163,62,250,-26,327,-13,250,-13" /><INIT seed="2,0,0,1,2,23" ten="225,224,314,237" oya="2" hai0="8,91,105,74,64,120,58,81,100,134,114,89,1" hai1="46,35,59,70,123,127,85,103,83,113,61,121,102" hai2="30,119,4,51,39,45,31,93,3,54,125,132,24" hai3="37,17,11,77,104,87,130,62,90,47,5,133,97"/><V13/><F119/><W42/><G130/><T115/><D120/><U14/><E113/><V128/><F3/><W135/><G77/><N who="0" m="44215" /><D58/><U32/><E70/><V99/><F128/><W28/><G17/><T66/><D8/><U9/><E35/><V40/><F125/><W82/><G62/><T20/><D20/><U49/><E49/><BYE who="1" /><V0/><F132/><N who="3" m="50763" /><G28/><T129/><D1/><U65/><E65/><V78/><F0/><N who="3" m="423" /><G97/><N who="0" m="61583" /><D64/><U43/><E43/><V79/><F39/><W71/><G104/><T21/><D66/><UN n1="%E6%A0%B9%E5%85%83%E3%81%8B%E3%82%89%E5%90%B9%E3%81%A3%E9%A3%9B%E3%81%B6" /><U10/><E127/><V48/><F13/><W50/><G71/><T95/><D21/><U22/><E32/><V106/><F4/><W75/><G75/><T6/><D6/><N who="1" m="3383" /><E46/><N who="2" m="27927" /><F106/><W34/><G34/><T126/><D134/><U29/><E10/><V80/><F31/><W124/><G124/><T84/><D126/><U88/><E123/><V108/><F30/><W86/><G86/><N who="0" m="52663" /><D129/><U117/><E121/><V16/><F51/><AGARI ba="0,0" hai="37,42,47,50,51,82,87,90" m="423,50763" machi="51" ten="30,1000,0" yaku="20,1" doraHai="23" who="3" fromWho="2" sc="225,0,224,0,314,-10,237,10" /><INIT seed="3,0,0,1,1,118" ten="225,224,304,247" oya="3" hai0="61,74,27,128,41,13,18,117,29,123,49,60,62" hai1="12,84,26,42,1,89,5,114,36,15,76,125,55" hai2="53,30,108,25,122,70,113,45,39,129,11,9,20" hai3="2,119,32,8,71,34,81,134,35,95,75,121,64"/><W109/><G119/><T120/><D117/><U21/><E114/><V104/><F113/><W16/><G134/><T94/><D74/><U65/><E1/><V97/><F70/><W83/><G71/><T69/><D69/><U43/><E36/><V6/><F108/><W33/><G64/><T87/><D128/><U111/><E111/><V3/><F129/><W124/><G109/><T86/><D41/><N who="1" m="15371" /><E125/><V24/><F39/><W72/><G35/><T100/><D49/><U93/><E65/><V96/><F104/><W116/><G116/><T126/><D126/><U47/><E5/><V44/><F53/><W10/><G124/><T90/><D87/><U133/><E133/><V106/><F106/><W132/><G132/><T17/><D100/><U80/><E55/><V115/><F115/><W82/><G95/><T51/><D51/><U85/><E47/><V52/><F6/><W31/><G31/><AGARI ba="0,0" hai="12,15,21,26,31,76,80,84,85,89,93" m="15371" machi="31" ten="30,1000,0" yaku="8,1" doraHai="118" who="1" fromWho="3" sc="225,0,224,10,304,0,247,-10" owari="225,-27.5,234,-16.6,304,40.4,237,3.7" /></mjloggm>