<mjloggm ver="2.3"><GO type="225" lobby="0"/><UN n0="%E5%8F%AF%E5%85%90%E9%82%A3%E7%94%B1%E5%A4%9A" n1="%E3%81%A8%E3%82%93%E3%81%A8%E3%81%93%E3%81%A8%E3%82%93" n2="%E3%82%BC%E3%83%AB%E3%83%80%E3%81%AE%E4%BC%9D%E8%AA%AC" n3="%E3%81%8B%E3%82%8F%E3%81%A1%E3%82%83%E3%82%93%35%38" dan="16,16,17,17" rate="2230.27,2116.70,2209.14,2184.50" sx="F,M,M,M"/><TAIKYOKU oya="0"/><INIT seed="0,0,0,3,3,4" ten="250,250,250,250" oya="0" hai0="41,129,104,113,123,15,65,39,49,27,11,52,67" hai1="0,25,126,13,135,28,61,77,44,89,85,33,84" hai2="43,131,32,115,62,101,110,83,76,95,108,19,80" hai3="114,1,6,64,87,17,38,71,128,132,58,72,130"/><T2/><D113/><U90/><E0/><V18/><F115/><W82/><G114/><T53/><D123/><U133/><E126/><V57/><F32/><W68/><G72/><T112/><D112/><U31/><E61/><V30/><F30/><W127/><G38/><T122/><D122/><U121/><E121/><V73/><F131/><W29/><G29/><T23/><D2/><U22/><E44/><V91/><F43/><W117/><G117/><T21/><D104/><U70/><E70/><V46/><F46/><W63/><G127/><T42/><D39/><U96/><E96/><N who="2" m="57471" /><F83/><W100/><G100/><T20/><D129/><N who="3" m="49769" /><G132/><N who="1" m="50762" /><E77/><V78/><F78/><N who="3" m="46551" /><G17/><N who="0" m="8447" /><D27/><N who="1" m="16503" /><E13/><V26/><F101/><W81/><G81/><T124/><D124/><U5/><E5/><V51/><F51/><W102/><G102/><T40/><D49/><U14/><E14/><V119/><F119/><W125/><G125/><T111/><D111/><N who="2" m="42538" /><F26/><W79/><G79/><T16/><D16/><U60/><E60/><V37/><F37/><W36/><G36/><T45/><D45/><U10/><E90/><V56/><F56/><W54/><G6/><T75/><D75/><U50/><E89/><V55/><AGARI ba="0,0" hai="18,19,55,57,62,73,76,80" m="42538,57471" machi="55" ten="30,1100,0" yaku="14,1" doraHai="4" who="2" fromWho="2" sc="250,-5,250,-3,250,11,250,-3" /><INIT seed="1,0,0,4,2,92" ten="245,247,261,247" oya="1" hai0="43,13,11,119,98,0,21,95,87,35,28,86,32" hai1="9,126,108,125,82,89,111,20,76,68,40,101,33" hai2="100,42,19,116,104,15,52,48,10,109,46,135,30" hai3="66,127,58,26,18,37,102,103,88,112,64,56,114"/><U53/><E33/><V1/><F116/><W54/><G37/><T132/><D119/><U74/><E68/><V17/><F109/><N who="1" m="42057" /><E40/><V131/><F135/><W51/><G127/><N who="1" m="48650" /><E9/><V71/><F131/><W22/><G114/><T50/><D132/><U7/><E7/><V29/><F1/><W57/><G112/><T5/><D35/><U128/><E53/><V16/><F71/><W113/><G113/><T77/><D77/><U39/><E20/><V49/><F104/><W59/><REACH who="3" step="1"/><G88/><REACH who="3" ten="245,247,261,237" step="2"/><N who="0" m="55655" /><D32/><U67/><E39/><V80/><F100/><AGARI ba="0,1" hai="18,22,26,51,54,56,57,58,59,64,66,100,102,103" machi="100" ten="40,2600,0" yaku="1,1,8,1,53,0" doraHai="92" doraHaiUra="70" who="3" fromWho="2" sc="245,0,247,0,261,-26,237,36" /><INIT seed="2,0,0,0,1,102" ten="245,247,235,273" oya="2" hai0="10,73,37,96,21,14,60,3,107,117,105,131,65" hai1="87,44,39,7,95,128,92,66,11,40,113,125,100" hai2="58,53,42,99,126,59,27,26,135,28,86,52,76" hai3="12,81,98,23,63,51,57,15,80,19,0,49,118"/><V2/><F126/><W62/><G0/><T69/><D73/><U70/><E113/><V25/><F135/><W6/><G118/><T9/><D37/><U17/><E125/><V34/><F2/><W91/><G63/><T115/><D115/><U77/><E128/><V134/><F134/><W110/><G110/><T79/><D79/><U116/><E116/><V109/><F109/><W89/><G89/><T78/><D78/><U114/><E114/><V132/><F132/><W130/><G130/><T24/><D131/><U85/><E17/><V56/><F42/><W30/><G30/><T84/><D117/><U108/><E108/><V41/><F41/><W22/><G81/><T4/><D84/><U31/><E31/><V61/><F99/><W103/><G91/><T123/><D96/><U45/><E44/><V101/><F101/><W35/><G35/><T88/><D88/><U124/><E124/><V54/><REACH who="2" step="1"/><F61/><REACH who="2" ten="245,247,225,273" step="2"/><W120/><G98/><T129/><D129/><U67/><E100/><V121/><F121/><W55/><G103/><T47/><D123/><U20/><E40/><V68/><F68/><W93/><G120/><T5/><REACH who="0" step="1"/><D47/><REACH who="0" ten="235,247,225,273" step="2"/><U46/><E45/><V13/><F13/><W43/><G15/><T111/><D111/><U36/><E46/><V38/><F38/><W97/><G12/><T33/><D33/><U75/><E36/><V72/><F72/><W90/><G97/><T112/><D112/><U64/><E39/><V119/><F119/><W50/><G93/><T1/><D1/><U122/><E92/><V48/><F48/><W18/><G50/><RYUUKYOKU ba="0,2" sc="235,15,247,-15,225,15,273,-15" hai0="3,4,5,9,10,14,21,24,60,65,69,105,107" hai2="25,26,27,28,34,52,53,54,56,58,59,76,86" /><INIT seed="2,1,2,4,1,57" ten="250,232,240,258" oya="2" hai0="109,53,101,97,79,76,95,67,104,52,113,99,108" hai1="111,85,125,61,96,130,25,81,20,37,71,116,63" hai2="26,47,5,123,135,13,4,106,107,70,86,9,22" hai3="41,69,1,15,7,40,117,49,80,30,18,58,72"/><V78/><F123/><W24/><G69/><T133/><D67/><U62/><E116/><V56/><F70/><W98/><G117/><T126/><D113/><U43/><E111/><N who="0" m="42569" /><D126/><U44/><E125/><V2/><F135/><W134/><G134/><T42/><D42/><U83/><E130/><V31/><F56/><W121/><G121/><T19/><D133/><U103/><E71/><V124/><F124/><W73/><G73/><T122/><D122/><U127/><E85/><V93/><F47/><W59/><G72/><T51/><D19/><U33/><E33/><N who="2" m="20727" /><F5/><W90/><G7/><T11/><D11/><U54/><E54/><N who="0" m="21097" /><D51/><U46/><E46/><V0/><F0/><W21/><G1/><T55/><N who="0" m="21105" /><T45/><DORA hai="89" /><D45/><U112/><E112/><V91/><F78/><W48/><G48/><T10/><D10/><U8/><E8/><V84/><F84/><N who="3" m="50439" /><G49/><T105/><D105/><U75/><E127/><V65/><F65/><W39/><G41/><T74/><D74/><U128/><E75/><V82/><F106/><W94/><G40/><T27/><D27/><U77/><E128/><V68/><F107/><W132/><G132/><T17/><D17/><U87/><E83/><V114/><F114/><W60/><G39/><T66/><D66/><U120/><E120/><V64/><F82/><W3/><G3/><T23/><D23/><U34/><E34/><V88/><F64/><N who="3" m="38935" /><G59/><T14/><D14/><U36/><E36/><V92/><F68/><W100/><G15/><T110/><N who="0" m="42577" /><T38/><DORA hai="115" /><D38/><U50/><E37/><V118/><F118/><RYUUKYOKU ba="1,2" sc="250,15,232,-15,240,-15,258,15" hai0="76,79,95,97,99,101,104" hai3="18,21,24,30,94,98,100" /><INIT seed="3,2,2,4,5,29" ten="265,217,225,273" oya="3" hai0="104,18,86,70,60,77,114,12,135,65,97,81,119" hai1="75,94,72,99,133,13,87,102,89,45,66,19,30" hai2="26,105,90,127,52,132,57,34,35,25,9,115,73" hai3="56,96,69,61,17,92,14,53,64,67,3,54,40"/><W47/><G3/><T134/><D119/><U126/><E126/><V68/><F115/><W39/><G67/><T42/><D114/><U33/><E133/><N who="0" m="50697" /><D42/><U80/><E66/><V111/><F68/><W11/><G69/><T100/><D18/><U2/><E2/><V4/><F132/><W1/><G1/><T63/><D63/><U74/><E45/><V95/><F105/><W28/><G28/><T118/><D118/><U122/><E122/><V27/><F73/><W103/><AGARI ba="2,2" hai="11,14,17,39,40,47,53,54,56,61,64,92,96,103" machi="103" ten="20,2100,0" yaku="0,1,7,1" doraHai="29" who="3" fromWho="3" sc="265,-9,217,-9,225,-9,273,47" owari="256,5.6,208,-29.2,216,-18.4,320,42.0" /></mjloggm>