<mjloggm ver="2.3"><GO type="225" lobby="0"/><UN n0="%E6%A0%B9%E5%85%83%E3%81%8B%E3%82%89%E5%90%B9%E3%81%A3%E9%A3%9B%E3%81%B6" n1="%E3%81%B5%E3%81%98%E3%81%8B%E3%81%A4" n2="%E3%81%99%E3%81%84%E3%81%BE%E3%81%9B%E3%83%BC%E3%82%93" n3="%E3%81%BF%E3%81%BF%E3%81%9A" dan="17,16,18,17" rate="2182.89,2170.98,2190.80,2307.89" sx="F,M,M,M"/><TAIKYOKU oya="0"/><INIT seed="0,0,0,5,1,17" ten="250,250,250,250" oya="0" hai0="97,117,68,61,78,72,127,109,1,74,114,9,100" hai1="26,90,88,67,75,112,84,49,39,55,6,5,29" hai2="43,62,16,134,51,93,4,57,102,3,113,18,37" hai3="73,91,38,52,48,21,20,56,94,76,128,77,63"/><T118/><D118/><U85/><BYE who="0" /><E112/><UN n0="%E6%A0%B9%E5%85%83%E3%81%8B%E3%82%89%E5%90%B9%E3%81%A3%E9%A3%9B%E3%81%B6" /><V23/><F113/><W92/><G38/><T121/><D117/><U64/><E75/><V108/><F108/><W87/><G128/><T124/><D114/><U106/><E39/><V58/><F37/><W33/><G33/><T14/><D121/><U120/><E106/><V45/><F134/><W98/><G73/><T122/><D122/><U129/><E129/><V130/><F130/><W107/><G107/><N who="0" m="63887" /><D14/><U19/><E19/><V99/><F58/><N who="3" m="33031" /><G76/><T115/><D115/><U126/><E126/><N who="0" m="48169" /><D78/><U50/><E120/><V135/><F135/><W47/><G47/><T30/><D30/><U40/><E40/><V10/><REACH who="2" step="1"/><F23/><REACH who="2" ten="250,250,240,250" step="2"/><W13/><G13/><T12/><D109/><U66/><E5/><V7/><F7/><W79/><G79/><T123/><D123/><U125/><E6/><V71/><F71/><W60/><G77/><T15/><D1/><U41/><E125/><V35/><F35/><W22/><G56/><T25/><D25/><U42/><E26/><V27/><F27/><W105/><G105/><T111/><D111/><U44/><E29/><V110/><F110/><W89/><AGARI ba="0,1" hai="20,21,22,60,63,87,89,91,92,94,98" m="33031" machi="89" ten="30,8000,1" yaku="8,1,52,3,54,1" doraHai="17" who="3" fromWho="3" sc="250,-40,250,-20,240,-20,250,90" /><INIT seed="1,0,0,0,2,42" ten="210,230,220,340" oya="1" hai0="90,85,11,16,43,115,80,117,89,131,58,119,118" hai1="121,122,25,78,107,98,125,124,67,66,96,70,82" hai2="4,60,54,116,47,91,35,21,56,0,72,93,1" hai3="46,134,112,120,127,128,59,64,27,62,61,83,38"/><U39/><E39/><V40/><F35/><W7/><G120/><N who="1" m="46186" /><E25/><V104/><F116/><W29/><G112/><T19/><D115/><U103/><E70/><V130/><F130/><W10/><G128/><T14/><D131/><U34/><E34/><V23/><F72/><W32/><G134/><T86/><D43/><U53/><E53/><V102/><F104/><W75/><G127/><N who="1" m="48714" /><E98/><V28/><F102/><W110/><G110/><T95/><REACH who="0" step="1"/><D58/><REACH who="0" ten="200,230,220,340" step="2"/><U57/><E57/><V50/><F56/><W77/><G62/><T24/><D24/><U8/><E8/><V41/><F60/><W2/><G38/><T84/><D84/><AGARI ba="0,1" hai="66,67,78,82,84,96,103,107" m="48714,46186" machi="84" ten="30,1500,0" yaku="18,1" doraHai="42" who="1" fromWho="0" sc="200,-15,230,25,220,0,340,0" /><INIT seed="1,1,0,1,0,119" ten="185,255,220,340" oya="1" hai0="133,70,1,52,25,36,18,0,111,125,99,89,116" hai1="10,60,20,37,124,63,30,9,127,77,97,5,14" hai2="72,73,55,40,95,114,64,33,34,108,86,6,76" hai3="83,96,3,16,79,103,39,85,113,80,26,129,74"/><U59/><E37/><V12/><F108/><W134/><G113/><T11/><D116/><U8/><E77/><V98/><F114/><W106/><G129/><T87/><D70/><U69/><E97/><V48/><F64/><W57/><G134/><T4/><D36/><U121/><E121/><V38/><F40/><W130/><G39/><T17/><D111/><U29/><E69/><V46/><F38/><W128/><G3/><T94/><D1/><U78/><E78/><V107/><F107/><W49/><G49/><T51/><D125/><N who="1" m="48203" /><E63/><V62/><F62/><W93/><G57/><T24/><D133/><U102/><E102/><V56/><F73/><W117/><G117/><T112/><D112/><U50/><E50/><V90/><F72/><W67/><G67/><T21/><D99/><U75/><E75/><V35/><F76/><W105/><G80/><T28/><REACH who="0" step="1"/><D25/><REACH who="0" ten="175,255,220,340" step="2"/><N who="1" m="16551" /><E30/><V15/><F98/><W88/><G106/><T58/><AGARI ba="1,1" hai="0,4,11,17,18,21,24,28,51,52,58,87,89,94" machi="58" ten="20,5200,0" yaku="1,1,0,1,7,1,54,1,53,0" doraHai="119" doraHaiUra="122" who="0" fromWho="0" sc="175,65,255,-27,220,-14,340,-14" /><INIT seed="2,0,0,2,2,111" ten="240,228,206,326" oya="2" hai0="17,37,95,87,103,80,52,84,104,60,73,133,90" hai1="122,72,9,56,86,124,15,21,117,70,129,42,19" hai2="81,77,102,45,99,83,18,51,1,101,125,34,25" hai3="66,113,47,31,132,89,64,85,79,38,36,43,20"/><V107/><F125/><W128/><G79/><T96/><D37/><U126/><E117/><V92/><F1/><W7/><G7/><T30/><D30/><U63/><E72/><V115/><F115/><W109/><G109/><T134/><D17/><U12/><E70/><V55/><F107/><W74/><G74/><T39/><D39/><U94/><E129/><V120/><F120/><W49/><G113/><T24/><D24/><U68/><E122/><V131/><F131/><W65/><G128/><T11/><D11/><U114/><E68/><V135/><F135/><N who="0" m="51722" /><D60/><U50/><E114/><V112/><F112/><W27/><REACH who="3" step="1"/><G132/><REACH who="3" ten="240,228,206,316" step="2"/><T67/><D73/><U6/><E124/><V40/><F77/><W22/><G22/><T98/><D67/><U14/><E126/><V71/><F34/><W108/><G108/><T57/><D80/><AGARI ba="0,1" hai="20,27,31,36,38,43,47,49,64,65,66,80,85,89" machi="80" ten="40,2600,0" yaku="1,1,53,1" doraHai="111" doraHaiUra="44" who="3" fromWho="0" sc="240,-26,228,0,206,0,316,36" /><INIT seed="3,0,0,5,1,56" ten="214,228,206,352" oya="3" hai0="131,24,104,8,74,135,12,94,119,95,18,114,85" hai1="127,81,116,31,109,86,108,76,2,103,38,53,120" hai2="15,102,83,124,112,3,117,52,30,32,47,92,87" hai3="113,122,13,16,96,91,50,106,45,1,88,40,107"/><W82/><G113/><T98/><D119/><U70/><E120/><V41/><F3/><W90/><G1/><T121/><D121/><U10/><E38/><V93/><F112/><W58/><G122/><T37/><D37/><U65/><E116/><V27/><F117/><W39/><G82/><T67/><D74/><U77/><E127/><V55/><F124/><W100/><G106/><T132/><D131/><U44/><E31/><V110/><F110/><N who="1" m="42601" /><E103/><V48/><F15/><W125/><G125/><T105/><D67/><U42/><E53/><V33/><F33/><W46/><G58/><T99/><D85/><U43/><E76/><V23/><F32/><W28/><G28/><T4/><D114/><U29/><E44/><V64/><F64/><W57/><G57/><T21/><D105/><U78/><E29/><V68/><F68/><W101/><G101/><T7/><D104/><U26/><E26/><V130/><F130/><W61/><G46/><T111/><D111/><U17/><E77/><N who="2" m="46575" /><F102/><W60/><G39/><T11/><D135/><U115/><E115/><V126/><F126/><W134/><G134/><T9/><D132/><U51/><E51/><N who="2" m="27119" /><F55/><W63/><REACH who="3" step="1"/><G91/><REACH who="3" ten="214,228,206,342" step="2"/><N who="0" m="55647" /><D7/><N who="1" m="1399" /><E17/><V59/><AGARI ba="0,1" hai="23,27,30,48,52,59,92,93" m="27119,46575" machi="59" ten="30,2000,0" yaku="8,1,54,1" doraHai="56" who="2" fromWho="2" sc="214,-5,228,-5,206,30,342,-10" owari="209,-29.1,223,-17.7,236,3.6,332,43.2" /></mjloggm>