<mjloggm ver="2.3"><GO type="225" lobby="0"/><UN n0="%E7%89%B9%E6%9D%B1%E3%81%AF%E4%B8%96%E7%95%8C%E3%82%92%E6%95%91%E3%81%86" n1="%E9%BB%99%E8%81%B4%E3%81%AE%E3%81%99%E3%82%9D%E3%82%81" n2="%E5%B8%86%E7%AB%8B%E5%A4%8F%E8%A1%A3" n3="%E3%83%A9%E3%82%A4%E3%83%B3%E3%81%AE%E8%99%8E" dan="16,16,17,16" rate="2116.62,2149.51,2180.41,2089.18" sx="M,M,M,M"/><TAIKYOKU oya="0"/><INIT seed="0,0,0,1,2,99" ten="250,250,250,250" oya="0" hai0="96,86,64,108,112,69,88,127,71,75,120,94,61" hai1="15,115,28,81,2,58,5,101,50,97,122,40,14" hai2="39,133,129,105,95,113,121,16,79,130,114,119,26" hai3="1,51,42,104,35,92,38,93,21,36,90,67,70"/><T89/><D112/><N who="2" m="43114" /><F105/><W19/><G35/><T11/><D120/><U126/><E122/><V135/><F39/><W80/><G1/><T125/><D75/><U78/><E126/><N who="0" m="48137" /><D11/><U111/><E111/><V103/><F79/><W131/><G104/><T31/><D31/><U3/><E28/><V60/><F60/><W72/><G72/><T27/><D27/><U49/><E115/><V110/><F121/><W33/><G33/><T132/><D108/><U57/><E57/><V73/><F73/><W87/><G131/><N who="2" m="50185" /><F119/><W65/><G36/><T62/><D132/><N who="2" m="50762" /><F110/><W123/><G38/><T41/><D41/><U12/><E50/><V82/><F82/><W4/><G51/><T48/><D48/><U8/><E58/><V0/><F0/><W13/><G42/><T118/><D118/><U54/><E40/><V102/><F95/><W63/><G123/><T20/><D62/><U98/><E2/><V30/><F16/><W10/><G63/><T6/><D71/><U22/><E3/><V76/><F76/><W29/><G70/><T23/><D6/><U25/><E49/><V124/><F124/><W37/><G37/><T18/><D18/><N who="1" m="12503" /><E54/><V47/><F47/><W128/><G128/><T116/><D116/><U9/><E5/><V24/><F24/><N who="3" m="16527" /><G4/><T55/><D55/><U46/><E46/><V74/><F74/><W84/><G93/><AGARI ba="0,0" hai="20,23,61,64,69,86,88,89,93,94,96" m="48137" machi="93" ten="30,2900,0" yaku="18,1,54,1" doraHai="99" who="0" fromWho="3" sc="250,29,250,0,250,0,250,-29" /><INIT seed="0,1,0,3,3,116" ten="279,250,250,221" oya="0" hai0="79,24,102,3,97,44,63,94,115,29,106,85,77" hai1="51,52,125,132,113,88,66,40,20,18,100,17,39" hai2="19,2,135,56,101,54,35,122,26,13,117,126,37" hai3="45,68,99,103,133,92,5,82,108,83,67,1,105"/><T43/><D115/><U89/><E113/><V21/><F117/><W104/><G108/><T42/><D3/><U11/><E132/><V23/><F135/><W127/><G133/><T120/><D120/><U130/><E130/><V0/><F126/><W73/><G127/><T96/><D63/><U15/><E125/><V124/><F37/><W64/><G45/><T46/><D46/><N who="1" m="26055" /><E39/><V14/><F101/><W59/><G68/><T76/><D85/><U70/><E70/><V74/><F124/><W61/><G67/><T81/><D81/><U9/><E66/><V87/><F87/><W60/><G60/><T98/><D106/><U22/><E100/><V27/><F74/><W121/><G82/><T128/><D128/><U58/><E9/><N who="2" m="6575" /><F54/><W57/><G57/><T86/><D86/><U95/><E95/><V90/><F90/><N who="1" m="34921" /><E17/><N who="2" m="10423" /><F56/><W6/><G73/><T123/><D123/><U107/><E107/><V38/><F38/><W30/><G121/><T28/><D42/><U25/><E25/><V119/><F119/><W71/><G71/><T134/><D24/><U34/><E34/><V65/><F65/><W7/><G83/><T50/><D134/><U4/><E4/><V12/><F122/><W32/><G1/><N who="2" m="617" /><F35/><W33/><G33/><T91/><D102/><U114/><E114/><V111/><F111/><W110/><G110/><T131/><D131/><U48/><AGARI ba="1,0" hai="11,15,18,20,22,48,52,58" m="34921,26055" machi="48" ten="30,4000,0" yaku="8,1,54,2" doraHai="116" who="1" fromWho="1" sc="279,-21,250,43,250,-11,221,-11" /><INIT seed="1,0,0,0,1,11" ten="258,293,239,210" oya="1" hai0="16,103,28,93,48,58,81,91,29,79,77,80,121" hai1="96,70,68,119,115,6,75,43,105,113,34,39,89" hai2="37,19,110,73,97,63,50,122,0,117,124,135,62" hai3="20,128,18,118,116,66,1,92,12,86,41,108,49"/><U56/><E119/><N who="3" m="45610" /><G108/><T32/><D32/><U126/><E34/><V4/><F37/><W125/><G125/><T9/><D103/><U8/><E126/><V84/><F73/><W90/><G128/><T127/><D127/><U33/><E33/><V25/><F110/><W27/><G1/><T100/><D100/><N who="1" m="62599" /><E89/><V98/><F122/><W78/><G78/><N who="0" m="29707" /><D121/><U123/><E123/><V61/><F135/><W107/><G107/><T15/><D58/><U111/><E56/><V74/><F74/><W59/><G41/><T83/><D48/><U7/><E7/><V45/><F117/><W71/><G71/><T104/><D104/><U10/><E10/><V46/><F124/><W94/><G94/><T5/><D5/><U65/><E111/><V129/><F129/><W76/><G76/><T26/><D26/><U47/><E75/><V82/><F4/><W64/><G27/><T87/><AGARI ba="0,0" hai="9,15,16,28,29,80,81,83,87,91,93" m="29707" machi="87" ten="30,4000,0" yaku="8,1,52,1,54,1" doraHai="11" who="0" fromWho="0" sc="258,40,293,-20,239,-10,210,-10" /><INIT seed="2,0,0,0,0,109" ten="298,273,229,200" oya="2" hai0="17,64,12,102,53,35,54,124,86,3,101,10,26" hai1="60,96,14,22,38,44,71,2,6,85,99,36,105" hai2="125,45,134,69,112,47,68,51,48,15,93,49,114" hai3="115,5,110,94,56,16,0,18,133,118,31,116,131"/><V100/><F93/><W79/><G79/><T29/><D64/><U7/><E2/><V19/><F100/><W74/><G74/><T80/><D124/><U61/><E85/><V123/><F125/><W81/><G81/><T13/><D53/><U76/><E76/><V83/><F83/><W27/><G94/><T73/><D73/><U40/><E22/><V1/><F1/><W50/><G50/><T65/><D65/><U126/><E14/><V117/><F15/><W55/><G55/><T129/><D129/><U92/><E92/><V33/><F33/><W32/><G56/><T107/><D107/><U21/><E21/><V39/><F19/><N who="3" m="7211" /><G110/><T132/><D13/><U41/><E44/><N who="2" m="16971" /><F134/><W23/><G131/><T87/><D132/><U120/><E105/><V37/><F123/><W130/><G130/><T57/><D3/><U28/><E28/><V75/><F117/><N who="3" m="45163" /><G133/><T98/><D98/><U70/><E126/><V113/><F75/><W63/><G63/><T67/><D67/><U111/><E111/><V108/><F108/><W43/><G43/><T59/><D59/><U58/><E58/><V90/><F90/><W82/><G82/><T24/><D87/><U34/><E34/><V30/><F30/><W119/><N who="3" m="45171" /><W42/><DORA hai="127" /><G42/><T20/><D86/><U72/><E72/><V9/><F9/><N who="3" m="2215" /><G32/><T8/><D80/><U46/><E46/><V91/><F91/><W103/><G103/><T128/><D128/><U104/><E104/><V135/><F135/><W77/><G77/><T52/><D102/><U4/><E4/><V25/><F69/><RYUUKYOKU ba="0,0" sc="298,-15,273,15,229,-15,200,15" hai1="6,7,36,38,40,41,60,61,70,71,96,99,120" hai3="23,27,31,115" /><INIT seed="3,1,0,0,5,67" ten="283,288,214,215" oya="3" hai0="47,0,128,96,87,31,76,18,95,126,52,33,53" hai1="46,80,44,35,98,59,43,110,73,48,8,116,6" hai2="123,115,74,69,91,68,24,78,54,114,51,10,13" hai3="23,94,58,16,57,119,127,109,45,131,117,19,42"/><W64/><G127/><T14/><D0/><U34/><E110/><V65/><F123/><W106/><G106/><T3/><D3/><U97/><E116/><V124/><F124/><W83/><G131/><T100/><D126/><U36/><E59/><V26/><F74/><W38/><G109/><T129/><D33/><U27/><E27/><N who="2" m="10283" /><F78/><W71/><G83/><N who="0" m="47591" /><D47/><U121/><E121/><V120/><F120/><W130/><G130/><N who="0" m="50283" /><D31/><U102/><E80/><V70/><F70/><W41/><G94/><T111/><D111/><U75/><E75/><V66/><F69/><W55/><G42/><T113/><D113/><U103/><E73/><V82/><F68/><W21/><G21/><AGARI ba="1,0" hai="14,18,21,52,53,95,96,100" m="50283,47591" machi="21" ten="30,2000,0" yaku="19,1,54,1" doraHai="67" who="0" fromWho="3" sc="283,23,288,0,214,0,215,-23" owari="306,40.6,288,8.8,214,-18.6,192,-30.8" /></mjloggm>