<mjloggm ver="2.3"><GO type="225" lobby="0"/><UN n0="%E3%83%A1%E3%82%AC%E3%83%87%E3%82%B8" n1="%E3%81%BF%E3%81%BF%E3%81%9A" n2="%E9%89%A2%E5%B7%BB%E3%82%AC%E3%83%96" n3="%E7%89%B9%E6%9D%B1%E3%81%AF%E4%B8%96%E7%95%8C%E3%82%92%E6%95%91%E3%81%86" dan="16,17,16,16" rate="2080.22,2195.77,2040.06,2142.59" sx="F,M,M,M"/><TAIKYOKU oya="0"/><INIT seed="0,0,0,2,4,99" ten="250,250,250,250" oya="0" hai0="107,87,96,110,103,115,2,84,67,19,48,1,71" hai1="9,118,68,86,98,8,22,17,39,43,97,50,11" hai2="83,16,49,132,72,106,113,58,90,4,52,33,111" hai3="69,134,95,124,42,20,13,3,32,15,127,128,117"/><T78/><D115/><U45/><E118/><V125/><F113/><W112/><G69/><T12/><D110/><U91/><E39/><V21/><F111/><W135/><G42/><T0/><D78/><U63/><E63/><V7/><F106/><W23/><G95/><T119/><D119/><U62/><E62/><V35/><F132/><N who="3" m="50731" /><G112/><T80/><D80/><U53/><E43/><V65/><F125/><N who="3" m="48203" /><G117/><T133/><D133/><U122/><E122/><V10/><F65/><W28/><G3/><T108/><D108/><U47/><E47/><V31/><F72/><W56/><G56/><T59/><D71/><U114/><E68/><V30/><F83/><W101/><G101/><T14/><D14/><N who="3" m="5129" /><G128/><T129/><D129/><U40/><E40/><V77/><F77/><W37/><G37/><T57/><D59/><U130/><E130/><V120/><F90/><W76/><G76/><T123/><D123/><U116/><E116/><V109/><F120/><W100/><G100/><T81/><D81/><N who="1" m="49615" /><E114/><V36/><F36/><W60/><G60/><T126/><D126/><U74/><E74/><V94/><F109/><W85/><G85/><T29/><D87/><U44/><E45/><V38/><F38/><W25/><AGARI ba="0,0" hai="20,23,25,28,32" m="5129,48203,50731" machi="25" ten="40,8000,1" yaku="20,1,18,1,34,2" doraHai="99" who="3" fromWho="3" sc="250,-40,250,-20,250,-20,250,80" /><INIT seed="1,0,0,2,4,29" ten="210,230,230,330" oya="1" hai0="14,88,120,41,112,33,109,26,83,122,32,77,45" hai1="107,70,116,95,66,53,65,62,31,61,105,89,69" hai2="25,55,114,6,4,10,90,127,67,15,129,86,17" hai3="101,47,133,20,60,38,46,9,56,115,79,87,76"/><U97/><E116/><V117/><F117/><W7/><G115/><T3/><D3/><U91/><E53/><V19/><F129/><W103/><G133/><T73/><D112/><U5/><E5/><V64/><F127/><W125/><G125/><T1/><D1/><U37/><E37/><V102/><F102/><W68/><G68/><T100/><D109/><U52/><E31/><V59/><F114/><W81/><G79/><T11/><D100/><N who="3" m="38473" /><G38/><T63/><D63/><U40/><E40/><V104/><F104/><W18/><G9/><T123/><D26/><U132/><E132/><V92/><F4/><W130/><G7/><N who="0" m="3455" /><D88/><U28/><E28/><V113/><F113/><W118/><G130/><T126/><D126/><U12/><E12/><V42/><F42/><W99/><G99/><T21/><D21/><U44/><REACH who="1" step="1"/><E89/><REACH who="1" ten="210,220,230,330" step="2"/><V75/><F6/><W30/><G30/><T124/><D124/><U93/><E93/><V94/><F92/><W135/><G135/><T108/><D108/><U43/><E43/><V39/><F39/><AGARI ba="0,1" hai="32,33,39,41,45,73,77,83,120,122,123" m="3455" machi="39" ten="30,3900,0" yaku="13,1,52,2" doraHai="29" who="0" fromWho="2" sc="210,49,220,0,230,-39,330,0" /><INIT seed="2,0,0,5,2,99" ten="259,220,191,330" oya="2" hai0="3,34,4,68,19,80,22,46,121,11,118,106,28" hai1="13,58,116,9,65,120,134,88,48,113,41,92,39" hai2="47,83,93,78,107,104,61,10,124,130,109,111,86" hai3="18,26,123,126,44,57,16,112,30,122,103,53,94"/><V21/><F21/><W20/><G126/><T82/><D121/><U62/><E113/><V131/><F10/><W128/><G112/><T90/><D118/><U29/><E116/><V37/><F61/><W45/><G128/><N who="2" m="49193" /><F124/><W32/><G18/><T17/><D68/><U75/><E120/><V43/><F93/><W25/><G123/><T12/><D106/><AGARI ba="0,0" hai="37,43,47,78,83,86,104,106,107,109,111" m="49193" machi="106" ten="40,2000,0" yaku="19,1" doraHai="99" who="2" fromWho="0" sc="259,-20,220,0,191,20,330,0" /><INIT seed="2,1,0,0,2,125" ten="239,220,211,330" oya="2" hai0="86,135,25,102,2,124,98,4,33,35,133,51,48" hai1="120,24,122,37,40,96,64,83,28,118,55,14,129" hai2="49,58,31,16,8,112,6,32,72,115,78,106,53" hai3="116,26,27,15,75,101,12,5,63,43,59,77,46"/><V74/><F106/><W76/><G116/><T66/><D124/><U3/><E118/><V1/><F31/><W52/><G101/><T90/><D66/><U45/><E3/><V128/><F32/><N who="0" m="12362" /><D25/><N who="3" m="9225" /><G75/><T11/><D90/><U82/><E64/><V54/><F74/><W126/><G126/><T17/><D17/><U121/><E129/><V29/><F29/><W103/><G103/><T91/><D91/><U85/><E96/><V61/><F128/><W56/><G56/><T107/><D86/><U22/><E85/><V114/><F16/><W113/><G113/><T111/><D111/><U123/><N who="1" m="30720" /><DORA hai="13" /><U89/><E89/><V30/><F30/><W67/><G67/><T65/><D65/><U110/><E110/><V97/><F97/><W81/><G81/><T62/><D62/><U9/><REACH who="1" step="1"/><E55/><REACH who="1" ten="239,210,211,330" step="2"/><V109/><F109/><W117/><G117/><T70/><D70/><U104/><E104/><V87/><F87/><W71/><G71/><T119/><D119/><U68/><E68/><V10/><F72/><W42/><G52/><T39/><D98/><U134/><E134/><V131/><F131/><W0/><G0/><T94/><D107/><U99/><E99/><V41/><F78/><W95/><G76/><T50/><D102/><U21/><E21/><V57/><REACH who="2" step="1"/><F10/><REACH who="2" ten="239,210,201,330" step="2"/><W19/><G77/><T108/><D108/><U79/><E79/><V7/><F7/><AGARI ba="1,2" hai="7,9,14,22,24,28,37,40,45,82,83" m="30720" machi="7" ten="70,8000,1" yaku="1,1,13,1,53,1" doraHai="125,13" doraHaiUra="60,38" who="1" fromWho="2" sc="239,0,210,103,201,-83,330,0" /><INIT seed="3,0,0,5,5,36" ten="239,313,118,330" oya="3" hai0="120,119,45,65,59,126,0,107,4,79,71,125,117" hai1="84,29,26,55,61,64,67,122,118,130,9,66,30" hai2="1,63,54,37,11,123,57,116,106,21,85,74,2" hai3="32,131,102,111,83,75,46,23,88,100,121,80,112"/><W91/><G32/><T133/><D120/><U22/><E122/><V8/><F85/><N who="3" m="50215" /><G75/><T113/><D107/><U58/><E130/><V17/><F37/><W49/><G112/><T24/><D113/><U53/><E118/><V115/><F74/><W44/><G121/><T15/><D0/><U108/><E108/><V124/><F106/><W52/><G131/><T93/><D71/><U86/><E9/><V25/><F123/><W82/><G111/><T31/><D79/><U76/><E76/><V135/><F115/><W101/><G23/><T20/><D133/><U109/><E109/><V77/><F116/><W78/><G78/><T38/><D93/><U7/><E7/><V95/><F135/><W87/><G44/><T27/><D59/><U73/><E73/><V34/><F124/><N who="0" m="47722" /><D65/><U14/><E14/><V81/><F34/><W69/><G69/><T33/><D45/><U105/><E105/><V60/><F77/><W90/><G90/><T18/><D38/><U98/><E98/><V114/><F114/><W43/><G43/><T94/><D94/><AGARI ba="0,0" hai="46,49,52,82,83,87,91,94,100,101,102" m="50215" machi="94" ten="30,5800,0" yaku="8,1,54,2" doraHai="36" who="3" fromWho="0" sc="239,-58,313,0,118,0,330,58" owari="181,-21.9,313,11.3,118,-38.2,388,48.8" /></mjloggm>