<mjloggm ver="2.3"><GO type="225" lobby="0"/><UN n0="%E5%B5%90%E9%9B%B2%E3%81%AE%E3%82%AB%E3%83%A9%E3%82%B9" n1="%E3%83%A9%E3%83%BC%E3%83%A1%E3%83%B3%E4%BA%94%E9%83%8E" n2="%E5%8D%A0%E3%81%84%E5%B8%AB%E8%A3%8F%E3%81%AA%E3%81%84%E3%81%97" n3="%E3%83%97%E3%83%AC%E3%83%B4%E3%82%A1%E3%83%86%E3%82%A3" dan="16,16,16,16" rate="2077.59,2059.32,2159.30,2089.99" sx="F,M,M,F"/><TAIKYOKU oya="0"/><INIT seed="0,0,0,0,0,36" ten="250,250,250,250" oya="0" hai0="115,94,76,108,106,20,102,58,111,133,15,3,45" hai1="81,59,34,21,25,120,109,42,92,88,82,13,65" hai2="11,57,98,37,77,132,67,12,60,134,16,75,70" hai3="84,126,9,105,17,46,62,125,79,2,19,61,10"/><T4/><D115/><U95/><E120/><V86/><F75/><W122/><G105/><T121/><D121/><U30/><E109/><N who="0" m="42057" /><D133/><N who="2" m="51306" /><F37/><W63/><G122/><T107/><D3/><U18/><E95/><V7/><F98/><W55/><G2/><T8/><D76/><U28/><E28/><V74/><F74/><W80/><G55/><T6/><D6/><U43/><E65/><V135/><N who="2" m="51314" /><V93/><DORA hai="97" /><F7/><W73/><G73/><T68/><D68/><U52/><E81/><N who="2" m="47407" /><F93/><W112/><G112/><T114/><D114/><U33/><E82/><V49/><F49/><W85/><G46/><T104/><D45/><U14/><E34/><V53/><F53/><W26/><G26/><T129/><D129/><U78/><E78/><V103/><F103/><W50/><G50/><T0/><D58/><AGARI ba="0,0" hai="11,12,16,57,58,60,67,70" m="47407,51314" machi="58" ten="40,2600,0" yaku="20,1,54,1" doraHai="36,97" who="2" fromWho="0" sc="250,-26,250,0,250,26,250,0" /><INIT seed="1,0,0,5,4,42" ten="224,250,276,250" oya="1" hai0="25,68,93,22,35,98,26,76,10,90,134,135,130" hai1="83,79,14,66,71,67,7,20,117,15,0,64,57" hai2="110,50,119,88,69,121,45,51,19,59,49,115,32" hai3="100,116,63,17,127,4,87,75,80,112,99,43,18"/><U124/><E117/><V133/><F69/><W82/><G116/><T30/><D68/><U107/><E107/><V95/><F119/><W104/><G112/><T39/><D39/><U27/><E71/><V103/><F121/><W74/><G127/><T5/><D130/><U29/><E124/><V73/><F73/><W122/><G122/><T92/><D76/><U28/><E28/><V126/><F110/><W37/><G4/><T111/><D111/><U70/><E70/><V129/><F32/><W96/><G63/><T13/><REACH who="0" step="1"/><D93/><REACH who="0" ten="214,250,276,250" step="2"/><U6/><E57/><V131/><F59/><W53/><G104/><T47/><D47/><U60/><E60/><V52/><F126/><W105/><G105/><T44/><D44/><U128/><E128/><V2/><F129/><W102/><G37/><T81/><D81/><U61/><E61/><V21/><F115/><W91/><G43/><T8/><D8/><U54/><E83/><V106/><F106/><W114/><G114/><T46/><D46/><U31/><E79/><V9/><F9/><W109/><G109/><T16/><AGARI ba="0,1" hai="5,10,13,16,22,25,26,30,35,90,92,98,134,135" machi="16" ten="30,4000,0" yaku="1,1,0,1,54,1,53,0" doraHai="42" doraHaiUra="113" who="0" fromWho="0" sc="214,50,250,-20,276,-10,250,-10" /><INIT seed="2,0,0,5,1,67" ten="264,230,266,240" oya="2" hai0="23,4,100,63,39,118,54,72,124,91,117,68,61" hai1="80,74,37,96,99,78,0,121,47,95,66,25,114" hai2="87,17,131,40,6,12,112,3,65,18,20,7,16" hai3="2,49,1,62,90,103,46,13,59,106,64,93,82"/><V129/><F40/><W92/><G106/><T14/><D39/><U69/><E114/><V21/><F87/><W123/><G123/><T101/><D72/><U122/><E0/><V27/><F65/><W110/><G110/><T55/><D124/><U10/><E10/><N who="2" m="2399" /><F112/><W35/><G35/><T57/><D91/><U31/><E66/><V81/><F81/><W45/><G13/><T5/><D14/><U60/><E60/><V28/><F7/><W30/><G30/><T32/><D23/><U77/><E77/><V22/><F12/><W41/><G82/><T76/><D57/><U135/><E69/><V113/><F113/><W125/><G125/><T29/><D29/><U52/><E135/><V89/><F89/><W84/><G1/><T75/><D75/><U79/><E79/><V102/><F102/><W8/><G2/><T133/><D76/><U38/><E99/><V105/><F105/><W70/><G8/><T43/><D43/><U127/><E127/><V36/><F36/><W132/><G132/><T130/><D133/><U88/><E52/><V120/><F120/><N who="1" m="46185" /><E47/><V53/><F53/><W34/><G34/><AGARI ba="0,0" hai="25,31,34,37,38,74,78,80,88,95,96" m="46185" machi="34" ten="30,2000,0" yaku="13,1,54,1" doraHai="67" who="1" fromWho="3" sc="264,0,230,20,266,0,240,-20" /><AGARI ba="0,0" hai="16,17,18,20,21,22,27,28,34,129,131" m="2399" machi="34" ten="30,5800,0" yaku="34,2,54,1" doraHai="67" who="2" fromWho="3" sc="264,0,250,0,266,58,220,-58" /><INIT seed="2,1,0,3,4,72" ten="264,250,324,162" oya="2" hai0="58,49,30,28,103,110,74,26,55,9,99,47,88" hai1="41,16,56,13,24,77,112,50,78,123,3,93,4" hai2="128,101,82,116,61,68,42,27,69,76,15,1,57" hai3="119,87,12,109,33,107,94,91,75,59,37,38,48"/><V121/><F116/><W83/><G119/><T51/><D74/><U102/><E112/><V64/><F1/><W120/><G120/><T117/><D110/><U104/><E104/><V84/><F121/><W20/><G109/><T133/><D133/><U18/><E3/><V124/><F124/><W118/><G33/><T111/><D111/><U25/><E123/><V43/><F128/><W100/><G118/><T6/><D117/><U0/><E0/><V127/><F127/><W35/><G35/><T90/><D9/><N who="1" m="4263" /><E102/><V89/><F101/><W131/><G131/><T32/><D28/><U71/><E71/><V134/><F134/><W11/><G20/><T14/><D14/><U92/><E56/><V7/><F27/><N who="1" m="10313" /><E50/><V53/><F68/><W97/><G59/><T29/><D6/><U8/><E41/><V21/><F89/><W73/><G48/><T115/><D115/><U60/><E60/><V113/><F113/><W36/><REACH who="3" step="1"/><G107/><REACH who="3" ten="264,250,324,152" step="2"/><T40/><D29/><U10/><E10/><N who="2" m="4575" /><F21/><W52/><G52/><T31/><D30/><U17/><E8/><V46/><F69/><W22/><G22/><T39/><D39/><U44/><E44/><V126/><F126/><W5/><AGARI ba="1,1" hai="5,11,12,36,37,38,73,75,83,87,91,94,97,100" machi="5" ten="30,2000,0" yaku="1,1,0,1,53,0" doraHai="72" doraHaiUra="19" who="3" fromWho="3" sc="264,-6,250,-6,324,-11,152,33" /><INIT seed="3,0,0,0,1,113" ten="258,244,313,185" oya="3" hai0="12,41,132,44,88,25,127,124,111,57,34,62,13" hai1="3,131,40,94,67,133,54,2,77,15,42,75,99" hai2="96,107,121,18,81,108,119,102,14,116,26,24,74" hai3="48,51,64,56,78,97,30,72,29,36,112,22,63"/><W135/><G112/><T11/><D111/><U90/><E131/><V89/><F108/><W46/><G135/><T0/><D132/><U1/><E133/><V5/><F121/><W76/><G72/><T92/><D0/><U55/><E67/><V115/><F115/><W87/><G36/><T109/><D25/><U91/><E91/><V110/><F110/><W86/><G97/><T66/><D34/><U6/><E77/><N who="3" m="29802" /><G51/><T129/><D129/><U60/><E75/><V85/><F5/><W70/><G70/><T17/><D13/><U128/><E128/><V31/><F74/><W50/><G50/><T59/><D59/><U7/><E60/><V69/><F69/><W61/><G61/><T53/><D109/><U82/><E82/><V28/><F26/><N who="3" m="16599" /><G30/><T35/><D35/><U8/><REACH who="1" step="1"/><E6/><REACH who="1" ten="258,234,313,185" step="2"/><V84/><F28/><W122/><G122/><T83/><D83/><U20/><E20/><V68/><F31/><W43/><AGARI ba="0,1" hai="43,46,48,56,63,64,86,87" m="16599,29802" machi="43" ten="30,1500,0" yaku="8,1" doraHai="113" who="3" fromWho="3" sc="258,-5,234,-5,313,-5,185,25" /><INIT seed="3,1,0,1,1,8" ten="253,229,308,210" oya="3" hai0="58,29,94,78,126,47,27,25,61,72,37,55,7" hai1="102,135,120,121,24,95,40,16,108,99,3,28,75" hai2="12,50,31,45,66,110,10,115,80,89,38,48,119" hai3="52,34,62,85,107,130,67,117,39,129,43,1,71"/><W112/><G107/><T57/><D126/><U93/><E75/><V59/><F115/><W118/><G34/><T56/><D7/><U65/><E3/><V105/><F105/><W91/><G1/><T2/><D2/><U51/><E108/><V92/><F31/><W76/><G76/><T114/><D25/><U104/><E135/><V83/><F110/><W4/><G4/><T131/><D131/><N who="3" m="50185" /><G112/><T81/><D114/><U42/><E65/><V14/><F119/><N who="3" m="45579" /><G91/><T32/><D94/><U123/><E51/><V111/><F92/><W73/><G73/><T84/><D72/><U53/><E53/><V127/><F111/><W79/><G79/><T133/><D133/><U87/><E104/><V33/><F89/><W124/><G85/><T36/><D36/><U17/><E87/><V125/><F33/><W9/><G9/><T49/><REACH who="0" step="1"/><D37/><REACH who="0" ten="243,229,308,210" step="2"/><U46/><E93/><V21/><F38/><W103/><G103/><T26/><D26/><U41/><REACH who="1" step="1"/><E46/><REACH who="1" ten="243,219,308,210" step="2"/><V128/><F45/><N who="3" m="23807" /><G52/><AGARI ba="1,2" hai="27,29,32,47,49,52,55,56,57,58,61,78,81,84" machi="52" ten="30,3900,0" yaku="1,1,7,1,54,1,53,0" doraHai="8" doraHaiUra="35" who="0" fromWho="3" sc="243,62,219,0,308,0,210,-42" owari="305,10.5,219,-18.1,308,40.8,168,-33.2" /></mjloggm>