<mjloggm ver="2.3"><GO type="225" lobby="0"/><UN n0="%E9%B3%B3%E6%9D%B1%E3%81%AE%E3%81%86%E3%81%95%E3%81%8E%E3%81%95%E3%82%93" n1="%E4%B8%89%E5%86%A0%E7%8E%8B%E3%83%BB%E5%B1%B1%E7%94%B0%E5%93%B2%E4%BA%BA" n2="%72%69%6F%75%63%68%61%6E" n3="%E5%AE%AE%E4%BF%9D%E9%B6%8F%E8%82%89" dan="16,17,17,16" rate="2256.59,2171.69,2255.49,2136.51" sx="M,M,M,M"/><TAIKYOKU oya="0"/><INIT seed="0,0,0,1,0,80" ten="250,250,250,250" oya="0" hai0="19,96,99,64,121,21,2,93,58,69,131,59,104" hai1="67,42,3,74,110,5,87,56,61,68,84,127,16" hai2="120,73,49,52,122,15,6,11,23,77,82,103,9" hai3="10,18,115,24,75,128,100,90,43,94,91,88,113"/><T34/><D121/><U0/><E74/><V92/><F23/><W86/><G75/><T83/><D34/><U126/><E110/><V33/><F33/><W135/><G135/><T55/><D2/><U60/><E42/><V29/><F29/><W134/><G134/><T26/><D131/><U13/><E5/><V14/><F92/><W39/><G128/><T1/><D1/><U102/><E102/><V45/><REACH who="2" step="1"/><F103/><REACH who="2" ten="250,250,240,250" step="2"/><W41/><G100/><T95/><D95/><U106/><E106/><V89/><F89/><W114/><G91/><T28/><D104/><U35/><E35/><V98/><F98/><W85/><G39/><T32/><D99/><U132/><E132/><V40/><F40/><W111/><G111/><T117/><D96/><U108/><E108/><V123/><F123/><W63/><G43/><T44/><D93/><U7/><E0/><V71/><F71/><W12/><G41/><T36/><D36/><U119/><E119/><V22/><F22/><W72/><G90/><T101/><D101/><U105/><E105/><V54/><F54/><W116/><G116/><T20/><D117/><U17/><E3/><V66/><F66/><W50/><G94/><T47/><D32/><U57/><E68/><V118/><F118/><W97/><G97/><T46/><D55/><N who="1" m="33823" /><E127/><V112/><F112/><W38/><G38/><T25/><REACH who="0" step="1"/><D83/><REACH who="0" ten="240,250,240,250" step="2"/><U125/><E125/><V70/><F70/><W79/><G114/><T8/><D8/><N who="1" m="4255" /><E126/><V81/><F81/><W48/><G115/><T62/><AGARI ba="0,2" hai="19,20,21,25,26,28,44,46,47,58,59,62,64,69" machi="62" ten="30,3000,0" yaku="1,1,0,1,53,0" doraHai="80" doraHaiUra="4" who="0" fromWho="0" sc="240,50,250,-10,240,-10,250,-10" /><INIT seed="0,1,0,2,5,131" ten="290,240,230,240" oya="0" hai0="4,63,85,66,8,28,112,91,129,26,95,127,6" hai1="37,78,45,56,30,50,73,49,10,65,116,27,97" hai2="18,5,130,20,70,72,118,113,34,93,39,76,17" hai3="105,92,119,15,43,33,108,58,51,12,24,40,128"/><T102/><D127/><U64/><E116/><V29/><F113/><W75/><G119/><T1/><D129/><U98/><E37/><V107/><F130/><W111/><G105/><T114/><D4/><U133/><E73/><V106/><F118/><W16/><G128/><T122/><D122/><U53/><E78/><V25/><F70/><W80/><G92/><T67/><D102/><U41/><E133/><V61/><F39/><W100/><G100/><T42/><D42/><U7/><E65/><V59/><F5/><W110/><G12/><T117/><D66/><U54/><E64/><V86/><F72/><W87/><G75/><T132/><D132/><U83/><E83/><V90/><F76/><W82/><G58/><T101/><D101/><U121/><E41/><N who="3" m="15946" /><G51/><T38/><D117/><U94/><E94/><V0/><F0/><W120/><G120/><T124/><D124/><U2/><REACH who="1" step="1"/><E121/><REACH who="1" ten="290,230,230,240" step="2"/><V103/><F107/><W104/><G104/><T79/><D79/><U60/><E60/><V71/><F71/><W23/><G87/><T55/><D38/><U32/><AGARI ba="1,1" hai="2,7,10,27,30,32,45,49,50,53,54,56,97,98" machi="32" ten="20,2700,0" yaku="1,1,0,1,7,1,53,0" doraHai="131" doraHaiUra="14" who="1" fromWho="1" sc="290,-14,230,40,230,-8,240,-8" /><INIT seed="1,0,0,3,0,48" ten="276,270,222,232" oya="1" hai0="47,72,80,45,78,65,79,130,41,4,69,7,100" hai1="82,68,70,26,51,17,118,14,36,62,43,76,25" hai2="19,71,34,120,132,10,6,21,75,32,125,113,95" hai3="101,33,56,24,103,89,126,105,123,86,133,31,104"/><U53/><E118/><V121/><F71/><W46/><G123/><N who="2" m="47177" /><F75/><W92/><G126/><T122/><D122/><U111/><E36/><V54/><F54/><W84/><G133/><T77/><D130/><U90/><E111/><V35/><F95/><W60/><G46/><T5/><D100/><U2/><E2/><N who="2" m="343" /><F125/><W55/><REACH who="3" step="1"/><G86/><REACH who="3" ten="276,270,222,222" step="2"/><T106/><D47/><N who="1" m="27903" /><E43/><V127/><F127/><W39/><G39/><T117/><D117/><U131/><E131/><V49/><F113/><W38/><G38/><T81/><D72/><U12/><E70/><V135/><F49/><W74/><G74/><T99/><D45/><U23/><E68/><V57/><F57/><W73/><G73/><T134/><D41/><U83/><E62/><V129/><F129/><W96/><G96/><T59/><D134/><N who="2" m="51242" /><F35/><W108/><G108/><T37/><D69/><U13/><E82/><V11/><F11/><W20/><G20/><T8/><D8/><U3/><E23/><V128/><F128/><W66/><G66/><T85/><D37/><U28/><E83/><V50/><F50/><W102/><AGARI ba="0,1" hai="24,31,33,55,56,60,84,89,92,101,102,103,104,105" machi="102" ten="30,4000,0" yaku="1,1,0,1,52,1,53,0" doraHai="48" doraHaiUra="40" who="3" fromWho="3" sc="276,-10,270,-20,222,-10,222,50" /><INIT seed="2,0,0,5,2,83" ten="266,250,212,272" oya="2" hai0="99,76,10,48,109,119,118,114,100,51,75,68,107" hai1="59,81,8,125,73,97,4,93,40,77,5,14,34" hai2="61,112,67,45,96,43,132,70,105,64,11,84,121" hai3="0,110,12,71,106,128,54,72,103,60,108,62,25"/><V79/><F112/><W49/><G0/><T9/><D114/><U7/><E34/><V35/><F121/><W88/><G72/><T69/><D75/><U117/><E117/><N who="0" m="44553" /><D109/><N who="3" m="42089" /><G128/><T36/><D76/><U31/><E31/><V18/><F132/><W91/><G12/><T46/><D36/><U52/><E40/><V16/><F35/><W15/><G15/><T26/><D26/><U74/><E74/><V17/><F64/><N who="3" m="41351" /><G62/><T78/><D78/><U133/><E125/><V24/><F24/><W30/><G103/><T89/><D89/><U127/><E127/><V28/><F28/><W50/><G106/><T32/><D48/><N who="3" m="18537" /><G54/><N who="0" m="30071" /><D32/><AGARI ba="0,0" hai="25,30,32,88,91" m="18537,41351,42089" machi="32" ten="30,2000,0" yaku="14,1,54,1" doraHai="83" who="3" fromWho="0" sc="266,-20,250,0,212,0,272,20" /><INIT seed="3,0,0,4,1,45" ten="246,250,212,292" oya="3" hai0="10,97,18,20,112,57,133,58,2,51,63,26,83" hai1="22,118,56,80,72,37,107,54,121,94,53,39,116" hai2="89,33,28,102,106,111,117,16,104,21,73,70,64" hai3="14,103,12,101,52,96,115,85,91,129,75,11,69"/><W95/><G115/><T48/><D133/><U7/><E107/><V60/><F117/><N who="1" m="45161" /><E121/><V131/><F111/><W41/><G75/><T38/><D38/><U132/><E132/><V78/><F131/><W15/><G69/><T49/><D112/><U17/><E7/><V100/><F33/><W77/><G41/><T125/><D125/><U59/><E94/><V84/><F28/><W128/><G11/><T43/><D43/><U108/><E108/><V98/><F78/><W86/><G52/><N who="1" m="20074" /><E80/><V114/><F73/><W46/><G46/><T87/><D97/><U71/><E72/><V1/><F114/><W82/><REACH who="3" step="1"/><G103/><REACH who="3" ten="246,250,212,282" step="2"/><T134/><D134/><U92/><E71/><V30/><F1/><W124/><G124/><T68/><D68/><U50/><E59/><V8/><F8/><W36/><G36/><T5/><REACH who="0" step="1"/><D63/><REACH who="0" ten="236,250,212,282" step="2"/><U23/><E37/><V61/><F60/><W88/><G88/><AGARI ba="0,2" hai="2,5,10,18,20,26,48,49,51,57,58,83,87,88" machi="88" ten="40,12000,2" yaku="1,1,2,1,52,3,54,1,53,1" doraHai="45" doraHaiUra="6" who="0" fromWho="3" sc="236,140,250,0,212,0,282,-120" owari="376,47.6,250,5.0,212,-18.8,162,-33.8" /></mjloggm>