<mjloggm ver="2.3"><GO type="225" lobby="0"/><UN n0="%E6%97%A5%E6%9B%9C%E6%97%A5%E3%82%88%E3%82%8A%E3%81%AE%E4%BD%BF%E8%80%85" n1="%E3%81%AA%E3%81%A1%30%39%32%37" n2="%E3%82%BC%E3%83%AB%E3%83%80%E3%81%AE%E4%BC%9D%E8%AA%AC" n3="%72%69%6F%75%63%68%61%6E" dan="17,16,17,17" rate="2112.95,2087.50,2234.96,2261.93" sx="M,M,M,M"/><TAIKYOKU oya="0"/><INIT seed="0,0,0,4,1,88" ten="250,250,250,250" oya="0" hai0="115,16,54,5,39,125,86,36,38,26,57,41,11" hai1="87,94,27,7,1,120,78,32,103,117,23,112,58" hai2="130,91,64,30,121,24,15,83,104,51,89,43,35" hai3="52,122,100,44,60,102,127,34,66,105,95,42,68"/><T92/><D115/><U13/><E117/><V134/><F121/><W8/><G122/><T119/><D119/><U132/><E120/><V107/><F134/><W29/><G127/><T133/><D133/><U40/><E132/><V28/><F130/><W108/><G108/><T59/><D125/><U22/><E1/><V109/><F109/><W99/><G8/><T124/><D124/><U123/><E32/><V21/><F64/><W62/><G102/><T55/><D59/><U31/><E112/><V3/><F3/><W70/><G52/><T128/><D128/><U90/><E123/><V10/><F30/><W65/><G95/><T69/><D69/><U49/><E78/><V37/><F37/><W93/><G93/><T76/><D76/><U85/><E103/><V81/><F35/><W72/><G72/><T118/><D118/><U0/><E0/><V84/><F91/><W47/><REACH who="3" step="1"/><G42/><REACH who="3" ten="250,250,250,240" step="2"/><T20/><D41/><U111/><E111/><V106/><F106/><W19/><G19/><T63/><D54/><N who="1" m="32079" /><E40/><V80/><F107/><W25/><AGARI ba="0,1" hai="25,29,34,44,47,60,62,65,66,68,70,99,100,105" machi="25" ten="30,8000,1" yaku="1,1,0,1,9,1,25,2,53,0" doraHai="88" doraHaiUra="77" who="3" fromWho="3" sc="250,-40,250,-20,250,-20,240,90" /><INIT seed="1,0,0,2,3,116" ten="210,230,230,330" oya="1" hai0="11,75,106,45,99,67,18,97,26,68,74,63,21" hai1="6,92,4,23,91,85,62,3,90,96,44,112,52" hai2="78,109,103,101,88,61,105,58,30,2,60,72,19" hai3="32,81,132,122,36,134,89,107,79,98,33,66,133"/><U83/><E112/><V69/><F109/><W5/><G122/><T40/><D11/><U118/><E118/><V110/><F110/><W56/><G36/><T55/><D55/><U39/><E3/><V130/><F2/><W20/><G5/><T117/><D117/><U125/><E125/><V104/><F30/><W22/><G66/><T29/><D18/><U28/><E39/><V71/><F19/><W128/><G128/><T34/><D21/><N who="3" m="8297" /><G56/><T86/><D86/><U49/><REACH who="1" step="1"/><E62/><REACH who="1" ten="210,220,230,330" step="2"/><V77/><F61/><W35/><G107/><T111/><D111/><U135/><E135/><V124/><F60/><W9/><G134/><T102/><D97/><U100/><E100/><V48/><F101/><W46/><G98/><T41/><D41/><U37/><E37/><AGARI ba="0,1" hai="26,29,34,37,40,45,63,67,68,74,75,99,102,106" machi="37" ten="30,12000,2" yaku="7,1,25,2,33,3" doraHai="116" who="0" fromWho="1" sc="210,130,220,-120,230,0,330,0" /><INIT seed="2,0,0,2,2,88" ten="340,100,230,330" oya="2" hai0="113,70,31,79,114,1,78,27,7,128,19,43,126" hai1="18,51,12,40,3,81,121,20,112,22,103,55,15" hai2="17,120,115,44,53,135,2,111,89,36,16,58,60" hai3="87,95,83,48,118,26,82,76,39,24,127,46,14"/><V54/><F115/><W122/><G118/><T77/><D70/><U92/><E112/><V9/><F120/><W119/><G119/><T45/><D19/><U99/><E3/><V68/><F135/><W80/><G122/><T117/><D117/><U38/><E121/><V74/><F111/><W52/><G127/><T100/><D100/><U132/><E132/><V93/><F74/><W86/><G39/><T108/><D7/><U13/><E38/><V23/><F68/><W47/><G46/><T33/><D1/><U106/><E40/><V129/><F129/><W50/><G14/><T73/><D73/><U84/><E22/><V101/><F101/><W66/><G66/><T65/><D65/><U34/><E34/><V37/><F37/><W97/><G48/><T35/><D35/><U71/><E106/><V75/><F75/><W116/><G116/><T102/><D102/><U110/><E71/><V32/><F32/><W10/><G10/><T69/><D69/><U41/><E41/><V11/><F2/><W105/><G105/><T72/><D72/><U109/><E109/><V21/><F21/><W134/><G134/><T85/><D108/><U8/><E20/><V25/><F17/><W123/><G123/><T98/><D114/><U5/><E5/><V125/><F125/><W30/><G30/><T107/><D113/><U4/><E4/><V130/><F130/><W67/><G67/><T57/><D126/><U29/><E29/><V62/><F36/><W64/><G64/><T96/><D128/><U0/><E110/><V6/><F6/><W104/><G104/><RYUUKYOKU ba="0,0" sc="340,0,100,0,230,0,330,0" /><INIT seed="3,1,0,5,0,49" ten="340,100,230,330" oya="3" hai0="11,83,21,46,22,36,109,34,58,70,81,3,31" hai1="19,88,126,105,114,132,14,112,89,118,103,119,13" hai2="96,76,2,4,9,62,1,116,115,45,24,104,55" hai3="111,28,90,86,107,73,106,25,66,97,92,129,102"/><W43/><G129/><T42/><D70/><U6/><E6/><V17/><F116/><N who="1" m="44585" /><E19/><V33/><F76/><W63/><G111/><T47/><D83/><U0/><E0/><V8/><F115/><N who="1" m="44073" /><E14/><V35/><F35/><W18/><G73/><T59/><D58/><U61/><E61/><V108/><F62/><W65/><G43/><T75/><D42/><U30/><E30/><V113/><F9/><W133/><G133/><T78/><D11/><U48/><E48/><V32/><F2/><W122/><G122/><T82/><D3/><U39/><E13/><V40/><F4/><W117/><G117/><T64/><D31/><U10/><E10/><V60/><F8/><W80/><G18/><T67/><D22/><U23/><E23/><V95/><F17/><W56/><G66/><T12/><D67/><U121/><E39/><V77/><F1/><W93/><G80/><T71/><D82/><U27/><E27/><V134/><F24/><W110/><G110/><T16/><D109/><U120/><E132/><V26/><F134/><W131/><G131/><T135/><D36/><U130/><E130/><V91/><F26/><W123/><G123/><N who="1" m="47178" /><E126/><V94/><F60/><W69/><G69/><T101/><D71/><U15/><E15/><V57/><F108/><W37/><G37/><T38/><D38/><U50/><E50/><V7/><F7/><W84/><G84/><T53/><D135/><U20/><E20/><AGARI ba="1,0" hai="20,25,28,56,63,65,86,90,92,93,97,102,106,107" machi="20" ten="30,5800,0" yaku="7,1,25,2" doraHai="49" who="3" fromWho="1" sc="340,0,100,-61,230,0,330,61" owari="340,14.0,39,-46.1,230,-17.0,391,49.1" /></mjloggm>