<mjloggm ver="2.3"><GO type="225" lobby="0"/><UN n0="%72%61%6B%33" n1="%E3%81%95%E3%81%8D%E3%81%9F%E3%81%BE%E6%9E%97%E6%AA%8E" n2="%E9%A1%94%E7%9C%9F%E5%8D%BF" n3="%E3%81%9F%E3%81%93%E2%98%86%E7%84%BC%E3%81%8D" dan="16,16,16,16" rate="2178.64,2104.28,2107.58,2118.95" sx="M,M,M,M"/><TAIKYOKU oya="0"/><INIT seed="0,0,0,2,2,45" ten="250,250,250,250" oya="0" hai0="114,53,5,70,77,135,16,120,101,27,49,96,134" hai1="66,59,33,119,112,11,41,54,60,21,118,103,99" hai2="106,35,65,97,84,24,107,17,82,129,74,104,111" hai3="80,94,131,90,87,93,10,78,76,12,63,51,100"/><T132/><D114/><U75/><E75/><V92/><F111/><W37/><G37/><T79/><D120/><U98/><E33/><V6/><F129/><W3/><G63/><T32/><D70/><U88/><E41/><V4/><F65/><W13/><G3/><T71/><D5/><U22/><E112/><V39/><F39/><W121/><G131/><T128/><D71/><U48/><E119/><V2/><F74/><W23/><G23/><N who="1" m="8714" /><E118/><V8/><F4/><W43/><G12/><T42/><D42/><U44/><E103/><V126/><F17/><W1/><G1/><T91/><D91/><U81/><E11/><V127/><F24/><W0/><G0/><T34/><D128/><U115/><E115/><V125/><F35/><N who="0" m="13354" /><D16/><U30/><E30/><V31/><F31/><W86/><G100/><T124/><D27/><U68/><E68/><V19/><F19/><W46/><G121/><T9/><D9/><U95/><E81/><V28/><F28/><W20/><G20/><T52/><D124/><U110/><E110/><V26/><F26/><W62/><G62/><T57/><D53/><U61/><E61/><V18/><F18/><W73/><G73/><T105/><AGARI ba="0,0" hai="49,52,57,77,79,96,101,105,132,134,135" m="13354" machi="105" ten="40,7800,0" yaku="20,1,52,1,54,1" doraHai="45" who="0" fromWho="0" sc="250,78,250,-26,250,-26,250,-26" /><INIT seed="0,1,0,2,4,36" ten="328,224,224,224" oya="0" hai0="110,66,20,31,40,2,94,52,41,105,87,4,113" hai1="85,1,70,129,27,81,61,115,108,51,50,19,68" hai2="22,39,16,30,106,84,122,55,97,10,69,13,92" hai3="9,6,132,24,131,44,89,135,112,53,3,43,117"/><T103/><D113/><U109/><E1/><V71/><F122/><W107/><G117/><T46/><D105/><U96/><E129/><V83/><F106/><W17/><G112/><T8/><D66/><U75/><E75/><V102/><F39/><W90/><G107/><T123/><D123/><U49/><E115/><V91/><F30/><W38/><G53/><T34/><D34/><U26/><E96/><V57/><REACH who="2" step="1"/><F10/><REACH who="2" ten="328,224,214,224" step="2"/><W62/><G131/><T67/><D31/><U82/><E109/><V98/><F98/><W95/><G135/><T124/><D8/><U0/><E108/><V99/><F99/><W7/><G132/><T15/><D110/><U121/><E121/><V93/><F93/><W32/><G95/><T5/><D94/><U42/><E82/><V127/><F127/><W120/><G120/><T76/><D124/><U65/><E81/><V58/><F58/><W111/><G111/><T134/><D134/><U104/><E104/><V25/><F25/><W133/><G24/><T33/><D33/><U11/><E27/><V45/><F45/><W73/><G9/><T86/><D46/><U35/><E26/><V119/><F119/><W100/><G38/><T79/><D20/><U59/><E11/><V48/><AGARI ba="1,1" hai="13,16,22,48,55,57,69,71,83,84,91,92,97,102" machi="48" ten="20,8000,1" yaku="1,1,0,1,7,1,54,1,53,1" doraHai="36" doraHaiUra="14" who="2" fromWho="2" sc="328,-41,224,-21,214,93,224,-21" /><INIT seed="1,0,0,2,1,42" ten="287,203,307,203" oya="1" hai0="61,29,118,83,17,48,122,73,53,117,57,64,16" hai1="115,103,69,99,101,132,67,45,58,36,124,43,10" hai2="33,38,32,62,26,109,1,95,116,8,0,93,60" hai3="4,12,129,5,131,7,6,108,134,112,88,104,37"/><U41/><E115/><V91/><F116/><W66/><G104/><T11/><D122/><U50/><E132/><V54/><F38/><W84/><G112/><T81/><D29/><U113/><E113/><V14/><F0/><W92/><G134/><T28/><D28/><U74/><E74/><V90/><F1/><W96/><G108/><T126/><D126/><U121/><E121/><V107/><F107/><W63/><G37/><T86/><D73/><U20/><E124/><V52/><F109/><W2/><G2/><T19/><D11/><U123/><E123/><V80/><F80/><W135/><G135/><T128/><D128/><N who="3" m="49225" /><G12/><T13/><D13/><U9/><E101/><V77/><F77/><W89/><N who="3" m="1024" /><DORA hai="87" /><W78/><G78/><T65/><D65/><U79/><E79/><V51/><F26/><W97/><G89/><N who="2" m="33801" /><F32/><W34/><G34/><T39/><D39/><U24/><E69/><AGARI ba="0,0" hai="63,66,69,84,88,92,96,97" m="1024,49225" machi="69" ten="40,5200,0" yaku="19,1,52,1,54,1" doraHai="42,87" who="3" fromWho="1" sc="287,0,203,-52,307,0,203,52" /><INIT seed="2,0,0,1,1,49" ten="287,151,307,255" oya="2" hai0="12,27,107,31,16,53,74,40,69,45,57,60,56" hai1="106,33,131,44,65,100,13,2,11,76,66,81,116" hai2="43,84,103,85,77,22,99,61,4,64,89,41,134" hai3="48,54,108,79,35,9,97,95,28,5,114,94,72"/><V42/><F134/><W20/><G35/><T51/><D74/><U78/><E131/><V19/><F4/><W124/><G108/><T118/><D118/><U30/><E116/><V67/><F77/><W38/><G38/><T102/><D69/><U133/><E133/><V14/><F89/><W68/><G68/><T109/><D109/><U101/><E2/><V50/><F50/><W47/><G124/><T104/><D102/><U23/><E33/><V82/><F82/><W130/><G130/><T105/><D57/><U0/><E0/><V71/><REACH who="2" step="1"/><F64/><REACH who="2" ten="287,151,297,255" step="2"/><W92/><G79/><T55/><D40/><U10/><E66/><V112/><F112/><W80/><G114/><T113/><D113/><U37/><E65/><V98/><F98/><W123/><G80/><T86/><D86/><U63/><E37/><V119/><F119/><W93/><G72/><T117/><D117/><U83/><E81/><V34/><F34/><W8/><G5/><T110/><D110/><U128/><E128/><V96/><F96/><W59/><G123/><T73/><D73/><U15/><E83/><V115/><F115/><W25/><G25/><T24/><REACH who="0" step="1"/><D31/><REACH who="0" ten="277,151,297,255" step="2"/><U46/><E30/><V52/><F52/><W75/><G28/><T58/><D58/><U111/><E111/><V121/><F121/><W125/><G97/><T6/><D6/><U17/><E17/><V3/><F3/><W62/><G59/><T7/><D7/><U129/><E129/><V70/><F70/><W120/><G120/><T127/><D127/><U21/><E21/><AGARI ba="0,2" hai="12,16,21,24,27,45,51,53,55,56,60,104,105,107" machi="21" ten="40,8000,1" yaku="1,1,52,2,54,1,53,0" doraHai="49" doraHaiUra="36" who="0" fromWho="1" sc="277,100,151,-80,297,0,255,0" /><INIT seed="3,0,0,5,4,15" ten="377,71,297,255" oya="3" hai0="13,98,125,61,102,66,76,25,14,48,19,99,112" hai1="35,17,120,54,128,39,33,67,68,60,21,64,71" hai2="124,0,82,40,129,51,1,126,87,56,111,86,18" hai3="23,72,113,49,122,132,10,9,42,80,20,94,119"/><W22/><G113/><T78/><D125/><N who="2" m="48234" /><F111/><W69/><G119/><T4/><D112/><U55/><E55/><BYE who="1" /><N who="2" m="31871" /><F129/><W2/><G69/><T74/><D48/><U62/><E62/><V79/><F40/><W28/><G122/><T96/><D102/><U47/><E47/><V117/><F117/><W45/><G132/><T92/><D92/><U58/><E58/><V53/><F53/><W31/><G2/><T121/><D121/><U100/><E100/><V30/><F30/><N who="3" m="11307" /><G72/><T114/><D74/><U108/><E108/><V36/><F36/><W75/><G75/><T59/><D114/><U88/><E88/><N who="2" m="51287" /><F18/><W8/><G80/><AGARI ba="0,0" hai="0,1,79,80,87" m="51287,31871,48234" machi="80" ten="30,2000,0" yaku="18,1,54,1" doraHai="15" who="2" fromWho="3" sc="377,0,71,0,297,20,255,-20" owari="377,47.7,71,-42.9,317,11.7,235,-16.5" /></mjloggm>