<mjloggm ver="2.3"><GO type="225" lobby="0"/><UN n0="%72%65%6E%6B%75%6E" n1="%73%61%6E%64%69%72%69%73" n2="%72%69%6F%75%63%68%61%6E" n3="%E3%83%A9%E3%83%BC%E3%83%A1%E3%83%B3%E4%BA%94%E9%83%8E" dan="17,16,16,16" rate="2224.74,2123.50,2160.38,2098.04" sx="M,M,M,M"/><TAIKYOKU oya="0"/><INIT seed="0,0,0,2,4,78" ten="250,250,250,250" oya="0" hai0="16,125,80,56,12,73,114,45,82,109,104,117,3" hai1="72,95,62,100,119,59,57,69,118,54,128,70,44" hai2="13,10,105,124,24,8,29,88,32,1,130,50,135" hai3="22,28,103,20,30,76,21,98,67,36,60,115,61"/><T55/><D3/><U102/><E72/><V74/><F105/><W68/><G115/><T51/><D104/><U11/><E128/><V26/><F74/><W37/><G61/><N who="0" m="35999" /><D114/><U38/><E11/><V123/><F123/><W49/><G49/><T2/><D2/><U79/><E79/><V27/><F130/><W93/><REACH who="3" step="1"/><G76/><REACH who="3" ten="250,250,250,240" step="2"/><T127/><D117/><U71/><E119/><V121/><F50/><W87/><G87/><T14/><D73/><U77/><E77/><V129/><F129/><W97/><G97/><T58/><D109/><U90/><E118/><V106/><F121/><W7/><G7/><T34/><D34/><U64/><E62/><V107/><F1/><W132/><G132/><T17/><D125/><U6/><E6/><V131/><F135/><W52/><G52/><N who="0" m="32031" /><D127/><U84/><E84/><V40/><F124/><W134/><G134/><T92/><D45/><U83/><E44/><V0/><F131/><W25/><G25/><T101/><D14/><U47/><E47/><V96/><F0/><W108/><G108/><T133/><D133/><U53/><E53/><V75/><F75/><W112/><G112/><T113/><D113/><U116/><E54/><V9/><F13/><W91/><G91/><T23/><D17/><U110/><E110/><V94/><F40/><W43/><G43/><T33/><D33/><U39/><E116/><V89/><F89/><W122/><G122/><T85/><D101/><U35/><E102/><V18/><F26/><W41/><G41/><T15/><D15/><U46/><E46/><V48/><F48/><W81/><G81/><RYUUKYOKU ba="0,1" sc="250,10,250,-30,250,10,240,10" hai0="12,16,23,80,82,85,92" hai2="8,9,10,18,24,27,29,32,88,94,96,106,107" hai3="20,21,22,28,30,36,37,60,67,68,93,98,103" /><INIT seed="0,1,1,2,2,132" ten="260,220,260,250" oya="0" hai0="10,44,34,46,119,60,63,18,116,124,66,28,41" hai1="57,40,30,74,90,126,52,49,47,98,99,8,62" hai2="76,15,37,64,133,91,109,5,53,36,3,130,51" hai3="128,83,102,127,58,121,11,38,81,4,111,21,87"/><T86/><D124/><U105/><E74/><V50/><F3/><W22/><G38/><T72/><D72/><U123/><E123/><V35/><F35/><W1/><G121/><T12/><D86/><U54/><E126/><V93/><F133/><W106/><G127/><T104/><D104/><U45/><E30/><V19/><F5/><W9/><G111/><T26/><D60/><U75/><E75/><V31/><F31/><W59/><G128/><T120/><D120/><U125/><E125/><V89/><F64/><W131/><G131/><T23/><D34/><U80/><E105/><V13/><F109/><W94/><G106/><T39/><REACH who="0" step="1"/><D44/><REACH who="0" ten="250,220,260,250" step="2"/><U114/><E114/><V61/><F61/><W115/><G115/><T108/><D108/><U88/><E47/><V16/><F130/><W101/><G87/><T107/><D107/><U122/><E122/><V43/><F93/><W135/><G135/><T56/><AGARI ba="1,2" hai="10,12,18,23,26,28,39,41,46,56,63,66,116,119" machi="56" ten="20,3900,0" yaku="1,1,0,1,7,1,53,0" doraHai="132" doraHaiUra="33" who="0" fromWho="0" sc="250,62,220,-14,260,-14,250,-14" /><INIT seed="0,2,0,0,5,63" ten="312,206,246,236" oya="0" hai0="36,66,62,46,76,8,61,81,89,37,26,114,9" hai1="115,21,32,0,94,73,42,60,106,123,134,79,72" hai2="64,22,122,133,102,48,1,24,6,103,82,16,87" hai3="101,40,10,68,124,95,12,53,74,47,92,90,5"/><T93/><D114/><U112/><E32/><V88/><F122/><W111/><G74/><T80/><D26/><U77/><E0/><V108/><F108/><W71/><G111/><T67/><D46/><U113/><E42/><V29/><F133/><W19/><G124/><T52/><D76/><N who="1" m="29259" /><E21/><N who="2" m="15503" /><F6/><W59/><G5/><T96/><D37/><U15/><E15/><N who="2" m="9503" /><F1/><W3/><G3/><T105/><D61/><U13/><E60/><V57/><F64/><N who="0" m="24618" /><D105/><U27/><E13/><V99/><F99/><N who="3" m="59647" /><G68/><T126/><D126/><U51/><E27/><V118/><F118/><W33/><G71/><T135/><D135/><U54/><E106/><V7/><F7/><W130/><G33/><T116/><D116/><U17/><E123/><V28/><F28/><W18/><G19/><T23/><D23/><U100/><E17/><V11/><F11/><N who="0" m="4170" /><D36/><U91/><E134/><V75/><F75/><W128/><G47/><T43/><D43/><U25/><E25/><V97/><F48/><N who="3" m="31143" /><G40/><T44/><D62/><U131/><E72/><V41/><F41/><W85/><G10/><T65/><N who="0" m="24626" /><T69/><DORA hai="70" /><D69/><U38/><E73/><V14/><F57/><W84/><G12/><T117/><D117/><U35/><E38/><V104/><F14/><W55/><G18/><T30/><D30/><U120/><E120/><V132/><F132/><W45/><G45/><T110/><D110/><U83/><E113/><V49/><F49/><W58/><BYE who="0" /><G58/><T56/><D56/><N who="1" m="32863" /><E35/><V98/><F104/><W2/><G2/><T20/><D20/><U50/><E115/><V86/><F86/><RYUUKYOKU ba="2,0" sc="312,15,206,-15,246,15,236,-15" hai0="44,52,80,81,89,93,96" hai2="82,87,88,97,98,102,103" /><INIT seed="0,3,0,3,2,11" ten="327,191,261,221" oya="0" hai0="13,76,41,89,47,134,66,82,96,43,92,39,78" hai1="61,70,118,21,128,36,72,38,55,24,79,68,32" hai2="17,126,121,1,113,85,16,75,101,119,130,99,112" hai3="35,103,135,81,116,7,129,86,122,83,133,50,12"/><T10/><D10/><U8/><E118/><V40/><F121/><W73/><G116/><T111/><D111/><U60/><E32/><V69/><F75/><W104/><G122/><T49/><D49/><U48/><E8/><V67/><F119/><W27/><G129/><T9/><D9/><U88/><E79/><V108/><F1/><W107/><G7/><T95/><D95/><U58/><E72/><V102/><F40/><W33/><G73/><T52/><D52/><N who="1" m="33863" /><E88/><V37/><F37/><N who="1" m="14441" /><E21/><V4/><F4/><W123/><G123/><T51/><D51/><U25/><E25/><V87/><F108/><UN n0="%72%65%6E%6B%75%6E" /><W44/><G27/><T125/><D41/><U26/><E26/><V59/><F130/><W20/><G103/><T90/><D13/><U6/><E24/><V98/><F59/><W80/><G86/><N who="0" m="50391" /><D66/><N who="1" m="41039" /><E6/><V29/><F29/><W120/><G120/><T34/><D34/><U77/><E77/><V15/><F15/><W97/><G33/><T0/><D0/><U28/><E28/><V22/><F22/><W57/><G35/><T115/><D78/><U53/><E128/><V14/><F14/><W46/><G97/><T5/><D76/><U54/><E70/><V105/><F69/><W62/><G104/><T132/><D5/><U131/><E131/><V63/><F105/><W74/><G107/><T100/><D100/><U31/><E31/><V3/><F3/><W124/><G74/><T127/><D90/><U106/><E106/><V94/><F94/><W19/><G20/><T114/><D92/><U30/><E30/><V109/><F101/><W64/><G81/><RYUUKYOKU ba="3,0" sc="327,-10,191,30,261,-10,221,-10" hai1="48,53,54,55" /><INIT seed="1,4,0,4,4,20" ten="317,221,251,211" oya="1" hai0="39,97,71,93,22,135,127,119,1,108,78,68,48" hai1="27,26,58,112,90,100,98,73,92,53,77,15,34" hai2="43,123,125,88,45,8,29,56,49,41,99,37,65" hai3="60,85,40,115,0,72,62,70,7,91,105,33,111"/><U96/><E112/><V61/><F123/><W114/><G105/><T12/><D39/><U128/><E34/><V30/><F125/><W103/><G33/><T6/><D119/><U57/><E128/><V95/><F41/><W23/><G103/><T116/><D116/><U106/><E15/><V28/><REACH who="2" step="1"/><F8/><REACH who="2" ten="317,221,241,211" step="2"/><W54/><G40/><T44/><D127/><U10/><E10/><V52/><F52/><W36/><G54/><T50/><D108/><U117/><E117/><V121/><F121/><W51/><G111/><T2/><D135/><U86/><E98/><V3/><F3/><W82/><G0/><T87/><D97/><U84/><E84/><V38/><AGARI ba="4,1" hai="28,29,30,37,38,43,45,49,56,61,65,88,95,99" machi="38" ten="30,4000,0" yaku="1,1,0,1,54,1,53,0" doraHai="20" doraHaiUra="76" who="2" fromWho="2" sc="317,-14,221,-24,241,62,211,-14" /><INIT seed="2,0,0,4,2,24" ten="303,197,303,197" oya="2" hai0="131,36,118,97,15,23,17,27,3,69,19,25,54" hai1="50,56,60,41,72,134,123,45,79,16,51,105,90" hai2="116,8,33,113,78,124,70,100,34,62,26,44,121" hai3="29,57,21,43,73,30,84,133,117,104,122,28,81"/><V61/><F113/><W89/><G117/><T65/><D36/><U103/><E134/><V66/><F116/><W14/><G122/><T107/><D118/><U53/><E123/><V10/><F121/><W75/><G104/><T46/><D3/><U120/><E120/><V4/><F124/><W108/><G133/><T106/><D131/><U82/><E103/><V1/><F78/><W88/><G108/><T49/><D97/><U110/><E105/><V132/><F132/><W126/><G126/><T55/><D27/><U129/><E129/><V9/><F44/><W77/><G73/><T99/><D99/><U64/><E110/><V63/><F100/><W128/><G128/><T52/><D106/><U42/><E90/><N who="3" m="34922" /><G75/><T32/><D107/><U94/><E94/><V74/><F74/><W92/><G43/><T7/><D7/><U58/><E16/><V76/><F76/><W102/><G57/><T96/><D96/><U6/><E6/><V112/><F112/><W93/><G102/><T135/><D135/><U0/><E0/><V127/><F127/><W35/><G35/><T67/><D32/><U125/><E125/><V101/><F101/><W114/><G114/><T38/><D38/><U91/><E91/><V68/><F34/><W86/><G86/><T115/><D115/><U59/><REACH who="1" step="1"/><E41/><REACH who="1" ten="303,187,303,197" step="2"/><V31/><REACH who="2" step="1"/><F61/><REACH who="2" ten="303,187,293,197" step="2"/><W40/><G40/><N who="0" m="24775" /><D69/><AGARI ba="0,2" hai="42,45,50,51,53,56,58,59,60,64,69,72,79,82" machi="69" ten="30,2000,0" yaku="1,1,7,1,53,0" doraHai="24" doraHaiUra="20" who="1" fromWho="0" sc="303,-20,187,40,293,0,197,0" /><INIT seed="3,0,0,5,4,132" ten="283,227,293,197" oya="3" hai0="77,88,125,129,94,106,46,44,115,98,96,47,111" hai1="0,87,41,55,1,22,21,51,108,71,100,35,127" hai2="135,8,39,76,4,29,124,32,97,67,45,50,92" hai3="19,11,37,134,10,31,15,23,33,114,101,95,105"/><W56/><G114/><T118/><D118/><U89/><E35/><V30/><F124/><W3/><G134/><T81/><D115/><U99/><E71/><V133/><F39/><W49/><G37/><T73/><D125/><U93/><E127/><V90/><F32/><W65/><G105/><T36/><D111/><U128/><E108/><V6/><F135/><W72/><G72/><T18/><D129/><U59/><E128/><V7/><F8/><W104/><G104/><T54/><D36/><U43/><E0/><V119/><F119/><W53/><G3/><T130/><D130/><U107/><E1/><V86/><F67/><W14/><G65/><T66/><D66/><U123/><E123/><V26/><F26/><W5/><G33/><T42/><D42/><U79/><E79/><V102/><F76/><W57/><G31/><T9/><D54/><U82/><E107/><V60/><F60/><W20/><REACH who="3" step="1"/><G56/><REACH who="3" ten="283,227,293,187" step="2"/><T28/><D28/><U69/><E69/><V58/><F58/><W12/><G12/><N who="0" m="7439" /><D106/><U109/><E109/><V116/><F133/><W75/><G75/><T113/><D113/><U48/><E59/><V70/><F70/><W68/><G68/><T122/><D122/><U27/><E27/><V40/><F116/><W117/><G117/><T85/><D73/><U62/><E43/><V83/><AGARI ba="0,1" hai="4,6,7,29,30,40,45,50,83,86,90,92,97,102" machi="83" ten="30,2000,0" yaku="0,1,8,1" doraHai="132" who="2" fromWho="2" sc="283,-5,227,-5,293,30,187,-10" owari="278,7.8,222,-17.8,323,42.3,177,-32.3" /></mjloggm>