<mjloggm ver="2.3"><GO type="225" lobby="0"/><UN n0="%E3%81%95%E3%81%8D%E3%81%9F%E3%81%BE%E6%9E%97%E6%AA%8E" n1="%E2%91%A3%E9%81%BF%E9%81%8A%E6%88%AF%E3%80%90%E6%9D%B1%E5%8D%97%E3%80%91" n2="%E3%83%A9%E3%83%96%E3%83%AC%E3%83%BC" n3="%E3%81%9F%E3%81%93%E2%98%86%E7%84%BC%E3%81%8D" dan="16,16,18,16" rate="2103.63,2113.82,2270.45,2118.58" sx="M,M,M,M"/><TAIKYOKU oya="0"/><INIT seed="0,0,0,5,1,99" ten="250,250,250,250" oya="0" hai0="56,60,118,70,0,127,76,52,81,73,9,105,114" hai1="26,49,30,130,8,108,93,123,24,125,104,66,64" hai2="3,128,57,61,97,10,11,44,120,6,35,79,54" hai3="32,85,46,51,89,131,115,69,134,13,68,91,17"/><T110/><BYE who="3" /><D114/><U98/><E123/><V16/><F120/><W22/><G22/><T122/><D118/><U102/><E26/><V41/><F128/><UN n3="%E3%81%9F%E3%81%93%E2%98%86%E7%84%BC%E3%81%8D" /><W132/><G32/><T40/><D127/><U82/><E130/><V37/><F35/><W92/><G115/><T95/><D105/><U58/><E125/><V19/><F11/><N who="3" m="6335" /><G91/><T117/><D122/><U50/><E104/><V78/><F78/><W84/><G84/><T39/><D117/><U135/><E135/><N who="3" m="51754" /><G131/><T48/><D110/><U67/><E108/><V103/><REACH who="2" step="1"/><F79/><REACH who="2" ten="250,250,240,250" step="2"/><W29/><G29/><T106/><D76/><U116/><E116/><V14/><F14/><W71/><G71/><T74/><D9/><U23/><E8/><V126/><F126/><W12/><G12/><T1/><D70/><U94/><E82/><V121/><F121/><W20/><G20/><T5/><D81/><U101/><E58/><V25/><F25/><W31/><G31/><T111/><D56/><U75/><E75/><V88/><F88/><W38/><G69/><T109/><D74/><U65/><N who="1" m="16384" /><DORA hai="43" /><U53/><E53/><V112/><F112/><W72/><G68/><T34/><D73/><U87/><E87/><V133/><F133/><W18/><G72/><T100/><D111/><U4/><E4/><V113/><F113/><W124/><G18/><T15/><D5/><U86/><E86/><V28/><F28/><W21/><G21/><T80/><D80/><U47/><E47/><V27/><F27/><W55/><G124/><T59/><D109/><U36/><E30/><V7/><F7/><W119/><G119/><RYUUKYOKU ba="0,1" sc="250,-15,250,-15,240,15,250,15" hai2="3,6,10,16,19,37,41,44,54,57,61,97,103" hai3="38,46,51,55,85,89,92" /><INIT seed="1,1,1,5,4,72" ten="235,235,255,265" oya="1" hai0="68,78,2,1,95,39,82,7,117,25,27,88,121" hai1="33,53,23,135,43,80,6,73,106,65,110,122,99" hai2="3,36,46,5,59,76,29,85,60,94,132,4,8" hai3="133,134,104,22,130,108,81,38,44,103,84,116,56"/><U48/><E122/><V20/><F132/><W45/><G108/><T92/><D117/><U120/><E135/><N who="3" m="51722" /><G38/><T77/><D68/><U11/><E33/><V113/><F113/><W12/><G116/><T51/><D39/><U0/><E120/><V128/><F128/><W127/><G56/><T37/><D37/><U90/><E43/><V97/><F29/><W118/><G127/><T40/><D121/><U111/><E65/><V126/><F20/><W74/><G74/><T32/><D32/><U100/><E23/><V24/><F24/><N who="0" m="9290" /><D2/><U107/><E107/><V54/><F126/><W109/><G109/><N who="1" m="41482" /><E90/><V52/><F8/><W31/><G130/><T79/><D1/><U96/><E96/><V83/><F3/><W89/><G31/><T14/><D7/><U115/><E115/><V47/><F36/><W15/><G118/><T50/><D14/><N who="3" m="5161" /><G22/><T58/><D58/><N who="1" m="33063" /><E73/><V13/><F13/><W57/><G57/><T129/><D129/><U42/><E42/><V19/><F4/><W9/><G9/><T30/><D40/><U71/><E71/><V63/><F5/><W124/><G124/><T98/><D30/><U131/><E131/><V28/><F28/><W62/><G104/><T49/><D98/><U10/><E10/><V61/><F59/><W70/><G103/><T119/><D119/><U91/><E91/><N who="2" m="55519" /><F19/><W86/><G86/><AGARI ba="1,1" hai="49,50,51,77,78,79,82,86,88,92,95" m="9290" machi="86" ten="40,8000,1" yaku="8,1,52,3,54,1" doraHai="72" who="0" fromWho="3" sc="235,93,235,0,255,0,265,-83" /><INIT seed="2,0,0,2,0,26" ten="328,235,255,182" oya="2" hai0="61,96,91,47,52,21,97,81,67,43,17,34,1" hai1="114,59,16,24,36,30,53,58,105,56,42,12,51" hai2="48,19,7,66,106,131,122,117,46,74,3,85,0" hai3="119,121,111,134,101,92,60,54,115,90,9,6,104"/><V102/><F117/><W14/><G119/><T10/><D34/><U69/><E114/><V80/><F122/><W8/><G121/><T75/><D1/><U57/><E105/><V135/><F74/><W124/><G111/><T99/><D10/><U71/><E36/><V70/><F135/><W27/><G134/><T4/><D4/><U132/><E42/><V130/><F66/><W31/><G124/><T118/><D118/><U29/><E132/><V45/><F70/><W33/><G115/><T94/><D75/><U129/><E129/><N who="2" m="49163" /><F7/><W93/><G8/><T37/><D81/><U22/><REACH who="1" step="1"/><E30/><REACH who="1" ten="328,225,255,182" step="2"/><V32/><F106/><W20/><G104/><T25/><D67/><U63/><E63/><V55/><F48/><W28/><G60/><T65/><D52/><U95/><E95/><V23/><F55/><W107/><G54/><T89/><D94/><U98/><E98/><V49/><F49/><W108/><G33/><AGARI ba="0,1" hai="12,16,22,24,29,33,51,53,56,57,58,59,69,71" machi="33" ten="40,8000,1" yaku="1,1,52,1,54,1,53,1" doraHai="26" doraHaiUra="15" who="1" fromWho="3" sc="328,0,225,90,255,0,182,-80" /><INIT seed="3,0,0,4,4,93" ten="328,315,255,102" oya="3" hai0="6,15,7,0,114,68,74,39,58,75,102,22,33" hai1="23,132,55,100,128,83,16,53,127,59,65,99,120" hai2="94,70,87,131,107,80,113,71,111,12,67,38,92" hai3="109,14,82,89,17,49,133,51,37,3,64,20,104"/><W118/><G37/><T73/><D68/><U66/><E120/><V88/><F113/><W96/><G118/><T10/><D39/><U103/><E127/><V8/><F107/><W98/><G3/><T60/><D33/><U11/><E128/><V90/><F131/><W50/><G104/><T19/><D114/><U18/><E132/><V125/><F125/><W81/><G133/><T69/><D69/><U48/><E83/><N who="3" m="31754" /><G109/><T108/><D108/><U36/><E36/><V101/><F111/><W43/><G43/><T46/><D46/><U31/><E55/><V52/><F38/><W28/><G64/><T62/><D102/><U26/><E103/><V97/><F67/><N who="1" m="25609" /><E11/><V9/><F9/><N who="3" m="6351" /><G89/><T134/><D134/><U35/><E35/><V117/><F117/><W4/><G4/><T135/><D135/><U45/><E45/><V95/><F71/><W29/><G20/><T115/><D7/><U42/><E42/><V77/><F70/><W21/><G21/><T116/><D116/><U5/><E5/><V123/><F123/><W106/><G106/><T40/><D40/><U122/><E122/><V112/><F112/><W86/><G86/><T105/><D105/><U129/><E129/><V63/><F101/><W126/><G126/><T130/><D130/><U85/><E85/><V76/><F90/><W13/><G13/><T47/><D115/><U24/><E24/><V110/><F110/><W30/><AGARI ba="0,0" hai="28,29,30,49,50,51,96,98" m="6351,31754" machi="30" ten="40,7800,0" yaku="8,1,52,2" doraHai="93" who="3" fromWho="3" sc="328,-26,315,-26,255,-26,102,78" /><INIT seed="3,1,0,4,1,15" ten="302,289,229,180" oya="3" hai0="109,83,50,71,34,23,106,49,110,22,123,134,81" hai1="61,12,77,125,86,62,51,135,73,44,59,128,127" hai2="26,14,42,88,74,18,130,111,122,70,1,98,92" hai3="102,124,41,66,133,30,35,39,20,60,99,87,96"/><W43/><G35/><T126/><D126/><N who="1" m="48139" /><E73/><V31/><F130/><W115/><G115/><T132/><D34/><U48/><E135/><N who="0" m="51753" /><D123/><U100/><E100/><V47/><F111/><N who="0" m="42506" /><D71/><U72/><E72/><V69/><F74/><W9/><G133/><T103/><D103/><U65/><E128/><V114/><F1/><W56/><G39/><T46/><D106/><U67/><E44/><V21/><F114/><W97/><G9/><T33/><D33/><U4/><E77/><V101/><F101/><W120/><G120/><T5/><D5/><U25/><E25/><V28/><F122/><W32/><G32/><T53/><D50/><U7/><E86/><V2/><F2/><W94/><G124/><T117/><D117/><U93/><E93/><V54/><F31/><W91/><REACH who="3" step="1"/><G102/><REACH who="3" ten="302,289,229,170" step="2"/><T10/><D10/><N who="1" m="4167" /><E7/><V95/><F70/><AGARI ba="1,1" hai="48,51,59,61,62,65,67,70" m="4167,48139" machi="70" ten="30,1000,0" yaku="18,1" doraHai="15" who="1" fromWho="2" sc="302,0,289,23,229,-13,170,0" owari="302,10.2,312,41.2,216,-18.4,170,-33.0" /></mjloggm>