<mjloggm ver="2.3"><GO type="225" lobby="0"/><UN n0="%E3%82%BC%E3%83%AB%E3%83%80%E3%81%AE%E4%BC%9D%E8%AA%AC" n1="%E6%97%A5%E5%A5%88%E6%A3%AE%E3%81%82%E3%82%80" n2="%33%74%72%65%65" n3="%E3%82%A2%E3%83%A1%E3%82%A2%E3%83%A9%E3%83%AC" dan="18,17,16,16" rate="2209.17,2120.61,2160.19,2044.10" sx="M,F,F,M"/><TAIKYOKU oya="0"/><INIT seed="0,0,0,2,3,46" ten="250,250,250,250" oya="0" hai0="83,34,21,84,88,102,125,31,53,104,81,103,117" hai1="54,114,60,26,25,126,29,65,20,118,16,112,10" hai2="18,43,12,106,77,129,119,47,134,113,92,36,91" hai3="130,24,8,70,68,38,135,42,79,45,59,109,39"/><T44/><D117/><U99/><E118/><V120/><F119/><W49/><G109/><T98/><D34/><U121/><E121/><V86/><F120/><W93/><G135/><T35/><D35/><U87/><E126/><V90/><F134/><W28/><G130/><T78/><D125/><U15/><E99/><V69/><F129/><W76/><G8/><T74/><D102/><U11/><E87/><V63/><F113/><N who="1" m="43625" /><E54/><V7/><F106/><W6/><G6/><T111/><D111/><U124/><E124/><V128/><F128/><W122/><G122/><T5/><D5/><U73/><E73/><V101/><F7/><W94/><G59/><T75/><D75/><U131/><E131/><V71/><F101/><W55/><G70/><T108/><D108/><U50/><E50/><V33/><F33/><W41/><G68/><T13/><D13/><U37/><E37/><V133/><F133/><W123/><G123/><T115/><D115/><U14/><E26/><V97/><F63/><W116/><G116/><T2/><D2/><U3/><E3/><V22/><REACH who="2" step="1"/><F77/><REACH who="2" ten="250,250,240,250" step="2"/><W57/><G76/><T96/><D103/><U89/><E89/><V100/><F100/><W19/><G79/><T17/><D104/><U61/><E65/><V95/><AGARI ba="0,1" hai="12,18,22,36,43,47,69,71,86,90,91,92,95,97" machi="95" ten="20,2700,0" yaku="1,1,0,1,7,1,53,0" doraHai="46" doraHaiUra="0" who="2" fromWho="2" sc="250,-13,250,-7,240,37,250,-7" /><INIT seed="1,0,0,4,2,76" ten="237,243,277,243" oya="1" hai0="39,87,56,82,121,13,80,115,12,0,107,52,61" hai1="92,47,51,85,23,69,24,133,112,125,42,48,86" hai2="55,58,57,109,105,132,127,104,91,6,118,37,18" hai3="103,71,131,83,126,63,102,95,113,49,35,81,1"/><U5/><E112/><V21/><F118/><W10/><G113/><T135/><D115/><U117/><E117/><V134/><F109/><W22/><G35/><T75/><D0/><U114/><E114/><V84/><F37/><W74/><G74/><T128/><D39/><U50/><E69/><V34/><F6/><W97/><G131/><T11/><D107/><U65/><E65/><V46/><F46/><W108/><G108/><T9/><D128/><U25/><E125/><V124/><F34/><W27/><G126/><N who="2" m="48169" /><F104/><W14/><G103/><T78/><D135/><N who="2" m="51754" /><F55/><W53/><G1/><T93/><D93/><U33/><E33/><V60/><F60/><W122/><G122/><T38/><D38/><U110/><E5/><V68/><F68/><W100/><G100/><T90/><REACH who="0" step="1"/><D121/><REACH who="0" ten="227,243,277,243" step="2"/><U62/><E133/><V116/><F105/><W96/><G95/><T16/><D16/><U30/><E110/><V15/><F116/><W2/><G2/><T29/><D29/><U72/><E92/><AGARI ba="0,1" hai="15,18,21,57,58,84,91,92" m="51754,48169" machi="92" ten="30,2000,0" yaku="18,1,20,1" doraHai="76" who="2" fromWho="1" sc="227,0,243,-20,277,30,243,0" /><INIT seed="2,0,0,5,4,113" ten="227,223,307,243" oya="2" hai0="86,13,22,80,98,103,102,61,57,90,62,78,3" hai1="40,29,64,79,89,73,51,85,43,127,132,71,42" hai2="88,97,131,119,108,4,117,47,5,2,30,114,31" hai3="48,124,52,128,39,126,34,20,26,68,106,35,129"/><V77/><F114/><W100/><G39/><T118/><D3/><U63/><E127/><N who="3" m="48682" /><G68/><T23/><D118/><U74/><E132/><V81/><F131/><N who="3" m="50251" /><G100/><N who="0" m="38443" /><D13/><U17/><E29/><V133/><F31/><N who="3" m="17863" /><G106/><T28/><D28/><U33/><E33/><V49/><F30/><W44/><AGARI ba="0,0" hai="34,35,44,48,52" m="17863,50251,48682" machi="44" ten="30,4000,0" yaku="18,1,19,1,54,1" doraHai="113" who="3" fromWho="3" sc="227,-10,223,-10,307,-20,243,40" /><INIT seed="3,0,0,0,1,74" ten="217,213,287,283" oya="3" hai0="17,64,0,62,50,75,87,40,84,78,103,15,1" hai1="66,13,133,34,119,9,76,24,20,69,36,56,131" hai2="73,5,110,93,109,32,98,135,43,132,46,113,68" hai3="134,107,63,6,33,116,124,45,117,49,67,128,8"/><W37/><G107/><T23/><D75/><U58/><E34/><V2/><F113/><W120/><G120/><T106/><D106/><U90/><E36/><N who="2" m="21863" /><F32/><W19/><G33/><T38/><D38/><U71/><E131/><V112/><F112/><W91/><G37/><T42/><D103/><U82/><E133/><N who="2" m="51275" /><F93/><W35/><G35/><T88/><D50/><U130/><E130/><V44/><F44/><W39/><G39/><T92/><D1/><U51/><E119/><V80/><F98/><W85/><G19/><T104/><D0/><U125/><E125/><V18/><F18/><W81/><G124/><T28/><D28/><U97/><E97/><V3/><F68/><W127/><G127/><T52/><D104/><U101/><E101/><V7/><F5/><W122/><G122/><T27/><D27/><U95/><E69/><V30/><F30/><W115/><G115/><T123/><D123/><U61/><E24/><V79/><F3/><W60/><G128/><T102/><D102/><U65/><E20/><V121/><F121/><W14/><G134/><T47/><D47/><U12/><E9/><AGARI ba="0,0" hai="2,7,9,73,79,80,109,110" m="51275,21863" machi="9" ten="30,7700,0" yaku="25,1,20,1,23,1,52,1" doraHai="74" who="2" fromWho="1" sc="217,0,213,-77,287,77,283,0" owari="217,-18.3,136,-36.4,364,46.4,283,8.3" /></mjloggm>