<mjloggm ver="2.3"><GO type="225" lobby="0"/><UN n0="%E3%83%97%E3%83%92" n1="%E3%81%8B%E3%82%8F%E3%81%A1%E3%82%83%E3%82%93%35%38" n2="%E6%9D%B1%E9%A2%A8%E3%81%AE%E3%81%8D%E3%82%83%E3%81%B7%E3%81%95%E3%82%93" n3="%E4%BA%95%E5%B8%AF" dan="16,16,16,16" rate="2162.46,2156.14,2173.86,2043.04" sx="M,M,M,M"/><TAIKYOKU oya="0"/><INIT seed="0,0,0,2,1,26" ten="250,250,250,250" oya="0" hai0="4,128,13,113,34,36,7,32,116,47,78,63,68" hai1="20,0,90,92,14,85,11,1,123,132,104,96,57" hai2="28,60,15,84,22,16,121,45,6,130,49,129,3" hai3="122,70,67,29,109,44,127,37,118,2,101,5,61"/><T125/><D113/><U55/><E123/><V111/><F121/><W110/><G118/><T124/><D116/><U76/><E132/><V87/><F60/><W126/><G101/><T115/><D115/><U91/><E76/><V33/><F111/><N who="3" m="42507" /><G122/><T80/><D128/><N who="2" m="49258" /><F6/><N who="0" m="2090" /><D13/><U79/><E79/><V74/><F3/><W59/><G59/><T106/><D106/><U42/><E42/><N who="2" m="24759" /><F74/><W120/><G120/><T66/><D47/><U19/><E11/><V52/><F52/><W89/><G2/><T46/><D46/><U53/><E53/><V103/><F103/><W35/><G44/><T50/><D50/><U48/><REACH who="1" step="1"/><E104/><REACH who="1" ten="250,240,250,250" step="2"/><V65/><F65/><W83/><G67/><T17/><D66/><U108/><E108/><V31/><F33/><W69/><G35/><T43/><D34/><U105/><E105/><V62/><F62/><W21/><G61/><T38/><D32/><U77/><E77/><V133/><F133/><W100/><G127/><N who="0" m="48715" /><D43/><U114/><E114/><V135/><F135/><W51/><G126/><T56/><D63/><U117/><E117/><V30/><AGARI ba="0,1" hai="15,16,22,28,30,31,84,87" m="24759,49258" machi="30" ten="30,8000,1" yaku="19,1,52,3,54,1" doraHai="26" who="2" fromWho="2" sc="250,-40,240,-20,250,90,250,-20" /><INIT seed="1,0,0,4,1,55" ten="210,220,340,230" oya="1" hai0="80,62,113,17,96,81,63,121,104,132,93,67,106" hai1="61,65,109,107,0,102,25,10,53,126,39,49,20" hai2="89,11,22,37,5,59,74,33,24,128,41,111,133" hai3="15,99,105,79,43,32,103,77,112,34,125,18,2"/><U26/><E39/><V124/><F33/><W95/><G112/><T94/><D113/><U72/><E72/><V58/><F74/><W31/><G125/><T135/><D67/><U48/><E126/><V7/><F111/><W40/><G2/><T68/><D96/><U9/><E109/><V45/><F124/><W88/><G34/><T38/><D38/><U134/><E134/><V3/><F128/><W97/><G31/><T1/><D1/><U28/><E26/><V87/><F7/><W82/><G32/><T117/><D17/><U92/><E107/><V122/><F122/><W4/><G4/><T98/><D98/><N who="1" m="59719" /><E0/><V42/><F42/><W54/><G54/><T86/><D86/><U6/><E6/><V101/><F101/><W19/><G19/><T100/><D100/><U114/><E114/><V116/><F116/><W120/><G79/><T76/><D68/><U90/><E90/><V129/><F129/><W91/><G91/><T119/><REACH who="0" step="1"/><D76/><REACH who="0" ten="200,220,340,230" step="2"/><U57/><E49/><V131/><F131/><W123/><G120/><AGARI ba="0,1" hai="62,63,80,81,93,94,104,106,117,119,120,121,132,135" machi="120" ten="25,12000,2" yaku="1,1,2,1,22,2,53,2" doraHai="55" doraHaiUra="118" who="0" fromWho="3" sc="200,130,220,0,340,0,230,-120" /><INIT seed="2,0,0,2,5,99" ten="330,220,340,110" oya="2" hai0="74,24,56,79,73,32,9,123,41,35,115,82,33" hai1="127,38,19,109,90,57,15,42,59,26,128,107,28" hai2="72,129,7,78,86,135,45,58,50,70,29,98,106" hai3="92,89,110,34,43,10,37,114,49,111,120,91,23"/><V25/><F70/><W48/><G34/><T53/><D123/><U103/><E109/><V8/><F72/><W63/><G120/><T97/><D115/><U11/><E128/><V94/><F135/><W3/><G114/><T80/><D41/><U81/><E127/><V104/><F58/><W22/><G63/><T67/><D67/><U126/><E126/><V62/><F62/><W88/><G92/><T95/><D9/><U60/><E42/><V2/><F86/><W12/><G3/><T131/><D131/><U30/><E38/><V118/><F78/><W6/><G37/><T112/><D112/><U5/><E59/><V93/><F93/><W39/><G39/><T77/><D24/><U134/><E134/><V124/><F118/><W17/><G23/><T96/><REACH who="0" step="1"/><D95/><REACH who="0" ten="320,220,340,110" step="2"/><U83/><E26/><V69/><F129/><W113/><G113/><T76/><D76/><U132/><E132/><V61/><F124/><W20/><G43/><T64/><D64/><U4/><E11/><V105/><F94/><W55/><G111/><T100/><D100/><U16/><E103/><V0/><F25/><W130/><G110/><T1/><D1/><U13/><E90/><V71/><F0/><W40/><G130/><T101/><D101/><U65/><E65/><V44/><F2/><W117/><G117/><T18/><D18/><U68/><E68/><V85/><F71/><W122/><G122/><T27/><D27/><U116/><E116/><V119/><F119/><W51/><G40/><T21/><D21/><N who="3" m="8297" /><G17/><N who="1" m="6730" /><E13/><N who="2" m="5279" /><F69/><W84/><G55/><T87/><D87/><U102/><E15/><RYUUKYOKU ba="0,1" sc="320,15,220,-15,340,-15,110,15" hai0="32,33,35,53,56,73,74,77,79,80,82,96,97" hai3="6,10,12,48,49,51,84,88,89,91" /><INIT seed="3,1,1,3,4,22" ten="335,205,325,125" oya="3" hai0="102,84,129,93,24,130,124,13,108,27,131,14,26" hai1="38,95,64,81,50,135,79,72,12,49,9,0,85" hai2="122,61,59,56,75,120,69,36,94,54,52,101,78" hai3="119,111,86,34,87,97,89,20,66,104,46,28,83"/><W123/><G123/><N who="2" m="47145" /><F36/><W5/><G119/><T42/><D108/><U51/><E38/><V126/><F126/><W6/><G34/><T127/><D42/><U73/><E0/><V2/><F2/><W35/><G35/><T40/><D40/><U65/><E135/><V11/><F11/><W106/><G111/><T37/><D37/><U3/><E3/><V105/><F69/><W55/><G66/><N who="1" m="25706" /><E73/><V132/><F105/><W19/><G28/><T114/><D114/><U117/><E72/><V8/><F8/><W112/><G112/><T80/><D93/><U134/><E134/><V70/><F70/><W116/><G116/><T90/><D102/><U125/><E125/><AGARI ba="1,1" hai="13,14,24,26,27,80,84,90,124,125,127,129,130,131" machi="125" ten="50,8000,1" yaku="18,1,19,1,52,3" doraHai="22" who="0" fromWho="1" sc="335,93,205,-83,325,0,125,0" owari="428,52.8,122,-37.8,325,12.5,125,-27.5" /></mjloggm>