<mjloggm ver="2.3"><GO type="225" lobby="0"/><UN n0="%E3%81%B2%E3%81%AA%E3%81%AE%E3%82%8A%E3%81%8F" n1="%73%6C%69%63%6B%33%31%39" n2="%E6%98%93%E5%88%A9%E8%96%A9%E4%BC%AF" n3="%72%61%6B%33" dan="17,16,16,16" rate="2206.02,2101.70,2044.40,2101.34" sx="M,M,F,M"/><TAIKYOKU oya="0"/><INIT seed="0,0,0,3,2,64" ten="250,250,250,250" oya="0" hai0="36,108,55,68,127,121,58,123,48,95,96,120,117" hai1="89,42,62,102,91,101,70,94,47,119,20,45,118" hai2="26,134,39,41,72,35,52,122,104,27,83,79,0" hai3="4,34,103,129,59,133,32,76,84,98,66,11,65"/><T74/><D74/><U97/><E20/><V8/><F122/><W33/><G129/><T7/><D117/><U86/><E119/><V3/><F134/><W57/><G133/><T23/><D36/><U90/><E118/><V80/><F80/><W71/><G84/><T28/><D127/><U14/><E14/><V63/><F104/><W19/><G76/><T5/><D108/><U73/><E73/><V46/><F35/><W115/><G19/><T100/><REACH who="0" step="1"/><D68/><REACH who="0" ten="240,250,250,250" step="2"/><U16/><E70/><V88/><F3/><W110/><G110/><T131/><D131/><U132/><E132/><V124/><F124/><W6/><G71/><T25/><AGARI ba="0,1" hai="5,7,23,25,28,48,55,58,95,96,100,120,121,123" machi="25" ten="40,3900,0" yaku="1,1,0,1,53,0" doraHai="64" doraHaiUra="10" who="0" fromWho="0" sc="240,49,250,-13,250,-13,250,-13" /><INIT seed="0,1,0,5,4,103" ten="289,237,237,237" oya="0" hai0="83,48,109,25,125,76,16,127,6,24,33,113,22" hai1="104,10,108,46,101,58,114,112,120,61,86,119,12" hai2="128,117,52,67,4,49,134,30,59,74,71,78,56" hai3="28,14,19,5,85,89,95,55,132,75,73,57,88"/><T107/><D113/><N who="1" m="43627" /><E119/><V96/><F117/><W37/><G132/><T38/><D38/><U31/><E120/><V13/><F134/><W79/><G37/><T2/><D109/><U97/><E108/><V32/><F128/><W39/><G39/><T35/><D107/><U51/><E86/><V80/><F71/><W92/><G28/><T91/><D91/><U29/><E58/><V100/><F32/><W43/><G43/><T26/><D2/><U98/><E61/><V122/><F30/><W106/><G5/><T72/><D6/><N who="1" m="3159" /><E98/><V23/><F122/><W69/><G69/><T3/><D3/><U131/><E131/><V118/><F118/><W34/><G79/><T68/><D68/><U129/><E129/><V87/><F74/><W65/><G75/><T44/><D35/><U62/><E62/><V27/><F67/><W17/><G65/><T0/><D0/><U60/><E60/><V36/><F36/><W41/><G34/><T111/><D111/><U135/><E135/><V77/><F59/><W123/><G57/><T90/><D90/><U64/><E64/><V82/><F82/><W15/><G89/><T115/><D33/><U11/><E11/><N who="2" m="4327" /><F78/><W8/><G85/><T130/><D130/><U9/><E9/><V81/><F87/><W105/><G8/><T20/><D115/><U121/><E121/><V47/><F77/><W18/><G123/><T93/><D72/><U50/><E50/><V102/><F56/><W110/><G73/><T1/><D76/><U21/><E21/><V54/><F23/><W94/><G110/><T133/><D22/><RYUUKYOKU ba="1,0" sc="289,-10,237,30,237,-10,237,-10" hai1="29,31,46,51,97,101,104" /><INIT seed="1,2,0,5,0,99" ten="279,267,227,227" oya="1" hai0="3,97,52,112,10,38,90,4,17,85,105,103,19" hai1="40,57,15,130,25,59,29,69,109,62,48,80,89" hai2="106,22,125,41,76,5,124,114,94,121,100,64,47" hai3="18,91,123,95,34,115,67,43,92,7,81,26,86"/><U39/><E39/><V30/><F121/><W68/><G115/><T116/><D38/><U122/><E122/><V75/><F106/><W108/><G123/><T134/><D116/><U2/><E2/><V60/><F5/><W31/><G108/><T35/><D35/><U12/><E130/><V53/><F114/><W14/><G7/><T32/><D32/><U1/><E1/><V120/><F53/><W55/><G43/><T129/><D129/><U27/><E69/><V11/><F11/><W83/><G55/><T133/><D112/><U110/><E89/><V135/><F135/><N who="0" m="51722" /><D52/><N who="1" m="34087" /><E80/><AGARI ba="2,0" hai="3,4,10,17,19,80,85,90,97,103,105" m="51722" machi="80" ten="30,2000,0" yaku="20,1,52,1" doraHai="99" who="0" fromWho="1" sc="279,26,267,-26,227,0,227,0" /><INIT seed="2,0,0,1,3,17" ten="305,241,227,227" oya="2" hai0="52,54,132,6,74,112,78,83,23,0,102,113,28" hai1="120,98,36,135,79,39,45,30,11,71,47,67,20" hai2="88,75,81,127,66,60,43,93,70,56,69,3,130" hai3="4,35,63,133,91,33,73,51,9,62,129,100,115"/><V134/><F134/><W61/><G133/><T44/><D132/><U8/><E79/><V19/><F3/><W21/><G73/><T123/><D123/><U48/><E71/><V50/><F130/><W14/><G129/><T86/><D102/><U38/><E67/><V24/><F127/><W64/><G115/><T128/><D128/><U65/><E65/><V121/><F121/><W85/><G64/><T57/><D44/><U87/><E120/><V96/><F43/><W55/><G100/><T5/><D54/><U119/><E119/><V29/><F19/><W40/><G40/><T72/><D72/><U116/><E116/><V82/><F50/><W10/><G10/><T126/><D126/><U108/><E108/><V7/><F7/><W22/><G35/><T97/><D74/><U32/><E32/><V92/><F92/><N who="3" m="54383" /><G33/><T18/><D28/><U105/><E87/><V84/><F81/><W25/><G25/><T46/><D97/><U122/><E122/><V49/><F49/><W42/><G42/><T77/><D0/><U118/><E118/><V1/><F1/><W106/><G106/><T15/><D113/><U104/><E135/><V110/><F110/><W26/><G26/><T53/><D112/><U37/><N who="1" m="9216" /><DORA hai="27" /><U16/><E48/><V80/><F80/><W117/><G117/><T41/><D41/><U76/><E30/><V94/><F94/><W103/><G103/><T111/><D111/><U31/><E31/><V34/><F75/><W95/><G95/><T12/><D83/><U107/><E107/><V131/><F131/><W99/><G99/><RYUUKYOKU ba="0,0" sc="305,-15,241,-15,227,15,227,15" hai2="24,29,34,56,60,66,69,70,82,84,88,93,96" hai3="4,9,14,21,22,51,55,61,62,63" /><INIT seed="2,1,0,4,2,4" ten="290,226,242,242" oya="2" hai0="32,25,126,119,3,90,118,41,18,115,40,93,102" hai1="6,47,8,117,54,83,65,7,108,82,72,58,125" hai2="34,33,63,46,17,98,87,92,123,36,97,15,5" hai3="43,105,106,24,81,1,50,69,29,86,60,101,103"/><V71/><F123/><W70/><G1/><T133/><D115/><U79/><E117/><N who="0" m="44553" /><D3/><U74/><E108/><V61/><F5/><W0/><G0/><T37/><D37/><U44/><E125/><V120/><F120/><W11/><G11/><T53/><D102/><U114/><E114/><V23/><F87/><W116/><G116/><T68/><D68/><U48/><E65/><V80/><F80/><W121/><G121/><T45/><D32/><U122/><E122/><V112/><F98/><W96/><G103/><T49/><D133/><U135/><E135/><V14/><F14/><W51/><G106/><T10/><D126/><U111/><E111/><V62/><F71/><W64/><G43/><T22/><D10/><U35/><E35/><V94/><F94/><W76/><REACH who="3" step="1"/><G69/><REACH who="3" ten="290,226,242,232" step="2"/><T84/><AGARI ba="1,1" hai="18,22,25,40,41,45,49,53,84,90,93" m="44553" machi="84" ten="30,1100,0" yaku="12,1" doraHai="4" who="0" fromWho="0" sc="290,24,226,-4,242,-6,232,-4" /><INIT seed="3,0,0,5,1,42" ten="314,222,236,228" oya="3" hai0="135,6,33,10,3,30,21,96,102,12,67,110,105" hai1="72,121,45,86,41,74,32,75,37,113,87,61,95" hai2="64,125,60,16,68,85,14,89,73,4,70,43,114" hai3="112,28,40,128,59,47,24,104,97,124,58,46,78"/><W126/><G112/><T101/><D110/><U108/><E108/><V99/><F73/><W22/><G78/><T31/><D102/><U7/><E121/><V50/><F4/><W134/><G128/><T48/><D33/><U9/><E113/><V127/><F99/><W92/><G104/><T11/><D135/><U111/><E32/><V117/><F117/><W82/><G82/><T18/><D67/><U29/><E29/><V118/><F118/><W13/><G134/><T25/><D48/><U56/><E111/><V130/><F130/><W133/><G133/><T54/><D54/><U65/><REACH who="1" step="1"/><E95/><REACH who="1" ten="314,212,236,228" step="2"/><V39/><F114/><W20/><G126/><T34/><D34/><U51/><E51/><V2/><F50/><W81/><G124/><T77/><D31/><U55/><E55/><V119/><F119/><W88/><G81/><T93/><D93/><U80/><E80/><V57/><F127/><W44/><G40/><T53/><D53/><U103/><E103/><V106/><F125/><W131/><G131/><T66/><D66/><U109/><E109/><V15/><F43/><W107/><G107/><T5/><D30/><U71/><E71/><V84/><F70/><W83/><G83/><T132/><D132/><U123/><E123/><V62/><F68/><W90/><G90/><T36/><D105/><U76/><E76/><V17/><F89/><W26/><G26/><T52/><D77/><U63/><E63/><V100/><F100/><W94/><G94/><N who="0" m="58519" /><D52/><U8/><E8/><V122/><F122/><W69/><G69/><T120/><D120/><U49/><E49/><RYUUKYOKU ba="0,1" sc="314,10,212,10,236,-30,228,10" hai0="3,5,6,10,11,12,18,21,25,36" hai1="7,9,37,41,45,56,61,65,72,74,75,86,87" hai3="13,20,22,24,28,44,46,47,58,59,88,92,97" /><INIT seed="3,1,1,2,0,107" ten="324,222,206,238" oya="3" hai0="110,100,21,57,39,56,12,28,67,83,117,70,133" hai1="58,48,89,71,101,128,82,86,20,14,42,118,115" hai2="13,113,105,64,80,92,114,94,24,0,40,26,73" hai3="95,123,9,81,98,5,93,37,69,1,129,72,31"/><W132/><G123/><T68/><D39/><U33/><E71/><V15/><F0/><W91/><G69/><T120/><D120/><U63/><E33/><V34/><F105/><W66/><G66/><T17/><D100/><U25/><E115/><V125/><F64/><W43/><G132/><T46/><D28/><U30/><E128/><V7/><F125/><W60/><G60/><T122/><D57/><U90/><E101/><V65/><F65/><W10/><G10/><T131/><D46/><N who="1" m="25687" /><E118/><V135/><F135/><W84/><G129/><T104/><D83/><U49/><E14/><V130/><F130/><W99/><G31/><T61/><D104/><U53/><E49/><V50/><F34/><W121/><G121/><T78/><D133/><U62/><E62/><V38/><F38/><W108/><G108/><T106/><D106/><U103/><E103/><V36/><F36/><W126/><G126/><T124/><D61/><U54/><E54/><V97/><F15/><W32/><G32/><T23/><D12/><U8/><E8/><N who="2" m="4255" /><F114/><W76/><G95/><N who="2" m="36393" /><F113/><W111/><G111/><T27/><D110/><U29/><E29/><V52/><F40/><W112/><G112/><T127/><D131/><U134/><E134/><V88/><F73/><W77/><G77/><AGARI ba="1,1" hai="20,25,30,53,58,63,77,82,86,89,90" m="25687" machi="77" ten="30,1000,0" yaku="8,1" doraHai="107" who="1" fromWho="3" sc="324,0,222,23,206,0,238,-13" owari="324,42.4,245,4.5,206,-29.4,225,-17.5" /></mjloggm>