<mjloggm ver="2.3"><GO type="225" lobby="0"/><UN n0="%E4%B8%8B%E6%AE%B5%E3%83%81%E3%82%A7%E3%83%AA%E3%83%BC" n1="%E4%B8%89%E5%86%A0%E7%8E%8B%E3%83%BB%E5%B1%B1%E7%94%B0%E5%93%B2%E4%BA%BA" n2="%E6%A1%9C%E8%8A%B1%E9%96%83%E3%80%85" n3="%E3%81%82%E3%83%BC%E3%81%97" dan="16,16,16,16" rate="2147.91,2133.99,2109.74,2114.93" sx="M,M,M,M"/><TAIKYOKU oya="0"/><INIT seed="0,0,0,1,3,38" ten="250,250,250,250" oya="0" hai0="1,89,96,73,98,41,124,60,54,30,104,135,99" hai1="83,102,78,17,67,120,5,133,40,49,34,84,28" hai2="112,80,51,6,119,108,85,114,32,106,111,82,88" hai3="16,14,4,125,0,92,24,100,130,23,75,134,50"/><T109/><D1/><U26/><E120/><V7/><F32/><W37/><G75/><T118/><D118/><U52/><E133/><V129/><F119/><W46/><G37/><T77/><D135/><U95/><E67/><V94/><F51/><W123/><G134/><T58/><D124/><U3/><E17/><V27/><F27/><W132/><G125/><T29/><D104/><U90/><E102/><V68/><F68/><W19/><G132/><T35/><D109/><N who="2" m="42058" /><F6/><W57/><G130/><T93/><D41/><U107/><E107/><V105/><F7/><W97/><G57/><T8/><D8/><U86/><E40/><V47/><F47/><W18/><G123/><T113/><D113/><N who="2" m="43626" /><F129/><W127/><G0/><T20/><D35/><U15/><E3/><V43/><F43/><N who="3" m="24927" /><G127/><T131/><D131/><U117/><E117/><V25/><F25/><W101/><G101/><T59/><D59/><U48/><E48/><V13/><F13/><W36/><G36/><T10/><D10/><AGARI ba="0,0" hai="4,10,14,16,18,19,23,24,92,97,100" m="24927" machi="10" ten="30,3900,0" yaku="8,1,52,1,54,1" doraHai="38" who="3" fromWho="0" sc="250,-39,250,0,250,0,250,39" /><INIT seed="1,0,0,1,3,44" ten="211,250,250,289" oya="1" hai0="12,96,41,100,126,56,118,33,42,2,35,131,3" hai1="86,39,6,80,1,8,82,102,46,124,9,119,87" hai2="120,11,94,93,68,69,79,13,34,62,0,60,81" hai3="73,57,26,85,30,105,114,7,40,122,18,61,89"/><U84/><E119/><V37/><F0/><W36/><G73/><T91/><D118/><U55/><E124/><V16/><F37/><W24/><G122/><T59/><D126/><U92/><E39/><V117/><F34/><W53/><G105/><T22/><D131/><U116/><E116/><V17/><F120/><W78/><G78/><T103/><D96/><U29/><E29/><V19/><F117/><W107/><G107/><T4/><D12/><U129/><E129/><V112/><F112/><W38/><G7/><T88/><D22/><U130/><E130/><V50/><F69/><W135/><G135/><T111/><REACH who="0" step="1"/><D4/><REACH who="0" ten="201,250,250,289" step="2"/><U58/><E9/><V70/><F13/><W115/><G114/><T97/><D97/><U15/><E15/><V48/><F11/><W71/><G115/><T27/><D27/><U98/><REACH who="1" step="1"/><E46/><REACH who="1" ten="201,240,250,289" step="2"/><V133/><F133/><W47/><G47/><T99/><D99/><U31/><E31/><V65/><F19/><W108/><G18/><T95/><D95/><U32/><E32/><V127/><F127/><W25/><G30/><T75/><D75/><U128/><E128/><V132/><F132/><W134/><G134/><T52/><D52/><U77/><E77/><V125/><F125/><W123/><G53/><T43/><D43/><U64/><E64/><V5/><F79/><W104/><G40/><T72/><D72/><U66/><E66/><V74/><F74/><W90/><G123/><T45/><D45/><U21/><E21/><V54/><F65/><W121/><G121/><T51/><D51/><AGARI ba="0,2" hai="1,6,8,51,55,58,80,82,84,86,87,92,98,102" machi="51" ten="40,3900,0" yaku="1,1,52,1,53,0" doraHai="44" doraHaiUra="10" who="1" fromWho="0" sc="201,-39,240,59,250,0,289,0" /><INIT seed="1,1,0,4,2,74" ten="162,299,250,289" oya="1" hai0="9,10,87,124,21,93,106,82,111,38,41,116,59" hai1="96,127,13,55,62,58,125,34,78,91,128,49,47" hai2="39,26,29,80,7,110,113,1,99,122,51,79,81" hai3="25,69,83,11,54,2,18,20,37,65,73,115,8"/><U6/><E34/><V57/><F122/><W64/><G37/><T40/><D106/><U53/><E128/><V72/><F110/><W100/><G115/><T94/><D111/><U102/><E91/><V114/><F39/><W60/><G65/><T0/><D116/><U61/><E6/><V63/><F51/><W16/><G100/><T27/><D124/><U42/><E13/><V33/><F99/><W14/><G54/><T101/><D59/><U130/><E130/><V35/><F35/><W3/><REACH who="3" step="1"/><G11/><REACH who="3" ten="162,299,250,279" step="2"/><T19/><D38/><U120/><E55/><V36/><F36/><W98/><G98/><T89/><D0/><U76/><E120/><V118/><F118/><W135/><G135/><T32/><D32/><U121/><E121/><V70/><F114/><W52/><G52/><T23/><D9/><U92/><REACH who="1" step="1"/><E61/><REACH who="1" ten="162,289,250,279" step="2"/><V50/><F63/><W119/><G119/><T109/><D109/><U133/><E133/><V132/><F132/><W75/><G75/><T45/><D101/><U123/><E123/><V95/><F72/><W126/><G126/><AGARI ba="1,2" hai="42,47,49,53,58,62,76,78,92,96,102,125,126,127" machi="126" ten="40,12000,1" yaku="1,1,18,1,52,2,53,0" doraHai="74" doraHaiUra="66" who="1" fromWho="3" sc="162,0,289,143,250,0,279,-123" /><INIT seed="1,2,0,2,5,47" ten="162,432,250,156" oya="1" hai0="53,57,8,54,115,9,34,134,40,44,4,112,109" hai1="117,106,48,63,28,133,77,68,128,91,3,93,82" hai2="52,131,12,30,62,7,45,66,120,29,56,42,92" hai3="105,104,1,76,27,108,51,111,125,20,96,25,86"/><U58/><E3/><V107/><F120/><W39/><G1/><T74/><D34/><U71/><E106/><V100/><F107/><N who="3" m="41035" /><G39/><T70/><D74/><U126/><E28/><V130/><F66/><W0/><G0/><T81/><D70/><U103/><E103/><V35/><F7/><W33/><G33/><T72/><D134/><U55/><E126/><V10/><F35/><W19/><G96/><T114/><D109/><N who="3" m="42057" /><G125/><T121/><D121/><U99/><E99/><N who="2" m="59495" /><F12/><N who="3" m="9319" /><G51/><T59/><D72/><U17/><E63/><V21/><F10/><W102/><G102/><T22/><D22/><U79/><E71/><V88/><F21/><W97/><G97/><T50/><D81/><AGARI ba="2,0" hai="25,27,76,81,86" m="9319,42057,41035" machi="81" ten="30,1000,0" yaku="14,1" doraHai="47" who="3" fromWho="0" sc="162,-16,432,0,250,0,156,16" /><INIT seed="2,0,0,1,1,19" ten="146,432,250,172" oya="2" hai0="18,89,44,38,1,115,129,56,83,66,123,16,100" hai1="85,102,60,51,67,101,104,78,111,45,130,35,10" hai2="64,12,99,84,82,17,23,91,98,48,15,47,3" hai3="68,63,103,43,50,40,77,93,57,52,81,31,28"/><V29/><F3/><W127/><G127/><T22/><D123/><U7/><E35/><V13/><F29/><W79/><G68/><T58/><D115/><U113/><E104/><V41/><REACH who="2" step="1"/><F64/><REACH who="2" ten="146,432,240,172" step="2"/><W110/><G31/><T87/><D1/><N who="1" m="367" /><E67/><V134/><F134/><W114/><G28/><T135/><D135/><U116/><E113/><V71/><F71/><W121/><G114/><T42/><D129/><U108/><E130/><V14/><AGARI ba="0,1" hai="12,13,14,15,17,23,41,47,48,82,84,91,98,99" machi="14" ten="30,11700,0" yaku="1,1,0,1,8,1,52,1,53,0" doraHai="19" doraHaiUra="133" who="2" fromWho="2" sc="146,-39,432,-39,240,127,172,-39" /><INIT seed="2,1,0,4,4,51" ten="107,393,367,133" oya="2" hai0="5,55,11,47,133,6,4,115,21,39,112,84,126" hai1="82,25,77,66,14,75,102,117,64,127,103,83,68" hai2="99,105,94,24,42,35,65,26,107,0,8,108,100" hai3="118,101,67,28,49,113,3,38,9,37,74,73,56"/><V93/><F42/><W59/><G118/><T57/><D11/><U23/><E117/><V86/><F65/><W95/><G28/><T18/><D126/><U1/><E1/><V69/><F69/><W10/><G49/><T19/><D133/><U16/><E127/><V30/><F26/><W98/><G113/><T29/><D29/><U125/><E125/><V17/><F108/><W52/><G67/><T13/><D84/><U96/><E102/><V79/><F17/><W60/><G59/><T46/><D18/><U45/><E68/><V134/><F134/><W80/><G3/><T121/><D121/><U90/><E45/><V128/><F128/><W81/><G74/><T71/><D71/><U120/><E120/><V43/><F43/><W41/><G73/><T50/><REACH who="0" step="1"/><D39/><REACH who="0" ten="97,393,367,133" step="2"/><U61/><E16/><V130/><F130/><W114/><G114/><AGARI ba="1,1" hai="4,5,6,13,19,21,46,47,50,55,57,112,114,115" machi="114" ten="40,5200,0" yaku="1,1,2,1,52,1,53,0" doraHai="51" doraHaiUra="7" who="0" fromWho="3" sc="97,65,393,0,367,0,133,-55" /><INIT seed="3,0,0,2,2,110" ten="162,393,367,78" oya="3" hai0="4,58,2,91,84,21,47,69,96,133,18,7,48" hai1="54,90,36,124,101,65,89,23,103,0,71,35,56" hai2="85,117,59,41,1,115,102,112,27,118,68,78,106" hai3="5,83,104,67,87,74,43,109,80,94,19,39,72"/><W98/><G104/><T24/><D69/><U123/><E35/><V9/><F59/><W11/><G67/><T63/><D2/><U38/><E0/><V14/><F27/><W60/><G109/><T25/><D25/><U126/><E123/><V37/><F68/><W15/><G60/><T62/><D96/><U10/><E10/><V13/><F13/><W51/><G39/><T114/><D114/><N who="2" m="43562" /><F14/><W20/><G74/><T44/><D133/><U107/><E71/><V134/><F85/><W100/><G72/><T127/><D127/><N who="1" m="48683" /><E65/><V45/><F78/><W6/><G87/><T122/><D122/><U64/><E64/><V30/><F30/><W28/><G28/><T17/><D17/><U116/><E116/><V129/><F134/><W79/><G79/><T61/><D58/><U42/><E23/><V95/><F95/><W46/><REACH who="3" step="1"/><G6/><REACH who="3" ten="162,393,367,68" step="2"/><N who="0" m="2091" /><D48/><N who="1" m="30791" /><E107/><V111/><F111/><W26/><AGARI ba="0,1" hai="5,11,15,19,20,26,43,46,51,80,83,94,98,100" machi="26" ten="20,7800,0" yaku="1,1,0,1,7,1,8,1,53,0" doraHai="110" doraHaiUra="132" who="3" fromWho="3" sc="162,-26,393,-26,367,-26,68,88" /><INIT seed="3,1,0,4,5,36" ten="136,367,341,156" oya="3" hai0="68,135,70,74,104,67,57,51,119,129,90,89,108" hai1="32,130,42,1,14,4,98,39,3,47,53,30,64" hai2="76,44,120,122,66,114,82,23,132,97,86,115,45" hai3="55,88,29,56,15,75,121,96,69,28,37,77,131"/><W112/><G121/><N who="2" m="46697" /><F66/><W134/><G37/><T99/><D119/><U38/><E64/><V16/><F97/><W92/><G69/><T18/><D74/><U101/><E130/><V27/><F132/><W65/><G112/><T41/><D135/><U34/><E39/><V2/><F2/><W11/><G134/><T126/><D104/><U50/><E14/><V31/><F31/><W49/><G131/><T79/><D129/><U78/><E78/><V59/><F59/><W20/><G20/><T19/><D79/><U110/><E110/><V84/><F86/><W81/><REACH who="3" step="1"/><G65/><REACH who="3" ten="136,367,341,146" step="2"/><T43/><D108/><U113/><E113/><AGARI ba="1,1" hai="16,23,27,44,45,76,82,84,113,114,115" m="46697" machi="113" ten="30,2000,0" yaku="13,1,54,1" doraHai="36" who="2" fromWho="1" sc="136,0,367,-23,341,33,146,0" owari="136,-36.4,344,14.4,374,47.4,146,-25.4" /></mjloggm>