<mjloggm ver="2.3"><GO type="225" lobby="0"/><UN n0="%E3%81%86%E3%81%A3%E3%81%97%E3%83%BC%30%30" n1="%E7%89%B9%E6%9D%B1%E3%81%AF%E4%B8%96%E7%95%8C%E3%82%92%E6%95%91%E3%81%86" n2="%43%68%65" n3="%E3%81%9F%E3%81%A3%E3%81%A1%E3%82%87" dan="16,16,16,16" rate="2089.91,2167.54,2132.89,2059.20" sx="M,M,M,M"/><TAIKYOKU oya="0"/><INIT seed="0,0,0,5,2,129" ten="250,250,250,250" oya="0" hai0="114,92,9,40,26,85,68,118,25,15,6,38,10" hai1="71,70,119,19,112,11,103,60,108,122,28,30,39" hai2="65,56,79,120,115,109,34,88,123,49,107,44,22" hai3="89,76,45,20,54,57,117,69,31,128,132,82,116"/><T81/><D114/><U5/><E119/><V84/><F115/><W135/><G69/><T98/><D68/><U51/><E112/><V59/><F34/><W29/><G128/><T124/><D124/><U93/><E39/><V0/><F0/><W100/><G45/><T78/><D118/><N who="3" m="45673" /><G89/><T75/><D75/><U97/><E122/><V13/><F109/><W14/><G100/><T102/><D38/><U42/><E108/><V106/><F79/><W33/><G33/><T77/><D77/><U111/><E111/><V80/><F123/><W48/><G14/><T63/><D63/><U2/><E19/><V43/><F120/><W52/><G20/><T61/><D61/><U126/><E126/><V125/><F125/><W53/><G54/><T104/><D104/><U21/><E21/><V127/><F127/><W8/><G53/><T73/><D73/><U35/><E35/><V87/><F87/><N who="3" m="48583" /><G8/><T7/><REACH who="0" step="1"/><D40/><REACH who="0" ten="240,250,250,250" step="2"/><U3/><E71/><V105/><F43/><W24/><G24/><T46/><D46/><N who="1" m="26071" /><E70/><V72/><F44/><W64/><G64/><T110/><D110/><U4/><E60/><V67/><F67/><W130/><G130/><T17/><D17/><U83/><E4/><V133/><F65/><W37/><G37/><T47/><D47/><U27/><E5/><V58/><F72/><W36/><G36/><T134/><D134/><AGARI ba="0,1" hai="29,31,48,52,57,132,134,135" m="48583,45673" machi="134" ten="30,8000,1" yaku="20,1,52,3,54,1" doraHai="129" who="3" fromWho="0" sc="240,-80,250,0,250,0,250,90" /><INIT seed="1,0,0,3,5,129" ten="160,250,250,340" oya="1" hai0="17,5,9,73,40,67,83,72,75,58,2,36,30" hai1="127,70,32,78,79,89,106,15,118,107,11,109,4" hai2="102,60,104,49,19,1,0,93,98,120,134,87,117" hai3="88,26,24,76,91,111,113,82,61,44,41,77,16"/><U10/><E118/><V62/><F117/><W13/><G113/><T130/><D130/><U90/><E32/><V42/><F120/><W35/><G111/><T85/><D30/><U23/><E70/><V86/><F1/><W105/><G105/><T63/><D17/><U101/><E109/><V74/><F0/><W133/><G133/><T47/><REACH who="0" step="1"/><D85/><REACH who="0" ten="150,250,250,340" step="2"/><U69/><E4/><V43/><F19/><W71/><G35/><T94/><D94/><U27/><E107/><V132/><F93/><W96/><G16/><T55/><D55/><U125/><E106/><V119/><F119/><W25/><G24/><T45/><D45/><U56/><E125/><V84/><F74/><W131/><G25/><T135/><D135/><N who="2" m="51754" /><F43/><W116/><G26/><T124/><D124/><U29/><E127/><V123/><F123/><W103/><G44/><AGARI ba="0,1" hai="42,44,49,60,62,84,86,87,98,102,104" m="51754" machi="44" ten="30,7700,0" yaku="20,1,52,3" doraHai="129" who="2" fromWho="3" sc="150,0,250,0,250,87,340,-77" /><INIT seed="2,0,0,1,4,15" ten="150,250,337,263" oya="2" hai0="73,76,19,69,105,0,64,16,60,122,102,40,24" hai1="49,86,94,104,101,93,14,112,38,11,62,44,12" hai2="84,21,59,71,99,29,81,119,56,74,116,103,30" hai3="121,34,130,35,58,17,80,87,8,7,3,2,78"/><V131/><F74/><W37/><G121/><T27/><D122/><U65/><E112/><V135/><F71/><W1/><G130/><T129/><D0/><U75/><E75/><V45/><F131/><W68/><G68/><T127/><D129/><U22/><E38/><V67/><F45/><W88/><G37/><T134/><D134/><U23/><E104/><V125/><F135/><W53/><G78/><T32/><D127/><U117/><E117/><V46/><F46/><W25/><G25/><T100/><D40/><U6/><E101/><V108/><F125/><W10/><G10/><T114/><D114/><U41/><E86/><V33/><F33/><W20/><G34/><T55/><D55/><U52/><E41/><V124/><F124/><W61/><REACH who="3" step="1"/><G35/><REACH who="3" ten="150,250,337,253" step="2"/><T36/><D36/><U72/><E72/><V97/><F119/><W110/><G110/><T83/><D27/><U133/><E133/><V43/><F108/><W57/><G57/><T63/><D63/><U66/><E62/><V39/><F59/><W118/><G118/><T113/><D113/><U132/><E132/><V95/><F56/><W120/><G120/><T106/><D106/><U98/><E23/><V126/><F21/><W4/><G4/><T31/><REACH who="0" step="1"/><D102/><REACH who="0" ten="140,250,337,253" step="2"/><U18/><E14/><V47/><F103/><W48/><G48/><T54/><D54/><U115/><E115/><V42/><F126/><W13/><AGARI ba="0,2" hai="1,2,3,7,8,13,17,20,53,58,61,80,87,88" machi="13" ten="20,8000,1" yaku="1,1,0,1,7,1,52,1,54,1,53,0" doraHai="15" doraHaiUra="111" who="3" fromWho="3" sc="140,-20,250,-20,337,-40,253,100" /><INIT seed="3,0,0,1,5,66" ten="120,230,297,353" oya="3" hai0="18,19,51,127,77,99,107,84,83,0,9,57,37" hai1="15,121,27,69,95,49,20,126,5,28,100,54,119" hai2="67,105,38,12,53,120,22,91,131,56,60,47,97" hai3="52,132,61,62,108,65,79,80,4,55,39,14,76"/><W135/><G39/><T72/><D127/><U110/><E121/><V7/><F120/><W25/><G25/><T115/><D115/><U125/><E69/><V123/><F123/><W43/><G43/><T133/><D133/><N who="3" m="51273" /><G108/><T94/><D37/><U71/><E71/><V122/><F122/><W11/><G79/><T24/><D24/><U64/><E64/><V130/><F7/><W1/><G1/><T114/><D114/><U16/><E5/><V90/><F12/><W104/><G104/><T111/><D111/><U109/><E119/><V88/><F22/><W23/><G23/><T87/><D87/><U63/><E63/><N who="3" m="24074" /><G65/><T45/><D57/><N who="1" m="32975" /><E100/><V92/><F105/><W68/><G68/><T6/><D107/><U112/><E95/><V128/><REACH who="2" step="1"/><F53/><REACH who="2" ten="120,230,287,353" step="2"/><W33/><G33/><T113/><D113/><U30/><E112/><V93/><F93/><W46/><G55/><T85/><D85/><U10/><E28/><V31/><F31/><W42/><G52/><T35/><D35/><U82/><E82/><V2/><F2/><W106/><G106/><T50/><D72/><U81/><E81/><V41/><AGARI ba="0,1" hai="38,41,47,56,60,67,88,90,91,92,97,128,130,131" machi="41" ten="40,8000,1" yaku="1,1,0,1,19,1,54,1,53,0" doraHai="66" doraHaiUra="101" who="2" fromWho="2" sc="120,-20,230,-20,287,90,353,-40" owari="100,-40.0,210,-19.0,377,47.7,313,11.3" /></mjloggm>