<mjloggm ver="2.3"><GO type="225" lobby="0"/><UN n0="%6B%65%6E%6E%64%69" n1="%6D%75%75%6D%75%72%61" n2="%E5%86%B7%E5%87%8D%E3%82%AE%E3%83%A7%E3%83%BC%E3%82%B6" n3="%E3%82%82%E3%81%90%E3%82%89" dan="16,16,16,17" rate="2157.13,2168.11,2111.72,2226.57" sx="M,F,M,M"/><TAIKYOKU oya="0"/><INIT seed="0,0,0,5,1,106" ten="250,250,250,250" oya="0" hai0="134,61,55,108,24,12,16,86,131,48,2,92,121" hai1="35,67,52,66,72,109,123,3,28,54,101,70,114" hai2="68,1,32,25,83,58,39,74,93,62,5,103,110" hai3="89,73,130,29,116,60,79,84,9,104,69,42,98"/><T91/><D121/><U8/><E123/><V71/><F39/><W46/><G29/><T33/><D131/><U112/><E109/><V97/><F110/><W78/><G116/><T20/><D108/><U6/><E101/><V31/><F5/><W18/><G130/><T53/><D134/><U19/><E19/><V64/><F1/><W63/><G69/><T100/><D2/><U76/><E28/><V59/><REACH who="2" step="1"/><F58/><REACH who="2" ten="250,250,240,250" step="2"/><W126/><G126/><T95/><D33/><U57/><E35/><V10/><F10/><W34/><G34/><T43/><D61/><U15/><E3/><V90/><F90/><W85/><G89/><N who="0" m="53303" /><D100/><U111/><E111/><V75/><F75/><W30/><G73/><T128/><D128/><U80/><E70/><V40/><F40/><W124/><G42/><T88/><D91/><U38/><E38/><V47/><F47/><W129/><G46/><N who="0" m="25695" /><D12/><U44/><E44/><V77/><AGARI ba="0,1" hai="25,31,32,59,62,64,68,71,74,77,83,93,97,103" machi="77" ten="30,4000,0" yaku="1,1,0,1,52,1,53,0" doraHai="106" doraHaiUra="135" who="2" fromWho="2" sc="250,-20,250,-10,240,50,250,-10" /><INIT seed="1,0,0,3,3,18" ten="230,240,290,240" oya="1" hai0="42,125,84,41,17,29,32,2,40,57,49,90,61" hai1="85,46,35,28,96,83,12,16,119,7,8,72,133" hai2="92,66,94,45,103,73,97,115,37,102,1,14,33" hai3="95,88,20,67,121,27,23,52,70,122,69,30,78"/><U98/><E119/><V38/><F1/><W86/><G78/><T13/><D2/><U124/><E124/><V4/><F73/><W54/><G20/><N who="0" m="11311" /><D32/><U47/><E133/><V129/><F33/><W77/><G77/><T53/><D125/><U106/><E72/><V36/><F129/><W58/><G54/><T0/><D0/><U114/><E114/><V34/><F34/><W76/><G76/><T93/><D29/><U135/><E135/><V128/><F128/><W104/><G104/><T19/><D19/><U6/><E28/><V56/><F45/><AGARI ba="0,0" hai="40,41,42,45,49,53,57,61,84,90,93" m="11311" machi="45" ten="30,2000,0" yaku="8,1,52,1" doraHai="18" who="0" fromWho="2" sc="230,20,240,0,290,-20,240,0" /><INIT seed="2,0,0,1,4,79" ten="250,240,270,240" oya="2" hai0="95,71,120,3,87,112,73,49,2,66,63,90,11" hai1="28,69,127,38,39,133,131,74,135,6,56,108,67" hai2="0,50,125,43,118,21,60,88,40,114,68,42,29" hai3="25,10,18,32,80,24,45,94,113,102,57,89,15"/><V35/><F114/><W55/><G113/><T65/><D120/><U9/><E69/><V78/><F118/><W48/><G32/><T1/><D112/><U61/><E108/><V12/><F0/><W64/><G102/><T22/><D73/><U96/><E131/><V4/><F35/><W52/><G64/><T46/><D65/><U86/><E74/><V106/><F106/><W97/><G80/><T100/><D100/><U58/><E127/><V77/><F68/><W101/><REACH who="3" step="1"/><G101/><REACH who="3" ten="250,240,270,230" step="2"/><T31/><D66/><U44/><E67/><V98/><F125/><W107/><G107/><T20/><D71/><U5/><E133/><V23/><F78/><W85/><G85/><T104/><D104/><U27/><E86/><V53/><F77/><W76/><G76/><T8/><D87/><U19/><E135/><V82/><F82/><W124/><G124/><T121/><D121/><U83/><E83/><V41/><F98/><W103/><G103/><T129/><D129/><U13/><E96/><V93/><F88/><W91/><G91/><T62/><D90/><U14/><E39/><V81/><F81/><W26/><G26/><T47/><D95/><U130/><E130/><V105/><F93/><W123/><G123/><T34/><D34/><U33/><E38/><V115/><F105/><W128/><G128/><T126/><D126/><U7/><E33/><V111/><F115/><W59/><G59/><T51/><D1/><U119/><E56/><N who="2" m="34831" /><F111/><W109/><G109/><T122/><D122/><U116/><E58/><V99/><F99/><W54/><G54/><T16/><D31/><RYUUKYOKU ba="0,1" sc="250,15,240,-15,270,-15,230,15" hai0="2,3,8,11,16,20,22,46,47,49,51,62,63" hai3="10,15,18,24,25,45,48,52,55,57,89,94,97" /><INIT seed="3,1,1,5,5,10" ten="265,225,255,245" oya="3" hai0="108,2,93,120,41,89,72,26,31,95,92,16,132" hai1="100,127,60,45,67,81,22,27,58,48,128,98,43" hai2="122,79,85,73,15,91,104,18,5,119,57,54,94" hai3="44,102,82,24,77,4,3,0,116,42,130,9,30"/><W64/><G116/><T53/><D120/><U121/><E121/><V35/><F119/><W65/><G130/><T37/><D2/><U49/><E128/><V113/><F113/><W28/><G102/><T46/><D108/><U71/><E127/><V56/><F35/><W118/><G0/><T47/><D132/><U135/><E135/><V36/><F36/><W70/><G118/><T129/><D72/><U38/><E81/><V88/><F5/><W21/><G30/><T40/><D53/><U69/><E69/><V123/><F104/><W96/><G96/><T107/><D107/><U55/><E48/><N who="2" m="30791" /><F57/><W87/><REACH who="3" step="1"/><G70/><REACH who="3" ten="265,225,255,235" step="2"/><T115/><D129/><U76/><E76/><V106/><F91/><W134/><G134/><T74/><D31/><N who="1" m="17911" /><E100/><V39/><F123/><W66/><G66/><T126/><D89/><U25/><E98/><V83/><F122/><W8/><G8/><T32/><D126/><U51/><E51/><AGARI ba="1,2" hai="3,4,9,21,24,28,42,44,51,64,65,77,82,87" machi="51" ten="30,5800,0" yaku="1,1,7,1,53,1" doraHai="10" doraHaiUra="34" who="3" fromWho="1" sc="265,0,225,-61,255,0,235,81" owari="265,6.5,164,-33.6,255,-14.5,316,41.6" /></mjloggm>