<mjloggm ver="2.3"><GO type="225" lobby="0"/><UN n0="%E3%83%A2%E3%83%B3%E3%82%AD%E3%83%BC%E3%83%88%E3%83%AA%E3%83%83%E3%82%AF" n1="%E5%80%89%E6%A9%8B%EF%BC%A0%E4%BA%8B%E5%8B%99" n2="%E9%80%9F%E6%B0%B4%E5%87%9B%E9%A6%99" n3="%45%6C%79%73%69%75%6D" dan="16,16,16,18" rate="2174.66,2074.45,2079.57,2206.53" sx="M,M,F,F"/><TAIKYOKU oya="0"/><INIT seed="0,0,0,1,0,18" ten="250,250,250,250" oya="0" hai0="103,87,51,89,102,6,23,25,79,80,93,114,17" hai1="99,7,63,42,86,65,105,84,127,97,8,106,45" hai2="28,21,77,134,16,74,24,58,15,76,107,88,12" hai3="96,36,120,3,94,68,101,92,14,9,119,50,124"/><T73/><D114/><U70/><E127/><V39/><F107/><W108/><G36/><T133/><D133/><U83/><E99/><V71/><F71/><W129/><G119/><T135/><D135/><U122/><E122/><V78/><F39/><W113/><G124/><T62/><D6/><U4/><E86/><V128/><F128/><W46/><G108/><T19/><D62/><U100/><E106/><V59/><F134/><W69/><G3/><T75/><D75/><U61/><E61/><V117/><F117/><W43/><G129/><T2/><D2/><U53/><E53/><V44/><F44/><W91/><G113/><T121/><D121/><U111/><E8/><V37/><F37/><W27/><G27/><T95/><D95/><U81/><E81/><V126/><F74/><W104/><G104/><T10/><REACH who="0" step="1"/><D51/><REACH who="0" ten="240,250,250,250" step="2"/><U34/><E111/><V49/><F126/><W55/><G120/><T0/><D0/><U5/><E34/><V82/><F49/><W67/><G50/><T52/><D52/><U132/><E132/><V29/><F82/><W118/><G55/><T109/><D109/><U1/><E1/><V72/><F72/><W98/><G118/><T13/><AGARI ba="0,1" hai="10,13,17,19,23,25,73,79,80,87,89,93,102,103" machi="13" ten="30,6000,0" yaku="1,1,0,1,52,1,53,0" doraHai="18" doraHaiUra="31" who="0" fromWho="0" sc="240,70,250,-20,250,-20,250,-20" /><INIT seed="0,1,0,2,4,123" ten="310,230,230,230" oya="0" hai0="113,19,74,6,51,46,43,89,2,27,11,20,97" hai1="116,17,94,65,52,112,56,4,50,1,96,79,45" hai2="48,133,92,32,35,10,5,88,70,86,0,66,18" hai3="115,30,15,59,72,37,26,38,49,69,106,82,47"/><T78/><D74/><U62/><E116/><V103/><F133/><W118/><G106/><T73/><D73/><U75/><E112/><V99/><F18/><W131/><G115/><T42/><D78/><U7/><E1/><V81/><REACH who="2" step="1"/><F48/><REACH who="2" ten="310,230,220,230" step="2"/><W16/><G118/><T28/><D113/><U63/><E17/><V126/><F126/><W71/><G38/><T39/><D39/><U13/><E4/><V57/><F57/><W8/><G59/><T68/><D68/><U55/><E7/><V22/><F22/><W111/><G37/><T23/><D51/><U135/><E135/><V98/><F98/><W107/><G69/><T67/><D46/><U124/><E124/><V134/><F134/><W102/><G71/><T85/><D97/><U110/><E45/><V77/><F77/><N who="3" m="44327" /><G49/><T109/><D23/><U125/><E125/><V80/><F80/><W41/><G47/><T91/><D19/><U9/><E50/><V60/><AGARI ba="1,1" hai="0,5,10,32,35,60,66,70,81,86,88,92,99,103" machi="60" ten="30,4000,0" yaku="1,1,0,1,54,1,53,0" doraHai="123" doraHaiUra="12" who="2" fromWho="2" sc="310,-21,230,-11,220,53,230,-11" /><INIT seed="1,0,0,1,4,113" ten="289,219,273,219" oya="1" hai0="91,124,28,112,13,48,18,67,56,120,52,78,36" hai1="0,101,27,119,59,58,74,16,2,104,132,107,54" hai2="103,64,111,22,117,129,95,70,68,50,115,44,8" hai3="66,24,88,1,19,49,134,108,128,61,34,43,123"/><U87/><E74/><V72/><F115/><W69/><G123/><T26/><D120/><U131/><E131/><V4/><F72/><W17/><G1/><T121/><D112/><U77/><E132/><V39/><F39/><W80/><G128/><T92/><D36/><U47/><E47/><V130/><F117/><W73/><G134/><T20/><D124/><U84/><E119/><V93/><F22/><W89/><G108/><T7/><D121/><U109/><E109/><V32/><F32/><W127/><G127/><T94/><D7/><U106/><E101/><V133/><F133/><W81/><G73/><T126/><D126/><U12/><E27/><V31/><F31/><W40/><G34/><T100/><D78/><U15/><E77/><V116/><F116/><W45/><G40/><T38/><D38/><U23/><E12/><V25/><F25/><W65/><G65/><T75/><D75/><U86/><REACH who="1" step="1"/><E54/><REACH who="1" ten="289,209,273,219" step="2"/><V21/><F103/><W5/><G24/><T135/><D135/><U33/><E33/><V11/><F111/><W6/><G89/><T3/><D3/><AGARI ba="0,1" hai="0,2,3,15,16,23,58,59,84,86,87,104,106,107" machi="3" ten="50,12000,1" yaku="1,1,54,1,53,3" doraHai="113" doraHaiUra="82" who="1" fromWho="0" sc="289,-120,209,130,273,0,219,0" /><INIT seed="1,1,0,0,0,42" ten="169,339,273,219" oya="1" hai0="31,127,30,15,92,32,84,125,52,5,65,19,64" hai1="135,80,59,99,121,41,8,74,61,2,106,22,78" hai2="79,87,124,57,110,47,38,68,93,128,113,54,46" hai3="49,53,126,103,102,20,26,98,115,76,123,69,122"/><U51/><E121/><V94/><F68/><W7/><G115/><T37/><D37/><U67/><E135/><V35/><F35/><W109/><G69/><T33/><D84/><U111/><E111/><V119/><F38/><W129/><G109/><T91/><D5/><U112/><E112/><V104/><F104/><W107/><G103/><T10/><D32/><U62/><E22/><V75/><F75/><W82/><G129/><T71/><D33/><U28/><E28/><V29/><F119/><W130/><G7/><T11/><D11/><U120/><E120/><V60/><F110/><W108/><G126/><N who="0" m="48139" /><D71/><U48/><E62/><V1/><F1/><W56/><G108/><T0/><D0/><U23/><E23/><V40/><F128/><W45/><G56/><T133/><D133/><U97/><E106/><V90/><F40/><W17/><REACH who="3" step="1"/><G130/><REACH who="3" ten="169,339,273,209" step="2"/><T43/><D43/><U44/><REACH who="1" step="1"/><E51/><REACH who="1" ten="169,329,273,209" step="2"/><V86/><F124/><W39/><G39/><T95/><D30/><U12/><E12/><V18/><F113/><W88/><G88/><T72/><D31/><U50/><E50/><V63/><F29/><W118/><G118/><T101/><D91/><U105/><E105/><V85/><F90/><W117/><G117/><T81/><D15/><U83/><E83/><V16/><F94/><W4/><G4/><AGARI ba="1,2" hai="2,4,8,41,44,48,59,61,67,74,78,80,97,99" machi="4" ten="40,7700,0" yaku="1,1,52,1,53,1" doraHai="42" doraHaiUra="3" who="1" fromWho="3" sc="169,0,329,100,273,0,209,-80" /><INIT seed="1,2,0,4,1,106" ten="169,429,273,129" oya="1" hai0="89,100,79,126,92,75,114,53,40,63,3,71,112" hai1="93,134,46,31,21,125,70,105,88,118,135,94,26" hai2="18,56,117,123,107,49,62,83,82,73,39,85,97" hai3="10,54,81,67,132,16,127,47,22,5,90,24,69"/><U35/><E105/><V29/><F39/><W115/><G115/><T20/><D3/><U41/><E118/><V77/><F117/><W1/><G132/><N who="1" m="50730" /><E70/><V33/><F123/><W34/><G127/><T124/><D40/><U48/><E125/><N who="0" m="48233" /><D53/><U122/><E122/><V65/><F49/><W15/><G47/><T60/><D20/><U13/><E94/><V11/><F97/><W76/><G54/><T23/><D23/><U78/><E78/><V103/><F103/><W38/><G38/><T129/><D129/><U68/><E68/><V9/><F107/><W91/><G67/><T104/><D63/><U113/><E113/><V52/><F18/><W128/><G69/><T61/><D61/><U108/><E13/><V44/><F44/><W64/><G64/><T66/><D100/><U102/><E102/><V55/><F55/><W19/><G128/><T57/><D104/><U59/><E59/><V32/><F65/><W25/><G25/><T109/><D71/><U36/><E35/><V111/><F33/><W96/><G96/><N who="0" m="57359" /><D109/><U2/><E2/><V6/><F111/><W30/><G19/><T17/><D17/><U4/><E108/><V121/><F121/><W116/><G116/><T84/><D84/><AGARI ba="2,0" hai="1,5,10,15,16,22,24,30,34,76,81,84,90,91" machi="84" ten="30,7700,0" yaku="7,1,24,2,54,1" doraHai="106" who="3" fromWho="0" sc="169,-83,429,0,273,0,129,83" /><INIT seed="2,0,0,1,3,2" ten="86,429,273,212" oya="2" hai0="54,14,58,103,44,116,33,29,3,15,98,72,75" hai1="81,25,28,117,85,40,22,92,74,100,42,83,97" hai2="101,53,63,84,95,8,24,91,94,38,122,41,129" hai3="90,45,35,86,89,37,79,114,1,118,110,21,4"/><V16/><F122/><W115/><G35/><T80/><D3/><U108/><E108/><V10/><F129/><W56/><G118/><T59/><D116/><U112/><E112/><V36/><F36/><W55/><G110/><T52/><D44/><U69/><E69/><V11/><F41/><N who="1" m="15977" /><E74/><V60/><F38/><W71/><G45/><T87/><D33/><U82/><E117/><V113/><F113/><W106/><G71/><T27/><D29/><U104/><E104/><V13/><F24/><W32/><G32/><T70/><D70/><U34/><E34/><V124/><F124/><W6/><G106/><T5/><D27/><U77/><AGARI ba="0,0" hai="22,25,28,77,81,82,83,85,92,97,100" m="15977" machi="77" ten="30,1100,0" yaku="8,1" doraHai="2" who="1" fromWho="1" sc="86,-3,429,11,273,-5,212,-3" /><INIT seed="3,0,0,5,2,70" ten="83,440,268,209" oya="3" hai0="99,0,58,88,27,63,96,75,135,15,104,71,61" hai1="8,40,7,2,17,85,11,92,50,98,43,67,93" hai2="28,36,83,56,113,49,54,16,102,111,20,47,57" hai3="53,110,73,78,101,120,64,86,105,72,94,19,77"/><W95/><G53/><T127/><D0/><U97/><E85/><V29/><F113/><W87/><G19/><T129/><D75/><U44/><E67/><V35/><F35/><W34/><G64/><T84/><D129/><U12/><E43/><V59/><F111/><W62/><G62/><T66/><D135/><U128/><E128/><V103/><F36/><W82/><G34/><T23/><D127/><U100/><E97/><V38/><F38/><W122/><G110/><T125/><D104/><AGARI ba="0,0" hai="2,7,8,11,12,17,40,44,50,92,93,98,100,104" machi="104" ten="30,1000,0" yaku="7,1" doraHai="70" who="1" fromWho="0" sc="83,-10,440,10,268,0,209,0" owari="73,-42.7,450,55.0,268,6.8,209,-19.1" /></mjloggm>