<mjloggm ver="2.3"><GO type="225" lobby="0"/><UN n0="%72%69%6F%75%63%68%61%6E" n1="%E3%81%9F%E3%81%A3%E3%81%A1%E3%82%87" n2="%48%61%61%61%6C%61%6E%64" n3="%E8%A8%88%E7%AE%97%E6%A9%9F%E8%87%AA%E7%84%B6" dan="17,16,17,17" rate="2278.45,2112.46,2243.30,2196.40" sx="M,M,M,M"/><TAIKYOKU oya="0"/><INIT seed="0,0,0,5,0,55" ten="250,250,250,250" oya="0" hai0="79,60,105,80,7,92,109,76,71,26,1,42,58" hai1="27,116,121,12,127,6,84,14,33,99,5,101,25" hai2="24,23,95,83,38,132,128,49,96,94,90,62,135" hai3="68,97,88,21,122,81,129,70,103,82,114,40,85"/><T100/><D105/><U31/><E84/><V52/><F38/><W125/><G114/><T86/><D71/><U44/><E99/><V107/><F128/><W108/><G129/><T118/><D118/><U75/><E101/><V8/><F107/><W3/><G3/><T59/><D109/><U57/><E75/><V43/><F83/><W32/><G32/><T133/><D133/><N who="2" m="51274" /><F8/><W93/><G108/><T106/><D106/><U10/><E44/><V89/><F43/><W54/><G40/><T46/><D76/><U9/><E57/><N who="0" m="21513" /><D1/><N who="1" m="175" /><E116/><V113/><F62/><W36/><G36/><T104/><D104/><U131/><E131/><V69/><F69/><W17/><G68/><T74/><D74/><U120/><E127/><V61/><F61/><W50/><G125/><T53/><D7/><U115/><E115/><V13/><F113/><W2/><G70/><T119/><D119/><U0/><E25/><V29/><F24/><W4/><G4/><T112/><D112/><U47/><E47/><V98/><F49/><W117/><G50/><N who="0" m="26967" /><D26/><U77/><E77/><V11/><F52/><W66/><G54/><T63/><D53/><U19/><E12/><V64/><F13/><W124/><G117/><T130/><D130/><U15/><E15/><V111/><F111/><W102/><G124/><T73/><D73/><U20/><AGARI ba="0,0" hai="0,6,10,14,19,20,27,31,33,120,121" m="175" machi="20" ten="30,4000,0" yaku="24,1,34,2" doraHai="55" who="1" fromWho="1" sc="250,-20,250,40,250,-10,250,-10" /><INIT seed="1,0,0,5,3,88" ten="230,290,240,240" oya="1" hai0="5,39,94,11,119,109,126,121,10,96,75,77,129" hai1="1,68,9,63,44,14,56,42,111,124,113,65,72" hai2="79,62,67,87,131,18,57,101,60,97,46,117,118" hai3="103,95,26,85,98,92,49,55,7,50,64,3,134"/><U89/><E113/><V47/><F131/><W13/><G3/><T38/><D109/><U51/><E124/><V53/><F18/><W106/><G134/><T112/><D112/><U107/><E72/><V6/><F6/><W125/><G125/><T73/><D129/><U91/><E111/><V41/><F87/><W80/><G64/><T110/><D110/><U128/><E107/><V45/><F79/><W35/><G49/><T108/><D108/><U36/><E1/><V84/><F84/><W120/><G120/><T0/><D119/><N who="2" m="45578" /><F97/><W16/><G7/><T52/><D126/><U114/><E114/><V31/><F101/><W123/><G26/><T21/><D121/><U105/><E105/><V32/><F31/><W17/><G35/><T15/><D21/><U82/><E82/><V12/><F12/><W8/><G17/><T90/><D52/><N who="1" m="31775" /><E128/><V130/><F32/><W135/><G135/><T27/><D27/><U34/><E34/><V100/><F100/><W59/><G123/><T74/><REACH who="0" step="1"/><D77/><AGARI ba="0,0" hai="8,13,16,50,55,59,77,80,85,92,95,98,103,106" machi="77" ten="30,7700,0" yaku="7,1,52,2,54,1" doraHai="88" who="3" fromWho="0" sc="230,-77,290,0,240,0,240,77" /><INIT seed="2,0,0,5,1,32" ten="153,290,240,317" oya="2" hai0="42,47,115,87,10,64,57,91,44,83,9,21,122" hai1="78,20,92,66,24,60,119,132,113,114,55,134,99" hai2="29,53,12,127,48,41,1,81,61,63,56,130,100" hai3="72,58,120,123,102,88,70,67,89,30,71,107,37"/><V0/><F127/><W43/><G72/><T40/><D115/><U36/><E119/><V129/><F100/><W18/><G18/><T105/><D122/><U8/><E36/><V82/><F29/><W77/><G77/><T52/><D105/><U125/><E78/><V39/><F39/><W38/><G58/><T49/><D64/><U97/><E8/><V59/><F12/><W118/><G30/><T104/><D104/><U19/><E125/><V73/><F73/><W85/><G107/><T50/><REACH who="0" step="1"/><D21/><REACH who="0" ten="143,290,240,317" step="2"/><U94/><E66/><V109/><F109/><W26/><G67/><T54/><D54/><U93/><E113/><V45/><F130/><W112/><G112/><T23/><D23/><U28/><E114/><V11/><F129/><W31/><G120/><T68/><D68/><U16/><E132/><V5/><F1/><W108/><G70/><T95/><D95/><U96/><E134/><V14/><F0/><W79/><G71/><T7/><D7/><U103/><E103/><V17/><F5/><W69/><G69/><T90/><D90/><U2/><E2/><V35/><F35/><W98/><G88/><T133/><D133/><U86/><E86/><V75/><F75/><W110/><G85/><T51/><AGARI ba="0,1" hai="9,10,40,42,44,47,49,50,51,52,57,83,87,91" machi="51" ten="20,12000,2" yaku="1,1,0,1,7,1,9,1,8,1,54,1,53,0" doraHai="32" doraHaiUra="128" who="0" fromWho="0" sc="143,130,290,-30,240,-60,317,-30" /><INIT seed="3,0,0,4,1,91" ten="273,260,180,287" oya="3" hai0="13,115,86,55,58,104,61,27,34,118,112,100,30" hai1="6,123,46,21,97,28,84,47,56,73,3,102,7" hai2="105,134,38,77,130,66,124,60,65,45,120,70,90" hai3="1,9,14,128,69,32,11,88,12,20,16,44,89"/><W17/><G69/><T126/><D126/><U80/><E123/><V116/><F116/><W59/><G32/><T92/><D118/><U135/><E73/><V74/><F124/><W33/><G33/><T98/><REACH who="0" step="1"/><D13/><REACH who="0" ten="263,260,180,287" step="2"/><U72/><E3/><V103/><F120/><W8/><G1/><T132/><D132/><U62/><E135/><V101/><F134/><W78/><G12/><T39/><D39/><U15/><E15/><V22/><F130/><W18/><G128/><T96/><D96/><U114/><E114/><V2/><F2/><W53/><G9/><T121/><D121/><U94/><E72/><V40/><F74/><W110/><G8/><T117/><D117/><U57/><E6/><V54/><F38/><W5/><G5/><T67/><D67/><N who="1" m="39367" /><E7/><V82/><F65/><W79/><G11/><T95/><D95/><U111/><E111/><V31/><F66/><W125/><G110/><T87/><D87/><U0/><E0/><V99/><F99/><W119/><G125/><T35/><D35/><U48/><E84/><V113/><F105/><W49/><G119/><T81/><D81/><U63/><E80/><V122/><F122/><W64/><G14/><T109/><D109/><U85/><E85/><V24/><F82/><W29/><G78/><T36/><D36/><U129/><E129/><V52/><F77/><W42/><G79/><T93/><D93/><U131/><E131/><V108/><F108/><W25/><G64/><T4/><D4/><U71/><E97/><V68/><F68/><W133/><G133/><T50/><D50/><AGARI ba="0,1" hai="16,17,18,20,25,29,42,44,49,50,53,59,88,89" machi="50" ten="40,7700,0" yaku="8,1,54,2" doraHai="91" who="3" fromWho="0" sc="263,-77,260,0,180,0,287,87" owari="186,-21.4,260,6.0,180,-32.0,374,47.4" /></mjloggm>