<mjloggm ver="2.3"><GO type="225" lobby="0"/><UN n0="%6D%75%75%6D%75%72%61" n1="%E9%80%9F%E6%B0%B4%E5%87%9B%E9%A6%99" n2="%E3%81%AF%E3%82%88%E3%81%8A%E3%81%98%E3%81%95%E3%82%93" n3="%E3%81%8F%E3%82%8A%E3%83%94%E3%83%BC" dan="16,16,16,16" rate="2170.66,2151.83,2111.01,2096.23" sx="F,F,M,M"/><TAIKYOKU oya="0"/><INIT seed="0,0,0,4,1,20" ten="250,250,250,250" oya="0" hai0="45,83,14,106,62,105,90,109,87,56,101,102,59" hai1="41,27,64,126,135,21,95,35,85,79,82,17,33" hai2="75,11,10,123,120,72,78,19,70,29,127,132,92" hai3="28,61,23,128,119,60,55,73,1,91,98,111,71"/><T129/><D129/><U46/><E135/><V114/><F70/><W113/><G73/><T86/><D109/><U131/><E131/><V42/><F42/><W32/><G1/><T3/><D3/><U54/><E126/><V44/><F44/><W110/><G113/><T96/><D45/><U84/><E64/><V52/><F92/><W125/><G119/><T115/><D115/><U24/><E54/><V39/><F114/><W124/><G32/><T89/><D14/><U76/><E24/><V57/><F57/><W47/><G128/><T15/><D15/><U13/><E13/><V69/><F69/><W66/><G91/><T48/><D48/><U16/><E17/><V18/><F78/><W121/><G98/><T5/><D5/><U77/><E95/><V134/><F39/><W0/><G0/><T107/><D102/><U133/><E133/><V31/><REACH who="2" step="1"/><F52/><REACH who="2" ten="250,250,240,250" step="2"/><W67/><G47/><T65/><REACH who="0" step="1"/><D56/><REACH who="0" ten="240,250,240,250" step="2"/><U8/><E46/><V6/><F6/><W63/><G71/><T97/><D97/><U37/><E37/><V40/><F40/><W25/><G111/><T53/><D53/><U100/><E41/><V38/><F38/><W103/><G110/><T4/><D4/><U108/><E108/><V43/><F43/><W88/><G55/><T12/><D12/><U99/><E99/><V81/><F81/><AGARI ba="0,2" hai="59,62,65,81,83,86,87,89,90,96,101,105,106,107" machi="81" ten="30,12000,1" yaku="1,1,7,1,9,1,53,2" doraHai="20" doraHaiUra="80" who="0" fromWho="2" sc="240,140,250,0,240,-120,250,0" /><INIT seed="0,1,0,2,5,27" ten="380,250,120,250" oya="0" hai0="57,122,35,129,52,87,30,44,42,55,91,105,53" hai1="62,59,7,9,84,73,131,81,99,28,116,96,10" hai2="15,41,13,19,85,74,100,112,113,97,23,123,66" hai3="80,58,5,93,127,133,107,111,43,125,49,94,1"/><T68/><D122/><U21/><E73/><V115/><F74/><W77/><G5/><T17/><D68/><U117/><E131/><V46/><F123/><W63/><G1/><T110/><D129/><U3/><E117/><V98/><F66/><W36/><G36/><T65/><D105/><U82/><E116/><V69/><F69/><W45/><G107/><T37/><D110/><U26/><E9/><V12/><F85/><W54/><G133/><T92/><D17/><U121/><E121/><V6/><F6/><W25/><G111/><T76/><D76/><U71/><E71/><V119/><F119/><W20/><G125/><T89/><D89/><U134/><E134/><V75/><F75/><W64/><G64/><T106/><D106/><U11/><E11/><V132/><F132/><W51/><G63/><T90/><D90/><U70/><E70/><V88/><F88/><W40/><G43/><T126/><D126/><U86/><E86/><V8/><F8/><W47/><G58/><T101/><D101/><U4/><E4/><V39/><REACH who="2" step="1"/><F100/><REACH who="2" ten="380,250,110,250" step="2"/><W109/><G127/><T33/><D65/><U60/><E10/><V2/><F2/><W135/><G135/><T31/><D57/><U79/><E7/><V120/><F120/><W38/><G109/><T95/><D92/><U22/><E3/><V34/><F34/><W118/><G118/><T0/><D0/><U83/><E79/><V16/><F16/><N who="3" m="12423" /><G94/><T114/><D35/><U29/><E84/><V18/><F18/><W130/><G93/><T103/><D87/><U32/><E32/><V24/><AGARI ba="1,1" hai="12,13,15,19,23,24,39,41,46,97,98,112,113,115" machi="24" ten="40,5200,0" yaku="1,1,5,1,0,1,53,0" doraHai="27" doraHaiUra="78" who="2" fromWho="2" sc="380,-27,250,-14,110,65,250,-14" /><INIT seed="1,0,0,5,0,10" ten="353,236,175,236" oya="1" hai0="120,88,82,49,36,51,39,72,110,87,7,65,104" hai1="2,23,11,37,32,57,63,127,84,109,12,74,58" hai2="3,101,24,53,47,100,89,17,77,5,119,71,31" hai3="1,80,62,56,67,94,46,129,28,27,75,83,38"/><U22/><E74/><V122/><F119/><W19/><G129/><T68/><D110/><U134/><E32/><V108/><F122/><W91/><G1/><T79/><D120/><U16/><E37/><V78/><F108/><W128/><G128/><T44/><D104/><U95/><E109/><V107/><F71/><W118/><G118/><T133/><D133/><U73/><E73/><V93/><F17/><W40/><G75/><T29/><D29/><U90/><E134/><V105/><F5/><W4/><G19/><T70/><D7/><U21/><E127/><V81/><F3/><W13/><G13/><T42/><D51/><U96/><E2/><V112/><F53/><W69/><G69/><T61/><REACH who="0" step="1"/><D70/><REACH who="0" ten="343,236,175,236" step="2"/><U52/><E57/><V132/><F132/><W34/><G4/><T50/><D50/><U6/><E6/><V135/><F135/><W35/><G34/><T54/><D54/><U18/><E18/><V85/><F31/><W48/><G48/><T86/><D86/><AGARI ba="0,1" hai="11,12,16,21,22,23,52,58,63,84,86,90,95,96" machi="86" ten="40,12000,1" yaku="8,1,52,1,54,2" doraHai="10" who="1" fromWho="0" sc="343,-120,236,130,175,0,236,0" /><AGARI ba="0,0" hai="27,28,35,38,40,46,56,62,67,80,83,86,91,94" machi="86" ten="30,1000,0" yaku="7,1" doraHai="10" who="3" fromWho="0" sc="223,-10,366,0,175,0,236,10" /><INIT seed="1,1,0,0,2,125" ten="213,366,175,246" oya="1" hai0="45,79,35,78,21,82,9,126,123,124,0,86,10" hai1="29,47,102,103,83,39,16,53,62,68,1,60,59" hai2="4,89,101,33,98,13,99,20,122,104,81,58,67" hai3="26,22,6,131,28,97,56,85,132,5,77,118,111"/><U134/><E1/><V24/><F122/><W117/><G111/><T23/><D35/><U90/><E90/><V94/><F33/><W7/><G132/><T127/><D123/><U92/><E29/><V75/><F75/><W105/><G56/><T15/><D78/><U32/><E32/><V65/><F81/><W38/><G38/><T120/><D120/><U51/><E134/><V72/><F72/><W17/><G131/><T119/><D119/><N who="3" m="45577" /><G85/><T44/><D0/><U48/><E83/><V130/><F130/><W113/><G113/><T100/><D100/><U50/><E92/><V129/><F129/><W121/><G77/><T107/><D107/><U40/><E16/><V91/><F91/><W54/><G54/><T80/><D80/><U64/><AGARI ba="1,0" hai="39,40,47,48,50,51,53,59,60,62,64,68,102,103" machi="64" ten="30,1500,0" yaku="0,1" doraHai="125" who="1" fromWho="1" sc="213,-6,366,18,175,-6,246,-6" /><INIT seed="1,2,0,5,1,14" ten="207,384,169,240" oya="1" hai0="124,96,34,131,108,85,135,36,87,42,37,75,8" hai1="81,25,95,56,22,123,84,115,64,63,90,18,101" hai2="52,65,61,122,127,1,130,125,11,119,112,107,70" hai3="78,15,99,79,82,132,68,104,128,116,133,69,28"/><U72/><E123/><V76/><F76/><W26/><G128/><T88/><D131/><U5/><E115/><V35/><F11/><W111/><G111/><T113/><D113/><U7/><E72/><V73/><F61/><W54/><G54/><T77/><D75/><U67/><E67/><V126/><F52/><W74/><G79/><T44/><D108/><U94/><E94/><V30/><F30/><W50/><G50/><T6/><D135/><N who="3" m="51785" /><G15/><T83/><D124/><U89/><REACH who="1" step="1"/><E101/><REACH who="1" ten="207,374,169,240" step="2"/><V29/><F65/><W55/><G74/><T47/><D96/><AGARI ba="2,1" hai="5,7,18,22,25,56,63,64,81,84,89,90,95,96" machi="96" ten="30,18000,2" yaku="1,1,2,1,7,1,8,1,52,1,53,1" doraHai="14" doraHaiUra="16" who="1" fromWho="0" sc="207,-186,374,196,169,0,240,0" /><INIT seed="1,3,0,4,3,101" ten="21,570,169,240" oya="1" hai0="90,77,105,50,34,24,75,69,12,10,66,76,115" hai1="51,45,31,58,114,48,16,5,117,92,94,49,41" hai2="107,104,128,30,84,22,55,36,89,78,37,111,56" hai3="96,64,110,11,40,23,53,112,57,127,44,26,20"/><U4/><E117/><V95/><F111/><W83/><G112/><T91/><D115/><U118/><E114/><V32/><F32/><W85/><G127/><T93/><D69/><U2/><E2/><V29/><F128/><W72/><G72/><T100/><D66/><U82/><E31/><V102/><F78/><W86/><G64/><T135/><D135/><U21/><E118/><V14/><F37/><W131/><G110/><T59/><D75/><U134/><E82/><V9/><F36/><W39/><G96/><T120/><D120/><U43/><E134/><V47/><F47/><W88/><G131/><T109/><D109/><U81/><E81/><V60/><F102/><W33/><G11/><T61/><D61/><U68/><E68/><V126/><F126/><W63/><G86/><T129/><D129/><U123/><E123/><V130/><F130/><W106/><G106/><T1/><D1/><U125/><E125/><V119/><F119/><W27/><G27/><T113/><D113/><U54/><E49/><V122/><F122/><W15/><G15/><T18/><D50/><U25/><E41/><V121/><F121/><W17/><G20/><T3/><D3/><U13/><E25/><N who="2" m="16567" /><F30/><W79/><REACH who="3" step="1"/><G33/><REACH who="3" ten="21,570,169,230" step="2"/><T99/><D34/><U98/><REACH who="1" step="1"/><E92/><REACH who="1" ten="21,560,169,230" step="2"/><V19/><F107/><W133/><G133/><T42/><D105/><U35/><E35/><V70/><F104/><W65/><G65/><T80/><D24/><U67/><E67/><N who="2" m="39303" /><F70/><W97/><G97/><T0/><D0/><U46/><E46/><V62/><F95/><W132/><G132/><T103/><D93/><RYUUKYOKU ba="3,2" sc="21,-15,560,15,169,-15,230,15" hai1="4,5,13,16,21,43,45,48,51,54,58,94,98" hai3="17,23,26,39,40,44,53,57,63,79,83,85,88" /><INIT seed="1,4,2,5,1,70" ten="6,575,154,245" oya="1" hai0="83,92,0,8,74,134,66,80,18,108,4,50,112" hai1="123,36,54,65,133,3,105,89,118,107,57,114,40" hai2="5,116,82,106,68,29,130,39,52,61,21,132,38" hai3="28,44,76,127,34,91,7,128,72,43,113,129,75"/><U62/><E114/><V81/><F106/><W53/><G127/><T42/><D112/><U100/><E123/><V115/><F116/><W13/><G76/><T35/><D35/><U73/><E3/><V41/><F115/><W49/><G113/><T64/><D74/><U46/><E73/><V79/><F41/><W14/><G14/><N who="0" m="5383" /><D108/><U88/><E118/><V45/><F5/><W104/><G104/><T55/><D134/><U78/><E78/><V103/><F103/><W131/><G28/><T126/><D0/><U90/><E133/><V84/><F132/><W69/><G69/><T71/><D71/><U15/><E100/><V26/><F130/><W109/><G34/><T23/><D92/><U9/><REACH who="1" step="1"/><E65/><REACH who="1" ten="6,565,154,245" step="2"/><N who="0" m="25193" /><D42/><U17/><AGARI ba="4,3" hai="9,15,17,36,40,46,54,57,62,88,89,90,105,107" machi="17" ten="30,11700,0" yaku="1,1,0,1,52,1,54,1,53,0" doraHai="70" doraHaiUra="122" who="1" fromWho="1" sc="6,-43,565,159,154,-43,245,-43" owari="-37,-53.7,724,82.4,111,-28.9,202,0.2" /></mjloggm>