<mjloggm ver="2.3"><GO type="225" lobby="0"/><UN n0="%77%72%77%72%77%72%77%72" n1="%E5%B8%86%E7%AB%8B%E5%A4%8F%E8%A1%A3" n2="%6D%75%75%73%61%6E%6D%75" n3="%E3%83%B4%E3%83%A0%EF%BC%99%E3%81%A6" dan="17,17,16,16" rate="2177.18,2180.34,2048.45,2122.23" sx="M,M,F,M"/><TAIKYOKU oya="0"/><INIT seed="0,0,0,0,0,0" ten="250,250,250,250" oya="0" hai0="98,45,13,80,17,96,4,76,56,88,14,129,3" hai1="97,86,89,19,30,115,66,46,47,91,126,38,58" hai2="63,132,64,113,33,7,55,44,121,29,122,102,50" hai3="61,10,22,78,104,95,32,119,124,93,114,79,53"/><T68/><D129/><U133/><E133/><V52/><F113/><W26/><G104/><T5/><D68/><U84/><E126/><V111/><F132/><W1/><G114/><T118/><D118/><U34/><E115/><V62/><F111/><W67/><G119/><T43/><D3/><U94/><E30/><V90/><F102/><W35/><G124/><T59/><D76/><U16/><E34/><V75/><F75/><W128/><G128/><T28/><D28/><U123/><E123/><N who="2" m="47115" /><F90/><W2/><G53/><N who="2" m="20553" /><F7/><N who="0" m="2634" /><D45/><N who="1" m="16907" /><E38/><V131/><F29/><W49/><G32/><T108/><D43/><U83/><E97/><N who="0" m="37481" /><D108/><U109/><E109/><V117/><F33/><W25/><G35/><T85/><D13/><U23/><E23/><AGARI ba="0,0" hai="14,17,23,56,59,80,85,88" m="37481,2634" machi="23" ten="30,12000,1" yaku="8,1,52,3,54,1" doraHai="0" who="0" fromWho="1" sc="250,120,250,-120,250,0,250,0" /><INIT seed="0,1,0,0,3,78" ten="370,130,250,250" oya="0" hai0="129,45,21,97,118,65,80,116,43,41,24,40,29" hai1="31,93,81,12,90,50,100,99,110,59,10,7,35" hai2="55,18,46,22,74,4,68,17,105,1,42,44,26" hai3="132,11,49,51,126,27,119,63,128,131,67,123,39"/><T124/><D129/><N who="3" m="49737" /><G11/><T38/><D124/><U9/><E110/><V16/><F105/><W102/><G102/><T62/><D97/><U103/><E35/><V96/><F74/><W107/><G107/><T33/><D33/><U104/><E31/><V52/><F68/><W69/><G119/><T58/><D118/><U86/><E104/><V15/><F96/><W8/><G126/><T54/><D116/><U61/><E10/><N who="2" m="4551" /><F1/><W72/><G72/><T91/><REACH who="0" step="1"/><D65/><REACH who="0" ten="360,130,250,250" step="2"/><U92/><E92/><V121/><F121/><W83/><G67/><T127/><D127/><U89/><REACH who="1" step="1"/><E50/><REACH who="1" ten="360,120,250,250" step="2"/><N who="2" m="26903" /><F46/><W112/><G49/><T3/><D3/><U108/><E108/><V32/><F32/><W36/><G51/><T56/><D56/><U125/><E125/><V47/><F47/><W77/><G123/><T84/><AGARI ba="1,2" hai="21,24,29,38,40,41,43,45,54,58,62,80,84,91" machi="84" ten="30,6000,0" yaku="1,1,0,1,52,1,53,0" doraHai="78" doraHaiUra="130" who="0" fromWho="0" sc="360,83,120,-21,250,-21,250,-21" /><INIT seed="0,2,0,1,2,42" ten="443,99,229,229" oya="0" hai0="110,55,111,73,132,12,6,88,117,36,5,97,115" hai1="68,133,130,56,82,112,93,9,75,30,108,119,127" hai2="11,40,122,22,26,104,109,63,65,1,8,120,113" hai3="59,60,101,49,41,31,64,7,34,67,44,62,85"/><T23/><D115/><U52/><E68/><V3/><F113/><W135/><G135/><T128/><D117/><U21/><E112/><V70/><F104/><W10/><G101/><T58/><D132/><U99/><E133/><V92/><F109/><N who="0" m="41482" /><D36/><U78/><E108/><V126/><F126/><W89/><G34/><T57/><D73/><U18/><E127/><V0/><F92/><W69/><G31/><T121/><D128/><U91/><E130/><V33/><F33/><W124/><G124/><T71/><D71/><U114/><E114/><V87/><F87/><W29/><G29/><T48/><D58/><U94/><E119/><V134/><F134/><W102/><G102/><T4/><D121/><U46/><E30/><V129/><F129/><W15/><G85/><T74/><D74/><U125/><E125/><V47/><F120/><W53/><REACH who="3" step="1"/><G89/><REACH who="3" ten="443,99,229,219" step="2"/><T131/><D131/><U81/><E81/><V95/><F122/><W2/><G2/><T54/><D88/><U79/><E79/><V72/><F72/><W61/><G61/><T24/><D97/><U80/><E80/><V25/><F3/><W106/><G106/><T37/><D4/><U35/><E94/><V32/><F32/><W66/><AGARI ba="2,1" hai="7,10,15,41,44,49,53,59,60,62,64,66,67,69" machi="66" ten="30,7900,0" yaku="1,1,0,1,52,1,53,1" doraHai="42" doraHaiUra="43" who="3" fromWho="3" sc="443,-41,99,-22,229,-22,219,95" /><INIT seed="1,0,0,1,1,83" ten="402,77,207,314" oya="1" hai0="72,131,19,9,84,23,58,55,36,94,76,112,46" hai1="92,104,122,125,59,4,73,21,48,13,86,93,81" hai2="106,47,120,115,123,54,89,40,64,12,79,127,2" hai3="65,101,71,35,5,109,33,107,78,61,44,26,60"/><U102/><E122/><V52/><F2/><W1/><G109/><T38/><D112/><U70/><E70/><V57/><F106/><W134/><G134/><T114/><D114/><U43/><E125/><V53/><F79/><W103/><G78/><T96/><D131/><U32/><E32/><V80/><F115/><W8/><G33/><T133/><D133/><U110/><E73/><V100/><F100/><W7/><G7/><T63/><D9/><N who="1" m="4263" /><E104/><V117/><F117/><W31/><G107/><T16/><D72/><U17/><E102/><V74/><F127/><W28/><G28/><T69/><D69/><U87/><E110/><V128/><F74/><W41/><G60/><T18/><D23/><U22/><E22/><V132/><F128/><W14/><G1/><T98/><D36/><AGARI ba="0,0" hai="5,8,14,26,31,35,36,41,44,61,65,71,101,103" machi="36" ten="30,1000,0" yaku="7,1" doraHai="83" who="3" fromWho="0" sc="402,-10,77,0,207,0,314,10" /><INIT seed="2,0,0,5,2,127" ten="392,77,207,324" oya="2" hai0="110,40,105,28,58,85,38,33,17,67,89,116,31" hai1="101,62,108,109,113,97,55,0,106,71,94,93,75" hai2="45,129,132,119,51,37,76,112,95,82,66,90,8" hai3="99,46,30,83,104,115,114,48,60,98,14,25,10"/><V96/><F112/><N who="3" m="43051" /><G60/><T39/><D105/><U3/><E113/><V84/><F119/><W4/><G83/><T118/><D110/><N who="1" m="42603" /><E55/><V61/><F132/><W19/><G4/><T121/><D121/><U92/><E62/><V130/><F37/><W43/><G104/><T41/><D67/><U24/><E24/><V103/><F8/><W5/><G5/><T35/><D58/><U122/><E71/><V59/><REACH who="2" step="1"/><F76/><REACH who="2" ten="392,77,197,324" step="2"/><W74/><G74/><T44/><D118/><U50/><E122/><V12/><F12/><W63/><G63/><T70/><D116/><U87/><E75/><V88/><F88/><W34/><AGARI ba="0,1" hai="10,14,19,25,30,34,43,46,48,98,99" m="43051" machi="34" ten="30,1100,0" yaku="11,1" doraHai="127" who="3" fromWho="3" sc="392,-3,77,-3,197,-5,324,21" /><INIT seed="3,0,0,1,2,23" ten="389,74,192,345" oya="3" hai0="0,105,131,58,91,40,98,36,27,103,48,94,88" hai1="128,114,77,17,1,33,86,31,134,14,116,22,80" hai2="124,83,118,96,76,64,112,65,79,55,81,106,38" hai3="126,57,61,21,85,41,29,113,59,78,19,66,52"/><W87/><G113/><T8/><D131/><U71/><E114/><V54/><F38/><W69/><G126/><T28/><D36/><U44/><E71/><V12/><F118/><W39/><G29/><T53/><D40/><U43/><E128/><V56/><F106/><W37/><G59/><T32/><D105/><U123/><E134/><V6/><F96/><W73/><G73/><T70/><D70/><U109/><E109/><V121/><F124/><W99/><G99/><T62/><D48/><U11/><E123/><V26/><F26/><N who="3" m="14655" /><G78/><T111/><D111/><U2/><E116/><V115/><F56/><W110/><G110/><T125/><D125/><U13/><E33/><V30/><F121/><W133/><G133/><T122/><D122/><U130/><E130/><V3/><F3/><W72/><G72/><T10/><D0/><U24/><E2/><V119/><F119/><W5/><G5/><T25/><D103/><U135/><E135/><V45/><F6/><W9/><G9/><T75/><D75/><U15/><REACH who="1" step="1"/><E1/><REACH who="1" ten="389,64,192,345" step="2"/><V20/><F112/><W132/><G132/><T35/><D35/><U117/><E117/><V95/><F115/><W42/><G37/><T101/><D101/><U4/><E4/><V47/><F76/><W100/><G100/><T104/><D104/><U102/><E102/><V18/><F79/><W90/><G39/><T127/><D127/><U82/><E82/><V49/><F81/><N who="3" m="49455" /><G87/><T89/><D32/><U34/><E34/><V93/><F83/><W74/><G74/><T7/><D7/><U68/><E68/><V51/><F93/><RYUUKYOKU ba="0,1" sc="389,-15,64,15,192,-15,345,15" hai1="11,13,14,15,17,22,24,31,43,44,77,80,86" hai3="41,42,52,57,61,66,69" /><INIT seed="3,1,1,5,3,115" ten="374,79,177,360" oya="3" hai0="105,102,128,66,49,33,95,56,67,120,110,135,28" hai1="6,86,78,38,26,13,101,30,82,80,23,36,32" hai2="103,65,53,14,134,61,96,0,17,72,127,24,79" hai3="39,44,15,114,1,16,98,34,11,75,88,9,124"/><W119/><G119/><T47/><D120/><U40/><E101/><V69/><F0/><W108/><G114/><T43/><D105/><U35/><E35/><V81/><F127/><W70/><G70/><T51/><D110/><U85/><E40/><V125/><F125/><W130/><G124/><T99/><D128/><U122/><E122/><V59/><F134/><W3/><G34/><T91/><D135/><U133/><E133/><V68/><F24/><W21/><G75/><T48/><D33/><U12/><E12/><V74/><F65/><N who="0" m="24586" /><D28/><U92/><E92/><V87/><F72/><W117/><G117/><T89/><D51/><U107/><E107/><V118/><F74/><W52/><G130/><T58/><D49/><U46/><E46/><V22/><F118/><W29/><G108/><T63/><D56/><U4/><E4/><V104/><AGARI ba="1,1" hai="14,17,22,53,59,61,68,69,79,81,87,96,103,104" machi="104" ten="20,1500,0" yaku="0,1,7,1" doraHai="115" who="2" fromWho="2" sc="374,-5,79,-5,177,28,360,-8" owari="369,46.9,74,-42.6,205,-19.5,352,15.2" /></mjloggm>