<mjloggm ver="2.3"><GO type="225" lobby="0"/><UN n0="%E3%80%93%E3%81%97%E3%83%BC%E3%82%89%E3%80%93" n1="%E3%81%99%E3%81%84%E3%81%BE%E3%81%9B%E3%83%BC%E3%82%93" n2="%E3%81%BF%E3%81%BF%E3%81%9A" n3="%E6%A0%B9%E5%85%83%E3%81%8B%E3%82%89%E5%90%B9%E3%81%A3%E9%A3%9B%E3%81%B6" dan="16,18,17,17" rate="2084.20,2224.49,2287.58,2144.80" sx="M,M,M,F"/><TAIKYOKU oya="0"/><INIT seed="0,0,0,1,0,122" ten="250,250,250,250" oya="0" hai0="121,70,79,72,34,12,86,20,125,29,46,39,98" hai1="9,54,59,90,64,66,4,83,28,42,5,62,1" hai2="112,49,123,96,67,36,41,127,105,11,19,104,108" hai3="128,94,7,63,32,26,57,118,80,52,37,115,131"/><T111/><D70/><U40/><E5/><V82/><F123/><W53/><G115/><T31/><D121/><U13/><E1/><V133/><F112/><W45/><G118/><T76/><D72/><U44/><E28/><V14/><F36/><W107/><G107/><T6/><D125/><U92/><E83/><V21/><F127/><W30/><G7/><T87/><D34/><U126/><E126/><V78/><F133/><W71/><G71/><T23/><D98/><U100/><E100/><V0/><F67/><N who="1" m="25641" /><E44/><V77/><F96/><AGARI ba="0,0" hai="4,9,13,40,42,54,59,62,90,92,96" m="25641" machi="96" ten="30,1000,0" yaku="8,1" doraHai="122" who="1" fromWho="2" sc="250,0,250,10,250,-10,250,0" /><INIT seed="1,0,0,3,4,22" ten="250,260,240,250" oya="1" hai0="69,19,1,127,0,86,30,56,67,16,35,107,81" hai1="3,40,98,94,135,25,18,14,76,70,50,57,44" hai2="133,96,27,26,17,65,116,45,80,83,91,47,5" hai3="112,132,110,41,108,77,82,62,87,10,79,124,52"/><U122/><E135/><V61/><F116/><W85/><G112/><T134/><D69/><U51/><E70/><V48/><F133/><W12/><G124/><T53/><D107/><U126/><E126/><V64/><F5/><W88/><G41/><T131/><D127/><U13/><E3/><V100/><F17/><N who="3" m="8343" /><G132/><T104/><D104/><U129/><E129/><V4/><F4/><W8/><G8/><T95/><D67/><N who="2" m="25674" /><F61/><W63/><G63/><T113/><D113/><U33/><E76/><V34/><F34/><W37/><G37/><T21/><D131/><U29/><E122/><V39/><F39/><W90/><G110/><T73/><D134/><U23/><E13/><V103/><F45/><W114/><G114/><T92/><D19/><U123/><E123/><V119/><F119/><W115/><G108/><T99/><D73/><U42/><E57/><V71/><F71/><W59/><G115/><T49/><D30/><U102/><REACH who="1" step="1"/><E42/><REACH who="1" ten="250,250,240,250" step="2"/><N who="2" m="24695" /><F91/><W97/><G79/><T58/><D56/><U89/><E89/><N who="3" m="34410" /><G87/><T7/><D86/><U84/><E84/><V101/><F96/><AGARI ba="0,1" hai="52,59,62,77,82,85,96,97" m="34410,8343" machi="96" ten="30,3900,0" yaku="8,1,54,2" doraHai="22" who="3" fromWho="2" sc="250,0,250,0,240,-39,250,49" /><INIT seed="2,0,0,4,4,13" ten="250,250,201,299" oya="2" hai0="102,25,0,92,58,43,71,79,44,18,23,108,33" hai1="65,20,88,21,39,40,6,53,105,83,26,100,55" hai2="117,70,34,17,104,124,9,78,5,67,109,27,24" hai3="75,91,63,64,101,80,130,61,4,94,12,28,52"/><V56/><F117/><W16/><G130/><T38/><D71/><U22/><E65/><V29/><F124/><W59/><G28/><T131/><D0/><U3/><E100/><V60/><F109/><W87/><G4/><T112/><D112/><U76/><E105/><V126/><F126/><W103/><G75/><T74/><D108/><U57/><E88/><V1/><F78/><N who="3" m="46487" /><G63/><T89/><D131/><U7/><E26/><V73/><F73/><W69/><G64/><T37/><D102/><U36/><E55/><V125/><F125/><W14/><G14/><T41/><D33/><U128/><E128/><V110/><F110/><W96/><G69/><T10/><D10/><AGARI ba="0,0" hai="10,12,16,52,59,61,91,94,96,101,103" m="46487" machi="10" ten="30,7700,0" yaku="8,1,52,1,54,2" doraHai="13" who="3" fromWho="0" sc="250,-77,250,0,201,0,299,77" /><INIT seed="3,0,0,4,5,101" ten="173,250,201,376" oya="3" hai0="65,132,107,97,18,84,109,29,99,124,95,64,32" hai1="128,25,108,31,53,112,23,75,60,51,118,20,5" hai2="46,66,126,27,12,4,37,129,106,57,87,122,85" hai3="123,120,38,15,26,134,14,127,50,78,13,8,24"/><W61/><G38/><T79/><D124/><U113/><E108/><V105/><F27/><W55/><G61/><T40/><D109/><U82/><E128/><V35/><F35/><W135/><G78/><T90/><D132/><U7/><E60/><V77/><F129/><W130/><G8/><T72/><D40/><U131/><E118/><V45/><F126/><W88/><G88/><N who="0" m="53639" /><D97/><U69/><E69/><V21/><F122/><W110/><G26/><N who="0" m="18487" /><D90/><U47/><E23/><V86/><F77/><W74/><G130/><T71/><D18/><U9/><E31/><V63/><F37/><W67/><G110/><T76/><D79/><U3/><E25/><V2/><F2/><W19/><G127/><T10/><D10/><U52/><E9/><V28/><F4/><W117/><G24/><T116/><D71/><U34/><E3/><V104/><REACH who="2" step="1"/><F28/><REACH who="2" ten="173,250,191,376" step="2"/><W22/><G123/><T42/><D116/><U121/><E121/><V70/><F70/><W80/><G120/><T43/><D65/><U125/><E125/><V81/><F81/><W59/><G67/><T98/><D64/><U73/><E131/><V115/><F115/><W94/><G117/><T92/><D92/><U44/><E113/><V119/><F119/><W33/><G33/><T49/><D98/><U102/><E34/><V6/><F6/><W56/><G94/><T54/><D54/><U103/><E52/><V91/><F91/><W100/><G55/><T68/><D68/><U93/><E53/><V114/><F114/><W96/><G96/><T0/><D0/><U48/><E112/><V89/><F89/><RYUUKYOKU ba="0,1" sc="173,-10,250,-10,191,30,376,-10" hai2="12,21,45,46,57,63,66,85,86,87,104,105,106" owari="163,-33.7,240,4.0,221,-17.9,376,47.6" /></mjloggm>