<mjloggm ver="2.3"><GO type="225" lobby="0"/><UN n0="%E3%83%97%E3%83%AC%E3%83%B4%E3%82%A1%E3%83%86%E3%82%A3" n1="%E9%87%8E%E3%80%85%E5%AE%AE%E8%97%8D" n2="%E3%81%BF%E3%81%BF%E3%81%9A" n3="%E3%81%B5%E3%81%98%E3%81%8B%E3%81%A4" dan="16,17,16,16" rate="2024.01,2185.21,2203.32,2205.73" sx="F,F,M,M"/><TAIKYOKU oya="0"/><INIT seed="0,0,0,0,4,50" ten="250,250,250,250" oya="0" hai0="51,39,104,98,55,103,43,52,133,54,76,119,75" hai1="67,11,80,90,100,61,128,37,4,20,111,23,28" hai2="116,77,48,113,83,94,57,74,120,10,84,59,125" hai3="79,1,5,56,115,110,16,36,65,122,81,124,0"/><T73/><D133/><U32/><E37/><V12/><F120/><W15/><G115/><T3/><D119/><U2/><E111/><V42/><F113/><W102/><G110/><T62/><D3/><U85/><E128/><V24/><F116/><W9/><G36/><T109/><D109/><U108/><E108/><V66/><F125/><W106/><G124/><T68/><D39/><U92/><E32/><V87/><F74/><W60/><G122/><T132/><D132/><U127/><E127/><V7/><F24/><W64/><G64/><T45/><REACH who="0" step="1"/><D76/><REACH who="0" ten="240,250,250,250" step="2"/><U91/><E28/><V71/><F66/><AGARI ba="0,1" hai="43,45,51,52,54,55,62,66,68,73,75,98,103,104" machi="66" ten="40,18000,2" yaku="1,1,2,1,52,3,54,1,53,1" doraHai="50" doraHaiUra="58" who="0" fromWho="2" sc="240,190,250,0,250,-180,250,0" /><INIT seed="0,1,0,3,5,64" ten="430,250,70,250" oya="0" hai0="93,78,133,80,20,63,70,56,31,47,108,52,23" hai1="85,81,55,19,46,40,86,42,130,1,33,59,14" hai2="106,74,4,51,30,90,68,44,87,15,32,132,100" hai3="76,36,121,94,114,58,62,5,134,11,3,7,110"/><T37/><D133/><U120/><E120/><V26/><F74/><W125/><G114/><T113/><D113/><U83/><E1/><V9/><F132/><W61/><G125/><T73/><D108/><U127/><E33/><V115/><F115/><W43/><G110/><T25/><D93/><U60/><E127/><V54/><F100/><W124/><G121/><T34/><REACH who="0" step="1"/><D70/><REACH who="0" ten="420,250,70,250" step="2"/><U0/><E130/><V109/><F109/><W101/><G124/><T95/><D95/><U13/><E0/><V99/><F106/><W6/><G134/><T75/><D75/><U91/><E46/><V50/><F99/><W28/><G94/><T126/><D126/><U77/><REACH who="1" step="1"/><E13/><REACH who="1" ten="420,240,70,250" step="2"/><V111/><F111/><W89/><G3/><T69/><D69/><U66/><E66/><V41/><F68/><W79/><G101/><T105/><D105/><U45/><E45/><V2/><F2/><W16/><G58/><T29/><D29/><U96/><E96/><V123/><F123/><W35/><G28/><T22/><D22/><AGARI ba="1,2" hai="14,19,22,40,42,55,59,60,77,81,83,85,86,91" machi="22" ten="30,3900,0" yaku="1,1,7,1,8,1,53,0" doraHai="64" doraHaiUra="119" who="1" fromWho="0" sc="420,-42,240,62,70,0,250,0" /><INIT seed="1,0,0,5,4,91" ten="378,302,70,250" oya="1" hai0="40,34,65,120,123,55,19,53,80,134,106,114,113" hai1="130,67,2,3,102,121,72,41,25,105,59,21,101" hai2="92,124,83,26,68,44,60,6,17,24,131,27,22" hai3="133,70,63,15,23,99,0,135,57,126,74,18,128"/><U56/><E121/><N who="0" m="46665" /><D106/><U30/><E72/><V78/><F124/><W48/><G126/><T38/><D34/><U109/><E130/><V32/><F131/><W61/><G74/><T85/><D19/><U42/><E109/><V84/><F6/><W7/><G48/><T93/><D80/><U118/><E118/><V69/><F44/><W28/><G28/><T43/><D65/><U52/><E3/><V20/><F32/><W110/><G110/><T58/><D85/><U13/><E2/><V11/><F11/><N who="3" m="2535" /><G57/><T49/><D93/><U119/><E119/><V88/><F60/><W9/><G70/><T104/><D104/><U94/><E105/><V79/><F79/><W87/><G87/><T75/><D75/><U115/><E115/><N who="0" m="44041" /><D38/><U39/><E39/><V62/><F62/><W111/><G99/><T54/><D134/><N who="3" m="51209" /><G111/><T108/><D108/><U103/><E67/><V127/><F127/><W81/><G81/><T8/><D8/><U12/><E59/><V132/><F132/><W36/><G36/><T46/><D58/><U37/><E37/><V129/><F129/><W125/><G125/><T82/><D82/><U73/><E73/><V77/><F77/><W76/><G76/><T51/><D46/><U1/><E1/><V86/><REACH who="2" step="1"/><F26/><REACH who="2" ten="378,302,60,250" step="2"/><N who="3" m="14711" /><G128/><T112/><D112/><U66/><E25/><V14/><F14/><W35/><G35/><T10/><D10/><U96/><E12/><V97/><F97/><W71/><G71/><T107/><D107/><U50/><E13/><V4/><F4/><AGARI ba="0,1" hai="4,9,15,61,63" m="14711,51209,2535" machi="4" ten="30,1000,0" yaku="20,1" doraHai="91" who="3" fromWho="2" sc="378,0,302,0,60,-10,250,20" /><INIT seed="2,0,0,3,2,135" ten="378,302,50,270" oya="2" hai0="45,67,96,13,102,37,123,132,127,104,68,100,15" hai1="62,122,23,89,1,55,59,101,64,121,77,124,60" hai2="52,128,63,4,109,3,130,14,83,48,106,57,32" hai3="29,114,76,18,90,21,20,19,6,72,31,24,131"/><V99/><F32/><W36/><G36/><T73/><D132/><U70/><E1/><V69/><F3/><W108/><G72/><T27/><D123/><N who="1" m="47115" /><E101/><V133/><F133/><W39/><G76/><T51/><D100/><U53/><E77/><V113/><F113/><W40/><G90/><T71/><D73/><U87/><E23/><V93/><F83/><W91/><G39/><T8/><D37/><U28/><E28/><V111/><F106/><W22/><G40/><T58/><D127/><U129/><E129/><N who="2" m="49771" /><F4/><W116/><G116/><T118/><D118/><U0/><E0/><V10/><F10/><W97/><G6/><T43/><D27/><U12/><E12/><V117/><F14/><N who="3" m="9303" /><G114/><T134/><D15/><U119/><E119/><V49/><F117/><W79/><G131/><T98/><D134/><U125/><E53/><V5/><F5/><W115/><G115/><T81/><D98/><U47/><E47/><V88/><F69/><W105/><G105/><T33/><D33/><U16/><E16/><V56/><F48/><W61/><G79/><T41/><D13/><U7/><E7/><V103/><F103/><W46/><G31/><T54/><D8/><U82/><AGARI ba="0,0" hai="55,59,60,62,64,70,82,87,89,124,125" m="47115" machi="82" ten="30,4000,0" yaku="13,1,52,2" doraHai="135" who="1" fromWho="1" sc="378,-10,302,40,50,-20,270,-10" /><INIT seed="3,0,0,0,2,128" ten="368,342,30,260" oya="3" hai0="36,65,119,9,76,35,115,71,126,19,21,123,106" hai1="23,100,54,122,42,127,70,64,130,43,52,83,135" hai2="2,104,24,59,80,11,51,69,97,29,68,102,125" hai3="30,40,46,50,38,90,98,63,62,34,103,20,37"/><W77/><G77/><T107/><D119/><U33/><E33/><V4/><F125/><W96/><G34/><T31/><D126/><U85/><E127/><V87/><F59/><W48/><G90/><T66/><D123/><U89/><E122/><V12/><F51/><W28/><G20/><T18/><D36/><U120/><E120/><V32/><F87/><W109/><G109/><T0/><D71/><U75/><E130/><V81/><F81/><W112/><G46/><T58/><D76/><U5/><E75/><V116/><F116/><W41/><REACH who="3" step="1"/><G103/><REACH who="3" ten="368,342,30,250" step="2"/><T72/><D72/><U86/><E100/><V124/><F124/><W99/><G99/><T25/><D115/><AGARI ba="0,1" hai="28,30,37,38,40,41,48,50,62,63,96,98,112,115" machi="115" ten="25,4800,0" yaku="1,1,22,2,53,0" doraHai="128" doraHaiUra="131" who="3" fromWho="0" sc="368,-48,342,0,30,0,250,58" /><INIT seed="3,1,0,3,5,41" ten="320,342,30,308" oya="3" hai0="17,37,0,47,26,9,112,13,75,59,63,60,125" hai1="18,134,119,94,2,71,103,22,11,3,28,62,97" hai2="68,23,84,118,49,44,102,115,65,100,116,91,122" hai3="93,67,98,70,39,92,53,79,25,55,73,1,29"/><W104/><G1/><T99/><D75/><U12/><E134/><V129/><F115/><W127/><G127/><T36/><D125/><U50/><E119/><V86/><F49/><W110/><G110/><T27/><D112/><U107/><E107/><V131/><F65/><W34/><G39/><T95/><D0/><U72/><E72/><V90/><F23/><W101/><G92/><T120/><D120/><U76/><E76/><V31/><F31/><W83/><REACH who="3" step="1"/><G93/><REACH who="3" ten="320,342,30,298" step="2"/><T82/><D37/><U105/><E94/><V64/><F64/><W54/><G54/><T61/><D82/><U46/><E2/><V85/><F68/><W51/><G51/><T7/><D36/><U130/><E3/><V123/><F44/><W111/><G111/><T96/><D47/><U32/><E71/><V135/><REACH who="2" step="1"/><F84/><REACH who="2" ten="320,342,20,298" step="2"/><W35/><G35/><T80/><D59/><U126/><E46/><V124/><F124/><W81/><G81/><T52/><D80/><U114/><E50/><V128/><F128/><W10/><G10/><T109/><D109/><U56/><E130/><V15/><F15/><W33/><G33/><T77/><D52/><N who="1" m="34055" /><E126/><V106/><F106/><W58/><G58/><T113/><D113/><U20/><E114/><V88/><F88/><W74/><G74/><T117/><D117/><U4/><E32/><V40/><F40/><W43/><G43/><T133/><D77/><U30/><E22/><V38/><F38/><W5/><G5/><T78/><D78/><U57/><E57/><V24/><F24/><W48/><G48/><T45/><D27/><N who="1" m="14743" /><E4/><V14/><F14/><RYUUKYOKU ba="1,2" sc="320,-30,342,10,20,10,298,10" hai1="11,12,28,30,97,103,105" hai2="85,86,90,91,100,102,116,118,122,123,129,131,135" hai3="25,29,34,53,55,67,70,73,79,83,98,101,104" /><INIT seed="3,2,2,2,4,124" ten="290,352,30,308" oya="3" hai0="50,115,97,11,60,105,135,64,99,47,39,34,102" hai1="65,43,95,77,109,86,20,131,118,0,123,94,58" hai2="90,19,57,51,5,15,129,74,9,132,4,69,73" hai3="1,23,67,103,62,83,96,59,53,56,81,82,12"/><W114/><G1/><T42/><D34/><U35/><E35/><V52/><F69/><W122/><G114/><T125/><D125/><U104/><E104/><V70/><F70/><W116/><G122/><T3/><D115/><U126/><E0/><V87/><F132/><W6/><G116/><T27/><D135/><U106/><E106/><V68/><F68/><W100/><G96/><T121/><D121/><U61/><E123/><V41/><F41/><W84/><G84/><T110/><D110/><U72/><E109/><V37/><F37/><W76/><G76/><T75/><D99/><U26/><E72/><V107/><F107/><W127/><G127/><T49/><D27/><U14/><E118/><V79/><F79/><W111/><G111/><T91/><D91/><U98/><E43/><V22/><F129/><W32/><G32/><T113/><D113/><U80/><E131/><V133/><F133/><W7/><G23/><T45/><D75/><U48/><E14/><V25/><F74/><W2/><G2/><T119/><D119/><U16/><E126/><V93/><F73/><W17/><G17/><T134/><D134/><U38/><E38/><V78/><F78/><W8/><G6/><T92/><D105/><U24/><E24/><V108/><F108/><W89/><G89/><T85/><D85/><U66/><E98/><V128/><F128/><W40/><G40/><N who="0" m="24743" /><D39/><U31/><E31/><V55/><F55/><W88/><G88/><T112/><D112/><U33/><E33/><V54/><F54/><W120/><G120/><T46/><D3/><U10/><E77/><RYUUKYOKU ba="2,2" sc="290,-15,352,-15,30,15,308,15" hai2="4,5,9,15,19,22,25,51,52,57,87,90,93" hai3="7,8,12,53,56,59,62,67,81,82,83,100,103" /><INIT seed="3,3,2,3,1,17" ten="275,337,45,323" oya="3" hai0="51,22,116,84,12,15,2,120,109,10,62,110,97" hai1="125,131,57,133,68,66,23,28,98,20,88,128,104" hai2="69,18,34,99,0,9,76,46,108,8,70,102,55" hai3="119,60,29,95,43,21,96,92,64,50,123,126,121"/><W53/><G119/><T61/><D116/><U44/><E68/><V118/><F118/><W5/><G5/><T3/><D120/><U132/><E44/><V91/><F108/><N who="0" m="41578" /><D51/><U30/><E125/><V106/><F76/><W134/><G126/><T54/><D84/><U7/><E7/><V27/><F91/><W87/><G43/><T82/><D82/><U124/><E124/><V52/><F0/><N who="0" m="42" /><D97/><U75/><E75/><V71/><F18/><W40/><G40/><T127/><D127/><U37/><E37/><V19/><F34/><W58/><G134/><N who="1" m="51818" /><E131/><V14/><F27/><N who="3" m="16623" /><G87/><T112/><D54/><U86/><E128/><V107/><F107/><W67/><G123/><T113/><D62/><N who="1" m="38223" /><E98/><V39/><F39/><W103/><G121/><T83/><D61/><U42/><E42/><V111/><F111/><W72/><G72/><T49/><D49/><U45/><E45/><V56/><F46/><N who="3" m="27863" /><G92/><T59/><D83/><N who="1" m="49247" /><E104/><V89/><F89/><W117/><G117/><T77/><D77/><U79/><E79/><V35/><F35/><W1/><G1/><T6/><D59/><U81/><E81/><V13/><F56/><W48/><G48/><T122/><D122/><U85/><E85/><V24/><F24/><W63/><G63/><T135/><D135/><U26/><E26/><V16/><F106/><W32/><G32/><T90/><D90/><U100/><E100/><V101/><REACH who="2" step="1"/><F70/><REACH who="2" ten="275,337,35,323" step="2"/><W4/><G4/><T38/><D38/><U25/><E25/><V130/><F130/><W33/><G33/><T80/><D80/><U93/><E93/><V74/><F74/><RYUUKYOKU ba="3,3" sc="275,0,337,0,35,0,323,0" hai0="6,10,12,15,22,112,113" hai1="20,23,28,30" hai2="8,9,13,14,16,19,52,55,69,71,99,101,102" hai3="58,60,64,67,95,96,103" /><INIT seed="3,4,3,1,5,1" ten="275,337,35,323" oya="3" hai0="8,28,74,11,48,134,130,133,61,31,129,53,32" hai1="17,115,77,5,36,109,39,116,108,103,29,46,68" hai2="85,33,132,118,67,41,2,107,110,119,69,97,4" hai3="71,84,128,76,63,58,27,91,93,26,125,7,95"/><W120/><G71/><T123/><D74/><U114/><E68/><V45/><F85/><W24/><G120/><T88/><D61/><U20/><E116/><V47/><F110/><N who="1" m="42601" /><E5/><V23/><F23/><W86/><G125/><T112/><D123/><U62/><E29/><N who="0" m="11337" /><D32/><U104/><E62/><V89/><F132/><N who="0" m="50794" /><D112/><N who="1" m="43051" /><E77/><V131/><F131/><N who="0" m="50186" /><D88/><U83/><E83/><V22/><F22/><W64/><G128/><T94/><D94/><U35/><E35/><V60/><F89/><N who="3" m="53415" /><G76/><T92/><D92/><U122/><E122/><V87/><F87/><W100/><G7/><T52/><D53/><U98/><E46/><AGARI ba="4,3" hai="8,11,46,48,52" m="50186,50794,11337" machi="46" ten="30,3900,0" yaku="20,1,19,1,54,1" doraHai="1" who="0" fromWho="1" sc="275,81,337,-51,35,0,323,0" owari="356,45.6,286,-11.4,35,-46.5,323,12.3" /></mjloggm>