<mjloggm ver="2.3"><GO type="225" lobby="0"/><UN n0="%E5%A4%96%E5%B7%9D%E7%AB%9C%E6%88%90" n1="%E3%82%B2%E3%82%B9%E8%8C%82%E5%8B%9D" n2="%E6%B0%B7%E5%B7%9D%E9%87%8C%E5%A5%88" n3="%6D%75%75%6D%75%72%61" dan="16,16,16,17" rate="2146.67,2049.26,2133.49,2251.30" sx="M,F,F,F"/><TAIKYOKU oya="0"/><INIT seed="0,0,0,5,0,42" ten="250,250,250,250" oya="0" hai0="122,63,41,21,28,31,49,23,11,32,4,56,64" hai1="18,15,118,92,125,72,127,91,19,83,13,57,116" hai2="51,89,120,79,48,115,61,103,85,14,134,6,9" hai3="94,20,67,68,54,52,99,43,133,132,80,129,60"/><T95/><D122/><U36/><E36/><V71/><F120/><W81/><G129/><T1/><D32/><U7/><E7/><V22/><F115/><W117/><G117/><T65/><D65/><U40/><E40/><V87/><F134/><N who="3" m="51819" /><G43/><T58/><D95/><U78/><E57/><V108/><F108/><W12/><G12/><T135/><D135/><U74/><E92/><V104/><F79/><W90/><G20/><T25/><D23/><U77/><REACH who="1" step="1"/><E91/><REACH who="1" ten="250,240,250,250" step="2"/><V46/><F89/><W27/><G27/><T126/><D126/><U33/><E33/><V34/><F34/><W55/><AGARI ba="0,1" hai="52,54,55,60,67,68,80,81,90,94,99" m="51819" machi="55" ten="30,2000,0" yaku="20,1,54,1" doraHai="42" who="3" fromWho="3" sc="250,-10,240,-5,250,-5,250,30" /><INIT seed="1,0,0,1,0,46" ten="240,235,245,280" oya="1" hai0="79,81,60,114,49,90,70,21,8,9,95,55,78" hai1="14,87,119,62,4,59,100,7,12,26,113,115,120" hai2="27,30,24,84,118,0,128,83,10,134,13,93,133" hai3="36,50,64,23,125,98,3,58,112,88,96,28,126"/><U53/><E119/><V20/><F118/><W19/><G36/><T6/><D114/><U41/><E120/><V86/><F0/><W129/><G112/><T76/><D21/><U61/><E41/><V31/><F128/><W85/><G129/><T67/><D81/><U2/><E100/><V122/><F122/><W130/><G28/><T77/><N who="0" m="19456" /><DORA hai="117" /><T99/><REACH who="0" step="1"/><D6/><REACH who="0" ten="230,235,245,280" step="2"/><U17/><E4/><N who="2" m="3271" /><F83/><W66/><G130/><T11/><D11/><U108/><E7/><V110/><F110/><W105/><G23/><T94/><D94/><U135/><E108/><V71/><F93/><W91/><G125/><T68/><D68/><U82/><E113/><V43/><F71/><W33/><G126/><T65/><D65/><U101/><E115/><V107/><F107/><W121/><G66/><T34/><D34/><U131/><E131/><V22/><F133/><W57/><G33/><T123/><D123/><U72/><E135/><V97/><F134/><W37/><G105/><T116/><D116/><U18/><E82/><V109/><F109/><W69/><G121/><T89/><D89/><U29/><E29/><V104/><F104/><W74/><G69/><T5/><D5/><U47/><E17/><V35/><F35/><W92/><G19/><T48/><D48/><U124/><E18/><V54/><F30/><W42/><G91/><T25/><D25/><U16/><E16/><V38/><F24/><W103/><G88/><T63/><D63/><U32/><E26/><V40/><F27/><W102/><G92/><T132/><D132/><U73/><E124/><V52/><F31/><RYUUKYOKU ba="0,1" sc="230,30,235,-10,245,-10,280,-10" hai0="8,9,49,55,60,67,70,90,95,99" /><INIT seed="2,1,1,1,0,42" ten="260,225,235,270" oya="2" hai0="31,33,100,60,15,70,98,3,119,124,14,62,112" hai1="22,106,128,94,135,23,39,8,25,6,38,29,123" hai2="55,121,114,41,85,99,127,75,111,45,2,51,64" hai3="77,26,134,95,78,21,52,129,32,117,84,122,131"/><V48/><F114/><W49/><G117/><T54/><D112/><U66/><E106/><V43/><F121/><W36/><G122/><T67/><D3/><U46/><E123/><V116/><F116/><W5/><G36/><T87/><D87/><U115/><E115/><V24/><F75/><W79/><G32/><T110/><D110/><U16/><E128/><N who="3" m="49226" /><G134/><T90/><D90/><U113/><E113/><V80/><F2/><W73/><G5/><T63/><D124/><U97/><E135/><V125/><F64/><W20/><G73/><T107/><D119/><U44/><E66/><V130/><F130/><W11/><G11/><T27/><D60/><U59/><E59/><AGARI ba="1,1" hai="14,15,27,31,33,54,59,62,63,67,70,98,100,107" machi="59" ten="40,2600,0" yaku="25,2" doraHai="42" who="0" fromWho="1" sc="260,39,225,-29,235,0,270,0" /><INIT seed="3,0,0,2,5,95" ten="299,196,235,270" oya="3" hai0="29,39,33,0,101,98,47,5,45,55,51,87,61" hai1="121,88,123,135,83,122,104,35,100,111,49,81,90" hai2="59,57,52,96,18,69,106,58,48,70,72,43,103" hai3="109,71,117,1,128,30,40,36,31,11,13,105,73"/><W34/><RYUUKYOKU type="yao9" ba="0,0" sc="299,0,196,0,235,0,270,0" hai3="1,11,13,30,31,34,36,40,71,73,105,109,117,128" /><INIT seed="3,1,0,4,1,51" ten="299,196,235,270" oya="3" hai0="16,4,104,79,62,52,32,118,71,82,55,93,78" hai1="56,90,58,14,115,127,45,38,1,97,43,54,120" hai2="40,30,37,36,2,22,92,114,107,20,21,89,60" hai3="108,116,130,119,17,68,94,65,33,25,134,135,100"/><W80/><G130/><T23/><D104/><U49/><E115/><V70/><F114/><W34/><G68/><T91/><D32/><N who="3" m="12393" /><G65/><T124/><D124/><U31/><E127/><V111/><F2/><W121/><G80/><T41/><D118/><N who="3" m="45097" /><G94/><T29/><D29/><U44/><E120/><V69/><F107/><W113/><G100/><T59/><D71/><U131/><E1/><V84/><F30/><W109/><G113/><T42/><D4/><U47/><E131/><V103/><F103/><W87/><G87/><N who="0" m="48599" /><D55/><U126/><E126/><V5/><F5/><W95/><G95/><T112/><D79/><U0/><E0/><V129/><F129/><W64/><G64/><T128/><D128/><U67/><E31/><V77/><F77/><W98/><G98/><N who="0" m="57663" /><D112/><U123/><E123/><V125/><F125/><W86/><G86/><T106/><D106/><U48/><E14/><AGARI ba="1,0" hai="14,16,23,41,42,52,59,62" m="57663,48599" machi="14" ten="30,7700,0" yaku="8,1,52,1,54,2" doraHai="51" who="0" fromWho="1" sc="299,80,196,-80,235,0,270,0" owari="379,47.9,116,-38.4,235,-16.5,270,7.0" /></mjloggm>