<mjloggm ver="2.3"><GO type="225" lobby="0"/><UN n0="%E6%98%93%E5%88%A9%E8%96%A9%E4%BC%AF" n1="%E3%82%B3%E3%83%90%E3%83%AC%E3%82%A4" n2="%E3%82%A2%E3%83%A1%E3%82%A2%E3%83%A9%E3%83%AC" n3="%6D%75%75%73%61%6E%6D%75" dan="16,16,16,16" rate="2074.39,2118.85,2166.61,2152.84" sx="F,M,M,F"/><TAIKYOKU oya="0"/><INIT seed="0,0,0,2,2,124" ten="250,250,250,250" oya="0" hai0="102,92,118,93,37,56,31,29,86,42,105,122,101" hai1="81,84,75,27,18,11,51,108,109,33,99,73,1" hai2="10,106,103,76,83,19,3,72,119,47,32,128,45" hai3="121,67,111,34,22,54,38,39,94,131,5,127,17"/><T40/><D118/><U125/><E125/><V71/><F119/><W134/><G127/><T4/><D105/><U53/><E99/><V97/><F71/><W26/><G67/><T60/><D122/><U88/><E33/><V114/><F32/><W77/><G121/><T61/><D37/><U21/><E1/><V30/><F30/><W57/><G111/><N who="1" m="42570" /><E11/><V96/><F96/><W95/><G134/><T2/><D2/><U7/><E7/><V28/><F28/><W89/><G34/><T117/><D117/><U24/><E24/><V100/><F100/><W13/><G77/><T79/><D86/><U107/><E107/><V14/><F114/><W112/><G112/><T12/><D56/><AGARI ba="0,0" hai="18,21,27,51,53,56,73,75,81,84,88" m="42570" machi="56" ten="30,2000,0" yaku="14,1,54,1" doraHai="124" who="1" fromWho="0" sc="250,-20,250,20,250,0,250,0" /><INIT seed="1,0,0,0,0,20" ten="230,270,250,250" oya="1" hai0="115,77,2,96,116,40,6,71,17,127,16,114,21" hai1="33,129,92,28,78,0,133,42,130,57,50,87,41" hai2="108,75,104,22,69,5,58,54,98,72,18,37,45" hai3="88,99,36,26,124,82,106,89,128,105,9,107,81"/><U70/><E0/><V101/><F108/><W25/><G36/><T14/><D116/><U95/><E70/><V103/><F69/><W63/><G124/><T7/><D127/><U79/><E57/><V117/><F117/><W125/><G125/><T55/><D71/><U134/><E50/><V59/><F5/><W126/><G126/><T122/><D122/><U132/><E28/><V3/><F3/><W83/><G128/><N who="1" m="49258" /><E33/><V51/><F101/><W38/><G38/><T47/><D55/><U30/><E30/><V24/><REACH who="2" step="1"/><F59/><REACH who="2" ten="230,270,240,250" step="2"/><W74/><G105/><T86/><D2/><U80/><E42/><AGARI ba="0,1" hai="18,22,24,37,42,45,51,54,58,72,75,98,103,104" machi="42" ten="40,8000,1" yaku="1,1,2,1,52,1,53,1" doraHai="20" doraHaiUra="94" who="2" fromWho="1" sc="230,0,270,-80,240,90,250,0" /><INIT seed="2,0,0,0,3,55" ten="230,190,330,250" oya="2" hai0="122,43,13,72,38,109,37,69,126,9,34,42,23" hai1="56,100,59,135,2,107,103,47,104,1,114,22,99" hai2="127,52,12,97,54,49,35,48,27,50,33,98,94" hai3="8,58,61,82,4,40,20,7,14,125,117,51,102"/><V63/><F127/><W121/><G117/><T31/><D122/><U6/><E114/><V19/><F98/><W124/><G121/><T41/><D69/><U112/><E112/><V89/><F27/><W30/><G102/><T106/><D34/><U44/><E135/><V95/><F95/><W105/><G105/><T53/><D72/><U66/><E22/><V73/><F73/><W62/><G82/><T28/><D109/><U71/><E66/><V119/><F119/><W39/><G39/><T120/><D120/><U78/><E99/><V80/><F80/><W17/><G7/><T133/><D106/><U11/><E11/><V60/><F35/><W92/><G92/><T90/><D133/><U5/><REACH who="1" step="1"/><E78/><REACH who="1" ten="230,180,330,250" step="2"/><V10/><F33/><W21/><G124/><T101/><D126/><U26/><E26/><V45/><F97/><W68/><G125/><T77/><D77/><U110/><E110/><V86/><F10/><W118/><G118/><T64/><D64/><U16/><E16/><V129/><F19/><W32/><G32/><T83/><D23/><U116/><E116/><V3/><F129/><W84/><G30/><T81/><D31/><U15/><E15/><V85/><F12/><W123/><G123/><T70/><D28/><U87/><E87/><V132/><F85/><W115/><G84/><T75/><D13/><U24/><E24/><V91/><F86/><W131/><G115/><T130/><D9/><U57/><E57/><V134/><F134/><W96/><G21/><T36/><D130/><U67/><E67/><V79/><F132/><W29/><G131/><RYUUKYOKU ba="0,1" sc="230,-10,180,30,330,-10,250,-10" hai1="1,2,5,6,44,47,56,59,71,100,103,104,107" /><INIT seed="3,1,1,2,3,67" ten="220,210,320,240" oya="3" hai0="48,26,31,74,115,127,65,97,110,1,131,60,122" hai1="123,47,55,104,118,105,76,100,64,86,42,39,11" hai2="34,41,103,78,81,53,66,124,77,108,62,14,89" hai3="90,3,92,133,56,59,50,10,19,98,83,17,13"/><W25/><G133/><T134/><D122/><U5/><E123/><V95/><F34/><W101/><G3/><T7/><D74/><U23/><E118/><V73/><F108/><W99/><G50/><T112/><D110/><U9/><E9/><V80/><F124/><W24/><G83/><T58/><D134/><U36/><E36/><V91/><F41/><W114/><G114/><N who="0" m="43563" /><D127/><U88/><E76/><V119/><F53/><W75/><G75/><T93/><D131/><U109/><E109/><V106/><F14/><W96/><G25/><T128/><D128/><U27/><E64/><V51/><F51/><W130/><G130/><T129/><D129/><U32/><E55/><V126/><F106/><W87/><G101/><N who="0" m="60591" /><D48/><U135/><E100/><V94/><F103/><W35/><G35/><N who="0" m="20983" /><D7/><U69/><E32/><V46/><F73/><W37/><G37/><T57/><D1/><U15/><E135/><V6/><F6/><W30/><G30/><T120/><D120/><U111/><E111/><V84/><F126/><W61/><G61/><T121/><D121/><U102/><E102/><V79/><F62/><W68/><G68/><AGARI ba="1,1" hai="57,58,60,65,68" m="20983,60591,43563" machi="68" ten="30,2000,0" yaku="11,1,52,1" doraHai="67" who="0" fromWho="3" sc="220,33,210,0,320,0,240,-23" owari="253,5.3,210,-29.0,320,42.0,217,-18.3" /></mjloggm>