<mjloggm ver="2.3"><GO type="225" lobby="0"/><UN n0="%E7%B5%82%E6%9C%AB%E3%81%AE%E6%95%91%E3%81%84" n1="%E7%A6%8F%E5%8E%9F%E9%81%A5%E3%81%A8%E7%B5%90%E5%A9%9A%E3%81%99%E3%82%8B" n2="%E3%83%97%E3%83%AC%E3%83%B4%E3%82%A1%E3%83%86%E3%82%A3" n3="%E3%81%B5%E3%81%98%E3%81%8B%E3%81%A4" dan="16,17,16,16" rate="2101.85,2112.79,2078.88,2109.53" sx="F,M,F,M"/><TAIKYOKU oya="0"/><INIT seed="0,0,0,5,2,48" ten="250,250,250,250" oya="0" hai0="47,13,61,84,45,123,129,19,115,122,119,113,38" hai1="73,11,108,116,106,132,125,93,105,25,95,68,102" hai2="81,111,126,134,101,114,42,44,112,18,37,41,26" hai3="88,14,92,91,46,3,20,60,104,64,66,5,110"/><T50/><D84/><U118/><E68/><V78/><F111/><W124/><G104/><N who="1" m="40042" /><E11/><V9/><F126/><W49/><G3/><T43/><D13/><U0/><E25/><V17/><F134/><W55/><G124/><T24/><D19/><U58/><E58/><V67/><F101/><W21/><G110/><T127/><D24/><U31/><E31/><V97/><F97/><W32/><G32/><T75/><D75/><U82/><E0/><V12/><F67/><W71/><G66/><T36/><D127/><U34/><E34/><V40/><F112/><N who="0" m="43082" /><D119/><N who="1" m="45611" /><E125/><V51/><F114/><W90/><REACH who="3" step="1"/><G92/><REACH who="3" ten="250,250,250,240" step="2"/><T33/><D33/><U133/><E108/><V69/><F69/><W128/><G128/><T35/><D35/><U76/><E102/><V65/><F65/><W59/><G59/><T135/><D129/><U121/><E121/><N who="0" m="46089" /><D135/><AGARI ba="0,1" hai="73,76,82,93,95,132,133,135" m="45611,40042" machi="135" ten="40,5200,0" yaku="20,1,34,2" doraHai="48" who="1" fromWho="0" sc="250,-52,250,62,250,0,240,0" /><INIT seed="1,0,0,1,4,34" ten="198,312,250,240" oya="1" hai0="81,67,80,115,18,120,86,4,72,7,32,95,50" hai1="113,8,19,74,134,97,2,25,22,55,42,63,45" hai2="83,35,108,93,57,126,106,88,37,90,124,28,102" hai3="10,85,31,51,58,123,104,24,0,49,129,103,33"/><U36/><E113/><V94/><F37/><W3/><G123/><T52/><D115/><U92/><E74/><V132/><F57/><W41/><G10/><T105/><D105/><U60/><E134/><V15/><F15/><W96/><G129/><T101/><D32/><U125/><E125/><N who="2" m="48235" /><F28/><W65/><G85/><T59/><D120/><U76/><E76/><V82/><F35/><W66/><G51/><T68/><D72/><U27/><E27/><V5/><F5/><W127/><G127/><T109/><D109/><U87/><E87/><N who="2" m="52447" /><F108/><W131/><G131/><T43/><D68/><U54/><E60/><V91/><F132/><W112/><G112/><T56/><D4/><U118/><E118/><V70/><F70/><W47/><REACH who="3" step="1"/><G58/><REACH who="3" ten="198,312,250,230" step="2"/><T130/><D56/><U89/><E63/><V73/><F73/><W6/><G6/><T99/><D7/><U38/><E38/><V84/><F91/><W40/><G40/><T64/><D43/><U13/><REACH who="1" step="1"/><E2/><AGARI ba="0,1" hai="0,2,3,24,31,33,41,47,49,65,66,96,103,104" machi="2" ten="40,8000,1" yaku="1,1,52,3,53,1" doraHai="34" doraHaiUra="20" who="3" fromWho="1" sc="198,0,312,-80,250,0,230,90" /><INIT seed="2,0,0,1,5,101" ten="198,232,250,320" oya="2" hai0="65,43,34,118,21,29,37,73,104,8,82,18,45" hai1="92,70,23,55,75,14,86,13,28,119,105,124,53" hai2="33,42,74,40,91,132,122,87,79,100,38,26,35" hai3="128,68,88,111,102,6,54,9,117,134,95,81,50"/><V66/><F122/><W110/><G117/><T127/><D127/><U112/><E119/><V94/><F132/><W16/><G68/><T76/><D118/><U27/><E112/><V133/><F133/><W10/><G134/><T98/><D65/><U19/><E75/><V3/><F3/><W5/><G81/><T22/><D34/><U125/><E70/><V97/><F66/><W17/><G102/><T83/><D29/><U48/><E105/><N who="2" m="63631" /><F26/><W61/><G61/><T46/><D83/><U25/><E25/><V64/><F64/><W39/><G39/><T62/><D62/><U99/><E86/><V2/><F2/><W60/><G60/><T126/><D126/><N who="1" m="48747" /><E48/><V52/><F38/><W36/><G36/><T121/><D121/><U103/><E14/><V1/><F1/><W12/><G128/><T93/><D104/><U69/><E69/><V11/><F11/><AGARI ba="0,0" hai="11,13,19,23,27,28,53,55,92,99,103" m="48747" machi="11" ten="30,1000,0" yaku="18,1" doraHai="101" who="1" fromWho="2" sc="198,0,232,10,250,-10,320,0" /><INIT seed="3,0,0,5,4,119" ten="198,242,240,320" oya="3" hai0="132,8,15,133,96,113,45,74,128,23,131,83,5" hai1="70,123,117,69,118,27,64,44,88,82,95,109,86" hai2="18,13,11,135,121,129,125,110,66,79,99,14,91" hai3="34,94,87,75,67,104,72,81,17,71,43,39,111"/><W84/><G34/><T122/><D45/><U112/><E112/><V33/><F33/><W30/><G30/><T103/><D113/><U4/><E109/><V42/><F110/><W1/><G1/><T57/><D57/><U68/><E4/><V134/><F42/><W6/><G104/><T127/><D74/><U32/><E44/><V7/><F79/><W126/><G17/><T114/><D83/><U102/><E64/><V105/><F66/><W101/><G6/><T97/><D114/><U65/><E65/><V19/><F125/><W89/><G111/><T55/><D55/><U31/><E123/><V40/><F40/><W9/><G9/><T62/><D62/><U116/><REACH who="1" step="1"/><E102/><REACH who="1" ten="198,232,240,320" step="2"/><V3/><F121/><W52/><G101/><T78/><D122/><U130/><E130/><V107/><F129/><W0/><G67/><T92/><D128/><U60/><E60/><V24/><F7/><W120/><G120/><T36/><D131/><U93/><AGARI ba="0,1" hai="27,31,32,68,69,70,82,86,88,93,95,116,117,118" machi="93" ten="40,8000,1" yaku="1,1,0,1,12,1,54,1,53,0" doraHai="119" doraHaiUra="38" who="1" fromWho="1" sc="198,-20,232,90,240,-20,320,-40" owari="178,-32.2,322,42.2,220,-18.0,280,8.0" /></mjloggm>