<mjloggm ver="2.3"><GO type="225" lobby="0"/><UN n0="%E5%B8%9D%E4%BA%AC%E5%B9%B3%E6%88%90%E5%A4%A7%E5%AD%A6" n1="%E5%8F%AF%E5%85%90%E9%82%A3%E7%94%B1%E5%A4%9A" n2="%E3%81%AF%E3%82%88%E3%81%8A%E3%81%98%E3%81%95%E3%82%93" n3="%72%69%6F%75%63%68%61%6E" dan="16,17,17,17" rate="2181.45,2234.03,2203.99,2164.25" sx="M,F,M,M"/><TAIKYOKU oya="0"/><INIT seed="0,0,0,2,0,50" ten="250,250,250,250" oya="0" hai0="132,84,52,37,58,81,113,98,18,121,62,2,21" hai1="64,44,3,125,83,15,28,70,30,51,112,49,87" hai2="4,95,68,101,117,65,116,133,82,118,17,10,20" hai3="92,34,79,124,123,88,33,59,120,39,114,8,61"/><T24/><D113/><U19/><E3/><V27/><F133/><W56/><G124/><T134/><D121/><N who="3" m="46665" /><G114/><T102/><D37/><U110/><E112/><V63/><F82/><W119/><G119/><T66/><D2/><U53/><E110/><V40/><F40/><W36/><G79/><T96/><D66/><U38/><E38/><N who="3" m="14378" /><G8/><T94/><REACH who="0" step="1"/><D98/><REACH who="0" ten="240,250,250,250" step="2"/><U67/><E125/><V9/><F4/><W78/><G78/><AGARI ba="0,1" hai="18,21,24,52,58,62,78,81,84,94,96,102,132,134" machi="78" ten="40,12000,1" yaku="1,1,2,1,52,1,54,1,53,0" doraHai="50" doraHaiUra="105" who="0" fromWho="3" sc="240,130,250,0,250,0,250,-120" /><INIT seed="0,1,0,3,3,82" ten="370,250,250,130" oya="0" hai0="56,34,93,110,119,97,62,132,63,54,57,114,128" hai1="59,11,7,21,85,115,96,135,52,39,44,105,126" hai2="78,129,76,91,53,120,6,55,98,118,18,79,65" hai3="13,12,107,84,133,64,33,125,28,124,74,8,1"/><T88/><D114/><U42/><E115/><V50/><F120/><W68/><G74/><T40/><D119/><U26/><E135/><V14/><F118/><W48/><G133/><T121/><D132/><U30/><E126/><N who="3" m="48746" /><G107/><T5/><D121/><U87/><E96/><V71/><F129/><W35/><G64/><T77/><D128/><U27/><E27/><V109/><F109/><W75/><G68/><T9/><D34/><N who="3" m="12809" /><G75/><T20/><D110/><U116/><E105/><V86/><F6/><N who="3" m="1103" /><G48/><T43/><D77/><U25/><E25/><V45/><F71/><W36/><G36/><T17/><D62/><U89/><E89/><V113/><F113/><W73/><G73/><T23/><D57/><U46/><E116/><V106/><F65/><W47/><G47/><T66/><D66/><U49/><REACH who="1" step="1"/><E44/><REACH who="1" ten="370,240,250,130" step="2"/><V101/><F98/><W90/><G28/><T32/><D88/><U117/><E117/><V15/><F106/><W29/><G29/><T22/><D97/><U112/><E112/><V58/><F101/><W102/><G102/><T111/><D111/><U16/><E16/><V51/><REACH who="2" step="1"/><F18/><REACH who="2" ten="370,240,240,130" step="2"/><W123/><G123/><T127/><D17/><U130/><E130/><V69/><F69/><W80/><AGARI ba="1,2" hai="12,13,80,84,90" m="1103,12809,48746" machi="80" ten="30,2000,0" yaku="18,1,52,1" doraHai="82" who="3" fromWho="3" sc="370,-11,240,-6,240,-6,130,43" /><INIT seed="1,0,0,1,0,131" ten="359,234,234,173" oya="1" hai0="134,75,132,3,54,40,126,111,35,118,123,106,71" hai1="0,82,74,18,39,88,36,66,77,48,10,107,1" hai2="9,63,60,109,64,34,110,128,29,124,2,125,116" hai3="17,45,95,6,90,46,94,108,49,79,51,67,42"/><U73/><E107/><V76/><F116/><W43/><G108/><N who="2" m="41577" /><F128/><W25/><G79/><T55/><D40/><U81/><E66/><V70/><F76/><W115/><G115/><T44/><D44/><U93/><E48/><V84/><F84/><W78/><G6/><T91/><D91/><U97/><E74/><V24/><F60/><W89/><G78/><T21/><D21/><U15/><REACH who="1" step="1"/><E82/><REACH who="1" ten="359,224,234,173" step="2"/><V33/><F64/><W102/><G67/><T99/><D106/><U133/><E133/><V20/><F63/><W37/><G37/><AGARI ba="0,1" hai="0,1,10,15,18,36,37,39,73,77,81,88,93,97" machi="37" ten="40,7700,0" yaku="1,1,54,1,53,1" doraHai="131" doraHaiUra="13" who="1" fromWho="3" sc="359,0,224,87,234,0,173,-77" /><INIT seed="1,1,0,0,0,102" ten="359,311,234,96" oya="1" hai0="37,52,123,9,83,10,35,57,7,12,66,94,40" hai1="80,121,17,82,81,99,63,33,86,8,46,22,71" hai2="68,118,3,16,126,36,61,133,44,98,74,64,38" hai3="105,88,43,2,93,131,47,111,11,132,21,85,54"/><U49/><E121/><V41/><F118/><W65/><G111/><T18/><D35/><U116/><E116/><V92/><F126/><W89/><G131/><T48/><D123/><U134/><E33/><V34/><F133/><W84/><G132/><T106/><D106/><U29/><E134/><V19/><F34/><W95/><G65/><T70/><D94/><U130/><E130/><V59/><F3/><W0/><G105/><T124/><D124/><U72/><E72/><V112/><F74/><W26/><G54/><T113/><D113/><U91/><E29/><V20/><F112/><W15/><G15/><T13/><D83/><U24/><E8/><V62/><F38/><W14/><G14/><T51/><D37/><U32/><E32/><V79/><F79/><W104/><G104/><T90/><D90/><U109/><E109/><V30/><F61/><W97/><G11/><T4/><D66/><U45/><E45/><V1/><F68/><W122/><G97/><T28/><D28/><U5/><E5/><V100/><F1/><W135/><G122/><T27/><D70/><U42/><E99/><V119/><F119/><W129/><G129/><T73/><D73/><U108/><E108/><V114/><F114/><W103/><G103/><T110/><D110/><U78/><E78/><V115/><F115/><W58/><G58/><T60/><D40/><U6/><E6/><V96/><F98/><W107/><G107/><T120/><D120/><U55/><E71/><V25/><AGARI ba="1,0" hai="16,19,20,25,30,36,41,44,59,62,64,92,96,100" machi="25" ten="30,7900,0" yaku="0,1,25,2,54,1" doraHai="102" who="2" fromWho="2" sc="359,-21,311,-40,234,82,96,-21" /><INIT seed="2,0,0,4,3,48" ten="338,271,316,75" oya="2" hai0="11,47,105,34,87,12,69,120,2,58,118,33,51" hai1="16,3,35,130,102,5,9,31,91,36,81,126,79" hai2="55,107,23,53,129,29,39,19,60,112,127,103,100" hai3="114,7,26,1,124,82,43,15,41,123,115,37,57"/><V71/><F112/><W73/><G123/><T49/><D69/><U10/><E126/><V17/><F39/><W95/><G124/><T74/><D74/><U88/><E130/><V119/><F119/><W52/><G15/><T66/><D105/><U68/><E68/><V101/><F127/><W46/><G41/><T84/><D2/><U90/><E36/><V89/><F107/><W63/><G26/><T42/><D120/><U18/><E102/><V135/><F129/><W80/><G95/><T131/><D131/><U44/><E10/><V32/><F32/><W21/><G21/><T22/><D22/><U24/><REACH who="1" step="1"/><E44/><REACH who="1" ten="338,261,316,75" step="2"/><V97/><F71/><W28/><G28/><T0/><D11/><U108/><E108/><V65/><F29/><W75/><G1/><T117/><D47/><U14/><E14/><V122/><F122/><W38/><G37/><T45/><D45/><U93/><E93/><N who="2" m="56495" /><F135/><W99/><G7/><T62/><D12/><U125/><E125/><V64/><F17/><W86/><G99/><T40/><D0/><U83/><E83/><N who="3" m="31786" /><G86/><AGARI ba="0,1" hai="3,5,9,16,18,24,31,35,79,81,86,88,90,91" machi="86" ten="40,5200,0" yaku="1,1,54,2,53,0" doraHai="48" doraHaiUra="104" who="1" fromWho="3" sc="338,0,261,62,316,0,75,-52" /><INIT seed="3,0,0,3,1,5" ten="338,323,316,23" oya="3" hai0="11,76,133,35,91,125,80,47,86,6,23,124,130" hai1="46,134,1,102,78,16,88,114,68,112,131,51,64" hai2="95,100,66,22,45,4,59,62,123,94,111,55,77" hai3="103,26,109,127,113,84,93,85,39,12,3,33,42"/><W38/><G113/><T69/><D35/><U9/><E102/><V8/><F111/><W119/><G119/><T49/><D130/><U79/><E131/><V57/><F123/><W31/><G3/><T54/><D133/><U75/><E134/><V60/><F77/><N who="1" m="29193" /><E75/><V7/><F7/><W116/><G116/><T10/><D69/><U132/><E132/><V50/><F22/><W61/><G109/><T53/><D23/><U108/><E108/><V83/><F83/><W28/><G127/><N who="0" m="48715" /><D54/><N who="1" m="30071" /><E1/><V126/><F100/><W58/><G31/><T89/><D11/><U71/><E64/><V15/><F126/><W120/><G120/><T14/><AGARI ba="0,0" hai="6,10,14,47,49,53,76,80,86,89,91" m="48715" machi="14" ten="30,2000,0" yaku="18,1,52,1" doraHai="5" who="0" fromWho="0" sc="338,20,323,-5,316,-5,23,-10" owari="358,45.8,318,11.8,311,-8.9,13,-48.7" /></mjloggm>