<mjloggm ver="2.3"><GO type="225" lobby="0"/><UN n0="%77%72%77%72%77%72%77%72" n1="%E3%82%A2%E3%83%BC%E3%83%A2%E3%83%AD%E3%83%BC%E3%83%B4%E3%82%A1" n2="%E5%86%B7%E5%87%8D%E3%82%AE%E3%83%A7%E3%83%BC%E3%82%B6" n3="%E5%8D%A0%E3%81%84%E5%B8%AB%E8%A3%8F%E3%81%AA%E3%81%84%E3%81%97" dan="16,16,17,16" rate="2195.91,2179.10,2195.94,2175.48" sx="M,M,M,M"/><TAIKYOKU oya="0"/><INIT seed="0,0,0,5,2,125" ten="250,250,250,250" oya="0" hai0="13,22,35,19,26,102,65,17,20,46,114,79,60" hai1="47,63,108,28,45,3,88,113,42,71,1,56,119" hai2="0,91,69,111,77,87,76,109,23,16,106,62,126" hai3="9,11,59,8,84,131,80,101,5,4,132,112,123"/><T41/><D114/><U96/><E119/><V135/><F0/><W100/><G112/><T120/><D120/><U122/><E113/><V32/><F32/><W18/><G123/><T127/><D127/><U75/><E122/><V51/><F106/><W92/><G132/><T117/><D117/><U10/><E71/><V43/><F135/><W31/><G31/><T86/><D35/><U53/><E75/><V130/><F126/><W97/><G101/><T124/><D124/><U90/><E108/><N who="2" m="41547" /><F130/><W99/><G99/><T107/><D107/><U57/><E28/><V89/><F89/><N who="1" m="34409" /><E1/><V78/><F62/><W103/><G103/><T14/><D102/><U54/><E3/><V93/><F69/><W48/><G18/><T64/><D26/><U27/><E96/><V49/><F43/><W52/><REACH who="3" step="1"/><G131/><REACH who="3" ten="250,250,250,240" step="2"/><T82/><REACH who="0" step="1"/><D60/><REACH who="0" ten="240,250,250,240" step="2"/><N who="1" m="35855" /><E27/><AGARI ba="0,2" hai="16,23,27,49,51,76,77,78,87,91,93" m="41547" machi="27" ten="30,2000,0" yaku="14,1,54,1" doraHai="125" who="2" fromWho="1" sc="240,0,250,-20,250,40,240,0" /><INIT seed="1,0,0,1,1,111" ten="240,230,290,240" oya="1" hai0="83,46,52,75,44,72,4,25,58,14,97,73,131" hai1="118,28,40,93,60,85,50,123,32,54,34,27,90" hai2="8,13,24,49,9,96,39,65,53,129,3,78,130" hai3="107,16,88,5,62,119,135,101,120,10,70,36,86"/><U126/><E118/><V1/><F39/><W115/><G120/><T124/><D131/><N who="2" m="50186" /><F78/><W17/><G36/><T77/><D124/><U84/><E123/><V113/><F113/><W56/><G70/><T61/><D25/><U81/><E126/><V91/><F65/><W103/><G115/><T95/><D14/><U67/><E40/><V69/><F69/><W64/><G135/><T74/><REACH who="0" step="1"/><D4/><REACH who="0" ten="230,230,290,240" step="2"/><U35/><E27/><V0/><F24/><W19/><G119/><T7/><D7/><U30/><E30/><V109/><F13/><N who="3" m="5327" /><G107/><T15/><D15/><U87/><E28/><V132/><F132/><W79/><G79/><T23/><D23/><U80/><E32/><V20/><F20/><W108/><G108/><T55/><D55/><U2/><E34/><V12/><F12/><W128/><G128/><T18/><D18/><U76/><E35/><V122/><F122/><W43/><G43/><T125/><D125/><U89/><E2/><V100/><F109/><W26/><G26/><T127/><D127/><U82/><E76/><V133/><F133/><W41/><G41/><T45/><D45/><N who="1" m="27983" /><E89/><AGARI ba="0,1" hai="44,46,52,58,61,72,73,74,75,77,83,89,95,97" machi="89" ten="40,2600,0" yaku="1,1,54,1,53,0" doraHai="111" doraHaiUra="116" who="0" fromWho="1" sc="230,36,230,-26,290,0,240,0" /><INIT seed="2,0,0,0,2,44" ten="266,204,290,240" oya="2" hai0="27,109,121,21,134,20,11,52,132,66,116,47,112" hai1="102,94,79,124,5,82,89,59,68,67,127,28,103" hai2="15,65,57,63,98,17,85,106,32,0,130,35,123" hai3="54,60,91,128,43,120,45,23,83,81,25,133,115"/><V69/><F123/><W84/><G120/><T31/><D112/><U72/><E68/><V7/><F130/><W64/><G128/><T62/><D121/><U114/><E5/><V30/><F30/><W12/><G133/><N who="0" m="51307" /><D109/><U97/><E28/><V99/><F0/><W129/><G129/><T96/><D116/><U26/><E26/><V41/><F7/><W19/><G115/><T18/><D11/><U122/><E114/><V3/><F3/><W13/><G54/><T55/><D96/><U135/><E135/><V22/><F41/><W74/><G83/><T71/><D47/><U56/><E122/><V105/><F69/><W6/><G74/><T49/><D49/><U86/><E103/><V125/><F125/><W117/><G117/><T53/><D55/><U111/><E111/><V40/><F98/><W24/><G12/><AGARI ba="0,0" hai="12,18,20,21,27,31,52,53,62,66,71" m="51307" machi="12" ten="30,2000,0" yaku="20,1,54,1" doraHai="44" who="0" fromWho="3" sc="266,20,204,0,290,0,240,-20" /><INIT seed="3,0,0,5,5,85" ten="286,204,290,220" oya="3" hai0="19,21,128,122,130,98,82,8,51,11,89,32,102" hai1="62,103,77,10,96,134,76,55,79,119,64,40,3" hai2="131,129,58,88,100,74,118,47,110,44,57,36,59" hai3="42,52,9,104,123,56,108,39,97,84,127,65,5"/><W90/><G123/><T91/><D32/><U2/><E134/><V72/><F118/><W34/><G34/><T29/><D29/><U101/><E119/><V50/><F110/><W83/><G108/><T12/><D122/><U13/><E40/><N who="2" m="22535" /><F100/><W73/><G127/><T61/><D61/><U54/><E2/><V135/><F88/><N who="0" m="33866" /><D82/><U92/><E103/><V94/><F94/><W111/><G111/><T63/><D63/><U7/><REACH who="1" step="1"/><E3/><REACH who="1" ten="286,194,290,220" step="2"/><V4/><F135/><W1/><G42/><T23/><D130/><N who="2" m="49674" /><F4/><W24/><G5/><T30/><D128/><U109/><E109/><V14/><F14/><W41/><G1/><T75/><D12/><U81/><E81/><V106/><F106/><W45/><G104/><T87/><D102/><U112/><E112/><V33/><F33/><W113/><G113/><T37/><D37/><U35/><E35/><V70/><F70/><AGARI ba="0,1" hai="7,10,13,54,55,62,64,70,76,77,79,92,96,101" machi="70" ten="40,1300,0" yaku="1,1,53,0" doraHai="85" doraHaiUra="69" who="1" fromWho="2" sc="286,0,194,23,290,-13,220,0" /><INIT seed="4,0,0,5,3,127" ten="286,217,277,220" oya="0" hai0="59,98,106,113,45,122,66,21,62,43,20,134,51" hai1="72,114,5,15,135,133,97,123,49,92,96,12,36" hai2="30,108,132,77,95,82,56,118,29,31,53,22,26" hai3="33,99,23,50,13,111,102,126,116,74,65,83,6"/><T25/><D122/><U90/><E123/><V37/><F108/><W105/><G111/><T19/><D113/><U68/><E36/><V61/><F132/><N who="1" m="50761" /><E114/><V120/><F120/><W64/><G33/><T46/><D134/><U34/><E72/><V110/><F110/><W63/><G126/><T89/><D106/><U78/><E78/><V38/><F118/><W48/><G116/><T41/><D21/><U115/><E115/><V3/><F3/><W24/><G65/><T109/><D109/><U11/><E68/><V103/><F37/><W93/><G105/><T121/><D121/><U40/><E34/><V47/><F38/><W129/><G129/><T14/><D25/><U75/><E75/><V4/><F4/><W55/><G83/><T54/><D45/><N who="1" m="25767" /><E97/><N who="2" m="59839" /><F47/><W85/><G74/><T28/><D28/><U58/><E58/><V131/><F131/><W94/><G24/><T27/><D27/><U117/><E117/><V32/><F32/><W91/><G6/><T79/><D79/><U18/><E18/><V67/><F31/><W70/><G23/><T80/><D98/><U10/><E10/><V88/><F77/><W76/><G76/><T69/><D69/><U42/><E42/><V9/><F29/><W107/><G107/><T130/><D130/><U44/><E44/><V84/><F9/><W7/><G55/><AGARI ba="0,0" hai="22,26,30,53,55,56,61,67,82,84,88" m="59839" machi="55" ten="30,3900,0" yaku="25,1,8,1,54,1" doraHai="127" who="2" fromWho="3" sc="286,0,217,0,277,39,220,-39" owari="286,8.6,217,-18.3,316,41.6,181,-31.9" /></mjloggm>