<mjloggm ver="2.3"><GO type="225" lobby="0"/><UN n0="%E8%BE%9B%E5%8F%A3%E3%82%AB%E3%83%AC%E3%83%BC%E3%83%A9%E3%82%A4%E3%82%B9" n1="%E3%81%8A%E3%81%99%E3%81%A8%E3%82%8D%E3%82%93" n2="%E3%83%AD%E3%83%83%E3%83%86%E9%9B%80%E7%90%83" n3="%E7%B4%94%E6%BD%94%E3%83%94%E3%83%A9%E3%83%8B%E3%82%A2" dan="16,16,17,17" rate="2193.41,2077.19,2251.84,2256.98" sx="M,M,M,M"/><TAIKYOKU oya="0"/><INIT seed="0,0,0,3,2,107" ten="250,250,250,250" oya="0" hai0="57,10,99,114,77,38,63,72,134,6,11,43,13" hai1="106,126,40,128,0,54,105,39,100,127,85,23,101" hai2="73,116,75,66,47,67,125,121,34,113,58,102,56" hai3="4,22,78,120,115,64,24,93,3,44,45,111,80"/><T26/><D114/><U104/><E128/><V122/><F47/><W9/><G115/><T117/><D117/><U91/><E0/><V71/><F113/><W133/><G111/><T83/><D134/><U48/><E40/><V79/><F79/><W86/><G133/><T74/><D26/><U29/><E39/><V88/><F102/><W96/><G64/><N who="2" m="24617" /><F88/><W32/><G32/><T53/><D99/><U12/><E12/><V31/><F31/><W55/><G55/><T118/><D118/><U5/><E5/><V35/><F116/><W2/><G2/><T92/><D92/><N who="1" m="54383" /><E23/><V95/><F95/><W60/><G60/><T94/><D94/><U130/><E29/><V90/><F90/><W49/><G120/><N who="2" m="46185" /><F71/><W1/><G1/><T46/><REACH who="0" step="1"/><D11/><REACH who="0" ten="240,250,250,250" step="2"/><U82/><E82/><V15/><F125/><N who="1" m="47625" /><E130/><V21/><F21/><W19/><G93/><T110/><D110/><U14/><E14/><V41/><F15/><W8/><G96/><T30/><D30/><U36/><E36/><V109/><F109/><W123/><G123/><T65/><D65/><U62/><E62/><V124/><F124/><W135/><G135/><T98/><D98/><U69/><E69/><V68/><F68/><W76/><G9/><T97/><D97/><U51/><E51/><V108/><F108/><W37/><G49/><T33/><D33/><U112/><E112/><V131/><F34/><W132/><G132/><T28/><D28/><U129/><E129/><V16/><F35/><W119/><G119/><T87/><AGARI ba="0,1" hai="6,10,13,38,43,46,53,57,63,72,74,77,83,87" machi="87" ten="20,12000,1" yaku="1,1,0,1,7,1,52,2,53,0" doraHai="107" doraHaiUra="61" who="0" fromWho="0" sc="240,130,250,-40,250,-40,250,-40" /><INIT seed="0,1,0,2,2,1" ten="370,210,210,210" oya="0" hai0="8,85,135,132,54,107,87,28,43,119,84,88,52" hai1="4,80,75,6,86,104,37,76,14,63,128,29,0" hai2="20,78,102,42,65,71,35,74,116,44,106,3,95" hai3="27,118,114,15,26,13,122,12,129,94,36,41,5"/><T59/><D119/><U123/><E0/><V93/><F116/><W124/><G114/><T66/><D107/><U7/><E104/><V101/><F20/><W72/><G72/><T127/><D127/><U109/><E75/><V121/><F121/><W131/><G122/><T16/><D43/><U62/><E123/><V50/><F3/><W24/><G118/><T83/><D28/><U110/><E37/><V79/><F35/><W21/><G94/><N who="2" m="35849" /><F71/><W17/><G124/><T111/><D111/><N who="1" m="42507" /><E128/><N who="3" m="49226" /><G41/><T22/><D8/><N who="1" m="4359" /><E29/><V82/><F74/><W68/><G36/><T58/><D66/><U103/><E103/><N who="2" m="39435" /><F106/><W100/><G100/><T134/><D59/><U38/><E38/><V11/><F65/><W96/><G96/><T115/><D115/><U117/><E117/><V46/><F82/><W51/><G68/><T25/><D54/><U45/><E45/><N who="2" m="25911" /><F11/><N who="3" m="4207" /><G51/><AGARI ba="1,0" hai="16,22,25,51,52,58,83,84,85,87,88,132,134,135" machi="51" ten="40,12000,1" yaku="20,1,54,3" doraHai="1" who="0" fromWho="3" sc="370,123,210,0,210,0,210,-123" /><INIT seed="0,2,0,4,3,25" ten="493,210,210,87" oya="0" hai0="98,77,128,0,116,36,5,90,100,131,96,32,103" hai1="112,89,110,45,64,44,109,37,6,53,31,80,49" hai2="93,21,107,15,69,3,120,97,70,75,126,94,74" hai3="52,132,108,24,106,92,1,85,125,62,121,124,46"/><T38/><D116/><U33/><E112/><V111/><F3/><W79/><G1/><T78/><D32/><U72/><E64/><V88/><F120/><W68/><G121/><T7/><REACH who="0" step="1"/><D0/><REACH who="0" ten="483,210,210,87" step="2"/><U26/><E6/><V101/><F70/><W22/><G68/><T54/><D54/><U83/><E53/><V91/><F69/><W84/><G52/><T43/><D43/><U105/><E33/><V113/><F113/><W66/><G66/><T20/><D20/><U63/><E109/><V30/><F21/><W51/><G22/><T130/><D130/><U10/><E110/><V13/><F111/><W114/><G108/><T9/><D9/><U133/><E10/><V86/><F13/><W34/><G114/><T27/><D27/><U60/><E26/><V119/><F15/><W55/><G24/><T40/><D40/><U76/><E133/><V42/><F42/><W129/><G34/><T11/><D11/><U73/><E37/><V12/><F12/><W50/><G129/><T127/><D127/><U57/><E73/><V102/><F126/><W39/><G39/><T115/><D115/><U28/><E72/><V17/><F75/><W2/><G2/><T23/><D23/><U67/><E67/><V65/><F74/><W8/><G132/><T61/><D61/><U135/><E63/><V47/><F119/><W104/><G62/><T99/><D99/><U71/><E60/><V95/><F97/><W56/><G124/><T14/><D14/><U118/><E118/><V117/><F65/><W123/><G125/><T48/><D48/><U29/><E135/><RYUUKYOKU ba="2,1" sc="483,30,210,-10,210,-10,87,-10" hai0="5,7,36,38,77,78,90,96,98,100,103,128,131" /><INIT seed="0,3,1,3,2,22" ten="513,200,200,77" oya="0" hai0="75,38,13,28,69,84,3,42,68,55,53,30,114" hai1="86,110,104,122,125,90,1,43,18,8,61,99,19" hai2="120,71,133,12,37,5,119,121,77,113,117,26,130" hai3="80,2,10,96,98,85,89,72,132,47,16,58,70"/><T0/><D75/><U34/><E122/><N who="2" m="47211" /><F77/><W39/><G70/><T59/><D114/><U51/><E110/><V49/><F49/><W36/><G132/><T27/><D38/><U115/><E34/><V25/><F71/><W78/><G58/><T101/><D42/><U103/><E125/><V35/><F37/><W33/><G33/><T54/><D101/><U83/><E115/><V112/><F133/><W46/><G36/><T134/><D134/><U106/><E106/><V63/><F63/><W118/><G118/><N who="2" m="45065" /><F130/><W73/><G73/><T24/><D59/><U109/><E109/><V116/><F116/><W11/><G11/><T135/><D135/><U60/><E1/><V52/><F52/><W56/><G56/><T6/><D84/><U15/><REACH who="1" step="1"/><E19/><REACH who="1" ten="513,190,200,77" step="2"/><V97/><F35/><W93/><G16/><T100/><D3/><U62/><E62/><V91/><F113/><W81/><G39/><T48/><D0/><U123/><E123/><V9/><F112/><W65/><G65/><T21/><D68/><U102/><E102/><V129/><F129/><W20/><G2/><T31/><D69/><U45/><AGARI ba="3,2" hai="8,15,18,43,45,51,60,61,83,86,90,99,103,104" machi="45" ten="30,4000,0" yaku="1,1,0,1,53,1" doraHai="22" doraHaiUra="94" who="1" fromWho="1" sc="513,-23,190,69,200,-13,77,-13" /><INIT seed="1,0,0,4,1,59" ten="490,259,187,64" oya="1" hai0="128,86,29,126,11,51,120,81,56,135,82,58,21" hai1="65,48,133,42,121,111,14,107,118,52,98,17,45" hai2="49,63,85,72,116,36,70,60,57,93,83,69,44" hai3="61,37,73,125,34,101,3,127,87,18,10,39,122"/><U129/><E118/><V109/><F109/><W25/><G73/><T108/><D108/><U53/><E111/><V38/><F116/><W94/><G122/><T84/><D126/><N who="3" m="48137" /><G101/><T119/><D119/><U123/><E129/><V43/><F93/><W6/><G94/><T110/><D110/><U92/><E107/><V78/><F72/><W76/><G76/><T9/><D128/><U134/><E65/><V2/><F2/><W1/><G1/><T23/><D135/><N who="1" m="51723" /><E121/><V24/><F24/><W89/><G87/><T117/><D117/><U28/><E28/><V33/><F33/><W19/><G89/><T8/><D120/><U26/><E26/><V13/><F13/><W64/><G18/><T54/><D29/><U112/><E112/><V99/><F99/><W15/><G15/><T90/><D58/><U47/><E47/><V35/><F35/><W88/><G88/><AGARI ba="0,0" hai="8,9,11,21,23,51,54,56,81,82,84,86,88,90" machi="88" ten="40,5200,0" yaku="9,1,8,1,54,1" doraHai="59" who="0" fromWho="3" sc="490,52,259,0,187,0,64,-52" /><INIT seed="2,0,0,3,4,23" ten="542,259,187,12" oya="2" hai0="134,87,13,70,123,109,3,40,2,22,100,129,91" hai1="118,44,105,45,104,31,88,130,79,90,37,92,119" hai2="14,46,38,17,62,48,66,74,85,36,11,54,4" hai3="131,21,7,34,125,78,26,113,41,128,98,59,15"/><V102/><F74/><W72/><G72/><T133/><D123/><U68/><E68/><V43/><F102/><W86/><G98/><T61/><D109/><U20/><E79/><V47/><F47/><W96/><G96/><T0/><D100/><U39/><E92/><V112/><F112/><W30/><G41/><T93/><D40/><U19/><E19/><V18/><F38/><W55/><G113/><T12/><D129/><N who="3" m="49737" /><G125/><T33/><D33/><U127/><E130/><V51/><F51/><N who="3" m="31231" /><G7/><T114/><D114/><U110/><E20/><V126/><F126/><W76/><G86/><T75/><D75/><U53/><E53/><V29/><F36/><W56/><G56/><T50/><D50/><U120/><E127/><V82/><F54/><W81/><G81/><T16/><REACH who="0" step="1"/><D13/><REACH who="0" ten="532,259,187,12" step="2"/><U116/><E110/><V52/><F43/><W65/><G65/><AGARI ba="0,1" hai="0,2,3,12,16,22,61,65,70,87,91,93,133,134" machi="65" ten="50,6400,0" yaku="1,1,2,1,54,1,53,0" doraHai="23" doraHaiUra="97" who="0" fromWho="3" sc="532,74,259,0,187,0,12,-64" owari="606,70.6,259,5.9,187,-21.3,-52,-55.2" /></mjloggm>