<mjloggm ver="2.3"><GO type="225" lobby="0"/><UN n0="%E4%BF%BA%E3%81%A8%E5%A6%96%E5%A4%A2" n1="%E3%82%B2%E3%82%B9%E8%8C%82%E5%8B%9D" n2="%72%61%6B%33" n3="%6D%75%75%6D%75%72%61" dan="17,16,16,16" rate="2258.41,2057.11,2116.06,2129.89" sx="F,F,M,F"/><TAIKYOKU oya="0"/><INIT seed="0,0,0,0,5,6" ten="250,250,250,250" oya="0" hai0="101,79,133,42,53,113,11,83,69,1,106,21,18" hai1="116,75,125,12,130,29,74,38,32,80,108,89,110" hai2="9,35,63,100,71,98,43,17,92,24,25,65,121" hai3="120,87,47,128,129,127,59,104,99,76,0,46,97"/><T28/><D113/><U73/><E116/><V37/><F121/><W7/><G120/><T123/><D123/><U68/><E125/><V40/><F37/><W135/><G127/><T19/><D69/><U51/><E130/><V88/><F100/><W54/><G135/><T55/><D133/><U41/><E38/><V66/><F66/><W111/><G111/><N who="1" m="42538" /><E68/><V134/><F134/><W102/><G99/><T13/><D42/><U48/><E41/><V90/><F90/><W60/><G76/><T77/><D28/><U14/><E29/><V118/><F118/><W31/><G87/><T5/><D77/><U67/><E67/><V84/><F84/><W34/><G31/><T57/><D18/><U20/><E32/><V39/><F35/><W86/><G86/><T49/><D53/><U15/><E20/><V8/><F43/><W44/><REACH who="3" step="1"/><G34/><REACH who="3" ten="250,250,250,240" step="2"/><T126/><D126/><U94/><E80/><V62/><F39/><W96/><G96/><AGARI ba="0,1" hai="12,14,15,48,51,73,74,75,89,94,96" m="42538" machi="96" ten="40,1300,0" yaku="14,1" doraHai="6" who="1" fromWho="3" sc="250,0,250,23,250,0,240,-13" /><INIT seed="1,0,0,3,4,59" ten="250,273,250,227" oya="1" hai0="55,97,122,13,123,33,8,42,37,83,106,130,111" hai1="39,46,40,92,24,105,120,23,101,82,41,47,60" hai2="96,88,34,126,78,113,104,6,3,86,85,31,17" hai3="11,133,75,15,62,112,9,38,134,20,30,128,84"/><U32/><E120/><N who="0" m="46121" /><D33/><U67/><E32/><V93/><F126/><W119/><G75/><T108/><D83/><U44/><E105/><V95/><F113/><W124/><G38/><T74/><D74/><U90/><E101/><V107/><F17/><W116/><G112/><T58/><D130/><U129/><E82/><N who="2" m="47319" /><F6/><W115/><G115/><T94/><D106/><N who="2" m="40490" /><F31/><W77/><G84/><T70/><D70/><U36/><E129/><V19/><F19/><N who="3" m="10367" /><G77/><T12/><D42/><U89/><E92/><N who="2" m="56327" /><F3/><W56/><G128/><T1/><D37/><U125/><E44/><V63/><F63/><W52/><G30/><T2/><D2/><U50/><E50/><V49/><F49/><W72/><G124/><T10/><D1/><U76/><E125/><V48/><F48/><W7/><G7/><N who="0" m="3103" /><D13/><U127/><E76/><V102/><F34/><W0/><G0/><T66/><D10/><N who="3" m="3593" /><G72/><T99/><D66/><U53/><E127/><V110/><F110/><W121/><G121/><T103/><D111/><U65/><E65/><V54/><F54/><W35/><G35/><T57/><D108/><U5/><E53/><V16/><F16/><W73/><G73/><T45/><D55/><U131/><E5/><V98/><F95/><W100/><G100/><N who="0" m="60471" /><D45/><U91/><E131/><V68/><F68/><W22/><G22/><T117/><D57/><N who="1" m="37263" /><E23/><V135/><F86/><W87/><G87/><T71/><D71/><U81/><E24/><V29/><F29/><W27/><G27/><T26/><D26/><U61/><E61/><V118/><F118/><AGARI ba="0,0" hai="52,56,62,116,118,119,133,134" m="3593,10367" machi="118" ten="30,3900,0" yaku="12,1,52,1,54,1" doraHai="59" who="3" fromWho="2" sc="250,0,273,0,250,-39,227,39" /><INIT seed="2,0,0,0,2,99" ten="250,273,211,266" oya="2" hai0="61,133,23,86,87,123,52,96,2,59,103,83,113" hai1="30,49,126,135,79,27,120,40,76,122,68,75,92" hai2="50,13,54,43,107,17,112,47,28,33,19,7,15" hai3="72,66,131,90,64,65,31,60,22,67,109,12,44"/><V53/><F112/><W95/><G109/><T29/><D113/><U41/><E68/><V69/><F69/><W134/><G131/><T3/><D123/><N who="1" m="47147" /><E135/><V48/><F107/><W124/><G134/><T121/><D121/><U104/><E104/><V21/><F7/><W70/><G124/><T39/><D39/><U71/><E71/><V11/><F33/><W115/><G72/><T0/><D133/><U24/><E126/><V130/><F130/><W85/><G115/><T62/><D62/><U132/><E24/><V63/><F28/><W32/><G32/><T56/><D56/><U91/><E132/><V16/><F63/><W127/><G127/><T98/><D98/><N who="1" m="57631" /><E49/><V108/><F108/><W74/><G31/><T125/><D125/><U77/><E75/><V100/><F100/><W46/><G74/><T58/><D29/><U25/><E25/><V117/><F117/><W34/><G34/><AGARI ba="0,0" hai="27,30,34,40,41,76,77,79" m="57631,47147" machi="34" ten="30,1000,0" yaku="13,1" doraHai="99" who="1" fromWho="3" sc="250,0,273,10,211,0,266,-10" /><INIT seed="3,0,0,4,0,111" ten="250,283,211,256" oya="3" hai0="59,89,57,130,104,79,126,55,7,129,45,98,83" hai1="15,92,19,22,87,4,123,21,103,25,127,13,64" hai2="3,68,20,88,8,23,113,37,42,94,132,78,77" hai3="2,118,16,65,133,29,50,124,107,14,1,10,12"/><W18/><G107/><T70/><D70/><U67/><E127/><V102/><F68/><W36/><G36/><T100/><D126/><U30/><E123/><V61/><F132/><W5/><G65/><T17/><D7/><U117/><E117/><V82/><F61/><W90/><G124/><T93/><D17/><U39/><E39/><V35/><F35/><W125/><G125/><T81/><D45/><U115/><E115/><V66/><F66/><W54/><G133/><T109/><D57/><U62/><E62/><V101/><F113/><W34/><G118/><T38/><D38/><U53/><E53/><V96/><F78/><W9/><G90/><T134/><D134/><U11/><E87/><V72/><F102/><W27/><G5/><T41/><D41/><U33/><E33/><V76/><F76/><W71/><G71/><T91/><D109/><U48/><E48/><V86/><F8/><W0/><G0/><T58/><D58/><AGARI ba="0,0" hai="1,2,9,10,12,14,16,18,27,29,34,50,54,58" machi="58" ten="30,5800,0" yaku="7,1,9,1,54,1" doraHai="111" who="3" fromWho="0" sc="250,-58,283,0,211,0,256,58" owari="192,-30.8,283,8.3,211,-18.9,314,41.4" /></mjloggm>