<mjloggm ver="2.3"><GO type="225" lobby="0"/><UN n0="%E7%8D%85%E5%AD%90%E6%80%92%E3%82%93" n1="%E9%A6%AC%E4%BA%86%E9%9A%94%E5%A3%81" n2="%E3%81%92%E3%81%A3%E3%81%A1" n3="%33%74%72%65%65" dan="16,18,17,16" rate="2169.54,2215.37,2218.24,2113.90" sx="M,M,M,F"/><TAIKYOKU oya="0"/><INIT seed="0,0,0,1,4,80" ten="250,250,250,250" oya="0" hai0="17,63,119,106,51,22,79,2,120,43,60,54,90" hai1="86,68,84,85,130,126,29,47,56,67,132,123,128" hai2="96,124,134,108,57,23,98,104,116,4,131,24,111" hai3="66,52,3,31,18,82,77,101,45,117,13,39,72"/><T46/><D119/><U7/><E123/><V12/><F116/><W127/><G117/><T89/><D120/><U21/><E132/><V19/><F134/><W15/><G3/><T5/><D106/><U10/><E126/><V95/><F104/><W44/><G127/><T34/><D34/><U20/><E68/><V114/><F114/><W28/><G66/><T38/><D79/><U37/><E29/><V100/><F131/><N who="1" m="50217" /><E67/><V87/><F98/><W59/><G101/><T40/><D2/><N who="1" m="375" /><E56/><V49/><F124/><W11/><G13/><T64/><D5/><U6/><E6/><V92/><F4/><W50/><REACH who="3" step="1"/><G59/><REACH who="3" ten="250,250,250,240" step="2"/><T81/><D64/><U26/><E26/><V55/><REACH who="2" step="1"/><F24/><REACH who="2" ten="250,250,240,240" step="2"/><W53/><G53/><T32/><D54/><U73/><E73/><V9/><F9/><W110/><G110/><T69/><D69/><U16/><E16/><V41/><F41/><AGARI ba="0,2" hai="11,15,18,28,31,39,41,44,45,50,52,72,77,82" machi="41" ten="40,8000,1" yaku="1,1,54,1,53,2" doraHai="80" doraHaiUra="25" who="3" fromWho="2" sc="250,0,250,0,240,-80,240,100" /><AGARI ba="0,0" hai="20,21,37,41,47,84,85,86" m="375,50217" machi="41" ten="30,7700,0" yaku="19,1,52,3" doraHai="80" who="1" fromWho="2" sc="250,0,250,77,160,-77,340,0" /><INIT seed="1,0,0,2,4,52" ten="250,327,83,340" oya="1" hai0="112,57,18,89,25,129,44,60,36,38,61,96,122" hai1="120,114,80,70,78,6,82,9,75,32,76,33,46" hai2="49,12,28,94,2,7,68,30,45,103,93,22,3" hai3="124,85,97,131,116,81,64,132,1,17,84,39,95"/><U59/><E114/><V8/><F68/><W83/><G1/><T21/><D112/><U66/><E120/><V98/><F94/><W55/><G39/><T128/><D122/><U79/><E46/><V107/><F107/><W119/><G64/><T27/><D27/><U102/><E102/><V35/><F35/><W77/><G17/><T73/><D73/><U69/><E78/><V123/><F123/><W53/><G132/><T91/><D61/><U56/><E66/><V90/><F103/><W0/><G0/><T111/><D111/><U14/><E70/><V29/><REACH who="2" step="1"/><F22/><REACH who="2" ten="250,327,73,340" step="2"/><W50/><G95/><N who="0" m="56431" /><D91/><U72/><E69/><V134/><F134/><W113/><G113/><T86/><D86/><U37/><E37/><V41/><AGARI ba="0,1" hai="2,3,7,8,12,28,29,30,41,45,49,90,93,98" machi="41" ten="30,4000,0" yaku="1,1,0,1,53,1" doraHai="52" doraHaiUra="87" who="2" fromWho="2" sc="250,-10,327,-20,73,50,340,-10" /><INIT seed="2,0,0,5,5,24" ten="240,307,123,330" oya="2" hai0="16,5,65,27,135,119,110,117,75,32,114,127,95" hai1="23,44,90,30,100,21,11,108,109,130,18,60,59" hai2="67,13,134,53,104,107,120,61,31,48,97,8,70" hai3="113,26,50,106,20,47,7,74,52,133,10,3,56"/><V76/><F120/><W19/><G133/><T73/><D114/><U86/><E130/><V72/><F134/><W101/><G113/><T33/><D135/><U96/><E44/><V37/><F37/><W66/><G74/><T92/><D65/><U115/><E115/><V102/><F107/><W63/><G106/><T39/><D39/><U129/><E129/><V49/><F76/><W118/><REACH who="3" step="1"/><G101/><REACH who="3" ten="240,307,123,320" step="2"/><T9/><D75/><U15/><E100/><V85/><F72/><W78/><G78/><T98/><D73/><U71/><E109/><V46/><F85/><W91/><G91/><T116/><D110/><U124/><E108/><V105/><F105/><W128/><G128/><T41/><D127/><U28/><E124/><V0/><F0/><W87/><G87/><T2/><D95/><N who="1" m="56439" /><E86/><V84/><F84/><W103/><G103/><T131/><D131/><U36/><E36/><V88/><F88/><W34/><G34/><T99/><D92/><U54/><E71/><V38/><F38/><W64/><G64/><T62/><D98/><U58/><E58/><V122/><F122/><W112/><G112/><T77/><D99/><U6/><E21/><V80/><F80/><W93/><G93/><T79/><D33/><U83/><E83/><V35/><F35/><W12/><G12/><AGARI ba="0,1" hai="6,11,12,15,18,23,28,30,54,59,60" m="56439" machi="12" ten="30,3900,0" yaku="8,1,52,2" doraHai="24" who="1" fromWho="3" sc="240,0,307,49,123,0,320,-39" /><INIT seed="3,0,0,0,0,131" ten="240,356,123,281" oya="3" hai0="23,106,37,31,56,48,87,125,0,67,60,58,41" hai1="35,43,73,15,4,8,57,6,71,126,99,47,86" hai2="29,89,85,55,9,88,123,26,16,120,75,12,38" hai3="33,49,80,61,84,42,90,98,62,46,28,102,24"/><W111/><REACH who="3" step="1"/><G111/><REACH who="3" ten="240,356,123,271" step="2"/><T59/><D125/><U135/><E126/><V7/><F75/><W118/><G118/><T1/><D106/><AGARI ba="0,1" hai="24,28,33,42,46,49,61,62,80,84,90,98,102,106" machi="106" ten="30,5800,0" yaku="21,2,7,1,53,0" doraHai="131" doraHaiUra="68" who="3" fromWho="0" sc="240,-58,356,0,123,0,271,68" /><INIT seed="3,1,0,5,5,121" ten="182,356,123,339" oya="3" hai0="43,98,88,86,4,55,12,128,23,94,75,92,59" hai1="58,117,48,31,46,17,20,97,70,107,30,52,99" hai2="1,100,104,96,11,13,119,18,115,5,126,84,77" hai3="44,9,135,82,69,65,2,74,125,79,85,54,67"/><W81/><G135/><T114/><D75/><U50/><E70/><V103/><F115/><W61/><G125/><T39/><D114/><U87/><E117/><V34/><F126/><W123/><G123/><T42/><D128/><U0/><E0/><V64/><F119/><W45/><G67/><T90/><D39/><U21/><E87/><V33/><F64/><W118/><G118/><T105/><D105/><U108/><E108/><V112/><F112/><W53/><G44/><T120/><D120/><U29/><E107/><V78/><F78/><W73/><G45/><T71/><D71/><U47/><E47/><V110/><F103/><W16/><G74/><T51/><D4/><U93/><E17/><AGARI ba="1,0" hai="12,17,23,42,43,51,55,59,86,88,90,92,94,98" machi="17" ten="40,8000,1" yaku="25,2,8,1,54,1" doraHai="121" who="0" fromWho="1" sc="182,83,356,-83,123,0,339,0" owari="265,-13.5,273,7.3,123,-37.7,339,43.9" /></mjloggm>