<mjloggm ver="2.3"><GO type="225" lobby="0"/><UN n0="%E6%9D%B1%E9%A2%A8%E3%81%AE%E3%81%8D%E3%82%83%E3%81%B7%E3%81%95%E3%82%93" n1="%72%69%6F%75%63%68%61%6E" n2="%E3%80%93%E3%81%97%E3%83%BC%E3%82%89%E3%80%93" n3="%E3%81%8B%E3%82%8F%E3%81%A1%E3%82%83%E3%82%93%35%38" dan="17,16,16,16" rate="2250.04,2161.86,2091.45,2161.87" sx="M,M,M,M"/><TAIKYOKU oya="0"/><INIT seed="0,0,0,1,3,48" ten="250,250,250,250" oya="0" hai0="96,108,52,18,118,28,53,106,60,2,39,128,94" hai1="17,13,14,72,73,129,97,75,63,134,95,113,20" hai2="110,82,99,80,58,74,9,54,109,56,123,24,90" hai3="37,12,22,10,59,103,69,107,44,105,135,33,49"/><T62/><D118/><U70/><E129/><V86/><F123/><W79/><G33/><T101/><D39/><U66/><E134/><V51/><F9/><W26/><G69/><T30/><D2/><U34/><E34/><V127/><F127/><W88/><G79/><T100/><D128/><U65/><E65/><V125/><F125/><W23/><G37/><T98/><D108/><N who="2" m="41578" /><F99/><W116/><G59/><T16/><REACH who="0" step="1"/><D94/><REACH who="0" ten="240,250,250,250" step="2"/><U47/><E113/><V112/><F112/><W36/><G116/><T6/><D6/><U8/><E47/><N who="2" m="28031" /><F24/><W27/><G26/><T133/><D133/><U115/><E115/><V78/><AGARI ba="0,1" hai="56,58,74,78,80,82,86,90" m="28031,41578" machi="78" ten="30,2000,0" yaku="14,1,52,1" doraHai="48" who="2" fromWho="2" sc="240,-10,250,-5,250,30,250,-5" /><INIT seed="1,0,0,2,1,6" ten="230,245,280,245" oya="1" hai0="53,59,48,124,28,113,86,103,92,21,119,90,77" hai1="51,37,111,32,12,58,97,69,18,82,75,26,36" hai2="122,83,130,68,62,47,24,135,93,65,114,123,125" hai3="72,96,99,34,41,102,29,42,8,105,52,39,33"/><U131/><E69/><V66/><F83/><W73/><G39/><T127/><D113/><U109/><E131/><V4/><F93/><W85/><G85/><T80/><D119/><U50/><E97/><V120/><F24/><W2/><G29/><T35/><D35/><U101/><E101/><V55/><F4/><W17/><G2/><T0/><D103/><U14/><E36/><V78/><F78/><W5/><G5/><T107/><D107/><U13/><E37/><V16/><F16/><W54/><G102/><T118/><D0/><U116/><E116/><V79/><F79/><W11/><G17/><T61/><D118/><U44/><E58/><V1/><F1/><W88/><G88/><T40/><D28/><N who="1" m="19479" /><E75/><V112/><F130/><W108/><G108/><N who="1" m="41546" /><E82/><V22/><F22/><W74/><G74/><T84/><D21/><N who="1" m="11463" /><E51/><N who="2" m="29183" /><F66/><W43/><REACH who="3" step="1"/><G41/><AGARI ba="0,0" hai="13,14,41,44,50" m="11463,41546,19479" machi="41" ten="30,2900,0" yaku="14,1,10,1" doraHai="6" who="1" fromWho="3" sc="230,0,245,29,280,0,245,-29" /><INIT seed="1,1,0,0,2,124" ten="230,274,280,216" oya="1" hai0="125,29,102,40,108,105,118,69,77,82,66,92,113" hai1="7,2,73,109,75,128,126,53,21,116,64,78,87" hai2="130,25,84,119,134,70,72,114,83,104,46,129,11" hai3="117,32,22,60,96,58,8,107,26,81,121,99,14"/><U115/><E128/><N who="2" m="49259" /><F70/><W56/><G32/><T1/><D40/><U54/><E73/><V65/><F65/><W48/><G121/><T89/><D1/><U19/><E75/><V135/><F119/><W44/><G81/><T74/><D29/><U57/><E64/><V39/><F114/><W16/><G107/><T47/><D47/><U49/><E53/><V45/><F72/><W43/><G117/><T111/><D125/><U9/><E126/><V85/><F104/><W38/><G38/><T133/><D66/><U42/><E109/><N who="0" m="42057" /><D69/><U6/><E42/><N who="2" m="22751" /><F46/><W98/><REACH who="3" step="1"/><G60/><REACH who="3" ten="230,274,280,206" step="2"/><T112/><D118/><U30/><E116/><V93/><F93/><W34/><G34/><T15/><D133/><N who="2" m="50698" /><F83/><W4/><AGARI ba="1,1" hai="4,8,14,16,22,26,43,44,48,56,58,96,98,99" machi="4" ten="30,7900,0" yaku="1,1,0,1,8,1,54,1,53,0" doraHai="124" doraHaiUra="97" who="3" fromWho="3" sc="230,-21,274,-40,280,-21,206,92" /><INIT seed="2,0,0,5,5,30" ten="209,234,259,298" oya="2" hai0="90,23,129,93,82,22,133,97,65,125,41,7,56" hai1="70,89,124,115,77,6,48,67,2,5,27,9,94" hai2="44,17,91,76,100,95,96,105,4,63,33,15,123" hai3="12,78,121,59,43,60,18,101,110,53,0,35,64"/><V34/><F123/><W81/><G0/><T14/><D133/><U130/><E115/><V72/><F4/><W45/><G121/><T113/><D113/><U104/><E104/><V8/><F63/><W10/><G110/><T80/><D129/><U49/><E77/><V3/><F3/><W26/><G101/><T1/><D125/><U32/><E130/><V87/><F44/><W39/><G26/><T68/><D68/><U24/><E124/><V109/><F109/><W108/><G108/><T25/><D41/><U16/><E5/><V114/><F114/><W73/><REACH who="3" step="1"/><G35/><REACH who="3" ten="209,234,259,288" step="2"/><T127/><D1/><U38/><E24/><V51/><REACH who="2" step="1"/><F51/><REACH who="2" ten="209,234,249,288" step="2"/><W29/><G29/><N who="0" m="17591" /><D127/><U75/><E49/><V134/><F134/><W20/><G20/><T84/><D23/><U111/><E48/><V83/><AGARI ba="0,2" hai="8,15,17,33,34,72,76,83,87,91,95,96,100,105" machi="83" ten="30,24000,3" yaku="1,1,0,1,24,2,52,2,53,2" doraHai="30" doraHaiUra="28" who="2" fromWho="2" sc="209,-80,234,-80,249,260,288,-80" /><INIT seed="2,1,0,3,0,25" ten="129,154,509,208" oya="2" hai0="32,84,67,109,40,57,126,120,70,47,133,89,127" hai1="31,93,54,98,42,19,49,10,28,86,46,114,8" hai2="17,83,99,95,135,90,63,129,102,106,122,4,45" hai3="107,78,50,115,64,38,76,52,3,61,101,20,97"/><V121/><F135/><W33/><G33/><T35/><D133/><U37/><E114/><V39/><F129/><W117/><G38/><T7/><D7/><U124/><E124/><N who="0" m="47657" /><D120/><U24/><E86/><V134/><F134/><W51/><G3/><T14/><D70/><U26/><E19/><V130/><F130/><W72/><G117/><T6/><D109/><U74/><E74/><V116/><F4/><W100/><G100/><T43/><D67/><U132/><E132/><V94/><F63/><W23/><G51/><T123/><D57/><U18/><E18/><V105/><F39/><W34/><G34/><N who="0" m="12843" /><D47/><U30/><E8/><V73/><F45/><W58/><G115/><T77/><D77/><U81/><E10/><V96/><F17/><W27/><G20/><T111/><D123/><N who="2" m="47114" /><F116/><W60/><G72/><T44/><D111/><U59/><REACH who="1" step="1"/><E81/><REACH who="1" ten="129,144,509,208" step="2"/><V66/><F83/><W5/><G5/><T82/><D44/><U85/><E85/><V71/><F73/><W113/><G113/><T21/><D21/><U68/><E68/><V125/><F71/><W53/><G23/><T87/><D84/><U22/><E22/><V41/><F125/><W48/><G58/><T12/><D6/><U2/><E2/><V91/><F99/><W103/><G97/><T56/><D56/><U75/><E75/><V128/><F96/><W80/><G80/><T69/><D69/><U9/><E9/><V15/><F128/><W29/><G27/><T65/><D65/><U110/><E110/><V13/><F66/><W11/><G64/><T131/><D131/><U118/><E118/><RYUUKYOKU ba="1,1" sc="129,15,144,15,509,-15,208,-15" hai0="12,14,40,43,82,87,89" hai1="24,26,28,30,31,37,42,46,49,54,59,93,98" /><INIT seed="3,2,1,1,2,81" ten="144,159,494,193" oya="3" hai0="8,30,80,39,28,61,41,0,34,98,12,108,69" hai1="27,95,6,11,26,13,135,120,23,1,86,109,58" hai2="88,79,45,36,20,49,85,116,91,56,133,119,124" hai3="99,64,76,115,75,48,127,4,15,101,31,96,125"/><W10/><G64/><T118/><D118/><U24/><E120/><V74/><F36/><W90/><G31/><N who="0" m="11819" /><D0/><U100/><E109/><V97/><F56/><W54/><G115/><T105/><D34/><U67/><E135/><V37/><F37/><W73/><G90/><T44/><D108/><U62/><E1/><V130/><F20/><W128/><G128/><T83/><D105/><U104/><E104/><V22/><F22/><W103/><G76/><T35/><D35/><U32/><E32/><V14/><F14/><W92/><G125/><T51/><D39/><U17/><E86/><V93/><F45/><W59/><REACH who="3" step="1"/><G127/><REACH who="3" ten="144,159,494,183" step="2"/><T47/><D69/><U126/><E126/><V2/><F124/><W134/><G134/><T21/><D98/><AGARI ba="2,2" hai="6,11,13,17,23,24,26,27,58,62,67,95,98,100" machi="98" ten="40,1300,0" yaku="8,1" doraHai="81" who="1" fromWho="0" sc="144,-19,159,39,494,0,183,0" owari="125,-37.5,198,-0.2,494,59.4,183,-21.7" /></mjloggm>