<mjloggm ver="2.3"><GO type="225" lobby="0"/><UN n0="%E3%81%B5%E3%81%98%E3%81%8B%E3%81%A4" n1="%E5%A4%9C%E5%85%89%E5%A4%A9%E6%A5%BC" n2="%E6%B8%A9%E2%98%85%E6%83%85%E2%98%85%E6%8E%AA%E2%98%85%E7%BD%AE" n3="%E6%A1%9C%E8%8A%B1%E9%96%83%E3%80%85" dan="17,16,18,16" rate="2197.80,2114.09,2206.03,2202.77" sx="M,F,M,M"/><TAIKYOKU oya="0"/><INIT seed="0,0,0,3,1,106" ten="250,250,250,250" oya="0" hai0="88,82,17,44,54,135,57,30,21,15,123,121,62" hai1="48,16,24,125,3,95,80,39,113,127,128,28,12" hai2="68,86,77,73,32,117,40,100,23,19,90,22,27" hai3="11,99,84,70,119,89,25,133,5,130,75,6,102"/><T41/><D135/><U109/><E39/><V53/><F117/><W76/><G119/><T10/><D30/><U46/><E3/><V92/><F68/><W59/><G70/><T67/><D21/><N who="1" m="11399" /><E113/><V69/><F69/><W2/><G133/><T118/><D118/><U94/><E80/><V9/><F40/><W31/><G130/><T107/><D107/><U50/><E109/><V114/><F114/><W4/><G59/><T51/><REACH who="0" step="1"/><D41/><REACH who="0" ten="240,250,250,250" step="2"/><N who="1" m="24655" /><E128/><V104/><F23/><W91/><G31/><T65/><D65/><U87/><E28/><V18/><F32/><W66/><G66/><T79/><D79/><U7/><E127/><V45/><F77/><W105/><G76/><T43/><D43/><U126/><E126/><V97/><F104/><W13/><G105/><T111/><D111/><U134/><E134/><V72/><F22/><W85/><G25/><T115/><D115/><U112/><E24/><V110/><F27/><W74/><G11/><T26/><D26/><U1/><E125/><V78/><F9/><W20/><G20/><T42/><D42/><U29/><E29/><V124/><F124/><W131/><G131/><T56/><D56/><U34/><E112/><V8/><F8/><W52/><G2/><T122/><D122/><U64/><E64/><V129/><F129/><W101/><G13/><T49/><D49/><U36/><E50/><N who="2" m="28879" /><F110/><W38/><G38/><T63/><D63/><U61/><E36/><V108/><F108/><W47/><G47/><T116/><D116/><U98/><E34/><V14/><F78/><W120/><G120/><T58/><D58/><RYUUKYOKU ba="0,1" sc="240,30,250,-10,250,-10,250,-10" hai0="10,15,17,44,51,54,57,62,67,82,88,121,123" /><INIT seed="0,1,1,1,2,30" ten="270,240,240,240" oya="0" hai0="0,45,108,10,68,96,24,132,87,129,120,123,61" hai1="115,72,84,26,52,58,97,104,110,77,55,29,59" hai2="57,80,21,82,134,35,95,38,122,107,51,93,75" hai3="42,23,73,103,22,99,66,4,125,31,53,106,37"/><T60/><D132/><U28/><E72/><V63/><F38/><W116/><G116/><T49/><D129/><U13/><E110/><V92/><F122/><W86/><G73/><T119/><D108/><U100/><E13/><V67/><F134/><W127/><G66/><T126/><D126/><N who="3" m="48137" /><G4/><T17/><D119/><U117/><E115/><V36/><F36/><W33/><G53/><T41/><D96/><U19/><E117/><V102/><F75/><W124/><N who="3" m="48145" /><W85/><DORA hai="34" /><G42/><T98/><D98/><U56/><E19/><V54/><F35/><W39/><G39/><T128/><D128/><U135/><E29/><V133/><F133/><W50/><G50/><T14/><D87/><N who="3" m="33289" /><G37/><T76/><D76/><U27/><E135/><V25/><F107/><W78/><G78/><T40/><D40/><U7/><E7/><V47/><REACH who="2" step="1"/><F102/><REACH who="2" ten="270,240,230,240" step="2"/><W18/><G18/><AGARI ba="1,2" hai="18,21,25,47,51,54,57,63,67,80,82,92,93,95" machi="18" ten="40,8000,1" yaku="1,1,2,1,8,1,53,2" doraHai="30,34" doraHaiUra="46,44" who="2" fromWho="3" sc="270,0,240,0,230,103,240,-83" /><INIT seed="1,0,0,4,0,67" ten="270,240,333,157" oya="1" hai0="107,85,120,102,128,91,52,132,23,21,39,69,58" hai1="97,78,50,63,131,57,74,48,122,13,84,10,119" hai2="117,2,65,101,40,30,80,114,1,60,41,15,47" hai3="135,0,118,123,121,26,126,116,44,8,127,104,90"/><U46/><E122/><N who="3" m="46602" /><G104/><T77/><D120/><U105/><E119/><N who="3" m="45610" /><G90/><T82/><D132/><U32/><E32/><V100/><F117/><W20/><G44/><T75/><D39/><U130/><E74/><V38/><F41/><W34/><G135/><T12/><D128/><N who="1" m="49195" /><E84/><V51/><F38/><W106/><G106/><T99/><D69/><U49/><E78/><V18/><F101/><W125/><G34/><T22/><D12/><U9/><E13/><V54/><F100/><W129/><G129/><T36/><D36/><U72/><E72/><V87/><F15/><W5/><G20/><T17/><D17/><U115/><E46/><V86/><F18/><W110/><G26/><T24/><D24/><U61/><E97/><V111/><F47/><W113/><G110/><T93/><D22/><U95/><E95/><V45/><F45/><W79/><G79/><T42/><D42/><U68/><E105/><V59/><F111/><W92/><G92/><T53/><D53/><N who="1" m="33967" /><E115/><AGARI ba="0,0" hai="0,5,8,113,115,125,126,127" m="45610,46602" machi="115" ten="40,8000,1" yaku="18,1,12,1,23,1,34,2" doraHai="67" who="3" fromWho="1" sc="270,0,240,-80,333,0,157,80" /><INIT seed="2,0,0,2,2,43" ten="270,160,333,237" oya="2" hai0="9,91,122,109,84,124,60,26,63,135,32,18,115" hai1="16,133,50,125,41,75,54,61,29,24,35,131,34" hai2="1,57,4,100,127,14,108,117,132,69,21,70,46" hai3="53,130,76,82,103,112,106,119,134,89,90,30,67"/><V38/><F117/><W92/><G119/><T83/><D115/><U3/><E75/><V55/><F1/><W56/><G112/><T95/><D122/><U111/><E111/><V36/><F100/><W19/><G130/><T15/><D109/><U96/><E131/><V85/><F108/><W78/><G134/><T51/><D124/><U86/><E125/><V8/><F127/><W2/><G2/><T0/><D135/><U110/><E3/><V113/><F113/><W7/><G7/><T44/><D0/><U101/><E110/><V66/><F132/><W72/><G30/><T10/><D10/><U126/><E126/><V123/><F123/><W81/><G67/><T120/><D120/><U11/><E133/><V105/><F105/><W129/><G19/><T128/><D128/><U52/><E86/><V80/><F66/><W65/><G65/><T79/><D26/><U27/><E61/><V49/><F21/><W59/><G106/><T6/><D18/><U28/><E41/><V23/><F23/><W87/><G59/><T33/><D33/><U71/><E50/><V20/><F20/><W116/><G116/><T102/><D102/><U64/><E64/><V104/><F104/><W13/><G13/><T42/><REACH who="0" step="1"/><D32/><REACH who="0" ten="260,160,333,237" step="2"/><U22/><E11/><V12/><F8/><W25/><G25/><T98/><AGARI ba="0,1" hai="6,9,15,42,44,51,60,63,79,83,84,91,95,98" machi="98" ten="20,16000,3" yaku="1,1,2,1,0,1,7,1,25,2,8,1,52,1,53,2" doraHai="43" doraHaiUra="58" who="0" fromWho="0" sc="260,170,160,-40,333,-80,237,-40" /><INIT seed="3,0,0,3,5,67" ten="430,120,253,197" oya="3" hai0="115,122,14,74,19,75,123,91,60,20,104,78,33" hai1="80,59,49,51,84,129,114,102,119,10,43,87,128" hai2="77,13,48,120,40,90,66,55,53,113,2,133,35" hai3="85,64,130,112,79,69,73,131,68,100,27,105,24"/><W54/><G112/><T7/><D33/><U71/><E114/><V21/><F2/><W61/><G85/><T16/><D104/><U135/><E102/><V1/><F1/><W11/><G54/><T107/><D115/><U28/><E28/><V52/><F77/><W5/><G79/><T42/><D107/><U127/><E59/><V39/><F35/><W3/><G73/><T41/><D7/><U99/><E99/><V17/><F39/><W0/><G0/><T29/><D78/><U109/><E43/><V103/><F103/><W57/><G100/><T110/><D14/><U124/><E10/><V58/><F133/><W47/><G47/><T32/><D32/><U50/><E80/><V94/><F113/><W30/><G105/><T45/><D45/><U4/><E4/><V92/><F120/><W121/><G121/><T96/><D123/><U38/><E38/><V15/><F15/><W12/><G3/><T72/><D75/><U118/><E51/><V117/><F117/><W34/><G24/><T106/><D74/><U134/><REACH who="1" step="1"/><E109/><REACH who="1" ten="430,110,253,197" step="2"/><V98/><F40/><W36/><G36/><T111/><D41/><U101/><E101/><N who="2" m="60615" /><F48/><W126/><G57/><T81/><D42/><U9/><E9/><V125/><F58/><N who="3" m="36919" /><G11/><T82/><D111/><U37/><E37/><V76/><F55/><W116/><G5/><T88/><D110/><U132/><E132/><V46/><F52/><W18/><G30/><T62/><D29/><U108/><E108/><V83/><F53/><W89/><G18/><T97/><D122/><U26/><E26/><V23/><F17/><RYUUKYOKU ba="0,1" sc="430,-10,110,30,253,-10,197,-10" hai1="49,50,71,84,87,118,119,124,127,128,129,134,135" owari="430,53.0,140,-36.0,243,4.3,187,-21.3" /></mjloggm>