<mjloggm ver="2.3"><GO type="225" lobby="0"/><UN n0="%38%38%32%33%34%36%37" n1="%E6%80%AA%E3%81%97%E3%81%99%E3%81%8E%E3%82%8B%E3%83%81%E3%83%BC" n2="%4E%6F%2E%30%30%30%31" n3="%4D%50%43%32%38%30%30" dan="16,16,18,16" rate="2122.65,2140.46,2229.43,2123.54" sx="M,M,M,M"/><TAIKYOKU oya="0"/><INIT seed="0,0,0,1,2,44" ten="250,250,250,250" oya="0" hai0="48,123,105,30,10,29,130,94,63,57,93,125,0" hai1="128,4,87,122,118,98,16,49,112,92,69,119,103" hai2="121,24,106,67,2,21,46,35,66,72,86,102,26" hai3="7,13,32,111,25,83,14,100,88,11,70,80,53"/><T133/><D123/><U52/><E122/><V116/><F121/><W78/><G70/><T75/><D105/><U15/><E69/><V85/><F72/><W74/><G111/><T84/><D75/><U77/><E128/><V126/><F2/><W38/><G100/><T61/><D125/><U127/><E112/><V132/><F126/><W36/><G14/><T3/><D133/><U33/><E33/><V1/><F1/><W65/><G65/><T22/><D63/><U12/><E4/><V79/><F132/><W28/><REACH who="3" step="1"/><G53/><REACH who="3" ten="250,250,250,240" step="2"/><N who="0" m="31911" /><D3/><U17/><E127/><V18/><F102/><W59/><G59/><T76/><D0/><U55/><E118/><V64/><F116/><W107/><G107/><T56/><D130/><U41/><E119/><V68/><F106/><W108/><G108/><T129/><D129/><U104/><E104/><V9/><F68/><W124/><G124/><T40/><D10/><U82/><E15/><V115/><F9/><W97/><G97/><T6/><D6/><U43/><E55/><V101/><F67/><W45/><G45/><T73/><D56/><N who="1" m="32783" /><E17/><V47/><F18/><W51/><G51/><T113/><D113/><U90/><E103/><V23/><F101/><W62/><G62/><T114/><D61/><U91/><E91/><V131/><F115/><W34/><G34/><T54/><D114/><U27/><E27/><V20/><F131/><W60/><G60/><T8/><D54/><U109/><E109/><V120/><F120/><W50/><G50/><T31/><D8/><AGARI ba="0,1" hai="8,12,16,41,43,77,82,87,90,92,98" m="32783" machi="8" ten="30,7700,0" yaku="8,1,52,1,54,2" doraHai="44" who="1" fromWho="0" sc="250,-77,250,87,250,0,240,0" /><INIT seed="1,0,0,0,2,102" ten="173,337,250,240" oya="1" hai0="119,82,34,78,86,14,111,92,38,76,22,118,24" hai1="103,117,90,87,67,68,27,88,50,100,128,107,123" hai2="135,16,37,96,105,58,77,127,59,2,94,30,63" hai3="32,93,13,69,0,12,133,29,70,7,108,125,1"/><U49/><BYE who="2" /><E117/><V124/><F124/><W106/><G125/><T83/><D38/><UN n2="%4E%6F%2E%30%30%30%31" /><U6/><E123/><V120/><F120/><W33/><G93/><T18/><D111/><U95/><E128/><V91/><F127/><W60/><G60/><T11/><D34/><U57/><E6/><V19/><F37/><W10/><G108/><T39/><D92/><N who="1" m="54303" /><E107/><V15/><F2/><W64/><G133/><T101/><D101/><N who="1" m="38987" /><E27/><V25/><F135/><W130/><G7/><T53/><D53/><U131/><E68/><V46/><F105/><W36/><G64/><T48/><D48/><U17/><E17/><V44/><F77/><W85/><G36/><T65/><D65/><U62/><E131/><V121/><F121/><W61/><G130/><T97/><D97/><AGARI ba="0,0" hai="49,50,57,62,67,90,95,97" m="38987,54303" machi="97" ten="30,2900,0" yaku="8,1,54,1" doraHai="102" who="1" fromWho="0" sc="173,-29,337,29,250,0,240,0" /><INIT seed="1,1,0,3,5,33" ten="144,366,250,240" oya="1" hai0="116,59,22,120,131,112,125,35,96,41,48,114,101" hai1="76,36,132,106,83,102,4,7,111,115,58,81,104" hai2="124,37,92,122,91,63,85,2,95,44,74,78,10" hai3="45,29,28,94,105,24,53,121,9,8,38,65,21"/><U69/><E69/><V5/><F122/><W109/><G105/><T99/><D35/><U26/><E36/><V86/><F124/><W97/><G121/><T57/><D120/><U50/><E115/><V134/><F63/><W113/><G113/><T17/><D116/><U19/><E132/><V127/><F127/><W129/><G129/><T39/><D125/><U16/><E111/><V0/><F134/><W27/><G65/><T47/><D131/><U88/><E26/><V72/><F0/><W90/><G109/><T89/><D89/><U128/><E102/><V23/><F23/><N who="3" m="15391" /><G38/><T103/><D112/><U126/><E126/><V107/><F107/><W32/><G32/><T56/><D114/><U54/><E106/><V18/><F18/><N who="1" m="6697" /><E104/><V20/><F20/><W80/><G80/><T123/><D123/><U117/><E117/><V49/><F37/><W61/><G61/><T25/><REACH who="0" step="1"/><D39/><REACH who="0" ten="134,366,250,240" step="2"/><U93/><E128/><V60/><F91/><W42/><G90/><T51/><D51/><U30/><E88/><V110/><F110/><W133/><G133/><T43/><D43/><U31/><E76/><V3/><F78/><W52/><G97/><AGARI ba="1,1" hai="17,22,25,41,47,48,56,57,59,96,97,99,101,103" machi="97" ten="40,2600,0" yaku="1,1,8,1,53,0" doraHai="33" doraHaiUra="70" who="0" fromWho="3" sc="134,39,366,0,250,0,240,-29" /><INIT seed="2,0,0,3,4,104" ten="173,366,250,211" oya="2" hai0="67,65,132,50,11,62,90,81,45,26,92,63,29" hai1="93,33,27,32,122,4,129,48,115,124,109,60,0" hai2="75,100,8,10,54,49,18,85,31,74,55,2,80" hai3="57,116,66,108,56,118,127,130,44,3,28,97,102"/><V22/><F100/><W79/><G3/><T133/><D133/><U30/><E115/><V119/><F31/><W91/><G130/><T106/><D106/><U112/><E112/><V77/><F119/><W68/><G127/><T51/><D132/><U101/><E124/><V126/><F55/><W121/><G121/><T12/><D81/><U113/><E109/><V131/><F131/><W88/><G108/><T41/><D51/><U43/><E122/><V114/><F114/><W19/><G44/><T111/><D111/><U52/><E60/><V5/><F10/><W71/><G79/><T69/><D69/><U40/><E33/><V89/><F77/><W6/><G6/><T120/><D120/><U103/><E103/><V94/><F80/><W128/><G128/><T14/><D63/><U23/><E32/><V73/><F126/><W39/><G102/><T38/><D38/><U9/><E113/><V110/><F110/><W36/><G19/><T125/><D125/><U82/><E82/><V123/><F123/><W135/><G135/><T134/><D134/><U72/><E72/><V46/><REACH who="2" step="1"/><F73/><REACH who="2" ten="173,366,240,211" step="2"/><W78/><G78/><T16/><D62/><U117/><E117/><V1/><F1/><W87/><G28/><T86/><REACH who="0" step="1"/><D14/><AGARI ba="0,1" hai="2,5,8,14,18,22,46,49,54,74,75,85,89,94" machi="14" ten="30,12000,1" yaku="1,1,7,1,52,2,53,1" doraHai="104" doraHaiUra="7" who="2" fromWho="0" sc="173,-120,366,0,240,130,211,0" /><INIT seed="2,1,0,4,0,64" ten="53,366,370,211" oya="2" hai0="18,92,85,75,133,25,44,62,124,130,41,134,129" hai1="34,0,12,90,51,121,119,52,120,37,30,65,81" hai2="87,48,114,46,54,67,21,128,61,101,27,117,88" hai3="4,63,23,94,106,28,57,86,42,38,55,36,13"/><V132/><F114/><W16/><G106/><T77/><D75/><U122/><E119/><V116/><F128/><N who="0" m="49258" /><D62/><U80/><E0/><V69/><F132/><N who="0" m="50794" /><D25/><N who="1" m="18767" /><E37/><V123/><F101/><W60/><G42/><T43/><D18/><U113/><E113/><V5/><F5/><W39/><G28/><T111/><D111/><U50/><E65/><V76/><F76/><W45/><G4/><T49/><D43/><U74/><E12/><V70/><F123/><W82/><G45/><T9/><D9/><U26/><E26/><V8/><F8/><W10/><G10/><T83/><D92/><U108/><E108/><V68/><F116/><W115/><G115/><T91/><D91/><U118/><E118/><V7/><F7/><W78/><G94/><T109/><D109/><U107/><E107/><V79/><F117/><W31/><G31/><T131/><N who="0" m="49266" /><T110/><DORA hai="135" /><D110/><U47/><E74/><V66/><F79/><W3/><G3/><T11/><D11/><U97/><E51/><V17/><F67/><W71/><G71/><T102/><D102/><U59/><E47/><V125/><F61/><W72/><G72/><T1/><D1/><U99/><E90/><V35/><F66/><W58/><G39/><T126/><AGARI ba="1,0" hai="41,44,49,77,83,85,124,126" m="50794,49266" machi="126" ten="50,12000,2" yaku="30,2,19,1,20,1,52,2" doraHai="64,135" who="0" fromWho="0" sc="53,123,366,-31,370,-61,211,-31" /><INIT seed="3,0,0,3,1,101" ten="176,335,309,180" oya="3" hai0="59,48,88,78,35,6,42,10,128,20,94,81,55" hai1="58,54,32,61,130,46,11,65,125,80,131,19,90" hai2="93,70,26,56,21,103,118,53,119,38,115,121,109" hai3="39,102,134,67,28,18,133,95,13,25,113,68,0"/><W104/><G113/><T57/><D35/><U73/><E32/><V30/><F115/><W71/><G39/><T75/><D128/><N who="1" m="49195" /><E125/><V16/><F70/><W43/><G43/><T98/><D42/><U34/><E34/><V116/><F38/><W120/><G120/><T79/><D79/><N who="1" m="44143" /><E90/><V49/><F121/><W31/><G0/><T97/><D20/><U82/><E82/><V83/><F83/><W62/><G71/><T100/><D59/><U117/><E117/><V50/><F109/><W92/><G25/><T33/><D33/><U124/><E124/><V72/><F72/><W12/><G31/><T29/><D29/><U87/><E87/><V107/><F93/><N who="3" m="35915" /><G28/><T96/><D100/><U17/><E11/><V64/><F64/><W99/><G18/><N who="1" m="6666" /><E46/><V76/><F30/><W106/><G104/><T51/><D51/><U89/><E89/><V24/><F76/><W91/><G91/><T114/><D114/><U5/><E5/><V132/><F49/><W8/><G8/><T110/><D110/><U47/><E47/><V77/><F77/><W129/><G129/><T74/><D74/><U111/><E111/><V112/><F112/><W127/><G127/><T9/><D9/><U7/><E7/><V135/><REACH who="2" step="1"/><F26/><REACH who="2" ten="176,335,299,180" step="2"/><W122/><G122/><T69/><D69/><U3/><E65/><V22/><F22/><W126/><G126/><T40/><D40/><U4/><E4/><V86/><F86/><W84/><G84/><T23/><D23/><U14/><E3/><AGARI ba="0,1" hai="3,6,10,48,55,57,75,78,81,88,94,96,97,98" machi="3" ten="30,2000,0" yaku="7,1,54,1" doraHai="101" who="0" fromWho="1" sc="176,30,335,-20,299,0,180,0" owari="206,-19.4,315,41.5,299,9.9,180,-32.0" /></mjloggm>