<mjloggm ver="2.3"><GO type="225" lobby="0"/><UN n0="%E5%B0%8F%E5%AE%AE%E3%81%9F%E3%81%9A%E3%81%8D" n1="%E6%98%93%E5%88%A9%E8%96%A9%E4%BC%AF" n2="%E8%BE%9B%E5%8F%A3%E3%82%AB%E3%83%AC%E3%83%BC%E3%83%A9%E3%82%A4%E3%82%B9" n3="%72%69%6F%75%63%68%61%6E" dan="16,16,17,16" rate="2110.67,2119.43,2205.92,2204.32" sx="F,F,M,M"/><TAIKYOKU oya="0"/><INIT seed="0,0,0,1,2,76" ten="250,250,250,250" oya="0" hai0="51,16,100,30,26,124,63,48,126,102,134,12,127" hai1="135,4,9,7,88,110,106,80,20,6,65,109,101" hai2="25,72,66,125,19,24,117,0,44,1,56,70,36" hai3="46,123,34,128,55,14,40,47,87,50,37,15,119"/><T107/><D134/><U94/><E135/><V113/><F113/><W93/><G128/><T13/><D63/><U28/><E106/><V79/><F56/><W130/><G130/><T116/><D116/><U41/><E41/><N who="2" m="22567" /><F19/><W129/><G129/><T29/><D107/><U8/><E65/><V96/><F25/><W52/><G119/><T97/><D13/><U32/><E32/><V112/><F112/><W121/><G34/><N who="0" m="20791" /><D30/><U69/><E69/><V86/><F86/><W78/><G55/><T120/><D120/><N who="3" m="46153" /><G93/><N who="0" m="58415" /><D102/><U33/><E33/><V133/><F133/><W122/><N who="3" m="46161" /><W95/><DORA hai="10" /><G95/><T45/><D45/><U98/><E28/><V84/><F117/><W23/><G23/><AGARI ba="0,0" hai="12,16,23,48,51,124,126,127" m="58415,20791" machi="23" ten="30,5800,0" yaku="18,1,52,1,54,1" doraHai="76,10" who="0" fromWho="3" sc="250,58,250,0,250,0,250,-58" /><INIT seed="0,1,0,5,5,34" ten="308,250,250,192" oya="0" hai0="118,7,94,17,51,62,121,106,105,84,125,128,24" hai1="135,11,55,115,133,132,13,23,35,33,3,117,87" hai2="10,83,22,129,130,54,1,43,61,78,27,126,52" hai3="75,16,104,29,95,42,108,98,36,32,116,20,41"/><T103/><D118/><U65/><E65/><V39/><F126/><W15/><G108/><T77/><D121/><U30/><E87/><V119/><F119/><W45/><G116/><T107/><D125/><U74/><E74/><V127/><F127/><W134/><G134/><T68/><D7/><N who="1" m="1535" /><E117/><V4/><F43/><W2/><G75/><T47/><D128/><N who="2" m="49258" /><F61/><W53/><G2/><T79/><D62/><U0/><E55/><V111/><F39/><W71/><G71/><T100/><D68/><U89/><E89/><V76/><F111/><W91/><G104/><T48/><D48/><U114/><E0/><V64/><F64/><W102/><G41/><T86/><D17/><N who="1" m="10671" /><E30/><N who="2" m="17783" /><F78/><W46/><G102/><T112/><D103/><U131/><E131/><V40/><F40/><W73/><G73/><AGARI ba="1,0" hai="1,4,10,52,54,73,76,83" m="17783,49258" machi="73" ten="30,3900,0" yaku="19,1,52,1,54,1" doraHai="34" who="2" fromWho="3" sc="308,0,250,0,250,42,192,-42" /><INIT seed="1,0,0,3,4,105" ten="308,250,292,150" oya="1" hai0="128,118,111,62,48,7,58,56,72,8,28,60,100" hai1="94,50,78,108,67,82,31,43,126,125,123,20,102" hai2="103,135,84,5,30,27,24,0,36,119,59,32,131" hai3="69,95,61,63,38,26,54,44,91,127,9,81,65"/><U1/><E123/><V97/><F119/><W107/><G107/><T112/><D118/><U109/><E1/><V132/><F36/><W35/><G127/><N who="1" m="48650" /><E67/><V52/><F131/><W92/><G9/><T4/><D128/><U41/><E31/><V96/><F84/><W42/><G81/><T29/><D8/><U87/><E20/><V120/><F120/><W114/><G114/><T134/><D112/><U133/><E133/><N who="2" m="51275" /><F27/><W116/><G116/><T124/><D124/><U49/><E102/><V75/><F75/><W23/><G35/><T101/><D134/><U83/><E94/><V79/><F79/><W10/><G10/><T80/><D80/><U76/><E83/><V34/><F0/><W37/><G37/><T71/><D71/><U19/><E19/><V18/><F18/><W70/><G91/><T33/><D33/><N who="2" m="12906" /><F5/><W14/><G14/><T12/><D12/><U89/><E78/><V106/><F103/><W3/><G3/><T6/><D6/><U46/><E89/><V13/><F13/><W93/><G54/><T64/><D64/><U2/><E2/><V77/><F77/><W21/><G26/><T86/><D101/><U122/><E122/><V25/><F25/><W104/><G104/><T66/><D100/><U17/><E17/><V15/><F15/><W88/><G88/><T117/><D7/><U16/><E16/><V53/><F106/><W11/><G11/><T45/><D4/><U129/><E129/><V51/><F24/><W99/><G99/><N who="2" m="37961" /><F30/><W73/><G73/><T85/><D117/><U121/><E121/><V74/><F74/><RYUUKYOKU ba="0,0" sc="308,-30,250,10,292,10,150,10" hai1="41,43,46,49,50,76,82,87,108,109" hai2="51,52,53,59" hai3="21,23,38,42,44,61,63,65,69,70,92,93,95" /><INIT seed="1,1,0,1,5,53" ten="278,260,302,160" oya="1" hai0="117,93,43,68,132,126,33,29,116,20,121,58,91" hai1="41,39,27,73,131,8,50,105,104,0,13,72,103" hai2="135,101,23,10,24,11,70,98,84,85,38,46,112" hai3="40,100,108,120,56,130,57,99,122,74,90,125,16"/><U64/><E131/><V7/><F70/><W61/><G74/><T18/><D68/><U65/><E39/><V5/><F135/><W4/><G130/><T102/><D132/><U83/><E0/><V52/><F112/><W82/><G4/><T1/><D1/><U86/><E27/><V31/><F38/><W115/><G115/><T119/><D126/><U21/><E21/><V30/><F30/><W128/><G128/><T114/><D114/><U94/><E94/><N who="2" m="58583" /><F7/><W22/><G125/><T96/><D43/><U34/><E34/><V54/><F5/><W106/><G108/><T12/><D121/><U66/><E103/><V48/><F54/><W14/><G40/><T19/><D19/><U113/><E105/><V45/><F45/><W37/><G37/><T42/><D42/><U81/><E104/><V78/><F85/><W59/><REACH who="3" step="1"/><G61/><REACH who="3" ten="278,260,302,150" step="2"/><T9/><D119/><U25/><E73/><V35/><F35/><W51/><G51/><T76/><D33/><U95/><E72/><V133/><F133/><W123/><G123/><T63/><D117/><U127/><E127/><V77/><F77/><W47/><G47/><T67/><D76/><U2/><E50/><V129/><F129/><W118/><G118/><T107/><D116/><U60/><E60/><V87/><F78/><W71/><G71/><T6/><D6/><N who="1" m="3223" /><E41/><V32/><F32/><W109/><G109/><T26/><REACH who="0" step="1"/><D107/><REACH who="0" ten="268,260,302,150" step="2"/><U80/><E2/><V17/><F17/><W15/><G15/><T110/><D110/><U134/><E134/><V36/><F36/><W44/><G44/><T92/><D92/><RYUUKYOKU ba="1,2" sc="268,10,260,-30,302,10,150,10" hai0="9,12,18,20,26,29,58,63,67,91,93,96,102" hai2="10,11,23,24,31,46,48,52,84,87" hai3="14,16,22,56,57,59,82,90,99,100,106,120,122" /><INIT seed="2,2,2,5,0,88" ten="278,230,312,160" oya="2" hai0="102,105,62,76,128,38,10,70,32,4,48,54,74" hai1="93,71,51,34,58,90,39,73,119,112,0,15,40" hai2="84,132,61,97,56,44,80,29,108,42,92,52,117" hai3="87,13,103,86,22,72,53,20,24,26,100,118,131"/><V104/><F117/><W115/><G118/><T27/><D38/><U129/><E0/><V135/><F104/><W120/><G72/><T57/><D128/><U110/><E119/><V41/><F29/><W46/><G120/><T23/><D32/><U106/><E34/><V91/><F108/><W127/><G131/><T28/><D74/><U31/><E71/><V21/><F21/><W63/><G127/><T36/><D36/><U47/><E73/><V37/><REACH who="2" step="1"/><F42/><REACH who="2" ten="278,230,302,160" step="2"/><W33/><G33/><T89/><D105/><U78/><E110/><V43/><F43/><W111/><G111/><T35/><D35/><U64/><E106/><V113/><F113/><W96/><G115/><T77/><D28/><U79/><E31/><V125/><F125/><W1/><G22/><T45/><D23/><U122/><E112/><V83/><F83/><W55/><G24/><T134/><D27/><U99/><E129/><V124/><F124/><W81/><G26/><T66/><D134/><U17/><E122/><V75/><F75/><W107/><G81/><T82/><D82/><U59/><E39/><V133/><F133/><W2/><G107/><T6/><D76/><AGARI ba="2,3" hai="37,41,44,52,56,61,76,80,84,91,92,97,132,135" machi="76" ten="40,12000,1" yaku="1,1,52,1,54,1,53,1" doraHai="88" doraHaiUra="50" who="2" fromWho="0" sc="278,-126,230,0,302,156,160,0" /><INIT seed="2,3,0,3,4,67" ten="152,230,458,160" oya="2" hai0="58,107,22,6,55,47,82,108,39,49,132,4,45" hai1="101,94,42,1,131,130,51,103,21,97,121,38,24" hai2="118,8,62,40,84,10,50,105,126,75,19,23,63" hai3="122,92,87,73,28,100,11,41,48,113,13,71,36"/><V16/><F75/><W135/><G122/><T14/><D107/><U86/><E1/><V112/><F112/><W106/><G36/><T95/><D108/><U70/><E38/><V12/><F118/><W98/><G113/><T134/><D95/><U69/><E103/><V52/><F105/><W46/><G135/><N who="0" m="51755" /><D82/><U31/><E86/><V110/><F126/><W99/><G73/><T68/><D68/><U37/><E37/><V53/><F110/><W76/><G71/><T85/><D85/><U119/><E121/><V109/><F109/><W65/><G65/><T33/><D33/><U27/><E27/><N who="2" m="14823" /><F8/><W34/><G34/><T30/><D30/><U61/><E61/><N who="2" m="23051" /><F84/><W120/><G28/><T91/><D39/><U111/><E119/><V124/><F124/><W102/><G120/><T17/><D91/><U2/><E2/><V9/><F9/><W88/><G76/><T79/><D79/><U80/><E80/><V3/><F3/><W59/><G59/><T81/><D81/><U56/><E56/><V5/><F5/><AGARI ba="3,0" hai="4,5,6,14,17,22,45,47,49,55,58" m="51755" machi="5" ten="30,1000,0" yaku="20,1" doraHai="67" who="0" fromWho="2" sc="152,19,230,0,458,-19,160,0" /><INIT seed="3,0,0,3,5,6" ten="171,230,439,160" oya="3" hai0="30,44,37,64,93,97,12,135,119,106,82,107,34" hai1="67,73,89,56,19,7,84,36,81,75,3,13,108" hai2="40,59,95,1,68,129,80,115,28,4,118,83,18" hai3="9,29,128,102,25,104,42,94,125,98,10,79,53"/><W72/><G125/><T43/><D119/><U57/><E36/><V35/><F59/><W65/><G128/><T26/><D135/><U62/><E108/><V49/><F95/><W38/><G65/><T110/><D110/><U92/><E57/><V111/><F83/><W77/><G53/><T69/><D82/><U5/><E3/><V52/><F80/><W22/><G72/><T122/><D122/><U132/><E132/><V27/><F49/><W63/><G63/><T99/><D99/><N who="1" m="57743" /><E75/><V91/><F111/><W133/><G133/><T14/><D107/><U45/><E45/><V16/><F28/><W76/><REACH who="3" step="1"/><G104/><REACH who="3" ten="171,230,439,150" step="2"/><T47/><D106/><U127/><E127/><V116/><F52/><W21/><G21/><T90/><REACH who="0" step="1"/><D47/><AGARI ba="0,1" hai="9,10,22,25,29,38,42,47,76,77,79,94,98,102" machi="47" ten="40,7700,0" yaku="1,1,52,2,53,0" doraHai="6" doraHaiUra="121" who="3" fromWho="0" sc="171,-77,230,0,439,0,150,87" /><INIT seed="3,1,0,4,3,48" ten="94,230,439,237" oya="3" hai0="85,108,93,121,131,106,44,64,8,0,111,112,72" hai1="91,132,18,74,11,122,81,6,42,19,49,80,76" hai2="78,12,27,117,101,2,40,109,94,41,116,110,70" hai3="10,34,55,120,92,31,45,63,24,119,35,114,3"/><W28/><G114/><T38/><D93/><U50/><E122/><V113/><F2/><W65/><G119/><T37/><D85/><U133/><E91/><V98/><F113/><W124/><G124/><T62/><D112/><U30/><E30/><V129/><F70/><W43/><G120/><T83/><D121/><U77/><E19/><V102/><F129/><W134/><G134/><N who="1" m="51818" /><E18/><V97/><F78/><W84/><G55/><T95/><D95/><U25/><E25/><V99/><F27/><W67/><G31/><T126/><D131/><U33/><E42/><N who="2" m="16491" /><F12/><W20/><G67/><T60/><D60/><U21/><E21/><V71/><F71/><W59/><G3/><T61/><D61/><U13/><E33/><V54/><F54/><W9/><G34/><T51/><D106/><U57/><E57/><V127/><F127/><W75/><G75/><AGARI ba="1,0" hai="6,11,13,49,50,74,75,76,77,80,81" m="51818" machi="75" ten="30,1000,0" yaku="20,1" doraHai="48" who="1" fromWho="3" sc="94,0,230,13,439,0,237,-13" owari="94,-40.6,243,4.3,439,53.9,224,-17.6" /></mjloggm>