<mjloggm ver="2.3"><GO type="225" lobby="0"/><UN n0="%E5%B8%86%E7%AB%8B%E5%A4%8F%E8%A1%A3" n1="%E3%81%AF%E3%82%88%E3%81%8A%E3%81%98%E3%81%95%E3%82%93" n2="%E3%81%8F%E3%81%BE%E3%81%96%E3%82%8F" n3="%E3%81%A1%E3%82%85%E3%81%86%E3%81%A9%E3%81%8F%E8%B1%A1%E3%81%95%E3%82%93" dan="17,16,16,17" rate="2173.20,2128.50,2017.32,2195.73" sx="M,M,M,M"/><TAIKYOKU oya="0"/><INIT seed="0,0,0,3,4,67" ten="250,250,250,250" oya="0" hai0="123,4,13,22,52,58,104,35,15,29,91,64,26" hai1="51,105,114,117,17,3,94,113,50,20,61,96,80" hai2="122,65,130,93,27,132,109,9,89,30,128,74,48" hai3="21,100,71,97,5,120,86,8,42,99,2,60,101"/><T40/><D123/><U121/><E121/><V77/><F122/><W11/><G120/><RYUUKYOKU type="kaze4" ba="0,0" sc="250,0,250,0,250,0,250,0" /><INIT seed="0,1,0,0,4,4" ten="250,250,250,250" oya="0" hai0="123,85,107,15,14,22,51,69,62,50,126,29,70" hai1="16,2,125,3,8,27,43,26,78,47,42,116,6" hai2="49,45,40,130,89,13,90,58,88,54,79,37,84" hai3="41,124,56,48,83,82,21,25,1,106,94,118,129"/><T96/><D126/><U98/><E116/><V120/><F120/><W60/><G118/><T87/><D123/><U113/><E125/><V97/><F130/><W134/><G106/><T36/><D36/><U30/><E113/><V135/><F135/><W18/><G124/><T100/><D29/><U64/><E2/><V74/><F74/><W65/><G134/><T105/><D22/><U5/><E5/><V76/><F97/><W86/><G1/><T95/><D96/><U52/><E64/><V7/><REACH who="2" step="1"/><F84/><REACH who="2" ten="250,250,240,250" step="2"/><W53/><G129/><T35/><D100/><U112/><E98/><V104/><F104/><W92/><G41/><T103/><D103/><U55/><E42/><V110/><F110/><W17/><G17/><T132/><D132/><U10/><E112/><V114/><F114/><W38/><G38/><T127/><D127/><U131/><E131/><V119/><F119/><W117/><G117/><T31/><D105/><U33/><E78/><V28/><F28/><W46/><REACH who="3" step="1"/><G83/><REACH who="3" ten="250,250,240,240" step="2"/><T81/><D81/><U115/><E115/><V61/><F61/><W91/><AGARI ba="1,2" hai="18,21,25,46,48,53,56,60,65,82,86,91,92,94" machi="91" ten="20,8000,1" yaku="1,1,2,1,0,1,7,1,8,1,53,0" doraHai="4" doraHaiUra="9" who="3" fromWho="3" sc="250,-41,250,-21,240,-21,240,103" /><INIT seed="1,0,0,5,2,134" ten="209,229,219,343" oya="1" hai0="7,23,114,43,3,83,65,76,135,20,124,123,101" hai1="68,105,39,32,24,16,108,12,29,37,106,70,15" hai2="93,88,112,44,130,41,92,77,96,122,17,97,2" hai3="107,129,125,117,100,79,46,103,10,115,95,35,54"/><U57/><E108/><V109/><F122/><W78/><G115/><T126/><D114/><U66/><E57/><V26/><F112/><W45/><G35/><T6/><D135/><U82/><E82/><V127/><F127/><N who="0" m="48682" /><D123/><U98/><E12/><V133/><F133/><W4/><G107/><T27/><D101/><N who="1" m="62647" /><E68/><V131/><F2/><W18/><G103/><T51/><D65/><U31/><E31/><V40/><F77/><W128/><G79/><T22/><D27/><U48/><E48/><V34/><F109/><W132/><G78/><T33/><D33/><U63/><E106/><V25/><F34/><W75/><G100/><T53/><D43/><U91/><E91/><V11/><F88/><W1/><G125/><T86/><D3/><U89/><E89/><V121/><F121/><W118/><G132/><T94/><D94/><U80/><E80/><V71/><F71/><W30/><G95/><T84/><D84/><U36/><E37/><V113/><F113/><W9/><G1/><T72/><D86/><U73/><E73/><V19/><F44/><AGARI ba="0,0" hai="6,7,20,22,23,44,51,53,72,76,83" m="48682" machi="44" ten="30,7700,0" yaku="18,1,52,3" doraHai="134" who="0" fromWho="2" sc="209,77,229,0,219,-77,343,0" /><INIT seed="2,0,0,5,4,21" ten="286,229,142,343" oya="2" hai0="79,96,124,72,57,28,17,112,62,68,53,58,25" hai1="54,37,6,75,97,93,60,23,105,26,16,64,91" hai2="81,70,1,19,8,122,74,13,41,9,123,108,14" hai3="49,7,134,18,0,71,44,101,29,88,3,65,36"/><V119/><F70/><W34/><G36/><T129/><D112/><U107/><E75/><V35/><F41/><W85/><G101/><T125/><D129/><U83/><E37/><V128/><F128/><W55/><G7/><T102/><D17/><U118/><E118/><V94/><F119/><W10/><G29/><T110/><D79/><U114/><E114/><V48/><F1/><W104/><G34/><N who="0" m="20751" /><D72/><U59/><E6/><V67/><F67/><W11/><G11/><T45/><D110/><U113/><E113/><V22/><F108/><W39/><G39/><T115/><D115/><U117/><E117/><V32/><F48/><W106/><G134/><T126/><D45/><U50/><REACH who="1" step="1"/><E83/><REACH who="1" ten="286,219,142,343" step="2"/><V12/><F81/><W66/><G0/><T80/><D80/><U40/><E40/><V30/><F74/><W89/><G3/><T24/><D125/><U51/><E51/><V99/><F122/><W76/><G49/><T52/><D126/><U120/><E120/><V63/><F123/><W77/><G77/><T46/><D124/><U31/><E31/><V43/><F43/><W69/><G76/><T87/><D46/><AGARI ba="0,1" hai="16,23,26,46,50,54,59,60,64,91,93,97,105,107" machi="46" ten="30,7700,0" yaku="1,1,7,1,52,1,54,1,53,0" doraHai="21" doraHaiUra="78" who="1" fromWho="0" sc="286,-77,219,87,142,0,343,0" /><INIT seed="3,0,0,3,2,14" ten="209,306,142,343" oya="3" hai0="101,26,94,121,76,10,45,32,33,84,120,81,28" hai1="49,77,131,107,100,25,24,92,68,29,18,46,59" hai2="128,20,127,126,97,48,1,104,129,98,65,95,61" hai3="88,63,19,119,60,30,105,9,115,71,2,135,106"/><W132/><G115/><T90/><D33/><U62/><E68/><V8/><F1/><W35/><G119/><T57/><D101/><U22/><E131/><N who="2" m="50251" /><F48/><W109/><G109/><T16/><D57/><U79/><E107/><N who="3" m="40970" /><G88/><T102/><D102/><U7/><E7/><V91/><F8/><W37/><G37/><T133/><D45/><U87/><E25/><V13/><F13/><N who="3" m="7599" /><G2/><T111/><D133/><N who="3" m="51273" /><G71/><T89/><D28/><U21/><E21/><V75/><F20/><W54/><G54/><T52/><D32/><U39/><E39/><V41/><F41/><W69/><G69/><T83/><D84/><U93/><E29/><V74/><F65/><W40/><G40/><T23/><D26/><AGARI ba="0,0" hai="26,30,35,60,63" m="51273,7599,40970" machi="26" ten="30,2900,0" yaku="20,1,52,1" doraHai="14" who="3" fromWho="0" sc="209,-29,306,0,142,0,343,29" owari="180,-22.0,306,10.6,142,-35.8,372,47.2" /></mjloggm>