<mjloggm ver="2.3"><GO type="225" lobby="0"/><UN n0="%72%69%6F%75%63%68%61%6E" n1="%73%6C%69%63%6B%33%31%39" n2="%E4%B8%89%E5%86%A0%E7%8E%8B%E3%83%BB%E5%B1%B1%E7%94%B0%E5%93%B2%E4%BA%BA" n3="%E6%98%93%E5%88%A9%E8%96%A9%E4%BC%AF" dan="17,17,16,16" rate="2245.86,2178.24,2176.07,2168.58" sx="M,M,M,F"/><TAIKYOKU oya="0"/><INIT seed="0,0,0,5,5,128" ten="250,250,250,250" oya="0" hai0="72,110,14,133,27,92,48,70,76,73,85,65,78" hai1="102,9,86,109,24,6,77,39,98,4,26,104,54" hai2="83,68,61,123,29,97,94,13,103,84,46,56,1" hai3="90,11,126,7,127,100,105,106,89,93,5,91,122"/><T75/><D133/><U129/><E39/><V32/><F1/><W12/><G7/><T112/><D112/><U25/><E129/><V134/><F68/><W62/><G122/><T40/><D110/><U18/><E109/><V81/><F123/><W8/><G62/><T71/><D27/><U135/><E135/><V66/><F134/><W101/><G93/><T30/><D30/><U130/><E130/><V80/><F32/><W50/><G50/><T21/><D92/><U96/><E96/><V95/><F29/><W113/><G113/><T115/><D115/><U58/><E77/><V132/><F132/><W125/><REACH who="3" step="1"/><G11/><REACH who="3" ten="250,250,250,240" step="2"/><T124/><D48/><U0/><E4/><V88/><F95/><W3/><G3/><T116/><D116/><U111/><E111/><V108/><F108/><W60/><G60/><T23/><D70/><U87/><REACH who="1" step="1"/><E18/><REACH who="1" ten="250,240,250,240" step="2"/><V17/><F17/><W52/><G52/><T38/><D38/><U59/><E59/><V20/><F56/><W28/><G28/><T120/><D71/><U117/><E117/><V10/><F97/><W47/><G47/><T131/><D120/><U82/><E82/><V119/><F46/><W51/><G51/><AGARI ba="0,2" hai="0,6,9,24,25,26,51,54,58,86,87,98,102,104" machi="51" ten="40,2600,0" yaku="1,1,53,1" doraHai="128" doraHaiUra="34" who="1" fromWho="3" sc="250,0,240,46,250,0,240,-26" /><INIT seed="1,0,0,0,2,41" ten="250,286,250,214" oya="1" hai0="10,12,124,83,121,72,68,89,111,44,91,107,109" hai1="25,131,2,27,79,103,130,48,34,26,28,127,7" hai2="69,46,123,120,70,128,43,67,78,85,18,119,14" hai3="77,17,115,11,93,3,110,6,135,55,45,59,116"/><U81/><E103/><V94/><F119/><W122/><G115/><T95/><D124/><U104/><E104/><V101/><F128/><N who="1" m="49193" /><E127/><V35/><F35/><W96/><G122/><T100/><D68/><U39/><E39/><V117/><F117/><W36/><G110/><N who="0" m="41995" /><D121/><U105/><E105/><V4/><F70/><W42/><G135/><T51/><D107/><U106/><E106/><V31/><F31/><W132/><G132/><T38/><D38/><U80/><E48/><V99/><F67/><W84/><G116/><T108/><N who="0" m="42003" /><T88/><DORA hai="98" /><D100/><U15/><E2/><V8/><F69/><W113/><G113/><T13/><D95/><U87/><E81/><V1/><F123/><W82/><G17/><N who="0" m="8343" /><D13/><U129/><N who="1" m="49201" /><U133/><DORA hai="75" /><E133/><V0/><F120/><W37/><G37/><T20/><D20/><U92/><E92/><V71/><F94/><W114/><G114/><T52/><D72/><U30/><E34/><V63/><F0/><W61/><REACH who="3" step="1"/><G93/><REACH who="3" ten="250,286,250,204" step="2"/><T134/><D134/><U57/><E28/><V21/><F101/><W33/><G33/><T112/><D112/><U66/><E30/><V32/><F32/><W40/><G40/><T58/><D58/><U97/><E57/><V50/><F71/><W16/><G16/><T125/><D125/><U22/><E7/><V19/><F19/><W9/><G9/><T47/><D47/><U74/><E22/><V76/><F18/><W73/><G73/><T90/><N who="0" m="22528" /><DORA hai="29" /><T86/><D86/><U64/><E74/><V49/><F21/><W24/><G24/><N who="1" m="6146" /><U5/><DORA hai="56" /><E5/><RYUUKYOKU type="kan4" ba="0,1" sc="250,0,286,0,250,0,204,0" /><INIT seed="1,1,1,5,1,107" ten="250,286,250,204" oya="1" hai0="119,89,80,42,83,37,98,101,103,134,16,55,28" hai1="10,97,14,52,24,39,95,96,25,115,57,7,20" hai2="72,34,62,74,73,77,5,92,46,13,27,110,82" hai3="105,26,135,133,116,113,59,130,93,106,47,12,79"/><U117/><E115/><V66/><F110/><W123/><G113/><T44/><D119/><U41/><E117/><V64/><F92/><W124/><G116/><T15/><D134/><N who="3" m="51209" /><G123/><T122/><D122/><U102/><E39/><V6/><F64/><W11/><G130/><T53/><D28/><U75/><E75/><V4/><F13/><W54/><G47/><T29/><D29/><U125/><E125/><V121/><F121/><W31/><G79/><T109/><D109/><U22/><E41/><V21/><F34/><N who="3" m="20855" /><G93/><T120/><D120/><U78/><E78/><V49/><F27/><W58/><G124/><T17/><D17/><U99/><E24/><V94/><F21/><N who="1" m="8297" /><E25/><V118/><F94/><W104/><G54/><T128/><D128/><U100/><E95/><V2/><F2/><W69/><G69/><T112/><D112/><U23/><N who="1" m="8305" /><U91/><DORA hai="131" /><E91/><V85/><F118/><W0/><G0/><T76/><D89/><U3/><E3/><V60/><REACH who="2" step="1"/><F66/><REACH who="2" ten="250,286,240,204" step="2"/><W67/><G67/><T86/><D103/><U61/><AGARI ba="1,2" hai="7,10,14,52,57,61,96,97,99,100,102" m="8305" machi="61" ten="40,3900,0" yaku="8,1,54,1" doraHai="107,131" who="1" fromWho="1" sc="250,-14,286,62,240,-14,204,-14" /><INIT seed="1,2,0,1,5,72" ten="236,348,226,190" oya="1" hai0="131,94,81,100,75,34,114,135,38,116,127,97,77" hai1="91,111,7,125,31,63,105,37,123,117,79,62,106" hai2="25,29,10,50,85,84,70,54,122,32,134,48,96" hai3="35,33,45,95,133,82,119,88,113,128,109,8,23"/><U24/><E117/><V69/><F122/><W74/><G113/><T53/><D114/><U112/><E112/><V52/><F134/><W108/><G133/><T129/><D116/><U98/><E37/><V47/><F96/><W44/><G128/><N who="0" m="49227" /><D38/><U90/><E123/><V39/><F39/><W102/><G102/><T0/><D0/><U61/><E125/><V27/><F10/><W57/><G8/><T99/><D34/><U58/><E7/><V86/><REACH who="2" step="1"/><F25/><REACH who="2" ten="236,348,216,190" step="2"/><W1/><G119/><T66/><D135/><U40/><E98/><V19/><F19/><W68/><G109/><T104/><D127/><U13/><E24/><V28/><F28/><W11/><G108/><T16/><D16/><U42/><E31/><V118/><F118/><W15/><G11/><T49/><D97/><U17/><E111/><V4/><F4/><W55/><G1/><T78/><D104/><U3/><E3/><V101/><F101/><W121/><G121/><T59/><D66/><U36/><E36/><V65/><F65/><W67/><G67/><T103/><D100/><U89/><E105/><V41/><F41/><W14/><G14/><T12/><D12/><U124/><E106/><V20/><F20/><W83/><G23/><T5/><D5/><U80/><E124/><V43/><F43/><N who="1" m="16425" /><E17/><V26/><F26/><W110/><G110/><T51/><D103/><U56/><E13/><V9/><F9/><W73/><G15/><T22/><D22/><U2/><E2/><V87/><N who="2" m="21504" /><DORA hai="30" /><V21/><F21/><W126/><G126/><T6/><D99/><U92/><E92/><RYUUKYOKU ba="2,1" sc="236,-15,348,15,216,15,190,-15" hai1="56,58,61,62,63,79,80,89,90,91" hai2="27,29,32,47,48,50,52,54,69,70" /><INIT seed="1,3,1,3,4,117" ten="221,363,231,175" oya="1" hai0="94,99,85,43,21,58,81,48,107,87,35,121,60" hai1="84,90,25,24,46,104,70,65,124,26,128,129,55" hai2="52,13,127,72,113,89,132,42,71,133,86,47,54" hai3="18,83,118,98,11,31,23,131,80,16,115,3,112"/><U114/><E114/><N who="3" m="43562" /><G98/><T62/><D35/><U30/><E104/><V125/><F72/><W134/><G83/><T8/><D121/><U20/><E70/><V69/><F113/><W39/><G80/><T126/><D126/><N who="2" m="48138" /><F13/><W6/><G39/><T44/><D8/><U119/><E65/><V59/><F89/><W109/><G118/><T78/><D21/><U14/><E14/><V17/><F86/><W96/><G96/><T49/><D107/><U82/><E119/><V77/><F77/><W32/><G109/><T108/><D108/><U41/><E55/><N who="2" m="21035" /><F17/><N who="3" m="6763" /><G134/><N who="2" m="51817" /><F59/><W116/><G116/><T105/><D87/><U122/><E122/><V50/><AGARI ba="3,1" hai="42,47,50,69,71" m="51817,21035,48138" machi="50" ten="40,8000,1" yaku="18,1,20,1,34,2,54,1" doraHai="117" who="2" fromWho="2" sc="221,-23,363,-43,231,99,175,-23" /><INIT seed="2,0,0,1,5,44" ten="198,320,330,152" oya="2" hai0="24,94,83,105,121,8,16,129,120,58,106,36,61" hai1="1,27,6,26,11,128,92,132,66,20,135,67,33" hai2="102,81,74,111,88,59,53,5,52,134,10,47,37" hai3="107,0,100,112,123,118,40,89,25,108,133,114,72"/><V80/><F102/><W75/><G0/><T84/><D36/><U19/><E128/><V2/><F134/><N who="1" m="51241" /><E92/><V87/><F59/><W103/><G133/><T82/><D129/><U38/><E38/><V43/><F111/><W3/><G3/><T4/><D94/><U51/><E51/><V34/><F34/><W110/><G25/><T125/><D125/><U104/><E104/><V45/><F45/><W90/><G40/><T63/><D106/><U32/><E26/><V35/><F35/><AGARI ba="0,0" hai="1,6,11,19,20,27,32,33,35,66,67" m="51241" machi="35" ten="30,1000,0" yaku="20,1" doraHai="44" who="1" fromWho="2" sc="198,0,320,10,330,-10,152,0" /><INIT seed="3,0,0,2,0,117" ten="198,330,320,152" oya="3" hai0="76,118,101,130,1,53,5,74,16,10,75,25,135" hai1="96,89,26,132,105,4,50,100,99,66,104,83,14" hai2="2,134,32,20,122,125,112,85,110,59,114,6,61" hai3="34,11,86,115,63,54,56,79,27,131,108,9,22"/><W109/><G115/><T15/><D118/><U57/><E132/><V119/><F32/><W69/><G34/><T93/><D135/><U43/><E26/><V46/><F134/><W94/><G131/><T80/><D130/><U8/><E104/><V3/><F119/><W82/><G69/><T47/><D25/><U127/><E127/><V98/><F125/><W19/><REACH who="3" step="1"/><G94/><REACH who="3" ten="198,330,320,142" step="2"/><T102/><D93/><U31/><E105/><V87/><F112/><W77/><G77/><T49/><D74/><U40/><E99/><V111/><F98/><W45/><G45/><T129/><D129/><U30/><E96/><V7/><F114/><W81/><G81/><T72/><D72/><U42/><E83/><V78/><F78/><W41/><G41/><T24/><D24/><U95/><E95/><V55/><F46/><W65/><G65/><T106/><D106/><U52/><E66/><V70/><F70/><W120/><G120/><T48/><D48/><U121/><E121/><V18/><F122/><W84/><G84/><T33/><D33/><U133/><E133/><V44/><F44/><W116/><G116/><T62/><D62/><U91/><E42/><V36/><F87/><W103/><G103/><T0/><D0/><U38/><E43/><V51/><F85/><W73/><G73/><T128/><D128/><U126/><E126/><V90/><F61/><W58/><G58/><T68/><D68/><U39/><E40/><V71/><F71/><W107/><G107/><T37/><REACH who="0" step="1"/><D37/><REACH who="0" ten="188,330,320,142" step="2"/><N who="1" m="13835" /><E100/><V21/><F36/><W113/><G113/><T123/><D123/><U17/><E50/><RYUUKYOKU ba="0,2" sc="188,15,330,-15,320,-15,142,15" hai0="1,5,10,15,16,47,49,53,75,76,80,101,102" hai3="9,11,19,22,27,54,56,63,79,82,86,108,109" /><INIT seed="3,1,2,1,3,37" ten="203,315,305,157" oya="3" hai0="0,102,124,56,73,7,97,50,86,120,8,25,49" hai1="68,84,70,29,12,58,129,65,87,114,51,20,96" hai2="100,122,90,39,71,19,52,81,27,82,89,69,11" hai3="64,2,98,9,35,134,117,62,34,128,127,41,74"/><W1/><G117/><T77/><D120/><U107/><E114/><V40/><F100/><W83/><G127/><T54/><D124/><U133/><E87/><V119/><F71/><W38/><G128/><T132/><D132/><U111/><E107/><V4/><F69/><N who="3" m="42135" /><G98/><T44/><D73/><U23/><E23/><N who="2" m="13823" /><F119/><W88/><G88/><T48/><D25/><U115/><E115/><V78/><F82/><W108/><G134/><T85/><D77/><U55/><E129/><V67/><F67/><W60/><G108/><T53/><D49/><U17/><E111/><V13/><F13/><W45/><G60/><T105/><AGARI ba="1,2" hai="0,7,8,44,48,50,53,54,56,85,86,97,102,105" machi="105" ten="20,1500,0" yaku="0,1,7,1" doraHai="37" who="0" fromWho="0" sc="203,38,315,-5,305,-5,157,-8" owari="241,-15.9,310,41.0,300,10.0,149,-35.1" /></mjloggm>