<mjloggm ver="2.3"><GO type="225" lobby="0"/><UN n0="%E6%B0%B7%E5%B7%9D%E9%87%8C%E5%A5%88" n1="%4B%2E%32%2E%4B%2E" n2="%74%61%6B%75%61%6B%61" n3="%E3%81%8B%E3%82%8F%E3%81%A1%E3%82%83%E3%82%93%35%38" dan="16,17,16,17" rate="2116.67,2177.04,2115.14,2126.45" sx="F,M,M,M"/><TAIKYOKU oya="0"/><INIT seed="0,0,0,4,5,31" ten="250,250,250,250" oya="0" hai0="75,28,10,65,7,42,99,19,47,41,37,54,109" hai1="57,63,60,30,26,105,88,43,21,22,39,101,69" hai2="25,103,93,68,33,9,17,73,111,107,126,89,59" hai3="119,90,13,108,134,79,117,118,106,40,86,0,71"/><T76/><D109/><U24/><E69/><V44/><F68/><W46/><G0/><T56/><D65/><U70/><E70/><V96/><F111/><W5/><G108/><T123/><D123/><U20/><E105/><V135/><F135/><W55/><G106/><T64/><D64/><U81/><E101/><V133/><F133/><W66/><G134/><T127/><D127/><U51/><E39/><V98/><F126/><W125/><G125/><T8/><D42/><U72/><E72/><V27/><F73/><W121/><G121/><T110/><D110/><U74/><E74/><V85/><F44/><W116/><G55/><T50/><D28/><U32/><E24/><V16/><F33/><W130/><G79/><T77/><D99/><U87/><REACH who="1" step="1"/><E57/><REACH who="1" ten="250,240,250,250" step="2"/><V61/><F25/><W113/><G118/><T97/><D75/><U36/><E36/><V52/><F27/><W49/><G117/><T67/><D37/><U132/><E132/><V131/><F131/><W129/><G119/><T58/><D58/><U45/><AGARI ba="0,1" hai="20,21,22,26,30,32,43,45,51,60,63,81,87,88" machi="45" ten="30,8000,1" yaku="1,1,0,1,52,1,54,1,53,1" doraHai="31" doraHaiUra="80" who="1" fromWho="1" sc="250,-40,240,90,250,-20,250,-20" /><INIT seed="1,0,0,1,1,63" ten="210,330,230,230" oya="1" hai0="115,113,103,92,41,101,36,72,1,11,95,14,30" hai1="15,96,28,104,49,71,83,8,79,57,66,90,45" hai2="38,125,29,47,32,100,132,128,68,6,106,74,116" hai3="61,127,24,39,62,12,131,9,93,2,42,0,70"/><U86/><E28/><V55/><RYUUKYOKU type="yao9" ba="0,0" sc="210,0,330,0,230,0,230,0" hai2="6,29,32,38,47,55,68,74,100,106,116,125,128,132" /><INIT seed="1,1,0,1,3,15" ten="210,330,230,230" oya="1" hai0="106,17,67,84,87,123,94,47,37,129,18,113,36" hai1="62,23,128,93,53,40,60,80,43,58,91,39,3" hai2="13,81,54,26,103,28,72,8,125,109,45,12,4" hai3="96,88,65,73,10,76,101,126,48,92,20,41,121"/><U56/><E3/><V9/><F109/><W24/><G121/><T22/><D106/><U66/><E128/><V38/><F125/><W49/><G126/><T85/><D113/><U21/><E80/><V7/><F103/><W14/><G65/><T42/><D129/><U104/><E104/><V5/><F72/><W95/><G76/><T32/><D32/><U31/><E39/><V100/><F100/><W50/><G73/><T68/><D123/><U25/><REACH who="1" step="1"/><E21/><REACH who="1" ten="210,320,230,230" step="2"/><N who="2" m="15439" /><F38/><W105/><G41/><T131/><D131/><U132/><E132/><V35/><F35/><W111/><G111/><T124/><D124/><U61/><E61/><V78/><F81/><W27/><G105/><T2/><D37/><U59/><E59/><V107/><F107/><W83/><G20/><T46/><D46/><U114/><E114/><V44/><F78/><W69/><G83/><T116/><D116/><U34/><E34/><V122/><F122/><W11/><G69/><T0/><D94/><U19/><E19/><N who="2" m="8583" /><F44/><W82/><G82/><T16/><REACH who="0" step="1"/><D22/><REACH who="0" ten="200,320,230,230" step="2"/><U70/><E70/><V57/><F45/><W63/><G95/><T99/><D99/><AGARI ba="1,2" hai="23,25,31,40,43,53,56,58,60,62,66,91,93,99" machi="99" ten="30,11600,0" yaku="1,1,7,1,8,1,53,1" doraHai="15" doraHaiUra="86" who="1" fromWho="0" sc="200,-119,320,139,230,0,230,0" /><INIT seed="1,2,0,5,5,59" ten="81,459,230,230" oya="1" hai0="6,10,13,42,64,30,50,16,90,115,2,1,20" hai1="15,60,130,89,27,25,62,99,47,56,114,33,31" hai2="126,119,3,135,61,123,36,9,85,104,92,45,124" hai3="40,134,0,106,53,12,52,112,17,73,46,125,88"/><U4/><E114/><V28/><F104/><W19/><G112/><T76/><D115/><U96/><E130/><V79/><F123/><W97/><G0/><T5/><D76/><U127/><E127/><N who="2" m="48683" /><F119/><W120/><G120/><T68/><D90/><U84/><E47/><V77/><F28/><W74/><G125/><T22/><D50/><U29/><E15/><V38/><F135/><W102/><G134/><T66/><D42/><U21/><E4/><N who="0" m="1641" /><D66/><U54/><REACH who="1" step="1"/><E62/><REACH who="1" ten="81,449,230,230" step="2"/><V43/><F61/><W117/><G46/><T105/><D1/><U11/><E11/><V81/><F9/><W101/><G12/><T58/><D2/><U82/><AGARI ba="2,1" hai="21,25,27,29,31,33,54,56,60,82,84,89,96,99" machi="82" ten="20,12000,1" yaku="1,1,0,1,7,1,52,1,53,1" doraHai="59" doraHaiUra="18" who="1" fromWho="1" sc="81,-42,449,136,230,-42,230,-42" /><INIT seed="1,3,0,4,2,60" ten="39,585,188,188" oya="1" hai0="71,4,35,61,103,123,56,29,91,116,100,46,105" hai1="41,58,96,30,78,70,24,64,19,53,104,124,131" hai2="95,2,40,10,51,111,88,120,37,33,82,57,3" hai3="79,76,52,69,85,118,133,18,21,109,93,73,5"/><U83/><E124/><V26/><F120/><W68/><G73/><T36/><D116/><U86/><E131/><V129/><F111/><W97/><G5/><T84/><D123/><U54/><E41/><V17/><F129/><W106/><G106/><T15/><D71/><U7/><E7/><V128/><F128/><W27/><G69/><T1/><D1/><U94/><E19/><V48/><F82/><W9/><G68/><T34/><D4/><U6/><E6/><V80/><F80/><W125/><G109/><T28/><D15/><U75/><E58/><V87/><F37/><W47/><G125/><T115/><D115/><U22/><E75/><V112/><F48/><N who="3" m="28703" /><G133/><T11/><D11/><U42/><E42/><V90/><F33/><W121/><G121/><T132/><D132/><U25/><E25/><V63/><F26/><W23/><G9/><T38/><D46/><U45/><E104/><V92/><F10/><W39/><G39/><T119/><D105/><U55/><E45/><N who="2" m="26023" /><F112/><W62/><G118/><T108/><D119/><U134/><E70/><V43/><F43/><W107/><G107/><T98/><D108/><U8/><E8/><V74/><F74/><W31/><G62/><T135/><D135/><U113/><E113/><V77/><F2/><W14/><G85/><T81/><D35/><U49/><E49/><V0/><F0/><W13/><G13/><T72/><D72/><U50/><E50/><V117/><F3/><W16/><G18/><T32/><D32/><U44/><E134/><V20/><F117/><W130/><G130/><T65/><D38/><RYUUKYOKU ba="3,0" sc="39,-10,585,-10,188,-10,188,30" hai3="14,16,21,23,27,31,76,79,93,97" /><INIT seed="2,4,0,4,3,66" ten="29,575,178,218" oya="2" hai0="120,18,9,101,23,78,105,25,103,128,37,130,98" hai1="14,32,96,87,19,11,55,109,132,70,63,29,52" hai2="43,79,126,48,82,104,108,34,115,2,119,114,88" hai3="60,67,5,83,3,127,117,107,33,35,39,36,7"/><V38/><F119/><W17/><G117/><T53/><D120/><U134/><E109/><V84/><F126/><W100/><G17/><T24/><D37/><N who="3" m="14409" /><G7/><T8/><D78/><U71/><E87/><V122/><F122/><W13/><G13/><T73/><D73/><U31/><E96/><V99/><F38/><W74/><G127/><T113/><D113/><U30/><E32/><V0/><F34/><W1/><G100/><T125/><D125/><U46/><E46/><V64/><F108/><W41/><G41/><T6/><D53/><N who="1" m="20555" /><E63/><V65/><F114/><W51/><G51/><T15/><D101/><U40/><E40/><V116/><F116/><W95/><G95/><T85/><D85/><U4/><E4/><V90/><F115/><W133/><G133/><AGARI ba="4,0" hai="11,14,19,29,30,31,70,71,132,133,134" m="20555" machi="133" ten="30,7700,0" yaku="20,1,52,2,54,1" doraHai="66" who="1" fromWho="3" sc="29,0,575,89,178,0,218,-89" /><INIT seed="3,0,0,5,3,98" ten="29,664,178,129" oya="3" hai0="26,50,87,38,119,65,111,72,56,39,13,102,100" hai1="7,114,32,117,36,110,96,52,84,116,54,106,9" hai2="107,69,130,58,91,75,55,134,30,82,35,34,94" hai3="103,20,45,51,120,8,6,101,27,14,86,11,131"/><W21/><G131/><T108/><D72/><U78/><E36/><V76/><F69/><W135/><G120/><T90/><D119/><U29/><E114/><V18/><F130/><W62/><G135/><T61/><D26/><U59/><E110/><N who="0" m="42025" /><D13/><U127/><E127/><V105/><F18/><W67/><G11/><T24/><D24/><U85/><E29/><V79/><F79/><W112/><G112/><T95/><D50/><U60/><E54/><V118/><F55/><W46/><G86/><T74/><D74/><U81/><E32/><V15/><F34/><W25/><G25/><T132/><D132/><U22/><E22/><V1/><F35/><W0/><G0/><T70/><D70/><U115/><E115/><V41/><F15/><W99/><G21/><T49/><D49/><U83/><E106/><V133/><F105/><W5/><G5/><T2/><D2/><U47/><E47/><V126/><F1/><W10/><G10/><T109/><N who="0" m="42033" /><T124/><DORA hai="113" /><D124/><U31/><E31/><V88/><F30/><W123/><G46/><T42/><D42/><U92/><E9/><V37/><F41/><W121/><G45/><T57/><D57/><U40/><E7/><V71/><F126/><W66/><G27/><T28/><D28/><U80/><E40/><V16/><F133/><W3/><G3/><T89/><D89/><N who="1" m="55311" /><E85/><V23/><F134/><W33/><G8/><T104/><D104/><U125/><E125/><V68/><F107/><W53/><G6/><T129/><D129/><U93/><E84/><V48/><F71/><W128/><G128/><RYUUKYOKU ba="0,0" sc="29,30,664,-10,178,-10,129,-10" hai0="38,39,56,61,65,87,90,95,100,102" owari="59,-44.1,654,75.4,168,-3.2,119,-28.1" /></mjloggm>