<mjloggm ver="2.3"><GO type="225" lobby="0"/><UN n0="%E5%8D%A0%E3%81%84%E5%B8%AB%E8%A3%8F%E3%81%AA%E3%81%84%E3%81%97" n1="%E5%B8%86%E7%AB%8B%E5%A4%8F%E8%A1%A3" n2="%E3%83%B4%E3%83%A0%EF%BC%99%E3%81%A6" n3="%75%72%6A%61%63%6B" dan="17,17,16,17" rate="2178.93,2158.43,2122.03,2101.61" sx="M,M,M,M"/><TAIKYOKU oya="0"/><INIT seed="0,0,0,0,5,123" ten="250,250,250,250" oya="0" hai0="126,3,109,88,122,28,101,30,103,48,4,33,93" hai1="69,70,91,117,132,51,10,2,42,0,8,19,87" hai2="83,41,125,99,128,61,79,110,67,40,107,21,119" hai3="15,31,130,44,80,5,52,108,116,96,112,25,27"/><T49/><D122/><U53/><E117/><V94/><F119/><W114/><G116/><T43/><D126/><U102/><E132/><V118/><F118/><W121/><G121/><T56/><D33/><U105/><E42/><V26/><F107/><W23/><G130/><T82/><D3/><U84/><E102/><N who="0" m="38921" /><D4/><U89/><E105/><V97/><F128/><W74/><G80/><T129/><D129/><U57/><E57/><V50/><F125/><W78/><G96/><N who="0" m="57383" /><D109/><U104/><E51/><N who="0" m="19529" /><D43/><U16/><REACH who="1" step="1"/><E104/><REACH who="1" ten="250,240,250,250" step="2"/><V115/><F41/><W65/><G114/><T131/><D131/><U6/><E6/><V120/><F115/><W20/><G5/><T72/><D72/><U9/><E9/><V55/><F40/><W11/><G74/><T17/><D56/><U34/><E34/><V73/><F120/><W58/><G11/><T135/><D135/><U76/><E76/><V86/><F79/><W32/><G78/><T47/><D47/><U38/><E38/><V100/><F73/><W36/><G112/><T59/><D59/><U29/><E29/><N who="0" m="11369" /><D17/><U64/><E64/><V124/><F67/><W77/><G65/><T92/><D92/><U71/><E71/><V1/><F50/><W127/><G127/><T60/><D82/><U113/><E113/><V85/><F83/><W90/><G36/><T18/><D18/><U95/><E95/><V111/><F124/><W46/><G77/><T66/><D66/><U12/><E12/><V45/><F94/><W63/><G15/><T134/><D134/><U133/><E133/><V62/><F100/><W13/><G13/><RYUUKYOKU ba="0,1" sc="250,15,240,15,250,-15,250,-15" hai0="60" hai1="0,2,8,10,16,19,53,69,70,84,87,89,91" /><INIT seed="0,1,1,4,5,66" ten="265,255,235,235" oya="0" hai0="89,131,115,69,72,108,38,8,92,119,28,111,46" hai1="120,37,112,0,100,71,102,121,133,44,103,118,39" hai2="43,82,57,90,49,132,113,3,1,94,125,98,63" hai3="117,123,95,9,18,33,78,41,53,64,76,83,107"/><T86/><D115/><U21/><E118/><V62/><F113/><W85/><G117/><T124/><D119/><U7/><E112/><V134/><F125/><W12/><G107/><T68/><D72/><U105/><E105/><V91/><F82/><W25/><G123/><T5/><D124/><U22/><E133/><N who="2" m="51307" /><F90/><W23/><G33/><T116/><D131/><U17/><E0/><N who="2" m="75" /><F43/><W114/><G114/><T6/><D28/><U122/><E7/><N who="0" m="2569" /><D8/><U31/><E44/><V75/><F75/><W54/><G64/><T20/><D116/><U128/><E128/><V47/><F47/><W13/><G13/><T15/><D15/><U80/><E80/><V27/><F27/><W67/><G67/><T129/><D20/><U14/><E71/><V29/><F29/><N who="3" m="17599" /><G41/><N who="0" m="22839" /><D129/><U10/><REACH who="1" step="1"/><E31/><REACH who="1" ten="265,245,235,235" step="2"/><V130/><F130/><W45/><G45/><T126/><D126/><U4/><E4/><V30/><F30/><W58/><G95/><T32/><D32/><U42/><E42/><V26/><F94/><W97/><G83/><T127/><D127/><U34/><E34/><V11/><F57/><W79/><G58/><T74/><D74/><U65/><E65/><V19/><F19/><W2/><G2/><T101/><D101/><U106/><E106/><V84/><F11/><W61/><G18/><T93/><D93/><U50/><E50/><V56/><F49/><W55/><G9/><T52/><D52/><U135/><E135/><V70/><F56/><W96/><G54/><T87/><D87/><U40/><E40/><V36/><F84/><W48/><G85/><T73/><D73/><RYUUKYOKU ba="1,2" sc="265,15,245,15,235,-15,235,-15" hai0="68,69,86,89,92,108,111" hai1="10,14,17,21,22,37,39,100,102,103,120,121,122" /><INIT seed="0,2,2,3,0,13" ten="280,260,220,220" oya="0" hai0="55,97,126,104,96,62,8,49,14,31,68,121,38" hai1="25,60,30,73,39,43,132,67,124,83,4,135,58" hai2="6,37,130,87,61,15,106,129,42,56,19,12,51" hai3="11,26,81,76,113,2,57,28,99,127,86,110,20"/><T125/><D121/><U128/><E124/><N who="0" m="47721" /><D38/><U46/><E128/><N who="2" m="49259" /><F106/><W48/><G127/><T65/><D31/><U40/><E40/><V54/><F6/><W122/><G122/><T45/><D104/><U0/><E25/><V102/><F102/><W71/><G71/><T16/><AGARI ba="2,2" hai="8,14,16,45,49,55,62,65,68,96,97" m="47721" machi="16" ten="30,6000,0" yaku="18,1,52,1,54,1" doraHai="13" who="0" fromWho="0" sc="280,86,260,-22,220,-22,220,-22" /><INIT seed="0,3,0,2,0,62" ten="366,238,198,198" oya="0" hai0="14,4,16,69,125,38,7,68,96,26,13,28,46" hai1="117,108,11,49,42,53,128,129,133,15,71,27,94" hai2="130,48,5,82,19,95,43,75,112,22,88,45,113" hai3="24,34,92,9,6,114,81,134,0,17,111,84,105"/><T106/><D125/><U123/><E117/><V122/><F122/><W77/><G114/><T10/><D106/><U98/><E123/><V67/><F130/><N who="1" m="50281" /><E108/><V109/><F109/><W102/><G111/><T73/><D73/><U66/><E133/><V99/><F5/><W74/><G134/><T86/><D96/><U126/><E126/><V21/><F21/><W119/><G119/><T51/><D38/><U103/><E27/><V83/><F67/><W131/><G131/><T116/><D116/><U104/><E42/><V23/><F23/><W2/><G17/><T65/><D86/><U30/><E30/><V93/><F93/><W90/><G24/><T91/><D91/><U31/><E31/><V47/><F47/><W33/><REACH who="3" step="1"/><G2/><REACH who="3" ten="366,238,198,188" step="2"/><T63/><D26/><U118/><E118/><V120/><F120/><W101/><G101/><T61/><D28/><U25/><E25/><V8/><F113/><W127/><G127/><T18/><D18/><U121/><E121/><V32/><F112/><W55/><G55/><T132/><D132/><U115/><E115/><V135/><F135/><W12/><G12/><T57/><D13/><U59/><E15/><V85/><F19/><W54/><G54/><T35/><D14/><U20/><E11/><V1/><F8/><W3/><G3/><T40/><D10/><U50/><E53/><V87/><F1/><W44/><G44/><T56/><D16/><U97/><E103/><V78/><F45/><W100/><G100/><T80/><D46/><U60/><E20/><V124/><F124/><W58/><G58/><T110/><D56/><RYUUKYOKU ba="3,1" sc="366,-10,238,-10,198,-10,188,30" hai3="0,6,9,33,34,74,77,81,84,90,92,102,105" /><INIT seed="1,4,1,3,5,73" ten="356,228,188,218" oya="1" hai0="71,89,81,77,94,16,30,129,102,21,39,90,53" hai1="93,23,117,49,87,20,103,118,108,99,9,41,83" hai2="19,96,33,135,97,82,6,11,104,76,28,37,131" hai3="40,0,115,91,1,128,65,111,120,86,47,14,113"/><U133/><E133/><V95/><F104/><W43/><G120/><T119/><D119/><U18/><E108/><V107/><F107/><W2/><G111/><T69/><D39/><U134/><E134/><V38/><F135/><W112/><G128/><T68/><D129/><U122/><E122/><V12/><F131/><W105/><G105/><T35/><D102/><U5/><E117/><V27/><F6/><W72/><G72/><T32/><D30/><U123/><E123/><V15/><F15/><W79/><G65/><T66/><D66/><U78/><E118/><V130/><F130/><W52/><G79/><T57/><D32/><U56/><E18/><V126/><F126/><W110/><G110/><T54/><D35/><U22/><E56/><V50/><F50/><W29/><G29/><T64/><D64/><U26/><E26/><V46/><F46/><W13/><G52/><T60/><D94/><U84/><E84/><V124/><F96/><W92/><REACH who="3" step="1"/><G47/><REACH who="3" ten="356,228,188,208" step="2"/><T100/><D53/><U55/><E55/><V121/><F121/><W101/><G101/><T59/><D100/><U36/><E41/><AGARI ba="4,2" hai="0,1,2,13,14,40,41,43,86,91,92,112,113,115" machi="41" ten="50,1600,0" yaku="1,1,53,0" doraHai="73" doraHaiUra="25" who="3" fromWho="1" sc="356,0,228,-28,188,0,208,48" /><INIT seed="2,0,0,0,3,105" ten="356,200,188,256" oya="2" hai0="26,118,56,130,10,122,77,104,133,19,11,128,30" hai1="28,46,45,69,97,113,15,74,83,95,27,25,109" hai2="33,117,78,0,68,7,49,90,37,98,13,55,6" hai3="1,65,75,102,124,14,40,134,121,88,96,84,47"/><V127/><F117/><W35/><G1/><T3/><D122/><U50/><E69/><V43/><F33/><W12/><G121/><T107/><D133/><U53/><E113/><V92/><F68/><W58/><G35/><T119/><D77/><U120/><E120/><V52/><F127/><W44/><G75/><T80/><D80/><U81/><E109/><V51/><F0/><W99/><G134/><T126/><D126/><U9/><E46/><N who="3" m="17450" /><G40/><T32/><D56/><U54/><E53/><N who="2" m="20555" /><F37/><W114/><G124/><T36/><D36/><U29/><E74/><V123/><F123/><W103/><G114/><T70/><D70/><U2/><E2/><V135/><F135/><W41/><G41/><T20/><D107/><U67/><E67/><V115/><F115/><W61/><G99/><T73/><D73/><U63/><E63/><V16/><F78/><W106/><G106/><T94/><D104/><U82/><E29/><V87/><F98/><W21/><G96/><T111/><D111/><U110/><E28/><V116/><F116/><N who="0" m="44586" /><D3/><U100/><REACH who="1" step="1"/><E110/><REACH who="1" ten="356,190,188,256" step="2"/><V131/><F43/><W64/><G64/><T17/><D30/><U18/><AGARI ba="0,1" hai="9,15,18,25,27,45,50,54,81,82,83,95,97,100" machi="18" ten="30,8000,1" yaku="1,1,2,1,0,1,8,1,53,1" doraHai="105" doraHaiUra="93" who="1" fromWho="1" sc="356,-20,190,90,188,-40,256,-20" /><INIT seed="3,0,0,5,3,54" ten="336,280,148,236" oya="3" hai0="73,131,118,125,34,132,113,98,66,90,56,108,121" hai1="53,120,99,134,10,82,36,27,52,70,33,1,57" hai2="111,63,35,68,102,101,19,128,14,42,13,78,39" hai3="50,94,89,25,46,29,92,21,107,64,95,127,2"/><W23/><G127/><T17/><RYUUKYOKU type="yao9" ba="0,0" sc="336,0,280,0,148,0,236,0" hai0="17,34,56,66,73,90,98,108,113,118,121,125,131,132" /><INIT seed="3,1,0,2,2,90" ten="336,280,148,236" oya="3" hai0="5,70,34,129,115,117,4,61,23,55,65,123,1" hai1="33,43,124,118,53,13,37,103,96,99,49,50,31" hai2="54,132,2,120,62,82,36,97,9,77,32,60,17" hai3="52,15,107,16,102,86,14,0,69,44,67,59,48"/><W130/><G130/><T12/><D117/><U76/><E124/><V85/><F32/><W75/><G75/><T88/><D123/><U72/><E118/><V127/><F127/><W68/><G0/><T122/><D34/><U98/><E31/><V21/><F120/><W104/><G14/><T131/><D122/><U126/><E33/><V63/><F36/><W121/><G121/><T24/><D1/><U28/><E28/><V39/><F39/><W46/><G46/><T92/><D55/><U95/><E126/><V101/><F132/><W135/><G135/><T74/><D12/><U29/><E29/><V73/><F73/><W7/><G7/><T114/><D74/><U133/><E133/><V110/><F110/><W45/><G45/><T134/><D134/><U56/><E37/><V51/><F9/><W30/><G30/><N who="0" m="17695" /><D4/><U38/><E38/><V91/><F77/><W27/><G27/><T109/><D5/><U79/><E72/><V22/><F2/><W84/><G44/><T57/><D70/><U78/><E43/><V58/><REACH who="2" step="1"/><F17/><REACH who="2" ten="336,280,138,236" step="2"/><W112/><G16/><T81/><D109/><U116/><E78/><V6/><F6/><W64/><G112/><T41/><D115/><U105/><E79/><V8/><F8/><W18/><G18/><T89/><D114/><U25/><E76/><V19/><F19/><W3/><G3/><T83/><D131/><U20/><E13/><V108/><F108/><W87/><G15/><T47/><D129/><U128/><E128/><V35/><F35/><W71/><G107/><AGARI ba="1,1" hai="21,22,51,54,58,60,62,63,82,85,91,97,101,107" machi="107" ten="40,1300,0" yaku="1,1,53,0" doraHai="90" doraHaiUra="111" who="2" fromWho="3" sc="336,0,280,0,138,26,236,-16" owari="336,43.6,280,8.0,164,-33.6,220,-18.0" /></mjloggm>