<mjloggm ver="2.3"><GO type="225" lobby="0"/><UN n0="%E8%81%B7%E6%A5%AD%E3%80%81%E9%A2%A8%32" n1="%E3%83%9F%E3%83%AA%E3%83%80%E3%81%97%E3%82%88" n2="%E9%BB%92%E9%89%84%E7%8F%A0%E9%9B%AB" n3="%E3%81%99%E3%81%84%E3%81%BE%E3%81%9B%E3%83%BC%E3%82%93" dan="16,16,16,16" rate="2096.13,2051.66,2178.80,2094.57" sx="M,M,F,M"/><TAIKYOKU oya="0"/><INIT seed="0,0,0,3,0,65" ten="250,250,250,250" oya="0" hai0="101,24,114,15,52,21,93,126,75,110,69,55,135" hai1="34,29,88,39,124,7,4,112,72,9,119,58,47" hai2="16,44,94,35,132,111,82,81,121,109,57,117,37" hai3="90,53,49,27,91,84,11,86,50,74,48,77,68"/><T128/><D114/><U133/><E119/><V0/><F121/><W83/><G68/><T67/><D75/><U1/><E112/><V42/><F35/><W122/><G122/><T40/><D40/><U76/><E133/><V3/><F132/><W129/><G129/><T12/><D128/><U113/><E113/><V123/><F123/><W96/><G96/><N who="0" m="59535" /><D69/><U108/><E108/><V61/><F117/><W46/><G27/><T60/><D135/><U87/><E124/><V104/><F104/><W5/><G74/><T10/><D126/><U25/><E7/><V102/><F0/><W107/><G107/><T26/><D110/><N who="2" m="41994" /><F3/><W71/><G71/><T106/><D106/><U30/><E30/><V36/><F36/><W6/><G77/><T92/><D92/><U32/><E76/><V99/><F16/><W2/><REACH who="3" step="1"/><G5/><REACH who="3" ten="250,250,250,240" step="2"/><N who="0" m="3151" /><D67/><AGARI ba="0,1" hai="37,42,44,57,61,67,81,82,94,99,102" m="41994" machi="67" ten="30,1000,0" yaku="14,1" doraHai="65" who="2" fromWho="0" sc="250,-10,250,0,250,20,240,0" /><INIT seed="1,0,0,1,5,76" ten="240,250,270,240" oya="1" hai0="86,56,62,109,133,88,116,58,50,64,97,4,115" hai1="92,74,120,43,68,127,16,30,17,135,93,10,40" hai2="122,83,89,125,104,108,98,47,114,80,22,59,63" hai3="126,124,95,132,69,71,23,27,31,129,28,57,100"/><U72/><E120/><V87/><F122/><W73/><G73/><T8/><D109/><U105/><E105/><V1/><F1/><W101/><G129/><T78/><D115/><U44/><E68/><V118/><F118/><W70/><G132/><T18/><D133/><U24/><E135/><V0/><F0/><W33/><G57/><T134/><D116/><U14/><E127/><N who="3" m="48682" /><G95/><N who="0" m="56551" /><D134/><U82/><E17/><V48/><F125/><W81/><G81/><N who="0" m="47415" /><D4/><U37/><E43/><N who="2" m="24703" /><F108/><W60/><G60/><N who="0" m="37895" /><D50/><U112/><E112/><V3/><F3/><W13/><G13/><N who="0" m="7463" /><D58/><U20/><REACH who="1" step="1"/><E72/><REACH who="1" ten="240,240,270,240" step="2"/><V53/><F104/><W55/><G71/><T49/><D49/><U111/><E111/><V123/><F123/><W79/><G70/><T107/><D107/><U66/><E66/><V67/><F114/><W45/><G69/><T90/><D90/><U103/><E103/><V121/><F121/><W11/><G101/><T46/><D46/><U7/><E7/><V119/><F119/><W117/><G100/><T61/><AGARI ba="0,1" hai="61,62" m="7463,37895,47415,56551" machi="61" ten="30,4000,0" yaku="8,1,52,1,54,1" doraHai="76" who="0" fromWho="0" sc="240,50,240,-20,270,-10,240,-10" /><INIT seed="2,0,0,3,1,97" ten="290,220,260,230" oya="2" hai0="35,64,25,48,32,67,21,86,134,49,114,33,31" hai1="115,38,75,81,126,132,120,5,58,6,84,12,99" hai2="27,122,17,104,102,29,51,47,118,127,119,61,43" hai3="135,11,59,130,4,39,133,116,103,34,0,131,57"/><V3/><F122/><W93/><G39/><T1/><D1/><U44/><E115/><V107/><F3/><W62/><G116/><T112/><D134/><N who="3" m="51209" /><G34/><T14/><D86/><U117/><E117/><V63/><F127/><W76/><G76/><T55/><D14/><U91/><E132/><V66/><F17/><W72/><G72/><T45/><REACH who="0" step="1"/><D49/><REACH who="0" ten="280,220,260,230" step="2"/><U80/><E126/><V2/><F2/><W30/><G0/><T128/><D128/><U87/><E120/><V54/><F119/><W37/><G37/><T95/><D95/><U88/><E75/><V73/><F73/><W123/><G123/><T10/><D10/><U92/><E12/><V13/><F13/><W90/><G11/><T16/><D16/><U15/><E15/><V40/><F118/><W100/><G4/><T96/><D96/><U79/><REACH who="1" step="1"/><E58/><REACH who="1" ten="280,210,260,230" step="2"/><N who="2" m="37175" /><F27/><W22/><G131/><T23/><D23/><U113/><E113/><AGARI ba="0,2" hai="21,25,31,32,33,35,45,48,55,64,67,112,113,114" machi="113" ten="50,1600,0" yaku="1,1,53,0" doraHai="97" doraHaiUra="8" who="0" fromWho="1" sc="280,36,210,-16,260,0,230,0" /><INIT seed="3,0,0,1,3,0" ten="316,194,260,230" oya="3" hai0="55,8,2,37,41,107,39,115,84,74,68,99,104" hai1="1,106,110,23,100,118,58,22,67,83,122,31,65" hai2="127,59,103,11,43,92,12,69,61,120,89,131,14" hai3="87,21,6,7,112,44,75,47,33,27,97,102,90"/><W34/><G112/><T3/><D115/><U125/><E122/><V48/><F120/><W130/><G75/><T126/><D74/><U71/><E118/><V63/><F69/><W128/><G34/><T24/><D3/><U133/><E110/><V36/><F131/><N who="3" m="50219" /><G33/><T56/><D68/><U109/><E109/><V46/><F127/><W17/><G47/><T119/><D119/><U78/><E133/><V134/><F134/><W132/><G44/><T25/><D126/><U13/><E125/><V117/><F103/><W20/><G20/><T111/><D111/><U30/><E1/><V29/><F29/><W80/><G132/><T76/><D41/><U129/><E71/><V95/><F14/><W123/><G123/><T116/><D24/><U96/><E129/><V16/><F117/><W62/><G62/><T35/><D25/><U51/><E67/><V85/><F95/><AGARI ba="0,0" hai="6,7,17,21,27,80,87,90,95,97,102" m="50219" machi="95" ten="30,5800,0" yaku="19,1,52,2" doraHai="0" who="3" fromWho="2" sc="316,0,194,0,260,-58,230,58" /><INIT seed="3,1,0,2,0,70" ten="316,194,202,288" oya="3" hai0="7,31,40,74,37,110,119,122,113,78,51,35,121" hai1="53,3,101,61,12,132,124,11,41,8,111,17,52" hai2="83,22,9,72,114,103,109,13,42,4,86,131,50" hai3="65,67,134,82,118,133,19,49,99,75,55,80,79"/><W77/><G118/><T112/><D110/><U81/><E111/><V59/><F114/><N who="0" m="44138" /><D119/><U106/><E124/><V23/><F72/><N who="3" m="43047" /><G19/><T30/><D37/><U34/><E34/><V56/><F109/><W24/><G24/><N who="0" m="18887" /><D31/><U102/><E132/><N who="3" m="50794" /><G99/><T15/><D78/><U58/><E41/><V85/><F42/><W60/><G60/><T96/><D74/><U98/><E102/><V57/><F103/><W135/><N who="3" m="50802" /><W54/><DORA hai="32" /><G54/><T88/><D40/><U39/><E39/><V46/><F50/><W29/><G29/><T108/><D51/><U36/><E36/><V18/><F18/><W123/><G123/><T107/><D108/><U97/><E97/><V125/><F125/><W66/><G66/><T21/><D107/><U71/><E71/><V28/><F28/><W63/><G63/><T10/><D21/><U48/><E81/><V128/><F23/><W5/><G5/><T130/><D130/><N who="2" m="49706" /><F22/><W26/><G26/><T127/><D127/><U94/><E106/><V100/><F83/><W6/><G6/><T47/><D47/><AGARI ba="1,0" hai="47,49,55,65,67,75,79,82" m="50802,43047" machi="47" ten="40,2000,0" yaku="20,1" doraHai="70,32" who="3" fromWho="0" sc="316,-23,194,0,202,0,288,23" owari="293,9.3,194,-30.6,202,-19.8,311,41.1" /></mjloggm>