<mjloggm ver="2.3"><GO type="225" lobby="0"/><UN n0="%E9%80%9F%E6%B0%B4%E5%87%9B%E9%A6%99" n1="%6B%79%6F%6E%6B%6F%31%31" n2="%E3%81%A9%E3%82%8F%E3%82%93%E3%81%94" n3="%E3%81%8F%E3%81%BE%E3%81%96%E3%82%8F" dan="16,17,16,16" rate="2149.88,2191.51,2193.61,2067.13" sx="F,M,M,M"/><TAIKYOKU oya="0"/><INIT seed="0,0,0,2,2,40" ten="250,250,250,250" oya="0" hai0="73,96,55,35,47,31,42,75,0,30,130,110,38" hai1="118,134,25,54,44,19,22,102,123,43,1,71,68" hai2="28,88,91,63,60,32,64,3,17,112,135,16,103" hai3="93,116,45,20,99,104,133,41,72,2,59,66,34"/><T74/><D130/><U27/><E118/><V14/><F112/><W76/><G116/><T115/><D115/><U23/><E123/><V81/><F3/><W21/><G34/><T10/><D110/><U101/><E134/><V15/><F135/><W94/><G104/><T111/><D111/><U107/><E54/><V36/><F36/><W18/><G2/><T132/><D132/><U127/><E1/><V126/><F103/><W90/><G133/><T77/><D96/><U33/><E33/><V57/><F126/><W117/><G117/><T6/><BYE who="3" /><D55/><U7/><E7/><V87/><F28/><UN n3="%E3%81%8F%E3%81%BE%E3%81%96%E3%82%8F" /><W129/><G129/><T39/><D39/><U128/><E128/><V89/><F32/><W48/><G93/><T119/><D119/><U124/><E107/><V62/><F14/><W82/><G18/><N who="2" m="7273" /><F15/><W24/><G24/><N who="0" m="18887" /><D31/><U105/><E19/><V122/><F122/><W79/><G72/><T80/><AGARI ba="0,0" hai="0,6,10,38,42,47,73,74,75,77,80" m="18887" machi="80" ten="30,11700,0" yaku="25,1,33,2,52,1" doraHai="40" who="0" fromWho="0" sc="250,117,250,-39,250,-39,250,-39" /><INIT seed="0,1,0,2,2,66" ten="367,211,211,211" oya="0" hai0="106,73,134,123,58,117,127,76,8,23,79,2,129" hai1="75,44,85,103,108,30,128,7,110,81,48,101,63" hai2="16,78,84,14,29,97,52,61,132,113,47,98,133" hai3="118,28,4,82,43,10,35,91,122,17,104,15,41"/><T26/><D123/><U53/><E75/><V27/><F113/><W6/><G118/><T126/><D106/><U21/><E128/><V109/><F109/><N who="1" m="42089" /><E7/><V60/><F78/><W46/><G104/><T88/><D117/><U114/><E114/><V59/><F84/><W115/><G115/><T105/><D105/><U99/><E99/><V19/><F47/><W131/><G131/><T5/><D129/><U54/><E30/><V116/><F61/><W57/><G122/><T55/><D134/><N who="2" m="51818" /><F116/><W87/><G43/><T34/><D34/><U68/><E21/><N who="2" m="11415" /><F19/><W50/><G28/><T107/><D73/><U77/><E54/><V92/><F92/><W96/><G35/><AGARI ba="1,0" hai="27,29,35,52,59,60,97,98" m="11415,51818" machi="35" ten="30,3900,0" yaku="20,1,54,2" doraHai="66" who="2" fromWho="3" sc="367,0,211,0,211,42,211,-42" /><INIT seed="1,0,0,0,1,126" ten="367,211,253,169" oya="1" hai0="4,110,31,132,86,121,73,119,44,47,9,32,46" hai1="94,98,112,104,39,57,62,23,115,30,58,78,16" hai2="69,67,87,6,11,13,79,34,0,61,19,85,41" hai3="92,91,82,125,40,27,26,49,114,63,118,54,66"/><U68/><E39/><V20/><F79/><W12/><G114/><T28/><D73/><U109/><E104/><V97/><F41/><W76/><G125/><T10/><D119/><U83/><E30/><V51/><F51/><W22/><G40/><T48/><D110/><U5/><E68/><V124/><F124/><W29/><G118/><T17/><D132/><U24/><E5/><V123/><F123/><W56/><G12/><T21/><D121/><U38/><E38/><V95/><REACH who="2" step="1"/><F34/><REACH who="2" ten="367,211,243,169" step="2"/><W84/><G29/><T3/><D48/><U71/><E71/><V88/><AGARI ba="0,1" hai="0,6,11,13,19,20,61,67,69,85,87,88,95,97" machi="88" ten="20,8000,1" yaku="1,1,2,1,0,1,7,1,54,1,53,0" doraHai="126" doraHaiUra="129" who="2" fromWho="2" sc="367,-20,211,-40,243,90,169,-20" /><INIT seed="2,0,0,5,2,68" ten="347,171,333,149" oya="2" hai0="106,78,42,46,95,98,30,83,43,130,80,122,54" hai1="37,79,135,115,134,3,110,55,1,81,17,25,0" hai2="56,89,102,13,91,67,53,9,132,86,111,47,85" hai3="23,118,119,27,92,52,65,19,82,34,99,66,16"/><V94/><F132/><N who="1" m="50729" /><E115/><V10/><F111/><W14/><G118/><T4/><D106/><U108/><E55/><V6/><F67/><W2/><G119/><T127/><D130/><U120/><E120/><V70/><F70/><W28/><G2/><T103/><D127/><U33/><E17/><V18/><F102/><W87/><G19/><T60/><D122/><U105/><E105/><V36/><F47/><W62/><G62/><T72/><D4/><U104/><E104/><V133/><F36/><W109/><G109/><N who="1" m="42090" /><E37/><V126/><F126/><W71/><G71/><T8/><D54/><U96/><E96/><V24/><F133/><W57/><G99/><T114/><D98/><U121/><E121/><V129/><F129/><W50/><REACH who="3" step="1"/><G92/><REACH who="3" ten="347,171,333,139" step="2"/><T97/><D95/><U84/><E1/><V69/><F69/><W40/><G40/><T44/><D42/><U39/><E0/><V5/><F94/><W15/><G15/><T101/><D43/><U75/><E3/><V59/><F13/><W123/><G123/><T90/><D97/><U131/><E131/><V12/><F12/><W124/><G124/><T77/><D114/><U49/><E25/><V74/><F18/><W125/><G125/><T20/><D60/><U73/><E49/><V7/><F24/><W116/><G116/><T100/><D100/><U29/><E39/><V128/><F128/><W21/><G21/><T107/><D103/><U93/><E93/><V88/><F7/><W31/><G31/><T113/><D101/><U32/><E29/><V64/><F5/><W22/><G22/><T48/><D20/><RYUUKYOKU ba="0,1" sc="347,-15,171,15,333,-15,139,15" hai1="32,33,73,75,79,81,84" hai3="14,16,23,27,28,34,50,52,57,65,66,82,87" /><INIT seed="3,1,1,1,2,118" ten="332,186,318,154" oya="3" hai0="73,4,13,124,110,123,100,70,51,42,61,37,86" hai1="133,119,131,38,102,117,2,64,106,40,76,17,71" hai2="91,92,74,114,32,43,46,28,26,21,19,23,129" hai3="130,8,49,11,127,0,126,20,94,52,57,75,31"/><W14/><G130/><T30/><D73/><U41/><E2/><V29/><F129/><W116/><G116/><T99/><D123/><U7/><E7/><V120/><F74/><W84/><G75/><T3/><D3/><U83/><E41/><V90/><F120/><W35/><G35/><T72/><D72/><N who="1" m="43399" /><E17/><V103/><F114/><W22/><G0/><T36/><D124/><N who="3" m="47657" /><G31/><N who="2" m="11849" /><F32/><W79/><G94/><T55/><D110/><U105/><E133/><V78/><F78/><W108/><G108/><T81/><D30/><U58/><E58/><V69/><F69/><W112/><G112/><T122/><D122/><U15/><E15/><V1/><F23/><N who="3" m="8747" /><G14/><T96/><D13/><U50/><E105/><V95/><F1/><W34/><G34/><T9/><D70/><U97/><E131/><V44/><F95/><W67/><G67/><T56/><D9/><U87/><E64/><V68/><F68/><W85/><G85/><T16/><D86/><U62/><E71/><V33/><F33/><W53/><G53/><T93/><D55/><U109/><E87/><V115/><F115/><W132/><G132/><T10/><D93/><U113/><E109/><V27/><F27/><W59/><G59/><T65/><D56/><U121/><E113/><V82/><F82/><AGARI ba="1,1" hai="8,11,49,52,57,79,82,84" m="8747,47657" machi="82" ten="30,2900,0" yaku="18,1,54,1" doraHai="118" who="3" fromWho="2" sc="332,0,186,0,318,-32,154,42" /><INIT seed="3,2,0,3,4,119" ten="332,186,286,196" oya="3" hai0="22,97,11,125,39,65,47,51,95,4,29,88,46" hai1="75,86,110,44,120,132,15,36,54,76,64,20,134" hai2="94,130,124,101,0,14,25,18,28,69,89,80,45" hai3="106,131,103,60,24,83,108,21,102,90,129,8,116"/><W105/><G116/><T50/><D39/><U49/><E75/><V58/><F69/><W100/><G8/><T52/><D125/><U5/><E36/><V68/><F68/><W135/><G60/><T111/><D111/><U67/><E110/><V16/><F124/><W33/><G108/><T59/><D65/><U66/><E120/><V43/><F0/><W118/><G33/><T42/><D29/><U23/><E5/><V34/><F130/><N who="3" m="49675" /><G118/><T71/><D71/><U77/><E15/><V57/><F80/><W85/><G135/><N who="1" m="51754" /><E86/><V121/><F101/><N who="3" m="25859" /><W3/><DORA hai="133" /><G3/><T98/><D22/><AGARI ba="2,0" hai="20,22,23,44,49,54,64,66,67,76,77" m="51754" machi="22" ten="30,1000,0" yaku="20,1" doraHai="119,133" who="1" fromWho="0" sc="332,-16,186,16,286,0,196,0" owari="316,41.6,202,-19.8,286,8.6,196,-30.4" /></mjloggm>