<mjloggm ver="2.3"><GO type="225" lobby="0"/><UN n0="%E3%80%93%E3%81%97%E3%83%BC%E3%82%89%E3%80%93" n1="%E6%81%A5%E6%99%92%E3%81%97" n2="%E3%81%B2%E3%81%AA%E3%81%AE%E3%82%8A%E3%81%8F" n3="%E6%B8%A1%E5%A4%A9%E8%97%8D" dan="16,16,16,16" rate="2174.86,2105.83,2114.99,2134.47" sx="M,M,M,M"/><TAIKYOKU oya="0"/><INIT seed="0,0,0,5,3,21" ten="250,250,250,250" oya="0" hai0="26,64,119,112,126,130,37,132,45,66,22,100,40" hai1="87,107,131,98,43,118,82,77,28,114,24,80,81" hai2="108,8,29,105,79,7,44,85,78,50,39,83,70" hai3="133,73,10,52,67,51,68,91,125,96,9,19,1"/><T76/><D112/><U15/><E118/><V101/><F108/><W20/><G73/><T72/><D119/><U48/><E131/><V25/><F70/><W122/><G1/><T134/><D130/><U13/><E114/><V71/><F71/><W62/><G125/><T111/><D126/><U18/><E107/><V99/><F39/><W12/><G133/><N who="0" m="51307" /><D111/><U47/><E98/><V135/><F78/><W93/><REACH who="3" step="1"/><G122/><REACH who="3" ten="250,250,250,240" step="2"/><T34/><D34/><U35/><REACH who="1" step="1"/><E13/><REACH who="1" ten="250,240,250,240" step="2"/><V104/><F135/><W75/><G75/><T84/><D72/><U3/><E3/><V55/><F105/><W60/><G60/><T120/><D120/><U113/><E113/><V128/><F128/><W65/><G65/><T46/><D66/><U89/><E89/><V33/><F104/><W103/><G103/><T16/><D100/><U53/><E53/><V32/><F101/><W59/><AGARI ba="0,2" hai="9,10,12,19,20,51,52,59,62,67,68,91,93,96" machi="59" ten="20,8000,1" yaku="1,1,0,1,7,1,54,1,53,1" doraHai="21" doraHaiUra="61" who="3" fromWho="3" sc="250,-40,240,-20,250,-20,240,100" /><INIT seed="1,0,0,3,4,54" ten="210,220,230,340" oya="1" hai0="57,86,80,26,109,1,100,98,83,92,3,22,13" hai1="85,113,58,69,47,87,84,44,93,111,49,97,88" hai2="90,23,17,8,16,37,119,82,101,133,72,63,53" hai3="107,73,15,5,115,31,21,38,96,105,6,91,104"/><U36/><E113/><V45/><F119/><W129/><G38/><T51/><D109/><U41/><E111/><V95/><F133/><W124/><G115/><T79/><D13/><U103/><E69/><V50/><F101/><W7/><G73/><T19/><D51/><U120/><E120/><V14/><F72/><W29/><G129/><T12/><D57/><U25/><E25/><V74/><F74/><W40/><G40/><T89/><D12/><U34/><E34/><V102/><F102/><W132/><G132/><T52/><D52/><N who="1" m="32015" /><E36/><V71/><F37/><W110/><G124/><T112/><D112/><U65/><E65/><V66/><F82/><W27/><G110/><T59/><D59/><U77/><E77/><V121/><F121/><W118/><G118/><T81/><REACH who="0" step="1"/><D79/><REACH who="0" ten="200,220,230,340" step="2"/><U64/><E64/><V30/><F30/><W123/><G29/><T35/><D35/><U126/><E126/><V108/><F108/><W127/><G127/><T56/><D56/><U46/><E41/><V43/><F43/><W117/><G31/><T20/><D20/><U48/><E48/><V134/><F23/><W39/><G21/><T116/><D116/><U18/><E18/><V9/><F134/><W55/><G117/><T128/><D128/><U42/><E42/><V75/><F9/><W78/><G39/><T4/><D4/><U94/><AGARI ba="0,1" hai="44,46,47,84,85,87,88,93,94,97,103" m="32015" machi="94" ten="30,11700,0" yaku="8,1,52,1,54,2" doraHai="54" who="1" fromWho="1" sc="200,-39,220,127,230,-39,340,-39" /><INIT seed="1,1,0,4,0,75" ten="161,347,191,301" oya="1" hai0="62,100,118,119,99,127,11,25,77,84,32,21,111" hai1="57,12,83,58,43,10,34,63,50,17,0,48,60" hai2="123,113,95,132,67,91,4,129,52,88,73,76,82" hai3="45,116,47,115,44,66,109,85,134,5,9,121,22"/><U65/><E34/><V122/><F132/><W33/><G33/><T40/><D32/><U41/><E0/><V18/><F67/><W49/><G115/><T35/><D35/><U55/><REACH who="1" step="1"/><E83/><REACH who="1" ten="161,337,191,301" step="2"/><V24/><F113/><W90/><G134/><T72/><D119/><U105/><E105/><V108/><F123/><W2/><G121/><T37/><D118/><U133/><E133/><V54/><F122/><W96/><G116/><T106/><D106/><U61/><E61/><V125/><F129/><W39/><G109/><T15/><D62/><U89/><E89/><V68/><F108/><W107/><G107/><T131/><D111/><U93/><E93/><V114/><F114/><W19/><G90/><T112/><D131/><U20/><E20/><V38/><F91/><W27/><G22/><T87/><D21/><U130/><E130/><V16/><F88/><W6/><G2/><T80/><D112/><U42/><AGARI ba="1,1" hai="10,12,17,41,42,43,48,50,55,57,58,60,63,65" machi="42" ten="30,6000,0" yaku="1,1,0,1,8,1,53,0" doraHai="75" doraHaiUra="120" who="1" fromWho="1" sc="161,-21,337,73,191,-21,301,-21" /><INIT seed="1,2,0,0,2,95" ten="140,410,170,280" oya="1" hai0="9,5,19,64,122,83,126,12,94,118,24,115,59" hai1="96,90,77,102,110,29,107,98,46,123,112,27,37" hai2="76,15,20,8,45,61,113,11,14,18,26,134,44" hai3="80,79,104,50,129,128,30,117,70,57,114,74,47"/><U65/><E112/><V36/><F113/><W58/><G70/><T35/><D115/><U33/><E123/><V119/><F119/><W72/><G72/><T88/><D118/><U10/><E77/><V28/><F134/><W101/><G117/><T103/><D122/><U66/><E110/><V39/><F76/><W17/><G114/><T81/><D103/><U49/><E37/><V87/><F87/><W63/><G30/><T4/><D126/><U71/><E71/><V22/><F61/><W25/><G25/><T62/><D35/><U41/><E10/><V51/><F44/><W89/><G17/><T93/><D93/><U32/><E32/><V54/><REACH who="2" step="1"/><F11/><REACH who="2" ten="140,410,160,280" step="2"/><W130/><G63/><T31/><D31/><U34/><E29/><V73/><F73/><W6/><G74/><T97/><D4/><AGARI ba="2,1" hai="4,8,14,15,18,20,22,26,28,36,39,45,51,54" machi="4" ten="30,2000,0" yaku="1,1,7,1,53,0" doraHai="95" doraHaiUra="99" who="2" fromWho="0" sc="140,-26,410,0,160,36,280,0" /><INIT seed="2,0,0,1,3,109" ten="114,410,196,280" oya="2" hai0="81,125,126,90,52,23,10,132,105,61,95,83,134" hai1="32,4,131,51,101,121,73,133,8,98,22,108,66" hai2="44,85,56,100,65,135,53,124,11,84,77,14,80" hai3="41,17,5,112,20,118,102,24,119,111,45,40,71"/><V38/><F135/><N who="0" m="51754" /><D10/><U25/><E108/><V55/><F124/><N who="0" m="47722" /><D23/><U107/><E66/><V0/><F0/><W128/><G71/><T3/><D3/><U88/><E51/><N who="2" m="28903" /><F38/><W47/><G111/><T9/><D9/><U92/><E73/><V76/><F100/><W34/><G34/><T6/><D6/><U27/><E121/><V15/><F65/><W50/><G102/><T74/><D74/><U99/><E32/><V78/><F80/><N who="0" m="30794" /><D61/><U86/><E22/><V7/><F15/><W1/><G1/><T49/><D49/><AGARI ba="0,0" hai="7,11,14,49,55,56,76,77,78,84,85" m="28903" machi="49" ten="30,1500,0" yaku="8,1" doraHai="109" who="2" fromWho="0" sc="114,-15,410,0,196,15,280,0" /><INIT seed="2,1,0,0,1,97" ten="99,410,211,280" oya="2" hai0="112,15,40,91,5,44,33,117,24,87,65,89,39" hai1="94,93,95,71,83,10,8,18,63,84,120,74,16" hai2="42,20,110,69,50,73,4,0,111,96,133,28,36" hai3="21,118,77,38,29,100,85,115,47,22,56,127,75"/><V76/><F69/><W122/><G75/><T72/><D72/><U92/><E74/><V124/><F124/><W101/><G122/><T70/><D112/><U90/><E120/><V25/><F50/><W59/><G118/><T57/><D117/><U49/><E49/><V23/><F133/><W13/><G127/><T3/><D70/><U30/><E30/><V53/><F53/><W105/><G105/><T12/><D3/><U26/><E71/><V9/><F23/><N who="3" m="8715" /><G38/><T108/><D108/><N who="2" m="41514" /><F96/><W102/><G115/><T109/><D109/><U79/><E63/><V27/><F27/><W135/><G135/><T81/><D5/><U46/><E46/><N who="2" m="23879" /><F73/><W54/><G29/><T134/><D134/><U62/><E62/><V6/><F4/><W106/><G106/><T60/><REACH who="0" step="1"/><D91/><REACH who="0" ten="89,410,211,280" step="2"/><U132/><E132/><V86/><F76/><W123/><G123/><T64/><D64/><U66/><E66/><V130/><F86/><W35/><G85/><T7/><D7/><U32/><E79/><V88/><F88/><W104/><G77/><T37/><D37/><U78/><E78/><V99/><F130/><W58/><G104/><T131/><D131/><U41/><E90/><V45/><F99/><W31/><G35/><T119/><D119/><U67/><E32/><V114/><F114/><W14/><G31/><AGARI ba="1,1" hai="12,15,24,31,33,39,40,44,57,60,65,81,87,89" machi="31" ten="40,2600,0" yaku="1,1,53,1" doraHai="97" doraHaiUra="52" who="0" fromWho="3" sc="89,39,410,0,211,0,280,-29" /><INIT seed="3,0,0,2,4,27" ten="128,410,211,251" oya="3" hai0="18,51,67,110,91,63,15,32,20,126,12,111,134" hai1="109,122,9,47,56,53,116,36,70,37,19,23,1" hai2="117,2,46,81,132,72,52,108,49,75,25,40,80" hai3="31,85,65,29,61,39,98,44,113,86,104,17,7"/><W0/><G113/><T35/><D91/><U62/><E122/><V79/><F2/><W77/><G0/><T76/><D76/><U130/><E109/><N who="0" m="41481" /><D51/><N who="1" m="30783" /><E116/><V54/><F108/><W106/><G7/><T30/><D63/><U41/><E37/><V5/><F117/><W45/><G17/><N who="0" m="10279" /><D67/><N who="1" m="41335" /><E130/><V129/><F5/><W125/><G77/><T6/><D134/><U124/><E124/><V96/><F129/><W119/><G125/><T95/><D126/><U118/><E1/><V33/><F96/><W4/><G98/><T58/><D58/><U131/><E131/><V107/><F107/><W71/><G104/><T42/><D95/><U14/><E118/><V59/><F132/><W64/><G106/><T43/><D43/><U24/><E9/><V102/><F102/><W93/><G45/><T87/><D87/><U100/><E100/><V21/><F81/><W82/><G119/><T26/><D42/><U94/><E94/><V97/><F97/><W69/><G93/><T90/><D90/><U73/><E73/><V8/><F72/><W115/><G85/><T78/><D78/><U92/><E92/><V11/><F40/><W103/><G103/><T68/><D68/><U10/><E10/><V48/><F11/><W60/><G71/><T13/><D6/><U28/><E41/><V34/><F75/><W99/><G69/><T50/><D50/><U105/><E36/><V66/><F49/><W83/><G83/><T84/><D84/><U135/><E135/><V112/><F80/><W120/><G82/><T123/><D123/><U22/><E105/><V88/><F79/><RYUUKYOKU ba="0,0" sc="128,-10,410,30,211,-10,251,-10" hai1="14,19,22,23,24,28,47" owari="118,-38.2,440,54.0,201,-19.9,241,4.1" /></mjloggm>