<mjloggm ver="2.3"><GO type="225" lobby="0"/><UN n0="%6D%75%75%73%61%6E%6D%75" n1="%E3%81%BD%E3%81%A1%E3%81%9F%E3%81%93%E3%82%84" n2="%E4%B8%89%E5%88%86%E5%B0%8F%E5%83%A7" n3="%E8%BE%9B%E5%8F%A3%E3%82%AB%E3%83%AC%E3%83%BC%E3%83%A9%E3%82%A4%E3%82%B9" dan="17,17,16,17" rate="2154.42,2173.45,2103.24,2230.02" sx="F,M,M,M"/><TAIKYOKU oya="0"/><INIT seed="0,0,0,4,0,103" ten="250,250,250,250" oya="0" hai0="52,134,62,69,105,73,118,115,74,63,78,54,133" hai1="22,81,35,0,98,89,8,4,70,2,28,93,42" hai2="135,55,27,38,126,15,104,33,116,39,40,59,45" hai3="88,20,25,79,3,108,9,67,72,6,50,32,65"/><T101/><D115/><U112/><E112/><V120/><F120/><W7/><G108/><T64/><D118/><U37/><E70/><V92/><F126/><W90/><G32/><T44/><D62/><U48/><E37/><V24/><F135/><N who="0" m="51722" /><D78/><U5/><E35/><V34/><F116/><W1/><G50/><N who="0" m="28743" /><D54/><U14/><E42/><V49/><F104/><W117/><G117/><T47/><D47/><U16/><E48/><V102/><F39/><W51/><G51/><T132/><N who="0" m="51730" /><T95/><DORA hai="122" /><D95/><U53/><E53/><V124/><F124/><W41/><G41/><T11/><D11/><U110/><E110/><V111/><F111/><W36/><G36/><T123/><D123/><U12/><E81/><V21/><F34/><W113/><G113/><T85/><D85/><U31/><REACH who="1" step="1"/><E5/><REACH who="1" ten="250,240,250,250" step="2"/><V17/><REACH who="2" step="1"/><F33/><REACH who="2" ten="250,240,240,250" step="2"/><W107/><G6/><T106/><D106/><U56/><E56/><V97/><AGARI ba="0,2" hai="15,17,21,24,27,38,40,45,49,55,59,92,97,102" machi="97" ten="30,4000,0" yaku="1,1,2,1,0,1,53,0" doraHai="103,122" doraHaiUra="66,75" who="2" fromWho="2" sc="250,-20,240,-10,240,60,250,-10" /><INIT seed="1,0,0,3,3,24" ten="230,230,300,240" oya="1" hai0="135,46,36,92,39,83,59,61,96,114,121,50,52" hai1="1,100,10,20,107,22,91,78,35,124,44,56,48" hai2="103,129,38,117,33,60,23,49,70,112,15,122,8" hai3="118,113,47,43,88,90,32,18,42,55,110,3,86"/><U67/><E35/><V28/><F117/><W120/><G113/><T57/><D114/><U99/><E124/><V95/><F122/><W17/><G120/><T81/><D121/><U58/><E78/><V45/><F38/><W62/><G3/><T21/><D135/><U123/><E123/><V66/><F129/><W87/><G32/><T109/><D109/><U12/><E1/><V93/><F112/><W16/><G110/><T126/><D126/><U69/><E69/><V11/><F33/><W115/><G115/><T97/><D39/><U27/><E91/><V94/><F103/><W119/><G62/><T82/><D36/><U72/><E72/><V4/><F11/><W134/><G134/><T65/><D21/><U19/><E67/><V89/><F23/><W106/><G106/><T128/><D128/><U7/><REACH who="1" step="1"/><E22/><REACH who="1" ten="230,220,300,240" step="2"/><V133/><F133/><W85/><G119/><T40/><REACH who="0" step="1"/><D92/><REACH who="0" ten="220,220,300,240" step="2"/><U2/><E2/><V73/><F94/><W31/><G118/><T101/><D101/><U9/><E9/><V108/><F95/><W111/><G111/><T84/><D84/><U116/><E116/><V0/><F108/><W53/><G87/><T64/><D64/><U30/><E30/><V68/><F28/><W80/><G31/><T75/><D75/><U41/><AGARI ba="0,2" hai="7,10,12,19,20,27,41,44,48,56,58,99,100,107" machi="41" ten="20,7800,0" yaku="1,1,0,1,7,1,53,1" doraHai="24" doraHaiUra="102" who="1" fromWho="1" sc="220,-26,220,98,300,-26,240,-26" /><INIT seed="1,1,0,5,1,53" ten="194,318,274,214" oya="1" hai0="133,115,24,104,69,70,92,79,126,39,124,36,99" hai1="130,76,21,20,51,1,14,10,105,42,57,47,114" hai2="35,60,112,2,118,25,82,12,117,100,56,121,101" hai3="98,125,87,37,34,6,28,66,80,119,96,31,55"/><U45/><E114/><V123/><F2/><W89/><G37/><N who="0" m="14411" /><D115/><U38/><E130/><V50/><F112/><W90/><G125/><N who="0" m="48235" /><D92/><U95/><E105/><V122/><F50/><W64/><G119/><T29/><D79/><U3/><E76/><V116/><F82/><W71/><G71/><T13/><D13/><U61/><E1/><V48/><F48/><W107/><G6/><T108/><D108/><U128/><E3/><V23/><F12/><W0/><G0/><T40/><D40/><U30/><E95/><V49/><F49/><W32/><G107/><T41/><D41/><U11/><E128/><V129/><F35/><W113/><G113/><T16/><D133/><U94/><E94/><V88/><F88/><W72/><G72/><T65/><D16/><U7/><E10/><V73/><F73/><W15/><G15/><T109/><D65/><U111/><E30/><V84/><F84/><W58/><G87/><T8/><D8/><U43/><REACH who="1" step="1"/><E111/><REACH who="1" ten="194,308,274,214" step="2"/><V9/><F9/><W131/><G131/><T97/><D109/><U83/><E83/><V18/><REACH who="2" step="1"/><F129/><REACH who="2" ten="194,308,264,214" step="2"/><W93/><G80/><T134/><D97/><U86/><E86/><V103/><F103/><W78/><G78/><T106/><D99/><U17/><E17/><V127/><F127/><W22/><G98/><T68/><D134/><U4/><E4/><V52/><AGARI ba="1,2" hai="18,23,25,52,56,60,100,101,116,117,118,121,122,123" machi="52" ten="40,8000,1" yaku="1,1,0,1,52,1,54,1,53,0" doraHai="53" doraHaiUra="33" who="2" fromWho="2" sc="194,-21,308,-41,264,103,214,-21" /><INIT seed="2,0,0,2,0,56" ten="173,267,367,193" oya="2" hai0="118,125,27,107,71,81,80,60,129,106,16,84,58" hai1="74,89,32,76,97,130,100,134,30,43,87,7,70" hai2="94,116,64,23,119,124,75,73,99,77,120,72,92" hai3="51,37,95,132,35,61,14,127,55,31,52,104,103"/><V13/><F64/><W10/><G37/><T108/><D71/><U29/><E70/><V5/><F23/><W79/><G104/><T101/><D108/><U82/><E130/><V39/><F39/><W86/><G132/><T65/><D129/><U47/><E7/><V128/><F13/><W15/><G127/><T22/><D125/><U59/><E32/><V53/><F53/><W0/><G35/><T26/><D118/><U46/><E59/><V42/><F42/><W102/><G0/><T135/><D135/><U33/><E134/><V66/><F66/><W83/><G31/><T105/><D27/><U98/><E98/><V44/><F44/><N who="3" m="27751" /><G95/><T28/><D81/><U68/><E68/><V69/><F69/><W11/><G15/><T24/><D101/><N who="3" m="38409" /><G14/><T12/><REACH who="0" step="1"/><D28/><REACH who="0" ten="163,267,367,193" step="2"/><U126/><E126/><V54/><F124/><W38/><G38/><T123/><D123/><U2/><E29/><V19/><F120/><W113/><G113/><T57/><D57/><AGARI ba="0,1" hai="10,11,55,57,61,79,83,86" m="38409,27751" machi="57" ten="30,3900,0" yaku="8,1,52,1,54,1" doraHai="56" who="3" fromWho="0" sc="163,-39,267,0,367,0,193,49" /><INIT seed="3,0,0,1,1,112" ten="124,267,367,242" oya="3" hai0="63,73,4,101,131,28,82,62,122,108,51,54,89" hai1="77,99,67,1,36,130,100,135,26,133,127,97,37" hai2="83,50,18,113,123,90,65,22,42,33,49,29,9" hai3="39,134,96,79,80,94,60,21,45,69,91,20,117"/><W12/><G134/><N who="1" m="51210" /><E1/><V0/><F113/><W32/><G32/><T57/><D122/><U44/><E130/><V74/><F65/><W6/><G117/><T85/><D131/><U43/><E127/><V10/><F74/><W61/><G39/><T116/><D108/><U48/><E77/><V5/><F10/><W121/><G121/><T129/><D129/><U132/><E132/><V8/><F8/><W53/><G6/><T23/><D73/><U93/><E67/><V76/><F76/><W75/><G69/><T110/><D110/><U19/><E19/><V124/><F42/><W128/><G128/><T25/><D4/><U118/><E118/><V7/><F7/><W2/><G2/><T86/><D101/><N who="1" m="60591" /><E26/><N who="2" m="18615" /><F124/><W109/><G109/><T16/><D116/><U102/><E102/><V70/><F70/><W95/><G95/><AGARI ba="0,0" hai="36,37,43,44,48,95,99,100" m="60591,51210" machi="95" ten="30,1000,0" yaku="20,1" doraHai="112" who="1" fromWho="3" sc="124,0,267,10,367,0,242,-10" owari="124,-37.6,277,7.7,367,46.7,232,-16.8" /></mjloggm>