<mjloggm ver="2.3"><GO type="225" lobby="0"/><UN n0="%E3%81%8B%E3%82%8F%E3%81%A1%E3%82%83%E3%82%93%35%38" n1="%E3%83%99%E3%83%AB%E3%83%A2%E3%83%83%E3%83%88" n2="%E3%81%A9%E3%82%8F%E3%82%93%E3%81%94" n3="%E6%A1%9C%E8%8A%B1%E9%96%83%E3%80%85" dan="16,16,16,16" rate="2168.66,2071.76,2079.96,2111.00" sx="M,M,M,M"/><TAIKYOKU oya="0"/><INIT seed="0,0,0,2,5,133" ten="250,250,250,250" oya="0" hai0="132,119,63,47,22,73,52,110,94,69,44,92,50" hai1="39,113,107,71,23,53,24,87,16,81,99,0,86" hai2="14,100,38,76,57,60,114,124,128,25,120,19,2" hai3="4,36,26,93,41,95,112,85,11,31,121,102,105"/><T10/><D119/><U111/><E39/><V101/><F120/><W43/><G112/><T82/><D132/><U72/><E71/><V20/><F38/><W68/><G68/><T21/><D110/><U35/><E111/><V109/><F2/><W98/><G121/><T45/><D10/><U62/><E0/><V104/><F114/><W18/><G18/><T54/><D73/><U65/><E72/><V48/><F128/><W33/><G85/><T70/><D82/><U51/><E35/><V8/><F104/><W108/><G108/><T130/><D130/><U30/><E30/><V106/><F106/><W12/><REACH who="3" step="1"/><G36/><REACH who="3" ten="250,250,250,240" step="2"/><T15/><D69/><U134/><E87/><V13/><F109/><W131/><G131/><T3/><D70/><U67/><E86/><V90/><F19/><W58/><G58/><N who="0" m="35271" /><D3/><U116/><E113/><V115/><F115/><W88/><G88/><T84/><D84/><U61/><E134/><V80/><F90/><W5/><G5/><T17/><D21/><U66/><E81/><V56/><F20/><W32/><G32/><T7/><D7/><U59/><E116/><V129/><F80/><W96/><G96/><T103/><D103/><U55/><E99/><V9/><F101/><W127/><G127/><T37/><D37/><U49/><E107/><V28/><F124/><W77/><G77/><T46/><AGARI ba="0,1" hai="15,17,22,44,45,46,47,50,54,92,94" m="35271" machi="46" ten="30,3000,0" yaku="8,1,54,1" doraHai="133" who="0" fromWho="0" sc="250,40,250,-10,250,-10,240,-10" /><INIT seed="0,1,0,3,2,34" ten="290,240,240,230" oya="0" hai0="115,62,102,35,119,53,48,5,51,25,8,100,59" hai1="106,23,38,29,86,108,12,47,10,98,14,128,44" hai2="22,113,105,107,60,110,55,123,65,54,88,125,89" hai3="111,0,19,118,68,20,122,70,36,46,90,57,9"/><T71/><D115/><U92/><E106/><V6/><F123/><W132/><G118/><T24/><D119/><U85/><E108/><V18/><F113/><W21/><G111/><T15/><D71/><U52/><E38/><V58/><F110/><W76/><G132/><T79/><D79/><U37/><E37/><V45/><F125/><W77/><G122/><T33/><D33/><U13/><E128/><V4/><F107/><W3/><G57/><T56/><D51/><N who="1" m="28775" /><E47/><V63/><F105/><W66/><G90/><N who="2" m="34921" /><F60/><W73/><G66/><T96/><D35/><U50/><E50/><N who="2" m="29007" /><F65/><W109/><G109/><T7/><D7/><U43/><E43/><V11/><F11/><W120/><G9/><T131/><D131/><U124/><E124/><V82/><F82/><W126/><G73/><T121/><D121/><U104/><E104/><V114/><F114/><W99/><G120/><T16/><D5/><U69/><E69/><V117/><F117/><W72/><G72/><T26/><REACH who="0" step="1"/><D96/><REACH who="0" ten="280,240,240,230" step="2"/><U61/><E61/><V94/><F4/><W103/><G126/><T127/><D127/><U74/><E98/><V101/><F6/><W91/><G99/><T130/><D130/><U40/><E10/><V75/><F75/><W67/><G70/><T39/><D39/><U41/><E41/><V135/><F135/><W42/><G68/><T116/><D116/><U84/><E40/><V17/><F22/><W49/><G21/><T64/><AGARI ba="1,1" hai="8,15,16,24,25,26,48,53,56,59,62,64,100,102" machi="64" ten="30,11700,0" yaku="1,1,0,1,8,1,54,1,53,0" doraHai="34" doraHaiUra="80" who="0" fromWho="0" sc="280,130,240,-40,240,-40,230,-40" /><INIT seed="0,2,0,0,3,86" ten="410,200,200,190" oya="0" hai0="68,69,109,2,63,62,99,105,22,41,0,55,30" hai1="38,133,114,26,106,10,118,28,132,67,27,101,66" hai2="6,16,33,122,79,112,15,84,29,103,21,94,80" hai3="121,108,60,56,32,90,52,130,58,65,39,123,89"/><T126/><D41/><U73/><E73/><V19/><F112/><W92/><G108/><T74/><D22/><U44/><E118/><V76/><F122/><N who="3" m="46603" /><G130/><T77/><D30/><U88/><E114/><V100/><F33/><W70/><G32/><T49/><D49/><U9/><E106/><V31/><F6/><W135/><G135/><N who="1" m="51786" /><E101/><N who="2" m="38987" /><F94/><W125/><G125/><T107/><D77/><N who="2" m="29770" /><F19/><W85/><G39/><T78/><D78/><AGARI ba="2,0" hai="15,16,21,29,31,78,80,84" m="29770,38987" machi="78" ten="30,2000,0" yaku="8,1,54,1" doraHai="86" who="2" fromWho="0" sc="410,-26,200,0,200,26,190,0" /><INIT seed="1,0,0,5,4,42" ten="384,200,226,190" oya="1" hai0="112,7,130,82,74,71,120,51,54,91,8,56,41" hai1="102,55,72,53,85,32,97,84,43,29,93,132,119" hai2="17,109,78,61,134,1,10,108,46,11,68,19,57" hai3="48,58,67,34,35,129,88,63,0,50,73,90,66"/><U81/><E119/><V96/><F68/><W22/><G129/><T9/><D112/><U128/><E128/><V94/><F78/><W47/><G0/><T12/><D71/><U99/><E132/><V92/><F134/><W101/><G73/><T77/><D130/><U86/><E72/><V126/><F126/><W106/><G66/><T18/><D120/><U31/><E32/><V37/><F1/><W30/><G35/><T70/><D70/><U62/><E43/><N who="2" m="22895" /><F19/><W44/><G34/><T135/><D135/><U36/><E36/><V5/><F17/><W27/><G101/><T125/><D125/><U64/><E81/><V116/><F116/><W21/><G106/><T45/><D91/><N who="3" m="34857" /><G21/><T38/><D7/><U127/><E127/><V25/><F25/><W79/><G79/><T95/><D95/><N who="2" m="36394" /><F96/><W122/><G122/><T100/><D100/><U75/><E75/><V103/><F5/><W59/><G50/><T80/><D80/><U39/><E39/><V107/><F103/><W124/><G124/><T33/><D33/><U118/><E118/><V111/><F107/><W28/><G30/><N who="1" m="11274" /><E99/><V40/><F40/><W110/><G110/><N who="2" m="28161" /><V117/><DORA hai="114" /><F117/><W65/><G48/><T123/><D123/><U131/><E131/><V26/><F26/><W76/><G76/><T3/><D3/><U23/><E23/><AGARI ba="0,0" hai="8,9,12,18,23,38,41,45,51,54,56,74,77,82" machi="23" ten="30,2000,0" yaku="7,1,52,1" doraHai="42,114" who="0" fromWho="1" sc="384,20,200,-20,226,0,190,0" /><INIT seed="2,0,0,3,4,101" ten="404,180,226,190" oya="2" hai0="104,84,89,81,2,135,76,58,40,133,0,77,28" hai1="35,105,43,100,59,25,126,10,61,106,85,36,82" hai2="98,109,116,32,93,134,37,102,34,22,79,46,54" hai3="4,56,107,80,66,14,12,62,83,27,110,31,18"/><V50/><F116/><W5/><G110/><T68/><D68/><U94/><E10/><V3/><F109/><W78/><G107/><T69/><D69/><U130/><E35/><V52/><F3/><N who="0" m="1066" /><D104/><U17/><E126/><V88/><F134/><N who="0" m="51210" /><D40/><U113/><E113/><V45/><F79/><N who="0" m="30282" /><D58/><U33/><E33/><V1/><F1/><W108/><G108/><T71/><D71/><U55/><E43/><V70/><F70/><W74/><G80/><T42/><D42/><U112/><E112/><V111/><F111/><W92/><G92/><T123/><D28/><U15/><E36/><V63/><F37/><W115/><G115/><T121/><AGARI ba="0,0" hai="81,84,89,121,123" m="30282,51210,1066" machi="121" ten="40,1500,0" yaku="20,1" doraHai="101" who="0" fromWho="0" sc="404,15,180,-4,226,-7,190,-4" /><INIT seed="3,0,0,5,3,60" ten="419,176,219,186" oya="3" hai0="14,65,5,87,72,131,7,28,47,75,135,74,92" hai1="30,107,133,44,19,56,115,91,116,16,111,50,79" hai2="122,58,42,106,31,105,71,64,41,104,110,67,120" hai3="102,100,109,2,52,114,4,32,8,123,84,126,25"/><W17/><G123/><N who="2" m="47145" /><F110/><W103/><G114/><T61/><D28/><U37/><E115/><V132/><F71/><W82/><G126/><T94/><D131/><U96/><E107/><V66/><F132/><W108/><G17/><T101/><D135/><U1/><E1/><V112/><F112/><W48/><G25/><T73/><D73/><U119/><E133/><V10/><F31/><W54/><G32/><T39/><D14/><U63/><E79/><V97/><F10/><W22/><G22/><T27/><D27/><U40/><E111/><N who="3" m="42570" /><G48/><T69/><D101/><N who="3" m="25857" /><W76/><AGARI ba="0,0" hai="2,4,8,52,54,76,82,84" m="25857,42570" machi="76" ten="40,12000,1" yaku="4,1,14,1,10,1,54,1" doraHai="60" who="3" fromWho="3" sc="419,-40,176,-40,219,-40,186,120" /><INIT seed="3,1,0,1,1,106" ten="379,136,179,306" oya="3" hai0="55,39,31,2,28,43,57,25,27,101,133,71,77" hai1="44,114,65,115,16,19,17,85,1,132,45,134,38" hai2="62,125,64,103,36,5,83,40,14,41,6,22,112" hai3="59,128,33,116,102,63,66,121,86,75,26,110,73"/><W123/><G116/><T92/><D71/><U72/><E1/><V8/><F125/><W131/><G102/><T99/><D2/><U58/><E38/><V118/><F118/><W88/><G110/><T81/><D133/><N who="1" m="51307" /><E85/><V47/><F112/><N who="1" m="43049" /><E65/><V82/><F41/><W91/><G26/><N who="0" m="9739" /><D39/><U80/><E58/><V49/><F36/><W48/><G33/><T95/><D43/><U32/><E32/><V35/><F35/><W18/><G18/><N who="1" m="4610" /><U127/><DORA hai="15" /><E127/><V104/><F6/><W111/><G111/><T78/><D57/><U13/><E13/><V84/><F84/><W4/><G4/><T70/><D70/><U98/><E98/><V68/><F22/><W3/><G3/><T11/><D99/><U93/><E93/><V94/><REACH who="2" step="1"/><F94/><REACH who="2" ten="379,136,169,306" step="2"/><W117/><G117/><T100/><D95/><U79/><AGARI ba="1,1" hai="44,45,72,79,80" m="4610,43049,51307" machi="79" ten="40,12000,2" yaku="20,1,52,5,54,1" doraHai="106,15" who="1" fromWho="1" sc="379,-31,136,133,169,-31,306,-61" owari="348,44.8,269,6.9,138,-36.2,245,-15.5" /></mjloggm>