<mjloggm ver="2.3"><GO type="225" lobby="0"/><UN n0="%E6%B8%A1%E5%A4%A9%E8%97%8D" n1="%E6%B8%A9%E2%98%85%E6%83%85%E2%98%85%E6%8E%AA%E2%98%85%E7%BD%AE" n2="%6D%75%75%6D%75%72%61" n3="%E3%81%86%E3%81%A9%E3%82%93%E3%81%93" dan="16,17,16,16" rate="2121.48,2262.68,2147.69,2164.84" sx="M,M,F,M"/><TAIKYOKU oya="0"/><INIT seed="0,0,0,5,4,60" ten="250,250,250,250" oya="0" hai0="4,56,25,123,122,81,103,111,58,121,44,42,61" hai1="17,53,32,66,125,118,73,98,124,75,135,129,77" hai2="114,0,54,83,24,55,92,87,74,79,50,46,88" hai3="90,120,97,11,37,86,106,62,51,116,95,133,12"/><T21/><D111/><U2/><E2/><V84/><F0/><W126/><G37/><T91/><D103/><U80/><E32/><V14/><F114/><W13/><G116/><T41/><D4/><U27/><E118/><V99/><F24/><W89/><G133/><T38/><D41/><U100/><E135/><V35/><F35/><W39/><G39/><T85/><REACH who="0" step="1"/><D61/><REACH who="0" ten="240,250,250,250" step="2"/><U130/><E100/><V20/><REACH who="2" step="1"/><F54/><REACH who="2" ten="240,250,240,250" step="2"/><W49/><G120/><T1/><D1/><U67/><E53/><V31/><F31/><AGARI ba="0,2" hai="21,25,31,38,42,44,56,58,81,85,91,121,122,123" machi="31" ten="40,2000,0" yaku="1,1,53,0" doraHai="60" doraHaiUra="105" who="0" fromWho="2" sc="240,40,250,0,240,-20,250,0" /><INIT seed="0,1,0,0,0,78" ten="280,250,220,250" oya="0" hai0="86,67,101,59,79,25,72,35,125,122,46,71,41" hai1="16,84,127,64,24,91,89,114,112,92,68,119,85" hai2="103,113,49,107,28,129,121,33,39,70,6,31,134" hai3="88,9,120,36,45,26,53,3,99,10,2,108,62"/><T23/><D122/><U15/><E119/><V48/><F39/><W95/><G120/><T42/><D125/><U80/><E127/><V135/><F70/><W133/><G108/><T4/><D35/><U52/><E24/><V32/><F121/><W128/><G128/><T105/><D72/><U55/><E64/><V111/><F113/><N who="1" m="43625" /><E68/><V98/><F6/><W47/><G133/><N who="2" m="50697" /><F111/><W11/><G26/><T1/><D71/><U110/><E110/><V63/><F63/><W60/><G36/><T81/><D105/><U131/><E131/><V76/><F76/><W66/><G62/><T13/><D101/><U12/><E12/><V57/><F129/><W109/><G109/><T87/><D87/><U22/><AGARI ba="1,0" hai="15,16,22,52,55,80,84,85,89,91,92" m="43625" machi="22" ten="30,7900,0" yaku="11,1,52,1,54,2" doraHai="78" who="1" fromWho="1" sc="280,-40,250,82,220,-21,250,-21" /><INIT seed="1,0,0,3,1,9" ten="240,332,199,229" oya="1" hai0="78,95,133,108,107,134,27,79,111,61,73,93,17" hai1="90,83,31,18,7,26,92,2,135,34,58,65,123" hai2="98,52,66,42,33,60,104,25,97,56,75,67,125" hai3="94,35,68,96,130,127,122,12,129,76,55,113,46"/><U132/><E123/><V24/><F125/><W120/><G68/><T106/><D17/><U59/><E83/><V23/><F75/><W81/><G35/><T116/><D27/><N who="2" m="10314" /><F104/><N who="0" m="39978" /><D61/><U69/><E69/><V39/><F39/><W53/><G113/><T62/><D62/><U47/><E47/><V54/><F33/><W20/><G127/><T118/><D73/><U128/><E65/><N who="2" m="24587" /><F42/><W41/><G122/><T80/><D95/><U91/><E92/><V4/><F4/><W86/><G120/><T131/><D93/><U87/><E7/><V49/><F23/><W126/><G126/><T21/><D21/><U100/><E34/><V44/><AGARI ba="0,0" hai="44,49,52,54,56,60,97,98" m="24587,10314" machi="44" ten="30,2000,0" yaku="8,1,54,1" doraHai="9" who="2" fromWho="2" sc="240,-5,332,-10,199,20,229,-5" /><INIT seed="2,0,0,2,1,104" ten="235,322,219,224" oya="2" hai0="53,110,120,119,11,84,96,10,5,43,135,12,72" hai1="51,16,101,90,78,73,130,46,52,25,99,6,20" hai2="26,85,13,76,131,21,71,59,91,89,127,17,31" hai3="9,7,35,112,107,67,42,81,93,65,14,108,19"/><V2/><F71/><W23/><G107/><T82/><D120/><U27/><E130/><V55/><F131/><W4/><G108/><T40/><D110/><U36/><E36/><V98/><F2/><W125/><G125/><T62/><D135/><U39/><E39/><V133/><F127/><W128/><G128/><T109/><D109/><U48/><E6/><V114/><F114/><W100/><G35/><T132/><D132/><U57/><E90/><V38/><F38/><W118/><G118/><T88/><D119/><U45/><E27/><V29/><F133/><W1/><G112/><T47/><D72/><U92/><REACH who="1" step="1"/><E51/><REACH who="1" ten="235,312,219,224" step="2"/><V28/><F26/><W102/><G4/><T49/><D96/><U50/><E50/><N who="2" m="31223" /><F98/><W60/><G100/><T124/><D124/><U69/><E69/><V0/><F0/><W22/><G102/><T70/><D70/><U87/><E87/><V58/><F58/><W79/><G1/><T80/><D84/><U33/><E33/><V105/><F105/><W34/><G34/><T121/><D5/><U61/><E61/><V115/><F115/><W37/><G60/><T75/><D62/><U77/><E77/><V18/><F18/><W41/><G37/><T83/><D88/><U44/><E44/><V56/><F56/><W74/><G7/><T123/><D47/><U103/><E103/><V129/><F129/><W126/><G126/><T111/><D121/><U32/><E32/><V86/><F86/><W94/><G19/><T95/><D111/><U24/><E24/><V134/><F134/><W106/><G14/><T113/><D12/><RYUUKYOKU ba="0,1" sc="235,-15,312,15,219,15,224,-15" hai1="16,20,25,45,46,48,52,57,73,78,92,99,101" hai2="13,17,21,28,29,31,76,85,89,91" /><INIT seed="2,1,1,3,1,103" ten="220,327,234,209" oya="2" hai0="61,107,76,112,105,79,132,97,113,111,52,84,65" hai1="51,109,8,55,130,88,119,18,21,28,104,3,35" hai2="116,82,1,80,91,59,115,17,131,58,81,89,26" hai3="12,86,23,87,90,92,96,47,22,66,69,95,36"/><V33/><F115/><W20/><G69/><T10/><D111/><U13/><E119/><V117/><F131/><W118/><G118/><T100/><D132/><U74/><E74/><V56/><F1/><W31/><G66/><T19/><D105/><U78/><E104/><V129/><F116/><W9/><G31/><T120/><D120/><U126/><E78/><V67/><F117/><W39/><G47/><T102/><D102/><U68/><E68/><V128/><F67/><W101/><REACH who="3" step="1"/><G87/><REACH who="3" ten="220,327,234,199" step="2"/><T41/><D84/><U71/><E28/><V106/><F129/><W50/><G50/><T133/><D113/><U60/><E51/><V14/><F128/><W46/><G46/><T0/><D112/><U122/><E71/><V77/><F59/><W99/><G99/><T57/><D97/><U45/><E45/><V54/><F58/><W73/><G73/><T7/><D65/><U16/><E130/><V123/><F56/><W34/><G34/><T62/><D133/><U6/><E35/><V40/><F33/><W114/><G114/><T127/><D57/><U27/><E122/><V108/><F123/><W15/><G15/><T44/><D44/><U70/><E70/><V48/><F14/><W24/><G24/><T121/><D121/><U124/><E13/><V43/><F48/><W38/><G38/><T64/><D64/><U11/><E27/><V63/><F26/><W5/><AGARI ba="1,2" hai="5,9,12,20,22,23,36,39,86,90,92,95,96,101" machi="5" ten="30,2000,0" yaku="1,1,0,1,53,0" doraHai="103" doraHaiUra="49" who="3" fromWho="3" sc="220,-6,327,-6,234,-11,199,43" /><INIT seed="3,0,0,4,2,64" ten="214,321,223,242" oya="3" hai0="103,67,26,80,23,9,129,52,62,5,119,39,133" hai1="51,85,45,79,15,99,127,29,3,135,65,18,124" hai2="102,16,71,92,78,56,111,81,122,125,84,32,68" hai3="28,0,59,116,27,104,22,126,95,35,19,91,63"/><W49/><G116/><T66/><D39/><U101/><E135/><V4/><F32/><W88/><G104/><T1/><D119/><U7/><E29/><V8/><F111/><W112/><G112/><T128/><D133/><U113/><E65/><V123/><F125/><W115/><G115/><T47/><D103/><U96/><E113/><V114/><F114/><W25/><G126/><N who="1" m="48170" /><E7/><V30/><F30/><W120/><G120/><N who="2" m="46121" /><F16/><W130/><G130/><N who="0" m="50283" /><D80/><N who="1" m="47263" /><E3/><N who="2" m="31" /><F56/><W14/><G0/><T6/><D6/><U110/><E101/><V74/><F74/><W61/><G91/><T97/><D97/><AGARI ba="0,0" hai="68,71,78,81,84,92,97,102" m="31,46121" machi="97" ten="30,3900,0" yaku="13,1,52,2" doraHai="64" who="2" fromWho="0" sc="214,-39,321,0,223,39,242,0" owari="175,-32.5,321,42.1,262,6.2,242,-15.8" /></mjloggm>