<mjloggm ver="2.3"><GO type="225" lobby="0"/><UN n0="%E5%B0%8F%E9%B3%A5%E9%81%8A%E7%B7%B4%E7%84%A1%32%31%E6%AD%B3" n1="%E6%97%A5%E6%9B%9C%E6%97%A5%E3%82%88%E3%82%8A%E3%81%AE%E4%BD%BF%E8%80%85" n2="%E7%B4%94%E6%BD%94%E3%83%94%E3%83%A9%E3%83%8B%E3%82%A2" n3="%E5%A4%96%E5%B7%9D%E7%AB%9C%E6%88%90" dan="16,18,18,16" rate="2130.49,2178.70,2299.03,2213.86" sx="F,M,M,M"/><TAIKYOKU oya="0"/><INIT seed="0,0,0,1,1,131" ten="250,250,250,250" oya="0" hai0="108,41,45,46,62,73,20,121,68,1,102,63,123" hai1="66,103,57,35,87,4,135,43,58,2,85,126,100" hai2="105,32,119,50,65,55,25,113,97,107,19,86,3" hai3="16,95,127,60,133,7,124,84,89,36,104,48,54"/><T31/><D1/><U52/><E35/><V47/><F3/><W90/><G36/><T44/><D73/><U117/><E2/><V129/><F129/><W49/><G104/><T69/><D102/><U42/><E4/><V106/><F97/><W72/><G72/><T38/><D20/><U125/><E66/><V39/><F113/><W70/><G7/><T109/><D31/><U120/><E117/><V0/><F0/><W11/><G90/><T40/><D45/><U91/><E91/><V77/><F65/><W118/><G118/><T13/><D13/><U83/><E83/><V79/><F39/><AGARI ba="0,0" hai="38,39,40,41,44,46,62,63,68,69,108,109,121,123" machi="39" ten="25,12000,1" yaku="22,2,34,3" doraHai="131" who="0" fromWho="2" sc="250,120,250,0,250,-120,250,0" /><INIT seed="0,1,0,0,5,62" ten="370,250,130,250" oya="0" hai0="64,73,70,104,72,90,133,82,10,23,28,135,116" hai1="14,46,95,9,51,76,12,54,123,20,108,111,83" hai2="13,128,0,75,80,84,89,40,113,74,121,107,3" hai3="58,66,56,17,130,24,69,98,35,30,5,43,101"/><T120/><D120/><U11/><E123/><V2/><F113/><W33/><G33/><T8/><D104/><U61/><E95/><V22/><F107/><N who="3" m="63927" /><G5/><T126/><D126/><U60/><E20/><V125/><F125/><W77/><G77/><T65/><D70/><U79/><E61/><V38/><F121/><W87/><G87/><N who="0" m="50551" /><D116/><U122/><E122/><V45/><F128/><W1/><G1/><T106/><D106/><U86/><E79/><V112/><F112/><W85/><G85/><T132/><D8/><U131/><E131/><V118/><F118/><W25/><G43/><T100/><D100/><U129/><E129/><V81/><F81/><W15/><G25/><N who="0" m="16447" /><D10/><U110/><E9/><V92/><REACH who="2" step="1"/><F80/><REACH who="2" ten="370,250,120,250" step="2"/><W94/><G94/><T67/><AGARI ba="1,1" hai="64,65,67,72,73,132,133,135" m="16447,50551" machi="67" ten="40,12000,1" yaku="20,1,52,3" doraHai="62" who="0" fromWho="0" sc="370,133,250,-41,120,-41,250,-41" /><INIT seed="0,2,0,1,2,62" ten="503,209,79,209" oya="0" hai0="59,31,29,14,116,133,30,46,41,34,26,96,102" hai1="55,103,72,3,10,117,86,54,89,35,42,77,4" hai2="110,88,8,67,53,121,65,85,111,93,68,48,70" hai3="44,100,91,27,6,71,112,129,66,25,84,23,69"/><T75/><D75/><U0/><E117/><V92/><F121/><W5/><G112/><T39/><D116/><U1/><E35/><V20/><F8/><W63/><G129/><T125/><D125/><U60/><E42/><V21/><F92/><W50/><G71/><T94/><D133/><U15/><E103/><V135/><F135/><W32/><G32/><T11/><REACH who="0" step="1"/><D59/><REACH who="0" ten="493,209,79,209" step="2"/><U104/><E72/><V109/><F70/><W82/><G69/><T57/><D57/><U99/><E0/><V58/><REACH who="2" step="1"/><F68/><REACH who="2" ten="493,209,69,209" step="2"/><W64/><G44/><T132/><D132/><U87/><E1/><V74/><F74/><W24/><G5/><AGARI ba="2,2" hai="5,11,14,26,29,30,31,34,39,41,46,94,96,102" machi="5" ten="30,2900,0" yaku="1,1,7,1,53,0" doraHai="62" doraHaiUra="130" who="0" fromWho="3" sc="493,55,209,0,69,0,209,-35" /><INIT seed="0,3,0,2,4,47" ten="548,209,69,174" oya="0" hai0="69,15,111,54,62,94,104,135,34,26,65,40,8" hai1="108,6,39,96,33,50,78,27,41,92,75,29,44" hai2="99,21,46,122,90,4,36,60,2,35,74,112,71" hai3="133,79,127,24,134,95,130,128,129,42,83,61,73"/><T14/><D104/><U87/><E108/><V66/><F112/><W114/><G114/><T67/><D135/><N who="3" m="51721" /><G42/><T37/><D111/><U32/><E75/><V28/><F122/><W117/><G61/><T110/><D110/><U9/><E39/><V131/><F131/><W7/><G7/><T63/><D94/><U85/><E33/><V91/><F35/><W20/><G117/><T10/><D54/><U64/><E64/><V18/><F74/><W45/><G45/><T86/><D86/><U59/><E59/><V48/><F36/><W126/><G95/><T82/><D82/><U1/><REACH who="1" step="1"/><E78/><REACH who="1" ten="548,199,69,174" step="2"/><V0/><F66/><W13/><G13/><T25/><D37/><U12/><E12/><V57/><F57/><W53/><G53/><T58/><D34/><U19/><E19/><AGARI ba="3,1" hai="19,20,24,73,79,83,126,127,128,129,130" m="51721" machi="19" ten="40,8000,1" yaku="30,2,19,1,20,1" doraHai="47" who="3" fromWho="1" sc="548,0,199,-89,69,0,174,99" /><INIT seed="1,0,0,0,4,7" ten="548,110,69,273" oya="1" hai0="126,123,31,34,14,55,52,122,78,84,85,64,25" hai1="129,73,48,10,87,111,131,112,1,45,70,15,71" hai2="40,62,106,124,2,58,89,76,65,100,80,135,6" hai3="115,26,66,56,24,4,75,30,117,49,3,81,37"/><U63/><E73/><V86/><F124/><W13/><G3/><T23/><D64/><U119/><E112/><V90/><F135/><W114/><G37/><T9/><D34/><U134/><E119/><V43/><F106/><W36/><G36/><T11/><D126/><U130/><E134/><V53/><F100/><W95/><G95/><T61/><D14/><U105/><E105/><V91/><REACH who="2" step="1"/><F65/><REACH who="2" ten="548,110,59,273" step="2"/><W54/><G66/><T0/><D122/><U32/><E111/><V94/><F94/><W28/><G115/><T113/><D123/><U116/><E116/><V103/><F103/><W120/><G114/><T74/><D113/><U93/><E93/><V46/><F46/><W50/><G117/><T44/><D44/><U29/><E45/><V47/><F47/><W128/><G120/><T132/><D132/><U42/><E131/><V8/><AGARI ba="0,1" hai="2,6,8,40,43,53,58,62,76,80,86,89,90,91" machi="8" ten="30,4000,0" yaku="1,1,0,1,52,1,53,0" doraHai="7" doraHaiUra="97" who="2" fromWho="2" sc="548,-10,110,-20,59,50,273,-10" /><INIT seed="2,0,0,5,0,35" ten="538,90,109,263" oya="2" hai0="114,37,60,46,131,108,135,83,64,110,94,129,90" hai1="40,126,84,7,127,4,24,132,91,98,122,106,62" hai2="51,31,124,21,69,81,18,103,134,2,15,16,109" hai3="19,125,100,74,17,54,102,111,76,87,116,1,11"/><V89/><F69/><W5/><G74/><T115/><D83/><N who="1" m="49567" /><E132/><V70/><F70/><W12/><G19/><T99/><D135/><U43/><E24/><N who="2" m="16783" /><F134/><W22/><G116/><T79/><D79/><U63/><E122/><V133/><F2/><W75/><G75/><T41/><D60/><N who="1" m="23083" /><E106/><V36/><F36/><W77/><G77/><T92/><D92/><U32/><E32/><V71/><F71/><W65/><G65/><T97/><D97/><U33/><E98/><V26/><F124/><N who="1" m="47657" /><E33/><V82/><F109/><N who="0" m="42090" /><D64/><U113/><E113/><AGARI ba="0,0" hai="37,41,46,90,94,99,113,114,115,129,131" m="42090" machi="113" ten="30,1000,0" yaku="14,1" doraHai="35" who="0" fromWho="1" sc="538,10,90,-10,109,0,263,0" /><INIT seed="3,0,0,0,2,17" ten="548,80,109,263" oya="3" hai0="105,54,91,10,31,4,126,85,101,110,109,115,94" hai1="1,97,53,59,80,51,106,76,12,19,102,92,114" hai2="98,81,86,29,66,6,125,27,30,32,103,57,65" hai3="61,8,5,34,49,130,87,70,120,56,28,47,132"/><W127/><G120/><T93/><D105/><U20/><E1/><V37/><F37/><W96/><G127/><T104/><D104/><U44/><E114/><V84/><F125/><W18/><G130/><T14/><D126/><U0/><E0/><V118/><F118/><W23/><G132/><T58/><D31/><U41/><E106/><V3/><F84/><W77/><G70/><T90/><D101/><U43/><REACH who="1" step="1"/><E44/><REACH who="1" ten="548,70,109,263" step="2"/><V62/><F3/><W71/><G47/><T25/><D115/><U13/><E13/><V39/><F39/><W128/><G34/><T134/><D25/><U35/><E35/><V78/><F6/><W33/><G33/><T16/><D4/><U74/><AGARI ba="0,1" hai="12,19,20,41,43,51,53,59,74,76,80,92,97,102" machi="74" ten="20,5200,0" yaku="1,1,0,1,7,1,52,1,53,0" doraHai="17" doraHaiUra="24" who="1" fromWho="1" sc="548,-13,70,62,109,-13,263,-26" owari="535,63.5,132,-26.8,96,-40.4,237,3.7" /></mjloggm>