<mjloggm ver="2.3"><GO type="225" lobby="0"/><UN n0="%E9%80%9F%E6%B0%B4%E5%87%9B%E9%A6%99" n1="%E3%81%8F%E3%82%8A%E3%83%94%E3%83%BC" n2="%33%74%72%65%65" n3="%E3%81%A1%E3%82%85%E3%81%86%E3%81%A9%E3%81%8F%E8%B1%A1%E3%81%95%E3%82%93" dan="16,16,17,17" rate="2157.61,2125.16,2219.68,2175.56" sx="F,M,F,M"/><TAIKYOKU oya="0"/><INIT seed="0,0,0,3,1,44" ten="250,250,250,250" oya="0" hai0="112,25,94,101,84,89,46,49,109,61,110,113,122" hai1="129,23,16,2,81,57,58,50,37,13,130,22,75" hai2="131,103,28,4,29,125,63,47,39,53,132,32,38" hai3="18,60,35,99,33,52,72,48,56,66,11,8,45"/><T74/><D74/><U96/><E37/><V93/><F132/><W124/><G72/><T43/><D122/><U86/><E2/><V21/><F131/><N who="1" m="50185" /><E75/><V17/><F125/><W108/><G108/><N who="0" m="41579" /><D61/><U111/><E111/><V95/><F4/><W9/><G124/><T70/><D70/><U102/><E23/><V123/><F123/><W90/><REACH who="3" step="1"/><G18/><REACH who="3" ten="250,250,250,240" step="2"/><T80/><D25/><U15/><E15/><V88/><F17/><W27/><G27/><T12/><D12/><U116/><E116/><V55/><F29/><W20/><G20/><T107/><D107/><U104/><E50/><V126/><F21/><W82/><G82/><T31/><D31/><U41/><E41/><V67/><F126/><W119/><G119/><T6/><D6/><U127/><E127/><V105/><F105/><W65/><G65/><T36/><D36/><U10/><E22/><V30/><F30/><W85/><G85/><T91/><D43/><U0/><E0/><V69/><F28/><W134/><G134/><T1/><D1/><U14/><E13/><V78/><F67/><W87/><G87/><T98/><D49/><U34/><E34/><V26/><F38/><W121/><G121/><T77/><D46/><U135/><E135/><V117/><F47/><W71/><G71/><T128/><D128/><U97/><E97/><V59/><F69/><W7/><G7/><T40/><D40/><U76/><AGARI ba="0,1" hai="10,14,16,57,58,76,81,86,96,102,104" m="50185" machi="76" ten="30,2000,0" yaku="19,1,54,1" doraHai="44" who="1" fromWho="1" sc="250,-10,250,30,250,-5,240,-5" /><INIT seed="1,0,0,0,2,99" ten="240,280,245,235" oya="1" hai0="37,106,104,70,21,19,87,123,50,8,7,88,77" hai1="130,57,124,26,30,51,74,58,135,38,45,64,33" hai2="112,24,59,73,0,101,25,78,118,76,55,122,90" hai3="2,17,102,56,16,53,85,81,5,80,108,126,125"/><U34/><E38/><V4/><F118/><W52/><G108/><T92/><D37/><U83/><E124/><N who="3" m="47722" /><G2/><T6/><D70/><U94/><E130/><V115/><F122/><W82/><G5/><T71/><D71/><U100/><E135/><V42/><F42/><W63/><G85/><T103/><D123/><U39/><E39/><V72/><F4/><W116/><G116/><T60/><D60/><U66/><E34/><V107/><F0/><W10/><G10/><T133/><D133/><U36/><E36/><V23/><F90/><W49/><G102/><T114/><D114/><N who="2" m="43562" /><F73/><W9/><G9/><T28/><D28/><U14/><E14/><V22/><F72/><W41/><G41/><T40/><D8/><U65/><E83/><V3/><F3/><W69/><G69/><T89/><D103/><U119/><E74/><V20/><F78/><W54/><G54/><T91/><D77/><U117/><E117/><V110/><F76/><W44/><AGARI ba="0,0" hai="16,17,44,49,52,53,56,63,80,81,82" m="47722" machi="44" ten="30,4000,0" yaku="18,1,54,2" doraHai="99" who="3" fromWho="3" sc="240,-10,280,-20,245,-10,235,40" /><INIT seed="2,0,0,2,1,67" ten="230,260,235,275" oya="2" hai0="43,1,128,27,113,65,72,28,4,91,58,75,126" hai1="32,98,133,100,83,115,69,127,37,92,125,93,70" hai2="18,2,56,88,90,48,99,26,41,21,80,79,107" hai3="102,53,108,19,61,101,31,46,62,63,119,35,118"/><V8/><F2/><W25/><G108/><T11/><D43/><U121/><E115/><V51/><F8/><W109/><G109/><T42/><D113/><U36/><E133/><V104/><F51/><W5/><G5/><T14/><D42/><U17/><E121/><V89/><F99/><W52/><G19/><T39/><D39/><N who="1" m="14923" /><E32/><V34/><F34/><W38/><G38/><T106/><D106/><N who="1" m="63767" /><E83/><V85/><REACH who="2" step="1"/><F56/><REACH who="2" ten="230,260,225,275" step="2"/><W111/><G111/><T81/><D58/><U15/><E127/><V132/><F132/><W55/><G46/><AGARI ba="0,1" hai="18,21,26,41,46,48,79,80,85,88,89,90,104,107" machi="46" ten="40,3900,0" yaku="1,1,54,1,53,0" doraHai="67" doraHaiUra="120" who="2" fromWho="3" sc="230,0,260,0,225,49,275,-39" /><INIT seed="2,1,0,5,3,92" ten="230,260,274,236" oya="2" hai0="71,9,102,22,122,75,72,12,82,33,52,77,18" hai1="14,55,134,29,46,126,36,87,91,108,26,103,8" hai2="107,127,104,68,17,48,0,51,24,70,5,117,3" hai3="6,81,129,16,130,45,101,27,19,116,37,128,90"/><V10/><F117/><W80/><G116/><T94/><D71/><U74/><E108/><V106/><F127/><W111/><G111/><T40/><D33/><U2/><E134/><V125/><F125/><W132/><G132/><T54/><D122/><U118/><E74/><V113/><F113/><W78/><G6/><T131/><D131/><U69/><E2/><V120/><F120/><W86/><G101/><T99/><D75/><U41/><E69/><V66/><F0/><W88/><G90/><T58/><D40/><U97/><E55/><V83/><F68/><W100/><G100/><T62/><REACH who="0" step="1"/><D9/><REACH who="0" ten="220,260,274,236" step="2"/><U135/><E126/><V61/><F10/><W53/><G27/><T32/><D32/><U67/><E118/><V39/><F70/><W11/><G11/><T42/><D42/><U98/><E135/><V115/><F24/><W124/><G124/><T85/><D85/><U44/><E41/><V76/><F115/><W50/><G37/><T121/><D121/><U35/><E36/><V112/><F39/><W59/><G45/><T57/><D57/><U65/><E46/><V123/><F123/><W49/><REACH who="3" step="1"/><G50/><REACH who="3" ten="220,260,274,226" step="2"/><T93/><D93/><U60/><E44/><V109/><F48/><W133/><G133/><T56/><D56/><U47/><E47/><V73/><F51/><W95/><G95/><T13/><D13/><U28/><E14/><V20/><F112/><W21/><G21/><T105/><D105/><U110/><E8/><N who="2" m="2111" /><F107/><W25/><G25/><T89/><D89/><U96/><E26/><N who="2" m="14607" /><F109/><W38/><G38/><T7/><D7/><U34/><E110/><RYUUKYOKU ba="1,2" sc="220,10,260,-30,274,10,226,10" hai0="12,18,22,52,54,58,62,72,77,82,94,99,102" hai2="61,66,73,76,83,104,106" hai3="16,19,49,53,59,78,80,81,86,88,128,129,130" /><INIT seed="2,2,2,0,0,82" ten="230,230,284,236" oya="2" hai0="15,23,131,59,25,110,114,32,38,84,79,69,55" hai1="56,112,120,5,19,77,66,83,70,118,54,63,113" hai2="36,129,130,135,20,12,57,26,62,92,51,16,91" hai3="34,45,115,0,102,75,97,48,106,43,127,8,122"/><V39/><F51/><W98/><G122/><T68/><D38/><U17/><E118/><V103/><F103/><W123/><G123/><T31/><D114/><U28/><E120/><V81/><F81/><W76/><G34/><T10/><D110/><U126/><E126/><V86/><F135/><W7/><G127/><T49/><D131/><N who="2" m="50186" /><F26/><W117/><G117/><T65/><D65/><AGARI ba="2,2" hai="12,16,20,36,39,57,62,65,86,91,92" m="50186" machi="65" ten="30,5800,0" yaku="19,1,52,1,54,1" doraHai="82" who="2" fromWho="0" sc="230,-64,230,0,284,84,236,0" /><INIT seed="2,3,0,3,1,30" ten="166,230,368,236" oya="2" hai0="104,31,130,101,18,14,21,0,66,46,58,77,90" hai1="85,79,19,3,89,4,133,110,57,131,47,60,107" hai2="40,41,132,64,25,53,78,119,56,32,10,55,54" hai3="43,121,44,75,42,36,28,51,115,122,52,109,15"/><V114/><F114/><W125/><G75/><T7/><D130/><U83/><E107/><V20/><F119/><W33/><G115/><T102/><D77/><U135/><E110/><V72/><F32/><W94/><G109/><T88/><D104/><U99/><E131/><V63/><F132/><W9/><G125/><T35/><D46/><U129/><E129/><V103/><F103/><W37/><G94/><T50/><D102/><U17/><E47/><V39/><F39/><W11/><G11/><N who="0" m="2535" /><D101/><U62/><E62/><V91/><F78/><W38/><G43/><T97/><D97/><U67/><E4/><V8/><F91/><W113/><G113/><T65/><D50/><U68/><E3/><V116/><F116/><W70/><G70/><T111/><D111/><U96/><E68/><V117/><F72/><W74/><G74/><T106/><D106/><U22/><E89/><N who="0" m="34409" /><D58/><U48/><E48/><V13/><F117/><W6/><REACH who="3" step="1"/><G42/><REACH who="3" ten="166,230,368,226" step="2"/><T80/><D80/><U86/><E86/><V112/><F112/><W95/><G95/><T98/><D98/><U76/><E99/><V1/><F10/><W27/><AGARI ba="3,1" hai="6,9,15,27,28,33,36,37,38,44,51,52,121,122" machi="27" ten="40,8000,1" yaku="1,1,0,1,52,1,54,1,53,1" doraHai="30" doraHaiUra="49" who="3" fromWho="3" sc="166,-23,230,-23,368,-43,226,99" /><INIT seed="3,0,0,1,4,38" ten="143,207,325,325" oya="3" hai0="118,95,58,86,73,91,66,21,53,3,2,17,96" hai1="8,16,39,114,112,26,7,46,130,88,71,128,109" hai2="97,43,100,9,78,52,101,15,105,31,83,11,48" hai3="51,124,0,126,84,79,37,19,99,40,24,92,116"/><W102/><G0/><T14/><D73/><U134/><E71/><V56/><F101/><W50/><G116/><T22/><D118/><U44/><E26/><V64/><F31/><W117/><G117/><T82/><D66/><U69/><E8/><V47/><F64/><W104/><G37/><T28/><D28/><U87/><E39/><V4/><F11/><W131/><G131/><T123/><D123/><U30/><E87/><V42/><F47/><N who="3" m="25959" /><G51/><T35/><D35/><U121/><E30/><V93/><F105/><W29/><G19/><T34/><D34/><U119/><E16/><V27/><F27/><W70/><G70/><T1/><D1/><U103/><E103/><V67/><F67/><W60/><G60/><T45/><D45/><U113/><E113/><V80/><F80/><N who="3" m="47135" /><G92/><T110/><D110/><U107/><E107/><V55/><F55/><W77/><G77/><T135/><D135/><U120/><E69/><V85/><AGARI ba="0,0" hai="4,9,15,42,43,48,52,56,78,83,85,93,97,100" machi="85" ten="20,12000,2" yaku="0,1,7,1,8,1,52,2,54,1" doraHai="38" who="2" fromWho="2" sc="143,-30,207,-30,325,120,325,-60" owari="113,-38.7,177,-22.3,445,54.5,265,6.5" /></mjloggm>