<mjloggm ver="2.3"><GO type="225" lobby="0"/><UN n0="%65%6B%61%72%75%74%65" n1="%E5%8F%AF%E5%85%90%E9%82%A3%E7%94%B1%E5%A4%9A" n2="%6D%75%75%6D%75%72%61" n3="%E3%81%BF%E3%81%BF%E3%81%9A" dan="16,17,16,16" rate="2108.97,2136.80,2083.05,2189.00" sx="M,F,F,M"/><TAIKYOKU oya="0"/><INIT seed="0,0,0,1,3,64" ten="250,250,250,250" oya="0" hai0="109,131,57,72,63,0,52,117,83,10,92,124,31" hai1="81,12,135,20,80,96,121,21,111,27,43,125,38" hai2="53,42,95,4,19,133,14,107,73,22,105,24,93" hai3="94,44,29,68,123,1,70,91,122,104,23,45,65"/><T119/><D31/><U25/><E121/><N who="3" m="46090" /><G104/><T30/><D30/><U114/><E111/><V134/><F73/><W116/><G1/><T132/><D92/><N who="2" m="35402" /><F42/><W41/><G116/><T86/><D72/><U90/><E135/><N who="2" m="51723" /><F53/><W85/><G65/><T82/><D82/><U128/><E125/><V78/><F78/><W7/><G7/><N who="0" m="1383" /><D132/><U108/><E108/><V115/><F115/><W55/><G55/><T97/><D97/><U46/><E128/><V16/><F4/><W13/><G13/><T88/><D109/><U50/><E12/><V34/><F34/><W67/><G67/><T60/><D60/><U66/><E114/><V112/><F112/><W84/><G85/><T32/><D32/><U129/><E129/><V2/><F2/><W74/><G74/><T69/><D131/><U39/><E66/><V62/><F62/><W102/><G102/><T126/><D69/><N who="3" m="26729" /><G41/><T120/><D120/><U17/><E96/><V58/><F58/><W71/><N who="3" m="26737" /><W77/><DORA hai="127" /><G77/><T130/><D130/><U118/><E118/><N who="0" m="45065" /><D126/><U75/><E75/><V61/><F61/><W40/><G40/><T15/><D15/><U79/><E79/><V113/><F113/><W26/><AGARI ba="0,0" hai="23,26,29,44,45,84,91,94" m="26737,46090" machi="26" ten="50,8000,1" yaku="13,1,52,4" doraHai="64,127" who="3" fromWho="3" sc="250,-40,250,-20,250,-20,250,80" /><INIT seed="1,0,0,0,0,121" ten="210,230,230,330" oya="1" hai0="126,17,84,22,1,56,53,43,108,82,13,104,91" hai1="93,102,59,32,20,85,131,28,62,47,101,7,9" hai2="63,133,123,129,64,134,3,99,117,0,51,41,6" hai3="128,21,110,125,72,90,8,78,103,81,12,109,45"/><U71/><E131/><V115/><F123/><W106/><G128/><T80/><D1/><U120/><E120/><V89/><F129/><W39/><G21/><T14/><D104/><U49/><E71/><V50/><F117/><W19/><G125/><T58/><D126/><U16/><E32/><V135/><F115/><W26/><G26/><T95/><D43/><N who="1" m="24831" /><E28/><V30/><F30/><W36/><G90/><T83/><D108/><N who="3" m="41577" /><G45/><T27/><REACH who="0" step="1"/><D58/><REACH who="0" ten="200,230,230,330" step="2"/><U44/><E44/><V113/><F113/><W124/><G124/><T74/><D74/><U35/><E59/><V38/><F135/><W122/><G122/><T94/><D94/><U65/><E93/><V119/><F134/><W114/><G114/><T10/><D10/><U42/><E35/><V66/><F133/><W118/><G118/><T55/><D55/><U18/><E20/><V112/><F119/><W15/><G106/><T77/><D77/><U132/><E132/><V46/><F112/><W79/><G78/><T92/><D92/><U23/><E23/><V25/><F46/><W97/><G36/><T105/><D105/><U107/><E107/><V75/><F38/><W86/><G39/><T100/><D100/><U54/><E42/><V98/><F41/><W34/><G34/><T33/><D33/><U5/><E54/><V60/><F75/><W31/><G72/><T37/><D37/><U48/><E9/><V87/><F3/><W52/><G52/><T40/><D40/><U111/><E101/><V61/><F0/><W29/><G15/><T127/><D127/><U57/><E111/><V4/><F25/><RYUUKYOKU ba="0,1" sc="200,15,230,-15,230,-15,330,15" hai0="13,14,17,22,27,53,56,80,82,83,84,91,95" hai3="8,12,19,29,31,79,81,86,97,103" /><INIT seed="2,1,1,2,1,88" ten="215,215,215,345" oya="2" hai0="79,71,6,47,128,129,7,94,17,119,68,0,12" hai1="91,52,65,46,16,107,78,39,102,13,25,111,123" hai2="36,130,72,70,75,5,2,21,31,104,115,120,66" hai3="98,38,20,57,122,117,3,89,29,53,24,27,33"/><V135/><RYUUKYOKU type="yao9" ba="1,1" sc="215,0,215,0,215,0,345,0" hai2="2,5,21,31,36,66,70,72,75,104,115,120,130,135" /><INIT seed="2,2,1,4,4,113" ten="215,215,215,345" oya="2" hai0="71,83,121,78,135,86,40,80,7,90,108,93,125" hai1="43,5,17,104,10,0,119,30,35,45,129,15,51" hai2="50,9,41,54,101,46,6,117,133,27,95,16,87" hai3="76,19,132,13,73,85,56,100,53,8,23,102,49"/><V115/><F115/><W77/><G132/><T105/><D71/><U62/><E104/><V114/><F114/><W67/><G73/><T36/><D7/><U28/><E129/><V34/><F133/><W52/><G67/><T44/><D135/><U89/><E119/><V58/><F117/><W25/><G53/><T124/><D105/><U38/><E62/><V127/><F127/><N who="0" m="48714" /><D121/><U88/><E38/><V29/><F16/><N who="3" m="12519" /><G85/><N who="0" m="48279" /><D83/><U61/><E61/><V92/><F87/><W134/><G134/><T14/><D14/><U57/><E57/><V39/><REACH who="2" step="1"/><F101/><AGARI ba="2,1" hai="8,13,19,49,52,56,76,77,100,101,102" m="12519" machi="101" ten="30,3900,0" yaku="8,1,54,2" doraHai="113" who="3" fromWho="2" sc="215,0,215,0,215,-45,345,55" /><INIT seed="3,0,0,5,3,71" ten="215,215,170,400" oya="3" hai0="81,57,90,104,89,107,116,117,12,27,18,47,2" hai1="51,50,75,61,68,21,0,19,46,111,29,133,14" hai2="5,84,131,24,16,103,52,130,66,113,112,76,8" hai3="135,13,64,85,62,11,128,121,119,37,33,95,54"/><W58/><G37/><T59/><D27/><U120/><E75/><V15/><F66/><W39/><G39/><T108/><D47/><U25/><E120/><V44/><F103/><W3/><G3/><T91/><D81/><U41/><E111/><V79/><F5/><W26/><G121/><T4/><D12/><U35/><E133/><V86/><F24/><W1/><G1/><T126/><D2/><U17/><E0/><V125/><F112/><W10/><G119/><T7/><D89/><U63/><E68/><V101/><F101/><W23/><G33/><T55/><D55/><U45/><E19/><V65/><F65/><W9/><G128/><N who="2" m="49193" /><F113/><W74/><G135/><T40/><D40/><AGARI ba="0,0" hai="14,17,21,25,29,35,40,41,45,46,50,51,61,63" machi="40" ten="30,2000,0" yaku="7,1,9,1" doraHai="71" who="1" fromWho="0" sc="215,-20,215,20,170,0,400,0" owari="195,-20.5,235,3.5,170,-33.0,400,50.0" /></mjloggm>