<mjloggm ver="2.3"><GO type="225" lobby="0"/><UN n0="%65%6B%61%72%75%74%65" n1="%E7%B4%94%E6%BD%94%E3%83%94%E3%83%A9%E3%83%8B%E3%82%A2" n2="%E3%81%BF%E3%81%BF%E3%81%9A" n3="%E9%B3%B3%E6%9D%B1%E3%81%AE%E3%81%86%E3%81%95%E3%81%8E%E3%81%95%E3%82%93" dan="16,18,17,17" rate="2144.82,2303.95,2227.92,2262.59" sx="M,M,M,M"/><TAIKYOKU oya="0"/><INIT seed="0,0,0,1,3,20" ten="250,250,250,250" oya="0" hai0="62,58,135,54,91,29,133,82,22,76,0,47,41" hai1="53,24,23,94,105,33,78,1,4,71,132,63,57" hai2="115,129,83,96,34,66,100,95,74,39,8,16,90" hai3="127,26,17,108,46,10,116,48,117,103,86,123,5"/><T67/><D0/><U113/><E105/><V27/><F115/><W104/><G108/><T11/><D11/><U37/><E37/><V118/><F39/><W97/><G127/><T119/><D119/><U56/><E113/><V52/><F118/><W13/><G123/><T30/><D91/><U128/><E33/><V112/><F112/><W7/><G86/><T38/><D67/><U89/><E71/><V6/><F129/><W42/><REACH who="3" step="1"/><G5/><REACH who="3" ten="250,250,250,240" step="2"/><T84/><REACH who="0" step="1"/><D22/><AGARI ba="0,1" hai="7,10,13,17,22,26,42,46,48,97,103,104,116,117" machi="22" ten="40,8000,1" yaku="1,1,2,1,52,1,53,1" doraHai="20" doraHaiUra="92" who="3" fromWho="0" sc="250,-80,250,0,250,0,240,90" /><INIT seed="1,0,0,4,0,62" ten="170,250,250,330" oya="1" hai0="100,70,75,31,5,113,77,123,93,91,23,25,24" hai1="116,1,90,86,26,84,133,32,94,95,105,118,33" hai2="66,76,124,29,115,98,87,53,63,27,35,85,82" hai3="13,18,54,68,99,128,135,131,126,132,39,81,129"/><U50/><E1/><V16/><F124/><W9/><G39/><T83/><D113/><U55/><E105/><V58/><F115/><W30/><G68/><T45/><D123/><U104/><E104/><V2/><F2/><W37/><G37/><T102/><D5/><U80/><E133/><N who="3" m="51274" /><G54/><T11/><D11/><U134/><E134/><V56/><F98/><W88/><G30/><T14/><D14/><U36/><E36/><V10/><F10/><W51/><G51/><T89/><D70/><U57/><E94/><V96/><F96/><W106/><G126/><T49/><D25/><U74/><E74/><V117/><F117/><W40/><G40/><T61/><D61/><U0/><E0/><V108/><F108/><W38/><G38/><T15/><D15/><U130/><E130/><V110/><F110/><W21/><G9/><T71/><D71/><U64/><E64/><V28/><F87/><N who="3" m="50287" /><G99/><T46/><D46/><U12/><E12/><V43/><F43/><W19/><G19/><T69/><D69/><U34/><REACH who="1" step="1"/><E26/><REACH who="1" ten="170,240,250,330" step="2"/><V48/><F35/><W78/><G106/><T6/><D93/><U60/><E60/><V127/><F127/><W122/><G122/><T119/><D119/><U4/><E4/><V97/><F97/><W79/><AGARI ba="0,1" hai="13,18,21,78,79,128,129,131" m="50287,51274" machi="79" ten="40,5200,0" yaku="19,1,20,1,54,1" doraHai="62" who="3" fromWho="3" sc="170,-13,240,-26,250,-13,330,62" /><INIT seed="2,0,0,2,5,56" ten="157,214,237,392" oya="2" hai0="105,97,43,103,123,24,21,131,75,28,17,46,111" hai1="10,34,0,64,5,9,19,52,20,22,76,121,7" hai2="112,30,4,98,115,114,36,122,50,133,2,12,90" hai3="8,65,88,120,118,29,82,134,99,6,116,79,47"/><V61/><F122/><W58/><G120/><T44/><D111/><U33/><E64/><V127/><F36/><W68/><G68/><T104/><D131/><U85/><E85/><V94/><F133/><W92/><G134/><T93/><D123/><U57/><E76/><V77/><F127/><W107/><G107/><T109/><D109/><U35/><E121/><V18/><F30/><W31/><G47/><T38/><D75/><U110/><E110/><V96/><F77/><W48/><G116/><T23/><REACH who="0" step="1"/><D44/><REACH who="0" ten="147,214,237,392" step="2"/><U129/><E129/><V25/><F114/><W41/><G118/><T1/><D1/><U84/><E0/><V37/><F2/><W91/><G41/><T49/><D49/><U51/><E19/><V83/><F112/><W59/><G48/><T132/><D132/><U14/><E7/><V15/><F115/><W78/><G6/><T126/><D126/><U87/><E5/><V54/><F4/><W40/><G40/><T63/><D63/><U86/><E14/><AGARI ba="0,1" hai="14,17,21,23,24,28,38,43,46,93,97,103,104,105" machi="14" ten="30,2000,0" yaku="1,1,7,1,53,0" doraHai="56" doraHaiUra="73" who="0" fromWho="1" sc="147,30,214,-20,237,0,392,0" /><INIT seed="3,0,0,3,4,131" ten="177,194,237,392" oya="3" hai0="31,8,77,115,19,92,60,107,62,88,98,74,76" hai1="102,53,20,99,80,79,47,96,97,64,39,11,18" hai2="119,63,69,114,6,36,111,3,117,1,124,81,108" hai3="24,33,103,94,86,15,132,55,44,41,22,129,122"/><W48/><G132/><T113/><D107/><U90/><E64/><N who="2" m="41119" /><F124/><W16/><G122/><T10/><D31/><U73/><E90/><V91/><F36/><W118/><G129/><T85/><D74/><U56/><E11/><N who="0" m="4137" /><D19/><U7/><E7/><V45/><F45/><W2/><G2/><N who="2" m="521" /><F6/><W100/><G118/><T46/><D46/><U110/><E110/><N who="2" m="42027" /><F114/><N who="0" m="43530" /><D77/><U87/><E47/><V29/><F29/><W38/><G33/><T25/><D25/><U133/><E39/><V126/><F126/><W28/><G38/><T50/><D50/><U49/><E73/><V135/><F91/><N who="3" m="53623" /><G41/><T78/><D76/><U71/><E71/><V82/><F82/><AGARI ba="0,0" hai="60,62,78,82,85,88,92,98" m="43530,4137" machi="82" ten="30,2000,0" yaku="11,1,54,1" doraHai="131" who="0" fromWho="2" sc="177,20,194,0,237,-20,392,0" owari="197,-20.3,194,-30.6,217,1.7,392,49.2" /></mjloggm>