<mjloggm ver="2.3"><GO type="225" lobby="0"/><UN n0="%E9%B3%B3%E6%9D%B1%E3%81%AE%E3%81%86%E3%81%95%E3%81%8E%E3%81%95%E3%82%93" n1="%4B%2E%32%2E%4B%2E" n2="%65%6B%61%72%75%74%65" n3="%E3%81%82%E3%81%99%E3%81%AB%E3%82%83%E3%82%80" dan="17,16,16,16" rate="2244.97,2096.20,2133.94,2132.93" sx="M,M,M,F"/><TAIKYOKU oya="0"/><INIT seed="0,0,0,1,3,100" ten="250,250,250,250" oya="0" hai0="9,104,118,102,21,128,67,135,120,18,75,80,108" hai1="26,42,57,51,63,17,65,109,107,113,61,53,97" hai2="115,62,64,22,124,130,79,14,99,30,70,92,96" hai3="106,34,36,81,10,38,72,129,114,56,119,4,33"/><T20/><D118/><U122/><E122/><V6/><F115/><W15/><G114/><T55/><D120/><U54/><E113/><V98/><F124/><W12/><G119/><T44/><D128/><U43/><E109/><V95/><F130/><W73/><G129/><T117/><D117/><U126/><E126/><V37/><F37/><W132/><G132/><T101/><D135/><U8/><E107/><V66/><F79/><W24/><G56/><T123/><D123/><U94/><E54/><V31/><F66/><W125/><G125/><T93/><D104/><U16/><E63/><V23/><F6/><W85/><G106/><T7/><D67/><U0/><E0/><V77/><F77/><W90/><G36/><T28/><D75/><U35/><E35/><V86/><F86/><W27/><G38/><T59/><D80/><U89/><E17/><V134/><F134/><W60/><G60/><N who="0" m="35967" /><D44/><U69/><REACH who="1" step="1"/><E26/><REACH who="1" ten="250,240,250,250" step="2"/><V71/><F62/><W46/><G33/><T29/><D18/><U2/><E2/><V41/><F64/><W45/><G34/><T5/><D108/><U52/><E52/><V110/><F110/><W116/><G116/><T58/><D5/><U1/><E1/><V74/><F31/><W39/><G4/><T68/><D28/><U88/><E88/><V40/><F30/><W76/><G90/><T49/><D29/><U50/><E50/><V127/><F127/><W87/><G39/><T133/><D49/><U78/><E78/><V3/><F3/><W25/><G76/><T112/><D133/><U32/><E32/><V48/><F48/><RYUUKYOKU ba="0,1" sc="250,-10,240,30,250,-10,250,-10" hai1="8,16,42,43,51,53,57,61,65,69,89,94,97" /><INIT seed="1,1,1,3,5,26" ten="240,270,240,240" oya="1" hai0="43,84,86,118,122,69,93,134,74,44,87,127,98" hai1="48,124,132,23,35,58,92,131,104,67,11,52,32" hai2="123,30,64,27,89,25,102,77,128,6,5,68,95" hai3="31,121,2,130,24,113,119,4,37,125,0,15,36"/><U82/><E104/><V28/><F123/><W60/><G113/><T40/><D118/><U33/><E124/><V135/><F128/><W61/><G119/><T99/><D74/><U106/><E106/><V116/><F116/><W107/><G107/><T41/><D134/><U114/><E114/><V57/><F68/><W21/><G121/><T65/><D127/><U103/><E131/><V55/><F64/><W7/><G130/><T62/><D122/><U90/><E132/><V91/><F77/><W47/><G125/><T81/><D81/><U83/><E103/><V38/><F38/><W34/><G36/><T59/><D69/><U19/><E11/><V10/><F102/><W3/><G7/><N who="2" m="2569" /><F10/><N who="3" m="2311" /><G60/><T56/><D56/><U133/><E67/><V12/><F12/><W80/><G80/><T100/><REACH who="0" step="1"/><D99/><REACH who="0" ten="230,270,240,240" step="2"/><U49/><E133/><V18/><F135/><W42/><G61/><T50/><AGARI ba="1,2" hai="40,41,43,44,50,59,62,65,84,86,87,93,98,100" machi="50" ten="30,7900,0" yaku="1,1,2,1,0,1,8,1,53,0" doraHai="26" doraHaiUra="108" who="0" fromWho="0" sc="230,102,270,-40,240,-21,240,-21" /><INIT seed="2,0,0,2,0,39" ten="332,230,219,219" oya="2" hai0="0,63,77,125,16,84,135,19,25,52,80,62,78" hai1="87,123,32,29,91,98,18,112,34,129,69,90,92" hai2="109,40,120,106,107,11,96,49,100,70,99,46,12" hai3="94,102,122,130,118,10,85,54,3,59,57,119,36"/><V115/><F115/><W7/><G122/><T126/><D0/><U124/><E112/><V79/><F120/><W117/><G130/><T55/><D135/><U105/><E123/><V2/><F70/><W53/><G36/><T42/><D42/><U50/><E69/><V83/><F2/><W108/><G108/><T23/><D78/><U95/><E105/><V9/><F109/><W27/><G27/><T26/><D63/><U131/><E124/><N who="0" m="47721" /><D62/><U56/><E18/><N who="0" m="6697" /><D25/><U72/><E72/><V116/><F116/><W71/><G71/><T75/><D84/><U82/><E98/><V44/><F44/><W20/><G85/><T76/><D77/><U14/><E14/><V35/><F35/><W37/><G20/><T13/><D13/><U127/><E127/><V24/><F24/><W41/><G117/><T101/><D101/><U61/><E50/><V89/><F12/><W81/><G102/><T111/><D111/><U88/><E29/><AGARI ba="0,0" hai="23,26,29,52,55,75,76,80" m="6697,47721" machi="29" ten="30,3900,0" yaku="18,1,54,2" doraHai="39" who="0" fromWho="1" sc="332,39,230,-39,219,0,219,0" /><INIT seed="3,0,0,2,4,70" ten="371,191,219,219" oya="3" hai0="93,42,1,20,36,73,96,127,74,94,133,25,116" hai1="40,4,3,24,115,63,61,8,28,108,46,27,59" hai2="106,56,135,31,83,92,13,14,23,2,103,33,7" hai3="57,51,0,107,39,123,81,49,15,53,90,5,134"/><W72/><G39/><T62/><D116/><U78/><E115/><V121/><F106/><W131/><G107/><T119/><D119/><U16/><E108/><V128/><F128/><W65/><G123/><T75/><D1/><U97/><E78/><V117/><F117/><W109/><G131/><T38/><D133/><U125/><E125/><V29/><F135/><W102/><G102/><T9/><D9/><U34/><E59/><V80/><F121/><W30/><G30/><N who="2" m="11273" /><F2/><W69/><G69/><T113/><D127/><U21/><REACH who="1" step="1"/><E97/><REACH who="1" ten="371,181,219,219" step="2"/><N who="2" m="59815" /><F56/><W44/><G134/><T120/><D96/><U37/><AGARI ba="0,1" hai="3,4,8,16,21,24,27,28,34,37,40,46,61,63" machi="37" ten="20,12000,2" yaku="1,1,0,1,7,1,52,1,54,1,53,1" doraHai="70" doraHaiUra="18" who="1" fromWho="1" sc="371,-30,181,130,219,-30,219,-60" owari="341,44.1,311,11.1,189,-21.1,159,-34.1" /></mjloggm>