<mjloggm ver="2.3"><GO type="225" lobby="0"/><UN n0="%E5%B8%86%E7%AB%8B%E5%A4%8F%E8%A1%A3" n1="%E7%BD%AA%E5%88%91%E6%B3%95%E5%AE%9A%E4%B8%BB%E7%BE%A9" n2="%6D%75%75%6D%75%72%61" n3="%72%69%6F%75%63%68%61%6E" dan="16,16,17,17" rate="2116.08,2171.51,2184.81,2232.67" sx="M,M,F,M"/><TAIKYOKU oya="0"/><INIT seed="0,0,0,5,5,47" ten="250,250,250,250" oya="0" hai0="59,65,77,7,135,75,86,37,101,40,88,51,129" hai1="31,42,99,76,67,100,10,131,81,70,123,134,5" hai2="46,50,74,84,121,69,82,83,125,35,39,106,110" hai3="79,122,1,2,23,115,48,3,4,118,25,27,116"/><T128/><D101/><U15/><E123/><V108/><F121/><W29/><G79/><T20/><D7/><U21/><E134/><V72/><F125/><W89/><G122/><T45/><D135/><U32/><E131/><N who="0" m="50249" /><D75/><U124/><E124/><V63/><F39/><W133/><G133/><T49/><D77/><U60/><E42/><N who="2" m="24919" /><F35/><N who="3" m="20911" /><G48/><T62/><D20/><U68/><E68/><V91/><F106/><W57/><G57/><T9/><D9/><U0/><E32/><V130/><F82/><AGARI ba="0,0" hai="37,40,45,49,51,59,62,65,82,86,88" m="50249" machi="82" ten="30,11600,0" yaku="19,1,52,2,54,1" doraHai="47" who="0" fromWho="2" sc="250,116,250,0,250,-116,250,0" /><INIT seed="0,1,0,0,4,131" ten="366,250,134,250" oya="0" hai0="105,120,100,59,37,20,31,32,67,95,132,42,39" hai1="106,10,55,122,48,12,26,66,16,128,107,44,33" hai2="93,3,111,35,19,5,30,121,9,90,80,58,75" hai3="133,52,110,92,24,115,103,130,25,40,72,50,36"/><T22/><D120/><U7/><E122/><V34/><F121/><W54/><G133/><T4/><D132/><U45/><E128/><V135/><F111/><W76/><G115/><T65/><D105/><U94/><E66/><V97/><F30/><W2/><G130/><T102/><D32/><U47/><E94/><V62/><F135/><W126/><G110/><T129/><D4/><U17/><E17/><V27/><F27/><W96/><G126/><T14/><D14/><U85/><E85/><V116/><F116/><W61/><G2/><T83/><D83/><U23/><REACH who="1" step="1"/><E33/><REACH who="1" ten="366,240,134,250" step="2"/><V79/><REACH who="2" step="1"/><F19/><REACH who="2" ten="366,240,124,250" step="2"/><W86/><G24/><T91/><D129/><U127/><E127/><V46/><F46/><AGARI ba="1,2" hai="7,10,12,16,23,26,44,45,46,47,48,55,106,107" machi="46" ten="40,2600,0" yaku="1,1,54,1,53,0" doraHai="131" doraHaiUra="88" who="1" fromWho="2" sc="366,0,240,49,124,-29,250,0" /><INIT seed="1,0,0,5,1,93" ten="366,289,95,250" oya="1" hai0="35,96,30,63,85,47,79,66,9,86,71,90,129" hai1="16,39,64,103,3,29,1,59,127,125,67,19,33" hai2="41,94,14,78,37,52,106,26,117,107,102,4,88" hai3="69,10,72,28,109,36,84,121,74,99,55,40,57"/><U126/><E39/><V132/><F117/><W119/><G121/><T34/><D129/><U76/><E76/><V17/><F132/><W75/><G69/><T89/><D79/><U133/><E133/><V7/><F78/><W97/><G109/><T122/><D122/><U77/><E77/><V0/><F0/><N who="1" m="73" /><E103/><V22/><F41/><W98/><G119/><T58/><D47/><U49/><E49/><V51/><F37/><W87/><G28/><T21/><D71/><U123/><E123/><V62/><F62/><W60/><REACH who="3" step="1"/><G10/><REACH who="3" ten="366,289,95,240" step="2"/><T95/><D30/><U18/><E59/><V114/><F114/><W42/><G42/><T131/><D9/><U46/><E46/><AGARI ba="0,1" hai="36,40,46,55,57,60,72,74,75,84,87,97,98,99" machi="46" ten="50,8000,1" yaku="1,1,52,3,53,0" doraHai="93" doraHaiUra="23" who="3" fromWho="1" sc="366,0,289,-80,95,0,240,90" /><INIT seed="2,0,0,3,4,64" ten="366,209,95,330" oya="2" hai0="69,104,0,28,85,125,100,130,25,73,72,14,4" hai1="33,18,119,117,59,121,74,105,21,103,42,3,22" hai2="71,46,17,94,34,66,75,112,48,57,135,44,108" hai3="37,2,118,70,49,8,56,101,95,35,131,10,55"/><V63/><F112/><W13/><G118/><T86/><D14/><U20/><E33/><V110/><F75/><W98/><G131/><T53/><D53/><U127/><E3/><V79/><F34/><W15/><G37/><T16/><D16/><U88/><E74/><V41/><F79/><W11/><G2/><T129/><D86/><U5/><E5/><V96/><F135/><W60/><G35/><T23/><D85/><U102/><E18/><V111/><F44/><N who="3" m="28071" /><G70/><T38/><D38/><U12/><E12/><V107/><F107/><W58/><G58/><T40/><D40/><U133/><E133/><V91/><REACH who="2" step="1"/><F17/><REACH who="2" ten="366,209,85,330" step="2"/><W81/><G81/><T7/><D73/><U93/><E105/><V68/><AGARI ba="0,1" hai="41,46,48,57,63,66,68,71,91,94,96,108,110,111" machi="68" ten="40,24000,3" yaku="1,1,2,1,0,1,14,1,10,1,52,2,53,3" doraHai="64" doraHaiUra="123" who="2" fromWho="2" sc="366,-80,209,-80,85,250,330,-80" /><INIT seed="2,1,0,1,1,27" ten="286,129,335,250" oya="2" hai0="1,4,69,44,50,117,127,99,11,46,19,96,93" hai1="79,42,84,15,33,9,104,118,29,60,107,88,56" hai2="123,5,74,122,2,67,12,76,131,40,81,24,134" hai3="66,0,86,17,41,111,78,58,3,51,94,73,71"/><V13/><F131/><W14/><G111/><T101/><D127/><U61/><E118/><V103/><F134/><W30/><G71/><T82/><D117/><U70/><E79/><V119/><F119/><W38/><G38/><T120/><D120/><U55/><E42/><V65/><F2/><W121/><G121/><T43/><D69/><U89/><E70/><V49/><F103/><W64/><G73/><T10/><D82/><U83/><E89/><V18/><F40/><W22/><G30/><T108/><D108/><U59/><E33/><V115/><F49/><W125/><G125/><T124/><D124/><U113/><E113/><V116/><F115/><W39/><G39/><T21/><D46/><U80/><E80/><V75/><F75/><W62/><G66/><T133/><D133/><U16/><REACH who="1" step="1"/><E29/><REACH who="1" ten="286,119,335,250" step="2"/><V72/><F116/><W105/><G78/><T37/><D37/><U48/><E48/><V106/><F81/><W7/><G41/><T47/><D50/><U114/><E114/><V97/><F76/><W32/><G51/><T52/><D43/><U57/><E57/><V45/><F122/><W35/><G35/><T98/><D47/><U91/><E91/><V129/><F45/><W100/><G32/><T128/><D44/><U126/><E126/><V109/><F123/><W53/><G58/><T54/><D128/><U95/><E95/><V26/><F129/><W34/><G34/><T23/><D93/><U20/><E20/><N who="0" m="7753" /><D101/><U77/><E77/><V102/><F109/><W92/><G100/><T85/><D85/><U25/><E25/><V68/><F24/><RYUUKYOKU ba="1,1" sc="286,15,119,15,335,-15,250,-15" hai0="1,4,10,11,19,52,54,96,98,99" hai1="9,15,16,55,56,59,60,61,83,84,88,104,107" /><INIT seed="3,2,1,0,3,22" ten="301,134,320,235" oya="3" hai0="115,12,38,48,98,118,54,97,100,103,106,75,67" hai1="58,17,122,50,13,73,99,68,90,4,16,92,57" hai2="134,110,84,117,1,3,33,2,71,8,125,80,63" hai3="65,45,44,9,60,82,36,23,55,88,59,43,77"/><W39/><G9/><T135/><D118/><U109/><E68/><V76/><F117/><W30/><G88/><T79/><D135/><U104/><E122/><V15/><F134/><W130/><G130/><T61/><D38/><U113/><E113/><V116/><F116/><W86/><G55/><T62/><D115/><U18/><E73/><V37/><F37/><W121/><G121/><T47/><D75/><U127/><E109/><V89/><F33/><W133/><G133/><T123/><D123/><U74/><E74/><V107/><F110/><W20/><REACH who="3" step="1"/><G30/><REACH who="3" ten="301,134,320,225" step="2"/><T91/><D91/><U72/><E127/><V131/><F125/><W11/><G11/><T52/><D54/><U94/><E72/><V64/><F131/><W87/><G87/><T124/><D124/><U51/><E104/><V41/><F107/><W42/><AGARI ba="2,2" hai="20,23,36,39,42,43,44,45,59,60,65,77,82,86" machi="42" ten="30,6000,0" yaku="1,1,0,1,9,1,53,0" doraHai="22" doraHaiUra="32" who="3" fromWho="3" sc="301,-22,134,-22,320,-22,225,86" owari="279,-12.1,112,-38.8,298,9.8,311,41.1" /></mjloggm>