<mjloggm ver="2.3"><GO type="225" lobby="0"/><UN n0="%E3%81%A8%E3%82%93%E3%81%A8%E3%81%93%E3%81%A8%E3%82%93" n1="%E3%81%BF%E3%81%BF%E3%81%9A" n2="%E7%B4%94%E6%BD%94%E3%83%94%E3%83%A9%E3%83%8B%E3%82%A2" n3="%73%6C%69%63%6B%33%31%39" dan="16,16,16,16" rate="2162.47,2094.83,2175.22,2084.42" sx="F,M,M,M"/><TAIKYOKU oya="0"/><INIT seed="0,0,0,2,5,34" ten="250,250,250,250" oya="0" hai0="52,114,42,48,115,79,75,38,128,11,31,81,44" hai1="133,2,105,47,53,102,88,36,51,97,24,93,95" hai2="78,126,56,117,61,6,63,65,73,77,120,29,14" hai3="92,41,33,64,110,62,90,25,108,8,45,0,55"/><T57/><D128/><U118/><E118/><V39/><F39/><W49/><G33/><T17/><D31/><U113/><E133/><V103/><F73/><W68/><G25/><T30/><D30/><U15/><E2/><V129/><F126/><W60/><G60/><T26/><D26/><U16/><E113/><V22/><F129/><W59/><G8/><T84/><REACH who="0" step="1"/><D75/><REACH who="0" ten="240,250,250,250" step="2"/><U107/><E24/><N who="2" m="16535" /><F117/><W121/><G121/><T89/><D89/><U5/><E36/><V125/><F120/><W7/><G108/><T83/><D83/><U99/><REACH who="1" step="1"/><E5/><REACH who="1" ten="240,240,250,250" step="2"/><V69/><F6/><W82/><G7/><T23/><D23/><AGARI ba="0,2" hai="15,16,23,47,51,53,88,93,95,97,99,102,105,107" machi="23" ten="30,8000,1" yaku="1,1,2,1,7,1,54,2,53,0" doraHai="34" doraHaiUra="58" who="1" fromWho="0" sc="240,-80,240,100,250,0,250,0" /><INIT seed="1,0,0,2,5,40" ten="160,340,250,250" oya="1" hai0="114,108,94,24,95,50,58,84,34,135,113,5,12" hai1="18,87,9,80,49,41,74,73,53,56,66,120,90" hai2="132,36,127,10,23,75,106,42,38,91,116,131,126" hai3="65,102,26,3,33,133,4,129,48,70,59,112,67"/><U43/><E120/><V100/><F116/><W16/><G112/><T98/><D108/><U83/><E66/><V46/><F75/><W128/><G102/><T8/><D135/><U11/><E74/><V119/><F119/><W81/><G133/><T31/><D84/><U52/><E73/><V107/><F132/><W77/><G4/><T45/><D58/><U118/><E118/><V109/><F109/><W13/><G3/><T96/><D95/><U64/><E64/><V57/><F131/><N who="3" m="50251" /><G70/><T2/><D2/><U134/><E134/><V47/><F10/><N who="1" m="3593" /><E18/><V60/><F91/><W20/><G59/><T69/><D69/><U89/><E53/><N who="2" m="33839" /><F100/><W117/><G48/><T72/><D72/><U62/><E62/><V68/><F23/><N who="3" m="11663" /><G33/><T85/><D85/><AGARI ba="0,0" hai="41,43,49,52,56,80,83,85,87,89,90" m="3593" machi="85" ten="30,2900,0" yaku="8,1,54,1" doraHai="40" who="1" fromWho="0" sc="160,-29,340,29,250,0,250,0" /><INIT seed="1,1,0,3,4,116" ten="131,369,250,250" oya="1" hai0="72,73,129,98,57,128,62,59,121,90,0,46,101" hai1="71,45,37,23,60,70,47,115,35,8,53,84,124" hai2="24,44,100,48,118,81,76,86,78,69,92,30,20" hai3="82,41,122,114,79,102,50,12,65,17,61,93,27"/><U123/><E35/><V132/><F118/><W106/><G114/><T31/><D0/><U1/><E1/><V77/><F69/><W119/><G119/><T54/><D31/><U130/><E8/><V107/><F107/><W25/><G106/><T14/><D121/><U55/><E23/><V49/><F49/><W51/><G122/><T39/><D90/><U13/><E13/><V135/><F92/><W97/><G27/><T96/><D14/><U109/><E84/><V52/><REACH who="2" step="1"/><F100/><REACH who="2" ten="131,369,240,250" step="2"/><W33/><G51/><T75/><D101/><U66/><E115/><V113/><F113/><W74/><G50/><T125/><D125/><U11/><E71/><V99/><F99/><W9/><G41/><T22/><D98/><U112/><E70/><V88/><AGARI ba="1,1" hai="20,24,30,44,48,52,76,77,78,81,86,88,132,135" machi="88" ten="30,7900,0" yaku="1,1,0,1,54,2,53,0" doraHai="116" doraHaiUra="58" who="2" fromWho="2" sc="131,-21,369,-40,240,92,250,-21" /><INIT seed="2,0,0,5,3,4" ten="110,329,332,229" oya="2" hai0="94,16,102,15,50,44,66,69,127,134,73,39,96" hai1="45,34,130,38,77,128,19,132,47,97,17,10,98" hai2="54,79,55,56,11,86,76,90,129,111,9,103,37" hai3="121,30,28,80,113,93,87,65,83,120,46,104,48"/><V71/><F71/><W67/><G104/><T112/><D112/><U42/><E34/><V61/><F37/><W20/><G113/><T95/><D127/><U72/><E132/><V64/><F129/><N who="1" m="49769" /><E45/><V81/><F103/><W123/><G93/><T117/><D134/><U122/><E122/><V74/><F111/><W22/><G20/><T88/><D73/><U29/><E29/><V59/><F64/><W2/><G2/><T35/><D35/><U36/><E36/><V125/><F125/><W26/><G28/><T82/><D39/><U0/><E19/><V115/><F115/><W109/><G109/><T101/><D117/><U52/><E52/><V40/><F40/><W53/><REACH who="3" step="1"/><G83/><REACH who="3" ten="110,329,332,219" step="2"/><T27/><D82/><N who="1" m="45351" /><E17/><V12/><F81/><W92/><G92/><T75/><D95/><U89/><E89/><AGARI ba="0,1" hai="22,26,30,46,48,53,65,67,80,87,89,120,121,123" machi="89" ten="40,1300,0" yaku="1,1,53,0" doraHai="4" doraHaiUra="58" who="3" fromWho="1" sc="110,0,329,-13,332,0,219,23" /><INIT seed="3,0,0,4,2,47" ten="110,316,332,242" oya="3" hai0="126,83,97,9,123,66,6,85,71,11,56,43,46" hai1="117,106,84,125,38,76,105,27,75,60,111,62,7" hai2="42,18,119,116,87,19,74,65,64,91,52,96,28" hai3="63,133,1,109,120,88,93,22,129,23,127,24,16"/><W132/><G120/><T0/><D123/><U72/><E38/><V82/><F74/><W128/><G1/><T30/><D126/><U104/><E7/><V86/><F42/><W37/><G37/><T58/><D30/><U103/><E27/><V99/><F28/><N who="3" m="17431" /><G63/><T77/><D71/><U115/><E60/><V130/><F130/><N who="3" m="50283" /><G109/><T55/><D66/><N who="2" m="25706" /><F119/><W48/><G48/><T92/><D55/><U113/><E62/><V32/><F32/><W29/><G29/><T112/><D112/><N who="1" m="43083" /><E111/><V13/><F116/><W40/><G40/><T34/><D34/><U5/><E5/><V2/><F2/><W53/><G53/><T36/><D11/><U26/><E26/><V89/><F52/><W51/><G51/><T31/><D31/><U101/><E125/><V17/><F13/><N who="3" m="9615" /><G127/><T131/><D131/><U80/><E117/><V25/><F25/><W102/><G102/><AGARI ba="0,0" hai="72,75,76,80,84,101,102,103,104,105,106" m="43083" machi="102" ten="40,2600,0" yaku="34,2" doraHai="47" who="1" fromWho="3" sc="110,0,316,26,332,0,242,-26" owari="110,-39.0,342,44.2,332,13.2,216,-18.4" /></mjloggm>