<mjloggm ver="2.3"><GO type="225" lobby="0"/><UN n0="%6C%61%6D%62" n1="%E6%80%AA%E3%81%97%E3%81%99%E3%81%8E%E3%82%8B%E3%83%81%E3%83%BC" n2="%E6%98%93%E5%88%A9%E8%96%A9%E4%BC%AF" n3="%33%74%72%65%65" dan="16,16,16,16" rate="2128.19,2152.28,2111.06,2086.17" sx="M,M,F,F"/><TAIKYOKU oya="0"/><INIT seed="0,0,0,1,4,117" ten="250,250,250,250" oya="0" hai0="98,9,125,50,4,90,69,28,44,114,37,65,111" hai1="110,56,53,103,78,27,45,7,36,51,112,59,39" hai2="6,55,63,25,72,47,71,24,14,81,57,104,19" hai3="121,89,33,58,22,62,132,23,134,61,1,99,20"/><T123/><D114/><U77/><E112/><V129/><F104/><W95/><G33/><T79/><D125/><U16/><E110/><V10/><F71/><W66/><G1/><T48/><D111/><U80/><E103/><V128/><F47/><W91/><G61/><T13/><D123/><U86/><E7/><V92/><F92/><W106/><G106/><T31/><D37/><U26/><E78/><N who="2" m="44231" /><F6/><W118/><G118/><T68/><D50/><U5/><E5/><V113/><F113/><W124/><G124/><T42/><D79/><U30/><E27/><V41/><F41/><W0/><G0/><T105/><D90/><U75/><E75/><V17/><F17/><W74/><G74/><T52/><D42/><U109/><E109/><V126/><F126/><W122/><REACH who="3" step="1"/><G91/><REACH who="3" ten="250,250,250,240" step="2"/><T76/><D76/><U130/><E130/><AGARI ba="0,1" hai="10,14,19,24,25,55,57,63,128,129,130" m="44231" machi="130" ten="30,1000,0" yaku="19,1" doraHai="117" who="2" fromWho="1" sc="250,0,250,-10,250,20,240,0" /><INIT seed="1,0,0,0,0,35" ten="250,240,270,240" oya="1" hai0="46,40,49,29,104,128,85,130,7,10,129,18,48" hai1="113,123,37,84,127,120,126,116,99,110,0,54,71" hai2="45,23,122,78,69,1,38,5,8,135,106,83,114" hai3="72,131,92,11,93,109,56,55,70,108,90,2,96"/><U12/><E37/><V115/><F122/><N who="1" m="46633" /><E71/><V73/><F135/><W82/><G70/><T59/><D104/><U101/><E54/><V66/><F23/><W81/><G92/><T30/><D18/><U117/><E12/><V125/><F106/><W58/><G58/><T26/><D26/><U3/><E84/><V14/><F14/><W103/><G131/><T64/><D85/><U6/><E6/><V111/><F111/><N who="3" m="42571" /><G90/><T80/><D80/><U65/><E65/><V86/><F86/><W132/><G72/><T88/><D88/><U31/><E31/><V91/><F91/><W20/><G20/><T119/><D119/><N who="1" m="45643" /><E113/><V47/><F47/><W76/><G76/><T112/><D112/><U74/><E74/><V107/><F114/><W87/><G87/><T43/><D43/><U24/><E24/><V62/><F115/><W95/><G81/><T4/><D4/><U15/><E15/><V134/><F69/><W13/><G82/><T27/><D27/><U42/><E42/><V94/><F83/><W50/><G13/><N who="0" m="5343" /><D64/><U9/><E9/><V133/><F66/><W79/><G79/><T105/><D105/><N who="1" m="63679" /><E110/><V98/><F8/><W77/><G77/><T118/><D118/><U33/><E33/><V51/><F78/><W32/><G32/><T19/><D19/><U67/><E67/><V28/><F73/><W121/><G121/><T16/><D16/><U36/><E36/><V60/><F28/><W61/><G11/><T39/><D39/><U25/><E25/><V68/><F38/><W21/><G21/><T17/><D17/><U44/><E44/><RYUUKYOKU ba="0,0" sc="250,15,240,15,270,-15,240,-15" hai0="29,30,40,46,48,49,59,128,129,130" hai1="0,3,126,127" /><INIT seed="1,1,0,4,5,100" ten="265,255,255,225" oya="1" hai0="120,76,131,17,34,89,64,2,33,84,55,53,4" hai1="106,102,46,20,16,130,68,47,134,123,51,121,92" hai2="110,129,12,6,30,7,26,117,43,132,29,23,40" hai3="125,3,80,126,19,56,116,81,105,71,70,39,65"/><U61/><E134/><V27/><F117/><W99/><G39/><T1/><D131/><U107/><E130/><V38/><F129/><W60/><G3/><T95/><D64/><U50/><E92/><V73/><F73/><W119/><G19/><T79/><D120/><U36/><E102/><V97/><F132/><W31/><G31/><T49/><D55/><U32/><E32/><V21/><F110/><W114/><G114/><T78/><D17/><U59/><E36/><V62/><F97/><W14/><G14/><T101/><D101/><U42/><E68/><N who="3" m="26154" /><G99/><T104/><D104/><U28/><E28/><V10/><F38/><W13/><G13/><T0/><REACH who="0" step="1"/><D4/><REACH who="0" ten="255,255,255,225" step="2"/><U11/><E121/><V58/><F7/><W9/><G105/><T115/><D115/><U82/><E123/><V52/><AGARI ba="1,1" hai="6,10,12,21,23,26,27,29,30,40,43,52,58,62" machi="52" ten="20,8000,1" yaku="0,1,7,1,9,1,8,1,54,1" doraHai="100" who="2" fromWho="2" sc="255,-21,255,-41,255,93,225,-21" /><INIT seed="2,0,0,2,5,25" ten="234,214,348,204" oya="2" hai0="123,105,1,71,72,40,57,31,96,33,79,29,8" hai1="41,2,76,108,92,5,16,85,97,118,32,38,127" hai2="28,35,53,89,10,95,133,12,81,114,52,117,11" hai3="24,121,3,112,110,113,39,67,128,124,21,75,126"/><V134/><F117/><W73/><G121/><T94/><D71/><U100/><E118/><V59/><F114/><N who="3" m="44139" /><G39/><T102/><D123/><U60/><E108/><V104/><F104/><W106/><G110/><T88/><D33/><U119/><E127/><N who="3" m="48682" /><G106/><T101/><D40/><U22/><E32/><V86/><F81/><W4/><G67/><T135/><D135/><N who="2" m="51722" /><F59/><W93/><G93/><T62/><D72/><U122/><E119/><V36/><F36/><W17/><G128/><T61/><D79/><U47/><E122/><V65/><F65/><W91/><G91/><T129/><D62/><U23/><E60/><V115/><F115/><W9/><G75/><T64/><D129/><U7/><E2/><V6/><F11/><N who="3" m="2463" /><G73/><T109/><D109/><U66/><E66/><V68/><F68/><W49/><G49/><T131/><D131/><U82/><REACH who="1" step="1"/><E23/><REACH who="1" ten="234,204,348,204" step="2"/><V18/><F35/><W70/><G70/><T48/><D1/><U30/><E30/><N who="0" m="11273" /><D105/><U20/><E20/><N who="2" m="11335" /><F28/><W125/><G125/><T15/><D48/><U46/><E46/><V80/><F80/><W26/><G9/><T63/><D63/><U130/><E130/><V43/><F43/><W51/><G51/><T98/><D98/><U13/><AGARI ba="0,1" hai="5,7,13,16,22,38,41,47,76,82,85,92,97,100" machi="13" ten="20,5200,0" yaku="1,1,0,1,7,1,54,1,53,0" doraHai="25" doraHaiUra="116" who="1" fromWho="1" sc="234,-13,204,62,348,-26,204,-13" /><INIT seed="3,0,0,1,2,42" ten="221,266,322,191" oya="3" hai0="87,51,121,65,105,46,66,130,82,127,64,83,114" hai1="135,91,25,109,5,86,75,15,116,29,63,27,62" hai2="133,13,92,9,84,70,79,33,96,129,28,120,122" hai3="31,59,76,77,99,100,16,67,7,69,53,14,102"/><W88/><G7/><T45/><D121/><N who="2" m="46698" /><F70/><W90/><G31/><T119/><D119/><U95/><E109/><V72/><F72/><W40/><G40/><T74/><D105/><U78/><E135/><V71/><F71/><W93/><G67/><T61/><D130/><U44/><E27/><N who="2" m="18591" /><F79/><N who="3" m="30283" /><G90/><N who="0" m="51575" /><D127/><U11/><E78/><V52/><F52/><W125/><G69/><T111/><D111/><U50/><E75/><V55/><F55/><W98/><G98/><T124/><D124/><U2/><E2/><V32/><F32/><W41/><G41/><T126/><D114/><U0/><E0/><V104/><F104/><W117/><G117/><T57/><D126/><U39/><E39/><V131/><F84/><W103/><G125/><T58/><D83/><U94/><E94/><V3/><F3/><W23/><G103/><T17/><D74/><U20/><E116/><V22/><F133/><W8/><G8/><T49/><D17/><U81/><E95/><V10/><F10/><W12/><G12/><T21/><D21/><U37/><E37/><V112/><F112/><W128/><G128/><T60/><D64/><U134/><E134/><V73/><F73/><W123/><G123/><T85/><D85/><U80/><E81/><V26/><F13/><W24/><G14/><T48/><AGARI ba="0,0" hai="45,46,48,49,51,57,58,60,61,65,66" m="51575" machi="48" ten="30,4000,0" yaku="8,1,52,2" doraHai="42" who="0" fromWho="0" sc="221,40,266,-10,322,-10,191,-20" owari="261,6.1,256,-14.4,312,41.2,171,-32.9" /></mjloggm>