<mjloggm ver="2.3"><GO type="225" lobby="0"/><UN n0="%E5%A4%9C%E3%81%AE%E3%82%AC%E3%82%B9%E3%83%91%E3%83%BC%E3%83%AB" n1="%E7%99%BD%E6%97%A5%E9%9B%AA%E8%8F%9C" n2="%E3%81%B5%E3%81%98%E3%81%8B%E3%81%A4" n3="%E9%87%8E%E3%80%85%E5%AE%AE%E8%97%8D" dan="16,17,16,17" rate="2119.35,2237.67,2208.90,2169.90" sx="M,M,M,F"/><TAIKYOKU oya="0"/><INIT seed="0,0,0,0,3,47" ten="250,250,250,250" oya="0" hai0="74,39,90,89,31,12,6,4,61,25,36,49,99" hai1="5,87,69,58,101,43,3,42,0,18,28,54,114" hai2="107,93,120,21,2,127,62,125,72,130,96,94,116" hai3="66,26,44,81,52,134,122,110,48,71,60,97,20"/><T67/><D74/><U63/><E114/><V70/><F2/><W32/><G110/><T15/><D99/><U19/><E28/><V7/><F120/><W121/><G134/><T73/><D73/><U16/><E101/><N who="2" m="62887" /><F72/><W102/><G81/><T41/><D41/><U109/><E109/><V27/><F7/><W100/><G32/><T38/><D49/><U13/><E69/><V11/><F11/><W33/><G33/><T95/><D6/><U24/><E24/><V126/><F130/><W37/><G37/><T45/><D45/><U76/><E0/><V17/><F116/><W9/><G9/><T53/><D53/><U112/><E3/><V83/><F83/><W103/><REACH who="3" step="1"/><G97/><REACH who="3" ten="250,250,250,240" step="2"/><T30/><D39/><U108/><E108/><V10/><F10/><W129/><G129/><T111/><D111/><U56/><E112/><V57/><F70/><W75/><G75/><T105/><D38/><U55/><E5/><V65/><AGARI ba="0,1" hai="17,21,27,57,62,65,93,94,125,126,127" m="62887" machi="65" ten="30,1100,0" yaku="18,1" doraHai="47" who="2" fromWho="2" sc="250,-5,250,-3,250,21,240,-3" /><INIT seed="1,0,0,2,1,44" ten="245,247,271,237" oya="1" hai0="125,71,68,88,76,2,61,1,58,50,79,102,21" hai1="27,81,93,10,64,31,7,115,132,103,119,75,59" hai2="19,85,0,18,96,5,101,13,129,110,92,37,3" hai3="105,42,90,48,57,100,36,113,26,128,29,78,124"/><U11/><E115/><V55/><F37/><W126/><G113/><T87/><D125/><N who="3" m="48233" /><G36/><T28/><D102/><U56/><E119/><V66/><F129/><W6/><G78/><T33/><D33/><U49/><E132/><V23/><F66/><W32/><G6/><T54/><D2/><U46/><E75/><V39/><F39/><W14/><G14/><T72/><D1/><U51/><E81/><V15/><F110/><W134/><G134/><T34/><D34/><U65/><E103/><V82/><F5/><W89/><G128/><T122/><D122/><U40/><E93/><V16/><F55/><N who="3" m="31975" /><G42/><T86/><D72/><U9/><E7/><V116/><F116/><W24/><G26/><N who="0" m="16463" /><D71/><U104/><E104/><V80/><F80/><W73/><G73/><T70/><D68/><U62/><E65/><V127/><F127/><W135/><G135/><T41/><D70/><U97/><E97/><AGARI ba="0,0" hai="24,29,32,89,90,97,100,105" m="31975,48233" machi="97" ten="30,2000,0" yaku="18,1,52,1" doraHai="44" who="3" fromWho="1" sc="245,0,247,-20,271,0,237,20" /><INIT seed="2,0,0,5,1,107" ten="245,227,271,257" oya="2" hai0="91,105,118,75,17,127,49,5,45,99,22,106,68" hai1="112,73,40,77,37,48,84,113,63,2,35,69,64" hai2="83,82,32,34,0,51,100,102,55,43,70,86,1" hai3="129,111,116,54,67,85,65,58,14,114,104,21,79"/><V6/><F70/><W130/><G116/><T20/><D68/><U3/><E84/><V117/><F117/><W19/><G104/><T134/><D118/><U125/><E35/><V60/><F60/><N who="3" m="35927" /><G111/><T33/><D33/><U89/><E89/><V126/><F126/><W57/><G114/><N who="1" m="44138" /><E48/><V4/><F43/><W50/><G57/><T30/><D127/><U13/><E13/><V31/><F51/><W95/><G50/><T96/><D5/><U28/><E28/><V121/><F55/><W108/><G108/><T15/><D91/><U78/><E78/><V87/><REACH who="2" step="1"/><F31/><REACH who="2" ten="245,227,261,257" step="2"/><W90/><G130/><T119/><D119/><U123/><E125/><V36/><F36/><W88/><G129/><T27/><D49/><U59/><E123/><AGARI ba="0,1" hai="0,1,4,6,32,34,82,83,86,87,100,102,121,123" machi="123" ten="25,4800,0" yaku="1,1,22,2,53,0" doraHai="107" doraHaiUra="94" who="2" fromWho="1" sc="245,0,227,-48,261,58,257,0" /><INIT seed="2,1,0,3,5,23" ten="245,179,319,257" oya="2" hai0="42,5,115,20,76,7,132,22,50,17,43,133,27" hai1="40,119,108,11,98,90,89,44,131,28,110,86,94" hai2="49,30,56,15,107,71,12,39,62,53,2,102,70" hai3="55,118,73,128,48,21,41,113,46,34,88,66,117"/><V47/><F2/><W3/><G34/><T112/><D76/><U18/><E119/><V68/><F107/><W121/><G121/><T37/><D50/><U59/><E131/><V10/><F102/><W124/><G3/><T92/><D92/><U100/><E28/><V83/><F30/><W97/><G73/><T9/><D37/><U127/><E59/><V101/><F101/><W135/><G128/><T79/><D79/><U125/><E11/><V6/><F15/><W99/><G124/><N who="1" m="47690" /><E18/><V25/><F83/><W105/><G135/><T13/><D43/><U32/><E32/><V60/><F25/><W57/><G66/><T91/><D42/><U74/><E44/><V29/><F29/><W33/><G33/><T78/><D78/><U84/><E40/><V63/><REACH who="2" step="1"/><F39/><REACH who="2" ten="245,179,309,257" step="2"/><W106/><G106/><T103/><D103/><U120/><E120/><V104/><F104/><W81/><G105/><T58/><D13/><U75/><E100/><V72/><F72/><N who="1" m="27689" /><E90/><V87/><F87/><AGARI ba="1,1" hai="84,86,87,89,94,98,108,110" m="27689,47690" machi="87" ten="40,5200,0" yaku="18,1,34,2" doraHai="23" who="1" fromWho="2" sc="245,0,179,65,309,-55,257,0" /><INIT seed="3,0,0,0,0,41" ten="245,244,254,257" oya="3" hai0="70,106,129,39,5,42,20,18,116,132,58,78,60" hai1="131,92,88,69,62,107,118,90,91,124,111,19,54" hai2="56,64,73,57,36,14,126,100,53,114,49,86,50" hai3="9,4,101,29,95,93,71,79,8,59,83,6,0"/><W82/><G71/><T113/><D116/><U133/><E107/><V37/><F73/><W76/><G29/><T120/><D120/><U46/><E111/><V80/><F100/><W72/><G59/><T121/><D70/><U3/><E3/><V28/><F114/><W67/><G67/><T48/><D39/><U115/><E115/><V77/><F28/><W26/><G26/><T61/><D113/><U75/><E75/><V89/><F126/><W51/><G51/><T117/><D121/><U96/><E124/><V112/><F112/><W52/><G52/><N who="0" m="32007" /><D106/><U2/><E2/><V38/><F77/><W22/><G22/><T44/><D117/><U25/><E118/><V94/><F14/><W119/><G101/><T55/><D42/><U110/><E69/><V104/><F104/><W84/><REACH who="3" step="1"/><G119/><REACH who="3" ten="245,244,254,247" step="2"/><T45/><D61/><U11/><E62/><V12/><F64/><W102/><G102/><T1/><D60/><U123/><E54/><V109/><F50/><W128/><G128/><T33/><D129/><U13/><E131/><V10/><F57/><W103/><G103/><T130/><D130/><U108/><E123/><V66/><F66/><W87/><G87/><T63/><D63/><U98/><E25/><V16/><F109/><N who="1" m="42089" /><E133/><V21/><F21/><W17/><G17/><T125/><D132/><U65/><E65/><V135/><F135/><W85/><G85/><T30/><D55/><U81/><E98/><V74/><F74/><W15/><AGARI ba="0,1" hai="0,4,6,8,9,15,72,76,79,82,83,84,93,95" machi="15" ten="20,3900,0" yaku="1,1,0,1,7,1,53,0" doraHai="41" doraHaiUra="27" who="3" fromWho="3" sc="245,-13,244,-13,254,-13,247,49" /><INIT seed="3,1,0,5,4,133" ten="232,231,241,296" oya="3" hai0="88,103,85,67,90,123,18,43,118,36,111,19,120" hai1="107,84,53,41,29,69,102,68,30,128,119,42,1" hai2="113,26,125,60,35,37,97,104,71,52,115,70,96" hai3="130,49,0,55,13,50,78,87,117,62,17,7,63"/><W38/><G38/><T124/><D118/><U59/><E1/><V46/><F125/><W101/><G117/><T22/><D124/><U121/><E121/><V8/><F8/><N who="3" m="4255" /><G0/><T39/><D111/><U127/><E119/><V28/><F52/><W74/><G74/><T80/><D103/><U34/><E127/><V4/><F96/><W56/><G101/><T82/><D67/><U75/><E75/><V105/><F4/><W83/><G130/><T86/><D43/><N who="1" m="16395" /><E34/><V135/><F135/><W15/><G63/><T25/><D22/><AGARI ba="1,0" hai="15,17,22,49,50,55,56,62,78,83,87" m="4255" machi="22" ten="30,1500,0" yaku="8,1" doraHai="133" who="3" fromWho="0" sc="232,-18,231,0,241,0,296,18" owari="214,-28.6,231,-16.9,241,4.1,314,41.4" /></mjloggm>