<mjloggm ver="2.3"><GO type="225" lobby="0"/><UN n0="%E3%82%BC%E3%83%AB%E3%83%80%E3%81%AE%E4%BC%9D%E8%AA%AC" n1="%6D%75%75%6D%75%72%61" n2="%E3%82%B2%E3%82%B9%E8%8C%82%E5%8B%9D" n3="%E3%81%BF%E3%81%BF%E3%81%9A" dan="17,16,16,16" rate="2165.30,2133.36,2053.18,2112.04" sx="M,F,F,M"/><TAIKYOKU oya="0"/><INIT seed="0,0,0,0,2,119" ten="250,250,250,250" oya="0" hai0="42,125,106,76,12,47,94,81,29,30,67,23,21" hai1="19,35,8,79,118,22,83,73,104,54,126,11,16" hai2="28,97,52,72,85,56,120,80,89,69,100,74,87" hai3="108,116,14,7,132,31,20,10,62,115,58,65,38"/><T113/><D106/><U6/><E35/><V111/><F111/><W122/><G116/><T18/><D125/><U92/><E104/><V64/><F28/><W59/><G115/><T133/><D133/><U36/><E118/><V96/><F85/><W123/><G38/><T99/><D67/><U25/><E126/><V71/><F120/><N who="3" m="46123" /><G108/><T130/><D130/><U3/><E36/><V127/><F96/><W68/><G132/><T57/><D57/><U95/><REACH who="1" step="1"/><E54/><REACH who="1" ten="250,240,250,250" step="2"/><V46/><F127/><W40/><G40/><T27/><D113/><U17/><E17/><V32/><F32/><W39/><G39/><T134/><D134/><U55/><E55/><V0/><F52/><W48/><G48/><T101/><D42/><U129/><E129/><V93/><F64/><W4/><G4/><T109/><D109/><U124/><E124/><V26/><F69/><W45/><G45/><T34/><D47/><U114/><E114/><V63/><F46/><W50/><G50/><T2/><D34/><U37/><E37/><V112/><F71/><W131/><G131/><T82/><D30/><U49/><E49/><V84/><F112/><W103/><G103/><T86/><D29/><U1/><E1/><V60/><F100/><W61/><G61/><T51/><D2/><U91/><E91/><V78/><F63/><W9/><G31/><N who="0" m="17903" /><D51/><U105/><E105/><V33/><F60/><W88/><G88/><T110/><D110/><U98/><E98/><V53/><F97/><W41/><G41/><T5/><D5/><U77/><E77/><V128/><F78/><W121/><G121/><RYUUKYOKU ba="0,1" sc="250,15,240,15,250,-15,250,-15" hai0="12,18,23,76,81,82,86,94,99,101" hai1="3,6,8,11,16,19,22,25,73,79,83,92,95" /><INIT seed="0,1,1,3,0,15" ten="265,255,235,235" oya="0" hai0="48,14,120,100,32,35,16,121,117,47,80,118,1" hai1="86,77,125,56,72,89,66,99,131,45,76,59,30" hai2="37,84,108,87,18,78,124,50,23,31,96,2,95" hai3="94,85,42,79,26,127,129,74,83,27,104,68,107"/><T132/><D100/><U103/><E72/><V119/><F37/><W116/><G116/><N who="0" m="44651" /><D80/><U110/><E110/><V41/><F119/><W91/><G68/><T109/><D48/><U4/><E131/><V65/><F2/><W0/><G129/><T88/><D88/><U40/><E125/><V51/><F124/><W133/><G127/><T3/><D47/><U8/><E30/><V54/><F65/><W55/><G133/><T10/><D132/><U70/><E70/><V114/><F41/><W71/><G71/><T60/><D60/><U13/><E66/><V64/><F31/><W62/><G42/><T75/><D75/><U90/><E103/><V28/><F28/><W5/><G62/><T22/><D109/><U6/><E99/><V25/><F108/><W11/><REACH who="3" step="1"/><G55/><REACH who="3" ten="265,255,235,225" step="2"/><T130/><D130/><U122/><E40/><V19/><F64/><W115/><G115/><T111/><D111/><U21/><E56/><V36/><F114/><W52/><G52/><T113/><D113/><U34/><E59/><V46/><F54/><W57/><G57/><T98/><D120/><U67/><E122/><V102/><F46/><W106/><AGARI ba="1,2" hai="0,5,11,26,27,74,79,83,85,91,94,104,106,107" machi="106" ten="30,2000,0" yaku="1,1,0,1,53,0" doraHai="15" doraHaiUra="12" who="3" fromWho="3" sc="265,-11,255,-6,235,-6,225,43" /><INIT seed="1,0,0,4,2,37" ten="254,249,229,268" oya="1" hai0="82,129,46,34,47,5,103,15,36,60,43,118,22" hai1="41,69,97,12,59,110,7,105,106,127,98,131,89" hai2="94,83,19,30,134,62,81,48,124,108,111,122,91" hai3="42,99,116,35,17,79,104,90,87,28,135,121,3"/><U70/><E131/><V55/><F122/><W80/><G121/><T100/><D34/><U21/><E127/><V49/><F124/><W25/><G135/><T64/><D118/><U2/><E2/><V119/><F119/><W13/><G116/><T52/><D129/><U26/><E110/><N who="2" m="42027" /><F30/><W93/><G3/><T20/><D82/><N who="2" m="31242" /><F19/><W73/><G42/><T23/><D15/><U88/><E12/><V9/><F9/><W126/><G126/><T75/><D5/><U85/><E7/><V101/><F101/><W74/><REACH who="3" step="1"/><G104/><REACH who="3" ten="254,249,229,258" step="2"/><T107/><D107/><U68/><E105/><V71/><F134/><W92/><G92/><T112/><D112/><U11/><E106/><V58/><F71/><W130/><G130/><T113/><D113/><U45/><E68/><V78/><F78/><W14/><G14/><T63/><D75/><U29/><E69/><V96/><AGARI ba="0,1" hai="48,49,55,58,62,91,94,96" m="31242,42027" machi="96" ten="30,1100,0" yaku="14,1" doraHai="37" who="2" fromWho="2" sc="254,-3,249,-5,229,21,258,-3" /><INIT seed="2,0,0,0,2,130" ten="251,244,250,255" oya="2" hai0="15,76,88,34,113,74,62,52,23,38,119,50,8" hai1="3,109,12,77,53,63,19,7,27,116,124,126,117" hai2="17,106,134,83,95,90,100,43,39,2,87,14,107" hai3="73,99,98,86,45,85,33,132,115,129,9,46,111"/><V92/><F2/><W37/><G73/><T81/><D34/><U20/><E77/><V24/><F24/><W135/><G129/><T10/><D113/><U127/><E63/><V112/><F43/><W72/><G72/><T40/><D119/><N who="1" m="45643" /><E53/><V36/><F39/><W123/><G123/><T89/><D38/><U75/><E75/><V26/><F26/><W133/><G111/><T60/><D40/><U80/><E80/><V66/><F36/><W122/><G122/><T101/><D101/><U125/><E125/><V84/><F112/><W131/><G115/><T55/><D62/><U28/><E109/><V1/><F1/><W121/><G121/><T97/><D60/><U32/><E3/><V30/><F30/><W67/><G131/><T104/><D104/><U22/><E7/><V44/><F66/><W114/><G33/><AGARI ba="0,0" hai="12,19,20,22,27,28,32,33,124,126,127" m="45643" machi="33" ten="40,5200,0" yaku="18,1,34,2" doraHai="130" who="1" fromWho="3" sc="251,0,244,52,250,0,255,-52" /><INIT seed="3,0,0,2,0,20" ten="251,296,250,203" oya="3" hai0="126,95,84,30,58,98,92,85,94,106,18,17,57" hai1="49,88,69,31,22,135,47,23,118,133,134,86,74" hai2="4,28,12,108,45,54,82,121,101,93,38,76,124" hai3="78,75,9,6,73,111,5,24,13,107,66,130,103"/><W99/><G130/><T1/><D1/><U117/><E74/><V71/><F71/><W102/><G111/><T127/><D30/><U53/><E69/><V100/><F108/><W39/><G39/><T128/><D98/><U89/><E89/><V72/><F124/><N who="0" m="47658" /><D106/><U41/><E41/><V36/><F36/><W91/><G103/><T90/><D128/><U114/><E114/><V131/><F131/><W34/><G66/><T59/><D90/><U96/><E96/><V35/><F93/><W64/><G91/><T43/><D43/><U56/><E56/><V116/><F116/><N who="1" m="44649" /><E31/><V80/><F80/><AGARI ba="0,0" hai="22,23,47,49,53,80,86,88,133,134,135" m="44649" machi="80" ten="40,5200,0" yaku="20,1,12,1,54,1" doraHai="20" who="1" fromWho="2" sc="251,0,296,52,250,-52,203,0" owari="251,5.1,348,44.8,198,-30.2,203,-19.7" /></mjloggm>