<mjloggm ver="2.3"><GO type="225" lobby="0"/><UN n0="%E3%81%8B%E3%82%8F%E3%81%A1%E3%82%83%E3%82%93%35%38" n1="%E5%8D%A0%E3%81%84%E5%B8%AB%E8%A3%8F%E3%81%AA%E3%81%84%E3%81%97" n2="%EF%BC%AE%EF%BC%A1%EF%BC%AF%33%33%39" n3="%E4%BF%BA%E3%81%A8%E5%A6%96%E5%A4%A2" dan="17,17,17,17" rate="2243.13,2173.93,2145.37,2180.37" sx="M,M,M,F"/><TAIKYOKU oya="0"/><INIT seed="0,0,0,3,4,125" ten="250,250,250,250" oya="0" hai0="103,45,66,108,42,100,39,132,121,14,131,4,114" hai1="69,67,94,93,21,10,51,63,88,64,81,129,59" hai2="8,20,55,11,126,50,86,90,106,82,109,34,29" hai3="85,3,65,104,60,102,80,36,127,133,61,62,72"/><T16/><D121/><U78/><E69/><V26/><F106/><W124/><G72/><T96/><D114/><U110/><E110/><V5/><F109/><W32/><G3/><T134/><D66/><U70/><E70/><V17/><F126/><N who="3" m="48171" /><G36/><T73/><D73/><U9/><E64/><V15/><REACH who="2" step="1"/><F5/><REACH who="2" ten="250,250,240,250" step="2"/><W122/><G122/><T71/><D108/><U13/><E93/><V83/><F83/><W111/><G111/><T54/><D4/><U119/><E94/><V75/><F75/><W130/><G133/><T43/><D134/><U23/><E81/><V24/><F24/><W97/><G32/><T112/><D132/><U18/><E9/><V84/><F84/><W95/><G104/><T49/><D112/><U27/><E10/><V68/><F68/><N who="3" m="42023" /><G130/><T46/><D71/><U30/><E129/><V118/><F118/><W117/><G117/><T37/><D131/><U33/><E119/><V28/><F28/><W99/><G99/><T12/><D96/><U79/><E33/><V113/><F113/><W0/><G0/><T116/><D116/><U92/><E51/><V44/><AGARI ba="0,1" hai="8,11,15,17,20,26,29,34,44,50,55,82,86,90" machi="44" ten="20,8000,1" yaku="1,1,0,1,7,1,53,2" doraHai="125" doraHaiUra="7" who="2" fromWho="2" sc="250,-40,250,-20,240,90,250,-20" /><INIT seed="1,0,0,3,1,37" ten="210,230,330,230" oya="1" hai0="121,95,1,112,130,54,122,101,30,102,113,85,111" hai1="67,126,65,12,133,78,2,120,3,49,131,27,25" hai2="82,8,53,42,63,86,7,35,106,0,81,88,134" hai3="103,71,10,109,132,29,21,64,93,99,32,69,23"/><U31/><E120/><N who="0" m="46185" /><D1/><U84/><E131/><V36/><F35/><W19/><G109/><T40/><D30/><U4/><E133/><V16/><F106/><W56/><G132/><T55/><D55/><U15/><E126/><V62/><F134/><W14/><G32/><T104/><D54/><U83/><E25/><V17/><F82/><W115/><G115/><N who="0" m="44107" /><D40/><U11/><E12/><V114/><F114/><W119/><G119/><T38/><D38/><U46/><E2/><V60/><REACH who="2" step="1"/><F53/><REACH who="2" ten="210,230,320,230" step="2"/><W68/><REACH who="3" step="1"/><G29/><REACH who="3" ten="210,230,320,220" step="2"/><T45/><D111/><U22/><REACH who="1" step="1"/><E3/><REACH who="1" ten="210,220,320,220" step="2"/><V51/><F51/><W61/><AGARI ba="0,3" hai="10,14,19,21,23,56,61,64,68,69,71,93,99,103" machi="61" ten="40,5200,0" yaku="1,1,2,1,0,1,53,0" doraHai="37" doraHaiUra="76" who="3" fromWho="3" sc="210,-13,220,-26,320,-13,220,82" /><INIT seed="2,0,0,1,5,5" ten="197,194,307,302" oya="2" hai0="10,79,46,78,38,121,115,119,87,51,44,125,19" hai1="40,37,49,26,29,112,45,113,107,114,25,61,96" hai2="32,133,89,43,76,6,128,116,93,99,98,123,66" hai3="83,73,72,12,134,77,65,57,82,60,14,69,7"/><V18/><F32/><W1/><G134/><T28/><D121/><U71/><E49/><V100/><F123/><W126/><G126/><T108/><D115/><U35/><E25/><V110/><F116/><W86/><G69/><T97/><D28/><U85/><E85/><V109/><F6/><W36/><G36/><T122/><D122/><U135/><E135/><V24/><F133/><W127/><G127/><T120/><D120/><U31/><E31/><V48/><F66/><W90/><REACH who="3" step="1"/><G72/><REACH who="3" ten="197,194,307,292" step="2"/><T104/><D125/><U22/><E71/><V41/><F128/><W118/><G118/><T4/><D38/><U106/><E35/><V105/><F76/><W13/><G13/><T70/><D79/><U129/><E129/><V8/><F24/><W131/><G131/><T16/><D70/><U81/><E81/><V68/><F68/><W67/><G67/><T132/><D119/><U47/><E113/><V34/><F34/><W64/><G64/><T58/><D132/><U88/><E114/><V111/><F48/><W56/><G56/><T15/><D58/><U17/><E112/><V101/><F89/><W52/><G52/><T54/><D46/><U55/><E47/><V117/><F117/><W124/><G124/><T30/><D44/><U50/><E37/><V27/><F27/><W74/><G74/><T59/><D59/><N who="1" m="35071" /><E29/><V94/><F105/><W42/><G42/><T20/><D51/><U84/><E107/><V103/><F103/><W63/><G63/><T11/><D54/><U130/><E130/><V23/><F43/><W53/><G53/><T75/><D104/><RYUUKYOKU ba="0,1" sc="197,-10,194,-10,307,-10,292,30" hai3="1,7,12,14,57,60,65,73,77,82,83,86,90" /><INIT seed="3,1,1,0,2,78" ten="187,184,297,322" oya="3" hai0="61,63,121,111,128,43,22,115,26,12,75,30,68" hai1="5,113,118,11,15,77,91,2,4,46,55,9,50" hai2="73,114,97,38,47,102,49,1,65,129,79,62,98" hai3="48,133,122,17,134,36,70,53,76,109,14,10,20"/><W44/><G122/><T25/><D121/><U18/><E113/><V117/><F114/><W95/><G70/><T35/><D75/><U3/><E118/><V67/><F117/><W101/><G109/><T23/><D115/><U51/><E77/><V34/><F34/><W56/><G76/><T125/><D35/><U112/><E112/><V120/><F1/><W74/><G74/><T103/><D68/><U110/><E110/><V8/><F120/><W85/><G10/><T100/><D111/><U24/><E24/><V86/><F73/><W135/><G36/><T131/><D43/><U66/><E66/><V105/><F38/><W123/><G123/><T90/><D12/><U41/><E91/><V87/><F8/><W7/><G7/><T126/><D90/><U0/><E5/><V39/><F39/><W84/><G56/><AGARI ba="1,1" hai="0,2,3,4,9,11,15,18,41,46,50,51,55,56" machi="56" ten="30,1000,0" yaku="7,1" doraHai="78" who="1" fromWho="3" sc="187,0,184,23,297,0,322,-13" owari="187,-31.3,207,-19.3,297,9.7,309,40.9" /></mjloggm>