<mjloggm ver="2.3"><GO type="225" lobby="0"/><UN n0="%E3%81%BF%E3%81%BF%E3%81%9A" n1="%E3%82%A2%E3%83%A1%E3%82%A2%E3%83%A9%E3%83%AC" n2="%E3%81%95%E3%81%8D%E3%81%9F%E3%81%BE%E6%9E%97%E6%AA%8E" n3="%E6%98%93%E5%88%A9%E8%96%A9%E4%BC%AF" dan="18,16,16,16" rate="2251.30,2174.79,2078.53,2027.16" sx="M,M,M,F"/><TAIKYOKU oya="0"/><INIT seed="0,0,0,3,1,43" ten="250,250,250,250" oya="0" hai0="103,114,88,13,32,99,0,5,22,46,29,38,49" hai1="98,113,82,11,104,108,72,110,57,42,78,24,6" hai2="132,93,7,15,26,17,62,111,91,19,75,120,121" hai3="115,85,76,58,48,8,50,67,31,105,34,28,69"/><T25/><D114/><U128/><E113/><V130/><F75/><W112/><G105/><T95/><D38/><U23/><E128/><V135/><F130/><W51/><G69/><T36/><D36/><U89/><E42/><V74/><F74/><W60/><G34/><T41/><D0/><U66/><E66/><V54/><F111/><N who="1" m="42537" /><E57/><N who="2" m="35127" /><F7/><W30/><REACH who="3" step="1"/><G8/><REACH who="3" ten="250,250,250,240" step="2"/><N who="0" m="4239" /><D32/><U45/><E104/><V2/><F121/><W97/><G97/><T127/><D127/><U109/><E109/><V14/><F120/><W3/><G3/><T40/><D40/><U87/><E98/><N who="2" m="57663" /><F2/><W123/><G123/><T96/><D96/><U10/><E10/><N who="2" m="6359" /><F135/><W106/><G106/><T37/><D37/><U21/><E11/><N who="2" m="6655" /><F132/><W53/><G53/><T47/><D47/><U70/><E70/><V77/><F77/><W118/><G118/><T122/><D122/><U79/><E78/><V68/><F68/><W92/><G92/><T107/><D107/><U52/><E79/><V90/><F90/><AGARI ba="0,1" hai="22,25,29,41,46,49,88,90,95,99,103" m="4239" machi="90" ten="30,5800,0" yaku="8,1,52,1,54,1" doraHai="43" who="0" fromWho="2" sc="250,68,250,0,250,-58,240,0" /><INIT seed="0,1,0,0,3,96" ten="318,250,192,240" oya="0" hai0="11,88,3,90,1,82,44,116,5,7,94,102,124" hai1="60,105,18,57,0,80,33,29,63,22,71,19,117" hai2="46,31,61,75,64,72,66,47,118,4,95,87,98" hai3="34,45,133,32,24,97,89,10,83,59,50,92,30"/><T40/><D116/><U93/><E105/><V108/><F108/><W81/><G133/><T113/><D113/><U115/><E0/><V85/><F118/><W103/><G34/><T6/><D124/><U28/><E33/><V8/><F31/><W52/><G10/><T84/><D1/><U79/><E117/><V69/><F66/><W106/><REACH who="3" step="1"/><G45/><REACH who="3" ten="318,250,192,230" step="2"/><T78/><D90/><U65/><E115/><V73/><F47/><W23/><G23/><T119/><D119/><U101/><E22/><V130/><F46/><W132/><G132/><T121/><D121/><U76/><E29/><V39/><F39/><W13/><G13/><T129/><D129/><U125/><E28/><V77/><F130/><W126/><G126/><T20/><D20/><U53/><E125/><V104/><F104/><W62/><G62/><T12/><D3/><U35/><E35/><V135/><F135/><W112/><G112/><T123/><D123/><U70/><E70/><V110/><F110/><W68/><G68/><T127/><D127/><U122/><E122/><V15/><REACH who="2" step="1"/><F77/><REACH who="2" ten="318,250,182,230" step="2"/><W128/><G128/><T100/><D44/><U38/><E38/><V16/><F16/><W49/><G49/><T114/><D114/><U14/><E79/><V111/><F111/><W131/><G131/><T120/><D120/><U48/><E19/><V37/><F37/><W74/><G74/><T36/><D36/><U58/><E18/><V99/><F99/><AGARI ba="1,2" hai="24,30,32,50,52,59,81,83,89,92,97,99,103,106" machi="99" ten="30,7700,0" yaku="1,1,7,1,52,1,54,1,53,0" doraHai="96" doraHaiUra="56" who="3" fromWho="2" sc="318,0,250,0,182,-80,230,100" /><INIT seed="1,0,0,3,2,107" ten="318,250,102,330" oya="1" hai0="109,55,48,97,113,79,44,87,95,110,67,120,12" hai1="119,2,19,26,126,81,3,24,88,78,20,32,35" hai2="70,75,60,22,29,17,128,96,28,124,112,31,34" hai3="6,1,68,116,47,50,111,8,52,127,123,27,66"/><U125/><E119/><V65/><F128/><W84/><G116/><T134/><D113/><U129/><E129/><V14/><F112/><W122/><G111/><N who="0" m="42507" /><D134/><U82/><E88/><V58/><F124/><N who="1" m="47721" /><E81/><V53/><F96/><W117/><G117/><T85/><D120/><U56/><E56/><V9/><F75/><W5/><G5/><T23/><D79/><U104/><E104/><V0/><F70/><W90/><G127/><T105/><D105/><U106/><E106/><V21/><F65/><W38/><G38/><T42/><D67/><U59/><E59/><V7/><REACH who="2" step="1"/><F22/><REACH who="2" ten="318,250,92,330" step="2"/><W64/><G64/><T102/><D23/><U99/><E99/><V135/><F135/><W101/><G66/><T76/><D85/><N who="1" m="48343" /><E35/><AGARI ba="0,1" hai="0,7,9,14,17,21,28,29,31,34,35,53,58,60" machi="35" ten="40,1300,0" yaku="1,1,53,0" doraHai="107" doraHaiUra="133" who="2" fromWho="1" sc="318,0,250,-13,92,23,330,0" /><INIT seed="2,0,0,4,5,66" ten="318,237,115,330" oya="2" hai0="69,39,129,9,105,79,54,98,106,21,116,128,31" hai1="57,67,103,77,40,108,3,117,63,50,90,130,91" hai2="58,14,35,123,112,61,48,34,118,73,104,30,76" hai3="93,10,37,56,64,115,94,132,78,119,109,27,88"/><V4/><F112/><W2/><G37/><T74/><D39/><U25/><E117/><V23/><F118/><W49/><G119/><T6/><D116/><U135/><E108/><V122/><F104/><W133/><G109/><T81/><D54/><U60/><E130/><N who="0" m="50281" /><D98/><U17/><E135/><V84/><F73/><W126/><G126/><T72/><D72/><U95/><E3/><V59/><F48/><W26/><G78/><T44/><D44/><N who="1" m="25863" /><E77/><V0/><F0/><W89/><G115/><T96/><D96/><N who="1" m="59807" /><E63/><V51/><F34/><W70/><G89/><T134/><D69/><U47/><E47/><V124/><F124/><W113/><G88/><T28/><D134/><U22/><AGARI ba="0,0" hai="17,22,25,57,60,67,90,91" m="59807,25863" machi="22" ten="30,1100,0" yaku="8,1" doraHai="66" who="1" fromWho="1" sc="318,-3,237,11,115,-5,330,-3" /><INIT seed="3,0,0,3,2,74" ten="315,248,110,327" oya="3" hai0="90,31,44,21,59,42,68,126,17,107,116,127,29" hai1="22,122,24,85,19,14,109,67,2,113,110,75,105" hai2="95,133,94,118,55,4,101,8,13,49,39,33,66" hai3="98,78,23,51,71,40,11,52,104,114,128,50,82"/><W30/><G71/><T63/><D68/><U121/><E75/><V92/><F133/><W84/><G114/><T119/><D107/><U86/><E105/><V111/><F111/><N who="1" m="42505" /><E85/><V47/><F118/><W56/><G128/><T77/><D90/><U117/><E86/><V87/><F33/><W89/><G11/><T72/><D119/><U73/><E73/><V112/><F112/><W5/><G5/><T0/><D0/><U43/><E43/><V7/><F39/><W102/><G89/><T10/><D10/><N who="1" m="6615" /><E67/><V25/><F66/><W123/><G123/><T93/><D93/><U57/><E57/><V18/><F87/><W35/><G35/><T76/><D116/><U41/><E41/><V3/><F3/><W32/><G32/><T15/><D72/><U79/><E117/><V69/><F69/><W132/><G132/><T124/><D31/><N who="1" m="17815" /><E113/><V28/><REACH who="2" step="1"/><F101/><REACH who="2" ten="315,248,100,327" step="2"/><W46/><G84/><T58/><D126/><U129/><E2/><V64/><F64/><W53/><G102/><T62/><D127/><U130/><E79/><N who="0" m="30281" /><D124/><U91/><E91/><V81/><F81/><W12/><G82/><T37/><D63/><U70/><E70/><V120/><F120/><AGARI ba="0,1" hai="120,121,122,129,130" m="17815,6615,42505" machi="120" ten="30,3900,0" yaku="14,1,34,2" doraHai="74" who="1" fromWho="2" sc="315,0,248,49,100,-39,327,0" owari="315,11.5,297,-10.3,61,-43.9,327,42.7" /></mjloggm>