<mjloggm ver="2.3"><GO type="225" lobby="0"/><UN n0="%73%6C%69%63%6B%33%31%39" n1="%E5%8D%A0%E3%81%84%E5%B8%AB%E8%A3%8F%E3%81%AA%E3%81%84%E3%81%97" n2="%E7%AD%89%E3%80%85%E5%8A%9B%E5%8A%87%E5%A0%B4" n3="%6E%65%77%E8%BC%AA%E5%A4%A7%E7%B4%8D%E8%A8%80" dan="16,17,16,16" rate="2119.16,2165.60,2088.53,2097.49" sx="M,M,M,M"/><TAIKYOKU oya="0"/><INIT seed="0,0,0,3,0,5" ten="250,250,250,250" oya="0" hai0="64,82,103,43,91,135,53,25,46,106,28,15,21" hai1="74,97,41,85,7,127,39,10,95,1,67,40,20" hai2="12,123,22,121,51,107,38,2,34,128,24,3,124" hai3="70,45,96,36,42,78,77,108,13,18,71,44,115"/><T118/><D118/><U50/><E74/><V101/><F38/><W93/><G115/><T75/><D135/><U81/><E127/><V84/><F128/><W129/><G129/><T122/><D122/><U6/><E39/><V62/><F124/><W14/><G108/><T132/><D132/><U61/><E6/><V33/><F107/><W52/><G14/><T134/><D134/><U56/><E20/><V87/><F101/><W59/><G45/><T63/><D53/><U57/><E57/><V8/><F51/><W26/><G26/><T126/><D126/><U133/><E50/><V89/><F62/><W73/><G73/><T60/><D106/><U92/><E133/><V120/><F87/><W80/><G78/><T11/><D103/><U79/><REACH who="1" step="1"/><E95/><REACH who="1" ten="250,240,250,250" step="2"/><V17/><F34/><W30/><G71/><T16/><D64/><U27/><E27/><V31/><REACH who="2" step="1"/><F33/><REACH who="2" ten="250,240,240,250" step="2"/><W130/><G130/><T48/><D75/><U9/><E9/><V37/><F37/><W102/><G36/><T72/><D72/><U88/><AGARI ba="0,2" hai="1,7,10,40,41,56,61,67,79,81,85,88,92,97" machi="88" ten="20,8000,1" yaku="1,1,0,1,7,1,52,1,54,1,53,0" doraHai="5" doraHaiUra="99" who="1" fromWho="1" sc="250,-40,240,100,240,-20,250,-20" /><INIT seed="1,0,0,3,3,61" ten="210,340,220,230" oya="1" hai0="124,72,109,33,32,26,117,3,55,5,116,97,134" hai1="60,99,110,77,92,42,108,24,130,37,4,118,12" hai2="103,59,53,29,57,98,94,79,43,131,122,20,13" hai3="2,85,105,71,39,84,7,19,9,135,89,67,126"/><U22/><E118/><N who="0" m="45673" /><D55/><U115/><E115/><V111/><F122/><W44/><G126/><T51/><D51/><U50/><E37/><V119/><F119/><W96/><G135/><T75/><D97/><U48/><E130/><V76/><F111/><N who="1" m="42537" /><E77/><V63/><F131/><W127/><G127/><T78/><D124/><U25/><E25/><N who="2" m="16551" /><F43/><W73/><G73/><N who="0" m="28235" /><D78/><U34/><E34/><N who="0" m="13417" /><D26/><U52/><E42/><V129/><F129/><W91/><G19/><T101/><D101/><N who="1" m="60647" /><E4/><V88/><F103/><W1/><G105/><T16/><D16/><N who="1" m="10503" /><E24/><V27/><F27/><W36/><G96/><T49/><D49/><U87/><E87/><V64/><F13/><W38/><G44/><T23/><D109/><U28/><E28/><V15/><F15/><W112/><G112/><T93/><D5/><U58/><AGARI ba="0,0" hai="48,50,52,58,60" m="10503,60647,42537" machi="58" ten="30,11700,0" yaku="14,1,10,1,54,2" doraHai="61" who="1" fromWho="1" sc="210,-39,340,117,220,-39,230,-39" /><INIT seed="1,1,0,5,3,121" ten="171,457,181,191" oya="1" hai0="50,100,59,28,9,110,14,73,80,51,21,43,65" hai1="54,122,46,77,97,95,124,129,79,17,6,85,109" hai2="131,76,7,135,53,36,98,16,75,105,134,39,111" hai3="113,19,40,29,130,38,66,91,32,78,10,119,72"/><U82/><E122/><V41/><F7/><W83/><G113/><T60/><D73/><U112/><E112/><V27/><F131/><W20/><G130/><T123/><D123/><U56/><E129/><V132/><F41/><W35/><G119/><T45/><D110/><U23/><E124/><V11/><F75/><W71/><G10/><T42/><D80/><U55/><E6/><V4/><F76/><W31/><G91/><T68/><D100/><U70/><E70/><V117/><F117/><W22/><G22/><T63/><D21/><U89/><E46/><V8/><F53/><W106/><G106/><T108/><D28/><U61/><E109/><V24/><F111/><W57/><G71/><N who="0" m="42407" /><D14/><U87/><E55/><V34/><F34/><W5/><G5/><T12/><D12/><U90/><E85/><V102/><F4/><W58/><G40/><N who="0" m="24871" /><D9/><N who="2" m="3658" /><F27/><AGARI ba="1,0" hai="17,23,27,54,56,61,77,79,82,87,89,90,95,97" machi="27" ten="30,11600,0" yaku="7,1,25,2,8,1" doraHai="121" who="1" fromWho="2" sc="171,0,457,119,181,-119,191,0" /><INIT seed="1,2,0,4,1,78" ten="171,576,62,191" oya="1" hai0="42,33,46,14,129,77,80,47,24,52,11,99,79" hai1="53,134,83,59,85,34,15,21,60,104,102,48,132" hai2="114,126,36,61,92,73,16,13,55,66,95,6,31" hai3="41,51,68,29,82,62,93,2,86,113,122,17,9"/><U3/><E3/><V110/><F36/><W128/><G122/><T103/><D129/><U64/><E34/><V96/><F110/><W135/><G113/><T100/><D33/><U120/><E120/><V84/><F73/><W98/><G128/><T8/><D24/><U0/><E0/><V124/><F6/><W57/><G135/><N who="1" m="51754" /><E102/><V90/><F31/><W69/><G29/><T76/><D8/><U40/><E40/><V20/><F55/><W125/><G125/><T71/><D71/><U81/><E85/><V87/><F114/><W105/><G105/><T28/><D28/><U130/><E104/><V70/><REACH who="2" step="1"/><F87/><REACH who="2" ten="171,576,52,191" step="2"/><W10/><G86/><T115/><D52/><U88/><E130/><V63/><F63/><W44/><G62/><T109/><D109/><U89/><E89/><AGARI ba="2,1" hai="13,16,20,61,66,70,84,89,90,92,95,96,124,126" machi="89" ten="40,2600,0" yaku="1,1,54,1,53,0" doraHai="78" doraHaiUra="74" who="2" fromWho="1" sc="171,0,576,-32,52,42,191,0" /><INIT seed="2,0,0,3,2,131" ten="171,544,94,191" oya="2" hai0="56,5,99,43,116,38,30,31,18,73,127,125,118" hai1="130,4,108,113,78,36,95,69,72,55,32,9,107" hai2="100,7,111,124,16,91,20,80,54,76,134,128,23" hai3="114,24,86,110,104,81,44,10,89,8,122,50,27"/><V133/><F128/><W93/><G122/><T92/><D73/><U96/><E32/><V14/><F124/><N who="0" m="47690" /><D5/><U126/><E113/><V82/><F111/><W53/><G104/><T17/><D56/><U2/><E69/><V39/><F39/><W46/><G110/><T87/><D87/><U105/><E126/><V47/><F100/><W90/><G46/><N who="0" m="23927" /><D30/><U12/><E12/><V58/><F47/><W98/><G114/><T26/><D18/><U68/><E95/><V6/><F91/><W63/><G63/><T102/><D17/><U35/><E35/><AGARI ba="0,0" hai="26,31,35,92,99,102,116,118" m="23927,47690" machi="35" ten="30,1000,0" yaku="18,1" doraHai="131" who="0" fromWho="1" sc="171,10,544,-10,94,0,191,0" /><INIT seed="3,0,0,2,4,18" ten="181,534,94,191" oya="3" hai0="66,0,7,92,100,61,70,126,32,127,63,68,106" hai1="83,125,94,40,73,109,48,2,31,79,64,27,121" hai2="24,37,41,52,129,130,69,98,120,99,87,60,13" hai3="35,89,93,42,76,78,108,91,56,30,43,10,53"/><W21/><G35/><T44/><D32/><U128/><E121/><V75/><F75/><W3/><G108/><T54/><D106/><U119/><E128/><V95/><F120/><W59/><G3/><T39/><D7/><U50/><E2/><V111/><F111/><W15/><G30/><T116/><D0/><U17/><E125/><N who="0" m="47625" /><D116/><U96/><E119/><V16/><F24/><W80/><G21/><T8/><D8/><U90/><E40/><N who="3" m="15402" /><G80/><T26/><D26/><U118/><E118/><V86/><F69/><N who="0" m="26730" /><D66/><U82/><E82/><V122/><F122/><W51/><G59/><T110/><D39/><U67/><E109/><V20/><F99/><N who="3" m="57775" /><G91/><T107/><D107/><U84/><E73/><V49/><F37/><W11/><G11/><T114/><D114/><U22/><E31/><V113/><F113/><W115/><G115/><T5/><D5/><AGARI ba="0,0" hai="5,10,15,51,53,56,76,78" m="57775,15402" machi="5" ten="30,1500,0" yaku="8,1" doraHai="18" who="3" fromWho="0" sc="181,-15,534,0,94,0,191,15" /><INIT seed="3,1,0,0,5,124" ten="166,534,94,206" oya="3" hai0="102,132,6,87,112,50,17,93,89,83,75,114,37" hai1="77,32,0,63,109,59,7,118,26,67,60,28,21" hai2="96,39,126,90,104,27,29,42,133,45,38,31,54" hai3="101,122,103,66,131,49,8,36,2,111,58,43,81"/><W84/><G122/><T20/><D37/><U78/><E109/><V97/><F126/><W18/><G111/><T129/><D132/><U3/><E118/><V14/><F133/><W71/><G71/><T108/><D108/><U52/><E32/><V33/><F104/><W65/><G36/><T16/><D129/><U47/><E7/><V4/><F38/><W61/><G66/><T68/><D68/><U46/><E0/><V105/><F105/><W55/><G43/><T73/><D6/><U72/><E3/><V121/><F121/><W64/><G131/><T1/><D1/><U123/><E123/><V85/><F31/><W34/><G34/><T115/><D50/><U110/><E110/><V9/><F54/><W11/><G2/><T15/><D17/><U62/><E72/><V80/><F39/><W13/><G11/><T92/><D92/><U35/><E35/><V134/><F134/><W86/><G86/><T107/><D107/><U44/><E67/><N who="3" m="25674" /><G49/><AGARI ba="1,0" hai="21,26,28,44,46,47,49,52,59,60,62,63,77,78" machi="49" ten="40,2600,0" yaku="8,1,54,1" doraHai="124" who="1" fromWho="3" sc="166,0,534,29,94,0,206,-29" owari="166,-23.4,563,66.3,94,-40.6,177,-2.3" /></mjloggm>