<mjloggm ver="2.3"><GO type="225" lobby="0"/><UN n0="%4C%4F%4C%49%54%41" n1="%E3%81%95%E3%81%8D%E3%81%9F%E3%81%BE%E6%9E%97%E6%AA%8E" n2="%E5%B8%86%E7%AB%8B%E5%A4%8F%E8%A1%A3" n3="%E3%83%A9%E3%83%96%E3%83%AC%E3%83%BC" dan="16,16,17,18" rate="2172.60,2170.53,2177.73,2247.00" sx="F,M,M,M"/><TAIKYOKU oya="0"/><INIT seed="0,0,0,5,2,108" ten="250,250,250,250" oya="0" hai0="107,95,94,113,131,133,80,29,79,37,2,40,3" hai1="78,10,125,23,56,123,62,1,71,12,110,8,118" hai2="81,17,109,21,25,15,13,122,112,135,57,20,47" hai3="105,70,127,82,121,28,102,104,93,65,45,39,38"/><T90/><D131/><U115/><E110/><V132/><F109/><W9/><G127/><T91/><D107/><U92/><E118/><V117/><F117/><W7/><G28/><T63/><D133/><N who="2" m="51274" /><F122/><W64/><G93/><T34/><D113/><U54/><E123/><V76/><F57/><W26/><G26/><T6/><D63/><U86/><E125/><V5/><F112/><W14/><G82/><T0/><D6/><U4/><E71/><V69/><F69/><W59/><G59/><T49/><D37/><U72/><E72/><N who="2" m="43143" /><F5/><W22/><G65/><T11/><D11/><U67/><E115/><V129/><F129/><W43/><G39/><T84/><D34/><U68/><E23/><V31/><F47/><W60/><G22/><T89/><REACH who="0" step="1"/><D29/><REACH who="0" ten="240,250,250,250" step="2"/><U61/><E61/><V88/><F31/><W48/><G121/><T126/><D126/><U74/><E62/><V27/><F21/><W124/><G124/><T35/><D35/><U41/><E10/><V120/><F120/><W111/><G111/><T103/><D103/><U75/><E8/><V106/><F106/><W46/><G102/><T134/><D134/><U99/><E4/><V19/><F19/><W50/><G38/><T87/><D87/><U73/><E86/><V100/><F100/><W116/><G116/><T53/><D53/><AGARI ba="0,1" hai="7,9,14,43,45,46,48,50,53,60,64,70,104,105" machi="53" ten="30,1000,0" yaku="7,1" doraHai="108" who="3" fromWho="0" sc="240,-10,250,0,250,0,250,20" /><INIT seed="1,0,0,4,5,49" ten="230,250,250,270" oya="1" hai0="77,95,43,62,66,6,68,48,31,7,21,116,90" hai1="23,82,45,123,106,40,97,124,28,56,108,34,12" hai2="51,9,37,1,67,22,25,98,84,107,73,110,133" hai3="122,32,109,132,59,104,93,58,13,17,11,69,35"/><U103/><E123/><V63/><F37/><W8/><G104/><T85/><D116/><U53/><E124/><V70/><F73/><W113/><G113/><T2/><D2/><U83/><E34/><V5/><F110/><W54/><G69/><T78/><D43/><U29/><E108/><V36/><F36/><W120/><G109/><T14/><D48/><U46/><E29/><V3/><F133/><W19/><G93/><T57/><D68/><U15/><E15/><V86/><F3/><W55/><REACH who="3" step="1"/><G13/><REACH who="3" ten="230,250,250,260" step="2"/><T61/><D14/><U111/><E111/><V94/><F107/><W115/><G115/><T101/><D95/><U129/><E12/><V20/><F94/><W99/><G99/><T119/><D119/><U72/><E97/><V96/><F98/><W100/><G100/><T127/><D101/><U47/><E103/><V88/><F96/><W75/><G75/><T26/><D127/><U114/><E106/><V76/><F86/><W89/><G89/><T24/><D90/><U16/><E72/><V102/><F88/><W39/><G39/><T121/><D85/><U134/><E114/><V4/><F102/><W64/><G64/><T131/><D66/><U44/><E40/><V105/><F105/><W126/><G126/><T128/><D121/><U38/><E38/><V80/><F84/><W74/><G74/><T50/><D78/><U79/><E79/><V41/><F76/><W18/><G18/><T92/><D77/><U52/><E16/><V125/><F125/><W65/><G65/><T118/><D92/><U10/><E82/><V30/><F80/><RYUUKYOKU ba="0,1" sc="230,-10,250,-10,250,-10,260,30" hai3="8,11,17,19,32,35,54,55,58,59,120,122,132" /><INIT seed="2,1,1,5,1,45" ten="220,240,240,290" oya="2" hai0="69,77,61,87,82,24,120,134,86,41,30,25,121" hai1="40,65,34,13,105,48,70,90,38,99,123,28,92" hai2="22,60,88,111,135,57,80,66,104,55,58,94,78" hai3="108,119,52,67,39,63,27,59,113,8,126,1,51"/><V118/><F135/><W72/><G72/><T132/><D41/><U18/><E38/><V129/><F129/><W21/><G119/><T71/><D61/><U11/><E123/><V64/><F104/><W125/><G39/><T33/><D24/><U122/><E122/><N who="0" m="47209" /><D86/><U79/><E79/><V10/><F118/><W84/><G84/><T32/><D32/><U47/><E105/><V36/><F36/><W35/><G35/><T15/><D15/><U85/><E70/><V131/><F131/><W54/><G54/><T106/><D106/><U23/><E34/><V12/><F80/><W127/><G113/><T124/><D124/><U53/><E65/><V73/><F73/><W76/><G76/><T102/><D102/><U116/><E116/><V3/><F78/><W46/><G1/><T133/><AGARI ba="1,1" hai="25,30,33,69,71,77,82,87,132,133,134" m="47209" machi="133" ten="40,1500,0" yaku="20,1" doraHai="45" who="0" fromWho="0" sc="220,28,240,-5,240,-8,290,-5" /><INIT seed="3,0,0,2,1,121" ten="248,235,232,285" oya="3" hai0="98,58,120,62,92,52,105,71,74,11,90,110,130" hai1="88,89,69,94,85,125,49,95,134,6,29,54,24" hai2="57,100,21,106,103,23,43,129,8,40,104,111,131" hai3="132,77,15,108,0,67,26,82,28,102,93,5,86"/><W31/><G0/><T2/><D120/><U73/><E134/><V1/><F1/><W4/><G108/><T9/><D74/><U115/><E115/><V44/><F57/><W68/><G68/><T60/><D130/><N who="2" m="49674" /><F8/><N who="3" m="4487" /><G5/><T25/><D105/><N who="2" m="40554" /><F111/><W87/><G67/><T113/><D110/><U128/><E125/><V80/><F80/><N who="3" m="47375" /><G26/><T75/><D75/><U37/><E73/><V47/><F47/><W7/><G7/><T99/><D2/><U70/><E37/><N who="2" m="21519" /><F43/><W38/><G38/><T66/><D113/><U119/><E119/><V63/><F63/><W64/><G64/><T126/><D126/><U18/><E128/><V91/><F91/><N who="3" m="51703" /><G132/><T135/><D135/><U35/><E6/><V123/><F123/><W56/><G56/><T116/><D116/><U133/><E133/><V48/><F48/><W19/><G19/><T17/><D98/><AGARI ba="0,0" hai="28,31,93,98,102" m="51703,47375,4487" machi="98" ten="30,1500,0" yaku="8,1" doraHai="121" who="3" fromWho="0" sc="248,-15,235,0,232,0,285,15" owari="233,-16.7,235,3.5,232,-26.8,300,40.0" /></mjloggm>