<mjloggm ver="2.3"><GO type="225" lobby="0"/><UN n0="%63%68%78%62%64" n1="%E5%8E%9F%E7%AF%80%E5%AD%90" n2="%E5%A1%B5%E3%81%A8%E5%8C%96%E3%81%9B" n3="%E7%8E%89%E7%B1%B3%E7%9A%84%E7%94%9C%E7%82%B9" dan="16,16,16,16" rate="2129.42,2085.96,2079.32,2094.34" sx="M,F,M,F"/><TAIKYOKU oya="0"/><INIT seed="0,0,0,3,3,46" ten="250,250,250,250" oya="0" hai0="110,1,59,109,50,53,120,36,131,26,58,71,2" hai1="52,15,77,47,115,103,54,35,31,7,112,132,95" hai2="4,118,93,72,24,96,27,22,122,29,107,92,76" hai3="30,75,129,127,32,40,84,90,106,63,6,64,98"/><T23/><D120/><U13/><E132/><V101/><F122/><W128/><G75/><T19/><D71/><U104/><E104/><V70/><F70/><N who="3" m="42271" /><G6/><T113/><D113/><N who="1" m="43595" /><E77/><V87/><F118/><W79/><G79/><T69/><D69/><U17/><E7/><V43/><F72/><W130/><G40/><T135/><D131/><U91/><E103/><V108/><F108/><N who="0" m="41578" /><D135/><U28/><E35/><V66/><F66/><W114/><G114/><T12/><D36/><U18/><E15/><V9/><F43/><W3/><G3/><N who="0" m="1035" /><D12/><U119/><E119/><V33/><F4/><W51/><G127/><T117/><D117/><U94/><E94/><V89/><F9/><W38/><G38/><T39/><D39/><U83/><E83/><V133/><F76/><W21/><G106/><T49/><D59/><U41/><E31/><V14/><F14/><W34/><G98/><T124/><D124/><U25/><E28/><V16/><F133/><W8/><G8/><T85/><D85/><N who="1" m="52719" /><E25/><V99/><F99/><W105/><G105/><T0/><N who="0" m="1043" /><T57/><DORA hai="65" /><D57/><U102/><E17/><V45/><F107/><W20/><G30/><T68/><D68/><U81/><E81/><V78/><F78/><W62/><G129/><T44/><D44/><U82/><E82/><V100/><F100/><W111/><G111/><T86/><D86/><U73/><E102/><V5/><F5/><W48/><G130/><T56/><D56/><U55/><E73/><V11/><F11/><W134/><G128/><T121/><D121/><U67/><E41/><V116/><F116/><RYUUKYOKU ba="0,0" sc="250,15,250,-15,250,15,250,-15" hai0="19,23,26,49,50,53,58" hai2="16,22,24,27,29,33,45,87,89,92,93,96,101" /><INIT seed="0,1,0,1,0,106" ten="265,235,265,235" oya="0" hai0="39,59,10,23,31,121,125,37,104,86,111,54,94" hai1="69,103,62,90,15,108,0,12,109,48,119,74,95" hai2="17,38,28,6,43,123,101,16,25,9,72,84,60" hai3="112,2,120,20,118,24,40,36,49,14,52,27,68"/><T81/><D121/><U1/><E119/><V113/><F113/><W63/><G2/><T127/><D104/><U57/><E69/><V70/><F123/><W58/><G120/><T135/><D135/><U33/><E33/><V64/><F101/><W3/><G3/><N who="1" m="1098" /><E103/><V61/><F61/><W97/><G118/><T133/><D133/><U110/><E48/><V131/><F131/><W75/><G112/><T115/><D115/><U56/><E74/><V85/><F72/><W116/><G116/><T114/><D114/><U77/><E77/><V128/><F128/><W73/><G97/><T107/><D107/><U129/><E129/><V134/><F134/><W89/><G89/><T7/><D111/><N who="1" m="28419" /><U55/><DORA hai="67" /><E57/><V80/><F84/><AGARI ba="1,0" hai="12,15,55,56,62,84,90,95" m="28419,1098" machi="84" ten="40,1300,0" yaku="14,1" doraHai="106,67" who="1" fromWho="2" sc="265,0,235,16,265,-16,235,0" /><INIT seed="1,0,0,5,0,12" ten="265,251,249,235" oya="1" hai0="31,68,48,18,51,41,0,122,22,21,89,69,26" hai1="39,119,110,55,13,19,77,34,95,1,23,130,60" hai2="7,63,9,59,49,126,85,66,61,80,32,17,2" hai3="10,74,47,53,57,123,128,133,52,75,70,84,112"/><U46/><E119/><V76/><F126/><W58/><G123/><T125/><D0/><U132/><E130/><V83/><F32/><W33/><G112/><T117/><D117/><U72/><E34/><V124/><F124/><W129/><G10/><T44/><D125/><U100/><E132/><V114/><F114/><W24/><G70/><T4/><D4/><U8/><E110/><V113/><F113/><W88/><G133/><T118/><D118/><U105/><E105/><V27/><F49/><W106/><G106/><T45/><D89/><U28/><E28/><V135/><F135/><W101/><G101/><T40/><REACH who="0" step="1"/><D122/><REACH who="0" ten="255,251,249,235" step="2"/><U35/><E1/><V91/><F66/><W92/><G128/><T54/><D54/><U111/><E55/><V42/><F42/><W99/><G129/><T65/><D65/><U36/><E111/><V103/><F103/><W11/><G47/><T120/><D120/><U90/><E46/><V30/><F59/><W81/><G57/><T82/><D82/><N who="1" m="45351" /><E100/><V79/><F91/><W14/><G53/><T131/><D131/><U73/><E90/><V108/><F108/><W98/><G98/><T93/><D93/><U116/><E95/><V96/><F96/><W43/><G99/><T87/><D87/><U67/><E116/><V71/><F71/><W115/><G92/><T16/><D16/><U29/><E73/><V50/><F17/><N who="3" m="8415" /><G43/><T15/><AGARI ba="0,1" hai="15,18,21,22,26,31,40,41,44,45,48,51,68,69" machi="15" ten="20,12000,2" yaku="1,1,0,1,7,1,9,1,52,1,53,1" doraHai="12" doraHaiUra="25" who="0" fromWho="0" sc="255,130,251,-60,249,-30,235,-30" /><INIT seed="2,0,0,3,3,31" ten="385,191,219,205" oya="2" hai0="131,77,54,90,62,70,65,2,41,58,50,80,78" hai1="117,92,135,40,11,52,33,69,57,118,74,37,128" hai2="109,51,30,88,89,95,28,22,29,85,49,81,42" hai3="133,34,0,98,39,8,6,46,91,79,12,4,94"/><V5/><F109/><W124/><G124/><T76/><D2/><U75/><E69/><V13/><F42/><W93/><G133/><T102/><D131/><U116/><E128/><V44/><F44/><W105/><G105/><T119/><D119/><U47/><E135/><V125/><F125/><W134/><G134/><T18/><D102/><U45/><E33/><V106/><F106/><W7/><G79/><T113/><D113/><U25/><E47/><V59/><F59/><W17/><G34/><T86/><D41/><U64/><E64/><V66/><F66/><W72/><G72/><T96/><D18/><U129/><E129/><V21/><F21/><W38/><G0/><T115/><D115/><U100/><E25/><V99/><REACH who="2" step="1"/><F22/><REACH who="2" ten="385,191,209,205" step="2"/><W24/><G46/><N who="0" m="27991" /><D70/><U55/><E11/><AGARI ba="0,1" hai="5,11,13,28,29,30,49,51,81,85,88,89,95,99" machi="11" ten="40,7700,0" yaku="1,1,8,1,54,1,53,0" doraHai="31" doraHaiUra="132" who="2" fromWho="1" sc="385,0,191,-77,209,87,205,0" /><INIT seed="2,1,0,4,2,121" ten="385,114,296,205" oya="2" hai0="39,52,132,31,76,95,15,25,99,92,53,13,27" hai1="82,28,90,122,64,102,59,89,115,127,93,2,63" hai2="61,134,42,70,123,9,96,69,85,7,131,24,74" hai3="1,133,86,104,32,75,41,116,37,23,91,114,30"/><V100/><F123/><W8/><G114/><T12/><D39/><U109/><E2/><V103/><F74/><W18/><G75/><T78/><D132/><U17/><E122/><V14/><F134/><W87/><G133/><T84/><D84/><U40/><E115/><V0/><F131/><W60/><G116/><T4/><D4/><U56/><E127/><V71/><F42/><W106/><G60/><T108/><D108/><U68/><E28/><V77/><F24/><N who="0" m="9290" /><D31/><U98/><E40/><V118/><F118/><W48/><G30/><T21/><D21/><U124/><E124/><V88/><F77/><N who="0" m="29802" /><D95/><U45/><E45/><V105/><F103/><AGARI ba="1,0" hai="12,13,15,52,53,92,99,103" m="29802,9290" machi="103" ten="30,2000,0" yaku="8,1,54,1" doraHai="121" who="0" fromWho="2" sc="385,23,114,0,296,-23,205,0" /><INIT seed="3,0,0,1,2,74" ten="408,114,273,205" oya="3" hai0="27,89,48,31,82,127,64,116,75,79,51,67,13" hai1="4,130,24,96,26,97,90,63,86,9,118,21,39" hai2="34,17,81,98,11,23,93,134,12,126,30,5,58" hai3="119,107,122,88,15,91,7,128,87,78,3,99,76"/><W2/><G119/><T70/><D116/><U36/><E118/><V32/><F126/><W46/><G122/><T10/><D127/><U106/><E130/><V84/><F134/><W113/><G113/><T92/><D70/><U132/><E132/><V38/><F38/><W65/><G128/><T129/><D129/><U0/><E26/><V52/><F30/><W56/><G2/><T112/><D112/><U19/><E63/><V94/><F34/><W83/><G3/><T40/><D40/><U73/><E73/><V69/><F69/><W28/><G28/><T16/><D67/><U68/><E68/><V85/><F32/><W80/><G46/><T43/><D43/><U101/><E97/><V35/><F35/><W77/><G107/><T121/><D64/><U72/><E72/><V108/><F108/><W54/><G65/><T42/><D42/><U114/><E114/><V47/><F47/><W6/><G15/><T29/><D29/><U41/><E41/><V37/><F37/><W44/><G44/><T55/><D55/><U125/><E125/><V100/><F93/><N who="3" m="56767" /><G83/><T20/><D121/><U117/><E117/><V33/><F33/><W103/><G103/><T8/><D8/><U45/><E45/><V61/><REACH who="2" step="1"/><F81/><REACH who="2" ten="408,114,263,205" step="2"/><W109/><G109/><T135/><D135/><U133/><E133/><V66/><F66/><W18/><G18/><T22/><D22/><U102/><E102/><V111/><F111/><W105/><G105/><T104/><D104/><U120/><REACH who="1" step="1"/><E120/><REACH who="1" ten="408,104,263,205" step="2"/><V1/><AGARI ba="0,2" hai="1,5,11,12,17,23,52,58,61,84,85,94,98,100" machi="1" ten="20,5200,0" yaku="1,1,0,1,7,1,54,1,53,0" doraHai="74" doraHaiUra="124" who="2" fromWho="2" sc="408,-13,104,-13,263,72,205,-26" owari="395,49.5,91,-40.9,335,13.5,179,-22.1" /></mjloggm>