<mjloggm ver="2.3"><GO type="225" lobby="0"/><UN n0="%E5%B8%86%E7%AB%8B%E5%A4%8F%E8%A1%A3" n1="%E6%82%94%E3%81%84%E3%82%BF%E3%83%B3" n2="%E3%81%9F%E3%81%93%E2%98%86%E7%84%BC%E3%81%8D" n3="%E3%81%95%E3%81%8D%E3%81%9F%E3%81%BE%E6%9E%97%E6%AA%8E" dan="17,16,16,16" rate="2191.56,2042.05,2084.15,2156.51" sx="M,M,M,M"/><TAIKYOKU oya="0"/><INIT seed="0,0,0,1,1,62" ten="250,250,250,250" oya="0" hai0="7,41,19,88,52,6,1,132,118,92,95,5,70" hai1="127,126,113,58,101,37,2,61,8,49,14,53,77" hai2="90,110,46,32,28,130,121,135,17,27,116,29,100" hai3="51,82,109,34,108,30,104,119,38,66,114,102,25"/><T93/><D118/><U63/><E37/><V47/><F90/><W117/><G51/><T67/><D132/><U89/><E113/><V36/><F100/><W42/><G114/><T111/><D111/><N who="3" m="42569" /><G82/><T86/><D1/><U78/><E101/><V91/><F27/><W76/><G76/><N who="1" m="29290" /><E89/><V55/><F91/><W4/><G4/><T20/><D41/><U23/><E23/><V57/><F17/><W24/><G24/><N who="0" m="14367" /><D70/><U134/><E2/><V44/><F32/><W65/><G42/><T40/><D40/><U33/><E33/><V105/><F28/><W73/><G73/><T26/><D26/><U87/><E134/><V85/><F29/><W123/><G38/><T0/><D0/><U50/><E87/><V21/><F135/><W56/><G56/><T122/><D122/><U39/><E39/><V96/><F36/><W22/><G34/><T48/><D67/><N who="3" m="25609" /><G123/><T45/><AGARI ba="0,0" hai="5,6,7,45,48,52,86,88,92,93,95" m="14367" machi="45" ten="30,6000,0" yaku="8,1,54,2" doraHai="62" who="0" fromWho="0" sc="250,60,250,-20,250,-20,250,-20" /><INIT seed="0,1,0,3,1,45" ten="310,230,230,230" oya="0" hai0="82,130,73,27,44,0,97,56,43,33,36,62,17" hai1="11,40,117,102,92,20,32,46,51,23,85,91,104" hai2="93,113,37,131,120,84,110,112,63,80,77,119,57" hai3="15,125,122,96,124,30,115,6,100,21,72,59,18"/><T42/><D130/><U34/><E117/><V70/><F37/><W108/><G108/><T2/><D43/><U126/><E126/><V47/><F110/><W8/><G115/><T109/><D109/><U135/><E135/><V19/><F131/><W29/><G29/><BYE who="3" /><T58/><D58/><U74/><E74/><V66/><F120/><W61/><G61/><T4/><D97/><U76/><E76/><V69/><F119/><UN n3="%E3%81%95%E3%81%8D%E3%81%9F%E3%81%BE%E6%9E%97%E6%AA%8E" /><W87/><G30/><T81/><D73/><U55/><E11/><V134/><F134/><W7/><G7/><T41/><D41/><U60/><E104/><V90/><F47/><W98/><G72/><T9/><D2/><U88/><E102/><V128/><F128/><W99/><G100/><T50/><D36/><U10/><E10/><V26/><F19/><W83/><G122/><T52/><REACH who="0" step="1"/><D33/><REACH who="0" ten="300,230,230,230" step="2"/><U105/><E32/><V1/><F57/><W79/><REACH who="3" step="1"/><G59/><REACH who="3" ten="300,230,230,220" step="2"/><T78/><D78/><U129/><E129/><V101/><F77/><W65/><G65/><T13/><D13/><AGARI ba="1,2" hai="6,8,13,15,18,21,79,83,87,96,98,99,124,125" machi="13" ten="40,2600,0" yaku="1,1,53,1" doraHai="45" doraHaiUra="14" who="3" fromWho="0" sc="300,-29,230,0,230,0,220,49" /><INIT seed="1,0,0,1,5,68" ten="271,230,230,269" oya="1" hai0="45,50,10,9,32,104,88,121,1,114,124,38,74" hai1="102,66,37,0,99,76,34,54,69,24,127,33,29" hai2="40,43,111,116,105,93,81,64,123,51,42,14,101" hai3="132,15,35,2,100,122,119,133,7,5,106,75,89"/><U109/><E54/><V92/><F116/><W27/><G122/><T30/><D104/><N who="1" m="63583" /><E127/><V61/><F111/><W107/><G75/><T28/><D74/><U47/><E76/><V22/><F123/><W126/><G126/><T70/><D70/><U135/><E135/><N who="3" m="51786" /><G2/><T73/><D73/><U58/><E58/><V113/><F81/><W6/><G119/><T134/><D134/><U65/><E65/><V3/><F3/><W90/><G15/><T125/><D121/><U17/><E17/><V53/><F101/><W18/><G100/><T83/><D1/><U12/><E12/><V120/><F105/><N who="3" m="39947" /><G18/><T87/><D124/><U20/><E0/><V80/><F113/><W94/><G94/><T25/><D114/><U112/><E112/><V77/><F14/><W39/><G39/><T115/><D38/><U46/><E109/><V131/><F22/><W95/><G95/><T41/><D125/><U62/><E34/><V21/><F92/><W108/><G108/><T82/><D115/><U11/><E11/><V52/><F93/><W118/><G118/><T44/><D83/><U128/><E20/><V86/><F21/><W91/><G35/><T84/><D84/><U67/><E37/><V57/><F120/><W59/><G59/><T103/><D103/><U36/><E36/><V117/><F117/><W4/><N who="3" m="1024" /><DORA hai="96" /><W85/><G85/><T26/><D45/><N who="1" m="16907" /><E128/><V97/><F57/><W63/><G63/><T78/><D78/><U129/><E129/><V79/><F86/><W60/><G60/><T8/><D32/><U19/><E19/><V110/><F77/><RYUUKYOKU ba="0,0" sc="271,10,230,10,230,-30,269,10" hai0="8,9,10,25,26,28,30,41,44,50,82,87,88" hai1="24,29,33,62,66,67,69" hai3="27,89,90,91" /><INIT seed="1,1,0,0,2,32" ten="281,240,200,279" oya="1" hai0="100,4,70,43,60,47,9,57,6,115,15,30,78" hai1="91,35,127,124,55,10,99,72,80,79,11,59,45" hai2="17,23,12,75,29,46,24,20,68,18,128,27,85" hai3="25,120,132,111,37,83,49,92,50,106,31,36,21"/><U125/><E35/><N who="2" m="20903" /><F68/><W53/><G120/><T97/><D115/><U86/><E99/><V130/><F75/><W48/><G111/><T52/><D78/><U51/><REACH who="1" step="1"/><E59/><REACH who="1" ten="281,230,200,279" step="2"/><V38/><F85/><W93/><G132/><T28/><D70/><U62/><E62/><V64/><F64/><W114/><G114/><T44/><D6/><U123/><E123/><V135/><F46/><W112/><G112/><T77/><D47/><U14/><E14/><N who="2" m="9271" /><F38/><W105/><G37/><T103/><D44/><U131/><E131/><N who="2" m="50219" /><F135/><W113/><G36/><T96/><D96/><U56/><E56/><V65/><F65/><W117/><G113/><T22/><D97/><U90/><E90/><V121/><F121/><W108/><G50/><T119/><D57/><U107/><E107/><V104/><F104/><W84/><G49/><T34/><D60/><U19/><E19/><V89/><F89/><W95/><G48/><T71/><D71/><U26/><E26/><AGARI ba="1,1" hai="12,18,23,26,27" m="50219,9271,20903" machi="26" ten="30,3900,0" yaku="19,1,34,2" doraHai="32" who="2" fromWho="1" sc="281,0,230,-42,200,52,279,0" /><INIT seed="2,0,0,0,0,109" ten="281,188,252,279" oya="2" hai0="16,55,113,126,116,124,134,91,59,68,79,35,54" hai1="0,13,102,86,99,67,17,48,89,11,21,74,112" hai2="61,62,75,108,63,133,41,31,38,29,93,58,85" hai3="94,120,69,1,65,78,33,103,127,22,47,128,15"/><V19/><F75/><W73/><G120/><T90/><D113/><U92/><E74/><V105/><F105/><W5/><G128/><T111/><D111/><U88/><E67/><V71/><F71/><W3/><G127/><N who="0" m="48683" /><D116/><U110/><E110/><V122/><F133/><W98/><G33/><T56/><D35/><U40/><E112/><V46/><F122/><W135/><G135/><T130/><D130/><U8/><E0/><V77/><F19/><W72/><G72/><T106/><D79/><U115/><E115/><V81/><F108/><W129/><G129/><T87/><D68/><U76/><E76/><V20/><F20/><W7/><G69/><T23/><D106/><U97/><E40/><V37/><F93/><W119/><G65/><T32/><D32/><U95/><REACH who="1" step="1"/><E48/><REACH who="1" ten="281,178,252,279" step="2"/><V123/><F123/><W49/><G78/><T52/><D134/><U51/><E51/><V83/><F37/><W6/><G49/><T18/><D55/><U107/><AGARI ba="0,1" hai="8,11,13,17,21,86,88,89,92,95,97,99,102,107" machi="107" ten="20,8000,1" yaku="1,1,0,1,7,1,54,1,53,1" doraHai="109" doraHaiUra="10" who="1" fromWho="1" sc="281,-20,178,90,252,-40,279,-20" /><INIT seed="3,0,0,0,5,122" ten="261,268,212,259" oya="3" hai0="118,95,108,114,10,54,127,112,7,135,30,20,26" hai1="64,3,87,132,19,6,96,99,44,126,107,61,68" hai2="79,106,73,21,31,116,38,109,58,130,77,29,81" hai3="12,67,117,57,80,94,55,47,134,131,62,76,97"/><W113/><G113/><N who="0" m="43627" /><D118/><U22/><E132/><V103/><F116/><W72/><G117/><T102/><D127/><U18/><E126/><V63/><F38/><W100/><G134/><T125/><D125/><U59/><E3/><V39/><F39/><W2/><G131/><T71/><D71/><U78/><E6/><V110/><F130/><W34/><G34/><T42/><D42/><U13/><E107/><V83/><F21/><W85/><G2/><N who="0" m="375" /><D54/><U0/><E0/><V75/><F103/><W84/><G12/><T5/><D5/><U124/><E68/><V1/><F106/><W60/><REACH who="3" step="1"/><G47/><REACH who="3" ten="261,268,212,249" step="2"/><T11/><D135/><U105/><E124/><V16/><F1/><W128/><G128/><T104/><D11/><U69/><E44/><V9/><F9/><W52/><G52/><T93/><D108/><N who="2" m="41578" /><F16/><W25/><G25/><T88/><D26/><U17/><E19/><V15/><F15/><W120/><G120/><T66/><D30/><U65/><E18/><V133/><F133/><W37/><G37/><T35/><D35/><U86/><E13/><V36/><F36/><W98/><G98/><T8/><D8/><U27/><E99/><V51/><F51/><W123/><G123/><T48/><D48/><U41/><E17/><V121/><F121/><W111/><G111/><T82/><D20/><U89/><E22/><V70/><F70/><AGARI ba="0,1" hai="55,57,60,62,67,70,72,76,80,84,85,94,97,100" machi="70" ten="30,2900,0" yaku="1,1,7,1,53,0" doraHai="122" doraHaiUra="32" who="3" fromWho="2" sc="261,0,268,0,212,-29,249,39" /><INIT seed="3,1,0,3,3,22" ten="261,268,183,288" oya="3" hai0="50,33,5,66,36,117,11,24,103,4,115,100,90" hai1="31,3,128,73,116,68,71,130,64,43,106,65,35" hai2="76,74,46,23,13,15,38,8,89,16,49,28,7" hai3="10,102,61,60,111,79,55,113,58,129,80,9,86"/><W29/><G113/><T87/><D117/><U48/><E116/><V17/><F38/><W27/><G129/><N who="1" m="49770" /><E73/><V125/><F74/><W105/><G111/><T107/><D115/><U47/><E3/><V126/><F76/><W6/><G6/><T41/><D36/><U131/><E106/><V39/><F39/><W78/><G78/><T67/><D50/><U109/><E131/><V42/><F28/><W135/><G135/><T104/><D41/><U134/><E134/><V108/><F108/><W88/><G79/><T57/><D107/><U75/><E75/><V12/><REACH who="2" step="1"/><F89/><REACH who="2" ten="261,268,173,288" step="2"/><W120/><G120/><T114/><D90/><U14/><E31/><V51/><F51/><W123/><G123/><T99/><D114/><U0/><E48/><V119/><F119/><W93/><G61/><T44/><D33/><U98/><E35/><V122/><F122/><W133/><G133/><T40/><D100/><U21/><E109/><V56/><F56/><W70/><G70/><T91/><D57/><U59/><E59/><V96/><F96/><N who="3" m="59663" /><G105/><T2/><D91/><U77/><E98/><V54/><F54/><W94/><G94/><T20/><D87/><U82/><E68/><V124/><F124/><W52/><G55/><T69/><D69/><U32/><E32/><V110/><F110/><W45/><G45/><T53/><D53/><U25/><E71/><V118/><F118/><W72/><G72/><T101/><D101/><U95/><E95/><V97/><F97/><W84/><G84/><T26/><D67/><N who="1" m="25675" /><E77/><V19/><F19/><W112/><G112/><T85/><D66/><RYUUKYOKU ba="1,1" sc="261,-15,268,-15,173,15,288,15" hai2="7,8,12,13,15,16,17,23,42,46,49,125,126" hai3="9,10,27,29,52,58,60,80,86,88" owari="246,-15.4,253,5.3,188,-31.2,313,41.3" /></mjloggm>