<mjloggm ver="2.3"><GO type="225" lobby="0"/><UN n0="%E3%82%AF%E3%82%A3%E3%82%A6" n1="%E3%83%AB%E3%83%9B%E3%83%B3%E3%83%87%E3%82%A3%E3%82%A8" n2="%E8%81%B7%E6%A5%AD%E3%80%81%E9%A2%A8%32" n3="%6D%75%75%6D%75%72%61" dan="16,17,16,16" rate="2111.94,2167.10,2095.15,2147.21" sx="M,M,M,F"/><TAIKYOKU oya="0"/><INIT seed="0,0,0,0,1,95" ten="250,250,250,250" oya="0" hai0="133,86,109,6,106,124,87,33,69,47,118,1,129" hai1="17,134,93,79,107,45,63,52,0,66,51,115,65" hai2="53,46,132,25,114,21,74,75,123,80,125,91,130" hai3="81,50,64,48,12,110,3,15,98,49,92,112,14"/><T54/><D118/><U105/><E134/><V73/><F123/><W84/><G110/><T131/><D69/><U83/><E115/><V56/><F114/><W5/><G112/><T135/><D33/><U4/><E66/><V36/><F125/><W2/><G64/><T38/><D38/><U8/><E17/><V57/><F130/><N who="0" m="49674" /><D106/><U58/><REACH who="1" step="1"/><E93/><REACH who="1" ten="250,240,250,250" step="2"/><V102/><F132/><N who="0" m="50762" /><D109/><U104/><E104/><V35/><F80/><W126/><G126/><T20/><D124/><U19/><E19/><V41/><F25/><W121/><G121/><T127/><D127/><U122/><E122/><V40/><F36/><W103/><REACH who="3" step="1"/><G5/><REACH who="3" ten="250,240,250,240" step="2"/><T67/><D6/><U111/><E111/><V117/><F117/><W113/><G113/><T42/><D67/><U101/><E101/><V62/><F102/><W23/><G23/><T30/><D20/><U26/><E26/><V94/><F21/><W11/><G11/><T43/><D30/><U9/><E9/><V61/><F35/><W76/><AGARI ba="0,2" hai="2,3,12,14,15,48,49,50,76,81,84,92,98,103" machi="76" ten="30,7900,0" yaku="1,1,0,1,52,1,53,1" doraHai="95" doraHaiUra="72" who="3" fromWho="3" sc="250,-39,240,-20,250,-20,240,99" /><INIT seed="1,0,0,1,5,91" ten="211,220,230,339" oya="1" hai0="113,103,1,18,99,67,98,56,28,55,116,97,5" hai1="90,30,41,100,26,120,60,65,32,22,3,130,73" hai2="76,10,2,112,81,132,53,47,52,89,66,51,69" hai3="134,29,62,63,7,71,11,117,12,110,54,75,102"/><U34/><E120/><V131/><F132/><W86/><G134/><T101/><D113/><U121/><E121/><V82/><F131/><W14/><G75/><T24/><D116/><U13/><E73/><V104/><F104/><W0/><G117/><T79/><D79/><U21/><E3/><V33/><F33/><W80/><G110/><T88/><D67/><U106/><E41/><V123/><F123/><W16/><G102/><N who="0" m="38923" /><D5/><U126/><E126/><V17/><F112/><W114/><G114/><T20/><D1/><U49/><E49/><V85/><F66/><W15/><G71/><T8/><D8/><U57/><E130/><V48/><F69/><W111/><G111/><T6/><D6/><U36/><E36/><V61/><F61/><N who="3" m="23051" /><G0/><T115/><D115/><U46/><E46/><V23/><F2/><W122/><G29/><T118/><D118/><U72/><E72/><V93/><F10/><N who="3" m="6167" /><G54/><T9/><D9/><U125/><E125/><V78/><F76/><N who="3" m="46343" /><G122/><T94/><D28/><U37/><E37/><V40/><F78/><W35/><G35/><T42/><D42/><U119/><E119/><V87/><F40/><W38/><G38/><T59/><D59/><U77/><E77/><V25/><F85/><W128/><G15/><T45/><D45/><AGARI ba="0,0" hai="17,23,25,45,47,48,51,52,53,81,82,87,89,93" machi="45" ten="30,8000,1" yaku="7,1,9,1,8,1,52,1,54,1" doraHai="91" who="2" fromWho="0" sc="211,-80,220,0,230,80,339,0" /><INIT seed="2,0,0,3,2,89" ten="131,220,310,339" oya="2" hai0="42,109,37,129,116,19,120,95,110,60,68,80,107" hai1="126,46,23,64,20,82,85,90,125,53,104,52,92" hai2="10,0,127,31,97,113,79,34,106,35,94,26,33" hai3="44,22,11,49,69,123,18,108,25,112,2,62,122"/><V72/><F113/><W66/><G108/><N who="0" m="41579" /><D42/><U117/><E104/><V96/><F97/><W81/><G112/><T7/><D37/><U59/><E117/><V114/><F127/><N who="1" m="48649" /><E64/><V101/><F94/><W17/><G81/><T16/><D116/><U45/><E53/><V36/><F36/><W48/><G48/><T55/><D120/><U13/><E82/><N who="2" m="45415" /><F114/><W121/><G2/><T67/><D129/><U63/><E13/><V57/><F57/><W131/><G131/><T86/><D107/><U91/><E91/><V29/><F29/><W9/><REACH who="3" step="1"/><G18/><REACH who="3" ten="131,220,310,329" step="2"/><N who="0" m="6699" /><D7/><AGARI ba="0,1" hai="0,7,10,26,31,33,34,35,96,101,106" m="45415" machi="7" ten="30,2900,0" yaku="33,2" doraHai="89" who="2" fromWho="0" sc="131,-29,220,0,310,39,329,0" /><INIT seed="2,1,0,1,1,32" ten="102,220,349,329" oya="2" hai0="115,5,101,42,113,133,35,58,125,19,51,118,11" hai1="103,22,121,63,36,112,129,91,61,49,26,67,60" hai2="1,126,69,20,47,55,114,68,97,71,56,2,83" hai3="29,57,102,44,100,98,80,65,82,99,27,95,39"/><V96/><F114/><W120/><G120/><T92/><D118/><U86/><E36/><V0/><F126/><W116/><G116/><T135/><D35/><U46/><E129/><V52/><F83/><W34/><G65/><T90/><D101/><U106/><E121/><V16/><F47/><W45/><G57/><T54/><D42/><U134/><E134/><V93/><F56/><W3/><G3/><T6/><D19/><U78/><E78/><V88/><REACH who="2" step="1"/><F97/><REACH who="2" ten="102,220,339,329" step="2"/><W28/><G45/><T70/><D125/><U84/><E112/><V13/><AGARI ba="1,1" hai="0,1,2,13,16,20,52,55,68,69,71,88,93,96" machi="13" ten="40,36000,4" yaku="1,1,2,1,0,1,52,3,54,3,53,3" doraHai="32" doraHaiUra="33" who="2" fromWho="2" sc="102,-121,220,-121,339,373,329,-121" owari="-19,-51.9,99,-30.1,712,81.2,208,0.8" /></mjloggm>