<mjloggm ver="2.3"><GO type="225" lobby="0"/><UN n0="%E5%A4%96%E5%B7%9D%E7%AB%9C%E6%88%90" n1="%E3%82%A2%E3%82%A4%E3%82%B9%E3%83%86%E3%82%A3%E3%83%BC%E3%81%82%E3%81%B9" n2="%73%75%7A%75%6D%65%33" n3="%6D%75%75%6D%75%72%61" dan="16,16,18,17" rate="2177.00,2120.52,2253.71,2226.70" sx="M,M,M,F"/><TAIKYOKU oya="0"/><INIT seed="0,0,0,0,4,102" ten="250,250,250,250" oya="0" hai0="48,19,74,125,75,12,103,16,4,54,112,68,57" hai1="40,104,71,39,123,106,32,21,89,131,27,46,93" hai2="90,132,7,22,8,128,55,45,121,94,59,35,33" hai3="23,91,63,84,3,47,88,97,56,60,25,31,126"/><T72/><D112/><U15/><E123/><V78/><F121/><W42/><G126/><T117/><D117/><U24/><E71/><V6/><F128/><W13/><G3/><T37/><D125/><U105/><E131/><V17/><F132/><W96/><G13/><T29/><D37/><U135/><E135/><V122/><F78/><W10/><G10/><T120/><D120/><U49/><E39/><V77/><F77/><W119/><G119/><T80/><D68/><U30/><E15/><V44/><F35/><W79/><G79/><T87/><D103/><U41/><E40/><V82/><F82/><W114/><G114/><T124/><D29/><U95/><REACH who="1" step="1"/><E89/><REACH who="1" ten="250,240,250,250" step="2"/><V76/><F76/><W34/><G91/><T14/><D124/><U20/><E20/><V64/><F33/><W108/><G34/><T5/><D14/><U11/><E11/><V26/><F122/><W1/><G1/><T130/><D130/><U85/><E85/><V18/><F8/><W83/><G108/><T107/><D12/><U129/><E129/><V2/><F2/><W86/><G84/><T127/><D127/><U51/><E51/><V113/><F113/><W101/><G101/><T0/><D0/><U92/><E92/><V38/><F94/><W36/><REACH who="3" step="1"/><G63/><REACH who="3" ten="250,240,250,240" step="2"/><N who="0" m="36279" /><D87/><U65/><E65/><AGARI ba="0,2" hai="23,25,31,36,42,47,56,60,65,83,86,88,96,97" machi="65" ten="30,3900,0" yaku="1,1,7,1,54,1,53,0" doraHai="102" doraHaiUra="134" who="3" fromWho="1" sc="250,0,240,-39,250,0,240,59" /><INIT seed="1,0,0,0,4,103" ten="250,201,250,299" oya="1" hai0="74,125,69,76,123,111,81,11,126,78,64,82,105" hai1="7,1,104,134,98,24,92,102,53,129,57,115,86" hai2="131,107,60,113,41,30,22,80,90,77,15,67,16" hai3="135,33,96,19,14,36,42,106,0,47,3,43,116"/><U55/><E115/><V72/><F131/><W124/><G33/><T75/><D111/><U108/><E129/><V34/><F113/><W130/><G130/><T2/><D123/><U112/><E112/><V121/><F121/><W51/><G124/><N who="0" m="47723" /><D64/><U35/><E108/><V18/><F41/><W6/><G135/><T119/><D69/><U32/><E134/><V99/><F34/><W63/><G116/><T20/><D20/><U65/><E65/><V61/><F30/><W110/><G110/><T66/><D66/><U95/><E55/><V56/><F61/><W101/><G63/><T52/><D52/><U109/><E109/><V39/><F39/><W5/><G43/><T128/><D128/><U13/><E1/><V38/><F38/><W88/><G36/><T29/><D29/><N who="1" m="19495" /><E86/><V73/><F73/><W21/><G3/><T84/><D84/><U91/><E91/><V26/><F90/><W79/><G79/><T50/><D50/><N who="1" m="30903" /><E35/><V12/><REACH who="2" step="1"/><F18/><REACH who="2" ten="250,201,240,299" step="2"/><W71/><G88/><T37/><D37/><U4/><E4/><V97/><F97/><W120/><G120/><T89/><D89/><U45/><E7/><N who="3" m="2570" /><G0/><T68/><D2/><U40/><E13/><V83/><F83/><W62/><G62/><T132/><D75/><U46/><E40/><V9/><F9/><W70/><G70/><T118/><D68/><U54/><E54/><V122/><F122/><W25/><G71/><T23/><D11/><U100/><E100/><AGARI ba="0,1" hai="12,15,16,22,26,56,60,67,72,77,80,99,100,107" machi="100" ten="40,5200,0" yaku="1,1,52,1,54,1,53,0" doraHai="103" doraHaiUra="114" who="2" fromWho="1" sc="250,0,201,-52,240,62,299,0" /><INIT seed="2,0,0,3,2,20" ten="250,149,302,299" oya="2" hai0="16,15,70,33,40,113,13,58,64,82,124,53,11" hai1="30,83,104,98,102,1,80,65,93,79,36,128,24" hai2="38,130,108,43,78,66,112,74,25,103,123,135,51" hai3="34,96,89,99,125,7,59,119,60,86,54,85,39"/><V106/><F112/><W52/><G119/><T62/><D113/><U110/><E110/><V35/><F123/><W133/><G39/><T120/><D120/><U109/><E109/><V57/><F108/><W23/><G125/><T31/><D124/><U0/><E128/><V111/><F111/><W56/><G34/><T6/><D40/><U129/><E129/><V4/><F4/><W19/><G7/><T48/><D82/><U67/><E36/><V105/><F130/><W17/><G133/><T116/><D116/><U72/><E83/><N who="2" m="45527" /><F57/><W132/><G132/><T114/><D114/><U92/><E67/><V90/><F90/><W49/><G17/><T134/><D134/><U84/><E65/><V18/><F18/><W81/><REACH who="3" step="1"/><G85/><REACH who="3" ten="250,149,302,289" step="2"/><T91/><D33/><U122/><E122/><V2/><F35/><W101/><G101/><T118/><D118/><U87/><E84/><V12/><F103/><W100/><G100/><T95/><D31/><U10/><E10/><V94/><F38/><W14/><AGARI ba="0,1" hai="14,19,23,49,52,54,56,59,60,81,86,89,96,99" machi="14" ten="20,8000,1" yaku="1,1,0,1,7,1,8,1,54,1,53,0" doraHai="20" doraHaiUra="131" who="3" fromWho="3" sc="250,-20,149,-20,302,-40,289,90" /><INIT seed="3,0,0,2,5,67" ten="230,129,262,379" oya="3" hai0="92,90,98,5,55,107,64,105,120,113,45,122,51" hai1="125,132,13,34,48,72,21,6,49,116,41,59,103" hai2="12,46,76,1,23,129,70,71,112,29,79,66,108" hai3="96,18,82,124,127,16,65,47,115,121,24,35,36"/><W123/><G115/><T10/><D113/><U117/><E34/><V81/><F112/><W104/><G65/><T130/><D130/><U33/><E33/><V8/><F129/><W52/><G82/><T99/><D64/><U15/><E72/><V126/><F1/><W63/><G36/><T83/><D83/><U3/><E103/><V135/><F66/><W62/><G62/><T19/><D19/><N who="3" m="7209" /><G24/><T20/><D20/><U102/><E102/><V86/><F46/><W97/><G35/><T87/><D87/><U60/><E21/><V73/><F135/><W101/><G96/><T74/><D74/><U38/><E3/><V43/><F43/><W31/><G31/><T106/><REACH who="0" step="1"/><D99/><REACH who="0" ten="220,129,262,379" step="2"/><U37/><E132/><V128/><F128/><W54/><G97/><T4/><D4/><U84/><E84/><V50/><F86/><W134/><G134/><T69/><D69/><U56/><E6/><V57/><F70/><W17/><G17/><T26/><D26/><U118/><E125/><V11/><F71/><W110/><G123/><T44/><D44/><N who="1" m="25615" /><E15/><AGARI ba="0,1" hai="5,10,15,45,51,55,90,92,98,105,106,107,120,122" machi="15" ten="40,1300,0" yaku="1,1,53,0" doraHai="67" doraHaiUra="75" who="0" fromWho="1" sc="220,23,129,-13,262,0,379,0" owari="243,-15.7,116,-38.4,262,6.2,379,47.9" /></mjloggm>