<mjloggm ver="2.3"><GO type="225" lobby="0"/><UN n0="%6D%75%75%6D%75%72%61" n1="%65%6B%61%72%75%74%65" n2="%E5%8F%AF%E5%85%90%E9%82%A3%E7%94%B1%E5%A4%9A" n3="%E3%81%BF%E3%81%BF%E3%81%9A" dan="16,16,17,16" rate="2077.29,2107.08,2138.77,2194.71" sx="F,M,F,M"/><TAIKYOKU oya="0"/><INIT seed="0,0,0,0,5,59" ten="250,250,250,250" oya="0" hai0="82,72,129,112,0,58,34,8,3,35,126,43,103" hai1="128,52,37,127,50,32,123,86,71,16,115,124,134" hai2="88,100,76,48,99,57,42,92,120,20,83,96,97" hai3="125,65,69,27,6,111,14,117,105,7,67,75,106"/><T70/><D70/><U56/><E123/><V133/><F120/><W23/><G117/><T46/><D112/><U109/><E32/><V31/><F133/><W107/><G75/><T89/><D129/><U18/><E128/><V85/><F57/><W22/><G111/><T93/><D126/><N who="1" m="48171" /><E109/><V131/><F131/><W28/><G125/><T30/><D103/><U60/><E134/><V90/><F31/><W36/><G36/><T84/><D0/><U110/><E110/><V4/><F20/><W87/><G87/><T5/><D30/><U62/><E115/><V79/><F4/><W108/><G108/><T119/><D119/><U81/><E37/><V49/><F49/><W113/><G113/><T101/><D58/><N who="1" m="33047" /><E71/><V26/><F26/><W74/><G74/><T98/><REACH who="0" step="1"/><D72/><REACH who="0" ten="240,250,250,250" step="2"/><U12/><E56/><V132/><F132/><W11/><G69/><T121/><D121/><U122/><E122/><V68/><F68/><W73/><G73/><T66/><D66/><U13/><E13/><V41/><F100/><W19/><G67/><T9/><D9/><N who="1" m="6159" /><E18/><V135/><F135/><W80/><G65/><T118/><D118/><U25/><E25/><V95/><F48/><AGARI ba="0,1" hai="3,5,8,34,35,43,46,48,82,84,89,93,98,101" machi="48" ten="30,2900,0" yaku="1,1,7,1,53,0" doraHai="59" doraHaiUra="15" who="0" fromWho="2" sc="240,39,250,0,250,-29,250,0" /><INIT seed="0,1,0,0,2,130" ten="279,250,221,250" oya="0" hai0="3,67,78,87,17,18,106,81,48,62,60,12,66" hai1="104,113,4,103,135,30,57,79,58,14,105,110,100" hai2="123,68,15,99,91,92,10,42,56,37,1,33,7" hai3="73,84,127,50,75,47,115,23,119,72,39,116,2"/><T90/><D3/><U96/><E30/><V25/><F123/><W82/><G115/><T117/><D106/><U36/><E36/><V126/><F68/><W118/><G118/><T124/><D117/><U133/><E79/><V86/><F126/><W63/><G2/><T26/><D124/><U98/><E113/><V112/><F112/><W134/><G39/><T43/><D26/><U27/><E27/><V108/><F108/><W76/><G127/><T80/><D43/><U95/><E95/><V55/><F37/><W61/><G23/><T69/><D48/><U85/><E85/><V102/><F42/><W74/><N who="3" m="18432" /><DORA hai="52" /><W101/><G101/><T5/><D5/><U34/><E34/><V89/><F1/><W77/><G77/><T131/><D131/><U46/><E46/><V35/><F25/><W120/><G120/><T53/><D53/><U111/><E14/><V64/><F64/><W13/><G13/><T97/><D12/><U59/><E4/><V8/><F8/><W31/><G31/><T41/><D41/><U38/><E38/><V22/><F22/><W129/><G129/><T65/><D65/><U121/><E121/><V93/><REACH who="2" step="1"/><F102/><REACH who="2" ten="279,250,211,250" step="2"/><W20/><G116/><T107/><D67/><U94/><REACH who="1" step="1"/><E105/><REACH who="1" ten="279,240,211,250" step="2"/><V109/><F109/><AGARI ba="1,2" hai="57,58,59,94,96,98,100,103,104,109,110,111,133,135" machi="109" ten="40,16000,3" yaku="1,1,2,1,14,1,52,5,53,0" doraHai="130,52" doraHaiUra="29,19" who="1" fromWho="2" sc="279,0,240,183,211,-163,250,0" /><INIT seed="1,0,0,4,1,77" ten="279,423,48,250" oya="1" hai0="128,113,19,87,12,42,16,76,45,105,82,89,85" hai1="39,102,86,61,66,55,71,29,38,135,6,72,126" hai2="134,84,63,25,53,68,30,44,60,92,122,33,73" hai3="98,132,125,129,64,65,18,70,88,2,107,32,34"/><U41/><E72/><V117/><F117/><W26/><G2/><T121/><D113/><U11/><E29/><V97/><F122/><W78/><G125/><T69/><D105/><U96/><E126/><V104/><F73/><W8/><G129/><T31/><D128/><U114/><E114/><V3/><F3/><W91/><G78/><T52/><D69/><U36/><E135/><V100/><F134/><W95/><G132/><T99/><D121/><U81/><E55/><V7/><F7/><W75/><G75/><T131/><D131/><U46/><E11/><V23/><F68/><W58/><G70/><T10/><D31/><U28/><E28/><V80/><F104/><W93/><G107/><T62/><D99/><U57/><E6/><V9/><F9/><W50/><G32/><T4/><D42/><U108/><E108/><V133/><F133/><W119/><G34/><T35/><D35/><U116/><E116/><V103/><F103/><W51/><G119/><T54/><D62/><U15/><E15/><V118/><F118/><W37/><G37/><T24/><D45/><U74/><E74/><V94/><F94/><W56/><G26/><T13/><D24/><U111/><E111/><V110/><F110/><W90/><G8/><N who="0" m="6535" /><D4/><U67/><E67/><N who="3" m="25674" /><G18/><T83/><AGARI ba="0,0" hai="10,13,16,52,54,76,82,83,85,87,89" m="6535" machi="83" ten="30,8000,1" yaku="8,1,52,2,54,2" doraHai="77" who="0" fromWho="0" sc="279,80,423,-40,48,-20,250,-20" /><INIT seed="2,0,0,5,5,60" ten="359,383,28,230" oya="2" hai0="120,135,80,55,6,57,113,10,85,17,82,32,68" hai1="46,36,127,117,13,59,79,104,26,27,94,25,132" hai2="33,109,105,29,131,22,88,76,125,35,73,91,16" hai3="118,119,54,7,71,115,9,133,111,107,116,30,58"/><V47/><F105/><W11/><G71/><T40/><D120/><U31/><E117/><V87/><F131/><W112/><G107/><T130/><D113/><N who="3" m="43593" /><G111/><T96/><D68/><U42/><E79/><V70/><F70/><W8/><G133/><T99/><D32/><U92/><E31/><V45/><F109/><W5/><G30/><T129/><D135/><U21/><E59/><V24/><F125/><W66/><G66/><T20/><D40/><U19/><E104/><V41/><F73/><W93/><G93/><T100/><D130/><U28/><E28/><V65/><F65/><W102/><G102/><T61/><D100/><U4/><E94/><V134/><F134/><W63/><AGARI ba="0,0" hai="5,7,8,9,11,54,58,63,116,118,119" m="43593" machi="63" ten="40,1500,0" yaku="11,1" doraHai="60" who="3" fromWho="3" sc="359,-4,383,-4,28,-7,230,15" /><INIT seed="3,0,0,5,2,99" ten="355,379,21,245" oya="3" hai0="16,73,17,90,69,13,125,85,35,101,43,104,126" hai1="92,76,107,9,79,95,97,124,112,59,81,74,78" hai2="53,93,86,58,128,54,56,134,25,87,88,118,111" hai3="105,70,116,19,34,5,21,49,8,29,103,132,12"/><W123/><G123/><T15/><D69/><U24/><E59/><V96/><F118/><W83/><G116/><T72/><D35/><U89/><E24/><V114/><F111/><W37/><G37/><T31/><D31/><U121/><E9/><V51/><F128/><W108/><G70/><T38/><D43/><U6/><E6/><V100/><F134/><W30/><G108/><T119/><D38/><U62/><E62/><V27/><F114/><W0/><G132/><T2/><D2/><U129/><E121/><V67/><F67/><W82/><G30/><T68/><D15/><U41/><E41/><V131/><F87/><W10/><G8/><T135/><D68/><U1/><E1/><V57/><F131/><W127/><G127/><N who="0" m="48651" /><D119/><U32/><E32/><V47/><F47/><W117/><G117/><T66/><D66/><U11/><E11/><V22/><F22/><W110/><G49/><T120/><D120/><U75/><E124/><V60/><REACH who="2" step="1"/><F58/><REACH who="2" ten="355,379,11,245" step="2"/><W91/><G110/><T39/><D135/><U52/><E112/><V48/><F48/><W98/><REACH who="3" step="1"/><G91/><REACH who="3" ten="355,379,11,235" step="2"/><T77/><D90/><U40/><E89/><V14/><F14/><W80/><G80/><AGARI ba="0,2" hai="25,27,51,53,54,56,57,60,80,86,88,93,96,100" machi="80" ten="30,12000,2" yaku="1,1,7,1,8,1,52,1,54,1,53,1" doraHai="99" doraHaiUra="94" who="2" fromWho="3" sc="355,0,379,0,11,140,235,-120" owari="355,15.5,379,47.9,151,-24.9,115,-38.5" /></mjloggm>