<mjloggm ver="2.3"><GO type="225" lobby="0"/><UN n0="%E6%B8%A9%E2%98%85%E6%83%85%E2%98%85%E6%8E%AA%E2%98%85%E7%BD%AE" n1="%E3%80%93%E3%81%97%E3%83%BC%E3%82%89%E3%80%93" n2="%72%61%6B%33" n3="%E6%A0%B9%E5%85%83%E3%81%8B%E3%82%89%E5%90%B9%E3%81%A3%E9%A3%9B%E3%81%B6" dan="18,16,16,17" rate="2204.70,2099.09,2086.80,2176.64" sx="M,M,M,F"/><TAIKYOKU oya="0"/><INIT seed="0,0,0,5,3,31" ten="250,250,250,250" oya="0" hai0="17,15,110,101,112,69,66,70,34,108,129,44,116" hai1="18,88,46,120,111,127,80,45,107,20,61,35,109" hai2="28,86,121,78,123,76,75,106,94,55,100,64,91" hai3="85,41,102,105,43,54,126,19,113,124,9,79,98"/><T40/><D112/><U68/><E107/><V36/><F36/><W38/><G113/><T6/><D116/><U60/><E120/><V67/><F55/><W32/><G54/><T29/><D129/><U125/><E35/><V47/><F47/><N who="1" m="17929" /><E68/><V27/><F64/><W99/><G99/><T42/><D6/><U103/><E103/><V74/><F67/><W57/><G57/><T50/><D101/><U4/><E4/><V8/><F8/><W104/><G104/><T128/><D128/><U89/><E80/><V21/><F76/><W51/><G38/><T132/><D132/><U37/><E37/><V117/><F117/><W96/><G32/><T48/><D48/><U5/><E5/><V22/><F22/><W114/><G51/><T72/><D72/><U130/><E130/><V56/><F56/><W93/><G114/><T90/><D90/><N who="1" m="34923" /><E61/><V59/><F74/><W134/><G134/><T97/><D97/><U115/><E60/><V73/><F73/><W10/><G85/><T53/><D66/><U92/><E92/><V11/><F59/><W23/><G79/><T49/><D49/><U135/><E135/><V65/><F65/><W24/><G98/><T52/><D53/><U95/><E95/><V83/><F106/><W84/><G84/><T12/><D70/><U3/><E3/><V77/><F100/><W7/><G105/><T0/><D69/><U63/><E63/><V13/><F78/><W58/><G93/><T16/><D0/><U33/><E115/><V133/><F133/><W82/><G102/><T2/><D2/><U62/><E62/><RYUUKYOKU ba="0,0" sc="250,-10,250,-10,250,30,250,-10" hai2="11,13,21,27,28,75,77,83,86,91,94,121,123" /><INIT seed="1,1,0,3,2,100" ten="240,240,280,240" oya="1" hai0="29,49,97,125,36,5,82,40,24,59,131,112,42" hai1="21,105,102,44,11,65,101,104,20,6,129,51,53" hai2="7,58,26,116,56,28,63,68,71,126,111,4,23" hai3="50,120,48,1,10,108,92,27,66,8,133,84,77"/><U12/><E129/><V17/><F116/><W78/><G108/><T14/><D112/><U43/><E65/><V96/><F111/><W22/><G133/><T15/><D36/><U86/><E102/><V72/><F72/><W38/><G38/><T25/><D131/><U98/><E105/><V115/><F126/><W0/><G66/><T70/><D70/><U31/><E31/><V128/><F128/><W18/><G0/><T55/><D125/><U54/><E86/><V88/><F68/><W123/><G1/><T85/><D97/><U62/><E62/><V134/><F71/><W34/><G34/><T47/><D42/><U67/><E67/><V130/><F134/><W109/><G109/><T74/><D74/><U135/><E135/><V57/><F115/><W61/><G61/><N who="0" m="36095" /><D29/><U45/><REACH who="1" step="1"/><E54/><REACH who="1" ten="240,230,280,240" step="2"/><N who="2" m="34199" /><F28/><W76/><G120/><T60/><D60/><U13/><E13/><N who="0" m="4617" /><D5/><N who="2" m="2122" /><F130/><W95/><G123/><T119/><D119/><U87/><E87/><V69/><F69/><W52/><G84/><T41/><D41/><U46/><E46/><V9/><F9/><W117/><G117/><T3/><D3/><U19/><E19/><V33/><F33/><W93/><G52/><T89/><AGARI ba="1,1" hai="24,25,40,47,49,82,85,89" m="4617,36095" machi="89" ten="30,1100,0" yaku="8,1" doraHai="100" who="0" fromWho="0" sc="240,24,230,-6,280,-4,240,-4" /><INIT seed="2,0,0,4,3,118" ten="264,224,276,236" oya="2" hai0="31,53,39,88,92,97,96,124,113,26,48,123,0" hai1="128,44,121,81,87,46,34,30,10,83,42,28,112" hai2="69,133,102,86,8,82,71,111,23,47,68,58,119" hai3="59,131,91,38,78,135,132,73,70,1,11,90,16"/><V122/><F119/><W51/><G70/><T41/><D113/><U18/><E112/><V29/><F102/><W63/><G38/><T36/><D123/><U108/><E108/><V20/><F122/><W99/><G131/><T110/><D110/><U95/><E121/><V67/><F111/><W125/><G125/><T5/><D124/><U76/><E128/><V56/><F133/><W93/><G51/><T106/><D41/><U114/><E114/><V33/><F8/><W94/><G78/><T21/><D5/><U62/><E34/><V109/><F109/><W120/><G73/><T66/><D66/><U22/><E10/><V84/><F47/><W24/><G120/><T64/><D64/><U37/><E46/><V65/><F33/><W103/><G1/><T35/><D0/><U75/><E95/><V40/><F29/><W101/><G135/><T116/><D35/><U77/><REACH who="1" step="1"/><E62/><REACH who="1" ten="264,214,276,236" step="2"/><V127/><F71/><W61/><G63/><T72/><D116/><U52/><E52/><V9/><F9/><W105/><G132/><T55/><D55/><U2/><E2/><V115/><F115/><W130/><G130/><T43/><D53/><U104/><E104/><V85/><F69/><W7/><G105/><T12/><D106/><U45/><E45/><V27/><F68/><W89/><G7/><T13/><D92/><N who="3" m="35433" /><G99/><T107/><D97/><U79/><E79/><V117/><F117/><W25/><G103/><T98/><D98/><U74/><E74/><V100/><F100/><W3/><G101/><T49/><D72/><U19/><E19/><N who="2" m="12703" /><F127/><W6/><G16/><RYUUKYOKU ba="0,1" sc="264,-15,214,15,276,-15,236,15" hai1="18,22,28,30,37,42,44,75,76,77,81,83,87" hai3="3,6,11,24,25,59,61,89,90,91" /><INIT seed="3,1,1,5,2,68" ten="249,229,261,251" oya="3" hai0="134,113,51,83,101,109,102,92,105,35,37,17,132" hai1="115,78,75,120,116,61,1,80,42,3,55,25,95" hai2="84,47,88,58,131,36,81,23,50,21,18,27,124" hai3="56,20,118,67,53,133,12,66,72,90,41,39,69"/><W29/><G118/><T99/><D35/><U34/><E120/><V103/><F124/><W89/><G72/><T93/><D109/><U15/><E116/><V22/><F131/><W45/><G133/><N who="0" m="51307" /><D113/><U0/><E115/><V123/><F123/><W2/><G2/><T91/><D37/><U6/><E42/><V62/><F36/><W52/><G53/><T71/><D71/><U4/><E15/><V97/><F47/><W43/><G43/><T73/><D17/><U74/><E74/><V77/><F50/><N who="3" m="30743" /><G66/><T130/><D51/><U24/><E95/><N who="0" m="36425" /><D102/><U117/><E117/><V100/><F77/><W16/><G29/><T114/><D114/><U106/><E106/><V79/><F79/><W57/><G57/><T19/><D19/><U119/><E119/><V10/><F10/><W14/><G14/><T33/><D33/><U63/><E34/><V11/><F11/><W121/><G121/><T107/><D107/><U112/><E112/><V111/><F111/><W9/><G20/><N who="2" m="7785" /><F97/><W60/><AGARI ba="1,1" hai="9,12,16,39,41,45,60,67,69,89,90" m="30743" machi="60" ten="30,11700,0" yaku="24,1,52,1,54,2" doraHai="68" who="3" fromWho="3" sc="249,-40,229,-40,261,-40,251,130" owari="209,-19.1,189,-31.1,221,2.1,381,48.1" /></mjloggm>