<mjloggm ver="2.3"><GO type="225" lobby="0"/><UN n0="%E3%82%B2%E3%82%B9%E8%8C%82%E5%8B%9D" n1="%E3%81%A8%E3%82%93%E3%81%A8%E3%81%93%E3%81%A8%E3%82%93" n2="%72%61%6B%33" n3="%E3%83%B4%E3%82%A3%E3%83%AF%E3%82%B3%E3%82%B0%E3%83%8B" dan="16,16,16,16" rate="2069.28,2131.01,2088.48,2142.53" sx="F,M,M,M"/><TAIKYOKU oya="0"/><INIT seed="0,0,0,0,0,56" ten="250,250,250,250" oya="0" hai0="120,15,57,45,51,117,110,23,114,82,99,124,92" hai1="93,53,100,108,4,70,111,58,134,10,97,8,80" hai2="87,90,106,14,36,86,76,49,32,89,46,64,26" hai3="67,126,47,40,30,0,105,68,113,5,74,48,13"/><T44/><D117/><U118/><E118/><V16/><F106/><W104/><G113/><T71/><D114/><U7/><E70/><V115/><F115/><W54/><G0/><T21/><D120/><U27/><E134/><V94/><F36/><W52/><G74/><T129/><D129/><U22/><E80/><V37/><F37/><W1/><G1/><T28/><D71/><U78/><E78/><V75/><F75/><W62/><G126/><T72/><D124/><U60/><E10/><V18/><F76/><W31/><G104/><T128/><D128/><U109/><REACH who="1" step="1"/><E8/><REACH who="1" ten="250,240,250,250" step="2"/><V127/><F127/><W121/><G121/><T96/><D82/><U41/><E41/><V81/><F81/><W25/><G40/><T79/><D79/><U130/><E130/><V11/><F11/><W85/><G68/><T102/><D72/><U9/><E9/><V2/><F2/><W91/><G5/><T39/><D39/><U6/><E6/><V20/><F32/><W73/><G73/><T33/><D33/><U43/><E43/><V55/><F20/><W61/><G105/><T95/><D21/><U131/><E131/><V77/><F77/><W116/><G116/><T98/><D23/><U135/><E135/><V122/><F122/><W63/><G30/><AGARI ba="0,1" hai="4,7,22,27,30,53,58,60,93,97,100,108,109,111" machi="30" ten="40,5200,0" yaku="1,1,14,1,52,1,53,0" doraHai="56" doraHaiUra="69" who="1" fromWho="3" sc="250,0,240,62,250,0,250,-52" /><INIT seed="1,0,0,3,2,77" ten="250,302,250,198" oya="1" hai0="64,104,113,90,21,56,1,18,119,122,52,83,9" hai1="102,95,70,114,42,88,37,84,86,117,134,4,2" hai2="72,6,94,96,89,33,120,8,45,116,73,28,60" hai3="98,58,43,81,48,126,38,107,103,20,129,135,16"/><U50/><E114/><V130/><F116/><W97/><G129/><T36/><D113/><U66/><E117/><V11/><F120/><W63/><G135/><T44/><D119/><U82/><E37/><V80/><F130/><W30/><G126/><T27/><D122/><U123/><E123/><V125/><F125/><W26/><G38/><T47/><D104/><U7/><E2/><V127/><F127/><W53/><G98/><T133/><D133/><U13/><E134/><V74/><F45/><W92/><G43/><T39/><D64/><U99/><E70/><V75/><F60/><W110/><G110/><T51/><D39/><U78/><E66/><V71/><F71/><W32/><G81/><T31/><D36/><U24/><E24/><V10/><F33/><W108/><G108/><T68/><D68/><U12/><E7/><V67/><F28/><W49/><REACH who="3" step="1"/><G107/><REACH who="3" ten="250,302,250,188" step="2"/><T79/><D79/><U91/><E4/><V59/><F6/><W29/><G29/><T40/><D40/><U124/><E124/><V132/><F132/><W22/><G22/><T15/><D1/><U93/><E78/><V46/><F11/><W35/><G35/><T61/><D61/><U69/><E69/><V17/><F8/><W112/><G112/><T121/><D121/><U23/><E23/><V25/><F10/><W55/><G55/><T65/><D65/><U5/><E5/><V0/><F0/><W128/><G128/><T87/><AGARI ba="0,1" hai="9,15,18,21,27,31,44,47,51,52,56,83,87,90" machi="87" ten="30,7900,0" yaku="0,1,8,1,52,1,54,1" doraHai="77" who="0" fromWho="0" sc="250,89,302,-39,250,-20,188,-20" /><INIT seed="2,0,0,3,0,52" ten="339,263,230,168" oya="2" hai0="10,47,4,117,6,127,16,37,133,49,125,46,95" hai1="89,38,102,8,3,111,18,123,54,59,115,62,45" hai2="93,73,66,124,69,107,12,0,129,74,92,70,90" hai3="5,17,122,40,60,83,109,28,78,34,65,56,48"/><V131/><F0/><W11/><G109/><T112/><D112/><U41/><E115/><V30/><F107/><W104/><G122/><T22/><D133/><U114/><E114/><V118/><F30/><W42/><G104/><T2/><D117/><U20/><E111/><V99/><F118/><W76/><G17/><T27/><D37/><U33/><E33/><V9/><F124/><N who="0" m="47690" /><D95/><U67/><E123/><V72/><F93/><W31/><G34/><T71/><D71/><U134/><E134/><V21/><F21/><W101/><G101/><T120/><D120/><U135/><E102/><V39/><F39/><W105/><G105/><T29/><D4/><U32/><E32/><V126/><F126/><W57/><G57/><T13/><D49/><U23/><E135/><V15/><F66/><W61/><G61/><T53/><D53/><U132/><E132/><V91/><F91/><W128/><G128/><N who="2" m="49225" /><F12/><W130/><G130/><T36/><D36/><U64/><E89/><V121/><F121/><W106/><G106/><T58/><D29/><U55/><E67/><V97/><F97/><W88/><G31/><N who="0" m="17911" /><D58/><U26/><REACH who="1" step="1"/><E23/><AGARI ba="0,0" hai="2,6,10,13,16,23,46,47" m="17911,47690" machi="23" ten="30,2000,0" yaku="18,1,54,1" doraHai="52" who="0" fromWho="1" sc="339,20,263,-20,230,0,168,0" /><INIT seed="3,0,0,0,0,95" ten="359,243,230,168" oya="3" hai0="44,35,9,97,55,80,94,120,56,111,77,27,131" hai1="108,31,129,98,110,13,46,130,50,101,87,60,104" hai2="121,49,84,62,68,73,79,122,61,33,36,38,37" hai3="7,4,132,16,109,12,128,43,83,39,24,103,75"/><W47/><G128/><N who="1" m="49258" /><E31/><V78/><F73/><W11/><G132/><T74/><D111/><U114/><E114/><V135/><F33/><W116/><G116/><T88/><D131/><U82/><E13/><V58/><F84/><W92/><G109/><T45/><D120/><N who="2" m="46186" /><F135/><W34/><G34/><T126/><D126/><U96/><E98/><V6/><F6/><W66/><G66/><T90/><D9/><U2/><E60/><N who="2" m="23147" /><F68/><W86/><G75/><T72/><D74/><U19/><E19/><V76/><F49/><W0/><G24/><T59/><D90/><N who="1" m="51575" /><E2/><V99/><F58/><W32/><G32/><T107/><D107/><U85/><E85/><V8/><F99/><W28/><G28/><N who="0" m="19871" /><D59/><U1/><E1/><V112/><F8/><W106/><G0/><T124/><D124/><U125/><E125/><V70/><F70/><W40/><G40/><AGARI ba="0,0" hai="40,46,50,96,101,104,108,110" m="51575,49258" machi="40" ten="30,2000,0" yaku="19,1,52,1" doraHai="95" who="1" fromWho="3" sc="359,0,243,20,230,0,168,-20" owari="359,45.9,263,6.3,230,-17.0,148,-35.2" /></mjloggm>