<mjloggm ver="2.3"><GO type="225" lobby="0"/><UN n0="%72%69%6F%75%63%68%61%6E" n1="%43%68%65" n2="%50%65%74%65%72%50%61%6E" n3="%E8%81%B7%E6%A5%AD%E3%80%81%E9%A2%A8%32" dan="17,16,17,16" rate="2276.41,2176.44,2223.75,2123.65" sx="M,M,M,M"/><TAIKYOKU oya="0"/><INIT seed="0,0,0,5,2,97" ten="250,250,250,250" oya="0" hai0="99,108,57,35,69,93,42,70,128,23,22,83,113" hai1="125,58,54,71,61,26,52,55,116,109,20,134,44" hai2="89,104,98,39,74,27,67,81,65,17,77,86,112" hai3="117,78,95,122,103,37,0,80,85,36,49,73,59"/><T91/><D128/><U11/><E116/><V102/><F39/><W15/><G0/><T111/><D113/><U135/><E71/><V6/><F6/><W53/><G117/><T105/><D35/><U124/><E11/><V126/><F126/><N who="1" m="48745" /><E109/><N who="0" m="42057" /><D105/><U75/><E75/><V127/><F112/><W25/><G122/><T32/><D32/><U31/><E44/><V90/><F90/><W1/><G1/><T4/><D4/><U10/><E10/><V63/><F63/><W43/><G43/><T96/><D42/><U30/><E30/><V41/><F41/><W13/><G25/><T94/><D83/><U24/><E24/><V21/><REACH who="2" step="1"/><F127/><REACH who="2" ten="250,250,240,250" step="2"/><W82/><G37/><T60/><D69/><U88/><E88/><V29/><F29/><W50/><G36/><T48/><D70/><U68/><E68/><V92/><AGARI ba="0,1" hai="17,21,27,65,67,74,77,81,86,89,92,98,102,104" machi="92" ten="20,12000,2" yaku="1,1,0,1,7,1,24,2,52,1,53,1" doraHai="97" doraHaiUra="84" who="2" fromWho="2" sc="250,-60,250,-30,240,130,250,-30" /><INIT seed="1,0,0,0,0,77" ten="190,220,370,220" oya="1" hai0="79,5,55,88,60,105,49,35,80,23,129,83,71" hai1="133,2,12,76,64,26,124,47,106,28,6,37,31" hai2="95,52,18,1,48,99,74,41,34,132,107,20,102" hai3="89,58,38,98,119,114,62,63,118,121,110,67,125"/><U82/><E12/><V9/><F34/><W123/><G38/><T15/><D35/><N who="1" m="20887" /><E31/><V13/><F132/><W78/><G78/><T108/><D108/><U36/><E133/><V109/><F109/><W96/><G110/><T45/><D105/><U17/><E17/><V100/><F41/><W44/><G114/><T14/><D129/><U39/><E64/><V94/><F74/><W131/><G131/><T81/><D79/><U72/><E124/><V126/><F126/><W103/><G125/><T10/><D71/><U90/><E90/><V0/><F107/><W127/><G127/><T75/><D75/><U128/><E128/><V86/><F9/><W8/><G8/><N who="0" m="4367" /><D23/><U11/><E106/><V57/><F102/><W51/><G63/><T91/><D60/><U4/><E4/><AGARI ba="0,0" hai="4,10,15,45,49,55,80,81,83,88,91" m="4367" machi="4" ten="30,8000,1" yaku="8,1,52,3,54,1" doraHai="77" who="0" fromWho="1" sc="190,80,220,-80,370,0,220,0" /><INIT seed="2,0,0,1,3,78" ten="270,140,370,220" oya="2" hai0="54,10,63,127,132,72,52,122,135,4,49,28,107" hai1="123,116,6,1,112,61,8,109,29,115,19,75,45" hai2="22,31,71,17,35,38,118,85,119,126,99,110,97" hai3="89,117,58,12,60,76,14,59,106,95,91,55,88"/><V9/><F71/><W26/><G106/><T37/><D122/><U65/><E116/><V131/><F38/><W56/><G117/><T93/><D107/><U77/><E123/><V23/><F131/><W57/><G76/><T50/><D37/><U53/><E19/><V3/><F126/><W41/><G41/><T121/><D121/><U124/><E124/><V103/><F97/><W108/><G108/><T68/><D127/><U48/><E29/><V62/><F62/><W67/><G26/><T70/><D72/><U101/><E101/><V0/><F85/><W51/><G95/><T36/><D36/><U74/><E109/><V125/><F125/><W32/><REACH who="3" step="1"/><G32/><REACH who="3" ten="270,140,370,210" step="2"/><T25/><D25/><U114/><REACH who="1" step="1"/><E77/><REACH who="1" ten="270,130,370,210" step="2"/><V94/><F110/><W64/><G64/><T92/><D135/><U47/><E47/><AGARI ba="0,2" hai="12,14,47,51,55,56,57,58,59,60,67,88,89,91" machi="47" ten="40,5200,0" yaku="1,1,8,1,54,1,53,0" doraHai="78" doraHaiUra="13" who="3" fromWho="1" sc="270,0,130,-52,370,0,210,72" /><INIT seed="3,0,0,1,1,20" ten="270,78,370,282" oya="3" hai0="80,39,45,30,112,60,105,0,27,77,122,1,76" hai1="10,94,47,46,50,87,88,116,127,114,34,115,108" hai2="8,131,32,67,58,2,120,125,135,35,99,92,48" hai3="40,6,118,89,36,16,41,78,104,113,130,3,83"/><W12/><G118/><T37/><D122/><U111/><E116/><V52/><F135/><W51/><G113/><T109/><D109/><U68/><E68/><V28/><F131/><W133/><G104/><T91/><D112/><U43/><E34/><V54/><F125/><W103/><G103/><T121/><D121/><U102/><E127/><V59/><F67/><W106/><G106/><T22/><D105/><U49/><E102/><V96/><F96/><W29/><G36/><T85/><D60/><U57/><E57/><V124/><F124/><W11/><G130/><T42/><REACH who="0" step="1"/><D37/><REACH who="0" ten="260,78,370,282" step="2"/><U90/><E111/><V64/><F120/><W4/><G133/><T101/><D101/><U97/><E108/><V110/><F110/><W119/><G119/><T79/><AGARI ba="0,1" hai="0,1,22,27,30,39,42,45,76,77,79,80,85,91" machi="79" ten="30,4000,0" yaku="1,1,0,1,52,1,53,0" doraHai="20" doraHaiUra="55" who="0" fromWho="0" sc="260,50,78,-10,370,-10,282,-20" owari="310,11.0,68,-43.2,360,46.0,262,-13.8" /></mjloggm>