<mjloggm ver="2.3"><GO type="225" lobby="0"/><UN n0="%E3%80%90%E3%83%88%E3%83%AA%E3%83%A5%E3%83%95%E3%80%91" n1="%E3%81%8B%E3%82%8F%E3%81%A1%E3%82%83%E3%82%93%35%38" n2="%6B%79%6F%6E%6B%6F%31%31" n3="%47%68%6F%73%74%55%30" dan="16,16,16,17" rate="2036.32,2120.23,2139.94,2135.74" sx="M,M,M,F"/><TAIKYOKU oya="0"/><INIT seed="0,0,0,4,1,124" ten="250,250,250,250" oya="0" hai0="105,29,94,45,57,41,9,67,97,32,51,34,53" hai1="1,112,19,68,21,59,104,109,58,56,93,2,43" hai2="33,63,61,91,119,54,114,17,76,55,87,83,46" hai3="82,116,10,49,7,12,84,39,102,108,130,100,85"/><T24/><D105/><U99/><E68/><V70/><F114/><W48/><G116/><T86/><D67/><U8/><E104/><V62/><F33/><W78/><G39/><T133/><D133/><U134/><E134/><V127/><F127/><W118/><G118/><T52/><D9/><U47/><E109/><V128/><F119/><W77/><G108/><T121/><D121/><U90/><E112/><V15/><F70/><W74/><G74/><T72/><D72/><U89/><E89/><V38/><F38/><W6/><G130/><T75/><D75/><U115/><E8/><V22/><F128/><W69/><G69/><T36/><D86/><U122/><E122/><V88/><F46/><W64/><G64/><T14/><D14/><U101/><E90/><AGARI ba="0,0" hai="15,17,22,54,55,61,62,63,76,83,87,88,90,91" machi="90" ten="40,2600,0" yaku="8,1,54,1" doraHai="124" who="2" fromWho="1" sc="250,0,250,-26,250,26,250,0" /><INIT seed="1,0,0,3,3,52" ten="250,224,276,250" oya="1" hai0="2,20,62,101,45,83,13,112,48,9,66,122,106" hai1="46,115,53,129,63,108,107,6,7,41,14,43,82" hai2="57,89,0,12,42,110,33,35,93,17,95,121,134" hai3="28,19,127,50,135,119,55,125,34,30,3,10,79"/><U128/><E107/><V4/><F121/><W87/><G119/><T24/><D112/><U25/><E115/><V49/><F110/><W27/><G135/><T92/><D2/><U111/><E82/><V114/><F134/><W84/><G30/><T102/><D106/><U32/><E32/><V80/><F4/><N who="1" m="1577" /><E14/><V16/><F0/><W117/><G3/><T38/><D38/><N who="1" m="21815" /><E25/><V105/><F105/><W74/><G117/><T36/><D36/><U65/><E53/><N who="2" m="31919" /><F42/><W98/><G10/><T86/><D92/><U60/><E60/><V126/><F35/><W91/><G19/><N who="0" m="8623" /><D122/><U59/><E43/><V1/><F1/><W72/><G72/><T81/><D81/><U29/><E29/><V67/><F33/><W69/><G74/><T130/><D130/><AGARI ba="0,0" hai="59,63,65,108,111,128,129,130" m="21815,1577" machi="130" ten="30,2900,0" yaku="19,1,52,1" doraHai="52" who="1" fromWho="0" sc="250,-29,224,29,276,0,250,0" /><INIT seed="1,1,0,2,5,53" ten="221,253,276,250" oya="1" hai0="65,54,128,71,133,73,6,107,92,106,98,21,134" hai1="84,29,101,105,79,87,5,32,129,12,70,56,131" hai2="47,126,7,132,4,68,23,81,19,28,58,61,103" hai3="85,124,22,34,30,36,40,18,97,88,42,9,51"/><U116/><E70/><V11/><F126/><W27/><G36/><T112/><D73/><U31/><E116/><V66/><F132/><N who="0" m="50794" /><D112/><U114/><E114/><V122/><F122/><W102/><G124/><T94/><D6/><U113/><E113/><V14/><F103/><W90/><G9/><T1/><D1/><U99/><E56/><V62/><F47/><W15/><G51/><T10/><D10/><N who="1" m="4175" /><E32/><V41/><F41/><W104/><REACH who="3" step="1"/><G90/><REACH who="3" ten="221,253,276,240" step="2"/><N who="0" m="55575" /><D128/><N who="1" m="49227" /><E79/><V135/><F135/><W82/><AGARI ba="1,1" hai="15,18,22,27,30,34,40,42,82,85,88,97,102,104" machi="82" ten="20,8000,1" yaku="1,1,0,1,7,1,54,1,53,1" doraHai="53" doraHaiUra="26" who="3" fromWho="3" sc="221,-21,253,-41,276,-21,240,93" /><INIT seed="2,0,0,3,3,98" ten="200,212,255,333" oya="2" hai0="102,26,129,54,23,106,52,122,91,121,25,1,119" hai1="19,69,115,132,68,18,14,40,29,28,11,13,38" hai2="99,31,15,76,78,64,82,30,32,124,74,125,89" hai3="47,84,39,134,58,85,72,77,41,80,43,79,110"/><V104/><F64/><W3/><G110/><T44/><D1/><U116/><E115/><V117/><F117/><W90/><G134/><T101/><D119/><U2/><E116/><V94/><F32/><W107/><G3/><T92/><D106/><U87/><E2/><V105/><F15/><W20/><G107/><N who="2" m="41033" /><F30/><W113/><G113/><T8/><D129/><U135/><E40/><V22/><F22/><W123/><G123/><T128/><D128/><U61/><E38/><V93/><F31/><W59/><G20/><T34/><D8/><U97/><E61/><V103/><F76/><W56/><G77/><T81/><D81/><U12/><E12/><V55/><F55/><W66/><G43/><T6/><D6/><U36/><E36/><V75/><F75/><W49/><G72/><T7/><D7/><U60/><E60/><V118/><F118/><W48/><G66/><T130/><D130/><U133/><E29/><V95/><F95/><N who="3" m="54727" /><G39/><T63/><D122/><U62/><E28/><V0/><F0/><W109/><G109/><T100/><D23/><U9/><E68/><V108/><F108/><W65/><G65/><T50/><D34/><U16/><E69/><V17/><F17/><W70/><G70/><T51/><D63/><U111/><E62/><V42/><F42/><W96/><G48/><T131/><D131/><U46/><E111/><V4/><F4/><W126/><G49/><T127/><D121/><U33/><E33/><V86/><AGARI ba="0,0" hai="74,78,82,86,89,93,94,99,103,124,125" m="41033" machi="86" ten="30,6000,0" yaku="34,2,52,1" doraHai="98" who="2" fromWho="2" sc="200,-20,212,-20,255,60,333,-20" /><INIT seed="2,1,0,2,3,97" ten="180,192,315,313" oya="2" hai0="10,131,129,111,35,119,101,47,72,135,124,133,65" hai1="22,58,8,49,43,125,89,25,12,5,98,7,17" hai2="50,11,90,68,88,45,85,110,128,103,19,107,99" hai3="62,29,67,75,2,118,80,34,52,21,92,73,134"/><V16/><F68/><W69/><G118/><T1/><D65/><U32/><E125/><V108/><F128/><N who="0" m="49226" /><D47/><N who="1" m="25855" /><E32/><V15/><F19/><W41/><G2/><T56/><D56/><U91/><E58/><V130/><F130/><W76/><G134/><N who="0" m="51211" /><D72/><U93/><E91/><V33/><F33/><W83/><G34/><T37/><D35/><U55/><E55/><V61/><F61/><W30/><G41/><T106/><D111/><N who="2" m="42538" /><F85/><W46/><G75/><T71/><D71/><U66/><E66/><V121/><F121/><W132/><G73/><T79/><D79/><U104/><E104/><V100/><F100/><W117/><G76/><T70/><D70/><U127/><E127/><V26/><F26/><W122/><G122/><T20/><D20/><U77/><E77/><V112/><F112/><W114/><G21/><T63/><D63/><U64/><E64/><V38/><F38/><W9/><G114/><T36/><D124/><U42/><E42/><AGARI ba="1,0" hai="11,15,16,42,45,50,88,90,99,103,107" m="42538" machi="42" ten="30,12000,1" yaku="14,1,10,1,52,1,54,2" doraHai="97" who="2" fromWho="1" sc="180,0,192,-123,315,123,313,0" /><INIT seed="2,2,0,1,2,51" ten="180,69,438,313" oya="2" hai0="79,10,87,50,17,64,30,82,129,130,61,121,126" hai1="90,104,117,106,54,76,35,128,103,31,77,39,135" hai2="29,60,7,71,46,55,68,127,4,109,48,94,18" hai3="34,105,47,92,134,98,120,24,2,3,83,28,133"/><V22/><F127/><W6/><G92/><T108/><D126/><U37/><E31/><V43/><F29/><W99/><G99/><T26/><D108/><U56/><E35/><V14/><F109/><W114/><G83/><T107/><D50/><U89/><E117/><V69/><F43/><W13/><G47/><T78/><D121/><U32/><E32/><V16/><F60/><W72/><G72/><T21/><D107/><U9/><E9/><V93/><F93/><W100/><G120/><T115/><D115/><U66/><E66/><V59/><F46/><W11/><G114/><T113/><D113/><U131/><E56/><V67/><F67/><W110/><G110/><T27/><D10/><U49/><E49/><V85/><F18/><W36/><REACH who="3" step="1"/><G36/><REACH who="3" ten="180,69,438,303" step="2"/><T124/><D124/><U8/><E8/><V0/><F0/><AGARI ba="2,1" hai="0,2,3,6,11,13,24,28,34,98,100,105,133,134" machi="0" ten="40,5200,0" yaku="1,1,2,1,53,1" doraHai="51" doraHaiUra="95" who="3" fromWho="2" sc="180,0,69,0,438,-58,303,68" /><INIT seed="3,0,0,0,0,15" ten="180,69,380,371" oya="3" hai0="39,81,131,50,12,82,21,83,52,61,90,96,135" hai1="76,35,125,129,80,40,43,26,117,27,23,79,48" hai2="51,8,122,91,3,114,127,2,86,7,63,46,60" hai3="106,42,65,98,113,59,132,18,126,25,56,89,22"/><W34/><G113/><T103/><D39/><U30/><E125/><V55/><F114/><W1/><G1/><T70/><D131/><U57/><E129/><V78/><F127/><W75/><G126/><T92/><D135/><U121/><E121/><V10/><F122/><W101/><G132/><T104/><D70/><U53/><E117/><V16/><F78/><W9/><G75/><T100/><D61/><U77/><E35/><V0/><F0/><W44/><G65/><T120/><D104/><U115/><E115/><V99/><F99/><W109/><G109/><T85/><D85/><U93/><E77/><V102/><F102/><W94/><G9/><T64/><D64/><U71/><E71/><V68/><F68/><W128/><G34/><T62/><D62/><U108/><E79/><V112/><F112/><W130/><G128/><T47/><D120/><U67/><E108/><V134/><F134/><W5/><G5/><T87/><D96/><U105/><E105/><V49/><F49/><W29/><G29/><T111/><D111/><U41/><E67/><V95/><F16/><AGARI ba="0,0" hai="12,16,21,47,50,52,81,82,83,87,90,92,100,103" machi="16" ten="40,8000,1" yaku="8,1,52,1,54,2" doraHai="15" who="0" fromWho="2" sc="180,80,69,0,380,-80,371,0" owari="260,-14.0,69,-43.1,300,10.0,371,47.1" /></mjloggm>