<mjloggm ver="2.3"><GO type="225" lobby="0"/><UN n0="%E5%BA%97%E9%95%B7%4D" n1="%6D%75%75%73%61%6E%6D%75" n2="%E3%81%AF%E3%82%88%E3%81%8A%E3%81%98%E3%81%95%E3%82%93" n3="%6C%61%6D%62" dan="16,16,17,16" rate="2098.17,2126.57,2138.45,2153.17" sx="M,F,M,M"/><TAIKYOKU oya="0"/><INIT seed="0,0,0,2,4,65" ten="250,250,250,250" oya="0" hai0="45,129,108,58,38,66,47,40,30,57,115,85,70" hai1="55,97,126,69,72,32,28,107,25,37,103,13,21" hai2="133,62,128,18,63,15,76,112,95,42,68,49,67" hai3="106,3,127,87,27,43,12,92,91,78,116,8,120"/><T111/><D30/><U7/><E37/><V24/><F112/><W71/><G116/><T119/><D119/><U109/><E72/><V5/><F128/><W132/><G106/><T117/><D117/><U44/><E109/><N who="0" m="42057" /><D115/><U20/><E126/><V86/><F133/><W11/><G132/><T122/><D122/><U34/><E69/><V29/><F5/><W52/><G127/><T102/><D102/><U114/><E114/><V135/><F135/><W4/><G43/><N who="0" m="22775" /><D85/><U41/><E41/><V33/><F62/><W56/><G120/><T9/><D9/><U77/><E34/><V6/><F6/><W79/><G27/><T82/><D82/><U89/><E7/><V105/><F105/><W17/><REACH who="3" step="1"/><G71/><REACH who="3" ten="250,250,250,240" step="2"/><T46/><D129/><U1/><E25/><V53/><F42/><W84/><G84/><T51/><D46/><U131/><E44/><V14/><F86/><W113/><G113/><T104/><D104/><U123/><E107/><V22/><F24/><W31/><G31/><T36/><D36/><U125/><E28/><V74/><F29/><W10/><G10/><T110/><D110/><U99/><E125/><V0/><F74/><W101/><G101/><T50/><D50/><AGARI ba="0,1" hai="3,4,8,11,12,17,50,52,56,78,79,87,91,92" machi="50" ten="30,7700,0" yaku="1,1,7,1,54,1,53,1" doraHai="65" doraHaiUra="35" who="3" fromWho="0" sc="250,-77,250,0,250,0,240,87" /><INIT seed="1,0,0,5,1,97" ten="173,250,250,327" oya="1" hai0="39,69,46,27,45,40,106,72,44,108,33,73,51" hai1="132,10,112,77,75,126,50,8,59,91,81,13,102" hai2="24,41,114,12,88,99,134,125,48,127,133,70,93" hai3="78,54,15,61,100,29,0,56,79,92,86,52,110"/><U66/><E112/><V68/><F114/><W19/><G0/><T84/><D106/><U20/><E132/><N who="2" m="50795" /><F24/><W5/><G110/><T25/><D108/><U32/><E32/><V95/><F12/><W87/><G29/><T3/><D3/><U131/><E131/><V63/><F63/><W80/><G5/><T74/><D69/><N who="2" m="26730" /><F93/><W47/><G79/><T31/><D25/><U135/><E135/><V105/><F105/><W104/><G104/><T35/><D35/><U115/><E115/><V82/><F82/><W21/><G47/><AGARI ba="0,0" hai="41,47,48,88,95,99,125,127" m="26730,50795" machi="47" ten="40,2600,0" yaku="20,1,54,1" doraHai="97" who="2" fromWho="3" sc="173,0,250,0,250,26,327,-26" /><INIT seed="2,0,0,0,5,114" ten="173,250,276,301" oya="2" hai0="70,84,52,74,13,117,122,36,120,87,12,53,56" hai1="9,47,31,123,65,125,2,76,101,68,92,77,95" hai2="119,24,128,20,89,88,16,21,4,99,66,104,113" hai3="43,64,110,86,90,121,19,54,112,118,61,39,97"/><V129/><F113/><W3/><G118/><T73/><D36/><U41/><E125/><V134/><F134/><W71/><G121/><T1/><D56/><U82/><E123/><V33/><F33/><W83/><G3/><T29/><D1/><U14/><E2/><V127/><F127/><W40/><G112/><T50/><D29/><U91/><E31/><V34/><F34/><W78/><G110/><T94/><D94/><U100/><E65/><V75/><F75/><W27/><G39/><T67/><D67/><U17/><E68/><V0/><F119/><W105/><G54/><T80/><D80/><U6/><E17/><V38/><F38/><W46/><G46/><T62/><D50/><N who="1" m="26991" /><E92/><V111/><F111/><W7/><G7/><T26/><D26/><U133/><E133/><V44/><F44/><W51/><G51/><T116/><D62/><U124/><E124/><V45/><F45/><W5/><G5/><T132/><REACH who="0" step="1"/><D132/><REACH who="0" ten="163,250,276,301" step="2"/><U103/><E82/><V28/><F66/><W57/><G57/><T93/><D93/><U135/><E135/><V48/><F48/><W102/><G61/><T23/><D23/><U79/><E101/><N who="2" m="62527" /><F20/><W126/><G64/><T30/><D30/><U32/><E32/><V85/><F28/><W59/><G126/><T8/><D8/><U55/><E55/><V81/><F0/><W35/><G35/><T18/><D18/><U15/><E15/><V98/><F4/><W11/><G19/><T58/><D58/><U109/><E109/><V25/><F25/><W106/><G27/><T60/><D60/><U130/><E130/><RYUUKYOKU ba="0,1" sc="163,10,250,10,276,10,301,-30" hai0="12,13,52,53,70,73,74,84,87,116,117,120,122" hai1="6,9,14,76,77,79,91,95,100,103" hai2="16,21,24,81,85,88,89,98,128,129" /><INIT seed="2,1,1,3,0,43" ten="173,260,286,271" oya="2" hai0="38,111,30,3,71,120,57,67,116,14,106,36,134" hai1="121,118,65,51,109,22,1,47,130,70,125,68,58" hai2="104,54,107,96,91,48,17,26,62,113,88,128,33" hai3="112,50,133,101,20,94,45,63,6,100,114,31,16"/><V126/><F113/><N who="3" m="43627" /><G133/><T102/><D3/><U12/><E1/><V69/><F126/><W86/><G6/><T34/><D120/><U15/><E118/><V124/><F128/><W77/><G31/><T103/><D134/><U24/><E125/><V53/><F124/><W64/><G94/><T85/><D116/><U84/><E130/><V87/><F69/><N who="3" m="42143" /><G86/><T44/><D111/><U23/><E109/><V99/><F33/><W122/><G77/><T97/><D103/><U35/><E121/><V93/><F104/><W95/><G95/><T119/><D119/><U79/><E35/><V76/><F107/><W74/><G74/><T39/><D57/><U0/><E0/><V4/><F4/><W72/><G72/><T8/><D85/><U92/><E68/><V132/><F132/><W90/><G90/><T9/><D14/><N who="1" m="5163" /><E24/><V37/><F37/><W78/><G78/><T32/><D32/><U98/><E70/><V11/><F76/><W21/><G122/><T115/><D115/><U73/><E84/><V81/><F11/><W129/><G129/><T19/><D19/><U131/><E73/><V7/><F7/><W59/><G59/><T49/><D67/><U117/><E79/><V135/><F135/><W56/><G56/><T83/><D71/><U66/><E131/><V61/><F96/><W42/><G16/><T123/><D123/><U75/><E117/><V82/><F81/><W108/><G108/><T110/><D83/><U29/><E75/><V41/><F17/><W89/><G89/><T105/><D110/><U27/><E29/><V40/><F91/><RYUUKYOKU ba="1,1" sc="173,-10,260,-10,286,-10,271,30" hai3="20,21,42,45,50,100,101" /><INIT seed="3,2,1,1,2,75" ten="163,250,276,301" oya="3" hai0="33,39,131,129,126,56,15,26,100,20,42,76,7" hai1="88,47,52,108,19,125,91,67,23,133,70,93,31" hai2="6,12,87,5,90,48,97,80,28,118,13,85,128" hai3="79,44,35,134,94,61,69,25,124,51,32,95,127"/><W3/><G79/><T37/><D126/><N who="3" m="48169" /><G134/><T62/><D33/><N who="3" m="12873" /><G3/><T43/><D100/><U46/><E125/><V122/><F118/><W116/><G25/><T45/><D76/><U132/><E70/><V71/><F71/><W9/><G9/><N who="0" m="4543" /><D43/><U10/><E67/><V102/><F128/><N who="0" m="49226" /><D45/><U103/><E47/><V54/><F122/><W113/><G113/><T17/><D42/><U121/><E121/><V24/><F87/><W36/><G116/><T96/><D96/><N who="1" m="59791" /><E133/><V53/><F13/><W64/><G36/><T77/><D77/><U98/><E132/><V59/><F54/><AGARI ba="2,1" hai="44,51,54,61,64,69,94,95" m="12873,48169" machi="54" ten="30,1500,0" yaku="18,1" doraHai="75" who="3" fromWho="2" sc="163,0,250,0,276,-21,301,31" owari="163,-33.7,250,-15.0,255,5.5,332,43.2" /></mjloggm>