<mjloggm ver="2.3"><GO type="225" lobby="0"/><UN n0="%E9%80%86%E9%80%A3%E5%B8%AF%E3%81%AE%E9%AC%BC" n1="%E3%83%AB%E3%83%9B%E3%83%B3%E3%83%87%E3%82%A3%E3%82%A8" n2="%50%65%74%65%72%50%61%6E" n3="%E3%81%9F%E3%81%93%E2%98%86%E7%84%BC%E3%81%8D" dan="16,16,17,16" rate="2158.50,2155.93,2159.34,2083.67" sx="M,M,M,M"/><TAIKYOKU oya="0"/><INIT seed="0,0,0,4,2,23" ten="250,250,250,250" oya="0" hai0="124,131,112,31,47,92,126,95,86,8,69,21,4" hai1="48,55,109,114,132,50,19,24,36,91,5,119,65" hai2="123,35,54,9,97,17,83,56,125,105,113,78,41" hai3="1,33,73,30,0,127,72,89,44,68,71,111,32"/><T98/><D69/><N who="3" m="26697" /><G89/><T117/><D112/><U11/><E36/><V128/><F113/><W28/><G44/><T15/><D117/><U40/><E119/><V104/><F123/><W122/><G122/><T12/><D131/><U116/><E116/><V39/><F35/><N who="3" m="13387" /><G111/><T121/><D121/><U87/><E109/><V85/><F128/><W20/><G20/><T100/><D47/><N who="1" m="25703" /><E65/><V74/><F97/><W133/><G133/><T63/><D63/><U60/><E60/><V70/><F70/><W43/><G127/><T90/><REACH who="0" step="1"/><D15/><REACH who="0" ten="240,250,250,250" step="2"/><N who="1" m="5615" /><E132/><V94/><F125/><W134/><G134/><T102/><D102/><U46/><E114/><V53/><F105/><W81/><G43/><T26/><AGARI ba="0,1" hai="4,8,12,21,26,31,86,90,92,95,98,100,124,126" machi="26" ten="30,11700,0" yaku="1,1,0,1,52,1,53,1" doraHai="23" doraHaiUra="27" who="0" fromWho="0" sc="240,127,250,-39,250,-39,250,-39" /><INIT seed="0,1,0,0,4,95" ten="367,211,211,211" oya="0" hai0="83,86,50,26,13,88,102,48,22,1,15,72,24" hai1="125,118,31,42,4,45,107,117,79,63,46,127,134" hai2="55,98,123,27,73,76,68,21,33,28,11,96,0" hai3="122,89,10,3,71,75,64,8,93,91,135,116,82"/><T60/><D1/><U100/><E79/><V34/><F123/><W108/><G116/><N who="1" m="44650" /><E4/><V62/><F76/><W25/><G108/><T56/><D72/><U105/><E31/><V77/><F77/><W49/><G135/><T114/><D114/><U70/><E100/><V112/><F73/><W126/><G126/><N who="1" m="48138" /><E105/><V37/><F37/><W52/><G75/><T84/><D102/><U80/><E80/><V111/><F111/><W59/><G25/><T7/><D86/><U30/><E30/><V106/><F106/><W51/><G3/><T132/><D26/><U47/><E107/><V110/><F110/><W14/><G10/><T129/><D129/><U58/><E70/><V128/><F128/><W90/><G82/><T23/><D23/><U16/><E16/><V20/><F112/><W35/><G71/><T17/><D132/><U113/><E113/><V92/><F68/><W18/><G35/><T103/><D103/><U41/><E134/><V53/><F34/><W29/><G29/><T97/><D97/><U36/><E36/><V66/><F98/><W39/><G39/><T87/><D87/><U57/><E57/><N who="2" m="37199" /><F21/><W94/><G122/><T81/><D81/><U9/><E9/><V67/><F33/><W133/><G133/><T61/><D7/><U85/><E85/><V32/><F32/><W101/><G101/><T19/><D24/><U6/><E6/><N who="2" m="1479" /><F67/><AGARI ba="1,0" hai="41,42,45,46,47,58,63,67" m="48138,44650" machi="67" ten="40,5200,0" yaku="18,1,34,2" doraHai="95" who="1" fromWho="2" sc="367,0,211,55,211,-55,211,0" /><INIT seed="1,0,0,2,1,90" ten="367,266,156,211" oya="1" hai0="100,58,56,37,54,127,53,26,123,2,28,103,32" hai1="50,44,35,112,60,129,86,80,4,72,11,18,134" hai2="99,57,33,132,109,51,94,43,49,69,88,101,24" hai3="21,27,8,84,105,12,31,83,59,39,81,85,62"/><U115/><E72/><V66/><F69/><W40/><G105/><T121/><D127/><U130/><E35/><V77/><F109/><W106/><G106/><T67/><D37/><U5/><E134/><V133/><F77/><W10/><G40/><T102/><D2/><U108/><E60/><N who="2" m="38159" /><F43/><W117/><G39/><T118/><D118/><U116/><E18/><V122/><F122/><N who="0" m="46602" /><D58/><U6/><E11/><V124/><F124/><W55/><G12/><T45/><D45/><U114/><E116/><V73/><F73/><W46/><G46/><T97/><D97/><U131/><E108/><V96/><F33/><W14/><G14/><T120/><D120/><U16/><E16/><V38/><F38/><W17/><G17/><T119/><D119/><U52/><REACH who="1" step="1"/><E112/><REACH who="1" ten="367,256,156,211" step="2"/><V75/><F75/><W47/><G117/><T34/><D34/><U23/><E23/><V126/><F126/><W95/><G10/><T30/><D30/><U22/><E22/><V68/><F24/><W29/><G8/><T3/><D3/><U74/><E74/><V20/><F20/><W7/><G31/><T113/><D113/><U61/><E61/><AGARI ba="0,1" hai="26,28,32,53,54,56,61,67,100,102,103" m="46602" machi="61" ten="30,1000,0" yaku="13,1" doraHai="90" who="0" fromWho="1" sc="367,20,256,-10,156,0,211,0" /><INIT seed="2,0,0,3,5,78" ten="387,246,156,211" oya="2" hai0="62,125,42,79,41,22,8,24,59,53,38,17,66" hai1="75,57,11,135,109,95,61,1,13,70,68,101,131" hai2="93,21,107,16,98,115,43,127,35,128,37,6,34" hai3="80,2,88,123,92,76,58,7,32,133,126,114,111"/><V33/><F115/><W47/><G32/><T20/><D125/><U99/><E1/><V26/><F127/><W36/><G123/><T124/><D124/><U14/><E109/><V105/><F128/><W15/><G111/><T55/><D79/><U69/><E135/><V122/><F122/><W4/><G133/><T113/><D113/><U84/><E75/><V134/><F134/><W87/><G2/><T27/><D8/><U65/><E131/><V3/><F6/><W44/><G36/><T45/><D42/><U97/><E11/><V51/><F37/><W100/><G100/><T110/><D110/><U119/><E119/><V74/><F74/><W96/><G114/><T72/><D72/><U29/><E29/><AGARI ba="0,0" hai="17,20,22,24,27,29,38,41,45,53,55,59,62,66" machi="29" ten="30,1000,0" yaku="7,1" doraHai="78" who="0" fromWho="1" sc="387,10,246,-10,156,0,211,0" /><INIT seed="3,0,0,5,3,18" ten="397,236,156,211" oya="3" hai0="27,50,56,48,78,25,88,47,98,46,19,28,2" hai1="108,13,39,83,36,42,99,111,95,63,26,82,5" hai2="1,53,41,64,24,109,90,92,44,123,112,128,57" hai3="0,87,134,29,61,9,21,51,76,115,106,107,73"/><W11/><G73/><T89/><D2/><U65/><E26/><V85/><F109/><N who="1" m="42057" /><E13/><V77/><F128/><W7/><G9/><T129/><D78/><U31/><E31/><V117/><F123/><W97/><G115/><T67/><D19/><U79/><E5/><V131/><F131/><W38/><G38/><N who="1" m="14378" /><E79/><V86/><F112/><W32/><G134/><T30/><D98/><U54/><E54/><V110/><F110/><W93/><G32/><T133/><D133/><U45/><E45/><V113/><F113/><W103/><G51/><T135/><D135/><U33/><E42/><V94/><F117/><W3/><G3/><T121/><D129/><U105/><E105/><V104/><F104/><W96/><G61/><T130/><D130/><U70/><E33/><V20/><F1/><W6/><G6/><T132/><D121/><U69/><E69/><V66/><F44/><W22/><G29/><T122/><D122/><U59/><E59/><V118/><F41/><W60/><G60/><T35/><D56/><U8/><E8/><V40/><F40/><W68/><G68/><T58/><D58/><U17/><E17/><V81/><F94/><W55/><G55/><T14/><D67/><U126/><E126/><V114/><F114/><W116/><G116/><T49/><D132/><U101/><AGARI ba="0,0" hai="63,65,70,82,83,95,99,101" m="14378,42057" machi="101" ten="30,1100,0" yaku="14,1" doraHai="18" who="1" fromWho="1" sc="397,-3,236,11,156,-3,211,-5" owari="394,49.4,247,4.7,153,-34.7,206,-19.4" /></mjloggm>