<mjloggm ver="2.3"><GO type="225" lobby="0"/><UN n0="%E3%81%A9%E3%82%93%E3%82%88%E3%81%8F%4D%6B%2E%32" n1="%E6%A1%9C%E8%8A%B1%E9%96%83%E3%80%85" n2="%E8%81%B7%E6%A5%AD%E3%80%81%E9%A2%A8%32" n3="%E3%82%BC%E3%83%AB%E3%83%80%E3%81%AE%E4%BC%9D%E8%AA%AC" dan="16,17,16,16" rate="2197.00,2102.52,2152.81,2191.83" sx="M,M,M,M"/><TAIKYOKU oya="0"/><INIT seed="0,0,0,2,1,129" ten="250,250,250,250" oya="0" hai0="24,47,3,112,133,125,43,76,107,18,74,121,63" hai1="15,14,111,81,28,45,90,94,88,104,6,21,5" hai2="2,65,40,122,131,62,32,108,59,115,130,58,105" hai3="72,4,31,82,75,48,38,96,23,11,60,89,39"/><T97/><D121/><U101/><E111/><V110/><F32/><W49/><G38/><T109/><D112/><U100/><E104/><V78/><F78/><W50/><G39/><T25/><D3/><U44/><E94/><V16/><F105/><W84/><G60/><T120/><D120/><U91/><E21/><V13/><F2/><W77/><G96/><T8/><D125/><U86/><E86/><V103/><F103/><N who="1" m="39497" /><E28/><V33/><F33/><W61/><G61/><T20/><D8/><U51/><E81/><V36/><F122/><W118/><G118/><T113/><D113/><U53/><E45/><N who="2" m="23687" /><F58/><W52/><G77/><T71/><D107/><U119/><E119/><V46/><F46/><N who="3" m="27671" /><G72/><T135/><D97/><U132/><E132/><N who="0" m="50761" /><D109/><N who="2" m="42090" /><F115/><W79/><G75/><T55/><D25/><U106/><E106/><V29/><F29/><W98/><G11/><AGARI ba="0,0" hai="11,13,16,59,62,65,130,131" m="42090,23687" machi="11" ten="30,2000,0" yaku="14,1,54,1" doraHai="129" who="2" fromWho="3" sc="250,0,250,0,250,20,250,-20" /><INIT seed="1,0,0,4,4,18" ten="250,250,270,230" oya="1" hai0="61,56,119,127,105,134,28,57,1,83,99,12,26" hai1="125,62,97,22,87,116,78,82,112,40,45,123,8" hai2="7,91,59,0,42,88,84,55,104,15,37,73,129" hai3="2,25,46,70,108,80,110,4,135,19,41,16,32"/><U64/><E125/><V86/><F73/><W109/><G135/><T60/><D1/><U43/><E116/><V71/><F71/><W85/><G70/><T72/><D119/><U54/><E112/><V63/><F129/><W96/><G2/><T75/><D134/><U23/><E123/><V133/><F104/><W27/><G4/><T126/><D12/><U29/><E8/><V98/><F133/><W6/><G6/><T36/><D36/><U48/><E97/><V94/><F0/><W52/><G96/><T21/><D99/><U114/><E114/><V20/><F37/><W120/><G120/><T101/><D101/><U90/><E78/><V51/><F7/><W107/><G107/><T69/><D69/><U128/><E128/><V3/><F3/><W102/><G102/><T76/><D105/><U30/><E64/><V49/><F42/><N who="1" m="15913" /><E62/><V79/><F79/><N who="3" m="46239" /><G52/><T111/><D75/><U68/><E68/><V58/><F58/><W33/><G33/><T13/><D61/><U47/><E47/><V124/><F124/><N who="0" m="47658" /><D60/><U74/><E74/><V38/><F38/><N who="3" m="21815" /><G32/><T100/><D100/><U122/><E122/><V92/><F98/><W132/><G132/><T66/><D66/><U130/><E130/><V9/><F9/><W65/><G65/><T121/><D121/><U44/><E44/><V93/><F93/><W131/><G131/><T11/><D57/><U31/><AGARI ba="0,0" hai="22,23,29,30,31,45,48,54,82,87,90" m="15913" machi="31" ten="30,6000,0" yaku="8,1,52,2" doraHai="18" who="1" fromWho="1" sc="250,-20,250,60,270,-20,230,-20" /><INIT seed="1,1,0,3,2,74" ten="230,310,250,210" oya="1" hai0="66,98,55,67,5,124,113,57,18,101,24,133,10" hai1="122,6,73,56,48,129,49,104,43,31,100,111,78" hai2="107,62,86,83,121,58,126,64,72,14,8,23,26" hai3="134,0,34,85,77,125,89,90,80,106,3,33,7"/><U36/><E122/><V17/><F126/><W44/><G125/><T65/><D124/><U87/><E129/><V88/><F107/><W12/><G106/><T105/><D113/><U109/><E31/><V15/><F121/><W102/><G102/><T110/><D110/><N who="1" m="41995" /><E73/><V128/><F128/><W35/><G134/><T1/><D133/><U118/><E6/><V46/><F72/><W45/><G12/><T68/><D68/><U120/><E118/><V25/><REACH who="2" step="1"/><F46/><REACH who="2" ten="230,310,240,210" step="2"/><W61/><G44/><T117/><D117/><U22/><E120/><V42/><F42/><W2/><G45/><T94/><D105/><U79/><E43/><V81/><F81/><W70/><REACH who="3" step="1"/><G7/><AGARI ba="1,1" hai="7,8,14,15,17,23,25,26,58,62,64,83,86,88" machi="7" ten="30,7700,0" yaku="1,1,7,1,8,1,54,1,53,0" doraHai="74" doraHaiUra="29" who="2" fromWho="3" sc="230,0,310,0,240,90,210,-80" /><INIT seed="2,0,0,2,3,133" ten="230,310,330,130" oya="2" hai0="120,73,57,5,11,13,78,80,44,2,22,113,19" hai1="98,103,79,85,58,9,6,70,60,27,130,25,101" hai2="89,134,39,16,46,52,83,24,45,117,23,112,94" hai3="64,95,129,128,109,111,7,63,126,20,40,88,43"/><V119/><F112/><W90/><G7/><T91/><D113/><U123/><E130/><N who="3" m="50282" /><G20/><T21/><D120/><U26/><E70/><V76/><F134/><W28/><G28/><T69/><D69/><U96/><E123/><V121/><F121/><W48/><G90/><T131/><D131/><U61/><E79/><V34/><F34/><W110/><G48/><T41/><D57/><U97/><E85/><V49/><F39/><W65/><G126/><T17/><D91/><U31/><E31/><V37/><F37/><W75/><G75/><T125/><D125/><U68/><E68/><V135/><F135/><W47/><G63/><N who="1" m="24138" /><E58/><V50/><F89/><W114/><G114/><T1/><D1/><AGARI ba="0,0" hai="1,6,9,25,26,27,96,97,98,101,103" m="24138" machi="1" ten="30,2000,0" yaku="26,2" doraHai="133" who="1" fromWho="0" sc="230,-20,310,20,330,0,130,0" /><INIT seed="3,0,0,4,2,127" ten="210,330,330,130" oya="3" hai0="74,100,106,103,4,86,104,79,95,46,105,45,108" hai1="56,48,28,16,43,96,37,35,44,52,72,41,126" hai2="125,83,31,120,122,117,97,6,51,10,34,107,24" hai3="71,19,40,80,36,92,124,112,55,135,47,54,64"/><W18/><G112/><T87/><D4/><U133/><E126/><V25/><F125/><W15/><G124/><T69/><D69/><U81/><E133/><V121/><F117/><W67/><G135/><T5/><D5/><U14/><E35/><V65/><F65/><W53/><G71/><T68/><D68/><U70/><E28/><V2/><F25/><W29/><G29/><T130/><D108/><U60/><E96/><V61/><F61/><W32/><G32/><T119/><D119/><U109/><E43/><V118/><F118/><W26/><G92/><T59/><D59/><U3/><E3/><V33/><F51/><W94/><G94/><T58/><D58/><U23/><E109/><V66/><F66/><W38/><G38/><T17/><D17/><U77/><REACH who="1" step="1"/><E70/><REACH who="1" ten="210,320,330,130" step="2"/><V11/><F34/><W50/><G36/><AGARI ba="0,1" hai="14,16,23,36,37,41,44,48,52,56,60,72,77,81" machi="36" ten="40,8000,1" yaku="1,1,2,1,54,2,53,0" doraHai="127" doraHaiUra="62" who="1" fromWho="3" sc="210,0,320,90,330,0,130,-80" owari="210,-19.0,410,51.0,330,13.0,50,-45.0" /></mjloggm>