<mjloggm ver="2.3"><GO type="225" lobby="0"/><UN n0="%E8%B6%85%E7%B4%9A%E9%B3%B3%E5%87%B0" n1="%E3%81%A9%E3%82%8F%E3%82%93%E3%81%94" n2="%E3%81%A8%E3%82%93%E3%81%A8%E3%81%93%E3%81%A8%E3%82%93" n3="%6D%75%75%6D%75%72%61" dan="16,16,16,16" rate="2147.79,2074.72,2126.16,2121.69" sx="M,M,F,F"/><TAIKYOKU oya="0"/><INIT seed="0,0,0,2,0,108" ten="250,250,250,250" oya="0" hai0="55,97,130,104,98,94,99,35,78,86,61,87,64" hai1="2,23,81,70,60,109,18,95,65,13,84,24,102" hai2="7,21,19,29,129,128,85,88,122,117,47,127,36" hai3="46,73,16,96,34,38,133,110,11,44,56,43,15"/><T6/><D35/><U71/><E109/><V135/><F122/><W39/><G110/><T1/><D130/><U20/><E2/><V58/><F127/><W105/><G133/><T31/><D31/><U92/><E71/><V22/><F7/><W40/><G73/><T14/><D1/><U121/><E102/><V116/><F29/><W101/><G56/><T53/><D104/><U107/><E107/><V132/><F58/><W113/><G34/><T62/><D94/><U25/><E121/><V42/><F19/><W90/><G90/><T37/><D37/><U12/><E95/><V59/><F59/><W52/><G52/><N who="0" m="20043" /><D64/><U8/><E92/><N who="2" m="54287" /><F21/><W66/><G66/><T82/><D87/><U63/><E63/><V17/><F22/><W3/><G3/><T77/><D77/><U79/><E8/><AGARI ba="0,0" hai="6,8,14,61,62,78,82,86,97,98,99" m="20043" machi="8" ten="30,2900,0" yaku="8,1,54,1" doraHai="108" who="0" fromWho="1" sc="250,29,250,-29,250,0,250,0" /><INIT seed="0,1,0,4,1,90" ten="279,221,250,250" oya="0" hai0="35,64,110,49,50,74,18,123,7,6,131,107,9" hai1="135,30,65,88,121,87,92,14,22,61,24,93,4" hai2="127,129,69,108,55,77,76,33,60,27,83,126,124" hai3="75,95,52,59,43,63,99,34,109,10,39,1,103"/><T111/><D123/><U32/><E135/><V91/><F108/><N who="0" m="41514" /><D35/><U42/><E121/><V28/><F129/><W122/><G109/><T21/><D74/><U117/><E117/><V106/><F106/><W54/><G122/><T19/><D107/><U15/><E42/><V11/><F11/><W8/><G75/><T104/><D104/><U41/><E41/><V51/><F60/><W31/><G54/><T56/><D131/><U48/><E48/><N who="0" m="18537" /><D21/><U100/><E4/><N who="0" m="1577" /><D9/><U94/><E32/><V89/><F69/><W132/><G132/><T79/><D79/><N who="2" m="30282" /><F83/><W102/><G1/><T25/><D25/><U3/><E3/><V17/><F17/><N who="0" m="6154" /><D56/><AGARI ba="1,0" hai="27,28,33,51,55,56,89,91,124,126,127" m="30282" machi="56" ten="30,1000,0" yaku="18,1" doraHai="90" who="2" fromWho="0" sc="279,-13,221,0,250,13,250,0" /><INIT seed="1,0,0,0,3,0" ten="266,221,263,250" oya="1" hai0="73,65,80,13,11,108,48,20,52,39,57,16,78" hai1="62,112,83,100,109,99,29,89,3,102,127,69,8" hai2="53,135,49,9,106,101,103,27,60,125,41,15,84" hai3="5,28,129,67,104,59,113,35,121,130,38,116,63"/><U133/><E112/><V1/><F1/><W72/><G113/><T126/><D126/><U19/><E127/><V114/><F106/><W30/><G121/><T98/><D39/><U32/><E133/><V14/><F125/><W33/><G38/><T70/><D108/><U96/><E109/><V34/><F34/><N who="3" m="12811" /><G72/><T95/><D65/><U97/><E32/><V81/><F27/><W122/><G122/><T119/><D70/><U74/><E29/><N who="3" m="11370" /><G104/><T43/><D43/><U79/><E89/><V93/><F114/><W40/><G40/><T111/><D111/><U110/><E110/><V7/><F135/><W47/><G47/><T12/><D119/><U24/><E24/><V18/><F41/><W128/><G116/><T86/><D73/><U10/><E10/><N who="2" m="6487" /><F60/><W44/><G44/><T88/><D12/><U22/><E62/><V42/><F42/><W23/><G23/><AGARI ba="0,0" hai="11,13,16,20,23,48,52,57,78,80,86,88,95,98" machi="23" ten="40,8000,1" yaku="8,1,54,3" doraHai="0" who="0" fromWho="3" sc="266,80,221,0,263,0,250,-80" /><INIT seed="2,0,0,1,4,123" ten="346,221,263,170" oya="2" hai0="69,132,12,94,8,1,41,31,108,99,49,14,47" hai1="0,88,96,63,6,7,34,107,36,81,114,38,33" hai2="32,43,3,129,70,30,115,71,51,113,4,128,29" hai3="120,58,18,39,48,56,134,125,2,45,77,111,22"/><V20/><F43/><W91/><G120/><T95/><D69/><U130/><E114/><N who="2" m="43531" /><F51/><W126/><G39/><T42/><D132/><U110/><E63/><V15/><F70/><W118/><G118/><T24/><D42/><U121/><E121/><V66/><F66/><W37/><G37/><T27/><D27/><U28/><E81/><V101/><F101/><W62/><G134/><T82/><D82/><U79/><E79/><V21/><F71/><W5/><G77/><T46/><D46/><U59/><E59/><N who="3" m="22570" /><G5/><T78/><D78/><U17/><E7/><V76/><F76/><W97/><G2/><T61/><D61/><U16/><E6/><V90/><F90/><W64/><G64/><T98/><D1/><U87/><E0/><V112/><F112/><W25/><G62/><T11/><D49/><U122/><E38/><V116/><F116/><W44/><G97/><T85/><D99/><U57/><E36/><V102/><F3/><W40/><G91/><T10/><D41/><U89/><E89/><V60/><F60/><W54/><G45/><T55/><D47/><U124/><E88/><V9/><F32/><W72/><G72/><T106/><D98/><U73/><E33/><V133/><F133/><W119/><G40/><T35/><D85/><U117/><E34/><V19/><F102/><W50/><G119/><T100/><D55/><U13/><E117/><V84/><F84/><W103/><G103/><T93/><D100/><U74/><E87/><V135/><F135/><W23/><G50/><T67/><D67/><U65/><E65/><V127/><F128/><RYUUKYOKU ba="0,0" sc="346,0,221,0,263,0,170,0" /><INIT seed="3,1,0,3,4,73" ten="346,221,263,170" oya="3" hai0="64,103,128,109,86,16,39,62,93,34,96,44,135" hai1="118,91,110,7,84,60,3,9,55,68,63,97,20" hai2="50,59,31,115,89,42,61,32,69,2,100,17,95" hai3="11,33,35,88,57,65,124,79,53,106,99,6,129"/><W45/><G129/><T120/><D120/><U102/><E110/><V127/><F115/><W77/><G124/><T112/><D34/><U74/><E74/><V90/><F2/><W1/><G65/><T116/><D116/><U43/><E43/><V113/><F69/><W76/><G45/><T36/><D109/><U40/><E40/><V8/><F31/><W47/><G47/><T71/><D128/><U15/><E118/><V82/><F32/><W67/><G67/><T46/><D112/><U80/><E68/><V5/><F17/><W52/><G53/><T104/><D135/><U51/><E3/><V21/><F82/><W123/><G123/><T12/><D44/><N who="1" m="28135" /><E20/><V49/><F21/><W125/><G125/><T133/><D133/><U108/><E108/><V0/><F42/><W13/><G1/><T37/><D46/><U121/><E121/><V14/><F0/><W18/><G6/><T26/><D26/><U54/><E54/><N who="2" m="34039" /><F127/><W132/><G132/><T72/><D72/><U81/><E81/><V58/><F113/><W130/><G130/><T119/><D119/><U87/><E87/><V117/><F117/><W27/><G27/><T75/><D75/><U98/><E98/><N who="2" m="59487" /><F58/><W111/><G111/><T28/><D28/><U85/><E85/><V107/><F107/><W66/><G66/><T38/><D38/><U94/><AGARI ba="1,0" hai="7,9,15,60,63,80,84,91,94,97,102" m="28135" machi="94" ten="30,1100,0" yaku="8,1" doraHai="73" who="1" fromWho="1" sc="346,-4,221,14,263,-4,170,-6" owari="342,44.2,235,-16.5,259,5.9,164,-33.6" /></mjloggm>