<mjloggm ver="2.3"><GO type="225" lobby="0"/><UN n0="%E5%B8%86%E7%AB%8B%E5%A4%8F%E8%A1%A3" n1="%68%6F%72%69%30%39%30%31" n2="%E3%83%B4%E3%82%A3%E3%83%AF%E3%82%B3%E3%82%B0%E3%83%8B" n3="%E3%82%B2%E3%82%B9%E8%8C%82%E5%8B%9D" dan="16,16,16,16" rate="2127.96,2114.99,2133.49,2063.15" sx="M,M,M,F"/><TAIKYOKU oya="0"/><INIT seed="0,0,0,5,5,33" ten="250,250,250,250" oya="0" hai0="105,61,114,80,45,100,117,14,73,31,112,62,56" hai1="5,8,104,40,13,134,78,52,3,126,51,66,128" hai2="111,43,77,124,116,34,103,1,38,30,41,32,10" hai3="36,21,98,70,25,123,88,132,39,55,120,81,107"/><T57/><D117/><U106/><E78/><V93/><F93/><W18/><G132/><T85/><D73/><U89/><E134/><V84/><F84/><W76/><G70/><T47/><D31/><U82/><E66/><V59/><F59/><W7/><G7/><T118/><D118/><U101/><E40/><V65/><F65/><W99/><G55/><T108/><D108/><U6/><E128/><V63/><F63/><W50/><G50/><T42/><D105/><U129/><E129/><V95/><F95/><N who="3" m="56679" /><G99/><T79/><D100/><U28/><E28/><V102/><F30/><W131/><G107/><T22/><D114/><U96/><E106/><V17/><F116/><W110/><G110/><T67/><D112/><U2/><E126/><V20/><F124/><W58/><G58/><T71/><D71/><U90/><E5/><N who="2" m="1327" /><F111/><W23/><G23/><T68/><D68/><U75/><E90/><V37/><F77/><W94/><G94/><T115/><D115/><U11/><E11/><V44/><F41/><W27/><G27/><T87/><D87/><U130/><E130/><V83/><F37/><W12/><G25/><T113/><D113/><U74/><E74/><V4/><F4/><W127/><G127/><T119/><D119/><U97/><E75/><V19/><F83/><W29/><G29/><T9/><D22/><U109/><E109/><V69/><F69/><W35/><G35/><N who="2" m="13353" /><F20/><W92/><G92/><T125/><D125/><U24/><E24/><V49/><F38/><N who="3" m="14379" /><G131/><T53/><D42/><U86/><E96/><V46/><F46/><AGARI ba="0,0" hai="2,3,6,8,13,46,51,52,82,86,89,97,101,104" machi="46" ten="30,7700,0" yaku="7,1,52,2,54,1" doraHai="33" who="1" fromWho="2" sc="250,0,250,77,250,-77,250,0" /><INIT seed="1,0,0,0,3,120" ten="250,327,173,250" oya="1" hai0="113,106,55,82,132,60,73,79,102,81,83,66,54" hai1="116,4,32,84,71,122,104,59,112,74,121,8,109" hai2="118,100,25,37,63,47,89,6,128,7,64,78,42" hai3="70,115,46,24,87,72,0,2,38,43,96,124,1"/><U9/><E32/><V111/><F118/><W13/><G115/><T11/><D113/><U99/><E74/><V33/><F128/><W77/><G72/><T21/><D132/><U88/><E116/><V108/><F78/><W98/><G70/><T3/><D73/><U92/><E71/><V85/><F100/><W90/><G77/><T17/><D79/><U135/><E135/><V16/><F64/><W14/><G24/><T62/><D106/><U45/><E112/><V110/><F63/><W67/><G67/><T80/><D80/><U131/><E131/><V5/><F16/><W19/><G124/><T34/><D34/><U23/><E59/><V52/><F52/><N who="0" m="20010" /><D3/><U69/><E69/><V51/><F37/><W10/><REACH who="3" step="1"/><G13/><REACH who="3" ten="250,327,173,240" step="2"/><N who="0" m="7359" /><D66/><U56/><E122/><V75/><F75/><W29/><G29/><T48/><D102/><U35/><E121/><V68/><F68/><W27/><G27/><T28/><D48/><U15/><E15/><V20/><F33/><W39/><G39/><T30/><D30/><U50/><E50/><V53/><F53/><W41/><G41/><T126/><D126/><U103/><E35/><V58/><F58/><W22/><G22/><T44/><D44/><U107/><E56/><V57/><F57/><W114/><G114/><T94/><D28/><U95/><E45/><V117/><F117/><W31/><G31/><T105/><D21/><U49/><E23/><V130/><F130/><W86/><G86/><T123/><D123/><U76/><E49/><V26/><F20/><W18/><G18/><T61/><D105/><U12/><E107/><RYUUKYOKU ba="0,1" sc="250,10,327,-30,173,10,240,10" hai0="60,61,62,81,82,83,94" hai2="5,6,7,25,26,42,47,51,85,89,108,110,111" hai3="0,1,2,10,14,19,38,43,46,87,90,96,98" /><INIT seed="2,1,1,4,3,58" ten="260,297,183,250" oya="2" hai0="28,54,21,29,46,23,30,45,115,131,122,57,78" hai1="43,10,133,2,67,107,118,48,19,1,86,53,4" hai2="105,17,130,121,76,39,128,61,69,77,88,83,15" hai3="124,111,0,12,13,89,112,56,109,103,38,114,37"/><V100/><F121/><W41/><G0/><T91/><D122/><U5/><E107/><V108/><F39/><W117/><G103/><T119/><D115/><N who="3" m="44073" /><G117/><T126/><D131/><N who="2" m="50218" /><F100/><W72/><G72/><T92/><D126/><U75/><E75/><V99/><F105/><W73/><G73/><T65/><D65/><U106/><E106/><V22/><F108/><N who="3" m="41547" /><G124/><T132/><D78/><N who="2" m="30314" /><F83/><W3/><G3/><T70/><D132/><U50/><E118/><V134/><F134/><W7/><G7/><T11/><D119/><U113/><E133/><V96/><F88/><W14/><G41/><T27/><D91/><U36/><E43/><V63/><F69/><W120/><G120/><T42/><D70/><U64/><E113/><V32/><F32/><W94/><G56/><T135/><D135/><U110/><E4/><V31/><F31/><W34/><G34/><T40/><D30/><U9/><E1/><V104/><F104/><W90/><G90/><T60/><D29/><U6/><E110/><V35/><F35/><W16/><G16/><T80/><D28/><U25/><E19/><V55/><F55/><W18/><G18/><T8/><D54/><U20/><E53/><V66/><F66/><W59/><G59/><T71/><D57/><U68/><E67/><V49/><F49/><N who="1" m="19049" /><E64/><V79/><N who="2" m="30322" /><V62/><AGARI ba="1,1" hai="15,17,22,61,62,63,96,99" m="30322,50218" machi="62" ten="40,12000,1" yaku="4,1,19,1,52,3" doraHai="58" who="2" fromWho="2" sc="260,-41,297,-41,183,133,250,-41" /><INIT seed="2,2,0,2,0,12" ten="219,256,316,209" oya="2" hai0="95,103,13,132,27,117,60,52,119,46,39,130,101" hai1="74,127,47,33,65,134,118,62,91,88,109,72,51" hai2="93,69,25,22,28,84,81,105,24,131,16,4,49" hai3="77,85,122,31,55,11,128,41,0,59,104,63,135"/><V2/><F105/><W23/><G122/><T56/><D130/><U61/><E33/><V42/><F69/><W102/><G128/><T58/><D132/><U80/><E118/><N who="0" m="45065" /><D58/><U98/><E134/><V126/><F131/><W15/><G135/><T40/><D95/><U26/><E127/><V78/><F126/><W7/><G41/><T86/><D86/><U112/><E112/><V76/><F2/><W50/><G63/><T97/><D97/><U54/><E109/><V34/><F4/><W53/><G53/><T57/><D13/><U125/><E125/><V67/><F67/><W43/><G43/><T36/><D36/><U70/><E61/><V121/><F121/><W68/><G68/><T90/><D90/><U48/><E91/><V14/><F93/><W113/><G102/><T71/><D71/><U108/><E108/><V129/><F129/><W99/><G104/><T29/><D57/><U3/><E3/><V107/><F107/><W111/><G111/><T10/><D10/><U32/><E98/><V21/><F76/><W116/><G99/><T66/><D66/><U87/><REACH who="1" step="1"/><E51/><REACH who="1" ten="219,246,316,209" step="2"/><V8/><F49/><W73/><G0/><T20/><AGARI ba="2,1" hai="20,27,29,39,40,46,52,56,60,101,103" m="45065" machi="20" ten="30,2000,0" yaku="12,1,54,1" doraHai="12" who="0" fromWho="0" sc="219,36,246,-7,316,-12,209,-7" /><INIT seed="3,0,0,4,2,21" ten="255,239,304,202" oya="3" hai0="109,90,72,86,113,0,100,48,120,69,110,39,23" hai1="57,119,4,87,84,55,115,117,126,64,106,91,5" hai2="2,108,85,62,132,97,75,133,9,79,50,125,60" hai3="29,127,74,56,30,116,81,135,53,33,104,80,12"/><W11/><G116/><N who="1" m="44618" /><E106/><V89/><F108/><N who="0" m="41578" /><D39/><U31/><E115/><V49/><F125/><W128/><G127/><T28/><D113/><U107/><E107/><V34/><F34/><W78/><G104/><T54/><D120/><U68/><E126/><V102/><F79/><W47/><G128/><T130/><D69/><U25/><E68/><V73/><F2/><W77/><G135/><N who="2" m="51785" /><F9/><W58/><G47/><T61/><D0/><U121/><E64/><V44/><F97/><W8/><G58/><T70/><D72/><N who="2" m="27722" /><F102/><W99/><G99/><T114/><D100/><U42/><E42/><N who="2" m="24727" /><F50/><W59/><G59/><T118/><D118/><U67/><E67/><V35/><F35/><W20/><G33/><T94/><D114/><U112/><E112/><V22/><F22/><W129/><G129/><T14/><D130/><U95/><E84/><V103/><F103/><W51/><G20/><T1/><D1/><U27/><E121/><V26/><F26/><N who="1" m="9737" /><E31/><V96/><F96/><W3/><G3/><T134/><D28/><U36/><E36/><V40/><F40/><W82/><G8/><T10/><D10/><U76/><E76/><N who="3" m="29290" /><G74/><T43/><D134/><U7/><E7/><AGARI ba="0,0" hai="7,11,12,29,30,51,53,56,80,81,82" m="29290" machi="7" ten="30,1500,0" yaku="8,1" doraHai="21" who="3" fromWho="1" sc="255,0,239,-15,304,0,202,15" /><INIT seed="3,1,0,2,0,26" ten="255,224,304,217" oya="3" hai0="72,43,105,74,48,96,55,87,78,39,1,115,7" hai1="120,2,49,27,22,124,110,32,69,71,9,4,106" hai2="108,42,133,92,90,60,8,127,109,54,113,67,33" hai3="24,11,117,3,130,23,118,28,66,94,75,83,135"/><W38/><G38/><T125/><D87/><U30/><E120/><V77/><F113/><W101/><G130/><T51/><D115/><U61/><E110/><N who="2" m="42603" /><F33/><W131/><G131/><T132/><D132/><U126/><E106/><V58/><F133/><W10/><G135/><T98/><D125/><N who="1" m="48235" /><E49/><V114/><F114/><W128/><G128/><T103/><D98/><U91/><E61/><V112/><F127/><W64/><G117/><T123/><D123/><U85/><E32/><V107/><F107/><W122/><G122/><T45/><D55/><U95/><AGARI ba="1,0" hai="2,4,9,22,27,30,69,71,85,91,95" m="48235" machi="95" ten="30,2000,0" yaku="18,1,52,1" doraHai="26" who="1" fromWho="1" sc="255,-6,224,23,304,-6,217,-11" /><INIT seed="4,0,0,1,4,42" ten="249,247,298,206" oya="0" hai0="93,74,10,47,107,131,14,115,69,62,35,45,70" hai1="6,108,41,64,125,30,2,133,51,43,44,79,22" hai2="75,58,37,84,18,65,32,112,23,40,106,20,114" hai3="34,83,3,85,109,82,49,68,59,52,50,120,102"/><T38/><D35/><U100/><E108/><V72/><F32/><W76/><G109/><T130/><D74/><U135/><E100/><V123/><F123/><W27/><G120/><T8/><D107/><U126/><E64/><V89/><F106/><W113/><G113/><N who="2" m="43625" /><F40/><W21/><G68/><N who="0" m="26219" /><D38/><U36/><E79/><V60/><F37/><W132/><G34/><T111/><D115/><U33/><E33/><V98/><F98/><W92/><G132/><N who="1" m="50762" /><E2/><V103/><F103/><W119/><G119/><T122/><D122/><U12/><E30/><V101/><F101/><W95/><G3/><T63/><D93/><N who="3" m="35913" /><G102/><T90/><D90/><U128/><E128/><N who="0" m="49193" /><D111/><U88/><E88/><V105/><F105/><W116/><G116/><T1/><D1/><U80/><E80/><N who="2" m="49287" /><F20/><W121/><G121/><T118/><D118/><U87/><E87/><V46/><F46/><N who="0" m="17418" /><D10/><N who="1" m="4183" /><E41/><V39/><F39/><W61/><G82/><T53/><D53/><U16/><E36/><V66/><F66/><W48/><G48/><T55/><D55/><U129/><E129/><V31/><F31/><AGARI ba="0,0" hai="21,27,31,49,50,52,59,61,76,83,85" m="35913" machi="31" ten="30,2000,0" yaku="8,1,54,1" doraHai="42" who="3" fromWho="2" sc="249,0,247,0,298,-20,206,20" /><INIT seed="5,0,0,0,4,49" ten="249,247,278,226" oya="1" hai0="98,80,4,54,16,83,76,32,132,66,125,135,112" hai1="119,99,7,60,26,5,73,92,75,116,43,3,40" hai2="117,104,124,88,103,94,70,111,33,79,8,64,77" hai3="85,12,55,51,84,35,17,74,29,15,128,47,114"/><U39/><E60/><V101/><F111/><W11/><G114/><T67/><D112/><U72/><E26/><V45/><F117/><W100/><G128/><T34/><D4/><U81/><E81/><N who="0" m="31305" /><D76/><U68/><E68/><V105/><F33/><N who="0" m="12906" /><D125/><U65/><E65/><N who="0" m="24585" /><D98/><U90/><E5/><V31/><F64/><W22/><G74/><T110/><D110/><U133/><E7/><V123/><F70/><W82/><G100/><T53/><D16/><U21/><E21/><V78/><F124/><W129/><G129/><T14/><D14/><U89/><E89/><V36/><F103/><W127/><G127/><T37/><D37/><U71/><E39/><V109/><F101/><W115/><G115/><T38/><D38/><U42/><E71/><V30/><F109/><W57/><G82/><T69/><D69/><U44/><E44/><V62/><F45/><W96/><G96/><T24/><D24/><U102/><E102/><V121/><F36/><W2/><G2/><T134/><AGARI ba="0,0" hai="53,54,132,134,135" m="24585,12906,31305" machi="134" ten="40,8000,1" yaku="28,2,20,1,52,2" doraHai="49" who="0" fromWho="0" sc="249,80,247,-40,278,-20,226,-20" owari="329,42.9,207,-19.3,258,5.8,206,-29.4" /></mjloggm>