<mjloggm ver="2.3"><GO type="225" lobby="0"/><UN n0="%E6%B8%A1%E5%A4%A9%E8%97%8D" n1="%E7%99%BD%E6%97%A5%E9%9B%AA%E8%8F%9C" n2="%72%69%6F%75%63%68%61%6E" n3="%E3%82%A2%E3%83%BC%E3%83%A2%E3%83%AD%E3%83%BC%E3%83%B4%E3%82%A1" dan="16,17,16,16" rate="2073.58,2186.96,2183.70,2094.98" sx="M,M,M,M"/><TAIKYOKU oya="0"/><INIT seed="0,0,0,0,2,60" ten="250,250,250,250" oya="0" hai0="44,99,98,71,3,37,39,94,11,18,79,68,89" hai1="84,42,32,58,73,53,75,69,43,64,114,107,48" hai2="87,113,91,25,85,115,118,72,93,36,106,14,111" hai3="31,12,127,46,100,119,50,132,51,23,103,78,74"/><T38/><D79/><U67/><E32/><V40/><F72/><W112/><G112/><T57/><D57/><U102/><E114/><V66/><F106/><W77/><G119/><T15/><D3/><U63/><E64/><V104/><F104/><W76/><G74/><T0/><D0/><U30/><E30/><V1/><F1/><W109/><G109/><T24/><D24/><U83/><E102/><N who="3" m="38954" /><G132/><T21/><D98/><U52/><E107/><V121/><F121/><W2/><G2/><T92/><D92/><U97/><E97/><V13/><F111/><W34/><G34/><T59/><D59/><U124/><E124/><V54/><F118/><W7/><G46/><T27/><REACH who="0" step="1"/><D44/><REACH who="0" ten="240,250,250,250" step="2"/><U41/><REACH who="1" step="1"/><E53/><REACH who="1" ten="240,240,250,250" step="2"/><V8/><F54/><W80/><G127/><T90/><D90/><AGARI ba="0,2" hai="41,42,43,48,52,58,63,67,69,73,75,83,84,90" machi="90" ten="40,8000,1" yaku="1,1,2,1,52,1,54,1,53,0" doraHai="60" doraHaiUra="26" who="1" fromWho="0" sc="240,-80,240,100,250,0,250,0" /><INIT seed="1,0,0,1,5,51" ten="160,340,250,250" oya="1" hai0="109,107,114,11,24,69,45,72,9,40,28,59,86" hai1="43,120,1,20,31,8,26,85,132,63,126,125,0" hai2="78,15,70,105,88,35,128,118,74,119,33,127,98" hai3="116,30,129,113,94,12,5,49,52,123,50,39,80"/><U25/><E43/><V92/><F70/><W22/><G123/><T83/><D69/><U102/><E102/><N who="2" m="62679" /><F15/><W38/><G113/><T95/><D114/><U65/><E120/><V73/><F33/><W3/><G129/><T57/><D107/><U7/><E132/><V60/><F60/><W67/><G67/><T101/><D109/><U13/><E85/><N who="2" m="52239" /><F35/><W23/><G3/><T44/><D44/><U87/><E87/><V55/><F55/><W90/><G116/><N who="2" m="44585" /><F128/><W19/><G5/><T108/><D108/><U75/><E75/><N who="2" m="28683" /><F78/><W17/><G30/><T21/><D72/><U131/><E131/><V96/><F96/><W16/><G49/><N who="0" m="26791" /><D9/><U106/><E63/><V66/><F66/><W62/><G62/><T79/><D11/><U115/><E65/><V124/><AGARI ba="0,0" hai="124,127" m="28683,44585,52239,62679" machi="124" ten="40,5200,0" yaku="34,2,54,1" doraHai="51" who="2" fromWho="2" sc="160,-13,340,-26,250,52,250,-13" /><INIT seed="2,0,0,1,5,59" ten="147,314,302,237" oya="2" hai0="79,58,70,97,12,34,49,41,100,111,82,90,106" hai1="3,63,72,46,71,78,23,0,126,35,68,86,84" hai2="38,119,131,103,61,117,134,130,83,116,36,60,2" hai3="45,25,93,28,51,95,13,18,81,47,69,14,102"/><V115/><F2/><W8/><G69/><T53/><D111/><U27/><E35/><V101/><F83/><W24/><G102/><N who="2" m="38921" /><F115/><W6/><G81/><T75/><D70/><U122/><E72/><V55/><F55/><W11/><G45/><T105/><D34/><U133/><E78/><V104/><F104/><W120/><G120/><T99/><D41/><U56/><E122/><V91/><F91/><W7/><G18/><T16/><D97/><U132/><E46/><V19/><F19/><W113/><G113/><T40/><D40/><U77/><E77/><V88/><F88/><W1/><G1/><T31/><D31/><N who="1" m="17919" /><E0/><V26/><F26/><W80/><G80/><T30/><D30/><U124/><E3/><V44/><F44/><W37/><G37/><N who="2" m="14441" /><F134/><N who="1" m="51817" /><E86/><V118/><F116/><W52/><REACH who="3" step="1"/><G24/><REACH who="3" ten="147,314,302,227" step="2"/><T65/><D90/><U107/><E71/><V74/><F74/><W121/><G121/><T135/><D135/><U22/><E68/><V73/><F73/><W64/><G64/><T125/><D65/><N who="1" m="39143" /><E107/><V43/><F43/><W17/><G17/><T128/><D105/><U10/><E10/><V9/><F9/><W96/><G96/><T129/><REACH who="0" step="1"/><D125/><REACH who="0" ten="137,314,302,227" step="2"/><U54/><E126/><V109/><F109/><W50/><G50/><T98/><D98/><U94/><E124/><V127/><F127/><W66/><G66/><T67/><D67/><U110/><E110/><V62/><AGARI ba="0,2" hai="60,61,62,117,118,119,130,131" m="14441,38921" machi="62" ten="50,12000,1" yaku="28,2,52,3" doraHai="59" who="2" fromWho="2" sc="137,-40,314,-40,302,140,227,-40" /><INIT seed="2,1,0,0,1,47" ten="97,274,442,187" oya="2" hai0="78,99,115,86,51,52,59,61,63,119,5,114,12" hai1="19,87,57,53,16,33,75,28,133,105,111,18,117" hai2="102,130,4,55,122,2,42,107,0,77,64,129,93" hai3="6,22,82,109,124,76,58,132,67,9,74,27,79"/><V135/><F122/><W73/><G109/><T24/><D119/><U65/><E75/><V121/><F121/><W25/><G124/><T94/><D24/><U106/><E117/><V97/><F135/><W92/><G132/><T131/><D131/><U20/><E133/><V81/><F64/><W54/><G67/><T104/><D104/><U36/><E36/><V98/><F42/><W110/><G110/><T49/><D114/><U56/><E33/><V10/><F0/><W126/><G126/><T91/><D115/><U85/><E111/><V46/><F46/><W30/><G92/><T26/><D26/><N who="1" m="16455" /><E106/><V72/><REACH who="2" step="1"/><F55/><REACH who="2" ten="97,274,432,187" step="2"/><W48/><G54/><N who="0" m="32207" /><D5/><U113/><E65/><V39/><F39/><W15/><G6/><T103/><D12/><U1/><E1/><V89/><AGARI ba="1,1" hai="2,4,10,72,77,81,89,93,97,98,102,107,129,130" machi="89" ten="30,3000,0" yaku="1,1,0,1,53,0" doraHai="47" doraHaiUra="43" who="2" fromWho="2" sc="97,-11,274,-11,432,43,187,-11" /><INIT seed="2,2,0,3,5,35" ten="86,263,475,176" oya="2" hai0="108,42,59,80,113,21,7,47,84,126,114,123,15" hai1="38,46,128,85,48,96,130,5,87,98,57,120,67" hai2="20,73,36,16,33,55,124,4,51,110,69,83,101" hai3="94,2,122,66,72,0,45,32,112,54,27,86,78"/><V18/><F36/><W22/><G122/><T95/><D123/><U99/><E120/><V63/><F33/><W116/><G116/><T111/><D95/><U79/><E5/><V3/><F101/><W81/><G32/><T117/><D117/><U90/><E79/><V76/><F124/><W53/><G66/><T97/><D126/><U129/><E38/><V50/><F110/><N who="0" m="42026" /><D97/><U61/><REACH who="1" step="1"/><E90/><REACH who="1" ten="86,253,475,176" step="2"/><V58/><F4/><W1/><G112/><T29/><D113/><U10/><E10/><V103/><F3/><W17/><REACH who="3" step="1"/><G45/><REACH who="3" ten="86,253,475,166" step="2"/><T28/><D47/><U118/><E118/><V109/><F109/><W44/><G44/><T24/><D114/><U40/><AGARI ba="2,2" hai="40,46,48,57,61,67,85,87,96,98,99,128,129,130" machi="40" ten="40,5200,0" yaku="1,1,0,1,19,1,53,0" doraHai="35" doraHaiUra="106" who="1" fromWho="1" sc="86,-15,253,78,475,-28,166,-15" /><INIT seed="3,0,0,3,0,109" ten="71,331,447,151" oya="3" hai0="50,12,51,11,18,128,91,7,127,98,94,43,105" hai1="135,95,77,22,31,0,120,69,14,111,115,20,23" hai2="117,72,106,45,25,1,123,116,27,54,88,8,134" hai3="107,114,81,130,76,121,78,84,26,52,93,3,132"/><W66/><G3/><T38/><D127/><U36/><E36/><V113/><F113/><W9/><G114/><T64/><D128/><U28/><E69/><V41/><F106/><W29/><G107/><T55/><D105/><U5/><E120/><V60/><F72/><W40/><G66/><T99/><D38/><U73/><E95/><V49/><F117/><W90/><G40/><T103/><D64/><U82/><E111/><V125/><F116/><W37/><G37/><T44/><D103/><U100/><E100/><V83/><F125/><W124/><G132/><T16/><REACH who="0" step="1"/><D98/><REACH who="0" ten="61,331,447,151" step="2"/><U13/><E135/><V58/><F134/><W6/><G124/><T46/><AGARI ba="0,1" hai="7,11,12,16,18,43,44,46,50,51,55,91,94,99" machi="46" ten="20,12000,2" yaku="1,1,2,1,0,1,7,1,8,1,54,1,53,0" doraHai="109" doraHaiUra="32" who="0" fromWho="0" sc="61,130,331,-30,447,-30,151,-60" owari="191,-20.9,301,10.1,417,51.7,91,-40.9" /></mjloggm>