<mjloggm ver="2.3"><GO type="225" lobby="0"/><UN n0="%4C%4F%4C%49%54%41" n1="%E3%81%86%E3%83%BC%E3%81%B1%E3%83%BC" n2="%4B%2E%32%2E%4B%2E" n3="%6B%65%6E%6E%64%69" dan="16,17,17,16" rate="2153.60,2177.00,2227.67,2171.09" sx="F,F,M,M"/><TAIKYOKU oya="0"/><INIT seed="0,0,0,5,0,109" ten="250,250,250,250" oya="0" hai0="46,85,48,128,89,28,9,111,112,130,74,107,106" hai1="82,65,44,3,98,105,116,7,77,95,83,71,75" hai2="20,124,79,96,15,43,32,115,1,104,11,90,0" hai3="18,129,49,110,8,114,27,39,120,91,135,122,127"/><T76/><D28/><U58/><E116/><V88/><F32/><W51/><G39/><T53/><D111/><U99/><E58/><V54/><F124/><W67/><G110/><T113/><D76/><U55/><E83/><V33/><F33/><W37/><G37/><T72/><D9/><U66/><E71/><V61/><F115/><N who="0" m="44106" /><D107/><U34/><E34/><V35/><F35/><W133/><G114/><T13/><D13/><U117/><E117/><V31/><F43/><W119/><G127/><T45/><D45/><U26/><E26/><V87/><F79/><W5/><G119/><T10/><D10/><U92/><E105/><V2/><F11/><W64/><G27/><T23/><D23/><U14/><E3/><V100/><F31/><W24/><G24/><T68/><D68/><U4/><E14/><V94/><F20/><W30/><G8/><T101/><D101/><U63/><E4/><V29/><F15/><W102/><G102/><T69/><D69/><U40/><E7/><V108/><F29/><W17/><G30/><T12/><D106/><U80/><E77/><V97/><F108/><W132/><G132/><T73/><D12/><U47/><E55/><V36/><F0/><W125/><G5/><T16/><D16/><U22/><E22/><V62/><F1/><W86/><G125/><T81/><D74/><U93/><E75/><V59/><F2/><W70/><G70/><T38/><D38/><N who="1" m="21527" /><E47/><V25/><F36/><W42/><G135/><T52/><D53/><U103/><E103/><V123/><F104/><W41/><G133/><T118/><D118/><RYUUKYOKU ba="0,0" sc="250,30,250,-10,250,-10,250,-10" hai0="46,48,52,72,73,81,85,89,128,130" /><INIT seed="0,1,0,5,2,10" ten="280,240,240,240" oya="0" hai0="96,36,2,135,30,29,56,18,101,3,107,33,112" hai1="55,66,100,27,25,84,14,24,133,99,60,91,67" hai2="83,69,46,42,43,103,128,104,23,85,50,124,92" hai3="51,130,87,21,120,76,1,16,26,88,28,52,34"/><T54/><D112/><U73/><E73/><V57/><F69/><W59/><G130/><T97/><D36/><U22/><E133/><V70/><F70/><W53/><G120/><T79/><D135/><U109/><E109/><V45/><F128/><W126/><G126/><T111/><D79/><U9/><E22/><V41/><F124/><W65/><G1/><T31/><D33/><U4/><E55/><N who="2" m="31991" /><F104/><W127/><G127/><T13/><D96/><U5/><E5/><V72/><F72/><W118/><G118/><T102/><D101/><U20/><E20/><V90/><F23/><N who="3" m="15455" /><G76/><T44/><D44/><N who="2" m="17002" /><F103/><W113/><G113/><T132/><D111/><U35/><E35/><V37/><F37/><W0/><G0/><T108/><D132/><U11/><E11/><V63/><F63/><N who="3" m="38143" /><G51/><T93/><D107/><U98/><E60/><V61/><F61/><W114/><G114/><T125/><D108/><U89/><E89/><V48/><F48/><W32/><G32/><T7/><D125/><U19/><E100/><V115/><F115/><W8/><G8/><T106/><D106/><U49/><E49/><V117/><F117/><W40/><G40/><T47/><D47/><U110/><E4/><V77/><F77/><W6/><G6/><T86/><D7/><U134/><E134/><V129/><F129/><W62/><G62/><N who="0" m="36119" /><D2/><U131/><E131/><V94/><AGARI ba="1,0" hai="41,42,43,83,85,90,92,94" m="17002,31991" machi="94" ten="30,1100,0" yaku="8,1" doraHai="10" who="2" fromWho="2" sc="280,-6,240,-4,240,14,240,-4" /><INIT seed="1,0,0,3,2,97" ten="274,236,254,236" oya="1" hai0="34,116,76,65,36,30,82,68,14,37,102,83,88" hai1="117,120,113,96,20,18,87,58,31,64,112,49,70" hai2="67,53,15,44,35,66,69,94,85,109,78,28,126" hai3="25,84,11,23,45,16,125,107,73,10,75,105,57"/><U26/><E120/><V127/><F109/><W81/><G125/><N who="2" m="47625" /><F69/><W60/><G75/><T5/><D116/><U2/><E117/><V90/><F15/><W54/><G73/><T80/><D76/><U128/><E128/><V103/><F78/><W3/><G45/><T74/><D74/><U48/><E2/><V114/><F114/><W91/><REACH who="3" step="1"/><G11/><REACH who="3" ten="274,236,254,226" step="2"/><T1/><D36/><U115/><E112/><V135/><F135/><W98/><G98/><T21/><D37/><U106/><E115/><V63/><F44/><W100/><G100/><T134/><D102/><N who="1" m="62791" /><E113/><V89/><F103/><W61/><G61/><T133/><D134/><U130/><E130/><V8/><F8/><W12/><G12/><T86/><D14/><N who="1" m="9303" /><E87/><V46/><F46/><W79/><G79/><T50/><D86/><U42/><E42/><V104/><F90/><W40/><G40/><T93/><D88/><U124/><E124/><V47/><F47/><W13/><G13/><T123/><D133/><U111/><E111/><V77/><F77/><W62/><G62/><T24/><D123/><U38/><E38/><V129/><F129/><W101/><G101/><T9/><D9/><U6/><E6/><AGARI ba="0,1" hai="3,6,10,16,23,25,54,57,60,81,84,91,105,107" machi="6" ten="40,5200,0" yaku="1,1,54,1,53,1" doraHai="97" doraHaiUra="33" who="3" fromWho="1" sc="274,0,236,-52,254,0,226,62" /><INIT seed="2,0,0,3,4,7" ten="274,184,254,288" oya="2" hai0="105,69,89,44,132,23,25,54,76,16,110,74,70" hai1="101,107,78,36,32,15,113,114,10,100,130,39,8" hai2="65,30,55,47,11,90,48,29,71,133,72,97,52" hai3="14,68,117,118,3,81,27,56,73,46,1,0,63"/><V67/><F72/><W45/><G68/><T66/><D105/><U34/><E107/><V102/><F133/><W57/><G27/><T21/><D110/><U60/><E15/><V85/><F55/><W82/><G14/><T64/><D132/><U19/><E19/><V40/><F71/><W108/><G108/><T28/><D70/><U131/><REACH who="1" step="1"/><E60/><REACH who="1" ten="274,174,254,288" step="2"/><V128/><F30/><W41/><G3/><T22/><D16/><U112/><E112/><V43/><F29/><W96/><G63/><T33/><D28/><U75/><E75/><V119/><F119/><W104/><G104/><T79/><D74/><U99/><E99/><V13/><F97/><W38/><G73/><T122/><D25/><U92/><E92/><N who="2" m="54351" /><F128/><W93/><G96/><T135/><D135/><U5/><E5/><N who="2" m="3311" /><F102/><W106/><G106/><T134/><D134/><U121/><E121/><V6/><F6/><W59/><G0/><T120/><D122/><U37/><E37/><V35/><F35/><W58/><G1/><T49/><D33/><U80/><E80/><N who="3" m="30826" /><G93/><T84/><D120/><U9/><E9/><V17/><F17/><W94/><G94/><T127/><D84/><U51/><E51/><N who="2" m="27111" /><F43/><W50/><N who="3" m="14336" /><DORA hai="31" /><W98/><G98/><T24/><D49/><U129/><E129/><V20/><F20/><W87/><G87/><T2/><D22/><U61/><E61/><V125/><F48/><W116/><G116/><T103/><D23/><U42/><E42/><V4/><F4/><W111/><G111/><T115/><D21/><U26/><E26/><V12/><F12/><W91/><G118/><RYUUKYOKU ba="0,1" sc="274,-10,174,30,254,-10,288,-10" hai1="8,10,32,34,36,39,78,100,101,113,114,130,131" /><INIT seed="3,1,1,0,3,3" ten="264,204,244,278" oya="3" hai0="88,134,28,61,113,58,66,26,83,109,119,2,107" hai1="41,73,96,120,131,29,34,21,9,53,13,100,86" hai2="57,129,93,118,18,92,49,40,72,5,128,39,25" hai3="48,1,42,12,46,64,22,126,76,82,27,16,106"/><W52/><G1/><T56/><D119/><U35/><E120/><V116/><F72/><W6/><G126/><T32/><D107/><U114/><E73/><V8/><F39/><W130/><G130/><N who="2" m="50281" /><F18/><W110/><G106/><T115/><D109/><U99/><E41/><V94/><F25/><W97/><G97/><T47/><D2/><U63/><E86/><V85/><F85/><N who="3" m="48327" /><G110/><T124/><D134/><U122/><E114/><N who="0" m="43529" /><D47/><U36/><E36/><V132/><F132/><W14/><G64/><T102/><D102/><U7/><E99/><V121/><F121/><W55/><G6/><T51/><D124/><U44/><E122/><V127/><F127/><W70/><G70/><N who="0" m="42319" /><D51/><U4/><E131/><V108/><F108/><W112/><G112/><T105/><D105/><U84/><E84/><AGARI ba="1,1" hai="26,28,32,56,58,83,84,88" m="42319,43529" machi="84" ten="30,2000,0" yaku="11,1,54,1" doraHai="3" who="0" fromWho="1" sc="264,33,204,-23,244,0,278,0" /><INIT seed="4,0,0,4,1,109" ten="297,181,244,278" oya="0" hai0="125,50,14,94,82,112,102,55,87,118,64,31,40" hai1="63,127,26,73,123,114,70,103,89,105,24,11,66" hai2="75,3,135,6,32,104,46,113,53,28,108,92,43" hai3="131,7,84,110,65,120,91,51,72,115,107,95,74"/><T67/><D118/><U85/><E123/><V4/><F104/><W30/><G110/><T90/><D112/><U35/><E127/><V80/><F108/><W22/><G131/><T49/><D125/><U99/><E11/><V58/><F3/><W47/><G107/><T116/><D116/><U39/><E39/><V52/><F135/><W111/><G111/><T25/><D14/><U37/><E37/><V71/><F71/><W13/><G65/><T15/><D15/><U12/><E12/><V117/><F117/><W38/><G38/><T16/><D16/><U34/><E73/><V10/><F92/><W41/><G120/><T29/><D40/><U129/><E129/><V78/><F113/><W93/><G115/><T19/><D19/><U2/><E2/><V56/><F28/><N who="0" m="10826" /><D25/><U81/><REACH who="1" step="1"/><E114/><REACH who="1" ten="297,171,244,278" step="2"/><V121/><F121/><W69/><G72/><T128/><D128/><U9/><E9/><V122/><F122/><W96/><G74/><T132/><D132/><U134/><E134/><V100/><F10/><W48/><G13/><T88/><D50/><U33/><AGARI ba="0,1" hai="24,26,33,34,35,63,66,70,81,85,89,99,103,105" machi="33" ten="30,2000,0" yaku="1,1,0,1,53,0" doraHai="109" doraHaiUra="8" who="1" fromWho="1" sc="297,-10,171,30,244,-5,278,-5" /><INIT seed="5,0,0,1,1,21" ten="287,201,239,273" oya="1" hai0="4,50,77,19,90,133,130,71,91,118,105,28,29" hai1="55,38,24,42,123,9,87,112,96,104,62,35,94" hai2="116,34,121,1,113,44,122,107,36,14,15,37,33" hai3="22,86,74,126,81,111,129,5,78,63,124,54,88"/><U93/><E123/><N who="2" m="47115" /><F107/><W60/><G111/><T89/><D118/><U70/><E38/><N who="2" m="14955" /><F116/><W52/><G5/><T10/><D71/><U17/><E42/><V85/><F85/><W125/><G129/><T73/><D105/><U83/><E112/><V135/><F44/><W11/><G11/><T39/><D133/><U59/><E70/><V13/><F1/><W99/><G99/><T65/><D65/><U72/><E72/><V95/><F95/><N who="3" m="54679" /><G22/><T32/><D39/><U119/><E119/><V16/><F16/><W115/><G115/><T26/><D29/><U108/><E108/><V47/><F47/><W31/><G31/><T25/><D73/><U48/><E104/><V128/><F113/><W131/><G131/><T51/><D77/><U67/><E96/><V49/><F49/><W6/><G6/><T102/><D51/><U53/><E35/><N who="2" m="13323" /><F128/><W27/><G27/><N who="0" m="10251" /><D50/><U57/><E53/><AGARI ba="0,0" hai="52,53,54,60,63,74,78,81,124,125,126" m="54679" machi="53" ten="30,3900,0" yaku="18,1,54,2" doraHai="21" who="3" fromWho="1" sc="287,0,201,-39,239,0,273,39" owari="287,8.7,162,-33.8,239,-16.1,312,41.2" /></mjloggm>