<mjloggm ver="2.3"><GO type="225" lobby="0"/><UN n0="%E3%83%AD%E3%83%83%E3%83%86%E9%9B%80%E7%90%83" n1="%E8%91%89%E5%B1%B1%E9%99%BD%E5%92%8C" n2="%E7%89%B9%E6%9D%B1%E3%81%AF%E4%B8%96%E7%95%8C%E3%82%92%E6%95%91%E3%81%86" n3="%E5%AE%AE%E4%BF%9D%E9%B6%8F%E8%82%89" dan="17,16,16,16" rate="2115.56,2110.74,2182.16,2119.16" sx="M,M,M,M"/><TAIKYOKU oya="0"/><INIT seed="0,0,0,3,0,66" ten="250,250,250,250" oya="0" hai0="50,74,109,64,39,59,113,46,114,37,94,77,12" hai1="36,61,86,38,56,23,87,82,65,49,67,18,70" hai2="9,104,13,102,135,72,118,28,76,16,81,22,34" hai3="55,127,17,69,132,26,125,108,62,19,60,129,35"/><T31/><D31/><U119/><E119/><V126/><F118/><W133/><G108/><T52/><D94/><U33/><E33/><V2/><F135/><N who="3" m="51787" /><G35/><T107/><D12/><U48/><E48/><V117/><F117/><W21/><G129/><T131/><D77/><U111/><E111/><V134/><F134/><W110/><G110/><T32/><D74/><U123/><E123/><V121/><F121/><W106/><G106/><T24/><D107/><U10/><E10/><V80/><F126/><N who="3" m="48139" /><G69/><T51/><D24/><U40/><E87/><V5/><F80/><W88/><G55/><N who="0" m="30167" /><D32/><U11/><E67/><V84/><F84/><W100/><G100/><T1/><D1/><U3/><E3/><V6/><F6/><W105/><G105/><T101/><D101/><U8/><E86/><V122/><F122/><W130/><G130/><T68/><D109/><U120/><E120/><V90/><F90/><W53/><G53/><T63/><D131/><U89/><E89/><V75/><F75/><W57/><G57/><T7/><D7/><U4/><E56/><V95/><F104/><W25/><G88/><T73/><D73/><U83/><E83/><V97/><F34/><W92/><G92/><T78/><D78/><U30/><E82/><V47/><F47/><W115/><G115/><AGARI ba="0,0" hai="37,39,51,52,59,63,64,68,113,114,115" m="30167" machi="115" ten="30,11600,0" yaku="34,2,52,1,54,1" doraHai="66" who="0" fromWho="3" sc="250,116,250,0,250,0,250,-116" /><INIT seed="0,1,0,1,1,52" ten="366,250,250,134" oya="0" hai0="131,28,42,17,101,20,108,3,102,132,71,57,63" hai1="130,18,59,76,73,84,4,46,117,1,106,89,91" hai2="11,128,123,113,78,87,92,16,61,72,56,30,115" hai3="23,58,26,122,37,14,96,127,93,29,34,75,98"/><T67/><D131/><U135/><E117/><V51/><F123/><W60/><G127/><T74/><D132/><U95/><E135/><V90/><F128/><W54/><G122/><T25/><D74/><U33/><E130/><V40/><F30/><W70/><G37/><T6/><D108/><U112/><E33/><V80/><F40/><W94/><G75/><T10/><D42/><U124/><E124/><V116/><F51/><W83/><G70/><T64/><D64/><U55/><E112/><V0/><F116/><W109/><G109/><T48/><D48/><U119/><E106/><V38/><F38/><W65/><G65/><T19/><D71/><U110/><E18/><V47/><F47/><W35/><G83/><T100/><AGARI ba="1,0" hai="3,6,10,17,19,20,25,28,57,63,67,100,101,102" machi="100" ten="30,3000,0" yaku="0,1,52,1" doraHai="52" who="0" fromWho="0" sc="366,33,250,-11,250,-11,134,-11" /><INIT seed="0,2,0,5,4,57" ten="399,239,239,123" oya="0" hai0="50,91,115,60,18,108,119,116,123,80,92,71,87" hai1="127,34,77,43,53,105,19,117,131,59,20,107,10" hai2="114,42,63,86,33,65,47,46,135,2,79,129,13" hai3="4,102,61,45,25,8,6,82,24,76,75,48,32"/><T26/><D115/><U90/><E117/><V132/><F2/><W134/><G134/><T126/><D123/><U29/><E77/><V12/><F33/><W64/><G102/><T39/><D39/><U110/><E43/><V124/><F114/><W81/><G81/><T67/><D126/><U73/><E73/><V1/><F1/><W112/><G112/><T88/><D108/><U40/><E40/><V104/><F104/><W52/><G32/><T101/><D101/><U51/><E110/><V93/><F47/><W15/><REACH who="3" step="1"/><G6/><REACH who="3" ten="399,239,239,113" step="2"/><T70/><D80/><U49/><E34/><V89/><F124/><W66/><G66/><T37/><D67/><U113/><E113/><V0/><F132/><W68/><AGARI ba="2,1" hai="4,8,15,24,25,45,48,52,61,64,68,75,76,82" machi="68" ten="20,8000,1" yaku="1,1,0,1,7,1,52,1,54,1,53,0" doraHai="57" doraHaiUra="100" who="3" fromWho="3" sc="399,-42,239,-22,239,-22,113,96" /><INIT seed="1,0,0,1,0,78" ten="357,217,217,209" oya="1" hai0="47,96,57,1,86,49,8,21,103,40,80,97,99" hai1="12,75,77,125,28,111,54,51,6,113,24,120,59" hai2="20,63,90,35,5,55,105,94,37,76,122,26,84" hai3="92,27,62,91,61,121,60,65,56,4,127,133,126"/><U43/><E113/><V129/><F122/><W68/><G121/><T64/><D1/><U117/><E117/><V17/><F37/><W44/><G133/><T112/><D112/><U135/><E120/><V131/><F105/><W108/><G108/><T118/><D118/><U70/><E135/><V98/><F35/><W7/><G44/><T19/><D8/><U87/><E125/><N who="3" m="47626" /><G27/><N who="0" m="14783" /><D57/><U39/><E75/><V119/><F5/><N who="3" m="2123" /><G68/><T50/><D50/><U109/><E70/><V72/><F72/><W45/><G45/><T25/><D64/><U16/><E6/><V100/><F119/><W110/><G110/><N who="1" m="41994" /><E39/><V0/><F0/><W18/><G18/><T30/><D30/><U34/><E43/><V85/><F100/><W22/><G22/><T13/><D25/><U132/><E132/><V36/><F36/><W73/><G73/><T2/><D13/><U38/><E38/><V15/><F15/><W23/><G23/><T71/><D71/><U128/><E128/><N who="2" m="49227" /><F76/><W74/><G74/><T81/><D2/><U3/><E3/><V134/><F134/><W88/><G91/><N who="0" m="51655" /><D103/><U46/><E12/><V116/><F116/><W52/><G65/><T83/><AGARI ba="0,0" hai="40,47,49,81,83,96,97,99" m="51655,14783" machi="83" ten="30,7900,0" yaku="8,1,52,3" doraHai="78" who="0" fromWho="0" sc="357,79,217,-39,217,-20,209,-20" /><INIT seed="2,0,0,2,2,100" ten="436,178,197,189" oya="2" hai0="97,19,63,117,48,123,75,71,126,93,5,65,95" hai1="45,106,84,90,82,3,38,131,26,54,34,15,107" hai2="47,128,62,110,53,115,58,55,59,118,130,39,13" hai3="89,103,86,51,36,29,7,112,69,79,42,0,14"/><V113/><F118/><W99/><G69/><T33/><D75/><U35/><E3/><V80/><F80/><W133/><G36/><T67/><D33/><U94/><E131/><N who="2" m="50219" /><F110/><W4/><G0/><T124/><D123/><U88/><E15/><V81/><F81/><W127/><G79/><T52/><D5/><U104/><E26/><V77/><F77/><W85/><G127/><N who="0" m="48683" /><D117/><U96/><REACH who="1" step="1"/><E54/><REACH who="1" ten="436,168,197,189" step="2"/><V30/><F13/><W44/><G14/><T125/><D52/><U2/><E2/><V1/><F1/><W134/><G134/><T102/><D125/><U6/><E6/><V37/><F30/><W60/><G29/><T114/><D19/><U116/><E116/><V101/><F101/><W22/><G133/><T21/><D102/><U92/><E92/><V16/><F16/><W68/><G103/><T74/><D95/><U9/><E9/><V61/><F47/><W64/><G4/><T46/><D93/><U70/><E70/><V108/><F108/><W23/><G7/><T17/><D46/><U72/><E72/><V98/><F98/><W109/><G109/><T105/><D74/><U31/><E31/><V87/><F87/><W8/><G8/><T24/><D97/><U132/><E132/><V121/><F121/><W28/><G99/><T57/><D17/><U27/><E27/><V12/><F12/><W10/><G10/><T56/><D24/><U66/><E66/><V25/><F25/><N who="3" m="16439" /><G23/><T73/><D21/><U18/><E18/><V119/><F119/><W111/><G111/><T40/><D67/><U91/><E91/><V129/><F129/><RYUUKYOKU ba="0,1" sc="436,-15,168,15,197,15,189,-15" hai1="34,35,38,45,82,84,88,90,94,96,104,106,107" hai2="37,39,53,55,58,59,61,62,113,115" /><INIT seed="2,1,1,4,2,77" ten="421,183,212,174" oya="2" hai0="103,64,59,17,113,84,85,66,20,100,7,8,120" hai1="119,89,53,94,95,1,109,33,133,127,115,123,98" hai2="4,86,83,74,52,91,105,47,72,118,124,121,49" hai3="130,107,128,63,61,0,80,67,92,96,41,57,30"/><V93/><F118/><W35/><G0/><T79/><D113/><U22/><E115/><V34/><F121/><W32/><G107/><T110/><D110/><U116/><E33/><V48/><F105/><W44/><G63/><N who="0" m="38015" /><D120/><U132/><E123/><V43/><F124/><W90/><G80/><N who="0" m="47135" /><D66/><U29/><E1/><V76/><F34/><W125/><G125/><T26/><D85/><N who="1" m="52527" /><E53/><V60/><F60/><W62/><G62/><T87/><D87/><U38/><E38/><V28/><F28/><W42/><G42/><T126/><D126/><U108/><E127/><V45/><REACH who="2" step="1"/><F4/><REACH who="2" ten="421,183,202,174" step="2"/><W10/><G30/><T122/><D122/><U106/><E106/><V82/><F82/><W135/><G135/><N who="1" m="51786" /><E119/><V111/><F111/><W2/><G32/><T13/><AGARI ba="1,2" hai="7,8,13,17,20,26,100,103" m="47135,38015" machi="13" ten="30,2000,0" yaku="8,1,52,1" doraHai="77" who="0" fromWho="0" sc="421,43,183,-6,202,-11,174,-6" /><INIT seed="3,0,0,3,2,94" ten="464,177,191,168" oya="3" hai0="118,10,112,121,80,25,117,58,6,45,55,60,18" hai1="76,105,100,44,114,133,68,36,116,5,48,59,135" hai2="51,126,2,81,97,131,41,42,79,74,21,134,20" hai3="4,16,40,35,73,31,66,85,34,1,29,92,7"/><W89/><G73/><T14/><D121/><U107/><E68/><V19/><F2/><W91/><G66/><T24/><D112/><U108/><E114/><V122/><F122/><W37/><G16/><T70/><D70/><U53/><E108/><V82/><F131/><W119/><G119/><T52/><D80/><U78/><E5/><V71/><F71/><W75/><G75/><T124/><D124/><U15/><E15/><V56/><F126/><W104/><G104/><N who="1" m="40010" /><E100/><V62/><F134/><N who="1" m="51209" /><E116/><V26/><F81/><W9/><G7/><T132/><D55/><N who="1" m="30087" /><E36/><V67/><F51/><AGARI ba="0,0" hai="51,53,59,76,78" m="30087,51209,40010" machi="51" ten="30,1000,0" yaku="20,1" doraHai="94" who="1" fromWho="2" sc="464,0,177,10,191,-10,168,0" owari="464,56.4,187,-1.3,181,-21.9,168,-33.2" /></mjloggm>