<mjloggm ver="2.3"><GO type="225" lobby="0"/><UN n0="%77%72%77%72%77%72%77%72" n1="%E3%82%BC%E3%83%AB%E3%83%80%E3%81%AE%E4%BC%9D%E8%AA%AC" n2="%E5%8D%A0%E3%81%84%E5%B8%AB%E8%A3%8F%E3%81%AA%E3%81%84%E3%81%97" n3="%E3%81%99%E3%81%84%E3%81%BE%E3%81%9B%E3%83%BC%E3%82%93" dan="17,18,17,18" rate="2209.10,2255.52,2166.72,2204.74" sx="M,M,M,M"/><TAIKYOKU oya="0"/><INIT seed="0,0,0,1,4,118" ten="250,250,250,250" oya="0" hai0="96,109,33,25,131,92,119,117,47,60,1,90,32" hai1="82,48,87,34,54,70,83,81,30,103,4,78,28" hai2="9,132,74,91,66,129,76,19,63,123,106,51,128" hai3="8,108,69,100,22,44,126,16,59,65,53,93,49"/><T3/><D131/><N who="2" m="50250" /><F106/><W94/><G108/><T56/><D109/><U111/><E111/><V71/><F132/><W12/><G126/><T31/><D32/><U73/><E70/><V50/><F91/><W0/><G69/><T43/><D117/><U135/><E135/><V7/><F19/><W98/><G0/><T57/><D57/><U41/><E41/><V86/><F74/><W134/><G134/><T124/><D124/><U97/><E4/><V88/><F76/><W23/><G94/><T95/><D95/><N who="1" m="58815" /><E34/><V35/><F123/><W121/><G121/><T80/><D80/><N who="1" m="30827" /><E73/><V102/><F102/><W36/><G36/><T127/><D119/><U61/><E61/><AGARI ba="0,0" hai="8,12,16,22,23,44,49,53,59,61,65,93,98,100" machi="61" ten="40,2600,0" yaku="8,1,54,1" doraHai="118" who="3" fromWho="1" sc="250,0,250,-26,250,0,250,26" /><INIT seed="1,0,0,5,4,111" ten="250,224,250,276" oya="1" hai0="23,47,110,121,114,9,105,124,96,75,35,130,131" hai1="13,70,1,52,65,79,106,76,74,25,7,5,67" hai2="36,72,45,8,102,43,38,55,17,21,120,11,93" hai3="34,61,122,78,135,123,33,133,117,89,116,0,39"/><U125/><E106/><V69/><F120/><N who="3" m="46123" /><G39/><T46/><D114/><U127/><E1/><V115/><F72/><W107/><G107/><T126/><D35/><N who="3" m="13321" /><G78/><N who="1" m="29738" /><E74/><V48/><F69/><W83/><G61/><T98/><D110/><U3/><E3/><V100/><F38/><W32/><G89/><T62/><D9/><N who="1" m="4271" /><E7/><V59/><F115/><W60/><G60/><T132/><D75/><U49/><E25/><V90/><F8/><W51/><G83/><T22/><D121/><U94/><E70/><V99/><F11/><W92/><G92/><T44/><D62/><U15/><E15/><AGARI ba="0,0" hai="15,17,21,36,43,45,48,55,59,90,93,99,100,102" machi="15" ten="30,1000,0" yaku="7,1" doraHai="111" who="2" fromWho="1" sc="250,0,224,-10,250,10,276,0" /><INIT seed="2,0,0,1,5,40" ten="250,214,260,276" oya="2" hai0="0,127,106,37,6,114,124,33,13,42,43,3,115" hai1="122,74,44,79,71,107,17,93,87,52,41,51,123" hai2="9,45,98,28,35,103,81,76,111,18,78,126,130" hai3="133,82,95,119,117,62,14,48,53,100,58,66,1"/><V91/><F126/><N who="0" m="48170" /><D106/><U34/><E107/><V99/><F35/><W32/><G1/><N who="0" m="587" /><D37/><U57/><E34/><V11/><F28/><W88/><G32/><T5/><D33/><U77/><E71/><V24/><F130/><W39/><G39/><T22/><D42/><U10/><E74/><V132/><F132/><W113/><G133/><T120/><D43/><U129/><E129/><V112/><F112/><N who="0" m="43050" /><D120/><N who="1" m="46123" /><E10/><V85/><F111/><W8/><G113/><T54/><D54/><U84/><E17/><AGARI ba="0,0" hai="5,6,13,17,22" m="43050,587,48170" machi="17" ten="40,5200,0" yaku="18,1,34,2" doraHai="40" who="0" fromWho="1" sc="250,52,214,-52,260,0,276,0" /><INIT seed="3,0,0,0,5,86" ten="302,162,260,276" oya="3" hai0="23,43,3,11,25,16,50,41,113,77,89,127,95" hai1="74,44,83,72,114,88,129,8,107,58,87,91,134" hai2="78,15,49,101,4,55,116,36,0,7,117,38,29" hai3="12,34,123,45,2,14,26,130,48,105,39,51,118"/><W119/><G123/><T61/><D127/><U80/><E107/><V54/><F0/><W71/><G2/><T103/><D113/><U20/><E114/><V64/><F64/><W69/><G105/><T9/><D77/><U120/><E120/><V28/><F78/><W108/><G39/><T33/><D33/><U60/><E134/><V84/><F84/><W79/><G79/><T135/><D135/><U27/><E129/><V112/><F15/><W110/><G26/><T111/><D111/><N who="3" m="42537" /><G34/><T85/><D61/><U82/><E44/><V52/><F49/><N who="3" m="19019" /><G45/><N who="0" m="25903" /><D3/><U37/><E37/><N who="2" m="14443" /><F101/><W57/><G57/><T18/><D103/><U68/><E68/><N who="3" m="26186" /><G130/><T59/><D59/><U35/><E35/><V1/><F1/><W102/><G102/><T56/><D56/><U63/><E63/><V19/><F112/><W67/><G67/><T40/><D18/><N who="1" m="12695" /><E72/><V90/><F19/><W62/><G62/><T98/><D85/><N who="1" m="50215" /><E74/><V94/><F4/><W46/><G46/><T106/><D106/><U122/><E122/><V132/><F7/><W66/><G66/><T92/><D40/><U75/><E75/><V13/><F132/><W121/><G121/><T125/><D43/><U97/><E97/><N who="2" m="57559" /><F13/><AGARI ba="0,0" hai="12,13,14,118,119" m="26186,19019,42537" machi="13" ten="40,12000,1" yaku="28,2,14,1,10,1" doraHai="86" who="3" fromWho="2" sc="302,0,162,0,260,-120,276,120" owari="302,10.2,162,-23.8,140,-36.0,396,49.6" /></mjloggm>