<mjloggm ver="2.3"><GO type="225" lobby="0"/><UN n0="%E4%BA%AE%E6%B5%81%E6%89%93%E8%80%85" n1="%E3%80%90%E3%83%88%E3%83%AA%E3%83%A5%E3%83%95%E3%80%91" n2="%E9%80%86%E9%80%A3%E5%B8%AF%E3%81%AE%E9%AC%BC" n3="%6C%61%6D%62" dan="16,16,17,16" rate="2080.88,2071.70,2152.49,2178.04" sx="F,M,M,M"/><TAIKYOKU oya="0"/><INIT seed="0,0,0,2,3,105" ten="250,250,250,250" oya="0" hai0="78,48,97,42,2,88,103,32,111,45,117,80,16" hai1="49,61,52,89,119,86,71,59,92,83,90,6,98" hai2="44,27,93,39,62,0,51,4,82,94,31,81,12" hai3="29,67,40,96,75,107,53,125,76,30,35,64,17"/><T24/><D117/><U121/><E121/><V18/><F39/><W113/><G113/><T28/><D2/><U129/><E129/><V60/><F0/><W114/><G114/><T130/><D130/><U84/><E119/><V133/><F4/><W22/><G40/><T21/><D111/><U1/><E1/><V5/><F133/><W73/><G35/><T104/><D88/><U122/><E122/><V20/><F5/><W68/><G53/><T123/><D123/><U87/><E6/><V66/><F82/><W54/><G54/><T101/><D101/><U134/><REACH who="1" step="1"/><E134/><REACH who="1" ten="250,240,250,250" step="2"/><V37/><F37/><W74/><G125/><T47/><D47/><U132/><E132/><V38/><F38/><W95/><G107/><T85/><REACH who="0" step="1"/><D32/><REACH who="0" ten="240,240,250,250" step="2"/><U128/><E128/><V102/><F44/><W127/><G127/><T99/><D99/><U77/><E77/><V41/><F102/><W50/><G76/><T19/><AGARI ba="0,2" hai="16,19,21,24,28,42,45,48,78,80,85,97,103,104" machi="19" ten="30,6000,0" yaku="1,1,0,1,54,1,53,0" doraHai="105" doraHaiUra="106" who="0" fromWho="0" sc="240,80,240,-20,250,-20,250,-20" /><INIT seed="0,1,0,1,2,59" ten="320,220,230,230" oya="0" hai0="39,87,40,80,108,26,82,98,115,106,61,15,49" hai1="3,132,68,107,38,55,73,93,12,58,91,33,64" hai2="10,75,70,21,103,23,95,119,20,120,66,6,9" hai3="37,29,57,45,85,22,54,81,129,13,63,34,127"/><T116/><D116/><U125/><E3/><V94/><F119/><W43/><G129/><T97/><D39/><U52/><E107/><V104/><F120/><W35/><G127/><T69/><D115/><U123/><E123/><V111/><F75/><W122/><G122/><T79/><D108/><U19/><E68/><V92/><F111/><W30/><G13/><T7/><D106/><U135/><E33/><V121/><F121/><W77/><REACH who="3" step="1"/><G22/><REACH who="3" ten="320,220,230,220" step="2"/><T4/><D15/><U114/><E125/><V14/><F10/><W46/><G46/><N who="0" m="25799" /><D4/><U110/><E110/><V31/><F31/><AGARI ba="1,1" hai="29,30,31,34,35,37,43,45,54,57,63,77,81,85" machi="31" ten="40,2600,0" yaku="1,1,52,1,53,0" doraHai="59" doraHaiUra="105" who="3" fromWho="2" sc="320,0,220,0,230,-29,220,39" /><INIT seed="1,0,0,0,5,43" ten="320,220,201,259" oya="1" hai0="121,29,130,113,48,39,59,66,28,14,95,82,22" hai1="24,97,122,72,41,81,77,62,4,126,46,34,73" hai2="134,71,11,135,52,102,64,105,89,53,90,23,63" hai3="79,8,54,0,110,31,5,132,106,12,16,133,96"/><U131/><E122/><V56/><F11/><W74/><G31/><T13/><D39/><U57/><E131/><V107/><F23/><W78/><G54/><T60/><D113/><U92/><E126/><V6/><F6/><W120/><G120/><T27/><D130/><U18/><E4/><V116/><F116/><W68/><G68/><T75/><D121/><U44/><E72/><V61/><F53/><W33/><G33/><T40/><D29/><U45/><E34/><V70/><F70/><W42/><G42/><T119/><D119/><U15/><E24/><V35/><F35/><W55/><G55/><T124/><D124/><U25/><E25/><V47/><F47/><W125/><G125/><T83/><D75/><U65/><E92/><V103/><F107/><W98/><G110/><T9/><D95/><U127/><E127/><V21/><F21/><N who="3" m="11399" /><G74/><T7/><D14/><U36/><E97/><N who="3" m="37482" /><G106/><T109/><D109/><U87/><E73/><V85/><F105/><W100/><G100/><T76/><D76/><U30/><E30/><V1/><F1/><W108/><G108/><T32/><D32/><U84/><E84/><V2/><F2/><W123/><G123/><T118/><D118/><U114/><E114/><V99/><F99/><W80/><G80/><T20/><D20/><AGARI ba="0,0" hai="15,18,20,36,41,44,45,46,57,62,65,77,81,87" machi="20" ten="30,11600,0" yaku="7,1,52,3" doraHai="43" who="1" fromWho="0" sc="320,-116,220,116,201,0,259,0" /><INIT seed="1,1,0,3,1,76" ten="204,336,201,259" oya="1" hai0="27,114,105,37,74,78,117,2,87,43,103,111,11" hai1="67,0,84,10,14,45,77,63,25,64,93,126,129" hai2="26,118,131,30,6,133,42,104,28,128,73,85,54" hai3="59,65,86,70,88,95,38,90,55,132,120,123,18"/><U48/><E129/><V20/><F73/><W47/><G132/><T96/><D87/><U16/><E126/><V4/><F104/><W36/><G70/><T106/><D114/><U82/><E0/><V61/><F133/><W66/><G18/><T124/><D117/><U32/><E93/><V101/><F118/><W99/><G66/><T94/><D124/><U108/><E63/><V24/><F42/><W44/><G65/><T134/><D134/><U110/><E32/><V135/><F135/><W15/><G15/><T17/><D111/><N who="1" m="42539" /><E25/><V91/><F101/><W53/><G53/><AGARI ba="1,0" hai="10,14,16,45,48,53,64,67,77,82,84" m="42539" machi="53" ten="30,11600,0" yaku="14,1,10,1,52,1,54,1" doraHai="76" who="1" fromWho="3" sc="204,0,336,119,201,0,259,-119" /><INIT seed="1,2,0,4,3,39" ten="204,455,201,140" oya="1" hai0="134,55,84,35,69,2,1,111,5,18,40,49,125" hai1="114,80,59,70,38,60,53,130,58,24,72,64,47" hai2="14,4,11,74,108,123,100,82,121,103,86,22,127" hai3="117,25,113,129,128,43,7,120,3,73,75,133,52"/><U109/><E114/><V63/><F127/><W90/><G113/><T106/><D106/><U68/><E24/><V119/><F108/><W48/><G120/><T45/><D69/><U81/><E109/><V92/><F119/><W9/><G133/><T126/><D35/><U12/><E12/><V94/><F74/><W132/><G132/><T91/><D134/><U57/><E81/><V28/><F103/><W95/><G43/><T17/><D111/><U20/><E20/><V135/><F135/><W97/><G25/><T101/><D101/><U6/><E6/><V78/><F63/><W32/><G32/><T16/><D55/><N who="1" m="33855" /><E80/><V30/><F123/><W118/><G75/><T76/><D76/><U37/><E130/><V83/><F121/><W99/><G99/><T98/><D98/><U10/><E10/><V122/><F122/><W77/><G77/><T27/><D27/><U65/><E37/><V124/><F83/><W13/><G73/><T21/><D21/><U42/><E72/><V15/><F124/><N who="0" m="47722" /><D5/><U8/><E8/><V19/><REACH who="2" step="1"/><F100/><REACH who="2" ten="204,455,191,140" step="2"/><W36/><G117/><T51/><D1/><U87/><E68/><V61/><F61/><W105/><G3/><T71/><D71/><U34/><E70/><V89/><F89/><W23/><G118/><T29/><D2/><U115/><E115/><V33/><F33/><W88/><G90/><T31/><D51/><U0/><E34/><V96/><F96/><W26/><G48/><T131/><D131/><U56/><E38/><V112/><F112/><W67/><G128/><T85/><D91/><U93/><E65/><RYUUKYOKU ba="2,1" sc="204,15,455,-15,191,15,140,-15" hai0="16,17,18,29,31,40,45,49,84,85" hai2="4,11,14,15,19,22,28,30,78,82,86,92,94" /><INIT seed="2,3,1,3,5,56" ten="219,440,206,125" oya="2" hai0="53,118,62,75,92,129,10,51,52,89,126,74,96" hai1="133,36,105,83,40,71,116,35,107,34,38,119,14" hai2="9,66,70,67,29,58,45,20,0,68,123,50,99" hai3="130,37,24,78,111,121,47,61,79,16,91,11,108"/><V114/><F123/><W88/><G121/><T72/><D129/><U33/><E14/><V87/><F114/><W132/><G130/><T76/><D126/><U98/><E83/><V84/><F99/><W63/><G132/><T97/><D118/><U125/><E125/><V85/><F0/><W90/><G37/><N who="1" m="14442" /><E40/><V109/><F109/><N who="3" m="42059" /><G47/><T93/><D76/><N who="3" m="29225" /><G11/><T43/><D10/><U18/><E18/><V94/><F9/><W106/><G106/><N who="1" m="40458" /><E98/><V103/><F70/><W3/><G3/><T13/><D13/><U134/><E71/><V19/><F68/><W8/><G8/><T22/><D22/><AGARI ba="3,1" hai="16,22,24,61,63,88,90,91" m="29225,42059" machi="22" ten="40,8000,1" yaku="14,1,52,2,54,2" doraHai="56" who="3" fromWho="0" sc="219,-89,440,0,206,0,125,99" /><INIT seed="3,0,0,0,1,133" ten="130,440,206,224" oya="3" hai0="56,12,110,82,40,123,49,4,42,8,48,115,126" hai1="67,37,53,109,46,11,117,71,64,104,41,16,9" hai2="99,28,130,52,102,14,54,111,93,63,45,127,39" hai3="59,87,44,70,30,107,90,31,116,91,121,36,34"/><W73/><G73/><T23/><D123/><U92/><E109/><V132/><F111/><W32/><G70/><T113/><D110/><U101/><E104/><V2/><F2/><W134/><G107/><T33/><D33/><U0/><E117/><V103/><F132/><W94/><G116/><T88/><D113/><U19/><E53/><V35/><F130/><W3/><G3/><T95/><D115/><U6/><E16/><V27/><F127/><W114/><G59/><T84/><D126/><U72/><E72/><V135/><F135/><W21/><G21/><T47/><D23/><U106/><E106/><V105/><F14/><W24/><G121/><T97/><D56/><U120/><E120/><V100/><F63/><W76/><G76/><T13/><D13/><U51/><E37/><V65/><F65/><W119/><G119/><T55/><REACH who="0" step="1"/><D49/><REACH who="0" ten="120,440,206,224" step="2"/><U68/><E51/><V80/><F35/><N who="3" m="20935" /><G114/><T18/><D18/><U85/><E19/><V38/><F38/><W112/><G36/><T98/><D98/><U128/><E71/><V124/><F39/><W62/><G32/><T81/><D81/><U96/><E68/><V122/><F124/><W118/><G34/><T26/><D26/><U61/><E128/><V79/><F122/><W108/><G112/><T74/><D74/><U7/><E0/><V1/><F1/><W29/><G108/><T83/><D83/><U20/><E20/><V57/><F57/><W10/><G134/><T25/><D25/><U66/><E9/><V131/><F27/><W50/><G50/><T43/><D43/><U69/><E41/><RYUUKYOKU ba="0,1" sc="120,30,440,-10,206,-10,224,-10" hai0="4,8,12,40,42,47,48,55,82,84,88,95,97" owari="150,-35.0,440,54.0,196,-20.4,214,1.4" /></mjloggm>