<mjloggm ver="2.3"><GO type="225" lobby="0"/><UN n0="%30%2E%31%32%30" n1="%74%2E%6F%2E%6F%2E%73" n2="%E5%B8%86%E7%AB%8B%E5%A4%8F%E8%A1%A3" n3="%E5%8D%A0%E3%81%84%E5%B8%AB%E8%A3%8F%E3%81%AA%E3%81%84%E3%81%97" dan="16,17,17,17" rate="2109.24,2096.40,2161.16,2183.34" sx="M,M,M,M"/><TAIKYOKU oya="0"/><INIT seed="0,0,0,0,0,62" ten="250,250,250,250" oya="0" hai0="0,101,103,134,75,34,69,100,25,21,77,13,8" hai1="78,85,133,65,123,63,86,42,99,130,45,118,4" hai2="98,114,5,53,29,107,59,27,52,110,96,116,30" hai3="121,56,66,105,127,18,117,16,68,91,11,22,76"/><T122/><D122/><U88/><E118/><V12/><F114/><W44/><G117/><T15/><D69/><U106/><E123/><V23/><F110/><W2/><G121/><T24/><D134/><U82/><E133/><V104/><F116/><W97/><G127/><T61/><D61/><U54/><E130/><V43/><F43/><W20/><G68/><T64/><D64/><U14/><E54/><V26/><F5/><W6/><G76/><T28/><D0/><U33/><E33/><V95/><F12/><W113/><G113/><T135/><D135/><U102/><E4/><V80/><F80/><W3/><G44/><T50/><D50/><U128/><E14/><V87/><F87/><W7/><G91/><T58/><D58/><U92/><E128/><V38/><F38/><W51/><G51/><T90/><D90/><U109/><E109/><V37/><F37/><W111/><G111/><T49/><D49/><U35/><E35/><V94/><F23/><N who="3" m="8747" /><G56/><AGARI ba="0,0" hai="26,27,29,30,52,53,56,59,94,95,96,98,104,107" machi="56" ten="25,3200,0" yaku="22,2,54,1" doraHai="62" who="2" fromWho="3" sc="250,0,250,0,250,32,250,-32" /><INIT seed="1,0,0,3,4,49" ten="250,250,282,218" oya="1" hai0="35,25,52,58,135,114,16,132,44,70,103,81,67" hai1="56,18,117,93,72,121,14,78,91,2,36,119,32" hai2="43,23,122,95,62,41,40,126,99,19,127,57,102" hai3="115,8,47,69,80,131,34,45,28,31,92,10,50"/><U77/><E121/><V73/><F73/><W113/><G69/><T66/><D114/><U3/><E32/><V5/><F5/><W94/><G50/><N who="0" m="28743" /><D70/><U129/><E36/><V53/><REACH who="2" step="1"/><F122/><REACH who="2" ten="250,250,272,218" step="2"/><W0/><G0/><T27/><D135/><U74/><E72/><V98/><F98/><W24/><G115/><T51/><D132/><U6/><E74/><V120/><F120/><W82/><G113/><T101/><D35/><U108/><E6/><V104/><F104/><W134/><G134/><T105/><D105/><U88/><E2/><V83/><F83/><W112/><G112/><T26/><D81/><U84/><E3/><V63/><F63/><W13/><G34/><T9/><D67/><U133/><E133/><V130/><F130/><W96/><G96/><T38/><D38/><U21/><E129/><V30/><F30/><W109/><G131/><T118/><D118/><U90/><E117/><V100/><F100/><W17/><G17/><T97/><D97/><U60/><E119/><V39/><F39/><W64/><G64/><T12/><D51/><U15/><E108/><V111/><F111/><W128/><G128/><T46/><D46/><U86/><E14/><AGARI ba="0,1" hai="14,19,23,40,41,43,53,57,62,95,99,102,126,127" machi="14" ten="40,2600,0" yaku="1,1,52,1,53,0" doraHai="49" doraHaiUra="42" who="2" fromWho="1" sc="250,0,250,-26,272,36,218,0" /><INIT seed="2,0,0,3,2,98" ten="250,224,308,218" oya="2" hai0="81,132,35,19,113,23,116,107,66,7,52,27,55" hai1="96,127,39,90,16,53,43,97,26,14,28,134,122" hai2="10,13,78,119,84,125,63,11,54,95,87,46,32" hai3="75,133,77,21,18,128,25,30,34,82,88,4,94"/><V3/><F125/><W103/><G133/><T106/><D35/><U93/><E127/><V57/><F119/><W83/><G128/><T129/><D116/><U79/><E134/><V49/><F32/><W31/><G4/><T38/><D132/><U74/><E122/><V2/><F2/><W64/><G64/><T101/><D129/><U110/><E110/><V50/><F3/><W118/><G118/><T126/><D38/><U8/><E53/><V56/><F56/><W85/><REACH who="3" step="1"/><G34/><REACH who="3" ten="250,224,308,208" step="2"/><T44/><D126/><U60/><E60/><V6/><F63/><W112/><G112/><T69/><D113/><U9/><E9/><V111/><F11/><W109/><G109/><T47/><D66/><U105/><E8/><V102/><F111/><W0/><G0/><T41/><D7/><U33/><E33/><V92/><F10/><W135/><G135/><T67/><D67/><U108/><E108/><V86/><F6/><W70/><G70/><T62/><D69/><U1/><E1/><V131/><F131/><W121/><G121/><T100/><D100/><U115/><E115/><V71/><F102/><W114/><G114/><T130/><D101/><U76/><E105/><V99/><F71/><W42/><G42/><T120/><D107/><U58/><E43/><V45/><F54/><W5/><G5/><T73/><D55/><U17/><E58/><V20/><F57/><W29/><G29/><T15/><D106/><U89/><E28/><V22/><F46/><W104/><G104/><T51/><D44/><U12/><E17/><N who="2" m="10287" /><F45/><W37/><G37/><N who="0" m="21935" /><D130/><U59/><E39/><RYUUKYOKU ba="0,1" sc="250,-10,224,-10,308,-10,208,30" hai3="18,21,25,30,31,75,77,82,83,85,88,94,103" /><INIT seed="3,1,1,4,2,97" ten="240,214,298,238" oya="3" hai0="123,93,113,117,70,68,63,46,48,60,25,106,81" hai1="32,74,16,108,31,45,34,77,75,112,107,120,44" hai2="124,90,3,37,122,133,103,104,11,80,12,91,26" hai3="100,111,14,98,89,82,27,19,51,47,76,99,130"/><W17/><G130/><T58/><D106/><U24/><E120/><V72/><F122/><W126/><G126/><T7/><D117/><U66/><E112/><V84/><F3/><W134/><G134/><T62/><D123/><U53/><E108/><V30/><F37/><W96/><G111/><T95/><D113/><U8/><E107/><V43/><F43/><W52/><G89/><T6/><D81/><U41/><E34/><V5/><F124/><W18/><G27/><T69/><D58/><U36/><E66/><V119/><F72/><W4/><G4/><T131/><D131/><U88/><E77/><V39/><F39/><W135/><G135/><T40/><D25/><U0/><E0/><V22/><F133/><W42/><G42/><T94/><AGARI ba="1,1" hai="6,7,40,46,48,60,62,63,68,69,70,93,94,95" machi="94" ten="40,5200,0" yaku="0,1,29,2" doraHai="97" who="0" fromWho="0" sc="240,65,214,-14,298,-14,238,-27" owari="305,40.5,200,-30.0,284,8.4,211,-18.9" /></mjloggm>