<mjloggm ver="2.3"><GO type="225" lobby="0"/><UN n0="%E6%97%A5%E6%9B%9C%E6%97%A5%E3%82%88%E3%82%8A%E3%81%AE%E4%BD%BF%E8%80%85" n1="%E5%AD%90%E4%BE%9B%E4%BC%9A%E5%93%A1" n2="%E3%81%B2%E3%81%AA%E3%81%AE%E3%82%8A%E3%81%8F" n3="%E3%81%A4%E3%81%A3%E3%81%B1%E3%82%8A%E3%83%9D%E3%83%BC%E3%83%AB" dan="16,17,17,16" rate="2086.94,2147.63,2140.46,2071.41" sx="M,M,M,M"/><TAIKYOKU oya="0"/><INIT seed="0,0,0,4,5,55" ten="250,250,250,250" oya="0" hai0="97,64,79,19,106,113,123,112,6,11,88,84,117" hai1="54,82,62,103,121,42,57,3,116,17,23,68,86" hai2="94,91,59,85,48,93,5,130,18,107,61,29,74" hai3="114,87,135,110,49,0,70,105,38,96,75,92,13"/><T63/><D117/><U16/><E121/><V9/><F107/><W98/><G38/><T20/><D79/><U4/><E116/><V45/><F74/><W111/><G0/><T43/><D43/><U56/><E103/><V71/><F71/><W118/><G118/><T47/><D47/><U41/><E68/><V72/><F72/><W10/><G70/><T46/><D46/><U115/><E115/><V132/><F132/><W108/><G75/><T126/><D126/><U73/><E73/><V125/><F125/><W128/><G114/><T124/><D124/><U28/><E4/><V67/><F130/><W33/><G33/><T83/><D123/><U120/><E3/><V104/><F104/><W1/><G1/><T37/><D37/><U39/><E120/><V133/><F18/><N who="1" m="7273" /><E39/><V30/><F94/><W134/><G105/><T27/><D97/><U50/><E23/><V119/><F133/><W21/><G128/><T109/><D109/><U25/><E25/><V40/><REACH who="2" step="1"/><F119/><REACH who="2" ten="250,250,240,250" step="2"/><W34/><G135/><T100/><D106/><U2/><E28/><V36/><F36/><W81/><G134/><T58/><REACH who="0" step="1"/><D100/><REACH who="0" ten="240,250,240,250" step="2"/><U69/><E41/><V129/><F129/><W77/><G111/><T78/><D78/><U95/><E42/><V101/><F101/><W31/><G110/><T51/><D51/><U76/><E50/><V7/><F7/><W80/><G108/><T32/><D32/><U89/><E76/><V53/><F53/><W35/><G35/><T22/><D22/><U26/><E54/><V60/><F60/><W52/><G34/><T8/><D8/><RYUUKYOKU type="nm" ba="0,2" sc="240,-40,250,-20,240,-20,250,80" hai0="6,11,19,20,27,58,63,64,83,84,88,112,113" hai2="5,9,29,30,40,45,48,59,61,67,85,91,93" /><INIT seed="0,1,2,3,3,69" ten="200,230,220,330" oya="0" hai0="107,51,1,57,73,84,85,5,16,120,68,66,116" hai1="81,90,59,131,76,77,11,40,23,22,124,43,28" hai2="101,30,45,31,130,41,25,64,112,29,108,111,99" hai3="86,54,125,83,78,3,52,121,129,42,110,44,92"/><T61/><D116/><U126/><E131/><V113/><F130/><W33/><G129/><T27/><D120/><U133/><E133/><V6/><F6/><W122/><G3/><T48/><D73/><U18/><E59/><V74/><F64/><W12/><G33/><T103/><D1/><U8/><E90/><V115/><F25/><W58/><G110/><T118/><D5/><U123/><E123/><N who="3" m="47114" /><G125/><N who="1" m="48234" /><E28/><V15/><F15/><W46/><G12/><T32/><D118/><U104/><E104/><V87/><F87/><W14/><G14/><T4/><D4/><U75/><E77/><V20/><F20/><N who="1" m="7721" /><E18/><V10/><F10/><AGARI ba="1,2" hai="8,10,11,40,43,75,76,81" m="7721,48234" machi="10" ten="30,1000,0" yaku="18,1" doraHai="69" who="1" fromWho="2" sc="200,0,230,33,220,-13,330,0" /><INIT seed="1,0,0,1,2,44" ten="200,263,207,330" oya="1" hai0="134,81,132,37,48,85,50,101,21,98,36,111,92" hai1="112,108,133,80,99,16,87,116,68,113,123,86,124" hai2="2,45,72,19,102,28,9,127,128,26,54,64,39" hai3="70,23,66,74,131,114,60,77,107,58,75,0,18"/><U46/><E68/><V41/><F128/><W97/><G114/><N who="1" m="44138" /><E16/><V42/><F127/><W88/><G131/><T20/><D111/><U55/><E55/><V96/><F72/><W118/><G0/><T84/><D20/><U90/><E46/><V32/><F42/><W120/><G120/><T135/><D21/><U76/><E123/><V83/><F83/><W65/><G77/><N who="0" m="46127" /><D85/><N who="1" m="32267" /><E116/><V17/><F64/><W5/><G5/><T4/><D4/><U30/><E30/><V13/><F2/><W24/><G118/><T117/><D117/><U38/><E38/><AGARI ba="0,0" hai="36,37,38,48,50,92,98,101,132,134,135" m="46127" machi="38" ten="40,5200,0" yaku="20,1,52,2" doraHai="44" who="0" fromWho="1" sc="200,52,263,-52,207,0,330,0" /><INIT seed="2,0,0,5,3,64" ten="252,211,207,330" oya="2" hai0="110,47,14,107,22,59,75,83,131,108,43,20,61" hai1="89,111,30,96,98,99,130,10,84,133,3,44,109" hai2="58,87,55,97,82,102,2,127,41,5,28,71,94" hai3="116,104,31,118,46,0,128,122,124,49,36,101,11"/><V123/><F123/><W77/><G122/><T78/><D107/><U119/><E119/><V120/><F120/><W90/><G31/><T93/><D93/><N who="1" m="54439" /><E133/><V23/><F127/><W24/><G24/><T80/><D80/><U115/><E115/><V105/><F41/><W54/><G77/><T40/><D131/><U66/><E30/><V56/><F71/><W16/><G36/><N who="0" m="21895" /><D14/><U134/><E134/><V114/><F114/><W117/><G128/><T72/><D43/><U21/><E21/><V135/><F135/><W57/><G90/><T37/><D75/><U95/><E66/><V81/><F58/><W92/><G104/><T100/><D100/><N who="1" m="60447" /><E44/><V62/><F105/><W69/><G46/><T34/><D34/><U48/><E48/><V51/><F51/><W79/><G0/><T39/><D20/><U129/><E10/><V32/><F32/><W73/><G124/><T50/><D22/><U1/><E1/><V19/><F28/><W60/><G49/><T45/><D45/><U76/><E3/><V125/><F125/><W8/><G8/><T106/><D50/><U4/><E4/><V13/><REACH who="2" step="1"/><F87/><REACH who="2" ten="252,211,197,330" step="2"/><W74/><G57/><T88/><D59/><U17/><E130/><V103/><F103/><W126/><G101/><T70/><D70/><U7/><E129/><V63/><F63/><W18/><G69/><T6/><D61/><U68/><E68/><V67/><F67/><W113/><G60/><T27/><D37/><U132/><E132/><V53/><F53/><W12/><G54/><T9/><D39/><U65/><E65/><V121/><F121/><RYUUKYOKU ba="0,1" sc="252,-10,211,-10,197,30,330,-10" hai2="2,5,13,19,23,55,56,62,81,82,94,97,102" /><INIT seed="2,1,1,5,3,31" ten="242,201,227,320" oya="2" hai0="96,130,107,119,50,5,72,75,69,49,14,73,83" hai1="102,134,97,53,43,36,120,6,17,71,104,84,22" hai2="81,91,86,15,37,41,128,100,13,89,1,20,92" hai3="11,9,60,44,51,105,132,90,110,80,24,54,42"/><V16/><F1/><W117/><G110/><T19/><D69/><U29/><E134/><V77/><F128/><W34/><G105/><T12/><D130/><U125/><E125/><V74/><F100/><W112/><G117/><T21/><D119/><U52/><E120/><V99/><F41/><W133/><G112/><T56/><D83/><U126/><E126/><V0/><F0/><W85/><G24/><T28/><D28/><U2/><E71/><V32/><F37/><W25/><G25/><T68/><D68/><U124/><E124/><V76/><F76/><W33/><G11/><T115/><D115/><U109/><E109/><V67/><F67/><W4/><G60/><T101/><REACH who="0" step="1"/><D56/><REACH who="0" ten="232,201,227,320" step="2"/><U7/><E29/><V66/><F66/><W23/><G133/><T88/><D88/><U30/><E30/><V93/><REACH who="2" step="1"/><F32/><REACH who="2" ten="232,201,217,320" step="2"/><W40/><G33/><T129/><D129/><U38/><E102/><V26/><AGARI ba="1,3" hai="13,15,16,20,26,74,77,81,86,89,91,92,93,99" machi="26" ten="20,12000,1" yaku="1,1,2,1,0,1,7,1,54,1,53,0" doraHai="31" doraHaiUra="98" who="2" fromWho="2" sc="232,-41,201,-41,217,153,320,-41" /><INIT seed="2,2,0,4,2,46" ten="191,160,370,279" oya="2" hai0="2,5,101,108,59,130,111,10,69,50,131,33,66" hai1="67,81,114,15,122,30,121,100,102,29,60,31,93" hai2="95,128,88,44,84,117,82,7,6,45,97,104,38" hai3="91,51,64,123,36,86,47,94,65,4,132,9,21"/><V99/><F117/><W13/><G123/><N who="1" m="47114" /><E114/><V75/><F128/><N who="0" m="49194" /><D33/><U134/><E134/><V76/><F99/><W92/><G132/><T20/><D101/><N who="1" m="39019" /><E81/><V35/><F35/><W79/><G36/><T126/><D126/><U23/><E93/><V1/><F104/><W52/><G94/><T0/><D69/><N who="1" m="42215" /><E15/><V34/><F34/><W85/><G21/><AGARI ba="2,0" hai="21,23,29,30,31" m="42215,39019,47114" machi="21" ten="40,1300,0" yaku="13,1" doraHai="46" who="1" fromWho="3" sc="191,0,160,19,370,0,279,-19" /><INIT seed="3,0,0,4,2,118" ten="191,179,370,260" oya="3" hai0="92,26,100,14,24,25,120,134,74,63,81,128,112" hai1="13,10,85,40,107,99,96,91,19,133,3,105,68" hai2="31,44,115,55,35,39,124,89,94,130,34,0,76" hai3="46,45,71,43,72,33,97,5,30,121,93,70,4"/><W102/><G121/><T62/><D120/><U32/><E133/><V122/><F0/><W67/><G72/><T53/><D74/><U15/><E32/><V98/><F76/><W135/><G135/><T116/><D116/><U50/><E68/><V80/><F115/><W103/><G103/><T41/><D134/><U111/><E111/><V64/><F64/><W51/><G46/><T132/><D132/><U73/><E73/><V117/><F55/><W126/><G126/><T127/><D41/><U42/><E3/><V114/><F89/><W60/><G71/><T58/><D127/><U83/><E107/><V28/><F130/><W78/><G78/><T17/><D112/><U22/><E105/><V75/><F75/><W7/><G30/><T56/><D81/><U2/><E2/><V65/><F65/><W84/><G84/><T95/><D100/><U88/><E50/><V6/><F44/><W90/><G33/><T87/><D87/><U66/><E66/><V77/><F77/><W59/><G70/><T11/><D128/><U27/><E15/><V8/><F35/><W1/><G1/><T131/><D131/><U113/><E113/><V101/><F34/><W9/><G102/><T21/><D11/><U108/><E108/><V20/><F101/><W47/><G9/><T52/><AGARI ba="0,0" hai="14,17,21,24,25,26,52,53,56,58,62,63,92,95" machi="52" ten="30,7900,0" yaku="0,1,9,1,8,1,54,1" doraHai="118" who="0" fromWho="0" sc="191,79,179,-20,370,-20,260,-39" owari="270,7.0,159,-34.1,350,45.0,221,-17.9" /></mjloggm>