<mjloggm ver="2.3"><GO type="225" lobby="0"/><UN n0="%E3%81%95%E3%81%8D%E3%81%9F%E3%81%BE%E6%9E%97%E6%AA%8E" n1="%4E%49%4A%49%49%52%4F" n2="%E9%80%9F%E6%B0%B4%E5%87%9B%E9%A6%99" n3="%E3%81%A1%E3%82%85%E3%81%86%E3%81%A9%E3%81%8F%E8%B1%A1%E3%81%95%E3%82%93" dan="16,16,17,16" rate="2151.51,2181.83,2175.77,2148.48" sx="M,M,F,M"/><TAIKYOKU oya="0"/><INIT seed="0,0,0,4,5,116" ten="250,250,250,250" oya="0" hai0="55,118,128,38,12,67,34,61,81,53,86,65,73" hai1="135,125,119,133,58,108,17,47,97,96,30,7,9" hai2="62,46,70,60,24,52,29,63,25,77,37,87,40" hai3="100,51,115,19,14,83,71,4,122,1,41,74,104"/><T59/><D118/><U13/><E119/><V93/><F70/><W92/><G115/><T35/><D73/><U76/><E108/><V121/><F121/><W11/><G71/><T105/><D105/><U99/><E125/><V32/><F24/><W126/><G126/><T18/><D38/><U5/><E76/><V101/><F77/><W85/><G74/><T27/><D128/><U48/><E58/><V117/><F117/><W98/><G104/><T68/><D68/><U57/><E57/><V111/><F111/><W94/><G94/><T43/><D43/><U130/><E30/><V56/><REACH who="2" step="1"/><F101/><REACH who="2" ten="250,250,240,250" step="2"/><W3/><G122/><T36/><D27/><U80/><E130/><V95/><F95/><W84/><G83/><T123/><D81/><U102/><E80/><V129/><F129/><W10/><G1/><T82/><D123/><U49/><E102/><V8/><F8/><W45/><AGARI ba="0,1" hai="3,4,10,11,14,19,41,45,51,84,85,92,98,100" machi="45" ten="30,1100,0" yaku="0,1" doraHai="116" who="3" fromWho="3" sc="250,-5,250,-3,240,-3,250,21" /><INIT seed="1,0,0,1,3,54" ten="245,247,237,271" oya="1" hai0="123,7,120,38,119,21,82,85,64,108,3,39,115" hai1="63,23,96,91,89,112,99,124,69,127,6,35,97" hai2="46,60,20,78,53,98,44,36,33,11,81,47,110" hai3="10,76,18,84,94,57,19,61,24,130,17,125,74"/><U4/><E35/><V34/><F33/><W83/><G130/><T101/><D108/><U68/><E23/><V56/><F34/><W73/><G125/><N who="1" m="48202" /><E112/><V70/><F110/><W104/><G104/><T75/><D119/><U40/><E40/><V72/><F70/><N who="1" m="27241" /><E63/><V50/><F11/><W116/><G116/><T0/><D75/><U66/><E66/><V8/><F8/><W48/><G48/><T87/><D64/><U25/><E25/><V86/><F36/><W135/><G135/><T90/><D21/><U1/><E1/><V15/><F72/><W134/><G134/><T28/><D28/><U132/><E132/><V31/><F98/><W22/><G74/><T79/><D115/><U65/><E65/><V51/><REACH who="2" step="1"/><F15/><REACH who="2" ten="245,247,227,271" step="2"/><W5/><G73/><T122/><D39/><U29/><E29/><V95/><F95/><W13/><G94/><T105/><D38/><U114/><E114/><V131/><F131/><W71/><G71/><T133/><D133/><U118/><E118/><V128/><F128/><W106/><G106/><T107/><D105/><U129/><E129/><V12/><F12/><W58/><G10/><N who="0" m="2407" /><D3/><U49/><E97/><V26/><AGARI ba="0,1" hai="20,26,31,44,46,47,50,51,53,56,60,78,81,86" machi="26" ten="30,8000,1" yaku="1,1,0,1,8,1,52,1,53,1" doraHai="54" doraHaiUra="77" who="2" fromWho="2" sc="245,-20,247,-40,227,90,271,-20" /><INIT seed="2,0,0,1,5,119" ten="225,207,317,251" oya="2" hai0="48,118,37,57,82,31,44,50,130,97,99,27,101" hai1="18,120,0,51,84,117,32,98,20,64,63,5,15" hai2="110,92,71,88,10,2,127,129,61,133,83,113,65" hai3="41,45,89,3,19,38,112,81,125,109,77,76,42"/><V85/><F113/><W33/><G33/><T69/><D130/><U34/><E117/><V9/><F129/><W100/><G112/><T115/><D115/><U116/><E116/><V135/><F110/><W12/><G3/><T134/><D134/><N who="2" m="51210" /><F2/><W103/><G41/><T49/><D118/><U114/><E114/><V14/><F127/><W24/><G125/><T75/><D69/><U121/><E51/><V68/><F68/><W54/><G24/><T96/><D37/><U39/><E39/><V90/><F14/><W132/><G89/><T8/><D75/><U106/><E84/><AGARI ba="0,0" hai="9,10,61,65,71,83,84,85,88,90,92" m="51210" machi="84" ten="30,2900,0" yaku="20,1,54,1" doraHai="119" who="2" fromWho="1" sc="225,0,207,-29,317,29,251,0" /><INIT seed="2,1,0,0,1,12" ten="225,178,346,251" oya="2" hai0="79,115,114,11,100,62,111,132,112,8,131,0,93" hai1="102,128,52,39,122,20,47,117,92,19,80,2,110" hai2="56,34,101,27,37,88,71,1,57,60,35,31,18" hai3="113,105,85,40,10,7,54,87,73,14,97,16,121"/><V53/><F1/><W50/><G121/><T15/><D79/><U6/><E117/><V109/><F37/><W86/><G73/><T72/><D72/><U76/><E122/><V23/><F71/><W89/><G113/><T118/><D62/><U30/><E30/><V13/><F109/><W103/><G40/><T65/><D65/><U4/><E110/><V124/><F124/><W45/><REACH who="3" step="1"/><G7/><REACH who="3" ten="225,178,346,241" step="2"/><T63/><D111/><U123/><E123/><V51/><F101/><W99/><G99/><T90/><D100/><U21/><E128/><V3/><F3/><W78/><G78/><T120/><D120/><U28/><E6/><V116/><F116/><W134/><G134/><T59/><D132/><U108/><E4/><V33/><F88/><AGARI ba="1,1" hai="10,14,16,45,50,54,85,86,87,88,89,97,103,105" machi="88" ten="40,8000,1" yaku="1,1,52,1,54,2,53,0" doraHai="12" doraHaiUra="125" who="3" fromWho="2" sc="225,0,178,0,346,-83,241,93" /><INIT seed="3,0,0,3,2,54" ten="225,178,263,334" oya="3" hai0="97,42,73,69,35,31,86,122,121,90,53,118,41" hai1="5,24,91,134,124,60,13,110,70,21,11,26,9" hai2="48,81,6,106,117,83,29,16,135,14,58,115,66" hai3="87,7,116,74,133,45,18,111,27,103,131,129,128"/><W37/><G116/><T125/><D73/><U75/><E75/><V88/><F106/><W67/><G74/><T51/><D118/><U89/><E110/><V3/><F115/><W92/><G67/><T22/><D35/><U15/><E124/><V33/><F117/><W98/><G7/><T126/><D69/><U132/><E70/><V76/><F135/><W78/><G111/><T0/><D0/><U10/><E60/><N who="2" m="38167" /><F76/><W107/><G133/><N who="1" m="51306" /><E91/><V130/><F130/><W28/><G18/><T64/><D64/><U43/><E89/><V108/><F108/><W119/><G119/><T102/><D102/><U49/><E49/><V47/><F3/><W96/><G37/><T17/><D97/><U1/><E43/><N who="2" m="24703" /><F6/><W114/><G114/><T38/><D38/><U72/><E72/><V101/><F29/><W39/><G78/><T25/><D31/><N who="1" m="17807" /><E26/><V63/><F33/><W62/><G27/><T44/><D42/><U12/><AGARI ba="0,0" hai="1,5,9,10,11,12,13,15" m="17807,51306" machi="12" ten="30,4000,0" yaku="20,1,34,2" doraHai="54" who="1" fromWho="1" sc="225,-10,178,40,263,-10,334,-20" owari="215,-28.5,218,-18.2,253,5.3,314,41.4" /></mjloggm>