<mjloggm ver="2.3"><GO type="225" lobby="0"/><UN n0="%E3%80%93%E3%81%97%E3%83%BC%E3%82%89%E3%80%93" n1="%E3%81%86%E3%81%A9%E3%82%93%E3%81%93" n2="%E9%B3%B3%E6%9D%B1%E3%81%AE%E3%81%86%E3%81%95%E3%81%8E%E3%81%95%E3%82%93" n3="%E3%83%B4%E3%82%A3%E3%83%AF%E3%82%B3%E3%82%B0%E3%83%8B" dan="16,16,17,16" rate="2115.12,2180.67,2248.94,2176.43" sx="M,M,M,M"/><TAIKYOKU oya="0"/><INIT seed="0,0,0,2,1,73" ten="250,250,250,250" oya="0" hai0="50,134,19,123,56,111,15,75,22,119,103,96,86" hai1="59,88,27,77,40,107,35,97,54,114,131,68,74" hai2="78,6,98,118,132,28,21,41,81,47,51,108,122" hai3="9,25,2,110,135,8,76,49,128,7,14,23,36"/><T126/><D75/><U91/><E68/><V121/><F108/><W104/><G110/><T125/><D111/><U4/><E40/><V45/><F132/><W43/><G135/><T48/><D134/><U58/><E4/><V89/><F118/><W10/><G128/><T62/><D119/><U113/><E131/><V42/><F6/><W80/><G104/><T11/><D123/><U100/><E59/><V84/><F28/><W24/><G36/><T12/><D86/><U120/><E120/><V133/><F133/><W5/><G23/><T79/><D79/><U61/><E35/><V13/><F13/><W117/><G9/><T20/><D50/><U90/><REACH who="1" step="1"/><E27/><REACH who="1" ten="250,240,250,250" step="2"/><V102/><F102/><W129/><G129/><T52/><D48/><U55/><E55/><V112/><F42/><W69/><G69/><T53/><D53/><U16/><E16/><V31/><F47/><W60/><G117/><T99/><D15/><U0/><E0/><V26/><REACH who="2" step="1"/><F112/><REACH who="2" ten="250,240,240,250" step="2"/><W95/><G43/><T65/><D12/><U63/><E63/><V72/><F72/><W44/><G60/><T130/><D62/><U82/><AGARI ba="0,2" hai="54,58,61,74,77,82,88,90,91,97,100,107,113,114" machi="82" ten="30,8000,1" yaku="1,1,0,1,52,1,54,1,53,1" doraHai="73" doraHaiUra="94" who="1" fromWho="1" sc="250,-40,240,100,240,-20,250,-20" /><INIT seed="1,0,0,3,1,43" ten="210,340,220,230" oya="1" hai0="86,18,65,71,63,77,125,100,81,110,29,69,67" hai1="133,34,24,25,120,11,14,122,41,37,127,38,52" hai2="13,135,15,62,42,129,99,85,126,107,31,66,2" hai3="47,96,16,91,8,123,22,78,115,51,131,113,57"/><U112/><E112/><V7/><F129/><W105/><G123/><T28/><D125/><U128/><E127/><V46/><F126/><W132/><G131/><T27/><D110/><U94/><E128/><V117/><F117/><W70/><G70/><T134/><D134/><U44/><E37/><V88/><F135/><W116/><G132/><T30/><D100/><U19/><E133/><V80/><F31/><W87/><G8/><T93/><D93/><U75/><E75/><V50/><F2/><W54/><G78/><T0/><D0/><U40/><E40/><V124/><F124/><W108/><G108/><T84/><D84/><U97/><E52/><V72/><F7/><W114/><G116/><T9/><D9/><U12/><E12/><V6/><F6/><W4/><G4/><T98/><D98/><U61/><E61/><V33/><F33/><W59/><G96/><T48/><D48/><U10/><E10/><V79/><F107/><W68/><G68/><T109/><D109/><U130/><E130/><V58/><REACH who="2" step="1"/><F99/><REACH who="2" ten="210,340,210,230" step="2"/><W32/><G32/><T89/><D18/><U60/><E34/><V103/><F103/><W101/><G101/><T64/><D71/><U56/><E120/><V83/><AGARI ba="0,1" hai="13,15,42,46,50,58,62,66,72,79,80,83,85,88" machi="83" ten="20,8000,1" yaku="1,1,0,1,7,1,52,1,54,1,53,0" doraHai="43" doraHaiUra="111" who="2" fromWho="2" sc="210,-20,340,-40,210,90,230,-20" /><INIT seed="2,0,0,5,3,52" ten="190,300,300,210" oya="2" hai0="41,46,56,121,116,77,119,91,69,49,3,83,106" hai1="94,8,5,130,127,26,120,93,10,110,88,33,99" hai2="39,108,78,107,66,111,55,117,90,134,14,15,24" hai3="59,132,122,50,20,23,19,60,57,43,67,21,1"/><V44/><F117/><N who="0" m="45130" /><D3/><U100/><E110/><N who="2" m="42027" /><F107/><W11/><G122/><T124/><D69/><U135/><E130/><V64/><F134/><W133/><G43/><T45/><D106/><U98/><E135/><N who="3" m="51786" /><G50/><N who="0" m="26927" /><D121/><U79/><E120/><V115/><F115/><W125/><G125/><T128/><D128/><U29/><E127/><V112/><F112/><W113/><G113/><T0/><D0/><U12/><E79/><V62/><F78/><W71/><G19/><T123/><D123/><U92/><REACH who="1" step="1"/><E10/><REACH who="1" ten="190,290,300,210" step="2"/><V82/><F66/><W36/><G36/><T38/><D124/><U80/><E80/><V22/><F82/><W101/><G101/><T73/><D38/><U104/><AGARI ba="0,1" hai="5,8,12,26,29,33,88,92,93,94,98,99,100,104" machi="104" ten="20,8000,1" yaku="1,1,0,1,7,1,54,1,53,1" doraHai="52" doraHaiUra="27" who="1" fromWho="1" sc="190,-20,290,90,300,-40,210,-20" /><INIT seed="3,0,0,5,0,87" ten="170,380,260,190" oya="3" hai0="124,100,1,80,133,117,78,103,17,96,68,110,61" hai1="74,38,58,54,114,104,16,66,99,20,72,19,95" hai2="0,43,123,37,109,48,30,29,40,113,116,121,106" hai3="88,81,70,26,108,86,77,85,25,21,118,45,120"/><W34/><G120/><N who="2" m="46153" /><F109/><W125/><G118/><T24/><D117/><U44/><E66/><V32/><F116/><W18/><G70/><T33/><D110/><U128/><E104/><V97/><F113/><W94/><G108/><T83/><D1/><U7/><E7/><V47/><F0/><W127/><G45/><T130/><D124/><N who="3" m="47689" /><G34/><T69/><D130/><U107/><E107/><V10/><F10/><W4/><G4/><T50/><D133/><U9/><E128/><V65/><F65/><W6/><G6/><T75/><D103/><U73/><E9/><V115/><F115/><W41/><G41/><N who="2" m="15945" /><F32/><W27/><AGARI ba="0,0" hai="18,21,25,26,27,77,81,85,86,88,94" m="47689" machi="27" ten="30,6000,0" yaku="18,1,52,1,54,1" doraHai="87" who="3" fromWho="3" sc="170,-20,380,-20,260,-20,190,60" /><INIT seed="3,1,0,0,2,21" ten="150,360,240,250" oya="3" hai0="22,76,29,116,56,6,70,41,52,63,13,83,55" hai1="80,25,89,37,62,81,94,68,130,131,129,112,14" hai2="120,3,82,134,27,74,58,44,39,23,31,18,87" hai3="124,104,85,105,8,97,60,54,91,33,67,90,40"/><W12/><G33/><T84/><D116/><U117/><E117/><V113/><F113/><W53/><G40/><T122/><D122/><U72/><E112/><V128/><F3/><W103/><G105/><T45/><D70/><U108/><E108/><V16/><F74/><W99/><G99/><T42/><D6/><U93/><E37/><V1/><F1/><W19/><G124/><T59/><D45/><U7/><E25/><V30/><F120/><W101/><G101/><T86/><D86/><N who="1" m="50375" /><E7/><V71/><F71/><W75/><G90/><T92/><D92/><U4/><E4/><V125/><F125/><W106/><G75/><T32/><D32/><U121/><E14/><V11/><F128/><W38/><G38/><T36/><D36/><U127/><E121/><V107/><F134/><W5/><G106/><T66/><D66/><N who="1" m="41047" /><E127/><V102/><F58/><W51/><G51/><T20/><D20/><U24/><E24/><V114/><F114/><W135/><G135/><T28/><D28/><U34/><E34/><V17/><F31/><W88/><G91/><T69/><D69/><U98/><E98/><V50/><F39/><W61/><G5/><T78/><D78/><AGARI ba="1,0" hai="72,78,81,93,94,129,130,131" m="41047,50375" machi="78" ten="30,1000,0" yaku="19,1" doraHai="21" who="1" fromWho="0" sc="150,-13,360,13,240,0,250,0" owari="137,-36.3,373,47.3,240,-16.0,250,5.0" /></mjloggm>