<mjloggm ver="2.3"><GO type="225" lobby="0"/><UN n0="%6E%69%63%6B%6C%6F%77" n1="%E6%80%AA%E3%81%97%E3%81%99%E3%81%8E%E3%82%8B%E3%83%81%E3%83%BC" n2="%E3%81%82%E3%81%99%E3%81%AB%E3%82%83%E3%82%80" n3="%E7%89%B9%E6%9D%B1%E3%81%AF%E4%B8%96%E7%95%8C%E3%82%92%E6%95%91%E3%81%86" dan="16,16,16,16" rate="2110.67,2145.99,2102.14,2146.63" sx="F,M,F,M"/><TAIKYOKU oya="0"/><INIT seed="0,0,0,1,0,43" ten="250,250,250,250" oya="0" hai0="49,26,27,115,12,85,123,42,64,109,3,128,19" hai1="88,63,126,105,110,116,21,125,46,112,95,6,62" hai2="83,22,99,15,103,40,66,100,129,56,60,29,58" hai3="31,14,119,130,108,4,0,96,8,28,98,80,47"/><T107/><D115/><U34/><E34/><V97/><F129/><W37/><G119/><T9/><D123/><U50/><E105/><V132/><F132/><W118/><G118/><T78/><D128/><U131/><E116/><V122/><F122/><W106/><G130/><T76/><D107/><U91/><E112/><V111/><F111/><W54/><G108/><T33/><D33/><U39/><E39/><V74/><F40/><W41/><G14/><T52/><D3/><U17/><E6/><V72/><F83/><W77/><G54/><T134/><D134/><U48/><E48/><V61/><F15/><W2/><G2/><T36/><D64/><U79/><E79/><N who="0" m="30249" /><D42/><N who="1" m="24919" /><E110/><V69/><F22/><W13/><G13/><T121/><D36/><U51/><E51/><V86/><F86/><W7/><G7/><T16/><D121/><U53/><E53/><V59/><F29/><N who="3" m="11339" /><G106/><T127/><D127/><N who="1" m="48651" /><E131/><V67/><REACH who="2" step="1"/><F56/><REACH who="2" ten="250,250,240,250" step="2"/><W113/><G113/><T71/><D109/><U10/><E10/><V89/><F89/><N who="1" m="34377" /><E95/><V81/><F81/><W120/><G120/><T68/><D68/><AGARI ba="0,1" hai="58,59,60,61,66,67,68,69,72,74,97,99,100,103" machi="68" ten="25,3200,0" yaku="1,1,22,2,53,0" doraHai="43" doraHaiUra="135" who="2" fromWho="0" sc="250,-32,250,0,240,42,250,0" /><INIT seed="1,0,0,4,0,53" ten="218,250,282,250" oya="1" hai0="37,33,77,1,90,60,94,121,0,84,18,118,71" hai1="72,112,12,57,119,58,3,111,62,92,23,91,105" hai2="103,56,110,44,122,24,79,115,8,131,22,76,39" hai3="10,20,7,126,41,61,50,88,25,132,17,4,69"/><U6/><E105/><V123/><F110/><W13/><G132/><T45/><D118/><U98/><E119/><V59/><F8/><W109/><G126/><T11/><D33/><U83/><E112/><V40/><F103/><W67/><G109/><T2/><D121/><U28/><E3/><V89/><F115/><W96/><G41/><T93/><D77/><U116/><E116/><V21/><F131/><W117/><G50/><T68/><D37/><U32/><E32/><V31/><F123/><W87/><G96/><T99/><D45/><U9/><E111/><V80/><F122/><W48/><G48/><T34/><D34/><U5/><E5/><V54/><F21/><W81/><REACH who="3" step="1"/><G117/><REACH who="3" ten="218,250,282,240" step="2"/><T133/><D133/><U100/><E62/><V70/><F40/><W97/><G97/><T125/><D125/><U130/><E130/><V38/><F39/><W15/><G15/><T64/><D71/><U63/><E63/><V14/><F70/><W43/><G43/><T36/><D36/><U107/><E107/><V52/><F14/><W95/><G95/><T104/><D104/><U127/><E127/><V108/><F108/><W106/><G106/><T85/><D94/><U55/><E100/><V51/><F38/><W42/><G42/><T134/><D134/><U29/><E98/><V47/><F44/><W26/><G26/><T82/><D82/><U135/><E92/><V46/><F47/><W73/><G73/><T86/><D99/><U35/><E83/><V66/><F46/><W102/><G102/><T19/><D11/><U113/><E135/><V49/><F80/><RYUUKYOKU ba="0,1" sc="218,15,250,-15,282,-15,240,15" hai0="0,1,2,18,19,60,64,68,84,85,86,90,93" hai3="4,7,10,13,17,20,25,61,67,69,81,87,88" /><INIT seed="2,1,1,3,0,69" ten="233,235,267,255" oya="2" hai0="67,9,66,57,1,75,115,92,36,124,60,38,7" hai1="58,46,26,25,90,56,84,102,80,78,98,37,0" hai2="100,126,35,127,109,52,128,18,28,112,47,6,110" hai3="24,88,31,2,114,62,118,30,79,74,20,82,85"/><V133/><F112/><W70/><G118/><T86/><D75/><U101/><E0/><V99/><F6/><W40/><G2/><T19/><D115/><U48/><E37/><V42/><F133/><W50/><G114/><T23/><D124/><N who="2" m="47658" /><F18/><W107/><G107/><T10/><D10/><U13/><E13/><V117/><F117/><W65/><G40/><T123/><D123/><U108/><E108/><N who="2" m="41579" /><F128/><W105/><G105/><T131/><D67/><U34/><E34/><V71/><F71/><W11/><G50/><T41/><D41/><N who="1" m="24655" /><E26/><N who="2" m="18839" /><F52/><W53/><G11/><T121/><D131/><U16/><E16/><V3/><F3/><W43/><G53/><T39/><D121/><U77/><E25/><V76/><F76/><W14/><G14/><T4/><D4/><U64/><E78/><V96/><F100/><N who="1" m="38505" /><E64/><V55/><F55/><W21/><G31/><T106/><D106/><U87/><E98/><V32/><F32/><W29/><G29/><T33/><D33/><U81/><AGARI ba="1,1" hai="56,58,77,80,81,84,87,90" m="38505,24655" machi="81" ten="30,1100,0" yaku="8,1" doraHai="69" who="1" fromWho="1" sc="233,-4,235,24,267,-6,255,-4" /><INIT seed="3,0,0,5,3,68" ten="229,259,261,251" oya="3" hai0="117,0,43,84,114,25,79,16,77,123,28,40,82" hai1="80,49,17,128,105,59,74,44,54,135,99,75,5" hai2="2,126,63,85,69,133,130,58,132,102,37,93,100" hai3="6,96,39,22,95,106,111,115,86,10,134,113,131"/><W90/><G131/><T14/><D117/><U91/><E128/><V29/><F69/><W42/><G134/><N who="2" m="51817" /><F2/><W60/><G111/><T8/><D123/><U31/><E135/><V104/><F104/><W1/><G22/><N who="0" m="15415" /><D0/><U64/><E31/><V101/><F130/><W27/><G27/><T110/><D110/><U46/><E5/><V52/><F29/><W34/><G34/><T35/><D35/><U62/><E17/><V57/><F57/><W71/><G106/><T3/><D3/><U67/><E67/><V125/><F37/><W98/><G115/><T19/><D114/><U23/><E23/><V116/><F116/><W15/><G1/><T18/><D77/><U127/><E127/><N who="2" m="48651" /><F85/><W118/><G113/><T121/><D121/><U41/><E105/><V92/><AGARI ba="0,0" hai="52,58,63,92,93,100,101,102" m="48651,51817" machi="92" ten="40,5200,0" yaku="20,1,18,1,54,1" doraHai="68" who="2" fromWho="2" sc="229,-13,259,-13,261,52,251,-26" owari="216,-28.4,246,4.6,313,41.3,225,-17.5" /></mjloggm>