<mjloggm ver="2.3"><GO type="225" lobby="0"/><UN n0="%70%6E%64%73%6E%67" n1="%E7%B4%94%E6%BD%94%E3%83%94%E3%83%A9%E3%83%8B%E3%82%A2" n2="%E5%91%A8%E6%9D%B1" n3="%E3%81%95%E3%81%8D%E3%81%9F%E3%81%BE%E6%9E%97%E6%AA%8E" dan="16,16,17,16" rate="2120.83,2133.33,2150.89,2039.30" sx="M,M,M,M"/><TAIKYOKU oya="0"/><INIT seed="0,0,0,5,4,127" ten="250,250,250,250" oya="0" hai0="107,5,42,100,16,9,21,40,75,70,13,50,104" hai1="6,39,88,135,96,46,73,74,79,83,97,51,25" hai2="105,116,128,115,43,120,119,1,20,14,130,117,68" hai3="95,47,27,19,87,53,106,134,111,58,64,32,101"/><T84/><D75/><U76/><E39/><V89/><F1/><W112/><G111/><T52/><D70/><U85/><E6/><V3/><F3/><W121/><G112/><T108/><D108/><U54/><E135/><V36/><F120/><W7/><G134/><T4/><D4/><U37/><E37/><V123/><F123/><W102/><G121/><T0/><D84/><U71/><E71/><V125/><F115/><W45/><G106/><T118/><D118/><U8/><E8/><V34/><F34/><W81/><G7/><T28/><D28/><U109/><E109/><V11/><F68/><W57/><G64/><T78/><D78/><U69/><E69/><V29/><F105/><W129/><G129/><N who="2" m="49769" /><F125/><W2/><G2/><T61/><D61/><U90/><E25/><N who="2" m="16551" /><F89/><W23/><G32/><T113/><D113/><U82/><E90/><V133/><F133/><W18/><G18/><T22/><D22/><U103/><E103/><V86/><F86/><W72/><G72/><T114/><D114/><U26/><E26/><V77/><F77/><W67/><G102/><T93/><D107/><U48/><E74/><V33/><F33/><W131/><G131/><T10/><D104/><U65/><E79/><V99/><F99/><W17/><G101/><T124/><D124/><U24/><E24/><V49/><F36/><W59/><G27/><N who="0" m="14759" /><D0/><U31/><E31/><V44/><F117/><W15/><G87/><T60/><D100/><U122/><E122/><V92/><F92/><W132/><G95/><T126/><D126/><U12/><E73/><V98/><F98/><RYUUKYOKU ba="0,0" sc="250,-10,250,-10,250,30,250,-10" hai2="11,14,43,44,49,116,119" /><INIT seed="1,1,0,1,4,98" ten="240,240,280,240" oya="1" hai0="103,91,23,35,4,37,30,102,106,120,90,133,41" hai1="16,97,39,10,62,85,42,134,38,40,14,124,26" hai2="53,54,127,50,3,8,80,72,60,114,113,83,121" hai3="77,89,81,119,25,56,44,34,118,17,122,66,95"/><U112/><E112/><N who="2" m="43115" /><F121/><W74/><G122/><T51/><D37/><U86/><E124/><V110/><F127/><W47/><G66/><T46/><D120/><U117/><E117/><N who="3" m="44554" /><G56/><T31/><D35/><U59/><E134/><V84/><F110/><W32/><G17/><T130/><D106/><U28/><E39/><V45/><F72/><W65/><G65/><T64/><D130/><U126/><E97/><V131/><F131/><W18/><G18/><T21/><D133/><U24/><E126/><V128/><F128/><W69/><G69/><T135/><D64/><N who="1" m="39007" /><E38/><V6/><F84/><N who="1" m="32361" /><E28/><N who="0" m="10793" /><D4/><U96/><E96/><V93/><F93/><W11/><G95/><T129/><D129/><U61/><E61/><V5/><F5/><W71/><G71/><T48/><D48/><U49/><E49/><N who="2" m="28847" /><F60/><W123/><G123/><T52/><D41/><AGARI ba="1,0" hai="10,14,16,24,26,40,41,42" m="32361,39007" machi="41" ten="30,2900,0" yaku="8,1,54,1" doraHai="98" who="1" fromWho="0" sc="240,-32,240,32,280,0,240,0" /><INIT seed="1,2,0,1,5,117" ten="208,272,280,240" oya="1" hai0="15,10,29,76,129,109,90,2,110,8,64,13,19" hai1="12,1,115,130,77,61,78,59,18,44,81,82,75" hai2="113,24,0,91,52,119,74,27,94,4,60,87,135" hai3="47,57,5,92,34,134,79,88,17,69,37,32,70"/><U108/><E115/><V45/><F119/><W97/><G134/><T120/><D64/><U55/><E130/><V58/><F135/><W39/><G79/><T84/><D76/><U53/><E1/><V20/><F113/><W100/><G5/><T96/><D129/><U128/><E128/><V112/><F112/><W22/><G57/><T122/><D96/><U62/><E108/><N who="0" m="41577" /><D29/><U49/><E62/><V127/><F127/><W126/><G126/><T121/><D2/><U106/><E106/><V116/><F116/><W25/><G34/><T132/><D132/><U83/><REACH who="1" step="1"/><E75/><REACH who="1" ten="208,262,280,240" step="2"/><V40/><F74/><W99/><G32/><T9/><D15/><U68/><E68/><V43/><F0/><W54/><G70/><T66/><D66/><U42/><E42/><V3/><F43/><W85/><G69/><T71/><D71/><U28/><E28/><V56/><F3/><W104/><REACH who="3" step="1"/><G85/><REACH who="3" ten="208,262,280,230" step="2"/><T98/><D98/><U36/><E36/><V6/><F87/><W133/><G133/><T16/><D13/><U41/><E41/><V80/><F40/><W114/><G114/><T93/><AGARI ba="2,2" hai="8,9,10,16,19,84,90,93,120,121,122" m="41577" machi="93" ten="40,12000,2" yaku="13,1,14,1,52,3,54,1" doraHai="117" who="0" fromWho="0" sc="208,146,262,-62,280,-32,230,-32" /><INIT seed="2,0,0,4,4,134" ten="354,200,248,198" oya="2" hai0="75,52,38,85,23,81,96,61,125,98,99,9,4" hai1="115,42,17,27,83,60,124,108,1,76,113,8,22" hai2="64,114,63,129,24,19,103,65,2,29,3,91,37" hai3="116,20,25,133,86,117,92,11,47,104,43,14,87"/><V28/><F114/><W5/><G104/><T48/><D125/><U30/><E124/><V71/><F37/><W53/><G133/><T62/><D75/><U127/><E108/><V68/><F129/><W110/><G110/><T89/><D38/><U39/><E60/><V36/><F36/><W128/><G128/><T77/><D77/><U55/><E55/><V56/><F19/><W105/><G105/><T33/><D33/><U121/><E121/><V15/><F15/><W26/><G26/><T69/><D69/><U93/><E93/><V101/><F56/><W118/><G53/><T18/><D4/><U78/><E78/><V88/><REACH who="2" step="1"/><F63/><REACH who="2" ten="354,200,238,198" step="2"/><W120/><G120/><T72/><D62/><U84/><E127/><V82/><F82/><W132/><G132/><T90/><D61/><U119/><E119/><V57/><F57/><W79/><G118/><T40/><D81/><U80/><E83/><V21/><F21/><W34/><G20/><T106/><D23/><U94/><E115/><V31/><F31/><W44/><G117/><T97/><D18/><U123/><E113/><V70/><F70/><W50/><G116/><T130/><D130/><U45/><E123/><V16/><F16/><W0/><G0/><T100/><D9/><U74/><E1/><V102/><F102/><W107/><G14/><T58/><D100/><U41/><E8/><V54/><F54/><W51/><G11/><T12/><D12/><U46/><E17/><V35/><F35/><W122/><G34/><T126/><D126/><U49/><E74/><V32/><F32/><W112/><G122/><RYUUKYOKU ba="0,1" sc="354,-15,200,15,238,15,198,-15" hai1="22,27,30,39,41,42,45,46,49,76,80,84,94" hai2="2,3,24,28,29,64,65,68,71,88,91,101,103" /><INIT seed="2,1,1,0,4,107" ten="339,215,253,183" oya="2" hai0="109,74,39,27,38,1,21,80,4,32,42,108,91" hai1="61,73,65,53,62,98,43,56,106,58,24,63,101" hai2="50,93,116,105,70,15,133,82,89,52,110,36,23" hai3="78,120,76,128,100,46,8,77,47,26,10,49,103"/><V84/><F116/><W86/><G120/><T68/><D68/><U7/><E7/><V66/><F133/><W92/><G128/><T117/><D117/><U85/><E43/><V104/><F36/><W57/><G57/><T37/><D42/><U19/><E73/><V99/><F110/><N who="0" m="42602" /><D32/><U113/><E113/><V6/><F70/><W132/><G132/><T2/><D4/><U28/><E19/><V129/><F66/><W94/><G26/><T13/><D13/><U34/><E85/><V51/><F51/><AGARI ba="1,1" hai="24,28,34,51,53,56,58,61,62,63,65,98,101,106" machi="51" ten="30,1000,0" yaku="7,1" doraHai="107" who="1" fromWho="2" sc="339,0,215,23,253,-13,183,0" /><INIT seed="3,0,0,0,5,55" ten="339,238,240,183" oya="3" hai0="12,124,40,86,116,58,56,4,91,41,9,120,47" hai1="2,21,94,89,77,108,20,26,7,67,62,122,35" hai2="32,74,134,123,103,30,101,71,68,88,5,52,109" hai3="95,22,112,132,118,99,98,121,100,92,13,97,6"/><W131/><G112/><T53/><D124/><U76/><E122/><V37/><F123/><W11/><G118/><T130/><D130/><U42/><E42/><N who="0" m="16489" /><D116/><U29/><E108/><V82/><F109/><W50/><G121/><T31/><D120/><U75/><E7/><V79/><F134/><W115/><G132/><T135/><D135/><U36/><E2/><V113/><F113/><W64/><G131/><T28/><D47/><U70/><E36/><V84/><F37/><W102/><G115/><T24/><D24/><U78/><REACH who="1" step="1"/><E75/><REACH who="1" ten="339,228,240,183" step="2"/><V16/><F5/><W119/><G119/><T83/><D58/><U126/><E126/><V57/><F71/><W93/><G64/><T43/><D43/><U17/><E17/><V8/><F68/><W38/><G38/><T54/><D54/><U60/><E60/><AGARI ba="0,1" hai="4,9,12,28,31,53,56,60,83,86,91" m="16489" machi="60" ten="30,2000,0" yaku="8,1,52,1" doraHai="55" who="0" fromWho="1" sc="339,30,228,-20,240,0,183,0" owari="369,46.9,208,-19.2,240,4.0,183,-31.7" /></mjloggm>