<mjloggm ver="2.3"><GO type="225" lobby="0"/><UN n0="%28%EF%BF%A3%E2%96%BD%EF%BF%A3%29%CE%B4%E2%8C%92%E3%83%BB" n1="%E5%84%AA%40%41%42%43" n2="%E6%98%93%E5%88%A9%E8%96%A9%E4%BC%AF" n3="%E3%81%AF%E3%82%88%E3%81%8A%E3%81%98%E3%81%95%E3%82%93" dan="16,17,16,17" rate="2118.15,2175.06,2078.49,2149.80" sx="M,M,F,M"/><TAIKYOKU oya="0"/><INIT seed="0,0,0,5,0,13" ten="250,250,250,250" oya="0" hai0="14,135,9,2,121,112,74,37,133,63,38,106,85" hai1="77,81,119,31,7,61,47,29,132,51,103,3,125" hai2="115,11,107,134,16,24,80,99,128,97,79,65,86" hai3="17,40,130,87,36,118,89,129,67,76,27,110,0"/><T127/><D74/><U6/><E119/><V19/><F115/><W22/><G118/><T104/><D112/><U90/><E125/><V117/><F117/><W58/><G0/><T69/><D127/><U49/><E132/><N who="0" m="50761" /><D121/><U4/><E103/><V98/><F134/><W21/><G110/><T94/><D2/><U102/><E102/><V59/><F107/><N who="0" m="41002" /><D94/><U28/><E3/><V26/><F128/><N who="3" m="49259" /><G76/><T124/><D85/><N who="1" m="50479" /><E77/><V116/><F11/><W123/><G123/><T41/><D41/><N who="1" m="24815" /><E51/><V30/><F116/><W109/><G109/><T120/><D120/><U42/><E61/><N who="2" m="38079" /><F30/><N who="1" m="7681" /><U92/><DORA hai="48" /><E92/><V57/><F57/><W52/><G40/><AGARI ba="0,0" hai="4,6,7,40,42" m="7681,24815,50479" machi="40" ten="40,1300,0" yaku="8,1" doraHai="13,48" who="1" fromWho="3" sc="250,0,250,13,250,0,250,-13" /><INIT seed="1,0,0,2,5,74" ten="250,263,250,237" oya="1" hai0="30,17,20,77,72,36,110,81,46,130,29,134,22" hai1="66,23,48,128,121,53,69,106,31,67,131,0,89" hai2="52,60,133,6,103,88,42,11,8,113,25,132,41" hai3="105,64,9,107,82,94,76,35,87,47,59,14,101"/><U13/><E121/><V80/><F103/><W12/><G35/><T92/><D134/><N who="2" m="51818" /><F113/><W5/><G14/><T79/><D110/><U2/><E106/><V1/><F25/><W124/><G124/><T27/><D130/><N who="1" m="49707" /><E89/><V54/><F11/><W125/><G125/><T50/><D36/><U127/><E127/><V108/><F108/><W28/><G28/><T120/><D120/><U83/><E83/><V51/><F60/><W45/><G107/><T122/><D122/><U112/><E112/><V71/><F71/><W21/><G21/><T95/><D79/><U15/><E15/><V73/><F73/><W91/><G105/><T117/><D117/><U109/><E109/><V34/><F34/><W62/><REACH who="3" step="1"/><G101/><REACH who="3" ten="250,263,250,227" step="2"/><T32/><D32/><U84/><E13/><V26/><F26/><W126/><G126/><T18/><D30/><U44/><E23/><V57/><F54/><W99/><AGARI ba="0,1" hai="5,9,12,45,47,59,62,64,76,82,87,91,94,99" machi="99" ten="20,12000,2" yaku="1,1,0,1,7,1,8,1,52,1,53,1" doraHai="74" doraHaiUra="75" who="3" fromWho="3" sc="250,-30,263,-60,250,-30,227,130" /><INIT seed="2,0,0,0,4,104" ten="220,203,220,357" oya="2" hai0="134,46,93,36,133,35,124,8,65,87,97,21,15" hai1="73,121,18,102,45,90,103,88,125,16,1,19,128" hai2="99,2,123,59,17,25,126,11,32,48,112,26,118" hai3="41,67,78,24,47,122,105,55,106,96,12,64,10"/><V49/><F112/><W135/><G122/><T114/><D35/><U69/><E69/><V58/><F118/><W53/><G78/><T101/><D114/><U86/><E1/><V100/><F123/><W63/><G24/><T131/><D131/><U70/><E70/><V44/><F49/><W22/><G22/><T31/><D124/><U117/><E117/><V92/><F126/><W80/><G80/><T13/><D65/><U95/><E125/><V89/><F32/><W37/><G67/><T23/><D87/><N who="1" m="52639" /><E73/><V66/><F2/><W57/><G135/><N who="0" m="51723" /><D31/><U9/><E121/><V51/><F51/><W108/><G108/><T132/><N who="0" m="51731" /><T107/><DORA hai="115" /><D107/><U74/><E74/><V7/><F7/><W83/><G83/><T94/><D94/><N who="1" m="54615" /><E128/><V71/><F100/><N who="1" m="38441" /><E45/><V111/><F111/><W14/><G106/><T76/><D76/><U130/><E130/><V116/><F116/><W27/><G96/><T113/><D113/><U52/><E52/><V127/><F127/><W28/><G105/><T77/><D77/><U120/><E120/><V33/><F33/><W4/><G55/><T56/><D56/><N who="2" m="21546" /><F71/><W54/><G53/><T39/><D46/><U72/><E72/><V81/><F81/><W42/><G42/><T119/><D119/><U34/><E34/><V61/><F66/><W84/><G84/><T43/><D43/><U109/><E109/><V40/><F61/><W62/><G64/><T85/><D85/><U29/><E29/><V50/><F50/><W79/><G79/><T6/><D15/><AGARI ba="0,0" hai="9,15,16,18,19" m="38441,54615,52639" machi="15" ten="30,3900,0" yaku="8,1,54,2" doraHai="104,115" who="1" fromWho="0" sc="220,-39,203,39,220,0,357,0" /><AGARI ba="0,0" hai="11,15,17,25,26,40,44,48,89,92,99" m="21546" machi="15" ten="30,1500,0" yaku="8,1" doraHai="104,115" who="2" fromWho="0" sc="181,-15,242,0,220,15,357,0" /><INIT seed="2,1,0,1,1,39" ten="166,242,235,357" oya="2" hai0="110,75,36,49,72,42,95,13,100,9,27,1,37" hai1="19,92,103,112,11,61,67,93,122,14,99,98,107" hai2="127,59,124,10,60,106,62,101,63,22,74,56,17" hai3="32,33,51,50,131,130,94,81,57,115,111,29,76"/><V90/><F74/><W68/><G68/><T73/><D1/><U0/><E112/><V43/><F10/><W18/><G115/><T38/><D110/><U96/><E122/><V23/><F106/><W125/><G111/><T3/><D3/><U80/><E0/><V25/><F101/><W52/><G125/><N who="2" m="48201" /><F90/><W109/><G109/><T16/><D27/><U132/><E132/><V85/><F85/><W7/><G7/><T97/><REACH who="0" step="1"/><D49/><REACH who="0" ten="156,242,235,357" step="2"/><U119/><E119/><V45/><F23/><W78/><G33/><T28/><D28/><U21/><E21/><V70/><F70/><W134/><G29/><T8/><D8/><U46/><E11/><V2/><F2/><W66/><G32/><T128/><D128/><U41/><E14/><V79/><F79/><W5/><G78/><T20/><D20/><U121/><E121/><V84/><F84/><W91/><G76/><T120/><D120/><U102/><E99/><V135/><F135/><W77/><G77/><T126/><D126/><U30/><E30/><V117/><F117/><W47/><G134/><T55/><D55/><U108/><E108/><V58/><F62/><W129/><G129/><T48/><D48/><AGARI ba="1,1" hai="17,22,25,43,45,48,56,58,59,60,63" m="48201" machi="48" ten="30,2900,0" yaku="18,1,52,1" doraHai="39" who="2" fromWho="0" sc="156,-32,242,0,235,42,357,0" /><INIT seed="2,2,0,4,1,117" ten="124,242,277,357" oya="2" hai0="64,98,63,86,58,130,20,111,120,132,24,108,7" hai1="101,23,22,121,8,126,128,114,40,55,91,47,3" hai2="112,122,13,14,62,118,66,72,15,27,96,16,49" hai3="127,116,30,124,65,9,95,59,1,99,21,135,119"/><V26/><F112/><W100/><G135/><T48/><D132/><U34/><E34/><V81/><F118/><W10/><G116/><T4/><D130/><U107/><E114/><V61/><F122/><W123/><G123/><T77/><D120/><U90/><E121/><V28/><F96/><W69/><G69/><T106/><D106/><U46/><E126/><N who="3" m="48170" /><G1/><T113/><D113/><U68/><E68/><V133/><F49/><W105/><G105/><T43/><D111/><U125/><E55/><V94/><F62/><N who="3" m="38111" /><G119/><T71/><D108/><U38/><E8/><V103/><F103/><W93/><G95/><T85/><D71/><U102/><E3/><V35/><F94/><W45/><G45/><T29/><D98/><U70/><E70/><V25/><F133/><W51/><G51/><T115/><D115/><U6/><E107/><V39/><F39/><W73/><G73/><T97/><D97/><U129/><E38/><V53/><F66/><W89/><G89/><T109/><D109/><U31/><E125/><V41/><F41/><W76/><G76/><T18/><D29/><U50/><E31/><V134/><F134/><W44/><G44/><T78/><D78/><U5/><E50/><V88/><F72/><W110/><G110/><T131/><D131/><U56/><REACH who="1" step="1"/><E56/><REACH who="1" ten="124,232,277,357" step="2"/><V87/><F35/><W83/><G9/><T92/><D48/><U32/><E32/><V19/><F28/><W79/><G10/><T11/><D11/><U42/><AGARI ba="2,1" hai="5,6,22,23,40,42,46,47,90,91,101,102,128,129" machi="42" ten="25,12000,2" yaku="1,1,0,1,22,2,53,2" doraHai="117" doraHaiUra="2" who="1" fromWho="1" sc="124,-32,232,136,277,-62,357,-32" /><INIT seed="3,0,0,0,4,11" ten="92,368,215,325" oya="3" hai0="39,18,50,114,67,109,66,93,71,36,92,59,100" hai1="68,48,37,21,9,75,107,15,8,7,12,90,96" hai2="47,31,85,34,24,76,104,10,60,111,32,56,117" hai3="119,99,103,89,78,26,65,95,129,113,124,64,45"/><W49/><G119/><T70/><D18/><U101/><E37/><N who="0" m="14409" /><D100/><U121/><E68/><N who="0" m="26153" /><D93/><U110/><E110/><V61/><F104/><W132/><G113/><T74/><D92/><U38/><E38/><V19/><F111/><W46/><G124/><T44/><D74/><U134/><E134/><V20/><F47/><N who="3" m="17931" /><G132/><T77/><D77/><U27/><E121/><V86/><F61/><W22/><G129/><T115/><D109/><U35/><E48/><V98/><F117/><W0/><G0/><T3/><D3/><U108/><E108/><V126/><F126/><W2/><G2/><T116/><D116/><U128/><E128/><V122/><F122/><W131/><G131/><T82/><D82/><U58/><E58/><V17/><F98/><W88/><G49/><T4/><D4/><U62/><E62/><V40/><F19/><N who="3" m="12639" /><G78/><T55/><D115/><U5/><E75/><V102/><F102/><W43/><G43/><N who="0" m="24863" /><D114/><U84/><E35/><V91/><F86/><W69/><G69/><T13/><D13/><N who="1" m="5195" /><E96/><V125/><F32/><W30/><G30/><T14/><D14/><N who="1" m="5391" /><E101/><V51/><F34/><W133/><G133/><T123/><D123/><U73/><E73/><V54/><F10/><W79/><G79/><T130/><D130/><U42/><E107/><V135/><F76/><W52/><G89/><T83/><D83/><N who="1" m="49439" /><E9/><V1/><F1/><W53/><G103/><T41/><D41/><U127/><E42/><V57/><F40/><W33/><G33/><T16/><D16/><N who="1" m="12711" /><E127/><V118/><F125/><W87/><G99/><T28/><D28/><U29/><E29/><RYUUKYOKU ba="0,0" sc="92,10,368,10,215,-30,325,10" hai0="55,59,66,67" hai1="7" hai3="52,53,64,65,87,88,95" /><INIT seed="3,1,0,0,2,14" ten="102,378,185,335" oya="3" hai0="110,47,100,79,4,40,96,20,127,85,58,105,55" hai1="114,68,33,0,97,80,31,129,82,124,61,83,89" hai2="91,75,42,3,111,18,66,125,84,48,63,28,130" hai3="57,43,7,60,92,11,74,67,32,69,103,98,35"/><W113/><G113/><T65/><D110/><U71/><E114/><V70/><F3/><W39/><G74/><T121/><D121/><U59/><E0/><V51/><F75/><W78/><G78/><T29/><D127/><U131/><E124/><V24/><F111/><W49/><G39/><T21/><D65/><U123/><E123/><V38/><F130/><N who="1" m="49673" /><E31/><V26/><F18/><W44/><REACH who="3" step="1"/><G69/><REACH who="3" ten="102,378,185,325" step="2"/><N who="1" m="26698" /><E33/><V30/><F125/><W81/><G81/><T19/><D29/><U45/><E45/><V77/><F38/><W116/><G116/><T109/><D109/><U90/><E97/><V16/><F30/><W52/><G52/><AGARI ba="1,1" hai="52,59,61,80,82,83,89,90" m="26698,49673" machi="52" ten="40,2600,0" yaku="19,1,54,1" doraHai="14" who="1" fromWho="3" sc="102,0,378,39,185,0,325,-29" owari="102,-39.8,417,51.7,185,-21.5,296,9.6" /></mjloggm>