<mjloggm ver="2.3"><GO type="225" lobby="0"/><UN n0="%6D%75%75%6D%75%72%61" n1="%6E%69%63%6B%6C%6F%77" n2="%E3%83%AD%E3%83%83%E3%83%86%E9%9B%80%E7%90%83" n3="%E7%AD%89%E3%80%85%E5%8A%9B%E5%8A%87%E5%A0%B4" dan="16,16,17,16" rate="2137.46,2102.57,2210.15,2173.48" sx="F,F,M,M"/><TAIKYOKU oya="0"/><INIT seed="0,0,0,4,1,41" ten="250,250,250,250" oya="0" hai0="7,99,11,1,13,102,133,2,86,132,53,80,73" hai1="112,89,69,39,16,56,33,93,105,103,19,64,83" hai2="8,96,28,98,29,100,18,120,23,113,14,108,95" hai3="94,10,26,4,22,48,44,68,62,118,134,63,111"/><T0/><D73/><U104/><E39/><V116/><F120/><W45/><G118/><T43/><D53/><U74/><E69/><V32/><F113/><W67/><G111/><T38/><D38/><U54/><E64/><V87/><F108/><W129/><G129/><T58/><D58/><U42/><E42/><V25/><F116/><W115/><G115/><T46/><D43/><U76/><E33/><V79/><F32/><W92/><G134/><T123/><D123/><U72/><E72/><V124/><F124/><W17/><G63/><T37/><D37/><U6/><E6/><V57/><F98/><W121/><G121/><T71/><D71/><U106/><E103/><V47/><F47/><W114/><G114/><T59/><D59/><U60/><REACH who="1" step="1"/><E112/><REACH who="1" ten="250,240,250,250" step="2"/><V88/><F100/><W130/><G4/><T55/><D55/><U126/><E126/><V31/><REACH who="2" step="1"/><F57/><REACH who="2" ten="250,240,240,250" step="2"/><W75/><G68/><T70/><D70/><U65/><E65/><V40/><F40/><W24/><G67/><T34/><D34/><U9/><E9/><V61/><F61/><W97/><G10/><T110/><D110/><U50/><E50/><V91/><F91/><W77/><G48/><T3/><N who="0" m="0" /><DORA hai="52" /><T30/><D46/><U35/><E35/><V135/><F135/><W12/><G62/><T27/><D133/><U117/><E117/><V49/><F49/><W131/><G45/><T84/><D132/><U20/><E20/><V109/><F109/><W119/><G44/><T21/><D102/><U90/><E90/><V128/><F128/><W101/><G131/><T66/><D66/><RYUUKYOKU ba="0,2" sc="250,-15,240,15,240,15,250,-15" hai1="16,19,54,56,60,74,76,83,89,93,104,105,106" hai2="8,14,18,23,25,28,29,31,79,87,88,95,96" /><INIT seed="1,1,2,2,1,123" ten="235,255,255,235" oya="1" hai0="87,21,85,46,51,6,94,59,135,115,90,121,73" hai1="118,8,116,30,81,39,83,56,62,43,102,122,74" hai2="61,17,28,40,34,16,48,20,129,120,57,1,38" hai3="93,3,79,2,76,134,52,98,80,112,65,89,119"/><U84/><E122/><V111/><F38/><W64/><G112/><T41/><D121/><U5/><E102/><V78/><F111/><W18/><G134/><T86/><D115/><U36/><E30/><V50/><F34/><W12/><G119/><T27/><D135/><U53/><E81/><V23/><F1/><W31/><G31/><T26/><D73/><U125/><E125/><V96/><F129/><W109/><G109/><T22/><D6/><U127/><E127/><V24/><F120/><W100/><G2/><T69/><D69/><U77/><E84/><N who="0" m="32361" /><D59/><U70/><E70/><V54/><F78/><W105/><G3/><T7/><D7/><U58/><E36/><V14/><F40/><W42/><G42/><T133/><D133/><U45/><REACH who="1" step="1"/><E56/><REACH who="1" ten="235,245,255,235" step="2"/><V97/><F28/><W114/><G100/><T9/><D87/><U33/><E33/><V25/><F25/><W66/><G80/><T104/><D26/><U117/><E117/><V19/><F19/><W49/><G114/><T67/><D27/><U13/><AGARI ba="1,3" hai="5,8,13,39,43,45,53,58,62,74,77,83,116,118" machi="13" ten="20,3900,0" yaku="1,1,0,1,7,1,53,0" doraHai="123" doraHaiUra="103" who="1" fromWho="1" sc="235,-14,245,72,255,-14,235,-14" /><INIT seed="1,2,0,1,0,63" ten="221,317,241,221" oya="1" hai0="69,44,101,130,65,109,108,87,18,3,34,47,70" hai1="125,82,121,4,33,115,105,103,91,135,122,45,49" hai2="102,126,10,53,5,131,11,48,15,123,1,13,89" hai3="134,6,31,64,73,77,112,32,7,42,46,50,88"/><U41/><E115/><V120/><F126/><W92/><G112/><T27/><D130/><U43/><E33/><V26/><F131/><W30/><G134/><T93/><D3/><U116/><E116/><V71/><F71/><N who="0" m="27146" /><D65/><U66/><E66/><V133/><F133/><W111/><G111/><N who="0" m="42571" /><D18/><U54/><E135/><V75/><F75/><W19/><G64/><T78/><D78/><U57/><E125/><V2/><F102/><W60/><G19/><T106/><D106/><U37/><E41/><V12/><F89/><W98/><G73/><T99/><D87/><U72/><E4/><V76/><F76/><W90/><G77/><T25/><D25/><U67/><E72/><V117/><F117/><W114/><G114/><T16/><D16/><U129/><E67/><V84/><F84/><W96/><G7/><T62/><D62/><U9/><E9/><V58/><F26/><W86/><G60/><T22/><D22/><U83/><E129/><V29/><F29/><AGARI ba="2,0" hai="27,29,34,44,47,93,99,101" m="42571,27146" machi="29" ten="30,1000,0" yaku="14,1" doraHai="63" who="0" fromWho="2" sc="221,16,317,0,241,-16,221,0" /><INIT seed="2,0,0,3,3,75" ten="237,317,225,221" oya="2" hai0="63,114,41,11,35,107,67,51,52,121,125,112,59" hai1="46,37,21,82,70,84,24,120,8,106,74,50,80" hai2="98,104,97,58,73,134,6,27,85,88,33,87,36" hai3="109,72,103,130,100,13,76,78,102,62,118,110,48"/><V115/><F115/><W129/><G48/><T25/><D121/><U16/><E120/><V83/><F73/><W10/><G62/><T90/><D125/><U9/><E37/><V60/><F134/><W47/><G47/><T126/><D126/><U17/><E106/><V116/><F116/><W117/><G72/><T99/><D41/><U2/><E70/><V105/><F36/><W1/><G1/><T68/><D11/><N who="1" m="4171" /><E2/><V94/><F6/><N who="3" m="3287" /><G118/><T31/><D90/><N who="1" m="51463" /><E82/><V42/><F42/><W135/><G135/><T101/><AGARI ba="0,0" hai="25,31,35,51,52,59,63,67,68,99,101,107,112,114" machi="101" ten="30,7900,0" yaku="0,1,25,2,54,1" doraHai="75" who="0" fromWho="0" sc="237,79,317,-20,225,-39,221,-20" /><INIT seed="3,0,0,0,2,21" ten="316,297,186,201" oya="3" hai0="29,98,7,63,62,89,28,0,51,68,82,128,117" hai1="16,129,13,70,97,94,90,2,79,87,120,101,83" hai2="9,126,60,10,37,118,55,1,123,111,72,31,5" hai3="100,34,81,18,22,108,45,77,135,121,17,66,112"/><W54/><G121/><T92/><D117/><U11/><E120/><V65/><F118/><W74/><G112/><T105/><D68/><U47/><E70/><V39/><F123/><W95/><G34/><T15/><D0/><U19/><E2/><V48/><F111/><W73/><G135/><T114/><D105/><U116/><E116/><V102/><F126/><W42/><G108/><T25/><D128/><U52/><E129/><V50/><F72/><W61/><G54/><T75/><D75/><U69/><E69/><V4/><F102/><W67/><G74/><T23/><D114/><U57/><E47/><V46/><F50/><W8/><G8/><N who="0" m="4511" /><D51/><N who="1" m="30879" /><E19/><V104/><F31/><N who="0" m="11850" /><D82/><U103/><AGARI ba="0,0" hai="11,13,16,79,83,87,90,94,97,101,103" m="30879" machi="103" ten="30,4000,0" yaku="8,1,54,2" doraHai="21" who="1" fromWho="1" sc="316,-10,297,40,186,-10,201,-20" owari="306,10.6,337,43.7,176,-32.4,181,-21.9" /></mjloggm>