<mjloggm ver="2.3"><GO type="225" lobby="0"/><UN n0="%E5%82%8D%E8%8B%A5%E7%84%A1%E4%BA%BA%35%31" n1="%E5%A4%96%E5%B7%9D%E7%AB%9C%E6%88%90" n2="%6B%79%6F%6E%6B%6F%31%31" n3="%E3%81%8B%E3%82%8F%E3%81%A1%E3%82%83%E3%82%93%35%38" dan="16,16,17,16" rate="2126.52,2094.25,2138.13,2122.23" sx="M,M,M,M"/><TAIKYOKU oya="0"/><INIT seed="0,0,0,3,2,129" ten="250,250,250,250" oya="0" hai0="58,20,100,94,53,73,122,7,121,62,31,74,118" hai1="110,80,50,46,23,123,30,24,75,57,91,33,125" hai2="25,34,5,42,67,11,17,0,65,41,18,99,77" hai3="107,8,12,1,112,38,15,61,101,68,59,96,102"/><T3/><D118/><U28/><E123/><V117/><F117/><W21/><G112/><T9/><D121/><U108/><E57/><V115/><F115/><W134/><G38/><T131/><D131/><U83/><E125/><V45/><F42/><W37/><G37/><T2/><D2/><U79/><E91/><V128/><F128/><W6/><G68/><T119/><D119/><U93/><E93/><V104/><F18/><W106/><G21/><T88/><D100/><U54/><E83/><V72/><F17/><W64/><REACH who="3" step="1"/><G134/><REACH who="3" ten="250,250,250,240" step="2"/><T120/><D122/><U113/><E113/><V49/><F34/><W35/><G35/><T97/><REACH who="0" step="1"/><D120/><REACH who="0" ten="240,250,250,240" step="2"/><U60/><E108/><V124/><F124/><W22/><G22/><T36/><D36/><U86/><E110/><V135/><F135/><W92/><G92/><T70/><D70/><U71/><E23/><V133/><F133/><W89/><G89/><T43/><D43/><U13/><E71/><V130/><F130/><W39/><G39/><T27/><AGARI ba="0,2" hai="3,7,9,20,27,31,53,58,62,73,74,88,94,97" machi="27" ten="30,11700,0" yaku="1,1,0,1,54,1,53,1" doraHai="129" doraHaiUra="52" who="0" fromWho="0" sc="240,137,250,-39,250,-39,240,-39" /><INIT seed="0,1,0,5,2,9" ten="377,211,211,201" oya="0" hai0="41,107,43,3,15,94,113,127,57,110,81,24,87" hai1="103,104,20,134,60,125,88,75,98,93,66,61,38" hai2="85,116,39,28,49,83,54,42,6,123,124,109,78" hai3="68,67,33,114,21,84,90,37,131,10,71,29,92"/><T64/><D3/><U27/><E125/><V56/><F124/><W91/><G114/><T77/><D107/><U99/><E134/><V1/><F123/><W16/><G37/><T25/><D113/><U111/><E111/><V118/><F28/><W23/><G131/><T8/><D110/><U97/><E38/><V53/><F109/><W22/><G67/><T121/><D121/><U14/><E14/><V62/><F6/><W58/><G58/><T34/><D34/><U95/><E75/><V100/><F1/><W101/><G101/><T5/><D94/><U2/><E2/><V40/><F100/><W18/><G91/><T132/><D132/><U59/><E61/><V120/><F39/><W112/><G112/><T128/><D128/><U52/><E66/><V130/><F120/><W17/><REACH who="3" step="1"/><G10/><REACH who="3" ten="377,211,211,191" step="2"/><T117/><D127/><U11/><E11/><V7/><F130/><W51/><G51/><T108/><D108/><U47/><E47/><V133/><F133/><W30/><G30/><T13/><D64/><U115/><E115/><V86/><F7/><W55/><G55/><T122/><D57/><U36/><E36/><V31/><F31/><W72/><G72/><T48/><D122/><U50/><E50/><V82/><F54/><W96/><G96/><T76/><D48/><U89/><E20/><V63/><F49/><W0/><G0/><T19/><D8/><U129/><E129/><V69/><F53/><W119/><G119/><T70/><D117/><U126/><E126/><V46/><F56/><W12/><G12/><T73/><D13/><U102/><E102/><RYUUKYOKU ba="1,1" sc="377,-15,211,15,211,-15,191,15" hai1="27,52,59,60,88,89,93,95,97,98,99,103,104" hai3="16,17,18,21,22,23,29,33,68,71,84,90,92" /><INIT seed="1,2,1,1,5,55" ten="362,226,196,206" oya="1" hai0="33,54,66,93,3,45,100,40,5,73,109,75,11" hai1="35,116,74,21,37,31,36,117,101,96,122,9,38" hai2="27,59,111,4,44,70,46,25,120,29,130,78,135" hai3="67,62,123,0,13,127,113,20,69,18,39,121,7"/><U68/><E21/><V1/><F70/><W48/><G113/><T32/><D109/><U52/><E122/><V103/><F120/><W131/><G39/><T92/><D66/><U58/><E74/><V124/><F78/><W129/><G127/><T128/><D128/><N who="3" m="49225" /><G48/><T94/><D100/><U133/><E133/><V71/><F71/><W99/><G99/><T50/><REACH who="0" step="1"/><D40/><REACH who="0" ten="352,226,196,206" step="2"/><U60/><E116/><V91/><F111/><W87/><G123/><T72/><AGARI ba="2,2" hai="3,5,11,32,33,45,50,54,72,73,75,92,93,94" machi="72" ten="40,5200,0" yaku="1,1,2,1,0,1,53,0" doraHai="55" doraHaiUra="14" who="0" fromWho="0" sc="352,78,226,-28,196,-15,206,-15" /><INIT seed="2,0,0,5,0,51" ten="430,198,181,191" oya="2" hai0="29,81,126,118,99,105,53,25,33,91,80,13,100" hai1="131,95,59,114,120,5,7,107,38,67,12,106,44" hai2="108,50,20,77,124,68,92,30,46,104,0,86,64" hai3="8,132,97,113,39,22,79,17,135,31,41,69,111"/><V125/><F0/><W70/><G111/><T98/><D126/><N who="2" m="48746" /><F104/><W49/><G113/><T18/><D118/><U102/><E114/><V122/><F122/><W89/><G39/><T57/><D98/><U14/><E120/><V75/><F75/><W1/><G79/><T24/><D24/><U21/><E131/><V37/><F37/><W3/><G31/><T56/><D56/><U16/><E106/><V115/><F115/><W90/><G41/><T87/><D81/><U9/><E107/><V10/><F108/><W133/><G49/><T58/><D53/><U103/><E44/><V94/><F10/><AGARI ba="0,0" hai="10,13,18,25,29,33,57,58,80,87,91,99,100,105" machi="10" ten="30,1000,0" yaku="7,1" doraHai="51" who="0" fromWho="2" sc="430,10,198,0,181,-10,191,0" /><INIT seed="3,0,0,0,5,27" ten="440,198,171,191" oya="3" hai0="41,55,23,42,120,52,81,135,43,29,68,12,45" hai1="109,2,46,112,26,32,58,1,16,6,83,132,72" hai2="60,64,124,57,44,49,77,17,98,106,129,7,10" hai3="92,70,30,37,62,47,93,107,115,95,69,89,104"/><W103/><G115/><T117/><D68/><U78/><E112/><V96/><F124/><W39/><G89/><T54/><D135/><U50/><E132/><V25/><F129/><W121/><G121/><T8/><D117/><U34/><E58/><V33/><F77/><W86/><G86/><T66/><D66/><U128/><E128/><V21/><F106/><N who="3" m="40491" /><G47/><T19/><D120/><U127/><E127/><V90/><F90/><W74/><G62/><T24/><D81/><U99/><E99/><V40/><REACH who="2" step="1"/><F33/><REACH who="2" ten="440,198,161,191" step="2"/><W118/><G118/><T51/><AGARI ba="0,1" hai="8,12,19,23,24,29,41,42,43,45,51,52,54,55" machi="51" ten="30,7900,0" yaku="0,1,8,1,52,1,54,1" doraHai="27" who="0" fromWho="0" sc="440,89,198,-20,161,-20,191,-39" owari="529,62.9,178,-2.2,141,-35.9,152,-24.8" /></mjloggm>