<mjloggm ver="2.3"><GO type="225" lobby="0"/><UN n0="%E6%80%AA%E3%81%97%E3%81%99%E3%81%8E%E3%82%8B%E3%83%81%E3%83%BC" n1="%E3%81%A0%E3%81%8A" n2="%6D%75%75%6D%75%72%61" n3="%73%69%72%6F%75%74" dan="17,16,16,16" rate="2157.33,2041.72,2093.52,2098.18" sx="M,M,F,M"/><TAIKYOKU oya="0"/><INIT seed="0,0,0,5,0,115" ten="250,250,250,250" oya="0" hai0="52,128,109,135,62,91,16,9,104,100,132,87,13" hai1="101,58,41,131,98,72,59,54,79,50,36,32,17" hai2="71,103,95,42,68,46,26,11,65,20,108,48,63" hai3="53,86,90,113,34,60,19,22,40,51,55,124,49"/><T126/><D128/><U0/><E131/><V64/><F108/><W30/><G124/><T75/><D75/><U116/><E116/><V134/><F134/><N who="0" m="51242" /><D126/><U130/><E32/><V80/><F80/><W28/><G113/><T1/><D1/><U93/><E0/><V123/><F123/><W114/><G40/><T117/><D117/><U129/><E79/><V105/><F11/><W57/><G114/><T15/><D15/><U6/><E72/><V119/><F105/><W24/><G34/><T110/><D100/><U25/><E6/><V106/><F106/><W3/><G3/><T67/><D104/><U112/><E112/><V97/><F119/><W33/><G33/><T38/><D38/><U78/><E78/><V29/><REACH who="2" step="1"/><F65/><REACH who="2" ten="250,250,240,250" step="2"/><W43/><G43/><T27/><D109/><U82/><E129/><V18/><F18/><W2/><G2/><T12/><D110/><U81/><E130/><V74/><F74/><W118/><G118/><T69/><D9/><U107/><E107/><V37/><F37/><W47/><REACH who="3" step="1"/><G49/><REACH who="3" ten="250,250,240,240" step="2"/><T133/><D133/><U45/><E41/><V92/><F92/><AGARI ba="0,2" hai="19,22,24,28,30,47,51,53,55,57,60,86,90,92" machi="92" ten="30,8000,1" yaku="1,1,2,1,7,1,8,1,53,1" doraHai="115" doraHaiUra="85" who="3" fromWho="2" sc="250,0,250,0,240,-80,240,100" /><INIT seed="1,0,0,4,1,101" ten="250,250,160,340" oya="1" hai0="57,21,42,98,56,117,66,99,13,100,113,80,51" hai1="19,103,48,77,129,106,87,59,15,18,23,91,36" hai2="93,90,27,26,46,37,124,116,108,31,132,14,60" hai3="17,68,40,22,50,111,25,24,75,95,54,35,85"/><U8/><E129/><V133/><F116/><W10/><G75/><T39/><D113/><U2/><E36/><V92/><F108/><W119/><G68/><T61/><D117/><U16/><E77/><V127/><F14/><W79/><G111/><T109/><D109/><U44/><E59/><V89/><F60/><W122/><G40/><T94/><D39/><U55/><E103/><V81/><F37/><W9/><G122/><T5/><D80/><U114/><E114/><V69/><F46/><W7/><G119/><T135/><D135/><N who="2" m="51786" /><F69/><W62/><G62/><T34/><D34/><U12/><E2/><V96/><F81/><N who="3" m="47295" /><G35/><T49/><D56/><U86/><E86/><N who="2" m="52279" /><F31/><W78/><G25/><AGARI ba="0,0" hai="25,26,27,90,93,96,124,127" m="52279,51786" machi="25" ten="30,1000,0" yaku="20,1" doraHai="101" who="2" fromWho="3" sc="250,0,250,0,160,10,340,-10" /><INIT seed="2,0,0,1,5,83" ten="250,250,170,330" oya="2" hai0="34,49,13,57,115,61,23,53,113,66,75,39,43" hai1="47,19,135,122,24,118,8,26,85,125,98,82,99" hai2="97,6,71,16,70,110,91,134,92,120,76,112,100" hai3="94,22,10,63,45,128,68,131,18,101,129,72,36"/><V108/><F112/><W77/><G10/><T54/><D34/><U41/><E118/><V84/><F120/><W90/><G101/><T133/><D75/><U2/><E122/><V87/><F134/><W42/><G77/><T73/><D73/><U46/><E135/><V7/><F16/><W27/><G72/><T93/><D133/><U103/><E125/><V64/><F76/><W0/><G0/><T59/><D93/><U55/><E55/><V12/><F12/><W9/><G9/><T48/><D23/><U21/><E2/><V69/><F64/><N who="3" m="40991" /><G94/><T25/><D13/><U126/><E8/><V14/><F14/><W60/><G60/><T102/><D102/><U117/><E126/><V52/><F52/><W33/><G90/><T121/><D25/><N who="1" m="14527" /><E117/><V116/><F116/><W95/><G95/><T56/><D121/><U58/><E103/><V88/><F91/><W80/><G80/><T124/><D124/><U81/><E24/><V123/><F123/><W114/><G33/><T4/><D4/><N who="2" m="1578" /><F100/><W79/><G79/><T67/><D67/><U104/><E26/><V38/><F38/><W3/><G3/><T106/><D106/><U74/><E81/><V132/><F132/><W78/><G78/><T11/><D11/><U65/><E82/><V28/><F28/><W109/><G114/><T111/><D111/><AGARI ba="0,0" hai="69,70,71,84,87,88,92,97,108,110,111" m="1578" machi="111" ten="40,12000,1" yaku="14,1,10,1,52,2,54,1" doraHai="83" who="2" fromWho="0" sc="250,-120,250,0,170,120,330,0" /><AGARI ba="0,0" hai="18,22,27,36,42,45,109,111,128,129,131" m="40991" machi="111" ten="40,1300,0" yaku="19,1" doraHai="83" who="3" fromWho="0" sc="130,-13,250,0,290,0,330,13" /><INIT seed="2,1,0,2,2,93" ten="117,250,290,343" oya="2" hai0="25,128,48,54,134,86,115,64,51,53,61,46,80" hai1="74,16,103,84,83,89,21,41,106,75,131,98,59" hai2="9,60,22,37,124,120,100,129,132,31,76,11,49" hai3="10,18,126,45,32,135,116,17,47,85,105,23,112"/><V81/><F120/><W133/><G105/><T38/><D115/><U58/><E131/><V104/><F37/><W66/><G32/><T71/><D128/><U52/><E41/><V118/><F129/><W56/><G116/><T62/><D134/><N who="3" m="51209" /><G126/><T96/><D38/><U130/><E130/><V4/><F132/><W3/><G112/><T123/><D123/><U39/><E39/><V44/><F124/><W7/><G85/><T65/><D25/><U90/><E90/><V19/><F118/><W72/><G72/><T109/><D109/><U110/><E58/><V33/><F60/><N who="3" m="38151" /><G18/><T88/><D96/><U1/><E1/><V94/><F104/><W24/><AGARI ba="1,0" hai="3,7,10,17,23,24,45,47" m="38151,51209" machi="24" ten="30,1100,0" yaku="20,1" doraHai="93" who="3" fromWho="3" sc="117,-4,250,-4,290,-6,343,14" /><INIT seed="3,0,0,2,0,4" ten="113,246,284,357" oya="3" hai0="53,78,88,69,124,39,135,109,92,10,133,16,122" hai1="5,108,49,28,87,67,11,128,42,126,71,102,101" hai2="77,2,114,9,20,1,117,65,7,125,62,76,94" hai3="70,123,44,63,130,35,121,31,97,57,82,34,22"/><W66/><G130/><T30/><D122/><U38/><E128/><V33/><F114/><W59/><G59/><T112/><D39/><U3/><E38/><V90/><F33/><W81/><G34/><T96/><D69/><U64/><E108/><V74/><F117/><W50/><G35/><T8/><D109/><U103/><E71/><V14/><F125/><W18/><G31/><T46/><D124/><U25/><E87/><V60/><F60/><W134/><G70/><T91/><D78/><U79/><E79/><V86/><F74/><W106/><G134/><N who="0" m="51211" /><D112/><U54/><E42/><V93/><F93/><W89/><G121/><T80/><D30/><U120/><E126/><V23/><F1/><W72/><G72/><T15/><D80/><U116/><E116/><V58/><F2/><W6/><G6/><T99/><D10/><U13/><E3/><V27/><REACH who="2" step="1"/><F23/><REACH who="2" ten="113,246,274,357" step="2"/><W43/><G123/><T84/><D91/><U61/><E120/><V105/><F105/><W104/><G106/><T12/><D12/><U83/><E61/><V55/><F55/><W47/><G104/><T32/><D32/><U51/><E13/><V48/><F48/><AGARI ba="0,1" hai="8,15,16,46,48,53,84,88,92,96,99" m="51211" machi="48" ten="30,7700,0" yaku="20,1,52,1,54,2" doraHai="4" who="0" fromWho="2" sc="113,87,246,0,274,-77,357,0" owari="200,-20.0,246,4.6,197,-30.3,357,45.7" /></mjloggm>