<mjloggm ver="2.3"><GO type="225" lobby="0"/><UN n0="%E3%83%97%E3%83%AC%E3%83%B4%E3%82%A1%E3%83%86%E3%82%A3" n1="%E3%81%A0%E3%81%8A" n2="%E3%81%99%E3%81%84%E3%81%BE%E3%81%9B%E3%83%BC%E3%82%93" n3="%E3%81%BF%E3%81%BF%E3%81%9A" dan="16,16,17,16" rate="2079.07,2041.24,2260.30,2138.11" sx="F,M,M,M"/><TAIKYOKU oya="0"/><INIT seed="0,0,0,3,0,43" ten="250,250,250,250" oya="0" hai0="25,100,127,40,77,63,98,29,28,133,21,52,119" hai1="16,53,89,36,135,78,68,88,27,1,106,107,46" hai2="5,71,117,110,0,95,38,102,120,82,86,44,4" hai3="62,112,58,34,79,83,64,17,24,115,121,55,91"/><T130/><D119/><U51/><E1/><V103/><F120/><W105/><G121/><T12/><D130/><U113/><E68/><V45/><F71/><W92/><G105/><T54/><D133/><U72/><E135/><V114/><F114/><W61/><G34/><T76/><D127/><U35/><E113/><V48/><F110/><W6/><G6/><N who="2" m="2665" /><F38/><W20/><G92/><T94/><D28/><U125/><E125/><V129/><F0/><W2/><G91/><T57/><D40/><U111/><E111/><V116/><F129/><W131/><G2/><T39/><D39/><U3/><E3/><V80/><F48/><W23/><G23/><T108/><D108/><U74/><E36/><V32/><F32/><W47/><G131/><T122/><D122/><U93/><E89/><N who="2" m="53687" /><F117/><W10/><G10/><T109/><D109/><U14/><E35/><V67/><F67/><W30/><G30/><T31/><D31/><U96/><E106/><V33/><F33/><W97/><G97/><T66/><D12/><U134/><E107/><V60/><F60/><W8/><G8/><T22/><D21/><N who="1" m="11415" /><E134/><V81/><F116/><W128/><G128/><T42/><D42/><U19/><E78/><AGARI ba="0,0" hai="22,25,29,52,54,57,63,66,76,77,78,94,98,100" machi="78" ten="40,12000,1" yaku="25,2,8,1,54,1" doraHai="43" who="0" fromWho="1" sc="250,120,250,-120,250,0,250,0" /><INIT seed="0,1,0,1,2,55" ten="370,130,250,250" oya="0" hai0="90,41,112,73,20,13,26,107,132,84,130,0,106" hai1="40,50,22,80,58,67,60,77,129,54,64,48,2" hai2="31,85,66,118,19,96,12,104,125,24,69,27,18" hai3="121,126,9,10,78,93,76,72,105,3,53,47,52"/><T79/><D112/><U45/><E2/><V133/><F133/><W23/><G105/><T117/><D132/><U127/><E129/><V46/><F125/><W94/><G126/><T6/><D117/><U113/><E127/><V108/><F108/><W4/><G121/><T114/><D114/><U100/><E113/><V119/><F46/><W89/><G72/><T82/><D130/><U97/><E22/><V68/><F85/><W17/><G94/><T99/><D0/><U43/><E43/><V35/><F27/><W44/><G44/><T11/><D41/><U91/><E91/><V62/><F69/><W37/><G9/><T95/><REACH who="0" step="1"/><D73/><REACH who="0" ten="360,130,250,250" step="2"/><U57/><E40/><V29/><F119/><W123/><G123/><T109/><D109/><U98/><E45/><V7/><F118/><W14/><G37/><T128/><D128/><U88/><E64/><V65/><F65/><W92/><G47/><T59/><D59/><U30/><E67/><V5/><F66/><W49/><G53/><T25/><D25/><U61/><E58/><V32/><F24/><W39/><G39/><T81/><D81/><U83/><E57/><V51/><F68/><W122/><G122/><T110/><D110/><U103/><E83/><V33/><F33/><W75/><G75/><T124/><D124/><U111/><E80/><V134/><F35/><W63/><G52/><T15/><D15/><U28/><E111/><V16/><F32/><W101/><G3/><T38/><D38/><U87/><E54/><V116/><F116/><W1/><G1/><T131/><D131/><U102/><E60/><RYUUKYOKU ba="1,1" sc="360,30,130,-10,250,-10,250,-10" hai0="6,11,13,20,26,79,82,84,90,95,99,106,107" /><INIT seed="0,2,1,5,3,128" ten="390,120,240,240" oya="0" hai0="110,129,23,102,14,84,95,61,32,59,91,96,38" hai1="134,43,78,20,62,117,63,114,113,93,56,26,3" hai2="33,44,60,90,28,52,21,98,34,118,19,68,47" hai3="15,125,35,64,123,106,130,2,105,5,9,25,40"/><T58/><D129/><U131/><E3/><V112/><F112/><N who="1" m="43113" /><E117/><V54/><F118/><W127/><G130/><T119/><D119/><U11/><E131/><V16/><F68/><W101/><G123/><T81/><D38/><U1/><E43/><V133/><F133/><W107/><G40/><T85/><D32/><U53/><E78/><V50/><F34/><W100/><G64/><T120/><D120/><U8/><E1/><V42/><F33/><W46/><G46/><T99/><D110/><U111/><E111/><V0/><F0/><W97/><G15/><T71/><D71/><U6/><E6/><V66/><F66/><W75/><G75/><T89/><D61/><U10/><E93/><N who="2" m="56631" /><F47/><W29/><REACH who="3" step="1"/><G101/><REACH who="3" ten="390,120,240,230" step="2"/><T39/><D39/><U79/><E63/><V92/><F42/><W37/><G37/><T30/><D14/><U135/><E79/><V24/><F92/><AGARI ba="2,2" hai="2,5,9,25,29,35,92,97,100,105,106,107,125,127" machi="92" ten="40,1300,0" yaku="1,1,53,0" doraHai="128" doraHaiUra="69" who="3" fromWho="2" sc="390,0,120,0,240,-19,230,39" /><INIT seed="1,0,0,2,2,111" ten="390,120,221,269" oya="1" hai0="107,53,0,48,98,14,7,114,38,1,55,68,87" hai1="113,11,15,135,66,94,9,22,60,59,40,52,132" hai2="109,90,61,65,73,75,46,10,5,24,84,106,3" hai3="77,88,131,100,21,33,31,110,127,117,51,25,120"/><U92/><E113/><V34/><F109/><W4/><G110/><T115/><D68/><U85/><E40/><V44/><F106/><W81/><G120/><T64/><D64/><U37/><E37/><V47/><F24/><W95/><G100/><T86/><D38/><U119/><E119/><V20/><F20/><W50/><G117/><T103/><D14/><U41/><E41/><V35/><F35/><W54/><G131/><T71/><D71/><U32/><E32/><V104/><F104/><W122/><G122/><T23/><D23/><U36/><E36/><V125/><F34/><W69/><G69/><T91/><D86/><U49/><E22/><V28/><F28/><W76/><G127/><T26/><D26/><U101/><E101/><V80/><REACH who="2" step="1"/><F125/><REACH who="2" ten="390,120,211,269" step="2"/><W128/><G33/><T89/><D89/><N who="1" m="53295" /><E94/><V57/><AGARI ba="0,1" hai="3,5,10,44,46,47,57,61,65,73,75,80,84,90" machi="57" ten="30,2000,0" yaku="1,1,0,1,53,0" doraHai="111" doraHaiUra="99" who="2" fromWho="2" sc="390,-5,120,-10,211,30,269,-5" /><INIT seed="2,0,0,2,0,101" ten="385,110,241,264" oya="2" hai0="114,43,59,103,105,75,110,22,99,104,2,90,45" hai1="7,123,46,9,58,1,85,60,132,115,24,106,4" hai2="54,81,13,53,74,11,48,88,100,3,119,98,28" hai3="14,37,6,29,41,32,51,95,131,5,68,25,66"/><V67/><F119/><W112/><G37/><T118/><D2/><U0/><E123/><V117/><F3/><W20/><G131/><T16/><D118/><U10/><E115/><V102/><F117/><W129/><G129/><T62/><D114/><U113/><E132/><V63/><F28/><W121/><G112/><T133/><D75/><U134/><E134/><V135/><F135/><W38/><G121/><T31/><D110/><U76/><E113/><V33/><F33/><W125/><G125/><T111/><D111/><U18/><E46/><V93/><F74/><W50/><G38/><T86/><D31/><U91/><E76/><V19/><F81/><W8/><G41/><T61/><D133/><U87/><E91/><V71/><REACH who="2" step="1"/><F54/><REACH who="2" ten="385,110,231,264" step="2"/><W94/><G32/><T34/><D34/><U108/><E108/><V52/><F52/><W109/><G109/><T26/><D43/><U27/><E106/><V79/><F79/><W122/><G122/><T77/><D77/><U55/><REACH who="1" step="1"/><E24/><REACH who="1" ten="385,100,231,264" step="2"/><V42/><F42/><W116/><G116/><T65/><D45/><AGARI ba="0,2" hai="11,13,19,45,48,53,63,67,71,88,93,98,100,102" machi="45" ten="30,12000,1" yaku="1,1,7,1,54,1,53,2" doraHai="101" doraHaiUra="97" who="2" fromWho="0" sc="385,-120,100,0,231,140,264,0" /><INIT seed="2,1,0,4,4,133" ten="265,100,371,264" oya="2" hai0="91,118,26,72,82,100,106,74,59,123,0,73,45" hai1="117,6,46,126,50,131,98,68,39,67,5,86,89" hai2="65,124,105,41,93,107,16,17,113,104,78,128,127" hai3="15,57,52,112,79,48,18,47,7,99,77,76,14"/><V23/><F113/><W49/><G112/><T111/><D123/><U19/><E117/><V122/><F122/><W116/><G116/><T95/><D118/><U85/><E131/><V31/><F128/><W24/><G99/><N who="0" m="61727" /><D0/><U2/><E39/><V119/><F119/><W1/><G1/><T71/><D45/><U25/><E98/><V88/><F78/><W81/><G7/><T55/><D71/><U132/><E132/><V13/><F65/><W69/><G69/><T43/><D43/><U12/><E2/><V33/><F41/><W110/><G110/><T27/><D26/><U20/><E25/><V134/><F134/><W114/><G114/><T32/><D27/><U64/><E86/><V11/><F31/><W8/><G15/><T109/><D32/><U121/><E121/><V40/><F40/><N who="3" m="24679" /><G24/><T63/><D55/><U108/><E108/><N who="0" m="41545" /><D59/><U37/><E37/><V44/><F44/><W22/><G81/><T129/><D63/><U34/><E34/><V75/><F33/><W70/><G70/><T61/><D61/><N who="1" m="39951" /><E67/><V51/><F51/><W125/><G8/><T3/><D3/><U56/><E56/><V115/><F115/><W97/><G97/><N who="0" m="57599" /><D129/><U66/><E66/><V94/><F11/><W130/><G130/><T80/><AGARI ba="1,0" hai="72,73,74,80,82" m="57599,41545,61727" machi="80" ten="40,5200,0" yaku="14,1,34,2" doraHai="133" who="0" fromWho="0" sc="265,55,100,-14,371,-27,264,-14" /><INIT seed="3,0,0,4,0,56" ten="320,86,344,250" oya="3" hai0="84,33,12,2,76,99,30,134,43,81,38,10,0" hai1="79,41,9,39,77,91,16,67,3,60,11,50,57" hai2="131,115,71,133,85,61,83,102,89,78,63,121,18" hai3="126,101,27,23,55,118,34,96,80,26,90,54,93"/><W14/><G126/><T124/><D134/><U36/><E36/><V95/><F115/><W24/><G118/><T47/><D124/><U68/><E68/><V7/><F133/><W40/><G34/><T110/><D110/><U116/><E116/><V125/><F125/><W119/><G119/><T53/><D99/><U17/><E39/><V32/><F32/><W28/><G40/><T74/><D84/><U48/><E3/><V73/><F71/><W58/><G55/><T35/><D53/><U51/><E51/><V65/><F65/><W72/><G14/><T86/><D86/><U8/><E8/><V5/><F131/><W82/><G72/><T109/><D109/><U66/><E57/><V108/><F121/><W122/><G122/><T46/><D46/><U103/><E91/><V98/><F108/><W59/><G59/><T129/><D129/><U88/><E88/><V107/><F18/><W112/><G112/><T106/><D106/><U120/><E120/><V4/><AGARI ba="0,0" hai="4,5,7,61,63,73,78,83,85,89,95,98,102,107" machi="4" ten="30,8000,1" yaku="0,1,24,2,52,2" doraHai="56" who="2" fromWho="2" sc="320,-20,86,-20,344,80,250,-40" owari="300,10.0,66,-43.4,424,52.4,210,-19.0" /></mjloggm>