<mjloggm ver="2.3"><GO type="225" lobby="0"/><UN n0="%E5%8F%AF%E5%85%90%E9%82%A3%E7%94%B1%E5%A4%9A" n1="%E3%81%AF%E3%82%88%E3%81%8A%E3%81%98%E3%81%95%E3%82%93" n2="%6D%75%75%6D%75%72%61" n3="%68%6F%72%69%30%39%30%31" dan="17,17,17,16" rate="2248.62,2179.85,2179.30,2123.26" sx="F,M,F,M"/><TAIKYOKU oya="0"/><INIT seed="0,0,0,0,5,57" ten="250,250,250,250" oya="0" hai0="51,131,56,34,10,127,93,101,5,109,87,48,80" hai1="94,45,121,69,112,125,84,81,92,58,46,20,104" hai2="15,78,41,61,53,18,19,115,9,123,44,119,32" hai3="64,8,55,96,23,54,62,14,1,59,75,26,76"/><T37/><BYE who="2" /><D37/><U100/><E69/><V70/><F70/><W102/><G1/><T72/><D34/><U25/><E121/><V3/><F3/><W22/><G75/><T91/><D127/><U86/><E125/><V97/><F97/><W95/><G76/><T33/><D33/><UN n2="%6D%75%75%6D%75%72%61" /><U28/><E112/><V77/><F119/><W122/><G122/><T132/><D132/><U128/><E128/><V73/><F123/><W60/><G60/><T52/><D131/><U43/><E104/><V68/><F115/><W118/><G118/><T74/><D109/><U67/><E86/><V89/><F32/><W17/><REACH who="3" step="1"/><G23/><REACH who="3" ten="250,250,250,240" step="2"/><T49/><D74/><U116/><E116/><V82/><F77/><W134/><G134/><T2/><REACH who="0" step="1"/><D72/><REACH who="0" ten="240,250,250,240" step="2"/><U98/><E20/><V4/><F73/><W83/><G83/><T11/><D11/><U79/><E81/><V130/><F130/><W36/><G36/><T106/><D106/><U24/><E92/><V21/><F82/><W105/><G105/><T111/><D111/><U31/><E94/><V16/><F21/><W129/><G129/><T38/><D38/><U30/><E79/><V63/><F78/><W71/><G71/><T66/><D66/><U40/><E67/><V13/><F68/><W120/><G120/><T110/><D110/><U35/><E35/><V6/><F9/><W99/><G99/><AGARI ba="0,2" hai="2,5,10,48,49,51,52,56,80,87,91,93,99,101" machi="99" ten="40,3900,0" yaku="1,1,54,1,53,0" doraHai="57" doraHaiUra="27" who="0" fromWho="3" sc="240,59,250,0,250,0,240,-39" /><INIT seed="0,1,0,3,3,29" ten="299,250,250,201" oya="0" hai0="128,117,110,5,67,44,18,95,49,26,16,25,90" hai1="112,123,9,32,46,81,63,55,98,24,43,92,75" hai2="73,52,132,17,103,35,33,76,28,42,127,87,124" hai3="99,108,115,65,88,68,129,114,23,126,56,118,83"/><T8/><D117/><U91/><E123/><V100/><F73/><W15/><G118/><T70/><D128/><U2/><E112/><V82/><F132/><W134/><G129/><T96/><D110/><U10/><E2/><V45/><F17/><N who="3" m="10687" /><G68/><T79/><D79/><U6/><E6/><V86/><F86/><N who="3" m="50271" /><G108/><T101/><D70/><U41/><E41/><V106/><F42/><W121/><G121/><T105/><D67/><U38/><E81/><V71/><F71/><W89/><G134/><T21/><D105/><U85/><E85/><V51/><F106/><W59/><G126/><N who="2" m="48169" /><F28/><W109/><G109/><T64/><D64/><U66/><E55/><V135/><F135/><W102/><G115/><T14/><D101/><AGARI ba="1,0" hai="33,35,45,51,52,76,82,87,100,101,103" m="48169" machi="101" ten="30,7700,0" yaku="18,1,52,2,54,1" doraHai="29" who="2" fromWho="0" sc="299,-80,250,0,250,80,201,0" /><INIT seed="1,0,0,0,5,119" ten="219,250,330,201" oya="1" hai0="88,27,117,105,42,94,3,64,133,13,67,55,1" hai1="93,32,84,77,79,104,25,4,23,90,96,123,127" hai2="74,115,26,100,49,54,17,28,113,125,35,80,10" hai3="51,116,70,99,53,34,129,24,48,130,69,52,131"/><U0/><E32/><V39/><F125/><W120/><G116/><T29/><D117/><U111/><E127/><V82/><F39/><W114/><G99/><T134/><D105/><U73/><E111/><V43/><F43/><W45/><G34/><T11/><D42/><U18/><E123/><V122/><F122/><W30/><G24/><T20/><D55/><U126/><E126/><V60/><F60/><W38/><G30/><T76/><D76/><U118/><E118/><V65/><F65/><W57/><G114/><N who="2" m="43529" /><F100/><W132/><G132/><N who="0" m="50795" /><D67/><U6/><E0/><V71/><F74/><W85/><G85/><N who="0" m="52495" /><D64/><U40/><E40/><V108/><F71/><N who="3" m="27147" /><G120/><T110/><D110/><U46/><E46/><N who="2" m="27959" /><F108/><W72/><G72/><T98/><D98/><U66/><E66/><V91/><F91/><W8/><G8/><T102/><D102/><N who="1" m="62535" /><E79/><V97/><F97/><W7/><G7/><AGARI ba="0,0" hai="1,3,7,11,13,20,27,29" m="52495,50795" machi="7" ten="30,2000,0" yaku="20,1,54,1" doraHai="119" who="0" fromWho="3" sc="219,20,250,0,330,0,201,-20" /><INIT seed="2,0,0,2,3,97" ten="239,250,330,181" oya="2" hai0="67,104,95,135,59,64,83,57,78,17,128,8,18" hai1="37,24,25,27,106,96,9,40,80,23,84,20,77" hai2="52,91,53,5,94,50,48,121,38,115,45,86,69" hai3="74,132,109,82,102,92,101,87,43,10,6,1,93"/><V32/><F69/><W26/><G74/><T7/><D104/><U88/><E37/><V44/><F32/><W66/><G66/><T14/><D128/><U119/><E119/><V123/><F115/><W51/><G132/><T99/><D135/><U34/><E34/><V134/><F134/><W19/><G109/><T120/><D120/><U12/><E40/><V62/><F62/><W21/><G92/><T28/><D28/><U58/><E58/><N who="0" m="22025" /><D83/><U89/><E106/><V36/><F5/><W15/><G93/><T129/><D78/><U105/><E105/><V41/><F41/><W54/><G43/><T81/><D81/><U63/><E63/><V72/><F72/><W13/><G1/><T126/><D126/><U68/><E68/><V30/><F30/><W71/><G71/><T49/><D49/><U130/><E130/><V118/><F118/><W103/><G10/><T73/><D73/><U90/><REACH who="1" step="1"/><E96/><REACH who="1" ten="239,240,330,181" step="2"/><V33/><F33/><W100/><N who="3" m="25600" /><DORA hai="70" /><W31/><G6/><AGARI ba="0,1" hai="6,9,12,20,23,24,25,27,77,80,84,88,89,90" machi="6" ten="40,5200,0" yaku="1,1,8,1,54,1,53,0" doraHai="97,70" doraHaiUra="55,29" who="1" fromWho="3" sc="239,0,240,62,330,0,181,-52" /><INIT seed="3,0,0,4,1,12" ten="239,302,330,129" oya="3" hai0="53,121,37,76,124,60,32,40,6,38,4,79,135" hai1="106,23,120,108,46,97,101,130,2,68,103,87,14" hai2="86,41,107,90,77,126,34,22,30,7,15,84,55" hai3="89,52,11,67,119,20,5,61,127,109,19,116,113"/><W36/><G36/><T73/><D32/><U85/><E2/><V62/><F107/><W69/><G113/><T44/><D121/><U64/><E120/><V128/><F34/><W43/><G127/><T58/><D124/><U92/><E108/><V81/><F126/><W71/><G43/><T111/><D111/><U49/><E130/><V110/><F110/><W104/><G109/><T102/><D135/><U35/><E35/><V100/><F128/><W66/><G104/><T21/><D38/><U50/><E50/><V93/><F41/><W24/><G89/><T78/><D73/><U57/><E68/><V42/><F42/><W51/><G67/><T134/><D134/><U131/><E131/><V74/><F100/><W133/><G71/><T95/><D21/><U28/><E103/><V10/><F74/><W129/><G129/><T13/><D13/><U117/><E117/><V65/><F55/><W88/><G88/><T99/><AGARI ba="0,0" hai="4,6,37,40,44,53,58,60,76,78,79,95,99,102" machi="99" ten="30,1100,0" yaku="0,1" doraHai="12" who="0" fromWho="0" sc="239,11,302,-3,330,-3,129,-5" owari="250,-15.0,299,9.9,327,42.7,124,-37.6" /></mjloggm>