<mjloggm ver="2.3"><GO type="225" lobby="0"/><UN n0="%E3%83%9E%E3%83%AB%E3%83%9E%E3%83%AB%E3%81%A1%E3%82%83%E3%82%93" n1="%E3%81%A4%E3%81%A3%E3%81%B1%E3%82%8A%E3%83%9D%E3%83%BC%E3%83%AB" n2="%E6%98%93%E5%88%A9%E8%96%A9%E4%BC%AF" n3="%4C%4F%4C%49%54%41" dan="16,17,16,16" rate="2112.94,2157.75,2106.80,2177.93" sx="M,M,F,F"/><TAIKYOKU oya="0"/><INIT seed="0,0,0,5,1,97" ten="250,250,250,250" oya="0" hai0="124,94,10,58,93,26,12,126,109,1,9,65,41" hai1="39,118,85,67,125,66,14,68,115,102,107,131,45" hai2="117,46,105,17,22,18,75,23,74,79,56,30,110" hai3="95,129,63,43,19,113,15,13,49,35,25,73,29"/><T127/><D109/><U84/><E118/><V38/><F110/><W11/><G73/><T40/><D1/><U57/><E68/><V134/><F134/><W69/><G113/><T72/><D72/><U135/><E135/><V71/><F71/><W47/><G129/><T34/><D34/><U106/><E131/><V62/><F105/><W90/><G15/><T132/><D132/><U112/><E125/><V99/><F30/><W83/><G83/><T54/><D65/><N who="1" m="24587" /><E57/><V87/><F99/><W28/><G28/><T27/><D58/><U31/><E14/><V70/><F70/><W100/><G69/><T111/><D111/><U104/><E31/><V50/><F38/><W78/><G78/><T3/><D3/><U128/><E128/><V36/><F36/><W52/><G100/><T133/><D54/><U76/><E76/><V24/><F117/><W2/><G2/><T116/><D133/><U130/><E130/><V119/><F119/><W53/><REACH who="3" step="1"/><G63/><REACH who="3" ten="250,250,250,240" step="2"/><T6/><D116/><U88/><E102/><V5/><F62/><W51/><G51/><T86/><D10/><U89/><E39/><V0/><F74/><W4/><G4/><T108/><D108/><U21/><E115/><V64/><F75/><W42/><G42/><T60/><D41/><U61/><E112/><V32/><F5/><W121/><G121/><T114/><D40/><U80/><E61/><N who="2" m="37927" /><F0/><W44/><G44/><T81/><D114/><U20/><E45/><V101/><F50/><W7/><G7/><T55/><D60/><U103/><E103/><V123/><F46/><W91/><G91/><RYUUKYOKU ba="0,1" sc="250,-15,250,15,250,-15,240,15" hai1="20,21,80,84,85,88,89,104,106,107" hai3="11,13,19,25,29,35,43,47,49,52,53,90,95" /><INIT seed="1,1,1,5,0,19" ten="235,265,235,255" oya="1" hai0="86,129,81,8,89,116,105,120,76,15,118,73,49" hai1="58,121,26,13,65,133,66,37,77,28,125,67,44" hai2="104,80,114,30,99,78,52,22,62,48,56,103,101" hai3="107,57,113,55,124,16,90,109,96,69,7,45,130"/><U18/><E121/><V3/><F3/><W127/><G113/><T20/><D120/><U59/><E133/><V85/><F103/><W108/><G69/><T135/><D135/><U39/><E125/><N who="3" m="48202" /><G7/><T61/><D129/><U36/><E77/><V119/><F114/><W41/><G130/><T23/><D105/><U115/><E44/><V75/><F119/><W128/><G128/><T97/><D118/><U38/><N who="1" m="9216" /><DORA hai="54" /><U10/><REACH who="1" step="1"/><E115/><REACH who="1" ten="235,255,235,255" step="2"/><V132/><F132/><W47/><G45/><T70/><D116/><U4/><E4/><V84/><REACH who="2" step="1"/><F48/><REACH who="2" ten="235,255,225,255" step="2"/><W110/><G108/><T12/><D49/><U5/><E5/><V34/><F34/><AGARI ba="1,3" hai="10,13,18,26,28,34,58,59,65,66,67" m="9216" machi="34" ten="70,12000,1" yaku="1,1,52,2,53,1" doraHai="19,54" doraHaiUra="117,25" who="1" fromWho="2" sc="235,0,255,153,225,-123,255,0" /><INIT seed="1,2,0,3,4,4" ten="235,408,102,255" oya="1" hai0="71,129,43,122,81,80,55,66,76,3,91,70,15" hai1="124,72,100,50,111,103,105,65,40,42,41,120,45" hai2="135,52,89,57,12,68,77,46,33,133,61,19,8" hai3="22,1,113,38,108,115,5,102,90,32,74,23,134"/><U47/><E72/><V110/><F68/><W83/><G32/><T62/><D3/><U64/><E105/><V27/><F77/><W13/><G108/><T14/><D129/><U2/><E2/><V85/><F46/><N who="1" m="17417" /><E120/><V25/><F110/><W63/><G38/><T0/><D0/><U10/><E111/><V44/><F44/><W73/><G102/><N who="1" m="38954" /><E124/><V101/><F101/><W93/><G1/><T6/><D71/><U82/><E82/><V26/><REACH who="2" step="1"/><F33/><REACH who="2" ten="235,408,92,255" step="2"/><W58/><G115/><T97/><D70/><U30/><E42/><V56/><F56/><W132/><G58/><T20/><D43/><U117/><E41/><V11/><F11/><W51/><G113/><T37/><D37/><U75/><E10/><V16/><F16/><W131/><G73/><T95/><D122/><U96/><E75/><V79/><F79/><W86/><G74/><T35/><D76/><U18/><E18/><V125/><F125/><W112/><G112/><T9/><D35/><U49/><E40/><V54/><F54/><W84/><G23/><T67/><D67/><U88/><E65/><V53/><F53/><W94/><G22/><T130/><D130/><U21/><E64/><V127/><F127/><W128/><G131/><T31/><D66/><U17/><E17/><V48/><F48/><W104/><G51/><T107/><D107/><U78/><E78/><V92/><AGARI ba="2,1" hai="8,12,19,25,26,27,52,57,61,85,89,92,133,135" machi="92" ten="30,8000,1" yaku="1,1,0,1,52,1,54,1,53,1" doraHai="4" doraHaiUra="87" who="2" fromWho="2" sc="235,-22,408,-42,92,96,255,-22" /><INIT seed="2,0,0,4,4,68" ten="213,366,188,233" oya="2" hai0="88,96,120,126,84,37,134,10,14,100,47,129,27" hai1="71,46,34,53,33,86,94,117,109,49,31,19,130" hai2="105,87,101,67,25,80,58,111,23,124,103,59,91" hai3="128,13,29,40,26,21,3,0,16,9,56,17,36"/><V60/><F105/><W107/><G107/><T6/><D120/><U5/><E117/><V123/><F123/><W118/><G118/><T125/><D129/><U78/><E71/><V121/><F121/><W35/><G128/><T127/><D134/><U22/><E130/><V77/><F124/><W51/><G36/><T54/><D27/><U99/><E109/><V45/><F111/><W42/><G42/><N who="0" m="22991" /><D54/><U24/><E5/><V75/><F45/><W18/><G40/><T2/><D100/><U11/><E11/><V73/><F73/><W20/><G51/><T93/><D96/><U69/><E69/><V65/><F75/><W135/><G56/><T55/><D55/><U119/><E119/><V74/><F74/><W63/><G63/><T98/><D98/><U30/><E34/><V83/><F83/><W57/><G57/><T97/><D97/><U70/><E33/><V115/><F77/><W92/><G92/><T72/><D72/><U39/><E39/><V44/><F44/><W89/><G89/><T85/><D85/><U52/><E53/><V62/><F115/><W79/><G79/><T116/><D116/><U15/><E70/><V66/><F67/><W38/><G38/><T4/><D4/><U90/><E24/><V113/><F113/><W81/><G81/><AGARI ba="0,0" hai="15,19,22,30,31,46,49,52,78,81,86,90,94,99" machi="81" ten="40,2600,0" yaku="8,1,54,1" doraHai="68" who="1" fromWho="3" sc="213,0,366,26,188,0,233,-26" /><INIT seed="3,0,0,3,4,3" ten="213,392,188,207" oya="3" hai0="23,127,82,4,18,20,44,109,133,5,102,67,64" hai1="42,101,89,49,28,66,99,135,107,110,8,1,85" hai2="97,63,55,93,132,114,36,111,27,69,92,62,17" hai3="115,90,9,130,7,38,33,35,52,58,73,32,125"/><W77/><G115/><T21/><D109/><U40/><E110/><V96/><F111/><W11/><G38/><T94/><D127/><U71/><E135/><V0/><F114/><W6/><G125/><T117/><D117/><U76/><E76/><V124/><F124/><W108/><G108/><T104/><D104/><U87/><E87/><V72/><F72/><W78/><G130/><T86/><D133/><U13/><E1/><V103/><F0/><W45/><G45/><T126/><D18/><U79/><E79/><N who="3" m="30218" /><G32/><T57/><D44/><U43/><E28/><V129/><F69/><W39/><G33/><T112/><D112/><U2/><E2/><V128/><F36/><W25/><G35/><T113/><D113/><U95/><E66/><N who="0" m="25129" /><D57/><U46/><E71/><V81/><F81/><W80/><G25/><T91/><D126/><U106/><E106/><V120/><F120/><W98/><G39/><T74/><D74/><U118/><E118/><V16/><F132/><W48/><G73/><T119/><D119/><U41/><E41/><V54/><F103/><W10/><G80/><T59/><D59/><U121/><E121/><V24/><AGARI ba="0,0" hai="16,17,24,27,54,55,62,63,92,93,96,97,128,129" machi="24" ten="25,6400,0" yaku="0,1,22,2,54,1" doraHai="3" who="2" fromWho="2" sc="213,-16,392,-16,188,64,207,-32" owari="197,-20.3,376,47.6,252,5.2,175,-32.5" /></mjloggm>