<mjloggm ver="2.3"><GO type="225" lobby="0"/><UN n0="%E3%83%A9%E3%83%BC%E3%83%A1%E3%83%B3%E4%BA%94%E9%83%8E" n1="%E7%9C%BC%E7%A7%91%E5%8C%BB" n2="%E3%83%81%E3%83%AF%E3%83%AF%E9%9A%8A%E9%95%B7" n3="%E7%89%B9%E6%9D%B1%E3%81%AF%E4%B8%96%E7%95%8C%E3%82%92%E6%95%91%E3%81%86" dan="16,16,17,16" rate="2127.54,2096.66,2124.42,2133.36" sx="M,M,M,M"/><TAIKYOKU oya="0"/><INIT seed="0,0,0,5,1,59" ten="250,250,250,250" oya="0" hai0="122,84,95,2,23,15,110,12,118,1,123,48,124" hai1="61,7,53,85,27,45,34,132,49,51,29,98,113" hai2="103,55,70,112,47,18,86,128,17,77,83,88,104" hai3="28,5,131,60,96,31,54,67,81,69,92,64,33"/><T126/><D118/><U68/><E132/><V22/><F112/><W119/><G119/><T65/><D110/><U94/><E113/><V129/><F70/><W80/><G131/><N who="2" m="50249" /><F77/><W3/><G67/><T66/><D48/><U117/><E117/><V44/><F55/><W100/><G5/><T97/><D84/><U0/><E85/><V90/><F90/><W11/><G11/><T40/><D40/><U76/><E76/><V91/><F91/><W127/><G3/><N who="0" m="1035" /><D66/><U26/><E26/><N who="2" m="14671" /><F18/><W4/><G4/><T38/><D65/><U56/><E68/><V134/><F134/><W19/><G54/><T25/><D123/><U58/><E58/><V87/><F87/><W111/><G64/><T130/><D122/><U133/><E133/><V14/><F14/><W82/><G69/><T78/><D78/><U120/><E120/><V93/><F104/><W114/><G114/><T36/><D130/><U52/><E7/><V135/><F135/><W39/><G82/><T74/><D12/><U43/><E0/><V106/><F106/><W105/><G80/><T109/><D15/><U50/><REACH who="1" step="1"/><E53/><REACH who="1" ten="250,240,250,250" step="2"/><V79/><F79/><W10/><G81/><T75/><D75/><U6/><E6/><V125/><F125/><W57/><G127/><N who="0" m="48683" /><D74/><U21/><E21/><V121/><F121/><W16/><G57/><T99/><D23/><U72/><E72/><V89/><F83/><W107/><G19/><T37/><D109/><U63/><E63/><V13/><F86/><W46/><G60/><T20/><D95/><U115/><E115/><V101/><F93/><N who="3" m="58383" /><G111/><T108/><D108/><RYUUKYOKU ba="0,1" sc="250,15,240,15,250,-15,250,-15" hai0="20,25,36,37,38,97,99" hai1="27,29,34,43,45,49,50,51,52,56,61,94,98" /><INIT seed="0,1,1,2,3,116" ten="265,255,235,235" oya="0" hai0="0,78,121,85,64,32,109,20,12,93,86,100,110" hai1="6,67,46,73,96,56,3,97,68,10,79,126,65" hai2="103,39,7,44,80,111,48,112,27,124,54,63,58" hai3="17,99,92,105,8,102,52,72,61,123,57,108,131"/><T35/><D0/><U33/><E126/><V94/><F112/><W77/><G108/><N who="0" m="41579" /><D64/><U23/><E33/><N who="0" m="12873" /><D78/><U90/><E68/><V76/><F111/><W107/><G131/><T87/><D121/><U75/><E23/><V37/><F124/><W74/><G123/><T118/><D118/><U40/><E56/><V36/><F7/><W83/><REACH who="3" step="1"/><G74/><REACH who="3" ten="265,255,235,225" step="2"/><T129/><D129/><U26/><E75/><V133/><F133/><W41/><G41/><T134/><D134/><U1/><E73/><V120/><F120/><W25/><G25/><T117/><D117/><U70/><E26/><V115/><F27/><W82/><G82/><T59/><D85/><U11/><E40/><V19/><F80/><W113/><G113/><T51/><D86/><U45/><E96/><V132/><F115/><W43/><G43/><T127/><D87/><U89/><E97/><V128/><F132/><W101/><G101/><T47/><D100/><U31/><E70/><V21/><F128/><W34/><G34/><T2/><D127/><U30/><REACH who="1" step="1"/><E6/><REACH who="1" ten="265,245,235,225" step="2"/><V98/><F98/><W22/><G22/><T16/><D20/><U60/><E60/><V38/><F63/><W18/><G18/><T42/><D16/><U14/><E14/><AGARI ba="1,3" hai="8,14,17,52,57,61,72,77,83,92,99,102,105,107" machi="14" ten="40,5200,0" yaku="1,1,54,1,53,1" doraHai="116" doraHaiUra="91" who="3" fromWho="1" sc="265,0,245,-55,235,0,225,85" /><INIT seed="1,0,0,3,3,66" ten="265,190,235,310" oya="1" hai0="58,43,95,30,89,48,86,34,28,9,119,76,121" hai1="11,134,87,38,6,21,7,26,46,109,115,77,27" hai2="103,44,56,111,68,73,82,12,71,14,100,92,4" hai3="42,114,63,130,94,72,113,3,78,133,96,69,53"/><U67/><E115/><V93/><F111/><W10/><G42/><T98/><D119/><U131/><E109/><V57/><F44/><W124/><G130/><T123/><D9/><U40/><E131/><V90/><F82/><W91/><G133/><T65/><D34/><U116/><E116/><V83/><F83/><W49/><G78/><T41/><D76/><U122/><E122/><N who="0" m="46601" /><D98/><U75/><E134/><V18/><F18/><W125/><G72/><T33/><D33/><U105/><E105/><V127/><F90/><W97/><G97/><T88/><D89/><U117/><E117/><V13/><F73/><W23/><G23/><T17/><D17/><U32/><E32/><V16/><F16/><W25/><G25/><T80/><D80/><N who="1" m="45119" /><E87/><V101/><F4/><N who="3" m="1311" /><G63/><N who="0" m="38135" /><D48/><U64/><E6/><V126/><F92/><W74/><G74/><T47/><D47/><U8/><E8/><V59/><F93/><W120/><G120/><T110/><D110/><U2/><E27/><V19/><F19/><AGARI ba="0,0" hai="2,7,11,19,21,26,38,40,46,64,67" m="45119" machi="19" ten="30,1500,0" yaku="25,1" doraHai="66" who="1" fromWho="2" sc="265,0,190,15,235,-15,310,0" /><INIT seed="1,1,0,4,4,44" ten="265,205,220,310" oya="1" hai0="115,102,28,122,126,131,132,52,93,113,12,77,100" hai1="120,26,50,64,117,59,128,11,31,84,133,16,2" hai2="127,40,65,78,72,116,25,74,54,107,33,61,38" hai3="97,58,95,111,99,34,82,37,67,49,71,106,17"/><U4/><E120/><V91/><F116/><W27/><G37/><T87/><D122/><U1/><E117/><V130/><F107/><W8/><G71/><T75/><D75/><U15/><E128/><V39/><F130/><W18/><G111/><T22/><D131/><U43/><E133/><V104/><F104/><W69/><G69/><T0/><D0/><U42/><E1/><V7/><F127/><W90/><G82/><N who="0" m="47567" /><D132/><U14/><E2/><V57/><F7/><W13/><G106/><T112/><D126/><U35/><E84/><V63/><F78/><W60/><G49/><T62/><D115/><U51/><E64/><V6/><F6/><W79/><G79/><T135/><D135/><U105/><E105/><V119/><F119/><W24/><G34/><T129/><D129/><U89/><E89/><V32/><F39/><W10/><G99/><N who="0" m="59503" /><D102/><U110/><E110/><V20/><F33/><W86/><G97/><T73/><D73/><U109/><E109/><V30/><F32/><W76/><G76/><T48/><D113/><U103/><E103/><V124/><F124/><W101/><G101/><T134/><D134/><U83/><E83/><V5/><F91/><W81/><G81/><T56/><D112/><U98/><E98/><V88/><F88/><W123/><G123/><T23/><D28/><U94/><E94/><V21/><F74/><W29/><G29/><T46/><D12/><AGARI ba="1,0" hai="8,10,12,13,17,18,24,27,58,60,67,86,90,95" machi="12" ten="40,2600,0" yaku="9,1,8,1" doraHai="44" who="3" fromWho="0" sc="265,-29,205,0,220,0,310,29" /><INIT seed="2,0,0,3,5,58" ten="236,205,220,339" oya="2" hai0="63,4,131,72,29,64,73,41,10,122,118,126,37" hai1="62,1,49,12,104,92,105,121,114,95,120,26,98" hai2="123,8,54,135,69,6,130,16,19,31,88,119,23" hai3="129,89,134,24,91,45,59,61,43,113,14,60,57"/><V111/><F119/><W65/><G129/><T94/><D122/><N who="1" m="47211" /><E1/><V87/><F123/><W39/><G134/><T50/><D118/><U55/><E114/><V117/><F117/><W9/><G24/><T51/><D131/><U2/><E2/><V47/><F130/><W76/><G76/><T30/><D37/><U7/><E26/><N who="2" m="16863" /><F69/><W124/><G124/><T0/><D126/><U25/><E25/><V93/><F135/><W22/><G22/><T66/><D66/><U67/><E12/><N who="2" m="5143" /><F111/><W46/><G46/><T80/><D72/><U33/><E7/><V44/><F44/><W106/><G106/><N who="1" m="41066" /><E33/><V32/><F32/><W13/><G113/><T28/><D41/><U35/><E35/><V108/><F108/><W100/><G100/><T78/><REACH who="0" step="1"/><D94/><REACH who="0" ten="226,205,220,339" step="2"/><U56/><E98/><V36/><F36/><W18/><G14/><T90/><D90/><U34/><E34/><V81/><F93/><W133/><G133/><T42/><D42/><U102/><E102/><V83/><F83/><W128/><G128/><T127/><D127/><U96/><E96/><V110/><F110/><W68/><G68/><AGARI ba="0,1" hai="0,4,10,28,29,30,50,51,63,64,68,73,78,80" machi="68" ten="40,2600,0" yaku="1,1,52,1,53,0" doraHai="58" doraHaiUra="15" who="0" fromWho="3" sc="226,36,205,0,220,0,339,-26" /><AGARI ba="0,0" hai="49,55,56,62,67,68,92,95" m="41066,47211" machi="68" ten="30,2000,0" yaku="13,1,52,1" doraHai="58" who="1" fromWho="3" sc="262,0,205,20,220,0,313,-20" /><INIT seed="3,0,0,5,4,65" ten="262,225,220,293" oya="3" hai0="8,116,19,48,46,124,85,77,121,7,98,109,41" hai1="23,24,33,78,36,134,106,54,70,11,97,100,107" hai2="102,25,1,105,16,135,84,52,96,30,40,0,104" hai3="79,74,18,31,119,13,68,22,56,5,118,127,122"/><W38/><G68/><T87/><D116/><U132/><E36/><V17/><F135/><N who="1" m="51753" /><E78/><V80/><F105/><W51/><G38/><T130/><D121/><U21/><E106/><V126/><F126/><W89/><G122/><T14/><D124/><U123/><E123/><V29/><F40/><W129/><G127/><T66/><D109/><U20/><E11/><V92/><F104/><W63/><G5/><T57/><D130/><U131/><E54/><V6/><F30/><W3/><G3/><T112/><D112/><U4/><E4/><V88/><F0/><W60/><G129/><T128/><D128/><U32/><E131/><V59/><F6/><W47/><G79/><T35/><D35/><N who="1" m="13387" /><E70/><V120/><F1/><W64/><G74/><T10/><D77/><U53/><E53/><V117/><F117/><W67/><G119/><T76/><D76/><U61/><E61/><N who="2" m="36071" /><F120/><W94/><G118/><T95/><D66/><N who="3" m="25129" /><G56/><T69/><D57/><U113/><E113/><V45/><F45/><W12/><G31/><AGARI ba="0,0" hai="20,21,23,24,31,97,100,107" m="13387,51753" machi="31" ten="30,1000,0" yaku="20,1" doraHai="65" who="1" fromWho="3" sc="262,0,225,10,220,0,293,-10" /><INIT seed="4,0,0,0,3,57" ten="262,235,220,283" oya="0" hai0="98,89,108,13,135,27,115,97,6,35,85,90,4" hai1="63,83,94,41,36,38,16,33,88,129,17,21,7" hai2="101,80,134,79,99,127,3,18,2,105,10,37,75" hai3="110,112,65,87,77,103,100,123,46,69,47,61,19"/><T113/><D108/><U43/><E33/><V111/><F111/><W62/><G110/><T23/><D35/><U81/><E7/><N who="0" m="2601" /><D13/><U70/><E129/><V86/><F37/><W124/><G112/><N who="0" m="43083" /><D135/><U31/><E38/><V48/><F134/><W24/><G124/><T58/><D58/><U39/><E39/><V125/><F75/><W76/><G123/><T132/><D132/><U126/><E126/><N who="2" m="48139" /><F48/><W133/><G133/><T56/><D56/><U42/><E36/><V26/><F10/><W59/><G62/><T54/><D54/><U104/><E104/><V106/><F106/><W22/><G69/><T12/><D12/><U82/><E70/><V74/><F74/><W119/><G119/><T0/><D0/><U28/><E63/><V116/><F116/><W109/><G109/><T78/><D78/><N who="3" m="30313" /><G87/><T40/><D40/><U66/><E66/><V55/><F55/><W14/><G14/><T71/><D71/><U34/><E34/><V130/><F130/><W120/><G120/><T1/><D1/><U15/><REACH who="1" step="1"/><E17/><REACH who="1" ten="262,225,220,283" step="2"/><V8/><F8/><W128/><G128/><T84/><D23/><AGARI ba="0,1" hai="2,3,18,23,26,79,80,86,99,101,105" m="48139" machi="23" ten="30,1000,0" yaku="18,1" doraHai="57" who="2" fromWho="0" sc="262,-10,225,0,220,20,283,0" /><INIT seed="5,0,0,0,2,100" ten="252,225,240,283" oya="1" hai0="30,68,3,29,87,33,5,91,10,42,51,21,6" hai1="22,12,56,88,97,75,62,124,53,133,4,118,60" hai2="135,49,13,43,102,112,105,95,123,50,129,82,44" hai3="99,74,25,0,17,130,28,110,115,117,47,45,86"/><U90/><E118/><V73/><F123/><W52/><G110/><T96/><D68/><U98/><E75/><V24/><F129/><W132/><G74/><T59/><D33/><U111/><E133/><V31/><F135/><W67/><G132/><T81/><D6/><U61/><E124/><V65/><F112/><W106/><G0/><T71/><D71/><U114/><E114/><V18/><F65/><W131/><G67/><T19/><D96/><N who="1" m="36971" /><E111/><V32/><F95/><W11/><G86/><T34/><D34/><U54/><E22/><V122/><F122/><W92/><G106/><T94/><D81/><U104/><E104/><V39/><F105/><W2/><G117/><T9/><D9/><N who="1" m="4135" /><E53/><V120/><F102/><N who="3" m="60775" /><G52/><N who="0" m="32159" /><D42/><U38/><E38/><V41/><F41/><W121/><G121/><T37/><D37/><U35/><E35/><V116/><F120/><W7/><G17/><T79/><D79/><U15/><E15/><AGARI ba="0,0" hai="3,5,10,15,19,21,29,30,87,91,94" m="32159" machi="15" ten="30,2000,0" yaku="25,1,54,1" doraHai="100" who="0" fromWho="1" sc="252,20,225,-20,240,0,283,0" /><INIT seed="6,0,0,1,2,33" ten="272,205,240,283" oya="2" hai0="120,31,113,6,58,122,85,78,19,79,107,66,134" hai1="38,101,105,94,53,9,35,133,125,25,47,75,123" hai2="83,4,68,95,28,118,41,23,7,56,51,81,17" hai3="1,82,42,80,127,84,72,63,45,119,131,104,116"/><V114/><F68/><W0/><G104/><T32/><D107/><U115/><E94/><V124/><F118/><W77/><G131/><T54/><D6/><U20/><E35/><V11/><F114/><W26/><G127/><T86/><D113/><U74/><E115/><V98/><F124/><W27/><G63/><T49/><D134/><U117/><E117/><V14/><F28/><W91/><G116/><T69/><D32/><U59/><E125/><V48/><F4/><W71/><G71/><T67/><D31/><U76/><E133/><V73/><F73/><W64/><G64/><N who="0" m="24619" /><D69/><U110/><E110/><V39/><F39/><W2/><REACH who="3" step="1"/><G119/><REACH who="3" ten="272,205,240,273" step="2"/><T96/><D122/><U100/><E123/><V46/><F51/><AGARI ba="0,1" hai="0,1,2,26,27,42,45,51,72,77,80,82,84,91" machi="51" ten="40,8000,1" yaku="1,1,2,1,52,3,53,0" doraHai="33" doraHaiUra="65" who="3" fromWho="2" sc="272,0,205,0,240,-80,273,90" owari="272,7.2,205,-19.5,160,-34.0,363,46.3" /></mjloggm>