<mjloggm ver="2.3"><GO type="225" lobby="0"/><UN n0="%E3%81%99%E3%81%84%E3%81%BE%E3%81%9B%E3%83%BC%E3%82%93" n1="%E3%81%A1%E3%82%85%E3%81%86%E3%81%A9%E3%81%8F%E8%B1%A1%E3%81%95%E3%82%93" n2="%E3%82%82%E3%81%90%E3%82%89" n3="%E3%81%95%E3%81%8D%E3%81%9F%E3%81%BE%E6%9E%97%E6%AA%8E" dan="16,16,16,16" rate="2102.95,2180.79,2178.28,2107.16" sx="M,M,M,M"/><TAIKYOKU oya="0"/><INIT seed="0,0,0,1,0,5" ten="250,250,250,250" oya="0" hai0="133,87,26,119,98,36,19,130,95,49,96,114,103" hai1="86,113,32,122,125,74,64,73,75,47,58,135,118" hai2="29,11,39,6,62,3,8,120,112,50,72,40,56" hai3="51,71,21,1,68,37,92,117,108,132,45,23,94"/><T99/><D36/><U65/><E118/><V41/><F112/><W91/><G108/><T59/><D114/><U42/><E122/><V121/><F72/><W16/><G1/><T66/><D119/><U12/><E113/><V33/><F39/><W102/><G117/><T101/><D133/><U53/><E32/><V81/><F120/><W7/><G7/><T13/><D26/><U28/><E28/><V61/><F33/><W27/><G37/><T18/><D130/><U4/><E135/><V55/><F3/><W78/><G78/><T83/><D19/><U82/><E125/><V127/><F6/><W9/><G9/><N who="2" m="3657" /><F127/><W107/><G107/><T2/><D2/><U63/><E4/><V35/><F35/><W14/><G132/><T88/><D103/><U10/><E73/><V126/><F121/><W131/><G131/><T123/><D123/><U80/><E75/><V34/><F34/><W67/><G67/><T85/><D85/><U100/><E74/><V57/><F126/><W76/><G76/><T110/><D110/><U106/><E65/><N who="2" m="39079" /><F29/><W24/><G71/><T0/><D0/><U134/><E134/><V22/><F22/><W70/><G23/><N who="0" m="11727" /><D66/><U54/><E64/><N who="2" m="38991" /><F81/><W116/><G116/><T25/><D25/><U38/><E82/><V84/><F84/><W52/><G70/><T77/><D77/><N who="1" m="46351" /><E106/><V111/><F111/><W104/><G104/><T109/><D109/><U128/><E128/><V15/><F15/><W48/><G68/><T43/><D59/><AGARI ba="0,0" hai="40,41,50,55,59" m="38991,39079,3657" machi="59" ten="30,7700,0" yaku="8,1,52,3" doraHai="5" who="2" fromWho="0" sc="250,-77,250,0,250,77,250,0" /><INIT seed="1,0,0,3,0,119" ten="173,250,327,250" oya="1" hai0="99,20,37,27,82,55,100,61,70,68,115,29,116" hai1="16,51,114,71,112,79,28,67,31,60,21,80,85" hai2="127,13,103,69,123,46,78,105,120,5,74,132,38" hai3="72,49,10,107,41,17,62,14,133,92,23,0,118"/><U11/><E51/><V53/><F13/><W98/><G107/><T57/><D115/><U108/><E108/><V15/><F15/><W44/><G133/><T110/><D116/><U125/><E125/><V81/><F53/><W73/><G118/><T94/><D37/><U97/><E11/><V76/><F127/><W117/><G117/><T40/><D40/><U35/><E97/><N who="2" m="61679" /><F132/><W2/><G2/><T111/><REACH who="0" step="1"/><D82/><REACH who="0" ten="163,250,327,250" step="2"/><U47/><E114/><V130/><F38/><W134/><G134/><T89/><D89/><U106/><E112/><V19/><F78/><W77/><G77/><T50/><D50/><U45/><E79/><V126/><F81/><W63/><G49/><T135/><D135/><U39/><E80/><V104/><F76/><W91/><G91/><T48/><D48/><U9/><E39/><V3/><F126/><W86/><G41/><T128/><D128/><U64/><E45/><V96/><F46/><W34/><G44/><T36/><D36/><U84/><E47/><V1/><F130/><W56/><G63/><T109/><AGARI ba="0,1" hai="20,27,29,55,57,61,68,70,94,99,100,109,110,111" machi="109" ten="30,7900,0" yaku="1,1,0,1,14,1,53,1" doraHai="119" doraHaiUra="24" who="0" fromWho="0" sc="163,89,250,-39,327,-20,250,-20" /><INIT seed="2,0,0,0,1,65" ten="252,211,307,230" oya="2" hai0="32,135,133,85,34,72,21,44,11,83,94,88,82" hai1="25,41,8,126,13,124,70,131,100,23,84,116,9" hai2="63,125,61,64,42,93,28,79,87,54,29,48,77" hai3="4,38,45,98,105,118,51,109,18,7,10,35,91"/><V2/><F2/><W24/><G109/><T59/><D11/><U80/><E116/><V95/><F42/><W102/><G118/><T117/><D117/><U20/><E131/><V5/><F5/><W110/><G110/><T58/><D44/><U132/><E41/><V37/><F37/><W60/><G38/><T46/><D46/><U86/><E100/><V130/><F130/><W3/><G60/><N who="2" m="23113" /><F64/><W74/><G74/><T49/><D21/><N who="1" m="8267" /><E25/><V75/><F75/><W119/><G119/><T1/><D1/><U47/><E47/><N who="2" m="27935" /><F125/><N who="1" m="48233" /><E132/><N who="0" m="50761" /><D49/><U31/><E31/><N who="2" m="11851" /><F87/><N who="1" m="33321" /><E80/><N who="0" m="30761" /><D72/><U122/><E122/><V106/><F106/><W107/><G107/><T129/><D129/><U115/><E115/><V26/><F26/><W39/><G24/><T68/><D32/><U50/><E50/><V12/><F12/><W36/><G35/><T81/><D34/><U113/><E113/><V27/><F27/><W92/><G105/><T56/><D81/><U66/><E13/><V71/><F79/><W108/><G39/><T43/><D43/><U19/><E19/><V62/><F77/><W33/><G36/><T89/><D89/><U96/><E96/><V73/><F73/><W30/><G91/><T0/><D0/><U121/><E121/><V14/><F14/><W78/><G98/><T6/><D6/><U22/><E22/><V16/><F16/><W67/><G18/><T40/><D40/><U55/><E55/><V114/><F114/><W97/><G7/><T127/><D127/><U90/><E90/><V57/><F57/><W15/><G4/><T123/><D123/><U111/><E111/><RYUUKYOKU ba="0,0" sc="252,10,211,10,307,10,230,-30" hai0="56,58,59,68,85,88,94" hai1="8,9,66,70" hai2="62,71,93,95" /><INIT seed="2,1,0,2,5,67" ten="262,221,317,200" oya="2" hai0="43,38,129,39,96,89,119,63,21,130,29,28,52" hai1="16,65,84,76,53,26,101,8,134,34,97,58,94" hai2="98,115,122,25,105,18,71,85,37,4,36,33,24" hai3="56,95,17,42,120,44,74,70,81,46,113,75,66"/><V64/><F122/><W31/><G120/><T128/><D119/><U112/><E112/><V91/><F115/><W2/><G2/><T114/><D114/><U107/><E134/><V45/><F4/><W20/><G113/><T103/><D89/><U108/><E108/><V111/><F18/><W51/><G31/><N who="0" m="11851" /><D21/><N who="1" m="13607" /><E34/><V93/><F33/><W86/><G70/><T124/><D43/><U109/><E109/><V80/><F111/><W131/><G131/><T68/><D124/><U83/><E107/><V11/><F11/><W104/><G104/><N who="0" m="63591" /><D68/><U87/><E8/><V55/><F105/><W9/><G9/><T27/><D27/><U117/><E117/><V82/><F82/><W49/><G95/><T116/><D116/><U48/><E84/><V127/><F37/><W73/><G66/><AGARI ba="1,0" hai="48,53,58,65,66,76,83,87,94,97,101" m="13607" machi="66" ten="30,2000,0" yaku="8,1,54,1" doraHai="67" who="1" fromWho="3" sc="262,0,221,23,317,0,200,-23" /><INIT seed="3,0,0,4,1,110" ten="262,244,317,177" oya="3" hai0="106,54,37,40,65,30,24,116,5,58,94,80,34" hai1="111,16,126,93,71,74,79,7,31,78,128,133,124" hai2="42,60,1,86,76,49,129,123,117,112,43,53,12" hai3="118,131,39,38,29,47,63,134,100,36,130,55,81"/><W26/><G118/><T46/><D106/><U77/><E71/><V44/><F112/><W9/><G134/><T70/><D116/><U82/><E31/><V22/><F1/><W113/><G100/><T41/><D41/><U4/><E111/><V72/><F72/><W68/><G81/><T121/><D121/><U101/><E133/><V119/><F129/><N who="3" m="49163" /><G9/><T28/><D28/><U27/><E128/><V114/><F114/><W69/><G113/><T14/><D80/><U127/><E82/><N who="2" m="47431" /><F123/><W125/><G125/><T20/><D94/><U108/><E74/><V62/><F119/><W98/><G98/><T32/><D5/><U21/><E108/><V51/><F117/><W103/><G103/><T10/><D10/><U11/><E11/><V52/><F22/><N who="3" m="15575" /><G47/><T64/><D32/><U92/><E101/><V73/><F12/><W120/><G120/><T83/><D83/><U122/><E122/><V13/><F13/><W8/><G8/><T135/><D135/><U25/><E25/><V84/><F84/><W57/><AGARI ba="0,0" hai="36,38,39,55,57,63,68,69" m="15575,49163" machi="57" ten="40,2100,0" yaku="19,1" doraHai="110" who="3" fromWho="3" sc="262,-7,244,-7,317,-7,177,21" /><INIT seed="3,1,0,5,5,28" ten="255,237,310,198" oya="3" hai0="10,78,19,63,36,26,46,72,106,73,79,89,15" hai1="49,81,62,34,94,66,18,22,55,12,131,1,32" hai2="99,97,16,119,11,125,47,121,3,41,86,24,129" hai3="56,96,30,116,74,105,84,69,4,128,82,134,25"/><W5/><G116/><T133/><D106/><U33/><E1/><V39/><F119/><W115/><G115/><T122/><D122/><U83/><E94/><V48/><F121/><W7/><G74/><T92/><D133/><U70/><REACH who="1" step="1"/><E131/><REACH who="1" ten="255,227,310,198" step="2"/><V51/><F129/><W8/><G128/><T75/><D92/><U17/><E17/><V87/><F16/><W101/><G134/><T91/><D19/><U107/><E107/><V68/><F3/><W132/><G132/><T60/><D75/><U113/><E113/><V0/><F0/><W37/><G37/><T88/><D73/><U77/><E77/><V61/><F39/><W64/><G56/><AGARI ba="1,1" hai="12,18,22,32,33,34,49,55,56,62,66,70,81,83" machi="56" ten="40,8000,1" yaku="1,1,52,3,53,0" doraHai="28" doraHaiUra="21" who="1" fromWho="3" sc="255,0,227,93,310,0,198,-83" owari="255,-14.5,320,42.0,310,11.0,115,-38.5" /></mjloggm>