<mjloggm ver="2.3"><GO type="225" lobby="0"/><UN n0="%E5%B8%86%E7%AB%8B%E5%A4%8F%E8%A1%A3" n1="%73%7A%2E%64%31" n2="%33%74%72%65%65" n3="%E2%91%A3%E9%81%BF%E9%81%8A%E6%88%AF%E3%80%90%E6%9D%B1%E5%8D%97%E3%80%91" dan="16,16,17,16" rate="2116.93,2114.00,2201.60,2133.14" sx="M,M,F,M"/><TAIKYOKU oya="0"/><INIT seed="0,0,0,1,4,15" ten="250,250,250,250" oya="0" hai0="11,56,2,48,103,105,55,53,66,8,20,85,38" hai1="77,122,87,126,68,47,117,58,45,110,33,86,84" hai2="82,109,17,51,63,107,118,10,75,95,7,12,69" hai3="41,131,9,102,73,79,96,49,44,31,22,23,30"/><T29/><D38/><U25/><E122/><V98/><F109/><W40/><G131/><T28/><D66/><U114/><E117/><V116/><F107/><W46/><G73/><T37/><D37/><U76/><E110/><V57/><F69/><W64/><G79/><T24/><D105/><U125/><E68/><V74/><F51/><W36/><G64/><T35/><D103/><U26/><E58/><V34/><F34/><W78/><G78/><N who="1" m="30314" /><E33/><V21/><F82/><W90/><G90/><T134/><D134/><U119/><E114/><V72/><F63/><W65/><G65/><T132/><D132/><U94/><E94/><V135/><F57/><W100/><G9/><T112/><D112/><U128/><E128/><V130/><F130/><W133/><G133/><T27/><D2/><U81/><E81/><V60/><F60/><W5/><G5/><T59/><REACH who="0" step="1"/><D85/><REACH who="0" ten="240,250,250,250" step="2"/><U42/><E119/><V39/><F39/><W97/><G36/><T71/><D71/><U13/><E87/><V83/><F135/><W52/><REACH who="3" step="1"/><G49/><AGARI ba="0,1" hai="8,11,20,24,27,28,29,35,48,49,53,55,56,59" machi="49" ten="30,5800,0" yaku="1,1,7,1,9,1,53,0" doraHai="15" doraHaiUra="101" who="0" fromWho="3" sc="240,68,250,0,250,0,250,-58" /><INIT seed="0,1,0,5,3,60" ten="308,250,250,192" oya="0" hai0="78,35,75,114,26,33,19,58,115,16,119,52,7" hai1="23,21,2,98,84,132,6,93,133,43,4,111,49" hai2="126,15,44,22,29,82,12,123,42,104,112,134,5" hai3="85,32,121,110,50,109,95,101,41,10,0,70,108"/><T48/><D119/><U47/><E84/><V129/><F104/><W97/><G121/><T81/><D7/><N who="1" m="2603" /><E2/><V34/><F82/><W39/><G32/><T120/><D120/><U68/><E68/><V73/><F73/><W53/><G70/><T3/><D3/><U63/><E111/><V83/><F83/><W135/><G135/><N who="1" m="51786" /><E63/><V54/><F123/><W92/><G0/><T106/><D106/><U28/><E28/><V13/><F29/><W128/><G10/><T51/><D51/><U11/><E11/><V25/><F5/><W117/><G117/><T8/><D26/><U71/><E71/><V80/><F25/><W24/><G24/><T122/><D122/><U130/><E130/><V66/><F129/><W62/><G62/><T18/><REACH who="0" step="1"/><D8/><REACH who="0" ten="298,250,250,192" step="2"/><U131/><E131/><V77/><F134/><W105/><G128/><T100/><D100/><AGARI ba="1,1" hai="21,23,43,47,49,93,98,100" m="51786,2603" machi="100" ten="30,1000,0" yaku="20,1" doraHai="60" who="1" fromWho="0" sc="298,-13,250,23,250,0,192,0" /><INIT seed="1,0,0,3,4,77" ten="285,273,250,192" oya="1" hai0="31,84,67,66,70,38,75,46,14,124,86,10,34" hai1="121,6,29,132,22,1,106,11,32,60,18,72,111" hai2="85,23,117,131,134,97,33,0,110,107,91,109,56" hai3="89,116,105,92,68,48,27,53,65,13,2,78,61"/><U100/><E72/><V119/><F33/><W37/><G116/><N who="2" m="44617" /><F0/><W36/><G105/><T123/><D124/><U19/><E121/><V57/><F23/><W128/><G128/><T40/><D123/><U122/><E122/><V79/><F131/><W15/><G2/><T4/><D75/><U20/><E132/><V59/><F79/><W113/><G78/><T102/><D102/><U129/><E100/><V108/><F134/><W41/><G27/><T81/><D70/><U104/><E129/><V126/><F126/><W133/><G133/><T96/><D96/><U45/><E111/><V115/><F115/><W98/><G113/><T49/><D86/><U50/><E29/><V80/><F97/><W3/><G3/><T12/><D38/><U51/><E32/><V114/><F114/><W90/><G37/><T35/><D35/><U55/><E104/><AGARI ba="0,0" hai="56,57,59,80,85,91,104,107,108,109,110" m="44617" machi="104" ten="40,2600,0" yaku="14,1,52,1" doraHai="77" who="2" fromWho="1" sc="285,0,273,-26,250,26,192,0" /><INIT seed="2,0,0,1,2,100" ten="285,247,276,192" oya="2" hai0="41,19,131,84,72,115,5,86,54,107,85,10,59" hai1="109,31,69,124,47,25,105,57,110,88,114,51,118" hai2="123,23,134,119,68,45,6,70,127,71,24,76,116" hai3="58,11,43,128,49,92,97,20,32,13,26,44,102"/><V133/><F123/><W95/><G128/><T77/><D115/><U132/><E114/><V37/><F6/><W96/><G32/><T7/><D107/><U46/><E118/><N who="2" m="45099" /><F23/><W40/><G58/><T108/><D108/><N who="1" m="41579" /><E132/><N who="2" m="50795" /><F24/><W61/><G61/><T106/><D131/><U27/><E124/><V4/><F4/><W120/><G120/><T91/><D106/><U129/><E129/><V60/><F76/><W36/><G36/><T17/><D41/><U79/><E79/><V103/><F103/><W16/><G43/><T122/><D122/><U126/><E126/><V9/><F9/><W81/><G81/><T39/><D7/><U15/><E105/><V82/><F82/><W2/><G2/><T22/><D39/><U1/><E1/><V90/><F90/><W83/><G83/><T67/><D91/><U35/><E25/><V66/><F127/><W0/><G0/><T87/><D5/><U80/><E15/><V64/><F64/><W130/><G130/><T55/><D67/><U30/><E30/><V112/><F112/><W21/><G26/><T94/><D10/><U53/><E80/><V3/><F3/><W93/><G93/><T78/><D94/><U113/><E88/><AGARI ba="0,0" hai="11,13,16,20,21,40,44,49,88,92,95,96,97,102" machi="88" ten="30,7700,0" yaku="7,1,8,1,54,2" doraHai="100" who="3" fromWho="1" sc="285,0,247,-77,276,0,192,77" /><INIT seed="3,0,0,1,4,11" ten="285,170,276,269" oya="3" hai0="78,103,53,54,128,97,6,36,21,73,99,32,76" hai1="130,18,58,80,109,86,119,70,92,91,31,129,121" hai2="115,101,46,44,124,7,51,106,15,72,30,22,9" hai3="57,134,110,77,118,24,120,43,74,131,108,116,13"/><W94/><G120/><T33/><D36/><U135/><E70/><V16/><F115/><W0/><G0/><T52/><D128/><U10/><E119/><V64/><F124/><W122/><G122/><T125/><D125/><U107/><E121/><V37/><F72/><W75/><G131/><N who="1" m="50186" /><E109/><N who="3" m="42090" /><G134/><T71/><D71/><U133/><E31/><V55/><F64/><W105/><G105/><T117/><D117/><N who="3" m="45161" /><G77/><T56/><D33/><U42/><E107/><V67/><F67/><W3/><G3/><T63/><D32/><U35/><E35/><V89/><F30/><W2/><G2/><T69/><D69/><U17/><E42/><V12/><F89/><W29/><G43/><T82/><D76/><U20/><E10/><V85/><F85/><W26/><G94/><T14/><D99/><U81/><E58/><V114/><F114/><W59/><G13/><T25/><D97/><U1/><E1/><V62/><F106/><W23/><G26/><T123/><D123/><U61/><E61/><V98/><F98/><W87/><G87/><T50/><D63/><U112/><E112/><V111/><F62/><W113/><G113/><T49/><D49/><U66/><E66/><V8/><F111/><W95/><G95/><T39/><D39/><U90/><E90/><V68/><F37/><W79/><G79/><T100/><D50/><U93/><E93/><V28/><F51/><W65/><G65/><T127/><D127/><U27/><E17/><V47/><F16/><W126/><G126/><T4/><D56/><AGARI ba="0,0" hai="23,24,29,56,57,59,74,75" m="45161,42090" machi="56" ten="30,2900,0" yaku="14,1,10,1" doraHai="11" who="3" fromWho="0" sc="285,-29,170,0,276,0,269,29" /><INIT seed="3,1,0,3,5,87" ten="256,170,276,298" oya="3" hai0="106,17,53,122,131,10,100,135,132,64,1,112,57" hai1="43,80,102,26,90,12,48,129,98,33,101,89,38" hai2="29,97,25,16,70,35,11,9,94,46,73,3,113" hai3="20,115,79,130,66,119,55,117,32,108,67,59,116"/><W47/><G32/><T134/><D122/><U65/><E38/><V95/><F113/><W74/><G115/><T28/><D112/><U23/><E129/><V92/><F73/><W37/><G20/><T5/><D131/><U15/><E33/><V81/><F70/><W120/><G130/><T50/><D28/><N who="1" m="17503" /><E65/><V82/><F97/><W24/><G24/><T93/><D106/><U54/><E43/><V71/><F71/><W60/><G120/><T72/><D72/><U39/><E39/><V6/><REACH who="2" step="1"/><F46/><REACH who="2" ten="256,170,266,298" step="2"/><W44/><G44/><T56/><D56/><N who="1" m="32839" /><E98/><V61/><F61/><W78/><G74/><T36/><D36/><U27/><E27/><V41/><F41/><W75/><G75/><T96/><REACH who="0" step="1"/><D64/><REACH who="0" ten="246,170,266,298" step="2"/><U105/><E105/><V0/><F0/><W114/><G114/><T58/><D58/><U62/><E62/><V127/><F127/><W63/><G37/><T52/><D52/><U118/><E118/><V45/><F45/><W42/><G42/><T107/><D107/><U13/><E80/><V88/><F88/><AGARI ba="1,2" hai="12,13,15,88,89,90,101,102" m="32839,17503" machi="88" ten="30,8000,1" yaku="8,1,52,3,54,1" doraHai="87" who="1" fromWho="2" sc="246,0,170,103,266,-83,298,0" /><INIT seed="4,0,0,1,3,97" ten="246,273,183,298" oya="0" hai0="14,42,21,82,129,37,29,134,101,116,49,73,87" hai1="78,85,20,61,13,45,67,112,30,100,102,81,119" hai2="90,55,86,70,59,32,9,4,24,57,115,109,83" hai3="23,133,71,79,10,48,72,65,50,88,75,43,25"/><T107/><D116/><U91/><E119/><V126/><F109/><W3/><G133/><T17/><D134/><U76/><E112/><V18/><F115/><W60/><G79/><N who="1" m="30250" /><E45/><V11/><F70/><W118/><G118/><T132/><D132/><U47/><E47/><V64/><F126/><W40/><G72/><T105/><D73/><U31/><E13/><V53/><F64/><W51/><G75/><T123/><D129/><U111/><E111/><V12/><F32/><W39/><G39/><T54/><D37/><U34/><E34/><V98/><F98/><W106/><G106/><T128/><D42/><U2/><E2/><V8/><F24/><W0/><G88/><N who="0" m="51319" /><D107/><U15/><E61/><N who="2" m="36015" /><F4/><W22/><G43/><T77/><D123/><U16/><E67/><V121/><F121/><W58/><G40/><T62/><D105/><U56/><E56/><V68/><F68/><W120/><G71/><T92/><D128/><U38/><E38/><V96/><F96/><W19/><G120/><T103/><D77/><U104/><E104/><V27/><F27/><N who="3" m="14815" /><G10/><T80/><D62/><AGARI ba="0,0" hai="8,9,11,12,18,55,59,62,83,86,90" m="36015" machi="62" ten="30,1000,0" yaku="8,1" doraHai="97" who="2" fromWho="0" sc="246,-10,273,0,183,10,298,0" /><INIT seed="5,0,0,0,3,104" ten="236,273,193,298" oya="1" hai0="86,124,106,19,126,91,54,23,29,79,66,130,9" hai1="128,6,90,70,108,122,73,109,107,89,45,120,16" hai2="98,114,33,95,34,129,11,58,110,5,2,111,25" hai3="87,60,71,56,49,57,101,132,27,10,99,59,100"/><U36/><E70/><V134/><F134/><W62/><G132/><T63/><D106/><U51/><E36/><V115/><F58/><W39/><G39/><T30/><D79/><U42/><E107/><V26/><F95/><W53/><G71/><T52/><D130/><U67/><E67/><V35/><F98/><W4/><G27/><N who="2" m="10249" /><F129/><W15/><G87/><T135/><D135/><U103/><E103/><N who="3" m="39498" /><G99/><T46/><D30/><U20/><E6/><V17/><F17/><W44/><AGARI ba="0,0" hai="4,10,15,44,49,53,56,57,59,60,62" m="39498" machi="44" ten="30,1100,0" yaku="8,1" doraHai="104" who="3" fromWho="3" sc="236,-3,273,-5,193,-3,298,11" owari="233,-16.7,268,6.8,190,-31.0,309,40.9" /></mjloggm>