<mjloggm ver="2.3"><GO type="225" lobby="0"/><UN n0="%E8%A8%88%E7%AE%97%E6%A9%9F%E8%87%AA%E7%84%B6" n1="%E6%97%A5%E6%9B%9C%E6%97%A5%E3%82%88%E3%82%8A%E3%81%AE%E4%BD%BF%E8%80%85" n2="%E3%83%B4%E3%83%A0%EF%BC%99%E3%81%A6" n3="%72%69%6F%75%63%68%61%6E" dan="17,17,17,17" rate="2221.02,2156.10,2193.33,2227.26" sx="M,M,M,M"/><TAIKYOKU oya="0"/><INIT seed="0,0,0,4,2,28" ten="250,250,250,250" oya="0" hai0="65,122,95,107,26,63,105,41,25,64,57,56,20" hai1="116,130,98,75,49,117,44,61,60,113,118,12,45" hai2="73,30,53,11,3,46,34,115,66,14,133,5,39" hai3="51,76,70,86,81,84,120,99,29,74,23,92,132"/><T87/><D122/><U94/><E75/><V108/><F115/><W112/><G112/><T42/><D95/><U129/><E12/><V19/><F108/><W127/><G120/><T32/><D87/><U13/><E13/><V54/><F66/><W121/><G121/><T124/><D20/><U82/><E82/><V104/><F104/><W78/><G127/><T55/><D55/><U4/><E4/><V109/><F109/><W10/><G132/><T0/><D63/><N who="1" m="24139" /><E113/><V91/><F91/><W18/><G70/><T72/><D72/><U43/><E94/><V1/><F1/><W131/><G131/><N who="1" m="50186" /><E45/><V79/><F79/><W21/><G10/><T17/><D17/><U67/><E98/><V15/><F15/><W27/><G78/><T52/><D52/><U2/><E2/><V7/><F7/><W37/><G37/><T38/><D38/><U24/><E24/><N who="2" m="18759" /><F73/><W22/><G51/><T80/><D0/><U68/><E68/><V50/><F39/><W35/><REACH who="3" step="1"/><G18/><REACH who="3" ten="250,250,250,240" step="2"/><T40/><D124/><U110/><E110/><V85/><F19/><W58/><G58/><T123/><D123/><U135/><E67/><V96/><F50/><W36/><G36/><T89/><D64/><U106/><E106/><V114/><F114/><W71/><G71/><T62/><D56/><U47/><E47/><V134/><F46/><W6/><G6/><T69/><D57/><U59/><E59/><V33/><F5/><W125/><G125/><T8/><D107/><U111/><E111/><V100/><F11/><W102/><AGARI ba="0,1" hai="21,22,23,27,29,35,74,76,81,84,86,92,99,102" machi="102" ten="30,7900,0" yaku="1,1,0,1,52,1,53,1" doraHai="28" doraHaiUra="88" who="3" fromWho="3" sc="250,-39,250,-20,250,-20,240,89" /><INIT seed="1,0,0,4,5,71" ten="211,230,230,329" oya="1" hai0="108,58,42,50,93,107,124,17,15,95,48,103,63" hai1="23,111,36,113,106,126,112,2,7,130,102,61,32" hai2="25,122,89,9,77,98,13,80,96,132,75,82,5" hai3="26,100,127,33,38,74,54,114,120,72,79,16,22"/><U53/><E32/><V37/><F122/><W87/><G120/><T30/><D108/><U133/><E23/><V0/><F132/><W128/><G114/><T56/><D124/><U40/><E53/><V83/><F25/><W104/><G127/><T125/><D125/><U86/><E86/><V35/><F35/><W118/><G128/><T34/><D107/><U18/><E18/><V90/><F13/><W11/><G33/><T52/><D34/><U135/><E126/><V20/><F20/><W62/><G118/><T131/><D131/><U55/><E55/><V78/><F82/><W119/><G119/><T76/><D76/><U115/><E61/><V14/><F14/><W68/><G38/><T47/><D103/><U73/><E73/><V84/><F96/><W10/><G104/><T66/><REACH who="0" step="1"/><D30/><REACH who="0" ten="201,230,230,329" step="2"/><U101/><E130/><V91/><F91/><W105/><G100/><T45/><D45/><N who="1" m="23687" /><E111/><V85/><F98/><W41/><G105/><T21/><AGARI ba="0,1" hai="15,17,21,42,47,48,50,52,56,58,63,66,93,95" machi="21" ten="20,8000,1" yaku="1,1,0,1,7,1,8,1,54,1,53,0" doraHai="71" doraHaiUra="116" who="0" fromWho="0" sc="201,90,230,-40,230,-20,329,-20" /><INIT seed="2,0,0,0,1,58" ten="291,190,210,309" oya="2" hai0="70,67,78,30,107,110,26,92,14,49,115,53,19" hai1="33,8,91,27,6,80,69,94,61,5,3,126,44" hai2="0,40,4,97,54,99,50,105,28,123,32,16,95" hai3="120,59,7,71,25,1,119,86,20,9,111,56,46"/><V11/><F123/><W55/><G119/><T17/><D107/><U48/><E126/><V36/><F36/><W47/><G120/><T42/><D115/><U109/><E109/><V68/><F40/><W29/><G111/><T57/><D110/><U118/><E118/><V108/><F108/><W87/><G71/><T125/><D125/><U60/><E69/><V83/><F68/><W101/><G56/><T52/><D78/><U66/><E66/><V62/><F83/><W45/><REACH who="3" step="1"/><G101/><REACH who="3" ten="291,190,210,299" step="2"/><T84/><D70/><U130/><E130/><V77/><F77/><W124/><G124/><T10/><D67/><U51/><E6/><V82/><F4/><W106/><G106/><T100/><D100/><U72/><E72/><V96/><F105/><W93/><G93/><T63/><D92/><U112/><E112/><V39/><F95/><W85/><G85/><T133/><D84/><U35/><E80/><V128/><F82/><W88/><G88/><T31/><D133/><U18/><E94/><V74/><F74/><W135/><G135/><T23/><D42/><U134/><E134/><V116/><F116/><W90/><G90/><T79/><D79/><U76/><E76/><V38/><F96/><W127/><G127/><T43/><D43/><U41/><E91/><V129/><F97/><W24/><G24/><T15/><D26/><U34/><REACH who="1" step="1"/><E51/><AGARI ba="0,1" hai="1,7,9,20,25,29,45,46,47,51,55,59,86,87" machi="51" ten="40,1300,0" yaku="1,1,53,0" doraHai="58" doraHaiUra="122" who="3" fromWho="1" sc="291,0,190,-13,210,0,299,23" /><INIT seed="3,0,0,2,3,128" ten="291,177,210,322" oya="3" hai0="59,104,5,42,131,117,60,20,90,51,107,45,46" hai1="112,16,14,135,93,127,15,3,26,134,72,133,67" hai2="32,43,103,111,28,62,25,34,66,88,55,11,96" hai3="18,110,27,85,53,48,77,36,78,21,98,17,19"/><W116/><G116/><T2/><D117/><U22/><E127/><V102/><F111/><W130/><G36/><T68/><D68/><U114/><E72/><V65/><F34/><W129/><G110/><T83/><D131/><N who="3" m="50185" /><G98/><T44/><D2/><U24/><E3/><V121/><F43/><W79/><G85/><T29/><D5/><U74/><E74/><V69/><F121/><W126/><G126/><T92/><D83/><U73/><E73/><V119/><F119/><W38/><G38/><T100/><D107/><U106/><E106/><V23/><F65/><W89/><G89/><T118/><D104/><U4/><E67/><V56/><F11/><W30/><G30/><T124/><D124/><U82/><E82/><V1/><F1/><W122/><G122/><T35/><D35/><U64/><E64/><V101/><F32/><W40/><G40/><T61/><D100/><U50/><E50/><V10/><F10/><W49/><G48/><T39/><D118/><U123/><E123/><V86/><F96/><W54/><G54/><N who="0" m="32223" /><D42/><U9/><E93/><V37/><F37/><W13/><G13/><T57/><D39/><U63/><E63/><V41/><F41/><W8/><G8/><T97/><D60/><U31/><E26/><V70/><F66/><W87/><G87/><T84/><D84/><U80/><E80/><N who="2" m="49223" /><F69/><W75/><G75/><T0/><D0/><U6/><E6/><V108/><F70/><W91/><G91/><T52/><D29/><U81/><E81/><V47/><F108/><W12/><G27/><T58/><D20/><AGARI ba="0,0" hai="4,9,14,15,16,20,22,24,31,112,114,133,134,135" machi="20" ten="40,16000,3" yaku="20,1,34,3,52,3,54,1" doraHai="128" who="1" fromWho="0" sc="291,-160,177,160,210,0,322,0" owari="131,-36.9,337,43.7,210,-19.0,322,12.2" /></mjloggm>