<mjloggm ver="2.3"><GO type="225" lobby="0"/><UN n0="%61%67%65%48%61" n1="%E3%83%97%E3%83%AC%E3%83%B4%E3%82%A1%E3%83%86%E3%82%A3" n2="%E9%80%86%E9%80%A3%E5%B8%AF%E3%81%AE%E9%AC%BC" n3="%E9%B3%B3%E6%9D%B1%E3%81%AE%E3%81%BF%E3%81%91%E3%81%AB%E3%82%83%E3%82%93" dan="16,16,16,17" rate="2109.34,2090.39,2137.36,2153.90" sx="M,F,M,F"/><TAIKYOKU oya="0"/><INIT seed="0,0,0,3,5,8" ten="250,250,250,250" oya="0" hai0="20,13,28,100,117,104,55,94,115,91,16,9,90" hai1="44,0,29,131,78,30,83,96,132,114,79,56,82" hai2="69,66,64,106,120,92,126,24,68,49,89,70,93" hai3="108,5,122,6,105,112,11,118,109,130,75,46,119"/><T47/><D115/><U23/><E114/><V1/><F1/><N who="3" m="431" /><G46/><T74/><D74/><U32/><E0/><V15/><F106/><W33/><G75/><T7/><D117/><N who="3" m="44553" /><G105/><T63/><D104/><U103/><E131/><V45/><F120/><W123/><G130/><T72/><D72/><U111/><E111/><N who="3" m="42570" /><G33/><T37/><D37/><U99/><E44/><V135/><F93/><W35/><G35/><T60/><D28/><U59/><E32/><V102/><F102/><W73/><G73/><T39/><D39/><U54/><E103/><V41/><F66/><W18/><G6/><T58/><D47/><U133/><E54/><V67/><F64/><W71/><G71/><T3/><REACH who="0" step="1"/><D63/><REACH who="0" ten="240,250,250,250" step="2"/><U88/><E132/><V40/><F135/><W21/><G112/><T107/><D107/><U95/><E133/><V85/><F45/><W4/><G4/><T62/><D62/><U17/><E59/><V110/><F110/><W76/><G76/><T124/><D124/><U81/><E56/><V77/><F126/><W43/><G43/><T31/><D31/><U26/><E30/><V2/><F41/><W86/><G86/><T12/><D12/><AGARI ba="0,1" hai="12,18,21,122,123" m="42570,44553,431" machi="12" ten="30,7700,0" yaku="14,1,34,2,52,1" doraHai="8" who="3" fromWho="0" sc="240,-77,250,0,250,0,250,87" /><INIT seed="1,0,0,5,1,129" ten="163,250,250,337" oya="1" hai0="135,7,88,120,5,14,75,2,83,78,58,47,68" hai1="9,32,13,34,86,30,110,18,72,10,26,0,4" hai2="79,16,105,111,94,41,66,125,11,1,48,98,126" hai3="117,56,76,42,80,109,15,24,20,85,93,67,35"/><U115/><E72/><V81/><F105/><W91/><G109/><T73/><D68/><U64/><E64/><V97/><F111/><W65/><G117/><T51/><D2/><U57/><E57/><V119/><F119/><W59/><G35/><T6/><D120/><U29/><E86/><V54/><F66/><W33/><G33/><T3/><D3/><U114/><E110/><V22/><F41/><W53/><G42/><T116/><D116/><U92/><E92/><V132/><F132/><W90/><G15/><T39/><D75/><U103/><E103/><V25/><F1/><W113/><G113/><T107/><D107/><U82/><E82/><V84/><F11/><W40/><G40/><T118/><D118/><U38/><E38/><V17/><F17/><N who="3" m="12303" /><G76/><T89/><D135/><U19/><E18/><V130/><F130/><W121/><G59/><T124/><D39/><U128/><E128/><V106/><F106/><W49/><G121/><T123/><D123/><U95/><E95/><V50/><F98/><AGARI ba="0,0" hai="49,53,56,65,67,80,85,90,91,93,98" m="12303" machi="98" ten="30,1000,0" yaku="8,1" doraHai="129" who="3" fromWho="2" sc="163,0,250,0,250,-10,337,10" /><INIT seed="2,0,0,1,2,43" ten="163,250,240,347" oya="2" hai0="28,109,112,70,10,54,25,66,119,2,134,107,59" hai1="56,53,133,98,47,110,105,67,44,0,35,57,50" hai2="77,84,5,71,72,86,32,58,62,100,127,3,22" hai3="39,51,130,95,99,17,104,13,45,7,83,89,18"/><V85/><F32/><W108/><G39/><T92/><D112/><U34/><E0/><V124/><F71/><W69/><G69/><T48/><D107/><U8/><E110/><V88/><F100/><W114/><G108/><T37/><D109/><U121/><E8/><V11/><F22/><W33/><G33/><T63/><D134/><U30/><E34/><V49/><F49/><W126/><G126/><N who="2" m="48169" /><F72/><W73/><G130/><T21/><D119/><U26/><E133/><V23/><F23/><W27/><G104/><T29/><D92/><U94/><E105/><V132/><F77/><W122/><G122/><T42/><D2/><U118/><E118/><V81/><F132/><W120/><G120/><T38/><D10/><U78/><E78/><V64/><AGARI ba="0,0" hai="3,5,11,58,62,64,81,84,85,86,88" m="48169" machi="64" ten="30,3000,0" yaku="18,1,54,1" doraHai="43" who="2" fromWho="2" sc="163,-10,250,-10,240,30,347,-10" /><INIT seed="2,1,0,3,3,71" ten="153,240,270,337" oya="2" hai0="102,111,83,25,88,77,23,29,55,66,30,117,98" hai1="51,15,58,125,109,103,21,38,116,120,34,17,14" hai2="93,47,50,75,123,91,113,3,19,12,85,84,134" hai3="59,124,48,70,57,79,69,73,10,65,4,80,36"/><V128/><F123/><W46/><G124/><T89/><D66/><U62/><E116/><V40/><F134/><W99/><G99/><T132/><D117/><U105/><E125/><V97/><F128/><W45/><G69/><T26/><D132/><U87/><E120/><V16/><F3/><N who="3" m="287" /><G65/><T90/><D111/><U0/><E0/><V28/><F75/><W122/><G70/><T82/><D55/><U110/><E34/><V54/><F113/><W41/><G122/><T6/><D6/><U43/><E87/><V9/><F28/><W32/><G32/><T135/><D135/><U106/><E14/><V33/><F33/><W68/><G68/><T118/><D118/><U49/><E103/><V56/><REACH who="2" step="1"/><F19/><REACH who="2" ten="153,240,260,337" step="2"/><W35/><G35/><T76/><D102/><U37/><E109/><V95/><F95/><W1/><G1/><T7/><D7/><U18/><E110/><V44/><F44/><W107/><G107/><T81/><D98/><U74/><E74/><V100/><F100/><W2/><G2/><T24/><REACH who="0" step="1"/><D23/><REACH who="0" ten="143,240,260,337" step="2"/><U108/><E108/><V92/><F92/><W53/><AGARI ba="1,2" hai="36,41,45,46,48,53,57,59,73,79,80" m="287" machi="53" ten="30,2000,0" yaku="25,1,52,1" doraHai="71" who="3" fromWho="3" sc="143,-6,240,-6,260,-11,337,43" /><INIT seed="3,0,0,0,5,110" ten="137,234,249,380" oya="3" hai0="26,116,34,76,119,102,126,98,38,129,16,5,135" hai1="81,77,109,35,87,36,54,56,128,84,12,65,70" hai2="83,99,49,39,20,66,118,101,86,57,115,69,28" hai3="19,123,104,122,94,74,107,13,24,11,59,103,41"/><W79/><G79/><T52/><D38/><U127/><E109/><V92/><F118/><W8/><G74/><T132/><D76/><U111/><E111/><V64/><F39/><W78/><G78/><T45/><D5/><U71/><E127/><V0/><F0/><W30/><G41/><T37/><D37/><U50/><E35/><V17/><F28/><W133/><G8/><T51/><D34/><U43/><E128/><V21/><F69/><W121/><G59/><T95/><D129/><U97/><E97/><V100/><F21/><W44/><G44/><T88/><D126/><U131/><E131/><V60/><F49/><W106/><G94/><T4/><D4/><U120/><E120/><V58/><F101/><W62/><G62/><T31/><D31/><U113/><E113/><V85/><F115/><W75/><G75/><T112/><D112/><U7/><E71/><V53/><F58/><W108/><G108/><T89/><D116/><U134/><E134/><N who="0" m="51241" /><D119/><U48/><E87/><N who="2" m="33291" /><F83/><W114/><G133/><T73/><D73/><U125/><E125/><V10/><F10/><W117/><G117/><T22/><AGARI ba="0,0" hai="16,22,26,45,51,52,88,89,95,98,102" m="51241" machi="22" ten="30,7900,0" yaku="20,1,54,3" doraHai="110" who="0" fromWho="0" sc="137,79,234,-20,249,-20,380,-39" owari="216,-18.4,214,-28.6,229,2.9,341,44.1" /></mjloggm>