<mjloggm ver="2.3"><GO type="225" lobby="0"/><UN n0="%E6%A1%9C%E8%8A%B1%E9%96%83%E3%80%85" n1="%6D%75%75%6D%75%72%61" n2="%E3%83%AC%E3%82%A4%E3%83%88%E3%83%B3%E5%87%86%E6%95%99%E6%8E%88" n3="%E5%86%B7%E5%87%8D%E3%82%AE%E3%83%A7%E3%83%BC%E3%82%B6" dan="16,16,18,16" rate="2097.97,2147.49,2239.95,2102.61" sx="M,F,M,M"/><TAIKYOKU oya="0"/><INIT seed="0,0,0,2,4,54" ten="250,250,250,250" oya="0" hai0="78,130,131,48,108,67,129,98,42,76,12,124,66" hai1="79,90,51,84,77,64,63,80,53,121,2,99,94" hai2="38,1,36,33,41,24,26,127,5,112,59,65,52" hai3="102,55,122,9,72,58,56,46,92,37,60,11,17"/><T114/><D114/><U32/><E121/><V125/><F112/><W4/><G72/><T62/><D124/><N who="2" m="47690" /><F65/><W111/><G111/><T61/><D12/><U43/><E32/><V49/><F41/><W134/><G134/><T68/><D98/><U21/><E2/><V109/><F109/><W40/><G122/><T47/><REACH who="0" step="1"/><D108/><REACH who="0" ten="240,250,250,250" step="2"/><U100/><E21/><V123/><F123/><W97/><G4/><T25/><D25/><N who="2" m="9834" /><F33/><W91/><G9/><AGARI ba="0,1" hai="1,5,9,36,38,49,52,59" m="9834,47690" machi="9" ten="30,3900,0" yaku="18,1,52,1,54,1" doraHai="54" who="2" fromWho="3" sc="240,0,250,0,250,49,250,-39" /><INIT seed="1,0,0,0,3,51" ten="240,250,299,211" oya="1" hai0="126,89,65,88,31,134,73,10,59,118,99,103,86" hai1="9,79,76,47,82,2,30,45,27,132,72,17,36" hai2="123,7,1,60,68,52,63,66,127,128,12,133,48" hai3="124,114,14,11,25,37,56,97,96,62,40,21,26"/><U42/><E132/><V28/><F123/><W64/><G114/><T58/><D118/><U113/><E113/><V75/><F133/><W92/><G124/><T44/><D134/><U61/><E76/><V67/><F75/><W98/><G37/><T100/><D73/><U70/><E47/><V111/><F111/><W109/><G109/><T15/><D126/><U49/><E49/><V112/><F112/><W54/><G40/><T41/><D31/><U6/><E17/><V32/><F1/><W125/><G125/><T95/><D44/><U81/><E81/><V33/><F28/><W122/><G122/><T24/><D24/><U5/><E5/><V90/><F128/><W18/><G26/><T130/><D41/><U85/><E85/><V78/><F78/><W102/><REACH who="3" step="1"/><G64/><REACH who="3" ten="240,250,299,201" step="2"/><T117/><D65/><U19/><E27/><V74/><F67/><W80/><G80/><N who="0" m="49223" /><D130/><U131/><E131/><V106/><F66/><W129/><G129/><T57/><D117/><U119/><E119/><V83/><F127/><W46/><G46/><T38/><D38/><U94/><E30/><AGARI ba="0,1" hai="11,14,18,21,25,30,54,56,62,92,96,97,98,102" machi="30" ten="30,7700,0" yaku="1,1,7,1,8,1,52,1,53,0" doraHai="51" doraHaiUra="110" who="3" fromWho="1" sc="240,0,250,-77,299,0,201,87" /><INIT seed="2,0,0,3,1,19" ten="240,173,299,288" oya="2" hai0="41,79,3,49,33,122,7,57,98,110,35,113,73" hai1="91,124,92,133,78,36,31,9,108,52,126,47,63" hai2="45,40,134,11,29,120,54,76,95,4,1,61,102" hai3="67,71,24,74,72,127,62,80,118,27,23,83,32"/><V66/><F120/><W111/><G118/><T89/><D113/><U58/><E108/><V68/><F134/><W87/><G111/><T59/><D59/><U114/><E114/><V42/><F29/><W119/><G127/><T43/><D43/><U22/><E133/><V15/><F1/><W121/><G121/><T50/><D50/><U46/><E78/><V0/><F0/><W86/><G32/><T14/><D14/><U69/><E69/><V25/><F25/><W20/><G119/><T103/><D89/><U123/><E9/><V97/><F76/><W75/><G27/><T34/><D57/><U6/><E6/><V53/><REACH who="2" step="1"/><F40/><REACH who="2" ten="240,173,289,288" step="2"/><W130/><G24/><T131/><D79/><U30/><E123/><V13/><F13/><W77/><REACH who="3" step="1"/><G130/><REACH who="3" ten="240,173,289,278" step="2"/><T8/><D131/><U84/><E124/><V93/><F93/><W10/><G10/><T88/><D122/><U12/><E126/><V115/><F115/><W135/><G135/><T55/><D110/><U17/><E36/><AGARI ba="0,2" hai="4,11,15,36,42,45,53,54,61,66,68,95,97,102" machi="36" ten="30,2900,0" yaku="1,1,7,1,53,0" doraHai="19" doraHaiUra="44" who="2" fromWho="1" sc="240,0,173,-29,289,49,278,0" /><INIT seed="2,1,0,3,5,95" ten="240,144,338,278" oya="2" hai0="24,22,113,80,42,78,50,81,14,71,102,124,117" hai1="122,93,105,44,1,20,86,26,84,41,112,52,27" hai2="19,99,29,82,60,47,62,58,129,97,31,63,125" hai3="7,18,74,121,61,43,130,115,23,33,25,110,11"/><V55/><F125/><W35/><G74/><T46/><D113/><U2/><E105/><V101/><F129/><W49/><G43/><T36/><D124/><U128/><E112/><V65/><F101/><W111/><G49/><T70/><D117/><U75/><E128/><V16/><F82/><W30/><G61/><N who="2" m="23657" /><F47/><W103/><G103/><T0/><D0/><U17/><E75/><V3/><F3/><N who="3" m="511" /><G115/><T109/><D80/><U68/><E68/><V37/><F37/><W51/><G51/><T38/><D50/><U57/><E122/><V34/><F34/><N who="3" m="12811" /><G130/><T132/><D38/><U8/><E44/><V13/><F55/><W10/><G121/><T64/><D81/><U114/><E114/><V104/><F19/><W53/><G53/><T69/><D46/><U120/><E120/><V79/><F79/><W100/><G100/><T118/><D102/><U134/><E41/><V28/><F104/><W48/><G48/><T106/><D42/><U56/><E56/><V4/><F4/><W85/><G85/><T107/><D106/><U76/><E76/><V39/><F39/><W15/><AGARI ba="1,0" hai="10,15,18,23,25,30,110,111" m="12811,511" machi="15" ten="30,2000,0" yaku="34,2" doraHai="95" who="3" fromWho="3" sc="240,-6,144,-6,338,-11,278,23" /><INIT seed="3,0,0,5,1,97" ten="234,138,327,301" oya="3" hai0="87,126,63,76,10,98,103,27,42,5,86,75,130" hai1="71,14,128,80,91,17,132,93,29,99,125,53,112" hai2="117,52,72,46,82,20,101,24,55,88,62,114,35" hai3="127,77,30,6,32,18,58,102,106,36,22,13,85"/><W49/><G36/><T1/><D126/><U23/><E112/><V124/><F114/><W28/><G32/><T129/><D27/><U3/><E125/><V81/><F72/><W47/><G6/><T111/><D63/><U92/><E3/><V68/><F35/><W31/><G58/><T116/><D116/><U7/><E71/><V45/><F117/><W123/><G123/><T38/><D111/><U79/><E128/><N who="0" m="49257" /><D75/><U66/><E132/><V50/><F101/><W40/><G127/><T83/><D87/><U51/><E66/><V104/><F104/><W11/><G106/><N who="0" m="63863" /><D42/><U56/><E7/><V60/><F68/><W61/><G61/><T107/><D107/><U48/><E92/><V8/><F60/><W74/><G74/><T41/><D41/><U135/><E135/><V84/><F62/><W70/><G70/><T73/><D86/><U122/><E122/><V133/><F133/><W119/><G119/><T131/><N who="0" m="49265" /><T25/><DORA hai="96" /><D25/><U4/><E4/><V120/><F124/><W39/><G39/><AGARI ba="0,0" hai="1,5,10,38,39,73,76,83" m="63863,49265" machi="39" ten="40,8000,1" yaku="19,1,23,1,52,2" doraHai="97,96" who="0" fromWho="3" sc="234,80,138,0,327,0,301,-80" owari="314,11.4,138,-36.2,327,42.7,221,-17.9" /></mjloggm>