<mjloggm ver="2.3"><GO type="225" lobby="0"/><UN n0="%E3%82%82%E3%82%93%E3%81%8D%E3%82%93%E3%81%90" n1="%E3%83%97%E3%83%92" n2="%E5%A4%8F%E9%88%B4%E9%88%B4%E5%A4%8F" n3="%E8%A8%88%E7%AE%97%E6%A9%9F%E8%87%AA%E7%84%B6" dan="16,16,16,17" rate="2026.90,2202.01,2116.48,2200.40" sx="M,M,M,M"/><TAIKYOKU oya="0"/><INIT seed="0,0,0,5,1,122" ten="250,250,250,250" oya="0" hai0="82,42,67,49,115,33,0,9,8,38,14,34,70" hai1="84,89,16,96,78,30,24,31,127,134,23,104,60" hai2="73,98,62,2,113,74,51,39,55,35,56,97,32" hai3="72,59,80,77,130,86,108,90,4,1,19,25,103"/><T22/><D38/><U131/><E127/><V85/><F39/><W54/><G130/><T129/><D115/><U107/><E131/><V93/><F2/><W65/><G65/><T135/><D42/><U6/><E134/><V68/><F113/><W40/><G40/><T105/><D105/><U13/><E78/><V116/><F98/><W41/><G41/><T102/><D102/><U29/><E96/><V17/><F116/><W53/><G103/><T75/><D129/><U128/><E60/><V132/><F85/><W94/><G4/><T81/><D49/><U44/><E44/><V20/><F132/><W76/><G1/><T125/><D0/><U95/><REACH who="1" step="1"/><E128/><REACH who="1" ten="250,240,250,250" step="2"/><V71/><F62/><W5/><G77/><T52/><D135/><U101/><E101/><V111/><F97/><W3/><G76/><T106/><D125/><U123/><E123/><V36/><F74/><W120/><G72/><T100/><D100/><U61/><E61/><V18/><F73/><W50/><G120/><T21/><D75/><U63/><E63/><V87/><F71/><W99/><G99/><T119/><D70/><U28/><N who="1" m="7168" /><DORA hai="37" /><U66/><E66/><V79/><F68/><W27/><G59/><T57/><D57/><U46/><E46/><V58/><F79/><W11/><G86/><T112/><D67/><U26/><E26/><V121/><F58/><W118/><G27/><T43/><D112/><U64/><E64/><V88/><F56/><W91/><G25/><T110/><D34/><U69/><E69/><V133/><F121/><W48/><G53/><T109/><D52/><RYUUKYOKU ba="0,1" sc="250,-10,240,30,250,-10,250,-10" hai1="6,13,16,23,24,84,89,95,104,107" /><INIT seed="1,1,1,4,0,66" ten="240,270,240,240" oya="1" hai0="47,50,49,109,111,23,54,82,101,131,116,74,71" hai1="28,20,52,108,67,60,37,72,87,39,9,129,112" hai2="62,44,63,100,134,36,34,81,38,14,45,127,13" hai3="10,125,110,91,114,105,31,85,17,128,132,2,4"/><U11/><E112/><V90/><F34/><W96/><G114/><T33/><D33/><U15/><E72/><V89/><F100/><W35/><G110/><T130/><D101/><U65/><E129/><N who="0" m="49161" /><D74/><U133/><E133/><V68/><F81/><W126/><G128/><T41/><D23/><U64/><E108/><N who="0" m="41545" /><D82/><U27/><E87/><V98/><F98/><W99/><G132/><T25/><D25/><U77/><E77/><V12/><F12/><W21/><G31/><T24/><D24/><U16/><REACH who="1" step="1"/><E9/><REACH who="1" ten="240,260,240,240" step="2"/><V3/><F134/><W113/><G113/><T84/><D84/><U118/><E118/><V93/><F127/><W117/><G117/><T69/><D116/><U51/><E51/><V75/><F75/><W55/><G126/><T73/><D73/><U83/><E83/><V26/><F38/><W1/><G125/><T7/><D7/><U122/><E122/><V80/><F36/><W78/><G78/><T124/><D124/><U56/><AGARI ba="1,2" hai="11,15,16,20,27,28,37,39,52,56,60,64,65,67" machi="56" ten="30,11700,0" yaku="1,1,0,1,54,2,53,0" doraHai="66" doraHaiUra="120" who="1" fromWho="1" sc="240,-40,260,140,240,-40,240,-40" /><INIT seed="1,2,0,3,4,112" ten="200,400,200,200" oya="1" hai0="101,38,48,65,22,122,104,75,25,94,7,130,81" hai1="88,47,45,74,131,4,71,117,90,119,106,86,44" hai2="37,5,49,129,114,50,100,21,111,113,31,123,60" hai3="66,41,73,32,87,103,78,125,27,53,95,23,105"/><U11/><E74/><V79/><F37/><W108/><G32/><T18/><D104/><U24/><E131/><V84/><F123/><W76/><G108/><T58/><D38/><U128/><E128/><V72/><F72/><W61/><G125/><T59/><D130/><U42/><E71/><V26/><F129/><W3/><G3/><T132/><D132/><U89/><E106/><V70/><F5/><W98/><G41/><T121/><D7/><U110/><E110/><V67/><F100/><W96/><G53/><T43/><D101/><U56/><E42/><V124/><F124/><W115/><G87/><T36/><D36/><U102/><E102/><V55/><F111/><W120/><G115/><N who="2" m="44041" /><F55/><W127/><G73/><T13/><D75/><U46/><E45/><V10/><F10/><W93/><G120/><T97/><D81/><AGARI ba="2,0" hai="21,26,31,49,50,60,67,70,79,81,84" m="44041" machi="81" ten="30,1000,0" yaku="11,1" doraHai="112" who="2" fromWho="0" sc="200,-16,400,0,200,16,200,0" /><INIT seed="2,0,0,1,5,55" ten="184,400,216,200" oya="2" hai0="119,64,121,67,25,70,61,47,118,98,103,99,85" hai1="72,23,111,130,120,49,84,86,37,96,73,74,21" hai2="82,125,39,135,5,32,88,90,93,108,4,94,22" hai3="115,48,8,40,17,129,46,36,63,132,59,15,51"/><V78/><F32/><W53/><G132/><T45/><D121/><U114/><E114/><V44/><F135/><W0/><G115/><T122/><D122/><U18/><E37/><V76/><F125/><W16/><G129/><T106/><D85/><U42/><E120/><V13/><F108/><W56/><G0/><T97/><D97/><U10/><E130/><V35/><F35/><W92/><G92/><T57/><D67/><U105/><E10/><V66/><F66/><N who="3" m="39271" /><G36/><T11/><D11/><U6/><E23/><V79/><F39/><W41/><G40/><T80/><D80/><U9/><E96/><N who="2" m="57383" /><F44/><W54/><G41/><T29/><D98/><U24/><E105/><V134/><F82/><W14/><G14/><T81/><D81/><U3/><E111/><V127/><F127/><W77/><G77/><T68/><D45/><U43/><E43/><V62/><F134/><W112/><G112/><T71/><REACH who="0" step="1"/><D47/><REACH who="0" ten="174,400,216,200" step="2"/><U113/><E113/><V33/><F78/><W87/><G87/><T104/><D104/><U101/><E72/><V52/><F76/><W1/><G1/><T34/><AGARI ba="0,1" hai="25,29,34,57,61,64,68,70,71,99,103,106,118,119" machi="34" ten="40,5200,0" yaku="1,1,0,1,52,1,53,0" doraHai="55" doraHaiUra="131" who="0" fromWho="0" sc="174,62,400,-13,216,-26,200,-13" /><INIT seed="3,0,0,5,2,28" ten="236,387,190,187" oya="3" hai0="82,12,113,121,24,32,14,66,94,25,3,81,65" hai1="117,34,77,79,13,57,124,103,102,52,42,106,135" hai2="125,16,132,118,85,104,90,30,8,78,31,101,17" hai3="63,35,130,20,18,70,109,21,51,95,68,131,56"/><W61/><G51/><T127/><D3/><U97/><E34/><V37/><F37/><W46/><G46/><T2/><D2/><U10/><E103/><V60/><F118/><W7/><G7/><T40/><D32/><U80/><E117/><V96/><F78/><W49/><G35/><T73/><D73/><U129/><E135/><V128/><F132/><W88/><G49/><T134/><D134/><U36/><E124/><V9/><F125/><W38/><G38/><T23/><D127/><U19/><E129/><N who="3" m="49162" /><G109/><T119/><D119/><U75/><E77/><V50/><F128/><W11/><G11/><T120/><D40/><U67/><E67/><V54/><F60/><N who="3" m="23115" /><G56/><T74/><D74/><U108/><E108/><V26/><F8/><W62/><N who="3" m="23123" /><W122/><DORA hai="91" /><G122/><T5/><D5/><U6/><E6/><V15/><F54/><W22/><G18/><T99/><D120/><U114/><E36/><V41/><F50/><W111/><G111/><T69/><D121/><U64/><E64/><V44/><F44/><W86/><AGARI ba="0,0" hai="20,21,22,68,70,86,88,95" m="23123,49162" machi="86" ten="40,7800,0" yaku="19,1,52,1,54,1" doraHai="28,91" who="3" fromWho="3" sc="236,-26,387,-26,190,-26,187,78" /><INIT seed="3,1,0,0,5,74" ten="210,361,164,265" oya="3" hai0="0,48,34,32,79,104,128,127,96,66,112,62,81" hai1="29,70,27,35,43,63,114,120,99,11,71,17,85" hai2="90,100,49,95,15,30,42,106,61,24,60,40,73" hai3="123,84,23,124,83,45,76,21,88,132,64,26,54"/><W37/><G123/><T1/><D128/><U115/><E120/><V109/><F109/><W16/><G124/><T53/><D127/><U119/><E119/><V28/><F73/><W129/><G129/><T68/><D112/><U12/><E43/><V133/><F133/><W77/><G132/><T111/><D111/><U135/><E135/><V69/><F30/><N who="3" m="17743" /><G64/><T13/><D13/><U87/><E99/><V86/><F15/><N who="3" m="9631" /><G37/><T56/><D0/><U41/><E41/><V126/><F126/><W31/><G31/><T93/><D104/><U118/><E118/><V55/><F60/><W51/><AGARI ba="1,0" hai="45,51,54,76,77,83,84,88" m="9631,17743" machi="51" ten="30,12000,1" yaku="8,1,52,2,54,2" doraHai="74" who="3" fromWho="3" sc="210,-41,361,-41,164,-41,265,123" owari="169,-23.1,320,12.0,123,-37.7,388,48.8" /></mjloggm>