<mjloggm ver="2.3"><GO type="225" lobby="0"/><UN n0="%72%61%6B%33" n1="%6D%75%75%6D%75%72%61" n2="%E6%B4%BE%E9%81%A3%E3%81%AE%E3%82%B8%E3%83%A3%E3%83%83%E3%82%AF" n3="%E3%81%86%E3%83%BC%E3%81%B1%E3%83%BC" dan="18,16,16,16" rate="2243.76,2143.43,2159.12,2146.19" sx="M,F,M,F"/><TAIKYOKU oya="0"/><INIT seed="0,0,0,3,0,11" ten="250,250,250,250" oya="0" hai0="115,34,134,117,68,130,17,24,106,46,10,52,21" hai1="12,40,39,13,9,129,8,79,7,55,15,57,77" hai2="103,43,6,80,49,75,14,36,128,83,59,81,1" hai3="125,97,23,107,78,42,123,74,30,112,113,28,47"/><T62/><D115/><U118/><E118/><V96/><F128/><W135/><G135/><T86/><D117/><U51/><E129/><V124/><F124/><W4/><G125/><T73/><D73/><U48/><E39/><V63/><F36/><W94/><G107/><T114/><D114/><U93/><E93/><N who="2" m="58767" /><F1/><W41/><G4/><T105/><D130/><U89/><E89/><V3/><F3/><W120/><G78/><N who="1" m="29706" /><E7/><V76/><F75/><W127/><G127/><T85/><D134/><U56/><E56/><V101/><F101/><W84/><G84/><T98/><D34/><U0/><E0/><V131/><F131/><W90/><G74/><T66/><D10/><U16/><E8/><N who="2" m="4375" /><F76/><W54/><G113/><T65/><D65/><U95/><E95/><V69/><F69/><W38/><G112/><T72/><D72/><U44/><AGARI ba="0,0" hai="9,12,13,15,16,40,44,48,51,55,57" m="29706" machi="44" ten="30,8000,1" yaku="8,1,52,3,54,1" doraHai="11" who="1" fromWho="1" sc="250,-40,250,80,250,-20,250,-20" /><INIT seed="1,0,0,3,0,105" ten="210,330,230,230" oya="1" hai0="108,100,130,111,56,23,110,32,54,16,74,15,45" hai1="83,117,91,124,7,81,85,40,72,21,6,113,101" hai2="128,33,97,119,67,96,0,116,84,129,107,52,1" hai3="103,34,68,125,25,65,30,78,19,102,94,2,43"/><U31/><E113/><V59/><F33/><W57/><G125/><T60/><D32/><U63/><E117/><N who="2" m="45131" /><F67/><W69/><G2/><N who="2" m="1129" /><F84/><W80/><G43/><T98/><D130/><N who="2" m="50282" /><F107/><W109/><G19/><T76/><D45/><U71/><E124/><V79/><F79/><W127/><G127/><T58/><D58/><U37/><E85/><V9/><F9/><W112/><G112/><T114/><D114/><U46/><E46/><V24/><F24/><W27/><G25/><T75/><D76/><U35/><E35/><V8/><F8/><W135/><G135/><T77/><D77/><U104/><E104/><AGARI ba="0,0" hai="15,16,23,54,56,60,74,75,98,100,104,108,110,111" machi="104" ten="40,8000,1" yaku="14,1,52,2,54,1" doraHai="105" who="0" fromWho="1" sc="210,80,330,-80,230,0,230,0" /><INIT seed="2,0,0,3,3,27" ten="290,250,230,230" oya="2" hai0="17,127,2,92,35,93,44,63,82,100,120,4,103" hai1="56,95,132,70,7,36,25,12,73,19,75,15,94" hai2="23,89,66,99,96,67,62,123,54,34,107,126,41" hai3="114,90,129,91,131,52,37,24,28,42,116,105,57"/><V83/><F123/><W125/><G105/><T3/><D35/><U74/><E70/><V111/><F34/><N who="3" m="20743" /><G116/><T81/><D4/><U79/><E132/><V11/><F126/><W113/><G125/><T65/><D44/><U110/><E79/><V112/><F112/><N who="3" m="43115" /><G42/><T46/><D46/><U71/><E71/><V31/><F41/><W21/><G21/><T45/><D45/><U61/><E110/><V101/><F111/><W97/><G37/><T39/><D39/><U87/><E36/><V60/><F11/><W115/><N who="3" m="43123" /><W1/><DORA hai="48" /><G1/><T117/><D120/><U53/><E87/><N who="2" m="50431" /><F107/><W135/><G135/><T109/><D117/><U10/><REACH who="1" step="1"/><E25/><REACH who="1" ten="290,240,230,230" step="2"/><N who="2" m="16831" /><F99/><W64/><G97/><T40/><D109/><U26/><E26/><V119/><F119/><W88/><G64/><T8/><D65/><U102/><E102/><V18/><F101/><W98/><G98/><T59/><D127/><U22/><AGARI ba="0,1" hai="7,10,12,15,19,22,53,56,61,73,74,75,94,95" machi="22" ten="30,4000,0" yaku="1,1,0,1,52,1,53,0" doraHai="27,48" doraHaiUra="121,20" who="1" fromWho="1" sc="290,-10,240,50,230,-20,230,-10" /><INIT seed="3,0,0,5,0,116" ten="280,290,210,220" oya="3" hai0="75,49,95,47,68,31,11,77,99,18,40,6,12" hai1="127,121,59,81,89,24,129,29,102,104,8,37,107" hai2="96,53,5,34,97,100,70,2,43,38,113,69,98" hai3="103,101,71,48,62,135,27,21,108,86,4,110,0"/><W63/><G135/><T91/><D68/><U90/><E121/><V106/><F113/><W51/><G4/><T22/><D75/><U56/><E37/><V117/><F117/><W3/><G86/><T25/><REACH who="0" step="1"/><D77/><REACH who="0" ten="270,290,210,220" step="2"/><U7/><E127/><V133/><F133/><W94/><G71/><T44/><D44/><U23/><E56/><V61/><F69/><W55/><G0/><T50/><D50/><U73/><E59/><V35/><F70/><W14/><G3/><T132/><D132/><U92/><E73/><V109/><F109/><N who="3" m="42091" /><G48/><T64/><D64/><U32/><E129/><V111/><F111/><W115/><G115/><T16/><AGARI ba="0,1" hai="6,11,12,16,18,22,25,31,40,47,49,91,95,99" machi="16" ten="30,8000,1" yaku="1,1,0,1,8,1,54,1,53,1" doraHai="116" doraHaiUra="41" who="0" fromWho="0" sc="270,90,290,-20,210,-20,220,-40" owari="360,46.0,270,7.0,190,-21.0,180,-32.0" /></mjloggm>