<mjloggm ver="2.3"><GO type="225" lobby="0"/><UN n0="%74%2E%6F%2E%6F%2E%73" n1="%E6%98%93%E5%88%A9%E8%96%A9%E4%BC%AF" n2="%E3%81%AA%E3%81%BE%E3%81%91%E8%80%85" n3="%E3%83%81%E3%83%83%E3%82%BF%E3%82%BD%E3%83%BC" dan="18,16,16,17" rate="2153.46,2096.28,2133.24,2165.19" sx="M,F,M,F"/><TAIKYOKU oya="0"/><INIT seed="0,0,0,0,4,34" ten="250,250,250,250" oya="0" hai0="129,12,28,109,36,68,8,96,9,60,21,46,16" hai1="10,11,92,6,103,3,98,80,125,25,105,133,130" hai2="0,113,70,50,110,24,119,32,27,13,39,126,107" hai3="1,134,20,26,2,29,118,91,53,86,41,90,22"/><T18/><D129/><U128/><E125/><V19/><RYUUKYOKU type="yao9" ba="0,0" sc="250,0,250,0,250,0,250,0" hai2="0,13,19,24,27,32,39,50,70,107,110,113,119,126" /><INIT seed="0,1,0,5,3,113" ten="250,250,250,250" oya="0" hai0="0,27,62,135,116,21,36,125,112,134,106,50,64" hai1="100,30,86,59,28,49,9,3,92,51,35,122,16" hai2="128,96,120,79,6,63,73,48,33,67,91,1,104" hai3="74,87,88,47,98,12,108,52,71,77,55,69,99"/><T24/><D112/><U94/><E122/><V124/><F48/><W89/><G108/><T115/><D115/><U93/><E3/><V132/><F91/><W31/><G31/><T78/><D36/><U126/><E126/><V131/><F120/><W25/><G25/><T11/><D106/><U7/><E7/><V57/><F124/><W53/><G47/><T111/><D78/><U26/><E100/><V85/><F85/><W114/><G74/><T42/><D125/><U110/><E110/><V109/><F109/><W60/><G114/><T41/><D111/><U32/><E86/><V117/><F132/><W72/><G72/><T118/><D11/><U133/><E133/><N who="0" m="50697" /><D0/><U130/><E130/><V14/><F33/><W39/><G39/><T17/><D27/><U45/><E59/><V46/><F46/><W102/><G102/><T10/><D10/><U65/><E65/><V123/><F123/><W18/><G77/><T43/><D50/><U97/><E97/><V95/><F104/><W20/><G89/><T15/><D24/><U101/><E101/><V22/><F1/><W81/><REACH who="3" step="1"/><G60/><REACH who="3" ten="250,250,250,240" step="2"/><T5/><D5/><U2/><E45/><V56/><F79/><W68/><AGARI ba="1,1" hai="12,18,20,52,53,55,68,69,71,81,87,88,98,99" machi="68" ten="40,8000,1" yaku="1,1,2,1,0,1,54,2,53,0" doraHai="113" doraHaiUra="121" who="3" fromWho="3" sc="250,-41,250,-21,250,-21,240,93" /><INIT seed="1,0,0,2,3,116" ten="209,229,229,333" oya="1" hai0="25,121,74,87,84,104,38,24,134,78,103,42,99" hai1="102,47,69,40,122,53,12,34,112,129,90,27,8" hai2="52,64,39,43,66,109,57,105,96,82,106,17,89" hai3="67,35,41,118,46,114,19,28,29,7,91,0,92"/><U127/><E112/><V81/><F109/><W107/><G114/><T15/><D134/><U60/><E129/><V48/><F106/><W61/><G107/><T22/><D74/><U131/><E131/><V9/><F105/><W95/><G7/><T58/><D121/><U98/><E127/><V73/><F73/><W97/><G0/><T63/><D42/><U32/><E102/><V33/><F33/><W88/><G35/><T21/><D38/><U13/><E13/><N who="2" m="7343" /><F43/><W132/><G132/><T94/><D104/><U59/><E69/><V51/><F51/><W10/><G118/><T1/><D1/><U123/><E98/><V101/><F101/><W111/><G111/><T20/><D15/><U120/><E90/><V125/><F39/><W86/><G19/><T54/><REACH who="0" step="1"/><D78/><REACH who="0" ten="199,229,229,333" step="2"/><U49/><REACH who="1" step="1"/><E27/><AGARI ba="0,1" hai="20,21,22,24,25,27,54,58,63,84,87,94,99,103" machi="27" ten="40,5200,0" yaku="1,1,2,1,8,1,53,0" doraHai="116" doraHaiUra="14" who="0" fromWho="1" sc="199,62,229,-52,229,0,333,0" /><INIT seed="2,0,0,4,2,115" ten="261,177,229,333" oya="2" hai0="28,14,1,90,54,42,16,135,17,67,8,116,84" hai1="77,34,133,66,23,85,20,31,43,106,12,76,81" hai2="13,92,35,61,69,36,78,60,3,129,111,87,0" hai3="72,38,58,40,47,93,24,124,89,86,46,80,49"/><V10/><F35/><W101/><G124/><T25/><D135/><U63/><E106/><V107/><F107/><W94/><G58/><T73/><D73/><U53/><E133/><V120/><F120/><W113/><G113/><T62/><D1/><U65/><E43/><V52/><F36/><W9/><G72/><T64/><D42/><U48/><E77/><V11/><F129/><W96/><G9/><T19/><D54/><U57/><E34/><V37/><F37/><W130/><G130/><T50/><D50/><U2/><E2/><V45/><F111/><W70/><G70/><T71/><D67/><U99/><E99/><V119/><F69/><W95/><G24/><T83/><REACH who="0" step="1"/><D116/><REACH who="0" ten="251,177,229,333" step="2"/><U74/><E74/><V110/><F119/><W98/><G98/><T30/><D30/><U39/><E39/><V6/><F110/><W127/><G127/><T21/><AGARI ba="0,1" hai="8,14,16,17,19,21,25,28,62,64,71,83,84,90" machi="21" ten="20,5200,0" yaku="1,1,0,1,7,1,54,1,53,0" doraHai="115" doraHaiUra="105" who="0" fromWho="0" sc="251,62,177,-13,229,-26,333,-13" /><INIT seed="3,0,0,1,0,10" ten="313,164,203,320" oya="3" hai0="50,125,101,91,119,126,110,3,38,33,83,79,53" hai1="22,43,9,51,26,130,16,18,34,75,72,81,134" hai2="109,7,77,129,100,20,88,85,35,116,64,44,131" hai3="132,120,96,92,90,57,25,89,15,37,14,95,52"/><W4/><G132/><T111/><D119/><U128/><E34/><V118/><F35/><W45/><G120/><T107/><D3/><U27/><E134/><V98/><F64/><W102/><G4/><T104/><D38/><U115/><E115/><V24/><F7/><W73/><G73/><N who="0" m="43503" /><D91/><U19/><E81/><V80/><F44/><W127/><G127/><N who="0" m="48651" /><D33/><U97/><E97/><V8/><F8/><W78/><G78/><T112/><D112/><U87/><E87/><N who="2" m="48527" /><F20/><W41/><G25/><N who="1" m="9226" /><E22/><V113/><F24/><W2/><G2/><T117/><D117/><N who="2" m="45162" /><F113/><W105/><G105/><N who="0" m="40523" /><D101/><U62/><E62/><V82/><F109/><W99/><G102/><T74/><D74/><N who="1" m="28203" /><E51/><AGARI ba="0,0" hai="14,15,37,41,45,51,52,57,89,90,92,95,96,99" machi="51" ten="30,12000,1" yaku="7,1,9,1,52,2,54,1" doraHai="10" who="3" fromWho="1" sc="313,0,164,-120,203,0,320,120" owari="313,11.3,44,-45.6,203,-19.7,440,54.0" /></mjloggm>