<mjloggm ver="2.3"><GO type="225" lobby="0"/><UN n0="%E6%B8%A9%E2%98%85%E6%83%85%E2%98%85%E6%8E%AA%E2%98%85%E7%BD%AE" n1="%E5%91%A8%E6%9D%B1" n2="%E6%A1%9C%E8%8A%B1%E9%96%83%E3%80%85" n3="%E3%83%A9%E3%82%A4%E3%83%B3%E3%81%AE%E8%99%8E" dan="17,17,17,16" rate="2161.74,2132.41,2232.40,2097.07" sx="M,M,M,M"/><TAIKYOKU oya="0"/><INIT seed="0,0,0,2,2,36" ten="250,250,250,250" oya="0" hai0="112,76,101,107,104,34,134,1,25,95,115,80,29" hai1="12,71,125,68,15,111,47,79,5,39,2,99,133" hai2="10,38,116,18,54,32,121,84,0,59,19,21,118" hai3="132,73,102,113,58,77,110,135,57,3,66,105,93"/><T130/><D130/><U128/><E128/><V27/><F38/><W42/><G3/><T61/><D134/><N who="3" m="51241" /><G113/><T89/><D1/><U13/><E133/><V33/><F84/><W74/><G105/><T108/><D108/><U52/><E125/><V8/><F54/><W65/><G110/><T96/><D61/><U82/><E111/><V44/><F44/><W20/><G20/><T49/><D49/><U48/><E39/><V62/><F59/><N who="3" m="22539" /><G77/><T30/><D30/><U75/><REACH who="1" step="1"/><E99/><REACH who="1" ten="250,240,250,250" step="2"/><V35/><F121/><W119/><G119/><T120/><D120/><U124/><E124/><V67/><F67/><W4/><G66/><T37/><D37/><U16/><E16/><N who="2" m="6187" /><F62/><W55/><G65/><T70/><D70/><U45/><E45/><V26/><F26/><W78/><G4/><T92/><D115/><U90/><E90/><V51/><F51/><W53/><G78/><T17/><D112/><U43/><E43/><V46/><F46/><W109/><G42/><T31/><D17/><U123/><E123/><V100/><F100/><W131/><G109/><T11/><D101/><U6/><E6/><N who="2" m="1095" /><F10/><AGARI ba="0,1" hai="2,5,10,12,13,15,47,48,52,68,71,75,79,82" machi="10" ten="40,2600,0" yaku="1,1,54,1,53,0" doraHai="36" doraHaiUra="122" who="1" fromWho="2" sc="250,0,240,36,250,-26,250,0" /><INIT seed="1,0,0,2,2,11" ten="250,276,224,250" oya="1" hai0="90,33,65,35,14,16,108,111,57,26,42,30,61" hai1="89,36,55,102,24,4,64,68,107,49,50,25,100" hai2="114,47,28,13,46,82,54,15,94,20,18,73,133" hai3="60,67,112,84,5,66,87,32,120,6,103,118,123"/><U116/><E36/><V12/><F133/><W21/><G32/><T77/><D77/><U52/><E116/><V109/><F109/><N who="0" m="42058" /><D42/><U7/><E107/><V128/><F128/><W23/><G103/><T104/><D104/><U80/><E68/><V69/><F69/><W39/><G60/><T124/><D124/><U92/><E64/><V17/><F114/><W117/><REACH who="3" step="1"/><G39/><REACH who="3" ten="250,276,224,240" step="2"/><T58/><D35/><U9/><E102/><V0/><F0/><W43/><G43/><T106/><D106/><U56/><E100/><V78/><F94/><W70/><G70/><N who="0" m="42287" /><D90/><U97/><E80/><V71/><F71/><W105/><G105/><T134/><D134/><U45/><REACH who="1" step="1"/><E4/><REACH who="1" ten="250,266,224,240" step="2"/><V63/><F82/><W91/><G91/><T119/><D119/><U101/><E101/><V85/><F78/><W1/><G1/><AGARI ba="0,2" hai="1,7,9,24,25,45,49,50,52,55,56,89,92,97" machi="1" ten="30,12000,1" yaku="1,1,7,1,54,1,53,2" doraHai="11" doraHaiUra="44" who="1" fromWho="3" sc="250,0,266,140,224,0,240,-120" /><INIT seed="1,1,0,3,1,78" ten="250,406,224,120" oya="1" hai0="33,14,114,4,135,126,39,71,65,84,59,28,3" hai1="127,49,115,134,76,26,53,131,64,30,82,120,133" hai2="23,48,70,43,110,63,40,38,118,25,112,101,75" hai3="98,111,89,34,36,32,72,92,44,15,104,96,85"/><U16/><E120/><V46/><F118/><W80/><G111/><T42/><D114/><U22/><E115/><V66/><F112/><W2/><G2/><T31/><D71/><U122/><E122/><V123/><F123/><W50/><G36/><T117/><D33/><U88/><E64/><V100/><F75/><W108/><G108/><T116/><D3/><U83/><E131/><V69/><F69/><W102/><G15/><T57/><D42/><U11/><E127/><V13/><F13/><W56/><G56/><T7/><D14/><N who="1" m="7263" /><E76/><V95/><F110/><W90/><REACH who="3" step="1"/><G72/><REACH who="3" ten="250,406,224,110" step="2"/><T113/><D39/><U19/><E134/><V129/><F129/><W103/><G103/><T73/><D73/><U29/><E133/><V54/><F100/><W121/><G121/><T10/><D135/><U17/><E17/><V41/><F101/><W6/><G6/><T81/><D113/><U107/><E107/><V35/><F38/><W47/><G47/><T8/><D4/><U21/><E30/><V97/><F70/><W18/><G18/><T93/><D28/><U79/><E19/><V67/><F46/><W68/><G68/><T5/><D31/><U62/><E29/><V94/><F35/><W99/><G99/><T1/><D7/><U20/><E26/><V119/><F97/><W45/><G45/><T37/><D5/><U60/><E79/><V51/><F25/><W74/><G74/><T12/><D1/><U130/><E130/><V0/><F0/><W125/><G125/><T132/><D126/><U58/><E88/><V61/><F23/><W77/><G77/><RYUUKYOKU ba="1,1" sc="250,-15,406,15,224,-15,110,15" hai1="20,21,22,49,53,58,60,62,82,83" hai3="32,34,44,50,80,85,89,90,92,96,98,102,104" /><INIT seed="1,2,1,4,2,6" ten="235,421,209,125" oya="1" hai0="50,98,80,120,4,114,75,115,82,19,96,44,134" hai1="105,87,57,127,123,46,23,31,81,132,58,130,30" hai2="25,94,54,11,72,34,88,131,12,67,29,122,69" hai3="126,118,40,53,117,61,64,0,16,111,51,90,48"/><U9/><E123/><V62/><F131/><W17/><G0/><T13/><D120/><U106/><E130/><V39/><F122/><W15/><G111/><T104/><D104/><U43/><E132/><V103/><F72/><W1/><G1/><T28/><D75/><U38/><E127/><V70/><F39/><W135/><G135/><T102/><D134/><U65/><E106/><V18/><F103/><W26/><G126/><T92/><D4/><U56/><E105/><V68/><REACH who="2" step="1"/><F54/><REACH who="2" ten="235,421,199,125" step="2"/><W113/><G53/><N who="0" m="29895" /><D102/><U76/><E65/><V10/><F10/><W83/><G64/><T59/><D115/><U129/><E129/><V14/><F14/><W73/><G15/><T112/><D13/><U52/><E52/><V116/><F116/><W8/><G8/><T77/><D114/><U108/><E108/><V36/><F36/><W99/><G73/><T93/><D112/><U22/><E9/><V3/><F3/><W119/><G113/><T133/><D133/><U42/><E42/><V24/><F24/><W107/><G26/><T21/><D21/><U125/><E125/><V35/><F35/><W100/><G40/><T2/><D2/><U27/><REACH who="1" step="1"/><E22/><REACH who="1" ten="235,411,199,125" step="2"/><V55/><F55/><W128/><G128/><T74/><D74/><U124/><E124/><V71/><F71/><W121/><G121/><T78/><D59/><U49/><E49/><N who="3" m="19018" /><G61/><T37/><D37/><U47/><E47/><V33/><F33/><W95/><G107/><T101/><D101/><U41/><E41/><V66/><F66/><W84/><AGARI ba="2,3" hai="16,17,83,84,90,95,99,100,117,118,119" m="19018" machi="84" ten="40,2700,0" yaku="12,1,54,1" doraHai="6" who="3" fromWho="3" sc="235,-9,411,-15,199,-9,125,63" /><INIT seed="2,0,0,2,5,101" ten="226,396,190,188" oya="2" hai0="98,59,83,45,117,96,44,131,42,126,49,92,67" hai1="125,71,15,108,2,8,122,29,7,56,80,1,73" hai2="41,123,6,66,34,47,72,32,110,13,40,93,94" hai3="77,9,69,16,95,114,63,37,10,107,119,21,64"/><V5/><F123/><W51/><G37/><T60/><D131/><U19/><E71/><V22/><F72/><W31/><G119/><T50/><D117/><U85/><E122/><V104/><F66/><W82/><G31/><T84/><D126/><U30/><E125/><V102/><F110/><W111/><G111/><T115/><D92/><U113/><E113/><V35/><F22/><W62/><G114/><T75/><D75/><U39/><E39/><V24/><F24/><W4/><G63/><T54/><D115/><U55/><E73/><V61/><F61/><W14/><G95/><N who="2" m="36361" /><F13/><W89/><G89/><AGARI ba="0,0" hai="42,44,45,49,50,54,59,60,67,83,84,89,96,98" machi="89" ten="30,2000,0" yaku="7,1,8,1" doraHai="101" who="0" fromWho="3" sc="226,20,396,0,190,0,188,-20" /><INIT seed="3,0,0,3,5,107" ten="246,396,190,168" oya="3" hai0="104,23,103,124,63,34,50,75,9,122,40,33,28" hai1="27,38,110,30,61,91,106,42,11,135,79,18,46" hai2="129,64,43,2,59,72,102,96,31,21,89,77,83" hai3="7,86,94,118,117,41,48,66,84,15,3,49,67"/><W12/><G94/><T29/><D75/><U17/><E106/><V123/><F129/><W100/><G41/><T10/><D122/><U47/><E135/><V37/><F2/><W88/><G3/><T14/><D63/><U26/><E110/><V105/><F123/><W133/><G7/><N who="0" m="3391" /><D50/><N who="3" m="19561" /><G100/><T62/><D62/><U55/><E79/><V32/><F32/><N who="0" m="12394" /><D40/><U13/><E47/><V113/><F113/><W97/><G97/><T6/><D103/><U87/><E18/><V0/><F0/><W90/><G133/><T114/><D124/><U56/><E30/><N who="0" m="11881" /><D104/><U92/><AGARI ba="0,0" hai="11,13,17,26,27,38,42,46,55,56,61,87,91,92" machi="92" ten="20,1500,0" yaku="0,1,7,1" doraHai="107" who="1" fromWho="1" sc="246,-4,396,15,190,-4,168,-7" owari="242,4.2,411,51.1,186,-21.4,161,-33.9" /></mjloggm>