<mjloggm ver="2.3"><GO type="225" lobby="0"/><UN n0="%E3%82%B7%E3%83%B3%E5%A4%AA%E6%9C%97" n1="%73%73%6B%5F%66%72%65%65" n2="%E3%81%8B%E3%82%8F%E3%81%A1%E3%82%83%E3%82%93%35%38" n3="%E6%81%A5%E6%99%92%E3%81%97" dan="16,16,17,16" rate="2140.55,2202.00,2166.77,2137.37" sx="M,M,M,M"/><TAIKYOKU oya="0"/><INIT seed="0,0,0,3,4,72" ten="250,250,250,250" oya="0" hai0="19,129,27,118,49,67,97,44,107,62,29,54,93" hai1="96,28,25,74,120,70,56,115,125,43,104,73,114" hai2="17,10,109,95,110,84,20,88,105,47,85,22,83" hai3="66,45,9,63,80,89,68,59,117,94,33,64,98"/><T135/><D118/><U82/><E120/><V91/><F105/><W77/><G117/><T100/><D135/><U55/><E70/><V0/><F47/><W60/><G33/><T92/><D19/><U8/><E125/><V3/><F20/><W39/><G9/><T79/><D79/><U18/><E18/><V131/><F131/><W130/><G130/><T6/><D6/><U46/><E8/><V75/><F75/><W38/><REACH who="3" step="1"/><G45/><REACH who="3" ten="250,250,250,240" step="2"/><T26/><D129/><U133/><E133/><V36/><F36/><W52/><G52/><T42/><D54/><U65/><E55/><V90/><F10/><W41/><G41/><T112/><D112/><U76/><E46/><V78/><F0/><W48/><G48/><T30/><D29/><U134/><E43/><V81/><F3/><W126/><G126/><T21/><REACH who="0" step="1"/><D27/><REACH who="0" ten="240,250,250,240" step="2"/><U61/><E25/><V32/><F32/><W57/><G57/><AGARI ba="0,2" hai="21,26,30,42,44,49,57,62,67,92,93,97,100,107" machi="57" ten="30,11600,0" yaku="1,1,2,1,7,1,53,1" doraHai="72" doraHaiUra="53" who="0" fromWho="3" sc="240,136,250,0,250,0,240,-116" /><INIT seed="0,1,0,0,2,132" ten="376,250,250,124" oya="0" hai0="32,16,5,33,35,60,18,106,125,64,2,12,21" hai1="23,87,4,98,135,73,101,26,1,107,67,129,115" hai2="28,53,96,99,11,25,114,62,17,77,51,66,71" hai3="68,104,79,82,48,56,50,47,124,52,43,85,112"/><T36/><D106/><U81/><E135/><V49/><F114/><W38/><G112/><T130/><D36/><U94/><E129/><V61/><F77/><W97/><G68/><T13/><D130/><U37/><E37/><V44/><F62/><W78/><G78/><T113/><D113/><U80/><E73/><V58/><F17/><W133/><G133/><T128/><D128/><U34/><E34/><V116/><F11/><W111/><G111/><T31/><D125/><U126/><E126/><V14/><F14/><W86/><G86/><T102/><D102/><U6/><E67/><V40/><REACH who="2" step="1"/><F116/><REACH who="2" ten="376,250,240,124" step="2"/><W65/><G124/><T63/><D60/><U120/><E115/><V72/><F72/><W30/><G30/><T55/><D31/><U109/><E6/><V20/><AGARI ba="1,1" hai="20,25,28,40,44,49,51,53,58,61,66,71,96,99" machi="20" ten="20,2700,0" yaku="1,1,0,1,7,1,53,0" doraHai="132" doraHaiUra="7" who="2" fromWho="2" sc="376,-14,250,-8,240,40,124,-8" /><INIT seed="1,0,0,1,5,86" ten="362,242,280,116" oya="1" hai0="80,125,24,93,3,62,91,121,79,6,5,22,94" hai1="96,60,41,108,2,69,73,40,95,83,10,29,7" hai2="52,28,104,11,42,90,126,120,36,87,134,118,56" hai3="54,14,4,17,92,113,8,100,101,15,61,68,85"/><U70/><E108/><V128/><F118/><W119/><G113/><T84/><D121/><U124/><E124/><V49/><F120/><W81/><G119/><T71/><D125/><U63/><E29/><V27/><F126/><W135/><G135/><T31/><D3/><U21/><E21/><V67/><F104/><W74/><G74/><T131/><D131/><U127/><E127/><V123/><F123/><W109/><G109/><T16/><D94/><U64/><E63/><V107/><F107/><W34/><G34/><T0/><D0/><U58/><E70/><V57/><F134/><W106/><G106/><T33/><D62/><U20/><E20/><V39/><F128/><W59/><G68/><T89/><D71/><U133/><E133/><V115/><F115/><W50/><G61/><T98/><D79/><U53/><E53/><V9/><F57/><W23/><G81/><T65/><D65/><U35/><E35/><V116/><F67/><W72/><G72/><T88/><D91/><AGARI ba="0,0" hai="4,8,14,15,17,23,50,54,59,85,91,92,100,101" machi="91" ten="40,8000,1" yaku="25,2,8,1,52,1" doraHai="86" who="3" fromWho="0" sc="362,-80,242,0,280,0,116,80" /><INIT seed="2,0,0,5,1,21" ten="282,242,280,196" oya="2" hai0="73,134,41,44,63,102,117,54,48,82,40,72,50" hai1="38,31,110,28,103,107,101,124,53,99,18,96,62" hai2="123,113,1,94,80,24,5,42,0,16,131,49,32" hai3="111,3,98,67,58,90,85,120,133,22,87,60,70"/><V10/><F113/><W27/><G120/><T39/><D134/><U77/><E110/><V71/><F71/><W114/><G133/><T74/><D117/><U97/><E38/><V43/><F123/><W6/><G111/><T68/><D102/><N who="1" m="38923" /><E107/><V20/><F131/><W52/><G114/><T46/><D68/><U89/><E77/><V2/><F94/><W130/><G130/><T106/><D63/><U13/><E89/><V91/><F32/><W26/><G6/><T78/><REACH who="0" step="1"/><D106/><REACH who="0" ten="272,242,280,196" step="2"/><U34/><E124/><V135/><F135/><W75/><G70/><T69/><D69/><U129/><E129/><V33/><F33/><W79/><G67/><T128/><D128/><U57/><E34/><V86/><REACH who="2" step="1"/><F49/><REACH who="2" ten="272,242,270,196" step="2"/><W115/><G115/><T23/><D23/><AGARI ba="0,2" hai="13,18,23,28,31,53,57,62,96,97,99" m="38923" machi="23" ten="30,1000,0" yaku="8,1" doraHai="21" who="1" fromWho="0" sc="272,-10,242,30,270,0,196,0" /><INIT seed="3,0,0,1,5,68" ten="262,272,270,196" oya="3" hai0="7,21,99,8,32,13,124,80,120,10,17,66,0" hai1="112,47,23,86,79,27,93,70,101,106,111,122,110" hai2="28,56,36,82,62,11,92,67,64,71,104,78,48" hai3="63,15,107,59,22,38,5,29,1,121,40,118,51"/><W4/><G118/><T2/><D120/><U88/><E112/><V46/><F104/><W61/><G121/><T18/><D66/><U39/><E70/><V34/><F67/><W84/><G107/><T98/><D124/><U52/><E79/><V31/><F34/><W129/><G129/><T116/><D116/><U20/><E122/><V131/><F131/><W25/><G1/><T127/><D127/><U117/><E117/><V113/><F113/><W69/><G69/><T16/><D32/><U54/><E101/><V97/><F11/><W26/><G38/><T74/><D0/><U42/><E106/><V128/><F36/><W24/><G84/><T102/><D102/><U90/><E90/><V109/><F109/><N who="1" m="41481" /><E23/><V44/><F71/><W126/><G126/><T50/><D50/><U81/><E81/><V57/><F57/><W53/><G29/><AGARI ba="0,0" hai="20,27,29,39,42,47,52,54,86,88,93" m="41481" machi="29" ten="30,7700,0" yaku="14,1,52,1,54,2" doraHai="68" who="1" fromWho="3" sc="262,0,272,77,270,0,196,-77" owari="262,-13.8,349,44.9,270,7.0,119,-38.1" /></mjloggm>