<mjloggm ver="2.3"><GO type="225" lobby="0"/><UN n0="%E6%A1%9C%E8%8A%B1%E9%96%83%E3%80%85" n1="%E3%83%A9%E3%83%96%E3%83%AC%E3%83%BC" n2="%E3%81%8B%E3%82%8F%E3%81%A1%E3%82%83%E3%82%93%35%38" n3="%77%72%77%72%77%72%77%72" dan="16,17,16,16" rate="2089.54,2150.21,2173.56,2241.68" sx="M,M,M,M"/><TAIKYOKU oya="0"/><INIT seed="0,0,0,2,1,81" ten="250,250,250,250" oya="0" hai0="6,12,97,23,108,132,85,44,68,89,45,31,28" hai1="47,107,117,17,93,101,51,128,40,29,58,134,88" hai2="37,33,22,102,110,32,0,19,36,49,121,66,79" hai3="91,116,59,39,2,48,98,115,100,86,4,55,25"/><T38/><D132/><U96/><E134/><V56/><F121/><W35/><G115/><T41/><D68/><U50/><E128/><V30/><F0/><W14/><G116/><T76/><D108/><U118/><E29/><V87/><F102/><W120/><G120/><T10/><D76/><U11/><E17/><V63/><F110/><W113/><G113/><T54/><D97/><U84/><REACH who="1" step="1"/><E11/><REACH who="1" ten="250,240,250,250" step="2"/><V34/><F30/><W8/><G8/><T95/><REACH who="0" step="1"/><D23/><REACH who="0" ten="240,240,250,250" step="2"/><U18/><E18/><V126/><F19/><W20/><G20/><T57/><D57/><U114/><E114/><V104/><F22/><W106/><G59/><T52/><D52/><AGARI ba="0,2" hai="40,47,50,51,52,58,84,88,93,96,101,107,117,118" machi="52" ten="40,8000,1" yaku="1,1,52,1,54,2,53,0" doraHai="81" doraHaiUra="133" who="1" fromWho="0" sc="240,-80,240,100,250,0,250,0" /><INIT seed="1,0,0,1,4,3" ten="160,340,250,250" oya="1" hai0="81,43,63,120,101,86,32,20,18,117,112,88,114" hai1="27,95,71,72,65,97,34,109,110,111,23,44,66" hai2="52,35,102,41,77,100,134,84,126,124,8,30,37" hai3="76,122,62,69,85,17,128,121,70,26,38,55,119"/><U54/><E34/><V59/><F35/><W99/><G38/><T57/><D117/><U24/><E72/><V11/><F30/><W25/><G119/><T132/><D32/><U83/><E83/><N who="2" m="47215" /><F41/><W47/><G128/><T21/><D132/><U67/><E71/><V45/><F45/><W127/><G127/><N who="2" m="48681" /><F37/><W78/><G47/><T135/><D135/><U130/><E130/><V50/><F134/><W105/><G55/><T113/><D120/><U9/><E9/><AGARI ba="0,0" hai="8,9,11,50,52,59,100,102" m="48681,47215" machi="9" ten="30,2000,0" yaku="18,1,54,1" doraHai="3" who="2" fromWho="1" sc="160,0,340,-20,250,20,250,0" /><INIT seed="2,0,0,3,4,21" ten="160,320,270,250" oya="2" hai0="56,100,34,0,107,74,51,85,7,50,31,134,22" hai1="25,71,106,113,45,126,97,3,123,26,104,94,87" hai2="96,57,99,17,75,86,38,83,23,28,27,111,41" hai3="81,36,47,12,120,32,68,105,77,125,49,2,60"/><V119/><F119/><W10/><G120/><T72/><D134/><U79/><E113/><V76/><F111/><W78/><G105/><T20/><D34/><U24/><E71/><V44/><F75/><W124/><G32/><T35/><D35/><U66/><E66/><V109/><F109/><W4/><G36/><T37/><D37/><U70/><E70/><V19/><F57/><W112/><G112/><T95/><D107/><U59/><E3/><V39/><F39/><W67/><G2/><T54/><D50/><U55/><E45/><V9/><F9/><W18/><G18/><T11/><D22/><U110/><E110/><V127/><F127/><N who="3" m="48715" /><G81/><T90/><REACH who="0" step="1"/><D100/><REACH who="0" ten="150,320,270,250" step="2"/><U15/><E106/><V98/><AGARI ba="0,1" hai="17,19,23,27,28,38,41,44,76,83,86,96,98,99" machi="98" ten="30,3000,0" yaku="0,1,52,1" doraHai="21" who="2" fromWho="2" sc="150,-10,320,-10,270,40,250,-10" /><INIT seed="2,1,0,5,4,133" ten="140,310,310,240" oya="2" hai0="102,123,38,127,110,25,135,24,71,52,90,130,5" hai1="72,78,115,113,0,131,42,63,8,94,77,67,92" hai2="41,99,81,75,4,117,62,22,20,85,32,65,98" hai3="29,96,10,93,40,35,50,26,69,108,12,79,132"/><V120/><F32/><W88/><G108/><T86/><D123/><U57/><E131/><V76/><F117/><W51/><G132/><T7/><D135/><U61/><E72/><V129/><F120/><W66/><G40/><T48/><D38/><U68/><E42/><V54/><F129/><W2/><G2/><T23/><D130/><U89/><E94/><V126/><F41/><W27/><G79/><T43/><D71/><U47/><E47/><V31/><F4/><W17/><REACH who="3" step="1"/><G26/><REACH who="3" ten="140,310,310,230" step="2"/><T105/><D43/><U97/><E78/><V103/><F76/><W14/><G14/><T15/><D25/><U119/><E77/><V28/><F75/><W9/><G9/><T6/><D110/><U114/><E119/><V118/><F118/><W30/><G30/><T34/><D15/><U56/><E8/><V53/><F31/><W33/><G33/><T64/><D34/><U36/><E0/><V100/><F28/><W95/><G95/><T87/><D24/><U16/><E36/><V1/><F1/><W122/><G122/><T37/><D37/><U19/><E68/><V3/><F3/><W84/><G84/><T70/><D87/><U128/><E128/><V49/><F85/><W134/><G134/><T83/><D23/><U82/><E82/><V21/><F81/><W111/><G111/><T46/><D70/><U125/><E115/><V18/><F21/><W58/><G58/><T11/><D11/><U116/><E114/><V59/><F20/><W45/><G45/><T55/><D46/><U121/><E116/><V74/><F22/><W112/><G112/><RYUUKYOKU ba="1,1" sc="140,-10,310,-10,310,-10,230,30" hai3="10,12,17,27,29,35,50,51,66,69,88,93,96" /><INIT seed="3,2,1,2,2,120" ten="130,300,300,260" oya="3" hai0="87,104,130,12,135,115,14,15,85,107,4,60,51" hai1="105,74,78,39,16,57,34,10,113,103,131,133,70" hai2="58,67,28,65,98,25,59,6,49,27,26,46,119" hai3="37,102,47,123,40,84,101,81,116,21,75,52,124"/><W5/><G116/><T90/><D130/><U41/><E34/><V68/><F68/><W134/><G123/><T77/><D135/><U18/><E70/><V97/><F6/><W111/><G134/><T109/><D115/><U80/><E113/><V92/><F28/><W35/><G35/><T76/><D4/><U94/><E105/><V8/><F8/><W127/><G75/><T122/><D122/><U17/><E131/><V72/><F72/><W125/><G5/><T66/><D51/><U7/><E57/><N who="2" m="21515" /><F119/><W88/><G111/><T2/><D2/><N who="1" m="375" /><E133/><V23/><F23/><W22/><G52/><T55/><D55/><U118/><E118/><V95/><F95/><W82/><G82/><T9/><D9/><U79/><E79/><N who="0" m="30281" /><D90/><U89/><E103/><AGARI ba="2,1" hai="21,22,37,40,47,81,84,88,101,102,103,124,125,127" machi="103" ten="40,3900,0" yaku="18,1,54,1" doraHai="120" who="3" fromWho="1" sc="130,0,300,-45,300,0,260,55" owari="130,-37.0,255,-14.5,300,10.0,315,41.5" /></mjloggm>