<mjloggm ver="2.3"><GO type="225" lobby="0"/><UN n0="%E7%B4%94%E6%BD%94%E3%83%94%E3%83%A9%E3%83%8B%E3%82%A2" n1="%E3%83%B4%E3%83%A0%EF%BC%99%E3%81%A6" n2="%E3%83%81%E3%83%AF%E3%83%AF%E9%9A%8A%E9%95%B7" n3="%E3%82%B2%E3%82%B9%E8%8C%82%E5%8B%9D" dan="16,16,17,16" rate="2115.86,2107.99,2226.02,2126.44" sx="M,M,M,F"/><TAIKYOKU oya="0"/><INIT seed="0,0,0,0,1,128" ten="250,250,250,250" oya="0" hai0="73,121,131,60,135,129,74,50,78,94,62,27,12" hai1="95,31,105,93,72,120,45,33,126,54,90,81,13" hai2="86,65,123,35,28,36,117,92,52,109,30,38,24" hai3="44,55,25,101,37,122,26,68,87,100,56,119,47"/><T61/><D121/><U110/><E120/><V17/><F123/><W102/><G119/><T59/><D27/><N who="3" m="10249" /><G37/><T99/><D12/><U40/><E105/><V106/><F106/><W14/><G68/><T34/><D34/><U63/><E110/><V130/><F109/><W2/><G2/><T70/><D70/><U20/><E33/><V115/><F115/><W3/><G3/><T1/><D1/><U107/><E107/><V6/><F130/><N who="0" m="49674" /><D78/><U39/><E126/><V8/><F28/><W32/><G32/><T79/><D79/><U42/><E42/><V127/><F127/><W113/><G113/><T22/><D22/><U21/><E31/><V51/><F117/><W0/><G0/><T46/><D59/><U96/><E21/><V124/><F124/><W66/><G122/><T104/><D104/><U116/><E116/><V97/><F35/><W133/><G133/><T69/><D135/><U58/><E72/><N who="0" m="27753" /><D69/><U7/><E20/><V9/><F30/><W76/><G66/><T15/><D15/><U132/><E132/><V29/><F65/><W118/><G118/><T16/><D16/><U11/><E13/><V5/><F24/><W83/><G14/><T75/><N who="0" m="27761" /><T82/><DORA hai="48" /><D82/><U67/><E81/><V64/><F29/><W108/><G108/><T49/><D46/><U80/><E80/><V18/><F5/><W98/><G98/><T77/><D77/><U89/><E7/><V53/><F6/><W19/><G19/><T112/><D112/><U23/><E96/><V84/><F97/><W91/><G76/><T43/><D43/><RYUUKYOKU ba="0,0" sc="250,15,250,-15,250,-15,250,15" hai0="49,50,60,61,62,94,99" hai3="44,47,55,56,83,87,91,100,101,102" /><INIT seed="0,1,0,3,2,82" ten="265,235,235,265" oya="0" hai0="115,111,75,97,65,27,4,106,123,105,98,112,125" hai1="118,56,59,119,92,50,128,13,133,37,19,45,20" hai2="52,74,23,41,12,135,94,95,29,70,57,58,108" hai3="102,7,36,15,26,86,63,61,32,16,72,34,1"/><T88/><D65/><U24/><E128/><V9/><F70/><W87/><G72/><T100/><D4/><U78/><E133/><V126/><F74/><W99/><G36/><T25/><D75/><U67/><E37/><V43/><F135/><W53/><G1/><T131/><D123/><U2/><E2/><V18/><F126/><W48/><G7/><T60/><D60/><N who="3" m="23113" /><G32/><T93/><D125/><U8/><E67/><V132/><F132/><W66/><G66/><T81/><D131/><U73/><E118/><V117/><F117/><W134/><G134/><T69/><D69/><U127/><E119/><V62/><F108/><W42/><G42/><N who="2" m="15881" /><F57/><N who="3" m="32935" /><G26/><AGARI ba="1,0" hai="9,12,18,23,26,29,52,58,62,94,95" m="15881" machi="26" ten="30,2000,0" yaku="8,1,54,1" doraHai="82" who="2" fromWho="3" sc="265,0,235,0,235,23,265,-23" /><INIT seed="1,0,0,0,2,14" ten="265,235,258,242" oya="1" hai0="89,58,117,25,42,23,1,27,7,6,9,37,85" hai1="99,132,128,3,73,102,41,71,96,101,84,38,75" hai2="126,43,51,113,22,106,109,77,21,129,133,115,40" hai3="127,97,19,0,36,8,18,20,76,60,33,82,31"/><U47/><E3/><V35/><F35/><W12/><G127/><T57/><D117/><U55/><E128/><V81/><F106/><W53/><G36/><T48/><D37/><U28/><E132/><V112/><F133/><W124/><G124/><T79/><D79/><U118/><E118/><V17/><F126/><W86/><G97/><T134/><D25/><U26/><E71/><V135/><F135/><W59/><G0/><T24/><D27/><U104/><E84/><V44/><F129/><W120/><G120/><T34/><D6/><U52/><E73/><V54/><F109/><W46/><G46/><T32/><D42/><U64/><E64/><V61/><F61/><W91/><G33/><T74/><D74/><U100/><E75/><N who="2" m="43199" /><F22/><W66/><G31/><T10/><D10/><U90/><E90/><V70/><F70/><W30/><G30/><T88/><D89/><U121/><E121/><V105/><F105/><W67/><G91/><T65/><D134/><U4/><E4/><V62/><F62/><W98/><G98/><T16/><D32/><U11/><E11/><V87/><F87/><W78/><G78/><T122/><D34/><U111/><E111/><V56/><F44/><W29/><G29/><T63/><D122/><U93/><E100/><V68/><F68/><W110/><G110/><T49/><D57/><U92/><E104/><V108/><F108/><W15/><AGARI ba="0,0" hai="8,12,15,18,19,20,53,59,60,66,67,76,82,86" machi="15" ten="20,8000,1" yaku="0,1,7,1,8,1,52,2" doraHai="14" who="3" fromWho="3" sc="265,-20,235,-40,258,-20,242,80" /><INIT seed="2,0,0,5,5,30" ten="245,195,238,322" oya="2" hai0="58,86,4,51,33,25,109,125,37,91,64,7,131" hai1="50,88,10,105,100,95,39,26,62,8,83,42,101" hai2="112,74,104,96,84,103,127,16,98,110,93,45,14" hai3="82,92,115,29,72,53,44,38,90,75,67,129,81"/><V94/><F112/><W20/><G129/><T117/><D37/><U120/><E39/><V15/><F74/><W132/><G132/><T5/><D109/><U97/><E120/><V123/><F123/><W73/><G115/><T130/><D125/><U22/><E83/><V63/><F127/><W79/><G67/><T65/><D117/><U134/><E134/><V23/><F110/><W106/><G106/><T46/><D58/><U40/><E62/><V80/><F63/><W9/><G9/><T122/><D122/><U121/><E121/><V52/><F14/><W57/><G82/><T69/><D25/><U71/><E71/><V24/><F24/><W119/><G119/><T108/><D33/><U89/><E89/><V34/><F34/><W61/><G20/><T28/><D28/><U18/><E100/><V27/><F27/><W59/><G29/><T13/><D13/><U128/><E128/><N who="0" m="49193" /><D69/><U55/><E10/><V47/><F104/><W21/><G21/><T78/><D78/><U87/><REACH who="1" step="1"/><E8/><REACH who="1" ten="245,185,238,322" step="2"/><V0/><F103/><W32/><G81/><N who="0" m="49615" /><D108/><U56/><AGARI ba="0,1" hai="18,22,26,40,42,50,55,56,87,88,95,97,101,105" machi="56" ten="20,8000,1" yaku="1,1,0,1,7,1,54,1,53,1" doraHai="30" doraHaiUra="85" who="1" fromWho="1" sc="245,-20,185,90,238,-40,322,-20" /><INIT seed="3,0,0,3,1,108" ten="225,275,198,302" oya="3" hai0="129,70,98,25,24,90,126,113,62,17,31,99,22" hai1="35,91,112,93,36,109,55,54,6,34,51,117,114" hai2="53,96,111,49,68,11,121,13,115,44,28,107,14" hai3="130,74,32,133,97,110,48,18,12,88,9,82,132"/><W120/><G120/><T30/><D126/><U87/><E36/><V86/><F68/><W101/><G110/><T40/><D129/><U23/><E109/><V2/><F111/><W78/><G130/><T85/><D40/><U7/><E117/><V75/><F75/><W57/><G32/><T15/><D70/><U50/><E23/><V41/><F121/><W4/><G88/><T103/><D62/><U42/><E42/><V67/><F67/><W52/><REACH who="3" step="1"/><G4/><REACH who="3" ten="225,275,198,292" step="2"/><T131/><D131/><U84/><E91/><V63/><F96/><W77/><G77/><T100/><D99/><U123/><E123/><V134/><F134/><W92/><AGARI ba="0,1" hai="9,12,18,48,52,57,74,78,82,92,97,101,132,133" machi="92" ten="30,6000,0" yaku="1,1,0,1,54,1,53,0" doraHai="108" doraHaiUra="3" who="3" fromWho="3" sc="225,-20,275,-20,198,-20,292,70" owari="205,-19.5,255,5.5,178,-32.2,362,46.2" /></mjloggm>