<mjloggm ver="2.3"><GO type="225" lobby="0"/><UN n0="%30%2E%31%32%30" n1="%E6%B8%A9%E2%98%85%E6%83%85%E2%98%85%E6%8E%AA%E2%98%85%E7%BD%AE" n2="%E7%AD%89%E3%80%85%E5%8A%9B%E5%8A%87%E5%A0%B4" n3="%72%69%6F%75%63%68%61%6E" dan="16,16,17,16" rate="2141.31,2167.28,2175.03,2142.47" sx="M,M,M,M"/><TAIKYOKU oya="0"/><INIT seed="0,0,0,3,1,90" ten="250,250,250,250" oya="0" hai0="96,59,107,127,13,20,124,11,57,68,105,49,135" hai1="43,67,113,123,84,52,10,129,15,106,115,120,14" hai2="109,42,1,39,36,88,29,95,37,41,40,60,128" hai3="77,7,79,85,17,94,6,18,82,112,103,21,104"/><T45/><D68/><U0/><E106/><V80/><F1/><W125/><G125/><N who="0" m="48203" /><D135/><U92/><E43/><V100/><F109/><W121/><G112/><N who="1" m="43082" /><E67/><V69/><F128/><W25/><G121/><N who="1" m="46666" /><E129/><V9/><F100/><W118/><G118/><T64/><D20/><U101/><E0/><V38/><F38/><W98/><G77/><T50/><D50/><U63/><E10/><V134/><F134/><W89/><REACH who="3" step="1"/><G18/><REACH who="3" ten="250,250,250,240" step="2"/><N who="0" m="8511" /><D64/><U114/><E114/><V81/><F37/><W110/><G110/><T72/><D72/><AGARI ba="0,1" hai="6,7,17,21,25,72,79,82,85,89,94,98,103,104" machi="72" ten="30,12000,2" yaku="1,1,7,1,24,2,52,1,53,2" doraHai="90" doraHaiUra="3" who="3" fromWho="0" sc="250,-120,250,0,250,0,240,130" /><INIT seed="1,0,0,4,5,48" ten="130,250,250,370" oya="1" hai0="52,87,54,55,91,21,66,98,17,108,42,30,121" hai1="95,105,118,90,26,80,43,53,103,7,6,41,27" hai2="77,40,20,99,97,127,117,18,128,57,12,106,85" hai3="88,130,100,68,33,92,60,72,131,86,94,69,37"/><U83/><E118/><V67/><F117/><W62/><G72/><T24/><D108/><U28/><E103/><V70/><F128/><N who="3" m="49195" /><G37/><T14/><D121/><U112/><E105/><V19/><F127/><W64/><G33/><T1/><D1/><U51/><E112/><V93/><F70/><N who="3" m="42247" /><G62/><T114/><D114/><U45/><E6/><V13/><F106/><W79/><G79/><T11/><D66/><U107/><E7/><V8/><F40/><N who="1" m="15433" /><E107/><V63/><F77/><W89/><G100/><T38/><D98/><AGARI ba="0,0" hai="68,69,86,88,89,92,94,98" m="42247,49195" machi="98" ten="30,2000,0" yaku="19,1,54,1" doraHai="48" who="3" fromWho="0" sc="130,-20,250,0,250,0,370,20" /><INIT seed="2,0,0,5,1,52" ten="110,250,250,390" oya="2" hai0="55,47,25,81,110,33,63,37,94,16,92,101,103" hai1="53,115,84,82,19,7,131,38,30,27,10,21,89" hai2="134,135,125,60,26,57,96,100,93,109,74,18,34" hai3="42,61,59,3,113,73,24,98,58,76,80,5,2"/><V111/><F74/><W70/><G113/><T132/><D132/><N who="2" m="50730" /><F125/><W11/><G2/><T20/><D110/><N who="2" m="41994" /><F18/><W77/><G76/><T123/><D123/><U46/><E131/><V66/><F26/><W104/><G42/><T14/><D81/><U51/><E115/><V41/><F34/><W54/><G24/><T72/><D72/><U86/><E38/><V69/><F41/><W56/><REACH who="3" step="1"/><G70/><AGARI ba="0,0" hai="57,60,66,69,70,93,96,100" m="41994,50730" machi="70" ten="30,11600,0" yaku="20,1,14,1,10,1,52,1" doraHai="52" who="2" fromWho="3" sc="110,0,250,0,250,116,390,-116" /><INIT seed="2,1,0,2,2,84" ten="110,250,366,274" oya="2" hai0="94,87,49,48,40,26,131,45,63,14,31,27,54" hai1="61,53,68,127,50,100,47,99,110,121,9,92,125" hai2="8,132,74,106,108,29,97,43,30,15,41,95,18" hai3="114,20,46,83,91,17,37,126,57,98,89,105,32"/><V35/><F74/><W88/><G32/><T85/><D131/><U72/><E110/><V51/><F106/><W7/><G126/><N who="1" m="48138" /><E121/><V117/><F117/><W81/><G114/><T80/><D63/><U60/><E72/><V3/><F132/><W124/><G124/><T122/><D122/><U77/><E77/><V109/><F3/><W56/><G7/><T10/><D31/><N who="2" m="11786" /><F35/><W65/><G37/><T42/><D94/><U123/><E123/><V115/><F115/><W28/><G46/><T6/><D85/><U75/><E75/><V79/><F79/><W133/><G28/><T44/><REACH who="0" step="1"/><D54/><REACH who="0" ten="100,250,366,274" step="2"/><U134/><E60/><V12/><F109/><W113/><G113/><T34/><D34/><U39/><E61/><V1/><F108/><W23/><G65/><T25/><D25/><U130/><E130/><V16/><F1/><W33/><G33/><T103/><D103/><U0/><E100/><V112/><F112/><W4/><G133/><T59/><D59/><U93/><E134/><V78/><F78/><AGARI ba="1,1" hai="6,10,14,26,27,40,42,44,45,48,49,78,80,87" machi="78" ten="30,12000,2" yaku="1,1,7,1,9,1,25,2,8,1,53,0" doraHai="84" doraHaiUra="107" who="0" fromWho="2" sc="100,133,250,0,366,-123,274,0" /><INIT seed="3,0,0,0,3,47" ten="233,250,243,274" oya="3" hai0="22,76,63,127,93,65,57,118,42,105,113,70,2" hai1="8,49,123,112,99,96,39,0,45,55,44,51,43" hai2="75,27,71,29,106,15,100,109,34,78,4,114,117" hai3="9,59,82,14,26,91,17,110,130,61,120,35,52"/><W102/><G120/><T13/><D118/><U88/><E112/><V21/><F71/><W132/><G130/><T122/><D2/><U81/><E123/><V79/><F114/><W37/><G37/><T77/><D105/><U125/><E125/><V116/><F109/><W72/><G110/><T36/><D122/><U97/><E39/><V66/><F66/><W19/><G132/><T1/><D1/><U124/><E124/><V54/><F100/><W94/><G102/><T7/><D127/><U50/><E50/><V111/><F106/><W41/><G41/><T101/><D70/><U104/><E104/><V73/><F111/><W135/><G135/><T10/><D113/><U103/><E103/><V83/><F78/><N who="0" m="30314" /><D36/><U108/><E108/><V95/><F75/><W48/><G72/><T11/><D42/><U92/><REACH who="1" step="1"/><E81/><REACH who="1" ten="233,240,243,274" step="2"/><V119/><F83/><W133/><G82/><T56/><D101/><U121/><E121/><V129/><F73/><W28/><G133/><T84/><D93/><U3/><E3/><V53/><F95/><W126/><G126/><T25/><D84/><U23/><E23/><V67/><F21/><W6/><G48/><T60/><D22/><U128/><E128/><V107/><F129/><W134/><G134/><T32/><D32/><U20/><E20/><V33/><F34/><W89/><G89/><T31/><D31/><U58/><E58/><V64/><F107/><W46/><G46/><T115/><D115/><U74/><E74/><V62/><F79/><W68/><G68/><T40/><D57/><U69/><E69/><N who="2" m="42135" /><F67/><W12/><G12/><RYUUKYOKU ba="0,1" sc="233,-30,240,10,243,10,274,10" hai1="0,8,43,44,45,49,51,55,88,92,96,97,99" hai2="4,15,27,29,33,53,54,116,117,119" hai3="6,9,14,17,19,26,28,35,52,59,61,91,94" /><INIT seed="3,1,1,0,5,29" ten="203,250,253,284" oya="3" hai0="87,55,133,19,121,64,22,34,122,83,73,71,30" hai1="1,69,80,130,23,103,47,26,128,131,25,51,93" hai2="78,95,79,48,102,66,9,6,132,86,46,74,10" hai3="94,67,116,56,113,33,99,42,45,107,62,68,108"/><W2/><G113/><T58/><D133/><U54/><E69/><V134/><F74/><W60/><G116/><T88/><D73/><U104/><E1/><V91/><F66/><W15/><G2/><T119/><D119/><U65/><E65/><V43/><F102/><W35/><G107/><T90/><D64/><U12/><E104/><V72/><F10/><W85/><G108/><T63/><D71/><U129/><N who="1" m="32768" /><DORA hai="49" /><U100/><E80/><V109/><F109/><W13/><G85/><T135/><D135/><N who="2" m="51754" /><F72/><W41/><G41/><T120/><D90/><U105/><E105/><V123/><F123/><W92/><G13/><AGARI ba="1,1" hai="6,9,13,43,46,48,78,79,86,91,95" m="51754" machi="13" ten="30,1000,0" yaku="20,1" doraHai="29,49" who="2" fromWho="3" sc="203,0,250,0,253,23,284,-13" /><INIT seed="4,0,0,2,1,133" ten="203,250,276,271" oya="0" hai0="95,89,51,47,96,107,2,5,85,112,11,132,0" hai1="42,129,79,29,48,58,111,30,40,60,37,27,120" hai2="35,131,20,25,63,50,36,23,43,45,28,116,38" hai3="87,84,53,77,122,72,103,80,98,74,1,69,101"/><T127/><D132/><U41/><E111/><V9/><F131/><W125/><G125/><T10/><D112/><U106/><E120/><V83/><F116/><W86/><G69/><T8/><D127/><U56/><E106/><V34/><F34/><W124/><G124/><T76/><D0/><U65/><E129/><V7/><F35/><W26/><G1/><T109/><D109/><U3/><E3/><V70/><F23/><W17/><G53/><T18/><D18/><U24/><E79/><V110/><F110/><W99/><G17/><T57/><D57/><U31/><REACH who="1" step="1"/><E37/><REACH who="1" ten="203,240,276,271" step="2"/><V113/><F38/><W46/><G122/><T92/><D107/><U44/><E44/><V59/><F45/><W16/><G46/><T100/><REACH who="0" step="1"/><D76/><REACH who="0" ten="193,240,276,271" step="2"/><U128/><E128/><V130/><F130/><W97/><G77/><T81/><D81/><U91/><E91/><V4/><F83/><W19/><G80/><T64/><D64/><U135/><E135/><V22/><F113/><W6/><G6/><T49/><D49/><U104/><E104/><V66/><F50/><W94/><G94/><T67/><D67/><U115/><E115/><V117/><F66/><W93/><G93/><T90/><D90/><U126/><E126/><V78/><F78/><W108/><G108/><T15/><D15/><U73/><E73/><V105/><F105/><W39/><G39/><T52/><AGARI ba="0,2" hai="2,5,8,10,11,47,51,52,85,89,92,95,96,100" machi="52" ten="20,7800,0" yaku="1,1,0,1,7,1,54,1,53,0" doraHai="133" doraHaiUra="55" who="0" fromWho="0" sc="193,98,240,-26,276,-26,271,-26" /><INIT seed="4,1,0,0,5,73" ten="291,214,250,245" oya="0" hai0="13,108,35,72,26,116,76,45,132,8,118,135,29" hai1="81,89,63,19,25,27,120,66,28,48,133,119,106" hai2="65,67,128,52,86,43,32,122,33,3,109,36,23" hai3="44,69,40,127,74,78,104,4,87,77,129,130,75"/><T18/><D108/><U105/><E120/><V6/><F109/><W90/><G127/><T111/><D111/><U92/><E119/><N who="0" m="45609" /><D45/><U60/><E133/><N who="0" m="51273" /><D76/><N who="3" m="29289" /><G69/><T17/><D72/><U54/><E81/><V24/><F128/><N who="3" m="49259" /><G4/><AGARI ba="1,0" hai="4,8,13,17,18,26,29,35" m="51273,45609" machi="4" ten="30,5800,0" yaku="20,1,34,2" doraHai="73" who="0" fromWho="3" sc="291,61,214,0,250,0,245,-61" owari="352,45.2,214,-18.6,250,5.0,184,-31.6" /></mjloggm>