<mjloggm ver="2.3"><GO type="225" lobby="0"/><UN n0="%E5%B8%86%E7%AB%8B%E5%A4%8F%E8%A1%A3" n1="%E3%83%A9%E3%83%BC%E3%83%A1%E3%83%B3%E4%BA%94%E9%83%8E" n2="%E3%83%A9%E3%82%A4%E3%83%B3%E3%81%AE%E8%99%8E" n3="%E3%82%BC%E3%83%AB%E3%83%80%E3%81%AE%E4%BC%9D%E8%AA%AC" dan="17,16,16,17" rate="2177.83,2153.55,2083.41,2156.36" sx="M,M,M,M"/><TAIKYOKU oya="0"/><INIT seed="0,0,0,4,1,63" ten="250,250,250,250" oya="0" hai0="96,10,87,81,114,127,72,82,9,19,20,8,18" hai1="47,88,32,7,131,121,115,118,0,102,60,13,57" hai2="54,79,95,36,14,65,99,31,70,29,38,123,56" hai3="11,39,68,17,133,23,44,108,93,77,40,130,103"/><T110/><D127/><U45/><E118/><V4/><F123/><W5/><G108/><T97/><D114/><U112/><E121/><V85/><F36/><W111/><G111/><T27/><D110/><U64/><E32/><V109/><F38/><W73/><G68/><T71/><D71/><U90/><E0/><V117/><F117/><W30/><G30/><T1/><D1/><U28/><E28/><V120/><F120/><W62/><G62/><T83/><D72/><U92/><E102/><V135/><F135/><W48/><G133/><T37/><D37/><U113/><E131/><V119/><F119/><W3/><G48/><T2/><D2/><U51/><E92/><V41/><F41/><W50/><G50/><T12/><REACH who="0" step="1"/><D87/><REACH who="0" ten="240,250,250,250" step="2"/><U55/><E45/><V46/><F46/><W22/><G130/><T67/><D67/><U49/><E49/><V43/><F65/><W16/><G73/><T59/><D59/><U106/><E106/><V129/><F56/><W34/><G44/><T104/><D104/><U33/><E33/><V101/><F70/><W76/><G34/><T91/><D91/><U42/><E64/><V61/><F109/><W126/><G126/><T128/><D128/><U80/><E80/><V78/><F129/><W6/><G39/><T52/><D52/><U124/><E124/><V25/><F54/><W86/><G3/><T116/><D116/><U100/><E100/><V53/><F53/><W74/><G103/><T125/><D125/><U69/><E69/><V21/><F101/><W58/><G58/><T134/><D134/><U75/><E75/><RYUUKYOKU ba="0,1" sc="240,15,250,15,250,-15,250,-15" hai0="8,9,10,12,18,19,20,27,81,82,83,96,97" hai1="7,13,42,47,51,55,57,60,88,90,112,113,115" /><INIT seed="0,1,1,1,5,88" ten="255,265,235,235" oya="0" hai0="29,37,112,103,53,43,4,2,125,56,57,3,26" hai1="77,64,117,42,115,73,128,116,59,49,1,110,119" hai2="90,19,12,13,83,30,71,69,102,21,120,93,23" hai3="108,47,74,63,62,31,105,28,94,87,122,39,36"/><T85/><D112/><U9/><E115/><V16/><F120/><W129/><G74/><T61/><D125/><U95/><E73/><V109/><F109/><W55/><G105/><T113/><D113/><U60/><E77/><V132/><F132/><W99/><G87/><T96/><D37/><U32/><E32/><V34/><F83/><W58/><G108/><T6/><D43/><U25/><E110/><V107/><F102/><W131/><G122/><T14/><D85/><U52/><E128/><N who="3" m="49226" /><G63/><T15/><D2/><U81/><E81/><V80/><F80/><W68/><G68/><T135/><D135/><U22/><E42/><V72/><F107/><W27/><G47/><T17/><D3/><U65/><E95/><V66/><F72/><W91/><G28/><T124/><D57/><U45/><E65/><V38/><F66/><W86/><G86/><T104/><D124/><U111/><E111/><V114/><F38/><W35/><AGARI ba="1,1" hai="27,31,35,36,39,55,58,62,91,94,99" m="49226" machi="35" ten="30,2000,0" yaku="19,1,52,1" doraHai="88" who="3" fromWho="3" sc="255,-11,265,-6,235,-6,235,33" /><INIT seed="1,0,0,4,4,93" ten="244,259,229,268" oya="1" hai0="14,78,92,113,58,54,132,86,85,62,21,90,13" hai1="2,98,122,126,112,114,47,20,3,67,91,40,130" hai2="49,56,42,61,120,73,81,124,24,45,57,133,79" hai3="32,128,19,0,34,77,69,31,16,29,8,53,80"/><U87/><E122/><V7/><F120/><W25/><G69/><T99/><D132/><U63/><E126/><V103/><F133/><W118/><G128/><T110/><D110/><U108/><E130/><V95/><F124/><W39/><G39/><T131/><D131/><U94/><E108/><V121/><F121/><W96/><G118/><T18/><D113/><U59/><E2/><V46/><F7/><W26/><G53/><T107/><D107/><U15/><E3/><V12/><F12/><W27/><G96/><T11/><REACH who="0" step="1"/><D78/><REACH who="0" ten="234,259,229,268" step="2"/><U50/><REACH who="1" step="1"/><E87/><REACH who="1" ten="234,249,229,268" step="2"/><V101/><F73/><W43/><G0/><T17/><AGARI ba="0,2" hai="11,13,14,17,18,21,54,58,62,85,86,90,92,99" machi="17" ten="20,12000,2" yaku="1,1,2,1,0,1,7,1,8,1,52,1,53,0" doraHai="93" doraHaiUra="37" who="0" fromWho="0" sc="234,140,249,-60,229,-30,268,-30" /><INIT seed="2,0,0,0,5,14" ten="374,189,199,238" oya="2" hai0="28,96,31,108,39,107,58,30,18,61,133,5,21" hai1="29,55,104,111,17,90,124,79,98,81,83,48,112" hai2="24,94,87,103,35,73,50,110,126,132,6,1,82" hai3="75,65,43,10,99,106,71,121,88,59,7,3,4"/><V40/><F126/><W20/><G121/><T76/><D39/><U62/><E112/><V115/><F115/><W47/><G7/><T54/><D108/><U105/><E111/><V72/><F110/><W25/><G75/><T116/><D133/><U93/><E124/><V117/><F117/><W130/><G130/><T22/><D116/><U129/><E129/><V109/><F109/><W135/><G135/><T63/><D5/><U128/><E128/><V38/><F38/><W97/><G71/><T123/><D76/><U125/><E125/><V95/><F132/><W23/><G106/><T27/><D123/><U42/><E29/><N who="0" m="7425" /><T33/><DORA hai="51" /><D33/><U9/><E105/><V66/><F66/><W84/><G65/><T49/><D107/><U52/><E104/><V56/><F24/><W118/><G59/><T101/><D22/><U122/><E122/><V26/><F26/><W12/><G3/><T86/><D86/><N who="1" m="48447" /><E83/><V102/><F35/><W34/><G20/><T46/><D58/><N who="1" m="35143" /><E42/><V37/><F37/><W53/><G43/><T16/><D18/><U131/><E131/><V13/><F1/><W36/><G36/><T67/><D67/><U74/><E74/><V134/><F134/><W100/><G34/><T78/><D78/><U77/><E77/><N who="2" m="46543" /><F72/><W64/><G64/><T69/><D69/><U44/><E9/><N who="2" m="4279" /><F73/><W60/><G118/><T45/><D45/><U114/><E114/><V119/><F119/><W32/><G47/><T89/><D101/><N who="2" m="38410" /><F40/><W41/><G41/><T19/><D19/><AGARI ba="0,0" hai="17,19,44,48,55,90,93,98" m="35143,48447" machi="19" ten="30,12000,2" yaku="8,1,52,4,54,1" doraHai="14,51" who="1" fromWho="0" sc="374,-120,189,120,199,0,238,0" /><INIT seed="3,0,0,2,3,44" ten="254,309,199,238" oya="3" hai0="53,111,106,50,25,84,121,87,98,115,40,91,88" hai1="132,66,103,119,26,123,117,108,70,17,134,65,6" hai2="94,110,5,135,78,49,109,20,36,61,130,102,54" hai3="127,52,69,131,47,33,11,63,21,28,27,32,89"/><W129/><G127/><T76/><D121/><U8/><E108/><N who="2" m="41579" /><F36/><W114/><G114/><T14/><D115/><U48/><E123/><V112/><F112/><W51/><G89/><T124/><D124/><U43/><E103/><V118/><F118/><N who="1" m="45065" /><E17/><V10/><F78/><W59/><G11/><T101/><D111/><U16/><E16/><V73/><F73/><W60/><G60/><T39/><D76/><U15/><E26/><V126/><F126/><W133/><G69/><T7/><D25/><U55/><E43/><V4/><F61/><W100/><G100/><T93/><D40/><U58/><E70/><V13/><F20/><W104/><G104/><T92/><D39/><U125/><E125/><V41/><F41/><N who="3" m="25071" /><G133/><AGARI ba="0,0" hai="6,8,15,48,55,58,65,66,132,133,134" m="45065" machi="133" ten="30,3900,0" yaku="20,1,12,1,52,1" doraHai="44" who="1" fromWho="3" sc="254,0,309,39,199,0,238,-39" owari="254,5.4,348,44.8,199,-20.1,199,-30.1" /></mjloggm>