<mjloggm ver="2.3"><GO type="225" lobby="0"/><UN n0="%E6%98%93%E5%88%A9%E8%96%A9%E4%BC%AF" n1="%E3%82%B2%E3%82%B9%E8%8C%82%E5%8B%9D" n2="%E9%9B%80%E6%A5%B5%E3%81%AE%E3%81%B8" n3="%E5%8D%A0%E3%81%84%E5%B8%AB%E8%A3%8F%E3%81%AA%E3%81%84%E3%81%97" dan="16,16,16,16" rate="2057.92,2083.87,2136.13,2122.56" sx="F,F,M,M"/><TAIKYOKU oya="0"/><INIT seed="0,0,0,2,4,6" ten="250,250,250,250" oya="0" hai0="122,69,40,102,56,111,67,104,124,33,7,16,114" hai1="17,64,0,31,112,41,2,75,72,32,93,108,118" hai2="4,74,38,57,123,53,34,90,103,92,110,65,121" hai3="13,99,113,130,126,3,100,14,46,20,117,1,132"/><T89/><D114/><U83/><E118/><V37/><F34/><W43/><G113/><T101/><D122/><U135/><E112/><V82/><F65/><W19/><G117/><T24/><D69/><U21/><E135/><V129/><F110/><W49/><G130/><T134/><D104/><U128/><E128/><V76/><F129/><W50/><G126/><T61/><D124/><U36/><E108/><V94/><F94/><W47/><G13/><T106/><D106/><U58/><E31/><V48/><F103/><W29/><G29/><T11/><D134/><U70/><E32/><V45/><F4/><W54/><REACH who="3" step="1"/><G132/><REACH who="3" ten="250,250,250,240" step="2"/><T119/><D119/><U28/><E28/><V42/><REACH who="2" step="1"/><F38/><REACH who="2" ten="250,250,240,240" step="2"/><W44/><G44/><T25/><D111/><U10/><E36/><V71/><F71/><W68/><G68/><T78/><D33/><U15/><E70/><V59/><F59/><W91/><G91/><T127/><D127/><U95/><E58/><V79/><F79/><W26/><G26/><T98/><D78/><U116/><E116/><V131/><F131/><W77/><G77/><T66/><D25/><U86/><E72/><V87/><AGARI ba="0,2" hai="37,42,45,48,53,57,74,76,82,87,90,92,121,123" machi="87" ten="20,2700,0" yaku="1,1,0,1,7,1,53,0" doraHai="6" doraHaiUra="27" who="2" fromWho="2" sc="250,-13,250,-7,240,47,240,-7" /><INIT seed="1,0,0,5,1,104" ten="237,243,287,233" oya="1" hai0="76,34,84,36,40,132,134,90,91,83,111,68,70" hai1="122,65,14,42,20,44,1,77,123,63,92,86,80" hai2="125,39,72,118,81,98,114,17,56,54,11,128,120" hai3="6,82,24,97,75,94,55,0,126,130,129,18,5"/><U79/><E1/><V100/><F39/><W37/><G126/><T8/><D34/><U35/><E35/><V38/><F38/><W59/><G37/><T119/><D119/><U29/><E77/><V127/><F120/><W105/><G105/><T25/><D111/><U66/><E92/><V62/><F118/><W9/><G5/><T10/><D25/><U135/><E135/><N who="0" m="51753" /><D40/><U32/><E32/><V52/><F128/><N who="3" m="49259" /><G18/><T133/><D36/><U33/><E33/><V101/><F114/><W50/><G24/><T60/><D133/><U31/><E65/><V16/><F54/><W22/><G22/><T103/><D103/><U27/><E14/><V57/><F57/><W124/><G124/><N who="2" m="47689" /><F11/><N who="0" m="4138" /><D70/><U12/><E12/><V51/><F51/><W13/><G13/><T3/><D3/><U74/><E31/><V110/><F110/><W73/><G82/><T78/><D78/><U121/><E44/><V47/><F47/><W2/><G2/><T69/><D69/><U113/><E42/><V87/><F100/><AGARI ba="0,0" hai="0,6,9,50,55,59,73,75,94,97,100" m="49259" machi="100" ten="30,3900,0" yaku="19,1,52,2" doraHai="104" who="3" fromWho="2" sc="237,0,243,0,287,-39,233,39" /><INIT seed="2,0,0,0,0,105" ten="237,243,248,272" oya="2" hai0="94,37,112,114,39,67,22,125,20,124,75,84,55" hai1="96,2,78,27,117,59,119,28,127,72,88,107,38" hai2="16,53,74,42,102,101,73,106,58,18,132,51,92" hai3="56,33,6,12,115,113,60,45,44,77,10,23,131"/><V121/><F121/><W46/><G33/><T15/><D67/><U4/><E127/><N who="0" m="48713" /><D55/><U34/><E38/><N who="0" m="14345" /><D15/><U36/><E36/><V63/><F106/><W99/><G131/><T120/><D120/><U8/><E59/><V133/><F92/><W90/><G77/><T91/><D75/><N who="2" m="28682" /><F101/><W122/><G122/><T98/><D98/><U79/><E79/><V14/><F102/><W82/><G23/><AGARI ba="0,0" hai="20,22,23,84,91,94,112,114" m="14345,48713" machi="23" ten="30,1000,0" yaku="18,1" doraHai="105" who="0" fromWho="3" sc="237,10,243,0,248,0,272,-10" /><INIT seed="3,0,0,1,3,110" ten="247,243,248,262" oya="3" hai0="4,107,114,1,84,0,104,126,36,67,69,44,15" hai1="9,86,55,14,25,90,60,61,23,7,98,32,122" hai2="46,117,92,125,33,22,34,80,38,91,45,19,54" hai3="129,102,51,2,13,120,63,100,112,132,35,123,11"/><W103/><G2/><N who="0" m="1131" /><D84/><U127/><E127/><V111/><F111/><W128/><G132/><T72/><D15/><U105/><E32/><V95/><F117/><W82/><G35/><T56/><BYE who="2" /><D56/><UN n2="%E9%9B%80%E6%A5%B5%E3%81%AE%E3%81%B8" /><U28/><E122/><V94/><F125/><W131/><G112/><T58/><D58/><U109/><E109/><V50/><F38/><W10/><G63/><N who="0" m="40191" /><D4/><U115/><E115/><V99/><F33/><W83/><G51/><T78/><D126/><U101/><REACH who="1" step="1"/><E55/><REACH who="1" ten="247,233,248,262" step="2"/><V30/><F34/><W48/><G48/><T39/><D114/><U73/><E73/><V74/><F74/><W42/><G42/><N who="0" m="22599" /><D39/><U21/><E21/><V8/><F22/><W27/><G10/><T93/><D93/><AGARI ba="0,1" hai="7,9,14,23,25,28,60,61,86,90,93,98,101,105" machi="93" ten="30,2000,0" yaku="1,1,7,1,53,0" doraHai="110" doraHaiUra="134" who="1" fromWho="0" sc="247,-20,233,30,248,0,262,0" /><INIT seed="4,0,0,1,0,72" ten="227,263,248,262" oya="0" hai0="62,116,6,53,135,56,110,130,88,63,114,77,91" hai1="46,33,123,5,115,122,108,20,39,58,102,43,109" hai2="95,17,35,106,66,104,50,0,79,18,21,9,86" hai3="125,67,36,40,7,59,4,23,112,14,37,34,61"/><T121/><D116/><U101/><E33/><V74/><F35/><W25/><G34/><T128/><D121/><N who="1" m="46091" /><E5/><V52/><F66/><W54/><G112/><T32/><D114/><U51/><E20/><V103/><F74/><W42/><G125/><T15/><D32/><U111/><E101/><V31/><F0/><W69/><G36/><T49/><D135/><U96/><E96/><N who="2" m="59807" /><F104/><W129/><G129/><N who="0" m="49771" /><D110/><U26/><E26/><N who="2" m="16847" /><F106/><W97/><G97/><T22/><D77/><U126/><E102/><V13/><F86/><W124/><G124/><T57/><D63/><U47/><E126/><V83/><F83/><W2/><G2/><T70/><D70/><U28/><E28/><V127/><F79/><W117/><G117/><T41/><D41/><N who="1" m="22847" /><E115/><V133/><F133/><W94/><G69/><T107/><D107/><U84/><E84/><V64/><F127/><W24/><G37/><T1/><D1/><U38/><E38/><V118/><F118/><W16/><G24/><T92/><D92/><U71/><E71/><V78/><F78/><W73/><G94/><T98/><D98/><U12/><E12/><V45/><F64/><W76/><G67/><N who="0" m="39367" /><D6/><AGARI ba="0,0" hai="6,9,13,17,18,45,50,52" m="16847,59807" machi="6" ten="30,2000,0" yaku="8,1,54,1" doraHai="72" who="2" fromWho="0" sc="227,-20,263,0,248,20,262,0" /><INIT seed="5,0,0,1,3,14" ten="207,263,268,262" oya="1" hai0="95,24,68,11,54,37,80,126,115,27,90,39,43" hai1="52,99,127,111,9,91,71,87,30,124,50,81,82" hai2="0,66,110,123,65,106,78,79,21,34,55,85,49" hai3="25,77,18,98,105,22,121,7,48,56,72,104,113"/><U116/><E116/><V10/><F34/><W42/><G121/><T108/><D108/><U64/><E111/><V131/><F106/><W35/><G113/><T94/><D68/><U23/><E99/><V33/><F33/><W61/><G35/><T120/><D115/><U51/><E51/><V16/><F131/><W107/><G7/><T8/><D120/><U89/><E9/><V75/><F75/><W100/><G77/><N who="2" m="29193" /><F0/><W44/><REACH who="3" step="1"/><G72/><REACH who="3" ten="207,263,268,252" step="2"/><T1/><D126/><U17/><E124/><V83/><F123/><W114/><G114/><T28/><D1/><U3/><E3/><V20/><F110/><W70/><G70/><T92/><D39/><U76/><E127/><V109/><F109/><W57/><G57/><T86/><D37/><U58/><E71/><V41/><F65/><AGARI ba="0,1" hai="18,22,25,42,44,48,56,61,65,98,100,104,105,107" machi="65" ten="30,3900,0" yaku="1,1,7,1,52,1,53,0" doraHai="14" doraHaiUra="125" who="3" fromWho="2" sc="207,0,263,0,268,-39,252,49" owari="207,-29.3,263,6.3,229,-17.1,301,40.1" /></mjloggm>