<mjloggm ver="2.3"><GO type="225" lobby="0"/><UN n0="%E8%B6%85%E7%B4%9A%E9%B3%B3%E5%87%B0" n1="%E6%B8%A1%E5%A4%A9%E8%97%8D" n2="%E3%83%97%E3%83%AC%E3%83%B4%E3%82%A1%E3%83%86%E3%82%A3" n3="%E3%83%AD%E3%83%BC%E3%83%89%E3%82%AB%E3%83%8A%E3%83%AD%E3%82%A2" dan="16,16,16,16" rate="2162.00,2104.82,2169.57,2114.56" sx="M,M,F,M"/><TAIKYOKU oya="0"/><INIT seed="0,0,0,1,2,34" ten="250,250,250,250" oya="0" hai0="54,93,133,60,82,17,9,14,23,38,112,76,48" hai1="130,58,28,71,44,55,49,86,13,117,83,129,25" hai2="123,16,92,114,21,19,0,100,43,33,22,134,42" hai3="70,104,127,50,61,29,37,66,36,11,65,108,98"/><T77/><D112/><U15/><E71/><V94/><F114/><W118/><G29/><T12/><D38/><N who="3" m="14953" /><G104/><T57/><D133/><U10/><E58/><V2/><F33/><W52/><G98/><T7/><D82/><U95/><E95/><V80/><F80/><W103/><G103/><T3/><D3/><U135/><E135/><V41/><F134/><W102/><G102/><T73/><D73/><U64/><E64/><V26/><F123/><W74/><G74/><T5/><D5/><U126/><E126/><V79/><F79/><W109/><G11/><T20/><D20/><U88/><E117/><V106/><F106/><W101/><G101/><T40/><D93/><U18/><REACH who="1" step="1"/><E15/><REACH who="1" ten="250,240,250,250" step="2"/><V89/><F100/><W110/><G118/><T69/><D69/><U90/><E90/><V72/><F72/><W99/><G66/><T39/><D39/><U132/><E132/><V53/><F92/><W124/><G99/><T47/><AGARI ba="0,1" hai="7,9,12,14,17,23,40,47,48,54,57,60,76,77" machi="47" ten="30,3000,0" yaku="0,1,8,1" doraHai="34" who="0" fromWho="0" sc="250,40,240,-10,250,-10,250,-10" /><INIT seed="0,1,0,0,2,86" ten="290,230,240,240" oya="0" hai0="98,50,124,67,92,31,25,49,46,57,95,66,24" hai1="64,19,23,62,13,102,121,120,38,111,131,114,97" hai2="22,65,60,126,129,117,130,77,59,79,71,51,135" hai3="4,101,96,44,32,94,29,12,116,8,36,35,17"/><T74/><D74/><U30/><E38/><V21/><F117/><W88/><G116/><T73/><D73/><U90/><E111/><V41/><F126/><W84/><G29/><T85/><D124/><U54/><E131/><N who="2" m="50187" /><F135/><W7/><G36/><T106/><D106/><U3/><E3/><V89/><F41/><W69/><G44/><T109/><D109/><U115/><E54/><N who="2" m="32223" /><F22/><W37/><G69/><T63/><D46/><U18/><E18/><V47/><F47/><W100/><G100/><T125/><D125/><U118/><E30/><V78/><F21/><W1/><G37/><T15/><D15/><U128/><E128/><V11/><F11/><W127/><G127/><T122/><D122/><U104/><E118/><V80/><F89/><W20/><REACH who="3" step="1"/><G7/><REACH who="3" ten="290,230,240,230" step="2"/><T123/><D31/><U132/><E132/><V83/><AGARI ba="1,1" hai="60,65,71,77,78,79,80,83" m="32223,50187" machi="83" ten="40,1500,0" yaku="19,1" doraHai="86" who="2" fromWho="2" sc="290,-8,230,-5,240,28,230,-5" /><INIT seed="1,0,0,1,5,135" ten="282,225,268,225" oya="1" hai0="85,59,41,77,121,99,124,21,84,134,133,86,65" hai1="122,8,75,116,20,3,0,18,6,34,17,32,95" hai2="35,127,73,130,13,63,37,128,57,119,100,120,90" hai3="40,9,29,72,71,108,115,129,48,22,50,38,83"/><U131/><E75/><V33/><F73/><W39/><G115/><T42/><D121/><U106/><E106/><V69/><F120/><W88/><G71/><T53/><D77/><U47/><E95/><V111/><F37/><W1/><G108/><T74/><D74/><U104/><E104/><V2/><F2/><N who="1" m="553" /><E47/><V51/><F119/><W94/><G129/><N who="2" m="49769" /><F111/><W25/><G72/><T125/><D65/><U11/><E122/><V46/><F69/><W70/><G83/><T4/><D4/><U23/><E116/><V31/><F100/><W12/><G1/><T89/><D99/><U10/><E6/><V96/><F31/><W91/><G70/><T7/><D7/><U102/><E102/><V80/><F13/><W56/><G91/><T92/><D89/><U28/><E28/><V36/><F36/><W66/><G66/><T61/><D92/><U98/><E98/><V97/><F97/><W67/><G50/><T52/><D21/><N who="1" m="8267" /><E131/><V109/><F109/><W132/><G67/><T79/><D79/><U19/><AGARI ba="0,0" hai="8,10,11,17,18,19,32,34" m="8267,553" machi="19" ten="40,18000,2" yaku="28,2,35,5" doraHai="135" who="1" fromWho="1" sc="282,-60,225,180,268,-60,225,-60" /><INIT seed="1,1,0,1,5,3" ten="222,405,208,165" oya="1" hai0="83,21,30,36,77,45,102,115,96,20,1,40,117" hai1="31,119,32,93,127,108,81,66,47,48,19,75,85" hai2="97,95,92,76,99,33,10,89,39,28,135,120,24" hai3="64,41,44,73,50,98,69,104,2,106,61,52,79"/><U133/><E75/><V38/><F120/><W114/><G114/><T116/><D115/><U34/><E119/><V78/><F135/><W7/><G73/><T57/><D1/><U63/><E127/><V25/><F10/><W54/><G79/><T43/><D43/><U103/><E31/><V35/><F28/><W123/><G123/><T55/><D20/><U71/><E108/><V62/><F62/><W68/><G68/><T49/><D30/><U16/><E32/><V67/><F89/><W122/><G122/><T58/><D21/><U134/><E34/><V65/><AGARI ba="1,0" hai="24,25,33,35,38,39,65,67,76,78,92,95,97,99" machi="65" ten="25,3200,0" yaku="0,1,22,2" doraHai="3" who="2" fromWho="2" sc="222,-9,405,-17,208,35,165,-9" /><INIT seed="2,0,0,2,4,17" ten="213,388,243,156" oya="2" hai0="72,113,92,85,110,79,61,33,117,6,132,63,87" hai1="125,22,93,129,121,75,15,11,13,18,2,16,68" hai2="107,58,84,57,114,44,65,115,105,134,54,38,67" hai3="119,122,55,40,28,88,133,89,74,49,32,26,100"/><V78/><F78/><W52/><G119/><T41/><D113/><N who="2" m="43018" /><F84/><W23/><G122/><T111/><D33/><U102/><E68/><V83/><F83/><W64/><G74/><T97/><D117/><U95/><E75/><V56/><F107/><W10/><G133/><T77/><D132/><U60/><E121/><V66/><F105/><W101/><G64/><T104/><D104/><U62/><E102/><N who="3" m="39530" /><G32/><T86/><D6/><U108/><E108/><N who="0" m="41513" /><D41/><U30/><E62/><N who="0" m="23561" /><D72/><U43/><E43/><N who="2" m="22647" /><F134/><W94/><G10/><T116/><D116/><U34/><E11/><V29/><F29/><W12/><G12/><T31/><D31/><U80/><E13/><V8/><F8/><W59/><G40/><T103/><AGARI ba="0,0" hai="77,79,85,86,87,92,97,103" m="23561,41513" machi="103" ten="40,1500,0" yaku="14,1" doraHai="17" who="0" fromWho="0" sc="213,15,388,-4,243,-7,156,-4" /><INIT seed="3,0,0,4,5,107" ten="228,384,236,152" oya="3" hai0="0,23,101,10,117,102,12,70,99,87,127,30,121" hai1="82,122,14,3,54,58,128,42,84,24,31,50,91" hai2="108,83,129,43,71,66,57,49,119,62,52,73,76" hai3="46,47,8,4,16,68,35,38,37,21,124,9,75"/><W114/><G114/><T116/><D121/><U86/><E128/><V125/><F129/><W74/><G35/><T106/><D70/><U40/><E3/><V34/><F34/><W15/><G68/><T53/><D127/><U98/><E122/><V100/><F125/><W79/><G124/><T39/><D39/><U59/><E14/><V32/><F32/><W18/><G79/><T55/><D0/><U93/><E84/><V60/><F108/><W25/><G37/><T36/><D36/><U56/><E24/><V112/><F112/><W92/><G92/><T11/><D87/><U113/><E31/><V41/><F119/><W44/><REACH who="3" step="1"/><G38/><REACH who="3" ten="228,384,236,142" step="2"/><T88/><D116/><U2/><E113/><V90/><F90/><W130/><G130/><T78/><D117/><U61/><E2/><AGARI ba="0,1" hai="2,4,8,9,15,16,18,21,25,44,46,47,74,75" machi="2" ten="40,12000,1" yaku="1,1,52,2,54,1,53,0" doraHai="107" doraHaiUra="111" who="3" fromWho="1" sc="228,0,384,-120,236,0,142,130" /><INIT seed="3,1,0,1,4,102" ten="228,264,236,272" oya="3" hai0="56,99,20,61,97,38,4,84,112,115,44,89,70" hai1="85,26,109,118,98,2,19,14,58,67,74,18,73" hai2="54,7,33,51,35,122,0,120,31,134,78,69,76" hai3="96,68,5,50,3,131,130,107,94,121,65,87,52"/><W34/><G121/><N who="2" m="46697" /><F69/><W24/><G3/><T22/><D70/><U132/><E2/><V129/><F129/><N who="3" m="49163" /><G5/><T28/><D4/><U133/><E109/><V79/><F134/><N who="1" m="51817" /><E118/><V42/><F42/><W62/><G107/><T55/><D38/><U95/><E85/><V108/><F108/><W25/><G87/><T41/><D97/><U9/><E67/><V10/><F31/><W114/><G34/><T43/><D99/><U90/><E58/><AGARI ba="1,0" hai="0,7,10,33,35,51,54,58,76,78,79" m="46697" machi="58" ten="30,1000,0" yaku="13,1" doraHai="102" who="2" fromWho="1" sc="228,0,264,-13,236,13,272,0" /><INIT seed="4,0,0,0,5,119" ten="228,251,249,272" oya="0" hai0="3,91,78,27,83,66,13,103,21,31,53,23,117" hai1="99,26,17,55,102,80,74,7,93,19,45,76,28" hai2="95,4,90,1,111,6,116,18,68,71,40,108,122" hai3="33,86,129,96,120,43,77,118,2,11,48,9,112"/><T39/><D117/><U64/><E7/><V47/><F116/><W60/><G118/><T127/><D39/><U42/><E55/><V72/><F72/><W49/><G33/><T100/><D3/><U20/><REACH who="1" step="1"/><E64/><REACH who="1" ten="228,241,249,272" step="2"/><V94/><F1/><W75/><G2/><T56/><D66/><U87/><E87/><V30/><F4/><W92/><G86/><T5/><D5/><U36/><AGARI ba="0,1" hai="17,19,20,26,28,36,42,45,74,76,80,93,99,102" machi="36" ten="20,5200,0" yaku="1,1,0,1,7,1,53,1" doraHai="119" doraHaiUra="41" who="1" fromWho="1" sc="228,-26,241,62,249,-13,272,-13" owari="202,-29.8,303,40.3,236,-16.4,259,5.9" /></mjloggm>