<mjloggm ver="2.3"><GO type="225" lobby="0"/><UN n0="%E4%BF%BA%E3%81%A8%E5%A6%96%E5%A4%A2" n1="%E3%81%99%E3%81%84%E3%81%BE%E3%81%9B%E3%83%BC%E3%82%93" n2="%E3%81%A9%E3%82%8F%E3%82%93%E3%81%94" n3="%E3%81%AF%E3%82%88%E3%81%8A%E3%81%98%E3%81%95%E3%82%93" dan="17,16,16,16" rate="2194.69,2107.29,2158.37,2089.92" sx="F,M,M,M"/><TAIKYOKU oya="0"/><INIT seed="0,0,0,2,5,13" ten="250,250,250,250" oya="0" hai0="45,66,54,128,10,49,53,125,72,114,84,88,15" hai1="52,122,55,71,115,86,79,11,130,59,61,0,36" hai2="112,70,76,126,40,135,50,26,102,106,23,94,111" hai3="33,73,28,100,103,31,63,93,78,29,99,110,7"/><T57/><D114/><U24/><E122/><V124/><F112/><W65/><G110/><T133/><D133/><U123/><E123/><V105/><F70/><W69/><G7/><T127/><D72/><U77/><E115/><V2/><F2/><W81/><G100/><T131/><D66/><U104/><E104/><V43/><F76/><W39/><G39/><T132/><D132/><U3/><E36/><V119/><F111/><W17/><G33/><T1/><D1/><U91/><E130/><N who="0" m="49705" /><D54/><U37/><E37/><V113/><F113/><W19/><AGARI ba="0,0" hai="17,19,28,29,31,63,65,69,73,78,81,93,99,103" machi="19" ten="30,4000,0" yaku="0,1,52,2" doraHai="13" who="3" fromWho="3" sc="250,-20,250,-10,250,-10,250,40" /><INIT seed="1,0,0,3,2,25" ten="230,240,240,290" oya="1" hai0="11,117,110,118,96,78,53,104,83,6,81,94,43" hai1="30,36,134,124,35,62,82,45,0,127,7,33,115" hai2="129,13,27,39,38,80,73,93,119,40,116,19,113" hai3="3,12,16,107,42,92,57,70,59,91,128,98,71"/><U41/><E115/><V14/><F113/><W26/><G3/><T88/><D110/><U65/><E134/><V102/><F129/><W67/><G128/><T66/><D66/><U44/><E44/><V69/><F69/><W86/><G42/><T61/><D43/><U122/><E122/><V22/><F116/><W132/><G132/><T95/><D104/><U103/><E103/><V77/><F119/><W75/><G75/><T28/><D94/><U50/><E50/><V111/><F111/><W121/><G121/><T97/><D97/><U131/><E131/><V55/><F55/><W85/><G26/><T112/><D28/><U56/><E82/><V106/><F106/><W8/><G86/><T108/><D83/><U130/><E130/><V4/><F4/><W18/><G18/><T31/><D31/><U9/><REACH who="1" step="1"/><E30/><REACH who="1" ten="230,230,240,290" step="2"/><V114/><F114/><W52/><G107/><T20/><D112/><U2/><E2/><V48/><F48/><W100/><G100/><T63/><D117/><U84/><E84/><V10/><F40/><W21/><G85/><T47/><D118/><U34/><AGARI ba="0,1" hai="0,7,9,33,34,35,36,41,45,56,62,65,124,127" machi="34" ten="40,12000,1" yaku="1,1,0,1,53,2" doraHai="25" doraHaiUra="135" who="1" fromWho="1" sc="230,-40,230,130,240,-40,290,-40" /><INIT seed="1,1,0,5,3,55" ten="190,360,200,250" oya="1" hai0="15,34,98,24,127,126,65,35,40,104,36,33,48" hai1="129,38,58,88,96,25,27,93,134,117,29,22,3" hai2="39,116,106,20,105,51,81,14,42,91,87,110,78" hai3="4,30,123,41,53,60,112,70,7,57,75,130,59"/><U109/><E117/><V82/><F110/><W118/><G123/><T63/><D36/><U102/><E38/><V131/><F39/><W45/><G112/><T6/><D40/><U32/><E3/><V61/><F131/><W115/><G115/><T17/><D48/><U10/><E129/><V94/><F116/><W83/><G70/><T71/><D6/><U103/><E10/><V92/><F92/><W100/><G130/><T128/><D128/><U133/><E109/><V89/><F89/><W47/><G118/><T125/><D98/><U2/><E2/><V0/><F0/><W26/><G100/><T11/><REACH who="0" step="1"/><D104/><REACH who="0" ten="180,360,200,250" step="2"/><U44/><E96/><V108/><F108/><W43/><G41/><T79/><D79/><U120/><E120/><V76/><F106/><W114/><G114/><T28/><AGARI ba="1,1" hai="11,15,17,24,28,33,34,35,63,65,71,125,126,127" machi="28" ten="40,5200,0" yaku="1,1,0,1,18,1,53,0" doraHai="55" doraHaiUra="72" who="0" fromWho="0" sc="180,65,360,-27,200,-14,250,-14" /><INIT seed="2,0,0,0,5,13" ten="245,333,186,236" oya="2" hai0="110,38,45,35,130,129,113,119,39,20,46,111,126" hai1="86,63,0,16,54,72,8,100,84,4,10,108,112" hai2="105,69,120,64,26,98,43,82,70,57,12,31,51" hai3="28,3,50,103,99,59,5,91,53,132,66,93,131"/><V68/><F120/><W23/><G131/><N who="0" m="50187" /><D35/><U92/><E72/><V80/><F12/><W127/><G127/><T24/><D126/><U62/><E108/><N who="0" m="41513" /><D113/><U22/><E10/><V74/><F74/><W9/><G132/><T48/><D119/><U61/><E54/><V94/><F105/><W95/><G66/><T89/><D89/><U90/><E100/><V67/><F67/><W1/><G3/><T135/><D135/><U73/><E73/><V117/><F117/><W52/><G53/><N who="0" m="29839" /><D46/><U21/><E112/><V133/><F133/><W104/><G91/><T109/><N who="0" m="41521" /><T42/><DORA hai="30" /><D42/><U134/><E134/><V25/><F43/><W40/><G40/><T56/><D56/><U58/><E58/><V85/><F70/><W7/><G5/><T102/><D102/><U101/><E101/><N who="2" m="60631" /><F69/><W18/><REACH who="3" step="1"/><G28/><AGARI ba="0,0" hai="20,24,28,38,39" m="29839,41521,50187" machi="28" ten="40,2600,0" yaku="19,1,14,1" doraHai="13,30" who="0" fromWho="3" sc="245,26,333,0,186,0,236,-26" /><INIT seed="3,0,0,1,4,107" ten="271,333,186,210" oya="3" hai0="105,89,106,7,53,11,35,49,9,76,26,40,25" hai1="87,125,14,38,48,112,133,2,13,5,109,32,91" hai2="78,128,37,130,99,134,55,102,66,64,115,58,8" hai3="67,19,50,73,43,36,74,86,123,52,81,23,42"/><W83/><G123/><T22/><D40/><U100/><E38/><V4/><F115/><W135/><G67/><T97/><D35/><U71/><E71/><V108/><F37/><W120/><G120/><T65/><D65/><U117/><E32/><V79/><F108/><W28/><G28/><T70/><D70/><U93/><E112/><V98/><F134/><W122/><G122/><T126/><D126/><U90/><E100/><V80/><F102/><W10/><G10/><T96/><D76/><U45/><E133/><V129/><F66/><W121/><G135/><T54/><D22/><U75/><E75/><N who="3" m="28682" /><G121/><T27/><D27/><U57/><E57/><V92/><F64/><W127/><G36/><T21/><D21/><U34/><E34/><V101/><F99/><N who="0" m="37962" /><D89/><U69/><E45/><V94/><F94/><W63/><G63/><T17/><D53/><U114/><E93/><V88/><F80/><N who="3" m="30795" /><G86/><T113/><D113/><U3/><E87/><V16/><F101/><W44/><G127/><T39/><D9/><U119/><E114/><V1/><F16/><W62/><G62/><AGARI ba="0,0" hai="1,4,8,55,58,62,78,79,88,92,98,128,129,130" machi="62" ten="40,2600,0" yaku="19,1,54,1" doraHai="107" who="2" fromWho="3" sc="271,0,333,0,186,26,210,-26" owari="271,7.1,333,43.3,212,-18.8,184,-31.6" /></mjloggm>