<mjloggm ver="2.3"><GO type="225" lobby="0"/><UN n0="%E6%80%AA%E3%81%97%E3%81%99%E3%81%8E%E3%82%8B%E3%83%81%E3%83%BC" n1="%E3%83%A9%E3%83%BC%E3%83%A1%E3%83%B3%E4%BA%94%E9%83%8E" n2="%73%6C%69%63%6B%33%31%39" n3="%E6%A1%9C%E8%8A%B1%E9%96%83%E3%80%85" dan="16,16,16,18" rate="2100.76,2103.73,2203.24,2278.74" sx="M,M,M,M"/><TAIKYOKU oya="0"/><INIT seed="0,0,0,1,4,135" ten="250,250,250,250" oya="0" hai0="112,116,51,60,108,106,44,8,102,122,69,87,96" hai1="47,45,128,119,6,38,40,125,113,16,100,11,26" hai2="110,7,86,3,74,129,49,12,27,41,85,109,9" hai3="18,32,21,4,89,78,39,64,93,65,20,130,115"/><T19/><D112/><U10/><E119/><V70/><F74/><W15/><G115/><T83/><D116/><U104/><E113/><V114/><F114/><W79/><G32/><T63/><D122/><U127/><E128/><V33/><F70/><W24/><G39/><T132/><D132/><U121/><E121/><V37/><F37/><W42/><G42/><T25/><D108/><N who="2" m="41578" /><F3/><W67/><G130/><T72/><D72/><U91/><E91/><V73/><F73/><W59/><G59/><T23/><D69/><U124/><E47/><N who="2" m="25839" /><F129/><W107/><G107/><T103/><D103/><U30/><E6/><V2/><F2/><W88/><G89/><T61/><D8/><U98/><REACH who="1" step="1"/><E16/><REACH who="1" ten="250,240,250,250" step="2"/><V134/><F134/><W71/><G71/><T120/><D120/><U90/><E90/><V34/><F27/><W46/><G46/><T5/><D5/><U123/><E123/><V48/><F48/><W97/><REACH who="3" step="1"/><G4/><REACH who="3" ten="250,240,250,240" step="2"/><T94/><D44/><U13/><E13/><V28/><F12/><W55/><G55/><T68/><D25/><U101/><E101/><V17/><F7/><W54/><G54/><T92/><D102/><U95/><E95/><V53/><F53/><W58/><G58/><T22/><D94/><U57/><E57/><V31/><F31/><AGARI ba="0,2" hai="15,18,20,21,24,31,64,65,67,78,79,88,93,97" machi="31" ten="40,12000,2" yaku="1,1,8,1,54,1,53,3" doraHai="135" doraHaiUra="62" who="3" fromWho="2" sc="250,0,240,0,250,-120,240,140" /><INIT seed="1,0,0,2,4,135" ten="250,240,130,380" oya="1" hai0="100,107,74,82,71,29,22,120,69,83,8,27,62" hai1="106,117,9,14,15,123,5,17,96,129,105,121,124" hai2="12,76,64,112,130,35,72,13,122,55,54,97,81" hai3="24,126,44,30,3,23,93,78,73,115,102,114,58"/><U99/><E117/><V108/><F122/><W118/><G3/><T132/><D132/><U60/><E129/><V79/><F35/><W0/><G0/><T46/><D120/><U39/><E39/><V67/><F130/><W87/><G118/><T119/><D119/><U7/><E60/><V92/><F108/><W116/><G116/><T21/><D107/><U80/><E80/><V91/><F112/><W41/><G73/><T52/><D100/><U111/><E17/><V31/><F31/><W131/><G131/><T45/><D8/><U20/><E20/><V48/><F76/><W89/><G78/><T49/><D74/><U90/><E90/><V127/><F54/><W101/><G58/><T2/><D2/><U50/><E9/><V40/><F40/><W88/><G126/><T70/><D62/><U51/><REACH who="1" step="1"/><E111/><REACH who="1" ten="250,230,130,380" step="2"/><V125/><F64/><W6/><G89/><T11/><D11/><U134/><E134/><V57/><REACH who="2" step="1"/><F67/><REACH who="2" ten="250,230,120,380" step="2"/><W37/><G114/><T77/><D77/><U84/><E84/><V42/><F42/><W16/><G115/><T86/><D86/><U94/><E94/><V65/><F65/><W34/><G93/><T103/><D83/><U18/><E18/><V98/><F98/><W85/><G85/><T61/><D82/><U56/><E56/><V32/><F32/><W128/><G34/><T63/><D71/><U43/><E43/><V4/><F4/><W95/><G128/><T1/><D70/><U38/><E38/><V19/><F19/><W59/><G59/><N who="0" m="33167" /><D69/><U66/><E66/><V10/><F10/><W28/><G6/><RYUUKYOKU ba="0,2" sc="250,-30,230,10,120,10,380,10" hai1="5,7,14,15,50,51,96,99,105,106,121,123,124" hai2="12,13,48,55,57,72,79,81,91,92,97,125,127" hai3="16,23,24,28,30,37,41,44,87,88,95,101,102" /><INIT seed="1,1,2,5,0,86" ten="220,240,130,390" oya="1" hai0="50,56,19,3,1,99,94,67,4,93,125,134,25" hai1="123,127,12,49,90,13,79,2,63,24,68,6,14" hai2="8,77,26,89,118,7,0,98,53,40,132,100,76" hai3="71,61,115,126,48,113,58,32,35,85,83,62,33"/><U124/><E123/><V52/><F118/><W112/><G126/><N who="1" m="48170" /><E79/><V74/><F132/><W39/><G39/><T80/><D125/><U119/><E119/><V117/><F117/><W87/><G87/><T73/><D134/><U38/><E38/><V46/><F26/><W59/><G48/><T23/><D4/><U18/><E49/><V42/><F89/><W55/><G71/><T47/><D94/><U60/><E68/><V22/><F22/><W43/><G43/><T102/><D80/><U120/><E120/><V128/><F128/><W51/><REACH who="3" step="1"/><G59/><REACH who="3" ten="220,240,130,380" step="2"/><T95/><D73/><U34/><E60/><V131/><F131/><W107/><G107/><T44/><D44/><U65/><E63/><V75/><F75/><W133/><G133/><T10/><D47/><U69/><E69/><V106/><F42/><W110/><G110/><T103/><D50/><U101/><E6/><V64/><F76/><AGARI ba="1,3" hai="32,33,35,51,55,58,61,62,76,83,85,112,113,115" machi="76" ten="50,8000,1" yaku="1,1,53,3" doraHai="86" doraHaiUra="29" who="3" fromWho="2" sc="220,0,240,0,130,-83,380,113" /><INIT seed="2,0,0,4,0,122" ten="220,240,47,493" oya="2" hai0="130,88,103,135,105,59,133,123,30,63,41,7,129" hai1="61,8,80,55,25,127,44,106,15,58,95,87,14" hai2="26,62,102,85,12,2,115,64,92,98,82,97,134" hai3="116,47,69,20,132,5,109,76,100,13,101,34,93"/><V120/><F134/><N who="0" m="51210" /><D123/><U119/><E106/><V0/><F115/><W112/><G20/><T11/><D41/><U124/><E119/><V96/><F120/><W23/><G13/><N who="0" m="5375" /><D30/><U9/><E95/><V74/><F74/><W107/><G93/><T57/><D88/><N who="1" m="51303" /><E25/><V78/><F0/><W33/><G47/><T3/><D3/><U24/><E24/><V32/><F2/><W53/><G69/><T118/><D118/><U6/><E44/><V73/><F12/><N who="1" m="4649" /><E6/><V56/><REACH who="2" step="1"/><F73/><REACH who="2" ten="220,240,37,493" step="2"/><W29/><G112/><T27/><D130/><U39/><E8/><V67/><F67/><W77/><G132/><T38/><D129/><U46/><E9/><V83/><F83/><W42/><G116/><T31/><D38/><U1/><E1/><V49/><F49/><W16/><G5/><T68/><D63/><U37/><E37/><V90/><F90/><W43/><G101/><T60/><D60/><U113/><E113/><V104/><F104/><W131/><G100/><T91/><D91/><U121/><E121/><V21/><F21/><W45/><G23/><T86/><D103/><U94/><E39/><V40/><F40/><W28/><G42/><T71/><D105/><U84/><E61/><V36/><F36/><W117/><G43/><T72/><D72/><U22/><E22/><V111/><F111/><W108/><G107/><T65/><D65/><U126/><E124/><V35/><F35/><N who="3" m="13323" /><G109/><T54/><D54/><U51/><E126/><V17/><F17/><W19/><G19/><T125/><D125/><U48/><E127/><V114/><F114/><W128/><G108/><RYUUKYOKU ba="0,1" sc="220,-10,240,-10,37,30,493,-10" hai2="26,32,56,62,64,78,82,85,92,96,97,98,102" /><INIT seed="2,1,1,0,4,82" ten="210,230,67,483" oya="2" hai0="118,61,102,43,45,76,46,99,104,38,122,98,65" hai1="40,90,124,19,85,134,34,109,113,89,25,81,128" hai2="18,36,64,84,130,55,110,26,47,135,9,50,0" hai3="15,72,58,94,68,66,57,60,67,114,116,121,16"/><V41/><F130/><W108/><G121/><T92/><D122/><U29/><E113/><V74/><F74/><W44/><G116/><T27/><D118/><U20/><E128/><V28/><F135/><W83/><G114/><T127/><D127/><U77/><E124/><V71/><F110/><W87/><G108/><T73/><D46/><U39/><E109/><V131/><F131/><W95/><G72/><T17/><D76/><U70/><E70/><V115/><F115/><W63/><G44/><T53/><D73/><U11/><E134/><V24/><F0/><W86/><G68/><T80/><D53/><U1/><E40/><V21/><F9/><N who="3" m="6255" /><G86/><T106/><D80/><U62/><E62/><V54/><F36/><W111/><G111/><T78/><D78/><AGARI ba="1,1" hai="57,58,60,63,66,67,78,83,87,94,95" m="6255" machi="78" ten="30,3900,0" yaku="8,1,52,1,54,1" doraHai="82" who="3" fromWho="0" sc="210,-42,230,0,67,0,483,52" /><INIT seed="3,0,0,2,1,24" ten="168,230,67,535" oya="3" hai0="69,32,29,99,74,119,85,14,31,71,1,101,126" hai1="80,39,34,3,21,59,43,49,105,33,2,97,6" hai2="11,89,129,96,83,64,125,117,12,5,36,98,131" hai3="88,134,25,0,124,92,55,18,41,78,67,8,73"/><W4/><G124/><T68/><D74/><U10/><E2/><V23/><F36/><W60/><G41/><T56/><D32/><U128/><E21/><V86/><F117/><W44/><G134/><T94/><D1/><U104/><E104/><V127/><F64/><W108/><G108/><T84/><D126/><U66/><E97/><V116/><F116/><W103/><G103/><T123/><D123/><U130/><E105/><V61/><F61/><W118/><G118/><T17/><D56/><U120/><E120/><V81/><F125/><W115/><G115/><T28/><REACH who="0" step="1"/><D119/><REACH who="0" ten="158,230,67,535" step="2"/><U38/><E59/><V51/><F127/><W57/><G18/><T62/><D62/><U40/><E33/><V132/><F132/><W135/><G25/><T75/><D75/><U112/><E34/><V63/><F63/><W87/><G135/><T58/><D58/><U22/><E3/><V52/><F83/><W106/><G106/><T111/><D111/><U77/><E112/><V91/><F23/><AGARI ba="0,1" hai="14,17,23,28,29,31,68,69,71,84,85,94,99,101" machi="23" ten="50,8000,1" yaku="1,1,52,3,53,0" doraHai="24" doraHaiUra="35" who="0" fromWho="2" sc="158,90,230,0,67,-80,535,0" owari="248,4.8,230,-17.0,-13,-51.3,535,63.5" /></mjloggm>