<mjloggm ver="2.3"><GO type="225" lobby="0"/><UN n0="%73%6C%69%63%6B%33%31%39" n1="%E9%80%9F%E6%B0%B4%E5%87%9B%E9%A6%99" n2="%E5%80%89%E6%A9%8B%EF%BC%A0%E4%BA%8B%E5%8B%99" n3="%E3%81%AF%E3%82%88%E3%81%8A%E3%81%98%E3%81%95%E3%82%93" dan="17,16,16,16" rate="2196.11,2159.38,2074.94,2097.80" sx="M,F,M,M"/><TAIKYOKU oya="0"/><INIT seed="0,0,0,0,5,16" ten="250,250,250,250" oya="0" hai0="117,133,109,24,39,63,121,123,29,81,33,94,0" hai1="126,21,67,88,134,98,5,75,128,57,101,124,32" hai2="27,106,102,41,68,99,22,13,54,107,56,130,6" hai3="48,65,19,131,118,78,61,45,53,90,18,71,31"/><T69/><D117/><U25/><E75/><V44/><F68/><W79/><G118/><T73/><D39/><U26/><E5/><V43/><F130/><W119/><G119/><T83/><D0/><U46/><E46/><V76/><F76/><W85/><G131/><T110/><D94/><N who="1" m="56647" /><E101/><V77/><F77/><W52/><G31/><T112/><D112/><U7/><E7/><V10/><F44/><W87/><G79/><N who="0" m="44271" /><D83/><U59/><E128/><V70/><F70/><W105/><G105/><T35/><D35/><U30/><E67/><V82/><F82/><W17/><G78/><T1/><D1/><U12/><E12/><V97/><F107/><W66/><G66/><N who="0" m="41183" /><D133/><U129/><E129/><V14/><F13/><W8/><G8/><T84/><D84/><U23/><E32/><V58/><F97/><W49/><REACH who="3" step="1"/><G90/><REACH who="3" ten="250,250,250,240" step="2"/><T15/><D15/><U50/><E134/><V127/><F106/><W60/><G60/><T114/><D114/><U74/><E74/><V113/><F113/><W104/><G104/><T72/><D72/><U120/><E120/><AGARI ba="0,1" hai="24,29,33,109,110,120,121,123" m="41183,44271" machi="120" ten="30,1500,0" yaku="23,1" doraHai="16" who="0" fromWho="1" sc="250,25,250,-15,250,0,240,0" /><INIT seed="0,1,0,1,4,45" ten="275,235,250,240" oya="0" hai0="56,60,123,13,58,51,36,30,52,103,35,77,8" hai1="94,54,46,29,67,44,72,116,125,128,107,6,93" hai2="59,3,76,86,4,2,75,118,99,39,127,20,1" hai3="43,109,7,129,9,15,91,113,57,101,89,132,19"/><T42/><D123/><U10/><E107/><V104/><F75/><W26/><G113/><T134/><D134/><U92/><E72/><V126/><F39/><W64/><G132/><T87/><D103/><U119/><E29/><V135/><F135/><W66/><G109/><T102/><D102/><U25/><E25/><V70/><F70/><W106/><G129/><T0/><D0/><U38/><E67/><V83/><F118/><W82/><G43/><T47/><D35/><U98/><E98/><V124/><F20/><W130/><G130/><T50/><D30/><U21/><E21/><V62/><F104/><W41/><G41/><T80/><D56/><U111/><E128/><V110/><F99/><W133/><G133/><T97/><D97/><U88/><E125/><V32/><F32/><W69/><G69/><T96/><D96/><U5/><E38/><V131/><F131/><W63/><G101/><T14/><D14/><U108/><E10/><V68/><F68/><W74/><G64/><T65/><D65/><U28/><E28/><V121/><F110/><N who="1" m="42025" /><E88/><N who="3" m="33866" /><G106/><T112/><D112/><U114/><E114/><V115/><F115/><W31/><G74/><T55/><D55/><U84/><E54/><N who="2" m="34167" /><F121/><W49/><G82/><T23/><D23/><U40/><E40/><V18/><F18/><AGARI ba="1,0" hai="8,13,18,36,42,47,50,51,52,58,60,77,80,87" machi="18" ten="30,11600,0" yaku="7,1,52,2,54,1" doraHai="45" who="0" fromWho="2" sc="275,119,235,0,250,-119,240,0" /><INIT seed="0,2,0,3,4,15" ten="394,235,131,240" oya="0" hai0="112,60,3,8,2,77,109,27,62,19,65,7,70" hai1="14,55,106,126,131,33,39,47,110,50,4,52,134" hai2="31,124,132,49,69,85,54,76,46,68,53,103,75" hai3="125,101,89,95,38,51,26,44,23,43,98,135,79"/><T28/><D112/><U36/><E33/><V72/><F132/><W96/><G125/><T82/><D62/><U118/><E106/><V90/><F124/><W93/><G135/><T57/><D109/><U100/><E100/><V22/><F103/><W9/><G79/><T97/><D97/><U102/><E102/><V115/><F115/><W32/><G32/><T11/><D57/><U78/><E134/><V94/><F54/><W6/><G38/><T0/><D11/><U42/><E118/><V56/><F46/><W71/><G71/><T117/><D117/><U74/><E126/><V84/><F84/><W119/><G119/><T113/><D19/><U66/><E66/><V35/><F35/><W123/><G123/><T10/><D10/><U114/><E114/><V34/><F34/><W67/><G67/><T80/><D80/><U20/><E110/><V86/><F86/><W121/><G121/><T81/><D81/><U41/><E131/><V61/><F61/><W111/><G111/><T63/><D63/><U13/><E78/><V73/><REACH who="2" step="1"/><F76/><REACH who="2" ten="394,235,121,240" step="2"/><W133/><G133/><T25/><D113/><U130/><E47/><V83/><F83/><W21/><G26/><AGARI ba="2,1" hai="22,26,31,49,53,56,68,69,72,73,75,85,90,94" machi="26" ten="40,1300,0" yaku="1,1,53,0" doraHai="15" doraHaiUra="122" who="2" fromWho="3" sc="394,0,235,0,121,29,240,-19" /><INIT seed="1,0,0,4,0,119" ten="394,235,150,221" oya="1" hai0="123,45,106,63,83,31,27,122,43,78,23,67,87" hai1="6,92,109,10,38,90,62,79,135,48,60,54,134" hai2="103,61,32,99,84,64,112,40,1,52,19,124,39" hai3="93,11,36,80,51,37,82,116,132,76,105,34,86"/><U7/><E38/><V115/><F1/><W102/><G34/><T30/><D106/><U126/><E79/><V46/><F32/><W125/><G116/><T9/><D30/><U128/><E128/><V16/><F84/><W35/><G35/><T133/><D133/><N who="1" m="50699" /><E126/><V98/><F124/><W71/><G71/><T21/><D21/><U107/><E107/><V49/><F98/><W2/><G125/><T89/><D9/><U77/><E77/><V53/><F99/><W101/><G132/><T97/><D78/><U95/><E109/><V117/><F103/><W29/><G29/><T100/><D97/><N who="1" m="57495" /><E95/><V66/><F117/><W58/><G105/><T18/><D100/><U44/><E6/><V57/><F19/><W68/><G80/><T72/><D72/><U8/><E8/><V108/><F16/><W50/><G101/><T0/><D18/><U47/><E44/><N who="2" m="27687" /><F108/><W28/><G93/><T20/><D20/><U4/><E4/><V88/><F88/><W55/><G102/><T129/><D129/><U85/><E85/><V25/><F25/><W5/><G28/><T56/><REACH who="0" step="1"/><D0/><AGARI ba="0,0" hai="0,7,10,47,48,54,60,62" m="57495,50699" machi="0" ten="30,1500,0" yaku="20,1" doraHai="119" who="1" fromWho="0" sc="394,-15,235,15,150,0,221,0" /><INIT seed="1,1,0,0,5,68" ten="379,250,150,221" oya="1" hai0="84,23,17,133,32,59,89,91,8,128,127,18,130" hai1="34,12,5,63,43,118,75,60,61,38,105,123,55" hai2="57,49,86,134,94,70,46,15,108,78,42,116,80" hai3="30,117,74,58,29,54,90,37,20,115,9,102,64"/><U53/><E105/><V25/><F70/><W40/><G115/><T24/><D32/><U21/><E75/><V114/><F116/><W1/><G74/><T99/><D127/><U120/><E34/><V112/><F108/><W19/><G117/><T98/><D133/><U13/><E21/><V67/><F134/><W113/><G113/><N who="2" m="43625" /><F25/><W10/><G64/><T83/><D59/><U3/><E3/><V119/><F119/><W66/><G66/><T69/><D69/><U2/><E2/><V39/><F15/><W79/><G79/><T111/><D111/><U0/><E0/><V103/><F67/><W26/><G102/><T110/><D110/><U44/><E5/><V109/><F109/><W50/><G90/><T52/><D52/><N who="1" m="20043" /><E12/><V6/><F6/><W100/><G100/><T93/><D98/><U96/><E96/><N who="2" m="59799" /><F57/><W81/><G1/><T51/><D51/><AGARI ba="1,0" hai="39,42,46,49,51,78,80,86" m="59799,43625" machi="51" ten="30,2000,0" yaku="11,1,52,1" doraHai="68" who="2" fromWho="0" sc="379,-23,250,0,150,23,221,0" /><INIT seed="2,0,0,4,3,115" ten="356,250,173,221" oya="2" hai0="88,111,97,45,73,117,124,10,16,82,128,3,67" hai1="123,12,135,53,4,70,64,60,20,39,57,112,18" hai2="13,47,80,19,76,43,104,84,91,87,103,69,38" hai3="100,0,113,101,40,86,71,78,36,119,33,61,74"/><V132/><F69/><W127/><G33/><T92/><D111/><U108/><E39/><V49/><F132/><W120/><G120/><T48/><D128/><U8/><E108/><V90/><F38/><W93/><G119/><T105/><D117/><U54/><E112/><V50/><F104/><W6/><G113/><T122/><D122/><U125/><E135/><V83/><F103/><W114/><G114/><T11/><D67/><U85/><E125/><V55/><F76/><W79/><G127/><T2/><D124/><U24/><E123/><V32/><F32/><W107/><G79/><T1/><D105/><U27/><E85/><V7/><F7/><W46/><G107/><T63/><D63/><U37/><E37/><V41/><REACH who="2" step="1"/><F49/><REACH who="2" ten="356,250,163,221" step="2"/><W21/><G100/><T59/><D48/><U110/><E110/><V75/><F75/><W65/><G74/><T28/><D73/><U129/><E129/><V94/><F94/><W15/><G101/><T25/><D82/><U126/><E126/><V29/><F29/><W77/><G77/><T26/><D28/><U72/><E72/><V98/><F98/><W133/><G133/><T14/><D92/><U106/><E106/><V89/><F89/><N who="3" m="53431" /><G78/><T56/><D88/><U23/><E70/><V99/><F99/><W95/><G95/><T34/><D97/><U9/><E9/><AGARI ba="0,1" hai="9,13,19,41,43,47,50,55,80,83,84,87,90,91" machi="9" ten="30,18000,2" yaku="1,1,7,1,9,1,25,2,8,1,53,0" doraHai="115" doraHaiUra="17" who="2" fromWho="1" sc="356,0,250,-180,163,190,221,0" /><INIT seed="2,1,0,1,3,61" ten="356,70,353,221" oya="2" hai0="8,42,9,24,7,29,73,105,93,119,67,23,130" hai1="47,100,5,13,132,122,72,2,63,131,31,27,65" hai2="43,69,1,20,120,16,33,0,104,80,54,57,30" hai3="108,4,60,96,127,87,6,85,107,124,94,22,134"/><V51/><F104/><W90/><G108/><T112/><D105/><U17/><E72/><V10/><F120/><W59/><G134/><T115/><D73/><U74/><E132/><V91/><F69/><W126/><G22/><T102/><D42/><U68/><E131/><V79/><F43/><W103/><REACH who="3" step="1"/><G85/><REACH who="3" ten="356,70,353,211" step="2"/><T62/><D130/><U129/><E74/><V83/><F20/><W56/><G56/><N who="0" m="37319" /><D119/><U46/><E122/><V95/><F57/><W15/><G15/><N who="0" m="5535" /><D9/><U58/><E129/><V97/><F10/><W116/><G116/><T50/><D50/><U64/><E2/><V45/><F51/><W28/><G28/><T123/><D123/><U128/><E128/><V12/><F30/><W70/><G70/><T82/><D82/><U114/><E114/><V98/><F80/><W81/><G81/><T113/><D113/><U39/><E39/><V84/><F83/><W125/><N who="3" m="31744" /><DORA hai="48" /><W101/><G101/><T99/><AGARI ba="1,1" hai="23,24,29,93,99,102,112,115" m="5535,37319" machi="99" ten="30,2000,0" yaku="25,1,52,1" doraHai="61,48" who="0" fromWho="0" sc="356,33,70,-6,353,-11,211,-6" /><INIT seed="3,0,0,4,3,16" ten="389,64,342,205" oya="3" hai0="60,50,14,48,81,20,5,124,114,108,106,112,128" hai1="92,51,74,11,39,79,107,125,57,54,68,86,121" hai2="72,110,58,77,89,71,55,84,111,118,70,47,1" hai3="130,88,24,0,116,105,64,61,67,36,109,18,133"/><W104/><G116/><T102/><D108/><N who="2" m="41514" /><F1/><W31/><G109/><T45/><BYE who="1" /><D128/><U22/><E22/><V117/><F47/><W85/><G36/><T56/><D124/><U28/><E28/><V53/><F77/><W95/><G0/><T21/><D106/><U49/><E49/><N who="2" m="31023" /><F55/><W80/><G130/><T43/><D102/><U7/><E7/><V41/><F41/><W44/><G133/><T62/><D81/><U69/><E69/><N who="2" m="26123" /><F72/><W82/><G44/><T122/><D50/><U9/><E9/><V96/><F96/><W13/><G104/><T134/><D134/><U113/><E113/><V23/><F23/><N who="3" m="15775" /><G105/><T87/><D87/><U4/><E4/><V29/><F29/><W99/><G61/><T127/><D127/><U91/><E91/><V100/><F100/><N who="3" m="60543" /><G80/><AGARI ba="0,0" hai="80,84,89,117,118" m="26123,31023,41514" machi="80" ten="30,1000,0" yaku="14,1" doraHai="16" who="2" fromWho="3" sc="389,0,64,0,342,10,205,-10" owari="389,48.9,64,-43.6,352,15.2,195,-20.5" /></mjloggm>