<mjloggm ver="2.3"><GO type="225" lobby="0"/><UN n0="%E3%83%AD%E3%83%83%E3%83%86%E9%9B%80%E7%90%83" n1="%E7%AD%89%E3%80%85%E5%8A%9B%E5%8A%87%E5%A0%B4" n2="%E3%83%8F%E3%82%AC%E3%82%BF%E3%82%AB%E3%81%AE%E3%81%88%E3%81%98%E3%81%8D" n3="%E3%81%B2%E3%81%AA%E3%81%AE%E3%82%8A%E3%81%8F" dan="17,16,16,17" rate="2210.67,2151.18,2177.12,2167.94" sx="M,M,M,M"/><TAIKYOKU oya="0"/><INIT seed="0,0,0,2,2,12" ten="250,250,250,250" oya="0" hai0="9,44,95,1,2,84,53,127,121,39,35,97,34" hai1="76,65,69,24,73,75,54,92,46,25,77,6,62" hai2="99,113,81,67,125,17,14,57,72,130,105,59,43" hai3="15,111,33,64,128,104,93,5,129,45,80,124,61"/><T91/><D121/><U122/><E6/><V22/><F113/><W134/><G104/><T86/><D127/><U71/><E92/><V123/><F125/><W120/><G124/><T89/><D97/><U7/><E7/><V18/><F123/><W20/><G120/><T11/><D95/><U37/><E122/><V48/><F130/><W26/><G33/><T8/><D44/><U78/><E71/><V88/><F72/><W101/><G111/><T131/><D53/><U4/><E4/><V13/><F105/><W40/><G80/><T66/><D66/><U0/><E0/><V70/><F70/><W41/><G134/><T29/><D9/><U60/><E69/><V108/><F108/><W63/><G41/><T82/><D82/><U58/><E77/><V98/><F67/><W38/><G64/><T103/><D29/><U42/><E65/><V110/><F110/><W51/><G38/><T83/><D83/><U47/><E58/><N who="2" m="22027" /><F48/><W126/><G126/><T102/><REACH who="0" step="1"/><D39/><REACH who="0" ten="240,250,250,250" step="2"/><U119/><E37/><V94/><F81/><W28/><G129/><AGARI ba="0,1" hai="1,2,8,11,34,35,84,86,89,91,102,103,129,131" machi="129" ten="25,9600,0" yaku="1,1,2,1,22,2,53,0" doraHai="12" doraHaiUra="56" who="0" fromWho="3" sc="240,106,250,0,250,0,250,-96" /><INIT seed="0,1,0,2,0,88" ten="346,250,250,154" oya="0" hai0="118,70,26,78,125,68,112,109,135,120,41,116,83" hai1="20,16,39,102,134,90,25,105,1,117,97,45,35" hai2="7,57,67,62,59,38,18,77,63,50,106,86,49" hai3="27,2,111,60,61,72,95,74,10,43,33,15,69"/><T119/><D112/><U98/><E117/><V87/><F38/><W31/><G111/><T127/><D120/><U48/><E1/><V42/><F106/><W32/><G32/><T93/><D109/><U8/><E134/><V58/><F7/><W96/><G2/><T124/><D135/><U126/><E126/><V30/><F30/><W53/><G43/><T108/><D108/><U46/><E35/><V79/><F18/><W131/><G131/><T28/><D41/><U100/><E39/><V51/><F42/><W3/><G3/><T54/><D54/><U21/><E8/><V121/><F121/><W13/><G13/><T24/><D93/><U94/><E48/><V91/><F91/><W34/><G34/><T104/><D104/><U36/><E36/><V75/><F75/><W132/><G61/><N who="2" m="23049" /><F67/><W99/><G99/><T14/><D14/><U40/><E40/><V110/><F110/><W37/><G37/><T9/><D28/><U19/><REACH who="1" step="1"/><E102/><REACH who="1" ten="346,240,250,154" step="2"/><V114/><F114/><W133/><G133/><T52/><D125/><U5/><E5/><V107/><F107/><W17/><G132/><T0/><D127/><U76/><E76/><AGARI ba="1,1" hai="49,50,51,57,58,59,76,77,79,86,87" m="23049" machi="76" ten="40,5200,0" yaku="28,2,8,1" doraHai="88" who="2" fromWho="1" sc="346,0,240,-55,250,65,154,0" /><INIT seed="1,0,0,5,0,60" ten="346,185,315,154" oya="1" hai0="119,92,15,49,43,133,129,71,132,125,6,116,4" hai1="112,20,104,77,68,38,69,53,122,44,103,18,121" hai2="42,55,29,130,110,113,107,99,36,31,67,89,37" hai3="51,74,135,101,87,78,72,46,126,128,16,124,21"/><U120/><E112/><V57/><F113/><W56/><G101/><T32/><D125/><N who="3" m="48233" /><G135/><N who="0" m="51787" /><D129/><U100/><E77/><V8/><F130/><W9/><G128/><T102/><D71/><U83/><E83/><V30/><F110/><W45/><G9/><N who="0" m="4519" /><D32/><U80/><E80/><V123/><F123/><W2/><G2/><T61/><D61/><U81/><E81/><V114/><F107/><W134/><G134/><T82/><D6/><U106/><E69/><V90/><F8/><W13/><G78/><T39/><D39/><U41/><E68/><V127/><F36/><W109/><G109/><T98/><D82/><U131/><E131/><V76/><F37/><W26/><G87/><T23/><D23/><U58/><E106/><V94/><F76/><W63/><G26/><T59/><D59/><U96/><E103/><V40/><F57/><W33/><G33/><T95/><D92/><U117/><E117/><V91/><F94/><W115/><G115/><T19/><D19/><U5/><E5/><V108/><F108/><W10/><G21/><T97/><D97/><U48/><E121/><V86/><F99/><W84/><G84/><T24/><D24/><AGARI ba="0,0" hai="18,20,24,38,41,44,48,53,58,96,100,104,120,122" machi="24" ten="30,1500,0" yaku="7,1" doraHai="60" who="1" fromWho="0" sc="346,-15,185,15,315,0,154,0" /><INIT seed="1,1,0,4,3,25" ten="331,200,315,154" oya="1" hai0="13,69,129,62,71,73,96,80,56,40,111,21,29" hai1="97,49,3,110,70,12,116,46,102,15,48,32,133" hai2="20,28,93,77,7,75,23,94,89,65,90,59,103" hai3="16,91,106,131,22,30,9,31,127,105,134,98,43"/><U115/><E116/><V88/><F7/><W14/><G43/><T104/><D111/><U109/><E115/><V124/><F124/><W118/><G127/><T36/><D129/><U27/><E70/><V132/><F132/><W125/><G125/><T53/><D40/><U10/><E133/><V37/><F37/><W0/><G134/><T87/><D73/><U120/><E120/><V60/><F75/><W5/><G131/><T84/><D36/><U18/><E3/><V101/><F77/><W119/><G91/><T55/><D87/><U126/><E15/><V123/><F123/><W78/><G78/><T122/><D55/><U50/><E126/><V34/><F34/><W19/><G19/><T99/><D13/><U52/><E32/><V128/><F128/><W107/><REACH who="3" step="1"/><G98/><REACH who="3" ten="331,200,315,144" step="2"/><T61/><D99/><U33/><E110/><V67/><F90/><W82/><G82/><T38/><D96/><U42/><E109/><V74/><F88/><W1/><G1/><T47/><D80/><U76/><E42/><V51/><F89/><W117/><AGARI ba="1,1" hai="0,5,9,14,16,22,30,31,105,106,107,117,118,119" machi="117" ten="40,12000,2" yaku="1,1,0,1,12,1,52,2,54,1,53,1" doraHai="25" doraHaiUra="4" who="3" fromWho="3" sc="331,-31,200,-61,315,-31,144,133" /><INIT seed="2,0,0,0,3,2" ten="300,139,284,277" oya="2" hai0="30,70,38,82,50,67,115,121,72,114,74,33,116" hai1="64,35,132,79,85,14,24,1,81,94,102,90,89" hai2="130,111,11,108,65,12,119,117,17,22,77,96,58" hai3="87,6,9,78,103,100,106,60,126,83,68,127,63"/><V40/><F77/><W76/><G76/><T120/><D50/><U4/><E132/><V62/><F40/><W20/><G20/><T48/><D48/><U29/><E1/><V61/><F130/><W128/><G128/><T86/><D38/><U80/><E64/><V8/><F96/><N who="3" m="61703" /><G103/><T107/><D107/><U133/><E133/><V31/><F62/><W125/><G68/><T98/><D98/><U104/><E104/><V3/><F31/><W118/><G118/><T13/><D13/><AGARI ba="0,0" hai="6,9,13,60,63,78,83,87,125,126,127" m="61703" machi="13" ten="30,2000,0" yaku="18,1,52,1" doraHai="2" who="3" fromWho="0" sc="300,-20,139,0,284,0,277,20" /><INIT seed="3,0,0,0,3,106" ten="280,139,284,297" oya="3" hai0="116,35,12,107,119,92,20,129,19,97,77,61,95" hai1="42,4,109,93,18,17,110,58,83,40,16,68,96" hai2="11,22,127,69,118,30,47,31,13,46,55,57,36" hai3="21,111,24,86,132,27,41,134,133,8,98,123,135"/><W122/><N who="3" m="33792" /><DORA hai="5" /><W44/><G111/><N who="1" m="42506" /><E68/><V37/><F69/><W113/><G113/><T115/><D115/><U53/><E83/><V2/><F118/><W0/><G98/><T94/><D129/><U70/><E70/><V125/><F11/><W65/><G65/><T28/><D77/><U128/><E128/><V34/><F2/><W23/><G86/><T108/><D108/><U75/><E4/><V114/><F34/><W112/><G112/><T52/><D28/><U101/><E75/><V43/><F114/><W100/><G100/><T89/><D35/><U3/><E3/><V64/><F13/><W7/><G23/><T78/><D78/><U124/><E124/><N who="2" m="47691" /><F22/><W121/><G21/><T81/><D81/><U56/><E56/><V126/><F126/><W49/><AGARI ba="0,0" hai="0,7,8,24,27,41,44,49,121,122,123" m="33792" machi="49" ten="70,12000,1" yaku="0,1,20,1,52,1" doraHai="106,5" who="3" fromWho="3" sc="280,-40,139,-40,284,-40,297,120" owari="240,-16.0,99,-40.1,244,4.4,417,51.7" /></mjloggm>