<mjloggm ver="2.3"><GO type="225" lobby="0"/><UN n0="%73%75%7A%75%6D%65%33" n1="%E7%B4%94%E6%BD%94%E3%83%94%E3%83%A9%E3%83%8B%E3%82%A2" n2="%6D%75%75%6D%75%72%61" n3="%6B%75%7A%75%6E" dan="17,16,16,17" rate="2207.94,2084.75,2139.38,2159.39" sx="M,M,F,M"/><TAIKYOKU oya="0"/><INIT seed="0,0,0,5,0,15" ten="250,250,250,250" oya="0" hai0="61,114,130,92,73,1,91,60,5,90,115,49,81" hai1="76,9,28,47,131,98,70,4,59,132,74,31,86" hai2="67,10,25,11,97,96,63,13,118,119,44,112,32" hai3="38,46,18,129,95,6,116,24,79,22,68,88,45"/><T77/><D130/><U51/><E70/><V64/><F112/><W103/><G116/><N who="2" m="44585" /><F44/><W54/><G129/><T126/><D126/><U39/><E132/><V55/><F55/><W134/><G134/><T122/><D122/><U127/><E127/><V62/><F25/><W100/><G68/><T133/><D133/><U117/><E74/><V111/><F32/><W123/><G123/><T58/><D49/><U80/><E39/><V105/><F111/><W23/><G79/><T0/><D60/><N who="2" m="23082" /><F105/><W101/><G6/><T34/><D34/><U82/><E59/><V26/><F26/><W99/><G38/><T102/><D115/><U128/><E117/><V42/><F13/><N who="3" m="9551" /><G54/><T41/><D41/><U69/><E69/><V30/><F30/><AGARI ba="0,0" hai="23,24,30,45,46,88,95,99,100,101,103" m="9551" machi="30" ten="30,3900,0" yaku="8,1,52,1,54,1" doraHai="15" who="3" fromWho="2" sc="250,0,250,0,250,-39,250,39" /><INIT seed="1,0,0,2,1,110" ten="250,250,211,289" oya="1" hai0="52,12,128,2,115,70,119,41,67,132,37,27,56" hai1="33,64,75,100,90,99,129,38,43,91,51,92,113" hai2="73,62,81,28,88,11,63,17,103,98,55,49,0" hai3="24,87,130,86,112,108,93,82,120,105,36,5,68"/><U72/><E38/><V10/><F28/><W48/><G112/><T104/><D104/><U42/><E33/><V46/><F0/><W89/><G120/><T16/><D2/><U23/><E64/><V101/><F73/><W124/><G108/><T66/><D119/><U7/><E113/><V131/><F131/><W122/><G68/><T126/><D115/><U96/><E7/><V9/><F17/><W3/><G124/><T118/><D118/><U85/><E129/><V69/><F69/><W109/><G105/><T40/><D128/><U83/><E23/><V47/><F47/><W111/><G122/><T107/><D107/><U74/><REACH who="1" step="1"/><E51/><REACH who="1" ten="250,240,211,289" step="2"/><V59/><F63/><W127/><G48/><T117/><D37/><U18/><E18/><V71/><F71/><W125/><G36/><T25/><D70/><U26/><E26/><N who="0" m="9737" /><D117/><U35/><E35/><V61/><F61/><W134/><G130/><T116/><D116/><U78/><E78/><V79/><F79/><W39/><G39/><T76/><D76/><U6/><E6/><V32/><F32/><W30/><G111/><T53/><D126/><U14/><E14/><V95/><REACH who="2" step="1"/><F81/><REACH who="2" ten="250,240,201,289" step="2"/><W106/><G109/><T135/><D135/><U94/><AGARI ba="0,2" hai="42,43,72,74,75,83,85,90,91,92,94,96,99,100" machi="94" ten="40,3900,0" yaku="1,1,0,1,53,0" doraHai="110" doraHaiUra="58" who="1" fromWho="1" sc="250,-13,240,59,201,-13,289,-13" /><INIT seed="1,1,0,1,1,79" ten="237,299,188,276" oya="1" hai0="106,71,70,25,124,116,128,46,43,47,115,130,84" hai1="7,50,131,86,44,85,30,108,16,54,100,45,134" hai2="87,93,66,10,24,31,52,64,57,37,132,9,6" hai3="114,38,109,120,59,34,55,111,28,20,76,72,49"/><U105/><E131/><N who="0" m="50217" /><D116/><U94/><E134/><V48/><F37/><W61/><G120/><T133/><D106/><U78/><E7/><V125/><F132/><W2/><G38/><T127/><D133/><U82/><E30/><V117/><F125/><N who="0" m="48202" /><D25/><U60/><E108/><V121/><F117/><W62/><G114/><T33/><D33/><U83/><E105/><V39/><F39/><W29/><G34/><T27/><D27/><U99/><E60/><V56/><F121/><W8/><G62/><T107/><D107/><U5/><E5/><V17/><F17/><W68/><G61/><T89/><D115/><U18/><E45/><N who="0" m="16905" /><D43/><U95/><E95/><AGARI ba="1,0" hai="70,71,84,89,95" m="16905,48202,50217" machi="95" ten="30,2000,0" yaku="19,1,18,1" doraHai="79" who="0" fromWho="1" sc="237,23,299,-23,188,0,276,0" /><INIT seed="2,0,0,1,5,121" ten="260,276,188,276" oya="2" hai0="91,0,118,129,21,114,15,60,38,25,72,78,135" hai1="80,82,14,117,109,12,67,35,120,85,130,88,112" hai2="17,9,96,87,74,108,66,98,36,100,115,5,81" hai3="52,31,125,56,49,43,77,104,37,47,6,79,64"/><V22/><F115/><W61/><G125/><T50/><D114/><U59/><E112/><V30/><F36/><W107/><G31/><T110/><D38/><U58/><E35/><V99/><F74/><W18/><G6/><T94/><D0/><U34/><E34/><V128/><F128/><W133/><G18/><T40/><D129/><U124/><E130/><V106/><F30/><W57/><G133/><T111/><D135/><U113/><E113/><V68/><F68/><W20/><G20/><T105/><D105/><U53/><E117/><V51/><F66/><W127/><G127/><T19/><D60/><U102/><E102/><V28/><F28/><W65/><G65/><T132/><D132/><U11/><E120/><V45/><F106/><W83/><G79/><T95/><D118/><U26/><E26/><V29/><F29/><W44/><G44/><N who="0" m="25863" /><D91/><U10/><E67/><V92/><F108/><N who="0" m="41514" /><D25/><U69/><E88/><N who="2" m="51311" /><F51/><W2/><G2/><T55/><D55/><U122/><E53/><V75/><F45/><W24/><G24/><T42/><D42/><U39/><E39/><V8/><F100/><W3/><G3/><T119/><D119/><U27/><E109/><V63/><F63/><W1/><G1/><T90/><D90/><U54/><E54/><V71/><F92/><W32/><G32/><T89/><D89/><U84/><E122/><V126/><F126/><W33/><G33/><T62/><D62/><U76/><E124/><V86/><F71/><W123/><G123/><T116/><D116/><U7/><E69/><V4/><F99/><W134/><G134/><RYUUKYOKU ba="0,0" sc="260,15,276,-15,188,-15,276,15" hai0="15,19,21,72,78,94,95" hai3="37,43,47,49,52,56,57,61,64,77,83,104,107" /><INIT seed="3,1,0,4,5,108" ten="275,261,173,291" oya="3" hai0="47,41,78,101,49,89,65,55,31,74,76,122,90" hai1="98,93,43,128,106,24,116,52,11,64,45,67,25" hai2="26,77,115,105,121,110,38,73,39,50,61,35,22" hai3="112,107,33,12,46,23,7,59,8,34,83,3,13"/><W42/><G112/><T71/><D122/><U82/><E106/><V100/><F121/><W94/><G107/><T10/><D101/><U68/><E128/><V123/><F123/><W15/><G59/><T56/><D31/><U135/><E135/><V118/><F35/><W6/><G94/><T27/><D27/><U91/><E116/><V133/><F118/><W109/><G109/><T57/><D71/><U113/><E113/><V72/><F110/><W79/><G23/><T1/><D65/><U37/><E64/><V111/><F111/><W44/><G7/><T124/><D56/><U17/><E82/><V130/><F73/><W86/><REACH who="3" step="1"/><G46/><REACH who="3" ten="275,261,173,281" step="2"/><T95/><D47/><U129/><E129/><V32/><F130/><W75/><G75/><T81/><D74/><U127/><E127/><V103/><F115/><W2/><G2/><T69/><D57/><U54/><E25/><V20/><F133/><W70/><G70/><T21/><D1/><U36/><E36/><AGARI ba="1,1" hai="3,6,8,12,13,15,33,34,36,42,44,79,83,86" machi="36" ten="40,2000,0" yaku="1,1,53,0" doraHai="108" doraHaiUra="53" who="3" fromWho="1" sc="275,0,261,-23,173,0,281,33" owari="275,7.5,238,-16.2,173,-32.7,314,41.4" /></mjloggm>