<mjloggm ver="2.3"><GO type="225" lobby="0"/><UN n0="%73%6C%69%63%6B%33%31%39" n1="%72%69%6F%75%63%68%61%6E" n2="%E7%89%B9%E6%9D%B1%E3%81%AF%E4%B8%96%E7%95%8C%E3%82%92%E6%95%91%E3%81%86" n3="%E5%87%BA%E6%B0%B4" dan="16,17,16,16" rate="2112.92,2267.46,2110.66,2071.77" sx="M,M,M,F"/><TAIKYOKU oya="0"/><INIT seed="0,0,0,3,2,109" ten="250,250,250,250" oya="0" hai0="70,82,0,1,39,9,29,33,108,40,67,124,54" hai1="28,110,113,72,91,84,129,93,18,45,31,133,6" hai2="134,12,94,112,116,90,26,127,135,55,117,89,73" hai3="83,27,106,125,20,52,103,37,88,85,111,32,120"/><T24/><D108/><U42/><E129/><V3/><F3/><W74/><G111/><T56/><D124/><U66/><E133/><N who="2" m="50699" /><F26/><W86/><G37/><T81/><D70/><U38/><E113/><V75/><F12/><W107/><G74/><N who="2" m="28169" /><F55/><W5/><G125/><T123/><D67/><U119/><E72/><V69/><F69/><W92/><G120/><T62/><D123/><U128/><E119/><N who="2" m="45643" /><F127/><W25/><G5/><T2/><REACH who="0" step="1"/><D9/><REACH who="0" ten="240,250,250,250" step="2"/><U23/><E110/><V121/><F121/><W59/><G32/><T36/><D36/><U50/><E128/><V98/><F112/><W21/><G21/><T118/><D118/><U57/><E38/><V13/><F13/><W87/><G20/><T95/><D95/><U10/><E66/><V53/><F53/><W115/><G115/><T100/><D100/><AGARI ba="0,1" hai="89,90,94,98,100" m="45643,28169,50699" machi="100" ten="40,8000,1" yaku="20,1,12,1,34,2" doraHai="109" who="2" fromWho="0" sc="240,-80,250,0,250,90,250,0" /><INIT seed="1,0,0,2,4,97" ten="160,250,340,250" oya="1" hai0="46,8,84,62,17,135,39,95,83,133,124,69,48" hai1="6,125,63,106,44,101,94,19,98,122,90,70,35" hai2="73,129,134,3,43,18,1,72,93,119,91,10,131" hai3="38,26,79,127,130,32,87,36,16,107,89,21,24"/><U108/><E125/><V102/><F119/><W37/><G127/><T77/><D124/><U92/><E122/><V75/><F134/><N who="0" m="51210" /><D39/><U64/><E108/><V100/><F43/><W20/><G130/><N who="2" m="49673" /><F18/><W30/><G107/><T42/><D95/><U2/><E35/><V80/><F80/><W7/><G7/><T110/><D110/><U74/><E74/><V29/><F29/><W56/><G79/><T113/><D113/><U23/><E44/><V12/><F12/><W51/><G32/><T53/><D17/><U104/><E2/><N who="2" m="523" /><F10/><W112/><G112/><T123/><D123/><U118/><E6/><V58/><F58/><W96/><G96/><AGARI ba="0,0" hai="72,73,75,91,93,96,100,102" m="523,49673" machi="96" ten="40,5200,0" yaku="19,1,52,2" doraHai="97" who="2" fromWho="3" sc="160,0,250,0,340,52,250,-52" /><INIT seed="2,0,0,4,3,114" ten="160,250,392,198" oya="2" hai0="82,85,56,129,20,84,112,13,18,4,97,8,32" hai1="42,127,106,15,78,30,102,89,66,48,61,67,33" hai2="118,50,17,43,92,27,39,28,122,72,88,115,29" hai3="90,23,11,44,70,52,96,77,10,19,51,109,65"/><V135/><F118/><W2/><G109/><T134/><D112/><U87/><E127/><V53/><F122/><W55/><G77/><T68/><D68/><U133/><E133/><V81/><F115/><W100/><G90/><T34/><D134/><U36/><E36/><V75/><F43/><W12/><G2/><T35/><D129/><U111/><E111/><V9/><F39/><W25/><G70/><T94/><D56/><U45/><E78/><V108/><F81/><W123/><G65/><T14/><REACH who="0" step="1"/><D82/><REACH who="0" ten="150,250,392,198" step="2"/><U63/><E66/><V76/><F135/><W7/><G123/><T58/><D58/><U37/><E67/><V54/><F108/><W24/><G55/><T91/><AGARI ba="0,1" hai="4,8,13,14,18,20,32,34,35,84,85,91,94,97" machi="91" ten="30,4000,0" yaku="1,1,0,1,53,1" doraHai="114" doraHaiUra="1" who="0" fromWho="0" sc="150,50,250,-10,392,-20,198,-10" /><INIT seed="3,0,0,5,3,127" ten="200,240,372,188" oya="3" hai0="36,48,31,45,13,6,76,122,57,101,67,47,77" hai1="14,105,0,20,3,25,68,39,94,32,126,78,125" hai2="34,42,96,56,132,5,95,59,74,87,37,100,66" hai3="52,12,71,123,72,99,60,134,128,26,15,130,118"/><W97/><G118/><T43/><D122/><U93/><E105/><V116/><F34/><W8/><G123/><T115/><D115/><U135/><E135/><V109/><F74/><W54/><G72/><T133/><D133/><U106/><E106/><V120/><F109/><W86/><G134/><T7/><D31/><N who="1" m="19567" /><E68/><V53/><F5/><N who="3" m="3087" /><G26/><T98/><D67/><U9/><E39/><V65/><F37/><W102/><G86/><T113/><D57/><U90/><E78/><V55/><F132/><W21/><G21/><T63/><D63/><U110/><E110/><V11/><F116/><W2/><G2/><N who="1" m="554" /><E90/><V35/><F120/><W114/><G114/><T84/><D113/><U82/><E82/><V129/><F35/><W117/><G117/><T27/><D27/><U23/><E93/><V28/><F87/><W44/><G15/><T83/><D77/><U1/><E94/><V88/><F96/><N who="3" m="36939" /><G102/><T41/><D13/><U24/><E1/><V112/><F100/><W104/><G104/><AGARI ba="0,0" hai="6,7,36,41,43,45,47,48,76,83,84,98,101,104" machi="104" ten="30,1000,0" yaku="7,1" doraHai="127" who="0" fromWho="3" sc="200,10,240,0,372,0,188,-10" owari="210,-19.0,240,4.0,372,47.2,178,-32.2" /></mjloggm>