<mjloggm ver="2.3"><GO type="225" lobby="0"/><UN n0="%4E%49%4A%49%49%52%4F" n1="%72%61%6B%33" n2="%E7%B4%94%E6%BD%94%E3%83%94%E3%83%A9%E3%83%8B%E3%82%A2" n3="%E3%81%A1%E3%82%85%E3%81%86%E3%81%A9%E3%81%8F%E8%B1%A1%E3%81%95%E3%82%93" dan="16,17,16,16" rate="2170.02,2289.57,2096.98,2089.01" sx="M,M,M,M"/><TAIKYOKU oya="0"/><INIT seed="0,0,0,2,2,99" ten="250,250,250,250" oya="0" hai0="33,80,73,4,62,115,32,37,84,135,28,76,120" hai1="25,82,19,49,94,34,134,118,61,88,101,109,98" hai2="104,90,58,1,131,23,86,123,63,125,17,110,128" hai3="78,42,21,48,8,113,59,56,96,105,81,85,45"/><T122/><D115/><U77/><E118/><V6/><F104/><W3/><G113/><T54/><D135/><U11/><E134/><V71/><F123/><W50/><G21/><T60/><D37/><U130/><E109/><V5/><F110/><W132/><G132/><T22/><D4/><U97/><E130/><N who="2" m="49707" /><F71/><W92/><G105/><T12/><D73/><U127/><E127/><V66/><F1/><W121/><G121/><T41/><D41/><U30/><E49/><V2/><F2/><W57/><G3/><T20/><D12/><U70/><E11/><V79/><F79/><W40/><G8/><T133/><D133/><U26/><E26/><N who="2" m="14703" /><F125/><W43/><REACH who="3" step="1"/><G48/><REACH who="3" ten="250,250,250,240" step="2"/><T13/><D22/><U39/><E39/><V7/><F5/><W15/><G15/><T103/><D13/><U72/><E19/><V124/><F124/><W51/><G51/><T53/><D20/><U14/><E14/><V69/><F69/><W89/><AGARI ba="0,1" hai="40,42,43,45,50,56,57,59,78,81,85,89,92,96" machi="89" ten="30,4000,0" yaku="1,1,0,1,8,1,53,0" doraHai="99" doraHaiUra="114" who="3" fromWho="3" sc="250,-20,250,-10,250,-10,240,50" /><INIT seed="1,0,0,0,1,11" ten="230,240,240,290" oya="1" hai0="17,3,98,21,117,74,52,40,34,123,55,35,45" hai1="72,39,9,36,99,65,5,75,110,77,2,30,114" hai2="25,26,7,63,56,68,76,83,70,101,64,24,100" hai3="28,131,92,82,115,91,1,95,61,50,132,38,15"/><U60/><E114/><V43/><F43/><W94/><G1/><T33/><D117/><U6/><E110/><V87/><REACH who="2" step="1"/><F7/><REACH who="2" ten="230,240,230,290" step="2"/><W97/><G115/><T85/><D123/><U47/><E5/><V126/><F126/><W109/><G38/><T105/><D3/><U106/><E36/><V73/><F73/><W89/><G109/><T16/><D74/><U125/><E125/><V81/><F81/><W29/><G82/><T118/><D118/><U129/><E75/><V127/><F127/><W111/><G111/><T102/><D85/><U18/><E72/><V22/><F22/><W13/><G97/><T84/><D84/><U42/><E99/><V122/><F122/><W0/><G132/><T31/><D31/><U37/><E30/><V135/><F135/><W134/><G134/><T107/><D107/><U93/><E106/><V130/><F130/><W58/><G131/><T51/><REACH who="0" step="1"/><D17/><REACH who="0" ten="220,240,230,290" step="2"/><U32/><E18/><V119/><F119/><W20/><G28/><T49/><D49/><U86/><E37/><V14/><F14/><AGARI ba="0,2" hai="14,16,21,33,34,35,40,45,51,52,55,98,102,105" machi="14" ten="40,8000,1" yaku="1,1,52,1,54,2,53,1" doraHai="11" doraHaiUra="19" who="0" fromWho="2" sc="220,100,240,0,230,-80,290,0" /><INIT seed="2,0,0,1,5,7" ten="320,240,150,290" oya="2" hai0="70,135,133,52,49,32,101,127,63,114,128,17,22" hai1="80,58,26,112,28,131,36,100,82,45,74,99,86" hai2="85,98,29,44,129,118,37,76,105,94,57,20,54" hai3="62,66,38,24,83,42,93,123,116,96,107,40,2"/><V104/><F118/><W132/><G116/><T92/><D114/><U124/><E112/><V89/><F129/><W126/><G123/><T119/><D128/><U21/><E131/><V8/><F37/><W111/><G2/><T75/><D32/><U47/><E124/><V78/><F44/><W53/><G107/><T9/><D75/><U4/><E74/><V30/><F105/><W25/><G126/><T87/><D127/><U31/><E31/><V43/><F43/><W34/><G111/><T59/><D119/><U18/><E82/><V134/><F134/><N who="0" m="51210" /><D9/><U39/><E39/><V106/><F106/><W125/><G38/><T108/><D108/><U115/><E115/><V19/><F104/><W10/><G34/><T16/><D22/><U95/><E36/><V109/><F109/><W65/><G83/><T68/><D63/><U51/><E4/><V46/><F46/><W13/><G132/><T6/><D6/><U3/><E3/><V91/><F29/><W67/><G40/><T14/><D101/><U117/><E28/><V56/><F30/><W27/><G42/><T88/><D14/><U11/><E11/><V64/><F8/><W48/><G62/><T113/><D113/><U5/><E5/><V69/><F69/><AGARI ba="0,0" hai="16,17,49,52,59,68,69,70,87,88,92" m="51210" machi="69" ten="30,7700,0" yaku="20,1,54,3" doraHai="7" who="0" fromWho="2" sc="320,77,240,0,150,-77,290,0" /><INIT seed="3,0,0,5,5,118" ten="397,240,73,290" oya="3" hai0="28,117,102,101,26,74,124,1,32,93,33,57,52" hai1="48,69,104,72,84,24,92,8,103,115,83,77,119" hai2="56,50,126,120,31,122,87,65,123,13,75,53,63" hai3="2,54,55,43,79,121,96,82,17,89,22,21,91"/><W81/><G2/><T0/><D117/><U35/><E119/><V88/><F75/><W45/><G121/><T86/><D74/><U94/><E115/><V98/><F126/><W23/><G17/><T113/><D124/><U100/><E100/><V40/><F31/><W5/><G5/><T110/><D110/><U108/><E8/><V19/><F98/><W25/><G25/><T71/><D71/><U112/><E108/><V80/><F40/><W29/><G29/><T128/><D128/><U76/><E48/><V34/><F34/><W109/><G109/><T3/><D113/><U49/><E49/><V62/><REACH who="2" step="1"/><F65/><REACH who="2" ten="397,240,63,290" step="2"/><W20/><G43/><T64/><D32/><U90/><E35/><V134/><F134/><W111/><G96/><T39/><D64/><U30/><E30/><V7/><F7/><W60/><G111/><T51/><D28/><U36/><E72/><V11/><AGARI ba="0,1" hai="11,13,19,50,53,56,62,63,80,87,88,120,122,123" machi="11" ten="30,16000,3" yaku="1,1,0,1,13,1,52,3,54,1,53,1" doraHai="118" doraHaiUra="44" who="2" fromWho="2" sc="397,-40,240,-40,63,170,290,-80" owari="357,45.7,200,-30.0,233,3.3,210,-19.0" /></mjloggm>