<mjloggm ver="2.3"><GO type="225" lobby="0"/><UN n0="%E7%89%B9%E6%9D%B1%E3%81%AF%E4%B8%96%E7%95%8C%E3%82%92%E6%95%91%E3%81%86" n1="%E3%81%B7%E3%82%8A%E3%82%93%E8%81%96%E4%BA%BA" n2="%E3%81%82%E3%82%93%E3%81%AA%E3%81%A4" n3="%E4%B8%89%E5%86%A0%E7%8E%8B%E3%83%BB%E5%B1%B1%E7%94%B0%E5%93%B2%E4%BA%BA" dan="16,16,16,17" rate="2178.39,2072.32,2121.63,2214.22" sx="M,M,M,M"/><TAIKYOKU oya="0"/><INIT seed="0,0,0,3,5,13" ten="250,250,250,250" oya="0" hai0="42,11,77,62,30,41,56,79,12,85,119,110,86" hai1="0,15,104,70,134,5,9,100,90,32,39,91,80" hai2="16,130,51,59,43,107,97,36,83,27,126,118,55" hai3="40,28,4,52,117,19,1,95,64,133,35,3,37"/><T102/><D119/><U125/><E39/><V60/><F118/><W14/><G117/><T45/><D30/><U76/><E70/><V73/><F130/><W131/><G64/><T135/><D135/><U68/><E68/><V26/><F126/><W34/><G131/><T92/><D110/><U22/><E32/><V72/><F36/><W88/><G133/><T31/><D31/><U54/><E125/><V2/><F2/><W112/><G112/><T63/><D63/><U82/><E82/><V69/><F69/><W23/><G4/><T89/><D102/><U124/><E124/><V132/><F132/><W66/><G66/><T94/><D94/><U20/><E20/><V101/><F83/><W50/><G40/><T111/><D111/><U108/><E108/><V10/><F27/><W109/><G37/><T24/><D24/><U106/><E106/><V114/><F114/><W116/><G109/><T78/><D86/><U33/><E33/><N who="3" m="12298" /><G28/><T84/><D84/><N who="1" m="48135" /><E134/><V18/><F43/><W128/><G128/><T120/><D45/><U74/><E74/><V25/><F51/><W129/><G116/><T49/><D49/><U81/><E81/><V98/><F98/><W113/><G113/><T121/><D42/><U38/><E38/><V123/><F25/><W57/><G129/><T58/><D41/><U99/><E54/><V103/><F73/><W44/><G44/><T61/><D121/><U75/><E75/><V93/><F72/><W17/><G17/><N who="0" m="8351" /><D120/><U47/><E47/><V105/><F123/><W115/><G115/><T53/><D53/><U46/><E46/><RYUUKYOKU ba="0,0" sc="250,10,250,10,250,-30,250,10" hai0="56,58,61,62,77,78,79,85,89,92" hai1="0,5,9,15,22,90,91,99,100,104" hai3="1,3,14,19,23,50,52,57,88,95" /><INIT seed="0,1,0,5,5,46" ten="260,260,220,260" oya="0" hai0="31,33,64,3,29,114,102,5,30,37,79,24,124" hai1="91,0,116,19,74,53,14,110,106,127,72,42,121" hai2="132,6,18,22,122,81,129,15,20,90,87,77,58" hai3="105,134,36,128,120,1,66,65,43,89,54,56,13"/><T112/><D37/><U75/><E0/><V88/><F122/><W34/><G1/><T68/><D79/><U125/><E121/><V103/><F132/><W63/><G34/><T45/><D45/><U47/><E106/><V73/><F129/><W44/><G105/><T40/><D40/><U94/><E53/><V133/><F133/><W12/><G120/><T7/><D102/><U96/><E110/><V97/><F73/><W86/><G134/><T35/><D68/><U82/><E82/><V61/><F20/><W118/><G118/><T28/><D64/><U108/><E108/><V38/><F6/><N who="0" m="2058" /><D3/><U84/><E84/><V39/><F39/><W104/><G104/><T101/><D101/><U32/><E32/><N who="0" m="12361" /><D124/><N who="1" m="47691" /><E116/><V126/><F38/><W111/><G111/><T16/><N who="0" m="7168" /><DORA hai="135" /><T27/><D16/><U62/><E62/><V69/><F126/><W51/><G128/><T119/><D119/><U131/><E131/><V17/><F17/><W123/><G123/><T26/><AGARI ba="1,0" hai="24,26,27,112,114" m="7168,12361,2058" machi="26" ten="50,12000,1" yaku="28,2,34,2" doraHai="46,135" who="0" fromWho="0" sc="260,123,260,-41,220,-41,260,-41" /><INIT seed="0,2,0,3,3,84" ten="383,219,179,219" oya="0" hai0="64,51,78,91,107,116,108,122,68,17,28,92,124" hai1="2,72,95,127,61,47,39,8,113,7,57,14,89" hai2="119,37,27,67,0,40,135,46,30,62,9,31,58" hai3="11,4,109,100,134,42,106,81,90,131,74,85,117"/><T70/><D116/><U16/><E72/><V43/><F119/><W65/><G117/><T83/><D122/><U88/><E113/><V118/><F118/><W26/><G109/><T80/><D107/><U82/><E127/><V112/><F112/><W59/><G134/><T121/><D121/><U63/><E63/><V1/><F135/><W71/><G131/><T98/><D124/><U132/><E132/><V55/><F43/><W96/><G71/><T38/><D38/><U114/><E114/><V125/><F125/><W75/><G42/><T73/><D108/><U10/><E82/><V56/><F9/><W13/><REACH who="3" step="1"/><G26/><REACH who="3" ten="383,219,179,209" step="2"/><T103/><D70/><U99/><E39/><V110/><F110/><W45/><G45/><T29/><D68/><U60/><E47/><V18/><F27/><W5/><G5/><T104/><D73/><U69/><E69/><V49/><REACH who="2" step="1"/><F18/><REACH who="2" ten="383,219,169,209" step="2"/><W23/><G23/><T24/><D17/><U76/><E8/><V93/><F93/><W32/><G32/><T105/><D92/><U50/><E7/><V126/><F126/><W41/><G41/><T77/><D105/><U102/><E2/><AGARI ba="2,2" hai="0,1,2,30,31,37,40,46,49,55,56,58,62,67" machi="2" ten="40,1300,0" yaku="1,1,53,0" doraHai="84" doraHaiUra="79" who="2" fromWho="1" sc="383,0,219,-19,169,39,209,0" /><INIT seed="1,0,0,0,2,34" ten="383,200,208,209" oya="1" hai0="38,41,51,97,45,63,1,102,56,69,48,87,16" hai1="126,46,106,33,35,55,86,79,11,13,36,50,19" hai2="121,75,84,74,107,133,42,91,71,93,109,49,65" hai3="37,117,30,124,95,58,17,112,12,72,100,111,105"/><U85/><E106/><V90/><F121/><W104/><G37/><T32/><D32/><U73/><E35/><V44/><F107/><W125/><G112/><T66/><D1/><U127/><E33/><V62/><F109/><W78/><G30/><T108/><D108/><U67/><E67/><V10/><F133/><W3/><G111/><T81/><D69/><U131/><E131/><V21/><F21/><W68/><G68/><T39/><D39/><U60/><E60/><V94/><REACH who="2" step="1"/><F10/><REACH who="2" ten="383,200,198,209" step="2"/><N who="3" m="6295" /><G104/><T18/><D38/><U26/><E36/><V8/><F8/><W2/><G105/><T89/><D51/><U77/><E73/><V14/><F14/><W4/><G72/><T110/><D110/><U80/><E26/><V54/><F54/><W52/><G52/><T83/><D48/><U103/><E103/><V28/><F28/><W53/><G53/><T29/><D29/><U113/><E113/><V64/><F64/><W135/><G135/><T101/><D101/><U119/><E119/><V130/><F130/><W114/><G117/><T23/><D102/><U57/><E57/><V31/><F31/><W99/><G58/><T132/><D132/><U27/><E27/><V120/><F120/><W96/><G114/><T129/><D129/><U82/><AGARI ba="0,1" hai="11,13,19,46,50,55,77,79,80,82,85,86,126,127" machi="82" ten="30,3000,0" yaku="0,1,9,1" doraHai="34" who="1" fromWho="1" sc="383,-10,200,40,198,-10,209,-10" /><INIT seed="1,1,0,1,0,46" ten="373,240,188,199" oya="1" hai0="106,103,30,95,68,107,79,129,16,125,85,45,94" hai1="23,133,74,105,70,14,42,124,128,134,44,86,97" hai2="116,100,63,28,55,71,110,60,90,10,78,54,24" hai3="108,43,89,75,7,102,41,73,132,84,39,38,101"/><U98/><E70/><V18/><F116/><W59/><G7/><T119/><D68/><U130/><E74/><V96/><F110/><W123/><G123/><T113/><D30/><U88/><E23/><V33/><F90/><W57/><G84/><T3/><D3/><U64/><E64/><N who="2" m="41351" /><F63/><W93/><G93/><T27/><D129/><N who="1" m="49771" /><E14/><N who="2" m="7511" /><F78/><W53/><G53/><T25/><D113/><U6/><E6/><V121/><F121/><W92/><G92/><T34/><D125/><U0/><E0/><V49/><F49/><W91/><REACH who="3" step="1"/><G132/><REACH who="3" ten="373,240,188,189" step="2"/><N who="1" m="50794" /><E105/><AGARI ba="1,1" hai="24,28,33,54,55,96,100,105" m="7511,41351" machi="105" ten="30,1000,0" yaku="25,1" doraHai="46" who="2" fromWho="1" sc="373,0,240,-13,188,23,189,0" /><INIT seed="2,0,0,3,3,75" ten="373,227,211,189" oya="2" hai0="112,107,29,106,111,12,132,62,121,61,55,36,92" hai1="100,74,28,135,102,127,113,5,51,87,21,78,42" hai2="41,124,77,18,3,39,131,109,128,130,129,116,99" hai3="56,118,47,94,27,108,54,133,73,44,115,114,45"/><V53/><F116/><W79/><G118/><T35/><D121/><U11/><E74/><V64/><F124/><W13/><G108/><T40/><D112/><U101/><E127/><V86/><F109/><W97/><G133/><T82/><D40/><U10/><E135/><V33/><F130/><W9/><G27/><T66/><D36/><U32/><E32/><V76/><F3/><W6/><G73/><T46/><D92/><U59/><E5/><V8/><F33/><W69/><G69/><T16/><D82/><N who="1" m="47575" /><E113/><V30/><F30/><W37/><G37/><T88/><D62/><U31/><E31/><V105/><F64/><W60/><REACH who="3" step="1"/><G79/><REACH who="3" ten="373,227,211,179" step="2"/><T72/><D72/><U2/><E2/><V67/><F77/><W95/><G95/><T58/><D111/><U96/><E28/><V110/><F110/><W117/><G117/><T65/><D132/><U81/><E81/><N who="2" m="47399" /><F105/><W38/><G38/><T1/><D107/><U34/><E34/><V125/><F125/><W15/><G15/><T22/><D106/><U120/><E120/><V84/><F39/><W7/><G7/><T19/><D12/><U93/><E93/><V123/><F123/><W26/><G26/><T89/><D35/><U63/><E96/><V50/><F129/><W104/><G104/><T126/><D126/><U43/><E100/><AGARI ba="0,1" hai="6,9,13,44,45,47,54,56,60,94,97,100,114,115" machi="100" ten="40,2600,0" yaku="1,1,53,1" doraHai="75" doraHaiUra="91" who="3" fromWho="1" sc="373,0,227,-26,211,0,179,36" /><INIT seed="3,0,0,5,3,55" ten="373,201,211,215" oya="3" hai0="129,77,73,121,17,32,114,11,79,90,81,99,89" hai1="123,86,93,124,54,18,47,130,113,33,37,42,69" hai2="65,20,117,1,3,28,57,88,95,96,4,64,39" hai3="94,53,50,103,29,59,25,45,19,78,111,92,122"/><W22/><G122/><T131/><D32/><U49/><E33/><V21/><F117/><W109/><G78/><T44/><D121/><U2/><E2/><V127/><F39/><W14/><G45/><T56/><D114/><U34/><E34/><V35/><F127/><W61/><G61/><T119/><D119/><U30/><E30/><V38/><F38/><W26/><G26/><T27/><D79/><U106/><E106/><V101/><F35/><W8/><G103/><T15/><D56/><U70/><E123/><V10/><F1/><W75/><G75/><T100/><D44/><U115/><E18/><V125/><F125/><W107/><G107/><N who="0" m="63903" /><D27/><U74/><E74/><V72/><F72/><W134/><G134/><T68/><D68/><N who="1" m="26219" /><E124/><V51/><F101/><W66/><G66/><T84/><D84/><U128/><E86/><V7/><F28/><W110/><AGARI ba="0,0" hai="8,14,19,22,25,29,50,53,59,92,94,109,110,111" machi="110" ten="30,11700,0" yaku="0,1,14,1,10,1,52,1" doraHai="55" who="3" fromWho="3" sc="373,-39,201,-39,211,-39,215,117" /><INIT seed="3,1,0,1,1,85" ten="334,162,172,332" oya="3" hai0="10,55,3,53,6,0,77,122,71,86,47,31,8" hai1="135,68,130,39,56,28,34,60,94,101,23,2,80" hai2="13,51,44,4,43,87,115,14,72,89,134,106,15" hai3="25,66,127,104,37,45,40,65,17,112,133,132,52"/><W41/><G112/><T48/><D122/><U100/><E68/><V103/><F115/><W129/><G127/><T22/><D71/><U35/><E39/><V67/><F72/><W82/><G129/><T46/><D3/><U7/><E130/><V108/><F108/><W36/><G104/><T75/><D75/><U1/><E135/><N who="3" m="51786" /><G82/><N who="0" m="47439" /><D0/><U9/><E2/><V79/><F67/><N who="3" m="25611" /><G52/><N who="0" m="20043" /><D6/><U64/><E80/><V21/><F4/><W49/><G40/><N who="0" m="24647" /><D47/><U126/><E126/><V26/><F134/><W29/><G17/><T20/><D31/><U42/><E42/><V105/><F105/><W12/><G12/><T50/><D50/><U92/><E100/><V32/><F103/><W110/><G110/><T96/><D96/><N who="1" m="59527" /><E94/><V62/><F106/><W118/><G118/><T95/><D95/><U59/><E59/><V73/><F51/><W113/><G113/><T19/><D19/><U121/><E121/><V33/><F43/><W111/><G111/><T74/><D74/><U61/><E61/><V27/><F62/><W76/><G76/><T88/><D88/><U38/><E38/><V125/><F125/><W63/><G63/><T16/><D16/><U18/><E18/><N who="2" m="12599" /><F79/><W99/><G99/><T30/><D30/><U54/><E54/><V128/><F73/><W119/><G119/><T98/><D98/><U114/><E114/><V123/><F128/><W69/><G69/><T24/><D24/><AGARI ba="1,0" hai="1,7,9,23,24,28,34,35,56,60,64" m="59527" machi="24" ten="30,1000,0" yaku="25,1" doraHai="85" who="1" fromWho="0" sc="334,-13,162,13,172,0,332,0" owari="321,12.1,175,-22.5,172,-32.8,332,43.2" /></mjloggm>