<mjloggm ver="2.3"><GO type="225" lobby="0"/><UN n0="%E5%8D%A0%E3%81%84%E5%B8%AB%E8%A3%8F%E3%81%AA%E3%81%84%E3%81%97" n1="%E3%81%AA%E3%81%A1%30%39%32%37" n2="%E6%B0%B7%E5%B7%9D%E9%87%8C%E5%A5%88" n3="%E5%86%B7%E5%87%8D%E3%82%AE%E3%83%A7%E3%83%BC%E3%82%B6" dan="16,16,16,16" rate="2151.72,2104.05,2161.69,2117.45" sx="M,M,F,M"/><TAIKYOKU oya="0"/><INIT seed="0,0,0,2,0,80" ten="250,250,250,250" oya="0" hai0="5,67,114,132,32,26,113,47,109,70,65,18,6" hai1="59,53,84,135,25,10,27,103,100,127,116,56,125" hai2="118,48,95,110,3,98,51,58,72,93,123,17,97" hai3="21,105,126,12,83,8,120,41,122,43,130,81,76"/><T115/><D132/><U22/><E116/><V15/><F123/><N who="3" m="47147" /><G130/><T9/><D70/><U39/><E39/><V111/><F3/><W106/><G21/><T82/><D5/><U73/><E73/><V112/><F72/><N who="3" m="43143" /><G126/><N who="1" m="48138" /><E10/><V74/><F74/><W88/><G106/><T57/><D47/><U24/><E135/><V87/><F112/><W117/><G105/><T38/><D38/><U37/><E37/><V7/><F7/><N who="3" m="3103" /><G117/><T85/><D109/><U78/><E22/><V30/><F118/><W133/><G133/><T66/><D18/><U55/><E78/><V79/><F30/><W99/><G99/><T44/><D32/><U71/><E84/><AGARI ba="0,0" hai="41,43,83,84,88" m="3103,43143,47147" machi="84" ten="30,3900,0" yaku="13,1,52,1,54,1" doraHai="80" who="3" fromWho="1" sc="250,0,250,-39,250,0,250,39" /><INIT seed="1,0,0,4,5,116" ten="250,211,250,289" oya="1" hai0="24,29,128,54,3,63,40,87,127,131,105,65,106" hai1="89,102,31,58,66,80,5,57,42,9,123,22,30" hai2="11,41,44,132,52,99,124,71,76,92,69,15,78" hai3="72,46,27,55,129,70,56,17,7,86,115,95,101"/><U51/><E123/><V61/><F124/><W1/><G70/><T109/><D3/><U36/><E102/><V117/><F117/><W8/><G72/><T38/><D109/><U94/><E36/><V113/><F132/><W112/><G129/><N who="0" m="49739" /><D127/><U83/><E42/><V35/><F35/><W93/><G46/><N who="0" m="23831" /><D54/><N who="1" m="31967" /><E5/><V81/><F113/><W19/><G93/><T12/><D87/><N who="1" m="52543" /><E9/><V98/><F71/><W79/><G112/><T18/><D24/><N who="1" m="16663" /><E31/><V119/><F119/><W59/><G115/><T67/><D29/><U45/><E45/><V26/><F69/><W60/><G59/><N who="0" m="37119" /><D67/><U48/><E66/><V110/><F110/><W4/><G4/><T2/><D2/><U20/><E20/><AGARI ba="0,0" hai="12,18,20,105,106" m="37119,23831,49739" machi="20" ten="30,1000,0" yaku="19,1" doraHai="116" who="0" fromWho="1" sc="250,10,211,-10,250,0,289,0" /><INIT seed="2,0,0,3,3,5" ten="260,201,250,289" oya="2" hai0="61,131,74,3,20,48,17,43,35,90,91,55,63" hai1="81,30,130,121,23,113,56,111,85,37,76,8,50" hai2="79,109,21,108,83,53,134,60,2,89,67,41,119" hai3="117,96,62,52,10,78,57,1,126,112,47,33,127"/><V31/><F119/><W133/><G117/><T0/><D35/><U49/><E113/><V110/><F2/><W84/><G33/><T100/><D74/><U87/><E121/><V7/><F134/><W135/><G112/><T34/><D34/><U25/><E111/><V44/><F7/><N who="3" m="1391" /><G96/><T124/><D124/><N who="3" m="47657" /><G47/><T13/><D131/><U68/><E130/><V104/><F104/><W102/><G102/><T6/><D100/><U45/><E68/><V92/><F53/><W66/><G66/><T70/><D43/><U36/><E85/><N who="2" m="52271" /><F44/><W15/><G15/><T99/><D0/><U12/><E56/><N who="2" m="37255" /><F41/><W42/><G42/><T122/><D122/><U16/><E50/><V86/><F21/><W132/><G84/><T32/><D32/><U93/><E93/><V22/><F22/><W59/><G59/><T19/><D70/><U75/><E75/><V40/><F40/><AGARI ba="0,0" hai="8,12,16,23,25,30,36,37,40,45,49,76,81,87" machi="40" ten="30,3900,0" yaku="7,1,52,1,54,1" doraHai="5" who="1" fromWho="2" sc="260,0,201,39,250,-39,289,0" /><INIT seed="3,0,0,5,4,127" ten="260,240,211,289" oya="3" hai0="33,79,133,123,34,68,80,59,94,77,90,130,129" hai1="105,17,99,40,57,101,84,19,74,13,115,83,45" hai2="72,51,28,7,109,42,58,5,2,117,125,124,63" hai3="44,93,10,112,114,89,122,106,98,70,0,55,11"/><W52/><G122/><T22/><D68/><U8/><E115/><V108/><F72/><W32/><G32/><T103/><D123/><U126/><E57/><V14/><F2/><W27/><G70/><T41/><D133/><U62/><E62/><V25/><F117/><W65/><G65/><T16/><D103/><U24/><E126/><N who="2" m="48747" /><F51/><W81/><G27/><N who="0" m="14791" /><D41/><U66/><E66/><N who="2" m="39287" /><F42/><W85/><G106/><T119/><D119/><U128/><E128/><N who="0" m="49257" /><D59/><U3/><E40/><V76/><F76/><N who="0" m="29258" /><D80/><U86/><E83/><V15/><F14/><W39/><G112/><T6/><D6/><N who="2" m="2058" /><F15/><W120/><G114/><T38/><D38/><U48/><E13/><V111/><F111/><W1/><G120/><T26/><D26/><U69/><E24/><V102/><F102/><W121/><G121/><T31/><D31/><U54/><E69/><V113/><F113/><W134/><G134/><T73/><D73/><U107/><E74/><V4/><N who="2" m="2066" /><V23/><AGARI ba="0,0" hai="23,25,28,108,109" m="2066,39287,48747" machi="23" ten="40,2700,0" yaku="4,1,18,1" doraHai="127" who="2" fromWho="2" sc="260,-7,240,-7,211,27,289,-13" /><INIT seed="4,0,0,5,2,134" ten="253,233,238,276" oya="0" hai0="59,132,28,66,62,100,8,2,47,50,95,34,42" hai1="53,99,128,77,0,27,89,79,52,120,17,7,24" hai2="69,5,33,72,85,20,88,121,118,51,117,74,67" hai3="122,19,130,129,46,81,98,14,68,101,97,82,133"/><T102/><D132/><U1/><E120/><V91/><F33/><W73/><G133/><T115/><D115/><U119/><E17/><V75/><F121/><W109/><G109/><T127/><D34/><U80/><E99/><V36/><F36/><W111/><G111/><T41/><D2/><U31/><E89/><V76/><F5/><W16/><G122/><T25/><D8/><U40/><E128/><N who="3" m="49258" /><G68/><T6/><D6/><U71/><E71/><V107/><F107/><N who="3" m="63919" /><G73/><T123/><D123/><U110/><E110/><V45/><F69/><W61/><G61/><T55/><D100/><U26/><E31/><V83/><F67/><W21/><G98/><N who="0" m="59743" /><D127/><U64/><E64/><V18/><F118/><W60/><G60/><T131/><D131/><U37/><E119/><V29/><F117/><W103/><G103/><T4/><D4/><U104/><E104/><V70/><F70/><W44/><G19/><T22/><AGARI ba="0,0" hai="22,25,28,41,42,47,50,55,59,62,66" m="59743" machi="22" ten="30,3000,0" yaku="25,1,8,1" doraHai="134" who="0" fromWho="0" sc="253,30,233,-10,238,-10,276,-10" /><INIT seed="4,1,0,1,5,22" ten="283,223,228,266" oya="0" hai0="78,72,39,30,91,84,47,111,61,25,49,28,37" hai1="119,94,52,69,74,105,114,134,24,110,133,65,46" hai2="108,45,41,79,92,76,6,20,135,44,95,31,3" hai3="9,125,51,73,53,90,64,16,10,86,7,33,121"/><T106/><D106/><U130/><E105/><V102/><F108/><W100/><G125/><T70/><D30/><U129/><E74/><V120/><F120/><W103/><G73/><T62/><D111/><U43/><E110/><V40/><F135/><N who="1" m="51721" /><E119/><V88/><F6/><W80/><G121/><T1/><D1/><U77/><E77/><N who="2" m="29771" /><F3/><W38/><G38/><T27/><D39/><N who="1" m="21887" /><E94/><V127/><F127/><W112/><G112/><T54/><D37/><U83/><E83/><V101/><F95/><W109/><G109/><T26/><D70/><U132/><N who="1" m="51729" /><U29/><DORA hai="42" /><E114/><V60/><F60/><N who="0" m="23146" /><D72/><U71/><E52/><V57/><F57/><W17/><G64/><T66/><D66/><U75/><E75/><V23/><F41/><W123/><G123/><T8/><D78/><U36/><E36/><V87/><F40/><W96/><G100/><N who="2" m="38505" /><F31/><W97/><G103/><T59/><D28/><U15/><E15/><V89/><F89/><W56/><G96/><T117/><D117/><U131/><E65/><V18/><F23/><AGARI ba="1,0" hai="23,24,29,69,71,129,130,131" m="21887,51729" machi="23" ten="50,8000,1" yaku="19,1,20,1,52,2" doraHai="22,42" who="1" fromWho="2" sc="283,0,223,83,228,-83,266,0" owari="283,8.3,306,40.6,145,-35.5,266,-13.4" /></mjloggm>