<mjloggm ver="2.3"><GO type="225" lobby="0"/><UN n0="%E6%B4%BE%E9%81%A3%E3%81%AE%E3%82%B8%E3%83%A3%E3%83%83%E3%82%AF" n1="%E3%82%A2%E3%83%A1%E3%82%A2%E3%83%A9%E3%83%AC" n2="%E3%82%B3%E3%83%90%E3%83%AC%E3%82%A4" n3="%E3%82%B2%E3%82%B9%E8%8C%82%E5%8B%9D" dan="17,16,16,16" rate="2222.46,2155.06,2085.36,2095.33" sx="M,M,M,F"/><TAIKYOKU oya="0"/><INIT seed="0,0,0,4,1,92" ten="250,250,250,250" oya="0" hai0="130,109,30,132,76,122,67,10,2,126,57,78,58" hai1="119,74,106,29,112,17,23,103,25,75,21,27,31" hai2="43,16,4,62,107,22,100,84,87,28,5,59,114" hai3="128,104,47,61,120,81,88,111,54,8,79,90,60"/><T83/><D122/><U1/><E119/><V41/><F114/><W40/><G111/><T89/><D30/><U36/><E112/><V121/><F28/><W44/><G128/><T45/><D130/><U80/><E1/><V72/><F72/><W116/><G116/><T66/><D45/><U37/><E17/><V42/><F121/><W71/><G104/><T108/><D126/><U98/><REACH who="1" step="1"/><E74/><REACH who="1" ten="250,240,250,250" step="2"/><V113/><F113/><W20/><G120/><T56/><D2/><U3/><E3/><V55/><F5/><W6/><G6/><T53/><D132/><U110/><E110/><N who="0" m="42601" /><D10/><U68/><E68/><V127/><F4/><W134/><G8/><T102/><D66/><U86/><E86/><V77/><F127/><W14/><G134/><T82/><D67/><U7/><E7/><V26/><F77/><AGARI ba="0,1" hai="21,23,25,27,29,31,36,37,75,77,80,98,103,106" machi="77" ten="40,5200,0" yaku="1,1,9,1,52,1,53,0" doraHai="92" doraHaiUra="48" who="1" fromWho="2" sc="250,0,240,62,250,-52,250,0" /><INIT seed="1,0,0,1,1,33" ten="250,302,198,250" oya="1" hai0="34,52,48,130,20,120,1,61,28,77,85,76,12" hai1="69,113,59,134,42,72,78,21,98,129,63,8,14" hai2="27,35,74,97,56,47,117,95,90,58,121,110,109" hai3="104,5,114,101,107,7,29,24,15,23,106,118,11"/><U122/><E113/><V108/><F117/><W10/><G114/><T49/><D130/><U46/><E122/><V83/><F121/><W84/><G118/><T125/><D120/><U37/><E134/><V86/><F74/><W88/><G101/><T53/><D125/><U16/><E129/><V54/><F35/><W66/><G66/><T124/><D124/><U26/><E69/><V112/><F112/><W17/><REACH who="3" step="1"/><G10/><REACH who="3" ten="250,302,198,240" step="2"/><T81/><D76/><U80/><E98/><V55/><F109/><W43/><G43/><T126/><D126/><U31/><E59/><V79/><F110/><W123/><G123/><T89/><D77/><U22/><REACH who="1" step="1"/><E63/><REACH who="1" ten="250,292,198,240" step="2"/><V94/><F108/><W25/><G25/><T116/><D61/><U105/><E105/><V13/><F27/><W40/><G40/><T75/><D116/><U64/><E64/><V70/><F70/><W111/><G111/><T87/><D53/><U119/><E119/><V36/><F58/><W18/><G18/><T99/><D52/><U62/><E62/><V102/><F56/><W100/><G100/><T68/><D99/><U127/><E127/><V93/><F55/><W132/><G132/><T50/><D68/><U57/><E57/><V41/><F54/><W51/><G51/><T32/><D48/><U65/><E65/><V2/><F102/><W3/><G3/><T131/><D1/><U92/><E92/><AGARI ba="0,2" hai="5,7,11,15,17,23,24,29,84,88,92,104,106,107" machi="92" ten="40,5200,0" yaku="1,1,54,1,53,1" doraHai="33" doraHaiUra="4" who="3" fromWho="1" sc="250,0,292,-52,198,0,240,72" /><INIT seed="2,0,0,2,0,82" ten="250,240,198,312" oya="2" hai0="109,69,10,43,33,48,52,65,2,77,135,34,14" hai1="59,71,76,92,125,26,15,32,133,38,78,39,64" hai2="66,129,0,108,93,81,111,62,58,9,130,116,107" hai3="70,98,96,22,113,75,110,45,87,131,19,56,63"/><V20/><F107/><W27/><G75/><T30/><D109/><N who="2" m="42058" /><F116/><W105/><G70/><T1/><D43/><U73/><E71/><V53/><F93/><W91/><G110/><T90/><D77/><U94/><E133/><V74/><F20/><W40/><G131/><N who="2" m="50185" /><F9/><W8/><G8/><T5/><D135/><U72/><E125/><V29/><F29/><W3/><G105/><T31/><D31/><U83/><E83/><V84/><F0/><W61/><G113/><T119/><D119/><U60/><E32/><V122/><F122/><W47/><G3/><T54/><D30/><U100/><E100/><V23/><F23/><W55/><G63/><T106/><D106/><U24/><E60/><V7/><F7/><W51/><G45/><T85/><D33/><U42/><E92/><AGARI ba="0,0" hai="19,22,27,40,47,51,55,56,61,87,91,92,96,98" machi="92" ten="30,3900,0" yaku="7,1,8,1,52,1" doraHai="82" who="3" fromWho="1" sc="250,0,240,-39,198,0,312,39" /><INIT seed="3,0,0,2,5,77" ten="250,201,198,351" oya="3" hai0="71,86,34,83,127,74,99,66,104,93,51,2,111" hai1="40,61,72,64,122,25,62,21,26,15,12,36,35" hai2="96,17,24,30,70,105,121,128,19,107,81,43,37" hai3="67,60,103,3,73,88,79,54,22,52,57,102,91"/><W18/><G3/><T55/><D34/><U98/><E122/><V31/><F70/><W115/><G115/><T8/><D111/><U101/><E72/><V112/><F121/><W23/><G79/><T117/><D74/><U116/><E62/><V76/><F112/><W94/><G73/><T131/><D93/><U16/><E116/><V125/><F128/><W95/><G67/><T42/><D51/><U130/><E130/><V114/><F114/><W59/><G18/><T80/><D8/><U108/><E108/><V5/><F5/><W134/><G134/><T132/><D2/><U53/><E53/><V33/><F31/><W97/><G97/><T39/><D55/><U48/><E36/><V46/><F107/><W63/><AGARI ba="0,0" hai="22,23,52,54,57,59,60,63,88,91,94,95,102,103" machi="63" ten="25,18000,2" yaku="0,1,22,2,8,1,54,2" doraHai="77" who="3" fromWho="3" sc="250,-60,201,-60,198,-60,351,180" owari="190,-1.0,141,-25.9,138,-36.2,531,63.1" /></mjloggm>