<mjloggm ver="2.3"><GO type="225" lobby="0"/><UN n0="%E6%9A%87%E4%BA%BA%EF%BC%A0%E9%85%8D%E4%BF%A1%E5%9E%A2" n1="%E3%82%A2%E3%82%A4%E3%82%B9%E3%83%86%E3%82%A3%E3%83%BC%E3%81%82%E3%81%B9" n2="%6E%65%77%E8%BC%AA%E5%A4%A7%E7%B4%8D%E8%A8%80" n3="%E7%AD%89%E3%80%85%E5%8A%9B%E5%8A%87%E5%A0%B4" dan="17,16,16,16" rate="2163.87,2068.91,2092.73,2149.77" sx="F,M,M,M"/><TAIKYOKU oya="0"/><INIT seed="0,0,0,4,2,32" ten="250,250,250,250" oya="0" hai0="0,12,77,129,69,85,15,117,81,57,13,82,89" hai1="19,45,130,44,110,100,102,24,75,103,109,36,73" hai2="97,55,26,9,48,1,105,28,49,31,6,84,4" hai3="46,128,50,67,29,39,112,38,113,54,3,95,115"/><T101/><D117/><U37/><E24/><V47/><F4/><W107/><G107/><T74/><D69/><U114/><E19/><V58/><F84/><W62/><G128/><T27/><D129/><U120/><E130/><V131/><F131/><W126/><G126/><T91/><D101/><U41/><E41/><V98/><F105/><W42/><G29/><T16/><D57/><U5/><E5/><V125/><F125/><W11/><G95/><T53/><D53/><U51/><E51/><V119/><F119/><W52/><G11/><T61/><D61/><U93/><E93/><V23/><REACH who="2" step="1"/><F31/><REACH who="2" ten="250,250,240,250" step="2"/><W63/><G3/><T56/><D0/><U8/><E120/><V133/><F133/><W68/><G63/><T124/><D124/><U96/><E96/><V35/><F35/><W88/><G115/><T20/><REACH who="0" step="1"/><D56/><REACH who="0" ten="240,250,240,250" step="2"/><U132/><E114/><V111/><F111/><W79/><G113/><T122/><D122/><U14/><E110/><V99/><F99/><W60/><G112/><T66/><D66/><U135/><E109/><V108/><F108/><W18/><G67/><T134/><D134/><U10/><E103/><V86/><F86/><W33/><G68/><T76/><AGARI ba="0,2" hai="12,13,15,16,20,27,74,76,77,81,82,85,89,91" machi="76" ten="30,12000,1" yaku="1,1,0,1,54,1,53,2" doraHai="32" doraHaiUra="87" who="0" fromWho="0" sc="240,140,250,-40,240,-40,250,-40" /><INIT seed="0,1,0,4,5,36" ten="380,210,200,210" oya="0" hai0="110,1,105,54,14,127,81,41,24,15,115,100,45" hai1="6,71,104,69,80,120,121,55,32,103,27,9,111" hai2="90,40,89,53,50,4,91,109,3,83,62,76,72" hai3="31,101,124,112,135,75,113,78,44,29,38,77,129"/><T70/><D115/><U59/><E111/><V46/><F109/><W47/><G38/><T68/><D110/><U79/><E103/><V28/><F28/><W21/><G21/><T106/><D1/><U10/><E104/><V35/><F35/><W102/><G75/><T131/><D54/><U60/><E32/><V12/><F3/><W122/><G135/><T17/><D81/><U107/><E107/><V82/><F82/><W126/><REACH who="3" step="1"/><G129/><REACH who="3" ten="380,210,200,200" step="2"/><T73/><D73/><U66/><E121/><AGARI ba="1,1" hai="29,31,44,47,77,78,101,102,112,113,121,122,124,126" machi="121" ten="25,6400,0" yaku="1,1,2,1,22,2,53,0" doraHai="36" doraHaiUra="37" who="3" fromWho="1" sc="380,0,210,-67,200,0,200,77" /><INIT seed="1,0,0,4,0,53" ten="380,143,200,277" oya="1" hai0="1,96,3,7,35,134,133,102,80,29,68,78,36" hai1="74,17,100,21,107,132,75,113,106,87,43,83,67" hai2="4,127,42,88,56,121,34,37,77,18,114,120,50" hai3="63,62,32,61,97,33,57,128,109,69,94,26,122"/><U118/><E113/><V2/><F127/><W45/><G122/><T23/><D23/><U28/><E118/><V20/><F114/><W99/><G109/><T105/><D36/><U117/><E117/><V8/><F34/><W71/><G45/><T52/><D68/><U93/><E28/><V44/><F77/><W125/><G94/><T39/><D39/><U85/><E43/><V95/><F37/><W59/><G26/><N who="0" m="18871" /><D52/><U14/><E132/><N who="0" m="50793" /><D7/><U19/><E67/><V38/><F38/><W82/><G62/><T108/><D108/><U131/><E131/><V11/><F11/><W51/><G82/><T119/><D119/><U79/><E19/><V86/><REACH who="2" step="1"/><F56/><REACH who="2" ten="380,143,190,277" step="2"/><W90/><G125/><T47/><D47/><U135/><E135/><V65/><F65/><W48/><G128/><T91/><D91/><AGARI ba="0,1" hai="32,33,48,51,57,59,61,63,69,71,90,91,97,99" machi="91" ten="25,6400,0" yaku="22,2,52,2" doraHai="53" who="3" fromWho="0" sc="380,-64,143,0,190,0,277,74" /><INIT seed="2,0,0,5,4,89" ten="316,143,190,351" oya="2" hai0="60,58,95,36,32,129,109,35,135,1,50,46,65" hai1="101,78,130,55,103,63,123,12,28,100,111,82,127" hai2="93,69,67,79,77,81,94,98,44,42,40,14,102" hai3="91,43,73,125,54,74,68,88,37,72,26,22,47"/><V86/><F14/><W126/><G68/><T21/><D109/><U128/><E111/><V34/><F34/><W76/><G76/><N who="2" m="29257" /><F69/><W51/><G91/><T71/><D129/><U124/><E28/><V92/><F67/><W31/><REACH who="3" step="1"/><G88/><REACH who="3" ten="316,143,190,341" step="2"/><T20/><D71/><U84/><E123/><V23/><F23/><W41/><G41/><N who="2" m="15977" /><F44/><AGARI ba="0,1" hai="22,26,31,37,43,44,47,51,54,72,73,74,125,126" machi="44" ten="50,1600,0" yaku="1,1,53,0" doraHai="89" doraHaiUra="0" who="3" fromWho="2" sc="316,0,143,0,190,-16,341,26" /><INIT seed="3,0,0,4,1,88" ten="316,143,174,367" oya="3" hai0="19,50,103,125,107,84,1,127,115,117,112,106,20" hai1="54,41,113,71,40,18,46,77,129,0,131,17,64" hai2="22,55,69,8,47,135,45,86,133,83,42,100,130" hai3="43,25,32,123,114,28,67,121,122,70,85,120,78"/><W34/><G114/><N who="0" m="43563" /><D1/><U66/><E113/><V105/><F130/><N who="1" m="49673" /><E0/><V91/><F69/><W53/><G123/><T36/><D36/><N who="1" m="21767" /><E18/><V99/><F8/><W62/><G43/><T21/><D117/><U61/><E17/><V24/><F55/><W60/><G34/><T80/><D50/><U116/><E77/><V74/><F74/><W109/><G109/><T76/><D20/><U87/><E87/><V93/><F105/><N who="0" m="39946" /><D21/><U81/><E81/><V104/><F104/><W95/><G32/><T89/><D19/><U38/><E116/><V48/><REACH who="2" step="1"/><F47/><REACH who="2" ten="316,143,164,367" step="2"/><W134/><G70/><T90/><D103/><U23/><E23/><V98/><F98/><W30/><G122/><T27/><D27/><U82/><E82/><V3/><F3/><W57/><G25/><T31/><D31/><AGARI ba="0,1" hai="22,24,31,42,45,48,83,86,91,93,99,100,133,135" machi="31" ten="40,2600,0" yaku="1,1,52,1,53,0" doraHai="88" doraHaiUra="2" who="2" fromWho="0" sc="316,-26,143,0,164,36,367,0" owari="290,9.0,143,-35.7,200,-20.0,367,46.7" /></mjloggm>