<mjloggm ver="2.3"><GO type="225" lobby="0"/><UN n0="%72%69%6F%75%63%68%61%6E" n1="%E3%82%A2%E3%82%A4%E3%82%B9%E3%83%86%E3%82%A3%E3%83%BC%E3%81%82%E3%81%B9" n2="%E3%81%BF%E3%81%BF%E3%81%9A" n3="%E3%82%B2%E3%82%B9%E8%8C%82%E5%8B%9D" dan="16,16,16,16" rate="2159.60,2099.82,2157.74,2058.71" sx="M,M,M,F"/><TAIKYOKU oya="0"/><INIT seed="0,0,0,3,4,57" ten="250,250,250,250" oya="0" hai0="29,119,35,68,17,131,69,38,10,32,26,81,78" hai1="99,14,47,96,40,3,72,108,8,15,85,23,73" hai2="110,67,114,123,50,75,45,55,12,134,2,54,43" hai3="89,97,33,98,44,79,21,133,36,101,0,41,105"/><T82/><D119/><U4/><E108/><V37/><F2/><W109/><G109/><T102/><D131/><U121/><E121/><V18/><F110/><W83/><G33/><T53/><D38/><U64/><E64/><V117/><F75/><W130/><G133/><T39/><D39/><U6/><E85/><V80/><F114/><W5/><G130/><T19/><D32/><U46/><E23/><V113/><F113/><W76/><G21/><T56/><D102/><U87/><E87/><V124/><F80/><W16/><G16/><T51/><D82/><U100/><E100/><V127/><F123/><W30/><G30/><T27/><D27/><U122/><E3/><V120/><F120/><W34/><G34/><T88/><D88/><U58/><E58/><V94/><F134/><W24/><G24/><T62/><D51/><U60/><E122/><V49/><F94/><W9/><G83/><T104/><D104/><U115/><E115/><V52/><F67/><W103/><G89/><T7/><D17/><U13/><E13/><V59/><F117/><W90/><REACH who="3" step="1"/><G90/><REACH who="3" ten="250,250,250,240" step="2"/><T129/><D19/><U25/><E25/><V125/><REACH who="2" step="1"/><F37/><REACH who="2" ten="250,250,240,240" step="2"/><W107/><AGARI ba="0,2" hai="0,5,9,36,41,44,76,79,97,98,101,103,105,107" machi="107" ten="20,12000,2" yaku="1,1,2,1,0,1,7,1,9,1,53,1" doraHai="57" doraHaiUra="1" who="3" fromWho="3" sc="250,-60,250,-30,240,-30,240,140" /><INIT seed="1,0,0,4,4,29" ten="190,220,210,380" oya="1" hai0="51,3,54,77,98,104,125,84,6,116,69,35,66" hai1="105,13,70,129,57,128,73,1,126,82,53,22,101" hai2="58,62,131,87,18,46,86,2,89,92,19,130,93" hai3="34,21,9,108,14,23,110,64,4,37,124,123,30"/><U15/><E70/><V97/><F2/><W10/><G64/><T40/><D116/><U88/><E1/><V47/><F130/><N who="1" m="50281" /><E126/><V45/><F131/><W91/><G91/><T63/><D125/><U100/><E105/><V12/><F12/><N who="1" m="4681" /><E22/><N who="3" m="8202" /><G37/><T114/><D114/><U24/><E24/><V107/><F107/><W31/><G124/><T118/><D118/><U135/><E135/><V50/><F50/><W60/><G60/><T103/><D35/><U61/><E73/><V11/><F11/><W119/><G119/><T41/><D77/><U39/><E39/><V113/><F113/><W96/><G96/><T38/><D84/><AGARI ba="0,0" hai="53,57,61,82,84,88,100,101" m="4681,50281" machi="84" ten="30,2900,0" yaku="19,1,54,1" doraHai="29" who="1" fromWho="0" sc="190,-29,220,29,210,0,380,0" /><INIT seed="1,1,0,5,2,29" ten="161,249,210,380" oya="1" hai0="108,40,104,3,11,5,75,85,125,0,66,51,134" hai1="106,83,43,27,58,113,101,30,41,69,72,82,49" hai2="62,4,128,1,61,34,87,114,6,26,65,28,132" hai3="129,32,39,116,105,57,79,117,110,33,17,19,123"/><U121/><E113/><V124/><F114/><W21/><G39/><T31/><D108/><U42/><E69/><V45/><F128/><W2/><G105/><T118/><D118/><N who="3" m="45673" /><G79/><T10/><D125/><U89/><E121/><V18/><F124/><W15/><G57/><T16/><D134/><U60/><E49/><V135/><F45/><W107/><G107/><T13/><D75/><U77/><E101/><V84/><F18/><W130/><G110/><T78/><D104/><U81/><E89/><V95/><F1/><W52/><G52/><T63/><D31/><U98/><E98/><V38/><F38/><W111/><G111/><T91/><D78/><U112/><E106/><V46/><F46/><W44/><G44/><T71/><D51/><U36/><E112/><V24/><F95/><W22/><G2/><T54/><D0/><U9/><E9/><V25/><F25/><N who="3" m="14511" /><G123/><T131/><D54/><U74/><E77/><V88/><F28/><W64/><G64/><T14/><D3/><U8/><E8/><V97/><F65/><W92/><G92/><T103/><D40/><U122/><E122/><V68/><F68/><W102/><G102/><T47/><D103/><U73/><E36/><V96/><F88/><W37/><G37/><T59/><D47/><U12/><E12/><V67/><F67/><W35/><AGARI ba="1,0" hai="15,19,22,32,33,35,129,130" m="14511,45673" machi="35" ten="40,12000,2" yaku="12,1,34,2,52,3" doraHai="29" who="3" fromWho="3" sc="161,-31,249,-61,210,-31,380,123" /><INIT seed="2,0,0,5,1,128" ten="130,188,179,503" oya="2" hai0="10,7,42,77,49,108,57,24,120,110,25,32,1" hai1="61,130,11,53,44,79,114,95,69,134,52,34,119" hai2="126,116,29,3,84,88,89,132,78,39,2,56,109" hai3="131,37,12,85,91,117,59,83,8,23,22,121,28"/><V68/><F116/><W43/><G117/><T40/><D120/><U107/><E107/><V100/><F68/><W15/><G131/><T90/><D77/><U101/><E130/><V36/><F100/><W60/><G121/><T50/><D90/><U122/><E34/><V98/><F98/><W27/><G37/><T18/><D25/><U86/><E122/><V62/><F78/><W115/><G115/><T63/><D49/><U93/><E119/><V38/><F29/><W113/><G113/><T48/><D50/><N who="1" m="28743" /><E69/><V46/><F46/><W97/><G43/><T75/><D75/><U87/><E134/><V16/><F126/><W82/><G97/><T66/><D48/><U102/><E114/><V65/><F132/><W94/><G22/><T111/><REACH who="0" step="1"/><D18/><REACH who="0" ten="120,188,179,503" step="2"/><U35/><E35/><V104/><F89/><W54/><G15/><T45/><D45/><U71/><E79/><V5/><F5/><AGARI ba="0,1" hai="5,8,12,23,27,28,54,59,60,82,83,85,91,94" machi="5" ten="30,2000,0" yaku="7,1,8,1" doraHai="128" who="3" fromWho="2" sc="120,0,188,0,179,-20,503,30" /><INIT seed="3,0,0,1,2,41" ten="120,188,159,533" oya="3" hai0="90,47,128,85,9,97,12,31,67,74,46,94,71" hai1="106,20,33,109,38,0,13,66,124,32,50,91,6" hai2="99,95,127,134,110,113,77,68,19,96,55,73,56" hai3="135,7,123,118,72,131,60,129,35,51,103,36,80"/><W119/><G36/><T27/><D74/><U88/><E38/><V104/><F68/><W114/><G35/><T57/><D71/><U21/><E106/><V59/><F113/><W81/><G114/><T98/><D128/><N who="3" m="49225" /><G123/><T76/><D67/><U117/><E50/><V93/><F127/><W108/><G108/><T132/><D57/><U62/><E0/><V52/><F134/><W102/><G60/><T120/><D120/><U14/><E6/><V11/><F19/><W100/><G7/><N who="0" m="3135" /><D132/><U23/><E109/><V39/><F11/><W1/><G1/><T37/><D37/><U122/><E122/><V112/><F39/><W75/><G51/><T63/><D63/><U48/><E48/><V78/><F112/><W89/><G135/><T45/><D76/><U42/><E23/><AGARI ba="0,0" hai="23,27,31,45,46,47,85,90,94,97,98" m="3135" machi="23" ten="30,7700,0" yaku="8,1,52,3" doraHai="41" who="0" fromWho="1" sc="120,77,188,-77,159,0,533,0" owari="197,-0.3,111,-38.9,159,-24.1,533,63.3" /></mjloggm>