<mjloggm ver="2.3"><GO type="225" lobby="0"/><UN n0="%E5%8F%AF%E5%85%90%E9%82%A3%E7%94%B1%E5%A4%9A" n1="%E3%81%93%E3%81%91%E6%A4%8D%E7%89%A9" n2="%6B%6F%64%61%6D%61%6E%37" n3="%E3%82%BC%E3%83%AB%E3%83%80%E3%81%AE%E4%BC%9D%E8%AA%AC" dan="16,16,16,18" rate="2101.66,2097.70,2082.96,2215.06" sx="F,M,M,M"/><TAIKYOKU oya="0"/><INIT seed="0,0,0,1,3,132" ten="250,250,250,250" oya="0" hai0="64,0,45,103,89,79,62,33,124,130,28,115,43" hai1="106,61,21,5,82,47,84,97,12,88,116,50,7" hai2="95,58,26,34,72,22,13,2,83,1,37,57,35" hai3="92,4,48,19,59,74,99,54,78,129,10,98,128"/><T25/><D115/><U123/><E116/><V113/><F37/><W108/><G108/><T65/><D130/><N who="3" m="50281" /><G19/><T69/><D65/><U60/><E123/><V127/><F58/><W80/><G92/><T126/><D79/><U112/><E112/><V107/><F57/><W67/><G67/><T109/><D109/><U32/><E32/><V27/><F107/><W76/><G76/><T42/><D0/><AGARI ba="0,0" hai="0,4,10,48,54,59,74,78,80,98,99" m="50281" machi="0" ten="30,1000,0" yaku="19,1" doraHai="132" who="3" fromWho="0" sc="250,-10,250,0,250,0,250,10" /><INIT seed="1,0,0,3,1,102" ten="240,250,250,260" oya="1" hai0="65,127,83,66,126,8,34,73,49,56,112,64,95" hai1="12,132,129,114,133,74,125,42,22,91,15,30,100" hai2="37,92,119,107,9,13,6,131,130,28,70,31,128" hai3="18,122,93,21,78,59,39,90,5,27,44,106,135"/><U29/><E74/><V77/><F37/><W105/><G122/><T88/><D34/><U38/><E38/><V50/><F70/><W118/><G78/><N who="0" m="44495" /><D112/><U121/><E42/><V0/><F77/><W108/><G5/><T96/><D8/><U67/><E67/><V124/><F119/><W14/><G118/><T80/><D80/><U115/><E100/><V52/><F124/><N who="0" m="47658" /><D49/><U36/><E91/><V99/><F107/><W41/><G108/><T97/><D97/><U120/><E36/><V4/><F4/><W75/><G75/><T86/><D96/><U53/><E53/><V89/><REACH who="2" step="1"/><F0/><REACH who="2" ten="240,250,240,260" step="2"/><W11/><G135/><T79/><D79/><U63/><E125/><V58/><AGARI ba="0,1" hai="6,9,13,28,31,50,52,58,89,92,99,128,130,131" machi="58" ten="30,8000,1" yaku="1,1,2,1,0,1,19,1,54,1,53,0" doraHai="102" doraHaiUra="113" who="2" fromWho="2" sc="240,-20,250,-40,240,90,260,-20" /><INIT seed="2,0,0,0,0,52" ten="220,210,330,240" oya="2" hai0="122,78,86,29,25,93,66,19,100,56,98,15,114" hai1="102,124,12,39,111,130,81,113,95,61,91,90,28" hai2="118,123,41,18,54,4,43,20,116,27,119,117,21" hai3="127,36,62,99,37,40,109,0,7,22,73,16,71"/><V87/><F123/><W55/><G73/><T17/><D122/><U10/><E39/><V34/><F34/><W134/><G109/><T84/><D114/><U45/><E111/><V101/><F101/><W9/><G127/><T108/><D108/><U13/><E113/><V126/><F126/><W3/><G3/><T44/><D44/><U72/><E124/><V58/><F4/><W68/><G134/><T57/><D66/><U125/><E125/><V38/><F38/><W6/><G6/><T88/><D78/><U2/><E2/><V129/><F129/><W63/><G99/><T46/><D46/><U105/><E105/><V92/><N who="2" m="29696" /><DORA hai="51" /><V74/><F74/><W135/><G135/><T11/><D19/><U128/><E28/><V35/><F21/><W48/><G40/><T79/><D79/><U121/><E61/><V60/><REACH who="2" step="1"/><F35/><REACH who="2" ten="220,210,320,240" step="2"/><W112/><G112/><T23/><REACH who="0" step="1"/><D86/><REACH who="0" ten="210,210,320,240" step="2"/><U77/><E121/><V96/><F96/><W1/><G37/><T97/><D97/><U75/><E72/><V104/><F104/><AGARI ba="0,2" hai="11,15,17,23,25,29,56,57,84,88,93,98,100,104" machi="104" ten="30,12000,2" yaku="1,1,7,1,52,2,54,1,53,1" doraHai="52,51" doraHaiUra="120,83" who="0" fromWho="2" sc="210,140,210,0,320,-120,240,0" /><INIT seed="3,0,0,0,2,36" ten="350,210,200,240" oya="3" hai0="134,103,65,76,4,129,132,72,43,13,60,40,38" hai1="114,11,51,82,118,109,34,69,47,85,2,113,110" hai2="79,125,86,100,81,66,19,135,29,108,112,22,115" hai3="91,50,131,26,77,94,73,1,111,70,105,54,18"/><W80/><G70/><T93/><D129/><U33/><E69/><V30/><F125/><W62/><G1/><T57/><D38/><U88/><E118/><V106/><F135/><N who="0" m="51754" /><D76/><U116/><E116/><V84/><F108/><N who="1" m="41577" /><E11/><V16/><F66/><W98/><G105/><T41/><D72/><U96/><E96/><V24/><F86/><W10/><G50/><T119/><D119/><U52/><E2/><V102/><F29/><W12/><G26/><T121/><D121/><U64/><E64/><V21/><F30/><W0/><G111/><T68/><D57/><U44/><E44/><V126/><F126/><W48/><G62/><T74/><D74/><U130/><E130/><V58/><F58/><W49/><G0/><T104/><D93/><U67/><E67/><V9/><F9/><W5/><G131/><T6/><D13/><U31/><E31/><V46/><F46/><W127/><G127/><T97/><AGARI ba="0,0" hai="4,6,40,41,43,60,65,68,97,103,104" m="51754" machi="97" ten="40,8000,1" yaku="20,1,52,3" doraHai="36" who="0" fromWho="0" sc="350,80,210,-20,200,-20,240,-40" owari="430,53.0,190,-21.0,180,-32.0,200,0.0" /></mjloggm>