<mjloggm ver="2.3"><GO type="225" lobby="0"/><UN n0="%4B%2E%32%2E%4B%2E" n1="%E7%AD%89%E3%80%85%E5%8A%9B%E5%8A%87%E5%A0%B4" n2="%6D%75%75%6D%75%72%61" n3="%E3%81%A9%E3%82%93%E3%82%88%E3%81%8F%4D%6B%2E%32" dan="17,16,16,16" rate="2249.57,2181.21,2152.33,2166.17" sx="M,M,F,M"/><TAIKYOKU oya="0"/><INIT seed="0,0,0,2,1,67" ten="250,250,250,250" oya="0" hai0="49,117,25,103,135,131,51,13,73,77,42,37,79" hai1="70,6,122,22,110,96,44,14,60,61,101,120,134" hai2="38,129,133,63,62,20,89,78,92,48,11,127,66" hai3="97,114,81,108,64,84,29,4,72,30,8,0,75"/><T53/><D117/><U65/><E110/><V18/><F38/><W32/><G114/><T124/><D124/><U54/><E134/><V17/><F133/><W33/><G108/><T83/><D135/><U82/><E82/><V43/><F127/><W100/><G64/><T112/><D112/><U93/><E6/><V111/><F111/><W35/><G29/><T109/><D109/><U58/><E44/><N who="2" m="25631" /><F129/><W24/><G75/><T3/><D3/><U87/><REACH who="1" step="1"/><E87/><REACH who="1" ten="250,240,250,250" step="2"/><N who="2" m="52287" /><F78/><W36/><G36/><T86/><D131/><U9/><E9/><V119/><F119/><W85/><G85/><T40/><D79/><U56/><E56/><V59/><F63/><W95/><REACH who="3" step="1"/><G72/><REACH who="3" ten="250,240,250,240" step="2"/><T5/><D73/><U91/><E91/><AGARI ba="0,2" hai="0,4,8,24,30,32,33,35,81,84,91,95,97,100" machi="91" ten="30,7700,0" yaku="1,1,2,1,7,1,53,1" doraHai="67" doraHaiUra="94" who="3" fromWho="1" sc="250,0,240,-77,250,0,240,97" /><INIT seed="1,0,0,2,3,36" ten="250,163,250,337" oya="1" hai0="111,109,126,29,129,112,89,28,11,33,19,48,14" hai1="108,13,104,133,20,119,47,68,37,114,75,2,76" hai2="27,7,3,42,73,103,113,1,25,61,106,49,52" hai3="96,53,100,118,101,69,135,24,12,79,83,66,51"/><U123/><E13/><V35/><F113/><W30/><G118/><T121/><D112/><U131/><E20/><V60/><F73/><W99/><G135/><T81/><D126/><U128/><E47/><V8/><F1/><W91/><G66/><T127/><D127/><U5/><E5/><V18/><F42/><W87/><G69/><T46/><D129/><U54/><E54/><V84/><F84/><W124/><G12/><T80/><D121/><U64/><E64/><V58/><F25/><W102/><G124/><T0/><D0/><U110/><E76/><V23/><REACH who="2" step="1"/><F35/><REACH who="2" ten="250,163,240,337" step="2"/><W82/><G24/><T57/><D33/><U134/><E75/><V39/><F39/><W97/><G30/><T88/><D28/><U93/><E2/><V98/><AGARI ba="0,1" hai="3,7,8,18,23,27,49,52,58,60,61,98,103,106" machi="98" ten="30,4000,0" yaku="1,1,0,1,54,1,53,0" doraHai="36" doraHaiUra="90" who="2" fromWho="2" sc="250,-10,163,-20,240,50,337,-10" /><INIT seed="2,0,0,3,4,51" ten="240,143,290,327" oya="2" hai0="60,18,21,63,11,3,118,87,101,78,114,117,113" hai1="132,7,66,4,65,48,25,26,98,13,88,34,56" hai2="2,74,110,108,36,5,131,91,92,30,95,77,29" hai3="46,70,69,122,82,100,37,19,76,133,134,124,121"/><V32/><F131/><W130/><G100/><T106/><D106/><U57/><E34/><V73/><F36/><W107/><G107/><T93/><D101/><U123/><E132/><N who="3" m="50794" /><G19/><T55/><D93/><N who="2" m="35914" /><F91/><W72/><G130/><T10/><D87/><U50/><E13/><V31/><F32/><W59/><G59/><N who="0" m="34943" /><D63/><U39/><E39/><V85/><F85/><W49/><G37/><T79/><D79/><U111/><E111/><N who="2" m="42539" /><F77/><W96/><G96/><T75/><D78/><U40/><E40/><V103/><F103/><W15/><G15/><N who="0" m="9439" /><D75/><N who="2" m="28682" /><F2/><W54/><G124/><T81/><D81/><U99/><REACH who="1" step="1"/><E123/><AGARI ba="0,0" hai="46,49,54,69,70,72,76,82,121,122,123" m="50794" machi="123" ten="30,2000,0" yaku="20,1,52,1" doraHai="51" who="3" fromWho="1" sc="240,0,143,-20,290,0,327,20" /><INIT seed="3,0,0,3,3,9" ten="240,123,290,347" oya="3" hai0="69,87,46,79,75,3,48,53,2,15,62,1,128" hai1="13,38,65,93,123,132,103,36,105,10,26,107,108" hai2="122,98,29,33,21,83,57,80,86,31,120,7,37" hai3="61,72,76,43,55,58,64,56,94,102,63,8,12"/><W111/><G111/><T28/><D75/><U100/><E123/><N who="2" m="47147" /><F37/><W49/><G72/><T124/><D124/><U135/><E10/><V121/><F121/><W14/><G76/><T82/><D128/><U68/><E65/><V133/><F133/><W90/><G102/><T27/><D69/><U134/><E68/><V130/><F130/><W6/><G43/><T51/><D62/><U96/><E26/><N who="2" m="18615" /><F7/><W106/><G106/><T19/><D48/><U114/><E114/><V125/><F125/><W5/><G49/><T42/><D42/><U60/><E60/><V101/><F57/><W18/><G14/><T85/><D85/><AGARI ba="0,0" hai="5,6,8,12,18,55,56,58,61,63,64,85,90,94" machi="85" ten="30,5800,0" yaku="7,1,8,1,52,1" doraHai="9" who="3" fromWho="0" sc="240,-58,123,0,290,0,347,58" owari="182,-21.8,123,-37.7,290,9.0,405,50.5" /></mjloggm>