<mjloggm ver="2.3"><GO type="225" lobby="0"/><UN n0="%30%2E%31%32%30" n1="%E3%81%86%E3%83%BC%E3%81%B1%E3%83%BC" n2="%E3%83%B4%E3%83%A0%EF%BC%99%E3%81%A6" n3="%E3%81%AF%E3%82%88%E3%81%8A%E3%81%98%E3%81%95%E3%82%93" dan="16,17,17,17" rate="2138.19,2224.76,2145.42,2201.89" sx="M,F,M,M"/><TAIKYOKU oya="0"/><INIT seed="0,0,0,5,4,112" ten="250,250,250,250" oya="0" hai0="92,64,80,122,104,10,14,113,66,121,76,11,86" hai1="114,88,32,42,39,123,72,46,6,13,75,43,55" hai2="49,38,20,26,68,22,17,109,65,69,52,18,44" hai3="131,128,34,24,87,100,91,101,63,135,30,45,41"/><T89/><D104/><U77/><E123/><V33/><F109/><W127/><G127/><T27/><D113/><U95/><E114/><V93/><F33/><W84/><G135/><T70/><D27/><U115/><E115/><V54/><F38/><W106/><G63/><T28/><D28/><U60/><E43/><V15/><F65/><W50/><G87/><T19/><D66/><U83/><E32/><V73/><F73/><W35/><G34/><T0/><D64/><U107/><E107/><V119/><F119/><W23/><G35/><T124/><D70/><U1/><E13/><V21/><F21/><W40/><G41/><T81/><D81/><U102/><E102/><V130/><F130/><N who="3" m="49707" /><G106/><T103/><D103/><U58/><E75/><V2/><F2/><W78/><G78/><T82/><D82/><AGARI ba="0,0" hai="23,24,30,40,45,50,82,84,91,100,101" m="49707" machi="82" ten="30,1000,0" yaku="19,1" doraHai="112" who="3" fromWho="0" sc="250,-10,250,0,250,0,250,10" /><INIT seed="1,0,0,0,2,130" ten="240,250,250,260" oya="1" hai0="4,2,51,100,62,124,94,104,119,88,74,10,33" hai1="22,114,11,120,84,105,96,68,121,99,12,29,81" hai2="78,95,8,107,38,102,57,132,113,1,19,61,50" hai3="73,117,16,17,79,3,75,110,20,92,103,85,122"/><U109/><E68/><V44/><F107/><W0/><G122/><T24/><D74/><U72/><E72/><V77/><F113/><W56/><G110/><T30/><D124/><U52/><E114/><V123/><F38/><W106/><G117/><T28/><D28/><U45/><E105/><V60/><F123/><W21/><G106/><T93/><D119/><U64/><E64/><V86/><F1/><W42/><G42/><T118/><D118/><U18/><E109/><V76/><F57/><W90/><G103/><T89/><D62/><U70/><E70/><V128/><F128/><W69/><G69/><T80/><D80/><U59/><E45/><V25/><F25/><W32/><G32/><T31/><D31/><U26/><E121/><V108/><F108/><W101/><G101/><T7/><D7/><U126/><E126/><V13/><F86/><W9/><G56/><T48/><D104/><U133/><E133/><V58/><F58/><W34/><G34/><T87/><REACH who="0" step="1"/><D100/><REACH who="0" ten="230,250,250,260" step="2"/><U41/><E120/><V23/><F61/><W40/><G75/><T65/><D65/><U55/><E41/><V71/><F60/><W135/><G40/><T116/><D116/><U82/><E82/><V134/><F71/><W127/><G73/><T91/><D91/><N who="1" m="51599" /><E55/><N who="2" m="30151" /><F102/><W39/><G127/><T43/><D43/><U63/><AGARI ba="0,1" hai="11,12,18,22,26,29,52,59,63,96,99" m="51599" machi="63" ten="30,3000,0" yaku="8,1,54,1" doraHai="130" who="1" fromWho="1" sc="230,-10,250,40,250,-10,260,-10" /><INIT seed="1,1,0,5,5,132" ten="220,290,240,250" oya="1" hai0="77,105,135,68,3,71,113,95,129,130,6,109,107" hai1="40,5,86,79,60,61,80,103,31,50,48,43,76" hai2="45,53,51,15,67,52,88,87,123,26,39,59,18" hai3="4,126,34,21,23,93,115,125,55,74,10,30,83"/><U0/><E31/><V134/><F134/><W11/><G115/><T49/><D135/><U128/><E128/><N who="0" m="49257" /><D113/><U89/><E0/><V37/><F123/><W17/><G93/><T1/><D95/><U2/><E2/><N who="0" m="521" /><D6/><U120/><E120/><V106/><F106/><N who="0" m="40458" /><D49/><N who="1" m="19051" /><E103/><V41/><F37/><W94/><G94/><T117/><D117/><U90/><E5/><V124/><F26/><N who="3" m="18775" /><G4/><T29/><D29/><U19/><E19/><V36/><F36/><W47/><G47/><T44/><D44/><U133/><E133/><V24/><F24/><W91/><G17/><T33/><D33/><U32/><E32/><V7/><F7/><W28/><G28/><T119/><D119/><U118/><E118/><V104/><F104/><W73/><G83/><T85/><D109/><U122/><E122/><V98/><F98/><W112/><G112/><T97/><D97/><U69/><E90/><V57/><F39/><W92/><G91/><T131/><N who="0" m="49265" /><T81/><AGARI ba="1,0" hai="68,71,77,81,85" m="40458,521,49265" machi="81" ten="50,3200,0" yaku="4,1,19,1" doraHai="132" who="0" fromWho="0" sc="220,35,290,-17,240,-9,250,-9" /><INIT seed="2,0,0,4,3,78" ten="255,273,231,241" oya="2" hai0="105,58,113,1,52,3,87,101,4,44,86,75,29" hai1="99,66,15,39,34,42,103,77,128,96,54,102,71" hai2="123,23,131,73,72,67,14,115,36,106,119,133,124" hai3="100,47,90,0,48,62,17,22,122,11,19,93,26"/><V7/><RYUUKYOKU type="yao9" ba="0,0" sc="255,0,273,0,231,0,241,0" hai2="7,14,23,36,67,72,73,106,115,119,123,124,131,133" /><INIT seed="2,1,0,4,3,94" ten="255,273,231,241" oya="2" hai0="113,57,13,59,117,106,64,97,23,4,9,8,48" hai1="47,103,80,58,1,120,6,40,45,124,132,54,133" hai2="77,51,85,69,135,116,129,122,11,49,42,14,66" hai3="83,92,102,61,5,18,22,12,82,119,72,52,104"/><V112/><F116/><W111/><G119/><T68/><D117/><U123/><E6/><V99/><F112/><W28/><G111/><T76/><D113/><U65/><E1/><V127/><F122/><N who="1" m="46633" /><E124/><V43/><F127/><W30/><G104/><T87/><D23/><U91/><E65/><V3/><F3/><W101/><G5/><T26/><D26/><U24/><E24/><V25/><F129/><W73/><G72/><T86/><D64/><U55/><E103/><N who="3" m="39434" /><G73/><T125/><D125/><U109/><E109/><V110/><F110/><W118/><G118/><T128/><D128/><U89/><E80/><N who="3" m="30762" /><G92/><T134/><D106/><U10/><E10/><V62/><F11/><W2/><G2/><T19/><D8/><U100/><E100/><V114/><F114/><W75/><G75/><T90/><D4/><U29/><E91/><V7/><F7/><W32/><G32/><T63/><D68/><U35/><E89/><V79/><F79/><W70/><G70/><T17/><D76/><U115/><E115/><V50/><F77/><W67/><G67/><T93/><D134/><U36/><E35/><V107/><F135/><W60/><G60/><T41/><D63/><N who="1" m="36311" /><E29/><V126/><F126/><W27/><G27/><T33/><D33/><U46/><E55/><V108/><F108/><W37/><G37/><T16/><D9/><U98/><E36/><V88/><F25/><W74/><G74/><T105/><D105/><U20/><E133/><V39/><F39/><W95/><G95/><T81/><D81/><U84/><E132/><V78/><F69/><W121/><G121/><RYUUKYOKU ba="1,0" sc="255,-10,273,-10,231,-10,241,30" hai3="12,18,22,28,30,52,61" /><INIT seed="3,2,0,1,3,77" ten="245,263,221,271" oya="3" hai0="117,34,81,101,28,21,97,109,82,46,89,59,36" hai1="103,71,53,90,32,129,80,15,110,98,52,22,78" hai2="91,102,37,130,113,121,64,19,100,29,13,133,6" hai3="47,135,99,51,74,111,107,2,11,105,7,95,123"/><W62/><G123/><T5/><D34/><U27/><E71/><V115/><F37/><W61/><G74/><T43/><D117/><U3/><E3/><V75/><F75/><W65/><G135/><T20/><D109/><U116/><E110/><V124/><F133/><W45/><G111/><T33/><D5/><U25/><E32/><V126/><F130/><W84/><G84/><T94/><D59/><U73/><E90/><V69/><F6/><W50/><G50/><T120/><D120/><U87/><E73/><V17/><F29/><W92/><G92/><T134/><D134/><U31/><E27/><V8/><F121/><W4/><G4/><T86/><REACH who="0" step="1"/><D82/><REACH who="0" ten="235,263,221,271" step="2"/><U131/><E116/><V54/><F113/><W41/><G7/><T119/><D119/><U125/><E125/><V10/><F115/><W44/><G2/><T132/><D132/><U60/><E60/><V49/><F126/><W83/><G62/><T106/><D106/><U128/><E15/><V96/><F124/><W63/><G61/><T57/><D57/><U55/><E128/><V58/><F69/><W72/><G63/><T26/><AGARI ba="2,1" hai="20,21,26,28,33,36,43,46,81,86,89,94,97,101" machi="26" ten="30,4000,0" yaku="1,1,0,1,52,1,53,0" doraHai="77" doraHaiUra="114" who="0" fromWho="0" sc="235,56,263,-12,221,-12,271,-22" /><INIT seed="4,0,0,1,4,129" ten="291,251,209,249" oya="0" hai0="65,90,13,83,102,55,22,122,54,19,15,112,111" hai1="53,9,63,62,71,10,17,27,103,121,77,135,52" hai2="44,75,78,61,23,58,95,39,100,82,72,3,81" hai3="48,86,118,50,1,49,106,41,84,68,126,37,20"/><T70/><D122/><U6/><E121/><V66/><F3/><W11/><G118/><T0/><D0/><U2/><E135/><V131/><F131/><W45/><G106/><T93/><D112/><U104/><E77/><V115/><F115/><W97/><G68/><T108/><D102/><U110/><E110/><N who="0" m="42025" /><D83/><U127/><E127/><V109/><F109/><W107/><G126/><T124/><D124/><U89/><E89/><V134/><F134/><W18/><G97/><N who="0" m="57527" /><D13/><U116/><E103/><V4/><F81/><W67/><G67/><T34/><D34/><U26/><E2/><V69/><F69/><W56/><G56/><T47/><D47/><U114/><E71/><V105/><F105/><W64/><G64/><T99/><D99/><U35/><E35/><V42/><F4/><W59/><G59/><T128/><D128/><U87/><E6/><V8/><F8/><W96/><G96/><T31/><D31/><U119/><E104/><V79/><F95/><W91/><G107/><T74/><D74/><U132/><E114/><V88/><F100/><W113/><G113/><T43/><D43/><U46/><E132/><V25/><F78/><W123/><G123/><T94/><D94/><U24/><E46/><V21/><F72/><W125/><G125/><T38/><D38/><U12/><E87/><V130/><F130/><W92/><G86/><T133/><D133/><U16/><E27/><V120/><F120/><W57/><G57/><T85/><D85/><U117/><E117/><V14/><F88/><W29/><G49/><T30/><D30/><U76/><E76/><RYUUKYOKU ba="0,0" sc="291,15,251,15,209,-15,249,-15" hai0="15,19,22,54,55,65,70" hai1="9,10,12,16,17,24,26,52,53,62,63,116,119" owari="306,40.6,266,6.6,194,-30.6,234,-16.6" /></mjloggm>