<mjloggm ver="2.3"><GO type="225" lobby="0"/><UN n0="%4E%49%4A%49%49%52%4F" n1="%E3%81%A6%E3%81%A4%EF%BC%A3" n2="%E5%A4%96%E5%B7%9D%E7%AB%9C%E6%88%90" n3="%E3%81%8F%E3%82%8A%E3%83%94%E3%83%BC" dan="16,16,16,16" rate="2169.34,2081.46,2128.12,2081.56" sx="M,M,M,M"/><TAIKYOKU oya="0"/><INIT seed="0,0,0,3,3,103" ten="250,250,250,250" oya="0" hai0="16,127,105,4,59,10,77,126,42,98,61,125,111" hai1="107,74,30,81,106,9,97,32,5,114,100,68,72" hai2="24,89,15,104,52,123,2,93,39,17,109,11,102" hai3="53,87,113,65,115,130,69,22,14,67,86,7,50"/><T40/><D77/><N who="1" m="44199" /><E114/><V121/><F39/><W0/><G130/><T75/><D75/><U1/><E74/><V48/><F109/><W135/><G135/><T20/><D111/><U133/><E133/><V6/><F24/><W129/><G0/><T73/><D73/><U13/><E13/><V41/><F41/><W117/><G117/><T96/><D10/><U26/><E107/><V122/><F102/><W8/><G129/><T27/><D4/><U108/><E108/><V85/><F104/><W35/><G35/><T3/><D3/><U134/><E134/><V25/><F25/><W58/><G69/><AGARI ba="0,0" hai="1,5,9,26,30,32,68,69,97,100,106" m="44199" machi="69" ten="30,3900,0" yaku="33,2,52,1" doraHai="103" who="1" fromWho="3" sc="250,0,250,39,250,0,250,-39" /><INIT seed="1,0,0,2,4,12" ten="250,289,250,211" oya="1" hai0="8,49,119,99,98,14,47,93,37,112,132,127,4" hai1="77,50,13,65,68,73,56,109,0,133,110,11,59" hai2="122,10,45,23,113,95,91,33,43,88,15,6,71" hai3="100,29,58,108,60,81,79,40,32,17,123,115,131"/><U19/><E133/><V97/><F122/><W78/><G123/><T53/><D119/><U27/><E68/><V125/><F71/><W114/><G108/><N who="1" m="41578" /><E0/><V80/><F33/><W134/><G131/><T86/><D112/><U85/><E73/><V83/><F113/><W117/><G134/><T46/><D132/><U101/><E101/><V92/><F125/><W24/><G79/><T42/><D127/><U3/><E3/><V57/><F23/><W52/><G117/><T72/><D72/><U128/><E128/><V20/><F20/><W2/><G2/><T84/><REACH who="0" step="1"/><D99/><REACH who="0" ten="240,289,250,211" step="2"/><U7/><E65/><V126/><F126/><W39/><G115/><T21/><D21/><N who="1" m="13759" /><E50/><V26/><F26/><W111/><G114/><T25/><D25/><U89/><E77/><V61/><F43/><W118/><G40/><T67/><D67/><U75/><E75/><V82/><F45/><W44/><G44/><T69/><D69/><U18/><E7/><V105/><F105/><W41/><G41/><T28/><D28/><U121/><E121/><V5/><F5/><W34/><G29/><T135/><D135/><U96/><E96/><V130/><F130/><W116/><G111/><T31/><D31/><U48/><E48/><V129/><F129/><W55/><G118/><T66/><D66/><U107/><E107/><V106/><F106/><W36/><G116/><T104/><D104/><U9/><E9/><V64/><REACH who="2" step="1"/><F97/><REACH who="2" ten="240,289,240,211" step="2"/><W38/><G32/><T51/><D51/><U124/><E124/><V94/><AGARI ba="0,2" hai="6,10,15,57,61,64,80,82,83,88,91,92,94,95" machi="94" ten="30,8000,1" yaku="1,1,2,1,0,1,8,1,54,1,53,0" doraHai="12" doraHaiUra="30" who="2" fromWho="2" sc="240,-20,289,-40,240,100,211,-20" /><INIT seed="2,0,0,2,0,71" ten="220,249,340,191" oya="2" hai0="43,25,50,97,20,58,23,89,85,114,112,132,116" hai1="57,79,74,119,1,55,126,82,99,4,60,44,92" hai2="118,100,80,109,101,6,41,135,133,53,110,78,30" hai3="70,67,107,111,37,131,124,14,105,75,88,56,12"/><V117/><F6/><W11/><G70/><T26/><D132/><N who="2" m="50762" /><F30/><W98/><G75/><T122/><D122/><U104/><E119/><N who="2" m="45579" /><F53/><W63/><G111/><N who="2" m="42505" /><F41/><W32/><G32/><T28/><D43/><U129/><E126/><V64/><F64/><W81/><G124/><T59/><D116/><U127/><E129/><V15/><F15/><W19/><G131/><T52/><D97/><U95/><E127/><V62/><F62/><W47/><G14/><T33/><D33/><U39/><E4/><V61/><F61/><W90/><G47/><T38/><D59/><U91/><E1/><V18/><F18/><W2/><G2/><T21/><D21/><U120/><E120/><V130/><F130/><W42/><G42/><T103/><D38/><U93/><E39/><V65/><F65/><W54/><G67/><T0/><D0/><U123/><E123/><V84/><AGARI ba="0,0" hai="78,80,84,100,101" m="42505,45579,50762" machi="84" ten="40,12000,1" yaku="20,1,14,1,10,1,34,2" doraHai="71" who="2" fromWho="2" sc="220,-40,249,-40,340,120,191,-40" /><INIT seed="2,1,0,1,5,116" ten="180,209,460,151" oya="2" hai0="124,56,104,13,93,74,102,1,114,129,65,128,47" hai1="19,54,123,89,57,76,70,43,55,28,120,12,10" hai2="46,61,72,40,107,11,90,132,6,105,117,44,59" hai3="51,66,83,71,108,126,15,58,25,8,121,122,100"/><V81/><F117/><W101/><G71/><T24/><D1/><U17/><E70/><V77/><F132/><W75/><G108/><T41/><D114/><U48/><E76/><V109/><F90/><W86/><G75/><T68/><D68/><U38/><E28/><V62/><F46/><W64/><G126/><T112/><D74/><U34/><E34/><V92/><F92/><W85/><G25/><T45/><D104/><U35/><E35/><V26/><F26/><W78/><G86/><T99/><D112/><U79/><E79/><V3/><F109/><W88/><G78/><T80/><D124/><U119/><E119/><V33/><F33/><W14/><G14/><T113/><D113/><U16/><E89/><V20/><F20/><W130/><G130/><N who="0" m="50283" /><D80/><U91/><E91/><V110/><F110/><W103/><G51/><T94/><D94/><U115/><E115/><V18/><F18/><W95/><G95/><T52/><D65/><U5/><REACH who="1" step="1"/><E54/><REACH who="1" ten="180,199,460,151" step="2"/><V30/><F30/><W31/><G31/><T42/><D24/><U106/><E106/><V0/><F107/><W82/><G82/><T22/><D42/><U98/><E98/><V21/><F40/><W87/><G87/><T133/><D41/><U63/><E63/><V60/><F62/><W97/><G97/><T4/><D133/><U50/><E50/><V27/><F61/><N who="3" m="37943" /><G66/><T131/><D131/><U96/><E96/><V37/><F60/><W125/><G125/><T73/><D99/><U32/><E32/><V111/><F81/><W53/><G53/><T127/><D52/><U9/><E9/><RYUUKYOKU ba="1,1" sc="180,-15,199,15,460,-15,151,15" hai1="5,10,12,16,17,19,38,43,48,55,57,120,123" hai3="8,15,83,85,88,100,101,103,121,122" /><INIT seed="3,2,1,4,2,30" ten="165,214,445,166" oya="3" hai0="56,44,39,47,62,130,4,81,57,33,69,135,59" hai1="116,134,22,99,1,10,88,125,131,122,121,104,76" hai2="68,36,75,51,89,46,110,86,72,82,112,129,94" hai3="41,17,93,60,42,52,29,27,128,85,13,49,16"/><W98/><G128/><T65/><D4/><U102/><E131/><V20/><F129/><W117/><G117/><T87/><D130/><U26/><E116/><V115/><F36/><W83/><G60/><T114/><D135/><U91/><E134/><V24/><F68/><W96/><G27/><T2/><D2/><U80/><E125/><V50/><F50/><W92/><G29/><T14/><D114/><U113/><E113/><V38/><F38/><W79/><G93/><T95/><D95/><U21/><E21/><V8/><F8/><N who="3" m="6183" /><G17/><T133/><D133/><U101/><E101/><V64/><F24/><W15/><G15/><T100/><D100/><U132/><E132/><V119/><F94/><W31/><G31/><T37/><D33/><U123/><E10/><V90/><F119/><W11/><G11/><T40/><D14/><U107/><E1/><V48/><F20/><W124/><G124/><T63/><D87/><U6/><E6/><V111/><F86/><W34/><G34/><T55/><D81/><U70/><E70/><V126/><F126/><W58/><G98/><T7/><D7/><U12/><E12/><V97/><F97/><W9/><G9/><T73/><D73/><U61/><E61/><V53/><F111/><W105/><G105/><T120/><D120/><U108/><E108/><V71/><F110/><W25/><G25/><T103/><D103/><AGARI ba="2,1" hai="41,42,49,52,58,79,83,85,92,96,103" m="6183" machi="103" ten="30,5800,0" yaku="8,1,54,2" doraHai="30" who="3" fromWho="0" sc="165,-64,214,0,445,0,166,74" /><INIT seed="3,3,0,1,2,66" ten="101,214,445,240" oya="3" hai0="123,91,29,117,131,83,122,130,84,95,2,115,19" hai1="98,111,28,71,80,113,40,31,13,74,12,82,60" hai2="132,48,94,97,78,67,53,106,81,129,118,47,104" hai3="107,15,52,37,42,41,109,90,100,134,32,96,125"/><W103/><G32/><T38/><D2/><U75/><E111/><V85/><F118/><W51/><G103/><T4/><D38/><U22/><E113/><V55/><F67/><W88/><G109/><T0/><D0/><U114/><E40/><V62/><F129/><W70/><G70/><T35/><D4/><U87/><E98/><V34/><F34/><W126/><G15/><T54/><D54/><U43/><E43/><N who="3" m="16394" /><G37/><T8/><D8/><U135/><E60/><V25/><F25/><W77/><G77/><T6/><D19/><U79/><E135/><V3/><F3/><W46/><G134/><T21/><D21/><U1/><E1/><V59/><F132/><W39/><G39/><T69/><D6/><U93/><E114/><V5/><F5/><W133/><G133/><T56/><D56/><U110/><E110/><V61/><F61/><W124/><AGARI ba="3,0" hai="46,51,52,88,90,96,100,107,124,125,126" m="16394" machi="124" ten="40,7800,0" yaku="18,1,54,2" doraHai="66" who="3" fromWho="3" sc="101,-29,214,-29,445,-29,240,87" /><INIT seed="3,4,0,2,3,50" ten="72,185,416,327" oya="3" hai0="2,109,85,41,69,17,93,98,86,128,40,51,94" hai1="37,61,96,133,71,67,56,105,38,91,83,20,60" hai2="14,3,8,107,7,113,66,132,115,87,73,123,106" hai3="78,9,84,68,21,89,42,52,0,30,29,125,55"/><W70/><G70/><T131/><D2/><U102/><E133/><V80/><F132/><W49/><G68/><T122/><D69/><U76/><E91/><V88/><F66/><W111/><G0/><T64/><D64/><U28/><E20/><V11/><F73/><W12/><G125/><T79/><D51/><U39/><E60/><V130/><F130/><W101/><G101/><T57/><D57/><U124/><E56/><V10/><F123/><W18/><G78/><T97/><D79/><U81/><E81/><V118/><F118/><W34/><G34/><T74/><D122/><U31/><E31/><N who="3" m="11786" /><G111/><T116/><D74/><N who="1" m="43415" /><E28/><V117/><F117/><W46/><G21/><T92/><D116/><U24/><E24/><V90/><F10/><W112/><G112/><T75/><D75/><U108/><E108/><V100/><F100/><W127/><G127/><AGARI ba="4,0" hai="37,38,39,61,67,71,96,102,105,124,127" m="43415" machi="127" ten="40,1300,0" yaku="23,1" doraHai="50" who="1" fromWho="3" sc="72,0,185,25,416,0,327,-25" owari="72,-42.8,210,-19.0,416,51.6,302,10.2" /></mjloggm>