<mjloggm ver="2.3"><GO type="225" lobby="0"/><UN n0="%E3%82%A2%E3%82%A4%E3%82%B9%E3%83%86%E3%82%A3%E3%83%BC%E3%81%82%E3%81%B9" n1="%E3%82%B2%E3%82%B9%E8%8C%82%E5%8B%9D" n2="%E3%81%99%E3%81%84%E3%81%BE%E3%81%9B%E3%83%BC%E3%82%93" n3="%48%61%61%61%6C%61%6E%64" dan="16,16,17,18" rate="2128.16,2043.79,2253.43,2197.34" sx="M,F,M,M"/><TAIKYOKU oya="0"/><INIT seed="0,0,0,4,1,28" ten="250,250,250,250" oya="0" hai0="1,16,121,59,86,32,48,34,83,43,56,30,40" hai1="85,133,49,52,93,20,37,82,89,107,66,38,105" hai2="7,84,27,65,100,0,87,99,46,21,4,119,44" hai3="57,26,63,22,94,64,76,118,6,24,132,2,124"/><T73/><D73/><U80/><E133/><V130/><F130/><W120/><G118/><T98/><D121/><U97/><E66/><V17/><F119/><W113/><G113/><T45/><D1/><U88/><E80/><V69/><F65/><W41/><G132/><T25/><D43/><U108/><E108/><V101/><F69/><W53/><G120/><T102/><D34/><U135/><E135/><V31/><F100/><W74/><G124/><T71/><D71/><U104/><REACH who="1" step="1"/><E20/><REACH who="1" ten="250,240,250,250" step="2"/><V33/><F21/><W110/><G22/><T122/><D122/><U3/><E3/><V103/><F0/><W126/><G64/><T112/><D112/><U54/><E54/><V42/><F42/><W77/><G41/><T9/><D9/><U81/><E81/><V78/><F33/><W114/><G53/><T62/><D62/><U111/><E111/><V13/><F78/><W39/><G77/><T58/><D16/><U128/><E128/><V75/><F17/><W10/><G2/><T117/><D117/><U106/><N who="1" m="26624" /><DORA hai="123" /><U18/><E18/><V15/><F31/><W127/><G110/><T91/><D59/><AGARI ba="0,1" hai="37,38,49,52,59,82,85,88,89,93,97" m="26624" machi="59" ten="70,8000,1" yaku="1,1,54,2,53,1" doraHai="28,123" doraHaiUra="67,95" who="1" fromWho="0" sc="250,-80,240,90,250,0,250,0" /><INIT seed="1,0,0,1,1,128" ten="170,330,250,250" oya="1" hai0="34,85,104,82,35,112,126,13,122,45,114,57,8" hai1="81,62,59,84,36,25,41,28,99,98,120,94,12" hai2="4,91,58,105,134,118,103,19,131,69,96,111,47" hai3="115,54,39,108,6,90,10,77,72,23,24,14,9"/><U129/><E129/><V17/><F69/><W20/><G115/><T124/><D45/><U7/><E120/><V102/><F131/><W40/><G108/><T22/><D57/><U50/><E36/><V80/><F118/><W1/><G90/><T93/><D93/><U26/><E50/><V79/><F111/><W44/><G54/><T65/><D65/><U100/><E98/><V0/><F102/><W60/><G60/><T123/><D82/><U97/><E97/><V3/><F91/><W30/><G72/><T31/><D85/><U113/><E41/><V119/><F119/><W2/><G77/><T109/><D104/><U5/><E113/><N who="0" m="43625" /><D22/><N who="1" m="15415" /><E12/><V67/><F96/><W66/><G39/><T33/><D31/><U86/><E26/><V64/><F103/><W37/><G40/><T117/><D109/><U106/><E106/><V16/><F105/><W21/><G37/><T49/><D49/><U46/><E46/><V87/><F47/><W38/><G38/><T110/><D117/><U32/><E32/><N who="0" m="8193" /><T92/><DORA hai="29" /><D92/><U127/><E86/><V75/><F87/><W116/><G44/><T53/><D53/><U56/><E59/><V89/><F58/><W15/><G116/><T70/><D70/><U83/><E81/><V133/><F80/><W73/><G66/><T27/><D27/><U48/><E84/><V76/><F67/><W95/><G95/><T107/><D110/><U88/><E83/><V101/><F64/><W71/><G71/><T18/><D107/><U135/><E94/><V125/><F75/><W68/><G73/><T121/><AGARI ba="0,0" hai="8,13,18,121,122,123,124,126" m="8193,43625" machi="121" ten="60,16000,3" yaku="5,1,13,1,34,2,52,4" doraHai="128,29" who="0" fromWho="0" sc="170,160,330,-80,250,-40,250,-40" /><INIT seed="2,0,0,0,4,86" ten="330,250,210,210" oya="2" hai0="105,82,80,8,115,76,50,71,74,7,13,85,104" hai1="19,29,65,23,67,54,0,107,12,72,106,77,112" hai2="42,61,56,92,87,113,89,94,70,127,14,68,123" hai3="118,69,57,47,49,24,66,38,59,120,21,133,110"/><V130/><F113/><W62/><G118/><T73/><D71/><U39/><E39/><V18/><F123/><W121/><G110/><T119/><D119/><U25/><E112/><V6/><F130/><W95/><G133/><T124/><D124/><U26/><E0/><V81/><F127/><W84/><G38/><T1/><D115/><U48/><E26/><V75/><F70/><W45/><G120/><T93/><D1/><U15/><E15/><V35/><F68/><W17/><G121/><T51/><D93/><U126/><E126/><V103/><F35/><W41/><REACH who="3" step="1"/><G47/><REACH who="3" ten="330,250,210,200" step="2"/><T109/><D109/><U33/><E106/><V63/><F56/><W40/><G40/><T111/><D111/><U83/><E107/><V52/><F42/><W79/><G79/><T98/><D105/><U116/><E116/><V125/><F125/><W102/><G102/><T78/><D85/><U134/><E134/><V5/><F103/><AGARI ba="0,1" hai="7,8,13,50,51,73,74,76,78,80,82,98,103,104" machi="103" ten="40,1300,0" yaku="9,1" doraHai="86" who="0" fromWho="2" sc="330,23,250,0,210,-13,200,0" /><INIT seed="3,0,0,0,3,7" ten="353,250,197,200" oya="3" hai0="113,81,8,126,104,13,12,1,78,4,63,11,58" hai1="114,128,33,54,19,43,96,106,116,83,111,108,73" hai2="89,71,72,22,64,66,35,99,90,127,125,6,79" hai3="80,59,67,92,105,135,130,85,9,68,25,82,75"/><W94/><G105/><T97/><D126/><N who="2" m="48138" /><F35/><W53/><G130/><T56/><D113/><U109/><E128/><V45/><F6/><W87/><G75/><T119/><D119/><U2/><E114/><V74/><F45/><W112/><G68/><T28/><D28/><U42/><E116/><V76/><F22/><W52/><G112/><T38/><D38/><U32/><E2/><V27/><F27/><W103/><G135/><T62/><D1/><U123/><E123/><V134/><F134/><W48/><G25/><T5/><D97/><U86/><E73/><N who="2" m="28267" /><F99/><N who="3" m="59879" /><G67/><N who="2" m="25641" /><F71/><W24/><G24/><T65/><D104/><U0/><E0/><V122/><F122/><W50/><G9/><T21/><D21/><U41/><E19/><V117/><F117/><W115/><G115/><T121/><D121/><U61/><E96/><V124/><N who="2" m="48146" /><V132/><DORA hai="31" /><F132/><W37/><G37/><T57/><D65/><U20/><E106/><V129/><F129/><W77/><G94/><T16/><D16/><U60/><E20/><V95/><F95/><W17/><G17/><T34/><D34/><N who="1" m="13419" /><E54/><N who="3" m="21098" /><G59/><T40/><D58/><U133/><E133/><V47/><F47/><W88/><AGARI ba="0,0" hai="48,50,77,80,82,85,87,88" m="21098,59879" machi="88" ten="30,6000,0" yaku="8,1,54,2" doraHai="7,31" who="3" fromWho="3" sc="353,-20,250,-20,197,-20,200,60" /><INIT seed="3,1,0,2,4,39" ten="333,230,177,260" oya="3" hai0="88,69,11,63,40,60,34,42,21,75,115,43,47" hai1="31,71,10,120,26,97,74,119,23,2,36,113,61" hai2="73,35,92,118,59,106,114,44,49,33,85,102,111" hai3="37,127,121,4,67,130,66,100,48,53,123,94,6"/><W89/><G37/><T3/><D34/><U104/><E113/><V82/><F114/><W78/><G127/><T135/><D115/><U90/><E120/><V22/><F118/><W55/><G130/><T56/><D75/><U51/><E36/><V109/><F59/><W124/><G124/><T70/><D3/><U15/><E2/><V7/><F7/><W30/><G78/><T12/><D70/><U99/><E119/><V126/><F126/><W45/><G100/><T83/><D69/><U64/><E74/><V9/><F9/><W1/><G30/><T16/><D135/><U13/><E104/><V110/><F106/><W50/><G1/><T93/><D83/><U0/><E0/><V133/><F133/><W38/><G38/><T91/><D91/><U20/><E90/><V81/><F22/><W58/><G121/><T87/><D47/><U86/><E86/><V134/><F134/><W76/><G76/><T52/><D63/><U125/><E125/><V29/><F73/><W28/><G28/><T116/><D116/><U77/><E20/><AGARI ba="1,0" hai="11,12,16,20,21,40,42,43,52,56,60,87,88,93" machi="20" ten="40,12000,2" yaku="8,1,52,3,54,3" doraHai="39" who="0" fromWho="1" sc="333,123,230,-123,177,0,260,0" owari="456,55.6,107,-39.3,177,-22.3,260,6.0" /></mjloggm>