<mjloggm ver="2.3"><GO type="225" lobby="0"/><UN n0="%47%32%E9%BE%8D%E9%96%80" n1="%E5%B8%86%E7%AB%8B%E5%A4%8F%E8%A1%A3" n2="%72%61%6B%33" n3="%72%65%6E%6B%75%6E" dan="16,17,16,17" rate="2100.61,2189.14,2196.13,2221.46" sx="M,M,M,M"/><TAIKYOKU oya="0"/><INIT seed="0,0,0,5,4,47" ten="250,250,250,250" oya="0" hai0="51,124,131,63,58,25,128,69,62,64,102,98,5" hai1="9,54,129,33,3,72,74,31,37,18,126,115,106" hai2="133,78,113,91,80,43,50,117,89,84,75,8,94" hai3="32,122,67,21,36,68,114,48,125,101,83,82,59"/><T92/><D124/><U1/><E126/><V130/><F113/><W87/><G32/><T110/><D5/><U53/><E106/><V107/><F117/><W46/><G114/><T90/><D110/><U16/><E115/><V11/><F130/><N who="0" m="49706" /><D25/><U132/><E129/><V135/><F107/><W70/><G36/><T13/><D13/><U60/><E132/><N who="2" m="50763" /><F91/><W111/><G101/><T35/><D35/><U44/><E33/><V127/><F127/><W12/><G111/><T108/><D108/><U121/><E31/><V49/><F43/><W65/><G122/><T116/><D116/><U7/><E1/><V41/><F41/><W96/><G12/><T93/><D51/><AGARI ba="0,0" hai="8,11,49,50,51,75,78,80,84,89,94" m="50763" machi="51" ten="30,7700,0" yaku="20,1,52,3" doraHai="47" who="2" fromWho="0" sc="250,-77,250,0,250,77,250,0" /><INIT seed="1,0,0,4,1,99" ten="173,250,327,250" oya="1" hai0="131,97,58,47,29,102,68,119,106,36,88,3,93" hai1="111,86,80,95,32,100,67,85,2,92,81,123,30" hai2="105,71,61,103,11,59,69,52,41,0,82,37,79" hai3="118,116,1,113,78,104,132,24,5,45,77,66,115"/><U27/><E2/><V22/><F22/><W55/><G104/><T25/><D119/><N who="3" m="45609" /><G132/><T33/><D131/><U124/><E123/><V57/><F57/><W48/><G66/><T6/><D68/><U120/><E120/><V9/><F9/><N who="3" m="2223" /><G24/><T38/><D58/><U15/><E124/><V87/><F0/><W4/><G4/><T19/><D19/><U91/><E111/><V128/><F11/><W56/><G56/><T125/><D125/><U23/><E67/><V96/><REACH who="2" step="1"/><F128/><REACH who="2" ten="173,250,317,250" step="2"/><W129/><G129/><T46/><D3/><U21/><E32/><V16/><F16/><W130/><G130/><T62/><D6/><U114/><E114/><AGARI ba="0,1" hai="45,48,55,77,78,113,114,115" m="2223,45609" machi="114" ten="30,1000,0" yaku="12,1" doraHai="99" who="3" fromWho="1" sc="173,0,250,-10,317,0,250,20" /><INIT seed="2,0,0,0,5,82" ten="173,240,317,270" oya="2" hai0="24,76,33,97,35,23,57,124,41,16,98,81,106" hai1="53,101,103,13,104,22,130,30,20,89,90,92,65" hai2="72,127,18,37,102,2,27,3,68,77,110,55,107" hai3="128,25,39,46,108,34,0,19,10,73,38,50,6"/><V54/><F18/><W123/><G73/><T62/><D124/><U134/><E134/><V74/><F27/><W86/><G123/><T14/><D41/><U40/><E130/><V9/><F68/><W52/><G128/><T121/><D121/><U105/><E40/><V112/><F102/><N who="1" m="38921" /><E105/><V114/><F9/><W118/><G118/><T45/><D45/><U49/><E104/><V94/><F107/><W56/><G108/><T113/><D113/><U131/><E65/><V126/><F94/><W61/><G86/><N who="0" m="48423" /><D33/><U122/><E122/><V63/><F77/><W36/><G19/><N who="0" m="12415" /><D35/><U125/><E125/><V117/><F63/><W64/><REACH who="3" step="1"/><G36/><REACH who="3" ten="173,240,317,260" step="2"/><T28/><D106/><U132/><E131/><V95/><F37/><W75/><G75/><T32/><D28/><AGARI ba="0,1" hai="0,6,10,25,28,34,38,39,46,50,52,56,61,64" machi="28" ten="40,5200,0" yaku="1,1,54,1,53,1" doraHai="82" doraHaiUra="31" who="3" fromWho="0" sc="173,-52,240,0,317,0,260,62" /><INIT seed="3,0,0,1,3,41" ten="121,240,317,322" oya="3" hai0="135,130,53,14,76,25,132,31,86,62,125,34,97" hai1="122,17,56,10,109,27,22,101,113,128,78,1,66" hai2="116,70,123,51,28,16,38,45,39,52,115,74,54" hai3="117,21,90,23,0,83,19,5,12,32,36,44,47"/><W57/><G117/><T82/><D130/><U120/><E101/><V8/><F74/><W63/><G32/><T79/><D125/><U84/><E56/><V60/><F28/><W58/><G36/><N who="2" m="13865" /><F16/><N who="3" m="10375" /><G0/><T114/><D114/><U9/><E66/><N who="2" m="41287" /><F8/><W67/><G57/><T40/><D97/><U49/><E109/><V92/><F92/><W100/><G100/><T55/><D76/><U61/><E61/><V103/><F103/><W68/><G68/><T91/><D79/><U85/><E78/><V42/><F116/><W11/><G11/><T2/><D2/><U119/><E1/><V121/><F115/><W48/><G48/><T95/><D82/><U20/><E49/><V102/><F102/><W118/><G5/><T107/><D107/><U59/><E113/><V18/><F18/><W134/><G118/><T94/><D94/><U96/><E119/><V33/><F33/><W98/><G134/><T7/><D7/><U4/><E10/><V81/><F81/><W77/><G77/><T73/><D73/><U127/><E9/><V30/><F30/><W37/><G37/><T43/><D14/><U75/><E75/><V3/><F3/><W106/><G106/><T112/><D112/><U69/><E4/><V72/><F72/><W15/><G98/><T6/><D6/><U64/><E96/><V131/><F131/><W93/><G93/><T108/><D108/><U50/><E22/><V80/><F80/><W35/><G35/><T88/><D91/><U99/><E99/><V126/><F126/><W104/><G104/><T87/><D87/><AGARI ba="0,0" hai="15,19,23,44,47,58,63,67,83,87,90" m="10375" machi="87" ten="30,11600,0" yaku="8,1,52,2,54,1" doraHai="41" who="3" fromWho="0" sc="121,-116,240,0,317,0,322,116" owari="5,-49.5,240,-16.0,317,11.7,438,53.8" /></mjloggm>