<mjloggm ver="2.3"><GO type="225" lobby="0"/><UN n0="%E6%A1%9C%E8%8A%B1%E9%96%83%E3%80%85" n1="%74%2E%6F%2E%6F%2E%73" n2="%6D%75%75%73%61%6E%6D%75" n3="%E6%B8%A9%E2%98%85%E6%83%85%E2%98%85%E6%8E%AA%E2%98%85%E7%BD%AE" dan="17,18,17,17" rate="2217.66,2133.17,2165.68,2166.58" sx="M,M,F,M"/><TAIKYOKU oya="0"/><INIT seed="0,0,0,2,2,44" ten="250,250,250,250" oya="0" hai0="38,48,2,93,123,111,12,122,83,118,52,108,9" hai1="72,115,0,131,36,133,45,132,105,74,25,14,59" hai2="6,119,78,65,37,21,66,39,43,114,107,82,80" hai3="91,98,57,102,70,61,60,125,129,127,40,47,117"/><T27/><D38/><U113/><E0/><V79/><F114/><N who="1" m="43529" /><E105/><V124/><F107/><W86/><G117/><T53/><D118/><U81/><E131/><V94/><F119/><W126/><G129/><T116/><D116/><U101/><E101/><V20/><F6/><W34/><G34/><T97/><D27/><U128/><E128/><V42/><REACH who="2" step="1"/><F94/><REACH who="2" ten="250,250,240,250" step="2"/><N who="3" m="54647" /><G70/><T55/><D2/><U76/><E132/><V134/><F134/><W22/><G22/><T11/><D83/><U89/><E81/><V95/><F95/><N who="3" m="58719" /><G57/><N who="0" m="32903" /><D123/><U112/><E59/><V24/><F24/><W17/><G17/><N who="0" m="8335" /><D122/><U7/><E133/><V110/><F110/><N who="0" m="42026" /><D11/><U13/><E112/><V10/><F10/><W77/><G127/><AGARI ba="0,1" hai="20,21,37,39,42,43,65,66,78,79,80,82,124,127" machi="127" ten="25,3200,0" yaku="1,1,22,2,53,0" doraHai="44" doraHaiUra="67" who="2" fromWho="3" sc="250,0,250,0,240,42,250,-32" /><INIT seed="1,0,0,4,3,24" ten="250,250,282,218" oya="1" hai0="5,110,122,73,11,67,17,113,81,90,37,134,63" hai1="47,131,10,69,44,85,74,87,9,123,53,112,28" hai2="130,58,109,83,93,88,2,77,84,66,104,119,16" hai3="54,132,68,0,46,8,80,36,21,65,3,115,45"/><U127/><E112/><V61/><F119/><W48/><G115/><T13/><D113/><U15/><E123/><V97/><F109/><W121/><G121/><T39/><D122/><U92/><E74/><V124/><F130/><W133/><G80/><T106/><D110/><U20/><E69/><V7/><F124/><W117/><G117/><T111/><D111/><U56/><E131/><V128/><F128/><W34/><G34/><T57/><D134/><N who="3" m="51817" /><G8/><T126/><D106/><U135/><E127/><V33/><F33/><W82/><G82/><T51/><D126/><U14/><E135/><V101/><F2/><N who="3" m="555" /><G21/><T23/><D73/><U107/><E107/><V30/><F7/><W116/><G116/><T25/><D81/><U6/><E44/><V102/><F102/><W31/><G31/><T52/><REACH who="0" step="1"/><D90/><REACH who="0" ten="240,250,282,218" step="2"/><U41/><E92/><V32/><F104/><W35/><G35/><T120/><D120/><U62/><E28/><V98/><F101/><W18/><G18/><T26/><D26/><U79/><E79/><V4/><F4/><W118/><G118/><T59/><AGARI ba="0,1" hai="5,11,13,17,23,25,37,39,51,52,57,59,63,67" machi="59" ten="20,8000,1" yaku="1,1,0,1,7,1,54,1,53,1" doraHai="24" doraHaiUra="19" who="0" fromWho="0" sc="240,90,250,-40,282,-20,218,-20" /><INIT seed="2,0,0,1,4,44" ten="330,210,262,198" oya="2" hai0="50,71,13,111,103,95,31,19,3,5,11,25,83" hai1="88,80,52,84,127,55,135,1,51,64,119,126,73" hai2="91,115,116,90,113,117,106,22,121,18,28,76,97" hai3="96,34,69,62,67,85,94,130,134,41,100,42,17"/><V78/><F28/><W12/><G134/><T68/><D111/><U110/><E119/><N who="2" m="45643" /><F22/><W16/><G130/><T102/><D83/><U63/><E1/><V123/><F18/><W24/><G85/><T27/><D50/><U32/><E32/><V60/><F106/><W38/><G38/><T131/><D131/><U21/><E110/><V82/><F82/><W49/><G49/><T8/><D27/><U133/><E73/><V99/><F60/><W29/><REACH who="3" step="1"/><G17/><REACH who="3" ten="330,210,262,188" step="2"/><T129/><D129/><U112/><E112/><N who="2" m="43083" /><F97/><W59/><G59/><T48/><D19/><U66/><E21/><AGARI ba="0,1" hai="12,16,21,24,29,34,41,42,62,67,69,94,96,100" machi="21" ten="30,3900,0" yaku="1,1,7,1,54,1,53,0" doraHai="44" doraHaiUra="6" who="3" fromWho="1" sc="330,0,210,-39,262,0,188,49" /><INIT seed="3,0,0,5,5,87" ten="330,171,262,237" oya="3" hai0="20,127,10,134,117,47,4,58,15,107,23,126,133" hai1="2,25,130,32,128,41,105,56,63,84,14,91,90" hai2="104,98,108,28,77,82,111,95,103,51,78,9,86" hai3="27,17,43,0,19,124,24,131,60,57,37,72,121"/><W74/><G121/><T61/><D47/><U66/><E2/><V97/><F28/><W119/><G119/><T62/><D107/><U26/><E105/><V93/><F51/><W69/><G69/><T13/><D117/><U50/><E14/><V70/><F9/><W79/><G0/><T53/><D61/><U22/><E32/><V122/><F70/><W112/><G112/><T65/><D53/><U73/><E73/><V129/><F122/><W6/><G6/><T44/><D44/><N who="1" m="25871" /><E84/><V33/><F33/><W81/><G72/><T85/><D85/><U135/><E135/><N who="0" m="51721" /><D15/><U11/><E11/><V54/><F54/><W115/><G27/><T36/><D36/><U114/><E114/><V30/><F30/><W94/><G24/><T46/><D46/><U35/><E35/><V118/><F118/><W49/><G37/><T16/><D4/><U109/><E109/><N who="2" m="42059" /><F104/><W99/><G74/><T29/><D29/><U67/><E67/><V34/><F34/><W68/><G68/><T39/><D39/><U76/><E76/><N who="2" m="46407" /><F129/><N who="1" m="49769" /><E26/><V45/><F45/><W125/><G79/><T42/><D42/><U89/><E25/><V92/><F92/><W132/><G94/><T5/><D5/><U80/><E80/><V100/><AGARI ba="0,0" hai="77,78,93,95,97,98,100,103" m="46407,42059" machi="100" ten="30,4000,0" yaku="14,1,34,2" doraHai="87" who="2" fromWho="2" sc="330,-10,171,-10,262,40,237,-20" owari="320,42.0,161,-33.9,302,10.2,217,-18.3" /></mjloggm>