<mjloggm ver="2.3"><GO type="225" lobby="0"/><UN n0="%6D%75%75%73%61%6E%6D%75" n1="%E6%A1%9C%E8%8A%B1%E9%96%83%E3%80%85" n2="%E3%81%BF%E3%81%BF%E3%81%9A" n3="%E3%81%95%E3%81%8D%E3%81%9F%E3%81%BE%E6%9E%97%E6%AA%8E" dan="16,16,18,16" rate="2154.96,2216.01,2257.41,2076.81" sx="F,M,M,M"/><TAIKYOKU oya="0"/><INIT seed="0,0,0,1,4,28" ten="250,250,250,250" oya="0" hai0="121,77,119,84,134,125,68,10,19,69,65,51,100" hai1="21,124,117,55,27,123,61,71,75,82,112,29,109" hai2="105,43,98,83,0,133,15,48,128,122,96,88,40" hai3="116,132,86,44,31,52,97,130,1,33,99,78,38"/><T135/><D119/><U108/><E117/><V24/><F0/><W67/><G116/><T66/><D121/><U2/><E123/><V62/><F122/><W45/><G1/><T107/><D125/><U13/><E2/><V34/><F128/><W53/><G38/><T126/><D126/><U4/><E124/><V6/><F133/><N who="0" m="50698" /><D51/><U9/><E112/><V74/><F74/><W103/><G132/><T7/><D19/><U18/><E55/><N who="3" m="21066" /><G130/><T102/><D84/><U14/><E82/><V64/><F83/><N who="3" m="47479" /><G33/><T56/><D77/><U32/><REACH who="1" step="1"/><E75/><REACH who="1" ten="250,240,250,250" step="2"/><V37/><F43/><W94/><G67/><AGARI ba="0,1" hai="4,9,13,14,18,21,27,29,32,61,67,71,108,109" machi="67" ten="40,8000,1" yaku="1,1,2,1,52,1,53,2" doraHai="28" doraHaiUra="8" who="1" fromWho="3" sc="250,0,240,90,250,0,250,-80" /><INIT seed="1,0,0,3,4,104" ten="250,330,250,170" oya="1" hai0="116,99,49,122,75,115,135,37,93,92,94,101,55" hai1="11,61,26,15,52,73,66,25,41,17,8,129,5" hai2="47,3,89,50,4,56,124,13,133,110,109,46,118" hai3="63,125,59,9,76,71,111,72,23,103,14,30,54"/><U58/><E129/><V64/><F118/><W98/><G111/><N who="2" m="42505" /><F133/><W120/><G120/><T0/><D116/><U36/><E73/><V51/><F124/><W134/><G134/><T34/><D135/><U97/><E36/><V128/><F128/><W35/><G125/><T114/><D37/><U119/><E119/><V80/><F3/><W107/><G71/><T108/><D0/><U2/><E41/><V96/><F64/><W42/><G42/><T131/><D108/><U40/><E40/><V20/><F56/><W28/><G35/><T12/><D131/><U18/><E18/><N who="2" m="10319" /><F4/><W65/><G54/><T10/><D122/><U121/><E121/><V95/><F80/><W113/><G113/><T78/><D34/><U22/><E11/><V69/><F69/><W44/><G44/><AGARI ba="0,0" hai="44,46,47,50,51,89,95,96" m="10319,42505" machi="44" ten="30,1000,0" yaku="14,1" doraHai="104" who="2" fromWho="3" sc="250,0,330,0,250,10,170,-10" /><INIT seed="2,0,0,4,0,16" ten="250,330,260,160" oya="2" hai0="105,70,12,106,44,113,88,103,11,61,94,96,80" hai1="36,109,4,32,99,29,17,47,76,3,112,22,58" hai2="89,50,75,130,127,135,82,68,100,19,56,6,59" hai3="31,52,119,102,67,87,40,25,21,7,95,55,5"/><V110/><F68/><W124/><G124/><T116/><D113/><U35/><E112/><V39/><F39/><W42/><G119/><T125/><D125/><U111/><E76/><V72/><F127/><W118/><G118/><T9/><D116/><U14/><E58/><V10/><F100/><W30/><G67/><T34/><D34/><U85/><E85/><V81/><F19/><W134/><G134/><T46/><D61/><U23/><E99/><V60/><F50/><W18/><G30/><T41/><D70/><U90/><E90/><V0/><F130/><W132/><G132/><T126/><D126/><U84/><E84/><V54/><F56/><W1/><G1/><T133/><D44/><U114/><E114/><V73/><F135/><W128/><G128/><T51/><D133/><U37/><E23/><V13/><F0/><W49/><G31/><T69/><D69/><U79/><E79/><V117/><F117/><W108/><G108/><N who="1" m="41546" /><E29/><V86/><REACH who="2" step="1"/><F110/><REACH who="2" ten="250,330,250,160" step="2"/><W129/><G129/><T62/><D51/><U8/><E37/><V122/><F122/><W64/><G102/><T83/><D103/><U97/><E36/><V101/><F101/><W107/><G49/><T20/><D62/><U104/><E3/><V131/><F131/><W57/><G57/><T74/><D105/><U53/><E104/><V120/><F120/><W43/><G107/><T45/><D106/><U48/><E17/><V28/><F28/><W15/><G18/><T92/><D45/><U98/><E47/><V93/><AGARI ba="0,1" hai="6,10,13,54,59,60,72,73,75,81,82,86,89,93" machi="93" ten="30,3000,0" yaku="1,1,0,1,53,0" doraHai="16" doraHaiUra="115" who="2" fromWho="2" sc="250,-10,330,-10,250,40,160,-10" /><INIT seed="2,1,0,5,1,126" ten="240,320,290,150" oya="2" hai0="8,129,99,114,53,68,117,124,115,109,7,83,54" hai1="57,52,119,110,20,36,3,64,41,62,130,2,37" hai2="61,67,63,6,122,23,112,134,38,107,26,75,39" hai3="105,135,43,46,100,106,90,45,95,12,4,56,86"/><V132/><F112/><W128/><G135/><N who="2" m="51753" /><F122/><W101/><G56/><T113/><D124/><U108/><E119/><V28/><F75/><W5/><G12/><T24/><D117/><U18/><E130/><V92/><F107/><W77/><G77/><T1/><D68/><U0/><E64/><V131/><F131/><W91/><G43/><T133/><D129/><U80/><E80/><V82/><F82/><W48/><G128/><T65/><D133/><U49/><E49/><V123/><F123/><W79/><G79/><T13/><D83/><U118/><E118/><V11/><F92/><W87/><REACH who="3" step="1"/><G95/><REACH who="3" ten="240,320,290,140" step="2"/><T104/><D113/><U31/><E41/><V89/><F39/><W32/><G32/><T103/><D114/><U9/><E37/><V22/><F38/><W15/><G15/><T93/><D115/><U78/><E36/><V98/><F22/><W69/><G69/><T34/><D93/><U58/><E78/><V10/><F10/><W88/><G88/><T21/><D34/><U14/><E58/><V51/><F89/><W60/><G60/><T66/><D8/><U59/><E57/><V125/><F125/><W73/><G73/><T120/><D21/><U76/><E76/><V40/><F63/><W121/><G121/><T71/><D120/><U33/><E33/><V55/><F40/><W25/><G25/><T127/><D24/><N who="1" m="16775" /><E2/><N who="2" m="471" /><F61/><W29/><G29/><T111/><D71/><U19/><E19/><V72/><F72/><W81/><G81/><T97/><D127/><U50/><E62/><V47/><F67/><N who="0" m="25610" /><D13/><U27/><E27/><V94/><F94/><RYUUKYOKU ba="1,1" sc="240,-30,320,10,290,10,140,10" hai1="0,3,9,14,18,50,52,59,108,110" hai2="23,26,28,47,51,55,98" hai3="4,5,45,46,48,86,87,90,91,100,101,105,106" /><INIT seed="2,2,1,5,2,57" ten="210,330,300,150" oya="2" hai0="32,31,47,114,4,115,60,67,78,65,53,66,94" hai1="91,101,6,83,106,90,103,107,98,24,104,79,59" hai2="84,64,42,46,117,135,28,2,37,3,29,45,113" hai3="1,118,131,20,0,102,134,126,111,71,5,34,48"/><V7/><F113/><W88/><G118/><T76/><D4/><U55/><E6/><V89/><F117/><W39/><G39/><T38/><D94/><N who="1" m="58583" /><E24/><V26/><F135/><W15/><G34/><T123/><D31/><U122/><E59/><V87/><F29/><W124/><G71/><N who="0" m="42407" /><D32/><U105/><E55/><V132/><F132/><W99/><G134/><T129/><D76/><U70/><E70/><V8/><F64/><N who="0" m="24618" /><D78/><U19/><E19/><V54/><F2/><W69/><G69/><T50/><D123/><U92/><E107/><V11/><F11/><N who="3" m="4591" /><G131/><T110/><D110/><U52/><E52/><V80/><F54/><W82/><G111/><T9/><D9/><U58/><E58/><V74/><F46/><W81/><G20/><T96/><D129/><U16/><E16/><V116/><F116/><W41/><G0/><T43/><D96/><N who="1" m="59783" /><E122/><V85/><REACH who="2" step="1"/><F74/><AGARI ba="2,1" hai="74,79,83,90,91,104,105,106" m="59783,58583" machi="74" ten="30,8000,1" yaku="35,5" doraHai="57" who="1" fromWho="2" sc="210,0,330,96,300,-86,150,0" /><INIT seed="3,0,0,0,2,120" ten="210,426,214,150" oya="3" hai0="66,62,65,34,117,8,71,40,55,76,54,22,45" hai1="58,90,70,78,115,109,103,43,110,107,133,100,59" hai2="15,99,28,24,123,98,68,113,126,13,122,30,112" hai3="131,6,46,4,37,42,53,118,92,69,48,21,124"/><W63/><G118/><T128/><D34/><U11/><E115/><V17/><F68/><W14/><G131/><T33/><D33/><U64/><E78/><V1/><F1/><W134/><G134/><T116/><D128/><U95/><E43/><V56/><F56/><N who="1" m="21545" /><E11/><V32/><F126/><W79/><G124/><T74/><D22/><U132/><E107/><V82/><F82/><W75/><G75/><T127/><D8/><U50/><E50/><V35/><F17/><N who="3" m="10423" /><G79/><T102/><D102/><N who="1" m="38955" /><E70/><V52/><F24/><W36/><G36/><N who="0" m="21639" /><D76/><U29/><E64/><N who="0" m="24681" /><D74/><U87/><E29/><V119/><F119/><N who="0" m="45642" /><D127/><U135/><AGARI ba="0,0" hai="87,90,95,109,110,132,133,135" m="38955,21545" machi="135" ten="40,5200,0" yaku="20,1,52,2" doraHai="120" who="1" fromWho="1" sc="210,-13,426,52,214,-13,150,-26" owari="197,-20.3,478,57.8,201,0.1,124,-37.6" /></mjloggm>