<mjloggm ver="2.3"><GO type="225" lobby="0"/><UN n0="%72%61%6B%33" n1="%E6%A1%9C%E8%8A%B1%E9%96%83%E3%80%85" n2="%E3%81%8F%E3%81%BE%E3%81%96%E3%82%8F" n3="%E3%81%9F%E3%81%93%E2%98%86%E7%84%BC%E3%81%8D" dan="16,16,16,16" rate="2226.38,2161.95,2017.99,2048.33" sx="M,M,M,M"/><TAIKYOKU oya="0"/><INIT seed="0,0,0,1,4,37" ten="250,250,250,250" oya="0" hai0="14,67,66,46,78,35,90,108,105,54,115,38,27" hai1="55,63,109,97,64,42,119,126,32,93,7,117,77" hai2="62,30,71,75,28,33,116,13,22,11,73,79,118" hai3="125,107,8,9,50,87,76,60,65,0,89,96,53"/><T29/><D115/><U6/><E32/><V40/><F33/><W124/><G0/><T120/><D120/><U132/><E109/><V103/><F103/><W101/><G76/><T94/><D105/><U70/><E126/><N who="3" m="48746" /><G60/><T51/><D108/><U84/><E132/><V83/><F75/><W1/><G65/><T16/><D38/><U106/><E55/><V80/><F80/><N who="3" m="49383" /><G1/><T134/><D78/><U20/><E77/><V21/><F62/><W104/><G107/><T24/><D24/><U98/><E106/><V12/><F71/><W5/><G5/><T36/><D36/><U23/><E6/><V59/><F59/><AGARI ba="0,0" hai="8,9,50,53,59,96,101,104" m="49383,48746" machi="59" ten="30,1000,0" yaku="18,1" doraHai="37" who="3" fromWho="2" sc="250,0,250,0,250,-10,250,10" /><INIT seed="1,0,0,4,5,20" ten="250,250,240,260" oya="1" hai0="87,28,134,59,84,74,65,110,107,16,123,18,127" hai1="115,108,33,57,99,131,85,49,54,77,38,23,105" hai2="128,82,32,51,40,10,66,69,4,135,75,62,61" hai3="68,130,94,64,91,42,11,35,102,93,31,50,80"/><U25/><E115/><V125/><F128/><W21/><G35/><T109/><D74/><U58/><E131/><V129/><F129/><W47/><G11/><T63/><D107/><U72/><E72/><V36/><F135/><W44/><G102/><T92/><D134/><U106/><E33/><V27/><F125/><W26/><G68/><T89/><D127/><U95/><E38/><V97/><F97/><W55/><G64/><T9/><D123/><U98/><E108/><N who="0" m="41577" /><D87/><U45/><E105/><V81/><F62/><W15/><G15/><N who="0" m="7279" /><D18/><N who="1" m="12535" /><E106/><V5/><F75/><W126/><G130/><T124/><D124/><U3/><E3/><V52/><F4/><W133/><G133/><T60/><D60/><U6/><E6/><V96/><F96/><N who="1" m="36905" /><E95/><V116/><F116/><W117/><G117/><T118/><D28/><U39/><E39/><V70/><F70/><W113/><G113/><T112/><D118/><U2/><E2/><V12/><F36/><W104/><G104/><T132/><D132/><U43/><E43/><V111/><F40/><W119/><G119/><T90/><D90/><U24/><E24/><V67/><F111/><W22/><G126/><T100/><D112/><U48/><E49/><V37/><F37/><W30/><G91/><T29/><D29/><U83/><AGARI ba="0,0" hai="45,48,54,57,58,77,83,85" m="36905,12535" machi="83" ten="30,3000,0" yaku="8,1,52,1" doraHai="20" who="1" fromWho="1" sc="250,-10,250,30,240,-10,260,-10" /><INIT seed="1,1,0,0,0,93" ten="240,280,230,250" oya="1" hai0="55,120,34,31,8,51,54,110,21,95,124,127,133" hai1="4,135,20,46,77,33,29,41,5,3,112,0,109" hai2="76,81,115,67,40,39,28,30,129,74,14,97,60" hai3="47,87,44,104,11,102,10,64,111,72,83,63,56"/><U61/><E112/><V62/><F129/><W2/><G111/><T65/><D110/><U70/><E109/><V132/><F132/><W123/><G72/><T59/><D34/><U114/><E114/><V69/><F115/><W131/><G123/><T78/><D78/><U23/><E77/><V1/><F14/><W100/><G104/><T80/><D80/><U35/><E61/><V58/><F1/><N who="1" m="585" /><E46/><N who="3" m="17450" /><G2/><T84/><D133/><U45/><E70/><V38/><F40/><W42/><G42/><T119/><D119/><U117/><E45/><V92/><F38/><W79/><G131/><T71/><D71/><U68/><E68/><V90/><REACH who="2" step="1"/><F39/><REACH who="2" ten="240,280,220,250" step="2"/><W16/><G10/><T66/><D8/><U9/><E41/><V22/><F22/><N who="1" m="8233" /><E135/><V43/><F43/><W17/><G11/><T18/><D21/><U49/><E117/><V6/><F6/><W19/><AGARI ba="1,1" hai="16,17,19,56,63,64,79,83,87,100,102" m="17450" machi="19" ten="30,2000,0" yaku="8,1,54,1" doraHai="93" who="3" fromWho="3" sc="240,-6,280,-11,220,-6,250,33" /><INIT seed="2,0,0,1,3,29" ten="234,269,214,283" oya="2" hai0="68,98,64,22,31,58,10,76,62,94,24,120,1" hai1="106,7,81,55,25,44,51,52,83,93,48,91,97" hai2="118,46,86,95,23,121,123,71,27,122,75,78,87" hai3="103,82,112,39,114,72,47,4,5,56,105,128,15"/><V45/><F118/><W77/><G128/><T80/><D120/><U88/><E106/><V107/><F107/><W115/><G15/><T14/><D1/><U50/><E7/><V124/><F71/><W134/><G134/><T96/><D68/><U28/><E91/><V89/><F124/><W38/><G56/><T61/><D61/><U111/><E111/><V125/><F125/><W65/><G65/><T85/><REACH who="0" step="1"/><D94/><REACH who="0" ten="224,269,214,283" step="2"/><U92/><E92/><V35/><F35/><W12/><G105/><T42/><D42/><U67/><E67/><V66/><F66/><W130/><G115/><T73/><D73/><U84/><E97/><V3/><F75/><W32/><G72/><T90/><D90/><U132/><E132/><V70/><F70/><W0/><G0/><T110/><D110/><U57/><E50/><V116/><F3/><W37/><G114/><T100/><D100/><U119/><E119/><V2/><F2/><W63/><G103/><T17/><AGARI ba="0,1" hai="10,14,17,22,24,31,58,62,64,76,80,85,96,98" machi="17" ten="20,5200,0" yaku="1,1,0,1,7,1,8,1,53,0" doraHai="29" doraHaiUra="102" who="0" fromWho="0" sc="224,62,269,-13,214,-26,283,-13" /><INIT seed="3,0,0,2,1,77" ten="286,256,188,270" oya="3" hai0="83,16,123,7,135,128,49,99,8,55,21,45,132" hai1="73,31,115,43,60,47,11,2,112,23,113,48,29" hai2="9,90,62,3,120,119,59,122,54,103,0,107,53" hai3="1,106,36,22,110,84,95,101,130,129,91,78,26"/><W102/><G36/><T86/><D123/><N who="2" m="47146" /><F119/><W33/><G1/><N who="2" m="585" /><F9/><W14/><G14/><N who="0" m="5407" /><D128/><N who="3" m="49257" /><G33/><T56/><D99/><U104/><E104/><V82/><F103/><N who="3" m="39435" /><G110/><T25/><D135/><U67/><E73/><V116/><F116/><W124/><G124/><T6/><D132/><U32/><E32/><V44/><F107/><W92/><G78/><N who="0" m="46455" /><D6/><U38/><E38/><V13/><F13/><W24/><G106/><T89/><D89/><U57/><REACH who="1" step="1"/><E23/><REACH who="1" ten="286,246,188,270" step="2"/><V85/><F44/><AGARI ba="0,1" hai="16,21,25,44,45,49,55,56" m="46455,5407" machi="44" ten="30,3900,0" yaku="8,1,52,1,54,1" doraHai="77" who="0" fromWho="2" sc="286,49,246,0,188,-39,270,0" owari="335,43.5,246,-15.4,149,-35.1,270,7.0" /></mjloggm>