<mjloggm ver="2.3"><GO type="225" lobby="0"/><UN n0="%E3%83%9F%E3%83%83%E3%82%AD%E3%83%BC%E8%9B%87%E5%B1%B1" n1="%E3%81%B5%E3%81%98%E3%81%8B%E3%81%A4" n2="%72%61%6B%33" n3="%E3%81%BF%E3%81%BF%E3%81%9A" dan="16,16,16,17" rate="2028.11,2148.99,2127.42,2267.25" sx="M,M,M,M"/><TAIKYOKU oya="0"/><INIT seed="0,0,0,1,4,85" ten="250,250,250,250" oya="0" hai0="108,112,8,51,101,1,16,34,134,103,20,29,59" hai1="75,3,97,39,119,124,35,63,42,32,130,105,104" hai2="13,44,54,2,57,114,115,117,99,52,126,25,21" hai3="74,17,65,62,76,77,80,89,106,22,46,31,43"/><T100/><D112/><U116/><E63/><V129/><F2/><W70/><G70/><T120/><D120/><U91/><E91/><V55/><F126/><W67/><G67/><T38/><BYE who="3" /><D38/><U118/><E97/><V96/><F129/><W41/><G41/><T90/><D134/><U94/><E94/><V50/><F117/><UN n3="%E3%81%BF%E3%81%BF%E3%81%9A" /><W60/><G106/><N who="1" m="41066" /><E124/><V47/><F13/><W72/><G31/><T48/><D108/><U111/><E42/><V83/><F115/><W12/><G65/><T102/><D102/><U78/><E78/><V93/><F114/><W113/><G113/><T69/><D69/><U73/><E130/><V131/><F83/><W27/><G12/><N who="0" m="9223" /><D59/><U45/><E45/><N who="2" m="17483" /><F99/><W109/><G109/><T107/><D107/><U92/><E92/><V56/><F56/><W58/><G58/><T10/><D10/><U26/><E26/><V30/><F131/><W15/><G15/><T122/><D122/><U61/><E61/><V88/><AGARI ba="0,0" hai="21,25,30,50,52,54,55,57,88,93,96" m="17483" machi="88" ten="30,7900,0" yaku="8,1,52,1,54,2" doraHai="85" who="2" fromWho="2" sc="250,-39,250,-20,250,79,250,-20" /><INIT seed="1,0,0,1,4,129" ten="211,230,329,230" oya="1" hai0="81,100,27,17,122,82,91,7,59,121,127,124,49" hai1="13,16,108,71,15,32,74,97,123,111,72,83,110" hai2="11,63,26,21,78,134,9,135,22,84,58,36,44" hai3="56,98,60,41,119,40,88,14,101,24,76,45,73"/><U115/><E115/><V52/><F21/><W42/><G119/><T75/><D100/><U67/><E123/><N who="0" m="47113" /><D7/><U112/><E112/><V99/><F99/><W130/><G130/><T116/><D116/><U66/><E32/><V62/><F62/><W70/><G70/><T85/><D75/><N who="1" m="28715" /><E13/><V34/><F34/><W87/><G24/><T113/><D113/><U120/><E71/><V5/><F36/><W31/><G31/><T46/><D59/><U43/><E43/><V19/><F44/><W53/><G73/><T103/><D103/><U126/><E120/><V92/><F11/><W96/><G76/><T8/><D27/><U80/><E126/><N who="0" m="48169" /><D17/><U94/><E80/><V61/><F61/><W29/><G29/><T64/><D8/><N who="1" m="6247" /><E83/><V23/><F23/><W51/><G14/><T3/><D81/><U114/><E114/><V2/><REACH who="2" step="1"/><F78/><REACH who="2" ten="211,230,319,230" step="2"/><W25/><G25/><T90/><D46/><U93/><E93/><V30/><F30/><W47/><G45/><T128/><D128/><U20/><E20/><V106/><F106/><W95/><REACH who="3" step="1"/><G98/><REACH who="3" ten="211,230,319,220" step="2"/><T35/><D35/><U77/><E77/><V125/><F125/><W10/><G10/><T104/><D3/><U133/><E133/><V33/><F33/><W54/><G54/><T12/><D12/><U79/><E79/><V55/><F55/><W4/><G4/><T18/><D18/><U48/><E48/><V0/><F0/><W37/><G37/><T132/><D49/><U57/><E57/><V105/><F105/><AGARI ba="0,2" hai="40,41,42,47,51,53,56,60,87,88,95,96,101,105" machi="105" ten="30,3900,0" yaku="1,1,7,1,54,1,53,0" doraHai="129" doraHaiUra="65" who="3" fromWho="2" sc="211,0,230,0,319,-39,220,59" /><INIT seed="2,0,0,3,2,57" ten="211,230,280,279" oya="2" hai0="71,13,111,53,39,56,79,85,1,75,63,86,88" hai1="115,32,92,3,42,93,66,17,48,129,116,65,131" hai2="89,22,34,81,49,95,128,45,40,125,12,122,6" hai3="23,107,103,30,20,104,102,27,94,119,62,78,98"/><V121/><F34/><W123/><G119/><T114/><D114/><U130/><E116/><V87/><F125/><W113/><G123/><T7/><D39/><U4/><E115/><V47/><F128/><W61/><G113/><T72/><D111/><U109/><E109/><V25/><F6/><W21/><G78/><T106/><D106/><U124/><E32/><V31/><F12/><W132/><G132/><T0/><D71/><U60/><E124/><V117/><F117/><W64/><G62/><T99/><D99/><U100/><E66/><V110/><F110/><W96/><REACH who="3" step="1"/><G94/><REACH who="3" ten="211,230,280,269" step="2"/><T41/><D79/><U90/><E93/><V44/><F121/><W135/><G135/><T127/><D127/><U59/><E100/><V73/><F122/><W55/><G55/><T35/><D53/><U126/><E126/><V15/><F73/><W8/><G8/><T2/><D63/><U14/><E92/><V43/><F43/><W82/><G82/><T28/><D41/><U58/><E90/><V91/><REACH who="2" step="1"/><F15/><REACH who="2" ten="211,230,270,269" step="2"/><W120/><G120/><T5/><D72/><U29/><E42/><V11/><F11/><W70/><AGARI ba="0,2" hai="20,21,23,27,30,61,64,70,96,98,102,103,104,107" machi="70" ten="20,12000,2" yaku="1,1,0,1,7,1,9,1,52,1,53,2" doraHai="57" doraHaiUra="101" who="3" fromWho="3" sc="211,-30,230,-30,270,-60,269,140" /><INIT seed="3,0,0,0,4,101" ten="181,200,210,409" oya="3" hai0="41,53,67,23,94,49,73,69,39,79,113,13,88" hai1="24,55,71,130,105,32,8,59,31,27,97,99,17" hai2="122,107,51,1,43,89,56,6,37,118,85,68,33" hai3="11,77,0,90,44,125,110,111,120,65,93,2,26"/><W81/><G120/><T134/><D134/><U5/><E71/><V112/><F107/><W36/><G65/><T123/><D123/><U22/><E130/><V57/><F112/><W127/><G26/><T80/><D113/><U15/><E105/><V131/><F118/><W91/><G44/><T84/><D39/><U12/><E12/><V117/><F89/><W70/><G36/><T18/><D41/><U74/><E74/><V3/><F51/><AGARI ba="0,0" hai="5,8,15,17,22,24,27,31,32,51,55,59,97,99" machi="51" ten="30,1000,0" yaku="7,1" doraHai="101" who="1" fromWho="2" sc="181,0,200,10,210,-10,409,0" owari="181,-31.9,210,1.0,200,-20.0,409,50.9" /></mjloggm>