<mjloggm ver="2.3"><GO type="225" lobby="0"/><UN n0="%E3%83%97%E3%83%92" n1="%E3%83%97%E3%83%AC%E3%83%B4%E3%82%A1%E3%83%86%E3%82%A3" n2="%E3%81%A0%E3%81%8A" n3="%E3%81%BF%E3%81%BF%E3%81%9A" dan="16,16,16,16" rate="2165.64,2039.83,2046.67,2154.11" sx="M,F,M,M"/><TAIKYOKU oya="0"/><INIT seed="0,0,0,4,2,55" ten="250,250,250,250" oya="0" hai0="34,79,58,122,10,19,111,127,5,119,68,31,35" hai1="89,86,108,98,132,49,72,126,99,103,91,50,46" hai2="105,123,118,131,80,82,29,20,78,88,100,36,101" hai3="53,121,52,84,125,81,15,113,38,43,112,129,83"/><T73/><D68/><U16/><E72/><V13/><F123/><W44/><G121/><T70/><D122/><U64/><E108/><V135/><F36/><W1/><G1/><T69/><D119/><U65/><E126/><V54/><F118/><W37/><G125/><T4/><D127/><U21/><E132/><V77/><F135/><W7/><G129/><T115/><D115/><U41/><E49/><V92/><F105/><W18/><G7/><T109/><D79/><N who="2" m="30218" /><F54/><W124/><G124/><T75/><D31/><U30/><E30/><V56/><F56/><W117/><G117/><T133/><D19/><U106/><E99/><N who="2" m="57735" /><F131/><W23/><G38/><T71/><D71/><U66/><REACH who="1" step="1"/><E86/><REACH who="1" ten="250,240,250,250" step="2"/><V116/><F116/><W60/><G113/><T130/><D133/><U33/><E33/><V39/><F39/><W95/><G112/><T59/><D130/><U63/><E63/><V3/><F29/><W90/><REACH who="3" step="1"/><G53/><REACH who="3" ten="250,240,250,240" step="2"/><T42/><D10/><U51/><E51/><V57/><F101/><W32/><G32/><T67/><REACH who="0" step="1"/><D67/><REACH who="0" ten="240,240,250,240" step="2"/><U87/><E87/><V94/><F100/><W61/><G61/><T110/><D110/><U120/><E120/><V128/><F128/><W27/><G27/><AGARI ba="0,3" hai="16,21,27,41,46,50,64,65,66,89,91,98,103,106" machi="27" ten="40,5200,0" yaku="1,1,54,1,53,1" doraHai="55" doraHaiUra="97" who="1" fromWho="3" sc="240,0,240,82,250,0,240,-52" /><INIT seed="1,0,0,0,3,91" ten="240,322,250,188" oya="1" hai0="94,130,125,70,6,72,90,21,110,92,58,121,118" hai1="4,74,117,111,79,66,34,101,123,68,133,80,3" hai2="132,15,57,89,54,48,32,2,11,120,12,84,22" hai3="97,42,59,82,50,64,24,10,105,30,14,55,69"/><U106/><RYUUKYOKU type="yao9" ba="0,0" sc="240,0,322,0,250,0,188,0" hai1="3,4,34,66,68,74,79,80,101,106,111,117,123,133" /><INIT seed="1,1,0,0,4,3" ten="240,322,250,188" oya="1" hai0="77,48,103,82,49,24,65,119,11,87,123,57,33" hai1="115,73,4,127,112,88,116,104,66,54,67,35,132" hai2="130,15,94,118,37,2,7,25,38,18,19,83,93" hai3="6,51,59,41,108,63,114,32,84,10,72,31,129"/><U53/><E116/><V9/><F118/><W16/><G72/><T47/><D119/><U20/><E73/><V26/><F130/><W110/><G114/><T27/><D123/><U128/><E35/><V78/><F38/><W109/><G129/><T106/><D106/><U126/><E128/><V71/><F71/><W135/><G135/><T121/><D121/><U34/><E34/><V17/><F37/><W101/><G101/><T86/><D103/><U95/><E104/><V85/><F2/><W111/><N who="3" m="27648" /><DORA hai="58" /><W75/><G75/><T79/><D33/><U76/><E76/><V5/><F5/><W21/><G84/><T12/><D24/><AGARI ba="1,0" hai="7,9,15,17,18,19,24,25,26,78,83,85,93,94" machi="24" ten="40,2600,0" yaku="8,1,52,1" doraHai="3,58" who="2" fromWho="0" sc="240,-29,322,0,250,29,188,0" /><INIT seed="2,0,0,4,2,97" ten="211,322,279,188" oya="2" hai0="81,121,72,15,82,108,12,128,25,11,84,107,114" hai1="77,67,32,87,133,58,18,53,91,104,76,1,5" hai2="19,69,63,102,100,2,31,0,129,7,123,79,124" hai3="20,26,126,48,10,36,111,93,99,55,73,105,40"/><V54/><F123/><W56/><G111/><T17/><D121/><U45/><E32/><V28/><F124/><W135/><G126/><T49/><D108/><U23/><E133/><V75/><F129/><W89/><G135/><T29/><D114/><U9/><E104/><V50/><F79/><W112/><G112/><T110/><D110/><U125/><E67/><V115/><F75/><W34/><G73/><T60/><D107/><U68/><E45/><V96/><F115/><W30/><G10/><T8/><D72/><U120/><E68/><V65/><F19/><W71/><G71/><T95/><D60/><U13/><E125/><V80/><F80/><W42/><G36/><T41/><D49/><U131/><E131/><V85/><F85/><W70/><G70/><T59/><D59/><U27/><E120/><V101/><F96/><W88/><G105/><T119/><D41/><N who="3" m="15977" /><G34/><T62/><D62/><N who="1" m="36175" /><E1/><V6/><F6/><W122/><G122/><T22/><D119/><U66/><E66/><V47/><REACH who="2" step="1"/><F7/><REACH who="2" ten="211,322,269,188" step="2"/><W64/><G64/><T74/><D74/><U86/><E87/><V116/><F116/><W57/><G57/><T38/><D128/><U90/><E90/><AGARI ba="0,1" hai="20,26,30,48,55,56,88,89,90,93,99" m="15977" machi="90" ten="30,2000,0" yaku="8,1,54,1" doraHai="97" who="3" fromWho="1" sc="211,0,322,-20,269,0,188,30" /><INIT seed="3,0,0,1,5,35" ten="211,302,269,218" oya="3" hai0="95,20,4,44,93,81,125,40,107,98,0,77,52" hai1="113,89,105,50,73,83,18,88,72,102,131,28,65" hai2="56,99,91,24,86,122,1,78,34,71,43,90,10" hai3="38,53,94,30,69,104,32,82,115,42,80,16,96"/><W37/><G115/><T106/><D125/><U123/><E28/><V62/><F71/><W70/><G104/><T45/><D20/><U103/><E65/><V97/><F122/><W21/><G30/><T46/><D40/><U79/><E50/><V47/><F34/><W39/><G32/><T31/><D31/><U129/><E18/><V8/><F24/><W12/><G42/><T100/><D106/><U60/><E60/><V55/><F78/><W132/><G132/><T110/><D110/><U75/><E113/><V7/><F10/><W29/><G29/><T63/><D4/><U48/><E48/><V114/><F91/><N who="1" m="34889" /><E123/><V36/><REACH who="2" step="1"/><F114/><REACH who="2" ten="211,302,259,218" step="2"/><W15/><G69/><T119/><D119/><U108/><E108/><V57/><F57/><W109/><G109/><T116/><D116/><U23/><E23/><V133/><F133/><W14/><G70/><T58/><REACH who="0" step="1"/><D0/><REACH who="0" ten="201,302,259,218" step="2"/><U26/><E26/><V120/><F120/><W126/><G126/><T5/><D5/><U2/><E2/><V130/><F130/><N who="1" m="49673" /><E105/><V87/><F87/><AGARI ba="0,2" hai="44,45,46,52,58,63,77,81,87,93,95,98,100,107" machi="87" ten="40,2600,0" yaku="1,1,54,1,53,0" doraHai="35" doraHaiUra="33" who="0" fromWho="2" sc="201,46,302,0,259,-26,218,0" /><AGARI ba="0,0" hai="72,73,75,79,83,87,102,103" m="49673,34889" machi="87" ten="40,8000,1" yaku="19,1,34,2,54,1" doraHai="35" who="1" fromWho="2" sc="247,0,302,80,233,-80,218,0" owari="247,4.7,382,48.2,153,-34.7,218,-18.2" /></mjloggm>