<mjloggm ver="2.3"><GO type="225" lobby="0"/><UN n0="%74%61%6B%75%61%6B%61" n1="%E7%89%B9%E6%9D%B1%E3%81%AF%E4%B8%96%E7%95%8C%E3%82%92%E6%95%91%E3%81%86" n2="%E3%81%A1%E3%82%85%E3%81%86%E3%81%A9%E3%81%8F%E8%B1%A1%E3%81%95%E3%82%93" n3="%E9%80%9F%E6%B0%B4%E5%87%9B%E9%A6%99" dan="17,16,17,16" rate="2167.09,2151.86,2133.83,2108.28" sx="M,M,M,F"/><TAIKYOKU oya="0"/><INIT seed="0,0,0,4,2,1" ten="250,250,250,250" oya="0" hai0="42,101,53,103,111,100,80,105,86,17,23,134,88" hai1="126,77,85,6,5,57,83,56,69,3,124,0,110" hai2="118,9,8,115,54,52,89,76,117,102,75,120,78" hai3="81,133,107,26,94,109,49,18,58,114,70,97,104"/><T29/><D29/><U60/><E69/><V128/><F115/><W87/><G70/><T79/><D79/><N who="2" m="30250" /><F75/><W36/><G36/><T116/><D116/><N who="2" m="44650" /><F102/><W30/><G114/><T32/><D32/><U48/><E110/><V10/><F128/><W7/><G109/><T122/><D122/><U64/><E3/><V22/><F120/><W24/><G133/><T25/><D25/><U112/><E112/><V125/><F125/><N who="1" m="48233" /><E0/><V135/><F135/><W74/><G74/><T4/><D4/><N who="1" m="1643" /><E48/><V71/><F71/><W59/><G49/><T82/><D82/><U92/><E57/><V50/><F89/><W15/><G59/><T55/><D55/><N who="2" m="21034" /><F50/><W34/><G58/><T72/><D72/><U35/><E35/><V99/><F22/><W11/><G81/><T123/><D123/><U90/><E92/><V14/><F99/><W46/><G46/><T47/><D47/><U2/><E2/><V12/><AGARI ba="0,0" hai="8,9,10,12,14" m="21034,44650,30250" machi="12" ten="40,8000,1" yaku="28,2,12,1,54,1" doraHai="1" who="2" fromWho="2" sc="250,-40,250,-20,250,80,250,-20" /><INIT seed="1,0,0,0,1,120" ten="210,230,330,230" oya="1" hai0="67,91,73,117,69,6,115,95,92,64,9,54,112" hai1="29,98,127,50,58,76,123,10,111,8,126,79,14" hai2="113,133,60,102,86,57,1,37,13,89,125,122,38" hai3="81,25,80,21,100,32,46,68,61,103,65,105,42"/><U106/><E123/><V15/><F1/><W116/><G116/><T109/><D109/><U18/><E29/><V23/><F122/><W71/><G71/><T3/><D3/><U96/><E8/><V108/><F113/><W72/><G72/><T63/><D63/><U82/><E111/><V129/><F108/><W0/><G0/><T34/><D34/><U77/><E82/><V56/><F102/><W114/><G114/><T28/><D28/><U62/><E50/><V31/><F23/><W110/><G110/><T93/><D93/><U43/><E43/><V2/><F31/><N who="3" m="19567" /><G21/><T104/><D104/><U40/><E40/><V132/><F37/><N who="3" m="21839" /><G103/><T51/><D51/><U19/><E19/><V52/><F38/><W135/><G135/><T97/><D97/><AGARI ba="0,0" hai="61,65,68,80,81,97,100,105" m="21839,19567" machi="97" ten="30,1000,0" yaku="25,1" doraHai="120" who="3" fromWho="0" sc="210,-10,230,0,330,0,230,10" /><INIT seed="2,0,0,3,3,128" ten="200,230,330,240" oya="2" hai0="6,95,81,112,18,68,90,77,29,127,27,10,101" hai1="79,113,109,63,65,122,4,19,94,104,8,42,97" hai2="49,41,107,124,134,30,85,55,34,120,36,105,35" hai3="74,54,123,53,23,118,72,130,66,32,87,71,48"/><V67/><F120/><W0/><G32/><T16/><D16/><U121/><E113/><V84/><F67/><W131/><G0/><T92/><D92/><U57/><E109/><V103/><F55/><W96/><G123/><N who="1" m="47114" /><E79/><V133/><F49/><W78/><G118/><T37/><D37/><U88/><E42/><V14/><F124/><W119/><G119/><T91/><D91/><U93/><E19/><V38/><F14/><W5/><G5/><T13/><D13/><N who="1" m="5255" /><E93/><V15/><F15/><W114/><G114/><T76/><D76/><U33/><E33/><V125/><F125/><W64/><G78/><T98/><D98/><U70/><E104/><V83/><F83/><W117/><G96/><T26/><D26/><U3/><E3/><V106/><F103/><W116/><G87/><N who="2" m="33353" /><F41/><W59/><G117/><T62/><D62/><U69/><AGARI ba="0,0" hai="57,63,65,69,70,88,94,97" m="5255,47114" machi="69" ten="30,2000,0" yaku="13,1,54,1" doraHai="128" who="1" fromWho="1" sc="200,-5,230,20,330,-10,240,-5" /><INIT seed="3,0,0,3,5,82" ten="195,250,320,235" oya="3" hai0="88,11,16,21,135,124,28,20,62,6,126,134,26" hai1="57,78,18,24,15,10,118,119,65,45,114,90,48" hai2="101,33,106,34,84,30,80,42,86,14,9,72,52" hai3="107,23,46,8,89,122,76,103,125,58,60,32,77"/><W96/><G122/><T64/><D64/><U116/><E114/><V120/><F42/><W22/><G32/><T127/><D127/><U54/><E78/><V95/><F120/><W79/><G125/><T67/><D67/><U133/><E133/><V73/><F106/><W40/><G8/><T49/><D49/><U50/><E24/><V104/><F104/><W38/><REACH who="3" step="1"/><G89/><REACH who="3" ten="195,250,320,225" step="2"/><T17/><D17/><U70/><E90/><N who="2" m="53703" /><F33/><W99/><G99/><T74/><D74/><U31/><E31/><V128/><F34/><W112/><G112/><T93/><D93/><U35/><E35/><V25/><F73/><W83/><G83/><T13/><D13/><U5/><E18/><V130/><F80/><W44/><G44/><T61/><D61/><N who="1" m="40239" /><E45/><V0/><F9/><W27/><G27/><T56/><D56/><U41/><E57/><V110/><F25/><W29/><G29/><T69/><D69/><U121/><E121/><V4/><F30/><W111/><G111/><T132/><D132/><U131/><E15/><V63/><F110/><W53/><AGARI ba="0,1" hai="22,23,38,40,46,53,58,60,76,77,79,96,103,107" machi="53" ten="30,3000,0" yaku="1,1,0,1,53,0" doraHai="82" doraHaiUra="81" who="3" fromWho="3" sc="195,-10,250,-10,320,-10,225,40" /><INIT seed="3,1,0,1,0,2" ten="185,240,310,265" oya="3" hai0="5,9,43,20,58,47,125,90,0,92,103,21,24" hai1="82,16,72,81,121,75,101,29,113,40,62,132,112" hai2="123,18,19,133,115,22,78,61,4,32,39,27,63" hai3="31,119,93,114,26,66,25,46,99,7,50,49,128"/><W67/><G119/><T15/><D15/><U73/><E29/><V35/><F115/><N who="1" m="44105" /><E16/><V14/><F39/><W77/><G114/><T105/><D105/><U74/><E62/><V71/><F78/><W51/><G77/><T91/><D91/><U134/><N who="1" m="18432" /><DORA hai="130" /><U122/><E101/><V52/><F63/><W95/><G128/><T108/><D108/><U23/><E23/><V57/><F71/><W68/><G68/><T59/><D59/><U55/><E55/><V126/><F52/><W64/><G46/><T44/><D44/><U127/><E40/><V65/><F61/><W42/><G42/><T54/><D54/><U89/><E127/><V79/><F19/><W110/><G110/><T116/><D116/><U94/><E82/><V97/><F18/><W60/><G60/><T120/><D120/><N who="1" m="46187" /><E81/><V83/><F123/><W87/><G31/><T17/><D17/><U6/><E6/><V109/><F4/><W28/><G28/><T88/><D88/><U30/><E30/><V36/><F83/><W86/><G7/><T41/><D41/><U117/><E117/><V33/><F36/><W98/><G25/><T53/><D53/><U104/><E104/><V1/><F126/><W124/><G26/><T129/><D129/><U76/><E76/><V11/><F27/><W118/><G118/><T100/><D100/><U56/><E56/><V80/><F57/><W106/><G106/><T13/><D13/><U45/><E45/><V8/><F14/><W34/><G124/><T12/><D12/><U48/><E48/><V37/><F79/><W84/><G34/><RYUUKYOKU ba="1,0" sc="185,-15,240,15,310,-15,265,15" hai1="89,94,132,134" hai3="49,50,51,64,66,67,84,86,87,93,95,98,99" /><INIT seed="3,2,0,3,5,61" ten="170,255,295,280" oya="3" hai0="106,124,34,57,101,21,83,89,103,121,65,84,109" hai1="90,45,44,25,41,46,59,47,42,79,75,38,3" hai2="99,13,87,93,22,27,74,48,128,105,102,5,36" hai3="8,107,76,17,112,49,40,117,4,127,133,51,60"/><W62/><G107/><T58/><D121/><U125/><E3/><V134/><F36/><W114/><G117/><T80/><D34/><U78/><E125/><V35/><F74/><W120/><G120/><T88/><D109/><U20/><E75/><V15/><F35/><W110/><G127/><T6/><D124/><U94/><E59/><V70/><F70/><W122/><G122/><T32/><D32/><U131/><E131/><V96/><F87/><W50/><G133/><T11/><D21/><U43/><N who="1" m="11264" /><DORA hai="10" /><U1/><E1/><V31/><F128/><W52/><G40/><T23/><D23/><U81/><E81/><V33/><F134/><W82/><G110/><T130/><D130/><U68/><E68/><V0/><F48/><W56/><G17/><T77/><D106/><U30/><REACH who="1" step="1"/><E38/><REACH who="1" ten="170,245,295,280" step="2"/><V18/><F18/><W14/><BYE who="2" /><REACH who="3" step="1"/><G62/><REACH who="3" ten="170,245,295,270" step="2"/><UN n2="%E3%81%A1%E3%82%85%E3%81%86%E3%81%A9%E3%81%8F%E8%B1%A1%E3%81%95%E3%82%93" /><T91/><D77/><U28/><E28/><V29/><F31/><W132/><G132/><T2/><D101/><U55/><E55/><V63/><F63/><W97/><G97/><AGARI ba="2,2" hai="20,25,30,41,42,43,78,79,90,94,97" m="11264" machi="97" ten="50,3200,0" yaku="1,1,8,1,53,0" doraHai="61,10" doraHaiUra="7,71" who="1" fromWho="3" sc="170,0,245,58,295,0,270,-38" owari="170,-33.0,303,40.3,295,9.5,232,-16.8" /></mjloggm>