<mjloggm ver="2.3"><GO type="225" lobby="0"/><UN n0="%72%61%6B%33" n1="%E3%81%BF%E3%81%BF%E3%81%9A" n2="%E3%83%97%E3%83%AC%E3%83%B4%E3%82%A1%E3%83%86%E3%82%A3" n3="%E3%81%8B%E3%82%8F%E3%81%A1%E3%82%83%E3%82%93%35%38" dan="16,16,16,16" rate="2044.04,2160.41,2068.12,2157.27" sx="M,M,F,M"/><TAIKYOKU oya="0"/><INIT seed="0,0,0,2,3,17" ten="250,250,250,250" oya="0" hai0="85,127,86,120,104,109,5,119,68,121,21,82,101" hai1="41,130,31,59,55,7,99,123,8,96,92,135,65" hai2="50,97,24,88,54,124,0,116,33,10,126,83,81" hai3="74,48,35,73,107,42,40,13,63,16,62,51,29"/><T89/><D68/><U80/><E130/><V90/><F116/><W106/><G29/><T100/><D5/><U129/><E129/><V30/><F0/><W44/><G35/><T49/><D49/><U52/><E123/><V69/><F69/><W14/><G16/><T23/><D119/><U43/><E135/><V72/><F10/><W56/><G56/><T93/><D127/><N who="2" m="48682" /><F97/><W60/><REACH who="3" step="1"/><G63/><REACH who="3" ten="250,250,250,240" step="2"/><T132/><D132/><U38/><E31/><V22/><F33/><W128/><G128/><T117/><D117/><U75/><E59/><N who="2" m="33239" /><F81/><W71/><G71/><T45/><D82/><U66/><E80/><V20/><F83/><W61/><G61/><T64/><D121/><U134/><E134/><V79/><F79/><W103/><G103/><T113/><D101/><U18/><E18/><N who="2" m="12311" /><F72/><W26/><G26/><AGARI ba="0,1" hai="22,26,30,88,90" m="12311,33239,48682" machi="26" ten="30,7700,0" yaku="18,1,52,2,54,1" doraHai="17" who="2" fromWho="3" sc="250,0,250,0,250,87,240,-77" /><INIT seed="1,0,0,1,1,49" ten="250,250,337,163" oya="1" hai0="34,83,46,125,119,27,21,86,105,74,33,31,4" hai1="72,101,121,1,102,0,55,124,129,3,123,29,97" hai2="106,128,39,81,131,111,47,113,118,91,103,56,26" hai3="75,11,20,60,51,28,92,120,104,15,43,6,57"/><U22/><E72/><V23/><F118/><W58/><G120/><T14/><D119/><U62/><E124/><V87/><F111/><W114/><G114/><T50/><D105/><U90/><E129/><N who="2" m="49739" /><F113/><W126/><G75/><T70/><D70/><U109/><E90/><V112/><F112/><W40/><G104/><T79/><D74/><U65/><E109/><V59/><F106/><W73/><G73/><T89/><D89/><U95/><E102/><V117/><F103/><W77/><G77/><T2/><D2/><U88/><E101/><V82/><F82/><W127/><G127/><T115/><D125/><U85/><E97/><V63/><F117/><W35/><G35/><T52/><REACH who="0" step="1"/><D115/><REACH who="0" ten="240,250,337,163" step="2"/><U45/><E121/><V67/><F91/><W107/><G107/><T41/><D41/><U44/><E123/><V98/><F98/><W13/><G126/><T108/><D108/><U76/><E76/><V36/><F87/><W132/><G43/><T16/><D16/><U134/><E134/><V7/><F81/><W135/><G135/><T116/><D116/><U61/><E1/><V122/><F7/><W17/><G132/><T24/><D24/><N who="1" m="16535" /><E0/><V64/><F122/><W8/><G92/><T19/><D19/><U9/><E3/><V84/><F84/><W110/><G110/><T38/><D38/><U80/><E80/><V71/><F39/><W133/><G133/><T30/><D30/><U12/><E85/><V100/><F36/><W10/><G28/><T5/><D5/><N who="1" m="3119" /><E88/><V32/><F100/><W130/><G130/><T78/><D78/><U25/><E25/><RYUUKYOKU ba="0,1" sc="240,30,250,-10,337,-10,163,-10" hai0="4,14,21,27,31,33,34,46,50,52,79,83,86" /><INIT seed="2,1,1,3,5,79" ten="270,240,327,153" oya="2" hai0="119,36,9,50,18,78,66,65,43,75,116,44,135" hai1="8,128,23,45,16,41,95,38,72,130,129,77,21" hai2="90,17,94,84,15,62,132,53,91,112,11,115,121" hai3="92,131,97,82,118,88,2,126,86,0,24,68,28"/><V39/><F39/><W10/><G118/><N who="0" m="45099" /><D135/><U98/><E72/><V103/><F132/><W74/><G131/><T51/><D78/><U71/><E71/><V99/><F121/><W63/><G126/><T7/><D75/><U76/><E21/><V32/><F32/><W70/><G74/><T64/><D18/><U89/><REACH who="1" step="1"/><E8/><REACH who="1" ten="270,230,327,153" step="2"/><V133/><F133/><W134/><G134/><T48/><D9/><U85/><E85/><V19/><F112/><W29/><G29/><T61/><D7/><U20/><E20/><V105/><F115/><W22/><G10/><T47/><D47/><U110/><E110/><V81/><F19/><W69/><REACH who="3" step="1"/><G63/><AGARI ba="1,2" hai="36,43,44,48,50,51,61,63,64,65,66" m="45099" machi="63" ten="40,5200,0" yaku="12,1,34,2" doraHai="79" who="0" fromWho="3" sc="270,75,230,0,327,0,153,-55" /><INIT seed="3,0,0,5,3,59" ten="345,230,327,98" oya="3" hai0="2,128,48,132,130,113,99,92,120,14,114,95,86" hai1="47,98,55,100,87,61,126,43,83,80,116,58,121" hai2="134,135,119,105,76,70,9,117,104,78,56,28,68" hai3="30,39,90,94,33,6,110,124,72,122,65,109,27"/><W32/><G122/><T91/><D2/><U102/><E126/><V53/><F9/><W111/><G124/><T93/><D120/><U131/><E116/><N who="2" m="44619" /><F28/><W62/><G72/><T115/><D132/><N who="2" m="50730" /><F53/><W106/><G106/><N who="2" m="41065" /><F56/><N who="3" m="37063" /><G39/><T60/><D60/><U35/><E131/><N who="0" m="50217" /><D99/><U42/><E121/><V15/><F15/><W108/><N who="3" m="27648" /><DORA hai="84" /><W123/><G123/><T129/><D129/><U24/><E83/><V81/><F81/><W1/><G1/><T38/><D38/><U49/><E98/><V88/><F88/><W97/><G6/><T4/><D48/><U73/><E42/><V8/><F8/><AGARI ba="0,0" hai="4,8,14,86,91,92,93,95,113,114,115" m="50217" machi="8" ten="40,5200,0" yaku="11,1,19,1,52,1" doraHai="59,84" who="0" fromWho="2" sc="345,52,230,0,327,-52,98,0" owari="397,49.7,230,-17.0,275,7.5,98,-40.2" /></mjloggm>