<mjloggm ver="2.3"><GO type="225" lobby="0"/><UN n0="%E5%B0%8F%E9%B3%A5%E9%81%8A%E7%B7%B4%E7%84%A1%32%31%E6%AD%B3" n1="%E5%B8%86%E7%AB%8B%E5%A4%8F%E8%A1%A3" n2="%E8%BE%9B%E5%8F%A3%E3%82%AB%E3%83%AC%E3%83%BC%E3%83%A9%E3%82%A4%E3%82%B9" n3="%E3%81%AA%E3%81%A1%30%39%32%37" dan="16,16,16,16" rate="2159.62,2092.42,2204.12,2111.16" sx="F,M,M,M"/><TAIKYOKU oya="0"/><INIT seed="0,0,0,5,1,130" ten="250,250,250,250" oya="0" hai0="109,111,55,10,71,62,47,6,43,34,37,29,19" hai1="54,2,18,77,74,26,121,88,1,33,61,113,115" hai2="56,135,127,50,66,120,87,64,92,38,89,42,108" hai3="68,122,12,86,83,30,3,126,51,91,119,49,20"/><T22/><D34/><U45/><E121/><V52/><F120/><W4/><G122/><T44/><D29/><U31/><E18/><V48/><F108/><N who="0" m="41546" /><D47/><U85/><E77/><V27/><F127/><W134/><G68/><T104/><D104/><U129/><E74/><V16/><F135/><W114/><G114/><N who="1" m="43530" /><E129/><V23/><F38/><W132/><G119/><T96/><D96/><U116/><E116/><V28/><F28/><W93/><G126/><T110/><N who="0" m="41554" /><T21/><DORA hai="97" /><D19/><U95/><E61/><V14/><F27/><W41/><G30/><T32/><D32/><U15/><E15/><V90/><F90/><W67/><G12/><N who="0" m="5207" /><D55/><U99/><E99/><V0/><F0/><W39/><G3/><T17/><D17/><U7/><E7/><V106/><F106/><W131/><G4/><T72/><D72/><U84/><E84/><V103/><F103/><W94/><G20/><N who="0" m="7787" /><D62/><U80/><E2/><V25/><F25/><W8/><G131/><T81/><D81/><U24/><E1/><V46/><AGARI ba="0,0" hai="14,16,23,42,46,48,50,52,56,64,66,87,89,92" machi="46" ten="30,12000,2" yaku="0,1,25,2,8,1,54,2" doraHai="130,97" who="2" fromWho="2" sc="250,-60,250,-30,250,120,250,-30" /><INIT seed="1,0,0,4,0,70" ten="190,220,370,220" oya="1" hai0="121,13,26,112,73,57,98,95,92,52,131,106,24" hai1="29,81,40,83,76,93,129,6,44,23,61,110,87" hai2="135,49,127,94,117,3,16,103,120,50,119,69,55" hai3="63,25,28,79,12,4,43,84,2,133,33,122,77"/><U47/><E110/><V39/><F120/><W54/><G122/><T90/><D121/><U101/><E129/><V17/><F69/><W9/><G133/><T18/><D112/><U7/><E61/><V134/><F3/><W82/><G43/><T34/><D73/><U88/><E101/><V86/><F39/><W124/><G124/><T74/><D74/><U109/><E109/><V36/><F36/><W72/><G72/><T85/><D106/><U46/><E40/><V11/><F127/><W115/><G115/><T60/><D34/><U125/><E125/><V105/><F105/><W104/><G104/><T10/><REACH who="0" step="1"/><D131/><REACH who="0" ten="180,220,370,220" step="2"/><U48/><E48/><V108/><F50/><W91/><G2/><T80/><D80/><N who="1" m="30795" /><E76/><V102/><F49/><W41/><G79/><T62/><D62/><U21/><E29/><V14/><F134/><W31/><G31/><T97/><D97/><U126/><E126/><V99/><F135/><W100/><G77/><T89/><AGARI ba="0,1" hai="10,13,18,24,26,52,57,60,85,89,90,92,95,98" machi="89" ten="20,8000,1" yaku="1,1,0,1,7,1,8,1,54,1,53,0" doraHai="70" doraHaiUra="67" who="0" fromWho="0" sc="180,90,220,-40,370,-20,220,-20" /><INIT seed="2,0,0,2,2,30" ten="270,180,350,200" oya="2" hai0="127,9,21,28,106,115,67,92,14,96,88,17,134" hai1="121,77,39,73,76,86,15,93,118,75,108,31,48" hai2="26,78,123,42,44,69,130,40,43,105,51,85,94" hai3="38,79,82,112,70,12,109,102,1,3,84,90,83"/><V18/><F123/><W135/><G70/><T10/><D115/><U13/><E39/><V99/><F69/><W16/><G112/><T128/><D128/><U0/><E0/><V95/><F105/><W61/><G109/><T64/><D134/><U57/><E118/><V20/><F130/><W32/><G135/><T24/><D127/><U65/><E108/><V63/><F63/><W119/><G119/><T126/><D126/><U104/><E104/><V29/><F29/><W97/><G38/><T36/><D36/><U23/><E121/><V55/><REACH who="2" step="1"/><F99/><REACH who="2" ten="270,180,340,200" step="2"/><W101/><G61/><T27/><D106/><U100/><E31/><V22/><F22/><W56/><G97/><T35/><REACH who="0" step="1"/><D9/><REACH who="0" ten="260,180,340,200" step="2"/><U133/><E133/><V59/><F59/><W8/><G56/><T19/><AGARI ba="0,2" hai="10,14,17,19,21,24,27,28,35,64,67,88,92,96" machi="19" ten="20,12000,2" yaku="1,1,2,1,0,1,7,1,52,1,54,1,53,0" doraHai="30" doraHaiUra="47" who="0" fromWho="0" sc="260,140,180,-30,340,-60,200,-30" /><INIT seed="3,0,0,1,1,56" ten="400,150,280,170" oya="3" hai0="16,54,24,14,105,123,11,28,88,53,115,131,8" hai1="135,120,62,30,39,119,83,52,42,46,35,128,20" hai2="5,82,92,93,127,31,63,58,100,104,19,13,55" hai3="43,27,59,118,15,109,84,74,78,132,79,111,37"/><W50/><G118/><T97/><D123/><U125/><E120/><V36/><F127/><W85/><G37/><T91/><D131/><U112/><E112/><V4/><F36/><W113/><G113/><T9/><D115/><U80/><E35/><V40/><F40/><W87/><G74/><T77/><D77/><N who="3" m="29193" /><G27/><T65/><D65/><U103/><E125/><V25/><F104/><W6/><G6/><T22/><D105/><U106/><E135/><V29/><F82/><W0/><G0/><T81/><D97/><U107/><E128/><V67/><F55/><N who="0" m="21002" /><D91/><U95/><E107/><V7/><F100/><W102/><G102/><T114/><D114/><U2/><E2/><V45/><F45/><N who="3" m="25919" /><G15/><T130/><D130/><U10/><E106/><V99/><F99/><W64/><G132/><T71/><D71/><U75/><E75/><V116/><F116/><W124/><G124/><T90/><D90/><U117/><E117/><V122/><F122/><W41/><G41/><T89/><D89/><U44/><E119/><V69/><F69/><W121/><G121/><T57/><D57/><N who="1" m="35111" /><E46/><V1/><F1/><W94/><G59/><T48/><D48/><U47/><E47/><V17/><F17/><W66/><G94/><T38/><D38/><U32/><E32/><V134/><F134/><W76/><N who="3" m="29201" /><W72/><DORA hai="49" /><G72/><T12/><D14/><U60/><E103/><V61/><F13/><W133/><G133/><T34/><D34/><U86/><E95/><V33/><F92/><W73/><G73/><T51/><D51/><U18/><E39/><V98/><F93/><RYUUKYOKU ba="0,0" sc="400,15,150,-15,280,-15,170,15" hai0="8,9,11,12,16,22,24,28,81,88" hai3="64,66,84,85,87,109,111" /><INIT seed="3,1,0,4,5,30" ten="415,135,265,185" oya="3" hai0="110,104,84,107,88,27,32,10,100,102,134,96,19" hai1="81,33,31,133,131,83,57,45,105,118,18,40,47" hai2="48,75,114,2,120,6,65,14,119,54,11,21,115" hai3="20,67,117,80,50,123,128,135,34,97,13,101,126"/><W44/><G117/><T112/><D110/><U109/><E109/><V103/><F119/><W56/><G34/><T35/><D134/><U66/><E118/><V124/><F75/><W77/><G123/><T60/><D60/><U39/><E105/><V59/><F124/><W121/><G121/><T73/><D73/><U41/><E131/><V38/><F120/><W61/><G135/><T130/><D130/><U89/><E133/><V90/><F38/><W12/><G126/><T63/><D63/><U95/><E66/><V132/><F132/><W93/><G20/><T24/><D112/><U78/><E57/><V99/><F90/><W86/><REACH who="3" step="1"/><G128/><REACH who="3" ten="415,135,265,175" step="2"/><T127/><D127/><U98/><E78/><V29/><F114/><W0/><G0/><T26/><D35/><U46/><E18/><V51/><F2/><W71/><G71/><T23/><D32/><U37/><REACH who="1" step="1"/><E47/><REACH who="1" ten="415,125,265,175" step="2"/><V94/><F115/><W76/><G76/><T52/><D23/><U9/><E9/><V25/><F21/><W28/><G28/><T85/><D10/><U68/><E68/><V70/><F70/><W79/><G79/><T82/><D19/><U15/><E15/><V3/><F14/><W1/><G1/><T92/><D26/><AGARI ba="1,2" hai="26,31,33,37,39,40,41,45,46,81,83,89,95,98" machi="26" ten="40,8000,1" yaku="1,1,9,1,52,1,53,1" doraHai="30" doraHaiUra="87" who="1" fromWho="0" sc="415,-83,125,103,265,0,175,0" owari="332,43.2,228,-17.2,265,6.5,175,-32.5" /></mjloggm>