<mjloggm ver="2.3"><GO type="225" lobby="0"/><UN n0="%E3%81%AF%E3%82%88%E3%81%8A%E3%81%98%E3%81%95%E3%82%93" n1="%E5%B8%86%E7%AB%8B%E5%A4%8F%E8%A1%A3" n2="%4E%49%4A%49%49%52%4F" n3="%72%61%6B%33" dan="16,17,16,16" rate="2160.43,2139.94,2141.95,2224.09" sx="M,M,M,M"/><TAIKYOKU oya="0"/><INIT seed="0,0,0,0,0,37" ten="250,250,250,250" oya="0" hai0="102,49,128,63,58,118,74,70,56,34,101,54,22" hai1="42,24,45,2,120,85,124,106,23,108,135,97,12" hai2="81,110,29,69,87,35,100,88,82,28,27,80,10" hai3="0,72,20,119,64,79,103,121,99,65,107,26,111"/><T38/><D34/><U19/><E120/><V129/><F110/><W62/><G111/><T78/><D118/><U46/><E108/><V104/><F129/><W90/><G119/><T60/><D38/><U57/><E124/><V67/><F29/><W98/><G121/><T105/><D128/><U16/><E135/><V133/><F133/><W125/><G125/><T13/><D70/><U15/><E2/><V122/><F10/><W109/><G0/><T21/><D105/><U75/><E75/><V91/><F87/><W41/><G109/><T48/><D74/><U59/><E106/><V33/><F33/><W50/><G79/><T30/><D78/><U25/><E97/><N who="2" m="61455" /><F122/><W73/><G64/><T130/><D130/><U39/><E85/><V94/><F94/><W84/><G98/><T11/><D101/><U92/><E92/><V18/><F18/><W134/><G134/><T17/><D102/><U40/><E39/><V7/><F7/><W113/><G113/><T96/><D96/><U51/><E51/><N who="0" m="19529" /><D30/><U5/><E23/><V89/><F81/><W44/><G20/><T52/><AGARI ba="0,0" hai="11,13,17,21,22,52,54,56,58,60,63" m="19529" machi="52" ten="30,3000,0" yaku="8,1,54,1" doraHai="37" who="0" fromWho="0" sc="250,30,250,-10,250,-10,250,-10" /><INIT seed="0,1,0,1,1,92" ten="280,240,240,240" oya="0" hai0="107,26,71,34,32,25,128,55,80,102,104,68,19" hai1="121,133,2,42,95,20,45,5,1,22,12,126,132" hai2="0,70,38,61,116,62,51,56,64,57,13,58,3" hai3="52,122,119,115,36,109,88,24,118,18,6,89,106"/><T131/><D55/><U60/><E121/><V114/><F114/><W66/><G115/><T111/><D80/><U91/><E60/><N who="2" m="40199" /><F13/><W63/><G122/><T134/><D102/><U44/><E126/><V103/><F103/><W113/><G113/><T124/><D19/><N who="1" m="10343" /><E22/><V65/><F0/><W17/><G36/><T87/><D87/><U108/><E108/><V100/><F3/><W125/><G109/><T15/><D15/><U135/><E5/><V105/><F100/><W97/><G6/><T79/><D79/><U123/><E45/><V59/><F105/><N who="0" m="40522" /><D111/><U110/><E123/><V53/><F116/><W28/><G125/><T129/><D124/><U130/><E130/><V81/><F81/><W82/><G82/><T120/><D120/><U16/><E16/><N who="3" m="6250" /><G119/><T47/><D47/><U48/><E110/><V112/><F112/><W11/><G118/><T30/><D134/><U40/><E40/><V78/><F78/><W29/><G106/><T98/><D98/><AGARI ba="1,0" hai="1,2,42,44,48,91,95,98,132,133,135" m="10343" machi="98" ten="30,2000,0" yaku="20,1,52,1" doraHai="92" who="1" fromWho="0" sc="280,-23,240,23,240,0,240,0" /><INIT seed="1,0,0,3,0,103" ten="257,263,240,240" oya="1" hai0="45,64,17,96,118,104,133,7,6,41,59,125,124" hai1="111,36,117,23,62,129,93,57,99,123,53,30,31" hai2="126,75,46,47,65,50,84,0,120,5,98,66,40" hai3="14,134,20,52,25,32,132,35,19,43,3,2,11"/><U73/><E117/><V80/><F120/><W54/><G43/><T128/><D118/><U63/><E123/><V88/><F126/><N who="0" m="48746" /><D128/><U16/><E129/><V102/><F75/><W85/><G85/><T116/><D116/><U76/><E36/><V92/><F0/><N who="3" m="43" /><G54/><T13/><D133/><N who="3" m="51305" /><G52/><T87/><D87/><U68/><E111/><V55/><REACH who="2" step="1"/><F5/><AGARI ba="0,0" hai="5,11,14,19,20,25,32,35" m="51305,43" machi="5" ten="30,3900,0" yaku="20,1,34,2" doraHai="103" who="3" fromWho="2" sc="257,0,263,0,240,-39,240,39" /><INIT seed="2,0,0,3,1,111" ten="257,263,201,279" oya="2" hai0="108,79,56,69,30,135,49,47,97,95,72,120,11" hai1="14,119,18,132,75,28,21,42,81,41,68,29,10" hai2="0,34,103,74,53,50,121,94,25,23,5,110,22" hai3="85,66,6,36,40,20,123,133,83,57,76,78,70"/><V114/><F121/><W63/><G133/><T37/><D69/><U88/><E119/><V91/><F74/><W116/><G116/><T96/><D120/><U62/><E132/><V45/><F110/><W44/><G123/><T99/><D108/><U101/><E101/><V113/><F103/><W35/><G35/><T84/><D135/><U105/><E105/><V59/><F34/><W52/><G20/><T7/><D30/><N who="1" m="11883" /><E68/><V82/><F82/><W9/><G78/><T104/><D104/><U86/><E75/><V90/><F90/><W115/><G115/><T54/><D37/><U19/><E62/><V26/><F5/><W4/><REACH who="3" step="1"/><G9/><REACH who="3" ten="257,263,201,269" step="2"/><T60/><D72/><U55/><E55/><N who="2" m="30159" /><F114/><W89/><G89/><T77/><D77/><U107/><E107/><V129/><F129/><W1/><G1/><T17/><D79/><U13/><AGARI ba="0,1" hai="10,13,14,18,19,21,41,42,81,86,88" m="11883" machi="13" ten="30,2000,0" yaku="8,1,54,1" doraHai="111" who="1" fromWho="1" sc="257,-5,263,30,201,-10,269,-5" /><INIT seed="3,0,0,3,0,101" ten="252,293,191,264" oya="3" hai0="31,24,125,36,82,116,61,88,109,108,121,16,92" hai1="91,123,98,106,2,104,54,75,23,67,11,28,87" hai2="18,4,76,1,32,72,79,112,81,78,47,124,110" hai3="96,5,135,59,95,21,131,114,12,126,14,35,15"/><W90/><G114/><T122/><D36/><U68/><E123/><V127/><F112/><W53/><G35/><T94/><D116/><U45/><E75/><V6/><F110/><N who="0" m="42602" /><D125/><N who="2" m="48202" /><F32/><W20/><G126/><T50/><D61/><U62/><E2/><V63/><F18/><W9/><G135/><T99/><D82/><U57/><E11/><N who="2" m="2447" /><F6/><W80/><G80/><T25/><D50/><U42/><E98/><V103/><F63/><W119/><G131/><T130/><D130/><U44/><E44/><V40/><F103/><W118/><G119/><T51/><D51/><AGARI ba="0,0" hai="40,47,51,72,76,78,79,81" m="2447,48202" machi="51" ten="30,1000,0" yaku="18,1" doraHai="101" who="2" fromWho="0" sc="252,-10,293,0,191,10,264,0" /><INIT seed="4,0,0,5,1,10" ten="242,293,201,264" oya="0" hai0="92,74,51,40,87,101,134,119,25,33,5,109,105" hai1="6,8,20,38,53,104,85,12,67,76,112,48,123" hai2="13,57,99,46,35,28,110,129,115,58,117,54,107" hai3="125,98,89,29,131,17,79,122,68,24,4,47,72"/><T97/><D119/><U43/><E123/><V78/><F110/><W3/><G68/><T26/><D74/><U1/><E104/><V77/><F117/><W106/><G89/><T128/><D109/><U73/><E112/><V23/><F115/><W37/><G17/><T80/><D128/><U70/><E70/><V62/><F129/><W42/><G131/><T34/><D134/><U59/><E67/><V44/><F35/><W64/><G64/><T39/><D39/><U95/><E1/><V91/><F57/><W63/><G63/><T31/><D5/><U118/><E20/><V9/><F107/><W94/><G94/><T93/><D40/><U32/><E32/><V86/><F99/><W19/><G19/><T69/><D51/><U45/><E118/><V133/><F133/><W60/><G60/><T84/><D84/><U15/><E73/><V66/><F23/><W102/><G125/><T88/><D69/><U49/><E38/><V50/><F28/><AGARI ba="0,0" hai="25,26,28,31,33,34,80,87,88,92,93,97,101,105" machi="28" ten="40,3900,0" yaku="9,1,54,1" doraHai="10" who="0" fromWho="2" sc="242,39,293,0,201,-39,264,0" /><INIT seed="4,1,0,4,4,0" ten="281,293,162,264" oya="0" hai0="81,134,49,4,110,59,18,45,31,70,68,98,16" hai1="91,29,93,48,90,6,109,28,37,129,17,53,124" hai2="2,32,20,7,72,121,112,21,83,38,113,92,56" hai3="97,99,89,116,76,133,82,30,51,34,40,46,78"/><T9/><D70/><U111/><E37/><V63/><F32/><W55/><G116/><T135/><D68/><U105/><E105/><V80/><F38/><W64/><G133/><N who="0" m="50699" /><D110/><U103/><E111/><V114/><F121/><W11/><G64/><T79/><D98/><N who="1" m="59855" /><E6/><V119/><F119/><W132/><G132/><T58/><D31/><N who="1" m="11851" /><E129/><V94/><F72/><W33/><G33/><T60/><D45/><N who="1" m="27791" /><E124/><V73/><F92/><W35/><G35/><T120/><D49/><U86/><E109/><V106/><F94/><W85/><G34/><T22/><D120/><U1/><E1/><V104/><F104/><W88/><G30/><T75/><D22/><N who="2" m="8810" /><F106/><W74/><G11/><T23/><D23/><U122/><E122/><V41/><F41/><W96/><REACH who="3" step="1"/><G40/><REACH who="3" ten="281,293,162,254" step="2"/><T126/><D126/><U3/><E3/><V101/><F73/><W5/><G5/><T108/><D108/><U36/><E17/><N who="0" m="6761" /><D60/><U69/><E69/><V13/><F2/><AGARI ba="1,1" hai="2,4,9,58,59,75,79,81" m="6761,50699" machi="2" ten="30,5800,0" yaku="20,1,52,1,54,1" doraHai="0" who="0" fromWho="2" sc="281,71,293,0,162,-61,254,0" owari="352,45.2,293,9.3,101,-39.9,254,-14.6" /></mjloggm>