<mjloggm ver="2.3"><GO type="225" lobby="0"/><UN n0="%E3%83%97%E3%83%AC%E3%83%B4%E3%82%A1%E3%83%86%E3%82%A3" n1="%E8%83%83%E3%81%A8%E8%85%B8" n2="%E3%82%A2%E3%82%A4%E3%82%B9%E3%83%86%E3%82%A3%E3%83%BC%E3%81%82%E3%81%B9" n3="%E3%82%B2%E3%82%B9%E8%8C%82%E5%8B%9D" dan="16,17,16,16" rate="2133.32,2242.05,2107.08,2064.70" sx="F,M,M,F"/><TAIKYOKU oya="0"/><INIT seed="0,0,0,5,3,71" ten="250,250,250,250" oya="0" hai0="128,94,102,112,86,70,31,28,110,18,62,32,34" hai1="10,135,125,24,122,15,101,4,123,108,116,53,85" hai2="132,120,14,93,74,19,60,69,38,35,133,64,52" hai3="68,127,79,2,84,81,92,44,61,46,47,87,130"/><T29/><D112/><U27/><E101/><V117/><F120/><N who="1" m="46121" /><E85/><V104/><F104/><W6/><G127/><T17/><D128/><U16/><E53/><V54/><F117/><W59/><G130/><T33/><D110/><U91/><E91/><V0/><F0/><W25/><G68/><T41/><D86/><U113/><E116/><V11/><F35/><W58/><G25/><N who="1" m="9802" /><E108/><V77/><F93/><W73/><G73/><T114/><D114/><U107/><E107/><V42/><F77/><W30/><G30/><T75/><D75/><U50/><E50/><V36/><F42/><W105/><G105/><T40/><D94/><U118/><E118/><V90/><F90/><W7/><G2/><T39/><D102/><U5/><E113/><V95/><F95/><W12/><G12/><T23/><D23/><N who="1" m="11679" /><E135/><N who="2" m="51787" /><F74/><W100/><G58/><T83/><D83/><U88/><E88/><V78/><F78/><W115/><G115/><T43/><D39/><AGARI ba="0,0" hai="11,14,19,36,38,39,52,54,60,64,69" m="51787" machi="39" ten="30,8000,1" yaku="20,1,52,3,54,1" doraHai="71" who="2" fromWho="0" sc="250,-80,250,0,250,80,250,0" /><INIT seed="1,0,0,5,5,127" ten="170,250,330,250" oya="1" hai0="111,10,64,21,77,33,78,107,85,28,37,62,69" hai1="100,124,122,15,121,1,29,126,52,101,26,116,110" hai2="94,76,57,7,114,118,106,6,70,133,35,45,56" hai3="20,74,50,30,23,82,58,117,25,42,103,63,66"/><U14/><E1/><V93/><F118/><W99/><G117/><T22/><D107/><U80/><E116/><V59/><F106/><W51/><G42/><T0/><D111/><U65/><E65/><V3/><F35/><W53/><G53/><T71/><D37/><U49/><E80/><V132/><F70/><W16/><G82/><T91/><D71/><U92/><E110/><V68/><F68/><W97/><G74/><T131/><D33/><N who="1" m="20663" /><E15/><V120/><F120/><W32/><G32/><T2/><D28/><U134/><E14/><V109/><F114/><W87/><G87/><T128/><D10/><U34/><E34/><V102/><F76/><N who="0" m="29290" /><D21/><U12/><E12/><V113/><F113/><W95/><REACH who="3" step="1"/><G97/><REACH who="3" ten="170,250,330,240" step="2"/><T104/><D22/><U5/><E122/><V38/><F109/><W67/><G67/><T90/><D104/><U19/><E121/><V119/><F119/><W84/><G84/><T75/><D75/><U9/><E124/><V112/><F112/><W86/><G86/><T81/><D90/><U54/><E126/><V130/><F94/><W4/><G4/><T27/><D27/><AGARI ba="0,1" hai="16,20,23,25,27,30,50,51,58,63,66,95,99,103" machi="27" ten="30,12000,2" yaku="1,1,7,1,25,2,8,1,54,1,53,0" doraHai="127" doraHaiUra="8" who="3" fromWho="0" sc="170,-120,250,0,330,0,240,130" /><INIT seed="2,0,0,1,5,24" ten="50,250,330,370" oya="2" hai0="49,77,78,46,82,116,105,21,32,65,35,68,101" hai1="27,73,7,113,2,126,97,80,81,115,90,119,12" hai2="79,106,33,9,57,28,120,130,98,94,14,75,93" hai3="64,112,26,100,34,91,67,111,62,102,52,22,74"/><V99/><F120/><W23/><G111/><T114/><D114/><U1/><E119/><V121/><F121/><W47/><G74/><T41/><D116/><U30/><E126/><V104/><F130/><W31/><G112/><T103/><D105/><U70/><E70/><V42/><F42/><W66/><G91/><T76/><D68/><U83/><E73/><V69/><F69/><W20/><REACH who="3" step="1"/><G62/><REACH who="3" ten="50,250,330,360" step="2"/><T8/><D65/><U38/><E115/><V72/><F72/><W89/><G89/><T50/><D35/><U43/><E113/><V4/><F75/><W11/><G11/><T25/><D32/><U36/><E90/><V127/><F79/><W44/><G44/><T71/><D71/><U29/><E97/><V58/><F127/><W39/><G39/><T60/><D60/><U132/><E36/><V124/><F124/><W19/><G19/><T48/><D8/><N who="1" m="4127" /><E38/><V84/><F99/><W53/><G53/><T51/><REACH who="0" step="1"/><D82/><REACH who="0" ten="40,250,330,360" step="2"/><U131/><E81/><V96/><F33/><W54/><G54/><T110/><D110/><U55/><E55/><V61/><F61/><W135/><G135/><T18/><AGARI ba="0,2" hai="18,21,25,41,46,48,49,50,51,76,77,78,101,103" machi="18" ten="30,4000,0" yaku="1,1,0,1,8,1,53,0" doraHai="24" doraHaiUra="107" who="0" fromWho="0" sc="40,60,250,-10,330,-20,360,-10" /><INIT seed="3,0,0,3,1,131" ten="100,240,310,350" oya="3" hai0="37,55,128,91,122,70,23,67,24,105,63,30,108" hai1="8,88,75,79,106,101,18,40,13,43,6,82,26" hai2="9,5,1,99,29,42,61,58,90,123,78,71,134" hai3="17,53,103,56,111,116,117,87,59,4,38,14,51"/><W19/><G38/><T32/><D128/><U98/><REACH who="1" step="1"/><E88/><REACH who="1" ten="100,230,310,350" step="2"/><V69/><F123/><W65/><G116/><T57/><D122/><U64/><E64/><V21/><F78/><W74/><G117/><T76/><D108/><U119/><E119/><V2/><F2/><W41/><G65/><T60/><D91/><U47/><E47/><V52/><F42/><W113/><G41/><T96/><D37/><U89/><E89/><V107/><F134/><W100/><G111/><T22/><REACH who="0" step="1"/><D76/><REACH who="0" ten="90,230,310,350" step="2"/><U15/><E15/><V49/><F90/><W33/><G14/><T11/><D11/><U97/><E97/><V3/><F3/><W66/><G113/><T121/><D121/><U94/><E94/><V0/><F1/><W28/><G66/><T129/><D129/><U85/><E85/><V102/><REACH who="2" step="1"/><F61/><REACH who="2" ten="90,230,300,350" step="2"/><W132/><G132/><T36/><D36/><U25/><E25/><AGARI ba="0,3" hai="0,5,9,21,25,29,49,52,58,69,71,99,102,107" machi="25" ten="40,5200,0" yaku="1,1,2,1,54,1,53,0" doraHai="131" doraHaiUra="120" who="2" fromWho="1" sc="90,0,230,-52,300,82,350,0" owari="90,-41.0,178,-22.2,382,48.2,350,15.0" /></mjloggm>