<mjloggm ver="2.3"><GO type="225" lobby="0"/><UN n0="%E3%81%BF%E3%81%BF%E3%81%9A" n1="%72%69%6F%75%63%68%61%6E" n2="%E3%81%B5%E3%81%98%E3%81%8B%E3%81%A4" n3="%E3%83%A9%E3%83%96%E3%83%AC%E3%83%BC" dan="17,16,16,17" rate="2250.97,2107.87,2211.58,2129.83" sx="M,M,M,M"/><TAIKYOKU oya="0"/><INIT seed="0,0,0,1,1,40" ten="250,250,250,250" oya="0" hai0="64,24,132,131,6,126,4,26,13,94,122,66,111" hai1="22,30,72,125,92,107,19,124,44,75,9,118,130" hai2="51,57,76,104,32,1,97,2,101,68,108,55,34" hai3="93,49,67,110,61,62,33,70,15,27,48,7,54"/><T47/><D122/><U43/><E118/><V36/><F108/><W90/><G110/><T96/><D111/><U114/><E130/><V45/><F76/><W58/><G7/><T95/><D131/><U35/><E114/><V17/><F17/><W59/><G70/><T42/><D126/><N who="1" m="48747" /><E107/><V128/><F128/><W50/><G33/><T120/><D132/><U39/><E9/><V80/><F80/><W52/><G15/><T31/><D120/><U56/><E56/><V73/><F73/><W102/><G102/><T89/><D95/><U46/><E92/><V78/><F78/><W91/><G27/><T21/><D26/><N who="1" m="18903" /><E44/><V74/><F74/><W135/><G135/><T77/><D77/><U113/><E113/><V119/><F119/><W63/><G91/><T20/><D4/><U105/><E105/><V23/><F23/><W25/><G25/><AGARI ba="0,0" hai="19,22,25,39,43,46,72,75" m="18903,48747" machi="25" ten="30,2000,0" yaku="18,1,52,1" doraHai="40" who="1" fromWho="3" sc="250,0,250,20,250,0,250,-20" /><INIT seed="1,0,0,5,2,38" ten="250,270,250,230" oya="1" hai0="72,6,1,21,110,117,95,112,20,131,17,104,18" hai1="76,54,55,88,127,5,123,41,101,82,47,122,132" hai2="130,64,22,119,89,74,97,15,16,128,96,11,33" hai3="66,23,28,99,4,52,45,0,37,75,39,7,118"/><U121/><E127/><V126/><F119/><W134/><G75/><T35/><D104/><U120/><E132/><V83/><F33/><W34/><G34/><T24/><D72/><U87/><E101/><V65/><F126/><W80/><G134/><T19/><D117/><U8/><N who="1" m="30720" /><DORA hai="85" /><U92/><E8/><V98/><F11/><W44/><G99/><T42/><D42/><U49/><REACH who="1" step="1"/><E5/><REACH who="1" ten="250,260,250,230" step="2"/><V9/><F9/><W32/><G7/><T78/><D6/><U113/><E113/><V73/><F74/><AGARI ba="0,1" hai="41,47,49,54,55,74,76,82,87,88,92" m="30720" machi="74" ten="70,12000,1" yaku="1,1,52,2,54,1,53,0" doraHai="38,85" doraHaiUra="31,135" who="1" fromWho="2" sc="250,0,260,130,250,-120,230,0" /><INIT seed="1,1,0,0,1,37" ten="250,390,130,230" oya="1" hai0="12,35,34,50,7,118,92,100,105,30,58,121,17" hai1="112,46,81,76,48,52,18,101,62,8,117,128,1" hai2="91,15,71,25,33,19,93,116,6,41,32,127,5" hai3="114,119,77,59,49,23,54,20,83,69,89,108,84"/><U51/><E112/><V79/><F116/><W73/><G114/><T26/><D118/><U36/><E117/><V60/><F127/><W3/><G119/><T2/><D121/><U10/><E128/><V120/><F79/><W82/><G69/><T102/><D105/><U124/><E124/><V78/><F78/><W135/><G3/><T39/><D39/><U40/><E101/><V63/><F120/><W107/><G107/><T133/><D133/><U122/><E122/><V98/><F33/><W64/><G135/><T106/><D106/><U4/><E18/><V130/><F130/><W95/><G108/><T38/><D38/><U74/><E8/><V72/><F72/><W104/><G104/><T80/><D35/><U103/><E103/><V61/><F71/><W55/><G64/><T0/><D80/><U75/><E74/><V97/><F97/><W11/><G83/><T129/><D129/><U14/><E14/><V94/><F94/><W65/><G65/><T27/><D27/><U115/><E115/><V44/><F25/><W53/><G11/><N who="0" m="2535" /><D92/><U43/><E40/><V47/><F32/><W29/><G29/><T126/><D2/><U56/><AGARI ba="1,0" hai="1,4,10,36,43,46,48,51,52,56,62,75,76,81" machi="56" ten="30,12000,1" yaku="0,1,25,2,52,1,54,1" doraHai="37" who="1" fromWho="1" sc="250,-41,390,123,130,-41,230,-41" /><INIT seed="1,2,0,5,0,27" ten="209,513,89,189" oya="1" hai0="110,33,74,126,93,120,78,5,40,61,53,92,135" hai1="85,84,59,7,130,63,129,100,133,114,37,10,95" hai2="34,76,12,58,16,19,24,91,22,73,121,134,88" hai3="115,43,118,119,57,48,103,67,41,83,26,90,112"/><U56/><E114/><N who="3" m="43562" /><G103/><T66/><D110/><U123/><E133/><V116/><F116/><N who="3" m="44587" /><G90/><T52/><D126/><U77/><E123/><V60/><F134/><W69/><G83/><T71/><D120/><U32/><E37/><V99/><F121/><W13/><G13/><T86/><D135/><U51/><E100/><V0/><F0/><W106/><G106/><T87/><D40/><N who="3" m="15433" /><G26/><T14/><D74/><U18/><E95/><N who="2" m="56807" /><F34/><W131/><G131/><T111/><D33/><U20/><E32/><V80/><F73/><W125/><G125/><T44/><D78/><U64/><E77/><V45/><F76/><W47/><G47/><T101/><D93/><U124/><E124/><V15/><F45/><W42/><N who="3" m="15441" /><W104/><DORA hai="23" /><G104/><T72/><D72/><U29/><E130/><V109/><F109/><W8/><G8/><N who="0" m="4367" /><D111/><U50/><E129/><V128/><F128/><W82/><G82/><T68/><D101/><U96/><E96/><V81/><F91/><W55/><G67/><T117/><D117/><U49/><E7/><V105/><F105/><W94/><G94/><T35/><D35/><U79/><E79/><V2/><F2/><W21/><G21/><T46/><D92/><U38/><E20/><N who="2" m="13343" /><F12/><W108/><G108/><T6/><D44/><U36/><E36/><V65/><AGARI ba="2,0" hai="15,16,22,58,60,65,80,81" m="13343,56807" machi="65" ten="30,7900,0" yaku="8,1,52,1,54,2" doraHai="27,23" who="2" fromWho="2" sc="209,-22,513,-41,89,85,189,-22" /><INIT seed="2,0,0,5,2,134" ten="187,472,174,167" oya="2" hai0="85,10,135,74,46,118,52,98,107,14,115,124,33" hai1="79,87,88,56,86,64,31,35,73,117,24,54,90" hai2="110,9,3,2,53,112,25,132,62,97,114,121,72" hai3="129,7,109,92,16,32,44,41,26,70,113,60,80"/><V100/><F121/><W1/><G129/><T111/><D74/><U61/><E117/><V91/><F132/><W30/><G109/><T8/><D33/><U130/><E130/><V93/><F72/><W47/><G113/><T55/><D115/><U20/><E35/><V120/><F120/><W59/><G70/><T83/><D124/><U116/><E116/><V68/><F110/><W101/><G80/><T66/><D118/><U49/><E73/><V29/><F91/><N who="1" m="34857" /><E79/><V71/><F71/><W43/><G7/><T50/><D66/><U65/><E65/><V89/><F100/><W95/><G1/><T77/><D8/><U69/><E69/><V78/><F78/><W106/><G106/><T5/><D111/><U17/><E31/><V57/><F68/><W34/><G34/><T122/><D122/><U23/><E23/><V6/><REACH who="2" step="1"/><F2/><REACH who="2" ten="187,472,164,167" step="2"/><W133/><G133/><T131/><D135/><U28/><E86/><V127/><F127/><W40/><G101/><N who="0" m="62903" /><D131/><U102/><E102/><V37/><F37/><W81/><G81/><T108/><D108/><U84/><E28/><V123/><F123/><W11/><G95/><T126/><D126/><U76/><E76/><V104/><F104/><W39/><G92/><T75/><D75/><U105/><E105/><V96/><F96/><W15/><G39/><T27/><D77/><U19/><E87/><V38/><F38/><W22/><G32/><AGARI ba="0,1" hai="3,6,9,25,29,32,53,57,62,89,93,97,112,114" machi="32" ten="30,2900,0" yaku="1,1,7,1,53,0" doraHai="134" doraHaiUra="99" who="2" fromWho="3" sc="187,0,472,0,164,39,167,-29" /><INIT seed="2,1,0,4,0,131" ten="187,472,203,138" oya="2" hai0="133,33,114,103,31,94,46,55,14,105,34,23,87" hai1="76,37,82,7,70,119,130,39,50,81,95,19,48" hai2="57,13,20,26,43,96,117,91,113,88,102,121,56" hai3="30,120,36,62,52,67,79,85,21,0,74,109,132"/><V8/><F117/><W89/><G120/><T128/><D114/><U12/><E119/><V98/><F121/><W35/><G35/><T5/><D128/><U38/><E130/><V4/><F43/><W45/><G0/><T69/><D69/><U53/><E70/><V28/><F113/><W93/><G109/><T22/><D105/><U15/><E95/><V58/><REACH who="2" step="1"/><F96/><REACH who="2" ten="187,472,193,138" step="2"/><W99/><G99/><T134/><D133/><U100/><E37/><V11/><F11/><W77/><G36/><T51/><D134/><U29/><E38/><V40/><F40/><W54/><G132/><T92/><D33/><U64/><E39/><V116/><F116/><W101/><G101/><T86/><D34/><U68/><E100/><V2/><F2/><W17/><G74/><T24/><D103/><U9/><E9/><V90/><F90/><W106/><G106/><AGARI ba="1,1" hai="4,8,13,20,26,28,56,57,58,88,91,98,102,106" machi="106" ten="40,7700,0" yaku="1,1,54,1,53,1" doraHai="131" doraHaiUra="25" who="2" fromWho="3" sc="187,0,472,0,193,90,138,-80" /><INIT seed="2,2,0,2,5,6" ten="187,472,283,58" oya="2" hai0="110,102,83,72,74,33,127,5,128,43,106,117,97" hai1="21,10,112,32,56,116,126,44,16,109,42,11,49" hai2="13,89,51,29,4,81,133,131,85,25,86,22,95" hai3="45,66,118,38,8,20,75,91,100,7,107,19,54"/><V84/><F133/><W113/><G118/><T3/><D117/><U124/><E32/><V35/><F131/><W60/><G113/><T80/><D128/><U23/><E112/><V70/><F70/><W78/><G107/><T98/><D110/><U73/><E109/><V114/><F114/><W129/><G129/><T101/><D43/><U24/><E73/><V94/><F35/><W99/><G75/><T53/><D53/><N who="1" m="31791" /><E23/><V103/><F51/><W125/><G125/><N who="1" m="48234" /><E116/><V82/><F103/><W121/><G121/><T130/><D127/><U64/><E64/><V59/><F59/><W104/><G78/><T123/><D5/><U88/><E88/><N who="2" m="51223" /><F86/><W77/><G77/><T76/><D3/><U34/><E34/><V58/><F58/><W27/><G91/><T2/><D2/><U28/><E28/><V50/><F50/><AGARI ba="2,0" hai="10,11,16,21,24,42,44,50" m="48234,31791" machi="50" ten="30,7700,0" yaku="18,1,52,2,54,1" doraHai="6" who="1" fromWho="2" sc="187,0,472,83,283,-83,58,0" /><INIT seed="3,0,0,1,5,100" ten="187,555,200,58" oya="3" hai0="116,38,120,129,24,19,127,61,1,31,65,105,113" hai1="103,83,0,78,43,50,130,46,23,98,97,20,111" hai2="69,37,62,53,17,22,25,34,32,75,92,51,85" hai3="124,132,41,70,93,112,12,104,133,30,109,47,68"/><W99/><G112/><T55/><D116/><U52/><E111/><V13/><F75/><W48/><G30/><T134/><D120/><U82/><E0/><V29/><F37/><W40/><G109/><T135/><D127/><U89/><E130/><V5/><F5/><W64/><G124/><T66/><D129/><U122/><E122/><V14/><F69/><W57/><G41/><T28/><D1/><U80/><E78/><V49/><F13/><W59/><G12/><T90/><D38/><U45/><E89/><V91/><F34/><W63/><G93/><T125/><D125/><U10/><E10/><N who="2" m="6359" /><F32/><W76/><G76/><T84/><D105/><U107/><REACH who="1" step="1"/><E97/><REACH who="1" ten="187,545,200,58" step="2"/><V44/><F91/><W126/><G126/><T101/><D101/><U9/><E9/><V58/><F85/><W2/><G2/><T36/><D36/><AGARI ba="0,1" hai="20,23,36,43,45,46,50,52,80,82,83,98,103,107" machi="36" ten="40,5200,0" yaku="1,1,52,1,54,1,53,0" doraHai="100" doraHaiUra="73" who="1" fromWho="0" sc="187,-52,545,62,200,0,58,0" owari="135,-26.5,607,70.7,200,0.0,58,-44.2" /></mjloggm>