<mjloggm ver="2.3"><GO type="225" lobby="0"/><UN n0="%E2%91%A3%E9%81%BF%E9%81%8A%E6%88%AF%E3%80%90%E6%9D%B1%E5%8D%97%E3%80%91" n1="%E6%A1%9C%E8%8A%B1%E9%96%83%E3%80%85" n2="%E3%83%8F%E3%82%AC%E3%82%BF%E3%82%AB%E3%81%AE%E3%81%88%E3%81%98%E3%81%8D" n3="%E3%81%B2%E3%81%AA%E3%81%AE%E3%82%8A%E3%81%8F" dan="16,17,16,16" rate="2116.66,2164.47,2139.86,2110.87" sx="M,M,M,M"/><TAIKYOKU oya="0"/><INIT seed="0,0,0,5,5,110" ten="250,250,250,250" oya="0" hai0="39,121,124,19,119,109,41,1,65,26,48,73,12" hai1="100,42,60,61,52,63,72,67,55,94,86,128,77" hai2="85,107,29,36,126,112,90,125,130,134,32,43,106" hai3="13,38,27,53,117,49,105,51,103,11,16,4,37"/><T84/><D1/><U6/><E128/><V81/><F130/><W68/><G68/><T40/><D121/><U92/><E72/><V10/><F134/><W114/><G117/><T8/><D73/><U89/><E77/><V88/><F112/><W118/><G118/><T0/><D119/><U80/><E67/><V2/><F32/><W79/><G79/><T31/><D39/><U122/><E122/><V30/><F43/><W9/><G114/><T95/><D0/><U129/><E129/><V66/><F36/><W82/><G82/><T132/><D132/><U17/><E6/><N who="2" m="1367" /><F90/><W45/><G27/><T104/><D104/><N who="2" m="39978" /><F66/><W113/><G113/><T20/><D109/><U123/><E42/><V99/><F99/><W54/><G103/><T91/><D124/><AGARI ba="0,0" hai="29,30,81,85,88,124,125,126" m="39978,1367" machi="124" ten="30,2000,0" yaku="18,1,54,1" doraHai="110" who="2" fromWho="0" sc="250,-20,250,0,250,20,250,0" /><INIT seed="1,0,0,5,2,12" ten="230,250,270,250" oya="1" hai0="40,82,74,68,43,55,112,50,78,8,11,56,6" hai1="54,124,90,122,65,29,111,101,91,9,89,42,77" hai2="132,53,1,15,23,22,64,17,14,0,28,120,100" hai3="113,108,19,98,117,94,125,104,115,32,110,126,63"/><U37/><E122/><V86/><F120/><W135/><G32/><T87/><D112/><N who="3" m="43081" /><G63/><T121/><D121/><U3/><E124/><N who="3" m="47722" /><G135/><T95/><D68/><U20/><E65/><V67/><F132/><W97/><G117/><T114/><D114/><U25/><E101/><V80/><F100/><N who="3" m="62487" /><G19/><T59/><D74/><U70/><E70/><V51/><F0/><W109/><G109/><T34/><D34/><U46/><E111/><V48/><F1/><W128/><G128/><T96/><D59/><U71/><E71/><V106/><F51/><W30/><G30/><T31/><D31/><U5/><E54/><V73/><F28/><W39/><G39/><T33/><D33/><U58/><E58/><V61/><F61/><W131/><G131/><T47/><D6/><U88/><N who="1" m="22528" /><DORA hai="16" /><U36/><REACH who="1" step="1"/><E77/><REACH who="1" ten="230,240,270,250" step="2"/><V13/><F67/><W76/><G76/><T21/><D78/><U4/><E4/><V85/><F64/><W35/><G35/><T107/><D56/><U134/><E134/><V99/><F53/><W116/><G116/><T10/><D55/><U103/><E103/><AGARI ba="0,1" hai="94,97,103,108,110" m="62487,47722,43081" machi="103" ten="30,3900,0" yaku="18,1,34,2" doraHai="12,16" who="3" fromWho="1" sc="230,0,240,-39,270,0,250,49" /><INIT seed="2,0,0,4,4,112" ten="230,201,270,299" oya="2" hai0="41,4,23,12,52,48,91,15,131,20,37,8,73" hai1="125,33,79,13,126,78,28,6,123,45,49,25,100" hai2="63,111,109,35,29,121,0,99,57,74,130,61,22" hai3="87,34,43,135,89,38,75,56,92,127,83,76,88"/><V55/><F121/><W67/><G34/><T69/><D131/><U82/><E123/><V116/><F0/><W53/><G135/><T36/><D41/><U40/><E100/><V103/><F74/><W132/><G132/><T72/><D69/><U14/><E79/><V98/><F35/><W39/><G67/><T54/><D54/><U80/><E80/><V68/><F130/><W97/><G43/><T10/><D37/><U110/><E110/><N who="2" m="41995" /><F103/><W31/><G31/><T21/><D36/><U64/><E64/><N who="2" m="40975" /><F116/><W27/><G27/><AGARI ba="0,0" hai="22,27,29,55,57,63,98,99" m="40975,41995" machi="27" ten="30,2900,0" yaku="14,1,10,1" doraHai="112" who="2" fromWho="3" sc="230,0,201,0,270,29,299,-29" /><INIT seed="2,1,0,1,0,22" ten="230,201,299,270" oya="2" hai0="1,51,80,96,28,90,55,82,64,63,20,34,79" hai1="75,67,123,44,57,105,7,86,33,38,37,9,91" hai2="62,110,66,85,81,134,70,107,103,25,45,125,132" hai3="0,95,135,114,116,111,115,102,10,121,40,98,47"/><V39/><F125/><W50/><G116/><T21/><D1/><U117/><E117/><V118/><F118/><W69/><G121/><T74/><D34/><U13/><E75/><V76/><F110/><W122/><G122/><T72/><D96/><U59/><E123/><V43/><F103/><W46/><G69/><T87/><D72/><U120/><E120/><V35/><REACH who="2" step="1"/><F107/><REACH who="2" ten="230,201,289,270" step="2"/><W56/><G111/><T131/><D131/><U101/><E101/><V16/><F16/><W106/><G106/><T61/><D28/><AGARI ba="1,1" hai="25,28,35,39,43,45,62,66,70,76,81,85,132,134" machi="28" ten="40,3900,0" yaku="1,1,52,1,53,0" doraHai="22" doraHaiUra="53" who="2" fromWho="0" sc="230,-42,201,0,289,52,270,0" /><INIT seed="2,2,0,3,0,57" ten="188,201,341,270" oya="2" hai0="3,26,90,130,107,59,37,106,122,11,124,2,12" hai1="41,56,22,39,21,64,53,112,82,77,127,47,121" hai2="95,38,68,49,29,117,25,80,60,74,44,51,58" hai3="48,14,33,45,40,18,61,54,85,46,16,5,32"/><V62/><F117/><W135/><G5/><T131/><D122/><U116/><E112/><V13/><F68/><W50/><G135/><T132/><D37/><U65/><E116/><V99/><F38/><W93/><G18/><T66/><D132/><U71/><E127/><V97/><F74/><W110/><G110/><T120/><D120/><U75/><E121/><V101/><F80/><W1/><G1/><T91/><D124/><U20/><REACH who="1" step="1"/><E71/><REACH who="1" ten="188,191,341,270" step="2"/><V15/><F97/><W118/><G118/><T102/><D131/><U88/><E88/><V79/><F79/><W76/><G33/><T34/><D130/><U96/><E96/><V87/><F99/><W98/><G32/><T83/><D34/><U7/><E7/><V24/><F101/><W63/><G76/><T69/><D69/><U126/><E126/><V129/><F129/><W133/><G133/><T52/><D107/><U19/><E19/><V104/><F104/><W23/><G85/><T43/><D106/><U134/><E134/><V72/><F87/><W8/><G8/><T6/><D2/><U94/><E94/><V109/><F95/><W4/><G4/><T108/><D3/><U125/><E125/><V36/><F72/><W55/><G40/><T17/><D108/><U105/><E105/><V67/><F109/><W70/><G70/><T31/><D102/><AGARI ba="2,1" hai="14,16,23,45,46,48,50,54,55,61,63,93,98,102" machi="102" ten="30,12000,2" yaku="7,1,9,1,8,1,52,2,54,1" doraHai="57" who="3" fromWho="0" sc="188,-126,191,0,341,0,270,136" /><INIT seed="3,0,0,5,4,67" ten="62,191,341,406" oya="3" hai0="7,15,132,13,95,16,4,87,6,133,69,96,125" hai1="49,92,123,62,37,91,119,35,116,102,45,1,121" hai2="47,19,51,85,77,12,8,57,36,112,55,134,56" hai3="17,99,43,128,26,129,93,118,10,75,33,111,63"/><W90/><G75/><T48/><D87/><U126/><E37/><V71/><F134/><W27/><G43/><T54/><D125/><U24/><E1/><V25/><F112/><W127/><G127/><T60/><D133/><U120/><E102/><V94/><F36/><W22/><G118/><N who="1" m="45098" /><E62/><V23/><F71/><W18/><G63/><T3/><D132/><U41/><E126/><V89/><REACH who="2" step="1"/><F77/><REACH who="2" ten="62,191,331,406" step="2"/><W100/><G128/><T65/><D3/><U113/><E113/><V82/><F82/><W64/><G129/><T29/><D29/><N who="1" m="19879" /><E121/><V66/><F66/><W34/><G64/><T32/><D32/><U122/><E122/><V106/><F106/><W83/><G34/><T31/><D31/><U110/><E110/><V76/><F76/><W97/><G83/><T28/><D28/><U20/><E20/><V114/><F114/><W78/><G33/><T70/><D65/><U86/><AGARI ba="0,1" hai="41,45,49,86,91,92,120,123" m="19879,45098" machi="86" ten="30,1100,0" yaku="12,1" doraHai="67" who="1" fromWho="1" sc="62,-3,191,21,331,-3,406,-5" owari="59,-44.1,212,-18.8,328,12.8,401,50.1" /></mjloggm>