<mjloggm ver="2.3"><GO type="225" lobby="0"/><UN n0="%E3%81%BF%E3%81%BF%E3%81%9A" n1="%E3%81%8C%E3%81%9F" n2="%72%65%6E%6B%75%6E" n3="%E5%84%AA%40%41%42%43" dan="18,16,17,17" rate="2249.90,2108.88,2200.65,2157.20" sx="M,M,M,M"/><TAIKYOKU oya="0"/><INIT seed="0,0,0,4,5,31" ten="250,250,250,250" oya="0" hai0="43,80,68,0,99,132,114,86,65,8,45,42,118" hai1="102,130,124,17,18,98,61,69,54,122,92,116,36" hai2="67,22,10,115,47,135,88,119,59,19,58,111,128" hai3="120,60,101,62,127,112,16,51,57,11,78,23,13"/><T133/><D114/><U56/><E116/><V27/><F115/><W82/><G112/><T33/><D118/><U2/><E122/><V28/><F119/><W20/><G120/><T94/><D33/><U90/><E2/><V105/><F105/><W74/><G127/><T34/><D34/><U14/><E124/><V91/><F111/><W29/><G101/><N who="0" m="60663" /><D65/><U123/><E123/><V64/><F128/><W129/><G129/><T24/><D24/><U4/><E36/><V104/><F47/><W131/><G131/><T40/><D68/><U37/><E37/><V73/><F73/><W15/><G29/><T117/><D117/><U113/><E113/><V38/><F38/><W96/><G96/><T81/><D45/><U26/><E130/><V25/><F104/><W5/><G51/><T53/><D53/><U93/><E69/><V89/><F135/><N who="0" m="51786" /><D86/><N who="1" m="52311" /><E26/><V21/><F10/><AGARI ba="0,0" hai="4,10,14,17,18,54,56,61,93,98,102" m="52311" machi="10" ten="30,1000,0" yaku="8,1" doraHai="31" who="1" fromWho="2" sc="250,0,250,10,250,-10,250,0" /><INIT seed="1,0,0,5,3,37" ten="250,260,240,250" oya="1" hai0="43,53,56,23,62,21,123,15,78,33,1,77,51" hai1="39,108,69,85,72,44,8,97,36,83,54,71,2" hai2="122,48,25,76,65,86,75,45,81,59,128,58,35" hai3="30,14,11,92,68,12,94,118,4,32,89,106,101"/><U95/><E72/><V41/><F128/><W102/><G106/><T73/><D33/><U116/><E116/><V10/><F122/><W110/><G68/><T91/><D1/><U13/><E2/><V63/><F10/><W22/><G110/><T74/><D123/><U125/><E125/><V50/><F50/><W38/><G38/><T96/><D74/><U49/><E39/><V66/><F75/><W79/><G79/><N who="0" m="30219" /><D73/><U64/><E36/><V34/><REACH who="2" step="1"/><F25/><REACH who="2" ten="250,260,230,250" step="2"/><N who="3" m="16695" /><G118/><T47/><D15/><U46/><E108/><V113/><F113/><W124/><G124/><T132/><D132/><U19/><E46/><V26/><F26/><W16/><G14/><T119/><D119/><U130/><E130/><V17/><F17/><W40/><G16/><T57/><D57/><U90/><REACH who="1" step="1"/><E64/><REACH who="1" ten="250,250,230,250" step="2"/><V70/><F70/><W31/><G4/><T115/><D115/><U6/><E6/><V27/><F27/><W105/><G11/><T98/><D98/><U134/><E134/><V104/><F104/><W114/><G105/><T112/><D112/><U107/><E107/><V3/><F3/><W109/><G114/><T5/><D5/><U87/><E87/><V9/><F9/><W18/><G109/><T0/><D0/><U82/><E82/><V135/><F135/><W55/><G94/><AGARI ba="0,2" hai="21,23,43,47,51,53,56,62,91,94,96" m="30219" machi="94" ten="30,2000,0" yaku="8,1,52,1" doraHai="37" who="0" fromWho="3" sc="250,40,250,0,230,0,250,-20" /><INIT seed="2,0,0,5,4,102" ten="290,250,230,230" oya="2" hai0="76,103,60,116,59,109,135,13,40,55,37,8,88" hai1="126,101,74,80,33,32,128,35,85,111,134,79,89" hai2="53,82,4,104,120,51,132,5,50,125,25,19,83" hai3="130,56,107,119,95,121,10,54,108,49,34,75,17"/><V14/><F104/><W98/><G119/><T7/><D116/><U72/><E111/><V77/><F120/><W28/><G121/><T131/><D109/><U110/><E110/><V64/><F125/><W16/><G108/><T90/><D131/><U99/><E128/><V73/><F132/><W86/><G75/><T2/><D135/><U30/><E134/><V122/><F122/><W115/><G130/><T24/><D24/><U45/><E126/><V70/><F25/><W6/><G107/><T71/><D103/><U105/><E45/><V69/><F82/><W9/><G34/><T123/><D123/><U92/><REACH who="1" step="1"/><E74/><REACH who="1" ten="290,240,230,230" step="2"/><V87/><F73/><W22/><G115/><T106/><D37/><U12/><E12/><V31/><F31/><AGARI ba="0,1" hai="30,31,32,33,35,72,79,80,85,89,92,99,101,105" machi="31" ten="40,8000,1" yaku="1,1,24,2,52,1,53,0" doraHai="102" doraHaiUra="36" who="1" fromWho="2" sc="290,0,240,90,230,-80,230,0" /><INIT seed="3,0,0,2,0,43" ten="290,330,150,230" oya="3" hai0="114,4,131,122,84,14,2,115,45,111,22,102,66" hai1="93,46,15,113,55,79,85,124,76,129,75,19,132" hai2="23,78,40,20,110,88,117,133,47,123,90,37,126" hai3="125,58,108,116,39,63,57,97,86,95,68,60,128"/><W6/><G116/><T3/><D122/><U106/><E113/><N who="0" m="43017" /><D102/><U32/><E106/><V77/><F117/><W73/><G73/><T48/><D66/><U87/><E32/><V121/><F110/><W105/><G105/><T130/><D84/><N who="1" m="32331" /><E75/><V118/><F118/><W38/><G68/><T18/><D111/><U51/><E129/><N who="0" m="49161" /><D4/><U25/><E124/><V134/><F126/><W24/><G6/><T7/><D7/><U99/><E132/><N who="2" m="50795" /><F23/><W112/><G108/><T29/><D29/><U41/><E25/><V107/><F20/><W103/><G125/><T91/><D91/><N who="2" m="34858" /><F107/><W67/><G112/><T35/><D35/><U64/><E64/><V81/><F81/><W12/><G128/><T9/><D22/><N who="1" m="11647" /><E41/><AGARI ba="0,0" hai="2,3,9,14,18,41,45,48" m="49161,43017" machi="41" ten="30,3900,0" yaku="11,1,19,1,52,1" doraHai="43" who="0" fromWho="1" sc="290,39,330,-39,150,0,230,0" owari="329,42.9,291,9.1,150,-35.0,230,-17.0" /></mjloggm>