<mjloggm ver="2.3"><GO type="225" lobby="0"/><UN n0="%E8%BE%9B%E5%8F%A3%E3%82%AB%E3%83%AC%E3%83%BC%E3%83%A9%E3%82%A4%E3%82%B9" n1="%72%69%6F%75%63%68%61%6E" n2="%6D%75%75%73%61%6E%6D%75" n3="%E3%83%8F%E3%83%81%E3%83%A5%E3%83%8A" dan="17,16,17,17" rate="2224.60,2201.59,2145.82,2191.79" sx="M,M,F,M"/><TAIKYOKU oya="0"/><INIT seed="0,0,0,4,4,109" ten="250,250,250,250" oya="0" hai0="104,91,99,85,95,105,51,24,27,39,133,49,126" hai1="80,43,113,20,63,15,101,103,36,129,52,120,75" hai2="23,19,62,26,135,131,34,14,25,64,116,8,3" hai3="87,68,78,58,81,21,5,84,96,1,115,134,98"/><T119/><D39/><U65/><E120/><V127/><F127/><W67/><G68/><T66/><D119/><U47/><E129/><V112/><F131/><W70/><G70/><T32/><D126/><U37/><E37/><V31/><F116/><W40/><G115/><T53/><D66/><U107/><E107/><V33/><F135/><W44/><G134/><T42/><D133/><U122/><E122/><V6/><F62/><N who="3" m="38359" /><G1/><T73/><D73/><U89/><E113/><V108/><F64/><W9/><G21/><T46/><D32/><N who="2" m="12394" /><F108/><W69/><G69/><T111/><D111/><U10/><E20/><N who="2" m="15783" /><F112/><W77/><G9/><T106/><REACH who="0" step="1"/><D99/><REACH who="0" ten="240,250,250,250" step="2"/><U121/><E121/><V61/><F61/><W2/><G98/><T74/><D74/><U29/><E63/><V48/><F48/><W118/><G96/><T76/><D76/><U94/><E36/><V100/><F100/><W130/><G118/><T0/><D0/><AGARI ba="0,1" hai="0,3,6,8,14,19,23,26" m="15783,12394" machi="0" ten="30,8000,1" yaku="35,5" doraHai="109" who="2" fromWho="0" sc="240,-80,250,0,250,90,250,0" /><INIT seed="1,0,0,4,4,59" ten="160,250,340,250" oya="1" hai0="48,107,115,132,41,121,26,10,31,27,24,25,37" hai1="125,89,50,84,39,111,43,17,71,99,49,65,2" hai2="108,129,11,32,5,128,77,45,57,114,119,87,36" hai3="94,95,73,78,14,81,122,106,33,4,55,134,104"/><U53/><E2/><V83/><F119/><W21/><G33/><T97/><D115/><U118/><E118/><V98/><F114/><W85/><G122/><T35/><D132/><U130/><E125/><V100/><F32/><W103/><G134/><T60/><D121/><U110/><E130/><V13/><F108/><N who="1" m="41513" /><E99/><V20/><F45/><W109/><G109/><T6/><D37/><U34/><E34/><V58/><F36/><W16/><G4/><T117/><D117/><U1/><E1/><V38/><F38/><W91/><REACH who="3" step="1"/><G55/><REACH who="3" ten="160,250,340,240" step="2"/><T82/><D6/><U124/><E124/><V64/><F128/><W80/><G80/><T19/><D82/><U120/><E120/><V54/><F129/><W127/><G127/><T76/><D35/><U15/><E53/><V3/><F54/><W23/><G23/><T22/><N who="0" m="6144" /><DORA hai="44" /><T112/><D22/><N who="1" m="11583" /><E43/><V70/><F20/><W51/><G51/><T102/><D48/><U72/><E39/><V68/><F3/><W131/><G131/><T67/><D112/><U29/><E29/><V105/><F5/><W8/><G8/><T63/><D10/><U86/><E72/><V69/><F11/><W96/><AGARI ba="0,1" hai="14,16,21,73,78,81,85,91,94,95,96,103,104,106" machi="96" ten="30,4000,0" yaku="1,1,0,1,54,1,53,0" doraHai="59,44" doraHaiUra="123,0" who="3" fromWho="3" sc="160,-10,250,-20,340,-10,240,50" /><INIT seed="2,0,0,3,3,46" ten="150,230,330,290" oya="2" hai0="59,112,10,117,41,82,109,110,14,51,103,73,122" hai1="56,81,26,43,28,71,88,114,35,99,65,132,126" hai2="49,58,86,47,7,27,24,113,15,129,125,61,133" hai3="74,45,83,91,36,55,130,48,84,1,106,115,79"/><V39/><F113/><W131/><G1/><T75/><D122/><U68/><E114/><V135/><F39/><W18/><G115/><T72/><D112/><U4/><E126/><V54/><F125/><W104/><G36/><T11/><D117/><U62/><E132/><N who="2" m="50763" /><F129/><N who="3" m="49163" /><G18/><T30/><D30/><U89/><E4/><V120/><F120/><W57/><G45/><N who="0" m="26031" /><D103/><U76/><E43/><N who="2" m="24831" /><F86/><W94/><AGARI ba="0,0" hai="48,55,57,74,79,83,84,91,94,104,106" m="49163" machi="94" ten="30,2000,0" yaku="19,1,52,1" doraHai="46" who="3" fromWho="3" sc="150,-5,230,-5,330,-10,290,20" /><INIT seed="3,0,0,0,0,37" ten="145,225,320,310" oya="3" hai0="65,98,26,117,58,125,15,44,78,133,96,114,8" hai1="13,101,126,134,63,12,6,52,102,92,86,39,109" hai2="131,25,35,10,128,61,5,73,111,42,60,119,105" hai3="83,22,49,90,36,120,115,107,1,99,108,59,40"/><W54/><G120/><T80/><D117/><U30/><E39/><V29/><F119/><W110/><G115/><T123/><D133/><U93/><E109/><N who="3" m="42090" /><G1/><T71/><D125/><U16/><E134/><V21/><F111/><W106/><G22/><T79/><D123/><U31/><E126/><V103/><F73/><W7/><G7/><T135/><D135/><U127/><E127/><V68/><F35/><W55/><G55/><T19/><D71/><U32/><E32/><V130/><F42/><W129/><G129/><T3/><D3/><U64/><E6/><V122/><F122/><W69/><G69/><T84/><D114/><U81/><E12/><N who="2" m="5199" /><F68/><W11/><G11/><T46/><D79/><U74/><E74/><V0/><F0/><W132/><G132/><T24/><D24/><U87/><E64/><V112/><F112/><W47/><G99/><AGARI ba="0,0" hai="21,25,29,60,61,99,103,105,128,130,131" m="5199" machi="99" ten="30,1000,0" yaku="19,1" doraHai="37" who="2" fromWho="3" sc="145,0,225,0,320,10,310,-10" owari="145,-35.5,225,-17.5,330,43.0,300,10.0" /></mjloggm>