<mjloggm ver="2.3"><GO type="225" lobby="0"/><UN n0="%E3%82%BC%E3%83%AB%E3%83%80%E3%81%AE%E4%BC%9D%E8%AA%AC" n1="%E3%81%B5%E3%81%98%E3%81%8B%E3%81%A4" n2="%E3%82%B2%E3%82%B9%E8%8C%82%E5%8B%9D" n3="%E3%80%93%E3%81%97%E3%83%BC%E3%82%89%E3%80%93" dan="18,16,16,16" rate="2248.68,2163.98,2083.19,2154.26" sx="M,M,F,M"/><TAIKYOKU oya="0"/><INIT seed="0,0,0,5,3,110" ten="250,250,250,250" oya="0" hai0="72,124,114,28,19,45,30,62,56,66,27,134,123" hai1="38,108,77,23,31,75,107,22,16,26,1,13,2" hai2="100,11,55,21,95,7,116,42,63,18,37,106,15" hai3="92,104,67,58,57,73,85,69,82,89,25,17,81"/><T133/><D123/><U48/><E107/><V87/><F116/><W40/><G104/><T76/><D124/><U54/><E38/><V60/><F37/><W33/><G69/><T47/><D19/><U102/><E102/><V24/><F42/><W83/><G73/><T32/><D30/><U120/><E120/><V98/><F106/><W44/><G67/><T96/><D114/><U36/><E36/><V3/><F87/><W97/><G85/><T105/><D76/><U49/><E108/><V8/><REACH who="2" step="1"/><F55/><REACH who="2" ten="250,250,240,250" step="2"/><W126/><G126/><T84/><D84/><U68/><E75/><V128/><F128/><W74/><G74/><T122/><D72/><U101/><E77/><V14/><F14/><W59/><G33/><T130/><D130/><U51/><E68/><V125/><F125/><W70/><G70/><T111/><D122/><U53/><REACH who="1" step="1"/><E101/><REACH who="1" ten="250,240,240,250" step="2"/><V65/><F65/><W5/><G89/><T61/><D111/><U80/><E80/><V131/><F131/><W29/><G82/><T109/><D109/><U94/><E94/><V112/><F112/><W0/><G92/><T20/><D105/><U113/><E113/><V52/><F52/><AGARI ba="0,2" hai="1,2,13,16,22,23,26,31,48,49,51,52,53,54" machi="52" ten="40,5200,0" yaku="1,1,54,2,53,0" doraHai="110" doraHaiUra="127" who="1" fromWho="2" sc="250,0,240,72,240,-52,250,0" /><INIT seed="1,0,0,3,2,41" ten="250,312,188,250" oya="1" hai0="126,132,84,9,115,67,37,81,121,114,68,101,85" hai1="75,1,7,0,111,42,118,88,57,44,53,105,36" hai2="95,24,25,120,19,59,116,62,106,113,2,22,69" hai3="49,93,97,6,98,124,119,18,107,78,86,73,135"/><U58/><E118/><V110/><F116/><W102/><G6/><T52/><D37/><U48/><E105/><V23/><F106/><W12/><G119/><T39/><D39/><U70/><E70/><V5/><F120/><W125/><G135/><T8/><D132/><U16/><E75/><V56/><F110/><W112/><G112/><T63/><D121/><U79/><E79/><V128/><F128/><W65/><G65/><T33/><D33/><U46/><E111/><V50/><F113/><W54/><G73/><T117/><D117/><U77/><E77/><V43/><F69/><W134/><G134/><T99/><D126/><U13/><E88/><V45/><F2/><W20/><G78/><T61/><D115/><U21/><E7/><V100/><F5/><W127/><G86/><T133/><D133/><U64/><E64/><V109/><F109/><W103/><REACH who="3" step="1"/><G125/><REACH who="3" ten="250,312,188,240" step="2"/><T122/><D85/><U30/><E0/><V47/><F62/><W76/><G76/><T40/><D114/><U130/><E130/><V129/><F129/><W89/><G89/><T32/><D122/><U72/><E72/><V60/><F60/><W91/><G91/><T17/><D63/><U104/><E1/><V83/><F83/><W80/><G80/><T55/><D81/><U27/><E104/><V71/><F71/><W87/><G87/><T96/><D84/><U90/><E90/><V35/><F100/><W34/><G34/><AGARI ba="0,1" hai="13,16,21,27,30,34,36,42,44,46,48,53,57,58" machi="34" ten="30,11600,0" yaku="7,1,52,2,54,1" doraHai="41" who="1" fromWho="3" sc="250,0,312,126,188,0,240,-116" /><INIT seed="1,1,0,5,2,135" ten="250,438,188,124" oya="1" hai0="57,69,117,60,129,103,52,56,51,85,124,33,125" hai1="12,17,16,76,34,91,75,81,46,77,20,98,132" hai2="36,48,5,108,102,104,65,8,3,64,133,122,63" hai3="32,83,55,130,38,31,88,96,22,123,126,66,97"/><U121/><E132/><V114/><F133/><W44/><G32/><T37/><D117/><U6/><E121/><V70/><F108/><W19/><G123/><T111/><D111/><U54/><E34/><V105/><F122/><W74/><G31/><T109/><D109/><U86/><E6/><V39/><F114/><W26/><G130/><T106/><D129/><U0/><E0/><V11/><F48/><W53/><G66/><T73/><D73/><U25/><E75/><V116/><F116/><W59/><G126/><N who="0" m="48747" /><D37/><U30/><E98/><V127/><F127/><W94/><G97/><N who="0" m="61807" /><D33/><U67/><E67/><V107/><F64/><W134/><G134/><T90/><D69/><U21/><E30/><V43/><F11/><W68/><G68/><T120/><D120/><U79/><E54/><V101/><F36/><W113/><G113/><T10/><D10/><U71/><E71/><V41/><F43/><W92/><G55/><N who="0" m="31871" /><D90/><U87/><E46/><V13/><F39/><W112/><G112/><T45/><D85/><AGARI ba="1,0" hai="12,16,17,20,21,25,76,77,79,81,85,86,87,91" machi="85" ten="40,3900,0" yaku="8,1,54,1" doraHai="135" who="1" fromWho="0" sc="250,-42,438,42,188,0,124,0" /><INIT seed="1,2,0,3,1,80" ten="208,480,188,124" oya="1" hai0="34,33,50,76,103,1,132,49,6,12,86,15,84" hai1="0,131,108,24,119,93,124,129,94,100,35,135,44" hai2="82,65,5,102,113,29,83,109,55,95,32,20,133" hai3="7,18,70,63,92,127,130,118,96,101,4,105,69"/><U126/><E119/><V19/><F133/><W11/><G118/><T16/><D1/><U72/><E0/><V125/><F109/><W36/><G36/><T27/><D132/><U58/><E44/><V38/><F38/><W66/><G127/><N who="1" m="48682" /><E58/><V40/><F40/><W37/><G37/><T81/><D103/><U43/><E43/><V48/><F125/><W97/><G130/><N who="1" m="49674" /><E24/><V31/><F65/><W120/><G120/><T73/><D49/><U117/><E35/><V121/><F121/><W90/><G70/><T85/><D50/><U8/><E8/><V13/><F113/><W23/><REACH who="3" step="1"/><G11/><REACH who="3" ten="208,480,188,114" step="2"/><T28/><D6/><U67/><E117/><V88/><F5/><W51/><G51/><T57/><D57/><U56/><E135/><V42/><F42/><W91/><G91/><T104/><D34/><U14/><E108/><V2/><F102/><W77/><G77/><T99/><D33/><U46/><E100/><V60/><F32/><W30/><G30/><T116/><D28/><U54/><E56/><N who="2" m="34847" /><F48/><W78/><G78/><T87/><D116/><U106/><E46/><V112/><F112/><W21/><G21/><T64/><D76/><U74/><E106/><V75/><F29/><W26/><AGARI ba="2,1" hai="4,7,18,23,26,63,66,69,90,92,96,97,101,105" machi="26" ten="20,2700,0" yaku="1,1,0,1,7,1,53,0" doraHai="80" doraHaiUra="25" who="3" fromWho="3" sc="208,-9,480,-15,188,-9,114,43" /><INIT seed="2,0,0,1,3,100" ten="199,465,179,157" oya="2" hai0="0,132,67,32,54,122,101,90,87,89,17,112,26" hai1="53,62,52,42,80,28,128,24,105,104,120,47,68" hai2="77,19,66,85,72,5,126,37,121,129,75,7,36" hai3="49,123,48,133,102,93,117,74,23,31,69,43,44"/><V106/><F121/><W97/><G117/><T58/><D112/><U131/><E120/><V61/><F106/><N who="1" m="41065" /><E80/><V64/><F85/><W99/><G123/><T71/><D132/><U95/><E95/><V16/><F61/><W50/><G74/><T59/><D0/><U65/><E24/><V96/><F96/><W39/><G69/><T98/><D122/><U11/><E11/><V79/><REACH who="2" step="1"/><F129/><REACH who="2" ten="199,465,169,157" step="2"/><N who="1" m="49737" /><E28/><V3/><F3/><W55/><G133/><T46/><D87/><U134/><E134/><V108/><F108/><W111/><G111/><T88/><D98/><U22/><E22/><V30/><F30/><W135/><G135/><T45/><D32/><U51/><AGARI ba="0,1" hai="42,47,51,52,53,62,65,68" m="49737,41065" machi="51" ten="30,8000,1" yaku="19,1,52,3,54,1" doraHai="100" who="1" fromWho="1" sc="199,-20,465,90,169,-40,157,-20" /><INIT seed="3,0,0,2,5,117" ten="179,555,129,137" oya="3" hai0="122,28,95,116,55,131,128,6,30,91,113,127,51" hai1="10,81,98,78,69,85,22,133,12,110,4,62,93" hai2="86,18,26,124,118,114,13,88,71,68,106,37,66" hai3="50,3,36,52,44,77,49,0,19,82,92,41,112"/><W96/><G112/><T21/><D122/><U105/><E110/><V79/><F118/><W125/><G125/><T25/><D116/><U8/><E133/><V134/><F114/><W126/><G126/><T84/><D113/><U43/><E43/><V135/><F124/><W129/><G129/><N who="0" m="49739" /><D127/><U27/><E105/><V33/><F106/><W64/><G64/><T29/><D6/><U35/><E10/><N who="2" m="6455" /><F37/><W45/><G36/><T1/><D1/><U73/><E73/><V132/><F66/><W100/><REACH who="3" step="1"/><G19/><REACH who="3" ten="179,555,129,127" step="2"/><T67/><D67/><U107/><E107/><V23/><F33/><W65/><G65/><T74/><D74/><AGARI ba="0,1" hai="0,3,41,44,45,49,50,52,74,77,82,92,96,100" machi="74" ten="30,11600,0" yaku="1,1,7,1,54,1,53,1" doraHai="117" doraHaiUra="38" who="3" fromWho="0" sc="179,-116,555,0,129,0,127,126" /><INIT seed="3,1,0,3,0,38" ten="63,555,129,253" oya="3" hai0="59,84,72,81,54,22,41,85,55,2,98,110,14" hai1="115,135,99,88,94,111,44,43,35,27,0,74,130" hai2="34,114,53,131,61,76,11,65,95,64,70,77,100" hai3="24,62,23,1,125,63,87,119,134,103,42,124,121"/><W97/><G1/><T102/><D110/><U116/><E115/><V32/><F114/><W117/><G121/><T93/><D2/><U30/><E0/><V33/><F131/><W60/><G87/><T48/><D72/><U92/><E111/><V107/><F107/><W108/><G108/><T7/><D85/><U10/><E130/><V36/><F36/><W50/><G134/><T21/><D55/><U4/><E74/><V82/><F64/><W49/><G97/><T19/><D7/><U15/><E135/><V118/><F118/><N who="3" m="45067" /><G103/><T113/><D113/><U80/><E116/><V90/><F100/><W106/><G106/><T133/><D133/><U73/><E73/><V25/><F11/><W129/><G23/><T69/><D69/><U3/><E92/><V112/><F112/><W78/><G24/><T31/><D31/><U58/><E58/><V51/><F82/><W13/><G13/><T86/><D86/><U105/><E105/><V40/><F25/><W46/><G78/><T101/><D101/><U67/><E67/><V71/><F70/><W45/><G129/><T68/><D68/><U127/><E15/><V120/><F120/><W89/><G89/><T104/><D104/><U132/><E132/><V20/><F76/><W56/><G56/><T39/><D22/><U66/><E80/><V8/><F77/><W17/><G17/><T6/><D6/><U47/><E4/><V12/><F20/><W29/><G29/><T75/><D75/><U9/><E30/><V96/><F8/><W18/><G125/><T28/><D28/><U52/><E127/><RYUUKYOKU ba="1,0" sc="63,0,555,0,129,0,253,0" owari="63,-43.7,555,65.5,129,-27.1,253,5.3" /></mjloggm>