<mjloggm ver="2.3"><GO type="225" lobby="0"/><UN n0="%E3%81%BF%E3%81%BF%E3%81%9A" n1="%4B%2E%32%2E%4B%2E" n2="%E5%8D%A0%E3%81%84%E5%B8%AB%E8%A3%8F%E3%81%AA%E3%81%84%E3%81%97" n3="%E3%82%BC%E3%83%AB%E3%83%80%E3%81%AE%E4%BC%9D%E8%AA%AC" dan="18,16,17,17" rate="2257.43,2140.96,2201.27,2237.02" sx="M,M,M,M"/><TAIKYOKU oya="0"/><INIT seed="0,0,0,0,0,91" ten="250,250,250,250" oya="0" hai0="16,124,55,42,8,95,53,96,15,38,47,44,60" hai1="48,24,116,54,121,28,45,97,35,43,10,130,83" hai2="103,81,39,93,26,59,18,52,104,119,99,66,117" hai3="94,46,114,32,118,110,61,17,98,100,0,34,75"/><T92/><D124/><U107/><E116/><N who="2" m="44619" /><F39/><W30/><G118/><T63/><D95/><U58/><E121/><V82/><F66/><W3/><G114/><T23/><D55/><U73/><E130/><V112/><F112/><W84/><G75/><T67/><D53/><U105/><E10/><V76/><F104/><W102/><G110/><T49/><D38/><U109/><E109/><V29/><F18/><W123/><G123/><T80/><D44/><U90/><E73/><V36/><F76/><W132/><G132/><T68/><D80/><U33/><E33/><N who="2" m="20663" /><F36/><W21/><G34/><T56/><D63/><AGARI ba="0,0" hai="52,59,63,81,82,93,99,103" m="20663,44619" machi="63" ten="30,3900,0" yaku="12,1,52,1,54,1" doraHai="91" who="2" fromWho="0" sc="250,-39,250,0,250,39,250,0" /><INIT seed="1,0,0,1,1,120" ten="211,250,289,250" oya="1" hai0="119,110,79,127,18,15,69,109,24,130,59,63,64" hai1="103,81,89,76,92,93,29,78,46,52,95,53,102" hai2="56,108,70,121,20,55,57,9,21,12,5,126,82" hai3="42,132,34,75,72,96,86,7,71,36,134,11,39"/><U98/><E29/><V106/><F121/><W37/><G34/><T80/><D119/><U88/><E46/><V8/><F70/><W129/><G71/><T3/><D3/><U99/><E95/><V14/><F106/><W17/><G129/><T27/><D130/><U77/><E81/><V74/><F126/><W101/><G17/><T90/><D69/><U4/><E4/><V125/><F125/><W133/><G86/><N who="0" m="50503" /><D127/><U84/><E84/><V128/><F128/><W40/><G40/><T123/><D79/><U104/><E104/><V41/><F108/><N who="0" m="41578" /><D123/><U116/><E76/><V38/><F41/><W85/><G42/><T19/><D19/><U100/><E103/><V135/><F74/><W118/><G118/><AGARI ba="0,0" hai="52,53,77,78,88,89,92,93,98,99,100,102,116,118" machi="118" ten="25,9600,0" yaku="22,2,54,2" doraHai="120" who="1" fromWho="3" sc="211,0,250,96,289,0,250,-96" /><INIT seed="1,1,0,1,5,3" ten="211,346,289,154" oya="1" hai0="32,6,113,49,115,96,98,95,15,18,17,7,20" hai1="44,4,33,43,9,123,51,107,8,128,91,31,118" hai2="74,92,130,26,77,13,55,60,131,73,69,127,100" hai3="82,39,61,57,122,67,135,132,1,99,24,56,87"/><U88/><E123/><V58/><F127/><W104/><G122/><T54/><D32/><U63/><E118/><V102/><F69/><W34/><G39/><T11/><D113/><U117/><E117/><V10/><F26/><W76/><G57/><N who="0" m="32975" /><D115/><U105/><E9/><V72/><F77/><W97/><G1/><T37/><D37/><U62/><E107/><V109/><F109/><W42/><G42/><T35/><D35/><U116/><E105/><V22/><F22/><W119/><G119/><T59/><D59/><U40/><E40/><V94/><F92/><W126/><G126/><T50/><D50/><U134/><E134/><N who="3" m="51242" /><G104/><T68/><D68/><U111/><E128/><N who="2" m="49195" /><F94/><W110/><G110/><T80/><D80/><U23/><E33/><V71/><F71/><W86/><G86/><T101/><D98/><N who="3" m="37385" /><G34/><T41/><D41/><U30/><E111/><V48/><F48/><W12/><G24/><AGARI ba="1,0" hai="6,7,11,15,17,18,20,24,95,96,101" m="32975" machi="24" ten="30,3900,0" yaku="8,1,52,2" doraHai="3" who="0" fromWho="3" sc="211,42,346,0,289,0,154,-42" /><INIT seed="2,0,0,1,4,123" ten="253,346,289,112" oya="2" hai0="107,120,35,130,98,74,49,95,133,11,22,34,88" hai1="84,68,73,32,111,134,114,37,16,58,20,71,60" hai2="0,112,66,100,135,39,25,62,54,55,56,19,7" hai3="2,57,47,67,52,64,79,92,72,69,77,41,46"/><V45/><F112/><W23/><G2/><T101/><D120/><U102/><E114/><V18/><F135/><W78/><G72/><T40/><D133/><U70/><E134/><V119/><F119/><W61/><G92/><T87/><D130/><U9/><E111/><V109/><F109/><W63/><G23/><T26/><D11/><U42/><E73/><V116/><F116/><W108/><G108/><T82/><D40/><U17/><E32/><V106/><F39/><W51/><REACH who="3" step="1"/><G79/><REACH who="3" ten="253,346,289,102" step="2"/><T10/><D10/><U117/><E20/><V118/><F0/><W6/><G6/><T24/><D49/><AGARI ba="0,1" hai="41,46,47,49,51,52,57,61,63,64,67,69,77,78" machi="49" ten="30,3900,0" yaku="1,1,7,1,54,1,53,0" doraHai="123" doraHaiUra="13" who="3" fromWho="0" sc="253,-39,346,0,289,0,102,49" /><INIT seed="3,0,0,2,5,20" ten="214,346,289,151" oya="3" hai0="34,60,11,90,64,135,108,93,102,105,81,89,22" hai1="37,84,62,119,100,47,31,95,68,123,9,115,121" hai2="99,15,86,26,51,33,132,10,77,6,42,52,85" hai3="0,104,107,73,30,74,111,133,39,76,54,126,72"/><W50/><G39/><T97/><D34/><U113/><E9/><V98/><F132/><W69/><G69/><T116/><D116/><U56/><E31/><V61/><F85/><W110/><G0/><T12/><D108/><N who="3" m="41513" /><G133/><T63/><D135/><U17/><E17/><V75/><F75/><N who="3" m="28747" /><G126/><T83/><D22/><U43/><E84/><V45/><F33/><W118/><G118/><T21/><D21/><U55/><E119/><V32/><F32/><W38/><G38/><T70/><D63/><N who="1" m="36255" /><E95/><V106/><F106/><N who="3" m="40491" /><G30/><T57/><D70/><U59/><E68/><V134/><F134/><W24/><N who="3" m="28755" /><W117/><DORA hai="58" /><G117/><T114/><D114/><U53/><E115/><V23/><F42/><W16/><G76/><T28/><D28/><U2/><E2/><V128/><F77/><W40/><G40/><T4/><REACH who="0" step="1"/><D105/><REACH who="0" ten="204,346,289,151" step="2"/><U48/><E113/><V49/><F23/><N who="3" m="13415" /><G54/><T5/><D5/><U92/><E53/><V129/><F52/><W101/><G101/><T36/><D36/><U122/><E37/><V79/><F79/><W94/><G94/><T3/><D3/><U80/><E92/><V91/><F129/><W65/><G50/><T29/><D29/><U44/><E100/><V46/><F49/><W127/><G127/><T96/><D96/><U35/><E35/><V8/><F51/><W1/><G1/><T27/><D27/><U112/><E112/><V78/><F26/><W14/><G65/><T131/><D131/><U66/><E48/><V19/><F128/><W125/><G125/><T82/><AGARI ba="0,1" hai="4,11,12,57,60,64,81,82,83,89,90,93,97,102" machi="82" ten="30,7900,0" yaku="1,1,0,1,8,1,52,1,53,0" doraHai="20,58" doraHaiUra="103,120" who="0" fromWho="0" sc="204,89,346,-20,289,-20,151,-39" owari="293,9.3,326,42.6,269,-13.1,112,-38.8" /></mjloggm>