<mjloggm ver="2.3"><GO type="225" lobby="0"/><UN n0="%E6%A0%B9%E5%85%83%E3%81%8B%E3%82%89%E5%90%B9%E3%81%A3%E9%A3%9B%E3%81%B6" n1="%E3%81%A1%E3%82%85%E3%81%86%E3%81%A9%E3%81%8F%E8%B1%A1%E3%81%95%E3%82%93" n2="%72%69%6F%75%63%68%61%6E" n3="%E7%89%B9%E6%9D%B1%E3%81%AF%E4%B8%96%E7%95%8C%E3%82%92%E6%95%91%E3%81%86" dan="16,17,17,16" rate="2181.93,2186.31,2251.81,2160.34" sx="F,M,M,M"/><TAIKYOKU oya="0"/><INIT seed="0,0,0,3,5,80" ten="250,250,250,250" oya="0" hai0="36,119,127,128,93,45,13,22,48,16,103,46,19" hai1="87,121,131,104,29,109,89,9,97,126,100,27,14" hai2="65,115,17,91,50,81,73,57,20,134,18,7,2" hai3="130,56,31,101,113,122,53,111,15,37,64,70,47"/><T59/><D119/><U132/><E121/><V6/><F134/><W77/><G77/><T55/><D127/><U4/><E126/><V75/><F115/><W123/><G101/><T61/><D128/><U1/><E132/><V58/><F2/><W51/><G31/><T118/><D118/><U44/><E109/><V99/><F65/><W135/><G15/><T54/><D36/><U23/><E131/><V106/><F106/><W25/><G25/><T94/><D103/><U26/><E26/><V114/><F114/><W33/><G33/><T96/><D96/><U8/><E44/><V38/><F38/><W117/><G113/><T68/><D68/><U116/><E116/><V34/><F34/><W108/><G117/><T72/><D72/><U90/><REACH who="1" step="1"/><E87/><REACH who="1" ten="250,240,250,250" step="2"/><N who="2" m="50671" /><F73/><W133/><G130/><T63/><D46/><U3/><E3/><V12/><F75/><W120/><G133/><T42/><D19/><AGARI ba="0,1" hai="1,4,8,9,14,19,23,27,29,89,90,97,100,104" machi="19" ten="30,3900,0" yaku="1,1,7,1,53,1" doraHai="80" doraHaiUra="11" who="1" fromWho="0" sc="250,-39,240,49,250,0,250,0" /><INIT seed="1,0,0,4,5,33" ten="211,289,250,250" oya="1" hai0="67,85,112,93,37,24,125,12,106,81,111,51,133" hai1="118,77,6,68,35,127,102,110,25,19,7,116,94" hai2="54,1,11,50,18,49,96,59,28,46,13,4,103" hai3="52,126,97,79,39,134,76,43,40,34,72,130,98"/><U66/><E77/><V86/><F28/><W48/><G34/><T119/><D112/><U92/><E127/><V101/><F86/><W9/><G126/><T8/><D119/><U58/><E68/><V124/><F124/><W47/><G130/><T132/><D125/><U60/><E110/><V62/><F96/><W128/><G128/><T5/><D37/><U73/><E73/><V3/><F49/><W117/><G117/><T17/><D106/><U20/><E35/><V61/><F61/><W135/><G9/><T41/><D111/><U75/><E75/><V83/><F83/><N who="3" m="45447" /><G79/><N who="0" m="46271" /><D93/><U38/><E38/><V88/><F88/><W95/><G39/><T16/><D67/><U122/><E122/><V120/><F120/><W129/><G129/><T107/><D107/><U121/><E121/><V31/><F31/><W42/><G95/><T69/><D69/><U45/><E118/><V123/><F123/><W87/><G87/><T89/><D89/><U15/><E116/><V0/><REACH who="2" step="1"/><F4/><REACH who="2" ten="211,289,240,250" step="2"/><W27/><G98/><T70/><D51/><U84/><E84/><V10/><F10/><W26/><G97/><T78/><D78/><U55/><E6/><V56/><F56/><W36/><G36/><T131/><D70/><U21/><E7/><V74/><F74/><W63/><G63/><T2/><D131/><U29/><E102/><V14/><F14/><W113/><G113/><T44/><D24/><U65/><E45/><V91/><F91/><W90/><G90/><T57/><D57/><U64/><AGARI ba="0,1" hai="15,19,20,21,25,29,55,58,60,64,65,66,92,94" machi="64" ten="30,3000,0" yaku="0,1,8,1" doraHai="33" who="1" fromWho="1" sc="211,-10,289,40,240,-10,250,-10" /><INIT seed="1,1,0,5,2,101" ten="201,329,230,240" oya="1" hai0="12,106,8,82,113,110,90,47,62,9,45,61,126" hai1="114,57,26,91,129,32,30,128,24,3,123,87,121" hai2="118,133,52,70,92,64,80,66,59,39,27,14,72" hai3="17,107,99,84,97,4,96,75,67,1,115,73,11"/><U28/><E114/><V43/><F118/><W95/><G115/><T93/><D113/><U69/><E69/><V33/><F133/><W5/><G5/><T134/><D110/><U31/><E3/><V125/><F125/><W50/><G67/><T55/><D134/><U86/><E57/><V104/><F104/><W51/><G107/><T58/><D126/><U98/><E98/><V127/><F127/><W100/><G100/><T108/><D108/><U60/><E60/><V15/><F92/><W117/><G117/><T102/><D8/><U35/><E30/><V131/><F131/><W49/><G17/><T6/><D82/><U68/><E68/><V130/><F130/><W105/><G105/><T109/><D109/><U34/><E34/><V23/><F33/><W77/><G95/><T65/><D102/><U10/><E10/><V36/><F36/><W76/><REACH who="3" step="1"/><G84/><REACH who="3" ten="201,329,230,230" step="2"/><T71/><D106/><U25/><E87/><AGARI ba="1,1" hai="6,9,12,45,47,55,58,61,62,65,71,87,90,93" machi="87" ten="30,1000,0" yaku="7,1" doraHai="101" who="0" fromWho="1" sc="201,23,329,-13,230,0,230,0" /><INIT seed="2,0,0,3,0,56" ten="224,316,230,230" oya="2" hai0="46,117,135,25,15,92,111,116,119,87,101,103,14" hai1="34,33,18,67,40,36,71,105,80,63,12,70,43" hai2="60,27,22,132,99,134,2,39,66,30,23,81,55" hai3="77,130,47,21,4,127,38,131,20,123,58,45,125"/><V100/><F2/><W79/><G4/><T3/><D3/><U49/><E105/><V9/><F39/><W122/><G58/><T17/><D111/><U107/><E107/><V29/><F9/><W35/><REACH who="3" step="1"/><G38/><REACH who="3" ten="224,316,230,220" step="2"/><T102/><D119/><U62/><E36/><V1/><F1/><W98/><G98/><T26/><D117/><U94/><E71/><V106/><F55/><W120/><G120/><T69/><D116/><U126/><E70/><V37/><F37/><W16/><G16/><T89/><D69/><U121/><E18/><V97/><F97/><W19/><G19/><T65/><D17/><U31/><E121/><V24/><F81/><W133/><G133/><T82/><D135/><U8/><E80/><V6/><F6/><W85/><G85/><T90/><D15/><U96/><E12/><V10/><F10/><W11/><G11/><T86/><D14/><U78/><E8/><V114/><F114/><W50/><G50/><T91/><D65/><U108/><E49/><V51/><F51/><W64/><G64/><T110/><D87/><U32/><E67/><V42/><F42/><W5/><G5/><T57/><D82/><U68/><E68/><AGARI ba="0,1" hai="22,23,24,27,29,30,60,66,68,99,100,106,132,134" machi="68" ten="40,3900,0" yaku="9,1,52,1" doraHai="56" who="2" fromWho="1" sc="224,0,316,-39,230,49,220,0" /><INIT seed="2,1,0,2,0,19" ten="224,277,279,220" oya="2" hai0="84,85,134,11,44,16,56,21,124,62,65,96,90" hai1="67,79,39,7,9,93,14,132,115,51,101,45,15" hai2="3,88,105,61,33,102,24,59,20,97,46,83,94" hai3="29,47,53,76,35,104,50,26,40,42,75,60,52"/><V36/><F3/><W57/><REACH who="3" step="1"/><G104/><REACH who="3" ten="224,277,279,210" step="2"/><T86/><D124/><U63/><E115/><V66/><F105/><W127/><G127/><T43/><D134/><U91/><E132/><V135/><F135/><W125/><G125/><T4/><D96/><U111/><E111/><V31/><F33/><W78/><G78/><T37/><D4/><U30/><E79/><V123/><F123/><W129/><G129/><T48/><D11/><U109/><E7/><V122/><F122/><W25/><G25/><N who="0" m="14503" /><D37/><U58/><E9/><V131/><F131/><W10/><G10/><T5/><D5/><U23/><E39/><V113/><F113/><W108/><G108/><T112/><D112/><U100/><E109/><V89/><F83/><AGARI ba="1,1" hai="26,29,35,40,42,47,50,52,53,57,60,75,76,83" machi="83" ten="40,5200,0" yaku="21,2,54,1,53,0" doraHai="19" doraHaiUra="130" who="3" fromWho="2" sc="224,0,277,0,279,-55,210,65" /><AGARI ba="1,0" hai="43,44,48,56,62,65,83,84,85,86,90" m="14503" machi="83" ten="30,3900,0" yaku="8,1,52,1,54,1" doraHai="19" who="0" fromWho="2" sc="224,39,277,0,224,-39,275,0" /><INIT seed="3,0,0,4,3,31" ten="263,277,185,275" oya="3" hai0="67,114,106,99,61,10,130,78,115,107,53,27,40" hai1="57,21,111,45,120,13,110,1,65,87,50,123,58" hai2="96,121,104,54,37,101,51,86,34,72,49,135,91" hai3="18,119,84,42,89,132,118,29,64,19,133,56,17"/><W59/><G42/><T69/><D130/><U33/><E87/><V122/><F135/><N who="3" m="51787" /><G29/><T36/><D78/><U126/><E1/><V116/><F116/><N who="3" m="44587" /><G64/><T0/><D53/><N who="1" m="29903" /><E21/><V100/><F72/><W52/><G52/><T6/><D27/><U23/><E23/><V4/><F37/><W81/><AGARI ba="0,0" hai="17,18,19,56,59,81,84,89" m="44587,51787" machi="81" ten="40,2100,0" yaku="20,1" doraHai="31" who="3" fromWho="3" sc="263,-7,277,-7,185,-7,275,21" /><INIT seed="3,1,0,4,3,114" ten="256,270,178,296" oya="3" hai0="64,59,82,55,104,61,47,48,92,99,13,6,26" hai1="65,116,94,84,51,98,118,32,100,45,27,86,56" hai2="10,21,75,17,57,31,34,67,4,110,102,123,37" hai3="83,121,39,20,49,93,87,73,133,52,72,90,53"/><W29/><G121/><T78/><D104/><U2/><E2/><V46/><F110/><W81/><G39/><T122/><D122/><U60/><E32/><V115/><F115/><W120/><G120/><T42/><D26/><U44/><E27/><V111/><F111/><W38/><G38/><T108/><D108/><U70/><E70/><V105/><F123/><W11/><G133/><T96/><D92/><U130/><E130/><V19/><F75/><W66/><G73/><T135/><D135/><U28/><E28/><V50/><F37/><W22/><G66/><T107/><D107/><U69/><E69/><V23/><F34/><W134/><G134/><T1/><D1/><U125/><E125/><V36/><F36/><W127/><G127/><T3/><D3/><U97/><E97/><V25/><F21/><N who="3" m="8299" /><G72/><T101/><D101/><U41/><E44/><V89/><F89/><N who="3" m="51455" /><G29/><T95/><D95/><U77/><E77/><V74/><F74/><W131/><G81/><T12/><D64/><U16/><E16/><N who="2" m="6219" /><F105/><W33/><G33/><T132/><D132/><U62/><E60/><N who="2" m="38287" /><F102/><W8/><G131/><T14/><REACH who="0" step="1"/><D6/><REACH who="0" ten="246,270,178,296" step="2"/><U76/><E76/><V71/><F71/><W128/><G128/><T129/><D129/><U126/><E126/><V68/><F68/><W103/><G103/><T9/><D9/><U15/><E15/><N who="2" m="5575" /><F46/><W119/><G11/><T7/><D7/><U106/><E106/><V58/><F58/><W30/><G8/><T113/><D113/><U117/><AGARI ba="1,1" hai="41,45,51,56,62,65,84,86,94,98,100,116,117,118" machi="117" ten="30,8000,1" yaku="0,1,12,1,52,3" doraHai="114" who="1" fromWho="1" sc="246,-21,270,93,178,-21,296,-41" owari="225,-17.5,363,46.3,157,-34.3,255,5.5" /></mjloggm>