<mjloggm ver="2.3"><GO type="225" lobby="0"/><UN n0="%E3%83%94%E3%83%B3%E3%82%B5%E3%83%AD%E5%BA%97%E5%93%A1" n1="%E3%81%8B%E3%82%8F%E3%81%A1%E3%82%83%E3%82%93%35%38" n2="%E6%A1%9C%E8%8A%B1%E9%96%83%E3%80%85" n3="%E3%81%B5%E3%81%98%E3%81%8B%E3%81%A4" dan="16,16,16,16" rate="2173.13,2168.11,2112.99,2182.28" sx="M,M,M,M"/><TAIKYOKU oya="0"/><INIT seed="0,0,0,4,3,79" ten="250,250,250,250" oya="0" hai0="73,100,101,59,84,91,67,13,45,111,61,82,5" hai1="36,50,3,72,98,125,113,20,90,6,124,16,102" hai2="4,46,17,62,118,55,94,68,109,121,19,52,127" hai3="107,74,86,30,9,2,126,97,21,95,120,122,49"/><T119/><D119/><U31/><E36/><V7/><F121/><N who="3" m="46699" /><G74/><T116/><D116/><U77/><E31/><V64/><F118/><W23/><G107/><T85/><D73/><U57/><E113/><V104/><F104/><W53/><G126/><N who="1" m="48746" /><E3/><V43/><F127/><W75/><G30/><T51/><D111/><U14/><E6/><V58/><F109/><W131/><G131/><T76/><D13/><U44/><E57/><V96/><F4/><N who="3" m="1175" /><G86/><T32/><D32/><U35/><E35/><V108/><F7/><W60/><G60/><T81/><D5/><U128/><E90/><V112/><F112/><W22/><G75/><T129/><D129/><U28/><E28/><V34/><F34/><W63/><G63/><T78/><D91/><U70/><E70/><V93/><F108/><W88/><G22/><T0/><D0/><U132/><E128/><V103/><F93/><W15/><G15/><T39/><D39/><U87/><E72/><V47/><F68/><W27/><G27/><T134/><D134/><U80/><E132/><V115/><F115/><W48/><G48/><T40/><AGARI ba="0,0" hai="40,45,51,59,61,67,76,78,81,82,84,85,100,101" machi="40" ten="20,18000,2" yaku="0,1,7,1,9,1,8,1,52,2" doraHai="79" who="0" fromWho="0" sc="250,180,250,-60,250,-60,250,-60" /><INIT seed="0,1,0,1,1,53" ten="430,190,190,190" oya="0" hai0="73,118,133,96,41,120,49,93,115,109,19,103,102" hai1="68,43,128,81,74,56,13,18,91,75,26,54,131" hai2="80,5,64,30,39,40,0,59,8,7,110,6,124" hai3="52,15,83,35,14,117,24,38,116,60,97,62,71"/><T121/><D19/><U12/><E68/><V20/><F110/><W28/><G38/><T9/><D9/><U21/><E43/><V114/><F114/><W4/><G83/><T67/><D67/><U113/><E113/><V125/><F80/><W27/><G97/><N who="0" m="59695" /><D49/><U47/><E47/><N who="2" m="23967" /><F20/><W46/><G4/><T108/><D41/><U101/><E101/><V11/><F30/><W65/><G27/><T84/><D115/><U70/><E70/><V92/><F92/><W94/><G94/><N who="0" m="58775" /><D118/><U98/><E75/><V22/><F22/><W42/><G117/><T100/><D73/><U1/><E1/><V77/><F11/><W58/><REACH who="3" step="1"/><G116/><REACH who="3" ten="430,190,190,180" step="2"/><T111/><D100/><U126/><E26/><V37/><F37/><W107/><G107/><T130/><D121/><U44/><E21/><V90/><F77/><W86/><G86/><T129/><D120/><U66/><E74/><V51/><F90/><W89/><G89/><T123/><D123/><U10/><E91/><V61/><F6/><W112/><G112/><T88/><D133/><U33/><E81/><AGARI ba="1,1" hai="81,84,88,108,109,111,129,130" m="58775,59695" machi="81" ten="30,12000,1" yaku="14,1,10,1,34,2,54,1" doraHai="53" who="0" fromWho="1" sc="430,133,190,-123,190,0,180,0" /><INIT seed="0,2,0,4,2,51" ten="563,67,190,180" oya="0" hai0="109,59,91,87,98,13,42,85,75,131,132,38,83" hai1="56,93,128,126,133,24,14,5,0,82,22,66,39" hai2="97,47,8,1,135,53,78,104,76,84,134,65,37" hai3="17,114,7,45,50,77,43,116,113,35,96,60,103"/><T69/><D69/><U15/><E39/><V6/><F65/><W117/><G35/><T118/><D118/><U100/><E126/><V27/><F27/><W36/><G77/><T32/><D32/><U64/><E133/><N who="2" m="50699" /><F84/><W90/><G7/><T31/><D31/><U112/><E112/><V10/><F10/><W119/><G90/><T28/><D28/><U63/><E128/><V26/><F26/><W23/><G60/><T52/><D75/><U30/><E66/><V70/><F70/><W125/><G125/><T46/><D132/><U29/><E29/><V99/><F53/><W81/><G81/><T58/><D87/><U130/><E130/><V3/><F3/><W40/><G40/><T19/><D131/><U80/><E0/><V127/><F127/><W61/><G61/><T107/><D109/><U74/><E74/><V101/><F99/><W41/><G41/><AGARI ba="2,0" hai="1,6,8,37,41,47,76,78,97,101,104" m="50699" machi="41" ten="30,1000,0" yaku="20,1" doraHai="51" who="2" fromWho="3" sc="563,0,67,0,190,16,180,-16" /><INIT seed="1,0,0,4,5,40" ten="563,67,206,164" oya="1" hai0="8,135,56,109,107,124,82,97,93,10,87,30,111" hai1="119,117,92,99,35,133,50,90,86,85,46,5,54" hai2="51,38,47,62,130,94,129,98,108,80,60,22,77" hai3="9,134,12,112,79,58,33,91,11,76,18,27,75"/><U68/><E133/><V44/><F108/><N who="0" m="41546" /><D107/><U84/><E35/><V43/><F22/><W73/><G134/><T123/><D135/><U6/><REACH who="1" step="1"/><E68/><REACH who="1" ten="563,57,206,164" step="2"/><V52/><F129/><W39/><G33/><T88/><D123/><U17/><E17/><V115/><F130/><W96/><G112/><T70/><D70/><U121/><E121/><V118/><F115/><W81/><G18/><T74/><D30/><U23/><E23/><V24/><F118/><AGARI ba="0,1" hai="5,6,46,50,54,84,85,86,90,92,99,117,118,119" machi="118" ten="40,3900,0" yaku="1,1,52,1,53,0" doraHai="40" doraHaiUra="126" who="1" fromWho="2" sc="563,0,57,49,206,-39,164,0" /><INIT seed="1,1,0,2,5,64" ten="563,106,167,164" oya="1" hai0="15,111,102,8,3,14,53,34,74,86,41,42,84" hai1="104,54,30,88,32,5,73,99,46,79,103,21,55" hai2="127,63,89,70,116,71,68,35,110,83,98,120,49" hai3="128,16,44,31,82,12,135,75,77,28,11,131,43"/><U24/><E5/><V115/><F116/><W58/><G58/><T105/><D74/><U25/><E46/><V4/><F120/><W52/><G135/><T65/><D34/><U124/><E124/><V59/><F127/><W6/><G6/><T39/><D3/><U19/><REACH who="1" step="1"/><E88/><REACH who="1" ten="563,96,167,164" step="2"/><V22/><F4/><W10/><G10/><T118/><D8/><U107/><E107/><V72/><F89/><W56/><G44/><T87/><D105/><U100/><E100/><V48/><F115/><W129/><REACH who="3" step="1"/><G43/><REACH who="3" ten="563,96,167,154" step="2"/><T106/><D42/><U109/><E109/><V94/><F110/><W117/><G117/><T1/><D41/><U76/><E76/><V51/><F71/><W122/><G122/><T67/><D118/><U114/><E114/><V60/><F70/><W27/><G27/><T20/><D111/><U9/><E9/><V80/><F68/><W133/><G133/><T0/><D0/><U45/><E45/><V57/><F57/><W126/><G126/><T96/><D1/><U29/><E29/><V93/><F59/><W7/><G7/><T101/><D14/><U18/><E18/><V37/><F37/><W125/><G125/><T130/><D15/><U61/><E61/><AGARI ba="1,2" hai="11,12,16,28,31,52,56,61,75,77,82,128,129,131" machi="61" ten="40,8000,1" yaku="1,1,19,1,54,2,53,0" doraHai="64" doraHaiUra="33" who="3" fromWho="1" sc="563,0,96,-83,167,0,154,103" /><INIT seed="2,0,0,2,5,29" ten="563,13,167,257" oya="2" hai0="98,33,131,59,93,87,68,36,90,3,125,122,9" hai1="39,35,91,84,22,5,24,67,10,21,73,95,126" hai2="101,79,110,53,80,105,19,28,113,116,108,120,104" hai3="106,82,51,118,63,44,132,46,112,65,72,64,1"/><V96/><F19/><W74/><G118/><T6/><D122/><U0/><E126/><V16/><F116/><W54/><G106/><T57/><D33/><U127/><E73/><N who="2" m="43119" /><F53/><W129/><G1/><T62/><D36/><U89/><E39/><V76/><F16/><W15/><G132/><T107/><D125/><U40/><E127/><V20/><F20/><W69/><G129/><T18/><D131/><U88/><E40/><V55/><F55/><W85/><G112/><T45/><D45/><U77/><E67/><V124/><F124/><W121/><G121/><T58/><D18/><U12/><E77/><V71/><F71/><W23/><G64/><T47/><D47/><U70/><E70/><V100/><F120/><W8/><G23/><T102/><REACH who="0" step="1"/><D68/><REACH who="0" ten="553,13,167,257" step="2"/><U2/><E2/><V48/><F113/><W31/><G44/><T7/><D7/><U75/><E75/><V83/><F28/><W56/><G31/><T92/><D92/><U97/><E0/><V26/><F26/><W49/><G69/><T41/><D41/><U99/><E35/><V78/><F83/><W34/><G34/><T94/><D94/><U60/><E60/><AGARI ba="0,1" hai="3,6,9,57,58,59,60,62,87,90,93,98,102,107" machi="60" ten="40,1300,0" yaku="1,1,53,0" doraHai="29" doraHaiUra="111" who="0" fromWho="1" sc="553,23,13,-13,167,0,257,0" /><INIT seed="3,0,0,5,5,30" ten="576,0,167,257" oya="3" hai0="31,132,53,81,27,47,42,36,69,66,19,58,95" hai1="67,5,96,38,49,70,28,68,130,1,131,54,108" hai2="9,116,112,113,104,40,125,59,15,121,98,44,99" hai3="12,29,124,62,56,75,86,51,78,115,33,18,120"/><W63/><G115/><T17/><D132/><U133/><E28/><V102/><F116/><W110/><G120/><T4/><D4/><U74/><E96/><V41/><F121/><W91/><G124/><T100/><D81/><U85/><E85/><V64/><F125/><W87/><G110/><T88/><D100/><U123/><E54/><V3/><F3/><W126/><G126/><T127/><D66/><U128/><E49/><V57/><F41/><W89/><G75/><T79/><D79/><U83/><E83/><V106/><F59/><W122/><G122/><T37/><D69/><U61/><E5/><V39/><F57/><W103/><G103/><T134/><D37/><U114/><E61/><V48/><F64/><W135/><G33/><T101/><D101/><U43/><E43/><V55/><F39/><W73/><G29/><T7/><D7/><U92/><E92/><V16/><F104/><W32/><G32/><T71/><D71/><U10/><E123/><V34/><F99/><W13/><G78/><T84/><D134/><U8/><E108/><V6/><F40/><W82/><G73/><T90/><D90/><U35/><E114/><V26/><F6/><W97/><G97/><T77/><D127/><U76/><E133/><V117/><F117/><W45/><G135/><T105/><D105/><U50/><E38/><V11/><F11/><N who="1" m="4137" /><E35/><V2/><REACH who="2" step="1"/><F2/><REACH who="2" ten="576,0,157,257" step="2"/><W46/><G56/><T111/><D77/><U21/><E21/><V118/><F118/><W129/><G129/><N who="1" m="33026" /><U23/><DORA hai="60" /><E23/><V24/><F24/><W107/><G107/><T80/><D58/><RYUUKYOKU ba="0,1" sc="576,-10,0,-10,157,30,257,-10" hai2="9,15,16,26,34,44,48,55,98,102,106,112,113" owari="576,67.6,-10,-51.0,187,-21.3,247,4.7" /></mjloggm>