<mjloggm ver="2.3"><GO type="225" lobby="0"/><UN n0="%6D%75%75%6D%75%72%61" n1="%E5%A4%8F%E9%88%B4%E9%88%B4%E5%A4%8F" n2="%E5%86%B7%E5%87%8D%E3%82%AE%E3%83%A7%E3%83%BC%E3%82%B6" n3="%E3%81%AF%E3%82%88%E3%81%8A%E3%81%98%E3%81%95%E3%82%93" dan="17,16,16,17" rate="2185.26,2124.66,2131.84,2189.17" sx="F,M,M,M"/><TAIKYOKU oya="0"/><INIT seed="0,0,0,2,2,129" ten="250,250,250,250" oya="0" hai0="79,68,44,88,130,69,132,84,70,53,24,38,105" hai1="134,77,75,122,28,100,56,7,23,65,9,104,32" hai2="87,97,26,89,123,78,98,71,34,40,125,73,42" hai3="60,121,10,115,72,93,108,106,102,49,33,11,119"/><T90/><D130/><U47/><E122/><V82/><F123/><W41/><G72/><T126/><D126/><U64/><E32/><V55/><F71/><W18/><G33/><T30/><D105/><U14/><E75/><V116/><F125/><W12/><G106/><T91/><D132/><U63/><E77/><V2/><F2/><W85/><G115/><T22/><D79/><U52/><E134/><V4/><F4/><W92/><G119/><T109/><D109/><U16/><E28/><V48/><F116/><W29/><G108/><T95/><REACH who="0" step="1"/><D53/><REACH who="0" ten="240,250,250,250" step="2"/><N who="1" m="34191" /><E104/><V111/><F111/><W112/><G121/><T50/><D50/><N who="1" m="28767" /><E100/><V54/><F78/><W117/><G102/><T127/><D127/><U62/><E62/><V124/><F124/><W133/><G60/><T31/><D31/><U113/><E113/><V74/><F73/><W118/><G29/><T0/><D0/><U131/><E131/><V114/><F74/><W45/><G112/><T5/><D5/><U15/><AGARI ba="0,1" hai="7,9,14,15,16,23,64,65" m="28767,34191" machi="15" ten="30,4000,0" yaku="8,1,54,2" doraHai="129" who="1" fromWho="1" sc="240,-20,250,50,250,-10,250,-10" /><INIT seed="1,0,0,5,1,20" ten="220,300,240,240" oya="1" hai0="97,7,16,10,91,26,47,58,5,94,27,78,55" hai1="90,103,134,4,12,115,123,75,81,95,23,6,77" hai2="34,129,102,70,42,41,119,72,98,0,18,30,52" hai3="133,101,64,17,35,50,49,53,39,8,126,60,67"/><U85/><E123/><V36/><F119/><W15/><G39/><T99/><D78/><U3/><E115/><V113/><F113/><W110/><G35/><T82/><D82/><U79/><E134/><V61/><F72/><W40/><G133/><T128/><D128/><U57/><E3/><V19/><F0/><W33/><G33/><T31/><D47/><U86/><E75/><V131/><F18/><W83/><G110/><T73/><D73/><U9/><E79/><V117/><F19/><W48/><G126/><T25/><D99/><U22/><E4/><N who="0" m="1609" /><D31/><U14/><E103/><V132/><F117/><W87/><G40/><T107/><D107/><U80/><E80/><V43/><F36/><W1/><G1/><T118/><D118/><U116/><E116/><V84/><F84/><W92/><G92/><T112/><D112/><U114/><E114/><V2/><F2/><W24/><G101/><T63/><D10/><U28/><E28/><V109/><F132/><W104/><G104/><T89/><D91/><U96/><E86/><V125/><F125/><W74/><G74/><T69/><D69/><U127/><E127/><V71/><F131/><W124/><G124/><T108/><D108/><U54/><E9/><V120/><F109/><W88/><G24/><T62/><D62/><N who="1" m="36151" /><E6/><V56/><F129/><W45/><G64/><T100/><D100/><U11/><E11/><V46/><F102/><W130/><G130/><T76/><D76/><U44/><E44/><V51/><F98/><W122/><G122/><T21/><AGARI ba="0,0" hai="16,21,25,26,27,55,58,63,89,94,97" m="1609" machi="21" ten="30,12000,2" yaku="25,1,8,1,52,3,54,1" doraHai="20" who="0" fromWho="0" sc="220,120,300,-60,240,-30,240,-30" /><INIT seed="2,0,0,2,3,95" ten="340,240,210,210" oya="2" hai0="52,23,74,123,107,96,8,49,66,51,129,81,37" hai1="109,125,118,116,101,27,82,14,48,55,3,58,50" hai2="85,92,117,15,65,28,21,25,73,46,60,108,4" hai3="79,104,47,122,131,33,94,111,44,127,57,63,36"/><V75/><F117/><W40/><G104/><T76/><D37/><U121/><E3/><V39/><F108/><W132/><G122/><T87/><D123/><U100/><E121/><V45/><F4/><W17/><G33/><T43/><D129/><U99/><E109/><V34/><F15/><W35/><G35/><T86/><D66/><U124/><E27/><V61/><F34/><W1/><G1/><T32/><D32/><U126/><E82/><V42/><F45/><W78/><G111/><T90/><D23/><U102/><E48/><V110/><F110/><W114/><G131/><T19/><D49/><U67/><E67/><V88/><REACH who="2" step="1"/><F60/><REACH who="2" ten="340,240,200,210" step="2"/><W98/><G44/><T54/><D43/><U24/><E14/><V16/><F16/><W26/><G17/><T91/><D19/><U134/><E24/><V119/><F119/><N who="1" m="45609" /><E134/><V38/><F38/><W70/><G132/><T13/><D13/><U11/><E11/><V62/><F62/><W93/><G26/><T68/><D8/><U9/><E9/><V69/><AGARI ba="0,1" hai="21,25,28,39,42,46,61,65,69,73,75,85,88,92" machi="69" ten="20,7800,0" yaku="1,1,0,1,7,1,54,1,53,0" doraHai="95" doraHaiUra="12" who="2" fromWho="2" sc="340,-26,240,-26,200,88,210,-26" /><INIT seed="2,1,0,4,3,81" ten="314,214,288,184" oya="2" hai0="40,131,75,19,98,107,24,67,130,129,111,7,44" hai1="93,21,1,127,32,112,85,77,23,25,113,65,110" hai2="73,10,16,38,97,62,31,29,0,14,126,26,5" hai3="100,105,74,123,43,3,66,124,69,42,55,94,51"/><V96/><F126/><W108/><G123/><T92/><D111/><U134/><E1/><V70/><F38/><W48/><G3/><T49/><D75/><U61/><E32/><V121/><F73/><W116/><G116/><T17/><D107/><U15/><E110/><V109/><F121/><W59/><G108/><T80/><D80/><U6/><E127/><V52/><F109/><W13/><G74/><T133/><D133/><U41/><E41/><V30/><F26/><W35/><G35/><T120/><D120/><U64/><E64/><V63/><F63/><W87/><G105/><T115/><D115/><U11/><E23/><V82/><F82/><W101/><G124/><T88/><D24/><U118/><E118/><V47/><F70/><W76/><G69/><T99/><D67/><U122/><E134/><V57/><REACH who="2" step="1"/><F47/><REACH who="2" ten="314,214,278,184" step="2"/><W20/><G66/><T39/><D39/><U79/><E122/><V119/><F119/><W28/><G28/><T45/><D45/><U84/><E112/><V27/><F27/><W132/><G132/><T117/><D117/><U22/><E113/><V89/><F89/><N who="3" m="53567" /><G76/><T68/><D68/><N who="1" m="42031" /><E25/><V125/><F125/><W90/><G90/><T54/><D130/><U104/><E77/><V50/><F50/><W9/><G48/><T18/><D131/><U37/><E37/><V106/><F106/><W135/><G135/><T58/><D129/><U102/><E104/><V33/><F33/><W78/><G78/><T128/><D128/><U95/><E79/><V8/><AGARI ba="1,1" hai="0,5,8,10,14,16,29,30,31,52,57,62,96,97" machi="8" ten="30,11700,0" yaku="1,1,0,1,54,2,53,0" doraHai="81" doraHaiUra="103" who="2" fromWho="2" sc="314,-40,214,-40,278,130,184,-40" /><INIT seed="2,2,0,5,4,45" ten="274,174,408,144" oya="2" hai0="37,73,63,119,128,18,2,15,122,52,24,72,82" hai1="85,11,62,121,78,87,55,44,16,46,77,105,35" hai2="110,56,67,41,34,47,26,39,101,91,66,22,79" hai3="134,74,132,7,115,107,94,127,27,64,42,54,103"/><V120/><F120/><W125/><G74/><T106/><D2/><U113/><E105/><V68/><F68/><W92/><G42/><T75/><D122/><U31/><E113/><V14/><F79/><N who="1" m="30217" /><E31/><V12/><F34/><W98/><G64/><T83/><D37/><U93/><E35/><V59/><F101/><W29/><G7/><T86/><D106/><U23/><E11/><V81/><F66/><W102/><G115/><T117/><D128/><U9/><E9/><V89/><F110/><W108/><G108/><T30/><D18/><U58/><E121/><V0/><F0/><W104/><G54/><T112/><D112/><U135/><E135/><N who="3" m="51754" /><G27/><T133/><D15/><N who="1" m="9631" /><E93/><N who="3" m="35946" /><G29/><T69/><D133/><U25/><E25/><V32/><F26/><W71/><G71/><T50/><D24/><U38/><E38/><V130/><F39/><W10/><G10/><T8/><D8/><U65/><E44/><V129/><F47/><W48/><G48/><AGARI ba="2,0" hai="46,48,55,58,62,65,85,87" m="9631,30217" machi="48" ten="30,3900,0" yaku="8,1,52,1,54,1" doraHai="45" who="1" fromWho="3" sc="274,0,174,45,408,0,144,-45" /><INIT seed="3,0,0,5,2,4" ten="274,219,408,99" oya="3" hai0="0,98,9,83,84,103,53,89,114,121,55,71,127" hai1="62,134,86,73,112,45,105,35,120,115,104,128,81" hai2="50,49,102,37,108,52,76,91,88,65,14,1,33" hai3="126,123,61,44,77,23,113,85,22,106,107,100,16"/><W21/><G113/><T25/><D121/><U74/><E35/><V130/><F37/><W32/><G123/><T5/><D71/><U19/><E19/><V116/><F1/><W10/><G126/><T36/><D127/><U117/><E45/><V47/><F33/><W6/><G32/><T2/><D2/><U101/><E62/><V129/><F108/><W40/><G61/><T93/><D114/><U97/><E120/><V54/><F65/><W87/><G16/><T118/><D36/><U78/><E117/><V124/><F116/><W109/><G109/><T42/><D42/><U70/><E70/><V43/><F102/><W69/><G69/><T13/><D118/><U122/><E122/><V7/><F76/><W132/><G132/><T58/><D25/><U17/><E105/><V72/><F72/><N who="1" m="27753" /><E17/><V18/><F7/><W95/><G95/><T24/><D24/><U63/><E63/><V67/><F67/><W131/><G131/><T80/><D0/><U125/><E125/><V51/><F124/><W30/><G30/><T29/><D29/><U20/><E128/><V68/><F68/><W3/><G77/><N who="0" m="46095" /><D58/><U38/><E38/><V41/><F130/><W79/><G79/><T39/><D39/><U48/><E134/><V59/><F51/><N who="3" m="27015" /><G107/><T8/><D8/><U135/><E135/><V90/><F129/><W64/><G64/><T26/><D26/><U31/><E48/><V34/><F34/><W92/><G106/><T15/><D15/><U11/><E11/><AGARI ba="0,0" hai="11,14,18,41,43,47,49,50,52,54,59,88,90,91" machi="11" ten="40,8000,1" yaku="8,1,52,1,54,2" doraHai="4" who="2" fromWho="1" sc="274,0,219,-80,408,80,99,0" owari="274,7.4,139,-26.1,488,58.8,99,-40.1" /></mjloggm>