<mjloggm ver="2.3"><GO type="225" lobby="0"/><UN n0="%E8%B6%85%E7%B4%9A%E9%B3%B3%E5%87%B0" n1="%E5%8D%A0%E3%81%84%E5%B8%AB%E8%A3%8F%E3%81%AA%E3%81%84%E3%81%97" n2="%E3%81%86%E3%83%BC%E3%81%B1%E3%83%BC" n3="%73%6C%69%63%6B%33%31%39" dan="16,16,16,16" rate="2089.77,2130.93,2129.99,2119.95" sx="M,M,F,M"/><TAIKYOKU oya="0"/><INIT seed="0,0,0,1,0,46" ten="250,250,250,250" oya="0" hai0="49,78,29,66,8,80,65,77,134,1,19,58,10" hai1="47,128,62,70,103,35,9,13,0,64,74,14,86" hai2="71,126,23,104,113,89,81,7,68,135,55,121,73" hai3="52,51,56,37,118,111,84,57,44,3,27,98,79"/><T120/><D120/><U83/><E128/><V93/><F121/><W129/><G118/><T42/><D134/><U130/><E130/><V132/><F113/><W100/><G3/><T48/><D1/><U117/><E117/><V92/><F104/><W32/><G129/><T116/><D116/><U31/><E103/><V36/><F7/><W110/><G84/><T60/><D29/><U97/><E97/><V76/><F36/><W87/><G87/><T96/><D96/><U69/><E69/><V5/><F5/><W17/><G79/><N who="0" m="30219" /><D80/><U24/><E74/><V4/><F4/><W106/><G37/><T94/><D94/><U34/><E34/><V125/><F23/><N who="3" m="13807" /><G32/><T114/><D114/><U12/><E0/><V53/><F71/><W26/><G26/><T33/><D33/><U25/><E25/><V54/><F68/><W39/><G39/><T99/><D99/><U131/><E131/><V50/><F50/><N who="0" m="19562" /><D42/><U67/><E47/><V95/><REACH who="2" step="1"/><F89/><REACH who="2" ten="250,250,240,250" step="2"/><W90/><G90/><T122/><D122/><U15/><E70/><V101/><F101/><W59/><G106/><T107/><D107/><U40/><E35/><V72/><F72/><W127/><G100/><T30/><D30/><U102/><E31/><V16/><F16/><W11/><G44/><T6/><D6/><U112/><E102/><V21/><F21/><W91/><G91/><T105/><D105/><U123/><E112/><V82/><F82/><W119/><G119/><T28/><D28/><U85/><E83/><V41/><F41/><W18/><G18/><T43/><D19/><N who="1" m="8591" /><E40/><V22/><F22/><RYUUKYOKU ba="0,1" sc="250,-10,250,-10,240,30,250,-10" hai2="53,54,55,73,76,81,92,93,95,125,126,132,135" /><INIT seed="1,1,1,0,3,104" ten="240,240,270,240" oya="1" hai0="80,10,17,29,57,16,2,48,101,55,28,35,77" hai1="121,33,34,110,99,61,130,79,86,15,53,21,52" hai2="58,131,82,45,84,102,22,75,134,133,64,105,126" hai3="9,40,46,120,39,97,93,112,63,124,119,107,103"/><U128/><E121/><V108/><F108/><W67/><G112/><T62/><D101/><U18/><E110/><V43/><F131/><N who="1" m="50217" /><E99/><N who="2" m="61663" /><F22/><W42/><G120/><T6/><D62/><U59/><E79/><N who="2" m="44415" /><F58/><W38/><G124/><T51/><D48/><U111/><E111/><V95/><F64/><W68/><G93/><T117/><D117/><U27/><E86/><V125/><F95/><W50/><G119/><T30/><REACH who="0" step="1"/><D35/><REACH who="0" ten="230,240,270,240" step="2"/><N who="1" m="13323" /><E27/><V90/><F126/><W12/><REACH who="3" step="1"/><G40/><REACH who="3" ten="230,240,270,230" step="2"/><T73/><AGARI ba="1,3" hai="2,6,10,16,17,28,29,30,51,55,57,73,77,80" machi="73" ten="30,8000,1" yaku="1,1,0,1,52,1,54,1,53,1" doraHai="104" doraHaiUra="72" who="0" fromWho="0" sc="230,113,240,-41,270,-21,230,-21" /><INIT seed="2,0,0,4,3,65" ten="343,199,249,209" oya="2" hai0="43,127,24,119,30,52,7,87,68,81,21,8,19" hai1="46,125,98,89,103,54,120,23,32,106,114,126,36" hai2="132,49,20,56,14,28,45,48,107,105,102,31,86" hai3="104,71,44,101,4,109,117,82,18,116,96,29,60"/><V118/><F118/><W12/><G109/><T112/><D112/><U123/><E114/><V33/><F132/><W108/><G108/><T85/><D119/><U47/><E32/><V93/><F105/><W42/><G4/><T70/><D43/><N who="1" m="22887" /><E23/><V55/><F107/><W72/><G29/><T34/><D127/><N who="1" m="48651" /><E89/><N who="2" m="53431" /><F102/><W58/><G82/><T51/><D19/><U91/><E91/><V26/><F33/><W69/><G72/><T16/><D16/><U15/><E15/><V76/><F76/><W66/><G116/><T121/><D121/><N who="1" m="46667" /><E47/><V130/><F14/><W115/><G115/><T128/><D21/><U67/><E67/><V92/><F31/><W75/><G75/><T97/><D97/><U63/><E63/><V0/><F28/><W100/><G100/><T1/><D30/><U5/><E54/><V6/><F55/><W41/><G117/><T84/><D52/><U13/><E13/><V129/><F20/><W83/><G83/><T9/><D34/><U50/><E50/><V57/><F49/><W133/><G133/><T90/><D51/><U38/><E5/><V124/><F48/><W110/><G110/><T3/><D90/><U40/><E40/><V79/><F6/><W135/><G135/><T74/><D7/><U59/><E59/><V80/><F57/><W95/><G104/><T77/><D1/><U22/><E22/><V37/><F0/><W2/><G2/><T134/><D3/><U94/><E106/><V64/><F124/><W39/><G41/><T27/><D134/><U62/><E38/><V99/><F37/><W11/><AGARI ba="0,0" hai="11,12,18,39,42,44,58,60,66,69,71,95,96,101" machi="11" ten="20,8000,1" yaku="5,1,0,1,7,1,52,2" doraHai="65" who="3" fromWho="3" sc="343,-20,199,-20,249,-40,209,80" /><INIT seed="3,0,0,1,5,32" ten="323,179,209,289" oya="3" hai0="123,3,44,27,109,127,49,101,120,88,126,90,1" hai1="128,4,10,50,66,20,30,9,95,124,45,43,111" hai2="70,19,36,105,63,97,108,39,53,96,46,74,13" hai3="18,16,100,93,52,80,0,17,47,67,132,12,5"/><W62/><G132/><T79/><D109/><U91/><E111/><V48/><F74/><W98/><G0/><N who="0" m="75" /><D79/><U94/><E128/><V23/><F108/><W122/><G122/><N who="0" m="46635" /><D27/><U28/><E124/><N who="0" m="47657" /><D101/><U110/><E110/><V82/><F105/><W125/><G125/><T114/><D114/><U77/><E77/><V81/><F97/><W115/><G115/><T86/><D86/><U55/><E66/><V78/><F96/><W68/><G80/><T76/><D76/><U61/><E94/><V7/><F82/><W119/><G119/><T83/><D83/><U102/><E102/><V99/><F99/><W38/><G5/><T87/><D87/><U92/><E9/><V113/><F7/><W8/><G38/><T131/><D131/><U112/><E112/><V25/><F25/><W129/><G129/><T60/><D60/><U2/><E20/><V69/><F113/><W56/><G47/><T35/><D35/><U51/><E61/><AGARI ba="0,0" hai="8,12,16,17,18,52,56,61,62,67,68,93,98,100" machi="61" ten="30,5800,0" yaku="7,1,54,2" doraHai="32" who="3" fromWho="1" sc="323,0,179,-58,209,0,289,58" owari="323,12.3,121,-37.9,209,-19.1,347,44.7" /></mjloggm>