<mjloggm ver="2.3"><GO type="225" lobby="0"/><UN n0="%E3%82%B3%E3%83%90%E3%83%AC%E3%82%A4" n1="%E6%9D%B1%E9%A2%A8%E3%81%AE%E3%81%8D%E3%82%83%E3%81%B7%E3%81%95%E3%82%93" n2="%E3%82%A2%E3%83%A1%E3%82%A2%E3%83%A9%E3%83%AC" n3="%4C%4F%4C%49%54%41" dan="16,17,16,16" rate="2142.76,2178.07,2105.21,2172.84" sx="M,M,M,F"/><TAIKYOKU oya="0"/><INIT seed="0,0,0,1,2,16" ten="250,250,250,250" oya="0" hai0="75,108,51,80,84,128,69,102,135,132,35,14,63" hai1="90,91,57,74,103,24,121,31,1,53,130,110,7" hai2="29,22,104,114,72,129,92,77,133,0,26,96,45" hai3="37,98,67,40,3,36,21,117,48,70,15,11,39"/><T101/><D35/><U44/><E74/><V5/><F114/><W100/><G117/><T120/><D75/><U112/><E121/><V47/><F133/><N who="0" m="51274" /><D120/><U78/><E112/><V43/><F129/><W76/><G76/><T106/><D106/><U56/><E78/><V62/><F104/><W123/><G123/><T49/><D128/><U93/><E130/><V87/><F72/><W88/><G3/><T99/><D14/><U81/><E110/><V127/><F127/><W73/><G73/><T19/><D19/><U52/><E103/><N who="0" m="39433" /><D99/><U32/><E44/><V8/><F62/><W83/><G100/><T30/><D30/><U58/><E81/><V20/><F87/><W34/><G34/><T54/><D108/><U25/><E25/><V10/><F10/><W113/><G11/><T125/><D125/><U17/><E17/><V60/><F77/><W82/><G113/><T6/><D6/><U85/><E7/><V50/><F60/><N who="3" m="40295" /><G15/><T94/><D80/><U2/><REACH who="1" step="1"/><E90/><REACH who="1" ten="250,240,250,250" step="2"/><V79/><F79/><W131/><G131/><T38/><D69/><U71/><E71/><V126/><F126/><W42/><G83/><T18/><D18/><U4/><E4/><V105/><F29/><W13/><G82/><T33/><D33/><U89/><E89/><N who="2" m="55311" /><F26/><W122/><G122/><T97/><D94/><U115/><E115/><V95/><F105/><W55/><G88/><T107/><D107/><U65/><E65/><V68/><F68/><W64/><G64/><T66/><D66/><U86/><E86/><V61/><F95/><W46/><G98/><T12/><D97/><RYUUKYOKU ba="0,1" sc="250,-15,240,15,250,-15,250,15" hai1="1,2,24,31,32,52,53,56,57,58,85,91,93" hai3="13,21,36,37,39,40,42,46,48,55" /><INIT seed="1,1,1,4,3,25" ten="235,255,235,265" oya="1" hai0="7,45,60,62,73,83,88,71,6,123,42,79,94" hai1="50,11,55,56,31,54,0,133,85,100,72,66,104" hai2="125,122,110,111,69,114,115,30,89,24,58,21,131" hai3="105,113,34,57,28,2,119,53,5,130,80,23,112"/><U121/><E121/><V49/><F122/><W116/><G105/><T59/><D71/><U48/><E72/><V96/><F69/><W102/><G102/><T27/><D62/><U44/><E133/><V65/><F131/><W22/><G80/><T13/><D13/><U134/><E134/><V108/><F125/><W8/><G130/><T98/><D27/><U76/><E66/><V128/><F128/><W67/><G67/><T82/><D82/><U106/><E76/><V68/><F68/><W47/><G47/><T29/><D29/><U90/><E100/><V129/><F129/><W126/><G126/><T107/><D107/><U63/><E31/><V12/><F12/><W75/><G75/><T132/><D123/><U15/><E63/><N who="2" m="38135" /><F49/><W4/><G4/><T19/><D19/><U92/><REACH who="1" step="1"/><E0/><REACH who="1" ten="235,245,235,265" step="2"/><V70/><F70/><W117/><G28/><T109/><D132/><U43/><E43/><V37/><F111/><W18/><G2/><T32/><D109/><U74/><E74/><V103/><F103/><W36/><G117/><T16/><D73/><U51/><E51/><V38/><F110/><W135/><G135/><T77/><D79/><U35/><E35/><V26/><F108/><W97/><G34/><T20/><D32/><U86/><E86/><V120/><F120/><W1/><G119/><T39/><D60/><U84/><E84/><V87/><F87/><W3/><G116/><T101/><D77/><U9/><E9/><V127/><F127/><W95/><G1/><T17/><D101/><U91/><E91/><V41/><F30/><W61/><G3/><RYUUKYOKU ba="1,2" sc="235,-10,245,30,235,-10,265,-10" hai1="11,15,44,48,50,54,55,56,85,90,92,104,106" /><INIT seed="1,2,2,4,0,111" ten="225,275,225,255" oya="1" hai0="115,102,128,66,93,95,36,24,54,100,127,60,25" hai1="109,129,94,26,5,105,82,108,99,58,96,63,77" hai2="130,123,79,73,6,116,90,59,122,30,56,113,97" hai3="117,45,71,33,118,74,27,70,11,68,120,107,103"/><U81/><E129/><V119/><F6/><W76/><G120/><N who="2" m="46121" /><F30/><N who="3" m="19679" /><G11/><T112/><D36/><U41/><E41/><V133/><F59/><W49/><G49/><T51/><D128/><U13/><E26/><V32/><F56/><W34/><G34/><T43/><D51/><U131/><E131/><V83/><F32/><W110/><G45/><T134/><D43/><U67/><E105/><V78/><F130/><W57/><G57/><T87/><D87/><U92/><E13/><V62/><F62/><W15/><G15/><T126/><D60/><U104/><E5/><V10/><F10/><W0/><G110/><N who="1" m="42602" /><E104/><V46/><F46/><W17/><G17/><T8/><D8/><U85/><E81/><N who="2" m="45263" /><F133/><W18/><G0/><T89/><D134/><U16/><E16/><V50/><F50/><W132/><G18/><T22/><D22/><U80/><E80/><V121/><F121/><W1/><G1/><T3/><D3/><U7/><E7/><V84/><F113/><W106/><G132/><T39/><D39/><U125/><E125/><V55/><F55/><W47/><G107/><T9/><D9/><U19/><E19/><V135/><F135/><W48/><G106/><T20/><D20/><U12/><E12/><V61/><F61/><W98/><G48/><T38/><D38/><U64/><E64/><V23/><F23/><W2/><G2/><T21/><D21/><U114/><E114/><V42/><F42/><W14/><G14/><T37/><D37/><U69/><E58/><V31/><F31/><W86/><G47/><T75/><D115/><U91/><E77/><RYUUKYOKU ba="2,2" sc="225,-15,275,15,225,15,255,-15" hai1="63,67,69,82,85,91,92,94,96,99" hai2="79,83,84,90,97,116,119" /><INIT seed="1,3,2,2,0,49" ten="210,290,240,240" oya="1" hai0="23,25,134,16,89,41,116,124,37,96,68,51,46" hai1="83,62,101,82,55,19,122,115,3,98,53,59,30" hai2="90,10,130,48,42,112,113,61,45,67,135,56,33" hai3="5,104,4,91,6,7,76,36,2,119,97,133,132"/><U70/><E122/><V64/><F33/><W85/><G36/><T15/><D124/><U74/><E115/><N who="2" m="44107" /><F135/><N who="3" m="51787" /><G119/><T88/><D134/><U8/><E70/><V20/><F130/><W0/><N who="3" m="1024" /><DORA hai="43" /><W118/><G76/><T1/><D1/><U120/><E3/><V66/><F10/><W57/><G118/><T106/><D68/><U84/><E120/><V110/><F110/><W12/><G12/><T102/><D116/><U94/><E74/><V24/><F90/><W71/><G57/><T109/><D109/><U18/><E30/><AGARI ba="3,2" hai="20,24,30,42,45,48,56,61,64,66,67" m="44107" machi="30" ten="30,2000,0" yaku="11,1,52,1" doraHai="49,43" who="2" fromWho="1" sc="210,0,290,-29,240,49,240,0" /><INIT seed="2,0,0,2,0,77" ten="210,261,289,240" oya="2" hai0="48,92,24,1,131,68,71,72,12,58,135,89,70" hai1="104,109,52,38,87,13,119,6,97,96,129,56,47" hai2="128,124,86,126,9,54,113,55,3,121,15,106,105" hai3="102,59,76,73,100,117,111,101,133,8,67,112,65"/><V85/><F113/><W108/><G117/><T132/><D1/><U17/><E119/><V37/><F3/><W64/><G133/><N who="0" m="51275" /><D72/><U32/><E129/><V31/><F37/><W0/><G112/><T127/><D131/><U81/><E109/><N who="3" m="42058" /><G0/><T29/><D12/><U93/><E104/><N who="2" m="40043" /><F31/><W42/><G8/><T88/><D92/><U110/><E32/><V61/><F61/><N who="3" m="37951" /><G42/><T28/><D127/><N who="2" m="48682" /><F121/><W79/><G79/><T116/><D116/><U34/><E110/><V78/><F128/><W43/><G43/><T69/><N who="0" m="17408" /><DORA hai="125" /><T18/><D18/><U40/><E34/><V39/><F39/><W27/><G27/><T21/><D29/><U10/><E17/><N who="2" m="8431" /><F86/><W82/><AGARI ba="0,0" hai="65,67,73,76,82,100,101,102" m="37951,42058" machi="82" ten="40,2700,0" yaku="14,1,52,1" doraHai="77,125" who="3" fromWho="3" sc="210,-7,261,-7,289,-13,240,27" /><INIT seed="3,0,0,3,5,100" ten="203,254,276,267" oya="3" hai0="18,78,11,22,56,104,82,70,43,117,93,34,84" hai1="48,29,37,55,64,127,49,42,134,72,5,90,115" hai2="26,9,23,47,27,54,16,101,86,58,4,79,71" hai3="96,76,7,97,50,92,35,108,15,124,73,77,65"/><W110/><G35/><T119/><D70/><U103/><E72/><V111/><F71/><W13/><G124/><T95/><D34/><U106/><E115/><V38/><F111/><N who="3" m="42539" /><G65/><T122/><D122/><U2/><E134/><V112/><F112/><W66/><G66/><T109/><D109/><U113/><E64/><V20/><F101/><W33/><G33/><T88/><D104/><U17/><E29/><V32/><F32/><W1/><G97/><T19/><D95/><U60/><E127/><V133/><F133/><W25/><G25/><T94/><D94/><U63/><E113/><V61/><F38/><W10/><G50/><T44/><D56/><U123/><E123/><V6/><F47/><W8/><G73/><T102/><D102/><U3/><E90/><V120/><F9/><W67/><G67/><T24/><D11/><U132/><E132/><V74/><F74/><W69/><G69/><T118/><D18/><U83/><E17/><N who="2" m="12559" /><F120/><W51/><G51/><T81/><REACH who="0" step="1"/><D78/><REACH who="0" ten="193,254,276,267" step="2"/><N who="3" m="30313" /><G8/><T14/><D14/><U57/><E106/><V36/><F79/><W85/><G85/><T135/><D135/><U46/><E2/><V62/><F86/><W121/><G121/><T68/><D68/><U89/><E3/><V116/><F58/><W129/><G129/><T30/><D30/><U98/><E57/><V80/><F23/><W41/><G92/><T75/><D75/><U107/><E107/><V99/><F99/><W105/><G105/><T40/><D40/><U91/><E42/><V130/><F130/><W45/><G96/><T114/><D114/><U53/><E98/><RYUUKYOKU ba="0,1" sc="193,15,254,-15,276,-15,267,15" hai0="19,22,24,43,44,81,82,84,88,93,117,118,119" hai3="1,7,10,13,15,41,45" /><INIT seed="3,1,1,5,3,19" ten="208,239,261,282" oya="3" hai0="86,8,130,41,93,29,51,74,6,48,120,2,46" hai1="125,66,111,101,53,9,102,90,70,109,59,65,96" hai2="28,34,56,60,64,21,42,36,82,84,23,68,30" hai3="92,135,95,4,76,33,32,119,26,81,47,121,79"/><W12/><G119/><T131/><D74/><U117/><E117/><V100/><F68/><W77/><G121/><T15/><D120/><U55/><E9/><V73/><F73/><W118/><G118/><T124/><D124/><U106/><E125/><V45/><F100/><W49/><G135/><T61/><D29/><U69/><E90/><V108/><F108/><N who="1" m="41545" /><E102/><V91/><REACH who="2" step="1"/><F30/><REACH who="2" ten="208,239,251,282" step="2"/><N who="3" m="19543" /><G77/><T13/><D131/><U5/><E5/><V57/><F57/><W107/><G79/><T1/><D130/><U38/><E38/><V3/><F3/><W87/><G4/><T78/><D2/><U88/><E69/><V54/><F54/><N who="1" m="20489" /><E70/><V116/><F116/><W11/><G76/><T75/><D75/><U16/><E59/><V63/><F63/><W99/><G47/><T128/><D128/><U80/><E66/><V97/><F97/><W14/><G99/><T103/><D61/><U126/><E65/><V104/><F104/><W105/><G107/><T83/><D51/><U132/><E126/><V122/><F122/><W39/><G105/><T58/><D58/><U115/><E132/><V43/><F43/><W127/><G127/><T114/><D114/><U85/><E115/><V25/><AGARI ba="1,2" hai="21,23,25,28,34,36,42,45,56,60,64,82,84,91" machi="25" ten="30,7900,0" yaku="1,1,0,1,52,2,53,0" doraHai="19" doraHaiUra="134" who="2" fromWho="2" sc="208,-21,239,-21,251,102,282,-40" owari="187,-31.3,218,-18.2,353,45.3,242,4.2" /></mjloggm>