<mjloggm ver="2.3"><GO type="225" lobby="0"/><UN n0="%E9%B3%B3%E6%9D%B1%E3%81%AE%E3%81%86%E3%81%95%E3%81%8E%E3%81%95%E3%82%93" n1="%6D%75%75%6D%75%72%61" n2="%4E%49%4A%49%49%52%4F" n3="%E3%81%A1%E3%82%85%E3%81%86%E3%81%A9%E3%81%8F%E8%B1%A1%E3%81%95%E3%82%93" dan="16,16,16,16" rate="2103.27,2119.56,2199.26,2154.36" sx="M,F,M,M"/><TAIKYOKU oya="0"/><INIT seed="0,0,0,0,3,51" ten="250,250,250,250" oya="0" hai0="49,20,5,33,103,107,53,66,122,126,39,27,8" hai1="50,79,82,42,131,120,85,32,70,56,88,52,41" hai2="71,115,84,74,97,105,15,40,48,11,133,17,54" hai3="45,135,68,0,21,95,125,128,44,12,6,13,76"/><T81/><D122/><U14/><E120/><V69/><F74/><W117/><G117/><T60/><D126/><U35/><E131/><V72/><F72/><W87/><G68/><T99/><D39/><U62/><E79/><V34/><F34/><W25/><G128/><T59/><D33/><U73/><E73/><V92/><F115/><W104/><G104/><T130/><D81/><U118/><E118/><V132/><F40/><W24/><G125/><T102/><D130/><U37/><E42/><V55/><F84/><W47/><G135/><N who="2" m="51785" /><F105/><W98/><G0/><T101/><D20/><U43/><E43/><V63/><F48/><W22/><G6/><T96/><D27/><N who="3" m="10313" /><G87/><T109/><D109/><U23/><E37/><V124/><F124/><W3/><G76/><T10/><D107/><U111/><E111/><V2/><F2/><W61/><G61/><T1/><REACH who="0" step="1"/><D8/><REACH who="0" ten="240,250,250,250" step="2"/><U112/><E112/><V18/><F11/><W134/><G134/><T31/><D31/><U77/><E35/><V110/><F110/><W119/><G119/><T78/><D78/><U57/><E32/><V30/><F30/><W108/><G108/><T90/><D90/><U75/><E77/><V28/><F28/><W83/><G83/><T80/><D80/><U100/><E75/><V29/><F29/><W91/><G3/><T7/><D7/><U94/><E82/><V123/><F123/><W114/><G114/><T19/><D19/><N who="1" m="10743" /><E100/><N who="2" m="60455" /><F18/><W93/><G93/><T127/><D127/><U65/><E41/><V58/><F17/><W129/><G129/><T86/><D86/><U46/><AGARI ba="0,1" hai="46,50,52,56,57,62,65,70,85,88,94" m="10743" machi="46" ten="30,7900,0" yaku="5,1,52,1,54,2" doraHai="51" who="1" fromWho="1" sc="240,-39,250,89,250,-20,250,-20" /><INIT seed="1,0,0,0,1,123" ten="201,339,230,230" oya="1" hai0="128,5,130,86,108,3,27,32,107,69,14,70,72" hai1="54,99,94,42,20,50,76,45,0,78,91,49,41" hai2="38,112,96,21,60,118,6,110,93,34,4,121,47" hai3="62,36,22,58,18,67,19,74,8,98,114,102,55"/><U119/><E119/><V23/><F118/><W122/><G122/><T57/><D72/><U28/><E0/><V51/><F121/><W89/><G114/><T79/><D3/><U52/><E42/><V87/><F34/><W61/><G36/><T75/><D75/><U40/><E40/><V2/><F38/><W11/><G74/><T48/><D107/><U66/><E66/><V125/><F112/><W43/><G43/><T111/><D48/><U13/><E41/><V17/><F125/><W63/><G89/><T59/><D59/><U73/><E73/><V37/><F37/><W129/><G129/><N who="0" m="49771" /><D57/><U117/><E117/><V30/><F2/><W24/><G19/><T115/><D115/><U56/><E28/><V77/><F60/><W15/><G67/><T1/><D1/><U84/><E99/><V127/><F127/><W95/><REACH who="3" step="1"/><G24/><REACH who="3" ten="201,339,230,220" step="2"/><T16/><D5/><U68/><E68/><N who="0" m="26217" /><D79/><U106/><E106/><V100/><F4/><W120/><G120/><T126/><D126/><U31/><E31/><V134/><F6/><W26/><G26/><T12/><D86/><U25/><E25/><V83/><F87/><W97/><G97/><T46/><D16/><AGARI ba="0,1" hai="13,16,20,45,49,50,52,54,56,76,78,84,91,94" machi="16" ten="40,12000,1" yaku="25,2,8,1,54,2" doraHai="123" who="1" fromWho="0" sc="201,-120,339,130,230,0,220,0" /><INIT seed="1,1,0,2,5,49" ten="81,469,230,220" oya="1" hai0="135,43,44,125,56,117,54,116,57,104,81,11,82" hai1="6,99,64,50,108,129,42,90,86,59,110,96,63" hai2="134,20,26,0,27,75,113,119,61,118,74,77,133" hai3="12,41,79,31,38,124,73,91,37,65,60,71,35"/><U101/><E129/><V40/><F40/><W55/><G124/><T58/><D104/><U7/><E42/><V34/><F61/><W48/><G12/><T16/><D135/><N who="2" m="51722" /><F77/><W123/><G123/><T131/><D131/><U25/><E50/><V70/><F70/><W8/><G8/><T105/><D105/><U95/><E25/><V53/><F113/><W103/><G103/><T114/><D125/><U5/><REACH who="1" step="1"/><E101/><REACH who="1" ten="81,459,230,220" step="2"/><V24/><F24/><W52/><G38/><T14/><D114/><U62/><E62/><V4/><F27/><W39/><G37/><T87/><D117/><U127/><E127/><V89/><F26/><W46/><G35/><T132/><D116/><U69/><E69/><V94/><F34/><W30/><G39/><T9/><D132/><U122/><E122/><V18/><F119/><W19/><G41/><T112/><D112/><U93/><E93/><V47/><F94/><W2/><G48/><N who="0" m="28935" /><D43/><U121/><E121/><V109/><F118/><W97/><G60/><T88/><D81/><U13/><E13/><V102/><F102/><W78/><G71/><T51/><D9/><U100/><E100/><V67/><F0/><W84/><G2/><T17/><D51/><U28/><E28/><V29/><F29/><W33/><G30/><T115/><D115/><U36/><E36/><V10/><F10/><W111/><G31/><T126/><D126/><U85/><E85/><V32/><F75/><W15/><G73/><T128/><D128/><U107/><E107/><V98/><F74/><W106/><G33/><T80/><D82/><U21/><E21/><RYUUKYOKU ba="1,1" sc="81,15,459,15,230,-15,220,-15" hai0="11,14,16,17,56,57,58,80,87,88" hai1="5,6,7,59,63,64,86,90,95,96,99,108,110" /><INIT seed="1,2,1,4,0,29" ten="96,474,215,205" oya="1" hai0="27,134,135,121,10,120,62,57,103,55,21,70,31" hai1="18,81,36,106,76,132,93,98,7,48,8,72,19" hai2="59,89,113,133,86,33,108,0,28,117,3,71,52" hai3="6,44,99,53,115,123,80,101,38,96,116,58,109"/><U4/><E36/><V112/><F117/><W54/><G123/><N who="0" m="47179" /><D103/><U125/><E106/><V47/><F71/><W92/><G115/><N who="2" m="44105" /><F108/><W23/><G109/><T65/><D10/><U126/><E132/><N who="0" m="50729" /><D21/><U67/><E19/><V15/><F47/><W68/><G68/><N who="0" m="42039" /><D27/><U24/><E24/><N who="2" m="18567" /><F15/><W26/><G116/><T49/><D31/><U131/><E18/><V39/><F39/><W9/><G80/><T124/><D70/><U118/><E81/><N who="2" m="49359" /><F133/><W84/><G84/><T16/><D16/><U22/><E7/><V87/><F87/><W95/><G6/><T32/><D32/><U129/><E4/><V42/><F42/><W69/><G69/><T85/><D85/><U102/><E22/><V35/><F35/><W110/><G9/><T45/><D124/><U12/><E125/><V41/><F41/><W104/><G104/><T97/><D97/><U130/><E93/><V40/><F40/><W13/><G95/><T2/><D2/><U127/><E126/><V61/><AGARI ba="2,1" hai="0,3,52,59,61" m="49359,18567,44105" machi="61" ten="30,4000,0" yaku="11,1,52,1,54,1" doraHai="29" who="2" fromWho="2" sc="96,-12,474,-22,215,56,205,-12" /><INIT seed="2,0,0,2,3,37" ten="84,452,271,193" oya="2" hai0="72,31,90,14,53,41,8,17,96,63,91,23,10" hai1="30,24,103,131,47,5,86,134,66,89,132,1,114" hai2="59,0,118,129,95,64,115,106,61,92,127,105,13" hai3="80,101,130,97,93,109,94,51,82,39,71,107,16"/><V26/><F118/><W45/><G71/><T21/><D72/><U54/><E114/><V3/><F115/><W67/><G39/><T68/><D68/><U135/><E131/><V73/><F129/><W60/><G130/><T128/><D128/><U2/><E103/><V20/><F73/><W44/><G109/><T52/><D41/><U100/><E100/><V133/><F13/><W65/><G107/><T12/><D31/><U36/><E66/><V58/><F127/><W34/><G34/><T81/><D63/><U49/><E36/><V32/><F32/><W77/><G67/><T104/><D104/><U111/><E5/><V126/><F126/><W43/><G45/><T35/><D35/><N who="1" m="20935" /><E111/><V79/><F79/><W102/><G77/><T19/><D81/><AGARI ba="0,0" hai="1,2,47,49,54,81,86,89,132,134,135" m="20935" machi="81" ten="30,1000,0" yaku="20,1" doraHai="37" who="1" fromWho="0" sc="84,-10,452,10,271,0,193,0" /><INIT seed="3,0,0,4,2,3" ten="74,462,271,193" oya="3" hai0="62,33,101,83,37,40,32,29,96,68,81,75,91" hai1="63,48,129,107,121,80,112,134,135,115,38,74,11" hai2="127,15,90,39,59,17,53,22,67,77,118,108,7" hai3="16,100,114,34,2,54,5,79,92,87,122,44,130"/><W82/><G122/><T21/><D21/><U8/><E38/><V13/><F39/><W105/><G114/><T65/><D91/><U95/><E107/><V47/><F108/><W72/><G130/><T49/><D49/><U61/><E121/><V31/><F118/><W24/><G105/><T12/><D12/><U119/><E129/><V73/><F127/><W23/><G34/><T97/><D97/><U94/><E48/><V4/><F31/><W103/><G72/><T10/><D10/><U56/><E74/><V19/><F77/><W88/><G88/><T0/><D0/><U76/><E76/><V123/><F73/><W104/><G104/><T58/><D58/><U84/><E119/><V35/><F35/><W128/><G128/><T110/><D110/><U111/><E111/><V20/><F123/><W25/><G25/><T52/><D52/><U93/><E80/><V85/><F47/><W98/><G100/><T131/><D131/><U28/><E84/><V26/><F67/><W30/><G2/><T120/><D120/><U69/><E28/><V45/><F45/><W133/><G133/><T57/><D57/><U36/><E56/><V41/><F41/><W126/><G126/><T66/><D66/><U99/><E93/><V113/><F26/><W1/><G30/><T64/><D64/><U89/><E89/><V60/><REACH who="2" step="1"/><F113/><REACH who="2" ten="74,462,261,193" step="2"/><W106/><G106/><N who="0" m="63783" /><D29/><U117/><E112/><V46/><F46/><W55/><G44/><N who="0" m="23567" /><D75/><U18/><E115/><V132/><F132/><W14/><G1/><T9/><D9/><AGARI ba="0,1" hai="5,9,14,16,23,24,54,55,79,82,87,92,98,103" machi="9" ten="40,7700,0" yaku="8,1,52,1,54,1" doraHai="3" who="3" fromWho="0" sc="74,-77,462,0,261,0,193,87" owari="-3,-50.3,462,56.2,261,-13.9,280,8.0" /></mjloggm>