<mjloggm ver="2.3"><GO type="225" lobby="0"/><UN n0="%65%6B%61%72%75%74%65" n1="%33%74%72%65%65" n2="%E4%B8%AD%E5%B9%B4%E3%81%AE%E5%8D%B1%E6%A9%9F" n3="%E3%83%B4%E3%83%A0%EF%BC%99%E3%81%A6" dan="16,16,17,17" rate="2187.06,2147.72,2215.05,2192.15" sx="M,F,M,M"/><TAIKYOKU oya="0"/><INIT seed="0,0,0,2,5,62" ten="250,250,250,250" oya="0" hai0="30,31,14,107,103,44,80,81,53,109,23,9,84" hai1="60,21,104,59,69,112,10,93,38,77,39,121,61" hai2="26,16,99,52,50,32,79,51,22,117,110,8,130" hai3="54,122,133,11,97,123,1,64,6,63,35,19,96"/><T100/><D109/><U90/><E104/><V131/><F110/><W94/><G35/><T55/><D107/><U37/><E121/><N who="3" m="46090" /><G133/><T115/><D115/><U43/><E112/><V41/><F117/><W135/><G135/><T29/><D23/><U47/><E77/><V15/><F32/><W3/><G3/><T125/><D125/><U18/><E10/><V89/><F79/><W118/><G118/><T82/><D84/><U102/><E102/><N who="0" m="38953" /><D44/><U34/><E34/><V120/><F120/><W72/><G72/><T76/><D76/><U27/><E69/><V98/><F89/><W132/><G132/><T45/><D45/><U12/><E12/><V70/><F70/><N who="3" m="42271" /><G94/><T113/><D113/><U46/><E43/><V106/><F106/><W111/><G111/><T68/><D68/><U78/><E78/><V0/><F0/><W4/><G1/><T2/><D2/><U114/><E114/><V48/><F41/><W83/><G83/><N who="0" m="21251" /><T101/><N who="0" m="38961" /><DORA hai="74" /><T28/><N who="0" m="7168" /><DORA hai="13" /><DORA hai="25" /><T124/><D124/><U88/><E37/><V36/><F36/><W87/><G87/><T95/><D95/><U126/><E93/><V58/><F99/><W128/><G96/><T91/><D91/><N who="1" m="34859" /><E126/><V49/><REACH who="2" step="1"/><F98/><REACH who="2" ten="250,250,240,250" step="2"/><W7/><G97/><T108/><D108/><U127/><E127/><V116/><F116/><W105/><G105/><T92/><D92/><U17/><E39/><V86/><F86/><W75/><G75/><T5/><AGARI ba="0,1" hai="5,9,14,53,55" m="7168,21251,38961" machi="5" ten="60,18000,2" yaku="27,2,8,1,52,4" doraHai="62,74,13,25" who="0" fromWho="0" sc="250,190,250,-60,240,-60,250,-60" /><INIT seed="0,1,0,4,3,91" ten="440,190,180,190" oya="0" hai0="39,123,62,20,111,126,16,125,78,134,56,5,90" hai1="130,84,54,38,106,98,59,87,135,119,34,113,70" hai2="73,49,76,63,81,108,21,83,71,18,66,11,45" hai3="58,42,48,97,15,114,10,117,80,61,79,13,36"/><T37/><D123/><U133/><E119/><V44/><F108/><W0/><G117/><T75/><D111/><U17/><E130/><V82/><F11/><W68/><G114/><T29/><D134/><N who="1" m="51211" /><E113/><V115/><F115/><W6/><G48/><T51/><D29/><U89/><E70/><V25/><REACH who="2" step="1"/><F45/><REACH who="2" ten="440,190,170,190" step="2"/><W3/><G3/><T43/><D125/><U8/><E8/><V132/><F132/><W31/><G10/><T40/><D126/><U102/><E38/><V26/><F26/><W72/><G0/><T99/><D39/><U96/><E34/><V107/><F107/><W4/><G36/><T65/><D37/><U35/><E35/><V88/><F88/><W7/><G7/><T19/><D90/><U104/><E89/><V92/><F92/><W47/><G4/><T127/><D5/><U60/><E17/><V128/><F128/><W33/><G6/><T121/><D16/><U27/><E27/><V129/><F129/><W118/><G33/><T122/><D19/><U55/><E106/><V24/><F24/><W110/><G110/><T95/><D127/><U50/><E104/><V85/><F85/><N who="1" m="32841" /><E102/><V67/><F67/><W94/><G13/><T105/><D65/><U32/><E32/><V28/><F28/><W52/><G15/><T53/><D105/><U120/><E120/><V30/><F30/><W69/><G31/><T1/><D121/><U46/><AGARI ba="1,1" hai="46,50,54,55,59,60,96,98" m="32841,51211" machi="46" ten="30,1100,0" yaku="20,1" doraHai="91" who="1" fromWho="1" sc="440,-6,190,24,170,-4,190,-4" /><INIT seed="1,0,0,2,3,73" ten="434,214,166,186" oya="1" hai0="93,51,100,106,46,43,113,21,27,78,77,87,124" hai1="60,41,70,68,118,49,66,80,40,37,48,20,83" hai2="132,39,110,105,23,76,114,54,71,98,95,3,88" hai3="24,34,22,9,122,108,10,44,36,1,135,57,133"/><U19/><E118/><V81/><F3/><W12/><G36/><T84/><D113/><U31/><E68/><V128/><F39/><W50/><G57/><T5/><D124/><U129/><E129/><V116/><F71/><W55/><G122/><T117/><D5/><U89/><E31/><V112/><F23/><W120/><G120/><T107/><D107/><U102/><E102/><N who="2" m="62679" /><F54/><W62/><G62/><T92/><D106/><U131/><E40/><V64/><F64/><W47/><G47/><T59/><D59/><U52/><E48/><V58/><F58/><W90/><G34/><T130/><D117/><U103/><E41/><V126/><F116/><W2/><G9/><T134/><D134/><N who="3" m="51209" /><G90/><N who="0" m="53319" /><D130/><U38/><E38/><V67/><F67/><W28/><G108/><T65/><D65/><U17/><E37/><V13/><F13/><W125/><G125/><T11/><D11/><U32/><E131/><V15/><F15/><W18/><AGARI ba="0,0" hai="1,2,10,12,18,22,24,28,44,50,55" m="51209" machi="18" ten="30,1100,0" yaku="20,1" doraHai="73" who="3" fromWho="3" sc="434,-3,214,-5,166,-3,186,11" /><INIT seed="2,0,0,0,4,2" ten="431,209,163,197" oya="2" hai0="23,81,37,67,3,94,106,98,99,102,33,29,34" hai1="113,132,77,12,120,49,96,100,131,26,63,24,44" hai2="38,76,83,17,43,90,68,56,9,108,101,79,115" hai3="85,112,45,66,1,57,52,121,35,36,10,41,86"/><V15/><F68/><W134/><G121/><T19/><D37/><U135/><E113/><V69/><F69/><W84/><G35/><T126/><D3/><U127/><E120/><V16/><F115/><W114/><G134/><N who="1" m="51242" /><E131/><V95/><F38/><W54/><G66/><T27/><D126/><U74/><E127/><V116/><F116/><W107/><G54/><T51/><D67/><U70/><E12/><V47/><F56/><W129/><G107/><T125/><D81/><N who="1" m="45239" /><E63/><V105/><F105/><W13/><G1/><T87/><D51/><U109/><E109/><V22/><F108/><W20/><G20/><T110/><D19/><U128/><E128/><V117/><F117/><W6/><REACH who="3" step="1"/><G129/><REACH who="3" ten="431,209,163,187" step="2"/><T119/><D23/><U88/><E70/><V118/><F118/><W30/><G30/><T93/><D29/><U75/><E26/><N who="2" m="14663" /><F43/><W60/><AGARI ba="0,1" hai="6,10,13,36,41,45,52,57,60,84,85,86,112,114" machi="60" ten="30,8000,1" yaku="1,1,0,1,52,1,54,1,53,1" doraHai="2" doraHaiUra="39" who="3" fromWho="3" sc="431,-20,209,-20,163,-40,187,90" /><INIT seed="3,0,0,0,1,66" ten="411,189,123,277" oya="3" hai0="76,65,2,12,67,80,77,28,93,29,5,98,81" hai1="125,118,124,73,0,106,68,44,16,11,57,35,122" hai2="20,128,90,74,79,105,10,46,24,95,32,89,54" hai3="103,101,15,113,49,112,134,132,107,55,56,108,50"/><W94/><G107/><T85/><D2/><U82/><E122/><V52/><F105/><W75/><G75/><T31/><D5/><N who="1" m="1447" /><E106/><V59/><F128/><W83/><G83/><N who="0" m="31819" /><D12/><U13/><E35/><V123/><F74/><W104/><G104/><T26/><D26/><U100/><E100/><V19/><F123/><W72/><G72/><T78/><D85/><U88/><E68/><V115/><F115/><W111/><G15/><T3/><D3/><U9/><E118/><V127/><F127/><N who="1" m="48713" /><E57/><V53/><F79/><W96/><G101/><AGARI ba="0,0" hai="28,29,31,65,67,76,77,78,93,98,101" m="31819" machi="101" ten="30,1000,0" yaku="8,1" doraHai="66" who="0" fromWho="3" sc="411,10,189,0,123,0,277,-10" owari="421,52.1,189,-21.1,123,-37.7,267,6.7" /></mjloggm>