<mjloggm ver="2.3"><GO type="225" lobby="0"/><UN n0="%E6%97%A5%E6%9B%9C%E6%97%A5%E3%82%88%E3%82%8A%E3%81%AE%E4%BD%BF%E8%80%85" n1="%72%69%6F%75%63%68%61%6E" n2="%72%61%6B%33" n3="%4B%2E%32%2E%4B%2E" dan="18,17,18,16" rate="2168.41,2194.84,2283.69,2110.37" sx="M,M,M,M"/><TAIKYOKU oya="0"/><INIT seed="0,0,0,0,4,131" ten="250,250,250,250" oya="0" hai0="4,17,0,100,40,47,34,108,75,77,109,24,112" hai1="84,6,41,38,36,76,124,42,86,78,8,58,90" hai2="67,93,99,72,118,111,54,39,43,65,52,50,49" hai3="73,30,116,18,59,12,68,1,62,103,81,33,15"/><T130/><D100/><U101/><E124/><V80/><F111/><N who="0" m="42570" /><D112/><U53/><E101/><V10/><F118/><W13/><G1/><T51/><D130/><U98/><E98/><V23/><F39/><W56/><G68/><T135/><D77/><U97/><E97/><V91/><F43/><W22/><G103/><T48/><D75/><U117/><E117/><V110/><F110/><W70/><G70/><T125/><D125/><U79/><E36/><V61/><F10/><W46/><G30/><N who="0" m="19783" /><D17/><U11/><E38/><V74/><F74/><W14/><G33/><T104/><D104/><U83/><E86/><V21/><F72/><W26/><G116/><T44/><D135/><U82/><E82/><V122/><F80/><W3/><G81/><T126/><D126/><U31/><E31/><V123/><F93/><W29/><G73/><T63/><D63/><U37/><E37/><V85/><F61/><W45/><G3/><T27/><D27/><U16/><E16/><V55/><F91/><W57/><G62/><T7/><D0/><U115/><E115/><V88/><F88/><W127/><G127/><T28/><D28/><U102/><E102/><V113/><F113/><W87/><G87/><T20/><D20/><U133/><E133/><V107/><F85/><W19/><G19/><T32/><D32/><U71/><E71/><V69/><F69/><W60/><G60/><T119/><D119/><U64/><E84/><V106/><F99/><W92/><G92/><T95/><D95/><U134/><E78/><V120/><F107/><W105/><G105/><T129/><D129/><RYUUKYOKU ba="0,0" sc="250,15,250,-15,250,-15,250,15" hai0="4,7,40,44,47,48,51" hai3="12,13,14,15,18,22,26,29,45,46,56,57,59" /><INIT seed="0,1,0,4,1,85" ten="265,235,235,265" oya="0" hai0="72,131,47,41,91,34,53,8,40,99,46,79,123" hai1="18,54,10,17,27,48,104,106,83,23,110,24,67" hai2="133,31,25,135,113,134,94,51,92,33,58,122,64" hai3="75,87,61,11,62,84,109,5,128,119,82,28,124"/><T121/><D34/><U35/><E110/><V117/><F113/><W6/><G119/><T32/><D32/><U13/><E67/><V120/><F117/><W101/><G109/><T97/><D72/><U49/><E48/><V36/><F36/><W81/><G124/><T96/><D79/><U7/><E83/><V103/><F103/><W14/><G75/><T80/><D131/><U132/><E132/><V105/><F105/><W56/><G128/><T29/><D29/><U4/><E4/><V3/><F3/><W95/><G28/><T88/><D123/><U22/><REACH who="1" step="1"/><E35/><REACH who="1" ten="265,225,235,265" step="2"/><V86/><F51/><W102/><G5/><T21/><D80/><U38/><E38/><V107/><F122/><W55/><G62/><T118/><D121/><U126/><E126/><V127/><F120/><W93/><G81/><T130/><D118/><U50/><E50/><V39/><F39/><W65/><G65/><T89/><D130/><U26/><E26/><V116/><F127/><W73/><G73/><T112/><D112/><U63/><E63/><N who="2" m="38007" /><F116/><W129/><G129/><T1/><D53/><U42/><E42/><V77/><F33/><W108/><G108/><T20/><D41/><U12/><E12/><V60/><F60/><W45/><G82/><T68/><D68/><U114/><E114/><V66/><F66/><W69/><G69/><T70/><D70/><U9/><E9/><V71/><F71/><W98/><G45/><AGARI ba="1,1" hai="7,10,13,17,18,22,23,24,27,45,49,54,104,106" machi="45" ten="30,3900,0" yaku="1,1,7,1,9,1,53,0" doraHai="85" doraHaiUra="52" who="1" fromWho="3" sc="265,0,225,52,235,0,265,-42" /><INIT seed="1,0,0,2,2,135" ten="265,277,235,223" oya="1" hai0="64,76,2,40,36,15,48,25,31,22,55,12,39" hai1="62,104,108,79,17,124,49,120,101,98,65,97,24" hai2="41,127,5,14,119,61,112,99,109,86,33,63,18" hai3="0,1,23,110,91,89,42,84,115,13,68,50,92"/><U20/><E124/><V100/><F109/><W10/><G68/><T47/><D2/><U75/><E108/><V11/><F119/><W73/><G110/><T83/><D64/><U53/><E120/><V132/><F33/><W37/><G37/><T59/><REACH who="0" step="1"/><D39/><REACH who="0" ten="255,277,235,223" step="2"/><U21/><E65/><V30/><F132/><W106/><G115/><T34/><D34/><U16/><E62/><V56/><F61/><W52/><G0/><T125/><D125/><U81/><E98/><V66/><F99/><W7/><G1/><T88/><D88/><U43/><E43/><V74/><F63/><W121/><G121/><T126/><D126/><U8/><E8/><V133/><F11/><W38/><G91/><T111/><D111/><U28/><REACH who="1" step="1"/><E21/><REACH who="1" ten="255,267,235,223" step="2"/><V131/><F66/><W129/><G23/><T46/><D46/><AGARI ba="0,2" hai="16,17,20,24,28,46,49,53,75,79,81,97,101,104" machi="46" ten="30,11600,0" yaku="1,1,2,1,7,1,54,1,53,0" doraHai="135" doraHaiUra="85" who="1" fromWho="0" sc="255,-116,267,136,235,0,223,0" /><INIT seed="1,1,0,1,5,3" ten="139,403,235,223" oya="1" hai0="15,70,68,54,118,58,51,133,32,25,75,10,86" hai1="9,23,59,88,71,120,127,78,2,76,61,79,131" hai2="101,103,105,30,33,121,73,113,122,115,89,64,62" hai3="93,28,98,108,123,99,55,77,5,63,65,29,135"/><U57/><E120/><V130/><F130/><W112/><G123/><T34/><D75/><U27/><E131/><V42/><F89/><W66/><G112/><T92/><D118/><U0/><E127/><V109/><F109/><W19/><G108/><T87/><D133/><U117/><E117/><V17/><F17/><W39/><G39/><T60/><D70/><U21/><E21/><V12/><F12/><W6/><G135/><T40/><D68/><U81/><E71/><N who="2" m="42391" /><F73/><W37/><G37/><T83/><D92/><U18/><E57/><V129/><F42/><W48/><G77/><T132/><D132/><U20/><E9/><V72/><F103/><N who="3" m="60879" /><G19/><T111/><D111/><U26/><E88/><V7/><F72/><W128/><G99/><T36/><D36/><U11/><E11/><V126/><F126/><W4/><G128/><T125/><D125/><U91/><E91/><V100/><F100/><W52/><G52/><T110/><D110/><U35/><E35/><V124/><F129/><W38/><G38/><T49/><D34/><U45/><E45/><V16/><F124/><W46/><G63/><T69/><D69/><U74/><E0/><V53/><F33/><W22/><G22/><T119/><D119/><U104/><E104/><V116/><F105/><W50/><G50/><N who="0" m="18955" /><D40/><U97/><E97/><V82/><F116/><W56/><G46/><T43/><D43/><U31/><REACH who="1" step="1"/><E2/><REACH who="1" ten="139,393,235,223" step="2"/><V85/><F122/><W90/><G90/><T67/><D32/><U14/><E14/><V44/><F121/><W8/><G8/><T114/><D10/><U47/><E47/><RYUUKYOKU ba="1,1" sc="139,-15,393,15,235,-15,223,15" hai1="18,20,23,26,27,31,59,61,74,76,78,79,81" hai3="4,5,6,28,29,48,55,56,65,66" /><INIT seed="1,2,1,1,5,97" ten="124,408,220,238" oya="1" hai0="115,68,7,23,34,29,17,80,121,65,77,51,91" hai1="31,66,130,61,122,67,83,71,78,48,113,124,62" hai2="87,46,70,82,108,14,92,10,24,44,99,100,134" hai3="16,19,27,112,96,111,55,117,1,42,102,39,74"/><U131/><E113/><V123/><F108/><W49/><G112/><T86/><D115/><U12/><E122/><V95/><F134/><W8/><G74/><T21/><D121/><U98/><E124/><V118/><F118/><W75/><G75/><T63/><D7/><U93/><E31/><V52/><F70/><W56/><G111/><T116/><D116/><U20/><E48/><N who="2" m="28679" /><F123/><W15/><G117/><T54/><D34/><U127/><E127/><V90/><F46/><W53/><G1/><T36/><D36/><U60/><E20/><V25/><F92/><N who="3" m="58631" /><G39/><T57/><D29/><U6/><E6/><AGARI ba="2,1" hai="6,10,14,24,25,82,87,90,95,99,100" m="28679" machi="6" ten="30,3900,0" yaku="8,1,52,1,54,1" doraHai="97" who="2" fromWho="1" sc="124,0,408,-45,220,55,238,0" /><INIT seed="2,0,0,2,2,46" ten="124,363,275,238" oya="2" hai0="31,25,50,87,10,131,49,63,132,23,11,61,95" hai1="79,12,110,4,20,28,78,45,1,119,133,80,30" hai2="2,70,82,93,53,86,6,84,114,18,124,35,36" hai3="3,101,109,22,52,121,60,126,96,48,108,64,47"/><V15/><F114/><W100/><G121/><T94/><D131/><U112/><E112/><V66/><F36/><W113/><G113/><T57/><D132/><U129/><E119/><V51/><F124/><W67/><G3/><T34/><D34/><U68/><E68/><V42/><F35/><W77/><G126/><T125/><D125/><U91/><E129/><V41/><F6/><W128/><G128/><T85/><D57/><U56/><E133/><V104/><F104/><W65/><G77/><T105/><D105/><U39/><E110/><N who="3" m="42602" /><G22/><T43/><D23/><U71/><E71/><V38/><F38/><W9/><G9/><T118/><D118/><U111/><E111/><V106/><F2/><W55/><G96/><T123/><D123/><U69/><E69/><V29/><F29/><W5/><G5/><T32/><D32/><U26/><E30/><V54/><F106/><W76/><G76/><T37/><D37/><U40/><E1/><V72/><F72/><W27/><G27/><T117/><D31/><U33/><E56/><AGARI ba="0,0" hai="47,48,52,55,56,60,64,65,67,100,101" m="42602" machi="56" ten="30,3900,0" yaku="14,1,52,1,54,1" doraHai="46" who="3" fromWho="1" sc="124,0,363,-39,275,0,238,39" /><INIT seed="3,0,0,2,4,99" ten="124,324,275,277" oya="3" hai0="132,90,48,20,57,49,29,97,3,117,74,84,1" hai1="18,21,23,0,135,36,44,45,39,60,61,52,128" hai2="92,123,34,26,83,115,53,131,122,66,85,12,95" hai3="67,50,70,37,76,72,109,35,7,10,120,17,133"/><W28/><G37/><T130/><D117/><U46/><E0/><V108/><F115/><W65/><G120/><T8/><D74/><U6/><E6/><V87/><F108/><W69/><G109/><T111/><D111/><U55/><E128/><V38/><F38/><N who="1" m="14377" /><E18/><V15/><F66/><W25/><G133/><T124/><D132/><U80/><E80/><V100/><F53/><N who="1" m="20553" /><E135/><V62/><F62/><AGARI ba="0,0" hai="21,23,44,45,46,60,61,62" m="20553,14377" machi="62" ten="40,5200,0" yaku="28,2,54,1" doraHai="99" who="1" fromWho="2" sc="124,0,324,52,275,-52,277,0" owari="124,-37.6,376,47.6,223,-17.7,277,7.7" /></mjloggm>