<mjloggm ver="2.3"><GO type="225" lobby="0"/><UN n0="%E6%B2%A1%E7%94%B7" n1="%6D%75%75%6D%75%72%61" n2="%E6%81%AC%E6%B7%A1%E5%AF%82%E5%AF%9E" n3="%E3%81%A1%E3%82%85%E3%81%86%E3%81%A9%E3%81%8F%E8%B1%A1%E3%81%95%E3%82%93" dan="16,16,16,16" rate="2088.97,2091.33,2124.29,2115.68" sx="M,F,M,M"/><TAIKYOKU oya="0"/><INIT seed="0,0,0,1,2,97" ten="250,250,250,250" oya="0" hai0="95,84,98,93,114,43,8,40,25,0,107,132,92" hai1="130,120,21,61,59,105,44,47,2,87,56,13,28" hai2="39,70,100,115,110,62,86,123,85,91,60,82,30" hai3="125,51,11,64,34,83,9,109,134,69,75,80,32"/><T26/><D114/><U68/><E2/><V53/><F115/><W5/><G51/><T74/><D74/><U131/><E120/><V52/><F123/><W112/><G112/><T54/><D132/><U17/><E68/><V46/><F110/><W7/><G69/><T55/><D84/><U128/><E105/><V121/><F121/><W79/><G64/><T117/><D117/><U23/><E87/><V57/><F30/><W129/><G134/><T1/><D1/><U78/><E78/><N who="2" m="46295" /><F70/><W58/><G109/><T42/><D8/><U18/><E28/><V10/><F10/><W24/><G129/><T99/><D0/><U36/><E36/><V118/><F39/><W33/><G125/><T103/><REACH who="0" step="1"/><D99/><REACH who="0" ten="240,250,250,250" step="2"/><U71/><E71/><V48/><F118/><W67/><G9/><T65/><D65/><N who="1" m="39079" /><E59/><V81/><F62/><W96/><G96/><T76/><D76/><U19/><E19/><V6/><F6/><W116/><G116/><T77/><D77/><U73/><E73/><V50/><F60/><W111/><G111/><T124/><D124/><U45/><E18/><V31/><F31/><W72/><G11/><AGARI ba="0,1" hai="11,13,17,21,23,44,45,47,128,130,131" m="39079" machi="11" ten="40,1300,0" yaku="19,1" doraHai="97" who="1" fromWho="3" sc="240,0,250,23,250,0,250,-13" /><INIT seed="1,0,0,3,4,86" ten="240,273,250,237" oya="1" hai0="26,59,3,78,118,129,37,8,64,66,34,90,30" hai1="9,48,7,135,58,39,4,132,113,100,20,117,10" hai2="21,52,18,107,98,65,6,67,71,38,121,24,109" hai3="88,28,91,103,128,82,112,46,133,47,97,61,101"/><U102/><E113/><V29/><F121/><W33/><G112/><T114/><D118/><U95/><E39/><V89/><F38/><W42/><G133/><N who="1" m="51274" /><E20/><V19/><F109/><W116/><G116/><T54/><D37/><U84/><E117/><V36/><F36/><W80/><G128/><T41/><D78/><U31/><E31/><V16/><F6/><N who="1" m="2089" /><E102/><N who="3" m="38922" /><G33/><T104/><D129/><U85/><E85/><V70/><F107/><W79/><G28/><T96/><D104/><U83/><E58/><V120/><F120/><W49/><G46/><T106/><D30/><U94/><E48/><V74/><F74/><W134/><G134/><T43/><D34/><U57/><E57/><V87/><F98/><W14/><G97/><T93/><D96/><N who="1" m="59415" /><E95/><N who="2" m="54719" /><F70/><W1/><G1/><T25/><D114/><U56/><E56/><V119/><F71/><W69/><G69/><T108/><D59/><U76/><AGARI ba="0,0" hai="9,10,76,83,84" m="59415,2089,51274" machi="76" ten="30,1500,0" yaku="20,1" doraHai="86" who="1" fromWho="1" sc="240,-5,273,15,250,-5,237,-5" /><INIT seed="1,1,0,2,4,47" ten="235,288,245,232" oya="1" hai0="7,100,21,1,72,98,3,106,82,26,88,105,6" hai1="20,124,111,102,120,35,61,123,78,58,67,131,17" hai2="56,127,50,12,114,57,27,132,108,5,95,93,110" hai3="33,103,104,128,66,54,29,76,125,63,43,79,52"/><U65/><E35/><V9/><F132/><W87/><G43/><T15/><D106/><U69/><E131/><V68/><F68/><W83/><G128/><T46/><D46/><U42/><E124/><V49/><F127/><W101/><G125/><T119/><D119/><U94/><E42/><V118/><F118/><W133/><G133/><T126/><D126/><U64/><E78/><V130/><F130/><W39/><G39/><T37/><D37/><U112/><E112/><V116/><F114/><W59/><G79/><T48/><D48/><N who="2" m="18538" /><F27/><W36/><G36/><T107/><D107/><U77/><E77/><V14/><F116/><W51/><G104/><T32/><D32/><U23/><E69/><V31/><F31/><W60/><G29/><T13/><D72/><U40/><E40/><V70/><F70/><W0/><G0/><T38/><D38/><U92/><E111/><N who="2" m="42539" /><F14/><W86/><G33/><T28/><D3/><U22/><E120/><V99/><F95/><W41/><G41/><T10/><D1/><U109/><E109/><V85/><F85/><W97/><G87/><N who="0" m="50295" /><D15/><N who="1" m="9279" /><E92/><V18/><F18/><W19/><G19/><N who="0" m="8631" /><D105/><U71/><E71/><V117/><F117/><W75/><G75/><T80/><D80/><U2/><E2/><V55/><F55/><W24/><G24/><T45/><D45/><U8/><E123/><V4/><F4/><W25/><G25/><T121/><D121/><U96/><E8/><V73/><F73/><W122/><G122/><T74/><D74/><U53/><AGARI ba="1,0" hai="22,23,53,58,61,64,65,67,94,96,102" m="9279" machi="53" ten="30,1500,0" yaku="8,1" doraHai="47" who="1" fromWho="1" sc="235,-6,288,18,245,-6,232,-6" /><INIT seed="1,2,0,1,3,85" ten="229,306,239,226" oya="1" hai0="17,67,20,2,23,46,105,91,3,43,51,84,12" hai1="99,15,37,134,90,39,124,86,82,38,4,80,59" hai2="113,6,68,49,131,79,109,55,111,69,97,14,75" hai3="40,92,103,61,74,25,22,87,102,125,30,32,13"/><U127/><E134/><V104/><F131/><W66/><G74/><T63/><D105/><U83/><E99/><V56/><F113/><W108/><G108/><N who="2" m="41545" /><F79/><W132/><G132/><T129/><D23/><U62/><E4/><V44/><F75/><W57/><G125/><N who="1" m="48202" /><E15/><V53/><F14/><W50/><G32/><T95/><REACH who="0" step="1"/><D129/><REACH who="0" ten="219,306,239,226" step="2"/><U41/><E41/><V135/><F135/><W89/><G13/><T28/><D28/><U112/><E112/><V21/><F21/><W100/><G40/><T19/><D19/><U94/><E39/><V58/><F104/><W24/><G24/><T10/><D10/><U119/><E119/><V33/><F33/><W1/><G1/><T77/><D77/><U47/><E47/><V110/><F110/><W31/><G31/><T45/><D45/><U29/><E29/><V117/><F117/><W126/><G126/><T130/><D130/><U120/><E120/><V81/><F44/><W78/><G78/><T42/><D42/><U8/><E8/><V71/><F6/><W60/><REACH who="3" step="1"/><G66/><AGARI ba="2,1" hai="37,38,59,62,66,80,82,83,86,90,94" m="48202" machi="66" ten="30,2900,0" yaku="18,1,52,1" doraHai="85" who="1" fromWho="3" sc="219,0,306,45,239,0,226,-35" /><INIT seed="1,3,0,1,4,95" ten="219,351,239,191" oya="1" hai0="130,12,15,26,24,22,3,40,44,126,100,21,85" hai1="81,88,36,4,16,94,25,97,92,79,51,131,53" hai2="133,14,31,42,102,61,76,112,57,27,122,66,87" hai3="33,108,35,118,37,105,52,93,30,99,69,32,115"/><U6/><E36/><V17/><F122/><W106/><G115/><T84/><D126/><U86/><E131/><V77/><F112/><W132/><G37/><T8/><D3/><U70/><E70/><V0/><F0/><W114/><G114/><T127/><D127/><U71/><E71/><V90/><F133/><W91/><G69/><T83/><D130/><U20/><E92/><V107/><F42/><W38/><G38/><T103/><D40/><U9/><E9/><V34/><F102/><W39/><G39/><T18/><D44/><AGARI ba="3,0" hai="4,6,16,20,25,44,51,53,79,81,86,88,94,97" machi="44" ten="30,12000,1" yaku="7,1,8,1,52,1,54,2" doraHai="95" who="1" fromWho="0" sc="219,-129,351,129,239,0,191,0" /><INIT seed="1,4,0,0,3,82" ten="90,480,239,191" oya="1" hai0="17,11,55,23,132,102,97,28,27,7,49,89,113" hai1="44,115,84,21,46,134,16,57,29,26,90,40,12" hai2="19,123,48,62,42,10,131,104,63,81,4,41,78" hai3="22,122,114,14,60,108,64,68,119,0,83,36,24"/><U75/><E115/><V59/><F104/><W61/><G114/><T2/><D132/><U25/><E134/><V130/><F19/><W93/><G0/><T103/><D113/><U66/><E75/><V133/><F123/><W100/><G36/><T58/><D97/><U88/><E90/><V18/><F18/><W127/><G122/><T65/><D65/><U126/><E126/><V30/><F30/><W9/><G127/><T5/><D5/><U135/><E135/><V71/><F71/><W1/><G1/><T109/><D109/><U121/><E121/><V98/><F98/><W107/><G107/><T37/><D37/><U125/><E125/><V118/><F118/><W8/><G108/><T73/><D73/><U39/><E39/><V91/><F91/><W79/><G61/><N who="2" m="23049" /><F133/><W128/><G128/><N who="2" m="49193" /><F59/><W110/><G119/><T124/><D124/><U112/><E112/><V76/><F48/><W116/><G116/><T52/><D55/><U87/><E57/><V120/><F120/><W85/><G110/><T31/><REACH who="0" step="1"/><D89/><REACH who="0" ten="80,480,239,191" step="2"/><U33/><E66/><V74/><F78/><N who="3" m="46327" /><G68/><T45/><D45/><U94/><E44/><V15/><AGARI ba="4,1" hai="4,10,15,41,42,74,76,81" m="49193,23049" machi="15" ten="30,1100,0" yaku="19,1" doraHai="82" who="2" fromWho="2" sc="80,-7,480,-9,239,33,191,-7" /><INIT seed="2,0,0,3,1,130" ten="73,471,272,184" oya="2" hai0="83,26,44,64,63,50,54,70,113,30,8,53,3" hai1="133,29,57,36,91,120,82,124,102,100,47,51,111" hai2="10,101,128,27,9,38,78,132,114,7,105,118,84" hai3="59,76,2,107,65,73,81,79,134,94,127,55,121"/><V85/><F118/><W35/><G35/><T12/><D113/><U71/><E71/><V21/><F114/><W23/><G2/><T106/><D106/><U14/><E111/><V67/><F38/><W11/><G121/><T60/><D3/><U20/><E36/><V109/><F128/><W15/><G107/><T92/><D70/><U89/><E120/><V68/><F132/><W117/><G117/><T41/><D83/><U88/><E133/><V80/><F109/><W6/><G79/><T93/><D54/><N who="1" m="30079" /><E124/><V24/><F85/><W17/><G127/><T95/><D53/><U52/><E82/><V32/><F21/><W48/><G94/><T56/><D63/><N who="1" m="36263" /><E29/><N who="2" m="19495" /><F27/><W33/><G33/><T31/><REACH who="0" step="1"/><D26/><REACH who="0" ten="63,471,272,184" step="2"/><U90/><E90/><BYE who="1" /><V96/><F67/><W77/><G65/><UN n1="%6D%75%75%6D%75%72%61" /><T123/><D123/><U40/><E40/><V98/><F68/><W4/><G134/><T46/><D46/><U25/><E25/><V86/><F80/><W22/><G77/><T116/><D116/><U45/><E45/><V99/><F78/><W34/><G81/><T119/><D119/><U125/><E125/><V1/><F105/><W97/><G76/><T75/><D75/><U112/><E112/><V126/><F126/><W62/><G73/><T58/><D58/><U42/><E42/><V0/><F0/><W28/><G62/><T43/><D43/><U74/><E74/><V37/><F1/><W103/><G59/><T135/><D135/><U5/><E91/><V16/><F37/><W104/><G55/><T108/><D108/><U131/><E89/><V49/><F49/><RYUUKYOKU ba="0,1" sc="63,30,471,-10,272,-10,184,-10" hai0="8,12,30,31,41,44,50,56,60,64,92,93,95" /><INIT seed="3,1,1,3,1,71" ten="93,461,262,174" oya="3" hai0="107,99,10,50,46,115,98,94,100,42,88,77,22" hai1="95,38,17,34,37,118,16,13,29,1,126,64,109" hai2="67,96,3,51,73,65,53,33,8,32,103,72,116" hai3="15,35,62,89,19,129,87,26,56,27,93,90,23"/><W48/><G129/><T9/><D115/><U36/><E1/><V78/><F116/><W124/><G124/><T134/><D134/><U131/><E131/><V84/><F84/><W45/><G35/><T79/><D10/><U105/><E105/><V83/><F73/><W106/><G106/><T41/><D41/><U58/><E126/><V52/><F53/><N who="3" m="29839" /><G89/><T132/><D132/><U43/><E118/><V135/><F135/><W112/><G112/><T111/><D111/><U81/><E109/><V18/><F96/><W14/><G27/><T11/><D11/><U44/><E34/><V24/><F103/><W127/><G127/><T108/><D108/><U69/><E69/><V97/><F97/><W30/><G30/><T63/><D22/><U80/><E29/><V54/><F54/><AGARI ba="1,1" hai="14,15,19,23,26,54,56,62,87,90,93" m="29839" machi="54" ten="30,1500,0" yaku="8,1" doraHai="71" who="3" fromWho="2" sc="93,0,461,0,262,-18,174,28" /><INIT seed="3,2,0,1,4,28" ten="93,461,244,202" oya="3" hai0="8,73,122,18,37,125,71,47,21,23,85,42,70" hai1="112,78,10,80,48,109,0,51,79,12,95,41,27" hai2="135,49,113,98,90,128,3,117,59,77,34,87,93" hai3="15,100,43,130,7,74,94,114,1,56,24,35,131"/><W133/><G74/><T5/><D122/><U96/><E112/><V26/><F113/><W86/><G114/><T67/><D125/><U46/><E109/><V61/><F3/><W22/><G133/><T103/><D23/><U31/><E0/><V129/><F117/><W75/><G75/><T121/><D121/><U82/><E51/><V110/><F110/><W72/><G72/><T6/><D6/><N who="1" m="3159" /><E27/><V16/><F49/><W19/><G43/><T99/><D73/><U17/><E17/><V127/><F127/><W66/><G66/><T115/><D115/><U4/><E31/><V60/><F135/><W2/><G56/><T29/><D29/><U91/><E4/><V65/><F61/><W106/><G106/><T62/><D5/><U123/><E123/><V119/><F119/><W69/><G69/><T52/><D8/><U30/><E30/><V84/><F77/><AGARI ba="2,0" hai="41,46,48,77,78,79,80,82,91,95,96" m="3159" machi="77" ten="30,1000,0" yaku="8,1" doraHai="28" who="1" fromWho="2" sc="93,0,461,16,244,-16,202,0" owari="93,-40.7,477,57.7,228,2.8,202,-19.8" /></mjloggm>