<mjloggm ver="2.3"><GO type="225" lobby="0"/><UN n0="%6D%75%75%6D%75%72%61" n1="%E3%82%BC%E3%83%AB%E3%83%80%E3%81%AE%E4%BC%9D%E8%AA%AC" n2="%E3%81%B7%E3%82%8A%E3%82%93%E8%81%96%E4%BA%BA" n3="%E8%81%B7%E6%A5%AD%E3%80%81%E9%A2%A8%32" dan="16,16,16,16" rate="2083.71,2124.69,2152.68,2152.52" sx="F,M,M,M"/><TAIKYOKU oya="0"/><INIT seed="0,0,0,1,3,135" ten="250,250,250,250" oya="0" hai0="90,100,13,34,16,88,45,21,1,70,50,54,49" hai1="41,18,72,105,47,77,130,122,85,61,80,99,59" hai2="23,76,26,112,44,116,40,86,24,65,67,15,39" hai3="81,94,111,120,69,66,9,8,82,133,42,96,43"/><T31/><D70/><U56/><E122/><V87/><F112/><W30/><G111/><T107/><D1/><U74/><E130/><V14/><F116/><W0/><G133/><T63/><D63/><U5/><E5/><V102/><F102/><W127/><G127/><T132/><D132/><U106/><E56/><V62/><F65/><W27/><G120/><T103/><D50/><U83/><E18/><V22/><F26/><W17/><G82/><T84/><D107/><U92/><E92/><V110/><F23/><W64/><G81/><T51/><D51/><U29/><E29/><V20/><F20/><W104/><G104/><T55/><D55/><U89/><E99/><V109/><F76/><W119/><G17/><T3/><D3/><U95/><E95/><V114/><F114/><W4/><G8/><T19/><D19/><U78/><E85/><V121/><F121/><W125/><G125/><T60/><D60/><U134/><E89/><N who="0" m="34409" /><D84/><U79/><E79/><V7/><F86/><W118/><G119/><T46/><D46/><U36/><REACH who="1" step="1"/><E134/><REACH who="1" ten="250,240,250,250" step="2"/><V131/><F87/><W108/><G30/><T48/><D31/><U2/><E2/><V93/><F93/><W128/><G0/><T11/><D34/><U32/><E32/><V52/><F131/><W28/><G128/><T101/><D48/><U68/><E68/><V91/><F91/><N who="3" m="55391" /><G69/><T58/><D58/><U53/><AGARI ba="0,1" hai="36,41,47,53,59,61,72,74,77,78,80,83,105,106" machi="53" ten="20,5200,0" yaku="1,1,0,1,7,1,9,1,53,0" doraHai="135" doraHaiUra="113" who="1" fromWho="1" sc="250,-26,240,62,250,-13,250,-13" /><INIT seed="1,0,0,2,4,1" ten="224,302,237,237" oya="1" hai0="93,48,56,106,31,114,125,85,14,82,32,42,133" hai1="126,3,72,12,105,19,63,11,65,81,90,41,109" hai2="134,128,110,9,4,99,15,78,88,102,22,51,35" hai3="21,115,6,16,27,75,80,58,104,103,92,29,101"/><U36/><E105/><V34/><F110/><W118/><G115/><T98/><D106/><U61/><E126/><V77/><F128/><W2/><G104/><T83/><D114/><U10/><E109/><V111/><F111/><W64/><G118/><T89/><D125/><U97/><E65/><V131/><F131/><W8/><G75/><T135/><D32/><U53/><E53/><V116/><F116/><W40/><G80/><T113/><D31/><U7/><E97/><V108/><F108/><W38/><G92/><T28/><D28/><U46/><E90/><V123/><F123/><W96/><G96/><T26/><D26/><U17/><REACH who="1" step="1"/><E19/><REACH who="1" ten="224,292,237,237" step="2"/><V107/><F88/><W69/><G16/><T120/><D113/><U54/><E54/><V52/><F78/><AGARI ba="0,1" hai="3,7,10,11,12,17,36,41,46,61,63,72,78,81" machi="78" ten="40,12000,1" yaku="1,1,25,2,52,1,53,1" doraHai="1" doraHaiUra="33" who="1" fromWho="2" sc="224,0,292,130,237,-120,237,0" /><INIT seed="1,1,0,3,2,93" ten="224,422,117,237" oya="1" hai0="25,32,53,21,9,68,116,135,80,128,8,134,47" hai1="67,86,130,3,60,34,40,12,13,27,129,97,122" hai2="41,81,64,65,124,6,100,46,133,121,127,73,15" hai3="45,30,49,92,4,7,101,79,37,131,113,22,99"/><U56/><E122/><V11/><F121/><W125/><G131/><N who="1" m="50186" /><E3/><V74/><F133/><N who="0" m="50698" /><D128/><U17/><E40/><V20/><F20/><W44/><G125/><N who="2" m="48201" /><F100/><W62/><G113/><T5/><D68/><U24/><E86/><V120/><F120/><W10/><G37/><T102/><D32/><U109/><E109/><V38/><F74/><W132/><G132/><T52/><D116/><U63/><E34/><V2/><F15/><N who="1" m="5705" /><E17/><V115/><F115/><W72/><G79/><AGARI ba="1,0" hai="2,6,11,38,41,46,64,65,73,79,81" m="48201" machi="79" ten="30,2000,0" yaku="25,1,18,1" doraHai="93" who="2" fromWho="3" sc="224,0,422,0,117,23,237,-23" /><INIT seed="2,0,0,0,1,66" ten="224,422,140,214" oya="2" hai0="65,103,94,84,24,89,80,49,37,29,70,56,108" hai1="20,59,74,82,76,113,38,64,79,4,73,120,67" hai2="13,100,3,104,60,58,92,135,78,90,6,27,39" hai3="83,34,19,128,62,5,122,10,9,117,112,12,71"/><V53/><F39/><W87/><G117/><T134/><D108/><U102/><E113/><V107/><F3/><W91/><G122/><T96/><D134/><U42/><E120/><V0/><F0/><W81/><G128/><T57/><D37/><U88/><E102/><V16/><F78/><W99/><G34/><T130/><D130/><U93/><E20/><V105/><F135/><W68/><G112/><T8/><D8/><U132/><E132/><V52/><F100/><W69/><G99/><T25/><D49/><U95/><E4/><V126/><F126/><W110/><G110/><T47/><D47/><U18/><E18/><V51/><F27/><W1/><REACH who="3" step="1"/><G62/><REACH who="3" ten="224,422,140,204" step="2"/><T33/><REACH who="0" step="1"/><D25/><REACH who="0" ten="214,422,140,204" step="2"/><U72/><E72/><V44/><F107/><W61/><G61/><AGARI ba="0,2" hai="24,29,33,56,57,61,65,70,80,84,89,94,96,103" machi="61" ten="40,5200,0" yaku="1,1,2,1,52,1,53,0" doraHai="66" doraHaiUra="115" who="0" fromWho="3" sc="214,72,422,0,140,0,204,-52" /><INIT seed="3,0,0,3,1,123" ten="286,422,140,152" oya="3" hai0="49,18,99,96,15,72,93,101,27,91,73,70,111" hai1="124,71,35,97,28,112,86,50,109,110,34,134,17" hai2="9,37,51,24,41,105,2,115,36,90,85,118,1" hai3="66,53,31,57,42,32,122,58,116,133,74,104,131"/><W120/><G104/><T5/><D70/><U13/><E112/><V63/><F105/><W3/><G74/><T14/><D111/><N who="1" m="42507" /><E124/><V89/><F118/><W67/><G3/><T114/><D15/><U48/><E134/><V62/><F24/><N who="3" m="18535" /><G42/><T22/><D49/><N who="1" m="19051" /><E71/><V80/><F51/><N who="3" m="30911" /><G58/><T6/><D114/><U135/><E135/><V102/><F115/><W55/><G55/><T92/><REACH who="0" step="1"/><D27/><REACH who="0" ten="276,422,140,152" step="2"/><N who="1" m="18719" /><E35/><V45/><F37/><W20/><G133/><T129/><D129/><U12/><E12/><V75/><F1/><W95/><G131/><T79/><D79/><U0/><E0/><V128/><F128/><W119/><G122/><T29/><D29/><U10/><E86/><V44/><F75/><AGARI ba="0,1" hai="5,6,14,18,22,72,73,75,91,92,93,96,99,101" machi="75" ten="40,1300,0" yaku="1,1,53,0" doraHai="123" doraHaiUra="100" who="0" fromWho="2" sc="276,23,422,0,140,-13,152,0" owari="299,9.9,422,52.2,127,-37.3,152,-24.8" /></mjloggm>