<mjloggm ver="2.3"><GO type="225" lobby="0"/><UN n0="%E7%A6%8F%E5%8E%9F%E9%81%A5%E3%81%A8%E7%B5%90%E5%A9%9A%E3%81%99%E3%82%8B" n1="%E3%83%97%E3%83%AC%E3%83%B4%E3%82%A1%E3%83%86%E3%82%A3" n2="%48%61%61%61%6C%61%6E%64" n3="%72%69%6F%75%63%68%61%6E" dan="17,16,18,16" rate="2135.29,2078.58,2224.82,2134.71" sx="M,F,M,M"/><TAIKYOKU oya="0"/><INIT seed="0,0,0,1,5,101" ten="250,250,250,250" oya="0" hai0="126,30,34,47,60,114,135,90,9,77,99,54,69" hai1="78,38,40,74,97,104,106,64,6,23,14,62,3" hai2="70,56,121,91,31,59,118,82,41,49,11,105,86" hai3="115,132,0,19,133,119,7,72,65,75,88,37,45"/><T13/><D114/><U76/><E97/><V92/><F121/><W53/><G115/><T32/><D135/><N who="3" m="51785" /><G119/><T109/><D77/><U22/><E76/><V57/><F70/><W108/><G108/><T83/><D109/><U93/><E93/><V5/><F118/><W107/><G65/><T27/><D126/><U52/><E14/><N who="2" m="5487" /><F105/><N who="1" m="40553" /><E64/><V110/><F31/><W134/><N who="3" m="51793" /><W66/><DORA hai="79" /><G107/><T15/><D32/><U85/><E85/><N who="2" m="52335" /><F110/><W129/><G129/><T131/><D131/><U95/><E95/><V102/><F102/><W10/><G66/><T128/><D69/><U84/><E84/><V12/><F12/><W96/><G19/><T44/><D15/><U98/><E98/><V111/><F111/><W89/><G96/><T116/><D116/><U123/><E123/><V42/><F49/><N who="3" m="28847" /><G37/><T8/><D128/><U16/><E16/><V55/><F55/><W94/><G94/><T51/><D99/><U35/><E52/><V63/><F63/><W20/><G20/><N who="0" m="15719" /><D60/><U26/><E62/><V50/><F50/><W125/><G125/><T124/><D124/><U67/><E67/><V18/><F18/><W112/><G112/><T48/><D48/><U61/><E61/><V120/><F120/><W81/><G89/><AGARI ba="0,0" hai="41,42,56,57,59,82,86,89" m="52335,5487" machi="89" ten="30,2000,0" yaku="8,1,52,1" doraHai="101,79" who="2" fromWho="3" sc="250,0,250,0,250,20,250,-20" /><INIT seed="1,0,0,1,2,81" ten="250,250,270,230" oya="1" hai0="47,49,118,92,64,112,70,82,62,123,78,35,128" hai1="57,26,114,106,83,4,86,23,79,72,56,125,1" hai2="127,61,20,17,95,99,117,46,27,15,48,93,24" hai3="103,116,16,13,38,44,73,37,77,25,122,8,134"/><U68/><E114/><V131/><F117/><W28/><G122/><T115/><D118/><U69/><E106/><V74/><F74/><W94/><G116/><T12/><D123/><U102/><E125/><V39/><F127/><W85/><G134/><T9/><D35/><U132/><E132/><V43/><F131/><W55/><G73/><T54/><D92/><U96/><E72/><V5/><F39/><W109/><G109/><T6/><REACH who="0" step="1"/><D128/><REACH who="0" ten="240,250,270,230" step="2"/><U33/><E33/><V110/><F110/><W100/><G100/><T29/><D29/><U32/><E32/><V75/><F95/><W71/><G103/><T113/><D113/><U98/><E102/><V59/><F75/><AGARI ba="0,1" hai="6,9,12,47,49,54,62,64,70,75,78,82,112,115" machi="75" ten="30,2000,0" yaku="1,1,7,1,53,0" doraHai="81" doraHaiUra="80" who="0" fromWho="2" sc="240,30,250,0,270,-20,230,0" /><INIT seed="2,0,0,4,4,61" ten="270,250,250,230" oya="2" hai0="77,95,24,72,46,123,7,5,52,129,115,58,2" hai1="85,127,83,114,87,133,30,21,40,107,47,8,101" hai2="51,126,116,121,37,54,92,48,130,63,62,69,132" hai3="67,26,108,42,122,59,98,12,75,65,91,6,3"/><V10/><F116/><W4/><G122/><T55/><D123/><U102/><E114/><V44/><F121/><W135/><G75/><T11/><D115/><U31/><E133/><V117/><F117/><W112/><G112/><T120/><D120/><U90/><E127/><V35/><F35/><W119/><G119/><T80/><D129/><U19/><E8/><V82/><F132/><W74/><G135/><T36/><D7/><N who="3" m="2601" /><G74/><T134/><D134/><U60/><E107/><V111/><F126/><W73/><G73/><T53/><D24/><U99/><E60/><V106/><F106/><W15/><G3/><T94/><D58/><U29/><E87/><V16/><F130/><W38/><G38/><T32/><D32/><U71/><E71/><V81/><F37/><W68/><G68/><T96/><D96/><U49/><REACH who="1" step="1"/><E99/><REACH who="1" ten="270,240,250,230" step="2"/><V50/><F62/><W18/><G98/><T23/><D23/><U1/><E1/><V34/><F34/><W93/><G108/><T109/><D109/><U113/><E113/><V43/><F111/><W118/><G118/><T128/><D128/><U13/><AGARI ba="0,1" hai="13,19,21,29,30,31,40,47,49,83,85,90,101,102" machi="13" ten="30,12000,2" yaku="1,1,0,1,8,1,53,3" doraHai="61" doraHaiUra="27" who="1" fromWho="1" sc="270,-30,240,130,250,-60,230,-30" /><INIT seed="3,0,0,4,0,131" ten="240,370,190,200" oya="3" hai0="12,28,51,24,92,38,18,25,81,83,55,97,68" hai1="132,31,9,43,4,116,45,62,74,118,90,54,127" hai2="77,80,85,67,103,65,46,27,35,0,63,120,56" hai3="29,53,34,98,73,95,125,104,78,5,107,3,117"/><W57/><G117/><N who="1" m="45162" /><E74/><V119/><F119/><W113/><G113/><T64/><D38/><N who="1" m="21751" /><E127/><V30/><F0/><W126/><G29/><T76/><D64/><U17/><E31/><V79/><F120/><W48/><G34/><T105/><D105/><U102/><E102/><V93/><F46/><W21/><G21/><N who="0" m="11463" /><D68/><U123/><E123/><V88/><REACH who="2" step="1"/><F65/><REACH who="2" ten="240,370,180,200" step="2"/><W16/><G3/><T15/><D28/><U94/><E54/><V129/><F129/><W110/><G110/><T19/><D55/><U70/><E70/><V37/><F37/><W13/><G126/><T8/><D51/><U134/><E62/><V106/><F106/><W22/><G125/><T128/><D128/><U2/><E17/><V44/><F44/><W20/><G5/><T75/><D19/><U61/><E61/><V100/><F100/><W86/><G20/><T23/><D23/><U60/><E60/><V101/><F101/><W36/><G36/><T58/><D8/><U33/><E33/><V32/><F32/><W39/><G39/><T109/><D109/><U40/><E40/><V49/><F49/><W112/><G112/><T69/><D69/><U124/><E124/><V72/><F72/><W1/><G73/><T42/><D42/><U50/><E50/><V91/><F91/><N who="3" m="55679" /><G1/><T59/><D75/><U111/><E111/><V84/><F84/><AGARI ba="0,1" hai="2,4,9,84,90,94,132,134" m="21751,45162" machi="84" ten="30,3900,0" yaku="12,1,52,2" doraHai="131" who="1" fromWho="2" sc="240,0,370,49,180,-39,200,0" owari="240,4.0,419,51.9,141,-35.9,200,-20.0" /></mjloggm>