<mjloggm ver="2.3"><GO type="225" lobby="0"/><UN n0="%72%69%6F%75%63%68%61%6E" n1="%E3%83%8F%E3%82%AC%E3%82%BF%E3%82%AB%E3%81%AE%E3%81%88%E3%81%98%E3%81%8D" n2="%E3%81%A1%E3%82%85%E3%81%86%E3%81%A9%E3%81%8F%E8%B1%A1%E3%81%95%E3%82%93" n3="%E5%B8%86%E7%AB%8B%E5%A4%8F%E8%A1%A3" dan="17,16,17,17" rate="2240.06,2137.66,2179.05,2148.95" sx="M,M,M,M"/><TAIKYOKU oya="0"/><INIT seed="0,0,0,0,0,69" ten="250,250,250,250" oya="0" hai0="104,32,65,56,59,10,80,102,34,40,130,66,77" hai1="1,75,84,97,67,76,37,74,106,41,13,62,107" hai2="23,124,108,133,98,92,89,118,96,7,93,31,127" hai3="110,46,43,105,28,73,51,17,38,119,113,50,82"/><T53/><D130/><U5/><E1/><V22/><F108/><W47/><G110/><T49/><D40/><U39/><E41/><V61/><F133/><W72/><G113/><T6/><D104/><U14/><E84/><V60/><F118/><W64/><G119/><T132/><D132/><U4/><E62/><V25/><F7/><W120/><G105/><T52/><D102/><U86/><E86/><V83/><F83/><W45/><G120/><T103/><D103/><U20/><E20/><V27/><REACH who="2" step="1"/><F89/><REACH who="2" ten="250,250,240,250" step="2"/><W58/><G82/><T123/><D123/><U63/><E76/><V90/><F90/><W126/><G73/><T55/><D32/><U19/><E75/><V33/><F33/><W79/><G72/><T2/><D34/><U12/><E74/><V121/><F121/><W135/><G79/><T78/><D80/><U100/><E106/><V15/><F15/><W68/><G135/><T44/><D77/><U9/><E4/><V48/><F48/><W21/><G51/><T101/><D78/><U112/><E112/><V0/><F0/><W35/><G50/><N who="0" m="30743" /><D101/><U99/><E99/><V88/><F88/><W16/><G35/><T8/><D6/><U87/><E87/><V81/><F81/><W3/><G3/><T29/><D2/><U42/><E12/><V134/><F134/><W109/><G109/><T128/><D128/><U117/><E117/><V131/><F131/><W18/><G21/><T57/><D8/><U91/><E91/><V115/><F115/><W36/><G36/><T71/><D10/><N who="1" m="6583" /><E42/><V26/><F26/><W24/><G38/><RYUUKYOKU ba="0,1" sc="250,-15,250,15,240,15,250,-15" hai1="5,9,14,37,39,63,67,97,100,107" hai2="22,23,25,27,31,60,61,92,93,96,98,124,127" /><INIT seed="1,1,1,0,3,94" ten="235,265,255,235" oya="1" hai0="47,121,83,81,130,46,21,32,80,72,8,51,61" hai1="27,39,102,9,71,109,63,23,97,65,135,0,3" hai2="98,112,53,49,113,89,78,111,52,131,50,30,129" hai3="134,13,119,41,24,105,25,59,38,35,82,124,75"/><U55/><E135/><V37/><F78/><W11/><G134/><T73/><D32/><U56/><E109/><V34/><F37/><W133/><G119/><T12/><D130/><N who="2" m="49674" /><F111/><W69/><G124/><T132/><D132/><U31/><E39/><V36/><F36/><W66/><G133/><T62/><D121/><U10/><E0/><V126/><F126/><W15/><G69/><T22/><D8/><U128/><E3/><V87/><F30/><W29/><G25/><T104/><D104/><U103/><E103/><V92/><F34/><W100/><G41/><T54/><D12/><U28/><E28/><V7/><F7/><W1/><G38/><T90/><D90/><U2/><E2/><V76/><F76/><W26/><G26/><T101/><D101/><U74/><E74/><N who="0" m="28777" /><D51/><N who="2" m="19466" /><F87/><W42/><G75/><T19/><D19/><U86/><E86/><V14/><F14/><W93/><G15/><T58/><D58/><U77/><E77/><V95/><F92/><W110/><G93/><T5/><D5/><U79/><E79/><V44/><F44/><N who="0" m="16938" /><D54/><AGARI ba="1,1" hai="52,53,54,89,95,98,112,113" m="19466,49674" machi="54" ten="30,3900,0" yaku="19,1,52,1,54,1" doraHai="94" who="2" fromWho="0" sc="235,-42,265,0,255,52,235,0" /><INIT seed="2,0,0,1,3,51" ten="193,265,307,235" oya="2" hai0="14,117,79,110,41,11,102,101,9,19,122,81,112" hai1="38,47,48,22,103,25,24,121,29,78,120,50,59" hai2="65,2,20,95,15,90,64,8,107,96,27,18,77" hai3="13,71,73,109,89,36,61,74,85,94,43,5,91"/><V83/><F107/><W116/><G109/><T104/><D122/><N who="1" m="47211" /><E103/><V123/><F2/><W32/><G116/><T12/><D112/><U118/><E118/><V28/><REACH who="2" step="1"/><F123/><REACH who="2" ten="193,265,297,235" step="2"/><W99/><G74/><AGARI ba="0,1" hai="8,15,18,20,27,28,64,65,74,77,83,90,95,96" machi="74" ten="30,5800,0" yaku="1,1,2,1,7,1,53,0" doraHai="51" doraHaiUra="128" who="2" fromWho="3" sc="193,0,265,0,297,68,235,-58" /><INIT seed="2,1,0,4,3,102" ten="193,265,365,177" oya="2" hai0="94,133,6,128,85,112,67,35,55,95,37,5,93" hai1="90,110,80,43,28,17,2,77,11,51,64,66,103" hai2="118,1,15,99,117,52,22,101,13,47,50,4,121" hai3="105,107,124,39,31,61,21,119,89,108,73,120,33"/><V58/><F121/><W91/><G120/><T134/><D112/><U46/><E110/><V74/><F74/><W54/><G119/><T38/><D35/><U129/><E129/><V83/><F83/><W41/><G108/><T24/><D128/><U69/><E69/><V3/><F13/><W115/><G33/><T9/><D67/><U114/><E114/><V29/><F47/><W26/><G115/><T123/><D123/><U98/><E28/><V53/><F53/><W19/><G73/><T106/><D106/><U65/><E90/><V125/><F29/><W14/><G124/><T10/><D24/><U100/><E98/><V135/><F22/><W32/><G91/><T16/><D85/><U116/><E116/><V88/><F15/><W27/><G14/><N who="0" m="7247" /><D55/><U81/><E17/><V130/><F4/><N who="0" m="1642" /><D10/><U42/><E11/><V40/><F1/><W109/><G109/><T49/><D49/><U78/><E2/><V104/><F50/><W44/><REACH who="3" step="1"/><G89/><REACH who="3" ten="193,265,365,167" step="2"/><T45/><D45/><U113/><E113/><V84/><F88/><W70/><G70/><T86/><D86/><N who="1" m="48399" /><E42/><V23/><F84/><AGARI ba="1,1" hai="43,46,51,64,65,66,78,81,84,100,103" m="48399" machi="84" ten="30,1000,0" yaku="8,1" doraHai="102" who="1" fromWho="2" sc="193,0,265,23,365,-13,167,0" /><INIT seed="3,0,0,0,4,26" ten="193,288,352,167" oya="3" hai0="6,16,28,131,66,60,71,43,36,46,102,44,82" hai1="55,49,117,129,13,45,113,78,122,111,22,7,58" hai2="89,27,70,42,20,115,50,21,77,86,52,38,110" hai3="10,83,31,69,88,64,118,101,99,114,125,109,124"/><W87/><G114/><T18/><D131/><U107/><E107/><V80/><F110/><W11/><G118/><T97/><D6/><U85/><E113/><V32/><F70/><W19/><G109/><T51/><D82/><U106/><E106/><V0/><F0/><W59/><G69/><T25/><D46/><U35/><E35/><V12/><F38/><W2/><G2/><T81/><D81/><U105/><E105/><V130/><F130/><W1/><G1/><T24/><D36/><U68/><E68/><V116/><F42/><W76/><G76/><T108/><D108/><U104/><E104/><V84/><F12/><W41/><G41/><T67/><D67/><U103/><E103/><V135/><F135/><W30/><G101/><T132/><D132/><U112/><E112/><V133/><F133/><W63/><G99/><T127/><D127/><N who="3" m="48713" /><G11/><T8/><D8/><U56/><E117/><V75/><F75/><W34/><G34/><T23/><D24/><U79/><E79/><V123/><F32/><W9/><G9/><T4/><D4/><U73/><E73/><V40/><F40/><W17/><G17/><T90/><D90/><U47/><E129/><V91/><F115/><W48/><G48/><T14/><D14/><AGARI ba="0,0" hai="10,14,19,30,31,59,63,64,83,87,88" m="48713" machi="14" ten="30,11600,0" yaku="18,1,52,2,54,1" doraHai="26" who="3" fromWho="0" sc="193,-116,288,0,352,0,167,116" /><INIT seed="3,1,0,1,1,74" ten="77,288,352,283" oya="3" hai0="78,120,29,118,33,43,86,55,26,48,92,65,67" hai1="4,1,53,75,13,94,22,58,42,111,51,37,104" hai2="31,115,70,66,108,87,123,24,44,90,73,76,103" hai3="84,17,114,47,89,112,133,60,129,64,12,3,106"/><W85/><G3/><T98/><D118/><U23/><E111/><V52/><F115/><W25/><G106/><T28/><D120/><U2/><E104/><V79/><F103/><W59/><G133/><T61/><D29/><U81/><E94/><V83/><F123/><W82/><G129/><T15/><D43/><U121/><E121/><V131/><F131/><W11/><G47/><T132/><D132/><U38/><E13/><V46/><F46/><W100/><G100/><T102/><D15/><U101/><E101/><V124/><F124/><W107/><G107/><T30/><D30/><U95/><E95/><V91/><F108/><W69/><G69/><T80/><D61/><U7/><E42/><V109/><F109/><W36/><G36/><T8/><D8/><U41/><E41/><V63/><F73/><W0/><G0/><T130/><D130/><U77/><E1/><V54/><F91/><W97/><G97/><T128/><D128/><U21/><REACH who="1" step="1"/><E2/><REACH who="1" ten="77,278,352,283" step="2"/><V71/><F24/><W99/><G99/><T134/><D134/><U50/><E50/><V68/><F63/><W32/><REACH who="3" step="1"/><G84/><REACH who="3" ten="77,278,352,273" step="2"/><T49/><REACH who="0" step="1"/><D49/><REACH who="0" ten="67,278,352,273" step="2"/><U135/><E135/><V45/><F87/><W35/><G35/><T56/><AGARI ba="1,3" hai="26,28,33,48,55,56,65,67,78,80,86,92,98,102" machi="56" ten="20,8000,1" yaku="1,1,2,1,0,1,7,1,52,1,53,0" doraHai="74" doraHaiUra="5" who="0" fromWho="0" sc="67,113,278,-21,352,-21,273,-41" owari="180,-32.0,257,5.7,331,43.1,232,-16.8" /></mjloggm>