<mjloggm ver="2.3"><GO type="225" lobby="0"/><UN n0="%72%69%6F%75%63%68%61%6E" n1="%E9%80%9F%E6%B0%B4%E5%87%9B%E9%A6%99" n2="%E6%A1%9C%E8%8A%B1%E9%96%83%E3%80%85" n3="%E5%86%B7%E5%87%8D%E3%82%AE%E3%83%A7%E3%83%BC%E3%82%B6" dan="16,16,16,16" rate="2152.07,2109.20,2112.94,2115.95" sx="M,F,M,M"/><TAIKYOKU oya="0"/><INIT seed="0,0,0,2,1,13" ten="250,250,250,250" oya="0" hai0="58,121,24,60,108,8,28,117,120,55,92,106,113" hai1="16,70,128,107,74,98,22,115,32,73,49,130,33" hai2="35,126,44,12,125,102,135,124,114,77,48,7,88" hai3="79,122,133,119,50,118,101,96,68,127,87,83,64"/><T4/><D113/><U62/><E49/><V103/><F114/><W39/><G39/><T89/><D117/><N who="3" m="44553" /><G50/><T75/><D106/><U71/><E115/><V1/><F135/><W36/><G64/><T86/><D75/><U45/><E45/><V19/><F77/><W52/><G68/><N who="1" m="26154" /><E62/><V95/><F35/><N who="1" m="13385" /><E98/><N who="2" m="57703" /><F1/><W72/><G52/><T84/><D108/><U9/><E9/><N who="2" m="6543" /><F7/><W65/><G36/><T129/><D129/><N who="1" m="49771" /><E107/><V82/><F82/><W99/><G83/><T23/><REACH who="0" step="1"/><D84/><REACH who="0" ten="240,250,250,250" step="2"/><U17/><E73/><V25/><F25/><W116/><G87/><T54/><D54/><AGARI ba="0,1" hai="44,48,54,102,103,124,125,126" m="6543,57703" machi="54" ten="30,3900,0" yaku="18,1,52,1,54,1" doraHai="13" who="2" fromWho="0" sc="240,-39,250,0,250,49,250,0" /><INIT seed="1,0,0,2,2,133" ten="201,250,299,250" oya="1" hai0="13,86,48,68,69,27,95,135,97,49,16,90,6" hai1="91,28,103,5,101,57,87,117,53,72,110,119,8" hai2="99,93,105,22,62,83,37,4,131,98,122,132,67" hai3="9,58,60,76,15,108,2,43,7,26,14,85,123"/><U41/><E72/><V18/><F122/><W107/><G123/><T127/><D135/><U113/><E113/><V12/><F132/><W78/><G108/><T25/><D127/><U116/><E41/><V52/><F131/><W84/><G107/><T46/><D6/><U47/><E47/><V73/><F37/><W51/><G26/><N who="0" m="9739" /><D68/><U1/><E28/><V125/><F105/><W129/><G129/><T109/><D69/><U114/><E114/><V3/><F125/><W35/><G35/><T21/><D109/><U100/><E110/><V70/><F4/><W42/><G2/><T134/><D134/><U64/><E64/><V111/><F3/><W17/><G85/><T0/><D0/><U55/><REACH who="1" step="1"/><E57/><REACH who="1" ten="201,240,299,250" step="2"/><V33/><F67/><W92/><G42/><T74/><D74/><U34/><E34/><V71/><F33/><W66/><G43/><T39/><D39/><U88/><E88/><V19/><F71/><W106/><G58/><T56/><D56/><U50/><E50/><N who="0" m="19561" /><D46/><U59/><E59/><V75/><F70/><W23/><G51/><T82/><D97/><U54/><E54/><V65/><F52/><W80/><G66/><T79/><D79/><U20/><E20/><N who="2" m="11335" /><F111/><W10/><G78/><T104/><D104/><U96/><E96/><V112/><F112/><W121/><G106/><T77/><D77/><U128/><E128/><V120/><F98/><W61/><G121/><T36/><D36/><U24/><E24/><N who="2" m="14431" /><F120/><W89/><G23/><T130/><D130/><U38/><E38/><V29/><F75/><W32/><G32/><T44/><D44/><RYUUKYOKU ba="0,1" sc="201,10,240,10,299,-30,250,10" hai0="13,16,21,82,86,90,95" hai1="1,5,8,53,55,87,91,100,101,103,116,117,119" hai3="7,9,10,14,15,17,60,61,76,80,84,89,92" /><INIT seed="1,1,1,3,2,82" ten="211,250,269,260" oya="1" hai0="18,63,25,56,54,102,80,134,32,76,101,86,124" hai1="47,89,78,85,13,109,132,5,12,43,61,73,104" hai2="123,116,27,9,107,133,79,64,6,115,91,66,35" hai3="110,42,30,36,29,97,118,45,1,17,93,117,92"/><U59/><E104/><V126/><F123/><W122/><G122/><T95/><D124/><U88/><E132/><V121/><F121/><W103/><G110/><T8/><D134/><U67/><E109/><V2/><F116/><N who="3" m="44651" /><G1/><T81/><D32/><U127/><E73/><V31/><F133/><W129/><G129/><T87/><D95/><U48/><E127/><V100/><F79/><W98/><G17/><T69/><D69/><U58/><E58/><V22/><F126/><W106/><G93/><T120/><D120/><U7/><E78/><V83/><F115/><W28/><G28/><T112/><D112/><U90/><REACH who="1" step="1"/><E85/><REACH who="1" ten="211,240,269,260" step="2"/><N who="2" m="50623" /><F107/><W74/><G74/><T105/><D105/><U38/><E38/><V75/><F75/><W11/><G11/><T14/><D25/><U24/><E24/><V111/><F111/><W19/><G106/><T108/><D108/><U26/><E26/><V15/><F27/><W55/><G36/><T33/><D33/><U0/><E0/><V77/><F2/><W49/><G97/><T21/><REACH who="0" step="1"/><D21/><REACH who="0" ten="201,240,269,260" step="2"/><U70/><E70/><V16/><F35/><W51/><G98/><T44/><D44/><U128/><E128/><V114/><F114/><W131/><G45/><T57/><D57/><U113/><E113/><V60/><F22/><W3/><G131/><T62/><D62/><U34/><E34/><V46/><F60/><W72/><G3/><T125/><D125/><U40/><E40/><V135/><F46/><W10/><G42/><T37/><D37/><U94/><E94/><V23/><F135/><W50/><G92/><T39/><D39/><RYUUKYOKU ba="1,3" sc="201,15,240,15,269,-15,260,-15" hai0="8,14,18,54,56,63,76,80,81,86,87,101,102" hai1="5,7,12,13,43,47,48,59,61,67,88,89,90" /><INIT seed="1,2,3,3,4,115" ten="216,255,254,245" oya="1" hai0="56,16,75,103,28,38,102,111,121,11,81,133,3" hai1="82,74,101,107,63,34,13,58,105,18,88,23,120" hai2="73,77,12,84,109,2,41,7,95,87,50,35,114" hai3="5,47,19,112,62,67,44,110,76,21,83,132,98"/><U27/><E120/><V15/><F35/><W37/><G112/><T30/><D121/><U0/><E0/><V49/><F109/><W39/><G132/><T36/><D111/><U32/><E101/><N who="0" m="38409" /><D36/><U14/><E107/><V33/><F33/><W1/><G98/><T93/><D38/><U54/><E105/><V85/><F114/><W22/><G39/><T79/><D75/><U104/><E104/><V70/><F70/><W113/><G113/><T96/><D3/><U8/><E13/><V69/><F69/><W43/><G44/><T42/><D42/><U20/><E20/><V9/><F95/><W4/><G1/><T90/><D133/><U86/><REACH who="1" step="1"/><E74/><REACH who="1" ten="216,245,254,245" step="2"/><V51/><REACH who="2" step="1"/><F41/><REACH who="2" ten="216,245,244,245" step="2"/><W119/><G110/><T123/><D123/><U125/><E125/><V6/><F6/><AGARI ba="2,5" hai="6,8,14,18,23,27,32,34,54,58,63,82,86,88" machi="6" ten="30,5800,0" yaku="1,1,7,1,54,1,53,0" doraHai="115" doraHaiUra="89" who="1" fromWho="2" sc="216,0,245,114,244,-64,245,0" /><INIT seed="1,3,0,5,1,42" ten="216,359,180,245" oya="1" hai0="111,54,118,77,87,102,90,69,22,8,26,19,41" hai1="28,131,15,51,122,73,47,33,55,89,120,112,27" hai2="23,32,58,106,14,17,83,13,97,107,25,2,133" hai3="18,57,95,127,105,12,92,94,117,43,82,116,80"/><U114/><E73/><V11/><F133/><W85/><G127/><T115/><D111/><U30/><E131/><V50/><F83/><W9/><G105/><T103/><D115/><U5/><E28/><N who="2" m="19471" /><F97/><W96/><G43/><T78/><D118/><N who="3" m="45673" /><G57/><T16/><D69/><U44/><E89/><V135/><F135/><W130/><G130/><T123/><D123/><U1/><E1/><V52/><F14/><W134/><G134/><T79/><D41/><U0/><E0/><V125/><F125/><W126/><G126/><T38/><D38/><U104/><E104/><V109/><F109/><W61/><G61/><T72/><D72/><U56/><E114/><V121/><F121/><W128/><G128/><T59/><D19/><U84/><E112/><V124/><F124/><W71/><G71/><T37/><D8/><U81/><E122/><V119/><F119/><W91/><G80/><N who="0" m="49511" /><D37/><U66/><E120/><V3/><F3/><W20/><G9/><T46/><D46/><U129/><E129/><V35/><F35/><W10/><G10/><T65/><D65/><U98/><E98/><AGARI ba="3,0" hai="12,18,20,82,85,91,92,94,95,96,98" m="45673" machi="98" ten="30,1000,0" yaku="12,1" doraHai="42" who="3" fromWho="1" sc="216,0,359,-19,180,0,245,19" /><INIT seed="2,0,0,4,0,2" ten="216,340,180,264" oya="2" hai0="36,135,105,71,17,49,92,133,7,94,58,82,64" hai1="35,11,12,53,130,112,79,1,54,59,48,51,65" hai2="32,75,41,103,77,90,132,44,115,30,37,81,95" hai3="40,124,117,47,121,100,68,33,42,118,15,60,70"/><V57/><F132/><N who="0" m="50762" /><D36/><U39/><E39/><V62/><F115/><W9/><G121/><T8/><D105/><U74/><E112/><V119/><F119/><W73/><G124/><T23/><D71/><U96/><E35/><V3/><F103/><W13/><G73/><T114/><D114/><U109/><E109/><V129/><F129/><W110/><G33/><T97/><D82/><U18/><E1/><V84/><F3/><W126/><G126/><T123/><D123/><U78/><E130/><V131/><F131/><W34/><G34/><T67/><D49/><U56/><E74/><V50/><F37/><W29/><G29/><T108/><D108/><U106/><E65/><N who="0" m="25161" /><D58/><U21/><E21/><V72/><F30/><W22/><G110/><T61/><D61/><U122/><E122/><V93/><F32/><W127/><G60/><T27/><D97/><U69/><E69/><V63/><F75/><W125/><G22/><T19/><D19/><U6/><E18/><V102/><REACH who="2" step="1"/><F57/><REACH who="2" ten="216,340,170,264" step="2"/><W14/><G118/><T113/><D113/><U43/><E59/><V46/><F46/><W31/><G47/><T116/><D116/><U4/><E56/><V98/><AGARI ba="0,1" hai="41,44,50,62,63,72,77,81,84,90,93,95,98,102" machi="98" ten="30,3000,0" yaku="1,1,0,1,53,0" doraHai="2" doraHaiUra="66" who="2" fromWho="2" sc="216,-10,340,-10,170,40,264,-10" /><INIT seed="2,1,0,5,3,131" ten="206,330,210,254" oya="2" hai0="43,97,52,75,89,38,69,88,3,58,15,50,8" hai1="16,96,108,6,90,92,95,130,101,63,105,29,110" hai2="79,2,99,132,111,22,21,53,67,115,73,9,11" hai3="65,30,4,124,104,120,39,45,26,33,14,23,19"/><V135/><F115/><W81/><G120/><T54/><D75/><U46/><E130/><V68/><F53/><W34/><G124/><T7/><D69/><U126/><E126/><V32/><F32/><W47/><G104/><T40/><D3/><U20/><E6/><N who="2" m="1239" /><F11/><W116/><G116/><T76/><D76/><U82/><E29/><V66/><F99/><W107/><G107/><T98/><D38/><U77/><E46/><V100/><F100/><W27/><G65/><N who="2" m="24585" /><F68/><W62/><G62/><N who="0" m="36167" /><D97/><U87/><E63/><V80/><F111/><N who="1" m="42537" /><E90/><N who="0" m="34921" /><D98/><U56/><E56/><AGARI ba="1,0" hai="7,8,15,40,43,50,54,56" m="34921,36167" machi="56" ten="30,3900,0" yaku="8,1,54,2" doraHai="131" who="0" fromWho="1" sc="206,42,330,-42,210,0,254,0" /><INIT seed="3,0,0,3,3,60" ten="248,288,210,254" oya="3" hai0="87,96,39,49,116,70,86,101,67,20,43,25,81" hai1="131,5,89,52,124,40,132,72,31,85,42,7,56" hai2="120,12,51,91,114,84,35,0,115,126,18,109,44" hai3="41,9,32,113,94,54,117,15,19,63,105,26,128"/><W66/><G113/><T38/><D116/><U50/><E72/><V13/><F109/><W80/><G105/><T1/><D1/><U3/><E3/><V112/><F126/><W71/><G117/><T92/><D49/><U59/><E124/><V122/><F35/><W33/><G128/><T8/><D8/><U37/><E37/><V74/><F74/><W82/><G41/><N who="1" m="15978" /><E132/><V125/><F0/><W58/><G94/><T77/><D43/><U123/><E131/><V130/><F130/><W6/><G33/><T98/><D86/><U65/><E31/><V17/><F125/><W16/><G32/><T14/><D14/><N who="2" m="5738" /><F51/><W100/><G100/><T135/><D135/><U62/><E123/><N who="2" m="47147" /><F44/><W83/><REACH who="3" step="1"/><G26/><REACH who="3" ten="248,288,210,244" step="2"/><T21/><D25/><U102/><E102/><V99/><F99/><W97/><G97/><T104/><D98/><U53/><E65/><V28/><F28/><W29/><G29/><T22/><D104/><U23/><E23/><V75/><F75/><W36/><G36/><T55/><D67/><U47/><E47/><V88/><F84/><W48/><AGARI ba="0,1" hai="6,9,15,16,19,48,54,58,63,66,71,80,82,83" machi="48" ten="30,11700,0" yaku="1,1,0,1,52,1,54,1,53,0" doraHai="60" doraHaiUra="68" who="3" fromWho="3" sc="248,-39,288,-39,210,-39,244,127" owari="209,-19.1,249,4.9,171,-32.9,371,47.1" /></mjloggm>