<mjloggm ver="2.3"><GO type="225" lobby="0"/><UN n0="%73%73%6B%5F%66%72%65%65" n1="%72%69%6F%75%63%68%61%6E" n2="%33%74%72%65%65" n3="%E3%81%BF%E3%81%BF%E3%81%9A" dan="16,16,16,18" rate="2108.88,2198.80,2170.60,2271.91" sx="M,M,F,M"/><TAIKYOKU oya="0"/><INIT seed="0,0,0,1,2,9" ten="250,250,250,250" oya="0" hai0="6,10,121,125,69,126,45,101,60,82,17,34,84" hai1="94,104,109,86,21,80,106,114,112,49,117,51,59" hai2="95,8,75,118,65,102,42,128,116,30,133,115,47" hai3="53,83,81,32,55,77,134,15,68,135,48,5,127"/><T90/><D121/><U3/><E117/><V0/><F115/><N who="1" m="44073" /><E3/><V56/><F75/><W76/><G32/><T122/><D122/><U120/><E109/><V108/><F30/><W7/><G68/><T35/><D101/><U39/><E39/><V98/><F108/><W96/><G96/><T22/><D45/><U12/><E120/><V36/><F133/><W40/><G40/><T31/><D60/><U91/><E80/><V52/><F65/><W93/><G93/><T111/><D69/><U119/><E119/><V78/><F78/><W37/><G127/><N who="0" m="48651" /><D31/><U72/><E72/><V58/><F58/><W29/><G29/><T4/><D111/><U11/><E21/><V46/><F46/><W79/><G79/><T19/><D19/><N who="1" m="8607" /><E49/><V103/><F118/><W87/><G48/><T97/><D97/><U13/><E13/><V27/><F116/><W62/><G62/><T71/><D71/><U61/><E51/><V74/><F74/><W88/><G15/><N who="0" m="9535" /><D4/><U66/><AGARI ba="0,0" hai="59,61,66,86,91,94,104,106" m="8607,44073" machi="66" ten="30,2000,0" yaku="11,1,52,1" doraHai="9" who="1" fromWho="1" sc="250,-10,250,20,250,-5,250,-5" /><INIT seed="1,0,0,1,5,48" ten="240,270,245,245" oya="1" hai0="69,77,8,129,9,51,32,24,76,31,58,81,128" hai1="13,33,103,83,101,85,113,118,42,92,50,67,122" hai2="126,1,4,63,23,123,6,96,75,115,54,0,22" hai3="36,111,114,98,131,2,43,19,105,27,39,17,74"/><U26/><E113/><V79/><F123/><W133/><G114/><T72/><D76/><U55/><E118/><V10/><F115/><W119/><G74/><T102/><D69/><U44/><E122/><V37/><F37/><W16/><G2/><T14/><D102/><U107/><E107/><V56/><F126/><W108/><G119/><T15/><D15/><U35/><E67/><V104/><F75/><W30/><G131/><N who="0" m="50251" /><D14/><U78/><E13/><V99/><F79/><W64/><G64/><T34/><D34/><U68/><E68/><V91/><F104/><W97/><G133/><T125/><D125/><U135/><E135/><V38/><F38/><N who="3" m="14379" /><G43/><T130/><N who="0" m="50259" /><T87/><DORA hai="132" /><D72/><U40/><E33/><V28/><F91/><W41/><G41/><T95/><D95/><U62/><E62/><V116/><F116/><W12/><G12/><T71/><D71/><U18/><E103/><V127/><F127/><W90/><G90/><T66/><D66/><U52/><E40/><V25/><REACH who="2" step="1"/><F23/><REACH who="2" ten="240,270,235,245" step="2"/><N who="3" m="15743" /><G105/><T93/><D93/><U89/><E101/><V124/><F124/><W7/><G7/><T84/><D32/><U61/><E35/><V59/><F59/><W29/><G98/><T65/><D58/><U60/><E60/><V5/><F5/><W110/><G97/><T134/><D77/><U3/><E61/><V73/><F73/><W112/><G112/><T20/><D134/><U88/><E89/><V100/><F100/><W106/><G106/><T121/><D121/><U47/><E88/><V53/><F53/><W94/><G94/><T70/><D70/><RYUUKYOKU ba="0,1" sc="240,-15,270,-15,235,15,245,15" hai2="0,1,4,6,10,22,25,28,54,56,63,96,99" hai3="16,17,19,29,108,110,111" /><INIT seed="2,1,1,1,4,47" ten="225,255,250,260" oya="2" hai0="25,130,78,99,113,91,129,93,10,33,88,18,4" hai1="81,87,68,109,100,83,62,118,117,92,125,60,34" hai2="39,112,45,58,36,28,84,3,77,126,104,66,27" hai3="120,56,105,124,65,46,61,16,103,26,98,0,133"/><V57/><F112/><W52/><G120/><T21/><D33/><U70/><E34/><V69/><F3/><W6/><G124/><T67/><D113/><U11/><E11/><V48/><F104/><W96/><G133/><T75/><D67/><U72/><E72/><V29/><F126/><W122/><G122/><T74/><D91/><U132/><E125/><V97/><F69/><N who="1" m="26729" /><E92/><V128/><F128/><N who="0" m="49258" /><D78/><U80/><E87/><V127/><F97/><W44/><G98/><T55/><D55/><U50/><E100/><V8/><F127/><W22/><REACH who="3" step="1"/><G65/><REACH who="3" ten="225,255,250,250" step="2"/><T20/><D20/><U134/><E109/><V38/><F66/><W19/><G19/><T76/><D76/><U9/><E134/><V30/><F77/><W23/><G23/><T32/><D32/><U53/><E132/><V119/><F119/><W51/><G51/><T31/><D18/><U14/><E117/><V63/><F48/><W86/><G86/><T64/><D64/><U115/><E118/><V95/><F84/><W135/><G135/><T2/><AGARI ba="1,2" hai="2,4,10,21,25,31,74,75,88,93,99" m="49258" machi="2" ten="30,2000,0" yaku="19,1,54,1" doraHai="47" who="0" fromWho="0" sc="225,43,255,-6,250,-11,250,-6" /><INIT seed="3,0,0,2,5,131" ten="268,249,239,244" oya="3" hai0="104,23,126,7,68,108,81,48,122,85,97,96,4" hai1="95,61,26,117,30,89,8,54,116,124,102,84,49" hai2="39,109,87,35,44,123,31,88,135,0,43,13,14" hai3="10,60,77,46,17,111,100,57,2,91,118,64,119"/><W21/><G100/><T76/><D122/><U75/><E75/><V94/><F123/><W37/><G77/><T113/><D113/><U132/><E132/><V32/><F0/><W98/><G111/><T12/><D126/><U71/><E124/><V110/><F135/><W38/><G98/><N who="0" m="37995" /><D68/><U52/><E102/><V73/><F73/><W16/><G91/><T63/><D63/><U28/><E8/><V56/><F56/><W42/><G38/><T25/><D12/><N who="2" m="4714" /><F31/><W41/><G41/><T129/><D104/><U125/><E125/><V74/><F74/><W107/><G107/><T72/><D72/><U70/><E28/><V79/><F79/><W82/><G82/><T24/><D24/><U53/><E49/><V20/><F20/><W130/><G130/><T59/><D108/><AGARI ba="0,0" hai="32,35,39,43,44,87,88,94,108,109,110" m="4714" machi="108" ten="30,2000,0" yaku="14,1,54,1" doraHai="131" who="2" fromWho="0" sc="268,-20,249,0,239,20,244,0" /><INIT seed="4,0,0,0,0,50" ten="248,249,259,244" oya="0" hai0="11,135,88,20,2,80,118,78,111,126,90,127,107" hai1="35,44,40,110,22,18,96,104,109,61,46,86,81" hai2="56,128,108,82,31,71,130,42,70,125,129,33,84" hai3="113,37,30,0,57,94,131,58,120,3,121,97,9"/><T7/><D118/><U16/><E35/><V8/><F108/><W105/><G37/><T49/><D111/><U133/><E133/><V124/><F42/><W52/><G105/><T4/><D135/><U91/><E44/><V72/><F72/><W119/><G119/><T34/><D34/><U29/><E29/><V26/><F8/><W115/><G30/><T15/><D7/><U123/><E123/><N who="3" m="47178" /><G57/><T67/><D107/><U10/><E61/><V73/><F56/><W65/><G65/><T62/><D49/><U48/><E10/><V79/><F84/><W103/><G131/><T14/><D20/><U39/><E39/><V21/><F21/><W132/><G132/><T99/><D99/><U13/><REACH who="1" step="1"/><E18/><REACH who="1" ten="248,239,259,244" step="2"/><V76/><F76/><W59/><G9/><T32/><D32/><U60/><E60/><V85/><REACH who="2" step="1"/><F73/><REACH who="2" ten="248,239,249,244" step="2"/><W74/><G74/><T102/><D78/><U47/><E47/><V55/><F55/><W83/><G52/><T95/><D67/><U51/><E51/><V17/><F17/><W114/><G114/><T12/><D62/><U66/><E66/><V101/><F101/><AGARI ba="0,2" hai="13,16,22,40,46,48,81,86,91,96,101,104,109,110" machi="101" ten="40,2600,0" yaku="1,1,54,1,53,0" doraHai="50" doraHaiUra="116" who="1" fromWho="2" sc="248,0,239,46,249,-26,244,0" /><INIT seed="5,0,0,3,3,114" ten="248,285,223,244" oya="1" hai0="84,128,80,29,51,4,26,85,77,53,91,101,21" hai1="59,17,124,115,2,117,92,9,20,5,95,106,88" hai2="98,108,81,57,54,30,63,130,34,78,52,132,113" hai3="48,58,74,99,13,35,0,66,3,49,22,47,39"/><U37/><E117/><V90/><F108/><W119/><G35/><T10/><D128/><U72/><E115/><V25/><F113/><W23/><G74/><T89/><D101/><U126/><E106/><V45/><F130/><W135/><G39/><T76/><D10/><U125/><E72/><V120/><F120/><W104/><G104/><T102/><D102/><U15/><E37/><V6/><F132/><W71/><G71/><T8/><D8/><U38/><E38/><V46/><F6/><W42/><G99/><T68/><D68/><U31/><E31/><V11/><F11/><W105/><G105/><T1/><D1/><U134/><E134/><V131/><F54/><W103/><G103/><T97/><D97/><N who="1" m="57479" /><E59/><V107/><F131/><W12/><G135/><T16/><D4/><U40/><E40/><V41/><F107/><W96/><G119/><T19/><D77/><U110/><E95/><V56/><F56/><W67/><G96/><T116/><D76/><U93/><E93/><N who="2" m="56631" /><F41/><W44/><G58/><N who="0" m="33087" /><D116/><U100/><E100/><V123/><F123/><W70/><G70/><T64/><D64/><U75/><E75/><V82/><F78/><W86/><G42/><T43/><D43/><U28/><E28/><V18/><F34/><W87/><AGARI ba="0,0" hai="0,3,12,13,22,23,44,47,48,49,66,67,86,87" machi="87" ten="25,3200,0" yaku="0,1,22,2" doraHai="114" who="3" fromWho="3" sc="248,-8,285,-16,223,-8,244,32" /><INIT seed="6,0,0,2,5,90" ten="240,269,215,276" oya="2" hai0="81,23,49,88,83,117,92,70,16,122,48,64,79" hai1="22,103,19,58,112,45,104,13,94,51,68,0,132" hai2="128,26,46,110,100,96,24,82,42,39,67,12,84" hai3="113,30,78,44,119,60,7,25,63,95,108,107,17"/><V35/><F128/><W89/><G107/><T32/><D122/><U43/><E68/><V4/><F110/><W120/><G120/><T56/><D32/><U8/><E112/><V126/><F126/><W20/><G119/><T62/><D70/><U74/><E74/><V38/><F38/><W91/><G78/><T98/><D117/><U131/><E104/><V33/><F67/><W47/><G7/><T121/><D121/><U21/><E0/><V36/><F36/><W11/><G108/><T29/><D29/><U80/><E132/><V73/><F73/><W75/><G89/><T65/><D65/><U124/><E131/><V9/><F33/><W54/><G75/><T123/><D123/><U69/><E69/><V76/><REACH who="2" step="1"/><F35/><REACH who="2" ten="240,269,205,276" step="2"/><W53/><G113/><T87/><D81/><U55/><E124/><V125/><F125/><W5/><G60/><T97/><D97/><N who="1" m="59831" /><E80/><V115/><F115/><W129/><G63/><AGARI ba="0,1" hai="8,13,19,21,22,43,45,51,55,58,63" m="59831" machi="63" ten="30,2000,0" yaku="8,1,52,1" doraHai="90" who="1" fromWho="3" sc="240,0,269,30,205,0,276,-20" /><INIT seed="7,0,0,3,1,6" ten="240,299,205,256" oya="3" hai0="48,67,87,57,56,10,64,111,105,80,110,2,52" hai1="112,100,1,83,3,14,46,38,131,132,82,44,20" hai2="16,108,24,27,120,39,86,91,95,23,53,85,72" hai3="109,22,33,58,63,50,92,30,125,51,29,129,113"/><W96/><G33/><T90/><D105/><U76/><E100/><V36/><F108/><W79/><G109/><T115/><D115/><U9/><E20/><V59/><F72/><W62/><G113/><T41/><D41/><U128/><E132/><V97/><F120/><W54/><G125/><T45/><D110/><U102/><E102/><V99/><F99/><W84/><G129/><N who="1" m="49738" /><E112/><V124/><F124/><W77/><G50/><T66/><D111/><U81/><E76/><N who="3" m="29258" /><G84/><T107/><REACH who="0" step="1"/><D107/><REACH who="0" ten="230,299,205,256" step="2"/><U135/><E135/><V130/><F130/><W43/><G43/><T25/><D25/><U26/><E26/><V89/><F27/><N who="3" m="16631" /><G30/><T65/><N who="0" m="16384" /><DORA hai="69" /><T42/><D42/><N who="1" m="22615" /><E46/><V134/><F134/><W121/><G121/><T104/><D104/><U35/><E35/><V34/><F34/><W74/><G74/><T98/><D98/><U71/><E71/><V32/><F32/><W75/><G75/><T114/><D114/><U126/><E126/><V116/><F116/><W13/><G96/><T106/><D106/><U127/><E127/><V47/><F97/><W17/><G54/><T68/><D68/><U12/><E12/><V49/><F47/><W133/><G13/><T5/><AGARI ba="0,1" hai="2,5,10,45,48,52,56,57,80,87,90" m="16384" machi="5" ten="40,8000,1" yaku="1,1,0,1,52,1,54,1,53,1" doraHai="6,69" doraHaiUra="117,7" who="0" fromWho="0" sc="230,90,299,-20,205,-20,256,-40" owari="320,42.0,279,7.9,185,-31.5,216,-18.4" /></mjloggm>