<mjloggm ver="2.3"><GO type="225" lobby="0"/><UN n0="%E3%81%B5%E3%81%98%E3%81%8B%E3%81%A4" n1="%E3%81%99%E3%81%84%E3%81%BE%E3%81%9B%E3%83%BC%E3%82%93" n2="%E3%83%97%E3%83%92" n3="%E3%81%BF%E3%81%BF%E3%81%9A" dan="16,17,17,17" rate="2213.93,2240.78,2146.36,2246.16" sx="M,M,M,M"/><TAIKYOKU oya="0"/><INIT seed="0,0,0,3,1,93" ten="250,250,250,250" oya="0" hai0="36,70,112,88,34,42,96,121,35,99,92,63,69" hai1="97,71,1,122,37,127,75,76,53,111,134,108,87" hai2="90,128,98,117,74,124,31,115,79,3,22,72,50" hai3="120,24,123,62,116,12,20,60,5,83,135,10,113"/><T25/><D121/><N who="3" m="46665" /><G113/><T132/><D112/><U101/><E1/><V68/><F115/><W56/><G116/><T57/><D132/><U110/><E122/><V104/><F3/><W44/><G135/><T18/><D35/><U6/><E6/><V109/><F68/><W17/><G44/><T114/><D114/><U58/><E71/><V103/><F109/><W0/><G83/><T55/><D36/><U131/><E37/><V73/><F128/><W125/><G125/><T27/><D42/><U13/><E134/><V48/><F79/><W49/><G49/><T126/><D126/><U66/><E127/><V51/><F124/><W16/><G56/><T80/><D80/><N who="1" m="47495" /><E131/><V30/><F117/><W46/><G46/><T130/><D130/><U133/><E133/><V38/><F38/><W94/><G94/><N who="0" m="56391" /><D34/><U89/><E111/><V11/><F11/><AGARI ba="0,0" hai="0,5,10,11,12,16,17,20,24,60,62" m="46665" machi="11" ten="30,2000,0" yaku="13,1,54,1" doraHai="93" who="3" fromWho="2" sc="250,0,250,0,250,-20,250,20" /><INIT seed="1,0,0,4,3,55" ten="250,250,230,270" oya="1" hai0="20,19,18,36,105,32,41,34,92,3,54,79,37" hai1="33,77,44,8,0,127,42,82,38,90,48,89,51" hai2="97,99,93,71,116,75,108,87,9,43,50,131,45" hai3="61,132,56,27,91,49,85,62,74,110,104,26,126"/><U120/><E120/><V63/><F116/><W7/><G74/><T14/><D105/><U123/><E123/><V68/><F75/><W72/><G72/><T81/><D3/><U134/><E33/><V21/><F108/><W94/><G110/><T86/><D92/><U106/><E106/><V78/><F131/><W2/><G104/><T95/><D41/><U113/><E113/><V47/><F47/><W25/><G132/><T35/><D95/><U30/><E30/><V101/><F97/><W128/><G128/><T70/><D70/><U114/><E114/><V98/><F98/><W6/><G126/><T29/><D29/><U12/><E0/><V65/><F21/><W96/><G96/><T133/><D133/><U4/><E127/><V80/><REACH who="2" step="1"/><F9/><REACH who="2" ten="250,250,220,270" step="2"/><W60/><G2/><T52/><REACH who="0" step="1"/><D19/><REACH who="0" ten="240,250,220,270" step="2"/><U53/><E134/><V119/><F119/><W103/><G103/><T122/><D122/><U135/><E135/><V130/><F130/><W5/><G5/><T40/><D40/><U58/><E38/><AGARI ba="0,2" hai="14,18,20,32,34,35,36,37,38,52,54,79,81,86" machi="38" ten="50,8000,1" yaku="1,1,54,1,53,3" doraHai="55" doraHaiUra="69" who="0" fromWho="1" sc="240,100,250,-80,220,0,270,0" /><INIT seed="2,0,0,4,1,100" ten="340,170,220,270" oya="2" hai0="53,112,27,64,11,123,120,45,134,29,43,31,94" hai1="97,128,62,51,18,74,17,33,76,119,56,26,72" hai2="68,35,103,24,90,0,80,135,25,61,127,110,54" hai3="55,44,10,108,87,84,23,69,15,48,9,19,40"/><V36/><F36/><W115/><G108/><T93/><D112/><U34/><E119/><V37/><F37/><W107/><G107/><T71/><D134/><U70/><E128/><V91/><F0/><W4/><G115/><T41/><D11/><U60/><E70/><V65/><F135/><W75/><G75/><T105/><D105/><U99/><E51/><V58/><F127/><W22/><G69/><T8/><D8/><U46/><E56/><V6/><F6/><W79/><G55/><T85/><D53/><U98/><E26/><V126/><F126/><W16/><G84/><T77/><D43/><U121/><E76/><V7/><F7/><W3/><REACH who="3" step="1"/><G19/><REACH who="3" ten="340,170,220,260" step="2"/><N who="1" m="7178" /><E121/><V117/><F110/><W52/><G52/><T78/><D123/><U101/><E46/><V83/><F68/><W125/><G125/><T21/><D71/><U57/><E57/><V49/><F54/><W130/><G130/><T89/><D45/><U113/><E113/><V2/><F58/><W1/><G1/><T88/><D120/><U59/><E59/><V30/><F2/><W124/><G124/><T66/><D41/><U106/><E74/><V116/><F116/><W32/><G32/><N who="1" m="12394" /><E72/><V132/><F117/><W5/><G5/><T96/><D31/><U20/><E20/><V13/><F30/><W95/><G95/><T42/><D42/><U38/><E38/><V14/><F35/><W82/><AGARI ba="0,1" hai="3,4,9,10,15,16,22,23,40,44,48,79,82,87" machi="82" ten="30,4000,0" yaku="1,1,0,1,54,1,53,0" doraHai="100" doraHaiUra="28" who="3" fromWho="3" sc="340,-10,170,-10,220,-20,260,50" /><INIT seed="3,0,0,2,0,56" ten="330,160,200,310" oya="3" hai0="85,73,96,8,70,94,114,67,125,76,59,75,132" hai1="66,41,48,39,87,100,62,89,93,118,12,47,103" hai2="35,42,1,110,130,18,119,55,32,102,131,123,29" hai3="16,5,117,126,107,86,58,20,49,111,36,80,3"/><W6/><G117/><T13/><D70/><U124/><E118/><V0/><F42/><W109/><G107/><T121/><D125/><U74/><E74/><V45/><F102/><W129/><G36/><T91/><D132/><U98/><E124/><V9/><F45/><W68/><G68/><T34/><D34/><N who="2" m="12842" /><F55/><N who="3" m="32111" /><G3/><N who="2" m="1097" /><F119/><W83/><G129/><N who="2" m="49161" /><F110/><N who="3" m="41995" /><G126/><T43/><D75/><U134/><E134/><V101/><F101/><W15/><G80/><T104/><D73/><U54/><E12/><N who="2" m="7439" /><F29/><W38/><G38/><T95/><D104/><U57/><REACH who="1" step="1"/><E98/><REACH who="1" ten="330,150,200,310" step="2"/><V105/><F105/><W106/><G106/><T78/><D96/><U81/><E81/><V116/><F116/><W133/><G133/><T17/><D95/><U2/><E2/><V60/><F60/><W61/><G61/><T72/><D94/><U53/><E53/><V69/><F69/><AGARI ba="0,1" hai="39,41,47,48,54,57,62,66,69,87,89,93,100,103" machi="69" ten="30,8000,1" yaku="1,1,7,1,24,2,52,1,53,0" doraHai="56" doraHaiUra="33" who="1" fromWho="2" sc="330,0,150,90,200,-80,310,0" owari="330,43.0,240,-16.0,120,-38.0,310,11.0" /></mjloggm>