<mjloggm ver="2.3"><GO type="225" lobby="0"/><UN n0="%E6%80%AA%E3%81%97%E3%81%99%E3%81%8E%E3%82%8B%E3%83%81%E3%83%BC" n1="%E3%81%AF%E3%82%88%E3%81%8A%E3%81%98%E3%81%95%E3%82%93" n2="%4E%49%4A%49%49%52%4F" n3="%43%68%65" dan="16,16,16,16" rate="2147.73,2149.43,2199.03,2122.71" sx="M,M,M,M"/><TAIKYOKU oya="0"/><INIT seed="0,0,0,5,0,31" ten="250,250,250,250" oya="0" hai0="126,25,112,71,58,92,51,13,48,124,11,104,46" hai1="69,102,94,99,76,53,38,17,121,90,84,61,73" hai2="42,62,65,28,41,19,40,20,66,85,88,125,135" hai3="116,107,6,55,70,108,115,80,47,83,81,105,86"/><T10/><D104/><U22/><E121/><V27/><F135/><W82/><G70/><T9/><D71/><U49/><E38/><V18/><F125/><N who="0" m="48234" /><D112/><U44/><E73/><V133/><F133/><W50/><G115/><T95/><D25/><U32/><E69/><V35/><F62/><W109/><G6/><T106/><D106/><U59/><E32/><V39/><F39/><W110/><REACH who="3" step="1"/><G116/><REACH who="3" ten="250,250,250,240" step="2"/><T79/><D11/><U5/><E5/><V120/><F120/><W3/><G3/><T134/><D10/><U52/><E76/><AGARI ba="0,1" hai="47,50,55,76,80,81,82,83,86,105,107,108,109,110" machi="76" ten="50,3200,0" yaku="1,1,14,1,53,0" doraHai="31" doraHaiUra="119" who="3" fromWho="1" sc="250,0,250,-32,250,0,240,42" /><INIT seed="1,0,0,1,0,57" ten="250,218,250,282" oya="1" hai0="28,135,6,106,73,116,112,66,122,85,90,25,33" hai1="69,21,3,96,89,105,7,76,97,72,45,2,115" hai2="75,39,19,29,88,117,82,56,43,30,127,16,113" hai3="118,34,53,107,1,84,132,13,126,5,14,124,58"/><U8/><E115/><V64/><F117/><W49/><G118/><T87/><D73/><U15/><E69/><V92/><F113/><W134/><G107/><T130/><D112/><U86/><E45/><V26/><F127/><N who="3" m="48683" /><G34/><T80/><D106/><U102/><E96/><V100/><F39/><W91/><G1/><T27/><D130/><U47/><E47/><V0/><F0/><W101/><G101/><T108/><D108/><U41/><E41/><V51/><F75/><W24/><G24/><T46/><D135/><N who="3" m="51753" /><G5/><T44/><D6/><U111/><E111/><V81/><F100/><W65/><G65/><T114/><D114/><U38/><E38/><V4/><F4/><W68/><G68/><T98/><D122/><U60/><E2/><V61/><F43/><W55/><G53/><T95/><D66/><U35/><E35/><V22/><F51/><W71/><G71/><T128/><D27/><U131/><E3/><V104/><F104/><W12/><G12/><T78/><D116/><U23/><E131/><V59/><F59/><W109/><G109/><T63/><D128/><U119/><E119/><V83/><F29/><W133/><N who="3" m="51761" /><W52/><DORA hai="37" /><G55/><T121/><D121/><U123/><E123/><V67/><REACH who="2" step="1"/><F64/><REACH who="2" ten="250,218,240,282" step="2"/><W11/><G11/><T32/><D28/><U18/><E7/><V103/><F103/><W93/><AGARI ba="0,1" hai="13,14,49,52,58,84,91,93" m="51761,48683" machi="93" ten="50,6400,0" yaku="18,1,20,1,54,1" doraHai="57,37" who="3" fromWho="3" sc="250,-16,218,-32,240,-16,282,74" /><INIT seed="2,0,0,5,1,128" ten="234,186,224,356" oya="2" hai0="75,57,95,34,93,7,43,58,4,64,78,122,52" hai1="6,117,79,23,119,33,106,88,56,51,61,118,85" hai2="105,77,70,76,102,55,126,73,132,9,2,111,26" hai3="97,11,104,3,40,110,15,115,39,80,50,53,66"/><V37/><F37/><W20/><G66/><T131/><D122/><U108/><E33/><V133/><F111/><W130/><G110/><T69/><D34/><U28/><E106/><V103/><F70/><W101/><G40/><T5/><D131/><U32/><E108/><V114/><F114/><W13/><G39/><T124/><D124/><U99/><E32/><V86/><F126/><W1/><G130/><T81/><D43/><U0/><E79/><N who="2" m="30283" /><F73/><W135/><G80/><T29/><D29/><U94/><E51/><V127/><F127/><W63/><G63/><T87/><D69/><U121/><E121/><V92/><F26/><W91/><G91/><T45/><D75/><U14/><E0/><V71/><F71/><W67/><G67/><T44/><D64/><U112/><E112/><V47/><F105/><W82/><G82/><T72/><D58/><U107/><E107/><V68/><F68/><W46/><G3/><T83/><D83/><U125/><E125/><V30/><F30/><W54/><G1/><T25/><D25/><N who="1" m="16447" /><E85/><V12/><F2/><W41/><G115/><T129/><D129/><U17/><E6/><N who="2" m="3127" /><F86/><W116/><G104/><T38/><D38/><U35/><E35/><V98/><F102/><W96/><G101/><T84/><D72/><U48/><E48/><V90/><F103/><W134/><G97/><T18/><D18/><U42/><E42/><V123/><F123/><W100/><G41/><T59/><D59/><U21/><E118/><V22/><F22/><W113/><G116/><T62/><D87/><U49/><E49/><V31/><F31/><RYUUKYOKU ba="0,0" sc="234,10,186,10,224,10,356,-30" hai0="4,5,7,44,45,52,57,62,78,81,84,93,95" hai1="14,17,21,56,61,88,94,99,117,119" hai2="47,55,90,92,98,132,133" /><INIT seed="2,1,0,4,5,74" ten="244,196,234,326" oya="2" hai0="100,4,21,93,66,92,68,34,91,73,29,31,81" hai1="49,113,27,78,23,70,83,117,104,111,55,65,124" hai2="46,9,3,25,72,60,86,114,41,26,106,94,0" hai3="101,110,103,80,56,61,127,42,99,35,24,58,87"/><V62/><F72/><W88/><G110/><T11/><D34/><U121/><E117/><V22/><F106/><W82/><G127/><T130/><D130/><U12/><E113/><V6/><F114/><W84/><G42/><T53/><D53/><U118/><E104/><V1/><F86/><W51/><G51/><T48/><D48/><U8/><E118/><V16/><F94/><W98/><G24/><T63/><D21/><U89/><E111/><V20/><F60/><W77/><G35/><T115/><D115/><U125/><E121/><V135/><F62/><W120/><G120/><T134/><D134/><U119/><E89/><V90/><F90/><W79/><G88/><T30/><D100/><N who="3" m="38473" /><G58/><T37/><D37/><U107/><E107/><V54/><F54/><AGARI ba="1,0" hai="54,56,61,77,79,80,82,84,87,98,99" m="38473" machi="54" ten="30,3900,0" yaku="8,1,52,2" doraHai="74" who="3" fromWho="2" sc="244,0,196,0,234,-42,326,42" /><INIT seed="3,0,0,0,3,64" ten="244,196,192,368" oya="3" hai0="32,108,126,39,8,106,85,46,52,56,33,50,101" hai1="81,28,66,42,16,61,55,86,73,45,71,41,70" hai2="4,17,21,2,134,47,90,128,7,87,131,18,80" hai3="122,135,127,83,123,129,22,59,67,124,93,74,54"/><W75/><G67/><T11/><D108/><U112/><E73/><V79/><F134/><W88/><G22/><T13/><D11/><U110/><E112/><V6/><F2/><W12/><G12/><T111/><D126/><N who="3" m="48169" /><G129/><N who="2" m="49737" /><F47/><W15/><G15/><T68/><D39/><U105/><E105/><V117/><F117/><W60/><G135/><T96/><D33/><U9/><E110/><V91/><F18/><W97/><G83/><T53/><D32/><U24/><E71/><V36/><F36/><W78/><G78/><T116/><D68/><U26/><E9/><V51/><F51/><W98/><G98/><T107/><D96/><U102/><E16/><V125/><F125/><W48/><G48/><T114/><D50/><N who="1" m="29135" /><E24/><AGARI ba="0,0" hai="4,6,7,17,21,24,79,80,87,90,91" m="49737" machi="24" ten="30,1000,0" yaku="19,1" doraHai="64" who="2" fromWho="1" sc="244,0,196,-10,192,10,368,0" owari="244,4.4,186,-31.4,202,-19.8,368,46.8" /></mjloggm>