<mjloggm ver="2.3"><GO type="225" lobby="0"/><UN n0="%E3%81%B5%E3%81%98%E3%81%8B%E3%81%A4" n1="%E3%81%99%E3%81%84%E3%81%BE%E3%81%9B%E3%83%BC%E3%82%93" n2="%77%72%77%72%77%72%77%72" n3="%E3%82%A2%E3%82%A4%E3%82%B9%E3%83%86%E3%82%A3%E3%83%BC%E3%81%82%E3%81%B9" dan="16,17,17,16" rate="2199.26,2224.54,2221.19,2084.30" sx="M,M,M,M"/><TAIKYOKU oya="0"/><INIT seed="0,0,0,0,2,99" ten="250,250,250,250" oya="0" hai0="124,31,123,15,13,93,53,5,116,106,36,121,37" hai1="57,75,24,32,10,104,128,71,20,34,48,103,76" hai2="122,86,23,51,41,131,81,22,58,108,95,47,113" hai3="111,120,26,91,101,97,92,27,43,112,4,18,21"/><T77/><D106/><U126/><E71/><V105/><F113/><W25/><G111/><T98/><D116/><U132/><E126/><V67/><F122/><W110/><G110/><T29/><D124/><U6/><E128/><V88/><F105/><W7/><G112/><T0/><D77/><U107/><E132/><V73/><F131/><W135/><G135/><T70/><D70/><U74/><E107/><V54/><F67/><W56/><G120/><T79/><D79/><U68/><E68/><V38/><F108/><W49/><G91/><T114/><D114/><U72/><E76/><V40/><F40/><W87/><G87/><T118/><D118/><U117/><E117/><V8/><F73/><W42/><G56/><T46/><D0/><U30/><E57/><V17/><REACH who="2" step="1"/><F81/><REACH who="2" ten="250,250,240,250" step="2"/><W50/><G43/><T9/><D123/><U14/><E75/><V133/><F133/><W102/><G42/><T119/><D121/><U94/><E104/><V28/><F28/><W16/><G102/><N who="0" m="60751" /><D119/><U100/><E74/><V19/><F19/><N who="3" m="7211" /><G21/><T55/><D31/><U33/><E72/><V63/><F63/><W69/><G69/><T115/><D115/><U134/><E134/><V89/><F89/><W3/><G3/><N who="0" m="191" /><D29/><U39/><E103/><V61/><F61/><W12/><G7/><T2/><D2/><U84/><E100/><V60/><F60/><W96/><G4/><T85/><D55/><U127/><E127/><V130/><F130/><W11/><G101/><T64/><D64/><U90/><E48/><V125/><F125/><W66/><G50/><N who="0" m="28887" /><D85/><U59/><E59/><RYUUKYOKU ba="0,1" sc="250,10,250,10,240,10,250,-30" hai0="13,15,36,37" hai1="6,10,14,20,24,30,32,33,34,39,84,90,94" hai2="8,17,22,23,38,41,47,51,54,58,86,88,95" /><INIT seed="0,1,1,5,0,122" ten="260,260,250,220" oya="0" hai0="55,54,104,2,80,69,94,79,51,11,118,53,32" hai1="70,114,29,117,106,78,90,125,56,40,120,121,135" hai2="37,3,92,89,9,72,26,68,61,47,21,7,131" hai3="57,20,124,97,116,126,64,48,132,24,38,60,129"/><T28/><D118/><U62/><E117/><V1/><F131/><W33/><G38/><T8/><D104/><U103/><E125/><N who="3" m="48234" /><G116/><T36/><D69/><U13/><E70/><V41/><F72/><W25/><G129/><T59/><D36/><U27/><E135/><V82/><F82/><W96/><G132/><T134/><D134/><U15/><E114/><V86/><F68/><N who="3" m="41991" /><G33/><T49/><D2/><U95/><E40/><V6/><F61/><W111/><G111/><T74/><D94/><U66/><E78/><V19/><REACH who="2" step="1"/><F7/><REACH who="2" ten="260,260,240,220" step="2"/><W91/><G91/><T46/><REACH who="0" step="1"/><D54/><REACH who="0" ten="250,260,240,220" step="2"/><U65/><E121/><V123/><F123/><W130/><G130/><T108/><D108/><U87/><E120/><V73/><F73/><W63/><G97/><T98/><D98/><U39/><E66/><V52/><F52/><N who="3" m="31879" /><G96/><T83/><D83/><U50/><E65/><V85/><F85/><W93/><G93/><T14/><D14/><AGARI ba="1,3" hai="1,3,6,9,14,19,21,26,37,41,47,86,89,92" machi="14" ten="30,2000,0" yaku="1,1,7,1,53,0" doraHai="122" doraHaiUra="76" who="2" fromWho="0" sc="250,-23,260,0,240,53,220,0" /><INIT seed="1,0,0,1,1,120" ten="227,260,293,220" oya="1" hai0="115,8,74,83,126,49,98,84,63,106,72,54,46" hai1="23,112,78,60,25,39,15,67,124,44,32,50,57" hai2="14,90,86,102,104,3,129,132,6,13,79,73,80" hai3="135,48,19,28,38,36,95,22,114,24,71,97,101"/><U93/><E112/><V105/><F129/><W26/><G135/><T127/><D115/><U100/><E124/><N who="0" m="47657" /><D8/><U118/><E118/><V82/><F132/><W110/><G114/><T7/><D7/><U125/><E125/><V89/><F3/><W16/><G71/><T128/><D128/><U31/><E39/><V10/><F102/><W58/><G110/><T55/><D106/><U117/><E117/><V11/><REACH who="2" step="1"/><F90/><REACH who="2" ten="227,260,283,220" step="2"/><W88/><G101/><T53/><D63/><U103/><E103/><V94/><F94/><W34/><REACH who="3" step="1"/><G19/><AGARI ba="0,1" hai="6,10,11,13,14,19,73,79,80,82,86,89,104,105" machi="19" ten="30,2000,0" yaku="1,1,7,1,53,0" doraHai="120" doraHaiUra="18" who="2" fromWho="3" sc="227,0,260,0,283,30,220,-20" /><INIT seed="2,0,0,3,2,43" ten="227,260,313,200" oya="2" hai0="79,5,135,90,19,114,42,81,6,66,58,84,72" hai1="110,86,59,97,124,56,31,76,1,92,64,10,68" hai2="36,46,32,51,55,7,30,119,47,105,35,98,122" hai3="41,45,21,25,4,52,126,130,8,132,44,127,95"/><V113/><F113/><W53/><G132/><T77/><D114/><U104/><E110/><V88/><F119/><W17/><G130/><T50/><D135/><U11/><E124/><N who="3" m="47658" /><G95/><T20/><D66/><U94/><E68/><V18/><F122/><W91/><G91/><T38/><D38/><U87/><E31/><V14/><F7/><N who="0" m="2570" /><D72/><U102/><E1/><V108/><F108/><W67/><G67/><T2/><D2/><U54/><E104/><V112/><F112/><W120/><G120/><T39/><D39/><U101/><E76/><V13/><F105/><W99/><G99/><T62/><D62/><N who="1" m="37959" /><E102/><V40/><F30/><W78/><G78/><T73/><D73/><U103/><E101/><V89/><F13/><N who="3" m="5255" /><G44/><N who="0" m="25879" /><D58/><U83/><E94/><V34/><REACH who="2" step="1"/><F98/><REACH who="2" ten="227,260,303,200" step="2"/><W93/><G93/><T115/><D115/><U27/><E97/><V75/><F75/><W22/><G21/><AGARI ba="0,1" hai="14,18,21,32,34,35,36,40,46,47,51,55,88,89" machi="21" ten="40,12000,1" yaku="1,1,52,2,54,1,53,0" doraHai="43" doraHaiUra="82" who="2" fromWho="3" sc="227,0,260,0,303,130,200,-120" /><INIT seed="2,1,0,4,2,63" ten="227,260,433,80" oya="2" hai0="19,3,128,116,64,75,21,32,94,107,126,51,62" hai1="17,25,45,0,74,11,81,131,28,135,40,122,18" hai2="54,118,83,31,42,14,22,39,35,125,9,130,106" hai3="70,84,50,109,37,105,76,2,100,67,15,57,20"/><V114/><F118/><W47/><G109/><T119/><D107/><U38/><E131/><V1/><F114/><W90/><G2/><T123/><D123/><U59/><E135/><V132/><F106/><W12/><G76/><T58/><D32/><U71/><E71/><V77/><F130/><W127/><G127/><T85/><D126/><U87/><E122/><V26/><F132/><W16/><G70/><T46/><D75/><U41/><E41/><V120/><F120/><W65/><G105/><T44/><D3/><U92/><E92/><V102/><F102/><W104/><G104/><T53/><D128/><U101/><E101/><V98/><F98/><W7/><G100/><T78/><D46/><U73/><E73/><V23/><F54/><N who="3" m="31959" /><G47/><T108/><D108/><U10/><E74/><N who="2" m="43447" /><F14/><W82/><G37/><T49/><D49/><U52/><E0/><V93/><F93/><W55/><G55/><T61/><D78/><U97/><E97/><V29/><F29/><W112/><G112/><T95/><D85/><U4/><E28/><V6/><F125/><W69/><G69/><T89/><D89/><U60/><E87/><V103/><F103/><W36/><G36/><T91/><D91/><U133/><E133/><V111/><F111/><W86/><G84/><T48/><D119/><U34/><E81/><V110/><F110/><W66/><G7/><T88/><D88/><U27/><E4/><V117/><F117/><W124/><G124/><T129/><D129/><U72/><E72/><V24/><F39/><W8/><G15/><N who="0" m="9471" /><D116/><U80/><E38/><V13/><F1/><RYUUKYOKU ba="1,0" sc="227,-10,260,-10,433,-10,80,30" hai3="8,12,16,20,65,66,67,82,86,90" /><INIT seed="3,2,0,3,3,118" ten="217,250,423,110" oya="3" hai0="116,123,30,81,103,34,100,121,86,45,0,115,50" hai1="25,104,120,5,108,67,126,106,38,95,129,18,110" hai2="102,73,12,96,109,82,47,135,1,11,57,69,14" hai3="8,83,122,27,7,94,77,128,119,99,97,76,80"/><W56/><G119/><T60/><D116/><U91/><E120/><V64/><F69/><W10/><G128/><T66/><D0/><U131/><E38/><V15/><F109/><N who="1" m="42089" /><E126/><V92/><F135/><W124/><G124/><T36/><D36/><U40/><E40/><V23/><F47/><W61/><G27/><T65/><D30/><U55/><E5/><V70/><F70/><W63/><G7/><T17/><D34/><U46/><E67/><V93/><F93/><W125/><G125/><T31/><D17/><U132/><E132/><V37/><F37/><W2/><G2/><T16/><D31/><U68/><E68/><V4/><F64/><W33/><G94/><T111/><D81/><U130/><E18/><V71/><F71/><W75/><G56/><T22/><D45/><U74/><E74/><V78/><F57/><W28/><G28/><T21/><D50/><N who="1" m="29143" /><E25/><V39/><F39/><W59/><G59/><T113/><D100/><U54/><E54/><V53/><F53/><W48/><G48/><T42/><D86/><AGARI ba="2,0" hai="86,91,95,104,106,129,130,131" m="29143,42089" machi="86" ten="40,2600,0" yaku="19,1,14,1" doraHai="118" who="1" fromWho="0" sc="217,-32,250,32,423,0,110,0" owari="185,-21.5,282,8.2,423,52.3,110,-39.0" /></mjloggm>