<mjloggm ver="2.3"><GO type="225" lobby="0"/><UN n0="%E3%81%82%E3%81%99%E3%81%AB%E3%82%83%E3%82%80" n1="%E6%B0%B7%E5%B7%9D%E9%87%8C%E5%A5%88" n2="%E9%97%98%E5%B0%86%E3%81%A0%E3%82%93%E3%81%A7%E3%81%83" n3="%E3%81%8B%E3%82%8F%E3%81%A1%E3%82%83%E3%82%93%35%38" dan="16,16,16,16" rate="2099.79,2073.63,2144.25,2171.61" sx="F,F,M,M"/><TAIKYOKU oya="0"/><INIT seed="0,0,0,0,0,108" ten="250,250,250,250" oya="0" hai0="16,94,63,39,86,68,62,22,23,34,81,35,36" hai1="134,17,12,14,29,125,83,118,99,1,8,45,79" hai2="95,74,0,115,90,5,42,85,82,120,122,3,77" hai3="30,18,52,100,88,7,53,67,26,132,48,60,116"/><T57/><D68/><U84/><E118/><V37/><F3/><W102/><G116/><T97/><D35/><U20/><E134/><V124/><F124/><W91/><G7/><T59/><D34/><U106/><E125/><V110/><F110/><W43/><G43/><T123/><D123/><U6/><E29/><V75/><F75/><W15/><G132/><T127/><D127/><U89/><E45/><N who="2" m="23759" /><F115/><W9/><G100/><N who="0" m="60471" /><D36/><U46/><E46/><V24/><F24/><W47/><G53/><T54/><D39/><U58/><E58/><V56/><F56/><W4/><G4/><T105/><D105/><U44/><E44/><V41/><F41/><W103/><G103/><T69/><D69/><U33/><E33/><V66/><F66/><W109/><G102/><T40/><D40/><U80/><E106/><V98/><F98/><W2/><G2/><T135/><D135/><U129/><E129/><V78/><F77/><W72/><G72/><T50/><D23/><U113/><E99/><V111/><F111/><W76/><G76/><N who="0" m="46375" /><D59/><U28/><E28/><V27/><F27/><AGARI ba="0,0" hai="16,22,27,50,54,57,62,63" m="46375,60471" machi="27" ten="30,2900,0" yaku="8,1,54,1" doraHai="108" who="0" fromWho="2" sc="250,29,250,0,250,-29,250,0" /><INIT seed="0,1,0,1,5,21" ten="279,250,221,250" oya="0" hai0="71,93,113,60,135,53,9,24,2,130,98,65,49" hai1="3,134,50,121,34,94,125,17,95,30,89,106,84" hai2="22,62,13,20,19,6,90,79,47,100,88,5,116" hai3="29,59,7,69,111,108,58,96,45,63,44,78,39"/><T91/><D113/><U37/><E121/><V46/><F116/><W110/><G7/><N who="2" m="2569" /><F100/><W67/><G78/><T80/><D135/><U123/><E37/><V52/><F79/><W129/><G96/><T73/><D130/><U57/><E123/><V107/><F107/><W11/><G11/><T131/><D131/><U35/><E134/><V26/><F47/><N who="3" m="17995" /><G29/><T0/><D9/><U122/><E106/><V82/><F82/><W31/><G31/><T70/><D70/><U87/><E122/><V25/><F62/><N who="3" m="40183" /><G129/><T32/><D73/><U104/><E104/><V14/><F26/><W126/><G39/><T132/><D132/><U103/><E3/><V40/><F40/><W83/><G83/><T97/><D97/><U48/><E103/><V1/><F1/><W43/><G43/><T10/><D10/><U133/><E133/><V28/><F14/><W109/><G109/><T99/><D99/><U75/><E75/><V56/><F46/><W76/><G76/><T16/><D80/><U101/><E101/><V23/><F23/><W54/><G58/><N who="0" m="33071" /><D32/><U128/><E128/><V118/><F118/><W74/><G74/><T81/><D81/><U77/><E77/><V102/><F102/><W86/><G86/><T42/><D42/><U12/><E34/><V64/><F64/><W114/><G114/><T36/><D36/><U15/><E87/><V18/><F28/><W38/><G38/><T115/><D115/><U61/><E30/><V33/><F33/><W51/><G63/><T120/><D120/><U72/><E35/><V68/><F68/><W117/><G117/><RYUUKYOKU ba="1,0" sc="279,10,250,-30,221,10,250,10" hai0="0,2,16,24,60,65,71,91,93,98" hai2="13,18,19,20,22,25,52,56,88,90" hai3="51,54,59,108,110,111,126" /><INIT seed="0,2,0,1,1,51" ten="289,220,231,260" oya="0" hai0="97,31,37,61,106,10,59,26,41,105,116,25,57" hai1="69,45,3,94,85,35,123,102,87,132,133,54,12" hai2="1,98,56,6,93,71,13,44,39,49,8,48,112" hai3="7,43,118,33,127,100,5,88,90,91,18,125,9"/><T65/><D116/><U42/><E123/><V68/><F112/><W101/><G118/><T96/><D37/><U99/><E3/><V53/><F39/><W17/><G33/><T86/><D41/><U2/><E69/><V74/><F74/><W92/><G43/><T130/><D130/><U64/><E2/><V46/><F1/><W76/><G76/><T62/><D86/><U78/><E64/><V115/><F115/><W80/><G80/><T89/><D10/><U66/><E35/><V75/><F75/><W109/><G109/><T0/><D0/><U103/><E66/><V120/><F120/><W107/><G107/><T23/><D89/><U129/><E129/><V72/><F72/><W119/><G119/><T104/><REACH who="0" step="1"/><D25/><REACH who="0" ten="279,220,231,260" step="2"/><U16/><E103/><V117/><F117/><W20/><G91/><T32/><D32/><U135/><E78/><V95/><F98/><W30/><G9/><T28/><D28/><U58/><E42/><V111/><F111/><W38/><G38/><T63/><D63/><N who="1" m="36311" /><E45/><V52/><F46/><W110/><G110/><T128/><D128/><U79/><E79/><V108/><F108/><W24/><G24/><T40/><D40/><U21/><AGARI ba="2,1" hai="12,16,21,85,87,94,99,102,132,133,135" m="36311" machi="21" ten="30,4000,0" yaku="20,1,52,1,54,1" doraHai="51" who="1" fromWho="1" sc="279,-22,220,56,231,-12,260,-12" /><INIT seed="1,0,0,5,0,57" ten="257,276,219,248" oya="1" hai0="87,94,96,46,92,81,118,3,72,107,52,29,25" hai1="23,8,35,31,6,47,110,102,114,22,106,95,32" hai2="12,117,128,89,49,132,11,9,40,116,21,122,36" hai3="44,17,18,109,85,28,77,101,41,91,38,39,63"/><U24/><E114/><V30/><F122/><W108/><G39/><T68/><D3/><U56/><E106/><V16/><F36/><W133/><G133/><T2/><D2/><U119/><E119/><V4/><F132/><W66/><G101/><T7/><D7/><U126/><E126/><V129/><F89/><W99/><G99/><T59/><D68/><U120/><E120/><V104/><F104/><W127/><G28/><T51/><D72/><U84/><E110/><N who="3" m="42602" /><G77/><T88/><D118/><N who="2" m="45674" /><F49/><W54/><G54/><T71/><D71/><U79/><E47/><V48/><F48/><W37/><G37/><T75/><D75/><U115/><E115/><V103/><F40/><W125/><G85/><T42/><D107/><U113/><E113/><V123/><F103/><W69/><G91/><T100/><D100/><U65/><E79/><V43/><F43/><W80/><G80/><T45/><D96/><N who="1" m="59679" /><E23/><V135/><F123/><W97/><G97/><T90/><D90/><U1/><E84/><V14/><F135/><W60/><G60/><AGARI ba="0,0" hai="1,6,8,22,24,31,32,35,56,60,65" m="59679" machi="60" ten="30,2900,0" yaku="25,1,52,1" doraHai="57" who="1" fromWho="3" sc="257,0,276,29,219,0,248,-29" /><INIT seed="1,1,0,1,3,46" ten="257,305,219,219" oya="1" hai0="77,120,16,78,59,65,28,109,21,36,8,90,98" hai1="43,48,126,22,118,57,93,94,88,31,124,47,56" hai2="123,103,10,69,86,108,19,134,111,113,119,41,99" hai3="17,64,67,23,51,34,13,33,6,89,122,1,112"/><U70/><E70/><V11/><F119/><W40/><G112/><T7/><D36/><U60/><E118/><V85/><F123/><W116/><G122/><T42/><D109/><N who="2" m="42058" /><F134/><W29/><G116/><T128/><D28/><U26/><E93/><N who="2" m="58863" /><F113/><W76/><G33/><T96/><D128/><U83/><E83/><V132/><F132/><W106/><G106/><T74/><D42/><U18/><E31/><V117/><F117/><W72/><G72/><T131/><D131/><U82/><E82/><V130/><F130/><W129/><G76/><T73/><D73/><U84/><REACH who="1" step="1"/><E57/><REACH who="1" ten="257,295,219,219" step="2"/><V80/><F69/><W102/><G102/><T15/><D59/><U92/><E92/><V68/><F68/><W114/><G129/><T44/><D120/><U79/><E79/><V115/><F115/><W2/><G114/><T81/><D77/><U45/><E45/><V61/><F80/><W37/><G29/><T87/><D44/><U30/><E30/><V32/><F86/><W71/><G71/><T63/><D78/><U20/><E20/><V75/><F85/><W107/><G107/><T121/><D74/><U100/><E100/><V97/><F75/><W52/><G34/><T3/><D121/><U53/><AGARI ba="1,1" hai="18,22,26,43,47,48,53,56,60,84,88,94,124,126" machi="53" ten="30,12000,1" yaku="1,1,0,1,52,1,54,1,53,1" doraHai="46" doraHaiUra="12" who="1" fromWho="1" sc="257,-41,295,133,219,-41,219,-41" /><INIT seed="1,2,0,1,1,29" ten="216,428,178,178" oya="1" hai0="25,48,63,50,82,8,98,11,38,2,31,74,73" hai1="56,60,87,53,121,117,22,28,103,123,101,47,84" hai2="99,33,55,12,20,80,81,43,96,105,39,125,59" hai3="21,118,64,104,41,34,9,114,116,61,133,126,97"/><U124/><E117/><N who="3" m="45162" /><G114/><T72/><D38/><U23/><E124/><V32/><F125/><W5/><G126/><T66/><D82/><U112/><E112/><V127/><F127/><W42/><G21/><T10/><D98/><U18/><E123/><V94/><F105/><W77/><G77/><T52/><D2/><U131/><E121/><V106/><F106/><W6/><G133/><T17/><D17/><U30/><E131/><V108/><F108/><W79/><G79/><T68/><REACH who="0" step="1"/><D52/><REACH who="0" ten="206,428,178,178" step="2"/><U4/><E53/><V62/><F80/><W35/><G97/><T92/><D92/><U49/><E18/><V54/><F81/><W90/><G104/><T91/><D91/><U69/><E84/><V45/><F96/><W111/><G90/><T135/><D135/><U16/><E87/><V130/><F12/><N who="3" m="5167" /><G6/><T113/><D113/><U71/><E4/><V89/><F20/><AGARI ba="2,1" hai="8,10,11,20,25,31,48,50,63,66,68,72,73,74" machi="20" ten="50,1600,0" yaku="1,1,53,0" doraHai="29" doraHaiUra="78" who="0" fromWho="2" sc="206,32,428,0,178,-22,178,0" /><INIT seed="2,0,0,2,5,94" ten="238,428,156,178" oya="2" hai0="67,102,3,127,97,87,10,26,30,126,132,114,117" hai1="45,18,85,91,15,41,107,38,51,123,58,40,83" hai2="69,100,13,20,125,71,108,81,68,46,119,19,12" hai3="0,54,92,9,64,131,8,120,55,31,22,63,122"/><V25/><F125/><N who="0" m="47626" /><D114/><U2/><E2/><V60/><F108/><W70/><G131/><T17/><D67/><U50/><E107/><V111/><F111/><W65/><G65/><T29/><D132/><U89/><E123/><V27/><F119/><W98/><G120/><T7/><D117/><U52/><E38/><V113/><F113/><W32/><G32/><T95/><D87/><U105/><E105/><V115/><F115/><W124/><G124/><T134/><D134/><U6/><E6/><V23/><F60/><W80/><G122/><T35/><D29/><U72/><E72/><V48/><F81/><W76/><G22/><T77/><D17/><U74/><E74/><V128/><F128/><W110/><G110/><T103/><D77/><N who="1" m="46319" /><E40/><V84/><F84/><N who="3" m="48135" /><G0/><T112/><D112/><U93/><E93/><V96/><F23/><AGARI ba="0,0" hai="15,18,23,41,45,50,51,52,58,89,91" m="46319" machi="23" ten="30,2000,0" yaku="8,1,54,1" doraHai="94" who="1" fromWho="2" sc="238,0,428,20,156,-20,178,0" /><INIT seed="3,0,0,0,4,67" ten="238,448,136,178" oya="3" hai0="129,81,85,37,121,113,102,98,111,71,72,88,69" hai1="89,79,29,20,122,105,22,117,43,90,51,73,131" hai2="82,114,104,48,32,106,103,54,77,64,27,44,30" hai3="11,118,49,13,75,19,8,58,18,96,40,60,127"/><W107/><G118/><T34/><D34/><U100/><E122/><V91/><F114/><W125/><G75/><T133/><D121/><U24/><E105/><V5/><F103/><W128/><G128/><T42/><D129/><U78/><E131/><V1/><F91/><N who="1" m="34825" /><E73/><V41/><F1/><W93/><G93/><T63/><D63/><U45/><E117/><V109/><F109/><W55/><G55/><T21/><D111/><U76/><E22/><V119/><F119/><W101/><G49/><T17/><D72/><U57/><E57/><V56/><F5/><W132/><G40/><T2/><D2/><U12/><E12/><V116/><F116/><W35/><G35/><T94/><D133/><U110/><E110/><V31/><F31/><W15/><G132/><T10/><D10/><U25/><E25/><V68/><F82/><W36/><G36/><T87/><D42/><U115/><E115/><V108/><F77/><W61/><G58/><T124/><D37/><U23/><E23/><V28/><F28/><W9/><G9/><T47/><D113/><U99/><E99/><V120/><F120/><W86/><G86/><T112/><D112/><U14/><E14/><V134/><F108/><W95/><G107/><T126/><D47/><U97/><E97/><V70/><F134/><W66/><G96/><T38/><D38/><U62/><E62/><V65/><F65/><W6/><G61/><T46/><D85/><U92/><E100/><V80/><F80/><W39/><G60/><T135/><D135/><U3/><E3/><V84/><F84/><W83/><G39/><RYUUKYOKU ba="0,0" sc="238,-10,448,30,136,-10,178,-10" hai1="20,24,29,43,45,51,76,78,79,92" owari="228,2.8,478,57.8,126,-37.4,168,-23.2" /></mjloggm>