<mjloggm ver="2.3"><GO type="225" lobby="0"/><UN n0="%73%73%6B%5F%66%72%65%65" n1="%E3%81%B5%E3%81%98%E3%81%8B%E3%81%A4" n2="%E3%82%BC%E3%83%AB%E3%83%80%E3%81%AE%E4%BC%9D%E8%AA%AC" n3="%33%74%72%65%65" dan="16,17,17,16" rate="2097.32,2208.49,2192.44,2152.22" sx="M,M,M,F"/><TAIKYOKU oya="0"/><INIT seed="0,0,0,0,1,26" ten="250,250,250,250" oya="0" hai0="63,45,5,76,37,123,60,119,101,103,19,104,134" hai1="113,108,95,48,82,41,21,49,92,99,0,71,131" hai2="11,125,107,18,64,96,91,65,128,39,116,46,30" hai3="90,51,97,54,73,28,13,93,100,87,83,40,133"/><T53/><D119/><U61/><E108/><V15/><F116/><W132/><G40/><T29/><D123/><U129/><E0/><V70/><F125/><W80/><G13/><T8/><D104/><U69/><E113/><V81/><F128/><N who="1" m="49225" /><E82/><V27/><F81/><W121/><G121/><T126/><D126/><U88/><E21/><V94/><F70/><N who="1" m="26633" /><E41/><V31/><F107/><W105/><G80/><T24/><D76/><U98/><E61/><V57/><F57/><W111/><G111/><T6/><D63/><U42/><E42/><V47/><F39/><W25/><G83/><T74/><D37/><U14/><E14/><V118/><F118/><W3/><G3/><T75/><D74/><U62/><E62/><V56/><F56/><W84/><G73/><T55/><D75/><U22/><E22/><V35/><REACH who="2" step="1"/><F31/><REACH who="2" ten="250,250,240,250" step="2"/><W114/><G28/><T79/><D29/><U117/><E117/><V58/><F58/><W2/><G105/><T110/><D110/><U72/><E72/><V124/><F124/><W89/><G133/><T122/><D134/><U7/><E7/><V33/><F33/><W52/><G132/><T4/><D5/><U135/><E135/><V67/><AGARI ba="0,1" hai="11,15,18,27,30,35,46,47,64,65,67,91,94,96" machi="67" ten="30,4000,0" yaku="1,1,0,1,52,1,53,0" doraHai="26" doraHaiUra="38" who="2" fromWho="2" sc="250,-20,250,-10,240,50,250,-10" /><INIT seed="1,0,0,2,0,47" ten="230,240,290,240" oya="1" hai0="37,107,102,127,50,121,40,112,115,49,21,28,46" hai1="96,13,60,95,110,30,114,92,65,109,132,43,70" hai2="58,75,10,69,20,118,14,26,12,129,32,6,25" hai3="133,77,23,125,120,106,18,67,99,55,8,29,15"/><U97/><E114/><V117/><F69/><W88/><G120/><T116/><D116/><U105/><E30/><N who="2" m="19535" /><F58/><W7/><G133/><T108/><D121/><U78/><E132/><V39/><F39/><W90/><G125/><T93/><D107/><U74/><E13/><N who="2" m="5227" /><F75/><W126/><G126/><T86/><D127/><U91/><E43/><V27/><F129/><W64/><G29/><T101/><D108/><N who="1" m="41579" /><E105/><V84/><F84/><W34/><G34/><T100/><D115/><U53/><E53/><V123/><F123/><W9/><G55/><T42/><D112/><U3/><E3/><N who="2" m="351" /><F27/><W87/><G67/><T41/><D37/><U76/><E74/><V22/><F22/><W81/><G23/><T19/><D28/><AGARI ba="0,0" hai="20,26,28,117,118" m="351,5227,19535" machi="28" ten="30,2000,0" yaku="34,2" doraHai="47" who="2" fromWho="0" sc="230,-20,240,0,290,20,240,0" /><INIT seed="2,0,0,5,4,20" ten="210,240,310,240" oya="2" hai0="113,37,16,29,58,119,62,121,92,9,23,82,59" hai1="96,118,24,77,83,107,98,19,28,2,46,53,111" hai2="100,57,120,134,38,5,104,99,47,91,102,84,101" hai3="61,130,31,55,110,69,4,52,95,106,15,56,66"/><V30/><F120/><W129/><G106/><T125/><D113/><U45/><E118/><V22/><F5/><W117/><G117/><T112/><D112/><U73/><E2/><V65/><F134/><W21/><G110/><T126/><D121/><U17/><E111/><V93/><F38/><W33/><G55/><T128/><D37/><U71/><E71/><V76/><F47/><W44/><G44/><T80/><D128/><N who="3" m="49257" /><G95/><T40/><D40/><U123/><E123/><V94/><F76/><W32/><G4/><T12/><D119/><U48/><E46/><V124/><F124/><N who="0" m="47722" /><D92/><U97/><REACH who="1" step="1"/><E107/><REACH who="1" ten="210,230,310,240" step="2"/><V50/><F104/><W127/><G127/><T135/><D135/><U8/><E8/><V43/><F43/><W78/><G69/><T25/><D59/><U64/><E64/><AGARI ba="0,1" hai="9,12,16,23,25,29,58,62,64,80,82" m="47722" machi="64" ten="30,3900,0" yaku="18,1,52,1,54,1" doraHai="20" who="0" fromWho="1" sc="210,49,230,-39,310,0,240,0" /><INIT seed="3,0,0,2,0,32" ten="259,191,310,240" oya="3" hai0="37,34,65,95,30,70,102,106,96,108,17,133,128" hai1="44,132,27,0,51,127,92,67,80,14,62,3,15" hai2="93,105,119,97,5,53,78,115,19,73,10,89,48" hai3="43,26,11,29,57,12,55,4,82,25,130,87,81"/><W40/><G130/><T1/><D108/><U47/><E127/><V9/><F115/><W104/><G104/><T21/><D128/><U134/><E80/><V61/><F119/><W76/><G81/><T123/><D123/><U58/><E27/><V90/><F105/><W121/><G121/><T68/><D133/><N who="1" m="51307" /><E92/><V125/><F125/><W42/><REACH who="3" step="1"/><G29/><REACH who="3" ten="259,191,310,230" step="2"/><T112/><D106/><U71/><E71/><V2/><F93/><W49/><AGARI ba="0,1" hai="4,11,12,25,26,40,42,43,49,55,57,76,82,87" machi="49" ten="30,11700,0" yaku="1,1,2,1,0,1,8,1,53,0" doraHai="32" doraHaiUra="28" who="3" fromWho="3" sc="259,-39,191,-39,310,-39,230,127" owari="220,-18.0,152,-34.8,271,7.1,357,45.7" /></mjloggm>