<mjloggm ver="2.3"><GO type="225" lobby="0"/><UN n0="%E3%81%B5%E3%81%98%E3%81%8B%E3%81%A4" n1="%72%69%6F%75%63%68%61%6E" n2="%E3%80%93%E3%81%97%E3%83%BC%E3%82%89%E3%80%93" n3="%E4%BA%BA%E9%96%93%E3%83%81%E3%83%A3%E3%83%BC%E3%83%8F%E3%83%B3" dan="17,16,16,16" rate="2205.68,2219.92,2166.65,2113.67" sx="M,M,M,M"/><TAIKYOKU oya="0"/><INIT seed="0,0,0,4,0,93" ten="250,250,250,250" oya="0" hai0="104,122,7,85,27,127,19,34,70,55,135,37,43" hai1="97,20,31,91,46,106,87,110,44,1,26,23,59" hai2="0,12,10,38,78,134,21,25,60,119,14,128,98" hai3="108,112,124,118,73,129,40,109,66,90,132,77,53"/><T130/><D122/><U24/><E1/><V35/><F38/><W30/><G30/><T131/><D19/><U17/><E110/><N who="3" m="42602" /><G66/><T94/><D55/><U32/><E32/><V133/><F78/><W63/><G40/><T47/><D85/><U18/><E31/><N who="2" m="19951" /><F60/><W28/><G28/><N who="0" m="19743" /><D94/><U2/><E2/><V29/><F98/><W41/><G41/><T111/><D111/><U45/><E59/><V115/><F115/><W95/><G63/><T49/><D127/><U68/><E68/><V125/><F125/><W65/><G65/><T51/><D7/><U107/><REACH who="1" step="1"/><E97/><REACH who="1" ten="250,240,250,250" step="2"/><V72/><F0/><W88/><G124/><T117/><D70/><U11/><E11/><V89/><F10/><W92/><G112/><T81/><D47/><U82/><AGARI ba="0,1" hai="17,18,20,23,24,26,44,45,46,82,87,91,106,107" machi="82" ten="30,4000,0" yaku="1,1,0,1,9,1,53,0" doraHai="93" doraHaiUra="57" who="1" fromWho="1" sc="250,-20,240,50,250,-10,250,-10" /><INIT seed="1,0,0,1,1,49" ten="230,290,240,240" oya="1" hai0="39,16,118,40,63,97,23,135,132,77,95,126,54" hai1="117,55,34,38,3,6,115,83,35,52,99,125,21" hai2="61,58,64,51,71,11,41,96,110,133,84,78,9" hai3="65,114,14,124,19,37,119,67,5,104,70,28,122"/><U25/><E115/><V81/><F133/><N who="0" m="51274" /><D118/><U69/><E117/><V107/><F110/><W15/><G119/><T12/><D77/><U72/><E69/><V68/><F68/><W101/><G122/><T74/><D74/><U30/><E125/><V106/><F96/><W116/><G116/><T22/><D126/><U10/><E38/><V85/><F11/><N who="3" m="4463" /><G104/><T46/><D23/><U31/><E99/><V73/><F73/><W76/><G37/><T100/><D63/><U27/><E21/><V121/><F121/><W42/><G70/><T92/><D54/><U134/><E134/><V109/><F109/><W53/><G42/><T75/><D75/><U26/><E26/><V66/><F66/><N who="3" m="25099" /><G76/><AGARI ba="0,0" hai="3,6,10,25,27,30,31,34,35,52,55,72,76,83" machi="76" ten="40,12000,1" yaku="9,1,52,2,54,1" doraHai="49" who="1" fromWho="3" sc="230,0,290,120,240,0,240,-120" /><INIT seed="1,1,0,5,4,115" ten="230,410,240,120" oya="1" hai0="19,80,125,3,61,134,49,90,114,77,33,87,103" hai1="78,51,5,16,39,25,13,65,18,75,4,76,118" hai2="55,74,10,110,121,95,107,34,72,135,70,113,66" hai3="59,105,88,53,54,48,117,50,46,64,32,81,28"/><U128/><E118/><V119/><RYUUKYOKU type="yao9" ba="1,0" sc="230,0,410,0,240,0,120,0" hai2="10,34,55,66,70,72,74,95,107,110,113,119,121,135" /><INIT seed="1,2,0,5,5,34" ten="230,410,240,120" oya="1" hai0="104,95,121,48,87,9,82,132,116,18,16,122,89" hai1="38,21,83,57,99,97,109,45,60,42,124,75,101" hai2="47,52,26,134,110,28,120,61,127,88,111,80,33" hai3="30,65,29,64,53,130,125,117,17,14,36,55,76"/><U7/><E124/><V2/><F120/><N who="0" m="46186" /><D116/><U31/><E109/><N who="2" m="41483" /><F127/><W107/><G125/><T93/><D104/><U12/><E7/><V20/><F134/><W43/><G107/><T90/><D132/><U46/><E46/><V123/><F123/><W4/><G130/><T74/><D48/><U115/><E115/><V118/><F118/><W19/><G117/><T119/><D119/><U54/><E12/><V103/><F103/><W8/><G76/><N who="0" m="44311" /><D9/><U37/><E38/><V27/><F47/><W41/><G36/><T13/><D13/><U56/><E56/><N who="2" m="34951" /><F27/><W58/><G58/><T39/><D39/><U59/><E59/><V25/><F25/><W126/><G14/><T133/><D133/><U50/><E37/><V114/><F114/><W3/><G3/><T102/><D102/><U72/><E101/><V78/><F33/><W70/><G70/><T84/><AGARI ba="2,0" hai="16,18,84,87,89,90,93,95" m="44311,46186" machi="84" ten="30,2000,0" yaku="13,1,54,1" doraHai="34" who="0" fromWho="0" sc="230,26,410,-12,240,-7,120,-7" /><INIT seed="2,0,0,5,5,0" ten="256,398,233,113" oya="2" hai0="81,135,13,71,116,67,29,38,134,23,96,106,7" hai1="11,62,35,61,37,125,95,88,70,18,97,90,122" hai2="26,47,33,42,83,21,48,57,76,20,131,91,77" hai3="73,102,92,44,68,19,75,31,4,14,72,133,56"/><V66/><F131/><W129/><G68/><T46/><D81/><U99/><E35/><V5/><F33/><W59/><G129/><T63/><D116/><U108/><E37/><V51/><F21/><W53/><G133/><N who="0" m="50699" /><D29/><U64/><E108/><V103/><F103/><W118/><G118/><T78/><D78/><U130/><E130/><V34/><F34/><W112/><G112/><T93/><D23/><U54/><E125/><V43/><F5/><W74/><N who="3" m="18432" /><DORA hai="22" /><W12/><G31/><T111/><D111/><U120/><E54/><N who="2" m="31943" /><F66/><W115/><G115/><T85/><D85/><U6/><E61/><V45/><F45/><W52/><G44/><T41/><D106/><U114/><E18/><N who="2" m="12567" /><F43/><W110/><G110/><T105/><D105/><U98/><E114/><V24/><F24/><W9/><G102/><N who="0" m="60687" /><D13/><N who="1" m="5367" /><E90/><V132/><F132/><W16/><G92/><T50/><D7/><U121/><AGARI ba="0,0" hai="62,64,70,88,95,97,98,99,120,121,122" m="5367" machi="121" ten="30,4000,0" yaku="13,1,52,1,54,1" doraHai="0,22" who="1" fromWho="1" sc="256,-10,398,40,233,-20,113,-10" /><INIT seed="3,0,0,2,2,86" ten="246,438,213,103" oya="3" hai0="36,133,111,132,45,95,21,30,121,73,0,31,20" hai1="60,59,29,94,70,52,104,69,48,74,106,17,58" hai2="55,96,99,117,37,12,1,123,112,28,135,100,5" hai3="129,91,40,76,126,11,120,53,41,84,47,46,7"/><W125/><G120/><T54/><D111/><U6/><E74/><V65/><F37/><W9/><G129/><T118/><D73/><U14/><E29/><V71/><F117/><W110/><G76/><T79/><D79/><U23/><E6/><V27/><F123/><W44/><G53/><T131/><D0/><U18/><E94/><V127/><F112/><W57/><G57/><T114/><D114/><U88/><E88/><V32/><F99/><W97/><G97/><T51/><D118/><U50/><E48/><V26/><F26/><W77/><G77/><T19/><D36/><U122/><E122/><V64/><F55/><W2/><G11/><T25/><D131/><U105/><REACH who="1" step="1"/><E18/><REACH who="1" ten="246,428,213,103" step="2"/><V113/><F5/><W92/><REACH who="3" step="1"/><G110/><REACH who="3" ten="246,428,213,93" step="2"/><T67/><D121/><U66/><AGARI ba="0,2" hai="14,17,23,50,52,58,59,60,66,69,70,104,105,106" machi="66" ten="30,8000,1" yaku="1,1,2,1,0,1,54,1,53,1" doraHai="86" doraHaiUra="8" who="1" fromWho="1" sc="246,-20,428,100,213,-20,93,-40" owari="226,2.6,528,62.8,193,-20.7,53,-44.7" /></mjloggm>