<mjloggm ver="2.3"><GO type="225" lobby="0"/><UN n0="%E6%A1%9C%E8%8A%B1%E9%96%83%E3%80%85" n1="%28%EF%BF%A3%E2%96%BD%EF%BF%A3%29%CE%B4%E2%8C%92%E3%83%BB" n2="%E7%AB%8B%E7%9B%B4%E5%A5%BD%E6%A3%92%40%E5%BF%98" n3="%E3%83%81%E3%83%AF%E3%83%AF%E9%9A%8A%E9%95%B7" dan="17,17,17,16" rate="2195.59,2250.66,2130.55,2120.08" sx="M,M,M,M"/><TAIKYOKU oya="0"/><INIT seed="0,0,0,3,2,77" ten="250,250,250,250" oya="0" hai0="25,16,85,68,3,19,26,130,17,37,40,44,108" hai1="94,74,113,58,93,50,22,78,70,45,65,91,6" hai2="57,116,76,53,111,134,122,99,98,89,114,119,34" hai3="8,87,110,81,105,104,39,32,13,55,131,106,42"/><T73/><D73/><U11/><E70/><V24/><F114/><W95/><G32/><T102/><D130/><U120/><E113/><V28/><F122/><W43/><G131/><T88/><D68/><U10/><E120/><V54/><F111/><W118/><G118/><N who="2" m="45097" /><F134/><W63/><G110/><T135/><D108/><U129/><E129/><V133/><F133/><W72/><G39/><T69/><D135/><U124/><E124/><V80/><F89/><W20/><G95/><T36/><D69/><U29/><E93/><V7/><F7/><W46/><G20/><T56/><D3/><U64/><E58/><V14/><F14/><W2/><G72/><T115/><D115/><U35/><E35/><V62/><F53/><W132/><G2/><T96/><D56/><U123/><E123/><V4/><F4/><W41/><G132/><T49/><D36/><U31/><E78/><V18/><F18/><N who="3" m="8487" /><G63/><T127/><D37/><U67/><E74/><AGARI ba="0,0" hai="24,28,34,54,57,62,74,76,80,98,99" m="45097" machi="74" ten="30,2000,0" yaku="12,1,52,1" doraHai="77" who="2" fromWho="1" sc="250,0,250,-20,250,20,250,0" /><INIT seed="1,0,0,1,5,4" ten="250,230,270,250" oya="1" hai0="5,97,94,65,64,105,62,37,42,55,41,51,133" hai1="29,79,66,68,124,76,129,117,101,38,96,17,58" hai2="33,48,71,116,59,61,118,18,32,108,8,31,26" hai3="39,28,67,46,121,111,115,119,54,23,40,122,60"/><U74/><E38/><V78/><F78/><W34/><G115/><T98/><D133/><U14/><E68/><V102/><F33/><W53/><G34/><T27/><D37/><U85/><E74/><V106/><F108/><W89/><G111/><T72/><D72/><U99/><E29/><V9/><F48/><W110/><G110/><T11/><D27/><U69/><E69/><V81/><F81/><W13/><G119/><N who="2" m="45609" /><F59/><W45/><G89/><T19/><D19/><U88/><E117/><V7/><F18/><W44/><G122/><T25/><D25/><U50/><E124/><V20/><F20/><W134/><G121/><T131/><D98/><N who="1" m="37419" /><E101/><V47/><F47/><W43/><G39/><T86/><D86/><U109/><E129/><V112/><F7/><W113/><G43/><T100/><D131/><U127/><E127/><V107/><F107/><W56/><G40/><T132/><D105/><U0/><E0/><V87/><F87/><W10/><G45/><N who="0" m="28143" /><D41/><U83/><E109/><V126/><F126/><W30/><G30/><T135/><D42/><U36/><E36/><V130/><F130/><W114/><G114/><T16/><D16/><U90/><E79/><V104/><F112/><W6/><G113/><T128/><D128/><U91/><E50/><V63/><F104/><W125/><G125/><T35/><D35/><U92/><E92/><V77/><F77/><W75/><G75/><T3/><D62/><N who="2" m="23562" /><F71/><W49/><G44/><T24/><D24/><U73/><E73/><V93/><F106/><W2/><G46/><T120/><D120/><U84/><E76/><RYUUKYOKU ba="0,0" sc="250,15,230,-15,270,15,250,-15" hai0="3,5,11,64,65,94,97,100,132,135" hai2="8,9,26,31,32,93,102" /><INIT seed="2,1,0,4,5,30" ten="265,215,285,235" oya="2" hai0="11,112,7,131,39,114,42,14,128,66,130,37,33" hai1="119,94,31,55,89,54,104,50,127,56,109,24,120" hai2="36,22,64,15,84,69,52,116,45,122,38,113,65" hai3="118,5,26,101,18,124,48,121,125,73,53,74,105"/><V134/><F113/><N who="0" m="43626" /><D66/><U135/><E104/><V88/><F116/><W46/><G118/><T10/><D42/><U107/><E107/><V72/><F72/><W106/><G121/><T61/><D61/><U9/><E119/><V63/><F122/><W19/><G5/><N who="0" m="3407" /><D33/><U95/><E120/><V111/><F134/><W86/><G105/><T71/><D71/><U57/><E135/><V99/><F111/><W70/><G70/><T41/><D41/><U77/><E127/><N who="3" m="48714" /><G86/><T8/><D8/><U85/><E109/><V82/><F99/><N who="3" m="61759" /><G26/><T29/><D29/><U58/><E9/><V16/><REACH who="2" step="1"/><F65/><REACH who="2" ten="265,215,275,235" step="2"/><W27/><G73/><T4/><D4/><U75/><E75/><V133/><F133/><W32/><G74/><T34/><D34/><U3/><E85/><V49/><AGARI ba="1,1" hai="15,16,22,36,38,45,49,52,63,64,69,82,84,88" machi="49" ten="30,18000,2" yaku="1,1,0,1,54,3,53,1" doraHai="30" doraHaiUra="67" who="2" fromWho="2" sc="265,-61,215,-61,275,193,235,-61" /><INIT seed="2,2,0,5,1,35" ten="204,154,468,174" oya="2" hai0="123,56,7,25,85,130,59,10,60,115,135,98,109" hai1="66,36,94,93,16,34,22,6,134,95,45,67,100" hai2="31,70,113,73,84,46,27,89,63,82,18,21,62" hai3="57,50,3,65,110,52,111,39,117,43,23,33,55"/><V104/><F113/><W0/><G33/><T5/><D115/><U91/><E34/><V14/><F104/><W97/><G117/><T54/><D123/><U87/><E134/><V1/><F1/><W107/><G65/><N who="1" m="24586" /><E36/><V41/><F73/><W20/><G39/><T120/><D120/><U92/><E45/><V51/><REACH who="2" step="1"/><F70/><REACH who="2" ten="204,154,458,174" step="2"/><W48/><G107/><T119/><D135/><U53/><E6/><V108/><F108/><W106/><G111/><T78/><D109/><U112/><E112/><V40/><F40/><W19/><G110/><T102/><D5/><U77/><E53/><V105/><F105/><W12/><G43/><T127/><D7/><U121/><E121/><V4/><F4/><W86/><G0/><T133/><D54/><U37/><E37/><V129/><F129/><W58/><G3/><T24/><D130/><U44/><E44/><V2/><F2/><W116/><G116/><T124/><D119/><U42/><E42/><V75/><F75/><W118/><G118/><T28/><D133/><U13/><E77/><V72/><F72/><W29/><G106/><T15/><D78/><U38/><E38/><V96/><F96/><AGARI ba="2,1" hai="13,16,22,87,91,92,93,94,95,96,100" m="24586" machi="96" ten="30,2000,0" yaku="8,1,54,1" doraHai="35" who="1" fromWho="2" sc="204,0,154,36,458,-26,174,0" /><INIT seed="3,0,0,5,0,131" ten="204,190,432,174" oya="3" hai0="101,132,6,106,115,57,127,33,80,31,76,19,82" hai1="27,47,112,11,90,111,32,96,89,62,48,22,94" hai2="10,66,70,20,121,67,49,108,110,123,125,100,52" hai3="2,117,30,26,120,34,119,61,9,130,3,18,39"/><W73/><G39/><T5/><D132/><U8/><E32/><V79/><F125/><W68/><G73/><T102/><D127/><U72/><E72/><V74/><F100/><N who="0" m="38506" /><D33/><U59/><E90/><V134/><F134/><W63/><G68/><T53/><D106/><U55/><E111/><N who="2" m="42539" /><F10/><W28/><G61/><N who="0" m="36015" /><D115/><U84/><E84/><V43/><F43/><W128/><G63/><T133/><D31/><N who="1" m="17911" /><E112/><V46/><F20/><W114/><G30/><T37/><D37/><U65/><AGARI ba="0,0" hai="8,11,47,48,55,59,62,65,89,94,96" m="17911" machi="65" ten="30,1100,0" yaku="8,1" doraHai="131" who="1" fromWho="1" sc="204,-3,190,11,432,-3,174,-5" owari="201,0.1,201,-19.9,429,52.9,169,-33.1" /></mjloggm>