<mjloggm ver="2.3"><GO type="225" lobby="0"/><UN n0="%E5%B0%8F%E9%B3%A5%E9%81%8A%E7%B7%B4%E7%84%A1%32%31%E6%AD%B3" n1="%E3%81%AF%E3%82%88%E3%81%8A%E3%81%98%E3%81%95%E3%82%93" n2="%E5%AD%90%E4%BE%9B%E4%BC%9A%E5%93%A1" n3="%72%69%6F%75%63%68%61%6E" dan="16,17,17,16" rate="2207.17,2131.24,2111.12,2165.86" sx="F,M,M,M"/><TAIKYOKU oya="0"/><INIT seed="0,0,0,1,3,62" ten="250,250,250,250" oya="0" hai0="20,17,25,76,85,77,56,65,73,125,8,35,23" hai1="110,47,102,32,120,57,98,49,105,116,131,19,129" hai2="117,16,95,53,38,63,121,126,123,89,29,101,42" hai3="54,9,36,69,108,84,26,40,113,28,97,100,80"/><T114/><D114/><U74/><E116/><V44/><F126/><W82/><G108/><T37/><D37/><U13/><E120/><V5/><F117/><W106/><G113/><T58/><D73/><U48/><E110/><V70/><F5/><W71/><G80/><T133/><D133/><U127/><E127/><V60/><F29/><W81/><G81/><T0/><D35/><U67/><E32/><V52/><F101/><W22/><G54/><T109/><D125/><U128/><E74/><V68/><F16/><W115/><G115/><T64/><D85/><U18/><E18/><V30/><F30/><W2/><G40/><T88/><D109/><U112/><E112/><V99/><F63/><W27/><G36/><T135/><D135/><U83/><E83/><V39/><F39/><W122/><G122/><T61/><D0/><U59/><E67/><N who="0" m="25673" /><D8/><N who="1" m="6567" /><E49/><V11/><F11/><W91/><G9/><T50/><D88/><U78/><E78/><N who="0" m="30313" /><D61/><U75/><E75/><V10/><F10/><W31/><REACH who="3" step="1"/><G2/><REACH who="3" ten="250,250,250,240" step="2"/><T45/><D23/><AGARI ba="0,1" hai="22,23,26,27,28,31,69,71,82,84,91,97,100,106" machi="23" ten="30,7700,0" yaku="1,1,2,1,7,1,9,1,53,0" doraHai="62" doraHaiUra="107" who="3" fromWho="0" sc="250,-77,250,0,250,0,240,87" /><INIT seed="1,0,0,4,1,32" ten="173,250,250,327" oya="1" hai0="95,34,51,110,93,68,97,57,119,13,124,3,78" hai1="47,15,123,67,111,11,41,33,14,66,65,73,121" hai2="40,100,71,88,53,87,25,62,135,126,129,1,89" hai3="39,26,63,18,35,16,85,17,38,59,60,117,48"/><U37/><E73/><V27/><F129/><W101/><G117/><T86/><D119/><U42/><E33/><V118/><F118/><W108/><G108/><T10/><D34/><U6/><E111/><V43/><F126/><W72/><G72/><T114/><D68/><U115/><E115/><V92/><F135/><W127/><G127/><T9/><D114/><U8/><REACH who="1" step="1"/><E42/><REACH who="1" ten="173,240,250,327" step="2"/><V30/><F40/><W125/><G125/><T23/><D110/><U106/><E106/><V49/><F43/><W44/><G35/><T134/><D124/><U46/><E46/><V96/><F30/><W0/><G44/><T24/><D134/><U58/><E58/><V120/><F120/><W70/><G59/><T76/><D57/><U64/><N who="1" m="16384" /><DORA hai="84" /><U31/><E31/><V55/><F71/><W112/><G70/><T28/><D28/><U82/><E82/><V75/><F75/><W22/><G112/><T130/><D95/><U12/><E12/><V105/><F92/><W4/><G26/><T104/><D13/><U131/><E131/><V29/><F105/><W91/><G38/><T99/><D24/><U50/><E50/><V52/><F49/><W19/><G48/><T2/><D93/><U36/><E36/><V132/><F29/><W102/><G39/><T5/><D104/><U113/><E113/><V74/><F27/><W107/><G107/><T90/><D130/><U61/><E61/><V56/><F62/><W77/><G60/><T45/><D51/><U122/><E122/><V69/><F25/><W83/><N who="3" m="4096" /><DORA hai="81" /><W98/><G63/><T109/><D109/><RYUUKYOKU ba="0,1" sc="173,-10,240,30,250,-10,327,-10" hai1="6,8,11,14,15,37,41,47,121,123" /><INIT seed="1,1,1,0,3,124" ten="163,270,240,317" oya="1" hai0="65,73,61,54,130,75,81,22,25,48,19,47,0" hai1="38,120,132,95,119,51,6,93,52,111,21,7,74" hai2="23,109,33,82,45,14,16,83,18,108,39,29,94" hai3="98,41,2,69,43,46,68,90,10,26,40,107,101"/><U24/><E120/><V70/><F70/><W50/><G26/><T30/><D0/><U71/><E119/><V99/><F33/><W129/><G129/><T103/><D130/><U44/><E74/><V88/><F29/><W85/><G2/><T102/><D19/><U60/><E38/><V12/><F45/><W59/><G10/><T11/><D11/><U1/><E132/><V20/><REACH who="2" step="1"/><F39/><REACH who="2" ten="163,270,230,317" step="2"/><W13/><G59/><T66/><D66/><U28/><E111/><AGARI ba="1,2" hai="12,14,16,18,20,23,82,83,88,94,99,108,109,111" machi="111" ten="40,12000,2" yaku="1,1,2,1,9,1,14,1,54,2,53,1" doraHai="124" doraHaiUra="91" who="2" fromWho="1" sc="163,0,270,-123,230,143,317,0" /><INIT seed="2,0,0,3,5,12" ten="163,147,373,317" oya="2" hai0="126,32,56,41,78,44,117,4,69,131,39,27,59" hai1="36,127,81,104,83,23,119,19,17,11,33,133,58" hai2="98,105,128,62,101,116,94,82,112,18,38,52,118" hai3="111,6,45,106,60,47,93,26,135,99,7,90,3"/><V28/><F112/><W102/><G111/><T13/><D69/><U72/><E119/><V37/><F128/><W30/><G135/><T34/><D131/><U71/><E71/><V132/><F132/><W109/><G109/><T68/><D68/><U87/><E33/><V49/><F28/><W100/><G60/><T53/><D126/><U43/><E133/><V51/><F118/><W108/><G108/><T74/><D117/><U92/><E104/><V35/><F116/><W95/><G106/><T48/><D59/><U20/><E127/><V86/><F35/><W73/><G73/><T29/><D78/><U67/><E36/><V14/><F62/><W121/><G121/><T107/><D74/><U66/><E43/><V134/><F94/><W9/><G6/><T16/><D107/><U2/><E72/><V122/><F122/><W124/><G124/><T103/><D103/><U115/><E115/><V5/><F5/><W75/><G75/><T113/><D4/><U80/><E11/><V61/><F61/><W24/><G24/><T123/><D113/><U125/><E2/><V85/><F85/><W91/><G102/><T76/><D76/><U129/><E58/><V1/><F1/><W70/><G70/><T21/><REACH who="0" step="1"/><D123/><REACH who="0" ten="153,147,373,317" step="2"/><U46/><E125/><V54/><F134/><W88/><REACH who="3" step="1"/><G95/><REACH who="3" ten="153,147,373,307" step="2"/><T77/><D77/><N who="1" m="46479" /><E129/><V15/><F105/><W97/><G97/><T65/><D65/><U31/><E92/><V79/><F79/><W96/><G96/><T42/><D42/><U84/><E66/><V110/><F98/><W89/><N who="3" m="22528" /><DORA hai="130" /><W50/><G50/><RYUUKYOKU ba="0,2" sc="153,15,147,-15,373,-15,307,15" hai0="13,16,21,27,29,32,34,39,41,44,48,53,56" hai3="3,7,9,26,30,45,47,93,99,100" /><INIT seed="3,1,2,1,5,14" ten="168,132,358,322" oya="3" hai0="34,98,131,13,92,77,80,121,31,28,57,29,27" hai1="37,128,94,2,17,118,87,89,55,61,44,42,100" hai2="64,133,99,8,4,82,96,85,70,73,63,109,18" hai3="111,76,41,35,62,120,16,26,20,19,134,40,117"/><W106/><G117/><T66/><D121/><U48/><E128/><V130/><F130/><W59/><G120/><T74/><D131/><U1/><E118/><V51/><F73/><W49/><G134/><T93/><D93/><U53/><E100/><V90/><F109/><W3/><G3/><T107/><D107/><U50/><E61/><V72/><F133/><W15/><G106/><T124/><D124/><U47/><E17/><V91/><F72/><W60/><G111/><T36/><D36/><U38/><E38/><V135/><F135/><W7/><G7/><T11/><D57/><AGARI ba="1,2" hai="1,2,37,42,44,47,48,50,53,55,57,87,89,94" machi="57" ten="30,1000,0" yaku="7,1" doraHai="14" who="1" fromWho="0" sc="168,-13,132,33,358,0,322,0" owari="155,-34.5,165,-23.5,358,45.8,322,12.2" /></mjloggm>