<mjloggm ver="2.3"><GO type="225" lobby="0"/><UN n0="%E8%A8%88%E7%AE%97%E6%A9%9F%E8%87%AA%E7%84%B6" n1="%E3%81%AF%E3%82%88%E3%81%8A%E3%81%98%E3%81%95%E3%82%93" n2="%73%69%72%6F%75%74" n3="%6D%75%75%6D%75%72%61" dan="17,16,16,16" rate="2241.28,2195.74,2140.11,2146.72" sx="M,M,M,F"/><TAIKYOKU oya="0"/><INIT seed="0,0,0,0,2,132" ten="250,250,250,250" oya="0" hai0="113,92,5,99,43,16,85,121,47,135,84,69,87" hai1="31,74,8,41,64,55,24,94,56,127,81,63,100" hai2="23,59,80,123,120,109,33,28,107,72,130,106,3" hai3="102,90,75,12,95,14,2,53,66,77,117,50,0"/><T58/><D113/><U32/><E41/><V108/><F59/><W42/><G117/><T7/><D69/><U78/><E8/><V133/><F23/><W79/><G102/><T36/><D121/><N who="2" m="46666" /><F3/><W97/><G66/><T18/><D135/><U103/><E94/><V98/><F133/><W35/><G35/><T114/><D114/><U83/><E81/><V68/><F68/><W89/><G42/><T105/><D105/><N who="2" m="39946" /><F28/><W91/><G2/><T115/><D115/><U57/><E127/><V101/><F33/><W104/><G104/><T21/><D58/><U61/><AGARI ba="0,0" hai="24,31,32,55,56,57,61,63,64,74,78,83,100,103" machi="61" ten="20,1500,0" yaku="0,1,7,1" doraHai="132" who="1" fromWho="1" sc="250,-7,250,15,250,-4,250,-4" /><INIT seed="1,0,0,1,1,47" ten="243,265,246,246" oya="1" hai0="37,113,80,130,71,52,28,3,69,125,128,96,132" hai1="116,87,109,48,77,76,20,105,124,46,26,33,9" hai2="35,57,21,131,91,8,5,74,99,101,115,68,45" hai3="15,70,79,117,50,12,54,93,13,119,135,114,78"/><U126/><E116/><N who="3" m="44618" /><G114/><T89/><D113/><U31/><E105/><V41/><F68/><W10/><G70/><T22/><D37/><U121/><E121/><V18/><F35/><W29/><G135/><T51/><D3/><U73/><E73/><V56/><F131/><N who="0" m="50218" /><D125/><N who="1" m="48235" /><E109/><V36/><F74/><W92/><G29/><T14/><D132/><U106/><E106/><V107/><F91/><W129/><G10/><T102/><D89/><U24/><E87/><V61/><F115/><W72/><G129/><T82/><D69/><U65/><E65/><V53/><F57/><N who="3" m="32983" /><G72/><T25/><D14/><U23/><E9/><V66/><F8/><W95/><AGARI ba="0,0" hai="12,13,15,78,79,92,93,95" m="32983,44618" machi="95" ten="40,2700,0" yaku="12,1,52,1" doraHai="47" who="3" fromWho="3" sc="243,-7,265,-13,246,-7,246,27" /><INIT seed="2,0,0,5,3,79" ten="236,252,239,273" oya="2" hai0="76,88,87,45,69,12,125,3,81,98,50,108,74" hai1="95,51,86,110,9,58,124,14,5,19,10,33,39" hai2="100,128,13,26,64,103,40,129,113,23,85,8,32" hai3="17,25,84,127,96,130,135,11,114,7,97,72,107"/><V112/><F40/><W75/><G127/><T131/><D3/><U92/><E39/><V104/><F64/><W99/><G130/><N who="2" m="50281" /><F104/><W2/><G107/><T101/><D131/><U54/><E124/><V4/><F85/><W56/><G135/><T20/><D125/><U57/><E110/><V132/><F103/><W21/><G114/><N who="2" m="44137" /><F100/><W62/><REACH who="3" step="1"/><G84/><REACH who="3" ten="236,252,239,263" step="2"/><T115/><D115/><U106/><E86/><V59/><F59/><W49/><G49/><T60/><D50/><U22/><E106/><V123/><F132/><W24/><G24/><T6/><D87/><U94/><E57/><V126/><F126/><W52/><AGARI ba="0,1" hai="2,7,11,17,21,25,52,56,62,72,75,96,97,99" machi="52" ten="30,4000,0" yaku="1,1,0,1,54,1,53,0" doraHai="79" doraHaiUra="36" who="3" fromWho="3" sc="236,-10,252,-10,239,-20,263,50" /><INIT seed="3,0,0,5,4,117" ten="226,242,219,313" oya="3" hai0="122,133,106,73,113,123,47,119,30,27,109,45,65" hai1="121,126,54,2,16,76,69,90,118,66,79,14,85" hai2="74,68,104,99,103,37,5,130,59,100,48,44,7" hai3="70,9,95,108,110,24,51,89,96,64,40,77,116"/><W132/><G116/><T102/><D119/><U17/><E121/><N who="0" m="46089" /><D73/><U6/><E118/><V127/><F68/><W53/><G77/><N who="1" m="29770" /><E69/><V8/><F74/><W15/><G132/><T43/><D65/><U42/><E2/><V36/><F7/><W33/><G40/><T39/><D45/><U41/><E126/><V131/><F100/><W57/><G70/><T129/><D133/><U83/><E66/><V81/><F81/><W28/><REACH who="3" step="1"/><G64/><REACH who="3" ten="226,242,219,303" step="2"/><T46/><D43/><U125/><E42/><V91/><F127/><W124/><G124/><T19/><D113/><U75/><E41/><N who="2" m="24591" /><F91/><W107/><G107/><T31/><D106/><U12/><E90/><V32/><F59/><W56/><G56/><T97/><D46/><U18/><E125/><V21/><F32/><W52/><G52/><T49/><D47/><U25/><E54/><V26/><F37/><W11/><G11/><T63/><D39/><U111/><E75/><V38/><F36/><W62/><G62/><T23/><D63/><U22/><E111/><V114/><F114/><W120/><G120/><T13/><D109/><U93/><E22/><V80/><F38/><W78/><G78/><T84/><D49/><U61/><E61/><V67/><F67/><W34/><G34/><T86/><D129/><U0/><E0/><N who="2" m="39" /><F80/><W3/><G3/><T72/><D72/><U134/><E83/><V87/><F87/><N who="0" m="33322" /><D13/><U58/><E58/><V35/><F35/><W4/><AGARI ba="0,1" hai="4,9,15,24,28,33,51,53,57,89,95,96,108,110" machi="4" ten="30,6000,0" yaku="1,1,0,1,53,1" doraHai="117" doraHaiUra="29" who="3" fromWho="3" sc="226,-20,242,-20,219,-20,303,70" owari="206,-19.4,222,2.2,199,-30.1,373,47.3" /></mjloggm>