<mjloggm ver="2.3"><GO type="225" lobby="0"/><UN n0="%E5%86%B7%E5%87%8D%E3%82%AE%E3%83%A7%E3%83%BC%E3%82%B6" n1="%E3%83%A9%E3%83%BC%E3%83%A1%E3%83%B3%E4%BA%94%E9%83%8E" n2="%E3%81%82%E3%81%B9%E3%81%99%E3%81%91" n3="%E3%81%AF%E3%82%88%E3%81%8A%E3%81%98%E3%81%95%E3%82%93" dan="16,16,16,17" rate="2121.85,2054.93,2119.35,2203.27" sx="M,M,M,M"/><TAIKYOKU oya="0"/><INIT seed="0,0,0,2,2,135" ten="250,250,250,250" oya="0" hai0="75,124,34,22,104,128,132,93,74,29,79,96,4" hai1="46,56,129,85,16,87,130,12,105,66,53,9,58" hai2="69,55,18,71,84,63,121,47,118,13,80,6,65" hai3="88,57,81,123,68,39,26,115,28,134,98,42,10"/><T92/><D132/><U111/><E105/><V45/><F121/><W43/><G68/><T127/><D34/><U117/><E117/><V100/><F118/><W67/><G115/><T116/><D4/><U11/><E111/><V109/><F109/><W31/><G134/><T33/><D33/><U101/><E101/><V108/><F108/><W24/><G123/><T54/><D116/><U30/><E30/><N who="3" m="11306" /><G39/><T49/><D104/><U131/><E9/><V112/><F112/><W51/><G10/><T99/><D128/><U107/><E107/><V17/><F100/><W25/><G51/><T1/><D1/><U21/><E11/><V73/><F73/><N who="0" m="27658" /><D79/><U86/><REACH who="1" step="1"/><E66/><REACH who="1" ten="250,240,250,250" step="2"/><V97/><F65/><W0/><G0/><T78/><D29/><U94/><E94/><V76/><F6/><W23/><G23/><T125/><D22/><U126/><E126/><V32/><F32/><W52/><G67/><T64/><D64/><U119/><E119/><V120/><F120/><W103/><G103/><T48/><D93/><U27/><E27/><V122/><F122/><W72/><G24/><T36/><D92/><U2/><E2/><V61/><F71/><W114/><G25/><T15/><D15/><U5/><E5/><V14/><F69/><W19/><G26/><T59/><D127/><U8/><E8/><V44/><F14/><W50/><G114/><T38/><D125/><U95/><E95/><V90/><F13/><W70/><G70/><T37/><D124/><U60/><E60/><N who="2" m="23115" /><F55/><W133/><G133/><T40/><D54/><U91/><E91/><V113/><F113/><RYUUKYOKU ba="0,1" sc="250,-15,240,15,250,15,250,-15" hai1="12,16,21,46,53,56,58,85,86,87,129,130,131" hai2="17,18,44,45,47,76,80,84,90,97" /><INIT seed="1,1,1,1,4,24" ten="235,255,265,235" oya="1" hai0="43,41,99,130,32,28,118,59,15,10,3,106,51" hai1="6,53,74,92,66,128,1,46,70,35,72,83,49" hai2="47,94,14,16,31,7,62,65,44,110,114,36,50" hai3="25,105,48,84,67,38,29,87,133,45,95,68,19"/><U123/><E123/><V26/><F110/><W108/><G105/><T129/><D3/><U42/><E35/><V116/><F116/><W131/><G38/><T18/><D118/><U23/><E128/><N who="0" m="49257" /><D106/><U61/><E23/><N who="2" m="15839" /><F36/><W5/><G131/><T76/><D76/><U112/><E112/><V124/><F7/><W90/><G108/><T64/><D99/><U115/><E115/><V39/><F39/><W122/><G122/><T75/><D75/><U132/><E132/><V79/><F79/><W126/><G133/><T93/><D93/><U135/><E135/><V102/><F124/><W125/><G5/><T58/><D64/><U52/><E92/><V2/><F50/><W13/><G84/><T113/><D113/><U85/><E72/><V63/><F2/><W86/><G87/><T30/><D32/><U104/><E104/><V69/><F69/><W80/><G67/><T109/><D109/><U89/><REACH who="1" step="1"/><E74/><REACH who="1" ten="235,245,265,235" step="2"/><V57/><F114/><W107/><G95/><T111/><D111/><U0/><E0/><V55/><F94/><W101/><G107/><T81/><D81/><U91/><E91/><V96/><F102/><W60/><G101/><T71/><D10/><AGARI ba="1,2" hai="1,6,10,42,46,49,52,53,61,66,70,83,85,89" machi="10" ten="40,7700,0" yaku="1,1,54,1,53,1" doraHai="24" doraHaiUra="77" who="1" fromWho="0" sc="235,-80,245,100,265,0,235,0" /><INIT seed="1,2,0,2,0,131" ten="155,345,265,235" oya="1" hai0="101,90,113,57,68,22,18,27,73,87,106,107,84" hai1="133,46,7,70,75,65,31,10,66,28,117,97,134" hai2="40,125,76,48,94,88,130,36,15,25,37,72,21" hai3="61,45,124,17,67,41,26,103,100,3,58,102,20"/><U33/><E117/><V50/><F130/><W11/><G124/><T80/><D113/><U132/><E75/><V110/><F110/><W29/><G3/><T109/><D68/><U62/><E66/><V129/><F129/><W83/><G83/><T1/><D73/><U4/><E33/><V105/><F105/><W71/><G71/><T98/><D109/><U13/><E97/><V64/><F125/><W77/><G77/><T78/><D1/><N who="1" m="271" /><E46/><V121/><F121/><W42/><G45/><T39/><D39/><U122/><E122/><V108/><F108/><W96/><G96/><T112/><D112/><U9/><AGARI ba="2,0" hai="7,9,13,28,31,62,65,70,132,133,134" m="271" machi="9" ten="40,12000,1" yaku="20,1,52,3" doraHai="131" who="1" fromWho="1" sc="155,-42,345,126,265,-42,235,-42" /><INIT seed="1,3,0,3,0,63" ten="113,471,223,193" oya="1" hai0="20,104,37,54,6,13,109,28,29,95,71,82,60" hai1="47,135,79,132,96,74,69,90,32,94,25,56,67" hai2="64,76,125,121,105,1,80,48,50,112,66,19,131" hai3="14,111,16,17,106,31,97,11,78,2,119,41,62"/><U77/><E69/><V36/><F121/><W33/><G111/><T124/><D104/><U39/><E74/><V12/><F1/><W89/><G119/><T102/><D109/><U91/><E91/><V115/><F36/><W43/><G78/><T126/><D37/><U123/><E123/><V58/><F131/><W40/><G2/><T120/><D120/><U52/><E25/><V114/><F105/><W113/><G113/><T15/><D82/><U9/><E9/><N who="2" m="6543" /><F125/><N who="0" m="48234" /><D6/><U26/><E26/><V7/><F7/><W70/><G33/><T27/><D29/><U100/><E32/><V118/><F118/><W68/><G31/><T127/><N who="0" m="48242" /><T61/><DORA hai="10" /><D61/><N who="1" m="38311" /><E39/><V93/><F58/><W8/><G106/><T98/><D54/><U59/><E47/><V110/><F93/><N who="3" m="56495" /><G68/><T99/><D99/><U65/><E132/><V35/><F110/><W22/><G70/><T134/><D134/><U101/><E135/><V108/><F108/><W81/><G81/><T45/><D45/><U107/><E107/><V51/><F35/><W5/><G5/><T24/><D24/><U57/><E101/><V133/><F133/><W75/><G62/><T34/><D34/><U103/><E103/><V87/><AGARI ba="3,0" hai="48,50,51,64,66,76,80,87,112,114,115" m="6543" machi="87" ten="40,8000,1" yaku="11,1,52,3" doraHai="63,10" who="2" fromWho="2" sc="113,-23,471,-43,223,89,193,-23" /><INIT seed="2,0,0,2,0,79" ten="90,428,312,170" oya="2" hai0="41,72,23,78,118,18,76,95,19,15,131,26,52" hai1="30,94,81,61,44,71,110,111,51,91,48,82,0" hai2="100,85,21,104,103,22,123,121,132,84,59,67,135" hai3="108,88,46,45,87,92,56,25,134,12,89,20,37"/><V101/><F104/><W17/><G108/><N who="1" m="41514" /><E0/><V133/><F67/><W124/><G124/><T83/><D131/><U55/><E30/><V130/><F59/><W8/><G134/><T117/><D41/><N who="1" m="24591" /><E61/><V65/><F65/><W33/><G33/><T60/><D78/><U50/><E71/><V35/><F35/><W38/><G38/><T27/><D95/><U116/><E116/><V4/><F4/><W115/><G115/><T112/><D112/><U93/><E50/><V66/><F66/><W28/><G37/><T29/><D26/><U90/><E94/><V69/><F69/><W58/><G89/><N who="1" m="33802" /><E93/><V68/><F68/><W2/><G2/><T122/><D122/><N who="2" m="46602" /><F130/><W43/><G43/><T98/><D98/><U113/><E113/><V57/><F57/><AGARI ba="0,0" hai="8,12,17,20,25,28,45,46,56,57,58,87,88,92" machi="57" ten="40,2600,0" yaku="8,1,54,1" doraHai="79" who="3" fromWho="2" sc="90,0,428,0,312,-26,170,26" /><AGARI ba="0,0" hai="51,55,57,81,82" m="33802,24591,41514" machi="57" ten="30,3900,0" yaku="14,1,52,2" doraHai="79" who="1" fromWho="2" sc="90,0,428,39,286,-39,196,0" /><INIT seed="3,0,0,0,2,49" ten="90,467,247,196" oya="3" hai0="100,117,39,67,21,62,88,85,105,127,132,78,81" hai1="6,22,130,113,8,95,104,65,17,61,11,83,44" hai2="64,116,50,32,28,115,63,120,121,7,89,42,106" hai3="77,35,23,57,34,112,56,66,87,10,14,70,69"/><W97/><G112/><T52/><D39/><U98/><E104/><V25/><F116/><W2/><G2/><T51/><D117/><U41/><E130/><V53/><F115/><W135/><G135/><T38/><D38/><U111/><E83/><V129/><F129/><W33/><G23/><T90/><D127/><U40/><E111/><V79/><F106/><W109/><G109/><T114/><D132/><U54/><E6/><V47/><F7/><W94/><G87/><T125/><D125/><U128/><E128/><V124/><F89/><W73/><G77/><T45/><D114/><U80/><E80/><V134/><F79/><W13/><G73/><T29/><D105/><U131/><E65/><V3/><F3/><W123/><G123/><N who="2" m="47177" /><F124/><W15/><G10/><T31/><D100/><U71/><E17/><V16/><F16/><W103/><G66/><T4/><D4/><U101/><E54/><V19/><F19/><W27/><G27/><N who="0" m="16623" /><D31/><U68/><E61/><V102/><F102/><W9/><G9/><T119/><D119/><U84/><E44/><V96/><F96/><W36/><G36/><T133/><D133/><U82/><E82/><V24/><F134/><W5/><G5/><T37/><D37/><U74/><E84/><V12/><F25/><W72/><G72/><T55/><D67/><U60/><E22/><V30/><F30/><W20/><G20/><T58/><AGARI ba="0,0" hai="45,51,52,55,58,62,78,81,85,88,90" m="16623" machi="58" ten="30,8000,1" yaku="8,1,52,2,54,2" doraHai="49" who="0" fromWho="0" sc="90,80,467,-20,247,-20,196,-40" owari="170,-23.0,447,54.7,227,2.7,156,-34.4" /></mjloggm>