<mjloggm ver="2.3"><GO type="225" lobby="0"/><UN n0="%E3%81%A1%E3%82%85%E3%81%86%E3%81%A9%E3%81%8F%E8%B1%A1%E3%81%95%E3%82%93" n1="%45%6C%79%73%69%75%6D" n2="%E3%81%82%E3%81%84%E3%81%82%E3%81%8A%E3%81%84" n3="%33%74%72%65%65" dan="17,18,18,17" rate="2202.08,2142.79,2220.18,2215.71" sx="M,F,M,F"/><TAIKYOKU oya="0"/><INIT seed="0,0,0,4,3,4" ten="250,250,250,250" oya="0" hai0="61,87,132,126,79,128,85,50,120,33,133,81,78" hai1="114,88,6,93,124,123,7,52,18,10,127,76,91" hai2="70,107,73,66,5,25,43,54,31,2,115,44,130" hai3="83,42,96,45,98,131,23,51,99,89,90,15,65"/><T95/><D120/><U17/><E123/><V112/><F107/><W30/><G131/><T117/><D117/><U19/><E76/><V119/><F73/><W56/><G83/><N who="0" m="47351" /><D33/><U41/><E41/><V72/><F72/><W39/><G39/><T108/><D128/><U69/><E69/><V49/><F130/><W82/><G82/><T29/><D29/><U38/><E38/><V11/><F119/><W1/><G1/><T116/><D116/><U63/><E114/><V71/><F54/><W121/><G121/><T28/><D28/><U12/><E6/><V24/><F24/><N who="3" m="16671" /><G15/><T57/><D50/><U22/><E22/><V48/><F48/><W106/><G106/><T94/><D126/><N who="1" m="48171" /><E93/><V9/><F9/><W113/><G113/><T74/><D108/><U75/><E75/><V110/><F110/><W86/><G42/><T21/><D21/><U102/><E102/><V27/><F27/><W118/><G118/><T40/><D40/><U35/><E35/><V16/><F31/><W77/><G51/><T59/><D74/><U64/><E64/><V104/><F104/><W26/><G65/><N who="0" m="39087" /><D59/><AGARI ba="0,0" hai="7,10,12,17,18,19,52,59,63,88,91" m="48171" machi="59" ten="30,7700,0" yaku="18,1,52,1,54,2" doraHai="4" who="1" fromWho="0" sc="250,-77,250,77,250,0,250,0" /><INIT seed="1,0,0,4,3,100" ten="173,327,250,250" oya="1" hai0="0,43,67,125,17,66,119,103,70,122,61,79,1" hai1="87,129,110,50,82,68,105,53,57,10,112,107,73" hai2="76,18,22,106,93,12,65,3,92,38,121,21,14" hai3="26,91,59,24,4,13,113,42,56,60,124,94,96"/><U48/><E112/><V128/><F121/><W30/><G113/><T16/><D119/><U101/><E68/><V25/><F3/><W55/><G124/><T5/><D125/><U114/><E114/><V51/><F38/><W31/><G42/><T83/><D122/><U37/><E37/><V6/><F128/><W86/><G4/><T109/><D109/><U99/><E73/><V19/><F106/><W58/><G13/><T134/><D134/><U88/><E129/><V15/><F76/><W77/><G77/><T133/><D133/><U49/><E110/><V52/><F65/><W62/><G96/><T116/><D116/><U11/><REACH who="1" step="1"/><E105/><REACH who="1" ten="173,317,250,250" step="2"/><V126/><F126/><W81/><G94/><N who="2" m="36457" /><F6/><W123/><G123/><T80/><D70/><U9/><AGARI ba="0,1" hai="9,10,11,48,49,50,53,57,82,87,88,99,101,107" machi="9" ten="30,11700,0" yaku="1,1,0,1,52,1,54,1,53,0" doraHai="100" doraHaiUra="41" who="1" fromWho="1" sc="173,-39,317,127,250,-39,250,-39" /><INIT seed="1,1,0,4,2,35" ten="134,444,211,211" oya="1" hai0="125,124,127,20,28,106,41,9,108,132,8,89,61" hai1="98,80,81,119,47,97,14,52,90,63,101,113,66" hai2="56,57,27,84,78,26,133,73,109,74,111,60,25" hai3="1,104,88,85,23,100,112,46,48,45,5,31,79"/><U53/><E113/><V16/><F133/><W87/><G112/><T107/><D41/><U83/><E119/><V50/><F50/><W58/><G104/><T2/><D132/><U114/><E114/><V65/><F57/><W117/><G117/><T39/><D39/><U7/><E90/><V120/><F120/><W126/><G126/><N who="0" m="32259" /><T24/><DORA hai="135" /><D108/><N who="2" m="41546" /><F16/><W130/><G130/><T128/><D128/><U105/><E97/><V18/><F18/><W54/><G100/><T36/><D36/><U122/><E47/><V70/><F70/><W64/><G64/><T103/><D61/><U37/><E37/><V33/><F33/><W12/><G79/><T77/><D77/><U51/><E51/><V34/><F34/><W67/><G67/><T121/><D121/><U102/><E102/><V59/><F56/><W0/><G58/><T129/><D129/><U82/><E101/><V115/><F115/><W62/><G62/><T86/><D103/><U76/><E76/><V29/><F29/><W13/><G31/><T43/><D43/><U72/><E63/><V95/><F78/><W110/><G110/><T4/><D8/><U22/><E122/><V49/><F49/><W42/><G48/><T93/><AGARI ba="1,0" hai="2,4,9,20,24,28,86,89,93,106,107" m="32259" machi="93" ten="40,12000,2" yaku="18,1,52,5" doraHai="35,135" who="0" fromWho="0" sc="134,123,444,-61,211,-31,211,-31" /><INIT seed="2,0,0,2,0,110" ten="257,383,180,180" oya="2" hai0="66,57,129,108,84,30,102,56,68,73,42,43,16" hai1="97,62,122,55,29,39,65,40,131,6,128,72,89" hai2="92,52,116,69,120,98,123,11,127,105,63,0,79" hai3="83,74,86,12,41,130,114,96,5,7,26,88,135"/><V48/><F116/><W101/><G130/><T9/><D73/><U93/><E72/><V106/><F127/><W32/><G135/><T82/><D129/><U31/><E122/><V132/><F79/><W13/><G74/><T125/><D125/><U58/><E6/><N who="3" m="2058" /><G32/><T80/><D30/><U10/><E10/><V37/><F37/><W118/><G118/><T77/><D68/><U8/><E8/><V85/><F132/><W60/><G41/><N who="0" m="15371" /><D108/><U1/><E1/><V104/><F0/><W76/><G101/><T38/><D38/><U103/><E40/><V90/><F11/><W75/><G75/><T33/><D33/><U35/><E35/><V64/><REACH who="2" step="1"/><F85/><REACH who="2" ten="257,383,170,180" step="2"/><W134/><G134/><T107/><D84/><U70/><E39/><V45/><AGARI ba="0,1" hai="45,48,52,63,64,69,90,92,98,104,105,106,120,123" machi="45" ten="30,11700,0" yaku="1,1,2,1,0,1,54,1,53,0" doraHai="110" doraHaiUra="4" who="2" fromWho="2" sc="257,-39,383,-39,170,127,180,-39" /><INIT seed="2,1,0,5,3,70" ten="218,344,297,141" oya="2" hai0="119,13,56,48,83,8,12,4,97,108,129,96,134" hai1="102,81,0,57,38,122,109,34,123,130,39,135,64" hai2="118,9,11,112,33,63,50,82,43,103,3,60,113" hai3="6,36,77,84,86,7,107,31,71,92,80,111,37"/><V1/><F33/><W78/><G107/><T25/><D108/><U115/><E0/><V26/><F118/><W53/><G71/><T16/><D119/><U72/><E34/><V19/><F103/><W100/><G111/><T87/><D134/><U32/><E32/><V46/><F82/><W90/><G31/><T88/><D25/><U120/><E115/><V121/><F121/><W126/><G126/><T49/><D129/><U106/><E109/><V10/><F26/><W66/><G66/><T52/><REACH who="0" step="1"/><D49/><REACH who="0" ten="208,344,297,141" step="2"/><U23/><E130/><V104/><F50/><W41/><G100/><T5/><D5/><U127/><E135/><V89/><F112/><W61/><G77/><T116/><D116/><U125/><E102/><V54/><F113/><W14/><G14/><T27/><D27/><U105/><E125/><V93/><F1/><W47/><REACH who="3" step="1"/><G36/><REACH who="3" ten="208,344,297,131" step="2"/><T22/><AGARI ba="1,2" hai="4,8,12,13,16,22,48,52,56,83,87,88,96,97" machi="22" ten="20,16000,3" yaku="1,1,0,1,7,1,8,1,54,3,53,1" doraHai="70" doraHaiUra="17" who="0" fromWho="0" sc="208,183,344,-41,297,-81,131,-41" /><INIT seed="3,0,0,1,3,44" ten="391,303,216,90" oya="3" hai0="14,59,4,13,87,115,86,12,119,80,49,29,9" hai1="108,47,43,50,1,71,63,130,84,45,114,19,52" hai2="99,6,103,11,22,93,39,94,8,62,21,131,27" hai3="134,117,51,106,2,54,10,116,64,89,26,15,75"/><W90/><G134/><T40/><D119/><U36/><E114/><V85/><F39/><W107/><G75/><T77/><D115/><U66/><E1/><V67/><F131/><W126/><G126/><T81/><D29/><U118/><E130/><V111/><F111/><W76/><G76/><N who="0" m="46343" /><D40/><U92/><E108/><V95/><F85/><W7/><G117/><T56/><D56/><U61/><E118/><V100/><F100/><W124/><G124/><T55/><AGARI ba="0,0" hai="4,9,12,13,14,49,55,59,77,81,87" m="46343" machi="55" ten="30,2000,0" yaku="8,1,52,1" doraHai="44" who="0" fromWho="0" sc="391,20,303,-5,216,-5,90,-10" owari="411,51.1,298,9.8,211,-18.9,80,-42.0" /></mjloggm>