<mjloggm ver="2.3"><GO type="225" lobby="0"/><UN n0="%6D%75%75%6D%75%72%61" n1="%4E%49%4A%49%49%52%4F" n2="%E3%82%B7%E3%83%B3%E5%A4%AA%E6%9C%97" n3="%E9%B3%B3%E6%9D%B1%E3%81%AE%E3%81%86%E3%81%95%E3%81%8E%E3%81%95%E3%82%93" dan="16,16,16,16" rate="2102.99,2190.76,2156.18,2106.10" sx="F,M,M,M"/><TAIKYOKU oya="0"/><INIT seed="0,0,0,3,3,100" ten="250,250,250,250" oya="0" hai0="19,120,61,47,39,52,124,66,84,86,32,77,34" hai1="76,127,56,0,95,123,46,92,69,70,8,83,68" hai2="103,85,110,134,114,5,81,108,2,59,132,58,55" hai3="25,7,90,17,41,87,94,79,45,112,125,40,78"/><T122/><D124/><U50/><E123/><V26/><F114/><W126/><G112/><T13/><D39/><U57/><E127/><N who="3" m="48650" /><G7/><T60/><D34/><U91/><E0/><V44/><F103/><W121/><G121/><T24/><D32/><U27/><E8/><N who="2" m="2103" /><F26/><W105/><G105/><T64/><D24/><U38/><E38/><V18/><F18/><W119/><G119/><T16/><D77/><N who="3" m="29193" /><G45/><T75/><D47/><U117/><E27/><V3/><F3/><W20/><AGARI ba="0,0" hai="17,20,25,40,41,87,90,94" m="29193,48650" machi="20" ten="30,1100,0" yaku="18,1" doraHai="100" who="3" fromWho="3" sc="250,-5,250,-3,250,-3,250,11" /><INIT seed="1,0,0,4,0,64" ten="245,247,247,261" oya="1" hai0="86,59,27,19,24,69,38,82,100,42,108,89,51" hai1="103,56,67,124,129,61,3,29,44,30,48,9,46" hai2="97,26,96,73,20,76,0,14,62,104,121,35,72" hai3="41,128,12,40,118,17,125,106,37,134,120,90,2"/><U8/><E124/><V16/><F0/><W113/><RYUUKYOKU type="yao9" ba="0,0" sc="245,0,247,0,247,0,261,0" hai3="2,12,17,37,40,41,90,106,113,118,120,125,128,134" /><INIT seed="1,1,0,0,5,132" ten="245,247,247,261" oya="1" hai0="37,0,83,22,124,128,75,81,34,29,90,102,30" hai1="130,14,71,54,107,25,94,64,77,24,114,9,62" hai2="16,58,5,68,36,8,53,18,60,117,44,51,38" hai3="73,45,129,134,6,57,135,63,103,93,95,2,109"/><U85/><E114/><V125/><F117/><W35/><G35/><T78/><D34/><U31/><E130/><V26/><F68/><W86/><G73/><T127/><D128/><U27/><E107/><V65/><F125/><N who="0" m="48202" /><D37/><U41/><E41/><V1/><REACH who="2" step="1"/><F26/><REACH who="2" ten="245,247,237,261" step="2"/><W56/><G129/><T43/><D29/><U122/><E31/><V88/><F88/><W115/><G135/><T40/><D102/><U80/><E122/><V32/><F32/><W17/><G103/><T19/><D30/><U3/><E27/><V116/><F116/><W4/><G134/><T15/><D0/><U13/><E25/><V23/><F23/><W72/><G2/><T46/><D46/><U113/><E24/><V28/><F28/><W39/><G45/><T79/><D90/><U87/><E3/><V112/><F112/><W50/><G115/><T91/><D91/><U10/><E113/><V120/><F120/><W100/><G100/><T96/><D96/><U7/><E13/><V33/><F33/><W89/><G89/><T66/><D66/><U76/><E14/><V20/><F20/><W21/><G21/><T69/><D69/><U111/><E64/><V123/><F123/><W59/><G109/><T61/><D61/><U42/><E62/><V121/><F121/><W99/><G63/><T55/><D55/><U118/><E54/><V101/><F101/><W52/><G99/><T67/><D67/><U131/><E111/><V110/><F110/><W119/><G52/><T70/><D70/><U98/><E131/><V47/><F47/><W108/><G108/><T106/><D106/><RYUUKYOKU ba="1,1" sc="245,15,247,-15,237,15,261,-15" hai0="15,19,22,40,43,75,78,79,81,83" hai2="1,5,8,16,18,36,38,44,51,53,58,60,65" /><INIT seed="2,2,1,0,5,98" ten="260,232,252,246" oya="2" hai0="127,71,72,111,67,39,57,12,18,56,110,46,88" hai1="82,93,121,128,5,58,91,112,30,124,53,31,109" hai2="49,1,117,10,66,43,65,75,7,6,44,63,74" hai3="4,29,2,32,34,15,104,107,73,130,51,38,118"/><V36/><F117/><W95/><G118/><T52/><D72/><U24/><E112/><V27/><F7/><W13/><G38/><T26/><D26/><U37/><E109/><N who="0" m="41481" /><D127/><U79/><E124/><V76/><F66/><W126/><G95/><T78/><D78/><U113/><E37/><V90/><F76/><W22/><G51/><N who="0" m="28791" /><D39/><U97/><E128/><V20/><F90/><W45/><G107/><T60/><D88/><U8/><E121/><V35/><F49/><W42/><G34/><T116/><D116/><U23/><E113/><V9/><F9/><AGARI ba="2,1" hai="9,12,18,56,57,60,67,71" m="28791,41481" machi="9" ten="30,2000,0" yaku="14,1,54,1" doraHai="98" who="0" fromWho="2" sc="260,36,232,0,252,-26,246,0" /><INIT seed="3,0,0,1,1,85" ten="296,232,226,246" oya="3" hai0="93,4,21,8,105,98,23,82,119,65,102,20,41" hai1="114,0,83,9,128,56,68,40,133,46,19,35,120" hai2="54,113,36,7,94,71,13,60,117,73,109,132,112" hai3="31,107,50,44,129,96,126,67,125,64,127,121,103"/><W115/><G115/><T61/><D119/><U122/><E114/><V17/><F117/><W110/><G121/><T42/><D105/><U77/><E68/><V15/><F73/><W130/><G31/><T37/><D82/><U75/><E35/><V74/><F74/><W81/><G81/><T99/><D99/><U45/><E133/><V28/><F36/><W26/><G26/><T80/><D80/><U111/><E111/><V32/><F109/><W25/><G25/><T69/><REACH who="0" step="1"/><D37/><REACH who="0" ten="286,232,226,246" step="2"/><U39/><E39/><V52/><F132/><W76/><G110/><T12/><AGARI ba="0,1" hai="4,8,12,20,21,23,41,42,61,65,69,93,98,102" machi="12" ten="30,4000,0" yaku="1,1,2,1,0,1,53,0" doraHai="85" doraHaiUra="14" who="0" fromWho="0" sc="286,50,232,-10,226,-10,246,-20" owari="336,43.6,222,-17.8,216,-28.4,226,2.6" /></mjloggm>