<mjloggm ver="2.3"><GO type="225" lobby="0"/><UN n0="%E3%83%B4%E3%83%A0%EF%BC%99%E3%81%A6" n1="%E3%83%9E%E3%82%AB%E3%83%92%E3%82%AD" n2="%E3%81%A1%E3%82%85%E3%81%86%E3%81%A9%E3%81%8F%E8%B1%A1%E3%81%95%E3%82%93" n3="%E2%91%A3%E9%81%BF%E9%81%8A%E6%88%AF%E3%80%90%E6%9D%B1%E5%8D%97%E3%80%91" dan="17,16,17,16" rate="2154.54,2094.83,2206.69,2064.41" sx="M,M,M,M"/><TAIKYOKU oya="0"/><INIT seed="0,0,0,0,2,48" ten="250,250,250,250" oya="0" hai0="65,66,63,111,9,77,133,10,85,67,70,95,69" hai1="135,28,44,16,94,23,114,37,104,5,131,127,123" hai2="43,132,130,87,97,45,134,107,124,129,47,29,92" hai3="12,46,38,34,93,96,117,11,8,76,32,78,27"/><T73/><D73/><U112/><E104/><V81/><F29/><W119/><G11/><T0/><D133/><N who="2" m="51306" /><F107/><W21/><G34/><T2/><D111/><U24/><E123/><V89/><F43/><W61/><G32/><T103/><D77/><U26/><E135/><V106/><F106/><W83/><G76/><T36/><D36/><U50/><E37/><V99/><F45/><W14/><G14/><T33/><D33/><U25/><E127/><V17/><F17/><W52/><G38/><T113/><D113/><N who="1" m="43627" /><E131/><N who="2" m="50187" /><F47/><W1/><G1/><T20/><D20/><N who="1" m="15367" /><E5/><V68/><F68/><W82/><G78/><T31/><D31/><U39/><E94/><V58/><F58/><N who="3" m="35015" /><G46/><T4/><D69/><U86/><E86/><N who="2" m="52279" /><F124/><W108/><G108/><T121/><D121/><U128/><E39/><V57/><F57/><W125/><G125/><T88/><D103/><U6/><E6/><AGARI ba="0,0" hai="0,2,4,6,9,10,63,65,66,67,70,85,88,95" machi="6" ten="40,3900,0" yaku="9,1,54,1" doraHai="48" who="0" fromWho="1" sc="250,39,250,-39,250,0,250,0" /><INIT seed="0,1,0,5,0,101" ten="289,211,250,250" oya="0" hai0="115,32,72,112,102,122,26,132,21,128,86,14,79" hai1="85,30,126,130,97,58,82,15,0,1,124,47,40" hai2="127,33,88,125,108,3,92,95,52,9,60,11,35" hai3="38,44,55,83,48,53,24,4,73,89,109,6,107"/><T25/><D122/><U59/><E30/><V93/><F108/><W123/><G109/><T50/><D72/><U134/><E134/><V39/><F39/><W98/><G123/><T116/><D132/><U133/><E133/><V28/><F28/><W75/><G38/><T105/><D116/><U12/><E97/><V19/><F3/><N who="1" m="1097" /><E85/><V121/><F121/><W61/><G75/><T110/><D110/><U118/><E82/><V103/><F103/><W16/><G73/><T113/><D32/><N who="2" m="12362" /><F19/><W10/><G107/><T135/><D135/><U78/><E78/><V20/><F20/><N who="3" m="13319" /><G10/><N who="2" m="3593" /><F88/><W51/><G61/><T56/><D14/><N who="1" m="5163" /><E118/><V129/><F129/><W18/><G18/><T49/><D128/><U69/><E69/><V63/><F52/><N who="3" m="20043" /><G51/><T8/><D49/><U36/><E130/><V106/><F106/><W54/><G83/><T27/><D50/><U70/><E70/><V77/><F77/><W87/><G87/><T43/><D86/><U41/><E36/><V13/><F13/><W120/><G120/><T31/><D79/><U57/><E47/><V76/><F76/><W100/><G100/><T119/><D119/><U90/><E90/><V37/><F37/><W17/><G17/><T22/><D102/><U65/><E65/><V71/><F71/><W96/><G89/><T114/><D112/><U80/><E80/><V111/><F111/><W131/><G131/><T7/><D113/><U117/><E117/><V23/><F23/><W5/><AGARI ba="1,0" hai="4,5,6,44,48,54,96,98" m="20043,13319" machi="5" ten="30,4000,0" yaku="8,1,54,2" doraHai="101" who="3" fromWho="3" sc="289,-21,211,-11,250,-11,250,43" /><INIT seed="1,0,0,3,3,56" ten="268,200,239,293" oya="1" hai0="31,121,125,115,1,98,9,77,114,33,86,106,79" hai1="132,22,61,128,42,0,117,96,53,103,133,38,15" hai2="118,37,67,5,126,27,70,47,8,55,49,17,41" hai3="75,24,100,21,72,122,54,108,25,84,3,110,130"/><U23/><E0/><V51/><F118/><W10/><G122/><T124/><D121/><U6/><E117/><V74/><F74/><W101/><G84/><T63/><D33/><U116/><E116/><V91/><F126/><N who="0" m="48746" /><D31/><U123/><E123/><V134/><F134/><N who="1" m="51817" /><E38/><V4/><F51/><W94/><G54/><T131/><D131/><U83/><E42/><V80/><F70/><W68/><G68/><T36/><D36/><U82/><E128/><V88/><F67/><W19/><G130/><T85/><D1/><U119/><E119/><V18/><F27/><W20/><G3/><T135/><D9/><N who="1" m="4535" /><E23/><V105/><F105/><W120/><G10/><T81/><D135/><U71/><E22/><V127/><F127/><W16/><G120/><T50/><D50/><U97/><E97/><V76/><F4/><W95/><AGARI ba="0,0" hai="16,19,20,21,24,25,72,75,94,95,100,101,108,110" machi="95" ten="25,6400,0" yaku="0,1,22,2,54,1" doraHai="56" who="3" fromWho="3" sc="268,-16,200,-32,239,-16,293,64" /><INIT seed="2,0,0,5,0,7" ten="252,168,223,357" oya="2" hai0="13,86,52,31,111,105,50,93,77,54,103,14,17" hai1="83,15,92,96,41,124,97,132,88,39,123,129,37" hai2="115,36,55,94,87,24,18,0,67,38,4,6,10" hai3="30,19,76,9,43,22,63,71,68,109,34,57,21"/><V42/><F115/><W128/><G109/><T99/><D111/><U130/><E123/><V117/><F117/><W133/><G128/><T91/><D31/><U26/><E26/><V120/><F120/><W1/><G43/><T122/><D122/><U20/><E124/><V65/><F4/><W108/><G76/><T62/><D62/><U101/><E41/><V56/><F24/><W8/><G1/><T78/><D13/><U5/><E132/><V44/><F18/><W81/><G34/><T125/><D125/><U45/><E45/><V53/><F36/><W95/><G71/><T47/><D54/><U114/><E114/><V104/><F104/><W66/><G68/><T106/><D106/><U119/><E119/><V82/><F94/><W23/><G133/><T3/><D3/><U25/><E25/><V28/><F28/><W89/><G81/><T33/><D33/><U2/><E2/><V51/><REACH who="2" step="1"/><F55/><REACH who="2" ten="252,168,213,357" step="2"/><W58/><G30/><T112/><D112/><U35/><E39/><V126/><F126/><W113/><G113/><T70/><D105/><N who="1" m="63655" /><E37/><V73/><F73/><W100/><G19/><T74/><D74/><U48/><E83/><V46/><F46/><W84/><G108/><T127/><D127/><U60/><E5/><V98/><F98/><W11/><G58/><T85/><D70/><U118/><E118/><V16/><F16/><W40/><G40/><T102/><D85/><U61/><E130/><V69/><F69/><W131/><G131/><T29/><D29/><U135/><E129/><V32/><F32/><W79/><G57/><T110/><D110/><RYUUKYOKU ba="0,1" sc="252,-10,168,-10,213,30,357,-10" hai2="0,6,10,38,42,44,51,53,56,65,67,82,87" /><INIT seed="2,1,1,2,3,19" ten="242,158,243,347" oya="2" hai0="95,67,91,92,126,117,12,86,121,101,32,35,61" hai1="87,51,105,115,33,0,97,72,52,93,94,70,64" hai2="41,42,127,5,107,118,56,3,26,104,7,123,28" hai3="77,60,98,50,102,15,1,20,17,40,66,8,21"/><V38/><F123/><W134/><G1/><T54/><D121/><U130/><E72/><V30/><F118/><W58/><G77/><T11/><D117/><U29/><E115/><V124/><F56/><W39/><G39/><T103/><D126/><N who="2" m="48170" /><F38/><W45/><G134/><T36/><D54/><U90/><E130/><V89/><F89/><W84/><G84/><T111/><D111/><U18/><E0/><V106/><F3/><W69/><G69/><T14/><D14/><U44/><E105/><AGARI ba="1,1" hai="8,15,17,20,21,40,45,50,58,60,66,98,102,105" machi="105" ten="30,3900,0" yaku="7,1,52,2" doraHai="19" who="3" fromWho="1" sc="242,0,158,-42,243,0,347,52" /><INIT seed="3,0,0,3,5,6" ten="242,116,243,399" oya="3" hai0="96,30,8,73,101,117,84,46,133,15,48,61,82" hai1="132,53,40,24,13,14,79,63,18,33,47,128,23" hai2="68,125,86,28,10,57,119,29,39,134,83,99,66" hai3="49,36,31,92,100,44,58,81,118,111,7,35,32"/><W114/><G118/><T54/><D117/><U98/><E128/><V27/><F119/><W108/><G114/><T115/><D115/><U93/><E132/><V110/><F68/><W25/><G36/><T41/><D73/><U56/><E33/><V78/><F39/><W135/><G135/><T124/><D124/><U69/><E69/><V80/><F134/><W121/><G121/><T104/><D30/><U126/><E79/><V102/><F110/><W91/><G7/><T62/><D133/><U9/><E126/><V113/><F28/><W122/><G122/><T75/><D75/><U38/><REACH who="1" step="1"/><E9/><REACH who="1" ten="242,106,243,399" step="2"/><V103/><F10/><W0/><G35/><T85/><D8/><U107/><E107/><V51/><F78/><W65/><G32/><T59/><D15/><U37/><E37/><V76/><F76/><W64/><G0/><T16/><D104/><U12/><E12/><V3/><F125/><W74/><G111/><T106/><D106/><U42/><E42/><V90/><F3/><W94/><G108/><T130/><D130/><U52/><E52/><V95/><F113/><W120/><G120/><T19/><D41/><U55/><E55/><V97/><F66/><W105/><G65/><T87/><D82/><U129/><E129/><V89/><F80/><W109/><G81/><T11/><D11/><U71/><E71/><V116/><F83/><W67/><G64/><N who="0" m="38975" /><D62/><U26/><E26/><V131/><F27/><W72/><G67/><T50/><D48/><U112/><E112/><V77/><F131/><W4/><G109/><T127/><D127/><U20/><E20/><RYUUKYOKU ba="0,1" sc="242,15,106,15,243,-15,399,-15" hai0="16,19,46,50,54,84,85,87,96,101" hai1="13,14,18,23,24,38,40,47,53,56,63,93,98" owari="257,5.7,121,-37.9,228,-17.2,394,49.4" /></mjloggm>