<mjloggm ver="2.3"><GO type="225" lobby="0"/><UN n0="%E9%80%9F%E6%B0%B4%E5%87%9B%E9%A6%99" n1="%77%72%77%72%77%72%77%72" n2="%6D%75%75%6D%75%72%61" n3="%E3%81%A1%E3%82%85%E3%81%86%E3%81%A9%E3%81%8F%E8%B1%A1%E3%81%95%E3%82%93" dan="16,16,16,17" rate="2123.79,2136.65,2150.75,2182.90" sx="F,M,F,M"/><TAIKYOKU oya="0"/><INIT seed="0,0,0,2,0,25" ten="250,250,250,250" oya="0" hai0="22,89,34,82,11,24,50,17,54,47,30,100,94" hai1="80,15,124,79,109,107,72,45,59,57,43,102,10" hai2="85,103,120,83,36,108,32,104,46,62,71,132,48" hai3="56,105,0,106,12,119,33,64,112,37,131,6,13"/><T1/><D100/><U134/><E109/><V2/><F120/><W23/><G119/><T111/><D111/><U63/><E134/><V84/><F108/><W8/><G37/><T58/><D82/><U39/><E124/><V114/><F114/><W133/><G112/><T38/><D38/><U51/><E39/><V44/><F132/><W118/><G118/><T14/><D47/><U66/><E107/><V16/><F2/><W130/><G133/><T27/><D1/><U113/><E102/><V76/><F32/><W31/><G56/><T26/><REACH who="0" step="1"/><D34/><REACH who="0" ten="240,250,250,250" step="2"/><U61/><E113/><V129/><F44/><W81/><G81/><T29/><D29/><U52/><E15/><V74/><F36/><W9/><G106/><T97/><AGARI ba="0,1" hai="11,14,17,22,24,26,27,30,50,54,58,89,94,97" machi="97" ten="20,18000,2" yaku="1,1,0,1,7,1,8,1,52,1,53,1" doraHai="25" doraHaiUra="18" who="0" fromWho="0" sc="240,190,250,-60,250,-60,250,-60" /><INIT seed="0,1,0,5,4,90" ten="430,190,190,190" oya="0" hai0="56,103,130,89,75,42,20,106,37,94,112,125,74" hai1="3,61,12,19,52,8,77,67,79,80,70,60,131" hai2="124,24,96,40,68,84,69,55,33,48,11,17,36" hai3="91,41,2,111,117,63,46,120,83,43,86,54,127"/><T135/><D37/><U85/><E131/><V49/><F124/><W21/><G117/><T129/><D42/><U35/><E35/><V7/><F36/><W78/><G2/><T15/><D20/><U72/><E3/><V132/><F132/><W98/><G111/><T134/><D15/><U66/><E52/><V59/><F84/><W71/><G127/><T113/><D56/><U50/><E50/><V27/><F27/><W57/><G120/><T93/><D103/><U14/><E14/><V97/><F68/><W28/><G71/><T16/><D16/><U118/><E118/><V38/><F38/><W87/><G98/><T105/><D89/><U119/><E119/><V122/><F69/><W58/><G46/><T29/><D29/><U30/><E30/><V110/><F110/><W101/><G101/><T64/><D64/><U99/><E99/><V34/><F34/><W51/><G21/><T10/><D10/><U25/><E25/><V47/><F122/><W53/><REACH who="3" step="1"/><G28/><REACH who="3" ten="430,190,190,180" step="2"/><T92/><D125/><U4/><E70/><V5/><F33/><W76/><G76/><T123/><D123/><U13/><E77/><V100/><F97/><W88/><G88/><T73/><D106/><U6/><E79/><V26/><F96/><W0/><G0/><T45/><D105/><U108/><E108/><V95/><F100/><W81/><AGARI ba="1,1" hai="41,43,51,53,54,57,58,63,78,81,83,86,87,91" machi="81" ten="20,5200,0" yaku="1,1,0,1,7,1,8,1,53,0" doraHai="90" doraHaiUra="18" who="3" fromWho="3" sc="430,-27,190,-14,190,-14,180,65" /><INIT seed="1,0,0,5,5,83" ten="403,176,176,245" oya="1" hai0="75,76,122,100,93,129,101,81,33,88,8,115,123" hai1="134,51,5,37,128,43,41,87,35,95,24,30,64" hai2="47,114,60,67,110,49,61,42,36,133,26,86,13" hai3="105,18,55,32,52,63,92,2,56,3,34,19,10"/><U58/><E128/><V117/><F117/><W9/><G105/><T116/><D33/><U6/><E37/><V82/><F110/><W90/><G55/><T48/><D116/><U4/><E134/><V112/><F133/><W126/><G126/><T97/><D115/><U99/><E87/><V40/><F13/><W109/><G109/><T20/><D129/><U107/><E107/><V7/><F7/><W119/><G119/><T77/><D77/><U104/><E104/><V85/><F61/><W62/><G62/><T11/><D20/><U80/><E80/><V121/><F121/><N who="0" m="46090" /><D48/><U39/><E39/><V17/><F42/><W94/><G94/><T31/><D31/><U108/><E108/><V45/><F82/><W106/><G106/><N who="0" m="63759" /><D101/><U16/><E51/><V70/><F17/><W68/><G34/><T74/><D74/><U73/><E16/><V28/><F45/><W89/><G32/><T59/><D59/><U102/><E73/><V135/><F36/><W118/><G118/><T46/><D46/><U124/><E124/><V130/><F130/><W72/><G72/><T91/><D91/><U12/><E12/><V14/><F14/><N who="3" m="7503" /><G90/><T78/><D78/><U120/><E120/><V22/><REACH who="2" step="1"/><F135/><REACH who="2" ten="403,176,166,245" step="2"/><W0/><G19/><T66/><D81/><U1/><E1/><V71/><F71/><W84/><G68/><T29/><D75/><U96/><E41/><V111/><F111/><W113/><G113/><AGARI ba="0,1" hai="22,26,28,40,47,49,60,67,70,85,86,112,113,114" machi="113" ten="40,8000,1" yaku="1,1,11,1,52,2,53,0" doraHai="83" doraHaiUra="69" who="2" fromWho="3" sc="403,0,176,0,166,90,245,-80" /><INIT seed="2,0,0,3,4,42" ten="403,176,256,165" oya="2" hai0="116,4,32,63,87,0,6,111,89,91,130,118,45" hai1="83,51,82,17,78,53,66,94,120,9,69,99,39" hai2="81,26,123,23,1,95,85,62,11,112,121,21,75" hai3="19,5,77,114,36,24,54,71,29,79,97,135,67"/><V35/><F112/><W57/><G36/><T22/><D32/><U40/><E120/><V44/><F75/><W20/><G114/><T115/><D115/><U74/><E83/><V70/><F35/><W125/><G125/><T129/><D63/><U55/><E39/><V108/><F108/><W72/><G135/><T65/><D65/><U25/><E66/><V92/><F70/><W56/><G5/><N who="0" m="2155" /><D0/><U86/><E74/><V131/><F1/><W46/><G71/><T15/><D91/><U113/><E69/><V98/><F62/><N who="3" m="38343" /><G72/><T33/><D33/><U100/><E113/><V38/><F11/><W84/><G97/><T58/><D58/><U126/><E126/><V16/><F131/><W18/><G46/><T59/><D45/><N who="1" m="26023" /><E9/><V10/><F10/><W117/><G117/><T14/><D59/><U132/><E132/><V88/><F123/><W90/><G79/><T93/><D14/><U3/><E3/><V43/><F121/><W68/><G77/><T30/><D111/><U124/><E124/><V134/><F134/><W50/><G68/><T8/><D22/><AGARI ba="0,0" hai="17,22,25,53,55,78,82,86,94,99,100" m="26023" machi="22" ten="30,2000,0" yaku="8,1,52,1" doraHai="42" who="1" fromWho="0" sc="403,-20,176,20,256,0,165,0" /><INIT seed="3,0,0,5,0,12" ten="383,196,256,165" oya="3" hai0="68,38,135,55,24,37,98,25,102,42,39,123,64" hai1="132,46,6,63,45,52,124,93,134,109,49,3,48" hai2="20,82,5,70,50,130,90,8,97,126,113,85,60" hai3="96,62,31,32,29,95,117,2,81,66,74,104,23"/><W125/><G117/><T7/><D42/><U9/><E109/><V92/><F113/><W34/><G2/><T86/><D55/><U118/><E118/><V26/><F130/><W103/><G104/><T19/><D7/><U41/><E124/><V127/><F50/><W106/><G106/><T79/><D79/><U121/><E121/><V84/><F60/><W91/><G125/><T75/><D86/><U120/><E120/><V36/><F70/><W67/><G67/><T69/><D75/><U131/><E131/><V10/><F36/><W30/><G23/><T17/><D98/><U22/><E63/><V133/><F85/><W108/><G108/><T53/><D53/><U56/><E56/><V99/><F99/><W100/><G100/><T57/><D57/><U14/><E93/><V116/><F133/><N who="1" m="51305" /><E22/><V88/><F116/><W119/><G119/><T83/><D83/><U80/><E80/><V115/><F115/><W101/><G101/><T61/><D69/><U0/><AGARI ba="0,0" hai="0,3,6,9,14,41,45,46,48,49,52" m="51305" machi="0" ten="30,2000,0" yaku="20,1,54,1" doraHai="12" who="1" fromWho="1" sc="383,-5,196,20,256,-5,165,-10" owari="378,47.8,216,-18.4,251,5.1,155,-34.5" /></mjloggm>