<mjloggm ver="2.3"><GO type="225" lobby="0"/><UN n0="%6D%75%75%6D%75%72%61" n1="%E3%82%82%E3%81%90%E3%82%89" n2="%E3%81%AF%E3%82%88%E3%81%8A%E3%81%98%E3%81%95%E3%82%93" n3="%E3%81%82%E3%81%84%E3%81%82%E3%81%8A%E3%81%84" dan="16,16,16,18" rate="2139.51,2214.56,2101.39,2240.10" sx="F,M,M,M"/><TAIKYOKU oya="0"/><INIT seed="0,0,0,4,2,65" ten="250,250,250,250" oya="0" hai0="39,127,75,73,108,69,72,80,12,76,58,114,24" hai1="71,48,42,30,94,125,100,83,44,37,85,34,70" hai2="55,1,119,68,113,131,59,40,27,25,28,52,87" hai3="0,132,126,49,29,21,16,118,67,7,109,2,26"/><T43/><D114/><U116/><E116/><V124/><F113/><W46/><G118/><T63/><D127/><U15/><E125/><V104/><F124/><W18/><G126/><T23/><D108/><U79/><E34/><V86/><F119/><W98/><G109/><T5/><D39/><U91/><E30/><V57/><F104/><W36/><G36/><T97/><D43/><U133/><E133/><V11/><F40/><W117/><G117/><T107/><D69/><U102/><E37/><V74/><F74/><W120/><G132/><T77/><D5/><U56/><E56/><V89/><F11/><W106/><G120/><T64/><D12/><U13/><E13/><V123/><F89/><W10/><G0/><T50/><D50/><U121/><E121/><V135/><F28/><W32/><G67/><T4/><D4/><U38/><E38/><V14/><F14/><W84/><G84/><T99/><D107/><U45/><E45/><V47/><F47/><W17/><G98/><T3/><D3/><U41/><E41/><V19/><F1/><W92/><G92/><T62/><D62/><U130/><E15/><V90/><F135/><W8/><G106/><T61/><D61/><U78/><E78/><V128/><F90/><W9/><REACH who="3" step="1"/><G32/><REACH who="3" ten="250,250,250,240" step="2"/><T81/><REACH who="0" step="1"/><D73/><REACH who="0" ten="240,250,250,240" step="2"/><U20/><E42/><AGARI ba="0,2" hai="2,7,8,9,10,16,17,18,21,26,29,42,46,49" machi="42" ten="40,5200,0" yaku="1,1,2,1,54,1,53,0" doraHai="65" doraHaiUra="88" who="3" fromWho="1" sc="240,0,250,-52,250,0,240,72" /><INIT seed="1,0,0,2,1,34" ten="240,198,250,312" oya="1" hai0="14,33,78,29,19,81,74,55,108,2,115,41,77" hai1="103,75,95,135,129,6,37,132,98,21,112,122,43" hai2="9,25,114,53,116,123,120,107,23,32,82,40,10" hai3="18,4,96,76,99,90,128,27,62,89,52,5,126"/><U80/><E122/><V51/><F107/><W111/><G111/><T117/><D115/><U60/><E112/><V28/><F114/><W119/><G126/><T133/><D117/><U102/><E129/><V67/><F116/><W70/><G128/><T48/><D108/><U7/><E102/><V31/><F40/><W3/><G119/><T109/><D109/><U16/><E60/><V101/><F101/><W54/><G76/><T86/><D133/><N who="1" m="51275" /><E43/><V17/><F67/><W26/><G70/><T118/><D118/><U88/><E37/><V56/><F82/><W69/><G69/><T0/><D41/><U71/><E71/><V121/><REACH who="2" step="1"/><F31/><REACH who="2" ten="240,198,240,312" step="2"/><W131/><G131/><T61/><D29/><U42/><E42/><V59/><F59/><W45/><G45/><T124/><D81/><U46/><E46/><V30/><F30/><W94/><G94/><T134/><D134/><U84/><E75/><V58/><F58/><W79/><G54/><T1/><D55/><U11/><E11/><V85/><F85/><W68/><G52/><T73/><D73/><U38/><E38/><V49/><F49/><W110/><G68/><T57/><D74/><U91/><E103/><V39/><F39/><W83/><G83/><T106/><D48/><U105/><E105/><V113/><F113/><W72/><G72/><T13/><D106/><U47/><E47/><V64/><F64/><W63/><G110/><T127/><D86/><U24/><AGARI ba="0,1" hai="6,7,16,21,24,80,84,88,91,95,98" m="51275" machi="24" ten="30,6000,0" yaku="20,1,54,2" doraHai="34" who="1" fromWho="1" sc="240,-20,198,70,240,-20,312,-20" /><INIT seed="1,1,0,0,5,64" ten="220,268,220,292" oya="1" hai0="104,128,114,13,120,8,126,18,129,125,11,88,95" hai1="51,122,15,100,49,2,111,133,6,36,79,68,3" hai2="65,60,77,38,113,124,107,108,59,84,32,37,10" hai3="58,5,86,118,110,134,94,39,115,81,102,57,41"/><U30/><E122/><V12/><F32/><W17/><G115/><T123/><D114/><U28/><E36/><V83/><F113/><W112/><G112/><T26/><D104/><U85/><E100/><V42/><F107/><W69/><G5/><T74/><D26/><U127/><E3/><V23/><F108/><W87/><G69/><T75/><D8/><U16/><E68/><V106/><F106/><W33/><G33/><T46/><D46/><U135/><E111/><V82/><F124/><N who="0" m="47722" /><D74/><U4/><E2/><V50/><F83/><W43/><G110/><T121/><D75/><U132/><E127/><V40/><F23/><W117/><G94/><T61/><D61/><U53/><E4/><N who="2" m="3143" /><F42/><W25/><G25/><T55/><D55/><U92/><E6/><V52/><F65/><W109/><G109/><T70/><D70/><U72/><E72/><V101/><F101/><W1/><G1/><T45/><D45/><AGARI ba="1,0" hai="37,38,40,45,50,52,59,60,77,82,84" m="3143" machi="45" ten="30,2000,0" yaku="25,1,54,1" doraHai="64" who="2" fromWho="0" sc="220,-23,268,0,220,23,292,0" /><INIT seed="2,0,0,1,1,103" ten="197,268,243,292" oya="2" hai0="122,134,71,125,85,126,130,25,118,23,4,112,33" hai1="83,135,21,48,55,73,3,94,53,127,60,93,14" hai2="36,50,111,70,69,72,123,101,45,38,66,96,132" hai3="100,49,41,1,62,133,63,99,89,35,20,31,46"/><V98/><F123/><W97/><G1/><T113/><D71/><U61/><E3/><V51/><F72/><W0/><G0/><T52/><D122/><U116/><E116/><V5/><F5/><W104/><G35/><T75/><D75/><U19/><E127/><N who="0" m="48649" /><D33/><U81/><E135/><V129/><F132/><W114/><G133/><T64/><D134/><U80/><E73/><V40/><F129/><W32/><G32/><T87/><D64/><U54/><REACH who="1" step="1"/><E48/><REACH who="1" ten="197,258,243,292" step="2"/><V8/><F50/><W42/><G49/><T68/><D118/><U95/><AGARI ba="0,1" hai="14,19,21,53,54,55,60,61,80,81,83,93,94,95" machi="95" ten="40,12000,2" yaku="1,1,2,1,0,1,29,2,8,1,53,0" doraHai="103" doraHaiUra="67" who="1" fromWho="1" sc="197,-30,258,130,243,-60,292,-30" /><INIT seed="3,0,0,3,3,122" ten="167,388,183,262" oya="3" hai0="128,2,56,101,127,48,129,15,73,25,59,108,8" hai1="135,49,83,62,55,43,28,17,21,35,34,54,104" hai2="106,89,44,31,65,20,102,23,119,58,60,13,40" hai3="99,85,18,68,78,74,36,100,93,105,69,39,118"/><W4/><G118/><T94/><D73/><U86/><E104/><V98/><F119/><W67/><G4/><T124/><D2/><U5/><E5/><V1/><F1/><W26/><G18/><N who="0" m="8551" /><D25/><U92/><E135/><V45/><F31/><W57/><G57/><T38/><D38/><U70/><E92/><V50/><F13/><W82/><G26/><T130/><D108/><U81/><E43/><V41/><F89/><N who="3" m="53423" /><G67/><T115/><D115/><U30/><E35/><V24/><F24/><W107/><G107/><T120/><D120/><U11/><E11/><V61/><F60/><W14/><G14/><T76/><D76/><N who="1" m="46375" /><E70/><AGARI ba="0,0" hai="36,39,68,69,70,74,78,82,99,100,105" m="53423" machi="70" ten="30,1500,0" yaku="24,1" doraHai="122" who="3" fromWho="1" sc="167,0,388,-15,183,0,262,15" /><INIT seed="3,1,0,2,2,66" ten="167,373,183,277" oya="3" hai0="104,16,62,4,99,72,125,128,101,28,25,119,117" hai1="57,79,46,132,5,59,81,96,47,78,22,92,8" hai2="36,87,7,74,53,21,97,19,71,106,63,61,3" hai3="85,42,111,23,52,82,0,130,18,43,70,135,54"/><W58/><G0/><T33/><D128/><U107/><E107/><V112/><F112/><W102/><G130/><T84/><D125/><U68/><E68/><V45/><F74/><W95/><G70/><T75/><D4/><U35/><E35/><V69/><F3/><W91/><G135/><T86/><D62/><N who="2" m="23562" /><F36/><W94/><G111/><T114/><D114/><U17/><E5/><V50/><F106/><W93/><G102/><T133/><D133/><U89/><E8/><V64/><F71/><W88/><G91/><T31/><D31/><U9/><E9/><V131/><F69/><W13/><G54/><T115/><D115/><U29/><E29/><V120/><F131/><W126/><G126/><T123/><D123/><U113/><E113/><V27/><F120/><W76/><G76/><N who="1" m="29226" /><E81/><V40/><F7/><W109/><G109/><T124/><D124/><U26/><E132/><V122/><F122/><W37/><G37/><T10/><D72/><U12/><E26/><V55/><F64/><W80/><G80/><T83/><D75/><U24/><E12/><V48/><F97/><W2/><G2/><T1/><D1/><U41/><E47/><N who="2" m="27807" /><F87/><W118/><G118/><T14/><D86/><U51/><AGARI ba="1,0" hai="17,22,24,41,46,51,57,59,89,92,96" m="29226" machi="51" ten="30,1100,0" yaku="8,1" doraHai="66" who="1" fromWho="1" sc="167,-4,373,14,183,-4,277,-6" owari="163,-33.7,387,48.7,179,-22.1,271,7.1" /></mjloggm>