<mjloggm ver="2.3"><GO type="225" lobby="0"/><UN n0="%47%68%6F%73%74%55%30" n1="%E5%88%9D%E5%BF%83%E8%80%85%70%61%77%6E" n2="%72%69%6F%75%63%68%61%6E" n3="%E3%81%A9%E3%82%8F%E3%82%93%E3%81%94" dan="17,16,16,16" rate="2176.14,2151.07,2137.17,2096.90" sx="M,M,M,M"/><TAIKYOKU oya="0"/><INIT seed="0,0,0,0,3,102" ten="250,250,250,250" oya="0" hai0="117,113,98,24,94,78,50,44,17,109,72,48,2" hai1="112,54,82,131,130,27,127,32,77,89,10,105,122" hai2="63,71,91,21,28,37,62,14,18,115,104,119,107" hai3="3,9,133,83,110,34,12,70,5,40,85,66,7"/><T74/><D113/><U4/><E122/><V90/><F115/><W116/><G110/><T67/><D117/><U76/><E112/><V108/><F108/><W52/><G133/><T65/><D2/><U30/><E127/><V68/><F119/><W88/><G34/><T73/><D78/><U39/><E39/><V8/><F37/><W79/><G116/><T11/><D109/><U126/><E126/><V99/><F62/><W87/><G40/><T57/><D57/><U46/><E105/><V128/><F128/><N who="1" m="49193" /><E89/><V80/><F90/><W47/><G70/><T58/><D58/><U135/><E135/><V20/><F20/><W53/><G66/><T41/><D48/><N who="1" m="28951" /><E82/><V26/><F68/><W45/><G5/><T43/><D43/><U59/><E59/><V75/><F99/><W13/><G3/><AGARI ba="0,0" hai="3,4,10,27,30,32,76,77" m="28951,49193" machi="3" ten="30,1000,0" yaku="19,1" doraHai="102" who="1" fromWho="3" sc="250,0,250,10,250,0,250,-10" /><INIT seed="1,0,0,4,5,9" ten="250,260,250,240" oya="1" hai0="41,2,132,40,94,33,67,18,115,7,107,73,70" hai1="17,81,45,87,80,83,124,5,12,32,102,129,6" hai2="89,117,69,68,112,63,60,120,47,53,113,126,110" hai3="59,42,77,116,134,39,24,30,28,111,118,84,23"/><U105/><E32/><V3/><F3/><W54/><G111/><T86/><D107/><U15/><E124/><V127/><F89/><W16/><G134/><T22/><D73/><U133/><E133/><V46/><F117/><N who="3" m="45163" /><G42/><T97/><D33/><U51/><E129/><V56/><F120/><W99/><G99/><T65/><D115/><N who="2" m="44106" /><F110/><W57/><G39/><T82/><D132/><U31/><E31/><N who="3" m="11818" /><G54/><T35/><D35/><U76/><E105/><V13/><F13/><N who="1" m="5193" /><E102/><V122/><F122/><W125/><G125/><N who="2" m="47625" /><F60/><W19/><G19/><T119/><D119/><U21/><E5/><V130/><F130/><W49/><G49/><T96/><D7/><U75/><E6/><V43/><F46/><W123/><G123/><T58/><D18/><U66/><E75/><V0/><F0/><W72/><G72/><T131/><D2/><U20/><E66/><V55/><F55/><W92/><G92/><T37/><D94/><U106/><E106/><V109/><F109/><W91/><G91/><T108/><D108/><U61/><E61/><V90/><F90/><W98/><G98/><T103/><D96/><U29/><E17/><V4/><F4/><W62/><G62/><T88/><D97/><U10/><E10/><V121/><F121/><W25/><G25/><T64/><D103/><U48/><E48/><AGARI ba="0,0" hai="43,47,48,53,56,63,68,69" m="47625,44106" machi="48" ten="30,7700,0" yaku="11,1,18,1,34,2" doraHai="9" who="2" fromWho="1" sc="250,0,260,-77,250,77,240,0" /><INIT seed="2,0,0,2,3,41" ten="250,183,327,240" oya="2" hai0="105,5,102,92,69,66,110,135,116,134,104,90,2" hai1="32,82,33,111,8,77,67,119,86,99,54,13,58" hai2="125,78,30,15,133,130,27,26,17,83,12,81,62" hai3="47,106,96,60,49,122,46,100,61,31,22,114,124"/><V0/><F0/><W1/><G122/><T128/><D110/><U112/><E112/><V39/><F39/><W21/><G1/><T35/><D35/><U107/><E111/><V127/><F130/><W97/><G114/><T93/><D128/><U24/><E119/><V88/><F133/><N who="0" m="50698" /><D116/><U91/><E67/><V70/><F70/><W4/><G4/><T50/><D102/><U95/><E107/><V18/><F62/><N who="3" m="24171" /><G106/><T121/><D121/><U89/><E24/><N who="2" m="9259" /><F30/><W120/><G124/><N who="2" m="47689" /><F88/><W9/><G31/><T48/><D66/><U38/><E38/><V25/><N who="2" m="9267" /><V14/><DORA hai="129" /><F78/><W76/><G76/><T64/><D64/><U20/><E77/><V36/><F36/><W6/><G120/><T63/><D63/><U7/><REACH who="1" step="1"/><E20/><REACH who="1" ten="250,173,327,240" step="2"/><V43/><F43/><N who="3" m="24799" /><G22/><T84/><D104/><U79/><E79/><V123/><F123/><W55/><G21/><T16/><D105/><U109/><E109/><V132/><F132/><W126/><G126/><T94/><D69/><U42/><E42/><V113/><F113/><W51/><G100/><T29/><D29/><U37/><E37/><V131/><F131/><W3/><G3/><T72/><D2/><U44/><E44/><V87/><F14/><N who="3" m="5431" /><G47/><T115/><D115/><U40/><E40/><V59/><F12/><W45/><AGARI ba="0,1" hai="45,51,55,96,97" m="5431,24799,24171" machi="45" ten="30,4000,0" yaku="8,1,52,2" doraHai="41,129" who="3" fromWho="3" sc="250,-10,173,-10,327,-20,240,50" /><INIT seed="3,0,0,0,2,1" ten="240,163,307,290" oya="3" hai0="129,38,103,23,89,90,46,36,96,6,91,88,69" hai1="85,65,77,64,40,107,106,74,44,132,57,59,20" hai2="84,79,131,41,5,111,55,98,26,81,115,114,33" hai3="109,61,104,22,62,80,7,25,70,113,73,134,60"/><W120/><G113/><T121/><D121/><U101/><E132/><V71/><F111/><W124/><G104/><T4/><N who="0" m="22528" /><DORA hai="56" /><T128/><D69/><U126/><E126/><V21/><F33/><W67/><G120/><T86/><D86/><U105/><E74/><V16/><F71/><W9/><G124/><T118/><D23/><U78/><E101/><V93/><F131/><N who="0" m="50250" /><D118/><U133/><E133/><V92/><F41/><W76/><G134/><T2/><D2/><U43/><E85/><V72/><F84/><W0/><G109/><T35/><D35/><U53/><E20/><V37/><F37/><N who="0" m="14442" /><D46/><U15/><E15/><V42/><F42/><N who="1" m="15913" /><E44/><V110/><F110/><W30/><AGARI ba="0,0" hai="0,7,9,22,25,30,60,61,62,67,70,73,76,80" machi="30" ten="20,18000,2" yaku="0,1,7,1,52,4" doraHai="1,56" who="3" fromWho="3" sc="240,-60,163,-60,307,-60,290,180" owari="180,-22.0,103,-39.7,247,4.7,470,57.0" /></mjloggm>