<mjloggm ver="2.3"><GO type="225" lobby="0"/><UN n0="%E5%BE%AE%E5%B7%AE%E3%81%AE%E4%BD%95%E5%88%87%E3%82%8B%EF%BC%9C%E9%81%8B" n1="%E7%89%B9%E6%9D%B1%E3%81%AF%E4%B8%96%E7%95%8C%E3%82%92%E6%95%91%E3%81%86" n2="%28%EF%BF%A3%E2%96%BD%EF%BF%A3%29%CE%B4%E2%8C%92%E3%83%BB" n3="%E3%83%97%E3%83%AC%E3%83%B4%E3%82%A1%E3%83%86%E3%82%A3" dan="17,16,16,16" rate="2170.57,2122.98,2151.97,2123.92" sx="M,M,M,F"/><TAIKYOKU oya="0"/><INIT seed="0,0,0,2,3,16" ten="250,250,250,250" oya="0" hai0="108,124,106,77,102,112,121,98,135,34,38,113,103" hai1="120,21,129,104,35,42,14,26,37,107,48,117,126" hai2="33,44,84,68,15,1,110,82,81,45,111,130,99" hai3="122,70,79,63,74,9,36,29,8,114,85,132,31"/><T61/><D34/><U66/><E117/><V62/><F1/><W65/><G114/><T41/><D61/><U95/><E120/><V12/><F33/><W133/><G122/><T24/><D121/><U53/><E66/><N who="2" m="41047" /><F99/><W58/><G36/><T75/><D24/><U76/><E76/><N who="2" m="46119" /><F82/><N who="3" m="47327" /><G74/><T5/><D5/><U64/><E64/><V43/><F130/><W78/><G78/><T25/><D25/><U11/><E35/><V97/><F97/><W3/><G70/><T100/><D41/><U73/><E73/><V96/><F96/><W50/><G50/><T51/><D51/><U83/><E83/><V19/><F43/><W125/><G125/><T22/><D124/><U134/><E129/><V55/><F55/><W109/><G109/><N who="2" m="41481" /><F15/><W69/><G69/><T54/><D108/><U88/><E42/><V128/><F128/><W94/><G3/><T56/><D75/><U72/><E72/><V18/><F18/><W28/><G94/><T123/><D123/><U4/><E126/><V67/><F67/><W116/><G116/><T93/><D106/><U71/><E107/><V30/><F30/><W17/><G17/><T40/><D113/><U60/><E104/><V47/><F47/><W91/><G91/><T39/><D112/><U87/><E95/><V80/><F80/><W52/><G65/><T13/><D77/><U20/><E71/><V90/><F90/><W118/><G118/><T131/><D131/><U7/><E88/><V92/><F92/><W57/><G57/><T119/><D119/><U86/><E87/><V6/><F6/><W32/><G32/><RYUUKYOKU ba="0,0" sc="250,-15,250,-15,250,15,250,15" hai2="12,19,44,45" hai3="8,9,28,29,31,52,58,63,132,133" /><INIT seed="1,1,0,0,1,129" ten="235,235,265,265" oya="1" hai0="6,33,13,54,21,116,112,104,45,63,1,57,49" hai1="16,73,36,91,120,92,46,67,98,124,80,65,19" hai2="47,99,15,81,79,89,14,20,131,51,35,58,84" hai3="9,94,128,44,115,32,101,103,82,23,60,75,134"/><U30/><E120/><V31/><F35/><W48/><G115/><T8/><D116/><U0/><E0/><V86/><F99/><W133/><G32/><T107/><D112/><U119/><E119/><V111/><F111/><W90/><G128/><T93/><D33/><U27/><E124/><V72/><F72/><W39/><G39/><T40/><D1/><U125/><E125/><V117/><F117/><W118/><G118/><T10/><D10/><U78/><E30/><V5/><F58/><W76/><G9/><T43/><D21/><U3/><E3/><V22/><F131/><W50/><G60/><T106/><REACH who="0" step="1"/><D93/><REACH who="0" ten="225,235,265,265" step="2"/><U95/><E95/><N who="2" m="54695" /><F22/><W66/><G23/><T53/><AGARI ba="1,1" hai="6,8,13,40,43,45,49,53,54,57,63,104,106,107" machi="53" ten="30,2000,0" yaku="1,1,0,1,53,0" doraHai="129" doraHaiUra="135" who="0" fromWho="0" sc="225,33,235,-11,265,-6,265,-6" /><INIT seed="2,0,0,1,1,16" ten="258,224,259,259" oya="2" hai0="125,53,19,94,85,68,106,31,42,58,99,81,10" hai1="86,98,60,84,131,87,63,76,23,101,118,48,2" hai2="126,100,52,21,66,5,96,102,35,133,15,51,77" hai3="61,124,89,55,134,114,49,18,54,122,116,121,127"/><V109/><F35/><W34/><G34/><T119/><D68/><U74/><E118/><V20/><F126/><N who="3" m="48171" /><G89/><T33/><D106/><U128/><E2/><V93/><F133/><W92/><G92/><T32/><D119/><U41/><E41/><V4/><F109/><W36/><G18/><T6/><D31/><U108/><E48/><V13/><F66/><W117/><G36/><T14/><D6/><N who="2" m="2666" /><F77/><W83/><G83/><T72/><D42/><U105/><E108/><V29/><F102/><W40/><G114/><T57/><D72/><U103/><E103/><V130/><F130/><N who="1" m="49705" /><E76/><V45/><F29/><W65/><G134/><T12/><D125/><U7/><E7/><V46/><F46/><N who="3" m="25799" /><G117/><T64/><D32/><U30/><E74/><V82/><F82/><W79/><G79/><N who="0" m="46271" /><D33/><U1/><E1/><V91/><F100/><W90/><G90/><N who="0" m="55767" /><D64/><U47/><E47/><V27/><F27/><AGARI ba="0,0" hai="23,27,30,60,63,84,86,87,98,101,105" m="49705" machi="27" ten="30,2000,0" yaku="19,1,52,1" doraHai="16" who="1" fromWho="2" sc="258,0,224,20,259,-20,259,0" /><INIT seed="3,0,0,0,1,129" ten="258,244,239,259" oya="3" hai0="23,41,83,43,121,114,50,103,48,55,30,88,44" hai1="2,39,59,27,113,21,92,18,110,16,66,130,40" hai2="112,100,52,72,96,31,6,10,90,125,76,87,73" hai3="95,61,78,3,104,94,49,74,24,85,108,81,37"/><W26/><G37/><T109/><D121/><U46/><E113/><V93/><F112/><W117/><G117/><T53/><D114/><U107/><E107/><V67/><F125/><W70/><G3/><T127/><D109/><U22/><E110/><V11/><F67/><W105/><G108/><T84/><D103/><U60/><E2/><V101/><F31/><W131/><G131/><T20/><D127/><U36/><E130/><V56/><F76/><W126/><G126/><T45/><D30/><U17/><E36/><V51/><F101/><W19/><G49/><T77/><D77/><U124/><E124/><V9/><REACH who="2" step="1"/><F6/><REACH who="2" ten="258,244,229,259" step="2"/><W12/><G105/><AGARI ba="0,1" hai="9,10,11,51,52,56,72,73,87,90,93,96,100,105" machi="105" ten="40,5200,0" yaku="1,1,2,1,54,1,53,0" doraHai="129" doraHaiUra="15" who="2" fromWho="3" sc="258,0,244,0,229,62,259,-52" /><INIT seed="4,0,0,1,0,118" ten="258,244,291,207" oya="0" hai0="97,50,41,72,71,98,85,127,8,38,65,35,55" hai1="88,20,87,4,133,86,15,114,24,135,68,110,42" hai2="18,96,105,45,131,16,57,21,37,106,111,93,13" hai3="74,73,67,117,124,77,81,83,102,1,58,12,116"/><T107/><D72/><U26/><E110/><V14/><F111/><W2/><G124/><T70/><D35/><U9/><E68/><V40/><F57/><W99/><G12/><T113/><D127/><U126/><E126/><V120/><F120/><W78/><G58/><N who="0" m="33143" /><D71/><U115/><E42/><V134/><F134/><N who="1" m="51209" /><E87/><V89/><F131/><W29/><G67/><T54/><D54/><U66/><E66/><V5/><F5/><W39/><G39/><T95/><D107/><U62/><E62/><V90/><F90/><W76/><G76/><T19/><D113/><N who="1" m="43019" /><E20/><AGARI ba="0,0" hai="13,14,16,18,20,21,37,40,45,89,93,96,105,106" machi="20" ten="30,3900,0" yaku="7,1,9,1,54,1" doraHai="118" who="2" fromWho="1" sc="258,0,244,-39,291,39,207,0" owari="258,5.8,205,-29.5,330,43.0,207,-19.3" /></mjloggm>