<mjloggm ver="2.3"><GO type="225" lobby="0"/><UN n0="%53%61%63%68%69%30%34" n1="%E3%81%A9%E3%82%8F%E3%82%93%E3%81%94" n2="%72%61%6B%33" n3="%E6%97%A5%E6%9B%9C%E6%97%A5%E3%82%88%E3%82%8A%E3%81%AE%E4%BD%BF%E8%80%85" dan="16,16,17,17" rate="2078.12,2155.07,2263.87,2173.56" sx="M,M,M,M"/><TAIKYOKU oya="0"/><INIT seed="0,0,0,4,0,128" ten="250,250,250,250" oya="0" hai0="5,3,16,13,10,26,12,14,70,93,91,33,106" hai1="11,75,81,129,42,89,60,124,18,87,74,55,1" hai2="94,19,21,90,35,110,133,52,23,109,80,112,73" hai3="101,111,121,64,104,67,83,68,48,7,130,65,41"/><T115/><D115/><U92/><E129/><V96/><F96/><W120/><G7/><T24/><D106/><U107/><E107/><V122/><F112/><W57/><G83/><T59/><D70/><U44/><E124/><V9/><F122/><N who="3" m="47211" /><G101/><T0/><D59/><U102/><E60/><V97/><F35/><W118/><G104/><T40/><D40/><U117/><E117/><V37/><F37/><W99/><G99/><T53/><D53/><U27/><E1/><N who="0" m="585" /><D91/><U62/><E62/><V85/><F73/><W95/><G95/><T2/><D93/><U6/><E6/><V79/><F9/><W32/><G32/><T47/><D47/><U45/><E45/><V20/><F19/><W25/><G25/><N who="0" m="9835" /><D33/><U29/><E55/><V36/><F52/><N who="3" m="31879" /><G130/><T34/><D34/><U66/><E92/><V76/><F94/><W116/><G68/><T51/><D51/><U84/><E102/><V50/><F50/><W105/><G105/><T100/><D100/><U49/><E87/><V123/><F85/><W31/><G41/><T61/><D61/><U108/><E75/><V28/><F123/><W63/><G63/><T103/><D103/><U38/><E74/><V58/><F90/><W127/><G65/><T114/><D114/><U22/><E66/><V125/><F97/><W39/><G39/><T82/><D82/><U126/><E38/><V54/><F36/><W132/><G64/><T17/><AGARI ba="0,0" hai="2,5,10,12,13,14,16,17" m="9835,585" machi="17" ten="40,18000,2" yaku="35,5,54,1" doraHai="128" who="0" fromWho="0" sc="250,180,250,-60,250,-60,250,-60" /><INIT seed="0,1,0,0,5,7" ten="430,190,190,190" oya="0" hai0="124,89,16,127,123,67,46,61,17,13,22,29,102" hai1="35,24,11,68,63,109,9,81,86,88,20,74,105" hai2="64,56,112,83,28,120,32,133,62,43,132,27,26" hai3="76,37,18,80,14,77,1,65,113,40,53,75,57"/><T107/><D123/><U122/><E122/><V128/><F112/><W115/><G1/><T19/><D89/><U52/><E35/><V131/><F120/><W44/><G65/><T42/><D29/><U129/><E109/><V71/><F27/><W85/><G76/><T101/><D19/><U30/><E129/><N who="2" m="49739" /><F43/><W111/><G75/><T23/><D46/><U10/><E105/><V78/><F56/><W47/><G47/><T36/><D42/><U31/><E74/><AGARI ba="1,0" hai="26,28,32,62,64,71,74,78,83,132,133" m="49739" machi="74" ten="30,2000,0" yaku="19,1,23,1" doraHai="7" who="2" fromWho="1" sc="430,0,190,-23,190,23,190,0" /><INIT seed="1,0,0,4,5,115" ten="430,167,213,190" oya="1" hai0="68,127,19,119,39,80,50,117,98,132,5,114,99" hai1="93,24,84,126,45,22,89,108,27,91,6,125,48" hai2="128,133,82,33,42,116,135,60,32,107,36,71,49" hai3="75,129,7,121,109,26,57,103,54,83,70,51,25"/><U130/><E130/><V2/><F49/><W73/><G121/><T46/><D39/><U3/><E108/><V9/><F82/><W28/><G70/><T40/><D68/><U56/><E3/><V41/><F107/><W55/><G129/><T1/><D114/><U74/><E74/><V18/><F18/><W38/><G38/><T53/><D127/><U15/><E56/><V61/><F128/><W37/><G37/><T10/><D132/><U65/><E65/><V113/><F113/><W35/><G109/><T101/><D80/><U87/><E126/><V100/><F100/><W78/><G103/><T43/><D99/><U88/><E125/><V85/><F85/><N who="1" m="32841" /><E93/><V17/><F36/><W44/><G25/><T124/><D124/><U76/><E76/><V11/><F71/><W131/><G131/><T16/><D43/><N who="1" m="24639" /><E22/><V79/><F79/><W134/><G134/><T52/><D40/><U111/><E111/><V77/><F77/><W95/><G95/><T66/><D66/><U4/><E4/><V96/><F2/><W34/><G7/><T67/><D67/><U123/><E123/><V105/><F105/><W14/><G75/><T59/><D59/><U72/><E72/><V81/><F81/><W106/><G106/><T112/><D112/><U0/><E0/><V64/><F64/><W122/><G122/><T47/><D98/><U94/><E94/><V102/><F96/><W23/><G14/><T90/><D1/><U118/><E118/><V63/><F116/><W104/><G104/><T97/><D119/><U92/><E92/><V86/><F135/><RYUUKYOKU ba="0,0" sc="430,-15,167,15,213,-15,190,15" hai1="6,15,24,27,88,89,91" hai3="23,26,28,34,35,44,51,54,55,57,73,78,83" /><INIT seed="1,1,0,5,2,113" ten="415,182,198,205" oya="1" hai0="11,13,49,77,2,126,92,26,33,24,8,71,95" hai1="89,64,123,116,115,119,67,60,83,133,21,85,5" hai2="96,74,72,111,66,57,134,131,63,86,7,40,47" hai3="118,91,79,38,76,104,101,30,117,36,3,97,109"/><U39/><E115/><V65/><F111/><W22/><G3/><T23/><D71/><U114/><E114/><V14/><F131/><W124/><G109/><T121/><D33/><U41/><E123/><V132/><F66/><W50/><G50/><T28/><D126/><U88/><E5/><V27/><F96/><W25/><G91/><T56/><D2/><U16/><E133/><V128/><F128/><W20/><G20/><T44/><D26/><U45/><E89/><V110/><F110/><W42/><G124/><T37/><D37/><N who="3" m="14441" /><G42/><T75/><D56/><U99/><E99/><V43/><F43/><W18/><G18/><T53/><D8/><U52/><E52/><V105/><F40/><W12/><G12/><T32/><D23/><U80/><E80/><V98/><F14/><W87/><G87/><T19/><D121/><U31/><E31/><V127/><F86/><W6/><G6/><T17/><D17/><U135/><E135/><V106/><F7/><W125/><G125/><T93/><D77/><U94/><E83/><V69/><F127/><W129/><G129/><T81/><D81/><U102/><E102/><V100/><F100/><W70/><G70/><T73/><AGARI ba="1,0" hai="11,13,19,24,28,32,44,49,53,73,75,92,93,95" machi="73" ten="30,1100,0" yaku="0,1" doraHai="113" who="0" fromWho="0" sc="415,14,182,-6,198,-4,205,-4" /><INIT seed="2,0,0,0,5,77" ten="429,176,194,201" oya="2" hai0="24,1,93,131,128,100,102,62,103,9,48,87,57" hai1="32,40,29,26,101,35,126,123,49,109,25,134,129" hai2="73,23,7,41,88,37,22,28,33,8,27,115,83" hai3="90,20,132,80,79,17,124,116,61,60,54,6,106"/><V133/><F133/><W67/><G106/><T84/><D48/><U12/><E101/><V94/><F115/><W3/><G116/><T18/><D93/><U111/><E40/><V15/><F37/><W47/><G124/><T52/><D24/><U105/><E105/><V59/><F41/><W21/><G132/><T58/><D58/><U121/><E49/><V5/><F5/><W82/><G3/><T31/><D31/><N who="1" m="19567" /><E134/><V66/><F73/><W78/><G6/><N who="0" m="1231" /><D18/><U118/><E118/><V70/><F70/><W34/><G34/><T46/><D46/><U4/><E126/><V0/><F0/><W76/><G90/><T125/><D125/><U71/><E129/><AGARI ba="0,0" hai="52,57,62,84,87,100,102,103,128,129,131" m="1231" machi="129" ten="30,2000,0" yaku="19,1,54,1" doraHai="77" who="0" fromWho="1" sc="429,20,176,-20,194,0,201,0" /><INIT seed="3,0,0,1,1,132" ten="449,156,194,201" oya="3" hai0="28,20,36,81,61,24,31,84,105,18,109,21,128" hai1="95,116,6,111,23,126,27,74,50,64,73,51,8" hai2="121,127,49,0,62,69,83,124,4,99,11,117,30" hai3="7,55,32,96,17,2,47,41,80,85,33,37,70"/><W93/><G70/><T97/><D36/><U10/><E111/><V129/><F117/><W77/><G17/><T26/><D128/><U114/><E114/><V133/><F133/><W40/><G40/><T68/><D109/><U53/><E64/><N who="2" m="41111" /><F129/><W5/><G55/><T29/><D105/><U9/><E116/><V44/><F83/><W78/><G78/><T119/><D97/><U125/><E6/><V57/><F99/><W45/><G45/><T115/><D115/><U134/><E95/><V54/><F30/><W72/><G85/><T110/><D110/><U120/><E134/><V107/><F107/><W75/><G75/><N who="1" m="28682" /><E53/><V86/><F86/><W118/><G118/><T58/><D68/><U1/><E1/><V87/><F87/><W92/><G92/><T76/><D119/><U122/><E23/><V103/><F103/><W100/><G7/><T59/><D59/><U90/><E27/><V15/><F0/><W22/><G22/><T94/><D94/><U43/><E90/><V16/><F4/><W42/><G42/><T34/><D34/><U98/><E98/><V65/><F121/><N who="1" m="46697" /><E43/><V39/><F65/><AGARI ba="0,0" hai="18,20,21,24,26,28,29,31,58,61,65,76,81,84" machi="65" ten="30,2000,0" yaku="7,1,8,1" doraHai="132" who="0" fromWho="2" sc="449,20,156,0,194,-20,201,0" owari="469,56.9,156,-34.4,174,-22.6,201,0.1" /></mjloggm>