<mjloggm ver="2.3"><GO type="225" lobby="0"/><UN n0="%E3%81%9F%E3%81%8C%E3%82%84%E3%81%99" n1="%6A%70%74%77%61%32" n2="%E3%81%BF%E3%81%BF%E3%81%9A" n3="%E3%83%8F%E3%82%A4%E3%83%91%E3%83%BC%E3%83%84%E3%83%8A%E7%BC%B6" dan="16,16,17,16" rate="2175.11,2066.28,2208.14,2090.54" sx="M,M,M,M"/><TAIKYOKU oya="0"/><INIT seed="0,0,0,0,0,128" ten="250,250,250,250" oya="0" hai0="84,18,125,64,4,25,0,127,38,50,126,83,112" hai1="29,53,15,26,19,52,40,75,56,102,30,80,135" hai2="110,73,86,87,35,130,85,101,9,34,98,12,134" hai3="51,72,109,46,44,59,95,17,93,71,54,74,42"/><T82/><D38/><U96/><E40/><V108/><F73/><W7/><G71/><T67/><D112/><U58/><E135/><V100/><F130/><W118/><G118/><T6/><D50/><U45/><E75/><V99/><F12/><W27/><G109/><N who="2" m="42089" /><F9/><W57/><G7/><N who="0" m="2603" /><D0/><U78/><E78/><V28/><F28/><W16/><G42/><T43/><D43/><U81/><E102/><N who="2" m="39531" /><F134/><W92/><G27/><T133/><D133/><U20/><E96/><AGARI ba="0,0" hai="34,35,85,86,87,96,98,99" m="39531,42089" machi="96" ten="40,5200,0" yaku="28,2,14,1" doraHai="128" who="2" fromWho="1" sc="250,0,250,-52,250,52,250,0" /><INIT seed="1,0,0,3,3,10" ten="250,198,302,250" oya="1" hai0="86,103,45,48,127,47,35,52,57,83,108,14,49" hai1="19,82,8,80,93,125,27,121,55,79,22,30,109" hai2="61,66,74,77,97,106,134,68,24,98,118,126,63" hai3="73,65,119,28,69,40,85,101,112,41,5,122,100"/><U130/><E121/><V81/><F118/><W43/><G122/><T123/><D35/><U70/><E125/><V117/><F126/><W71/><G73/><T20/><D123/><U62/><E130/><V26/><F117/><W96/><G119/><T87/><D127/><U21/><E109/><V1/><F134/><W42/><G112/><T111/><D103/><U23/><E93/><V133/><F133/><W89/><G65/><T107/><D107/><U129/><E129/><V64/><F1/><W13/><G28/><T3/><D3/><U36/><E36/><V16/><F106/><W25/><G25/><T102/><D102/><U72/><E82/><V124/><F124/><W90/><G100/><T38/><D38/><U95/><E95/><V0/><F0/><W113/><G113/><T32/><D32/><U88/><E88/><V29/><F24/><W104/><G89/><N who="0" m="51423" /><D87/><U44/><E70/><V78/><F78/><W17/><G5/><T9/><D20/><U31/><E31/><V34/><F16/><W67/><G67/><T46/><D111/><U37/><E37/><V110/><F110/><W114/><G114/><T116/><D116/><U15/><REACH who="1" step="1"/><E62/><REACH who="1" ten="250,188,302,250" step="2"/><V120/><F120/><W11/><N who="3" m="10240" /><DORA hai="39" /><W91/><REACH who="3" step="1"/><G90/><REACH who="3" ten="250,188,302,240" step="2"/><T58/><D108/><U99/><E99/><V12/><F29/><W128/><G128/><T54/><D58/><U84/><E84/><V51/><F68/><W56/><G56/><T6/><AGARI ba="0,2" hai="6,9,14,45,46,47,48,49,52,54,57" m="51423" machi="6" ten="30,4000,0" yaku="8,1,52,1,54,1" doraHai="10,39" who="0" fromWho="0" sc="250,60,188,-20,302,-10,240,-10" /><INIT seed="2,0,0,1,0,46" ten="310,168,292,230" oya="2" hai0="76,17,103,14,91,75,44,84,7,37,58,21,82" hai1="13,24,133,48,2,16,4,52,135,130,77,8,57" hai2="15,71,111,102,26,28,66,129,128,67,92,25,47" hai3="80,59,30,63,29,20,132,94,43,32,38,53,120"/><V123/><F123/><W69/><G120/><T101/><D7/><U97/><E130/><N who="2" m="50283" /><F111/><W23/><G132/><N who="1" m="50762" /><E77/><V36/><F15/><W96/><G80/><T73/><D73/><U99/><E24/><N who="2" m="9323" /><F28/><N who="3" m="10859" /><G38/><T112/><D112/><U5/><E5/><V118/><F118/><W109/><G69/><T39/><D39/><U31/><E31/><V134/><F134/><W88/><G32/><T60/><D44/><U65/><E65/><V12/><F12/><W62/><G109/><T110/><D37/><U56/><E56/><V83/><F83/><W85/><G43/><T9/><D110/><U95/><E95/><V81/><F81/><N who="3" m="49199" /><G63/><T19/><D75/><U107/><E107/><V108/><F108/><W100/><AGARI ba="0,0" hai="20,23,53,59,62,94,96,100" m="49199,10859" machi="100" ten="30,2000,0" yaku="8,1,54,1" doraHai="46" who="3" fromWho="3" sc="310,-5,168,-5,292,-10,230,20" /><INIT seed="3,0,0,5,4,58" ten="305,163,282,250" oya="3" hai0="47,54,119,75,59,17,130,41,90,3,113,131,73" hai1="12,51,23,112,122,55,61,101,7,74,121,66,95" hai2="14,82,63,127,6,26,30,8,45,53,117,19,114" hai3="109,79,50,86,116,135,76,64,108,11,87,100,36"/><W18/><G36/><N who="0" m="21927" /><D3/><U25/><E74/><V98/><F127/><W67/><G116/><T35/><D119/><U80/><E112/><V1/><F117/><W62/><G100/><T133/><D35/><U69/><E80/><V4/><F114/><W21/><G11/><T91/><D17/><U97/><E12/><V52/><F1/><W96/><G96/><T124/><D113/><U71/><E7/><V104/><F104/><W34/><G34/><T37/><D37/><U89/><E101/><V105/><F105/><W15/><G50/><N who="0" m="31191" /><D133/><U60/><E60/><V20/><F98/><W78/><G135/><T106/><D106/><U107/><E71/><V77/><F63/><W40/><G40/><T32/><D32/><U115/><E107/><V22/><F45/><W99/><G99/><T24/><D24/><U31/><REACH who="1" step="1"/><E115/><REACH who="1" ten="305,153,282,250" step="2"/><V2/><F4/><W5/><G5/><T134/><D134/><U57/><AGARI ba="0,1" hai="23,25,31,51,55,57,61,66,69,89,95,97,121,122" machi="57" ten="20,8000,1" yaku="1,1,2,1,0,1,7,1,52,1,53,0" doraHai="58" doraHaiUra="0" who="1" fromWho="1" sc="305,-20,153,90,282,-20,250,-40" /><INIT seed="4,0,0,2,1,32" ten="285,243,262,210" oya="0" hai0="121,97,38,118,87,28,125,108,15,64,34,53,68" hai1="74,110,94,93,84,30,25,1,116,122,82,100,134" hai2="21,129,89,126,65,49,132,91,37,109,39,17,106" hai3="113,26,22,96,98,41,27,40,36,20,71,52,115"/><T59/><D38/><U23/><E116/><V8/><F109/><W12/><G71/><T55/><D118/><U72/><E122/><V13/><F106/><W124/><G12/><T120/><D108/><U42/><E110/><V107/><F107/><W76/><G76/><T2/><D2/><U48/><E134/><V111/><F111/><W112/><G124/><T88/><D125/><U104/><E104/><V61/><F126/><W3/><G3/><T105/><D15/><U79/><E1/><V119/><F119/><W44/><G41/><T43/><D43/><U123/><E123/><V9/><F132/><W83/><G83/><N who="0" m="49279" /><D59/><U57/><E57/><N who="2" m="37039" /><F129/><W18/><REACH who="3" step="1"/><G52/><REACH who="3" ten="285,243,262,200" step="2"/><T56/><D68/><U4/><E42/><V35/><F13/><W46/><G46/><T19/><D55/><U70/><E70/><V29/><F8/><W75/><G75/><T101/><D53/><U47/><E72/><V80/><F9/><W7/><G7/><T5/><D5/><U86/><E74/><V45/><F80/><W78/><G78/><T11/><D56/><U81/><E4/><V33/><F45/><W58/><G58/><T102/><D64/><U135/><E135/><V117/><F117/><W66/><G66/><T50/><D121/><U60/><E60/><V14/><F49/><W90/><G90/><T31/><D120/><U10/><E10/><N who="2" m="6359" /><F91/><W92/><G92/><N who="0" m="58535" /><D50/><U73/><E73/><V16/><F89/><W77/><G77/><T114/><D11/><U130/><E79/><V54/><F54/><W103/><G103/><T131/><D102/><U133/><E100/><RYUUKYOKU ba="0,1" sc="285,-10,243,-10,262,-10,200,30" hai3="18,20,22,26,27,36,40,44,96,98,112,113,115" /><INIT seed="5,1,1,4,2,91" ten="275,233,252,230" oya="1" hai0="57,128,16,109,23,32,81,75,1,42,36,111,113" hai1="101,135,106,99,70,21,112,56,11,47,84,0,6" hai2="26,20,2,86,46,125,17,78,76,107,71,15,38" hai3="37,104,72,52,114,92,122,39,33,126,65,22,129"/><U24/><E112/><V93/><F2/><W10/><G10/><T41/><D32/><U30/><E70/><V54/><F107/><W100/><G22/><T67/><D1/><U3/><E135/><V79/><F71/><W51/><G100/><T64/><D113/><U45/><E0/><V40/><F125/><W102/><G102/><T105/><D105/><U49/><REACH who="1" step="1"/><E84/><REACH who="1" ten="275,223,252,230" step="2"/><V85/><F85/><W53/><G114/><T103/><D111/><U12/><E12/><V90/><REACH who="2" step="1"/><F54/><AGARI ba="1,2" hai="3,6,11,21,24,30,45,47,49,54,56,99,101,106" machi="54" ten="40,2000,0" yaku="1,1,53,0" doraHai="91" doraHaiUra="29" who="1" fromWho="2" sc="275,0,223,43,252,-23,230,0" /><INIT seed="5,2,0,3,0,68" ten="275,266,229,230" oya="1" hai0="106,36,44,75,48,97,15,113,110,108,56,78,109" hai1="118,34,9,61,134,26,69,90,14,119,84,66,46" hai2="93,135,112,39,111,54,45,126,51,94,89,121,122" hai3="11,19,58,114,65,91,104,47,18,107,7,20,62"/><U32/><E134/><V49/><F111/><W115/><G47/><T120/><D75/><U71/><E71/><V74/><F135/><W53/><G65/><T105/><D78/><U127/><E127/><V128/><F126/><W64/><G64/><T37/><D56/><U42/><E119/><V102/><F74/><W132/><G132/><T22/><D113/><N who="3" m="43017" /><G91/><T41/><D120/><U73/><E73/><V8/><F112/><W117/><G117/><T0/><D0/><U38/><E26/><V25/><F128/><W98/><G98/><T5/><D97/><U87/><E118/><V30/><F102/><W16/><G20/><T10/><REACH who="0" step="1"/><D22/><REACH who="0" ten="265,266,229,230" step="2"/><U77/><E77/><V72/><F72/><W83/><G83/><T99/><D99/><U92/><E87/><V33/><F8/><W55/><G55/><T67/><D67/><U124/><E124/><V123/><F89/><W31/><G31/><T130/><D130/><U60/><E60/><V57/><REACH who="2" step="1"/><F39/><AGARI ba="2,1" hai="5,10,15,36,37,39,41,44,48,105,106,108,109,110" machi="39" ten="50,8000,1" yaku="1,1,52,3,53,1" doraHai="68" doraHaiUra="40" who="0" fromWho="2" sc="265,96,266,0,229,-86,230,0" owari="361,46.1,266,6.6,143,-35.7,230,-17.0" /></mjloggm>