<mjloggm ver="2.3"><GO type="225" lobby="0"/><UN n0="%E5%A4%9C%E5%85%89%E5%A4%A9%E6%A5%BC" n1="%E3%81%AF%E3%82%88%E3%81%8A%E3%81%98%E3%81%95%E3%82%93" n2="%E7%99%BD%E6%97%A5%E9%9B%AA%E8%8F%9C" n3="%E3%81%B5%E3%81%98%E3%81%8B%E3%81%A4" dan="17,17,17,16" rate="2118.17,2166.82,2202.25,2168.04" sx="M,M,M,M"/><TAIKYOKU oya="0"/><INIT seed="0,0,0,0,3,109" ten="250,250,250,250" oya="0" hai0="124,38,88,40,20,45,83,53,101,2,0,6,36" hai1="126,92,103,35,60,87,112,47,133,41,80,102,98" hai2="17,117,85,28,119,106,62,51,95,59,67,56,91" hai3="48,3,12,23,97,128,84,27,71,120,94,5,46"/><T26/><D124/><U42/><E35/><V116/><F106/><W24/><G71/><T114/><D38/><U21/><E126/><V110/><F110/><W25/><G128/><T69/><D101/><U76/><E133/><V32/><F17/><W65/><G65/><T99/><D69/><U52/><E112/><V16/><F28/><W74/><G74/><T1/><D114/><U130/><E130/><V125/><F32/><W22/><G120/><T33/><D33/><U70/><E103/><V105/><F105/><W73/><G73/><T7/><D53/><U57/><E70/><N who="2" m="42359" /><F125/><W49/><G84/><T8/><D7/><U121/><E121/><V134/><F134/><W132/><G132/><T54/><D54/><U9/><E47/><V50/><F16/><N who="3" m="10503" /><G3/><T108/><D108/><U86/><E9/><V44/><F51/><N who="3" m="19531" /><G5/><T34/><D34/><U135/><E135/><V43/><AGARI ba="0,0" hai="43,44,50,56,59,85,91,95,116,117,119" m="42359" machi="43" ten="30,1100,0" yaku="12,1" doraHai="109" who="2" fromWho="2" sc="250,-5,250,-3,250,11,250,-3" /><INIT seed="1,0,0,3,5,133" ten="245,247,261,247" oya="1" hai0="34,26,123,61,135,16,60,66,117,55,96,134,10" hai1="23,121,84,89,30,40,98,110,27,126,105,7,128" hai2="31,48,19,32,15,101,111,102,42,24,118,130,45" hai3="77,119,35,87,86,79,103,62,39,132,33,41,122"/><U54/><E121/><V76/><F118/><W57/><G122/><T63/><D123/><U109/><E128/><V82/><F111/><N who="1" m="42505" /><E40/><V90/><F90/><W9/><G132/><N who="0" m="50731" /><D117/><U106/><E7/><V74/><REACH who="2" step="1"/><F130/><REACH who="2" ten="245,247,251,247" step="2"/><W58/><G119/><T73/><D66/><U8/><E89/><V65/><F65/><W38/><G103/><T17/><D55/><U4/><E54/><V3/><F3/><W5/><G41/><T83/><D96/><U116/><E116/><V95/><F95/><W29/><G38/><T12/><D83/><U20/><E98/><V18/><F18/><W6/><G39/><T99/><D99/><U113/><E105/><V69/><F69/><W104/><G104/><T93/><D93/><U112/><E106/><V125/><F125/><W37/><G37/><T21/><D34/><N who="1" m="20831" /><E126/><V53/><F53/><W71/><G71/><T78/><D78/><U120/><E120/><V11/><AGARI ba="0,1" hai="11,15,19,24,31,32,42,45,48,74,76,82,101,102" machi="11" ten="20,2700,0" yaku="1,1,0,1,7,1,53,0" doraHai="133" doraHaiUra="0" who="2" fromWho="2" sc="245,-7,247,-13,251,37,247,-7" /><INIT seed="2,0,0,3,2,79" ten="238,234,288,240" oya="2" hai0="43,75,85,113,115,116,106,47,37,90,84,74,109" hai1="30,34,92,126,58,69,62,108,125,131,51,129,99" hai2="48,103,114,104,120,63,134,2,54,112,77,66,70" hai3="55,1,11,110,31,26,45,14,118,87,94,59,61"/><V4/><F120/><W0/><G110/><T96/><D109/><U133/><E108/><V44/><F134/><W67/><G118/><T65/><D116/><U73/><E73/><N who="0" m="27657" /><D65/><N who="1" m="41143" /><E30/><V33/><F77/><W86/><G0/><T130/><D85/><U105/><E34/><V21/><F33/><W18/><G1/><T135/><D135/><U17/><E105/><V119/><F119/><W57/><G94/><T13/><D13/><U50/><E17/><V12/><F2/><W128/><G128/><N who="1" m="49226" /><E133/><V76/><F76/><W111/><G45/><T52/><D130/><U3/><E3/><V19/><REACH who="2" step="1"/><F4/><REACH who="2" ten="238,234,278,240" step="2"/><W81/><G111/><T8/><D115/><U71/><E126/><V28/><F28/><W121/><G121/><T91/><D113/><U68/><E125/><V46/><F46/><W20/><G59/><T88/><D47/><U6/><E6/><V78/><F78/><N who="3" m="46391" /><G87/><T27/><D84/><U60/><E71/><V7/><F7/><N who="3" m="3455" /><G67/><T82/><D82/><U42/><E68/><V132/><F132/><W39/><G39/><T9/><D37/><U29/><E29/><AGARI ba="0,1" hai="18,20,26,29,31,55,57,61" m="3455,46391" machi="29" ten="30,2000,0" yaku="8,1,52,1" doraHai="79" who="3" fromWho="1" sc="238,0,234,-20,278,0,240,30" /><INIT seed="3,0,0,3,5,66" ten="238,214,278,270" oya="3" hai0="82,125,118,76,46,53,0,61,54,111,122,88,63" hai1="75,7,132,100,16,36,69,103,121,135,39,5,64" hai2="27,57,40,124,77,65,119,98,12,8,58,102,109" hai3="116,90,59,28,81,86,105,117,33,11,126,50,83"/><W89/><G105/><T131/><D118/><U68/><E64/><V41/><F119/><W73/><G126/><T120/><D0/><U85/><E85/><V129/><F124/><W91/><G33/><T24/><D125/><U107/><E107/><V71/><F77/><W80/><G28/><T74/><D131/><U70/><E16/><V1/><F1/><W10/><G73/><T30/><D111/><U101/><E75/><V35/><F109/><W13/><G116/><T99/><D120/><U4/><E121/><V134/><F134/><AGARI ba="0,0" hai="4,5,7,36,39,68,69,70,100,101,103,132,134,135" machi="134" ten="50,16000,3" yaku="29,2,28,2,20,1,52,3" doraHai="66" who="1" fromWho="2" sc="238,0,214,160,278,-160,270,0" owari="238,-16.2,374,47.4,118,-38.2,270,7.0" /></mjloggm>