<mjloggm ver="2.3"><GO type="225" lobby="0"/><UN n0="%72%69%6F%75%63%68%61%6E" n1="%E3%82%B3%E3%83%90%E3%83%AC%E3%82%A4" n2="%E6%A1%9C%E8%8A%B1%E9%96%83%E3%80%85" n3="%6D%75%75%73%61%6E%6D%75" dan="16,16,16,17" rate="2154.32,2117.89,2224.79,2184.55" sx="M,M,M,F"/><TAIKYOKU oya="0"/><INIT seed="0,0,0,0,4,107" ten="250,250,250,250" oya="0" hai0="39,29,11,23,126,24,5,110,74,113,48,30,34" hai1="22,76,72,25,78,93,120,20,117,95,19,36,42" hai2="129,77,8,41,14,43,85,111,81,1,9,33,132" hai3="90,116,31,131,127,92,79,12,88,102,67,16,64"/><T109/><D39/><U38/><E117/><V86/><F111/><N who="0" m="42506" /><D113/><U84/><E84/><V115/><F115/><W135/><G116/><T103/><D103/><U49/><E49/><V75/><F33/><W83/><G127/><T13/><D48/><U97/><E42/><V54/><F132/><W119/><G119/><T73/><D126/><U61/><E61/><V71/><F71/><W106/><G135/><T50/><D50/><U98/><E25/><AGARI ba="0,0" hai="5,11,13,23,24,25,29,30,34,73,74" m="42506" machi="25" ten="30,11600,0" yaku="14,1,10,1,52,2" doraHai="107" who="0" fromWho="1" sc="250,116,250,-116,250,0,250,0" /><INIT seed="0,1,0,3,0,120" ten="366,134,250,250" oya="0" hai0="106,2,101,21,121,91,48,18,67,103,8,33,23" hai1="7,105,5,88,6,132,66,45,36,135,56,124,44" hai2="20,102,54,129,79,125,32,87,72,39,34,60,62" hai3="86,37,85,77,71,42,73,22,1,27,10,117,40"/><T57/><D121/><U82/><E105/><V93/><F39/><W126/><G71/><T127/><D33/><U122/><E122/><V43/><F43/><W53/><G117/><T100/><D127/><U4/><E36/><V111/><F125/><W26/><G126/><T107/><D21/><U28/><E28/><V131/><F72/><W25/><G73/><T47/><D91/><U81/><E124/><V29/><F79/><W76/><G37/><T114/><D114/><U64/><E7/><V94/><F20/><W69/><G69/><T19/><D2/><U17/><E17/><V97/><F54/><W104/><G104/><T52/><D8/><U113/><E56/><V116/><F116/><W109/><G10/><T51/><D18/><U99/><E99/><V112/><F112/><W55/><G27/><T83/><D83/><N who="1" m="31755" /><E88/><N who="2" m="53407" /><F29/><W65/><G22/><T35/><D35/><U134/><E113/><V96/><F96/><W61/><G1/><T130/><D130/><N who="2" m="49674" /><F111/><W59/><G65/><AGARI ba="1,0" hai="4,5,6,44,45,64,65,66,132,134,135" m="31755" machi="65" ten="40,5200,0" yaku="28,2,20,1" doraHai="120" who="1" fromWho="3" sc="366,0,134,55,250,0,250,-55" /><INIT seed="1,0,0,4,3,135" ten="366,189,250,195" oya="1" hai0="21,90,71,133,30,94,88,15,89,68,53,102,119" hai1="24,52,73,121,46,27,83,97,32,110,59,16,58" hai2="123,55,63,118,104,111,45,44,0,86,47,101,125" hai3="61,56,79,115,75,67,13,74,62,28,130,33,112"/><U34/><E121/><V87/><F123/><W106/><G130/><T100/><D119/><U19/><E110/><V78/><F118/><W84/><G106/><T39/><D39/><U96/><E73/><V7/><F111/><W20/><G33/><T36/><D36/><U128/><E83/><V11/><F101/><N who="0" m="39018" /><D68/><U98/><E128/><V10/><F104/><W122/><G84/><T31/><D71/><U85/><E85/><V50/><F63/><W132/><G61/><T17/><D133/><U54/><E98/><V93/><F125/><W99/><G99/><N who="0" m="57799" /><D53/><U4/><E4/><V18/><F93/><W66/><G122/><T40/><D40/><U107/><E107/><V22/><F10/><W92/><G20/><T113/><D113/><U57/><REACH who="1" step="1"/><E57/><REACH who="1" ten="366,179,250,195" step="2"/><V5/><F5/><W127/><G56/><T65/><D65/><U116/><E116/><V51/><F78/><W8/><G79/><T35/><D35/><U43/><E43/><V134/><F134/><W1/><G132/><T95/><D90/><U108/><E108/><V37/><F86/><AGARI ba="0,1" hai="15,17,21,30,31,86,89,95" m="57799,39018" machi="86" ten="30,2000,0" yaku="8,1,54,1" doraHai="135" who="0" fromWho="2" sc="366,30,179,0,250,-20,195,0" /><INIT seed="2,0,0,0,2,79" ten="396,179,230,195" oya="2" hai0="119,41,56,5,29,71,18,67,97,57,53,91,83" hai1="62,115,74,135,54,87,25,39,123,21,0,106,9" hai2="58,72,52,104,116,70,23,11,96,81,85,86,84" hai3="120,51,40,63,47,12,80,88,99,77,1,98,101"/><V105/><F116/><W59/><G1/><T61/><D119/><U13/><E39/><V26/><F70/><W22/><G120/><T90/><D29/><U7/><E74/><V114/><F114/><W73/><G101/><T66/><D5/><U2/><E106/><V6/><F72/><W19/><REACH who="3" step="1"/><G88/><REACH who="3" ten="396,179,230,185" step="2"/><T34/><D91/><U92/><E123/><V50/><F96/><W4/><G4/><T111/><D90/><U28/><E115/><V109/><F109/><W107/><G107/><T31/><D97/><U37/><E135/><V49/><F104/><W15/><G15/><T128/><D111/><U125/><E125/><V46/><F105/><W20/><G20/><T69/><D34/><U102/><E2/><V78/><F6/><W89/><G89/><T44/><D128/><U127/><E127/><V93/><F93/><W100/><G100/><T126/><D126/><U130/><E130/><V60/><F11/><W133/><G133/><T45/><D31/><U10/><E102/><V35/><F35/><W42/><G42/><T32/><D32/><U131/><E131/><V8/><F8/><W38/><G38/><T48/><D18/><U16/><E37/><V14/><F14/><W113/><G113/><T24/><D24/><U33/><E92/><V124/><F124/><W68/><G68/><T121/><D121/><U117/><E117/><V76/><F23/><W129/><G129/><T134/><D134/><U108/><E108/><V17/><F26/><W27/><G27/><T122/><D122/><U82/><E10/><V94/><F94/><W110/><G110/><RYUUKYOKU ba="0,1" sc="396,-10,179,-10,230,-10,185,30" hai3="12,19,22,40,47,51,59,63,73,77,80,98,99" /><INIT seed="3,1,1,4,1,131" ten="386,169,220,215" oya="3" hai0="112,53,14,38,114,37,108,55,77,67,21,76,11" hai1="134,52,51,106,71,47,107,87,45,85,92,23,113" hai2="129,110,25,94,61,118,1,22,4,59,82,3,123" hai3="75,124,121,128,97,104,102,115,119,90,72,49,65"/><W125/><G115/><N who="0" m="44075" /><D108/><U66/><E113/><V26/><F118/><W40/><G119/><T18/><D67/><U10/><E134/><V69/><F69/><W73/><G121/><T133/><D133/><U103/><E107/><V48/><F129/><W32/><G128/><T130/><D130/><U56/><E106/><V89/><F110/><W96/><G32/><T24/><D53/><U62/><E10/><V93/><F26/><W127/><G65/><T99/><D99/><U8/><E8/><V91/><F48/><W7/><G7/><N who="0" m="3455" /><D55/><U17/><E87/><V30/><F123/><W15/><G15/><T80/><D76/><U100/><E100/><V9/><F1/><W20/><G20/><T34/><D34/><U33/><E33/><V83/><F61/><W105/><G49/><T6/><D6/><U12/><E103/><V117/><F117/><W19/><G19/><T57/><D57/><U42/><E42/><V111/><F59/><W70/><G40/><T44/><D44/><U58/><E71/><V2/><F111/><W79/><G70/><T135/><D135/><U50/><E50/><V120/><F120/><W35/><G35/><T28/><D28/><U88/><AGARI ba="1,1" hai="12,17,23,45,47,51,52,56,58,62,66,85,88,92" machi="88" ten="30,12000,2" yaku="0,1,25,2,8,1,54,2" doraHai="131" who="1" fromWho="1" sc="386,-31,169,133,220,-31,215,-61" owari="355,45.5,302,10.2,189,-21.1,154,-34.6" /></mjloggm>