<mjloggm ver="2.3"><GO type="225" lobby="0"/><UN n0="%E3%82%B2%E3%82%B9%E8%8C%82%E5%8B%9D" n1="%E4%BF%BA%E3%81%A8%E5%A6%96%E5%A4%A2" n2="%E6%81%A5%E6%99%92%E3%81%97" n3="%E6%97%A5%E6%9B%9C%E6%97%A5%E3%82%88%E3%82%8A%E3%81%AE%E4%BD%BF%E8%80%85" dan="16,17,16,16" rate="2094.09,2215.20,2138.03,2080.40" sx="F,F,M,M"/><TAIKYOKU oya="0"/><INIT seed="0,0,0,1,5,42" ten="250,250,250,250" oya="0" hai0="90,19,66,3,83,34,69,7,118,54,50,94,119" hai1="121,125,113,76,53,56,55,127,102,129,65,51,109" hai2="80,45,5,110,31,64,78,33,48,13,108,135,6" hai3="92,128,77,67,73,26,49,88,100,63,20,29,124"/><T18/><D34/><U36/><E76/><V68/><F135/><W9/><G124/><N who="1" m="47690" /><E102/><V71/><F31/><W81/><G128/><T12/><D83/><U117/><E121/><V95/><F33/><W79/><G79/><T122/><D122/><U52/><E129/><V17/><F95/><W106/><G106/><T15/><D3/><U111/><E113/><V58/><F58/><W93/><G100/><T39/><D39/><U28/><E28/><V101/><F101/><W37/><G37/><T35/><D35/><U46/><E117/><V30/><F30/><W107/><G107/><T134/><D134/><U99/><E99/><V11/><F71/><W120/><G120/><T132/><D132/><U114/><E114/><V23/><F64/><W70/><G9/><T84/><D7/><U116/><E116/><V38/><F68/><W91/><REACH who="3" step="1"/><G49/><REACH who="3" ten="250,250,250,240" step="2"/><T21/><D118/><U87/><E36/><V0/><F38/><W89/><AGARI ba="0,1" hai="20,26,29,63,67,70,73,77,81,88,89,91,92,93" machi="89" ten="30,12000,2" yaku="1,1,2,1,0,1,54,1,53,3" doraHai="42" doraHaiUra="86" who="3" fromWho="3" sc="250,-60,250,-30,250,-30,240,130" /><INIT seed="1,0,0,2,1,43" ten="190,220,220,370" oya="1" hai0="86,63,133,39,132,32,57,36,8,52,27,101,70" hai1="106,29,73,82,99,67,69,24,64,7,75,124,84" hai2="134,16,104,117,126,108,34,61,83,31,60,122,33" hai3="17,74,56,110,103,15,81,94,19,44,5,80,13"/><U90/><E124/><V30/><F104/><W51/><G74/><T2/><D70/><U98/><E7/><V77/><F122/><W123/><G56/><T26/><D101/><U91/><E98/><V111/><F126/><W65/><G65/><T78/><D2/><U115/><E115/><V95/><F95/><W9/><G110/><N who="2" m="42025" /><F134/><N who="0" m="51818" /><D8/><U1/><E1/><V113/><F117/><W119/><G119/><T47/><D32/><N who="2" m="12394" /><F113/><W14/><G123/><T109/><D109/><U38/><E38/><N who="0" m="14377" /><D47/><U102/><E90/><V130/><F130/><W100/><G5/><T72/><D72/><U62/><REACH who="1" step="1"/><E67/><REACH who="1" ten="190,210,220,370" step="2"/><V49/><F77/><W0/><G0/><T89/><D78/><U22/><AGARI ba="0,1" hai="22,24,29,62,64,69,73,75,82,84,91,99,102,106" machi="22" ten="20,7800,0" yaku="1,1,2,1,0,1,7,1,53,0" doraHai="43" doraHaiUra="42" who="1" fromWho="1" sc="190,-26,210,88,220,-26,370,-26" /><INIT seed="1,1,0,1,0,135" ten="164,298,194,344" oya="1" hai0="18,15,86,62,29,128,61,50,85,84,93,17,77" hai1="102,71,64,65,36,63,72,110,42,87,95,1,94" hai2="104,44,21,52,5,31,67,73,23,22,30,118,112" hai3="56,37,7,78,28,113,129,60,89,100,55,115,12"/><U40/><E72/><V74/><F118/><W131/><G37/><T35/><D128/><N who="3" m="49225" /><G100/><T107/><D107/><U88/><E1/><V58/><F104/><W69/><G78/><T54/><D35/><U39/><E110/><V4/><F112/><N who="3" m="43083" /><G28/><N who="2" m="10793" /><F73/><W45/><G45/><T98/><D29/><U124/><E65/><V119/><F119/><W92/><G69/><T132/><D132/><U79/><E79/><V127/><F74/><W57/><G57/><T103/><D77/><U0/><E0/><V68/><F68/><W91/><G92/><T9/><REACH who="0" step="1"/><D17/><REACH who="0" ten="154,298,194,344" step="2"/><U109/><E109/><V3/><F3/><W20/><G7/><T96/><D96/><U48/><E36/><V8/><F5/><W99/><G99/><T16/><D16/><AGARI ba="1,1" hai="12,16,20,55,56,60,89,91" m="43083,49225" machi="16" ten="30,2000,0" yaku="19,1,54,1" doraHai="135" who="3" fromWho="0" sc="154,-23,298,0,194,0,344,33" /><INIT seed="2,0,0,1,2,107" ten="131,298,194,377" oya="2" hai0="82,30,96,104,90,100,98,126,94,16,74,80,36" hai1="28,128,78,4,95,108,47,120,117,50,8,2,105" hai2="84,6,60,83,26,85,92,118,65,22,112,1,79" hai3="67,121,75,77,109,135,45,88,115,129,17,24,7"/><V63/><F118/><W15/><G121/><T32/><D36/><U71/><E117/><V132/><F132/><W68/><G68/><T54/><D126/><U51/><E105/><V89/><F112/><W61/><G7/><T123/><D123/><U5/><E120/><V57/><F1/><W46/><G77/><T124/><D124/><U116/><E116/><V130/><F130/><W35/><G75/><T37/><D37/><U0/><E71/><V42/><F6/><W64/><G24/><T125/><D125/><U13/><E128/><V106/><F106/><W134/><G35/><T99/><D30/><U29/><E108/><V9/><F9/><W69/><G67/><T113/><D32/><U33/><E78/><V87/><F42/><W23/><G129/><T48/><D113/><U114/><E114/><V97/><REACH who="2" step="1"/><F63/><REACH who="2" ten="131,298,184,377" step="2"/><W3/><G3/><T27/><D74/><U73/><E73/><V93/><F93/><W40/><G40/><T49/><D48/><U55/><E95/><V52/><F52/><W103/><G115/><T18/><D104/><U44/><E4/><V111/><F111/><W38/><G109/><T72/><D72/><U25/><E29/><AGARI ba="0,1" hai="22,26,29,57,60,65,79,83,84,85,87,89,92,97" machi="29" ten="30,18000,2" yaku="1,1,7,1,8,1,53,3" doraHai="107" doraHaiUra="81" who="2" fromWho="1" sc="131,0,298,-180,184,190,377,0" /><INIT seed="2,1,0,2,3,71" ten="131,118,374,377" oya="2" hai0="108,54,55,128,42,22,86,15,110,105,122,132,18" hai1="19,34,81,62,116,57,51,31,101,40,50,58,112" hai2="117,43,113,133,6,109,134,27,11,118,79,107,93" hai3="73,66,39,76,98,52,125,129,72,75,17,37,8"/><V60/><F107/><W131/><G66/><T70/><D122/><U47/><E112/><V35/><F79/><W114/><G114/><T5/><D70/><U90/><E116/><V10/><F113/><W25/><G125/><T61/><D105/><U1/><E1/><N who="2" m="335" /><F93/><W121/><G121/><T3/><D132/><N who="2" m="50794" /><F60/><W12/><G76/><T77/><D128/><N who="3" m="49225" /><G25/><T99/><D99/><U91/><E101/><V7/><F43/><W56/><G98/><T74/><D42/><U83/><E83/><V89/><F89/><W36/><G75/><T130/><D74/><U97/><E81/><V14/><F109/><N who="0" m="42090" /><D130/><U59/><E97/><V96/><F96/><W78/><G78/><T123/><D123/><U28/><E91/><V30/><AGARI ba="1,0" hai="7,11,14,27,30,35,117,118" m="50794,335" machi="30" ten="30,6000,0" yaku="20,1,34,2" doraHai="71" who="2" fromWho="2" sc="131,-21,118,-21,374,63,377,-21" /><INIT seed="2,2,0,4,3,98" ten="110,97,437,356" oya="2" hai0="93,46,4,49,11,13,42,78,75,0,80,33,20" hai1="36,95,62,129,99,116,86,104,112,110,81,96,26" hai2="27,47,87,77,102,115,59,63,103,55,135,74,90" hai3="71,65,32,17,37,53,72,118,66,92,45,25,101"/><V16/><F115/><W52/><G72/><T34/><REACH who="0" step="1"/><D93/><REACH who="0" ten="100,97,437,356" step="2"/><U51/><E95/><N who="2" m="54751" /><F135/><W94/><G92/><T97/><D97/><U130/><E99/><V19/><F74/><W54/><G94/><T12/><D12/><U89/><E96/><V109/><F109/><W68/><G118/><T105/><D105/><U131/><E104/><V10/><F77/><W40/><G101/><T29/><D29/><U7/><E110/><V58/><F102/><W2/><G2/><T56/><D56/><U43/><E116/><V31/><F103/><W132/><G132/><T64/><D64/><U127/><E112/><V106/><F106/><W91/><G91/><T88/><D88/><U3/><E89/><V8/><F58/><W5/><G66/><T117/><D117/><U14/><E14/><V123/><F31/><W6/><G65/><T18/><AGARI ba="2,1" hai="0,4,11,13,18,20,33,34,42,46,49,75,78,80" machi="18" ten="30,4000,0" yaku="21,2,0,1,53,0" doraHai="98" doraHaiUra="24" who="0" fromWho="0" sc="100,56,97,-12,437,-22,356,-12" /><INIT seed="3,0,0,3,0,14" ten="156,85,415,344" oya="3" hai0="76,117,108,61,109,90,35,2,100,3,123,69,79" hai1="135,33,1,129,63,114,97,27,87,102,96,53,78" hai2="86,11,29,98,131,67,25,93,36,58,116,5,126" hai3="26,42,122,127,19,88,84,95,104,70,82,17,110"/><W16/><G122/><T134/><D117/><U39/><E114/><V106/><F36/><W132/><G104/><T99/><D123/><U28/><E39/><V38/><F38/><W89/><G70/><T6/><D35/><U32/><E129/><V66/><F131/><W4/><G110/><N who="0" m="42603" /><D134/><U51/><E135/><V49/><F126/><W75/><G132/><T121/><D121/><U68/><E1/><N who="0" m="9" /><D6/><U18/><E33/><V37/><F37/><W111/><G111/><T52/><D90/><U31/><E63/><V8/><F106/><W83/><G127/><T9/><D9/><U45/><E68/><V124/><F116/><W47/><G4/><T81/><D81/><U40/><E31/><V71/><F49/><N who="3" m="26871" /><G75/><T130/><D130/><U118/><E118/><V46/><F71/><W56/><G89/><T64/><D52/><U125/><E125/><V41/><F58/><W92/><G82/><T23/><D23/><U54/><E78/><V103/><F124/><W77/><G77/><T73/><D73/><U34/><E34/><V43/><F5/><W101/><G101/><T120/><D120/><U21/><E87/><V65/><F86/><W91/><G91/><T7/><D7/><U55/><REACH who="1" step="1"/><E102/><REACH who="1" ten="156,75,415,344" step="2"/><V105/><F103/><W12/><G26/><AGARI ba="0,1" hai="18,21,26,27,28,32,40,45,51,53,54,55,96,97" machi="26" ten="40,8000,1" yaku="1,1,2,1,52,1,53,1" doraHai="14" doraHaiUra="44" who="1" fromWho="3" sc="156,0,75,90,415,0,344,-80" owari="156,-34.4,165,-23.5,415,51.5,264,6.4" /></mjloggm>