<mjloggm ver="2.3"><GO type="225" lobby="0"/><UN n0="%77%72%77%72%77%72%77%72" n1="%E5%91%89%E5%AF%8C%E6%98%A5" n2="%5C%28%E2%89%A7%E2%96%BD%E2%89%A6%29%2F" n3="%72%69%6F%75%63%68%61%6E" dan="17,16,16,16" rate="2173.03,2165.02,2058.80,2169.14" sx="M,M,M,M"/><TAIKYOKU oya="0"/><INIT seed="0,0,0,5,2,29" ten="250,250,250,250" oya="0" hai0="129,30,111,132,125,107,89,34,92,22,79,42,113" hai1="58,59,95,23,69,119,45,2,57,73,33,74,118" hai2="38,96,43,65,4,52,134,39,117,13,27,93,67" hai3="87,100,44,126,49,46,5,71,64,50,130,14,20"/><T112/><D107/><U36/><E69/><V6/><F134/><W75/><G75/><T82/><D132/><U102/><E2/><V54/><F117/><W84/><G126/><T121/><D121/><U108/><E108/><V3/><F3/><W51/><G130/><T68/><D68/><U120/><E120/><V26/><F13/><W0/><G100/><T72/><D129/><U9/><E9/><V28/><F28/><W31/><G0/><T114/><D125/><U55/><E23/><V32/><F93/><W17/><G5/><T81/><D111/><U109/><E109/><V56/><F96/><W94/><G31/><T37/><D82/><U47/><E36/><V25/><F25/><W66/><G87/><T106/><D106/><U7/><E7/><V78/><F56/><W135/><G135/><T41/><D22/><U83/><E59/><V99/><F99/><W8/><G8/><T86/><REACH who="0" step="1"/><D37/><REACH who="0" ten="240,250,250,250" step="2"/><U21/><E119/><V1/><F78/><W12/><G71/><T53/><D53/><U115/><E55/><V70/><F70/><W24/><G66/><T123/><D123/><U131/><E21/><V40/><F1/><W88/><G64/><T60/><D60/><U63/><E83/><V97/><F97/><W122/><G122/><T62/><D62/><U76/><E63/><V15/><REACH who="2" step="1"/><F15/><AGARI ba="0,1" hai="12,14,15,17,20,24,44,46,49,50,51,84,88,94" machi="15" ten="40,2600,0" yaku="8,1,54,1" doraHai="29" who="3" fromWho="2" sc="240,0,250,0,250,-26,250,36" /><INIT seed="1,0,0,0,0,16" ten="240,250,224,286" oya="1" hai0="4,112,27,128,30,43,133,32,135,115,7,74,116" hai1="10,110,59,61,45,55,77,25,90,39,103,46,79" hai2="99,89,85,63,108,80,76,91,36,17,101,122,119" hai3="70,20,67,131,82,102,107,29,66,3,14,50,60"/><U94/><E110/><V12/><F119/><W68/><G3/><T18/><D74/><U92/><E10/><V98/><F108/><W35/><G131/><T83/><D83/><U5/><E5/><N who="0" m="2121" /><D43/><U75/><E75/><V34/><F122/><W105/><G102/><T81/><D81/><U0/><E0/><V38/><F34/><W58/><G82/><T86/><D86/><U73/><E73/><V87/><F63/><W126/><G126/><T49/><D49/><U64/><E39/><V15/><F76/><N who="1" m="29257" /><E25/><V57/><F57/><W104/><G66/><T23/><D128/><U111/><E111/><V11/><F87/><W52/><G35/><T129/><D116/><U118/><E118/><V127/><F127/><W78/><G78/><T88/><D88/><U41/><E41/><V28/><F28/><W72/><G72/><T123/><D123/><U22/><E22/><V54/><F54/><W47/><REACH who="3" step="1"/><G14/><REACH who="3" ten="240,250,224,276" step="2"/><N who="0" m="9687" /><D129/><U26/><E64/><V96/><F101/><W97/><G97/><T84/><D84/><N who="1" m="52295" /><E26/><AGARI ba="0,1" hai="20,26,29,47,50,52,58,60,67,68,70,104,105,107" machi="26" ten="40,8000,1" yaku="1,1,52,1,54,1,53,2" doraHai="16" doraHaiUra="65" who="3" fromWho="1" sc="240,0,250,-80,224,0,276,90" /><INIT seed="2,0,0,3,0,130" ten="240,170,224,366" oya="2" hai0="22,109,131,42,134,133,88,71,9,103,62,90,75" hai1="100,129,13,53,17,55,20,97,34,120,74,51,28" hai2="110,116,27,70,135,89,107,2,36,12,67,132,58" hai3="112,126,65,18,72,38,33,105,5,73,77,69,7"/><V124/><F116/><W119/><G119/><T122/><D122/><U68/><E129/><V49/><F107/><W99/><G38/><T64/><D131/><U108/><E74/><V60/><F2/><W46/><G33/><T121/><D121/><U48/><E120/><V78/><F78/><W32/><G77/><T23/><D75/><U59/><E108/><V31/><F110/><W82/><G82/><T95/><D109/><U8/><E68/><V111/><F111/><W15/><G32/><T14/><D42/><U57/><E34/><V76/><F76/><W106/><G106/><T3/><D3/><U63/><E63/><V41/><F124/><W123/><G123/><T117/><D103/><U94/><REACH who="1" step="1"/><E28/><REACH who="1" ten="240,160,224,366" step="2"/><V4/><F70/><W47/><G69/><T43/><D117/><U87/><E87/><V21/><F36/><W16/><G73/><T6/><D62/><U30/><E30/><V26/><F31/><W50/><G72/><T45/><D71/><U83/><E83/><V0/><F60/><W39/><G39/><T29/><D29/><U86/><E86/><V101/><F67/><W40/><G65/><T81/><D81/><U54/><E54/><V25/><F41/><W37/><G40/><T98/><D64/><U125/><E125/><V104/><F104/><W66/><G105/><T115/><D43/><U11/><AGARI ba="0,1" hai="8,11,13,17,20,48,51,53,55,57,59,94,97,100" machi="11" ten="30,7900,0" yaku="1,1,0,1,9,1,8,1,53,0" doraHai="130" doraHaiUra="79" who="1" fromWho="1" sc="240,-20,160,89,224,-39,366,-20" /><INIT seed="3,0,0,0,4,23" ten="220,249,185,346" oya="3" hai0="120,103,6,126,98,16,78,15,96,85,30,94,10" hai1="100,50,92,27,91,49,65,133,115,48,35,104,64" hai2="119,36,93,122,20,82,11,131,12,123,5,13,114" hai3="66,26,129,90,53,111,73,81,89,54,110,63,132"/><W84/><G73/><T99/><D120/><N who="2" m="46122" /><F36/><W7/><G129/><T125/><D30/><U127/><E115/><V58/><F58/><N who="3" m="37239" /><G132/><T62/><D62/><U116/><E127/><N who="0" m="48649" /><D6/><U130/><E130/><V37/><F37/><W56/><G7/><T44/><D44/><U76/><E133/><V3/><F93/><W69/><G69/><T67/><D67/><U68/><E92/><V71/><F82/><AGARI ba="0,0" hai="10,15,16,78,82,85,94,96,98,99,103" m="48649" machi="82" ten="30,2000,0" yaku="18,1,54,1" doraHai="23" who="0" fromWho="2" sc="220,20,249,0,185,-20,346,0" owari="240,-16.0,249,4.9,165,-33.5,346,44.6" /></mjloggm>