<mjloggm ver="2.3"><GO type="225" lobby="0"/><UN n0="%E3%83%81%E3%83%83%E3%82%BF%E3%82%BD%E3%83%BC" n1="%72%65%6E%6B%75%6E" n2="%E3%80%90%E3%83%88%E3%83%AA%E3%83%A5%E3%83%95%E3%80%91" n3="%E7%89%B9%E6%9D%B1%E3%81%AF%E4%B8%96%E7%95%8C%E3%82%92%E6%95%91%E3%81%86" dan="17,17,16,16" rate="2200.99,2261.81,2029.75,2126.94" sx="F,M,M,M"/><TAIKYOKU oya="0"/><INIT seed="0,0,0,4,5,30" ten="250,250,250,250" oya="0" hai0="83,80,47,119,74,26,77,118,60,67,84,104,46" hai1="14,91,64,127,108,135,81,94,15,107,100,103,87" hai2="10,32,58,124,105,113,134,18,132,44,133,27,28" hai3="0,52,54,95,99,13,65,71,29,37,111,56,63"/><T116/><D104/><U102/><E108/><V106/><F44/><W19/><G111/><T68/><REACH who="0" step="1"/><D26/><REACH who="0" ten="240,250,250,250" step="2"/><U55/><E127/><V6/><F124/><W24/><G0/><T130/><D130/><U88/><E107/><V8/><F113/><W66/><G37/><T35/><D35/><U4/><E135/><V45/><F45/><W7/><G7/><T2/><D2/><U40/><E4/><V50/><F105/><W22/><G71/><T51/><D51/><U115/><E115/><V11/><F106/><W16/><G66/><T9/><D9/><N who="2" m="3690" /><F50/><W125/><G125/><T34/><D34/><U97/><E64/><V43/><F43/><W31/><G19/><T93/><D93/><U36/><E55/><N who="3" m="21034" /><G24/><T61/><D61/><U39/><REACH who="1" step="1"/><E39/><REACH who="1" ten="240,240,250,250" step="2"/><V59/><F18/><W112/><G112/><T78/><AGARI ba="0,2" hai="46,47,60,67,68,74,77,78,80,83,84,116,118,119" machi="78" ten="40,3900,0" yaku="1,1,0,1,53,0" doraHai="30" doraHaiUra="38" who="0" fromWho="0" sc="240,59,240,-13,250,-13,250,-13" /><INIT seed="0,1,0,5,0,67" ten="299,227,237,237" oya="0" hai0="57,98,126,105,62,40,96,50,49,13,82,88,56" hai1="116,45,99,3,86,125,11,76,132,115,90,21,93" hai2="17,15,123,30,75,79,109,36,31,73,60,92,7" hai3="44,71,42,114,94,78,117,128,104,131,89,84,65"/><T43/><D126/><U22/><E116/><V91/><F123/><W68/><G117/><T53/><D13/><U1/><E125/><V101/><F109/><W95/><G104/><T4/><D4/><U69/><E69/><V39/><F101/><W74/><G114/><T38/><D38/><U106/><E115/><V19/><F60/><W121/><G121/><T83/><D105/><U14/><E132/><V122/><F7/><W70/><G95/><T52/><D62/><U29/><E45/><V51/><F122/><W81/><REACH who="3" step="1"/><G65/><REACH who="3" ten="299,227,237,227" step="2"/><T119/><D119/><U124/><E106/><V23/><F92/><W18/><G18/><T64/><D64/><U5/><E124/><V61/><F19/><W46/><G46/><T63/><D63/><U37/><E93/><V72/><F61/><W66/><G66/><T9/><D9/><U135/><E135/><V80/><F31/><W16/><G16/><T48/><D43/><U111/><E29/><V55/><F30/><W134/><G134/><T113/><D40/><U100/><E5/><V112/><F112/><W34/><G34/><T85/><D113/><U58/><E111/><V102/><F39/><AGARI ba="1,1" hai="39,42,44,68,70,71,74,78,81,84,89,94,128,131" machi="39" ten="40,8000,1" yaku="1,1,52,3,53,0" doraHai="67" doraHaiUra="118" who="3" fromWho="2" sc="299,0,227,0,237,-83,227,93" /><INIT seed="1,0,0,5,1,55" ten="299,227,154,320" oya="1" hai0="39,102,122,7,41,97,107,109,5,59,90,57,9" hai1="82,89,103,62,67,66,131,40,56,35,134,78,2" hai2="116,38,14,21,135,110,101,133,42,32,72,6,53" hai3="25,92,128,45,119,64,18,126,34,58,106,111,20"/><U30/><E2/><V22/><F116/><W88/><G106/><T28/><D109/><U13/><E134/><N who="2" m="51211" /><F110/><W60/><G111/><T44/><D122/><U86/><E131/><V108/><F108/><W54/><G128/><T79/><D28/><U26/><E103/><V120/><F32/><W117/><G126/><T77/><D5/><U69/><E40/><V1/><F72/><W118/><G34/><T74/><D90/><U46/><E46/><N who="2" m="23895" /><F120/><W127/><G127/><T121/><D121/><U73/><E13/><V123/><F123/><W76/><G76/><T63/><D63/><U36/><E36/><V80/><F80/><W94/><G88/><T33/><D33/><U129/><E129/><V29/><F101/><W50/><AGARI ba="0,0" hai="18,20,25,45,50,54,58,60,64,92,94,117,118,119" machi="50" ten="40,5200,0" yaku="0,1,12,1,52,1" doraHai="55" who="3" fromWho="3" sc="299,-13,227,-26,154,-13,320,52" /><INIT seed="2,0,0,0,5,72" ten="286,201,141,372" oya="2" hai0="3,37,36,8,39,126,17,71,25,87,109,26,70" hai1="15,67,116,105,92,117,81,90,91,14,101,10,60" hai2="16,74,2,96,100,28,44,86,84,21,23,32,27" hai3="61,40,107,80,115,78,7,118,59,79,111,124,131"/><V114/><F114/><W31/><G118/><T22/><D109/><U94/><E105/><V102/><F74/><W134/><G107/><T93/><D126/><U69/><E101/><V34/><F2/><W57/><G31/><T77/><D25/><U30/><E30/><V121/><F121/><W73/><G7/><T88/><REACH who="0" step="1"/><D77/><REACH who="0" ten="276,201,141,372" step="2"/><U108/><E108/><V35/><F44/><W119/><G78/><T66/><D66/><U125/><E125/><V98/><F102/><W19/><G79/><T43/><D43/><U20/><E116/><V112/><F112/><W52/><G40/><T24/><D24/><U45/><E67/><V82/><F100/><W33/><G111/><T11/><D11/><U68/><E10/><V65/><F65/><W29/><G124/><T54/><D54/><U130/><E117/><V95/><F95/><W6/><G52/><T97/><D97/><U50/><E94/><V5/><F5/><AGARI ba="0,1" hai="3,5,8,17,22,26,36,37,39,70,71,87,88,93" machi="5" ten="40,2600,0" yaku="1,1,54,1,53,0" doraHai="72" doraHaiUra="47" who="0" fromWho="2" sc="276,36,201,0,141,-26,372,0" /><INIT seed="3,0,0,0,1,71" ten="312,201,115,372" oya="3" hai0="47,6,15,74,50,22,111,8,120,105,3,65,14" hai1="54,81,64,95,66,107,16,132,70,112,4,0,49" hai2="19,94,48,40,87,75,114,77,67,116,11,33,89" hai3="2,35,88,61,55,117,92,21,1,109,86,46,100"/><W83/><G35/><T12/><D111/><U10/><E107/><V60/><F114/><W124/><G117/><T106/><D120/><U127/><E112/><V38/><F33/><W97/><G109/><T123/><D123/><U30/><E30/><V42/><F116/><W126/><G21/><T122/><D122/><U7/><E7/><V119/><F119/><W84/><G84/><T79/><D65/><U5/><E5/><V13/><F75/><W52/><G46/><T98/><D98/><U58/><E127/><N who="3" m="48682" /><G61/><T85/><D74/><U104/><E70/><V125/><F125/><W51/><G51/><T29/><D3/><AGARI ba="0,0" hai="1,2,3,52,55,83,86,88,92,97,100" m="48682" machi="3" ten="30,5800,0" yaku="18,1,54,2" doraHai="71" who="3" fromWho="0" sc="312,-58,201,0,115,0,372,58" owari="254,5.4,201,-19.9,115,-38.5,430,53.0" /></mjloggm>