<mjloggm ver="2.3"><GO type="225" lobby="0"/><UN n0="%E3%81%BF%E3%81%BF%E3%81%9A" n1="%E3%83%97%E3%83%AC%E3%83%B4%E3%82%A1%E3%83%86%E3%82%A3" n2="%E7%99%BD%E6%97%A5%E9%9B%AA%E8%8F%9C" n3="%E3%82%BC%E3%83%AB%E3%83%80%E3%81%AE%E4%BC%9D%E8%AA%AC" dan="16,16,16,17" rate="2147.70,2119.60,2165.39,2147.79" sx="M,F,M,M"/><TAIKYOKU oya="0"/><INIT seed="0,0,0,3,4,118" ten="250,250,250,250" oya="0" hai0="76,11,1,52,30,53,55,50,7,79,32,48,46" hai1="119,78,113,24,100,38,47,35,91,57,45,83,117" hai2="104,90,80,85,132,135,107,40,70,75,123,51,69" hai3="15,16,126,68,77,124,133,116,26,23,41,65,128"/><T9/><D9/><U54/><E113/><V88/><F75/><W43/><G116/><T71/><D71/><U92/><E100/><V72/><F72/><W22/><G133/><N who="2" m="51273" /><F123/><W56/><G68/><N who="2" m="26217" /><F90/><W3/><G3/><T74/><D74/><U122/><E38/><V6/><F6/><W73/><G128/><T25/><REACH who="0" step="1"/><D55/><REACH who="0" ten="240,250,250,250" step="2"/><U103/><E119/><V105/><F40/><W21/><G43/><T120/><D120/><U87/><E122/><V109/><F109/><W96/><G41/><T112/><D112/><U129/><E117/><V125/><F125/><W84/><G73/><T110/><D110/><U49/><E129/><V29/><F29/><W64/><G124/><T31/><D31/><U36/><E36/><V60/><F60/><W134/><G126/><T13/><D13/><U42/><E42/><V127/><F127/><W66/><G134/><T14/><D14/><U37/><E37/><V12/><F12/><W39/><G39/><T99/><D99/><N who="1" m="59879" /><E24/><V121/><F121/><W101/><G26/><T18/><D18/><U115/><E115/><V5/><F5/><W62/><G16/><T10/><D10/><U59/><E35/><V81/><F51/><W34/><G15/><T44/><AGARI ba="0,1" hai="1,7,11,25,30,32,44,46,48,50,52,53,76,79" machi="44" ten="20,12000,1" yaku="1,1,0,1,7,1,9,1,54,1,53,0" doraHai="118" doraHaiUra="95" who="0" fromWho="0" sc="240,130,250,-40,250,-40,250,-40" /><INIT seed="0,1,0,1,2,32" ten="370,210,210,210" oya="0" hai0="78,71,100,95,63,4,6,121,23,107,122,102,45" hai1="91,43,57,55,37,83,41,118,126,93,68,40,125" hai2="108,85,36,49,110,39,20,25,1,34,33,30,7" hai3="50,132,66,134,67,28,54,135,62,56,46,75,58"/><T47/><D107/><U52/><E83/><V133/><F133/><W14/><G75/><T119/><D119/><U128/><E118/><V109/><F85/><W64/><G28/><T19/><D78/><U120/><E91/><V111/><N who="2" m="27648" /><DORA hai="21" /><V89/><F89/><W104/><G104/><T113/><D113/><U94/><E120/><V92/><F92/><N who="1" m="35433" /><E68/><V53/><F34/><W112/><G112/><T35/><D35/><U99/><E99/><V48/><F33/><W51/><REACH who="3" step="1"/><G14/><REACH who="3" ten="370,210,210,200" step="2"/><T114/><D114/><U24/><E128/><V42/><F1/><W117/><G117/><T31/><D31/><U96/><E96/><V12/><F12/><W3/><G3/><T70/><D122/><U13/><E13/><V16/><F30/><W116/><G116/><T88/><D121/><U103/><E103/><V11/><F25/><W10/><G10/><T124/><D102/><U69/><E24/><V80/><F11/><W129/><G129/><T106/><D100/><U5/><E5/><V72/><F7/><W84/><G84/><N who="0" m="52615" /><D106/><U0/><E0/><V87/><F72/><W60/><G60/><T26/><D63/><U9/><E9/><V97/><F87/><W105/><G105/><T22/><D4/><U17/><E17/><V131/><F16/><W73/><G73/><T130/><D6/><U61/><E37/><V29/><F39/><W76/><G76/><T8/><D130/><U127/><E69/><N who="0" m="26121" /><D8/><U27/><E27/><V82/><F131/><W65/><G65/><AGARI ba="1,1" hai="40,41,43,52,55,57,61,65,125,126,127" m="35433" machi="65" ten="40,2600,0" yaku="18,1,54,1" doraHai="32,21" who="1" fromWho="3" sc="370,0,210,39,210,0,200,-29" /><INIT seed="1,0,0,0,4,34" ten="370,249,210,171" oya="1" hai0="38,81,9,56,7,132,19,25,84,102,95,53,30" hai1="3,107,115,42,57,12,127,49,93,94,46,63,44" hai2="108,47,71,5,15,80,90,87,22,66,65,100,4" hai3="35,32,99,21,135,26,88,130,73,29,39,48,51"/><U91/><E107/><V103/><F108/><W17/><G39/><T106/><D38/><U97/><E115/><V31/><F71/><W126/><G73/><T23/><D132/><U18/><E127/><V52/><F31/><W28/><G126/><T85/><D106/><U55/><E46/><V75/><F75/><W79/><G135/><T111/><D111/><U113/><E113/><V45/><F22/><W58/><G130/><T128/><D128/><U101/><E3/><V8/><F4/><W54/><G79/><T86/><D30/><N who="3" m="11881" /><G35/><T131/><D131/><U14/><REACH who="1" step="1"/><E18/><REACH who="1" ten="370,239,210,171" step="2"/><V76/><F45/><W6/><G32/><T129/><D129/><U0/><E0/><V110/><F110/><W41/><G6/><T74/><D7/><U112/><E112/><V50/><F76/><W40/><G51/><T36/><D36/><U98/><AGARI ba="0,1" hai="12,14,42,44,49,55,57,63,91,93,94,97,98,101" machi="98" ten="20,7800,0" yaku="1,1,0,1,7,1,8,1,53,0" doraHai="34" doraHaiUra="13" who="1" fromWho="1" sc="370,-26,239,88,210,-26,171,-26" /><INIT seed="1,1,0,2,0,88" ten="344,327,184,145" oya="1" hai0="80,120,74,45,75,58,8,129,64,81,47,11,127" hai1="124,110,54,26,36,3,82,106,60,31,1,63,61" hai2="122,27,5,43,99,132,121,92,89,104,68,59,83" hai3="115,10,70,16,114,112,44,103,56,6,135,128,17"/><U91/><E106/><V72/><F68/><W66/><G70/><T100/><D100/><U15/><E36/><V126/><F5/><W32/><G135/><T9/><D127/><U86/><E124/><V84/><F126/><W90/><G128/><T109/><D129/><U101/><E101/><V73/><F132/><W41/><G32/><T108/><D58/><U0/><E15/><V134/><F134/><W23/><G103/><T133/><D133/><U76/><E110/><N who="0" m="42601" /><D64/><U111/><E111/><V78/><F72/><N who="0" m="27690" /><D120/><U65/><E54/><V29/><F104/><W24/><G90/><T97/><D97/><U62/><N who="1" m="15360" /><DORA hai="48" /><U33/><REACH who="1" step="1"/><E76/><REACH who="1" ten="344,317,184,145" step="2"/><V51/><F122/><W25/><G66/><AGARI ba="1,1" hai="0,1,3,26,31,33,65,66,82,86,91" m="15360" machi="66" ten="60,5800,0" yaku="1,1,2,1,53,0" doraHai="88,48" doraHaiUra="98,69" who="1" fromWho="3" sc="344,0,317,71,184,0,145,-61" /><INIT seed="1,2,0,1,3,26" ten="344,388,184,84" oya="1" hai0="89,66,15,49,43,76,127,42,3,116,75,117,45" hai1="135,109,35,59,61,31,50,38,0,44,65,131,17" hai2="30,22,90,97,1,129,25,88,52,12,119,46,78" hai3="41,71,69,10,11,33,21,95,96,134,5,118,68"/><U80/><E0/><V100/><F1/><W107/><G134/><T23/><D3/><U106/><E135/><V126/><F119/><W128/><G128/><T92/><D127/><U9/><E131/><V20/><F129/><W113/><G113/><T32/><D32/><U133/><E106/><V6/><F126/><W37/><G33/><T94/><D66/><U101/><E133/><V63/><F78/><W58/><G118/><T98/><D43/><U27/><E101/><V14/><F14/><W34/><G34/><T47/><D45/><U132/><E132/><V60/><F60/><W115/><G107/><T93/><D116/><U36/><E109/><V124/><F124/><W70/><G115/><T122/><D122/><U111/><E111/><V79/><F79/><W62/><N who="3" m="17408" /><DORA hai="18" /><W103/><G5/><T51/><D117/><U104/><E104/><V87/><F87/><W24/><G41/><T39/><D76/><U114/><E80/><V53/><F53/><W120/><G37/><T130/><D75/><U57/><E57/><N who="2" m="35239" /><F46/><W121/><G121/><T13/><D130/><U55/><E114/><V56/><F56/><W16/><REACH who="3" step="1"/><G120/><REACH who="3" ten="344,388,184,74" step="2"/><T64/><D39/><U40/><E40/><V91/><F6/><W4/><G4/><T102/><D42/><U19/><E36/><V110/><F110/><W2/><G2/><T54/><D102/><U74/><E38/><V86/><F100/><W8/><G8/><T108/><D108/><U105/><E105/><V7/><F7/><W83/><G83/><T125/><D125/><U48/><E9/><V84/><F22/><RYUUKYOKU ba="2,1" sc="344,-10,388,-10,184,-10,74,30" hai3="10,11,16,21,24,58,62,95,96,103" /><INIT seed="2,3,1,4,5,95" ten="334,378,174,104" oya="2" hai0="17,18,76,105,49,125,91,113,8,66,77,50,132" hai1="36,55,85,58,124,34,39,10,44,123,110,25,46" hai2="61,87,93,33,115,59,28,52,37,81,27,98,15" hai3="71,64,69,2,116,67,24,118,117,129,112,5,131"/><V126/><F115/><W111/><G24/><T63/><D113/><U21/><E110/><V83/><F126/><W130/><G112/><T47/><D125/><U94/><E124/><V35/><F37/><W43/><G5/><T42/><D105/><U38/><E34/><V7/><F35/><W108/><G43/><T30/><D132/><U54/><E10/><V72/><F72/><W102/><G102/><T62/><D30/><U89/><E123/><V97/><F81/><W119/><N who="3" m="29696" /><DORA hai="84" /><W70/><G2/><T122/><D122/><U128/><E128/><V75/><F75/><W23/><G23/><T6/><D49/><U135/><E135/><V134/><F134/><W57/><G57/><T101/><D101/><U74/><E74/><V45/><F45/><W32/><G32/><T31/><D31/><U12/><E54/><V104/><F104/><W121/><G121/><T22/><D91/><U65/><E65/><AGARI ba="3,1" hai="64,65,67,69,70,71,108,111,129,130,131" m="29696" machi="65" ten="90,16000,3" yaku="29,2,28,2,19,1,34,3" doraHai="95,84" who="3" fromWho="1" sc="334,0,378,-169,174,0,104,179" /><INIT seed="3,0,0,3,3,44" ten="334,209,174,283" oya="3" hai0="93,88,50,28,39,120,129,29,125,101,109,71,83" hai1="36,1,8,134,45,127,42,89,60,123,41,5,57" hai2="26,0,34,105,20,61,65,35,112,13,104,33,11" hai3="111,38,14,12,94,81,22,31,43,10,74,21,82"/><W64/><G111/><T70/><D39/><U7/><E123/><V17/><F112/><W131/><G131/><T95/><D109/><U126/><E134/><V92/><F92/><W24/><G74/><T66/><D120/><U122/><E122/><V4/><REACH who="2" step="1"/><F0/><REACH who="2" ten="334,209,164,283" step="2"/><W110/><G94/><T87/><D95/><U116/><E116/><V63/><F63/><W68/><G110/><T90/><D129/><U119/><E119/><V108/><F108/><W16/><G82/><T73/><D83/><U52/><E89/><V62/><F62/><W15/><G81/><T56/><D88/><U67/><E5/><V32/><N who="2" m="8192" /><DORA hai="54" /><V47/><F47/><W76/><G76/><T97/><D90/><U49/><REACH who="1" step="1"/><E41/><REACH who="1" ten="334,199,164,283" step="2"/><V25/><F25/><W114/><G43/><T40/><D40/><U132/><E132/><V102/><F102/><W106/><G24/><T51/><D101/><U133/><E133/><V78/><F78/><W118/><G118/><T128/><D128/><U37/><E37/><V55/><F55/><W79/><G38/><T23/><D97/><U107/><E107/><V18/><F18/><W77/><G106/><T121/><D121/><U85/><E85/><V117/><F117/><W124/><G16/><T135/><D87/><U3/><E3/><V6/><F6/><W53/><G53/><T91/><D135/><U113/><E113/><V80/><F80/><W100/><G114/><T59/><D91/><U99/><E99/><V84/><F84/><W9/><G100/><T86/><D86/><U48/><E48/><V98/><F98/><W2/><G79/><RYUUKYOKU ba="0,2" sc="334,-15,199,15,164,15,283,-15" hai1="1,7,8,36,42,45,49,52,57,60,67,126,127" hai2="4,11,13,17,20,26,61,65,104,105" owari="339,43.9,214,-18.6,179,-32.1,268,6.8" /></mjloggm>