<mjloggm ver="2.3"><GO type="225" lobby="0"/><UN n0="%E6%9D%B1%E9%A2%A8%E3%81%AE%E3%81%8D%E3%82%83%E3%81%B7%E3%81%95%E3%82%93" n1="%6D%75%75%73%61%6E%6D%75" n2="%72%69%6F%75%63%68%61%6E" n3="%E3%80%93%E3%81%97%E3%83%BC%E3%82%89%E3%80%93" dan="17,16,16,16" rate="2222.16,2098.95,2165.65,2099.59" sx="M,F,M,M"/><TAIKYOKU oya="0"/><INIT seed="0,0,0,3,5,61" ten="250,250,250,250" oya="0" hai0="58,59,76,99,119,96,12,111,80,120,132,114,41" hai1="97,6,130,7,33,44,63,49,102,135,62,109,91" hai2="0,10,81,22,88,14,98,105,83,56,93,29,107" hai3="5,124,71,36,68,86,73,79,37,90,112,16,52"/><T9/><D120/><U108/><E33/><V40/><F0/><W64/><G112/><T123/><D119/><U116/><E91/><V78/><F40/><W113/><G113/><T51/><D114/><U82/><E82/><V57/><F107/><W74/><G5/><N who="1" m="1546" /><E116/><V129/><F129/><W84/><G90/><T53/><D123/><U27/><E27/><N who="2" m="16631" /><F105/><W75/><G79/><T25/><D132/><U31/><E31/><V117/><F117/><W121/><G121/><T20/><D111/><N who="1" m="42571" /><E130/><V3/><F3/><W24/><G24/><T128/><D41/><N who="1" m="24719" /><E135/><V72/><F72/><W134/><G134/><T60/><D128/><U23/><E23/><V35/><F35/><W103/><G74/><T106/><D106/><AGARI ba="0,0" hai="62,63,97,102,106" m="24719,42571,1546" machi="106" ten="30,1000,0" yaku="14,1" doraHai="61" who="1" fromWho="0" sc="250,-10,250,10,250,0,250,0" /><INIT seed="1,0,0,0,3,49" ten="240,260,250,250" oya="1" hai0="135,12,119,126,13,4,15,29,3,46,57,23,2" hai1="99,21,133,30,76,56,77,130,91,117,118,42,106" hai2="36,52,102,27,63,105,116,98,114,34,93,37,100" hai3="35,122,127,33,0,128,124,112,54,9,50,75,121"/><U10/><E130/><V131/><F116/><W69/><G69/><T66/><D119/><U31/><E42/><V78/><F131/><W81/><G128/><T108/><D108/><U86/><E133/><V59/><F78/><N who="3" m="44255" /><G112/><T7/><D46/><U32/><E32/><N who="3" m="12362" /><G9/><T80/><D80/><U6/><E77/><V14/><F114/><W96/><G96/><T16/><D57/><U24/><E31/><V25/><F102/><W55/><G0/><N who="0" m="43" /><D66/><U83/><E10/><V88/><F14/><N who="0" m="5738" /><D135/><U60/><E6/><N who="0" m="2089" /><D126/><N who="3" m="48169" /><G50/><T92/><D92/><U90/><E90/><V44/><F44/><W40/><G40/><T53/><D53/><AGARI ba="0,0" hai="53,54,55,121,122" m="48169,12362,44255" machi="53" ten="30,7700,0" yaku="18,1,52,3" doraHai="49" who="3" fromWho="0" sc="240,-77,260,0,250,0,250,77" /><INIT seed="2,0,0,0,0,81" ten="163,260,250,327" oya="2" hai0="54,117,72,71,73,57,27,135,89,8,88,127,4" hai1="17,90,97,83,86,107,74,31,45,34,99,78,124" hai2="59,12,128,103,84,18,15,98,130,49,53,51,0" hai3="7,68,33,114,106,101,63,23,126,40,115,75,42"/><V69/><F0/><W87/><G75/><T37/><D37/><U21/><E124/><V125/><F125/><W112/><G126/><T20/><D127/><U29/><E34/><V30/><F69/><W22/><G33/><T11/><D71/><U13/><E45/><V111/><F30/><W41/><G7/><T70/><D70/><U46/><E46/><V24/><F111/><W102/><G68/><T48/><D135/><U50/><E50/><V52/><F24/><W35/><G35/><T134/><D134/><U92/><E99/><V91/><F103/><AGARI ba="0,0" hai="13,17,21,29,31,74,78,83,86,90,92,97,103,107" machi="103" ten="40,5200,0" yaku="24,2,52,1" doraHai="81" who="1" fromWho="2" sc="163,0,260,52,250,-52,327,0" /><INIT seed="3,0,0,2,0,73" ten="163,312,198,327" oya="3" hai0="34,97,42,60,15,2,16,75,68,23,93,120,127" hai1="81,135,79,99,116,53,87,84,5,21,50,94,108" hai2="77,6,59,63,22,130,39,124,61,126,35,65,101" hai3="125,10,91,104,95,96,76,26,86,8,62,51,20"/><W30/><G125/><N who="2" m="48233" /><F35/><W46/><G62/><T117/><D127/><U7/><E108/><V69/><F130/><W106/><G106/><T18/><D75/><U85/><E135/><V49/><F39/><W55/><G104/><T114/><D34/><U131/><E131/><V92/><F77/><W88/><G76/><T52/><D2/><U38/><E38/><V27/><F6/><N who="1" m="2057" /><E21/><V107/><F107/><W36/><G36/><T24/><D120/><U98/><E98/><N who="2" m="59591" /><F49/><W90/><G90/><T121/><D121/><U44/><E116/><V41/><F41/><W70/><G70/><T64/><D117/><U100/><AGARI ba="0,0" hai="44,50,53,79,81,84,85,87,94,99,100" m="2057" machi="100" ten="30,2000,0" yaku="8,1,52,1" doraHai="73" who="1" fromWho="1" sc="163,-5,312,20,198,-5,327,-10" owari="158,-34.2,332,43.2,193,-20.7,317,11.7" /></mjloggm>