<mjloggm ver="2.3"><GO type="225" lobby="0"/><UN n0="%E8%80%81%E6%A5%BD" n1="%E5%8D%A0%E3%81%84%E5%B8%AB%E8%A3%8F%E3%81%AA%E3%81%84%E3%81%97" n2="%45%6C%79%73%69%75%6D" n3="%E3%82%B7%E3%83%B3%E5%A4%AA%E6%9C%97" dan="16,16,17,16" rate="2124.99,2116.48,2128.59,2155.38" sx="M,M,F,M"/><TAIKYOKU oya="0"/><INIT seed="0,0,0,1,2,96" ten="250,250,250,250" oya="0" hai0="100,81,22,88,10,131,108,105,93,61,89,39,37" hai1="104,113,65,76,118,124,3,38,9,59,72,115,26" hai2="129,111,47,77,43,66,0,62,41,134,52,125,82" hai3="56,5,126,60,12,84,74,123,27,127,70,75,35"/><T51/><D37/><U49/><E118/><V16/><F111/><W79/><G123/><T45/><D39/><U20/><E38/><V46/><F129/><W25/><G70/><T122/><D122/><U101/><E124/><N who="3" m="47658" /><G84/><N who="0" m="50191" /><D105/><U28/><E76/><V33/><F125/><W64/><G79/><T50/><D131/><U132/><E72/><N who="3" m="27690" /><G35/><T97/><D108/><U109/><E132/><V44/><F33/><W92/><G92/><N who="0" m="58407" /><D61/><U23/><E109/><V119/><F134/><W117/><G117/><T83/><D83/><U106/><E106/><V14/><F82/><W40/><G40/><T135/><D135/><U130/><E130/><V7/><F77/><W32/><G32/><T8/><D22/><U86/><E23/><V29/><F119/><W31/><G31/><T57/><D57/><U30/><E30/><V54/><F29/><W55/><G64/><T91/><D91/><U53/><E65/><V80/><F80/><W2/><G2/><T94/><D94/><U34/><E34/><V78/><F0/><W73/><G73/><T102/><D89/><U87/><E113/><V63/><F78/><W1/><G1/><T128/><D128/><U85/><E115/><V98/><F66/><W15/><G60/><T110/><D110/><U133/><E133/><V11/><F62/><W18/><G56/><T90/><D90/><U120/><E120/><V116/><F63/><W24/><G55/><N who="2" m="21033" /><F116/><W114/><G114/><T107/><D107/><U67/><E67/><V103/><F103/><W13/><G5/><T71/><D71/><U58/><E104/><V17/><F98/><RYUUKYOKU ba="0,0" sc="250,-15,250,-15,250,15,250,15" hai2="7,11,14,16,17,41,43,44,46,47" hai3="12,13,15,18,24,25,27" /><INIT seed="1,1,0,2,5,73" ten="235,235,265,265" oya="1" hai0="35,42,7,15,4,1,116,129,92,24,53,95,121" hai1="23,66,3,8,19,33,48,56,63,87,132,134,58" hai2="98,113,93,62,12,84,110,105,39,43,31,118,71" hai3="90,57,69,13,133,5,74,20,122,77,40,88,54"/><U32/><E3/><V104/><F118/><W86/><G122/><T14/><D42/><U22/><E8/><V82/><F110/><W49/><G69/><T30/><D53/><N who="1" m="31783" /><E23/><V0/><F0/><W9/><G133/><N who="1" m="51306" /><E87/><V76/><F113/><W119/><G119/><T2/><D116/><U102/><E102/><V100/><F31/><W36/><G74/><T65/><D30/><U10/><E10/><V46/><REACH who="2" step="1"/><F12/><AGARI ba="1,0" hai="12,19,22,32,33,58,63,66" m="51306,31783" machi="12" ten="30,1500,0" yaku="20,1" doraHai="73" who="1" fromWho="2" sc="235,0,235,18,265,-18,265,0" /><INIT seed="1,2,0,5,3,22" ten="235,253,247,265" oya="1" hai0="33,24,104,53,96,127,6,5,15,50,12,41,73" hai1="27,100,2,29,45,40,101,35,52,70,51,60,87" hai2="109,20,113,126,78,80,132,119,59,23,64,74,110" hai3="88,54,0,85,82,120,55,3,62,26,123,49,36"/><U71/><E2/><V131/><F119/><W121/><G36/><T63/><D73/><U43/><E43/><V61/><F131/><W18/><G62/><T57/><D104/><U46/><E87/><V102/><F132/><W19/><G55/><T92/><D127/><U125/><E125/><V31/><F126/><W93/><G82/><T128/><D128/><U98/><E60/><V105/><F113/><W58/><REACH who="3" step="1"/><G18/><REACH who="3" ten="235,253,247,255" step="2"/><T1/><D63/><U39/><REACH who="1" step="1"/><E100/><REACH who="1" ten="235,243,247,255" step="2"/><V108/><F102/><W42/><G42/><T72/><D41/><U83/><E83/><V38/><F80/><W91/><G91/><T135/><D53/><U44/><E44/><V90/><F90/><W14/><G14/><T56/><D12/><U89/><E89/><V69/><F61/><W47/><G47/><T112/><D15/><U77/><E77/><V32/><F78/><W66/><G66/><T118/><D135/><U107/><AGARI ba="2,2" hai="27,29,35,39,40,45,46,51,52,70,71,98,101,107" machi="107" ten="20,18000,2" yaku="1,1,0,1,7,1,52,1,54,1,53,1" doraHai="22" doraHaiUra="25" who="1" fromWho="1" sc="235,-62,243,206,247,-62,255,-62" /><INIT seed="1,3,0,4,4,82" ten="173,449,185,193" oya="1" hai0="43,86,5,16,70,74,41,83,25,40,64,112,102" hai1="36,28,6,66,51,10,54,113,26,29,50,80,105" hai2="107,133,23,3,120,78,111,72,121,92,52,73,30" hai3="63,91,57,132,44,84,38,94,12,116,65,77,59"/><U93/><E105/><V104/><F3/><W125/><G132/><T4/><D74/><N who="2" m="28778" /><F52/><W135/><G135/><T7/><D112/><U17/><E36/><V87/><F23/><W61/><G125/><T109/><D109/><U0/><E113/><V117/><F30/><W110/><G110/><T99/><D64/><U127/><E127/><V62/><F62/><W108/><G108/><T85/><D70/><U49/><E66/><V134/><F111/><W48/><G116/><T2/><D2/><U69/><E69/><V42/><F42/><W97/><G38/><T39/><D83/><U53/><E80/><N who="2" m="47511" /><F92/><W103/><G77/><T35/><D39/><U115/><E115/><V18/><F18/><W47/><G12/><T8/><D35/><U122/><E93/><V56/><F56/><W33/><G48/><T46/><D46/><U45/><E51/><V124/><F124/><W67/><REACH who="3" step="1"/><G33/><REACH who="3" ten="173,449,185,183" step="2"/><T1/><D1/><U114/><E49/><V130/><F117/><W22/><G22/><N who="0" m="13511" /><D8/><U21/><E10/><V90/><F134/><W15/><G15/><T119/><D119/><U32/><E0/><V98/><F133/><W89/><G89/><T31/><D31/><U37/><E29/><V60/><F90/><W58/><G58/><T19/><D19/><U13/><E37/><V126/><F126/><W14/><G14/><T81/><D81/><AGARI ba="3,1" hai="44,47,57,59,61,63,65,67,81,84,91,94,97,103" machi="81" ten="30,12000,2" yaku="1,1,7,1,9,1,8,1,52,1,53,2" doraHai="82" doraHaiUra="55" who="3" fromWho="0" sc="173,-129,449,0,185,0,183,139" /><INIT seed="2,0,0,0,3,59" ten="44,449,185,322" oya="2" hai0="4,50,87,29,12,75,65,21,91,11,78,18,42" hai1="83,62,1,105,118,132,89,10,82,24,16,19,86" hai2="2,88,37,66,8,43,95,129,128,0,101,53,60" hai3="103,36,7,125,124,40,131,45,13,39,32,23,3"/><V122/><F122/><W15/><G131/><N who="2" m="50249" /><F101/><W44/><G103/><T28/><D75/><U74/><E105/><V100/><F100/><W64/><G64/><T26/><D65/><U121/><E118/><V34/><F34/><W97/><G97/><T127/><D91/><U9/><E1/><V115/><F115/><W133/><G133/><T35/><D127/><N who="3" m="48713" /><G32/><T20/><D20/><U69/><E132/><V130/><F53/><W109/><G109/><T72/><D72/><U117/><E117/><V111/><F111/><W85/><G3/><T17/><D17/><U48/><E19/><V33/><F33/><W27/><G7/><T106/><D35/><U71/><E121/><V99/><F8/><W77/><G77/><T41/><D41/><U73/><E9/><V79/><F79/><W98/><G85/><T84/><D84/><U67/><E86/><V25/><F25/><W126/><G98/><T112/><D112/><U63/><E74/><V54/><F54/><W94/><G126/><T80/><REACH who="0" step="1"/><D106/><REACH who="0" ten="34,449,185,322" step="2"/><U68/><E73/><V102/><F130/><W51/><G94/><T81/><D81/><U116/><E83/><V56/><F102/><W90/><G90/><T47/><AGARI ba="0,1" hai="4,11,12,18,21,26,28,29,42,47,50,78,80,87" machi="47" ten="30,8000,1" yaku="1,1,0,1,25,2,8,1,53,0" doraHai="59" doraHaiUra="135" who="0" fromWho="0" sc="34,90,449,-20,185,-40,322,-20" /><INIT seed="3,0,0,4,5,89" ten="124,429,145,302" oya="3" hai0="112,19,115,94,79,83,22,126,84,95,101,120,53" hai1="133,29,10,57,56,36,71,25,54,104,73,93,37" hai2="103,91,132,116,42,105,85,111,72,114,61,17,50" hai3="87,18,15,48,129,68,90,67,20,107,80,64,58"/><W31/><G129/><T75/><D120/><U27/><E104/><V81/><F114/><N who="0" m="43562" /><D126/><U135/><E71/><V41/><F116/><W45/><G68/><T134/><D134/><N who="1" m="51211" /><E73/><V44/><F132/><W21/><G107/><T59/><D101/><U26/><E29/><V82/><F111/><W117/><G117/><T63/><D75/><U8/><E56/><V127/><F127/><W123/><G123/><T92/><D92/><U3/><E93/><V9/><F103/><W119/><G119/><T49/><D63/><N who="1" m="36279" /><E3/><V46/><F105/><W77/><G58/><T34/><D34/><U4/><E4/><V128/><F128/><W38/><G38/><AGARI ba="0,0" hai="8,10,25,26,27,36,37,38" m="36279,51211" machi="38" ten="40,1300,0" yaku="20,1" doraHai="89" who="1" fromWho="3" sc="124,0,429,13,145,0,302,-13" owari="124,-37.6,442,54.2,145,-25.5,289,8.9" /></mjloggm>