<mjloggm ver="2.3"><GO type="225" lobby="0"/><UN n0="%6D%75%75%6D%75%72%61" n1="%E3%82%B2%E3%82%B9%E8%8C%82%E5%8B%9D" n2="%E5%A4%96%E5%B7%9D%E7%AB%9C%E6%88%90" n3="%E6%B4%BE%E9%81%A3%E3%81%AE%E3%82%B8%E3%83%A3%E3%83%83%E3%82%AF" dan="17,16,16,17" rate="2245.72,2054.73,2148.60,2193.66" sx="F,F,M,M"/><TAIKYOKU oya="0"/><INIT seed="0,0,0,4,0,25" ten="250,250,250,250" oya="0" hai0="15,121,1,23,53,102,83,41,3,62,65,63,12" hai1="36,86,79,2,45,8,131,69,4,11,126,91,95" hai2="93,61,70,60,110,120,75,112,109,85,135,116,52" hai3="9,132,47,19,49,117,64,98,81,7,114,78,123"/><T76/><D121/><U28/><E131/><V40/><F120/><W111/><G114/><T34/><D34/><U89/><E126/><V27/><F112/><W13/><G117/><T84/><D41/><U58/><E69/><V50/><F75/><W94/><G123/><T38/><D38/><U107/><E107/><V104/><F104/><W67/><G111/><T32/><D32/><U127/><E127/><V106/><F106/><W42/><G19/><T118/><D118/><U10/><E79/><V56/><F116/><W16/><G7/><T108/><D102/><U88/><E58/><V130/><F130/><W128/><G132/><T99/><D99/><U133/><E133/><V125/><F125/><W55/><G42/><T5/><D108/><N who="2" m="41578" /><F27/><W105/><G105/><T30/><D53/><U59/><E59/><V21/><F21/><W57/><G57/><T24/><D63/><U37/><E37/><V74/><F74/><W54/><G54/><T6/><D1/><U115/><E115/><V134/><F61/><W66/><G128/><T92/><D92/><U51/><E36/><V97/><F85/><N who="3" m="48311" /><G66/><T103/><D103/><AGARI ba="0,0" hai="9,13,16,47,49,55,64,67,94,98,103" m="48311" machi="103" ten="30,2000,0" yaku="8,1,54,1" doraHai="25" who="3" fromWho="0" sc="250,-20,250,0,250,0,250,20" /><INIT seed="1,0,0,4,3,116" ten="230,250,250,270" oya="1" hai0="113,81,21,47,27,109,72,69,133,43,46,77,114" hai1="4,101,71,64,49,24,134,73,122,96,7,54,22" hai2="60,126,75,88,106,26,1,44,35,104,123,32,16" hai3="66,120,14,117,17,135,111,125,41,95,40,128,102"/><U93/><E134/><V23/><F75/><W97/><G111/><T39/><D133/><U61/><E122/><V30/><F1/><W105/><G135/><T59/><D109/><U37/><E37/><V13/><F123/><W89/><G120/><T31/><D69/><U100/><E100/><V118/><F118/><W132/><G132/><T15/><D59/><U50/><E50/><V121/><F121/><W8/><G125/><T87/><D72/><U34/><E34/><V70/><F35/><W99/><G117/><T36/><REACH who="0" step="1"/><D15/><REACH who="0" ten="220,250,250,270" step="2"/><U58/><REACH who="1" step="1"/><E73/><REACH who="1" ten="220,240,250,270" step="2"/><V5/><F126/><W29/><G102/><T80/><D80/><U20/><E20/><V56/><F23/><W76/><G8/><T38/><D38/><U82/><E82/><V10/><F32/><W67/><G128/><T48/><D48/><U107/><E107/><V103/><F106/><W83/><G83/><T53/><D53/><U108/><E108/><V110/><F104/><W19/><G105/><T0/><D0/><U78/><E78/><V92/><F110/><W94/><G76/><T65/><D65/><U79/><E79/><V112/><F10/><W6/><G67/><T98/><D98/><U3/><E3/><V12/><F103/><W33/><G66/><T18/><D18/><AGARI ba="0,2" hai="4,7,18,22,24,49,54,58,61,64,71,93,96,101" machi="18" ten="30,5800,0" yaku="1,1,7,1,53,1" doraHai="116" doraHaiUra="51" who="1" fromWho="0" sc="220,-58,240,78,250,0,270,0" /><INIT seed="1,1,0,2,0,5" ten="162,318,250,270" oya="1" hai0="106,3,21,28,112,87,80,76,32,89,102,69,35" hai1="65,34,11,54,73,4,97,113,101,55,99,50,63" hai2="74,81,41,47,7,104,24,108,78,26,64,91,14" hai3="75,52,86,6,127,46,20,93,68,118,105,84,22"/><U9/><E113/><V17/><F104/><W129/><G75/><T130/><D112/><U83/><E34/><V134/><F108/><W70/><G105/><T132/><D130/><U135/><E135/><V100/><F134/><W88/><G129/><T31/><D132/><U44/><E55/><V60/><F91/><W67/><G127/><T103/><D69/><U18/><E18/><V109/><F7/><W43/><G118/><T131/><D131/><U19/><E19/><V92/><F92/><W96/><G6/><T98/><D3/><U25/><E25/><V8/><F100/><W30/><G68/><T119/><D119/><U95/><E4/><V58/><REACH who="2" step="1"/><F109/><REACH who="2" ten="162,318,240,270" step="2"/><W94/><G94/><T128/><D128/><U37/><E99/><V133/><F133/><W111/><G96/><T1/><D103/><U59/><REACH who="1" step="1"/><E37/><AGARI ba="1,1" hai="8,14,17,24,26,37,41,47,58,60,64,74,78,81" machi="37" ten="30,7700,0" yaku="1,1,7,1,52,1,53,1" doraHai="5" doraHaiUra="36" who="2" fromWho="1" sc="162,0,318,-80,240,90,270,0" /><INIT seed="2,0,0,2,5,45" ten="162,238,330,270" oya="2" hai0="59,111,46,29,91,30,56,66,109,42,123,73,132" hai1="85,5,26,102,57,25,82,95,39,33,83,51,14" hai2="106,126,65,117,128,19,97,87,130,62,80,127,4" hai3="18,129,64,23,86,101,35,11,114,43,9,68,113"/><V72/><F117/><W122/><G122/><T92/><D123/><U89/><E39/><V94/><F4/><W52/><G35/><T12/><D73/><U38/><E38/><V107/><F19/><W75/><G43/><T100/><D132/><U134/><E134/><V74/><F62/><W16/><G75/><N who="2" m="28713" /><F65/><W105/><G86/><T78/><D78/><U110/><E110/><V53/><F53/><W47/><G129/><N who="2" m="49769" /><F94/><W108/><G108/><T36/><D109/><U67/><E67/><V7/><F7/><W8/><G64/><T21/><D111/><U84/><E33/><V76/><F97/><N who="3" m="61615" /><G68/><T41/><D41/><U48/><E95/><V99/><F99/><W96/><G96/><T90/><D66/><U81/><E102/><V112/><F112/><N who="3" m="43115" /><G23/><T119/><D100/><U98/><E98/><V77/><F77/><W2/><G2/><T103/><D103/><U50/><E57/><V34/><F34/><W6/><G6/><T120/><D59/><U3/><E3/><V54/><F54/><W37/><G37/><T133/><D120/><U24/><E89/><V49/><F49/><AGARI ba="0,0" hai="8,9,11,16,18,47,49,52" m="43115,61615" machi="49" ten="30,7700,0" yaku="11,1,52,1,54,2" doraHai="45" who="3" fromWho="2" sc="162,0,238,0,330,-77,270,77" /><INIT seed="3,0,0,5,4,134" ten="162,238,253,347" oya="3" hai0="132,108,89,111,7,33,27,106,61,40,130,4,78" hai1="57,69,110,70,118,112,126,9,32,114,71,76,87" hai2="10,120,45,131,91,127,6,26,66,15,98,124,94" hai3="82,36,95,42,77,90,49,51,18,68,47,115,122"/><W74/><G122/><T43/><D132/><U53/><E126/><N who="2" m="48171" /><F120/><W123/><G123/><T41/><D130/><U35/><E110/><V12/><F131/><W80/><G68/><T11/><D106/><U128/><E128/><V75/><F75/><W17/><G115/><T58/><D108/><U0/><E118/><V23/><F66/><W29/><G29/><T105/><D105/><U125/><E125/><V129/><F129/><W8/><G80/><T56/><D111/><U121/><E121/><V50/><F10/><W14/><G18/><T24/><D33/><U21/><E21/><V39/><F39/><W44/><G44/><T59/><D61/><U88/><E76/><V22/><F6/><W103/><G103/><T65/><D65/><U38/><E38/><V109/><F109/><W119/><G119/><T34/><D34/><U117/><E117/><V48/><F23/><W73/><G73/><T96/><D78/><U97/><E32/><V3/><F3/><W133/><G133/><T46/><D46/><U100/><E35/><V19/><F50/><W31/><G51/><T25/><REACH who="0" step="1"/><D11/><REACH who="0" ten="152,238,253,347" step="2"/><U52/><E9/><V83/><F83/><W79/><G82/><T93/><AGARI ba="0,1" hai="4,7,24,25,27,40,41,43,56,58,59,89,93,96" machi="93" ten="40,12000,2" yaku="1,1,2,1,0,1,29,2,8,1,53,0" doraHai="134" doraHaiUra="135" who="0" fromWho="0" sc="152,130,238,-30,253,-30,347,-60" /><INIT seed="4,0,0,1,1,113" ten="282,208,223,287" oya="0" hai0="31,5,61,66,55,23,118,8,11,46,99,112,58" hai1="53,77,45,14,116,24,130,107,95,120,62,38,51" hai2="2,27,74,73,109,102,98,132,34,44,76,133,42" hai3="108,92,89,28,64,129,43,57,87,126,3,135,72"/><T122/><D122/><U33/><E120/><V90/><F2/><W115/><G108/><T25/><D112/><U30/><E130/><V67/><F67/><W29/><G3/><T86/><D118/><U16/><E107/><N who="2" m="63959" /><F90/><W79/><G115/><T104/><D104/><U0/><E0/><V80/><F74/><W105/><G105/><T21/><D99/><U85/><E116/><V111/><F27/><W6/><G6/><T83/><D21/><U26/><E26/><V68/><F68/><W50/><G129/><T9/><D46/><U18/><E38/><N who="2" m="21591" /><F34/><W106/><G106/><T12/><D66/><U82/><E62/><V103/><F103/><W15/><G15/><T124/><D124/><U78/><E78/><AGARI ba="0,0" hai="5,8,9,11,12,23,25,31,55,58,61,78,83,86" machi="78" ten="30,2900,0" yaku="7,1,8,1" doraHai="113" who="0" fromWho="1" sc="282,29,208,-29,223,0,287,0" owari="311,41.1,179,-32.1,223,-17.7,287,8.7" /></mjloggm>