<mjloggm ver="2.3"><GO type="225" lobby="0"/><UN n0="%E5%A4%9C%E3%81%AE%E3%82%AC%E3%82%B9%E3%83%91%E3%83%BC%E3%83%AB" n1="%E4%BF%BA%E3%81%A8%E5%A6%96%E5%A4%A2" n2="%72%69%6F%75%63%68%61%6E" n3="%33%74%72%65%65" dan="17,17,17,16" rate="2236.66,2186.47,2204.65,2096.40" sx="M,F,M,F"/><TAIKYOKU oya="0"/><INIT seed="0,0,0,1,5,1" ten="250,250,250,250" oya="0" hai0="48,31,38,98,124,80,133,131,47,70,126,129,103" hai1="63,30,32,127,76,25,34,130,8,115,28,118,93" hai2="121,134,77,108,117,0,44,22,61,18,85,6,7" hai3="96,39,64,2,81,106,73,55,10,53,135,37,74"/><T26/><D70/><U29/><E118/><V84/><F121/><W75/><G81/><T24/><D38/><U109/><E109/><V54/><F117/><W119/><G119/><T40/><D80/><U113/><E76/><V62/><F108/><W17/><G135/><T14/><D14/><U94/><E130/><N who="0" m="49673" /><D133/><U20/><E63/><N who="2" m="24075" /><F0/><W92/><G106/><N who="0" m="63863" /><D26/><U86/><E8/><V43/><F43/><W122/><G122/><T90/><D90/><U21/><E86/><N who="2" m="33387" /><F77/><W132/><G132/><T104/><D104/><U51/><E25/><N who="2" m="14551" /><F134/><W27/><G39/><T82/><D82/><U4/><E51/><AGARI ba="0,0" hai="6,7,44,51,54" m="14551,33387,24075" machi="51" ten="30,3900,0" yaku="8,1,52,2" doraHai="1" who="2" fromWho="1" sc="250,0,250,-39,250,39,250,0" /><INIT seed="1,0,0,4,3,117" ten="250,211,289,250" oya="1" hai0="101,26,84,60,47,97,5,82,133,81,68,96,85" hai1="83,104,45,106,55,9,52,22,36,59,54,130,61" hai2="65,105,0,58,42,79,102,71,29,23,46,78,128" hai3="62,115,50,44,31,49,125,127,111,64,73,103,33"/><U67/><E130/><V72/><F128/><W51/><G115/><T35/><D133/><U6/><E22/><V53/><F0/><W34/><G111/><T21/><D5/><U10/><E83/><V19/><F29/><W39/><G73/><T90/><D47/><U95/><E95/><V132/><F132/><W91/><G103/><T13/><D13/><U113/><E113/><V75/><F65/><W63/><G91/><T15/><D15/><U30/><E30/><V38/><F71/><W93/><G93/><T14/><D14/><U7/><E7/><V121/><F121/><W135/><G135/><T70/><D35/><N who="3" m="13321" /><G64/><T18/><D60/><N who="3" m="23081" /><G31/><T8/><D8/><U131/><E131/><V2/><F2/><W86/><G86/><T94/><REACH who="0" step="1"/><D97/><REACH who="0" ten="240,211,289,250" step="2"/><U122/><E122/><V99/><F46/><W41/><G44/><T114/><D114/><U88/><E6/><V76/><F99/><W16/><G41/><T20/><D20/><U124/><E9/><V69/><F23/><W4/><G4/><T109/><D109/><U110/><E10/><V87/><F42/><W107/><G39/><T1/><D1/><U3/><E3/><V129/><F38/><W100/><G50/><T116/><D116/><U119/><E119/><V112/><F112/><W12/><G51/><T66/><D66/><U57/><E110/><V32/><F32/><W40/><G49/><T74/><D74/><U28/><E36/><V80/><F72/><W108/><G40/><T92/><D92/><U120/><E120/><V118/><F129/><W17/><G108/><T37/><D37/><RYUUKYOKU ba="0,1" sc="240,30,211,-10,289,-10,250,-10" hai0="18,21,26,68,70,81,82,84,85,90,94,96,101" /><INIT seed="2,1,1,1,5,114" ten="270,201,279,240" oya="2" hai0="120,83,111,60,11,4,12,53,113,29,14,118,125" hai1="24,21,51,37,108,49,52,47,76,119,23,87,68" hai2="91,56,38,69,25,16,73,72,124,94,90,106,57" hai3="103,13,92,58,104,79,81,130,133,46,134,121,15"/><V61/><F106/><W54/><G121/><T18/><D113/><U117/><E68/><V98/><F38/><W9/><G104/><T116/><D120/><U112/><E112/><V33/><F124/><W27/><G46/><T132/><D125/><U26/><E37/><V70/><F90/><W55/><G27/><T75/><D29/><U6/><E108/><V107/><F107/><W110/><G110/><T50/><D111/><U45/><E6/><V42/><F42/><W0/><G0/><T41/><D132/><N who="3" m="50793" /><G130/><T131/><D131/><U7/><E7/><V17/><F56/><W1/><G1/><T2/><D41/><U129/><E129/><V20/><F33/><W40/><G40/><T74/><D60/><U30/><E87/><V32/><F32/><W35/><G35/><T89/><D2/><U123/><E76/><V48/><F48/><N who="3" m="31047" /><G55/><T105/><D105/><U3/><E3/><V88/><F91/><W109/><G9/><T59/><D89/><U115/><E115/><V65/><REACH who="2" step="1"/><F17/><REACH who="2" ten="270,201,269,240" step="2"/><W101/><G109/><T22/><REACH who="0" step="1"/><D83/><REACH who="0" ten="260,201,269,240" step="2"/><U34/><E123/><V62/><F62/><W80/><G80/><T93/><D93/><U43/><E34/><V126/><F126/><W100/><G92/><T44/><D44/><U86/><E86/><AGARI ba="1,3" hai="13,15,79,81,86,100,101,103" m="31047,50793" machi="86" ten="30,1000,0" yaku="20,1" doraHai="114" who="3" fromWho="1" sc="260,0,201,-13,269,0,240,43" /><INIT seed="3,0,0,4,3,120" ten="260,188,269,283" oya="3" hai0="35,57,81,28,85,122,8,38,23,2,119,65,106" hai1="113,105,72,73,66,103,0,53,24,125,131,108,5" hai2="110,16,132,77,44,36,126,84,45,94,63,95,30" hai3="22,50,89,56,34,117,49,87,64,128,134,99,37"/><W68/><G117/><T26/><D122/><U109/><E113/><V71/><F110/><N who="1" m="42601" /><E131/><V130/><F30/><W111/><G34/><T12/><D119/><U133/><E133/><V112/><F36/><W3/><G37/><T104/><D38/><U102/><E125/><V91/><F77/><W14/><G3/><T20/><D65/><U4/><E66/><V31/><F31/><W123/><G123/><T47/><D57/><U39/><E39/><V29/><F29/><W61/><G56/><T69/><D47/><N who="2" m="17994" /><F71/><W46/><G46/><T83/><D69/><U41/><E41/><V121/><F121/><W93/><G134/><T48/><D48/><U82/><E24/><V27/><F27/><W118/><G118/><T15/><D35/><U100/><E105/><V98/><F112/><W75/><G128/><T62/><D28/><U96/><E96/><V86/><F98/><W88/><G111/><T78/><D26/><U33/><E33/><V51/><F130/><W129/><G129/><T114/><D114/><U55/><E82/><V10/><F126/><W115/><G115/><T21/><D83/><U135/><E135/><V58/><F132/><W52/><G64/><T127/><D127/><U59/><E0/><V9/><F51/><W79/><G50/><T70/><D104/><U18/><E18/><V54/><F16/><N who="3" m="10519" /><G49/><T6/><D106/><U116/><E116/><V97/><F97/><W32/><G32/><T11/><D2/><U60/><E55/><V107/><F107/><W1/><G1/><T76/><D70/><U19/><E19/><V13/><F13/><RYUUKYOKU ba="0,0" sc="260,-15,188,15,269,15,283,-15" hai1="4,5,53,59,60,72,73,100,102,103" hai2="9,10,54,58,63,84,86,91,94,95" /><INIT seed="4,1,0,0,4,12" ten="245,203,284,268" oya="0" hai0="102,99,16,73,36,25,33,14,83,4,28,13,50" hai1="101,121,119,21,39,78,104,41,88,106,45,49,43" hai2="129,2,57,114,107,46,112,94,53,100,87,79,34" hai3="130,75,115,58,128,124,116,122,29,67,7,81,17"/><T60/><D36/><U80/><E119/><V108/><F108/><W110/><G29/><T69/><D4/><U61/><E121/><V11/><F34/><W51/><G7/><T40/><D14/><U132/><E132/><V64/><F129/><W32/><G32/><T62/><D73/><U56/><E101/><V10/><F107/><W95/><G110/><T5/><D5/><U54/><E78/><V74/><F74/><W96/><G122/><T55/><D40/><U26/><E41/><V125/><F125/><W133/><G116/><T38/><D83/><U113/><E113/><V8/><F2/><W23/><G124/><T97/><D38/><U103/><E103/><V37/><F64/><W105/><G105/><T120/><D120/><U89/><E39/><V59/><F79/><N who="3" m="44287" /><G115/><N who="2" m="44073" /><F37/><W135/><G67/><T9/><D69/><U18/><REACH who="1" step="1"/><E89/><REACH who="1" ten="245,193,284,268" step="2"/><N who="2" m="53567" /><F100/><W66/><G135/><T71/><D102/><U3/><E3/><V63/><F63/><W111/><G133/><T44/><D71/><U27/><E27/><V93/><F93/><W91/><G95/><T19/><D62/><U52/><E52/><V68/><F68/><W42/><G42/><T86/><D60/><U134/><E134/><V0/><F0/><W118/><G118/><T76/><D76/><U84/><AGARI ba="1,1" hai="18,21,26,43,45,49,54,56,61,80,84,88,104,106" machi="84" ten="30,7900,0" yaku="1,1,0,1,52,1,54,1,53,0" doraHai="12" doraHaiUra="30" who="1" fromWho="1" sc="245,-40,193,92,284,-21,268,-21" /><INIT seed="5,0,0,3,3,116" ten="205,285,263,247" oya="1" hai0="41,102,77,104,125,87,80,21,27,74,115,63,84" hai1="52,25,91,70,17,124,127,48,32,128,47,26,67" hai2="37,94,114,35,14,65,93,96,95,54,34,134,119" hai3="135,101,60,29,133,75,83,57,28,66,88,110,53"/><U100/><E128/><V112/><F119/><W3/><G110/><T7/><D115/><N who="2" m="44074" /><F37/><W105/><G3/><T40/><D125/><N who="1" m="48203" /><E100/><V15/><F65/><W33/><G75/><T72/><D7/><U117/><E117/><V44/><F134/><N who="3" m="51211" /><G33/><N who="2" m="12297" /><F96/><N who="3" m="61607" /><G66/><T43/><D74/><U129/><E129/><V59/><F44/><W2/><G2/><T122/><D122/><U13/><E91/><V68/><F68/><W46/><G46/><T39/><D39/><U12/><E32/><V131/><F131/><W132/><N who="3" m="51219" /><W30/><DORA hai="55" /><G30/><T103/><D102/><U23/><E26/><V24/><F24/><W109/><G109/><T92/><D104/><U120/><E120/><V31/><F31/><W71/><G71/><T97/><REACH who="0" step="1"/><D63/><AGARI ba="0,0" hai="12,13,17,23,25,47,48,52,63,67,70" m="48203" machi="63" ten="30,2900,0" yaku="18,1,54,1" doraHai="116,55" who="1" fromWho="0" sc="205,-29,285,29,263,0,247,0" /><AGARI ba="0,0" hai="14,15,54,59,63,93,94,95" m="12297,44074" machi="63" ten="40,5200,0" yaku="15,1,11,1,52,1" doraHai="116,55" who="2" fromWho="0" sc="176,-52,314,0,263,52,247,0" /><INIT seed="5,1,0,1,3,95" ten="124,314,315,247" oya="1" hai0="53,54,82,45,96,36,51,46,126,35,122,48,130" hai1="103,69,43,30,23,38,92,71,3,127,52,108,80" hai2="14,81,47,112,106,125,16,101,4,93,59,72,21" hai3="132,19,13,64,50,66,89,49,100,32,98,78,22"/><U104/><E104/><V42/><F106/><W57/><G132/><T70/><D35/><U41/><E3/><V102/><F125/><W61/><G32/><T39/><D126/><U133/><E127/><V12/><F112/><W131/><G131/><T77/><D130/><U24/><E133/><V135/><F135/><W105/><G78/><T11/><D122/><U121/><E121/><V1/><F12/><W111/><G111/><T20/><D70/><U0/><E0/><V33/><F33/><W113/><G113/><T124/><D124/><U25/><E108/><V110/><F110/><W120/><G120/><T40/><D11/><U56/><E71/><V17/><F17/><W67/><REACH who="3" step="1"/><G89/><REACH who="3" ten="124,314,315,237" step="2"/><T91/><D40/><U115/><E115/><V114/><F42/><W68/><G68/><T37/><D20/><N who="1" m="15623" /><E69/><V27/><F21/><W76/><G76/><T87/><REACH who="0" step="1"/><D77/><REACH who="0" ten="114,314,315,237" step="2"/><U10/><E10/><V90/><F114/><W83/><G83/><T34/><D34/><U31/><E80/><V29/><F81/><W107/><G107/><T84/><D84/><U65/><E41/><V75/><F75/><W5/><G5/><T99/><AGARI ba="1,2" hai="36,37,39,45,46,48,51,53,54,82,87,91,96,99" machi="99" ten="40,8000,1" yaku="1,1,0,1,9,1,52,2,53,0" doraHai="95" doraHaiUra="109" who="0" fromWho="0" sc="114,103,314,-41,315,-21,237,-21" /><INIT seed="6,0,0,2,3,135" ten="217,273,294,216" oya="2" hai0="53,23,78,19,72,73,76,22,24,16,67,74,46" hai1="29,92,6,56,120,97,7,111,49,75,38,64,99" hai2="122,69,116,41,31,15,124,54,3,106,65,117,18" hai3="102,63,96,60,57,43,2,8,123,110,9,47,26"/><V59/><F124/><W30/><G123/><T134/><D134/><U133/><E133/><V83/><F3/><W40/><G110/><T132/><D132/><U27/><E111/><V113/><F122/><W128/><G128/><T86/><D67/><U28/><E38/><V35/><F106/><W112/><G112/><T79/><D46/><U121/><E75/><V95/><F113/><W13/><G2/><T125/><D53/><U61/><E49/><V98/><F41/><W114/><G114/><T131/><D131/><U115/><E115/><V0/><F0/><W127/><G127/><T62/><D62/><U11/><E97/><V103/><F83/><W4/><G8/><T42/><D42/><U101/><E29/><V104/><F95/><W25/><G47/><T36/><D36/><U58/><E58/><V109/><F109/><W32/><G26/><T55/><D55/><U118/><E118/><V82/><F82/><W130/><G130/><T39/><D39/><U34/><E11/><N who="2" m="6527" /><F65/><W14/><G14/><T77/><D125/><U81/><E81/><V89/><F89/><W70/><G70/><T20/><D79/><U48/><E48/><N who="2" m="31175" /><F69/><W44/><G44/><T126/><D126/><U21/><E34/><V10/><F10/><W52/><G63/><T119/><D119/><U33/><E33/><V93/><F104/><AGARI ba="0,0" hai="4,9,13,25,30,32,40,43,52,57,60,96,102,104" machi="104" ten="30,2000,0" yaku="7,1,54,1" doraHai="135" who="3" fromWho="2" sc="217,0,273,0,294,-20,216,20" /><INIT seed="7,0,0,1,5,102" ten="217,273,274,236" oya="3" hai0="65,66,26,108,96,74,11,23,41,112,16,119,91" hai1="32,34,79,53,105,87,104,111,62,110,103,64,71" hai2="69,113,18,8,44,30,56,122,128,42,95,4,43" hai3="0,37,133,114,115,5,45,35,94,10,77,57,107"/><W13/><G133/><T63/><D108/><N who="1" m="41515" /><E87/><V72/><F69/><W46/><G107/><N who="1" m="41034" /><E103/><V27/><F72/><W59/><G35/><N who="1" m="13354" /><E53/><V92/><F95/><W67/><G77/><T125/><D74/><U70/><E79/><V131/><F131/><W120/><BYE who="2" /><G94/><N who="0" m="56415" /><D119/><U98/><E98/><V22/><F22/><W25/><G120/><T55/><D125/><U99/><E99/><UN n2="%72%69%6F%75%63%68%61%6E" /><V117/><F92/><W73/><G73/><T129/><D129/><U76/><E76/><V33/><F128/><W58/><G67/><T88/><D112/><N who="3" m="43049" /><G37/><T61/><D41/><U1/><E71/><V19/><F113/><W81/><G81/><T47/><D88/><U7/><E7/><V90/><F4/><N who="3" m="3271" /><G25/><T78/><D78/><U68/><E68/><V54/><F27/><W36/><G36/><T12/><D65/><U52/><E52/><V123/><F54/><W127/><G127/><T3/><D66/><U84/><E84/><V20/><F90/><W50/><G50/><N who="0" m="29151" /><D3/><AGARI ba="0,0" hai="1,3,62,64,70" m="13354,41034,41515" machi="3" ten="40,8000,1" yaku="23,1,52,3" doraHai="102" who="1" fromWho="0" sc="217,-80,273,80,274,0,236,0" owari="137,-36.3,353,45.3,274,7.4,236,-16.4" /></mjloggm>