<mjloggm ver="2.3"><GO type="225" lobby="0"/><UN n0="%E2%91%A3%E9%81%BF%E9%81%8A%E6%88%AF%E3%80%90%E6%9D%B1%E5%8D%97%E3%80%91" n1="%E3%81%95%E3%81%8D%E3%81%9F%E3%81%BE%E6%9E%97%E6%AA%8E" n2="%E3%81%8F%E3%82%8A%E3%83%94%E3%83%BC" n3="%6D%75%75%6D%75%72%61" dan="16,16,16,16" rate="2086.13,2144.24,2110.40,2161.77" sx="M,M,M,F"/><TAIKYOKU oya="0"/><INIT seed="0,0,0,4,3,73" ten="250,250,250,250" oya="0" hai0="19,89,116,105,14,34,57,16,66,95,15,115,119" hai1="131,65,22,45,107,0,111,41,59,126,113,71,29" hai2="12,92,61,3,1,37,54,64,38,4,117,130,32" hai3="55,86,68,52,74,24,70,58,76,35,84,112,102"/><T85/><D115/><U121/><E111/><V43/><F130/><W42/><G112/><T27/><D105/><U93/><E121/><V128/><F128/><W51/><G74/><T91/><D34/><U135/><E131/><V78/><F32/><W30/><G42/><T125/><D125/><U133/><E107/><V108/><F54/><W40/><G40/><T11/><D27/><U20/><E0/><V106/><F106/><W6/><G102/><T124/><D124/><U127/><E71/><V109/><F117/><W72/><G72/><T33/><D33/><U114/><E93/><V118/><F92/><W18/><G6/><T56/><D66/><U60/><E114/><V63/><F12/><W88/><G18/><T50/><D91/><U36/><E113/><V81/><F43/><W9/><G9/><T69/><D69/><U104/><E104/><V13/><F13/><W100/><G100/><T90/><D90/><U46/><E46/><V62/><F64/><W7/><G7/><T21/><D57/><U77/><E127/><V67/><F67/><W5/><G5/><T103/><D103/><U98/><E98/><V28/><F28/><W8/><G8/><T101/><D101/><U94/><E126/><V17/><F17/><W82/><G55/><AGARI ba="0,0" hai="11,14,15,16,19,21,50,55,56,85,89,95,116,119" machi="55" ten="40,7700,0" yaku="25,2,54,1" doraHai="73" who="0" fromWho="3" sc="250,77,250,0,250,0,250,-77" /><INIT seed="0,1,0,4,5,86" ten="327,250,250,173" oya="0" hai0="93,2,122,61,44,99,11,77,128,59,63,28,132" hai1="88,65,3,104,119,100,38,83,68,0,121,123,111" hai2="23,120,20,33,55,25,36,95,115,4,97,107,127" hai3="102,62,50,24,7,6,64,76,49,89,66,92,103"/><T116/><D122/><U8/><E111/><V53/><F120/><W58/><G76/><T32/><D116/><U129/><E119/><V46/><F107/><W106/><G66/><T51/><D132/><U12/><E129/><V31/><F115/><W124/><G106/><T48/><D128/><U135/><E135/><V84/><F127/><W60/><G60/><T71/><D77/><U41/><E41/><V134/><F4/><W22/><G124/><T74/><D74/><U27/><E38/><V94/><F134/><W15/><G50/><T98/><D98/><U70/><E27/><V10/><F10/><W87/><G49/><T126/><D71/><U73/><E73/><V78/><F36/><W105/><G105/><T40/><D32/><U108/><E108/><V112/><F46/><W82/><G15/><T117/><D28/><U17/><E100/><V81/><F95/><W133/><G133/><T30/><D30/><U130/><E104/><V113/><F113/><W29/><REACH who="3" step="1"/><G102/><REACH who="3" ten="327,250,250,163" step="2"/><T96/><D117/><U56/><E65/><V39/><F39/><W5/><G5/><T52/><D126/><U67/><E67/><V57/><F112/><W72/><G72/><T75/><D75/><U47/><E12/><V45/><F78/><W18/><G18/><T114/><D114/><U34/><E123/><V131/><F131/><W19/><G19/><T69/><D2/><U43/><E130/><V37/><F37/><W80/><G80/><T90/><D63/><U79/><E121/><V109/><F81/><W101/><G101/><T16/><D61/><U110/><E0/><RYUUKYOKU ba="1,1" sc="327,-10,250,-10,250,-10,163,30" hai3="6,7,22,24,29,58,62,64,82,87,89,92,103" /><INIT seed="1,2,1,3,1,31" ten="317,240,240,193" oya="1" hai0="133,34,61,16,117,112,24,75,65,94,89,68,85" hai1="109,134,79,92,102,55,66,71,111,115,50,3,124" hai2="51,116,93,27,6,4,105,87,12,125,28,9,22" hai3="107,30,46,131,126,11,88,82,29,86,77,129,17"/><U96/><E3/><V113/><F105/><W44/><G126/><T35/><D117/><U48/><E124/><V7/><F116/><W2/><G107/><T1/><D1/><U13/><E134/><V74/><F74/><W59/><G59/><T23/><D133/><U128/><E128/><N who="3" m="49226" /><G77/><T0/><D112/><U63/><E115/><V54/><F113/><W95/><G95/><T69/><D0/><U40/><E79/><V99/><F87/><W43/><G17/><T64/><D75/><U130/><E130/><V118/><F125/><W14/><G14/><T83/><D83/><U132/><E132/><V8/><F12/><W36/><G46/><T56/><REACH who="0" step="1"/><D65/><REACH who="0" ten="307,240,240,193" step="2"/><U72/><E66/><V32/><F118/><W26/><G26/><T122/><D122/><U76/><E72/><V104/><F27/><W73/><G73/><T97/><D97/><U21/><E96/><V38/><F99/><W114/><G114/><T101/><D101/><U19/><E102/><V62/><F104/><W103/><G103/><T84/><D84/><U119/><E119/><V25/><F93/><W106/><G106/><T67/><D67/><U91/><E92/><V10/><F4/><AGARI ba="2,2" hai="2,4,11,29,30,36,43,44,82,86,88" m="49226" machi="4" ten="30,2000,0" yaku="19,1,54,1" doraHai="31" who="3" fromWho="2" sc="307,0,240,0,240,-26,193,46" /><INIT seed="2,0,0,0,3,80" ten="307,240,214,239" oya="2" hai0="43,135,26,21,117,17,58,78,129,39,134,115,107" hai1="123,41,52,98,85,14,87,132,68,57,119,63,100" hai2="72,22,3,5,112,11,49,1,40,25,42,51,116" hai3="127,7,88,105,4,131,97,130,89,120,86,2,122"/><V19/><F112/><W74/><G74/><T73/><D115/><U125/><E119/><V81/><F116/><W34/><G34/><T60/><D117/><U23/><E68/><V75/><F1/><W46/><G127/><T59/><D107/><U101/><E132/><V126/><F126/><W93/><G46/><T71/><D129/><N who="3" m="49161" /><G2/><T0/><D0/><U104/><E125/><V44/><REACH who="2" step="1"/><F81/><REACH who="2" ten="307,240,204,239" step="2"/><N who="3" m="49231" /><G105/><T118/><D135/><U45/><E123/><AGARI ba="0,1" hai="4,7,89,93,97,120,122,123" m="49231,49161" machi="123" ten="30,3900,0" yaku="19,1,52,1,54,1" doraHai="80" who="3" fromWho="1" sc="307,0,240,-39,204,0,239,49" /><INIT seed="3,0,0,1,1,106" ten="307,201,204,288" oya="3" hai0="110,56,11,26,65,6,118,53,30,16,94,115,120" hai1="131,77,123,54,67,68,1,88,61,7,24,64,8" hai2="38,42,121,80,100,39,102,104,45,71,92,78,57" hai3="15,114,98,28,9,2,107,0,20,51,103,37,63"/><W41/><G37/><T135/><D110/><U129/><E123/><V82/><F71/><W96/><G114/><T44/><D120/><U87/><E77/><V3/><F104/><W128/><G128/><N who="1" m="49226" /><E24/><V95/><F121/><W93/><G63/><T50/><D118/><U43/><E43/><V79/><F57/><W109/><G109/><T18/><D115/><U4/><E4/><V116/><F45/><W58/><G28/><T21/><D135/><U5/><E5/><V99/><F99/><W130/><G20/><T89/><D65/><N who="1" m="41007" /><E54/><V125/><F42/><W72/><G130/><T97/><D56/><U101/><E101/><V48/><F116/><W105/><G72/><T60/><D60/><U66/><E66/><V14/><F48/><W47/><G58/><T132/><D132/><U122/><E122/><V91/><F91/><W70/><G70/><T17/><D30/><U27/><E27/><V76/><F79/><W83/><G83/><AGARI ba="0,0" hai="1,7,8,64,67,83,87,88" m="41007,49226" machi="83" ten="30,2000,0" yaku="19,1,54,1" doraHai="106" who="1" fromWho="3" sc="307,0,201,20,204,0,288,-20" owari="307,40.7,221,-17.9,204,-29.6,268,6.8" /></mjloggm>