<mjloggm ver="2.3"><GO type="225" lobby="0"/><UN n0="%E6%A1%9C%E8%8A%B1%E9%96%83%E3%80%85" n1="%72%65%6E%6B%75%6E" n2="%E7%89%8C%E6%B5%81%E7%8A%B6%E6%85%8B%E9%BA%BB%E9%9B%80" n3="%E3%81%B8%E3%82%80%E3%81%B8%E3%82%80%EF%BC%92%E5%8F%B7" dan="18,17,16,17" rate="2196.85,2320.70,2162.42,2134.99" sx="M,M,M,M"/><TAIKYOKU oya="0"/><INIT seed="0,0,0,0,3,2" ten="250,250,250,250" oya="0" hai0="76,57,85,43,92,35,71,42,102,88,19,65,98" hai1="15,56,25,75,41,66,119,72,11,53,125,91,84" hai2="126,62,112,131,107,52,33,132,80,68,12,116,1" hai3="101,79,5,50,105,54,97,127,123,133,40,18,55"/><T89/><D71/><U3/><E119/><V90/><RYUUKYOKU type="yao9" ba="0,0" sc="250,0,250,0,250,0,250,0" hai2="1,12,33,52,62,68,80,90,107,112,116,126,131,132" /><INIT seed="0,1,0,1,0,77" ten="250,250,250,250" oya="0" hai0="125,124,69,61,81,117,34,48,87,135,53,57,26" hai1="115,123,32,84,128,52,54,14,58,7,102,130,9" hai2="129,133,88,70,76,35,59,51,73,50,63,42,31" hai3="79,113,16,43,121,45,60,101,46,3,86,22,85"/><T109/><D117/><U28/><E123/><V107/><F70/><W21/><G113/><T116/><D116/><U36/><E36/><V6/><F107/><W27/><G121/><T78/><D135/><U10/><E115/><V47/><F133/><W12/><G3/><T93/><D109/><U106/><E106/><V94/><F129/><N who="1" m="49769" /><E102/><V99/><F6/><W20/><G101/><T127/><D93/><U44/><E84/><V83/><F31/><W17/><G79/><T119/><D119/><U71/><E71/><V19/><F19/><W72/><G72/><T29/><REACH who="0" step="1"/><D69/><REACH who="0" ten="240,250,250,250" step="2"/><U5/><E44/><V0/><F0/><W100/><G46/><T4/><D4/><U23/><E58/><V38/><REACH who="2" step="1"/><F35/><REACH who="2" ten="240,250,240,250" step="2"/><W68/><G68/><T8/><D8/><U74/><E32/><V126/><F126/><W80/><G45/><T56/><D56/><U75/><E10/><V120/><F120/><W105/><G105/><T131/><D131/><U62/><E7/><V18/><F18/><W95/><G17/><T67/><D67/><AGARI ba="1,2" hai="38,42,47,50,51,59,63,67,73,76,83,88,94,99" machi="67" ten="30,8000,1" yaku="1,1,7,1,52,1,54,1,53,1" doraHai="77" doraHaiUra="40" who="2" fromWho="0" sc="240,-83,250,0,240,103,250,0" /><INIT seed="1,0,0,5,5,86" ten="157,250,343,250" oya="1" hai0="106,3,90,61,67,13,57,116,74,103,101,97,65" hai1="85,91,19,52,9,60,47,81,21,0,79,84,122" hai2="55,95,25,28,6,29,133,41,62,40,68,12,82" hai3="42,112,51,128,34,76,98,14,125,64,16,83,32"/><U5/><E122/><V35/><F29/><W66/><G112/><T126/><D116/><U124/><E124/><V56/><F133/><W54/><G125/><T23/><D126/><U46/><E60/><V53/><F68/><W121/><G121/><T37/><D3/><U59/><E84/><V2/><F2/><W38/><G128/><T78/><D37/><U73/><E73/><V89/><F89/><W70/><BYE who="2" /><G98/><T102/><D67/><U99/><E99/><V118/><F118/><W131/><G131/><T120/><D120/><U113/><E113/><UN n2="%E7%89%8C%E6%B5%81%E7%8A%B6%E6%85%8B%E9%BA%BB%E9%9B%80" /><V49/><F95/><W135/><G135/><T93/><D74/><U71/><E71/><V15/><F82/><W20/><G42/><T48/><D48/><U88/><E59/><V100/><F100/><W36/><G36/><T92/><D78/><U111/><E111/><V7/><F15/><W11/><G38/><T50/><D50/><U30/><E30/><V31/><F31/><W96/><G96/><N who="0" m="57367" /><D106/><U63/><E63/><V4/><REACH who="2" step="1"/><F12/><REACH who="2" ten="157,250,333,250" step="2"/><W134/><G134/><T39/><D39/><U33/><E33/><V105/><F105/><W1/><G1/><T10/><D23/><U17/><E91/><V110/><F110/><W77/><G34/><T45/><D13/><U130/><E88/><V114/><F114/><W22/><G32/><T94/><D10/><U80/><E130/><V87/><F87/><N who="3" m="48615" /><G77/><T26/><D94/><U104/><E104/><V123/><F123/><W109/><G109/><T115/><D115/><U58/><E79/><V108/><F108/><W72/><G70/><T69/><D69/><RYUUKYOKU ba="0,1" sc="157,-10,250,-10,333,30,250,-10" hai2="4,6,7,25,28,35,40,41,49,53,55,56,62" /><INIT seed="2,1,1,0,5,70" ten="147,240,363,240" oya="2" hai0="36,58,113,102,111,46,20,83,112,133,115,74,110" hai1="120,67,6,18,98,68,97,7,14,104,31,8,59" hai2="28,12,56,10,35,17,100,22,89,0,9,45,132" hai3="73,128,85,34,62,57,2,121,80,126,76,79,129"/><V123/><F123/><W40/><G121/><T64/><D102/><U53/><E120/><V69/><F69/><W99/><G34/><T32/><D32/><U92/><E31/><V130/><F130/><N who="3" m="50283" /><G2/><T38/><D20/><U33/><E33/><V116/><F116/><W93/><G126/><T44/><D133/><U13/><E68/><V21/><F132/><W88/><G40/><N who="0" m="22535" /><D83/><U37/><E37/><V54/><F100/><N who="3" m="60527" /><G73/><T29/><D29/><U78/><E67/><AGARI ba="1,1" hai="57,62,67,76,79,80,85,88" m="60527,50283" machi="67" ten="30,2000,0" yaku="19,1,54,1" doraHai="70" who="3" fromWho="1" sc="147,0,240,-23,363,0,240,33" /><INIT seed="3,0,0,2,1,126" ten="147,217,363,273" oya="3" hai0="111,130,105,52,43,63,5,79,119,68,50,135,84" hai1="8,115,2,24,113,7,90,103,66,89,18,77,87" hai2="55,20,64,22,118,38,14,121,26,120,91,133,44" hai3="60,0,19,92,78,29,83,122,82,114,15,116,112"/><W47/><G116/><T128/><D119/><U100/><E66/><V117/><F133/><W25/><G0/><T58/><D135/><U67/><E67/><V30/><F64/><W131/><G122/><N who="2" m="47209" /><F91/><W109/><G109/><T4/><D105/><U134/><E134/><V98/><F98/><W75/><G83/><N who="0" m="47231" /><D68/><U35/><E18/><N who="2" m="10327" /><F55/><W132/><G132/><T101/><D101/><U88/><E100/><V9/><F9/><W21/><G60/><T12/><D111/><U62/><E62/><V86/><F86/><W97/><G47/><N who="0" m="25983" /><D4/><U124/><E103/><V46/><F46/><W39/><G39/><T54/><D54/><U70/><E70/><V6/><F6/><W85/><G75/><T95/><D95/><U106/><E106/><V108/><F108/><W96/><G112/><T40/><D40/><AGARI ba="0,0" hai="22,26,30,38,40,44,117,118" m="10327,47209" machi="40" ten="30,1000,0" yaku="13,1" doraHai="126" who="2" fromWho="0" sc="147,-10,217,0,363,10,273,0" owari="137,-36.3,217,-18.3,373,47.3,273,7.3" /></mjloggm>