<mjloggm ver="2.3"><GO type="225" lobby="0"/><UN n0="%E9%B3%B3%E6%9D%B1%E3%81%AE%E3%81%BF%E3%81%91%E3%81%AB%E3%82%83%E3%82%93" n1="%E8%80%81%E6%A5%BD" n2="%E6%A0%B9%E5%85%83%E3%81%8B%E3%82%89%E5%90%B9%E3%81%A3%E9%A3%9B%E3%81%B6" n3="%70%68%65%6E%6F%6D%65" dan="16,16,17,16" rate="2047.02,2100.42,2132.14,2114.76" sx="F,M,F,M"/><TAIKYOKU oya="0"/><INIT seed="0,0,0,4,0,3" ten="250,250,250,250" oya="0" hai0="121,28,119,114,88,73,49,80,33,127,44,18,45" hai1="0,42,1,90,74,89,64,123,128,40,85,46,134" hai2="32,97,9,132,20,23,102,56,110,108,31,131,35" hai3="125,11,83,116,57,60,129,99,72,91,98,25,39"/><T34/><D114/><U87/><E123/><V36/><F36/><W8/><G116/><T95/><D119/><U107/><E74/><V4/><F131/><W135/><G129/><T94/><D121/><U54/><E128/><V65/><F132/><W118/><G118/><T117/><D117/><U52/><E64/><V22/><F56/><W124/><G39/><T2/><D45/><U71/><E46/><V126/><F65/><W82/><G25/><T50/><D50/><U93/><E93/><V62/><F62/><W58/><G72/><T120/><D28/><U59/><E59/><V84/><F84/><W96/><G91/><T111/><D94/><U77/><E77/><V103/><F126/><N who="3" m="48747" /><G135/><T101/><D101/><N who="2" m="38410" /><F97/><W7/><G58/><T37/><D37/><U106/><REACH who="1" step="1"/><E134/><REACH who="1" ten="250,240,250,250" step="2"/><V48/><F110/><W24/><G57/><T68/><D111/><U67/><E67/><V27/><F108/><W15/><G60/><T130/><D127/><U112/><E112/><V133/><F133/><W21/><G11/><T109/><D109/><U43/><E43/><V19/><F9/><W51/><G51/><T61/><D49/><U13/><E13/><V5/><F48/><W63/><G63/><T122/><D61/><U66/><E66/><V41/><F41/><W10/><G8/><T53/><D130/><U47/><E47/><V76/><F76/><W75/><G75/><T79/><D44/><U30/><E30/><AGARI ba="0,1" hai="7,10,15,21,24,30,82,83,96,98,99" m="48747" machi="30" ten="30,2000,0" yaku="18,1,52,1" doraHai="3" who="3" fromWho="1" sc="250,0,240,-20,250,0,250,30" /><INIT seed="1,0,0,3,5,134" ten="250,220,250,280" oya="1" hai0="30,40,109,8,50,10,67,37,6,46,92,64,103" hai1="89,84,129,71,54,108,20,76,113,104,42,120,124" hai2="132,59,4,23,82,29,133,126,48,85,106,130,116" hai3="33,44,122,41,49,115,31,78,45,83,110,14,65"/><U95/><E71/><V80/><F116/><W68/><G122/><T27/><D109/><U52/><E120/><V100/><F4/><W25/><G115/><T0/><D37/><U53/><E113/><V26/><F100/><W90/><G110/><T112/><D112/><U127/><E108/><V7/><F106/><W22/><G68/><T15/><D92/><U62/><E104/><V75/><F7/><W123/><G123/><T77/><D77/><U72/><E129/><V43/><F75/><W101/><G101/><T24/><D24/><U119/><E119/><V47/><F130/><W51/><G65/><T107/><D103/><U121/><E42/><V16/><F59/><W66/><G66/><T99/><D99/><U69/><E20/><V18/><F80/><W88/><G14/><T60/><D60/><U93/><E93/><V135/><REACH who="2" step="1"/><F126/><REACH who="2" ten="250,220,240,280" step="2"/><N who="1" m="48169" /><E121/><V111/><F111/><W98/><G83/><T55/><D107/><U35/><E35/><V9/><F9/><W19/><G33/><T91/><D10/><U87/><E72/><V96/><F96/><W17/><G98/><T58/><D6/><U128/><E128/><V61/><F61/><W38/><G22/><T117/><D117/><U94/><E69/><V73/><F73/><W39/><G45/><T81/><D8/><U36/><E62/><V34/><F34/><W5/><G44/><T21/><D21/><U3/><E3/><V102/><F102/><W79/><G5/><T12/><D46/><U28/><E76/><AGARI ba="0,1" hai="16,18,23,26,29,43,47,48,76,82,85,132,133,135" machi="76" ten="40,5200,0" yaku="1,1,20,1,54,1,53,0" doraHai="134" doraHaiUra="56" who="2" fromWho="1" sc="250,0,220,-52,240,62,280,0" /><INIT seed="2,0,0,2,5,80" ten="250,168,302,280" oya="2" hai0="63,16,14,31,95,97,29,5,64,96,110,72,22" hai1="15,132,56,126,32,105,117,112,133,59,116,92,104" hai2="86,122,11,107,75,134,84,82,43,53,33,7,88" hai3="51,3,119,93,45,47,37,115,94,44,65,24,76"/><V87/><F122/><W106/><G119/><T77/><D110/><U34/><E112/><V25/><F107/><N who="1" m="41033" /><E92/><N who="2" m="54279" /><F33/><N who="1" m="12905" /><E15/><N who="2" m="5631" /><F75/><W60/><G115/><T81/><D5/><U9/><E9/><V23/><F134/><N who="1" m="51817" /><E126/><V102/><F102/><W26/><G3/><T113/><D113/><U135/><N who="1" m="51825" /><U40/><DORA hai="98" /><E40/><V18/><F43/><W55/><G106/><T78/><D97/><U49/><E49/><V66/><F66/><W127/><G127/><T19/><D19/><U101/><E101/><V46/><F82/><W21/><G93/><T108/><D78/><U28/><E28/><V131/><F131/><W120/><G76/><T103/><REACH who="0" step="1"/><D108/><REACH who="0" ten="240,168,302,280" step="2"/><U42/><E42/><V36/><F36/><W17/><G37/><T1/><D1/><U83/><E83/><V35/><F35/><W27/><G94/><T118/><D118/><AGARI ba="0,1" hai="56,59,116,117,118" m="51825,12905,41033" machi="118" ten="50,6400,0" yaku="28,2,20,1" doraHai="80,98" who="1" fromWho="0" sc="240,-64,168,74,302,0,280,0" /><INIT seed="3,0,0,1,2,31" ten="176,242,302,280" oya="3" hai0="21,9,108,52,124,14,50,58,107,11,13,87,76" hai1="1,127,100,90,98,133,89,116,132,30,119,118,84" hai2="92,70,56,29,68,123,128,28,46,42,104,106,38" hai3="112,114,74,35,131,23,63,94,37,12,41,43,80"/><W86/><G35/><T2/><D107/><N who="2" m="41002" /><F28/><W135/><G131/><T93/><D108/><U122/><E1/><V83/><F92/><W53/><G135/><N who="1" m="51786" /><E30/><V81/><F81/><W65/><G53/><T39/><D39/><U16/><E127/><V5/><F56/><W32/><G32/><T134/><D134/><U130/><E130/><V25/><F5/><W24/><G12/><T97/><D124/><U117/><N who="1" m="29696" /><DORA hai="27" /><U78/><E122/><V18/><F18/><W110/><G94/><T62/><D2/><U48/><E48/><V26/><F26/><W66/><G74/><T125/><D125/><U73/><E73/><V17/><F17/><W121/><G121/><T99/><D50/><U105/><E16/><V60/><F60/><W75/><G75/><T51/><D62/><U45/><E45/><V82/><F123/><W115/><G110/><T0/><D0/><U61/><E61/><V15/><F15/><N who="0" m="5642" /><D21/><U71/><E71/><V34/><F128/><W95/><G37/><T72/><D72/><U54/><E54/><V20/><F20/><W102/><G23/><T88/><D76/><U57/><E57/><V40/><F40/><N who="3" m="15435" /><G24/><T47/><D47/><U126/><E126/><V64/><F70/><W4/><G63/><T111/><D111/><U22/><E22/><V36/><F36/><W8/><G66/><T69/><D69/><U55/><E55/><V67/><F67/><W44/><G65/><T103/><D103/><U77/><E90/><V120/><F120/><W10/><G44/><T19/><D19/><U79/><E89/><V33/><F33/><RYUUKYOKU ba="0,0" sc="176,10,242,10,302,10,280,-30" hai0="9,11,51,52,58,87,88,93,97,99" hai1="77,78,79,84,98,100,105" hai2="25,29,34,38,42,46,64,68,82,83" owari="186,-31.4,252,5.2,312,41.2,250,-15.0" /></mjloggm>