<mjloggm ver="2.3"><GO type="225" lobby="0"/><UN n0="%54%4F%52" n1="%E5%84%AA%40%41%42%43" n2="%E3%83%AD%E3%83%83%E3%83%86%E9%9B%80%E7%90%83" n3="%E6%80%AA%E3%81%97%E3%81%99%E3%81%8E%E3%82%8B%E3%83%81%E3%83%BC" dan="17,17,17,16" rate="2242.03,2202.09,2150.92,2135.35" sx="M,M,M,M"/><TAIKYOKU oya="0"/><INIT seed="0,0,0,2,3,129" ten="250,250,250,250" oya="0" hai0="113,109,62,32,68,52,10,119,102,124,6,45,74" hai1="101,84,127,58,4,9,7,106,121,33,29,66,14" hai2="69,60,123,132,97,54,27,130,72,53,134,13,87" hai3="1,96,25,93,40,28,20,77,2,107,110,122,48"/><T51/><D113/><U131/><E121/><V135/><F130/><W31/><G122/><T94/><D119/><U39/><E131/><V85/><F123/><W61/><G107/><T115/><D115/><U83/><E39/><V92/><F72/><W43/><G110/><T26/><D74/><U37/><E37/><V103/><F13/><W76/><G61/><T75/><D75/><U95/><E106/><V46/><F27/><W81/><G31/><T59/><D109/><U64/><E29/><V57/><F69/><W71/><G71/><T22/><D124/><U34/><E34/><V11/><F11/><W8/><G77/><T114/><D114/><U105/><E105/><V80/><F80/><W133/><G133/><T70/><D32/><U24/><E24/><V117/><F117/><W50/><G8/><T126/><D126/><U19/><E33/><V23/><F23/><W86/><G2/><T17/><D94/><U91/><E127/><V56/><F46/><W21/><G21/><T108/><D102/><U104/><E104/><V47/><F47/><W78/><G1/><T98/><D98/><N who="1" m="59615" /><E58/><V36/><F36/><W41/><REACH who="3" step="1"/><G78/><REACH who="3" ten="250,250,250,240" step="2"/><T3/><REACH who="0" step="1"/><D108/><REACH who="0" ten="240,250,250,240" step="2"/><U0/><E0/><V120/><F120/><W89/><AGARI ba="0,2" hai="20,25,28,40,41,43,48,50,76,81,86,89,93,96" machi="89" ten="30,8000,1" yaku="1,1,2,1,0,1,8,1,53,1" doraHai="129" doraHaiUra="18" who="3" fromWho="3" sc="240,-40,250,-20,250,-20,240,100" /><INIT seed="1,0,0,4,2,117" ten="200,230,230,340" oya="1" hai0="36,75,10,21,23,19,0,28,74,83,14,123,70" hai1="80,122,43,53,128,35,60,97,110,41,39,54,89" hai2="68,1,16,15,6,48,82,49,77,8,85,93,64" hai3="129,100,72,96,118,87,40,94,91,12,26,95,121"/><U62/><E35/><V104/><F104/><W27/><G72/><T127/><D70/><U73/><E73/><V131/><F131/><W50/><G118/><T11/><D36/><U133/><E97/><V2/><F93/><W33/><G121/><T56/><D74/><U57/><E80/><V34/><F34/><W71/><G71/><T47/><D47/><N who="1" m="23999" /><E89/><V66/><F1/><W111/><G111/><T67/><D75/><U45/><E128/><V116/><F116/><W99/><G33/><T134/><D83/><U52/><E133/><V88/><F77/><W120/><G120/><T44/><D123/><U78/><E78/><V103/><F103/><W58/><G12/><T114/><D114/><U86/><E86/><V18/><F68/><W107/><G129/><T3/><D134/><U76/><E76/><V135/><F135/><W125/><G125/><T29/><D127/><U108/><E122/><V65/><REACH who="2" step="1"/><F18/><REACH who="2" ten="200,230,220,340" step="2"/><W113/><G107/><T31/><D0/><U79/><E79/><V130/><F130/><W112/><G113/><T81/><D3/><U63/><E57/><V90/><F90/><W55/><G112/><T13/><D56/><U115/><E115/><V4/><F4/><W69/><G69/><T84/><D19/><U92/><E92/><V32/><F32/><W101/><G95/><T30/><D30/><U51/><AGARI ba="0,1" hai="43,45,51,52,53,54,60,62,63,108,110" m="23999" machi="51" ten="40,7800,0" yaku="34,2,54,1" doraHai="117" who="1" fromWho="1" sc="200,-26,230,88,220,-26,340,-26" /><INIT seed="1,1,0,4,5,10" ten="174,318,194,314" oya="1" hai0="120,78,83,117,95,124,22,110,49,96,50,84,58" hai1="87,112,1,36,5,48,119,57,103,128,92,81,20" hai2="118,68,45,115,104,122,29,4,19,7,17,60,107" hai3="38,127,91,51,53,8,113,131,99,69,123,43,39"/><U82/><E112/><V2/><F118/><W56/><G113/><T28/><D117/><U74/><E36/><V35/><F122/><W102/><G123/><T47/><D120/><U116/><E128/><V61/><F115/><W37/><G131/><T85/><D110/><U21/><E74/><V62/><F68/><W129/><G129/><T30/><D124/><U121/><E121/><V64/><F64/><W31/><G69/><T32/><D32/><U76/><E81/><V42/><F29/><W26/><G91/><T16/><D85/><U14/><E1/><V132/><F35/><W100/><G8/><T54/><D47/><U135/><E135/><V6/><F2/><W11/><G11/><T71/><D49/><U90/><E103/><V133/><F45/><W15/><G15/><N who="0" m="9503" /><D71/><U80/><E116/><V23/><F42/><W93/><G127/><T40/><D40/><U88/><E5/><V25/><REACH who="2" step="1"/><F19/><REACH who="2" ten="174,318,184,314" step="2"/><W111/><G43/><T77/><D77/><N who="1" m="46479" /><E119/><V3/><F3/><W13/><G39/><T24/><D24/><U67/><E76/><V46/><F46/><W52/><G38/><T109/><D109/><U79/><E79/><V65/><F65/><W55/><G37/><T59/><D59/><U66/><E67/><V70/><F70/><W75/><G111/><T130/><D130/><U86/><E66/><V125/><F125/><W105/><G26/><T0/><D0/><U114/><E114/><V72/><F72/><W41/><G75/><T18/><D18/><U63/><E14/><V89/><F89/><AGARI ba="1,1" hai="28,30,50,54,58,78,83,84,89,95,96" m="9503" machi="89" ten="30,3900,0" yaku="8,1,52,1,54,1" doraHai="10" who="0" fromWho="2" sc="174,52,318,0,184,-42,314,0" /><INIT seed="2,0,0,3,0,130" ten="226,318,142,314" oya="2" hai0="41,131,98,129,127,60,61,40,55,79,30,47,104" hai1="105,125,96,59,32,0,31,1,33,51,78,29,54" hai2="119,17,49,3,24,82,50,26,11,70,115,74,89" hai3="57,14,5,120,23,114,67,58,100,110,97,116,135"/><V71/><F119/><W25/><G135/><T84/><D127/><U108/><E108/><V91/><F115/><W112/><G116/><T64/><D30/><U62/><E125/><V121/><F121/><W35/><G110/><T45/><D79/><U42/><E78/><V37/><F37/><W133/><G133/><T20/><D84/><U122/><E122/><V95/><F3/><W43/><G43/><N who="0" m="16459" /><D20/><U75/><E75/><V66/><F74/><W65/><G35/><T19/><D19/><U76/><E76/><V12/><F66/><N who="3" m="25099" /><G120/><T44/><D98/><U124/><E31/><V123/><F123/><W93/><G112/><T118/><D104/><U101/><E29/><V53/><F71/><W52/><G52/><T15/><D15/><U132/><E132/><V9/><F70/><W4/><G114/><T56/><D118/><U2/><E124/><V87/><F11/><N who="3" m="4455" /><G5/><T22/><D22/><U107/><E107/><V90/><F50/><W85/><G85/><T126/><D126/><U46/><AGARI ba="0,0" hai="0,1,2,32,33,42,46,51,54,59,62,96,101,105" machi="46" ten="40,1500,0" yaku="0,1" doraHai="130" who="1" fromWho="1" sc="226,-4,318,15,142,-7,314,-4" /><INIT seed="3,0,0,5,1,25" ten="222,333,135,310" oya="3" hai0="29,96,127,102,60,41,19,86,13,1,73,88,50" hai1="108,119,121,3,11,94,58,100,4,128,21,37,54" hai2="70,120,79,98,77,109,81,45,123,85,16,87,104" hai3="101,32,15,36,55,89,118,33,95,53,42,47,132"/><W7/><G118/><T26/><D1/><U71/><E121/><V114/><F70/><W82/><G132/><T9/><D73/><U24/><E71/><V17/><F114/><W97/><G33/><T40/><D127/><U0/><E37/><V117/><F117/><W84/><REACH who="3" step="1"/><G32/><REACH who="3" ten="222,333,135,300" step="2"/><T91/><D41/><U8/><E119/><V103/><F109/><W63/><G63/><T126/><D40/><U111/><E128/><V6/><F6/><W124/><G124/><T39/><D60/><U92/><E0/><V23/><F45/><W66/><G66/><T56/><D126/><U131/><E131/><V10/><F10/><AGARI ba="0,1" hai="7,10,15,36,42,47,53,55,82,84,89,95,97,101" machi="10" ten="40,2000,0" yaku="1,1,53,0" doraHai="25" doraHaiUra="12" who="3" fromWho="2" sc="222,0,333,0,135,-20,300,30" /><INIT seed="3,1,0,4,3,61" ten="222,333,115,330" oya="3" hai0="122,57,95,125,24,42,99,47,109,104,92,50,36" hai1="52,87,108,64,2,106,53,16,110,114,49,74,132" hai2="58,63,89,80,71,105,133,56,120,97,70,25,22" hai3="6,9,112,69,55,4,117,43,40,124,18,13,31"/><W96/><G112/><T116/><D116/><U5/><E74/><V86/><F133/><W14/><G69/><T35/><D122/><U88/><E114/><V131/><F120/><W21/><G117/><T66/><D109/><N who="1" m="42091" /><E106/><V79/><F131/><W51/><G124/><T82/><D104/><U68/><E132/><V130/><F130/><W29/><G96/><T127/><D82/><N who="1" m="49271" /><E16/><V26/><F26/><W37/><G6/><T90/><D95/><U48/><E64/><V12/><F58/><N who="3" m="33151" /><G37/><T30/><D50/><N who="1" m="19563" /><E68/><V83/><F12/><W41/><AGARI ba="1,0" hai="4,9,13,14,18,21,29,31,40,41,43" m="33151" machi="41" ten="30,1500,0" yaku="8,1" doraHai="61" who="3" fromWho="3" sc="222,-6,333,-6,115,-6,330,18" owari="216,-18.4,327,12.7,109,-39.1,348,44.8" /></mjloggm>