<mjloggm ver="2.3"><GO type="225" lobby="0"/><UN n0="%72%69%6F%75%63%68%61%6E" n1="%E6%A1%9C%E8%8A%B1%E9%96%83%E3%80%85" n2="%E3%82%82%E3%81%90%E3%82%89" n3="%72%61%6B%33" dan="17,18,17,17" rate="2212.49,2285.95,2187.43,2270.95" sx="M,M,M,M"/><TAIKYOKU oya="0"/><INIT seed="0,0,0,1,1,118" ten="250,250,250,250" oya="0" hai0="76,36,3,70,86,72,56,42,120,110,7,17,112" hai1="75,33,5,79,53,106,6,43,128,134,90,80,59" hai2="85,93,32,121,30,113,109,12,107,11,48,58,123" hai3="82,31,52,29,100,71,69,51,89,94,132,47,103"/><T119/><D120/><U1/><E128/><V40/><F107/><W21/><G132/><T66/><D112/><U13/><E1/><V125/><F113/><W95/><G82/><N who="0" m="45319" /><D86/><U130/><E134/><V65/><F109/><W131/><G131/><T24/><D119/><U10/><E130/><V102/><F125/><W83/><G83/><T133/><D133/><U49/><E33/><V92/><F92/><W117/><G117/><T35/><D56/><U108/><E108/><V124/><F124/><W126/><G126/><T87/><D87/><U16/><E106/><V19/><F40/><W38/><G38/><T45/><D17/><U50/><REACH who="1" step="1"/><E90/><REACH who="1" ten="250,240,250,250" step="2"/><V77/><F102/><W60/><G100/><T61/><D110/><U2/><E2/><V26/><F77/><W78/><G78/><T62/><D35/><U41/><E41/><V0/><F0/><W34/><G34/><T23/><D70/><U57/><E57/><V39/><F32/><W46/><G71/><T54/><D3/><U15/><E15/><V73/><F12/><W64/><G103/><T105/><D105/><U115/><E115/><V91/><F58/><W127/><G127/><T81/><D42/><U74/><E74/><V4/><F73/><W18/><G89/><T104/><D104/><U9/><E9/><V97/><F11/><W129/><G129/><T67/><D23/><U22/><E22/><V111/><F91/><W44/><G21/><T37/><D24/><U27/><E27/><V114/><F26/><W84/><G69/><T28/><D45/><AGARI ba="0,1" hai="5,6,10,13,16,43,45,49,50,53,59,75,79,80" machi="45" ten="40,2600,0" yaku="1,1,54,1,53,0" doraHai="118" doraHaiUra="63" who="1" fromWho="0" sc="250,-26,240,36,250,0,250,0" /><INIT seed="1,0,0,5,1,10" ten="224,276,250,250" oya="1" hai0="107,112,61,54,60,21,55,108,68,119,32,75,131" hai1="6,135,98,0,2,76,102,15,20,124,72,41,128" hai2="27,104,70,19,11,4,29,52,33,66,87,5,111" hai3="100,122,82,120,34,80,77,81,40,18,94,96,88"/><U3/><E124/><V17/><F104/><W51/><G34/><T62/><D112/><U126/><E126/><V24/><F70/><W78/><G40/><T116/><D32/><U50/><E135/><V48/><F66/><W97/><G51/><T53/><D75/><U83/><E128/><V99/><F111/><W38/><G18/><T89/><D107/><U12/><E20/><V7/><F99/><W49/><G49/><T64/><D89/><U37/><E50/><V23/><F87/><W74/><G38/><T1/><D1/><U118/><E6/><N who="2" m="2667" /><F52/><N who="0" m="20074" /><D21/><U113/><E118/><N who="0" m="45097" /><D108/><U35/><E35/><V86/><F86/><N who="3" m="48399" /><G81/><T47/><D131/><U91/><E91/><V69/><F69/><W22/><G22/><T90/><D90/><U39/><E113/><V95/><F95/><AGARI ba="0,0" hai="74,78,82,88,94,95,96,97,100,120,122" m="48399" machi="95" ten="30,3900,0" yaku="34,2,54,1" doraHai="10" who="3" fromWho="2" sc="224,0,276,0,250,-39,250,39" /><INIT seed="2,0,0,4,3,11" ten="224,276,211,289" oya="2" hai0="29,91,25,103,40,43,59,16,35,125,89,18,132" hai1="65,105,24,36,50,113,135,106,45,49,58,33,130" hai2="64,51,26,99,94,17,39,111,107,8,15,63,98" hai3="123,122,68,2,28,93,54,76,37,57,4,38,21"/><V34/><F39/><W60/><G68/><T119/><D125/><U44/><E113/><V30/><F111/><W84/><G2/><T88/><D132/><U77/><E36/><V96/><F107/><W72/><G72/><T69/><D69/><U80/><E135/><V47/><F94/><W118/><G118/><T74/><D74/><U117/><E117/><V55/><REACH who="2" step="1"/><F99/><REACH who="2" ten="224,276,201,289" step="2"/><W112/><G37/><T126/><D119/><U62/><E106/><V78/><F78/><W10/><G38/><T109/><D109/><U128/><E105/><V52/><F52/><W81/><G93/><T41/><D126/><U3/><E77/><V56/><AGARI ba="0,1" hai="8,15,17,26,30,34,47,51,55,56,63,64,96,98" machi="56" ten="20,12000,1" yaku="1,1,0,1,7,1,52,1,53,1" doraHai="11" doraHaiUra="31" who="2" fromWho="2" sc="224,-40,276,-40,201,130,289,-40" /><INIT seed="2,1,0,0,0,12" ten="184,236,331,249" oya="2" hai0="99,80,92,8,47,49,113,4,77,114,17,59,48" hai1="41,14,88,122,72,112,54,98,29,55,30,134,93" hai2="38,3,69,25,60,63,1,84,116,107,51,104,45" hai3="96,103,16,28,21,100,6,40,110,119,111,75,81"/><V85/><F38/><W73/><G119/><T86/><D59/><U127/><E112/><V2/><F116/><W97/><G6/><T53/><D48/><U13/><E127/><V121/><F121/><W94/><G40/><T35/><D35/><U67/><E122/><V82/><F25/><W27/><G28/><N who="1" m="10858" /><E72/><V95/><F95/><W64/><G64/><T132/><D132/><U50/><E67/><V68/><F63/><W56/><G56/><T7/><D7/><U128/><E128/><V57/><F104/><W24/><G24/><T124/><D124/><U78/><E78/><V91/><F85/><W129/><G129/><T105/><D105/><U19/><E13/><V79/><F107/><W39/><G39/><T0/><REACH who="0" step="1"/><D17/><REACH who="0" ten="174,236,331,249" step="2"/><U10/><E134/><V52/><REACH who="2" step="1"/><F79/><REACH who="2" ten="174,236,321,249" step="2"/><W22/><G111/><T126/><D126/><U36/><E36/><V26/><F26/><W123/><G110/><T5/><D5/><U32/><E32/><V42/><AGARI ba="1,2" hai="1,2,3,42,45,51,52,57,60,68,69,82,84,91" machi="42" ten="30,6000,0" yaku="1,1,0,1,54,1,53,0" doraHai="12" doraHaiUra="115" who="2" fromWho="2" sc="174,-21,236,-21,321,83,249,-21" /><INIT seed="2,2,0,0,5,90" ten="153,215,404,228" oya="2" hai0="44,62,124,75,27,54,101,34,64,88,47,1,87" hai1="84,109,40,106,36,37,100,114,23,39,0,76,113" hai2="122,25,41,77,35,134,12,112,17,96,94,24,130" hai3="119,104,92,91,13,68,38,21,107,63,16,67,26"/><V89/><F122/><W19/><G38/><N who="1" m="14954" /><E23/><V31/><F112/><W73/><G73/><T117/><D124/><U50/><E50/><V102/><F130/><W59/><G68/><T43/><D75/><U126/><E84/><V58/><F134/><W2/><G2/><T49/><D1/><U14/><E14/><V85/><F77/><W15/><G119/><T4/><D117/><U70/><E76/><V18/><F41/><W120/><G120/><T116/><D116/><U82/><E82/><V55/><F25/><W52/><G67/><T42/><D4/><U46/><E126/><V103/><F103/><W95/><G15/><T20/><D101/><U86/><E86/><V29/><F29/><W65/><G65/><T30/><D20/><U78/><E78/><V111/><F12/><W60/><G60/><T69/><REACH who="0" step="1"/><D44/><REACH who="0" ten="143,215,404,228" step="2"/><U83/><E0/><V135/><F102/><W105/><REACH who="3" step="1"/><G91/><REACH who="3" ten="143,215,404,218" step="2"/><T9/><D9/><AGARI ba="2,2" hai="9,13,16,19,21,26,52,59,63,92,95,104,105,107" machi="9" ten="40,12000,2" yaku="1,1,2,1,52,2,54,2,53,1" doraHai="90" doraHaiUra="11" who="3" fromWho="0" sc="143,-126,215,0,404,0,218,146" /><INIT seed="3,0,0,5,5,11" ten="17,215,404,364" oya="3" hai0="106,90,119,110,1,38,118,99,79,60,123,28,20" hai1="133,26,69,46,83,116,24,52,30,17,25,42,97" hai2="15,68,72,48,128,115,23,84,58,49,129,122,126" hai3="120,37,2,0,67,7,92,61,76,82,132,78,124"/><W109/><G120/><T13/><D123/><U6/><E69/><V53/><F72/><W21/><G37/><T9/><D110/><U16/><E133/><V27/><F115/><W5/><G132/><T86/><D38/><U135/><E135/><V62/><F122/><W74/><G109/><T63/><D1/><U39/><E116/><V65/><F126/><W43/><G124/><T64/><D79/><U44/><E6/><V105/><F105/><W71/><G43/><T29/><D119/><U36/><E30/><V34/><F34/><W91/><G78/><T93/><D118/><U102/><E83/><V66/><F15/><W45/><G45/><T51/><D51/><N who="2" m="19530" /><F84/><W59/><G71/><T35/><D35/><U131/><E131/><N who="2" m="50251" /><F68/><W108/><G108/><T14/><D106/><U40/><E52/><V112/><F112/><W111/><G111/><T10/><D86/><U73/><E73/><V12/><F12/><N who="0" m="4714" /><D28/><AGARI ba="0,0" hai="23,27,28,53,58,62,65,66" m="50251,19530" machi="28" ten="30,1000,0" yaku="19,1" doraHai="11" who="2" fromWho="0" sc="17,-10,215,0,404,10,364,0" owari="7,-49.3,215,-18.5,414,51.4,364,16.4" /></mjloggm>