<mjloggm ver="2.3"><GO type="225" lobby="0"/><UN n0="%E6%B0%B7%E5%B7%9D%E9%87%8C%E5%A5%88" n1="%77%72%77%72%77%72%77%72" n2="%E3%83%89%E3%83%A9%E3%81%8F%E3%82%8C" n3="%E3%83%A2%E3%83%B3%E3%82%AD%E3%83%BC%E3%83%88%E3%83%AA%E3%83%83%E3%82%AF" dan="16,17,16,16" rate="2079.88,2169.04,2192.88,2172.65" sx="F,M,M,M"/><TAIKYOKU oya="0"/><INIT seed="0,0,0,1,0,37" ten="250,250,250,250" oya="0" hai0="113,133,78,128,51,97,60,119,52,29,79,14,132" hai1="22,75,21,45,117,19,9,25,123,44,31,6,58" hai2="24,73,7,56,39,8,71,91,129,108,105,94,88" hai3="70,101,30,122,126,33,116,5,26,62,135,125,130"/><T69/><D113/><U12/><E117/><V34/><F105/><W95/><G116/><T50/><D119/><U109/><E109/><V61/><F108/><W46/><G122/><T13/><D29/><U76/><E123/><V83/><F129/><W17/><G5/><T111/><D111/><U59/><E75/><V32/><F71/><W27/><G101/><T98/><D128/><U20/><E76/><V41/><F24/><W28/><G95/><T80/><D60/><U100/><E100/><V38/><F38/><W93/><G93/><T66/><D66/><U112/><E20/><V4/><F4/><W48/><G130/><T54/><REACH who="0" step="1"/><D80/><REACH who="0" ten="240,250,250,250" step="2"/><U104/><E112/><V81/><F83/><W49/><G62/><T47/><D47/><U118/><E118/><V57/><F61/><W72/><G46/><T110/><D110/><U10/><E45/><V131/><F131/><W115/><G115/><T99/><D99/><U63/><E44/><V114/><F114/><W42/><G30/><T55/><D55/><U90/><E58/><V74/><F81/><W96/><G28/><T67/><D67/><U124/><E59/><V82/><F82/><W127/><G70/><AGARI ba="0,1" hai="13,14,50,51,52,54,69,70,78,79,97,98,132,133" machi="70" ten="25,9600,0" yaku="1,1,22,2,54,1,53,0" doraHai="37" doraHaiUra="103" who="0" fromWho="3" sc="240,106,250,0,250,0,250,-96" /><INIT seed="0,1,0,3,2,37" ten="346,250,250,154" oya="0" hai0="101,130,45,94,51,106,83,109,121,102,53,84,1" hai1="30,33,80,90,126,113,110,95,15,50,14,54,5" hai2="63,105,8,82,89,98,127,6,40,120,58,87,0" hai3="91,73,20,72,3,2,103,55,133,76,69,117,25"/><T42/><D121/><U116/><E116/><V32/><F127/><W78/><G117/><T86/><D106/><U19/><E126/><V47/><F120/><W123/><G69/><T104/><D104/><U17/><E110/><V96/><F32/><W11/><G123/><T77/><D1/><U56/><E113/><V132/><F132/><W12/><G103/><T75/><D130/><U13/><E5/><V66/><REACH who="2" step="1"/><F105/><REACH who="2" ten="346,250,240,154" step="2"/><W81/><G133/><T39/><D109/><U7/><E33/><V134/><F134/><W29/><G91/><T131/><D131/><U44/><E7/><V100/><F100/><W79/><G79/><T97/><REACH who="0" step="1"/><D102/><REACH who="0" ten="336,250,240,154" step="2"/><U21/><E90/><V31/><F31/><W64/><G78/><T119/><D119/><U114/><E30/><V115/><F115/><W60/><G76/><T107/><D107/><U27/><E114/><V62/><F62/><W35/><G60/><T34/><D34/><U22/><E19/><V61/><F61/><W118/><G29/><T93/><D93/><U108/><E95/><V65/><F65/><W125/><G64/><T49/><D49/><AGARI ba="1,2" hai="0,6,8,40,47,49,58,63,66,82,87,89,96,98" machi="49" ten="30,3900,0" yaku="1,1,7,1,52,1,53,0" doraHai="37" doraHaiUra="112" who="2" fromWho="0" sc="336,-42,250,0,240,62,154,0" /><INIT seed="1,0,0,3,0,56" ten="294,250,302,154" oya="1" hai0="67,123,131,71,100,20,57,105,86,77,19,84,99" hai1="68,98,72,78,76,64,44,43,65,32,8,90,92" hai2="17,119,60,5,75,109,16,95,118,122,110,39,116" hai3="74,29,27,35,0,96,18,101,31,124,55,53,48"/><U25/><E72/><V49/><F75/><W9/><G124/><T108/><D108/><N who="2" m="41578" /><F122/><W81/><G31/><T66/><D131/><U11/><E32/><V121/><F121/><W21/><G74/><T128/><D128/><U134/><E134/><V37/><F5/><W73/><G73/><T52/><D123/><U104/><E104/><V45/><F95/><W93/><G81/><T12/><D71/><U103/><E90/><V129/><F129/><W69/><G69/><T50/><REACH who="0" step="1"/><D77/><REACH who="0" ten="284,250,302,154" step="2"/><U130/><E130/><V33/><F33/><W10/><G0/><T14/><D14/><U88/><E78/><V28/><F28/><W51/><G35/><T6/><D6/><U89/><E76/><V111/><F111/><W82/><G29/><T54/><D54/><U59/><E68/><V23/><F17/><W58/><REACH who="3" step="1"/><G82/><REACH who="3" ten="284,250,302,144" step="2"/><T114/><D114/><U34/><E34/><V40/><F118/><W94/><G94/><T36/><D36/><U70/><E70/><V120/><F120/><W132/><G132/><T26/><D26/><U22/><E25/><N who="2" m="14567" /><F37/><W47/><AGARI ba="0,2" hai="9,10,18,21,27,47,48,51,53,55,58,93,96,101" machi="47" ten="20,5200,0" yaku="1,1,0,1,7,1,8,1,53,0" doraHai="56" doraHaiUra="30" who="3" fromWho="3" sc="284,-13,250,-26,302,-13,144,72" /><INIT seed="2,0,0,0,1,49" ten="271,224,289,216" oya="2" hai0="6,79,8,121,43,83,109,122,96,61,74,47,72" hai1="127,15,39,112,113,119,16,9,120,22,94,26,110" hai2="69,107,1,108,105,84,64,34,23,30,21,129,41" hai3="100,98,104,28,77,4,40,85,3,0,54,55,32"/><V10/><F129/><W124/><G40/><T106/><D109/><U111/><E39/><V59/><F108/><N who="1" m="41513" /><E94/><V35/><F41/><W20/><G32/><T134/><D134/><U76/><E76/><V115/><F115/><N who="1" m="44105" /><E127/><V52/><F84/><W60/><G124/><T46/><D72/><U44/><E44/><V123/><F123/><W132/><G132/><T80/><D80/><U89/><E89/><V86/><F86/><W91/><G77/><T70/><D47/><U57/><E57/><V38/><F38/><W27/><G60/><T73/><D73/><U67/><E67/><V135/><F135/><W29/><G29/><T99/><D99/><U116/><E120/><V42/><F42/><W13/><G13/><T5/><D61/><U50/><E50/><V78/><F78/><W14/><G14/><T45/><D70/><U66/><E66/><V25/><F35/><W56/><G56/><T102/><D45/><U92/><E92/><V81/><F81/><W58/><G58/><T68/><D68/><U48/><E48/><N who="2" m="31111" /><F64/><W19/><G28/><AGARI ba="0,0" hai="9,15,16,22,26,28,116,119" m="44105,41513" machi="28" ten="30,7700,0" yaku="14,1,34,2,54,1" doraHai="49" who="1" fromWho="3" sc="271,0,224,77,289,0,216,-77" /><INIT seed="3,0,0,3,0,33" ten="271,301,289,139" oya="3" hai0="101,90,73,34,86,44,99,117,131,48,55,39,129" hai1="114,5,115,22,16,94,14,63,59,36,84,45,37" hai2="57,108,121,46,42,10,77,82,25,31,12,97,7" hai3="79,88,6,32,110,125,8,67,124,35,135,26,119"/><W104/><G119/><T74/><D117/><U20/><E5/><V80/><F108/><W122/><G104/><T87/><D34/><U17/><E94/><V30/><F121/><W78/><G122/><T56/><D39/><U102/><E102/><V24/><F57/><W123/><G123/><T9/><D9/><U89/><E37/><V93/><F25/><W128/><G110/><T51/><D74/><U116/><E116/><V65/><F65/><W21/><G67/><T38/><D38/><U113/><E45/><V118/><F118/><W109/><G109/><T112/><D73/><U96/><E96/><V29/><F24/><W13/><G135/><T98/><D112/><U15/><E36/><V69/><F69/><W49/><G128/><N who="0" m="49227" /><D90/><U54/><E84/><N who="0" m="32297" /><D101/><U76/><E89/><V66/><F66/><W61/><G61/><T85/><N who="0" m="32305" /><T75/><DORA hai="103" /><D75/><U100/><E100/><N who="2" m="60463" /><F77/><AGARI ba="0,0" hai="14,15,16,17,20,22,54,59,63,76,77,113,114,115" machi="77" ten="40,2600,0" yaku="9,1,54,1" doraHai="33,103" who="1" fromWho="2" sc="271,0,301,26,289,-26,139,0" owari="271,7.1,327,42.7,263,-13.7,139,-36.1" /></mjloggm>