<mjloggm ver="2.3"><GO type="225" lobby="0"/><UN n0="%E6%9D%BE%E6%9C%AC%E5%81%A5%E7%94%B7" n1="%54%4F%52" n2="%E5%84%AA%40%41%42%43" n3="%E3%81%AF%E3%82%88%E3%81%8A%E3%81%98%E3%81%95%E3%82%93" dan="16,17,17,16" rate="2137.87,2242.40,2240.51,2183.20" sx="M,M,M,M"/><TAIKYOKU oya="0"/><INIT seed="0,0,0,3,2,78" ten="250,250,250,250" oya="0" hai0="82,99,91,43,33,89,10,47,113,39,94,71,92" hai1="100,84,42,98,46,31,115,64,55,93,13,50,14" hai2="96,81,107,26,4,1,87,48,27,83,28,106,35" hai3="127,69,111,134,123,12,16,63,54,60,41,101,74"/><T66/><D113/><U130/><E130/><V104/><F1/><W95/><G74/><T65/><D33/><U5/><E115/><V72/><F4/><W24/><G111/><T133/><D133/><U21/><E64/><V62/><F72/><W105/><G105/><T30/><D30/><U23/><E42/><V135/><F135/><W97/><G134/><T124/><D124/><U22/><E31/><V49/><F96/><W52/><G127/><T86/><D71/><U67/><E5/><V129/><F129/><W19/><G123/><T7/><REACH who="0" step="1"/><D94/><REACH who="0" ten="240,250,250,250" step="2"/><U79/><REACH who="1" step="1"/><E67/><REACH who="1" ten="240,240,250,250" step="2"/><V119/><F28/><W90/><G69/><T15/><AGARI ba="0,2" hai="7,10,15,39,43,47,65,66,82,86,89,91,92,99" machi="15" ten="20,12000,1" yaku="1,1,2,1,0,1,7,1,52,1,53,0" doraHai="78" doraHaiUra="59" who="0" fromWho="0" sc="240,140,240,-40,250,-40,250,-40" /><INIT seed="0,1,0,2,3,106" ten="380,200,210,210" oya="0" hai0="51,81,2,129,117,54,91,85,69,103,6,32,125" hai1="17,135,33,45,27,68,36,16,49,92,82,8,73" hai2="59,114,87,97,121,18,41,14,128,84,42,133,25" hai3="96,43,26,67,126,15,101,100,104,21,66,62,119"/><T60/><D117/><U134/><E68/><V105/><F121/><W131/><G119/><T76/><D125/><U65/><E65/><V7/><F114/><W64/><G126/><T47/><D129/><U77/><E36/><V124/><F128/><W29/><G131/><T12/><D2/><U57/><E57/><V95/><F105/><W56/><G101/><T90/><D32/><U123/><E123/><V58/><F133/><N who="1" m="50697" /><E92/><V79/><F25/><W37/><G43/><N who="2" m="16393" /><F7/><W50/><G37/><T107/><D69/><U55/><E8/><N who="2" m="6471" /><F124/><W44/><G15/><T102/><D60/><U20/><E33/><V122/><F122/><W31/><G29/><AGARI ba="1,0" hai="16,17,20,27,29,45,49,55,73,77,82" m="50697" machi="29" ten="30,3900,0" yaku="20,1,52,1,54,1" doraHai="106" who="1" fromWho="3" sc="380,0,200,42,210,0,210,-42" /><INIT seed="1,0,0,2,0,45" ten="380,242,210,168" oya="1" hai0="90,39,84,40,52,107,6,93,79,85,64,130,2" hai1="42,65,7,131,83,113,30,128,100,77,50,119,43" hai2="74,67,98,76,86,18,118,125,106,25,0,133,114" hai3="66,63,88,129,116,41,82,51,104,108,60,127,135"/><U99/><E113/><V112/><F118/><W120/><G120/><T110/><D107/><U11/><E65/><V8/><F74/><W61/><G104/><T87/><D110/><U92/><E30/><V15/><F67/><W10/><G108/><T14/><D130/><N who="1" m="49707" /><E119/><V26/><F76/><W126/><G129/><T62/><D2/><N who="1" m="503" /><E50/><V27/><F86/><AGARI ba="0,0" hai="42,43,77,83,86,92,99,100" m="503,49707" machi="86" ten="30,1500,0" yaku="19,1" doraHai="45" who="1" fromWho="2" sc="380,0,242,15,210,-15,168,0" /><INIT seed="1,1,0,2,2,35" ten="380,257,195,168" oya="1" hai0="1,36,130,67,61,48,77,125,3,24,80,52,88" hai1="8,112,79,127,30,25,33,7,60,129,76,117,11" hai2="56,120,31,82,55,119,49,0,18,98,19,107,12" hai3="58,128,21,74,97,37,99,111,92,87,110,9,113"/><U106/><E106/><V38/><F119/><W131/><G74/><T132/><D36/><U62/><E117/><V103/><F120/><W126/><G37/><T84/><D125/><U75/><E112/><V95/><F38/><W90/><G113/><T17/><D130/><N who="3" m="49705" /><G126/><T81/><D132/><U6/><E129/><V53/><F0/><W116/><G116/><T91/><D91/><U102/><E102/><V23/><F107/><W105/><G21/><T135/><D135/><U45/><E127/><V51/><F82/><W50/><G9/><T114/><D17/><U133/><E133/><V134/><F134/><W44/><G58/><T109/><D24/><U122/><E122/><V89/><F31/><W43/><G105/><T85/><D109/><AGARI ba="1,0" hai="43,44,50,87,90,92,97,99,109,110,111" m="49705" machi="109" ten="30,2000,0" yaku="14,1,19,1" doraHai="35" who="3" fromWho="0" sc="380,-23,257,0,195,0,168,23" /><INIT seed="2,0,0,5,4,88" ten="357,257,195,191" oya="2" hai0="52,91,36,63,42,86,19,85,48,26,67,15,62" hai1="130,7,17,18,47,133,135,98,51,124,37,103,54" hai2="27,74,95,28,3,118,24,50,87,22,134,23,89" hai3="75,65,72,55,11,105,38,99,0,8,127,49,69"/><V125/><F118/><W6/><G38/><T108/><D108/><U64/><E130/><V83/><F134/><N who="1" m="51209" /><E124/><V61/><F125/><W100/><G127/><T58/><D26/><U20/><E64/><V123/><F3/><W29/><G29/><T107/><D107/><N who="1" m="63991" /><E7/><V41/><F123/><W4/><G65/><T106/><D106/><U122/><E122/><V56/><F74/><W94/><G69/><T5/><D5/><U16/><E37/><V80/><F50/><W92/><G75/><T31/><D31/><U113/><E113/><V59/><F41/><W60/><G60/><T114/><D114/><U97/><E97/><V9/><F9/><W32/><G32/><T21/><D86/><U117/><E117/><V46/><F46/><W57/><G72/><T66/><D36/><U68/><E68/><V110/><F110/><W119/><G119/><T129/><D129/><U44/><E44/><V33/><F33/><W43/><G43/><T132/><D132/><U93/><E93/><V76/><F76/><W70/><G70/><T104/><D104/><U77/><E77/><V84/><F87/><W79/><G79/><T34/><D34/><U39/><E39/><V81/><REACH who="2" step="1"/><F61/><REACH who="2" ten="357,257,185,191" step="2"/><N who="0" m="23050" /><D42/><U116/><E116/><V112/><F112/><W115/><G115/><T78/><D78/><U120/><E120/><V90/><F90/><W111/><G111/><T25/><D91/><U101/><E101/><V14/><F14/><AGARI ba="0,1" hai="0,4,6,8,11,14,49,55,57,92,94,99,100,105" machi="14" ten="30,3900,0" yaku="7,1,52,2" doraHai="88" who="3" fromWho="2" sc="357,0,257,0,185,-39,191,49" /><AGARI ba="0,0" hai="14,16,17,18,20,47,51,54" m="63991,51209" machi="14" ten="30,2000,0" yaku="20,1,54,1" doraHai="88" who="1" fromWho="2" sc="357,0,257,20,146,-20,240,0" /><INIT seed="3,0,0,3,4,54" ten="357,277,126,240" oya="3" hai0="53,24,122,7,76,69,119,107,12,48,134,56,55" hai1="99,59,44,27,123,106,13,121,101,3,40,79,86" hai2="94,64,25,114,42,80,65,29,102,26,50,58,126" hai3="93,133,75,127,33,68,105,16,60,103,117,14,43"/><W10/><G117/><T52/><D119/><U135/><E3/><V57/><F114/><W45/><G75/><T61/><D122/><U83/><E135/><V120/><F120/><W72/><G72/><T51/><D107/><U37/><E13/><V125/><F80/><W62/><G33/><T15/><D134/><U20/><E59/><N who="2" m="22539" /><F42/><W89/><G133/><T113/><D113/><U110/><E110/><V95/><F50/><N who="3" m="26943" /><G68/><T77/><D24/><N who="2" m="9322" /><F29/><AGARI ba="0,0" hai="20,27,29,37,40,44,79,83,86,99,101,106,121,123" machi="29" ten="30,1000,0" yaku="7,1" doraHai="54" who="1" fromWho="2" sc="357,0,277,10,126,-10,240,0" owari="357,45.7,287,8.7,116,-38.4,240,-16.0" /></mjloggm>