<mjloggm ver="2.3"><GO type="225" lobby="0"/><UN n0="%30%2E%31%32%30" n1="%E3%82%BC%E3%83%AB%E3%83%80%E3%81%AE%E4%BC%9D%E8%AA%AC" n2="%E3%82%B2%E3%82%B9%E8%8C%82%E5%8B%9D" n3="%77%72%77%72%77%72%77%72" dan="16,17,16,16" rate="2125.35,2246.98,2042.58,2095.28" sx="M,M,F,M"/><TAIKYOKU oya="0"/><INIT seed="0,0,0,2,5,77" ten="250,250,250,250" oya="0" hai0="79,135,98,130,129,63,15,131,44,120,49,67,54" hai1="68,45,61,92,81,122,103,65,60,32,83,72,66" hai2="99,2,12,118,104,42,107,31,87,91,10,80,21" hai3="134,108,58,121,73,70,46,64,55,106,20,75,25"/><T8/><D120/><U0/><E122/><V40/><F118/><W48/><G121/><T97/><D135/><U117/><E117/><V19/><F31/><W28/><G134/><T133/><D79/><U23/><E32/><V9/><F9/><W82/><G108/><T13/><D13/><U43/><E0/><V116/><F116/><W84/><G106/><T74/><D74/><U110/><E72/><V78/><F107/><W100/><G100/><T7/><REACH who="0" step="1"/><D133/><REACH who="0" ten="240,250,250,250" step="2"/><U88/><E110/><V47/><F78/><W128/><G128/><T30/><D30/><U34/><E34/><V119/><F119/><W93/><G73/><T132/><D132/><U14/><E14/><V17/><F2/><W102/><G75/><T96/><D96/><U94/><E68/><AGARI ba="0,1" hai="7,8,15,44,49,54,63,67,68,97,98,129,130,131" machi="68" ten="40,7700,0" yaku="1,1,19,1,53,1" doraHai="77" doraHaiUra="6" who="0" fromWho="1" sc="240,87,250,-77,250,0,250,0" /><INIT seed="0,1,0,1,3,101" ten="327,173,250,250" oya="0" hai0="56,40,112,63,60,108,95,67,65,76,116,61,103" hai1="66,48,88,38,104,124,19,107,118,105,86,121,27" hai2="74,96,55,45,81,58,69,26,117,0,13,120,106" hai3="113,129,83,32,102,2,84,119,22,5,28,24,39"/><T79/><D116/><U130/><E121/><V92/><F117/><W47/><G119/><T14/><D112/><U4/><E118/><V25/><F106/><W64/><G113/><T49/><D108/><U126/><E38/><V78/><F0/><W94/><G129/><T15/><D95/><U70/><E130/><V71/><F120/><W51/><G39/><T77/><D103/><U128/><E128/><V82/><F82/><W11/><G64/><N who="0" m="24651" /><D40/><U20/><E4/><V91/><F45/><W135/><G135/><T1/><D1/><U37/><E37/><V122/><F13/><N who="0" m="4618" /><D49/><U85/><E48/><V72/><F72/><W33/><G94/><T50/><D50/><U127/><REACH who="1" step="1"/><E88/><REACH who="1" ten="327,163,250,250" step="2"/><V132/><F122/><W75/><G51/><T18/><D18/><U52/><E52/><AGARI ba="1,1" hai="52,56,60,61,63,76,77,79" m="4618,24651" machi="52" ten="30,2900,0" yaku="8,1,54,1" doraHai="101" who="0" fromWho="1" sc="327,42,163,-32,250,0,250,0" /><INIT seed="0,2,0,1,2,124" ten="369,131,250,250" oya="0" hai0="7,65,18,111,22,114,89,13,121,4,77,24,62" hai1="126,87,101,109,3,26,129,94,88,45,16,83,92" hai2="40,78,36,102,42,123,57,117,116,67,73,100,23" hai3="80,63,1,85,58,33,86,2,98,95,46,61,19"/><T51/><D114/><U110/><E126/><V99/><F123/><W30/><G46/><T39/><D39/><U37/><E3/><V64/><F23/><W134/><G134/><T112/><D112/><U70/><E70/><V113/><F113/><W35/><G19/><T72/><D121/><U108/><E129/><V43/><F36/><W119/><G119/><N who="2" m="45641" /><F57/><W0/><G30/><T91/><D111/><N who="1" m="28419" /><U133/><DORA hai="55" /><E133/><V54/><F54/><W76/><G86/><T66/><D22/><N who="1" m="13639" /><E101/><N who="2" m="39019" /><F99/><W32/><REACH who="3" step="1"/><G58/><REACH who="3" ten="369,131,250,240" step="2"/><T93/><D18/><U20/><E20/><V106/><F106/><W6/><G6/><T11/><D7/><U103/><E103/><AGARI ba="2,1" hai="0,1,2,32,33,35,61,63,76,80,85,95,98,103" machi="103" ten="50,1600,0" yaku="1,1,53,0" doraHai="124,55" doraHaiUra="52,120" who="3" fromWho="1" sc="369,0,131,-22,250,0,240,32" /><INIT seed="1,0,0,3,5,85" ten="369,109,250,272" oya="1" hai0="16,60,130,64,11,97,86,59,35,82,45,72,74" hai1="114,20,62,36,90,10,76,135,42,51,105,104,89" hai2="52,50,71,80,88,128,32,37,124,7,77,123,4" hai3="120,26,6,69,3,14,28,66,19,75,61,83,119"/><U8/><E51/><V84/><F123/><W99/><G120/><T5/><D130/><U87/><E87/><N who="2" m="48527" /><F128/><W22/><G119/><T57/><D35/><U56/><E76/><V24/><F124/><W112/><G112/><T46/><D97/><U81/><E81/><N who="2" m="49167" /><F32/><W106/><G83/><T68/><D74/><U21/><E56/><N who="2" m="32791" /><F71/><W78/><G75/><T73/><D73/><U92/><E62/><V118/><F37/><W129/><G78/><T110/><D72/><U70/><E42/><V131/><F131/><W100/><G129/><T122/><D68/><U65/><E70/><V94/><F118/><W101/><G3/><T95/><D122/><U63/><E63/><V27/><F94/><W17/><G106/><T125/><D95/><U55/><E92/><V2/><F2/><W15/><G61/><T47/><D60/><U126/><E55/><V25/><AGARI ba="0,0" hai="4,7,24,25,27" m="32791,49167,48527" machi="25" ten="30,7900,0" yaku="8,1,52,1,54,2" doraHai="85" who="2" fromWho="2" sc="369,-20,109,-39,250,79,272,-20" /><INIT seed="2,0,0,1,4,39" ten="349,70,329,252" oya="2" hai0="9,41,132,123,54,16,64,94,131,10,100,20,34" hai1="114,133,87,81,85,57,60,106,46,26,30,66,97" hai2="79,75,84,77,83,61,43,103,67,119,86,98,35" hai3="31,32,17,1,135,102,44,130,126,105,125,48,52"/><V3/><F119/><W121/><G121/><T88/><D34/><U74/><E133/><V58/><F3/><W7/><G135/><T76/><D132/><U122/><E114/><V73/><F35/><W38/><G130/><T24/><D64/><U118/><E118/><V19/><F19/><W8/><G17/><T27/><D76/><U18/><E122/><V22/><F22/><W28/><G38/><T129/><D100/><U134/><E134/><V36/><F86/><W63/><G63/><T124/><D124/><N who="3" m="47721" /><G32/><T25/><D123/><U80/><E18/><V29/><F29/><N who="3" m="11339" /><G102/><T13/><D129/><U56/><E30/><V101/><F77/><W42/><G105/><T113/><D131/><U117/><E117/><V11/><F11/><W69/><G69/><T6/><D113/><U33/><E33/><V55/><F67/><W47/><G47/><T2/><D9/><U59/><E46/><V4/><F4/><W112/><G112/><T23/><D23/><U72/><E26/><V96/><F103/><W107/><G107/><T78/><D25/><U14/><E60/><V0/><F101/><W40/><AGARI ba="0,0" hai="1,7,8,40,42,44,48,52" m="11339,47721" machi="40" ten="30,7900,0" yaku="18,1,52,2,54,1" doraHai="39" who="3" fromWho="3" sc="349,-20,70,-20,329,-39,252,79" /><INIT seed="3,0,0,2,2,133" ten="329,50,290,331" oya="3" hai0="11,125,4,101,81,99,52,48,32,91,124,18,82" hai1="93,45,35,106,66,6,118,49,13,51,117,34,17" hai2="92,116,105,41,58,87,28,10,79,46,71,94,24" hai3="60,109,122,21,128,86,120,129,56,14,114,5,38"/><W119/><G114/><T111/><D32/><U102/><E93/><V80/><F116/><W44/><G119/><T83/><D18/><U75/><E17/><V115/><F115/><W33/><G33/><T84/><D111/><U54/><E13/><V16/><F105/><W132/><G109/><T53/><D53/><U22/><E54/><V39/><F71/><W72/><G72/><T55/><D55/><U76/><E22/><V23/><REACH who="2" step="1"/><F58/><REACH who="2" ten="329,50,280,331" step="2"/><W110/><G110/><T108/><D108/><U20/><E106/><V0/><F0/><W88/><G132/><T126/><D101/><U121/><E102/><V37/><F37/><W68/><G68/><T77/><D91/><U130/><E130/><N who="3" m="50282" /><G38/><T50/><D50/><U96/><E121/><V19/><F19/><N who="3" m="10487" /><G5/><T74/><D74/><U15/><E6/><V97/><F97/><W69/><G69/><T31/><D99/><U127/><E96/><V65/><F65/><N who="3" m="39047" /><G44/><N who="0" m="27655" /><D31/><U27/><E45/><V73/><F73/><W112/><G112/><T59/><D59/><U123/><E75/><V134/><F134/><W43/><G122/><T63/><D63/><U107/><E123/><V36/><F36/><W3/><G120/><T67/><D67/><U42/><E66/><V78/><F78/><W8/><G3/><AGARI ba="0,1" hai="3,4,11,77,81,82,83,84,124,125,126" m="27655" machi="3" ten="30,8000,1" yaku="18,1,52,3,54,1" doraHai="133" who="0" fromWho="3" sc="329,90,50,0,280,0,331,-80" owari="419,51.9,50,-45.0,280,8.0,251,-14.9" /></mjloggm>