<mjloggm ver="2.3"><GO type="225" lobby="0"/><UN n0="%74%61%6B%75%61%6B%61" n1="%54%4F%52" n2="%E6%80%AA%E3%81%97%E3%81%99%E3%81%8E%E3%82%8B%E3%83%81%E3%83%BC" n3="%6A%79%75%6E%6F%68" dan="17,17,16,16" rate="2190.21,2251.21,2078.71,2133.64" sx="M,M,M,M"/><TAIKYOKU oya="0"/><INIT seed="0,0,0,1,5,43" ten="250,250,250,250" oya="0" hai0="124,12,77,104,39,55,42,8,18,84,103,76,87" hai1="109,117,96,92,57,70,45,63,78,34,16,5,106" hai2="7,97,75,119,54,52,17,23,133,93,69,47,4" hai3="20,100,112,27,65,62,36,116,61,121,110,0,128"/><T89/><D89/><BYE who="0" /><U41/><E117/><V108/><F75/><UN n0="%74%61%6B%75%61%6B%61" /><W31/><G112/><T127/><D55/><U9/><E34/><V68/><F108/><W33/><G116/><T53/><D53/><U28/><E28/><V81/><F133/><W26/><G110/><T83/><D103/><U6/><E70/><V14/><F119/><W101/><G0/><T58/><D58/><U90/><E109/><V91/><F54/><W3/><G3/><T50/><D50/><N who="1" m="26927" /><E106/><V21/><F21/><W48/><G36/><T99/><D99/><U2/><E2/><V102/><F68/><W135/><G128/><T95/><D104/><U98/><E78/><V105/><F69/><W59/><G135/><T22/><D95/><U15/><E98/><V123/><F123/><W32/><G62/><T40/><D22/><U114/><E114/><V113/><F113/><W64/><G64/><AGARI ba="0,0" hai="5,6,9,15,16,57,63,64,90,92,96" m="26927" machi="64" ten="30,3900,0" yaku="8,1,52,1,54,1" doraHai="43" who="1" fromWho="3" sc="250,0,250,39,250,0,250,-39" /><INIT seed="1,0,0,0,3,123" ten="250,289,250,211" oya="1" hai0="25,23,35,82,77,52,5,17,22,80,57,38,64" hai1="20,75,98,76,2,34,120,27,40,86,121,91,67" hai2="65,55,103,93,85,1,58,115,134,62,107,70,69" hai3="33,125,59,73,111,109,63,114,94,36,10,71,11"/><U89/><E2/><V7/><F134/><W100/><G114/><T47/><D35/><U116/><E116/><V81/><F115/><W105/><G71/><T112/><D112/><U66/><E34/><V102/><F107/><W117/><G117/><T51/><D5/><U126/><E126/><V9/><F93/><W39/><G105/><T110/><D110/><N who="3" m="41993" /><G33/><T42/><D77/><U24/><E40/><V101/><REACH who="2" step="1"/><F65/><REACH who="2" ten="250,289,240,211" step="2"/><N who="3" m="39167" /><G125/><T127/><D127/><U29/><E66/><V122/><F122/><W72/><G94/><T12/><REACH who="0" step="1"/><D64/><REACH who="0" ten="240,289,240,211" step="2"/><U6/><E67/><V54/><F54/><W128/><G128/><T53/><D53/><U74/><E120/><V56/><F56/><W15/><G100/><T113/><D113/><U45/><E121/><V4/><F4/><N who="3" m="3527" /><G11/><T43/><D43/><U96/><E6/><V60/><F60/><W31/><G31/><AGARI ba="0,2" hai="12,17,22,23,25,31,38,42,47,51,52,57,80,82" machi="31" ten="30,3900,0" yaku="1,1,7,1,54,1,53,0" doraHai="123" doraHaiUra="87" who="0" fromWho="3" sc="240,59,289,0,240,0,211,-39" /><INIT seed="2,0,0,0,5,1" ten="299,289,240,172" oya="2" hai0="44,84,99,131,19,63,97,28,106,91,35,104,3" hai1="107,57,16,26,37,121,8,27,129,110,25,92,62" hai2="114,43,56,125,32,34,17,115,111,30,132,45,76" hai3="42,68,13,5,117,73,133,29,4,51,54,18,119"/><V118/><F118/><W120/><G120/><T130/><D3/><U58/><E107/><N who="0" m="41001" /><D19/><U77/><E37/><V100/><F125/><W89/><G73/><T116/><D44/><U96/><E121/><V93/><F132/><W52/><G68/><T12/><D12/><N who="1" m="7175" /><E110/><V21/><F111/><W11/><G133/><T135/><D63/><U82/><E129/><N who="0" m="49161" /><D135/><U67/><E57/><V88/><F100/><W38/><G29/><T33/><D116/><U134/><E134/><V101/><F101/><W122/><G122/><T109/><D109/><U74/><E74/><V7/><F76/><W64/><G64/><T59/><D59/><U124/><E124/><V80/><F80/><W128/><G128/><T79/><D79/><U83/><E77/><V87/><F56/><W86/><G119/><T14/><D14/><U20/><E20/><V61/><F61/><W60/><G38/><T72/><D72/><U50/><E50/><V48/><F32/><N who="0" m="12362" /><D28/><U47/><E47/><V81/><F34/><W31/><G31/><T39/><D39/><U112/><E112/><V41/><F30/><W127/><G127/><T10/><D10/><U90/><AGARI ba="0,0" hai="25,26,27,58,62,67,82,83,90,92,96" m="7175" machi="90" ten="30,2000,0" yaku="8,1,54,1" doraHai="1" who="1" fromWho="1" sc="299,-5,289,20,240,-10,172,-5" /><INIT seed="3,0,0,0,4,104" ten="294,309,230,167" oya="3" hai0="116,58,94,28,24,14,129,102,43,38,110,65,30" hai1="97,66,62,11,122,16,115,40,132,89,128,44,36" hai2="12,107,61,121,68,131,99,84,2,46,21,98,26" hai3="109,6,7,60,100,108,127,88,20,75,74,35,47"/><W3/><G35/><T59/><D116/><U80/><E115/><V32/><F2/><W71/><G127/><T64/><D110/><N who="3" m="42601" /><G100/><T79/><D129/><U56/><E122/><V78/><F131/><W70/><G20/><T92/><D79/><U83/><E128/><V134/><F134/><W133/><G133/><T57/><D14/><U67/><E132/><V77/><F121/><W17/><G17/><T37/><D43/><U135/><E135/><V126/><F126/><W106/><G106/><T33/><D102/><U51/><E36/><N who="0" m="13929" /><D24/><U76/><E67/><N who="0" m="25673" /><D33/><U85/><E97/><V42/><F107/><W8/><G7/><T29/><AGARI ba="0,0" hai="28,29,30,57,58,59,92,94" m="25673,13929" machi="29" ten="40,2700,0" yaku="28,2" doraHai="104" who="0" fromWho="0" sc="294,27,309,-7,230,-7,167,-13" owari="321,42.1,302,10.2,223,-17.7,154,-34.6" /></mjloggm>