<mjloggm ver="2.3"><GO type="225" lobby="0"/><UN n0="%E6%80%AA%E3%81%97%E3%81%99%E3%81%8E%E3%82%8B%E3%83%81%E3%83%BC" n1="%E3%81%86%E3%81%A1%E3%83%BC" n2="%E3%81%9F%E3%81%93%E2%98%86%E7%84%BC%E3%81%8D" n3="%E5%80%89%E6%A9%8B%EF%BC%A0%E4%BA%8B%E5%8B%99" dan="16,17,16,16" rate="2100.63,2195.57,2132.34,2096.17" sx="M,M,M,M"/><TAIKYOKU oya="0"/><INIT seed="0,0,0,3,2,1" ten="250,250,250,250" oya="0" hai0="62,7,31,35,125,117,107,81,42,121,110,71,45" hai1="8,127,84,93,17,79,132,22,113,134,90,69,29" hai2="99,106,135,101,122,75,67,5,108,109,124,126,80" hai3="18,120,95,97,105,63,49,98,19,50,47,64,130"/><T128/><D117/><U25/><E69/><V87/><F67/><W78/><G130/><T6/><D121/><U70/><E70/><V133/><F5/><W82/><G120/><T46/><D107/><U37/><E37/><V23/><F23/><W3/><G3/><T51/><D128/><U32/><E127/><N who="2" m="48683" /><F122/><W4/><G105/><T9/><D125/><U16/><E113/><V39/><F39/><W44/><G95/><T88/><D110/><N who="2" m="42602" /><F75/><W65/><G63/><T57/><D71/><U85/><E8/><V131/><F131/><W53/><G53/><N who="0" m="34095" /><D35/><U41/><E32/><V0/><F0/><W56/><G56/><T83/><D31/><U112/><E112/><V61/><F61/><W28/><G28/><T100/><D45/><U24/><E41/><V72/><F72/><W15/><G15/><T119/><D9/><U30/><E30/><V94/><F106/><W77/><REACH who="3" step="1"/><G82/><REACH who="3" ten="250,250,250,240" step="2"/><T129/><D81/><N who="1" m="47167" /><E25/><V34/><F34/><W91/><G91/><AGARI ba="0,1" hai="80,87,91,94,99,101,133,135" m="42602,48683" machi="91" ten="30,7700,0" yaku="18,1,14,1,34,2" doraHai="1" who="2" fromWho="3" sc="250,0,250,0,250,87,240,-77" /><INIT seed="1,0,0,3,3,58" ten="250,250,337,163" oya="1" hai0="119,5,86,125,34,1,126,78,131,28,40,65,108" hai1="19,135,31,127,113,24,27,107,30,55,36,39,38" hai2="134,20,8,14,105,17,33,32,71,93,98,133,106" hai3="124,99,112,7,46,57,66,111,67,87,53,79,11"/><U114/><E107/><V85/><F71/><W103/><G111/><T4/><D119/><U60/><E19/><V121/><F121/><W26/><G124/><N who="0" m="47723" /><D108/><U21/><E127/><V130/><F130/><W84/><G112/><T80/><D1/><U129/><E129/><V13/><F85/><W118/><G118/><T0/><D0/><U45/><E135/><N who="2" m="51723" /><F105/><W3/><G46/><T81/><D40/><U104/><E104/><V56/><F56/><W117/><G117/><T96/><D96/><U48/><REACH who="1" step="1"/><E60/><REACH who="1" ten="250,240,337,163" step="2"/><V64/><F106/><W44/><G7/><T15/><D131/><U9/><E9/><V62/><F8/><W49/><G11/><T115/><D5/><U122/><E122/><V116/><F116/><W89/><G3/><T123/><D4/><U100/><E100/><V59/><F13/><W110/><G103/><AGARI ba="0,1" hai="14,17,20,32,33,59,62,64,93,98,103" m="51723" machi="103" ten="30,2000,0" yaku="20,1,52,1" doraHai="58" who="2" fromWho="3" sc="250,0,240,0,337,30,163,-20" /><INIT seed="2,0,0,0,5,89" ten="250,240,367,143" oya="2" hai0="20,44,72,111,47,117,101,82,113,4,71,48,134" hai1="1,122,0,120,110,50,108,62,95,28,30,12,107" hai2="92,45,123,58,24,85,51,46,124,35,128,41,125" hai3="74,116,67,112,96,53,91,131,59,115,2,63,8"/><V11/><F123/><N who="1" m="47145" /><E107/><V121/><F121/><W70/><G116/><T14/><D113/><N who="3" m="43593" /><G74/><T68/><D111/><N who="1" m="42539" /><E62/><V83/><F11/><W103/><G131/><T15/><D134/><U118/><E50/><V133/><F133/><W73/><G73/><T19/><D117/><U31/><E118/><V79/><F128/><W37/><G37/><T87/><D72/><U64/><E64/><V98/><F58/><W16/><G91/><T25/><D101/><U6/><E95/><V127/><F51/><N who="3" m="31167" /><G2/><T7/><D71/><U114/><E114/><V86/><F85/><W61/><G61/><T90/><D68/><U135/><E135/><V106/><F41/><W84/><G84/><T100/><D100/><U119/><E119/><V18/><F106/><N who="3" m="63847" /><G8/><AGARI ba="0,0" hai="0,1,6,8,12,28,30,31" m="42539,47145" machi="8" ten="40,8000,1" yaku="13,1,14,1,34,2" doraHai="89" who="1" fromWho="3" sc="250,0,240,80,367,0,143,-80" /><INIT seed="3,0,0,4,4,78" ten="250,320,367,63" oya="3" hai0="60,47,74,65,48,5,36,118,18,26,132,4,42" hai1="107,122,73,108,77,25,112,115,114,135,54,116,39" hai2="128,11,20,100,101,106,59,58,133,29,49,110,15" hai3="96,134,53,68,83,111,50,56,64,94,81,104,40"/><W61/><G134/><T22/><D132/><U46/><E135/><V1/><F110/><W10/><G111/><T3/><D118/><U0/><E108/><V45/><F106/><W103/><G104/><T63/><D3/><U92/><E122/><V41/><F1/><W9/><REACH who="3" step="1"/><G40/><REACH who="3" ten="250,320,367,53" step="2"/><T117/><D42/><U70/><E107/><V67/><F133/><W14/><G14/><T55/><D117/><U120/><E116/><V89/><F15/><W109/><G109/><T76/><D36/><U43/><E120/><V69/><F41/><W12/><G12/><T80/><REACH who="0" step="1"/><D63/><REACH who="0" ten="240,320,367,53" step="2"/><U121/><E121/><V130/><F130/><W19/><G19/><T35/><D35/><U62/><E0/><V13/><F128/><W90/><G90/><T98/><D98/><U24/><E114/><V85/><F89/><W7/><G7/><T30/><D30/><U95/><E115/><V127/><F29/><W125/><G125/><T44/><D44/><U51/><E112/><V57/><F45/><W75/><G75/><T38/><D38/><U86/><E73/><V105/><F127/><W91/><G91/><T32/><D32/><U102/><E39/><V129/><F129/><W99/><G99/><T23/><D23/><U37/><E37/><V33/><F20/><W52/><G52/><T131/><D131/><U21/><E43/><V93/><F33/><W97/><G97/><T72/><D72/><U66/><E54/><V6/><F6/><W31/><G31/><T126/><D126/><U8/><E62/><V34/><F34/><W88/><G88/><T16/><D16/><RYUUKYOKU ba="0,2" sc="240,15,320,-15,367,-15,53,15" hai0="4,5,18,22,26,47,48,55,60,65,74,76,80" hai3="9,10,50,53,56,61,64,68,81,83,94,96,103" /><INIT seed="3,1,2,3,0,59" ten="255,305,352,68" oya="3" hai0="57,79,15,58,50,128,7,54,45,19,60,21,28" hai1="48,3,66,110,14,127,103,91,81,131,77,76,24" hai2="94,0,25,123,9,78,32,52,106,34,132,36,101" hai3="55,13,42,116,41,63,18,37,121,130,95,89,124"/><W43/><G116/><T6/><D128/><U5/><E3/><V27/><F36/><W29/><G121/><T98/><D79/><U11/><E110/><V12/><F0/><W107/><G107/><T70/><D70/><U133/><E131/><V113/><F106/><W65/><G130/><T83/><D83/><U120/><E120/><V109/><F109/><W125/><G37/><T135/><D135/><U61/><E103/><V85/><F113/><W82/><G29/><T38/><D38/><U102/><E102/><V100/><F32/><W72/><G55/><T122/><D98/><U71/><E127/><N who="3" m="48714" /><G82/><T114/><D114/><U31/><E48/><V74/><F34/><W119/><G72/><T16/><D28/><U96/><E133/><V90/><F74/><W80/><G80/><T75/><D75/><U44/><E81/><V112/><F78/><W117/><G13/><N who="0" m="9359" /><D122/><U73/><E73/><V35/><F112/><W84/><G18/><T30/><D30/><U49/><E96/><V23/><F35/><W86/><G84/><T97/><D97/><U118/><E118/><V10/><F132/><W46/><G46/><T53/><D45/><U105/><E105/><V93/><F123/><W56/><AGARI ba="1,2" hai="41,42,43,56,63,65,86,89,95,117,119" m="48714" machi="56" ten="30,3000,0" yaku="18,1,52,1" doraHai="59" who="3" fromWho="3" sc="255,-11,305,-11,352,-11,68,53" /><INIT seed="3,2,0,1,1,116" ten="244,294,341,121" oya="3" hai0="132,68,65,66,55,34,13,79,135,85,111,24,56" hai1="19,7,86,126,41,102,67,113,40,119,43,58,44" hai2="103,100,130,70,105,115,118,14,76,77,114,96,117" hai3="98,48,52,97,84,49,125,11,72,36,101,109,33"/><W50/><G125/><T45/><D111/><U90/><E113/><N who="2" m="43019" /><F14/><W21/><G33/><T128/><D128/><U91/><E119/><N who="2" m="45579" /><F130/><W22/><G72/><T112/><D112/><U46/><E7/><V99/><F70/><W35/><G35/><T2/><D2/><U88/><E102/><V26/><F26/><W15/><G36/><T62/><D13/><U38/><E126/><V124/><F124/><W134/><G134/><N who="0" m="51243" /><D45/><N who="1" m="17515" /><E19/><V60/><F60/><W78/><G109/><T83/><D68/><U94/><E38/><V1/><F1/><W87/><G78/><T6/><D6/><U10/><E10/><V4/><F4/><N who="3" m="3559" /><G52/><T29/><AGARI ba="2,0" hai="24,29,34,55,56,62,65,66,79,83,85" m="51243" machi="29" ten="30,1100,0" yaku="20,1" doraHai="116" who="0" fromWho="0" sc="244,17,294,-5,341,-5,121,-7" owari="261,-13.9,289,8.9,336,43.6,114,-38.6" /></mjloggm>