<mjloggm ver="2.3"><GO type="225" lobby="0"/><UN n0="%72%69%6F%75%63%68%61%6E" n1="%E3%82%82%E3%81%90%E3%82%89" n2="%72%61%6B%33" n3="%6D%75%75%6D%75%72%61" dan="16,17,18,16" rate="2107.13,2231.81,2192.84,2185.68" sx="M,M,M,F"/><TAIKYOKU oya="0"/><INIT seed="0,0,0,0,2,55" ten="250,250,250,250" oya="0" hai0="135,116,7,60,134,114,58,12,31,113,133,28,118" hai1="112,3,103,48,22,132,66,106,43,100,65,91,74" hai2="128,16,54,5,49,42,110,101,125,59,80,90,15" hai3="75,35,26,51,94,56,115,1,102,126,129,46,67"/><T2/><D2/><U117/><E117/><N who="0" m="45161" /><D12/><U92/><E74/><V124/><F110/><W99/><G115/><N who="0" m="44043" /><D7/><U123/><E123/><V6/><F128/><W81/><G129/><T104/><D104/><U85/><E112/><V33/><F33/><W131/><G131/><T20/><D20/><U57/><E3/><V71/><F71/><W107/><G1/><T50/><D50/><U40/><E132/><N who="0" m="33793" /><T88/><DORA hai="109" /><D88/><N who="1" m="53263" /><E106/><V96/><F5/><W53/><G126/><T127/><D127/><U36/><E22/><V86/><F6/><W62/><G107/><T93/><D93/><U70/><E91/><V105/><REACH who="2" step="1"/><F42/><REACH who="2" ten="250,250,240,250" step="2"/><W21/><G35/><T89/><D89/><U111/><E43/><V98/><F98/><W14/><G99/><T73/><D73/><U34/><E40/><V47/><F47/><W32/><G46/><T95/><D95/><U119/><E34/><V87/><F87/><W23/><G94/><T64/><AGARI ba="0,1" hai="28,31,58,60,64" m="33793,44043,45161" machi="64" ten="50,12000,1" yaku="20,1,52,4" doraHai="55,109" who="0" fromWho="0" sc="250,130,250,-40,240,-40,250,-40" /><INIT seed="0,1,0,3,0,40" ten="380,210,200,210" oya="0" hai0="96,31,72,25,119,88,65,14,64,81,49,13,76" hai1="86,23,26,9,58,73,75,32,38,120,61,70,121" hai2="30,11,83,10,101,48,15,33,28,124,7,87,53" hai3="129,20,60,43,90,59,111,24,108,77,114,42,97"/><T55/><D119/><U85/><E38/><V71/><F71/><W80/><G114/><T67/><D96/><U16/><E70/><V89/><F124/><W106/><G129/><T0/><D0/><U134/><E32/><V41/><F33/><W115/><G115/><T94/><D94/><U1/><E134/><V95/><F41/><W12/><G12/><T109/><D88/><U2/><E75/><V22/><F22/><W35/><G35/><T3/><D3/><U21/><E73/><V131/><F131/><W118/><G118/><T103/><D103/><U91/><E86/><V37/><F37/><W82/><G106/><T46/><REACH who="0" step="1"/><D109/><REACH who="0" ten="370,210,200,210" step="2"/><U63/><E1/><V4/><F101/><W84/><G108/><T36/><D36/><U62/><E91/><V69/><F95/><N who="3" m="56567" /><G111/><T27/><D27/><U113/><E26/><V54/><F89/><W132/><G82/><T107/><D107/><U66/><E2/><V34/><F83/><W8/><G132/><T133/><D133/><U19/><E113/><V52/><F15/><W130/><G130/><T122/><D122/><U102/><E102/><V50/><F34/><AGARI ba="1,1" hai="13,14,25,31,34,46,49,55,64,65,67,72,76,81" machi="34" ten="40,7700,0" yaku="1,1,52,1,53,1" doraHai="40" doraHaiUra="44" who="0" fromWho="2" sc="370,90,210,0,200,-80,210,0" /><INIT seed="0,2,0,3,0,84" ten="460,210,120,210" oya="0" hai0="37,55,28,30,14,61,58,16,34,88,103,78,72" hai1="83,20,114,91,60,132,1,80,107,31,109,54,29" hai2="97,125,123,26,51,75,0,48,131,99,3,17,63" hai3="24,124,2,8,13,89,32,33,21,19,39,4,126"/><T42/><D34/><N who="3" m="13417" /><G39/><T5/><D103/><U10/><E107/><V101/><F123/><W65/><G65/><T11/><D78/><U118/><E118/><V79/><F125/><N who="3" m="48235" /><G89/><T130/><D72/><U127/><E109/><V87/><F131/><W59/><G59/><T120/><D130/><U77/><E132/><V85/><F75/><W9/><G9/><T119/><D120/><U67/><E127/><V82/><F63/><W62/><G62/><T111/><D111/><U129/><E129/><V41/><F87/><W12/><AGARI ba="2,0" hai="2,4,8,12,13,19,21,24" m="48235,13417" machi="12" ten="40,5200,0" yaku="18,1,34,2" doraHai="84" who="3" fromWho="3" sc="460,-28,210,-15,120,-15,210,58" /><INIT seed="1,0,0,5,3,25" ten="432,195,105,268" oya="1" hai0="81,127,34,16,23,129,44,5,102,84,8,116,41" hai1="112,88,132,99,53,59,62,55,71,121,133,46,94" hai2="76,93,22,15,82,17,77,48,58,91,3,42,124" hai3="78,18,92,49,26,73,52,111,85,40,108,69,32"/><U27/><E121/><V12/><F124/><W126/><G69/><T11/><D116/><U107/><E112/><V13/><F3/><W60/><G126/><T109/><D127/><U75/><E75/><V50/><F42/><W128/><G73/><T90/><D109/><N who="3" m="42057" /><G128/><T89/><D129/><U79/><E79/><V83/><F77/><W106/><G106/><T19/><D34/><U110/><E71/><V6/><F83/><N who="3" m="47351" /><G40/><T114/><D114/><U98/><E110/><V120/><F120/><W87/><G60/><T38/><D102/><U14/><E14/><V20/><F6/><W123/><G123/><T119/><D119/><U134/><E27/><V64/><F64/><W95/><G87/><T0/><D11/><U57/><E46/><V29/><F82/><W117/><G117/><T56/><D90/><U122/><E122/><V43/><F76/><W68/><G68/><T125/><D125/><U118/><E118/><V80/><F80/><W2/><G2/><T54/><REACH who="0" step="1"/><D23/><REACH who="0" ten="422,195,105,268" step="2"/><U101/><REACH who="1" step="1"/><E134/><REACH who="1" ten="422,185,105,268" step="2"/><V113/><F113/><W47/><G32/><T10/><D10/><U70/><E70/><V96/><F20/><AGARI ba="0,2" hai="18,20,26,47,49,52,92,95" m="47351,42057" machi="20" ten="30,2000,0" yaku="14,1,54,1" doraHai="25" who="3" fromWho="2" sc="422,0,185,0,105,-20,268,40" /><INIT seed="2,0,0,3,2,3" ten="422,185,85,308" oya="2" hai0="26,60,10,126,132,129,133,121,12,25,123,64,110" hai1="96,17,48,0,32,39,106,59,51,14,118,94,62" hai2="4,22,109,119,40,63,115,45,131,16,85,80,34" hai3="15,93,1,130,78,86,49,57,81,89,79,90,74"/><V28/><F115/><W8/><G130/><T24/><D110/><U61/><E39/><V37/><F119/><W128/><G128/><T116/><D129/><U108/><E118/><V66/><F131/><W84/><G1/><T107/><D107/><U33/><E0/><V35/><F109/><W122/><G74/><T134/><D116/><U46/><E106/><V19/><F28/><W112/><G122/><T77/><D77/><U58/><E108/><V69/><F4/><N who="3" m="3463" /><G112/><T99/><D99/><U98/><E32/><V67/><F67/><W9/><G9/><T102/><D102/><U11/><E33/><V88/><REACH who="2" step="1"/><F19/><REACH who="2" ten="422,185,75,308" step="2"/><W2/><G2/><T83/><D126/><U73/><E17/><V13/><AGARI ba="0,1" hai="13,16,22,34,35,37,40,45,63,66,69,80,85,88" machi="13" ten="20,18000,2" yaku="1,1,2,1,0,1,7,1,54,2,53,1" doraHai="3" doraHaiUra="65" who="2" fromWho="2" sc="422,-60,185,-60,75,190,308,-60" /><INIT seed="2,1,0,3,3,36" ten="362,125,265,248" oya="2" hai0="129,53,93,122,116,54,48,121,20,105,17,130,64" hai1="7,117,76,103,81,95,124,16,109,133,40,91,97" hai2="82,90,107,60,42,46,88,50,83,99,39,61,126" hai3="8,106,21,75,132,73,34,41,38,128,85,118,72"/><V25/><F126/><W96/><G34/><T30/><D105/><U100/><E109/><V104/><F39/><W108/><G118/><T10/><D116/><U24/><E133/><V2/><F2/><W11/><G108/><T6/><D64/><U9/><E124/><V131/><F131/><N who="0" m="50186" /><D30/><U102/><E117/><V77/><F83/><W120/><G85/><T13/><D93/><U44/><E24/><V5/><F5/><W70/><G21/><T4/><D4/><U134/><E134/><V14/><F14/><W112/><G120/><N who="0" m="46187" /><D48/><U22/><E9/><V32/><F107/><W15/><G106/><T47/><D47/><U71/><E7/><V52/><F104/><W92/><G11/><T87/><D87/><U123/><E71/><V66/><F99/><W113/><G73/><T55/><D55/><U127/><E123/><V0/><F0/><AGARI ba="1,0" hai="0,6,10,13,17,20,53,54" m="46187,50186" machi="0" ten="30,1000,0" yaku="19,1" doraHai="36" who="0" fromWho="2" sc="362,13,125,0,265,-13,248,0" /><INIT seed="3,0,0,1,2,46" ten="375,125,252,248" oya="3" hai0="66,87,39,21,127,68,33,56,36,47,45,63,7" hai1="134,111,91,48,53,16,115,9,113,126,60,25,72" hai2="121,24,28,122,109,85,67,86,27,20,110,19,35" hai3="132,78,75,71,58,106,88,93,52,0,102,116,69"/><W23/><G116/><T49/><D33/><U76/><E111/><N who="2" m="42507" /><F67/><W29/><G0/><T22/><D7/><U15/><E134/><V10/><F10/><W42/><G132/><T104/><D104/><U64/><E126/><V62/><F62/><W100/><G69/><T129/><D127/><U120/><E120/><AGARI ba="0,0" hai="19,20,24,27,28,35,85,86,120,121,122" m="42507" machi="120" ten="30,2000,0" yaku="13,1,14,1" doraHai="46" who="2" fromWho="1" sc="375,0,125,-20,252,20,248,0" owari="375,47.5,105,-39.5,272,7.2,248,-15.2" /></mjloggm>