<mjloggm ver="2.3"><GO type="225" lobby="0"/><UN n0="%E3%81%99%E3%81%84%E3%81%BE%E3%81%9B%E3%83%BC%E3%82%93" n1="%E3%81%95%E3%81%8D%E3%81%9F%E3%81%BE%E6%9E%97%E6%AA%8E" n2="%E3%81%BF%E3%81%BF%E3%81%9A" n3="%E5%B8%86%E7%AB%8B%E5%A4%8F%E8%A1%A3" dan="18,16,18,16" rate="2249.76,2068.48,2267.23,2170.05" sx="M,M,M,M"/><TAIKYOKU oya="0"/><INIT seed="0,0,0,4,5,102" ten="250,250,250,250" oya="0" hai0="116,122,111,8,55,14,54,9,29,50,64,40,0" hai1="60,25,57,124,101,85,74,117,113,128,21,118,97" hai2="95,52,1,123,59,11,99,51,5,77,63,23,132" hai3="88,35,120,110,72,66,33,31,30,44,112,43,87"/><T7/><D116/><U91/><E74/><V82/><F132/><W133/><G112/><T127/><D122/><U15/><E113/><V104/><F123/><W109/><G72/><T20/><D127/><U16/><E124/><V80/><F104/><W114/><G66/><T38/><D38/><U32/><E128/><V53/><F77/><W48/><G133/><T10/><D111/><N who="3" m="42505" /><G120/><T115/><D115/><U106/><E32/><N who="3" m="12362" /><G114/><T6/><D64/><U45/><E45/><V42/><F42/><W2/><G2/><T129/><D129/><U26/><E118/><V81/><F23/><W135/><G135/><T56/><D10/><U71/><E71/><V96/><REACH who="2" step="1"/><F95/><AGARI ba="0,0" hai="30,31,43,44,48,87,88,95" m="12362,42505" machi="95" ten="30,2000,0" yaku="14,1,54,1" doraHai="102" who="3" fromWho="2" sc="250,0,250,0,250,-20,250,20" /><INIT seed="1,0,0,4,4,89" ten="250,250,230,270" oya="1" hai0="59,54,67,129,32,135,118,25,38,3,20,111,96" hai1="34,87,131,49,1,91,64,134,47,37,68,98,5" hai2="130,99,109,26,44,17,115,122,113,132,117,9,80" hai3="127,61,65,6,133,16,53,21,81,39,121,71,56"/><U13/><E34/><V58/><F117/><W76/><G121/><T31/><D118/><U27/><E37/><V14/><F122/><W112/><G112/><N who="2" m="43081" /><F109/><W22/><G133/><T8/><D38/><U86/><E134/><V33/><F132/><W72/><G127/><T119/><D119/><U11/><E131/><V15/><F44/><W102/><G39/><T124/><D124/><U79/><E1/><V105/><F80/><W110/><G110/><T29/><D111/><U77/><E27/><V69/><F69/><W63/><G6/><T36/><D36/><U94/><E68/><V103/><F130/><W50/><G102/><T7/><D129/><U78/><REACH who="1" step="1"/><E64/><REACH who="1" ten="250,240,230,270" step="2"/><V51/><F33/><W4/><G71/><T23/><D135/><U100/><E100/><V0/><F0/><W28/><G65/><T95/><D67/><U125/><E125/><V35/><F35/><W62/><G28/><T40/><D31/><U18/><E18/><V128/><F128/><W41/><G4/><T19/><D19/><U93/><E93/><V82/><F26/><W97/><G16/><T126/><D126/><U83/><E83/><V116/><F116/><W30/><G30/><T45/><D95/><U10/><E10/><V101/><F101/><W85/><G22/><T2/><D3/><U42/><AGARI ba="0,1" hai="5,11,13,42,47,49,77,78,79,86,87,91,94,98" machi="42" ten="30,12000,1" yaku="1,1,0,1,8,1,52,1,53,1" doraHai="89" doraHaiUra="43" who="1" fromWho="1" sc="250,-40,240,130,230,-40,270,-40" /><INIT seed="1,1,0,4,3,115" ten="210,370,190,230" oya="1" hai0="12,96,5,132,125,0,98,112,31,69,54,64,73" hai1="22,8,113,101,119,99,114,77,91,18,16,63,81" hai2="29,45,109,134,33,84,15,34,43,108,83,11,104" hai3="36,126,74,9,7,10,80,72,105,60,28,110,111"/><U76/><E119/><V78/><F104/><W35/><G36/><T3/><D112/><U92/><E63/><V90/><F134/><W49/><G105/><T1/><D73/><U21/><E114/><V70/><F70/><W131/><G131/><T116/><D116/><U123/><E123/><V41/><F90/><W23/><G126/><T68/><D132/><U19/><E8/><V42/><F45/><W130/><G35/><T122/><D31/><U85/><E113/><V14/><F29/><W88/><G49/><T102/><D125/><U71/><E71/><V50/><F50/><W26/><G130/><T61/><D69/><U75/><REACH who="1" step="1"/><E76/><REACH who="1" ten="210,360,190,230" step="2"/><V100/><F11/><W103/><G10/><T24/><D68/><U127/><E127/><V135/><F135/><W66/><G9/><T89/><D61/><U27/><E27/><V46/><F14/><W17/><G60/><T67/><D24/><U58/><E58/><V37/><F15/><W38/><G26/><T86/><D12/><U118/><E118/><V25/><F25/><W117/><G117/><T51/><D122/><U40/><E40/><N who="2" m="15467" /><F33/><W47/><G28/><T13/><D13/><U121/><E121/><V44/><F34/><W128/><G128/><T107/><D0/><U106/><AGARI ba="1,1" hai="16,18,19,21,22,75,77,81,85,91,92,99,101,106" machi="106" ten="30,12000,1" yaku="1,1,0,1,24,2,54,1,53,0" doraHai="115" doraHaiUra="56" who="1" fromWho="1" sc="210,-41,360,133,190,-41,230,-41" /><INIT seed="1,2,0,2,0,28" ten="169,493,149,189" oya="1" hai0="118,122,107,79,69,130,85,25,77,41,121,48,106" hai1="82,29,114,73,53,56,102,47,125,89,19,13,105" hai2="68,63,27,112,8,65,129,111,70,96,7,120,94" hai3="31,72,131,133,80,104,14,75,83,110,17,117,99"/><U116/><E114/><V15/><F120/><N who="0" m="46186" /><D69/><U87/><E116/><V21/><F112/><W60/><G117/><T30/><D118/><U108/><E125/><V123/><F123/><W93/><G31/><T132/><D130/><U12/><E73/><N who="3" m="28234" /><G17/><T78/><D132/><U115/><E115/><V61/><F111/><W38/><G14/><T127/><D127/><U109/><E29/><V91/><F129/><W0/><G60/><T67/><D85/><U126/><E47/><V134/><F134/><W64/><G64/><T46/><D67/><U45/><E45/><V36/><F36/><W9/><G9/><T32/><AGARI ba="2,0" hai="25,30,32,41,46,48,77,78,79,106,107" m="46186" machi="32" ten="30,2000,0" yaku="13,1,52,1" doraHai="28" who="0" fromWho="0" sc="169,26,493,-12,149,-7,189,-7" /><INIT seed="2,0,0,0,2,37" ten="195,481,142,182" oya="2" hai0="96,58,42,122,26,112,16,66,53,0,25,15,45" hai1="31,20,59,63,86,88,38,29,50,21,85,84,54" hai2="30,90,52,49,127,129,68,132,131,12,32,124,6" hai3="99,74,9,92,94,27,69,55,95,22,89,79,82"/><V118/><F118/><W134/><G134/><T64/><D122/><U121/><E121/><V14/><F68/><W7/><G69/><T70/><D0/><U106/><E106/><V34/><F90/><W18/><REACH who="3" step="1"/><G55/><REACH who="3" ten="195,481,142,172" step="2"/><T83/><D70/><U97/><E54/><V100/><F132/><W119/><G119/><T3/><D53/><U125/><E125/><N who="2" m="48203" /><F100/><W87/><G87/><T5/><D66/><U62/><E85/><V44/><F6/><W65/><G65/><T39/><D64/><U81/><E84/><V2/><F2/><AGARI ba="0,1" hai="2,7,9,18,22,27,74,79,82,89,92,94,95,99" machi="2" ten="30,2000,0" yaku="1,1,7,1,53,0" doraHai="37" doraHaiUra="123" who="3" fromWho="2" sc="195,0,481,0,142,-20,172,30" /><INIT seed="3,0,0,2,2,37" ten="195,481,122,202" oya="3" hai0="125,111,98,119,20,40,70,131,135,11,109,73,90" hai1="44,5,96,124,110,58,102,127,123,78,87,48,6" hai2="108,122,26,114,23,82,75,116,56,105,89,104,27" hai3="84,85,22,18,54,47,99,66,3,107,28,92,121"/><W14/><G121/><T118/><D73/><U112/><E110/><N who="0" m="41993" /><D70/><U0/><E112/><V33/><F108/><W88/><G3/><T130/><D135/><U62/><E123/><V64/><F122/><W51/><G107/><T4/><D125/><U60/><E60/><V76/><F114/><W126/><G126/><T52/><D40/><U7/><E0/><V86/><F116/><N who="0" m="44586" /><D52/><U50/><E50/><V129/><F129/><W97/><G66/><T79/><D79/><U46/><E46/><V17/><F64/><W19/><G28/><T133/><D20/><U55/><E87/><V36/><F56/><W74/><G74/><T24/><D24/><U57/><E57/><V72/><F72/><W45/><G45/><T117/><D133/><U49/><E49/><V80/><F33/><W106/><G106/><T9/><D9/><U34/><E34/><V35/><F35/><W15/><G85/><T32/><D32/><U91/><E44/><V68/><F68/><W61/><G61/><T115/><D115/><U100/><E62/><V134/><F134/><W69/><G69/><T12/><D117/><U81/><E127/><V53/><F53/><W71/><G71/><T31/><D31/><U1/><E55/><V67/><F67/><W103/><G103/><T13/><D13/><U93/><E1/><V132/><F132/><W65/><G65/><T101/><D101/><U113/><E113/><V39/><F27/><W38/><G38/><T21/><D21/><AGARI ba="0,0" hai="14,15,18,19,21,22,47,51,54,84,88,92,97,99" machi="21" ten="30,11600,0" yaku="7,1,9,1,8,1,54,1" doraHai="37" who="3" fromWho="0" sc="195,-116,481,0,122,0,202,116" /><INIT seed="3,1,0,3,0,87" ten="79,481,122,318" oya="3" hai0="114,34,123,54,16,78,100,84,56,47,97,128,86" hai1="59,14,74,22,62,32,24,23,92,119,9,20,116" hai2="26,134,55,64,98,129,38,12,18,25,31,51,115" hai3="72,135,44,106,58,66,7,61,40,112,103,48,110"/><W96/><G112/><T89/><D123/><U21/><E74/><V73/><F115/><W65/><G135/><T120/><D120/><U107/><E107/><V88/><F38/><W76/><G7/><T77/><D34/><U82/><E32/><V45/><F73/><W6/><G6/><T130/><D114/><U46/><E46/><V80/><F134/><W10/><G10/><T11/><D47/><U131/><E131/><N who="0" m="50217" /><D78/><U132/><E132/><V53/><F64/><W52/><REACH who="3" step="1"/><G110/><REACH who="3" ten="79,481,122,308" step="2"/><T57/><D77/><U17/><E119/><V39/><F129/><W125/><G125/><T79/><D79/><U33/><E116/><V122/><F122/><W133/><G133/><T27/><D100/><U13/><E9/><V2/><F2/><W5/><G5/><T127/><D127/><U41/><E24/><V42/><F26/><W0/><G0/><T109/><D109/><U71/><E17/><V63/><F18/><W99/><G99/><T70/><D11/><U30/><E13/><V113/><F12/><W36/><G36/><T81/><D97/><U90/><E14/><V43/><F98/><W95/><G95/><T102/><D27/><U15/><E15/><V91/><F25/><W4/><G4/><T117/><D102/><U126/><E92/><V94/><F94/><W1/><G1/><T118/><D16/><U104/><E126/><V60/><F113/><W50/><G50/><T101/><D101/><U49/><E49/><V3/><F51/><W93/><G93/><T28/><D118/><U124/><N who="1" m="5120" /><DORA hai="111" /><U75/><E124/><V35/><F3/><RYUUKYOKU ba="1,1" sc="79,-10,481,-10,122,-10,308,30" hai3="40,44,48,52,58,61,65,66,72,76,96,103,106" /><INIT seed="3,2,1,4,3,2" ten="69,471,112,338" oya="3" hai0="131,116,109,26,79,64,30,127,84,74,108,11,94" hai1="134,85,102,20,13,76,132,65,12,122,66,96,51" hai2="120,128,81,107,23,103,86,0,41,104,10,24,110" hai3="133,113,31,33,4,43,36,70,97,14,80,77,48"/><W114/><G70/><T61/><D116/><U89/><E76/><V69/><F69/><W88/><G133/><N who="1" m="51306" /><E122/><V19/><F41/><W111/><G36/><T34/><D131/><U3/><E3/><V21/><F110/><N who="0" m="42602" /><D127/><U135/><E135/><V1/><F128/><W125/><G125/><T115/><D115/><U119/><E119/><V59/><F0/><W8/><G111/><T98/><D84/><U95/><E51/><V50/><F103/><W90/><G33/><T42/><D42/><U121/><E121/><V53/><F120/><W105/><G31/><T101/><D79/><U82/><E20/><V38/><F38/><W93/><G105/><N who="0" m="63671" /><D11/><U60/><E66/><V45/><F45/><N who="3" m="25663" /><G90/><T63/><D94/><U75/><E75/><V100/><F100/><W72/><G72/><T62/><D74/><U99/><E99/><V78/><F23/><W32/><G32/><T117/><D117/><U57/><AGARI ba="2,1" hai="12,13,57,60,65,82,85,89,95,96,102" m="51306" machi="57" ten="30,1100,0" yaku="20,1" doraHai="2" who="1" fromWho="1" sc="69,-5,471,27,112,-5,338,-7" owari="64,-43.6,498,59.8,107,-29.3,331,13.1" /></mjloggm>