<mjloggm ver="2.3"><GO type="225" lobby="0"/><UN n0="%E3%81%99%E3%81%84%E3%81%BE%E3%81%9B%E3%83%BC%E3%82%93" n1="%E3%83%97%E3%83%AC%E3%83%B4%E3%82%A1%E3%83%86%E3%82%A3" n2="%70%68%65%6E%6F%6D%65" n3="%E3%81%A8%E3%82%93%E3%81%A8%E3%81%93%E3%81%A8%E3%82%93" dan="16,16,16,16" rate="2213.12,2133.47,2102.95,2109.94" sx="M,F,M,M"/><TAIKYOKU oya="0"/><INIT seed="0,0,0,4,4,52" ten="250,250,250,250" oya="0" hai0="94,115,13,4,25,121,114,111,133,88,3,71,6" hai1="65,56,73,8,0,42,17,127,98,28,81,120,22" hai2="95,113,86,26,35,134,125,48,39,130,74,96,126" hai3="118,110,104,101,82,36,89,72,70,7,76,59,20"/><T69/><D121/><U64/><E120/><V102/><F39/><W122/><G70/><T105/><D105/><U112/><E112/><V91/><F113/><W5/><G118/><T108/><D3/><U106/><E127/><V77/><F134/><W116/><G116/><T124/><D124/><N who="2" m="47722" /><F48/><W41/><G122/><T34/><D133/><U23/><E42/><V44/><F44/><W78/><G78/><T131/><D131/><U117/><E117/><V92/><F26/><W63/><G110/><N who="0" m="42027" /><D115/><U61/><E28/><V57/><F35/><W21/><G36/><T30/><D114/><U27/><E22/><V66/><F130/><W123/><G41/><T80/><D80/><U119/><E119/><V129/><F129/><W12/><G123/><T97/><D13/><U99/><E106/><V68/><F68/><AGARI ba="0,0" hai="4,6,25,30,34,68,69,71,88,94,97" m="42027" machi="68" ten="30,5800,0" yaku="14,1,10,1,54,1" doraHai="52" who="0" fromWho="2" sc="250,58,250,0,250,-58,250,0" /><INIT seed="0,1,0,4,3,30" ten="308,250,192,250" oya="0" hai0="119,86,55,111,18,107,34,49,128,129,72,85,78" hai1="74,6,15,122,117,88,48,21,29,79,44,26,69" hai2="25,99,68,42,100,22,82,56,65,23,77,76,109" hai3="64,126,50,1,45,13,7,120,89,16,35,104,19"/><T51/><D119/><U66/><E117/><V61/><F109/><W105/><G1/><T33/><D107/><U32/><E122/><V40/><F68/><W112/><G112/><T96/><D111/><U46/><E74/><V80/><F80/><W124/><G64/><T108/><D108/><U10/><E79/><V52/><F65/><W43/><G120/><T94/><D18/><U60/><E48/><N who="0" m="18505" /><D55/><U47/><REACH who="1" step="1"/><E88/><REACH who="1" ten="308,240,192,250" step="2"/><V14/><F77/><W54/><G89/><N who="0" m="55375" /><D72/><U131/><E131/><N who="0" m="50249" /><D86/><U98/><E98/><V8/><F99/><W132/><G124/><T17/><D78/><U53/><E53/><V95/><F76/><W93/><G126/><T11/><D85/><U115/><E115/><V83/><F82/><W31/><G54/><T3/><D3/><U0/><E0/><V103/><F83/><W5/><G50/><T87/><D87/><U101/><E101/><V67/><F100/><W28/><G43/><T37/><D37/><U110/><E110/><V130/><F130/><W116/><G116/><T106/><D106/><U118/><E118/><V81/><F81/><W84/><G104/><T9/><D9/><U27/><E27/><V41/><F25/><W135/><G105/><T63/><D63/><U24/><E24/><V73/><F73/><W92/><G84/><T39/><D39/><U97/><E97/><N who="2" m="59839" /><F52/><W70/><G93/><T125/><D125/><U4/><E4/><AGARI ba="1,1" hai="4,8,14,22,23,40,41,42,56,61,67" m="59839" machi="4" ten="30,1000,0" yaku="8,1" doraHai="30" who="2" fromWho="1" sc="308,0,240,-13,192,23,250,0" /><INIT seed="1,0,0,3,1,24" ten="308,227,215,250" oya="1" hai0="42,81,65,38,22,99,4,51,13,80,33,123,114" hai1="131,118,40,0,64,89,12,83,25,78,134,1,39" hai2="30,88,9,28,77,102,103,20,10,62,32,49,52" hai3="63,70,36,110,116,16,37,87,112,113,72,11,133"/><U55/><E118/><V107/><F77/><W69/><G72/><T98/><D33/><U61/><E131/><V59/><F32/><W105/><G105/><T122/><D38/><U29/><E134/><V31/><F107/><W43/><G133/><T60/><D114/><U54/><E12/><V125/><F125/><W56/><G110/><T79/><D99/><U27/><E89/><V85/><F20/><W45/><G36/><T23/><D98/><U96/><E96/><V82/><F62/><W7/><G87/><T128/><D128/><U3/><E25/><V6/><REACH who="2" step="1"/><F9/><REACH who="2" ten="308,227,205,250" step="2"/><W21/><G116/><T111/><D23/><U84/><E39/><V68/><F68/><W75/><G69/><T34/><D34/><U19/><E40/><V97/><F97/><W92/><G70/><T90/><D79/><U94/><E94/><V66/><F66/><W95/><G92/><T135/><D65/><U50/><E64/><V124/><F124/><W106/><G95/><T117/><D42/><U53/><E61/><V46/><F46/><W104/><G106/><T100/><D60/><U58/><REACH who="1" step="1"/><E19/><REACH who="1" ten="308,217,205,250" step="2"/><V67/><F67/><N who="3" m="39399" /><G104/><T17/><D135/><U126/><E126/><V5/><F5/><W109/><G112/><T76/><D4/><U57/><E57/><V108/><F108/><W130/><G109/><T93/><D17/><U74/><E74/><V120/><F120/><W35/><G75/><T8/><D123/><U73/><E73/><V44/><F44/><W14/><G113/><T119/><D111/><U48/><E48/><V101/><F101/><W15/><G130/><RYUUKYOKU ba="0,2" sc="308,-30,217,10,205,10,250,10" hai1="0,1,3,27,29,50,53,54,55,58,78,83,84" hai2="6,10,28,30,31,49,52,59,82,85,88,102,103" hai3="7,11,14,15,16,21,35,37,43,45" /><INIT seed="1,1,2,5,4,32" ten="278,227,215,260" oya="1" hai0="102,5,115,94,47,95,71,90,85,7,96,114,117" hai1="93,17,59,56,132,30,14,83,2,36,41,118,6" hai2="12,98,40,110,128,54,101,74,31,49,33,126,134" hai3="99,35,29,75,34,78,26,45,22,124,64,129,123"/><U80/><E118/><V51/><F74/><W133/><G123/><T23/><D117/><U16/><E132/><V9/><F134/><W107/><G133/><T84/><D71/><U21/><E36/><V20/><F110/><W88/><G124/><T100/><D47/><U130/><E41/><V97/><F126/><W10/><G129/><T127/><D127/><U111/><E130/><V11/><F33/><W72/><G64/><T44/><D44/><U37/><E37/><V112/><F112/><W46/><G35/><T27/><D102/><U77/><E30/><V18/><F128/><W73/><G78/><T39/><D39/><U70/><E70/><V28/><F40/><W91/><G34/><T43/><D43/><U38/><E38/><V42/><F42/><W66/><G66/><T58/><D58/><U19/><E111/><V109/><F109/><W52/><G10/><N who="2" m="3593" /><F51/><N who="3" m="28783" /><G46/><T1/><D1/><U55/><E2/><V15/><F15/><W120/><G120/><T103/><D115/><U106/><E106/><V48/><F48/><W119/><G119/><T67/><D67/><U82/><E6/><V135/><F135/><W92/><G107/><T3/><D3/><U50/><E77/><V57/><F101/><N who="0" m="38986" /><D114/><U86/><E59/><V63/><F49/><W68/><G68/><T113/><D113/><U76/><E76/><V13/><F12/><W65/><G65/><T62/><D5/><U108/><E108/><V60/><F63/><W122/><G122/><T69/><D7/><U87/><E87/><V116/><F116/><W8/><G8/><T125/><D125/><RYUUKYOKU ba="1,2" sc="278,-30,227,10,215,10,260,10" hai1="14,16,17,19,21,50,55,56,80,82,83,86,93" hai2="13,18,20,28,31,54,57,60,97,98" hai3="22,26,29,72,73,75,88,91,92,99" /><INIT seed="1,2,2,2,2,66" ten="248,237,225,270" oya="1" hai0="73,109,2,20,12,3,58,52,65,115,102,84,40" hai1="21,99,131,87,25,91,15,116,53,90,63,80,9" hai2="86,60,114,32,8,69,106,68,38,107,54,39,121" hai3="83,98,104,62,55,134,31,119,79,108,13,6,81"/><U77/><E116/><V103/><F121/><W111/><G119/><T51/><D115/><U45/><E131/><V44/><F114/><W57/><G134/><T124/><D73/><U10/><E99/><V78/><F32/><W127/><G31/><T26/><D109/><N who="3" m="42057" /><G127/><T94/><D124/><U41/><E63/><V30/><F30/><W14/><G6/><T95/><D40/><U27/><E53/><V88/><F78/><W133/><G133/><T46/><D12/><N who="3" m="4713" /><G79/><T132/><D132/><U130/><E130/><V29/><F29/><W24/><G24/><N who="1" m="9290" /><E21/><V126/><F8/><N who="1" m="3177" /><E15/><V56/><F126/><W33/><G33/><T129/><D129/><U59/><E59/><V92/><F44/><W120/><G120/><T5/><D46/><U96/><E96/><V117/><F117/><W135/><G135/><T93/><D58/><U17/><E17/><V61/><F69/><W110/><N who="3" m="42065" /><W85/><DORA hai="125" /><G85/><T128/><D84/><U113/><E113/><V64/><REACH who="2" step="1"/><F103/><AGARI ba="2,2" hai="55,57,62,81,83,98,103,104" m="4713,42065" machi="103" ten="40,1300,0" yaku="14,1" doraHai="66,125" who="3" fromWho="2" sc="248,0,237,0,225,-19,270,39" /><INIT seed="2,0,0,0,3,19" ten="248,237,206,309" oya="2" hai0="30,130,116,80,95,105,123,91,38,21,69,51,39" hai1="66,43,104,131,115,10,128,101,119,36,62,47,121" hai2="88,125,85,92,82,70,48,35,97,45,8,23,65" hai3="60,102,29,27,3,129,67,7,41,127,96,54,4"/><V24/><F125/><W68/><G127/><T53/><D123/><U5/><E121/><V118/><F118/><W122/><G122/><T117/><D105/><U28/><E119/><N who="0" m="45641" /><D69/><U46/><E46/><V134/><F134/><W93/><G129/><T14/><D80/><U90/><E90/><V40/><F35/><W126/><G126/><T86/><D130/><U76/><E115/><V6/><F70/><W75/><G75/><T9/><D30/><U63/><E63/><V74/><F74/><W113/><G113/><T59/><D21/><U55/><E55/><V135/><F65/><W87/><G41/><T132/><D132/><U61/><E61/><V50/><F135/><W94/><G54/><T13/><D13/><U42/><E42/><V84/><F48/><W112/><G3/><T15/><D15/><U120/><E76/><V107/><F107/><W34/><G112/><T100/><D100/><U77/><E77/><V25/><F24/><W110/><G110/><T89/><D89/><U26/><E120/><V106/><F106/><N who="3" m="63815" /><G87/><T57/><D59/><U32/><E101/><V64/><F64/><W33/><G34/><T133/><D133/><U22/><E104/><V16/><F82/><W114/><G114/><T58/><D58/><U20/><E131/><V109/><F109/><W79/><G79/><T71/><D71/><N who="1" m="42455" /><E128/><V37/><F50/><W18/><G18/><AGARI ba="0,0" hai="9,14,18,38,39,51,53,57,86,91,95" m="45641" machi="18" ten="30,1000,0" yaku="12,1" doraHai="19" who="0" fromWho="3" sc="248,10,237,0,206,0,309,-10" /><INIT seed="3,0,0,2,2,29" ten="258,237,206,299" oya="3" hai0="131,51,8,37,12,26,23,31,47,67,28,9,127" hai1="111,43,18,16,88,62,87,61,48,104,114,68,118" hai2="22,71,20,78,79,103,21,10,119,44,58,112,83" hai3="66,124,94,14,74,1,91,0,25,24,54,96,132"/><W69/><G74/><T34/><D37/><U95/><E114/><V63/><F112/><W72/><G72/><T42/><D127/><U84/><E104/><V60/><F119/><W45/><G132/><T65/><D131/><U39/><E118/><V80/><F103/><W2/><G124/><T99/><D8/><U117/><E117/><V7/><F44/><W120/><G120/><T100/><D28/><U92/><E39/><V52/><F71/><W129/><G14/><T106/><REACH who="0" step="1"/><D23/><REACH who="0" ten="248,237,206,299" step="2"/><U116/><E116/><V128/><F128/><W64/><G129/><T85/><D85/><U53/><E111/><V46/><F46/><W11/><G11/><T93/><D93/><U38/><E38/><V134/><F134/><W4/><G94/><T123/><D123/><U15/><E68/><V130/><F130/><W49/><G69/><T5/><AGARI ba="0,1" hai="5,9,12,26,31,34,42,47,51,65,67,99,100,106" machi="5" ten="20,5200,0" yaku="1,1,0,1,7,1,52,1,53,0" doraHai="29" doraHaiUra="55" who="0" fromWho="0" sc="248,62,237,-13,206,-13,299,-26" owari="310,41.0,224,-17.6,193,-30.7,273,7.3" /></mjloggm>