<mjloggm ver="2.3"><GO type="225" lobby="0"/><UN n0="%E4%BF%BA%E3%81%A8%E5%A6%96%E5%A4%A2" n1="%E3%81%86%E3%81%A9%E3%82%93%E3%81%93" n2="%2D%E8%B1%8A%E5%8F%A3%E3%82%81%E3%81%90%E3%81%BF%2D" n3="%33%74%72%65%65" dan="17,16,16,16" rate="2190.92,2164.60,2087.68,2164.45" sx="F,M,F,F"/><TAIKYOKU oya="0"/><INIT seed="0,0,0,1,5,89" ten="250,250,250,250" oya="0" hai0="59,129,116,85,70,2,76,33,103,105,120,78,122" hai1="38,124,91,21,65,6,125,57,47,35,107,53,72" hai2="112,41,7,101,25,9,135,98,8,108,42,90,48" hai3="34,16,132,109,82,24,79,80,131,14,22,87,73"/><T128/><D33/><U95/><E107/><V55/><F112/><W113/><G113/><T104/><D2/><U56/><E35/><V13/><F108/><W66/><G109/><T74/><D70/><U45/><E72/><V64/><F64/><W18/><G132/><T123/><D59/><U62/><E6/><V32/><F90/><W69/><G131/><N who="0" m="50251" /><D116/><U92/><E21/><V61/><F61/><W51/><G34/><T117/><D117/><U111/><E111/><V60/><F60/><W40/><G66/><T3/><D3/><U119/><E119/><V96/><F96/><W27/><G69/><T115/><D115/><U102/><E102/><V43/><F9/><W5/><G5/><T75/><D85/><U77/><E77/><N who="0" m="29801" /><D103/><U1/><E1/><V118/><F118/><W11/><G73/><AGARI ba="0,0" hai="73,74,75,104,105,120,122,123" m="29801,50251" machi="73" ten="40,12000,1" yaku="28,2,19,1,34,2" doraHai="89" who="0" fromWho="3" sc="250,120,250,0,250,0,250,-120" /><INIT seed="0,1,0,5,0,82" ten="370,250,250,130" oya="0" hai0="106,59,118,52,103,89,45,8,94,34,88,134,55" hai1="64,14,120,44,51,90,101,98,50,21,102,76,53" hai2="114,6,4,71,112,95,1,77,63,27,69,115,12" hai3="84,39,129,132,65,61,123,111,48,107,100,16,49"/><T104/><D118/><U22/><E120/><V42/><F1/><W93/><G39/><T66/><D34/><U81/><E64/><V128/><F128/><W70/><G123/><T85/><D134/><U31/><E90/><V135/><F135/><W28/><G132/><T92/><D106/><U2/><E2/><V37/><F77/><W80/><G129/><T131/><D131/><U11/><E50/><V19/><F27/><W10/><G111/><T67/><D103/><U119/><E119/><V24/><F24/><W83/><G28/><T74/><D74/><U75/><E31/><V116/><F116/><W54/><G83/><T38/><D104/><U35/><E35/><V78/><F78/><W130/><G130/><T30/><D30/><U36/><E36/><V56/><F42/><W25/><G107/><T23/><D23/><U62/><E62/><V126/><F37/><W97/><G54/><T17/><D45/><U79/><E79/><V109/><F109/><W58/><G70/><T47/><D47/><U20/><REACH who="1" step="1"/><E98/><REACH who="1" ten="370,240,250,130" step="2"/><V57/><F63/><W13/><G25/><T72/><D38/><U91/><E91/><AGARI ba="1,1" hai="10,13,16,48,49,58,61,65,80,84,91,93,97,100" machi="91" ten="30,7700,0" yaku="7,1,8,1,52,1,54,1" doraHai="82" who="3" fromWho="1" sc="370,0,240,-80,250,0,130,90" /><INIT seed="1,0,0,2,3,22" ten="370,160,250,220" oya="1" hai0="50,125,33,0,23,71,79,2,82,98,29,19,129" hai1="59,3,41,91,73,12,37,62,20,39,44,58,51" hai2="63,95,83,15,128,123,111,88,17,66,109,38,72" hai3="30,100,85,67,70,87,4,11,9,35,134,6,103"/><U14/><E3/><V78/><F38/><W81/><G134/><T74/><D71/><U46/><E73/><V94/><F123/><W49/><G70/><T25/><D129/><U55/><E91/><V117/><F117/><W135/><G135/><T16/><D125/><U52/><REACH who="1" step="1"/><E20/><REACH who="1" ten="370,150,250,220" step="2"/><N who="2" m="11327" /><F88/><W77/><G100/><T121/><D0/><U90/><E90/><V108/><F128/><W75/><G103/><T5/><D2/><U130/><E130/><V84/><F72/><W65/><G35/><T133/><D33/><U105/><E105/><V57/><AGARI ba="0,1" hai="57,63,66,78,83,84,94,95,108,109,111" m="11327" machi="57" ten="30,1100,0" yaku="14,1" doraHai="22" who="2" fromWho="2" sc="370,-3,150,-5,250,21,220,-3" /><INIT seed="2,0,0,0,2,117" ten="367,145,271,217" oya="2" hai0="13,133,134,8,44,62,73,64,123,29,1,130,105" hai1="89,71,115,32,103,92,90,20,66,93,30,88,52" hai2="24,106,125,80,76,43,79,21,77,110,55,85,91" hai3="65,25,119,68,28,94,33,37,83,113,121,18,107"/><V100/><F125/><W78/><G119/><T11/><D73/><U69/><E115/><V131/><F131/><W95/><G37/><T38/><D105/><U63/><E32/><V41/><F110/><W135/><G113/><T58/><D130/><U81/><E71/><V22/><F100/><W82/><G82/><T17/><D29/><U36/><E36/><V53/><F106/><W97/><G18/><T0/><D123/><U75/><E103/><V3/><F3/><W46/><G46/><T34/><D34/><U102/><E102/><V49/><F55/><W16/><G16/><T67/><D67/><U74/><E81/><V124/><F124/><W132/><G107/><T7/><D0/><U56/><E75/><V5/><F5/><W72/><G121/><T120/><D120/><U99/><E74/><V116/><F116/><W111/><G111/><T57/><D57/><U9/><E9/><V48/><F48/><W4/><G4/><T6/><D17/><U101/><E30/><N who="2" m="17679" /><F22/><W14/><G14/><T109/><REACH who="0" step="1"/><D109/><REACH who="0" ten="357,145,271,217" step="2"/><U127/><E127/><V129/><F129/><W50/><G65/><T87/><D87/><U114/><E114/><V86/><F86/><W2/><G2/><T45/><D45/><AGARI ba="0,1" hai="41,43,45,49,53,76,77,79,80,85,91" m="17679" machi="45" ten="30,1500,0" yaku="8,1" doraHai="117" who="2" fromWho="0" sc="357,-15,145,0,271,25,217,0" /><INIT seed="2,1,0,4,3,85" ten="342,145,296,217" oya="2" hai0="61,20,119,5,18,37,1,7,14,53,48,101,59" hai1="54,72,56,133,95,63,94,88,93,45,32,69,26" hai2="92,73,6,40,68,77,64,83,12,126,118,97,76" hai3="57,50,105,65,3,75,78,71,125,28,8,87,122"/><V9/><F118/><W99/><G122/><T10/><D37/><U121/><E72/><V25/><F126/><W132/><G75/><T109/><D119/><U124/><E124/><V84/><F40/><W134/><G125/><T49/><D109/><U58/><E69/><V23/><F68/><W16/><G28/><T86/><D101/><U17/><E121/><V96/><F64/><W4/><G105/><T31/><D5/><U33/><E133/><V22/><F22/><W116/><G116/><T90/><REACH who="0" step="1"/><D31/><REACH who="0" ten="332,145,296,217" step="2"/><U43/><E33/><V11/><F11/><W41/><G4/><T91/><D91/><U130/><E130/><V89/><REACH who="2" step="1"/><F77/><REACH who="2" ten="332,145,286,217" step="2"/><W74/><G8/><T35/><D35/><U129/><E32/><V27/><F27/><W113/><G78/><T15/><D15/><U21/><E129/><V106/><F106/><W55/><G132/><T127/><D127/><U42/><E26/><V0/><F0/><W128/><G3/><T38/><D38/><U98/><E21/><V80/><F80/><AGARI ba="1,2" hai="1,7,10,14,18,20,48,49,53,59,61,80,86,90" machi="80" ten="30,3900,0" yaku="1,1,7,1,52,1,53,0" doraHai="85" doraHaiUra="110" who="0" fromWho="2" sc="332,62,145,0,286,-42,217,0" /><INIT seed="3,0,0,2,0,83" ten="394,145,244,217" oya="3" hai0="50,25,11,115,40,87,2,3,46,81,9,104,95" hai1="48,126,37,120,35,38,71,28,77,86,129,70,59" hai2="58,64,78,98,131,94,33,121,75,119,53,125,127" hai3="101,113,97,68,134,65,117,91,110,123,109,12,22"/><W56/><G117/><T135/><D104/><U114/><E120/><V61/><F119/><W79/><G113/><T24/><D115/><U92/><E114/><V66/><F33/><W122/><G79/><T63/><D135/><U88/><E129/><V108/><F108/><N who="3" m="41579" /><G68/><T13/><D95/><U102/><E126/><N who="2" m="48139" /><F131/><W106/><G134/><T19/><D63/><U132/><E132/><V80/><F121/><W76/><G76/><N who="0" m="46503" /><D2/><U43/><E71/><V45/><F45/><W4/><G91/><AGARI ba="0,0" hai="53,58,61,64,66,75,78,80,91,94,98" m="48139" machi="91" ten="30,1000,0" yaku="18,1" doraHai="83" who="2" fromWho="3" sc="394,0,145,0,244,10,217,-10" owari="394,49.4,145,-35.5,254,5.4,207,-19.3" /></mjloggm>