<mjloggm ver="2.3"><GO type="225" lobby="0"/><UN n0="%63%68%78%62%64" n1="%E3%81%8B%E3%82%8F%E3%81%A1%E3%82%83%E3%82%93%35%38" n2="%E3%81%AA%E3%81%A1%30%39%32%37" n3="%6B%65%6E%6E%64%69" dan="16,16,16,16" rate="2100.91,2142.97,2090.17,2192.59" sx="M,M,M,M"/><TAIKYOKU oya="0"/><INIT seed="0,0,0,3,3,54" ten="250,250,250,250" oya="0" hai0="74,1,41,128,14,13,12,36,15,0,52,106,90" hai1="32,67,3,126,75,60,82,70,33,79,58,133,116" hai2="107,97,64,5,38,120,6,124,95,91,19,111,117" hai3="9,27,130,109,132,4,83,88,89,56,35,119,50"/><T102/><D74/><U47/><E116/><V65/><F120/><W84/><G119/><T122/><D122/><U23/><E133/><V76/><F117/><W115/><G115/><T20/><D128/><U11/><E126/><V49/><F38/><W118/><G118/><T93/><D102/><U100/><E100/><V25/><F111/><W55/><G109/><T62/><D106/><U85/><E85/><V42/><F107/><W104/><G130/><T34/><D34/><U108/><E108/><V134/><F76/><W113/><G132/><T51/><D62/><U114/><E114/><V45/><F124/><W72/><G72/><T22/><D41/><U30/><E23/><N who="2" m="13567" /><F134/><W131/><G131/><T98/><D36/><U57/><E47/><V121/><F121/><W31/><G104/><T125/><D125/><U44/><E44/><V105/><F105/><W69/><G69/><T59/><N who="0" m="3072" /><DORA hai="77" /><T29/><REACH who="0" step="1"/><D29/><REACH who="0" ten="240,250,250,250" step="2"/><U68/><E68/><V7/><AGARI ba="0,1" hai="5,6,7,42,45,49,64,65,91,95,97" m="13567" machi="7" ten="30,1100,0" yaku="8,1" doraHai="54,77" who="2" fromWho="2" sc="240,-5,250,-3,250,21,250,-3" /><INIT seed="1,0,0,1,3,55" ten="235,247,271,247" oya="1" hai0="112,60,95,130,67,39,113,25,47,125,22,80,79" hai1="89,15,6,108,109,59,23,118,46,105,2,57,120" hai2="126,49,11,13,99,30,107,21,12,40,84,5,16" hai3="122,101,54,76,34,9,41,31,127,7,100,3,51"/><U134/><E118/><V26/><F126/><W63/><G122/><T91/><D125/><U52/><E120/><V86/><F107/><W37/><G127/><T33/><D33/><U61/><E134/><V66/><F99/><W48/><G63/><T102/><D130/><U103/><E2/><V121/><F121/><W75/><G31/><T58/><D102/><N who="3" m="39529" /><G54/><T119/><D119/><U128/><E128/><V123/><F123/><W92/><G92/><T69/><D69/><U62/><E46/><N who="2" m="25799" /><F66/><W117/><G34/><T81/><D47/><U82/><E103/><V20/><AGARI ba="0,0" hai="5,11,12,13,16,20,21,26,30,84,86" m="25799" machi="20" ten="30,2000,0" yaku="8,1,54,1" doraHai="55" who="2" fromWho="2" sc="235,-5,247,-10,271,20,247,-5" /><INIT seed="2,0,0,2,5,43" ten="230,237,291,242" oya="2" hai0="49,127,1,124,2,18,76,72,55,132,51,53,115" hai1="39,62,104,84,65,98,20,107,22,33,126,5,57" hai2="116,24,111,90,27,31,29,88,118,34,36,0,103" hai3="59,79,30,96,91,25,83,23,112,120,61,117,125"/><V108/><F103/><W40/><G125/><N who="0" m="48203" /><D115/><U105/><E33/><V133/><F36/><W4/><G120/><T42/><D132/><U64/><E126/><V56/><F0/><N who="0" m="106" /><D18/><U9/><E39/><V50/><F133/><W71/><G117/><N who="2" m="45161" /><F50/><N who="0" m="18954" /><D42/><U38/><E38/><V37/><F56/><W32/><G112/><T78/><D72/><U17/><E65/><V131/><F37/><W47/><G4/><T93/><D93/><U94/><E84/><V14/><F14/><W15/><G15/><T11/><D11/><U3/><REACH who="1" step="1"/><E17/><REACH who="1" ten="230,227,291,242" step="2"/><V101/><F34/><W92/><G32/><T10/><D10/><U67/><E67/><V123/><F31/><W28/><G30/><T74/><D74/><U45/><E45/><V60/><F29/><W46/><G40/><T97/><D97/><U109/><E109/><V87/><F87/><N who="3" m="48639" /><G71/><T75/><D75/><U122/><E122/><V8/><F123/><W44/><G46/><T54/><AGARI ba="0,1" hai="53,54,55,76,78" m="18954,106,48203" machi="54" ten="40,5200,0" yaku="28,2,18,1" doraHai="43" who="0" fromWho="0" sc="230,62,227,-13,291,-26,242,-13" /><INIT seed="3,0,0,4,4,27" ten="292,214,265,229" oya="3" hai0="125,84,79,6,51,58,94,130,68,90,102,95,129" hai1="13,88,52,23,80,124,103,60,46,111,86,37,123" hai2="8,97,21,126,31,77,7,17,11,72,119,70,35" hai3="131,16,106,101,65,45,96,135,26,53,98,10,54"/><W39/><G131/><N who="0" m="50187" /><D68/><U36/><E123/><V30/><F70/><W1/><G135/><T127/><D6/><U57/><E111/><V38/><F119/><W48/><G39/><T34/><D34/><U113/><E113/><V83/><F126/><W19/><G65/><T49/><D79/><U91/><E124/><N who="0" m="47689" /><D58/><U33/><E33/><V29/><F35/><W14/><G1/><T64/><D64/><U42/><E103/><V40/><F97/><AGARI ba="0,0" hai="49,51,84,90,94,95,97,102" m="47689,50187" machi="97" ten="30,2000,0" yaku="19,1,18,1" doraHai="27" who="0" fromWho="2" sc="292,20,214,0,265,-20,229,0" owari="312,41.2,214,-28.6,245,4.5,229,-17.1" /></mjloggm>