<mjloggm ver="2.3"><GO type="225" lobby="0"/><UN n0="%72%69%6F%75%63%68%61%6E" n1="%E3%82%BC%E3%83%AB%E3%83%80%E3%81%AE%E4%BC%9D%E8%AA%AC" n2="%E3%81%B2%E3%81%AA%E3%81%AE%E3%82%8A%E3%81%8F" n3="%E5%8C%97%E6%AC%A7%E3%81%AE%E3%82%82%E3%81%93%E3%81%86" dan="17,17,17,17" rate="2248.19,2259.23,2144.56,2127.80" sx="M,M,M,M"/><TAIKYOKU oya="0"/><INIT seed="0,0,0,5,1,53" ten="250,250,250,250" oya="0" hai0="31,72,3,66,61,87,21,108,25,39,0,7,45" hai1="109,36,19,12,121,112,110,82,27,97,85,135,22" hai2="26,59,71,104,20,60,69,115,123,9,80,14,24" hai3="44,32,113,126,8,119,129,57,37,33,1,70,92"/><T102/><D72/><U52/><E121/><V17/><F123/><W101/><G70/><T38/><D108/><N who="1" m="41579" /><E135/><V134/><F134/><W56/><G113/><T100/><D87/><U4/><E36/><V11/><F115/><W30/><G119/><T75/><D75/><U86/><E112/><V67/><F104/><W29/><G129/><T40/><D38/><U125/><E125/><V106/><F106/><W83/><G1/><T95/><D7/><U99/><E86/><V89/><F71/><W35/><G83/><T54/><D54/><U128/><E128/><V50/><F80/><W23/><G8/><N who="2" m="3145" /><F69/><W111/><G111/><T127/><D127/><U84/><E84/><V76/><F76/><W62/><G62/><T51/><D39/><U103/><E4/><V93/><F50/><W18/><G126/><T124/><D124/><U117/><E117/><V65/><F65/><W13/><G44/><T114/><D114/><U98/><E12/><V47/><F47/><W49/><G49/><T94/><D0/><U78/><E52/><V64/><F64/><W10/><G37/><T42/><D40/><U90/><E78/><V15/><F15/><W122/><G122/><T28/><D3/><U81/><E81/><V116/><F116/><W16/><G10/><T43/><D43/><U130/><E130/><V77/><F77/><W133/><G133/><T6/><D6/><U5/><E5/><V73/><F73/><W131/><G131/><T88/><D42/><U68/><E68/><V105/><F105/><AGARI ba="0,0" hai="19,22,27,82,85,90,97,98,99,103,105" m="41579" machi="105" ten="30,1000,0" yaku="14,1" doraHai="53" who="1" fromWho="2" sc="250,0,250,10,250,-10,250,0" /><INIT seed="1,0,0,3,4,52" ten="250,260,240,250" oya="1" hai0="18,56,112,27,103,51,134,24,19,86,114,22,120" hai1="64,98,71,97,46,133,118,108,72,74,89,62,73" hai2="90,82,43,109,121,116,7,61,38,48,33,75,79" hai3="49,67,4,3,5,16,100,85,128,129,93,14,119"/><U42/><E118/><V17/><F116/><W91/><G3/><T104/><D134/><U26/><E133/><V2/><F121/><W40/><G119/><T31/><D120/><U122/><E122/><V107/><F107/><W50/><G67/><T28/><D86/><U20/><E108/><V131/><F109/><W111/><G111/><T94/><D104/><U53/><E53/><V23/><F33/><W59/><G100/><T115/><D51/><N who="3" m="19465" /><G40/><T21/><REACH who="0" step="1"/><D56/><REACH who="0" ten="240,260,240,250" step="2"/><U41/><E97/><AGARI ba="0,1" hai="18,19,21,22,24,27,28,31,94,97,103,112,114,115" machi="97" ten="40,5200,0" yaku="1,1,2,1,9,1,53,0" doraHai="52" doraHaiUra="55" who="0" fromWho="1" sc="240,62,260,-52,240,0,250,0" /><INIT seed="2,0,0,4,3,122" ten="302,208,240,250" oya="2" hai0="5,56,103,58,84,107,26,21,44,54,95,114,80" hai1="101,106,32,83,73,45,23,112,52,121,13,77,19" hai2="39,3,36,100,10,102,63,7,60,117,130,86,31" hai3="62,12,78,88,41,120,37,74,94,22,61,4,66"/><V93/><F117/><W48/><G120/><T110/><D110/><U65/><E112/><V131/><F31/><W15/><G37/><N who="2" m="14409" /><F86/><W124/><G124/><T118/><D114/><U42/><E121/><V57/><F93/><W33/><G33/><T71/><D71/><U35/><E65/><V135/><F57/><W99/><G74/><T27/><D107/><U76/><E76/><V72/><F72/><W115/><G78/><T113/><D113/><U89/><E42/><V132/><F10/><N who="3" m="4167" /><G66/><T25/><D118/><U90/><E90/><V119/><F7/><W87/><G115/><T104/><D104/><U47/><E89/><V30/><F30/><W134/><G87/><T18/><D5/><U40/><E40/><V127/><F127/><W50/><G41/><T123/><D123/><U129/><E45/><V68/><F3/><W49/><G134/><N who="2" m="51241" /><F68/><W51/><G51/><N who="0" m="29031" /><D103/><N who="2" m="39466" /><F119/><W43/><G43/><T81/><D95/><U92/><E92/><V9/><F9/><W111/><G61/><AGARI ba="0,0" hai="60,61,63,130,131" m="39466,51241,14409" machi="61" ten="40,7700,0" yaku="28,2,20,1" doraHai="122" who="2" fromWho="3" sc="302,0,208,0,240,77,250,-77" /><INIT seed="2,1,0,0,2,135" ten="302,208,317,173" oya="2" hai0="25,62,112,14,27,115,60,32,29,107,68,30,6" hai1="88,77,58,125,37,120,10,95,44,15,69,99,114" hai2="96,98,34,8,129,103,109,52,81,87,5,83,73" hai3="56,90,17,134,79,106,128,108,19,131,53,66,117"/><V126/><F34/><W122/><G117/><T132/><D107/><U76/><E114/><N who="0" m="43561" /><D68/><U31/><E69/><V46/><F129/><W38/><G122/><T16/><D60/><U63/><E125/><V124/><F73/><W104/><G38/><T43/><D62/><U133/><E133/><V35/><F35/><W22/><G134/><T1/><D43/><U50/><E31/><N who="0" m="11785" /><D132/><U85/><E120/><V28/><F28/><W119/><G66/><T97/><D97/><U116/><E116/><V7/><F109/><W2/><G108/><T121/><D121/><U48/><E37/><V93/><F96/><W74/><G119/><T49/><D49/><N who="1" m="19051" /><E44/><V21/><F46/><W105/><G90/><T4/><D32/><U40/><E40/><V39/><F39/><W75/><G53/><T111/><D111/><U92/><E92/><V12/><F52/><W45/><G56/><T20/><D1/><U71/><E71/><V101/><F101/><W94/><G45/><T64/><D64/><N who="1" m="39031" /><E99/><V80/><F87/><W91/><G74/><T47/><D47/><U36/><E36/><V78/><F78/><W0/><G79/><T42/><D42/><U118/><E118/><V130/><F130/><N who="3" m="49707" /><G75/><T72/><D72/><U33/><E33/><V86/><F86/><N who="3" m="52599" /><G0/><T57/><D57/><U13/><E13/><N who="2" m="5263" /><F7/><AGARI ba="1,0" hai="4,6,7,14,16,20,25,27" m="11785,43561" machi="7" ten="30,3900,0" yaku="34,2,54,1" doraHai="135" who="0" fromWho="2" sc="302,42,208,0,317,-42,173,0" /><AGARI ba="1,0" hai="7,10,15,76,77,85,88,95" m="39031,19051" machi="7" ten="30,2000,0" yaku="8,1,54,1" doraHai="135" who="1" fromWho="2" sc="344,0,208,20,275,-20,173,0" /><INIT seed="3,0,0,4,2,5" ten="344,228,255,173" oya="3" hai0="103,84,98,108,61,46,62,31,85,54,12,71,43" hai1="64,51,59,94,76,123,88,23,104,70,9,126,38" hai2="124,15,129,67,3,36,56,100,128,17,113,120,57" hai3="11,92,131,24,122,93,14,20,89,75,48,7,87"/><W95/><G131/><N who="2" m="50249" /><F3/><W132/><G132/><T74/><D108/><U80/><E104/><V81/><F36/><W40/><G122/><T72/><D31/><U50/><E38/><V44/><F120/><W78/><G75/><T96/><D71/><U18/><E70/><V111/><F111/><W109/><G109/><T13/><D54/><U114/><E114/><V119/><F119/><W68/><G68/><T52/><D52/><U101/><E101/><V121/><F113/><W82/><G89/><T0/><D0/><U63/><E123/><V37/><F100/><W25/><REACH who="3" step="1"/><G20/><REACH who="3" ten="344,228,255,163" step="2"/><T16/><D74/><U34/><E23/><V106/><F121/><W55/><G55/><T90/><D72/><U115/><E115/><V26/><F67/><W66/><G66/><T105/><D90/><U29/><E88/><V47/><F124/><W19/><G19/><T60/><D16/><U8/><E18/><V39/><F17/><W30/><G30/><T133/><D133/><U110/><E110/><V91/><F91/><W35/><G35/><T117/><D98/><U73/><E126/><V69/><F69/><W83/><G83/><T21/><D21/><U53/><E53/><V22/><F81/><W41/><G41/><T112/><D112/><U2/><E29/><V49/><F22/><W6/><G6/><T116/><D117/><U102/><E34/><V32/><F32/><W45/><AGARI ba="0,1" hai="7,11,14,24,25,40,45,48,78,82,87,92,93,95" machi="45" ten="30,18000,2" yaku="1,1,0,1,25,2,8,1,52,1,53,1" doraHai="5" doraHaiUra="1" who="3" fromWho="3" sc="344,-60,228,-60,255,-60,163,190" owari="284,8.4,168,-33.2,195,-20.5,353,45.3" /></mjloggm>