<mjloggm ver="2.3"><GO type="225" lobby="0"/><UN n0="%E3%82%BC%E3%83%AB%E3%83%80%E3%81%AE%E4%BC%9D%E8%AA%AC" n1="%E3%81%BF%E3%81%BF%E3%81%9A" n2="%E3%81%A8%E3%82%93%E3%81%A8%E3%81%93%E3%81%A8%E3%82%93" n3="%74%61%6B%75%61%6B%61" dan="17,16,16,16" rate="2273.18,2134.60,2086.96,2135.70" sx="M,M,M,M"/><TAIKYOKU oya="0"/><INIT seed="0,0,0,4,4,16" ten="250,250,250,250" oya="0" hai0="125,25,15,29,66,70,67,119,102,115,39,78,92" hai1="54,131,88,85,129,112,59,9,100,56,99,103,18" hai2="134,1,53,128,126,120,34,109,40,11,75,8,14" hai3="60,41,105,124,81,97,101,89,132,57,61,50,73"/><T51/><D39/><U6/><E112/><V133/><F75/><W32/><G32/><T76/><D119/><U72/><E72/><V45/><F120/><W123/><G124/><T95/><D115/><U49/><E56/><V46/><F34/><W27/><G132/><N who="2" m="50793" /><F126/><W113/><G113/><T83/><D125/><U130/><E99/><V64/><F64/><W7/><G7/><T24/><D51/><U3/><REACH who="1" step="1"/><E18/><REACH who="1" ten="250,240,250,250" step="2"/><N who="2" m="8519" /><F109/><W63/><G73/><T82/><D70/><U90/><E90/><V28/><F128/><W21/><G89/><T93/><D102/><U23/><E23/><V86/><F28/><W110/><G110/><T108/><D108/><U31/><E31/><V20/><F20/><W52/><G123/><T30/><D95/><AGARI ba="0,1" hai="3,6,9,49,54,59,85,88,95,100,103,129,130,131" machi="95" ten="40,5200,0" yaku="1,1,19,1,54,1,53,0" doraHai="16" doraHaiUra="36" who="1" fromWho="0" sc="250,-52,240,62,250,0,250,0" /><INIT seed="1,0,0,2,4,35" ten="198,302,250,250" oya="1" hai0="115,77,5,68,11,49,119,76,125,70,33,50,118" hai1="23,95,36,110,72,38,128,123,2,92,62,108,51" hai2="130,67,52,6,8,103,93,29,117,22,61,9,78" hai3="73,114,40,60,48,39,46,32,83,55,69,89,98"/><U106/><E123/><V63/><F117/><W80/><G114/><T82/><D115/><U42/><E106/><V0/><F130/><W122/><G122/><T116/><D33/><U47/><E72/><V44/><F78/><N who="0" m="30314" /><D82/><U104/><E104/><V19/><F29/><W57/><G32/><T91/><D11/><U21/><E128/><V79/><F79/><W84/><G98/><T53/><D53/><U131/><E131/><V113/><F113/><W109/><G109/><N who="1" m="42090" /><E62/><V111/><F111/><W124/><G80/><T87/><D5/><U121/><E121/><V12/><F67/><N who="3" m="41191" /><G124/><T31/><D31/><U99/><E2/><V134/><F134/><W126/><G126/><T34/><D34/><U101/><E92/><V25/><F93/><W112/><G112/><T30/><D30/><U1/><E1/><V28/><REACH who="2" step="1"/><F103/><REACH who="2" ten="198,302,240,250" step="2"/><W86/><G86/><T94/><D125/><U17/><E21/><V16/><F16/><W105/><G105/><T58/><D119/><U120/><E120/><V18/><F18/><W90/><G90/><T45/><D118/><U26/><AGARI ba="0,1" hai="17,23,26,36,38,42,47,51,95,99,101" m="42090" machi="26" ten="30,3000,0" yaku="14,1,10,1" doraHai="35" who="1" fromWho="1" sc="198,-10,302,40,240,-10,250,-10" /><INIT seed="1,1,0,0,4,44" ten="188,342,230,240" oya="1" hai0="41,24,100,115,65,96,82,34,110,36,55,0,8" hai1="125,52,11,78,6,4,64,121,103,127,93,25,47" hai2="123,15,85,26,68,48,86,1,130,62,2,113,31" hai3="39,99,54,61,16,17,50,126,92,131,83,49,67"/><U60/><E121/><V88/><F123/><W23/><G39/><T46/><D115/><U107/><E78/><V72/><F72/><W134/><G126/><N who="1" m="48138" /><E107/><V101/><F130/><W132/><G131/><T109/><D65/><U27/><E103/><V94/><F113/><W104/><G104/><N who="0" m="63495" /><D82/><U37/><E93/><V112/><F112/><W29/><G83/><T124/><D55/><U90/><E90/><V51/><F101/><N who="3" m="60647" /><G54/><T77/><D77/><U66/><E66/><V135/><F135/><N who="3" m="51755" /><G29/><N who="0" m="19751" /><D124/><U3/><E4/><AGARI ba="1,0" hai="0,4,8,36,41,46,109,110" m="19751,63495" machi="4" ten="30,1000,0" yaku="23,1" doraHai="44" who="0" fromWho="1" sc="188,13,342,-13,230,0,240,0" /><INIT seed="2,0,0,0,1,66" ten="201,329,230,240" oya="2" hai0="32,22,103,107,24,23,37,2,30,13,98,117,90" hai1="49,122,7,47,72,25,3,58,26,19,110,87,68" hai2="69,42,6,118,9,40,78,1,43,80,41,50,86" hai3="27,54,88,70,67,109,46,55,131,114,63,16,128"/><V4/><F118/><W115/><G109/><T126/><D117/><U0/><E68/><V52/><N who="2" m="10240" /><DORA hai="12" /><V44/><REACH who="2" step="1"/><F6/><REACH who="2" ten="201,329,220,240" step="2"/><W74/><G74/><T35/><D37/><U14/><E7/><V17/><F17/><W77/><G77/><T133/><D126/><U75/><E19/><V113/><F113/><N who="3" m="43019" /><G88/><T123/><D90/><U56/><E122/><V112/><F112/><W85/><G85/><T81/><D123/><U10/><E110/><V73/><F73/><W134/><G134/><T21/><D133/><U18/><E72/><V94/><F94/><W127/><G127/><T64/><D107/><U76/><E75/><V104/><F104/><W83/><G83/><T135/><D81/><N who="1" m="47527" /><E0/><V119/><F119/><W100/><G100/><T29/><D2/><U105/><E3/><V51/><F51/><N who="3" m="29047" /><G55/><T125/><D125/><U61/><E105/><V39/><F39/><W91/><G91/><T102/><D102/><U129/><E49/><V45/><F45/><W95/><G95/><T120/><D120/><U84/><E47/><V99/><F99/><W93/><G93/><T28/><D135/><U33/><E84/><V15/><F15/><W101/><G101/><T20/><D13/><U108/><E108/><V106/><F106/><W8/><G8/><T97/><D97/><U82/><E10/><V130/><F130/><W48/><G48/><T38/><D38/><U121/><E129/><V59/><F59/><W62/><G62/><T31/><D98/><U53/><E56/><V36/><F36/><W92/><G92/><T11/><D103/><U5/><E61/><RYUUKYOKU ba="0,1" sc="201,-15,329,-15,220,15,240,15" hai2="1,4,9,44,50,52,69,78,80,86" hai3="16,27,63,67,70,128,131" /><INIT seed="2,1,1,5,3,50" ten="186,314,235,255" oya="2" hai0="94,35,81,14,101,126,124,58,131,92,23,47,96" hai1="104,112,89,109,74,21,111,98,13,80,113,127,91" hai2="37,84,0,26,77,134,106,46,87,53,117,41,125" hai3="129,36,34,82,75,93,49,33,70,118,116,16,78"/><V123/><F123/><W63/><G36/><T88/><D35/><N who="3" m="13321" /><G16/><N who="0" m="10647" /><D47/><U130/><E21/><V12/><F0/><W85/><G49/><T39/><D39/><U90/><E13/><V3/><F3/><W29/><G93/><N who="0" m="58511" /><D131/><U76/><E127/><N who="0" m="48681" /><D58/><U132/><E132/><V121/><F121/><W68/><G129/><T100/><D100/><N who="1" m="62487" /><E130/><V61/><F134/><W83/><G70/><T128/><D128/><U54/><E54/><V69/><F125/><W133/><G133/><T20/><D20/><U24/><E24/><V42/><F117/><W15/><G68/><T48/><D48/><U59/><E59/><V38/><F69/><W135/><G135/><T27/><D27/><U110/><AGARI ba="1,1" hai="74,76,80,89,90,91,109,110,111,112,113" m="62487" machi="110" ten="40,5200,0" yaku="14,1,34,2" doraHai="50" who="1" fromWho="1" sc="186,-14,314,65,235,-27,255,-14" /><INIT seed="3,0,0,3,0,132" ten="172,379,208,241" oya="3" hai0="75,125,25,18,12,94,113,90,1,64,89,17,67" hai1="126,61,118,97,36,32,19,83,14,68,80,45,6" hai2="38,10,52,39,54,33,102,127,112,49,13,66,100" hai3="15,130,65,103,2,73,0,59,86,28,69,128,70"/><W76/><G15/><T111/><D1/><U40/><E32/><V37/><F112/><W78/><G86/><T110/><D75/><U21/><E6/><V74/><F33/><W22/><G59/><T42/><D113/><U133/><E133/><V44/><F74/><W84/><G84/><T46/><D25/><U53/><E126/><V131/><F131/><W47/><G47/><T82/><D82/><U114/><E114/><V98/><F127/><W3/><G103/><T122/><D122/><U101/><E118/><V57/><F66/><W106/><G106/><T105/><D105/><U51/><E61/><V108/><F98/><W20/><G28/><T115/><D115/><U129/><E68/><N who="3" m="26218" /><G65/><T7/><D7/><U91/><E91/><V27/><F27/><W50/><G50/><T121/><D121/><U88/><E88/><N who="0" m="33897" /><D125/><U99/><E129/><N who="3" m="49770" /><G73/><T117/><D117/><U96/><REACH who="1" step="1"/><E101/><REACH who="1" ten="172,369,208,241" step="2"/><V48/><REACH who="2" step="1"/><F108/><REACH who="2" ten="172,369,198,241" step="2"/><W26/><G26/><T9/><D111/><U116/><E116/><V135/><F135/><W63/><G0/><T72/><D110/><U35/><E35/><V81/><F81/><W60/><G2/><T87/><D64/><U107/><E107/><V79/><BYE who="1" /><F79/><UN n1="%E3%81%BF%E3%81%BF%E3%81%9A" /><W5/><G3/><T62/><D67/><U120/><E120/><V124/><F124/><W41/><G76/><T23/><D94/><U77/><E77/><V24/><F24/><W92/><G78/><T123/><D123/><U43/><E43/><V4/><AGARI ba="0,2" hai="4,10,13,37,38,39,44,48,49,52,54,57,100,102" machi="4" ten="30,4000,0" yaku="1,1,0,1,54,1,53,0" doraHai="132" doraHaiUra="85" who="2" fromWho="2" sc="172,-10,369,-10,198,60,241,-20" owari="162,-33.8,359,45.9,258,5.8,221,-17.9" /></mjloggm>