<mjloggm ver="2.3"><GO type="225" lobby="0"/><UN n0="%6D%61%74%69%67%75%73%61" n1="%E4%B8%89%E5%88%86%E5%B0%8F%E5%83%A7" n2="%E6%98%93%E5%88%A9%E8%96%A9%E4%BC%AF" n3="%E5%B8%86%E7%AB%8B%E5%A4%8F%E8%A1%A3" dan="17,16,16,17" rate="2188.30,2091.13,2093.19,2155.92" sx="M,M,F,M"/><TAIKYOKU oya="0"/><INIT seed="0,0,0,1,1,134" ten="250,250,250,250" oya="0" hai0="65,13,29,127,15,59,130,125,128,124,94,71,97" hai1="52,90,60,116,26,18,78,103,37,33,32,112,108" hai2="7,30,84,104,98,102,123,72,109,99,87,46,81" hai3="135,129,51,6,106,38,79,31,45,57,19,48,89"/><T34/><D71/><U111/><E37/><V16/><F123/><W105/><G38/><T58/><D34/><U17/><E116/><V100/><F30/><W23/><G135/><T50/><D29/><U119/><E119/><V68/><F7/><W93/><G129/><N who="0" m="49771" /><D50/><U56/><E112/><V117/><F68/><W42/><G79/><T27/><D27/><U44/><E78/><V36/><F117/><W76/><G76/><T110/><D110/><N who="1" m="42027" /><E103/><V107/><F109/><W131/><G6/><T113/><D113/><U95/><E44/><V96/><F96/><W120/><G31/><T39/><D39/><U62/><E62/><V74/><F81/><W101/><G101/><N who="0" m="60599" /><D65/><U88/><E90/><V114/><F114/><W1/><G131/><T9/><D13/><U40/><E40/><V35/><F35/><N who="1" m="13385" /><E26/><V41/><F74/><W86/><G42/><T11/><D9/><U85/><AGARI ba="0,0" hai="17,18,52,56,60,85,88,95" m="13385,42027" machi="85" ten="30,4000,0" yaku="14,1,54,2" doraHai="134" who="1" fromWho="1" sc="250,-20,250,40,250,-10,250,-10" /><INIT seed="1,0,0,3,1,114" ten="230,290,240,240" oya="1" hai0="133,104,110,59,115,92,1,11,2,31,10,42,122" hai1="27,117,56,62,33,124,77,129,82,52,36,107,58" hai2="88,80,55,81,120,54,87,43,8,57,29,90,111" hai3="63,83,73,99,23,46,76,15,19,13,7,119,61"/><U21/><E117/><V128/><F120/><W84/><G73/><T96/><D104/><U9/><E33/><V102/><F111/><W72/><G72/><T0/><D115/><U97/><E36/><V98/><F128/><W16/><G119/><T3/><N who="0" m="0" /><DORA hai="5" /><T26/><D110/><U78/><E129/><V85/><F29/><W38/><G7/><T123/><D59/><U53/><E124/><V134/><F43/><W89/><G46/><T18/><D42/><U105/><E9/><N who="0" m="3081" /><D92/><U132/><E132/><V68/><F68/><W108/><G38/><T112/><D96/><U30/><E97/><V113/><F113/><W95/><G108/><T35/><D112/><U24/><E24/><V106/><F134/><W20/><AGARI ba="0,0" hai="13,15,16,19,20,23,61,63,76,83,84,89,95,99" machi="20" ten="20,8000,1" yaku="0,1,7,1,9,1,8,1,54,1" doraHai="114,5" who="3" fromWho="3" sc="230,-20,290,-40,240,-20,240,80" /><INIT seed="2,0,0,2,0,70" ten="210,250,220,320" oya="2" hai0="54,17,133,29,28,6,118,52,75,33,107,22,78" hai1="19,72,67,125,120,86,50,39,10,26,106,24,116" hai2="84,122,127,41,1,21,93,110,74,11,128,48,36" hai3="15,87,92,55,40,99,62,115,103,114,108,5,9"/><V66/><F122/><W101/><G108/><T121/><D107/><U134/><E72/><V73/><F128/><W56/><G40/><T117/><D121/><U46/><E116/><N who="0" m="44649" /><D6/><U88/><E106/><V23/><F127/><W119/><G119/><T79/><D33/><U7/><E125/><V64/><F48/><W81/><REACH who="3" step="1"/><G101/><REACH who="3" ten="210,250,220,310" step="2"/><T34/><D133/><U135/><E120/><V104/><F41/><W65/><G65/><T0/><D34/><U49/><E67/><V132/><F66/><W76/><AGARI ba="0,1" hai="5,9,15,55,56,62,76,81,87,92,99,103,114,115" machi="76" ten="30,2000,0" yaku="1,1,0,1,53,0" doraHai="70" doraHaiUra="18" who="3" fromWho="3" sc="210,-5,250,-5,220,-10,310,30" /><INIT seed="3,0,0,5,1,117" ten="205,245,210,340" oya="3" hai0="0,65,27,73,91,11,82,62,61,25,101,88,59" hai1="14,28,47,114,102,112,77,56,10,71,130,90,95" hai2="31,24,94,42,64,124,22,37,43,1,109,54,110" hai3="34,69,36,104,32,103,13,68,100,45,17,80,92"/><W55/><G55/><T108/><D101/><U19/><E71/><V66/><F1/><W57/><G57/><T9/><D108/><N who="2" m="41578" /><F124/><W3/><G92/><T23/><D0/><U15/><E130/><V86/><F54/><W113/><G3/><T40/><D40/><N who="2" m="15402" /><F37/><W50/><G50/><T44/><D44/><U84/><E77/><V85/><F94/><W6/><G45/><T39/><D39/><U96/><E28/><V134/><F134/><W38/><G103/><T98/><D73/><U111/><E111/><V18/><F18/><W133/><G17/><N who="0" m="12527" /><D27/><U20/><E56/><V120/><F120/><W123/><G123/><T67/><D98/><U79/><E79/><V126/><F126/><W89/><G100/><T72/><D72/><U78/><E78/><V53/><F53/><W41/><G41/><T48/><D48/><U135/><E47/><V127/><F127/><W115/><G38/><T83/><D62/><U4/><E135/><V52/><F52/><W87/><G133/><T105/><D105/><AGARI ba="0,0" hai="4,10,14,15,19,20,84,90,95,96,102,105,112,114" machi="105" ten="30,1000,0" yaku="7,1" doraHai="117" who="1" fromWho="0" sc="205,-10,245,10,210,0,340,0" owari="195,-30.5,255,5.5,210,-19.0,340,44.0" /></mjloggm>