<mjloggm ver="2.3"><GO type="225" lobby="0"/><UN n0="%72%69%6F%75%63%68%61%6E" n1="%73%6C%69%63%6B%33%31%39" n2="%E7%99%BD%E6%97%A5%E9%9B%AA%E8%8F%9C" n3="%48%61%61%61%6C%61%6E%64" dan="16,16,16,18" rate="2161.61,2089.06,2168.75,2216.17" sx="M,M,M,M"/><TAIKYOKU oya="0"/><INIT seed="0,0,0,2,4,121" ten="250,250,250,250" oya="0" hai0="24,78,74,76,119,20,83,72,115,31,69,29,45" hai1="94,80,38,86,102,108,101,62,58,36,27,127,51" hai2="79,1,32,67,10,41,113,8,123,28,33,59,82" hai3="48,60,16,109,50,46,89,39,17,34,92,114,53"/><T5/><D115/><U40/><E127/><V122/><F113/><W91/><G114/><T110/><D110/><U126/><E126/><V0/><F41/><W47/><G39/><T15/><D119/><U129/><E129/><V124/><F124/><W95/><G34/><T6/><D69/><U52/><E108/><V104/><F104/><W64/><G109/><T68/><D68/><U103/><E27/><V61/><F122/><W4/><G4/><T49/><D29/><U2/><E2/><V133/><F133/><W97/><G60/><T22/><D76/><U116/><E116/><V84/><F123/><W132/><G64/><T19/><REACH who="0" step="1"/><D72/><REACH who="0" ten="240,250,250,250" step="2"/><U128/><E128/><V35/><F28/><W43/><REACH who="3" step="1"/><G132/><REACH who="3" ten="240,250,250,240" step="2"/><T105/><D105/><U111/><E111/><V23/><F35/><W120/><G120/><T63/><D63/><U135/><E135/><V125/><F125/><W37/><G37/><T44/><D44/><N who="1" m="25991" /><E36/><V93/><F33/><W88/><G88/><T56/><D56/><U117/><E38/><V21/><F32/><W99/><AGARI ba="0,2" hai="16,17,43,46,47,48,50,53,89,91,92,95,97,99" machi="99" ten="20,16000,3" yaku="1,1,0,1,7,1,9,1,8,1,54,1,53,2" doraHai="121" doraHaiUra="42" who="3" fromWho="3" sc="240,-80,250,-40,250,-40,240,180" /><INIT seed="1,0,0,1,0,12" ten="160,210,210,420" oya="1" hai0="63,125,79,107,85,56,29,33,132,65,61,81,53" hai1="120,84,115,27,32,51,19,96,6,10,37,113,99" hai2="64,9,92,39,30,59,121,45,130,0,50,74,43" hai3="97,55,3,131,82,15,58,46,75,70,86,35,87"/><U4/><E37/><V129/><F121/><W2/><G70/><T100/><D125/><U66/><E120/><V106/><F106/><W34/><G75/><T78/><D132/><U128/><E128/><N who="2" m="49259" /><F74/><W21/><G46/><T31/><D33/><U103/><E66/><V101/><F30/><W16/><G131/><T112/><D112/><U48/><E115/><V5/><F64/><W18/><G97/><T109/><D109/><U76/><E113/><V119/><F119/><W68/><G68/><T73/><D100/><U88/><E76/><V1/><F59/><W124/><G124/><T22/><D107/><U123/><E123/><V24/><F24/><W67/><G67/><T114/><D114/><U13/><E32/><V52/><F0/><W111/><G111/><T40/><D40/><U71/><E71/><V83/><F83/><W60/><G34/><T90/><D22/><N who="1" m="13791" /><E4/><V28/><F28/><W127/><G127/><T122/><D122/><U95/><E99/><N who="2" m="59623" /><F39/><W93/><G35/><T54/><D78/><U26/><E26/><V117/><F117/><W57/><G2/><T104/><D104/><U135/><E135/><V69/><F69/><W89/><G3/><T80/><D65/><U8/><E10/><V98/><F98/><W7/><G7/><T118/><D118/><U126/><E126/><V36/><F36/><W44/><G21/><T105/><D105/><U94/><AGARI ba="0,0" hai="6,8,13,48,51,84,88,94,95,96,103" m="13791" machi="94" ten="30,6000,0" yaku="8,1,52,1,54,1" doraHai="12" who="1" fromWho="1" sc="160,-20,210,60,210,-20,420,-20" /><INIT seed="1,1,0,0,4,106" ten="140,270,190,400" oya="1" hai0="28,20,71,111,33,123,115,56,37,48,110,88,19" hai1="97,75,132,44,98,69,4,118,39,70,134,113,82" hai2="119,67,18,77,64,78,23,14,10,89,91,46,80" hai3="131,95,104,60,90,133,130,129,5,135,58,36,100"/><U31/><E113/><V29/><F119/><W0/><G36/><T34/><D115/><U49/><E39/><V112/><F112/><W127/><G127/><T83/><D123/><U55/><E118/><V35/><F35/><W116/><G116/><T30/><D71/><N who="1" m="27147" /><E4/><V128/><F128/><W22/><G22/><T85/><D37/><U11/><E11/><V99/><F46/><W96/><G5/><T72/><D33/><U86/><E31/><V124/><F124/><W126/><G0/><T93/><D34/><U103/><E103/><V17/><F29/><W107/><G126/><T61/><D48/><U7/><E7/><V13/><F78/><W79/><G79/><N who="0" m="44519" /><D61/><U9/><E9/><V54/><F54/><N who="3" m="33879" /><G107/><T120/><D56/><U25/><E25/><V1/><F1/><W73/><G73/><T101/><D101/><U26/><E26/><V38/><F38/><W76/><G76/><T81/><D120/><U21/><E21/><V40/><F40/><W8/><G8/><T62/><D62/><U102/><E75/><V105/><F105/><W15/><G15/><N who="0" m="9343" /><D81/><U2/><E2/><V59/><F59/><W43/><G43/><T74/><D74/><U117/><E117/><V6/><F6/><W94/><G104/><T121/><D121/><U65/><E65/><N who="2" m="25163" /><F99/><AGARI ba="1,0" hai="90,94,95,96,99,100,129,130,131,133,135" m="33879" machi="99" ten="40,1300,0" yaku="19,1" doraHai="106" who="3" fromWho="2" sc="140,0,270,0,190,-16,400,16" /><INIT seed="2,0,0,4,0,79" ten="140,270,174,416" oya="2" hai0="114,33,2,98,31,100,115,69,51,112,24,14,48" hai1="59,18,21,134,7,75,57,8,28,6,92,60,78" hai2="20,117,97,72,125,122,38,55,96,118,5,41,89" hai3="58,25,56,47,46,64,43,13,53,121,87,102,135"/><V74/><F122/><W103/><G121/><T82/><D2/><U111/><E111/><V26/><F125/><W109/><G109/><T52/><D69/><U68/><E28/><V94/><F5/><W126/><G135/><T76/><D14/><U61/><E68/><V63/><F96/><W39/><G126/><T99/><D100/><U120/><E120/><V131/><F131/><W110/><G110/><T12/><D12/><U80/><E134/><V130/><F130/><W30/><G13/><T106/><D106/><U35/><E35/><V0/><F0/><W81/><G46/><T45/><REACH who="0" step="1"/><D48/><REACH who="0" ten="130,270,174,416" step="2"/><U128/><E128/><V37/><F118/><W4/><G102/><T113/><N who="0" m="28672" /><DORA hai="10" /><T36/><D36/><U133/><E133/><V70/><F117/><W34/><G103/><T3/><D3/><U132/><E132/><V11/><F37/><W16/><G39/><T73/><AGARI ba="0,1" hai="24,31,33,45,51,52,73,76,82,98,99" m="28672" machi="73" ten="60,8000,1" yaku="1,1,0,1,52,1,54,1,53,0" doraHai="79,10" doraHaiUra="88,66" who="0" fromWho="0" sc="130,90,270,-20,174,-40,416,-20" /><INIT seed="3,0,0,4,4,39" ten="220,250,134,396" oya="3" hai0="9,106,109,100,113,79,43,77,73,23,132,93,16" hai1="135,52,116,35,81,130,125,61,10,49,46,4,123" hai2="0,29,59,112,84,85,117,97,78,3,65,91,95" hai3="27,75,32,68,17,98,42,71,62,47,107,108,70"/><W72/><G108/><T133/><D109/><U118/><E123/><V102/><F112/><W11/><G62/><T8/><D113/><U26/><E130/><V63/><F117/><N who="1" m="45161" /><E135/><N who="0" m="51785" /><D106/><U131/><E131/><V121/><F121/><W18/><G18/><T94/><D73/><U80/><E125/><V105/><F29/><W53/><G53/><T28/><D28/><N who="1" m="19863" /><E61/><V54/><F65/><W111/><G47/><T7/><D43/><U134/><E134/><V87/><F3/><AGARI ba="0,0" hai="3,4,10,46,49,52,80,81" m="19863,45161" machi="3" ten="30,2000,0" yaku="12,1,54,1" doraHai="39" who="1" fromWho="2" sc="220,0,250,20,134,-20,396,0" owari="220,-18.0,270,7.0,114,-38.6,396,49.6" /></mjloggm>