<mjloggm ver="2.3"><GO type="225" lobby="0"/><UN n0="%E3%81%95%E3%81%8D%E3%81%9F%E3%81%BE%E6%9E%97%E6%AA%8E" n1="%74%61%6B%75%61%6B%61" n2="%E9%B3%B3%E6%9D%B1%E3%81%AE%E3%81%86%E3%81%95%E3%81%8E%E3%81%95%E3%82%93" n3="%33%74%72%65%65" dan="16,17,16,17" rate="2129.58,2209.23,2134.30,2227.19" sx="M,M,M,F"/><TAIKYOKU oya="0"/><INIT seed="0,0,0,4,4,21" ten="250,250,250,250" oya="0" hai0="112,59,122,106,72,56,22,71,37,54,63,4,18" hai1="67,123,75,33,60,29,27,47,73,34,38,79,92" hai2="19,7,109,28,46,11,96,70,69,120,93,119,58" hai3="82,127,113,15,126,116,86,64,125,62,91,76,57"/><T81/><D112/><U41/><E123/><V45/><F120/><W66/><G113/><T5/><D122/><U121/><E121/><V78/><F109/><W68/><G116/><T80/><D106/><U43/><E34/><V40/><F119/><W84/><G15/><T88/><D37/><U133/><E133/><V14/><F28/><W23/><G23/><T35/><D35/><U53/><E79/><V17/><F78/><W6/><G6/><T89/><D71/><U26/><E26/><V51/><F58/><W13/><G13/><T9/><D72/><U114/><E114/><V104/><F104/><W42/><G42/><T129/><D129/><U55/><E92/><V99/><F99/><W132/><G132/><T31/><D31/><U110/><E110/><V0/><F46/><W118/><G118/><T95/><D9/><U39/><E53/><V117/><F117/><W97/><G97/><N who="0" m="57575" /><D59/><U16/><E73/><V32/><F32/><W61/><REACH who="3" step="1"/><G91/><REACH who="3" ten="250,250,250,240" step="2"/><T65/><D89/><U77/><E33/><V74/><F96/><W94/><G94/><T83/><D65/><U124/><E67/><V128/><F93/><W20/><G20/><T115/><D115/><U25/><E41/><V2/><F40/><W135/><G135/><T103/><D103/><U49/><E43/><V44/><F11/><W100/><G100/><T87/><D87/><AGARI ba="0,1" hai="57,61,62,64,66,68,76,82,84,86,87,125,126,127" machi="87" ten="40,2600,0" yaku="1,1,18,1,53,0" doraHai="21" doraHaiUra="131" who="3" fromWho="0" sc="250,-26,250,0,250,0,240,36" /><INIT seed="1,0,0,4,3,20" ten="224,250,250,276" oya="1" hai0="58,125,42,5,22,124,96,34,35,55,86,119,3" hai1="45,25,122,87,118,50,49,57,70,11,104,63,30" hai2="31,111,113,21,17,24,23,79,109,53,115,128,110" hai3="9,54,16,66,108,116,131,64,81,60,88,93,36"/><U100/><E118/><V83/><F53/><W89/><G116/><T76/><D119/><U74/><E122/><V107/><F107/><W7/><G36/><T32/><D42/><U68/><E74/><V121/><F128/><W43/><G131/><T101/><D3/><U48/><E45/><V106/><F106/><W91/><G108/><T99/><D5/><U47/><E47/><V82/><F121/><W61/><G43/><T19/><D86/><U72/><E72/><V135/><F135/><W126/><G126/><T62/><D76/><U102/><E11/><V77/><F77/><W117/><G7/><T15/><REACH who="0" step="1"/><D101/><REACH who="0" ten="214,250,250,276" step="2"/><U84/><E100/><V85/><REACH who="2" step="1"/><F83/><REACH who="2" ten="214,250,240,276" step="2"/><W73/><G81/><T90/><D90/><U6/><E102/><V114/><F114/><W13/><G89/><T28/><D28/><U52/><E104/><V75/><F75/><W39/><G73/><T29/><D29/><U51/><N who="1" m="12288" /><DORA hai="14" /><U56/><E30/><V134/><F134/><W67/><G91/><T92/><D92/><U27/><E52/><V26/><AGARI ba="0,2" hai="17,21,23,24,26,31,79,82,85,109,110,111,113,115" machi="26" ten="40,12000,2" yaku="1,1,0,1,14,1,52,3,53,0" doraHai="20,14" doraHaiUra="33,97" who="2" fromWho="2" sc="214,-30,250,-60,240,140,276,-30" /><INIT seed="2,0,0,0,0,41" ten="184,190,380,246" oya="2" hai0="122,34,68,60,40,92,37,95,45,135,131,56,82" hai1="94,109,91,103,28,123,38,12,81,89,65,100,52" hai2="107,44,77,20,71,79,87,57,39,121,69,9,26" hai3="134,46,118,129,104,31,127,75,51,25,98,115,78"/><V29/><F121/><W53/><G118/><T7/><D122/><U30/><E123/><V119/><F119/><W116/><G116/><T105/><D105/><U61/><E109/><V19/><F107/><W106/><G134/><T88/><D68/><U101/><E38/><V62/><F71/><W49/><G129/><T16/><D34/><U23/><E81/><V120/><F69/><W55/><G127/><T74/><D7/><U73/><E73/><V10/><F120/><W133/><G133/><T66/><D135/><U6/><E89/><V97/><F97/><W33/><G115/><T11/><D131/><U70/><E6/><V85/><F39/><W3/><G3/><T15/><REACH who="0" step="1"/><D88/><REACH who="0" ten="174,190,380,246" step="2"/><U110/><E110/><V5/><F5/><W114/><G114/><T99/><D99/><U54/><E91/><V125/><F79/><AGARI ba="0,1" hai="11,15,16,37,40,45,56,60,66,74,79,82,92,95" machi="79" ten="40,5200,0" yaku="1,1,52,1,54,1,53,0" doraHai="41" doraHaiUra="17" who="0" fromWho="2" sc="174,62,190,0,380,-52,246,0" /><INIT seed="3,0,0,0,0,81" ten="236,190,328,246" oya="3" hai0="36,15,54,115,98,27,104,135,111,127,134,95,100" hai1="34,130,126,94,116,110,56,123,40,49,38,33,4" hai2="10,57,70,66,85,51,17,93,12,67,109,91,132" hai3="83,2,20,76,7,77,13,30,107,28,47,114,6"/><W31/><G114/><T92/><D111/><U26/><E123/><V121/><F70/><W58/><G107/><T128/><D128/><U97/><E110/><V101/><F109/><W82/><G2/><T24/><D127/><U37/><E126/><V80/><F132/><N who="0" m="50730" /><D115/><U84/><E116/><V63/><F51/><W62/><G47/><T61/><D36/><U29/><E130/><V129/><F121/><W41/><G41/><T119/><D119/><U32/><E4/><N who="3" m="1578" /><G13/><T105/><D15/><U21/><E97/><N who="2" m="59567" /><F129/><W71/><G20/><T103/><D95/><U8/><E8/><V0/><F0/><W52/><G71/><T112/><D112/><U86/><E94/><V22/><F22/><W99/><G99/><N who="0" m="59495" /><D105/><U73/><E73/><V88/><F67/><W42/><G42/><T60/><D60/><U64/><E64/><V59/><F57/><AGARI ba="0,0" hai="24,27,54,57,61,98,103,104" m="59495,50730" machi="57" ten="30,1000,0" yaku="20,1" doraHai="81" who="0" fromWho="2" sc="236,10,190,0,328,-10,246,0" owari="246,4.6,190,-31.0,318,41.8,246,-15.4" /></mjloggm>