<mjloggm ver="2.3"><GO type="225" lobby="0"/><UN n0="%74%61%6B%75%61%6B%61" n1="%6C%61%6D%62" n2="%E3%83%A9%E3%82%B9%E7%8E%87%EF%BC%93%E5%89%B2" n3="%77%72%77%72%77%72%77%72" dan="16,16,16,16" rate="2159.50,2143.51,2108.58,2105.25" sx="M,M,F,M"/><TAIKYOKU oya="0"/><INIT seed="0,0,0,0,4,6" ten="250,250,250,250" oya="0" hai0="96,1,100,58,9,66,40,74,64,3,111,18,82" hai1="98,89,109,44,14,43,103,42,81,126,77,101,47" hai2="56,80,38,19,93,61,110,46,51,85,57,88,123" hai3="112,13,35,125,90,87,76,25,53,52,60,20,23"/><T4/><D1/><U127/><E89/><V71/><F123/><W72/><G125/><N who="1" m="47626" /><E109/><V91/><F110/><W22/><G112/><T50/><D111/><U33/><E33/><V134/><F134/><W78/><G72/><T45/><D18/><U70/><E70/><V34/><F38/><W32/><G13/><T7/><D7/><U62/><E62/><V24/><F71/><W10/><G10/><T65/><D74/><N who="1" m="43191" /><E14/><V106/><F106/><W54/><G60/><T84/><D58/><U67/><E67/><V133/><F133/><W48/><G48/><T128/><D128/><U115/><E115/><V39/><F39/><W5/><G5/><T41/><D41/><N who="1" m="15371" /><E103/><V131/><F131/><W94/><REACH who="3" step="1"/><G25/><REACH who="3" ten="250,250,250,240" step="2"/><T0/><D0/><U104/><AGARI ba="0,1" hai="44,47,98,101,104" m="15371,43191,47626" machi="104" ten="30,1100,0" yaku="18,1" doraHai="6" who="1" fromWho="1" sc="250,-5,250,21,250,-3,240,-3" /><INIT seed="1,0,0,5,1,41" ten="245,271,247,237" oya="1" hai0="64,29,65,120,111,47,68,102,110,81,31,95,123" hai1="0,79,112,70,122,45,100,76,14,11,126,94,84" hai2="99,103,80,121,82,85,57,105,8,44,22,1,5" hai3="119,51,19,32,92,127,43,77,52,26,96,116,20"/><U3/><E112/><V12/><F121/><N who="0" m="46666" /><D81/><U113/><E113/><V49/><F57/><W117/><G127/><T38/><D95/><U83/><E122/><V35/><F35/><W88/><G77/><T86/><D86/><U30/><E70/><V56/><F56/><N who="3" m="32799" /><G43/><N who="0" m="23031" /><D102/><U50/><E30/><N who="0" m="11273" /><D68/><U118/><E126/><V60/><F60/><W125/><G125/><T59/><D59/><U67/><E79/><V107/><F107/><W48/><G48/><T109/><AGARI ba="0,0" hai="64,65,109,110,111" m="11273,23031,46666" machi="109" ten="40,5200,0" yaku="14,1,13,1,52,1" doraHai="41" who="0" fromWho="0" sc="245,52,271,-26,247,-13,237,-13" /><INIT seed="2,0,0,2,5,50" ten="297,245,234,224" oya="2" hai0="64,0,121,45,32,44,97,105,80,96,78,56,42" hai1="73,36,109,20,98,87,85,9,116,13,61,122,72" hai2="2,34,133,8,90,19,131,94,67,134,16,17,92" hai3="88,54,41,71,107,23,123,113,49,33,82,111,68"/><V51/><F34/><W125/><G33/><T86/><D121/><U84/><E116/><V3/><F67/><W28/><G123/><T119/><D32/><U30/><E122/><V106/><F106/><W66/><G107/><T75/><D119/><U7/><E36/><V58/><F131/><W26/><G111/><T115/><D115/><U114/><E114/><V124/><F124/><W31/><G113/><T15/><D0/><U129/><E109/><V24/><F24/><W29/><G125/><T37/><D75/><U117/><E117/><V65/><F92/><W101/><G101/><T60/><D105/><U76/><E129/><V46/><F58/><W108/><G108/><T104/><D104/><U100/><E76/><V57/><F57/><W4/><G4/><T70/><D44/><U27/><E61/><V59/><F59/><W11/><G11/><T5/><D5/><U14/><E14/><V102/><F102/><W6/><G6/><T112/><D112/><U135/><E135/><N who="2" m="51723" /><F8/><W127/><G41/><T43/><D43/><U39/><E100/><V55/><F65/><W110/><G110/><T95/><D95/><U40/><E30/><V91/><F91/><W89/><G127/><T21/><D56/><U10/><E10/><V93/><F93/><W103/><G103/><T118/><D118/><U74/><E27/><V77/><F77/><W69/><G66/><T22/><D22/><U120/><E120/><V79/><F79/><W1/><G1/><T47/><D47/><N who="1" m="23967" /><E20/><V63/><F63/><W132/><G132/><T18/><AGARI ba="0,0" hai="15,18,21,37,42,45,60,64,70,78,80,86,96,97" machi="18" ten="30,1100,0" yaku="0,1" doraHai="50" who="0" fromWho="0" sc="297,11,245,-3,234,-5,224,-3" /><INIT seed="3,0,0,2,1,79" ten="308,242,229,221" oya="3" hai0="11,72,101,46,93,34,61,63,76,132,12,69,113" hai1="131,108,19,99,47,53,40,119,50,90,8,32,4" hai2="23,31,22,117,96,129,62,39,59,74,104,112,5" hai3="20,38,55,42,70,135,89,86,94,41,106,88,107"/><W26/><G135/><T45/><D34/><U122/><E122/><V65/><F74/><W28/><G70/><T81/><D132/><U82/><E32/><V100/><F112/><W13/><G38/><T29/><D29/><U36/><E108/><V77/><F117/><W64/><G64/><T0/><D0/><U102/><E131/><V17/><F129/><W51/><G13/><T58/><D69/><U3/><E119/><V66/><F39/><W60/><G60/><T91/><D101/><U85/><E19/><V126/><F5/><W73/><G73/><T54/><D63/><U18/><E18/><V133/><F77/><W10/><G10/><T44/><D113/><U43/><REACH who="1" step="1"/><E36/><REACH who="1" ten="308,232,229,221" step="2"/><V21/><F133/><W75/><G75/><T14/><REACH who="0" step="1"/><D11/><REACH who="0" ten="298,232,229,221" step="2"/><U87/><E87/><AGARI ba="0,2" hai="12,14,44,45,46,54,58,61,72,76,81,87,91,93" machi="87" ten="40,5200,0" yaku="1,1,2,1,52,1,53,0" doraHai="79" doraHaiUra="127" who="0" fromWho="1" sc="298,72,232,-52,229,0,221,0" owari="370,47.0,180,-32.0,229,2.9,221,-17.9" /></mjloggm>