<mjloggm ver="2.3"><GO type="225" lobby="0"/><UN n0="%E3%81%82%E3%81%99%E3%81%AB%E3%82%83%E3%82%80" n1="%6D%61%6A%69%6B%75%7A%75" n2="%E3%83%AB%E3%83%9B%E3%83%B3%E3%83%87%E3%82%A3%E3%82%A8" n3="%E3%81%BF%E3%81%BF%E3%81%9A" dan="16,17,17,17" rate="2127.34,2228.26,2197.06,2310.76" sx="F,M,M,M"/><TAIKYOKU oya="0"/><INIT seed="0,0,0,0,5,106" ten="250,250,250,250" oya="0" hai0="83,54,102,131,29,40,77,65,24,118,38,62,126" hai1="16,133,17,1,15,41,10,33,21,116,109,122,36" hai2="130,129,66,93,69,120,112,37,30,88,115,48,58" hai3="82,79,104,86,107,132,14,50,85,20,43,9,63"/><T84/><D118/><U8/><E116/><V111/><F30/><W4/><G132/><T92/><D131/><N who="2" m="50186" /><F120/><W81/><G63/><T46/><D126/><U2/><E122/><V44/><F93/><W78/><REACH who="3" step="1"/><G20/><REACH who="3" ten="250,250,250,240" step="2"/><T123/><D123/><U100/><E133/><V53/><F115/><W73/><G73/><T39/><D54/><U59/><E33/><V99/><F53/><W7/><G7/><T75/><D75/><U51/><E109/><V26/><F112/><W76/><G76/><T67/><D62/><U56/><E21/><V42/><F66/><W64/><G64/><T80/><D67/><U134/><E134/><V90/><F111/><W74/><G74/><T113/><D65/><U6/><E6/><V127/><F69/><W87/><G87/><T45/><D113/><U121/><E121/><V101/><F127/><W68/><G68/><T49/><D84/><U25/><E41/><V91/><F42/><W96/><G96/><N who="0" m="59655" /><D77/><U97/><E97/><V110/><F99/><W70/><G70/><T47/><D39/><U3/><E36/><V13/><F37/><W95/><G95/><T57/><D38/><U28/><E51/><V19/><F48/><W35/><G35/><N who="0" m="20903" /><D40/><U103/><E103/><V72/><F101/><W105/><G105/><T61/><D49/><U124/><E100/><V119/><F110/><W94/><G94/><T55/><D80/><U125/><E125/><V98/><F98/><W71/><G71/><T60/><D83/><U22/><E124/><V114/><F119/><W27/><G27/><T18/><D61/><U34/><E34/><RYUUKYOKU ba="0,1" sc="250,10,250,10,250,-30,240,10" hai0="18,45,46,47,55,57,60" hai1="1,2,3,8,10,15,16,17,22,25,28,56,59" hai3="4,9,14,43,50,78,79,81,82,85,86,104,107" /><INIT seed="0,1,1,4,5,32" ten="260,260,220,250" oya="0" hai0="125,14,85,54,36,38,27,73,51,20,64,5,21" hai1="76,118,74,131,15,98,103,7,2,122,82,107,133" hai2="57,25,29,28,124,111,88,3,22,81,120,18,42" hai3="35,123,58,49,114,33,23,83,92,11,93,89,99"/><T79/><D73/><U129/><E118/><V1/><F42/><W59/><G114/><T100/><D125/><U8/><E122/><V69/><F69/><W91/><G123/><T37/><D64/><U97/><E133/><V43/><F120/><W26/><G83/><T68/><D68/><U48/><E48/><V46/><F124/><W126/><G126/><T135/><D135/><U65/><E65/><V84/><F111/><W66/><G11/><T87/><D100/><U77/><E77/><V44/><F44/><W119/><G119/><T34/><D79/><U109/><E109/><V105/><F105/><W78/><G78/><T55/><D34/><U19/><REACH who="1" step="1"/><E98/><REACH who="1" ten="260,250,220,250" step="2"/><V113/><F113/><W52/><G66/><T116/><D116/><U90/><E90/><V31/><REACH who="2" step="1"/><F57/><REACH who="2" ten="260,250,210,250" step="2"/><W108/><G108/><T121/><D121/><U40/><E40/><V104/><F104/><W12/><G59/><T117/><D117/><U63/><E63/><V13/><F13/><W24/><G12/><T4/><D14/><U130/><E130/><V17/><F17/><W9/><G58/><T45/><D36/><AGARI ba="1,3" hai="1,3,18,22,25,28,29,31,36,43,46,81,84,88" machi="36" ten="40,8000,1" yaku="1,1,52,2,54,1,53,0" doraHai="32" doraHaiUra="50" who="2" fromWho="0" sc="260,-83,250,0,210,113,250,0" /><INIT seed="1,0,0,5,2,18" ten="177,250,323,250" oya="1" hai0="118,45,124,51,87,24,77,16,95,112,68,108,21" hai1="7,31,62,121,57,93,94,72,74,44,111,65,59" hai2="61,0,123,14,1,135,120,115,84,113,32,90,128" hai3="42,12,88,46,15,102,66,89,4,129,114,110,3"/><U134/><E121/><N who="2" m="46667" /><F61/><W78/><G114/><N who="2" m="43529" /><F32/><W83/><G110/><T81/><D108/><U50/><E111/><V125/><F128/><W48/><G129/><T29/><D118/><U105/><E105/><V2/><F14/><W82/><G102/><T80/><D112/><U35/><E134/><V91/><F135/><W17/><G66/><T131/><D124/><U6/><E59/><V55/><F55/><W25/><G3/><T69/><D131/><U70/><E70/><V33/><F33/><W36/><G36/><T39/><D39/><U23/><E35/><V56/><F56/><W132/><G132/><T122/><D122/><U126/><E126/><V85/><F125/><W67/><G67/><T37/><D37/><U76/><E74/><V38/><F38/><W75/><G83/><T96/><D80/><U53/><E72/><V10/><F10/><W101/><G101/><T13/><D45/><U79/><E6/><V47/><F47/><W40/><G40/><T116/><D51/><U97/><E7/><V30/><F30/><W100/><G100/><T99/><D116/><U119/><E119/><V54/><F54/><W20/><REACH who="3" step="1"/><G15/><REACH who="3" ten="177,250,323,240" step="2"/><T71/><REACH who="0" step="1"/><D95/><REACH who="0" ten="167,250,323,240" step="2"/><U26/><E94/><N who="2" m="54599" /><F0/><W34/><G34/><AGARI ba="0,2" hai="13,16,21,24,29,34,68,69,71,77,81,87,96,99" machi="34" ten="40,5200,0" yaku="1,1,52,1,54,1,53,0" doraHai="18" doraHaiUra="63" who="0" fromWho="3" sc="167,72,250,0,323,0,240,-52" /><INIT seed="2,0,0,1,3,51" ten="239,250,323,188" oya="2" hai0="21,120,104,100,112,5,80,98,76,117,125,85,40" hai1="49,101,122,110,132,31,69,11,106,14,68,2,71" hai2="20,73,26,114,81,38,25,1,34,43,94,39,77" hai3="12,3,61,88,79,7,41,10,102,97,42,127,128"/><V121/><F26/><W78/><G127/><T134/><D112/><U13/><E110/><V33/><F94/><W124/><G124/><T48/><D120/><U15/><E122/><V129/><F39/><W82/><G128/><T18/><D125/><U89/><E132/><V72/><F72/><W32/><G32/><T63/><D134/><U84/><E31/><V8/><F114/><W52/><G3/><T116/><D5/><U19/><E2/><V16/><F129/><W66/><G66/><T90/><D63/><U109/><E109/><V65/><F65/><W126/><G126/><T22/><D76/><N who="3" m="29225" /><G102/><T135/><D135/><U27/><E27/><V36/><F36/><W107/><G107/><T29/><D29/><U9/><E101/><V45/><F121/><W60/><G60/><T17/><D40/><U30/><E30/><V131/><F131/><W59/><G97/><T58/><D48/><U57/><E106/><V55/><F55/><W75/><G75/><T133/><D133/><U118/><E118/><N who="0" m="45673" /><D58/><U74/><E74/><V123/><F123/><W56/><G59/><T99/><D98/><U105/><E105/><V53/><F53/><W108/><G108/><T0/><D0/><U70/><N who="1" m="17408" /><DORA hai="95" /><U91/><E84/><AGARI ba="0,0" hai="7,10,12,41,42,52,56,61,82,84,88" m="29225" machi="84" ten="30,7700,0" yaku="8,1,52,1,54,2" doraHai="51,95" who="3" fromWho="1" sc="239,0,250,-77,323,0,188,77" /><INIT seed="3,0,0,2,0,9" ten="239,173,323,265" oya="3" hai0="135,66,71,100,117,102,80,55,13,28,27,131,20" hai1="8,61,34,101,26,0,70,24,108,46,52,53,72" hai2="63,121,15,125,90,118,23,123,44,124,105,7,111" hai3="109,129,12,17,36,84,85,60,104,4,19,110,134"/><W35/><G36/><T31/><D117/><U75/><E108/><N who="3" m="41578" /><G134/><T82/><D131/><U41/><E101/><N who="0" m="39017" /><D71/><U29/><E24/><V98/><F118/><W62/><G129/><T6/><D66/><U76/><E70/><V33/><F111/><W37/><G37/><T116/><D135/><U25/><E25/><V107/><F33/><W73/><G73/><T115/><D115/><U112/><E112/><V21/><F105/><W126/><G126/><T1/><D1/><U2/><E2/><V103/><F90/><W95/><G104/><T83/><D116/><U128/><E128/><V18/><F23/><N who="3" m="11687" /><G4/><T130/><D130/><U5/><E61/><N who="3" m="23658" /><G35/><T94/><D94/><U32/><E32/><V92/><F7/><W65/><G65/><T48/><D31/><U49/><E76/><V50/><F63/><W99/><G19/><T40/><D40/><U58/><REACH who="1" step="1"/><E53/><REACH who="1" ten="239,163,323,265" step="2"/><N who="2" m="29895" /><F107/><W56/><G56/><T38/><D28/><U106/><E106/><V22/><F124/><W97/><G97/><T30/><D30/><U120/><E120/><V96/><F125/><W42/><G42/><T93/><D27/><U119/><E119/><V10/><F98/><W133/><G133/><T79/><D79/><U132/><E132/><V39/><F39/><W68/><G68/><T91/><D38/><U54/><E54/><V67/><F67/><W47/><G47/><T78/><D78/><U45/><E45/><V113/><F113/><W122/><G122/><T89/><D55/><U88/><E88/><AGARI ba="0,1" hai="84,85,88,95,99" m="23658,11687,41578" machi="88" ten="30,11600,0" yaku="14,1,10,1,52,1,54,1" doraHai="9" who="3" fromWho="1" sc="239,0,163,-116,323,0,265,126" owari="239,-16.1,47,-45.3,323,12.3,391,49.1" /></mjloggm>