<mjloggm ver="2.3"><GO type="225" lobby="0"/><UN n0="%E5%8D%A0%E3%81%84%E5%B8%AB%E8%A3%8F%E3%81%AA%E3%81%84%E3%81%97" n1="%6D%75%75%6D%75%72%61" n2="%E3%82%BC%E3%83%AB%E3%83%80%E3%81%AE%E4%BC%9D%E8%AA%AC" n3="%E8%B6%85%E7%B4%9A%E9%B3%B3%E5%87%B0" dan="16,16,17,16" rate="2128.53,2108.18,2141.02,2163.33" sx="M,F,M,M"/><TAIKYOKU oya="0"/><INIT seed="0,0,0,1,3,79" ten="250,250,250,250" oya="0" hai0="55,67,106,6,5,0,62,129,53,58,128,74,89" hai1="97,48,131,21,104,86,51,117,103,20,126,98,22" hai2="38,45,35,92,11,64,30,41,36,76,3,112,66" hai3="93,120,16,87,75,10,40,83,77,95,57,130,1"/><T116/><D116/><U84/><E117/><V31/><F112/><W68/><G68/><T71/><D106/><U99/><E131/><N who="0" m="50249" /><D0/><U122/><E122/><V73/><F38/><W37/><G130/><T90/><D53/><U119/><E119/><V13/><F92/><W113/><G113/><T107/><D107/><U118/><E118/><V105/><F105/><W27/><G120/><T91/><D74/><U9/><E126/><V85/><F85/><N who="1" m="32873" /><E104/><V132/><F132/><W54/><G87/><T102/><D102/><U49/><E103/><V109/><F109/><W43/><G27/><T82/><D82/><U47/><E9/><V50/><F3/><W125/><G125/><T56/><D71/><U135/><E135/><V114/><F114/><W33/><G33/><T65/><D65/><U70/><E70/><V59/><F35/><W23/><G77/><T44/><D44/><AGARI ba="0,0" hai="20,21,22,44,47,48,49,51,97,98,99" m="32873" machi="44" ten="40,8000,1" yaku="29,2,28,2,8,1" doraHai="79" who="1" fromWho="0" sc="250,-80,250,80,250,0,250,0" /><INIT seed="1,0,0,3,0,33" ten="170,330,250,250" oya="1" hai0="11,69,34,117,84,134,13,105,109,94,20,73,112" hai1="7,125,59,93,85,115,63,57,22,51,9,65,16" hai2="21,35,29,98,43,86,132,37,42,81,127,124,1" hai3="92,32,44,120,100,130,96,71,25,18,104,31,103"/><U97/><E125/><N who="2" m="48203" /><F132/><W72/><G120/><T27/><D112/><U106/><E115/><V55/><F35/><W15/><G72/><T10/><D73/><U47/><E106/><V36/><F55/><W41/><G71/><T74/><D74/><U78/><E78/><V6/><F98/><W111/><G111/><T91/><D117/><U39/><E85/><V110/><F110/><W66/><G66/><T54/><D109/><U24/><E39/><N who="2" m="14923" /><F29/><W79/><G79/><T123/><D123/><U107/><E107/><V114/><F21/><W0/><G0/><T77/><D69/><U133/><E133/><V129/><F129/><W17/><G130/><T28/><D134/><U60/><E60/><V3/><F114/><W99/><REACH who="3" step="1"/><G15/><REACH who="3" ten="170,330,250,240" step="2"/><T126/><D126/><U119/><E65/><V118/><F118/><W128/><G128/><T2/><D77/><U89/><E119/><V46/><F6/><W113/><G113/><T45/><D105/><U40/><E63/><V64/><F64/><W70/><G70/><T83/><D2/><AGARI ba="0,1" hai="2,7,9,16,22,24,40,47,51,57,59,89,93,97" machi="2" ten="30,5800,0" yaku="7,1,52,1,54,1" doraHai="33" who="1" fromWho="0" sc="170,-58,330,68,250,0,240,0" /><INIT seed="1,1,0,5,2,26" ten="112,398,250,240" oya="1" hai0="28,94,105,115,49,59,5,130,88,100,109,57,25" hai1="122,70,118,44,81,29,58,83,11,101,97,17,16" hai2="27,80,91,37,108,2,72,78,76,125,113,30,23" hai3="116,124,123,51,43,20,90,117,9,10,93,92,112"/><U66/><E70/><V55/><F108/><W69/><G123/><T22/><D115/><U95/><E122/><V63/><F113/><W120/><G120/><T50/><D109/><U128/><E128/><V8/><F125/><W0/><G112/><T41/><D130/><U127/><E127/><V74/><F37/><W99/><G124/><T38/><D38/><U24/><E118/><N who="3" m="45674" /><G69/><T54/><D5/><U131/><E131/><V64/><F55/><W14/><G0/><T53/><D41/><U52/><E44/><V104/><F104/><W75/><G75/><T135/><D135/><U19/><E11/><V40/><F40/><W7/><G93/><T56/><D105/><U18/><N who="1" m="4096" /><DORA hai="33" /><U46/><E46/><V13/><F13/><W133/><G133/><T96/><REACH who="0" step="1"/><D100/><REACH who="0" ten="102,398,250,240" step="2"/><U86/><E101/><V102/><F102/><W84/><G7/><T103/><D103/><U110/><E110/><V35/><F8/><W126/><G126/><T48/><AGARI ba="1,1" hai="22,25,28,48,49,50,53,54,56,57,59,88,94,96" machi="48" ten="30,12000,2" yaku="1,1,0,1,8,1,52,1,54,1,53,1" doraHai="26,33" doraHaiUra="89,82" who="0" fromWho="0" sc="102,133,398,-61,250,-31,240,-31" /><INIT seed="2,0,0,3,0,94" ten="235,337,219,209" oya="2" hai0="23,92,52,63,105,107,5,127,20,18,60,38,126" hai1="106,83,97,2,130,41,102,134,109,6,39,11,53" hai2="90,116,78,22,103,51,4,79,33,48,129,118,82" hai3="74,54,31,108,3,120,101,99,25,114,49,62,8"/><V125/><F33/><W1/><G120/><T47/><D5/><U66/><E109/><V113/><F113/><W88/><G74/><T50/><D38/><U57/><E130/><V91/><F4/><W85/><G108/><T46/><D92/><U131/><E131/><V73/><F129/><W19/><G114/><T133/><D133/><U81/><E134/><V95/><F22/><W65/><G19/><T35/><D35/><U70/><E70/><V58/><F58/><W0/><G8/><T110/><D110/><U45/><E66/><V61/><F61/><AGARI ba="0,0" hai="2,6,11,39,41,45,53,57,61,81,83,97,102,106" machi="61" ten="30,2000,0" yaku="7,1,52,1" doraHai="94" who="1" fromWho="2" sc="235,0,337,20,219,-20,209,0" /><INIT seed="3,0,0,3,1,105" ten="235,357,199,209" oya="3" hai0="125,18,89,34,55,1,52,53,77,84,26,81,62" hai1="30,42,46,75,130,108,35,93,76,68,83,122,33" hai2="126,11,88,86,2,94,74,114,70,13,8,31,124" hai3="80,61,58,119,28,36,71,98,64,4,110,118,134"/><W0/><G36/><T69/><D1/><U97/><E122/><V104/><F114/><W107/><G134/><T96/><D125/><N who="2" m="48234" /><F104/><W7/><G110/><T132/><D132/><U14/><E130/><V3/><F70/><W99/><G28/><T54/><D34/><U128/><E30/><V10/><F74/><W21/><G80/><T17/><D26/><U103/><E68/><V78/><F78/><W24/><G71/><T66/><D54/><U50/><E128/><V56/><F31/><W117/><G0/><N who="2" m="41" /><F56/><W101/><REACH who="3" step="1"/><G98/><REACH who="3" ten="235,357,199,199" step="2"/><T49/><D96/><U127/><E127/><V65/><F65/><W116/><N who="3" m="29696" /><DORA hai="131" /><W67/><G67/><T72/><D69/><U120/><E108/><V111/><F111/><W133/><G133/><T112/><D66/><U57/><E120/><V100/><F100/><W59/><G59/><T95/><D112/><U92/><E57/><V115/><F115/><W48/><G48/><T39/><D49/><U123/><E83/><V60/><F60/><W29/><AGARI ba="0,1" hai="4,7,21,24,29,58,61,64,99,101,107" m="29696" machi="29" ten="60,6000,0" yaku="1,1,0,1,53,0" doraHai="105,131" doraHaiUra="47,87" who="3" fromWho="3" sc="235,-20,357,-20,199,-20,199,70" /><INIT seed="3,1,0,2,2,68" ten="215,337,179,269" oya="3" hai0="72,63,74,51,76,67,126,132,85,117,25,108,111" hai1="91,16,102,47,0,14,80,71,38,81,41,58,92" hai2="84,17,65,28,96,30,26,83,12,82,123,134,93" hai3="69,59,55,89,39,115,116,122,13,124,43,94,49"/><W18/><G115/><T45/><D117/><U106/><E71/><V50/><F134/><W57/><G116/><T6/><D132/><U10/><E106/><V99/><F123/><W127/><G122/><T53/><D126/><N who="3" m="48169" /><G69/><N who="0" m="42239" /><D6/><U23/><E102/><V135/><F135/><W133/><G133/><T48/><D25/><U109/><E109/><N who="0" m="42057" /><D48/><U107/><E107/><V73/><F73/><W101/><G101/><T7/><D7/><U44/><E0/><V131/><F131/><W8/><G57/><T121/><D121/><U88/><E91/><V36/><F36/><W54/><G54/><T66/><D66/><U34/><E34/><V40/><F50/><W75/><G75/><T125/><D125/><U37/><E58/><V32/><F65/><W5/><G5/><T20/><D20/><U110/><E23/><V56/><F40/><W104/><G104/><T19/><D19/><U128/><E110/><V114/><F56/><W11/><G11/><T79/><D79/><U4/><E128/><V118/><F118/><W64/><G64/><T90/><D76/><U60/><E4/><V62/><F62/><W98/><G43/><T61/><D61/><U130/><E60/><V9/><F114/><W3/><G3/><T97/><D97/><N who="1" m="57479" /><E130/><V52/><F52/><W95/><G55/><T103/><D103/><U2/><E2/><V119/><F119/><W70/><G70/><T113/><D113/><U129/><E129/><V87/><F30/><W100/><G100/><T77/><D77/><U15/><E15/><V42/><F42/><W21/><G13/><T31/><D31/><RYUUKYOKU ba="1,0" sc="215,15,337,15,179,-15,269,-15" hai0="45,51,53,72,74,85,90" hai1="10,14,16,37,38,41,44,47,80,81" owari="230,-17.0,352,45.2,164,-33.6,254,5.4" /></mjloggm>