<mjloggm ver="2.3"><GO type="225" lobby="0"/><UN n0="%E3%81%B5%E3%81%98%E3%81%8B%E3%81%A4" n1="%47%68%6F%73%74%55%30" n2="%E3%82%B9%E3%83%9E%E3%83%9B%E3%81%82%E3%81%96%E3%82%89%E3%81%97" n3="%E6%B8%A9%E2%98%85%E6%83%85%E2%98%85%E6%8E%AA%E2%98%85%E7%BD%AE" dan="16,17,16,18" rate="2168.11,2166.17,2090.63,2244.86" sx="M,M,M,M"/><TAIKYOKU oya="0"/><INIT seed="0,0,0,3,0,107" ten="250,250,250,250" oya="0" hai0="60,74,44,63,91,24,47,53,114,87,19,127,65" hai1="112,73,85,52,21,119,59,69,121,8,16,97,29" hai2="92,106,84,55,103,26,115,13,0,5,32,67,102" hai3="134,62,33,50,76,17,34,99,80,100,132,22,72"/><T110/><D114/><U39/><E119/><V104/><F115/><W111/><G111/><T131/><D131/><U54/><E112/><V109/><F109/><W105/><G50/><T27/><D110/><U95/><E69/><V82/><F67/><W113/><G62/><T25/><D127/><U78/><E121/><V89/><F0/><W128/><G128/><T11/><D74/><U56/><E39/><V81/><F55/><N who="1" m="21033" /><E73/><V123/><F13/><W135/><REACH who="3" step="1"/><G113/><REACH who="3" ten="250,250,250,240" step="2"/><T133/><D133/><U83/><E56/><V15/><F123/><W20/><G20/><T122/><D122/><U18/><E59/><V12/><F32/><W88/><G88/><T116/><D116/><U101/><E8/><V75/><F89/><W96/><G96/><T98/><D98/><U30/><E18/><V37/><F37/><W117/><G117/><T118/><D118/><U79/><E79/><V7/><F102/><W120/><G120/><T77/><D77/><U43/><E43/><V126/><F103/><W64/><G64/><T58/><D65/><U129/><E129/><V86/><F126/><W49/><G49/><T4/><D63/><U93/><E101/><V51/><F51/><W1/><G1/><T70/><D19/><U28/><E97/><V61/><F61/><W40/><G40/><T130/><D130/><U6/><E6/><V90/><F5/><W23/><G23/><T14/><REACH who="0" step="1"/><D70/><REACH who="0" ten="240,250,250,240" step="2"/><U31/><N who="1" m="7168" /><DORA hai="3" /><U38/><E38/><V48/><F48/><W42/><G42/><T10/><D10/><U2/><E2/><V108/><F108/><W41/><G41/><RYUUKYOKU ba="0,2" sc="240,10,250,10,250,-30,240,10" hai0="4,11,14,24,25,27,44,47,53,58,60,87,91" hai1="16,21,78,83,85,93,95" hai3="17,22,33,34,72,76,80,99,100,105,132,134,135" /><INIT seed="0,1,2,4,2,112" ten="250,260,220,250" oya="0" hai0="108,63,17,104,128,1,83,51,97,41,34,109,53" hai1="130,22,2,118,124,60,101,73,32,31,11,52,65" hai2="46,68,48,76,6,40,75,110,4,18,133,107,28" hai3="115,125,93,86,98,12,131,85,126,129,94,88,42"/><T56/><D128/><N who="3" m="49225" /><G42/><T95/><D1/><U10/><E130/><V135/><F107/><W127/><G115/><T123/><D123/><U57/><E73/><V119/><F68/><W81/><G12/><T36/><D34/><U38/><E38/><V0/><F110/><N who="0" m="42602" /><D83/><U117/><E32/><V15/><F28/><W29/><G29/><T66/><D104/><U113/><E101/><V100/><F100/><N who="3" m="60495" /><G127/><T89/><D17/><U49/><E124/><V90/><F90/><AGARI ba="1,2" hai="81,85,86,88,90,94,125,126" m="60495,49225" machi="90" ten="30,7700,0" yaku="19,1,34,2,54,1" doraHai="112" who="3" fromWho="2" sc="250,0,260,0,220,-80,250,100" /><INIT seed="1,0,0,1,4,94" ten="250,260,140,350" oya="1" hai0="122,18,6,121,93,32,129,12,126,15,1,67,60" hai1="135,8,83,0,48,40,29,95,92,49,44,19,90" hai2="5,76,78,112,91,20,47,66,30,87,34,63,115" hai3="9,82,58,54,36,132,50,111,70,28,119,26,59"/><U107/><E135/><V56/><F34/><W102/><G132/><T22/><D32/><U25/><E107/><V81/><F5/><W84/><G70/><T2/><D126/><U120/><E120/><N who="0" m="46185" /><D129/><U74/><E48/><V105/><F105/><W127/><G36/><T57/><D93/><U108/><E108/><V101/><F101/><W37/><G37/><T52/><D67/><U7/><E19/><V116/><F116/><W109/><G9/><AGARI ba="0,0" hai="1,2,6,9,12,15,18,22,52,57,60" m="46185" machi="9" ten="30,2000,0" yaku="13,1,54,1" doraHai="94" who="0" fromWho="3" sc="250,20,260,0,140,0,350,-20" /><INIT seed="2,0,0,1,3,103" ten="270,260,140,330" oya="2" hai0="95,35,132,73,124,97,44,106,100,65,36,119,69" hai1="50,13,113,130,47,127,39,48,93,22,66,10,7" hai2="25,9,53,52,59,115,72,32,5,85,110,57,1" hai3="84,6,104,121,55,92,19,41,27,49,118,91,131"/><V12/><F72/><W61/><G118/><T81/><D119/><U116/><E113/><V133/><F115/><W17/><G121/><T42/><D124/><U122/><E116/><V80/><F133/><W102/><G131/><T3/><D132/><U15/><E122/><V77/><F110/><W109/><G109/><T51/><D95/><U4/><E127/><V16/><F57/><W88/><G6/><T94/><D94/><U40/><E130/><V75/><F75/><W74/><G74/><T129/><D51/><U96/><E66/><V8/><REACH who="2" step="1"/><F59/><REACH who="2" ten="270,260,130,330" step="2"/><N who="3" m="33263" /><G61/><N who="0" m="40111" /><D129/><U67/><E67/><V134/><F134/><W117/><G117/><T58/><D58/><U112/><E112/><V11/><F11/><W62/><G62/><T126/><D126/><U89/><E22/><V24/><F24/><W60/><G27/><T0/><D35/><U29/><E29/><AGARI ba="0,1" hai="1,5,8,9,12,16,25,29,32,52,53,77,80,85" machi="29" ten="40,7700,0" yaku="1,1,54,2,53,0" doraHai="103" doraHaiUra="56" who="2" fromWho="1" sc="270,0,260,-77,130,87,330,0" /><INIT seed="2,1,0,3,0,79" ten="270,183,217,330" oya="2" hai0="125,51,114,88,103,38,43,3,119,32,132,71,92" hai1="95,64,16,116,45,126,128,1,87,113,94,62,118" hai2="25,23,76,81,91,99,86,68,31,112,63,13,6" hai3="28,73,2,106,133,30,105,74,40,52,66,72,44"/><V58/><F68/><W39/><G133/><T110/><RYUUKYOKU type="yao9" ba="1,0" sc="270,0,183,0,217,0,330,0" hai0="3,32,38,43,51,71,88,92,103,110,114,119,125,132" /><INIT seed="2,2,0,4,3,80" ten="270,183,217,330" oya="2" hai0="65,23,25,14,68,85,127,24,70,95,78,66,22" hai1="50,36,77,115,83,130,92,104,122,110,113,131,98" hai2="128,10,44,11,2,29,55,86,12,0,69,67,39" hai3="117,43,96,33,27,9,100,53,47,37,16,88,40"/><V111/><F128/><N who="1" m="49193" /><E36/><V74/><F74/><W15/><G117/><T51/><D127/><U62/><E50/><V56/><F29/><W42/><G53/><T34/><D34/><U19/><E62/><V3/><F111/><W133/><G133/><T135/><D135/><U109/><E104/><V5/><F69/><W114/><G114/><N who="1" m="43530" /><E122/><V108/><F108/><N who="1" m="41577" /><E19/><V132/><F132/><W1/><G16/><N who="0" m="10519" /><D68/><U120/><E120/><V21/><F21/><W93/><G37/><T32/><D23/><U18/><E18/><V7/><F67/><W4/><G40/><T76/><D70/><U94/><E98/><V106/><F106/><W35/><G96/><T59/><D51/><U45/><E45/><V17/><F44/><W107/><G43/><T13/><D59/><U52/><E52/><V57/><F39/><W112/><G42/><T30/><D66/><U126/><E126/><V129/><F129/><W31/><G107/><T72/><D65/><U41/><E41/><V64/><F64/><W75/><G47/><T28/><D72/><AGARI ba="2,0" hai="72,77,83,92,94" m="41577,43530,49193" machi="72" ten="40,8000,1" yaku="19,1,14,1,34,2" doraHai="80" who="1" fromWho="0" sc="270,-86,183,86,217,0,330,0" /><INIT seed="3,0,0,0,5,3" ten="184,269,217,330" oya="3" hai0="64,134,80,104,88,72,28,71,32,53,56,79,5" hai1="46,49,36,121,85,54,42,119,23,4,120,103,89" hai2="135,27,128,21,83,62,67,58,6,102,52,109,2" hai3="76,105,18,26,100,57,123,87,129,68,30,110,113"/><W8/><G68/><T93/><D104/><U70/><E103/><V7/><F2/><W24/><G123/><T122/><D122/><U107/><E107/><V131/><F102/><W91/><G76/><T98/><D134/><U38/><E38/><V96/><F96/><W94/><G113/><T39/><D39/><U40/><E40/><V81/><F109/><W92/><G105/><T33/><D5/><N who="2" m="1546" /><F135/><W44/><G57/><T37/><D37/><U75/><E70/><V34/><F34/><W25/><G44/><T99/><D99/><U9/><E75/><V130/><F67/><W116/><G30/><AGARI ba="0,0" hai="21,27,30,52,58,62,81,83,128,130,131" m="1546" machi="30" ten="30,8000,1" yaku="19,1,52,3,54,1" doraHai="3" who="2" fromWho="3" sc="184,0,269,0,217,80,330,-80" /><INIT seed="4,0,0,4,5,78" ten="184,269,297,250" oya="0" hai0="16,116,29,51,57,125,44,60,102,32,75,118,119" hai1="124,130,111,67,133,84,10,41,127,31,8,135,63" hai2="71,69,122,132,99,134,93,101,95,37,11,105,123" hai3="80,17,81,58,0,104,86,87,36,92,23,106,66"/><T1/><D125/><N who="1" m="48203" /><E111/><V65/><F11/><N who="1" m="4137" /><E41/><V62/><F37/><W53/><G36/><T12/><D1/><U34/><E84/><N who="3" m="32298" /><G0/><T107/><D75/><U9/><N who="1" m="4145" /><U82/><DORA hai="26" /><E82/><N who="3" m="31850" /><G106/><T30/><D32/><U64/><E130/><V77/><F77/><W40/><G104/><T7/><D7/><U25/><E64/><V98/><F69/><AGARI ba="0,0" hai="25,31,34,63,67,69,133,135" m="4145,48203" machi="69" ten="40,2600,0" yaku="18,1,52,1" doraHai="78,26" who="1" fromWho="2" sc="184,0,269,26,297,-26,250,0" /><INIT seed="5,0,0,2,3,46" ten="184,295,271,250" oya="1" hai0="69,129,78,110,124,18,54,34,126,58,62,26,132" hai1="2,5,102,107,95,4,120,20,106,63,28,100,111" hai2="27,127,30,128,33,25,108,72,116,57,11,48,133" hai3="52,113,13,64,6,24,49,15,67,92,31,115,79"/><U65/><E120/><V125/><F116/><W114/><G79/><T10/><D110/><U101/><E2/><V17/><F72/><W3/><G3/><T12/><D78/><U7/><E111/><V81/><F108/><W47/><G92/><T97/><D132/><U131/><E131/><V70/><F81/><W43/><G43/><T41/><D129/><U112/><E112/><N who="3" m="28674" /><W83/><DORA hai="37" /><G83/><T45/><D97/><U117/><E117/><V71/><F70/><W118/><G118/><T77/><D77/><U66/><E95/><V19/><F71/><W29/><G29/><T32/><D69/><U89/><E89/><V56/><F128/><W36/><G36/><T14/><D14/><N who="3" m="5129" /><G6/><T9/><D9/><U86/><E106/><V135/><F11/><W0/><G0/><T85/><D85/><U134/><E86/><V50/><F30/><W123/><G123/><T44/><D44/><U105/><E134/><V59/><F59/><W122/><G122/><T21/><D34/><AGARI ba="0,0" hai="17,19,25,27,33,34,48,50,56,57,125,127,133,135" machi="34" ten="25,6400,0" yaku="22,2,52,2" doraHai="46,37" who="2" fromWho="0" sc="184,-64,295,0,271,64,250,0" /><AGARI ba="0,0" hai="24,31,34,47,49,52,64,67" m="5129,28674" machi="34" ten="40,5200,0" yaku="15,1,52,1,54,1" doraHai="46,37" who="3" fromWho="0" sc="120,-52,295,0,335,0,250,52" owari="68,-43.2,295,-10.5,335,43.5,302,10.2" /></mjloggm>