<mjloggm ver="2.3"><GO type="225" lobby="0"/><UN n0="%E3%81%AF%E3%82%88%E3%81%8A%E3%81%98%E3%81%95%E3%82%93" n1="%74%61%6B%65%2D%79%6F%75" n2="%6D%75%75%6D%75%72%61" n3="%43%68%65" dan="16,17,17,16" rate="2138.27,2182.55,2176.57,2123.30" sx="M,M,F,M"/><TAIKYOKU oya="0"/><INIT seed="0,0,0,4,2,93" ten="250,250,250,250" oya="0" hai0="77,28,31,79,38,65,111,47,118,105,108,75,98" hai1="89,14,115,74,4,34,11,82,29,72,25,96,0" hai2="32,36,30,84,104,12,8,90,106,76,53,131,60" hai3="130,91,116,1,37,132,17,122,78,58,85,94,68"/><T51/><D38/><U99/><E115/><V63/><F36/><W41/><G68/><T27/><D118/><U73/><REACH who="1" step="1"/><E0/><REACH who="1" ten="250,240,250,250" step="2"/><V126/><F126/><W80/><G1/><T26/><D108/><U16/><E16/><V3/><F3/><W103/><G17/><T107/><D111/><U109/><E109/><V56/><F131/><W125/><G130/><T57/><D31/><U52/><E52/><V18/><F30/><W128/><G128/><T50/><D28/><U42/><E42/><V70/><F32/><W54/><G41/><T24/><D65/><U114/><E114/><V48/><F18/><W129/><G54/><T35/><D35/><U33/><E33/><V6/><F53/><W124/><G129/><T44/><D75/><U62/><E62/><V100/><F60/><W2/><G2/><T87/><D27/><U127/><E127/><V101/><F63/><W13/><G125/><T64/><D64/><U134/><E134/><V83/><F6/><W86/><G132/><T7/><D7/><U117/><E117/><V119/><F119/><W10/><G116/><T135/><D135/><U133/><E133/><V92/><F12/><W102/><G124/><T22/><D26/><U19/><E19/><V49/><F49/><W67/><G37/><T61/><D24/><U110/><E110/><V9/><F48/><W123/><G13/><T95/><D61/><U45/><E45/><V55/><F55/><W88/><G67/><T21/><D51/><U120/><E120/><V43/><F43/><W20/><G123/><T5/><D50/><U59/><E59/><RYUUKYOKU ba="0,1" sc="250,-10,240,30,250,-10,250,-10" hai1="4,11,14,25,29,34,72,73,74,82,89,96,99" /><INIT seed="1,1,1,3,1,106" ten="240,270,240,240" oya="1" hai0="38,20,24,124,90,37,122,65,74,14,49,0,103" hai1="117,36,29,51,132,61,133,129,41,70,76,8,81" hai2="135,71,85,68,112,52,25,7,58,78,99,84,108" hai3="2,27,94,118,75,92,107,57,28,131,44,95,113"/><U26/><E117/><V39/><F108/><W5/><G113/><T6/><D0/><U47/><E129/><V66/><F112/><W98/><G131/><T82/><D103/><U45/><E8/><V89/><F39/><W87/><G118/><T111/><D65/><U91/><E91/><V83/><F135/><N who="1" m="51785" /><E61/><V60/><F99/><W110/><G98/><T55/><D111/><U97/><E97/><V34/><F7/><W72/><G5/><T64/><D64/><U3/><E3/><V46/><F46/><W77/><G44/><T17/><D124/><U10/><E10/><V128/><F128/><W1/><G1/><T96/><D122/><U116/><E70/><V23/><F34/><W123/><G2/><T18/><D6/><U15/><E15/><V119/><F119/><W40/><G123/><T80/><D90/><U104/><E104/><V19/><REACH who="2" step="1"/><F66/><REACH who="2" ten="240,270,230,240" step="2"/><W109/><G109/><T127/><D96/><U130/><E116/><V35/><F35/><W102/><G110/><T33/><D33/><N who="1" m="20663" /><E130/><V21/><F21/><W11/><G11/><T114/><D114/><U53/><E47/><V120/><F120/><W126/><G107/><T62/><D20/><U32/><E32/><V48/><F48/><W31/><G102/><T22/><D49/><U115/><E115/><V86/><F86/><W101/><G87/><T30/><D38/><U134/><E134/><V73/><F73/><W42/><G101/><T93/><D37/><U100/><E100/><V69/><F69/><W63/><G75/><T12/><D74/><N who="1" m="43159" /><E36/><V105/><F105/><W13/><G72/><RYUUKYOKU ba="1,2" sc="240,-15,270,15,230,15,240,-15" hai1="41,45,51,53" hai2="19,23,25,52,58,60,68,71,78,83,84,85,89" /><INIT seed="1,2,2,0,2,87" ten="225,285,245,225" oya="1" hai0="35,36,41,91,113,3,15,100,10,34,33,132,88" hai1="120,79,4,57,24,98,130,42,62,16,135,63,123" hai2="49,67,110,80,95,127,101,28,38,124,20,29,0" hai3="60,96,94,93,117,7,107,12,17,6,70,45,102"/><U116/><E116/><V8/><F38/><W40/><G117/><T37/><D113/><U32/><E130/><V104/><F104/><W129/><G129/><T74/><D74/><U66/><E135/><V21/><F110/><W112/><G112/><T119/><D119/><U56/><E4/><V22/><F67/><W13/><G107/><T19/><D132/><U105/><E42/><V53/><F80/><W134/><G13/><T55/><D100/><U14/><E79/><V86/><F8/><W81/><G81/><T133/><D133/><U65/><E105/><V47/><F0/><W59/><G93/><T44/><D37/><U50/><E50/><V39/><F39/><W111/><G70/><T64/><D64/><U114/><E114/><V125/><F101/><W23/><G111/><T89/><D55/><U48/><E48/><V27/><F29/><W126/><G126/><T76/><D76/><U92/><E32/><V68/><F68/><W75/><G75/><T46/><D44/><U77/><E24/><V31/><F27/><W11/><G11/><T26/><REACH who="0" step="1"/><D3/><REACH who="0" ten="215,285,245,225" step="2"/><U128/><E77/><V82/><F125/><W90/><G102/><T30/><AGARI ba="2,3" hai="10,15,19,26,30,33,34,35,36,41,46,88,89,91" machi="30" ten="30,12000,2" yaku="1,1,2,1,0,1,52,3,54,1,53,0" doraHai="87" doraHaiUra="131" who="0" fromWho="0" sc="215,156,285,-62,245,-32,225,-32" /><INIT seed="2,0,0,2,4,19" ten="371,223,213,193" oya="2" hai0="84,67,75,25,117,77,21,17,32,76,119,130,92" hai1="110,131,111,70,62,95,34,123,44,1,42,114,16" hai2="59,74,135,116,90,3,50,57,64,71,98,113,38" hai3="40,115,27,134,36,86,124,122,0,78,81,89,99"/><V12/><F113/><W41/><G122/><T8/><D130/><U23/><E114/><V121/><F3/><W65/><G115/><T101/><D75/><U4/><E34/><V7/><F38/><W129/><G0/><T80/><D32/><U28/><E28/><V60/><F121/><W51/><G36/><T20/><D67/><U105/><E105/><V61/><F74/><W46/><G129/><T112/><D112/><U133/><E131/><V35/><F35/><W29/><G124/><T18/><D8/><U127/><E123/><V96/><F116/><N who="0" m="44618" /><D92/><U24/><E95/><V125/><F125/><W68/><G134/><T108/><D101/><U30/><E133/><V14/><F135/><W26/><G65/><T48/><D48/><U55/><E127/><V128/><F128/><W63/><G63/><T56/><D56/><U94/><E62/><V58/><F61/><W53/><G68/><T5/><D5/><U66/><E4/><V79/><F50/><W69/><G69/><T82/><D108/><U13/><E70/><V100/><F100/><W93/><REACH who="3" step="1"/><G27/><REACH who="3" ten="371,223,213,183" step="2"/><N who="0" m="14735" /><D82/><U31/><E66/><V54/><F71/><W83/><G83/><T49/><D49/><U15/><E110/><V6/><F64/><W132/><G132/><T88/><AGARI ba="0,1" hai="18,21,25,76,77,80,84,88" m="14735,44618" machi="88" ten="30,7900,0" yaku="12,1,52,2,54,1" doraHai="19" who="0" fromWho="0" sc="371,89,223,-20,213,-39,183,-20" /><INIT seed="3,0,0,5,5,93" ten="460,203,174,163" oya="3" hai0="117,37,98,56,65,113,17,13,110,46,133,25,33" hai1="4,132,26,70,36,34,122,23,126,115,22,30,21" hai2="60,28,42,16,135,92,61,9,74,52,35,88,90" hai3="97,94,77,57,55,105,59,63,116,73,119,104,48"/><W128/><G128/><T76/><D76/><U101/><E122/><V53/><F74/><W69/><G69/><T6/><D6/><U8/><E115/><V51/><F35/><W38/><G38/><T0/><D0/><U130/><E130/><V114/><F114/><W81/><G119/><T106/><D110/><U83/><E132/><V54/><F135/><W72/><G72/><T107/><D98/><U32/><E126/><V120/><F28/><W79/><G79/><T121/><D121/><U84/><E36/><V44/><F120/><W85/><G73/><T87/><D87/><U49/><E70/><V20/><F9/><W31/><G31/><BYE who="3" /><T112/><D117/><U134/><E134/><V7/><F7/><W78/><G78/><T12/><D12/><U99/><E32/><V24/><F90/><W108/><G108/><T75/><D75/><U91/><E49/><V64/><F64/><W43/><G43/><T11/><D133/><U129/><E129/><V1/><F1/><W66/><G66/><T124/><D124/><UN n3="%43%68%65" /><U86/><E86/><AGARI ba="0,0" hai="16,20,24,42,44,51,52,53,54,60,61,86,88,92" machi="86" ten="40,8000,1" yaku="8,1,54,3" doraHai="93" who="2" fromWho="1" sc="460,0,203,-80,174,80,163,0" owari="460,56.0,123,-37.7,254,5.4,163,-23.7" /></mjloggm>