<mjloggm ver="2.3"><GO type="225" lobby="0"/><UN n0="%73%69%72%6F%75%74" n1="%E3%81%B2%E3%81%AA%E3%81%AE%E3%82%8A%E3%81%8F" n2="%E3%81%9F%E3%81%8C%E3%82%84%E3%81%99" n3="%E9%81%85%E5%88%BB%E3%81%AE%E3%83%97%E3%83%AA%E3%83%B3%E3%82%B9%E2%99%AA" dan="16,17,16,16" rate="2107.70,2186.93,2146.81,2151.27" sx="M,M,M,F"/><TAIKYOKU oya="0"/><INIT seed="0,0,0,4,0,114" ten="250,250,250,250" oya="0" hai0="42,88,106,73,45,47,0,11,117,37,89,75,44" hai1="10,76,48,32,14,29,40,8,38,135,63,82,25" hai2="131,81,108,2,90,116,94,103,115,26,21,70,92" hai3="125,65,72,22,130,134,129,113,133,58,121,5,9"/><T93/><D106/><U18/><E135/><N who="3" m="51722" /><G72/><T74/><D117/><U85/><E38/><V71/><F2/><N who="3" m="183" /><G113/><T112/><D112/><U127/><E127/><V87/><F115/><W34/><G34/><T83/><D83/><U52/><E63/><V110/><F131/><N who="3" m="50187" /><G121/><T51/><D37/><U56/><REACH who="1" step="1"/><E40/><REACH who="1" ten="250,240,250,250" step="2"/><V1/><F1/><W41/><G41/><T78/><D42/><U62/><E62/><V64/><F64/><W132/><G132/><T99/><D0/><U107/><E107/><V104/><F104/><W31/><G125/><T91/><D51/><U84/><E84/><V17/><F116/><W61/><G31/><T124/><D124/><U27/><E27/><V55/><F55/><W30/><G30/><T126/><D126/><U67/><E67/><V19/><F71/><W46/><G46/><T13/><REACH who="0" step="1"/><D78/><REACH who="0" ten="240,240,250,250" step="2"/><U123/><E123/><V36/><F36/><W111/><G111/><T6/><AGARI ba="0,2" hai="6,11,13,44,45,47,73,74,75,88,89,91,93,99" machi="6" ten="40,12000,1" yaku="1,1,2,1,0,1,54,1,53,0" doraHai="114" doraHaiUra="66" who="0" fromWho="0" sc="240,140,240,-40,250,-40,250,-40" /><INIT seed="0,1,0,3,0,106" ten="380,200,210,210" oya="0" hai0="46,118,23,122,35,112,55,18,51,117,113,126,28" hai1="83,27,69,63,9,31,90,58,89,85,127,22,123" hai2="75,132,78,30,79,66,84,49,119,61,65,36,76" hai3="15,120,70,41,52,32,82,131,0,108,43,47,14"/><T25/><D122/><U98/><E123/><V13/><F36/><W38/><G120/><T133/><D133/><U68/><E127/><V88/><F132/><W54/><G0/><T121/><D121/><U44/><E44/><V8/><F119/><W109/><G32/><T92/><D126/><U29/><E29/><V86/><F30/><W7/><G70/><T115/><D18/><U59/><E59/><V130/><F130/><W81/><G131/><T11/><D11/><U42/><E42/><V116/><F116/><W40/><G38/><T129/><D129/><U99/><E9/><V93/><F49/><W1/><G1/><T128/><D128/><U105/><E90/><V114/><F114/><W6/><G41/><T17/><REACH who="0" step="1"/><D92/><REACH who="0" ten="370,200,210,210" step="2"/><U57/><E105/><V53/><F8/><W97/><G7/><T72/><D72/><U12/><E31/><V56/><F75/><W21/><G6/><T45/><D45/><U101/><E69/><V111/><F111/><W73/><G73/><T107/><D107/><U77/><E68/><V33/><F33/><W48/><G47/><T24/><AGARI ba="1,1" hai="17,23,24,25,28,35,46,51,55,112,113,115,117,118" machi="24" ten="40,3900,0" yaku="1,1,0,1,53,0" doraHai="106" doraHaiUra="2" who="0" fromWho="0" sc="370,52,200,-14,210,-14,210,-14" /><INIT seed="0,2,0,3,2,69" ten="422,186,196,196" oya="0" hai0="29,61,46,95,68,10,5,89,7,64,48,99,75" hai1="90,124,20,62,13,98,86,57,51,41,16,84,118" hai2="42,101,27,130,54,117,26,107,120,0,4,25,109" hai3="53,115,14,72,123,63,100,44,132,32,17,58,34"/><T110/><D75/><U33/><E118/><V9/><F101/><W77/><G115/><T23/><D110/><U55/><E33/><V116/><F107/><W76/><G132/><T31/><D23/><U88/><E124/><V37/><F120/><W103/><G123/><T28/><REACH who="0" step="1"/><D10/><REACH who="0" ten="412,186,196,196" step="2"/><U15/><E15/><V80/><F109/><W49/><G72/><T60/><D60/><U38/><E38/><V52/><F130/><W56/><G34/><T21/><D21/><U119/><E119/><N who="2" m="45643" /><F80/><W121/><G32/><T74/><D74/><U67/><E41/><AGARI ba="2,1" hai="5,7,28,29,31,41,46,48,61,64,68,89,95,99" machi="41" ten="40,2000,0" yaku="1,1,53,0" doraHai="69" doraHaiUra="114" who="0" fromWho="1" sc="412,36,186,-26,196,0,196,0" /><INIT seed="0,3,0,5,4,65" ten="448,160,196,196" oya="0" hai0="97,85,15,110,52,86,50,124,33,30,133,3,80" hai1="54,76,42,32,121,81,130,68,39,113,18,125,37" hai2="122,11,53,28,31,12,134,9,34,75,96,2,40" hai3="119,58,59,107,89,19,7,123,70,104,118,94,57"/><T60/><D3/><U93/><E121/><V84/><F75/><W55/><G123/><T131/><D131/><U38/><E130/><V135/><F122/><W14/><G7/><T99/><D133/><N who="2" m="50698" /><F40/><W91/><G70/><T6/><D124/><U61/><E125/><V10/><F84/><W77/><G77/><T41/><D110/><U87/><E32/><V116/><F53/><W126/><G126/><T114/><D114/><U117/><E117/><V26/><F96/><W90/><G94/><T112/><D112/><U4/><E113/><V88/><F88/><W127/><G127/><T109/><D109/><U79/><E79/><V73/><F73/><W98/><G55/><T51/><D30/><U83/><E83/><V27/><F2/><W20/><REACH who="3" step="1"/><G98/><REACH who="3" ten="448,160,196,186" step="2"/><T78/><D99/><U44/><E93/><V69/><F69/><W49/><G49/><T62/><D97/><U8/><E68/><V102/><F102/><W120/><G120/><T100/><D100/><U1/><REACH who="1" step="1"/><E18/><REACH who="1" ten="448,150,196,186" step="2"/><N who="2" m="8463" /><F116/><AGARI ba="3,2" hai="14,19,20,57,58,59,89,90,91,104,107,116,118,119" machi="116" ten="50,1600,0" yaku="1,1,53,0" doraHai="65" doraHaiUra="36" who="3" fromWho="2" sc="448,0,150,0,196,-25,186,45" /><INIT seed="1,0,0,5,5,24" ten="448,150,171,231" oya="1" hai0="106,128,26,101,73,60,110,12,66,80,65,113,84" hai1="7,118,72,55,102,8,133,56,83,19,3,5,79" hai2="129,96,100,115,107,33,67,38,121,52,27,126,0" hai3="64,35,91,44,43,82,77,112,58,131,50,25,48"/><U11/><E133/><V120/><F38/><W1/><G1/><T18/><D113/><U70/><E118/><V103/><F0/><W37/><G112/><T76/><D110/><U6/><E70/><V87/><F115/><W74/><G131/><T93/><D128/><U125/><E125/><V78/><F129/><W99/><G64/><T57/><D65/><U49/><REACH who="1" step="1"/><E102/><REACH who="1" ten="448,140,171,231" step="2"/><V63/><F103/><W45/><G37/><T81/><D101/><U108/><E108/><V40/><F126/><W30/><G58/><T39/><D57/><U127/><E127/><V98/><F100/><W109/><G109/><T9/><D39/><U13/><AGARI ba="0,1" hai="3,5,6,7,8,11,13,19,49,55,56,72,79,83" machi="13" ten="30,3000,0" yaku="1,1,0,1,53,0" doraHai="24" doraHaiUra="92" who="1" fromWho="1" sc="448,-10,140,40,171,-10,231,-10" /><INIT seed="1,1,0,1,5,46" ten="438,180,161,221" oya="1" hai0="1,75,100,40,54,122,61,9,135,4,10,123,58" hai1="29,112,73,132,28,43,77,109,26,68,98,85,51" hai2="41,107,37,59,111,48,83,94,8,22,105,129,115" hai3="113,127,95,20,11,79,27,126,64,97,120,65,52"/><U102/><E112/><V110/><F37/><W81/><G113/><T36/><D75/><U30/><E73/><V35/><F35/><W121/><G11/><T44/><D135/><U21/><E68/><V7/><F115/><W50/><G65/><T103/><D9/><U53/><E43/><V89/><F83/><W25/><G64/><T128/><D128/><U82/><E109/><N who="2" m="41483" /><F22/><W99/><G120/><AGARI ba="1,0" hai="1,4,10,36,40,44,54,58,61,100,103,120,122,123" machi="120" ten="40,1300,0" yaku="13,1" doraHai="46" who="0" fromWho="3" sc="438,16,180,0,161,0,221,-16" /><INIT seed="2,0,0,5,1,14" ten="454,180,161,205" oya="2" hai0="3,62,82,131,39,123,125,18,80,83,87,106,7" hai1="126,17,98,68,91,21,61,109,36,75,31,73,65" hai2="24,107,28,47,129,127,70,40,37,11,128,64,44" hai3="119,88,46,15,29,81,114,124,45,135,122,12,99"/><V112/><F107/><W130/><G119/><T78/><D106/><U51/><E36/><V105/><F112/><W97/><G122/><T76/><D123/><U63/><E109/><V113/><F113/><W57/><G114/><T23/><D39/><U1/><E1/><V59/><F105/><W94/><G29/><T8/><D125/><U67/><E126/><V16/><F70/><W13/><G124/><T120/><D120/><U104/><E31/><V121/><F121/><W132/><G130/><N who="2" m="50281" /><F127/><W20/><G81/><T49/><D131/><U79/><E79/><V100/><F100/><W134/><G57/><T32/><D32/><U103/><E51/><V133/><F133/><W102/><REACH who="3" step="1"/><G20/><REACH who="3" ten="454,180,161,195" step="2"/><T89/><D78/><U54/><E54/><V92/><F92/><AGARI ba="0,1" hai="12,13,15,45,46,88,92,94,97,99,102,132,134,135" machi="92" ten="50,8000,1" yaku="1,1,2,1,20,1,54,1,53,0" doraHai="14" doraHaiUra="30" who="3" fromWho="2" sc="454,0,180,0,161,-80,195,90" /><INIT seed="3,0,0,3,2,11" ten="454,180,81,285" oya="3" hai0="34,51,74,24,45,1,59,54,0,40,95,30,19" hai1="27,21,119,135,107,102,101,116,130,105,41,134,73" hai2="14,66,125,60,98,82,65,39,22,23,133,48,58" hai3="75,106,71,49,32,94,31,111,6,43,126,78,33"/><W9/><G106/><N who="1" m="40458" /><E73/><V115/><F39/><W13/><G71/><T35/><D74/><U4/><E4/><V118/><F118/><N who="1" m="45097" /><E41/><V97/><F115/><W36/><G126/><T26/><D95/><U25/><E130/><V89/><F125/><W87/><G111/><T80/><D80/><U121/><E121/><V50/><F133/><N who="1" m="50697" /><E27/><V70/><F70/><W90/><G36/><T96/><D96/><U17/><AGARI ba="0,0" hai="17,21,25,101,102" m="50697,45097,40458" machi="17" ten="40,2700,0" yaku="12,1,20,1" doraHai="11" who="1" fromWho="1" sc="454,-7,180,27,81,-7,285,-13" owari="447,54.7,207,-19.3,74,-42.6,272,7.2" /></mjloggm>