<mjloggm ver="2.3"><GO type="225" lobby="0"/><UN n0="%E3%81%93%E3%81%8F%E3%82%89%E3%82%AB%E3%83%90%E8%94%B5" n1="%E6%A1%9C%E8%8A%B1%E9%96%83%E3%80%85" n2="%73%69%72%6F%75%74" n3="%E3%83%A9%E3%83%B3%E3%83%8A%E3%83%BC%E3%83%A9%E3%83%B3%E3%83%8A%E3%83%BC" dan="17,18,16,17" rate="2143.58,2244.52,2139.75,2183.77" sx="M,M,M,M"/><TAIKYOKU oya="0"/><INIT seed="0,0,0,2,3,60" ten="250,250,250,250" oya="0" hai0="104,16,6,68,7,98,32,76,70,99,72,10,69" hai1="103,54,133,110,90,27,1,118,24,58,132,95,26" hai2="22,62,15,9,63,117,29,123,121,14,91,20,47" hai3="23,42,51,53,84,122,2,105,56,87,19,41,34"/><T115/><D115/><U102/><E118/><V5/><F117/><W80/><G105/><T43/><D32/><U67/><E1/><V89/><F47/><W65/><G122/><T77/><D43/><U21/><E110/><V13/><F13/><W25/><G34/><T79/><D72/><U119/><E119/><V31/><REACH who="2" step="1"/><F9/><REACH who="2" ten="250,250,240,250" step="2"/><W93/><G2/><T11/><D104/><U116/><E116/><V130/><F130/><W61/><G93/><T50/><D10/><U45/><E45/><V78/><F78/><W3/><G3/><T17/><D11/><U128/><E128/><V12/><F12/><W44/><REACH who="3" step="1"/><G87/><REACH who="3" ten="250,250,240,240" step="2"/><T86/><D86/><U100/><E95/><V35/><F35/><W40/><G40/><T39/><D39/><U33/><E33/><V74/><F74/><W88/><AGARI ba="0,2" hai="19,23,25,41,42,44,51,53,56,61,65,80,84,88" machi="88" ten="20,12000,2" yaku="1,1,0,1,7,1,8,1,52,1,54,1,53,1" doraHai="60" doraHaiUra="48" who="3" fromWho="3" sc="250,-60,250,-30,240,-30,240,140" /><INIT seed="1,0,0,0,3,44" ten="190,220,210,380" oya="1" hai0="8,108,109,31,33,68,11,15,55,115,85,94,43" hai1="51,124,73,22,58,130,61,26,129,40,59,3,75" hai2="56,107,93,102,86,46,78,60,92,49,69,105,41" hai3="64,53,29,114,45,9,66,89,12,63,65,132,98"/><U47/><E3/><V104/><F69/><W6/><G132/><T27/><D68/><U100/><E100/><V42/><F42/><W127/><G114/><T57/><D43/><U21/><E124/><V87/><F78/><W123/><G127/><T62/><D115/><U125/><E125/><V99/><REACH who="2" step="1"/><F92/><REACH who="2" ten="190,220,200,380" step="2"/><N who="3" m="56591" /><G123/><T13/><D94/><U39/><E39/><V88/><F88/><W131/><G131/><N who="1" m="50186" /><E59/><V50/><F50/><W133/><G133/><T80/><D108/><U10/><E10/><V97/><F97/><W90/><G90/><T111/><D8/><U113/><E113/><V96/><F96/><W54/><G54/><AGARI ba="0,1" hai="41,46,49,54,56,60,86,87,93,99,102,104,105,107" machi="54" ten="40,2600,0" yaku="1,1,52,1,53,0" doraHai="44" doraHaiUra="18" who="2" fromWho="3" sc="190,0,220,0,200,36,380,-26" /><INIT seed="2,0,0,2,3,56" ten="190,220,236,354" oya="2" hai0="18,113,4,76,121,124,73,31,135,111,62,64,49" hai1="70,50,130,0,96,40,22,16,87,59,1,112,79" hai2="107,133,57,33,90,125,44,115,86,63,134,43,35" hai3="69,119,51,129,75,78,128,66,46,83,34,114,28"/><V97/><F115/><W94/><G119/><T30/><D113/><U82/><E112/><V67/><F125/><W15/><G114/><T80/><D121/><U21/><E70/><V85/><F97/><W54/><G15/><T95/><D124/><U100/><E130/><N who="3" m="50282" /><G28/><T38/><D38/><U48/><E22/><V25/><F107/><W122/><G34/><T65/><D111/><U127/><E127/><V9/><F9/><W53/><G94/><T61/><D135/><N who="2" m="51722" /><F25/><W102/><G102/><T32/><D4/><U68/><E68/><V6/><F6/><W17/><G122/><T123/><D123/><U27/><E50/><N who="2" m="26911" /><F86/><W101/><G101/><T92/><D32/><U110/><E110/><V99/><F99/><W109/><G109/><T29/><D18/><U91/><E100/><V47/><F47/><W26/><G83/><AGARI ba="0,0" hai="33,35,57,63,67,83,85,90" m="26911,51722" machi="83" ten="30,2900,0" yaku="20,1,52,1" doraHai="56" who="2" fromWho="3" sc="190,0,220,0,236,29,354,-29" /><INIT seed="2,1,0,5,4,37" ten="190,220,265,325" oya="2" hai0="9,23,55,61,43,118,33,92,31,106,72,54,131" hai1="2,103,98,6,5,58,35,65,115,82,135,47,112" hai2="93,100,132,71,129,116,17,41,87,83,126,48,20" hai3="76,7,15,91,57,40,107,128,70,10,68,62,29"/><V81/><F71/><W1/><G107/><T64/><D106/><U133/><E35/><V99/><F126/><W109/><G109/><T45/><D33/><U69/><E58/><V0/><F0/><W26/><G128/><T12/><D72/><U22/><E22/><V44/><F132/><N who="1" m="50761" /><E82/><V124/><F124/><W90/><G76/><T78/><D78/><U28/><E28/><V74/><F129/><W119/><G40/><T75/><D75/><U104/><E47/><V101/><F116/><W114/><G1/><T24/><D131/><U80/><E80/><V46/><F74/><W84/><G114/><N who="1" m="43562" /><E2/><V85/><F46/><W102/><G102/><T34/><D34/><U59/><E69/><V18/><F20/><W125/><G125/><T56/><D118/><U32/><E32/><V89/><F101/><W53/><G119/><T134/><D134/><U49/><E65/><V50/><F48/><W66/><G66/><T108/><D108/><U42/><E42/><V117/><F117/><W94/><G91/><AGARI ba="1,0" hai="17,18,41,44,50,81,83,85,87,89,91,93,99,100" machi="91" ten="30,11600,0" yaku="7,1,9,1,8,1,52,1" doraHai="37" who="2" fromWho="3" sc="190,0,220,0,265,119,325,-119" /><INIT seed="2,2,0,4,2,24" ten="190,220,384,206" oya="2" hai0="47,116,26,124,106,40,86,131,84,109,65,115,97" hai1="67,92,112,103,8,18,10,41,49,95,108,96,125" hai2="62,128,25,56,89,61,29,69,16,104,28,7,87" hai3="27,37,1,30,100,31,82,35,2,48,15,66,117"/><V6/><F104/><W4/><G37/><T68/><D115/><U79/><E112/><V21/><F69/><W39/><G66/><T110/><D131/><U126/><E108/><N who="0" m="41577" /><D124/><N who="1" m="47723" /><E67/><N who="2" m="39335" /><F62/><W83/><G39/><N who="0" m="21919" /><D116/><U75/><E18/><V72/><F72/><W55/><G100/><N who="0" m="62735" /><D68/><U70/><E70/><V99/><F99/><W130/><G130/><T90/><D65/><U114/><E114/><V54/><F54/><W105/><G117/><T81/><D84/><U74/><E74/><V120/><F120/><W135/><G105/><T13/><D26/><U9/><E75/><V53/><F53/><W23/><G135/><T134/><D13/><U14/><E79/><V85/><F85/><W5/><G2/><T46/><D46/><N who="1" m="25807" /><E95/><N who="2" m="54719" /><F128/><W64/><G1/><T20/><D134/><U78/><E78/><V101/><F101/><W12/><G64/><T94/><D94/><U123/><E123/><V122/><F122/><W22/><G35/><T73/><D73/><U102/><E102/><V119/><F119/><W91/><G91/><T38/><D38/><U32/><E32/><V98/><F98/><W51/><G27/><T58/><D58/><U63/><E63/><V11/><F11/><W129/><G129/><T88/><D90/><U118/><E118/><V0/><F0/><W50/><G50/><T52/><D20/><U44/><E44/><V19/><F19/><W59/><G59/><T127/><D127/><U45/><E45/><V132/><F132/><W57/><G57/><T71/><D71/><U60/><E60/><V34/><F34/><W111/><G111/><T43/><D43/><RYUUKYOKU ba="2,0" sc="190,0,220,0,384,0,206,0" hai0="52,81,86,88" hai1="8,9,10,14,92,96,103" hai2="6,7,16,21,25,28,29" hai3="4,5,12,15,22,23,30,31,48,51,55,82,83" /><INIT seed="2,3,0,4,3,1" ten="190,220,384,206" oya="2" hai0="96,93,46,91,59,40,18,47,9,19,17,130,134" hai1="2,81,36,76,41,48,52,102,27,82,29,131,3" hai2="20,63,117,110,85,122,129,126,70,50,105,51,113" hai3="78,10,73,8,74,123,56,26,87,95,0,34,125"/><V89/><F105/><W88/><G123/><T77/><D130/><U94/><E131/><V99/><F122/><W116/><G116/><T80/><D134/><U67/><E67/><V109/><F129/><W108/><G108/><N who="2" m="41577" /><F99/><W32/><G125/><T83/><D9/><U53/><E53/><V7/><F113/><W60/><G34/><T79/><D59/><U24/><E82/><N who="0" m="31273" /><D40/><U65/><E65/><V69/><F20/><W43/><G78/><AGARI ba="3,0" hai="17,18,19,46,47,77,78,79,91,93,96" m="31273" machi="78" ten="30,1000,0" yaku="8,1" doraHai="1" who="0" fromWho="3" sc="190,19,220,0,384,0,206,-19" /><INIT seed="3,0,0,2,0,54" ten="209,220,384,187" oya="3" hai0="129,49,97,126,117,98,108,122,44,130,59,63,29" hai1="105,102,119,46,71,95,52,67,42,31,17,57,58" hai2="50,39,20,21,41,48,100,61,40,62,70,72,22" hai3="23,27,24,16,25,1,92,69,26,83,94,109,64"/><W135/><G1/><T131/><D117/><U9/><E105/><V65/><F100/><W28/><G135/><T18/><D122/><U37/><E119/><V87/><F87/><W125/><G125/><T38/><D126/><U120/><E120/><V127/><F72/><W134/><G134/><T4/><D38/><U113/><E113/><V5/><F5/><W55/><G83/><T11/><D18/><U10/><E31/><V78/><F78/><W84/><G109/><T68/><D68/><U123/><E123/><V132/><F132/><W43/><G43/><N who="0" m="24735" /><D29/><U30/><E30/><V14/><F127/><W2/><G2/><N who="0" m="407" /><D108/><U51/><E58/><V85/><F85/><W76/><G64/><AGARI ba="0,0" hai="59,63,64,97,98,129,130,131" m="407,24735" machi="64" ten="30,2000,0" yaku="19,1,52,1" doraHai="54" who="0" fromWho="3" sc="209,20,220,0,384,0,187,-20" owari="229,2.9,220,-18.0,384,48.4,167,-33.3" /></mjloggm>