<mjloggm ver="2.3"><GO type="225" lobby="0"/><UN n0="%E8%B6%85%E7%B4%9A%E9%B3%B3%E5%87%B0" n1="%E3%83%A9%E3%83%BC%E3%83%A1%E3%83%B3%E4%BA%94%E9%83%8E" n2="%E6%81%A5%E6%99%92%E3%81%97" n3="%E3%83%81%E3%83%AF%E3%83%AF%E9%9A%8A%E9%95%B7" dan="16,16,16,16" rate="2093.22,2138.92,2182.38,2104.23" sx="F,M,M,M"/><TAIKYOKU oya="0"/><INIT seed="0,0,0,0,4,43" ten="250,250,250,250" oya="0" hai0="120,12,117,61,56,30,110,115,24,52,103,49,57" hai1="97,67,58,0,98,5,74,53,71,42,109,78,28" hai2="11,91,21,13,62,79,93,45,55,69,16,51,131" hai3="114,50,32,134,95,129,105,18,64,90,101,85,108"/><T81/><D115/><U10/><E109/><V132/><F131/><W36/><G114/><T1/><D117/><U6/><E28/><V41/><F132/><W2/><G36/><T121/><D1/><U31/><E31/><V77/><F69/><W3/><G32/><T70/><D110/><U59/><E71/><V38/><F62/><W133/><G108/><T20/><D70/><U123/><E123/><V107/><F107/><W86/><G129/><T89/><D103/><U19/><E6/><V25/><F41/><W111/><G111/><T82/><D12/><U47/><E19/><V127/><F127/><W126/><G126/><T63/><D49/><U60/><E59/><V34/><F38/><W39/><G39/><T17/><D30/><U4/><E4/><N who="2" m="3303" /><F34/><W135/><G64/><T96/><D82/><N who="1" m="45399" /><E67/><V33/><F33/><W128/><G128/><T76/><D76/><U116/><E116/><V83/><F83/><W7/><G7/><T65/><D81/><U54/><E54/><V68/><F68/><W48/><G2/><T106/><D106/><U14/><E14/><V37/><F37/><AGARI ba="0,0" hai="0,5,10,37,42,47,53,58,60,97,98" m="45399" machi="37" ten="30,2000,0" yaku="25,1,52,1" doraHai="43" who="1" fromWho="2" sc="250,0,250,20,250,-20,250,0" /><INIT seed="1,0,0,4,4,12" ten="250,270,230,250" oya="1" hai0="79,124,40,67,7,123,97,117,85,22,36,18,20" hai1="122,26,135,118,48,0,11,44,4,50,96,59,95" hai2="108,109,77,34,103,43,16,17,119,78,58,13,23" hai3="116,60,55,41,49,24,75,64,130,19,115,82,35"/><U29/><E118/><V6/><F119/><W101/><G115/><T104/><D117/><U126/><E122/><V14/><F34/><W51/><G116/><T8/><D123/><U110/><E126/><V9/><F103/><W120/><G120/><T93/><D124/><U121/><E121/><V90/><F43/><W53/><G130/><T70/><D104/><U30/><E135/><V28/><F28/><W21/><G35/><T112/><D112/><U84/><E84/><V102/><F102/><W88/><G101/><T10/><D36/><U111/><E59/><V127/><F127/><W114/><G114/><T54/><D40/><U37/><E37/><V46/><F46/><N who="3" m="25807" /><G75/><T128/><D128/><U69/><E69/><V62/><F90/><W33/><G33/><T42/><D42/><N who="1" m="24599" /><E50/><V15/><F108/><N who="1" m="41513" /><E26/><N who="2" m="14703" /><F109/><W68/><G68/><T3/><D70/><U83/><E83/><V38/><F38/><W72/><G72/><T134/><D85/><U39/><E39/><V65/><F6/><W105/><G51/><T27/><D7/><U81/><E81/><V94/><F94/><W92/><G105/><T25/><D93/><U129/><E129/><V132/><F132/><W1/><G82/><T87/><D134/><U131/><E131/><V99/><F99/><W125/><G125/><T100/><D97/><U56/><E56/><V80/><F80/><W63/><G92/><T133/><D133/><U47/><E47/><V107/><F107/><W74/><G74/><T57/><D79/><AGARI ba="0,0" hai="9,13,14,15,16,58,62,65,77,78,79" m="14703" machi="79" ten="30,7700,0" yaku="8,1,52,2,54,1" doraHai="12" who="2" fromWho="0" sc="250,-77,270,0,230,77,250,0" /><INIT seed="2,0,0,3,0,79" ten="173,270,307,250" oya="2" hai0="80,132,44,102,11,38,50,116,59,131,75,55,67" hai1="125,114,97,47,69,71,33,13,134,63,52,6,53" hai2="1,127,101,27,98,19,29,108,86,135,28,9,93" hai3="91,90,96,35,82,133,42,41,49,58,106,99,113"/><V94/><F127/><W89/><G35/><T76/><D131/><U77/><E33/><V117/><F117/><W60/><G113/><T85/><D116/><U25/><E114/><V17/><F135/><W129/><G133/><T24/><D132/><U83/><E134/><V4/><F108/><W130/><G106/><T122/><D122/><U31/><E125/><V66/><F29/><W95/><G49/><T14/><D102/><U10/><E97/><V107/><F66/><W39/><G39/><T81/><D24/><U119/><E119/><V112/><F112/><W32/><G32/><T84/><D80/><U12/><E12/><V115/><F115/><W30/><G30/><T56/><D56/><U18/><E6/><V126/><F126/><W64/><G99/><T61/><REACH who="0" step="1"/><D38/><REACH who="0" ten="163,270,307,250" step="2"/><U100/><E100/><V123/><F123/><W128/><REACH who="3" step="1"/><G82/><REACH who="3" ten="163,270,307,240" step="2"/><T87/><D87/><U2/><E83/><V65/><F86/><W21/><G21/><T15/><D15/><U36/><E36/><V124/><F124/><W78/><G78/><T48/><D48/><N who="1" m="28703" /><E77/><V70/><F107/><W3/><G3/><T37/><D37/><U72/><E2/><V7/><F1/><W34/><G34/><T46/><D46/><U54/><E72/><V103/><F98/><W121/><G121/><T20/><D20/><U111/><E13/><V26/><F26/><W118/><G118/><T23/><D23/><U120/><E25/><V5/><F27/><W92/><G92/><T109/><D109/><U8/><E111/><V43/><F94/><W110/><G110/><T40/><D40/><AGARI ba="0,2" hai="40,41,42,58,60,64,89,90,91,95,96,128,129,130" machi="40" ten="40,5200,0" yaku="1,1,6,1,19,1,53,0" doraHai="79" doraHaiUra="74" who="3" fromWho="0" sc="163,-52,270,0,307,0,240,72" /><INIT seed="3,0,0,5,0,55" ten="111,270,307,312" oya="3" hai0="4,28,98,130,22,102,49,92,33,118,85,66,77" hai1="104,29,75,127,112,39,90,36,116,51,58,46,59" hai2="23,129,131,96,70,15,132,26,43,125,57,82,18" hai3="0,121,10,32,110,68,13,86,63,83,120,122,7"/><W25/><G110/><T95/><D118/><U88/><E75/><V67/><F125/><W123/><G123/><T111/><D111/><U19/><E104/><V60/><F132/><W79/><G0/><T93/><D130/><N who="2" m="49674" /><F43/><W8/><G8/><T117/><D117/><U69/><E69/><V27/><F82/><W126/><G126/><T72/><D4/><U135/><E112/><V119/><F119/><W107/><G107/><T62/><D33/><U128/><E128/><V56/><F96/><W97/><G97/><T61/><D72/><U115/><E115/><V52/><F57/><N who="1" m="21513" /><E36/><V87/><F87/><W38/><G38/><T6/><D6/><U34/><E39/><V42/><F42/><W2/><G2/><T114/><D114/><U30/><E34/><V12/><F27/><W11/><G11/><T101/><D49/><AGARI ba="0,0" hai="12,15,18,23,26,49,52,56,60,67,70" m="49674" machi="49" ten="30,3900,0" yaku="19,1,52,1,54,1" doraHai="55" who="2" fromWho="0" sc="111,-39,270,0,307,39,312,0" owari="72,-42.8,270,-13.0,346,44.6,312,11.2" /></mjloggm>