<mjloggm ver="2.3"><GO type="225" lobby="0"/><UN n0="%E6%80%AA%E3%81%97%E3%81%99%E3%81%8E%E3%82%8B%E3%83%81%E3%83%BC" n1="%E3%81%9F%E3%81%93%E2%98%86%E7%84%BC%E3%81%8D" n2="%E3%81%95%E3%81%8D%E3%81%9F%E3%81%BE%E6%9E%97%E6%AA%8E" n3="%6D%75%75%6D%75%72%61" dan="16,16,16,16" rate="2059.25,2107.97,2077.16,2178.54" sx="M,M,M,F"/><TAIKYOKU oya="0"/><INIT seed="0,0,0,5,0,11" ten="250,250,250,250" oya="0" hai0="110,27,45,85,67,61,84,12,89,44,83,131,37" hai1="20,97,134,6,91,73,126,54,119,102,90,48,118" hai2="64,22,114,68,79,94,109,19,130,133,93,82,1" hai3="99,62,63,10,98,18,3,21,71,23,77,34,42"/><T59/><D131/><U55/><E73/><V46/><F109/><W24/><G34/><T39/><D110/><U75/><E75/><V76/><F1/><W100/><G77/><T86/><D27/><U92/><E134/><V108/><F108/><W80/><G80/><T25/><D25/><U49/><E6/><V8/><F133/><W41/><G21/><T70/><D70/><U127/><E20/><V129/><F8/><W33/><G33/><T87/><REACH who="0" step="1"/><D12/><REACH who="0" ten="240,250,250,250" step="2"/><U4/><E119/><V69/><F69/><W104/><G71/><T51/><D51/><U60/><E118/><V122/><F68/><W123/><G24/><T26/><D26/><U74/><E49/><V116/><F116/><W125/><G3/><T120/><D120/><U52/><E48/><V96/><F122/><W9/><G123/><T95/><D95/><U2/><E2/><V30/><F93/><W101/><G104/><T35/><D35/><U28/><E92/><V47/><F94/><W135/><G135/><T121/><D121/><U0/><E0/><V117/><F117/><W5/><G5/><T72/><D72/><U31/><E4/><V29/><F130/><W40/><G18/><T103/><D103/><U17/><E102/><V56/><F19/><W66/><G101/><T107/><D107/><U115/><E74/><V38/><F129/><W111/><G100/><T32/><D32/><U128/><E17/><V7/><F7/><W81/><G111/><T113/><D113/><U65/><E115/><V58/><F114/><W132/><G132/><T105/><D105/><U15/><E128/><RYUUKYOKU ba="0,1" sc="240,30,250,-10,250,-10,250,-10" hai0="37,39,44,45,59,61,67,83,84,85,86,87,89" /><INIT seed="0,1,1,3,4,27" ten="270,240,240,240" oya="0" hai0="82,99,0,70,121,105,64,22,13,2,59,47,57" hai1="78,46,134,87,17,132,93,112,96,129,75,21,62" hai2="131,133,73,124,114,84,61,71,125,98,66,39,49" hai3="118,102,67,37,55,45,83,79,94,86,6,23,85"/><T130/><D121/><U53/><E75/><V18/><F73/><W15/><G118/><T1/><D130/><U40/><E129/><V14/><F131/><W5/><G67/><T97/><D47/><U90/><E62/><V10/><F39/><W60/><G37/><T65/><D82/><U43/><E53/><V77/><F133/><N who="1" m="51305" /><E46/><V7/><F114/><W88/><G102/><T52/><D70/><U36/><E36/><V58/><F98/><W122/><G122/><T20/><D13/><N who="1" m="9391" /><E112/><V123/><F123/><W30/><G15/><T100/><D99/><U106/><E106/><V126/><F7/><W103/><G103/><T119/><D119/><U104/><E104/><V33/><F33/><W42/><G42/><T101/><D101/><N who="1" m="60559" /><E78/><V108/><F108/><W63/><G63/><T76/><D76/><U48/><E48/><V25/><F49/><N who="3" m="29103" /><G60/><T111/><D111/><U19/><E19/><V81/><REACH who="2" step="1"/><F25/><AGARI ba="1,1" hai="5,6,23,25,30,79,83,85,86,88,94" m="29103" machi="25" ten="30,3900,0" yaku="8,1,52,1,54,1" doraHai="27" who="3" fromWho="2" sc="270,0,240,0,240,-42,240,52" /><INIT seed="1,0,0,5,2,35" ten="270,240,198,292" oya="1" hai0="93,61,25,54,70,23,127,97,13,78,99,24,125" hai1="49,12,111,91,39,115,50,36,120,32,75,8,81" hai2="102,116,109,17,1,31,3,14,27,56,28,53,90" hai3="57,92,41,29,129,98,45,128,96,135,112,11,69"/><U122/><E32/><V38/><F38/><W19/><G69/><T46/><D78/><U131/><E115/><V59/><F102/><W82/><G112/><T133/><D133/><U48/><E131/><N who="3" m="50250" /><G135/><T52/><D13/><U16/><E111/><V21/><F116/><W110/><G110/><T84/><D84/><U80/><E91/><V113/><F113/><W124/><G124/><N who="0" m="47691" /><D25/><U5/><E36/><V47/><F109/><W43/><G29/><N who="0" m="17567" /><D46/><U132/><E39/><V34/><F31/><W100/><G45/><T94/><D70/><U40/><E40/><V72/><F72/><W58/><G82/><T76/><D76/><U18/><E132/><V88/><F47/><W42/><G96/><N who="0" m="36939" /><D61/><U65/><E65/><V0/><REACH who="2" step="1"/><F59/><REACH who="2" ten="270,240,188,292" step="2"/><W119/><G119/><T74/><D74/><U62/><E75/><V10/><F10/><W20/><G11/><T2/><D2/><U73/><E73/><V6/><F6/><W134/><G134/><T85/><D94/><U130/><E130/><V126/><F126/><W123/><G123/><T71/><D71/><U63/><E122/><V22/><F22/><W9/><G9/><T64/><D64/><U105/><E120/><V44/><F44/><W89/><G100/><T26/><D26/><AGARI ba="0,1" hai="19,20,26,41,42,43,57,58,89,92,98" m="50250" machi="26" ten="30,1000,0" yaku="19,1" doraHai="35" who="3" fromWho="0" sc="270,-10,240,0,188,0,292,20" /><INIT seed="2,0,0,5,3,46" ten="260,240,188,312" oya="2" hai0="76,97,87,65,29,24,9,102,69,81,64,59,3" hai1="75,100,71,110,43,42,11,98,112,26,103,34,125" hai2="79,0,74,133,8,54,114,94,77,113,127,126,130" hai3="31,40,122,49,22,101,62,73,107,41,28,20,99"/><V12/><F0/><W86/><G122/><T93/><D69/><U6/><E75/><V47/><F133/><W121/><G73/><T124/><D124/><N who="2" m="47658" /><F130/><W56/><G86/><T117/><D117/><U108/><E71/><V67/><F67/><W70/><G70/><T105/><D105/><N who="1" m="63639" /><E103/><V55/><F94/><W53/><G121/><T84/><D84/><U135/><E112/><N who="2" m="43115" /><F74/><W13/><G22/><T44/><D44/><U61/><E61/><V132/><F132/><W89/><G62/><T7/><REACH who="0" step="1"/><D59/><REACH who="0" ten="250,240,188,312" step="2"/><U30/><E135/><V10/><F47/><W19/><G56/><T120/><D120/><U95/><E125/><V5/><F8/><W119/><G119/><T1/><D1/><U85/><E85/><V123/><F123/><W48/><G107/><T109/><D109/><N who="1" m="42091" /><E95/><V39/><F39/><W2/><G2/><AGARI ba="0,1" hai="2,6,11,26,30,34,42,43" m="42091,63639" machi="2" ten="30,1000,0" yaku="14,1" doraHai="46" who="1" fromWho="3" sc="250,0,240,20,188,0,312,-10" /><INIT seed="3,0,0,3,1,105" ten="250,260,188,302" oya="3" hai0="107,130,30,20,131,64,10,104,70,133,54,96,52" hai1="43,82,27,91,87,25,46,113,34,135,117,110,12" hai2="44,75,132,32,123,68,127,93,115,35,40,126,98" hai3="80,128,78,49,22,134,65,119,11,8,58,9,61"/><W21/><G119/><T23/><D133/><U90/><E113/><V77/><F115/><W51/><G134/><T15/><D64/><U89/><E110/><V102/><F132/><W67/><G67/><T62/><D70/><U60/><E34/><V26/><F68/><W95/><G95/><T109/><D109/><U129/><E129/><N who="0" m="49161" /><D30/><U81/><E60/><V39/><F123/><W94/><G94/><T72/><D72/><U57/><E57/><V74/><F77/><W66/><G66/><T83/><D83/><U38/><E117/><V36/><F36/><W6/><G6/><N who="0" m="3543" /><D104/><U47/><E47/><V0/><F0/><W42/><G128/><T116/><D116/><U2/><E2/><V17/><F35/><W1/><G1/><T106/><D106/><U118/><E82/><V53/><F53/><N who="0" m="20586" /><D62/><U69/><E69/><V29/><REACH who="2" step="1"/><F17/><REACH who="2" ten="250,260,178,302" step="2"/><W120/><G120/><T45/><D45/><U88/><E135/><V19/><F19/><W59/><G78/><T122/><D122/><U108/><E118/><V73/><AGARI ba="0,1" hai="26,29,32,39,40,44,73,74,75,93,98,102,126,127" machi="73" ten="40,12000,2" yaku="1,1,0,1,52,3,53,1" doraHai="105" doraHaiUra="31" who="2" fromWho="2" sc="250,-30,260,-30,178,130,302,-60" owari="220,-28.0,230,-17.0,308,40.8,242,4.2" /></mjloggm>