<mjloggm ver="2.3"><GO type="225" lobby="0"/><UN n0="%4B%2E%32%2E%4B%2E" n1="%E6%98%93%E5%88%A9%E8%96%A9%E4%BC%AF" n2="%E3%81%B5%E3%81%98%E3%81%8B%E3%81%A4" n3="%E3%83%8F%E3%83%B3%E3%83%89%E3%83%A9%E3%83%BC%E3%83%BB%E3%83%AF%E3%83%B3" dan="16,16,16,17" rate="2111.60,2095.22,2112.44,2221.87" sx="M,F,M,M"/><TAIKYOKU oya="0"/><INIT seed="0,0,0,1,5,103" ten="250,250,250,250" oya="0" hai0="106,64,32,24,6,115,113,49,42,95,10,111,30" hai1="85,72,86,1,67,77,38,114,101,39,135,134,59" hai2="98,55,128,69,105,58,122,8,123,96,83,22,13" hai3="91,9,20,66,73,70,127,93,116,63,99,3,52"/><T33/><D64/><U104/><E1/><V78/><F69/><W129/><G116/><T119/><D119/><U34/><E34/><V65/><F128/><W60/><G73/><T48/><D33/><U92/><E67/><V110/><F65/><W121/><G129/><T118/><D118/><U25/><E59/><V126/><F126/><W89/><G127/><T74/><D74/><U0/><E25/><V131/><F110/><W53/><G121/><T87/><D111/><U7/><E86/><V2/><F131/><W57/><G20/><T90/><D106/><U41/><E92/><V81/><F22/><W35/><G35/><T17/><D17/><U31/><E85/><V51/><F2/><W5/><REACH who="3" step="1"/><G53/><REACH who="3" ten="250,250,250,240" step="2"/><T125/><D125/><U62/><E72/><V120/><F105/><W47/><G47/><T107/><D107/><U84/><E104/><V44/><F44/><W37/><G37/><T124/><D124/><U50/><E39/><V100/><F100/><AGARI ba="0,1" hai="3,5,9,52,57,60,63,66,70,89,91,93,99,100" machi="100" ten="30,3900,0" yaku="1,1,7,1,54,1,53,0" doraHai="103" doraHaiUra="132" who="3" fromWho="2" sc="250,0,250,0,250,-39,240,49" /><INIT seed="1,0,0,2,0,9" ten="250,250,211,289" oya="1" hai0="65,131,85,126,70,122,64,111,103,120,88,36,62" hai1="82,129,113,130,78,0,118,68,37,105,98,17,58" hai2="35,76,127,134,39,61,99,112,7,12,94,15,67" hai3="4,2,108,29,48,128,96,135,47,115,93,72,73"/><U60/><E113/><V84/><F35/><W53/><G115/><T50/><D36/><U42/><E0/><V14/><F112/><W3/><G108/><T27/><D111/><U74/><E118/><V21/><F127/><W101/><G128/><T25/><D131/><U114/><E114/><V45/><F134/><W32/><G135/><T63/><D126/><U18/><E68/><V22/><F39/><W89/><G32/><T33/><D103/><U26/><E42/><V119/><F119/><W10/><G29/><T90/><D50/><U92/><E105/><V31/><F45/><W30/><G30/><T123/><D33/><U106/><E106/><V40/><F40/><W77/><G77/><T69/><D90/><U6/><E6/><V110/><F110/><W38/><G2/><T132/><D132/><U80/><E80/><AGARI ba="0,0" hai="25,27,62,63,64,65,69,70,80,85,88,120,122,123" machi="80" ten="40,5200,0" yaku="9,1,13,1,54,1" doraHai="9" who="0" fromWho="1" sc="250,52,250,-52,211,0,289,0" /><INIT seed="2,0,0,3,3,78" ten="302,198,211,289" oya="2" hai0="100,68,55,85,119,1,37,82,3,28,120,110,25" hai1="43,66,10,104,116,117,58,131,132,46,19,70,60" hai2="52,92,102,125,29,32,62,95,26,12,40,13,33" hai3="111,57,130,6,89,105,14,11,21,64,112,47,48"/><V96/><F125/><W71/><G105/><T65/><D120/><U18/><E131/><V121/><F32/><W67/><G71/><T20/><D37/><U16/><E104/><V128/><F121/><W109/><G130/><T80/><D110/><N who="3" m="41993" /><G112/><T98/><D119/><U76/><E132/><V90/><F128/><W114/><G114/><T59/><D65/><U94/><E70/><V31/><F40/><N who="3" m="24679" /><G57/><T49/><D68/><U42/><E10/><V126/><F31/><W124/><G124/><T38/><D80/><U93/><E43/><V41/><F41/><W88/><G21/><T5/><D5/><U127/><E127/><V7/><F7/><W123/><G123/><T107/><REACH who="0" step="1"/><D38/><REACH who="0" ten="292,198,211,289" step="2"/><U134/><E134/><V2/><F126/><W73/><G73/><T69/><D69/><U9/><E9/><V133/><F133/><W17/><G6/><T56/><D56/><U106/><E106/><V61/><F2/><W118/><G118/><T8/><D8/><U23/><E117/><V74/><F62/><W36/><G36/><T86/><D86/><U54/><E116/><V108/><F74/><W39/><G39/><T44/><D44/><U35/><E66/><AGARI ba="0,1" hai="11,14,17,64,66,67,88,89" m="24679,41993" machi="66" ten="30,2000,0" yaku="14,1,54,1" doraHai="78" who="3" fromWho="1" sc="292,0,198,-20,211,0,289,30" /><INIT seed="3,0,0,1,5,38" ten="292,178,211,319" oya="3" hai0="20,43,120,78,2,82,109,42,61,110,89,99,9" hai1="79,124,59,16,32,131,116,92,50,46,113,108,7" hai2="90,65,81,28,13,54,55,77,83,53,5,107,23" hai3="10,34,27,84,64,48,4,45,114,125,39,70,3"/><W66/><G114/><T68/><D120/><U86/><E113/><V97/><F107/><W80/><G39/><T15/><D2/><U74/><E108/><N who="0" m="41577" /><D20/><U17/><E32/><V75/><F65/><W121/><G121/><T91/><D61/><U18/><E131/><V123/><F123/><W95/><G70/><T58/><D58/><U57/><E124/><V24/><F77/><W22/><G95/><N who="0" m="56815" /><D91/><U6/><E74/><V44/><F75/><W122/><G34/><T73/><D68/><U21/><E21/><V96/><F44/><W69/><G69/><T0/><D0/><U87/><E116/><V25/><F25/><W41/><G125/><T8/><D8/><U104/><E104/><V76/><F76/><W60/><G60/><T36/><D36/><U85/><E79/><V1/><F1/><W117/><G117/><T49/><D49/><U11/><E92/><N who="2" m="56343" /><F97/><W52/><G122/><T62/><D62/><U88/><E88/><V128/><F128/><W72/><G64/><T47/><D47/><U14/><REACH who="1" step="1"/><E7/><AGARI ba="0,0" hai="7,9,15,42,43,73,78,82" m="56815,41577" machi="7" ten="30,3900,0" yaku="14,1,52,2" doraHai="38" who="0" fromWho="1" sc="292,39,178,-39,211,0,319,0" owari="331,43.1,139,-36.1,211,-18.9,319,11.9" /></mjloggm>