<mjloggm ver="2.3"><GO type="225" lobby="0"/><UN n0="%E4%B8%AD%E5%B9%B4%E3%81%AE%E5%8D%B1%E6%A9%9F" n1="%E3%81%AF%E3%82%88%E3%81%8A%E3%81%98%E3%81%95%E3%82%93" n2="%E8%A8%88%E7%AE%97%E6%A9%9F%E8%87%AA%E7%84%B6" n3="%E7%9C%9F%E4%B8%80" dan="16,16,17,17" rate="2084.98,2121.20,2205.42,2235.18" sx="M,M,M,M"/><TAIKYOKU oya="0"/><INIT seed="0,0,0,1,2,129" ten="250,250,250,250" oya="0" hai0="114,86,25,81,49,115,33,51,60,46,74,13,85" hai1="107,89,16,59,43,101,53,19,61,48,18,44,118" hai2="26,27,134,58,119,3,30,39,24,38,17,34,97" hai3="21,71,79,126,120,93,8,91,20,102,15,133,80"/><T128/><D74/><U29/><E118/><V122/><F122/><W1/><G71/><T105/><D105/><U100/><E107/><V4/><F58/><W47/><G120/><T57/><D128/><U123/><E123/><V75/><F75/><W70/><G70/><T113/><D13/><U125/><E125/><V65/><F65/><W62/><G126/><T111/><D111/><U98/><REACH who="1" step="1"/><E29/><REACH who="1" ten="250,240,250,250" step="2"/><V36/><F30/><W37/><G1/><T83/><D113/><U135/><E135/><V45/><F134/><W96/><G133/><T94/><D114/><U104/><E104/><V5/><F119/><W103/><G103/><T40/><D115/><U117/><E117/><V50/><F3/><W78/><G102/><T55/><D33/><U131/><E131/><V7/><F34/><W72/><G78/><T95/><D25/><U66/><E66/><V112/><F112/><W84/><G72/><T32/><D32/><U12/><E12/><V132/><F132/><W54/><G37/><T92/><REACH who="0" step="1"/><D49/><REACH who="0" ten="240,240,250,250" step="2"/><U109/><E109/><V63/><F36/><W35/><G35/><T52/><D52/><U124/><E124/><V90/><F38/><W82/><G54/><T108/><D108/><U106/><E106/><V42/><F39/><W23/><G15/><T130/><D130/><U10/><E10/><V9/><F9/><W127/><G8/><T77/><D77/><U41/><E41/><V116/><F116/><W68/><G127/><T99/><D99/><U76/><E76/><V121/><F121/><W73/><G79/><T2/><D2/><U67/><E67/><RYUUKYOKU ba="0,2" sc="240,15,240,15,250,-15,250,-15" hai0="40,46,51,55,57,60,81,83,85,86,92,94,95" hai1="16,18,19,43,44,48,53,59,61,89,98,100,101" /><INIT seed="0,1,2,0,1,83" ten="255,255,235,235" oya="0" hai0="58,41,2,125,75,101,25,51,37,86,55,116,106" hai1="52,78,50,70,61,30,56,97,24,18,102,132,95" hai2="5,109,20,133,33,7,8,92,22,80,72,67,120" hai3="111,47,85,0,130,76,103,81,98,73,35,6,110"/><T29/><D75/><U74/><E132/><V100/><F120/><W79/><G35/><T15/><D2/><U21/><E74/><V63/><F33/><W68/><G68/><T122/><D122/><U93/><E78/><V60/><F72/><W62/><G62/><T135/><D116/><U32/><E70/><V31/><F109/><N who="3" m="41483" /><G130/><T46/><D135/><U90/><E61/><V107/><F107/><N who="3" m="63991" /><G47/><T53/><D125/><U127/><E127/><V19/><F133/><W104/><G104/><T108/><D108/><U26/><E90/><V82/><F60/><W134/><G134/><T64/><D64/><U23/><E32/><V113/><F63/><W44/><G44/><T126/><D55/><U59/><E95/><V34/><F34/><W11/><G73/><T114/><D126/><U77/><E77/><AGARI ba="1,2" hai="0,6,11,76,77,79,81,85" m="63991,41483" machi="77" ten="30,2000,0" yaku="14,1,52,1" doraHai="83" who="3" fromWho="1" sc="255,0,255,-23,235,0,235,43" /><INIT seed="1,0,0,4,4,122" ten="255,232,235,278" oya="1" hai0="33,30,97,95,98,128,31,135,76,74,9,79,27" hai1="80,96,125,48,124,16,49,130,109,42,10,21,133" hai2="68,22,2,26,69,1,19,23,20,108,88,117,77" hai3="17,110,11,28,67,13,132,55,94,123,47,60,131"/><U14/><E130/><V58/><F117/><W56/><G123/><T116/><D116/><U81/><E133/><V101/><F101/><W53/><G132/><T61/><D135/><U44/><E109/><V35/><F77/><W73/><G73/><T24/><D128/><U107/><E49/><V134/><F134/><W25/><G131/><T86/><D74/><U3/><E107/><V115/><F115/><W118/><G110/><T8/><D61/><U84/><E96/><V70/><F108/><W92/><G118/><T119/><D119/><U45/><E44/><V63/><F35/><W50/><REACH who="3" step="1"/><G67/><REACH who="3" ten="255,232,235,268" step="2"/><T106/><D106/><U39/><E125/><V12/><F68/><W15/><G15/><T126/><D126/><U62/><E124/><V38/><F69/><W90/><G90/><T41/><D41/><U93/><E3/><V0/><F70/><W18/><G18/><T59/><D79/><U82/><E39/><V100/><F38/><W29/><G29/><T52/><D76/><U103/><E62/><V43/><F43/><W5/><G5/><T104/><D104/><U57/><E103/><V89/><F100/><W99/><G99/><T54/><D86/><U83/><E57/><V51/><F51/><W36/><G36/><T64/><D64/><U111/><E111/><V37/><F37/><W78/><G78/><T127/><D127/><U4/><N who="1" m="20480" /><DORA hai="46" /><U66/><E66/><N who="2" m="39287" /><F12/><W129/><G129/><T72/><D72/><U120/><E120/><V87/><F89/><W71/><G71/><T91/><D59/><U40/><E42/><V85/><F87/><RYUUKYOKU ba="0,1" sc="255,-15,232,-15,235,15,268,15" hai2="0,1,2,19,20,22,23,26,85,88" hai3="11,13,17,25,28,47,50,53,55,56,60,92,94" /><INIT seed="2,1,1,0,0,70" ten="240,217,250,283" oya="2" hai0="130,108,104,8,43,21,37,86,18,13,134,65,101" hai1="83,85,75,129,52,50,34,80,29,123,114,28,19" hai2="26,89,96,84,45,20,68,113,106,64,126,91,99" hai3="127,63,67,14,92,81,38,57,122,110,69,79,9"/><V41/><F113/><W76/><G122/><T2/><D104/><U32/><E114/><V24/><F126/><W118/><G118/><T135/><D101/><U61/><E75/><V15/><F68/><W90/><G127/><T66/><D108/><U95/><E123/><V131/><F64/><W77/><G110/><T88/><D130/><U3/><E3/><V71/><F71/><W44/><G69/><T82/><D2/><U30/><E129/><V87/><F15/><W54/><G38/><T100/><D100/><U72/><E72/><V11/><F11/><W47/><G81/><T40/><D8/><U94/><E34/><V16/><F24/><W56/><G56/><T25/><D25/><U112/><E32/><V93/><F131/><W27/><G27/><T59/><D43/><U115/><E115/><V60/><F60/><W1/><G67/><T7/><D7/><U39/><E39/><V4/><F4/><N who="3" m="3367" /><G1/><T111/><D111/><U6/><E112/><V98/><F106/><W117/><G117/><T125/><D125/><U107/><E107/><V12/><F26/><W51/><G63/><T119/><D119/><U22/><E61/><V23/><F20/><W121/><G121/><T46/><D59/><N who="1" m="33175" /><E6/><V10/><F10/><W42/><G42/><T73/><D73/><U17/><E22/><V124/><F124/><W35/><G35/><T97/><D97/><AGARI ba="1,1" hai="44,47,51,54,57,76,77,79,90,92,97" m="3367" machi="97" ten="30,1000,0" yaku="8,1" doraHai="70" who="3" fromWho="0" sc="240,-13,217,0,250,0,283,23" /><INIT seed="3,0,0,0,2,132" ten="227,217,250,306" oya="3" hai0="130,15,47,80,104,9,49,12,110,29,63,37,135" hai1="58,64,7,71,19,10,69,55,27,17,48,56,22" hai2="1,84,127,102,118,3,73,44,90,119,46,54,120" hai3="125,31,129,98,83,128,21,32,59,115,134,103,53"/><W116/><G125/><T95/><D104/><U18/><E58/><V33/><F73/><W43/><G134/><T66/><D135/><U96/><E96/><V114/><F33/><W61/><G115/><T123/><D123/><U112/><E112/><V117/><F102/><W108/><G108/><T30/><D37/><U74/><E74/><V77/><F77/><W60/><G116/><T38/><D38/><U2/><REACH who="1" step="1"/><E64/><REACH who="1" ten="227,207,250,306" step="2"/><V16/><F114/><W35/><G61/><T40/><D110/><U25/><E25/><V26/><F26/><W106/><G60/><T88/><D130/><U75/><E75/><V72/><F72/><W51/><G129/><T50/><D63/><U124/><E124/><V20/><F127/><W65/><G128/><T5/><D66/><U79/><E79/><V86/><F118/><W70/><G65/><T126/><D126/><U101/><E101/><V45/><F117/><W121/><G59/><T28/><D49/><U62/><E62/><V89/><F119/><W81/><G51/><T100/><D100/><U78/><E78/><V107/><F89/><W82/><G98/><T99/><REACH who="0" step="1"/><D80/><REACH who="0" ten="217,207,250,306" step="2"/><U131/><E131/><V133/><F133/><W57/><G82/><T93/><D93/><U94/><E94/><V67/><F67/><W109/><G83/><T113/><D113/><U39/><E39/><V34/><F107/><W14/><G81/><T41/><D41/><U92/><E92/><V105/><F105/><W24/><G106/><T87/><D87/><U122/><E122/><V97/><F120/><W68/><G121/><T91/><D91/><RYUUKYOKU ba="0,2" sc="217,15,207,15,250,-15,306,-15" hai0="5,9,12,15,28,29,30,40,47,50,88,95,99" hai1="2,7,10,17,18,19,22,27,48,55,56,69,71" /><INIT seed="4,1,2,4,2,69" ten="232,222,235,291" oya="0" hai0="85,42,2,10,127,19,101,115,16,23,97,63,28" hai1="70,129,9,17,86,122,56,121,50,62,84,44,134" hai2="94,66,90,40,22,6,99,78,38,107,75,104,3" hai3="26,5,76,73,18,126,49,135,105,14,48,117,128"/><T51/><D115/><U0/><E70/><V123/><F22/><W93/><G105/><T71/><D127/><U133/><E129/><V112/><F66/><W1/><G117/><T35/><D85/><N who="1" m="32875" /><E0/><V79/><F123/><N who="1" m="47113" /><E17/><V77/><F112/><W114/><G114/><T53/><D35/><U64/><E9/><N who="2" m="2271" /><F78/><W8/><G126/><T46/><D28/><U12/><E12/><V15/><F77/><W68/><G68/><T120/><D120/><U113/><E113/><V124/><F15/><W88/><G135/><N who="1" m="51722" /><E44/><N who="2" m="23575" /><F124/><W57/><G128/><T59/><D71/><U81/><E50/><V119/><F119/><W39/><G39/><T31/><D2/><U29/><E29/><V45/><F45/><W58/><G49/><T108/><D10/><U34/><E34/><V83/><AGARI ba="1,2" hai="75,79,83,90,94,99,104,107" m="23575,2271" machi="83" ten="30,2000,0" yaku="25,1,52,1" doraHai="69" who="2" fromWho="2" sc="232,-11,222,-6,235,43,291,-6" /><INIT seed="5,0,0,4,3,94" ten="221,216,278,285" oya="1" hai0="39,9,132,67,37,17,128,59,81,114,12,130,87" hai1="107,120,79,24,104,125,16,13,27,88,115,83,60" hai2="38,105,124,98,77,61,18,118,47,62,99,68,45" hai3="43,22,82,70,102,91,20,65,6,10,66,97,113"/><U90/><E120/><V14/><F118/><W108/><G108/><T111/><D111/><U69/><E115/><V41/><F124/><W63/><G113/><T44/><D114/><U29/><E125/><V11/><F105/><W50/><G66/><T92/><D132/><U57/><E69/><V74/><F47/><W25/><G43/><T134/><D134/><U85/><E107/><V8/><F61/><W54/><G91/><N who="1" m="34858" /><E29/><V55/><F8/><W46/><G25/><T84/><D92/><U64/><E104/><V51/><F77/><W135/><G82/><T131/><D44/><U96/><E96/><V1/><F1/><W112/><G112/><T19/><D19/><U133/><E133/><V28/><F74/><W119/><G119/><T35/><D35/><U95/><E95/><V93/><F93/><W100/><G135/><T34/><D34/><U4/><E4/><V73/><F73/><W129/><G102/><T72/><D72/><U109/><E109/><V5/><F5/><W121/><G121/><T122/><D122/><U48/><E48/><V31/><F28/><W3/><G129/><T2/><D2/><U56/><E57/><N who="2" m="33023" /><F31/><W36/><G36/><N who="0" m="13899" /><D81/><U33/><E33/><V0/><F0/><W15/><G3/><T21/><D87/><U71/><E71/><V26/><F98/><W76/><G76/><T117/><D84/><U52/><E64/><N who="2" m="40983" /><F99/><W42/><G42/><T75/><D75/><U116/><E116/><V103/><F103/><W23/><G100/><T40/><D117/><U110/><E110/><V7/><F7/><W49/><G97/><RYUUKYOKU ba="0,0" sc="221,-30,216,10,278,10,285,10" hai1="13,16,24,27,52,56,60,79,83,85" hai2="11,14,18,26,38,41,45" hai3="6,10,15,20,22,23,46,49,50,54,63,65,70" /><INIT seed="5,1,0,3,4,98" ten="191,226,288,295" oya="1" hai0="23,49,39,88,58,113,36,60,131,8,99,7,111" hai1="42,47,1,41,116,15,85,2,17,55,76,9,69" hai2="121,105,71,20,67,48,22,57,79,6,118,65,19" hai3="70,95,133,124,115,132,109,34,87,104,81,83,3"/><U32/><E116/><V108/><F108/><W51/><G115/><T66/><D111/><U54/><E69/><V75/><F105/><W103/><G124/><T101/><D113/><U102/><E32/><V33/><F33/><W18/><G109/><T112/><D112/><U52/><E1/><V44/><F121/><W13/><G70/><T4/><D131/><U24/><E2/><V37/><F6/><W134/><G34/><T135/><D135/><U130/><E130/><V10/><F37/><W56/><G3/><T26/><D39/><U28/><E28/><V91/><F75/><W110/><G104/><T31/><D36/><U84/><E24/><V106/><F79/><W0/><G0/><T127/><D127/><U27/><E27/><V89/><F106/><W128/><G128/><T94/><D8/><U119/><E119/><V72/><F72/><W92/><G110/><T45/><D88/><N who="2" m="33866" /><F71/><W125/><G125/><T53/><AGARI ba="1,0" hai="4,7,23,26,31,45,49,53,58,60,66,94,99,101" machi="53" ten="20,12000,2" yaku="0,1,7,1,25,2,8,1,52,1" doraHai="98" who="0" fromWho="0" sc="191,123,226,-61,288,-31,295,-31" owari="314,41.4,165,-33.5,257,-14.3,264,6.4" /></mjloggm>