<mjloggm ver="2.3"><GO type="225" lobby="0"/><UN n0="%E6%98%93%E5%88%A9%E8%96%A9%E4%BC%AF" n1="%E6%A1%9C%E8%8A%B1%E9%96%83%E3%80%85" n2="%E3%81%A4%E3%81%A3%E3%81%B1%E3%82%8A%E3%83%9D%E3%83%BC%E3%83%AB" n3="%E3%82%B3%E3%83%90%E3%83%AC%E3%82%A4" dan="16,16,17,16" rate="2036.31,2182.69,2258.14,2087.08" sx="F,M,M,M"/><TAIKYOKU oya="0"/><INIT seed="0,0,0,5,0,76" ten="250,250,250,250" oya="0" hai0="90,88,59,32,69,56,36,57,93,113,130,70,74" hai1="6,9,23,106,8,119,95,109,11,4,72,112,110" hai2="71,50,25,0,91,126,43,102,73,60,58,98,2" hai3="107,14,77,104,133,55,114,10,101,34,117,63,81"/><T27/><D113/><U1/><E106/><V94/><F126/><W99/><G34/><T135/><D36/><U53/><E72/><V96/><F73/><W16/><G114/><T28/><D135/><U46/><E112/><V128/><F128/><W7/><G133/><T3/><D3/><U67/><E67/><V39/><F39/><W12/><G117/><T20/><D130/><U80/><E95/><V123/><F123/><W54/><G63/><T22/><D74/><U120/><E119/><V62/><F71/><W51/><G107/><T68/><REACH who="0" step="1"/><D90/><REACH who="0" ten="240,250,250,250" step="2"/><U13/><E120/><V17/><F2/><W31/><G31/><T18/><D18/><N who="1" m="10703" /><E1/><V19/><F19/><W48/><G51/><T35/><D35/><U115/><E115/><V75/><F50/><W44/><G48/><T40/><D40/><U49/><E110/><V100/><F17/><W29/><G29/><T108/><D108/><U78/><E109/><V66/><F75/><W127/><G127/><T84/><AGARI ba="0,1" hai="20,22,27,28,32,56,57,59,68,69,70,84,88,93" machi="84" ten="40,12000,1" yaku="1,1,0,1,54,1,53,1" doraHai="76" doraHaiUra="82" who="0" fromWho="0" sc="240,130,250,-40,250,-40,250,-40" /><INIT seed="0,1,0,2,4,58" ten="370,210,210,210" oya="0" hai0="65,114,38,15,51,27,45,116,63,105,61,60,83" hai1="23,26,121,102,34,2,1,84,86,100,109,127,112" hai2="106,32,122,117,78,25,21,3,9,31,68,124,30" hai3="128,77,81,29,19,135,98,120,66,22,41,118,126"/><T91/><D114/><U129/><E121/><V42/><F106/><W7/><G118/><T47/><D116/><U104/><E34/><V49/><F117/><W134/><G120/><T67/><D105/><U132/><E112/><V0/><F68/><W113/><G113/><T108/><D108/><U48/><E109/><V36/><F36/><W89/><G41/><T71/><D27/><U93/><E104/><V70/><F70/><W92/><G29/><T14/><D38/><U125/><E48/><V110/><F122/><W33/><G33/><T64/><D71/><U4/><E129/><V50/><F110/><W101/><G128/><T74/><D74/><U55/><E55/><V73/><F31/><W130/><G130/><T17/><D51/><U96/><E102/><V46/><F32/><W54/><G66/><T111/><D111/><U115/><E132/><V75/><F78/><W88/><G77/><T76/><D76/><U69/><E69/><V72/><F124/><N who="1" m="47689" /><E115/><V18/><F50/><W131/><G126/><T79/><D79/><U11/><E1/><V59/><F59/><W80/><G131/><T37/><D37/><U99/><E99/><V95/><F3/><W62/><G135/><T24/><D24/><U35/><E35/><V5/><F30/><AGARI ba="1,0" hai="2,4,11,23,26,30,84,86,93,96,100" m="47689" machi="30" ten="30,1000,0" yaku="18,1" doraHai="58" who="1" fromWho="2" sc="370,0,210,13,210,-13,210,0" /><INIT seed="1,0,0,4,0,13" ten="370,223,197,210" oya="1" hai0="123,107,105,63,46,119,132,70,14,101,89,120,83" hai1="24,114,38,10,124,74,129,41,104,57,40,94,65" hai2="127,67,1,96,61,29,54,12,109,60,73,26,77" hai3="9,20,108,98,53,115,21,55,56,113,44,81,19"/><U23/><E104/><V75/><F1/><W45/><G108/><T106/><D119/><U3/><E114/><V68/><F109/><W8/><G98/><T72/><D132/><U121/><E121/><N who="0" m="46665" /><D14/><U49/><E74/><V99/><F127/><W118/><G81/><T90/><D46/><U69/><E124/><V134/><F134/><W47/><G56/><T128/><D101/><U27/><E129/><V18/><F54/><W16/><REACH who="3" step="1"/><G47/><REACH who="3" ten="370,223,197,200" step="2"/><T76/><D128/><U86/><E57/><V43/><F96/><W7/><G7/><T35/><D35/><U122/><E122/><V39/><F99/><W100/><G100/><T130/><D130/><U71/><E71/><V17/><F77/><W2/><G2/><T117/><D117/><AGARI ba="0,1" hai="8,9,16,19,20,21,44,45,53,55,113,115,117,118" machi="117" ten="25,12000,2" yaku="1,1,22,2,52,2,54,1,53,0" doraHai="13" doraHaiUra="37" who="3" fromWho="0" sc="370,-120,223,0,197,0,200,130" /><INIT seed="2,0,0,4,2,67" ten="250,223,197,330" oya="2" hai0="48,53,9,41,63,15,21,71,123,8,61,68,120" hai1="62,87,0,93,82,57,115,109,6,125,107,12,70" hai2="18,32,37,11,81,133,2,105,54,76,23,16,46" hai3="45,39,42,40,95,74,30,51,36,79,94,108,49"/><V3/><F32/><W88/><G30/><T134/><D21/><U35/><E107/><V44/><F105/><W129/><G129/><T64/><D41/><U111/><E115/><V56/><F133/><W98/><G108/><N who="1" m="41546" /><E125/><V90/><F90/><W17/><G17/><T1/><D134/><U117/><E117/><V118/><F118/><W103/><G79/><T38/><D38/><U85/><E0/><V97/><F97/><W121/><G74/><T104/><D104/><U69/><E93/><V4/><F3/><W84/><G121/><T43/><D43/><U27/><E12/><V29/><F29/><W55/><G42/><T59/><D1/><U83/><E6/><V52/><F37/><W20/><G20/><T34/><D34/><U122/><E122/><V135/><F135/><W89/><G103/><T60/><D9/><U101/><E101/><V113/><F113/><W31/><G31/><T132/><D132/><U26/><E85/><V102/><F102/><W126/><G126/><T131/><D131/><U78/><E83/><V128/><F128/><W77/><G77/><T75/><D75/><U130/><E130/><V10/><F10/><W13/><G13/><T24/><D24/><N who="1" m="9259" /><E35/><V124/><F124/><W110/><G110/><T112/><D112/><U47/><E47/><AGARI ba="0,0" hai="36,39,40,45,47,49,51,55,84,88,89,94,95,98" machi="47" ten="30,2000,0" yaku="7,1,54,1" doraHai="67" who="3" fromWho="1" sc="250,0,223,-20,197,0,330,20" /><INIT seed="3,0,0,3,1,103" ten="250,203,197,350" oya="3" hai0="72,115,7,16,32,5,22,58,118,9,133,14,127" hai1="38,41,66,97,69,114,37,49,61,3,57,21,70" hai2="87,121,33,116,2,93,134,135,85,25,82,50,4" hai3="54,13,74,88,78,120,42,6,59,47,73,98,26"/><W53/><G120/><T128/><D72/><U24/><E3/><V0/><F116/><W81/><G73/><T101/><D118/><U99/><E114/><V105/><F105/><W40/><G26/><T28/><D101/><U60/><E49/><V109/><F121/><W119/><G119/><T126/><D58/><U35/><E35/><V20/><F33/><W91/><G54/><T83/><D128/><U55/><E70/><V122/><F122/><W44/><G47/><T15/><D133/><N who="2" m="50698" /><F109/><W124/><G98/><T84/><D115/><U46/><E38/><V86/><F4/><W77/><G77/><T117/><D117/><U104/><E104/><V107/><F107/><W27/><G27/><N who="0" m="18463" /><D83/><U45/><E45/><V18/><F82/><W63/><G124/><N who="0" m="47659" /><D84/><N who="2" m="32362" /><F50/><W125/><G125/><T48/><D48/><U113/><E113/><V102/><N who="2" m="32370" /><V89/><DORA hai="51" /><F89/><W100/><G100/><T39/><D39/><U1/><E1/><V130/><F130/><W29/><G44/><T65/><D7/><U108/><E108/><V10/><F10/><W123/><G123/><T19/><D5/><U94/><E94/><V11/><F11/><W132/><G6/><T34/><D34/><U8/><E8/><V92/><F92/><W43/><G132/><T131/><D131/><U23/><E23/><V30/><F30/><AGARI ba="0,0" hai="21,24,30,37,41,46,55,57,60,61,66,69,97,99" machi="30" ten="30,2000,0" yaku="7,1,52,1" doraHai="103,51" who="1" fromWho="2" sc="250,0,203,20,197,-20,350,0" owari="250,5.0,223,-17.7,177,-32.3,350,45.0" /></mjloggm>