<mjloggm ver="2.3"><GO type="225" lobby="0"/><UN n0="%73%73%6B%5F%66%72%65%65" n1="%6D%75%75%73%61%6E%6D%75" n2="%E3%81%99%E3%81%84%E3%81%BE%E3%81%9B%E3%83%BC%E3%82%93" n3="%74%61%6B%75%61%6B%61" dan="16,16,18,16" rate="2094.98,2114.31,2189.14,2086.48" sx="M,F,M,M"/><TAIKYOKU oya="0"/><INIT seed="0,0,0,2,3,112" ten="250,250,250,250" oya="0" hai0="63,130,68,117,88,57,113,40,103,14,135,100,15" hai1="54,45,121,5,93,50,128,71,102,80,31,86,96" hai2="41,17,42,99,120,114,124,43,106,55,97,18,109" hai3="16,24,69,132,53,22,85,4,0,95,75,38,6"/><T13/><D117/><U9/><E128/><V79/><F114/><W2/><G75/><T11/><D113/><U60/><E121/><V56/><F120/><W61/><G38/><T48/><D135/><U87/><E31/><V26/><F124/><W19/><G132/><T126/><D126/><U111/><E111/><V125/><F125/><W46/><G69/><T94/><D130/><U123/><E123/><V21/><F109/><W98/><G0/><T29/><D29/><U107/><E107/><V35/><F35/><W20/><G85/><T101/><D68/><U89/><E71/><V134/><F134/><W92/><G2/><T70/><D70/><U66/><E60/><N who="2" m="35871" /><F106/><W44/><G61/><T131/><D131/><U110/><E110/><V104/><F104/><W78/><G78/><T64/><D48/><U1/><E66/><V28/><F79/><W23/><G23/><T25/><D25/><U74/><REACH who="1" step="1"/><E87/><REACH who="1" ten="250,240,250,250" step="2"/><V3/><F3/><W90/><G92/><T49/><D49/><U82/><E82/><V27/><F28/><W122/><G122/><T73/><D73/><AGARI ba="0,1" hai="1,5,9,45,50,54,73,74,80,86,89,93,96,102" machi="73" ten="40,2600,0" yaku="1,1,53,1" doraHai="112" doraHaiUra="84" who="1" fromWho="0" sc="250,-26,240,36,250,0,250,0" /><INIT seed="1,0,0,1,5,106" ten="224,276,250,250" oya="1" hai0="23,41,100,39,101,6,62,97,20,87,84,82,126" hai1="111,38,25,71,129,0,13,4,57,91,131,22,107" hai2="77,36,70,45,123,102,54,51,89,15,61,8,7" hai3="92,21,29,19,26,12,85,127,96,58,81,72,110"/><U125/><E71/><V124/><F123/><W105/><G110/><T43/><D126/><U120/><E120/><V40/><F124/><W78/><G127/><T116/><D116/><U134/><E125/><V109/><F109/><W135/><G135/><T9/><D62/><U33/><E111/><V86/><F102/><N who="0" m="39530" /><D39/><U52/><E107/><V118/><F77/><W66/><G105/><T46/><D97/><U56/><E38/><V27/><F27/><W47/><G47/><T80/><D6/><U44/><E134/><V67/><F118/><W24/><G85/><N who="0" m="32843" /><D9/><N who="1" m="4263" /><E0/><V112/><F112/><W75/><G75/><T14/><D46/><U69/><E33/><V59/><F86/><W132/><G132/><T32/><D32/><U68/><E68/><V76/><REACH who="2" step="1"/><F76/><REACH who="2" ten="224,276,240,250" step="2"/><W99/><G24/><T28/><D82/><U3/><E69/><V5/><F5/><W95/><G99/><T11/><D80/><U117/><E117/><V104/><F104/><W50/><G96/><T17/><D11/><U79/><E79/><V34/><F34/><W37/><G78/><T53/><D28/><U94/><E3/><V115/><F115/><W113/><G113/><T74/><D74/><U103/><E103/><V65/><F65/><W93/><G66/><T60/><D23/><U122/><E122/><V55/><F55/><N who="3" m="32119" /><G72/><T73/><D73/><U119/><E119/><V133/><F133/><W1/><G1/><T98/><D98/><U64/><E64/><V10/><F10/><N who="3" m="6551" /><G81/><T88/><D88/><AGARI ba="0,1" hai="7,8,15,36,40,45,51,54,59,61,67,70,88,89" machi="88" ten="40,8000,1" yaku="1,1,24,2,54,1,53,0" doraHai="106" doraHaiUra="90" who="2" fromWho="0" sc="224,-80,276,0,240,90,250,0" /><INIT seed="2,0,0,4,1,134" ten="144,276,330,250" oya="2" hai0="92,15,135,17,16,47,11,21,111,57,29,1,58" hai1="121,31,112,36,40,22,2,106,118,94,97,82,67" hai2="23,125,96,130,78,52,83,56,72,104,85,69,6" hai3="109,117,20,13,7,110,63,114,38,49,108,37,42"/><V133/><F69/><W43/><G117/><T12/><D135/><U119/><E112/><V124/><F133/><W123/><G123/><T87/><D111/><U126/><E121/><V80/><F130/><W53/><G7/><T60/><D1/><U75/><E106/><V4/><F23/><W3/><G3/><T0/><D0/><U86/><E2/><V107/><F4/><W50/><G13/><T44/><D29/><U65/><E75/><V19/><F19/><W76/><G76/><T30/><D30/><U68/><E68/><V131/><F6/><W101/><G101/><T8/><D21/><U34/><E34/><V35/><F35/><W41/><G20/><T79/><D79/><U77/><E40/><V128/><F96/><W127/><G114/><T64/><REACH who="0" step="1"/><D58/><REACH who="0" ten="134,276,330,250" step="2"/><U61/><E31/><V33/><F33/><W103/><G108/><T132/><D132/><U89/><E118/><V93/><F131/><W59/><G109/><T62/><D62/><U70/><E119/><V66/><F56/><W14/><G110/><T74/><D74/><U113/><E113/><V120/><F128/><W122/><G122/><T48/><D48/><U105/><E22/><V84/><F120/><W46/><G49/><T25/><D25/><U100/><E61/><V9/><F72/><W90/><G63/><T24/><D24/><U102/><E77/><V81/><F78/><W10/><G59/><T98/><D98/><U27/><E27/><V71/><F71/><W45/><G50/><T95/><D95/><U54/><E70/><V28/><F28/><W51/><G51/><RYUUKYOKU ba="0,1" sc="134,30,276,-10,330,-10,250,-10" hai0="8,11,12,15,16,17,44,47,57,60,64,87,92" /><INIT seed="3,1,1,1,0,80" ten="164,266,320,240" oya="3" hai0="126,83,70,62,112,17,129,89,124,58,29,90,11" hai1="127,93,42,110,23,35,41,19,133,125,87,65,21" hai2="10,28,7,22,71,123,84,15,44,130,20,27,12" hai3="68,100,103,64,61,98,82,43,92,109,48,52,46"/><W63/><G109/><T34/><D129/><U116/><E110/><V14/><F71/><W18/><G18/><T30/><D112/><U76/><E35/><V40/><F130/><W31/><G31/><T128/><D128/><U9/><E133/><V74/><F74/><W45/><G82/><T114/><D114/><U88/><E116/><V118/><F118/><W53/><G103/><T91/><D83/><N who="1" m="47591" /><E65/><V132/><F132/><W86/><G86/><T108/><D70/><U24/><E9/><V39/><F123/><W67/><REACH who="3" step="1"/><G46/><REACH who="3" ten="164,266,320,230" step="2"/><T49/><D108/><U73/><E73/><V120/><F120/><W105/><G105/><T3/><D34/><U134/><E134/><V69/><F84/><W122/><G122/><T85/><D85/><N who="1" m="52367" /><E127/><V104/><F104/><W60/><G60/><T6/><D62/><U0/><E125/><V72/><F72/><W25/><G25/><T79/><D79/><U131/><E131/><V94/><F27/><W81/><G81/><T101/><D101/><U99/><E99/><V8/><F94/><W77/><G77/><T66/><D126/><U51/><E21/><V102/><F22/><W95/><G95/><T115/><D124/><U16/><E19/><V78/><F20/><W55/><G55/><N who="0" m="32111" /><D115/><U59/><E23/><V57/><F78/><W107/><G107/><T13/><D30/><U5/><E16/><V121/><F28/><W97/><G97/><T2/><D29/><U50/><E24/><V111/><F111/><W56/><AGARI ba="1,2" hai="43,45,48,52,53,56,61,63,64,67,68,92,98,100" machi="56" ten="20,12000,1" yaku="1,1,0,1,7,1,54,1,53,1" doraHai="80" doraHaiUra="54" who="3" fromWho="3" sc="164,-41,266,-41,320,-41,230,143" owari="123,-37.7,225,-17.5,279,7.9,373,47.3" /></mjloggm>