<mjloggm ver="2.3"><GO type="225" lobby="0"/><UN n0="%E8%83%83%E3%81%A8%E8%85%B8" n1="%E3%82%BC%E3%83%AB%E3%83%80%E3%81%AE%E4%BC%9D%E8%AA%AC" n2="%63%68%78%62%64" n3="%72%69%6F%75%63%68%61%6E" dan="16,17,16,17" rate="2182.00,2226.85,2140.75,2265.83" sx="M,M,M,M"/><TAIKYOKU oya="0"/><INIT seed="0,0,0,5,5,131" ten="250,250,250,250" oya="0" hai0="52,109,14,24,118,127,90,110,95,87,135,85,20" hai1="91,65,46,119,113,105,9,35,72,18,19,36,29" hai2="55,99,94,4,53,130,62,80,70,33,32,111,43" hai3="73,74,61,112,40,71,102,31,122,103,8,25,59"/><T39/><D39/><U124/><E119/><V49/><F130/><W2/><G112/><T66/><D66/><U132/><E113/><V1/><F111/><N who="0" m="42506" /><D118/><U115/><E115/><V114/><F80/><W88/><G122/><T3/><D3/><U76/><E105/><V48/><F43/><W42/><G71/><T7/><D127/><U12/><E91/><V13/><F1/><W129/><G129/><T120/><D120/><U78/><E19/><V104/><F104/><W86/><G73/><T38/><D38/><U68/><E124/><V82/><F82/><W126/><G74/><T75/><D75/><U101/><E101/><N who="3" m="38410" /><G2/><T133/><D85/><U0/><E0/><V45/><F70/><W6/><G126/><T107/><D107/><U28/><E72/><V125/><F125/><W34/><G34/><T67/><D67/><U100/><E35/><V16/><F32/><W22/><G8/><N who="0" m="4383" /><D52/><U17/><E65/><V10/><F33/><W44/><G6/><T121/><D121/><U89/><E68/><V128/><F4/><W11/><G11/><T23/><D23/><U50/><E9/><V60/><F128/><W69/><G69/><T108/><N who="0" m="42514" /><T106/><DORA hai="57" /><D106/><U96/><E36/><V30/><F114/><W77/><G44/><T64/><D64/><U79/><E46/><N who="2" m="27799" /><F30/><AGARI ba="0,0" hai="20,24,30,87,90,95,133,135" m="4383,42514" machi="30" ten="40,12000,1" yaku="14,1,10,1,52,2" doraHai="131,57" who="0" fromWho="2" sc="250,120,250,0,250,-120,250,0" /><INIT seed="0,1,0,2,0,91" ten="370,250,130,250" oya="0" hai0="65,131,130,64,24,5,10,90,8,51,48,3,53" hai1="73,74,103,32,122,23,134,126,97,0,15,41,121" hai2="107,37,102,26,123,112,113,44,82,50,12,80,55" hai3="13,47,36,16,6,18,59,42,81,7,72,56,19"/><T52/><D24/><U135/><E32/><V69/><F123/><N who="1" m="47113" /><E0/><V118/><F69/><W70/><G70/><T87/><D8/><U83/><E15/><V57/><F118/><W75/><G81/><T34/><D34/><U20/><E20/><V27/><F12/><W2/><G2/><T114/><D114/><U76/><E23/><V98/><F113/><W4/><REACH who="3" step="1"/><G13/><REACH who="3" ten="370,250,130,240" step="2"/><N who="0" m="5327" /><D131/><U77/><E126/><V46/><F112/><W119/><G119/><T40/><D130/><U33/><E83/><V11/><F11/><W127/><G127/><T110/><D3/><U106/><E134/><V66/><F80/><W132/><G132/><T108/><D108/><U129/><E135/><V79/><F66/><N who="0" m="25706" /><D110/><U117/><E117/><V105/><F105/><W14/><G14/><T115/><D115/><U124/><E124/><V86/><REACH who="2" step="1"/><F57/><AGARI ba="1,1" hai="4,6,7,16,18,19,36,42,47,56,57,59,72,75" machi="57" ten="40,2600,0" yaku="1,1,54,1,53,0" doraHai="91" doraHaiUra="21" who="3" fromWho="2" sc="370,0,250,0,130,-29,240,39" /><INIT seed="1,0,0,2,3,57" ten="370,250,101,279" oya="1" hai0="123,3,17,127,82,0,132,28,107,15,73,35,119" hai1="115,134,9,120,95,50,101,51,61,102,71,117,133" hai2="103,75,90,114,38,11,113,60,29,63,96,7,62" hai3="94,10,98,32,92,86,33,8,126,5,69,20,111"/><U46/><E115/><N who="2" m="44043" /><F38/><W42/><G111/><T122/><D107/><U47/><E117/><V130/><F75/><W65/><G126/><T110/><D73/><U84/><E120/><N who="0" m="46121" /><D82/><U68/><E9/><V76/><F76/><W54/><G42/><T99/><D99/><U106/><E84/><V6/><F130/><W56/><G10/><T58/><D58/><U18/><E18/><V105/><F29/><W87/><G65/><T39/><D39/><U116/><E95/><V118/><F118/><W21/><G69/><T45/><D45/><U41/><E116/><V19/><F90/><W52/><G8/><N who="0" m="6375" /><D119/><U13/><E13/><AGARI ba="0,0" hai="6,7,11,13,19,60,62,63,96,103,105" m="44043" machi="13" ten="30,7700,0" yaku="11,1,52,3" doraHai="57" who="2" fromWho="1" sc="370,0,250,-77,101,77,279,0" /><INIT seed="2,0,0,1,4,56" ten="370,173,178,279" oya="2" hai0="107,14,42,97,6,103,106,82,15,110,13,32,25" hai1="26,71,51,57,10,3,68,108,73,18,24,8,86" hai2="19,79,89,76,53,45,90,50,21,75,28,11,123" hai3="35,127,66,59,63,16,70,4,120,44,52,41,111"/><V96/><F123/><W101/><G120/><T74/><D110/><U69/><E73/><V49/><F75/><W54/><G35/><T105/><D42/><U23/><E108/><V67/><F67/><W84/><G111/><T81/><D6/><U72/><E72/><V92/><F28/><W98/><G127/><T61/><D74/><U1/><E86/><V12/><F21/><W124/><G124/><T60/><D32/><U128/><E128/><V109/><F109/><W7/><G84/><T2/><D25/><U104/><E104/><V5/><F5/><W40/><G16/><T129/><D2/><U64/><E24/><V58/><REACH who="2" step="1"/><F90/><REACH who="2" ten="370,173,168,279" step="2"/><W93/><G54/><AGARI ba="0,1" hai="11,12,19,45,49,50,53,54,58,76,79,89,92,96" machi="54" ten="30,11600,0" yaku="1,1,2,1,7,1,8,1,53,0" doraHai="56" doraHaiUra="39" who="2" fromWho="3" sc="370,0,173,0,168,126,279,-116" /><INIT seed="2,1,0,1,4,0" ten="370,173,294,163" oya="2" hai0="114,113,44,4,115,123,105,98,121,57,108,101,71" hai1="31,112,83,53,125,117,54,15,104,7,132,124,59" hai2="128,12,90,49,40,60,82,61,52,5,65,45,79" hai3="100,94,111,72,56,50,3,20,9,26,41,33,27"/><V24/><F128/><W95/><G111/><T37/><D71/><U46/><E112/><V122/><F122/><N who="0" m="46602" /><D57/><U68/><E117/><V1/><F1/><W129/><G129/><T75/><D4/><U23/><E132/><V77/><F24/><W39/><G72/><T67/><D67/><U6/><E104/><V78/><F65/><W76/><G76/><T36/><D44/><U21/><E68/><V18/><F5/><N who="1" m="1545" /><E83/><V130/><F40/><W103/><G33/><T80/><D108/><U133/><E133/><V74/><F130/><W43/><G39/><T85/><D37/><U58/><E46/><V92/><F74/><W11/><G3/><T69/><D36/><U107/><E107/><V87/><F92/><N who="3" m="35371" /><G56/><N who="1" m="21546" /><E15/><V134/><F134/><W16/><G27/><T25/><D25/><N who="1" m="16815" /><E23/><AGARI ba="1,0" hai="12,18,23,45,49,52,60,61,77,78,79,82,87,90" machi="23" ten="40,3900,0" yaku="8,1,54,1" doraHai="0" who="2" fromWho="1" sc="370,0,173,-42,294,42,163,0" /><INIT seed="2,2,0,5,3,15" ten="370,131,336,163" oya="2" hai0="112,43,134,126,6,110,54,17,133,62,23,3,79" hai1="129,59,19,27,26,75,64,108,119,85,53,1,39" hai2="38,65,51,44,67,14,0,118,13,50,98,90,8" hai3="34,4,7,87,123,22,81,29,55,100,113,76,25"/><V86/><F118/><W47/><G123/><T95/><D112/><U96/><E119/><V128/><F128/><W68/><G113/><T40/><D110/><U78/><E108/><V117/><F117/><W28/><G68/><T30/><D126/><U37/><E129/><V61/><F98/><W94/><G29/><T121/><D121/><U114/><E114/><V46/><F65/><W116/><G116/><T57/><D79/><U49/><E75/><V89/><F38/><W82/><G34/><T105/><D105/><U115/><E1/><V33/><F33/><W101/><G82/><T97/><D30/><U130/><E130/><V56/><F0/><W48/><REACH who="3" step="1"/><G100/><REACH who="3" ten="370,131,336,153" step="2"/><T73/><D134/><U5/><E115/><V125/><F125/><W92/><G92/><T120/><D133/><U41/><E5/><V106/><F106/><W16/><G16/><T20/><D120/><U103/><E19/><V60/><F8/><W107/><G107/><T63/><D6/><U104/><E64/><V58/><F67/><W2/><G2/><T80/><D3/><U91/><E78/><V109/><F109/><W84/><G84/><AGARI ba="2,1" hai="13,14,44,46,50,51,56,58,60,61,84,86,89,90" machi="84" ten="25,4800,0" yaku="22,2,8,1" doraHai="15" who="2" fromWho="3" sc="370,0,131,0,336,64,153,-54" /><INIT seed="2,3,0,3,2,97" ten="370,131,400,99" oya="2" hai0="62,123,48,3,128,26,77,104,112,71,115,0,91" hai1="46,31,53,52,34,7,130,55,83,20,8,9,81" hai2="40,72,12,14,21,111,50,76,120,108,131,116,134" hai3="63,42,65,13,39,25,92,125,23,126,56,79,114"/><V101/><F120/><W37/><G114/><T118/><D123/><U86/><E34/><V54/><F116/><W49/><G79/><T67/><D118/><U88/><E130/><V94/><F131/><W93/><G13/><T84/><D128/><U105/><E105/><V74/><F40/><W33/><G33/><T85/><D104/><U61/><E46/><V133/><F21/><W90/><G49/><T78/><D26/><N who="1" m="16839" /><E61/><V70/><F70/><W57/><G56/><T32/><D32/><U107/><E107/><V44/><F14/><W119/><G119/><T68/><D48/><U66/><E66/><V132/><F12/><W82/><G82/><N who="1" m="31242" /><E7/><V87/><F76/><W80/><G80/><AGARI ba="3,0" hai="8,9,52,53,55,80,86,88" m="31242,16839" machi="80" ten="30,3900,0" yaku="8,1,54,2" doraHai="97" who="1" fromWho="3" sc="370,0,131,48,400,0,99,-48" /><INIT seed="3,0,0,0,0,16" ten="370,179,400,51" oya="3" hai0="64,126,60,27,7,77,5,89,93,68,66,58,117" hai1="111,103,97,106,46,85,90,83,79,96,98,82,0" hai2="94,129,74,45,15,63,107,76,115,35,57,127,48" hai3="50,36,43,6,122,112,30,105,72,12,9,51,132"/><W59/><G112/><T18/><D117/><U130/><E0/><V121/><F107/><W69/><G122/><T1/><D126/><U26/><E111/><V2/><F115/><W101/><G69/><T102/><D102/><U75/><E130/><V71/><F71/><W38/><G72/><T28/><D77/><U120/><E120/><V131/><F2/><W23/><G132/><T128/><D128/><N who="2" m="49226" /><F121/><W29/><G29/><T39/><D39/><U21/><E46/><V135/><F35/><W25/><G51/><T53/><D18/><AGARI ba="0,0" hai="18,21,26,75,79,82,83,85,90,96,97,98,103,106" machi="18" ten="30,2000,0" yaku="7,1,52,1" doraHai="16" who="1" fromWho="0" sc="370,-20,179,20,400,0,51,0" owari="350,15.0,199,-20.1,400,50.0,51,-44.9" /></mjloggm>