<mjloggm ver="2.3"><GO type="225" lobby="0"/><UN n0="%E5%A4%9C%E5%85%89%E5%A4%A9%E6%A5%BC" n1="%E3%82%A2%E3%83%BC%E3%83%A2%E3%83%AD%E3%83%BC%E3%83%B4%E3%82%A1" n2="%72%69%6F%75%63%68%61%6E" n3="%E3%81%AF%E3%82%88%E3%81%8A%E3%81%98%E3%81%95%E3%82%93" dan="17,16,16,17" rate="2147.31,2094.32,2239.47,2179.78" sx="M,M,M,M"/><TAIKYOKU oya="0"/><INIT seed="0,0,0,2,0,55" ten="250,250,250,250" oya="0" hai0="84,97,124,128,96,85,90,22,29,12,117,77,39" hai1="53,135,99,102,98,101,42,51,122,78,34,20,10" hai2="40,82,133,104,38,3,81,105,30,58,19,8,26" hai3="48,129,69,71,74,45,47,0,127,25,126,31,94"/><T73/><D117/><U107/><E122/><V2/><F133/><W116/><G116/><T37/><D73/><U125/><E135/><V112/><F112/><W89/><G0/><T119/><D119/><U120/><E120/><V44/><F58/><W21/><G74/><T63/><D128/><U56/><E125/><N who="3" m="47626" /><G129/><T24/><D39/><U57/><E34/><V131/><F131/><W36/><G36/><T111/><D37/><U7/><E78/><V46/><F44/><N who="3" m="16971" /><G48/><T93/><D124/><U76/><E76/><V28/><F28/><W67/><G67/><T130/><D130/><U65/><E20/><V15/><F2/><W32/><G32/><T35/><D63/><N who="1" m="38127" /><E107/><V60/><F3/><W16/><G31/><T79/><D35/><U27/><E27/><V86/><F60/><W110/><G110/><T54/><D111/><U6/><E42/><V41/><F40/><W11/><G11/><T91/><D54/><U132/><E10/><V113/><F113/><W4/><G4/><N who="1" m="1578" /><E132/><V123/><F123/><W64/><G64/><T70/><D12/><U106/><E106/><V61/><F105/><W115/><G115/><T92/><D70/><U50/><E50/><V114/><F104/><W66/><G66/><T18/><D29/><U68/><E68/><V87/><F61/><W83/><G83/><N who="2" m="31753" /><F114/><W52/><G52/><T134/><D134/><U23/><E23/><N who="2" m="15711" /><F38/><W100/><G100/><AGARI ba="0,0" hai="51,53,56,98,99,100,101,102" m="1578,38127" machi="100" ten="30,3900,0" yaku="8,1,52,2" doraHai="55" who="1" fromWho="3" sc="250,0,250,39,250,0,250,-39" /><INIT seed="1,0,0,3,5,115" ten="250,289,250,211" oya="1" hai0="81,29,79,45,2,22,20,0,96,42,129,59,109" hai1="95,80,85,61,133,70,21,69,47,118,5,4,107" hai2="60,36,1,8,74,54,126,41,114,73,117,111,19" hai3="105,35,32,89,7,26,131,86,39,110,25,113,98"/><U108/><E107/><V23/><F117/><W55/><G113/><T97/><D109/><U91/><E118/><V123/><F123/><W34/><G39/><T63/><D129/><U128/><E128/><V104/><F114/><W28/><G131/><T72/><D2/><U88/><E133/><V102/><F111/><W52/><G110/><T48/><D0/><U99/><E108/><V56/><F126/><W78/><G7/><T15/><D29/><U40/><E21/><V53/><F41/><W87/><G78/><T84/><D72/><U49/><REACH who="1" step="1"/><E70/><REACH who="1" ten="250,279,250,211" step="2"/><V58/><F104/><W121/><G121/><T46/><D22/><U13/><E13/><V11/><F1/><W44/><G105/><T92/><D15/><U134/><E134/><V112/><F112/><W43/><G34/><T67/><D20/><U12/><E12/><V38/><F23/><W33/><G32/><T100/><D46/><U122/><E122/><V124/><F124/><W106/><G35/><T94/><D97/><U68/><E68/><V10/><F19/><W135/><G135/><T66/><REACH who="0" step="1"/><D94/><REACH who="0" ten="240,279,250,211" step="2"/><U119/><E119/><V50/><F74/><W18/><G106/><T76/><D76/><U130/><E130/><V14/><F73/><W16/><G26/><T83/><D83/><U71/><E71/><V31/><F14/><W116/><G116/><T27/><D27/><U103/><E103/><V3/><F3/><W37/><G98/><T90/><D90/><U93/><E93/><V77/><F102/><W101/><G101/><T75/><D75/><U125/><E125/><V64/><F77/><RYUUKYOKU ba="0,2" sc="240,15,279,15,250,-15,211,-15" hai0="42,45,48,59,63,66,67,79,81,84,92,96,100" hai1="4,5,40,47,49,61,69,80,85,88,91,95,99" /><INIT seed="1,1,2,2,3,17" ten="255,294,235,196" oya="1" hai0="36,6,3,108,130,66,1,15,16,32,59,63,21" hai1="92,111,81,97,109,125,23,5,120,82,8,121,43" hai2="12,95,103,44,25,131,107,11,101,9,65,127,90" hai3="22,39,69,61,67,112,30,62,60,49,132,51,29"/><U83/><E43/><V46/><F127/><W116/><G112/><T2/><D36/><U100/><E125/><V110/><F110/><N who="1" m="41993" /><E23/><V93/><F131/><W84/><G39/><T105/><D108/><U122/><E8/><V85/><F65/><W91/><G132/><T7/><D130/><U50/><E50/><V54/><F107/><W45/><G51/><T52/><D105/><N who="1" m="63631" /><E5/><V133/><F133/><W104/><G116/><T26/><REACH who="0" step="1"/><D66/><REACH who="0" ten="245,294,235,196" step="2"/><U14/><E14/><V4/><F12/><W117/><G104/><T106/><D106/><U56/><E56/><V13/><F46/><W119/><G117/><T68/><D68/><U18/><E18/><V48/><F25/><W57/><G119/><T10/><D10/><U55/><E55/><V126/><F126/><W19/><G69/><T58/><D58/><U42/><E42/><V37/><F37/><W40/><G57/><T135/><D135/><U28/><E28/><AGARI ba="1,3" hai="1,2,3,6,7,15,16,21,26,28,32,52,59,63" machi="28" ten="40,8000,1" yaku="1,1,52,1,54,2,53,0" doraHai="17" doraHaiUra="80" who="0" fromWho="1" sc="245,113,294,-83,235,0,196,0" /><INIT seed="2,0,0,5,2,58" ten="358,211,235,196" oya="2" hai0="53,134,0,38,114,100,92,32,26,45,46,69,99" hai1="83,127,2,117,49,68,48,15,112,11,78,3,54" hai2="70,106,84,87,120,40,93,20,13,5,19,51,122" hai3="125,108,128,86,23,33,12,25,81,102,80,121,59"/><V98/><F70/><W71/><G121/><T31/><D114/><U73/><E112/><V39/><F39/><W132/><G71/><T115/><D115/><U116/><E68/><V79/><F106/><W55/><G108/><T47/><D0/><U30/><E30/><V56/><F5/><W24/><G125/><T101/><D134/><U42/><E127/><V104/><F104/><W76/><G128/><T88/><D38/><U91/><E91/><V1/><F1/><W118/><G118/><T103/><D69/><U63/><E2/><V8/><F8/><W97/><G132/><T94/><REACH who="0" step="1"/><D53/><REACH who="0" ten="348,211,235,196" step="2"/><U67/><E3/><V16/><F122/><W113/><G113/><T64/><D64/><U66/><E54/><N who="2" m="31839" /><F120/><W29/><G55/><T27/><D27/><U107/><E67/><V135/><F135/><W65/><G65/><T28/><D28/><U72/><E116/><V50/><F40/><W52/><G12/><T95/><AGARI ba="0,1" hai="26,31,32,45,46,47,88,92,94,95,99,100,101,103" machi="95" ten="40,5200,0" yaku="1,1,0,1,54,1,53,0" doraHai="58" doraHaiUra="60" who="0" fromWho="0" sc="348,62,211,-13,235,-26,196,-13" /><INIT seed="3,0,0,0,2,106" ten="410,198,209,183" oya="3" hai0="122,135,36,118,45,17,3,107,55,30,46,88,108" hai1="49,84,130,125,59,54,31,97,114,43,33,79,57" hai2="76,48,126,5,13,15,28,86,133,20,120,42,129" hai3="102,85,112,63,91,87,72,27,39,68,94,21,128"/><W61/><G112/><T104/><D118/><U124/><E114/><V37/><F37/><W70/><G128/><T121/><D3/><U18/><E130/><V19/><F129/><W2/><G72/><T25/><D17/><U38/><E18/><V132/><F126/><N who="1" m="48745" /><E97/><V96/><F120/><W92/><G2/><T9/><D9/><U10/><E10/><N who="2" m="4303" /><F28/><W81/><G39/><T65/><D55/><U51/><E38/><V74/><F74/><W44/><G44/><T119/><D46/><N who="1" m="25823" /><E57/><V50/><F96/><N who="3" m="59655" /><G68/><T62/><D104/><U0/><E0/><V35/><F35/><W52/><G70/><T77/><D25/><N who="1" m="18671" /><E84/><V32/><F32/><W29/><G52/><T90/><D77/><AGARI ba="0,0" hai="51,54,59,77,79" m="18671,25823,48745" machi="77" ten="30,1000,0" yaku="18,1" doraHai="106" who="1" fromWho="0" sc="410,-10,198,10,209,0,183,0" /><AGARI ba="0,0" hai="21,27,29,61,63,77,81,85,87,91,94" m="59655" machi="77" ten="30,1500,0" yaku="8,1" doraHai="106" who="3" fromWho="0" sc="400,-15,208,0,209,0,183,15" /><INIT seed="3,1,0,3,1,111" ten="385,208,209,198" oya="3" hai0="131,115,135,37,116,0,43,19,102,44,15,99,119" hai1="14,46,110,120,108,118,66,10,123,97,2,25,78" hai2="31,85,51,91,82,49,106,134,5,73,20,33,103" hai3="70,90,65,89,129,58,83,87,84,24,8,117,124"/><W21/><G117/><T62/><D0/><U98/><E118/><V94/><F33/><W45/><G70/><T34/><D34/><U81/><E2/><V63/><F134/><W52/><G124/><T39/><D39/><U96/><E66/><V92/><F5/><W1/><G129/><T95/><D135/><U77/><E25/><N who="2" m="16807" /><F63/><N who="3" m="38135" /><G1/><T114/><D62/><U64/><E64/><V68/><F68/><W29/><G8/><N who="0" m="6631" /><D131/><U13/><E46/><V112/><F112/><AGARI ba="1,0" hai="37,43,44,95,99,102,112,114,115,116,119" m="6631" machi="112" ten="30,7700,0" yaku="11,1,52,3" doraHai="111" who="0" fromWho="2" sc="385,80,208,0,209,-80,198,0" owari="465,56.5,208,0.8,129,-37.1,198,-20.2" /></mjloggm>