<mjloggm ver="2.3"><GO type="225" lobby="0"/><UN n0="%E3%81%A1%E3%82%85%E3%81%86%E3%81%A9%E3%81%8F%E8%B1%A1%E3%81%95%E3%82%93" n1="%E6%80%AA%E3%81%97%E3%81%99%E3%81%8E%E3%82%8B%E3%83%81%E3%83%BC" n2="%E3%83%A9%E3%83%96%E3%83%AC%E3%83%BC" n3="%E3%81%AF%E3%82%88%E3%81%8A%E3%81%98%E3%81%95%E3%82%93" dan="17,16,18,16" rate="2192.21,2144.94,2284.82,2157.22" sx="M,M,M,M"/><TAIKYOKU oya="0"/><INIT seed="0,0,0,4,2,134" ten="250,250,250,250" oya="0" hai0="135,119,120,43,103,52,125,61,41,29,36,100,6" hai1="34,5,113,32,92,93,66,131,7,77,75,64,124" hai2="25,129,132,48,9,39,111,57,97,20,96,133,1" hai3="16,37,74,79,121,31,59,8,126,30,82,45,63"/><T49/><D120/><U94/><E75/><V58/><F39/><W95/><G121/><T50/><D119/><U70/><E77/><V11/><F129/><W2/><G126/><T38/><D6/><N who="1" m="2059" /><E70/><V22/><F25/><W27/><G95/><T108/><D29/><U87/><E87/><V89/><F48/><W83/><G83/><T110/><D61/><U90/><E90/><V18/><F18/><W65/><G2/><T86/><D86/><U106/><E106/><V33/><F89/><W109/><G109/><T88/><D88/><U47/><E47/><V116/><F33/><N who="1" m="12905" /><E131/><V62/><F62/><W127/><G127/><T78/><D78/><U117/><E124/><V107/><F107/><W115/><G115/><T53/><REACH who="0" step="1"/><D125/><REACH who="0" ten="240,250,250,250" step="2"/><U4/><E4/><V24/><F116/><W91/><G91/><T73/><D73/><U98/><E117/><V81/><F133/><AGARI ba="0,1" hai="36,38,41,43,49,50,52,53,100,103,108,110,133,135" machi="133" ten="25,9600,0" yaku="1,1,22,2,54,1,53,0" doraHai="134" doraHaiUra="84" who="0" fromWho="2" sc="240,106,250,0,250,-96,250,0" /><INIT seed="0,1,0,5,3,90" ten="346,250,154,250" oya="0" hai0="115,78,86,118,88,68,125,35,108,96,67,11,41" hai1="104,107,40,32,29,120,27,62,33,54,38,25,111" hai2="128,94,103,79,87,16,39,9,64,102,12,73,72" hai3="3,17,21,53,101,31,97,69,36,110,89,7,82"/><T130/><D118/><U28/><E120/><V132/><F39/><W23/><G36/><T123/><D115/><U61/><E111/><V121/><F121/><W113/><G113/><T112/><D123/><U70/><E54/><V22/><F128/><W13/><G69/><T105/><D35/><U42/><E38/><V92/><F132/><W83/><G110/><T18/><D41/><U74/><E70/><V47/><F73/><AGARI ba="1,0" hai="25,27,28,29,32,33,40,42,61,62,73,74,104,107" machi="73" ten="25,1600,0" yaku="22,2" doraHai="90" who="1" fromWho="2" sc="346,0,250,19,154,-19,250,0" /><INIT seed="1,0,0,3,3,84" ten="346,269,135,250" oya="1" hai0="44,102,94,67,89,65,116,33,101,28,135,14,91" hai1="112,86,47,60,27,113,58,51,8,62,75,21,130" hai2="131,69,11,114,124,57,61,120,66,118,55,45,40" hai3="125,105,92,76,74,53,54,98,111,46,85,64,9"/><U95/><E75/><V3/><F3/><W42/><G111/><T29/><D116/><U133/><E133/><V107/><F107/><W108/><G108/><T17/><D44/><U43/><E130/><V6/><F6/><W99/><G125/><T35/><D94/><U82/><E95/><V127/><F11/><W63/><G9/><T73/><D14/><U71/><E71/><V123/><F118/><W24/><G24/><T88/><D73/><U110/><E110/><V106/><F106/><W68/><G74/><T121/><D17/><U7/><E62/><V52/><F131/><W50/><G99/><T39/><D39/><U10/><E10/><V83/><F83/><W96/><G98/><T81/><D81/><U26/><E60/><N who="2" m="35879" /><F55/><W132/><G132/><T126/><D126/><N who="2" m="48170" /><F114/><W48/><G105/><T12/><D12/><U20/><E112/><V22/><F22/><W32/><G32/><N who="0" m="12363" /><D121/><U100/><E113/><V49/><AGARI ba="0,0" hai="40,45,49,61,66,69,120,123" m="48170,35879" machi="49" ten="30,7900,0" yaku="18,1,34,2,54,1" doraHai="84" who="2" fromWho="2" sc="346,-20,269,-39,135,79,250,-20" /><INIT seed="2,0,0,3,4,94" ten="326,230,214,230" oya="2" hai0="89,128,37,124,36,53,79,16,29,0,117,110,33" hai1="91,61,102,10,69,77,125,135,112,35,58,63,126" hai2="99,82,23,28,43,45,104,59,130,111,19,54,7" hai3="131,122,27,44,96,121,60,14,31,11,74,26,95"/><V129/><F28/><W127/><G74/><T100/><D0/><U75/><E112/><V21/><F7/><W40/><G127/><N who="1" m="48650" /><E135/><V22/><F82/><W71/><G131/><N who="2" m="50185" /><F111/><W93/><G93/><T49/><D89/><U65/><E35/><V39/><F54/><W97/><G95/><T98/><D53/><N who="1" m="33999" /><E102/><N who="2" m="62559" /><F59/><W101/><G101/><T86/><D29/><U51/><E91/><V47/><F47/><W48/><G121/><T57/><D124/><U4/><E77/><V55/><F55/><W90/><G90/><T32/><D79/><U83/><E83/><V2/><F2/><W92/><G92/><T52/><D32/><U114/><E75/><V3/><F3/><W41/><G122/><T30/><D33/><U67/><E114/><V109/><F109/><W38/><G31/><T115/><D128/><U42/><E65/><V24/><AGARI ba="0,0" hai="19,21,22,23,24,39,43,45" m="62559,50185" machi="24" ten="30,3000,0" yaku="19,1,52,1" doraHai="94" who="2" fromWho="2" sc="326,-10,230,-10,214,30,230,-10" /><INIT seed="2,1,0,4,4,18" ten="316,220,244,220" oya="2" hai0="52,43,120,95,99,97,121,98,135,59,1,29,50" hai1="62,2,128,96,75,34,39,129,13,6,55,61,19" hai2="118,7,37,20,68,47,30,58,116,101,119,131,32" hai3="84,15,69,54,16,125,49,114,63,106,8,71,91"/><V60/><F32/><W33/><G106/><T67/><D1/><U86/><E75/><V38/><F68/><W66/><G125/><T78/><D78/><U89/><E39/><V48/><F101/><W35/><G71/><T21/><D135/><U5/><E34/><V112/><F7/><N who="1" m="2569" /><E96/><V40/><F112/><W111/><G111/><T122/><D43/><U77/><E55/><V113/><F113/><W27/><G27/><T70/><D70/><U73/><E77/><V45/><F131/><N who="1" m="50249" /><E2/><V92/><F47/><W41/><G41/><T134/><D67/><U103/><E103/><V93/><F38/><W42/><G42/><T31/><D134/><U53/><E53/><V24/><REACH who="2" step="1"/><F37/><REACH who="2" ten="316,220,234,220" step="2"/><W23/><G114/><T25/><REACH who="0" step="1"/><D29/><REACH who="0" ten="306,220,234,220" step="2"/><U44/><E73/><V90/><F90/><AGARI ba="1,2" hai="21,25,31,50,52,59,90,95,97,98,99,120,121,122" machi="90" ten="40,8000,1" yaku="1,1,2,1,52,1,54,1,53,0" doraHai="18" doraHaiUra="100" who="0" fromWho="2" sc="306,103,220,0,234,-83,220,0" /><INIT seed="3,0,0,3,1,123" ten="409,220,151,220" oya="3" hai0="90,41,2,75,33,12,57,92,113,11,5,117,42" hai1="86,28,78,108,96,44,52,100,21,17,32,70,63" hai2="18,22,125,91,79,0,129,60,65,133,87,104,103" hai3="84,15,30,6,35,61,37,26,135,101,62,110,111"/><W81/><G37/><T128/><D33/><U38/><E108/><N who="3" m="41514" /><G135/><T94/><D75/><U88/><E78/><V23/><F0/><W51/><G101/><T121/><D121/><U76/><E76/><V13/><F129/><W20/><G51/><T114/><D117/><U27/><E38/><V127/><F133/><W43/><G43/><T83/><D2/><U126/><E126/><V120/><F120/><W77/><G35/><T29/><D29/><U9/><E9/><AGARI ba="0,0" hai="6,9,15,20,26,30,61,62,77,81,84" m="41514" machi="9" ten="30,12000,1" yaku="14,1,10,1,52,3" doraHai="123" who="3" fromWho="1" sc="409,0,220,-120,151,0,220,120" /><INIT seed="3,1,0,4,5,108" ten="409,100,151,340" oya="3" hai0="8,51,4,120,38,75,14,109,15,92,44,97,50" hai1="103,128,124,31,123,22,131,68,30,134,64,93,21" hai2="56,40,121,1,53,73,46,66,41,2,11,60,49" hai3="62,78,129,81,94,80,86,28,122,79,70,6,127"/><W47/><G122/><T115/><D120/><U26/><E93/><V0/><F121/><W119/><G119/><T55/><D75/><U125/><E103/><V116/><F116/><W25/><G127/><N who="1" m="48714" /><E64/><V130/><F73/><W96/><G129/><N who="1" m="49738" /><E68/><N who="2" m="42055" /><F130/><W57/><G70/><T85/><D109/><U117/><E123/><V20/><F20/><N who="1" m="7785" /><E117/><V10/><F41/><W112/><G112/><T106/><D115/><U83/><E83/><V100/><F100/><W9/><G47/><T3/><D38/><AGARI ba="1,0" hai="0,1,2,10,11,38,40,46,49,53,56" m="42055" machi="38" ten="30,1000,0" yaku="24,1" doraHai="108" who="2" fromWho="0" sc="409,-13,100,0,151,13,340,0" owari="396,49.6,100,-40.0,164,-23.6,340,14.0" /></mjloggm>