<mjloggm ver="2.3"><GO type="225" lobby="0"/><UN n0="%E2%91%A3%E9%81%BF%E9%81%8A%E6%88%AF%E3%80%90%E6%9D%B1%E5%8D%97%E3%80%91" n1="%E3%83%A1%E3%82%AC%E3%83%87%E3%82%B8" n2="%72%69%6F%75%63%68%61%6E" n3="%E5%B8%86%E7%AB%8B%E5%A4%8F%E8%A1%A3" dan="16,16,17,17" rate="2109.01,2119.05,2258.73,2140.73" sx="M,F,M,M"/><TAIKYOKU oya="0"/><INIT seed="0,0,0,5,3,81" ten="250,250,250,250" oya="0" hai0="49,62,15,120,70,105,89,29,133,93,124,30,85" hai1="84,101,51,108,109,99,5,92,38,43,131,48,9" hai2="22,83,54,78,63,80,44,74,36,13,95,12,119" hai3="23,40,68,82,106,86,91,21,111,129,115,34,96"/><T16/><D120/><U112/><E131/><V122/><F122/><W87/><G129/><T10/><D105/><U66/><E66/><V58/><F119/><W116/><G116/><T79/><D124/><U67/><E67/><V53/><F95/><W39/><G68/><T6/><D133/><U77/><E38/><V37/><F80/><W28/><G111/><N who="1" m="42570" /><E43/><V103/><F103/><W47/><G115/><T65/><D49/><N who="1" m="19019" /><E112/><V2/><F2/><W56/><G56/><T127/><D127/><U64/><E64/><V128/><F128/><W4/><G4/><T71/><D71/><U0/><E77/><V107/><F107/><W125/><G125/><T32/><D32/><U113/><E113/><V8/><F53/><W134/><G134/><T110/><D110/><U42/><E42/><V97/><F44/><W75/><G75/><T26/><REACH who="0" step="1"/><D79/><REACH who="0" ten="240,250,250,250" step="2"/><U126/><E126/><V88/><F36/><W98/><G106/><T7/><D7/><U121/><E121/><V50/><F50/><N who="3" m="26983" /><G34/><T46/><D46/><U20/><E5/><N who="2" m="3087" /><F37/><W104/><G104/><T135/><D135/><U73/><E73/><V61/><F78/><W102/><G39/><T3/><D3/><U45/><E0/><V130/><F74/><W18/><G82/><T11/><D11/><U41/><E9/><V72/><F72/><W55/><G23/><AGARI ba="0,1" hai="6,10,15,16,23,26,29,30,62,65,70,85,89,93" machi="23" ten="40,12000,1" yaku="1,1,52,1,54,1,53,2" doraHai="81" doraHaiUra="24" who="0" fromWho="3" sc="240,130,250,0,250,0,250,-120" /><INIT seed="0,1,0,5,3,84" ten="370,250,250,130" oya="0" hai0="89,104,63,2,35,96,38,131,110,44,94,61,115" hai1="41,8,83,73,50,78,92,128,90,56,32,49,108" hai2="59,99,66,42,58,53,15,85,81,28,12,106,135" hai3="11,9,119,20,118,31,77,105,24,16,43,64,113"/><T98/><D115/><U47/><E108/><V54/><F135/><W134/><G105/><T127/><D110/><U97/><E128/><V133/><F133/><W22/><G134/><T23/><D35/><U125/><E125/><V69/><F42/><W86/><G43/><T132/><D132/><U40/><E32/><V121/><F121/><W95/><G64/><T88/><D2/><U74/><E8/><N who="3" m="3146" /><G95/><T48/><D38/><U112/><E112/><V126/><F126/><W30/><G86/><T130/><D127/><U55/><REACH who="1" step="1"/><E40/><REACH who="1" ten="370,240,250,130" step="2"/><V91/><F28/><N who="3" m="17415" /><G113/><T1/><D131/><U114/><E114/><V29/><F29/><N who="3" m="10763" /><G77/><T124/><D130/><U51/><E51/><N who="2" m="31039" /><F69/><W93/><G93/><T18/><D124/><U65/><E65/><V37/><F106/><W25/><AGARI ba="1,1" hai="16,22,25,118,119" m="10763,17415,3146" machi="25" ten="30,4000,0" yaku="34,2,54,1" doraHai="84" who="3" fromWho="3" sc="370,-21,240,-11,250,-11,130,53" /><INIT seed="1,0,0,2,2,81" ten="349,229,239,183" oya="1" hai0="65,79,92,21,43,73,104,113,64,93,83,14,11" hai1="44,46,53,133,59,20,108,132,84,17,40,124,58" hai2="37,15,32,39,97,61,99,129,10,80,31,126,57" hai3="56,121,29,52,66,68,86,5,72,69,49,131,78"/><U91/><E124/><V9/><F126/><W135/><G121/><T125/><D125/><U22/><E108/><V3/><F129/><W50/><G131/><T75/><D113/><U85/><E53/><V123/><F123/><W128/><G72/><T127/><D127/><U110/><E91/><V70/><F70/><W35/><G128/><T130/><D130/><U12/><E110/><V114/><F114/><W106/><G106/><T90/><D104/><U27/><E12/><V71/><F71/><W28/><G135/><N who="1" m="51786" /><E22/><V19/><F80/><N who="3" m="47383" /><G69/><T105/><D105/><U23/><E23/><V8/><F39/><W34/><G34/><T77/><D21/><U67/><E46/><V4/><F37/><W1/><G35/><T48/><D77/><U94/><E94/><V119/><F119/><W122/><G122/><T60/><D75/><U102/><E102/><V45/><F45/><N who="3" m="27695" /><G68/><T116/><D116/><U134/><N who="1" m="51794" /><U100/><DORA hai="88" /><E100/><V33/><F33/><W51/><G1/><T55/><D43/><U24/><E24/><V42/><F42/><W63/><G5/><T54/><D73/><U25/><E25/><V95/><F4/><W107/><G107/><T109/><D109/><U18/><E18/><V96/><F3/><W16/><G16/><T112/><D112/><U0/><E0/><V111/><F111/><W98/><G98/><T47/><D79/><U101/><E101/><N who="2" m="60575" /><F99/><W26/><G26/><T13/><D13/><U120/><E120/><V118/><F97/><W76/><G76/><T87/><D14/><U36/><E58/><V62/><F57/><RYUUKYOKU ba="0,0" sc="349,-15,229,15,239,-15,183,15" hai1="17,20,27,36,40,44,59,67,84,85" hai3="28,29,50,51,56,63,66" /><INIT seed="1,1,0,5,4,82" ten="334,244,224,198" oya="1" hai0="126,105,64,38,106,54,33,134,87,2,101,98,79" hai1="102,93,30,104,31,68,29,66,95,63,112,55,116" hai2="43,23,59,114,75,103,7,76,28,27,39,107,128" hai3="48,92,57,14,22,12,86,5,58,44,32,65,108"/><U49/><E112/><V100/><F128/><W1/><G108/><T77/><D33/><U113/><E113/><V8/><F114/><W115/><G115/><T110/><D2/><U52/><E116/><V129/><F129/><W69/><G32/><T62/><D38/><U4/><E4/><V120/><F120/><W88/><G69/><T135/><D110/><U130/><E130/><V24/><F107/><W119/><G119/><T45/><D106/><U25/><E25/><V84/><F75/><W90/><G1/><T117/><D117/><U131/><E131/><V96/><F96/><W42/><G65/><T83/><D79/><U123/><E123/><V50/><F39/><W6/><G90/><T9/><D9/><U47/><REACH who="1" step="1"/><E55/><REACH who="1" ten="334,234,224,198" step="2"/><V37/><F24/><W121/><G121/><T133/><D54/><U91/><E91/><V81/><F37/><W51/><G14/><T17/><D134/><U125/><E125/><V85/><F7/><N who="3" m="2571" /><G51/><T99/><D126/><U80/><E80/><V127/><F127/><W20/><G12/><T122/><D122/><U118/><E118/><V53/><F50/><W10/><G10/><T13/><D135/><U40/><E40/><V15/><F43/><W21/><AGARI ba="1,1" hai="20,21,22,42,44,48,57,58,86,88,92" m="2571" machi="21" ten="30,4000,0" yaku="8,1,52,1,54,1" doraHai="82" who="3" fromWho="3" sc="334,-11,234,-21,224,-11,198,53" /><INIT seed="2,0,0,5,0,60" ten="323,213,213,251" oya="2" hai0="24,7,42,46,20,19,12,91,116,101,53,58,22" hai1="123,57,89,94,99,29,34,81,88,8,23,64,75" hai2="45,6,44,77,111,73,14,128,52,83,1,129,112" hai3="18,68,63,126,55,17,87,80,33,98,28,86,132"/><V2/><F112/><W0/><G0/><T51/><D116/><U50/><E34/><V38/><F111/><W107/><G126/><T49/><D101/><U127/><E127/><V3/><F38/><W125/><G125/><T84/><D7/><U11/><E123/><V96/><F96/><W61/><G132/><T95/><D24/><N who="1" m="16543" /><E75/><V90/><F90/><W56/><G33/><T25/><D25/><U135/><E135/><V121/><F121/><W85/><G28/><T105/><D105/><U5/><E5/><V122/><F122/><W104/><G104/><T97/><D22/><U67/><E50/><V31/><F31/><W65/><REACH who="3" step="1"/><G80/><REACH who="3" ten="323,213,213,241" step="2"/><T106/><D106/><U117/><E117/><V40/><F40/><W43/><G43/><T108/><D108/><U13/><E8/><N who="2" m="4375" /><F52/><W113/><G113/><T54/><D42/><U36/><E36/><V39/><F39/><W70/><G70/><T10/><D10/><U41/><E41/><V15/><F15/><W66/><G66/><T109/><D109/><U134/><E134/><V27/><F27/><W76/><G76/><T82/><D82/><U100/><E81/><V79/><F77/><W62/><G62/><T72/><D72/><U110/><E110/><V30/><F30/><W103/><AGARI ba="0,1" hai="17,18,55,56,61,63,65,68,85,86,87,98,103,107" machi="103" ten="30,4000,0" yaku="1,1,0,1,52,1,53,0" doraHai="60" doraHaiUra="16" who="3" fromWho="3" sc="323,-10,213,-10,213,-20,241,50" /><INIT seed="3,0,0,4,5,109" ten="313,203,193,291" oya="3" hai0="115,45,50,9,54,13,21,112,113,35,3,6,37" hai1="39,99,126,122,61,20,12,84,73,91,63,133,11" hai2="4,64,88,125,24,121,48,119,128,110,32,67,65" hai3="5,53,80,22,100,79,34,106,40,29,129,60,102"/><W16/><G129/><T8/><D35/><U69/><E73/><V46/><F119/><W96/><G100/><T117/><D37/><U70/><E122/><V23/><F32/><W78/><G5/><N who="0" m="3247" /><D21/><U124/><E39/><V33/><F33/><W107/><G107/><T62/><D62/><N who="1" m="23563" /><E20/><V43/><F110/><W49/><G40/><T81/><D81/><N who="1" m="49551" /><E99/><V10/><F125/><N who="1" m="48233" /><E133/><V118/><F118/><AGARI ba="0,0" hai="3,6,8,45,50,54,112,113,115,117,118" m="3247" machi="118" ten="30,7700,0" yaku="11,1,52,3" doraHai="109" who="0" fromWho="2" sc="313,77,203,0,193,-77,291,0" owari="390,49.0,203,-19.7,116,-38.4,291,9.1" /></mjloggm>