<mjloggm ver="2.3"><GO type="225" lobby="0"/><UN n0="%E3%81%BF%E3%81%BF%E3%81%9A" n1="%73%75%7A%75%6D%65%33" n2="%E5%A4%9C%E5%85%89%E5%A4%A9%E6%A5%BC" n3="%72%65%6E%6B%75%6E" dan="18,17,16,17" rate="2254.18,2252.09,2141.76,2196.56" sx="M,M,F,M"/><TAIKYOKU oya="0"/><INIT seed="0,0,0,0,3,18" ten="250,250,250,250" oya="0" hai0="32,89,106,72,64,62,118,7,25,13,112,68,67" hai1="4,83,73,10,19,117,104,50,41,107,34,42,102" hai2="37,51,59,40,61,65,71,124,49,29,128,31,129" hai3="80,127,39,57,92,28,90,63,77,126,2,9,95"/><T43/><D112/><U93/><E34/><V45/><F31/><W125/><G39/><T94/><D118/><U115/><E117/><V85/><F85/><N who="3" m="48271" /><G28/><T101/><D72/><U8/><E115/><V131/><F29/><W69/><G69/><T15/><D43/><U98/><E73/><V87/><F87/><W60/><G57/><T91/><D67/><U3/><E83/><V33/><F33/><W53/><G53/><T12/><D7/><U114/><E114/><V116/><F116/><W21/><G21/><T99/><D94/><N who="3" m="35881" /><G90/><T70/><D70/><U134/><E42/><V88/><F88/><W0/><G9/><T24/><D24/><U58/><E41/><V105/><F105/><W54/><G54/><T75/><D75/><U47/><E58/><V30/><F30/><AGARI ba="0,0" hai="12,13,15,25,30,32,62,64,68,89,91,99,101,106" machi="30" ten="40,3900,0" yaku="25,2" doraHai="18" who="0" fromWho="2" sc="250,39,250,0,250,-39,250,0" /><INIT seed="0,1,0,3,5,99" ten="289,250,211,250" oya="0" hai0="117,41,17,88,51,50,113,27,70,124,129,131,23" hai1="1,118,81,18,73,101,125,122,91,87,3,47,57" hai2="62,90,33,92,82,103,5,105,123,115,93,9,95" hai3="61,134,46,31,74,77,135,71,35,34,21,45,42"/><T86/><D113/><U29/><E118/><V107/><F123/><W75/><G21/><T96/><D117/><U55/><E122/><V44/><F33/><N who="3" m="12299" /><G31/><T59/><D124/><U64/><E125/><V112/><F107/><W58/><G71/><T63/><D70/><U2/><E29/><V0/><F62/><W65/><G77/><T78/><D78/><U43/><E73/><N who="3" m="27658" /><G42/><T80/><D41/><U20/><E64/><V121/><F44/><W12/><G12/><T6/><D6/><U8/><E8/><V127/><F121/><W32/><N who="3" m="12307" /><W66/><DORA hai="48" /><G66/><T98/><D131/><U4/><E4/><V14/><F127/><W49/><G49/><N who="0" m="18443" /><D129/><U69/><E69/><V7/><F7/><W83/><G83/><T79/><D79/><U76/><E76/><V106/><F106/><W130/><G130/><T94/><D80/><U19/><E47/><V28/><F28/><W114/><G114/><T10/><D10/><U68/><E68/><V13/><F112/><W54/><G65/><AGARI ba="1,0" hai="17,23,27,59,63,65,86,88,94,96,98" m="18443" machi="65" ten="30,2900,0" yaku="8,1,54,1" doraHai="99,48" who="0" fromWho="3" sc="289,32,250,0,211,0,250,-32" /><INIT seed="0,2,0,4,4,22" ten="321,250,211,218" oya="0" hai0="123,57,105,4,49,133,53,20,45,7,17,120,8" hai1="26,19,68,16,78,131,64,81,3,128,48,85,54" hai2="23,74,42,114,124,18,38,93,52,1,2,90,121" hai3="125,126,104,30,61,88,118,46,86,77,100,76,11"/><T9/><D105/><U12/><E3/><V94/><F121/><W122/><G118/><T134/><D8/><U21/><E68/><V107/><F114/><W119/><G119/><T58/><D123/><U82/><E64/><V40/><F107/><W70/><G122/><T65/><D120/><U50/><E82/><V5/><F74/><W116/><G116/><T67/><D67/><U98/><E98/><V87/><F124/><N who="3" m="47723" /><G30/><T95/><D95/><U36/><E36/><V0/><F5/><N who="0" m="2122" /><D9/><N who="1" m="6159" /><E54/><V129/><F38/><W101/><G11/><T117/><D65/><U39/><E39/><V79/><F129/><AGARI ba="2,0" hai="19,21,26,48,50,78,81,85,128,129,131" m="6159" machi="129" ten="30,3900,0" yaku="19,1,52,1,54,1" doraHai="22" who="1" fromWho="2" sc="321,0,250,45,211,-45,218,0" /><INIT seed="1,0,0,0,1,121" ten="321,295,166,218" oya="1" hai0="94,56,32,36,25,34,6,135,46,55,108,39,0" hai1="15,110,98,37,59,132,66,105,41,115,79,50,69" hai2="129,10,124,106,2,104,27,100,67,3,93,45,130" hai3="9,76,107,101,18,116,71,30,81,7,127,65,17"/><U13/><E115/><V125/><F67/><W47/><G127/><N who="2" m="48713" /><F27/><W68/><G116/><T114/><D6/><U120/><E120/><V11/><F93/><W61/><G30/><T111/><D0/><N who="2" m="42" /><F100/><W12/><G71/><T78/><D114/><U128/><E98/><V33/><F45/><W40/><G101/><T4/><D4/><U48/><E66/><V85/><F85/><W60/><G60/><T54/><D94/><U22/><E69/><V103/><F103/><W122/><G107/><N who="2" m="41001" /><F33/><W77/><G122/><T102/><D102/><U24/><E105/><V35/><F35/><W84/><REACH who="3" step="1"/><G76/><REACH who="3" ten="321,295,166,208" step="2"/><T82/><D78/><U1/><E79/><V62/><F62/><W20/><G20/><T123/><D34/><U28/><E22/><V109/><F109/><W86/><G86/><T57/><D123/><U80/><E110/><V91/><F91/><W64/><G64/><T117/><D32/><U16/><E28/><V21/><F21/><W87/><G87/><T26/><D117/><U126/><E126/><V38/><F38/><AGARI ba="0,1" hai="7,9,12,17,18,38,40,47,61,65,68,77,81,84" machi="38" ten="30,2000,0" yaku="1,1,7,1,53,0" doraHai="121" doraHaiUra="96" who="3" fromWho="2" sc="321,0,295,0,166,-20,208,30" /><INIT seed="2,0,0,1,2,132" ten="321,295,146,238" oya="2" hai0="48,97,111,106,20,25,29,41,96,57,8,14,44" hai1="1,26,87,16,42,68,123,91,103,40,95,11,4" hai2="55,43,15,73,34,101,74,17,81,52,85,93,53" hai3="100,19,24,78,84,21,65,12,13,33,129,30,133"/><V86/><F34/><W56/><G133/><T131/><D111/><U118/><E118/><V67/><F67/><W3/><G3/><T47/><D131/><U7/><E68/><V64/><F64/><W76/><G129/><T121/><D106/><U59/><E123/><V104/><F43/><N who="1" m="16425" /><E1/><V35/><F35/><W122/><G122/><T54/><D121/><U69/><E69/><V31/><F31/><W126/><G100/><T77/><D77/><U90/><E103/><V70/><F104/><W58/><G13/><T88/><D88/><N who="1" m="53663" /><E59/><V22/><F70/><W94/><G58/><T127/><D127/><U113/><E113/><V107/><F107/><W32/><G32/><T125/><D125/><U49/><E49/><V80/><F74/><W135/><G135/><T99/><REACH who="0" step="1"/><D41/><REACH who="0" ten="311,295,146,238" step="2"/><U124/><E124/><V92/><F73/><W61/><G126/><T82/><D82/><N who="2" m="31850" /><F101/><W50/><G50/><T6/><AGARI ba="0,1" hai="6,8,14,20,25,29,44,47,48,54,57,96,97,99" machi="6" ten="30,7900,0" yaku="1,1,0,1,8,1,53,1" doraHai="132" doraHaiUra="0" who="0" fromWho="0" sc="311,89,295,-20,146,-39,238,-20" /><INIT seed="3,0,0,0,5,10" ten="400,275,107,218" oya="3" hai0="61,41,70,86,135,97,87,125,39,94,13,119,11" hai1="111,98,49,27,55,7,84,101,37,53,102,132,128" hai2="65,79,92,45,118,89,123,36,78,121,96,124,83" hai3="81,90,104,26,38,8,108,14,72,114,30,99,120"/><W5/><G114/><T35/><D35/><U82/><E37/><V103/><F36/><W122/><G38/><T109/><D119/><U12/><E111/><V42/><F42/><W34/><G108/><T130/><D109/><U63/><E132/><V17/><F118/><W117/><G117/><T0/><D0/><U50/><E128/><V58/><F45/><W127/><G127/><T20/><D20/><U32/><E32/><V116/><F116/><W57/><G72/><T62/><D125/><U69/><E27/><V110/><F124/><W43/><G43/><T68/><D68/><U129/><E129/><V46/><F46/><W64/><G81/><T67/><D62/><U54/><E69/><V71/><F71/><W9/><G90/><T93/><D135/><U23/><E63/><V66/><F58/><W28/><G28/><T48/><D39/><U1/><E1/><V51/><F51/><N who="1" m="19465" /><E98/><V77/><F110/><W80/><G80/><T59/><D11/><N who="1" m="4223" /><E23/><V3/><F3/><W112/><G112/><T6/><D87/><U113/><E113/><V85/><REACH who="2" step="1"/><F17/><REACH who="2" ten="400,275,97,218" step="2"/><W25/><G57/><T40/><D59/><U18/><E18/><V134/><F134/><W21/><G64/><AGARI ba="0,1" hai="64,65,66,77,78,79,83,85,89,92,96,103,121,123" machi="64" ten="40,8000,1" yaku="1,1,53,3" doraHai="10" doraHaiUra="60" who="2" fromWho="3" sc="400,0,275,0,97,90,218,-80" owari="400,50.0,275,7.5,187,-21.3,138,-36.2" /></mjloggm>