<mjloggm ver="2.3"><GO type="225" lobby="0"/><UN n0="%72%65%6E%6B%75%6E" n1="%E6%A1%9C%E8%8A%B1%E9%96%83%E3%80%85" n2="%E6%B4%BE%E9%81%A3%E3%81%AE%E3%82%B8%E3%83%A3%E3%83%83%E3%82%AF" n3="%6D%75%75%6D%75%72%61" dan="17,18,16,16" rate="2333.78,2196.58,2155.74,2200.36" sx="M,M,M,F"/><TAIKYOKU oya="0"/><INIT seed="0,0,0,0,1,61" ten="250,250,250,250" oya="0" hai0="31,133,5,88,38,117,109,16,65,126,36,116,121" hai1="110,8,58,64,134,20,125,54,77,33,130,49,6" hai2="70,103,28,135,23,74,93,89,66,94,57,97,22" hai3="62,83,106,108,35,73,56,122,107,27,95,115,30"/><T78/><D31/><U34/><E110/><V99/><F74/><W129/><G115/><T79/><D5/><U48/><E134/><V85/><F135/><W69/><G108/><T12/><D133/><U96/><E130/><V87/><F70/><W41/><G129/><T2/><D2/><U60/><E125/><V86/><REACH who="2" step="1"/><F28/><REACH who="2" ten="250,250,240,250" step="2"/><W55/><G69/><T29/><D109/><U120/><E120/><V98/><F98/><W132/><G122/><T45/><D29/><U37/><E96/><V104/><F104/><W131/><G132/><T32/><D121/><U44/><E37/><V1/><F1/><W11/><G131/><T123/><D123/><U101/><E34/><V92/><F92/><W17/><G95/><T7/><D32/><U75/><E33/><V113/><F113/><W0/><G107/><T102/><D36/><U127/><E75/><V105/><F105/><W19/><G106/><T112/><D38/><U59/><E127/><V128/><F128/><W100/><G100/><T9/><D126/><U39/><E101/><V53/><F53/><W119/><G119/><T26/><D102/><U21/><E39/><V3/><F3/><W80/><G73/><T24/><D112/><U18/><E18/><N who="3" m="6666" /><G41/><T82/><D116/><U13/><E77/><V25/><F25/><N who="0" m="9834" /><D78/><U67/><E67/><V72/><F72/><W50/><G0/><T124/><D79/><U51/><E64/><V4/><F4/><W10/><G35/><T114/><D117/><U43/><E6/><V81/><F81/><N who="3" m="31307" /><G27/><T46/><D114/><U68/><E68/><V63/><AGARI ba="0,1" hai="22,23,57,63,66,85,86,87,89,93,94,97,99,103" machi="63" ten="30,8000,1" yaku="1,1,5,1,0,1,8,1,52,1,53,0" doraHai="61" doraHaiUra="42" who="2" fromWho="2" sc="250,-40,250,-20,240,90,250,-20" /><INIT seed="1,0,0,5,3,68" ten="210,230,330,230" oya="1" hai0="61,134,76,64,7,127,44,101,23,6,40,10,82" hai1="49,94,51,46,1,60,50,54,110,24,74,103,124" hai2="118,85,99,132,36,86,8,131,31,14,130,135,126" hai3="95,125,22,119,19,38,67,9,43,97,91,41,39"/><U28/><E124/><V3/><F3/><W77/><G125/><T17/><D127/><U133/><E74/><V117/><F126/><W122/><G122/><T58/><D134/><N who="2" m="51242" /><F31/><W65/><G77/><T113/><D101/><U2/><E133/><V33/><F99/><W96/><G9/><T121/><D113/><U5/><E110/><V66/><F66/><W73/><G73/><T129/><D129/><N who="2" m="49162" /><F33/><W107/><G119/><N who="2" m="45577" /><F36/><W37/><G67/><T70/><D70/><U13/><E1/><V123/><F123/><W20/><G65/><T109/><D109/><U21/><E2/><V93/><F93/><W11/><G107/><T112/><D112/><U26/><E94/><V62/><F62/><W87/><G97/><T114/><D121/><U92/><E60/><V34/><F34/><W79/><G96/><T16/><D114/><U108/><E108/><V72/><F72/><W27/><G95/><T102/><D102/><U128/><E128/><V52/><F52/><W71/><G71/><T88/><D40/><U48/><E92/><V106/><F106/><W63/><G43/><T25/><D44/><U75/><E75/><V115/><F115/><W105/><G41/><T53/><D64/><U56/><E46/><V78/><F78/><W57/><G105/><T12/><D76/><U83/><E103/><V4/><AGARI ba="0,0" hai="4,8,14,85,86" m="45577,49162,51242" machi="4" ten="40,2700,0" yaku="20,1,19,1" doraHai="68" who="2" fromWho="2" sc="210,-7,230,-13,330,27,230,-7" /><INIT seed="2,0,0,3,5,19" ten="203,217,357,223" oya="2" hai0="114,102,91,51,4,48,105,30,15,53,65,5,81" hai1="98,35,96,72,75,63,64,85,73,116,62,36,22" hai2="88,20,99,21,45,12,56,38,130,27,134,18,77" hai3="49,52,94,92,8,111,74,70,95,14,41,125,69"/><V90/><F130/><W115/><G111/><T11/><D114/><U58/><E116/><V40/><F134/><W117/><G117/><T122/><D122/><U123/><E35/><V25/><F77/><W133/><G133/><T37/><D37/><U32/><E32/><V79/><F79/><W135/><G135/><T26/><D65/><U46/><E123/><V93/><F56/><W50/><G74/><T71/><D71/><U6/><E6/><V57/><F57/><W128/><G128/><T24/><D5/><U83/><E63/><V47/><F47/><W84/><G125/><T17/><D4/><U120/><E120/><V34/><F34/><W43/><G115/><T68/><D68/><U31/><E46/><V119/><F119/><W2/><G2/><T132/><D132/><U55/><E36/><V16/><F90/><N who="3" m="53319" /><G70/><T39/><D39/><U89/><REACH who="1" step="1"/><E64/><REACH who="1" ten="203,207,357,223" step="2"/><V82/><F82/><W97/><G50/><T59/><D51/><U80/><E80/><V107/><F107/><W33/><G33/><T78/><D78/><U108/><E108/><V131/><F131/><W127/><G127/><T23/><D105/><U3/><E3/><V29/><F29/><W106/><G69/><T87/><D102/><U0/><E0/><V67/><F67/><W103/><G106/><T121/><D121/><U104/><E104/><V86/><F38/><W118/><G118/><T109/><D109/><U129/><E129/><V44/><F44/><N who="3" m="27687" /><G95/><T28/><D28/><U1/><E1/><V13/><F93/><W66/><G66/><T7/><D30/><U112/><E112/><RYUUKYOKU ba="0,1" sc="203,10,207,10,357,-30,223,10" hai0="7,11,15,17,23,24,26,48,53,59,81,87,91" hai1="22,31,55,58,62,72,73,75,83,85,89,96,98" hai3="8,14,41,43,94,97,103" /><INIT seed="3,1,1,1,4,37" ten="213,217,327,233" oya="3" hai0="108,87,105,28,31,62,34,47,33,55,20,131,124" hai1="43,85,121,39,67,50,42,84,10,66,82,133,60" hai2="6,123,14,48,13,128,91,22,45,72,101,69,44" hai3="79,90,93,8,15,88,126,75,9,36,115,21,110"/><W23/><G115/><T76/><D105/><U38/><E121/><V41/><F69/><W102/><G36/><T73/><D73/><U114/><E114/><V77/><F101/><W2/><G126/><T94/><D124/><U25/><E133/><V134/><F91/><N who="3" m="34859" /><G75/><T95/><D33/><U0/><E0/><V132/><F128/><W63/><G2/><T27/><D131/><U7/><E7/><V30/><F123/><W32/><G32/><T113/><D113/><U1/><E1/><V109/><F109/><W24/><G110/><T135/><D135/><N who="2" m="51754" /><F6/><W35/><G35/><T51/><D62/><U19/><E25/><N who="2" m="16695" /><F45/><W118/><G79/><T99/><D99/><U96/><E96/><V92/><F92/><N who="0" m="35370" /><D34/><U64/><E39/><V83/><AGARI ba="1,1" hai="13,14,41,44,48,72,77,83" m="16695,51754" machi="83" ten="30,2000,0" yaku="20,1,52,1" doraHai="37" who="2" fromWho="2" sc="213,-6,217,-6,327,33,233,-11" owari="207,-29.3,211,-18.9,360,46.0,222,2.2" /></mjloggm>