<mjloggm ver="2.3"><GO type="225" lobby="0"/><UN n0="%E5%AF%82%E5%AF%9E%E3%82%AE%E3%83%8D%E3%82%B9%E3%83%93%E3%83%BC%E3%83%AB" n1="%E3%81%BD%E3%81%A1%E3%81%9F%E3%81%93%E3%82%84" n2="%E7%B4%94%E6%BD%94%E3%83%94%E3%83%A9%E3%83%8B%E3%82%A2" n3="%28%EF%BF%A3%E2%96%BD%EF%BF%A3%29%CE%B4%E2%8C%92%E3%83%BB" dan="16,17,17,16" rate="2157.63,2193.93,2283.08,2098.41" sx="M,M,M,M"/><TAIKYOKU oya="0"/><INIT seed="0,0,0,0,0,89" ten="250,250,250,250" oya="0" hai0="91,57,126,107,28,6,104,65,78,30,20,88,94" hai1="90,54,81,131,66,125,33,58,50,85,109,56,26" hai2="117,119,16,52,19,61,134,133,25,32,46,3,10" hai3="13,75,49,18,31,105,67,84,41,120,44,92,24"/><T97/><D126/><U15/><E125/><V1/><F46/><W70/><G105/><T100/><D78/><U37/><E37/><V73/><F73/><W48/><G75/><T4/><D107/><U64/><E109/><V39/><F39/><W42/><G120/><T102/><D104/><U98/><E131/><V77/><F77/><W123/><G123/><T68/><D68/><U0/><E0/><N who="2" m="75" /><F61/><W38/><G42/><T76/><D76/><U36/><E36/><V74/><F74/><W27/><G67/><T62/><D102/><U43/><E43/><V93/><F93/><W17/><G70/><T132/><D30/><U101/><E58/><V130/><F52/><W34/><G27/><N who="0" m="16487" /><D132/><N who="2" m="50794" /><F130/><W87/><G18/><N who="2" m="6697" /><F10/><W5/><G87/><T29/><D29/><AGARI ba="0,0" hai="25,29,32,117,119" m="6697,50794,75" machi="29" ten="40,8000,1" yaku="20,1,34,2,54,1" doraHai="89" who="2" fromWho="0" sc="250,-80,250,0,250,80,250,0" /><INIT seed="1,0,0,1,3,44" ten="170,250,330,250" oya="1" hai0="9,74,55,32,103,73,51,117,85,62,65,61,35" hai1="86,128,121,126,31,118,46,66,48,93,38,1,45" hai2="29,42,134,54,70,40,110,4,49,115,30,60,108" hai3="20,23,94,91,130,79,133,127,58,7,99,34,89"/><U102/><E1/><V78/><F4/><W116/><G34/><T76/><D117/><U28/><E118/><V63/><F78/><W84/><G116/><T71/><D103/><U5/><E121/><V88/><F134/><W87/><G133/><T83/><D62/><N who="2" m="23594" /><F115/><W96/><G127/><T39/><D39/><U100/><E126/><V106/><F106/><W67/><G130/><T0/><D9/><U77/><E5/><V98/><F70/><W57/><G7/><T21/><D21/><N who="3" m="8265" /><G67/><T25/><D0/><U10/><E66/><V135/><F135/><W18/><G18/><T6/><D6/><U119/><E10/><V8/><F8/><W27/><G27/><T11/><D11/><U17/><E17/><V113/><F113/><W122/><G122/><T64/><D64/><U97/><E128/><V52/><F54/><W50/><G79/><T2/><D2/><U132/><E119/><V114/><F114/><W36/><G36/><T120/><D120/><U33/><E132/><V104/><F104/><W90/><G58/><T81/><D25/><U105/><E38/><V59/><F110/><W56/><G56/><T124/><D124/><U22/><E33/><V129/><F108/><W19/><G19/><T16/><D16/><U47/><E22/><V3/><F3/><W112/><G112/><T37/><D37/><U26/><E26/><V15/><F15/><W41/><G57/><N who="0" m="33023" /><D74/><U107/><E105/><V92/><F129/><W125/><G125/><T75/><D73/><U13/><E107/><V80/><F80/><N who="3" m="49287" /><G91/><N who="0" m="51631" /><D75/><U109/><E109/><V24/><F24/><RYUUKYOKU ba="0,0" sc="170,10,250,-30,330,10,250,10" hai0="32,35,61,65,71,76,83" hai2="29,30,40,42,49,52,59,88,92,98" hai3="41,50,87,90,94,96,99" /><INIT seed="2,1,0,4,5,56" ten="180,220,340,260" oya="2" hai0="114,131,42,31,4,90,86,102,124,47,11,83,36" hai1="28,134,135,50,66,76,82,14,110,13,127,121,40" hai2="128,10,98,69,105,116,1,84,78,72,74,106,55" hai3="46,33,24,95,118,58,63,108,49,34,125,97,57"/><V6/><F116/><W119/><G108/><T30/><D131/><U101/><E110/><V122/><F122/><W100/><G58/><T115/><D124/><U3/><E3/><V73/><F128/><W19/><G125/><T41/><D102/><U12/><E127/><V104/><F69/><W89/><G100/><T0/><REACH who="0" step="1"/><D42/><REACH who="0" ten="170,220,340,260" step="2"/><U60/><E101/><V27/><F105/><W109/><G109/><T129/><D129/><U113/><E121/><V62/><F104/><W93/><G119/><T5/><D5/><U39/><E40/><V32/><F106/><W99/><G118/><T130/><D130/><U52/><E113/><AGARI ba="1,1" hai="0,4,11,30,31,36,41,47,83,86,90,113,114,115" machi="113" ten="40,2600,0" yaku="1,1,53,1" doraHai="56" doraHaiUra="71" who="0" fromWho="1" sc="170,39,220,-29,340,0,260,0" /><INIT seed="3,0,0,4,0,119" ten="209,191,340,260" oya="3" hai0="131,90,98,122,99,35,116,5,43,84,61,66,9" hai1="111,47,30,74,40,36,26,49,103,15,56,107,83" hai2="7,104,32,94,128,24,97,72,135,78,112,113,85" hai3="76,0,120,130,81,22,57,80,45,20,89,6,65"/><W50/><G130/><T92/><D116/><U51/><E111/><V109/><F109/><W55/><G120/><T127/><D122/><U121/><E121/><V23/><F32/><W114/><G114/><T37/><D35/><U59/><E107/><V64/><F64/><W105/><G105/><T52/><D131/><U88/><E103/><N who="2" m="62575" /><F7/><W95/><G6/><T1/><D52/><U87/><E74/><V42/><F42/><W8/><G8/><T3/><D3/><U86/><E15/><V118/><F135/><W38/><G0/><T129/><D127/><U18/><E18/><N who="2" m="12407" /><F118/><W106/><G106/><T110/><D129/><U54/><E87/><V93/><F93/><W10/><G10/><T124/><D124/><U48/><E59/><V77/><F77/><W28/><G28/><T68/><D110/><U19/><E19/><V12/><F12/><W79/><G79/><T31/><D31/><U91/><REACH who="1" step="1"/><E91/><REACH who="1" ten="209,181,340,260" step="2"/><N who="2" m="53615" /><F128/><W11/><G57/><T108/><REACH who="0" step="1"/><D108/><REACH who="0" ten="199,181,340,260" step="2"/><U14/><E14/><V33/><F113/><W25/><G25/><T17/><D17/><U126/><E126/><V69/><F112/><W123/><G123/><T4/><D4/><U63/><E63/><V75/><F75/><W115/><G115/><T29/><D29/><U27/><E27/><V21/><F72/><W132/><G132/><T125/><D125/><U16/><E16/><V133/><F133/><W100/><G11/><T134/><D134/><U62/><E62/><V96/><F78/><W60/><G76/><T67/><D67/><U101/><E101/><V58/><F33/><AGARI ba="0,2" hai="26,30,33,36,40,47,48,49,51,54,56,83,86,88" machi="33" ten="30,3900,0" yaku="1,1,7,1,54,1,53,0" doraHai="119" doraHaiUra="34" who="1" fromWho="2" sc="199,0,181,59,340,-39,260,0" owari="199,-30.1,240,-16.0,301,40.1,260,6.0" /></mjloggm>