<mjloggm ver="2.3"><GO type="225" lobby="0"/><UN n0="%E3%81%BE%E3%81%8B%E3%81%B7%E3%82%93" n1="%E5%86%B7%E5%87%8D%E3%82%AE%E3%83%A7%E3%83%BC%E3%82%B6" n2="%E3%83%B4%E3%83%A0%EF%BC%99%E3%81%A6" n3="%E3%82%B2%E3%82%B9%E8%8C%82%E5%8B%9D" dan="16,17,16,16" rate="2064.68,2183.25,2125.73,2108.64" sx="M,M,M,F"/><TAIKYOKU oya="0"/><INIT seed="0,0,0,4,0,104" ten="250,250,250,250" oya="0" hai0="80,128,13,89,34,65,109,21,29,121,93,44,102" hai1="135,51,119,132,16,66,87,74,59,0,76,107,125" hai2="110,11,47,58,31,116,88,37,72,106,14,70,103" hai3="67,126,71,15,118,22,61,96,69,81,63,130,127"/><T94/><D121/><U12/><E119/><V54/><F70/><W57/><G118/><T25/><D128/><U42/><E0/><V62/><F116/><W50/><G130/><T60/><D109/><U64/><E107/><V36/><F110/><W43/><G81/><T113/><D113/><U3/><E3/><V101/><F31/><W97/><G96/><T55/><D102/><U92/><E74/><V112/><F112/><W123/><G97/><T40/><D55/><N who="1" m="32255" /><E42/><V32/><F32/><W53/><G22/><T108/><D108/><U100/><E100/><V38/><F47/><N who="3" m="25983" /><G15/><T131/><D131/><U46/><E46/><V8/><F72/><W4/><G4/><T99/><D80/><N who="1" m="47495" /><E92/><V122/><F122/><W129/><G129/><T6/><D94/><U78/><E78/><V68/><F68/><N who="3" m="42095" /><G123/><T17/><D6/><U18/><E125/><AGARI ba="0,0" hai="53,57,63,69,71,125,126,127" m="42095,25983" machi="125" ten="30,3900,0" yaku="18,1,34,2" doraHai="104" who="3" fromWho="1" sc="250,0,250,-39,250,0,250,39" /><INIT seed="1,0,0,5,5,74" ten="250,211,250,289" oya="1" hai0="66,12,90,41,47,120,0,107,7,132,111,85,14" hai1="64,11,106,56,130,8,15,82,49,101,18,97,79" hai2="35,125,104,128,119,127,80,99,73,126,117,124,23" hai3="71,93,121,20,118,17,113,91,62,4,67,43,59"/><U53/><E130/><V48/><F35/><W96/><G113/><T3/><D107/><U54/><E64/><V68/><F68/><W13/><G118/><N who="2" m="45065" /><F124/><W72/><G121/><T70/><D111/><U28/><E28/><V98/><F48/><W10/><G72/><T77/><D132/><U114/><E114/><V65/><F65/><W123/><G123/><T100/><D100/><U95/><E106/><V6/><F6/><W5/><G43/><T92/><D120/><U37/><E37/><V81/><F23/><W29/><G71/><T131/><D131/><U26/><E26/><AGARI ba="0,0" hai="4,5,10,13,17,20,26,29,59,62,67,91,93,96" machi="26" ten="40,1300,0" yaku="8,1" doraHai="74" who="3" fromWho="1" sc="250,0,211,-13,250,0,289,13" /><INIT seed="2,0,0,5,3,68" ten="250,198,250,302" oya="2" hai0="78,115,109,122,72,75,81,53,86,135,0,31,62" hai1="51,119,6,124,35,103,8,123,50,128,38,76,96" hai2="18,97,134,26,74,17,5,27,64,14,59,46,126" hai3="120,77,48,110,114,4,41,57,43,69,82,83,22"/><V133/><F74/><W47/><G110/><T66/><D122/><U20/><E119/><V32/><F97/><W23/><G114/><T52/><D115/><U106/><E123/><V56/><F126/><W70/><G120/><T90/><D109/><U87/><E124/><V112/><F112/><W24/><G4/><T101/><D135/><U19/><E35/><V55/><F46/><W91/><G41/><T40/><D0/><U127/><E128/><V49/><F5/><W80/><G77/><T65/><D65/><U60/><E60/><N who="2" m="37895" /><F32/><W3/><G3/><T84/><D31/><U89/><E38/><V28/><F28/><W102/><G102/><T93/><D40/><U1/><E76/><V63/><F63/><W37/><G91/><T33/><D33/><U29/><E29/><V2/><F2/><W54/><REACH who="3" step="1"/><G22/><REACH who="3" ten="250,198,250,292" step="2"/><T36/><D101/><U107/><E127/><V58/><F133/><W130/><G130/><T92/><D78/><U61/><E107/><V99/><F134/><W67/><G67/><T117/><D66/><U95/><REACH who="1" step="1"/><E61/><REACH who="1" ten="250,188,250,292" step="2"/><V94/><F49/><W71/><G71/><T12/><D62/><U88/><E88/><V85/><F85/><W118/><G118/><T98/><D90/><U100/><E100/><V39/><F39/><W132/><G132/><T7/><D36/><U73/><E73/><V131/><F131/><W113/><G113/><T16/><D75/><U13/><AGARI ba="0,2" hai="1,6,8,13,19,20,50,51,87,89,95,96,103,106" machi="13" ten="20,8000,1" yaku="1,1,0,1,7,1,53,2" doraHai="68" doraHaiUra="45" who="1" fromWho="1" sc="250,-20,188,100,250,-40,292,-20" /><INIT seed="3,0,0,4,5,89" ten="230,288,210,272" oya="3" hai0="94,25,51,109,91,97,95,90,116,119,126,88,130" hai1="28,49,13,9,100,82,15,16,117,63,24,96,61" hai2="58,71,41,38,70,46,34,17,22,0,48,120,57" hai3="131,75,18,27,81,8,12,98,99,83,108,129,86"/><W21/><G75/><T14/><D25/><U80/><E117/><N who="0" m="45129" /><D14/><U132/><E132/><V47/><F34/><W40/><G108/><T10/><D10/><U56/><E49/><V55/><F0/><W127/><G127/><T103/><D51/><U3/><E3/><V125/><F17/><W133/><G133/><T92/><D109/><U79/><E13/><V26/><F22/><W45/><G129/><T30/><D30/><U111/><E111/><V124/><F26/><W54/><G54/><T64/><D64/><U112/><E112/><V19/><F19/><W84/><G131/><T1/><D1/><U102/><E79/><V66/><F120/><W77/><G45/><T39/><D39/><U134/><E61/><N who="2" m="38191" /><F47/><W121/><G40/><T36/><D36/><U106/><E100/><V2/><F2/><W52/><G52/><T4/><D4/><U35/><E134/><V107/><F107/><W93/><G121/><T87/><D130/><U62/><E62/><V72/><F72/><W50/><G50/><T43/><D43/><U5/><E5/><V67/><F67/><AGARI ba="0,0" hai="9,15,16,24,28,35,56,63,67,80,82,96,102,106" machi="67" ten="30,2000,0" yaku="7,1,54,1" doraHai="89" who="1" fromWho="2" sc="230,0,288,20,210,-20,272,0" owari="230,-17.0,308,40.8,190,-31.0,272,7.2" /></mjloggm>