<mjloggm ver="2.3"><GO type="225" lobby="0"/><UN n0="%E3%81%A9%E3%82%8F%E3%82%93%E3%81%94" n1="%E3%83%AB%E3%83%9B%E3%83%B3%E3%83%87%E3%82%A3%E3%82%A8" n2="%E3%81%8A%E3%81%8B%E3%81%8F%E3%82%89" n3="%E3%81%A1%E3%82%85%E3%81%86%E3%81%A9%E3%81%8F%E8%B1%A1%E3%81%95%E3%82%93" dan="16,16,17,16" rate="2167.35,2148.07,2089.41,2158.98" sx="M,M,M,M"/><TAIKYOKU oya="0"/><INIT seed="0,0,0,2,3,109" ten="250,250,250,250" oya="0" hai0="2,116,49,56,9,81,45,13,74,108,69,102,59" hai1="5,134,31,33,27,87,52,15,130,86,88,17,7" hai2="51,117,118,58,91,0,75,76,72,10,95,96,65" hai3="61,121,44,123,111,77,50,83,40,100,92,60,23"/><T42/><D116/><N who="2" m="44650" /><F76/><W47/><G111/><T105/><D69/><U119/><E130/><V78/><F78/><W98/><G23/><T64/><D2/><U30/><E134/><V54/><F65/><W46/><G50/><T103/><D108/><U68/><E68/><V106/><F106/><W71/><G40/><T63/><D105/><U67/><E67/><V107/><F107/><W6/><G6/><AGARI ba="0,0" hai="0,6,10,51,54,58,72,75,91,95,96" m="44650" machi="6" ten="30,1000,0" yaku="12,1" doraHai="109" who="2" fromWho="3" sc="250,0,250,0,250,10,250,-10" /><INIT seed="1,0,0,0,0,99" ten="250,250,260,240" oya="1" hai0="109,83,71,135,62,60,67,127,100,97,38,35,5" hai1="110,133,47,86,26,59,25,65,36,13,113,119,29" hai2="12,89,7,92,10,125,108,52,80,134,4,28,131" hai3="15,57,55,105,126,87,101,69,129,93,41,103,77"/><U106/><E113/><V63/><F108/><W53/><G69/><T39/><D109/><U66/><E119/><V85/><F134/><W121/><G121/><T49/><D135/><U123/><E123/><V132/><F132/><W16/><G105/><N who="0" m="63631" /><D49/><U88/><E106/><V116/><F131/><W64/><G41/><T107/><D127/><U2/><E2/><V1/><F116/><W21/><G126/><T114/><D114/><U104/><E104/><V61/><F28/><W111/><G111/><T81/><D83/><U78/><E78/><V43/><F43/><W32/><G32/><T11/><D62/><U18/><E133/><V94/><F125/><W24/><G129/><T96/><D81/><U117/><E117/><V3/><F63/><N who="3" m="37999" /><G24/><T84/><D84/><U0/><E0/><V95/><REACH who="2" step="1"/><F4/><REACH who="2" ten="250,250,250,240" step="2"/><W50/><G55/><T46/><D5/><U6/><E6/><V98/><F98/><W74/><G74/><T56/><D96/><U70/><E110/><V58/><AGARI ba="0,1" hai="1,3,7,10,12,52,58,61,80,85,89,92,94,95" machi="58" ten="30,4000,0" yaku="1,1,0,1,54,1,53,0" doraHai="99" doraHaiUra="22" who="2" fromWho="2" sc="250,-10,250,-20,250,50,240,-10" /><INIT seed="2,0,0,2,2,117" ten="240,230,300,230" oya="2" hai0="100,91,118,39,123,41,60,27,11,81,67,111,37" hai1="131,102,71,50,22,65,17,43,26,101,4,33,49" hai2="129,122,5,120,89,62,72,127,88,59,14,115,135" hai3="121,20,16,1,2,31,19,40,82,90,70,98,34"/><V61/><F72/><W28/><G70/><T73/><D118/><U10/><E131/><V113/><F5/><W124/><G40/><T64/><D100/><U35/><E71/><V54/><F14/><W63/><G63/><T86/><D111/><U78/><E65/><V109/><F129/><W83/><G98/><T104/><D104/><U105/><E78/><V56/><F54/><W79/><G90/><T45/><D73/><U77/><E77/><V87/><F135/><W132/><G132/><T93/><D39/><U76/><E76/><V15/><F15/><W108/><G79/><T114/><D93/><U110/><E110/><V75/><F75/><W116/><G20/><T25/><D114/><U23/><E105/><V103/><F109/><W125/><G108/><T0/><D67/><U97/><E97/><V133/><F133/><W94/><G116/><T99/><D99/><U80/><E80/><V119/><F119/><W96/><G96/><T128/><D123/><U32/><E23/><V29/><F87/><W42/><G42/><T3/><D128/><U95/><E95/><V36/><F36/><W92/><REACH who="3" step="1"/><G34/><REACH who="3" ten="240,230,300,220" step="2"/><T47/><D41/><U9/><E43/><V55/><F61/><W44/><G44/><N who="0" m="16971" /><D37/><U18/><E32/><V58/><F89/><W112/><G112/><T130/><D130/><U85/><E33/><V134/><F88/><W7/><G7/><T66/><D60/><U38/><E35/><V84/><F62/><W24/><G24/><N who="0" m="9291" /><D11/><U53/><E38/><V52/><F113/><W106/><G106/><T48/><D48/><U8/><E50/><RYUUKYOKU ba="0,1" sc="240,15,230,-15,300,-15,220,15" hai0="0,3,64,66,81,86,91" hai3="1,2,16,19,28,31,82,83,92,94,121,124,125" /><INIT seed="3,1,1,5,4,121" ten="255,215,285,235" oya="3" hai0="33,101,86,96,53,40,30,10,62,108,116,102,107" hai1="57,117,37,114,56,135,77,22,120,19,6,95,26" hai2="31,132,130,0,50,38,119,63,7,23,55,94,34" hai3="125,134,2,128,98,70,131,89,69,11,9,133,42"/><W109/><G42/><T103/><D116/><U18/><E114/><V51/><F38/><W73/><G73/><T13/><D40/><U90/><E37/><V36/><F36/><W78/><G78/><T14/><D108/><U118/><E120/><V97/><F34/><W81/><G125/><T45/><D14/><U12/><E135/><N who="3" m="51722" /><G109/><T85/><D33/><U129/><E6/><V4/><F0/><W122/><G122/><T3/><D30/><U74/><E129/><N who="3" m="49738" /><G2/><T79/><D3/><U76/><E74/><V61/><F119/><N who="1" m="45577" /><E76/><V68/><F132/><W105/><G81/><T123/><D79/><U66/><E66/><V99/><F68/><N who="3" m="26219" /><G89/><T126/><D126/><U92/><E77/><V20/><F130/><W32/><G32/><T8/><D123/><U112/><E112/><V67/><F67/><W25/><G25/><T43/><D43/><U91/><E91/><V47/><F55/><W124/><G124/><T24/><D53/><U52/><E90/><V28/><F94/><N who="1" m="35881" /><E52/><V29/><F29/><W88/><G88/><T41/><D41/><U17/><E12/><V87/><F87/><W115/><G115/><T27/><D86/><U80/><E80/><V75/><F75/><W111/><G111/><T35/><D85/><U106/><E106/><V113/><F113/><W72/><G72/><T1/><D107/><U71/><E71/><V16/><F31/><AGARI ba="1,1" hai="17,18,19,22,26,31,56,57" m="35881,45577" machi="31" ten="30,1000,0" yaku="12,1" doraHai="121" who="1" fromWho="2" sc="255,0,215,23,285,-13,235,0" /><INIT seed="4,0,0,0,4,40" ten="255,238,272,235" oya="0" hai0="42,36,83,108,130,118,131,117,123,104,11,98,0" hai1="35,107,5,85,57,25,30,15,109,12,47,93,129" hai2="89,43,101,96,103,26,121,115,63,2,112,71,19" hai3="97,95,86,74,124,70,120,91,73,24,54,14,114"/><T59/><D123/><U6/><E107/><V67/><F2/><W22/><G70/><T34/><D34/><U61/><E109/><V58/><F43/><W128/><G120/><T55/><D108/><U134/><E129/><N who="0" m="49161" /><D83/><U105/><E105/><V132/><F132/><W90/><G128/><T28/><D28/><U78/><E134/><V41/><F41/><W102/><G91/><T99/><D0/><U18/><E15/><V106/><F103/><W10/><G114/><N who="2" m="43561" /><F89/><W125/><G54/><T94/><D11/><U52/><E78/><V17/><F121/><W68/><G68/><T133/><D104/><U88/><REACH who="1" step="1"/><E47/><REACH who="1" ten="255,228,272,235" step="2"/><V1/><F1/><W27/><G14/><T69/><D133/><U75/><E75/><V20/><F71/><W66/><G10/><AGARI ba="0,1" hai="5,6,10,12,18,25,30,35,52,57,61,85,88,93" machi="10" ten="30,7700,0" yaku="1,1,7,1,54,2,53,0" doraHai="40" doraHaiUra="122" who="1" fromWho="3" sc="255,0,228,87,272,0,235,-77" owari="255,-14.5,315,41.5,272,7.2,158,-34.2" /></mjloggm>