<mjloggm ver="2.3"><GO type="225" lobby="0"/><UN n0="%E5%A4%9C%E5%85%89%E5%A4%A9%E6%A5%BC" n1="%E3%81%B5%E3%81%98%E3%81%8B%E3%81%A4" n2="%E3%83%89%E3%83%A9%E3%81%8F%E3%82%8C" n3="%73%75%7A%75%6D%65%33" dan="17,17,17,17" rate="2159.30,2214.23,2255.19,2270.92" sx="F,M,M,M"/><TAIKYOKU oya="0"/><INIT seed="0,0,0,5,3,59" ten="250,250,250,250" oya="0" hai0="37,9,113,87,110,86,119,39,100,118,23,35,125" hai1="42,108,134,63,73,77,25,76,106,80,115,26,17" hai2="68,123,56,128,53,120,103,72,127,116,82,5,11" hai3="32,85,69,43,90,36,122,8,107,21,6,1,29"/><T0/><D113/><U64/><E115/><V99/><F68/><W13/><G122/><T19/><D35/><U96/><E108/><V105/><F116/><W3/><G107/><T126/><D100/><U97/><E134/><V60/><F128/><W7/><G69/><T89/><D110/><U94/><E42/><V57/><F127/><N who="0" m="48650" /><D87/><U65/><E17/><V121/><F57/><W46/><G32/><T34/><D34/><U78/><E106/><V4/><REACH who="2" step="1"/><F11/><REACH who="2" ten="250,250,240,250" step="2"/><W75/><G8/><T130/><D130/><U135/><E135/><V104/><F104/><W83/><G1/><T95/><D118/><U66/><E73/><V40/><F40/><W124/><G3/><T41/><D41/><U62/><E80/><V20/><F20/><W45/><G75/><T93/><D119/><U111/><E111/><V131/><F131/><W114/><G124/><T2/><D95/><U74/><E74/><V14/><F14/><W71/><G13/><N who="0" m="9711" /><D0/><U33/><E33/><V12/><F12/><W88/><G114/><T24/><D24/><N who="1" m="9323" /><E94/><V84/><F84/><W16/><G85/><T44/><D44/><U22/><E22/><V15/><F15/><W101/><G46/><T49/><D2/><U79/><N who="1" m="19456" /><DORA hai="91" /><U18/><E18/><V51/><F51/><W58/><G16/><T132/><D132/><U54/><E54/><V129/><F129/><W50/><G50/><T10/><D49/><U52/><E52/><V133/><F133/><W112/><G43/><T98/><D86/><U31/><E31/><V61/><F61/><AGARI ba="0,1" hai="61,62,63,64,65,66,96,97" m="19456,9323" machi="61" ten="50,12000,2" yaku="28,2,8,1,52,3" doraHai="59,91" who="1" fromWho="2" sc="250,0,250,130,240,-120,250,0" /><INIT seed="1,0,0,1,4,67" ten="250,380,120,250" oya="1" hai0="111,86,64,113,63,109,75,125,100,78,114,74,122" hai1="116,8,34,132,131,31,41,97,127,79,56,37,52" hai2="38,90,46,117,80,12,39,19,23,108,129,71,92" hai3="17,62,32,84,94,82,95,59,24,30,106,72,36"/><U53/><E116/><V48/><F117/><W13/><G106/><T102/><D125/><U126/><E79/><V22/><F108/><N who="0" m="41546" /><D64/><U65/><E8/><V110/><F110/><W124/><G36/><T85/><D122/><U70/><E97/><V104/><F104/><W49/><G49/><T81/><D63/><U89/><E89/><V1/><F1/><W35/><G35/><T55/><D55/><N who="1" m="21067" /><E31/><V16/><F129/><W69/><G72/><N who="0" m="27691" /><D85/><U2/><E34/><V60/><F80/><W29/><G29/><T61/><D61/><N who="1" m="40239" /><E2/><V33/><F33/><W27/><G124/><N who="1" m="47658" /><E131/><V3/><F3/><W47/><G84/><T107/><D107/><U15/><E15/><V20/><F20/><W112/><G13/><T14/><D14/><U98/><E98/><V7/><F7/><W0/><G30/><T73/><D73/><U11/><E11/><V66/><F22/><W115/><G32/><T135/><D86/><U91/><E91/><V54/><REACH who="2" step="1"/><F19/><REACH who="2" ten="250,380,110,250" step="2"/><W128/><G17/><T93/><D81/><U83/><E83/><V68/><F68/><W119/><G69/><T123/><D78/><U76/><E76/><V50/><F50/><W134/><G82/><T9/><D9/><U43/><E132/><V87/><AGARI ba="0,1" hai="12,16,23,38,39,46,48,54,60,66,71,87,90,92" machi="87" ten="20,8000,1" yaku="1,1,0,1,7,1,52,1,54,1,53,0" doraHai="67" doraHaiUra="101" who="2" fromWho="2" sc="250,-20,380,-40,110,90,250,-20" /><INIT seed="2,0,0,3,0,102" ten="230,340,200,230" oya="2" hai0="128,60,84,103,59,55,61,28,89,92,98,116,63" hai1="121,62,30,36,94,135,12,11,21,29,37,126,31" hai2="48,129,113,77,34,133,134,83,27,16,131,38,69" hai3="33,107,104,67,58,22,119,47,1,132,66,82,40"/><V111/><F38/><W41/><G33/><T108/><D108/><U100/><E126/><V117/><F69/><W110/><G119/><T76/><D116/><U85/><E135/><N who="2" m="51723" /><F117/><W106/><G132/><T24/><D76/><U124/><E124/><V5/><F113/><W88/><G1/><T73/><D73/><U39/><E62/><V49/><F5/><W65/><G110/><T93/><REACH who="0" step="1"/><D128/><REACH who="0" ten="220,340,200,230" step="2"/><N who="2" m="49226" /><F111/><W125/><G125/><T123/><D123/><U71/><E121/><V122/><F122/><W18/><G58/><T32/><AGARI ba="0,1" hai="24,28,32,55,59,60,61,63,84,89,92,93,98,103" machi="32" ten="20,2700,0" yaku="1,1,0,1,7,1,53,0" doraHai="102" doraHaiUra="10" who="0" fromWho="0" sc="220,37,340,-7,200,-13,230,-7" /><INIT seed="3,0,0,2,4,46" ten="257,333,187,223" oya="3" hai0="28,130,118,133,48,49,15,99,64,95,56,12,84" hai1="90,36,45,19,78,121,96,117,60,85,21,62,1" hai2="32,65,129,67,103,35,22,25,66,6,30,100,116" hai3="10,29,123,134,73,126,57,18,13,69,132,122,17"/><W98/><G69/><T58/><D118/><U14/><E121/><N who="3" m="46090" /><G57/><N who="0" m="22123" /><D64/><U127/><E1/><V53/><F116/><W87/><G87/><T101/><D130/><U97/><E117/><V72/><F72/><W93/><G73/><T124/><D28/><U16/><E78/><V81/><F129/><W39/><G39/><T119/><D119/><U106/><E106/><V109/><F109/><W77/><G77/><T3/><D3/><U125/><E36/><V120/><F120/><W89/><G29/><T86/><D124/><N who="1" m="47691" /><E45/><V76/><F6/><N who="3" m="3287" /><G126/><T47/><D47/><U80/><E19/><V8/><F8/><W40/><G40/><T68/><D68/><U7/><E7/><V52/><F35/><W83/><G83/><T34/><D86/><U113/><E113/><V105/><F32/><W26/><G26/><T112/><D34/><U61/><AGARI ba="0,0" hai="14,16,21,60,61,62,80,85,90,96,97" m="47691" machi="61" ten="30,2000,0" yaku="18,1,54,1" doraHai="46" who="1" fromWho="1" sc="257,-5,333,20,187,-5,223,-10" owari="252,5.2,353,45.3,182,-31.8,213,-18.7" /></mjloggm>