<mjloggm ver="2.3"><GO type="225" lobby="0"/><UN n0="%E8%83%83%E3%81%A8%E8%85%B8" n1="%E3%82%BC%E3%83%AB%E3%83%80%E3%81%AE%E4%BC%9D%E8%AA%AC" n2="%E3%81%86%E3%83%BC%E3%81%B1%E3%83%BC" n3="%E6%B0%B7%E5%B7%9D%E9%87%8C%E5%A5%88" dan="16,17,17,16" rate="2164.67,2207.33,2181.40,2127.34" sx="M,M,F,F"/><TAIKYOKU oya="0"/><INIT seed="0,0,0,5,5,69" ten="250,250,250,250" oya="0" hai0="6,61,105,33,52,45,60,114,73,124,92,58,116" hai1="38,133,17,49,63,98,7,50,72,15,86,117,120" hai2="132,129,37,100,83,112,36,47,126,5,75,102,46" hai3="131,91,84,34,118,106,55,110,44,121,40,30,11"/><T128/><D105/><U3/><E117/><V39/><F112/><W135/><G118/><T54/><D116/><U51/><E120/><V64/><F64/><W107/><G110/><T79/><D114/><U42/><E133/><V76/><F132/><W66/><G135/><T103/><D124/><U123/><E123/><V57/><F126/><W4/><G121/><T26/><D128/><U29/><E72/><V41/><F129/><W12/><G131/><T19/><D6/><U130/><E130/><V24/><F57/><W27/><G55/><T67/><D73/><U119/><E29/><V32/><F47/><W20/><G66/><T0/><D0/><U1/><E98/><V2/><F24/><W82/><REACH who="3" step="1"/><G34/><REACH who="3" ten="250,250,250,240" step="2"/><T101/><D67/><U97/><E119/><V28/><F32/><W93/><G93/><T18/><D33/><U134/><E134/><V16/><F28/><W78/><G78/><T71/><D79/><U43/><E43/><V95/><F95/><W14/><G14/><T109/><D92/><U125/><E42/><V90/><F90/><W65/><G65/><T88/><D88/><U59/><E15/><V23/><F102/><W62/><G62/><T108/><D71/><U70/><E63/><V68/><F100/><W21/><G21/><T85/><D26/><U77/><E70/><V74/><F68/><W113/><G113/><T56/><REACH who="0" step="1"/><D45/><REACH who="0" ten="240,250,250,240" step="2"/><U35/><E77/><V89/><F89/><W99/><G99/><T111/><D111/><U81/><E97/><V9/><F75/><W13/><G13/><T115/><D115/><U8/><E35/><RYUUKYOKU ba="0,2" sc="240,10,250,-30,250,10,240,10" hai0="18,19,52,54,56,58,60,61,85,101,103,108,109" hai2="2,5,9,16,23,36,37,39,41,46,74,76,83" hai3="4,11,12,20,27,30,40,44,82,84,91,106,107" /><INIT seed="0,1,2,5,3,8" ten="250,220,260,250" oya="0" hai0="99,115,83,114,65,111,90,12,16,29,45,108,102" hai1="132,79,126,25,80,103,76,106,2,89,40,48,56" hai2="120,91,92,0,38,84,124,93,9,46,60,36,3" hai3="31,27,123,105,17,64,67,128,62,39,35,125,43"/><T53/><D29/><U113/><E2/><V23/><F120/><W50/><G39/><T34/><D65/><U100/><E126/><V78/><F78/><N who="1" m="29737" /><E106/><V18/><F60/><W107/><G128/><T10/><D34/><U19/><E132/><V13/><F124/><W41/><G125/><T66/><D66/><U24/><E113/><V54/><F38/><W5/><G123/><T26/><D26/><N who="1" m="10347" /><E19/><V72/><F72/><W98/><G5/><T119/><D119/><U104/><E104/><V118/><F118/><W52/><G67/><T134/><D134/><U135/><E135/><V82/><F36/><W37/><G37/><T75/><D75/><U71/><E71/><V22/><F0/><W14/><G98/><T28/><D28/><U55/><E40/><V21/><F3/><W117/><G117/><T101/><D114/><U122/><E122/><V68/><F68/><W133/><G133/><T85/><D115/><U110/><E110/><N who="0" m="42025" /><D99/><U42/><E42/><V63/><F63/><W7/><G7/><T96/><D96/><U95/><E80/><V44/><F44/><W77/><G77/><T33/><D33/><U97/><AGARI ba="1,2" hai="48,55,56,89,95,97,100,103" m="10347,29737" machi="97" ten="30,1100,0" yaku="8,1" doraHai="8" who="1" fromWho="1" sc="250,-6,220,34,260,-4,250,-4" /><INIT seed="1,0,0,0,2,124" ten="244,254,256,246" oya="1" hai0="26,89,128,73,86,37,13,66,30,118,42,79,110" hai1="54,67,100,87,44,65,15,121,46,57,10,22,50" hai2="85,134,23,58,35,17,109,36,5,47,16,62,113" hai3="123,60,0,40,52,12,24,8,90,99,126,133,51"/><U29/><E121/><V63/><F35/><W98/><G123/><T76/><D118/><U56/><E100/><V102/><F113/><W33/><G0/><T131/><D110/><U74/><E74/><V105/><F109/><W106/><G133/><T83/><D66/><N who="1" m="25099" /><E87/><V72/><F72/><W75/><G75/><T95/><D79/><U70/><E70/><V78/><F5/><W132/><G126/><T101/><D13/><U104/><E104/><V122/><F134/><W34/><G132/><T45/><REACH who="0" step="1"/><D101/><REACH who="0" ten="234,254,256,246" step="2"/><U32/><E32/><AGARI ba="0,1" hai="26,30,32,37,42,45,73,76,83,86,89,95,128,131" machi="32" ten="40,8000,1" yaku="1,1,2,1,52,2,53,1" doraHai="124" doraHaiUra="84" who="0" fromWho="1" sc="234,90,254,-80,256,0,246,0" /><INIT seed="2,0,0,5,1,82" ten="324,174,256,246" oya="2" hai0="70,40,54,4,28,7,22,128,62,23,41,67,68" hai1="11,77,65,13,95,93,84,6,5,31,76,43,0" hai2="52,94,101,60,63,29,109,112,96,57,133,25,119" hai3="3,17,117,103,16,58,46,66,78,108,115,86,30"/><V55/><F112/><W74/><G117/><T87/><D128/><U9/><E65/><V33/><F119/><W102/><G74/><T26/><D54/><U49/><E31/><V51/><F133/><W135/><G3/><T36/><D36/><U124/><E124/><V126/><F126/><W19/><G108/><T118/><D118/><U123/><E123/><V32/><F109/><W18/><G135/><T37/><D70/><U114/><E114/><V105/><F105/><W50/><G30/><T100/><D100/><U20/><E20/><V83/><F33/><W121/><G121/><T125/><D22/><U14/><E0/><V42/><F42/><W15/><G115/><T24/><D24/><U73/><E73/><V75/><REACH who="2" step="1"/><F55/><REACH who="2" ten="324,174,246,246" step="2"/><N who="3" m="30167" /><G66/><T98/><D125/><U56/><E56/><V45/><F45/><W8/><G58/><T99/><D40/><U132/><E132/><V90/><F90/><W64/><G64/><T104/><D104/><U131/><E131/><V122/><F122/><W111/><G111/><T48/><D41/><U88/><E95/><V71/><F71/><W72/><G72/><T10/><D68/><U38/><E38/><V12/><F12/><W113/><G113/><T44/><D37/><U120/><E120/><V97/><F97/><W35/><G35/><T53/><D99/><U89/><E89/><V106/><F106/><W110/><G110/><T107/><D98/><U34/><E34/><V85/><F85/><W91/><G78/><AGARI ba="0,1" hai="25,29,32,51,52,57,60,63,75,78,83,94,96,101" machi="78" ten="40,3900,0" yaku="1,1,54,1,53,0" doraHai="82" doraHaiUra="2" who="2" fromWho="3" sc="324,0,174,0,246,49,246,-39" /><INIT seed="2,1,0,4,0,94" ten="324,174,295,207" oya="2" hai0="37,42,22,133,3,135,4,56,32,16,127,11,39" hai1="82,76,5,112,110,106,125,77,48,50,0,131,121" hai2="18,114,101,46,107,75,29,108,98,129,60,88,86" hai3="20,70,68,7,1,69,128,61,118,74,124,30,33"/><V63/><F114/><W38/><G118/><T104/><D127/><U95/><E112/><V73/><F29/><W71/><G20/><T49/><D32/><U27/><E106/><V17/><F129/><W44/><G124/><T45/><D104/><U47/><E125/><V111/><F46/><W9/><G128/><T130/><D130/><U79/><E131/><V53/><F75/><W35/><G74/><T120/><D120/><U21/><E121/><V99/><F99/><W65/><REACH who="3" step="1"/><G30/><REACH who="3" ten="324,174,295,197" step="2"/><T113/><D113/><U132/><E132/><N who="0" m="50761" /><D56/><U64/><E110/><N who="2" m="42027" /><F73/><W66/><G66/><T117/><D117/><U57/><E64/><V59/><F63/><W31/><G31/><T10/><D10/><U90/><E57/><V26/><F26/><AGARI ba="1,1" hai="3,4,11,16,22,26,37,39,42,45,49" m="50761" machi="26" ten="30,2000,0" yaku="20,1,54,1" doraHai="94" who="0" fromWho="2" sc="324,33,174,0,295,-23,197,0" /><INIT seed="3,0,0,1,1,75" ten="357,174,272,197" oya="3" hai0="89,15,40,118,37,133,116,122,35,8,59,17,115" hai1="86,46,87,109,60,52,67,106,61,2,80,64,103" hai2="76,27,71,18,93,74,11,33,126,132,48,45,21" hai3="96,94,31,12,135,91,44,99,113,23,92,57,129"/><W41/><G113/><T85/><D122/><U102/><E2/><V51/><F71/><W62/><G129/><T97/><D35/><U20/><E109/><V14/><F33/><W114/><G114/><T83/><D133/><U50/><E106/><V111/><F111/><W130/><G130/><T108/><D108/><U36/><E36/><V30/><F132/><W110/><G110/><T78/><D59/><U68/><E20/><V55/><F126/><W10/><G135/><T3/><D3/><U24/><E24/><V1/><F1/><W26/><G41/><T16/><D17/><U49/><E49/><V65/><F65/><W70/><G44/><T125/><D125/><U107/><E107/><V54/><F93/><W100/><G70/><T19/><D19/><U63/><E86/><V105/><F105/><W84/><G84/><T0/><D0/><U29/><E29/><V47/><F74/><W39/><G39/><T120/><D120/><U58/><E61/><V53/><F76/><AGARI ba="0,0" hai="46,50,52,58,60,63,64,67,68,76,80,87,102,103" machi="76" ten="30,3900,0" yaku="7,1,52,1,54,1" doraHai="75" who="1" fromWho="2" sc="357,0,174,39,272,-39,197,0" owari="357,45.7,213,-18.7,233,3.3,197,-30.3" /></mjloggm>