<mjloggm ver="2.3"><GO type="225" lobby="0"/><UN n0="%E3%83%AD%E3%83%83%E3%83%86%E9%9B%80%E7%90%83" n1="%72%61%6B%33" n2="%E3%81%8F%E3%82%8A%E3%83%94%E3%83%BC" n3="%74%61%6B%75%61%6B%61" dan="17,17,16,16" rate="2267.90,2263.97,2101.54,2175.26" sx="M,M,M,M"/><TAIKYOKU oya="0"/><INIT seed="0,0,0,5,3,72" ten="250,250,250,250" oya="0" hai0="15,56,87,36,130,20,122,119,21,128,1,41,44" hai1="37,135,11,106,29,90,82,133,23,93,89,17,91" hai2="103,54,4,18,84,26,46,105,79,98,116,66,12" hai3="58,86,33,94,78,80,52,6,73,85,48,35,32"/><T123/><D1/><U92/><E37/><V129/><F129/><N who="0" m="49770" /><D119/><U120/><E29/><V7/><F116/><W16/><G6/><T131/><N who="0" m="49778" /><T102/><DORA hai="77" /><D102/><U109/><E11/><V114/><F114/><W126/><G126/><T28/><D56/><U112/><E120/><N who="0" m="46121" /><D28/><U104/><E109/><V71/><F26/><W76/><G76/><T22/><D87/><U62/><E62/><V3/><F3/><W8/><REACH who="3" step="1"/><G94/><REACH who="3" ten="250,250,250,240" step="2"/><T0/><D0/><U57/><E92/><V2/><F2/><W5/><G5/><T83/><D83/><U100/><E82/><V68/><F4/><W31/><G31/><T107/><D107/><U125/><E93/><V13/><F7/><W75/><G75/><T59/><D59/><U34/><E57/><V118/><F105/><W65/><G65/><T60/><D60/><U9/><E106/><V110/><F66/><W132/><G132/><T45/><D45/><U47/><E47/><V117/><F46/><W134/><G134/><T30/><D30/><U121/><E104/><V64/><F118/><W25/><G25/><T101/><D101/><U63/><E100/><V81/><F64/><W50/><G50/><T19/><AGARI ba="0,1" hai="15,19,20,21,22,36,41,44" m="46121,49778" machi="19" ten="50,2400,0" yaku="19,1" doraHai="72,77" who="0" fromWho="0" sc="250,34,250,-8,250,-8,240,-8" /><INIT seed="0,1,0,3,3,111" ten="284,242,242,232" oya="0" hai0="73,18,124,105,128,102,41,28,79,40,43,104,7" hai1="113,118,93,87,62,114,48,109,80,2,15,45,22" hai2="95,91,19,74,44,51,83,88,24,23,36,37,110" hai3="63,117,4,64,46,59,8,34,6,129,123,11,133"/><T9/><D124/><U132/><E2/><V52/><F110/><W29/><G117/><T107/><D128/><U98/><E109/><V12/><F91/><W50/><G129/><T55/><D28/><U56/><E118/><V76/><REACH who="2" step="1"/><F12/><REACH who="2" ten="284,242,232,232" step="2"/><W75/><G123/><T20/><D102/><U125/><E15/><V39/><F39/><W103/><G103/><T47/><D79/><U106/><E125/><V0/><F0/><W60/><G133/><T131/><D131/><U127/><E132/><V120/><F120/><W13/><G75/><T89/><D89/><U33/><E127/><V77/><F77/><W58/><G13/><T94/><D73/><U100/><E100/><V135/><F135/><W82/><G82/><T85/><D107/><U53/><E106/><V99/><AGARI ba="1,1" hai="19,23,24,36,37,44,51,52,74,76,83,88,95,99" machi="99" ten="20,8000,1" yaku="1,1,0,1,7,1,54,2,53,0" doraHai="111" doraHaiUra="130" who="2" fromWho="2" sc="284,-41,242,-21,232,93,232,-21" /><INIT seed="1,0,0,1,5,29" ten="243,221,325,211" oya="1" hai0="2,47,116,77,69,101,94,81,70,65,63,123,86" hai1="66,84,134,41,121,45,16,85,25,3,67,48,53" hai2="62,39,128,54,5,104,90,36,74,22,99,19,80" hai3="17,11,111,76,15,33,102,58,44,8,37,26,46"/><U30/><E121/><V6/><F128/><W97/><G111/><T93/><D116/><U61/><E134/><V38/><F74/><W59/><G76/><T31/><D2/><U119/><E3/><V35/><F35/><W72/><G72/><T12/><D123/><U57/><E119/><V117/><F117/><W88/><G8/><T124/><D124/><U50/><E16/><V100/><F80/><W122/><G122/><T52/><D70/><U20/><REACH who="1" step="1"/><E66/><REACH who="1" ten="243,211,325,211" step="2"/><V120/><F19/><W106/><G17/><T113/><D65/><U56/><AGARI ba="0,1" hai="20,25,30,41,45,48,50,53,56,57,61,67,84,85" machi="56" ten="20,12000,1" yaku="1,1,2,1,0,1,7,1,8,1,53,0" doraHai="29" doraHaiUra="135" who="1" fromWho="1" sc="243,-40,211,130,325,-40,211,-40" /><INIT seed="1,1,0,5,1,74" ten="203,341,285,171" oya="1" hai0="63,104,103,3,134,26,31,99,97,56,25,114,10" hai1="81,62,29,48,118,107,116,70,95,87,8,108,5" hai2="94,53,43,92,100,34,1,68,88,59,113,115,86" hai3="58,12,28,106,91,36,120,61,27,40,0,67,7"/><U18/><E107/><V135/><F68/><W14/><G120/><T73/><D114/><N who="2" m="43530" /><F34/><W124/><G124/><T126/><D134/><U105/><E105/><V75/><F75/><W57/><G106/><T131/><D131/><U64/><E108/><V6/><F43/><W46/><G0/><T93/><D126/><U51/><E29/><V101/><F135/><W47/><G7/><T129/><D129/><U119/><E95/><V69/><F69/><W17/><G46/><T19/><D73/><U66/><E66/><V16/><F94/><W33/><G91/><T112/><D112/><U37/><E18/><V80/><F80/><W96/><G96/><T65/><D31/><U45/><E37/><V123/><F123/><W42/><G42/><T44/><D44/><U133/><E45/><V60/><F16/><W9/><REACH who="3" step="1"/><G12/><REACH who="3" ten="203,341,285,161" step="2"/><T111/><D111/><U122/><E122/><V20/><F6/><W79/><G79/><T54/><D3/><U102/><E133/><V125/><F1/><W13/><G13/><N who="0" m="7607" /><D104/><U72/><E119/><V71/><F125/><W127/><G127/><T50/><D99/><U130/><E118/><V49/><F101/><W38/><G38/><T52/><D50/><U24/><E116/><V21/><F100/><W110/><G110/><T41/><D41/><U30/><E102/><V4/><F4/><W84/><G84/><T83/><D83/><U23/><E72/><V32/><F32/><W117/><G117/><T22/><D22/><U128/><E130/><V35/><F35/><W15/><G15/><T78/><D78/><N who="1" m="46519" /><E128/><V132/><F132/><RYUUKYOKU ba="1,1" sc="203,0,341,0,285,0,161,0" hai0="25,26,52,54,56,63,65,93,97,103" hai1="5,8,23,24,30,48,51,62,64,70" hai2="20,21,49,53,59,60,71,86,88,92" hai3="9,14,17,27,28,33,36,40,47,57,58,61,67" /><INIT seed="1,2,1,3,5,102" ten="203,341,285,161" oya="1" hai0="61,96,99,25,38,1,17,12,19,106,87,13,79" hai1="52,7,64,48,107,6,116,86,101,31,128,33,105" hai2="125,95,9,44,132,15,46,55,41,22,124,51,50" hai3="45,60,72,110,54,90,18,89,109,129,83,115,121"/><U28/><E116/><V20/><F132/><W43/><G121/><T104/><D1/><U27/><E31/><V78/><F78/><N who="3" m="44487" /><G115/><T24/><D79/><U127/><E127/><N who="2" m="48715" /><F95/><W120/><G120/><T10/><D87/><U130/><E64/><V68/><F68/><W32/><G32/><T29/><D61/><U74/><E74/><V80/><F80/><W70/><G18/><AGARI ba="2,1" hai="9,15,18,20,22,41,44,46,50,51,55" m="48715" machi="18" ten="30,1000,0" yaku="18,1" doraHai="102" who="2" fromWho="3" sc="203,0,341,0,285,26,161,-16" /><INIT seed="2,0,0,0,2,50" ten="203,341,311,145" oya="2" hai0="83,79,16,13,118,68,12,39,131,59,82,109,9" hai1="115,93,99,133,102,0,105,47,25,64,26,114,23" hai2="20,4,71,29,74,67,15,124,101,132,113,52,89" hai3="28,104,8,7,98,91,55,32,14,125,123,2,51"/><V11/><F113/><W53/><G123/><T35/><D68/><U33/><E0/><V18/><F74/><W37/><G37/><T61/><D109/><U80/><E133/><V40/><F132/><W65/><G125/><T66/><D131/><U6/><E6/><V54/><F124/><W21/><G65/><T77/><D35/><U110/><E110/><V103/><F71/><W49/><G32/><T108/><D39/><U81/><E33/><V85/><F40/><W78/><G78/><N who="0" m="29707" /><D118/><U121/><E121/><V119/><F67/><W134/><G134/><T111/><D111/><U41/><E105/><V19/><F29/><W107/><G2/><T90/><D108/><U30/><E26/><N who="2" m="14615" /><F4/><W17/><G28/><T100/><D100/><N who="2" m="38474" /><F119/><W44/><G91/><T56/><D90/><U34/><E34/><V27/><F27/><W76/><G76/><T106/><D106/><U24/><E24/><V10/><F11/><W88/><G7/><N who="0" m="3135" /><D59/><U84/><E115/><V5/><F5/><W36/><G8/><AGARI ba="0,0" hai="8,13,16,56,61,66,82,83" m="3135,29707" machi="8" ten="30,2000,0" yaku="8,1,54,1" doraHai="50" who="0" fromWho="3" sc="203,20,341,0,311,0,145,-20" /><INIT seed="3,0,0,4,2,122" ten="223,341,311,125" oya="3" hai0="41,62,77,53,103,33,76,27,101,128,7,37,39" hai1="67,109,21,20,131,82,85,132,16,9,123,73,127" hai2="96,133,51,135,63,71,107,75,26,120,94,69,6" hai3="83,93,18,125,68,12,70,55,36,65,44,129,4"/><W42/><G125/><T104/><D128/><U86/><E109/><V66/><F107/><W38/><G129/><T52/><D7/><U28/><E123/><V113/><F113/><W61/><G4/><T17/><D17/><U106/><E106/><V91/><F120/><W112/><G112/><T134/><D104/><U47/><E132/><N who="2" m="50763" /><F75/><W72/><G36/><T40/><D134/><U2/><E73/><V23/><F51/><W119/><G119/><T19/><D19/><U11/><E127/><V116/><F6/><W49/><G93/><T126/><D27/><N who="1" m="16487" /><E2/><V10/><F10/><N who="1" m="3593" /><E131/><V118/><F71/><W74/><G83/><T108/><D62/><U56/><E47/><V14/><F14/><W31/><G31/><AGARI ba="0,0" hai="23,26,31,63,66,69,91,94,96,116,118" m="50763" machi="31" ten="30,1000,0" yaku="20,1" doraHai="122" who="2" fromWho="3" sc="223,0,341,0,311,10,125,-10" owari="223,-17.7,341,44.1,321,12.1,115,-38.5" /></mjloggm>