<mjloggm ver="2.3"><GO type="225" lobby="0"/><UN n0="%E6%98%93%E5%88%A9%E8%96%A9%E4%BC%AF" n1="%E3%83%B4%E3%83%A0%EF%BC%99%E3%81%A6" n2="%E3%81%BF%E3%81%BF%E3%81%9A" n3="%6D%75%75%73%61%6E%6D%75" dan="16,16,18,17" rate="2085.78,2125.38,2255.82,2179.49" sx="F,M,M,F"/><TAIKYOKU oya="0"/><INIT seed="0,0,0,5,2,78" ten="250,250,250,250" oya="0" hai0="76,64,14,89,57,103,67,116,52,56,23,38,85" hai1="50,47,36,15,104,96,45,42,114,54,68,21,134" hai2="100,121,22,108,120,26,44,98,31,87,84,86,63" hai3="75,11,82,46,35,39,55,10,91,7,51,34,106"/><T72/><D116/><U8/><E68/><V0/><F108/><W6/><G106/><T102/><D38/><U58/><E134/><V43/><F0/><W109/><G109/><T62/><D72/><U92/><E114/><V118/><F118/><W128/><G128/><T1/><D1/><U30/><E104/><V49/><REACH who="2" step="1"/><F63/><REACH who="2" ten="250,250,240,250" step="2"/><W97/><G35/><T73/><D73/><U28/><E36/><V32/><F32/><W83/><G34/><T117/><D117/><U132/><E132/><V19/><F19/><W110/><G75/><T127/><D127/><U111/><E111/><V105/><AGARI ba="0,1" hai="22,26,31,43,44,49,84,86,87,98,100,105,120,121" machi="105" ten="30,8000,1" yaku="1,1,0,1,53,3" doraHai="78" doraHaiUra="80" who="2" fromWho="2" sc="250,-40,250,-20,240,90,250,-20" /><INIT seed="1,0,0,5,3,5" ten="210,230,330,230" oya="1" hai0="97,35,38,116,130,71,74,65,53,126,19,57,73" hai1="99,9,62,75,121,109,108,123,122,125,32,83,84" hai2="52,16,128,12,47,20,69,105,48,25,33,88,68" hai3="29,60,80,64,92,0,115,58,51,7,72,110,89"/><U31/><E75/><V23/><F128/><W82/><G115/><T96/><D116/><U129/><E129/><V39/><F105/><W28/><G110/><N who="1" m="42602" /><E125/><V63/><F33/><W113/><G113/><T76/><D130/><U8/><E62/><V61/><F39/><W55/><G0/><T1/><D38/><U24/><E99/><V78/><F78/><AGARI ba="0,0" hai="8,9,24,31,32,78,83,84,121,122,123" m="42602" machi="78" ten="40,12000,1" yaku="14,1,10,1,52,2" doraHai="5" who="1" fromWho="2" sc="210,0,230,120,330,-120,230,0" /><INIT seed="1,1,0,2,1,119" ten="210,350,210,230" oya="1" hai0="103,75,44,21,10,50,91,34,89,88,35,110,65" hai1="100,43,13,14,56,83,57,78,33,104,20,1,60" hai2="71,121,63,115,125,132,85,40,118,23,29,95,81" hai3="64,37,62,32,116,106,2,22,123,49,124,109,28"/><U58/><E33/><V45/><F118/><W9/><G116/><T48/><D110/><U111/><E1/><V69/><F121/><W66/><G109/><T55/><D75/><U12/><E111/><V99/><F125/><W18/><G37/><T53/><D65/><U39/><E39/><V133/><F23/><W80/><G124/><T98/><D10/><U87/><E43/><V102/><F29/><W17/><G106/><T4/><D4/><U76/><E76/><N who="2" m="46247" /><F63/><W38/><G38/><T54/><D21/><U67/><E104/><V92/><F95/><W19/><G123/><T107/><REACH who="0" step="1"/><D55/><REACH who="0" ten="200,350,210,230" step="2"/><U112/><E112/><V3/><F3/><W114/><G2/><T97/><D97/><U120/><E120/><V7/><F7/><W105/><G114/><T96/><D96/><U47/><E20/><V0/><F0/><W94/><G32/><T6/><D6/><U25/><E67/><V93/><F115/><W113/><G113/><T122/><D122/><U127/><E127/><V126/><F126/><W86/><G66/><T72/><D72/><U84/><E84/><V30/><F30/><W41/><G28/><T130/><D130/><U82/><E87/><V74/><F74/><W51/><G22/><T31/><D31/><U117/><E117/><V61/><F71/><W128/><G128/><T135/><D135/><N who="2" m="51786" /><F99/><W24/><G9/><T52/><D52/><U101/><E12/><V73/><F73/><W11/><G11/><T59/><AGARI ba="1,1" hai="34,35,44,48,50,53,54,59,88,89,91,98,103,107" machi="59" ten="30,7900,0" yaku="1,1,0,1,54,1,53,1" doraHai="119" doraHaiUra="42" who="0" fromWho="0" sc="200,92,350,-40,210,-21,230,-21" /><INIT seed="2,0,0,0,2,119" ten="292,310,189,209" oya="2" hai0="19,71,46,48,112,118,20,49,79,58,45,129,82" hai1="9,29,106,53,18,88,76,115,99,4,117,54,44" hai2="27,5,52,39,32,0,100,40,84,77,12,96,34" hai3="13,31,123,87,3,72,89,120,91,37,11,128,2"/><V7/><F0/><W103/><G72/><T124/><D71/><U66/><E117/><V70/><F70/><W133/><G37/><T74/><D118/><U57/><E115/><V104/><F39/><W30/><G103/><T10/><D129/><U23/><E29/><V94/><F40/><W75/><G75/><T125/><D10/><U93/><E76/><V90/><F77/><W121/><G128/><T105/><D105/><U25/><E106/><V62/><F12/><W65/><G65/><T122/><D122/><U95/><E95/><V80/><F104/><W83/><G133/><T35/><D35/><U109/><E109/><V116/><F116/><W15/><G15/><T42/><D58/><U101/><E101/><V131/><F131/><W16/><REACH who="3" step="1"/><G89/><REACH who="3" ten="292,310,189,199" step="2"/><T26/><REACH who="0" step="1"/><D112/><REACH who="0" ten="282,310,189,199" step="2"/><U63/><E44/><V6/><REACH who="2" step="1"/><F27/><REACH who="2" ten="282,310,179,199" step="2"/><W24/><G24/><T50/><D50/><U43/><E43/><AGARI ba="0,3" hai="19,20,26,42,43,45,46,48,49,74,79,82,124,125" machi="43" ten="40,2600,0" yaku="1,1,9,1,53,0" doraHai="119" doraHaiUra="69" who="0" fromWho="1" sc="282,56,310,-26,179,0,199,0" /><INIT seed="3,0,0,0,5,87" ten="338,284,179,199" oya="3" hai0="62,100,129,32,88,48,57,109,135,0,77,10,53" hai1="97,40,20,70,114,123,93,14,21,69,90,73,44" hai2="33,104,38,84,78,24,127,128,16,95,134,131,75" hai3="92,59,107,1,74,26,94,126,8,25,43,99,39"/><W85/><G74/><T64/><D32/><U37/><E114/><V31/><F38/><W116/><G116/><T113/><D100/><U35/><E123/><V30/><F104/><W55/><G126/><T80/><D109/><U36/><E35/><V111/><F111/><W120/><G120/><T3/><D135/><U18/><E73/><V118/><F118/><W47/><G107/><T22/><D10/><U15/><E37/><V122/><F122/><W65/><G65/><T67/><D67/><U119/><E119/><V2/><F2/><W7/><G92/><T13/><D88/><U28/><E28/><V106/><F106/><W71/><G85/><T103/><D103/><U58/><E58/><V108/><F108/><W11/><G8/><T9/><D22/><U76/><E76/><V125/><F134/><W54/><G71/><T17/><D129/><N who="2" m="49738" /><F75/><W115/><G115/><T91/><D91/><U52/><E52/><V130/><N who="2" m="49746" /><V12/><DORA hai="4" /><F31/><W27/><REACH who="3" step="1"/><G59/><REACH who="3" ten="338,284,179,189" step="2"/><T121/><D113/><U112/><E112/><V61/><F61/><W133/><G133/><T82/><D62/><U6/><E69/><V50/><F50/><W98/><G98/><T83/><D48/><U5/><E70/><V29/><F29/><W19/><G19/><AGARI ba="0,1" hai="5,6,14,15,18,19,20,21,36,40,44,90,93,97" machi="19" ten="40,2600,0" yaku="9,1,52,1" doraHai="87,4" who="1" fromWho="3" sc="338,0,284,36,179,0,189,-26" owari="338,43.8,320,12.0,179,-22.1,163,-33.7" /></mjloggm>