<mjloggm ver="2.3"><GO type="225" lobby="0"/><UN n0="%E7%89%B9%E6%9D%B1%E3%81%AF%E4%B8%96%E7%95%8C%E3%82%92%E6%95%91%E3%81%86" n1="%41%6F%54" n2="%E9%95%B7%E5%B7%9E%E3%81%AE%E5%85%8B" n3="%E4%B8%89%E5%88%86%E5%B0%8F%E5%83%A7" dan="16,16,16,16" rate="2133.59,2048.63,2078.27,2119.90" sx="M,M,M,M"/><TAIKYOKU oya="0"/><INIT seed="0,0,0,2,2,21" ten="250,250,250,250" oya="0" hai0="62,110,57,130,30,72,128,82,96,43,24,111,18" hai1="39,113,58,66,105,134,123,19,32,108,59,27,93" hai2="41,89,14,49,56,103,4,65,114,129,81,75,54" hai3="84,90,71,60,37,40,2,9,99,124,86,36,85"/><T52/><D43/><U10/><E105/><V28/><F114/><W23/><G124/><T125/><D125/><U121/><E113/><V3/><F3/><W97/><G40/><T13/><D96/><U17/><E39/><V55/><F129/><N who="0" m="49770" /><D82/><U31/><E108/><N who="0" m="41513" /><D72/><U98/><E134/><V76/><F103/><W101/><G90/><T117/><D117/><U16/><E10/><V20/><F65/><W116/><G99/><T80/><D80/><U44/><E44/><V119/><F41/><W77/><G77/><T35/><D18/><U83/><E83/><V1/><F1/><W95/><G116/><T64/><D13/><U79/><E79/><V102/><F102/><W122/><G101/><T78/><D78/><U69/><E98/><V133/><F133/><W22/><G97/><T12/><D12/><U94/><E94/><V5/><F119/><W33/><G95/><T127/><D127/><U74/><E93/><V46/><F89/><W118/><G118/><T100/><D100/><U29/><E74/><V132/><F132/><W91/><G91/><T38/><D38/><U87/><E19/><V70/><F70/><W25/><G37/><T15/><D15/><U135/><E69/><V67/><F14/><W48/><G36/><T112/><D112/><U11/><E135/><V92/><F92/><W106/><G71/><T126/><D126/><U0/><E0/><V131/><F131/><W50/><G2/><T61/><D64/><U42/><E66/><V115/><F67/><W104/><G104/><T63/><AGARI ba="0,0" hai="24,30,35,52,57,61,62,63" m="41513,49770" machi="63" ten="40,12000,1" yaku="19,1,14,1,10,1,52,1,54,1" doraHai="21" who="0" fromWho="0" sc="250,120,250,-40,250,-40,250,-40" /><INIT seed="0,1,0,1,5,25" ten="370,210,210,210" oya="0" hai0="81,27,53,89,68,11,108,105,46,34,2,85,14" hai1="57,36,17,16,91,43,117,33,35,41,130,79,112" hai2="56,55,63,20,123,39,58,128,21,5,101,29,22" hai3="104,52,50,106,18,26,66,133,76,31,102,15,10"/><T44/><D2/><U87/><E117/><V73/><F123/><W70/><G133/><T30/><D105/><U120/><E120/><V3/><F73/><W88/><G76/><T64/><D108/><U92/><E130/><V8/><F39/><W93/><G102/><T13/><D53/><U111/><E111/><V80/><F128/><W115/><G66/><T114/><D114/><U23/><E112/><V61/><F101/><W72/><G70/><T84/><D14/><U9/><E79/><V75/><F75/><W24/><G24/><T69/><D84/><U118/><E118/><V109/><F80/><W116/><G72/><T97/><D97/><U51/><E36/><V99/><F99/><W62/><G62/><T19/><REACH who="0" step="1"/><D64/><REACH who="0" ten="360,210,210,210" step="2"/><U134/><E134/><V122/><F109/><W103/><G115/><T113/><D113/><U40/><E9/><V124/><F122/><W77/><G116/><T94/><D94/><U129/><E129/><V60/><F124/><W4/><G104/><T45/><AGARI ba="1,1" hai="11,13,19,27,30,34,44,45,46,68,69,81,85,89" machi="45" ten="30,6000,0" yaku="1,1,0,1,52,1,53,0" doraHai="25" doraHaiUra="121" who="0" fromWho="0" sc="360,73,210,-21,210,-21,210,-21" /><INIT seed="0,2,0,3,0,129" ten="433,189,189,189" oya="0" hai0="5,70,66,119,61,127,12,49,38,82,130,80,132" hai1="95,28,96,86,53,58,0,100,88,44,69,125,104" hai2="4,108,92,99,11,3,13,54,106,17,110,22,114" hai3="42,81,98,93,112,20,62,116,128,9,52,7,46"/><T64/><D119/><U1/><E125/><V26/><F106/><W124/><G112/><T30/><D38/><U10/><E69/><V57/><F114/><W32/><G116/><T45/><D130/><U97/><E28/><V65/><F65/><W43/><G32/><T34/><D64/><U55/><E10/><V118/><F118/><W76/><G20/><T59/><D59/><U63/><E44/><V18/><F17/><W84/><G124/><T50/><D50/><U79/><E53/><V40/><F40/><W8/><G128/><T21/><D127/><U135/><E135/><V133/><F3/><W113/><G113/><T87/><D132/><U16/><E16/><V60/><REACH who="2" step="1"/><F133/><REACH who="2" ten="433,189,179,189" step="2"/><W51/><G62/><T122/><D61/><U107/><E79/><V25/><F25/><W131/><G131/><T126/><D66/><U102/><AGARI ba="2,1" hai="0,1,55,58,63,86,88,95,96,97,100,102,104,107" machi="102" ten="30,4000,0" yaku="0,1,9,1,54,1" doraHai="129" who="1" fromWho="1" sc="433,-22,189,56,179,-12,189,-12" /><INIT seed="1,0,0,1,3,37" ten="411,245,167,177" oya="1" hai0="55,8,102,32,64,27,132,25,93,28,129,67,6" hai1="65,42,134,30,39,80,62,77,69,113,76,90,112" hai2="111,48,127,74,47,41,52,19,1,21,57,12,0" hai3="29,34,45,18,130,109,88,123,49,104,60,121,114"/><U44/><E134/><V63/><F74/><W43/><G114/><T100/><D132/><U125/><E125/><V16/><F127/><W10/><G104/><T46/><D129/><U66/><E90/><V81/><F111/><W20/><G109/><T26/><D28/><U24/><E66/><V4/><F4/><W40/><G10/><T115/><D32/><U11/><E11/><V59/><F19/><W56/><G130/><T91/><D115/><U82/><E82/><V5/><F5/><W14/><G40/><T13/><D46/><U119/><E77/><V89/><F59/><W68/><G68/><T116/><D55/><U17/><E17/><V84/><AGARI ba="0,0" hai="0,1,12,16,21,41,47,48,52,57,63,81,84,89" machi="84" ten="30,7900,0" yaku="0,1,52,1,54,2" doraHai="37" who="2" fromWho="2" sc="411,-20,245,-39,167,79,177,-20" /><INIT seed="2,0,0,5,4,21" ten="391,206,246,157" oya="2" hai0="133,73,43,16,48,28,72,117,55,19,9,74,31" hai1="66,39,116,79,62,71,114,22,35,109,134,113,83" hai2="8,77,132,0,104,135,7,129,92,68,110,102,51" hai3="23,93,41,15,13,24,112,57,128,107,94,50,126"/><V5/><F104/><W29/><G107/><T78/><D78/><U86/><E116/><V10/><F68/><W12/><G126/><T131/><D117/><U59/><E35/><V27/><F77/><W53/><G128/><T81/><D81/><U108/><E39/><V52/><F129/><W120/><G120/><T40/><D131/><U38/><E38/><V58/><F102/><W88/><G112/><T42/><D133/><U54/><E134/><N who="2" m="51243" /><F92/><W17/><G41/><T95/><D95/><U87/><E87/><V65/><F65/><W11/><G94/><T96/><D96/><AGARI ba="0,0" hai="11,12,13,15,17,23,24,29,50,53,57,88,93,96" machi="96" ten="30,7700,0" yaku="7,1,8,1,52,1,54,1" doraHai="21" who="3" fromWho="0" sc="391,-77,206,0,246,0,157,77" /><INIT seed="3,0,0,1,5,101" ten="314,206,246,234" oya="3" hai0="99,64,70,86,58,49,34,56,19,16,1,78,123" hai1="55,79,113,72,103,89,74,6,17,33,82,121,52" hai2="8,38,13,10,12,53,104,84,44,107,47,65,135" hai3="41,114,26,15,106,131,130,129,110,3,128,42,35"/><W108/><N who="3" m="32768" /><DORA hai="63" /><W88/><G3/><T122/><D1/><U27/><E113/><V43/><F135/><W118/><G114/><T73/><D73/><U69/><E121/><V85/><F43/><N who="3" m="16395" /><G118/><T37/><D37/><U9/><E72/><V80/><F80/><W68/><G68/><T117/><D34/><U11/><E69/><V119/><F53/><W75/><G75/><T5/><D5/><U133/><E133/><V57/><F57/><W2/><G2/><T97/><D70/><U30/><E103/><V7/><F119/><W102/><G15/><T21/><D117/><U92/><E17/><V90/><F90/><W29/><G88/><T61/><D122/><U91/><E91/><V50/><F50/><W124/><G124/><T18/><D123/><U94/><E9/><V0/><F0/><W127/><G127/><T46/><D56/><U62/><E11/><V98/><F98/><AGARI ba="0,0" hai="26,29,35,98,102,106,108,110" m="16395,32768" machi="98" ten="60,5800,0" yaku="19,1,52,1" doraHai="101,63" who="3" fromWho="2" sc="314,0,206,0,246,-58,234,58" /><INIT seed="3,1,0,1,3,5" ten="314,206,188,292" oya="3" hai0="105,46,33,65,6,64,126,135,61,112,32,44,0" hai1="92,108,38,113,109,127,128,74,24,125,25,59,26" hai2="45,95,90,122,22,1,39,34,73,58,57,18,99" hai3="114,88,13,3,56,10,15,12,86,27,19,2,30"/><W134/><G114/><T37/><D105/><U85/><E113/><V49/><F34/><W70/><G70/><T100/><D100/><U115/><E115/><V110/><F39/><W41/><G134/><T130/><D112/><U42/><E74/><V50/><F73/><W8/><G41/><T53/><D65/><U119/><E128/><V83/><F110/><N who="1" m="42601" /><E119/><V54/><F1/><W31/><G56/><T36/><D46/><N who="1" m="23895" /><E59/><V107/><F107/><W79/><G79/><T104/><D6/><U94/><E85/><V118/><F118/><W16/><G15/><T35/><D0/><U23/><E23/><V84/><F122/><W28/><G27/><T129/><D135/><U77/><E77/><V111/><F111/><W96/><G96/><T66/><D130/><U124/><AGARI ba="1,0" hai="24,25,26,92,94,124,125,127" m="23895,42601" machi="124" ten="40,2700,0" yaku="18,1,14,1" doraHai="5" who="1" fromWho="1" sc="314,-8,206,30,188,-8,292,-14" owari="306,40.6,236,-16.4,180,-32.0,278,7.8" /></mjloggm>