<mjloggm ver="2.3"><GO type="225" lobby="0"/><UN n0="%E3%81%95%E3%81%8D%E3%81%9F%E3%81%BE%E6%9E%97%E6%AA%8E" n1="%E6%98%93%E5%88%A9%E8%96%A9%E4%BC%AF" n2="%E5%8D%A0%E3%81%84%E5%B8%AB%E8%A3%8F%E3%81%AA%E3%81%84%E3%81%97" n3="%E3%80%93%E3%81%97%E3%83%BC%E3%82%89%E3%80%93" dan="16,16,17,17" rate="2078.82,2099.97,2229.12,2148.48" sx="M,F,M,M"/><TAIKYOKU oya="0"/><INIT seed="0,0,0,0,3,85" ten="250,250,250,250" oya="0" hai0="102,105,11,16,45,76,120,112,65,134,89,96,48" hai1="82,54,99,79,66,2,119,127,75,18,107,58,110" hai2="72,24,36,44,71,19,86,14,115,132,130,98,69" hai3="87,52,29,78,84,95,34,41,3,23,59,88,64"/><T39/><D112/><U113/><E119/><V128/><F72/><W135/><G3/><T13/><D120/><U8/><E110/><V9/><F115/><W26/><G135/><T70/><D134/><U12/><E127/><V53/><F132/><W33/><G64/><T0/><D0/><U90/><E2/><V7/><F98/><W123/><G123/><T67/><D76/><U46/><E46/><V22/><F53/><W117/><G117/><T15/><D70/><U91/><E66/><V57/><F57/><W6/><G6/><T56/><D39/><U30/><E30/><V50/><F50/><W1/><G1/><T37/><D37/><U17/><E17/><V40/><REACH who="2" step="1"/><F86/><REACH who="2" ten="250,250,240,250" step="2"/><W31/><G41/><T124/><D56/><U114/><E114/><V106/><F106/><W122/><G122/><T103/><D105/><U92/><E107/><V116/><F116/><W74/><G74/><T73/><D73/><U27/><E113/><V4/><F4/><W126/><G126/><T51/><D51/><U129/><E129/><AGARI ba="0,1" hai="7,9,14,19,22,24,36,40,44,69,71,128,129,130" machi="129" ten="40,5200,0" yaku="1,1,19,1,53,1" doraHai="85" doraHaiUra="5" who="2" fromWho="1" sc="250,0,250,-52,240,62,250,0" /><INIT seed="1,0,0,5,2,30" ten="250,198,302,250" oya="1" hai0="90,50,70,115,35,81,135,45,132,39,130,64,4" hai1="123,117,26,71,112,82,16,101,52,25,86,60,76" hai2="73,84,12,109,97,46,118,53,68,129,126,41,96" hai3="133,6,131,62,106,8,57,55,85,9,20,36,78"/><U13/><E112/><V74/><F118/><W134/><G106/><T29/><D115/><U44/><E117/><V77/><F109/><W5/><G36/><T100/><D39/><U40/><E123/><V66/><F129/><W114/><G114/><T113/><D113/><U17/><E101/><V119/><F126/><W59/><G131/><T121/><D121/><U127/><E127/><V83/><F53/><W48/><G20/><T110/><D110/><U34/><E34/><V7/><F119/><W128/><G128/><T103/><D130/><U22/><E17/><V42/><F42/><W27/><G27/><N who="0" m="18879" /><D4/><N who="3" m="1641" /><G85/><N who="0" m="50479" /><D64/><U33/><E33/><V93/><F66/><N who="3" m="39247" /><G78/><T54/><D70/><U10/><E22/><V67/><F67/><W94/><G94/><T28/><D28/><U80/><E80/><V47/><F68/><W99/><G99/><T91/><D91/><U18/><E18/><V89/><F97/><W61/><G48/><T79/><D79/><U102/><E102/><V11/><REACH who="2" step="1"/><F47/><REACH who="2" ten="250,198,292,250" step="2"/><W2/><G2/><T95/><D45/><U32/><E71/><V75/><F75/><W107/><G55/><T31/><D54/><U1/><E1/><V0/><F0/><W125/><G125/><T63/><D103/><U65/><E65/><V15/><F15/><W56/><G134/><T43/><D100/><U92/><E40/><V23/><F23/><W98/><G133/><T69/><D43/><U108/><E108/><V120/><F120/><W19/><G98/><T88/><D69/><U104/><E44/><V111/><F111/><W14/><G14/><T87/><D135/><RYUUKYOKU ba="0,1" sc="250,-10,198,-10,292,30,250,-10" hai2="7,11,12,41,46,73,74,77,83,84,89,93,96" /><INIT seed="2,1,1,1,3,112" ten="240,188,322,240" oya="2" hai0="104,4,37,12,120,69,97,135,76,101,86,17,60" hai1="3,78,38,0,131,36,41,30,77,6,15,102,125" hai2="44,13,98,121,100,14,96,123,19,46,35,110,54" hai3="27,89,7,9,5,124,65,122,68,53,127,119,73"/><V10/><F35/><W93/><G73/><T40/><D120/><U94/><E102/><V55/><F110/><W134/><G122/><T39/><D135/><U26/><E94/><V47/><F121/><W130/><G134/><T90/><D76/><U84/><E41/><V91/><F123/><W59/><G130/><T80/><D4/><U117/><E84/><V71/><F71/><W87/><G65/><T29/><D29/><U107/><E107/><V114/><F114/><W57/><G68/><T45/><D60/><U2/><E131/><V24/><F24/><W52/><G27/><T32/><D32/><U72/><E125/><N who="3" m="48202" /><G119/><T83/><D69/><U16/><E6/><N who="3" m="2058" /><G9/><T88/><D39/><U34/><E117/><V115/><F115/><W21/><G21/><T11/><REACH who="0" step="1"/><D90/><REACH who="0" ten="230,188,322,240" step="2"/><U116/><E116/><V61/><F91/><W49/><G49/><T133/><D133/><U74/><E72/><V105/><F61/><W92/><G89/><T103/><D103/><U67/><E67/><V22/><F100/><W99/><G87/><T33/><D33/><U111/><E111/><V51/><F51/><W8/><G99/><T43/><D43/><U128/><E128/><V129/><F129/><W81/><G81/><AGARI ba="1,2" hai="11,12,17,37,40,45,80,81,83,86,88,97,101,104" machi="81" ten="30,7700,0" yaku="1,1,7,1,54,1,53,1" doraHai="112" doraHaiUra="42" who="0" fromWho="3" sc="230,100,188,0,322,0,240,-80" /><INIT seed="3,0,0,3,4,20" ten="330,188,322,160" oya="3" hai0="0,129,1,44,122,111,15,49,68,16,123,88,109" hai1="53,127,27,58,18,112,13,6,25,10,63,29,103" hai2="78,22,110,39,7,72,50,116,92,52,32,90,33" hai3="93,128,11,119,131,99,114,74,135,26,101,3,55"/><W95/><G119/><T69/><D129/><N who="3" m="49737" /><G74/><T4/><D4/><U125/><E112/><V66/><F39/><W124/><G114/><T113/><D113/><U60/><E103/><V115/><F115/><W62/><G124/><N who="1" m="47690" /><E29/><V83/><F116/><W73/><G73/><T2/><D88/><U80/><E80/><V84/><F110/><N who="0" m="41994" /><D49/><U61/><E6/><V132/><F132/><W5/><G135/><T100/><D44/><U21/><E21/><V77/><F77/><W126/><G126/><T57/><D57/><U104/><E104/><V86/><F66/><W130/><N who="3" m="49745" /><W41/><DORA hai="120" /><G41/><T28/><D28/><U96/><E96/><V14/><F72/><W82/><G82/><T76/><D76/><U37/><E37/><V40/><F40/><W19/><G93/><T91/><D91/><U38/><E38/><V45/><F7/><W117/><G117/><T108/><D100/><U64/><E64/><V67/><F67/><W36/><G36/><T8/><D108/><U46/><E46/><V98/><F98/><W97/><G97/><T42/><D42/><U34/><E34/><V118/><F118/><W94/><G94/><T75/><D75/><U65/><E65/><V35/><F32/><W24/><G19/><T43/><D43/><U48/><AGARI ba="0,0" hai="10,13,18,25,27,48,53,58,60,61,63" m="47690" machi="48" ten="30,4000,0" yaku="18,1,52,2" doraHai="20,120" who="1" fromWho="1" sc="330,-10,188,40,322,-10,160,-20" owari="320,42.0,228,-17.2,312,11.2,140,-36.0" /></mjloggm>