<mjloggm ver="2.3"><GO type="225" lobby="0"/><UN n0="%E9%80%9F%E6%B0%B4%E5%87%9B%E9%A6%99" n1="%41%54%53%4D" n2="%48%61%61%61%6C%61%6E%64" n3="%E4%B8%89%E5%86%A0%E7%8E%8B%E3%83%BB%E5%B1%B1%E7%94%B0%E5%93%B2%E4%BA%BA" dan="16,16,17,16" rate="2114.33,2103.18,2143.15,2149.22" sx="F,M,M,M"/><TAIKYOKU oya="0"/><INIT seed="0,0,0,2,4,10" ten="250,250,250,250" oya="0" hai0="104,82,26,51,21,132,0,89,12,60,62,120,66" hai1="79,5,11,54,52,83,128,13,35,71,121,107,81" hai2="55,57,96,101,48,47,32,37,74,44,43,88,103" hai3="119,115,77,111,78,106,93,84,24,6,4,95,8"/><T108/><D120/><U29/><E71/><V102/><F32/><W14/><G106/><T30/><D0/><U18/><E107/><V65/><F74/><W99/><G115/><T41/><D104/><U133/><E121/><V126/><F126/><W70/><G119/><T76/><D132/><U68/><E68/><V2/><F2/><W39/><G111/><T118/><D118/><U31/><E133/><V85/><F65/><W34/><G39/><T125/><D125/><U100/><E128/><V49/><F96/><W94/><G70/><T117/><D117/><U134/><E100/><V130/><F130/><W72/><G72/><T124/><D124/><U46/><E134/><V33/><F33/><W45/><G4/><T87/><D108/><U98/><E98/><V22/><F22/><W97/><G84/><T109/><D109/><U90/><E35/><V38/><REACH who="2" step="1"/><F44/><REACH who="2" ten="250,250,240,250" step="2"/><W17/><G99/><T69/><D66/><U131/><E131/><V110/><F110/><W27/><G97/><T61/><D69/><U40/><E46/><V50/><F50/><W112/><G45/><N who="0" m="26031" /><D76/><U123/><E79/><V1/><F1/><W92/><G78/><T135/><D135/><U67/><E123/><V63/><F63/><W122/><G77/><T75/><D75/><U15/><E67/><V113/><F113/><W36/><G112/><T19/><D62/><U53/><E40/><V56/><F56/><W58/><G122/><T80/><D61/><U20/><E90/><V91/><F91/><W25/><N who="3" m="23552" /><DORA hai="16" /><W127/><G34/><N who="0" m="20823" /><D60/><U9/><E20/><V23/><F23/><RYUUKYOKU ba="0,1" sc="250,10,250,10,240,10,250,-30" hai0="12,19,21,80,82,87,89" hai1="5,9,11,13,15,18,29,31,52,53,54,81,83" hai2="37,38,43,47,48,49,55,57,85,88,101,102,103" /><INIT seed="0,1,1,2,1,111" ten="260,260,250,220" oya="0" hai0="95,14,60,92,18,25,86,77,133,45,96,71,57" hai1="4,134,54,115,131,62,44,127,17,43,46,135,51" hai2="113,118,23,55,126,33,7,35,84,108,5,75,100" hai3="90,27,8,107,114,21,119,65,2,42,9,74,1"/><T72/><D71/><U63/><E4/><V93/><F75/><W128/><G119/><T89/><D133/><N who="1" m="50699" /><E17/><V64/><F108/><W59/><G107/><T39/><D72/><U11/><E11/><V102/><F64/><W99/><G74/><T41/><D25/><U13/><E13/><V116/><F84/><W36/><G114/><T20/><D77/><U94/><E94/><V58/><F23/><W24/><G128/><T22/><D22/><U49/><E131/><V52/><F58/><W34/><G34/><T122/><D122/><U10/><E10/><V19/><F93/><N who="3" m="56759" /><G1/><T26/><D14/><U30/><E30/><V29/><F126/><W88/><G2/><T76/><D76/><U68/><E127/><V125/><F125/><W3/><G3/><T106/><D106/><U53/><E115/><V69/><F113/><W56/><G8/><T91/><D95/><U47/><E68/><V82/><F69/><W40/><G9/><T67/><REACH who="0" step="1"/><D86/><REACH who="0" ten="250,260,250,220" step="2"/><U130/><E130/><V50/><F33/><W110/><G27/><T129/><D129/><U121/><E121/><V120/><F120/><W104/><G104/><T12/><D12/><U124/><E124/><V103/><F35/><W83/><G24/><T98/><D98/><U105/><E105/><V101/><F5/><W61/><G21/><T66/><D66/><U38/><AGARI ba="1,2" hai="38,43,44,46,47,49,51,53,54,62,63" m="50699" machi="38" ten="30,4000,0" yaku="20,1,34,2" doraHai="111" who="1" fromWho="1" sc="250,-21,260,63,250,-11,220,-11" /><INIT seed="1,0,0,4,0,9" ten="229,323,239,209" oya="1" hai0="121,114,16,83,37,74,90,49,19,29,119,116,69" hai1="31,106,120,104,129,84,110,132,38,45,67,62,117" hai2="99,131,64,105,26,71,58,72,97,8,2,94,76" hai3="107,46,66,4,118,113,79,73,81,87,122,111,88"/><U51/><E38/><V56/><F131/><W80/><G122/><T86/><D37/><U25/><E120/><V43/><F43/><W93/><G113/><T27/><D121/><U55/><E117/><V36/><F36/><W40/><G118/><T48/><D114/><U108/><E129/><V65/><F105/><W5/><G111/><N who="1" m="42538" /><E84/><V32/><F72/><W126/><G126/><T100/><D69/><N who="1" m="42231" /><E132/><V57/><F76/><W75/><G107/><T53/><D74/><U60/><E60/><V24/><F71/><W14/><G66/><T101/><D48/><U92/><E92/><V0/><F65/><W91/><G75/><T21/><D119/><U10/><E10/><V39/><F64/><W78/><G78/><T59/><D116/><U28/><E28/><V41/><F8/><W82/><G93/><T85/><D85/><U33/><AGARI ba="0,0" hai="25,31,33,45,51,55,104,106" m="42231,42538" machi="33" ten="30,3000,0" yaku="14,1,10,1" doraHai="9" who="1" fromWho="1" sc="229,-10,323,30,239,-10,209,-10" /><INIT seed="1,1,0,0,4,135" ten="219,353,229,199" oya="1" hai0="54,79,98,68,103,130,120,60,129,61,35,9,109" hai1="55,63,24,40,27,43,126,77,106,45,134,87,31" hai2="74,46,69,132,122,72,10,97,99,100,19,83,86" hai3="128,118,4,59,111,47,1,121,124,108,80,15,57"/><U37/><E106/><V131/><F122/><W64/><G121/><T116/><D35/><U38/><E134/><V14/><F132/><W29/><G128/><N who="0" m="49259" /><D120/><U70/><E24/><V41/><F69/><W71/><G1/><T30/><D30/><U101/><E101/><V117/><F117/><W0/><G0/><T58/><D79/><U20/><E77/><V76/><F131/><W36/><G29/><T102/><D116/><U7/><E7/><V75/><REACH who="2" step="1"/><F100/><REACH who="2" ten="219,353,219,199" step="2"/><W12/><G118/><T53/><D103/><U127/><E70/><V51/><AGARI ba="1,1" hai="10,14,19,41,46,51,72,74,75,76,83,86,97,99" machi="51" ten="30,8000,1" yaku="1,1,2,1,0,1,53,2" doraHai="135" doraHaiUra="95" who="2" fromWho="2" sc="219,-21,353,-41,219,93,199,-21" /><INIT seed="2,0,0,2,5,110" ten="198,312,312,178" oya="2" hai0="60,35,105,97,131,115,42,28,39,73,63,118,51" hai1="87,1,85,96,102,65,78,20,41,23,95,123,59" hai2="71,113,36,72,89,56,124,111,130,66,25,93,109" hai3="107,135,68,21,11,54,69,55,67,40,45,48,52"/><V30/><F124/><W92/><G107/><T14/><D73/><U10/><E1/><V104/><F104/><W64/><G11/><T90/><D28/><U33/><E33/><V15/><F130/><W8/><G8/><T6/><D35/><U58/><E123/><V103/><F36/><N who="3" m="21639" /><G92/><T129/><D39/><U0/><E41/><V122/><F122/><W128/><G21/><N who="1" m="8266" /><E0/><V81/><F15/><W133/><G128/><N who="0" m="49227" /><D118/><U5/><E65/><N who="3" m="25162" /><G48/><T83/><D105/><U7/><E85/><V46/><F25/><W47/><G47/><N who="0" m="26103" /><D6/><N who="1" m="2059" /><E10/><V94/><F72/><W74/><G74/><T13/><D13/><U43/><E43/><V121/><F121/><W3/><G3/><T18/><D14/><U17/><E17/><V29/><F29/><W4/><G4/><T44/><D18/><U82/><AGARI ba="0,0" hai="58,59,78,82,87,95,96,102" m="2059,8266" machi="82" ten="30,1100,0" yaku="8,1" doraHai="110" who="1" fromWho="1" sc="198,-3,312,11,312,-5,178,-3" /><INIT seed="3,0,0,4,1,62" ten="195,323,307,175" oya="3" hai0="72,65,132,5,31,18,107,94,50,84,16,116,29" hai1="64,77,70,131,66,32,44,104,3,79,127,69,4" hai2="40,55,115,45,51,56,111,49,25,135,112,14,108" hai3="105,20,85,117,21,110,68,59,133,124,86,19,101"/><W39/><G117/><T123/><D72/><U10/><E104/><V17/><F25/><W26/><G68/><T119/><D107/><U120/><E120/><V28/><F28/><N who="0" m="10826" /><D123/><U67/><E32/><V37/><F135/><W102/><G133/><T74/><D74/><U2/><E131/><V6/><F6/><W73/><G73/><T60/><D132/><U42/><E127/><V71/><F71/><W48/><G39/><T87/><D119/><U13/><E70/><V22/><REACH who="2" step="1"/><F37/><REACH who="2" ten="195,323,297,175" step="2"/><W129/><G124/><T41/><D116/><U130/><E69/><V23/><F23/><W121/><G121/><T83/><D5/><U106/><E130/><V34/><F34/><W99/><G129/><T0/><D18/><U134/><E134/><V100/><F100/><W93/><G110/><AGARI ba="0,1" hai="14,17,22,40,45,49,51,55,56,108,110,111,112,115" machi="110" ten="40,2600,0" yaku="1,1,14,1,53,0" doraHai="62" doraHaiUra="24" who="2" fromWho="3" sc="195,0,323,0,297,36,175,-26" owari="195,-20.5,323,12.3,333,43.3,149,-35.1" /></mjloggm>