<mjloggm ver="2.3"><GO type="225" lobby="0"/><UN n0="%E3%83%9D%E3%83%B3%E3%83%9D%E3%82%B3%E5%95%86%E4%BA%8B" n1="%E7%99%BD%E9%9B%AA%E4%B9%83%E6%84%9B" n2="%E3%83%88%E3%83%A9%E3%83%9E%E3%83%AB" n3="%E9%A2%A8%E3%81%A7%E9%B3%B4%E3%81%8F" dan="16,16,16,16" rate="2164.85,2051.85,2074.09,2190.60" sx="M,F,M,M"/><TAIKYOKU oya="0"/><INIT seed="0,0,0,2,4,103" ten="250,250,250,250" oya="0" hai0="97,73,82,51,56,27,123,66,112,109,98,36,84" hai1="104,23,80,69,99,64,131,4,116,21,53,74,8" hai2="87,92,113,33,90,52,25,1,81,96,44,130,62" hai3="67,7,118,16,79,26,126,89,65,14,68,91,10"/><T134/><D36/><U132/><E116/><V129/><F1/><W88/><G118/><T114/><D73/><U11/><E64/><N who="3" m="24650" /><G68/><T101/><D123/><U0/><E69/><V125/><F125/><W55/><BYE who="2" /><G126/><T19/><D134/><U59/><E132/><V20/><F20/><N who="3" m="13575" /><G79/><T119/><D119/><U127/><E131/><V70/><F70/><W102/><G102/><T95/><D98/><U29/><E127/><V34/><F34/><W39/><G39/><T106/><D109/><U38/><E38/><V41/><F41/><W115/><G115/><UN n2="%E3%83%88%E3%83%A9%E3%83%9E%E3%83%AB" /><T124/><D124/><U35/><E35/><V15/><F113/><W77/><G77/><T12/><D27/><U94/><E29/><V93/><F15/><W63/><G63/><T108/><D108/><U121/><E121/><V83/><F25/><W24/><G24/><T6/><D6/><U47/><E11/><V57/><F33/><W128/><G128/><N who="2" m="49257" /><F44/><W31/><G31/><T2/><D2/><U71/><E47/><V110/><F110/><W22/><G22/><N who="0" m="11623" /><D112/><U75/><E71/><V42/><F42/><W111/><G111/><T60/><D114/><U32/><E32/><V120/><F120/><W28/><G28/><T46/><D46/><U122/><E122/><V5/><F5/><W49/><G49/><T30/><D51/><U86/><E23/><V37/><F37/><W117/><G117/><T107/><D30/><U135/><E21/><V78/><F78/><W61/><G61/><T105/><D107/><U9/><E135/><V18/><F18/><W72/><G72/><T133/><D133/><RYUUKYOKU ba="0,0" sc="250,10,250,-30,250,10,250,10" hai0="56,60,66,82,84,95,97,101,105,106" hai2="52,57,62,81,83,87,90,92,93,96" hai3="7,10,14,55,88,89,91" /><INIT seed="0,1,0,5,0,103" ten="260,220,260,260" oya="0" hai0="4,58,92,116,1,56,108,118,46,127,70,51,64" hai1="80,98,104,87,101,117,14,9,113,81,32,82,122" hai2="76,34,22,26,121,84,106,73,130,17,18,28,49" hai3="52,111,66,126,97,40,35,74,114,53,85,20,8"/><T63/><D127/><U77/><E32/><V41/><F121/><W23/><G35/><T120/><D120/><U124/><E122/><V16/><F73/><W24/><G114/><T47/><D4/><U119/><E113/><V72/><F72/><W102/><G74/><T132/><D1/><U15/><E124/><V11/><F130/><W65/><G126/><T55/><D92/><U75/><E15/><V107/><F11/><W3/><G40/><T125/><D125/><U134/><E134/><V110/><F110/><W44/><G111/><T31/><D31/><U33/><E33/><V5/><F5/><W6/><G85/><T19/><D19/><U79/><E14/><V96/><F96/><W93/><G23/><T39/><D108/><U59/><E59/><N who="0" m="22569" /><D132/><U21/><E21/><V43/><F34/><W48/><REACH who="3" step="1"/><G53/><REACH who="3" ten="260,220,260,250" step="2"/><T105/><D105/><U27/><E9/><V57/><F43/><AGARI ba="1,1" hai="39,43,46,47,51,55,63,64,70,116,118" m="22569" machi="43" ten="30,2900,0" yaku="34,2" doraHai="103" who="0" fromWho="2" sc="260,42,220,0,260,-32,250,0" /><INIT seed="0,2,0,5,2,57" ten="302,220,228,250" oya="0" hai0="108,121,0,4,36,115,59,28,128,93,3,56,9" hai1="95,24,27,32,65,126,99,111,102,110,67,29,74" hai2="30,80,60,19,55,1,2,43,77,70,41,26,97" hai3="16,124,11,90,51,104,87,37,88,116,5,105,84"/><T63/><D115/><U120/><E120/><V40/><F19/><W20/><G37/><T109/><D121/><U62/><E74/><V64/><F97/><W96/><G116/><T17/><D128/><U75/><E75/><V68/><F68/><W132/><G132/><T25/><D36/><U42/><E126/><V12/><F12/><W113/><G113/><T58/><D17/><U46/><E24/><V125/><F55/><W130/><G130/><T86/><D3/><U15/><E15/><V8/><F8/><W18/><G124/><T49/><D49/><U71/><REACH who="1" step="1"/><E65/><REACH who="1" ten="302,210,228,250" step="2"/><V22/><REACH who="2" step="1"/><F125/><REACH who="2" ten="302,210,218,250" step="2"/><W72/><G72/><AGARI ba="2,2" hai="1,2,22,26,30,40,41,43,60,64,70,72,77,80" machi="72" ten="40,5200,0" yaku="1,1,2,1,52,1,53,0" doraHai="57" doraHaiUra="129" who="2" fromWho="3" sc="302,0,210,0,218,78,250,-58" /><INIT seed="1,0,0,3,1,86" ten="302,210,296,192" oya="1" hai0="74,112,27,100,92,135,39,15,108,117,40,59,89" hai1="96,63,93,11,13,101,60,50,85,43,128,118,82" hai2="67,48,44,109,55,68,2,73,111,35,18,98,5" hai3="87,25,94,51,8,19,4,115,120,99,103,29,52"/><U62/><E118/><V7/><F35/><W20/><G120/><T26/><D112/><U66/><E128/><V105/><F73/><W22/><G115/><T79/><D117/><U36/><E36/><V0/><F68/><W102/><G87/><T84/><D135/><U78/><E66/><V69/><F69/><W46/><G8/><T104/><D108/><N who="2" m="41546" /><F67/><W95/><G4/><N who="2" m="1609" /><F18/><W21/><G29/><T131/><D131/><U130/><E130/><V121/><F121/><W23/><G95/><T114/><D114/><U113/><E113/><V134/><F134/><W37/><REACH who="3" step="1"/><G37/><REACH who="3" ten="302,210,296,182" step="2"/><T119/><D39/><U41/><REACH who="1" step="1"/><E50/><REACH who="1" ten="302,200,296,182" step="2"/><V83/><F48/><W56/><G56/><T38/><D59/><U28/><E28/><V97/><F44/><W122/><G122/><T34/><D38/><U107/><E107/><V58/><F105/><W9/><G9/><T57/><D104/><U61/><N who="1" m="15360" /><DORA hai="6" /><U106/><E106/><V129/><F58/><W3/><G3/><T53/><D57/><U54/><E54/><V110/><F55/><W126/><G126/><T42/><D53/><U17/><AGARI ba="0,2" hai="11,13,17,41,43,78,82,85,93,96,101" m="15360" machi="17" ten="40,12000,1" yaku="1,1,0,1,8,1,52,1,53,1" doraHai="86,6" doraHaiUra="80,1" who="1" fromWho="1" sc="302,-40,200,140,296,-40,182,-40" /><INIT seed="1,1,0,4,1,117" ten="262,340,256,142" oya="1" hai0="22,13,68,44,67,7,42,23,16,78,82,27,49" hai1="43,50,46,79,14,119,87,24,26,104,11,30,85" hai2="32,29,106,25,57,59,5,9,34,54,102,131,70" hai3="113,74,96,8,116,51,92,55,53,132,103,52,15"/><U114/><E114/><V45/><F70/><W80/><G116/><T120/><D120/><U125/><E119/><V115/><F115/><W58/><G113/><T94/><D94/><U110/><E104/><V73/><F73/><W89/><G132/><T105/><D105/><U95/><E125/><V31/><F131/><W108/><G108/><T81/><D68/><U10/><E110/><V101/><F45/><W39/><G39/><T133/><D133/><U77/><E10/><V60/><F106/><W12/><G12/><T86/><D67/><U111/><E111/><V48/><F31/><W41/><G41/><T112/><D82/><U128/><E128/><V109/><F34/><W6/><REACH who="3" step="1"/><G74/><REACH who="3" ten="262,340,256,132" step="2"/><T107/><D112/><U66/><E14/><V93/><F109/><W126/><G126/><T118/><D118/><U38/><E43/><V134/><F134/><W76/><G76/><T72/><D72/><U98/><E79/><V75/><F75/><W127/><G127/><T122/><D78/><U90/><E38/><V88/><F5/><W3/><G3/><T84/><D7/><U33/><E77/><V20/><F9/><W130/><G130/><T36/><D42/><U56/><E11/><V2/><F2/><W21/><G21/><T69/><D22/><U0/><E0/><V121/><F20/><W83/><G83/><T63/><D81/><U64/><E33/><V17/><F32/><W1/><G1/><T91/><D36/><U37/><E37/><V65/><F25/><W19/><G19/><T129/><D16/><U100/><E24/><V123/><F17/><RYUUKYOKU ba="1,1" sc="262,-10,340,-10,256,-10,132,30" hai3="6,8,15,51,52,53,55,58,80,89,92,96,103" /><INIT seed="2,2,1,1,3,90" ten="252,330,246,162" oya="2" hai0="33,98,6,120,38,124,83,54,77,108,70,26,19" hai1="106,91,105,125,42,132,115,76,123,53,21,48,104" hai2="95,18,122,127,20,57,49,81,3,36,92,117,55" hai3="111,66,131,62,75,46,89,65,34,68,134,44,11"/><V69/><F117/><W116/><G75/><T30/><D120/><U100/><E115/><V99/><F122/><W87/><G116/><T133/><D108/><U32/><E123/><V59/><F69/><W24/><G111/><T47/><D70/><U129/><E32/><V17/><F36/><W5/><G131/><T79/><D124/><U128/><E76/><V103/><F3/><W58/><G134/><T16/><D79/><U126/><E42/><V40/><F40/><W9/><G66/><T110/><D110/><U73/><E73/><V94/><F127/><N who="1" m="48649" /><E132/><V121/><F81/><W107/><G107/><T25/><D6/><U10/><E100/><V112/><F112/><W22/><G34/><T85/><D38/><U4/><E21/><V41/><F41/><W130/><G130/><T101/><D26/><U63/><E91/><V61/><F121/><W39/><G39/><T43/><D43/><U118/><E63/><V135/><F135/><W114/><G87/><T102/><D102/><U2/><E118/><V1/><F1/><W13/><G9/><T15/><D133/><U52/><E53/><N who="2" m="33967" /><F18/><W113/><G68/><T82/><D82/><U7/><E7/><V45/><F45/><AGARI ba="2,1" hai="2,4,10,45,48,52,104,105,106,128,129" m="48649" machi="45" ten="40,2600,0" yaku="18,1,54,1" doraHai="90" who="1" fromWho="2" sc="252,0,330,42,246,-32,162,0" /><INIT seed="3,0,0,1,1,21" ten="252,372,214,162" oya="3" hai0="117,28,110,12,98,42,133,61,85,103,134,45,1" hai1="67,20,74,64,65,130,15,62,81,73,51,46,44" hai2="94,116,82,132,27,25,87,3,55,120,112,69,47" hai3="100,128,105,126,124,118,6,7,38,104,72,49,78"/><W33/><G38/><T122/><D110/><U59/><E74/><V106/><F106/><N who="3" m="41067" /><G100/><T102/><D1/><U83/><E73/><V88/><F112/><W8/><G118/><T10/><D122/><U13/><E130/><V50/><F116/><W129/><G49/><N who="0" m="26807" /><D117/><U39/><E39/><V80/><F69/><W125/><G33/><T58/><D85/><U115/><E115/><V41/><F120/><W56/><G56/><T24/><D98/><U91/><E46/><V48/><F3/><N who="3" m="95" /><G7/><N who="0" m="3167" /><D58/><U26/><E91/><V119/><F132/><N who="0" m="50794" /><D61/><U30/><E83/><AGARI ba="0,0" hai="72,78,83,124,125,126,128,129" m="95,41067" machi="83" ten="40,3900,0" yaku="18,1,23,1" doraHai="21" who="3" fromWho="1" sc="252,0,372,-39,214,0,162,39" /><INIT seed="3,1,0,5,4,130" ten="252,333,214,201" oya="3" hai0="74,29,94,67,68,110,92,119,87,95,11,20,23" hai1="107,49,124,58,121,61,7,60,129,9,28,80,33" hai2="27,57,44,78,34,54,4,125,84,112,16,13,128" hai3="66,70,93,37,98,71,83,0,108,79,45,8,59"/><W2/><G108/><T53/><D74/><U100/><E121/><V25/><F112/><W123/><G123/><T63/><D110/><U113/><E113/><V39/><F128/><W114/><G114/><T82/><D119/><U22/><E33/><V43/><F4/><N who="3" m="1031" /><G59/><T26/><D11/><U86/><E129/><V97/><F125/><W65/><G65/><T3/><D3/><U55/><E124/><V30/><F27/><W69/><G66/><T1/><D1/><U96/><E28/><V116/><F97/><W135/><G2/><T88/><REACH who="0" step="1"/><D53/><REACH who="0" ten="242,333,214,201" step="2"/><U41/><E41/><V56/><F116/><W52/><G52/><T18/><D18/><U42/><E42/><V126/><F126/><W91/><G135/><T85/><D85/><U48/><E9/><V134/><F134/><W24/><G24/><T62/><D62/><U21/><E7/><V105/><F54/><W133/><G133/><T118/><D118/><U40/><E61/><V101/><F84/><W32/><G32/><AGARI ba="1,1" hai="20,23,26,29,32,63,67,68,82,87,88,92,94,95" machi="32" ten="40,2600,0" yaku="1,1,54,1,53,0" doraHai="130" doraHaiUra="73" who="0" fromWho="3" sc="242,39,333,0,214,0,201,-29" owari="281,8.1,333,43.3,214,-18.6,172,-32.8" /></mjloggm>