<mjloggm ver="2.3"><GO type="225" lobby="0"/><UN n0="%E8%81%B7%E6%A5%AD%E3%80%81%E9%A2%A8%32" n1="%E8%A8%88%E7%AE%97%E6%A9%9F%E8%87%AA%E7%84%B6" n2="%72%69%6F%75%63%68%61%6E" n3="%6A%79%75%6E%6F%68" dan="16,17,17,16" rate="2138.72,2222.46,2285.58,2136.02" sx="M,M,M,M"/><TAIKYOKU oya="0"/><INIT seed="0,0,0,5,2,91" ten="250,250,250,250" oya="0" hai0="79,32,24,37,105,15,84,97,9,18,3,61,10" hai1="21,33,96,110,90,102,93,2,34,27,125,132,42" hai2="103,83,0,16,119,121,117,35,76,50,64,40,87" hai3="133,26,47,52,25,86,60,57,44,98,104,55,75"/><T89/><D37/><U113/><E2/><V99/><F121/><W134/><G75/><T108/><D108/><U65/><E110/><V4/><F35/><W29/><G86/><T128/><D128/><U107/><E125/><V66/><F40/><W11/><G11/><T129/><D129/><U30/><E132/><N who="3" m="50794" /><G55/><T118/><D118/><N who="2" m="45066" /><F50/><W39/><G39/><T92/><D105/><U48/><E113/><V74/><F74/><W46/><G29/><T106/><D106/><U100/><E65/><V5/><F16/><W120/><G120/><T127/><D127/><U130/><E130/><V73/><F73/><W131/><G131/><T62/><D32/><U8/><E8/><N who="0" m="3177" /><D3/><U114/><E114/><V85/><F85/><W38/><G38/><T115/><D115/><U13/><E33/><V7/><F0/><W71/><G71/><T72/><D72/><U124/><E124/><V36/><F36/><W94/><G104/><AGARI ba="0,0" hai="4,5,7,64,66,76,83,87,99,103,104" m="45066" machi="104" ten="30,1000,0" yaku="12,1" doraHai="91" who="2" fromWho="3" sc="250,0,250,0,250,10,250,-10" /><INIT seed="1,0,0,3,0,24" ten="250,250,260,240" oya="1" hai0="39,15,132,102,97,108,82,26,89,20,64,121,5" hai1="38,28,11,113,4,10,106,91,99,86,93,40,107" hai2="98,104,101,116,80,27,43,73,62,124,19,100,81" hai3="92,79,21,123,117,115,66,75,120,77,83,110,25"/><U94/><E113/><V76/><F124/><W0/><G115/><T22/><D108/><U95/><E10/><V87/><F116/><W17/><G110/><T8/><D39/><U130/><E130/><V128/><F128/><W54/><G117/><T135/><D121/><U119/><E119/><V29/><F43/><W34/><G0/><T12/><D64/><U30/><E106/><V114/><F114/><W49/><G66/><T126/><D126/><U16/><E107/><V65/><F101/><W78/><G120/><T56/><D56/><U109/><E109/><V37/><F37/><W67/><G67/><T90/><D20/><U50/><E38/><V44/><F44/><W18/><G34/><T96/><D15/><N who="1" m="7295" /><E4/><V6/><F19/><W42/><G42/><T85/><D90/><N who="1" m="53463" /><E94/><V33/><F6/><W58/><G123/><T70/><D70/><U14/><E14/><V2/><F2/><W129/><G129/><T1/><D1/><U63/><E63/><V69/><REACH who="2" step="1"/><F80/><REACH who="2" ten="250,250,250,240" step="2"/><W31/><G17/><N who="0" m="12623" /><D102/><U71/><E71/><V3/><F3/><W122/><G122/><T72/><D5/><U68/><E68/><V47/><F47/><AGARI ba="0,1" hai="28,30,40,47,50,91,95,99" m="53463,7295" machi="47" ten="30,11600,0" yaku="8,1,52,2,54,1" doraHai="24" who="1" fromWho="2" sc="250,0,250,126,250,-116,240,0" /><INIT seed="1,1,0,5,0,55" ten="250,376,134,240" oya="1" hai0="85,6,130,107,117,84,50,95,131,22,90,48,114" hai1="110,83,17,19,100,102,40,27,49,103,41,80,122" hai2="120,44,79,73,71,46,97,3,25,74,15,39,87" hai3="10,128,14,64,116,30,81,53,70,18,126,11,47"/><U92/><E122/><V68/><F120/><W7/><G128/><N who="0" m="49195" /><D107/><U133/><E133/><V127/><F3/><W4/><G126/><T35/><D35/><U8/><E110/><V113/><F127/><W67/><G116/><T65/><D114/><U115/><E115/><V12/><F113/><W59/><G70/><N who="2" m="26665" /><F87/><W20/><G30/><T33/><D33/><U69/><E69/><V37/><F97/><W38/><G38/><N who="2" m="14345" /><F25/><W109/><G109/><T78/><D65/><N who="3" m="25161" /><G47/><N who="2" m="17961" /><F79/><W45/><G45/><T58/><D78/><U1/><E1/><V0/><F0/><W124/><G81/><T5/><D84/><U91/><E80/><V61/><F61/><N who="3" m="36079" /><G124/><T21/><D117/><U56/><E83/><V77/><F77/><W75/><G75/><AGARI ba="1,0" hai="12,15,73,74,75" m="17961,14345,26665" machi="75" ten="40,2600,0" yaku="28,2" doraHai="55" who="2" fromWho="3" sc="250,0,376,0,134,29,240,-29" /><INIT seed="2,0,0,2,1,25" ten="250,376,163,211" oya="2" hai0="17,56,18,97,13,129,119,90,23,68,16,107,127" hai1="78,39,59,69,66,114,64,128,22,80,8,51,27" hai2="45,29,38,12,21,33,82,28,54,24,79,135,106" hai3="111,99,133,15,42,102,63,115,4,67,5,34,112"/><V71/><F106/><W86/><G111/><T31/><D68/><U122/><E39/><V70/><F135/><W40/><G34/><T2/><D2/><U105/><E114/><N who="3" m="43562" /><G86/><T76/><D119/><U9/><E69/><V96/><F96/><W125/><G125/><T83/><D127/><U101/><E128/><V113/><F113/><W49/><G133/><T46/><D129/><U50/><E122/><V89/><F89/><W37/><G37/><T6/><D46/><U118/><E101/><V95/><F95/><N who="3" m="58751" /><G49/><T103/><D56/><U62/><E64/><V74/><F12/><W75/><G75/><T88/><D6/><N who="3" m="2665" /><G15/><T44/><D13/><U14/><E66/><V104/><F104/><W93/><G93/><T131/><D131/><U1/><E59/><AGARI ba="0,0" hai="40,42,59,63,67" m="2665,58751,43562" machi="59" ten="30,1000,0" yaku="11,1" doraHai="25" who="3" fromWho="1" sc="250,0,376,-10,163,0,211,10" /><INIT seed="3,0,0,4,3,32" ten="250,366,163,221" oya="3" hai0="31,112,18,33,107,7,100,70,63,90,62,17,119" hai1="97,40,118,6,80,45,117,104,106,61,89,98,101" hai2="4,77,48,99,44,103,46,94,47,133,92,135,108" hai3="130,2,132,81,111,88,131,110,57,72,5,59,93"/><W29/><G29/><T22/><D119/><N who="1" m="45579" /><E6/><V23/><F108/><N who="3" m="41515" /><G132/><T12/><D112/><U102/><E61/><V50/><F77/><N who="3" m="44199" /><G5/><T3/><D70/><U55/><E55/><V121/><F121/><W24/><G24/><N who="0" m="18663" /><D18/><U124/><E124/><V85/><F4/><W115/><G2/><T114/><D114/><U1/><E1/><V84/><F23/><W64/><G115/><T71/><D71/><U79/><E89/><V13/><F13/><W0/><G0/><T25/><D90/><U95/><E95/><V75/><F75/><W96/><G64/><T20/><D25/><U68/><E68/><V27/><F27/><W51/><G51/><T30/><D30/><U36/><E79/><V78/><F78/><W26/><G26/><T14/><D14/><U125/><E125/><V82/><F82/><AGARI ba="0,0" hai="36,40,45,80,82,97,98,101,102,104,106" m="45579" machi="82" ten="30,1000,0" yaku="12,1" doraHai="32" who="1" fromWho="2" sc="250,0,366,10,163,-10,221,0" owari="250,5.0,376,47.6,153,-34.7,221,-17.9" /></mjloggm>