<mjloggm ver="2.3"><GO type="225" lobby="0"/><UN n0="%E3%83%89%E3%83%A9%E3%81%8F%E3%82%8C" n1="%E3%83%81%E3%83%AF%E3%83%AF%E9%9A%8A%E9%95%B7" n2="%E7%99%BD%E6%97%A5%E9%9B%AA%E8%8F%9C" n3="%E3%81%86%E3%81%A9%E3%82%93%E3%81%93" dan="17,16,17,16" rate="2221.79,2106.92,2204.52,2161.11" sx="M,M,M,M"/><TAIKYOKU oya="0"/><INIT seed="0,0,0,4,1,55" ten="250,250,250,250" oya="0" hai0="37,42,28,118,70,94,78,5,0,112,33,103,88" hai1="25,114,132,135,125,15,29,36,102,83,58,49,7" hai2="40,34,17,8,109,107,64,50,86,41,38,54,97" hai3="3,100,12,48,63,2,101,80,76,74,113,110,84"/><T98/><D118/><U18/><E36/><V82/><F34/><W30/><G113/><T22/><D112/><U85/><E114/><V57/><F109/><W95/><G110/><T117/><D117/><U79/><E125/><V20/><F38/><W133/><G133/><N who="1" m="51274" /><E102/><V39/><F39/><W131/><G131/><T51/><D70/><U35/><E7/><V60/><F8/><W69/><G30/><T126/><D126/><U72/><E72/><V27/><F97/><W6/><G12/><T31/><D37/><U19/><E15/><V67/><F107/><W128/><G128/><T122/><D122/><U11/><E11/><V56/><REACH who="2" step="1"/><F67/><REACH who="2" ten="250,250,240,250" step="2"/><W62/><G2/><T61/><D0/><U99/><E99/><V105/><F105/><W93/><G3/><T91/><D33/><U45/><E58/><V73/><F73/><W115/><G115/><T121/><D121/><U24/><E24/><V106/><F106/><W124/><G124/><T68/><D98/><U21/><E35/><V1/><F1/><W43/><G69/><T10/><D68/><U90/><E79/><AGARI ba="0,1" hai="17,20,27,40,41,50,54,56,57,60,64,79,82,86" machi="79" ten="30,8000,1" yaku="1,1,7,1,8,1,52,2,53,0" doraHai="55" doraHaiUra="87" who="2" fromWho="1" sc="250,0,250,-80,240,90,250,0" /><INIT seed="1,0,0,5,1,54" ten="250,170,330,250" oya="1" hai0="99,70,23,123,9,52,28,116,5,90,87,131,76" hai1="72,85,37,1,53,95,20,104,121,79,22,100,82" hai2="134,126,118,91,103,132,111,11,56,83,64,102,8" hai3="58,25,68,65,101,29,31,127,107,112,67,49,19"/><U16/><E1/><V15/><F118/><W78/><G112/><T125/><D116/><U71/><E37/><V113/><F111/><W51/><G68/><T46/><D123/><U73/><E71/><V14/><F126/><W4/><G127/><T119/><D70/><U62/><E104/><V32/><F32/><W115/><G4/><T108/><D108/><U33/><E33/><V38/><F38/><W86/><G101/><T77/><D99/><U89/><E121/><V106/><F113/><W45/><G107/><T24/><D131/><U34/><E34/><V39/><F39/><W94/><G19/><T128/><D128/><U122/><E122/><V21/><F21/><N who="3" m="15535" /><G31/><T55/><D119/><U63/><E72/><V40/><F40/><N who="3" m="24743" /><G115/><T26/><D26/><U110/><E110/><V57/><F106/><W2/><G2/><T74/><D125/><U129/><E129/><V98/><F103/><W59/><G51/><T92/><D74/><U96/><E53/><V93/><F102/><W47/><G47/><T41/><D55/><U114/><E114/><V69/><F69/><W135/><G135/><T27/><D27/><U66/><E66/><N who="3" m="25098" /><G94/><T44/><D46/><U60/><REACH who="1" step="1"/><E16/><REACH who="1" ten="250,160,330,250" step="2"/><V80/><F132/><W12/><G12/><N who="0" m="5167" /><D41/><U81/><AGARI ba="0,1" hai="20,22,60,62,63,73,79,81,82,85,89,95,96,100" machi="81" ten="30,3000,0" yaku="1,1,0,1,53,0" doraHai="54" doraHaiUra="7" who="1" fromWho="1" sc="250,-10,160,40,330,-10,250,-10" /><INIT seed="1,1,0,3,0,31" ten="240,200,320,240" oya="1" hai0="13,99,27,84,92,29,58,135,49,2,32,131,106" hai1="85,1,95,119,70,30,54,76,56,21,65,115,59" hai2="44,102,16,19,108,43,42,35,128,114,41,82,89" hai3="105,50,61,122,123,40,0,79,14,53,98,111,38"/><U66/><E1/><V78/><F102/><W60/><G0/><T71/><D71/><U4/><E70/><V68/><F68/><W34/><G79/><T18/><D131/><U121/><E115/><V25/><F128/><W62/><G111/><T47/><D135/><U5/><E119/><V132/><F108/><W11/><G34/><T51/><D2/><U134/><E121/><V23/><F132/><W91/><G40/><T120/><D120/><U100/><E134/><V118/><F118/><W28/><G28/><T17/><D106/><U26/><E59/><V8/><F35/><W90/><G38/><T15/><D84/><U69/><E69/><V83/><F114/><W110/><G110/><T12/><D58/><U57/><E57/><V33/><F33/><W9/><G9/><T103/><REACH who="0" step="1"/><D49/><REACH who="0" ten="230,200,320,240" step="2"/><U77/><E85/><V24/><F44/><N who="3" m="27847" /><G123/><T20/><D20/><U6/><E65/><V129/><F23/><W45/><G45/><T46/><D46/><U81/><E66/><V104/><F104/><W101/><G122/><T80/><D80/><U37/><E81/><V48/><F83/><W94/><G105/><T55/><AGARI ba="1,1" hai="12,13,15,17,18,27,29,32,47,51,55,92,99,103" machi="55" ten="30,4000,0" yaku="1,1,0,1,52,1,53,0" doraHai="31" doraHaiUra="74" who="0" fromWho="0" sc="230,53,200,-21,320,-11,240,-11" /><INIT seed="2,0,0,3,3,109" ten="283,179,309,229" oya="2" hai0="30,111,76,134,3,133,97,2,112,49,110,99,40" hai1="21,32,61,75,39,91,96,19,122,128,24,7,62" hai2="124,22,1,15,69,27,87,81,48,54,115,9,73" hai3="113,64,129,88,127,125,108,105,6,92,16,8,77"/><V104/><F104/><W47/><G105/><T130/><D30/><U58/><E75/><V101/><F69/><W50/><G108/><N who="0" m="41515" /><D76/><U23/><E39/><V63/><F124/><N who="3" m="47691" /><G129/><T13/><D13/><U10/><E32/><V20/><F1/><N who="0" m="10" /><D130/><U45/><E128/><V12/><F73/><W79/><G64/><T4/><D4/><U72/><E72/><V46/><F101/><W89/><G6/><T56/><D40/><U84/><E122/><V31/><F12/><N who="3" m="7175" /><G113/><T83/><D83/><U60/><E7/><V44/><F115/><W100/><G100/><T85/><D85/><U93/><E10/><V119/><F87/><N who="3" m="52255" /><G89/><T102/><D112/><U11/><E11/><V18/><F9/><W41/><AGARI ba="0,0" hai="41,47,50,77,79" m="52255,7175,47691" machi="41" ten="30,4000,0" yaku="18,1,54,2" doraHai="109" who="3" fromWho="3" sc="283,-10,179,-10,309,-20,229,40" /><INIT seed="3,0,0,0,1,3" ten="273,169,289,269" oya="3" hai0="40,26,135,51,32,97,123,60,34,43,126,117,95" hai1="35,64,21,39,1,76,5,23,61,28,82,37,85" hai2="58,18,121,66,129,0,4,24,112,7,86,78,45" hai3="46,116,11,77,63,22,114,106,109,10,80,38,99"/><W55/><G114/><T91/><D123/><U36/><E35/><V119/><F119/><W72/><G116/><T50/><D117/><U130/><E130/><V132/><F112/><W65/><G109/><T44/><D135/><U100/><E100/><V41/><F0/><W54/><G22/><T30/><D126/><U133/><E133/><V122/><F129/><W17/><G17/><T16/><D60/><U87/><E28/><V107/><F107/><W128/><G128/><T131/><D131/><U83/><E1/><V105/><F105/><W75/><G75/><T88/><D16/><U29/><E29/><V2/><F2/><W74/><G74/><T56/><D34/><U67/><E5/><V69/><F69/><W70/><G55/><T52/><D40/><U98/><E98/><V89/><F78/><W31/><G31/><T12/><D12/><U115/><E115/><V90/><F90/><AGARI ba="0,0" hai="26,30,32,43,44,50,51,52,56,88,90,91,95,97" machi="90" ten="30,3900,0" yaku="7,1,54,2" doraHai="3" who="0" fromWho="2" sc="273,39,169,0,289,-39,269,0" owari="312,41.2,169,-33.1,250,-15.0,269,6.9" /></mjloggm>