<mjloggm ver="2.3"><GO type="225" lobby="0"/><UN n0="%77%72%77%72%77%72%77%72" n1="%4B%2E%32%2E%4B%2E" n2="%72%69%6F%75%63%68%61%6E" n3="%E5%86%B7%E5%87%8D%E3%82%AE%E3%83%A7%E3%83%BC%E3%82%B6" dan="16,17,17,16" rate="2115.20,2182.31,2190.82,2160.65" sx="M,M,M,M"/><TAIKYOKU oya="0"/><INIT seed="0,0,0,1,2,83" ten="250,250,250,250" oya="0" hai0="127,31,90,89,66,130,14,72,18,54,78,46,132" hai1="86,105,21,81,2,24,33,79,39,7,32,35,67" hai2="100,97,65,126,40,70,27,112,120,22,121,29,88" hai3="53,125,101,56,26,55,131,12,0,41,128,10,107"/><T50/><D130/><N who="3" m="49705" /><G125/><T52/><D127/><U62/><E105/><V91/><F126/><W16/><G0/><T42/><D132/><U84/><E39/><V61/><F112/><W19/><G41/><T117/><D117/><U5/><E2/><V17/><F40/><W129/><N who="3" m="49713" /><W95/><DORA hai="3" /><G107/><T47/><D66/><U135/><E86/><V71/><F70/><W114/><G114/><T110/><D110/><U76/><E79/><V51/><F51/><W1/><G1/><T69/><D69/><U64/><E64/><V36/><F36/><W20/><G56/><T98/><D31/><U45/><E45/><V92/><REACH who="2" step="1"/><F29/><REACH who="2" ten="250,250,240,250" step="2"/><W75/><G75/><T133/><D133/><U13/><E135/><V58/><F58/><W111/><G111/><T119/><D46/><U99/><E99/><AGARI ba="0,1" hai="10,12,16,19,20,26,53,55,95,99,101" m="49713" machi="99" ten="40,2600,0" yaku="19,1,54,1" doraHai="83,3" who="3" fromWho="1" sc="250,0,250,-26,240,0,250,36" /><INIT seed="1,0,0,0,1,117" ten="250,224,240,286" oya="1" hai0="1,132,41,60,127,128,23,47,87,106,37,133,18" hai1="48,134,43,21,109,131,0,65,20,68,17,130,122" hai2="73,76,77,25,19,28,124,22,26,98,10,64,123" hai3="102,118,113,67,14,99,13,74,8,105,85,7,125"/><U111/><E0/><V82/><F123/><W58/><G118/><T88/><D106/><U44/><E134/><N who="0" m="51817" /><D128/><N who="1" m="49195" /><E122/><V70/><F124/><W81/><G113/><T78/><D127/><U39/><E39/><V96/><F77/><W112/><G112/><T56/><D1/><U91/><E91/><V5/><F64/><W54/><G67/><N who="0" m="39303" /><D78/><U24/><E21/><V119/><F70/><W66/><G66/><T50/><D37/><U72/><E72/><V12/><REACH who="2" step="1"/><F119/><REACH who="2" ten="250,224,230,286" step="2"/><W75/><G125/><T69/><D69/><U9/><E9/><V45/><F45/><W38/><G75/><T36/><D36/><U110/><E65/><V62/><F62/><W94/><G74/><T27/><D87/><U30/><E68/><V34/><AGARI ba="0,1" hai="5,10,12,19,22,25,26,28,34,73,76,82,96,98" machi="34" ten="20,5200,0" yaku="1,1,0,1,7,1,53,1" doraHai="117" doraHaiUra="11" who="2" fromWho="2" sc="250,-13,224,-26,230,62,286,-13" /><INIT seed="2,0,0,1,2,28" ten="237,198,292,273" oya="2" hai0="82,3,110,40,104,111,98,119,44,42,114,13,78" hai1="52,33,39,6,36,74,93,132,24,133,61,31,72" hai2="66,109,99,89,70,85,35,27,81,7,45,59,21" hai3="48,54,11,116,47,112,73,15,96,95,102,9,30"/><V107/><F109/><N who="0" m="41482" /><D3/><U57/><E6/><V69/><F35/><W65/><G116/><T67/><D119/><U118/><E118/><V55/><F66/><W91/><G73/><N who="1" m="28266" /><E93/><V130/><F130/><W87/><G112/><T17/><D114/><U34/><E34/><V126/><F126/><W79/><G79/><T32/><D32/><U50/><E61/><V97/><F7/><W71/><G30/><T1/><D1/><U43/><E43/><V117/><F117/><W8/><G71/><T122/><D67/><U19/><E19/><V29/><F45/><W51/><G51/><T76/><D122/><U12/><E12/><V90/><F90/><W84/><G84/><N who="0" m="48199" /><D78/><U20/><E20/><V125/><F125/><W105/><REACH who="3" step="1"/><G65/><REACH who="3" ten="237,198,292,263" step="2"/><T25/><D42/><U14/><E14/><AGARI ba="0,1" hai="8,9,11,14,15,47,48,54,87,91,95,96,102,105" machi="14" ten="40,2600,0" yaku="1,1,2,1,53,0" doraHai="28" doraHaiUra="53" who="3" fromWho="1" sc="237,0,198,-26,292,0,263,36" /><INIT seed="3,0,0,1,1,20" ten="237,172,292,299" oya="3" hai0="16,75,51,18,125,133,123,124,44,73,15,34,84" hai1="99,31,115,107,85,106,118,9,61,81,83,132,13" hai2="53,49,96,37,62,74,58,50,128,78,56,45,102" hai3="66,110,117,25,55,39,135,88,108,43,33,71,64"/><W8/><G117/><T35/><D123/><U6/><E115/><V5/><F128/><W100/><G135/><T24/><D133/><U1/><E132/><V126/><F126/><N who="0" m="48746" /><D84/><U59/><E118/><V86/><F74/><N who="0" m="28170" /><D18/><U12/><E31/><V104/><F5/><W32/><G100/><T29/><D34/><N who="3" m="13417" /><G71/><T111/><D111/><N who="3" m="42537" /><G8/><N who="0" m="6247" /><D51/><U68/><E68/><V131/><F131/><W10/><G10/><T112/><D44/><U21/><E21/><V4/><F4/><W23/><G88/><T52/><D112/><U79/><E83/><V127/><F127/><W22/><G22/><T14/><D14/><U65/><REACH who="1" step="1"/><E107/><REACH who="1" ten="237,162,292,299" step="2"/><V3/><F104/><W97/><G97/><T28/><D28/><U60/><E60/><V134/><F62/><W57/><G43/><T70/><D70/><U30/><E30/><V120/><F96/><W38/><G38/><T0/><D35/><U90/><E90/><V116/><F37/><W103/><G39/><T77/><D29/><U11/><E11/><V129/><F116/><W119/><G119/><T63/><D77/><U101/><AGARI ba="0,1" hai="1,6,9,12,13,59,61,65,79,81,85,99,101,106" machi="101" ten="30,4000,0" yaku="1,1,0,1,53,1" doraHai="20" doraHaiUra="94" who="1" fromWho="1" sc="237,-10,162,50,292,-10,299,-20" /><INIT seed="4,0,0,2,3,31" ten="227,212,282,279" oya="0" hai0="53,124,10,127,7,133,98,60,70,18,87,13,29" hai1="108,122,130,63,79,54,118,57,59,44,22,23,11" hai2="90,131,107,69,21,47,38,110,84,77,28,112,56" hai3="52,41,72,55,34,100,9,62,67,104,17,105,129"/><T6/><D133/><U106/><E108/><V1/><F110/><W120/><G72/><T96/><D29/><U30/><E118/><V92/><F69/><N who="3" m="42231" /><G105/><T19/><D87/><U89/><E122/><V51/><F112/><W111/><G41/><T94/><D98/><U93/><E106/><V15/><F131/><W40/><G40/><T26/><D26/><U103/><E103/><V126/><F126/><N who="0" m="48170" /><D19/><U99/><E130/><V58/><F38/><W68/><G68/><T88/><D53/><U8/><E44/><V36/><F36/><W132/><G111/><T76/><D76/><U75/><E75/><V5/><F107/><W48/><G129/><T86/><D96/><U135/><E135/><V97/><F1/><W113/><G132/><T4/><D4/><U83/><E59/><V14/><F14/><N who="3" m="7375" /><G120/><T78/><D78/><U80/><E30/><V45/><F28/><W115/><G34/><T102/><D102/><U2/><E2/><V42/><F45/><W43/><G100/><T116/><D116/><U64/><E54/><V0/><F0/><W16/><G104/><T81/><D94/><U20/><REACH who="1" step="1"/><E83/><REACH who="1" ten="227,202,282,279" step="2"/><N who="2" m="47215" /><F5/><W109/><G109/><T27/><D6/><U101/><E101/><V46/><F47/><N who="3" m="25727" /><G16/><AGARI ba="0,1" hai="15,16,21,42,46,51,56,58,90,92,97" m="47215" machi="16" ten="30,2000,0" yaku="8,1,54,1" doraHai="31" who="2" fromWho="3" sc="227,0,202,0,282,30,279,-20" owari="227,-17.3,202,-29.8,312,41.2,259,5.9" /></mjloggm>