<mjloggm ver="2.3"><GO type="225" lobby="0"/><UN n0="%77%72%77%72%77%72%77%72" n1="%72%69%6F%75%63%68%61%6E" n2="%E7%9C%9F%E4%B8%80" n3="%E5%84%AA%40%41%42%43" dan="16,17,17,17" rate="2079.75,2307.19,2254.52,2222.77" sx="M,M,M,M"/><TAIKYOKU oya="0"/><INIT seed="0,0,0,4,2,101" ten="250,250,250,250" oya="0" hai0="114,64,3,73,126,130,127,52,115,16,14,55,17" hai1="24,123,47,105,69,7,28,104,48,63,77,128,121" hai2="12,32,11,62,108,122,2,118,132,83,8,112,113" hai3="79,51,35,91,66,86,109,111,10,125,19,106,60"/><T49/><D3/><U82/><E128/><V58/><F122/><W98/><G35/><T46/><D73/><U13/><E7/><V84/><F32/><W0/><G125/><N who="0" m="47627" /><D130/><U89/><E13/><V56/><F108/><N who="3" m="41547" /><G51/><N who="0" m="28791" /><D64/><N who="1" m="41119" /><E89/><V85/><F2/><W81/><G0/><T43/><D43/><U15/><E15/><V54/><F118/><W53/><G53/><T27/><D27/><U65/><E65/><V42/><F42/><W129/><G19/><N who="0" m="7243" /><D14/><U39/><E48/><V94/><F12/><W40/><G40/><T116/><D116/><U37/><E47/><AGARI ba="0,0" hai="47,49,55,114,115" m="7243,28791,47627" machi="47" ten="30,5800,0" yaku="18,1,54,2" doraHai="101" who="0" fromWho="1" sc="250,58,250,-58,250,0,250,0" /><INIT seed="0,1,0,5,3,109" ten="308,192,250,250" oya="0" hai0="110,80,135,65,132,89,28,127,29,95,24,48,121" hai1="30,1,7,119,114,6,51,18,131,72,88,133,23" hai2="45,67,20,90,58,43,27,134,14,59,106,107,83" hai3="38,5,105,54,130,81,56,92,73,102,15,120,75"/><T94/><D121/><U79/><E119/><V42/><F134/><N who="0" m="51242" /><D110/><U77/><E133/><V35/><F35/><W69/><G69/><T101/><D127/><U41/><E131/><V62/><F14/><W47/><G130/><T9/><D65/><U93/><E114/><V124/><F124/><W125/><G105/><T108/><D108/><U129/><E129/><V32/><F32/><W78/><G120/><T34/><D29/><U64/><E30/><V98/><F59/><W37/><G75/><T0/><D101/><U60/><E41/><V49/><F43/><W91/><G102/><T128/><D128/><U8/><E51/><V13/><F13/><W10/><G47/><T57/><D80/><U19/><E7/><V4/><F4/><W40/><G40/><T70/><D70/><U111/><E111/><V86/><REACH who="2" step="1"/><F98/><REACH who="2" ten="308,192,240,250" step="2"/><W55/><G125/><T21/><D34/><U61/><E61/><V123/><F123/><W85/><G55/><T82/><D0/><U115/><E115/><V25/><F25/><W122/><G122/><T103/><D57/><U104/><E6/><V68/><F68/><W99/><G99/><T63/><D24/><U22/><E1/><V12/><F12/><W96/><G96/><T117/><D9/><U17/><E8/><V76/><F76/><N who="1" m="29257" /><E72/><V39/><F39/><W66/><G66/><T113/><D113/><U97/><E104/><V100/><F100/><W11/><REACH who="3" step="1"/><G10/><REACH who="3" ten="308,192,240,240" step="2"/><T16/><D103/><U50/><E50/><AGARI ba="1,2" hai="5,11,15,37,38,50,54,56,73,78,81,85,91,92" machi="50" ten="30,7700,0" yaku="1,1,2,1,7,1,53,1" doraHai="109" doraHaiUra="46" who="3" fromWho="1" sc="308,0,192,-80,240,0,240,100" /><INIT seed="1,0,0,0,4,43" ten="308,112,240,340" oya="1" hai0="13,80,50,115,3,57,71,38,23,10,82,126,128" hai1="40,85,14,16,109,6,93,106,77,19,117,89,42" hai2="84,69,17,4,33,112,132,25,24,0,46,99,91" hai3="88,74,63,32,35,131,41,100,79,45,105,44,28"/><U54/><E117/><V130/><F69/><W87/><G131/><T26/><D71/><U113/><E113/><V58/><F33/><W135/><G135/><T62/><D38/><U134/><E134/><V2/><F132/><W107/><G41/><T1/><D115/><U53/><E106/><V67/><F4/><W78/><G63/><T48/><D1/><U49/><E109/><V86/><F130/><W22/><G22/><T83/><D3/><U51/><E77/><V129/><F0/><W61/><G61/><T111/><D126/><U12/><E6/><V8/><F2/><W121/><G121/><T15/><D111/><U122/><E122/><V27/><F129/><W90/><G87/><T31/><D128/><U65/><E65/><V60/><F112/><W92/><G92/><T7/><REACH who="0" step="1"/><D15/><REACH who="0" ten="298,112,240,340" step="2"/><N who="1" m="5675" /><E42/><V47/><F8/><W98/><G74/><T55/><AGARI ba="0,1" hai="7,10,13,23,26,31,48,50,55,57,62,80,82,83" machi="55" ten="30,4000,0" yaku="1,1,0,1,8,1,53,0" doraHai="43" doraHaiUra="94" who="0" fromWho="0" sc="298,50,112,-20,240,-10,340,-10" /><INIT seed="2,0,0,0,0,114" ten="348,92,230,330" oya="2" hai0="2,80,3,82,60,5,112,44,73,21,124,116,79" hai1="40,86,56,66,111,15,122,88,8,118,28,38,26" hai2="99,12,108,109,46,113,47,117,9,107,81,0,62" hai3="22,58,39,32,43,63,14,70,119,120,78,30,85"/><V126/><F113/><W33/><G119/><T90/><D112/><U23/><E111/><N who="2" m="42571" /><F0/><W105/><G120/><T130/><D116/><U41/><E122/><V59/><F126/><W134/><G105/><T75/><D124/><U125/><E125/><V98/><F81/><W103/><G103/><T89/><D130/><U67/><E118/><V74/><F74/><W95/><G70/><T121/><D121/><U131/><E131/><V91/><F117/><W65/><G134/><T83/><D83/><U72/><E72/><V11/><F91/><W4/><G78/><T51/><D60/><U128/><E128/><V19/><F9/><W18/><G4/><T53/><D21/><U13/><E13/><V29/><F29/><W84/><G30/><T77/><D5/><U10/><E10/><V57/><F57/><W100/><G85/><T101/><D101/><U27/><E27/><V127/><F127/><W115/><G115/><T87/><D87/><U93/><E38/><V71/><F71/><W129/><G129/><T92/><D92/><U94/><E94/><V36/><F107/><W64/><G84/><T49/><D49/><U17/><REACH who="1" step="1"/><E56/><REACH who="1" ten="348,82,230,330" step="2"/><V37/><F37/><W42/><G39/><T123/><D123/><U61/><E61/><V48/><F36/><W1/><G95/><T69/><D69/><U55/><E55/><N who="2" m="30103" /><F47/><W52/><G58/><T7/><D2/><U24/><E24/><V76/><F59/><N who="3" m="35303" /><G1/><T106/><D106/><U35/><E35/><N who="3" m="13386" /><G100/><T16/><D3/><U31/><E31/><V6/><F62/><W110/><G110/><T25/><D7/><RYUUKYOKU ba="0,1" sc="348,10,82,10,230,-30,330,10" hai0="16,25,44,51,53,73,75,77,79,80,82,89,90" hai1="8,15,17,23,26,28,40,41,66,67,86,88,93" hai3="14,18,22,42,43,64,65" /><INIT seed="3,1,1,2,0,55" ten="358,92,200,340" oya="3" hai0="33,93,75,88,41,63,78,76,125,95,89,71,62" hai1="70,43,38,32,73,7,17,133,46,48,68,109,24" hai2="52,118,103,135,50,122,3,26,53,82,92,18,99" hai3="120,113,6,111,69,49,124,105,126,8,85,54,121"/><W29/><G113/><T87/><D33/><U60/><E73/><V123/><F3/><W42/><G69/><N who="1" m="26730" /><E17/><V56/><F118/><W27/><G105/><T59/><D125/><N who="3" m="48233" /><G42/><T36/><D71/><U112/><E24/><V102/><F53/><W25/><G111/><T10/><D41/><N who="1" m="22839" /><E7/><V34/><F82/><W0/><G85/><T58/><D36/><U15/><E15/><V90/><F18/><W37/><G37/><T84/><D10/><U16/><E16/><V86/><F135/><W57/><G27/><T104/><D104/><U119/><E32/><AGARI ba="1,1" hai="0,6,8,25,29,32,49,54,57,120,121" m="48233" machi="32" ten="30,2900,0" yaku="18,1,52,1" doraHai="55" who="3" fromWho="1" sc="358,0,92,-32,200,0,340,42" owari="358,15.8,60,-44.0,200,-20.0,382,48.2" /></mjloggm>