<mjloggm ver="2.3"><GO type="225" lobby="0"/><UN n0="%E3%81%A6%E3%81%A4%EF%BC%A3" n1="%E7%BD%AA%E5%88%91%E6%B3%95%E5%AE%9A%E4%B8%BB%E7%BE%A9" n2="%E3%81%B7%E3%82%8A%E3%82%93%E8%81%96%E4%BA%BA" n3="%E3%82%BC%E3%83%AB%E3%83%80%E3%81%AE%E4%BC%9D%E8%AA%AC" dan="16,16,16,16" rate="2064.29,2170.34,2146.56,2130.71" sx="M,M,M,M"/><TAIKYOKU oya="0"/><INIT seed="0,0,0,1,4,41" ten="250,250,250,250" oya="0" hai0="3,88,75,28,102,39,25,32,70,128,48,14,91" hai1="61,0,69,27,120,35,122,87,96,118,132,108,22" hai2="42,38,104,2,98,123,126,135,40,117,18,94,19" hai3="85,111,8,106,9,113,21,121,26,30,127,79,50"/><T71/><D3/><U6/><E118/><V52/><F123/><W105/><G113/><T29/><D39/><U72/><E87/><V33/><F33/><W100/><G121/><T129/><D29/><N who="1" m="19903" /><E96/><V37/><F104/><W47/><G111/><T130/><D75/><U58/><E58/><V12/><F2/><W134/><G127/><T56/><D102/><U101/><E101/><V17/><F117/><W81/><G134/><T46/><D56/><U93/><E93/><V24/><F135/><W62/><G62/><T99/><D14/><U60/><E60/><V10/><F24/><W36/><G36/><T68/><REACH who="0" step="1"/><D99/><REACH who="0" ten="240,250,250,250" step="2"/><U34/><E72/><V49/><F38/><W110/><G110/><T97/><D97/><U55/><E108/><V73/><F37/><W13/><G100/><T82/><D82/><U114/><E132/><V54/><F73/><W43/><REACH who="3" step="1"/><G9/><REACH who="3" ten="240,250,250,240" step="2"/><T20/><D20/><U51/><E22/><V74/><F10/><W76/><G76/><T65/><D65/><N who="1" m="41135" /><E122/><V80/><F80/><W133/><G133/><T44/><D44/><N who="1" m="28135" /><E120/><V115/><F74/><W124/><G124/><T125/><D125/><U95/><E34/><V31/><F126/><W15/><G15/><T109/><D109/><U107/><E114/><V64/><F12/><W83/><G83/><T53/><AGARI ba="0,2" hai="25,28,32,46,48,53,68,70,71,88,91,128,129,130" machi="53" ten="40,12000,1" yaku="1,1,0,1,19,1,52,1,54,1,53,0" doraHai="41" doraHaiUra="11" who="0" fromWho="0" sc="240,140,250,-40,250,-40,240,-40" /><INIT seed="0,1,0,4,4,61" ten="380,210,210,200" oya="0" hai0="33,28,79,15,29,120,106,56,41,62,44,69,94" hai1="89,23,24,58,78,8,119,2,34,121,19,76,25" hai2="6,88,10,39,105,17,68,43,4,30,67,73,97" hai3="100,5,71,107,99,128,38,90,102,131,118,85,1"/><T26/><D120/><U96/><E119/><V98/><F73/><W45/><G118/><T51/><D106/><U55/><E121/><V116/><F116/><W112/><G112/><T132/><D132/><U124/><E124/><V135/><F135/><W57/><G71/><T113/><D113/><U86/><E96/><V31/><F39/><W66/><G102/><T32/><D69/><U54/><E54/><V111/><F43/><W35/><G35/><T104/><D104/><U64/><E64/><V82/><F111/><W122/><G122/><T81/><D15/><U93/><E2/><V48/><F48/><W18/><G38/><T53/><D29/><U130/><E130/><N who="3" m="49706" /><G45/><T13/><D13/><U49/><REACH who="1" step="1"/><E8/><REACH who="1" ten="380,200,210,200" step="2"/><V60/><F97/><W117/><G117/><T80/><D33/><U101/><E101/><V22/><F98/><W12/><G99/><T92/><REACH who="0" step="1"/><D80/><REACH who="0" ten="370,200,210,200" step="2"/><U16/><E16/><V3/><F105/><W114/><G18/><T108/><D108/><U91/><E91/><V7/><F31/><AGARI ba="1,2" hai="19,23,24,25,31,34,49,55,58,76,78,86,89,93" machi="31" ten="40,1300,0" yaku="1,1,53,0" doraHai="61" doraHaiUra="42" who="1" fromWho="2" sc="370,0,200,36,210,-16,200,0" /><INIT seed="1,0,0,1,0,80" ten="370,236,194,200" oya="1" hai0="70,5,48,36,87,91,55,18,128,42,45,133,72" hai1="96,62,130,21,2,93,63,4,68,56,64,10,66" hai2="37,119,86,100,120,110,15,94,22,79,135,20,77" hai3="3,129,60,111,61,40,83,90,92,74,127,50,7"/><U49/><E130/><V82/><F37/><W131/><G111/><T101/><D128/><N who="3" m="49225" /><G127/><T122/><D133/><U11/><E21/><V75/><F120/><W105/><G105/><T85/><D72/><U32/><E32/><V103/><F119/><W132/><G132/><T31/><D70/><U99/><E93/><V57/><F135/><W25/><G25/><T30/><D101/><U107/><E107/><V126/><F126/><W44/><G7/><T84/><D122/><U54/><REACH who="1" step="1"/><E11/><REACH who="1" ten="370,226,194,200" step="2"/><V17/><F94/><W33/><G33/><T76/><D76/><U108/><E108/><V134/><F110/><W29/><G29/><T16/><D31/><U52/><E52/><V8/><F134/><W69/><G92/><T95/><D30/><U0/><E0/><V113/><F77/><W47/><G3/><T98/><REACH who="0" step="1"/><D5/><REACH who="0" ten="360,226,194,200" step="2"/><U106/><E106/><V118/><F118/><W109/><G109/><T24/><D24/><U89/><E89/><V73/><F73/><W26/><G90/><T41/><D41/><U67/><E67/><V39/><F75/><W6/><G6/><T88/><D88/><U81/><E81/><V78/><F79/><W58/><G26/><T125/><D125/><U38/><E38/><V114/><F39/><W116/><G116/><T97/><D97/><U34/><E34/><V35/><F35/><W14/><G83/><T104/><D104/><U46/><AGARI ba="0,2" hai="2,4,10,46,49,54,56,62,63,64,66,68,96,99" machi="46" ten="20,7800,0" yaku="1,1,0,1,7,1,53,1" doraHai="80" doraHaiUra="1" who="1" fromWho="1" sc="360,-26,226,98,194,-26,200,-26" /><INIT seed="1,1,0,2,0,128" ten="334,324,168,174" oya="1" hai0="53,52,19,65,18,102,40,55,88,103,30,83,72" hai1="100,125,34,42,1,89,9,73,133,67,117,22,38" hai2="39,78,118,7,97,17,110,76,41,84,13,43,12" hai3="132,94,68,92,26,2,113,25,50,48,20,80,28"/><U58/><E34/><V77/><F118/><W116/><G113/><T11/><D72/><U54/><E117/><V114/><F110/><W60/><G116/><T123/><D30/><U90/><E100/><N who="0" m="38441" /><D123/><U124/><E67/><V109/><F109/><W74/><G2/><T101/><N who="0" m="38449" /><T119/><DORA hai="45" /><D119/><U37/><E73/><V21/><F39/><N who="1" m="14857" /><E22/><V51/><F97/><W5/><G5/><T10/><D65/><U107/><E107/><V134/><F114/><W31/><G74/><T121/><D40/><U70/><E42/><V91/><F134/><W105/><G132/><T69/><D69/><U32/><E32/><V111/><F111/><W79/><G105/><T14/><D121/><U98/><E70/><V115/><F115/><W71/><G20/><N who="0" m="11351" /><D19/><U126/><E98/><V63/><F63/><W66/><G60/><T24/><D24/><U27/><E27/><V33/><F33/><W35/><G35/><T6/><D6/><N who="1" m="1231" /><E133/><V0/><F0/><W104/><G66/><T86/><AGARI ba="1,0" hai="10,11,52,53,55,83,86,88" m="11351,38449" machi="86" ten="40,5200,0" yaku="8,1,54,2" doraHai="128,45" who="0" fromWho="0" sc="334,55,324,-27,168,-14,174,-14" /><INIT seed="2,0,0,3,2,93" ten="389,297,154,160" oya="2" hai0="101,19,14,23,61,133,31,81,45,36,53,100,94" hai1="135,46,11,9,56,6,74,40,89,29,63,55,109" hai2="65,134,50,52,124,39,18,123,26,102,42,83,113" hai3="114,48,0,64,25,103,128,98,108,62,105,34,49"/><V111/><F113/><W107/><G114/><T43/><D133/><U67/><E135/><V37/><F134/><W20/><G108/><T104/><D104/><U59/><E74/><V84/><F65/><W95/><G128/><T22/><D81/><U70/><E109/><V77/><F111/><W119/><G119/><T28/><D101/><U66/><E29/><V5/><F123/><W117/><G117/><T41/><D41/><U120/><E120/><V17/><F5/><W122/><G0/><T75/><D75/><U76/><E76/><V47/><F124/><W44/><G122/><T51/><D61/><U33/><E33/><V112/><F112/><W72/><G72/><T82/><D82/><U12/><E11/><V85/><F85/><W4/><G4/><T8/><D8/><U121/><E121/><V131/><F131/><W90/><G34/><T110/><D22/><U1/><E1/><V57/><F102/><W30/><G90/><T88/><D100/><U115/><E115/><V73/><F73/><W68/><REACH who="3" step="1"/><G48/><REACH who="3" ten="389,297,154,150" step="2"/><N who="0" m="26687" /><D110/><U80/><E89/><V38/><REACH who="2" step="1"/><F26/><REACH who="2" ten="389,297,144,150" step="2"/><W86/><G86/><N who="0" m="52503" /><D36/><AGARI ba="0,2" hai="17,18,36,37,38,39,42,47,50,52,57,77,83,84" machi="36" ten="40,7700,0" yaku="1,1,54,1,53,1" doraHai="93" doraHaiUra="79" who="2" fromWho="0" sc="389,-77,297,0,144,97,150,0" /><INIT seed="2,1,0,2,2,10" ten="312,297,241,150" oya="2" hai0="88,49,118,24,58,112,44,104,29,66,37,57,59" hai1="12,72,99,94,1,93,8,25,69,117,15,46,83" hai2="42,34,73,114,79,4,35,71,76,26,128,41,39" hai3="36,19,21,111,22,130,86,95,85,119,126,7,27"/><V127/><F114/><W52/><G119/><T51/><D112/><U14/><E117/><V53/><F71/><W30/><G111/><T101/><D118/><U125/><E69/><V17/><F4/><W116/><G116/><T131/><D37/><U6/><E125/><V105/><F105/><W89/><G130/><T70/><D131/><U18/><E46/><V84/><F73/><W62/><G126/><T92/><D101/><U64/><E64/><V40/><F39/><W132/><G132/><T121/><D104/><U78/><REACH who="1" step="1"/><E99/><REACH who="1" ten="312,287,241,150" step="2"/><V135/><F127/><W45/><G36/><T113/><D113/><U20/><AGARI ba="1,1" hai="1,6,8,12,14,15,18,20,25,72,78,83,93,94" machi="20" ten="30,12000,2" yaku="1,1,2,1,0,1,52,3,53,0" doraHai="10" doraHaiUra="31" who="1" fromWho="1" sc="312,-31,287,133,241,-61,150,-31" /><INIT seed="3,0,0,1,4,12" ten="281,420,180,119" oya="3" hai0="65,118,99,46,61,48,24,0,4,71,29,101,70" hai1="107,7,40,100,119,90,76,44,49,54,91,34,113" hai2="3,93,97,80,88,84,53,64,60,41,36,109,74" hai3="14,79,30,32,59,106,85,123,127,128,39,19,87"/><W132/><G123/><T55/><D118/><U95/><E113/><V96/><F3/><W11/><G39/><T1/><D71/><U82/><E34/><V20/><F109/><W21/><G106/><T47/><D47/><U129/><E119/><V25/><F53/><W111/><G111/><T92/><D4/><U62/><E129/><V81/><F41/><W10/><G128/><T126/><D126/><U22/><E107/><V135/><F36/><W69/><G69/><T68/><D70/><U52/><E7/><V57/><F135/><W18/><G132/><T67/><D65/><U116/><E116/><V89/><F74/><W117/><G117/><T31/><D31/><U77/><E100/><V72/><F72/><W16/><G127/><T114/><D114/><U86/><E77/><V63/><F63/><W58/><G32/><AGARI ba="0,0" hai="0,1,24,29,32,46,48,55,61,67,68,92,99,101" machi="32" ten="30,1000,0" yaku="7,1" doraHai="12" who="0" fromWho="3" sc="281,10,420,0,180,0,119,-10" owari="291,9.1,420,52.0,180,-22.0,109,-39.1" /></mjloggm>