<mjloggm ver="2.3"><GO type="225" lobby="0"/><UN n0="%E5%8D%A0%E3%81%84%E5%B8%AB%E8%A3%8F%E3%81%AA%E3%81%84%E3%81%97" n1="%E3%81%BF%E3%81%BF%E3%81%9A" n2="%E7%89%B9%E6%9D%B1%E3%81%AF%E4%B8%96%E7%95%8C%E3%82%92%E6%95%91%E3%81%86" n3="%72%69%6F%75%63%68%61%6E" dan="17,18,16,17" rate="2163.93,2257.69,2063.85,2265.84" sx="M,M,M,M"/><TAIKYOKU oya="0"/><INIT seed="0,0,0,1,2,37" ten="250,250,250,250" oya="0" hai0="77,80,96,48,71,1,63,127,68,117,84,60,66" hai1="42,103,11,56,41,58,5,3,27,130,23,74,100" hai2="102,92,43,73,55,126,69,94,7,0,39,12,67" hai3="129,33,82,44,17,104,45,2,18,64,128,115,62"/><T101/><D117/><U118/><E118/><V110/><F73/><W40/><G115/><T47/><D127/><U46/><E74/><V133/><F0/><W35/><G104/><T119/><D1/><U72/><E72/><V121/><F121/><W38/><G2/><T123/><D119/><U107/><E130/><N who="3" m="50282" /><G82/><T6/><D6/><U95/><E107/><V98/><F110/><W59/><G44/><T135/><D135/><U83/><E83/><V93/><F126/><W105/><G105/><T91/><D123/><U28/><E42/><V108/><F108/><W13/><G17/><T109/><D109/><U75/><E75/><V86/><F86/><W111/><G111/><T21/><D21/><AGARI ba="0,0" hai="13,18,21,33,35,38,40,45,59,62,64" m="50282" machi="21" ten="30,2000,0" yaku="19,1,52,1" doraHai="37" who="3" fromWho="0" sc="250,-20,250,0,250,0,250,20" /><INIT seed="1,0,0,1,2,11" ten="230,250,250,270" oya="1" hai0="135,106,112,108,8,131,97,17,42,10,6,41,24" hai1="126,7,67,92,118,85,23,43,36,63,127,3,70" hai2="61,84,54,95,5,111,128,58,98,83,60,88,15" hai3="38,25,119,120,39,79,105,74,62,20,69,96,124"/><U44/><E118/><V52/><F111/><W28/><G120/><T53/><D112/><U68/><E23/><V46/><F128/><W78/><G119/><T115/><D131/><U51/><E85/><V31/><F31/><W27/><G124/><N who="1" m="47658" /><E92/><V73/><F73/><W56/><G69/><N who="1" m="26730" /><E7/><V94/><F46/><W129/><G129/><T125/><D115/><U18/><E18/><V86/><F84/><W101/><G79/><T89/><D135/><U80/><E80/><V91/><F94/><W59/><G59/><T64/><D125/><U22/><E22/><V75/><F75/><W117/><G117/><T109/><D64/><U50/><E3/><V133/><F133/><W48/><G48/><T66/><D66/><U102/><E102/><V132/><F132/><W134/><G134/><T33/><D89/><U35/><E35/><V65/><F61/><W107/><G105/><T14/><D33/><U34/><E34/><V93/><F83/><W45/><G78/><T19/><D24/><U90/><E90/><V47/><F47/><W82/><G45/><T57/><D97/><U130/><E130/><V13/><F13/><W77/><REACH who="3" step="1"/><G25/><REACH who="3" ten="230,250,250,260" step="2"/><T26/><D26/><U113/><E113/><V116/><F116/><W0/><G0/><T72/><D106/><U71/><AGARI ba="0,1" hai="36,43,44,50,51,63,67,71" m="26730,47658" machi="71" ten="30,6000,0" yaku="18,1,34,2" doraHai="11" who="1" fromWho="1" sc="230,-20,250,70,250,-20,260,-20" /><INIT seed="1,1,0,3,0,13" ten="210,320,230,240" oya="1" hai0="69,76,40,3,2,118,99,127,92,67,79,115,8" hai1="57,103,16,70,129,105,0,85,7,86,51,121,31" hai2="114,24,81,77,72,68,100,4,22,45,33,6,96" hai3="71,12,131,48,89,49,21,102,53,80,46,19,135"/><U20/><E121/><V66/><F114/><W59/><G131/><T36/><D115/><U112/><E70/><V123/><F123/><W35/><G135/><T108/><D118/><U39/><E31/><V38/><F22/><W1/><G71/><T64/><D127/><U18/><E39/><V30/><F45/><W101/><G1/><T23/><D108/><U62/><E112/><V32/><F32/><W134/><G35/><T29/><D40/><U122/><E122/><V119/><F38/><W106/><G134/><T107/><D36/><U55/><E129/><V116/><F116/><W27/><G106/><T25/><D107/><U58/><E7/><V11/><F11/><N who="3" m="6559" /><G89/><T94/><D94/><U37/><E37/><V95/><REACH who="2" step="1"/><F119/><REACH who="2" ten="210,320,220,240" step="2"/><W42/><G80/><T15/><D2/><U52/><E0/><V78/><F78/><N who="0" m="29738" /><D3/><U75/><E20/><V133/><F133/><W82/><G82/><T44/><D44/><U60/><E75/><V87/><F87/><W124/><G124/><T130/><D130/><U125/><E125/><V97/><F97/><W132/><G132/><T84/><D84/><U61/><E86/><V63/><AGARI ba="1,1" hai="4,6,24,30,33,63,66,68,72,77,81,95,96,100" machi="63" ten="30,2000,0" yaku="1,1,0,1,53,0" doraHai="13" doraHaiUra="113" who="2" fromWho="2" sc="210,-6,320,-11,220,33,240,-6" /><INIT seed="2,0,0,0,0,17" ten="204,309,253,234" oya="2" hai0="107,116,55,63,125,93,89,39,2,117,13,24,69" hai1="96,29,18,135,104,114,126,46,124,121,44,61,28" hai2="3,92,131,133,98,66,40,110,70,47,103,60,122" hai3="90,86,30,108,94,16,53,36,57,106,35,105,9"/><V111/><F122/><W27/><G108/><N who="2" m="41513" /><F3/><W10/><G36/><T99/><D2/><U84/><E114/><V0/><F0/><W21/><G106/><T130/><D130/><U118/><E135/><V65/><F65/><W50/><REACH who="3" step="1"/><G105/><REACH who="3" ten="204,309,253,224" step="2"/><T59/><D107/><U101/><E104/><V48/><F133/><W32/><G32/><T113/><D39/><U78/><E121/><V97/><F97/><W81/><G81/><T38/><D38/><U5/><E96/><V102/><F131/><W33/><G33/><T132/><D132/><U51/><E118/><N who="0" m="45673" /><D113/><U37/><E37/><V25/><F25/><AGARI ba="0,1" hai="9,10,16,21,25,27,30,35,50,53,57,86,90,94" machi="25" ten="30,12000,2" yaku="1,1,7,1,52,1,54,1,53,2" doraHai="17" doraHaiUra="23" who="3" fromWho="2" sc="204,0,309,0,253,-120,224,130" /><INIT seed="3,0,0,5,3,76" ten="204,309,133,354" oya="3" hai0="73,16,53,9,49,110,88,60,94,101,42,37,17" hai1="84,134,115,34,7,87,111,74,68,118,67,85,58" hai2="36,90,39,113,54,6,43,45,28,64,131,30,114" hai3="106,57,18,103,59,70,35,91,2,71,82,3,26"/><W27/><G106/><T22/><D73/><U23/><E115/><V72/><F131/><W40/><G103/><T77/><D110/><U63/><E34/><V0/><F39/><W61/><G40/><T125/><D77/><U107/><E107/><V83/><F64/><W8/><G35/><T78/><D78/><U46/><E74/><V135/><F135/><W19/><G91/><T104/><D125/><U119/><E134/><V24/><F30/><W52/><G82/><T105/><D101/><U20/><E111/><V98/><F72/><W11/><G52/><T117/><D117/><U66/><E46/><V21/><F6/><W15/><G15/><N who="0" m="7279" /><D42/><U120/><E120/><V48/><F0/><W80/><G80/><T126/><D37/><U13/><E7/><V14/><F14/><W97/><G61/><T1/><D1/><U96/><E96/><AGARI ba="0,0" hai="2,3,8,11,18,19,26,27,57,59,70,71,96,97" machi="96" ten="25,2400,0" yaku="22,2" doraHai="76" who="3" fromWho="1" sc="204,0,309,-24,133,0,354,24" owari="204,-19.6,285,8.5,133,-36.7,378,47.8" /></mjloggm>