<mjloggm ver="2.3"><GO type="225" lobby="0"/><UN n0="%E5%B0%8F%E9%B3%A5%E9%81%8A%E7%B7%B4%E7%84%A1%32%31%E6%AD%B3" n1="%E6%B8%A9%E2%98%85%E6%83%85%E2%98%85%E6%8E%AA%E2%98%85%E7%BD%AE" n2="%E3%83%97%E3%83%92" n3="%E3%81%82%E3%81%99%E3%81%AB%E3%82%83%E3%82%80" dan="16,17,16,16" rate="2152.89,2226.50,2136.45,2132.83" sx="F,M,M,F"/><TAIKYOKU oya="0"/><INIT seed="0,0,0,0,1,87" ten="250,250,250,250" oya="0" hai0="43,70,112,23,7,105,51,91,20,83,40,118,121" hai1="106,21,81,26,115,13,68,29,95,44,113,15,16" hai2="103,73,100,120,98,8,131,25,132,24,96,124,42" hai3="56,117,111,104,90,88,134,32,97,65,122,0,78"/><T48/><D118/><U9/><E106/><V17/><F120/><W84/><G117/><T64/><D121/><U116/><E68/><V130/><F73/><W114/><G32/><T110/><D112/><N who="1" m="43083" /><E116/><V101/><F42/><N who="0" m="15914" /><D105/><U94/><E44/><V35/><F124/><W63/><G0/><T30/><D7/><N who="1" m="3263" /><E81/><V92/><F132/><W79/><G114/><T67/><D70/><U128/><E128/><N who="2" m="49195" /><F35/><AGARI ba="0,0" hai="15,16,21,26,29,35,94,95" m="3263,43083" machi="35" ten="30,2000,0" yaku="11,1,54,1" doraHai="87" who="1" fromWho="2" sc="250,0,250,20,250,-20,250,0" /><INIT seed="1,0,0,5,1,26" ten="250,270,230,250" oya="1" hai0="52,127,50,131,64,55,7,89,77,3,129,27,104" hai1="113,0,101,39,47,8,43,102,108,97,80,82,63" hai2="23,81,96,70,29,74,12,128,1,110,105,124,31" hai3="115,53,98,48,41,91,18,135,88,11,5,24,73"/><U126/><E113/><V57/><F70/><W6/><G73/><T84/><D104/><U35/><E126/><V99/><F1/><W71/><G71/><T46/><D127/><U92/><E108/><V66/><F124/><W114/><G135/><T59/><D64/><U90/><E35/><V125/><F125/><W76/><G76/><T107/><D77/><U21/><E63/><N who="2" m="38255" /><F105/><W134/><G134/><T94/><D107/><U13/><E0/><V69/><F69/><W15/><G41/><T75/><D75/><U117/><E117/><V72/><F72/><W10/><G115/><T4/><D27/><U132/><E132/><V45/><F74/><W14/><G98/><N who="2" m="37417" /><F128/><N who="0" m="49226" /><D3/><U9/><E102/><V93/><F93/><W67/><G67/><T100/><D100/><U83/><E101/><V32/><F32/><W44/><G114/><T42/><D55/><U33/><E33/><V58/><F45/><W118/><G118/><T20/><D20/><AGARI ba="0,0" hai="5,6,10,11,14,15,18,20,24,44,48,53,88,91" machi="20" ten="40,5200,0" yaku="9,1,8,1,54,1" doraHai="26" who="3" fromWho="0" sc="250,-52,270,0,230,0,250,52" /><INIT seed="2,0,0,3,4,82" ten="198,270,230,302" oya="2" hai0="70,32,104,67,22,39,87,43,78,90,23,10,100" hai1="45,117,127,99,116,126,133,74,59,49,106,17,55" hai2="50,29,36,93,76,130,66,13,2,79,105,41,46" hai3="124,75,120,97,129,125,113,25,91,107,56,62,68"/><V118/><F118/><W111/><G111/><T54/><D32/><U34/><E74/><V44/><F105/><W27/><G120/><T92/><D78/><U89/><E34/><V11/><F130/><W14/><G75/><T12/><D67/><U57/><E17/><V96/><F29/><W21/><G68/><T53/><D70/><U86/><E133/><V122/><F2/><W69/><G69/><T58/><D53/><U5/><E5/><V24/><F24/><W52/><G113/><T4/><D43/><U81/><E99/><V42/><F66/><W131/><G14/><T28/><D39/><U31/><E31/><V98/><F98/><W61/><G61/><T1/><D1/><U6/><E6/><V85/><F122/><W115/><G115/><T19/><D28/><U83/><E83/><V103/><REACH who="2" step="1"/><F85/><REACH who="2" ten="198,270,220,302" step="2"/><W20/><G107/><T47/><D104/><U84/><E84/><V51/><F51/><W38/><G131/><T108/><D108/><U95/><E106/><V15/><F15/><W7/><G129/><T72/><D72/><U112/><E112/><V71/><F71/><W0/><G25/><T37/><D37/><U132/><E117/><V77/><F77/><W94/><G27/><T114/><D114/><U101/><E116/><V128/><F128/><W119/><G38/><T63/><D12/><U110/><E110/><V40/><F40/><W35/><G119/><T102/><D87/><U8/><E86/><V18/><AGARI ba="0,1" hai="11,13,18,36,41,42,44,46,50,76,79,93,96,103" machi="18" ten="20,3900,0" yaku="1,1,0,1,7,1,53,0" doraHai="82" doraHaiUra="65" who="2" fromWho="2" sc="198,-13,270,-13,220,49,302,-13" /><INIT seed="2,1,0,3,0,99" ten="185,257,269,289" oya="2" hai0="29,11,55,19,67,101,50,97,58,83,37,68,16" hai1="41,45,65,98,113,1,32,84,121,93,60,69,33" hai2="72,57,122,14,10,123,63,18,2,103,104,128,90" hai3="35,107,106,31,76,34,91,62,92,43,78,7,74"/><V15/><F128/><W49/><G7/><T131/><D37/><U17/><E113/><V81/><F2/><W52/><G74/><T73/><D131/><U79/><E121/><V40/><F40/><W75/><G75/><T115/><D29/><U118/><E118/><V61/><F61/><W3/><G3/><T112/><D11/><U86/><E1/><V87/><F72/><W22/><G107/><T94/><D67/><U12/><E79/><V66/><REACH who="2" step="1"/><F15/><REACH who="2" ten="185,257,259,289" step="2"/><W64/><G62/><T109/><D68/><U28/><E60/><V6/><F6/><W129/><G43/><T134/><D134/><U56/><E12/><V116/><F116/><W25/><G129/><T54/><D115/><U132/><E41/><V119/><F119/><W9/><G64/><T27/><D112/><U100/><E69/><V130/><F130/><W51/><G51/><T5/><D5/><U80/><E132/><V24/><F24/><W108/><G49/><T105/><D27/><U30/><E65/><V71/><F71/><W89/><G25/><T124/><D54/><U46/><E33/><V135/><F135/><W53/><G34/><T36/><D55/><U77/><E32/><V0/><F0/><W127/><G35/><T20/><D50/><U13/><E13/><V44/><F44/><W47/><G47/><T85/><D58/><U102/><E56/><V120/><F120/><W133/><G53/><T23/><D36/><U96/><E46/><V70/><F70/><W95/><G52/><T126/><D73/><U21/><E45/><V59/><F59/><W117/><G133/><RYUUKYOKU ba="1,1" sc="185,-10,257,-10,259,30,289,-10" hai2="10,14,18,57,63,66,81,87,90,103,104,122,123" /><INIT seed="2,2,1,5,2,51" ten="175,247,289,279" oya="2" hai0="61,33,23,83,103,8,90,56,67,50,39,85,36" hai1="98,110,109,49,123,99,32,84,78,16,100,4,21" hai2="89,29,124,115,18,53,37,122,20,79,5,6,13" hai3="106,92,112,2,135,17,91,93,94,58,0,69,87"/><V45/><F115/><W46/><G106/><T26/><D33/><U113/><E113/><V120/><F124/><W9/><G69/><T63/><D103/><U14/><E32/><V43/><F79/><W31/><G112/><T35/><D35/><U86/><E123/><V30/><F120/><W28/><G135/><T7/><D50/><U97/><E100/><V133/><F133/><W119/><G119/><T107/><D107/><U130/><E130/><V68/><F68/><W1/><G46/><T41/><D41/><U114/><E114/><V19/><F19/><W129/><G129/><T117/><D63/><U66/><E66/><V81/><F122/><W60/><G9/><T27/><D27/><U101/><E101/><V42/><F43/><W108/><G17/><T74/><D74/><U102/><E102/><V65/><F65/><W59/><G108/><N who="1" m="41578" /><E78/><V24/><F30/><W77/><G77/><T75/><D75/><U71/><E71/><V62/><F89/><W10/><G10/><T96/><D96/><U82/><E82/><V116/><F81/><W38/><G38/><T52/><D67/><U111/><E111/><V126/><F126/><W105/><G105/><T131/><D117/><U104/><E104/><V15/><F116/><W11/><G11/><T47/><D131/><U76/><E76/><V121/><F121/><W12/><G28/><N who="0" m="17503" /><D47/><U88/><E49/><V48/><F62/><W57/><G60/><T25/><D25/><N who="1" m="14503" /><E88/><V70/><F70/><W72/><G72/><T127/><D127/><U132/><E132/><V34/><F13/><W55/><G12/><RYUUKYOKU ba="2,1" sc="175,10,247,10,289,10,279,-30" hai0="7,8,36,39,52,56,61,83,85,90" hai1="4,14,84,86,97,98,99" hai2="5,6,15,18,20,24,29,34,37,42,45,48,53" /><INIT seed="2,3,1,1,4,15" ten="185,257,299,249" oya="2" hai0="81,120,71,105,16,21,95,17,4,118,87,135,50" hai1="94,56,98,129,5,3,114,90,19,88,2,55,60" hai2="36,6,9,10,12,134,43,38,20,73,109,102,67" hai3="69,39,128,132,70,125,97,75,62,131,26,77,28"/><V23/><F73/><W45/><G125/><T46/><D120/><U33/><E33/><V78/><F78/><W113/><G132/><T89/><D105/><U74/><E74/><V41/><F134/><W1/><G113/><T123/><D123/><U0/><E114/><V18/><F67/><W121/><G121/><T96/><D71/><U22/><E129/><N who="3" m="49738" /><G1/><T82/><D135/><U99/><E5/><V31/><F102/><W34/><G62/><T24/><D118/><U66/><E66/><V35/><F109/><W72/><G97/><T14/><D4/><U91/><REACH who="1" step="1"/><E99/><REACH who="1" ten="185,247,299,249" step="2"/><V110/><F110/><W48/><G75/><T11/><REACH who="0" step="1"/><D96/><REACH who="0" ten="175,247,299,249" step="2"/><U100/><E100/><V37/><F6/><W68/><G69/><T8/><D8/><U53/><E53/><AGARI ba="3,3" hai="11,14,16,17,21,24,46,50,53,81,82,87,89,95" machi="53" ten="30,12000,2" yaku="1,1,7,1,8,1,52,2,54,1,53,0" doraHai="15" doraHaiUra="130" who="0" fromWho="1" sc="175,159,247,-129,299,0,249,0" /><INIT seed="3,0,0,5,4,80" ten="334,118,299,249" oya="3" hai0="131,132,14,60,72,2,105,38,61,25,111,134,103" hai1="35,129,50,130,19,121,116,84,91,114,67,11,15" hai2="52,51,119,104,83,99,39,23,57,120,6,78,18" hai3="34,58,66,117,69,71,89,8,27,107,41,85,12"/><W44/><G107/><T88/><D72/><U125/><E121/><V109/><F120/><W30/><G117/><T98/><D2/><U56/><E114/><V79/><F119/><W77/><G77/><T4/><D38/><U101/><E116/><V22/><F39/><W82/><G58/><T113/><D111/><U81/><E125/><V94/><F104/><W29/><G29/><T5/><D131/><U93/><E35/><V3/><F109/><W48/><REACH who="3" step="1"/><G66/><REACH who="3" ten="334,118,299,239" step="2"/><T135/><D105/><U106/><E106/><V92/><F79/><W1/><G1/><T21/><D134/><U73/><E73/><V47/><F57/><W37/><G37/><T46/><D135/><U28/><E28/><V7/><F3/><W64/><G64/><T70/><D132/><U97/><E67/><V112/><F112/><W13/><G13/><T86/><D14/><U54/><E130/><V95/><F99/><W0/><G0/><T9/><D113/><U63/><REACH who="1" step="1"/><E129/><REACH who="1" ten="334,108,299,239" step="2"/><V31/><F31/><W49/><G49/><AGARI ba="0,2" hai="11,15,19,49,50,54,56,63,81,84,91,93,97,101" machi="49" ten="40,8000,1" yaku="1,1,2,1,8,1,52,1,53,0" doraHai="80" doraHaiUra="110" who="1" fromWho="3" sc="334,0,108,100,299,0,239,-80" owari="334,43.4,208,-19.2,299,9.9,159,-34.1" /></mjloggm>