<mjloggm ver="2.3"><GO type="225" lobby="0"/><UN n0="%6D%75%75%6D%75%72%61" n1="%E3%81%AF%E3%82%88%E3%81%8A%E3%81%98%E3%81%95%E3%82%93" n2="%E3%81%82%E3%81%84%E3%81%82%E3%81%8A%E3%81%84" n3="%E6%98%93%E5%88%A9%E8%96%A9%E4%BC%AF" dan="16,16,18,16" rate="2154.62,2103.76,2218.39,2150.74" sx="F,M,M,F"/><TAIKYOKU oya="0"/><INIT seed="0,0,0,5,5,129" ten="250,250,250,250" oya="0" hai0="127,87,104,109,39,20,130,60,44,57,18,1,66" hai1="77,51,85,62,95,101,10,56,25,61,68,2,23" hai2="38,35,45,79,46,37,99,76,92,135,97,73,65" hai3="103,24,110,118,72,94,11,26,29,71,14,21,13"/><T133/><D104/><U28/><E68/><V74/><F65/><W64/><G72/><T82/><D130/><U126/><E126/><V63/><F63/><W106/><G94/><T7/><D127/><U115/><E115/><V84/><F92/><W122/><G110/><T123/><D123/><U96/><E2/><V131/><F131/><W22/><G118/><T69/><D109/><U36/><E36/><V58/><F58/><W116/><G116/><T40/><D133/><U107/><E10/><V34/><F84/><W98/><G122/><T53/><D1/><U119/><E119/><V128/><F128/><W102/><G102/><T78/><D7/><U6/><E6/><V49/><F49/><W112/><G112/><T89/><D78/><U93/><E107/><V132/><AGARI ba="0,0" hai="34,35,37,38,45,46,73,74,76,79,97,99,132,135" machi="132" ten="25,8000,1" yaku="0,1,22,2,52,2" doraHai="129" who="2" fromWho="2" sc="250,-40,250,-20,250,80,250,-20" /><INIT seed="1,0,0,4,0,22" ten="210,230,330,230" oya="1" hai0="83,77,20,98,44,69,131,84,113,11,18,133,100" hai1="130,132,116,85,94,48,99,125,47,88,63,93,109" hai2="59,40,114,60,24,52,123,82,107,13,122,67,102" hai3="36,86,14,17,118,16,115,73,27,92,74,37,1"/><U117/><E125/><V80/><F114/><W46/><G1/><T101/><D113/><U23/><E130/><V97/><F40/><W61/><G115/><T45/><D131/><U87/><E132/><V124/><F124/><W10/><G118/><T33/><D133/><U35/><E35/><V9/><F67/><W58/><G46/><T110/><D110/><U29/><E109/><V54/><F54/><W76/><G37/><T49/><D69/><U8/><E63/><V79/><F24/><W30/><G17/><T50/><D33/><U66/><E66/><V51/><F60/><W103/><G36/><T75/><D11/><U65/><E65/><V53/><F53/><W3/><G3/><T70/><D75/><U28/><E8/><V19/><F82/><W112/><G112/><T39/><D70/><U12/><E117/><V72/><AGARI ba="0,0" hai="9,13,19,51,52,59,72,79,80,97,102,107,122,123" machi="72" ten="20,2700,0" yaku="0,1,7,1,54,1" doraHai="22" who="2" fromWho="2" sc="210,-7,230,-13,330,27,230,-7" /><INIT seed="2,0,0,0,3,93" ten="203,217,357,223" oya="2" hai0="129,55,43,116,25,96,82,98,110,130,91,99,121" hai1="24,0,32,77,12,127,23,69,42,2,10,87,72" hai2="1,78,40,74,27,115,51,102,76,124,3,39,18" hai3="37,80,45,35,85,26,71,90,132,120,128,46,15"/><V106/><F39/><W73/><G120/><T21/><D121/><U16/><E69/><V9/><F115/><W38/><G71/><T86/><D110/><U34/><E72/><V118/><F118/><W134/><G128/><N who="0" m="49259" /><D116/><U52/><E42/><V135/><F124/><W101/><G73/><T6/><D43/><U68/><E68/><V111/><F111/><W4/><G4/><T131/><N who="0" m="49267" /><T17/><DORA hai="126" /><D55/><U50/><E127/><V5/><F1/><W105/><G15/><T7/><AGARI ba="0,0" hai="6,7,17,21,25,82,86,91,96,98,99" m="49267" machi="7" ten="50,16000,3" yaku="19,1,52,7" doraHai="93,126" who="0" fromWho="0" sc="203,160,217,-40,357,-80,223,-40" /><INIT seed="3,0,0,1,0,22" ten="363,177,277,183" oya="3" hai0="13,83,11,79,23,78,74,121,124,18,95,16,24" hai1="58,73,54,29,113,125,4,12,76,104,52,46,49" hai2="131,109,57,81,6,99,103,96,118,37,101,53,114" hai3="14,51,48,27,8,67,0,123,55,33,117,116,77"/><W132/><G123/><T100/><D121/><U2/><E113/><V98/><F114/><W3/><G67/><T31/><D124/><U65/><E104/><V75/><F118/><W105/><G105/><T60/><D79/><U17/><E125/><V69/><F69/><W5/><G77/><T92/><D100/><U72/><E65/><V10/><F37/><W15/><G51/><T1/><D60/><U19/><E2/><V127/><F127/><W93/><G93/><T38/><D38/><U128/><E128/><V85/><F75/><W35/><G55/><T135/><D135/><U39/><E39/><V130/><F109/><W91/><G91/><T25/><D1/><N who="3" m="585" /><G48/><T97/><D97/><U110/><E110/><V62/><F131/><W42/><G42/><T21/><AGARI ba="0,0" hai="11,13,16,18,21,23,24,25,31,74,78,83,92,95" machi="21" ten="20,8000,1" yaku="0,1,7,1,52,2,54,1" doraHai="22" who="0" fromWho="0" sc="363,80,177,-20,277,-20,183,-40" owari="443,54.3,157,-24.3,257,5.7,143,-35.7" /></mjloggm>