<mjloggm ver="2.3"><GO type="225" lobby="0"/><UN n0="%48%61%61%61%6C%61%6E%64" n1="%73%6C%69%63%6B%33%31%39" n2="%E3%81%8B%E3%82%8F%E3%81%A1%E3%82%83%E3%82%93%35%38" n3="%E6%A0%B9%E5%85%83%E3%81%8B%E3%82%89%E5%90%B9%E3%81%A3%E9%A3%9B%E3%81%B6" dan="17,17,16,16" rate="2168.29,2195.02,2132.53,2186.13" sx="M,M,M,F"/><TAIKYOKU oya="0"/><INIT seed="0,0,0,3,0,13" ten="250,250,250,250" oya="0" hai0="32,114,18,107,20,23,26,72,27,128,66,4,102" hai1="129,112,125,24,14,104,5,126,124,79,40,21,121" hai2="25,41,88,57,87,96,12,46,15,132,116,80,110" hai3="134,34,49,130,61,38,2,113,91,43,105,53,127"/><T90/><D114/><U68/><E68/><V63/><F110/><W39/><G91/><T37/><D128/><U71/><E71/><V118/><F132/><W35/><G61/><T97/><D37/><U94/><E104/><V106/><F25/><W111/><G53/><T65/><D32/><U36/><E121/><V44/><F96/><W3/><G49/><T50/><D4/><U86/><E129/><V69/><F69/><W16/><G16/><T30/><D72/><U1/><E1/><V135/><F106/><W115/><G43/><T117/><D117/><N who="2" m="45162" /><F135/><W56/><G56/><T11/><D11/><N who="1" m="4463" /><E112/><V9/><F41/><W103/><G103/><T92/><REACH who="0" step="1"/><D50/><REACH who="0" ten="240,250,250,250" step="2"/><U52/><E36/><V77/><F9/><W100/><G39/><T6/><D6/><U19/><E125/><V131/><F131/><W82/><G38/><T7/><D7/><U95/><E124/><V108/><F108/><W73/><G127/><T42/><D42/><U28/><E40/><V33/><F33/><N who="3" m="12299" /><G130/><T109/><D109/><U98/><E126/><V123/><F123/><W81/><G111/><T0/><D0/><N who="3" m="41" /><G134/><T31/><D31/><U10/><E28/><V55/><F46/><W59/><G73/><T101/><D101/><U17/><E10/><V48/><F44/><W74/><G74/><T64/><D64/><U45/><E45/><V84/><F48/><W120/><G120/><T54/><D54/><U29/><E52/><V67/><F55/><W89/><G115/><T119/><D119/><U62/><E29/><V22/><F22/><W58/><G113/><T93/><D93/><AGARI ba="0,1" hai="12,15,57,63,67,77,80,84,87,88,93" m="45162" machi="93" ten="30,3900,0" yaku="6,1,12,1,54,1" doraHai="13" who="2" fromWho="0" sc="240,-39,250,0,250,49,250,0" /><INIT seed="1,0,0,3,2,92" ten="201,250,299,250" oya="1" hai0="52,41,25,102,0,5,4,74,80,38,26,21,40" hai1="17,117,30,59,124,19,39,69,82,43,87,111,76" hai2="94,49,71,36,28,101,54,18,10,91,58,131,85" hai3="63,83,100,70,64,47,95,115,72,37,79,93,53"/><U127/><E69/><V44/><F71/><W2/><G115/><T73/><D102/><U112/><E112/><V106/><F131/><W22/><G22/><T107/><D107/><U60/><E117/><V96/><F28/><W67/><G67/><T62/><D25/><U9/><E30/><V55/><F36/><W42/><G100/><T48/><D62/><U116/><E116/><V132/><F132/><W88/><G53/><T35/><D35/><U86/><E111/><V122/><F122/><W14/><G14/><T3/><D3/><U27/><E43/><V16/><REACH who="2" step="1"/><F10/><REACH who="2" ten="201,250,289,250" step="2"/><W104/><G104/><T133/><D38/><U32/><E39/><V81/><F81/><W24/><G24/><T61/><D80/><U121/><E121/><V120/><F120/><W20/><G20/><T75/><D133/><U90/><E27/><V57/><F57/><W89/><G95/><T114/><D114/><U65/><E9/><V84/><F84/><W98/><REACH who="3" step="1"/><G89/><REACH who="3" ten="201,250,289,240" step="2"/><T46/><D21/><U118/><E90/><V11/><F11/><W113/><G113/><T129/><D26/><U125/><E125/><V34/><F34/><W103/><G103/><T13/><D129/><U123/><E124/><V29/><F29/><W134/><G134/><T108/><D108/><U97/><E127/><V68/><F68/><W119/><G119/><T33/><D33/><U78/><E118/><V110/><F110/><W77/><G77/><T23/><D23/><U15/><E76/><V66/><F66/><W105/><G105/><T1/><D1/><AGARI ba="0,2" hai="1,2,37,42,47,63,64,70,72,79,83,88,93,98" machi="1" ten="40,5200,0" yaku="1,1,52,1,54,1,53,0" doraHai="92" doraHaiUra="128" who="3" fromWho="0" sc="201,-52,250,0,289,0,240,72" /><INIT seed="2,0,0,3,0,95" ten="149,250,289,312" oya="2" hai0="50,85,128,19,49,69,98,47,25,45,43,127,92" hai1="107,117,121,65,108,0,76,102,12,115,67,32,132" hai2="59,73,86,64,87,8,123,103,90,96,4,97,22" hai3="83,79,27,105,101,106,57,30,120,82,124,84,89"/><V62/><F73/><W126/><G120/><T131/><D127/><N who="3" m="48681" /><G57/><T14/><D69/><U93/><E115/><V36/><F36/><W119/><G119/><T94/><D25/><U11/><E117/><V55/><F123/><W110/><G110/><T31/><D31/><U2/><E121/><V33/><F33/><N who="3" m="20703" /><G101/><T24/><D24/><U37/><E32/><V48/><F103/><W44/><G44/><T88/><D94/><U21/><E37/><V10/><F22/><W16/><G16/><T113/><D113/><U17/><E107/><V26/><F26/><W34/><G34/><T135/><D135/><U66/><E132/><V72/><F72/><AGARI ba="0,0" hai="72,79,82,83,84,89,105,106" m="20703,48681" machi="72" ten="30,1000,0" yaku="18,1" doraHai="95" who="3" fromWho="2" sc="149,0,250,0,289,-10,312,10" /><INIT seed="3,0,0,3,0,76" ten="149,250,279,322" oya="3" hai0="31,92,6,61,53,125,115,110,94,123,35,7,52" hai1="95,47,55,127,124,62,90,93,42,41,96,83,98" hai2="45,89,120,71,114,39,126,134,3,69,15,13,106" hai3="22,4,5,25,44,12,48,117,80,1,129,121,65"/><W26/><G117/><T10/><D123/><U102/><E124/><V14/><F114/><W49/><G1/><T105/><D105/><U85/><E127/><V68/><F126/><W109/><G129/><T38/><D125/><U97/><E97/><V91/><F106/><W111/><G65/><T46/><D115/><U51/><REACH who="1" step="1"/><E62/><REACH who="1" ten="149,240,279,322" step="2"/><V133/><F120/><W131/><G121/><T40/><D110/><U57/><E57/><V64/><F64/><W128/><G128/><T81/><D31/><U8/><E8/><V11/><F11/><W70/><G131/><T74/><D35/><U72/><E72/><V88/><F3/><W84/><G111/><T101/><D6/><U78/><AGARI ba="0,1" hai="41,42,47,51,55,78,83,85,90,93,95,96,98,102" machi="78" ten="20,8000,1" yaku="1,1,0,1,7,1,8,1,52,1,53,0" doraHai="76" doraHaiUra="19" who="1" fromWho="1" sc="149,-20,240,90,279,-20,322,-40" owari="129,-37.1,330,43.0,259,-14.1,282,8.2" /></mjloggm>