<mjloggm ver="2.3"><GO type="225" lobby="0"/><UN n0="%E3%81%8A%E3%81%8B%E3%81%8F%E3%82%89" n1="%72%65%6E%6B%75%6E" n2="%72%69%6F%75%63%68%61%6E" n3="%E8%BE%9B%E5%8F%A3%E3%82%AB%E3%83%AC%E3%83%BC%E3%83%A9%E3%82%A4%E3%82%B9" dan="16,17,17,16" rate="2073.67,2265.94,2250.61,2125.77" sx="M,M,M,M"/><TAIKYOKU oya="0"/><INIT seed="0,0,0,5,1,121" ten="250,250,250,250" oya="0" hai0="130,13,40,2,68,110,17,120,77,125,101,59,1" hai1="0,63,98,62,12,19,133,5,29,15,78,45,38" hai2="117,94,131,25,88,43,56,51,104,123,99,10,3" hai3="127,32,76,67,6,66,83,41,20,47,49,21,48"/><T18/><D68/><U35/><E133/><V14/><F131/><W114/><G114/><T80/><D120/><U124/><E124/><V86/><F123/><W11/><G127/><T102/><D125/><U26/><E78/><V96/><F117/><W58/><G32/><T81/><D130/><U129/><E129/><V97/><F3/><W69/><G69/><T119/><D40/><U23/><E15/><V79/><F25/><W30/><G49/><T122/><D122/><U115/><E115/><V34/><F34/><W93/><G93/><T95/><D119/><U132/><E132/><V100/><F79/><W46/><G46/><T85/><D59/><U89/><E89/><V54/><REACH who="2" step="1"/><F43/><REACH who="2" ten="250,250,240,250" step="2"/><W42/><G42/><T7/><D77/><U24/><E38/><V55/><F55/><W75/><G30/><T103/><D1/><U16/><E0/><V105/><F105/><W109/><G67/><T92/><D2/><U61/><E24/><V134/><F134/><W135/><G135/><T33/><D33/><U64/><E64/><V113/><F113/><W128/><G128/><T91/><D13/><U9/><E35/><V53/><F53/><W50/><G66/><T73/><D73/><U44/><E98/><V107/><F107/><W60/><G76/><T126/><D126/><U118/><E118/><V8/><F8/><W52/><G11/><T28/><D28/><U37/><E37/><V71/><F71/><W27/><G75/><T87/><D85/><U116/><E116/><V112/><F112/><W111/><G27/><T57/><D87/><U39/><E39/><RYUUKYOKU ba="0,1" sc="250,-15,250,15,240,15,250,-15" hai1="5,9,12,16,19,23,26,29,44,45,61,62,63" hai2="10,14,51,54,56,86,88,94,96,97,99,100,104" /><INIT seed="1,1,1,4,1,21" ten="235,265,255,235" oya="1" hai0="92,77,53,110,57,15,22,126,61,26,127,75,34" hai1="48,59,97,87,65,88,33,104,56,80,62,94,32" hai2="17,106,93,68,102,100,19,35,52,130,55,111,31" hai3="82,11,13,79,9,38,14,135,5,69,131,50,120"/><U129/><E129/><V64/><F111/><W114/><G120/><T8/><D110/><U76/><E56/><V81/><F130/><W2/><G114/><T73/><D34/><U3/><E3/><V99/><F81/><W51/><G131/><T122/><D122/><U60/><E60/><N who="2" m="39943" /><F93/><W28/><G135/><T121/><D121/><U66/><E66/><V107/><F100/><W108/><G108/><T63/><D63/><U72/><E48/><V49/><F106/><W43/><G69/><T128/><D92/><U101/><AGARI ba="1,1" hai="32,33,59,62,65,72,76,80,87,88,94,97,101,104" machi="101" ten="30,11700,0" yaku="0,1,24,2,54,1" doraHai="21" who="1" fromWho="1" sc="235,-40,265,130,255,-40,235,-40" /><INIT seed="1,2,0,5,2,5" ten="195,395,215,195" oya="1" hai0="48,93,43,95,61,128,28,83,135,11,129,62,120" hai1="123,98,67,73,131,130,59,51,3,121,81,92,71" hai2="56,122,39,80,55,44,124,19,45,114,102,134,127" hai3="33,65,77,97,79,49,7,42,78,104,52,63,125"/><U88/><E3/><V31/><F122/><W74/><G125/><N who="2" m="48201" /><F134/><W108/><G108/><T30/><D135/><U90/><E71/><V115/><F31/><N who="0" m="11818" /><D83/><U84/><E67/><V25/><F102/><W22/><G33/><T53/><D43/><U18/><E18/><V34/><F34/><W111/><G111/><T75/><D75/><U58/><E73/><V2/><F2/><W119/><G119/><T50/><D11/><U12/><E12/><V37/><F80/><W13/><G42/><T8/><D8/><U10/><E10/><V113/><F25/><W117/><G117/><T16/><D16/><U60/><E121/><V105/><F105/><W23/><G74/><T29/><D48/><U133/><E51/><N who="2" m="30847" /><F19/><W99/><G104/><T6/><D6/><U110/><E110/><V86/><F86/><W0/><G0/><T66/><D29/><U27/><E27/><V68/><F68/><W36/><G7/><T106/><D106/><U103/><E123/><V35/><F35/><W4/><G4/><T21/><D120/><U96/><E133/><V82/><F82/><W32/><G32/><T69/><D69/><U47/><E81/><V15/><F15/><W132/><G132/><T107/><D107/><U54/><E84/><V76/><F76/><W109/><G109/><T85/><D85/><U118/><E98/><N who="3" m="37386" /><G13/><T46/><D95/><U26/><E96/><V91/><F91/><W72/><G72/><T20/><D93/><U38/><E92/><V24/><F24/><W70/><G36/><AGARI ba="2,0" hai="36,37,39,44,45,113,114,115" m="30847,48201" machi="36" ten="40,8000,1" yaku="11,1,18,1,34,2" doraHai="5" who="2" fromWho="3" sc="195,0,395,0,215,86,195,-86" /><INIT seed="2,0,0,4,4,62" ten="195,395,301,109" oya="2" hai0="33,11,75,97,80,57,12,128,67,3,90,17,54" hai1="122,34,41,60,73,96,20,39,123,126,105,124,113" hai2="19,82,26,69,86,56,4,70,120,32,81,49,71" hai3="79,53,10,50,83,2,15,7,43,16,72,74,1"/><V104/><F120/><N who="1" m="46121" /><E34/><V121/><F121/><W6/><G43/><T45/><D128/><U68/><E73/><V18/><F104/><W30/><G30/><T100/><D33/><U102/><E20/><V92/><F4/><W109/><G109/><T48/><D3/><U36/><E113/><V59/><F92/><W52/><G74/><T51/><D67/><N who="1" m="41063" /><E41/><V110/><F110/><W115/><G115/><T40/><D75/><U29/><E29/><V58/><F49/><W63/><G7/><T77/><D77/><U117/><E117/><V85/><F32/><W112/><G112/><T118/><D118/><U9/><E9/><V27/><F86/><W66/><G50/><T14/><D14/><U13/><E13/><V130/><F130/><W106/><G106/><T37/><D80/><N who="2" m="30826" /><F85/><W25/><G25/><AGARI ba="0,0" hai="18,19,25,26,27,56,58,59,69,70,71" m="30826" machi="25" ten="40,3900,0" yaku="28,2" doraHai="62" who="2" fromWho="3" sc="195,0,395,0,301,39,109,-39" /><INIT seed="2,1,0,5,5,86" ten="195,395,340,70" oya="2" hai0="10,29,84,128,85,103,132,33,23,47,82,61,83" hai1="95,77,131,107,21,90,45,87,50,26,48,17,63" hai2="70,58,97,93,56,0,6,30,57,135,101,106,41" hai3="66,8,92,67,91,32,60,104,120,46,115,18,78"/><V24/><F135/><W16/><G120/><T68/><D128/><U54/><E131/><V2/><F70/><W62/><G104/><T113/><D113/><U79/><E107/><V35/><F6/><W114/><G32/><T52/><D33/><U102/><E102/><V36/><REACH who="2" step="1"/><F106/><REACH who="2" ten="195,395,330,70" step="2"/><W98/><G114/><T64/><D68/><U38/><E38/><V27/><F27/><W130/><G115/><T1/><D132/><U109/><E109/><V28/><F28/><W76/><G130/><T119/><D29/><U39/><E39/><V122/><F122/><W59/><G46/><AGARI ba="1,1" hai="0,2,24,30,35,36,41,46,56,57,58,93,97,101" machi="46" ten="40,3900,0" yaku="1,1,53,1" doraHai="86" doraHaiUra="22" who="2" fromWho="3" sc="195,0,395,0,330,52,70,-42" /><INIT seed="2,2,0,0,4,86" ten="195,395,382,28" oya="2" hai0="121,108,2,27,78,46,79,44,71,19,117,42,76" hai1="70,18,34,57,133,106,30,56,39,93,7,104,0" hai2="11,92,9,131,29,111,81,67,114,113,47,41,88" hai3="65,62,102,6,54,63,132,38,60,69,90,31,33"/><V118/><F118/><W94/><G132/><T89/><D121/><U4/><E70/><V49/><F131/><W91/><G38/><T1/><D71/><U80/><E39/><V5/><F111/><W66/><G6/><T23/><D108/><U17/><E93/><V12/><F67/><W13/><G13/><T22/><D117/><U119/><E80/><V45/><F29/><W129/><G129/><T21/><D46/><U83/><E83/><V48/><F81/><W72/><G72/><T98/><D1/><U75/><E119/><V97/><REACH who="2" step="1"/><F11/><REACH who="2" ten="195,395,372,28" step="2"/><W36/><G31/><T95/><REACH who="0" step="1"/><D2/><REACH who="0" ten="185,395,372,28" step="2"/><U74/><E0/><V99/><F99/><N who="3" m="59767" /><G69/><T96/><D96/><U107/><E133/><V124/><F124/><W51/><G33/><T59/><D59/><U116/><E116/><V130/><F130/><W3/><G3/><T85/><D85/><U50/><E74/><V115/><F115/><W82/><G82/><T10/><D10/><U101/><E57/><V112/><F112/><W123/><G123/><T84/><D84/><U120/><E75/><V14/><F14/><W73/><G73/><T16/><D16/><U15/><E120/><V20/><F20/><W28/><G28/><T61/><D61/><N who="3" m="15617" /><W8/><DORA hai="52" /><G8/><T110/><D110/><U122/><E122/><V109/><F109/><W26/><G26/><T135/><D135/><U125/><E30/><V68/><F68/><W100/><G66/><T58/><D58/><U127/><E56/><V64/><F64/><W32/><G65/><T40/><D40/><AGARI ba="2,2" hai="5,9,12,40,41,45,47,48,49,88,92,97,113,114" machi="40" ten="30,12000,1" yaku="1,1,7,1,9,1,52,1,54,1,53,0" doraHai="86,52" doraHaiUra="126,103" who="2" fromWho="0" sc="185,-126,395,0,372,146,28,0" /><INIT seed="2,3,0,2,2,68" ten="59,395,518,28" oya="2" hai0="6,84,115,116,118,38,20,99,76,81,131,122,88" hai1="52,101,55,89,112,26,87,65,63,46,4,134,34" hai2="53,54,18,41,72,31,96,7,108,14,125,71,56" hai3="119,128,91,129,59,97,42,58,79,114,105,27,22"/><V37/><F71/><W21/><G119/><N who="0" m="45611" /><D115/><U67/><E112/><V132/><F125/><W77/><G114/><T85/><D122/><U51/><E134/><V25/><F132/><W50/><G42/><T93/><D6/><U90/><E101/><V124/><F124/><W1/><G1/><T11/><D11/><U83/><E4/><V60/><F72/><W16/><G21/><T104/><D20/><U69/><E65/><V8/><F108/><W45/><G77/><T40/><D40/><U35/><E26/><V80/><F80/><W30/><G79/><T19/><D19/><U70/><E70/><V73/><F73/><W100/><G91/><T23/><D38/><U75/><E75/><V127/><F127/><W102/><G102/><N who="0" m="62559" /><D23/><U98/><REACH who="1" step="1"/><E55/><REACH who="1" ten="59,385,518,28" step="2"/><N who="2" m="33823" /><F7/><W126/><G126/><T9/><D131/><U13/><E13/><V33/><F53/><N who="3" m="29903" /><G30/><T106/><D106/><U24/><E24/><V57/><F54/><W121/><G121/><T64/><D64/><U82/><E82/><V66/><F66/><W111/><G111/><T47/><D81/><U103/><E103/><V120/><F120/><W0/><G0/><T94/><D93/><AGARI ba="3,1" hai="34,35,46,51,52,63,67,69,83,87,89,90,93,98" machi="93" ten="40,2600,0" yaku="1,1,54,1,53,0" doraHai="68" doraHaiUra="113" who="1" fromWho="0" sc="59,-35,385,45,518,0,28,0" /><INIT seed="3,0,0,0,0,102" ten="24,430,518,28" oya="3" hai0="55,62,130,99,64,10,63,19,26,88,83,13,85" hai1="54,35,59,131,87,33,60,51,109,57,93,21,5" hai2="81,11,53,6,115,17,8,68,72,28,9,127,75" hai3="112,14,82,97,31,61,84,1,29,95,79,114,43"/><W119/><G119/><T3/><D130/><U46/><E109/><V74/><F68/><W69/><G1/><T91/><D3/><U30/><E131/><V94/><F115/><W22/><G43/><T125/><D125/><U44/><E33/><V110/><F110/><W80/><G80/><T116/><D116/><U0/><E35/><V12/><F127/><W107/><G107/><T101/><D26/><U134/><E134/><V92/><F28/><W122/><G122/><T37/><D37/><U36/><E36/><V23/><F6/><W18/><G112/><T50/><D91/><U86/><E5/><V108/><F108/><W40/><G40/><T73/><D64/><U106/><E106/><V100/><F100/><W7/><G7/><T77/><D77/><U71/><E71/><V105/><F105/><W111/><G111/><T126/><D73/><U129/><E0/><V42/><F42/><W133/><G133/><T117/><D126/><U2/><E2/><V52/><REACH who="2" step="1"/><F81/><REACH who="2" ten="24,430,508,28" step="2"/><W48/><G114/><T25/><D117/><U24/><E129/><V39/><F39/><W45/><G69/><T103/><D101/><U123/><E123/><V70/><F70/><W76/><G31/><T98/><D103/><U32/><E32/><V135/><F135/><W89/><G29/><T38/><D38/><U121/><E121/><V96/><F96/><W67/><G97/><T65/><D99/><U4/><E4/><V124/><F124/><W104/><G104/><T120/><D98/><U27/><E30/><V49/><F49/><W78/><G82/><T56/><D120/><RYUUKYOKU ba="0,1" sc="24,-10,430,-10,508,30,28,-10" hai2="8,9,11,12,17,23,52,53,72,74,75,92,94" owari="14,-48.6,420,22.0,548,64.8,18,-38.2" /></mjloggm>