<mjloggm ver="2.3"><GO type="225" lobby="0"/><UN n0="%E9%BB%92%E9%89%84%E7%8F%A0%E9%9B%AB" n1="%6D%75%75%6D%75%72%61" n2="%4D%50%43%32%38%30%30" n3="%E3%81%B2%E3%81%AA%E3%81%AE%E3%82%8A%E3%81%8F" dan="16,17,16,16" rate="2173.09,2127.89,2157.54,2173.43" sx="M,F,M,M"/><TAIKYOKU oya="0"/><INIT seed="0,0,0,1,4,29" ten="250,250,250,250" oya="0" hai0="39,119,77,68,91,108,34,36,133,17,44,70,114" hai1="23,46,19,87,37,96,118,98,2,71,92,81,106" hai2="42,121,67,51,73,93,1,6,104,116,58,100,120" hai3="28,131,99,14,54,59,123,10,0,85,63,57,94"/><T105/><D114/><U90/><E118/><V82/><F116/><W50/><G131/><T21/><D119/><U60/><E2/><V12/><F1/><W33/><G0/><T53/><D105/><U79/><E71/><V101/><F104/><W103/><G123/><T11/><D11/><U56/><E37/><V5/><F73/><W25/><G85/><T4/><D4/><U55/><E46/><N who="2" m="26071" /><F82/><W72/><G72/><T64/><D77/><U80/><E106/><V75/><F75/><W102/><G10/><T61/><D70/><U13/><REACH who="1" step="1"/><E81/><REACH who="1" ten="250,240,250,250" step="2"/><V76/><F121/><W134/><G134/><T8/><D39/><U66/><E66/><V126/><F67/><W125/><G125/><T22/><D133/><U38/><E38/><V129/><F126/><W31/><G14/><T97/><D36/><U132/><E132/><V35/><F12/><W26/><G26/><T9/><D64/><U40/><E40/><V115/><F120/><W130/><G130/><T88/><D68/><U86/><AGARI ba="0,1" hai="13,19,23,55,56,60,79,80,86,87,90,92,96,98" machi="86" ten="20,8000,1" yaku="1,1,0,1,7,1,8,1,53,1" doraHai="29" doraHaiUra="74" who="1" fromWho="1" sc="250,-40,240,90,250,-20,250,-20" /><INIT seed="1,0,0,4,5,36" ten="210,330,230,230" oya="1" hai0="124,43,108,29,17,101,91,127,126,34,54,75,67" hai1="14,99,93,62,123,5,6,121,21,2,44,4,19" hai2="111,48,1,88,95,51,130,40,110,65,112,12,96" hai3="77,102,30,118,57,50,53,135,39,120,78,131,107"/><U63/><E2/><V7/><F130/><W18/><G39/><T104/><D75/><U25/><E121/><V56/><F112/><W33/><G120/><T59/><D67/><U3/><E3/><V109/><BYE who="0" /><F1/><UN n0="%E9%BB%92%E9%89%84%E7%8F%A0%E9%9B%AB" /><W128/><G118/><T42/><D108/><U89/><E123/><V83/><F83/><W49/><G135/><T47/><D47/><U32/><E32/><V71/><F71/><W76/><G18/><T94/><D101/><U0/><E0/><V90/><F90/><W23/><G33/><T79/><D79/><U8/><REACH who="1" step="1"/><E44/><REACH who="1" ten="210,320,230,230" step="2"/><N who="2" m="25607" /><F111/><W81/><G131/><T24/><D104/><U129/><E129/><V28/><F110/><W134/><G128/><T66/><D66/><U73/><E73/><V125/><F109/><W132/><G107/><T116/><D116/><U64/><E64/><V103/><F65/><W52/><G132/><T60/><REACH who="0" step="1"/><D17/><AGARI ba="0,1" hai="4,5,6,8,14,17,19,21,25,62,63,89,93,99" machi="17" ten="40,7700,0" yaku="1,1,8,1,53,1" doraHai="36" doraHaiUra="22" who="1" fromWho="0" sc="210,-77,320,87,230,0,230,0" /><INIT seed="1,1,0,5,3,58" ten="133,407,230,230" oya="1" hai0="41,105,2,133,88,62,95,43,117,100,83,24,87" hai1="97,127,5,77,12,122,54,93,115,31,47,32,23" hai2="113,108,8,21,68,135,92,109,44,39,18,28,102" hai3="3,116,26,66,85,99,60,57,14,131,76,65,51"/><U123/><E115/><V75/><F75/><W6/><G3/><T89/><D2/><U130/><E32/><V52/><F113/><W49/><G131/><T45/><D117/><U110/><E130/><V120/><F120/><W80/><G116/><T46/><D133/><U124/><E77/><V101/><F68/><W81/><G66/><T63/><D105/><U1/><E1/><V72/><F72/><W125/><G125/><T20/><D100/><U67/><E110/><N who="2" m="42603" /><F39/><W27/><G99/><T19/><D46/><U38/><E5/><V104/><F104/><W132/><G81/><T90/><D43/><U119/><E119/><V70/><F70/><W114/><G132/><T16/><D19/><U53/><E38/><V61/><F44/><W59/><G114/><T111/><D111/><U73/><E73/><V42/><F42/><W13/><G13/><T78/><REACH who="0" step="1"/><D95/><REACH who="0" ten="123,407,230,230" step="2"/><U36/><E93/><V79/><F92/><W126/><G126/><T25/><D25/><U94/><E127/><V55/><F102/><W7/><G27/><T82/><D82/><U33/><E124/><V10/><F101/><W50/><G26/><T84/><D84/><U107/><E47/><V64/><F18/><W22/><G7/><T86/><D86/><U91/><E107/><V17/><F17/><N who="3" m="10551" /><G6/><T4/><D4/><U71/><E122/><V29/><F29/><W30/><G30/><T96/><D96/><N who="1" m="57439" /><E123/><V9/><F28/><W48/><N who="3" m="12288" /><DORA hai="128" /><W103/><G103/><T134/><D134/><U35/><E97/><V15/><F135/><W11/><G11/><T56/><D56/><AGARI ba="1,1" hai="56,57,59,60,65,76,80,85" m="12288,10551" machi="56" ten="40,5200,0" yaku="6,1,8,1,52,1" doraHai="58,128" who="3" fromWho="0" sc="123,-55,407,0,230,0,230,65" /><INIT seed="2,0,0,5,0,52" ten="68,407,230,295" oya="2" hai0="86,56,34,121,25,70,4,91,41,27,96,21,42" hai1="108,17,63,65,26,114,22,124,11,113,80,98,66" hai2="62,1,55,68,32,85,93,18,128,101,20,77,12" hai3="99,64,135,106,127,50,59,46,37,125,72,105,24"/><V44/><F32/><W90/><G72/><T9/><D70/><U134/><E108/><V3/><F128/><W14/><G135/><T51/><D121/><U31/><E134/><V40/><F101/><W97/><G24/><T23/><D34/><U133/><E133/><V6/><F6/><W58/><G37/><T10/><D96/><N who="3" m="36937" /><G90/><T107/><D107/><N who="3" m="40969" /><G64/><T84/><D51/><U39/><E39/><V19/><F19/><W69/><G14/><T116/><D91/><U88/><E124/><N who="3" m="47690" /><G69/><T92/><D4/><U117/><E66/><V89/><F77/><W104/><N who="3" m="40977" /><W110/><DORA hai="60" /><G110/><T129/><D129/><U29/><E65/><V102/><F102/><W119/><G119/><T82/><D116/><U38/><E26/><V57/><REACH who="2" step="1"/><F68/><REACH who="2" ten="68,407,220,295" step="2"/><W132/><G132/><T13/><D9/><U118/><E11/><V79/><F79/><W100/><G100/><T76/><D10/><U49/><E118/><V28/><F28/><W8/><G8/><T47/><D76/><U74/><E31/><V53/><F53/><AGARI ba="0,1" hai="46,50,53,58,59" m="47690,40977,36937" machi="53" ten="50,6400,0" yaku="18,1,52,2" doraHai="52,60" who="3" fromWho="2" sc="68,0,407,0,220,-64,295,74" /><INIT seed="3,0,0,1,0,84" ten="68,407,156,369" oya="3" hai0="119,127,38,78,33,93,99,81,26,92,131,128,90" hai1="61,122,28,21,87,125,85,18,82,8,77,69,108" hai2="15,88,46,29,11,17,72,116,36,40,74,79,100" hai3="102,0,34,20,117,83,97,53,110,65,2,121,9"/><W50/><G117/><T52/><D38/><U27/><E108/><V105/><F116/><W94/><G121/><T130/><D119/><U70/><E122/><V71/><F71/><W47/><G34/><T24/><D33/><U89/><E125/><V19/><F29/><W104/><G110/><T75/><D127/><U5/><E28/><V62/><F62/><W58/><G20/><T113/><D113/><U101/><E101/><V16/><F100/><W96/><G83/><T129/><N who="0" m="32768" /><DORA hai="43" /><T106/><D106/><U54/><E54/><V80/><F105/><W111/><G111/><T67/><D67/><U126/><E61/><V120/><F74/><W51/><G9/><T98/><D52/><U6/><E126/><V14/><F120/><W134/><G65/><T57/><D57/><U39/><E39/><V1/><F1/><W37/><G37/><T31/><REACH who="0" step="1"/><D31/><REACH who="0" ten="58,407,156,369" step="2"/><U86/><E69/><V135/><F135/><W7/><G134/><T123/><D123/><U42/><E70/><V12/><F11/><W4/><G2/><T22/><D22/><U124/><E8/><V91/><AGARI ba="0,1" hai="12,14,15,16,17,19,36,40,46,72,79,80,88,91" machi="91" ten="40,12000,2" yaku="0,1,52,3,54,2" doraHai="84,43" who="2" fromWho="2" sc="58,-30,407,-30,156,130,369,-60" owari="28,-47.2,377,47.7,286,-11.4,309,10.9" /></mjloggm>