<mjloggm ver="2.3"><GO type="225" lobby="0"/><UN n0="%E3%81%BF%E3%81%BF%E3%81%9A" n1="%E7%B4%94%E6%BD%94%E3%83%94%E3%83%A9%E3%83%8B%E3%82%A2" n2="%E3%83%97%E3%83%92" n3="%72%65%6E%6B%75%6E" dan="16,16,16,17" rate="2149.55,2132.33,2156.33,2206.18" sx="M,M,M,M"/><TAIKYOKU oya="0"/><INIT seed="0,0,0,2,2,95" ten="250,250,250,250" oya="0" hai0="62,92,80,120,7,94,37,34,100,101,1,16,42" hai1="48,64,118,96,9,125,83,74,82,51,132,116,90" hai2="104,91,63,23,24,105,21,123,32,110,27,124,107" hai3="28,65,40,19,57,38,131,10,66,78,22,117,58"/><T112/><D112/><U46/><E64/><N who="3" m="24682" /><G38/><T126/><D120/><U6/><E125/><V111/><F123/><W49/><G117/><T41/><D34/><U103/><E132/><V29/><F124/><W39/><G39/><T85/><D126/><U54/><E48/><V129/><F129/><W60/><G131/><T25/><D62/><U5/><E5/><V14/><F63/><W76/><G10/><T121/><D7/><U88/><E118/><V134/><F134/><W130/><G28/><T75/><D75/><U135/><E135/><V11/><F91/><W18/><G130/><T59/><D59/><N who="3" m="22537" /><G60/><T133/><D1/><U52/><E54/><V30/><REACH who="2" step="1"/><F32/><REACH who="2" ten="250,250,240,250" step="2"/><W20/><G76/><N who="0" m="46215" /><D133/><U73/><E116/><V98/><F98/><W33/><G78/><T122/><D121/><U70/><E70/><V77/><F77/><W102/><G102/><T12/><D122/><U87/><E90/><V127/><F127/><W89/><G89/><T44/><D101/><U79/><E82/><V8/><F8/><W50/><G33/><T109/><D100/><U4/><E79/><V67/><F67/><W68/><G68/><T113/><D113/><U114/><E114/><V13/><F13/><N who="3" m="9295" /><G40/><T69/><D41/><U84/><E84/><V31/><F31/><W17/><G17/><AGARI ba="0,1" hai="11,14,17,21,23,24,27,29,30,104,105,107,110,111" machi="17" ten="40,2600,0" yaku="1,1,9,1,53,0" doraHai="95" doraHaiUra="45" who="2" fromWho="3" sc="250,0,250,0,240,36,250,-26" /><INIT seed="1,0,0,3,0,18" ten="250,250,276,224" oya="1" hai0="5,98,131,116,135,17,29,70,95,114,92,73,55" hai1="3,42,22,104,6,71,12,48,51,120,56,133,134" hai2="45,57,15,47,112,97,77,79,2,60,83,68,129" hai3="122,50,110,43,94,46,1,52,32,117,58,105,89"/><U128/><E71/><V85/><F2/><W9/><G105/><T109/><D114/><U33/><E33/><V8/><F68/><W103/><G32/><T88/><D116/><U0/><E104/><V63/><F129/><W86/><G117/><T61/><D73/><U26/><E120/><V93/><F112/><W102/><G122/><T118/><D118/><U91/><E128/><V38/><F77/><W87/><G110/><T81/><D131/><U69/><E69/><V35/><F38/><W64/><G64/><T67/><D109/><U125/><E125/><V96/><F60/><W90/><G9/><T65/><D135/><N who="1" m="51723" /><E42/><V113/><F35/><W108/><G1/><N who="1" m="586" /><E56/><V49/><F113/><W44/><G108/><T80/><D5/><U31/><E91/><V20/><F49/><N who="3" m="26783" /><G58/><N who="0" m="35039" /><D29/><U30/><E30/><V74/><F74/><W100/><G100/><N who="0" m="60487" /><D70/><U107/><E107/><V28/><F45/><W34/><G34/><T53/><D53/><U78/><E78/><V7/><F47/><W123/><G123/><T127/><D127/><U106/><E106/><V99/><F28/><W75/><G75/><T132/><D132/><U130/><E130/><V10/><F7/><W27/><G103/><T19/><D19/><U54/><E54/><V126/><F126/><W115/><G102/><T40/><D40/><U76/><E76/><V72/><F72/><W111/><G115/><T84/><D17/><U14/><E6/><V39/><F39/><W124/><G124/><T23/><D23/><U121/><E121/><V21/><F20/><W4/><G111/><T119/><D119/><RYUUKYOKU ba="0,0" sc="250,15,250,15,276,-15,224,-15" hai0="65,67,80,81,84,88,95" hai1="12,14,22,26,31,48,51" /><INIT seed="1,1,0,3,4,42" ten="265,265,261,209" oya="1" hai0="56,7,51,8,85,5,113,1,118,63,12,90,132" hai1="135,92,24,75,125,77,123,88,36,44,52,120,99" hai2="65,0,79,18,101,53,102,59,40,110,58,133,50" hai3="124,112,100,62,107,130,91,69,115,33,93,105,47"/><U34/><E125/><V23/><F0/><W131/><G33/><T3/><D113/><N who="3" m="43593" /><G69/><T31/><D118/><U22/><E34/><V82/><F110/><W111/><G62/><T20/><D132/><U32/><E32/><V80/><F133/><W48/><G111/><T89/><D51/><U67/><E67/><V97/><F40/><N who="3" m="24679" /><G100/><N who="2" m="38505" /><F97/><N who="3" m="57535" /><G124/><T117/><D117/><U134/><E135/><V15/><F79/><W19/><G19/><T39/><D39/><U73/><E134/><V119/><F119/><W116/><G116/><T96/><D96/><U21/><E36/><V45/><F58/><W122/><G122/><T106/><D106/><U66/><E66/><V38/><F38/><W27/><G27/><T10/><D85/><U46/><E77/><V35/><F35/><W54/><G54/><T72/><D72/><U104/><E104/><V114/><F114/><W95/><G95/><T11/><D31/><U55/><E99/><V86/><F86/><W41/><G41/><T2/><D56/><U76/><E76/><V81/><F81/><W78/><G78/><T61/><D63/><AGARI ba="1,0" hai="15,18,23,45,50,53,59,63,65,80,82" m="38505" machi="63" ten="30,2000,0" yaku="8,1,52,1" doraHai="42" who="2" fromWho="0" sc="265,-23,265,0,261,23,209,0" /><INIT seed="2,0,0,3,2,102" ten="242,265,284,209" oya="2" hai0="72,32,116,123,106,2,54,103,15,7,95,39,62" hai1="16,27,133,73,100,92,80,30,57,29,113,78,20" hai2="121,28,120,10,111,58,96,59,81,98,9,13,126" hai3="34,23,132,94,125,131,124,88,127,36,69,82,122"/><V70/><F70/><W51/><G34/><T14/><D123/><U4/><E113/><V105/><F126/><W25/><G36/><T104/><D32/><U89/><E133/><V63/><F28/><W46/><G69/><T8/><D72/><U49/><E100/><V45/><F45/><W71/><G71/><T86/><D39/><U68/><E68/><V76/><F111/><W18/><G122/><T90/><D116/><U135/><E135/><V60/><F81/><W93/><G132/><T37/><D37/><U97/><REACH who="1" step="1"/><E4/><REACH who="1" ten="242,255,284,209" step="2"/><V22/><F120/><W79/><G131/><T110/><D103/><U26/><E26/><V74/><F121/><W43/><REACH who="3" step="1"/><G88/><REACH who="3" ten="242,255,284,199" step="2"/><T55/><D110/><U6/><E6/><V31/><F76/><W67/><G67/><T33/><D33/><U109/><E109/><V11/><F98/><W53/><G53/><AGARI ba="0,2" hai="16,20,27,29,30,49,53,57,73,78,80,89,92,97" machi="53" ten="40,2600,0" yaku="1,1,54,1,53,0" doraHai="102" doraHaiUra="134" who="1" fromWho="3" sc="242,0,255,46,284,0,199,-26" /><INIT seed="3,0,0,2,2,104" ten="242,301,284,173" oya="3" hai0="81,84,127,130,132,91,8,17,107,76,12,100,14" hai1="124,71,78,26,125,11,111,99,109,66,79,1,43" hai2="55,86,24,2,35,57,69,59,116,106,60,102,63" hai3="61,38,49,62,80,5,110,113,50,115,52,36,16"/><W96/><G5/><T6/><D127/><N who="1" m="48715" /><E43/><V134/><F116/><W129/><G129/><T105/><D132/><U87/><E99/><V18/><F134/><W121/><G121/><T22/><D100/><U88/><E26/><V58/><F2/><W118/><G118/><T93/><REACH who="0" step="1"/><D130/><REACH who="0" ten="232,301,284,173" step="2"/><U135/><E135/><V20/><F35/><W31/><G110/><T29/><D29/><U65/><E111/><V72/><F86/><AGARI ba="0,1" hai="6,8,12,14,17,22,76,81,84,86,91,93,105,107" machi="86" ten="30,2000,0" yaku="1,1,7,1,53,0" doraHai="104" doraHaiUra="23" who="0" fromWho="2" sc="232,30,301,0,284,-20,173,0" owari="262,-13.8,301,40.1,264,6.4,173,-32.7" /></mjloggm>