<mjloggm ver="2.3"><GO type="225" lobby="0"/><UN n0="%E3%83%8F%E3%83%B3%E3%83%89%E3%83%A9%E3%83%BC%E3%83%BB%E3%83%AF%E3%83%B3" n1="%72%69%6F%75%63%68%61%6E" n2="%72%61%6B%33" n3="%E6%9D%B1%E9%A2%A8%E3%81%AE%E3%81%8D%E3%82%83%E3%81%B7%E3%81%95%E3%82%93" dan="16,16,16,17" rate="2178.53,2137.55,2095.48,2266.80" sx="M,M,M,M"/><TAIKYOKU oya="0"/><INIT seed="0,0,0,3,2,77" ten="250,250,250,250" oya="0" hai0="80,108,79,125,45,130,72,8,96,17,81,114,53" hai1="30,132,7,58,56,36,106,128,31,43,60,51,119" hai2="0,100,83,104,131,50,52,127,15,117,4,48,47" hai3="109,5,44,42,33,88,23,1,124,129,99,6,134"/><T92/><D114/><U3/><E119/><V14/><F117/><W21/><G33/><T135/><D130/><U39/><E128/><V49/><F131/><W74/><G74/><T32/><D32/><U65/><E132/><V57/><F127/><W71/><G71/><T11/><D125/><U94/><E106/><V70/><F70/><W110/><G129/><T37/><D135/><U76/><E76/><V62/><F47/><W86/><G99/><T122/><D122/><U120/><E120/><V84/><F104/><W95/><G134/><T91/><D108/><N who="3" m="41577" /><G124/><T133/><D133/><U112/><E112/><V98/><F0/><W20/><G1/><T28/><D28/><U67/><E94/><N who="2" m="58455" /><F4/><W97/><G97/><T102/><D17/><U101/><E7/><V113/><F113/><W116/><G116/><T66/><D66/><U13/><E67/><V123/><F123/><W93/><G93/><T64/><D64/><U126/><E126/><V9/><F9/><W89/><G89/><AGARI ba="0,0" hai="14,15,48,49,50,52,57,62,83,84,89" m="58455" machi="89" ten="30,3900,0" yaku="8,1,52,1,54,1" doraHai="77" who="2" fromWho="3" sc="250,0,250,0,250,39,250,-39" /><INIT seed="1,0,0,2,3,4" ten="250,250,289,211" oya="1" hai0="0,122,6,100,37,23,90,39,50,1,125,110,68" hai1="19,61,29,96,87,135,28,109,82,98,101,60,117" hai2="32,43,131,42,77,132,74,93,40,5,73,133,111" hai3="113,99,85,13,95,2,44,103,104,118,70,10,112"/><U46/><E135/><N who="2" m="51787" /><F32/><W84/><G70/><T128/><D68/><U97/><E117/><V18/><F111/><W89/><G118/><T75/><D75/><N who="2" m="28682" /><F131/><W120/><G120/><T127/><D110/><U94/><E109/><V64/><F77/><W15/><G15/><T16/><D128/><U27/><E46/><V130/><F130/><W30/><G30/><T116/><D116/><U83/><E19/><V80/><F80/><W114/><G2/><T55/><D100/><U67/><E28/><V88/><F5/><W107/><G44/><N who="0" m="28103" /><D90/><U45/><E45/><V8/><F64/><W12/><G12/><N who="0" m="9607" /><D122/><U102/><E67/><V105/><F105/><W91/><G13/><T53/><D53/><U72/><E72/><V47/><F18/><W86/><G10/><N who="0" m="2375" /><D1/><U58/><E82/><V9/><F47/><W38/><G38/><T22/><D22/><N who="1" m="15607" /><E102/><V34/><F34/><W33/><G33/><T36/><D36/><U76/><E58/><V126/><F126/><N who="0" m="48138" /><D39/><U14/><E14/><V35/><F35/><W20/><G20/><T129/><D37/><U63/><AGARI ba="0,0" hai="60,61,63,76,83,87,94,96,97,98,101" m="15607" machi="63" ten="30,1500,0" yaku="8,1" doraHai="4" who="1" fromWho="1" sc="250,-5,250,15,289,-5,211,-5" /><INIT seed="1,1,0,3,3,45" ten="245,265,284,206" oya="1" hai0="48,52,7,56,97,72,118,109,87,70,117,98,62" hai1="69,9,23,122,133,74,32,60,33,104,67,16,64" hai2="84,71,10,35,92,40,54,24,79,1,41,86,130" hai3="34,135,132,88,90,68,95,6,3,123,116,108,91"/><U53/><E122/><V125/><F71/><W121/><G34/><T114/><D114/><U15/><E133/><N who="3" m="51274" /><G68/><T21/><D72/><U0/><E104/><V57/><F125/><W124/><G6/><T128/><D109/><U36/><E74/><V65/><F65/><W106/><G3/><T44/><D128/><U13/><E0/><V11/><F130/><W107/><G108/><T47/><D70/><U39/><E64/><V103/><F24/><W4/><G4/><T131/><D131/><U46/><E36/><V73/><F35/><W76/><G76/><T38/><D7/><U55/><E55/><V89/><F103/><W28/><G28/><T93/><D38/><U83/><E83/><N who="2" m="47231" /><F73/><W129/><G129/><T31/><D118/><U126/><E126/><V22/><F22/><W50/><G50/><N who="0" m="28743" /><D117/><U75/><E75/><V2/><F2/><W42/><G42/><N who="2" m="16489" /><F1/><W113/><G116/><T20/><D31/><U51/><REACH who="1" step="1"/><E39/><REACH who="1" ten="245,255,284,206" step="2"/><V30/><F30/><W27/><G124/><T37/><D37/><U110/><E110/><V105/><F105/><N who="3" m="39947" /><G113/><T18/><D93/><U49/><E49/><AGARI ba="1,1" hai="10,11,49,54,57,86,89,92" m="16489,47231" machi="49" ten="30,2000,0" yaku="8,1,52,1" doraHai="45" who="2" fromWho="1" sc="245,0,255,-23,284,33,206,0" /><INIT seed="2,0,0,2,1,116" ten="245,232,317,206" oya="2" hai0="75,37,52,105,31,53,24,10,56,112,13,98,27" hai1="40,59,123,49,99,78,18,126,87,23,117,94,135" hai2="3,50,55,120,86,109,4,63,69,45,73,19,96" hai3="79,131,20,17,11,127,34,47,102,111,101,130,134"/><V118/><F73/><W57/><G79/><T91/><D112/><U64/><E126/><V38/><F3/><W48/><G34/><T128/><D75/><U119/><E135/><V2/><F2/><W36/><G36/><T25/><D37/><U85/><E123/><V88/><F4/><W100/><G127/><T84/><D128/><N who="3" m="49193" /><G134/><T60/><D53/><U9/><E9/><V113/><F113/><W61/><G11/><T107/><D31/><U76/><E119/><V51/><F38/><W33/><G33/><T95/><REACH who="0" step="1"/><D98/><REACH who="0" ten="235,232,317,206" step="2"/><U42/><E117/><V121/><F118/><W115/><G115/><T82/><D82/><U43/><E87/><V104/><F96/><W83/><G83/><T93/><D93/><U129/><E85/><V26/><F86/><W81/><G81/><T71/><D71/><U124/><E124/><V1/><F69/><W77/><G77/><T90/><D90/><N who="1" m="55767" /><E129/><V80/><F80/><W66/><G111/><T89/><D89/><U133/><E133/><V41/><F88/><W132/><G132/><T35/><D35/><U74/><E74/><V70/><F70/><W108/><G108/><T7/><AGARI ba="0,1" hai="7,10,13,24,25,27,52,56,60,84,91,95,105,107" machi="7" ten="30,4000,0" yaku="1,1,0,1,54,1,53,0" doraHai="116" doraHaiUra="28" who="0" fromWho="0" sc="235,50,232,-10,317,-20,206,-10" /><INIT seed="3,0,0,2,2,118" ten="285,222,297,196" oya="3" hai0="36,70,95,46,0,135,88,100,23,103,7,43,11" hai1="1,96,50,5,75,2,65,73,26,40,37,51,57" hai2="13,89,115,18,15,10,28,60,117,35,38,58,54" hai3="122,99,64,79,126,30,105,29,76,56,39,116,19"/><W55/><G39/><T121/><D121/><U82/><E26/><V59/><F117/><W74/><G122/><T80/><D70/><U44/><E96/><V72/><F115/><W31/><G116/><T128/><D128/><U63/><E75/><V125/><F72/><W120/><G120/><T132/><D23/><U101/><E101/><V133/><F38/><W22/><G126/><T110/><D80/><U67/><E67/><V124/><F133/><N who="0" m="51274" /><D110/><U24/><E24/><N who="2" m="18823" /><F59/><W45/><G74/><T104/><D104/><U78/><REACH who="1" step="1"/><E1/><REACH who="1" ten="285,212,297,196" step="2"/><V17/><F125/><W61/><G99/><AGARI ba="0,1" hai="0,7,11,36,43,46,88,95,99,100,103" m="51274" machi="99" ten="30,2000,0" yaku="20,1,54,1" doraHai="118" who="0" fromWho="3" sc="285,30,212,0,297,0,196,-20" owari="315,41.5,212,-18.8,297,9.7,176,-32.4" /></mjloggm>