<mjloggm ver="2.3"><GO type="225" lobby="0"/><UN n0="%E5%B0%8F%E9%B3%A5%E9%81%8A%E7%B7%B4%E7%84%A1%32%31%E6%AD%B3" n1="%E3%81%B2%E3%81%AA%E3%81%AE%E3%82%8A%E3%81%8F" n2="%E9%A2%A8%E3%81%A7%E9%B3%B4%E3%81%8F" n3="%E7%99%BD%E9%9B%AA%E4%B9%83%E6%84%9B" dan="16,17,16,16" rate="2188.39,2156.99,2187.18,2075.05" sx="F,M,M,F"/><TAIKYOKU oya="0"/><INIT seed="0,0,0,4,4,55" ten="250,250,250,250" oya="0" hai0="65,78,61,31,26,51,15,109,49,29,98,21,116" hai1="101,86,131,45,83,100,72,127,128,9,58,23,8" hai2="108,57,117,5,54,118,123,22,111,53,33,74,0" hai3="42,7,4,133,96,56,119,46,88,75,13,16,19"/><T50/><D116/><N who="2" m="44650" /><F74/><W64/><G119/><T122/><D122/><U103/><E72/><V76/><F76/><W124/><G75/><T11/><D109/><N who="2" m="42058" /><F33/><W82/><G133/><T110/><D110/><U44/><E127/><V125/><F125/><W10/><G124/><T97/><D78/><U36/><E23/><V1/><F123/><W12/><G46/><N who="1" m="18026" /><E36/><V38/><F38/><W48/><G42/><T132/><D29/><U105/><E105/><V107/><F107/><W80/><G4/><T68/><REACH who="0" step="1"/><D132/><REACH who="0" ten="240,250,250,250" step="2"/><U71/><E128/><V91/><F91/><W106/><G88/><T114/><D114/><U77/><E131/><V73/><F73/><W20/><G19/><AGARI ba="0,1" hai="11,15,19,21,26,31,49,50,51,61,65,68,97,98" machi="19" ten="40,2000,0" yaku="1,1,53,0" doraHai="55" doraHaiUra="126" who="0" fromWho="3" sc="240,30,250,0,250,0,250,-20" /><INIT seed="0,1,0,0,3,51" ten="270,250,250,230" oya="0" hai0="118,113,135,61,5,22,121,32,31,59,46,55,98" hai1="44,125,34,37,65,68,25,8,130,63,30,115,40" hai2="7,104,62,2,116,17,35,52,133,73,20,12,83" hai3="27,48,85,82,132,43,16,72,96,80,97,71,18"/><T127/><D118/><U14/><E130/><V101/><F133/><W111/><G132/><T64/><D121/><U26/><E125/><V77/><F116/><W79/><G71/><T131/><D113/><U117/><E117/><V94/><F104/><W23/><G111/><T109/><D109/><U123/><E115/><V106/><F106/><W36/><G36/><T6/><D32/><U38/><E26/><V89/><F101/><W67/><G67/><T108/><D108/><U11/><E123/><V122/><F35/><W76/><G43/><T114/><D114/><U126/><E126/><V87/><F122/><W129/><G129/><T119/><D119/><U50/><REACH who="1" step="1"/><E11/><REACH who="1" ten="270,240,250,230" step="2"/><V0/><REACH who="2" step="1"/><F7/><AGARI ba="1,1" hai="7,8,14,25,30,34,37,38,40,44,50,63,65,68" machi="7" ten="30,3900,0" yaku="1,1,2,1,7,1,53,0" doraHai="51" doraHaiUra="134" who="1" fromWho="2" sc="270,0,240,52,250,-42,230,0" /><INIT seed="1,0,0,5,0,54" ten="270,292,208,230" oya="1" hai0="38,9,107,52,63,10,20,74,131,111,105,72,36" hai1="86,14,126,21,75,35,84,23,123,66,114,82,18" hai2="85,61,49,2,46,8,71,1,91,90,102,79,95" hai3="135,42,106,133,120,45,33,39,132,28,4,11,15"/><U110/><E114/><V51/><F51/><W60/><G106/><T34/><D34/><U83/><E123/><V96/><F79/><W100/><G100/><T37/><D111/><U69/><E35/><V112/><F112/><W6/><G120/><T92/><D20/><U94/><E75/><V53/><F91/><W22/><G33/><T124/><D131/><U13/><E126/><V48/><F48/><W73/><G73/><T89/><D74/><U5/><E110/><V99/><F99/><W108/><G108/><T130/><D72/><U29/><E29/><V56/><F8/><W7/><G60/><T129/><D124/><U77/><E94/><V0/><F71/><W116/><G116/><T134/><D134/><U19/><E5/><V121/><F121/><W40/><G40/><T31/><D31/><U68/><REACH who="1" step="1"/><E66/><REACH who="1" ten="270,282,208,230" step="2"/><V80/><REACH who="2" step="1"/><F0/><REACH who="2" ten="270,282,198,230" step="2"/><W78/><G135/><T12/><D130/><U88/><AGARI ba="0,2" hai="13,14,18,19,21,23,68,69,77,82,83,84,86,88" machi="88" ten="20,24000,3" yaku="1,1,2,1,0,1,7,1,9,1,54,1,53,2" doraHai="54" doraHaiUra="64" who="1" fromWho="1" sc="270,-80,282,260,198,-80,230,-80" /><INIT seed="1,1,0,0,1,76" ten="190,542,118,150" oya="1" hai0="124,74,89,55,36,113,64,73,49,104,38,54,31" hai1="48,109,8,61,5,91,47,29,12,117,24,82,37" hai2="86,41,15,78,132,68,44,58,22,40,1,67,94" hai3="102,96,63,21,100,107,7,20,101,129,11,134,108"/><U46/><E117/><V59/><F1/><W30/><G108/><T93/><D104/><U9/><E37/><V111/><F111/><W50/><G129/><T65/><D113/><U13/><E61/><V70/><F132/><W131/><G131/><T23/><D31/><U130/><E130/><V69/><F67/><W112/><G112/><T90/><D23/><U128/><E128/><V119/><F119/><W2/><G134/><T116/><D49/><U17/><E48/><V122/><F122/><W123/><G123/><T10/><D93/><U125/><E125/><V53/><F94/><W85/><G63/><T114/><D114/><U3/><E3/><V126/><F126/><W88/><G50/><T56/><D116/><U28/><E28/><V51/><F41/><W118/><G118/><T66/><D124/><U95/><E82/><V92/><F92/><W4/><G4/><T25/><D66/><U77/><E77/><V87/><F78/><W120/><G120/><T75/><D75/><U110/><E110/><V99/><F99/><W35/><G96/><T115/><D115/><U18/><E5/><V14/><F59/><W34/><G107/><T80/><D56/><U106/><E106/><V45/><F45/><W72/><G72/><T127/><D127/><U26/><E26/><V135/><F135/><W97/><G97/><T52/><D73/><U32/><E109/><V79/><F79/><W105/><G105/><T6/><D74/><U71/><E71/><V62/><REACH who="2" step="1"/><F22/><REACH who="2" ten="190,542,108,150" step="2"/><N who="3" m="8811" /><G30/><T19/><D65/><U133/><E133/><V16/><F16/><W39/><G39/><RYUUKYOKU ba="1,1" sc="190,-30,542,10,108,10,150,10" hai1="8,9,12,13,17,18,24,29,32,46,47,91,95" hai2="14,15,40,44,51,53,58,62,68,69,70,86,87" hai3="2,7,11,34,35,85,88,100,101,102" /><INIT seed="1,2,1,0,2,28" ten="160,552,118,160" oya="1" hai0="50,102,127,113,48,133,29,34,131,56,57,22,123" hai1="14,51,135,55,0,26,108,111,40,94,93,54,122" hai2="9,1,77,128,81,20,8,126,27,120,89,33,71" hai3="129,72,114,23,90,49,101,47,75,107,16,69,64"/><U118/><E0/><V30/><F71/><W115/><G75/><T41/><D34/><U70/><E70/><V61/><F120/><W91/><G72/><T36/><D113/><U43/><E118/><V98/><F126/><W12/><G129/><T84/><D131/><U80/><E80/><V67/><F128/><W6/><G6/><T44/><D133/><U132/><E14/><V105/><F20/><W124/><G124/><T73/><D73/><U130/><E130/><V60/><F1/><W65/><G101/><T7/><D102/><U32/><E26/><V99/><F89/><N who="3" m="33803" /><G107/><T19/><D7/><U92/><E122/><V25/><F25/><N who="3" m="14567" /><G69/><T46/><D123/><U74/><E74/><N who="2" m="43191" /><F98/><W18/><G114/><T78/><D36/><U63/><E32/><V58/><F58/><W82/><G82/><N who="0" m="47191" /><D29/><U38/><E38/><V88/><F60/><W4/><G4/><T110/><D127/><U116/><E116/><V45/><F45/><W5/><G5/><T97/><D97/><U103/><E103/><N who="2" m="62719" /><F88/><W85/><G85/><T121/><D121/><U125/><E125/><V21/><F21/><N who="3" m="11463" /><G115/><T17/><D57/><U24/><E135/><V76/><F76/><W106/><G106/><T134/><D56/><U117/><E132/><V42/><F42/><AGARI ba="2,1" hai="42,47,49,64,65" m="11463,14567,33803" machi="42" ten="30,2000,0" yaku="8,1,54,1" doraHai="28" who="3" fromWho="2" sc="160,0,552,0,118,-26,160,36" /><INIT seed="2,0,0,2,2,43" ten="160,552,92,196" oya="2" hai0="5,135,26,64,22,61,131,53,56,95,16,72,47" hai1="119,42,129,76,92,117,134,51,17,25,32,115,87" hai2="54,8,9,98,30,120,50,11,109,125,68,35,107" hai3="96,24,1,114,105,40,3,48,41,37,122,60,97"/><V101/><F120/><W70/><G122/><T71/><D72/><U69/><E69/><V85/><F125/><W118/><G118/><T28/><D135/><U124/><E92/><V100/><F100/><W62/><G48/><N who="0" m="28831" /><D71/><U126/><E87/><V132/><F132/><W45/><G114/><T19/><D131/><U52/><E42/><V67/><F109/><W14/><G40/><T6/><D95/><U46/><E76/><V34/><F30/><W65/><G62/><T90/><D90/><U7/><E115/><V63/><REACH who="2" step="1"/><F85/><REACH who="2" ten="160,552,82,196" step="2"/><W39/><G39/><T102/><D102/><U23/><E126/><V13/><F13/><W38/><G14/><T36/><D36/><U82/><E124/><V128/><F128/><W88/><G38/><T121/><D121/><U4/><E129/><V49/><F49/><W0/><G24/><T99/><D99/><U91/><E25/><V110/><F110/><W74/><G74/><T33/><D33/><U44/><E51/><V104/><F104/><W127/><G127/><T130/><D130/><U77/><E32/><V106/><F106/><W116/><G116/><T103/><D103/><U31/><E134/><V113/><F113/><W86/><G105/><T55/><D28/><U133/><E31/><V21/><F21/><W27/><G27/><T59/><D19/><U20/><E17/><V15/><F15/><W57/><G86/><T29/><D29/><U18/><E18/><V81/><F81/><W89/><G97/><T66/><D26/><U2/><E82/><V112/><F112/><W83/><G83/><T94/><D16/><RYUUKYOKU ba="0,1" sc="160,-10,552,-10,82,30,196,-10" hai2="8,9,11,34,35,50,54,63,67,68,98,101,107" /><INIT seed="2,1,1,5,4,83" ten="150,542,112,186" oya="2" hai0="90,0,4,127,114,53,6,15,58,19,98,126,101" hai1="57,11,69,16,8,89,107,76,17,74,133,52,7" hai2="20,62,36,104,43,56,121,27,81,92,123,96,119" hai3="75,55,132,42,13,5,41,85,26,116,31,120,60"/><V66/><F104/><W102/><G116/><T103/><D114/><U23/><E69/><V14/><F119/><W18/><G75/><T128/><D0/><U135/><E17/><V63/><F36/><W46/><G120/><T44/><D44/><U112/><E76/><V79/><F43/><W113/><G5/><T125/><D128/><U45/><E45/><V39/><F14/><W1/><G1/><T70/><D70/><U80/><E74/><V77/><F62/><W129/><G129/><T59/><D90/><U88/><E107/><V9/><F9/><W35/><G132/><T94/><D103/><U118/><E118/><V10/><F10/><W72/><G72/><T124/><N who="0" m="31744" /><DORA hai="49" /><T67/><D67/><U65/><E65/><V51/><F51/><W71/><G113/><T73/><D59/><U117/><E57/><V111/><F111/><W95/><G71/><T47/><D47/><U40/><E40/><V105/><F105/><W24/><G102/><T87/><D87/><U130/><E130/><V131/><F131/><W86/><G86/><T100/><D100/><U37/><E37/><V50/><F50/><N who="3" m="29143" /><G60/><N who="0" m="35919" /><D73/><U54/><E112/><V78/><F39/><W38/><G38/><T64/><D64/><U21/><E117/><V93/><F93/><W30/><G95/><T48/><D48/><U32/><E133/><V12/><F81/><W110/><G42/><T68/><D68/><U108/><E80/><V33/><F33/><N who="3" m="20679" /><G41/><T82/><D82/><U84/><E135/><V109/><F109/><W91/><G110/><T25/><D15/><U61/><E108/><RYUUKYOKU ba="1,1" sc="150,30,542,-10,112,-10,186,-10" hai0="4,6,19,25,94,98,101" /><INIT seed="3,2,1,1,0,85" ten="180,532,102,176" oya="3" hai0="50,79,1,114,56,122,62,32,97,37,19,38,129" hai1="9,131,130,134,15,14,0,87,10,111,116,33,128" hai2="34,135,51,64,107,95,60,78,30,20,36,117,8" hai3="120,83,29,66,27,46,63,89,92,125,90,55,123"/><W2/><G2/><T65/><D122/><U25/><E111/><V84/><F117/><W31/><G125/><T18/><D1/><U45/><E0/><V44/><F36/><W11/><G11/><T127/><D32/><U5/><E134/><V69/><F135/><W93/><G83/><T103/><D129/><U110/><E110/><V3/><F107/><W12/><G12/><T80/><D50/><U47/><E116/><V41/><F34/><W81/><G81/><T106/><D127/><U109/><E87/><V26/><F78/><W59/><G46/><T6/><D6/><N who="1" m="3383" /><E109/><V43/><F3/><W132/><G132/><T118/><D114/><U88/><E88/><N who="3" m="33898" /><G123/><T13/><D18/><U119/><E119/><V74/><F74/><W124/><G124/><T86/><D118/><U113/><E113/><V121/><F121/><W99/><G120/><T58/><D58/><U75/><E75/><V133/><F133/><W73/><G73/><T48/><D48/><U76/><E76/><V82/><F8/><AGARI ba="2,1" hai="8,13,19,37,38,56,62,65,79,80,86,97,103,106" machi="8" ten="30,1000,0" yaku="7,1" doraHai="85" who="0" fromWho="2" sc="180,26,532,0,102,-16,176,0" owari="206,0.6,532,63.2,86,-41.4,176,-22.4" /></mjloggm>