<mjloggm ver="2.3"><GO type="225" lobby="0"/><UN n0="%E3%81%99%E3%81%84%E3%81%BE%E3%81%9B%E3%83%BC%E3%82%93" n1="%E8%B6%85%E7%B4%9A%E9%B3%B3%E5%87%B0" n2="%E3%83%97%E3%83%AC%E3%83%B4%E3%82%A1%E3%83%86%E3%82%A3" n3="%E3%82%BC%E3%83%AB%E3%83%80%E3%81%AE%E4%BC%9D%E8%AA%AC" dan="17,16,16,17" rate="2190.15,2138.57,2155.19,2148.91" sx="M,M,F,M"/><TAIKYOKU oya="0"/><INIT seed="0,0,0,2,1,13" ten="250,250,250,250" oya="0" hai0="78,96,104,120,67,90,60,14,123,37,110,49,73" hai1="62,42,105,50,122,115,98,22,18,75,2,76,5" hai2="71,83,117,92,134,106,119,133,39,74,127,58,103" hai3="88,17,38,23,30,47,51,114,32,111,36,46,40"/><T12/><D37/><U31/><E122/><V77/><F39/><W29/><G114/><T85/><D110/><U131/><E115/><V65/><F71/><W108/><G32/><T124/><D124/><U24/><E131/><V6/><F6/><W66/><G66/><T126/><D126/><U79/><E62/><V132/><F127/><W7/><G7/><T87/><D73/><U45/><E31/><V128/><F65/><W112/><G112/><T68/><D49/><U109/><E109/><N who="3" m="42058" /><G36/><T57/><D68/><U10/><REACH who="1" step="1"/><E75/><REACH who="1" ten="250,240,250,250" step="2"/><V94/><F128/><W89/><G30/><T1/><D123/><U70/><E70/><V116/><F58/><W19/><G29/><T25/><D57/><U113/><E113/><V55/><F55/><N who="3" m="30199" /><G19/><T100/><D120/><U121/><E121/><V107/><REACH who="2" step="1"/><F103/><AGARI ba="0,1" hai="2,5,10,18,22,24,42,45,50,76,79,98,103,105" machi="103" ten="40,5200,0" yaku="1,1,52,1,53,1" doraHai="13" doraHaiUra="16" who="1" fromWho="2" sc="250,0,240,62,250,-52,250,0" /><INIT seed="1,0,0,3,0,118" ten="250,302,198,250" oya="1" hai0="31,58,20,8,33,1,70,80,36,11,76,82,98" hai1="73,131,48,127,107,19,59,9,108,91,130,110,64" hai2="27,42,34,92,128,47,95,49,54,17,102,75,74" hai3="50,51,52,83,89,119,77,29,112,45,35,2,62"/><U3/><E73/><V66/><F128/><N who="1" m="49193" /><E107/><V125/><F125/><W93/><G112/><T126/><D70/><U85/><E127/><V120/><F120/><W25/><G119/><T57/><D33/><U84/><E91/><V67/><F34/><W106/><G2/><T53/><D36/><U115/><E115/><V14/><F75/><W79/><G106/><T96/><D58/><U81/><E81/><V37/><F74/><W43/><G62/><T109/><D109/><N who="1" m="42091" /><E19/><V104/><F27/><W24/><G24/><T116/><D82/><U78/><E78/><V117/><F117/><W28/><G28/><T88/><D31/><U69/><E69/><V63/><F104/><W72/><G83/><T122/><D80/><U105/><E105/><V97/><F95/><W0/><G72/><T16/><D76/><U90/><E90/><V101/><F101/><W134/><G79/><T46/><D88/><U99/><E99/><V87/><F87/><W114/><G77/><T123/><D126/><U129/><E129/><V113/><F113/><W61/><G89/><T40/><D116/><U132/><E132/><V39/><F39/><W94/><G134/><T7/><D98/><U111/><E111/><V13/><F17/><W5/><G114/><T86/><D96/><U121/><E121/><V56/><REACH who="2" step="1"/><F67/><REACH who="2" ten="250,302,188,250" step="2"/><W41/><G94/><T18/><D86/><U21/><E64/><V30/><F30/><W38/><G93/><T12/><D18/><U4/><E21/><V55/><F55/><AGARI ba="0,1" hai="3,4,9,48,55,59,84,85" m="42091,49193" machi="55" ten="30,5800,0" yaku="19,1,14,1,10,1" doraHai="118" who="1" fromWho="2" sc="250,0,302,68,188,-58,250,0" /><INIT seed="1,1,0,3,4,52" ten="250,370,130,250" oya="1" hai0="17,113,114,46,96,18,44,7,29,134,79,56,67" hai1="126,48,87,117,128,84,119,59,15,125,112,13,69" hai2="92,115,38,94,42,74,133,104,14,37,51,132,76" hai3="65,25,31,54,108,88,30,32,63,41,22,77,28"/><U99/><E112/><V23/><F115/><W3/><G108/><T36/><D134/><N who="2" m="51818" /><F104/><W98/><G3/><T47/><D36/><N who="2" m="13930" /><F74/><W127/><G127/><N who="1" m="48650" /><E69/><V64/><F76/><W62/><G41/><T78/><D114/><U66/><E128/><V121/><F121/><W85/><G54/><T73/><D73/><U122/><E122/><V53/><F42/><W5/><G5/><T12/><D79/><U19/><E99/><V129/><F129/><W10/><G10/><T20/><D78/><U58/><E48/><V86/><F86/><N who="1" m="32809" /><E66/><V35/><F35/><W71/><G32/><T135/><D67/><U89/><E89/><V60/><F23/><W8/><G77/><T72/><D20/><N who="1" m="11375" /><E15/><V105/><F14/><W123/><G123/><T101/><D12/><U21/><E21/><V11/><F11/><W4/><G98/><T90/><D96/><U40/><E40/><V57/><F105/><W116/><G65/><T26/><D113/><U131/><E131/><V82/><F82/><W111/><G8/><T9/><D9/><U6/><E6/><V61/><F61/><W55/><G4/><T43/><D7/><U97/><E97/><V107/><F107/><W39/><G62/><T45/><D43/><U91/><E91/><V75/><F75/><W95/><G88/><T34/><D90/><U2/><E2/><V83/><F83/><W68/><G63/><T109/><D135/><U24/><E24/><V130/><F130/><W80/><G80/><T118/><D72/><U27/><E27/><V93/><F64/><W100/><G22/><T1/><D1/><RYUUKYOKU ba="1,0" sc="250,-15,370,15,130,15,250,-15" hai1="58,59,117,119" hai2="51,53,57,60,92,93,94" /><INIT seed="1,2,0,0,0,9" ten="235,385,145,235" oya="1" hai0="80,3,108,49,61,16,42,73,54,43,129,74,62" hai1="46,67,27,34,99,33,29,15,77,52,85,119,31" hai2="57,2,70,24,107,44,114,1,26,45,93,105,30" hai3="64,17,103,115,131,100,66,127,22,121,23,36,102"/><U135/><E119/><V110/><F110/><W86/><G121/><T28/><D3/><U41/><E135/><V83/><F114/><W128/><G115/><T94/><D108/><U125/><E125/><V130/><F130/><N who="3" m="49707" /><G127/><T59/><D129/><U72/><E67/><N who="3" m="25642" /><G36/><T79/><D28/><U87/><E72/><V25/><F70/><W76/><G17/><T71/><D74/><U5/><E31/><V123/><F30/><W118/><G118/><T88/><D71/><U0/><E34/><V10/><F123/><W60/><G60/><T14/><D62/><U91/><E0/><V47/><F57/><W96/><G96/><T58/><D58/><U122/><E122/><V37/><F37/><W126/><G126/><T124/><D61/><U81/><E99/><V112/><F112/><W82/><AGARI ba="2,0" hai="22,23,76,82,86,100,102,103" m="25642,49707" machi="82" ten="40,1500,0" yaku="19,1" doraHai="9" who="3" fromWho="3" sc="235,-6,385,-9,145,-6,235,21" /><INIT seed="2,0,0,2,0,92" ten="229,376,139,256" oya="2" hai0="115,47,57,32,38,102,109,128,77,85,15,129,112" hai1="123,93,5,26,79,94,20,76,87,45,72,122,1" hai2="91,61,48,103,68,125,24,121,70,83,127,39,6" hai3="37,2,124,27,49,81,130,0,13,50,55,71,101"/><V23/><F39/><W58/><G37/><T14/><D109/><U73/><E45/><V11/><F121/><N who="1" m="46089" /><E73/><V35/><F35/><W44/><G71/><T133/><D32/><U107/><E107/><V75/><F103/><W28/><G124/><N who="2" m="47689" /><F48/><W18/><G81/><T21/><D21/><U22/><E72/><V132/><F61/><W88/><G101/><T43/><D14/><U126/><E126/><V119/><F119/><W66/><G50/><T67/><D102/><U82/><E76/><N who="2" m="44447" /><F91/><W30/><G88/><T97/><D38/><U25/><E20/><V9/><F132/><W4/><G49/><T113/><D133/><U114/><E114/><V90/><F90/><W86/><G66/><T36/><D67/><U33/><E33/><V10/><F6/><W53/><G4/><T120/><D120/><U41/><E41/><V52/><F52/><W134/><G53/><T51/><D36/><U117/><E117/><V84/><F84/><W74/><G86/><T78/><D85/><U46/><E46/><V108/><F108/><W60/><G44/><T105/><D78/><U135/><E135/><V17/><AGARI ba="0,0" hai="9,10,11,17,23,24,68,70" m="44447,47689" machi="17" ten="30,1500,0" yaku="18,1" doraHai="92" who="2" fromWho="2" sc="229,-5,376,-5,139,15,256,-5" /><INIT seed="2,1,0,3,0,77" ten="224,371,154,251" oya="2" hai0="92,71,117,22,48,115,129,10,34,94,59,76,69" hai1="2,91,123,12,84,79,83,97,53,113,38,122,31" hai2="8,104,124,100,66,42,130,78,95,51,99,135,67" hai3="43,60,111,109,14,45,86,110,125,87,105,4,134"/><V64/><F130/><W7/><G125/><T9/><D34/><U133/><E113/><V39/><F124/><W127/><G127/><T32/><D32/><U0/><E38/><V47/><F135/><W118/><G134/><T114/><D76/><U11/><E133/><V103/><F8/><W37/><G118/><T30/><D22/><U15/><E31/><V98/><F78/><W80/><G105/><T101/><D30/><U65/><E65/><V1/><REACH who="2" step="1"/><F1/><REACH who="2" ten="224,371,144,251" step="2"/><W57/><G111/><T121/><D9/><U82/><E0/><V24/><F24/><W62/><G110/><T50/><D10/><U106/><E2/><V5/><F5/><W81/><G109/><T13/><D129/><U128/><E128/><V89/><F89/><W26/><G26/><T61/><D115/><U46/><E11/><V120/><F120/><W73/><G14/><T20/><D13/><U85/><E12/><V36/><AGARI ba="1,1" hai="36,39,42,47,51,64,66,67,95,98,99,100,103,104" machi="36" ten="30,3000,0" yaku="1,1,0,1,53,0" doraHai="77" doraHaiUra="19" who="2" fromWho="2" sc="224,-11,371,-11,144,43,251,-11" /><INIT seed="2,2,0,0,1,41" ten="213,360,187,240" oya="2" hai0="100,74,101,112,132,123,56,89,79,135,19,98,84" hai1="90,3,117,26,18,66,95,121,88,72,85,6,87" hai2="11,65,61,47,43,37,44,22,126,124,5,76,21" hai3="63,4,27,12,77,23,122,35,32,107,92,64,127"/><V16/><F76/><W133/><G107/><T68/><D68/><U82/><E117/><V120/><F120/><W114/><G122/><T60/><D123/><U105/><E121/><V38/><F22/><W93/><G127/><N who="2" m="48681" /><F43/><W9/><G133/><N who="0" m="51275" /><D112/><U106/><E72/><V14/><F38/><W103/><G114/><T119/><D119/><U59/><E3/><N who="2" m="447" /><F37/><W10/><G77/><T50/><D74/><U83/><E6/><V91/><F91/><W134/><G134/><T94/><D50/><U129/><E129/><V52/><F52/><W78/><G78/><T99/><D19/><U53/><E66/><V113/><F113/><W130/><G130/><T25/><D25/><U54/><E95/><V96/><F96/><N who="0" m="36906" /><D79/><U131/><E131/><V115/><F115/><W29/><G27/><T34/><D34/><U80/><E80/><V57/><AGARI ba="2,0" hai="14,16,21,44,47,57,61,65" m="447,48681" machi="57" ten="30,11700,0" yaku="18,1,52,2,54,1" doraHai="41" who="2" fromWho="2" sc="213,-41,360,-41,187,123,240,-41" /><INIT seed="2,3,0,5,0,32" ten="172,319,310,199" oya="2" hai0="93,132,87,115,95,33,127,77,122,21,74,29,9" hai1="92,102,65,3,133,45,135,130,128,126,8,39,89" hai2="34,59,26,1,125,48,94,20,80,117,23,73,19" hai3="58,66,6,49,47,104,7,12,79,83,18,35,31"/><V134/><F117/><W70/><G70/><T16/><D122/><U13/><E102/><V56/><F125/><W105/><G35/><T114/><D127/><U109/><E126/><V98/><F134/><N who="1" m="51209" /><E109/><V121/><F121/><W81/><G31/><T119/><D132/><U113/><E113/><V82/><F34/><W84/><G104/><T36/><D36/><U111/><E111/><V53/><F73/><W106/><G106/><T99/><D74/><U0/><E65/><V124/><F124/><W5/><G105/><T129/><D119/><U15/><E45/><V71/><F71/><W100/><G100/><T50/><D129/><N who="1" m="49771" /><E39/><V10/><F56/><W118/><G66/><T110/><D110/><U60/><E60/><V69/><F69/><W44/><G118/><T123/><D123/><U97/><E15/><V54/><F54/><W112/><G112/><T107/><D107/><U43/><E43/><V67/><F67/><W103/><G103/><T17/><D115/><U68/><E68/><V96/><F96/><W101/><G101/><T91/><D99/><U30/><E30/><V22/><F98/><W27/><G12/><T41/><D114/><U57/><E57/><V2/><F94/><W86/><G58/><T78/><D95/><U38/><E38/><V75/><F75/><W11/><G49/><T116/><D116/><U72/><E72/><V14/><REACH who="2" step="1"/><F26/><REACH who="2" ten="172,319,300,199" step="2"/><W51/><G27/><T108/><D108/><U28/><E28/><V64/><F64/><W24/><G24/><T42/><D29/><U52/><E52/><V46/><F46/><W63/><G44/><RYUUKYOKU ba="3,1" sc="172,-15,319,15,300,15,199,-15" hai1="0,3,8,13,89,92,97" hai2="1,2,10,14,19,20,22,23,48,53,59,80,82" /><INIT seed="2,4,1,0,4,63" ten="157,334,315,184" oya="2" hai0="106,83,20,66,13,132,5,51,134,21,129,124,41" hai1="118,42,2,60,10,16,56,45,15,35,8,94,117" hai2="29,31,135,33,37,79,87,116,14,123,43,85,23" hai3="59,6,76,98,62,75,26,110,0,91,34,122,64"/><V93/><F123/><W107/><G122/><T119/><D106/><U71/><E35/><V39/><F116/><W99/><G110/><T25/><D119/><U133/><E133/><N who="0" m="51305" /><D129/><U58/><E71/><V24/><F135/><W28/><G91/><T103/><D103/><U72/><E72/><V97/><F43/><W70/><G59/><T44/><D124/><U4/><E94/><V73/><F73/><W125/><G125/><T113/><D113/><U47/><E58/><V74/><F74/><W30/><G30/><N who="0" m="17703" /><D83/><U81/><E81/><V130/><F130/><W27/><G27/><T52/><D66/><U127/><E127/><V114/><F31/><W95/><G95/><T109/><D109/><U1/><E1/><V12/><F114/><W126/><G126/><T120/><D120/><U65/><REACH who="1" step="1"/><E47/><REACH who="1" ten="157,324,315,184" step="2"/><V38/><F33/><W67/><G107/><T121/><D121/><U128/><E128/><V49/><F79/><W86/><G75/><T46/><D46/><U101/><E101/><V9/><F85/><W61/><G86/><T77/><D77/><U112/><E112/><V131/><F87/><W108/><G76/><T82/><D82/><U48/><AGARI ba="4,2" hai="2,4,8,10,15,16,42,45,48,56,60,65,117,118" machi="48" ten="20,8000,1" yaku="1,1,0,1,7,1,52,1,54,1,53,0" doraHai="63" doraHaiUra="102" who="1" fromWho="1" sc="157,-24,324,112,315,-44,184,-24" /><INIT seed="3,0,0,4,4,29" ten="133,436,271,160" oya="3" hai0="48,90,128,111,124,40,27,129,63,98,15,42,43" hai1="18,1,7,21,117,112,97,68,81,109,38,8,101" hai2="125,61,62,86,126,88,2,92,30,87,39,120,69" hai3="37,56,123,107,0,66,73,130,106,108,76,132,91"/><W89/><G0/><T46/><D15/><U51/><E112/><V17/><F2/><W75/><G37/><T74/><D74/><U55/><E38/><V82/><F39/><W59/><G66/><T31/><D111/><U135/><E68/><V4/><F4/><W45/><G45/><T127/><D63/><N who="2" m="24074" /><F69/><W78/><G132/><T95/><D48/><U113/><E113/><V96/><F30/><W44/><G44/><T3/><D46/><U70/><E70/><V103/><F17/><W114/><G130/><N who="0" m="50283" /><D3/><U77/><E109/><V10/><F10/><W94/><G114/><T32/><AGARI ba="0,0" hai="27,31,32,40,42,43,90,95,98,124,127" m="50283" machi="32" ten="40,2700,0" yaku="19,1,52,1" doraHai="29" who="0" fromWho="0" sc="133,27,436,-7,271,-7,160,-13" owari="160,-24.0,429,52.9,264,6.4,147,-35.3" /></mjloggm>