<mjloggm ver="2.3"><GO type="225" lobby="0"/><UN n0="%72%65%6E%6B%75%6E" n1="%4B%2E%32%2E%4B%2E" n2="%E3%83%9D%E3%83%B3%E3%83%9D%E3%82%B3%E5%95%86%E4%BA%8B" n3="%E3%83%AD%E3%83%83%E3%83%86%E9%9B%80%E7%90%83" dan="17,16,16,17" rate="2315.97,2115.25,2101.95,2236.91" sx="M,M,M,M"/><TAIKYOKU oya="0"/><INIT seed="0,0,0,2,5,133" ten="250,250,250,250" oya="0" hai0="82,118,22,109,76,132,34,18,100,98,4,45,25" hai1="129,38,94,30,134,58,77,116,92,60,12,48,106" hai2="117,87,36,6,68,70,16,19,63,83,95,28,74" hai3="20,127,50,33,27,135,7,44,131,128,80,90,89"/><T123/><D123/><U8/><E106/><V41/><F74/><W31/><G135/><T119/><D132/><U88/><E134/><V17/><F117/><W86/><G7/><T110/><D4/><U85/><E38/><V21/><F6/><W49/><G127/><T114/><D34/><U1/><E116/><V108/><F108/><N who="0" m="41578" /><D45/><U51/><E129/><N who="3" m="49738" /><G33/><T112/><D112/><U26/><E94/><V23/><F95/><W2/><G2/><T64/><D64/><N who="1" m="38935" /><E77/><V67/><F70/><W103/><G103/><T73/><D114/><U11/><E11/><V10/><F10/><W69/><G69/><T53/><D53/><U79/><E79/><V46/><REACH who="2" step="1"/><F28/><REACH who="2" ten="250,250,240,250" step="2"/><W96/><G44/><T72/><D73/><U75/><E75/><V13/><F13/><W125/><G125/><T9/><D9/><U115/><E115/><V43/><F43/><W120/><G120/><T14/><D14/><U102/><E1/><V56/><F56/><W113/><G113/><T81/><D82/><U57/><E57/><V97/><F97/><W65/><G96/><T3/><D3/><U124/><E124/><V42/><F42/><W52/><G80/><T54/><D54/><U84/><E84/><V40/><F40/><W39/><G86/><T55/><D55/><U47/><E8/><V99/><F99/><W126/><G52/><T105/><AGARI ba="0,1" hai="18,22,25,72,76,81,98,100,105,118,119" m="41578" machi="105" ten="30,3000,0" yaku="14,1,10,1" doraHai="133" who="0" fromWho="0" sc="250,40,250,-10,240,-10,250,-10" /><INIT seed="0,1,0,3,5,27" ten="290,240,230,240" oya="0" hai0="90,0,109,84,106,28,78,129,72,15,131,34,128" hai1="30,42,70,61,130,114,67,2,111,41,35,47,125" hai2="10,58,69,4,22,18,3,53,63,25,119,124,6" hai3="97,43,14,52,75,116,21,117,89,12,85,80,134"/><T57/><D0/><U32/><E2/><V100/><F124/><W96/><G75/><T44/><D106/><U71/><E125/><V55/><F119/><W50/><G134/><T118/><D118/><U112/><E71/><V19/><F6/><W64/><G117/><T86/><D109/><U93/><E111/><V16/><F69/><W127/><G127/><T66/><D44/><U73/><E73/><V62/><F100/><W113/><G113/><N who="1" m="43626" /><E130/><V132/><F132/><W91/><G116/><T82/><D15/><N who="3" m="5673" /><G43/><N who="1" m="16394" /><E47/><V40/><F40/><W17/><G89/><T8/><D8/><U26/><E93/><V39/><F39/><W87/><G87/><T65/><D57/><AGARI ba="1,0" hai="3,4,10,16,18,19,22,25,53,55,57,58,62,63" machi="57" ten="40,2600,0" yaku="9,1,54,1" doraHai="27" who="2" fromWho="0" sc="290,-29,240,0,230,29,240,0" /><INIT seed="1,0,0,3,5,66" ten="261,240,259,240" oya="1" hai0="3,85,51,47,93,135,22,0,11,133,46,106,83" hai1="129,98,33,30,24,67,113,116,74,62,103,37,81" hai2="20,29,53,7,101,69,105,50,109,125,80,21,73" hai3="107,52,100,72,95,17,60,63,117,15,91,127,61"/><U86/><E113/><V25/><F109/><W126/><G72/><T19/><D106/><U111/><E116/><V40/><F40/><W88/><G117/><T34/><D34/><U77/><E129/><V41/><F41/><W59/><G107/><T8/><D93/><U97/><E111/><V115/><F115/><W13/><G13/><N who="0" m="9583" /><D8/><U18/><E37/><V132/><F7/><W58/><G100/><T28/><D28/><U36/><E36/><V128/><F20/><N who="3" m="11327" /><G91/><N who="0" m="51647" /><D11/><U35/><E35/><V10/><F10/><W90/><G90/><T32/><D32/><U1/><E1/><V119/><F101/><W5/><G5/><T130/><D130/><U16/><E74/><V84/><F105/><W49/><G59/><T48/><D48/><U118/><E118/><V64/><F50/><W76/><G76/><T70/><D70/><U45/><E45/><N who="0" m="16905" /><D51/><U75/><E75/><V43/><F69/><W89/><G89/><T110/><D110/><U14/><E103/><V42/><F73/><W78/><G78/><T55/><D55/><U92/><E92/><V96/><F53/><W79/><G79/><T124/><D124/><N who="3" m="47657" /><G49/><T12/><D12/><U87/><E87/><AGARI ba="0,0" hai="52,58,60,61,63,87,88,95" m="47657,11327" machi="87" ten="30,3900,0" yaku="18,1,54,2" doraHai="66" who="3" fromWho="1" sc="261,0,240,-39,259,0,240,39" /><INIT seed="2,0,0,3,0,134" ten="261,201,259,279" oya="2" hai0="8,46,60,109,14,39,98,112,62,100,59,111,37" hai1="106,116,103,20,123,115,75,119,107,29,31,105,68" hai2="117,25,65,43,89,51,120,61,56,9,4,26,127" hai3="70,90,79,55,15,22,78,18,53,35,131,23,7"/><V92/><F117/><W34/><G70/><T126/><D112/><U91/><E115/><V64/><F120/><W97/><G131/><T88/><D126/><U42/><E123/><V5/><F127/><W69/><G69/><T0/><D0/><U122/><E122/><V94/><F65/><W52/><G7/><N who="2" m="2633" /><F9/><W108/><G108/><N who="0" m="41547" /><D88/><U33/><E75/><V95/><F89/><W93/><REACH who="3" step="1"/><G23/><REACH who="3" ten="261,201,259,269" step="2"/><T63/><D59/><U99/><E68/><V101/><F101/><W11/><G11/><T74/><D46/><AGARI ba="0,1" hai="25,26,43,46,51,56,61,64,92,94,95" m="2633" machi="46" ten="30,1500,0" yaku="8,1" doraHai="134" who="2" fromWho="0" sc="261,-15,201,0,259,25,269,0" /><INIT seed="2,1,0,5,2,103" ten="246,201,284,269" oya="2" hai0="0,99,123,116,54,25,58,3,40,119,115,4,61" hai1="98,120,56,62,93,124,5,86,126,47,11,30,27" hai2="109,74,2,29,97,117,96,55,44,49,102,51,43" hai3="79,112,92,80,90,135,10,17,42,26,36,122,88"/><V127/><F117/><N who="0" m="45130" /><D123/><U18/><E120/><V131/><F2/><W21/><G122/><T20/><D115/><U23/><E86/><V81/><F127/><W83/><G135/><T57/><D40/><U108/><E108/><V73/><F131/><W125/><G125/><T31/><D4/><U111/><E111/><V85/><F29/><W65/><G112/><T14/><D14/><U95/><E47/><V78/><F97/><W113/><G113/><T68/><D68/><U6/><E93/><V84/><F84/><W75/><G80/><T100/><D58/><U87/><E87/><V101/><F101/><W104/><G104/><AGARI ba="1,0" hai="0,3,20,25,31,54,57,61,99,100,104" m="45130" machi="104" ten="30,2000,0" yaku="12,1,52,1" doraHai="103" who="0" fromWho="3" sc="246,23,201,0,284,0,269,-23" /><INIT seed="3,0,0,3,3,83" ten="269,201,284,246" oya="3" hai0="74,28,64,104,65,29,19,34,0,53,73,127,27" hai1="84,115,47,22,92,76,16,56,6,69,33,39,91" hai2="113,79,59,23,118,30,103,98,11,128,60,71,110" hai3="86,101,7,70,78,132,121,109,95,36,123,80,122"/><W119/><G70/><T14/><D0/><U9/><E69/><V77/><F113/><W58/><G36/><T130/><D104/><U63/><E115/><V2/><F118/><W1/><G119/><T50/><D127/><U134/><E33/><V87/><F71/><W81/><G109/><T108/><D29/><U51/><E39/><V37/><F37/><W100/><G132/><T46/><D130/><U68/><E68/><V72/><F72/><N who="3" m="43079" /><G58/><T94/><D108/><U31/><E134/><V105/><F110/><W85/><G7/><T20/><REACH who="0" step="1"/><D94/><REACH who="0" ten="259,201,284,246" step="2"/><U57/><E31/><V21/><F128/><W43/><G1/><T49/><D49/><U114/><E114/><V4/><F30/><W89/><G43/><T25/><D25/><N who="1" m="14535" /><E63/><V3/><F3/><W111/><G111/><T48/><D48/><U126/><E126/><V18/><F2/><W116/><G116/><T52/><D52/><N who="1" m="29823" /><E76/><AGARI ba="0,1" hai="76,81,85,86,89,95,100,101,121,122,123" m="43079" machi="76" ten="30,11600,0" yaku="34,2,52,2" doraHai="83" who="3" fromWho="1" sc="259,0,201,-116,284,0,246,126" owari="259,-14.1,85,-41.5,284,8.4,372,47.2" /></mjloggm>