<mjloggm ver="2.3"><GO type="225" lobby="0"/><UN n0="%E9%80%86%E9%80%A3%E5%B8%AF%E3%81%AE%E9%AC%BC" n1="%6D%75%75%6D%75%72%61" n2="%E5%B8%86%E7%AB%8B%E5%A4%8F%E8%A1%A3" n3="%E3%81%82%E3%81%84%E3%81%82%E3%81%8A%E3%81%84" dan="16,17,16,18" rate="2125.39,2203.22,2100.33,2198.85" sx="M,F,M,M"/><TAIKYOKU oya="0"/><INIT seed="0,0,0,5,0,117" ten="250,250,250,250" oya="0" hai0="127,84,118,101,108,35,62,86,14,134,45,89,52" hai1="19,57,100,11,113,9,71,27,115,130,69,6,132" hai2="39,128,4,21,43,63,42,65,46,98,48,2,18" hai3="40,7,83,126,31,97,105,92,32,80,68,122,73"/><T85/><D118/><U82/><E130/><V66/><F128/><W10/><G105/><T55/><D134/><U38/><E132/><V131/><F131/><W16/><G68/><T81/><D35/><U29/><E38/><V133/><F133/><W44/><G126/><T96/><D108/><U107/><E82/><V56/><F2/><W75/><G83/><T121/><D121/><U78/><E78/><V34/><F34/><W49/><G122/><T22/><D127/><U87/><E87/><V123/><F123/><W58/><G80/><T120/><D120/><U51/><E19/><V99/><F4/><W17/><G58/><T50/><D62/><U13/><E11/><V104/><F104/><W20/><G31/><T90/><D55/><N who="1" m="31999" /><E107/><V60/><F42/><W0/><G32/><T125/><D125/><U91/><E91/><V61/><F39/><W116/><G17/><N who="0" m="10551" /><D90/><U37/><E37/><V36/><F36/><W12/><REACH who="3" step="1"/><G116/><REACH who="3" ten="250,250,250,240" step="2"/><T26/><D81/><U3/><E71/><V5/><F56/><W59/><G59/><T30/><D30/><U95/><E69/><V106/><F106/><W102/><AGARI ba="0,1" hai="0,7,10,12,16,20,40,44,49,73,75,92,97,102" machi="102" ten="20,5200,0" yaku="1,1,0,1,7,1,54,1,53,0" doraHai="117" doraHaiUra="74" who="3" fromWho="3" sc="250,-26,250,-13,250,-13,240,62" /><INIT seed="1,0,0,5,0,72" ten="224,237,237,302" oya="1" hai0="96,17,81,38,93,9,23,117,103,44,67,4,85" hai1="27,88,115,46,121,18,50,107,37,83,30,32,60" hai2="56,61,55,39,79,92,84,57,5,68,49,129,33" hai3="125,80,14,134,63,29,131,25,94,53,76,10,31"/><U87/><E115/><V116/><F129/><W98/><G131/><T99/><D117/><U69/><E121/><V65/><F116/><W135/><G125/><T73/><D73/><U64/><E107/><V104/><F104/><W3/><G3/><T132/><D132/><N who="3" m="50729" /><G53/><T36/><D67/><U21/><E37/><V74/><F33/><W26/><G63/><T102/><D44/><U122/><E122/><V15/><F39/><W127/><G127/><T54/><D54/><U119/><E119/><V110/><F110/><W118/><G118/><T130/><D130/><U133/><E133/><V108/><F108/><W89/><G31/><T111/><D111/><U120/><E120/><V22/><F74/><N who="3" m="43031" /><G29/><T24/><D103/><U42/><REACH who="1" step="1"/><E18/><AGARI ba="0,0" hai="10,14,18,25,26,89,94,98" m="43031,50729" machi="18" ten="30,2000,0" yaku="20,1,52,1" doraHai="72" who="3" fromWho="1" sc="224,0,237,-20,237,0,302,20" /><INIT seed="2,0,0,4,5,3" ten="224,217,237,322" oya="2" hai0="124,60,90,119,23,49,8,19,80,38,47,20,66" hai1="14,118,86,33,111,25,135,82,52,79,16,35,85" hai2="87,26,94,42,67,68,81,40,115,125,75,45,55" hai3="73,102,7,100,69,122,117,71,126,59,22,21,83"/><V88/><F115/><W30/><G117/><T77/><D124/><U5/><E118/><V89/><F125/><W96/><G102/><T41/><D119/><U72/><E111/><V131/><F131/><W9/><G122/><T103/><D103/><U132/><E5/><V108/><F108/><W93/><G126/><T39/><D90/><U114/><E114/><V29/><F68/><W10/><G10/><T57/><D8/><N who="1" m="6215" /><E25/><V76/><F67/><W53/><G22/><T99/><D99/><U91/><E72/><V112/><F112/><W61/><G21/><T109/><D109/><U36/><E36/><V24/><F24/><W84/><G30/><T31/><D31/><U37/><E37/><V44/><F89/><W43/><G43/><T32/><D32/><U127/><E127/><V113/><F113/><W48/><G48/><T121/><D121/><U28/><E28/><V58/><F42/><W98/><G98/><T134/><D23/><U12/><E12/><V107/><F40/><W51/><G51/><T95/><D95/><N who="1" m="54767" /><E52/><V17/><F107/><W74/><G71/><T54/><D39/><U1/><E1/><V46/><F17/><W133/><G69/><N who="0" m="42183" /><D19/><U6/><E6/><V129/><F129/><W104/><G104/><T70/><D20/><U97/><E97/><N who="2" m="57543" /><F75/><W13/><G133/><AGARI ba="0,0" hai="33,35,79,82,86,132,133,135" m="54767,6215" machi="133" ten="30,2000,0" yaku="20,1,54,1" doraHai="3" who="1" fromWho="3" sc="224,0,217,20,237,0,322,-20" /><INIT seed="3,0,0,5,3,49" ten="224,237,237,302" oya="3" hai0="44,89,102,106,0,47,8,11,21,70,73,133,100" hai1="30,98,37,5,24,43,71,123,19,38,14,52,68" hai2="86,67,128,2,121,77,117,108,110,92,81,80,4" hai3="54,57,59,96,72,58,34,27,113,26,16,134,12"/><W135/><G72/><T116/><D116/><U122/><E5/><V91/><F117/><W64/><G113/><T95/><D70/><U23/><E98/><V87/><F128/><W129/><G129/><T90/><D73/><U105/><E105/><V6/><F121/><W120/><G120/><T29/><D106/><U31/><E68/><V20/><F67/><W40/><G40/><T125/><D133/><N who="3" m="50697" /><G96/><T1/><D21/><U3/><E71/><V75/><F20/><W85/><G64/><T97/><D29/><U62/><E3/><V109/><F2/><W17/><G85/><T36/><D125/><U66/><E31/><V84/><F75/><W74/><G74/><T63/><D63/><U18/><E66/><V79/><AGARI ba="0,0" hai="4,6,77,79,80,81,84,86,87,91,92,108,109,110" machi="79" ten="30,4000,0" yaku="0,1,9,1,14,1" doraHai="49" who="2" fromWho="2" sc="224,-10,237,-10,237,40,302,-20" /><INIT seed="4,0,0,1,0,108" ten="214,227,277,282" oya="0" hai0="33,65,48,73,12,47,104,120,69,83,130,98,32" hai1="76,60,97,114,18,74,39,56,94,35,30,36,42" hai2="63,51,129,124,28,17,53,9,21,23,87,134,123" hai3="1,118,26,90,78,38,46,86,85,128,106,117,125"/><T113/><D120/><U22/><E35/><V126/><F123/><W62/><G1/><T8/><D130/><U58/><E74/><V100/><F129/><W115/><G106/><T95/><D104/><U131/><E131/><V116/><F116/><W82/><G128/><T24/><D113/><U59/><E76/><V40/><F134/><W6/><G6/><T45/><D69/><U54/><E30/><V7/><F87/><W66/><G115/><T19/><D65/><U41/><E114/><V52/><F100/><W49/><G26/><T77/><D47/><U109/><E109/><V81/><F81/><W110/><G38/><T15/><D15/><U50/><E39/><V79/><F79/><W102/><G102/><T84/><D73/><U89/><E36/><V72/><F72/><W133/><G133/><T55/><REACH who="0" step="1"/><D24/><REACH who="0" ten="204,227,277,282" step="2"/><N who="1" m="14423" /><E41/><V37/><F40/><W88/><G110/><T135/><D135/><U132/><E132/><V121/><F121/><W71/><G71/><T93/><D93/><U103/><E103/><AGARI ba="0,1" hai="8,12,19,32,33,45,48,55,77,83,84,95,98,103" machi="103" ten="30,2900,0" yaku="1,1,7,1,53,0" doraHai="108" doraHaiUra="107" who="0" fromWho="1" sc="204,39,227,-29,277,0,282,0" /><INIT seed="4,1,0,5,5,16" ten="243,198,277,282" oya="0" hai0="130,131,97,2,4,128,74,55,1,124,34,0,14" hai1="70,32,120,111,45,93,116,12,18,104,78,30,91" hai2="110,101,117,58,28,6,43,85,19,33,90,76,37" hai3="88,75,8,25,103,135,89,69,105,60,123,83,62"/><T44/><D74/><U71/><E116/><V26/><F110/><W133/><G123/><T100/><D124/><U98/><E120/><V47/><F117/><W40/><G40/><T119/><D119/><U39/><E111/><V7/><F101/><W61/><G69/><T49/><D34/><U9/><E104/><V92/><F76/><N who="3" m="44447" /><G25/><T36/><D36/><U118/><E118/><V35/><F35/><W24/><G24/><T99/><REACH who="0" step="1"/><D100/><REACH who="0" ten="233,198,277,282" step="2"/><U125/><E125/><V27/><F33/><W81/><G103/><T20/><D20/><U108/><E108/><V51/><F37/><W107/><G135/><T53/><D53/><U82/><E32/><V15/><F28/><W29/><G29/><T77/><D77/><U13/><E30/><V95/><F43/><W42/><G42/><T127/><D127/><U87/><E39/><V84/><F6/><W11/><G133/><T114/><D114/><U112/><E112/><V66/><F7/><W56/><G89/><T3/><N who="0" m="0" /><DORA hai="129" /><T72/><D72/><U50/><REACH who="1" step="1"/><E12/><REACH who="1" ten="233,188,277,282" step="2"/><V54/><F15/><W38/><G38/><T48/><D48/><U52/><AGARI ba="1,2" hai="9,13,18,45,50,52,70,71,78,82,87,91,93,98" machi="52" ten="20,8000,1" yaku="1,1,2,1,0,1,7,1,54,1,53,0" doraHai="16,129" doraHaiUra="59,121" who="1" fromWho="1" sc="233,-41,188,103,277,-21,282,-21" /><INIT seed="5,0,0,1,1,54" ten="192,291,256,261" oya="1" hai0="123,81,91,121,128,63,28,33,133,111,99,125,126" hai1="97,115,96,1,7,47,52,2,42,71,116,73,122" hai2="129,16,66,57,18,72,37,85,117,17,100,44,35" hai3="6,102,135,13,92,118,29,76,43,53,103,25,58"/><U38/><E116/><V112/><F117/><W127/><G118/><T32/><D111/><U62/><E122/><N who="0" m="46601" /><D133/><U120/><E120/><V88/><F72/><W124/><G135/><T24/><D128/><U56/><E73/><V49/><F35/><W89/><G76/><T40/><D33/><U3/><E115/><V60/><F129/><W19/><G6/><T77/><D40/><U14/><E71/><V5/><F112/><W105/><G43/><T39/><D39/><U83/><E83/><N who="2" m="49215" /><F37/><W107/><G105/><T68/><D99/><U0/><N who="1" m="0" /><DORA hai="64" /><U65/><E65/><V113/><F113/><W34/><G107/><T90/><D68/><U20/><E20/><V75/><F75/><W95/><G95/><T45/><D45/><U78/><E78/><V74/><F74/><W48/><G127/><N who="0" m="48651" /><D63/><U114/><E114/><V104/><F104/><W79/><G124/><T98/><D98/><U36/><E38/><V131/><F131/><W22/><G79/><T12/><D12/><U50/><E36/><V94/><F94/><W8/><G34/><T55/><D55/><U59/><E59/><V26/><F100/><W110/><G110/><T9/><D9/><U10/><AGARI ba="0,0" hai="7,10,14,42,47,50,52,56,62,96,97" m="0" machi="10" ten="60,11700,0" yaku="0,1,52,1,54,1" doraHai="54,64" who="1" fromWho="1" sc="192,-39,291,117,256,-39,261,-39" owari="153,-34.7,408,50.8,217,-18.3,222,2.2" /></mjloggm>