<mjloggm ver="2.3"><GO type="225" lobby="0"/><UN n0="%E3%81%B5%E3%81%98%E3%81%8B%E3%81%A4" n1="%E3%83%A9%E3%83%BC%E3%83%A1%E3%83%B3%E4%BA%94%E9%83%8E" n2="%E3%81%A9%E3%82%8F%E3%82%93%E3%81%94" n3="%E3%81%A8%E3%82%93%E3%81%A8%E3%81%93%E3%81%A8%E3%82%93" dan="16,16,16,16" rate="2199.41,2066.11,2107.58,2118.64" sx="M,M,M,F"/><TAIKYOKU oya="0"/><INIT seed="0,0,0,3,0,75" ten="250,250,250,250" oya="0" hai0="126,73,131,87,9,5,40,119,96,38,86,133,99" hai1="118,22,52,1,72,16,58,27,0,4,17,37,56" hai2="85,114,36,102,125,79,90,26,105,112,41,10,45" hai3="121,48,127,110,81,47,76,113,98,66,6,49,94"/><T103/><D119/><U128/><E118/><V92/><F125/><W18/><G113/><T61/><D126/><U70/><E70/><V13/><F26/><W84/><G127/><T8/><D133/><U7/><E37/><V28/><F28/><W82/><G110/><T111/><D131/><U68/><E68/><V59/><F59/><W130/><G130/><T2/><D111/><U106/><E128/><V115/><F105/><W12/><G121/><T63/><D73/><U46/><E106/><V93/><F102/><W91/><G6/><T20/><D9/><U100/><E100/><V30/><F30/><W89/><G66/><T124/><D124/><U104/><E104/><V78/><REACH who="2" step="1"/><F93/><REACH who="2" ten="250,250,240,250" step="2"/><W71/><G71/><T83/><D103/><U11/><E58/><V55/><F55/><W109/><G109/><T129/><D129/><U135/><E56/><V25/><F25/><W19/><G47/><T42/><D63/><U77/><E52/><V62/><F62/><W15/><G15/><N who="0" m="5519" /><D61/><U101/><E101/><V107/><F107/><W60/><G60/><T29/><D2/><U23/><E46/><V57/><F57/><W74/><REACH who="3" step="1"/><G19/><AGARI ba="0,1" hai="10,13,19,36,41,45,78,79,85,90,92,112,114,115" machi="19" ten="40,5200,0" yaku="1,1,52,2,53,0" doraHai="75" doraHaiUra="123" who="2" fromWho="3" sc="250,0,250,0,240,62,250,-52" /><INIT seed="1,0,0,0,3,9" ten="250,250,302,198" oya="1" hai0="132,104,109,69,56,28,48,110,13,71,70,98,111" hai1="5,63,75,14,29,4,32,85,22,117,6,121,7" hai2="36,30,89,78,49,0,12,100,123,127,1,99,33" hai3="120,73,50,41,16,25,23,130,80,97,90,101,126"/><U102/><E75/><V11/><F89/><W8/><G120/><T17/><D132/><U135/><E117/><V62/><F49/><W34/><G126/><T106/><D28/><U92/><E121/><V129/><F62/><W118/><G130/><T35/><D35/><U20/><E135/><V43/><F78/><W68/><G68/><T53/><REACH who="0" step="1"/><D98/><REACH who="0" ten="240,250,302,198" step="2"/><N who="1" m="59719" /><E32/><V57/><F30/><W61/><G34/><T103/><D103/><U113/><E29/><V95/><F33/><W125/><G101/><T74/><D74/><U116/><E116/><V38/><F123/><W133/><G73/><T81/><D81/><U122/><E122/><V91/><F129/><W67/><G97/><T58/><D58/><U79/><E113/><V112/><F112/><W39/><G118/><T59/><D59/><U88/><E85/><V77/><F57/><W108/><G133/><T54/><D54/><U115/><E115/><V21/><F99/><W55/><G55/><T96/><D96/><U31/><E31/><V66/><F100/><W46/><G125/><T18/><D18/><N who="1" m="10327" /><E4/><V3/><F127/><W107/><G107/><T19/><D19/><U42/><E5/><V40/><F1/><W86/><G108/><T51/><D51/><U27/><E6/><V83/><F0/><W37/><G8/><AGARI ba="0,1" hai="8,13,17,48,53,56,69,70,71,104,106,109,110,111" machi="8" ten="50,6400,0" yaku="1,1,14,1,52,1,53,0" doraHai="9" doraHaiUra="131" who="0" fromWho="3" sc="240,74,250,0,302,0,198,-64" /><INIT seed="2,0,0,4,3,73" ten="314,250,302,134" oya="2" hai0="112,121,15,26,78,28,30,42,81,104,39,18,93" hai1="33,75,45,8,56,55,53,31,114,4,9,83,99" hai2="17,115,105,90,49,24,13,54,1,110,124,68,47" hai3="67,61,2,6,7,71,20,72,14,59,57,79,74"/><V35/><F115/><W84/><G2/><T135/><D121/><U70/><E70/><V0/><F68/><W5/><G71/><T130/><D112/><U85/><E114/><V11/><F105/><W129/><G129/><T134/><D104/><U108/><E75/><V50/><F124/><W16/><REACH who="3" step="1"/><G59/><REACH who="3" ten="314,250,302,124" step="2"/><T131/><D130/><U109/><E56/><V117/><F1/><W126/><G126/><T102/><D131/><U27/><E109/><V52/><F110/><W34/><G34/><T100/><D134/><U113/><E108/><V94/><F0/><W97/><G97/><T64/><D135/><U32/><E113/><V66/><F117/><W29/><G29/><T101/><D30/><U133/><E133/><V127/><F127/><W63/><G63/><T44/><D28/><U106/><E33/><V92/><F35/><W43/><G43/><T25/><D42/><U125/><E125/><V69/><F69/><W91/><G91/><T23/><D102/><U21/><E32/><V95/><F90/><W46/><G46/><T37/><D44/><U12/><E45/><V77/><F47/><W111/><G111/><T120/><D101/><U128/><E128/><V88/><F88/><W119/><G119/><T58/><D100/><U3/><E99/><V96/><F96/><W10/><G10/><T87/><D58/><U123/><E9/><V122/><F11/><W116/><G116/><T51/><D120/><U40/><E123/><V41/><F41/><W80/><AGARI ba="0,1" hai="5,6,7,14,16,20,57,61,67,72,74,79,80,84" machi="80" ten="30,12000,2" yaku="1,1,0,1,52,1,54,1,53,2" doraHai="73" doraHaiUra="107" who="3" fromWho="3" sc="314,-30,250,-30,302,-60,124,130" /><INIT seed="3,0,0,5,0,106" ten="284,220,242,254" oya="3" hai0="59,17,48,38,8,58,16,70,128,1,30,7,74" hai1="92,62,130,122,60,73,121,78,61,41,39,84,113" hai2="56,6,89,57,119,83,71,33,15,10,75,29,50" hai3="105,97,134,129,131,53,36,32,80,67,104,0,21"/><W100/><G32/><T44/><D128/><U76/><E113/><V66/><F119/><W102/><G134/><T98/><D70/><U109/><E130/><V111/><F111/><W95/><G0/><T87/><D38/><U135/><E109/><V79/><F50/><W25/><G36/><T19/><D74/><U54/><E135/><V40/><F40/><W65/><G53/><T91/><D98/><U55/><E41/><V42/><F42/><W103/><G80/><T81/><REACH who="0" step="1"/><D30/><REACH who="0" ten="274,220,242,254" step="2"/><U22/><E39/><V27/><F71/><W69/><G69/><T24/><D24/><U133/><E133/><V115/><F27/><W132/><G132/><T110/><D110/><U68/><E68/><V112/><F29/><W46/><G129/><T11/><D11/><U34/><E73/><V125/><F115/><W45/><G131/><T94/><D94/><U14/><E121/><V72/><F112/><W5/><G105/><T13/><D13/><U26/><E122/><V88/><F75/><W37/><G104/><T43/><AGARI ba="0,1" hai="1,7,8,16,17,19,43,44,48,58,59,81,87,91" machi="43" ten="30,7900,0" yaku="1,1,0,1,54,1,53,1" doraHai="106" doraHaiUra="82" who="0" fromWho="0" sc="274,89,220,-20,242,-20,254,-39" owari="363,46.3,200,-30.0,222,2.2,215,-18.5" /></mjloggm>