<mjloggm ver="2.3"><GO type="225" lobby="0"/><UN n0="%E3%81%A4%E3%81%A3%E3%81%B1%E3%82%8A%E3%83%9D%E3%83%BC%E3%83%AB" n1="%61%6D%65%6B%69" n2="%41%6F%54" n3="%E3%80%93%E3%81%97%E3%83%BC%E3%82%89%E3%80%93" dan="17,16,16,16" rate="2227.80,2085.81,2071.33,2178.79" sx="M,M,M,M"/><TAIKYOKU oya="0"/><INIT seed="0,0,0,3,1,98" ten="250,250,250,250" oya="0" hai0="46,82,19,16,92,26,67,54,128,89,129,27,71" hai1="116,69,2,41,64,57,49,56,85,68,94,107,34" hai2="5,72,74,48,101,9,11,91,4,113,24,33,134" hai3="81,43,21,135,44,78,38,65,131,111,53,22,93"/><T50/><D82/><U127/><E34/><V100/><F113/><W55/><G111/><T126/><D126/><U42/><E2/><V8/><F134/><W95/><G135/><T6/><D6/><U73/><E107/><V121/><F121/><W62/><G131/><N who="0" m="50251" /><D67/><U108/><E73/><V88/><F9/><W7/><G7/><T47/><D71/><U109/><E85/><V118/><F48/><W106/><G106/><T86/><D47/><U58/><E94/><V119/><F24/><AGARI ba="0,0" hai="16,19,24,26,27,46,50,54,86,89,92" m="50251" machi="24" ten="30,2900,0" yaku="19,1,54,1" doraHai="98" who="0" fromWho="2" sc="250,29,250,0,250,-29,250,0" /><INIT seed="0,1,0,5,3,37" ten="279,250,221,250" oya="0" hai0="103,105,49,63,41,119,117,57,76,111,2,109,115" hai1="126,26,75,3,118,5,15,39,79,91,116,14,90" hai2="28,68,50,59,125,25,64,24,120,85,93,36,82" hai3="99,72,13,123,66,20,23,56,22,121,54,74,129"/><T51/><D2/><U128/><E128/><V45/><F120/><N who="3" m="46155" /><G129/><T134/><D115/><U35/><E126/><V43/><F125/><W70/><G70/><T81/><D134/><U95/><E3/><V8/><F93/><W73/><G66/><T92/><D105/><U58/><E39/><V107/><F107/><W17/><G99/><N who="0" m="59879" /><D41/><U96/><E75/><N who="3" m="19202" /><W80/><DORA hai="52" /><G80/><T38/><D38/><U83/><E79/><V102/><F102/><W61/><AGARI ba="1,0" hai="13,17,20,22,23,54,56,61" m="19202,46155" machi="61" ten="50,3200,0" yaku="13,1,52,1" doraHai="37,52" who="3" fromWho="3" sc="279,-17,250,-9,221,-9,250,35" /><INIT seed="1,0,0,4,3,23" ten="262,241,212,285" oya="1" hai0="71,133,86,126,111,128,135,8,94,66,40,113,78" hai1="109,129,119,34,39,15,120,98,118,121,69,7,127" hai2="33,52,50,123,21,32,76,90,83,56,1,30,19" hai3="80,73,24,64,0,112,91,20,63,79,22,124,89"/><U2/><RYUUKYOKU type="yao9" ba="0,0" sc="262,0,241,0,212,0,285,0" hai1="2,7,15,34,39,69,98,109,118,119,120,121,127,129" /><INIT seed="1,1,0,0,5,80" ten="262,241,212,285" oya="1" hai0="96,129,54,101,28,124,33,18,108,93,50,55,100" hai1="134,105,39,131,76,98,57,15,5,9,74,4,35" hai2="94,99,107,44,42,6,117,120,38,60,1,29,19" hai3="34,66,43,8,69,2,25,14,83,36,52,47,106"/><U24/><E39/><V110/><F117/><W20/><G106/><T125/><D108/><U17/><E131/><V116/><F116/><W86/><G34/><T118/><D118/><U75/><E134/><V111/><F120/><W63/><G2/><T115/><D115/><U126/><E126/><N who="0" m="48745" /><D129/><U37/><E37/><V40/><F40/><W77/><G52/><N who="0" m="20011" /><D50/><U109/><E109/><N who="2" m="41483" /><F107/><W3/><G3/><T22/><D28/><U41/><E41/><V92/><F29/><W89/><G77/><T49/><D49/><U104/><E57/><V102/><F60/><W123/><G123/><T87/><D87/><U27/><E76/><V0/><F6/><W119/><G119/><T13/><D33/><U30/><E105/><V112/><F112/><W79/><G79/><T16/><D18/><U21/><REACH who="1" step="1"/><E5/><REACH who="1" ten="262,231,212,285" step="2"/><V7/><F7/><W113/><G113/><T70/><D70/><U51/><E51/><V64/><F38/><W133/><G133/><T58/><D58/><U62/><E62/><V95/><F44/><W32/><G47/><T31/><D31/><U121/><E121/><V11/><F42/><W72/><G43/><T88/><AGARI ba="1,1" hai="13,16,22,88,93,96,100,101" m="20011,48745" machi="88" ten="30,7900,0" yaku="18,1,54,3" doraHai="80" who="0" fromWho="0" sc="262,92,231,-40,212,-21,285,-21" /><INIT seed="2,0,0,1,2,130" ten="354,191,191,264" oya="2" hai0="127,73,48,44,118,52,45,5,64,11,43,0,115" hai1="58,27,103,97,33,26,83,109,20,85,18,3,75" hai2="123,88,133,78,105,76,19,68,128,93,21,66,39" hai3="70,94,62,9,23,4,1,102,36,107,47,111,79"/><V16/><F123/><W96/><G111/><T84/><D115/><U124/><E109/><V101/><F39/><W17/><G79/><T100/><D73/><U6/><E124/><V12/><F128/><W32/><G32/><T55/><D127/><U80/><E3/><V90/><F105/><W15/><G107/><T132/><D118/><U92/><E6/><V77/><F133/><W121/><G121/><T112/><D132/><U106/><E58/><V42/><F42/><W8/><G36/><T125/><D125/><U69/><E69/><V53/><F53/><W22/><REACH who="3" step="1"/><G47/><REACH who="3" ten="354,191,191,254" step="2"/><T67/><D44/><U60/><E33/><V71/><F66/><AGARI ba="0,1" hai="1,4,8,9,15,17,22,23,62,66,70,94,96,102" machi="66" ten="40,5200,0" yaku="1,1,2,1,53,1" doraHai="130" doraHaiUra="56" who="3" fromWho="2" sc="354,0,191,0,191,-52,254,62" /><INIT seed="3,0,0,1,2,7" ten="354,191,139,316" oya="3" hai0="135,93,51,129,46,68,119,85,120,4,42,99,16" hai1="37,6,25,1,82,32,125,14,127,80,55,71,78" hai2="47,27,3,5,90,131,45,36,21,77,44,110,111" hai3="79,33,10,19,113,112,109,115,123,95,11,97,116"/><W62/><G33/><T18/><D68/><U87/><E71/><V121/><F36/><W56/><G116/><T67/><D120/><U40/><E14/><V28/><F121/><W133/><G123/><T81/><D119/><U49/><E32/><V92/><F77/><W132/><G79/><N who="0" m="46271" /><D135/><N who="3" m="51785" /><G19/><N who="0" m="7211" /><D129/><U102/><E102/><V59/><F59/><W2/><G109/><T22/><D4/><U23/><E82/><V35/><F35/><W29/><G29/><T65/><D22/><U57/><E6/><V107/><F107/><W108/><G2/><T91/><AGARI ba="0,0" hai="42,46,51,65,67,91,93,99" m="7211,46271" machi="91" ten="30,2000,0" yaku="8,1,54,1" doraHai="7" who="0" fromWho="0" sc="354,20,191,-5,139,-5,316,-10" owari="374,47.4,186,-21.4,134,-36.6,306,10.6" /></mjloggm>