<mjloggm ver="2.3"><GO type="225" lobby="0"/><UN n0="%E6%A0%B9%E5%85%83%E3%81%8B%E3%82%89%E5%90%B9%E3%81%A3%E9%A3%9B%E3%81%B6" n1="%E7%B4%94%E6%BD%94%E3%83%94%E3%83%A9%E3%83%8B%E3%82%A2" n2="%6D%75%75%73%61%6E%6D%75" n3="%4C%4F%4C%49%54%41" dan="17,17,16,16" rate="2121.16,2191.54,2109.42,2210.56" sx="F,M,F,F"/><TAIKYOKU oya="0"/><INIT seed="0,0,0,5,0,128" ten="250,250,250,250" oya="0" hai0="57,83,73,31,65,24,38,130,44,103,122,33,32" hai1="72,19,45,46,113,95,13,34,18,17,112,80,11" hai2="114,15,76,107,109,3,1,61,39,79,22,127,27" hai3="93,77,16,40,106,25,84,58,125,85,62,101,8"/><T23/><D122/><U53/><E34/><V70/><F39/><W48/><G106/><T78/><D130/><U123/><E123/><V12/><F107/><W47/><G125/><T111/><D111/><U36/><E95/><V108/><F127/><W7/><G77/><T118/><D118/><U96/><E96/><V66/><F114/><N who="1" m="44137" /><E53/><V60/><F66/><W134/><G134/><T110/><D110/><U82/><E72/><V26/><REACH who="2" step="1"/><F22/><REACH who="2" ten="250,250,240,250" step="2"/><N who="3" m="13511" /><G8/><T89/><D33/><U55/><E36/><V51/><F51/><W67/><G7/><T49/><D32/><U42/><E42/><V30/><F30/><W117/><G117/><T124/><D38/><U119/><E55/><V86/><F86/><W5/><G5/><T20/><D124/><U6/><E119/><V71/><AGARI ba="0,1" hai="1,3,12,15,26,27,60,61,70,71,76,79,108,109" machi="71" ten="25,6400,0" yaku="1,1,0,1,22,2,53,0" doraHai="128" doraHaiUra="135" who="2" fromWho="2" sc="250,-32,250,-16,240,74,250,-16" /><INIT seed="1,0,0,3,4,95" ten="218,234,314,234" oya="1" hai0="20,126,113,49,82,117,14,109,10,55,114,99,79" hai1="96,84,120,75,27,129,71,34,83,110,24,125,23" hai2="54,56,52,92,38,44,70,88,131,77,66,53,118" hai3="65,45,89,133,123,106,112,39,37,67,61,41,116"/><U2/><E120/><V0/><F0/><W42/><G106/><T15/><D117/><U29/><E71/><V11/><F118/><W51/><G116/><T46/><D109/><U81/><E2/><V68/><F131/><W80/><G80/><T31/><D126/><U63/><E125/><V57/><F77/><W47/><G89/><T69/><D69/><U13/><E129/><V6/><F68/><N who="3" m="42031" /><G112/><T91/><D114/><U97/><E110/><V119/><F119/><W33/><G33/><T90/><D113/><U93/><E63/><N who="2" m="38247" /><F70/><W132/><G67/><T98/><D79/><U76/><E93/><V86/><F38/><N who="3" m="21687" /><G123/><T28/><D15/><U78/><REACH who="1" step="1"/><E13/><REACH who="1" ten="218,224,314,234" step="2"/><N who="2" m="5367" /><F44/><W108/><G108/><T32/><D46/><U30/><AGARI ba="0,1" hai="23,24,27,29,30,34,75,76,78,81,83,84,96,97" machi="30" ten="20,12000,1" yaku="1,1,0,1,7,1,52,2,53,0" doraHai="95" doraHaiUra="134" who="1" fromWho="1" sc="218,-40,224,130,314,-40,234,-40" /><INIT seed="1,1,0,1,5,81" ten="178,354,274,194" oya="1" hai0="58,26,12,116,39,100,80,110,54,8,47,36,18" hai1="78,76,30,82,13,27,22,65,11,119,44,135,4" hai2="89,51,37,133,66,94,120,73,129,62,49,35,79" hai3="96,57,19,128,67,20,68,41,125,7,61,97,72"/><U101/><E119/><V63/><F120/><W134/><G72/><T43/><D116/><U75/><E135/><V124/><F37/><W21/><G134/><T2/><D110/><U91/><E101/><V14/><F133/><W92/><G128/><T131/><D131/><U114/><E114/><V90/><F129/><W69/><G125/><T6/><D100/><U1/><E65/><V5/><F35/><W48/><G7/><T59/><D39/><U33/><E78/><V87/><F124/><W31/><G21/><T52/><D26/><U113/><E113/><V28/><F73/><W83/><G83/><T123/><D123/><U17/><E91/><V118/><F118/><W0/><G0/><T117/><D117/><U108/><REACH who="1" step="1"/><E44/><REACH who="1" ten="178,344,274,194" step="2"/><V23/><F79/><W38/><G67/><T29/><D59/><U104/><E104/><V115/><F115/><W132/><G132/><T24/><D58/><U42/><E42/><V106/><F106/><W77/><G77/><T40/><D43/><U107/><E107/><V16/><F66/><W102/><G41/><T84/><D47/><U3/><E3/><V64/><F64/><W45/><G45/><T86/><D40/><U88/><E88/><V10/><F89/><W93/><G57/><T71/><D36/><U60/><E60/><N who="2" m="23083" /><F28/><W111/><G31/><T103/><D103/><U122/><E122/><V130/><F130/><W109/><G38/><T95/><D2/><U127/><E127/><V85/><F85/><W121/><G121/><T70/><D86/><U53/><E53/><N who="0" m="20585" /><D84/><U99/><E99/><N who="3" m="37962" /><G102/><T105/><D29/><RYUUKYOKU ba="1,1" sc="178,-15,344,15,274,15,194,-15" hai1="1,4,11,13,17,22,27,30,33,75,76,82,108" hai2="5,10,14,16,23,49,51,87,90,94" /><INIT seed="1,2,1,2,4,39" ten="163,359,289,179" oya="1" hai0="125,51,1,122,91,130,74,77,75,63,8,54,36" hai1="10,15,94,85,135,58,113,120,129,121,57,119,40" hai2="96,41,50,29,76,66,34,126,13,59,43,56,72" hai3="124,38,71,22,68,25,87,35,133,86,81,97,17"/><U78/><E113/><V28/><F72/><W107/><G133/><T95/><D36/><U14/><E119/><V5/><F126/><W48/><G38/><T105/><D125/><U64/><E135/><V24/><F76/><W118/><G124/><T80/><D130/><U106/><E106/><V65/><F96/><W84/><G118/><T32/><D122/><U114/><E114/><V70/><F70/><W101/><G35/><T134/><D134/><U100/><E129/><V21/><F34/><W11/><G81/><T82/><D105/><U9/><E64/><N who="2" m="24683" /><F29/><W88/><G48/><T47/><D32/><U31/><E31/><V123/><F123/><W19/><G88/><T4/><D63/><U30/><E30/><V83/><F83/><W111/><G111/><T18/><D18/><U53/><E78/><V37/><F37/><W3/><REACH who="3" step="1"/><G19/><REACH who="3" ten="163,359,289,169" step="2"/><T23/><D82/><U112/><E112/><V7/><F50/><W99/><G99/><T117/><D117/><U79/><E79/><V132/><F132/><W131/><G131/><T110/><D75/><U109/><E85/><V44/><F44/><W93/><G93/><T128/><D128/><U26/><E94/><V73/><F73/><W0/><G0/><T16/><D110/><U12/><E109/><V90/><F90/><W45/><G45/><T62/><D62/><U104/><E121/><V33/><F33/><W55/><G55/><T92/><D91/><U61/><E104/><V108/><F108/><W116/><G116/><T6/><D6/><AGARI ba="2,2" hai="3,6,11,17,22,25,68,71,84,86,87,97,101,107" machi="6" ten="40,2600,0" yaku="1,1,53,1" doraHai="39" doraHaiUra="103" who="3" fromWho="0" sc="163,-32,359,0,289,0,169,52" /><INIT seed="2,0,0,2,3,47" ten="131,359,289,221" oya="2" hai0="132,5,43,72,56,95,51,79,9,117,133,129,55" hai1="76,92,31,13,124,83,20,130,118,65,39,90,58" hai2="3,53,80,57,10,81,60,46,102,135,119,32,35" hai3="98,33,14,50,93,52,116,7,62,106,128,15,131"/><V70/><F119/><W71/><G106/><T21/><D117/><U68/><E39/><V75/><F135/><W67/><G33/><T2/><D129/><N who="3" m="49737" /><G7/><T123/><D123/><U17/><E68/><V111/><F70/><W12/><G116/><T64/><D64/><U91/><E124/><V78/><F111/><W45/><G12/><T73/><D43/><U103/><E31/><V112/><F112/><W113/><G113/><T126/><D126/><U84/><E130/><V66/><F102/><AGARI ba="0,0" hai="14,15,45,50,52,62,67,71,93,98,102" m="49737" machi="102" ten="30,3900,0" yaku="19,1,52,1,54,1" doraHai="47" who="3" fromWho="2" sc="131,0,359,0,289,-39,221,39" /><INIT seed="3,0,0,4,2,107" ten="131,359,250,260" oya="3" hai0="125,100,99,35,53,78,110,5,16,31,114,66,79" hai1="23,55,13,17,92,87,24,106,73,32,133,95,71" hai2="12,131,34,98,41,44,40,124,47,30,20,80,54" hai3="61,83,6,59,29,9,132,60,129,19,127,65,84"/><W82/><G129/><T108/><D5/><U75/><E106/><V102/><F34/><W10/><G132/><T109/><D125/><U64/><E133/><V38/><F124/><W3/><G127/><T103/><D114/><U69/><E55/><V72/><F131/><W135/><G135/><T4/><D4/><U50/><E50/><V48/><F12/><W15/><G29/><T113/><D113/><U7/><E87/><V111/><F111/><W58/><REACH who="3" step="1"/><G84/><REACH who="3" ten="131,359,250,250" step="2"/><T28/><D66/><AGARI ba="0,1" hai="3,6,9,10,15,19,58,59,60,61,65,66,82,83" machi="66" ten="30,11600,0" yaku="1,1,2,1,7,1,9,1,53,0" doraHai="107" doraHaiUra="88" who="3" fromWho="0" sc="131,-116,359,0,250,0,250,126" owari="15,-48.5,359,15.9,250,-15.0,376,47.6" /></mjloggm>