<mjloggm ver="2.3"><GO type="225" lobby="0"/><UN n0="%E8%83%83%E3%81%A8%E8%85%B8" n1="%E3%81%B5%E3%81%98%E3%81%8B%E3%81%A4" n2="%E3%82%BC%E3%83%AB%E3%83%80%E3%81%AE%E4%BC%9D%E8%AA%AC" n3="%E3%83%B4%E3%83%A0%EF%BC%99%E3%81%A6" dan="16,16,18,16" rate="2164.71,2183.50,2194.59,2120.79" sx="M,M,M,M"/><TAIKYOKU oya="0"/><INIT seed="0,0,0,3,2,94" ten="250,250,250,250" oya="0" hai0="85,89,6,8,45,46,81,101,16,36,34,13,55" hai1="103,74,90,14,41,68,112,114,117,1,52,111,123" hai2="92,59,88,125,5,126,84,64,7,110,115,131,18" hai3="2,4,12,63,78,96,21,25,42,50,77,75,118"/><T33/><D101/><U15/><E1/><V87/><F115/><N who="1" m="44073" /><E74/><V97/><F110/><W93/><G118/><T116/><D116/><U44/><E68/><V51/><F131/><W127/><G2/><T39/><D6/><N who="2" m="2058" /><F18/><W11/><G63/><T133/><D133/><U0/><E117/><V58/><F64/><W69/><G69/><T27/><D27/><U22/><E0/><V76/><F76/><W119/><G127/><N who="2" m="48649" /><F51/><W54/><G42/><N who="0" m="22727" /><D39/><U9/><E111/><V28/><F28/><N who="3" m="17455" /><G75/><T29/><D29/><U122/><E90/><N who="2" m="55447" /><F87/><W20/><G119/><T91/><D91/><U124/><E124/><V107/><F107/><W17/><G77/><T121/><D121/><U24/><E103/><V66/><F66/><W40/><G78/><T67/><D67/><U38/><E15/><V31/><F31/><W32/><G40/><T65/><D65/><U48/><E41/><V72/><F72/><W80/><G4/><T106/><D106/><U70/><E38/><V104/><F104/><W26/><G17/><T132/><D132/><U99/><E70/><V53/><F53/><W10/><G12/><T19/><D19/><N who="1" m="12383" /><E122/><V79/><F79/><W113/><G113/><T134/><D134/><U56/><E123/><V86/><F86/><W100/><G100/><T102/><D102/><U35/><E35/><V135/><F135/><W129/><G32/><T128/><D128/><U120/><E120/><V61/><F61/><W30/><G129/><T95/><D95/><AGARI ba="0,0" hai="58,59,84,88,95" m="55447,48649,2058" machi="95" ten="30,3900,0" yaku="18,1,52,1,54,1" doraHai="94" who="2" fromWho="0" sc="250,-39,250,0,250,39,250,0" /><INIT seed="1,0,0,0,0,47" ten="211,250,289,250" oya="1" hai0="35,32,102,108,49,9,41,34,83,7,59,81,104" hai1="93,117,103,126,65,3,71,132,17,28,39,94,109" hai2="122,79,55,111,134,10,42,85,98,38,56,40,61" hai3="16,90,78,80,19,114,30,33,12,105,119,72,29"/><U15/><E117/><V52/><F122/><W101/><G114/><T129/><D108/><U95/><E126/><V118/><F118/><W46/><G119/><T8/><D129/><U89/><E3/><V24/><F111/><W113/><G113/><T106/><D102/><U18/><E109/><V120/><F120/><W84/><G33/><T27/><D27/><U127/><E127/><V20/><F134/><W135/><G135/><T131/><D131/><U125/><E125/><V58/><F38/><W2/><G2/><T54/><D41/><U66/><E39/><V76/><F10/><W82/><G19/><T0/><REACH who="0" step="1"/><D8/><REACH who="0" ten="201,250,289,250" step="2"/><U87/><E132/><V36/><F36/><W11/><G101/><T21/><D21/><U74/><E103/><V1/><F42/><W124/><G124/><T77/><D77/><U88/><E28/><V63/><F40/><W6/><G105/><AGARI ba="0,1" hai="0,7,9,32,34,35,49,54,59,81,83,104,105,106" machi="105" ten="50,3200,0" yaku="1,1,52,1,53,0" doraHai="47" doraHaiUra="60" who="0" fromWho="3" sc="201,42,250,0,289,0,250,-32" /><INIT seed="2,0,0,1,5,118" ten="243,250,289,218" oya="2" hai0="28,123,6,117,112,54,89,66,33,74,50,87,78" hai1="12,43,21,127,81,90,22,111,44,48,129,2,45" hai2="128,131,7,103,135,126,99,67,73,59,93,3,104" hai3="26,8,31,107,85,102,76,40,120,15,77,1,39"/><V55/><F73/><W83/><G1/><T9/><D112/><U20/><E2/><V29/><F126/><W32/><G76/><T94/><D117/><U60/><E127/><V17/><F135/><W72/><G85/><T49/><D66/><U64/><E129/><N who="2" m="49739" /><F29/><W61/><G61/><T47/><D74/><U82/><E111/><V46/><F17/><W116/><G116/><T36/><D36/><U14/><E90/><V79/><F79/><W65/><G65/><T13/><D78/><U62/><E45/><V124/><F124/><W71/><G71/><T95/><D33/><U115/><E115/><V30/><F30/><W113/><G113/><T75/><D28/><U58/><REACH who="1" step="1"/><E62/><REACH who="1" ten="243,240,289,218" step="2"/><V86/><F46/><W97/><G39/><T91/><D91/><U57/><E57/><V119/><F59/><W4/><REACH who="3" step="1"/><G40/><REACH who="3" ten="243,240,289,208" step="2"/><T23/><D75/><U68/><E68/><V134/><F3/><W69/><G69/><T133/><D133/><U130/><E130/><V38/><F134/><W108/><G108/><T35/><D87/><U88/><E88/><V125/><F86/><W110/><G110/><T27/><D89/><U96/><E96/><V34/><F99/><W80/><G80/><AGARI ba="0,2" hai="12,14,20,21,22,43,44,48,58,60,64,80,81,82" machi="80" ten="40,5200,0" yaku="1,1,8,1,53,1" doraHai="118" doraHaiUra="42" who="1" fromWho="3" sc="243,0,240,72,289,0,208,-52" /><INIT seed="3,0,0,1,4,91" ten="243,312,289,156" oya="3" hai0="61,33,82,57,98,16,35,40,85,14,13,60,90" hai1="95,74,135,131,5,106,92,105,24,64,77,6,94" hai2="110,120,96,56,41,101,9,29,25,113,104,53,28" hai3="128,81,55,79,21,127,54,130,30,3,111,34,46"/><W109/><G34/><T26/><D40/><U71/><E135/><V100/><F113/><W132/><G3/><T72/><D72/><U76/><E131/><N who="3" m="50218" /><G132/><T107/><D33/><U2/><E24/><V86/><F110/><N who="3" m="41995" /><G127/><T49/><D35/><U84/><E84/><V73/><F73/><N who="3" m="43247" /><G46/><T47/><D26/><AGARI ba="0,0" hai="21,26,30,54,55" m="43247,41995,50218" machi="26" ten="30,5800,0" yaku="19,1,14,1,10,1" doraHai="91" who="3" fromWho="0" sc="243,-58,312,0,289,0,156,58" /><INIT seed="3,1,0,0,2,97" ten="185,312,289,214" oya="3" hai0="101,93,104,92,16,6,56,67,98,31,20,7,91" hai1="59,114,134,90,15,1,17,41,111,57,51,79,22" hai2="88,135,108,82,117,49,54,19,46,131,126,84,124" hai3="73,48,25,13,14,119,45,53,55,112,3,130,100"/><W60/><G112/><T68/><D31/><U21/><E111/><V74/><F117/><W69/><G3/><T102/><D68/><U26/><E114/><V28/><F108/><W70/><G119/><T12/><D104/><U33/><E33/><V40/><F135/><W133/><G73/><T127/><D127/><N who="2" m="48682" /><F131/><W94/><G133/><T66/><D102/><U99/><E134/><V81/><F28/><W110/><G110/><T0/><D0/><U30/><E1/><V75/><F19/><W120/><G120/><T10/><D56/><U44/><E79/><N who="2" m="44279" /><F75/><W96/><G130/><T39/><D39/><U132/><E132/><V8/><F8/><W122/><G122/><T4/><D10/><U95/><AGARI ba="1,0" hai="15,17,21,22,26,30,41,44,51,57,59,90,95,99" machi="95" ten="30,2000,0" yaku="0,1,8,1" doraHai="97" who="1" fromWho="1" sc="185,-6,312,23,289,-6,214,-11" owari="179,-32.1,335,43.5,283,8.3,203,-19.7" /></mjloggm>