<mjloggm ver="2.3"><GO type="225" lobby="0"/><UN n0="%E3%82%BC%E3%83%AB%E3%83%80%E3%81%AE%E4%BC%9D%E8%AA%AC" n1="%E3%83%AD%E3%83%83%E3%83%86%E9%9B%80%E7%90%83" n2="%77%72%77%72%77%72%77%72" n3="%E3%82%A2%E3%83%A1%E3%82%A2%E3%83%A9%E3%83%AC" dan="18,16,17,16" rate="2205.66,2156.09,2190.87,2055.06" sx="M,M,M,M"/><TAIKYOKU oya="0"/><INIT seed="0,0,0,0,0,94" ten="250,250,250,250" oya="0" hai0="16,68,134,29,67,111,93,27,41,87,24,121,113" hai1="36,13,32,15,126,45,66,48,44,21,84,49,104" hai2="86,20,14,37,62,130,123,35,116,23,22,119,89" hai3="97,57,2,132,80,33,92,105,88,117,108,46,101"/><T82/><D113/><U115/><E32/><V128/><F37/><W12/><G2/><T1/><D121/><U85/><E36/><V114/><F62/><W53/><G117/><N who="2" m="45129" /><F114/><W7/><G33/><T118/><D118/><U64/><E115/><V9/><F123/><W77/><G108/><T91/><D1/><U135/><E104/><V124/><F86/><W38/><G132/><T47/><D134/><U11/><E21/><V129/><F89/><W63/><G38/><T10/><D111/><U28/><E28/><V107/><F107/><W55/><G46/><T83/><D67/><U3/><E3/><V18/><F35/><W72/><G55/><T26/><D68/><U51/><E135/><V73/><F73/><W19/><G7/><T17/><D29/><U81/><E85/><V42/><F42/><W6/><G6/><T96/><D10/><U90/><E11/><V131/><F131/><W79/><G79/><T69/><D69/><U76/><E76/><V58/><F58/><W61/><G63/><T102/><D83/><U30/><E30/><V74/><F74/><W95/><REACH who="3" step="1"/><G88/><REACH who="3" ten="250,250,250,240" step="2"/><T50/><AGARI ba="0,1" hai="16,17,24,26,27,41,47,50,82,87,91,93,96,102" machi="50" ten="30,11700,0" yaku="0,1,8,1,52,1,54,1" doraHai="94" who="0" fromWho="0" sc="250,127,250,-39,250,-39,240,-39" /><INIT seed="0,1,0,0,2,120" ten="377,211,211,201" oya="0" hai0="19,108,56,20,73,76,107,24,104,68,117,129,33" hai1="60,32,49,16,54,78,106,99,116,31,25,22,2" hai2="118,57,97,122,89,79,58,92,83,67,5,102,123" hai3="40,91,36,81,38,3,11,53,55,62,82,0,7"/><T134/><D68/><U15/><E116/><V101/><F5/><W1/><G40/><T41/><D117/><U14/><E2/><V75/><F118/><W30/><G30/><T37/><D134/><U125/><E125/><V66/><F57/><W90/><G7/><T46/><D129/><U109/><E109/><V127/><F66/><W42/><G42/><T63/><D108/><U45/><E78/><V8/><F8/><W94/><G11/><T28/><D76/><U27/><REACH who="1" step="1"/><E60/><REACH who="1" ten="377,201,211,201" step="2"/><V17/><F127/><W59/><G62/><T52/><REACH who="0" step="1"/><D73/><REACH who="0" ten="367,201,211,201" step="2"/><U51/><E51/><V47/><F79/><W112/><G38/><T85/><D85/><U34/><E34/><V70/><F75/><W93/><G36/><T115/><D115/><U124/><E124/><V29/><F123/><W113/><G0/><T100/><D100/><AGARI ba="1,2" hai="14,15,16,22,25,27,31,32,45,49,54,99,100,106" machi="100" ten="40,2600,0" yaku="1,1,54,1,53,0" doraHai="120" doraHaiUra="71" who="1" fromWho="0" sc="367,-29,201,49,211,0,201,0" /><INIT seed="1,0,0,4,3,51" ten="338,250,211,201" oya="1" hai0="33,106,96,69,80,38,115,4,31,47,111,71,3" hai1="29,112,19,94,104,7,125,5,27,21,17,86,16" hai2="39,57,131,132,64,50,87,75,72,108,92,68,26" hai3="62,52,23,61,60,83,102,119,48,1,84,67,44"/><U90/><E112/><V99/><F39/><W55/><G1/><T77/><D111/><U10/><E125/><V134/><F108/><W73/><G119/><T8/><D115/><U82/><E104/><V100/><F131/><W30/><G73/><N who="0" m="43055" /><D31/><U18/><REACH who="1" step="1"/><E82/><REACH who="1" ten="338,240,211,201" step="2"/><V98/><F132/><W113/><G113/><T25/><D106/><U133/><E133/><V109/><F134/><W76/><G102/><T13/><D69/><U74/><E74/><V88/><F68/><W54/><G67/><T41/><D71/><U15/><AGARI ba="0,1" hai="5,7,10,15,16,17,18,19,21,27,29,86,90,94" machi="15" ten="30,11700,0" yaku="1,1,0,1,8,1,54,1,53,0" doraHai="51" doraHaiUra="129" who="1" fromWho="1" sc="338,-39,240,127,211,-39,201,-39" /><INIT seed="1,1,0,0,1,43" ten="299,367,172,162" oya="1" hai0="66,8,100,110,101,32,124,68,33,117,49,14,59" hai1="47,106,15,2,63,20,133,91,69,92,25,94,3" hai2="16,55,102,22,119,83,57,130,135,50,13,4,112" hai3="115,65,103,129,77,84,34,67,9,48,6,134,62"/><U60/><E106/><V27/><F119/><W0/><G115/><T86/><D117/><U78/><E133/><V41/><F135/><W70/><G134/><T75/><D75/><U108/><E108/><V74/><F112/><W24/><G129/><T17/><D110/><U18/><E78/><V76/><F130/><W53/><G67/><T97/><D124/><U87/><E2/><V123/><F123/><W85/><G103/><T96/><D68/><U120/><E3/><V56/><F102/><W23/><G34/><T88/><D33/><U29/><E69/><V128/><F128/><W104/><G77/><T71/><D32/><U46/><E94/><V131/><F131/><W109/><G104/><T7/><D71/><U58/><E120/><V35/><F41/><W28/><REACH who="3" step="1"/><G109/><REACH who="3" ten="299,367,172,152" step="2"/><T31/><D101/><U51/><E51/><V121/><F121/><W30/><G30/><T12/><D31/><U107/><E107/><V116/><F116/><W122/><G122/><T42/><D100/><U39/><E39/><V89/><F89/><W11/><G11/><T1/><D8/><N who="1" m="6503" /><E63/><V93/><F35/><W113/><G113/><T80/><D49/><U64/><AGARI ba="1,1" hai="20,25,29,46,47,58,60,64,87,91,92" m="6503" machi="64" ten="30,6000,0" yaku="8,1,52,2" doraHai="43" who="1" fromWho="1" sc="299,-21,367,73,172,-21,152,-21" /><INIT seed="1,2,0,5,1,45" ten="278,440,151,131" oya="1" hai0="3,131,7,96,37,103,107,126,23,25,101,0,34" hai1="33,1,52,95,14,51,26,22,108,62,82,109,64" hai2="47,68,87,21,53,120,91,46,83,99,24,89,55" hai3="94,71,60,122,41,56,66,135,112,19,38,128,125"/><U2/><E95/><N who="2" m="56815" /><F68/><W98/><G135/><T12/><D37/><U123/><E123/><V63/><F120/><W104/><G128/><T57/><D131/><U117/><E117/><V88/><F91/><W111/><G111/><N who="1" m="42570" /><E82/><V76/><F76/><W15/><G104/><T65/><D101/><U4/><E33/><V78/><F78/><W58/><G125/><T49/><D34/><U115/><E14/><V93/><F83/><W116/><G112/><T80/><D80/><U100/><E4/><V31/><F63/><W114/><G114/><T36/><D12/><U118/><E100/><V121/><F121/><W84/><G84/><T113/><D7/><U110/><E118/><V75/><F75/><W132/><G116/><T102/><D126/><U35/><E35/><V18/><F31/><W77/><G77/><T43/><D102/><U44/><E115/><V40/><F40/><W124/><G124/><T74/><D74/><U85/><E85/><V67/><F67/><W5/><G5/><T30/><D113/><U134/><E134/><V29/><F29/><W27/><G122/><T59/><D65/><U127/><E127/><V69/><F69/><W130/><G130/><T50/><D43/><U54/><E54/><AGARI ba="2,0" hai="18,21,24,46,47,53,54,55,87,88,93" m="56815" machi="54" ten="30,2000,0" yaku="8,1,54,1" doraHai="45" who="2" fromWho="1" sc="278,0,440,-26,151,26,131,0" /><INIT seed="2,0,0,5,3,56" ten="278,414,177,131" oya="2" hai0="127,135,115,121,125,15,47,126,12,36,10,68,102" hai1="78,67,13,32,94,117,61,34,16,57,110,59,77" hai2="54,123,85,48,129,53,89,113,120,86,7,74,63" hai3="118,99,29,2,83,134,42,23,111,105,92,18,108"/><V97/><F74/><W46/><G118/><T76/><D115/><U82/><E117/><V103/><F113/><W44/><G134/><T71/><D121/><U31/><E110/><V35/><F35/><W109/><G2/><T124/><D124/><U37/><E37/><V62/><F129/><W4/><G4/><T119/><D119/><U11/><E94/><N who="2" m="58807" /><F123/><W38/><G105/><T104/><D135/><U90/><E90/><V60/><F120/><W30/><G46/><T8/><D76/><U5/><E78/><V55/><F7/><W9/><G9/><N who="0" m="3691" /><D102/><U28/><E34/><V20/><F20/><W112/><G83/><T43/><D104/><U87/><E32/><V58/><F86/><W49/><G38/><T122/><D122/><U95/><E95/><AGARI ba="0,0" hai="48,53,54,55,58,60,62,63,85,89,95" m="58807" machi="95" ten="30,11600,0" yaku="8,1,52,3" doraHai="56" who="2" fromWho="1" sc="278,0,414,-116,177,116,131,0" /><INIT seed="2,1,0,1,1,83" ten="278,298,293,131" oya="2" hai0="6,107,97,44,27,60,55,76,82,26,90,126,41" hai1="101,35,103,21,71,30,14,120,38,45,74,9,84" hai2="104,93,116,86,54,127,42,85,47,128,135,133,63" hai3="39,73,7,2,66,36,87,129,11,59,15,28,67"/><V16/><F104/><W112/><G73/><T50/><D126/><U49/><E35/><V122/><F116/><W88/><G129/><T105/><D105/><U106/><E74/><V52/><F122/><W125/><G125/><T132/><D132/><N who="2" m="50762" /><F127/><W62/><G112/><T5/><D107/><U94/><E38/><N who="2" m="21975" /><F128/><W99/><G99/><T124/><D124/><U72/><E72/><V119/><F119/><W111/><G111/><T113/><D76/><U40/><E71/><V100/><F16/><W114/><G114/><T80/><D113/><U109/><E106/><V20/><F20/><W3/><G28/><T29/><D29/><U10/><E109/><V78/><F63/><W117/><G117/><T13/><D5/><N who="1" m="3375" /><E10/><V18/><F18/><W91/><G91/><T56/><D27/><N who="1" m="16751" /><E120/><V17/><F17/><W96/><G96/><T108/><D26/><U75/><E75/><V8/><F8/><W131/><G131/><T61/><D61/><U58/><E58/><V95/><F100/><W22/><G22/><T64/><D108/><U110/><E110/><V31/><F31/><W70/><G39/><T1/><D60/><U24/><E24/><V77/><F78/><W46/><G70/><T43/><D56/><U118/><E118/><V23/><F23/><W0/><G62/><T98/><D6/><U51/><E51/><V81/><F85/><W34/><G59/><T121/><D121/><U32/><E32/><V68/><F68/><W33/><G33/><T89/><D50/><U134/><E134/><V69/><F69/><W12/><G34/><T115/><D115/><RYUUKYOKU ba="1,0" sc="278,-15,298,15,293,15,131,-15" hai1="40,45,49,84,94,101,103" hai2="52,54,77,81,86,93,95" /><INIT seed="2,2,0,1,1,27" ten="263,313,308,116" oya="2" hai0="55,91,63,34,26,82,106,130,52,25,114,133,105" hai1="128,69,71,74,10,0,18,110,72,53,83,60,37" hai2="99,3,75,67,97,122,48,43,49,30,54,20,46" hai3="124,19,56,61,123,50,115,5,87,28,33,68,1"/><V29/><F122/><W39/><G124/><T62/><D114/><U125/><E37/><V14/><F3/><W58/><G123/><T109/><D109/><U38/><E38/><V78/><F67/><W100/><G115/><T127/><D127/><U17/><E125/><V86/><F75/><W90/><G39/><T126/><D126/><U113/><E113/><V112/><F112/><W103/><G68/><T101/><D133/><U76/><E74/><V41/><F41/><W2/><G2/><T24/><D34/><U32/><E32/><V6/><F78/><W131/><G131/><T98/><D130/><U45/><E128/><V108/><F108/><W9/><G19/><T59/><D106/><U8/><E110/><V117/><F86/><W111/><G111/><T57/><D91/><U80/><E0/><V35/><F35/><W77/><G77/><T47/><D47/><U129/><E72/><V119/><F119/><W15/><G1/><T42/><D82/><U94/><E71/><V40/><F40/><AGARI ba="2,0" hai="24,25,26,40,42,52,55,57,59,62,63,98,101,105" machi="40" ten="40,2600,0" yaku="9,1,54,1" doraHai="27" who="0" fromWho="2" sc="263,32,313,0,308,-32,116,0" /><INIT seed="3,0,0,4,1,113" ten="295,313,276,116" oya="3" hai0="122,7,34,21,18,78,35,134,98,26,82,25,54" hai1="70,128,115,47,2,46,53,81,87,50,105,6,61" hai2="72,45,131,38,64,41,62,107,58,56,90,0,44" hai3="88,123,93,27,103,119,104,40,65,84,73,99,74"/><W108/><G123/><T20/><D122/><U92/><E105/><V110/><F110/><W95/><G108/><T120/><D120/><U48/><E115/><V77/><F131/><W30/><G119/><T36/><D36/><U24/><E128/><V59/><F107/><W31/><G31/><T118/><D118/><U80/><E2/><V129/><F129/><W5/><G5/><T69/><D69/><U96/><E6/><V83/><F90/><W51/><G65/><T60/><D134/><U97/><E61/><V3/><REACH who="2" step="1"/><F44/><REACH who="2" ten="295,313,266,116" step="2"/><W8/><G8/><T133/><D133/><U10/><E47/><V124/><F124/><W75/><G40/><T76/><D7/><U116/><E46/><V71/><AGARI ba="0,1" hai="0,3,38,41,45,56,58,59,62,64,71,72,77,83" machi="71" ten="30,2000,0" yaku="1,1,0,1,53,0" doraHai="113" doraHaiUra="94" who="2" fromWho="2" sc="295,-5,313,-5,266,30,116,-10" owari="290,-11.0,308,40.8,296,9.6,106,-39.4" /></mjloggm>