<mjloggm ver="2.3"><GO type="225" lobby="0"/><UN n0="%E3%81%A4%E3%81%A3%E3%81%B1%E3%82%8A%E3%83%9D%E3%83%BC%E3%83%AB" n1="%E3%81%8B%E3%82%8F%E3%81%A1%E3%82%83%E3%82%93%35%38" n2="%E3%83%A9%E3%82%A4%E3%83%B3%E3%81%AE%E8%99%8E" n3="%E8%8C%89%E8%8E%89%E7%99%BD%E6%A1%83" dan="17,16,16,16" rate="2165.16,2134.54,2098.32,2122.55" sx="M,M,M,M"/><TAIKYOKU oya="0"/><INIT seed="0,0,0,2,3,72" ten="250,250,250,250" oya="0" hai0="91,100,20,34,117,73,39,66,130,60,115,85,119" hai1="5,8,76,63,132,127,97,53,23,124,45,121,114" hai2="78,90,54,108,29,93,84,27,52,21,59,64,71" hai3="92,131,70,102,68,129,43,26,51,47,107,101,50"/><T56/><D115/><U87/><E121/><V69/><F108/><W10/><G107/><T106/><D34/><U81/><E132/><V112/><F112/><W89/><G26/><T83/><D39/><U82/><E114/><V133/><F133/><W16/><G50/><T40/><D130/><N who="3" m="49673" /><G102/><T38/><D20/><U74/><E97/><V4/><F4/><W30/><G30/><T32/><D32/><U109/><E109/><V3/><F3/><W37/><G101/><T44/><REACH who="0" step="1"/><D73/><REACH who="0" ten="240,250,250,250" step="2"/><U77/><E23/><V116/><F116/><W113/><G113/><T9/><D9/><U12/><REACH who="1" step="1"/><E45/><REACH who="1" ten="240,240,250,250" step="2"/><V110/><F110/><W22/><G10/><T46/><D46/><U62/><E62/><V0/><F21/><W111/><G111/><T35/><D35/><U15/><E15/><V123/><F123/><W36/><G37/><T120/><D120/><U104/><E104/><V7/><F0/><W125/><G36/><T18/><D18/><U19/><E19/><V95/><F29/><W41/><G16/><T135/><D135/><U17/><E17/><V58/><F7/><W79/><G22/><T25/><D25/><U11/><E11/><V2/><F27/><W48/><G47/><T99/><AGARI ba="0,2" hai="38,40,44,56,60,66,83,85,91,99,100,106,117,119" machi="99" ten="30,6000,0" yaku="1,1,0,1,53,1" doraHai="72" doraHaiUra="61" who="0" fromWho="0" sc="240,80,240,-20,250,-20,250,-20" /><INIT seed="0,1,0,4,3,108" ten="320,220,230,230" oya="0" hai0="130,105,24,110,48,68,61,30,55,112,80,104,93" hai1="52,92,6,132,115,77,97,106,4,0,74,29,101" hai2="21,75,95,37,42,12,88,129,36,103,56,9,113" hai3="19,15,67,91,43,32,1,40,118,46,102,73,66"/><T57/><D130/><U33/><E132/><V111/><F75/><W134/><G118/><T98/><D112/><U45/><E0/><V94/><F111/><W81/><G1/><T85/><D110/><U90/><E115/><V22/><F113/><W89/><G32/><T13/><D13/><U133/><E133/><V14/><F129/><W26/><G134/><T7/><D7/><U69/><E69/><V96/><F37/><W23/><G102/><T50/><D68/><U135/><E135/><V3/><F3/><W107/><G107/><T86/><D86/><N who="1" m="52311" /><E29/><V47/><F56/><W18/><G73/><T122/><D122/><U116/><E33/><V83/><F83/><W28/><G28/><T120/><D105/><U2/><E2/><V8/><F12/><W16/><G19/><T31/><D104/><U64/><E64/><N who="3" m="24618" /><G46/><T49/><D24/><U121/><E121/><V119/><F8/><N who="3" m="6247" /><G81/><T70/><D70/><U44/><E116/><V79/><F119/><W125/><G125/><T63/><D120/><U127/><E127/><V117/><F117/><W84/><G84/><T58/><D85/><U71/><E71/><V72/><F72/><W100/><G100/><N who="0" m="60495" /><D80/><N who="1" m="45111" /><E45/><V76/><F47/><W62/><G62/><T53/><AGARI ba="1,0" hai="30,31,48,49,50,53,55,57,58,61,63" m="60495" machi="53" ten="30,1500,0" yaku="8,1" doraHai="108" who="0" fromWho="0" sc="320,18,220,-6,230,-6,230,-6" /><INIT seed="0,2,0,1,2,23" ten="338,214,224,224" oya="0" hai0="84,102,66,70,108,25,1,88,4,44,112,122,74" hai1="69,36,47,34,18,113,48,22,121,13,80,63,68" hai2="126,6,115,38,54,79,99,105,58,41,81,91,116" hai3="5,94,92,2,43,134,82,15,133,61,62,45,75"/><T83/><D112/><U19/><E121/><V9/><F115/><W56/><G2/><T17/><D122/><U32/><E113/><V130/><F130/><W64/><G75/><T52/><D74/><U129/><E129/><V96/><F126/><W98/><G82/><T103/><D108/><U0/><E0/><V107/><F116/><W26/><G62/><T127/><D127/><U89/><E36/><V12/><F41/><W72/><G72/><T110/><D110/><U53/><E68/><V73/><F38/><W77/><G77/><T124/><D124/><U100/><E100/><V67/><F67/><W86/><G86/><T42/><D42/><U87/><E69/><V120/><F120/><W118/><G118/><T97/><D4/><U20/><REACH who="1" step="1"/><E63/><REACH who="1" ten="338,204,224,224" step="2"/><V16/><F105/><W95/><G134/><T31/><D1/><U109/><E109/><V60/><F107/><W71/><G133/><T104/><D103/><U50/><E50/><V59/><F60/><W3/><G3/><T85/><D102/><U46/><E46/><V30/><F58/><W65/><G65/><T117/><D44/><U131/><E131/><V33/><F59/><W125/><G71/><T55/><D66/><U49/><E49/><V8/><F54/><W90/><G125/><T114/><D70/><U135/><E135/><V78/><F78/><W39/><G39/><T106/><D114/><U14/><AGARI ba="2,1" hai="13,14,18,19,20,22,32,34,47,48,53,80,87,89" machi="14" ten="20,8000,1" yaku="1,1,0,1,7,1,9,1,53,1" doraHai="23" doraHaiUra="76" who="1" fromWho="1" sc="338,-42,204,96,224,-22,224,-22" /><INIT seed="1,0,0,3,2,31" ten="296,300,202,202" oya="1" hai0="53,128,135,122,60,11,131,90,124,134,92,52,133" hai1="74,75,30,132,9,67,51,98,1,15,50,39,95" hai2="59,13,106,38,22,61,56,65,8,83,97,24,26" hai3="104,42,116,126,58,54,4,113,110,87,96,40,107"/><U86/><E39/><V37/><F83/><W76/><G113/><T57/><D122/><U49/><E132/><V68/><F68/><W80/><G110/><T34/><D34/><U93/><E1/><V14/><F106/><W5/><G126/><T70/><D70/><U46/><E67/><V18/><F97/><W69/><G69/><T28/><D28/><U127/><E127/><V119/><F119/><W7/><G116/><T21/><D21/><U71/><E71/><V130/><F130/><N who="0" m="49706" /><D124/><U47/><E30/><V44/><F56/><W0/><G0/><T84/><D11/><U123/><E123/><V36/><REACH who="2" step="1"/><F44/><REACH who="2" ten="296,300,192,202" step="2"/><N who="1" m="16937" /><E75/><V108/><F108/><W29/><G107/><T94/><D92/><U25/><E74/><V112/><F112/><W55/><G104/><T43/><D135/><U81/><E95/><V48/><F48/><W85/><G96/><T125/><D125/><U72/><E72/><V77/><F77/><W45/><G87/><T16/><D134/><U88/><E98/><V23/><F23/><W114/><G114/><T35/><D133/><U32/><E93/><V117/><F117/><W78/><G78/><T91/><D94/><U111/><E111/><V120/><F120/><W100/><G100/><T12/><D84/><U20/><E20/><V115/><F115/><W121/><G121/><T6/><D91/><U99/><E99/><V105/><F105/><W41/><G45/><T62/><D90/><U101/><E101/><V17/><AGARI ba="0,1" hai="8,13,14,17,18,22,24,26,36,37,38,59,61,65" machi="17" ten="40,5200,0" yaku="1,1,0,1,53,1" doraHai="31" doraHaiUra="19" who="2" fromWho="2" sc="296,-13,300,-26,192,62,202,-13" /><INIT seed="2,0,0,5,0,109" ten="283,274,254,189" oya="2" hai0="128,114,16,65,125,107,5,14,124,72,11,106,66" hai1="102,62,27,133,9,115,95,116,29,37,121,108,113" hai2="15,56,48,42,111,118,12,98,13,59,93,8,17" hai3="123,85,32,33,49,135,126,86,38,23,104,43,82"/><V52/><F118/><W22/><G38/><T105/><D128/><U4/><E37/><V68/><F68/><W20/><G123/><T99/><D72/><U83/><E83/><V96/><F111/><W21/><G104/><T132/><D132/><U94/><E108/><V70/><F70/><W51/><G135/><T0/><D114/><U131/><E133/><V25/><F42/><W34/><N who="3" m="5120" /><DORA hai="73" /><W92/><G126/><N who="0" m="48747" /><D99/><U79/><E27/><V90/><F25/><W45/><G82/><T67/><D0/><U81/><E81/><V3/><F3/><W117/><G117/><T84/><D84/><U87/><E87/><V112/><F112/><W6/><G6/><AGARI ba="0,0" hai="5,6,11,14,16,65,66,67,105,106,107" m="48747" machi="6" ten="40,2600,0" yaku="18,1,54,1" doraHai="109,73" who="0" fromWho="3" sc="283,26,274,0,254,0,189,-26" /><INIT seed="3,0,0,3,1,131" ten="309,274,254,163" oya="3" hai0="79,119,36,40,63,25,116,104,78,27,6,132,129" hai1="54,118,7,74,37,57,72,91,19,125,86,30,13" hai2="29,43,42,124,55,111,130,68,134,62,93,59,117" hai3="135,10,100,24,96,16,67,112,115,2,50,15,65"/><W41/><G2/><T113/><D104/><U48/><E125/><V73/><F73/><W28/><G135/><T94/><D6/><U47/><E118/><V128/><F29/><W9/><G9/><T102/><D129/><N who="2" m="49770" /><F93/><W103/><G115/><T38/><D63/><U46/><E30/><V56/><F117/><W83/><G112/><T66/><D66/><U58/><E7/><V23/><F23/><N who="3" m="15391" /><G83/><T52/><D132/><U122/><E122/><V81/><F81/><W11/><G11/><T35/><D35/><U5/><E5/><V18/><F18/><W89/><G89/><T8/><D8/><N who="1" m="6567" /><E74/><V95/><F95/><N who="3" m="58399" /><G103/><T133/><D102/><U126/><E72/><V84/><F84/><W80/><G80/><T71/><D116/><U108/><E126/><V101/><F101/><W21/><G10/><T77/><D119/><U64/><E37/><V97/><F97/><W90/><G90/><T26/><D36/><U92/><E108/><V87/><F87/><W14/><G14/><T51/><D38/><U17/><E17/><V105/><F105/><W121/><G121/><T53/><D113/><U44/><E64/><N who="2" m="40983" /><F124/><W75/><G75/><T120/><D94/><U76/><E76/><V31/><F134/><W4/><G4/><T82/><D133/><U0/><E0/><V109/><F31/><W69/><G69/><T33/><D78/><U99/><E86/><V39/><F39/><W127/><G127/><T123/><D79/><U61/><E61/><N who="2" m="35999" /><F59/><AGARI ba="0,0" hai="44,46,47,48,54,57,58,59,91,92,99" m="6567" machi="59" ten="30,1000,0" yaku="8,1" doraHai="131" who="1" fromWho="2" sc="309,0,274,10,254,-10,163,0" owari="309,40.9,284,8.4,244,-15.6,163,-33.7" /></mjloggm>