<mjloggm ver="2.3"><GO type="225" lobby="0"/><UN n0="%E6%98%93%E5%88%A9%E8%96%A9%E4%BC%AF" n1="%E7%89%B9%E6%9D%B1%E3%81%AF%E4%B8%96%E7%95%8C%E3%82%92%E6%95%91%E3%81%86" n2="%77%72%77%72%77%72%77%72" n3="%4B%2E%32%2E%4B%2E" dan="16,16,17,16" rate="2101.02,2181.07,2215.69,2118.13" sx="F,M,M,M"/><TAIKYOKU oya="0"/><INIT seed="0,0,0,2,5,110" ten="250,250,250,250" oya="0" hai0="64,65,12,14,74,94,76,52,26,103,9,106,127" hai1="32,53,30,8,37,24,43,132,134,78,7,27,11" hai2="23,108,115,46,41,112,86,119,21,39,44,130,20" hai3="89,22,111,51,98,58,63,60,55,107,48,104,81"/><T117/><D117/><U85/><E53/><V56/><F108/><W100/><G111/><T116/><D106/><U35/><E85/><V83/><F130/><W121/><G121/><T90/><D127/><U49/><E49/><V122/><F122/><W2/><G2/><T50/><D103/><U97/><E97/><V93/><F119/><W47/><G107/><T54/><D54/><U59/><E59/><V34/><F34/><W87/><REACH who="3" step="1"/><G22/><REACH who="3" ten="250,250,250,240" step="2"/><T109/><D109/><U70/><E35/><V61/><F46/><W38/><G38/><T13/><D116/><U88/><E37/><V113/><F93/><W25/><G25/><T101/><D26/><U17/><E27/><V71/><F71/><W95/><G95/><T120/><D120/><U75/><E24/><V123/><F123/><W124/><G124/><T72/><D13/><U96/><E70/><V125/><F125/><W114/><G114/><T1/><D14/><U80/><E32/><V84/><REACH who="2" step="1"/><F83/><REACH who="2" ten="250,250,240,240" step="2"/><W118/><G118/><T129/><D94/><U79/><E80/><V15/><F15/><W28/><G28/><T19/><D12/><U18/><E30/><V69/><F69/><W3/><G3/><T36/><D1/><U82/><E82/><V66/><AGARI ba="0,2" hai="20,21,23,39,41,44,56,61,66,84,86,112,113,115" machi="66" ten="40,8000,1" yaku="1,1,0,1,52,3,53,0" doraHai="110" doraHaiUra="45" who="2" fromWho="2" sc="250,-40,250,-20,240,100,240,-20" /><INIT seed="1,0,0,3,5,123" ten="210,230,340,220" oya="1" hai0="129,37,64,31,127,134,48,81,3,26,124,47,87" hai1="130,77,43,71,88,113,27,51,76,57,40,21,105" hai2="103,92,97,13,52,50,94,133,117,74,101,20,4" hai3="56,6,15,0,30,65,34,39,115,116,98,110,67"/><U112/><E71/><V14/><F117/><W8/><G115/><T73/><D3/><U108/><E105/><V79/><F133/><W99/><G39/><T1/><D1/><U125/><E130/><V120/><F120/><W122/><G122/><T78/><D37/><U70/><E70/><V66/><F66/><W114/><G114/><T18/><D64/><U91/><E125/><N who="0" m="48201" /><D134/><U75/><E75/><V131/><F131/><W96/><G116/><T69/><D69/><U80/><E80/><V55/><F74/><W104/><G104/><T16/><D73/><U54/><E112/><V82/><F82/><W32/><G67/><T107/><D107/><U60/><E108/><V46/><F79/><N who="1" m="30281" /><E113/><V45/><F4/><W42/><G110/><T9/><D9/><U2/><E2/><V119/><F119/><W59/><G0/><T44/><D44/><N who="1" m="26015" /><E40/><V17/><F13/><W86/><G42/><N who="0" m="24695" /><D129/><U100/><E100/><V128/><F128/><W33/><G65/><T36/><D36/><U72/><E72/><V25/><F14/><W38/><G38/><T61/><D61/><U95/><E95/><V29/><F94/><W7/><G15/><T109/><D109/><U24/><E24/><N who="2" m="14351" /><F103/><W84/><G59/><T89/><D78/><U28/><AGARI ba="0,0" hai="21,27,28,54,57,60,88,91" m="26015,30281" machi="28" ten="30,3000,0" yaku="8,1,54,1" doraHai="123" who="1" fromWho="1" sc="210,-10,230,30,340,-10,220,-10" /><INIT seed="1,1,0,4,4,28" ten="200,260,330,210" oya="1" hai0="2,82,89,10,114,30,96,18,27,8,44,26,91" hai1="58,87,64,85,103,110,105,117,41,73,35,120,13" hai2="45,76,62,108,102,70,133,5,123,42,121,37,59" hai3="127,104,116,39,80,95,1,49,124,24,40,111,38"/><U74/><E41/><V25/><F5/><W93/><G104/><T7/><D114/><U19/><E117/><V12/><F12/><W131/><G1/><T109/><D109/><U57/><E120/><V97/><F108/><W113/><G111/><T77/><D44/><U0/><E0/><V72/><F70/><W122/><G113/><T67/><D67/><U106/><E13/><V14/><F14/><W43/><G80/><T29/><D10/><U128/><E110/><V79/><F133/><W68/><G24/><T83/><D83/><U92/><E92/><N who="3" m="35402" /><G68/><T86/><D96/><U52/><E106/><V107/><F72/><W22/><G22/><T17/><D77/><U50/><E105/><V53/><F123/><W112/><G112/><T23/><REACH who="0" step="1"/><D89/><REACH who="0" ten="190,260,330,210" step="2"/><U98/><E98/><V51/><F121/><W36/><G122/><T4/><D4/><U56/><E87/><V20/><F37/><W132/><G132/><T118/><D118/><U119/><E85/><V21/><F79/><W15/><G116/><T126/><D126/><N who="3" m="48169" /><G131/><T31/><D31/><U101/><E128/><V48/><F76/><W125/><G125/><T34/><AGARI ba="1,1" hai="2,7,8,17,18,23,26,27,29,30,34,82,86,91" machi="34" ten="20,5200,0" yaku="1,1,0,1,7,1,52,1,53,0" doraHai="28" doraHaiUra="61" who="0" fromWho="0" sc="190,65,260,-27,330,-14,210,-14" /><INIT seed="2,0,0,3,2,135" ten="255,233,316,196" oya="2" hai0="48,36,3,101,124,59,18,96,74,29,17,104,99" hai1="22,95,69,13,1,9,86,102,103,28,38,67,111" hai2="56,54,128,52,55,113,73,37,2,117,58,81,21" hai3="4,44,61,68,46,49,134,5,83,91,119,26,41"/><V65/><F113/><W97/><G119/><T120/><D3/><U94/><E38/><V82/><F117/><W71/><G134/><T125/><D74/><U100/><E1/><V7/><F37/><W39/><G26/><T40/><D29/><U122/><E111/><V30/><F128/><W85/><G97/><T77/><D77/><U60/><E122/><V112/><F112/><W126/><G126/><N who="0" m="48747" /><D120/><U63/><E86/><V131/><F131/><W12/><G12/><T108/><D108/><U32/><E32/><V79/><F81/><W110/><G110/><T106/><D36/><U31/><E63/><V121/><F121/><W84/><G84/><T115/><D115/><U87/><E87/><V90/><F30/><W78/><G78/><T76/><D76/><U105/><E105/><N who="0" m="40553" /><D59/><U109/><E31/><V14/><F56/><W88/><G71/><T107/><D99/><U16/><E109/><V72/><F72/><W6/><G68/><T8/><D8/><U42/><E28/><V123/><F123/><W132/><G132/><T80/><D80/><U20/><E9/><N who="2" m="4415" /><F2/><W64/><G83/><T114/><D114/><U92/><E20/><V43/><F21/><W98/><G98/><T127/><D127/><U66/><E69/><V24/><F79/><W27/><G85/><T89/><D89/><N who="3" m="34377" /><G27/><T23/><D23/><U57/><E22/><V75/><F24/><W45/><G39/><T15/><D15/><U11/><E13/><V19/><F90/><W116/><G116/><T50/><D40/><U93/><N who="1" m="23552" /><DORA hai="62" /><U25/><E11/><V34/><F73/><RYUUKYOKU ba="0,0" sc="255,15,233,-15,316,-15,196,15" hai0="17,18,48,50,96,101,107" hai3="4,5,6,41,44,45,46,49,61,64" /><INIT seed="3,1,0,2,5,54" ten="270,218,301,211" oya="3" hai0="18,1,60,5,87,104,102,115,65,134,112,68,123" hai1="52,13,116,69,75,25,93,55,80,78,24,7,3" hai2="46,126,99,107,67,90,98,16,33,64,38,14,72" hai3="127,12,105,57,95,89,27,44,91,81,79,42,36"/><W4/><G105/><T49/><D123/><U0/><E69/><V120/><F72/><W39/><G127/><T31/><D18/><U61/><E116/><V133/><F33/><W92/><G36/><T37/><D49/><U10/><E93/><V35/><F35/><W119/><G119/><T8/><D87/><U106/><E106/><V63/><F126/><W85/><G27/><T100/><D100/><U59/><REACH who="1" step="1"/><E55/><REACH who="1" ten="270,208,301,211" step="2"/><V110/><F107/><W129/><G129/><T43/><D104/><U22/><E22/><V51/><F120/><W6/><G95/><T94/><D94/><U29/><E29/><V66/><F99/><W17/><G57/><T108/><D31/><U70/><E70/><V118/><F98/><W121/><G121/><T131/><D131/><U62/><E62/><V103/><F63/><W135/><G135/><T56/><D56/><U96/><E96/><V26/><F133/><W124/><G124/><T23/><D134/><U45/><E45/><V113/><F46/><W73/><REACH who="3" step="1"/><G89/><REACH who="3" ten="270,208,301,201" step="2"/><T71/><D71/><U83/><E83/><V122/><F90/><W74/><G74/><T77/><D68/><U101/><E101/><V82/><F103/><W48/><G48/><T97/><D102/><U109/><E109/><V125/><F82/><W114/><G114/><T84/><D115/><U21/><E21/><AGARI ba="1,2" hai="4,6,12,17,21,39,42,44,73,79,81,85,91,92" machi="21" ten="30,2900,0" yaku="1,1,7,1,53,0" doraHai="54" doraHaiUra="58" who="3" fromWho="1" sc="270,0,208,-32,301,0,201,52" /><INIT seed="3,2,0,4,5,122" ten="270,176,301,253" oya="3" hai0="130,13,51,25,18,95,34,71,72,105,107,22,27" hai1="53,32,120,83,5,15,30,82,111,97,109,113,43" hai2="62,35,36,70,106,66,11,54,63,52,92,69,116" hai3="47,29,115,1,98,112,48,100,38,56,99,21,103"/><W49/><G1/><T3/><D72/><U85/><E113/><V10/><F106/><W41/><G29/><T133/><D71/><U8/><E120/><V16/><F35/><W135/><G21/><T88/><D3/><U91/><E43/><V76/><F36/><W42/><G135/><T6/><D130/><U20/><E32/><V14/><F76/><W37/><G56/><T58/><D6/><U93/><E53/><V60/><F116/><W67/><G67/><T45/><D58/><U57/><E57/><V123/><F123/><W59/><G59/><T68/><D68/><U79/><REACH who="1" step="1"/><E82/><REACH who="1" ten="270,166,301,253" step="2"/><V33/><F33/><W89/><REACH who="3" step="1"/><G89/><REACH who="3" ten="270,166,301,243" step="2"/><T55/><D34/><U4/><E4/><V26/><F70/><W77/><G77/><T90/><D90/><U96/><E96/><V125/><F69/><W9/><G9/><T132/><D132/><U87/><E87/><V7/><F7/><W128/><G128/><T108/><D133/><U40/><E40/><V61/><F10/><W44/><AGARI ba="2,2" hai="37,38,41,42,44,47,48,49,98,99,100,103,112,115" machi="44" ten="25,9600,0" yaku="1,1,0,1,22,2,53,0" doraHai="122" doraHaiUra="73" who="3" fromWho="3" sc="270,-34,166,-34,301,-34,243,122" owari="236,-16.4,132,-36.8,267,6.7,365,46.5" /></mjloggm>