<mjloggm ver="2.3"><GO type="225" lobby="0"/><UN n0="%68%6F%72%69%30%39%30%31" n1="%E8%83%83%E3%81%A8%E8%85%B8" n2="%E6%9A%87%E4%BA%BA%EF%BC%A0%E9%85%8D%E4%BF%A1%E5%9E%A2" n3="%E5%B8%86%E7%AB%8B%E5%A4%8F%E8%A1%A3" dan="16,16,17,16" rate="2102.91,2185.35,2172.11,2138.31" sx="M,M,F,M"/><TAIKYOKU oya="0"/><INIT seed="0,0,0,4,3,118" ten="250,250,250,250" oya="0" hai0="26,0,53,24,14,58,74,56,100,16,114,17,76" hai1="105,49,117,27,11,40,90,121,42,109,23,4,54" hai2="104,32,73,70,92,97,67,132,94,129,68,78,64" hai3="29,112,36,106,21,2,60,135,47,85,79,45,124"/><T93/><D114/><U39/><E117/><V62/><F129/><W125/><G106/><T88/><D0/><U61/><E109/><V37/><F132/><W48/><G2/><T102/><D74/><U108/><E108/><V1/><F1/><W133/><G29/><T28/><D76/><U9/><E105/><V127/><F127/><N who="3" m="48715" /><G21/><N who="0" m="15375" /><D26/><U110/><E110/><V12/><F37/><W96/><G96/><N who="0" m="57383" /><D58/><U71/><E39/><V41/><F32/><W34/><G34/><T38/><D38/><U130/><E27/><V15/><F104/><W81/><G112/><T18/><D14/><U111/><E111/><V65/><F15/><W30/><G30/><T122/><D122/><U66/><E121/><V25/><F25/><W103/><G103/><T44/><D44/><U13/><E13/><V63/><F12/><W123/><G123/><T52/><D53/><U101/><E54/><V134/><F73/><W6/><G36/><T55/><D55/><U86/><E101/><V87/><F78/><W31/><G31/><T128/><D128/><U119/><E130/><V5/><F70/><W8/><G47/><T89/><D89/><U126/><E119/><V91/><F68/><W43/><G8/><N who="1" m="3146" /><E126/><V46/><F46/><W3/><G3/><T22/><D22/><U50/><E23/><V69/><F69/><W107/><G107/><T95/><D95/><N who="1" m="54743" /><E4/><V20/><F5/><W80/><G6/><T83/><D83/><U75/><E75/><V59/><F20/><W72/><G135/><T33/><D33/><U131/><E131/><V98/><F134/><W115/><G133/><RYUUKYOKU ba="0,0" sc="250,15,250,15,250,-15,250,-15" hai0="16,17,18,52,56,100,102" hai1="40,42,49,50,61,66,71" /><INIT seed="0,1,0,0,3,38" ten="265,265,235,235" oya="0" hai0="0,95,133,35,42,22,130,135,44,80,121,63,53" hai1="25,6,4,15,60,129,61,120,49,34,58,99,89" hai2="76,74,92,126,27,108,109,2,93,91,51,31,8" hai3="115,45,68,48,131,65,13,96,54,125,118,112,24"/><T29/><D0/><U101/><E120/><V134/><F134/><N who="0" m="51210" /><D35/><U116/><E116/><V103/><F126/><W43/><G118/><T67/><D121/><U1/><E1/><V10/><F74/><W50/><G96/><T105/><D105/><U37/><E37/><V66/><F76/><W94/><G94/><T16/><D29/><U97/><E129/><V81/><F66/><W123/><G24/><N who="0" m="14407" /><D130/><U73/><E73/><V11/><F2/><W57/><G13/><T39/><D80/><U36/><E15/><V110/><F103/><W83/><G83/><T79/><D79/><U20/><E34/><V18/><F18/><W100/><G100/><T59/><D95/><U33/><E33/><N who="2" m="20735" /><F51/><N who="3" m="27071" /><G131/><T14/><D14/><U75/><E36/><V47/><F47/><N who="3" m="27935" /><G123/><T127/><D127/><U17/><E75/><V77/><F77/><W70/><G125/><T52/><AGARI ba="1,0" hai="39,42,44,52,53,59,63,67" m="14407,51210" machi="52" ten="30,11700,0" yaku="20,1,52,1,54,2" doraHai="38" who="0" fromWho="0" sc="265,120,265,-40,235,-40,235,-40" /><INIT seed="0,2,0,0,4,80" ten="385,225,195,195" oya="0" hai0="71,46,45,101,86,37,35,70,128,23,126,131,113" hai1="134,82,106,74,43,61,33,89,115,29,133,4,13" hai2="59,25,66,8,85,124,40,78,83,76,68,63,55" hai3="49,36,123,111,103,65,119,127,72,48,31,62,17"/><T21/><D35/><U47/><E115/><V67/><F124/><W109/><G72/><T87/><D101/><U56/><E106/><V39/><F25/><W28/><G119/><T26/><D26/><U42/><E29/><N who="3" m="11338" /><G36/><T90/><D90/><U91/><E33/><V100/><F100/><W60/><G103/><T108/><D37/><U75/><E4/><V99/><F99/><W0/><G0/><T130/><D128/><U102/><E102/><V116/><F116/><W12/><G123/><T50/><D50/><N who="3" m="19561" /><G65/><T129/><D129/><U16/><E75/><V135/><F67/><W77/><G77/><T27/><D27/><U53/><E74/><V32/><F32/><W30/><G127/><T117/><D117/><U52/><E53/><V34/><F34/><W3/><G3/><T107/><D126/><U105/><E105/><V125/><F125/><W118/><G118/><T19/><D19/><U112/><E112/><V92/><F66/><W7/><G7/><T104/><D108/><N who="3" m="41545" /><G30/><T20/><REACH who="0" step="1"/><D23/><AGARI ba="2,0" hai="12,17,23,60,62" m="41545,19561,11338" machi="23" ten="30,1000,0" yaku="14,1" doraHai="80" who="3" fromWho="0" sc="385,-16,225,0,195,0,195,16" /><INIT seed="1,0,0,1,3,99" ten="369,225,195,211" oya="1" hai0="45,121,118,4,52,24,120,68,8,119,102,79,63" hai1="40,62,54,135,131,12,35,71,43,33,16,64,86" hai2="30,28,122,21,112,76,129,101,127,29,87,34,77" hai3="106,105,75,23,107,2,85,42,125,37,110,41,132"/><U55/><E131/><V10/><F122/><N who="0" m="47210" /><D79/><U97/><E135/><V82/><F129/><W3/><G23/><T31/><D102/><U9/><E86/><V67/><F34/><W38/><G85/><T78/><D78/><U124/><E124/><V17/><F127/><W113/><G125/><T27/><D45/><U134/><E134/><V83/><F112/><W46/><G132/><T56/><D68/><U15/><E97/><V50/><F67/><W104/><G113/><T80/><D80/><N who="2" m="30762" /><F87/><W74/><N who="3" m="26624" /><DORA hai="109" /><W1/><G110/><T58/><D56/><U93/><E93/><V70/><F70/><W128/><G128/><T20/><D27/><U94/><E94/><V19/><F101/><W59/><G59/><T111/><D111/><U117/><E117/><V57/><F10/><W84/><G84/><T91/><D91/><U18/><E33/><V95/><F95/><W98/><G98/><T126/><D126/><U72/><E35/><V11/><F57/><W36/><G46/><T66/><D66/><U114/><E114/><V39/><F39/><W0/><N who="3" m="0" /><DORA hai="32" /><W90/><G90/><T14/><AGARI ba="0,0" hai="4,8,14,20,24,31,52,58,63,118,119" m="47210" machi="14" ten="30,2000,0" yaku="13,1,54,1" doraHai="99,109,32" who="0" fromWho="0" sc="369,20,225,-10,195,-5,211,-5" /><INIT seed="2,0,0,2,2,45" ten="389,215,190,206" oya="2" hai0="118,35,5,65,134,43,102,90,57,120,79,89,49" hai1="132,122,88,61,124,2,55,48,133,27,71,125,59" hai2="114,37,33,40,60,18,38,62,9,56,108,30,110" hai3="103,14,101,69,66,34,36,85,91,131,51,112,104"/><V42/><F114/><W95/><G36/><N who="2" m="13929" /><F30/><W123/><G112/><T106/><D49/><U46/><E2/><V10/><F18/><W87/><G123/><T47/><D57/><U0/><E0/><V64/><F33/><W98/><G131/><T73/><D47/><U93/><E71/><N who="2" m="42375" /><F9/><W13/><G34/><T25/><D65/><U100/><E100/><N who="3" m="38474" /><G66/><T76/><D90/><U127/><E27/><V20/><F20/><W86/><G69/><T130/><D89/><U119/><E119/><V39/><F10/><W7/><G104/><T23/><D102/><U113/><E113/><V16/><F16/><W24/><G24/><T6/><D23/><U15/><E15/><N who="3" m="5642" /><G51/><T50/><D50/><U32/><E32/><V94/><F94/><N who="3" m="56671" /><G7/><T19/><D25/><U115/><E115/><V80/><F80/><W52/><G52/><T77/><D6/><U67/><REACH who="1" step="1"/><E122/><REACH who="1" ten="389,205,190,206" step="2"/><V74/><F74/><W96/><G96/><AGARI ba="0,1" hai="46,48,55,59,61,67,88,93,96,124,125,127,132,133" machi="96" ten="40,12000,2" yaku="1,1,2,1,18,1,52,1,54,1,53,2" doraHai="45" doraHaiUra="129" who="1" fromWho="3" sc="389,0,205,130,190,0,206,-120" /><INIT seed="3,0,0,3,3,110" ten="389,335,190,86" oya="3" hai0="107,61,87,70,130,24,123,102,122,59,76,4,11" hai1="129,105,74,108,91,71,42,89,124,34,97,29,95" hai2="57,52,38,36,119,12,98,111,33,131,14,118,9" hai3="92,77,39,21,28,18,51,30,82,49,25,6,83"/><W20/><G39/><T72/><D70/><U35/><E71/><V10/><F33/><W135/><G135/><T63/><D72/><U96/><E42/><V116/><F111/><W114/><G6/><T84/><D63/><U54/><E108/><V7/><F98/><W19/><G92/><T50/><D50/><U32/><E124/><V43/><F131/><W58/><G58/><T113/><D24/><U73/><E129/><V104/><F104/><W37/><G25/><T109/><D109/><U13/><E29/><V40/><F38/><W125/><G37/><T101/><D130/><U94/><E105/><V75/><F75/><W2/><G2/><T115/><D107/><U134/><E134/><V8/><F36/><W3/><G3/><N who="0" m="415" /><D101/><U68/><E68/><V22/><F22/><W26/><G26/><T5/><D5/><U62/><REACH who="1" step="1"/><E13/><REACH who="1" ten="389,325,190,86" step="2"/><V86/><F7/><W45/><G125/><T69/><D69/><U100/><E100/><V121/><F121/><W27/><G27/><T16/><D122/><U85/><E85/><V88/><F14/><W17/><G17/><T133/><D87/><U67/><E67/><V132/><F12/><W106/><G106/><T117/><D84/><U66/><E66/><V60/><REACH who="2" step="1"/><F132/><REACH who="2" ten="389,325,180,86" step="2"/><W55/><G114/><T1/><D123/><U112/><E112/><V56/><F56/><AGARI ba="0,2" hai="32,34,35,54,56,62,73,74,89,91,94,95,96,97" machi="56" ten="40,2600,0" yaku="1,1,9,1,53,0" doraHai="110" doraHaiUra="47" who="1" fromWho="2" sc="389,0,325,46,180,-26,86,0" owari="389,48.9,371,17.1,154,-24.6,86,-41.4" /></mjloggm>