<mjloggm ver="2.3"><GO type="225" lobby="0"/><UN n0="%E3%81%A8%E3%82%93%E3%81%A8%E3%81%93%E3%81%A8%E3%82%93" n1="%E3%82%B2%E3%82%B9%E8%8C%82%E5%8B%9D" n2="%E3%81%B2%E3%81%BE%E3%81%A4%E3%81%B6%E3%81%97" n3="%72%61%6B%33" dan="16,16,16,16" rate="2146.60,2064.03,2180.04,2111.66" sx="F,F,M,M"/><TAIKYOKU oya="0"/><INIT seed="0,0,0,1,2,18" ten="250,250,250,250" oya="0" hai0="89,105,132,130,0,24,79,116,106,56,91,10,58" hai1="19,2,53,13,117,36,109,3,111,11,61,102,88" hai2="121,82,85,52,119,129,50,42,38,55,77,80,113" hai3="64,17,94,23,15,90,107,84,31,27,78,20,73"/><T7/><D116/><U99/><E117/><V114/><F119/><W49/><G107/><T108/><D130/><U112/><E36/><V103/><F121/><W40/><G73/><T92/><D132/><U97/><E112/><V29/><F129/><W47/><G64/><T95/><D79/><AGARI ba="0,0" hai="15,17,20,23,27,31,40,47,49,78,79,84,90,94" machi="79" ten="40,5200,0" yaku="8,1,52,2" doraHai="18" who="3" fromWho="0" sc="250,-52,250,0,250,0,250,52" /><INIT seed="1,0,0,0,4,86" ten="198,250,250,302" oya="1" hai0="90,89,27,39,109,73,110,13,41,124,5,78,88" hai1="127,95,135,121,20,29,94,72,53,101,37,96,8" hai2="97,7,19,49,131,93,66,56,103,44,122,57,28" hai3="52,3,111,76,91,105,83,81,128,42,31,107,11"/><U38/><E121/><V84/><F122/><W74/><G111/><N who="0" m="42507" /><D124/><U87/><E72/><V130/><F7/><W59/><G128/><N who="2" m="49193" /><F66/><W61/><G31/><T126/><D126/><U98/><E127/><V1/><F1/><W92/><G83/><N who="0" m="45519" /><D27/><U22/><E135/><V9/><F28/><W30/><G42/><T23/><D23/><U104/><E87/><V15/><F84/><W21/><G11/><N who="0" m="4335" /><D41/><AGARI ba="0,0" hai="9,15,19,41,44,49,56,57,93,97,103" m="49193" machi="41" ten="30,1000,0" yaku="19,1" doraHai="86" who="2" fromWho="0" sc="198,-10,250,0,250,10,302,0" /><INIT seed="2,0,0,3,1,13" ten="188,250,260,302" oya="2" hai0="51,36,76,58,88,128,123,17,126,55,60,84,47" hai1="30,95,29,81,78,23,32,73,26,130,64,90,18" hai2="57,69,66,82,25,0,42,79,109,100,74,41,134" hai3="106,22,121,70,61,2,86,124,38,120,68,96,46"/><V127/><F134/><W19/><G2/><T71/><D123/><U72/><E130/><V40/><F109/><W115/><G86/><T118/><D128/><U77/><E64/><V5/><F127/><W135/><G124/><T9/><D126/><U53/><E53/><V49/><F100/><W62/><G135/><T104/><D104/><U39/><E39/><V44/><F25/><W14/><G115/><T131/><D131/><U108/><E108/><V110/><F110/><W6/><G6/><T1/><D118/><U97/><REACH who="1" step="1"/><E32/><REACH who="1" ten="188,240,260,302" step="2"/><V65/><F66/><W129/><G129/><T103/><D36/><U15/><E15/><V52/><F65/><W3/><G38/><T92/><D1/><U80/><AGARI ba="0,1" hai="18,23,26,29,30,72,73,77,78,80,81,90,95,97" machi="80" ten="30,7900,0" yaku="1,1,0,1,9,1,52,1,53,0" doraHai="13" doraHaiUra="31" who="1" fromWho="1" sc="188,-20,240,89,260,-39,302,-20" /><INIT seed="3,0,0,4,4,6" ten="168,329,221,282" oya="3" hai0="27,81,13,127,9,28,121,4,52,14,102,93,120" hai1="44,19,71,18,78,34,63,42,53,15,35,67,41" hai2="90,100,73,47,86,5,80,109,3,89,125,12,106" hai3="62,57,108,84,124,123,36,20,91,112,68,10,11"/><W116/><G112/><T70/><D70/><U16/><E78/><V59/><F109/><W22/><G116/><T107/><D107/><U32/><E53/><V104/><F3/><W105/><G123/><T76/><D127/><U129/><E129/><V134/><F125/><W17/><G124/><T122/><D14/><U31/><E41/><V82/><F59/><W117/><G117/><T65/><D65/><U131/><E131/><V69/><F47/><W88/><G36/><T40/><D40/><U43/><E43/><V0/><F0/><W54/><G108/><T92/><D102/><U21/><REACH who="1" step="1"/><E31/><REACH who="1" ten="168,319,221,282" step="2"/><V135/><F73/><W132/><G132/><T60/><D28/><U45/><E45/><V118/><F118/><W94/><G105/><T75/><REACH who="0" step="1"/><D27/><REACH who="0" ten="158,319,221,282" step="2"/><U64/><E64/><V72/><F106/><W126/><G126/><T37/><D37/><AGARI ba="0,2" hai="15,16,18,19,21,32,34,35,37,42,44,63,67,71" machi="37" ten="40,2600,0" yaku="1,1,54,1,53,0" doraHai="6" doraHaiUra="97" who="1" fromWho="0" sc="158,-26,319,46,221,0,282,0" owari="132,-36.8,365,46.5,221,-17.9,282,8.2" /></mjloggm>