<mjloggm ver="2.3"><GO type="225" lobby="0"/><UN n0="%4C%4F%4C%49%54%41" n1="%E3%83%A9%E3%83%BC%E3%83%A1%E3%83%B3%E4%BA%94%E9%83%8E" n2="%E9%97%98%E5%B0%86%E3%81%A0%E3%82%93%E3%81%A7%E3%81%83" n3="%6D%75%75%73%61%6E%6D%75" dan="16,16,16,16" rate="2145.89,2098.05,2127.90,2066.45" sx="F,M,M,F"/><TAIKYOKU oya="0"/><INIT seed="0,0,0,3,2,119" ten="250,250,250,250" oya="0" hai0="89,15,35,16,62,31,22,132,46,7,126,103,84" hai1="10,94,67,101,122,17,117,85,48,110,5,112,68" hai2="49,134,73,127,83,8,98,124,21,120,41,54,65" hai3="80,37,121,40,108,4,52,99,113,91,111,39,32"/><T82/><D132/><U28/><E117/><V78/><F134/><W56/><G113/><T97/><D126/><N who="2" m="48170" /><F65/><W42/><G32/><T77/><D7/><U18/><E112/><V71/><F71/><W102/><G4/><T45/><D62/><U81/><E110/><N who="3" m="42026" /><G91/><T63/><D63/><U86/><E68/><V131/><F41/><N who="3" m="15979" /><G80/><T23/><D35/><U72/><E67/><V106/><F131/><W95/><G121/><T133/><D133/><U60/><E122/><V19/><F120/><W50/><AGARI ba="0,0" hai="37,39,50,52,56,95,99,102" m="15979,42026" machi="50" ten="30,2000,0" yaku="14,1,54,1" doraHai="119" who="3" fromWho="3" sc="250,-10,250,-5,250,-5,250,20" /><INIT seed="1,0,0,2,0,126" ten="240,245,245,270" oya="1" hai0="62,87,2,133,102,71,127,17,31,28,67,1,63" hai1="29,21,9,95,3,86,105,113,81,111,25,54,56" hai2="42,50,20,30,90,77,83,121,15,57,4,16,6" hai3="8,10,23,11,120,34,39,89,73,80,104,46,100"/><U119/><E113/><V130/><F130/><W98/><G34/><T84/><D127/><U78/><E119/><V76/><F121/><W22/><G120/><T26/><D133/><U37/><E105/><V128/><F128/><W13/><G13/><T65/><D17/><U43/><E111/><V110/><F110/><W118/><G118/><T51/><D51/><U27/><E27/><V41/><F30/><W68/><G68/><T103/><REACH who="0" step="1"/><D26/><REACH who="0" ten="230,245,245,270" step="2"/><U35/><E25/><V107/><F4/><W12/><G39/><T94/><D94/><U19/><E95/><V18/><F6/><W40/><G104/><T49/><D49/><U82/><E19/><V134/><F134/><W101/><G11/><T124/><D124/><U117/><E37/><V72/><F107/><W96/><G10/><T93/><D93/><U36/><E9/><V116/><F116/><W132/><G132/><T91/><D91/><U0/><E117/><V64/><F90/><W114/><G89/><T48/><D48/><U60/><E36/><V44/><F18/><W85/><G8/><T66/><D66/><U122/><E122/><V70/><F42/><W74/><G40/><T5/><D5/><U109/><E43/><V125/><F125/><W14/><G14/><T106/><D106/><U69/><E109/><V32/><F41/><W52/><G12/><T112/><D112/><U59/><E0/><V58/><F50/><W99/><G114/><T45/><D45/><U88/><E3/><V7/><F44/><W123/><G46/><T53/><D53/><U38/><E54/><V115/><F7/><RYUUKYOKU ba="0,1" sc="230,30,245,-10,245,-10,270,-10" hai0="1,2,28,31,62,63,65,67,71,84,87,102,103" /><INIT seed="2,1,1,5,0,48" ten="260,235,235,260" oya="2" hai0="84,53,128,104,82,85,135,86,28,55,16,23,74" hai1="124,57,119,107,122,111,62,103,17,68,93,65,108" hai2="79,24,7,1,32,90,81,125,131,95,70,133,10" hai3="109,54,110,35,126,69,31,21,97,123,114,63,56"/><V25/><F133/><W43/><G123/><T27/><D104/><U120/><E119/><V102/><F131/><W40/><G126/><T36/><D36/><U52/><E107/><V0/><F125/><W6/><G35/><T19/><D128/><U117/><E117/><V66/><F102/><W47/><G114/><T26/><D135/><U72/><E72/><V73/><F1/><W112/><G112/><T41/><D41/><U118/><E118/><V5/><F5/><W14/><G69/><T96/><D96/><N who="1" m="59791" /><E17/><V8/><F8/><N who="3" m="4375" /><G97/><T121/><D121/><N who="1" m="46699" /><E124/><V71/><F66/><W99/><G99/><T15/><D74/><U2/><E2/><V30/><F25/><N who="3" m="16815" /><G47/><T76/><D26/><U105/><E105/><V13/><F0/><W100/><G100/><T50/><D50/><AGARI ba="1,1" hai="50,52,57,62,65,68,108,111" m="46699,59791" machi="50" ten="30,3900,0" yaku="13,1,52,1,54,1" doraHai="48" who="1" fromWho="0" sc="260,-42,235,52,235,0,260,0" /><INIT seed="3,0,0,2,1,98" ten="218,287,235,260" oya="3" hai0="79,114,9,120,49,112,6,51,67,10,100,74,116" hai1="101,70,31,1,109,69,89,12,21,36,125,28,127" hai2="60,72,34,66,11,107,39,19,88,45,63,77,59" hai3="111,83,33,32,38,115,7,13,61,68,40,8,85"/><W113/><G38/><T43/><D116/><U91/><E1/><V92/><F34/><W133/><G40/><T119/><D119/><U35/><E36/><V122/><F107/><W29/><G133/><T22/><D120/><U93/><E109/><V20/><F122/><W95/><G111/><T97/><D67/><U27/><E35/><V71/><F11/><W18/><G32/><T96/><D22/><U99/><E12/><V103/><F103/><W76/><G68/><N who="1" m="26218" /><E31/><V64/><F45/><W41/><G41/><T134/><D134/><U55/><E55/><V53/><F39/><W5/><G61/><T121/><D121/><U86/><E86/><V2/><F2/><W14/><G95/><T102/><D43/><U62/><E62/><V118/><F118/><W87/><G87/><T23/><D23/><U106/><E106/><V50/><F72/><W135/><G135/><T4/><D79/><U3/><E3/><V124/><F77/><W129/><G14/><T80/><D80/><U37/><E37/><V56/><F20/><W48/><G48/><T94/><D94/><U44/><E44/><V81/><F81/><W16/><G33/><T58/><REACH who="0" step="1"/><D58/><REACH who="0" ten="208,287,235,260" step="2"/><U78/><E78/><V15/><F124/><AGARI ba="0,1" hai="21,27,28,89,91,93,99,101,124,125,127" m="26218" machi="124" ten="30,2000,0" yaku="18,1,52,1" doraHai="98" who="1" fromWho="2" sc="208,0,287,30,235,-20,260,0" owari="208,-29.2,317,41.7,215,-18.5,260,6.0" /></mjloggm>