<mjloggm ver="2.3"><GO type="225" lobby="0"/><UN n0="%E8%B6%85%E7%B4%9A%E9%B3%B3%E5%87%B0" n1="%E3%83%8F%E3%83%B3%E3%83%89%E3%83%A9%E3%83%BC%E3%83%BB%E3%83%AF%E3%83%B3" n2="%72%69%6F%75%63%68%61%6E" n3="%E6%9D%B1%E9%A2%A8%E3%81%AE%E3%81%8D%E3%82%83%E3%81%B7%E3%81%95%E3%82%93" dan="17,16,16,17" rate="2195.98,2184.49,2135.72,2260.32" sx="M,M,M,M"/><TAIKYOKU oya="0"/><INIT seed="0,0,0,1,5,33" ten="250,250,250,250" oya="0" hai0="4,25,5,61,132,109,47,95,96,44,37,70,18" hai1="80,81,92,19,131,60,7,59,76,73,52,58,105" hai2="43,99,119,97,29,68,0,71,38,48,64,9,67" hai3="65,101,126,82,56,122,57,110,121,26,11,84,10"/><T15/><D132/><U40/><E131/><V36/><F29/><W45/><G126/><T129/><D129/><U111/><E111/><V28/><F28/><W78/><G110/><T91/><D109/><U98/><E40/><V115/><F115/><W89/><G101/><T1/><D25/><U112/><E112/><V128/><F128/><W24/><G45/><T35/><D35/><U32/><E32/><V13/><F119/><W108/><G108/><T31/><D31/><U22/><E105/><V85/><F85/><W104/><G104/><T46/><D37/><N who="2" m="14442" /><F13/><W120/><G78/><T53/><D1/><U50/><E7/><V94/><F94/><W16/><G57/><N who="0" m="34991" /><D70/><N who="2" m="26666" /><F9/><AGARI ba="0,0" hai="4,5,9,15,18,44,46,47,91,95,96" m="34991" machi="9" ten="30,1500,0" yaku="8,1" doraHai="33" who="0" fromWho="2" sc="250,15,250,0,250,-15,250,0" /><INIT seed="0,1,0,2,0,96" ten="265,250,235,250" oya="0" hai0="134,76,135,115,29,27,121,105,37,82,58,64,43" hai1="56,106,93,30,86,57,78,12,101,32,60,88,102" hai2="3,119,67,35,34,125,42,55,50,110,10,114,40" hai3="53,81,69,131,9,70,28,95,116,51,25,23,46"/><T1/><D115/><U71/><E106/><V132/><F114/><W0/><G116/><T62/><D121/><U122/><E122/><V73/><F73/><W89/><G131/><T124/><D1/><U8/><E71/><V97/><F119/><W68/><G81/><T117/><D117/><U15/><E32/><V2/><F67/><W48/><G48/><T126/><D105/><U17/><E30/><V5/><F2/><W91/><REACH who="3" step="1"/><G95/><REACH who="3" ten="265,250,235,240" step="2"/><T38/><D124/><U31/><E78/><V66/><F50/><W16/><G16/><T33/><D126/><U36/><E36/><V22/><F125/><W109/><G109/><T49/><D49/><U7/><E31/><V77/><F110/><W128/><G128/><T107/><D107/><U59/><E60/><V133/><F132/><N who="0" m="50730" /><D43/><U39/><E39/><V72/><F40/><W4/><AGARI ba="1,1" hai="0,4,9,23,25,28,46,51,53,68,69,70,89,91" machi="4" ten="40,2700,0" yaku="1,1,0,1,53,0" doraHai="96" doraHaiUra="129" who="3" fromWho="3" sc="265,-14,250,-8,235,-8,240,40" /><INIT seed="1,0,0,5,5,50" ten="251,242,227,280" oya="1" hai0="44,131,54,90,52,85,111,58,5,17,105,70,47" hai1="66,87,103,78,95,100,122,106,75,0,49,113,16" hai2="35,29,68,32,120,65,1,19,24,51,77,127,40" hai3="92,55,81,63,37,135,112,36,76,129,132,123,89"/><U33/><E113/><V57/><F120/><W84/><G123/><T109/><D70/><U38/><E38/><V62/><F127/><W94/><G129/><T27/><D105/><U41/><E0/><V46/><F1/><W25/><G25/><T88/><D131/><U48/><E33/><V83/><F19/><W121/><G121/><T79/><D5/><U18/><E75/><V108/><F108/><N who="0" m="41546" /><D79/><U21/><E106/><V12/><F12/><W61/><G112/><T13/><D27/><U20/><E66/><V126/><F126/><W133/><G94/><N who="0" m="54543" /><D90/><N who="1" m="53727" /><E78/><V14/><F14/><W91/><G91/><T7/><D7/><U26/><E122/><V2/><F2/><W56/><REACH who="3" step="1"/><G61/><REACH who="3" ten="251,242,227,270" step="2"/><N who="0" m="36039" /><D54/><U74/><E41/><V34/><REACH who="2" step="1"/><F68/><REACH who="2" ten="251,242,217,270" step="2"/><W9/><G9/><AGARI ba="0,2" hai="9,13,17,44,47" m="36039,54543,41546" machi="9" ten="30,7700,0" yaku="14,1,52,1,54,2" doraHai="50" who="0" fromWho="3" sc="251,97,242,0,217,0,270,-77" /><INIT seed="2,0,0,2,5,61" ten="348,242,217,193" oya="2" hai0="24,56,35,3,117,6,20,88,19,79,103,52,59" hai1="0,70,135,9,99,76,73,94,112,10,8,38,77" hai2="29,66,27,126,69,111,108,14,51,42,47,12,72" hai3="53,133,58,86,89,28,104,26,85,23,110,107,75"/><V32/><F126/><W40/><G75/><T105/><D117/><U55/><E112/><V11/><F72/><W80/><G110/><N who="2" m="42025" /><F11/><W121/><G121/><T109/><D109/><U83/><E0/><V114/><F114/><W31/><G133/><T82/><D35/><U64/><E135/><V93/><F93/><W67/><G40/><T46/><D105/><U78/><E38/><V119/><F119/><W74/><G74/><T116/><D103/><U5/><E5/><V68/><F68/><W62/><G31/><T127/><D116/><U118/><E118/><V36/><F51/><W39/><G39/><T17/><D127/><U25/><E25/><V45/><F47/><W22/><G22/><T100/><D100/><U98/><E98/><V120/><F120/><W128/><G128/><T1/><D46/><U16/><E8/><V115/><F115/><W131/><G131/><T30/><D59/><U102/><E9/><V34/><F32/><W48/><REACH who="3" step="1"/><G85/><REACH who="3" ten="348,242,217,183" step="2"/><T97/><D20/><U91/><E73/><V21/><F21/><W124/><G124/><T132/><D132/><U129/><E129/><V37/><F36/><W54/><G54/><T125/><D52/><U44/><E55/><V81/><F81/><W96/><G96/><T113/><D82/><U49/><E83/><V95/><F95/><W7/><G7/><T130/><D113/><U13/><E99/><V84/><F84/><W92/><G92/><T71/><D130/><U60/><E94/><V87/><F87/><W2/><G2/><T123/><D125/><U106/><E106/><V4/><F4/><RYUUKYOKU ba="0,1" sc="348,-15,242,-15,217,15,183,15" hai2="12,14,27,29,34,37,42,45,66,69" hai3="23,26,28,48,53,58,62,67,80,86,89,104,107" /><INIT seed="2,1,1,0,1,63" ten="333,227,232,198" oya="2" hai0="14,83,92,125,86,109,101,72,36,62,21,88,43" hai1="12,42,15,46,35,3,54,80,87,113,58,65,47" hai2="75,124,49,33,41,108,60,121,123,52,23,110,4" hai3="22,132,77,13,120,78,68,89,74,9,51,57,105"/><V10/><F33/><W25/><G68/><T71/><D109/><N who="2" m="42090" /><F124/><W40/><G132/><T94/><D125/><U29/><E3/><N who="2" m="287" /><F75/><W104/><G120/><T18/><D101/><U2/><E2/><V134/><F134/><W31/><G74/><T45/><REACH who="0" step="1"/><D72/><REACH who="0" ten="323,227,232,198" step="2"/><U116/><E113/><V91/><F121/><W56/><G105/><T30/><D30/><U20/><E29/><V81/><F123/><W50/><G104/><T96/><D96/><U61/><E87/><N who="2" m="50671" /><F23/><W98/><G98/><T133/><D133/><U16/><E20/><V6/><F6/><W39/><G22/><T126/><D126/><U55/><E35/><V32/><F32/><W135/><G31/><T69/><D69/><U95/><E116/><V128/><F128/><W70/><G135/><T82/><D82/><U37/><E80/><V130/><F130/><W64/><G70/><T90/><D90/><U34/><E34/><V106/><F106/><W48/><G89/><T79/><D79/><U97/><E97/><V99/><F99/><W7/><G78/><T27/><D27/><U102/><E102/><V117/><F117/><W53/><G77/><T0/><D0/><U67/><E95/><V28/><F28/><W19/><G25/><T112/><D112/><U44/><E12/><V11/><F11/><W17/><G7/><T26/><D26/><U103/><E103/><V115/><F115/><W1/><G1/><T118/><D118/><U111/><E111/><V66/><F41/><W100/><G40/><T122/><D122/><U5/><E42/><V85/><F85/><W93/><G9/><RYUUKYOKU ba="1,2" sc="323,30,227,-10,232,-10,198,-10" hai0="14,18,21,36,43,45,62,71,83,86,88,92,94" /><INIT seed="3,2,2,4,2,105" ten="353,217,222,188" oya="3" hai0="131,100,120,30,81,25,35,36,70,61,90,0,8" hai1="103,54,21,79,128,101,86,84,45,114,37,108,116" hai2="75,40,39,115,89,47,104,11,31,48,63,13,33" hai3="50,133,94,6,10,71,32,17,5,110,132,46,111"/><W83/><G71/><T62/><D120/><U22/><E114/><V126/><F115/><W121/><G121/><T93/><D36/><U27/><E108/><N who="3" m="41514" /><G32/><T41/><D131/><U125/><E128/><V7/><F75/><W113/><G113/><T57/><D70/><U24/><E125/><V20/><F33/><W117/><G117/><T43/><D100/><N who="1" m="38475" /><E37/><V28/><F104/><W91/><G83/><T34/><D81/><N who="1" m="47167" /><E86/><V106/><F106/><W112/><G112/><T85/><D35/><U1/><E1/><V77/><F126/><W109/><N who="3" m="41522" /><W23/><DORA hai="49" /><G94/><T129/><D129/><U59/><E45/><V69/><F77/><W73/><G91/><T99/><D85/><U97/><E97/><V72/><F72/><W51/><G73/><T58/><D0/><U64/><E64/><V98/><F39/><W76/><G76/><T55/><D8/><U12/><E116/><V130/><F130/><W80/><G80/><T82/><D82/><U26/><E12/><V122/><F122/><W74/><G74/><T88/><D90/><U2/><E2/><V29/><F89/><W14/><G5/><T134/><D88/><U4/><E4/><V92/><F92/><W118/><G118/><T127/><D127/><U66/><E66/><N who="2" m="41183" /><F98/><W96/><G96/><T3/><D99/><U95/><E95/><V65/><F65/><W123/><G123/><T18/><D93/><U135/><E135/><N who="3" m="51786" /><G46/><T102/><D134/><U56/><E56/><V107/><F107/><W60/><G60/><AGARI ba="2,2" hai="21,22,24,26,27,54,59,60" m="47167,38475" machi="60" ten="30,2000,0" yaku="8,1,52,1" doraHai="105,49" who="1" fromWho="3" sc="353,0,217,46,222,0,188,-26" owari="353,45.3,263,6.3,222,-17.8,162,-33.8" /></mjloggm>