<mjloggm ver="2.3"><GO type="225" lobby="0"/><UN n0="%E5%8D%A0%E3%81%84%E5%B8%AB%E8%A3%8F%E3%81%AA%E3%81%84%E3%81%97" n1="%E3%81%BF%E3%81%BF%E3%81%9A" n2="%E3%82%B2%E3%82%B9%E8%8C%82%E5%8B%9D" n3="%E3%81%A8%E3%82%93%E3%81%A8%E3%81%93%E3%81%A8%E3%82%93" dan="16,16,16,16" rate="2137.29,2138.47,2059.59,2115.32" sx="M,M,F,M"/><TAIKYOKU oya="0"/><INIT seed="0,0,0,1,5,113" ten="250,250,250,250" oya="0" hai0="67,27,25,40,51,24,102,48,117,60,41,111,74" hai1="70,8,94,89,85,128,66,64,50,39,87,118,4" hai2="115,29,108,83,125,55,81,37,112,84,96,135,23" hai3="63,58,33,105,73,15,91,26,133,109,100,92,59"/><T47/><D74/><U86/><E39/><V127/><F37/><W101/><G73/><T72/><D72/><U110/><E110/><V5/><F5/><W19/><G109/><T46/><D111/><U42/><E128/><V21/><F108/><W9/><G133/><T98/><D117/><U10/><E118/><V62/><F135/><W122/><G122/><T61/><REACH who="0" step="1"/><D67/><REACH who="0" ten="240,250,250,250" step="2"/><N who="1" m="25643" /><E70/><V28/><F112/><W52/><G105/><AGARI ba="0,1" hai="24,25,27,40,41,46,47,48,51,60,61,98,102,105" machi="105" ten="40,3900,0" yaku="1,1,9,1,53,0" doraHai="113" doraHaiUra="53" who="0" fromWho="3" sc="240,49,250,0,250,0,250,-39" /><INIT seed="0,1,0,4,3,98" ten="289,250,250,211" oya="0" hai0="122,76,61,34,107,57,101,94,124,11,10,6,26" hai1="126,58,0,68,77,110,118,71,37,44,83,35,109" hai2="135,25,36,45,127,84,21,78,22,104,62,64,2" hai3="113,15,82,14,38,67,133,134,51,128,129,115,87"/><T24/><D122/><U69/><E118/><V31/><F127/><W111/><G38/><T102/><D107/><U125/><E35/><V23/><F135/><N who="3" m="51723" /><G67/><N who="0" m="39343" /><D34/><U9/><E58/><V42/><F2/><W105/><G105/><T1/><D1/><U60/><E60/><V131/><F131/><N who="3" m="50251" /><G51/><T32/><D124/><N who="1" m="47723" /><E44/><V79/><F104/><W3/><G3/><T93/><D32/><U114/><E37/><V13/><F13/><N who="3" m="4619" /><G111/><T59/><D76/><AGARI ba="1,0" hai="76,82,87,113,115" m="4619,50251,51723" machi="76" ten="30,2000,0" yaku="20,1,19,1" doraHai="98" who="3" fromWho="0" sc="289,-23,250,0,250,0,211,23" /><INIT seed="1,0,0,2,4,91" ten="266,250,250,234" oya="1" hai0="109,80,20,6,111,130,133,106,55,16,53,124,123" hai1="76,42,45,22,83,99,129,54,58,77,70,117,93" hai2="21,135,97,101,26,96,66,13,36,100,38,95,85" hai3="32,5,48,75,115,65,81,3,69,116,57,18,126"/><U31/><E117/><V119/><F135/><W12/><G115/><T84/><D133/><U9/><E70/><V134/><F134/><W56/><G32/><T79/><D106/><U94/><E129/><V88/><F119/><W49/><G116/><T0/><D130/><U2/><E2/><V60/><F13/><W14/><G3/><T25/><D124/><U29/><E9/><V108/><F108/><N who="0" m="41546" /><D123/><U64/><E64/><V89/><F38/><W19/><G5/><T7/><D0/><U73/><E99/><V34/><F34/><W92/><G69/><T41/><D41/><U72/><E22/><V132/><F36/><W30/><G30/><T40/><D40/><U71/><E71/><V50/><F50/><W98/><G75/><T1/><D1/><U28/><E45/><V24/><F132/><W11/><G81/><T15/><D6/><U44/><E44/><V90/><F85/><W67/><G126/><T102/><D102/><U105/><E105/><V46/><F46/><W78/><G78/><T43/><D43/><U87/><E42/><V23/><F21/><N who="3" m="11463" /><G57/><T103/><D103/><U121/><E121/><V110/><F110/><W113/><G113/><T17/><D7/><U37/><E37/><V59/><REACH who="2" step="1"/><F23/><AGARI ba="0,0" hai="15,16,17,20,23,25,53,55,79,80,84" m="41546" machi="23" ten="30,2000,0" yaku="14,1,54,1" doraHai="91" who="0" fromWho="2" sc="266,20,250,0,250,-20,234,0" /><INIT seed="2,0,0,3,4,92" ten="286,250,230,234" oya="2" hai0="59,66,24,41,42,29,2,70,80,78,61,54,65" hai1="26,47,85,84,30,116,15,135,46,50,35,39,31" hai2="69,81,62,0,37,19,28,122,68,1,129,6,96" hai3="117,91,14,99,111,72,52,106,79,120,32,123,115"/><V121/><F37/><W16/><G117/><T124/><D2/><U130/><E116/><V94/><F28/><W87/><G32/><T49/><D124/><U8/><E130/><V104/><F104/><W10/><G111/><T51/><D66/><U36/><E135/><V60/><F129/><W102/><G115/><T45/><D41/><U83/><E30/><V56/><F81/><N who="3" m="45287" /><G52/><T34/><D80/><U64/><E64/><V20/><F121/><W4/><G4/><T131/><D78/><U128/><E128/><V38/><F38/><W7/><G7/><T118/><D131/><U22/><E84/><V40/><F40/><W134/><G134/><T11/><D11/><U3/><E47/><V5/><F122/><W97/><G97/><T98/><D98/><U90/><E35/><V86/><F86/><W63/><G63/><T127/><D127/><U71/><E71/><V55/><F5/><W101/><G102/><T18/><D18/><N who="1" m="8551" /><E3/><V77/><F77/><W17/><G17/><T74/><REACH who="0" step="1"/><D118/><REACH who="0" ten="276,250,230,234" step="2"/><U95/><E39/><V58/><F6/><W88/><G91/><T76/><D76/><U112/><E36/><V82/><F82/><W57/><G57/><T89/><D89/><U75/><E112/><V27/><F68/><W105/><G106/><T44/><D44/><U13/><E75/><AGARI ba="0,1" hai="24,29,34,42,45,49,51,54,59,61,65,70,74,75" machi="75" ten="40,1300,0" yaku="1,1,53,0" doraHai="92" doraHaiUra="110" who="0" fromWho="1" sc="276,23,250,-13,230,0,234,0" /><INIT seed="3,0,0,4,4,87" ten="299,237,230,234" oya="3" hai0="59,0,105,79,90,125,81,96,48,113,66,86,56" hai1="26,9,50,99,68,67,33,45,19,130,108,98,94" hai2="107,120,117,104,109,21,121,92,114,36,83,71,124" hai3="128,91,52,69,111,106,38,84,93,132,28,127,51"/><W63/><G38/><T75/><D0/><U129/><E68/><V80/><F71/><W82/><G106/><N who="2" m="40489" /><F36/><W89/><G127/><T14/><D125/><U102/><E67/><V123/><F21/><W12/><G128/><N who="1" m="49258" /><E108/><V57/><F124/><W134/><G28/><T77/><D113/><U49/><E9/><V10/><F10/><W65/><G12/><T122/><D122/><U115/><E115/><V16/><F114/><W126/><G111/><T53/><D75/><U54/><E99/><V64/><F16/><W60/><G60/><N who="0" m="38175" /><D105/><U39/><E39/><V78/><F109/><W43/><G43/><T27/><D96/><U18/><E49/><V24/><F24/><W5/><G5/><T103/><D27/><U70/><E70/><V30/><F30/><AGARI ba="0,0" hai="18,19,26,30,33,45,50,54,94,98,102" m="49258" machi="30" ten="30,1000,0" yaku="19,1" doraHai="87" who="1" fromWho="2" sc="299,0,237,10,230,-10,234,0" /><INIT seed="4,0,0,5,3,48" ten="299,247,220,234" oya="0" hai0="73,104,84,78,129,80,13,33,101,132,28,123,67" hai1="88,131,52,83,10,19,45,114,102,98,124,37,27" hai2="94,11,66,135,120,14,0,106,12,110,50,3,85" hai3="71,60,21,90,32,97,107,53,119,24,109,96,65"/><T72/><D123/><U75/><E124/><V36/><F36/><W82/><G109/><T25/><D13/><U76/><E131/><V61/><F110/><W117/><G32/><T30/><D30/><U38/><E114/><V43/><F120/><W108/><G108/><T118/><D118/><U42/><E38/><V113/><F113/><W81/><G53/><T112/><D112/><U103/><E10/><V22/><F106/><W51/><G51/><T55/><D129/><U127/><E127/><V126/><F126/><W7/><G7/><T121/><D121/><U54/><E88/><N who="2" m="53519" /><F135/><W74/><G74/><T87/><D72/><U63/><E63/><V8/><F3/><W1/><G1/><T20/><D67/><U29/><E19/><N who="2" m="10599" /><F0/><W57/><G71/><T79/><D33/><U39/><E103/><V49/><F43/><W115/><G115/><T128/><D128/><U92/><E37/><V86/><F86/><N who="3" m="50511" /><G107/><T46/><D132/><U122/><E122/><V6/><F8/><W58/><G117/><T77/><D84/><U44/><E44/><V59/><AGARI ba="0,0" hai="6,11,14,49,50,59,61,66" m="10599,53519" machi="59" ten="30,2000,0" yaku="8,1,54,1" doraHai="48" who="2" fromWho="2" sc="299,-10,247,-5,220,20,234,-5" /><INIT seed="5,0,0,3,1,13" ten="289,242,240,229" oya="1" hai0="89,71,117,49,16,42,57,2,93,0,9,11,115" hai1="88,31,76,131,58,68,54,96,34,39,91,98,79" hai2="10,72,64,69,32,99,108,123,65,78,41,134,66" hai3="109,92,85,37,59,75,48,83,95,97,4,113,133"/><U62/><E39/><V20/><F123/><W56/><G37/><T38/><D71/><U25/><E131/><V128/><F108/><W1/><G109/><T132/><D117/><U3/><E3/><V51/><F32/><W14/><G1/><T102/><D115/><U118/><E118/><V35/><F35/><W18/><G75/><T87/><D38/><U17/><E68/><V129/><F10/><W101/><G113/><T7/><D132/><U77/><REACH who="1" step="1"/><E17/><REACH who="1" ten="289,232,240,229" step="2"/><V12/><F69/><W120/><G133/><T5/><D16/><U40/><E40/><V55/><F134/><W104/><G120/><T114/><D114/><U111/><E111/><V30/><F41/><W125/><G125/><T100/><D42/><U47/><E47/><V36/><F36/><W106/><G4/><T122/><D122/><U82/><E82/><V24/><F128/><W126/><G126/><T90/><D57/><U44/><E44/><V81/><F129/><W124/><G124/><T105/><D5/><U28/><E28/><V103/><F30/><W6/><G6/><T46/><D7/><U22/><E22/><V110/><F110/><W43/><G59/><T94/><D0/><U26/><E26/><V8/><F24/><W15/><G18/><T84/><D2/><U45/><E45/><N who="2" m="28143" /><F20/><W119/><G119/><T67/><D46/><U130/><E130/><V53/><F8/><W80/><G43/><T21/><D21/><U52/><E52/><V86/><F53/><N who="3" m="31783" /><G83/><T29/><D29/><U60/><E60/><V73/><F12/><N who="3" m="4651" /><G80/><T27/><D27/><U19/><E19/><RYUUKYOKU ba="0,1" sc="289,-30,232,10,240,10,229,10" hai1="25,31,34,54,58,62,76,77,79,88,91,96,98" hai2="64,65,66,72,73,78,81,86,99,103" hai3="85,92,95,97,101,104,106" /><INIT seed="5,1,1,2,1,135" ten="259,242,250,239" oya="1" hai0="106,50,78,57,2,26,24,71,131,47,58,134,70" hai1="92,1,72,49,79,40,93,109,121,82,36,127,46" hai2="18,28,17,102,132,99,32,104,119,14,39,80,66" hai3="124,130,41,48,108,126,53,65,44,115,23,3,62"/><U100/><E121/><V77/><F132/><W30/><G108/><T87/><D134/><U111/><E100/><V20/><F119/><W86/><G3/><T117/><D2/><U54/><E127/><N who="3" m="48682" /><G115/><T73/><D106/><U52/><E1/><V51/><F39/><W38/><G130/><T19/><D73/><U94/><REACH who="1" step="1"/><E54/><REACH who="1" ten="259,232,250,239" step="2"/><V21/><F102/><W12/><G86/><T7/><D87/><U43/><E43/><V5/><F99/><W56/><G30/><T84/><D84/><U114/><E114/><V8/><F28/><W16/><G65/><T83/><D117/><U75/><E75/><V31/><F66/><W113/><G113/><T74/><D74/><U61/><E61/><AGARI ba="1,2" hai="12,16,23,38,41,44,48,53,56,61,62" m="48682" machi="61" ten="30,8000,1" yaku="18,1,52,3,54,1" doraHai="135" who="3" fromWho="1" sc="259,0,232,-83,250,0,239,103" owari="259,5.9,149,-35.1,250,-15.0,342,44.2" /></mjloggm>