<mjloggm ver="2.3"><GO type="225" lobby="0"/><UN n0="%73%6C%69%63%6B%33%31%39" n1="%6B%65%6E%6E%64%69" n2="%6D%75%75%6D%75%72%61" n3="%E5%B8%86%E7%AB%8B%E5%A4%8F%E8%A1%A3" dan="16,16,17,16" rate="2101.10,2183.31,2185.93,2097.79" sx="M,M,F,M"/><TAIKYOKU oya="0"/><INIT seed="0,0,0,1,0,5" ten="250,250,250,250" oya="0" hai0="33,44,41,80,103,93,37,42,57,85,26,8,12" hai1="84,65,91,79,56,72,31,125,76,68,19,10,70" hai2="66,100,119,83,77,6,98,61,115,0,14,105,107" hai3="11,60,134,94,39,88,108,114,27,32,36,106,69"/><T29/><D42/><U59/><E125/><V48/><F115/><W15/><G114/><T51/><D103/><U82/><E31/><V74/><F119/><W73/><G73/><T86/><D93/><U95/><E79/><V81/><F0/><W121/><G106/><T30/><D30/><U122/><E122/><V127/><F127/><W13/><G32/><T132/><D132/><U62/><REACH who="1" step="1"/><E70/><REACH who="1" ten="250,240,250,250" step="2"/><V55/><F77/><W90/><G69/><T97/><D97/><U17/><E17/><V43/><F98/><W120/><G121/><T40/><D85/><U129/><E129/><V35/><F74/><W123/><G120/><T71/><D71/><U118/><E118/><V67/><F6/><W99/><G123/><T38/><D86/><U89/><E89/><V53/><F100/><W78/><G78/><T25/><D29/><U28/><E28/><V126/><F126/><W96/><G96/><T20/><D33/><U1/><E1/><V87/><F35/><W52/><G90/><T23/><D38/><U46/><E46/><V92/><F87/><W3/><G39/><T64/><D37/><U117/><E117/><V22/><F105/><W116/><G36/><T58/><D58/><U4/><E4/><V49/><F107/><W101/><G116/><T21/><D57/><U7/><E7/><V124/><F124/><W109/><G3/><T2/><D2/><U113/><E113/><V9/><F83/><W130/><G130/><T135/><D80/><U112/><E112/><V133/><F81/><W16/><G99/><T104/><D44/><U75/><E75/><RYUUKYOKU ba="0,1" sc="250,-10,240,30,250,-10,250,-10" hai1="10,19,56,59,62,65,68,72,76,82,84,91,95" /><INIT seed="1,1,1,5,2,41" ten="240,270,240,240" oya="1" hai0="91,81,112,50,35,72,97,46,96,79,42,14,30" hai1="132,47,8,93,4,125,99,37,69,109,129,100,110" hai2="108,105,18,70,40,78,24,23,104,21,36,19,61" hai3="39,32,59,134,116,90,67,111,10,86,5,38,135"/><U117/><E117/><V87/><F108/><N who="1" m="41577" /><E129/><V28/><F70/><W54/><G111/><T63/><D112/><U122/><E122/><V83/><F61/><W94/><G32/><T9/><D91/><U103/><E132/><N who="3" m="50730" /><G67/><T114/><D114/><U27/><E125/><V102/><F102/><W76/><G76/><T60/><D30/><U74/><E74/><V26/><REACH who="2" step="1"/><F28/><REACH who="2" ten="240,270,230,240" step="2"/><W98/><G116/><T73/><D60/><U53/><E69/><V12/><F12/><N who="3" m="5199" /><G98/><T31/><D96/><U115/><E115/><V45/><AGARI ba="1,2" hai="18,19,21,23,24,26,36,40,45,78,83,87,104,105" machi="45" ten="30,7900,0" yaku="1,1,0,1,9,1,52,1,53,0" doraHai="41" doraHaiUra="106" who="2" fromWho="2" sc="240,-21,270,-40,230,102,240,-21" /><INIT seed="2,0,0,0,1,84" ten="219,230,332,219" oya="2" hai0="101,91,76,51,55,47,89,54,122,46,71,32,116" hai1="40,88,124,18,97,67,37,20,120,63,131,134,90" hai2="14,5,127,68,61,135,111,42,16,69,60,96,70" hai3="102,59,128,17,10,112,125,49,48,8,92,21,115"/><V41/><F135/><W130/><G102/><T83/><D122/><U52/><E134/><V113/><F113/><N who="3" m="43595" /><G92/><T93/><D32/><U110/><E110/><V35/><F111/><W123/><G123/><T103/><D71/><U6/><E120/><V25/><F127/><W95/><G95/><T19/><D116/><U57/><E124/><V13/><F96/><W28/><G125/><T86/><D19/><U2/><E131/><N who="3" m="50218" /><G59/><T129/><D129/><U132/><E132/><V126/><F68/><W11/><G49/><N who="0" m="28983" /><D76/><U108/><E108/><V118/><F118/><W64/><G48/><T79/><D79/><U26/><E97/><AGARI ba="0,0" hai="47,51,55,83,86,89,91,93,97,101,103" m="28983" machi="97" ten="30,3900,0" yaku="8,1,52,2" doraHai="84" who="0" fromWho="1" sc="219,39,230,-39,332,0,219,0" /><INIT seed="3,0,0,2,3,119" ten="258,191,332,219" oya="3" hai0="81,27,117,4,24,133,18,65,103,91,19,48,57" hai1="92,64,15,104,66,123,70,71,116,51,73,115,76" hai2="132,82,39,122,5,90,94,52,80,113,11,67,128" hai3="34,88,121,85,26,126,84,105,118,69,22,68,109"/><W78/><G118/><T37/><D37/><U98/><E115/><V38/><F113/><W120/><G105/><T114/><D114/><U20/><E116/><V50/><F128/><W43/><G34/><T1/><D117/><U112/><E112/><V56/><F132/><W93/><G43/><T111/><D133/><U107/><E123/><V106/><F106/><W8/><G8/><T95/><D111/><U25/><E107/><V55/><F67/><W3/><G3/><T99/><D1/><U131/><E104/><V100/><F100/><W29/><G109/><T12/><D4/><U59/><E131/><V79/><F79/><W74/><G74/><T61/><D48/><U72/><E15/><N who="2" m="5615" /><F39/><W129/><G126/><T87/><REACH who="0" step="1"/><D19/><REACH who="0" ten="248,191,332,219" step="2"/><U2/><E2/><V13/><F38/><W77/><G129/><T46/><D46/><U49/><E49/><N who="2" m="30735" /><F122/><W36/><G36/><T86/><D86/><U41/><E73/><V21/><F50/><W110/><G110/><T89/><D89/><N who="1" m="55567" /><E41/><V35/><F90/><W0/><G0/><T127/><D127/><U6/><E6/><V10/><F13/><W135/><G135/><T17/><D17/><N who="1" m="12431" /><E72/><V16/><F16/><W47/><G47/><T102/><D102/><U101/><E101/><V124/><F124/><W14/><G14/><T62/><D62/><N who="1" m="37983" /><E51/><V83/><F10/><AGARI ba="0,1" hai="10,12,18,24,27,57,61,65,81,87,91,95,99,103" machi="10" ten="30,3900,0" yaku="1,1,7,1,8,1,53,0" doraHai="119" doraHaiUra="30" who="0" fromWho="2" sc="248,49,191,0,332,-39,219,0" /><INIT seed="4,0,0,4,5,49" ten="297,191,293,219" oya="0" hai0="104,102,17,133,35,40,73,92,123,77,65,51,89" hai1="115,18,78,60,103,30,82,99,130,48,75,33,27" hai2="59,85,13,61,16,46,126,29,21,62,81,128,4" hai3="91,70,72,42,93,7,129,6,56,39,119,124,5"/><T96/><D123/><U114/><E18/><V44/><F128/><W76/><G70/><T121/><D121/><U1/><E130/><V8/><F126/><W97/><G129/><T87/><D35/><U52/><E1/><V10/><F29/><W116/><G124/><T83/><D133/><U0/><E60/><N who="2" m="23147" /><F59/><W135/><G135/><T111/><D111/><U108/><E0/><V36/><F36/><W9/><G56/><T34/><D34/><U107/><REACH who="1" step="1"/><E108/><REACH who="1" ten="297,181,293,219" step="2"/><V88/><F8/><W84/><G9/><T132/><D132/><U37/><E37/><V47/><F10/><W127/><G127/><T67/><D17/><U19/><E19/><V24/><F4/><W31/><G7/><T41/><D41/><U66/><E66/><V69/><F69/><W55/><G6/><T79/><D79/><U125/><E125/><V113/><F113/><W32/><G5/><T101/><D101/><U118/><E118/><V45/><N who="2" m="11264" /><DORA hai="63" /><V134/><F134/><W120/><G119/><T15/><D15/><AGARI ba="0,1" hai="13,15,16,21,24,81,85,88" m="11264,23147" machi="15" ten="40,5200,0" yaku="8,1,54,2" doraHai="49,63" who="2" fromWho="0" sc="297,-52,181,0,293,62,219,0" owari="245,4.5,181,-31.9,355,45.5,219,-18.1" /></mjloggm>