<mjloggm ver="2.3"><GO type="225" lobby="0"/><UN n0="%E6%98%93%E5%88%A9%E8%96%A9%E4%BC%AF" n1="%E3%81%8B%E3%82%8F%E3%81%A1%E3%82%83%E3%82%93%35%38" n2="%E3%82%B2%E3%82%B9%E8%8C%82%E5%8B%9D" n3="%E7%99%BD%E9%9B%AA%E4%B9%83%E6%84%9B" dan="16,17,16,16" rate="2081.68,2127.35,2035.34,2053.07" sx="F,M,F,F"/><TAIKYOKU oya="0"/><INIT seed="0,0,0,0,3,123" ten="250,250,250,250" oya="0" hai0="89,120,50,88,135,85,130,68,98,96,92,4,2" hai1="7,35,104,105,10,122,18,107,114,91,99,132,49" hai2="28,24,81,51,100,83,34,29,12,5,16,103,125" hai3="71,115,40,39,117,129,3,61,37,102,15,95,70"/><T72/><D120/><U60/><E122/><V124/><F5/><W36/><G3/><T54/><D68/><N who="3" m="26153" /><G15/><T82/><D135/><U65/><E35/><V76/><F51/><W67/><G95/><T33/><D33/><U108/><E132/><V23/><F28/><W63/><G102/><T19/><D130/><U69/><E114/><V87/><REACH who="2" step="1"/><F81/><REACH who="2" ten="250,250,240,250" step="2"/><W106/><G115/><T101/><D4/><U84/><E49/><V57/><F57/><N who="3" m="37295" /><G117/><T134/><D134/><U53/><E7/><V77/><F77/><W59/><G129/><T126/><D2/><U31/><E69/><V41/><F41/><W58/><G106/><T118/><D118/><U62/><E31/><V127/><AGARI ba="0,1" hai="12,16,23,24,29,34,76,83,87,100,103,124,125,127" machi="127" ten="30,7900,0" yaku="1,1,0,1,18,1,54,1,53,0" doraHai="123" doraHaiUra="42" who="2" fromWho="2" sc="250,-39,250,-20,240,89,250,-20" /><INIT seed="1,0,0,4,2,72" ten="211,230,329,230" oya="1" hai0="62,77,127,38,47,18,58,40,95,129,99,110,25" hai1="78,101,130,30,49,5,76,22,86,65,94,108,133" hai2="85,91,118,107,6,128,52,45,4,31,54,34,122" hai3="106,102,66,48,20,50,81,89,53,55,59,83,27"/><U134/><E65/><V104/><F118/><W16/><G66/><T105/><D110/><U120/><E120/><V29/><F122/><W88/><G102/><T60/><D127/><U14/><E130/><V28/><F128/><W84/><G106/><T92/><D129/><U9/><E108/><V32/><F45/><W61/><G55/><N who="2" m="21033" /><F91/><W115/><G115/><T63/><D105/><N who="2" m="40522" /><F85/><AGARI ba="0,0" hai="16,20,27,48,50,53,59,61,81,83,84,85,88,89" machi="85" ten="40,8000,1" yaku="9,1,8,1,54,2" doraHai="72" who="3" fromWho="2" sc="211,0,230,0,329,-80,230,80" /><INIT seed="2,0,0,4,5,126" ten="211,230,249,310" oya="2" hai0="131,103,2,7,80,127,5,132,119,16,135,84,38" hai1="25,66,60,68,70,28,65,63,49,133,102,73,113" hai2="120,43,91,59,41,56,23,57,74,26,124,62,116" hai3="82,13,88,125,107,72,77,112,14,122,4,44,109"/><V95/><F116/><W46/><G122/><T32/><D38/><U11/><E133/><N who="0" m="51273" /><D103/><U50/><E113/><V114/><F124/><W92/><G107/><T35/><D127/><U55/><E73/><V89/><F114/><W58/><G125/><T79/><D119/><U18/><E102/><V1/><F1/><W81/><G112/><T12/><D131/><U121/><E121/><V40/><F74/><W64/><G109/><T104/><D104/><U99/><E99/><V115/><F115/><W42/><G81/><T61/><D61/><U24/><E55/><V97/><F120/><W76/><G76/><T6/><D2/><U129/><E129/><V110/><F110/><W96/><G4/><N who="0" m="1027" /><T117/><DORA hai="93" /><D117/><U53/><E53/><N who="2" m="34063" /><F89/><W30/><G30/><AGARI ba="0,0" hai="23,26,30,40,41,43,57,59,91,95,97" m="34063" machi="30" ten="30,2900,0" yaku="8,1,52,1" doraHai="126,93" who="2" fromWho="3" sc="211,0,230,0,249,29,310,-29" /><INIT seed="2,1,0,2,1,55" ten="211,230,278,281" oya="2" hai0="94,101,72,131,132,100,98,67,9,87,42,117,44" hai1="120,58,74,97,13,70,12,82,34,30,23,29,35" hai2="3,10,56,121,128,8,71,25,46,45,92,135,109" hai3="27,69,37,54,14,93,79,11,116,61,16,73,130"/><V95/><F121/><W65/><G116/><T49/><D117/><U118/><E70/><V105/><F71/><W77/><G37/><T125/><D125/><U103/><E118/><V64/><F105/><W20/><G130/><T129/><D72/><U111/><E120/><V68/><F128/><W126/><G126/><T75/><D75/><U32/><E111/><V19/><F68/><W18/><G73/><T22/><D132/><U85/><E74/><V47/><F109/><W84/><G84/><T48/><D101/><U106/><E58/><V60/><F135/><W21/><G93/><N who="2" m="35913" /><F3/><W0/><REACH who="3" step="1"/><G54/><REACH who="3" ten="211,230,278,271" step="2"/><T124/><D124/><U57/><E106/><V113/><F113/><W40/><G40/><T17/><D131/><U41/><E41/><V43/><F43/><W66/><G66/><T115/><D129/><U36/><E36/><V33/><F33/><W80/><G80/><T108/><D115/><U134/><E134/><V114/><F114/><W99/><G99/><T76/><D108/><U107/><E32/><V90/><F90/><W7/><AGARI ba="1,1" hai="0,7,11,14,16,18,20,21,27,61,65,69,77,79" machi="7" ten="30,4000,0" yaku="1,1,0,1,54,1,53,0" doraHai="55" doraHaiUra="31" who="3" fromWho="3" sc="211,-11,230,-11,278,-21,271,53" /><INIT seed="3,0,0,1,3,108" ten="200,219,257,324" oya="3" hai0="0,47,57,20,4,17,1,59,85,29,13,74,12" hai1="45,75,117,58,123,18,118,36,3,109,32,124,46" hai2="121,10,30,28,119,9,22,126,23,114,72,104,27" hai3="135,70,127,62,64,65,77,54,73,89,90,100,84"/><W116/><G116/><N who="1" m="44650" /><E32/><V129/><F119/><W43/><G43/><T79/><D74/><U95/><E75/><V92/><F72/><W40/><G40/><T93/><D1/><U33/><E33/><V55/><F104/><W66/><G100/><T76/><D0/><U50/><E3/><V94/><F114/><W56/><G70/><T67/><D29/><U53/><E109/><V49/><F126/><W14/><G135/><T115/><D115/><U99/><E36/><V38/><F38/><W68/><G127/><T122/><D122/><U101/><E124/><V8/><F129/><W52/><G68/><T24/><D47/><N who="1" m="17931" /><E18/><V128/><F128/><W97/><G14/><N who="0" m="5739" /><D4/><U69/><E69/><V82/><F121/><AGARI ba="0,0" hai="50,53,58,95,99,101,121,123" m="17931,44650" machi="121" ten="30,1000,0" yaku="12,1" doraHai="108" who="1" fromWho="2" sc="200,0,219,10,257,-10,324,0" owari="200,-30.0,229,-17.1,247,4.7,324,42.4" /></mjloggm>