<mjloggm ver="2.3"><GO type="225" lobby="0"/><UN n0="%E3%81%86%E3%82%8C%E3%81%9F%E3%82%93%E6%9E%95" n1="%77%72%77%72%77%72%77%72" n2="%E3%81%B5%E3%81%98%E3%81%8B%E3%81%A4" n3="%E3%81%8B%E3%82%8F%E3%81%A1%E3%82%83%E3%82%93%35%38" dan="16,17,16,16" rate="2077.13,2194.90,2191.78,2169.37" sx="F,M,M,M"/><TAIKYOKU oya="0"/><INIT seed="0,0,0,5,1,103" ten="250,250,250,250" oya="0" hai0="41,20,1,56,18,110,101,29,93,96,90,72,71" hai1="42,81,100,73,128,61,36,115,94,27,85,98,12" hai2="14,130,105,25,2,39,106,107,9,80,79,68,91" hai3="34,26,99,77,11,121,24,97,4,23,40,57,92"/><T131/><D71/><U3/><E3/><V111/><F68/><W89/><G121/><T88/><D131/><U84/><E128/><V126/><F130/><W65/><G77/><T5/><D72/><U49/><E115/><V7/><F111/><W63/><G34/><T28/><D110/><U43/><E36/><V35/><F126/><W19/><G40/><T135/><D135/><U33/><E73/><N who="2" m="43119" /><F14/><W17/><G24/><T46/><D5/><U6/><E61/><V32/><F91/><N who="0" m="34858" /><D1/><U51/><E27/><V45/><F25/><W127/><G127/><T114/><D114/><U54/><E49/><V21/><F21/><W132/><G132/><T58/><D46/><U10/><E33/><N who="2" m="12875" /><F45/><W37/><G37/><AGARI ba="0,0" hai="2,7,9,37,39,105,106,107" m="12875,43119" machi="37" ten="40,8000,1" yaku="33,2,52,3" doraHai="103" who="2" fromWho="3" sc="250,0,250,0,250,80,250,-80" /><INIT seed="1,0,0,3,4,97" ten="250,250,330,170" oya="1" hai0="64,46,52,90,100,133,4,91,101,88,104,47,129" hai1="94,14,71,93,54,48,57,6,35,36,66,89,126" hai2="9,118,53,61,30,121,95,18,123,1,112,120,98" hai3="92,130,76,56,34,43,74,113,41,32,69,8,49"/><U28/><E36/><V110/><F118/><W114/><G69/><T102/><D129/><U24/><E126/><V68/><F110/><W55/><G130/><T63/><D133/><U0/><E0/><V17/><F30/><W50/><G74/><T27/><D4/><U77/><E77/><V122/><F112/><W128/><G76/><T87/><D104/><U106/><E106/><V103/><F123/><W65/><G8/><T33/><D33/><U23/><E35/><V59/><REACH who="2" step="1"/><F68/><REACH who="2" ten="250,250,320,170" step="2"/><W12/><G114/><T105/><D105/><U117/><E117/><V115/><F115/><W38/><G113/><T124/><D124/><U31/><E71/><V131/><F131/><W44/><G128/><T15/><D27/><U29/><E29/><V75/><F75/><W42/><G34/><T85/><D15/><U20/><E31/><V19/><F19/><W109/><G32/><T134/><D134/><U132/><E132/><V72/><F72/><W5/><G12/><T107/><D107/><U21/><E28/><V73/><F73/><W26/><G26/><T84/><REACH who="0" step="1"/><D52/><REACH who="0" ten="240,250,320,170" step="2"/><U45/><E24/><V83/><F83/><W40/><G5/><AGARI ba="0,2" hai="1,5,9,17,18,53,59,61,95,98,103,120,121,122" machi="5" ten="40,2600,0" yaku="1,1,52,1,53,0" doraHai="97" doraHaiUra="11" who="2" fromWho="3" sc="240,0,250,0,320,46,170,-26" /><INIT seed="2,0,0,0,3,38" ten="240,250,366,144" oya="2" hai0="30,24,107,126,41,113,108,75,49,16,71,76,58" hai1="131,31,32,47,1,79,55,59,8,18,23,22,11" hai2="80,112,85,121,82,52,133,81,87,43,50,56,103" hai3="7,95,105,70,102,118,77,115,54,88,90,109,21"/><V13/><F121/><W36/><G70/><T9/><D113/><U39/><E131/><V78/><F133/><W94/><G36/><T132/><D71/><U106/><E106/><V100/><F112/><W15/><G115/><T25/><D108/><U45/><E79/><V63/><F81/><W123/><G123/><T27/><D107/><U120/><E120/><V128/><F13/><W14/><G118/><T114/><D114/><U129/><E129/><V28/><F28/><W17/><G109/><T134/><D126/><U57/><E1/><V101/><F128/><W2/><G2/><T127/><D127/><U130/><E32/><V111/><F111/><W124/><G124/><T84/><D75/><U26/><E39/><V51/><REACH who="2" step="1"/><F43/><REACH who="2" ten="240,250,356,144" step="2"/><W5/><G14/><N who="0" m="7247" /><D30/><U60/><E130/><V97/><F97/><W65/><G15/><T99/><D99/><U89/><E31/><V33/><F33/><W42/><G7/><T0/><D0/><U19/><E26/><V74/><F74/><W61/><G5/><T6/><D6/><U122/><E122/><V3/><F3/><W66/><G17/><T35/><D35/><U40/><E40/><V12/><F12/><W96/><G42/><T34/><D34/><U29/><E29/><V20/><F20/><W116/><G21/><T86/><D41/><U44/><E18/><V119/><F119/><W69/><G116/><T73/><D73/><U48/><E19/><V72/><F72/><W110/><G110/><T64/><D132/><U68/><E22/><V62/><F62/><N who="3" m="40119" /><G96/><T91/><D134/><U125/><E23/><RYUUKYOKU ba="0,1" sc="240,-10,250,-10,356,30,144,-10" hai2="50,51,52,56,63,78,80,82,85,87,100,101,103" /><INIT seed="2,1,1,0,1,96" ten="230,240,386,134" oya="2" hai0="5,6,93,115,56,113,52,132,122,131,108,0,88" hai1="38,16,60,67,135,116,32,121,125,83,68,107,114" hai2="46,29,14,65,26,24,62,78,51,42,84,36,57" hai3="89,9,129,79,28,126,82,2,40,95,12,15,22"/><V81/><F29/><W20/><G129/><T10/><D122/><U85/><RYUUKYOKU type="yao9" ba="1,1" sc="230,0,240,0,386,0,134,0" hai1="16,32,38,60,67,68,83,85,107,114,116,121,125,135" /><INIT seed="2,2,1,3,4,51" ten="230,240,386,134" oya="2" hai0="109,11,50,32,47,127,111,134,126,24,132,125,36" hai1="52,104,18,64,41,15,128,58,63,129,72,107,92" hai2="123,55,62,69,66,12,81,1,23,44,10,133,108" hai3="117,4,77,103,118,97,112,131,49,99,35,39,67"/><V120/><F133/><N who="0" m="51306" /><D11/><U0/><E0/><V59/><F1/><W105/><G4/><T56/><D32/><U60/><E72/><V38/><F23/><W94/><G35/><T75/><D24/><U28/><E41/><V7/><F81/><W27/><G27/><T71/><D71/><U96/><E28/><V89/><F89/><W73/><G118/><T78/><D78/><U113/><E113/><V87/><F87/><W85/><G77/><T119/><D75/><U124/><E124/><V21/><F21/><W9/><G73/><T84/><D84/><U93/><E93/><V130/><F130/><N who="1" m="50281" /><E63/><V42/><F108/><N who="0" m="41546" /><D119/><U61/><E15/><V20/><F20/><W102/><G131/><T33/><D33/><U26/><E18/><V53/><REACH who="2" step="1"/><F69/><REACH who="2" ten="230,240,376,134" step="2"/><W80/><G9/><T115/><D115/><U122/><E26/><V88/><F88/><W2/><G112/><T5/><D126/><U48/><E122/><AGARI ba="2,2" hai="7,10,12,38,42,44,53,55,59,62,66,120,122,123" machi="122" ten="40,7700,0" yaku="1,1,52,2,53,0" doraHai="51" doraHaiUra="106" who="2" fromWho="1" sc="230,0,240,-83,376,103,134,0" /><INIT seed="2,3,0,3,3,115" ten="230,157,479,134" oya="2" hai0="106,74,134,95,75,13,44,78,132,46,71,80,50" hai1="27,42,116,91,86,118,72,104,26,2,92,9,36" hai2="24,14,131,110,66,103,21,130,111,89,61,97,120" hai3="119,37,38,8,1,10,33,77,7,84,127,113,87"/><V34/><F120/><W43/><G33/><T64/><D106/><U85/><E104/><V51/><F51/><W40/><G77/><T105/><D105/><U54/><E72/><V11/><F89/><W100/><G100/><T68/><D75/><U15/><E2/><V4/><F97/><W25/><G25/><T41/><D95/><U123/><E123/><V124/><F103/><W29/><G29/><T55/><D13/><U102/><E102/><V67/><F61/><W60/><G60/><T30/><D30/><U94/><E54/><V73/><F66/><W49/><G49/><N who="0" m="26767" /><D64/><U107/><E107/><V56/><F67/><W17/><G1/><T90/><D90/><U52/><E52/><V19/><F56/><W58/><G87/><T129/><D129/><N who="2" m="49162" /><F124/><W47/><G127/><T98/><D98/><U125/><E125/><V81/><F81/><W76/><G84/><T45/><D46/><U65/><E65/><V79/><F79/><W53/><G76/><T18/><D68/><U96/><E96/><V16/><F73/><W117/><G47/><T70/><D71/><U135/><E91/><V83/><F83/><W114/><G58/><T69/><D70/><U20/><E36/><V88/><F88/><W59/><G59/><T93/><D69/><U57/><E57/><V82/><F82/><W32/><G53/><T122/><D122/><U63/><E63/><V112/><F112/><W12/><G114/><T0/><D55/><U62/><E62/><V28/><F34/><W101/><G113/><T108/><D45/><U109/><E85/><V23/><F4/><RYUUKYOKU ba="3,0" sc="230,-10,157,-10,479,30,134,-10" hai2="11,14,16,19,21,23,24,28,110,111" /><INIT seed="2,4,0,5,1,104" ten="220,147,509,124" oya="2" hai0="41,129,40,89,19,22,76,81,20,110,125,106,14" hai1="34,115,55,86,112,69,121,8,62,97,117,6,37" hai2="91,65,84,122,56,83,33,70,67,124,48,92,4" hai3="59,98,113,107,7,80,82,52,71,51,88,74,131"/><V73/><F33/><W64/><G7/><T60/><D106/><U23/><E117/><V130/><F4/><W16/><G74/><T35/><D110/><U96/><E34/><V44/><F56/><N who="3" m="32799" /><G71/><T93/><D125/><U77/><E37/><V78/><F70/><W10/><G107/><T42/><D129/><U109/><E109/><V9/><F124/><W0/><G0/><T57/><D35/><U103/><E121/><V13/><F130/><W38/><G38/><T126/><D126/><U135/><E135/><V118/><F122/><W17/><G113/><T53/><D22/><U31/><E115/><V3/><F3/><W105/><G105/><T26/><D26/><N who="1" m="16863" /><E69/><V63/><F63/><N who="3" m="38015" /><G131/><T61/><D61/><U100/><E112/><V108/><F118/><W36/><G36/><T2/><D2/><U29/><E62/><V50/><F108/><W54/><G54/><T114/><D114/><U99/><E55/><V72/><F67/><W87/><G98/><T95/><D89/><U58/><E58/><V25/><F65/><W28/><G28/><T119/><REACH who="0" step="1"/><D119/><REACH who="0" ten="210,147,509,124" step="2"/><U75/><E29/><V134/><F91/><N who="3" m="51687" /><G10/><T79/><D79/><U123/><E123/><V18/><F78/><W27/><G27/><T47/><D47/><U39/><E77/><V94/><F25/><W133/><G133/><T21/><D21/><U45/><E45/><V32/><F44/><W24/><G24/><T101/><D101/><U132/><E132/><V12/><F134/><W5/><G5/><T68/><D68/><U1/><E6/><V128/><F128/><W66/><G66/><RYUUKYOKU ba="4,1" sc="210,15,147,-15,509,-15,124,15" hai0="14,19,20,40,41,42,53,57,60,76,81,93,95" hai3="16,17,82,88" /><INIT seed="3,5,1,1,1,80" ten="225,132,494,139" oya="3" hai0="122,92,84,118,104,41,47,22,88,78,100,126,32" hai1="98,67,20,3,39,115,99,107,76,33,53,31,109" hai2="19,64,25,72,73,79,120,77,26,56,4,45,102" hai3="101,103,7,52,0,121,9,18,91,110,38,70,93"/><W123/><G70/><T57/><D118/><U12/><E115/><V62/><F45/><W60/><G38/><T61/><D122/><U58/><E3/><V55/><F4/><W90/><G90/><T16/><D32/><U66/><E39/><V89/><F102/><W49/><G60/><T50/><D126/><U81/><E33/><V135/><F135/><W8/><G110/><T85/><D104/><U116/><E109/><V36/><F36/><W82/><G82/><N who="0" m="47191" /><D100/><U71/><E71/><V114/><F114/><W63/><G63/><T51/><D51/><N who="1" m="31039" /><E107/><V43/><F73/><W48/><G48/><T95/><D57/><U117/><E31/><V10/><F72/><W65/><G65/><N who="1" m="24586" /><E117/><V112/><F64/><W111/><G111/><T35/><D35/><U42/><E42/><V59/><F112/><W132/><G132/><T106/><D106/><U86/><E116/><V68/><F120/><W133/><G133/><T2/><D2/><U96/><E20/><V6/><F68/><W87/><G123/><T83/><D61/><U113/><E113/><V108/><F62/><W74/><G74/><T17/><D17/><U128/><E128/><V14/><F19/><W37/><G37/><T125/><D125/><U24/><E12/><AGARI ba="5,1" hai="12,16,22,41,47,50,83,85,88,92,95" m="47191" machi="12" ten="30,8000,1" yaku="8,1,52,2,54,2" doraHai="80" who="0" fromWho="1" sc="225,105,132,-95,494,0,139,0" owari="330,13.0,37,-46.3,494,59.4,139,-26.1" /></mjloggm>