<mjloggm ver="2.3"><GO type="225" lobby="0"/><UN n0="%E3%83%AD%E3%83%83%E3%83%86%E9%9B%80%E7%90%83" n1="%E6%B4%BE%E9%81%A3%E3%81%AE%E3%82%B8%E3%83%A3%E3%83%83%E3%82%AF" n2="%E3%81%B2%E3%81%AA%E3%81%AE%E3%82%8A%E3%81%8F" n3="%E5%A4%9C%E5%85%89%E5%A4%A9%E6%A5%BC" dan="16,17,17,16" rate="2177.64,2214.63,2191.17,2114.74" sx="M,M,M,M"/><TAIKYOKU oya="0"/><INIT seed="0,0,0,4,4,107" ten="250,250,250,250" oya="0" hai0="3,82,135,66,109,67,100,57,43,90,64,126,56" hai1="95,9,80,15,101,70,132,17,104,59,99,38,60" hai2="42,27,71,18,75,2,7,131,122,102,46,4,96" hai3="51,22,84,62,58,110,48,14,120,93,50,128,20"/><T65/><D3/><U45/><E132/><V124/><F124/><W39/><BYE who="2" /><G110/><T21/><D135/><U114/><E114/><V106/><F106/><W8/><G39/><T13/><D126/><U81/><E70/><V119/><F119/><W89/><G128/><T121/><D121/><U87/><E38/><UN n2="%E3%81%B2%E3%81%AA%E3%81%AE%E3%82%8A%E3%81%8F" /><V16/><F71/><W72/><G72/><T97/><D109/><U55/><E104/><V26/><F131/><W117/><G117/><T53/><D43/><U94/><REACH who="1" step="1"/><E45/><REACH who="1" ten="250,240,250,250" step="2"/><V6/><F46/><W33/><G120/><T0/><D0/><U31/><E31/><V24/><F2/><W129/><G129/><T54/><D57/><U133/><E133/><V79/><F122/><W113/><G113/><T118/><D118/><U69/><E69/><V30/><F30/><W85/><G33/><T25/><D13/><U83/><E83/><V115/><F115/><W34/><G34/><T28/><D82/><U41/><E41/><V78/><F42/><W12/><G14/><T112/><D112/><U40/><E40/><V130/><F130/><W68/><G68/><T49/><N who="0" m="16384" /><DORA hai="116" /><T10/><D56/><U1/><E1/><V91/><F27/><W127/><G127/><T63/><D25/><U98/><E98/><V61/><F96/><W5/><G85/><T105/><D97/><U19/><E19/><V32/><F26/><W23/><G58/><T108/><D28/><U44/><E44/><V73/><F24/><W29/><G29/><T77/><D105/><U35/><E35/><V37/><F37/><W86/><G86/><T36/><D36/><RYUUKYOKU ba="0,1" sc="250,-15,240,15,250,-15,250,15" hai1="9,15,17,55,59,60,80,81,87,94,95,99,101" hai3="5,8,12,20,22,23,48,50,51,62,84,89,93" /><INIT seed="1,1,1,3,3,135" ten="235,255,235,265" oya="1" hai0="49,117,35,55,10,34,99,41,66,115,89,40,92" hai1="112,12,17,98,22,57,54,48,131,38,6,14,96" hai2="120,53,13,104,102,119,51,87,86,95,125,75,133" hai3="47,5,111,132,9,29,121,107,30,123,108,109,106"/><U130/><E112/><V127/><F75/><W103/><G132/><T74/><D115/><U45/><E6/><V23/><F133/><W18/><G18/><T124/><D117/><U94/><E14/><V77/><F120/><N who="3" m="46155" /><G47/><T62/><D74/><U82/><E82/><V118/><F104/><N who="3" m="39979" /><G103/><T31/><D10/><U24/><E12/><AGARI ba="1,1" hai="5,9,12,29,30,108,109,111" m="39979,46155" machi="12" ten="40,1300,0" yaku="14,1" doraHai="135" who="3" fromWho="1" sc="235,0,255,-16,235,0,265,26" /><INIT seed="2,0,0,3,3,36" ten="235,239,235,291" oya="2" hai0="50,49,19,114,74,115,94,69,76,63,8,47,3" hai1="118,93,130,72,43,10,100,1,99,88,106,34,22" hai2="15,128,27,71,31,40,45,41,35,117,112,7,111" hai3="133,28,2,127,17,103,119,116,109,134,81,4,39"/><V75/><F112/><W124/><G109/><T55/><D74/><U83/><E118/><N who="3" m="45098" /><G39/><T60/><D76/><N who="1" m="44423" /><E34/><V65/><F117/><W131/><G103/><T6/><D19/><U38/><E22/><V105/><F105/><W9/><G81/><T120/><D120/><U61/><E61/><V33/><F75/><W97/><G97/><T82/><D82/><U108/><E130/><V24/><F128/><W78/><G78/><T113/><D69/><U0/><E108/><V20/><F111/><W85/><G85/><T92/><D63/><U32/><E32/><V110/><F110/><W95/><G95/><T29/><D60/><U48/><E48/><V58/><F71/><W121/><G121/><T59/><REACH who="0" step="1"/><D29/><REACH who="0" ten="225,239,235,291" step="2"/><U64/><E64/><V26/><F65/><W46/><G28/><T44/><D44/><N who="1" m="23671" /><E10/><V5/><F31/><W96/><G131/><T77/><D77/><U16/><E16/><V122/><F122/><W62/><G17/><T54/><AGARI ba="0,1" hai="3,6,8,47,49,50,54,55,59,92,94,113,114,115" machi="54" ten="40,2700,0" yaku="1,1,0,1,53,0" doraHai="36" doraHaiUra="57" who="0" fromWho="0" sc="225,37,239,-7,235,-13,291,-7" /><INIT seed="3,0,0,2,1,20" ten="262,232,222,284" oya="3" hai0="98,63,24,50,76,111,44,64,93,87,97,15,75" hai1="41,69,135,119,79,90,84,19,18,26,34,30,65" hai2="91,113,70,12,3,83,62,58,72,82,17,115,88" hai3="9,99,32,47,129,53,36,29,33,102,45,22,40"/><W92/><G129/><T31/><D111/><U14/><E135/><V107/><F70/><W35/><G22/><N who="0" m="15767" /><D75/><U42/><E119/><V123/><F3/><W37/><G9/><T133/><D133/><U96/><E69/><V85/><F107/><W116/><G116/><T125/><D125/><U5/><E65/><V120/><F72/><W81/><G81/><T106/><D106/><U127/><E127/><V8/><F91/><W68/><G68/><T124/><D15/><U73/><E5/><V117/><F82/><W89/><G53/><T78/><D87/><U110/><E110/><V67/><REACH who="2" step="1"/><F117/><REACH who="2" ten="262,232,212,284" step="2"/><W131/><G89/><T128/><D124/><U23/><E73/><V46/><F46/><W6/><G131/><T1/><D1/><U51/><E79/><V108/><F108/><W66/><G47/><T112/><D128/><U4/><E96/><V132/><F132/><W122/><G45/><T10/><D98/><U38/><E90/><V27/><F27/><W57/><G99/><T43/><D78/><U77/><E77/><V101/><F101/><W100/><G102/><T21/><D76/><U39/><E84/><V13/><F13/><W126/><G100/><T55/><D97/><U60/><E14/><V95/><F95/><W130/><G92/><T71/><D93/><U61/><E39/><V80/><F80/><W59/><G126/><T54/><D71/><U109/><E38/><V118/><F118/><W121/><G130/><T94/><D44/><U104/><E104/><V7/><F7/><W103/><G37/><T25/><D94/><U49/><E4/><RYUUKYOKU ba="0,1" sc="262,-10,232,-10,212,30,284,-10" hai2="8,12,17,58,62,67,83,85,88,113,115,120,123" /><INIT seed="4,1,1,3,2,82" ten="252,222,242,274" oya="0" hai0="48,58,56,11,102,93,16,74,132,85,61,27,104" hai1="8,87,96,23,9,60,5,54,77,20,40,15,81" hai2="46,3,12,66,70,64,112,79,36,109,127,63,103" hai3="95,128,28,131,22,45,125,33,59,68,89,133,83"/><T113/><D74/><U13/><E40/><V29/><F3/><W86/><G68/><T18/><D113/><U38/><E38/><V32/><F109/><W80/><G125/><T6/><D132/><U17/><REACH who="1" step="1"/><E96/><REACH who="1" ten="252,212,242,274" step="2"/><V14/><F36/><W117/><G133/><T115/><D115/><U39/><E39/><V105/><F112/><W30/><G131/><T52/><D104/><U110/><E110/><V94/><F105/><W76/><G128/><T78/><D27/><U0/><E0/><V90/><F127/><W91/><G117/><T120/><D120/><U71/><E71/><V118/><F70/><W41/><G41/><T19/><D102/><U98/><E98/><V2/><F103/><W123/><G123/><T43/><D43/><U97/><E97/><V99/><F2/><W24/><G24/><T37/><D37/><U114/><E114/><V106/><F106/><W7/><G33/><T124/><D124/><U57/><AGARI ba="1,2" hai="5,8,9,13,15,17,20,23,54,57,60,77,81,87" machi="57" ten="30,7900,0" yaku="1,1,0,1,8,1,52,1,53,0" doraHai="82" doraHaiUra="134" who="1" fromWho="1" sc="252,-40,212,102,242,-21,274,-21" owari="212,-28.8,314,41.4,221,-17.9,253,5.3" /></mjloggm>