<mjloggm ver="2.3"><GO type="225" lobby="0"/><UN n0="%E3%83%97%E3%83%AC%E3%83%B4%E3%82%A1%E3%83%86%E3%82%A3" n1="%72%69%6F%75%63%68%61%6E" n2="%E9%9B%80%E6%A5%B5%E3%81%AE%E3%81%B8" n3="%E5%8D%A0%E3%81%84%E5%B8%AB%E8%A3%8F%E3%81%AA%E3%81%84%E3%81%97" dan="16,17,16,16" rate="2159.70,2143.83,2134.18,2120.43" sx="F,M,M,M"/><TAIKYOKU oya="0"/><INIT seed="0,0,0,2,0,23" ten="250,250,250,250" oya="0" hai0="110,116,62,70,53,16,20,8,113,118,37,50,98" hai1="88,41,117,1,59,89,127,52,85,76,4,55,78" hai2="0,47,87,106,75,19,96,43,14,99,68,124,91" hai3="12,105,46,28,130,35,86,102,48,84,74,133,128"/><T29/><D37/><U9/><E117/><V67/><F0/><W131/><G74/><T63/><D113/><U51/><E127/><V107/><F75/><W56/><G133/><T60/><D70/><U123/><E123/><V90/><F67/><W27/><G56/><T7/><D29/><U24/><E41/><V103/><F68/><W122/><G122/><T33/><D33/><U15/><E1/><V104/><F124/><W38/><G38/><T72/><D72/><U25/><E89/><V65/><F65/><W61/><G61/><T66/><D66/><U80/><REACH who="1" step="1"/><E55/><REACH who="1" ten="250,240,250,250" step="2"/><V132/><F91/><W40/><REACH who="3" step="1"/><G12/><REACH who="3" ten="250,240,250,240" step="2"/><N who="0" m="5151" /><D118/><U101/><E101/><V69/><F103/><W30/><G30/><T73/><D116/><U92/><E92/><V34/><F104/><W54/><G54/><T120/><D120/><U2/><E2/><V111/><F106/><W108/><G108/><T135/><D110/><U45/><E45/><V100/><F111/><W10/><G10/><T125/><D125/><U18/><E18/><V5/><F19/><W112/><G112/><T94/><D135/><U49/><E49/><N who="2" m="26879" /><F132/><W109/><G109/><T81/><D81/><U93/><E93/><N who="2" m="54495" /><F100/><W21/><G21/><T64/><D64/><U58/><E58/><V11/><F107/><W126/><G126/><T121/><D121/><U79/><AGARI ba="0,2" hai="4,9,15,24,25,51,52,59,76,78,79,80,85,88" machi="79" ten="30,12000,2" yaku="1,1,0,1,8,1,52,2,54,2,53,0" doraHai="23" doraHaiUra="115" who="1" fromWho="1" sc="250,-60,240,140,250,-30,240,-30" /><INIT seed="1,0,0,3,2,125" ten="190,380,220,210" oya="1" hai0="11,20,28,30,111,106,117,88,22,1,45,109,71" hai1="32,50,128,12,27,68,112,44,59,61,78,81,85" hai2="134,92,56,79,99,18,110,65,35,49,51,69,114" hai3="67,113,31,126,124,25,133,10,132,29,103,33,3"/><U93/><E128/><V75/><F110/><N who="0" m="41994" /><D71/><U13/><E112/><V6/><F134/><N who="3" m="51819" /><G67/><T7/><D106/><U131/><E131/><V77/><F35/><N who="3" m="20911" /><G103/><T108/><N who="0" m="42002" /><T119/><DORA hai="66" /><D45/><U95/><E68/><V16/><F69/><W96/><G96/><T89/><D89/><U2/><E2/><V104/><F99/><W14/><G113/><T130/><D88/><U37/><E37/><V46/><F114/><W135/><N who="3" m="51827" /><W26/><DORA hai="0" /><G3/><T5/><D130/><U17/><E95/><V105/><F92/><W120/><G120/><T40/><D40/><U54/><E93/><V91/><F104/><W72/><G72/><T52/><D52/><U116/><E116/><N who="0" m="44617" /><D5/><AGARI ba="0,0" hai="5,10,14,26,31,33,124,126" m="20911,51827" machi="5" ten="40,8000,1" yaku="20,1,34,2,52,1" doraHai="125,66,0" who="3" fromWho="0" sc="190,-80,380,0,220,0,210,80" /><INIT seed="2,0,0,3,0,31" ten="110,380,220,290" oya="2" hai0="62,87,130,74,109,13,104,22,18,12,106,95,67" hai1="3,5,72,116,20,79,27,85,128,1,78,82,11" hai2="89,101,59,9,8,110,36,115,53,16,49,61,98" hai3="127,33,126,107,125,21,35,45,73,28,19,2,117"/><V124/><F36/><W69/><G73/><T40/><D74/><U77/><E116/><V114/><F124/><W132/><G117/><T94/><D109/><U111/><E111/><V123/><F123/><W7/><G69/><T63/><D130/><U17/><E128/><V131/><F131/><W71/><G71/><T68/><D40/><U55/><E1/><V47/><F110/><W97/><G132/><T84/><D68/><U96/><E72/><V113/><F89/><W38/><G28/><T91/><D67/><U0/><E0/><V43/><REACH who="2" step="1"/><F16/><REACH who="2" ten="110,380,210,290" step="2"/><W51/><G38/><T93/><D91/><U24/><E17/><V122/><F122/><W65/><G19/><T32/><D32/><U105/><E79/><V102/><F102/><W39/><G39/><T112/><D112/><U135/><E78/><V66/><F66/><W10/><G65/><T26/><D18/><U48/><E77/><V108/><F108/><W50/><G21/><T119/><D119/><U103/><E20/><V42/><F42/><N who="3" m="24887" /><G51/><T37/><D37/><U92/><E103/><AGARI ba="0,1" hai="2,7,10,33,35,97,103,107,125,126,127" m="24887" machi="103" ten="30,3900,0" yaku="18,1,52,2" doraHai="31" who="3" fromWho="1" sc="110,0,380,-39,210,0,290,49" /><INIT seed="3,0,0,4,0,33" ten="110,341,210,339" oya="3" hai0="46,11,7,13,37,133,83,105,94,0,1,44,135" hai1="122,32,57,97,22,28,43,88,12,126,102,26,73" hai2="107,49,80,41,71,38,119,128,34,31,75,55,72" hai3="84,70,123,121,79,10,89,45,64,69,8,50,51"/><W132/><G132/><T86/><D105/><U30/><E122/><V42/><F119/><W4/><G50/><T118/><D118/><U76/><E126/><V24/><F42/><N who="3" m="25015" /><G10/><T114/><D114/><U27/><E43/><V14/><F14/><N who="3" m="5383" /><G89/><T108/><D108/><U100/><E57/><V18/><F80/><N who="3" m="47135" /><G64/><T63/><D63/><U82/><REACH who="1" step="1"/><E12/><REACH who="1" ten="110,331,210,339" step="2"/><V65/><F41/><W113/><G113/><T95/><D37/><U21/><E21/><V48/><F38/><W3/><G3/><N who="0" m="1099" /><D46/><U25/><E25/><V40/><F24/><W131/><G131/><T85/><D44/><U129/><E129/><V16/><F128/><W120/><AGARI ba="0,1" hai="69,70,120,121,123" m="47135,5383,25015" machi="120" ten="30,1500,0" yaku="25,1" doraHai="33" who="3" fromWho="3" sc="110,-5,331,-5,210,-5,339,25" owari="105,-39.5,326,12.6,205,-19.5,364,46.4" /></mjloggm>