<mjloggm ver="2.3"><GO type="225" lobby="0"/><UN n0="%E3%83%B4%E3%83%A0%EF%BC%99%E3%81%A6" n1="%E5%8D%A0%E3%81%84%E5%B8%AB%E8%A3%8F%E3%81%AA%E3%81%84%E3%81%97" n2="%E5%A4%9C%E3%81%AE%E3%82%AC%E3%82%B9%E3%83%91%E3%83%BC%E3%83%AB" n3="%E6%81%A5%E6%99%92%E3%81%97" dan="16,17,17,16" rate="2112.89,2203.40,2180.37,2116.99" sx="M,M,M,M"/><TAIKYOKU oya="0"/><INIT seed="0,0,0,1,3,23" ten="250,250,250,250" oya="0" hai0="84,18,75,79,44,58,9,14,60,42,59,73,43" hai1="39,101,91,127,88,65,90,71,38,135,134,81,115" hai2="5,124,52,114,24,67,121,4,110,72,119,29,117" hai3="10,98,31,11,2,30,109,3,82,85,133,21,7"/><T113/><D113/><U107/><E115/><V95/><F72/><W25/><G109/><T54/><D43/><U120/><E120/><V92/><F114/><W13/><G133/><N who="1" m="50698" /><E127/><V106/><F121/><W69/><G69/><T123/><D123/><U15/><E81/><V57/><F67/><W102/><G31/><T19/><D59/><U99/><E15/><V45/><F45/><W26/><G11/><T80/><REACH who="0" step="1"/><D19/><REACH who="0" ten="240,250,250,250" step="2"/><U83/><E83/><V27/><F124/><W64/><G64/><T48/><AGARI ba="0,1" hai="9,14,18,42,44,48,54,58,60,73,75,79,80,84" machi="48" ten="20,7800,0" yaku="1,1,2,1,0,1,7,1,53,0" doraHai="23" doraHaiUra="20" who="0" fromWho="0" sc="240,88,250,-26,250,-26,250,-26" /><INIT seed="0,1,0,0,0,101" ten="328,224,224,224" oya="0" hai0="65,57,54,73,88,105,75,112,120,52,2,11,19" hai1="134,70,81,33,45,59,80,135,90,124,56,98,119" hai2="106,16,68,84,13,0,3,109,40,23,17,72,5" hai3="4,96,7,111,27,107,85,15,25,42,116,110,14"/><T61/><D112/><U49/><E119/><V34/><F72/><W131/><G42/><T130/><D120/><U95/><E70/><V79/><F68/><W93/><G116/><T115/><D115/><U129/><E33/><V64/><F64/><W113/><G113/><T99/><D130/><U114/><E114/><V102/><F34/><W121/><G121/><T41/><D41/><U31/><E31/><V108/><F40/><W87/><G131/><T50/><D54/><N who="1" m="29999" /><E129/><V76/><F5/><W66/><G93/><T29/><D29/><U51/><E124/><V8/><F84/><W91/><G96/><T69/><D105/><U53/><E56/><V103/><F103/><W21/><G21/><T94/><REACH who="0" step="1"/><D19/><REACH who="0" ten="318,224,224,224" step="2"/><U44/><E135/><V36/><F106/><W97/><G107/><T1/><D1/><U125/><E134/><V63/><F17/><W20/><G110/><T62/><D62/><N who="1" m="36207" /><E125/><V38/><F63/><W133/><G111/><T122/><D122/><U6/><E6/><AGARI ba="1,1" hai="2,6,11,50,52,57,61,65,69,73,75,88,94,99" machi="6" ten="40,12000,1" yaku="1,1,54,2,53,1" doraHai="101" doraHaiUra="46" who="0" fromWho="1" sc="318,133,224,-123,224,0,224,0" /><INIT seed="0,2,0,5,5,72" ten="451,101,224,224" oya="0" hai0="10,81,64,116,17,4,77,87,18,21,3,11,41" hai1="71,114,32,94,58,110,48,35,53,121,55,28,46" hai2="13,22,115,117,106,59,129,109,5,16,80,25,75" hai3="30,118,101,73,47,9,49,91,100,37,45,26,128"/><T34/><D116/><U43/><E121/><V134/><F115/><W61/><G118/><T1/><D34/><U82/><E71/><V131/><F117/><W20/><G128/><N who="2" m="49225" /><F109/><W7/><G37/><T69/><D41/><U124/><E110/><V78/><F134/><W83/><G61/><T92/><D69/><U50/><E124/><V103/><F59/><W2/><G47/><T105/><D105/><U90/><E114/><V38/><F38/><W23/><G23/><T0/><D64/><U119/><E119/><V14/><F5/><W19/><G91/><T122/><D122/><U29/><E82/><V79/><F79/><W126/><G126/><T36/><D36/><U70/><E70/><V85/><F85/><W120/><G120/><T132/><D132/><U27/><E28/><V96/><AGARI ba="2,0" hai="13,14,16,22,25,75,78,80,96,103,106" m="49225" machi="96" ten="30,4000,0" yaku="19,1,52,1,54,1" doraHai="72" who="2" fromWho="2" sc="451,-22,101,-12,224,46,224,-12" /><INIT seed="1,0,0,2,4,121" ten="429,89,270,212" oya="1" hai0="110,1,5,53,81,96,93,61,36,21,132,39,102" hai1="67,97,113,120,33,7,54,129,41,104,13,74,22" hai2="30,38,89,18,100,42,85,76,55,78,112,29,105" hai3="94,77,131,31,103,95,109,123,20,44,34,23,115"/><U64/><E113/><V88/><F112/><W122/><G115/><T15/><D110/><U57/><E120/><V43/><F105/><W12/><G131/><T62/><D132/><U70/><E33/><V17/><F100/><W56/><G34/><T51/><D1/><U91/><E74/><V65/><F55/><W46/><G56/><T84/><D36/><U63/><E129/><V99/><F99/><W116/><G103/><T60/><D39/><U79/><E79/><V32/><F38/><W25/><G12/><T98/><D98/><U68/><E104/><V117/><F32/><W52/><G25/><T11/><D21/><U3/><E3/><V126/><F65/><W87/><G87/><T133/><D133/><U49/><E67/><V16/><F18/><W59/><G77/><N who="0" m="46127" /><D62/><U75/><E75/><V135/><F135/><W124/><G109/><T26/><D26/><U128/><E128/><V114/><F114/><W80/><G116/><T106/><D106/><U50/><E41/><V92/><F85/><W24/><G124/><T14/><D15/><U2/><E2/><V27/><F27/><N who="3" m="16871" /><G122/><T107/><D107/><U83/><E83/><V9/><F126/><W73/><G123/><T90/><D102/><U127/><E127/><V10/><REACH who="2" step="1"/><F92/><REACH who="2" ten="429,89,260,212" step="2"/><N who="3" m="35371" /><G73/><T119/><D119/><AGARI ba="0,1" hai="9,10,16,17,29,30,42,43,76,78,88,89,117,119" machi="119" ten="25,8000,1" yaku="1,1,22,2,54,2,53,0" doraHai="121" doraHaiUra="134" who="2" fromWho="0" sc="429,-80,89,0,260,90,212,0" /><INIT seed="2,0,0,2,5,130" ten="349,89,350,212" oya="2" hai0="20,35,118,84,16,29,43,13,102,45,128,90,49" hai1="11,126,117,119,89,18,85,53,52,3,97,68,36" hai2="59,17,70,121,73,98,19,87,4,134,93,80,104" hai3="81,103,78,15,120,99,46,50,74,115,12,107,40"/><V91/><F121/><W37/><G120/><T123/><D123/><U55/><E126/><V69/><F4/><W64/><G115/><T7/><D128/><U122/><E122/><V94/><F94/><W38/><G38/><T34/><D118/><U76/><E68/><V111/><F111/><W54/><REACH who="3" step="1"/><G64/><REACH who="3" ten="349,89,350,202" step="2"/><T14/><D34/><U132/><E36/><V100/><F70/><W1/><G1/><T124/><D124/><U21/><E132/><V60/><F69/><W88/><G88/><T133/><D133/><U112/><E112/><V39/><F39/><W26/><G26/><T48/><D102/><U5/><E76/><N who="2" m="44047" /><F134/><W42/><G42/><T108/><D108/><U131/><E131/><V9/><F9/><W116/><G116/><T33/><D33/><U75/><E75/><V30/><F30/><W101/><G101/><T77/><D77/><U129/><E129/><V72/><F72/><W65/><G65/><AGARI ba="0,1" hai="17,19,59,60,65,87,91,93,98,100,104" m="44047" machi="65" ten="30,1500,0" yaku="24,1" doraHai="130" who="2" fromWho="3" sc="349,0,89,0,350,25,202,-15" /><INIT seed="2,1,0,5,4,48" ten="349,89,375,187" oya="2" hai0="85,60,113,81,86,128,3,16,124,106,92,88,116" hai1="117,94,27,123,0,37,53,32,15,98,103,43,69" hai2="78,12,67,107,58,75,7,59,63,54,14,95,76" hai3="72,118,104,108,96,5,55,9,20,84,11,66,61"/><V34/><F107/><W62/><G118/><T90/><D113/><U29/><E117/><V100/><F34/><W135/><G72/><T10/><D116/><U112/><E112/><V13/><F7/><W25/><G108/><T89/><D106/><U2/><E123/><V65/><F75/><W64/><G135/><T30/><D30/><U42/><E69/><V70/><F70/><W45/><G84/><T35/><D35/><U121/><E121/><V28/><F28/><W79/><G79/><N who="2" m="30249" /><F59/><W17/><G104/><T21/><D124/><U68/><E68/><V80/><F80/><W49/><G96/><AGARI ba="1,0" hai="12,13,14,54,58,63,65,67,95,96,100" m="30249" machi="96" ten="30,2900,0" yaku="8,1,52,1" doraHai="48" who="2" fromWho="3" sc="349,0,89,0,375,32,187,-32" /><INIT seed="2,2,0,5,3,82" ten="349,89,407,155" oya="2" hai0="69,57,9,110,104,71,91,66,55,27,88,95,13" hai1="128,18,7,56,135,116,126,63,78,32,123,65,62" hai2="114,90,107,22,51,94,80,130,11,20,77,6,131" hai3="98,81,75,112,99,125,64,60,127,14,21,85,48"/><V15/><F114/><W0/><G0/><T61/><D104/><U43/><E116/><V29/><F107/><W16/><G75/><T113/><D113/><U103/><E32/><V28/><F51/><W83/><G48/><T35/><D110/><U59/><E103/><V87/><F22/><W38/><G38/><T133/><D133/><U12/><E135/><V40/><F40/><W30/><G112/><T119/><D119/><U33/><E33/><V36/><F36/><W109/><G109/><T96/><D91/><U47/><E126/><N who="3" m="48138" /><G30/><T42/><D42/><U111/><E111/><V76/><F76/><N who="3" m="46247" /><G83/><T49/><D35/><U45/><E128/><N who="2" m="49195" /><F20/><W37/><G37/><T102/><D27/><U3/><E123/><V52/><F52/><W115/><G115/><T86/><D49/><U105/><E78/><V120/><F120/><W10/><G21/><T25/><D25/><U70/><E43/><V4/><F4/><W5/><G5/><T134/><D134/><U26/><E105/><V108/><F108/><W122/><G122/><T124/><D124/><U50/><E50/><V54/><F54/><W100/><G100/><T84/><D55/><N who="1" m="34079" /><E45/><V68/><F68/><AGARI ba="2,0" hai="10,14,16,60,64,68,98,99" m="46247,48138" machi="68" ten="30,3900,0" yaku="18,1,52,1,54,1" doraHai="82" who="3" fromWho="2" sc="349,0,89,0,407,-45,155,45" /><INIT seed="3,0,0,0,1,107" ten="349,89,362,200" oya="3" hai0="0,98,126,25,73,8,90,18,82,125,121,80,111" hai1="112,97,38,77,40,101,34,39,60,106,78,122,19" hai2="103,81,128,28,14,4,59,113,129,94,53,88,17" hai3="3,9,133,68,43,115,124,10,37,132,95,62,51"/><W33/><G33/><T2/><D111/><U118/><E122/><V46/><F113/><W108/><G115/><T41/><D121/><U87/><E112/><V76/><F103/><W75/><G75/><T91/><D41/><U120/><E120/><V109/><F46/><W123/><G123/><T16/><D25/><U31/><E118/><V57/><F4/><W71/><G51/><T110/><D110/><U20/><E78/><V84/><F28/><W30/><G95/><N who="0" m="56695" /><D73/><U47/><E60/><V74/><F109/><W135/><G124/><N who="0" m="47723" /><D91/><U85/><E38/><V55/><F55/><W45/><G108/><T61/><D61/><U1/><E1/><N who="0" m="617" /><D8/><U117/><E117/><V64/><F64/><W92/><G92/><T86/><D86/><U100/><E100/><V42/><F42/><W5/><G62/><T105/><D105/><U6/><E6/><V27/><F27/><W116/><G116/><T99/><D99/><U65/><E65/><V48/><REACH who="2" step="1"/><F59/><REACH who="2" ten="349,89,352,200" step="2"/><W72/><G30/><T127/><D127/><U11/><E11/><AGARI ba="0,1" hai="11,14,17,48,53,57,74,76,81,84,88,94,128,129" machi="11" ten="40,8000,1" yaku="1,1,2,1,52,1,54,1,53,1" doraHai="107" doraHaiUra="89" who="2" fromWho="1" sc="349,0,89,-80,352,90,200,0" owari="349,14.9,9,-49.1,442,54.2,200,-20.0" /></mjloggm>