<mjloggm ver="2.3"><GO type="225" lobby="0"/><UN n0="%E3%81%B5%E3%81%98%E3%81%8B%E3%81%A4" n1="%72%69%6F%75%63%68%61%6E" n2="%E3%81%86%E3%81%A9%E3%82%93%E3%81%93" n3="%4C%4F%4C%49%54%41" dan="16,17,16,16" rate="2129.58,2245.93,2124.67,2192.49" sx="M,M,M,F"/><TAIKYOKU oya="0"/><INIT seed="0,0,0,4,3,25" ten="250,250,250,250" oya="0" hai0="17,128,133,40,122,76,48,37,60,104,50,5,45" hai1="11,100,126,90,106,13,117,132,63,4,14,41,98" hai2="89,135,85,58,69,125,84,118,16,112,61,105,102" hai3="80,113,114,26,24,127,110,109,19,44,88,42,130"/><T9/><D122/><U43/><E117/><V47/><F118/><W101/><G127/><T99/><D133/><U87/><E126/><V64/><F125/><W129/><G101/><T53/><D128/><N who="3" m="49257" /><G19/><T35/><D17/><U92/><E132/><V103/><F135/><W78/><G24/><T57/><D76/><U3/><REACH who="1" step="1"/><E63/><REACH who="1" ten="250,240,250,250" step="2"/><V28/><F61/><W67/><G113/><T73/><D73/><U97/><E97/><V62/><F62/><W39/><G114/><T8/><D99/><U120/><E120/><V115/><F115/><W15/><G110/><T91/><D104/><U2/><E2/><V94/><F105/><W46/><G109/><T82/><D60/><U0/><E0/><V36/><F112/><W27/><G67/><T55/><D37/><U119/><E119/><V54/><F64/><W93/><G39/><T107/><D107/><U86/><E86/><V70/><F85/><W131/><G131/><T96/><D96/><U68/><E68/><V66/><F66/><W83/><G46/><T59/><D50/><U81/><E81/><V34/><F70/><W75/><G80/><T51/><D82/><U74/><E74/><V116/><F69/><W33/><G83/><T30/><D45/><U124/><E124/><V72/><F47/><W121/><G75/><T71/><D71/><U21/><E21/><V6/><F72/><W31/><G121/><T32/><D40/><AGARI ba="0,1" hai="3,4,11,13,14,40,41,43,87,90,92,98,100,106" machi="40" ten="40,1300,0" yaku="1,1,53,0" doraHai="25" doraHaiUra="123" who="1" fromWho="0" sc="250,-13,240,23,250,0,250,0" /><INIT seed="1,0,0,4,2,62" ten="237,263,250,250" oya="1" hai0="78,103,127,108,31,61,60,83,129,121,11,96,93" hai1="59,85,7,52,124,88,117,67,84,69,86,37,106" hai2="16,41,118,89,38,105,110,32,28,92,48,39,29" hai3="126,134,72,20,66,77,27,133,82,97,15,56,73"/><U64/><E117/><V95/><F105/><W109/><G109/><T99/><D108/><U9/><E37/><V94/><F110/><W10/><G126/><T40/><D127/><U22/><E124/><V55/><F118/><W112/><G112/><T21/><D129/><U113/><E113/><V33/><F41/><W49/><G72/><T123/><D40/><U76/><E106/><V50/><F89/><W114/><G114/><T12/><D99/><U65/><E69/><V116/><F116/><W26/><G97/><T54/><D21/><U70/><E70/><V131/><F131/><W6/><G49/><N who="2" m="19049" /><F55/><W34/><G34/><N who="2" m="13417" /><F16/><W115/><G115/><T132/><D31/><AGARI ba="0,0" hai="28,29,31,38,39,92,94,95" m="13417,19049" machi="31" ten="40,2600,0" yaku="28,2" doraHai="62" who="2" fromWho="0" sc="237,-26,263,0,250,26,250,0" /><INIT seed="2,0,0,5,0,80" ten="211,263,276,250" oya="2" hai0="7,0,119,124,38,88,55,113,11,58,13,50,111" hai1="2,96,20,89,81,99,29,37,134,115,123,104,102" hai2="17,47,44,90,69,86,25,12,127,74,40,125,64" hai3="66,53,18,121,129,117,87,56,83,49,16,122,109"/><V3/><F74/><W43/><G117/><T62/><D113/><U120/><E115/><V75/><F75/><W45/><G109/><T9/><D111/><U15/><E2/><V27/><F3/><W36/><G129/><T22/><D119/><U57/><E37/><V1/><F1/><W39/><G39/><T118/><D118/><U67/><E134/><V112/><F112/><W131/><G131/><T70/><D124/><N who="2" m="47690" /><F64/><W48/><G66/><T77/><D38/><U33/><E33/><V23/><F69/><W31/><G31/><T24/><D77/><U71/><E71/><V114/><F114/><W41/><G41/><T51/><D70/><U133/><E133/><V92/><F40/><W98/><G98/><T60/><D60/><N who="1" m="38287" /><E96/><V76/><F76/><W26/><G36/><T108/><D108/><U61/><E61/><V52/><F47/><W85/><G85/><T103/><D103/><U84/><E29/><V79/><F79/><W106/><G106/><T100/><D100/><U107/><E104/><V28/><F28/><W93/><G122/><N who="1" m="46634" /><E15/><V68/><F68/><W54/><G121/><T46/><D46/><U110/><E110/><V19/><F19/><N who="3" m="7211" /><G26/><T59/><D59/><U128/><E128/><V126/><F126/><W4/><G4/><N who="0" m="3303" /><D88/><N who="1" m="51215" /><E20/><V73/><F73/><W34/><G34/><T65/><D65/><U63/><E63/><V135/><F135/><W30/><G30/><N who="0" m="17687" /><D62/><U105/><E107/><V6/><F6/><W91/><G43/><T94/><D94/><AGARI ba="0,0" hai="45,48,49,53,54,56,83,87,91,93,94" m="7211" machi="94" ten="30,3900,0" yaku="8,1,52,1,54,1" doraHai="80" who="3" fromWho="0" sc="211,-39,263,0,276,0,250,39" /><INIT seed="3,0,0,0,5,72" ten="172,263,276,289" oya="3" hai0="130,85,79,19,55,46,90,21,67,6,71,23,34" hai1="100,116,114,32,112,65,51,27,13,18,45,8,109" hai2="98,42,1,81,105,63,10,30,125,61,9,44,80" hai3="99,115,113,124,74,14,40,28,123,54,121,76,25"/><W31/><G40/><T96/><D130/><U93/><E109/><V122/><F30/><W68/><G68/><T120/><D120/><U5/><E116/><V24/><F122/><W17/><G74/><T73/><D34/><U119/><E119/><V78/><F24/><W62/><G76/><T77/><D71/><U22/><E65/><V91/><F125/><W38/><G38/><T7/><D73/><U33/><E100/><V60/><F81/><W131/><G99/><T89/><D67/><U39/><E39/><V97/><F91/><N who="0" m="34826" /><D96/><U70/><E93/><V20/><F20/><N who="0" m="7754" /><D85/><U84/><E84/><V111/><F111/><W2/><G2/><T135/><D19/><U103/><E103/><V52/><F98/><W102/><G102/><T134/><D55/><U88/><E88/><V133/><F52/><W110/><G131/><T75/><D46/><U47/><E45/><V117/><F117/><W11/><G110/><T0/><D75/><U128/><E70/><V26/><F1/><W59/><G31/><T57/><D57/><U3/><E128/><V129/><F129/><W15/><G121/><T127/><D127/><U92/><E92/><V58/><F97/><W101/><G124/><T50/><D50/><U48/><E48/><V104/><F104/><W126/><G126/><T12/><D12/><U95/><E95/><V69/><F105/><W87/><G123/><T43/><D43/><N who="1" m="25087" /><E32/><V29/><F69/><W132/><G101/><T36/><D36/><U41/><E41/><V108/><F108/><W83/><G59/><T94/><D94/><U107/><E107/><RYUUKYOKU ba="0,0" sc="172,-10,263,30,276,-10,289,-10" hai1="3,5,8,13,18,22,27,33,112,114" /><INIT seed="4,1,0,5,4,78" ten="162,293,266,279" oya="0" hai0="2,129,108,87,122,114,45,8,39,112,104,133,98" hai1="125,130,91,43,100,15,22,86,92,55,99,59,58" hai2="61,68,42,126,106,73,19,135,44,35,51,50,23" hai3="5,82,97,79,10,124,1,26,84,64,3,13,34"/><T69/><RYUUKYOKU type="yao9" ba="1,0" sc="162,0,293,0,266,0,279,0" hai0="2,8,39,45,69,87,98,104,108,112,114,122,129,133" /><INIT seed="4,2,0,4,5,74" ten="162,293,266,279" oya="0" hai0="108,31,124,79,82,121,71,103,36,81,95,106,41" hai1="93,119,17,110,72,92,122,3,34,131,38,7,128" hai2="130,115,25,62,113,80,52,39,5,51,105,33,64" hai3="44,46,73,15,99,78,43,102,87,56,24,37,1"/><T40/><D121/><U45/><E110/><V70/><F105/><W16/><G1/><T69/><D108/><U32/><E119/><V13/><F39/><W125/><G73/><T60/><D106/><U111/><E111/><V117/><F117/><W109/><G109/><T19/><D124/><U118/><E118/><V75/><F130/><N who="1" m="49705" /><E72/><V104/><F104/><W101/><G125/><T90/><D103/><U114/><E114/><N who="2" m="43531" /><F5/><W2/><G2/><T84/><D31/><U98/><E92/><V112/><N who="2" m="43539" /><V12/><DORA hai="42" /><F25/><W18/><G37/><T68/><D60/><U85/><E85/><V116/><F33/><W94/><G43/><T57/><D57/><U23/><E122/><V129/><F129/><W11/><G56/><T30/><D30/><U54/><E3/><V28/><F28/><W14/><G24/><T127/><D127/><U133/><E7/><V100/><F100/><W49/><G49/><T76/><D19/><U10/><E10/><V27/><F27/><W123/><G102/><T35/><D35/><U97/><E133/><V59/><F116/><W120/><G123/><T77/><REACH who="0" step="1"/><D41/><REACH who="0" ten="152,293,266,279" step="2"/><N who="1" m="22711" /><E32/><V83/><F75/><W21/><G120/><T55/><D55/><U61/><E34/><V26/><F26/><W96/><G101/><T126/><D126/><U48/><E61/><V50/><F62/><W58/><G58/><T89/><D89/><U65/><E54/><V88/><F52/><W20/><G18/><T53/><D53/><U107/><E107/><V132/><F88/><W86/><G16/><T66/><D66/><U6/><E65/><RYUUKYOKU ba="2,1" sc="152,30,293,-10,266,-10,279,-10" hai0="36,40,68,69,71,76,77,79,81,82,84,90,95" /><INIT seed="4,3,1,1,5,122" ten="182,283,256,269" oya="0" hai0="11,6,132,26,28,65,12,81,119,16,33,64,77" hai1="110,62,24,4,117,70,102,30,113,125,35,25,21" hai2="76,34,14,8,18,59,109,124,52,63,101,9,44" hai3="118,135,80,54,55,88,130,51,66,123,1,20,99"/><T58/><D119/><U37/><E110/><V115/><F109/><W56/><G118/><T61/><D132/><U43/><E117/><V53/><F115/><W67/><G1/><T108/><D108/><U87/><E113/><V32/><F124/><W27/><G130/><T23/><D65/><U120/><E120/><V127/><F127/><W5/><G5/><T72/><REACH who="0" step="1"/><D6/><REACH who="0" ten="172,283,256,269" step="2"/><U47/><E4/><V31/><F34/><AGARI ba="3,2" hai="11,12,16,23,26,28,33,34,58,61,64,72,77,81" machi="34" ten="40,7700,0" yaku="1,1,2,1,54,1,53,0" doraHai="122" doraHaiUra="45" who="0" fromWho="2" sc="172,106,283,0,256,-86,269,0" /><INIT seed="4,4,0,3,3,4" ten="278,283,170,269" oya="0" hai0="11,78,81,101,88,17,106,103,79,47,41,22,95" hai1="115,90,34,86,31,87,21,80,114,24,97,128,113" hai2="108,16,110,46,129,58,124,25,60,57,6,82,68" hai3="111,105,32,43,73,20,18,102,123,29,19,51,7"/><T92/><D106/><U112/><E112/><V5/><F129/><W75/><G111/><T1/><D1/><U27/><E128/><V3/><F68/><W26/><G123/><T67/><D67/><U2/><E2/><V61/><F3/><W122/><G122/><T109/><D109/><U77/><E97/><V132/><F132/><W100/><G7/><N who="2" m="2569" /><F110/><W76/><G19/><T126/><D126/><U40/><E40/><V65/><F108/><W63/><G63/><N who="2" m="24137" /><F124/><W62/><G62/><T42/><D11/><U91/><E86/><V117/><F117/><W93/><G75/><T66/><D66/><U74/><E74/><V83/><F65/><W9/><G73/><T30/><D42/><U135/><E135/><V35/><F35/><W37/><G32/><T33/><D41/><U127/><E127/><V10/><F46/><W72/><G72/><T28/><D47/><U56/><E56/><N who="2" m="21611" /><F25/><W45/><G26/><N who="0" m="14671" /><D33/><U119/><E119/><V130/><F130/><W89/><G45/><T118/><D118/><U50/><E50/><V121/><F121/><W134/><G51/><T125/><D125/><U69/><E69/><V120/><F120/><W59/><G134/><T0/><D0/><U44/><E44/><V98/><F98/><W70/><G70/><T39/><D28/><AGARI ba="4,0" hai="21,24,27,28,31,34,77,80,87,90,91,113,114,115" machi="28" ten="40,2600,0" yaku="15,1,11,1" doraHai="4" who="1" fromWho="0" sc="278,-38,283,38,170,0,269,0" owari="240,-16.0,321,42.1,170,-33.0,269,6.9" /></mjloggm>