<mjloggm ver="2.3"><GO type="225" lobby="0"/><UN n0="%43%E3%82%A8%E3%83%BC%E3%82%B8%E3%82%A7%E3%83%B3%E3%83%88" n1="%E3%81%BF%E3%81%BF%E3%81%9A" n2="%E3%83%81%E3%83%AF%E3%83%AF%E9%9A%8A%E9%95%B7" n3="%E6%A0%B9%E5%85%83%E3%81%8B%E3%82%89%E5%90%B9%E3%81%A3%E9%A3%9B%E3%81%B6" dan="16,18,16,17" rate="2124.96,2256.21,2082.53,2174.77" sx="M,M,M,F"/><TAIKYOKU oya="0"/><INIT seed="0,0,0,3,1,44" ten="250,250,250,250" oya="0" hai0="85,74,80,109,73,81,55,104,133,15,135,36,76" hai1="84,90,100,92,23,86,57,21,27,41,46,48,101" hai2="40,53,2,37,34,71,131,126,49,4,105,28,120" hai3="118,91,50,116,89,16,10,106,103,129,97,88,13"/><T82/><D36/><U119/><E119/><V42/><F37/><W63/><G129/><T78/><D15/><U127/><E127/><V32/><F71/><W134/><G134/><N who="0" m="51211" /><D55/><U111/><E111/><V26/><F105/><W124/><G124/><T77/><D104/><U65/><E86/><V39/><F126/><W69/><REACH who="3" step="1"/><G50/><REACH who="3" ten="250,250,250,240" step="2"/><T5/><D5/><U68/><E68/><V83/><F4/><W66/><AGARI ba="0,1" hai="10,13,16,63,66,69,88,89,91,97,103,106,116,118" machi="66" ten="30,8000,1" yaku="1,1,2,1,0,1,54,2,53,0" doraHai="44" doraHaiUra="0" who="3" fromWho="3" sc="250,-40,250,-20,250,-20,240,90" /><INIT seed="1,0,0,0,3,124" ten="210,230,230,330" oya="1" hai0="40,94,89,19,101,17,104,42,45,69,120,34,5" hai1="84,93,28,102,82,55,49,112,91,24,30,122,64" hai2="75,114,31,92,78,107,62,103,95,50,43,105,66" hai3="131,18,96,36,73,110,25,71,9,63,133,60,21"/><U118/><E112/><V99/><F114/><W20/><G110/><T2/><D69/><U74/><E118/><V54/><F43/><W51/><G36/><T113/><D113/><U1/><E122/><V35/><F107/><W106/><G73/><T0/><D120/><U116/><E116/><V109/><F109/><W32/><G133/><T7/><D34/><U88/><E1/><V6/><F6/><W12/><G131/><T33/><D33/><U129/><E129/><V23/><F23/><W47/><G21/><T134/><D134/><U123/><E123/><V127/><F127/><W126/><G32/><T67/><D67/><U39/><E39/><V86/><F75/><W72/><G72/><T79/><D79/><U38/><E38/><V61/><F61/><W111/><G71/><T70/><D70/><U87/><E64/><V130/><F130/><W10/><G10/><T115/><D45/><U44/><E24/><V27/><F62/><W14/><G14/><T8/><D115/><U48/><E74/><V76/><F66/><W58/><G58/><T59/><D59/><N who="1" m="33255" /><E102/><V26/><F26/><W135/><G135/><T11/><D101/><U125/><E125/><V57/><F78/><W121/><G121/><T41/><REACH who="0" step="1"/><D104/><REACH who="0" ten="200,230,230,330" step="2"/><U3/><E3/><V22/><F35/><W128/><G128/><T68/><D68/><U80/><E80/><V119/><F119/><W52/><G126/><T15/><D15/><U97/><E97/><AGARI ba="0,1" hai="0,2,5,7,8,11,17,19,40,41,42,89,94,97" machi="97" ten="40,2600,0" yaku="1,1,9,1,53,0" doraHai="124" doraHaiUra="100" who="0" fromWho="1" sc="200,36,230,-26,230,0,330,0" /><INIT seed="2,0,0,0,3,23" ten="236,204,230,330" oya="2" hai0="121,104,27,95,56,39,22,20,33,17,118,55,126" hai1="1,3,29,105,127,61,41,48,84,130,117,70,98" hai2="66,106,101,93,10,99,83,62,120,35,124,54,81" hai3="11,4,91,80,53,96,100,115,135,38,103,21,44"/><V25/><F120/><W46/><G135/><T47/><D104/><U9/><E117/><V16/><F124/><W52/><G115/><T87/><D126/><U94/><E127/><V30/><F54/><W49/><G38/><T60/><D121/><U65/><E130/><V133/><F133/><W114/><G114/><T57/><D118/><U123/><E123/><V97/><F10/><W129/><G129/><T82/><D95/><U15/><E105/><V19/><F81/><W74/><G74/><T67/><D33/><U34/><E84/><V63/><F83/><W45/><G21/><T50/><D20/><U13/><E48/><V68/><F63/><W79/><G79/><T77/><REACH who="0" step="1"/><D39/><REACH who="0" ten="226,204,230,330" step="2"/><U90/><E41/><V28/><F28/><W18/><G80/><T14/><D14/><U8/><E34/><V76/><F76/><W12/><G12/><T0/><D0/><U119/><E29/><V86/><F86/><W2/><G2/><T85/><D85/><U75/><E119/><V113/><F113/><W89/><G96/><T128/><D128/><U69/><E75/><V37/><F37/><W112/><G112/><T24/><D24/><U111/><E111/><V64/><F64/><W7/><G46/><AGARI ba="0,1" hai="17,22,27,46,47,50,55,56,57,60,67,77,82,87" machi="46" ten="40,8000,1" yaku="1,1,8,1,52,1,53,1" doraHai="23" doraHaiUra="51" who="0" fromWho="3" sc="226,90,204,0,230,0,330,-80" /><INIT seed="3,0,0,1,2,71" ten="316,204,230,250" oya="3" hai0="109,79,91,98,13,134,127,27,89,6,44,11,102" hai1="112,66,135,54,41,65,59,97,8,28,42,122,36" hai2="95,53,82,68,129,85,40,104,18,76,83,4,48" hai3="46,45,69,106,94,105,123,23,73,21,119,12,3"/><W80/><G119/><T32/><D109/><U56/><E122/><V77/><F104/><W116/><G116/><T87/><D127/><U117/><E117/><V107/><F107/><W5/><G69/><T2/><D134/><U99/><E112/><V15/><F68/><W38/><G3/><T84/><D44/><U17/><E135/><V52/><F129/><W114/><G46/><T0/><D79/><U39/><E17/><V63/><F4/><W103/><G94/><T108/><D108/><U115/><E115/><V120/><F120/><W78/><G103/><T93/><D27/><U128/><E8/><V81/><F40/><N who="3" m="22679" /><G23/><T50/><D50/><U100/><E54/><N who="2" m="21099" /><F48/><W24/><G12/><T67/><D67/><U55/><E55/><V126/><F126/><W58/><G58/><T9/><D32/><U57/><E57/><V49/><F49/><W37/><G37/><T35/><D35/><U34/><E34/><V74/><F74/><W14/><G14/><T110/><D110/><U86/><E100/><V96/><F63/><W61/><G61/><T47/><D47/><U30/><REACH who="1" step="1"/><E86/><REACH who="1" ten="316,194,230,250" step="2"/><V101/><F85/><N who="3" m="48279" /><G123/><T124/><D124/><U113/><E113/><V19/><F19/><W118/><G118/><T33/><D33/><U60/><E60/><V88/><F101/><W25/><G114/><T131/><D11/><AGARI ba="0,1" hai="11,15,18,76,77,81,82,83,88,95,96" m="21099" machi="11" ten="30,3900,0" yaku="8,1,54,2" doraHai="71" who="2" fromWho="0" sc="316,-39,194,0,230,49,250,0" /><INIT seed="4,0,0,4,0,116" ten="277,194,279,250" oya="0" hai0="61,5,71,88,124,77,11,4,123,34,86,118,56" hai1="79,83,89,106,96,95,26,29,93,63,72,55,42" hai2="90,120,112,8,51,121,58,22,30,31,107,41,73" hai3="101,85,52,130,14,1,38,18,98,44,45,129,48"/><T81/><D124/><U74/><E42/><V16/><F73/><W27/><G1/><T43/><D118/><U97/><E74/><V28/><F107/><W32/><G85/><T36/><D123/><U49/><E106/><V50/><F112/><W19/><G44/><T103/><D34/><U46/><E63/><V15/><F90/><W108/><G38/><T131/><D131/><N who="3" m="50185" /><G108/><T10/><D103/><U20/><REACH who="1" step="1"/><E95/><REACH who="1" ten="277,184,279,250" step="2"/><V133/><F41/><W110/><G110/><T94/><D43/><U59/><E59/><V100/><F58/><W125/><G125/><T35/><D71/><U6/><E6/><V113/><F120/><W68/><G68/><T13/><D36/><U69/><E69/><V99/><F121/><W9/><G32/><T122/><D35/><U132/><E132/><V80/><F133/><W135/><G135/><T37/><D122/><U2/><E2/><V127/><F127/><W17/><G27/><T24/><D37/><U53/><E53/><V111/><F111/><W115/><G115/><T70/><D70/><U87/><AGARI ba="0,1" hai="20,26,29,46,49,55,72,79,83,87,89,93,96,97" machi="87" ten="20,5200,0" yaku="1,1,0,1,7,1,53,1" doraHai="116" doraHaiUra="82" who="1" fromWho="1" sc="277,-26,184,62,279,-13,250,-13" /><INIT seed="5,0,0,1,2,126" ten="251,246,266,237" oya="1" hai0="37,68,125,67,25,29,127,98,60,7,63,115,88" hai1="90,33,124,23,130,62,95,13,78,31,2,24,54" hai2="61,15,135,40,103,57,97,84,101,26,104,9,107" hai3="32,100,102,86,36,99,83,19,30,82,28,120,45"/><U20/><E124/><N who="0" m="47689" /><D115/><U81/><E2/><V75/><F75/><W55/><G120/><T11/><D37/><U74/><E130/><V6/><F135/><W117/><G117/><T65/><D60/><U105/><E105/><V108/><F108/><W110/><G110/><T14/><D63/><U39/><E39/><V131/><F131/><W106/><G32/><N who="0" m="20527" /><D68/><U123/><E123/><V119/><F119/><W113/><G113/><T41/><D41/><U87/><REACH who="1" step="1"/><E13/><REACH who="1" ten="251,236,266,237" step="2"/><V50/><F15/><W69/><G36/><T118/><D118/><U64/><E64/><V72/><F107/><W16/><G106/><T49/><D49/><U85/><E85/><V114/><F84/><W59/><G86/><T73/><D73/><U8/><E8/><V58/><F72/><W53/><G99/><T111/><D111/><U133/><E133/><V5/><F97/><W94/><G69/><T12/><D14/><U116/><E116/><V79/><F114/><W122/><G122/><T51/><D51/><U48/><E48/><V76/><F50/><W89/><G45/><T77/><D77/><U4/><E4/><V27/><F5/><W38/><G38/><T66/><D67/><U71/><E71/><V0/><F76/><W56/><G94/><AGARI ba="0,1" hai="7,11,12,65,66,88,94,98" m="20527,47689" machi="94" ten="30,2000,0" yaku="18,1,54,1" doraHai="126" who="0" fromWho="3" sc="251,30,236,0,266,0,237,-20" /><INIT seed="6,0,0,5,4,94" ten="281,236,266,217" oya="2" hai0="80,82,109,81,121,68,30,59,124,36,25,19,7" hai1="37,61,73,135,104,60,106,88,57,34,78,9,107" hai2="40,28,99,35,89,100,113,51,93,64,39,90,49" hai3="69,52,62,83,24,41,6,84,103,125,67,0,115"/><V11/><F39/><W15/><G125/><T29/><D109/><U114/><E37/><V32/><F113/><W20/><G115/><T105/><D105/><U14/><E114/><V71/><F11/><W53/><G41/><T111/><D68/><U54/><E34/><V77/><F77/><W97/><G0/><T95/><D36/><U116/><E116/><V76/><F76/><W131/><G131/><T117/><D121/><U92/><E135/><V2/><F2/><W127/><G127/><T70/><D70/><U43/><E43/><V5/><F5/><W63/><G15/><T16/><D7/><U38/><E38/><V50/><F40/><W12/><G12/><T44/><D44/><U112/><E112/><V86/><F28/><N who="0" m="10858" /><D111/><U110/><E110/><V130/><F130/><W1/><G6/><T132/><D132/><U13/><E61/><N who="3" m="23050" /><G1/><T48/><D117/><U102/><E102/><V47/><F32/><W42/><G42/><T87/><D25/><U27/><E27/><V21/><F35/><W128/><G128/><T45/><D45/><U119/><E119/><V79/><F47/><W118/><G118/><T101/><D124/><U96/><REACH who="1" step="1"/><E9/><REACH who="1" ten="281,226,266,217" step="2"/><V129/><F129/><W8/><G24/><T134/><D134/><U17/><E17/><V4/><F50/><W58/><G8/><T65/><D101/><U26/><E26/><V10/><F100/><W133/><G103/><T120/><D120/><U91/><E91/><V85/><F10/><W55/><G133/><T75/><D48/><U72/><E72/><V22/><F49/><N who="3" m="30991" /><G20/><T33/><D33/><RYUUKYOKU ba="0,1" sc="281,-10,226,30,266,-10,217,-10" hai1="13,14,54,57,60,73,78,88,92,96,104,106,107" /><INIT seed="7,1,1,3,3,76" ten="271,256,256,207" oya="3" hai0="120,71,6,14,68,88,52,103,73,119,132,84,16" hai1="65,69,10,36,44,98,60,24,110,40,82,116,130" hai2="86,51,111,21,57,128,0,72,45,112,85,58,38" hai3="55,64,134,107,53,5,7,20,121,13,3,95,48"/><W37/><G121/><T113/><D119/><U34/><E110/><V97/><F72/><W131/><G37/><T90/><D120/><U23/><E116/><V91/><F0/><W125/><G107/><T31/><D73/><U2/><E82/><N who="2" m="49591" /><F38/><W35/><G35/><T17/><D31/><N who="1" m="19815" /><E23/><V61/><F111/><W118/><G118/><T108/><D108/><U114/><E98/><V93/><F128/><W50/><G131/><T63/><D132/><U77/><E77/><V74/><F74/><W12/><G134/><T30/><D30/><U78/><E78/><V94/><F112/><W42/><G3/><T135/><D103/><U81/><E81/><V1/><F1/><W133/><G133/><T115/><D135/><U59/><E59/><V46/><F21/><W11/><G125/><T67/><D71/><U92/><E92/><N who="2" m="35435" /><F97/><W33/><G33/><T4/><D84/><U83/><E83/><V28/><F28/><W102/><G64/><T100/><D100/><U124/><E114/><N who="0" m="43529" /><D14/><U109/><E109/><V87/><F87/><W32/><G32/><T27/><D27/><U89/><E89/><N who="0" m="34409" /><D52/><N who="3" m="20041" /><G42/><T54/><D54/><U9/><E130/><V79/><F57/><W43/><G43/><T39/><D39/><U15/><E2/><V123/><F123/><W66/><G66/><T126/><D126/><U99/><E124/><V19/><F58/><W127/><G127/><T104/><D104/><U62/><E99/><V22/><F86/><W117/><G117/><T105/><D105/><U26/><E69/><V29/><F61/><N who="1" m="23657" /><E36/><V8/><F46/><W70/><G70/><RYUUKYOKU ba="1,1" sc="271,30,256,-10,256,-10,207,-10" hai0="4,6,16,17,63,67,68" owari="311,41.1,246,4.6,246,-15.4,197,-30.3" /></mjloggm>