<mjloggm ver="2.3"><GO type="225" lobby="0"/><UN n0="%E8%A8%88%E7%AE%97%E6%A9%9F%E8%87%AA%E7%84%B6" n1="%E3%81%86%E3%81%A9%E3%82%93%E3%81%93" n2="%72%61%6B%33" n3="%E3%81%B2%E3%81%AA%E3%81%AE%E3%82%8A%E3%81%8F" dan="17,16,17,17" rate="2224.78,2132.28,2239.32,2181.99" sx="M,M,M,M"/><TAIKYOKU oya="0"/><INIT seed="0,0,0,2,0,39" ten="250,250,250,250" oya="0" hai0="17,42,99,18,30,40,111,68,102,71,24,26,101" hai1="63,117,89,98,127,45,134,81,2,124,72,5,19" hai2="38,15,92,12,48,10,52,119,33,57,90,126,70" hai3="120,25,20,62,108,59,64,118,106,114,51,133,23"/><T9/><D9/><N who="1" m="2231" /><E117/><V112/><F119/><W14/><G106/><T80/><D80/><U82/><E134/><V84/><F112/><W122/><G114/><T116/><D116/><U54/><E19/><V100/><F126/><N who="1" m="48169" /><E72/><V65/><F33/><W49/><G118/><T37/><D37/><U4/><E4/><V3/><F38/><W61/><G108/><T135/><D99/><U28/><E28/><V29/><F29/><W44/><G51/><T47/><D30/><U96/><E45/><V35/><F35/><W11/><G62/><T107/><D47/><U75/><E75/><V34/><F34/><W69/><G69/><T129/><D107/><U27/><E27/><V85/><F100/><W86/><G133/><T56/><D135/><U78/><E78/><V7/><REACH who="2" step="1"/><F85/><REACH who="2" ten="250,250,240,250" step="2"/><W77/><G86/><T79/><D111/><U130/><E130/><V91/><F91/><W60/><G120/><T66/><D129/><U94/><E98/><V58/><F58/><AGARI ba="0,1" hai="54,58,63,81,82,89,94,96" m="48169,2231" machi="58" ten="30,1000,0" yaku="18,1" doraHai="39" who="1" fromWho="2" sc="250,0,250,20,240,-10,250,0" /><INIT seed="1,0,0,2,5,102" ten="250,270,230,250" oya="1" hai0="85,75,101,43,118,84,110,4,0,11,70,49,28" hai1="67,117,15,83,26,72,81,86,29,116,123,44,10" hai2="109,97,50,65,134,56,13,92,105,125,20,12,7" hai3="131,129,25,64,78,133,18,48,66,128,122,87,34"/><U21/><E123/><V111/><F125/><W135/><G122/><T57/><D118/><U115/><E115/><V58/><F134/><N who="3" m="51211" /><G78/><T54/><D75/><U30/><E67/><N who="3" m="25642" /><G87/><T46/><D70/><U16/><E72/><V1/><F1/><W32/><G48/><T76/><D110/><U88/><E30/><V104/><F50/><W127/><G127/><T6/><D76/><U80/><REACH who="1" step="1"/><E44/><REACH who="1" ten="250,260,230,250" step="2"/><V52/><F109/><W60/><G60/><T99/><D28/><U74/><E74/><V107/><F111/><W14/><G25/><T114/><D114/><U62/><E62/><V51/><F65/><W35/><G35/><T55/><D55/><U73/><E73/><V31/><F56/><W45/><G45/><T108/><D108/><U68/><E68/><V120/><F120/><W36/><G36/><T98/><D57/><U59/><E59/><V77/><F77/><W94/><G34/><T79/><D54/><U89/><E89/><V91/><REACH who="2" step="1"/><F7/><REACH who="2" ten="250,260,220,250" step="2"/><W100/><G128/><T130/><D130/><U53/><E53/><V37/><F37/><W132/><G131/><T2/><D79/><U22/><E22/><V124/><F124/><W42/><G32/><T93/><D4/><U23/><E23/><V39/><F39/><W63/><G129/><T27/><D6/><U113/><E113/><V47/><F47/><W121/><G132/><T71/><D46/><U19/><E19/><V8/><F8/><W106/><G18/><T112/><D112/><U103/><E103/><V90/><F90/><W126/><G100/><N who="0" m="60495" /><D71/><U96/><E96/><V61/><F61/><RYUUKYOKU ba="0,2" sc="250,-15,260,15,220,15,250,-15" hai1="10,15,16,21,26,29,80,81,83,86,88,116,117" hai2="12,13,20,31,51,52,58,91,92,97,104,105,107" /><INIT seed="1,1,2,5,1,36" ten="235,275,235,235" oya="1" hai0="17,11,97,39,73,116,51,117,45,91,132,43,46" hai1="28,71,55,35,14,109,110,52,27,83,96,99,84" hai2="106,40,127,94,50,130,95,21,122,123,5,121,26" hai3="74,101,126,82,30,63,113,120,78,29,42,60,4"/><U61/><E14/><V32/><F106/><W33/><G120/><T75/><D132/><U77/><E71/><V54/><F127/><W23/><G113/><T7/><D17/><U70/><E70/><V18/><F130/><W66/><G33/><T59/><D59/><N who="1" m="35047" /><E55/><V34/><F5/><W87/><G4/><T56/><D56/><U76/><E76/><V15/><F40/><W128/><G128/><T58/><D58/><U20/><E35/><V47/><REACH who="2" step="1"/><F34/><REACH who="2" ten="235,275,225,235" step="2"/><W8/><G42/><T68/><D7/><U98/><E109/><V31/><AGARI ba="1,3" hai="15,18,21,26,31,32,47,50,54,94,95,121,122,123" machi="31" ten="40,8000,1" yaku="1,1,2,1,0,1,53,2" doraHai="36" doraHaiUra="90" who="2" fromWho="2" sc="235,-21,275,-41,225,113,235,-21" /><INIT seed="2,0,0,2,0,126" ten="214,234,338,214" oya="2" hai0="28,100,86,87,108,0,117,111,69,70,40,2,12" hai1="10,23,109,4,119,67,15,33,107,130,11,98,3" hai2="39,134,74,103,97,72,1,91,54,93,121,58,37" hai3="80,110,122,7,42,102,30,99,41,90,61,13,8"/><V128/><F121/><W36/><G122/><T31/><D100/><U129/><E33/><V71/><F71/><N who="0" m="27146" /><D12/><U94/><E119/><V89/><F1/><N who="0" m="618" /><D40/><U115/><E115/><V112/><F134/><W95/><G110/><N who="0" m="42027" /><D117/><U55/><E107/><V132/><F132/><W127/><G127/><T135/><D135/><U105/><E105/><V82/><F103/><W81/><G61/><T66/><D66/><U35/><E35/><V63/><F112/><W75/><G102/><T29/><AGARI ba="0,0" hai="28,29,31,86,87" m="42027,618,27146" machi="29" ten="40,5200,0" yaku="28,2,14,1" doraHai="126" who="0" fromWho="0" sc="214,52,234,-13,338,-26,214,-13" /><INIT seed="3,0,0,5,5,91" ten="266,221,312,201" oya="3" hai0="28,112,31,121,68,47,56,40,116,70,67,64,38" hai1="82,119,129,29,39,106,95,6,125,135,94,101,33" hai2="12,76,37,2,133,34,58,4,24,109,20,110,23" hai3="78,83,26,42,72,27,100,45,46,35,89,81,18"/><W44/><G100/><T48/><D28/><U54/><E39/><V92/><F37/><W61/><G42/><N who="0" m="22999" /><D31/><U79/><E129/><V52/><F133/><W103/><G103/><T7/><D7/><U21/><E125/><V65/><F65/><N who="0" m="25162" /><D116/><U25/><E135/><V104/><F104/><W126/><G126/><T30/><D30/><U16/><E119/><V132/><F34/><W134/><G134/><T5/><D5/><U77/><E77/><V53/><F2/><W41/><G41/><T75/><D75/><U131/><E131/><V15/><F76/><W60/><G35/><T10/><D10/><U74/><E6/><V123/><F4/><W97/><G81/><T105/><D105/><U93/><E54/><V0/><F0/><W128/><G128/><T115/><D121/><U66/><E66/><V19/><F123/><W69/><G69/><N who="0" m="26731" /><D56/><U117/><E117/><V99/><F58/><W55/><G55/><T50/><D40/><U102/><REACH who="1" step="1"/><E106/><REACH who="1" ten="266,211,312,201" step="2"/><V8/><F132/><W73/><G73/><T127/><D127/><U88/><E88/><V63/><F53/><W1/><G1/><T57/><D57/><U85/><E85/><V90/><F52/><W86/><G97/><T114/><AGARI ba="0,1" hai="48,50,112,114,115" m="26731,25162,22999" machi="114" ten="40,5200,0" yaku="11,1,34,2" doraHai="91" who="0" fromWho="0" sc="266,62,211,-13,312,-13,201,-26" owari="328,42.8,198,-20.2,299,9.9,175,-32.5" /></mjloggm>