<mjloggm ver="2.3"><GO type="225" lobby="0"/><UN n0="%73%69%72%6F%75%74" n1="%72%69%6F%75%63%68%61%6E" n2="%E3%81%99%E3%81%84%E3%81%BE%E3%81%9B%E3%83%BC%E3%82%93" n3="%E6%80%AA%E3%81%97%E3%81%99%E3%81%8E%E3%82%8B%E3%83%81%E3%83%BC" dan="16,17,16,17" rate="2062.01,2265.59,2085.93,2186.56" sx="M,M,M,M"/><TAIKYOKU oya="0"/><INIT seed="0,0,0,2,0,101" ten="250,250,250,250" oya="0" hai0="21,8,115,6,90,109,127,45,36,11,26,102,20" hai1="92,75,74,98,133,112,106,57,10,42,37,1,5" hai2="28,18,125,86,97,99,31,4,0,87,110,65,66" hai3="58,62,93,113,46,91,22,2,47,134,43,124,7"/><T73/><D115/><U32/><E133/><V77/><F110/><W126/><G113/><T29/><D127/><N who="3" m="48681" /><G134/><T95/><D109/><U123/><E123/><V69/><F125/><W132/><G132/><T13/><D73/><U41/><E112/><V33/><F69/><W131/><G131/><T53/><D102/><U89/><E32/><V70/><F70/><W71/><G71/><T83/><D83/><U35/><E35/><V15/><F33/><W23/><G7/><T49/><D36/><U128/><E128/><V30/><F4/><W121/><G2/><T108/><D108/><U118/><E118/><V17/><F0/><W48/><G46/><T111/><D111/><U64/><E106/><V40/><F40/><W63/><G121/><T55/><D20/><N who="3" m="7721" /><G58/><T135/><D11/><U51/><E37/><V117/><F117/><W3/><G3/><T103/><D103/><U81/><E41/><V72/><F72/><W60/><G60/><T67/><D135/><U84/><E42/><V25/><F25/><W76/><G76/><T120/><D120/><U94/><E51/><V16/><F15/><W24/><G24/><T38/><D38/><U52/><E75/><V100/><F77/><W56/><G56/><T129/><D129/><U54/><E74/><V130/><F130/><W116/><G116/><T39/><D39/><U88/><REACH who="1" step="1"/><E81/><REACH who="1" ten="250,240,250,250" step="2"/><V107/><REACH who="2" step="1"/><F97/><AGARI ba="0,1" hai="43,47,48,62,63,91,93,97" m="7721,48681" machi="97" ten="30,1000,0" yaku="18,1" doraHai="101" who="3" fromWho="2" sc="250,0,240,0,250,-10,250,20" /><INIT seed="1,0,0,3,1,88" ten="250,240,240,270" oya="1" hai0="98,77,49,126,23,61,16,35,114,48,96,4,44" hai1="28,9,70,29,120,69,62,13,111,79,38,82,52" hai2="8,43,26,134,127,83,90,64,87,1,25,94,73" hai3="27,15,107,105,57,118,129,21,17,7,33,36,117"/><U99/><E120/><V84/><F127/><W100/><G129/><T55/><D126/><U91/><E38/><V37/><F134/><W75/><G75/><T128/><D35/><U125/><E125/><V78/><F64/><W121/><G121/><T6/><D114/><U102/><E111/><V10/><F84/><W123/><G123/><T3/><D77/><U24/><E91/><V104/><F104/><W103/><G36/><T109/><D109/><U46/><E28/><V115/><F115/><W130/><G57/><N who="0" m="35007" /><D3/><U53/><E46/><N who="2" m="23919" /><F10/><N who="3" m="4575" /><G33/><T95/><D98/><U14/><E14/><V0/><F0/><W39/><G39/><T66/><D66/><U135/><E135/><V51/><F51/><N who="0" m="19530" /><D44/><U58/><E53/><V132/><F132/><W34/><G34/><T68/><D68/><U122/><E122/><V50/><F50/><W31/><G130/><T19/><D128/><U45/><E45/><V11/><F11/><W56/><G56/><T108/><D108/><U112/><E112/><V67/><F67/><W106/><G31/><T60/><D60/><U12/><E9/><V59/><F59/><W30/><G30/><T116/><D116/><AGARI ba="0,0" hai="17,21,27,100,103,105,106,107,116,117,118" m="4575" machi="116" ten="40,1300,0" yaku="12,1" doraHai="88" who="3" fromWho="0" sc="250,-13,240,0,240,0,270,13" /><INIT seed="2,0,0,0,1,63" ten="237,240,240,283" oya="2" hai0="109,112,131,86,104,43,90,35,24,119,25,122,103" hai1="120,101,54,17,80,106,129,13,58,33,30,130,11" hai2="66,22,6,117,125,72,133,135,34,87,1,10,79" hai3="102,128,37,9,36,70,39,45,73,12,113,84,15"/><V44/><F117/><W46/><G73/><T107/><D112/><U29/><E120/><V50/><F34/><W75/><G75/><T5/><D122/><U74/><E101/><V105/><F105/><W27/><G113/><T77/><D77/><N who="1" m="44087" /><E106/><V31/><F125/><W51/><G70/><T53/><D43/><U56/><E33/><V121/><F72/><W123/><G128/><N who="1" m="49258" /><E58/><V55/><F121/><W93/><G123/><T0/><D119/><U134/><E134/><V83/><REACH who="2" step="1"/><F66/><REACH who="2" ten="237,240,230,283" step="2"/><W124/><G124/><T3/><D107/><U95/><E95/><V116/><F116/><W49/><G93/><T99/><D35/><U82/><E82/><V42/><F42/><W97/><G36/><T85/><D131/><U81/><E81/><V20/><F20/><W67/><G37/><T60/><D104/><U8/><E11/><V28/><F28/><W48/><G9/><T52/><D53/><U91/><E91/><V61/><F61/><AGARI ba="0,1" hai="8,13,17,29,30,54,56,61" m="49258,44087" machi="61" ten="30,1000,0" yaku="19,1" doraHai="63" who="1" fromWho="2" sc="237,0,240,20,230,-10,283,0" /><INIT seed="3,0,0,5,5,121" ten="237,260,220,283" oya="3" hai0="71,109,103,133,74,8,131,125,92,127,82,20,23" hai1="47,64,80,61,118,14,73,106,122,30,65,41,108" hai2="98,56,36,101,49,37,6,84,40,53,22,48,12" hai3="120,94,19,70,104,126,24,132,10,33,11,2,43"/><W113/><G104/><T34/><D34/><U91/><E108/><V58/><F84/><W95/><G70/><T85/><D71/><U31/><E122/><V119/><F119/><W0/><G113/><T55/><D133/><U77/><E118/><V102/><F102/><W81/><G120/><T17/><D8/><U128/><E128/><V114/><F114/><W76/><G132/><T124/><D131/><U28/><E106/><V100/><F100/><W88/><G43/><T134/><D55/><U29/><E61/><V44/><F58/><W50/><G50/><T32/><D32/><U27/><E14/><V35/><F35/><W93/><G126/><T112/><D23/><U68/><E68/><V72/><F72/><W39/><G39/><T90/><D134/><U16/><N who="1" m="7168" /><DORA hai="46" /><U78/><E78/><V111/><F111/><W51/><G51/><T38/><D38/><U54/><E54/><V18/><REACH who="2" step="1"/><F6/><REACH who="2" ten="237,260,210,283" step="2"/><W60/><G33/><T59/><D112/><U5/><E5/><V99/><F99/><W107/><G107/><AGARI ba="0,1" hai="12,18,22,36,37,40,44,48,49,53,56,98,101,107" machi="107" ten="30,7700,0" yaku="1,1,7,1,52,2,53,0" doraHai="121,46" doraHaiUra="116,1" who="2" fromWho="3" sc="237,0,260,0,210,87,283,-77" /><INIT seed="4,0,0,5,4,98" ten="237,260,297,206" oya="0" hai0="113,5,111,53,6,93,35,42,49,27,7,87,106" hai1="31,24,114,127,110,18,95,20,64,84,75,54,29" hai2="105,9,77,10,2,61,36,38,102,133,41,78,99" hai3="85,126,100,30,60,125,22,118,63,83,45,62,13"/><T94/><D106/><U25/><E110/><V131/><F133/><W19/><G118/><T44/><D113/><U124/><E75/><V69/><F131/><W68/><G68/><T120/><D120/><U23/><E64/><V130/><F130/><W48/><G30/><T115/><D115/><U112/><E54/><V17/><F41/><W76/><REACH who="3" step="1"/><G100/><REACH who="3" ten="237,260,297,196" step="2"/><T73/><D111/><U56/><E31/><V57/><F102/><W26/><G26/><T11/><D27/><U0/><E112/><V132/><F69/><W128/><G128/><T46/><D35/><U51/><E114/><V66/><F132/><W47/><G47/><T74/><D46/><U90/><E0/><V86/><F2/><W135/><G135/><T4/><D42/><AGARI ba="0,1" hai="13,19,22,42,45,48,60,62,63,76,83,85,125,126" machi="42" ten="40,1300,0" yaku="1,1,53,0" doraHai="98" doraHaiUra="104" who="3" fromWho="0" sc="237,-13,260,0,297,0,196,23" /><INIT seed="5,0,0,5,5,71" ten="224,260,297,219" oya="1" hai0="102,28,124,126,17,116,12,41,82,129,42,131,84" hai1="93,91,123,89,20,62,21,47,64,134,59,43,27" hai2="111,19,58,7,107,45,85,5,115,31,75,105,39" hai3="101,95,66,50,6,56,34,60,118,81,23,51,98"/><U90/><E134/><V80/><F111/><W46/><G34/><T86/><D28/><U96/><E123/><V65/><F75/><W38/><G118/><T44/><D116/><U92/><E27/><V69/><F69/><W68/><G6/><T135/><D102/><U9/><E9/><V103/><F31/><W100/><G100/><T13/><D135/><U83/><E83/><V121/><F121/><W30/><G81/><T112/><D112/><U29/><E29/><V2/><F115/><W133/><G68/><T114/><D114/><U128/><E128/><N who="0" m="49225" /><D42/><U37/><E90/><V87/><F87/><AGARI ba="0,0" hai="20,21,37,43,47,59,62,64,87,89,91,92,93,96" machi="87" ten="30,2900,0" yaku="7,1,52,1" doraHai="71" who="1" fromWho="2" sc="224,0,260,29,297,-29,219,0" /><INIT seed="5,1,0,2,0,134" ten="224,289,268,219" oya="1" hai0="131,128,7,30,71,35,51,28,58,102,31,57,126" hai1="1,95,39,109,120,44,84,89,94,116,103,135,21" hai2="46,104,38,132,121,29,37,40,42,78,92,48,55" hai3="13,113,45,66,41,111,8,67,127,125,36,82,93"/><U72/><E116/><V98/><F121/><W2/><G111/><T11/><D71/><U19/><E120/><V87/><F132/><W20/><G113/><T26/><D102/><U130/><E135/><V52/><F104/><W80/><G20/><T6/><D126/><N who="3" m="48137" /><G93/><T99/><D99/><U4/><E72/><V101/><F29/><N who="0" m="11370" /><D51/><U133/><E130/><N who="0" m="49705" /><D7/><U117/><E133/><V124/><F124/><W100/><G100/><T17/><D17/><U18/><E19/><V105/><F105/><W110/><G2/><AGARI ba="1,0" hai="2,6,11,26,31,35,57,58" m="49705,11370" machi="2" ten="30,1000,0" yaku="19,1" doraHai="134" who="0" fromWho="3" sc="224,13,289,0,268,0,219,-13" /><INIT seed="6,0,0,3,2,51" ten="237,289,268,206" oya="2" hai0="99,104,81,80,64,26,52,35,20,60,92,14,2" hai1="42,117,110,108,18,29,55,61,4,24,36,43,132" hai2="85,31,0,128,1,19,50,7,95,109,87,23,9" hai3="111,113,118,98,54,127,68,67,130,120,37,10,101"/><V69/><F69/><W116/><G111/><T103/><D2/><U49/><E117/><V135/><F109/><W82/><G120/><T119/><D119/><U97/><E132/><V41/><F135/><W6/><G37/><T91/><D35/><U83/><E4/><V66/><F66/><W93/><G130/><T34/><D34/><U5/><E5/><V115/><F128/><W45/><G127/><T74/><D14/><U106/><E36/><V65/><F65/><W96/><G113/><T16/><D74/><U75/><E61/><V44/><F115/><W28/><G28/><T47/><D47/><U22/><E29/><V129/><F31/><W38/><G98/><N who="0" m="57631" /><D64/><U89/><E110/><V105/><F105/><W78/><G67/><T27/><D27/><U12/><E24/><V21/><F0/><N who="3" m="327" /><G54/><T59/><AGARI ba="0,0" hai="16,20,26,52,59,60,80,81,99,103,104" m="57631" machi="59" ten="30,7900,0" yaku="25,1,52,1,54,2" doraHai="51" who="0" fromWho="0" sc="237,79,289,-20,268,-39,206,-20" owari="316,41.6,269,6.9,229,-17.1,186,-31.4" /></mjloggm>