<mjloggm ver="2.3"><GO type="225" lobby="0"/><UN n0="%E5%B0%8F%E9%B3%A5%E9%81%8A%E7%B7%B4%E7%84%A1%32%31%E6%AD%B3" n1="%E3%83%81%E3%83%AF%E3%83%AF%E9%9A%8A%E9%95%B7" n2="%E7%99%BD%E6%97%A5%E9%9B%AA%E8%8F%9C" n3="%E6%B2%B3%E7%AB%A5%E3%81%AE%E3%83%AF%E3%82%AB%E3%83%9E%E3%83%84" dan="16,17,17,19" rate="2211.46,2127.79,2160.60,2306.46" sx="F,M,M,M"/><TAIKYOKU oya="0"/><INIT seed="0,0,0,3,5,87" ten="250,250,250,250" oya="0" hai0="67,71,62,56,40,80,100,110,98,65,27,61,44" hai1="69,111,45,118,95,28,119,84,11,77,72,38,12" hai2="75,30,106,116,99,16,89,115,63,68,117,135,79" hai3="10,25,18,108,26,73,105,97,1,57,13,48,88"/><T8/><D110/><U58/><E69/><V5/><F115/><W33/><G73/><T49/><D80/><U103/><E72/><V51/><F5/><W32/><G108/><T104/><D8/><U86/><E111/><V34/><F135/><W55/><G1/><T53/><REACH who="0" step="1"/><D27/><REACH who="0" ten="240,250,250,250" step="2"/><U70/><E11/><V66/><F116/><W47/><G25/><T3/><D3/><U123/><E119/><V128/><F117/><W126/><G26/><T35/><D35/><U31/><E118/><V130/><F34/><W23/><G10/><T134/><D134/><U52/><E123/><V102/><F130/><W101/><G32/><T43/><AGARI ba="0,1" hai="40,43,44,49,53,56,61,62,65,67,71,98,100,104" machi="43" ten="30,11700,0" yaku="1,1,0,1,53,2" doraHai="87" doraHaiUra="39" who="0" fromWho="0" sc="240,127,250,-39,250,-39,250,-39" /><INIT seed="0,1,0,1,2,39" ten="367,211,211,211" oya="0" hai0="6,120,71,27,93,76,11,65,109,96,59,131,60" hai1="4,53,111,79,108,118,14,40,20,86,41,29,129" hai2="62,54,13,1,67,18,32,2,3,22,110,112,128" hai3="47,133,89,31,116,69,73,132,51,72,34,24,17"/><T80/><D120/><U7/><E118/><V52/><F112/><W45/><G116/><T123/><D123/><U8/><E129/><V43/><F128/><W85/><G69/><T127/><D127/><U124/><E124/><V74/><F74/><W33/><G33/><T35/><D131/><U84/><E4/><V90/><F32/><W82/><G45/><T106/><D109/><N who="1" m="42059" /><E53/><V16/><F110/><W100/><G100/><T23/><D35/><U75/><E75/><V21/><F90/><W81/><G17/><T36/><D36/><U28/><E20/><V87/><F87/><N who="1" m="33321" /><E79/><V19/><F43/><AGARI ba="1,0" hai="7,8,14,28,29,40,41,43" m="33321,42059" machi="43" ten="30,7700,0" yaku="14,1,52,3" doraHai="39" who="1" fromWho="2" sc="367,0,211,80,211,-80,211,0" /><INIT seed="1,0,0,2,3,79" ten="367,291,131,211" oya="1" hai0="7,21,73,39,67,38,68,13,118,31,53,46,15" hai1="19,78,135,126,125,34,62,80,8,47,120,96,14" hai2="114,52,6,35,45,26,49,42,11,99,41,90,108" hai3="20,74,5,105,89,63,61,115,76,56,23,112,109"/><U124/><E120/><V44/><F108/><W36/><G36/><T95/><D73/><U84/><E34/><V93/><F114/><W130/><G105/><T1/><D118/><U58/><E135/><V28/><REACH who="2" step="1"/><F45/><REACH who="2" ten="367,291,121,211" step="2"/><W81/><G109/><T66/><D46/><U119/><E47/><V12/><AGARI ba="0,1" hai="6,11,12,26,28,35,41,42,44,49,52,90,93,99" machi="12" ten="20,12000,2" yaku="1,1,2,1,0,1,7,1,54,1,53,1" doraHai="79" doraHaiUra="22" who="2" fromWho="2" sc="367,-30,291,-60,121,130,211,-30" /><INIT seed="2,0,0,0,3,12" ten="337,231,251,181" oya="2" hai0="132,124,117,44,112,20,10,81,106,70,133,122,29" hai1="39,129,71,9,15,114,43,62,63,45,121,19,84" hai2="111,100,25,8,91,96,53,76,82,3,17,115,32" hai3="107,120,83,131,99,59,127,74,61,119,14,103,22"/><V36/><F115/><W65/><G120/><T48/><D122/><U87/><E114/><V58/><F36/><W46/><G119/><T2/><D112/><U27/><E121/><V13/><F3/><W75/><G131/><T33/><D33/><U86/><E129/><V55/><F111/><W108/><G108/><T88/><D106/><U90/><E71/><V7/><F91/><W11/><G127/><T41/><D70/><U18/><REACH who="1" step="1"/><E90/><REACH who="1" ten="337,221,251,181" step="2"/><V50/><F76/><W125/><G125/><T37/><D124/><U4/><E4/><V69/><F69/><W42/><G83/><T57/><D88/><U47/><E47/><V126/><F7/><W110/><G110/><T135/><D81/><U79/><E79/><V5/><F82/><W130/><G130/><T72/><D117/><U116/><E116/><V16/><F126/><W28/><G46/><T78/><D78/><U102/><E102/><V1/><F58/><W118/><G118/><T35/><D57/><U64/><E64/><V21/><F32/><W24/><REACH who="3" step="1"/><G42/><REACH who="3" ten="337,221,251,171" step="2"/><T93/><D41/><U95/><E95/><V66/><F66/><W23/><G23/><AGARI ba="0,2" hai="9,15,18,19,23,27,39,43,45,62,63,84,86,87" machi="23" ten="40,5200,0" yaku="1,1,52,2,53,0" doraHai="12" doraHaiUra="51" who="1" fromWho="3" sc="337,0,221,72,251,0,171,-52" /><INIT seed="3,0,0,1,5,46" ten="337,293,251,119" oya="3" hai0="44,95,56,131,24,106,110,37,81,7,59,84,98" hai1="133,120,47,19,61,112,6,85,79,135,58,8,88" hai2="99,94,87,57,86,38,124,65,75,104,67,123,29" hai3="107,41,118,102,21,126,90,53,15,111,114,66,119"/><W28/><G114/><T52/><D106/><U42/><E112/><V49/><F38/><W73/><G73/><T16/><D110/><U129/><E120/><V101/><F75/><W100/><G111/><T103/><D7/><U72/><E129/><V113/><F113/><W30/><G126/><T18/><D37/><U26/><E72/><V60/><F124/><W50/><G41/><T12/><D24/><U4/><E79/><V116/><F116/><W93/><G66/><T13/><D131/><U108/><E108/><V0/><F0/><W121/><G121/><T96/><D96/><U128/><E128/><V33/><F67/><W1/><G1/><T80/><D80/><U45/><E45/><V62/><F62/><W122/><G122/><T39/><D44/><U117/><E117/><V14/><F123/><W11/><G118/><T91/><D39/><U105/><E105/><V68/><F14/><N who="0" m="5738" /><D59/><U134/><E8/><V27/><F94/><W3/><G3/><T10/><D10/><U71/><E71/><V97/><F97/><N who="3" m="57527" /><G119/><T55/><D55/><AGARI ba="0,0" hai="27,29,33,49,55,57,60,65,68,86,87,99,101,104" machi="55" ten="40,5200,0" yaku="25,2,52,1" doraHai="46" who="2" fromWho="0" sc="337,-52,293,0,251,52,119,0" owari="285,-11.5,293,9.3,303,40.3,119,-38.1" /></mjloggm>