<mjloggm ver="2.3"><GO type="225" lobby="0"/><UN n0="%30%2E%31%32%30" n1="%E7%89%B9%E6%9D%B1%E3%81%AF%E4%B8%96%E7%95%8C%E3%82%92%E6%95%91%E3%81%86" n2="%E3%83%A1%E3%82%AC%E3%83%87%E3%82%B8" n3="%43%68%65" dan="16,16,16,16" rate="2108.21,2169.13,2100.67,2157.30" sx="M,M,F,M"/><TAIKYOKU oya="0"/><INIT seed="0,0,0,3,0,77" ten="250,250,250,250" oya="0" hai0="106,119,36,25,59,113,28,61,24,107,85,95,38" hai1="21,124,74,39,58,64,31,100,7,20,54,103,82" hai2="35,69,78,123,42,134,83,93,8,51,15,4,116" hai3="92,6,88,70,13,66,90,111,63,29,125,127,73"/><T43/><D119/><U45/><E124/><N who="3" m="47690" /><G111/><T72/><D72/><U62/><E7/><V112/><F123/><W9/><G29/><T75/><D75/><U19/><E31/><V26/><F69/><W80/><G92/><T128/><D128/><U33/><E33/><V129/><F112/><W2/><G2/><T133/><D133/><U94/><E94/><V30/><F129/><W11/><G11/><T91/><D113/><U55/><E21/><V50/><F134/><W118/><G118/><T130/><D130/><U18/><E18/><V120/><F120/><W121/><G121/><T115/><D115/><U5/><E5/><V46/><F116/><W97/><G97/><T126/><D126/><U76/><E55/><V102/><F93/><W41/><G41/><T14/><D107/><U98/><E98/><V22/><F35/><W79/><AGARI ba="0,0" hai="6,9,13,63,66,70,73,79,80,88,90" m="47690" machi="79" ten="30,4000,0" yaku="18,1,52,1,54,1" doraHai="77" who="3" fromWho="3" sc="250,-20,250,-10,250,-10,250,40" /><INIT seed="1,0,0,2,3,41" ten="230,240,240,290" oya="1" hai0="87,62,115,119,107,95,134,24,77,5,117,80,85" hai1="54,35,29,14,57,26,129,83,67,12,70,108,133" hai2="39,79,84,53,91,43,104,90,78,98,96,65,49" hai3="17,116,13,19,31,40,32,60,21,127,75,61,0"/><U93/><E129/><V74/><F74/><W123/><G123/><T121/><D121/><U6/><E133/><V82/><F65/><W4/><G75/><T122/><D122/><U68/><E67/><V130/><F130/><W103/><G127/><T51/><D5/><U52/><E108/><V42/><F39/><W64/><G116/><T112/><D62/><U23/><E54/><V125/><F125/><W8/><G19/><T47/><D134/><U2/><E83/><V100/><F91/><W48/><G103/><T46/><D107/><U94/><E70/><V69/><F69/><W1/><G1/><T76/><D80/><U44/><E44/><V128/><F128/><W28/><G28/><T11/><D11/><N who="1" m="2519" /><E68/><V126/><F126/><W113/><G113/><T71/><D71/><U10/><E14/><V16/><F98/><W111/><G111/><T72/><D24/><U135/><E10/><V118/><F118/><W45/><G64/><T20/><D72/><U63/><E135/><V3/><F3/><W9/><G8/><T86/><D86/><U34/><E34/><V105/><F105/><W88/><G88/><T37/><D37/><U27/><E27/><AGARI ba="0,0" hai="0,4,9,13,17,21,27,31,32,40,45,48,60,61" machi="27" ten="40,5200,0" yaku="24,2,52,1" doraHai="41" who="3" fromWho="1" sc="230,0,240,-52,240,0,290,52" /><INIT seed="2,0,0,1,2,79" ten="230,188,240,342" oya="2" hai0="39,112,110,95,58,82,52,2,65,36,117,125,24" hai1="130,71,28,18,53,77,40,32,131,44,42,104,49" hai2="116,120,96,26,124,56,35,11,99,27,135,66,21" hai3="129,74,54,122,15,29,22,118,105,38,60,59,107"/><V20/><F116/><W73/><G118/><T46/><D112/><U88/><E104/><V10/><F35/><W62/><G38/><T47/><D2/><U0/><E0/><V84/><F120/><W1/><G1/><T76/><D117/><U102/><E102/><V108/><F135/><W50/><G122/><T37/><D65/><U119/><E119/><V113/><F113/><W92/><G129/><N who="1" m="49162" /><E71/><V72/><F72/><W127/><G127/><T100/><D125/><U103/><E103/><V17/><F124/><W57/><G50/><T106/><D106/><U48/><E77/><V94/><F84/><W8/><G107/><T14/><D110/><U81/><E18/><V78/><F78/><W64/><G105/><T23/><D100/><U90/><E81/><V6/><F108/><W80/><G80/><T41/><D95/><U111/><E111/><V45/><F6/><W114/><G92/><T67/><D67/><U87/><E87/><V4/><F4/><W43/><G114/><T30/><D14/><U91/><E49/><V13/><F99/><W33/><G74/><T68/><D68/><U133/><E133/><V31/><F96/><W69/><G73/><T134/><D134/><U75/><E75/><V123/><F94/><W126/><G69/><T83/><D76/><U70/><E70/><V55/><F123/><W63/><G126/><T93/><D93/><U101/><E101/><V109/><F109/><W89/><G89/><N who="1" m="22786" /><U128/><N who="1" m="49170" /><DORA hai="115" /><U132/><DORA hai="61" /><E132/><V5/><F13/><W86/><G15/><T16/><D36/><U9/><E9/><RYUUKYOKU ba="0,0" sc="230,-10,188,30,240,-10,342,-10" hai1="28,32,40,42,44,48,53" /><INIT seed="3,1,0,1,2,52" ten="220,218,230,332" oya="3" hai0="40,71,26,51,127,17,89,15,121,91,102,5,134" hai1="20,83,124,70,60,82,29,45,38,95,113,87,135" hai2="9,129,10,96,73,75,69,46,130,11,131,48,111" hai3="35,97,39,101,23,120,0,49,99,25,33,28,37"/><W74/><G120/><T63/><D121/><U31/><E113/><V78/><F111/><W7/><G74/><T93/><D71/><U117/><E38/><V116/><F116/><W109/><G99/><N who="0" m="59759" /><D134/><U112/><E112/><V3/><F69/><W24/><G49/><T118/><D118/><U12/><E117/><V22/><F3/><W110/><G23/><N who="0" m="13679" /><D127/><U105/><E105/><V76/><F22/><W59/><G25/><T123/><D63/><U122/><E122/><V19/><F19/><W18/><G18/><T1/><D1/><U81/><E135/><V88/><F75/><W106/><G35/><T47/><D123/><U36/><E124/><V119/><F73/><W103/><G103/><T13/><D5/><U90/><E12/><AGARI ba="1,0" hai="12,13,15,40,47,51,89,91" m="13679,59759" machi="12" ten="30,1000,0" yaku="8,1" doraHai="52" who="0" fromWho="1" sc="220,13,218,-13,230,0,332,0" owari="233,3.3,205,-29.5,230,-17.0,332,43.2" /></mjloggm>