<mjloggm ver="2.3"><GO type="225" lobby="0"/><UN n0="%E5%B0%8F%E9%B3%A5%E9%81%8A%E7%B7%B4%E7%84%A1%32%31%E6%AD%B3" n1="%E3%83%A9%E3%82%B9%E7%8E%87%EF%BC%93%E5%89%B2" n2="%E6%B8%A9%E2%98%85%E6%83%85%E2%98%85%E6%8E%AA%E2%98%85%E7%BD%AE" n3="%E8%81%B7%E6%A5%AD%E3%80%81%E9%A2%A8%32" dan="16,16,16,16" rate="2191.42,2172.92,2158.35,2105.31" sx="F,F,M,M"/><TAIKYOKU oya="0"/><INIT seed="0,0,0,0,1,21" ten="250,250,250,250" oya="0" hai0="92,93,91,126,5,89,81,130,104,77,69,30,44" hai1="117,53,85,99,17,14,37,25,27,49,133,95,22" hai2="43,80,103,59,40,60,90,16,1,38,83,106,127" hai3="82,110,28,87,74,73,72,75,6,134,105,129,42"/><T88/><D69/><U50/><E37/><V4/><F127/><W94/><G42/><T19/><D5/><U100/><E117/><V101/><F106/><W76/><G6/><T135/><D30/><U70/><E133/><V114/><F114/><W121/><G105/><T0/><D0/><U57/><E70/><V97/><F4/><W119/><G119/><T65/><D65/><U79/><REACH who="1" step="1"/><E50/><REACH who="1" ten="250,240,250,250" step="2"/><V31/><F38/><W7/><G134/><T96/><D135/><U29/><E29/><V56/><F31/><W26/><G28/><T132/><D132/><U68/><E68/><V124/><F124/><W48/><G48/><T64/><D126/><U2/><E2/><V46/><F1/><W115/><G115/><T23/><D130/><U39/><E39/><V118/><F118/><W8/><G129/><T52/><D64/><U33/><E33/><V24/><F43/><W102/><G121/><T116/><D116/><U84/><E84/><V98/><F40/><W9/><G87/><N who="0" m="48559" /><D96/><U122/><E122/><V71/><F98/><W58/><G75/><T41/><D41/><U3/><E3/><V12/><F97/><W123/><G123/><T13/><D104/><U113/><E113/><V18/><F71/><W15/><G74/><T62/><D62/><U35/><E35/><V10/><F60/><W111/><G73/><T131/><D131/><U32/><E32/><V112/><F112/><W107/><G72/><T61/><D61/><U51/><E51/><AGARI ba="0,1" hai="13,19,23,44,51,52,88,89,91,92,93" m="48559" machi="51" ten="30,5800,0" yaku="8,1,54,2" doraHai="21" who="0" fromWho="1" sc="250,68,240,-58,250,0,250,0" /><INIT seed="0,1,0,2,5,44" ten="318,182,250,250" oya="0" hai0="109,111,22,126,75,24,107,19,47,40,55,28,73" hai1="5,0,45,114,86,133,68,90,83,31,33,23,49" hai2="88,15,1,65,87,34,67,128,32,85,64,17,84" hai3="26,20,92,80,93,78,11,115,18,117,60,59,94"/><T66/><D107/><U95/><E133/><V62/><F1/><W91/><G115/><T69/><D126/><U72/><E68/><V9/><F128/><W96/><G117/><T97/><D55/><U43/><E114/><V6/><F62/><W57/><G57/><T46/><D97/><U50/><E33/><V7/><F34/><W101/><G11/><T25/><D66/><U16/><E31/><V129/><F32/><W71/><G71/><T10/><D69/><U3/><E5/><N who="2" m="1547" /><F129/><W27/><G101/><T52/><D10/><U29/><E29/><V125/><F125/><W134/><G27/><T54/><D28/><U41/><E72/><V112/><F112/><W4/><G4/><T119/><D119/><U99/><E43/><V36/><F36/><W79/><G134/><T81/><D81/><AGARI ba="1,0" hai="9,15,17,64,65,67,81,84,85,87,88" m="1547" machi="81" ten="30,2000,0" yaku="8,1,54,1" doraHai="44" who="2" fromWho="0" sc="318,-23,182,0,250,23,250,0" /><INIT seed="1,0,0,0,0,112" ten="295,182,273,250" oya="1" hai0="67,117,76,122,21,47,120,9,124,121,98,48,40" hai1="131,109,68,22,63,46,17,18,24,71,4,16,89" hai2="41,87,62,128,54,83,85,69,49,133,35,88,2" hai3="52,113,102,130,104,53,7,37,106,66,73,72,115"/><U125/><E131/><V94/><F128/><W6/><G37/><T90/><D76/><U5/><E125/><V129/><F129/><W116/><G130/><T20/><D124/><U42/><E109/><V92/><F133/><W61/><G102/><T111/><D67/><U28/><E89/><V114/><F2/><W38/><G38/><T101/><D90/><U77/><E77/><N who="2" m="46319" /><F35/><W23/><G23/><N who="0" m="8779" /><D9/><U26/><E26/><V64/><F69/><W14/><G14/><T99/><D111/><U51/><REACH who="1" step="1"/><E63/><REACH who="1" ten="295,172,273,250" step="2"/><V74/><F62/><W108/><G61/><T1/><D101/><U134/><E134/><V43/><F88/><W95/><G108/><T79/><D79/><U105/><E105/><V12/><F114/><W3/><G104/><T58/><D120/><U25/><E25/><V119/><F94/><W45/><G106/><T135/><D122/><U55/><E55/><V27/><F54/><W81/><G95/><T107/><D121/><U118/><E118/><V57/><F119/><W0/><G116/><T86/><D117/><U29/><E29/><V78/><F92/><W132/><G132/><T32/><D107/><U15/><E15/><V84/><F78/><W8/><G113/><T34/><D135/><U70/><AGARI ba="0,1" hai="4,5,16,17,18,22,24,28,42,46,51,68,70,71" machi="70" ten="40,7800,0" yaku="1,1,0,1,54,1,53,0" doraHai="112" doraHaiUra="33" who="1" fromWho="1" sc="295,-26,172,88,273,-26,250,-26" /><INIT seed="1,1,0,4,0,72" ten="269,260,247,224" oya="1" hai0="17,117,77,92,91,90,41,12,38,105,111,51,23" hai1="87,106,86,64,45,96,16,32,76,98,93,15,102" hai2="66,4,69,14,27,135,125,68,94,56,1,85,74" hai3="26,133,31,126,28,114,0,99,67,63,54,75,79"/><U22/><E32/><V83/><F1/><W71/><G114/><T9/><D38/><U7/><E64/><V115/><F115/><W62/><G126/><T113/><D105/><U120/><E120/><V101/><F74/><W89/><G133/><T112/><D117/><U6/><E45/><V13/><F135/><W95/><G0/><T122/><D122/><U5/><REACH who="1" step="1"/><E76/><REACH who="1" ten="269,250,247,224" step="2"/><V18/><F66/><W78/><G75/><T100/><D112/><U43/><E43/><V10/><F125/><W131/><G131/><T29/><D113/><U8/><E8/><V60/><F69/><W81/><G81/><T20/><D77/><N who="3" m="29193" /><G71/><T40/><D40/><U3/><E3/><V48/><F68/><W58/><G67/><T50/><D41/><U129/><E129/><V59/><F83/><W121/><G121/><T34/><D34/><U124/><E124/><V47/><F47/><W134/><G134/><T82/><D82/><U104/><E104/><V130/><F130/><W127/><G127/><T11/><D9/><U33/><E33/><V36/><F10/><W35/><G35/><T97/><D11/><U52/><E52/><V55/><F55/><N who="3" m="34143" /><G26/><N who="0" m="16607" /><D111/><U57/><E57/><AGARI ba="1,1" hai="28,31,54,57,63,89,95,99" m="34143,29193" machi="57" ten="30,7700,0" yaku="8,1,52,3" doraHai="72" who="3" fromWho="1" sc="269,0,250,-80,247,0,224,90" /><INIT seed="2,0,0,5,1,77" ten="269,170,247,314" oya="2" hai0="67,2,76,39,132,20,79,8,101,42,62,18,128" hai1="41,94,9,125,127,48,46,104,117,30,115,40,84" hai2="52,86,16,31,106,51,72,124,107,89,99,71,121" hai3="4,134,82,61,87,109,95,130,112,81,70,13,53"/><V14/><F121/><W43/><G109/><T78/><D132/><U90/><E115/><V88/><F71/><W1/><G130/><T126/><D126/><U0/><E117/><V34/><F72/><W93/><G134/><T123/><D128/><U57/><E104/><V47/><F124/><W5/><G1/><T119/><D123/><U58/><E125/><V35/><F89/><N who="3" m="53439" /><G70/><T133/><D133/><U11/><E127/><V111/><F111/><W19/><G43/><T55/><D101/><U3/><E30/><V26/><F35/><W64/><G64/><T118/><D55/><U69/><E69/><V65/><F99/><W12/><G95/><T97/><D97/><U85/><E41/><V25/><F25/><W75/><G75/><T32/><D32/><U37/><E37/><V29/><F29/><W108/><G112/><T96/><D96/><U54/><E85/><V110/><F65/><W66/><G66/><T74/><D74/><U100/><E100/><V44/><F44/><W38/><G38/><T59/><D39/><U36/><REACH who="1" step="1"/><E58/><REACH who="1" ten="269,160,247,314" step="2"/><V120/><F120/><W33/><G108/><T113/><D113/><U122/><E122/><V131/><F110/><W129/><G129/><T49/><D119/><U63/><E63/><V15/><F131/><W91/><G61/><T6/><D118/><U116/><E116/><V98/><F107/><W10/><G33/><T50/><REACH who="0" step="1"/><D42/><REACH who="0" ten="259,160,247,314" step="2"/><U7/><E7/><V92/><F106/><W114/><G5/><T80/><D80/><N who="3" m="30825" /><G114/><T22/><D22/><U24/><E24/><AGARI ba="0,2" hai="2,6,8,18,20,24,49,50,59,62,67,76,78,79" machi="24" ten="40,2600,0" yaku="1,1,53,1" doraHai="77" doraHaiUra="23" who="0" fromWho="1" sc="259,46,160,-26,247,0,314,0" /><INIT seed="3,0,0,4,4,97" ten="305,134,247,314" oya="3" hai0="127,46,90,71,134,122,27,64,115,98,66,56,23" hai1="9,1,101,14,135,4,35,44,119,3,22,104,106" hai2="39,38,42,25,62,34,72,117,53,124,81,116,74" hai3="83,120,70,121,67,102,18,15,99,78,109,126,96"/><W55/><G126/><T57/><D71/><U94/><E135/><V29/><F53/><W26/><G99/><T16/><D122/><U37/><E119/><V68/><F124/><W92/><G109/><T7/><D127/><U128/><E128/><V40/><F40/><W2/><G2/><T45/><D134/><U11/><E35/><V77/><F74/><W75/><G26/><T87/><D7/><U113/><E113/><V93/><F93/><W65/><G55/><T79/><D79/><U130/><E130/><V86/><F86/><W114/><G114/><T17/><D17/><U91/><E22/><V51/><F51/><W49/><G49/><T107/><D107/><U30/><E30/><V123/><F123/><W111/><G111/><T60/><D98/><U76/><E76/><V13/><F13/><W20/><G67/><N who="0" m="25643" /><D115/><U24/><E24/><V32/><F32/><W33/><REACH who="3" step="1"/><G33/><REACH who="3" ten="305,134,247,304" step="2"/><T82/><D57/><U112/><E112/><V59/><F59/><W73/><G73/><T85/><D87/><U43/><E104/><V19/><F72/><W8/><G8/><T95/><D56/><U54/><E54/><V63/><F117/><W58/><G58/><T50/><D50/><U129/><E129/><V61/><F116/><W110/><G110/><T10/><D10/><U21/><E21/><V36/><F68/><W0/><G0/><T28/><D60/><AGARI ba="0,1" hai="15,18,20,60,65,70,75,78,83,92,96,102,120,121" machi="60" ten="40,3900,0" yaku="1,1,52,1,53,0" doraHai="97" doraHaiUra="5" who="3" fromWho="0" sc="305,-39,134,0,247,0,304,49" owari="266,6.6,134,-36.6,247,-15.3,353,45.3" /></mjloggm>