<mjloggm ver="2.3"><GO type="225" lobby="0"/><UN n0="%E7%9C%9F%E4%B8%80" n1="%E5%B8%86%E7%AB%8B%E5%A4%8F%E8%A1%A3" n2="%E5%80%89%E6%A9%8B%EF%BC%A0%E4%BA%8B%E5%8B%99" n3="%E3%81%8A%E3%81%8B%E3%81%8F%E3%82%89" dan="16,17,16,17" rate="2209.84,2145.40,2118.35,2106.67" sx="M,M,M,M"/><TAIKYOKU oya="0"/><INIT seed="0,0,0,3,0,107" ten="250,250,250,250" oya="0" hai0="60,12,103,44,79,26,32,6,65,114,113,1,42" hai1="25,105,121,83,14,7,109,64,31,29,76,8,89" hai2="5,28,133,123,110,73,4,19,62,94,10,127,98" hai3="126,96,2,59,104,106,13,22,115,17,82,24,34"/><T86/><D1/><U97/><E109/><V122/><F28/><W118/><G115/><T54/><D54/><U11/><E121/><V52/><F110/><W135/><G135/><T116/><D116/><U108/><E108/><V53/><F133/><W27/><G126/><T80/><D103/><U16/><E64/><V99/><F127/><W38/><G38/><T47/><D32/><U87/><E25/><V58/><F19/><W39/><G39/><T128/><D47/><U15/><REACH who="1" step="1"/><E76/><REACH who="1" ten="250,240,250,250" step="2"/><V49/><F123/><W41/><G24/><T51/><D128/><U117/><E117/><V119/><F122/><W131/><G27/><T77/><D79/><U100/><AGARI ba="0,1" hai="7,8,11,14,15,16,29,31,83,87,89,97,100,105" machi="100" ten="30,4000,0" yaku="1,1,0,1,54,1,53,0" doraHai="107" doraHaiUra="71" who="1" fromWho="1" sc="250,-20,240,50,250,-10,250,-10" /><INIT seed="1,0,0,5,5,46" ten="230,290,240,240" oya="1" hai0="47,32,49,86,73,58,95,51,129,66,110,0,55" hai1="33,36,75,26,44,109,28,30,111,68,82,19,20" hai2="99,126,89,56,96,120,98,21,60,27,48,81,132" hai3="104,41,14,10,71,91,3,12,65,35,116,59,92"/><U85/><E68/><V57/><F120/><W9/><G104/><T108/><D73/><U88/><E75/><V40/><F132/><W54/><G35/><T22/><D32/><U34/><E34/><V79/><F126/><W113/><G3/><T134/><D0/><U133/><E133/><V115/><F115/><W18/><G113/><T78/><D134/><U131/><E131/><V74/><F89/><W43/><G65/><T37/><D129/><U45/><E36/><V24/><F21/><W101/><G101/><T7/><D7/><U64/><E64/><V63/><F40/><W29/><G29/><T125/><D125/><U50/><E45/><V84/><F74/><W2/><G2/><T97/><D37/><U94/><E82/><V87/><F99/><W52/><G71/><T124/><D124/><U77/><E77/><V102/><F81/><W38/><G54/><T83/><D22/><U69/><E69/><V130/><F130/><W105/><G105/><T107/><D107/><U67/><E67/><V103/><REACH who="2" step="1"/><F79/><REACH who="2" ten="230,290,230,240" step="2"/><W70/><G43/><T76/><D78/><U127/><E127/><V5/><F5/><W15/><G41/><T25/><D25/><U119/><E33/><V122/><F122/><W31/><G91/><T62/><REACH who="0" step="1"/><D51/><AGARI ba="0,1" hai="24,27,48,51,56,57,60,63,84,87,96,98,102,103" machi="51" ten="25,12000,2" yaku="1,1,22,2,8,1,52,2,53,0" doraHai="46" doraHaiUra="42" who="2" fromWho="0" sc="230,-120,290,0,230,130,240,0" /><INIT seed="2,0,0,4,4,25" ten="110,290,360,240" oya="2" hai0="7,10,54,110,133,84,128,125,91,103,73,4,82" hai1="66,71,89,81,87,105,75,100,119,92,62,102,123" hai2="56,53,22,3,11,115,40,101,5,95,8,55,88" hai3="99,39,113,17,93,34,129,15,59,114,29,67,38"/><V18/><F115/><N who="3" m="44043" /><G129/><T61/><D110/><U94/><E119/><V45/><F101/><N who="3" m="60655" /><G34/><T98/><D128/><U118/><E118/><V121/><F121/><W9/><G29/><T85/><D133/><U117/><E117/><V79/><F79/><W112/><G112/><T127/><D73/><U47/><E123/><V63/><F11/><W80/><G80/><T90/><D10/><U78/><E94/><V36/><F53/><W46/><G46/><T106/><D54/><U48/><REACH who="1" step="1"/><E105/><REACH who="1" ten="110,280,360,240" step="2"/><V108/><F108/><W83/><G83/><N who="0" m="49439" /><D61/><AGARI ba="0,1" hai="9,15,17,38,39,59,61,67" m="60655,44043" machi="61" ten="30,1000,0" yaku="11,1" doraHai="25" who="3" fromWho="0" sc="110,-10,280,0,360,0,240,20" /><INIT seed="3,0,0,1,2,87" ten="100,280,360,260" oya="3" hai0="41,50,28,78,108,9,51,38,131,67,32,72,76" hai1="6,66,91,17,82,27,92,47,20,42,44,95,134" hai2="121,62,132,90,40,88,73,31,124,115,64,26,57" hai3="2,24,104,46,39,69,75,12,22,30,5,25,35"/><W125/><G75/><T102/><D32/><U48/><E134/><V111/><F115/><W120/><G104/><T135/><D28/><U10/><E66/><V112/><F112/><W106/><G106/><T56/><D9/><U71/><E71/><V123/><F73/><W80/><G69/><T16/><D102/><U126/><E126/><V23/><F124/><W36/><G125/><T110/><D72/><U13/><E47/><V100/><F111/><W85/><G120/><N who="2" m="46153" /><F100/><W109/><G2/><T117/><D67/><U77/><E91/><N who="2" m="34859" /><F40/><W128/><G109/><T83/><D56/><U21/><REACH who="1" step="1"/><E20/><REACH who="1" ten="100,270,360,260" step="2"/><V15/><F132/><W113/><G22/><T133/><D117/><U107/><E107/><V14/><AGARI ba="0,1" hai="14,15,23,26,31,57,62,64" m="34859,46153" machi="14" ten="30,8000,1" yaku="13,1,52,3,54,1" doraHai="87" who="2" fromWho="2" sc="100,-20,270,-20,360,90,260,-40" owari="80,-42.0,250,5.0,450,55.0,220,-18.0" /></mjloggm>