<mjloggm ver="2.3"><GO type="225" lobby="0"/><UN n0="%6B%79%6F%6E%6B%6F%31%31" n1="%E4%BF%BA%E3%81%A8%E5%A6%96%E5%A4%A2" n2="%E3%82%A2%E3%83%A1%E3%82%A2%E3%83%A9%E3%83%AC" n3="%E9%B3%B3%E6%9D%B1%E3%81%AE%E3%81%86%E3%81%95%E3%81%8E%E3%81%95%E3%82%93" dan="16,16,16,17" rate="2141.47,2117.91,2108.62,2225.85" sx="M,F,M,M"/><TAIKYOKU oya="0"/><INIT seed="0,0,0,4,4,53" ten="250,250,250,250" oya="0" hai0="50,34,1,66,9,93,100,74,45,91,120,18,13" hai1="4,85,51,2,107,135,23,20,46,114,126,134,133" hai2="109,40,63,21,80,92,39,130,70,113,61,90,83" hai3="86,89,14,10,60,121,43,118,33,110,41,106,72"/><T59/><D120/><U128/><E107/><V5/><F113/><W95/><G118/><T52/><D34/><U57/><E114/><V8/><F109/><W73/><G110/><T6/><D74/><U111/><E111/><V117/><F130/><W25/><G106/><T28/><D28/><U37/><E128/><V79/><F117/><W49/><G121/><T112/><D100/><U99/><E126/><V116/><F116/><W55/><G60/><T3/><D112/><U38/><E99/><V71/><F71/><W77/><G33/><T88/><D1/><U78/><E4/><V44/><F21/><N who="1" m="8265" /><E2/><V26/><F26/><W7/><G25/><T24/><D24/><U82/><E57/><V119/><F119/><W0/><G0/><T16/><D3/><U131/><E131/><V103/><F103/><W123/><G123/><T42/><D66/><U15/><E15/><V68/><F68/><W104/><G104/><T81/><D81/><U62/><E62/><V87/><F80/><N who="3" m="47375" /><G73/><T58/><D58/><U17/><E17/><N who="0" m="6761" /><D93/><U122/><E122/><V132/><F70/><W56/><G72/><T102/><D102/><U94/><E94/><V125/><F125/><W12/><G12/><T67/><D67/><U127/><E127/><V69/><F69/><W129/><G129/><T54/><D59/><U65/><E65/><V97/><F132/><W48/><G95/><T84/><D84/><U29/><E29/><V36/><F39/><W30/><G30/><T105/><D105/><U22/><E22/><V32/><F32/><W101/><G101/><T96/><D96/><RYUUKYOKU ba="0,0" sc="250,10,250,10,250,10,250,-30" hai0="6,9,13,42,45,50,52,54,88,91" hai1="37,38,46,51,78,82,85,133,134,135" hai2="5,8,36,40,44,61,63,79,83,87,90,92,97" /><INIT seed="0,1,0,4,3,67" ten="260,260,260,220" oya="0" hai0="93,82,16,6,3,125,78,2,26,1,79,30,75" hai1="72,104,28,42,31,12,113,87,5,90,27,47,36" hai2="33,55,23,107,108,81,15,129,8,19,95,37,109" hai3="25,100,73,45,130,69,17,128,117,24,106,102,32"/><T120/><D120/><U88/><E72/><V84/><F107/><W68/><G117/><T53/><D125/><U11/><E104/><V7/><F33/><W110/><G73/><T127/><D127/><U29/><E113/><V41/><F129/><N who="3" m="49771" /><G110/><N who="2" m="42601" /><F95/><W64/><G64/><T51/><D79/><U111/><E111/><V133/><F133/><W63/><G63/><T105/><D105/><U122/><E122/><V56/><F41/><W123/><G123/><T132/><D93/><U126/><E126/><V89/><F37/><W20/><G45/><T97/><D97/><U44/><E44/><V80/><F80/><W119/><G119/><T77/><D77/><U58/><E58/><V135/><F135/><W124/><G124/><T131/><D132/><U43/><E43/><V118/><F118/><W35/><G35/><T98/><D98/><U9/><E87/><V92/><F81/><W85/><G85/><T83/><D83/><U10/><E27/><N who="3" m="10314" /><G32/><T34/><D131/><U14/><REACH who="1" step="1"/><E10/><REACH who="1" ten="260,250,260,220" step="2"/><V54/><F56/><W121/><G121/><T22/><D82/><U114/><E114/><V62/><F62/><W91/><G106/><T66/><D75/><U59/><E59/><V13/><AGARI ba="1,1" hai="7,8,13,15,19,23,54,55,84,89,92" m="42601" machi="13" ten="30,1100,0" yaku="14,1" doraHai="67" who="2" fromWho="2" sc="260,-6,250,-4,260,24,220,-4" /><INIT seed="1,0,0,2,0,12" ten="254,246,284,216" oya="1" hai0="102,11,80,26,119,8,116,59,58,39,15,85,5" hai1="107,78,122,97,87,86,55,67,126,123,27,40,69" hai2="90,113,32,110,108,36,131,132,81,52,103,111,9" hai3="71,117,48,37,135,6,64,0,28,129,74,82,49"/><U1/><E1/><V94/><F36/><W62/><G129/><T18/><D39/><U22/><E126/><V83/><F131/><W84/><G135/><T35/><D102/><U63/><E40/><V47/><F132/><W100/><G117/><T33/><D116/><U118/><E118/><V70/><F32/><W124/><G124/><T42/><D42/><U134/><E134/><V20/><F70/><W65/><G74/><T51/><D119/><U21/><E21/><V24/><F103/><W125/><G125/><T106/><D106/><U16/><E107/><V104/><F9/><W112/><G112/><T17/><D35/><U120/><E97/><N who="2" m="57559" /><F104/><W68/><G100/><T77/><D51/><U72/><REACH who="1" step="1"/><E55/><REACH who="1" ten="254,236,284,216" step="2"/><V25/><F113/><W54/><G54/><T96/><D33/><U99/><E99/><V91/><F20/><W45/><G37/><T29/><D96/><U50/><E50/><V92/><F52/><W7/><G0/><T95/><D8/><U130/><E130/><V76/><F111/><W88/><G48/><T133/><D133/><U31/><E31/><V57/><F110/><W14/><G28/><T53/><D53/><U105/><E105/><V43/><F108/><W41/><G14/><T109/><D109/><U101/><E101/><V46/><F43/><W34/><G34/><T79/><D29/><U4/><E4/><V66/><F25/><W115/><G115/><T23/><D5/><U3/><E3/><V10/><F24/><W114/><G114/><T38/><D38/><U61/><E61/><AGARI ba="0,1" hai="6,7,41,45,49,61,62,64,65,68,71,82,84,88" machi="61" ten="40,2600,0" yaku="9,1,54,1" doraHai="12" who="3" fromWho="1" sc="254,0,236,-26,284,0,216,36" /><INIT seed="2,0,0,0,4,80" ten="254,210,284,252" oya="2" hai0="74,82,12,77,72,10,30,22,16,37,21,96,76" hai1="50,110,66,58,44,91,24,34,28,109,93,131,124" hai2="36,70,48,11,123,51,59,43,4,92,120,111,0" hai3="26,118,6,62,49,134,84,128,105,68,83,7,127"/><V27/><F70/><W116/><G105/><T31/><D37/><U23/><E131/><V126/><F126/><W90/><G128/><T119/><D119/><U60/><E124/><V1/><F1/><W46/><G127/><T133/><D133/><U33/><E110/><V78/><F111/><W103/><G134/><T14/><D10/><U94/><E109/><V69/><F69/><W63/><G103/><T47/><D47/><U87/><REACH who="1" step="1"/><E93/><REACH who="1" ten="254,200,284,252" step="2"/><V42/><F92/><W61/><G118/><T41/><D82/><U107/><E107/><V64/><F120/><W25/><G116/><T54/><D72/><U52/><AGARI ba="0,1" hai="23,24,28,33,34,44,50,52,58,60,66,87,91,94" machi="52" ten="20,12000,2" yaku="1,1,0,1,7,1,52,1,54,1,53,1" doraHai="80" doraHaiUra="56" who="1" fromWho="1" sc="254,-30,200,130,284,-60,252,-30" /><INIT seed="3,0,0,4,2,117" ten="224,330,224,222" oya="3" hai0="108,134,41,79,102,111,131,34,86,95,47,109,55" hai1="96,30,128,75,132,94,133,1,52,76,129,29,113" hai2="13,105,58,56,103,51,97,36,99,74,54,64,37" hai3="62,50,33,6,22,81,63,120,16,19,11,0,118"/><W91/><G118/><T18/><D131/><N who="1" m="50251" /><E1/><V92/><F74/><W80/><G33/><T67/><D134/><N who="1" m="51819" /><E113/><V115/><F115/><W107/><G120/><T114/><D34/><U24/><E52/><V4/><F4/><W21/><G107/><T57/><D67/><U66/><E66/><V119/><F13/><N who="3" m="5367" /><G50/><T8/><D8/><U101/><E24/><V14/><F14/><N who="3" m="9367" /><G0/><T77/><D18/><U40/><E40/><V87/><F119/><W70/><G70/><T73/><D73/><U27/><E27/><V39/><F64/><W68/><G68/><T17/><D17/><U85/><E75/><V7/><F7/><W23/><G23/><T49/><D114/><U106/><E76/><V48/><F48/><W28/><G28/><N who="1" m="10858" /><E85/><V45/><REACH who="2" step="1"/><F87/><REACH who="2" ten="224,330,214,222" step="2"/><N who="3" m="50663" /><G81/><T3/><D3/><U10/><E10/><V124/><F124/><W59/><G59/><T5/><D5/><U93/><AGARI ba="0,1" hai="93,94,96,101,106" m="10858,51819,50251" machi="93" ten="40,2700,0" yaku="19,1,20,1" doraHai="117" who="1" fromWho="1" sc="224,-7,330,37,214,-7,222,-13" owari="217,1.7,367,46.7,207,-29.3,209,-19.1" /></mjloggm>