<mjloggm ver="2.3"><GO type="225" lobby="0"/><UN n0="%E3%81%AF%E3%82%88%E3%81%8A%E3%81%98%E3%81%95%E3%82%93" n1="%77%72%77%72%77%72%77%72" n2="%E3%83%B4%E3%83%A0%EF%BC%99%E3%81%A6" n3="%53%41%49%2A" dan="16,16,16,16" rate="2078.09,2138.85,2163.07,2125.15" sx="M,M,M,M"/><TAIKYOKU oya="0"/><INIT seed="0,0,0,5,4,124" ten="250,250,250,250" oya="0" hai0="2,15,58,108,78,120,16,4,43,49,92,54,12" hai1="48,91,81,44,0,115,83,7,41,112,127,33,37" hai2="50,30,45,25,55,20,103,47,116,80,21,65,107" hai3="1,6,62,70,75,133,31,14,129,61,105,67,88"/><T60/><D120/><U23/><E33/><V32/><F116/><W101/><G133/><T26/><D108/><U106/><E127/><V131/><F65/><W87/><G75/><T113/><D113/><N who="1" m="43595" /><E106/><V53/><F131/><W5/><G1/><T34/><D78/><U123/><E123/><V132/><F132/><W122/><G31/><T36/><D36/><U29/><E91/><V77/><F103/><W109/><G109/><T51/><D2/><U3/><E37/><V13/><F107/><W111/><G122/><T121/><D121/><U118/><E118/><V130/><F130/><W64/><G111/><T85/><D34/><U68/><E68/><V72/><REACH who="2" step="1"/><F13/><REACH who="2" ten="250,250,240,250" step="2"/><W19/><G101/><T93/><D12/><U28/><E0/><V84/><F84/><W39/><G105/><T125/><D85/><U114/><E114/><V89/><F89/><W8/><G129/><T79/><D125/><U52/><E3/><V82/><F82/><W56/><G39/><T96/><D96/><U71/><E83/><AGARI ba="0,1" hai="5,6,8,14,19,56,61,62,64,67,70,83,87,88" machi="83" ten="30,2000,0" yaku="7,1,54,1" doraHai="124" who="3" fromWho="1" sc="250,0,250,-20,240,0,250,30" /><INIT seed="1,0,0,0,5,29" ten="250,230,240,280" oya="1" hai0="14,3,98,74,130,11,66,125,76,49,20,100,96" hai1="8,63,119,75,59,87,82,12,67,101,41,36,118" hai2="9,79,30,128,52,44,69,31,58,19,35,108,127" hai3="115,10,60,61,77,123,0,85,71,5,110,104,86"/><U39/><E75/><V102/><F69/><W1/><G123/><T28/><D125/><U107/><E107/><V116/><F116/><W22/><G104/><T91/><D130/><U65/><E101/><V94/><F128/><W50/><G115/><T132/><D132/><U131/><E131/><V4/><F108/><W113/><G1/><T51/><D66/><U109/><E109/><V57/><F19/><W111/><G113/><T27/><D3/><U2/><E2/><V121/><F127/><W92/><G86/><T120/><D120/><U40/><E65/><V34/><F79/><W93/><G93/><N who="0" m="58383" /><D76/><U105/><E105/><V33/><F44/><W72/><G72/><T21/><D21/><U7/><E40/><V112/><F112/><W37/><G37/><T46/><D74/><U6/><E6/><V126/><F126/><W80/><G92/><N who="0" m="56607" /><D46/><U95/><E95/><V25/><F30/><W81/><G81/><T16/><AGARI ba="0,0" hai="11,14,16,20,27,28,49,51" m="56607,58383" machi="16" ten="30,2000,0" yaku="8,1,54,1" doraHai="29" who="0" fromWho="0" sc="250,20,230,-10,240,-5,280,-5" /><INIT seed="2,0,0,4,3,62" ten="270,220,235,275" oya="2" hai0="103,24,50,2,100,82,25,107,120,110,36,41,23" hai1="33,98,101,55,94,97,91,58,16,115,15,56,108" hai2="77,49,99,86,132,27,52,8,118,57,37,90,133" hai3="67,12,104,92,75,14,44,129,34,26,17,39,121"/><V63/><F37/><W3/><G104/><T78/><D120/><U22/><E108/><V85/><F118/><W106/><G106/><T124/><D110/><U71/><E115/><V43/><F8/><W87/><G75/><T45/><D2/><U46/><E71/><V51/><F99/><W126/><G3/><T93/><D107/><U48/><REACH who="1" step="1"/><E33/><REACH who="1" ten="270,210,235,275" step="2"/><V18/><F132/><W5/><G34/><T73/><D124/><U135/><E135/><V59/><F133/><W38/><G126/><T81/><D73/><U66/><E66/><N who="2" m="39279" /><F77/><W84/><G67/><T130/><D78/><U102/><E102/><V0/><F0/><W64/><G64/><T30/><D103/><U113/><E113/><V123/><F123/><W134/><G121/><T112/><D112/><U105/><AGARI ba="0,1" hai="15,16,22,46,48,55,56,58,91,94,97,98,101,105" machi="105" ten="20,5200,0" yaku="1,1,0,1,7,1,54,1,53,0" doraHai="62" doraHaiUra="74" who="1" fromWho="1" sc="270,-13,210,62,235,-26,275,-13" /><INIT seed="3,0,0,5,4,123" ten="257,272,209,262" oya="3" hai0="110,82,79,21,14,65,68,15,37,56,32,2,50" hai1="77,84,100,86,127,63,64,83,62,98,113,88,70" hai2="19,43,23,10,74,71,78,99,13,131,47,4,46" hai3="54,118,8,101,132,44,93,61,122,134,111,20,5"/><W38/><G122/><T6/><D32/><U1/><E127/><V27/><F131/><W24/><G118/><T104/><D37/><U53/><E113/><V105/><F71/><W80/><G80/><T67/><D104/><U95/><E1/><V130/><F130/><W112/><G112/><T7/><D68/><U26/><E26/><V92/><F105/><W58/><G38/><T55/><D2/><U57/><REACH who="1" step="1"/><E86/><REACH who="1" ten="257,262,209,262" step="2"/><V66/><F66/><W16/><G24/><T45/><D67/><U12/><E12/><V115/><F115/><W25/><G25/><T94/><D14/><U76/><AGARI ba="0,1" hai="53,57,62,63,64,70,76,77,83,84,88,95,98,100" machi="76" ten="30,4000,0" yaku="1,1,0,1,54,1,53,0" doraHai="123" doraHaiUra="33" who="1" fromWho="1" sc="257,-10,262,50,209,-10,262,-20" owari="247,4.7,312,41.2,199,-30.1,242,-15.8" /></mjloggm>