<mjloggm ver="2.3"><GO type="225" lobby="0"/><UN n0="%E8%BE%9B%E5%8F%A3%E3%82%AB%E3%83%AC%E3%83%BC%E3%83%A9%E3%82%A4%E3%82%B9" n1="%72%69%6F%75%63%68%61%6E" n2="%E3%81%A0%E3%81%8A" n3="%E7%89%B9%E6%9D%B1%E3%81%AF%E4%B8%96%E7%95%8C%E3%82%92%E6%95%91%E3%81%86" dan="16,17,16,16" rate="2163.30,2309.38,2050.88,2160.85" sx="M,M,M,M"/><TAIKYOKU oya="0"/><INIT seed="0,0,0,5,2,90" ten="250,250,250,250" oya="0" hai0="79,111,127,102,40,124,46,112,132,78,47,101,61" hai1="123,7,21,75,55,25,59,22,125,97,87,130,95" hai2="19,8,3,39,27,32,2,120,37,96,126,106,70" hai3="53,116,110,65,15,122,82,133,69,12,29,92,134"/><T119/><D112/><U77/><E125/><N who="0" m="48201" /><D119/><U60/><E130/><V74/><F19/><W81/><G116/><T20/><D132/><N who="3" m="50793" /><G110/><T71/><D20/><U76/><E123/><V54/><F54/><W72/><G122/><T109/><D61/><U4/><E75/><V89/><F89/><W34/><G53/><T129/><D71/><U108/><E108/><N who="0" m="41545" /><D129/><U131/><E131/><V52/><F126/><W73/><G29/><T85/><D47/><U63/><E60/><V36/><F32/><W6/><G34/><T94/><D85/><U11/><E87/><V49/><F74/><W56/><G69/><T105/><D105/><U43/><E43/><V128/><F70/><W83/><G65/><T118/><D118/><U50/><E63/><V113/><F128/><W13/><G56/><T121/><D121/><U93/><E21/><V9/><F120/><W51/><G72/><T67/><D67/><U17/><E4/><V38/><F113/><W80/><G6/><T66/><D66/><U42/><E42/><V24/><F106/><W115/><G115/><T84/><D84/><U14/><REACH who="1" step="1"/><E93/><REACH who="1" ten="250,240,250,250" step="2"/><V41/><F41/><W26/><G92/><T45/><D94/><U62/><E62/><V28/><F8/><W30/><G73/><T64/><D64/><U18/><E18/><V100/><F9/><W88/><G30/><T117/><D117/><U44/><E44/><N who="0" m="17001" /><D40/><U103/><AGARI ba="0,1" hai="7,11,14,17,22,25,50,55,59,76,77,95,97,103" machi="103" ten="20,12000,2" yaku="1,1,0,1,7,1,8,1,52,1,53,1" doraHai="90" doraHaiUra="99" who="1" fromWho="1" sc="250,-60,240,130,250,-30,250,-30" /><INIT seed="1,0,0,4,4,17" ten="190,370,220,220" oya="1" hai0="127,16,43,30,131,15,106,135,95,41,19,34,119" hai1="117,114,113,96,29,94,82,98,1,54,105,2,122" hai2="25,12,61,57,3,133,132,70,63,124,101,81,20" hai3="47,58,99,104,50,110,9,0,116,77,11,92,26"/><U91/><E117/><V103/><F3/><W100/><G116/><T72/><D119/><U64/><E122/><V32/><F32/><W48/><G110/><T38/><D106/><U44/><E64/><V109/><F70/><W130/><G130/><T118/><D118/><U10/><E29/><V68/><F68/><W37/><G37/><T73/><D131/><U75/><E1/><V74/><F109/><W65/><G77/><T51/><D135/><N who="2" m="51786" /><F12/><W115/><G115/><T42/><D38/><U7/><E54/><N who="2" m="33975" /><F63/><W89/><G0/><T90/><D127/><U93/><E105/><V69/><F69/><W36/><G36/><T33/><D51/><U60/><E60/><V76/><F124/><W80/><G65/><T102/><D102/><U46/><E46/><V23/><F25/><W78/><G26/><T108/><D108/><U88/><REACH who="1" step="1"/><E44/><REACH who="1" ten="190,360,220,220" step="2"/><V87/><F74/><W45/><G45/><T18/><D73/><U85/><E85/><V13/><F13/><W107/><G47/><T5/><D72/><U35/><E35/><V120/><F120/><W67/><G67/><T59/><D33/><U126/><E126/><V49/><F49/><W71/><G48/><T28/><D34/><U21/><E21/><AGARI ba="0,1" hai="20,21,23,76,81,87,101,103" m="33975,51786" machi="21" ten="30,7700,0" yaku="20,1,52,3" doraHai="17" who="2" fromWho="1" sc="190,0,360,-77,220,87,220,0" /><INIT seed="2,0,0,4,0,46" ten="190,283,307,220" oya="2" hai0="74,24,33,68,31,87,111,67,130,79,12,21,92" hai1="25,42,29,98,73,56,28,115,96,76,135,60,75" hai2="129,117,53,69,123,26,40,131,72,105,48,17,128" hai3="63,132,90,114,125,19,4,57,99,102,0,113,14"/><V32/><F117/><W95/><G132/><T71/><D111/><U6/><E115/><N who="3" m="44042" /><G0/><T106/><D106/><U119/><E135/><V88/><F123/><W43/><G43/><T94/><D130/><U20/><E119/><V109/><F69/><W66/><G4/><T51/><D74/><U45/><E6/><V54/><F72/><W89/><G125/><T49/><D68/><U5/><E5/><V23/><F32/><W81/><G81/><N who="0" m="47551" /><D71/><U62/><E29/><V126/><F105/><W37/><G37/><T16/><D33/><U101/><E60/><V133/><F133/><W44/><G44/><T122/><D67/><U107/><E98/><V52/><F109/><W10/><AGARI ba="0,0" hai="10,14,19,57,63,66,89,90,95,99,102" m="44042" machi="10" ten="30,1100,0" yaku="11,1" doraHai="46" who="3" fromWho="3" sc="190,-3,283,-3,307,-5,220,11" /><INIT seed="3,0,0,4,3,78" ten="187,280,302,231" oya="3" hai0="21,89,10,90,66,41,106,40,11,38,50,8,102" hai1="92,46,131,6,132,69,99,82,54,61,2,43,1" hai2="58,125,127,79,57,19,71,0,15,84,121,98,94" hai3="88,67,37,18,65,55,100,111,29,130,51,14,74"/><W91/><G37/><T48/><D66/><U30/><E131/><V77/><F0/><W128/><G74/><T63/><D63/><U68/><E132/><V5/><F5/><W22/><G100/><T118/><D118/><U59/><E30/><V12/><F71/><W134/><G134/><T60/><D60/><U95/><E95/><V28/><F28/><W123/><G123/><T115/><D106/><U105/><E105/><V75/><F75/><W32/><G111/><T70/><D70/><U35/><E35/><V104/><F104/><W117/><G117/><T110/><D110/><U20/><E1/><V49/><F121/><W96/><G67/><T72/><D72/><U122/><E122/><V103/><F49/><N who="0" m="19050" /><D38/><U85/><E20/><V86/><F94/><W45/><G65/><T114/><D21/><U9/><E46/><V62/><F62/><W16/><G18/><T113/><D102/><U108/><E43/><AGARI ba="0,0" hai="8,10,11,40,41,43,89,90,113,114,115" m="19050" machi="43" ten="40,5200,0" yaku="28,2,11,1" doraHai="78" who="0" fromWho="1" sc="187,52,280,-52,302,0,231,0" owari="239,3.9,228,-27.2,302,40.2,231,-16.9" /></mjloggm>