<mjloggm ver="2.3"><GO type="225" lobby="0"/><UN n0="%E5%8F%AF%E5%85%90%E9%82%A3%E7%94%B1%E5%A4%9A" n1="%38%63%E3%81%AF%E3%81%A3%E3%81%97%E3%83%BC" n2="%72%69%6F%75%63%68%61%6E" n3="%E5%BF%83%E6%B5%81" dan="16,16,16,16" rate="2185.72,2114.95,2146.59,2068.45" sx="F,M,M,F"/><TAIKYOKU oya="0"/><INIT seed="0,0,0,3,5,60" ten="250,250,250,250" oya="0" hai0="123,103,133,11,119,34,49,12,121,90,85,22,39" hai1="101,14,97,120,66,82,38,50,80,3,100,122,84" hai2="40,53,52,19,126,48,108,87,41,33,58,5,6" hai3="35,18,110,0,32,37,78,69,128,130,74,109,106"/><T104/><D39/><U1/><E38/><V76/><F108/><N who="3" m="41579" /><G106/><T24/><D119/><U65/><E50/><V7/><F126/><W93/><G37/><T30/><D133/><U57/><E14/><V21/><F33/><W9/><G93/><T63/><D22/><U73/><E57/><N who="2" m="32903" /><F76/><W134/><G69/><T70/><D49/><U81/><E84/><V96/><F96/><W88/><G88/><T43/><D43/><N who="2" m="16458" /><F87/><W107/><G107/><T61/><D61/><U56/><E56/><V29/><F29/><W129/><G134/><T68/><D68/><U23/><E23/><V15/><F5/><N who="3" m="1191" /><G18/><N who="0" m="8479" /><D90/><U47/><E47/><V77/><F77/><W55/><G55/><T28/><D85/><U124/><E82/><AGARI ba="0,0" hai="32,35,74,78,82,128,129,130" m="1191,41579" machi="82" ten="40,5200,0" yaku="19,1,14,1,23,1" doraHai="60" who="3" fromWho="1" sc="250,0,250,-52,250,0,250,52" /><INIT seed="1,0,0,3,2,2" ten="250,198,250,302" oya="1" hai0="62,79,124,51,127,5,10,94,45,39,112,67,107" hai1="22,43,35,76,71,129,92,4,115,8,78,47,26" hai2="108,7,87,134,113,122,25,61,121,132,102,9,1" hai3="130,86,48,54,33,119,104,90,105,60,23,28,46"/><U133/><E115/><V82/><F108/><W75/><G75/><T81/><D112/><U66/><E133/><N who="2" m="51307" /><F113/><W57/><G33/><T118/><D118/><U29/><E129/><V106/><F61/><W93/><G130/><T110/><D110/><U31/><E66/><V40/><F40/><W68/><G68/><T3/><D107/><U63/><E63/><V65/><F65/><W131/><G131/><T89/><D39/><U36/><E71/><V103/><F25/><W128/><G128/><T95/><D89/><U15/><E31/><V50/><F50/><W116/><G23/><T30/><D30/><U70/><E70/><V42/><F42/><W49/><G28/><T13/><D3/><U109/><E109/><V120/><F106/><W21/><G21/><T98/><D62/><U12/><REACH who="1" step="1"/><E92/><REACH who="1" ten="250,188,250,302" step="2"/><V77/><AGARI ba="0,1" hai="1,7,9,77,82,87,102,103,120,121,122" m="51307" machi="77" ten="40,2700,0" yaku="20,1,52,1" doraHai="2" who="2" fromWho="2" sc="250,-7,188,-13,250,37,302,-7" /><INIT seed="2,0,0,2,0,128" ten="243,175,287,295" oya="2" hai0="7,47,41,36,19,71,48,105,45,54,114,99,129" hai1="69,109,83,98,1,111,70,76,67,133,85,132,103" hai2="91,68,59,35,125,63,88,30,2,24,62,32,4" hai3="61,12,117,102,80,55,33,107,25,89,96,113,122"/><V121/><F125/><W15/><G122/><T77/><D114/><U20/><E1/><V13/><F121/><W52/><G117/><T16/><D129/><U108/><E20/><V112/><F112/><W116/><G116/><T74/><D71/><U118/><E118/><V127/><F127/><W124/><G124/><T51/><D7/><U39/><E39/><V130/><F130/><W90/><G113/><T44/><D74/><U95/><E67/><V97/><F32/><W84/><G90/><T11/><D77/><U28/><E28/><V26/><F2/><W0/><G0/><T22/><D11/><U21/><E21/><V73/><F73/><W58/><REACH who="3" step="1"/><G55/><REACH who="3" ten="243,175,287,285" step="2"/><T104/><D99/><U94/><REACH who="1" step="1"/><E95/><REACH who="1" ten="243,165,287,285" step="2"/><V75/><F30/><AGARI ba="0,2" hai="12,15,25,30,33,52,58,61,80,84,89,96,102,107" machi="30" ten="40,5200,0" yaku="1,1,2,1,54,1,53,0" doraHai="128" doraHaiUra="6" who="3" fromWho="2" sc="243,0,165,0,287,-52,285,72" /><INIT seed="3,0,0,2,1,133" ten="243,165,235,357" oya="3" hai0="86,42,106,102,121,6,124,39,88,58,129,60,82" hai1="38,91,37,116,15,135,8,36,97,119,27,70,54" hai2="80,104,101,7,105,10,69,75,11,73,21,3,98" hai3="24,103,71,0,56,83,126,96,95,34,128,22,72"/><W118/><G118/><T84/><D121/><U32/><E32/><V115/><F115/><W130/><G0/><T44/><D129/><N who="3" m="49769" /><G71/><T92/><D124/><U78/><E78/><V35/><F35/><W90/><G34/><T45/><D106/><U9/><E27/><V12/><F69/><W125/><G56/><T51/><D6/><U123/><E70/><V111/><F111/><W13/><G13/><T62/><D58/><U77/><E77/><V87/><F105/><W19/><G72/><T120/><D120/><U64/><E64/><V5/><F21/><W23/><G23/><T17/><D17/><U47/><E123/><V68/><F68/><W107/><G83/><T55/><D102/><U46/><E135/><V4/><F5/><W52/><G52/><T94/><D94/><U50/><E47/><V48/><F48/><W25/><G25/><T99/><D82/><U40/><E40/><V110/><F110/><W14/><G24/><T81/><D81/><U100/><E100/><V29/><F29/><W74/><G74/><T16/><D16/><U43/><E43/><V2/><F3/><W76/><G76/><AGARI ba="0,0" hai="2,4,7,10,11,12,73,75,76,80,87,98,101,104" machi="76" ten="30,1000,0" yaku="7,1" doraHai="133" who="2" fromWho="3" sc="243,0,165,0,235,10,357,-10" owari="243,-15.7,165,-33.5,245,4.5,347,44.7" /></mjloggm>