<mjloggm ver="2.3"><GO type="225" lobby="0"/><UN n0="%E3%81%A1%E3%82%85%E3%81%86%E3%81%A9%E3%81%8F%E8%B1%A1%E3%81%95%E3%82%93" n1="%E3%81%A9%E3%82%8F%E3%82%93%E3%81%94" n2="%73%6C%69%63%6B%33%31%39" n3="%72%69%6F%75%63%68%61%6E" dan="17,16,17,17" rate="2179.77,2221.95,2181.88,2236.83" sx="M,M,M,M"/><TAIKYOKU oya="0"/><INIT seed="0,0,0,3,2,76" ten="250,250,250,250" oya="0" hai0="47,15,112,79,129,18,43,126,75,89,103,27,1" hai1="51,101,99,38,20,82,61,86,39,115,17,94,42" hai2="57,96,19,55,46,95,22,71,80,119,114,67,73" hai3="78,92,120,58,121,135,108,88,122,52,93,60,56"/><T90/><D112/><U49/><E115/><V130/><F114/><W12/><G108/><T3/><D126/><U16/><E61/><V70/><F130/><W7/><G135/><T77/><D103/><U8/><E8/><V83/><F119/><W91/><G78/><T28/><D129/><U0/><E0/><V62/><F73/><W66/><G92/><T50/><D77/><U30/><E30/><V4/><F4/><W65/><G93/><T14/><D14/><U81/><E39/><V97/><F70/><W45/><G45/><T54/><D1/><U106/><E38/><V21/><F71/><W26/><G26/><T85/><D3/><U41/><E106/><V110/><F110/><W102/><G102/><T131/><D131/><U25/><E17/><V2/><F2/><W13/><G65/><T11/><D75/><U69/><E69/><V5/><F5/><W123/><N who="3" m="30720" /><DORA hai="105" /><W32/><G32/><T74/><D43/><N who="1" m="16395" /><E82/><N who="2" m="31275" /><F19/><W34/><G34/><T100/><D74/><U84/><E84/><V9/><F9/><N who="3" m="4159" /><G13/><T113/><D113/><U36/><E36/><V109/><F109/><W33/><G33/><T64/><D79/><AGARI ba="0,0" hai="16,20,25,49,51,79,81,86,94,99,101" m="16395" machi="79" ten="30,3900,0" yaku="8,1,52,1,54,1" doraHai="76,105" who="1" fromWho="0" sc="250,-39,250,39,250,0,250,0" /><INIT seed="1,0,0,1,0,113" ten="211,289,250,250" oya="1" hai0="10,21,133,89,62,20,71,132,41,110,53,120,88" hai1="117,0,47,124,19,72,14,101,86,36,122,103,125" hai2="84,15,30,77,39,2,65,99,69,45,126,81,9" hai3="129,27,92,26,90,38,114,3,105,54,55,96,104"/><U116/><E122/><V63/><F126/><N who="1" m="48745" /><E72/><V18/><F30/><W7/><G129/><T4/><D120/><U123/><E0/><V1/><REACH who="2" step="1"/><F99/><REACH who="2" ten="211,289,240,250" step="2"/><W135/><G114/><T51/><D110/><U57/><E123/><V56/><F56/><W118/><G135/><T130/><D130/><U59/><E103/><V50/><F50/><W115/><G115/><T22/><D71/><U8/><E101/><V83/><F83/><W61/><G38/><T13/><D132/><U12/><E59/><V111/><F111/><W60/><G60/><T91/><D133/><U98/><E98/><V87/><F87/><W5/><G61/><T67/><D62/><U43/><E86/><V121/><F121/><W134/><G134/><T119/><D67/><U28/><E28/><V108/><F108/><W79/><G96/><T97/><D97/><U49/><E36/><V93/><F93/><W127/><G92/><T16/><D41/><AGARI ba="0,1" hai="1,2,9,15,18,39,41,45,63,65,69,77,81,84" machi="41" ten="40,1300,0" yaku="1,1,53,0" doraHai="113" doraHaiUra="44" who="2" fromWho="0" sc="211,-13,289,0,240,23,250,0" /><INIT seed="2,0,0,5,3,89" ten="198,289,263,250" oya="2" hai0="10,111,121,17,18,55,74,100,88,30,76,135,71" hai1="69,43,101,42,107,16,49,5,11,92,122,22,62" hai2="86,95,72,125,56,37,110,34,2,33,114,6,133" hai3="3,93,13,61,102,128,64,116,21,104,112,47,57"/><V130/><RYUUKYOKU type="yao9" ba="0,0" sc="198,0,289,0,263,0,250,0" hai2="2,6,33,34,37,56,72,86,95,110,114,125,130,133" /><INIT seed="2,1,0,0,2,51" ten="198,289,263,250" oya="2" hai0="133,106,88,72,126,38,98,24,83,37,134,15,104" hai1="64,103,131,93,28,52,22,96,94,31,124,68,27" hai2="29,7,14,50,62,5,102,117,35,84,16,70,67" hai3="46,73,66,121,0,116,19,33,58,105,69,42,30"/><V36/><F117/><W60/><G116/><T128/><D24/><U99/><E131/><V79/><F36/><W9/><G121/><T71/><D71/><U120/><E120/><V65/><F65/><W86/><G73/><T25/><D25/><U57/><E124/><V90/><F79/><W10/><G105/><N who="0" m="40555" /><D15/><U48/><E68/><V78/><F102/><W125/><G125/><T41/><D41/><U8/><E8/><V23/><F78/><W12/><G33/><T13/><D13/><U26/><E64/><V118/><F118/><W77/><G30/><N who="1" m="11306" /><E22/><V127/><F127/><W111/><G111/><T87/><D126/><U61/><E61/><V43/><F29/><W81/><G69/><T92/><D37/><U18/><E18/><V20/><F20/><W11/><REACH who="3" step="1"/><G0/><REACH who="3" ten="198,289,263,240" step="2"/><T82/><D128/><U3/><E3/><V122/><F122/><W110/><G110/><T108/><D108/><U59/><E59/><N who="2" m="37343" /><F35/><W119/><G119/><T91/><D38/><AGARI ba="1,1" hai="9,10,11,12,19,38,42,46,58,60,66,77,81,86" machi="38" ten="30,3900,0" yaku="1,1,7,1,53,1" doraHai="51" doraHaiUra="76" who="3" fromWho="0" sc="198,-42,289,0,263,0,240,52" /><INIT seed="3,0,0,0,1,5" ten="156,289,263,292" oya="3" hai0="127,66,20,31,45,23,36,71,55,69,123,3,134" hai1="61,30,108,44,33,60,88,46,16,87,129,42,63" hai2="26,75,1,14,124,37,47,28,130,107,15,8,118" hai3="62,79,49,126,74,24,102,54,120,19,84,59,114"/><W11/><G114/><T111/><D123/><U100/><E108/><V52/><F107/><W0/><G120/><T133/><D3/><U43/><E129/><V101/><F118/><W122/><G122/><T48/><D111/><U50/><E100/><V29/><F75/><W83/><G126/><T2/><D2/><U117/><E117/><V105/><F124/><W40/><G102/><T51/><D127/><U132/><E132/><N who="0" m="50793" /><D36/><U115/><E115/><V38/><F1/><W119/><G119/><T92/><D92/><U135/><E135/><V67/><F67/><W96/><G96/><T80/><D80/><U68/><E68/><N who="0" m="26185" /><D66/><U93/><E33/><V97/><F130/><W53/><G40/><N who="0" m="24615" /><D31/><U70/><E30/><V6/><F28/><W109/><G109/><T81/><D81/><U35/><E35/><V90/><F90/><W39/><G39/><T82/><D82/><U95/><E70/><V112/><F112/><W128/><G128/><T91/><D91/><U121/><E121/><V85/><F85/><W17/><G74/><T7/><D7/><U21/><E95/><V34/><REACH who="2" step="1"/><F14/><REACH who="2" ten="156,289,253,292" step="2"/><N who="3" m="7391" /><G0/><T9/><D9/><U4/><E87/><V12/><F12/><W125/><G125/><T94/><D94/><U99/><E93/><V57/><F57/><AGARI ba="0,1" hai="20,23,51,55,57" m="24615,26185,50793" machi="57" ten="30,1000,0" yaku="20,1" doraHai="5" who="0" fromWho="2" sc="156,20,289,0,253,-10,292,0" /><INIT seed="4,0,0,4,1,3" ten="176,289,243,292" oya="0" hai0="123,64,75,40,18,108,30,103,110,6,27,113,134" hai1="0,5,47,38,25,12,106,78,15,93,71,51,118" hai2="37,88,63,119,29,7,24,91,59,77,131,39,43" hai3="44,22,104,13,83,120,17,46,53,107,87,132,32"/><T31/><D123/><U55/><E118/><V101/><F119/><W135/><G120/><T57/><D75/><U98/><E106/><N who="3" m="40490" /><G53/><T35/><D113/><U61/><E38/><V54/><F101/><W89/><G32/><N who="0" m="20575" /><D103/><U49/><E78/><V122/><F122/><W33/><G33/><T28/><D40/><U52/><E25/><V114/><F114/><W14/><G14/><T69/><D69/><U115/><E115/><V96/><F131/><W45/><G44/><T130/><D130/><U23/><E23/><V70/><F77/><W42/><G42/><T100/><D100/><U125/><E125/><V112/><F112/><W117/><G117/><T10/><D18/><U79/><E79/><V86/><F96/><W80/><G80/><T21/><D35/><U72/><E72/><V68/><F7/><W133/><AGARI ba="0,0" hai="13,17,22,45,46,83,87,89,132,133,135" m="40490" machi="133" ten="40,1500,0" yaku="20,1" doraHai="3" who="3" fromWho="3" sc="176,-7,289,-4,243,-4,292,15" owari="169,-33.1,285,8.5,239,-16.1,307,40.7" /></mjloggm>