<mjloggm ver="2.3"><GO type="225" lobby="0"/><UN n0="%E6%97%A5%E6%9B%9C%E6%97%A5%E3%82%88%E3%82%8A%E3%81%AE%E4%BD%BF%E8%80%85" n1="%4B%2E%32%2E%4B%2E" n2="%E3%81%A8%E3%82%93%E3%81%A8%E3%81%93%E3%81%A8%E3%82%93" n3="%E3%82%BC%E3%83%AB%E3%83%80%E3%81%AE%E4%BC%9D%E8%AA%AC" dan="17,17,16,17" rate="2120.51,2193.85,2098.03,2214.44" sx="M,M,M,M"/><TAIKYOKU oya="0"/><INIT seed="0,0,0,1,3,112" ten="250,250,250,250" oya="0" hai0="94,54,61,106,63,79,30,67,36,47,9,56,28" hai1="107,93,127,104,49,55,38,77,16,76,34,70,101" hai2="44,99,98,53,3,113,0,46,40,10,100,81,134" hai3="59,32,102,125,69,71,132,135,82,31,24,97,50"/><T65/><D106/><U39/><E70/><V90/><F113/><W25/><G125/><T6/><D79/><U51/><E34/><V114/><F114/><W85/><G25/><T18/><D18/><U73/><E93/><V124/><F124/><W7/><G7/><T42/><D94/><U123/><E101/><V83/><F134/><N who="3" m="51243" /><G59/><T128/><D128/><U119/><E127/><V60/><F0/><W19/><G50/><T80/><D80/><U130/><E55/><V58/><F3/><W20/><G19/><T92/><D92/><U64/><E16/><V35/><F35/><W66/><G66/><T23/><D23/><U68/><E68/><V52/><F10/><W126/><G126/><T12/><REACH who="0" step="1"/><D54/><REACH who="0" ten="240,250,250,250" step="2"/><U13/><E107/><V91/><F53/><W62/><G20/><T5/><D5/><U131/><E104/><V27/><F52/><W45/><G82/><T133/><D133/><U115/><E115/><V105/><F81/><W111/><G32/><T122/><D122/><U87/><E123/><V72/><F83/><W75/><G31/><T96/><D96/><U78/><E78/><V1/><F98/><W109/><G97/><T84/><D84/><U117/><E87/><V43/><F99/><W29/><G85/><T11/><D11/><U95/><E95/><V8/><F8/><W89/><G29/><T74/><D74/><U57/><E73/><V17/><F72/><W37/><G75/><T103/><D103/><U86/><E86/><V108/><F100/><W4/><G102/><T15/><D15/><U116/><E13/><V26/><F105/><RYUUKYOKU ba="0,1" sc="240,30,250,-10,250,-10,250,-10" hai0="6,9,12,28,30,36,42,47,56,61,63,65,67" /><INIT seed="0,1,1,4,1,56" ten="270,240,240,240" oya="0" hai0="50,46,104,84,76,33,117,52,97,127,70,3,120" hai1="82,98,103,110,41,14,12,37,51,94,9,62,13" hai2="88,4,111,16,91,61,53,22,115,133,18,0,73" hai3="126,6,96,21,42,31,60,123,92,122,29,81,106"/><T44/><D117/><U34/><E37/><V102/><F115/><W118/><G118/><T47/><D120/><N who="3" m="46121" /><G126/><T124/><D33/><U48/><E34/><V107/><F73/><W1/><G106/><T25/><D3/><U28/><E28/><V8/><F111/><W128/><G128/><T87/><D70/><U80/><E110/><V65/><F133/><W17/><G42/><T10/><D10/><U57/><E9/><V121/><F121/><W23/><G81/><N who="1" m="31338" /><E41/><V38/><F38/><W71/><G6/><T72/><D72/><U39/><E39/><V90/><F53/><AGARI ba="1,1" hai="12,13,14,48,51,53,57,62,94,98,103" m="31338" machi="53" ten="30,2000,0" yaku="8,1,52,1" doraHai="56" who="1" fromWho="2" sc="270,0,240,33,240,-23,240,0" /><INIT seed="1,0,0,4,3,31" ten="270,273,217,240" oya="1" hai0="25,106,48,133,56,95,83,112,5,70,119,102,34" hai1="96,116,49,0,23,9,2,135,55,35,21,85,77" hai2="109,76,26,16,61,86,22,79,118,101,51,66,42" hai3="111,20,132,104,88,81,10,115,80,125,53,99,44"/><U27/><E116/><V74/><F118/><W72/><G115/><T90/><D70/><U43/><E135/><V127/><F109/><W8/><G111/><T128/><D106/><U63/><E43/><V57/><F127/><W117/><G117/><T121/><D5/><U73/><E73/><V84/><F101/><W14/><G125/><T89/><D83/><U12/><E63/><V114/><F114/><W58/><G132/><T65/><D65/><U98/><E77/><N who="2" m="29771" /><F74/><W4/><G72/><T71/><D71/><U60/><E60/><V110/><F110/><W45/><G20/><T129/><D112/><U134/><E85/><V68/><F68/><W41/><G8/><T47/><D56/><U33/><E134/><V36/><F36/><W39/><G44/><AGARI ba="0,0" hai="16,22,26,42,44,51,57,61,66,84,86" m="29771" machi="44" ten="30,2000,0" yaku="8,1,54,1" doraHai="31" who="2" fromWho="3" sc="270,0,273,0,217,20,240,-20" /><INIT seed="2,0,0,0,1,130" ten="270,273,237,220" oya="2" hai0="31,96,55,26,43,112,15,40,65,63,32,73,35" hai1="61,48,135,101,124,84,7,57,20,68,9,119,71" hai2="134,19,94,79,44,86,64,104,34,129,128,78,114" hai3="117,4,106,5,42,66,38,14,0,89,115,1,41"/><V18/><F34/><W36/><G106/><T6/><D73/><U118/><E124/><V22/><F64/><W132/><G66/><T56/><D112/><U109/><E109/><V21/><F104/><W126/><G14/><T102/><D35/><U91/><E101/><V72/><F72/><W95/><G95/><T46/><D46/><U92/><E48/><V74/><F74/><W51/><G51/><T80/><D80/><U62/><E20/><V123/><F44/><W87/><G87/><T3/><D15/><U82/><E71/><V39/><F39/><W2/><G89/><T76/><D76/><U127/><E68/><V105/><F105/><W116/><G126/><T59/><D6/><N who="3" m="2665" /><G115/><T58/><D3/><U24/><E24/><V54/><F114/><W90/><G90/><T108/><D108/><U8/><E127/><V125/><F125/><W52/><G52/><T10/><D10/><U69/><E69/><V12/><F54/><W131/><G131/><N who="2" m="50249" /><F123/><W33/><G33/><T16/><D16/><N who="2" m="6186" /><F12/><W98/><G98/><T23/><D32/><U110/><E110/><V100/><F100/><W81/><G81/><T28/><D28/><U97/><E119/><N who="3" m="45642" /><G132/><T133/><D133/><U30/><E135/><V107/><F107/><W111/><G111/><T77/><D102/><N who="1" m="60711" /><E118/><V85/><F134/><W37/><AGARI ba="0,0" hai="0,1,2,36,37,38,41,42" m="45642,2665" machi="37" ten="50,3200,0" yaku="28,2" doraHai="130" who="3" fromWho="3" sc="270,-8,273,-8,237,-16,220,32" /><INIT seed="3,0,0,1,2,41" ten="262,265,221,252" oya="3" hai0="21,57,127,80,25,28,131,26,91,118,99,37,123" hai1="59,5,82,63,96,77,100,30,87,31,130,92,71" hai2="4,116,11,125,48,103,0,111,117,29,84,51,10" hai3="40,7,55,22,94,98,132,12,85,113,128,120,27"/><W14/><G120/><T93/><D118/><U24/><E71/><V101/><F111/><W119/><G113/><T83/><D123/><U17/><E130/><V58/><F125/><W114/><G114/><T35/><D37/><U79/><E5/><V115/><F115/><W134/><G119/><T108/><D108/><U56/><E77/><V133/><F29/><W88/><G128/><T76/><D131/><U50/><E50/><V38/><F38/><W42/><G55/><T49/><D127/><U62/><E17/><V95/><F133/><N who="3" m="51307" /><G98/><T124/><D124/><U43/><E43/><N who="3" m="16426" /><G7/><T122/><D122/><U19/><E19/><AGARI ba="0,0" hai="12,14,19,22,27,85,88,94" m="16426,51307" machi="19" ten="30,2900,0" yaku="20,1,54,1" doraHai="41" who="3" fromWho="1" sc="262,0,265,-29,221,0,252,29" /><INIT seed="3,1,0,1,2,58" ten="262,236,221,281" oya="3" hai0="45,72,130,117,17,112,100,27,128,99,52,15,60" hai1="121,63,122,51,22,56,135,18,133,69,78,47,0" hai2="29,134,74,33,2,34,125,115,131,64,38,132,62" hai3="61,114,7,97,65,21,66,70,6,104,126,20,35"/><W4/><G114/><T90/><D72/><U108/><E0/><V85/><F115/><W82/><G126/><T24/><D90/><U8/><E8/><V50/><F74/><W39/><G39/><T127/><D117/><U11/><E11/><V89/><F38/><W57/><G82/><T86/><D86/><U71/><E108/><V96/><F125/><W76/><G76/><T16/><D127/><U49/><E22/><V9/><F96/><W81/><G81/><T41/><D112/><U119/><E18/><N who="0" m="7273" /><D15/><U116/><E78/><V79/><F50/><N who="1" m="18953" /><E47/><V25/><F79/><W102/><REACH who="3" step="1"/><G35/><REACH who="3" ten="262,236,221,271" step="2"/><T118/><D118/><N who="1" m="45099" /><E122/><V94/><F33/><W42/><G42/><T105/><D41/><U12/><E121/><V68/><REACH who="2" step="1"/><F131/><REACH who="2" ten="262,236,211,271" step="2"/><W87/><G87/><T43/><D130/><U67/><E12/><V55/><F55/><W88/><G88/><T14/><D128/><U5/><E5/><AGARI ba="1,2" hai="2,5,9,25,29,34,62,64,68,85,89,94,132,134" machi="5" ten="40,2600,0" yaku="1,1,52,1,53,0" doraHai="58" doraHaiUra="111" who="2" fromWho="1" sc="262,0,236,-29,211,49,271,0" /><INIT seed="4,0,0,3,2,54" ten="262,207,260,271" oya="0" hai0="33,116,30,62,72,75,106,26,52,14,23,74,81" hai1="60,96,113,20,107,78,76,12,28,80,21,46,77" hai2="18,3,42,121,124,37,112,40,82,125,122,39,95" hai3="65,132,35,134,130,67,126,98,79,123,22,41,83"/><T43/><D116/><U34/><E113/><V55/><F3/><W10/><G35/><T57/><D106/><U53/><E80/><V4/><F4/><W108/><G108/><T27/><D43/><N who="2" m="16426" /><F112/><W16/><G126/><N who="2" m="48745" /><F82/><W1/><G130/><T93/><D14/><U135/><E135/><N who="3" m="51754" /><G41/><T63/><D93/><U8/><E34/><V66/><F66/><W84/><G123/><N who="2" m="47113" /><F18/><W110/><G110/><T17/><REACH who="0" step="1"/><D81/><REACH who="0" ten="252,207,260,271" step="2"/><U129/><E129/><V59/><F95/><W94/><G94/><T11/><D11/><U120/><E120/><V101/><F101/><W102/><G10/><T99/><D99/><U118/><E118/><V127/><N who="2" m="48753" /><V104/><DORA hai="105" /><F104/><N who="3" m="63575" /><G1/><T111/><D111/><U32/><E107/><V91/><F91/><W0/><G0/><T61/><AGARI ba="0,1" hai="17,23,26,27,30,33,52,57,61,62,63,72,74,75" machi="61" ten="40,18000,2" yaku="1,1,0,1,52,4,54,1,53,0" doraHai="54,105" doraHaiUra="5,64" who="0" fromWho="0" sc="252,190,207,-60,260,-60,271,-60" owari="442,54.2,147,-35.3,200,-20.0,211,1.1" /></mjloggm>