<mjloggm ver="2.3"><GO type="225" lobby="0"/><UN n0="%6D%75%75%6D%75%72%61" n1="%E8%A8%88%E7%AE%97%E6%A9%9F%E8%87%AA%E7%84%B6" n2="%E6%A1%9C%E8%8A%B1%E9%96%83%E3%80%85" n3="%E3%81%AF%E3%82%88%E3%81%8A%E3%81%98%E3%81%95%E3%82%93" dan="16,17,18,16" rate="2147.19,2244.84,2245.68,2199.73" sx="F,M,M,M"/><TAIKYOKU oya="0"/><INIT seed="0,0,0,5,0,11" ten="250,250,250,250" oya="0" hai0="27,50,109,75,119,37,113,34,2,24,98,90,96" hai1="114,43,46,76,88,23,52,126,92,70,115,26,61" hai2="31,18,59,30,3,49,97,57,94,38,103,85,17" hai3="122,10,54,91,104,29,72,44,93,8,121,1,120"/><T95/><D113/><N who="1" m="43019" /><E76/><V42/><F3/><W80/><G104/><T127/><D37/><N who="1" m="21871" /><E126/><V19/><F38/><W116/><G116/><T48/><D119/><U117/><E117/><V13/><F85/><W108/><G108/><T82/><D127/><U28/><E70/><V7/><F42/><W112/><G112/><T132/><D132/><U100/><E100/><V67/><F49/><N who="3" m="28967" /><G29/><N who="2" m="10761" /><F67/><W77/><G1/><T106/><D109/><U78/><E78/><V89/><F103/><W135/><G135/><T4/><D34/><U81/><E81/><V68/><F68/><W51/><G51/><T64/><D75/><U12/><E61/><V99/><F99/><AGARI ba="0,0" hai="8,10,72,77,80,91,93,99,120,121,122" m="28967" machi="99" ten="30,1000,0" yaku="13,1" doraHai="11" who="3" fromWho="2" sc="250,0,250,0,250,-10,250,10" /><INIT seed="1,0,0,4,1,127" ten="250,250,240,260" oya="1" hai0="120,78,53,126,94,88,16,37,111,71,92,74,36" hai1="106,101,93,84,73,13,40,114,77,28,75,80,96" hai2="122,50,3,108,90,100,5,121,118,109,105,124,20" hai3="49,107,95,76,57,113,87,38,9,12,83,30,14"/><U131/><E28/><V45/><F118/><W86/><G107/><T25/><D126/><U56/><E40/><N who="2" m="24871" /><F124/><W69/><G69/><T44/><D71/><U8/><E114/><V119/><F119/><W125/><G38/><T65/><D111/><N who="2" m="42570" /><F20/><W2/><G113/><T123/><D65/><U60/><E131/><V51/><F51/><W134/><G134/><T4/><D4/><U32/><E32/><V115/><F90/><N who="3" m="53719" /><G2/><T55/><D94/><U98/><E98/><N who="2" m="61591" /><F115/><W21/><G125/><T58/><D74/><U29/><E29/><V17/><F17/><W24/><G9/><AGARI ba="0,0" hai="3,5,9,121,122" m="61591,42570,24871" machi="9" ten="30,1000,0" yaku="14,1" doraHai="127" who="2" fromWho="3" sc="250,0,250,0,240,10,260,-10" /><INIT seed="2,0,0,4,3,73" ten="250,250,250,250" oya="2" hai0="13,10,99,123,31,24,101,69,2,44,6,120,25" hai1="92,0,29,110,79,74,37,75,85,94,117,87,80" hai2="55,47,128,90,134,132,57,20,27,14,23,131,59" hai3="39,77,83,89,45,32,100,63,113,22,58,34,65"/><V41/><F90/><W76/><G113/><T49/><D69/><U9/><E37/><N who="2" m="21935" /><F14/><W78/><G100/><T12/><D12/><U91/><E29/><V106/><F106/><W56/><G56/><N who="2" m="21577" /><F20/><W86/><REACH who="3" step="1"/><G22/><REACH who="3" ten="250,250,250,240" step="2"/><T54/><D101/><U16/><E117/><V135/><F55/><W38/><G38/><T70/><D54/><U104/><E104/><V7/><F7/><W71/><G71/><T67/><D70/><U11/><E11/><V111/><F111/><W97/><G97/><T129/><D10/><U46/><E110/><V8/><F8/><W5/><G5/><T62/><D6/><U108/><E108/><V95/><F95/><W118/><G118/><T112/><D112/><U130/><E94/><V121/><F121/><W19/><G19/><AGARI ba="0,1" hai="19,23,27,128,131,132,134,135" m="21577,21935" machi="19" ten="40,2000,0" yaku="20,1" doraHai="73" who="2" fromWho="3" sc="250,0,250,0,250,30,240,-20" /><INIT seed="2,1,0,4,2,134" ten="250,250,280,220" oya="2" hai0="45,53,16,29,75,116,59,32,51,119,63,103,56" hai1="26,98,92,34,82,9,67,122,105,88,123,78,74" hai2="19,113,121,23,48,18,3,127,50,33,77,102,11" hai3="68,108,46,55,86,36,39,15,17,128,97,28,41"/><V27/><F113/><W89/><G108/><T5/><D75/><U118/><E67/><V14/><F121/><N who="1" m="46089" /><E9/><V13/><F3/><W10/><G128/><T133/><D133/><U66/><E66/><V20/><F33/><W64/><G28/><T120/><D120/><U90/><E26/><V57/><F77/><W110/><G110/><T31/><D5/><U91/><E34/><V37/><F37/><W69/><G39/><T35/><D103/><N who="1" m="62711" /><E118/><N who="0" m="45097" /><D16/><U52/><E52/><V115/><F115/><W30/><G30/><N who="0" m="11275" /><D59/><U109/><E109/><V72/><F57/><W4/><G4/><T112/><D112/><U61/><E61/><V49/><F27/><W43/><G43/><AGARI ba="1,0" hai="32,35,43,45,51,53,56,63" m="11275,45097" machi="43" ten="30,1000,0" yaku="12,1" doraHai="134" who="0" fromWho="3" sc="250,13,250,0,280,0,220,-13" /><INIT seed="3,0,0,3,2,79" ten="263,250,280,207" oya="3" hai0="53,120,89,125,2,67,0,60,95,19,15,16,135" hai1="1,71,25,14,65,5,45,83,22,35,12,48,50" hai2="42,9,63,100,52,41,11,58,54,64,96,70,92" hai3="133,20,61,97,75,129,132,123,29,87,47,91,34"/><W105/><G123/><T82/><D120/><U74/><E35/><V121/><F121/><W109/><G75/><T93/><D125/><U112/><E112/><V27/><F27/><W130/><G34/><T124/><D124/><U126/><E126/><V77/><F77/><W90/><G47/><T94/><D53/><N who="2" m="20586" /><F70/><W62/><G109/><T101/><D101/><U106/><E48/><V85/><F85/><W8/><G8/><AGARI ba="0,0" hai="8,9,11,41,42,58,63,64,92,96,100" m="20586" machi="8" ten="30,2000,0" yaku="8,1,54,1" doraHai="79" who="2" fromWho="3" sc="263,0,250,0,280,20,207,-20" owari="263,6.3,250,-15.0,300,40.0,187,-31.3" /></mjloggm>