<mjloggm ver="2.3"><GO type="225" lobby="0"/><UN n0="%E3%82%A2%E3%83%9E%E3%83%9D%EF%BD%9E%EF%BD%9E%E3%83%A9" n1="%66%67%67%68%68%64%66" n2="%67%61%79%75%6E%79" n3="%E3%82%82%E3%81%90%E3%82%89" dan="17,16,16,17" rate="2193.62,2073.37,2143.75,2207.88" sx="M,M,M,M"/><TAIKYOKU oya="0"/><INIT seed="0,0,0,4,1,66" ten="250,250,250,250" oya="0" hai0="20,134,104,62,122,11,61,60,67,50,121,21,5" hai1="80,79,49,37,69,43,68,77,118,1,3,8,87" hai2="135,113,114,6,130,81,51,70,103,13,17,129,12" hai3="9,89,86,84,57,85,2,115,65,40,71,98,93"/><T133/><D104/><U4/><E118/><V110/><F103/><W99/><G115/><T90/><D90/><U127/><E37/><V22/><F81/><W91/><G40/><T26/><D50/><U31/><E127/><V32/><F51/><W46/><G46/><T96/><D96/><U92/><E1/><V54/><F54/><W95/><G57/><T124/><D67/><U52/><E43/><V107/><F107/><W56/><G56/><T44/><D44/><U23/><E79/><V105/><F105/><W10/><G2/><T0/><D124/><U47/><REACH who="1" step="1"/><E92/><REACH who="1" ten="250,240,250,250" step="2"/><V97/><F114/><W28/><G28/><T75/><D122/><U18/><E18/><V58/><F17/><W64/><REACH who="3" step="1"/><G86/><REACH who="3" ten="250,240,250,240" step="2"/><T126/><D126/><U16/><E16/><V19/><F113/><W102/><G102/><T41/><D41/><U119/><E119/><V128/><F19/><W33/><G33/><T30/><D121/><U48/><E48/><V55/><F32/><W29/><G29/><T59/><D0/><U88/><E88/><V63/><F130/><W76/><G76/><T82/><D30/><U94/><E94/><V34/><F129/><W109/><G109/><T111/><D111/><U36/><E36/><V112/><F110/><W120/><G120/><T15/><D21/><U14/><E14/><V108/><F13/><W38/><G38/><T117/><D117/><U35/><E35/><V132/><F12/><W116/><G116/><T123/><D123/><U42/><E42/><V125/><F128/><W83/><G83/><T7/><D82/><U78/><E78/><RYUUKYOKU ba="0,2" sc="250,-15,240,15,250,-15,240,15" hai1="3,4,8,23,31,47,49,52,68,69,77,80,87" hai3="9,10,64,65,71,84,85,89,91,93,95,98,99" /><INIT seed="1,1,2,0,4,86" ten="235,255,235,255" oya="1" hai0="112,34,114,94,23,22,79,66,122,40,70,16,91" hai1="14,18,5,52,119,71,68,46,65,58,115,44,90" hai2="73,0,72,82,4,31,135,1,74,9,97,129,126" hai3="19,87,106,38,77,6,43,101,75,85,110,109,116"/><U11/><E115/><V98/><F135/><W131/><G131/><T134/><D34/><U108/><E119/><V15/><F129/><W107/><G116/><T132/><D122/><U12/><E108/><N who="3" m="41578" /><G6/><T80/><D40/><U7/><E65/><V127/><F31/><W42/><G19/><T17/><D70/><U39/><E39/><V64/><F64/><W124/><G124/><N who="2" m="47657" /><F82/><N who="3" m="45375" /><G101/><T118/><D66/><U2/><E2/><AGARI ba="1,2" hai="0,1,2,4,9,15,72,73,74,97,98" m="47657" machi="2" ten="40,1300,0" yaku="18,1" doraHai="86" who="2" fromWho="1" sc="235,0,255,-16,235,36,255,0" /><INIT seed="2,0,0,4,2,50" ten="235,239,271,255" oya="2" hai0="48,104,107,71,1,12,15,105,82,55,117,16,62" hai1="31,103,58,95,53,114,33,17,38,37,40,122,124" hai2="134,61,4,129,116,57,35,41,80,52,54,32,96" hai3="19,87,99,119,73,79,69,46,2,51,131,44,68"/><V21/><F116/><W84/><G119/><T88/><D1/><U65/><E114/><V49/><F134/><W92/><G131/><T83/><D117/><U115/><E115/><V109/><F129/><W76/><G2/><T28/><D28/><U112/><E112/><V7/><F109/><W133/><G133/><T60/><D71/><U101/><E124/><V75/><F41/><W89/><G19/><T36/><D36/><U29/><E65/><V110/><F110/><W74/><G99/><T59/><D12/><U5/><E5/><V18/><F96/><W81/><G92/><T23/><REACH who="0" step="1"/><D88/><REACH who="0" ten="225,239,271,255" step="2"/><U26/><E29/><V130/><F130/><W72/><G89/><T94/><D94/><U20/><E95/><V8/><F35/><W120/><G69/><T13/><D13/><U77/><E37/><V34/><F32/><W98/><G68/><T100/><D100/><U43/><E38/><V39/><F39/><W42/><G98/><T132/><D132/><U123/><E101/><V113/><F34/><W0/><G0/><T125/><D125/><U30/><E103/><V121/><F113/><W91/><G91/><T126/><D126/><U45/><E31/><V85/><F8/><W11/><G11/><T14/><D14/><N who="1" m="9271" /><E77/><N who="2" m="46223" /><F121/><N who="1" m="46089" /><E45/><N who="2" m="27695" /><F75/><W102/><G120/><T135/><D135/><U128/><E128/><V97/><F97/><W64/><G102/><T10/><D10/><U90/><E90/><V56/><F56/><W67/><G44/><T127/><D127/><U27/><E27/><AGARI ba="0,1" hai="4,7,18,21,27,54,57,61" m="27695,46223" machi="27" ten="30,11600,0" yaku="8,1,52,2,54,1" doraHai="50" who="2" fromWho="1" sc="225,0,239,-116,271,126,255,0" /><INIT seed="2,1,0,2,5,75" ten="225,123,397,255" oya="2" hai0="8,40,84,115,81,53,10,6,7,43,17,120,128" hai1="134,125,133,9,1,3,110,32,79,26,54,135,57" hai2="44,123,117,33,29,34,100,46,11,103,82,62,38" hai3="89,96,61,37,105,114,4,64,104,35,21,56,23"/><V0/><F117/><W12/><G35/><T55/><D128/><U121/><E110/><V31/><F62/><W20/><G37/><T102/><D102/><U51/><E125/><V129/><F38/><W101/><G114/><T74/><D74/><U119/><E119/><V87/><F0/><W68/><G89/><T97/><D97/><U71/><E71/><V107/><F11/><N who="0" m="4138" /><D17/><U95/><E121/><V93/><F107/><W39/><G39/><T124/><D124/><U48/><E48/><V70/><F70/><W72/><G72/><T86/><D86/><U90/><E9/><V18/><F18/><W113/><G113/><T49/><D55/><U5/><E5/><V78/><F34/><W69/><G4/><T108/><D108/><U25/><E79/><V111/><F33/><W47/><G105/><T30/><D30/><U83/><E83/><V131/><F111/><W130/><G130/><T106/><D106/><U126/><E126/><V127/><F127/><W13/><G69/><T45/><D120/><U99/><REACH who="1" step="1"/><E32/><REACH who="1" ten="225,113,397,255" step="2"/><V27/><F129/><W92/><G68/><T42/><D115/><U94/><E94/><V122/><F93/><W80/><G104/><T109/><D109/><U16/><E16/><V85/><F131/><W14/><G80/><T59/><D6/><U22/><E22/><V65/><F82/><W67/><G23/><T52/><D7/><U28/><E28/><V19/><F123/><W50/><G21/><T112/><D112/><U63/><E63/><V88/><F122/><W58/><G20/><T76/><D40/><U24/><AGARI ba="1,1" hai="1,3,24,25,26,51,54,57,90,95,99,133,134,135" machi="24" ten="40,8000,1" yaku="1,1,5,1,0,1,20,1,53,0" doraHai="75" doraHaiUra="132" who="1" fromWho="1" sc="225,-21,113,93,397,-41,255,-21" /><INIT seed="3,0,0,0,0,11" ten="204,206,356,234" oya="3" hai0="10,88,1,74,56,129,34,75,110,102,66,47,86" hai1="23,0,62,31,20,125,83,94,26,107,61,77,15" hai2="87,52,51,40,106,50,116,91,132,17,112,90,119" hai3="126,123,25,100,22,131,105,42,32,76,108,57,55"/><W5/><G123/><T79/><D34/><U37/><E0/><V59/><F106/><W115/><G115/><T24/><D110/><U70/><E107/><V2/><F112/><W16/><G108/><T53/><D129/><U3/><E3/><V133/><F2/><W82/><G131/><T9/><D102/><U6/><E37/><V7/><F7/><W96/><G126/><T98/><D1/><U63/><E125/><V104/><F104/><W21/><G5/><T67/><D75/><U43/><E43/><V8/><F8/><N who="0" m="3178" /><D74/><U36/><E36/><V65/><F65/><N who="0" m="24586" /><D24/><U113/><E113/><V73/><F17/><W72/><G42/><T114/><D114/><U122/><E122/><V46/><F73/><W38/><G38/><T95/><D47/><U54/><E70/><V127/><F127/><W80/><G80/><N who="0" m="47391" /><D53/><U93/><E54/><V58/><F58/><AGARI ba="0,0" hai="56,58,88,95,98" m="47391,24586,3178" machi="58" ten="30,2000,0" yaku="8,1,54,1" doraHai="11" who="0" fromWho="2" sc="204,20,206,0,356,-20,234,0" owari="224,-17.6,206,-29.4,336,43.6,234,3.4" /></mjloggm>