<mjloggm ver="2.3"><GO type="225" lobby="0"/><UN n0="%E3%81%8D%E3%82%83%E3%83%BC%E3%82%8D%E3%82%93" n1="%61%6D%65%6B%69" n2="%E3%81%9F%E3%81%8B%E3%80%82" n3="%E3%81%BF%E3%81%BF%E3%81%9A" dan="16,16,16,18" rate="2091.32,2067.34,2086.70,2245.37" sx="M,M,M,M"/><TAIKYOKU oya="0"/><INIT seed="0,0,0,5,0,24" ten="250,250,250,250" oya="0" hai0="5,43,125,59,57,62,4,26,92,70,87,100,23" hai1="1,60,30,17,66,118,134,18,22,16,10,115,55" hai2="112,50,135,64,81,73,85,95,11,98,113,96,58" hai3="120,68,122,132,14,126,86,130,56,74,124,36,41"/><T12/><D125/><N who="3" m="48233" /><G74/><T114/><D114/><U77/><E118/><V76/><F135/><W13/><G68/><T7/><D43/><U75/><E134/><V38/><F38/><W105/><G132/><T78/><D70/><U21/><E115/><V94/><F11/><W83/><G105/><T80/><D62/><U93/><E75/><V65/><F50/><W47/><G130/><T101/><D12/><N who="3" m="4713" /><G56/><N who="0" m="21579" /><D92/><U110/><E93/><V82/><F58/><W90/><AGARI ba="0,0" hai="36,41,47,83,86,90,120,122" m="4713,48233" machi="90" ten="30,1100,0" yaku="18,1" doraHai="24" who="3" fromWho="3" sc="250,-5,250,-3,250,-3,250,11" /><INIT seed="1,0,0,2,2,37" ten="245,247,247,261" oya="1" hai0="115,41,48,90,56,72,67,42,53,100,133,11,7" hai1="110,35,102,73,61,84,134,45,75,34,101,105,126" hai2="123,0,14,92,104,135,58,99,121,98,69,86,96" hai3="38,36,88,131,109,22,74,23,132,119,91,70,80"/><U30/><E126/><V55/><F69/><W29/><G70/><T79/><D115/><U82/><E134/><V85/><F0/><W27/><G132/><T95/><D100/><U49/><E110/><V13/><F135/><W87/><G109/><T127/><D127/><U19/><E19/><V28/><F28/><W9/><G131/><T51/><D67/><U62/><E30/><V46/><F46/><W31/><G74/><T21/><D133/><U15/><E15/><V97/><F104/><W63/><G119/><T10/><D21/><U89/><E102/><V128/><F128/><W118/><G118/><T1/><D11/><U6/><E6/><V83/><N who="2" m="24576" /><DORA hai="64" /><V93/><F83/><W106/><G63/><T130/><D130/><U24/><E105/><V57/><F55/><W44/><G106/><T94/><D94/><N who="2" m="36458" /><F14/><W117/><G117/><T125/><D125/><U3/><E3/><V17/><F17/><W113/><G113/><T4/><D4/><U39/><E39/><V108/><F13/><W107/><G107/><T60/><D79/><U122/><E122/><N who="2" m="46603" /><F108/><W12/><G44/><T47/><D72/><U81/><E101/><V103/><F103/><W54/><G54/><T124/><D124/><U112/><E75/><V111/><F111/><W2/><G2/><T16/><D16/><U59/><E112/><V32/><F32/><W77/><G38/><T43/><D60/><N who="1" m="23147" /><E45/><V40/><F40/><W18/><G36/><T68/><D68/><U20/><E81/><V25/><F25/><AGARI ba="0,0" hai="9,12,18,22,23,25,27,29,31,77,80,87,88,91" machi="25" ten="40,5200,0" yaku="9,1,8,1,54,1" doraHai="37,64" who="3" fromWho="2" sc="245,0,247,0,247,-52,261,52" /><INIT seed="2,0,0,2,0,64" ten="245,247,195,313" oya="2" hai0="84,0,99,70,69,135,24,48,2,45,116,19,9" hai1="36,5,35,62,34,98,3,32,77,92,107,128,21" hai2="86,59,97,100,94,28,124,58,106,132,76,80,52" hai3="15,114,1,125,18,25,14,108,4,17,83,118,96"/><V121/><F121/><W68/><G68/><T13/><D135/><U113/><E113/><V95/><F132/><W23/><G96/><T71/><D116/><U102/><E36/><V115/><F115/><W88/><G114/><T103/><D24/><U81/><E128/><V133/><F133/><W51/><G118/><T39/><D84/><U112/><E112/><V66/><F124/><W46/><G1/><T44/><D39/><U90/><E21/><V74/><F28/><W56/><G125/><T87/><D87/><U22/><E22/><V49/><REACH who="2" step="1"/><F86/><REACH who="2" ten="245,247,185,313" step="2"/><N who="3" m="50271" /><G108/><T134/><D134/><U53/><E35/><V131/><F131/><W129/><G129/><T20/><D20/><U104/><E34/><V101/><F101/><W117/><G117/><T65/><D65/><U93/><E32/><V63/><AGARI ba="0,1" hai="49,52,58,59,63,66,74,76,80,94,95,97,100,106" machi="63" ten="30,6000,0" yaku="1,1,0,1,54,1,53,0" doraHai="64" doraHaiUra="126" who="2" fromWho="2" sc="245,-20,247,-20,185,70,313,-20" /><INIT seed="2,1,0,1,5,15" ten="225,227,255,293" oya="2" hai0="55,22,105,64,127,79,30,28,98,63,88,61,118" hai1="95,58,124,72,76,42,77,86,101,70,2,131,80" hai2="8,4,83,19,84,25,113,38,68,112,115,27,40" hai3="111,117,100,81,41,126,29,128,53,3,132,9,97"/><V75/><F68/><W90/><G117/><T114/><D114/><U10/><E70/><V109/><F109/><W16/><G111/><T123/><D123/><U99/><E131/><V11/><F75/><W121/><G121/><T31/><D118/><U52/><E124/><V43/><F38/><W50/><G126/><T65/><D127/><U110/><E42/><V82/><F84/><N who="3" m="50447" /><G3/><T120/><D79/><U74/><E77/><V94/><F94/><N who="3" m="58423" /><G128/><T119/><D119/><U71/><E71/><V7/><REACH who="2" step="1"/><F115/><REACH who="2" ten="225,227,245,293" step="2"/><W17/><G132/><T56/><D120/><U37/><E37/><V5/><F5/><W20/><G41/><T33/><D105/><U0/><E110/><V48/><F48/><W129/><G129/><T103/><D63/><U67/><E74/><V14/><F14/><W34/><G34/><T92/><D33/><U18/><E72/><V89/><F89/><W102/><G102/><T62/><D62/><U93/><E93/><V12/><F12/><W125/><G125/><T35/><D35/><U24/><E2/><V116/><F116/><W78/><G78/><T32/><D32/><U91/><E0/><V23/><F23/><W108/><G108/><T39/><D39/><U47/><E91/><V6/><F6/><W1/><G1/><T69/><D69/><U87/><E87/><V26/><F26/><N who="3" m="16583" /><G9/><T106/><REACH who="0" step="1"/><D22/><REACH who="0" ten="215,227,245,293" step="2"/><N who="1" m="13399" /><E76/><V36/><F36/><W13/><G13/><T44/><D44/><AGARI ba="1,2" hai="16,17,44,50,53" m="16583,58423,50447" machi="44" ten="30,7700,0" yaku="8,1,52,2,54,1" doraHai="15" who="3" fromWho="0" sc="215,-80,227,0,245,0,293,100" /><INIT seed="3,0,0,1,0,135" ten="135,227,245,393" oya="3" hai0="103,60,105,101,86,84,36,5,113,17,40,115,68" hai1="96,83,110,15,97,64,133,70,14,114,28,79,90" hai2="22,63,87,116,74,0,59,39,117,108,4,49,52" hai3="71,132,11,98,23,27,107,80,111,78,124,122,128"/><W57/><G71/><T129/><D36/><U102/><E114/><N who="0" m="43529" /><D40/><U35/><E110/><V9/><F39/><W46/><G132/><T29/><D29/><U3/><E3/><V58/><F74/><W31/><G128/><T91/><D5/><U77/><E133/><V67/><F108/><W134/><G122/><T16/><D60/><N who="1" m="40199" /><E90/><V73/><F73/><W106/><G98/><T43/><D68/><U65/><E96/><V33/><F33/><W112/><G80/><T54/><D43/><U76/><E83/><V61/><F49/><W45/><G78/><T72/><D72/><U130/><E65/><V25/><F87/><N who="0" m="33322" /><D91/><U42/><E42/><V37/><F37/><W53/><G134/><T8/><D8/><U21/><E21/><V44/><F44/><W95/><G23/><T121/><D129/><U62/><E62/><V123/><F123/><W104/><G11/><T24/><D24/><N who="1" m="18823" /><E130/><V100/><F100/><N who="0" m="38474" /><D121/><U1/><E1/><V75/><F75/><W89/><G27/><T131/><D131/><U85/><E85/><V94/><F9/><W92/><G89/><T82/><D82/><U127/><E15/><V81/><F4/><W109/><G112/><T118/><D54/><U13/><E14/><V7/><F52/><W30/><G53/><T93/><D93/><U50/><E13/><V6/><F94/><W51/><G95/><T120/><D120/><U48/><E102/><V32/><F7/><W47/><G92/><T10/><D10/><U34/><E79/><V88/><F6/><W125/><G111/><T19/><D105/><U69/><E77/><RYUUKYOKU ba="0,0" sc="135,30,227,-10,245,-10,393,-10" hai0="16,17,19,118" owari="165,-33.5,217,-18.3,235,3.5,383,48.3" /></mjloggm>