<mjloggm ver="2.3"><GO type="225" lobby="0"/><UN n0="%74%61%6B%65%2D%79%6F%75" n1="%E3%81%82%E3%81%99%E3%81%AB%E3%82%83%E3%82%80" n2="%E7%B4%94%E6%BD%94%E3%83%94%E3%83%A9%E3%83%8B%E3%82%A2" n3="%6D%75%75%6D%75%72%61" dan="17,16,17,16" rate="2129.52,2068.15,2217.83,2219.60" sx="M,F,M,F"/><TAIKYOKU oya="0"/><INIT seed="0,0,0,4,3,56" ten="250,250,250,250" oya="0" hai0="122,43,106,24,114,95,68,4,47,3,52,86,119" hai1="108,19,15,11,110,107,85,38,112,31,32,51,125" hai2="105,2,57,70,111,131,22,80,46,134,91,44,30" hai3="29,58,130,123,120,71,82,76,48,127,61,98,83"/><T66/><D114/><U132/><E38/><V99/><F57/><W36/><G127/><T101/><D119/><U55/><E125/><V89/><F99/><W39/><G130/><T41/><D122/><N who="3" m="46633" /><G71/><T124/><D124/><U104/><E132/><V117/><F80/><N who="3" m="30763" /><G76/><T16/><D106/><U13/><E112/><V12/><F105/><W10/><G29/><T84/><D3/><U63/><E85/><N who="0" m="32873" /><D68/><U129/><E129/><V97/><F2/><W90/><G48/><N who="0" m="28703" /><D4/><U26/><E104/><V103/><F70/><W74/><G74/><T102/><D66/><U75/><E75/><V113/><F117/><W62/><G10/><T42/><D95/><U93/><E93/><V28/><F131/><W88/><G58/><T8/><D8/><U0/><E107/><V72/><F72/><W45/><G98/><T18/><D24/><U69/><E0/><V27/><F27/><W92/><G92/><T116/><D116/><U65/><REACH who="1" step="1"/><E15/><REACH who="1" ten="250,240,250,250" step="2"/><V54/><F12/><W5/><G36/><T135/><D135/><U60/><E60/><N who="3" m="23146" /><G5/><T7/><D7/><U34/><E34/><V21/><F134/><W77/><G77/><T96/><D96/><U115/><E115/><V118/><F97/><W81/><G81/><T25/><D25/><U23/><E23/><V33/><F21/><W9/><G9/><T49/><D49/><U128/><E128/><V20/><F22/><W94/><G94/><T37/><D37/><U126/><E126/><V100/><F113/><W14/><G14/><T121/><D121/><U35/><E35/><V40/><F118/><W1/><G1/><RYUUKYOKU ba="0,1" sc="250,10,240,10,250,-30,250,10" hai0="16,18,41,42,43,101,102" hai1="11,13,19,26,31,32,51,55,63,65,69,108,110" hai3="39,45,88,90" /><INIT seed="0,1,1,3,3,122" ten="260,250,220,260" oya="0" hai0="76,16,66,108,109,56,41,120,93,7,119,132,127" hai1="44,52,53,29,31,47,57,85,112,27,125,111,37" hai2="2,129,82,94,72,130,26,4,80,15,99,92,134" hai3="14,131,118,49,107,12,103,21,22,35,101,54,135"/><T116/><D120/><U20/><E125/><V5/><F2/><W28/><G118/><T45/><D127/><U42/><E111/><N who="0" m="42569" /><D132/><U97/><E112/><V39/><F39/><W34/><G135/><T73/><D7/><U0/><E0/><V62/><F15/><W61/><G131/><T50/><D93/><U121/><E121/><V46/><F92/><W133/><G133/><T110/><D110/><U60/><E97/><V90/><F99/><W74/><G61/><N who="0" m="38183" /><D16/><U77/><E31/><V89/><F94/><W79/><G28/><T17/><D17/><U70/><E70/><V51/><F134/><W6/><G6/><T106/><D106/><U114/><E114/><V71/><F71/><W18/><G18/><T25/><D25/><U88/><E29/><V128/><F26/><W68/><G107/><T24/><D24/><U64/><E27/><V9/><F5/><W58/><G68/><T78/><D73/><U113/><E113/><V123/><F4/><W91/><G74/><T124/><D124/><U65/><E20/><V13/><F72/><W33/><G21/><T38/><D38/><U67/><E37/><V3/><F3/><W48/><G22/><T8/><D8/><U81/><E67/><V1/><F1/><W87/><G33/><T105/><D105/><U95/><E65/><V19/><F123/><W63/><G34/><T40/><D41/><U69/><E42/><V84/><F130/><W104/><G104/><T30/><D30/><U36/><E36/><V98/><F129/><W43/><G43/><T75/><D75/><U32/><E32/><RYUUKYOKU ba="1,1" sc="260,30,250,-10,220,-10,260,-10" hai0="40,45,50,76,78,116,119" /><INIT seed="0,2,1,0,0,119" ten="290,240,210,250" oya="0" hai0="102,32,31,77,39,104,120,103,70,12,66,20,88" hai1="33,1,130,76,71,90,35,72,55,101,22,121,51" hai2="69,99,8,27,48,111,116,117,2,26,5,10,49" hai3="100,37,3,78,57,128,115,15,79,127,11,38,93"/><T34/><D39/><U25/><E1/><V23/><F69/><W62/><G115/><T107/><D77/><U30/><E71/><V126/><F111/><W64/><G127/><T56/><D70/><U36/><E36/><V75/><F75/><W131/><G3/><T40/><D40/><U58/><E130/><N who="3" m="49706" /><G37/><T65/><D120/><U92/><E101/><V118/><F126/><W41/><G100/><T50/><D104/><U129/><E129/><V28/><F10/><W63/><G93/><T6/><D34/><U110/><E110/><V7/><F7/><N who="3" m="3583" /><G63/><T68/><D103/><U105/><E105/><V73/><F99/><W16/><G16/><T135/><D102/><U54/><E121/><V122/><F122/><W98/><G98/><T86/><D6/><U81/><REACH who="1" step="1"/><E55/><REACH who="1" ten="290,230,210,250" step="2"/><V61/><F118/><W42/><G38/><T67/><D107/><U89/><E89/><V0/><F0/><W94/><G94/><T46/><D88/><U112/><E112/><V4/><F2/><W18/><G41/><T134/><D68/><U47/><E47/><V82/><F117/><W132/><G42/><T108/><D46/><U125/><E125/><V43/><F43/><W97/><G79/><T106/><D108/><U133/><E133/><V52/><F52/><W91/><G132/><T84/><D106/><U29/><E29/><V59/><F28/><W83/><G78/><T74/><D31/><U113/><E113/><V17/><F116/><W87/><G97/><AGARI ba="2,2" hai="22,25,30,33,35,51,54,58,72,76,81,90,92,97" machi="97" ten="30,2000,0" yaku="1,1,7,1,53,0" doraHai="119" doraHaiUra="124" who="1" fromWho="3" sc="290,0,230,46,210,0,250,-26" /><INIT seed="1,0,0,3,1,83" ten="290,276,210,224" oya="1" hai0="52,37,112,120,4,78,3,8,6,60,126,34,110" hai1="108,62,124,107,9,59,103,56,24,73,51,113,2" hai2="68,93,119,92,106,117,36,41,118,25,57,64,33" hai3="84,81,48,82,74,105,11,128,20,13,5,65,1"/><U32/><E113/><V10/><F68/><W79/><G128/><T133/><D112/><U100/><E73/><V66/><F106/><W69/><G105/><T55/><D110/><U90/><E108/><V94/><F57/><W109/><G109/><T95/><D133/><U102/><E107/><V85/><F10/><W134/><G134/><T28/><D126/><U7/><E124/><V116/><N who="2" m="29696" /><DORA hai="42" /><V131/><F131/><W27/><G1/><T87/><D120/><U111/><E111/><V31/><REACH who="2" step="1"/><F85/><REACH who="2" ten="290,276,200,224" step="2"/><W12/><G69/><T23/><D87/><U80/><E59/><V71/><F71/><W125/><G125/><T115/><D8/><U17/><E56/><V77/><F77/><W99/><G65/><T53/><D78/><U29/><E62/><V101/><F101/><W61/><G61/><T0/><D60/><U16/><E100/><V39/><F39/><W21/><G11/><T46/><D37/><U63/><E102/><V47/><AGARI ba="0,1" hai="25,31,33,36,41,47,64,66,92,93,94" m="29696" machi="47" ten="60,7900,0" yaku="1,1,0,1,52,1,53,0" doraHai="83,42" doraHaiUra="86,58" who="2" fromWho="2" sc="290,-20,276,-39,200,89,224,-20" /><INIT seed="2,0,0,4,5,42" ten="270,237,289,204" oya="2" hai0="103,125,68,32,127,76,65,111,106,117,33,71,25" hai1="24,28,75,109,92,49,85,81,45,56,37,16,134" hai2="41,5,17,38,107,27,10,4,126,123,130,128,100" hai3="95,36,91,67,112,105,34,23,18,26,120,62,89"/><V82/><F123/><W108/><G120/><T88/><D111/><U96/><E109/><V11/><F107/><W55/><G108/><T66/><D117/><U72/><E37/><V97/><F97/><W83/><G105/><T63/><D76/><U101/><E56/><V78/><F100/><W124/><G124/><N who="0" m="47691" /><D88/><N who="1" m="51247" /><E75/><V14/><F126/><W94/><G112/><T54/><D54/><N who="1" m="29999" /><E72/><V58/><F58/><W35/><G83/><T74/><D74/><U73/><E73/><V60/><F60/><W133/><G36/><T114/><D114/><U116/><E134/><V69/><F69/><W9/><G133/><T59/><D32/><U64/><E116/><V135/><F82/><W50/><G35/><T86/><D33/><U21/><E64/><V43/><F78/><W15/><G34/><T29/><D66/><U110/><E110/><V46/><F43/><W20/><G67/><T118/><D65/><U2/><E2/><V121/><F121/><W70/><G70/><T0/><D0/><U19/><AGARI ba="0,0" hai="16,19,21,24,28,92,96,101" m="29999,51247" machi="19" ten="30,7900,0" yaku="8,1,52,1,54,2" doraHai="42" who="1" fromWho="1" sc="270,-20,237,79,289,-39,204,-20" /><INIT seed="3,0,0,0,5,68" ten="250,316,250,184" oya="3" hai0="50,101,22,39,17,129,16,58,34,70,120,133,6" hai1="106,74,83,116,87,3,95,97,111,132,103,66,105" hai2="76,135,12,73,52,44,49,53,125,2,94,130,51" hai3="5,46,38,90,28,71,26,11,98,114,84,93,92"/><W131/><G131/><T112/><D120/><U43/><E43/><V86/><F130/><W23/><G71/><T30/><D129/><U55/><E66/><V88/><F2/><W107/><G107/><T31/><D133/><U40/><E40/><V29/><F135/><W4/><G114/><T89/><D112/><U75/><E111/><V127/><F29/><W100/><REACH who="3" step="1"/><G11/><REACH who="3" ten="250,316,250,174" step="2"/><T20/><D70/><U42/><E105/><V115/><F115/><W123/><G123/><T1/><D34/><U41/><E106/><V79/><F73/><W69/><G69/><T32/><D32/><U0/><E74/><V65/><F125/><W25/><G25/><T122/><D122/><U67/><E75/><V33/><F127/><W7/><G7/><T10/><D6/><U124/><E124/><V134/><F134/><W21/><G21/><T80/><D22/><U96/><E132/><V47/><F33/><W8/><G8/><T37/><D20/><U118/><E116/><V18/><F65/><W45/><G45/><T119/><D10/><AGARI ba="0,1" hai="10,12,18,44,47,49,51,52,53,76,79,86,88,94" machi="10" ten="30,8000,1" yaku="7,1,9,1,8,1,54,2" doraHai="68" who="2" fromWho="0" sc="250,-80,316,0,250,90,174,0" owari="170,-33.0,316,11.6,340,44.0,174,-22.6" /></mjloggm>