<mjloggm ver="2.3"><GO type="225" lobby="0"/><UN n0="%72%61%6B%33" n1="%E3%81%AF%E3%82%88%E3%81%8A%E3%81%98%E3%81%95%E3%82%93" n2="%E3%82%B7%E3%83%B3%E5%A4%AA%E6%9C%97" n3="%72%69%6F%75%63%68%61%6E" dan="16,16,16,17" rate="2154.14,2169.43,2124.44,2251.11" sx="M,M,M,M"/><TAIKYOKU oya="0"/><INIT seed="0,0,0,2,3,96" ten="250,250,250,250" oya="0" hai0="99,76,49,44,81,72,41,25,5,3,48,63,45" hai1="27,69,6,95,116,103,7,80,10,117,56,34,112" hai2="124,121,18,102,126,1,129,106,0,92,122,65,84" hai3="90,58,77,29,23,93,74,12,30,127,132,36,35"/><T4/><D3/><U114/><E69/><V87/><F65/><W64/><G127/><N who="2" m="48681" /><F18/><W118/><G132/><T71/><D25/><U60/><E80/><V39/><F39/><W55/><G118/><T54/><REACH who="0" step="1"/><D99/><REACH who="0" ten="240,250,250,250" step="2"/><N who="1" m="59903" /><E27/><V40/><F122/><W100/><G29/><T115/><D115/><N who="1" m="44075" /><E34/><V21/><F1/><W130/><G35/><T131/><D131/><U13/><E6/><V38/><F0/><W66/><G30/><T128/><D128/><U91/><E91/><V32/><F121/><W88/><G90/><T37/><D37/><U19/><E7/><V85/><F129/><W105/><G36/><T17/><D17/><U75/><E75/><V50/><F38/><W111/><G130/><T119/><D119/><U108/><E108/><V82/><F82/><W31/><G111/><T109/><D109/><U51/><E116/><V125/><F125/><W14/><G31/><T120/><D120/><U43/><E117/><V26/><F26/><W107/><G74/><T59/><D59/><U67/><E19/><V135/><F84/><W9/><G58/><T2/><D2/><U8/><E13/><V73/><F85/><W70/><G14/><T134/><D134/><U57/><E57/><V47/><F87/><W123/><G12/><T104/><D104/><U68/><E56/><V79/><F106/><W97/><G107/><T42/><D42/><U28/><E28/><V110/><F135/><W78/><G105/><T133/><D133/><U53/><E43/><V113/><F110/><W62/><G123/><T98/><D98/><U46/><AGARI ba="0,1" hai="8,10,46,51,53,60,67,68" m="44075,59903" machi="46" ten="30,2000,0" yaku="11,1,52,1" doraHai="96" who="1" fromWho="1" sc="240,-10,250,30,250,-5,250,-5" /><INIT seed="1,0,0,2,3,69" ten="230,280,245,245" oya="1" hai0="94,56,43,103,81,12,50,65,39,83,1,121,22" hai1="51,28,17,88,34,125,108,45,25,10,23,54,13" hai2="38,79,63,66,101,87,117,126,42,21,98,84,129" hai3="89,75,131,110,109,107,72,14,46,16,124,99,118"/><U15/><E125/><V122/><F126/><W58/><G131/><T30/><D1/><U7/><E108/><N who="3" m="41578" /><G124/><T11/><D121/><U116/><E116/><V132/><F129/><W19/><G118/><T102/><D39/><U91/><AGARI ba="0,0" hai="7,10,13,15,17,23,25,28,34,45,51,54,88,91" machi="91" ten="30,3000,0" yaku="0,1,54,1" doraHai="69" who="1" fromWho="1" sc="230,-10,280,30,245,-10,245,-10" /><INIT seed="1,1,0,2,0,134" ten="220,310,235,235" oya="1" hai0="104,132,17,42,60,47,91,66,16,77,2,128,44" hai1="103,68,23,65,80,54,0,50,48,34,5,35,110" hai2="52,129,92,71,26,1,114,58,119,97,90,18,118" hai3="37,74,112,8,101,117,59,36,6,98,83,46,75"/><U111/><E103/><V72/><F71/><W9/><G112/><T95/><D132/><U122/><E122/><V11/><F114/><W135/><G135/><T76/><D104/><U88/><E23/><V133/><F133/><W53/><G117/><T29/><D128/><U39/><E39/><V107/><F72/><W73/><G83/><T64/><D2/><U27/><E65/><V93/><F107/><W116/><G116/><T15/><D29/><U105/><E68/><V4/><F129/><W57/><G9/><T115/><D115/><U130/><E105/><V61/><F93/><W120/><G120/><T40/><D95/><U25/><E5/><V14/><REACH who="2" step="1"/><F26/><REACH who="2" ten="220,310,225,235" step="2"/><W45/><G75/><T32/><D32/><U124/><E130/><V43/><F43/><W108/><G74/><T87/><D40/><U55/><E27/><V79/><F79/><W62/><G73/><T13/><D42/><U49/><E25/><V10/><AGARI ba="1,1" hai="1,4,10,11,14,18,52,58,61,90,92,97,118,119" machi="10" ten="20,8000,1" yaku="1,1,0,1,7,1,54,1,53,1" doraHai="134" doraHaiUra="89" who="2" fromWho="2" sc="220,-21,310,-41,225,93,235,-21" /><INIT seed="2,0,0,0,5,120" ten="199,269,318,214" oya="2" hai0="125,3,42,127,53,81,44,1,39,43,16,95,15" hai1="20,60,64,56,11,69,84,86,85,97,122,87,92" hai2="68,89,62,103,128,55,132,36,8,28,45,29,13" hai3="123,47,41,52,135,116,46,70,102,54,118,130,21"/><V94/><F132/><W32/><G32/><T4/><D4/><U30/><E122/><V18/><F103/><W19/><G123/><T88/><D81/><U110/><E110/><V51/><F128/><W129/><G70/><T40/><D1/><U105/><E105/><V79/><F79/><W98/><G135/><T106/><D3/><U58/><E11/><V57/><F36/><W124/><G124/><N who="0" m="47691" /><D53/><N who="3" m="20585" /><G21/><N who="0" m="11423" /><D106/><U99/><E99/><AGARI ba="0,0" hai="39,40,42,43,44,88,95,99" m="11423,47691" machi="99" ten="30,3900,0" yaku="18,1,54,2" doraHai="120" who="0" fromWho="1" sc="199,39,269,-39,318,0,214,0" /><INIT seed="3,0,0,4,2,128" ten="238,230,318,214" oya="3" hai0="85,120,6,32,82,100,131,31,12,125,53,96,16" hai1="40,34,108,105,9,44,52,62,4,92,97,59,23" hai2="109,83,124,10,107,111,89,132,21,50,63,102,33" hai3="19,103,26,14,48,95,45,78,39,73,49,101,25"/><W30/><G39/><T65/><D120/><U115/><E34/><V8/><F33/><W126/><G126/><T17/><D125/><U123/><E115/><V42/><F63/><W38/><G38/><T7/><D131/><U90/><E108/><V60/><F124/><W47/><G73/><T81/><D65/><U87/><E123/><V0/><F0/><W13/><G78/><T29/><D53/><U74/><E74/><V22/><F60/><W133/><G95/><N who="0" m="58399" /><D32/><U51/><E23/><V80/><F50/><N who="3" m="19563" /><G133/><T37/><D17/><U58/><E58/><V36/><F132/><W69/><G69/><T57/><D57/><U93/><E105/><V134/><F134/><W84/><G84/><T91/><D82/><U106/><E106/><V68/><F36/><W27/><G30/><N who="0" m="11275" /><D37/><U35/><E35/><V5/><F68/><W75/><G75/><T3/><D3/><U67/><E93/><V55/><F107/><W70/><G70/><T127/><D127/><U18/><E18/><V99/><F109/><W11/><G13/><T112/><D112/><U61/><E61/><V56/><F111/><W76/><G76/><T113/><D113/><U43/><E87/><V117/><F56/><W114/><G114/><T54/><D54/><U1/><AGARI ba="0,0" hai="1,4,9,40,43,44,51,52,59,62,67,90,92,97" machi="1" ten="20,2700,0" yaku="0,1,7,1,54,1" doraHai="128" who="1" fromWho="1" sc="238,-7,230,27,318,-7,214,-13" owari="231,-16.9,257,5.7,311,41.1,201,-29.9" /></mjloggm>