<mjloggm ver="2.3"><GO type="225" lobby="0"/><UN n0="%54%4F%52" n1="%47%32%E9%BE%8D%E9%96%80" n2="%E9%80%9F%E6%B0%B4%E5%87%9B%E9%A6%99" n3="%E3%83%A1%E3%82%AC%E3%83%87%E3%82%B8" dan="17,16,17,16" rate="2269.29,2127.17,2181.39,2115.92" sx="M,M,F,F"/><TAIKYOKU oya="0"/><INIT seed="0,0,0,0,3,34" ten="250,250,250,250" oya="0" hai0="80,9,15,65,100,19,130,96,122,3,72,61,60" hai1="62,63,12,71,43,38,128,56,79,29,49,102,55" hai2="33,104,5,2,129,53,45,106,70,92,109,135,76" hai3="126,27,58,132,78,97,94,20,107,69,17,81,42"/><T75/><D122/><U16/><E128/><V40/><F70/><W134/><G69/><T14/><D130/><U66/><E29/><V73/><F33/><W84/><G126/><T59/><D3/><U1/><E1/><V124/><F92/><W52/><G107/><N who="2" m="41001" /><F53/><W105/><G105/><T131/><D131/><U87/><E102/><V39/><F129/><W120/><G120/><T118/><D118/><U103/><E103/><V13/><F13/><W26/><G42/><T110/><D110/><U90/><E79/><V117/><F117/><W68/><G68/><T67/><D80/><U82/><E63/><V28/><F28/><W112/><G112/><T121/><D121/><U114/><E114/><V11/><F109/><W37/><G27/><T32/><D32/><U95/><E82/><N who="2" m="45327" /><F135/><W35/><G35/><T30/><D30/><U111/><E111/><V127/><AGARI ba="0,0" hai="2,5,11,39,40,45,124,127" m="45327,41001" machi="127" ten="30,4000,0" yaku="25,1,23,1,52,1" doraHai="34" who="2" fromWho="2" sc="250,-20,250,-10,250,40,250,-10" /><INIT seed="1,0,0,5,4,93" ten="230,240,290,240" oya="1" hai0="18,34,62,24,104,119,11,45,65,96,75,7,41" hai1="4,38,77,111,32,64,133,9,109,82,35,12,3" hai2="61,129,73,121,60,17,72,36,63,42,124,100,110" hai3="123,31,68,16,19,132,26,76,44,33,80,87,22"/><U37/><E133/><V0/><F121/><W94/><G132/><T71/><D119/><U23/><E64/><V50/><F0/><W56/><G68/><T128/><D128/><U101/><E101/><V81/><F36/><W120/><G44/><T122/><D122/><U48/><E48/><V134/><F129/><W54/><G94/><T74/><D18/><U127/><E127/><V91/><F134/><W105/><G19/><T57/><D57/><U85/><E23/><V13/><F110/><N who="1" m="41993" /><E12/><V90/><F100/><W58/><G58/><T30/><D96/><U117/><E117/><V46/><F124/><W14/><REACH who="3" step="1"/><G105/><REACH who="3" ten="230,240,290,230" step="2"/><T15/><REACH who="0" step="1"/><D104/><REACH who="0" ten="220,240,290,230" step="2"/><U92/><E92/><V78/><F17/><W6/><G6/><T21/><D21/><U131/><E131/><V115/><F115/><W84/><G84/><T103/><D103/><U8/><E9/><V114/><F114/><W53/><G53/><T79/><D79/><U88/><E77/><V55/><F55/><W20/><G20/><T97/><D97/><U107/><E107/><V52/><F52/><W118/><G118/><T29/><D29/><U86/><E86/><V99/><F99/><W66/><G66/><T126/><D126/><U130/><E130/><V1/><F78/><W102/><G102/><T25/><D25/><U69/><E69/><V27/><F27/><W106/><G106/><T47/><D47/><U40/><E40/><V43/><F42/><W98/><G98/><T10/><D10/><U51/><E51/><AGARI ba="0,2" hai="14,16,22,26,31,33,51,54,56,76,80,87,120,123" machi="51" ten="30,7700,0" yaku="1,1,7,1,54,1,53,1" doraHai="93" doraHaiUra="83" who="3" fromWho="1" sc="220,0,240,-77,290,0,230,97" /><AGARI ba="0,0" hai="7,11,15,24,30,34,41,45,51,62,65,71,74,75" machi="51" ten="30,2000,0" yaku="1,1,7,1,53,0" doraHai="93" doraHaiUra="83" who="0" fromWho="1" sc="220,20,163,-20,290,0,327,0" /><INIT seed="2,0,0,2,4,7" ten="240,143,290,327" oya="2" hai0="30,34,41,117,129,11,77,45,92,22,90,132,43" hai1="125,133,135,104,2,20,97,83,55,73,127,26,39" hai2="48,42,95,96,122,84,47,36,116,0,5,70,17" hai3="119,76,124,78,1,87,67,14,19,33,88,29,37"/><V27/><F122/><W54/><G1/><T101/><D34/><U50/><E39/><V72/><F70/><W130/><G119/><T49/><D117/><U38/><E38/><V8/><F72/><W81/><G124/><N who="1" m="47690" /><E2/><V107/><F107/><W15/><G37/><T91/><D132/><N who="1" m="50763" /><E55/><V131/><F116/><W24/><G130/><T12/><D129/><U13/><E50/><V66/><F131/><W21/><G67/><T64/><D64/><U113/><E113/><V121/><F121/><W57/><G14/><T118/><D118/><U59/><E59/><V115/><F115/><W100/><G100/><T86/><D43/><U6/><E104/><V109/><F66/><W60/><AGARI ba="0,0" hai="15,19,21,24,29,33,54,57,60,76,78,81,87,88" machi="60" ten="20,2700,0" yaku="0,1,7,1,54,1" doraHai="7" who="3" fromWho="3" sc="240,-7,143,-7,290,-13,327,27" /><INIT seed="3,0,0,0,2,74" ten="233,136,277,354" oya="3" hai0="75,92,5,39,129,108,72,109,93,96,48,31,83" hai1="102,123,99,90,2,23,103,29,133,41,132,40,104" hai2="13,53,12,122,78,22,27,70,46,120,26,105,43" hai3="1,88,107,4,135,21,25,37,118,124,15,49,81"/><W11/><G37/><T0/><D39/><U77/><E2/><V106/><F70/><W58/><G118/><T19/><D31/><U64/><E123/><N who="2" m="47147" /><F53/><N who="3" m="32047" /><G107/><N who="2" m="40969" /><F78/><W97/><G1/><T44/><D129/><U126/><E126/><V38/><F27/><W98/><G124/><T113/><D113/><U14/><E64/><V119/><F119/><W18/><G135/><T52/><D92/><U101/><E104/><V68/><F68/><W94/><G81/><T130/><D130/><U112/><E112/><V85/><F85/><AGARI ba="0,0" hai="4,11,15,18,21,25,85,88,94,97,98" m="32047" machi="85" ten="30,2900,0" yaku="8,1,54,1" doraHai="74" who="3" fromWho="2" sc="233,0,136,0,277,-29,354,29" owari="233,-16.7,136,-36.4,248,4.8,383,48.3" /></mjloggm>