<mjloggm ver="2.3"><GO type="225" lobby="0"/><UN n0="%E9%80%9F%E6%B0%B4%E5%87%9B%E9%A6%99" n1="%41%54%53%4D" n2="%33%74%72%65%65" n3="%E4%B8%8B%E6%AE%B5%E3%83%81%E3%82%A7%E3%83%AA%E3%83%BC" dan="16,16,17,16" rate="2128.63,2094.79,2150.26,2123.44" sx="F,M,F,M"/><TAIKYOKU oya="0"/><INIT seed="0,0,0,3,4,129" ten="250,250,250,250" oya="0" hai0="77,85,43,131,30,4,120,10,96,41,130,53,23" hai1="26,55,24,9,22,83,100,112,69,52,111,92,75" hai2="36,67,63,84,118,21,91,19,125,18,13,28,109" hai3="62,98,94,93,58,76,5,29,39,42,12,35,65"/><T128/><D120/><U82/><E69/><V86/><F109/><W103/><G76/><T17/><D30/><U40/><E111/><V72/><F72/><W48/><G39/><T1/><D96/><N who="1" m="59399" /><E75/><V110/><F110/><W104/><G35/><T51/><D85/><U50/><E112/><V113/><F113/><W11/><G29/><T102/><D102/><U73/><E73/><V44/><F125/><W57/><REACH who="3" step="1"/><G58/><REACH who="3" ten="250,250,250,240" step="2"/><N who="0" m="33087" /><D77/><U117/><E117/><V61/><F118/><W126/><G126/><T78/><D78/><U38/><E38/><V115/><F36/><W119/><G119/><T27/><AGARI ba="0,1" hai="1,4,10,17,23,27,41,43,128,130,131" m="33087" machi="27" ten="30,1500,0" yaku="19,1" doraHai="129" who="0" fromWho="0" sc="250,25,250,-5,250,-5,240,-5" /><INIT seed="0,1,0,0,1,85" ten="275,245,245,235" oya="0" hai0="76,86,61,28,59,38,99,12,55,84,17,120,60" hai1="14,10,36,83,77,53,31,117,125,5,118,23,112" hai2="4,18,32,100,130,39,75,106,37,98,46,68,134" hai3="45,95,102,11,93,25,51,71,79,127,131,69,54"/><T33/><D38/><U73/><E125/><V21/><F134/><W1/><G127/><T47/><D120/><U92/><E112/><V111/><F111/><W27/><G131/><T22/><D47/><U62/><E36/><V64/><F130/><W70/><G79/><T128/><D128/><U78/><E78/><V0/><F32/><W123/><G123/><T40/><D40/><U6/><E6/><V66/><F75/><W110/><G110/><T90/><D76/><U2/><E92/><V132/><F132/><W72/><G72/><T104/><D104/><U56/><REACH who="1" step="1"/><E31/><REACH who="1" ten="275,235,245,235" step="2"/><V8/><F39/><W65/><G93/><N who="0" m="56759" /><D28/><U16/><AGARI ba="1,1" hai="2,5,10,14,16,23,53,56,62,73,77,83,117,118" machi="16" ten="30,4000,0" yaku="1,1,0,1,54,1,53,0" doraHai="85" doraHaiUra="63" who="1" fromWho="1" sc="275,-21,235,53,245,-11,235,-11" /><INIT seed="1,0,0,2,2,71" ten="254,288,234,224" oya="1" hai0="94,73,32,24,100,40,4,42,106,124,66,50,118" hai1="12,11,31,45,133,90,87,101,127,95,105,55,117" hai2="119,1,41,120,109,19,53,18,17,63,103,7,76" hai3="22,128,43,38,108,86,30,116,21,110,130,28,89"/><U5/><E117/><V46/><F119/><W88/><G116/><T114/><D118/><RYUUKYOKU type="kaze4" ba="0,0" sc="254,0,288,0,234,0,224,0" /><INIT seed="1,1,0,3,3,10" ten="254,288,234,224" oya="1" hai0="72,76,59,104,9,46,92,61,23,31,131,38,71" hai1="19,42,91,112,97,88,128,122,129,116,113,70,78" hai2="5,12,82,111,81,110,26,47,109,43,11,8,32" hai3="21,75,28,115,44,41,94,36,93,57,51,7,66"/><U40/><E70/><V17/><F32/><W62/><G75/><T54/><D104/><U118/><E19/><V117/><F117/><N who="1" m="45161" /><E97/><V135/><F135/><W20/><G115/><N who="1" m="44106" /><E122/><V85/><F85/><W14/><G36/><T45/><D131/><N who="1" m="50251" /><E78/><V0/><REACH who="2" step="1"/><F26/><REACH who="2" ten="254,288,224,224" step="2"/><N who="3" m="16455" /><G21/><T106/><D23/><U77/><E77/><V65/><F65/><W74/><G74/><T67/><D76/><U35/><E35/><V15/><F15/><W63/><G63/><T103/><D61/><U89/><AGARI ba="1,1" hai="40,42,88,89,91" m="50251,44106,45161" machi="89" ten="40,12000,1" yaku="28,2,19,1,54,1" doraHai="10" who="1" fromWho="1" sc="254,-41,288,133,224,-41,224,-41" /><INIT seed="1,2,0,0,0,3" ten="213,421,183,183" oya="1" hai0="29,104,55,92,19,0,50,14,112,45,132,84,62" hai1="5,8,36,11,108,118,116,134,129,78,88,99,113" hai2="66,26,52,135,47,64,9,38,124,83,115,30,103" hai3="1,6,121,70,79,85,98,105,54,81,87,96,61"/><U65/><E36/><V12/><F135/><W25/><G121/><T95/><D104/><U106/><E113/><V56/><F115/><W40/><G40/><T15/><D0/><U90/><E134/><V107/><F124/><W97/><G25/><T39/><D39/><U41/><E41/><V58/><F83/><W71/><G105/><T63/><D112/><U127/><E106/><V23/><F38/><W86/><G54/><T75/><D75/><U131/><E127/><V109/><F109/><W34/><G34/><T94/><D29/><U74/><E108/><V53/><F103/><W10/><REACH who="3" step="1"/><G61/><REACH who="3" ten="213,421,183,173" step="2"/><T117/><D62/><U59/><E118/><V67/><F107/><W128/><G128/><T18/><D117/><U60/><E116/><V119/><F119/><W123/><G123/><T73/><D63/><U32/><E32/><V51/><REACH who="2" step="1"/><F53/><REACH who="2" ten="213,421,173,173" step="2"/><W80/><G80/><T130/><D132/><U68/><E131/><V46/><F46/><W48/><G48/><T76/><D130/><U37/><E129/><V43/><F43/><W102/><G102/><T69/><D55/><U31/><E37/><V133/><F133/><W7/><G7/><AGARI ba="2,2" hai="7,9,12,23,26,30,47,51,52,56,58,64,66,67" machi="7" ten="40,8000,1" yaku="1,1,8,1,52,1,54,1,53,1" doraHai="3" doraHaiUra="42" who="2" fromWho="3" sc="213,0,421,0,173,106,173,-86" /><INIT seed="2,0,0,4,2,7" ten="213,421,279,87" oya="2" hai0="25,85,74,97,34,87,89,51,94,76,68,42,81" hai1="121,57,71,48,128,79,116,38,92,123,75,35,135" hai2="12,16,8,124,73,5,43,10,130,86,27,133,61" hai3="102,9,111,100,106,131,37,77,20,108,19,104,96"/><V26/><F73/><W98/><G37/><T55/><D68/><U64/><E38/><V118/><F118/><W125/><G125/><T47/><D34/><U99/><E116/><V21/><F124/><W119/><G119/><T66/><D66/><U78/><E35/><V36/><F133/><W63/><G131/><T13/><D25/><U83/><E128/><V24/><F130/><W95/><G77/><T82/><D13/><U93/><E135/><V80/><F61/><W129/><G129/><T39/><REACH who="0" step="1"/><D82/><REACH who="0" ten="203,421,279,87" step="2"/><N who="1" m="45407" /><E71/><V54/><F54/><W134/><G134/><T32/><D32/><U70/><E70/><V107/><F107/><W40/><G63/><T50/><D50/><U1/><E48/><V122/><F122/><W109/><G40/><T110/><D110/><U103/><E64/><V52/><F52/><W117/><G117/><T67/><D67/><U84/><E123/><V4/><F43/><W114/><G114/><T44/><AGARI ba="0,1" hai="39,42,44,47,51,55,74,76,81,85,87,89,94,97" machi="44" ten="20,5200,0" yaku="1,1,0,1,7,1,53,1" doraHai="7" doraHaiUra="49" who="0" fromWho="0" sc="203,62,421,-13,279,-26,87,-13" /><INIT seed="3,0,0,0,2,1" ten="265,408,253,74" oya="3" hai0="21,75,42,18,13,123,46,3,10,44,84,69,16" hai1="119,102,105,124,94,22,107,40,109,126,118,78,114" hai2="62,81,28,56,36,33,92,131,15,35,98,127,129" hai3="96,20,99,112,38,30,74,134,100,86,113,43,68"/><W57/><G68/><T9/><D75/><U49/><E114/><V17/><F127/><N who="1" m="48681" /><E109/><V59/><F36/><W50/><G74/><T29/><D123/><U117/><E22/><V41/><F41/><W103/><G134/><T115/><D115/><U104/><E78/><V47/><F47/><W80/><G38/><T70/><D46/><N who="1" m="25799" /><E94/><V26/><F35/><W72/><G72/><T14/><D3/><U91/><E91/><V4/><F81/><W6/><G113/><T111/><D111/><U63/><E63/><V60/><F60/><W110/><G110/><T108/><D108/><U27/><E27/><V121/><F121/><W106/><G112/><T64/><D64/><U122/><E122/><V116/><F116/><W135/><G135/><T133/><D133/><U8/><E8/><N who="2" m="4487" /><F17/><W54/><G43/><T130/><D130/><N who="2" m="49674" /><F62/><W66/><G66/><T32/><D32/><U83/><E83/><V48/><F48/><W0/><G30/><T82/><D21/><U23/><E23/><V85/><F85/><W89/><G20/><T67/><D67/><U101/><AGARI ba="0,0" hai="101,102,104,105,107,117,118,119" m="25799,48681" machi="101" ten="50,3200,0" yaku="12,1,18,1" doraHai="1" who="1" fromWho="1" sc="265,-8,408,32,253,-8,74,-16" owari="257,5.7,440,54.0,245,-15.5,58,-44.2" /></mjloggm>