<mjloggm ver="2.3"><GO type="225" lobby="0"/><UN n0="%E6%A1%9C%E8%8A%B1%E9%96%83%E3%80%85" n1="%E7%B4%94%E6%BD%94%E3%83%94%E3%83%A9%E3%83%8B%E3%82%A2" n2="%E7%AD%89%E3%80%85%E5%8A%9B%E5%8A%87%E5%A0%B4" n3="%6D%75%75%6D%75%72%61" dan="17,18,16,16" rate="2160.71,2276.60,2175.35,2140.24" sx="M,M,M,F"/><TAIKYOKU oya="0"/><INIT seed="0,0,0,4,0,32" ten="250,250,250,250" oya="0" hai0="73,18,50,57,55,119,11,102,134,42,56,108,15" hai1="131,36,125,80,43,118,128,54,69,120,24,58,122" hai2="124,76,34,97,26,74,65,85,112,30,38,99,127" hai3="4,53,7,71,25,121,107,19,81,28,61,135,39"/><T63/><D119/><U29/><E80/><V2/><F112/><W5/><G135/><T44/><D134/><U93/><E93/><V72/><F38/><W132/><G132/><T27/><D73/><U129/><E118/><V111/><F65/><W92/><G107/><T45/><D108/><U48/><E69/><V100/><F99/><W114/><G114/><T3/><D102/><U21/><REACH who="1" step="1"/><E125/><REACH who="1" ten="250,240,250,250" step="2"/><V126/><F127/><W68/><G68/><T90/><D90/><U1/><E1/><V104/><F2/><W133/><G133/><T91/><D91/><U130/><N who="1" m="32768" /><DORA hai="67" /><U75/><E75/><V101/><F74/><W12/><G71/><T47/><D3/><U41/><E41/><V22/><F72/><W94/><G94/><T89/><D89/><U79/><E79/><V83/><F76/><W106/><G92/><T103/><D103/><U37/><E37/><V82/><F83/><W46/><G81/><T13/><D27/><U123/><E123/><V31/><F101/><W115/><G115/><T105/><D105/><U0/><E0/><V17/><F82/><W35/><G106/><T62/><REACH who="0" step="1"/><D15/><REACH who="0" ten="240,240,250,250" step="2"/><U87/><E87/><V78/><F85/><W96/><G25/><T95/><D95/><U98/><E98/><V66/><F97/><W77/><G96/><T52/><AGARI ba="0,2" hai="11,13,18,42,44,45,47,50,52,55,56,57,62,63" machi="52" ten="20,18000,2" yaku="1,1,0,1,7,1,9,1,8,1,54,1,53,1" doraHai="32,67" doraHaiUra="6,23" who="0" fromWho="0" sc="240,200,240,-60,250,-60,250,-60" /><INIT seed="0,1,0,4,4,48" ten="440,180,190,190" oya="0" hai0="113,99,114,29,98,111,116,97,76,122,60,128,27" hai1="68,0,131,26,57,5,9,35,121,90,62,92,18" hai2="51,6,103,31,119,130,100,133,126,91,124,38,41" hai3="77,3,93,21,1,132,134,95,50,24,19,44,40"/><T43/><D116/><U33/><E131/><V104/><F38/><W117/><G117/><T34/><D122/><U82/><E82/><V13/><F119/><W69/><G69/><T71/><D128/><U45/><E45/><V49/><F130/><W80/><G93/><T115/><D111/><U78/><E78/><V56/><F31/><W109/><G95/><T94/><D43/><U10/><E68/><V52/><F133/><N who="3" m="51307" /><G109/><T70/><D76/><U17/><E121/><V118/><F118/><W25/><G25/><T79/><D79/><U129/><E129/><V63/><F91/><W86/><AGARI ba="1,0" hai="1,3,19,21,24,40,44,50,77,80,86" m="51307" machi="86" ten="30,1100,0" yaku="20,1" doraHai="48" who="3" fromWho="3" sc="440,-6,180,-4,190,-4,190,14" /><INIT seed="1,0,0,3,0,23" ten="434,176,186,204" oya="1" hai0="12,18,24,4,125,16,109,15,108,60,62,26,106" hai1="107,61,101,10,105,36,76,123,30,65,126,28,1" hai2="56,33,14,67,104,58,85,9,90,114,72,29,57" hai3="17,91,45,134,81,129,115,132,79,98,5,118,39"/><U46/><E123/><V96/><F72/><W127/><G115/><T59/><D4/><U131/><E76/><V97/><F114/><W69/><G69/><T103/><D103/><U95/><E126/><V86/><F67/><W22/><G127/><T71/><D125/><U88/><E131/><V128/><F128/><W7/><G129/><T68/><D59/><U120/><E120/><V51/><F51/><W25/><G118/><T35/><D35/><U70/><E1/><V53/><F53/><W113/><G113/><T66/><D66/><U111/><E10/><V44/><F44/><W37/><G98/><T27/><D27/><U40/><E111/><V42/><F42/><N who="3" m="22735" /><G91/><T21/><D21/><U122/><E122/><V47/><F47/><W78/><G78/><T100/><D100/><U102/><E102/><V41/><F41/><W83/><G83/><T124/><D124/><U110/><E110/><V77/><F77/><W31/><G31/><T89/><D89/><U50/><E36/><V0/><F104/><AGARI ba="0,0" hai="12,15,16,18,24,26,60,62,68,71,104,106,108,109" machi="104" ten="25,8000,1" yaku="22,2,52,2,54,1" doraHai="23" who="0" fromWho="2" sc="434,80,176,0,186,-80,204,0" /><INIT seed="2,0,0,2,2,44" ten="514,176,106,204" oya="2" hai0="103,87,14,71,13,5,4,112,0,85,54,12,91" hai1="24,73,47,86,42,102,45,57,65,62,74,29,50" hai2="84,77,66,56,90,68,32,60,40,92,36,130,6" hai3="64,93,38,19,81,129,48,59,63,67,117,134,26"/><V116/><F116/><W2/><G38/><T80/><D112/><U107/><E107/><V37/><F32/><W105/><G105/><T75/><D75/><U126/><E126/><V31/><F130/><W89/><G2/><T128/><D71/><U133/><E133/><V15/><F31/><W22/><G117/><T83/><D128/><U72/><E102/><V131/><F131/><W82/><G134/><T3/><D103/><U33/><E86/><V125/><F125/><W52/><G129/><T99/><D99/><U51/><REACH who="1" step="1"/><E72/><REACH who="1" ten="514,166,106,204" step="2"/><V113/><F113/><W98/><REACH who="3" step="1"/><G67/><REACH who="3" ten="514,166,106,194" step="2"/><T28/><D0/><U122/><E122/><V70/><F66/><W100/><G100/><T39/><D3/><U43/><AGARI ba="0,2" hai="24,29,33,42,43,45,47,50,51,57,62,65,73,74" machi="43" ten="20,12000,2" yaku="1,1,0,1,7,1,9,1,52,2,53,0" doraHai="44" doraHaiUra="11" who="1" fromWho="1" sc="514,-30,166,140,106,-60,194,-30" /><INIT seed="3,0,0,2,1,70" ten="484,306,46,164" oya="3" hai0="90,43,122,20,17,37,92,84,63,95,23,66,123" hai1="102,104,58,55,81,72,98,51,62,126,52,46,103" hai2="27,96,73,118,106,112,88,113,57,111,21,42,31" hai3="61,76,79,93,47,29,120,97,7,1,80,115,87"/><W6/><G115/><T83/><D23/><U56/><E126/><V35/><F118/><W85/><G120/><T59/><D92/><U18/><E103/><V86/><F73/><W3/><G29/><T40/><D37/><U134/><E134/><V133/><F111/><W44/><G61/><T125/><D125/><U60/><E18/><V121/><F133/><W116/><G116/><T9/><D9/><U108/><E108/><V64/><F121/><W8/><G1/><T114/><D114/><U2/><E2/><V22/><F35/><W15/><G6/><T34/><D34/><U25/><E25/><V105/><F22/><W99/><G3/><T4/><D4/><U74/><E81/><V78/><F78/><W36/><G36/><T54/><D123/><U68/><E68/><V119/><F119/><W11/><G11/><T38/><D38/><U13/><E13/><V10/><F106/><W5/><G5/><T49/><D83/><U26/><E26/><V94/><F10/><W101/><G97/><T129/><D129/><U100/><E102/><V41/><F113/><W30/><G30/><T65/><D122/><U110/><E110/><V77/><F112/><W128/><G128/><T19/><D19/><U67/><AGARI ba="0,0" hai="46,51,52,55,56,58,60,62,67,72,74,98,100,104" machi="67" ten="20,2700,0" yaku="0,1,7,1,54,1" doraHai="70" who="1" fromWho="1" sc="484,-7,306,27,46,-7,164,-13" owari="477,57.7,333,13.3,39,-46.1,151,-24.9" /></mjloggm>