<mjloggm ver="2.3"><GO type="225" lobby="0"/><UN n0="%E3%81%95%E3%81%8D%E3%81%9F%E3%81%BE%E6%9E%97%E6%AA%8E" n1="%E9%80%9F%E6%B0%B4%E5%87%9B%E9%A6%99" n2="%E6%A0%B9%E5%85%83%E3%81%8B%E3%82%89%E5%90%B9%E3%81%A3%E9%A3%9B%E3%81%B6" n3="%6D%75%75%6D%75%72%61" dan="16,16,16,16" rate="2129.73,2141.41,2171.72,2177.69" sx="M,F,F,M"/><TAIKYOKU oya="0"/><INIT seed="0,0,0,0,2,125" ten="250,250,250,250" oya="0" hai0="7,83,36,75,124,104,129,29,95,48,131,99,21" hai1="2,9,49,77,59,98,11,112,52,121,1,4,78" hai2="130,128,43,80,56,88,51,65,17,45,87,127,115" hai3="20,116,111,27,92,118,132,28,81,0,19,57,76"/><T46/><D124/><U71/><E121/><V26/><F115/><W8/><G111/><T113/><D113/><U134/><E134/><V23/><F127/><W18/><G132/><T38/><D104/><U66/><E112/><V96/><F96/><W32/><G92/><T107/><D107/><U63/><REACH who="1" step="1"/><E98/><REACH who="1" ten="250,240,250,250" step="2"/><V97/><REACH who="2" step="1"/><F97/><REACH who="2" ten="250,240,240,250" step="2"/><W37/><G116/><T109/><D109/><U108/><E108/><V69/><F69/><W123/><G118/><T79/><D99/><U68/><E68/><V47/><F47/><W126/><G126/><T42/><D95/><U74/><E74/><V40/><F40/><W117/><G117/><T135/><D135/><U93/><E93/><V34/><F34/><W60/><G32/><T58/><D58/><U16/><E16/><V122/><F122/><W62/><G57/><T24/><REACH who="0" step="1"/><D7/><AGARI ba="0,2" hai="1,2,4,7,9,11,49,52,59,63,66,71,77,78" machi="7" ten="40,5200,0" yaku="1,1,9,1,54,1,53,0" doraHai="125" doraHaiUra="12" who="1" fromWho="0" sc="250,-52,240,72,240,0,250,0" /><INIT seed="1,0,0,0,1,60" ten="198,312,240,250" oya="1" hai0="37,129,30,6,89,1,98,111,42,26,76,93,65" hai1="127,4,23,134,36,52,128,31,131,107,24,121,58" hai2="32,50,116,17,133,48,119,41,135,117,101,46,63" hai3="122,84,80,0,2,126,28,15,109,62,9,67,83"/><U34/><E36/><N who="2" m="21799" /><F17/><W105/><G109/><T115/><D111/><U27/><E121/><V47/><F101/><W14/><G126/><T90/><D115/><U40/><E40/><V20/><F20/><W94/><G122/><T12/><D129/><N who="1" m="49739" /><E107/><V25/><F25/><W5/><G105/><T73/><D1/><U57/><E57/><V74/><F74/><W38/><G38/><T82/><D37/><U18/><E4/><V112/><F32/><W59/><G28/><T75/><D42/><U44/><E44/><V108/><F112/><W70/><G70/><T39/><D39/><U123/><E123/><V22/><F22/><W120/><G120/><T55/><D75/><U61/><E134/><N who="2" m="51211" /><F108/><W91/><REACH who="3" step="1"/><G15/><REACH who="3" ten="198,312,240,240" step="2"/><T81/><D12/><U64/><E127/><V53/><F47/><W29/><G29/><T106/><D30/><U69/><E34/><V49/><F117/><W103/><G103/><T71/><D106/><U113/><E113/><V68/><F68/><W85/><G85/><T87/><D87/><U21/><E69/><V86/><F86/><W79/><G79/><T110/><D76/><U7/><E7/><V92/><F92/><W96/><G96/><T19/><D98/><U16/><E31/><V114/><F114/><W118/><G118/><T11/><D93/><U88/><E88/><V132/><F132/><W99/><G99/><T66/><D90/><U125/><E125/><V3/><F3/><AGARI ba="0,1" hai="0,2,3,5,9,14,59,62,67,80,83,84,91,94" machi="3" ten="40,8000,1" yaku="1,1,52,1,53,3" doraHai="60" doraHaiUra="35" who="3" fromWho="2" sc="198,0,312,0,240,-80,240,90" /><INIT seed="2,0,0,2,2,9" ten="198,312,160,330" oya="2" hai0="118,8,82,85,75,112,99,18,116,91,114,25,83" hai1="107,104,123,47,122,124,28,17,27,65,35,21,117" hai2="113,32,135,87,51,43,42,89,79,74,78,0,69" hai3="36,81,6,55,11,19,52,44,102,76,121,50,57"/><V100/><F113/><N who="0" m="43626" /><D25/><N who="1" m="18831" /><E117/><N who="0" m="45161" /><D18/><U15/><E65/><V14/><F0/><N who="3" m="455" /><G121/><N who="1" m="46090" /><E124/><V129/><F135/><W3/><G3/><T80/><D8/><N who="1" m="6375" /><E47/><V131/><F69/><W38/><G44/><T5/><D5/><U98/><E98/><V119/><F119/><W49/><G19/><AGARI ba="0,0" hai="19,21,27,104,107" m="6375,46090,18831" machi="19" ten="30,2000,0" yaku="13,1,52,1" doraHai="9" who="1" fromWho="3" sc="198,0,312,20,160,0,330,-20" /><INIT seed="3,0,0,3,2,133" ten="198,332,160,310" oya="3" hai0="14,36,107,53,100,81,45,61,25,120,126,105,64" hai1="65,42,49,1,37,93,11,112,119,40,27,85,84" hai2="62,43,124,52,44,63,24,54,114,115,46,16,0" hai3="87,101,21,113,79,97,22,129,57,18,116,17,94"/><W33/><G113/><N who="2" m="43017" /><F0/><W127/><G33/><T92/><D81/><U13/><E1/><V108/><F24/><W60/><G116/><T48/><D92/><U56/><E37/><N who="2" m="21615" /><F16/><N who="3" m="6251" /><G127/><T31/><D126/><U111/><E111/><V73/><F73/><W7/><G7/><T109/><D109/><U89/><E27/><V122/><F124/><W12/><G12/><T15/><D36/><U75/><E75/><V103/><F108/><W26/><G129/><T78/><D78/><U20/><E20/><N who="3" m="7786" /><G26/><T19/><D15/><U6/><E119/><V72/><F72/><W117/><G117/><T131/><D131/><U104/><E104/><V96/><F103/><W98/><G98/><T68/><D100/><U39/><E39/><V86/><F86/><N who="1" m="33385" /><E112/><V5/><F96/><W28/><G28/><T130/><D130/><U74/><E74/><V102/><F102/><W59/><G60/><N who="2" m="23081" /><F5/><W70/><G70/><T88/><D31/><U4/><E4/><V29/><F29/><W10/><G10/><T55/><D25/><U32/><E32/><V69/><F122/><W66/><G66/><T128/><D120/><U123/><E123/><V76/><F69/><W23/><G23/><N who="0" m="11767" /><D128/><U95/><E65/><V106/><F106/><W121/><G121/><T30/><D30/><U83/><E83/><AGARI ba="0,0" hai="57,59,79,83,87,94,97,101" m="7786,6251" machi="83" ten="30,2900,0" yaku="8,1,54,1" doraHai="133" who="3" fromWho="1" sc="198,0,332,-29,160,0,310,29" owari="198,-20.2,303,10.3,160,-34.0,339,43.9" /></mjloggm>