<mjloggm ver="2.3"><GO type="225" lobby="0"/><UN n0="%E6%98%93%E5%88%A9%E8%96%A9%E4%BC%AF" n1="%E3%83%A9%E3%82%A4%E3%83%B3%E3%81%AE%E8%99%8E" n2="%E3%81%82%E3%82%86%E3%81%AE%E9%A2%A8" n3="%E6%81%A5%E6%99%92%E3%81%97" dan="16,16,16,16" rate="2092.38,2111.34,2092.51,2152.88" sx="F,M,M,M"/><TAIKYOKU oya="0"/><INIT seed="0,0,0,1,4,8" ten="250,250,250,250" oya="0" hai0="65,14,111,84,16,28,91,122,58,5,105,45,78" hai1="72,103,60,121,46,96,25,130,62,61,97,133,70" hai2="113,36,110,0,50,59,112,57,38,120,54,128,22" hai3="3,125,15,76,53,37,132,87,135,39,79,83,98"/><T85/><D122/><U109/><E121/><V80/><F0/><W43/><G3/><T41/><D105/><U56/><E109/><V77/><F120/><W74/><G125/><T18/><D111/><U6/><E72/><V107/><F107/><W27/><G27/><T127/><D28/><U12/><E70/><V89/><F110/><W116/><G116/><T30/><D30/><U75/><E75/><V102/><F102/><W82/><G53/><T19/><D127/><U68/><E68/><V114/><F128/><W21/><G98/><T31/><D31/><U11/><E133/><N who="3" m="51274" /><G43/><T32/><D32/><U51/><E25/><V33/><F33/><W2/><G2/><T123/><D78/><U88/><E97/><V90/><F22/><W67/><G67/><T118/><D118/><U66/><E130/><V73/><REACH who="2" step="1"/><F59/><REACH who="2" ten="250,250,240,250" step="2"/><W94/><G94/><T29/><D123/><U108/><E108/><V17/><F17/><AGARI ba="0,1" hai="15,17,21,37,39,74,76,79,82,83,87" m="51274" machi="17" ten="30,2000,0" yaku="20,1,52,1" doraHai="8" who="3" fromWho="2" sc="250,0,250,0,240,-20,250,30" /><INIT seed="1,0,0,0,5,17" ten="250,250,220,280" oya="1" hai0="86,91,103,68,58,127,118,8,95,133,98,97,38" hai1="19,55,94,100,39,30,59,26,92,10,134,56,128" hai2="43,77,129,110,50,73,3,109,53,74,111,60,16" hai3="48,123,105,28,64,24,70,107,27,102,12,31,33"/><U35/><E128/><V49/><F3/><W112/><G112/><T9/><D68/><U40/><E134/><V90/><F77/><W113/><G113/><T36/><D118/><U44/><E100/><V23/><F129/><W78/><G123/><T51/><D127/><U87/><E87/><V117/><F90/><W18/><G78/><T106/><D98/><U108/><E108/><V76/><F117/><W21/><G102/><T0/><D133/><U88/><E59/><N who="2" m="34927" /><F43/><W2/><G2/><T96/><D96/><U104/><E104/><V79/><F79/><W135/><G135/><T22/><D9/><U52/><E55/><V66/><F66/><W132/><G132/><T15/><D58/><U89/><E92/><V82/><F74/><W25/><G48/><T13/><D51/><U114/><E94/><V71/><F71/><W67/><G27/><AGARI ba="0,0" hai="16,23,27,49,50,73,76,82,109,110,111" m="34927" machi="27" ten="30,3900,0" yaku="14,1,52,1,54,1" doraHai="17" who="2" fromWho="3" sc="250,0,250,0,220,39,280,-39" /><INIT seed="2,0,0,2,4,69" ten="250,250,259,241" oya="2" hai0="93,8,106,104,61,39,30,74,32,50,15,43,65" hai1="119,57,75,127,80,54,114,16,58,7,99,113,76" hai2="86,135,71,95,5,3,82,73,12,98,85,91,131" hai3="81,60,87,126,55,129,21,13,6,37,53,111,44"/><V78/><F135/><W130/><G111/><T35/><D74/><U9/><E127/><V38/><F71/><W47/><G126/><T101/><D50/><U124/><E124/><V24/><F131/><N who="3" m="50187" /><G60/><T40/><D93/><U83/><E119/><V48/><F48/><W31/><G31/><T66/><D101/><U2/><E58/><V29/><F12/><W121/><G121/><T116/><D30/><U128/><E128/><V89/><F38/><W28/><G28/><T59/><D66/><U133/><E133/><V109/><F109/><W0/><G0/><T92/><D92/><U17/><E99/><V123/><F123/><W120/><G120/><T90/><D90/><U70/><E70/><V34/><REACH who="2" step="1"/><F91/><REACH who="2" ten="250,250,249,241" step="2"/><N who="3" m="51695" /><G47/><T19/><D116/><U115/><REACH who="1" step="1"/><E83/><REACH who="1" ten="250,240,249,241" step="2"/><V97/><F97/><W68/><G68/><T132/><D132/><U122/><E122/><V72/><F72/><W42/><G44/><T102/><D102/><U36/><E36/><V51/><F51/><AGARI ba="0,2" hai="2,7,9,16,17,51,54,57,75,76,80,113,114,115" machi="51" ten="40,2600,0" yaku="1,1,54,1,53,0" doraHai="69" doraHaiUra="56" who="1" fromWho="2" sc="250,0,240,46,249,-26,241,0" /><INIT seed="3,0,0,0,3,16" ten="250,286,223,241" oya="3" hai0="126,3,105,49,107,84,72,135,17,121,125,46,51" hai1="68,111,56,65,41,58,18,25,130,7,89,113,114" hai2="127,70,22,42,62,83,106,64,50,78,108,40,128" hai3="61,109,112,123,132,122,86,94,34,1,2,4,47"/><W5/><G112/><T119/><D72/><U117/><E7/><N who="3" m="2634" /><G47/><T28/><D3/><N who="3" m="1033" /><G61/><T133/><D28/><U0/><E0/><V26/><F106/><N who="0" m="40458" /><D84/><U74/><E74/><V67/><F67/><W116/><G86/><T103/><D103/><U10/><E41/><V81/><F78/><W15/><G94/><T31/><D31/><U54/><E65/><V85/><F85/><W19/><G116/><T75/><D75/><U95/><E117/><V88/><F64/><W52/><G52/><N who="0" m="29751" /><D121/><N who="3" m="46089" /><G132/><N who="0" m="50763" /><D119/><U38/><E113/><V66/><F66/><W77/><G77/><T55/><D17/><U21/><E18/><V60/><F60/><W44/><G34/><T131/><D131/><U91/><E130/><V24/><F62/><W33/><G33/><T48/><D48/><U20/><E114/><V129/><F50/><W110/><G44/><AGARI ba="0,0" hai="44,51,55,125,126" m="50763,29751,40458" machi="44" ten="30,2000,0" yaku="20,1,54,1" doraHai="16" who="0" fromWho="3" sc="250,20,286,0,223,0,241,-20" /><INIT seed="4,0,0,5,3,69" ten="270,286,223,221" oya="0" hai0="51,10,86,102,1,46,75,127,84,29,74,65,44" hai1="14,130,125,17,54,85,67,70,61,4,87,21,103" hai2="117,129,111,19,94,34,113,25,134,30,43,15,24" hai3="88,3,77,91,26,96,100,115,47,20,121,62,27"/><T13/><D1/><U60/><E125/><V56/><F111/><W57/><G115/><T41/><D127/><U131/><E103/><V80/><F113/><W112/><G112/><T132/><D132/><U128/><E4/><V58/><F134/><W108/><G108/><T64/><D29/><U36/><E36/><V18/><F129/><W105/><G121/><T122/><D102/><U38/><E38/><V53/><F43/><W71/><G3/><T16/><D122/><U31/><E31/><V59/><F117/><W32/><G77/><T110/><D110/><U12/><E14/><V93/><F80/><W98/><G98/><T120/><D120/><U35/><E35/><V76/><F76/><W45/><G32/><T49/><D75/><U83/><E83/><V97/><F53/><W11/><G11/><T55/><D74/><U109/><E109/><V81/><F81/><W50/><G71/><T28/><D28/><U6/><E6/><V92/><F97/><W73/><G73/><T106/><D106/><U52/><E54/><V2/><F2/><W90/><G50/><T95/><D95/><U72/><E72/><V40/><F40/><W33/><G33/><T123/><D123/><U0/><E0/><V68/><F68/><W42/><G42/><T5/><D5/><U101/><E101/><V99/><F99/><W22/><G27/><N who="2" m="10313" /><F15/><W82/><G82/><T8/><D8/><U126/><E126/><V89/><F89/><N who="3" m="22787" /><W119/><DORA hai="133" /><G119/><T66/><AGARI ba="0,0" hai="10,13,16,41,44,46,49,51,55,64,65,66,84,86" machi="66" ten="30,6000,0" yaku="0,1,8,1,54,1" doraHai="69,133" who="0" fromWho="0" sc="270,60,286,-20,223,-20,221,-20" owari="330,43.0,266,6.6,203,-19.7,201,-29.9" /></mjloggm>