<mjloggm ver="2.3"><GO type="225" lobby="0"/><UN n0="%E3%82%AF%E3%82%A3%E3%82%A6" n1="%E3%81%AF%E3%82%88%E3%81%8A%E3%81%98%E3%81%95%E3%82%93" n2="%E3%82%82%E3%81%90%E3%82%89" n3="%E3%82%B7%E3%83%B3%E5%A4%AA%E6%9C%97" dan="16,16,16,16" rate="2115.30,2085.52,2163.65,2151.52" sx="M,M,M,M"/><TAIKYOKU oya="0"/><INIT seed="0,0,0,4,5,58" ten="250,250,250,250" oya="0" hai0="50,73,79,41,100,42,113,101,109,88,104,31,9" hai1="55,44,95,48,75,66,123,93,107,22,13,76,6" hai2="27,127,2,28,57,99,86,118,90,80,25,83,37" hai3="18,65,82,70,84,115,4,117,26,56,105,11,85"/><T134/><D113/><U135/><E123/><V53/><F37/><W130/><G117/><T19/><D134/><U23/><E107/><V94/><F118/><W14/><G115/><T3/><D104/><U7/><E135/><V21/><F2/><W47/><G70/><T129/><D73/><U122/><E122/><V63/><F127/><W131/><G105/><T61/><D79/><U81/><E66/><V132/><F132/><W103/><G103/><N who="0" m="39499" /><D3/><U46/><E44/><V92/><REACH who="2" step="1"/><F27/><REACH who="2" ten="250,250,240,250" step="2"/><W67/><G26/><T10/><D129/><U112/><E112/><V119/><F119/><W102/><G130/><T1/><D1/><U34/><E34/><V20/><F20/><W49/><G131/><T38/><D38/><U89/><E22/><V24/><F24/><W106/><G106/><T98/><D109/><U126/><E126/><V30/><F30/><W124/><G124/><T33/><D33/><U74/><E23/><V17/><F17/><W97/><G18/><T39/><D31/><U78/><E6/><V125/><F125/><W32/><G32/><T45/><D19/><U8/><E7/><V133/><F133/><W110/><G110/><T69/><D10/><U68/><E8/><V12/><F12/><W36/><G36/><T120/><D9/><U40/><E13/><V64/><F64/><W51/><G11/><T71/><D120/><U60/><E75/><V62/><F62/><W29/><G4/><T121/><D61/><U108/><E108/><V59/><F59/><W72/><G14/><T128/><D128/><U116/><E116/><V111/><F111/><RYUUKYOKU ba="0,1" sc="250,-10,250,-10,240,30,250,-10" hai2="21,25,28,53,57,63,80,83,86,90,92,94,99" /><INIT seed="1,1,1,4,5,108" ten="240,240,270,240" oya="1" hai0="68,12,72,119,7,76,1,27,95,124,5,8,89" hai1="101,129,43,45,23,97,103,132,115,73,94,57,71" hai2="53,21,30,114,33,79,104,54,126,118,13,106,69" hai3="18,0,4,25,67,99,86,28,40,88,80,102,31"/><U11/><E115/><V61/><F118/><W83/><G40/><T120/><D119/><U75/><E71/><V35/><F79/><W113/><G113/><T55/><D124/><U22/><E129/><V6/><F114/><W107/><G67/><T123/><D68/><U116/><E116/><V36/><F36/><W85/><G0/><T49/><D27/><U19/><E132/><V16/><F6/><W26/><G4/><T93/><D76/><U134/><E134/><V37/><F37/><W24/><REACH who="3" step="1"/><G18/><REACH who="3" ten="240,240,270,230" step="2"/><T44/><D1/><U56/><E19/><V128/><F16/><W131/><G131/><T64/><D7/><U74/><E43/><V98/><F128/><W29/><G29/><T59/><D120/><U3/><E3/><V105/><F30/><W121/><G121/><T65/><D123/><U46/><E11/><V91/><F54/><W48/><G48/><N who="0" m="31207" /><D72/><U41/><E41/><V32/><F53/><W96/><G96/><N who="0" m="57391" /><D95/><U34/><E75/><V51/><F51/><W17/><G17/><T58/><D65/><U52/><E52/><V15/><F98/><W14/><G14/><T38/><D64/><U82/><E94/><V135/><F13/><W2/><G2/><T84/><D38/><U130/><E130/><V127/><F135/><W62/><G62/><T20/><D84/><U9/><E9/><V92/><F61/><W87/><G87/><T10/><D5/><U70/><E97/><N who="2" m="57503" /><F69/><W47/><G47/><T60/><D44/><U90/><E70/><V109/><F109/><W50/><G50/><T125/><D49/><U112/><E112/><RYUUKYOKU ba="1,2" sc="240,-15,240,-15,270,15,230,15" hai2="15,21,32,33,35,104,105,106,126,127" hai3="24,25,26,28,31,80,83,85,86,88,99,102,107" /><INIT seed="2,2,2,2,0,17" ten="225,225,285,245" oya="2" hai0="24,13,19,65,51,8,1,135,134,110,105,78,67" hai1="113,59,43,79,102,33,83,122,75,90,31,0,21" hai2="4,27,88,97,69,118,11,32,112,55,89,68,29" hai3="128,25,115,81,132,86,101,95,124,119,129,92,76"/><V16/><F118/><W123/><G119/><T93/><D110/><U2/><E113/><V7/><F112/><W77/><G25/><T42/><D105/><U91/><E33/><V56/><F69/><W71/><G71/><T34/><D78/><N who="3" m="30313" /><G123/><T26/><D1/><U49/><E122/><V80/><F68/><W3/><G3/><T100/><D42/><U125/><E0/><V70/><F70/><W39/><G39/><T87/><D51/><U35/><E35/><V82/><F82/><W84/><G115/><T64/><D34/><U85/><E2/><V103/><F7/><W109/><G109/><T6/><D100/><U36/><E36/><V131/><F80/><W99/><G124/><T114/><D114/><U107/><E125/><V108/><F4/><W133/><G92/><T61/><D61/><U104/><E104/><V94/><F108/><W66/><G66/><T22/><REACH who="0" step="1"/><D26/><REACH who="0" ten="215,225,285,245" step="2"/><N who="1" m="16847" /><E107/><V57/><F32/><W53/><G53/><T52/><D52/><N who="1" m="32143" /><E75/><V28/><F55/><W120/><G120/><T116/><D116/><U117/><E117/><V60/><F60/><W20/><G101/><T54/><D54/><U73/><E73/><V111/><F103/><W12/><G12/><T5/><D5/><U121/><E121/><V10/><F111/><W15/><G15/><T62/><BYE who="3" /><D62/><UN n3="%E3%82%B7%E3%83%B3%E5%A4%AA%E6%9C%97" /><U37/><E102/><V9/><F89/><AGARI ba="2,3" hai="6,8,13,19,22,24,64,65,67,87,89,93,134,135" machi="89" ten="40,2600,0" yaku="1,1,52,1,53,0" doraHai="17" doraHaiUra="47" who="0" fromWho="2" sc="215,62,225,0,285,-32,245,0" /><INIT seed="3,0,0,4,3,39" ten="277,225,253,245" oya="3" hai0="52,88,49,43,26,70,96,62,67,10,15,36,128" hai1="14,5,1,9,51,102,124,34,121,78,6,117,65" hai2="46,30,130,85,21,81,122,64,108,120,74,135,115" hai3="116,87,82,53,69,79,103,127,61,29,20,31,106"/><W100/><G116/><T111/><D111/><U132/><E121/><N who="2" m="46699" /><F115/><W32/><G106/><T112/><D128/><U8/><E117/><V7/><F108/><W101/><G127/><T131/><D131/><U94/><E124/><V133/><F130/><W125/><G125/><T11/><D112/><U60/><E132/><V42/><F74/><W35/><G20/><T118/><D118/><U80/><E34/><V19/><F64/><W126/><G126/><T92/><D15/><U119/><E119/><V54/><F30/><W58/><REACH who="3" step="1"/><G69/><REACH who="3" ten="277,225,253,235" step="2"/><T107/><D107/><U28/><E28/><AGARI ba="0,1" hai="28,29,31,32,35,53,58,61,79,82,87,100,101,103" machi="28" ten="40,3900,0" yaku="1,1,2,1,53,0" doraHai="39" doraHaiUra="18" who="3" fromWho="1" sc="277,0,225,-39,253,0,235,49" /><INIT seed="3,1,0,2,4,66" ten="277,186,253,284" oya="3" hai0="59,72,23,117,3,79,9,36,91,85,17,130,116" hai1="51,48,94,65,102,60,54,7,46,5,8,35,41" hai2="122,84,110,31,18,111,21,101,129,114,12,47,127" hai3="105,74,20,125,77,2,87,61,29,53,90,26,132"/><W1/><G105/><T10/><D36/><U97/><E35/><V57/><F114/><W67/><G132/><T124/><D124/><U86/><E86/><V42/><F127/><W70/><G125/><T25/><D130/><U68/><REACH who="1" step="1"/><E8/><REACH who="1" ten="277,176,253,284" step="2"/><N who="2" m="6407" /><F84/><W96/><G74/><T39/><D117/><U108/><E108/><V78/><F111/><W100/><G77/><T33/><D116/><U88/><E88/><V62/><F78/><W95/><G87/><T30/><D91/><U52/><E52/><N who="2" m="34087" /><F110/><W89/><G90/><T44/><D85/><U118/><E118/><V126/><F126/><W69/><G89/><T119/><D119/><U103/><E103/><V24/><F129/><W98/><G96/><T128/><D128/><U6/><E6/><V104/><F101/><W27/><G53/><T63/><D79/><U37/><E37/><V71/><F122/><W109/><G109/><T50/><D39/><U83/><E83/><V15/><F21/><W73/><G73/><T134/><D72/><U43/><E43/><V80/><F42/><W28/><G2/><T99/><D33/><U14/><E14/><V22/><F15/><W40/><G1/><T92/><D3/><U0/><E0/><V4/><F4/><W32/><G40/><N who="0" m="24839" /><D134/><U58/><AGARI ba="1,1" hai="5,7,41,46,48,51,54,58,60,65,68,94,97,102" machi="58" ten="20,5200,0" yaku="1,1,0,1,7,1,52,1,53,0" doraHai="66" doraHaiUra="123" who="1" fromWho="1" sc="277,-14,176,65,253,-14,284,-27" /><INIT seed="4,0,0,0,3,110" ten="263,241,239,257" oya="0" hai0="123,44,12,21,96,43,68,102,104,27,115,132,33" hai1="28,126,42,103,2,84,39,48,4,52,89,131,38" hai2="40,114,5,24,134,106,65,63,94,3,100,15,0" hai3="47,36,45,116,67,108,7,127,1,71,90,60,19"/><T22/><D123/><U23/><E126/><V32/><F94/><W26/><G116/><T83/><D132/><U58/><E131/><V72/><F40/><W46/><G108/><T122/><D122/><U88/><E103/><V107/><F72/><W82/><G127/><T6/><D68/><U87/><E2/><V17/><F134/><W56/><G7/><T13/><D83/><U59/><E4/><V62/><F62/><W124/><G124/><T66/><D66/><U69/><E69/><N who="2" m="42175" /><F5/><W99/><G1/><T120/><D120/><U11/><E11/><V119/><F107/><W98/><G71/><T31/><D44/><N who="1" m="25623" /><E38/><V105/><F105/><W74/><G36/><T20/><D43/><U53/><E39/><V133/><F119/><W135/><G135/><T50/><D50/><N who="1" m="30999" /><E84/><V78/><F0/><W73/><G74/><T113/><REACH who="0" step="1"/><D6/><REACH who="0" ten="253,241,239,257" step="2"/><U10/><E59/><V35/><F133/><W57/><G56/><T112/><AGARI ba="0,1" hai="12,13,20,21,22,27,31,33,96,102,104,112,113,115" machi="112" ten="40,18000,2" yaku="1,1,2,1,0,1,15,1,52,3,53,0" doraHai="110" doraHaiUra="86" who="0" fromWho="0" sc="253,190,241,-60,239,-60,257,-60" owari="443,54.3,181,-21.9,179,-32.1,197,-0.3" /></mjloggm>