<mjloggm ver="2.3"><GO type="225" lobby="0"/><UN n0="%72%69%6F%75%63%68%61%6E" n1="%E5%B8%86%E7%AB%8B%E5%A4%8F%E8%A1%A3" n2="%E3%83%97%E3%83%AC%E3%83%B4%E3%82%A1%E3%83%86%E3%82%A3" n3="%E5%A4%8F%E9%88%B4%E9%88%B4%E5%A4%8F" dan="17,16,16,16" rate="2232.42,2142.64,2144.73,2153.36" sx="M,M,F,M"/><TAIKYOKU oya="0"/><INIT seed="0,0,0,1,4,120" ten="250,250,250,250" oya="0" hai0="50,76,68,82,25,114,107,49,19,30,122,86,18" hai1="79,115,10,129,89,28,3,108,43,71,80,106,5" hai2="109,15,117,9,91,35,32,104,52,72,94,57,75" hai3="92,36,37,54,20,42,33,69,85,17,16,38,41"/><T0/><D114/><U105/><E115/><V63/><F104/><W67/><G33/><T12/><D122/><U132/><E132/><V81/><F117/><W126/><G126/><T118/><D118/><U111/><E129/><V60/><F109/><N who="1" m="42057" /><E71/><V7/><F63/><W102/><G17/><T98/><D0/><U24/><E89/><V127/><F127/><W62/><G54/><T55/><D68/><U27/><E43/><V13/><F75/><W1/><G1/><T101/><D12/><U58/><E58/><V48/><F15/><W131/><G131/><T64/><D64/><U46/><E46/><V61/><F35/><W124/><G124/><T123/><D123/><U2/><E2/><V93/><F32/><W87/><G42/><T14/><D14/><U11/><E11/><V78/><REACH who="2" step="1"/><F94/><REACH who="2" ten="250,250,240,250" step="2"/><W113/><G92/><T59/><REACH who="0" step="1"/><D49/><REACH who="0" ten="240,250,240,250" step="2"/><U125/><E125/><V83/><F83/><W6/><G113/><T97/><D97/><AGARI ba="0,2" hai="7,9,13,48,52,57,60,61,72,78,81,91,93,97" machi="97" ten="30,7700,0" yaku="1,1,7,1,54,1,53,1" doraHai="120" doraHaiUra="4" who="2" fromWho="0" sc="240,-77,250,0,240,97,250,0" /><INIT seed="1,0,0,3,2,108" ten="163,250,337,250" oya="1" hai0="29,9,127,19,6,128,15,46,56,8,17,42,51" hai1="97,112,52,129,40,69,65,102,81,115,133,53,7" hai2="89,95,44,47,124,57,107,25,20,135,50,30,5" hai3="75,31,45,74,14,134,100,62,82,103,37,34,3"/><U125/><E7/><V126/><F107/><W80/><G14/><T86/><D128/><U121/><E121/><V76/><F76/><W79/><G62/><T84/><D127/><N who="2" m="48682" /><F5/><W92/><G31/><T120/><D120/><U59/><E125/><V58/><F135/><W94/><G34/><T85/><D29/><U122/><E122/><V71/><F71/><W93/><G3/><T132/><D132/><U118/><E118/><V116/><F116/><W54/><G134/><T64/><REACH who="0" step="1"/><D9/><REACH who="0" ten="153,250,337,250" step="2"/><U99/><E133/><V36/><F36/><W68/><G37/><T28/><D28/><U55/><E129/><V110/><F110/><W91/><G74/><T33/><D33/><U123/><E123/><V35/><F35/><W114/><G75/><T63/><AGARI ba="0,1" hai="6,8,15,17,19,42,46,51,56,63,64,84,85,86" machi="63" ten="30,4000,0" yaku="1,1,0,1,8,1,53,0" doraHai="108" doraHaiUra="22" who="0" fromWho="0" sc="153,50,250,-20,337,-10,250,-10" /><INIT seed="2,0,0,3,5,111" ten="203,230,327,240" oya="2" hai0="114,49,89,41,76,6,24,86,80,1,130,68,74" hai1="113,60,4,21,17,91,46,95,127,2,78,100,79" hai2="23,93,7,22,20,55,134,59,132,36,43,70,81" hai3="56,45,35,5,101,50,29,51,122,48,26,37,32"/><V119/><F70/><W117/><G117/><T98/><D130/><U106/><E113/><V110/><F119/><W112/><G122/><T18/><D68/><U126/><E46/><V133/><F7/><W99/><G112/><T13/><D114/><U72/><E60/><V88/><F81/><W105/><G5/><T64/><D64/><U103/><E4/><V61/><F110/><W124/><G124/><N who="1" m="47658" /><E2/><V40/><REACH who="2" step="1"/><F36/><REACH who="2" ten="203,230,317,240" step="2"/><W129/><G129/><T65/><D6/><U3/><E3/><V15/><F15/><W25/><G37/><T52/><D1/><U123/><E123/><V73/><F73/><W10/><G56/><T77/><D74/><U107/><E72/><V30/><F30/><W82/><G82/><T125/><D125/><U128/><E128/><V75/><F75/><W16/><G29/><T42/><D13/><N who="1" m="9391" /><E78/><V14/><F14/><W66/><G16/><T38/><D38/><U11/><E79/><V57/><F57/><W27/><G27/><T28/><D18/><U39/><E39/><V8/><F8/><W92/><G10/><T71/><D24/><U19/><E19/><V84/><AGARI ba="0,1" hai="20,22,23,40,43,55,59,61,84,88,93,132,133,134" machi="84" ten="40,12000,1" yaku="1,1,0,1,20,1,54,1,53,0" doraHai="111" doraHaiUra="44" who="2" fromWho="2" sc="203,-40,230,-40,317,130,240,-40" /><INIT seed="2,1,0,3,1,71" ten="163,190,447,200" oya="2" hai0="8,104,126,63,73,56,14,79,42,55,70,100,101" hai1="83,77,19,66,122,33,26,95,32,69,16,132,85" hai2="11,72,37,87,68,130,109,13,123,118,115,120,7" hai3="60,53,92,81,67,4,98,99,12,25,23,34,91"/><V61/><F72/><W47/><G34/><T78/><D126/><U133/><E122/><V135/><F115/><W2/><G2/><T128/><D128/><U18/><E26/><V97/><F118/><W64/><G81/><T1/><D1/><U48/><E48/><V54/><F130/><W57/><G99/><T111/><D111/><U38/><E38/><V27/><F109/><W65/><G12/><T106/><D70/><U134/><REACH who="1" step="1"/><E95/><REACH who="1" ten="163,180,447,200" step="2"/><V93/><F37/><W116/><G116/><T41/><D106/><U119/><E119/><V129/><F129/><W0/><G0/><T108/><D108/><U17/><N who="1" m="4096" /><DORA hai="59" /><U51/><E51/><V105/><F27/><W44/><G4/><N who="0" m="3335" /><D104/><U88/><E88/><N who="2" m="55463" /><F105/><W125/><G125/><T74/><D74/><U36/><E36/><V22/><F123/><W107/><G107/><T124/><D73/><U62/><AGARI ba="1,1" hai="32,33,62,66,69,77,83,85,132,133,134" m="4096" machi="62" ten="50,8000,1" yaku="1,1,0,1,20,1,52,1,54,1,53,0" doraHai="71,59" doraHaiUra="52,102" who="1" fromWho="1" sc="163,-21,180,93,447,-41,200,-21" /><INIT seed="3,0,0,2,3,8" ten="142,273,406,179" oya="3" hai0="48,5,50,37,98,45,33,134,131,20,32,125,62" hai1="67,126,12,123,0,27,124,21,118,81,60,64,75" hai2="128,36,115,61,130,25,129,101,17,74,80,63,110" hai3="24,40,9,86,1,69,76,47,59,93,46,122,91"/><W109/><G69/><T2/><D131/><U120/><E81/><V39/><F115/><W107/><G107/><T53/><D125/><N who="1" m="48235" /><E75/><V77/><F110/><W38/><G122/><N who="1" m="46634" /><E0/><V73/><F73/><W92/><G109/><T114/><D134/><U113/><E113/><V106/><F106/><W108/><G76/><T97/><D114/><U79/><E79/><V7/><F101/><W119/><G119/><T102/><D37/><N who="2" m="14410" /><F7/><W88/><G108/><T52/><D62/><U58/><E118/><V16/><F25/><W18/><G1/><T10/><D20/><U6/><E6/><V55/><F55/><W135/><G24/><T112/><D112/><U30/><E12/><V14/><F17/><W11/><G135/><T41/><D41/><U34/><E67/><V117/><F117/><W78/><G78/><T4/><D4/><U26/><E26/><V82/><F82/><W89/><G40/><T105/><D98/><U57/><E57/><V15/><F15/><W13/><G59/><T35/><D35/><AGARI ba="0,0" hai="21,27,30,34,35,58,60,64" m="46634,48235" machi="35" ten="30,1000,0" yaku="18,1" doraHai="8" who="1" fromWho="0" sc="142,-10,273,10,406,0,179,0" owari="132,-36.8,283,8.3,406,50.6,179,-22.1" /></mjloggm>