<mjloggm ver="2.3"><GO type="225" lobby="0"/><UN n0="%28%EF%BF%A3%E2%96%BD%EF%BF%A3%29%CE%B4%E2%8C%92%E3%83%BB" n1="%72%61%6B%33" n2="%E3%81%AA%E3%81%A1%30%39%32%37" n3="%E3%81%A8%E3%82%93%E3%81%A8%E3%81%93%E3%81%A8%E3%82%93" dan="16,17,16,16" rate="2153.99,2149.91,2069.79,2105.11" sx="M,M,M,M"/><TAIKYOKU oya="0"/><INIT seed="0,0,0,1,2,6" ten="250,250,250,250" oya="0" hai0="39,88,127,100,75,93,135,72,37,118,80,91,70" hai1="95,83,53,33,41,30,107,10,123,8,110,113,102" hai2="29,103,74,44,90,99,92,130,79,97,128,4,5" hai3="82,109,119,101,129,111,78,1,48,69,26,43,133"/><T84/><D70/><U36/><E123/><V89/><F29/><W73/><G119/><T27/><D118/><U50/><E107/><N who="2" m="63983" /><F44/><W0/><G69/><T42/><D135/><U64/><E110/><N who="3" m="41994" /><G129/><N who="2" m="49769" /><F5/><W40/><G133/><T34/><D100/><U24/><E113/><V65/><F65/><W77/><G101/><T98/><D127/><U61/><E83/><N who="2" m="45559" /><F4/><W67/><G67/><T132/><D132/><U47/><E102/><AGARI ba="0,0" hai="89,90,92,99,102" m="45559,49769,63983" machi="102" ten="30,3900,0" yaku="19,1,34,2" doraHai="6" who="2" fromWho="1" sc="250,0,250,-39,250,39,250,0" /><INIT seed="1,0,0,3,3,134" ten="250,211,289,250" oya="1" hai0="55,72,100,130,26,19,102,34,21,97,115,37,99" hai1="4,40,79,7,41,58,75,93,49,31,118,80,73" hai2="32,90,9,135,27,12,101,106,20,121,30,89,3" hai3="0,65,83,69,92,48,43,109,15,24,66,77,36"/><U116/><E75/><V123/><F135/><W82/><G0/><T120/><D72/><U94/><E31/><V95/><F106/><W54/><G109/><T47/><D115/><U126/><E58/><V124/><F101/><W14/><G92/><T85/><D130/><U81/><E73/><V132/><F132/><W16/><G36/><T35/><D120/><U64/><E49/><V45/><F45/><W63/><G43/><T33/><D85/><U17/><E17/><N who="2" m="10279" /><F124/><W22/><G66/><T1/><D1/><U13/><E13/><V103/><F103/><W98/><G98/><T71/><D71/><U50/><E50/><V57/><F57/><W67/><G67/><T117/><D117/><U68/><E64/><V8/><F8/><W91/><G91/><N who="2" m="34825" /><F95/><W107/><G107/><T105/><D55/><U53/><E53/><V52/><F52/><W128/><G128/><T6/><D6/><AGARI ba="0,0" hai="3,6,9,27,30,32,121,123" m="34825,10279" machi="6" ten="30,1000,0" yaku="24,1" doraHai="134" who="2" fromWho="0" sc="250,-10,211,0,289,10,250,0" /><INIT seed="2,0,0,5,0,31" ten="240,211,299,250" oya="2" hai0="134,14,69,65,103,90,108,53,96,130,123,73,107" hai1="99,61,34,132,88,111,13,39,109,75,20,2,105" hai2="41,6,86,58,87,102,129,40,3,29,46,110,60" hai3="79,55,77,78,0,28,11,9,38,44,93,71,68"/><V17/><F129/><W63/><G28/><T104/><D73/><U5/><E39/><V85/><F3/><W83/><G93/><T4/><D130/><U33/><E75/><V50/><F6/><W89/><G38/><T19/><D4/><U133/><E61/><V95/><F110/><N who="1" m="41993" /><E2/><V74/><F74/><W81/><G89/><T32/><D108/><U48/><E48/><V24/><F17/><W112/><G112/><T98/><D134/><N who="1" m="51819" /><E88/><V23/><F41/><W101/><G101/><T30/><D90/><U122/><E122/><V121/><F121/><W52/><G0/><T1/><D1/><U49/><E49/><V18/><F102/><W135/><G135/><T94/><D123/><U8/><E20/><N who="2" m="15495" /><F95/><W15/><G63/><T25/><D98/><U131/><E131/><V106/><F106/><W26/><G68/><T116/><D69/><U80/><E80/><V67/><F87/><W16/><G71/><T76/><D104/><U57/><E57/><V36/><F36/><W126/><G83/><T119/><D107/><U21/><E21/><V84/><F84/><W118/><G81/><T47/><D65/><U64/><E64/><V59/><F59/><W45/><G78/><T27/><D76/><U70/><E70/><V120/><F120/><W37/><G79/><T128/><D128/><U82/><E82/><V10/><F23/><W125/><G77/><T66/><D66/><U7/><E7/><V92/><F92/><W124/><G37/><T22/><REACH who="0" step="1"/><D14/><AGARI ba="0,0" hai="10,14,18,40,46,50,58,60,67,85,86" m="15495" machi="14" ten="30,1500,0" yaku="8,1" doraHai="31" who="2" fromWho="0" sc="240,-15,211,0,299,15,250,0" /><INIT seed="2,1,0,3,4,33" ten="225,211,314,250" oya="2" hai0="88,23,59,116,104,86,87,110,122,72,28,63,19" hai1="3,112,81,97,6,123,90,5,31,114,101,57,132" hai2="85,14,118,40,93,70,91,117,27,46,38,69,128" hai3="89,45,135,80,12,127,119,115,15,44,130,42,102"/><V73/><F128/><W129/><G119/><T103/><D72/><U83/><E31/><V92/><F73/><W84/><G127/><T17/><D116/><U35/><E35/><V16/><F70/><W75/><G135/><T48/><D122/><U41/><E132/><V39/><F69/><W124/><G124/><T4/><D4/><U51/><E123/><V54/><F39/><W67/><G115/><T64/><D110/><U22/><E22/><V52/><F27/><W79/><G102/><T61/><D87/><U20/><E20/><V37/><F37/><W71/><G67/><T96/><D63/><U34/><E34/><V56/><F54/><W13/><G71/><T134/><D48/><U24/><E24/><V65/><F93/><W26/><G26/><T94/><D134/><U120/><E120/><V43/><F43/><W55/><G55/><T78/><D78/><U32/><E32/><V125/><F65/><W7/><G7/><T68/><D68/><U74/><E6/><V25/><F25/><W131/><REACH who="3" step="1"/><G42/><REACH who="3" ten="225,211,314,240" step="2"/><T58/><D28/><U77/><E41/><V10/><F125/><W30/><G30/><T107/><D17/><U0/><E5/><V50/><AGARI ba="1,1" hai="10,14,16,38,40,46,50,52,56,85,91,92,117,118" machi="50" ten="20,7800,0" yaku="0,1,7,1,54,2" doraHai="33" who="2" fromWho="2" sc="225,-27,211,-27,314,91,240,-27" /><INIT seed="2,2,0,1,5,61" ten="198,184,405,213" oya="2" hai0="55,96,20,9,102,134,72,65,124,80,99,63,121" hai1="75,112,79,57,25,51,50,69,56,78,4,5,125" hai2="86,60,53,13,17,107,46,7,85,82,32,91,66" hai3="30,87,90,18,126,28,108,33,29,43,3,129,77"/><V88/><F107/><W52/><G3/><T19/><D121/><U0/><E25/><V64/><F32/><W11/><G33/><T131/><D131/><U115/><E0/><V81/><F7/><W1/><G129/><T45/><D124/><U114/><E69/><V38/><F38/><W74/><G108/><T135/><D9/><U24/><E24/><V109/><F109/><W44/><G126/><T94/><D99/><U116/><E75/><V37/><F37/><W89/><G87/><T84/><D72/><U83/><E83/><V23/><F60/><W36/><G52/><T27/><D55/><U68/><E68/><V117/><F117/><W16/><G18/><T6/><D45/><U42/><E125/><V127/><F127/><W104/><G104/><T31/><D19/><U113/><E113/><V59/><F59/><W35/><G35/><T119/><D6/><U71/><E71/><V14/><F13/><W122/><G122/><T8/><D8/><U21/><E115/><V100/><F100/><W15/><REACH who="3" step="1"/><G1/><REACH who="3" ten="198,184,405,203" step="2"/><T105/><D105/><U10/><E116/><V76/><F76/><W26/><G26/><T106/><D106/><U48/><E114/><V92/><F92/><W73/><G73/><T49/><D119/><U133/><E112/><V34/><F34/><W70/><G70/><N who="0" m="42303" /><D135/><U98/><E133/><V93/><F93/><W97/><G97/><T67/><D134/><U123/><E98/><V130/><F130/><W62/><G62/><T101/><D96/><U120/><E123/><V47/><F47/><W118/><G118/><T12/><D84/><RYUUKYOKU ba="2,1" sc="198,-15,184,-15,405,15,203,15" hai2="14,17,23,46,53,64,66,81,82,85,86,88,91" hai3="11,15,16,28,29,30,36,43,44,74,77,89,90" /><INIT seed="2,3,1,0,5,18" ten="183,169,420,218" oya="2" hai0="97,14,101,13,44,60,90,76,2,37,68,64,16" hai1="61,69,75,50,57,63,73,82,77,11,27,1,116" hai2="22,20,89,93,58,47,32,129,104,84,0,123,79" hai3="36,98,48,35,131,17,100,46,122,87,119,95,127"/><V67/><F123/><W99/><G119/><T54/><D2/><U34/><E116/><V9/><F104/><W28/><G122/><T21/><D76/><U49/><E75/><V80/><F32/><W53/><G36/><T56/><D90/><U59/><E69/><V66/><F129/><W102/><G127/><T94/><D37/><U78/><E78/><V126/><F126/><W107/><G131/><T5/><D44/><U72/><E72/><V33/><F33/><W133/><G17/><T31/><D31/><U62/><E11/><V105/><F105/><W70/><G70/><T4/><REACH who="0" step="1"/><D14/><REACH who="0" ten="173,169,420,218" step="2"/><U117/><E1/><V29/><F47/><W92/><G28/><T114/><D114/><U55/><E117/><V24/><F79/><W118/><G118/><T23/><D23/><U115/><E115/><V110/><F22/><W39/><G39/><T10/><D10/><U88/><E88/><V19/><F0/><W42/><G35/><T130/><D130/><U83/><E34/><V124/><F9/><W52/><G133/><T51/><AGARI ba="3,2" hai="4,5,13,16,21,51,54,56,60,64,68,94,97,101" machi="51" ten="20,8000,1" yaku="1,1,0,1,7,1,52,1,54,1,53,0" doraHai="18" doraHaiUra="41" who="0" fromWho="0" sc="173,109,169,-23,420,-43,218,-23" /><INIT seed="3,0,0,3,3,30" ten="282,146,377,195" oya="3" hai0="48,107,124,74,55,104,18,121,75,66,80,21,24" hai1="50,127,100,32,117,23,38,114,6,9,84,87,26" hai2="90,85,35,67,60,96,123,52,115,69,46,0,34" hai3="39,131,79,63,93,130,92,111,98,108,82,86,78"/><W12/><G39/><T95/><D121/><U51/><E38/><V61/><F115/><W88/><G63/><T33/><D124/><U89/><E114/><V1/><F123/><W57/><G57/><T126/><D126/><U70/><E127/><V49/><F96/><N who="3" m="57351" /><G78/><T15/><D66/><U2/><E117/><V119/><F119/><W125/><G12/><T71/><D71/><U17/><E70/><V37/><F61/><W103/><G125/><T106/><D95/><U73/><E73/><V13/><F13/><W110/><AGARI ba="0,0" hai="79,82,86,93,98,103,108,110,111,130,131" m="57351" machi="110" ten="40,12000,1" yaku="14,1,10,1,34,2,54,1" doraHai="30" who="3" fromWho="3" sc="282,-40,146,-40,377,-40,195,120" /><INIT seed="3,1,0,4,5,86" ten="242,106,337,315" oya="3" hai0="54,116,45,65,82,133,46,25,77,6,3,44,97" hai1="122,62,115,31,48,73,89,47,135,90,27,61,34" hai2="15,105,26,18,114,14,123,7,66,13,56,21,108" hai3="2,72,93,96,10,32,85,39,24,35,131,0,113"/><W91/><G72/><T33/><D133/><U17/><E115/><V95/><F105/><W28/><G113/><T9/><D116/><U104/><E122/><V70/><F70/><W22/><G39/><T57/><D65/><U64/><E135/><V103/><F108/><W88/><G131/><T63/><D97/><U20/><E73/><V58/><F114/><W12/><G32/><T38/><D25/><U106/><E104/><V128/><F128/><W40/><G40/><T50/><D33/><U19/><E106/><V99/><F123/><W69/><G69/><T8/><D8/><U129/><E129/><V112/><F112/><W92/><G35/><T53/><D38/><U59/><E62/><N who="2" m="38215" /><F58/><W68/><G68/><T49/><D63/><U81/><E81/><V118/><F118/><W1/><G1/><T43/><D54/><U79/><E79/><V119/><F119/><W78/><G78/><T121/><D121/><U127/><E127/><V109/><F109/><W75/><G75/><AGARI ba="1,0" hai="3,6,9,43,44,45,46,49,50,53,57,75,77,82" machi="75" ten="30,1000,0" yaku="7,1" doraHai="86" who="0" fromWho="3" sc="242,13,106,0,337,0,315,-13" owari="255,-14.5,106,-39.4,337,43.7,302,10.2" /></mjloggm>