<mjloggm ver="2.3"><GO type="225" lobby="0"/><UN n0="%77%72%77%72%77%72%77%72" n1="%E3%81%AF%E3%81%84%E3%81%A6%E3%82%93%E3%81%BC%E3%83%BC" n2="%E7%99%BD%E6%97%A5%E9%9B%AA%E8%8F%9C" n3="%E8%B6%85%E7%B4%9A%E9%B3%B3%E5%87%B0" dan="16,17,16,16" rate="2166.28,2229.79,2142.25,2135.03" sx="M,M,M,M"/><TAIKYOKU oya="0"/><INIT seed="0,0,0,2,4,36" ten="250,250,250,250" oya="0" hai0="10,92,40,85,19,80,23,73,132,64,41,52,13" hai1="82,9,69,117,55,48,76,62,110,101,53,119,11" hai2="102,125,130,3,113,35,8,46,59,16,133,37,135" hai3="93,32,94,127,96,74,0,129,100,88,120,115,33"/><T39/><D132/><N who="2" m="50762" /><F113/><W27/><G115/><T103/><D64/><U71/><E101/><V111/><F35/><W118/><G118/><T4/><D39/><U84/><E110/><V18/><F111/><W30/><G0/><T134/><D134/><U45/><E71/><V26/><F102/><W106/><G74/><T79/><D73/><U107/><E107/><V121/><F121/><W56/><G120/><T122/><D122/><U89/><E76/><V22/><F125/><W67/><G127/><T2/><REACH who="0" step="1"/><D52/><REACH who="0" ten="240,250,250,250" step="2"/><U6/><E119/><V34/><F37/><W108/><G67/><T61/><D61/><U126/><E117/><V91/><F130/><W50/><G129/><T28/><D28/><U77/><E126/><V66/><F66/><W17/><G30/><T43/><D43/><U72/><E69/><V75/><F75/><W25/><G108/><T7/><D7/><U65/><E65/><V31/><F31/><W58/><G17/><T14/><D14/><U116/><E116/><V83/><F18/><W95/><G50/><T105/><D105/><U15/><E62/><V57/><F16/><W87/><G106/><T86/><D86/><U51/><E51/><V54/><F54/><W114/><G114/><T29/><D29/><U20/><E55/><V21/><F3/><W5/><G5/><T68/><D68/><U112/><E112/><V99/><F59/><W123/><G123/><T49/><D49/><U12/><E12/><V38/><F57/><N who="3" m="22123" /><G87/><T47/><D47/><U97/><E72/><V70/><F46/><W60/><G60/><T1/><D1/><RYUUKYOKU ba="0,1" sc="240,30,250,-10,250,-10,250,-10" hai0="2,4,10,13,19,23,40,41,79,80,85,92,103" /><INIT seed="0,1,1,5,0,67" ten="270,240,240,240" oya="0" hai0="11,99,26,51,80,18,125,118,97,79,56,70,25" hai1="89,22,28,40,94,76,84,63,82,43,53,92,107" hai2="23,87,49,91,60,77,3,110,61,35,86,101,129" hai3="13,78,48,71,112,134,17,115,135,128,83,1,10"/><T64/><D118/><U121/><E121/><V59/><F35/><W19/><G128/><T30/><D125/><U131/><E107/><V73/><F3/><W36/><G36/><T7/><D70/><U44/><E131/><V29/><F129/><W16/><G1/><T102/><D18/><U68/><E94/><V103/><F73/><W54/><G71/><T65/><D51/><U4/><E4/><V38/><F38/><W9/><G115/><T46/><D46/><U39/><E43/><V113/><F113/><W126/><G126/><T81/><D56/><U0/><E0/><V106/><F77/><W122/><G122/><T98/><D102/><U90/><E90/><V32/><F32/><W66/><G66/><N who="0" m="25707" /><D30/><U124/><E124/><V111/><F103/><W93/><G93/><T5/><D11/><U24/><E68/><V62/><F106/><W85/><G112/><T37/><D37/><U27/><E27/><N who="0" m="10249" /><D79/><U8/><E8/><V75/><F101/><W120/><G120/><T119/><D119/><U130/><E130/><V123/><F29/><W20/><G9/><T69/><D69/><U14/><E14/><V15/><F15/><N who="3" m="7287" /><G17/><T55/><D55/><U116/><E116/><V58/><F123/><W42/><G42/><T132/><D132/><U33/><E33/><V47/><F59/><N who="3" m="33223" /><G135/><T52/><D52/><U31/><E31/><V95/><F58/><W117/><G117/><T105/><D105/><U2/><E2/><V127/><F127/><W72/><G134/><T74/><D74/><N who="1" m="43287" /><E53/><V104/><F75/><W6/><G72/><T50/><D50/><RYUUKYOKU ba="1,1" sc="270,10,240,10,240,-30,240,10" hai0="5,7,80,81,97,98,99" hai1="22,24,28,39,40,44,63,84,89,92" hai3="6,13,19,20,78,83,85" /><INIT seed="0,2,1,4,3,75" ten="280,250,210,250" oya="0" hai0="73,69,22,58,6,55,81,79,54,98,83,25,100" hai1="120,123,23,26,30,40,24,65,86,27,85,33,14" hai2="132,106,93,4,11,37,46,57,59,1,74,68,131" hai3="19,121,135,42,49,112,17,71,8,5,50,114,124"/><T34/><D69/><U80/><E65/><V18/><F106/><W15/><G71/><T9/><D34/><U31/><E40/><V56/><F68/><W111/><G111/><T70/><D70/><U88/><E14/><V35/><F35/><W45/><G124/><T91/><D91/><U62/><E62/><V130/><F132/><W116/><G116/><T102/><D83/><U78/><REACH who="1" step="1"/><E27/><REACH who="1" ten="280,240,210,250" step="2"/><V63/><F63/><W21/><G42/><T104/><D25/><U96/><E96/><V51/><F1/><W122/><G15/><T103/><D98/><U127/><E127/><V109/><F109/><W77/><G114/><T126/><D126/><U64/><E64/><V38/><F38/><W107/><G112/><T32/><D54/><U76/><E76/><V115/><F37/><W84/><G77/><T108/><D79/><U99/><E99/><V119/><F115/><W94/><G121/><T7/><D55/><U53/><E53/><V39/><F39/><W133/><G122/><T2/><D2/><U41/><E41/><V129/><F119/><W66/><G66/><T44/><D108/><U92/><AGARI ba="2,2" hai="23,24,26,30,31,33,78,80,85,86,88,92,120,123" machi="92" ten="20,8000,1" yaku="1,1,0,1,7,1,52,1,54,1,53,0" doraHai="75" doraHaiUra="10" who="1" fromWho="1" sc="280,-42,240,106,210,-22,250,-22" /><INIT seed="1,0,0,3,4,60" ten="238,346,188,228" oya="1" hai0="75,59,77,129,42,86,3,93,99,15,63,28,115" hai1="117,114,43,8,68,94,113,56,2,96,82,10,64" hai2="110,70,14,44,92,23,108,83,119,6,26,39,54" hai3="12,126,132,7,107,1,133,123,121,9,122,34,105"/><U131/><E117/><V31/><F119/><W74/><G74/><T67/><D115/><U16/><E68/><V30/><F70/><W62/><G126/><T109/><D3/><U89/><E131/><V38/><F31/><W102/><G62/><T124/><D124/><U78/><E43/><V127/><F127/><W4/><G34/><T118/><D118/><U103/><E2/><V48/><F92/><W47/><G47/><T21/><D75/><U71/><E71/><V111/><REACH who="2" step="1"/><F83/><REACH who="2" ten="238,346,178,228" step="2"/><W66/><G123/><T35/><D28/><U5/><E82/><V116/><F116/><W58/><G122/><T46/><D129/><U37/><E94/><V69/><F69/><W106/><G121/><T130/><D93/><U81/><E81/><V88/><F88/><W84/><G107/><T24/><D130/><U55/><E89/><V17/><F17/><W11/><G105/><T100/><D100/><U135/><E16/><V98/><F98/><W40/><G106/><T76/><D99/><U22/><E96/><V36/><F36/><W0/><G102/><T95/><D95/><U19/><E37/><V85/><F85/><W79/><G84/><T80/><D86/><U112/><E19/><V134/><F134/><W52/><G133/><T13/><D80/><U73/><E135/><V120/><F120/><W72/><G132/><T128/><D128/><U125/><E114/><V57/><F57/><W91/><G58/><T53/><D59/><U104/><E113/><V45/><F45/><W33/><G91/><T101/><D46/><U18/><E112/><V20/><F20/><RYUUKYOKU ba="0,1" sc="238,-10,346,-10,178,30,228,-10" hai2="6,14,23,26,30,38,39,44,48,54,108,110,111" /><INIT seed="2,1,1,5,1,42" ten="228,336,208,218" oya="2" hai0="86,72,100,36,43,49,13,135,37,40,68,15,121" hai1="75,98,114,104,26,73,56,10,102,70,32,65,111" hai2="132,101,116,93,5,120,99,34,83,51,58,39,78" hai3="52,44,122,134,6,35,87,1,91,96,41,12,84"/><V21/><F116/><W94/><G122/><T8/><D121/><U124/><E114/><V33/><F120/><W71/><G71/><T66/><D72/><U59/><E111/><V97/><F39/><W20/><G35/><T108/><D108/><U69/><E124/><V46/><F58/><W131/><G131/><T125/><D125/><U16/><E70/><V18/><F132/><W61/><G134/><T103/><D68/><U62/><E59/><V89/><F5/><W9/><G61/><T76/><D66/><U128/><E56/><V105/><F18/><W22/><G52/><T38/><D135/><U47/><E128/><V57/><F21/><W48/><G1/><T74/><D74/><U106/><E106/><V3/><F3/><W11/><G11/><T115/><D115/><U129/><E129/><V2/><F2/><W25/><REACH who="3" step="1"/><G20/><REACH who="3" ten="228,336,208,208" step="2"/><T63/><D63/><U45/><E10/><V29/><F57/><W55/><G55/><T24/><D8/><U60/><E60/><V19/><F34/><W79/><G79/><T77/><D77/><U123/><E123/><V50/><F33/><W117/><G117/><T30/><D76/><U88/><E32/><V53/><F53/><W27/><G27/><T4/><D24/><U133/><E26/><V31/><F78/><W85/><G85/><T0/><D86/><U23/><E133/><V110/><F110/><W130/><G130/><T95/><D0/><U113/><E75/><V82/><F99/><W112/><G112/><T107/><D40/><U54/><E113/><V118/><F97/><W90/><G90/><RYUUKYOKU ba="1,2" sc="228,-10,336,-10,208,-10,208,30" hai3="6,9,12,22,25,41,44,48,84,87,91,94,96" /><INIT seed="3,2,2,5,1,44" ten="218,326,198,238" oya="3" hai0="42,7,130,70,22,75,116,34,78,9,65,71,120" hai1="131,121,119,63,101,74,43,129,35,106,99,3,0" hai2="27,33,86,87,83,30,124,39,4,80,21,32,51" hai3="66,98,96,48,12,117,37,77,14,67,84,135,6"/><W108/><G117/><T72/><D120/><U90/><E119/><V61/><F39/><W111/><G37/><T81/><D116/><U92/><E121/><V5/><F124/><W73/><G135/><T13/><D34/><U107/><E35/><V122/><F122/><W82/><G73/><T104/><D104/><U20/><E106/><V126/><F126/><W10/><G12/><T114/><D130/><N who="1" m="49675" /><E74/><V132/><F132/><W45/><G98/><T109/><D109/><N who="3" m="42057" /><G96/><T94/><D72/><U57/><E43/><AGARI ba="2,2" hai="6,10,14,43,45,48,66,67,77,82,84" m="42057" machi="43" ten="30,11600,0" yaku="25,1,14,1,10,1,52,1" doraHai="44" who="3" fromWho="1" sc="218,0,326,-122,198,0,238,142" owari="218,1.8,204,-19.6,198,-30.2,380,48.0" /></mjloggm>