<mjloggm ver="2.3"><GO type="225" lobby="0"/><UN n0="%73%6C%69%63%6B%33%31%39" n1="%E5%84%AA%40%41%42%43" n2="%E6%A1%9C%E8%8A%B1%E9%96%83%E3%80%85" n3="%E3%83%AB%E3%83%9B%E3%83%B3%E3%83%87%E3%82%A3%E3%82%A8" dan="17,17,17,17" rate="2154.32,2230.49,2245.70,2198.94" sx="M,M,M,M"/><TAIKYOKU oya="0"/><INIT seed="0,0,0,3,3,0" ten="250,250,250,250" oya="0" hai0="111,74,58,96,30,53,25,29,42,105,34,68,36" hai1="63,49,128,110,120,130,22,19,44,89,59,126,2" hai2="37,79,87,73,43,14,51,75,16,67,134,72,64" hai3="31,45,27,9,119,20,118,125,26,21,131,70,48"/><T39/><D74/><U94/><E120/><V60/><F37/><W121/><G70/><T54/><D68/><U62/><E2/><V56/><F134/><W123/><G48/><T99/><D30/><U97/><E110/><V133/><F133/><W52/><G52/><T95/><D105/><U66/><E63/><V106/><F106/><W15/><G45/><T101/><D111/><U57/><E57/><V127/><F127/><W82/><G82/><T107/><D42/><U100/><E126/><V35/><F35/><W102/><G102/><T78/><D78/><U116/><E116/><N who="3" m="44586" /><G131/><T112/><D53/><U32/><E32/><V86/><F67/><W93/><G93/><T81/><D81/><U28/><E28/><V11/><F79/><W115/><G115/><T23/><D34/><U47/><E100/><V18/><F18/><N who="3" m="12567" /><G125/><T40/><D40/><U50/><E49/><V6/><F43/><W33/><G21/><T113/><D39/><U55/><REACH who="1" step="1"/><E47/><REACH who="1" ten="250,240,250,250" step="2"/><V5/><REACH who="2" step="1"/><F51/><REACH who="2" ten="250,240,240,250" step="2"/><W85/><G121/><T8/><D36/><U1/><E1/><V92/><F92/><W117/><G123/><T114/><D113/><U76/><E76/><V38/><F38/><W135/><G117/><T17/><D114/><U61/><E61/><V104/><F104/><W98/><G135/><T103/><D112/><U129/><E129/><V7/><AGARI ba="0,2" hai="5,6,7,11,14,16,56,60,64,72,73,75,86,87" machi="7" ten="40,12000,2" yaku="1,1,0,1,52,3,54,1,53,0" doraHai="0" doraHaiUra="84" who="2" fromWho="2" sc="250,-60,240,-30,240,140,250,-30" /><INIT seed="1,0,0,3,4,55" ten="190,210,380,220" oya="1" hai0="90,104,88,48,118,125,38,123,117,130,131,112,86" hai1="54,6,60,74,68,94,39,47,17,89,36,77,63" hai2="31,41,121,57,106,101,102,114,9,30,21,16,8" hai3="24,111,98,23,28,14,119,66,42,120,1,79,73"/><U27/><E6/><V116/><F116/><N who="0" m="44650" /><D38/><U0/><E0/><V132/><F121/><W35/><G42/><T109/><D48/><U44/><E74/><V75/><F75/><W97/><G66/><T71/><D71/><U50/><E77/><V59/><F132/><W12/><G120/><T115/><D123/><U108/><E108/><V96/><F41/><W25/><G1/><T128/><D109/><U95/><E27/><V40/><F40/><W134/><G134/><T129/><N who="0" m="32768" /><DORA hai="46" /><T52/><D52/><N who="1" m="29767" /><E17/><V13/><F114/><N who="0" m="43562" /><D125/><U37/><E89/><N who="0" m="34409" /><D86/><U135/><E95/><V82/><F82/><W83/><G111/><T22/><D22/><U105/><E94/><V99/><F21/><W18/><G119/><T122/><D122/><U80/><E80/><V4/><F9/><W20/><G12/><T19/><D19/><AGARI ba="0,0" hai="14,18,19,20,23,24,25,28,35,73,79,83,97,98" machi="19" ten="30,1000,0" yaku="7,1" doraHai="55,46" who="3" fromWho="0" sc="190,-10,210,0,380,0,220,10" /><INIT seed="2,0,0,1,4,132" ten="180,210,380,230" oya="2" hai0="7,23,44,91,37,29,3,51,114,107,112,49,102" hai1="105,120,134,47,66,21,74,72,128,131,80,46,36" hai2="71,82,133,0,109,95,22,14,104,4,54,50,56" hai3="65,86,93,34,129,57,70,8,81,130,116,76,6"/><V101/><F104/><W79/><G34/><T89/><D37/><U124/><E134/><V24/><F133/><W58/><G116/><T31/><D107/><U48/><E105/><V135/><F135/><W33/><G33/><T20/><D102/><U97/><E97/><V108/><F0/><W106/><G106/><T68/><D68/><U119/><E119/><V85/><F71/><W17/><G17/><T63/><D63/><U40/><E66/><V25/><F101/><W113/><G113/><T1/><REACH who="0" step="1"/><D44/><REACH who="0" ten="170,210,380,230" step="2"/><U118/><E118/><V39/><F39/><W83/><G70/><T9/><D9/><U92/><E36/><V15/><F109/><W117/><G8/><T60/><D60/><U32/><E47/><V88/><F108/><W59/><G117/><T13/><D13/><U122/><E46/><V73/><F15/><W2/><G2/><T30/><D30/><U10/><E10/><V45/><F45/><W99/><G129/><T69/><D69/><U16/><E40/><V43/><F43/><W100/><G130/><T18/><D18/><U77/><E48/><V78/><F4/><AGARI ba="0,1" hai="1,3,4,7,20,23,29,31,49,51,89,91,112,114" machi="4" ten="25,3200,0" yaku="1,1,22,2,53,0" doraHai="132" doraHaiUra="115" who="0" fromWho="2" sc="170,42,210,0,380,-32,230,0" /><INIT seed="3,0,0,3,0,114" ten="212,210,348,230" oya="3" hai0="11,18,106,60,5,116,35,17,74,78,79,12,27" hai1="134,120,135,80,38,130,44,31,89,63,30,61,59" hai2="4,3,16,67,34,48,133,10,119,83,15,85,13" hai3="37,64,68,72,41,40,62,45,53,65,128,121,20"/><W19/><G72/><T73/><D106/><U113/><E113/><V108/><F119/><W29/><G29/><N who="1" m="10762" /><E120/><V126/><F34/><W96/><G121/><T101/><D116/><U0/><E0/><V99/><F108/><W47/><G96/><T125/><D35/><U98/><E130/><V131/><F126/><W129/><G64/><T2/><D125/><U71/><E71/><V52/><F133/><N who="1" m="50697" /><E59/><V8/><F67/><W84/><G84/><T95/><D60/><N who="1" m="23115" /><E80/><V97/><F3/><W6/><G53/><T50/><D2/><U22/><E22/><V42/><F131/><W107/><G107/><T26/><D74/><U51/><E38/><V58/><F42/><W122/><G122/><T57/><D73/><U75/><E75/><V36/><F36/><W124/><G124/><T69/><D69/><U109/><E109/><V33/><F33/><W46/><G46/><T25/><D57/><U82/><E82/><V104/><F104/><W92/><G92/><T23/><D50/><U118/><E118/><V112/><F112/><W43/><G43/><T77/><D23/><U110/><E110/><V66/><F66/><W70/><G70/><T54/><D54/><N who="1" m="30055" /><E98/><AGARI ba="0,0" hai="5,11,12,17,18,25,26,27,77,78,79,95,98,101" machi="98" ten="40,1300,0" yaku="8,1" doraHai="114" who="0" fromWho="1" sc="212,13,210,-13,348,0,230,0" owari="225,-17.5,197,-30.3,348,44.8,230,3.0" /></mjloggm>