<mjloggm ver="2.3"><GO type="225" lobby="0"/><UN n0="%72%69%6F%75%63%68%61%6E" n1="%E6%A0%B9%E5%85%83%E3%81%8B%E3%82%89%E5%90%B9%E3%81%A3%E9%A3%9B%E3%81%B6" n2="%6D%75%75%6D%75%72%61" n3="%E3%81%AF%E3%82%88%E3%81%8A%E3%81%98%E3%81%95%E3%82%93" dan="17,16,17,16" rate="2264.49,2167.62,2178.79,2140.37" sx="M,F,F,M"/><TAIKYOKU oya="0"/><INIT seed="0,0,0,2,0,18" ten="250,250,250,250" oya="0" hai0="54,88,55,22,4,104,81,27,42,21,62,44,2" hai1="20,113,96,98,28,86,16,97,52,12,93,71,23" hai2="123,72,131,66,95,107,30,63,15,74,60,11,33" hai3="79,119,19,92,35,5,110,80,13,32,51,116,99"/><T85/><D104/><U56/><E71/><V122/><F107/><W58/><G110/><T106/><D106/><U135/><E135/><V6/><F131/><W29/><G5/><T121/><D121/><U68/><E68/><V7/><F95/><W64/><G29/><T130/><D130/><U31/><E113/><V40/><F40/><W10/><G32/><T84/><D2/><U126/><E126/><V132/><F33/><W90/><G35/><T57/><D4/><U78/><E23/><N who="0" m="8713" /><D27/><U117/><E117/><V102/><F30/><W0/><G0/><T75/><D75/><U61/><E78/><V118/><F118/><W127/><G127/><T8/><D8/><U43/><E43/><V59/><F11/><W50/><G116/><T112/><D112/><U91/><AGARI ba="0,0" hai="12,16,20,28,31,52,56,61,86,91,93,96,97,98" machi="91" ten="30,8000,1" yaku="0,1,8,1,52,1,54,2" doraHai="18" who="1" fromWho="1" sc="250,-40,250,80,250,-20,250,-20" /><INIT seed="1,0,0,4,1,30" ten="210,330,230,230" oya="1" hai0="90,65,122,134,33,70,92,54,81,102,128,73,71" hai1="42,99,129,105,13,77,66,94,83,22,114,84,48" hai2="80,72,130,36,117,45,118,46,111,120,10,12,126" hai3="40,125,0,93,29,51,115,1,16,69,98,58,82"/><U104/><E114/><V34/><F120/><W116/><G69/><T57/><D122/><U5/><E129/><V56/><F111/><W7/><G115/><T2/><D2/><U113/><E66/><V38/><F130/><W108/><G108/><T26/><D128/><U43/><E43/><V106/><F106/><W68/><G68/><T119/><D119/><U63/><E63/><V23/><F126/><W6/><G125/><T55/><D134/><U59/><E59/><V97/><F97/><W18/><G116/><T27/><D102/><U96/><E96/><V110/><F110/><W24/><G0/><T31/><D26/><U103/><E113/><V8/><F56/><W47/><G82/><T127/><D127/><U11/><REACH who="1" step="1"/><E22/><REACH who="1" ten="210,320,230,230" step="2"/><V135/><F23/><W32/><G58/><T79/><D65/><U44/><AGARI ba="0,1" hai="5,11,13,42,44,48,77,83,84,94,99,103,104,105" machi="44" ten="30,12000,1" yaku="1,1,2,1,0,1,25,2,53,0" doraHai="30" doraHaiUra="62" who="1" fromWho="1" sc="210,-40,320,130,230,-40,230,-40" /><INIT seed="1,1,0,3,5,23" ten="170,450,190,190" oya="1" hai0="70,36,24,124,114,68,27,112,65,43,76,133,88" hai1="130,19,57,26,83,5,117,90,98,49,77,131,4" hai2="81,126,20,33,54,89,125,35,6,3,71,48,66" hai3="93,63,41,96,116,9,105,113,129,55,132,44,104"/><U100/><E117/><V32/><F71/><W45/><G113/><T21/><D76/><U60/><E49/><V56/><F66/><W128/><G132/><T7/><D7/><U42/><E42/><V69/><F69/><W97/><G116/><T73/><D73/><U53/><E131/><N who="3" m="50250" /><G9/><T87/><D133/><U78/><E130/><V85/><F3/><W134/><G134/><T82/><D124/><U51/><E51/><V58/><F6/><W30/><G30/><T2/><D2/><U115/><E115/><V1/><F1/><W119/><G119/><T108/><D108/><U59/><E59/><V46/><REACH who="2" step="1"/><F20/><REACH who="2" ten="170,450,180,190" step="2"/><W75/><G104/><T84/><D68/><U34/><E34/><V40/><F40/><W86/><G105/><T121/><D65/><U11/><E100/><V118/><F118/><W123/><G41/><T72/><D70/><U135/><E4/><V16/><F16/><W28/><G28/><T107/><D107/><U15/><E135/><V67/><F67/><W29/><G29/><T13/><D112/><U50/><E5/><V61/><F61/><W47/><G63/><T64/><D114/><U111/><E60/><V14/><F14/><W120/><G55/><T101/><D64/><U37/><E15/><V74/><F74/><W122/><G75/><T106/><D72/><U8/><E53/><V17/><F17/><W103/><G122/><T39/><D121/><N who="3" m="46665" /><G103/><T31/><D43/><U92/><E19/><V52/><F52/><W95/><G95/><N who="0" m="54663" /><D13/><U109/><E92/><V94/><F94/><W110/><G110/><T62/><D31/><RYUUKYOKU ba="1,1" sc="170,-15,450,-15,180,15,190,15" hai2="32,33,35,46,48,54,56,58,81,85,89,125,126" hai3="44,45,47,86,93,96,97" /><INIT seed="2,2,1,4,5,38" ten="155,435,195,205" oya="2" hai0="113,133,2,30,117,15,53,121,8,41,108,54,83" hai1="42,67,4,51,134,95,33,114,120,49,29,101,56" hai2="50,16,0,112,11,122,129,19,47,55,75,107,82" hai3="43,135,109,20,32,24,110,73,52,126,78,18,65"/><V1/><F112/><W60/><G126/><T100/><D121/><U35/><E114/><V90/><F122/><W36/><G135/><T34/><D113/><U58/><E134/><V76/><F107/><W5/><G5/><T92/><D133/><U104/><E104/><V128/><F90/><W70/><G32/><T12/><D108/><N who="3" m="41577" /><G52/><N who="0" m="20075" /><D34/><U27/><E4/><V40/><F55/><W64/><G65/><T46/><D2/><U127/><E127/><V130/><F19/><W22/><G22/><T28/><D117/><U74/><E74/><V88/><F88/><W72/><G78/><T98/><D83/><U119/><E119/><V68/><F68/><W118/><G118/><T37/><D37/><U79/><E79/><V48/><F48/><W6/><G6/><N who="0" m="3095" /><D15/><AGARI ba="2,1" hai="0,1,11,15,16,40,47,50,75,76,82,128,129,130" machi="15" ten="40,7700,0" yaku="19,1,52,1,54,1" doraHai="38" who="2" fromWho="0" sc="155,-83,435,0,195,93,205,0" /><INIT seed="2,3,0,1,4,38" ten="72,435,288,205" oya="2" hai0="110,84,113,32,8,99,20,123,98,120,78,100,101" hai1="125,134,17,103,130,118,45,33,126,5,131,34,28" hai2="4,124,109,57,49,55,111,19,127,128,25,40,60" hai3="47,71,70,21,133,53,3,69,10,35,112,41,80"/><V72/><F72/><W104/><G35/><N who="1" m="13322" /><E118/><V114/><F4/><W82/><G104/><T94/><D32/><U132/><E103/><V81/><F81/><W76/><G133/><N who="1" m="51306" /><E45/><N who="2" m="25767" /><F114/><W31/><G112/><T29/><D110/><N who="2" m="41994" /><F128/><N who="1" m="49193" /><E28/><V61/><F61/><W18/><G31/><T117/><D113/><U23/><E5/><V115/><F115/><W16/><G18/><T62/><D117/><U36/><E36/><V89/><F89/><W39/><G76/><T68/><D78/><U92/><E92/><V86/><F86/><W67/><G80/><T30/><D84/><U66/><E66/><V46/><F46/><W63/><G53/><T22/><D94/><U85/><E85/><V44/><F44/><W27/><G82/><T135/><D135/><U9/><E9/><V96/><F96/><W24/><G10/><T58/><D8/><U107/><E107/><V83/><F83/><W88/><G88/><T6/><D6/><U59/><E59/><V97/><F97/><W43/><G69/><T122/><D58/><U87/><E87/><V1/><F1/><W42/><G3/><T7/><D7/><U0/><E0/><V105/><F105/><W52/><G70/><T2/><D2/><U54/><E54/><V48/><F48/><N who="3" m="28703" /><G39/><T95/><D68/><U15/><AGARI ba="3,0" hai="15,17,23,125,126" m="49193,51306,13322" machi="15" ten="40,12000,2" yaku="30,2,20,1,19,1,34,2" doraHai="38" who="1" fromWho="1" sc="72,-33,435,129,288,-63,205,-33" /><INIT seed="3,0,0,5,2,51" ten="39,564,225,172" oya="3" hai0="114,72,80,85,99,89,33,111,54,112,73,122,36" hai1="62,108,133,75,59,96,78,125,71,53,0,82,135" hai2="1,56,83,95,32,87,45,105,68,128,58,18,132" hai3="76,74,101,34,109,29,66,123,93,12,4,22,79"/><W61/><G123/><T117/><D33/><U7/><E108/><V113/><F105/><W118/><G118/><T88/><D36/><U25/><E125/><V3/><F68/><W103/><G109/><T10/><D10/><U104/><E71/><V97/><F32/><W121/><G121/><T92/><D111/><U21/><E7/><V129/><F113/><W57/><G74/><T17/><D17/><U2/><E96/><V16/><F132/><N who="1" m="50761" /><E104/><V127/><F45/><W69/><G69/><T65/><D65/><U126/><E126/><V98/><F127/><W49/><G49/><T116/><D122/><U91/><E91/><V39/><F39/><W63/><G63/><T55/><D73/><U102/><E102/><V6/><F6/><W27/><G101/><T11/><D72/><U120/><E120/><V23/><F95/><W134/><G134/><T48/><D11/><U130/><E130/><V24/><F87/><W52/><G66/><T5/><D5/><U64/><E64/><V28/><F83/><W70/><G70/><T26/><D26/><U40/><E40/><V67/><F67/><W90/><G103/><T30/><D30/><AGARI ba="0,0" hai="0,2,21,25,30,53,59,62,75,78,82" m="50761" machi="30" ten="30,2000,0" yaku="20,1,52,1" doraHai="51" who="1" fromWho="0" sc="39,-20,564,20,225,0,172,0" owari="19,-48.1,584,68.4,225,2.5,172,-22.8" /></mjloggm>