<mjloggm ver="2.3"><GO type="225" lobby="0"/><UN n0="%47%32%E9%BE%8D%E9%96%80" n1="%E3%81%A9%E3%82%8F%E3%82%93%E3%81%94" n2="%E3%82%82%E3%81%90%E3%82%89" n3="%72%69%6F%75%63%68%61%6E" dan="16,16,16,16" rate="2091.27,2166.05,2185.88,2144.84" sx="M,M,M,M"/><TAIKYOKU oya="0"/><INIT seed="0,0,0,0,2,13" ten="250,250,250,250" oya="0" hai0="102,81,73,122,45,84,57,66,56,8,34,121,49" hai1="111,77,59,15,110,70,35,95,112,101,14,113,44" hai2="9,91,109,99,32,19,71,18,72,2,27,133,97" hai3="119,93,60,94,3,126,52,108,68,120,67,105,58"/><T88/><D34/><U132/><E70/><V76/><F71/><W31/><G119/><T63/><D102/><U83/><E35/><V135/><F109/><N who="1" m="41481" /><E44/><V130/><F130/><W0/><G108/><T20/><D73/><N who="1" m="43439" /><E59/><V123/><F123/><W53/><G126/><T48/><D20/><U107/><E107/><V36/><F36/><W118/><G118/><T42/><REACH who="0" step="1"/><D8/><REACH who="0" ten="240,250,250,250" step="2"/><U51/><E132/><V78/><F72/><W7/><G120/><T89/><D89/><U131/><E131/><V98/><F91/><W104/><G104/><T61/><D61/><U26/><E113/><V46/><F32/><W85/><G105/><T79/><D79/><U128/><E112/><V33/><F78/><W86/><G60/><T80/><D80/><U1/><E128/><V92/><F76/><W103/><G103/><T75/><D75/><U6/><E101/><V12/><F92/><W10/><G94/><T82/><D82/><U115/><E115/><V62/><F62/><N who="3" m="38359" /><G93/><T23/><D23/><U17/><E95/><V117/><F33/><W116/><G116/><T106/><D106/><U100/><E100/><V125/><F117/><W87/><G87/><T55/><AGARI ba="0,1" hai="42,45,48,49,55,56,57,63,66,81,84,88,121,122" machi="55" ten="30,11700,0" yaku="1,1,0,1,54,1,53,1" doraHai="13" doraHaiUra="37" who="0" fromWho="0" sc="240,127,250,-39,250,-39,250,-39" /><INIT seed="0,1,0,4,0,129" ten="367,211,211,211" oya="0" hai0="56,70,78,1,87,25,93,75,24,27,120,68,32" hai1="119,102,111,42,67,96,112,101,118,114,113,2,128" hai2="45,26,18,52,85,109,10,122,17,34,74,86,46" hai3="123,57,58,115,7,41,94,126,116,61,81,8,106"/><T63/><D120/><U103/><E67/><V60/><F122/><W0/><G123/><T16/><D1/><U65/><E65/><V14/><F74/><W12/><G115/><T15/><D32/><U84/><E42/><V20/><F109/><W72/><G116/><N who="1" m="44586" /><E2/><V99/><F34/><W4/><G126/><T36/><D36/><U88/><E111/><V135/><F135/><W80/><G106/><T130/><D130/><U71/><E71/><V29/><F29/><W43/><G94/><T83/><D93/><N who="1" m="54407" /><E128/><V51/><F60/><W23/><G57/><T133/><D75/><U53/><E53/><V28/><F28/><W89/><G81/><T127/><D127/><U62/><E62/><V73/><F73/><W132/><G132/><T124/><D133/><U97/><AGARI ba="1,0" hai="96,97,101,102,103,112,113,114" m="54407,44586" machi="97" ten="40,8000,1" yaku="11,1,34,2,54,1" doraHai="129" who="1" fromWho="1" sc="367,-41,211,83,211,-21,211,-21" /><INIT seed="1,0,0,0,5,130" ten="326,294,190,190" oya="1" hai0="87,17,91,127,3,135,60,100,54,107,40,26,124" hai1="13,33,1,113,52,90,83,36,45,76,80,114,67" hai2="94,63,119,42,11,4,2,89,31,70,112,116,126" hai3="64,106,84,50,109,34,0,129,96,62,77,122,32"/><U108/><E33/><V101/><F126/><N who="0" m="48170" /><D3/><U29/><E1/><V55/><F112/><W128/><G109/><T12/><D135/><U15/><E29/><V20/><F42/><W120/><G0/><T99/><D40/><U98/><E108/><V7/><F7/><W53/><G77/><T66/><D54/><U75/><E67/><V78/><F101/><N who="3" m="62759" /><G84/><T35/><D26/><U43/><E83/><V81/><F31/><W14/><G14/><T71/><D35/><N who="3" m="13353" /><G50/><T16/><D12/><U65/><E65/><V105/><F105/><W27/><G27/><T9/><D9/><U57/><E113/><V118/><F20/><W8/><G53/><T68/><D68/><U5/><E5/><V18/><F70/><N who="3" m="42263" /><G8/><T24/><D24/><U49/><REACH who="1" step="1"/><E114/><REACH who="1" ten="326,284,190,190" step="2"/><V125/><F2/><W51/><G51/><T102/><D102/><U28/><E28/><V38/><F125/><W59/><G59/><T21/><D21/><U39/><E39/><V86/><F38/><W117/><G117/><T6/><D6/><U92/><AGARI ba="0,1" hai="13,15,36,43,45,49,52,57,75,76,80,90,92,98" machi="92" ten="30,11700,0" yaku="1,1,0,1,54,1,53,1" doraHai="130" doraHaiUra="95" who="1" fromWho="1" sc="326,-39,284,127,190,-39,190,-39" /><INIT seed="1,1,0,4,3,102" ten="287,411,151,151" oya="1" hai0="61,113,49,110,126,59,9,73,134,71,96,54,83" hai1="94,121,16,64,88,66,58,51,48,14,55,120,19" hai2="70,18,114,100,25,5,101,91,68,62,47,92,30" hai3="34,23,39,52,38,74,97,109,106,115,31,63,117"/><U131/><E131/><V93/><F114/><W53/><G115/><T81/><D113/><U86/><E121/><V57/><F5/><W90/><G34/><T132/><D110/><U4/><E120/><V17/><F47/><W98/><G74/><T130/><D130/><U28/><E28/><V0/><F0/><W67/><G109/><T22/><D126/><U20/><E4/><V79/><F79/><W21/><G117/><T116/><D116/><U7/><E7/><V84/><F70/><W111/><G111/><T107/><D9/><N who="1" m="6223" /><E51/><V103/><F93/><W118/><G118/><T119/><D22/><N who="3" m="8201" /><G90/><T85/><D73/><U15/><AGARI ba="1,0" hai="15,19,20,48,55,58,64,66,86,88,94" m="6223" machi="15" ten="30,11700,0" yaku="25,1,8,1,54,2" doraHai="102" who="1" fromWho="1" sc="287,-40,411,120,151,-40,151,-40" /><INIT seed="1,2,0,0,0,118" ten="247,531,111,111" oya="1" hai0="103,54,132,100,92,58,110,39,40,95,64,71,17" hai1="16,68,109,77,14,115,30,0,119,50,11,46,35" hai2="7,24,88,114,26,120,33,80,1,8,27,87,131" hai3="3,59,123,117,81,51,13,32,20,52,34,15,86"/><U48/><E119/><V23/><F131/><W76/><G123/><T85/><D110/><U90/><E115/><V106/><F106/><W84/><G3/><T28/><D132/><U107/><E68/><V38/><F38/><W63/><G117/><T45/><D28/><U55/><E107/><V5/><F114/><W2/><G2/><T57/><D17/><U53/><E109/><V60/><F33/><W18/><G86/><T29/><D29/><U31/><E0/><V37/><F37/><W93/><G93/><N who="0" m="35915" /><D58/><U127/><E127/><V83/><F120/><W21/><G63/><N who="0" m="40351" /><D85/><U89/><E77/><V75/><F7/><W36/><G36/><T65/><D65/><U125/><E125/><V25/><F60/><W96/><G96/><T73/><D73/><U124/><E124/><V61/><F61/><W122/><G122/><T12/><D12/><U72/><E72/><V121/><F121/><W101/><G101/><T49/><AGARI ba="2,0" hai="39,40,45,49,54,57,100,103" m="40351,35915" machi="49" ten="30,1100,0" yaku="24,1" doraHai="118" who="0" fromWho="0" sc="247,17,531,-7,111,-5,111,-5" /><INIT seed="2,0,0,2,4,69" ten="264,524,106,106" oya="2" hai0="7,50,11,98,95,109,61,71,18,12,77,133,20" hai1="42,82,96,70,134,45,10,86,103,89,14,123,100" hai2="128,24,17,2,79,54,127,67,37,36,19,6,135" hai3="27,25,58,105,119,49,31,13,65,99,125,101,59"/><V118/><F118/><W120/><G119/><T9/><D109/><U21/><E134/><V35/><F67/><W38/><G120/><T75/><D133/><U129/><E70/><V43/><F135/><W92/><G125/><T117/><D117/><U73/><E73/><V93/><F43/><W124/><G124/><T72/><D50/><U63/><E129/><V40/><F40/><W22/><G38/><T90/><D77/><U94/><E123/><V88/><F127/><W60/><G13/><T29/><D29/><U115/><E21/><V26/><F79/><W66/><G25/><T44/><D44/><U57/><E115/><V114/><F114/><W87/><G87/><T81/><D81/><U55/><E45/><V23/><F128/><W56/><G65/><T52/><D11/><U32/><E42/><V84/><F54/><W15/><G105/><T130/><D130/><U39/><E39/><V80/><F80/><W113/><G113/><T64/><D52/><U74/><E32/><V4/><F35/><W1/><G1/><AGARI ba="0,0" hai="1,7,9,12,18,20,61,64,71,72,75,90,95,98" machi="1" ten="30,1000,0" yaku="7,1" doraHai="69" who="0" fromWho="3" sc="264,10,524,0,106,0,106,-10" /><INIT seed="3,0,0,5,5,75" ten="274,524,106,96" oya="3" hai0="16,134,104,72,91,60,57,124,112,55,82,19,94" hai1="121,59,79,37,89,51,108,3,4,10,26,46,36" hai2="128,38,20,5,29,133,115,130,95,113,92,40,101" hai3="34,123,71,76,30,109,87,42,129,53,135,22,117"/><W122/><G117/><T120/><D104/><U65/><E108/><V61/><F133/><W50/><G34/><T127/><D120/><U103/><E103/><V8/><F61/><W68/><G135/><T86/><D112/><U119/><E119/><V69/><F69/><W74/><G74/><T35/><D35/><U83/><E121/><N who="3" m="46090" /><G30/><T52/><D134/><U17/><E89/><V56/><F56/><N who="3" m="32823" /><G22/><T125/><D55/><U41/><E65/><V15/><F115/><W43/><G87/><N who="0" m="52607" /><D72/><U70/><E70/><N who="3" m="26666" /><G76/><AGARI ba="0,0" hai="16,19,52,57,60,76,82,86,124,125,127" m="52607" machi="76" ten="30,7700,0" yaku="18,1,52,1,54,2" doraHai="75" who="0" fromWho="3" sc="274,77,524,0,106,0,96,-77" owari="351,15.1,524,62.4,106,-29.4,19,-48.1" /></mjloggm>