<mjloggm ver="2.3"><GO type="225" lobby="0"/><UN n0="%E4%B8%89%E6%A7%93%E5%AD%90" n1="%E3%82%A2%E3%83%BC%E3%83%A2%E3%83%AD%E3%83%BC%E3%83%B4%E3%82%A1" n2="%72%61%6B%33" n3="%E6%80%AA%E3%81%97%E3%81%99%E3%81%8E%E3%82%8B%E3%83%81%E3%83%BC" dan="16,16,17,16" rate="2053.64,2135.95,2257.11,2105.23" sx="F,M,M,M"/><TAIKYOKU oya="0"/><INIT seed="0,0,0,1,4,115" ten="250,250,250,250" oya="0" hai0="4,68,30,118,9,19,96,61,110,7,83,49,73" hai1="131,88,76,45,29,60,25,15,133,39,99,105,70" hai2="21,122,114,135,33,94,93,20,36,16,67,130,87" hai3="14,124,120,132,13,85,18,48,46,80,35,63,43"/><T52/><D30/><U116/><E133/><V98/><F33/><W113/><G113/><T58/><D118/><U55/><E131/><V5/><F114/><W65/><G35/><T127/><D127/><U126/><E126/><V62/><F122/><W56/><G132/><T28/><D28/><U106/><E76/><V128/><F135/><W86/><G120/><T22/><D110/><U53/><E15/><V41/><F5/><W54/><G124/><T72/><D96/><U71/><E116/><V11/><F87/><W66/><G14/><T91/><D9/><U40/><E106/><V78/><F78/><W26/><G26/><T44/><D68/><U102/><E88/><N who="2" m="55591" /><F94/><W111/><G111/><T79/><D91/><U100/><E102/><V104/><F104/><W90/><REACH who="3" step="1"/><G85/><REACH who="3" ten="250,250,250,240" step="2"/><T57/><D73/><U107/><E107/><V32/><F32/><W59/><G59/><T3/><D58/><U92/><E71/><V95/><F130/><W97/><G97/><T103/><D3/><U37/><E105/><V6/><F128/><W27/><G27/><T64/><REACH who="0" step="1"/><D103/><REACH who="0" ten="240,250,250,240" step="2"/><U42/><E70/><V77/><F11/><AGARI ba="0,2" hai="11,13,18,43,46,48,54,56,63,65,66,80,86,90" machi="11" ten="30,3900,0" yaku="1,1,7,1,8,1,53,0" doraHai="115" doraHaiUra="119" who="3" fromWho="2" sc="240,0,250,0,250,-39,240,59" /><INIT seed="1,0,0,5,5,40" ten="240,250,211,299" oya="1" hai0="52,31,22,1,2,110,32,103,19,17,38,46,71" hai1="78,3,61,25,94,56,79,42,15,0,67,133,21" hai2="107,44,100,91,115,80,53,105,65,16,116,128,118" hai3="66,88,122,5,34,81,92,37,28,87,120,63,108"/><U75/><E133/><V30/><F128/><W24/><G37/><T68/><D110/><U131/><E131/><V33/><F115/><W47/><G108/><T132/><D132/><U119/><E119/><V13/><F65/><W83/><G5/><T18/><D32/><U72/><E15/><V93/><F80/><W7/><G7/><T73/><D73/><U106/><E106/><V41/><F53/><W20/><G47/><T85/><D103/><U26/><E42/><V82/><F82/><W101/><G34/><T99/><D99/><U113/><E113/><V6/><F6/><W98/><REACH who="3" step="1"/><G81/><REACH who="3" ten="240,250,211,289" step="2"/><T60/><D38/><U117/><E117/><V89/><F118/><W36/><G36/><T54/><D46/><U50/><E0/><V10/><F116/><W111/><G111/><T11/><D2/><U125/><E3/><V45/><F45/><W76/><G76/><T109/><D1/><U112/><E78/><V114/><F114/><W74/><G74/><T130/><D109/><U62/><E79/><V129/><F129/><W9/><G9/><T23/><D11/><U84/><E112/><V27/><F100/><W59/><AGARI ba="0,1" hai="20,24,28,59,63,66,83,87,88,92,98,101,120,122" machi="59" ten="20,12000,2" yaku="1,1,0,1,7,1,25,2,54,1,53,0" doraHai="40" doraHaiUra="8" who="3" fromWho="3" sc="240,-30,250,-60,211,-30,289,130" /><INIT seed="2,0,0,3,1,47" ten="210,190,181,419" oya="2" hai0="56,43,70,93,125,53,15,85,100,114,51,32,89" hai1="102,110,20,60,81,39,27,12,67,46,133,30,116" hai2="90,130,69,131,95,0,77,24,92,96,35,105,64" hai3="71,108,28,29,50,97,109,7,62,4,19,135,118"/><V94/><F0/><W21/><G118/><T75/><D114/><U23/><E116/><V101/><F77/><W87/><G135/><T36/><D32/><U2/><E2/><V72/><F72/><W103/><G50/><T107/><D75/><U126/><E133/><V113/><F113/><W9/><G87/><T80/><D70/><U38/><E110/><N who="3" m="42602" /><G62/><T22/><D125/><U63/><E126/><V49/><F49/><W78/><G71/><T86/><D36/><U3/><E60/><N who="2" m="40071" /><F90/><W58/><G58/><T18/><D43/><U120/><E39/><V40/><F40/><W68/><G68/><T124/><D124/><U112/><E112/><V117/><F117/><W65/><G65/><T31/><D107/><U83/><E38/><V57/><F57/><W59/><G78/><T115/><D115/><U73/><E73/><V132/><F132/><W104/><G59/><T122/><D122/><U55/><E120/><V37/><F37/><W1/><G7/><T54/><D100/><U106/><E46/><V129/><F94/><W123/><G123/><T121/><D121/><U33/><E67/><V41/><F41/><W8/><G8/><T79/><D53/><U16/><E55/><V48/><F48/><W17/><G17/><T88/><D31/><AGARI ba="0,0" hai="24,31,35,92,95,96,101,105,129,130,131" m="40071" machi="31" ten="30,2900,0" yaku="25,1,19,1" doraHai="47" who="2" fromWho="0" sc="210,-29,190,0,181,29,419,0" /><INIT seed="2,1,0,5,4,1" ten="181,190,210,419" oya="2" hai0="54,19,112,11,45,31,30,92,68,8,126,86,35" hai1="90,82,94,76,3,124,131,128,134,15,87,55,118" hai2="77,121,24,27,98,83,25,114,81,93,10,44,104" hai3="21,71,32,38,60,12,75,67,36,53,109,80,34"/><V0/><F114/><W64/><G109/><T65/><D112/><U6/><E118/><V70/><F121/><W79/><G67/><T41/><D35/><U135/><E3/><V29/><F70/><W97/><G32/><T74/><D74/><U120/><E55/><V43/><F104/><W5/><G34/><T132/><D132/><N who="1" m="50731" /><E120/><V58/><F58/><W103/><G53/><T63/><D126/><U119/><E119/><V127/><F127/><W73/><G73/><T123/><D123/><U59/><E59/><V100/><F29/><W101/><G101/><T111/><D111/><U22/><E124/><V99/><F99/><W17/><G5/><T107/><D107/><AGARI ba="1,0" hai="12,17,21,36,38,60,64,71,75,79,80,97,103,107" machi="107" ten="30,1000,0" yaku="7,1" doraHai="1" who="3" fromWho="0" sc="181,-13,190,0,210,0,419,13" /><INIT seed="3,0,0,5,2,71" ten="168,190,210,432" oya="3" hai0="56,72,49,21,20,9,78,124,68,70,94,127,43" hai1="117,39,111,19,114,83,48,14,82,12,108,53,2" hai2="133,91,99,87,58,123,62,45,86,50,35,65,0" hai3="10,34,106,120,33,79,126,38,75,95,36,32,77"/><W26/><G95/><T59/><D43/><U27/><E114/><V37/><F37/><W104/><G26/><T118/><D118/><U8/><E2/><V29/><F0/><W18/><G126/><N who="0" m="48171" /><D94/><U90/><E117/><V3/><F3/><W88/><G88/><T61/><D78/><U52/><E39/><V97/><F87/><W115/><G34/><T64/><D72/><U119/><E119/><V60/><F60/><W80/><G80/><N who="1" m="30762" /><E27/><V122/><F86/><W13/><G33/><T132/><D9/><N who="1" m="6543" /><E48/><V116/><F116/><W92/><G92/><T1/><D1/><U125/><E90/><V76/><F91/><W40/><G40/><T73/><D73/><U22/><E22/><V4/><F76/><W110/><G32/><T63/><D21/><U74/><E74/><V112/><F35/><W25/><G38/><T121/><D20/><U134/><E125/><V100/><F99/><W51/><G36/><T28/><D28/><U5/><E134/><V15/><F133/><W69/><G106/><T24/><D24/><U41/><E41/><V31/><F31/><W102/><G25/><T84/><D132/><U98/><E98/><V23/><F29/><W16/><G75/><T129/><D84/><U131/><E131/><V66/><F23/><W57/><G104/><T85/><D85/><U42/><E42/><V54/><F97/><W67/><G79/><T11/><D129/><U103/><E103/><V130/><F100/><W96/><G102/><T81/><D11/><U101/><E101/><V93/><F130/><W128/><G128/><T105/><D105/><RYUUKYOKU ba="0,0" sc="168,-10,190,30,210,-10,432,-10" hai1="5,8,14,52,53,108,111" owari="158,-34.2,220,2.0,200,-20.0,422,52.2" /></mjloggm>