<mjloggm ver="2.3"><GO type="225" lobby="0"/><UN n0="%E3%81%9F%E3%81%A3%E3%81%A1%E3%82%87" n1="%45%6C%79%73%69%75%6D" n2="%E3%81%A9%E3%82%8F%E3%82%93%E3%81%94" n3="%72%61%6B%33" dan="16,17,16,17" rate="2065.89,2112.02,2153.26,2285.81" sx="M,F,M,M"/><TAIKYOKU oya="0"/><INIT seed="0,0,0,4,3,8" ten="250,250,250,250" oya="0" hai0="105,114,104,128,4,59,94,54,74,49,14,79,32" hai1="63,50,88,19,2,26,65,15,41,22,90,133,11" hai2="28,109,100,24,36,131,17,43,71,97,33,47,91" hai3="69,73,39,51,80,107,99,13,89,93,61,56,127"/><T106/><D114/><U58/><E2/><V34/><F109/><W62/><G39/><T103/><D32/><U52/><E41/><V113/><F131/><W7/><G127/><T116/><D116/><U81/><E81/><V42/><F113/><W44/><G69/><T86/><D74/><U16/><REACH who="1" step="1"/><E133/><REACH who="1" ten="250,240,250,250" step="2"/><V1/><F43/><W40/><G80/><T68/><D128/><U132/><E132/><V75/><F1/><W112/><G112/><T55/><D79/><U102/><E102/><V121/><F100/><W57/><G73/><T101/><D68/><AGARI ba="0,1" hai="11,15,16,19,22,26,50,52,58,63,65,68,88,90" machi="68" ten="30,12000,2" yaku="1,1,7,1,52,1,54,3,53,0" doraHai="8" doraHaiUra="25" who="1" fromWho="0" sc="250,-120,240,130,250,0,250,0" /><INIT seed="1,0,0,2,4,57" ten="130,370,250,250" oya="1" hai0="119,64,77,102,13,61,6,51,68,76,113,78,28" hai1="58,95,133,38,99,115,82,88,25,43,91,110,49" hai2="0,81,71,54,60,56,107,63,59,129,50,45,9" hai3="32,3,87,17,41,131,74,16,90,111,84,120,132"/><U14/><E115/><V127/><F107/><W104/><G74/><T33/><D113/><U118/><E118/><V114/><F114/><W67/><G120/><T30/><D119/><U12/><E133/><V97/><F129/><W11/><G104/><T73/><D33/><U105/><E105/><V20/><F71/><W2/><G32/><T72/><D102/><U109/><E25/><V23/><F127/><W70/><G41/><T52/><D72/><U93/><E82/><V5/><F97/><W36/><G36/><T85/><D85/><U4/><E38/><V62/><F81/><W31/><G31/><T125/><D125/><U42/><E4/><V79/><F79/><W86/><G111/><N who="1" m="42506" /><E58/><V1/><F1/><W39/><G2/><T65/><D73/><U83/><E83/><V48/><REACH who="2" step="1"/><F59/><REACH who="2" ten="130,370,240,250" step="2"/><W27/><G3/><T35/><D68/><U116/><E116/><V103/><F103/><W100/><G100/><T89/><D89/><U55/><E91/><V122/><F122/><W75/><G90/><T128/><D128/><U34/><E95/><V15/><F15/><W37/><G131/><T130/><D130/><U121/><E12/><V40/><AGARI ba="0,1" hai="0,5,9,20,23,40,45,48,50,54,56,60,62,63" machi="40" ten="30,8000,1" yaku="1,1,0,1,52,3,53,0" doraHai="57" doraHaiUra="10" who="2" fromWho="2" sc="130,-20,370,-40,240,90,250,-20" /><INIT seed="2,0,0,1,4,22" ten="110,330,330,230" oya="2" hai0="39,88,89,132,112,79,15,16,84,17,121,46,24" hai1="9,27,37,10,109,14,65,28,41,64,59,40,69" hai2="107,76,67,2,98,23,36,20,57,127,44,106,131" hai3="30,90,7,29,86,114,66,110,25,82,75,95,118"/><V100/><F2/><W105/><G110/><T61/><D112/><U11/><E69/><V42/><F131/><W125/><G125/><T94/><D121/><U3/><E109/><V74/><F127/><W122/><G118/><T80/><D132/><U48/><E3/><V126/><F126/><W97/><G114/><T104/><D104/><U8/><E37/><V6/><F6/><W134/><G134/><T60/><D39/><U129/><E129/><V12/><F107/><W71/><G7/><T115/><D115/><U102/><E102/><V63/><REACH who="2" step="1"/><F12/><REACH who="2" ten="110,330,320,230" step="2"/><W26/><G105/><T38/><D15/><U47/><E14/><V99/><F99/><W135/><G135/><T54/><D38/><U83/><E83/><AGARI ba="0,1" hai="20,23,36,42,44,57,63,67,74,76,83,98,100,106" machi="83" ten="40,3900,0" yaku="1,1,53,1" doraHai="22" doraHaiUra="70" who="2" fromWho="1" sc="110,0,330,-39,320,49,230,0" /><INIT seed="2,1,0,5,5,51" ten="110,291,369,230" oya="2" hai0="1,60,125,45,50,46,104,53,33,0,58,27,26" hai1="117,29,31,113,88,123,64,86,85,13,68,106,56" hai2="95,48,91,9,39,129,115,116,81,74,52,134,35" hai3="61,105,84,41,42,17,57,30,32,122,24,96,22"/><V70/><F116/><W67/><G122/><T121/><D125/><U28/><E106/><V43/><F35/><W65/><G65/><T11/><D121/><U90/><E117/><V55/><F115/><W40/><G84/><T77/><D104/><U120/><E113/><V135/><F70/><W132/><G132/><N who="2" m="50729" /><F39/><W8/><G8/><T93/><D33/><U102/><E102/><V25/><F129/><W36/><G36/><T124/><D124/><U89/><E68/><V99/><F25/><W69/><G57/><T133/><D133/><U59/><E120/><V3/><F48/><W111/><G111/><T19/><D0/><U76/><E123/><V18/><F43/><W119/><G119/><T71/><D45/><U21/><E76/><N who="2" m="44183" /><F18/><W100/><REACH who="3" step="1"/><G41/><REACH who="3" ten="110,291,369,220" step="2"/><N who="0" m="24911" /><D71/><U10/><E10/><V14/><F3/><W54/><G54/><N who="0" m="33879" /><D1/><U128/><E128/><V126/><F126/><W98/><G98/><T87/><D77/><U66/><E66/><V49/><F9/><W16/><G16/><T7/><D7/><U97/><E64/><V4/><F4/><W79/><G79/><T73/><D73/><U62/><E59/><N who="2" m="33167" /><F55/><W5/><G5/><T108/><D53/><U131/><E131/><V20/><F99/><W103/><G103/><T78/><D108/><U47/><E97/><V127/><F127/><W94/><G94/><T6/><D93/><U80/><E56/><V118/><F118/><W130/><G130/><T23/><D78/><U44/><E62/><V114/><F95/><W107/><G107/><T75/><D75/><U82/><E90/><V37/><F91/><RYUUKYOKU ba="1,1" sc="110,-15,291,15,369,-15,220,15" hai1="13,21,28,29,31,44,47,80,82,85,86,88,89" hai3="17,22,24,30,32,40,42,61,67,69,96,100,105" /><INIT seed="3,2,1,0,0,101" ten="95,306,354,235" oya="3" hai0="18,103,95,40,25,8,118,1,98,109,56,60,81" hai1="23,119,6,93,97,32,53,133,126,123,57,86,114" hai2="31,92,68,96,87,125,65,78,67,48,20,58,66" hai3="69,33,77,42,80,2,79,24,102,132,61,35,45"/><W38/><G132/><T100/><D118/><U130/><E119/><V94/><F125/><W34/><G79/><T59/><D109/><U124/><E123/><V74/><F68/><W129/><G129/><T73/><D73/><U72/><E72/><V127/><F74/><N who="3" m="43063" /><G102/><T116/><D116/><U107/><E114/><V13/><F127/><W43/><G43/><T12/><D1/><U28/><E130/><V89/><F78/><W11/><G24/><T47/><D81/><U41/><E133/><V122/><F122/><W83/><G83/><T26/><D103/><U29/><E41/><V121/><F121/><W36/><G36/><T115/><D115/><U63/><E32/><V39/><F39/><W88/><G88/><T110/><D110/><U90/><E6/><V134/><F134/><W76/><G76/><T85/><D85/><U15/><E124/><V4/><F4/><N who="3" m="1431" /><G38/><T0/><D0/><U120/><E126/><V131/><F131/><W17/><G17/><T112/><D112/><U19/><E120/><V14/><F94/><W84/><G84/><T5/><D18/><U37/><E37/><V51/><F87/><W50/><G61/><T54/><REACH who="0" step="1"/><D59/><REACH who="0" ten="85,306,354,235" step="2"/><U70/><E70/><V30/><F58/><W128/><G69/><T111/><D111/><U27/><E86/><V62/><F62/><W135/><G128/><T46/><D46/><U7/><E57/><V105/><F51/><N who="3" m="27063" /><G135/><T82/><D82/><U91/><E63/><V71/><F71/><W3/><G50/><T104/><D104/><U49/><E107/><V22/><F48/><W64/><G3/><RYUUKYOKU ba="2,2" sc="85,15,306,-15,354,-15,235,15" hai0="5,8,12,25,26,40,47,54,56,60,95,98,100" hai3="33,34,35,64" /><INIT seed="3,3,2,3,4,130" ten="100,291,339,250" oya="3" hai0="73,26,112,95,105,67,121,113,64,124,54,27,28" hai1="116,55,123,79,97,89,46,18,129,118,102,29,71" hai2="12,42,61,107,125,133,110,48,75,108,63,37,44" hai3="94,16,17,98,99,19,115,87,131,114,11,2,72"/><W32/><G72/><T66/><D121/><U1/><E123/><V23/><F133/><W81/><G131/><T111/><D105/><U83/><E129/><V103/><F75/><W22/><G32/><T21/><D73/><U10/><E71/><V9/><F23/><W104/><G22/><T53/><D111/><N who="2" m="42538" /><F125/><W96/><G104/><T52/><D124/><U41/><E29/><V13/><F37/><W70/><G94/><T117/><D21/><U100/><E89/><V38/><F38/><W88/><REACH who="3" step="1"/><G70/><REACH who="3" ten="100,291,339,240" step="2"/><T30/><D95/><U7/><E116/><V20/><F20/><W74/><G74/><T82/><D82/><U92/><E118/><V128/><F128/><W51/><G51/><T5/><D117/><U60/><E92/><V68/><F68/><W127/><G127/><T50/><D50/><U109/><E109/><V122/><F122/><W24/><G24/><N who="0" m="9259" /><D5/><AGARI ba="3,3" hai="2,5,11,16,17,19,81,87,88,96,98,99,114,115" machi="5" ten="40,12000,1" yaku="1,1,54,2,53,1" doraHai="130" doraHaiUra="84" who="3" fromWho="0" sc="100,-129,291,0,339,0,240,159" owari="-29,-52.9,291,-10.9,339,13.9,399,49.9" /></mjloggm>