<mjloggm ver="2.3"><GO type="225" lobby="0"/><UN n0="%E3%81%B5%E3%81%98%E3%81%8B%E3%81%A4" n1="%E5%B0%8F%E9%B3%A5%E9%81%8A%E7%B7%B4%E7%84%A1%32%31%E6%AD%B3" n2="%E3%81%BF%E3%81%BF%E3%81%9A" n3="%E7%99%BD%E6%97%A5%E9%9B%AA%E8%8F%9C" dan="16,16,16,17" rate="2135.25,2157.22,2142.35,2245.06" sx="M,F,M,M"/><TAIKYOKU oya="0"/><INIT seed="0,0,0,0,0,130" ten="250,250,250,250" oya="0" hai0="103,95,34,20,93,49,102,17,18,75,88,46,14" hai1="43,62,109,134,73,3,90,31,126,108,112,33,77" hai2="50,111,45,51,24,19,84,0,65,105,98,57,9" hai3="89,61,21,36,81,63,48,129,60,82,79,114,71"/><T132/><D34/><U106/><E106/><V94/><F111/><N who="1" m="42569" /><E3/><V97/><F105/><W32/><G36/><T116/><D116/><U41/><E112/><V38/><F38/><W11/><G32/><T117/><D117/><U53/><E90/><N who="2" m="53575" /><F0/><W37/><G37/><T128/><D128/><U135/><E126/><V122/><F122/><W87/><G114/><T133/><D75/><U12/><E12/><N who="2" m="7567" /><F24/><W44/><G11/><T91/><D49/><N who="2" m="18442" /><F45/><W110/><G129/><T78/><D46/><U120/><E120/><V59/><F65/><W1/><G1/><T22/><REACH who="0" step="1"/><D14/><REACH who="0" ten="240,250,250,250" step="2"/><U118/><E118/><V124/><F124/><W27/><G110/><T76/><AGARI ba="0,1" hai="17,18,20,22,76,78,88,91,93,95,102,103,132,133" machi="76" ten="25,24000,3" yaku="1,1,2,1,0,1,22,2,52,2,54,1,53,2" doraHai="130" doraHaiUra="99" who="0" fromWho="0" sc="240,250,250,-80,250,-80,250,-80" /><INIT seed="0,1,0,3,3,40" ten="490,170,170,170" oya="0" hai0="28,75,119,108,101,33,14,39,31,113,90,12,69" hai1="21,109,1,118,114,70,103,64,106,25,73,67,62" hai2="13,120,96,133,76,83,97,56,122,95,66,127,16" hai3="110,17,53,85,128,9,55,99,77,88,129,111,3"/><T50/><D119/><U117/><E109/><N who="3" m="41482" /><G77/><T68/><D108/><U125/><E73/><V22/><F127/><W24/><G99/><T38/><D75/><U60/><E125/><V61/><F133/><W45/><G24/><T58/><D33/><U84/><E1/><V19/><F19/><W11/><G17/><T20/><D101/><U124/><E124/><V134/><F134/><W104/><G104/><T74/><D74/><U100/><E84/><V43/><F97/><W92/><G9/><T91/><D50/><U102/><E106/><V49/><F83/><W7/><G45/><T5/><D58/><U94/><E94/><V0/><F0/><W65/><G65/><T6/><REACH who="0" step="1"/><D20/><REACH who="0" ten="480,170,170,170" step="2"/><U41/><E114/><AGARI ba="1,1" hai="5,6,12,14,28,31,38,39,68,69,90,91,113,114" machi="114" ten="25,9600,0" yaku="1,1,2,1,22,2,53,0" doraHai="40" doraHaiUra="79" who="0" fromWho="1" sc="480,109,170,-99,170,0,170,0" /><INIT seed="0,2,0,3,3,90" ten="589,71,170,170" oya="0" hai0="106,52,37,118,58,15,23,4,57,73,9,30,82" hai1="50,29,26,18,114,10,94,56,126,14,17,120,105" hai2="97,115,113,39,48,36,121,35,132,108,96,28,79" hai3="69,11,130,19,16,133,6,127,42,49,7,13,116"/><T25/><D106/><U95/><E105/><V65/><F121/><W109/><G69/><T87/><D37/><U102/><E120/><V110/><F79/><W131/><G49/><T64/><D73/><U72/><E72/><V55/><F65/><W128/><G42/><T107/><D107/><U22/><E126/><V21/><F35/><W70/><G70/><T8/><D8/><U119/><E119/><V61/><F61/><W124/><G116/><T88/><D118/><U45/><E102/><V99/><F132/><W129/><N who="3" m="32768" /><DORA hai="66" /><W12/><G109/><N who="2" m="42089" /><F21/><N who="3" m="11495" /><G133/><T41/><D64/><U67/><E114/><N who="2" m="43531" /><F28/><W3/><G7/><T112/><D112/><U122/><E122/><V123/><F123/><W85/><G85/><T27/><D27/><U98/><E98/><V62/><F62/><W125/><G125/><T68/><D68/><U40/><E29/><V31/><F31/><W54/><G54/><T43/><D58/><AGARI ba="2,0" hai="36,39,48,55,58,96,97,99" m="43531,42089" machi="58" ten="40,1300,0" yaku="14,1" doraHai="90,66" who="2" fromWho="0" sc="589,-19,71,0,170,19,170,0" /><INIT seed="1,0,0,1,2,135" ten="570,71,189,170" oya="1" hai0="20,67,31,78,125,76,131,84,37,65,66,53,133" hai1="55,2,12,13,134,94,27,109,7,29,119,121,64" hai2="42,15,88,69,56,9,110,129,14,115,71,114,72" hai3="51,54,34,107,123,8,127,118,38,112,93,105,50"/><U63/><E119/><V132/><F110/><W18/><G112/><N who="2" m="43049" /><F132/><W36/><G123/><T52/><D133/><U89/><E121/><V39/><F129/><W59/><G34/><T28/><D131/><U60/><E134/><V83/><F56/><W3/><G118/><T61/><D37/><U116/><E116/><V102/><F102/><W120/><G120/><T68/><D68/><U80/><E2/><V62/><F62/><W0/><G18/><T87/><D20/><U40/><E40/><V11/><F39/><W128/><G128/><T22/><D22/><N who="1" m="15607" /><E80/><V77/><F42/><W100/><G38/><T113/><D113/><U23/><E109/><V82/><F88/><W90/><G36/><T117/><D117/><U104/><E104/><V124/><F124/><W81/><G107/><T49/><D125/><U70/><E70/><N who="2" m="26635" /><F83/><W106/><G81/><T44/><D61/><N who="1" m="23627" /><E64/><V79/><F77/><N who="0" m="29802" /><D53/><U5/><E55/><V47/><F47/><W48/><G127/><T21/><D21/><U130/><E130/><V98/><F98/><N who="3" m="57655" /><G106/><T30/><AGARI ba="0,0" hai="28,30,31,44,49,52,65,66,67,84,87" m="29802" machi="30" ten="40,2700,0" yaku="8,1,54,1" doraHai="135" who="0" fromWho="0" sc="570,27,71,-13,189,-7,170,-7" /><INIT seed="2,0,0,1,2,25" ten="597,58,182,163" oya="2" hai0="97,46,5,53,103,11,122,111,50,22,92,129,30" hai1="43,49,84,36,26,62,72,96,28,39,10,16,95" hai2="130,94,135,32,105,57,0,134,9,75,34,63,66" hai3="6,45,89,68,33,69,4,48,19,121,73,60,41"/><V104/><F75/><W74/><G121/><T24/><D111/><U29/><E72/><V58/><F94/><W101/><G101/><T99/><D122/><U106/><E106/><V52/><F130/><W55/><G33/><N who="2" m="12905" /><F9/><W124/><G124/><T114/><D114/><U51/><E39/><V83/><F83/><W77/><G73/><T15/><D129/><U44/><E84/><V35/><F0/><W64/><G69/><T42/><D99/><U86/><E86/><V87/><F87/><W79/><G89/><T56/><D56/><U81/><E81/><V23/><F23/><W110/><G110/><T71/><D71/><U7/><E62/><N who="2" m="38223" /><F35/><W91/><G91/><T20/><D20/><N who="1" m="13575" /><E36/><V61/><F61/><W116/><G116/><T31/><D42/><U125/><E51/><V80/><F80/><W85/><G85/><T47/><D47/><U82/><E82/><V113/><F113/><W117/><G117/><T2/><D2/><U14/><E125/><V8/><F8/><W109/><G109/><T13/><D13/><U78/><E78/><V12/><F12/><W17/><G74/><T88/><D103/><AGARI ba="0,0" hai="7,10,14,28,29,43,44,49,95,96,103" m="13575" machi="103" ten="30,7700,0" yaku="8,1,52,2,54,1" doraHai="25" who="1" fromWho="0" sc="597,-77,58,77,182,0,163,0" /><INIT seed="3,0,0,0,4,47" ten="520,135,182,163" oya="3" hai0="31,72,40,11,34,117,18,5,71,60,120,123,25" hai1="129,76,124,1,80,48,90,118,19,113,22,96,82" hai2="23,74,119,86,126,107,63,114,98,56,62,57,102" hai3="27,122,92,3,9,41,69,85,128,61,111,42,32"/><W99/><G122/><T53/><D72/><U21/><E1/><V49/><F74/><W134/><G134/><T55/><D40/><U94/><E113/><V87/><F114/><W14/><G3/><T39/><D39/><U81/><E129/><V68/><F68/><W13/><G128/><T64/><D117/><U91/><E124/><V125/><F119/><W36/><G36/><T75/><D75/><U16/><E76/><V105/><F23/><N who="1" m="8713" /><E91/><V97/><F49/><W59/><G69/><T109/><D109/><U83/><N who="1" m="20480" /><DORA hai="104" /><U0/><E0/><V108/><F102/><N who="3" m="60775" /><G32/><T77/><D18/><N who="1" m="6699" /><E118/><V44/><F108/><W7/><G111/><T115/><D55/><U33/><E33/><V15/><F107/><W35/><G35/><T29/><D29/><U17/><N who="1" m="6707" /><U101/><DORA hai="43" /><E101/><V135/><F105/><W116/><G116/><T24/><D24/><U10/><E10/><V100/><F100/><W58/><G27/><T51/><D77/><U8/><E8/><V20/><F135/><W4/><G85/><T54/><D54/><U52/><E52/><V2/><F20/><W95/><G95/><T66/><D115/><U131/><E131/><V106/><F106/><W73/><G73/><T38/><D66/><U50/><AGARI ba="0,0" hai="48,50,90,94,96" m="6707,20480,8713" machi="50" ten="50,8000,1" yaku="8,1,52,2,54,1" doraHai="47,104,43" who="1" fromWho="1" sc="520,-20,135,80,182,-20,163,-40" owari="500,60.0,215,1.5,162,-23.8,123,-37.7" /></mjloggm>