<mjloggm ver="2.3"><GO type="225" lobby="0"/><UN n0="%6D%75%75%6D%75%72%61" n1="%E3%83%A9%E3%83%BC%E3%83%A1%E3%83%B3%E4%BA%94%E9%83%8E" n2="%33%74%72%65%65" n3="%6A%70%74%77%61%32" dan="16,16,16,16" rate="2126.67,2108.52,2084.89,2063.49" sx="F,M,M,M"/><TAIKYOKU oya="0"/><INIT seed="0,0,0,3,5,117" ten="250,250,250,250" oya="0" hai0="37,88,103,98,79,82,14,84,86,135,55,110,39" hai1="115,85,62,133,33,52,95,38,58,25,128,94,80" hai2="108,118,29,126,70,26,53,119,124,81,8,28,27" hai3="31,75,102,22,21,23,40,109,131,114,43,127,73"/><T24/><D135/><U6/><E38/><V4/><F70/><W60/><G31/><N who="2" m="11849" /><F53/><W107/><G114/><T0/><D0/><U125/><E33/><V30/><F81/><W2/><G2/><T92/><D24/><N who="2" m="9258" /><F108/><W12/><G12/><T64/><D110/><U63/><E133/><V56/><N who="2" m="11857" /><V99/><DORA hai="34" /><F99/><W72/><G109/><T113/><D113/><U44/><E115/><V129/><F56/><W46/><G46/><T20/><D64/><U47/><E125/><N who="2" m="48235" /><F129/><W48/><G127/><T130/><D130/><U57/><E128/><V112/><F112/><W13/><G131/><T51/><D55/><U89/><E25/><V18/><F18/><W74/><G40/><T78/><D51/><U122/><E52/><V61/><F61/><W132/><G60/><T65/><D65/><U5/><E80/><V83/><F83/><W50/><G43/><T11/><D78/><U36/><E62/><V71/><F71/><W49/><G132/><T105/><REACH who="0" step="1"/><D20/><REACH who="0" ten="240,250,250,250" step="2"/><U96/><E63/><V9/><F9/><W45/><G22/><T66/><D66/><U17/><E36/><V10/><F10/><W15/><G23/><T106/><D106/><U69/><E69/><V54/><F54/><W121/><G21/><T87/><D87/><U7/><E85/><V91/><F8/><W19/><G107/><T59/><D59/><U67/><E57/><V123/><F119/><W97/><G73/><T90/><D90/><U120/><E89/><V68/><F118/><W41/><G74/><T93/><D93/><U76/><E94/><V134/><F91/><RYUUKYOKU ba="0,1" sc="240,30,250,-10,250,-10,250,-10" hai0="11,14,37,39,79,82,84,86,88,92,98,103,105" /><INIT seed="0,1,1,4,0,57" ten="270,240,240,240" oya="0" hai0="93,9,46,117,92,64,17,89,8,72,42,30,48" hai1="36,130,116,74,123,106,104,134,61,99,75,38,100" hai2="120,35,66,133,67,68,6,47,52,97,135,39,7" hai3="10,22,85,78,1,87,34,40,105,14,94,3,20"/><T115/><D115/><U110/><E116/><V131/><F120/><W45/><G105/><T71/><D117/><U11/><E123/><V33/><F97/><W119/><G34/><N who="2" m="12809" /><F39/><W21/><G119/><T111/><D30/><U118/><E118/><V12/><F12/><W122/><G122/><T58/><D72/><U114/><E106/><V112/><F112/><W96/><G1/><T56/><D71/><U125/><E114/><V41/><F41/><W4/><G3/><T98/><D111/><U108/><E36/><V27/><F27/><W132/><G78/><T127/><D127/><U49/><E38/><V16/><F16/><W128/><G132/><N who="2" m="50761" /><F131/><W5/><G5/><N who="2" m="1545" /><F68/><W44/><G128/><T63/><D17/><U18/><E18/><V28/><F28/><W43/><G40/><T113/><D113/><U81/><E130/><V25/><F25/><W31/><G31/><T82/><D82/><U55/><E99/><V23/><F23/><W103/><REACH who="3" step="1"/><G43/><REACH who="3" ten="270,240,240,230" step="2"/><T70/><D42/><U121/><E134/><V95/><F95/><W79/><G79/><T59/><D92/><U90/><E121/><V13/><F13/><W126/><G126/><T51/><D93/><U80/><E125/><V83/><F83/><W54/><G54/><T84/><D98/><U15/><E80/><V107/><F107/><W86/><AGARI ba="1,2" hai="4,10,14,20,21,22,44,45,85,86,87,94,96,103" machi="86" ten="30,4000,0" yaku="1,1,0,1,8,1,53,0" doraHai="57" doraHaiUra="62" who="3" fromWho="3" sc="270,-21,240,-11,240,-11,230,63" /><INIT seed="1,0,0,5,0,70" ten="249,229,229,293" oya="1" hai0="30,28,90,114,130,119,9,59,58,5,100,105,38" hai1="134,85,118,21,45,96,131,91,95,76,43,120,10" hai2="73,25,66,35,18,135,37,41,17,121,61,15,62" hai3="80,39,20,133,55,46,124,82,57,102,75,106,2"/><U86/><E118/><V99/><F121/><W103/><G124/><T79/><D114/><U92/><E120/><V94/><F73/><W1/><G133/><T111/><D119/><U127/><E134/><V0/><F0/><W109/><G109/><T129/><D111/><U56/><E127/><V110/><F110/><W68/><G68/><T122/><D122/><U67/><E131/><N who="0" m="50185" /><D79/><U32/><E32/><V53/><F135/><W98/><G102/><T72/><D72/><U78/><E10/><V69/><F35/><W60/><G20/><T24/><D38/><U107/><E107/><V126/><F126/><W19/><G19/><T87/><D100/><U108/><E108/><V116/><F116/><W52/><G82/><N who="0" m="49527" /><D105/><U14/><E21/><V89/><F41/><W23/><G23/><N who="0" m="15391" /><D30/><U101/><E76/><V29/><F37/><W132/><G132/><T83/><D83/><U64/><E78/><V22/><F29/><W112/><G112/><T113/><D113/><U26/><E101/><V63/><REACH who="2" step="1"/><F53/><REACH who="2" ten="249,229,219,293" step="2"/><W71/><G39/><T3/><AGARI ba="0,1" hai="3,5,9,58,59" m="15391,49527,50185" machi="3" ten="30,1100,0" yaku="19,1" doraHai="70" who="0" fromWho="0" sc="249,21,229,-5,219,-3,293,-3" /><INIT seed="2,0,0,4,1,90" ten="270,224,216,290" oya="2" hai0="27,99,17,20,44,60,115,129,25,93,124,66,42" hai1="22,71,49,74,38,100,18,23,7,111,104,51,114" hai2="118,5,33,37,29,41,11,43,47,78,64,120,110" hai3="117,103,116,52,14,76,131,133,96,73,40,86,0"/><V79/><F118/><W21/><G0/><T16/><D115/><U57/><E114/><V83/><F120/><W94/><G133/><T128/><D124/><U54/><E71/><V81/><F110/><W68/><G131/><N who="0" m="50251" /><D27/><U135/><E38/><V50/><F64/><W67/><G73/><T119/><D119/><U84/><E74/><V80/><F33/><W97/><G40/><T24/><D60/><U89/><E135/><V109/><F29/><W82/><G96/><T39/><D66/><U69/><E69/><V45/><REACH who="2" step="1"/><F109/><REACH who="2" ten="270,224,206,290" step="2"/><W13/><G67/><T55/><D55/><U56/><E111/><V59/><F59/><W132/><G52/><T72/><D72/><U87/><E57/><V34/><F34/><W4/><G116/><T113/><D113/><U2/><E56/><V28/><F28/><W32/><G117/><T12/><D17/><U53/><E18/><V61/><F61/><W134/><G32/><T101/><AGARI ba="0,1" hai="12,16,20,24,25,39,42,44,93,99,101" m="50251" machi="101" ten="30,4000,0" yaku="19,1,52,1,54,1" doraHai="90" who="0" fromWho="0" sc="270,50,224,-10,206,-20,290,-10" /><INIT seed="3,0,0,4,3,1" ten="320,214,186,280" oya="3" hai0="81,82,119,120,44,133,23,53,73,9,42,127,75" hai1="111,105,128,100,66,85,65,13,108,0,38,126,51" hai2="63,18,27,34,131,16,10,19,113,106,50,89,68" hai3="98,107,29,132,78,84,20,49,24,104,125,14,41"/><W88/><G125/><T117/><D120/><U76/><E128/><V56/><F113/><W22/><G132/><T64/><D64/><U28/><E0/><V96/><F131/><W35/><G78/><T59/><D75/><U91/><E38/><V99/><F99/><W102/><G107/><T3/><D23/><U77/><E126/><V31/><F50/><W67/><G67/><N who="1" m="25610" /><E28/><V112/><F112/><W124/><G124/><T39/><D82/><N who="1" m="49591" /><E13/><V8/><F68/><W103/><G103/><T80/><D80/><U46/><E100/><V74/><F74/><W122/><G122/><T37/><D37/><U134/><E105/><V4/><F106/><W121/><G121/><T6/><D133/><U92/><E92/><V87/><F96/><W57/><G14/><T52/><D127/><U33/><E33/><V129/><F129/><W72/><G72/><T5/><D5/><U116/><E116/><N who="0" m="44617" /><D59/><U86/><E86/><V83/><REACH who="2" step="1"/><F4/><REACH who="2" ten="320,214,176,280" step="2"/><W115/><G115/><T11/><D6/><U101/><E134/><V109/><F109/><N who="1" m="42057" /><E101/><V21/><F21/><W118/><G118/><T40/><D39/><U32/><E32/><V69/><F69/><W7/><G7/><T17/><D73/><U25/><E25/><V93/><F93/><N who="3" m="54407" /><G20/><T15/><D3/><U97/><E97/><V55/><AGARI ba="0,1" hai="8,10,16,18,19,27,31,34,55,56,63,83,87,89" machi="55" ten="30,7900,0" yaku="1,1,0,1,54,1,53,1" doraHai="1" doraHaiUra="58" who="2" fromWho="2" sc="320,-20,214,-20,176,89,280,-39" owari="300,40.0,194,-30.6,265,6.5,241,-15.9" /></mjloggm>