<mjloggm ver="2.3"><GO type="225" lobby="0"/><UN n0="%E3%82%B0%E3%83%AA%E3%82%B0%E3%83%AA%E6%A3%92" n1="%4B%2E%32%2E%4B%2E" n2="%6D%75%75%6D%75%72%61" n3="%E5%AF%82%E5%AF%9E%E3%82%AE%E3%83%8D%E3%82%B9%E3%83%93%E3%83%BC%E3%83%AB" dan="17,16,16,16" rate="2133.64,2089.84,2218.37,2192.21" sx="M,M,F,M"/><TAIKYOKU oya="0"/><INIT seed="0,0,0,5,4,87" ten="250,250,250,250" oya="0" hai0="43,88,129,130,72,96,25,38,123,84,64,105,33" hai1="101,4,23,32,34,60,121,131,16,36,19,99,118" hai2="40,113,30,57,0,70,10,59,15,74,3,83,53" hai3="69,1,48,132,77,28,81,39,92,20,13,67,12"/><T100/><D123/><U41/><E118/><V133/><F70/><W6/><G6/><T111/><D72/><U124/><E121/><V62/><F113/><W106/><G106/><BYE who="3" /><T65/><D111/><U110/><E110/><V71/><F133/><W50/><G50/><T91/><D43/><U78/><E124/><V24/><F71/><W108/><G108/><T107/><D38/><U85/><E131/><N who="0" m="50185" /><D107/><U95/><E4/><V2/><F40/><W31/><G31/><N who="0" m="19695" /><D84/><UN n3="%E5%AF%82%E5%AF%9E%E3%82%AE%E3%83%8D%E3%82%B9%E3%83%93%E3%83%BC%E3%83%AB" /><U104/><E60/><V7/><F59/><W82/><G39/><T135/><D135/><U5/><E5/><V80/><REACH who="2" step="1"/><F74/><REACH who="2" ten="250,250,240,250" step="2"/><W102/><G69/><T98/><D98/><U117/><E41/><V18/><F18/><W35/><G132/><T37/><D37/><U125/><E36/><V29/><F29/><W79/><G28/><T42/><D42/><U73/><E19/><V47/><F47/><W120/><G120/><T17/><D17/><U21/><E16/><V9/><F9/><W89/><G35/><AGARI ba="0,1" hai="0,2,3,7,10,15,24,30,35,53,57,62,80,83" machi="35" ten="40,1300,0" yaku="1,1,53,0" doraHai="87" doraHaiUra="116" who="2" fromWho="3" sc="250,0,250,0,240,23,250,-13" /><INIT seed="1,0,0,3,0,44" ten="250,250,263,237" oya="1" hai0="51,48,67,82,107,64,73,38,57,114,97,101,58" hai1="105,102,55,109,128,23,130,22,72,75,117,91,126" hai2="103,111,135,116,43,90,29,49,132,133,115,13,119" hai3="85,36,69,68,84,96,5,61,46,6,74,14,21"/><U121/><E117/><N who="2" m="45131" /><F29/><W77/><G74/><N who="1" m="28202" /><E121/><V35/><F35/><W62/><G96/><T118/><D38/><U92/><E55/><V66/><F103/><W70/><G36/><T100/><D114/><U47/><E47/><N who="2" m="25855" /><F115/><W113/><G113/><T42/><D118/><U112/><E112/><V33/><F33/><W54/><G21/><T4/><D42/><U81/><E126/><V9/><F111/><W30/><G30/><T27/><D4/><U26/><E109/><V86/><F66/><W7/><G14/><T110/><D110/><U123/><E81/><N who="2" m="49487" /><F13/><W60/><G77/><T93/><D27/><U83/><E83/><V78/><F9/><W16/><G16/><T15/><D82/><U56/><E56/><V134/><F134/><W1/><G1/><T71/><D73/><U45/><E45/><V32/><F32/><W127/><G127/><T120/><D15/><U95/><E22/><V87/><F87/><N who="3" m="33355" /><G46/><T131/><D120/><U88/><E123/><V40/><F40/><W2/><G2/><T53/><D71/><U52/><E105/><V34/><F34/><W79/><G79/><AGARI ba="0,0" hai="78,79,132,133,135" m="49487,25855,45131" machi="79" ten="40,2600,0" yaku="20,1,52,1" doraHai="44" who="2" fromWho="3" sc="250,0,250,0,263,26,237,-26" /><INIT seed="2,0,0,5,1,120" ten="250,250,289,211" oya="2" hai0="80,31,47,127,39,3,77,27,2,96,106,49,18" hai1="51,7,99,58,107,32,48,21,112,8,70,125,54" hai2="85,133,1,64,4,111,126,123,44,63,30,76,60" hai3="56,110,118,81,24,98,61,29,105,100,74,88,67"/><V16/><F123/><W131/><G118/><T121/><D127/><U87/><E70/><V75/><F126/><W103/><G131/><T84/><D18/><U97/><E32/><V20/><F75/><W73/><G103/><T68/><D68/><U72/><E72/><V91/><F133/><W38/><G38/><T102/><D39/><U108/><E125/><V134/><F134/><W23/><REACH who="3" step="1"/><G110/><REACH who="3" ten="250,250,289,201" step="2"/><T104/><D121/><U71/><E108/><V45/><F111/><W36/><G36/><T53/><REACH who="0" step="1"/><D106/><REACH who="0" ten="240,250,289,201" step="2"/><U83/><E107/><V79/><F4/><W109/><G109/><T86/><D86/><AGARI ba="0,2" hai="23,24,29,56,61,67,73,74,81,86,88,98,100,105" machi="86" ten="40,2600,0" yaku="1,1,54,1,53,0" doraHai="120" doraHaiUra="135" who="3" fromWho="0" sc="240,-26,250,0,289,0,201,46" /><INIT seed="3,0,0,3,4,0" ten="214,250,289,247" oya="3" hai0="129,87,48,121,26,104,103,59,118,83,3,114,113" hai1="107,130,24,63,110,91,77,134,47,135,100,99,51" hai2="52,29,112,84,56,54,96,43,37,6,30,16,33" hai3="15,28,90,67,7,115,71,73,25,38,9,93,10"/><W126/><G115/><N who="0" m="44043" /><D118/><U92/><E110/><V27/><F112/><W41/><G126/><T116/><D116/><U50/><E130/><V94/><F37/><W79/><G73/><T11/><D129/><U88/><E77/><V22/><F33/><W68/><G79/><N who="0" m="46591" /><D121/><U45/><E63/><N who="2" m="36231" /><F43/><W12/><G67/><T14/><D3/><U35/><E24/><V66/><F66/><W82/><G82/><T57/><D26/><U53/><E35/><V13/><F84/><W1/><G41/><T17/><D48/><U70/><E70/><V78/><F54/><W8/><G38/><T120/><D120/><U132/><REACH who="1" step="1"/><E107/><REACH who="1" ten="214,240,289,247" step="2"/><V19/><F78/><W109/><G109/><T123/><D123/><U122/><E122/><V89/><F6/><W127/><G71/><T74/><D74/><U124/><E124/><V117/><F117/><W61/><G127/><T106/><D106/><U49/><E49/><V76/><F76/><W102/><G68/><T119/><D119/><U31/><E31/><V60/><F60/><W69/><G69/><T81/><D81/><U85/><E85/><V36/><F36/><W105/><G61/><T55/><D55/><AGARI ba="0,1" hai="45,47,50,51,53,55,88,91,92,99,100,132,134,135" machi="55" ten="40,8000,1" yaku="1,1,9,1,20,1,54,1,53,0" doraHai="0" doraHaiUra="34" who="1" fromWho="0" sc="214,-80,240,90,289,0,247,0" owari="134,-36.6,330,43.0,289,8.9,247,-15.3" /></mjloggm>