<mjloggm ver="2.3"><GO type="225" lobby="0"/><UN n0="%6D%75%75%6D%75%72%61" n1="%E3%81%BE%E3%81%A8%E3%81%9F" n2="%E6%80%AA%E3%81%97%E3%81%99%E3%81%8E%E3%82%8B%E3%83%81%E3%83%BC" n3="%E3%81%AF%E3%82%88%E3%81%8A%E3%81%98%E3%81%95%E3%82%93" dan="16,16,17,16" rate="2088.79,2170.95,2150.23,2204.65" sx="F,M,M,M"/><TAIKYOKU oya="0"/><INIT seed="0,0,0,1,0,117" ten="250,250,250,250" oya="0" hai0="53,133,101,41,120,18,10,88,67,108,3,63,22" hai1="71,13,111,14,94,73,135,7,121,9,57,92,99" hai2="44,27,128,52,47,113,93,98,49,24,0,5,80" hai3="109,97,119,6,112,68,23,118,74,32,107,28,64"/><T131/><D131/><U45/><E121/><V126/><F113/><W62/><G112/><T83/><D133/><U89/><E71/><V61/><F128/><W87/><G109/><T43/><D108/><U33/><E33/><V38/><F126/><W77/><G23/><T31/><D101/><U75/><E111/><V29/><F61/><W82/><G87/><T105/><D105/><U81/><E135/><V72/><F0/><W91/><G91/><T86/><D53/><U123/><E123/><V76/><F5/><W134/><G6/><T20/><D120/><U132/><E132/><V78/><F78/><W69/><G69/><T84/><D84/><U130/><E81/><V122/><F122/><W19/><G19/><T11/><D31/><U8/><E57/><V116/><F116/><W17/><G17/><T124/><D124/><U104/><E104/><V4/><F4/><W114/><G114/><T36/><D3/><U110/><E7/><V90/><F38/><W60/><G60/><T59/><D36/><U96/><E89/><V40/><F40/><N who="0" m="15434" /><D20/><U56/><E110/><V50/><F29/><W37/><G37/><T127/><D127/><U39/><E39/><V15/><F15/><AGARI ba="0,0" hai="10,11,15,18,22,59,63,67,83,86,88" m="15434" machi="15" ten="30,2900,0" yaku="8,1,54,1" doraHai="117" who="0" fromWho="2" sc="250,29,250,0,250,-29,250,0" /><INIT seed="0,1,0,2,4,11" ten="279,250,221,250" oya="0" hai0="79,107,114,96,110,60,25,131,91,10,124,94,128" hai1="8,72,35,100,101,26,90,9,119,6,62,70,42" hai2="89,118,53,57,127,15,112,50,76,88,69,2,23" hai3="36,33,132,31,108,13,54,30,80,65,40,87,45"/><T46/><D114/><U85/><E72/><V74/><F112/><W129/><G108/><T22/><D124/><U120/><E119/><V18/><F127/><W49/><G129/><T116/><D116/><U52/><E120/><V39/><F39/><W133/><G65/><T59/><D107/><U126/><E126/><V55/><F118/><W105/><G105/><T64/><D110/><U67/><E42/><V12/><F2/><W5/><G33/><T71/><D79/><U51/><E26/><N who="2" m="14711" /><F69/><W123/><G123/><T20/><D46/><U75/><E8/><V24/><F74/><W102/><G102/><T113/><D113/><U47/><E35/><V130/><F76/><N who="3" m="46471" /><G54/><T38/><D38/><U81/><REACH who="1" step="1"/><E75/><REACH who="1" ten="279,240,221,250" step="2"/><V56/><F24/><W93/><G36/><T7/><D25/><U83/><E83/><V3/><F130/><N who="0" m="49706" /><D71/><U48/><E48/><N who="2" m="30759" /><F3/><AGARI ba="1,1" hai="3,7,10,20,22,59,60,64,91,94,96" m="49706" machi="3" ten="30,1500,0" yaku="19,1" doraHai="11" who="0" fromWho="2" sc="279,28,240,0,221,-18,250,0" /><AGARI ba="1,0" hai="3,6,9,47,51,52,62,67,70,81,85,90,100,101" machi="3" ten="30,3900,0" yaku="1,1,7,1,54,1,53,0" doraHai="11" doraHaiUra="29" who="1" fromWho="2" sc="307,0,240,39,203,-39,250,0" /><INIT seed="0,2,0,3,5,74" ten="307,279,164,250" oya="0" hai0="68,71,72,104,110,28,2,55,134,50,32,67,76" hai1="135,5,123,125,88,22,23,122,21,107,113,105,84" hai2="19,4,73,34,77,58,111,101,87,53,95,133,85" hai3="31,124,61,66,132,60,29,65,117,46,79,83,20"/><T97/><D134/><U89/><E125/><V6/><F34/><W51/><G117/><T41/><D2/><U64/><E135/><V10/><F133/><W116/><G116/><T115/><D115/><U52/><E113/><V24/><F111/><W57/><G124/><T99/><D41/><U7/><E64/><V30/><F73/><W131/><G131/><T90/><D110/><U54/><E22/><N who="2" m="15639" /><F101/><W9/><G9/><T108/><D108/><U48/><E84/><N who="2" m="32331" /><F77/><W8/><G132/><T25/><D90/><U78/><E48/><N who="2" m="31015" /><F95/><W92/><G92/><T128/><D128/><U37/><E78/><V119/><F119/><W100/><G100/><T81/><D104/><U47/><E47/><V26/><F26/><W106/><G106/><T3/><D3/><U11/><E11/><V112/><F112/><W44/><G8/><T102/><D102/><U63/><E63/><V12/><AGARI ba="2,0" hai="4,6,10,12,19" m="31015,32331,15639" machi="12" ten="30,1100,0" yaku="8,1" doraHai="74" who="2" fromWho="2" sc="307,-7,279,-5,164,17,250,-5" /><INIT seed="1,0,0,5,1,106" ten="300,274,181,245" oya="1" hai0="111,64,130,15,7,93,125,109,120,75,26,98,135" hai1="108,102,116,100,36,50,1,101,45,85,19,86,68" hai2="70,119,0,25,16,124,112,43,3,89,2,32,79" hai3="110,30,48,122,49,44,123,34,84,91,51,33,20"/><U105/><E116/><V40/><F70/><W95/><G110/><T31/><D125/><U6/><E36/><V39/><F119/><W88/><G44/><T53/><D130/><U62/><E105/><V66/><F124/><W129/><G129/><T61/><D135/><U46/><E46/><V128/><F128/><W13/><G91/><T58/><D120/><U57/><E68/><V10/><F66/><W97/><G97/><T134/><D134/><U22/><E1/><V73/><F112/><W37/><G37/><T126/><D126/><U9/><E108/><V18/><F89/><W35/><REACH who="3" step="1"/><G13/><REACH who="3" ten="300,274,181,235" step="2"/><T65/><D15/><N who="1" m="5559" /><E102/><V113/><F39/><W83/><G83/><T94/><D109/><U76/><E101/><V131/><F113/><W104/><G104/><T132/><D111/><U71/><E100/><V117/><F131/><W114/><G114/><T12/><D132/><U47/><E47/><V27/><F117/><W77/><G77/><T60/><D98/><U80/><E80/><V96/><F96/><W55/><G55/><T4/><D12/><N who="1" m="9575" /><E76/><V38/><F38/><W63/><G63/><T24/><D93/><U21/><E71/><V107/><F107/><W103/><G103/><T121/><D94/><U29/><E62/><V78/><F3/><W87/><G87/><T81/><D81/><U14/><E45/><V133/><F133/><W92/><G92/><T115/><D61/><U59/><E14/><V8/><F73/><W5/><G5/><T17/><D75/><U28/><E86/><V72/><F72/><W56/><G56/><T74/><D74/><RYUUKYOKU ba="0,1" sc="300,-15,274,-15,181,15,235,15" hai2="0,2,8,10,16,18,25,27,32,40,43,78,79" hai3="20,30,33,34,35,48,49,51,84,88,95,122,123" /><INIT seed="2,1,1,4,2,18" ten="285,259,196,250" oya="2" hai0="19,72,39,70,42,92,49,5,69,6,52,10,127" hai1="61,2,124,40,114,44,63,131,77,119,66,93,90" hai2="43,29,15,103,75,83,13,113,105,9,98,85,58" hai3="86,120,84,110,30,41,128,101,55,122,118,64,94"/><V50/><F113/><W54/><G118/><T48/><D72/><U116/><E114/><V95/><F29/><W3/><G3/><T73/><D73/><U33/><E124/><V35/><F35/><W121/><G110/><T104/><D104/><U74/><E33/><V81/><F105/><W111/><G111/><T89/><D127/><U20/><E2/><V24/><F75/><W67/><G128/><T126/><D39/><U71/><E131/><V109/><F109/><W57/><G41/><T133/><D133/><U79/><E63/><V1/><F24/><W8/><G30/><T11/><D126/><U38/><E20/><V34/><F34/><W82/><G8/><T129/><D42/><U25/><E25/><V134/><F134/><W23/><G23/><T107/><D107/><U12/><E12/><N who="2" m="4683" /><F1/><W28/><G28/><T108/><D108/><U36/><E36/><V46/><F9/><W99/><G54/><T135/><D129/><U115/><E115/><V117/><F117/><W14/><G14/><T21/><D135/><U51/><E38/><V16/><F16/><W88/><REACH who="3" step="1"/><G86/><REACH who="3" ten="285,259,196,240" step="2"/><N who="0" m="52279" /><D10/><U45/><E116/><V97/><F97/><W17/><G17/><T65/><D11/><U102/><E119/><V56/><F81/><W62/><AGARI ba="1,2" hai="55,57,62,64,67,82,84,88,94,99,101,120,121,122" machi="62" ten="30,4000,0" yaku="1,1,0,1,54,1,53,0" doraHai="18" doraHaiUra="100" who="3" fromWho="3" sc="285,-11,259,-11,196,-21,240,63" /><INIT seed="3,0,0,5,3,28" ten="274,248,175,303" oya="3" hai0="6,65,81,78,67,62,112,3,13,24,68,99,44" hai1="40,117,106,4,96,70,132,126,120,0,113,60,101" hai2="10,50,116,108,61,89,107,23,98,119,25,57,2" hai3="74,77,134,133,85,5,30,31,104,73,39,115,130"/><W87/><G115/><T97/><D112/><U52/><E120/><V37/><F37/><W26/><G39/><T48/><D3/><U90/><E113/><V102/><F50/><W56/><G104/><T7/><D67/><U76/><E126/><V15/><F2/><W42/><G42/><T47/><D24/><U91/><E132/><N who="3" m="50794" /><G130/><T95/><D13/><U129/><E129/><V118/><F108/><W71/><G71/><T58/><D68/><U125/><E125/><V92/><F107/><W19/><G5/><T110/><D110/><U109/><E109/><V17/><F116/><W69/><G69/><T54/><D47/><U131/><E131/><V18/><REACH who="2" step="1"/><F102/><REACH who="2" ten="274,248,165,303" step="2"/><W84/><G77/><T20/><D78/><U36/><E117/><V86/><F86/><W105/><G105/><T63/><D48/><U49/><E36/><V8/><F8/><W55/><G73/><T1/><D1/><U103/><E103/><V111/><F111/><W75/><G74/><T114/><D114/><U59/><E0/><V53/><AGARI ba="0,1" hai="10,15,17,18,23,25,53,57,61,89,92,98,118,119" machi="53" ten="20,8000,1" yaku="1,1,0,1,7,1,25,2,53,0" doraHai="28" doraHaiUra="83" who="2" fromWho="2" sc="274,-20,248,-20,165,90,303,-40" /><INIT seed="4,0,0,3,4,39" ten="254,228,255,263" oya="0" hai0="123,3,19,99,117,5,103,63,20,52,134,107,4" hai1="124,114,122,126,26,90,30,79,93,17,133,47,53" hai2="116,82,110,84,101,80,33,16,83,21,31,119,69" hai3="11,106,71,7,44,92,73,14,36,8,29,96,55"/><T65/><D117/><N who="2" m="45130" /><F110/><W94/><G73/><T129/><D123/><U13/><E122/><V1/><F1/><W58/><G71/><T27/><D129/><U60/><E133/><V54/><F69/><W57/><G29/><T102/><D134/><U6/><E114/><V66/><F66/><W130/><G130/><T48/><D102/><U40/><E79/><V64/><F64/><W76/><G76/><T115/><D3/><U95/><E6/><V81/><F101/><W51/><G106/><T59/><REACH who="0" step="1"/><D115/><REACH who="0" ten="244,228,255,263" step="2"/><U41/><E124/><V109/><F109/><W70/><G70/><AGARI ba="0,1" hai="4,5,19,20,27,48,52,59,63,65,70,99,103,107" machi="70" ten="30,11600,0" yaku="1,1,2,1,7,1,54,1,53,0" doraHai="39" doraHaiUra="128" who="0" fromWho="3" sc="244,126,228,0,255,0,263,-116" owari="370,47.0,228,-17.2,255,5.5,147,-35.3" /></mjloggm>