<mjloggm ver="2.3"><GO type="225" lobby="0"/><UN n0="%E3%83%A9%E3%83%BC%E3%83%A1%E3%83%B3%E4%BA%94%E9%83%8E" n1="%E7%99%BD%E6%97%A5%E9%9B%AA%E8%8F%9C" n2="%E2%98%86%E5%AD%AB%E7%87%95%E5%A7%BF%E2%98%86" n3="%72%61%6B%33" dan="16,17,16,16" rate="2090.98,2220.00,2182.11,2104.82" sx="M,M,M,M"/><TAIKYOKU oya="0"/><INIT seed="0,0,0,0,1,98" ten="250,250,250,250" oya="0" hai0="77,109,54,3,38,91,37,47,76,1,41,71,101" hai1="112,115,106,6,18,42,121,2,43,64,93,40,26" hai2="35,123,72,20,66,116,8,51,55,14,122,73,24" hai3="57,31,94,104,69,45,5,49,87,89,113,130,75"/><T39/><D109/><U100/><E121/><V28/><F116/><W34/><G69/><T117/><D117/><U62/><E106/><V25/><F66/><W92/><G104/><T58/><D71/><U65/><E2/><V99/><F99/><W27/><G130/><T12/><D91/><U19/><E6/><V110/><F110/><W131/><G131/><T44/><D12/><U15/><E26/><V48/><F123/><W108/><G75/><T33/><D33/><U4/><E4/><V78/><F122/><W21/><G113/><N who="1" m="43594" /><E62/><V81/><F73/><W9/><G57/><T97/><D1/><U60/><E60/><V36/><F36/><W118/><G118/><T125/><D3/><U29/><E29/><V56/><F51/><W95/><G34/><T114/><D114/><U86/><E86/><V53/><F53/><W135/><G108/><T126/><D126/><U22/><E19/><V88/><F88/><W68/><G68/><T30/><D30/><U79/><E79/><V133/><F133/><W32/><G32/><T105/><D125/><U124/><E124/><V13/><REACH who="2" step="1"/><F8/><REACH who="2" ten="250,250,240,250" step="2"/><W129/><G135/><T120/><D120/><U67/><E67/><V128/><F128/><W134/><G134/><T84/><D37/><U10/><E10/><V90/><F90/><W103/><G129/><T127/><D127/><U11/><E11/><V46/><F46/><W63/><G9/><T0/><D44/><U59/><E59/><V61/><F61/><W74/><G45/><T80/><D38/><U70/><E70/><V96/><F96/><AGARI ba="0,1" hai="15,18,22,40,42,43,64,65,93,96,100" m="43594" machi="96" ten="30,2000,0" yaku="11,1,52,1" doraHai="98" who="1" fromWho="2" sc="250,0,250,30,240,-20,250,0" /><INIT seed="1,0,0,0,5,54" ten="250,280,220,250" oya="1" hai0="7,4,109,88,65,132,18,20,130,75,44,8,50" hai1="117,80,83,56,34,92,120,102,5,35,111,11,46" hai2="93,23,68,73,116,0,70,123,49,12,55,16,57" hai3="42,106,53,84,113,43,110,96,105,114,40,101,41"/><U121/><E117/><V99/><F116/><W36/><G110/><T15/><D75/><U51/><E56/><V115/><F123/><W129/><G129/><T13/><D109/><U74/><E111/><V69/><F73/><W27/><G106/><T76/><D76/><U1/><E120/><V122/><F122/><W62/><G84/><T82/><D130/><U58/><E58/><V17/><F0/><W108/><G108/><T81/><D132/><U104/><E104/><V79/><F79/><W47/><G27/><T32/><D32/><U61/><E61/><V94/><F115/><W28/><G28/><T60/><D4/><U14/><E1/><V72/><F72/><W86/><G86/><T128/><D88/><U30/><E121/><V33/><F33/><W21/><G21/><T107/><D107/><U112/><E112/><V90/><F17/><W67/><REACH who="3" step="1"/><G53/><REACH who="3" ten="250,280,220,240" step="2"/><N who="0" m="29895" /><D128/><U78/><E30/><V6/><F94/><W22/><G22/><T37/><D81/><U127/><E83/><V39/><F39/><W77/><G77/><T97/><D37/><U71/><E78/><V118/><F118/><W10/><G10/><T89/><D82/><U64/><E80/><V52/><F55/><W2/><G2/><T26/><D26/><U95/><E74/><V48/><REACH who="2" step="1"/><F6/><REACH who="2" ten="250,280,210,240" step="2"/><W100/><G100/><T25/><D7/><U131/><E102/><V45/><F45/><W91/><G91/><T87/><D89/><U29/><E92/><V135/><F135/><W124/><G124/><T125/><D125/><U119/><E127/><V31/><F31/><W126/><G126/><RYUUKYOKU ba="0,2" sc="250,-15,280,-15,210,15,240,15" hai2="12,16,23,48,49,52,57,68,69,70,90,93,99" hai3="36,40,41,42,43,47,62,67,96,101,105,113,114" /><INIT seed="2,1,2,2,1,117" ten="235,265,225,255" oya="2" hai0="21,82,104,74,120,30,20,113,124,128,64,81,7" hai1="34,52,33,58,79,123,43,72,88,83,114,51,134" hai2="76,18,42,1,110,45,66,54,89,35,67,23,132" hai3="56,112,41,101,119,85,118,100,68,73,91,53,108"/><V70/><F35/><W107/><G68/><T16/><D113/><U98/><E114/><V22/><F1/><W102/><G112/><T26/><D104/><U131/><E131/><V77/><F132/><W61/><G73/><T2/><D128/><U11/><E134/><V29/><F110/><W97/><G108/><T127/><D64/><N who="2" m="24618" /><F70/><W0/><G0/><T9/><D120/><U47/><E123/><V10/><F42/><W32/><G32/><T6/><D6/><U125/><E125/><N who="0" m="48201" /><D74/><U105/><E11/><V126/><F126/><W12/><G41/><T75/><D75/><U103/><REACH who="1" step="1"/><E88/><REACH who="1" ten="235,255,225,255" step="2"/><V13/><F89/><W24/><G119/><T86/><D86/><U84/><E84/><V109/><F109/><W14/><G118/><T25/><AGARI ba="1,3" hai="2,7,9,16,20,21,25,26,30,81,82" m="48201" machi="25" ten="30,2000,0" yaku="18,1,54,1" doraHai="117" who="0" fromWho="0" sc="235,53,255,-6,225,-11,255,-6" /><INIT seed="3,0,0,0,3,19" ten="288,249,214,249" oya="3" hai0="43,75,106,16,110,68,103,126,20,77,4,101,120" hai1="22,28,81,9,2,47,17,82,118,71,105,60,62" hai2="125,130,128,34,108,26,131,135,53,127,89,30,90" hai3="27,114,76,100,64,56,1,104,134,3,21,59,86"/><W39/><G114/><T99/><D120/><U72/><E105/><V95/><F108/><W111/><G39/><T33/><D68/><U67/><E72/><V116/><F116/><W73/><G73/><T121/><D121/><U13/><E118/><V96/><F53/><W61/><G111/><T65/><D33/><U32/><E47/><V41/><F41/><W40/><G134/><T93/><D110/><U132/><E132/><V52/><F135/><W92/><G40/><T35/><D35/><U84/><E62/><V63/><REACH who="2" step="1"/><F90/><REACH who="2" ten="288,249,204,249" step="2"/><W5/><G104/><T54/><D43/><U79/><E79/><V66/><F66/><W55/><G76/><T38/><D65/><U18/><E67/><V11/><F11/><W113/><G113/><T42/><D77/><U50/><E9/><V115/><F115/><W102/><G102/><T117/><D117/><U31/><E71/><V83/><F83/><W46/><G46/><T36/><D54/><U88/><E82/><V129/><N who="2" m="32768" /><DORA hai="109" /><V119/><F119/><W97/><G5/><T8/><D42/><U10/><E81/><V87/><F87/><W58/><G86/><T123/><D75/><U124/><E84/><V24/><F24/><W91/><G91/><T85/><D85/><U107/><E107/><V57/><AGARI ba="0,1" hai="26,30,34,52,57,63,89,95,96,125,127" m="32768" machi="57" ten="60,8000,1" yaku="1,1,0,1,19,1,54,1,53,0" doraHai="19,109" doraHaiUra="98,112" who="2" fromWho="2" sc="288,-20,249,-20,204,90,249,-40" /><INIT seed="4,0,0,4,5,18" ten="268,229,294,209" oya="0" hai0="82,129,83,20,125,106,59,104,5,43,10,121,24" hai1="55,128,30,90,105,22,71,75,39,51,89,3,101" hai2="84,4,123,34,58,135,110,96,28,19,76,62,127" hai3="74,65,91,73,102,130,98,7,68,45,15,131,94"/><T26/><D121/><U44/><E3/><V93/><F110/><W0/><G0/><T8/><D129/><N who="3" m="49161" /><G45/><T99/><D125/><U116/><E128/><V6/><F123/><W117/><G68/><T13/><D43/><U69/><E116/><V12/><F135/><W108/><G65/><T70/><D70/><U16/><E75/><N who="3" m="28682" /><G15/><T87/><D59/><U40/><E30/><V133/><F28/><W21/><G7/><N who="2" m="2601" /><F34/><W124/><G21/><T33/><D10/><U112/><E112/><V122/><F122/><W134/><G108/><T36/><D33/><U113/><E113/><V17/><F133/><W57/><G57/><T54/><D26/><U52/><E71/><V61/><F127/><W49/><G49/><T111/><D111/><U35/><E69/><V48/><F48/><W88/><G134/><T79/><D36/><U100/><E35/><V23/><F17/><W77/><G124/><T67/><D67/><U120/><E120/><V56/><F56/><W118/><G77/><T95/><D54/><U60/><E55/><V31/><F31/><W81/><G81/><T80/><D82/><U27/><E39/><V53/><F62/><W132/><G132/><T37/><D80/><U103/><E105/><V119/><F76/><W66/><G66/><T86/><D37/><U47/><E47/><V50/><F61/><W38/><G38/><T109/><D109/><U72/><E72/><V92/><F58/><AGARI ba="0,0" hai="16,22,27,40,44,51,52,58,60,89,90,100,101,103" machi="58" ten="40,8000,1" yaku="8,1,52,1,54,2" doraHai="18" who="1" fromWho="2" sc="268,0,229,80,294,-80,209,0" owari="268,6.8,309,40.9,214,-18.6,209,-29.1" /></mjloggm>