<mjloggm ver="2.3"><GO type="225" lobby="0"/><UN n0="%E3%83%A9%E3%83%BC%E3%83%A1%E3%83%B3%E4%BA%94%E9%83%8E" n1="%79%75%72%69%6D%6F%67" n2="%E3%80%90%E3%83%88%E3%83%AA%E3%83%A5%E3%83%95%E3%80%91" n3="%E9%BB%99%E8%81%B4%E3%81%AE%E3%81%99%E3%82%9D%E3%82%81" dan="16,16,16,16" rate="2131.42,2139.59,2075.22,2100.37" sx="M,F,M,M"/><TAIKYOKU oya="0"/><INIT seed="0,0,0,2,0,72" ten="250,250,250,250" oya="0" hai0="41,40,0,7,13,95,102,5,110,21,3,75,122" hai1="4,124,97,91,128,32,119,109,67,93,84,79,68" hai2="11,105,16,64,51,31,62,37,112,129,81,60,63" hai3="90,56,100,114,49,131,116,14,39,115,45,19,85"/><T15/><D75/><U44/><E32/><V69/><F112/><W94/><G131/><T77/><D122/><U106/><E109/><V30/><F129/><W120/><G116/><T47/><D110/><U80/><E124/><V113/><F113/><W127/><G127/><T59/><D59/><U74/><E128/><V58/><F37/><W118/><G118/><T92/><D21/><U134/><E134/><V126/><F105/><W99/><G39/><T70/><D102/><U87/><E4/><V53/><F126/><W121/><G120/><T71/><REACH who="0" step="1"/><D47/><REACH who="0" ten="240,250,250,250" step="2"/><U28/><E119/><V78/><F64/><W101/><G101/><T2/><D2/><U55/><E67/><V25/><F69/><W26/><G121/><T135/><D135/><U61/><E68/><V65/><F65/><W12/><G56/><T57/><D57/><N who="1" m="35007" /><E44/><V123/><F123/><W125/><G125/><T24/><D24/><U104/><E74/><V8/><F8/><W66/><G66/><T133/><D133/><U89/><E106/><V46/><F46/><W18/><G115/><T48/><D48/><U88/><E104/><V83/><F11/><W50/><G26/><T73/><D73/><U103/><E28/><V22/><F31/><W108/><G108/><T34/><D34/><U107/><E107/><V52/><F30/><W130/><G114/><T82/><D82/><U96/><E96/><V38/><F83/><N who="3" m="49471" /><G130/><T54/><D54/><U17/><E87/><N who="2" m="48567" /><F38/><W20/><G45/><T35/><D35/><U42/><E42/><V27/><F27/><W23/><AGARI ba="0,1" hai="12,14,18,19,20,23,49,50,94,99,100" m="49471" machi="23" ten="30,1100,0" yaku="8,1" doraHai="72" who="3" fromWho="3" sc="240,-5,250,-3,250,-3,250,21" /><INIT seed="1,0,0,5,5,33" ten="235,247,247,271" oya="1" hai0="133,88,16,74,135,37,32,90,40,21,73,51,124" hai1="47,84,112,57,34,131,36,121,41,102,130,113,89" hai2="42,117,93,118,53,100,24,13,120,115,67,61,6" hai3="123,83,66,22,119,77,76,45,60,5,107,19,82"/><U17/><E34/><V18/><F120/><W94/><G107/><T99/><D32/><U52/><E102/><V80/><F115/><W103/><G123/><T86/><D37/><U15/><E121/><V108/><F42/><W78/><G5/><T127/><D99/><U44/><E44/><V27/><F80/><W50/><G103/><T49/><D40/><U10/><E130/><V128/><F6/><W0/><G0/><T20/><D86/><U9/><E9/><V62/><F108/><W8/><G94/><T63/><D63/><U11/><E11/><V85/><F128/><W29/><G29/><T69/><D69/><U70/><E70/><V2/><F2/><W126/><G8/><T46/><D46/><U106/><E106/><V56/><F117/><W72/><G72/><T31/><D31/><U58/><E58/><N who="2" m="37303" /><F118/><W129/><G126/><T25/><D25/><U111/><E111/><V54/><F54/><W92/><G92/><T38/><D38/><U109/><E109/><V101/><F101/><W114/><G114/><T95/><D95/><U65/><E65/><V3/><F3/><W71/><G119/><T96/><D96/><U28/><E28/><V55/><F55/><W23/><G23/><T39/><D39/><U104/><E104/><V35/><F35/><W79/><N who="3" m="19456" /><DORA hai="48" /><W26/><REACH who="3" step="1"/><G129/><REACH who="3" ten="235,247,247,261" step="2"/><T97/><D97/><U68/><E131/><V59/><F100/><W116/><G116/><T75/><D74/><U7/><E7/><V14/><F93/><W30/><G30/><T87/><D87/><U110/><E113/><V4/><F85/><RYUUKYOKU ba="0,1" sc="235,15,247,-15,247,-15,261,15" hai0="16,20,21,49,51,73,75,88,90,124,127,133,135" hai3="19,22,26,45,50,60,66,71,82,83" /><INIT seed="2,1,1,3,2,113" ten="250,232,232,276" oya="2" hai0="101,120,86,131,45,6,125,91,33,67,59,106,48" hai1="87,92,108,93,118,24,7,25,9,60,123,100,49" hai2="57,16,42,102,31,69,44,36,85,18,14,84,4" hai3="17,81,103,20,79,39,122,135,65,37,104,53,117"/><V63/><F69/><W40/><G122/><T35/><D120/><U96/><E118/><V121/><F121/><W110/><G110/><T22/><D131/><U26/><E108/><V19/><F31/><W109/><G109/><T107/><D125/><U32/><E32/><V2/><F2/><W62/><G135/><T133/><D6/><U124/><E124/><V0/><F0/><W95/><G104/><T128/><D128/><U130/><E130/><V21/><F102/><W98/><G53/><T94/><D133/><U15/><E123/><V38/><F38/><W10/><G10/><T97/><D107/><U88/><E49/><V73/><F73/><W132/><G40/><T127/><D127/><U30/><REACH who="1" step="1"/><E60/><REACH who="1" ten="250,222,232,276" step="2"/><V8/><REACH who="2" step="1"/><F21/><REACH who="2" ten="250,222,222,276" step="2"/><W111/><G111/><T129/><D129/><U27/><E27/><V51/><F51/><W72/><G39/><T112/><D22/><U54/><E54/><AGARI ba="1,3" hai="4,8,14,16,18,19,36,42,44,54,57,63,84,85" machi="54" ten="40,3900,0" yaku="1,1,54,1,53,0" doraHai="113" doraHaiUra="90" who="2" fromWho="1" sc="250,0,222,-42,222,72,276,0" /><INIT seed="2,2,0,0,0,75" ten="250,180,294,276" oya="2" hai0="63,83,7,27,92,76,17,49,108,12,130,30,87" hai1="64,51,5,43,34,88,2,82,128,101,65,74,59" hai2="102,24,117,95,119,132,116,57,45,50,99,86,8" hai3="105,42,131,90,20,53,40,122,10,134,22,15,106"/><V36/><F132/><W11/><G122/><T48/><D108/><U41/><E128/><V79/><F36/><W4/><G131/><T85/><D130/><U114/><E34/><V129/><F24/><W109/><G109/><T104/><D104/><U32/><E114/><V73/><F57/><W133/><G53/><T107/><D107/><U67/><E32/><V72/><F8/><W97/><G97/><T6/><D63/><U100/><E5/><N who="0" m="1545" /><D27/><U80/><E2/><V77/><F50/><W44/><G4/><T21/><D30/><U14/><E14/><V112/><F45/><W93/><G44/><T123/><D123/><U47/><E43/><V98/><F112/><W1/><G15/><T33/><D33/><U81/><E74/><N who="2" m="28779" /><F86/><W126/><G93/><T52/><D52/><U54/><E41/><V62/><F62/><W66/><G90/><AGARI ba="2,0" hai="12,17,21,48,49,76,83,85,87,90,92" m="1545" machi="90" ten="30,2000,0" yaku="8,1,52,1" doraHai="75" who="0" fromWho="3" sc="250,26,180,0,294,0,276,-26" /><INIT seed="3,0,0,3,1,47" ten="276,180,294,250" oya="3" hai0="95,10,94,82,65,45,78,88,68,6,106,58,30" hai1="69,76,62,16,97,2,113,41,112,79,73,37,123" hai2="100,9,115,42,83,39,77,13,80,64,89,0,102" hai3="96,17,93,133,14,130,36,44,129,8,32,85,54"/><W28/><G133/><T108/><D106/><U75/><E123/><V91/><F64/><W29/><G85/><T3/><D68/><U103/><E41/><V33/><F33/><W125/><G125/><T40/><D30/><U11/><E37/><V55/><F55/><W46/><G36/><N who="0" m="21639" /><D88/><U15/><E2/><V99/><F115/><W1/><G1/><T38/><D38/><U109/><E109/><V110/><F110/><W4/><G4/><T134/><D134/><U18/><E62/><V35/><F35/><W66/><G66/><T111/><D111/><U67/><E67/><V90/><F0/><W121/><G121/><T122/><D122/><U50/><E69/><V127/><F127/><W51/><G46/><T135/><D135/><U5/><E50/><V126/><F42/><W74/><G74/><N who="0" m="43351" /><D108/><U84/><E75/><V26/><F26/><W59/><G59/><T24/><D24/><U43/><E43/><V49/><F49/><W132/><G132/><T117/><D117/><U114/><E73/><N who="2" m="43055" /><F39/><W48/><G48/><T118/><D118/><U34/><E34/><V86/><F126/><W72/><G72/><T116/><D116/><U20/><E84/><V19/><F102/><N who="3" m="60687" /><G32/><T120/><D120/><U81/><E81/><V22/><F9/><W107/><G107/><T27/><D27/><U56/><E56/><V70/><F70/><W12/><G12/><T98/><D98/><U52/><E52/><V23/><F23/><W119/><G119/><T57/><D57/><U63/><E63/><AGARI ba="0,0" hai="3,6,10,58,63,65,94,95" m="43351,21639" machi="63" ten="30,1000,0" yaku="25,1" doraHai="47" who="0" fromWho="1" sc="276,10,180,-10,294,0,250,0" /><INIT seed="4,0,0,0,0,81" ten="286,170,294,250" oya="0" hai0="85,92,126,133,59,25,72,128,36,31,83,76,87" hai1="54,115,50,4,89,75,117,67,112,24,80,69,33" hai2="108,91,46,125,41,70,20,74,127,57,14,0,100" hai3="30,15,99,23,96,132,29,39,95,7,82,116,120"/><T64/><D36/><U129/><E117/><V45/><F108/><W78/><G116/><T121/><D121/><U16/><E4/><V68/><F0/><W104/><G39/><T13/><D126/><N who="2" m="48138" /><F100/><W32/><G32/><T51/><D133/><U35/><E67/><V119/><F74/><W61/><G132/><T10/><D128/><U34/><E69/><N who="2" m="26731" /><F41/><W56/><G104/><T38/><D38/><U60/><E60/><V5/><F91/><W118/><G120/><T79/><D92/><U107/><E107/><V114/><F114/><N who="1" m="43561" /><E129/><V53/><F119/><W103/><G99/><T40/><D79/><U66/><E66/><V122/><F122/><W63/><G63/><T71/><D71/><U28/><E75/><V93/><F93/><W113/><G118/><T94/><D94/><U44/><E80/><V26/><F5/><W65/><G113/><T134/><D134/><U86/><E89/><V106/><F14/><W22/><G7/><T37/><D64/><U111/><E111/><V90/><F90/><W9/><G9/><T6/><D37/><U77/><E77/><V1/><F1/><W43/><G43/><T102/><D102/><U135/><E135/><V21/><F21/><N who="3" m="7691" /><G15/><T17/><D6/><U52/><E86/><AGARI ba="0,0" hai="29,30,56,61,65,78,82,86,95,96,103" m="7691" machi="86" ten="30,2000,0" yaku="8,1,52,1" doraHai="81" who="3" fromWho="1" sc="286,0,170,-20,294,0,250,20" /><INIT seed="5,0,0,4,1,93" ten="286,150,294,270" oya="1" hai0="61,38,24,0,29,67,48,117,53,57,33,89,19" hai1="129,101,84,122,16,91,58,70,80,82,92,110,40" hai2="74,115,36,8,20,135,60,63,100,11,76,113,3" hai3="86,102,18,5,55,65,27,72,126,54,17,132,127"/><U2/><E122/><V133/><F36/><W12/><G72/><T118/><D38/><U124/><E70/><V32/><F32/><W134/><G65/><T83/><D0/><U62/><E2/><V56/><F20/><N who="3" m="13719" /><G5/><T109/><D109/><U43/><E110/><V15/><F100/><W125/><G86/><T75/><D19/><U22/><E124/><V30/><F30/><W42/><G42/><T49/><D49/><U123/><E129/><V77/><F3/><W88/><G88/><T121/><D121/><U45/><E123/><V13/><F56/><W95/><G95/><T119/><D89/><U68/><E68/><V120/><F120/><W131/><G102/><T97/><D97/><N who="1" m="59559" /><E45/><V81/><F74/><W4/><G4/><T44/><D75/><U104/><E82/><AGARI ba="0,0" hai="8,11,13,15,60,63,76,77,81,82,113,115,133,135" machi="82" ten="25,1600,0" yaku="22,2" doraHai="93" who="2" fromWho="1" sc="286,0,150,-16,294,16,270,0" owari="286,8.6,134,-36.6,310,41.0,270,-13.0" /></mjloggm>