<mjloggm ver="2.3"><GO type="225" lobby="0"/><UN n0="%E6%98%93%E5%88%A9%E8%96%A9%E4%BC%AF" n1="%73%6C%69%63%6B%33%31%39" n2="%6D%6F%6E%63%68%69" n3="%E3%83%AB%E3%83%9B%E3%83%B3%E3%83%87%E3%82%A3%E3%82%A8" dan="16,17,16,17" rate="2107.09,2171.23,2050.26,2198.26" sx="F,M,M,M"/><TAIKYOKU oya="0"/><INIT seed="0,0,0,3,3,5" ten="250,250,250,250" oya="0" hai0="0,49,39,13,93,80,14,53,32,52,95,121,34" hai1="4,112,31,122,7,113,1,83,120,38,128,65,25" hai2="24,30,37,18,127,57,100,117,44,56,125,90,35" hai3="109,132,36,41,134,99,9,43,78,105,119,17,75"/><T63/><D121/><N who="1" m="46699" /><E83/><V68/><F68/><W54/><G119/><T20/><D39/><U71/><E38/><V130/><F100/><W77/><G109/><T21/><D0/><U8/><E65/><V2/><F2/><W11/><G17/><T59/><D80/><U62/><E62/><V47/><F117/><W74/><G54/><T89/><D93/><U28/><E71/><V104/><F104/><W131/><G131/><T6/><D34/><N who="1" m="20751" /><E128/><V81/><F18/><W72/><G99/><T23/><D32/><U67/><E67/><V135/><F130/><W79/><G105/><T84/><REACH who="0" step="1"/><D6/><REACH who="0" ten="240,250,250,250" step="2"/><N who="1" m="1103" /><E31/><V69/><F30/><W12/><G36/><T70/><D70/><U86/><E86/><V103/><F69/><W108/><G74/><T116/><D116/><U16/><E4/><V55/><F81/><W88/><G75/><T133/><D133/><U60/><E7/><V87/><F135/><W22/><G72/><T98/><D98/><U82/><E82/><V106/><F37/><W96/><G132/><T61/><D61/><U27/><E60/><V48/><F87/><W26/><G134/><T51/><D51/><U114/><E16/><V115/><F35/><W45/><G96/><T73/><D73/><U29/><E113/><V46/><F48/><W76/><G79/><T19/><D19/><U94/><E94/><V85/><F115/><W107/><G77/><T58/><AGARI ba="0,1" hai="13,14,20,21,23,49,52,53,58,59,63,84,89,95" machi="58" ten="30,11700,0" yaku="1,1,0,1,8,1,54,1,53,0" doraHai="5" doraHaiUra="129" who="0" fromWho="0" sc="240,127,250,-39,250,-39,250,-39" /><INIT seed="0,1,0,2,1,50" ten="367,211,211,211" oya="0" hai0="107,17,87,80,89,29,74,5,26,28,46,135,55" hai1="13,105,82,115,131,81,23,31,127,93,125,4,111" hai2="72,62,53,91,48,35,63,67,51,57,10,2,7" hai3="79,54,109,123,27,94,113,25,70,124,1,106,108"/><T65/><D135/><U92/><E31/><V20/><F72/><W32/><G106/><T95/><D107/><U47/><E23/><V30/><F35/><W68/><G1/><T114/><D114/><U129/><E13/><V60/><F48/><W73/><G113/><T56/><D65/><U130/><E4/><V103/><F103/><W33/><G124/><N who="1" m="47690" /><E115/><V0/><F0/><W12/><G12/><T8/><D46/><U132/><E47/><V9/><F9/><W100/><G123/><T77/><D17/><U38/><E38/><V19/><F91/><W83/><G100/><T39/><D26/><N who="3" m="9737" /><G94/><N who="1" m="36458" /><E132/><V24/><REACH who="2" step="1"/><F30/><REACH who="2" ten="367,211,201,211" step="2"/><W40/><G32/><T122/><D122/><U3/><E3/><V117/><F117/><W126/><G33/><T36/><D29/><U43/><E43/><V6/><F6/><W134/><G40/><T110/><D28/><U18/><E18/><V99/><F99/><W119/><G126/><T61/><REACH who="0" step="1"/><D110/><REACH who="0" ten="357,211,201,211" step="2"/><U101/><E111/><V14/><F14/><AGARI ba="1,2" hai="5,8,14,36,39,55,56,61,74,77,80,87,89,95" machi="14" ten="30,18000,2" yaku="1,1,2,1,7,1,52,1,53,2" doraHai="50" doraHaiUra="71" who="0" fromWho="2" sc="357,203,211,0,201,-183,211,0" /><INIT seed="0,2,0,0,1,86" ten="560,211,18,211" oya="0" hai0="1,107,112,5,19,49,50,116,101,119,48,102,8" hai1="35,55,134,105,0,71,57,122,22,77,10,74,13" hai2="79,24,78,63,92,73,32,2,58,88,41,33,103" hai3="51,124,95,36,76,114,34,115,125,30,117,59,37"/><T43/><D112/><N who="3" m="43049" /><G76/><N who="2" m="29225" /><F2/><W132/><G95/><T89/><D43/><U46/><E71/><V135/><F73/><W93/><G93/><T16/><D89/><U21/><E35/><V68/><F68/><W67/><G30/><T52/><D52/><U66/><E105/><V123/><F32/><W11/><G11/><T82/><D82/><U81/><E122/><V56/><F33/><W54/><G34/><T104/><D107/><U72/><E72/><V29/><F135/><W83/><G83/><T45/><D45/><U75/><E75/><V106/><F106/><W80/><G80/><T70/><D70/><U14/><E0/><V91/><F41/><W129/><G129/><T97/><REACH who="0" step="1"/><D102/><REACH who="0" ten="550,211,18,211" step="2"/><U20/><E46/><V94/><F123/><W98/><G54/><T15/><D15/><U39/><E14/><V111/><F111/><W69/><G69/><T108/><D108/><U28/><E55/><N who="2" m="34207" /><F58/><W3/><G3/><T61/><D61/><U7/><E57/><V126/><F126/><W90/><G59/><T96/><D96/><U4/><E74/><V128/><F128/><W27/><G98/><T17/><AGARI ba="2,1" hai="1,5,8,16,17,19,48,49,50,97,101,104,116,119" machi="17" ten="30,6000,0" yaku="1,1,0,1,54,1,53,0" doraHai="86" doraHaiUra="118" who="0" fromWho="0" sc="550,76,211,-22,18,-22,211,-22" owari="626,72.6,189,-1.1,-4,-50.4,189,-21.1" /></mjloggm>