<mjloggm ver="2.3"><GO type="225" lobby="0"/><UN n0="%E8%81%B7%E6%A5%AD%E3%80%81%E9%A2%A8%32" n1="%E9%89%A2%E5%B7%BB%E3%82%AC%E3%83%96" n2="%E3%81%91%E3%83%BC%E3%81%9E%E3%81%88" n3="%E3%82%BC%E3%83%AB%E3%83%80%E3%81%AE%E4%BC%9D%E8%AA%AC" dan="16,16,16,16" rate="2173.49,2041.76,2183.04,2169.09" sx="M,M,F,M"/><TAIKYOKU oya="0"/><INIT seed="0,0,0,3,0,98" ten="250,250,250,250" oya="0" hai0="9,133,6,33,35,40,94,80,102,51,113,49,69" hai1="44,15,57,96,108,29,92,71,78,21,60,56,83" hai2="55,54,41,86,61,126,105,50,63,135,52,101,20" hai3="103,132,25,119,66,88,125,30,99,3,70,111,64"/><T74/><D113/><U85/><E108/><V31/><F135/><W87/><G119/><T120/><D120/><U10/><E71/><V112/><F112/><W36/><G111/><T89/><D69/><U77/><E44/><N who="2" m="25871" /><F105/><W72/><G132/><T53/><D133/><U124/><E124/><V122/><F122/><W58/><G125/><T121/><D121/><U13/><E78/><V115/><F115/><W48/><G3/><T106/><D40/><U93/><E93/><V75/><F75/><W91/><G72/><T4/><D74/><U68/><E68/><V23/><F126/><W28/><G36/><T18/><D106/><U19/><E60/><N who="2" m="23115" /><F31/><N who="3" m="11819" /><G25/><T100/><D33/><U104/><E104/><V107/><F107/><W95/><G70/><T134/><D35/><U11/><E29/><V14/><F86/><W81/><G91/><T38/><D38/><U73/><E73/><V43/><F43/><W90/><G90/><T17/><D134/><U65/><E65/><V131/><F131/><W123/><G123/><T26/><D26/><U46/><E46/><V7/><F101/><N who="0" m="39018" /><D80/><U0/><E0/><V24/><F24/><W109/><G109/><T34/><D34/><U1/><E1/><V2/><F2/><W127/><G127/><T117/><D117/><U12/><E10/><AGARI ba="0,0" hai="7,10,14,20,23,52,54,55" m="23115,25871" machi="10" ten="30,2000,0" yaku="8,1,54,1" doraHai="98" who="2" fromWho="1" sc="250,0,250,-20,250,20,250,0" /><INIT seed="1,0,0,4,2,25" ten="250,230,270,250" oya="1" hai0="71,80,107,38,98,36,88,54,9,27,74,111,32" hai1="50,52,40,91,60,92,126,97,81,125,33,57,96" hai2="132,118,115,6,16,1,4,23,72,24,62,21,37" hai3="76,128,20,45,122,113,95,78,119,65,101,103,39"/><U86/><E33/><V30/><F72/><W29/><G122/><T34/><D111/><U112/><E112/><V87/><F37/><W73/><G113/><T108/><D108/><U2/><E2/><V84/><F115/><W124/><G73/><T70/><D34/><U67/><E40/><V19/><F118/><W129/><G119/><T44/><D9/><U121/><E121/><V42/><F42/><N who="3" m="22751" /><G65/><T77/><D38/><U90/><REACH who="1" step="1"/><E97/><REACH who="1" ten="250,220,270,250" step="2"/><V22/><F1/><W3/><G3/><T120/><D120/><U46/><AGARI ba="0,1" hai="46,50,52,57,60,67,81,86,90,91,92,96,125,126" machi="46" ten="30,12000,1" yaku="1,1,2,1,0,1,54,1,53,1" doraHai="25" doraHaiUra="53" who="1" fromWho="1" sc="250,-40,220,130,270,-40,250,-40" /><INIT seed="1,1,0,0,2,78" ten="210,350,230,210" oya="1" hai0="30,27,60,36,23,14,110,33,31,94,118,44,103" hai1="65,11,127,15,106,64,71,83,133,72,116,129,104" hai2="47,88,102,132,95,126,131,99,112,96,45,91,17" hai3="25,13,79,73,19,55,97,9,20,70,121,115,134"/><U114/><E114/><V26/><F112/><W100/><G115/><T34/><D110/><U98/><E116/><V41/><F132/><W53/><G70/><T128/><D118/><U66/><E129/><V86/><F131/><W42/><G121/><T122/><D128/><U77/><E133/><V80/><F126/><W92/><G134/><T63/><D122/><U61/><E127/><V21/><REACH who="2" step="1"/><F41/><REACH who="2" ten="210,350,220,210" step="2"/><W57/><G42/><T6/><D36/><U22/><E106/><AGARI ba="1,1" hai="17,21,26,45,47,80,86,88,91,95,96,99,102,106" machi="106" ten="30,8000,1" yaku="1,1,2,1,7,1,52,1,54,1,53,0" doraHai="78" doraHaiUra="67" who="2" fromWho="1" sc="210,0,350,-83,220,93,210,0" /><INIT seed="2,0,0,3,1,87" ten="210,267,313,210" oya="2" hai0="7,25,36,48,107,37,91,3,134,31,5,120,84" hai1="74,101,70,35,85,6,19,89,65,124,29,126,82" hai2="45,105,83,43,38,10,127,59,13,17,112,109,79" hai3="26,121,122,41,71,106,57,93,114,62,1,118,24"/><V111/><F112/><W67/><G118/><T9/><D120/><U110/><E110/><N who="2" m="41995" /><F127/><N who="1" m="48681" /><E6/><V96/><F59/><W99/><G1/><T128/><D7/><U11/><E101/><N who="2" m="62631" /><F83/><W23/><G114/><T123/><D123/><U66/><E70/><V129/><F79/><W2/><G71/><T60/><D107/><U98/><E98/><V113/><F113/><W75/><G106/><T132/><D60/><U46/><E74/><V30/><F30/><W131/><G75/><T68/><D68/><U116/><E116/><V28/><F28/><W33/><G122/><T15/><D3/><U4/><E29/><V76/><F76/><W51/><G2/><T86/><D86/><U18/><E46/><V72/><F72/><W88/><G121/><T94/><D128/><AGARI ba="0,0" hai="10,13,17,38,43,45,128,129" m="62631,41995" machi="128" ten="30,2900,0" yaku="14,1,10,1" doraHai="87" who="2" fromWho="0" sc="210,-29,267,0,313,29,210,0" /><INIT seed="2,1,0,4,1,62" ten="181,267,342,210" oya="2" hai0="10,65,134,74,81,112,28,130,3,72,63,118,132" hai1="115,100,51,86,67,12,108,109,16,56,21,13,87" hai2="39,124,125,1,83,71,54,99,60,79,68,61,80" hai3="69,111,4,57,113,77,114,15,34,19,53,42,24"/><V41/><F1/><W106/><G106/><T91/><D112/><N who="3" m="43113" /><G111/><N who="1" m="42570" /><E115/><V27/><F99/><W25/><G69/><T128/><D118/><U36/><E36/><V64/><F27/><N who="3" m="10315" /><G34/><T44/><D28/><U88/><E100/><V45/><F83/><W105/><G105/><T84/><D44/><U26/><E87/><V55/><F55/><W89/><G77/><T8/><D74/><U18/><E18/><V98/><F98/><W127/><G42/><T94/><D10/><U5/><E5/><V22/><F22/><N who="3" m="11647" /><G89/><T122/><D122/><U48/><E51/><V49/><F61/><N who="3" m="36015" /><G4/><N who="0" m="1055" /><D72/><U23/><E23/><V9/><F71/><W35/><G35/><T101/><D101/><U52/><E67/><V33/><F33/><W95/><G95/><AGARI ba="1,0" hai="12,13,16,21,26,48,52,56,86,88,95" m="42570" machi="95" ten="30,7700,0" yaku="14,1,54,3" doraHai="62" who="1" fromWho="3" sc="181,0,267,80,342,0,210,-80" /><INIT seed="3,0,0,2,1,8" ten="181,347,342,130" oya="3" hai0="23,103,132,36,41,119,21,47,91,62,15,86,28" hai1="135,108,37,52,87,83,129,54,82,40,63,84,26" hai2="7,3,125,92,95,25,106,130,89,35,38,120,94" hai3="114,12,123,59,22,93,11,99,45,133,65,61,88"/><W75/><G133/><T56/><D119/><U18/><E37/><V74/><F106/><W9/><G114/><T24/><D132/><U2/><E2/><V33/><F38/><W81/><G123/><T6/><D103/><U100/><E135/><V107/><F107/><W111/><G111/><T134/><D134/><U97/><E108/><V4/><F74/><W44/><G75/><T55/><D6/><N who="2" m="2090" /><F3/><W76/><G22/><T127/><D127/><U66/><E40/><V96/><F25/><W39/><G39/><T57/><D15/><U10/><E129/><V77/><F77/><W64/><G64/><T32/><D57/><N who="1" m="37231" /><E26/><V49/><F49/><W104/><G104/><T121/><D121/><U1/><E1/><V43/><F43/><W122/><G122/><T42/><D41/><U17/><E83/><AGARI ba="0,0" hai="21,23,24,28,32,36,42,47,55,56,62,83,86,91" machi="83" ten="30,1000,0" yaku="7,1" doraHai="8" who="0" fromWho="1" sc="181,10,347,-10,342,0,130,0" owari="191,-20.9,337,13.7,342,44.2,130,-37.0" /></mjloggm>