<mjloggm ver="2.3"><GO type="225" lobby="0"/><UN n0="%E5%BA%97%E9%95%B7%4D" n1="%4C%4F%4C%49%54%41" n2="%E6%97%A5%E6%9B%9C%E6%97%A5%E3%82%88%E3%82%8A%E3%81%AE%E4%BD%BF%E8%80%85" n3="%E3%81%99%E3%81%84%E3%81%BE%E3%81%9B%E3%83%BC%E3%82%93" dan="16,16,16,18" rate="2097.93,2201.42,2093.64,2277.73" sx="M,F,M,M"/><TAIKYOKU oya="0"/><INIT seed="0,0,0,5,5,45" ten="250,250,250,250" oya="0" hai0="122,87,51,43,108,120,38,36,42,123,29,10,3" hai1="59,77,12,55,88,7,112,116,73,18,101,72,127" hai2="37,40,47,2,0,82,26,56,28,5,104,92,41" hai3="60,128,30,109,106,16,13,121,91,79,98,25,111"/><T126/><D3/><U24/><E116/><V75/><F104/><W94/><G128/><T125/><D29/><U66/><E101/><V96/><F41/><N who="0" m="15370" /><D10/><U119/><E119/><V124/><F124/><N who="0" m="47722" /><D87/><U52/><E127/><V11/><F56/><W132/><G132/><T54/><D108/><N who="3" m="41545" /><G106/><T14/><D14/><U67/><E112/><V103/><F2/><W22/><G79/><T131/><D131/><U93/><E55/><V100/><F100/><W58/><G121/><T81/><D81/><U107/><E107/><V84/><F75/><W76/><G76/><T95/><D95/><U113/><E113/><V130/><F130/><W9/><G58/><AGARI ba="0,0" hai="36,38,51,54,58,120,122,123" m="47722,15370" machi="58" ten="40,12000,1" yaku="18,1,34,2,52,1" doraHai="45" who="0" fromWho="3" sc="250,120,250,0,250,0,250,-120" /><INIT seed="0,1,0,4,2,92" ten="370,250,250,130" oya="0" hai0="28,2,26,18,79,133,64,124,134,23,19,69,24" hai1="30,44,75,60,9,17,91,61,0,29,41,127,62" hai2="13,55,6,86,49,73,88,123,65,77,39,135,114" hai3="101,113,110,80,51,16,117,1,59,74,108,122,71"/><T118/><D79/><U94/><E75/><V43/><F114/><W12/><G113/><T10/><D69/><U35/><E127/><V99/><F123/><W78/><G117/><T3/><D64/><U47/><E35/><V84/><F135/><N who="0" m="51722" /><D118/><U132/><E132/><V52/><F39/><W130/><G71/><T125/><D18/><U115/><E115/><V20/><F65/><W5/><G122/><T7/><D3/><U104/><E104/><V48/><F73/><W70/><G70/><T109/><D109/><U105/><E105/><V120/><F43/><W83/><G130/><T54/><D54/><N who="2" m="20522" /><F120/><W112/><G112/><T57/><D57/><U27/><E0/><V25/><F13/><W32/><G1/><T76/><D76/><U56/><E56/><V46/><F6/><W102/><G5/><T11/><D11/><U90/><E9/><V131/><F131/><W50/><G78/><T93/><D93/><U36/><E47/><V81/><F46/><W98/><G74/><T53/><D53/><U129/><E129/><V40/><F40/><W96/><G59/><T87/><D87/><U8/><E94/><N who="2" m="56775" /><F86/><W66/><G66/><T72/><D72/><U97/><E8/><V128/><F128/><W119/><G119/><T38/><D38/><U21/><E97/><V121/><F121/><W95/><G95/><T58/><D58/><U107/><E107/><V103/><F103/><W67/><G67/><T37/><D37/><U82/><E82/><V4/><F4/><W42/><G102/><T126/><D125/><U106/><E106/><V45/><F45/><RYUUKYOKU ba="1,0" sc="370,10,250,10,250,10,130,-30" hai0="2,7,10,19,23,24,26,28,124,126" hai1="17,21,27,29,30,36,41,44,60,61,62,90,91" hai2="20,25,48,49,77,81,84" /><INIT seed="0,2,0,4,0,86" ten="380,260,260,100" oya="0" hai0="52,75,119,78,130,83,64,60,135,46,76,7,134" hai1="110,40,97,3,14,26,50,125,29,42,73,99,103" hai2="39,118,123,91,30,107,23,74,67,81,132,56,48" hai3="31,58,65,51,44,62,98,17,37,36,95,33,49"/><T28/><D119/><U72/><E3/><V20/><F39/><W105/><G105/><T101/><D130/><U43/><E110/><V38/><F38/><W45/><G33/><T127/><D127/><U5/><E125/><V16/><F107/><W2/><G2/><T85/><D7/><U55/><E14/><N who="2" m="9239" /><F74/><W54/><G31/><T22/><D101/><U109/><E5/><V84/><F123/><W15/><G37/><T80/><D22/><U104/><E99/><V131/><F131/><W53/><G36/><T27/><D27/><U133/><E109/><V25/><F132/><W34/><G34/><T88/><D28/><U112/><E112/><V71/><F71/><W117/><G117/><T24/><D24/><U63/><E63/><N who="2" m="38375" /><F118/><W35/><G35/><T90/><D134/><U116/><E133/><V69/><F69/><W111/><G111/><T13/><D13/><U126/><E126/><V70/><F70/><W100/><REACH who="3" step="1"/><G15/><REACH who="3" ten="380,260,260,90" step="2"/><T114/><D135/><U115/><E116/><V108/><F108/><W129/><G129/><T92/><D114/><U94/><E104/><V66/><F66/><W0/><G0/><T18/><D64/><U57/><E115/><V10/><F10/><W68/><G68/><T87/><D18/><AGARI ba="2,1" hai="17,18,44,45,49,51,53,54,58,62,65,95,98,100" machi="18" ten="40,5200,0" yaku="1,1,9,1,8,1,53,0" doraHai="86" doraHaiUra="11" who="3" fromWho="0" sc="380,-58,260,0,260,0,90,68" /><INIT seed="1,0,0,2,3,53" ten="322,260,260,158" oya="1" hai0="50,85,94,134,14,97,47,15,118,58,81,49,135" hai1="60,32,13,119,1,9,121,30,105,72,91,133,37" hai2="34,46,29,130,24,25,80,75,93,35,61,114,124" hai3="102,73,100,117,131,127,55,116,104,11,89,52,33"/><U64/><E119/><N who="3" m="45642" /><G33/><T87/><D118/><U71/><E121/><V82/><F124/><W115/><G115/><T0/><D0/><U70/><E37/><V42/><F130/><W96/><G127/><T19/><D50/><U66/><E72/><V111/><F111/><W27/><G131/><T128/><D58/><U120/><E120/><V68/><F114/><W39/><G73/><T113/><D113/><U79/><E79/><V132/><F132/><N who="0" m="50730" /><D128/><U92/><E105/><V77/><F82/><W17/><G39/><T18/><D15/><U26/><E1/><V16/><F93/><W95/><G102/><N who="0" m="60727" /><D14/><U41/><E41/><V54/><F42/><W6/><G6/><T126/><D126/><U90/><E133/><V125/><F125/><W36/><G36/><T20/><D20/><U101/><E101/><V62/><F68/><W98/><G11/><T65/><D65/><U51/><E51/><V56/><F46/><W110/><G110/><T40/><D87/><U106/><E106/><V43/><F43/><W57/><G57/><T84/><D85/><U59/><E66/><V88/><F35/><W7/><G7/><T63/><D63/><U108/><E108/><V38/><F62/><W22/><AGARI ba="0,0" hai="17,22,27,52,55,89,95,96,98,100,104" m="45642" machi="22" ten="30,2000,0" yaku="12,1,54,1" doraHai="53" who="3" fromWho="3" sc="322,-5,260,-10,260,-5,158,20" /><INIT seed="2,0,0,3,4,103" ten="317,250,255,178" oya="2" hai0="10,94,44,127,62,24,80,30,81,19,61,35,107" hai1="54,66,102,110,89,58,63,6,39,87,9,126,123" hai2="40,28,83,114,67,134,132,112,115,57,18,11,130" hai3="77,42,75,17,74,47,41,56,109,33,91,46,69"/><V37/><F28/><W48/><G69/><T96/><D127/><U104/><E39/><V0/><F83/><W111/><G33/><T68/><D44/><U29/><E110/><V55/><F18/><W97/><G56/><T133/><D133/><N who="2" m="51306" /><F11/><W128/><G128/><T101/><D94/><U60/><E126/><V12/><F12/><W131/><G131/><T26/><D62/><U45/><E123/><V72/><F72/><W16/><G97/><T108/><D108/><N who="3" m="41545" /><G91/><T79/><D79/><U120/><E29/><V38/><F0/><W23/><G77/><T31/><D19/><N who="3" m="7241" /><G23/><N who="0" m="15647" /><D10/><U100/><E120/><V85/><F130/><W27/><G27/><T1/><D1/><U135/><E135/><V73/><F115/><W34/><G34/><T4/><D4/><U71/><E45/><N who="3" m="16906" /><G48/><T70/><D70/><U15/><E104/><V32/><F114/><W95/><G95/><AGARI ba="0,0" hai="6,9,15,54,58,60,63,66,71,87,89,95,100,102" machi="95" ten="30,1000,0" yaku="7,1" doraHai="103" who="1" fromWho="3" sc="317,0,250,10,255,0,178,-10" /><INIT seed="3,0,0,5,5,117" ten="317,260,255,168" oya="3" hai0="102,131,123,15,32,105,64,50,36,128,129,70,81" hai1="111,67,45,38,69,48,109,75,55,124,85,37,17" hai2="34,134,118,10,97,94,5,28,33,27,40,23,39" hai3="132,87,90,41,73,115,54,43,29,19,20,9,116"/><W83/><G115/><T2/><D123/><U35/><E75/><V59/><F118/><W93/><G116/><T26/><D2/><U103/><E35/><V119/><F119/><W135/><G29/><N who="0" m="19511" /><D36/><U56/><E124/><V53/><F134/><N who="3" m="51243" /><G9/><T49/><D81/><U13/><E103/><V77/><F77/><N who="3" m="44463" /><G54/><T92/><D105/><U18/><E85/><V51/><F40/><W122/><G122/><T52/><D15/><AGARI ba="0,0" hai="15,19,20,41,43,87,90,93" m="44463,51243" machi="15" ten="30,1500,0" yaku="20,1" doraHai="117" who="3" fromWho="0" sc="317,-15,260,0,255,0,168,15" /><INIT seed="3,1,0,1,3,56" ten="302,260,255,183" oya="3" hai0="79,67,30,65,17,127,35,10,59,119,48,77,2" hai1="88,126,101,73,71,83,64,118,39,13,108,131,92" hai2="29,6,40,133,96,47,23,78,0,100,41,110,124" hai3="1,98,43,109,114,45,33,70,4,80,74,112,132"/><W82/><G33/><T111/><D119/><U27/><E39/><V125/><F78/><N who="0" m="29706" /><D35/><U107/><E108/><V51/><F110/><W42/><G109/><T76/><D76/><U16/><E73/><V57/><F133/><W15/><G74/><T113/><D30/><U97/><E131/><V69/><F69/><W21/><G70/><T22/><D2/><U18/><E126/><N who="2" m="48747" /><F57/><W121/><G121/><T55/><D127/><U38/><E38/><V52/><F6/><W123/><G123/><T89/><D111/><U49/><E118/><V63/><F0/><W103/><G132/><T135/><D113/><U14/><E83/><N who="3" m="31786" /><G1/><T104/><D104/><U66/><E49/><V60/><F29/><W61/><G114/><T26/><D135/><U128/><E128/><V3/><F3/><W7/><G112/><T106/><D106/><U115/><E115/><V11/><F11/><N who="3" m="4583" /><G7/><T9/><D89/><U32/><E32/><V87/><F23/><W105/><G21/><T95/><D95/><N who="1" m="58559" /><E71/><V86/><F86/><W58/><G45/><T12/><D12/><N who="1" m="4715" /><E107/><N who="2" m="63879" /><F87/><W20/><G20/><T72/><D72/><U68/><E27/><V8/><F8/><AGARI ba="1,0" hai="8,9,10,17,22,26,48,55,59,65,67" m="29706" machi="8" ten="30,1000,0" yaku="8,1" doraHai="56" who="0" fromWho="2" sc="302,13,260,0,255,-13,183,0" owari="315,41.5,260,6.0,242,-15.8,183,-31.7" /></mjloggm>