<mjloggm ver="2.3"><GO type="225" lobby="0"/><UN n0="%E3%81%AF%E3%82%88%E3%81%8A%E3%81%98%E3%81%95%E3%82%93" n1="%E3%83%81%E3%83%AF%E3%83%AF%E9%9A%8A%E9%95%B7" n2="%E7%9C%BC%E7%A7%91%E5%8C%BB" n3="%E3%83%94%E3%83%B3%E3%82%B5%E3%83%AD%E5%BA%97%E5%93%A1" dan="17,17,16,17" rate="2154.03,2169.59,2131.97,2206.23" sx="M,M,M,M"/><TAIKYOKU oya="0"/><INIT seed="0,0,0,5,1,30" ten="250,250,250,250" oya="0" hai0="18,8,65,89,0,32,55,16,35,56,131,51,110" hai1="80,68,88,4,9,45,58,28,23,130,113,106,122" hai2="135,126,19,36,115,102,67,105,111,29,2,69,5" hai3="49,15,70,108,97,14,43,22,95,100,21,127,53"/><T11/><D131/><U13/><E68/><V120/><RYUUKYOKU type="yao9" ba="0,0" sc="250,0,250,0,250,0,250,0" hai2="2,5,19,29,36,67,69,102,105,111,115,120,126,135" /><INIT seed="0,1,0,4,5,85" ten="250,250,250,250" oya="0" hai0="122,78,58,116,32,106,63,12,40,66,130,82,48" hai1="52,47,16,124,133,38,4,119,39,26,69,53,34" hai2="73,129,49,65,33,113,41,68,59,104,134,96,29" hai3="114,30,19,81,37,131,84,8,95,56,128,135,15"/><T98/><D116/><U123/><E119/><V14/><F73/><W24/><G114/><T23/><D122/><U80/><E123/><V21/><F113/><W74/><G37/><T120/><D32/><U77/><E69/><V121/><F121/><W97/><G74/><T22/><D120/><U102/><E124/><V117/><F129/><W42/><G135/><T89/><D130/><U17/><E133/><V127/><F134/><W28/><G42/><T109/><D109/><U71/><E71/><V111/><F127/><W86/><G56/><T126/><D126/><U90/><E102/><V31/><F111/><W76/><G84/><N who="0" m="48215" /><D106/><U0/><E38/><V115/><F33/><W62/><G62/><T88/><D98/><U83/><E83/><V11/><F68/><W67/><G67/><T54/><D40/><N who="1" m="22943" /><E90/><N who="0" m="34921" /><D12/><U25/><E34/><V91/><F104/><W110/><G110/><T79/><D79/><U132/><E132/><V118/><F115/><W112/><G112/><T27/><D27/><U10/><E25/><V64/><F117/><W1/><G1/><T107/><D107/><U103/><E26/><V101/><F118/><W57/><G24/><T125/><D125/><U60/><E0/><V105/><F41/><W46/><G131/><T87/><D87/><U36/><E77/><V44/><F105/><W5/><G128/><T99/><D99/><U50/><E36/><V100/><F96/><W7/><G97/><T6/><D6/><U13/><E4/><V9/><F14/><W2/><G15/><T43/><D43/><U35/><E13/><V94/><F91/><RYUUKYOKU ba="1,0" sc="250,30,250,-10,250,-10,250,-10" hai0="22,23,48,54,58,63,66" /><INIT seed="0,2,0,1,5,104" ten="280,240,240,240" oya="0" hai0="20,28,64,22,30,70,36,47,60,44,67,26,95" hai1="62,115,15,124,31,84,105,48,111,134,45,96,0" hai2="66,100,101,56,92,12,23,69,17,91,41,8,119" hai3="108,68,38,110,6,9,133,135,1,37,16,80,85"/><T76/><D36/><N who="3" m="13929" /><G68/><T35/><D76/><U3/><E115/><V53/><F41/><W120/><G120/><T114/><D114/><U82/><E111/><N who="3" m="42538" /><G16/><T89/><D64/><U123/><E123/><V87/><F119/><W52/><G52/><T42/><D42/><U72/><E134/><V113/><F113/><W103/><G103/><T51/><D51/><U98/><E124/><V71/><F71/><W130/><G130/><T112/><D112/><U99/><E105/><V4/><F69/><W74/><G74/><T118/><D118/><U63/><E72/><V19/><F66/><W65/><G65/><T79/><D79/><AGARI ba="2,0" hai="1,6,9,79,80,85,133,135" m="42538,13929" machi="79" ten="30,1000,0" yaku="14,1" doraHai="104" who="3" fromWho="0" sc="280,-16,240,0,240,0,240,16" /><INIT seed="1,0,0,5,2,135" ten="264,240,240,256" oya="1" hai0="23,60,121,131,85,33,122,95,111,90,58,34,15" hai1="129,1,13,44,68,16,48,24,114,108,127,79,116" hai2="76,101,12,28,110,75,7,91,61,120,36,27,130" hai3="115,53,56,63,19,70,2,123,51,32,47,10,83"/><U8/><E114/><V69/><F120/><N who="0" m="46186" /><D111/><U71/><E116/><V18/><F36/><W66/><G123/><T113/><D131/><U21/><E129/><V94/><F130/><W30/><G115/><T132/><D132/><U55/><E108/><V98/><F110/><W31/><G32/><T64/><D113/><U50/><E1/><V134/><F134/><W72/><G72/><T133/><D133/><U20/><E79/><V57/><F7/><W22/><G83/><T105/><D105/><U77/><E77/><V9/><F69/><W92/><G92/><T86/><D85/><U87/><E87/><V81/><F101/><W126/><G126/><T104/><D104/><U43/><E127/><V100/><F91/><W54/><G10/><T40/><D40/><U89/><E89/><V25/><REACH who="2" step="1"/><F28/><REACH who="2" ten="264,240,230,256" step="2"/><W102/><G102/><T46/><D46/><U67/><E71/><V65/><AGARI ba="0,1" hai="9,12,18,25,27,57,61,65,75,76,81,94,98,100" machi="65" ten="20,8000,1" yaku="1,1,2,1,0,1,7,1,53,1" doraHai="135" doraHaiUra="6" who="2" fromWho="2" sc="264,-20,240,-40,230,90,256,-20" /><INIT seed="2,0,0,5,3,77" ten="244,200,320,236" oya="2" hai0="2,76,8,122,23,28,97,98,73,22,10,79,58" hai1="49,95,70,131,0,9,132,21,118,87,85,64,15" hai2="31,90,6,72,48,55,74,14,40,135,7,27,1" hai3="17,16,65,111,86,18,34,94,81,100,133,89,68"/><V13/><F40/><W59/><G34/><T61/><D122/><U52/><E118/><V113/><F113/><W130/><G111/><T20/><D28/><U96/><E131/><V54/><F135/><W92/><G68/><T43/><D43/><U57/><E132/><V46/><F1/><W53/><G133/><T121/><D121/><U124/><E124/><V104/><F104/><W71/><G130/><T50/><D50/><U5/><E70/><V102/><F102/><W51/><REACH who="3" step="1"/><G100/><REACH who="3" ten="244,200,320,226" step="2"/><T101/><D101/><U105/><E105/><V42/><F6/><W36/><G36/><T93/><D73/><U19/><REACH who="1" step="1"/><E64/><REACH who="1" ten="244,190,320,226" step="2"/><V128/><F128/><W60/><AGARI ba="0,2" hai="16,17,18,51,53,59,60,65,71,81,86,89,92,94" machi="60" ten="30,7900,0" yaku="1,1,0,1,52,1,54,1,53,0" doraHai="77" doraHaiUra="115" who="3" fromWho="3" sc="244,-20,190,-20,320,-39,226,99" /><INIT seed="3,0,0,2,0,95" ten="224,170,281,325" oya="3" hai0="58,39,61,4,128,89,98,57,23,127,75,49,8" hai1="96,56,97,22,126,69,13,116,118,112,82,11,32" hai2="54,86,25,92,130,135,36,132,93,60,73,84,90" hai3="122,91,7,72,66,34,29,71,30,120,81,68,48"/><W55/><G7/><T38/><D75/><U85/><E32/><V62/><F36/><W15/><G15/><T111/><D111/><U51/><E69/><V6/><F73/><W12/><G12/><T77/><D77/><U80/><E112/><V46/><F6/><W104/><G104/><T121/><D121/><U78/><E126/><V106/><F106/><W24/><G30/><T108/><D108/><U107/><E22/><V124/><F130/><W109/><G109/><T67/><D128/><U134/><E134/><N who="2" m="51243" /><F25/><W21/><G34/><T131/><D127/><U47/><E56/><V115/><F115/><W14/><G14/><T113/><D113/><U18/><E82/><V28/><F28/><W76/><G68/><T125/><D125/><U27/><E27/><V35/><F35/><W88/><G122/><T26/><D131/><U129/><E129/><V19/><F19/><W83/><G83/><T119/><D119/><N who="1" m="45611" /><E107/><V110/><F110/><W87/><G120/><T40/><D58/><U41/><E18/><V45/><F124/><W42/><G72/><T31/><D26/><U133/><E133/><V3/><F3/><W74/><G74/><T63/><D31/><U70/><E70/><V105/><F105/><W65/><G71/><T33/><D57/><U5/><AGARI ba="0,0" hai="5,11,13,41,47,51,78,80,85,96,97" m="45611" machi="5" ten="30,7900,0" yaku="25,1,12,1,52,2" doraHai="95" who="1" fromWho="1" sc="224,-20,170,79,281,-20,325,-39" /><INIT seed="4,0,0,2,0,67" ten="204,249,261,286" oya="0" hai0="79,44,38,132,114,9,74,87,125,96,85,73,118" hai1="25,23,61,53,24,6,64,107,21,1,13,99,14" hai2="75,56,92,110,86,102,12,19,37,126,76,68,8" hai3="108,133,119,91,95,69,52,18,55,36,123,84,16"/><T32/><D118/><U11/><E53/><N who="3" m="20554" /><G108/><T28/><D114/><U51/><E51/><V54/><F68/><W27/><G36/><T63/><D125/><U40/><E40/><V33/><F110/><W0/><G69/><T97/><D132/><U135/><E135/><V4/><F37/><W45/><G0/><T100/><D63/><U94/><E107/><V66/><F66/><W71/><G71/><T101/><D9/><U3/><E3/><V89/><F33/><W60/><G133/><T124/><D124/><U42/><E42/><V128/><F128/><W29/><G119/><T17/><D17/><N who="3" m="6761" /><G123/><T77/><D38/><U41/><E1/><V70/><F70/><W49/><G60/><T46/><REACH who="0" step="1"/><D32/><REACH who="0" ten="194,249,261,286" step="2"/><U115/><E61/><V2/><F19/><W104/><G49/><T116/><D116/><U98/><E11/><V50/><F126/><W103/><G29/><AGARI ba="0,1" hai="28,29,44,46,73,74,77,79,85,87,96,97,100,101" machi="29" ten="25,4800,0" yaku="1,1,22,2,53,0" doraHai="67" doraHaiUra="111" who="0" fromWho="3" sc="194,58,249,0,261,0,286,-48" /><INIT seed="4,1,0,5,3,49" ten="252,249,261,238" oya="0" hai0="12,78,68,58,66,123,3,101,42,120,114,5,116" hai1="135,61,50,113,102,117,69,103,89,132,59,51,45" hai2="70,90,98,2,74,71,72,110,93,64,6,14,124" hai3="81,4,67,122,8,112,115,60,100,65,16,37,57"/><T31/><D116/><U106/><E117/><V13/><F110/><W40/><G122/><T107/><D68/><U82/><E69/><V25/><F2/><W111/><G111/><T0/><D42/><U36/><E36/><V109/><F109/><W94/><G81/><T92/><D107/><U99/><E103/><V27/><F124/><W125/><G125/><T63/><D78/><U29/><E29/><V73/><F71/><W97/><G67/><T85/><D114/><N who="3" m="43561" /><G16/><T84/><D31/><U44/><E113/><V24/><F6/><W41/><G37/><T18/><D120/><U30/><E30/><V95/><F64/><W15/><AGARI ba="1,0" hai="4,8,15,40,41,57,60,65,94,97,100" m="43561" machi="15" ten="30,1100,0" yaku="15,1" doraHai="49" who="3" fromWho="3" sc="252,-6,249,-4,261,-4,238,14" /><INIT seed="5,0,0,0,2,126" ten="246,245,257,252" oya="1" hai0="67,5,33,44,113,115,104,85,84,27,89,78,72" hai1="60,15,122,129,124,11,9,45,34,134,118,46,76" hai2="35,52,39,131,82,95,57,107,103,114,54,125,59" hai3="87,8,22,51,102,49,99,42,106,2,53,108,128"/><U13/><E118/><V6/><F107/><W0/><G108/><T25/><D104/><U110/><E122/><V119/><F39/><W135/><G135/><T65/><D72/><U32/><E134/><V19/><F35/><W41/><G22/><T40/><D5/><U3/><E3/><V98/><F119/><W111/><G111/><T90/><D78/><U69/><E110/><V20/><F125/><W74/><G74/><T55/><D55/><U12/><E124/><V117/><F114/><N who="0" m="43530" /><D85/><U43/><E76/><V116/><F6/><W112/><G112/><T16/><D33/><U109/><E109/><V36/><F36/><W1/><G87/><T120/><D120/><U61/><E34/><V64/><F116/><W100/><G53/><T88/><D84/><U94/><E32/><V77/><F117/><W63/><G2/><T75/><D75/><U4/><E4/><V71/><F54/><W24/><G1/><T30/><D30/><U91/><E43/><V48/><F77/><W127/><G127/><T38/><D25/><U93/><E12/><V123/><F123/><W79/><G24/><T83/><D83/><U10/><E13/><N who="2" m="9327" /><F82/><W70/><G79/><T130/><D130/><U81/><E129/><V96/><F96/><N who="3" m="61703" /><G128/><T58/><D58/><U92/><E15/><V62/><F131/><W31/><G42/><T21/><AGARI ba="0,0" hai="16,21,27,38,40,44,65,67,88,89,90" m="43530" machi="21" ten="40,5200,0" yaku="15,1,54,2" doraHai="126" who="0" fromWho="0" sc="246,52,245,-26,257,-13,252,-13" /><INIT seed="6,0,0,5,3,70" ten="298,219,244,239" oya="2" hai0="47,11,102,80,110,32,33,23,128,84,69,21,129" hai1="18,131,109,85,76,40,64,48,28,134,58,127,38" hai2="49,72,24,51,114,57,106,71,101,67,26,82,19" hai3="37,118,73,16,116,42,90,111,99,50,117,120,34"/><V8/><F114/><W126/><G111/><T59/><D110/><U7/><E109/><V92/><F106/><W74/><G120/><T10/><D69/><U68/><E127/><V107/><F107/><W133/><G34/><N who="0" m="13419" /><D102/><U108/><E108/><V35/><F71/><W46/><G126/><T2/><D59/><U44/><E28/><V135/><F135/><W3/><G3/><T20/><D47/><U52/><E134/><V100/><F35/><W83/><G133/><T17/><D84/><U25/><E7/><V78/><F51/><W9/><G50/><T14/><D80/><N who="1" m="47239" /><E25/><V0/><F0/><W53/><G53/><T119/><D119/><U97/><E18/><V56/><F56/><W55/><G55/><T45/><D45/><U123/><E123/><V15/><F49/><W130/><G83/><T122/><D122/><U12/><E12/><V54/><F67/><W60/><G60/><T86/><D86/><U29/><E29/><V125/><F125/><W87/><G87/><T39/><D39/><U30/><E30/><V81/><F81/><W112/><G112/><T94/><D94/><U61/><E97/><N who="2" m="59431" /><F101/><W105/><G105/><T62/><D62/><U124/><E124/><V91/><F91/><W93/><REACH who="3" step="1"/><G130/><AGARI ba="0,0" hai="38,40,44,48,52,58,61,64,68,130,131" m="47239" machi="130" ten="30,3900,0" yaku="24,1,52,1,54,1" doraHai="70" who="1" fromWho="3" sc="298,0,219,39,244,0,239,-39" /><INIT seed="7,0,0,1,5,2" ten="298,258,244,200" oya="3" hai0="33,104,107,16,93,100,130,119,19,50,30,5,37" hai1="47,91,73,52,121,18,89,42,24,64,74,59,84" hai2="78,129,123,21,135,44,98,81,102,92,105,40,31" hai3="69,39,13,54,72,70,114,94,109,38,66,28,106"/><W133/><G106/><T90/><D37/><N who="3" m="13833" /><G94/><T120/><D119/><U23/><E121/><V7/><F129/><W49/><G13/><T32/><D120/><U22/><E64/><V1/><F135/><W96/><G96/><T122/><D122/><U56/><E56/><V43/><F123/><W116/><G28/><T3/><D130/><U62/><E91/><V127/><F127/><W61/><G72/><T76/><D76/><U86/><E86/><V134/><F134/><W118/><G133/><T34/><D30/><U132/><E23/><V53/><F105/><W99/><G99/><T124/><D124/><U51/><REACH who="1" step="1"/><E132/><REACH who="1" ten="298,248,244,200" step="2"/><V41/><F21/><W82/><G82/><AGARI ba="0,1" hai="18,22,24,42,47,51,52,59,62,73,74,82,84,89" machi="82" ten="30,7700,0" yaku="1,1,2,1,7,1,54,1,53,0" doraHai="2" doraHaiUra="25" who="1" fromWho="3" sc="298,0,248,87,244,0,200,-77" owari="298,9.8,335,43.5,244,-15.6,123,-37.7" /></mjloggm>