<mjloggm ver="2.3"><GO type="225" lobby="0"/><UN n0="%6B%6F%64%61%6D%61%6E%37" n1="%E3%82%B2%E3%82%B9%E8%8C%82%E5%8B%9D" n2="%77%72%77%72%77%72%77%72" n3="%E3%82%BC%E3%83%AB%E3%83%80%E3%81%AE%E4%BC%9D%E8%AA%AC" dan="16,16,17,18" rate="2093.72,2132.73,2249.48,2217.58" sx="M,F,M,M"/><TAIKYOKU oya="0"/><INIT seed="0,0,0,1,0,32" ten="250,250,250,250" oya="0" hai0="110,112,20,28,123,46,33,106,108,124,98,116,120" hai1="111,1,41,39,65,8,51,72,107,61,6,100,92" hai2="37,117,35,69,13,38,85,118,58,52,128,49,84" hai3="82,55,0,86,21,29,95,104,122,73,126,79,64"/><T24/><D46/><U105/><E111/><N who="0" m="42537" /><D106/><U27/><E72/><V77/><F35/><W26/><G126/><T129/><D124/><U97/><E51/><V42/><F69/><W119/><G119/><N who="2" m="45577" /><F128/><W103/><G122/><N who="0" m="46635" /><D116/><U30/><E41/><V74/><F13/><W115/><G115/><T83/><D83/><U96/><E96/><V60/><F60/><W34/><G64/><T133/><D98/><U12/><E12/><V10/><F10/><W43/><G43/><T54/><D54/><U45/><E45/><N who="2" m="23759" /><F38/><W90/><G55/><T135/><D129/><U5/><E5/><V127/><F127/><W18/><G104/><T25/><D112/><U101/><E101/><V15/><F15/><W91/><G103/><T70/><D70/><U56/><REACH who="1" step="1"/><E39/><REACH who="1" ten="250,240,250,250" step="2"/><V109/><F109/><W99/><G73/><T17/><AGARI ba="0,1" hai="17,20,24,25,28,33,133,135" m="46635,42537" machi="17" ten="40,12000,1" yaku="14,1,10,1,34,2" doraHai="32" who="0" fromWho="0" sc="250,130,240,-40,250,-40,250,-40" /><INIT seed="0,1,0,3,5,65" ten="380,200,210,210" oya="0" hai0="75,0,21,16,74,91,71,1,101,67,10,66,78" hai1="92,15,29,102,127,40,42,105,73,103,64,98,85" hai2="57,133,45,60,70,20,110,12,24,82,41,33,88" hai3="114,44,23,107,19,32,25,51,61,31,27,116,59"/><T94/><D101/><U46/><E127/><V77/><F110/><W34/><G107/><T97/><D78/><U84/><E73/><V50/><F133/><W89/><G114/><T87/><D97/><U108/><E108/><V135/><F135/><W90/><G34/><T47/><D47/><U5/><E29/><V62/><F33/><W8/><G8/><T30/><D71/><U43/><E64/><V37/><F12/><W117/><G117/><T118/><D118/><U55/><E102/><V6/><F6/><W13/><G27/><T100/><D100/><U122/><E122/><V130/><F130/><W68/><G68/><T112/><D112/><U53/><E105/><V52/><F70/><W81/><G81/><T58/><D58/><U69/><E69/><V48/><F37/><W128/><G128/><T35/><D67/><U111/><E111/><V86/><REACH who="2" step="1"/><F77/><REACH who="2" ten="380,200,200,210" step="2"/><W115/><G116/><T76/><D76/><U49/><E15/><V125/><F125/><W4/><G4/><T72/><D35/><U39/><E5/><V3/><F3/><W109/><G109/><T26/><D0/><U18/><E39/><V38/><F38/><W134/><G134/><T123/><D1/><U56/><REACH who="1" step="1"/><E18/><AGARI ba="1,1" hai="18,20,24,41,45,48,50,52,57,60,62,82,86,88" machi="18" ten="30,8000,1" yaku="1,1,7,1,8,1,54,2,53,0" doraHai="65" doraHaiUra="63" who="2" fromWho="1" sc="380,0,200,-83,200,93,210,0" /><INIT seed="1,0,0,2,4,27" ten="380,117,293,210" oya="1" hai0="129,40,46,26,55,37,67,43,88,62,82,131,10" hai1="32,39,102,115,5,22,132,133,17,106,119,29,73" hai2="60,120,128,14,59,79,76,71,42,110,61,105,7" hai3="6,70,85,45,98,8,101,21,19,112,77,49,65"/><U30/><E39/><V84/><F120/><W3/><G112/><T87/><D26/><N who="1" m="14671" /><E73/><V121/><F121/><W63/><G85/><T74/><D74/><U100/><E106/><V54/><F105/><W122/><G77/><T11/><D43/><U50/><E115/><V33/><F33/><W66/><G122/><T35/><D35/><U99/><E99/><V125/><F125/><W111/><G111/><T89/><D89/><U123/><E123/><V36/><F110/><W18/><G21/><T44/><D55/><U12/><E32/><V91/><F128/><N who="0" m="49226" /><D46/><U104/><E104/><V4/><F36/><W24/><G24/><T13/><D13/><U116/><E50/><V56/><F42/><W75/><G66/><T103/><D103/><U64/><E64/><N who="2" m="38919" /><F71/><AGARI ba="0,0" hai="10,11,37,40,44,62,67,71,82,87,88" m="49226" machi="71" ten="30,2000,0" yaku="19,1,54,1" doraHai="27" who="0" fromWho="2" sc="380,20,117,0,293,-20,210,0" /><INIT seed="2,0,0,1,3,48" ten="400,117,273,210" oya="2" hai0="132,6,98,1,80,60,9,38,21,29,42,44,91" hai1="19,24,124,52,65,107,117,43,15,77,12,131,114" hai2="120,13,37,94,72,130,74,108,51,67,113,53,99" hai3="126,58,87,123,23,69,129,92,50,16,4,109,93"/><V81/><F113/><W68/><G123/><T39/><D132/><U78/><E114/><V90/><F120/><W85/><G4/><T40/><D60/><U76/><E117/><V79/><F37/><W127/><G109/><T128/><D128/><U30/><E131/><V7/><F130/><W119/><G129/><T112/><D112/><U84/><E107/><V25/><F108/><W96/><G119/><T75/><D98/><U33/><E43/><V55/><F67/><W111/><G111/><T89/><D21/><U118/><E118/><V45/><F25/><W125/><G87/><T18/><D18/><U32/><E32/><V64/><F64/><W62/><G50/><T49/><D29/><U3/><E3/><V61/><F61/><W101/><G85/><T20/><D20/><N who="1" m="15623" /><E124/><V95/><F95/><W110/><G92/><T88/><D42/><U14/><E65/><V82/><F72/><W36/><G36/><T0/><D0/><U2/><E2/><V102/><F74/><W54/><G110/><T56/><D39/><U5/><E33/><V27/><F27/><AGARI ba="0,0" hai="16,23,27,54,58,62,68,69,93,96,101,125,126,127" machi="27" ten="40,5200,0" yaku="18,1,52,1,54,1" doraHai="48" who="3" fromWho="2" sc="400,0,117,0,273,-52,210,52" /><INIT seed="3,0,0,4,2,40" ten="400,117,221,262" oya="3" hai0="68,108,106,123,90,22,33,130,14,56,88,86,19" hai1="120,53,132,71,104,115,31,133,64,41,96,134,58" hai2="126,73,124,121,0,112,69,75,15,1,122,61,63" hai3="7,98,74,66,42,113,101,11,51,50,4,52,80"/><W26/><G113/><T83/><D123/><N who="2" m="47114" /><F15/><W45/><G66/><T16/><D108/><U43/><E31/><V36/><F69/><W46/><G26/><N who="0" m="14687" /><D33/><U105/><E96/><V111/><F36/><W37/><G37/><T30/><D68/><U3/><E3/><N who="2" m="1099" /><F111/><W5/><G80/><T82/><D30/><U38/><E115/><V25/><F25/><W34/><G74/><N who="2" m="28169" /><F112/><W125/><G125/><AGARI ba="0,0" hai="61,63,124,125,126" m="28169,1099,47114" machi="125" ten="40,8000,1" yaku="28,2,18,1,13,1" doraHai="40" who="2" fromWho="3" sc="400,0,117,0,221,80,262,-80" owari="400,50.0,117,-38.3,301,10.1,182,-21.8" /></mjloggm>