<mjloggm ver="2.3"><GO type="225" lobby="0"/><UN n0="%E9%B3%B3%E6%9D%B1%E3%81%AE%E3%81%86%E3%81%95%E3%81%8E%E3%81%95%E3%82%93" n1="%E3%81%95%E3%81%8D%E3%81%9F%E3%81%BE%E6%9E%97%E6%AA%8E" n2="%74%61%6B%75%61%6B%61" n3="%E3%81%86%E3%82%8C%E3%81%9F%E3%82%93%E6%9E%95" dan="16,16,17,16" rate="2135.31,2114.07,2265.34,2175.49" sx="M,M,M,F"/><TAIKYOKU oya="0"/><INIT seed="0,0,0,5,5,51" ten="250,250,250,250" oya="0" hai0="21,63,15,42,131,35,66,2,135,31,115,75,133" hai1="12,46,117,74,58,20,82,111,3,18,64,101,65" hai2="5,103,38,67,39,27,109,89,1,80,94,95,69" hai3="100,4,40,48,77,8,17,104,45,119,90,11,123"/><T83/><D115/><U53/><E111/><V10/><F109/><W72/><G119/><T87/><D2/><U49/><E117/><V85/><F67/><W86/><G123/><T28/><D75/><U88/><E3/><V57/><F69/><W134/><G134/><N who="0" m="51211" /><D35/><U97/><E74/><V114/><F114/><W26/><G72/><T36/><D131/><U78/><E78/><V55/><F27/><W37/><G77/><N who="0" m="46575" /><D36/><U23/><E23/><V99/><REACH who="2" step="1"/><F80/><REACH who="2" ten="250,250,240,250" step="2"/><W59/><G26/><T34/><D66/><U29/><E65/><V19/><F19/><W105/><G17/><T120/><D31/><U56/><E64/><V62/><AGARI ba="0,1" hai="1,5,10,38,39,55,57,62,85,89,94,95,99,103" machi="62" ten="20,5200,0" yaku="1,1,0,1,7,1,52,1,53,0" doraHai="51" doraHaiUra="60" who="2" fromWho="2" sc="250,-26,250,-13,240,62,250,-13" /><INIT seed="1,0,0,2,5,110" ten="224,237,302,237" oya="1" hai0="25,113,73,120,66,12,48,84,27,49,28,7,71" hai1="4,96,63,80,103,53,18,37,123,132,129,94,86" hai2="79,97,118,128,135,119,61,8,85,23,5,130,45" hai3="83,42,0,56,101,87,13,33,95,47,36,77,108"/><U72/><E123/><V40/><F135/><W60/><G108/><T131/><D73/><U43/><E132/><V30/><F61/><W70/><G0/><T6/><D120/><U126/><E126/><V38/><F97/><W58/><G33/><T35/><D113/><U16/><E72/><V29/><F79/><W99/><REACH who="3" step="1"/><G13/><REACH who="3" ten="224,237,302,227" step="2"/><T1/><D12/><U134/><E134/><V46/><F118/><W115/><G115/><T17/><D1/><U50/><E129/><V133/><F119/><W19/><G19/><T90/><D131/><U105/><E4/><V76/><F133/><W51/><G51/><T20/><D6/><U112/><E112/><V102/><F5/><W75/><G75/><T104/><D7/><U122/><E122/><V21/><F130/><W107/><G107/><T121/><D104/><U41/><E105/><V9/><F128/><W14/><G14/><T65/><D121/><U57/><E37/><V98/><F38/><W2/><G2/><T78/><D48/><U68/><E50/><V82/><F30/><W92/><G92/><T91/><D49/><U88/><E68/><V111/><F29/><W31/><G31/><T22/><D35/><U93/><E94/><V15/><F15/><W125/><G125/><T44/><D71/><U116/><E116/><V69/><F69/><W81/><G81/><N who="0" m="47159" /><D44/><U67/><E67/><AGARI ba="0,1" hai="36,42,47,56,58,60,67,70,77,83,87,95,99,101" machi="67" ten="40,1300,0" yaku="1,1,53,0" doraHai="110" doraHaiUra="34" who="3" fromWho="1" sc="224,0,237,-13,302,0,227,23" /><AGARI ba="0,0" hai="17,20,22,25,27,28,65,66,67,90,91" m="47159" machi="67" ten="30,1000,0" yaku="8,1" doraHai="110" who="0" fromWho="1" sc="224,10,224,-10,302,0,250,0" /><INIT seed="2,0,0,5,1,27" ten="234,214,302,250" oya="2" hai0="95,98,23,112,93,9,26,0,66,55,7,51,82" hai1="22,1,48,102,122,121,37,125,53,5,73,15,67" hai2="74,105,60,77,52,49,62,56,44,24,36,13,120" hai3="29,14,85,115,45,57,50,47,86,104,118,87,117"/><V124/><F120/><N who="1" m="46185" /><E37/><V107/><F124/><W114/><G104/><T99/><D112/><N who="3" m="43049" /><G29/><T58/><D66/><U63/><E1/><V18/><F24/><W35/><G35/><T94/><REACH who="0" step="1"/><D82/><REACH who="0" ten="224,214,302,250" step="2"/><U129/><E125/><V46/><F107/><W97/><G118/><T54/><D54/><U111/><E111/><V68/><F105/><W128/><G117/><T127/><D127/><U106/><E106/><V130/><F52/><N who="3" m="31895" /><G128/><T61/><D61/><U43/><E129/><V42/><F62/><W21/><G97/><T2/><D2/><U38/><E63/><V33/><F60/><W132/><G132/><T25/><D25/><U64/><E64/><V133/><F133/><W81/><G81/><T84/><D84/><U103/><E67/><V135/><F135/><W8/><G21/><T71/><D71/><U96/><E22/><V10/><F68/><W12/><G12/><T4/><D4/><AGARI ba="0,1" hai="4,8,14,45,47,85,86,87" m="31895,43049" machi="4" ten="30,2000,0" yaku="11,1,54,1" doraHai="27" who="3" fromWho="0" sc="224,-20,214,0,302,0,250,30" /><INIT seed="3,0,0,5,5,128" ten="204,214,302,280" oya="3" hai0="129,131,50,95,130,19,126,86,105,66,37,76,135" hai1="107,91,35,61,100,69,114,45,90,43,64,82,14" hai2="26,67,115,92,25,133,13,72,97,85,40,6,81" hai3="15,102,99,54,98,1,4,127,18,57,29,24,56"/><W9/><G127/><T124/><D37/><U70/><E70/><V62/><F133/><W53/><G1/><T103/><D66/><U23/><E35/><V47/><F72/><W113/><G113/><T11/><D50/><U51/><E114/><V75/><F75/><W93/><G99/><N who="0" m="61695" /><D19/><U83/><E107/><V21/><F115/><W60/><G4/><T32/><D11/><U34/><E34/><V2/><F2/><W118/><G118/><T104/><D32/><U122/><E122/><V52/><F52/><N who="3" m="20075" /><G60/><T116/><D104/><U0/><E0/><V28/><F26/><W74/><G74/><T48/><D48/><U42/><E42/><V10/><F40/><W16/><G29/><T65/><D65/><U30/><E100/><V87/><F47/><W109/><G109/><T78/><D116/><U134/><E134/><V27/><F27/><W111/><G111/><T77/><D135/><U49/><E49/><V73/><F62/><W17/><G17/><T20/><D20/><AGARI ba="0,0" hai="9,15,16,18,20,24,56,57,93,98,102" m="20075" machi="20" ten="30,5800,0" yaku="8,1,54,2" doraHai="128" who="3" fromWho="0" sc="204,-58,214,0,302,0,280,58" owari="146,-35.4,214,-18.6,302,10.2,338,43.8" /></mjloggm>