<mjloggm ver="2.3"><GO type="225" lobby="0"/><UN n0="%E9%80%9F%E6%B0%B4%E5%87%9B%E9%A6%99" n1="%73%6C%69%63%6B%33%31%39" n2="%E3%81%AF%E3%82%88%E3%81%8A%E3%81%98%E3%81%95%E3%82%93" n3="%E3%81%B7%E3%82%8A%E3%82%93%E8%81%96%E4%BA%BA" dan="16,16,16,16" rate="2051.83,2206.13,2141.97,2168.47" sx="F,M,M,M"/><TAIKYOKU oya="0"/><INIT seed="0,0,0,2,1,131" ten="250,250,250,250" oya="0" hai0="35,89,111,30,31,6,122,11,9,12,65,53,80" hai1="78,26,60,117,127,128,118,43,5,42,14,61,56" hai2="59,47,69,119,99,58,19,13,15,37,50,87,125" hai3="54,74,7,115,107,106,79,121,81,133,34,39,17"/><T63/><D122/><U104/><E104/><V108/><F69/><W84/><G34/><T18/><D35/><U93/><E128/><V91/><F108/><W22/><G39/><T95/><D80/><U28/><E127/><V2/><F2/><W71/><G71/><T55/><D111/><U20/><E78/><V132/><F125/><W124/><G124/><T85/><D31/><U77/><E77/><V75/><F75/><W98/><G115/><T1/><REACH who="0" step="1"/><D30/><REACH who="0" ten="240,250,250,250" step="2"/><U33/><E33/><V36/><F119/><W46/><G121/><T8/><D8/><U27/><E118/><V0/><F36/><W23/><G22/><T41/><D41/><U10/><E43/><V67/><F37/><W64/><G74/><T76/><D76/><U83/><E42/><V68/><F0/><W25/><G79/><T94/><D94/><U123/><E83/><V92/><F92/><W66/><G81/><T135/><D135/><U57/><E117/><V73/><F132/><W129/><G133/><T29/><D29/><U52/><E123/><V110/><F73/><W3/><G129/><T72/><D72/><U100/><E20/><V70/><F110/><W102/><G106/><T45/><D45/><U103/><E28/><V88/><F47/><W116/><G116/><T86/><D86/><U109/><E109/><V38/><F87/><W4/><G84/><T40/><D40/><U62/><E93/><V96/><F38/><W32/><G32/><T120/><D120/><U113/><E113/><V90/><F19/><W24/><G3/><T82/><D82/><U114/><E114/><RYUUKYOKU ba="0,1" sc="240,30,250,-10,250,-10,250,-10" hai0="1,6,9,11,12,18,53,55,63,65,85,89,95" /><INIT seed="0,1,1,2,2,31" ten="270,240,240,240" oya="0" hai0="121,34,64,74,29,63,32,82,17,98,37,2,40" hai1="116,21,62,77,86,96,25,65,75,22,16,112,135" hai2="124,128,12,11,110,10,106,83,19,69,20,33,120" hai3="90,18,35,8,47,23,97,14,38,67,108,43,127"/><T111/><D121/><U42/><E116/><V99/><F120/><W15/><G108/><T6/><D17/><U46/><E135/><V48/><F69/><W71/><G127/><T13/><D29/><U79/><E75/><V60/><F110/><W9/><G23/><T28/><D28/><U133/><E133/><V132/><F132/><W72/><G72/><T91/><D13/><U126/><E126/><V87/><F124/><W76/><G76/><N who="0" m="44311" /><D91/><U114/><E96/><V109/><F33/><W0/><G0/><T53/><D53/><U118/><E118/><V94/><F106/><W81/><G67/><T49/><D49/><N who="1" m="26839" /><E22/><V101/><F128/><W27/><G27/><T84/><D84/><U26/><E26/><V88/><F109/><W68/><G35/><T39/><D98/><U52/><E86/><V58/><REACH who="2" step="1"/><F48/><REACH who="2" ten="270,240,230,240" step="2"/><W100/><G68/><N who="0" m="42015" /><D111/><U92/><E79/><V131/><F131/><W95/><G71/><T57/><D39/><U36/><E77/><V102/><F102/><W78/><G100/><T93/><D37/><U115/><E36/><V24/><F24/><W41/><G38/><T107/><D107/><U30/><E115/><V89/><F89/><W125/><G125/><T113/><D32/><U54/><E114/><V55/><AGARI ba="1,2" hai="10,11,12,19,20,55,58,60,83,87,88,94,99,101" machi="55" ten="20,8000,1" yaku="1,1,0,1,7,1,8,1,54,1,53,0" doraHai="31" doraHaiUra="66" who="2" fromWho="2" sc="270,-41,240,-21,230,103,240,-21" /><INIT seed="1,0,0,3,5,70" ten="229,219,333,219" oya="1" hai0="12,9,41,74,23,49,75,52,104,82,20,118,106" hai1="89,110,43,71,121,66,25,32,81,64,128,77,78" hai2="95,113,123,24,97,39,27,46,15,72,10,131,38" hai3="112,102,45,18,93,16,124,100,35,1,13,92,62"/><U11/><E121/><V53/><F123/><W135/><G35/><T119/><D41/><U17/><E128/><V133/><F72/><W5/><G1/><T73/><D82/><U127/><E127/><V26/><F131/><W61/><G112/><T37/><D37/><U19/><E110/><V31/><F31/><W103/><G124/><T125/><D125/><U0/><E43/><V99/><F113/><W117/><G117/><T130/><D130/><U129/><E129/><V63/><F133/><W28/><G28/><T7/><D106/><U105/><E105/><V85/><F85/><W80/><G80/><T86/><D86/><N who="1" m="50383" /><E0/><V115/><F115/><W60/><G45/><T132/><D104/><U108/><E71/><V79/><F79/><N who="1" m="30217" /><E32/><V3/><F3/><W76/><G76/><T98/><D98/><U59/><E108/><V56/><F46/><W40/><G40/><T90/><D90/><U14/><E59/><V57/><F56/><W116/><G116/><T69/><D69/><U111/><E111/><V2/><F2/><W83/><G83/><T22/><REACH who="0" step="1"/><D132/><REACH who="0" ten="219,219,333,219" step="2"/><U65/><E25/><V36/><REACH who="2" step="1"/><F95/><REACH who="2" ten="219,219,323,219" step="2"/><N who="3" m="36427" /><G135/><T30/><D30/><U51/><E19/><AGARI ba="0,2" hai="10,15,19,24,26,27,36,38,39,53,57,63,97,99" machi="19" ten="50,8000,1" yaku="1,1,52,3,53,0" doraHai="70" doraHaiUra="88" who="2" fromWho="1" sc="219,0,219,-80,323,100,219,0" /><INIT seed="2,0,0,5,2,133" ten="219,139,423,219" oya="2" hai0="60,67,114,107,103,98,71,129,38,39,17,116,90" hai1="101,110,77,118,5,2,117,51,63,78,47,24,128" hai2="92,93,25,83,40,7,74,104,84,82,80,97,66" hai3="121,62,8,119,55,14,99,64,135,16,112,115,10"/><V35/><F25/><W125/><G119/><T29/><D116/><U73/><E110/><V126/><F7/><W33/><G121/><T43/><D114/><N who="3" m="43561" /><G33/><T86/><D129/><U81/><E128/><V65/><F40/><W6/><G135/><T31/><D17/><U46/><E101/><N who="2" m="62511" /><F65/><W91/><G55/><T15/><D15/><U94/><E77/><N who="2" m="44087" /><F66/><W58/><G91/><T30/><REACH who="0" step="1"/><D43/><REACH who="0" ten="209,139,423,219" step="2"/><U122/><E122/><V41/><F41/><W28/><G28/><T27/><D27/><U89/><E24/><V18/><F18/><W70/><G70/><T48/><D48/><U19/><E19/><V95/><F35/><W50/><G50/><T44/><D44/><U59/><E47/><V132/><F132/><W42/><G42/><T22/><D22/><U3/><E3/><V4/><F4/><W96/><G125/><T131/><D131/><U68/><E68/><V75/><F126/><W79/><G79/><T124/><D124/><U37/><E51/><V54/><F75/><W20/><G20/><T53/><D53/><N who="1" m="34287" /><E46/><V13/><F54/><W32/><G32/><T85/><D85/><N who="1" m="52527" /><E37/><V69/><F69/><W11/><G11/><T23/><D23/><U1/><E5/><V72/><F72/><W102/><G102/><T130/><D130/><U87/><E73/><V88/><F13/><AGARI ba="0,1" hai="6,8,10,13,14,16,58,62,64,96,99" m="43561" machi="13" ten="30,2000,0" yaku="11,1,54,1" doraHai="133" who="3" fromWho="2" sc="209,0,139,0,423,-20,219,30" /><INIT seed="3,0,0,0,5,46" ten="209,139,403,249" oya="3" hai0="24,41,31,3,110,79,30,78,58,116,71,92,27" hai1="103,17,131,62,14,55,123,133,20,16,0,12,121" hai2="53,39,101,74,104,54,66,95,122,11,107,119,65" hai3="13,120,40,63,59,18,111,42,80,37,108,38,64"/><W125/><G120/><T44/><D71/><U91/><E133/><V45/><F74/><W33/><G33/><T90/><D3/><U26/><E131/><V96/><F119/><W28/><G28/><T29/><D116/><U1/><E103/><V32/><F32/><W115/><G80/><T127/><D110/><N who="3" m="42025" /><G115/><T5/><D5/><U23/><E91/><V109/><F109/><W67/><G18/><T68/><D68/><U69/><E69/><V87/><F122/><W43/><G13/><T2/><D2/><N who="1" m="1131" /><E55/><V48/><F11/><W60/><G125/><T9/><D127/><U72/><E62/><N who="3" m="23594" /><G59/><T49/><D58/><U106/><E72/><V86/><F65/><AGARI ba="0,0" hai="37,38,40,42,43,64,65,67" m="23594,42025" machi="65" ten="40,18000,2" yaku="28,2,14,1,10,1,34,2" doraHai="46" who="3" fromWho="2" sc="209,0,139,0,403,-180,249,180" owari="209,-19.1,139,-36.1,223,2.3,429,52.9" /></mjloggm>