<mjloggm ver="2.3"><GO type="225" lobby="0"/><UN n0="%72%61%6B%33" n1="%E9%B3%B3%E6%9D%B1%E3%81%AE%E3%81%86%E3%81%95%E3%81%8E%E3%81%95%E3%82%93" n2="%E5%80%89%E6%A9%8B%EF%BC%A0%E4%BA%8B%E5%8B%99" n3="%72%69%6F%75%63%68%61%6E" dan="18,16,16,17" rate="2250.06,2242.80,2094.53,2233.97" sx="M,M,M,M"/><TAIKYOKU oya="0"/><INIT seed="0,0,0,1,0,135" ten="250,250,250,250" oya="0" hai0="4,22,45,68,29,125,54,107,118,121,52,90,80" hai1="30,104,49,12,25,62,33,92,43,83,124,14,65" hai2="41,122,7,26,66,60,99,117,39,97,8,11,85" hai3="126,133,44,93,84,119,111,47,71,32,51,64,38"/><T87/><D118/><U35/><E35/><V109/><F122/><W48/><G119/><T134/><D121/><U27/><E104/><V34/><F117/><W18/><G126/><T13/><D134/><U116/><E116/><V76/><F109/><W19/><G133/><T98/><D68/><U23/><E124/><V31/><F41/><W103/><G111/><T106/><D125/><U131/><E131/><V36/><F76/><W58/><G32/><T57/><D45/><U81/><E43/><V17/><F85/><W129/><G129/><T42/><D42/><U94/><E49/><N who="3" m="19018" /><G71/><T20/><D106/><U82/><E94/><V24/><F39/><W5/><G5/><T100/><D29/><U6/><E92/><V59/><F36/><W73/><G73/><T63/><REACH who="0" step="1"/><D54/><REACH who="0" ten="240,250,250,250" step="2"/><U113/><E113/><V102/><F31/><W78/><G38/><T110/><D110/><U105/><E105/><V88/><F66/><W37/><G37/><T130/><D130/><U55/><E55/><V67/><F67/><W108/><G108/><T10/><AGARI ba="0,1" hai="4,10,13,20,22,52,57,63,80,87,90,98,100,107" machi="10" ten="30,6000,0" yaku="1,1,0,1,54,1,53,0" doraHai="135" doraHaiUra="61" who="0" fromWho="0" sc="240,70,250,-20,250,-20,250,-20" /><INIT seed="0,1,0,0,4,52" ten="310,230,230,230" oya="0" hai0="106,10,135,93,68,22,9,58,39,90,8,69,128" hai1="97,108,88,109,24,101,78,15,125,13,111,81,42" hai2="12,61,129,29,18,76,96,85,19,113,110,60,28" hai3="37,51,134,64,67,100,75,103,6,14,74,34,66"/><T107/><D39/><U4/><E125/><V0/><F113/><W3/><G37/><T87/><D128/><U21/><E42/><V36/><F0/><W130/><G134/><T30/><D135/><U40/><E40/><V114/><F36/><W120/><G130/><T55/><D30/><N who="1" m="17679" /><E4/><V45/><F129/><W92/><G120/><T47/><D47/><U49/><E49/><V17/><F114/><W119/><G119/><T50/><REACH who="0" step="1"/><D22/><REACH who="0" ten="300,230,230,230" step="2"/><U5/><E111/><V105/><F110/><W123/><G123/><T71/><AGARI ba="1,1" hai="8,9,10,50,55,58,68,69,71,87,90,93,106,107" machi="71" ten="40,18000,2" yaku="1,1,2,1,0,1,52,1,53,3" doraHai="52" doraHaiUra="7" who="0" fromWho="0" sc="300,193,230,-61,230,-61,230,-61" /><INIT seed="0,2,0,5,0,86" ten="493,169,169,169" oya="0" hai0="128,5,111,33,28,91,24,87,2,48,103,14,31" hai1="83,56,120,43,96,17,110,49,45,82,99,0,78" hai2="117,113,19,62,90,121,44,106,20,50,15,127,71" hai3="72,70,107,11,35,132,118,76,92,65,98,88,36"/><T68/><D68/><U57/><E110/><V79/><F121/><W16/><G118/><T130/><D111/><U9/><E120/><V23/><F106/><W12/><G35/><T134/><D134/><U93/><E99/><V94/><F113/><W21/><G36/><T125/><D125/><U34/><E34/><V40/><F127/><W7/><G132/><T54/><D31/><U67/><E67/><V58/><F117/><W116/><G116/><T66/><D2/><U26/><E0/><V133/><F71/><W42/><G107/><T74/><D74/><U1/><E1/><V27/><F133/><W8/><G42/><T131/><D66/><U126/><E126/><V25/><F79/><W39/><G39/><T46/><D103/><U64/><E64/><V32/><F32/><W119/><G119/><T52/><D14/><N who="1" m="7375" /><E26/><V114/><F114/><W122/><G122/><T95/><D5/><U4/><E4/><V29/><F27/><W108/><G108/><T135/><D135/><U30/><E30/><V22/><F22/><W3/><G11/><T80/><D80/><N who="1" m="30763" /><E78/><V102/><F102/><AGARI ba="2,0" hai="43,45,49,56,57,93,96,102" m="30763,7375" machi="102" ten="30,1000,0" yaku="8,1" doraHai="86" who="1" fromWho="2" sc="493,0,169,16,169,-16,169,0" /><INIT seed="1,0,0,3,4,28" ten="493,185,153,169" oya="1" hai0="84,130,114,68,133,135,24,48,16,74,15,105,132" hai1="55,115,33,92,44,59,61,134,76,128,14,94,17" hai2="93,10,96,97,57,63,58,32,25,5,60,78,70" hai3="103,117,82,110,51,120,54,89,81,56,79,49,18"/><U75/><E115/><V71/><F78/><W102/><G110/><T83/><D114/><U11/><E128/><V66/><F25/><W42/><G120/><T9/><D130/><U118/><E118/><V7/><F93/><W6/><G117/><T39/><D39/><U13/><E134/><V46/><F46/><W29/><G6/><T12/><D68/><U86/><E75/><V47/><F47/><N who="3" m="25847" /><G29/><T19/><D105/><U119/><E119/><V20/><F20/><W127/><G127/><T34/><D48/><U65/><E33/><V53/><F53/><W131/><G131/><T52/><D74/><U31/><E31/><V111/><F10/><W3/><G3/><T126/><D126/><U113/><E113/><V88/><F66/><W30/><G30/><N who="0" m="19783" /><D52/><U95/><E13/><N who="0" m="5193" /><D9/><U77/><E86/><V91/><REACH who="2" step="1"/><F111/><REACH who="2" ten="493,185,143,169" step="2"/><W62/><G79/><AGARI ba="0,1" hai="16,19,79,83,84,132,133,135" m="5193,19783" machi="79" ten="30,3900,0" yaku="20,1,52,1,54,1" doraHai="28" who="0" fromWho="3" sc="493,49,185,0,143,0,169,-39" /><INIT seed="2,0,0,5,4,21" ten="542,185,143,130" oya="2" hai0="30,120,95,127,29,96,12,60,16,105,66,78,130" hai1="26,99,6,104,10,36,131,15,9,86,8,128,67" hai2="24,73,43,50,46,55,45,58,28,134,85,41,93" hai3="13,132,39,23,54,53,76,27,112,107,97,82,42"/><V64/><F73/><W44/><G132/><T38/><D120/><U35/><E36/><V62/><F134/><W108/><G108/><T37/><D105/><U83/><E67/><V32/><F93/><W68/><G112/><T133/><D133/><U19/><E99/><V77/><F85/><W57/><G68/><T101/><D127/><U102/><E102/><V123/><F123/><W117/><G117/><T72/><D130/><N who="1" m="49707" /><E104/><V94/><F77/><W98/><G13/><T14/><D14/><U84/><E84/><V87/><REACH who="2" step="1"/><F46/><REACH who="2" ten="542,185,133,130" step="2"/><W100/><G98/><T118/><D78/><N who="1" m="46455" /><E6/><V7/><F7/><W88/><G88/><AGARI ba="0,1" hai="24,28,32,41,43,45,50,55,58,62,64,87,88,94" machi="88" ten="40,7700,0" yaku="1,1,52,1,54,1,53,0" doraHai="21" doraHaiUra="109" who="2" fromWho="3" sc="542,0,185,0,133,87,130,-77" /><INIT seed="2,1,0,4,0,71" ten="542,185,220,53" oya="2" hai0="134,5,118,57,94,120,73,35,106,23,21,22,24" hai1="43,31,76,66,14,89,72,52,19,123,116,64,67" hai2="70,47,55,82,46,1,3,28,61,107,88,91,54" hai3="65,7,112,32,130,41,15,44,79,129,84,13,37"/><V63/><F107/><W100/><G112/><T135/><D73/><U132/><E116/><V127/><F82/><W83/><G32/><T103/><D120/><U18/><E123/><V58/><F70/><W40/><G65/><T33/><D118/><U30/><E132/><N who="0" m="50729" /><D5/><U38/><E72/><V119/><F119/><W69/><G69/><T117/><D117/><U0/><E0/><V110/><F58/><W27/><G100/><T115/><D115/><U25/><E76/><V62/><F28/><W4/><G27/><T50/><D24/><U124/><E124/><V93/><F93/><W53/><G41/><T60/><D50/><U131/><E131/><V95/><F95/><W96/><G96/><N who="0" m="59799" /><D106/><U81/><E38/><V11/><F11/><W101/><G101/><T99/><D99/><U8/><E43/><V113/><F113/><W75/><G75/><T80/><D80/><U36/><E36/><V9/><F9/><W108/><G108/><T12/><D12/><U109/><E109/><V17/><F62/><W114/><G114/><T42/><D42/><U133/><E133/><V34/><F110/><W68/><G68/><T29/><D29/><U122/><E122/><V48/><F48/><N who="3" m="28807" /><G13/><T77/><D77/><U87/><E19/><V90/><F17/><W86/><G86/><T97/><D97/><U51/><E25/><V85/><F85/><W16/><G4/><T126/><D126/><U104/><E104/><V121/><F127/><W26/><G7/><T45/><D45/><AGARI ba="1,0" hai="8,14,18,30,31,45,51,52,64,66,67,81,87,89" machi="45" ten="40,8000,1" yaku="25,2,8,1,54,1" doraHai="71" who="1" fromWho="0" sc="542,-83,185,83,220,0,53,0" /><INIT seed="3,0,0,3,2,27" ten="459,268,220,53" oya="3" hai0="105,47,77,26,76,131,65,2,108,60,1,11,52" hai1="123,17,9,135,129,61,103,125,57,90,3,106,84" hai2="97,53,7,29,0,32,14,109,5,22,83,13,79" hai3="20,124,118,38,110,41,34,45,81,44,37,128,88"/><W132/><G118/><T93/><D105/><U127/><E123/><V55/><F97/><W30/><G34/><T69/><D108/><U102/><E129/><V59/><F109/><W71/><G110/><T31/><D131/><U87/><E135/><V12/><F32/><W119/><G128/><T36/><D93/><N who="1" m="54471" /><E87/><N who="2" m="48639" /><F0/><W78/><G119/><T16/><D16/><U56/><E106/><V89/><F89/><W46/><G71/><T101/><D101/><N who="1" m="38411" /><E61/><N who="2" m="36079" /><F55/><W70/><G70/><T63/><D52/><U116/><E116/><V6/><F22/><W58/><G132/><T133/><D47/><N who="3" m="12033" /><W75/><DORA hai="43" /><G41/><T54/><D36/><U25/><E25/><V50/><F50/><W126/><G58/><T15/><D133/><U72/><E72/><V35/><F35/><W62/><G62/><T112/><D2/><U64/><E3/><V48/><F48/><W117/><G117/><T98/><D1/><U114/><E114/><V49/><F49/><W68/><G68/><T39/><D39/><N who="3" m="14857" /><G88/><T33/><D112/><U10/><E57/><V120/><F120/><W115/><G115/><T74/><D74/><U104/><E104/><V100/><F100/><W96/><G96/><T19/><REACH who="0" step="1"/><D98/><REACH who="0" ten="449,268,220,53" step="2"/><U73/><E73/><V8/><F5/><W23/><G30/><T24/><D24/><U4/><E17/><N who="2" m="8327" /><F29/><W94/><G94/><T86/><D86/><U80/><E4/><V95/><F95/><W82/><G82/><T67/><D67/><U28/><E80/><V92/><F92/><W130/><G130/><T99/><D99/><U111/><E28/><V21/><F21/><AGARI ba="0,1" hai="20,21,23,75,78,81,124,126" m="14857,12033" machi="21" ten="40,12000,1" yaku="6,1,52,4" doraHai="27,43" who="3" fromWho="2" sc="449,0,268,0,220,-120,53,130" /><INIT seed="3,1,0,3,3,38" ten="449,268,100,183" oya="3" hai0="21,95,74,92,17,89,123,5,50,75,86,130,131" hai1="90,44,104,23,120,47,67,27,97,60,80,37,88" hai2="72,117,69,3,110,33,4,11,109,102,77,70,2" hai3="52,16,135,22,105,114,48,61,113,94,19,58,129"/><W103/><G105/><T122/><D5/><U115/><E120/><N who="0" m="46121" /><D50/><U10/><E115/><V66/><F117/><W84/><G129/><N who="0" m="49163" /><D95/><U57/><E10/><V101/><F101/><W68/><G135/><T133/><D133/><U91/><E37/><V83/><F2/><W43/><G19/><T98/><D98/><U32/><E32/><V20/><F20/><W87/><G114/><T78/><D78/><U55/><E80/><V8/><F8/><W54/><G113/><T0/><D0/><U28/><REACH who="1" step="1"/><E67/><REACH who="1" ten="449,258,100,183" step="2"/><V59/><F59/><N who="3" m="35047" /><G68/><T132/><D132/><U100/><AGARI ba="1,1" hai="23,27,28,44,47,55,57,60,88,90,91,97,100,104" machi="100" ten="30,7900,0" yaku="1,1,0,1,54,1,53,1" doraHai="38" doraHaiUra="56" who="1" fromWho="1" sc="449,-21,258,92,100,-21,183,-40" owari="428,52.8,350,15.0,79,-42.1,143,-25.7" /></mjloggm>