<mjloggm ver="2.3"><GO type="225" lobby="0"/><UN n0="%E3%82%BC%E3%83%AB%E3%83%80%E3%81%AE%E4%BC%9D%E8%AA%AC" n1="%E3%82%A2%E3%83%A1%E3%82%A2%E3%83%A9%E3%83%AC" n2="%E5%A4%9C%E5%85%89%E5%A4%A9%E6%A5%BC" n3="%E3%81%B5%E3%81%98%E3%81%8B%E3%81%A4" dan="18,16,16,16" rate="2248.19,2044.22,2139.47,2156.68" sx="M,M,M,M"/><TAIKYOKU oya="0"/><INIT seed="0,0,0,4,5,23" ten="250,250,250,250" oya="0" hai0="48,8,103,72,66,0,71,120,10,126,7,21,93" hai1="105,45,46,6,121,95,60,88,106,96,1,85,115" hai2="112,62,76,14,9,87,129,128,75,77,69,52,63" hai3="36,100,79,118,13,40,61,15,73,54,117,90,132"/><T47/><D72/><U123/><E115/><V2/><F112/><W107/><G90/><T91/><D120/><U33/><E33/><V114/><F114/><W97/><G54/><T116/><D116/><U65/><E121/><V89/><F2/><W101/><G101/><T57/><D126/><U83/><E123/><V59/><F69/><W5/><G61/><T74/><D74/><U84/><E84/><V37/><F37/><W12/><G5/><T78/><D78/><U124/><E124/><V125/><F63/><W50/><G50/><T22/><D71/><U19/><E19/><N who="2" m="8655" /><F75/><W82/><REACH who="3" step="1"/><G132/><REACH who="3" ten="250,250,250,240" step="2"/><T104/><D103/><U113/><E113/><V99/><F125/><W109/><G109/><T127/><D127/><U25/><E6/><V53/><F53/><W39/><G39/><T55/><D7/><U131/><E60/><V32/><F89/><W28/><G28/><T41/><D55/><U110/><E88/><V44/><F52/><W64/><G64/><T94/><D91/><U68/><E65/><V86/><F62/><W24/><G24/><T51/><D66/><U102/><E25/><V122/><F122/><W80/><G80/><T58/><D51/><U11/><E110/><V17/><F59/><W16/><G16/><T92/><D57/><U119/><E68/><V98/><F17/><W135/><G135/><T20/><D58/><U43/><E83/><V133/><F133/><W111/><G111/><T108/><D108/><U18/><E18/><V81/><F81/><W70/><G70/><T29/><D29/><U27/><E102/><V34/><F77/><RYUUKYOKU ba="0,1" sc="250,-10,250,-10,250,-10,240,30" hai3="12,13,15,36,40,73,79,82,97,100,107,117,118" /><INIT seed="1,1,1,5,1,8" ten="240,240,240,270" oya="1" hai0="79,99,85,89,90,46,77,110,22,94,118,30,84" hai1="67,71,21,25,96,49,78,102,17,115,80,2,92" hai2="51,27,81,82,97,86,98,11,126,38,76,53,29" hai3="50,31,128,72,24,69,56,3,33,40,131,87,23"/><U13/><E115/><V70/><F126/><W95/><G72/><T44/><D110/><U19/><E2/><V117/><F117/><W88/><G69/><T123/><D118/><U103/><E71/><V104/><F38/><W9/><G33/><T100/><D123/><U57/><E103/><V130/><F104/><W55/><REACH who="3" step="1"/><G40/><REACH who="3" ten="240,240,240,260" step="2"/><T28/><D100/><U35/><E35/><V15/><F70/><W122/><G122/><T20/><D99/><U66/><E49/><V18/><F130/><W120/><G120/><T52/><REACH who="0" step="1"/><D94/><REACH who="0" ten="230,240,240,260" step="2"/><U54/><E92/><V132/><F82/><W127/><G127/><T59/><D59/><U39/><E96/><V60/><F97/><W37/><G37/><T41/><D41/><U16/><E102/><V63/><F98/><W124/><G124/><T68/><D68/><U116/><E39/><V135/><F135/><W6/><AGARI ba="1,3" hai="3,6,9,23,24,31,50,55,56,87,88,95,128,131" machi="6" ten="30,7900,0" yaku="1,1,0,1,54,1,53,1" doraHai="8" doraHaiUra="83" who="3" fromWho="3" sc="230,-21,240,-40,240,-21,260,112" /><INIT seed="2,0,0,2,4,124" ten="209,200,219,372" oya="2" hai0="89,56,122,82,79,57,59,30,120,43,113,62,6" hai1="54,53,22,119,97,115,65,106,42,131,104,135,13" hai2="83,130,40,66,126,46,112,102,125,14,76,67,33" hai3="31,45,16,91,44,121,117,25,116,69,2,61,1"/><V11/><F112/><W35/><G121/><T93/><D113/><U49/><E115/><V15/><F102/><W26/><G91/><T64/><D6/><U29/><E119/><V128/><F33/><W87/><G87/><T20/><D43/><U100/><E135/><V134/><F134/><W118/><G69/><T84/><D120/><U85/><E106/><V24/><F24/><W110/><G61/><T10/><D122/><U0/><E0/><N who="3" m="106" /><G45/><T96/><D10/><U90/><E65/><N who="2" m="24587" /><F15/><W72/><G44/><T8/><D8/><U63/><E42/><V28/><F28/><N who="3" m="19855" /><G72/><T133/><D133/><U68/><E68/><V12/><F12/><W34/><G16/><T3/><D3/><U71/><E71/><V109/><F14/><W58/><G58/><T94/><D94/><U70/><E70/><V39/><F11/><W55/><G55/><T4/><D4/><U78/><E13/><V51/><F51/><W18/><G18/><T9/><D9/><U101/><E49/><V36/><F39/><W107/><G107/><T88/><D89/><U50/><E90/><V99/><F99/><W52/><G52/><T19/><D19/><U17/><E97/><V81/><F46/><W27/><G27/><AGARI ba="0,0" hai="20,27,30,56,57,59,62,64,79,82,84,88,93,96" machi="27" ten="40,2600,0" yaku="8,1,54,1" doraHai="124" who="0" fromWho="3" sc="209,26,200,0,219,0,372,-26" /><INIT seed="3,0,0,2,4,6" ten="235,200,219,346" oya="3" hai0="118,45,14,76,37,112,63,113,78,25,123,93,38" hai1="64,18,47,17,130,87,53,40,57,48,124,107,81" hai2="29,119,19,3,22,126,109,94,26,28,51,59,35" hai3="91,66,95,133,85,92,49,54,13,80,132,58,102"/><W96/><G66/><T83/><D118/><U79/><E130/><V115/><F119/><W9/><REACH who="3" step="1"/><G95/><REACH who="3" ten="235,200,219,336" step="2"/><T27/><D93/><U33/><E124/><V5/><F94/><W74/><G74/><T100/><D112/><U99/><E33/><V104/><F35/><W71/><G71/><T61/><D113/><U44/><E64/><V110/><F126/><W42/><G42/><T60/><D123/><U128/><E128/><V75/><F115/><W8/><G8/><T65/><D65/><U97/><E44/><V52/><F75/><W15/><G15/><T77/><D14/><U16/><REACH who="1" step="1"/><E107/><REACH who="1" ten="235,190,219,336" step="2"/><V105/><F104/><W67/><G67/><T46/><D46/><U4/><E4/><AGARI ba="0,2" hai="4,9,13,49,54,58,80,85,91,92,96,102,132,133" machi="4" ten="40,7700,0" yaku="1,1,52,1,53,1" doraHai="6" doraHaiUra="7" who="3" fromWho="1" sc="235,0,190,-77,219,0,336,97" owari="235,3.5,113,-38.7,219,-18.1,433,53.3" /></mjloggm>