<mjloggm ver="2.3"><GO type="225" lobby="0"/><UN n0="%6D%75%75%73%61%6E%6D%75" n1="%E3%80%93%E3%81%97%E3%83%BC%E3%82%89%E3%80%93" n2="%E6%98%93%E5%88%A9%E8%96%A9%E4%BC%AF" n3="%E5%8D%A0%E3%81%84%E5%B8%AB%E8%A3%8F%E3%81%AA%E3%81%84%E3%81%97" dan="17,17,16,17" rate="2140.99,2201.91,2089.86,2222.17" sx="F,M,F,M"/><TAIKYOKU oya="0"/><INIT seed="0,0,0,4,2,128" ten="250,250,250,250" oya="0" hai0="105,16,9,61,41,37,104,35,70,33,117,2,126" hai1="73,119,27,53,36,86,125,5,89,116,0,54,82" hai2="51,19,50,90,87,21,88,68,63,108,45,102,55" hai3="67,97,15,14,77,134,75,80,23,32,72,98,60"/><T3/><D117/><U79/><E125/><V133/><F108/><W111/><G32/><N who="0" m="12363" /><D16/><U31/><E36/><V26/><F133/><W81/><G111/><T78/><D126/><U49/><E54/><V132/><F132/><W46/><G134/><T124/><D124/><U103/><E103/><V95/><F68/><W115/><G115/><T66/><D78/><U101/><E101/><V71/><F71/><W47/><G77/><T56/><D56/><U131/><E131/><V127/><F127/><W123/><G23/><T38/><D38/><U91/><E91/><V28/><F63/><W11/><G60/><T62/><D62/><U20/><E5/><V94/><F102/><W44/><G67/><T43/><D43/><U96/><E96/><N who="3" m="36970" /><G11/><T122/><D122/><U59/><REACH who="1" step="1"/><E0/><REACH who="1" ten="250,240,250,250" step="2"/><N who="0" m="41" /><D9/><U113/><E113/><V42/><F51/><W22/><G123/><T18/><D18/><U17/><E17/><V4/><F4/><W30/><G30/><T83/><D37/><U121/><E121/><V76/><F28/><W110/><G110/><T13/><D41/><U107/><E107/><N who="0" m="41033" /><D13/><N who="3" m="4617" /><G22/><T74/><D74/><AGARI ba="0,1" hai="44,46,47,72,74,75,80,81" m="4617,36970" machi="74" ten="40,2600,0" yaku="28,2" doraHai="128" who="3" fromWho="0" sc="250,-26,240,0,250,0,250,36" /><INIT seed="1,0,0,3,5,27" ten="224,240,250,286" oya="1" hai0="102,26,98,14,131,116,66,97,44,89,129,128,32" hai1="121,30,3,23,11,82,91,2,17,4,115,6,62" hai2="55,29,72,43,63,70,52,87,5,92,109,31,117" hai3="25,120,9,0,19,74,41,22,107,24,80,99,95"/><U60/><E115/><V112/><F72/><W81/><G120/><T67/><D116/><U33/><E121/><V135/><F117/><W86/><G107/><T46/><D89/><U104/><E104/><V88/><F112/><W61/><G74/><T130/><N who="0" m="32768" /><DORA hai="7" /><T124/><D124/><U105/><E105/><V114/><F114/><W38/><G61/><T93/><D98/><U106/><E106/><V36/><F109/><W16/><G38/><T118/><D118/><U83/><E91/><V53/><F135/><W1/><G41/><T79/><D79/><U94/><E94/><V15/><F36/><W45/><G45/><N who="0" m="17515" /><D14/><N who="1" m="9655" /><E83/><V50/><F43/><W13/><G81/><T51/><D51/><U65/><E65/><V48/><F63/><W126/><G126/><T18/><D18/><U125/><E82/><V133/><F70/><W21/><G0/><T37/><D37/><U57/><E57/><N who="2" m="32903" /><F133/><W127/><G1/><T122/><D122/><U113/><E113/><V28/><F50/><W90/><G127/><T20/><D20/><U108/><E125/><V119/><F119/><W110/><G110/><T71/><D71/><U47/><E47/><V101/><F101/><N who="3" m="60671" /><G21/><T34/><D34/><U58/><E108/><V69/><F69/><W76/><G76/><T54/><D54/><U100/><E100/><V73/><F73/><W75/><G75/><T8/><D8/><AGARI ba="0,0" hai="5,8,15,28,29,31,53,55,87,88,92" m="32903" machi="8" ten="30,12000,2" yaku="8,1,52,4,54,2" doraHai="27,7" who="2" fromWho="0" sc="224,-120,240,0,250,120,286,0" /><INIT seed="2,0,0,1,2,129" ten="104,240,370,286" oya="2" hai0="117,44,102,48,46,51,58,122,23,42,90,135,126" hai1="27,61,125,97,50,29,11,88,92,81,114,119,56" hai2="124,121,60,77,70,93,110,67,3,76,133,73,16" hai3="64,78,5,9,107,62,65,54,87,116,103,21,111"/><V10/><F121/><W24/><G116/><T100/><D122/><U45/><E119/><V41/><F124/><W0/><G111/><T28/><D117/><U34/><E125/><V105/><F105/><W26/><G107/><T12/><D126/><U115/><E11/><V33/><F33/><W134/><G103/><T82/><D58/><U120/><E120/><V4/><F133/><W89/><G78/><T72/><D72/><U43/><REACH who="1" step="1"/><E81/><REACH who="1" ten="104,230,370,286" step="2"/><V57/><F110/><W85/><G134/><T83/><D135/><U17/><E17/><V7/><F16/><W75/><G9/><T36/><D83/><U35/><E35/><V66/><F7/><W128/><G5/><T18/><D28/><U101/><E101/><V22/><F10/><W94/><G21/><T32/><D32/><U80/><E80/><V53/><F22/><W84/><G128/><T109/><D109/><U74/><E74/><V98/><F4/><W15/><G75/><T37/><D100/><U59/><E59/><V69/><F57/><N who="3" m="35127" /><G0/><T6/><D102/><U25/><E25/><N who="3" m="9834" /><G15/><T130/><D130/><U95/><E95/><V8/><F3/><W49/><G49/><T99/><D6/><U39/><E39/><V131/><F8/><W19/><G19/><T106/><D106/><U86/><E86/><AGARI ba="0,1" hai="64,65,84,85,86,87,89,94" m="9834,35127" machi="86" ten="30,1000,0" yaku="8,1" doraHai="129" who="3" fromWho="1" sc="104,0,230,-10,370,0,286,20" /><INIT seed="3,0,0,2,0,95" ten="104,220,370,306" oya="3" hai0="11,45,134,27,77,31,98,8,72,13,38,41,84" hai1="12,118,88,28,69,44,36,52,74,9,127,48,105" hai2="60,68,135,125,61,70,42,94,62,133,65,56,50" hai3="104,132,59,119,58,3,24,0,131,121,85,2,100"/><W92/><G119/><T123/><D123/><U47/><E74/><V116/><F94/><W108/><G121/><T117/><D117/><U91/><E69/><N who="2" m="26731" /><F116/><W4/><G132/><N who="2" m="50761" /><F125/><W115/><G115/><T7/><D134/><U129/><E118/><V71/><F56/><W1/><G131/><T33/><D72/><U86/><E129/><V96/><F96/><W90/><G108/><T106/><D11/><U37/><E105/><V113/><F113/><W43/><G43/><T51/><D38/><U49/><E28/><V6/><F6/><W23/><G4/><T39/><D39/><U22/><E22/><V20/><F20/><W53/><N who="3" m="0" /><DORA hai="109" /><W54/><G58/><T99/><REACH who="0" step="1"/><D106/><REACH who="0" ten="94,220,370,306" step="2"/><U25/><E37/><V34/><F34/><W110/><G104/><T5/><D5/><U35/><E36/><V26/><F71/><W55/><G23/><T83/><AGARI ba="0,1" hai="7,8,13,27,31,33,41,45,51,77,83,84,98,99" machi="83" ten="30,12000,2" yaku="1,1,0,1,25,2,52,2,53,0" doraHai="95,109" doraHaiUra="130,97" who="0" fromWho="0" sc="94,130,220,-30,370,-30,306,-60" owari="224,-17.6,190,-31.0,340,44.0,246,4.6" /></mjloggm>