<mjloggm ver="2.3"><GO type="225" lobby="0"/><UN n0="%E3%81%82%E3%81%B9%E3%81%99%E3%81%91" n1="%E3%81%A8%E3%82%93%E3%81%A8%E3%81%93%E3%81%A8%E3%82%93" n2="%72%65%6E%6B%75%6E" n3="%E8%B6%85%E7%B4%9A%E9%B3%B3%E5%87%B0" dan="16,16,17,16" rate="2162.46,2158.52,2258.37,2118.10" sx="M,F,M,M"/><TAIKYOKU oya="0"/><INIT seed="0,0,0,5,2,109" ten="250,250,250,250" oya="0" hai0="27,69,48,28,120,17,88,118,1,34,101,99,124" hai1="115,132,91,130,75,41,31,58,19,25,82,119,33" hai2="117,22,18,86,14,131,79,102,32,66,63,61,93" hai3="112,129,135,106,71,70,3,12,21,128,103,87,89"/><T4/><D118/><U15/><E119/><V7/><F117/><W134/><G3/><T123/><D124/><U78/><E130/><N who="3" m="50282" /><G106/><T74/><D74/><U43/><E132/><N who="3" m="50730" /><G103/><T110/><D110/><U57/><E91/><V90/><F32/><W16/><G112/><T100/><D100/><U72/><E72/><V60/><F7/><W95/><AGARI ba="0,0" hai="12,16,21,70,71,87,89,95" m="50730,50282" machi="95" ten="30,4000,0" yaku="19,1,20,1,54,1" doraHai="109" who="3" fromWho="3" sc="250,-20,250,-10,250,-10,250,40" /><INIT seed="1,0,0,1,3,40" ten="230,240,240,290" oya="1" hai0="71,122,77,74,108,53,107,125,73,36,61,99,1" hai1="41,86,34,80,112,3,19,103,83,11,110,135,13" hai2="31,130,114,120,79,88,109,81,33,18,63,10,65" hai3="129,66,9,75,111,16,14,21,82,57,37,39,89"/><U27/><E112/><V119/><F120/><W56/><G111/><T90/><D108/><U97/><E110/><V87/><F119/><W117/><G117/><T51/><D125/><U50/><E135/><V93/><F114/><W5/><G129/><T100/><D36/><U52/><E3/><V38/><F109/><W116/><G116/><T24/><D1/><U55/><E34/><V20/><F130/><W133/><G133/><T127/><D127/><U22/><E41/><V72/><F38/><W70/><G70/><T46/><D122/><U64/><E64/><V23/><F33/><W123/><G123/><T45/><D77/><U78/><E83/><V134/><F134/><W128/><G128/><T106/><D106/><U132/><E132/><V118/><F118/><W105/><G105/><T68/><D24/><U43/><E43/><V49/><F49/><W115/><G115/><T131/><D71/><U15/><E11/><V98/><F31/><W28/><G28/><T84/><D68/><U12/><REACH who="1" step="1"/><E50/><REACH who="1" ten="230,230,240,290" step="2"/><V32/><F32/><W6/><G66/><T76/><D131/><U2/><E2/><V48/><F48/><W47/><G37/><T113/><D113/><U26/><E26/><N who="2" m="14615" /><F23/><W124/><G39/><T85/><D51/><U104/><AGARI ba="0,1" hai="12,13,15,19,22,27,52,55,78,80,86,97,103,104" machi="104" ten="30,6000,0" yaku="1,1,0,1,54,1,53,0" doraHai="40" doraHaiUra="25" who="1" fromWho="1" sc="230,-20,230,70,240,-20,290,-20" /><INIT seed="1,1,0,4,5,102" ten="210,300,220,270" oya="1" hai0="62,50,117,75,39,131,53,46,88,0,112,124,83" hai1="6,51,121,132,27,61,55,99,79,80,31,134,22" hai2="36,129,44,10,128,127,26,47,17,18,54,114,108" hai3="82,58,107,101,76,33,78,42,119,21,64,73,67"/><U40/><E121/><V29/><F108/><W113/><G113/><T95/><D112/><U35/><E6/><V84/><F114/><W110/><G33/><T3/><D117/><U72/><E40/><N who="2" m="22535" /><F127/><W130/><G110/><T66/><D131/><N who="2" m="50250" /><F10/><W2/><G130/><T70/><D124/><U68/><E35/><N who="2" m="20919" /><F84/><W45/><G73/><T60/><D39/><U97/><E68/><V92/><F92/><W122/><G119/><T11/><D11/><U96/><REACH who="1" step="1"/><E61/><REACH who="1" ten="210,290,220,270" step="2"/><V20/><F20/><W25/><G21/><T105/><D62/><U7/><E7/><V74/><F74/><W65/><G122/><T89/><D60/><U5/><E5/><V57/><F47/><AGARI ba="1,1" hai="22,27,31,47,51,55,72,79,80,96,97,99,132,134" machi="47" ten="40,3900,0" yaku="1,1,53,1" doraHai="102" doraHaiUra="24" who="1" fromWho="2" sc="210,0,290,52,220,-42,270,0" /><INIT seed="1,2,0,1,0,92" ten="210,342,178,270" oya="1" hai0="111,113,104,132,36,11,87,126,74,85,47,93,23" hai1="58,122,35,17,59,119,78,86,106,41,70,25,96" hai2="12,62,13,79,68,99,0,80,88,71,75,42,53" hai3="109,84,57,26,128,39,50,46,129,116,100,130,101"/><U95/><E106/><V121/><F0/><W56/><G109/><T102/><D11/><U45/><E70/><V31/><F121/><W52/><G116/><T94/><D23/><U65/><E65/><V20/><F42/><W66/><G26/><T43/><D111/><U73/><E73/><V16/><F31/><W40/><G84/><T21/><D113/><U15/><E25/><N who="2" m="14471" /><F68/><W37/><G37/><T82/><D74/><U48/><E35/><V38/><F38/><W7/><G7/><T63/><D43/><U33/><E33/><V135/><F71/><W32/><G32/><T44/><D36/><U97/><E122/><V76/><F135/><W55/><REACH who="3" step="1"/><G66/><REACH who="3" ten="210,342,178,260" step="2"/><T134/><D132/><U110/><E119/><V108/><F108/><W5/><G5/><T103/><D134/><U3/><E110/><V105/><F105/><W19/><G19/><T77/><D104/><U27/><E27/><V9/><F75/><W123/><G123/><T117/><D117/><U98/><E3/><V24/><F24/><W127/><G127/><T34/><D126/><U2/><E2/><V72/><F72/><W115/><G115/><T1/><D34/><U83/><E95/><N who="2" m="56807" /><F80/><W30/><G30/><T69/><D1/><U133/><REACH who="1" step="1"/><E133/><REACH who="1" ten="210,332,178,260" step="2"/><V54/><F12/><W29/><G29/><T89/><D94/><U18/><E18/><N who="2" m="8495" /><F53/><W90/><G90/><T10/><D89/><U4/><E4/><V61/><F54/><W64/><G64/><T114/><D114/><U91/><E91/><V118/><F118/><W6/><G6/><T120/><D120/><U125/><E125/><RYUUKYOKU ba="2,2" sc="210,-30,332,10,178,10,260,10" hai1="15,17,41,45,48,58,59,78,83,86,96,97,98" hai2="61,62,76,79" hai3="39,40,46,50,52,55,56,57,100,101,128,129,130" /><INIT seed="1,3,2,2,3,7" ten="180,342,188,270" oya="1" hai0="134,54,81,117,9,110,94,78,115,71,72,59,67" hai1="92,16,85,66,29,98,77,104,93,102,37,132,70" hai2="113,8,121,1,28,22,46,73,128,125,33,69,63" hai3="23,111,101,131,103,5,91,96,119,60,17,39,124"/><U106/><E37/><V65/><F22/><W76/><G39/><T61/><D115/><U49/><E29/><V55/><F113/><W80/><G111/><T14/><D117/><U51/><E70/><V118/><F118/><W86/><G119/><T24/><D24/><U97/><E66/><V82/><F55/><W135/><G131/><T53/><D110/><U83/><E132/><V27/><F121/><W4/><G135/><T10/><D134/><U108/><E108/><V84/><F46/><W26/><G124/><T11/><D94/><U100/><REACH who="1" step="1"/><E16/><REACH who="1" ten="180,332,188,270" step="2"/><V58/><F125/><W19/><G17/><T79/><D79/><U64/><E64/><V112/><F65/><W34/><G34/><T68/><REACH who="0" step="1"/><D14/><REACH who="0" ten="170,332,188,270" step="2"/><U41/><E41/><V99/><F112/><W88/><G76/><T36/><D36/><U32/><E32/><V57/><F33/><W6/><G60/><T87/><D87/><U74/><E74/><V48/><F84/><W109/><G109/><T15/><D15/><U126/><E126/><V95/><F73/><W21/><G21/><T31/><D31/><U90/><E90/><V18/><F28/><W89/><REACH who="3" step="1"/><G103/><REACH who="3" ten="170,332,188,260" step="2"/><T56/><D56/><U38/><E38/><V30/><F57/><W25/><G25/><T129/><D129/><U122/><E122/><V120/><F58/><W44/><G44/><T116/><D116/><U123/><E123/><V105/><F27/><W45/><G45/><T75/><D75/><U2/><E2/><V35/><F1/><W43/><G43/><T47/><D47/><U13/><E13/><N who="2" m="7463" /><F128/><W40/><G40/><RYUUKYOKU ba="3,5" sc="170,10,332,10,188,-30,260,10" hai0="9,10,11,53,54,59,61,67,68,71,72,78,81" hai1="49,51,77,83,85,92,93,97,98,100,102,104,106" hai3="4,5,6,19,23,26,80,86,88,89,91,96,101" /><INIT seed="1,4,5,5,4,29" ten="180,342,158,270" oya="1" hai0="134,24,31,113,0,95,110,66,48,84,10,115,76" hai1="121,11,7,71,22,90,16,40,30,81,73,100,61" hai2="103,4,129,34,35,88,3,106,15,64,75,17,28" hai3="46,59,131,36,104,45,55,27,114,111,9,20,6"/><U57/><E121/><V122/><F122/><W54/><G114/><T23/><D134/><U126/><E71/><V78/><F129/><W92/><G104/><T63/><D110/><U97/><E40/><V79/><F64/><W38/><G111/><T94/><D48/><U87/><E73/><V89/><F3/><W108/><G108/><T18/><D115/><U133/><E30/><V25/><F4/><W125/><G131/><T47/><D47/><U120/><E126/><V107/><F75/><W85/><G125/><T33/><D113/><U12/><E133/><V1/><F1/><W102/><G38/><T2/><D76/><U68/><E68/><V123/><F123/><W72/><G72/><T70/><D84/><U19/><E22/><V86/><F34/><W135/><G135/><T50/><D50/><U26/><E26/><V132/><F132/><W39/><G39/><T130/><D2/><U62/><E120/><V99/><F106/><W109/><G109/><T119/><D119/><U14/><E14/><V51/><F51/><N who="3" m="31199" /><G55/><T101/><D130/><U65/><E61/><V128/><F128/><W43/><G85/><T96/><D0/><U124/><E124/><V58/><F58/><W41/><G43/><T67/><D70/><U56/><E57/><V37/><F37/><W93/><G45/><T69/><D67/><U112/><E112/><V52/><F52/><W77/><G77/><N who="2" m="29193" /><F86/><W49/><G36/><T74/><D74/><U80/><E81/><V117/><F117/><W8/><G6/><T5/><D5/><U105/><AGARI ba="4,5" hai="7,11,12,16,19,56,62,65,80,87,90,97,100,105" machi="105" ten="20,3900,0" yaku="0,1,7,1,54,1" doraHai="29" who="1" fromWho="1" sc="180,-17,342,101,158,-17,270,-17" /><INIT seed="1,5,0,4,5,45" ten="163,443,141,253" oya="1" hai0="133,7,83,16,97,33,30,104,75,95,60,79,87" hai1="113,70,22,37,6,108,26,18,54,77,11,38,21" hai2="62,122,134,118,10,9,111,57,116,124,66,131,31" hai3="24,101,40,103,99,78,125,89,4,107,29,55,130"/><U44/><E70/><V121/><F31/><W65/><G130/><T112/><D112/><U94/><E113/><V84/><F84/><W49/><G125/><T119/><D119/><N who="2" m="45610" /><F9/><W102/><G65/><T51/><D133/><U53/><E77/><V71/><F10/><W32/><G4/><T15/><D7/><U129/><E94/><V68/><F134/><W85/><G78/><T59/><D33/><U110/><E22/><V106/><F106/><W73/><G40/><T74/><D30/><U76/><E76/><V91/><F91/><W56/><REACH who="3" step="1"/><G73/><REACH who="3" ten="163,443,141,243" step="2"/><T2/><D75/><U36/><E129/><V46/><F131/><W13/><G13/><T47/><D74/><U41/><E108/><V23/><F124/><W61/><G61/><T90/><D60/><U50/><REACH who="1" step="1"/><E110/><REACH who="1" ten="163,433,141,243" step="2"/><V86/><F111/><W3/><G3/><AGARI ba="5,2" hai="3,6,11,18,21,26,36,37,38,41,44,50,53,54" machi="3" ten="40,12000,1" yaku="1,1,2,1,52,1,53,1" doraHai="45" doraHaiUra="17" who="1" fromWho="3" sc="163,0,433,155,141,0,243,-135" /><INIT seed="1,6,0,5,5,124" ten="163,588,141,108" oya="1" hai0="63,84,85,101,66,81,19,12,57,37,59,86,42" hai1="45,118,10,11,54,33,20,87,30,121,89,88,76" hai2="62,69,60,103,2,90,26,100,92,96,17,130,95" hai3="51,35,50,109,114,134,131,122,1,73,56,80,115"/><U65/><E33/><V107/><F2/><W41/><G122/><T127/><D127/><U38/><E118/><V25/><F130/><W6/><G35/><T44/><D101/><U9/><E121/><V4/><F4/><W31/><G109/><T102/><D102/><U3/><E3/><V29/><F100/><W129/><G134/><T75/><D75/><U32/><E32/><N who="2" m="20527" /><F60/><W79/><G31/><T133/><D133/><U108/><E65/><N who="2" m="41143" /><F90/><W14/><G1/><T125/><D125/><U52/><E38/><V47/><F47/><N who="3" m="25967" /><G51/><T18/><D18/><U16/><E30/><V135/><F135/><W72/><G56/><T53/><D59/><U55/><E45/><V28/><F17/><W36/><G36/><T7/><D7/><U123/><E108/><V68/><F68/><W61/><G61/><T83/><REACH who="0" step="1"/><D66/><REACH who="0" ten="153,588,141,108" step="2"/><U23/><E123/><V34/><AGARI ba="6,1" hai="26,28,34,92,95,96,103,107" m="41143,20527" machi="34" ten="30,1100,0" yaku="25,1" doraHai="124" who="2" fromWho="2" sc="153,-9,588,-11,141,39,108,-9" /><INIT seed="2,0,0,4,4,111" ten="144,577,180,99" oya="2" hai0="7,39,25,83,128,90,79,113,112,16,106,41,65" hai1="36,61,99,33,71,18,77,46,95,98,6,134,56" hai2="11,132,55,102,44,26,42,59,28,15,20,63,12" hai3="86,116,115,60,105,27,87,17,64,68,129,85,53"/><V96/><F132/><W10/><G116/><T108/><D106/><U117/><E71/><V48/><REACH who="2" step="1"/><F11/><REACH who="2" ten="144,577,170,99" step="2"/><W91/><G129/><T75/><D128/><U30/><E134/><V84/><F84/><W47/><G115/><T51/><D113/><U110/><E117/><V45/><F45/><W0/><G105/><AGARI ba="0,1" hai="12,15,20,26,28,42,44,48,55,59,63,96,102,105" machi="105" ten="30,5800,0" yaku="1,1,7,1,53,1" doraHai="111" doraHaiUra="38" who="2" fromWho="3" sc="144,0,577,0,170,68,99,-58" /><INIT seed="2,1,0,0,3,113" ten="144,577,238,41" oya="2" hai0="93,101,52,118,21,28,71,128,13,111,16,63,90" hai1="8,36,4,45,95,94,92,59,1,35,15,99,100" hai2="18,80,38,30,114,83,48,33,81,3,84,19,6" hai3="64,53,7,32,22,31,129,116,79,58,46,107,50"/><V56/><F38/><W47/><G107/><T76/><D111/><U17/><E35/><V112/><F84/><W43/><G129/><T66/><D118/><U103/><E59/><V2/><F33/><W122/><G122/><T24/><D76/><U126/><E126/><V70/><F70/><W0/><G32/><T130/><D101/><U74/><E74/><V96/><F96/><W23/><G79/><T87/><REACH who="0" step="1"/><D52/><REACH who="0" ten="134,577,238,41" step="2"/><U54/><E103/><V25/><F112/><W34/><G116/><T62/><D62/><U78/><E78/><V11/><F114/><W115/><G115/><T61/><D61/><U88/><E100/><V110/><F110/><W37/><G64/><T123/><D123/><U86/><E54/><V14/><F3/><W73/><G73/><T12/><D12/><U125/><E15/><V40/><F2/><W82/><G47/><T69/><D69/><U108/><E45/><N who="2" m="25639" /><F56/><W89/><G0/><T98/><D98/><U127/><E1/><V132/><F132/><W85/><REACH who="3" step="1"/><G7/><REACH who="3" ten="134,577,238,31" step="2"/><T65/><D65/><U60/><E108/><V131/><F131/><W119/><G119/><T49/><D49/><U27/><E125/><V105/><F105/><W120/><G120/><T91/><D91/><U67/><E127/><V134/><F134/><W133/><G133/><T55/><D55/><U51/><E36/><V26/><F6/><W104/><G104/><T77/><D77/><U10/><E4/><V39/><F39/><W102/><G102/><T68/><D68/><U109/><E109/><V135/><F135/><W106/><G106/><T44/><D44/><RYUUKYOKU ba="1,2" sc="134,15,577,-15,238,-15,31,15" hai0="13,16,21,24,28,63,66,71,87,90,93,128,130" hai3="22,23,31,34,37,43,46,50,53,58,82,85,89" /><INIT seed="3,2,2,0,2,72" ten="149,562,223,46" oya="3" hai0="8,124,75,123,68,93,90,121,91,77,129,76,25" hai1="15,84,28,49,73,37,51,107,50,131,98,11,116" hai2="112,101,126,108,134,97,41,38,42,13,29,65,21" hai3="44,31,102,6,57,111,64,66,3,33,2,99,12"/><W89/><G111/><T100/><D68/><U83/><E37/><V88/><F112/><W39/><G89/><T9/><D25/><U132/><E73/><V79/><F108/><W95/><G33/><T87/><D75/><U23/><E131/><V17/><F79/><W113/><G31/><T69/><D69/><U130/><E132/><V0/><F0/><W10/><G113/><T36/><D36/><U55/><E98/><V135/><F65/><W30/><G30/><T86/><D93/><U4/><E107/><N who="2" m="63919" /><F38/><W24/><G24/><T61/><D100/><U85/><E116/><V114/><F114/><W45/><G66/><T16/><D16/><U125/><E125/><V14/><F29/><W71/><G71/><T117/><D61/><U122/><E122/><V70/><F70/><W47/><REACH who="3" step="1"/><G39/><REACH who="3" ten="149,562,223,36" step="2"/><T62/><D91/><U133/><E28/><V127/><F88/><W103/><G103/><T1/><D90/><U96/><E133/><V5/><F134/><W46/><N who="3" m="11264" /><DORA hai="80" /><W18/><G18/><T35/><D35/><U94/><E130/><V22/><F135/><W63/><AGARI ba="2,3" hai="2,3,6,10,12,57,63,64,95,99,102" m="11264" machi="63" ten="40,7800,0" yaku="1,1,0,1,53,1" doraHai="72,80" doraHaiUra="56,27" who="3" fromWho="3" sc="149,-28,562,-28,223,-28,36,114" /><INIT seed="3,3,0,2,5,118" ten="121,534,195,150" oya="3" hai0="9,95,113,52,133,91,67,19,98,125,106,14,128" hai1="93,12,41,116,78,46,61,59,53,110,38,126,43" hai2="50,89,109,31,77,74,92,124,111,62,47,88,36" hai3="72,114,129,117,66,100,80,123,56,101,81,15,90"/><W131/><G117/><T87/><D133/><U107/><E107/><V8/><F124/><W135/><G114/><T86/><D128/><N who="3" m="49225" /><G135/><T119/><D125/><U10/><E126/><V69/><F36/><W63/><G15/><T85/><D119/><U26/><E116/><V23/><F8/><W57/><G57/><T103/><D113/><U4/><E26/><N who="2" m="16863" /><F69/><W13/><G13/><T121/><D67/><U6/><E12/><V64/><F92/><W94/><G72/><T104/><D121/><U27/><E59/><N who="2" m="36959" /><F74/><W102/><G123/><T22/><D106/><U30/><E46/><V1/><F77/><W5/><G5/><T65/><D65/><U29/><E6/><V40/><F1/><W75/><G75/><T97/><REACH who="0" step="1"/><D52/><REACH who="0" ten="111,534,195,150" step="2"/><U70/><E27/><V33/><F111/><W2/><G66/><T44/><D44/><U54/><E4/><V48/><F109/><W120/><G120/><T55/><D55/><U127/><E10/><AGARI ba="3,1" hai="9,10,14,19,22,85,86,87,91,95,97,98,103,104" machi="10" ten="40,1300,0" yaku="1,1,53,0" doraHai="118" doraHaiUra="68" who="0" fromWho="1" sc="111,32,534,-22,195,0,150,0" owari="143,-35.7,512,61.2,195,-0.5,150,-25.0" /></mjloggm>