<mjloggm ver="2.3"><GO type="225" lobby="0"/><UN n0="%E3%81%AA%E3%81%BE%E3%81%91%E8%80%85" n1="%E6%97%A5%E6%9B%9C%E6%97%A5%E3%82%88%E3%82%8A%E3%81%AE%E4%BD%BF%E8%80%85" n2="%6D%61%74%69%67%75%73%61" n3="%E3%83%A9%E3%82%B9%E7%8E%87%EF%BC%93%E5%89%B2" dan="16,16,17,16" rate="2126.98,2159.50,2165.03,2184.88" sx="M,M,M,F"/><TAIKYOKU oya="0"/><INIT seed="0,0,0,4,5,93" ten="250,250,250,250" oya="0" hai0="19,91,85,92,102,127,100,35,33,29,37,44,46" hai1="41,98,0,76,110,1,28,38,12,5,116,21,64" hai2="97,112,24,73,53,40,66,51,95,105,54,90,125" hai3="50,96,124,108,18,4,107,31,47,104,72,2,77"/><T84/><D127/><U111/><E64/><V17/><F73/><W132/><G124/><T74/><D74/><U82/><E116/><V70/><F112/><W122/><G108/><N who="1" m="41514" /><E41/><V94/><F105/><W99/><G132/><T88/><D29/><U43/><E43/><V79/><F79/><W56/><G31/><T115/><D115/><U15/><E38/><V59/><F70/><W87/><G72/><T123/><D37/><U106/><E28/><V34/><F125/><W48/><G2/><N who="1" m="1130" /><E21/><N who="2" m="13359" /><F34/><W25/><G4/><T119/><D119/><U23/><E23/><V27/><F27/><W42/><G122/><T55/><D123/><U58/><E58/><V39/><F39/><W118/><G118/><T114/><D114/><U69/><E69/><V120/><F120/><W133/><G133/><T52/><D19/><U89/><E5/><V61/><F40/><W103/><G18/><T101/><D101/><N who="1" m="62775" /><E89/><N who="2" m="55503" /><F51/><W60/><G25/><T130/><D92/><U131/><E131/><AGARI ba="0,0" hai="33,35,44,46,52,55,84,85,88,91,100,102,130,131" machi="131" ten="25,9600,0" yaku="22,2,54,2" doraHai="93" who="0" fromWho="1" sc="250,96,250,-96,250,0,250,0" /><INIT seed="0,1,0,2,3,51" ten="346,154,250,250" oya="0" hai0="30,47,45,133,107,11,21,64,22,19,25,128,83" hai1="135,123,84,37,111,55,85,127,106,34,28,5,53" hai2="70,105,129,56,132,9,131,38,101,13,18,15,92" hai3="97,96,80,94,73,110,49,20,26,36,12,124,59"/><T115/><D115/><U82/><E123/><V29/><F70/><W17/><G36/><T62/><D107/><U46/><E106/><V71/><F71/><W122/><G122/><T74/><D133/><U112/><E34/><V113/><F38/><W100/><G110/><T58/><D128/><U23/><E37/><V89/><F113/><W41/><G124/><T52/><D11/><U76/><E112/><V91/><F29/><W109/><G109/><T31/><D31/><U24/><E111/><V7/><F132/><W8/><G73/><T95/><D74/><U57/><E135/><V44/><F44/><W50/><G41/><T42/><D42/><U1/><E127/><V60/><F105/><W87/><G96/><T114/><D83/><U79/><E46/><V117/><F117/><W77/><REACH who="3" step="1"/><G59/><REACH who="3" ten="346,154,250,240" step="2"/><T63/><D114/><U98/><E98/><N who="2" m="59591" /><F129/><W54/><G54/><T3/><D45/><U120/><E120/><V39/><F39/><W78/><G78/><T27/><D47/><U65/><E57/><V104/><F131/><W61/><G61/><T130/><D63/><U116/><E116/><V126/><F126/><W119/><G119/><T88/><D130/><U14/><E65/><N who="2" m="39047" /><F104/><W10/><G10/><AGARI ba="1,1" hai="7,9,10,13,15,18,89,91" m="39047,59591" machi="10" ten="30,1000,0" yaku="8,1" doraHai="51" who="2" fromWho="3" sc="346,0,154,0,250,23,240,-13" /><INIT seed="1,0,0,3,0,84" ten="346,154,273,227" oya="1" hai0="54,18,53,86,40,69,116,89,94,66,32,26,130" hai1="88,37,124,113,10,114,41,82,131,102,61,87,111" hai2="106,123,125,68,112,1,56,5,95,92,107,103,62" hai3="60,29,105,119,91,24,135,11,36,100,117,39,20"/><U127/><E131/><V72/><F68/><W47/><G135/><T9/><D116/><N who="3" m="44617" /><G100/><T65/><D130/><U19/><E102/><V42/><F72/><W34/><G105/><T97/><D32/><U23/><E10/><V98/><F123/><W15/><G60/><T25/><D40/><U79/><E111/><V27/><F42/><N who="3" m="22983" /><G39/><T85/><D85/><U64/><E41/><V118/><F125/><N who="1" m="48201" /><E37/><V51/><F5/><N who="3" m="3567" /><G91/><N who="0" m="55519" /><D69/><N who="1" m="42127" /><E79/><V129/><F118/><W8/><G8/><T6/><D6/><U3/><E3/><V38/><F1/><W16/><G34/><T81/><D9/><U80/><E80/><V58/><F129/><W133/><G133/><T22/><D26/><AGARI ba="0,0" hai="19,23,26,82,87,88,113,114" m="42127,48201" machi="26" ten="30,5800,0" yaku="18,1,52,1,54,1" doraHai="84" who="1" fromWho="0" sc="346,-58,154,58,273,0,227,0" /><INIT seed="1,1,0,2,3,117" ten="288,212,273,227" oya="1" hai0="43,48,46,112,31,70,28,83,115,4,25,17,60" hai1="53,79,66,88,15,13,8,35,41,34,57,121,109" hai2="27,90,114,42,67,74,127,135,106,72,99,61,120" hai3="80,65,69,85,64,119,129,39,58,73,108,55,29"/><U30/><E121/><V63/><F120/><W19/><G119/><T50/><D4/><U105/><E105/><V71/><F42/><W102/><G108/><T45/><D17/><U94/><E109/><V44/><F44/><W81/><G129/><T84/><D31/><U86/><E66/><V20/><F61/><W10/><G69/><T82/><D82/><U24/><E41/><V130/><F135/><W93/><G39/><T98/><D98/><U56/><E79/><V89/><F127/><W7/><G29/><T123/><D123/><U49/><E35/><V113/><F130/><W5/><G73/><T100/><D100/><U76/><E76/><V124/><F124/><W6/><G19/><T36/><D60/><U11/><REACH who="1" step="1"/><E57/><REACH who="1" ten="288,202,273,227" step="2"/><V9/><F67/><W126/><G126/><T118/><D70/><U96/><E96/><V23/><F99/><N who="3" m="59759" /><G65/><T111/><D111/><U59/><E59/><V68/><F106/><W16/><G64/><T92/><D118/><U132/><E132/><V87/><F71/><W21/><G58/><T12/><D43/><U3/><E3/><V18/><F68/><W103/><G55/><T37/><D46/><U75/><E75/><V14/><F72/><W47/><G47/><T95/><D45/><U52/><E52/><V78/><F74/><W77/><G77/><T54/><D54/><U51/><E51/><V62/><F78/><W116/><G116/><T133/><D48/><U97/><E97/><V22/><F63/><W131/><G131/><T128/><D128/><U2/><E2/><V134/><F62/><W122/><G122/><RYUUKYOKU ba="1,1" sc="288,-10,202,30,273,-10,227,-10" hai1="8,11,13,15,24,30,34,49,53,56,86,88,94" /><INIT seed="1,2,1,4,0,38" ten="278,232,263,217" oya="1" hai0="26,59,31,132,0,128,112,15,22,21,62,88,79" hai1="98,19,55,66,131,23,124,70,9,58,95,67,33" hai2="57,45,4,122,102,8,103,63,104,41,40,89,14" hai3="65,116,96,94,86,60,28,47,78,91,113,114,69"/><U92/><E33/><V36/><F122/><W125/><G125/><T16/><D0/><U108/><E70/><V100/><F104/><W123/><G123/><T20/><D112/><U51/><E124/><V101/><N who="2" m="25600" /><DORA hai="27" /><V97/><F36/><W73/><G116/><T54/><D128/><U30/><E131/><V120/><F45/><W119/><G119/><T126/><D132/><U111/><E9/><V6/><F4/><W13/><G73/><T87/><D126/><U68/><E68/><V71/><F71/><W105/><G105/><T83/><REACH who="0" step="1"/><D79/><REACH who="0" ten="268,232,263,217" step="2"/><U3/><E3/><V52/><F120/><W135/><G135/><T34/><AGARI ba="2,2" hai="15,16,20,21,22,26,31,34,54,59,62,83,87,88" machi="34" ten="20,12000,2" yaku="1,1,2,1,0,1,7,1,52,1,54,2,53,0" doraHai="38,27" doraHaiUra="75,107" who="0" fromWho="0" sc="268,146,232,-62,263,-32,217,-32" /><INIT seed="2,0,0,0,4,133" ten="414,170,231,185" oya="2" hai0="99,13,33,124,6,68,64,36,86,14,106,62,73" hai1="45,118,121,113,34,78,53,61,75,0,15,31,42" hai2="90,54,56,47,16,77,134,24,130,132,87,74,67" hai3="60,23,98,2,44,110,101,76,97,39,88,38,4"/><V93/><F130/><W18/><G110/><T22/><D33/><U32/><E113/><V57/><F74/><W51/><G76/><T112/><D36/><U49/><E118/><V12/><F77/><W5/><G60/><T28/><D73/><U66/><E0/><V82/><F24/><W102/><G2/><T40/><D40/><U69/><E121/><V129/><F129/><W7/><G39/><T59/><D68/><U79/><E31/><V11/><F93/><N who="3" m="56487" /><G98/><T95/><D6/><N who="3" m="1537" /><W46/><DORA hai="17" /><G38/><T83/><D106/><U104/><E104/><V91/><F90/><W84/><G84/><T58/><D58/><N who="2" m="22634" /><F67/><W3/><G3/><T122/><D64/><U131/><E131/><V85/><F87/><W115/><G115/><T50/><D95/><U92/><E92/><V123/><F123/><W43/><G46/><T29/><D86/><U120/><E120/><V105/><F105/><W96/><G96/><T108/><D99/><U114/><E114/><V72/><F72/><W20/><G20/><T30/><D22/><U1/><E1/><V103/><F103/><W70/><G70/><T37/><D112/><U71/><E71/><V25/><F25/><AGARI ba="0,0" hai="18,23,25,43,44,51,101,102" m="1537,56487" machi="25" ten="30,3900,0" yaku="8,1,52,1,54,1" doraHai="133,17" who="3" fromWho="2" sc="414,0,170,0,231,-39,185,39" /><INIT seed="3,0,0,1,2,36" ten="414,170,192,224" oya="3" hai0="118,13,122,55,54,98,74,38,48,17,117,128,66" hai1="20,113,132,26,52,102,111,87,110,4,79,58,86" hai2="18,131,125,64,121,71,88,47,107,114,23,21,15" hai3="59,72,69,97,124,129,134,115,63,32,37,22,31"/><W41/><G115/><T126/><D38/><U85/><E113/><V77/><F114/><W100/><G72/><T10/><D122/><U40/><E132/><V7/><F107/><W44/><G32/><T116/><D66/><U2/><E102/><V112/><F112/><W61/><G129/><T50/><D74/><U106/><E106/><V28/><F77/><W57/><G124/><T53/><D98/><U127/><E127/><V70/><F125/><W42/><G134/><T93/><D93/><U95/><E79/><V45/><F7/><W33/><G33/><T101/><D101/><U30/><E40/><N who="3" m="15466" /><G44/><T49/><D126/><U109/><E4/><V24/><F131/><AGARI ba="0,0" hai="10,13,17,48,49,50,53,54,55,116,117,118,128,131" machi="131" ten="50,3200,0" yaku="29,2" doraHai="36" who="0" fromWho="2" sc="414,32,170,0,192,-32,224,0" owari="446,54.6,170,-23.0,160,-34.0,224,2.4" /></mjloggm>