<mjloggm ver="2.3"><GO type="225" lobby="0"/><UN n0="%E3%81%B5%E3%81%98%E3%81%8B%E3%81%A4" n1="%E6%B8%A9%E2%98%85%E6%83%85%E2%98%85%E6%8E%AA%E2%98%85%E7%BD%AE" n2="%E3%81%8B%E3%82%8F%E3%81%A1%E3%82%83%E3%82%93%35%38" n3="%E6%A1%9C%E8%8A%B1%E9%96%83%E3%80%85" dan="16,18,16,16" rate="2190.58,2227.35,2177.24,2165.55" sx="M,M,M,M"/><TAIKYOKU oya="0"/><INIT seed="0,0,0,4,3,33" ten="250,250,250,250" oya="0" hai0="44,65,67,86,77,105,28,5,87,58,29,12,115" hai1="23,82,61,79,6,39,96,1,108,17,95,34,126" hai2="32,70,2,129,83,133,35,125,60,106,64,11,92" hai3="26,36,134,48,55,122,73,47,19,59,121,16,85"/><T113/><D105/><U102/><E108/><V21/><F106/><W3/><G73/><T84/><D77/><U38/><E126/><V127/><F129/><W80/><G134/><T45/><D58/><U4/><E34/><V100/><F133/><W27/><G3/><T51/><D12/><U110/><E110/><V14/><F21/><W76/><G36/><T54/><D5/><U24/><E61/><V98/><F83/><W31/><G47/><T109/><D109/><U75/><REACH who="1" step="1"/><E4/><REACH who="1" ten="250,240,250,250" step="2"/><V37/><F32/><N who="3" m="20599" /><G27/><T62/><D115/><U20/><E20/><V15/><F35/><W43/><G43/><T112/><D62/><U18/><E18/><V124/><F37/><W131/><G131/><T132/><D113/><U74/><E74/><V25/><F25/><W88/><G76/><T89/><D132/><U97/><E97/><V101/><F125/><W53/><G53/><T119/><D112/><U57/><E57/><V118/><F127/><W42/><G42/><T13/><D45/><U114/><E114/><V69/><F124/><W22/><G22/><T7/><D119/><U52/><E52/><V123/><F118/><W56/><G56/><T72/><D72/><U46/><E46/><V41/><F41/><W0/><G19/><T135/><D135/><U68/><E68/><V90/><F70/><W93/><G16/><T10/><D29/><U30/><E30/><V116/><F116/><W40/><G40/><T66/><REACH who="0" step="1"/><D28/><REACH who="0" ten="240,240,250,250" step="2"/><U103/><E103/><V81/><F60/><W117/><G117/><T94/><AGARI ba="0,2" hai="7,10,13,44,51,54,65,66,67,84,86,87,89,94" machi="94" ten="30,11700,0" yaku="1,1,2,1,0,1,8,1,53,0" doraHai="33" doraHaiUra="111" who="0" fromWho="0" sc="240,137,240,-39,250,-39,250,-39" /><INIT seed="0,1,0,4,5,81" ten="377,201,211,211" oya="0" hai0="129,62,20,80,1,82,114,104,24,102,30,73,41" hai1="2,65,99,107,127,71,126,53,44,92,109,7,106" hai2="16,121,17,78,64,57,52,9,38,46,112,31,76" hai3="123,117,29,111,132,22,40,69,70,4,97,8,91"/><T34/><D114/><U6/><E109/><V89/><F121/><W115/><G115/><T48/><D129/><U54/><E65/><V101/><F112/><W59/><G117/><T96/><D1/><U11/><E7/><V63/><F31/><W13/><G111/><T50/><D73/><U58/><E71/><V0/><F0/><W113/><G113/><T25/><D62/><U39/><E39/><V134/><F134/><W21/><G132/><T3/><D3/><U135/><E135/><V56/><F101/><W14/><G40/><T60/><D60/><N who="1" m="35919" /><E44/><V27/><F46/><W105/><G59/><T88/><D41/><U125/><E54/><V100/><F100/><AGARI ba="1,0" hai="2,6,11,92,99,100,106,107,125,126,127" m="35919" machi="100" ten="30,1000,0" yaku="18,1" doraHai="81" who="1" fromWho="2" sc="377,0,201,13,211,-13,211,0" /><INIT seed="1,0,0,5,5,39" ten="377,214,198,211" oya="1" hai0="43,126,116,65,75,61,20,1,74,114,120,70,132" hai1="48,22,93,19,67,54,125,103,14,63,30,38,18" hai2="56,40,7,86,13,131,17,118,78,11,89,90,135" hai3="34,16,111,59,100,85,73,5,53,3,115,91,66"/><U35/><E35/><V23/><F118/><W80/><G115/><T2/><D20/><U96/><E125/><V69/><F69/><W29/><G111/><T32/><D116/><U8/><E38/><V129/><F135/><W28/><G73/><N who="0" m="27659" /><D126/><U4/><E30/><V27/><F56/><W79/><G100/><T45/><D114/><U46/><REACH who="1" step="1"/><E22/><REACH who="1" ten="377,204,198,211" step="2"/><V133/><F133/><W76/><G34/><T106/><D132/><U42/><E42/><V99/><F40/><W113/><G29/><T52/><D120/><U134/><E134/><V6/><F6/><W94/><G28/><T62/><D32/><U51/><E51/><V77/><F129/><W84/><G113/><T12/><D43/><U36/><E36/><V107/><F131/><W123/><G123/><T122/><D122/><U87/><E87/><V124/><F124/><W128/><G128/><T119/><D119/><U15/><E15/><V102/><REACH who="2" step="1"/><F90/><REACH who="2" ten="377,204,188,211" step="2"/><W108/><G5/><T55/><D1/><U50/><E50/><V98/><F98/><W9/><G3/><T57/><D2/><U58/><AGARI ba="0,2" hai="4,8,14,18,19,46,48,54,58,63,67,93,96,103" machi="58" ten="20,7800,0" yaku="1,1,0,1,7,1,8,1,53,0" doraHai="39" doraHaiUra="72" who="1" fromWho="1" sc="377,-26,204,98,188,-26,211,-26" /><INIT seed="1,1,0,5,3,90" ten="351,302,162,185" oya="1" hai0="15,109,12,125,111,49,68,29,94,32,82,120,96" hai1="91,10,1,4,106,24,21,58,52,114,71,99,8" hai2="113,28,132,23,38,46,102,19,128,131,74,130,93" hai3="41,133,118,92,115,33,14,40,42,51,11,124,122"/><U16/><E114/><V63/><F74/><W36/><G115/><T104/><D68/><U50/><E71/><V95/><F113/><W20/><G122/><T100/><D120/><U83/><E10/><V54/><F102/><W97/><G33/><T86/><D125/><U108/><E108/><N who="0" m="41545" /><D49/><U6/><E6/><V3/><F3/><W35/><G35/><T79/><D104/><U70/><E70/><V77/><F77/><W105/><G105/><T81/><D29/><U103/><E91/><V39/><F28/><W88/><G36/><N who="2" m="13865" /><F132/><W76/><G133/><T18/><D32/><U110/><REACH who="1" step="1"/><E110/><REACH who="1" ten="351,292,162,185" step="2"/><V134/><F134/><W34/><G124/><T98/><D79/><U7/><E7/><V13/><F46/><W107/><G76/><T126/><D126/><U47/><E47/><V62/><F62/><W57/><G11/><T48/><D100/><U119/><E119/><V65/><F54/><W53/><G118/><T0/><D0/><U101/><E101/><V22/><F22/><W127/><G127/><T72/><D72/><U30/><E30/><V89/><F89/><W85/><G34/><T78/><D78/><U66/><E66/><V117/><F117/><W37/><G20/><T60/><D18/><U44/><E44/><V64/><F64/><W80/><G88/><T45/><D45/><U129/><E129/><N who="2" m="33027" /><V43/><DORA hai="116" /><F43/><W84/><G42/><T75/><D75/><U25/><E25/><V17/><F17/><W26/><G41/><T112/><D112/><U135/><E135/><V121/><F121/><W59/><G40/><T69/><D69/><AGARI ba="1,1" hai="13,19,23,63,65,69,93,95" m="33027,13865" machi="69" ten="40,8000,1" yaku="6,1,19,1,52,2" doraHai="90,116" who="2" fromWho="0" sc="351,-83,292,0,162,93,185,0" /><INIT seed="2,0,0,5,0,119" ten="268,292,255,185" oya="2" hai0="0,6,116,124,11,96,65,135,13,57,61,19,78" hai1="111,31,12,82,73,97,80,22,56,134,16,70,127" hai2="41,18,95,10,74,103,3,122,47,85,15,109,89" hai3="14,107,123,88,92,102,51,35,45,44,39,46,104"/><V53/><F74/><W48/><G39/><T4/><D116/><U112/><E70/><V86/><F109/><W120/><G35/><T83/><D124/><U71/><E71/><V55/><F3/><W28/><G28/><T66/><D135/><U130/><E112/><V33/><F33/><W64/><G64/><T98/><D65/><U110/><E134/><V90/><F103/><W52/><G14/><T84/><REACH who="0" step="1"/><D4/><REACH who="0" ten="258,292,255,185" step="2"/><U126/><E127/><V100/><F122/><W114/><G114/><T72/><D72/><U17/><E73/><V23/><F10/><AGARI ba="0,1" hai="0,6,10,11,13,19,57,61,66,78,83,84,96,98" machi="10" ten="30,3900,0" yaku="1,1,7,1,53,1" doraHai="119" doraHaiUra="8" who="0" fromWho="2" sc="258,49,292,0,255,-39,185,0" /><INIT seed="3,0,0,1,5,112" ten="307,292,216,185" oya="3" hai0="33,86,96,87,121,53,48,89,41,129,111,80,110" hai1="125,54,68,75,114,127,29,92,79,69,64,12,30" hai2="18,93,3,59,45,26,97,4,38,95,109,17,118" hai3="82,131,81,117,101,44,1,23,130,116,19,66,2"/><W103/><G44/><T11/><D121/><U108/><E114/><V6/><F3/><N who="3" m="1035" /><G66/><T126/><D33/><U39/><E108/><N who="0" m="41513" /><D129/><N who="3" m="49161" /><G82/><N who="0" m="49367" /><D126/><N who="1" m="48139" /><E39/><V72/><F45/><W50/><G50/><T37/><D11/><U63/><E69/><V14/><F38/><W133/><G81/><T67/><D67/><U88/><E12/><V46/><F46/><W34/><G34/><T71/><D96/><N who="1" m="57351" /><E54/><V85/><F59/><W57/><G57/><N who="0" m="32935" /><D37/><U31/><E79/><V43/><F43/><W60/><G60/><T24/><D24/><U102/><E102/><N who="3" m="38922" /><G133/><T94/><D41/><U104/><E75/><V7/><F72/><W42/><G42/><T77/><D94/><U9/><E9/><V119/><F109/><W122/><G122/><T15/><D15/><AGARI ba="0,0" hai="15,19,23,116,117" m="38922,49161,1035" machi="15" ten="30,5800,0" yaku="19,1,52,2" doraHai="112" who="3" fromWho="0" sc="307,-58,292,0,216,0,185,58" /><INIT seed="3,1,0,5,5,8" ten="249,292,216,243" oya="3" hai0="121,80,57,74,115,105,118,35,81,114,98,43,88" hai1="99,59,67,73,84,41,120,1,76,111,39,113,30" hai2="40,112,134,96,27,97,47,110,85,79,68,21,3" hai3="65,93,71,101,26,11,55,135,91,2,32,72,104"/><W126/><G126/><T16/><D35/><U78/><E73/><V116/><F68/><W61/><G135/><T13/><D43/><U106/><E120/><V48/><F116/><W83/><G55/><T127/><D127/><U9/><E113/><N who="0" m="43017" /><D118/><U132/><E30/><V19/><F3/><W42/><G42/><T89/><D121/><U60/><E84/><V4/><F112/><W100/><G104/><T95/><D105/><U0/><E132/><V34/><F34/><W117/><G117/><T131/><D57/><U24/><E24/><V31/><F4/><W92/><G92/><N who="0" m="56583" /><D74/><U46/><E111/><V51/><F110/><W7/><G72/><T64/><D64/><U37/><E37/><V82/><F134/><W130/><G83/><T33/><D33/><U18/><E0/><V23/><REACH who="2" step="1"/><F51/><REACH who="2" ten="249,292,206,243" step="2"/><W109/><G109/><T86/><D131/><U45/><E1/><V53/><F53/><W75/><G130/><T123/><D123/><U77/><E39/><V94/><F94/><W87/><REACH who="3" step="1"/><G75/><REACH who="3" ten="249,292,206,233" step="2"/><T29/><D29/><AGARI ba="1,2" hai="2,7,11,26,29,32,61,65,71,87,91,93,100,101" machi="29" ten="40,3900,0" yaku="1,1,2,1,53,0" doraHai="8" doraHaiUra="54" who="3" fromWho="0" sc="249,-42,292,0,206,0,233,62" /><INIT seed="3,2,0,4,4,97" ten="207,292,206,295" oya="3" hai0="39,64,82,77,83,40,0,44,80,130,72,76,4" hai1="98,23,126,90,94,21,112,119,116,57,65,16,107" hai2="58,38,81,17,27,128,113,74,48,56,133,91,45" hai3="14,117,50,6,2,46,63,87,71,127,123,86,135"/><W89/><G117/><N who="1" m="45130" /><E112/><V104/><F38/><W29/><G123/><T1/><D130/><U51/><E126/><V69/><F69/><W59/><G71/><T93/><D64/><U3/><E3/><V88/><F113/><W36/><G36/><T99/><D4/><U66/><E107/><V62/><F104/><W11/><G135/><T34/><D34/><U109/><E109/><V70/><F70/><W55/><G127/><T105/><D83/><U12/><E23/><N who="2" m="13807" /><F74/><W60/><G29/><T115/><D115/><U32/><E32/><V92/><F128/><W84/><G2/><T10/><D105/><U25/><E25/><V73/><F73/><W24/><G24/><T54/><D72/><U95/><E95/><V129/><F129/><W22/><G22/><T9/><D9/><U19/><E19/><V103/><F133/><W5/><G5/><T67/><D10/><U33/><E33/><V132/><F132/><W120/><G120/><T111/><D1/><U114/><E114/><V13/><F13/><W49/><G89/><N who="2" m="34377" /><F81/><W20/><G20/><T37/><D0/><U52/><AGARI ba="2,0" hai="12,16,21,51,52,57,65,66,90,94,98" m="45130" machi="52" ten="30,4000,0" yaku="12,1,54,2" doraHai="97" who="1" fromWho="1" sc="207,-12,292,46,206,-12,295,-22" owari="195,-20.5,338,43.8,194,-30.6,273,7.3" /></mjloggm>