<mjloggm ver="2.3"><GO type="225" lobby="0"/><UN n0="%72%69%6F%75%63%68%61%6E" n1="%6D%75%75%6D%75%72%61" n2="%E3%82%B7%E3%83%B3%E5%A4%AA%E6%9C%97" n3="%72%61%6B%33" dan="17,16,16,16" rate="2190.43,2123.54,2159.32,2146.70" sx="M,F,M,M"/><TAIKYOKU oya="0"/><INIT seed="0,0,0,2,1,95" ten="250,250,250,250" oya="0" hai0="132,70,119,81,44,22,39,130,10,34,31,109,100" hai1="88,14,105,92,25,59,131,21,27,7,9,47,86" hai2="87,126,133,112,114,68,124,58,77,96,64,83,33" hai3="91,23,60,26,18,127,120,117,94,121,8,45,13"/><T3/><D119/><U122/><E131/><V103/><F68/><W80/><G117/><T32/><D130/><U41/><E122/><V113/><F33/><W78/><G127/><N who="2" m="48681" /><F58/><W115/><G115/><T38/><D70/><U72/><E72/><V84/><F64/><W128/><G128/><T16/><D132/><U53/><E105/><N who="2" m="63719" /><F133/><W50/><G60/><T17/><D109/><U1/><E1/><V0/><F0/><W62/><G62/><T4/><D100/><U108/><E108/><V54/><F54/><W111/><G111/><T110/><D110/><U35/><E35/><N who="0" m="13353" /><D44/><U29/><E27/><V93/><F93/><W129/><G129/><T30/><D39/><U56/><REACH who="1" step="1"/><E53/><REACH who="1" ten="250,240,250,250" step="2"/><V67/><F67/><W6/><G121/><T97/><D3/><U42/><E42/><V79/><F79/><W24/><G120/><T75/><D30/><U89/><E89/><V90/><F90/><W15/><G91/><T73/><D31/><U52/><E52/><V28/><F28/><W12/><G94/><T11/><D75/><AGARI ba="0,1" hai="75,77,83,84,87,112,113,114" m="63719,48681" machi="75" ten="40,8000,1" yaku="18,1,34,2,52,1" doraHai="95" who="2" fromWho="0" sc="250,-80,240,0,250,90,250,0" /><INIT seed="1,0,0,2,3,13" ten="170,240,340,250" oya="1" hai0="111,0,62,92,51,68,94,34,15,21,103,102,36" hai1="60,16,135,71,96,107,70,11,119,40,61,114,18" hai2="105,79,90,133,73,37,47,43,122,88,52,10,23" hai3="76,25,49,8,83,110,101,97,91,26,95,98,127"/><U130/><E114/><V72/><F133/><W125/><G110/><T17/><D111/><U115/><E115/><V31/><F105/><W19/><G49/><T7/><D36/><U112/><E112/><V69/><F69/><W32/><G32/><T14/><D0/><U57/><E119/><V64/><F64/><W27/><G8/><N who="0" m="4383" /><D34/><U116/><E116/><V6/><F122/><W50/><G50/><T106/><D106/><U24/><E135/><V5/><F5/><W78/><G19/><N who="0" m="10495" /><D68/><U33/><E130/><V3/><F73/><W109/><G109/><T104/><D104/><U121/><E121/><V124/><F124/><N who="3" m="47691" /><G83/><T48/><D62/><U117/><E117/><V120/><F120/><W9/><G9/><T93/><D48/><U1/><E1/><V2/><F2/><W77/><G97/><T128/><D128/><U56/><E11/><V38/><F38/><W44/><G44/><T75/><D75/><U118/><E118/><V59/><F31/><W123/><G123/><T4/><D4/><U129/><E129/><V54/><F23/><W89/><AGARI ba="0,0" hai="25,26,27,76,77,78,89,91,95,98,101" m="47691" machi="89" ten="40,1500,0" yaku="18,1" doraHai="13" who="3" fromWho="3" sc="170,-4,240,-7,340,-4,250,15" /><INIT seed="2,0,0,4,1,20" ten="166,233,336,265" oya="2" hai0="33,59,72,54,65,38,86,120,6,99,11,135,12" hai1="10,130,63,112,101,34,36,89,122,21,106,70,103" hai2="30,78,17,55,116,95,4,13,121,100,75,25,31" hai3="108,23,91,8,46,39,77,129,83,16,74,50,64"/><V90/><F121/><W73/><G39/><T15/><D135/><U82/><E34/><V88/><F116/><W81/><G108/><T66/><D120/><U114/><E122/><V28/><F75/><W94/><G129/><T119/><D72/><U93/><E36/><V24/><F78/><W132/><G132/><T40/><D119/><U49/><E106/><V41/><F41/><W51/><G64/><T47/><D33/><U48/><E130/><V128/><F128/><W104/><G104/><T9/><D99/><U127/><E127/><V26/><F4/><W52/><G8/><T44/><D44/><U57/><E70/><V62/><F100/><W56/><G74/><T117/><D86/><U80/><E10/><N who="2" m="6327" /><F95/><W0/><G0/><T84/><D84/><U97/><E103/><V5/><F5/><W125/><G125/><T61/><REACH who="0" step="1"/><D117/><REACH who="0" ten="156,233,336,265" step="2"/><U67/><E114/><V115/><F115/><W109/><G109/><T58/><D58/><AGARI ba="0,1" hai="24,25,26,28,30,31,55,58,62,88,90" m="6327" machi="58" ten="30,12000,1" yaku="8,1,52,3,54,1" doraHai="20" who="2" fromWho="0" sc="156,-120,233,0,336,130,265,0" /><INIT seed="2,1,0,2,0,95" ten="36,233,466,265" oya="2" hai0="9,135,14,35,48,19,47,105,51,75,110,46,17" hai1="15,78,98,71,23,88,104,125,122,113,86,134,112" hai2="107,21,12,39,52,49,118,72,131,32,129,115,2" hai3="99,4,74,82,8,27,36,73,62,34,10,61,130"/><V64/><F118/><W50/><G36/><T94/><D110/><U30/><E71/><V101/><F2/><W25/><G50/><T79/><D135/><U119/><E119/><V66/><F32/><W89/><G82/><T77/><D105/><U11/><E134/><V93/><F39/><W7/><G89/><T33/><D94/><U126/><E122/><V96/><F115/><W103/><G34/><T42/><D75/><U116/><E116/><V100/><F72/><W67/><G67/><T120/><D120/><U0/><E0/><V124/><F124/><N who="1" m="47721" /><E30/><V92/><F21/><W45/><G45/><T70/><D70/><U69/><E23/><V76/><F12/><W24/><G130/><N who="2" m="49673" /><F76/><W80/><G80/><T123/><D123/><U26/><E26/><V106/><F92/><N who="3" m="58855" /><G73/><T41/><REACH who="0" step="1"/><D14/><REACH who="0" ten="26,233,466,265" step="2"/><U55/><E69/><V1/><F1/><W31/><G74/><T111/><D111/><U63/><E104/><N who="2" m="39979" /><F101/><W40/><G31/><T84/><D84/><U90/><E86/><V121/><F121/><W127/><G127/><T81/><D81/><U56/><E15/><V18/><F18/><W59/><G4/><T3/><D3/><U85/><E112/><V16/><F16/><W117/><G7/><T43/><D43/><U6/><E113/><V87/><F87/><W44/><G40/><T102/><D102/><U65/><E6/><V114/><F114/><W60/><G117/><T54/><D54/><U53/><E53/><V29/><F29/><W13/><G13/><T22/><D22/><U20/><E85/><V5/><F5/><W37/><G8/><AGARI ba="1,1" hai="8,9,17,19,33,35,41,42,46,47,48,51,77,79" machi="8" ten="25,6400,0" yaku="1,1,6,1,22,2,53,0" doraHai="95" doraHaiUra="68" who="0" fromWho="3" sc="26,77,233,0,466,0,265,-67" /><INIT seed="3,0,0,4,1,95" ten="103,233,466,198" oya="3" hai0="114,112,105,64,117,71,86,63,76,40,66,110,13" hai1="92,88,5,29,118,126,11,91,128,100,0,123,70" hai2="56,30,58,28,36,38,9,17,39,99,97,10,37" hai3="125,108,8,32,33,87,62,83,41,132,120,78,124"/><W107/><G120/><T84/><D117/><U43/><E123/><V21/><F39/><W59/><G107/><T75/><D110/><U96/><E118/><V98/><F21/><W20/><G108/><T68/><D40/><U119/><E119/><V122/><F122/><W131/><G131/><T81/><D105/><U82/><E70/><V1/><F17/><W16/><G8/><N who="2" m="3177" /><F1/><W34/><G41/><T45/><D13/><U85/><E128/><V19/><F19/><W79/><G79/><T74/><D45/><U4/><E126/><V53/><F53/><W134/><G59/><AGARI ba="0,0" hai="28,30,36,37,38,56,58,59,97,98,99" m="3177" machi="59" ten="40,8000,1" yaku="28,2,52,3" doraHai="95" who="2" fromWho="3" sc="103,0,233,0,466,80,198,-80" owari="103,-39.7,233,3.3,546,64.6,118,-28.2" /></mjloggm>