<mjloggm ver="2.3"><GO type="225" lobby="0"/><UN n0="%E3%83%B4%E3%82%A3%E3%83%AF%E3%82%B3%E3%82%B0%E3%83%8B" n1="%6D%75%75%6D%75%72%61" n2="%43%68%65" n3="%E6%B0%B7%E5%B7%9D%E9%87%8C%E5%A5%88" dan="16,17,16,16" rate="2154.08,2149.82,2170.72,2116.72" sx="M,F,M,F"/><TAIKYOKU oya="0"/><INIT seed="0,0,0,0,3,29" ten="250,250,250,250" oya="0" hai0="6,45,82,18,24,43,127,12,38,47,97,94,10" hai1="126,68,113,30,41,121,129,2,11,123,21,33,103" hai2="15,17,98,124,25,111,40,116,109,78,26,49,130" hai3="27,46,79,105,37,117,73,81,9,69,132,108,110"/><T76/><D127/><U86/><E126/><V87/><F124/><W104/><G117/><T4/><D45/><U50/><E68/><V85/><F116/><W101/><G132/><T84/><REACH who="0" step="1"/><D24/><REACH who="0" ten="240,250,250,250" step="2"/><U62/><E123/><V1/><F26/><W80/><G46/><T63/><D63/><U88/><E121/><V75/><F25/><W83/><G27/><T125/><D125/><U70/><E62/><V53/><F111/><W115/><G115/><T51/><D51/><U89/><E113/><V19/><F49/><W119/><G37/><T55/><D55/><U133/><E50/><V28/><F53/><W134/><G119/><T0/><D0/><U16/><E2/><V5/><F1/><W122/><G122/><T74/><D74/><U20/><E133/><V39/><F75/><W120/><G134/><T93/><D93/><U96/><E30/><V112/><F28/><W22/><G120/><T92/><D92/><U65/><E65/><V56/><F39/><W99/><G110/><T66/><D66/><U8/><E41/><V64/><F40/><W35/><G108/><T71/><D71/><U107/><E70/><V3/><F109/><W31/><G69/><T23/><D23/><U102/><E21/><V135/><F3/><W128/><G22/><T118/><D118/><U106/><E20/><V44/><F135/><W77/><G73/><T91/><AGARI ba="0,1" hai="4,6,10,12,18,38,43,47,76,82,84,91,94,97" machi="91" ten="20,7800,0" yaku="1,1,0,1,7,1,53,1" doraHai="29" doraHaiUra="7" who="0" fromWho="0" sc="240,88,250,-26,250,-26,250,-26" /><INIT seed="0,1,0,1,3,86" ten="328,224,224,224" oya="0" hai0="108,126,0,85,103,100,71,113,89,88,104,132,63" hai1="26,109,11,107,20,50,135,40,23,31,87,116,120" hai2="117,84,18,38,97,128,9,93,66,78,122,48,130" hai3="27,33,10,42,96,3,118,131,25,95,36,7,2"/><T102/><D0/><U98/><E116/><V119/><F38/><W37/><G118/><N who="2" m="45065" /><F66/><W83/><G131/><N who="2" m="50217" /><F48/><W59/><G3/><T57/><D71/><U70/><E135/><V19/><F9/><W111/><G111/><T53/><D126/><U41/><E120/><V129/><F129/><W5/><G5/><T80/><D132/><U65/><E109/><V76/><F122/><W123/><G123/><T124/><D124/><U77/><E11/><V81/><F78/><W21/><G42/><T114/><D108/><U47/><E40/><V32/><F32/><W52/><G83/><T60/><D104/><U74/><E74/><V92/><F92/><W110/><G110/><T99/><REACH who="0" step="1"/><D60/><REACH who="0" ten="318,224,224,224" step="2"/><U75/><E70/><V13/><F13/><W115/><G115/><T55/><D55/><U90/><E107/><V6/><F6/><W54/><G54/><T94/><AGARI ba="1,1" hai="53,57,63,80,85,88,89,94,99,100,102,103,113,114" machi="94" ten="30,12000,1" yaku="1,1,0,1,52,2,54,1,53,0" doraHai="86" doraHaiUra="133" who="0" fromWho="0" sc="318,133,224,-41,224,-41,224,-41" /><INIT seed="0,2,0,3,3,17" ten="451,183,183,183" oya="0" hai0="35,94,3,90,93,74,111,133,125,27,32,62,54" hai1="57,81,103,39,33,82,2,31,63,112,76,110,124" hai2="41,5,115,53,77,107,84,4,95,118,113,7,36" hai3="64,70,12,55,75,0,15,14,121,98,61,46,99"/><T92/><D133/><U42/><E110/><V1/><F107/><W47/><G121/><T13/><D3/><U72/><E124/><V109/><F1/><W108/><G0/><T126/><D74/><U128/><E2/><V69/><F109/><W44/><G108/><T24/><D111/><U130/><E112/><V58/><F69/><W9/><G75/><T114/><D90/><U105/><E81/><V132/><F132/><W120/><G120/><T66/><D54/><U129/><E39/><V122/><F122/><W73/><G73/><T37/><D13/><U59/><E42/><V56/><F118/><W88/><G9/><T131/><D37/><U97/><REACH who="1" step="1"/><E63/><REACH who="1" ten="451,173,183,183" step="2"/><V116/><F41/><W78/><G78/><T79/><D79/><U117/><E117/><V11/><F36/><W65/><G65/><T80/><D114/><U67/><E67/><V6/><F116/><W29/><G55/><T89/><D125/><U20/><E20/><V119/><F119/><W18/><G61/><T85/><D126/><U106/><E106/><V83/><F53/><W8/><G64/><T16/><D62/><U10/><E10/><V38/><F38/><W134/><G8/><T87/><D66/><U25/><AGARI ba="2,1" hai="25,31,33,57,59,72,76,82,97,103,105,128,129,130" machi="25" ten="40,5200,0" yaku="1,1,0,1,19,1,53,0" doraHai="17" doraHaiUra="68" who="1" fromWho="1" sc="451,-28,173,68,183,-15,183,-15" /><INIT seed="1,0,0,4,2,135" ten="423,241,168,168" oya="1" hai0="103,129,0,77,10,112,82,107,25,100,99,60,132" hai1="91,3,113,70,111,21,12,13,94,48,127,119,102" hai2="32,74,15,16,87,45,122,106,38,26,52,41,98" hai3="88,101,44,36,86,47,109,56,83,130,43,110,34"/><U49/><E113/><V17/><F74/><W27/><G130/><T104/><D112/><U63/><E3/><V84/><F122/><W114/><G114/><T73/><D132/><U116/><E111/><V57/><F17/><W72/><G72/><T11/><D129/><U134/><E134/><V67/><F67/><W92/><G47/><T40/><D40/><U65/><E102/><V29/><F98/><W131/><G131/><T37/><D37/><U76/><E76/><V78/><F106/><W1/><G1/><T8/><D103/><U62/><E62/><V120/><F78/><W128/><G128/><T5/><D107/><U85/><E127/><V66/><F66/><W28/><G56/><T79/><D79/><U69/><E69/><V118/><F118/><W71/><G71/><T123/><D123/><U96/><E96/><V24/><F24/><W9/><G9/><T125/><D125/><U39/><E39/><V35/><F35/><W2/><G2/><T61/><D25/><U58/><E21/><V14/><F14/><W6/><G6/><T64/><D60/><U42/><E48/><V50/><REACH who="2" step="1"/><F120/><REACH who="2" ten="423,241,158,168" step="2"/><W33/><G33/><T51/><D51/><U30/><E116/><V22/><AGARI ba="0,1" hai="15,16,22,26,29,32,38,41,45,50,52,57,84,87" machi="22" ten="20,12000,2" yaku="1,1,2,1,0,1,7,1,54,2,53,0" doraHai="135" doraHaiUra="97" who="2" fromWho="2" sc="423,-30,241,-60,158,130,168,-30" /><INIT seed="2,0,0,4,1,27" ten="393,181,288,138" oya="2" hai0="114,12,103,2,69,72,63,127,109,3,126,64,81" hai1="117,102,22,51,33,73,35,36,65,53,95,44,87" hai2="101,115,16,17,76,61,94,88,6,129,66,13,84" hai3="77,121,29,82,116,67,26,68,49,56,11,48,42"/><V74/><F115/><W125/><G116/><T18/><D109/><U135/><E73/><V59/><F129/><W112/><G121/><T50/><D114/><U19/><E117/><V0/><F0/><W97/><G112/><T1/><D103/><U60/><E135/><V119/><F119/><W79/><G125/><N who="0" m="47627" /><D50/><U71/><E36/><V9/><REACH who="2" step="1"/><F101/><REACH who="2" ten="393,181,278,138" step="2"/><W132/><G132/><T43/><D43/><U99/><REACH who="1" step="1"/><E87/><REACH who="1" ten="393,171,278,138" step="2"/><V20/><F20/><W83/><G42/><T108/><D108/><U7/><E7/><V86/><F86/><W89/><G97/><T120/><D120/><U40/><E40/><V124/><F124/><W92/><G79/><N who="0" m="44263" /><D1/><U113/><E113/><V5/><F5/><W24/><G77/><T28/><D28/><U106/><E106/><V70/><F70/><W131/><G68/><T78/><D78/><U100/><E100/><V4/><F4/><W58/><G29/><T21/><AGARI ba="0,2" hai="2,3,12,18,21,63,64,69" m="44263,47627" machi="21" ten="30,1100,0" yaku="18,1" doraHai="27" who="0" fromWho="0" sc="393,31,171,-3,278,-5,138,-3" /><INIT seed="3,0,0,1,0,81" ten="424,168,273,135" oya="3" hai0="33,25,85,15,119,82,100,17,113,2,8,64,52" hai1="114,83,19,132,42,32,62,124,50,88,40,13,35" hai2="75,94,96,134,27,97,9,3,74,133,115,117,7" hai3="78,86,60,49,45,129,131,54,41,61,68,66,58"/><W34/><REACH who="3" step="1"/><G34/><REACH who="3" ten="424,168,273,125" step="2"/><T71/><D33/><U84/><E114/><V28/><F115/><W106/><G106/><T98/><D113/><U105/><E132/><N who="2" m="50795" /><F117/><W30/><G30/><T36/><D119/><U120/><E120/><V11/><F11/><W127/><G127/><T91/><D8/><U12/><E124/><V101/><F97/><W23/><G23/><AGARI ba="0,1" hai="3,7,9,23,27,28,74,75,94,96,101" m="50795" machi="23" ten="30,1000,0" yaku="20,1" doraHai="81" who="2" fromWho="3" sc="424,0,168,0,273,20,125,-10" owari="424,52.4,168,-23.2,293,9.3,115,-38.5" /></mjloggm>