<mjloggm ver="2.3"><GO type="225" lobby="0"/><UN n0="%E3%82%B3%E3%83%90%E3%83%AC%E3%82%A4" n1="%E3%81%9F%E3%81%8B%E3%81%AE%E3%81%99%E3%81%91" n2="%E3%81%8B%E3%82%8F%E3%81%A1%E3%82%83%E3%82%93%35%38" n3="%E3%82%BC%E3%83%AB%E3%83%80%E3%81%AE%E4%BC%9D%E8%AA%AC" dan="16,17,16,17" rate="2186.80,2076.27,2177.79,2158.25" sx="M,M,M,M"/><TAIKYOKU oya="0"/><INIT seed="0,0,0,4,4,27" ten="250,250,250,250" oya="0" hai0="121,42,17,5,79,18,54,100,128,30,14,69,10" hai1="40,26,22,24,53,84,107,16,50,89,114,19,110" hai2="64,31,15,92,51,39,125,28,25,105,4,83,109" hai3="58,99,118,133,8,111,90,60,70,130,102,1,127"/><T113/><D69/><U76/><E107/><V2/><F105/><W62/><G118/><T67/><D121/><U46/><E114/><V82/><F39/><W85/><G70/><T36/><D67/><U132/><E110/><V23/><F2/><W55/><G111/><T6/><D113/><U96/><E132/><V7/><F109/><W81/><G133/><T68/><D68/><U101/><E76/><V43/><F125/><W11/><G127/><T86/><D100/><U131/><E131/><V33/><F64/><W129/><G62/><T108/><D108/><U35/><E40/><V32/><F92/><N who="3" m="58727" /><G1/><T115/><D128/><AGARI ba="0,0" hai="8,11,55,58,60,81,85,90,128,129,130" m="58727" machi="128" ten="30,1000,0" yaku="19,1" doraHai="27" who="3" fromWho="0" sc="250,-10,250,0,250,0,250,10" /><INIT seed="1,0,0,2,0,130" ten="240,250,250,260" oya="1" hai0="81,131,12,36,95,28,107,45,48,11,73,38,47" hai1="127,23,42,120,29,43,135,4,63,34,62,84,7" hai2="114,128,5,125,88,98,54,110,56,30,68,121,99" hai3="87,103,1,17,91,122,93,3,89,50,21,126,44"/><U86/><E120/><V67/><F121/><W8/><G122/><T112/><D107/><U132/><E23/><V37/><F37/><W15/><G126/><T83/><D131/><U124/><REACH who="1" step="1"/><E29/><REACH who="1" ten="240,240,250,260" step="2"/><V109/><F128/><W51/><G21/><T16/><D28/><U101/><E101/><V96/><F125/><W115/><G103/><T61/><D112/><U90/><E90/><V31/><F114/><W24/><G115/><T104/><D104/><U100/><E100/><V113/><F113/><W70/><G91/><T133/><D36/><U46/><E46/><V0/><F88/><W117/><G44/><T27/><D38/><U52/><E52/><V69/><F30/><W80/><G89/><T76/><D47/><U94/><E94/><V134/><F31/><W26/><G93/><T13/><D95/><U85/><E85/><V118/><F98/><W116/><G87/><T6/><D83/><U49/><E49/><V102/><F102/><W97/><G97/><T75/><D75/><U58/><E58/><V25/><F56/><W41/><G80/><T40/><D61/><U77/><E77/><V79/><F79/><W123/><G123/><T108/><D27/><U14/><E14/><V33/><F99/><W55/><G55/><T9/><D108/><N who="2" m="41578" /><F96/><W72/><G72/><T71/><D71/><N who="2" m="27210" /><F54/><W65/><G26/><T92/><D92/><U66/><E66/><V53/><F67/><W119/><G24/><T2/><D13/><U82/><E82/><V59/><F25/><W20/><G20/><T105/><D105/><U64/><E64/><V18/><F53/><RYUUKYOKU ba="0,1" sc="240,15,240,15,250,-15,260,-15" hai0="2,6,9,11,12,16,40,45,48,73,76,81,133" hai1="4,7,34,42,43,62,63,84,86,124,127,132,135" /><INIT seed="1,1,1,4,2,115" ten="255,255,235,245" oya="1" hai0="24,31,52,54,21,14,16,23,59,37,46,40,53" hai1="113,75,114,79,124,100,88,19,125,97,58,56,91" hai2="69,17,102,99,26,86,117,80,127,93,38,82,131" hai3="39,123,101,120,50,62,57,76,64,135,134,132,29"/><U28/><E28/><V116/><F69/><W49/><G101/><T118/><REACH who="0" step="1"/><D118/><REACH who="0" ten="245,255,235,245" step="2"/><U45/><E45/><V83/><F127/><N who="1" m="48713" /><E56/><AGARI ba="1,2" hai="14,16,21,23,24,31,37,40,46,52,53,54,56,59" machi="56" ten="40,8000,1" yaku="21,2,54,2,53,1" doraHai="115" doraHaiUra="27" who="0" fromWho="1" sc="245,103,255,-83,235,0,245,0" /><INIT seed="2,0,0,0,4,72" ten="348,172,235,245" oya="2" hai0="101,74,97,62,94,80,33,66,110,123,126,13,104" hai1="67,41,132,2,57,56,129,48,112,29,6,91,92" hai2="119,135,4,127,86,44,39,95,45,1,27,34,65" hai3="120,16,46,5,55,49,70,100,122,108,77,103,79"/><V52/><F119/><W98/><G70/><T85/><D123/><U71/><E112/><V75/><F75/><W114/><G114/><T22/><D33/><U23/><E71/><V89/><F127/><W21/><G108/><T18/><D126/><U11/><E129/><V26/><F135/><W84/><G5/><T10/><D110/><U81/><E132/><V25/><F34/><W134/><G134/><T83/><D74/><U38/><E38/><V78/><F65/><W28/><G28/><T116/><D116/><U93/><E81/><N who="2" m="47415" /><F1/><W133/><G133/><T24/><D104/><U0/><E0/><V35/><F39/><W64/><G64/><T40/><D40/><U82/><E82/><V128/><F128/><W68/><G68/><T37/><D37/><U63/><E92/><V125/><F35/><W88/><G122/><T111/><D111/><U42/><E29/><V109/><F109/><W53/><G53/><T130/><D85/><U8/><E8/><V58/><F125/><W43/><G43/><T115/><D115/><U54/><REACH who="1" step="1"/><E23/><REACH who="1" ten="348,162,235,245" step="2"/><V118/><F118/><W73/><G120/><T102/><D130/><U15/><E15/><V76/><F4/><W31/><G31/><N who="0" m="17815" /><D83/><U131/><E131/><V69/><F69/><W12/><G12/><T51/><D80/><U96/><AGARI ba="0,1" hai="2,6,11,41,42,48,54,56,57,63,67,91,93,96" machi="96" ten="20,5200,0" yaku="1,1,0,1,7,1,53,1" doraHai="72" doraHaiUra="7" who="1" fromWho="1" sc="348,-13,162,62,235,-26,245,-13" /><INIT seed="3,0,0,1,0,134" ten="335,224,209,232" oya="3" hai0="3,125,24,28,53,79,74,51,11,17,98,61,83" hai1="90,85,12,68,104,8,120,25,23,59,63,91,70" hai2="40,48,124,9,44,75,128,1,32,96,77,73,126" hai3="110,7,43,18,37,80,55,22,106,116,89,66,58"/><W0/><G116/><T81/><D83/><U26/><E104/><V34/><F96/><W111/><G106/><T97/><D61/><U16/><E120/><V71/><F71/><W36/><G66/><T86/><D74/><N who="2" m="28170" /><F77/><W115/><G115/><T108/><D125/><N who="2" m="48234" /><F128/><W121/><G121/><T56/><D108/><N who="3" m="41513" /><G43/><T114/><D114/><U33/><E33/><N who="2" m="12907" /><F9/><N who="3" m="2279" /><G80/><T31/><D11/><U133/><E133/><V103/><F103/><W109/><N who="3" m="41521" /><W95/><DORA hai="135" /><G95/><T47/><D79/><U102/><E102/><V94/><F1/><W45/><G45/><T92/><D3/><U41/><E8/><V82/><F94/><W122/><G122/><T67/><D92/><U65/><E68/><V21/><F21/><W101/><G101/><T46/><D98/><U29/><E70/><V62/><F62/><N who="3" m="36191" /><G89/><T27/><D97/><U5/><E91/><V4/><F82/><W15/><AGARI ba="0,0" hai="15,18,22,36,37" m="36191,2279,41521" machi="15" ten="40,3900,0" yaku="14,1,10,1" doraHai="134,135" who="3" fromWho="3" sc="335,-13,224,-13,209,-13,232,39" /><INIT seed="3,1,0,2,4,24" ten="322,211,196,271" oya="3" hai0="83,76,51,117,56,55,8,113,63,65,121,112,39" hai1="114,94,129,46,80,35,32,60,85,7,11,61,68" hai2="78,26,50,48,0,3,89,116,110,90,127,106,92" hai3="9,135,29,115,41,37,17,108,16,43,93,34,12"/><W19/><G115/><N who="0" m="44107" /><D121/><U49/><E114/><V73/><F116/><W102/><G135/><T130/><D39/><U13/><E94/><V23/><F106/><W25/><G108/><T131/><D8/><U14/><E14/><V18/><F110/><W120/><G120/><T1/><D1/><U126/><E126/><V124/><F78/><W69/><G69/><N who="0" m="42175" /><D117/><U81/><E129/><V98/><F73/><AGARI ba="1,0" hai="51,55,56,73,76,83,130,131" m="42175,44107" machi="73" ten="30,1000,0" yaku="11,1" doraHai="24" who="0" fromWho="2" sc="322,13,211,0,196,-13,271,0" owari="335,43.5,211,-18.9,183,-31.7,271,7.1" /></mjloggm>