<mjloggm ver="2.3"><GO type="225" lobby="0"/><UN n0="%E5%A4%8F%E9%88%B4%E9%88%B4%E5%A4%8F" n1="%72%69%6F%75%63%68%61%6E" n2="%E3%81%9F%E3%81%93%E2%98%86%E7%84%BC%E3%81%8D" n3="%E2%98%86%41%64%72%69%61%6E" dan="16,16,16,17" rate="2126.24,2194.06,2082.95,2150.97" sx="M,M,M,M"/><TAIKYOKU oya="0"/><INIT seed="0,0,0,1,5,121" ten="250,250,250,250" oya="0" hai0="77,109,108,23,128,54,78,115,130,111,19,37,118" hai1="29,4,68,69,8,105,97,57,27,64,74,32,82" hai2="11,89,67,86,65,40,59,76,14,30,133,0,35" hai3="3,22,39,13,73,94,124,70,63,119,26,25,129"/><T41/><D115/><U83/><E57/><V33/><F0/><W114/><G3/><T45/><D54/><U93/><E93/><V10/><F76/><N who="0" m="29290" /><D118/><U116/><E116/><V112/><F133/><W44/><G73/><T84/><D84/><U28/><E28/><V56/><F40/><W20/><G39/><T5/><D5/><U110/><E110/><V113/><F30/><W58/><G70/><T6/><D6/><U34/><E32/><V61/><F14/><AGARI ba="0,0" hai="14,19,23,37,41,45,108,109,111,128,130" m="29290" machi="14" ten="40,12000,1" yaku="14,1,10,1,52,3" doraHai="121" who="0" fromWho="2" sc="250,120,250,0,250,-120,250,0" /><INIT seed="0,1,0,2,2,87" ten="370,250,130,250" oya="0" hai0="131,121,123,45,74,122,69,86,36,118,117,23,88" hai1="83,101,27,135,116,46,4,51,105,84,120,38,128" hai2="85,39,16,64,96,91,127,68,124,15,19,62,47" hai3="30,5,73,61,0,58,14,63,109,22,59,35,26"/><T52/><D74/><U20/><E128/><V56/><F96/><W78/><G109/><T8/><D69/><U111/><E135/><V94/><F39/><W40/><G40/><T113/><D113/><U2/><E111/><V18/><F47/><W10/><G78/><T81/><D131/><U21/><E116/><V100/><F100/><W12/><G73/><T6/><D23/><U71/><E120/><V132/><F132/><W49/><G49/><T115/><D115/><U25/><E71/><V17/><REACH who="2" step="1"/><F68/><REACH who="2" ten="370,250,120,250" step="2"/><W66/><G35/><T79/><D36/><U125/><E101/><V76/><F76/><W104/><G104/><T112/><D79/><U31/><E105/><V129/><F129/><W1/><G1/><T82/><D112/><U9/><E38/><V3/><F3/><W34/><G34/><T11/><D117/><U103/><E103/><V97/><F97/><W54/><AGARI ba="1,1" hai="0,5,10,12,14,22,26,30,54,58,59,61,63,66" machi="54" ten="20,1500,0" yaku="0,1,7,1" doraHai="87" who="3" fromWho="3" sc="370,-8,250,-5,120,-5,250,28" /><INIT seed="1,0,0,2,5,13" ten="362,245,115,278" oya="1" hai0="126,25,91,128,32,45,129,135,40,49,22,93,20" hai1="121,123,23,112,124,76,101,108,119,133,86,52,67" hai2="61,47,0,19,111,77,51,7,81,1,15,12,5" hai3="31,55,84,24,39,115,122,72,125,29,82,83,131"/><U3/><E112/><V54/><F111/><W4/><G115/><T110/><D110/><U107/><E119/><V87/><F0/><W130/><G122/><T8/><D126/><U71/><E108/><V69/><F1/><W34/><G39/><T102/><D102/><U2/><E133/><V78/><F12/><W73/><G125/><T14/><D32/><U114/><E124/><V127/><F77/><W30/><G4/><T104/><D104/><U16/><E114/><V118/><F118/><W36/><G36/><T42/><D42/><U60/><E2/><V90/><F78/><N who="3" m="46167" /><G83/><T38/><D38/><U109/><E3/><V103/><F103/><W43/><G43/><T56/><D56/><U134/><E109/><V11/><REACH who="2" step="1"/><F127/><REACH who="2" ten="362,245,105,278" step="2"/><W116/><G116/><T9/><D14/><U106/><E123/><V88/><F88/><W6/><G73/><T79/><D91/><U113/><E121/><V75/><F75/><W44/><G72/><T41/><D79/><U18/><E113/><V59/><F59/><W64/><G6/><T96/><D129/><U95/><E71/><V89/><F89/><W46/><G131/><T100/><D128/><U48/><E134/><V117/><F117/><W70/><G130/><T74/><D135/><U26/><E101/><V28/><F28/><W132/><G132/><T33/><D74/><U62/><E76/><V50/><F50/><N who="3" m="29127" /><G46/><T66/><D100/><U53/><E107/><V10/><F10/><W97/><G31/><T63/><D8/><U65/><E106/><V98/><F98/><W35/><G97/><T105/><D96/><RYUUKYOKU ba="0,1" sc="362,-10,245,-10,105,30,278,-10" hai2="5,7,11,15,19,47,51,54,61,69,81,87,90" /><INIT seed="2,1,1,1,4,16" ten="352,235,135,268" oya="2" hai0="89,120,7,2,114,35,50,22,44,71,99,78,63" hai1="95,124,96,33,108,30,103,13,61,86,9,0,69" hai2="15,37,32,5,39,43,101,24,128,74,75,34,77" hai3="28,21,102,38,82,118,45,94,122,81,83,53,110"/><V66/><F101/><W84/><G122/><T54/><D35/><N who="2" m="13354" /><F66/><W107/><G107/><T55/><D114/><U70/><E108/><V125/><F24/><N who="3" m="16399" /><G38/><N who="2" m="14345" /><F43/><W25/><G118/><T97/><D120/><U127/><E0/><V121/><F15/><W12/><G110/><T14/><D78/><U52/><E86/><V10/><F121/><W11/><G25/><T90/><D2/><U68/><E30/><V91/><F91/><N who="0" m="34826" /><D71/><U51/><E33/><V29/><F29/><W46/><G53/><T116/><D116/><U85/><E61/><V6/><F77/><W48/><G48/><N who="0" m="28935" /><D63/><U73/><E73/><N who="2" m="27659" /><F10/><W111/><G111/><T92/><D92/><U4/><REACH who="1" step="1"/><E85/><REACH who="1" ten="352,225,135,268" step="2"/><V31/><F31/><W59/><G84/><T20/><D99/><U80/><E80/><V8/><F8/><W17/><G83/><T40/><D97/><U56/><AGARI ba="1,2" hai="4,9,13,51,52,56,68,69,70,95,96,103,124,127" machi="56" ten="40,5200,0" yaku="1,1,0,1,54,1,53,0" doraHai="16" doraHaiUra="42" who="1" fromWho="1" sc="352,-14,225,75,135,-27,268,-14" /><INIT seed="3,0,0,5,5,129" ten="338,300,108,254" oya="3" hai0="29,45,4,56,24,118,108,82,28,23,110,69,51" hai1="49,120,128,93,16,1,121,20,103,54,67,13,122" hai2="22,55,74,18,48,65,35,127,0,124,38,132,27" hai3="123,78,33,32,109,125,50,86,135,39,42,3,98"/><W112/><G123/><T119/><D69/><U133/><E133/><V64/><F74/><W63/><G3/><T66/><D4/><U99/><E1/><V47/><F0/><W26/><G112/><T84/><D29/><U7/><E67/><V52/><F35/><W96/><G39/><T80/><D56/><U92/><E7/><V59/><F22/><W117/><G117/><N who="0" m="44555" /><D84/><U87/><E128/><V46/><F18/><W6/><G6/><T15/><D15/><U53/><REACH who="1" step="1"/><E49/><REACH who="1" ten="338,290,108,254" step="2"/><N who="2" m="28727" /><F27/><W113/><G113/><T73/><D66/><N who="2" m="25706" /><F38/><W5/><G5/><T76/><D73/><U89/><AGARI ba="0,1" hai="13,16,20,53,54,87,89,92,93,99,103,120,121,122" machi="89" ten="40,5200,0" yaku="1,1,0,1,54,1,53,0" doraHai="129" doraHaiUra="70" who="1" fromWho="1" sc="338,-13,290,62,108,-13,254,-26" owari="325,12.5,352,45.2,95,-40.5,228,-17.2" /></mjloggm>