<mjloggm ver="2.3"><GO type="225" lobby="0"/><UN n0="%E3%81%8F%E3%82%8A%E3%83%94%E3%83%BC" n1="%E3%83%92%E3%82%B3" n2="%4C%4F%4C%49%54%41" n3="%E3%81%B6%E3%82%8B%E3%82%8B%E3%81%B6%E3%81%B6" dan="16,16,16,16" rate="2104.18,2120.77,2194.10,2089.08" sx="M,M,F,M"/><TAIKYOKU oya="0"/><INIT seed="0,0,0,3,3,116" ten="250,250,250,250" oya="0" hai0="9,2,106,62,113,112,37,93,60,129,96,52,51" hai1="0,33,69,123,29,115,27,79,8,117,45,12,42" hai2="23,14,110,124,122,41,25,54,87,102,67,59,74" hai3="100,58,126,1,18,95,108,66,31,88,76,104,47"/><T105/><D37/><U71/><E117/><V55/><F74/><W5/><G108/><T82/><D129/><U3/><E115/><V91/><F110/><W118/><G118/><T56/><D60/><U20/><E3/><V16/><F124/><W36/><G31/><T99/><D82/><U134/><E134/><V39/><F122/><W19/><G76/><T98/><D93/><U83/><E33/><V38/><F102/><W6/><G100/><T132/><D132/><U109/><E109/><V77/><F77/><W43/><G104/><T32/><D32/><U48/><E0/><V80/><F41/><W17/><G1/><T78/><D78/><U46/><E46/><V89/><F89/><W70/><G70/><T120/><D120/><U28/><E28/><N who="2" m="17471" /><F39/><W65/><G126/><T15/><D2/><U114/><E114/><V57/><F38/><W34/><G34/><T119/><D119/><U68/><E123/><V94/><F80/><W64/><REACH who="3" step="1"/><G58/><REACH who="3" ten="250,250,250,240" step="2"/><N who="2" m="22025" /><F67/><W111/><G111/><T125/><D125/><U13/><REACH who="1" step="1"/><E8/><AGARI ba="0,1" hai="8,14,16,54,55,87,91,94" m="22025,17471" machi="8" ten="30,2000,0" yaku="8,1,54,1" doraHai="116" who="2" fromWho="1" sc="250,0,250,-20,250,30,240,0" /><INIT seed="1,0,0,4,2,79" ten="250,230,280,240" oya="1" hai0="96,128,20,82,3,33,23,77,37,105,9,74,135" hai1="64,7,8,93,81,114,48,15,95,100,36,34,107" hai2="87,32,108,10,106,19,75,86,50,21,131,12,70" hai3="98,126,56,43,45,22,13,119,55,89,94,127,99"/><U58/><E114/><V57/><F70/><W54/><G119/><T60/><D33/><U73/><E36/><V91/><F75/><W78/><G78/><T18/><D135/><U11/><E34/><V47/><F106/><W109/><G109/><T66/><D128/><U35/><E35/><V88/><F32/><W68/><G68/><T115/><D37/><U125/><E125/><N who="3" m="47626" /><G99/><T25/><D115/><U104/><E11/><V102/><F102/><W24/><G13/><T41/><D41/><U31/><E31/><V1/><F108/><W53/><G56/><T5/><D20/><U97/><E107/><V29/><F57/><W38/><G53/><T101/><REACH who="0" step="1"/><D60/><REACH who="0" ten="240,230,280,240" step="2"/><U67/><E67/><AGARI ba="0,1" hai="3,5,9,18,23,25,66,67,74,77,82,96,101,105" machi="67" ten="40,5200,0" yaku="1,1,2,1,52,1,53,0" doraHai="79" doraHaiUra="40" who="0" fromWho="1" sc="240,62,230,-52,280,0,240,0" /><INIT seed="2,0,0,1,4,109" ten="302,178,280,240" oya="2" hai0="13,62,28,42,93,47,38,108,49,122,80,69,88" hai1="10,104,100,90,67,103,19,113,101,91,8,21,16" hai2="86,20,30,123,115,81,94,55,71,18,119,126,32" hai3="54,27,111,7,76,130,9,128,133,77,98,1,45"/><V75/><F119/><W73/><G111/><T53/><D108/><U0/><E104/><V57/><F123/><W66/><G133/><T125/><D125/><U116/><E116/><V56/><F71/><W87/><G73/><T11/><D122/><U2/><E67/><V4/><F126/><W78/><G66/><T110/><D110/><U23/><E103/><V132/><F132/><W131/><G98/><T25/><D80/><U64/><E64/><V41/><F41/><W96/><G96/><T74/><D74/><U33/><E33/><V92/><F115/><AGARI ba="0,0" hai="0,2,8,10,16,19,21,23,90,91,100,101,113,115" machi="115" ten="25,8000,1" yaku="22,2,52,2,54,1" doraHai="109" who="1" fromWho="2" sc="302,0,178,80,280,-80,240,0" /><INIT seed="3,0,0,5,4,73" ten="302,258,200,240" oya="3" hai0="67,32,88,110,89,31,22,2,9,27,103,111,76" hai1="6,70,102,42,41,99,134,132,69,52,48,122,133" hai2="118,78,46,126,49,30,43,97,11,15,93,33,105" hai3="18,57,77,66,19,59,61,106,1,13,108,68,23"/><W75/><G106/><T26/><D76/><U8/><E122/><V128/><F118/><W74/><G1/><T7/><D103/><U3/><E70/><V107/><F126/><W117/><G117/><T12/><D67/><U71/><E71/><V37/><F128/><W135/><G135/><T115/><D115/><U94/><REACH who="1" step="1"/><E69/><REACH who="1" ten="302,248,200,240" step="2"/><V95/><F78/><W85/><G108/><N who="0" m="41515" /><D2/><U120/><E120/><V123/><F123/><W55/><G68/><T84/><D84/><U4/><E4/><V63/><F63/><W44/><G75/><T87/><D87/><U14/><E14/><V50/><F107/><W62/><G74/><T16/><AGARI ba="0,1" hai="7,9,12,16,22,26,27,31,32,88,89" m="41515" machi="16" ten="30,4000,0" yaku="14,1,54,2" doraHai="73" who="0" fromWho="0" sc="302,50,248,-10,200,-10,240,-20" owari="352,45.2,238,3.8,190,-31.0,220,-18.0" /></mjloggm>