<mjloggm ver="2.3"><GO type="225" lobby="0"/><UN n0="%E3%81%BE%E3%81%A8%E3%81%9F" n1="%73%7A%2E%64%31" n2="%E5%B8%86%E7%AB%8B%E5%A4%8F%E8%A1%A3" n3="%4E%6F%2E%30%30%30%31" dan="16,16,16,18" rate="2145.42,2116.86,2107.41,2236.22" sx="M,M,M,M"/><TAIKYOKU oya="0"/><INIT seed="0,0,0,4,3,115" ten="250,250,250,250" oya="0" hai0="87,27,74,47,110,54,124,5,65,113,86,125,109" hai1="32,78,79,34,108,93,66,70,52,36,95,88,128" hai2="68,43,42,106,83,39,135,99,107,98,16,38,24" hai3="50,62,102,45,104,18,82,22,3,94,127,30,63"/><T19/><D74/><U48/><E36/><V2/><F2/><W37/><G37/><T92/><D113/><U119/><E108/><N who="0" m="41577" /><D65/><U130/><E66/><V13/><F135/><W105/><G3/><T117/><D117/><U28/><E28/><V9/><F68/><W133/><G133/><T75/><D75/><U61/><E61/><V73/><F39/><W67/><G127/><N who="0" m="48715" /><D5/><U10/><E70/><V14/><F38/><W64/><G67/><T40/><D40/><U69/><E69/><V96/><F43/><W126/><G64/><T53/><D92/><U111/><E93/><V131/><F42/><W58/><G94/><T121/><D121/><U46/><E119/><V26/><F107/><W33/><G105/><T35/><D47/><U91/><E111/><V72/><F106/><W51/><G126/><T41/><D41/><U118/><E118/><V60/><F73/><W6/><G6/><T44/><D44/><U103/><E95/><V129/><F72/><W76/><G45/><T85/><D19/><U80/><E46/><V25/><F83/><W71/><G82/><T81/><D81/><U90/><E80/><V55/><F55/><N who="0" m="21002" /><D27/><U123/><E123/><V11/><REACH who="2" step="1"/><F60/><REACH who="2" ten="250,250,240,250" step="2"/><W8/><G63/><T97/><D97/><U101/><E52/><V134/><F134/><W132/><G132/><T0/><D0/><U21/><E90/><V49/><F49/><W20/><G51/><T15/><D15/><U120/><E48/><V12/><F12/><N who="3" m="7431" /><G50/><T56/><D56/><U84/><E91/><V4/><AGARI ba="0,1" hai="4,9,11,13,14,16,24,25,26,96,98,99,129,131" machi="4" ten="40,5200,0" yaku="1,1,0,1,54,1,53,0" doraHai="115" doraHaiUra="100" who="2" fromWho="2" sc="250,-26,250,-13,240,62,250,-13" /><INIT seed="1,0,0,1,1,106" ten="224,237,302,237" oya="1" hai0="113,60,89,100,125,45,46,117,103,22,66,68,95" hai1="35,86,80,13,73,128,56,54,11,61,65,39,67" hai2="132,133,9,40,29,107,33,4,77,82,118,17,32" hai3="74,116,130,78,8,131,30,75,124,83,16,123,53"/><U70/><E128/><N who="3" m="49194" /><G123/><T94/><D113/><U76/><E35/><V114/><F118/><W98/><G116/><T97/><D117/><U55/><E39/><V58/><F114/><W19/><G124/><T91/><D125/><U23/><E23/><V0/><F107/><W101/><G30/><T72/><D72/><N who="3" m="27689" /><G8/><T84/><D22/><U115/><E115/><V59/><F29/><W52/><G83/><T2/><D2/><U63/><REACH who="1" step="1"/><E86/><REACH who="1" ten="224,227,302,237" step="2"/><V64/><F33/><W42/><G78/><T109/><D109/><U14/><E14/><V1/><F77/><W37/><G37/><T96/><REACH who="0" step="1"/><D91/><REACH who="0" ten="214,227,302,237" step="2"/><U26/><E26/><V21/><F1/><W85/><G85/><T102/><D102/><U20/><E20/><V99/><F21/><W112/><G112/><T69/><D69/><U87/><E87/><V49/><F32/><W43/><G101/><T47/><D47/><U27/><E27/><V111/><F0/><W120/><G120/><T5/><D5/><AGARI ba="0,2" hai="5,11,13,54,55,56,61,63,65,67,70,73,76,80" machi="5" ten="30,5800,0" yaku="1,1,7,1,52,1,53,0" doraHai="106" doraHaiUra="110" who="1" fromWho="0" sc="214,-58,227,78,302,0,237,0" /><INIT seed="1,1,0,3,0,119" ten="156,305,302,237" oya="1" hai0="133,96,122,102,57,132,22,53,106,5,9,92,37" hai1="40,11,115,23,47,10,131,93,38,45,98,120,42" hai2="2,65,63,70,79,30,41,117,107,50,110,72,124" hai3="109,111,88,49,125,20,118,35,44,48,13,113,123"/><U87/><E120/><V3/><F117/><W18/><G118/><T81/><D37/><U130/><E115/><V43/><F107/><W135/><G113/><T54/><D22/><U61/><E87/><V76/><F110/><N who="3" m="41995" /><G135/><T12/><D106/><U114/><E114/><V25/><F124/><W83/><G125/><T36/><D36/><U7/><E61/><V51/><F43/><N who="3" m="24607" /><G35/><T31/><D31/><U121/><E23/><V39/><F50/><W71/><G71/><T46/><D81/><U126/><E126/><V129/><F51/><W94/><G83/><T29/><D46/><U86/><E86/><V67/><F67/><W90/><G49/><N who="0" m="30895" /><D54/><U80/><E80/><N who="2" m="45063" /><F79/><W4/><G4/><T59/><D59/><U104/><E104/><V28/><F28/><W34/><G34/><T108/><D29/><U19/><E7/><V58/><F70/><W33/><G33/><T116/><D108/><U134/><E134/><N who="0" m="51817" /><D116/><U32/><E32/><V128/><F39/><W85/><G90/><T26/><D26/><U100/><E40/><V0/><F41/><W78/><G78/><T64/><D64/><U52/><E45/><V103/><F25/><W16/><G18/><T105/><D105/><U15/><E52/><V91/><F30/><W99/><G99/><T14/><D14/><U56/><E56/><V68/><F68/><W6/><G6/><T8/><D8/><U89/><E11/><V55/><F65/><W84/><G84/><T112/><D112/><U82/><E47/><V17/><F17/><W101/><G101/><T75/><D75/><U21/><E100/><RYUUKYOKU ba="1,0" sc="156,15,305,-15,302,-15,237,15" hai0="5,9,12,92,96,102,122" hai3="13,16,20,85,88,94,123" /><INIT seed="2,2,0,1,1,90" ten="171,290,287,252" oya="2" hai0="133,94,56,54,70,112,83,84,79,87,109,100,50" hai1="125,73,11,1,17,107,39,7,36,69,86,128,82" hai2="119,10,37,81,15,78,14,0,114,131,29,47,77" hai3="103,18,72,32,80,44,55,49,8,31,95,120,28"/><V113/><F119/><W64/><G120/><T129/><D129/><U16/><E128/><V130/><F29/><W117/><G117/><T71/><D133/><U12/><E125/><V76/><F81/><W101/><G64/><T65/><D112/><U110/><E110/><V89/><F131/><W105/><G105/><T59/><D109/><U40/><E107/><V6/><F130/><W2/><G32/><T34/><D34/><U57/><E69/><V75/><F75/><W60/><G60/><T38/><D38/><U93/><E73/><V134/><F134/><W27/><G2/><T91/><REACH who="0" step="1"/><D100/><REACH who="0" ten="161,290,287,252" step="2"/><U104/><E36/><V25/><F37/><W51/><G103/><T124/><D124/><U23/><E39/><V52/><F114/><W97/><G101/><T41/><D41/><U43/><E43/><V126/><F113/><W88/><G51/><T99/><D99/><U48/><E40/><V21/><F126/><W123/><G123/><T74/><D74/><U33/><E33/><V85/><F85/><N who="3" m="50215" /><G72/><T5/><D5/><U108/><E7/><V45/><F6/><W127/><G127/><T24/><D24/><U92/><E108/><V67/><F25/><W116/><G27/><T68/><D68/><U4/><E4/><V13/><F0/><W20/><G97/><T26/><D26/><N who="1" m="14703" /><E1/><V9/><F14/><N who="3" m="7495" /><G116/><T42/><D42/><U66/><E104/><V3/><F15/><W106/><G106/><T19/><D19/><U62/><E48/><N who="2" m="28687" /><F13/><W22/><G31/><T63/><AGARI ba="2,1" hai="50,54,56,59,63,65,70,71,79,83,84,87,91,94" machi="63" ten="30,4000,0" yaku="1,1,0,1,52,1,53,0" doraHai="90" doraHaiUra="35" who="0" fromWho="0" sc="161,56,290,-12,287,-22,252,-12" /><INIT seed="3,0,0,4,3,93" ten="217,278,265,240" oya="3" hai0="15,24,134,92,119,14,128,104,68,7,82,80,50" hai1="126,83,51,54,48,73,78,23,56,98,116,130,131" hai2="96,106,100,19,0,3,9,81,59,45,118,94,61" hai3="129,28,60,66,44,53,95,122,86,113,57,103,25"/><W110/><G113/><T133/><D119/><U49/><E116/><V21/><F118/><W88/><G122/><T127/><D104/><U35/><E35/><V64/><F81/><N who="0" m="31338" /><D68/><U27/><E126/><V114/><F114/><W4/><G129/><T115/><D128/><N who="1" m="49195" /><E98/><V63/><F45/><W30/><G110/><T70/><D70/><U10/><E10/><V2/><F63/><W109/><G109/><T34/><D115/><U123/><E123/><V22/><F106/><W46/><G4/><T16/><D127/><U108/><E108/><V121/><F121/><W91/><G103/><T71/><D71/><U39/><E39/><V69/><F69/><W120/><G120/><T101/><D7/><U79/><E79/><V87/><F87/><W58/><G91/><T38/><D38/><U117/><E117/><V89/><F89/><W74/><G74/><T37/><D50/><U125/><E125/><V77/><F77/><W11/><G11/><N who="0" m="6239" /><D15/><U41/><E41/><V111/><F111/><W107/><G107/><T135/><D37/><U76/><E76/><V97/><F3/><W75/><G75/><T72/><D72/><U62/><E51/><V8/><F2/><W29/><REACH who="3" step="1"/><G25/><REACH who="3" ten="217,278,265,230" step="2"/><T20/><D34/><U40/><E40/><V32/><F32/><W105/><G105/><T13/><D13/><U52/><E27/><V6/><F8/><W43/><G43/><T124/><D124/><U33/><E73/><V65/><F9/><W102/><G102/><T5/><D5/><U1/><E78/><V17/><F0/><W36/><G36/><T26/><D20/><RYUUKYOKU ba="0,1" sc="217,15,278,-15,265,-15,230,15" hai0="24,26,92,101,133,134,135" hai3="28,29,30,44,46,53,57,58,60,66,86,88,95" /><INIT seed="3,1,1,3,5,92" ten="232,263,250,245" oya="3" hai0="107,91,61,10,20,27,2,115,131,133,11,116,33" hai1="117,72,16,95,124,40,30,64,128,93,44,22,126" hai2="7,59,97,60,56,0,108,9,89,119,75,28,69" hai3="103,77,81,25,84,109,63,47,43,87,23,96,5"/><W66/><G5/><T17/><D116/><U82/><E117/><V57/><F119/><W32/><G32/><T38/><D38/><N who="1" m="21527" /><E128/><V51/><F108/><W111/><G87/><T4/><D131/><U1/><E1/><V39/><F39/><W34/><G34/><T41/><D133/><U48/><E30/><V118/><F75/><W37/><G23/><T42/><D107/><U112/><E64/><V106/><F28/><W8/><G8/><T104/><D104/><U130/><E48/><V15/><F0/><W6/><G25/><T79/><D115/><U26/><E112/><V54/><F118/><W13/><G13/><N who="0" m="9263" /><D10/><U113/><E113/><V46/><F69/><W50/><G6/><T135/><D135/><U3/><E3/><V134/><F134/><W71/><REACH who="3" step="1"/><G37/><REACH who="3" ten="232,263,250,235" step="2"/><T70/><D79/><N who="1" m="44391" /><E130/><V129/><F129/><W18/><G18/><T12/><D12/><U94/><E26/><V49/><F15/><W52/><G52/><T36/><D36/><U65/><E22/><V102/><F7/><W114/><G114/><T100/><D27/><U55/><E55/><V62/><F9/><W80/><G80/><T76/><D33/><U125/><E16/><V101/><F54/><W78/><G78/><T127/><D76/><U110/><E65/><V85/><F85/><W120/><G120/><T14/><D4/><U29/><E29/><V105/><F49/><W21/><G21/><T121/><D121/><U86/><E86/><V24/><F24/><W31/><G31/><T123/><D123/><U73/><E73/><V53/><F51/><W132/><G132/><RYUUKYOKU ba="1,2" sc="232,-15,263,15,250,-15,235,15" hai1="93,94,95,110,124,125,126" hai3="43,47,50,63,66,71,77,81,84,96,103,109,111" /><INIT seed="3,2,2,1,2,61" ten="217,278,235,250" oya="3" hai0="111,33,74,109,79,6,82,84,9,94,10,71,93" hai1="3,80,112,114,124,134,121,106,54,63,130,47,117" hai2="101,107,36,14,67,0,22,25,83,4,90,70,98" hai3="118,55,39,65,133,44,11,59,128,132,78,122,52"/><W50/><G118/><T99/><D71/><U64/><E3/><V102/><F36/><W129/><G122/><T68/><D68/><U89/><E106/><V100/><F0/><W76/><G65/><T73/><D33/><U19/><E19/><V45/><F45/><W13/><G76/><T125/><D125/><U115/><E89/><V135/><F135/><N who="3" m="51787" /><G78/><T53/><D53/><U8/><E80/><V85/><F4/><N who="3" m="3303" /><G39/><T116/><D116/><U58/><E134/><V69/><F14/><W126/><G126/><T29/><D29/><U35/><E117/><V66/><F70/><W32/><G32/><T120/><D120/><U75/><E35/><V46/><F46/><W51/><AGARI ba="2,2" hai="44,50,51,52,55,59,128,129" m="3303,51787" machi="51" ten="30,3000,0" yaku="20,1,54,1" doraHai="61" who="3" fromWho="3" sc="217,-12,278,-12,235,-12,250,56" owari="205,-29.5,266,6.6,223,-17.7,306,40.6" /></mjloggm>