<mjloggm ver="2.3"><GO type="225" lobby="0"/><UN n0="%E9%B3%B3%E6%9D%B1%E3%81%AE%E3%81%86%E3%81%95%E3%81%8E%E3%81%95%E3%82%93" n1="%E3%81%BF%E3%81%BF%E3%81%9A" n2="%E3%81%8B%E3%82%8F%E3%81%A1%E3%82%83%E3%82%93%35%38" n3="%E3%81%86%E3%81%A9%E3%82%93%E3%81%93" dan="17,17,16,16" rate="2301.82,2288.70,2139.39,2178.45" sx="M,M,M,M"/><TAIKYOKU oya="0"/><INIT seed="0,0,0,2,3,58" ten="250,250,250,250" oya="0" hai0="133,62,79,126,56,12,50,75,11,61,28,4,73" hai1="44,104,47,27,70,106,123,83,118,3,114,30,37" hai2="9,31,84,119,13,117,35,45,110,36,52,49,2" hai3="1,121,77,29,41,71,54,102,108,76,17,88,65"/><T43/><D133/><U67/><E118/><N who="2" m="45067" /><F110/><W21/><G108/><T127/><D28/><U97/><E123/><V95/><F2/><W15/><G102/><T87/><D87/><U42/><E114/><V40/><F31/><W51/><G1/><T135/><D135/><U23/><E3/><V0/><F0/><W111/><G41/><T124/><D79/><U22/><E44/><N who="2" m="23559" /><F35/><W86/><G111/><T120/><D120/><U38/><E37/><V134/><F134/><W90/><G90/><T103/><D103/><U20/><E83/><V85/><F95/><W93/><G121/><T115/><D115/><U105/><REACH who="1" step="1"/><E97/><REACH who="1" ten="250,240,250,250" step="2"/><V63/><F63/><AGARI ba="0,1" hai="20,22,23,27,30,38,42,47,63,67,70,104,105,106" machi="63" ten="40,8000,1" yaku="1,1,2,1,52,1,53,1" doraHai="58" doraHaiUra="69" who="1" fromWho="2" sc="250,0,240,90,250,-80,250,0" /><INIT seed="1,0,0,4,1,135" ten="250,330,170,250" oya="1" hai0="25,103,31,121,70,85,111,87,120,17,127,83,62" hai1="106,78,35,49,81,132,72,41,37,68,102,28,18" hai2="5,110,4,130,66,13,50,108,32,60,116,39,51" hai3="69,65,0,118,117,11,133,33,58,54,91,40,43"/><U55/><E132/><V36/><F32/><W23/><G33/><T77/><D111/><N who="2" m="42538" /><F13/><W115/><G133/><T89/><D103/><U124/><E124/><V46/><F4/><W19/><G115/><T63/><D17/><U122/><E122/><N who="0" m="47209" /><D70/><U92/><E68/><N who="2" m="42055" /><F5/><W129/><G11/><T45/><D45/><U1/><E1/><V88/><F88/><W16/><G0/><T56/><D56/><U30/><E106/><V61/><F116/><W86/><G129/><T38/><D38/><N who="2" m="14378" /><F130/><W3/><G19/><T2/><D2/><U98/><E35/><V80/><F80/><W93/><G3/><T48/><D87/><U9/><E9/><V14/><F14/><N who="3" m="9623" /><G118/><T67/><D25/><U21/><E18/><V73/><F73/><W8/><G8/><T57/><D83/><U114/><E21/><V27/><F27/><W75/><G75/><T71/><D77/><U119/><E119/><V99/><F99/><W100/><G100/><T34/><D89/><U128/><E128/><V125/><F125/><W101/><G101/><T134/><D134/><U74/><E72/><V90/><F90/><W112/><G117/><T94/><D127/><U64/><E28/><V53/><F46/><W126/><G126/><T97/><D97/><U26/><E30/><V52/><F53/><W22/><G22/><T123/><D31/><U76/><E26/><V42/><F42/><W44/><G44/><T96/><D34/><U79/><E41/><V29/><F29/><W59/><G40/><T47/><D123/><U6/><E102/><V15/><F15/><W82/><G43/><RYUUKYOKU ba="0,0" sc="250,-10,330,-10,170,30,250,-10" hai2="50,51,52,61" /><INIT seed="2,1,0,3,3,81" ten="240,320,200,240" oya="2" hai0="61,31,60,135,98,25,107,126,37,131,128,59,43" hai1="111,39,50,56,67,20,51,130,2,79,106,83,127" hai2="96,33,95,109,53,63,48,75,121,129,40,23,99" hai3="77,100,134,46,32,26,8,6,103,97,15,65,18"/><V16/><F121/><W54/><G134/><T19/><D135/><U91/><E39/><V122/><F122/><W42/><G65/><T118/><D118/><U44/><E2/><V21/><F33/><W105/><G100/><N who="0" m="62871" /><D19/><U71/><E127/><V17/><F75/><W101/><G101/><T52/><D43/><U14/><E130/><N who="0" m="49705" /><D37/><U114/><E106/><V84/><F129/><W94/><G105/><T66/><D126/><U89/><E71/><V4/><F4/><W132/><G42/><T10/><D10/><U47/><E67/><V38/><F38/><W13/><G132/><T64/><D61/><U30/><E51/><V133/><F133/><W74/><G18/><N who="2" m="7273" /><F109/><W82/><G8/><T0/><D0/><U70/><E111/><V45/><F84/><W27/><G6/><T3/><D3/><U92/><E14/><V102/><F99/><W12/><G32/><AGARI ba="1,0" hai="25,31,32,52,59,60,64,66" m="49705,62871" machi="32" ten="30,2000,0" yaku="19,1,54,1" doraHai="81" who="0" fromWho="3" sc="240,23,320,0,200,0,240,-23" /><INIT seed="3,0,0,2,3,38" ten="263,320,200,217" oya="3" hai0="55,81,50,114,21,129,99,103,93,112,120,125,14" hai1="17,124,32,48,122,86,135,72,54,100,102,116,110" hai2="23,25,7,52,12,117,41,26,22,74,51,83,59" hai3="88,109,119,95,66,68,40,132,1,94,11,47,53"/><W118/><G132/><T70/><D120/><U67/><E72/><V36/><F117/><W104/><G104/><T101/><D70/><U58/><E32/><V75/><F75/><W77/><G95/><T111/><D111/><U76/><E122/><V89/><F36/><W80/><G109/><T73/><D101/><U65/><E110/><V29/><F41/><W105/><G53/><T63/><D63/><U19/><E124/><V96/><F74/><N who="3" m="43063" /><G66/><N who="1" m="25098" /><E116/><V15/><F7/><N who="3" m="1519" /><G68/><T13/><D125/><U24/><E135/><V30/><F96/><N who="3" m="57415" /><G105/><T128/><D81/><N who="1" m="47399" /><E17/><V57/><REACH who="2" step="1"/><F59/><REACH who="2" ten="263,320,190,217" step="2"/><W126/><G126/><T44/><D73/><U98/><E98/><V43/><F43/><W42/><G40/><T121/><D121/><U49/><E102/><V131/><F131/><W8/><G8/><T2/><D129/><U35/><E100/><V28/><F28/><W56/><G56/><T61/><D128/><U60/><E35/><V92/><F92/><W27/><G27/><T69/><D103/><U10/><E24/><V87/><AGARI ba="0,1" hai="12,15,22,23,25,26,29,30,51,52,57,83,87,89" machi="87" ten="30,8000,1" yaku="1,1,0,1,9,1,8,1,54,1,53,0" doraHai="38" doraHaiUra="134" who="2" fromWho="2" sc="263,-20,320,-20,190,90,217,-40" owari="243,-15.7,300,40.0,280,8.0,177,-32.3" /></mjloggm>