<mjloggm ver="2.3"><GO type="225" lobby="0"/><UN n0="%72%69%6F%75%63%68%61%6E" n1="%6D%75%75%6D%75%72%61" n2="%E3%81%BF%E3%81%BF%E3%81%9A" n3="%E3%82%BC%E3%83%AB%E3%83%80%E3%81%AE%E4%BC%9D%E8%AA%AC" dan="17,17,16,17" rate="2189.65,2129.34,2144.61,2135.85" sx="M,F,M,M"/><TAIKYOKU oya="0"/><INIT seed="0,0,0,1,4,1" ten="250,250,250,250" oya="0" hai0="94,15,110,133,46,37,34,87,128,28,45,2,111" hai1="104,9,24,63,60,55,88,7,21,33,67,89,91" hai2="8,18,43,103,47,22,108,112,61,64,49,96,132" hai3="105,19,101,116,31,134,125,135,75,100,121,85,68"/><T127/><D2/><U17/><E104/><V122/><F108/><N who="0" m="41514" /><D37/><U11/><E33/><V14/><F132/><N who="3" m="50731" /><G68/><T39/><D133/><U52/><E63/><V77/><F122/><W82/><G31/><T124/><D128/><U102/><E102/><V48/><F112/><W123/><G19/><T115/><D115/><U38/><E38/><V25/><F77/><N who="3" m="44351" /><G116/><T70/><D70/><U13/><REACH who="1" step="1"/><E9/><REACH who="1" ten="250,240,250,250" step="2"/><V92/><F49/><W106/><G125/><T20/><D34/><U62/><E62/><V59/><REACH who="2" step="1"/><F8/><REACH who="2" ten="250,240,240,250" step="2"/><W78/><G121/><T72/><D39/><U131/><E131/><V120/><F120/><W126/><G123/><T80/><D127/><U57/><AGARI ba="0,2" hai="7,11,13,17,21,24,52,55,57,60,67,88,89,91" machi="57" ten="30,12000,2" yaku="1,1,0,1,8,1,52,1,54,2,53,1" doraHai="1" doraHaiUra="3" who="1" fromWho="1" sc="250,-60,240,140,240,-30,250,-30" /><INIT seed="1,0,0,3,2,132" ten="190,380,210,220" oya="1" hai0="85,108,129,22,53,88,122,8,37,128,32,102,45" hai1="72,109,69,97,125,82,17,23,110,1,13,54,80" hai2="48,33,15,6,71,20,78,101,36,119,124,96,99" hai3="118,73,56,41,83,34,92,25,64,79,68,130,16"/><U60/><E1/><V2/><F36/><W106/><G106/><T90/><D108/><N who="1" m="41579" /><E72/><V26/><F119/><W49/><G118/><T115/><D32/><U62/><E125/><V114/><F71/><W50/><G130/><N who="0" m="50283" /><D115/><U3/><E3/><V24/><F114/><W57/><G34/><T65/><D122/><U116/><E116/><V91/><F124/><W117/><G117/><T89/><D65/><N who="1" m="41127" /><E97/><V28/><F78/><W52/><G92/><T27/><D102/><U127/><E127/><V9/><F91/><W46/><G68/><T12/><D37/><U21/><E23/><V63/><F63/><W133/><G133/><T31/><D45/><U7/><E7/><V84/><F84/><N who="3" m="48255" /><G64/><T18/><D53/><U93/><E93/><AGARI ba="0,0" hai="8,12,18,22,27,31,85,88,89,90,93" m="50283" machi="93" ten="30,2000,0" yaku="19,1,54,1" doraHai="132" who="0" fromWho="1" sc="190,20,380,-20,210,0,220,0" /><INIT seed="2,0,0,1,3,102" ten="210,360,210,220" oya="2" hai0="52,18,20,43,61,59,64,13,41,84,38,68,126" hai1="35,94,96,10,125,44,100,37,67,77,11,129,39" hai2="50,32,107,63,111,93,124,55,83,57,34,95,73" hai3="46,122,105,128,108,98,60,78,103,36,21,6,72"/><V22/><F107/><W66/><G108/><T80/><D126/><U135/><E125/><V114/><F114/><W110/><G110/><T87/><D38/><U81/><E35/><V4/><F111/><W127/><G127/><T23/><D23/><U134/><E129/><V27/><F124/><W70/><G122/><T33/><D33/><U24/><E24/><V88/><F4/><W74/><G128/><T48/><REACH who="0" step="1"/><D87/><REACH who="0" ten="200,360,210,220" step="2"/><U16/><E39/><V1/><F34/><W119/><G21/><T12/><D12/><U42/><E37/><V7/><F32/><W118/><G118/><T85/><D85/><U19/><E135/><V45/><F1/><W91/><G119/><T2/><D2/><U62/><E134/><V9/><F73/><W54/><G36/><T104/><D104/><U75/><E75/><V40/><F9/><W0/><G74/><T49/><D49/><U120/><E11/><V112/><F112/><W89/><G0/><T58/><D58/><U109/><E109/><V31/><F7/><W17/><G6/><T47/><D47/><U79/><E10/><V99/><F93/><W131/><G131/><T113/><D113/><U90/><E94/><V56/><F57/><W30/><G72/><T51/><D51/><U65/><E44/><V8/><F8/><W29/><G46/><T3/><D3/><U121/><E120/><V97/><F83/><W69/><G105/><T123/><D123/><U14/><E121/><V26/><F27/><W115/><G115/><T116/><D116/><U133/><E133/><V117/><F117/><W28/><G69/><RYUUKYOKU ba="0,1" sc="200,15,360,-15,210,15,220,-15" hai0="13,18,20,41,43,48,52,59,61,64,68,80,84" hai2="22,26,31,40,45,50,55,56,63,88,95,97,99" /><INIT seed="2,1,1,5,4,102" ten="215,345,225,205" oya="2" hai0="58,74,94,0,18,103,91,47,27,92,66,79,128" hai1="97,22,124,62,132,113,56,16,127,100,59,123,131" hai2="98,34,64,114,95,71,39,11,60,75,116,73,40" hai3="33,112,9,57,89,108,130,49,36,28,76,105,25"/><V37/><F114/><W4/><G36/><T12/><D0/><U2/><E113/><V5/><F116/><W84/><G112/><T29/><D128/><U125/><E131/><V135/><F135/><W52/><G108/><T19/><D47/><U26/><E132/><V122/><F122/><W51/><G130/><T65/><D103/><U86/><E123/><V38/><F40/><W117/><G117/><T6/><D6/><U104/><E2/><V13/><REACH who="2" step="1"/><F34/><REACH who="2" ten="215,345,215,205" step="2"/><W7/><G76/><T24/><D79/><U118/><E118/><V17/><F17/><W67/><G4/><T72/><D29/><U85/><E59/><V115/><F115/><W133/><G133/><T35/><D58/><U106/><E106/><V78/><F78/><W3/><G105/><T80/><D35/><U99/><E99/><V32/><F32/><W109/><G109/><T1/><D19/><U110/><E110/><V10/><F10/><W31/><G31/><T61/><D18/><U81/><E81/><V111/><F111/><W48/><G67/><AGARI ba="1,2" hai="16,22,26,56,62,67,85,86,97,100,104,124,125,127" machi="67" ten="40,5200,0" yaku="18,1,52,1,54,1" doraHai="102" who="1" fromWho="3" sc="215,0,345,75,215,0,205,-55" /><INIT seed="3,0,0,3,1,12" ten="215,420,215,150" oya="3" hai0="88,35,28,101,69,49,4,3,108,84,20,71,13" hai1="43,107,102,31,89,95,33,81,9,16,103,119,111" hai2="75,26,32,97,124,53,117,127,114,42,86,70,36" hai3="63,57,85,27,76,22,118,47,109,130,62,126,77"/><W129/><G118/><T0/><D108/><U18/><E107/><V51/><F75/><W131/><G109/><T78/><D101/><N who="1" m="38411" /><E33/><V34/><F114/><W60/><G126/><N who="2" m="48169" /><F117/><W106/><G106/><T112/><D78/><N who="3" m="30313" /><G85/><T23/><D112/><U17/><E111/><V79/><F97/><W132/><G132/><T110/><D110/><U83/><E119/><V38/><F70/><W135/><G135/><T25/><D49/><U87/><E31/><N who="2" m="19575" /><F42/><W55/><G47/><T115/><D115/><U10/><E43/><V82/><F34/><W123/><G123/><T72/><D72/><U125/><E125/><V73/><F73/><W54/><G57/><AGARI ba="0,0" hai="36,38,51,53,57,79,82,86" m="19575,48169" machi="57" ten="30,1000,0" yaku="18,1" doraHai="12" who="2" fromWho="3" sc="215,0,420,0,215,10,150,-10" owari="215,-18.5,420,52.0,225,2.5,140,-36.0" /></mjloggm>