<mjloggm ver="2.3"><GO type="225" lobby="0"/><UN n0="%72%69%6F%75%63%68%61%6E" n1="%E7%99%BD%E6%97%A5%E9%9B%AA%E8%8F%9C" n2="%33%74%72%65%65" n3="%E3%80%93%E3%81%97%E3%83%BC%E3%82%89%E3%80%93" dan="16,17,16,16" rate="2172.51,2227.87,2107.11,2104.24" sx="M,M,F,M"/><TAIKYOKU oya="0"/><INIT seed="0,0,0,4,2,115" ten="250,250,250,250" oya="0" hai0="129,62,22,4,93,2,57,6,124,120,75,92,97" hai1="84,89,67,46,76,107,74,32,19,94,63,133,98" hai2="28,38,25,108,1,90,71,134,13,31,27,43,104" hai3="77,36,80,128,47,45,58,132,49,60,0,12,14"/><T110/><D120/><U61/><E32/><V10/><F1/><W69/><G0/><T72/><D124/><U122/><E122/><V66/><F104/><W20/><G128/><T35/><D35/><U40/><E133/><V103/><F103/><W65/><G132/><T30/><D129/><U26/><E74/><V52/><F90/><W86/><G20/><T16/><D110/><U48/><E107/><V55/><F108/><W53/><REACH who="3" step="1"/><G47/><REACH who="3" ten="250,250,250,240" step="2"/><T56/><D2/><U99/><E26/><V24/><F134/><W3/><G3/><T15/><D30/><U127/><E127/><V123/><F123/><W23/><G23/><T135/><D135/><U131/><E131/><V119/><F31/><W21/><G21/><T109/><D109/><U5/><E5/><V11/><F28/><W81/><G81/><T102/><D56/><U44/><E19/><V59/><F27/><W29/><G29/><T79/><D4/><U50/><E46/><N who="2" m="23927" /><F24/><W88/><G88/><T37/><D6/><U114/><E44/><V9/><F25/><W85/><G85/><T82/><D75/><U34/><E84/><V116/><F59/><W87/><G87/><T96/><D37/><U121/><E121/><V113/><F113/><W33/><G33/><T17/><D17/><U39/><E89/><V8/><F8/><W7/><G7/><T106/><REACH who="0" step="1"/><D96/><REACH who="0" ten="240,250,250,240" step="2"/><U95/><E99/><V91/><F13/><W54/><G54/><AGARI ba="0,2" hai="15,16,22,54,57,62,72,79,82,92,93,97,102,106" machi="54" ten="30,11600,0" yaku="1,1,2,1,7,1,54,1,53,0" doraHai="115" doraHaiUra="70" who="0" fromWho="3" sc="240,136,250,0,250,0,240,-116" /><INIT seed="0,1,0,0,4,26" ten="376,250,250,124" oya="0" hai0="59,72,85,19,73,107,104,21,28,90,124,41,52" hai1="111,22,125,44,129,66,58,34,31,33,89,99,39" hai2="134,108,7,61,15,82,74,27,115,5,132,135,10" hai3="53,62,42,128,8,48,100,46,64,93,16,49,63"/><T11/><D124/><U69/><E69/><V102/><F115/><W0/><G128/><T17/><D41/><U13/><E129/><V77/><F108/><W50/><G0/><T51/><D73/><U23/><E125/><V130/><F130/><W75/><G75/><T113/><D72/><U9/><E111/><V98/><F61/><W71/><G63/><T126/><D126/><U65/><E58/><V87/><F27/><W30/><G30/><T67/><D113/><U80/><E44/><V114/><F114/><W103/><G93/><T4/><D67/><U47/><E47/><V37/><F37/><W29/><G29/><T79/><D79/><U45/><E45/><V76/><F76/><W117/><G117/><T120/><D120/><U109/><E109/><V32/><F32/><W83/><G83/><T92/><D28/><U123/><E39/><V70/><F70/><W18/><G18/><T112/><D112/><U25/><E34/><V96/><F74/><W110/><G110/><T91/><D91/><U88/><E123/><V131/><F131/><W14/><REACH who="3" step="1"/><G53/><REACH who="3" ten="376,250,250,114" step="2"/><T35/><D35/><U55/><E55/><V54/><F54/><W84/><G84/><T56/><D56/><U60/><E60/><V101/><F87/><W2/><G2/><N who="0" m="407" /><D17/><N who="1" m="8367" /><E33/><V36/><F82/><W133/><G133/><T12/><AGARI ba="1,1" hai="12,19,21,51,52,59,85,90,92,104,107" m="407" machi="12" ten="30,3000,0" yaku="25,1,54,1" doraHai="26" who="0" fromWho="0" sc="376,43,250,-11,250,-11,114,-11" /><INIT seed="0,2,0,2,2,17" ten="419,239,239,103" oya="0" hai0="14,28,11,76,135,50,59,87,113,37,39,24,133" hai1="12,108,104,99,60,74,124,103,38,56,128,57,123" hai2="23,127,21,54,19,120,100,94,82,41,92,89,98" hai3="27,111,35,95,71,126,42,88,31,80,90,119,53"/><T29/><D113/><U85/><E123/><V78/><F120/><W55/><G71/><T86/><D50/><U106/><E74/><V3/><F3/><W30/><G119/><T63/><D37/><U34/><E38/><V101/><F127/><W83/><G126/><T81/><D39/><U107/><E34/><V112/><F112/><W129/><G42/><T114/><D114/><U9/><E124/><V20/><F41/><W10/><G111/><T121/><D121/><U62/><E108/><V116/><F116/><W125/><G125/><T131/><D131/><U5/><E128/><V115/><F115/><W51/><G129/><T134/><D87/><U122/><E85/><N who="2" m="48343" /><F54/><W0/><G31/><T45/><D45/><U96/><E122/><V105/><F105/><W2/><G90/><T36/><D36/><U8/><E8/><V43/><F43/><W109/><G109/><T64/><REACH who="0" step="1"/><D24/><REACH who="0" ten="409,239,239,103" step="2"/><U61/><E99/><V25/><F100/><W102/><G102/><T32/><D32/><U18/><E96/><AGARI ba="2,1" hai="19,20,21,23,25,89,92,94,96,98,101" m="48343" machi="96" ten="30,7700,0" yaku="8,1,52,3" doraHai="17" who="2" fromWho="1" sc="409,0,239,-83,239,93,103,0" /><INIT seed="1,0,0,5,1,66" ten="409,156,332,103" oya="1" hai0="135,108,100,51,32,110,62,22,54,71,11,86,127" hai1="4,124,97,50,55,68,35,3,16,106,26,46,87" hai2="45,122,103,64,79,56,119,72,48,105,69,76,44" hai3="91,102,21,104,65,5,111,130,7,14,52,82,83"/><U19/><E124/><V74/><F119/><W10/><G130/><T85/><D32/><U134/><E134/><V1/><F122/><W60/><G111/><N who="0" m="42539" /><D127/><U112/><E112/><V29/><F1/><W47/><G5/><T13/><D135/><U18/><E68/><V70/><F29/><W39/><G91/><T88/><D100/><U81/><E97/><V67/><F56/><W113/><G113/><T53/><D22/><U43/><E106/><V77/><F103/><W42/><G102/><T115/><D115/><U41/><E35/><V96/><F96/><W107/><G107/><T95/><D85/><U123/><E26/><V117/><F105/><W90/><G104/><T132/><D132/><U128/><E123/><V61/><F117/><W101/><G101/><T31/><D31/><U9/><REACH who="1" step="1"/><E128/><REACH who="1" ten="409,146,332,103" step="2"/><V58/><F69/><W27/><G90/><AGARI ba="0,1" hai="3,4,9,16,18,19,41,43,46,50,55,81,87,90" machi="90" ten="40,7700,0" yaku="1,1,2,1,54,1,53,0" doraHai="66" doraHaiUra="98" who="1" fromWho="3" sc="409,0,146,87,332,0,103,-77" /><INIT seed="1,1,0,1,3,30" ten="409,233,332,26" oya="1" hai0="122,52,115,126,24,29,46,8,19,17,101,91,103" hai1="93,2,57,32,104,4,96,71,0,53,83,128,23" hai2="99,80,69,109,116,40,73,49,20,106,113,28,127" hai3="119,124,65,95,12,120,56,14,133,67,61,54,131"/><U48/><E104/><V132/><F69/><W11/><G120/><T25/><D115/><U66/><E128/><V111/><F116/><W68/><G119/><T44/><D122/><U135/><E135/><V92/><F127/><W5/><G124/><T88/><D126/><U64/><E32/><V31/><F106/><W85/><G133/><T26/><D29/><U47/><E71/><V114/><F132/><W33/><G131/><T112/><D112/><N who="2" m="43114" /><F40/><W59/><G68/><T13/><D17/><U3/><E83/><V123/><F49/><W134/><G134/><T90/><REACH who="0" step="1"/><D52/><REACH who="0" ten="399,233,332,26" step="2"/><U45/><E4/><V62/><F28/><W75/><G75/><T38/><D38/><U21/><E66/><V105/><F31/><W78/><G33/><T22/><D22/><U34/><E64/><V79/><F20/><W42/><G42/><T118/><D118/><U9/><E34/><V130/><F123/><W129/><G129/><T50/><D50/><U39/><E39/><V41/><F130/><W81/><G59/><T100/><AGARI ba="1,1" hai="8,13,19,24,25,26,44,46,88,90,91,100,101,103" machi="100" ten="40,16000,3" yaku="1,1,0,1,29,2,8,1,54,1,53,3" doraHai="30" doraHaiUra="87" who="0" fromWho="0" sc="399,173,233,-81,332,-41,26,-41" owari="572,67.2,152,-24.8,291,9.1,-15,-51.5" /></mjloggm>