<mjloggm ver="2.3"><GO type="225" lobby="0"/><UN n0="%E3%81%BF%E3%81%BF%E3%81%9A" n1="%E5%A4%9C%E5%85%89%E5%A4%A9%E6%A5%BC" n2="%E5%8D%A0%E3%81%84%E5%B8%AB%E8%A3%8F%E3%81%AA%E3%81%84%E3%81%97" n3="%E3%83%81%E3%83%AF%E3%83%AF%E9%9A%8A%E9%95%B7" dan="18,17,17,16" rate="2263.38,2166.30,2195.76,2083.45" sx="M,F,M,M"/><TAIKYOKU oya="0"/><INIT seed="0,0,0,3,4,11" ten="250,250,250,250" oya="0" hai0="123,62,16,87,65,118,116,23,111,86,33,105,19" hai1="61,83,58,17,134,85,70,42,66,128,28,92,26" hai2="60,121,59,8,99,94,115,122,46,73,54,106,18" hai3="113,63,82,35,49,107,47,108,68,36,37,57,38"/><T4/><D123/><U24/><E128/><V100/><F115/><W22/><G35/><T55/><D33/><U69/><E134/><V75/><F106/><W31/><G107/><T53/><D105/><U130/><E130/><V125/><F125/><W25/><G113/><T9/><D111/><U129/><E129/><V109/><F109/><W101/><G108/><T10/><D62/><U102/><E42/><V0/><F46/><W27/><G101/><T112/><D112/><U133/><E24/><V84/><F84/><W127/><G127/><T29/><D23/><N who="1" m="15455" /><E17/><V21/><F8/><W124/><G124/><T110/><D110/><U126/><E133/><V45/><F45/><W12/><G68/><T3/><D29/><U13/><E126/><V41/><F41/><W114/><G114/><T34/><D34/><U40/><E40/><V103/><F103/><W72/><G25/><T43/><D43/><U32/><E32/><V132/><F0/><W30/><G30/><T67/><REACH who="0" step="1"/><D3/><REACH who="0" ten="240,250,250,250" step="2"/><U48/><E61/><V52/><F132/><W95/><G37/><T93/><D93/><U98/><E92/><V89/><F122/><W56/><G95/><T117/><D117/><U81/><E81/><V50/><F121/><W6/><G36/><T1/><D1/><U20/><E83/><V88/><F100/><W51/><G38/><T5/><AGARI ba="0,1" hai="4,5,9,10,16,19,53,55,65,67,86,87,116,118" machi="5" ten="25,12000,1" yaku="1,1,0,1,22,2,54,1,53,0" doraHai="11" doraHaiUra="135" who="0" fromWho="0" sc="240,130,250,-40,250,-40,250,-40" /><INIT seed="0,1,0,3,1,48" ten="370,210,210,210" oya="0" hai0="76,57,21,82,93,61,43,87,20,95,62,8,111" hai1="85,109,23,84,134,125,90,33,56,115,63,99,58" hai2="74,91,103,6,102,122,118,31,18,110,0,3,46" hai3="94,83,42,68,97,120,11,19,47,70,32,105,12"/><T66/><D111/><U4/><E33/><V41/><F122/><W37/><G32/><T40/><D8/><U108/><E115/><V96/><F110/><N who="1" m="42601" /><E125/><V52/><F74/><W116/><G105/><T39/><D39/><U80/><E134/><V36/><F118/><W130/><G116/><T16/><D21/><U107/><E4/><V9/><F31/><W77/><G120/><T5/><D5/><U132/><E132/><V112/><F0/><W100/><REACH who="3" step="1"/><G130/><REACH who="3" ten="370,210,210,200" step="2"/><T128/><D128/><U64/><E107/><V104/><F112/><W53/><G53/><T14/><D62/><N who="1" m="37959" /><E23/><V135/><F135/><W67/><G67/><T17/><D17/><U86/><E99/><V7/><F7/><W38/><G38/><T55/><D66/><AGARI ba="1,1" hai="58,63,66,80,84,85,86,90" m="37959,42601" machi="66" ten="30,1000,0" yaku="14,1" doraHai="48" who="1" fromWho="0" sc="370,-13,210,23,210,0,200,0" /><INIT seed="1,0,0,0,5,31" ten="357,233,210,200" oya="1" hai0="127,57,111,13,21,110,98,51,74,64,1,53,26" hai1="34,23,115,76,78,118,80,9,99,88,46,52,7" hai2="38,66,97,72,108,69,54,131,58,61,41,96,135" hai3="123,15,100,30,70,109,11,113,122,107,28,59,48"/><U65/><E115/><V130/><F72/><W103/><G70/><T86/><D74/><U47/><E34/><V92/><F108/><N who="0" m="41514" /><D1/><U90/><E118/><V33/><F135/><W0/><G109/><T77/><D127/><U102/><E65/><V75/><F75/><W116/><G0/><T79/><D13/><N who="1" m="5311" /><E23/><V36/><F33/><W125/><G113/><T10/><D10/><U119/><E119/><V12/><F12/><W14/><G116/><T106/><D64/><U2/><E2/><V5/><F5/><W35/><G125/><T112/><D112/><U83/><E47/><N who="2" m="23975" /><F96/><W95/><G107/><T67/><D67/><U19/><E19/><V104/><F104/><W24/><G28/><N who="0" m="17487" /><D86/><N who="1" m="50271" /><E102/><AGARI ba="0,0" hai="51,53,57,77,79,98,102,106" m="17487,41514" machi="102" ten="30,1000,0" yaku="14,1" doraHai="31" who="0" fromWho="1" sc="357,10,233,-10,210,0,200,0" /><INIT seed="2,0,0,2,4,26" ten="367,223,210,200" oya="2" hai0="25,57,29,60,3,20,105,37,108,81,84,121,49" hai1="21,54,73,43,50,1,127,66,109,76,78,13,46" hai2="92,128,110,15,88,112,8,119,31,120,82,23,118" hai3="33,97,42,77,55,22,95,7,2,79,11,107,30"/><V67/><F112/><W65/><G107/><T131/><D37/><U63/><E1/><V27/><F120/><W58/><G33/><T74/><D121/><U70/><E109/><V111/><F128/><W52/><G42/><T47/><D3/><U14/><E127/><V40/><F67/><W44/><G65/><T38/><D38/><U32/><E32/><V98/><F40/><W116/><G116/><T51/><D105/><U129/><E129/><V130/><F130/><W18/><G44/><T100/><D74/><U114/><E114/><V45/><F45/><W123/><G55/><T4/><D4/><U132/><E132/><V96/><F96/><W87/><G87/><T86/><D108/><N who="2" m="41514" /><F82/><W91/><G123/><T34/><D131/><U134/><E134/><V6/><AGARI ba="0,0" hai="6,8,15,23,27,31,88,92,98,118,119" m="41514" machi="6" ten="30,11700,0" yaku="14,1,10,1,52,1,54,1" doraHai="26" who="2" fromWho="2" sc="367,-39,223,-39,210,117,200,-39" /><INIT seed="2,1,0,4,0,3" ten="328,184,327,161" oya="2" hai0="51,55,53,71,40,59,102,98,105,121,18,10,95" hai1="81,39,113,109,130,12,42,28,57,120,30,45,2" hai2="8,128,131,56,34,35,41,92,106,4,0,43,44" hai3="27,84,119,31,48,77,11,103,65,82,79,85,108"/><V62/><F106/><W58/><G119/><T104/><D121/><U67/><E2/><V32/><F92/><W110/><G103/><T90/><D71/><U114/><E120/><V26/><F26/><W46/><G11/><T33/><D33/><U115/><E130/><N who="2" m="49707" /><F44/><W36/><G36/><T7/><D18/><U47/><E47/><V123/><F123/><W126/><G126/><T6/><D40/><U118/><E118/><V24/><F24/><W89/><G65/><AGARI ba="1,0" hai="0,4,8,32,34,35,41,43,56,62,65" m="49707" machi="65" ten="40,3900,0" yaku="19,1,52,1" doraHai="3" who="2" fromWho="3" sc="328,0,184,0,327,42,161,-42" /><INIT seed="2,2,0,0,4,15" ten="328,184,369,119" oya="2" hai0="96,75,126,89,59,73,129,3,64,63,44,133,83" hai1="7,77,81,135,27,100,79,48,134,93,67,110,25" hai2="51,116,95,91,10,57,113,9,5,85,1,125,26" hai3="107,105,17,2,118,130,23,104,45,111,20,122,101"/><V38/><F113/><W86/><G2/><T71/><D126/><U88/><E100/><V112/><F116/><W127/><G118/><T19/><D129/><U8/><E67/><V123/><F38/><W119/><G119/><T65/><D133/><N who="1" m="50699" /><E48/><V78/><F123/><W12/><G122/><T36/><D3/><N who="1" m="127" /><E110/><V102/><F125/><W52/><G127/><T16/><D96/><N who="1" m="57383" /><E79/><V76/><F112/><W87/><G130/><T99/><D99/><U117/><E117/><V50/><F102/><W42/><G111/><T53/><D89/><U94/><E94/><V31/><F50/><W54/><G101/><T90/><D90/><U97/><E97/><V108/><F108/><W21/><G86/><AGARI ba="2,0" hai="25,27,77,81,86" m="57383,127,50699" machi="86" ten="30,2000,0" yaku="20,1,54,1" doraHai="15" who="1" fromWho="3" sc="328,0,184,26,369,0,119,-26" /><INIT seed="3,0,0,3,1,106" ten="328,210,369,93" oya="3" hai0="109,32,68,128,103,124,73,42,88,13,116,10,22" hai1="119,61,38,108,29,123,83,131,17,98,69,113,43" hai2="76,87,8,27,64,121,5,127,129,52,133,74,94" hai3="59,132,135,24,99,91,77,81,125,72,118,6,45"/><W28/><G118/><T62/><D116/><U117/><E123/><V107/><F74/><W51/><G125/><T55/><D32/><U9/><E113/><V78/><F107/><W102/><G6/><T54/><D103/><U18/><E69/><V92/><F127/><W49/><G91/><T4/><D124/><U84/><E38/><V26/><F133/><N who="3" m="51275" /><G59/><T82/><D109/><U34/><E108/><V40/><F129/><W120/><G120/><T53/><D128/><U41/><E131/><V23/><F121/><W86/><G86/><T36/><D22/><U15/><E84/><V58/><F87/><W60/><G60/><T71/><D62/><U14/><E61/><V110/><F110/><W67/><G67/><T63/><D63/><U31/><E98/><V101/><F64/><W56/><G56/><T66/><D66/><U85/><E85/><V47/><F101/><W65/><G65/><T114/><D88/><U0/><E119/><V3/><F58/><W1/><G1/><T111/><D114/><U79/><E0/><V48/><F3/><W35/><G45/><T93/><D93/><AGARI ba="0,0" hai="24,28,35,49,51,72,77,81,93,99,102" m="51275" machi="93" ten="30,2900,0" yaku="20,1,52,1" doraHai="106" who="3" fromWho="0" sc="328,-29,210,0,369,0,93,29" /><INIT seed="3,1,0,4,4,108" ten="299,210,369,122" oya="3" hai0="32,66,86,47,29,46,80,93,123,68,54,132,60" hai1="94,113,126,102,45,39,7,84,36,74,51,73,106" hai2="23,75,63,100,124,62,2,114,116,50,26,48,89" hai3="82,115,67,112,1,133,87,49,4,53,101,97,65"/><W122/><G122/><T111/><D123/><U10/><E126/><V15/><F114/><W42/><G42/><T19/><D111/><U117/><E117/><V69/><F2/><W57/><G133/><T96/><D132/><U38/><E106/><V22/><F116/><W18/><G18/><T92/><D19/><U28/><E28/><V85/><F75/><W34/><G34/><T91/><D92/><U95/><E95/><N who="2" m="54703" /><F69/><W13/><G1/><T134/><D134/><U59/><E59/><V128/><F128/><W79/><G65/><T33/><D29/><U30/><E30/><N who="2" m="17751" /><F100/><W55/><G67/><T58/><D32/><U31/><E113/><V52/><F50/><W76/><G76/><T109/><D33/><U6/><E6/><V40/><F40/><W61/><G4/><T120/><D120/><U88/><E102/><V27/><F15/><W72/><G13/><T9/><D9/><U119/><E31/><N who="2" m="17919" /><F124/><W35/><G35/><T64/><D109/><U11/><E119/><V125/><F125/><W12/><G12/><T121/><D121/><U37/><E10/><V81/><F81/><W130/><G130/><T83/><D83/><U99/><E99/><V105/><F105/><W71/><G72/><T104/><D104/><U24/><E24/><V5/><F5/><W110/><G110/><T56/><D68/><U129/><E129/><V131/><F131/><W8/><G8/><T16/><D66/><U25/><E25/><V21/><F21/><W41/><G71/><T17/><D64/><U3/><E39/><V77/><F77/><W127/><G127/><RYUUKYOKU ba="1,0" sc="299,-15,210,15,369,15,122,-15" hai1="3,7,11,36,37,38,45,51,73,74,84,88,94" hai2="48,52,62,63" owari="284,8.4,225,-17.5,384,48.4,107,-39.3" /></mjloggm>