<mjloggm ver="2.3"><GO type="225" lobby="0"/><UN n0="%E6%97%A5%E6%9B%9C%E6%97%A5%E3%82%88%E3%82%8A%E3%81%AE%E4%BD%BF%E8%80%85" n1="%E5%8D%A0%E3%81%84%E5%B8%AB%E8%A3%8F%E3%81%AA%E3%81%84%E3%81%97" n2="%33%74%72%65%65" n3="%E3%81%8B%E3%82%8F%E3%81%A1%E3%82%83%E3%82%93%35%38" dan="16,17,16,17" rate="2102.33,2125.38,2111.39,2213.56" sx="M,M,F,M"/><TAIKYOKU oya="0"/><INIT seed="0,0,0,3,2,8" ten="250,250,250,250" oya="0" hai0="21,24,119,122,37,27,87,19,68,16,94,43,33" hai1="48,59,0,58,73,93,36,82,121,116,108,91,12" hai2="81,84,98,10,83,22,133,114,76,49,44,128,99" hai3="54,118,39,11,51,42,5,104,96,86,88,14,26"/><T62/><D119/><U109/><E116/><V107/><F114/><W41/><G118/><T60/><D122/><U125/><E36/><V111/><F111/><W38/><G38/><T95/><D68/><U29/><E0/><V103/><F128/><W110/><G39/><T97/><D87/><U71/><E71/><V106/><F133/><W2/><G110/><N who="1" m="42602" /><E125/><V18/><F10/><W57/><G2/><T13/><D33/><U4/><E29/><V17/><F81/><W100/><REACH who="3" step="1"/><G26/><REACH who="3" ten="250,250,250,240" step="2"/><T66/><D37/><U50/><E121/><V89/><F22/><W113/><G113/><T115/><D115/><U92/><E73/><V25/><F25/><W101/><G101/><T105/><D27/><U90/><E50/><V135/><F135/><W130/><G130/><T40/><D105/><U28/><E48/><V30/><F107/><W47/><G47/><T78/><D24/><U23/><E28/><V7/><F30/><W75/><G75/><T32/><D32/><U9/><E23/><V3/><F49/><W65/><G65/><T127/><D66/><U56/><E82/><AGARI ba="0,1" hai="5,11,14,41,42,51,54,57,82,86,88,96,100,104" machi="82" ten="30,8000,1" yaku="1,1,7,1,52,1,54,1,53,1" doraHai="8" doraHaiUra="1" who="3" fromWho="1" sc="250,0,250,-80,250,0,240,90" /><INIT seed="1,0,0,3,1,42" ten="250,170,250,330" oya="1" hai0="133,34,9,2,7,88,105,1,11,102,66,85,25" hai1="52,54,46,49,84,63,111,62,82,129,94,57,23" hai2="75,58,125,51,60,13,91,71,53,98,120,132,110" hai3="35,118,26,5,20,65,96,41,27,134,48,107,126"/><U116/><E116/><V89/><F120/><W19/><G65/><T80/><D133/><U90/><E129/><V135/><F110/><W77/><G77/><T4/><D66/><U8/><E111/><V15/><F125/><W79/><G79/><T72/><D72/><U74/><E74/><V29/><F75/><W97/><G107/><T68/><D68/><U32/><E32/><V123/><F123/><W59/><G5/><T130/><D130/><U47/><E8/><V56/><F71/><W0/><G0/><T103/><REACH who="0" step="1"/><D105/><REACH who="0" ten="240,170,250,330" step="2"/><U18/><E94/><V33/><F135/><W16/><G134/><T3/><D3/><U12/><E62/><V78/><F132/><W83/><G118/><T43/><D43/><U113/><E113/><V67/><F67/><W37/><G41/><T36/><D36/><U44/><AGARI ba="0,1" hai="12,18,23,44,46,47,49,52,54,57,63,82,84,90" machi="44" ten="20,18000,2" yaku="0,1,7,1,8,1,52,3,54,1" doraHai="42" who="1" fromWho="1" sc="240,-60,170,190,250,-60,330,-60" /><INIT seed="1,1,0,5,5,80" ten="180,360,190,270" oya="1" hai0="3,108,16,27,37,92,7,78,96,99,135,66,53" hai1="130,9,76,25,84,61,91,29,8,93,48,70,86" hai2="35,116,49,57,102,101,58,134,67,77,11,90,0" hai3="12,41,72,79,131,10,60,18,83,69,54,19,127"/><U63/><E130/><V15/><F116/><W52/><G131/><T32/><D37/><U113/><E113/><V24/><F0/><W6/><G127/><T105/><D66/><U133/><E133/><V34/><F134/><W33/><G33/><T30/><D135/><U71/><E48/><V82/><F90/><W106/><G106/><T42/><D108/><U2/><E2/><V62/><F35/><W21/><G41/><T128/><D42/><U118/><E118/><V36/><F36/><W85/><G19/><T122/><D122/><U97/><E70/><V65/><F24/><W112/><G112/><T64/><D64/><U81/><E71/><V13/><F34/><W38/><G38/><T50/><D78/><U124/><E124/><V75/><F15/><W31/><G31/><T23/><D128/><U88/><E61/><V110/><F110/><W95/><G69/><T117/><D105/><U17/><E63/><V22/><F22/><W46/><G46/><T107/><D107/><U51/><E51/><V59/><F67/><W44/><G44/><N who="0" m="27847" /><D92/><N who="1" m="56479" /><E29/><V87/><F75/><W103/><G60/><T73/><D73/><U111/><E111/><V14/><F14/><N who="3" m="9431" /><G72/><T129/><D129/><U119/><E119/><V123/><F123/><W4/><G4/><T55/><D117/><U45/><E45/><V28/><F28/><W56/><G56/><N who="2" m="21609" /><F49/><W20/><G20/><AGARI ba="1,0" hai="8,9,17,20,25,76,81,84,86,88,93" m="56479" machi="20" ten="30,11600,0" yaku="8,1,52,2,54,1" doraHai="80" who="1" fromWho="3" sc="180,0,360,119,190,0,270,-119" /><INIT seed="1,2,0,0,5,83" ten="180,479,190,151" oya="1" hai0="13,23,10,87,63,113,14,112,37,60,53,2,70" hai1="99,91,107,27,9,130,123,5,29,48,66,17,15" hai2="74,7,33,117,128,88,116,94,49,93,126,54,52" hai3="34,95,75,51,0,96,121,81,42,38,100,3,92"/><U134/><E123/><V32/><F74/><W26/><G121/><T30/><D37/><U35/><E134/><V80/><F117/><W67/><G38/><T110/><D2/><U46/><E130/><V73/><F116/><W24/><G67/><T25/><D110/><U55/><E66/><V71/><F71/><W65/><G65/><T101/><D70/><U103/><REACH who="1" step="1"/><E91/><REACH who="1" ten="180,469,190,151" step="2"/><V69/><F88/><W4/><G100/><T104/><D101/><U58/><E58/><V11/><F128/><W90/><G90/><T59/><D113/><U120/><E120/><V45/><F69/><W68/><G68/><T36/><D112/><U31/><E31/><V125/><F125/><W61/><G96/><T98/><D98/><U50/><E50/><V122/><F49/><W135/><G51/><T106/><D36/><U16/><AGARI ba="2,1" hai="5,9,15,16,17,27,29,35,46,48,55,99,103,107" machi="16" ten="30,6000,0" yaku="1,1,0,1,54,1,53,0" doraHai="83" doraHaiUra="119" who="1" fromWho="1" sc="180,-22,469,76,190,-22,151,-22" /><INIT seed="1,3,0,3,4,118" ten="158,545,168,129" oya="1" hai0="29,77,94,85,56,119,87,71,134,21,50,53,116" hai1="133,67,74,46,48,13,17,100,1,102,112,18,2" hai2="113,9,81,47,97,103,126,106,38,44,40,78,41" hai3="32,15,105,111,99,0,54,82,14,16,5,7,51"/><U95/><E112/><V76/><F126/><W64/><G32/><T12/><D71/><U122/><E74/><V4/><F113/><W104/><G0/><T127/><D127/><U27/><E67/><V45/><F41/><W120/><G64/><T93/><D134/><U110/><E133/><V135/><F135/><W28/><G28/><T49/><D116/><U10/><E110/><V98/><F98/><W83/><G111/><T23/><D119/><U26/><E95/><N who="0" m="36361" /><D77/><U125/><E125/><V108/><F78/><W86/><G120/><T69/><D69/><U88/><E48/><N who="0" m="18537" /><D12/><U61/><E13/><V123/><F123/><W132/><G132/><T101/><D101/><U33/><E33/><V52/><F52/><W11/><G5/><T25/><D23/><U121/><E10/><V59/><F59/><W130/><G130/><T19/><D29/><U34/><E34/><V114/><F114/><W107/><G99/><T129/><D129/><U109/><E109/><V65/><F65/><W75/><G75/><T72/><D72/><U30/><E30/><V58/><F58/><W57/><REACH who="3" step="1"/><G86/><REACH who="3" ten="158,545,168,119" step="2"/><T62/><AGARI ba="3,1" hai="19,21,25,53,56,62,85,87" m="18537,36361" machi="62" ten="30,1100,0" yaku="8,1" doraHai="118" who="0" fromWho="0" sc="158,30,545,-8,168,-6,119,-6" /><INIT seed="2,0,0,3,4,128" ten="188,537,162,113" oya="2" hai0="70,50,59,73,111,22,16,114,41,92,86,7,52" hai1="4,116,11,125,101,44,123,48,8,119,43,23,112" hai2="31,133,60,79,118,29,33,88,103,1,95,39,115" hai3="74,62,51,68,46,90,9,71,13,57,19,21,82"/><V113/><F118/><W105/><G105/><T66/><D114/><U17/><E112/><V100/><F115/><W42/><G71/><T94/><D73/><U34/><E34/><V91/><F113/><W0/><G68/><T127/><D111/><U87/><E125/><V18/><F39/><W61/><G0/><T69/><D127/><U54/><E123/><V47/><F1/><W15/><G74/><T102/><D7/><U55/><E101/><N who="2" m="38987" /><F33/><W135/><G135/><T110/><D110/><U93/><E116/><V45/><F133/><W72/><G72/><T38/><D70/><U5/><E119/><V132/><F132/><W109/><G109/><T40/><D102/><U81/><E4/><V63/><F18/><W106/><G106/><T64/><D38/><U108/><E5/><V121/><F79/><W131/><G131/><T134/><D134/><U28/><E17/><V2/><F2/><W12/><G9/><T56/><D69/><U32/><E32/><V76/><F76/><W98/><G61/><N who="2" m="23625" /><F121/><W117/><G117/><T104/><D104/><U26/><E108/><V58/><F58/><W130/><G130/><T124/><D59/><U89/><E8/><V129/><F129/><W20/><G19/><T35/><D35/><U37/><E11/><V25/><F25/><W99/><G20/><T75/><D75/><U14/><E37/><V122/><F122/><W83/><G21/><T10/><D10/><U96/><E23/><V107/><F107/><W97/><REACH who="3" step="1"/><G90/><REACH who="3" ten="188,537,162,103" step="2"/><N who="0" m="53335" /><D124/><U36/><E26/><V24/><F24/><W65/><AGARI ba="0,1" hai="12,13,15,42,46,51,57,62,65,82,83,97,98,99" machi="65" ten="30,4000,0" yaku="1,1,0,1,8,1,53,0" doraHai="128" doraHaiUra="126" who="3" fromWho="3" sc="188,-10,537,-10,162,-20,103,50" /><INIT seed="3,0,0,0,5,107" ten="178,527,142,153" oya="3" hai0="85,111,50,55,123,122,109,128,112,133,121,8,93" hai1="59,18,30,91,52,131,84,70,27,21,15,24,75" hai2="118,5,60,20,67,74,43,45,35,108,17,101,97" hai3="125,7,76,3,41,77,10,119,132,48,106,83,46"/><W34/><G119/><T26/><D26/><U63/><E75/><V110/><F118/><W6/><G106/><T95/><D128/><U105/><E105/><N who="2" m="63663" /><F35/><W64/><G125/><T54/><D133/><U23/><E131/><V4/><F20/><W19/><G34/><T65/><D65/><U62/><E70/><N who="2" m="42343" /><F17/><W1/><G132/><T40/><D112/><U98/><E98/><V31/><F31/><W113/><G113/><T87/><D8/><U103/><E103/><V120/><F120/><W32/><G32/><T44/><D40/><U0/><E24/><V58/><F58/><W51/><G64/><T86/><D55/><U42/><E42/><V80/><F4/><N who="3" m="1579" /><G48/><T96/><D96/><U116/><E0/><N who="3" m="74" /><G83/><T33/><D33/><U114/><E116/><V57/><F57/><W13/><G19/><T56/><D56/><U25/><E114/><V14/><F5/><W66/><G66/><T117/><D117/><U11/><E63/><V99/><F99/><W79/><G13/><T81/><D81/><N who="1" m="49551" /><E25/><V71/><F14/><W39/><G10/><AGARI ba="0,0" hai="10,11,15,18,21,23,27,30,52,59,62" m="49551" machi="10" ten="30,2000,0" yaku="8,1,54,1" doraHai="107" who="1" fromWho="3" sc="178,0,527,20,142,0,153,-20" owari="178,-2.2,547,64.7,142,-25.8,133,-36.7" /></mjloggm>