<mjloggm ver="2.3"><GO type="225" lobby="0"/><UN n0="%E3%81%AF%E3%82%88%E3%81%8A%E3%81%98%E3%81%95%E3%82%93" n1="%E4%BF%BA%E3%81%A8%E5%A6%96%E5%A4%A2" n2="%E5%8F%AF%E5%85%90%E9%82%A3%E7%94%B1%E5%A4%9A" n3="%E8%80%81%E6%A5%BD" dan="17,17,17,16" rate="2210.82,2227.12,2174.34,2082.94" sx="M,F,F,M"/><TAIKYOKU oya="0"/><INIT seed="0,0,0,3,4,90" ten="250,250,250,250" oya="0" hai0="127,92,121,129,40,132,34,33,36,46,53,111,50" hai1="126,123,8,32,97,83,89,95,84,30,59,71,16" hai2="28,49,119,116,11,94,122,39,108,5,17,6,133" hai3="70,131,135,19,66,114,118,63,112,18,55,37,113"/><T78/><D121/><U60/><E123/><V68/><F39/><W7/><G118/><N who="2" m="45097" /><F122/><W85/><G37/><T26/><D127/><U20/><E71/><V21/><F68/><W125/><G125/><T4/><D129/><U42/><E126/><V96/><F108/><W100/><G131/><T76/><D111/><U91/><E32/><V10/><F49/><W80/><G135/><T3/><D132/><U110/><E110/><V77/><F77/><W69/><G69/><T57/><D4/><N who="2" m="1642" /><F133/><W22/><G7/><T43/><D3/><U86/><E42/><V9/><F96/><W106/><G55/><T117/><D117/><U56/><E97/><V101/><F101/><W31/><G100/><T47/><D34/><U29/><E8/><V103/><F103/><W1/><G1/><T134/><D134/><U64/><E59/><V52/><F52/><W87/><G106/><T38/><D92/><U65/><E65/><V124/><F124/><W2/><G2/><T82/><D82/><U104/><E104/><V79/><F79/><W25/><REACH who="3" step="1"/><G85/><REACH who="3" ten="250,250,250,240" step="2"/><T54/><D53/><U75/><E75/><V109/><F109/><W107/><G107/><T88/><D38/><U48/><E48/><V27/><F94/><W99/><G99/><T58/><D36/><U128/><E128/><V130/><F130/><W45/><G45/><T14/><D47/><U120/><E120/><V105/><F105/><W0/><G0/><T93/><D46/><U102/><E102/><V51/><F51/><W24/><G24/><AGARI ba="0,1" hai="16,20,24,29,30,56,60,64,83,84,86,89,91,95" machi="24" ten="30,7700,0" yaku="7,1,8,1,52,1,54,1" doraHai="90" who="1" fromWho="3" sc="250,0,250,87,250,0,240,-77" /><INIT seed="1,0,0,5,4,10" ten="250,337,250,163" oya="1" hai0="51,14,119,116,94,9,78,66,72,2,85,115,46" hai1="19,133,127,5,20,53,62,15,64,52,108,12,76" hai2="112,87,86,38,35,18,99,81,1,105,109,65,34" hai3="90,114,132,60,69,124,55,118,59,103,32,44,33"/><U100/><E133/><V102/><F38/><W36/><G114/><T79/><D115/><U47/><E127/><V120/><F112/><W74/><G74/><T58/><D2/><U77/><E108/><V6/><F120/><W73/><G73/><T110/><D110/><U130/><E130/><V97/><F109/><W125/><G103/><T13/><D72/><U0/><E0/><V48/><F97/><W67/><G90/><N who="0" m="53583" /><D119/><U11/><E100/><V31/><F65/><W61/><G32/><T37/><D37/><U45/><E45/><V21/><F31/><W70/><G33/><T22/><D116/><U106/><E106/><V41/><F87/><W111/><G111/><T82/><D82/><U83/><E83/><V68/><F68/><W113/><G118/><T49/><D66/><U80/><E80/><V25/><F6/><W123/><G113/><T101/><D101/><U3/><E3/><V43/><F1/><W4/><G4/><N who="0" m="3239" /><D58/><N who="1" m="36951" /><E47/><V91/><F34/><W93/><G93/><T40/><D51/><U126/><E126/><N who="3" m="48746" /><G123/><T17/><AGARI ba="0,0" hai="14,17,22,40,46,49,78,79" m="3239,53583" machi="17" ten="30,4000,0" yaku="8,1,52,2" doraHai="10" who="0" fromWho="0" sc="250,40,337,-20,250,-10,163,-10" /><INIT seed="2,0,0,1,2,116" ten="290,317,240,153" oya="2" hai0="59,123,69,112,39,62,51,108,57,107,22,40,6" hai1="117,42,3,88,37,12,2,49,20,63,87,121,45" hai2="43,28,74,64,7,32,72,41,1,81,11,54,38" hai3="97,27,29,119,36,65,128,133,89,96,130,61,122"/><V86/><F64/><W47/><G119/><T85/><D107/><U31/><E117/><V46/><F43/><W66/><G133/><T5/><D112/><U102/><E102/><V78/><REACH who="2" step="1"/><F54/><REACH who="2" ten="290,317,230,153" step="2"/><W70/><G66/><T127/><D40/><U90/><E42/><V18/><F18/><W53/><G36/><T131/><D39/><U10/><E37/><V8/><F8/><W33/><G53/><T132/><D69/><U26/><E10/><V113/><F113/><W115/><G115/><T105/><D132/><U50/><E2/><V103/><F103/><W95/><G47/><T109/><D59/><U71/><E3/><V48/><F48/><W23/><G23/><T118/><D51/><U135/><E49/><V79/><F79/><W80/><G80/><T124/><D57/><U15/><E135/><V25/><AGARI ba="0,1" hai="1,7,11,25,28,32,38,41,46,72,74,78,81,86" machi="25" ten="30,6000,0" yaku="1,1,0,1,53,1" doraHai="116" doraHaiUra="68" who="2" fromWho="2" sc="290,-20,317,-20,230,70,153,-20" /><INIT seed="2,1,0,5,4,6" ten="270,297,300,133" oya="2" hai0="36,33,68,135,77,0,64,103,75,104,17,15,5" hai1="3,9,69,48,62,72,39,81,101,134,82,116,102" hai2="51,44,124,121,113,110,13,105,53,79,16,30,55" hai3="29,84,114,73,37,7,61,120,56,43,2,27,87"/><V18/><F113/><W90/><G73/><T52/><D135/><U25/><E116/><V35/><F121/><W128/><G120/><T108/><D108/><U95/><E134/><V1/><F1/><W123/><G123/><T96/><D36/><U63/><E39/><V122/><F122/><W20/><G128/><T115/><D115/><U8/><E3/><V54/><F105/><W57/><G114/><T41/><D33/><U42/><E25/><V112/><F112/><W118/><G118/><T83/><D41/><U109/><E109/><V71/><F71/><W50/><G37/><T98/><D96/><U67/><E63/><V59/><F110/><W127/><G127/><T132/><D132/><U92/><E92/><V100/><F124/><W10/><G90/><T99/><D98/><U22/><E22/><V119/><F100/><W93/><G93/><T125/><D125/><U24/><E24/><V97/><F97/><W94/><G94/><T40/><D40/><U46/><E95/><V129/><F119/><W19/><G29/><T111/><D111/><U14/><E14/><V86/><F129/><W65/><REACH who="3" step="1"/><G57/><REACH who="3" ten="270,297,300,123" step="2"/><T133/><D133/><U31/><E31/><V126/><F126/><W23/><G23/><N who="0" m="11711" /><D68/><U45/><E72/><V60/><F30/><W34/><G34/><T28/><D28/><U130/><E130/><V11/><F35/><W91/><G91/><T80/><D75/><U12/><E69/><V107/><F59/><W106/><G106/><T38/><D38/><U26/><E101/><V49/><F107/><W117/><G117/><T88/><D104/><RYUUKYOKU ba="1,1" sc="270,-10,297,-10,300,-10,123,30" hai3="2,7,10,19,20,27,43,50,56,61,65,84,87" /><INIT seed="3,2,1,0,3,115" ten="260,287,290,153" oya="3" hai0="88,116,72,61,76,98,4,135,128,44,104,30,40" hai1="122,12,79,16,101,55,118,109,69,45,33,58,102" hai2="75,23,54,65,70,49,2,13,39,57,60,1,34" hai3="25,117,94,74,18,134,27,41,86,123,119,10,14"/><W42/><G74/><T52/><D116/><N who="3" m="44617" /><G123/><T5/><D128/><U105/><E118/><V68/><F34/><W20/><G94/><N who="0" m="56647" /><D72/><U127/><E109/><V73/><F68/><W121/><G86/><T113/><D104/><U37/><E127/><V107/><F107/><W82/><G82/><T89/><D135/><U59/><E122/><V130/><F130/><W124/><G121/><T8/><D113/><U133/><E133/><V15/><F75/><W112/><G112/><T28/><D76/><U29/><E69/><V87/><F73/><W66/><G134/><T90/><D40/><N who="3" m="15465" /><G66/><T64/><D64/><U83/><E37/><V91/><F39/><W100/><G100/><N who="1" m="38506" /><E29/><N who="0" m="11369" /><D8/><N who="1" m="6151" /><E33/><V77/><F77/><W22/><G27/><T81/><D61/><U24/><E24/><V21/><F15/><W131/><G25/><T26/><D26/><U48/><E105/><V19/><F21/><W43/><N who="3" m="15473" /><W56/><DORA hai="67" /><G56/><T51/><D90/><U93/><E93/><AGARI ba="2,1" hai="1,2,13,19,23,49,54,57,60,65,70,87,91,93" machi="93" ten="30,7700,0" yaku="7,1,25,2,52,1" doraHai="115,67" who="2" fromWho="1" sc="260,0,287,-83,290,93,153,0" owari="260,6.0,204,-19.6,383,48.3,153,-34.7" /></mjloggm>