<mjloggm ver="2.3"><GO type="225" lobby="0"/><UN n0="%E3%81%BF%E3%81%BF%E3%81%9A" n1="%48%61%61%61%6C%61%6E%64" n2="%E9%B3%B3%E6%9D%B1%E3%81%AE%E3%81%86%E3%81%95%E3%81%8E%E3%81%95%E3%82%93" n3="%E3%81%A8%E3%82%93%E3%81%A8%E3%81%93%E3%81%A8%E3%82%93" dan="16,18,17,16" rate="2163.53,2226.97,2232.09,2127.67" sx="M,M,M,F"/><TAIKYOKU oya="0"/><INIT seed="0,0,0,3,0,61" ten="250,250,250,250" oya="0" hai0="98,86,36,124,65,9,128,78,117,0,75,67,53" hai1="85,94,74,59,2,18,114,30,19,23,111,87,107" hai2="70,109,54,35,91,17,113,6,125,37,105,134,34" hai3="102,81,40,112,43,90,47,80,132,119,1,52,57"/><T77/><D117/><U89/><E111/><V8/><BYE who="1" /><F113/><W24/><G112/><T56/><D36/><U20/><E20/><V3/><F109/><UN n1="%48%61%61%61%6C%61%6E%64" /><W48/><G119/><T110/><D75/><U73/><E107/><V10/><F105/><W49/><G1/><T60/><D110/><U7/><E114/><V69/><F37/><W58/><G132/><T29/><D124/><U22/><E30/><V27/><F54/><W127/><G127/><T31/><D128/><U4/><E2/><N who="2" m="87" /><F91/><W93/><G102/><T96/><D9/><U71/><E71/><V46/><F46/><W103/><G103/><T16/><D0/><U121/><E59/><V42/><F42/><W45/><G24/><T133/><D16/><U95/><REACH who="1" step="1"/><E89/><REACH who="1" ten="250,240,250,250" step="2"/><V123/><F70/><W11/><G11/><T97/><D133/><U25/><E25/><V130/><F69/><W131/><G131/><T92/><D78/><U12/><E12/><V64/><F134/><W26/><G26/><T13/><D13/><U104/><E104/><V120/><F130/><W122/><G58/><T44/><D44/><U118/><E118/><V101/><F125/><W72/><G47/><T51/><D77/><U55/><E55/><V50/><F3/><W66/><G45/><N who="0" m="27887" /><D65/><U126/><E126/><V115/><F64/><W33/><G66/><T84/><D84/><U14/><E14/><V38/><F115/><W15/><G15/><T79/><D79/><U41/><E41/><V135/><F135/><W106/><G40/><T62/><D62/><U76/><E76/><V28/><F27/><W99/><G43/><RYUUKYOKU ba="0,1" sc="250,15,240,15,250,-15,250,-15" hai0="29,31,56,60,67,86,92,96,97,98" hai1="4,7,18,19,22,23,73,74,85,87,94,95,121" /><INIT seed="0,1,1,1,5,93" ten="265,255,235,235" oya="0" hai0="111,129,99,57,131,95,47,11,1,7,119,38,80" hai1="134,36,98,39,122,21,2,110,62,28,20,13,9" hai2="87,101,102,32,41,63,132,60,114,29,115,81,104" hai3="35,113,85,82,55,79,49,103,83,124,68,23,91"/><T116/><D80/><U135/><E122/><V106/><F41/><W74/><G35/><T31/><D31/><U16/><E110/><V30/><F81/><W17/><G113/><T14/><D57/><U128/><E128/><N who="0" m="49225" /><D1/><U84/><E84/><V50/><F87/><W40/><G68/><T65/><D65/><U130/><E130/><V123/><F50/><W90/><G124/><T43/><D111/><U34/><E62/><V6/><F32/><W92/><G40/><T89/><AGARI ba="1,1" hai="7,11,14,38,43,47,89,95,99,116,119" m="49225" machi="89" ten="30,3000,0" yaku="19,1,52,1" doraHai="93" who="0" fromWho="0" sc="265,43,255,-11,235,-11,235,-11" /><INIT seed="0,2,0,3,2,4" ten="308,244,224,224" oya="0" hai0="61,54,130,76,55,96,89,127,86,60,123,125,92" hai1="85,104,111,53,51,35,38,0,29,27,47,128,31" hai2="44,93,15,3,37,105,97,103,58,81,19,56,73" hai3="107,84,88,132,112,65,63,118,12,98,7,106,109"/><T9/><D123/><U77/><E111/><V33/><F3/><W49/><G112/><T26/><D130/><U129/><E104/><V119/><F33/><W113/><G113/><T102/><D26/><U78/><E0/><V122/><F122/><W17/><G118/><T16/><D76/><U1/><E1/><V72/><F119/><W32/><G32/><T95/><D61/><U48/><E38/><V13/><F105/><W131/><G109/><T115/><D115/><U28/><E35/><V41/><F13/><W39/><G39/><T80/><D95/><U110/><E27/><V117/><F117/><W22/><G132/><T64/><D127/><U69/><E69/><V133/><F133/><W5/><G131/><N who="1" m="50250" /><E110/><V46/><F46/><W67/><G49/><T94/><D94/><U40/><E85/><V91/><F103/><W24/><G106/><T18/><D125/><U57/><AGARI ba="2,0" hai="28,29,31,40,47,48,51,53,57,77,78" m="50250" machi="57" ten="30,1100,0" yaku="19,1" doraHai="4" who="1" fromWho="1" sc="308,-7,244,17,224,-5,224,-5" /><INIT seed="1,0,0,4,3,89" ten="301,261,219,219" oya="1" hai0="7,74,46,64,83,94,0,41,130,122,75,54,96" hai1="131,116,87,22,61,47,90,82,97,126,31,62,1" hai2="60,38,129,39,15,107,28,48,113,84,135,55,17" hai3="2,27,70,117,23,8,52,43,19,24,85,14,36"/><U30/><E116/><V67/><F129/><W133/><G70/><T58/><D130/><U80/><E1/><V12/><F135/><W111/><G133/><T29/><D29/><N who="1" m="10763" /><E131/><V124/><F124/><W93/><G111/><T4/><D64/><U101/><E126/><V121/><F121/><W66/><G66/><T44/><D122/><U100/><E80/><V112/><F107/><W53/><G117/><T59/><D0/><U106/><E106/><V71/><F28/><W108/><G108/><T65/><D65/><U81/><E22/><V37/><F84/><W125/><G125/><T25/><D25/><U57/><E82/><V51/><F12/><W77/><G36/><T132/><D83/><U11/><E11/><V76/><F76/><W10/><G43/><T45/><D132/><U73/><E73/><V68/><F68/><W134/><G134/><T16/><D41/><U91/><E47/><V5/><F5/><W56/><G77/><T86/><D75/><U9/><E9/><N who="3" m="3690" /><G2/><T20/><D74/><U69/><E69/><V33/><F33/><W102/><G53/><T109/><D109/><U127/><E127/><V79/><F79/><W40/><G40/><T78/><D78/><U128/><E128/><V114/><REACH who="2" step="1"/><F55/><REACH who="2" ten="301,261,209,219" step="2"/><W18/><G85/><T21/><D4/><U88/><E87/><V35/><F35/><W13/><G14/><T105/><D7/><U98/><E81/><V92/><F92/><W104/><G104/><T42/><D105/><U103/><E62/><V3/><F3/><W6/><G6/><T63/><D42/><U115/><E115/><RYUUKYOKU ba="0,1" sc="301,-15,261,15,209,15,219,-15" hai1="57,61,88,90,91,97,98,100,101,103" hai2="15,17,37,38,39,48,51,60,67,71,112,113,114" /><INIT seed="1,1,1,2,5,79" ten="286,276,224,204" oya="1" hai0="111,129,16,131,112,55,86,121,17,24,3,122,72" hai1="6,126,35,2,75,71,7,119,28,5,114,49,48" hai2="9,52,102,34,53,94,92,87,85,133,103,110,113" hai3="51,26,19,107,90,89,8,12,108,50,78,115,93"/><U130/><E114/><V37/><F34/><W41/><G107/><T23/><D72/><U77/><E119/><V66/><F37/><W76/><G115/><T83/><D112/><U101/><E2/><V118/><F113/><W67/><G108/><T109/><D3/><U44/><E71/><V70/><F118/><W98/><G67/><T105/><D55/><N who="2" m="21066" /><F70/><W127/><G127/><T20/><D105/><U82/><E126/><V54/><F110/><N who="0" m="41994" /><D83/><U117/><E117/><V59/><F66/><W29/><G89/><T128/><D86/><N who="2" m="32778" /><F9/><W14/><G14/><AGARI ba="1,1" hai="14,16,17,20,23,24,121,122,128,129,131" m="41994" machi="14" ten="40,8000,1" yaku="19,1,14,1,34,2,54,1" doraHai="79" who="0" fromWho="3" sc="286,93,276,0,224,0,204,-83" /><INIT seed="2,0,0,0,0,104" ten="379,276,224,121" oya="2" hai0="58,2,51,33,83,135,61,72,19,36,86,25,52" hai1="103,85,42,30,15,126,24,9,31,101,54,13,87" hai2="75,132,127,35,91,44,18,95,130,94,84,64,125" hai3="40,88,93,117,129,32,112,121,134,98,55,120,14"/><V11/><F35/><W48/><G117/><T102/><D36/><U81/><E126/><N who="2" m="48139" /><F130/><W82/><G32/><T41/><D72/><U106/><E42/><V89/><F64/><W97/><G129/><T47/><D2/><U10/><E106/><V46/><F132/><W114/><G134/><T6/><D135/><U38/><E38/><V21/><F11/><W133/><G133/><T128/><D128/><U62/><E54/><V131/><F131/><W115/><G40/><T123/><D123/><U8/><E62/><V5/><F5/><W90/><G14/><N who="1" m="5130" /><E24/><N who="2" m="14391" /><F75/><W92/><REACH who="3" step="1"/><G82/><REACH who="3" ten="379,276,224,111" step="2"/><T60/><D33/><U29/><E81/><V27/><F27/><W109/><G109/><T100/><D25/><U17/><E17/><V3/><F3/><W49/><G49/><N who="0" m="26863" /><D19/><U122/><E122/><V63/><F63/><N who="0" m="24138" /><D6/><U66/><E66/><V22/><F22/><W4/><G4/><T20/><D20/><U110/><E110/><V16/><F16/><W67/><G67/><T37/><D37/><U108/><E108/><V78/><F78/><AGARI ba="0,1" hai="51,52,58,78,83,86,100,102" m="24138,26863" machi="78" ten="30,2000,0" yaku="8,1,54,1" doraHai="104" who="0" fromWho="2" sc="379,30,276,0,224,-20,111,0" /><INIT seed="3,0,0,0,5,59" ten="409,276,204,111" oya="3" hai0="53,2,119,125,13,71,38,11,116,31,18,127,96" hai1="66,21,25,124,101,107,16,114,79,34,83,88,105" hai2="23,65,95,1,5,49,85,104,129,121,73,27,126" hai3="89,26,76,35,118,98,110,106,134,117,12,109,41"/><W46/><G76/><T94/><D71/><U102/><E114/><V32/><F104/><W108/><G134/><T122/><D122/><U61/><E124/><N who="0" m="47689" /><D38/><U133/><E133/><V24/><F73/><W91/><G12/><T77/><D77/><U103/><E34/><V132/><F126/><W63/><G106/><T123/><D123/><U135/><E135/><V57/><F121/><W74/><G74/><T69/><D69/><U50/><E50/><V62/><F132/><W45/><G98/><T93/><D31/><U84/><REACH who="1" step="1"/><E79/><REACH who="1" ten="409,266,204,111" step="2"/><V51/><F129/><W52/><G117/><T29/><D119/><U130/><E130/><V81/><F32/><W4/><G118/><T43/><D116/><U97/><E97/><V6/><F95/><W64/><G4/><N who="2" m="1641" /><F1/><W15/><G15/><T42/><D94/><U28/><E28/><N who="2" m="17439" /><F27/><W44/><G41/><T111/><D29/><U115/><E115/><V55/><F65/><W68/><G52/><T58/><D2/><U0/><E0/><V90/><AGARI ba="0,1" hai="49,51,55,57,62,81,85,90" m="17439,1641" machi="90" ten="30,2000,0" yaku="8,1,52,1" doraHai="59" who="2" fromWho="2" sc="409,-5,266,-5,204,30,111,-10" owari="404,50.4,261,6.1,234,-16.6,101,-39.9" /></mjloggm>