<mjloggm ver="2.3"><GO type="225" lobby="0"/><UN n0="%E5%AF%82%E5%AF%9E%E3%82%AE%E3%83%8D%E3%82%B9%E3%83%93%E3%83%BC%E3%83%AB" n1="%E3%81%A9%E3%82%8F%E3%82%93%E3%81%94" n2="%E5%B8%86%E7%AB%8B%E5%A4%8F%E8%A1%A3" n3="%E3%83%AD%E3%83%83%E3%83%86%E9%9B%80%E7%90%83" dan="16,16,16,17" rate="2156.63,2145.90,2073.84,2209.19" sx="M,M,M,M"/><TAIKYOKU oya="0"/><INIT seed="0,0,0,2,5,29" ten="250,250,250,250" oya="0" hai0="33,22,34,52,81,109,133,30,5,135,46,91,53" hai1="95,63,32,130,7,111,110,47,122,68,55,113,65" hai2="74,85,25,94,120,31,23,60,82,100,36,61,59" hai3="107,42,13,40,37,87,8,26,72,21,129,97,73"/><T70/><D70/><U35/><E122/><V101/><F120/><W64/><G129/><T75/><D109/><N who="1" m="41483" /><E130/><V117/><F117/><W56/><G107/><T84/><D75/><U69/><E69/><V115/><F115/><W98/><G73/><T9/><D22/><U132/><E113/><V24/><F36/><W44/><G72/><T79/><D79/><U43/><E132/><N who="0" m="50761" /><D30/><U76/><E76/><N who="2" m="46279" /><F74/><W50/><G87/><T28/><D28/><U16/><E7/><V123/><F123/><W51/><G37/><T103/><D103/><N who="2" m="39498" /><F25/><W106/><G106/><T41/><D41/><U80/><E80/><V0/><F94/><W104/><G104/><T20/><D20/><U131/><E55/><N who="0" m="21065" /><D46/><U54/><E54/><N who="2" m="33911" /><F0/><AGARI ba="0,0" hai="0,5,9,33,34,81,84,91" m="21065,50761" machi="0" ten="30,11600,0" yaku="20,1,52,2,54,1" doraHai="29" who="0" fromWho="2" sc="250,116,250,0,250,-116,250,0" /><INIT seed="0,1,0,3,4,129" ten="366,250,134,250" oya="0" hai0="13,76,19,74,77,128,86,65,58,116,31,45,91" hai1="127,135,73,109,105,60,38,102,3,93,55,89,0" hai2="25,6,81,66,40,34,27,33,12,94,28,85,43" hai3="30,133,103,61,108,46,64,24,134,52,14,26,15"/><T130/><D116/><U113/><E38/><V111/><F111/><W9/><G108/><T110/><D110/><U37/><E109/><V2/><F66/><W118/><G118/><T56/><D31/><U48/><E37/><V115/><F115/><W69/><G103/><T80/><D45/><U83/><E127/><V107/><F107/><W114/><G114/><T121/><D121/><U123/><E60/><V106/><F106/><W99/><G99/><T11/><D76/><N who="1" m="44431" /><E123/><V62/><F62/><W112/><G112/><T21/><D11/><U72/><E72/><V18/><F94/><W78/><G78/><T120/><D120/><U98/><E135/><N who="3" m="51722" /><G9/><T132/><D132/><U79/><E79/><V126/><F126/><W59/><G46/><T96/><D96/><U44/><E113/><V97/><F97/><W7/><G7/><T104/><D104/><U95/><E95/><V131/><F131/><N who="0" m="50218" /><D65/><U124/><E124/><V71/><F6/><W22/><G26/><T119/><D119/><U36/><E36/><V50/><F27/><W23/><G23/><T100/><D100/><U67/><E67/><V101/><F101/><W17/><G30/><T32/><D32/><U4/><E4/><V47/><F34/><W54/><G54/><T84/><D91/><U42/><E55/><V39/><F33/><W41/><G41/><T75/><D77/><U1/><E102/><V8/><F40/><W35/><G35/><T53/><D53/><N who="1" m="29831" /><E105/><V68/><F43/><W29/><G29/><T122/><D122/><U125/><E42/><N who="2" m="23007" /><F28/><W49/><AGARI ba="1,0" hai="14,15,17,22,24,49,52,59,61,64,69" m="51722" machi="49" ten="30,8000,1" yaku="20,1,52,3,54,1" doraHai="129" who="3" fromWho="3" sc="366,-41,250,-21,134,-21,250,83" /><INIT seed="1,0,0,1,2,21" ten="325,229,113,333" oya="1" hai0="22,18,29,127,53,133,101,73,89,61,110,59,9" hai1="106,15,104,111,119,67,49,32,130,40,126,76,69" hai2="37,116,57,10,26,82,38,23,81,44,77,41,66" hai3="113,87,1,131,114,17,86,124,72,62,121,94,90"/><U30/><E15/><V125/><F125/><W105/><G1/><T103/><D73/><U102/><E119/><V120/><F120/><W51/><G72/><T56/><D110/><U132/><E49/><V33/><F116/><W48/><G121/><T12/><D133/><U115/><E115/><V47/><F33/><W11/><G105/><T64/><D127/><U65/><E126/><V5/><F66/><W100/><G100/><T6/><D29/><U70/><E132/><V91/><F57/><W85/><G124/><T92/><D56/><U108/><E76/><V74/><F91/><W13/><G131/><T135/><D64/><N who="1" m="24651" /><E40/><V71/><F82/><W25/><G62/><T42/><D42/><U84/><E84/><N who="3" m="32362" /><G114/><T95/><D135/><U134/><E134/><V14/><F71/><N who="1" m="27145" /><E102/><N who="0" m="38921" /><D89/><U34/><E130/><V4/><F44/><W46/><G113/><T8/><D8/><U52/><E52/><V39/><REACH who="2" step="1"/><F4/><REACH who="2" ten="325,229,103,333" step="2"/><N who="3" m="3303" /><G46/><T20/><D6/><U129/><E129/><V88/><F88/><W35/><G35/><N who="1" m="13354" /><E30/><AGARI ba="0,1" hai="5,10,14,23,26,30,37,38,39,41,47,74,77,81" machi="30" ten="30,7700,0" yaku="1,1,7,1,52,1,53,1" doraHai="21" doraHaiUra="7" who="2" fromWho="1" sc="325,0,229,-77,103,87,333,0" /><INIT seed="2,0,0,3,5,15" ten="325,152,190,333" oya="2" hai0="73,47,131,100,68,57,108,118,14,101,134,124,106" hai1="52,75,49,12,43,128,98,123,30,33,67,10,25" hai2="117,96,94,80,107,54,55,16,26,13,86,116,127" hai3="3,21,2,130,71,89,103,20,79,11,29,24,6"/><V7/><F127/><W90/><G71/><T65/><D68/><U45/><E128/><V84/><F107/><W19/><G130/><T5/><D73/><U110/><E110/><V37/><F37/><W87/><G2/><T95/><D106/><U22/><E123/><V64/><F64/><W39/><G39/><T17/><D5/><U102/><E75/><V9/><F117/><W46/><G46/><T44/><D108/><U91/><E67/><V69/><F69/><W81/><REACH who="3" step="1"/><G103/><REACH who="3" ten="325,152,190,323" step="2"/><T129/><D118/><U105/><E91/><N who="2" m="55391" /><F116/><W121/><G121/><T83/><D101/><U40/><REACH who="1" step="1"/><E33/><REACH who="1" ten="325,142,190,323" step="2"/><V109/><F109/><W34/><G34/><T50/><D131/><U61/><E61/><V112/><F112/><W4/><G4/><AGARI ba="0,2" hai="4,10,12,22,25,30,40,43,45,49,52,98,102,105" machi="4" ten="30,3900,0" yaku="1,1,7,1,54,1,53,0" doraHai="15" doraHaiUra="111" who="1" fromWho="3" sc="325,0,142,59,190,0,323,-39" /><INIT seed="3,0,0,4,0,50" ten="325,201,190,284" oya="3" hai0="54,88,65,75,119,85,48,28,26,124,1,71,9" hai1="44,108,13,23,133,73,79,86,70,11,55,43,66" hai2="30,89,83,130,25,126,7,62,93,84,91,109,118" hai3="97,34,4,101,36,10,22,61,17,82,56,60,106"/><W27/><G36/><T78/><D119/><U74/><E70/><V38/><F38/><W35/><G82/><T24/><D75/><U115/><E115/><V128/><F118/><W19/><G19/><T41/><D78/><U103/><E108/><V46/><F109/><W135/><G135/><T77/><D77/><U6/><E133/><V31/><F126/><W45/><G45/><T49/><D124/><U94/><E66/><V63/><F7/><W120/><G61/><N who="2" m="23049" /><F46/><W121/><G35/><T87/><D65/><U127/><E127/><V134/><F134/><W99/><G99/><T72/><D72/><U40/><E74/><V113/><F113/><W116/><G34/><T39/><D41/><U57/><E73/><V112/><F112/><W64/><REACH who="3" step="1"/><G116/><REACH who="3" ten="325,201,190,274" step="2"/><T18/><D18/><U14/><E44/><V33/><F33/><W122/><G122/><T96/><D96/><N who="1" m="59799" /><E79/><V37/><F37/><W107/><G107/><T21/><D39/><U100/><E86/><N who="2" m="50399" /><F25/><W132/><G132/><T51/><D85/><U67/><E67/><V81/><F81/><W102/><G102/><T105/><D26/><U110/><E100/><V111/><F111/><W68/><G68/><T16/><D71/><U47/><E47/><V42/><F42/><N who="1" m="15913" /><E110/><V123/><F123/><W117/><G117/><T58/><D105/><U129/><E129/><AGARI ba="0,1" hai="30,31,84,91,93,128,129,130" m="50399,23049" machi="129" ten="30,1000,0" yaku="19,1" doraHai="50" who="2" fromWho="1" sc="325,0,201,-10,190,20,274,0" owari="325,42.5,191,-30.9,210,-19.0,274,7.4" /></mjloggm>