<mjloggm ver="2.3"><GO type="225" lobby="0"/><UN n0="%E6%9D%B1%E9%A2%A8%E3%81%AE%E3%81%8D%E3%82%83%E3%81%B7%E3%81%95%E3%82%93" n1="%47%68%6F%73%74%55%30" n2="%E6%A1%9C%E8%8A%B1%E9%96%83%E3%80%85" n3="%E3%81%8B%E3%82%8F%E3%81%A1%E3%82%83%E3%82%93%35%38" dan="16,17,17,16" rate="2150.11,2175.93,2242.88,2140.70" sx="M,F,M,M"/><TAIKYOKU oya="0"/><INIT seed="0,0,0,5,2,66" ten="250,250,250,250" oya="0" hai0="46,90,122,52,4,6,24,115,80,129,117,34,71" hai1="69,88,31,70,5,12,21,55,8,85,82,43,63" hai2="19,99,133,114,16,1,57,87,61,14,39,86,58" hai3="105,123,128,110,89,65,76,74,83,132,26,104,17"/><T121/><D117/><U54/><E43/><V131/><F114/><W102/><G17/><T126/><D115/><U119/><E119/><V107/><F1/><W41/><G41/><T101/><D101/><U100/><E100/><V111/><F39/><W109/><G26/><T11/><D24/><U95/><E31/><V23/><F111/><N who="3" m="42507" /><G65/><T77/><D34/><U120/><E120/><V44/><F133/><W103/><G132/><T10/><D90/><U97/><E21/><V98/><F131/><W94/><G128/><T130/><D126/><U42/><E42/><V15/><F107/><N who="3" m="41035" /><G123/><T84/><D122/><U116/><E116/><V127/><F127/><W67/><G67/><T0/><D121/><U27/><E27/><V7/><F44/><W18/><G18/><T29/><D29/><U91/><REACH who="1" step="1"/><E63/><REACH who="1" ten="250,240,250,250" step="2"/><V135/><F135/><W50/><G50/><T32/><D32/><U118/><E118/><V60/><F23/><W72/><G72/><T33/><D33/><U113/><E113/><V75/><F75/><W81/><G81/><T134/><D134/><U49/><E49/><V25/><F25/><W47/><G47/><T64/><D129/><U37/><E37/><V56/><F56/><W3/><G3/><N who="0" m="287" /><D130/><U124/><E124/><V112/><F112/><W2/><G2/><T106/><D46/><U48/><E48/><V93/><F58/><W30/><G30/><T96/><D0/><U35/><E35/><V13/><F57/><W36/><G36/><T22/><D22/><U92/><E92/><V108/><F108/><W73/><G73/><T53/><D11/><RYUUKYOKU ba="0,1" sc="250,-15,240,15,250,-15,250,15" hai1="5,8,12,54,55,69,70,82,85,88,91,95,97" hai3="74,76,83,89,94,102,103" /><INIT seed="1,1,1,4,0,26" ten="235,255,235,265" oya="1" hai0="48,124,29,21,3,79,78,100,125,96,55,5,127" hai1="73,52,56,63,70,53,108,35,105,110,60,115,72" hai2="68,102,65,119,22,12,89,80,104,59,24,103,109" hai3="15,45,121,84,99,120,71,92,40,131,25,94,57"/><U6/><E115/><V87/><F119/><W1/><G1/><T51/><D5/><U130/><E105/><V42/><F68/><W34/><G71/><T98/><D3/><U33/><E6/><V17/><F109/><N who="1" m="42089" /><E130/><V77/><F104/><W129/><G15/><T49/><D55/><N who="1" m="21067" /><E56/><V37/><F37/><W36/><G57/><T106/><D98/><U82/><E82/><V44/><F42/><W133/><G99/><T27/><AGARI ba="1,1" hai="21,27,29,48,49,51,78,79,96,100,106,124,125,127" machi="27" ten="40,5200,0" yaku="0,1,18,1,52,1" doraHai="26" who="0" fromWho="0" sc="235,65,255,-27,235,-14,265,-14" /><INIT seed="2,0,0,3,5,40" ten="300,228,221,251" oya="2" hai0="103,73,87,72,107,27,64,15,116,74,10,120,131" hai1="51,57,129,4,32,25,114,38,54,105,97,125,19" hai2="46,112,59,45,102,124,132,5,1,33,56,96,134" hai3="9,115,95,13,70,18,82,62,128,47,122,34,22"/><V135/><F112/><W49/><G122/><T68/><D120/><U21/><E114/><V69/><F33/><W63/><G115/><T16/><D116/><U113/><E113/><V36/><F69/><W29/><G34/><T71/><D131/><U77/><E129/><V98/><F124/><W91/><G70/><T7/><D64/><U6/><E125/><V28/><F28/><W89/><G128/><T61/><D61/><N who="3" m="23049" /><G82/><T106/><D87/><U44/><E77/><V37/><F5/><W20/><G29/><T100/><D68/><U119/><E119/><V118/><F118/><W111/><G111/><T55/><D71/><U86/><E86/><V11/><F11/><W3/><G3/><T88/><D55/><U133/><E133/><V66/><F1/><W67/><G67/><T92/><D27/><U121/><E32/><V41/><F66/><W101/><G101/><T83/><D7/><U90/><E121/><V108/><F108/><W123/><G123/><T12/><D83/><U65/><E65/><V39/><F98/><N who="3" m="57711" /><G91/><T43/><D103/><U130/><E130/><V126/><F126/><W99/><G99/><T109/><D100/><N who="1" m="62607" /><E90/><V81/><F81/><W50/><G50/><T75/><D109/><U76/><E76/><V31/><F31/><W17/><G17/><N who="0" m="8343" /><D107/><U104/><E104/><N who="2" m="63559" /><F36/><W127/><G127/><T2/><D106/><U78/><E78/><V93/><F93/><W8/><G8/><N who="0" m="6247" /><D2/><U42/><E38/><V110/><F110/><W30/><G30/><T53/><N who="0" m="18432" /><DORA hai="94" /><T60/><D92/><U58/><E42/><AGARI ba="0,0" hai="37,39,41,42,45,46,56,59,132,134,135" m="63559" machi="42" ten="30,11600,0" yaku="20,1,52,3" doraHai="40,94" who="2" fromWho="1" sc="300,0,228,-116,221,116,251,0" /><AGARI ba="0,0" hai="9,13,18,20,22,42,47,49" m="57711,23049" machi="42" ten="30,3900,0" yaku="8,1,52,2" doraHai="40,94" who="3" fromWho="1" sc="300,0,112,-39,337,0,251,39" /><INIT seed="2,1,0,3,3,56" ten="300,73,337,290" oya="2" hai0="84,83,6,48,115,113,126,103,41,134,110,132,88" hai1="129,26,99,1,31,4,3,89,25,11,86,124,69" hai2="73,23,94,85,91,102,28,16,109,135,78,118,55" hai3="98,61,21,125,63,33,104,17,119,81,120,66,127"/><V60/><F118/><W65/><G33/><T76/><D6/><U74/><E74/><V40/><F135/><N who="0" m="51754" /><D41/><U7/><E129/><V45/><F109/><W0/><G0/><T107/><D48/><U111/><E111/><V114/><F114/><N who="0" m="43530" /><D110/><U47/><E124/><N who="3" m="47690" /><G119/><T108/><D108/><U59/><E69/><V30/><F102/><N who="3" m="62551" /><G120/><T19/><D19/><U97/><E47/><V57/><F78/><W128/><G128/><T95/><D126/><U38/><E38/><V82/><F82/><W2/><G2/><T123/><D123/><U58/><E86/><V130/><F73/><W39/><G39/><T53/><D53/><U14/><E31/><V121/><F121/><W15/><G81/><T62/><D62/><AGARI ba="1,0" hai="15,17,21,61,62,63,65,66" m="62551,47690" machi="62" ten="30,7700,0" yaku="18,1,52,3" doraHai="56" who="3" fromWho="0" sc="300,-80,73,0,337,0,290,80" /><INIT seed="3,0,0,0,5,90" ten="220,73,337,370" oya="3" hai0="130,50,119,9,2,128,122,125,84,22,134,105,61" hai1="127,135,121,27,72,86,10,23,67,43,39,114,42" hai2="110,34,82,12,68,102,66,89,19,113,57,1,45" hai3="37,74,100,48,133,108,51,94,103,116,124,87,16"/><W107/><G116/><T81/><D119/><U49/><E121/><V53/><F113/><W5/><G74/><T101/><D22/><U95/><E72/><V0/><F34/><W47/><G107/><T35/><D50/><N who="3" m="18985" /><G5/><T64/><D35/><U17/><E135/><V75/><F110/><W63/><G63/><T99/><D134/><U52/><E127/><V97/><F68/><W59/><G59/><T115/><D125/><U80/><E39/><V44/><F66/><W3/><G3/><T56/><D122/><U73/><E114/><V118/><F118/><W76/><G124/><T104/><D104/><U106/><E106/><V54/><F0/><W69/><G69/><T18/><D115/><U36/><E36/><V20/><F1/><W85/><G133/><T98/><D98/><U40/><E67/><V29/><F29/><W88/><G108/><T38/><D38/><U21/><E73/><V7/><F7/><W11/><G47/><T70/><D70/><U131/><E131/><V4/><F4/><W25/><G37/><T13/><D2/><U26/><E10/><V77/><F54/><W46/><G46/><T62/><D62/><U91/><E80/><V31/><F31/><W79/><G11/><T24/><D24/><U60/><E60/><V28/><F28/><W109/><G109/><T96/><D105/><U126/><E126/><V132/><F132/><W92/><G25/><T41/><D130/><U111/><E111/><V129/><F129/><W15/><G15/><T8/><D8/><U6/><E6/><V112/><F112/><W33/><G33/><RYUUKYOKU ba="0,0" sc="220,0,73,0,337,0,370,0" owari="220,-18.0,73,-42.7,337,13.7,370,47.0" /></mjloggm>