<mjloggm ver="2.3"><GO type="225" lobby="0"/><UN n0="%E8%B6%85%E7%B4%9A%E9%B3%B3%E5%87%B0" n1="%47%68%6F%73%74%55%30" n2="%E6%97%A5%E6%9B%9C%E6%97%A5%E3%82%88%E3%82%8A%E3%81%AE%E4%BD%BF%E8%80%85" n3="%72%69%6F%75%63%68%61%6E" dan="17,17,17,16" rate="2172.17,2184.37,2151.27,2152.64" sx="M,M,M,M"/><TAIKYOKU oya="0"/><INIT seed="0,0,0,1,1,12" ten="250,250,250,250" oya="0" hai0="92,73,118,103,102,23,3,28,87,96,93,116,35" hai1="106,129,135,2,83,105,126,66,120,32,50,39,9" hai2="27,133,72,114,30,40,11,127,91,65,80,69,25" hai3="38,15,108,13,82,88,4,75,107,99,67,89,79"/><T64/><D3/><U59/><E39/><V130/><F114/><W70/><G38/><T77/><D35/><U18/><E120/><V61/><F127/><W112/><G112/><T124/><D124/><U52/><E32/><V134/><F130/><W37/><G37/><T20/><D64/><U101/><E126/><V46/><F11/><W62/><G108/><T51/><D51/><U14/><E129/><V125/><F125/><W17/><G4/><T74/><D87/><U42/><E42/><V53/><F53/><W7/><G7/><T43/><D43/><U48/><E2/><V110/><F110/><W113/><G13/><T85/><D85/><U94/><E135/><N who="2" m="51723" /><F30/><W121/><G113/><T55/><D55/><U81/><E66/><V1/><F1/><W100/><REACH who="3" step="1"/><G121/><REACH who="3" ten="250,250,250,240" step="2"/><T111/><D111/><U41/><E106/><V63/><F25/><W97/><G97/><T36/><D96/><N who="1" m="59543" /><E105/><V98/><F27/><W117/><G117/><T60/><D36/><U78/><E78/><V104/><F104/><W128/><G128/><T132/><D132/><U109/><E109/><V21/><F98/><W34/><G34/><T10/><D118/><U68/><E68/><V86/><F69/><W90/><G90/><T47/><D116/><U16/><E18/><V71/><F71/><W58/><G58/><T22/><D77/><U56/><E56/><V29/><F91/><W131/><G131/><T84/><D28/><U54/><E54/><V24/><F29/><W115/><G115/><T49/><D103/><U123/><E123/><V44/><F40/><W76/><G76/><RYUUKYOKU ba="0,1" sc="250,-15,250,15,250,-15,240,15" hai1="9,14,16,41,48,50,52,59,81,83" hai3="15,17,62,67,70,75,79,82,88,89,99,100,107" /><INIT seed="1,1,1,2,4,99" ten="235,265,235,255" oya="1" hai0="14,59,7,46,73,51,134,44,26,97,77,116,114" hai1="111,37,27,45,40,124,67,19,1,123,80,12,2" hai2="38,76,108,49,65,71,30,66,105,90,58,55,22" hai3="24,52,3,107,23,34,84,79,64,50,6,10,129"/><U88/><E123/><V98/><F108/><W118/><G118/><T91/><D116/><U106/><E111/><V121/><F121/><W16/><G129/><T127/><D114/><U74/><E106/><V33/><F38/><W20/><G107/><T47/><D127/><U53/><E124/><V60/><F66/><W25/><G34/><T42/><D134/><U72/><E67/><V128/><F128/><W11/><G64/><T101/><D91/><U119/><E119/><V122/><F122/><W135/><G135/><T100/><D26/><U31/><E53/><V83/><F22/><W32/><G32/><T17/><D7/><U56/><E56/><V9/><F9/><W35/><G35/><T82/><D59/><U70/><E70/><V93/><F105/><W117/><G117/><T131/><D131/><U130/><E130/><V132/><F132/><W86/><G79/><T57/><D57/><U68/><E68/><V28/><REACH who="2" step="1"/><F33/><REACH who="2" ten="235,265,225,255" step="2"/><W39/><G39/><T18/><D42/><U36/><E36/><V54/><F54/><W78/><G10/><T85/><D51/><U69/><E40/><V62/><F62/><W8/><G11/><T94/><D73/><AGARI ba="1,2" hai="28,30,49,55,58,60,65,71,73,76,83,90,93,98" machi="73" ten="30,2000,0" yaku="1,1,7,1,53,0" doraHai="99" doraHaiUra="4" who="2" fromWho="0" sc="235,-23,265,0,225,43,255,0" /><INIT seed="2,0,0,5,1,108" ten="212,265,268,255" oya="2" hai0="63,121,101,19,123,24,135,46,12,10,62,94,41" hai1="56,3,68,83,98,38,73,134,113,32,120,67,61" hai2="119,69,1,115,9,30,89,107,4,25,122,29,5" hai3="40,133,26,33,48,42,57,11,124,15,106,78,72"/><V17/><F69/><W114/><G106/><T20/><D135/><U102/><E120/><V52/><F119/><W18/><G133/><T85/><D121/><U76/><E134/><V7/><F107/><W27/><G124/><T117/><D117/><U96/><E38/><V103/><F103/><W95/><G114/><T128/><D123/><U55/><E3/><V82/><F122/><W105/><G105/><T37/><D128/><U93/><E98/><V71/><F71/><W65/><G33/><T86/><D86/><U99/><E99/><V59/><F115/><W0/><G0/><T13/><D13/><U66/><E32/><V45/><F45/><W16/><G72/><T58/><D58/><U104/><E113/><V112/><F112/><W81/><G95/><T91/><REACH who="0" step="1"/><D101/><REACH who="0" ten="202,265,268,255" step="2"/><U53/><E68/><V100/><F100/><W64/><G57/><T14/><D14/><U44/><E104/><V111/><F1/><W77/><G15/><T74/><D74/><U110/><E110/><V88/><F111/><W90/><G11/><T51/><D51/><N who="1" m="28903" /><E73/><V118/><F118/><W97/><G48/><T87/><D87/><U132/><E132/><V6/><F9/><W127/><G97/><T31/><AGARI ba="0,1" hai="10,12,19,20,24,31,37,41,46,62,63,85,91,94" machi="31" ten="20,5200,0" yaku="1,1,0,1,7,1,53,1" doraHai="108" doraHaiUra="21" who="0" fromWho="0" sc="202,62,265,-13,268,-26,255,-13" /><INIT seed="3,0,0,3,1,12" ten="264,252,242,242" oya="3" hai0="7,15,57,56,65,52,88,135,115,132,60,50,84" hai1="5,39,82,23,44,92,106,42,46,86,89,101,112" hai2="24,4,16,30,111,72,32,110,107,53,121,66,21" hai3="31,18,97,74,76,26,126,127,45,61,69,55,79"/><W1/><G1/><T103/><D115/><U59/><E112/><V123/><F72/><W109/><G74/><T120/><D120/><N who="2" m="46154" /><F107/><W128/><G128/><T93/><REACH who="0" step="1"/><D103/><REACH who="0" ten="254,252,242,242" step="2"/><U71/><E101/><V20/><F66/><N who="3" m="41167" /><G109/><N who="2" m="41481" /><F4/><W25/><G126/><T22/><D22/><U129/><E23/><N who="2" m="13415" /><F53/><W48/><G127/><T43/><D43/><U33/><E42/><V19/><F19/><W49/><G18/><T3/><D3/><U36/><E5/><V78/><F78/><W96/><G79/><T81/><D81/><U99/><E82/><V105/><F105/><W124/><G76/><T94/><D94/><U0/><E92/><V95/><F95/><W27/><G124/><T113/><D113/><U77/><E77/><V119/><F119/><W91/><G31/><T37/><D37/><U34/><E39/><V108/><F108/><W2/><G2/><T125/><D125/><U130/><E0/><V90/><F90/><W83/><G83/><T28/><D28/><U13/><E36/><V6/><F6/><W8/><G91/><T67/><D67/><U134/><E89/><V117/><F117/><W62/><G8/><AGARI ba="0,1" hai="7,8,15,50,52,56,57,60,65,84,88,93,132,135" machi="8" ten="40,8000,1" yaku="1,1,54,2,53,1" doraHai="12" doraHaiUra="9" who="0" fromWho="3" sc="254,90,252,0,242,0,242,-80" owari="344,44.4,252,5.2,242,-15.8,162,-33.8" /></mjloggm>