<mjloggm ver="2.3"><GO type="225" lobby="0"/><UN n0="%72%61%6B%33" n1="%E4%B8%89%E5%86%A0%E7%8E%8B%E3%83%BB%E5%B1%B1%E7%94%B0%E5%93%B2%E4%BA%BA" n2="%E3%81%BF%E3%81%BF%E3%81%9A" n3="%E3%83%B4%E3%83%A0%EF%BC%99%E3%81%A6" dan="16,16,17,17" rate="2160.98,2155.64,2243.32,2166.67" sx="M,M,M,M"/><TAIKYOKU oya="0"/><INIT seed="0,0,0,5,1,41" ten="250,250,250,250" oya="0" hai0="119,89,74,43,16,86,45,117,69,11,56,27,76" hai1="92,18,120,8,33,65,79,128,94,70,130,9,110" hai2="71,60,135,80,3,20,106,134,24,133,12,50,30" hai3="34,111,90,55,40,68,53,132,4,17,116,28,107"/><T48/><D69/><U59/><E33/><V36/><F36/><W104/><G116/><T125/><D125/><U19/><E79/><V61/><F3/><W32/><G68/><T5/><D74/><U101/><E70/><V52/><F106/><W62/><G4/><T118/><D76/><U121/><E59/><V54/><F71/><W39/><G111/><T25/><D56/><U31/><E31/><V131/><F131/><W114/><G114/><T97/><D97/><U51/><E51/><V1/><F1/><W123/><G40/><T93/><REACH who="0" step="1"/><D16/><REACH who="0" ten="240,250,250,250" step="2"/><U37/><E19/><N who="2" m="10343" /><F30/><W129/><G17/><T0/><AGARI ba="0,1" hai="0,5,11,25,27,43,45,48,86,89,93,117,118,119" machi="0" ten="30,6000,0" yaku="1,1,0,1,52,1,53,0" doraHai="41" doraHaiUra="124" who="0" fromWho="0" sc="240,70,250,-20,250,-20,250,-20" /><INIT seed="0,1,0,3,5,123" ten="310,230,230,230" oya="0" hai0="50,29,25,122,127,134,1,104,105,99,74,131,56" hai1="72,103,120,49,42,95,35,65,70,21,114,12,55" hai2="75,54,119,76,9,98,73,117,48,37,113,108,92" hai3="79,44,112,83,130,88,22,34,5,47,111,53,46"/><T10/><D122/><U128/><E35/><V7/><F37/><W89/><G34/><T0/><D127/><U13/><E72/><V2/><F113/><W30/><G112/><T121/><D74/><U116/><E116/><N who="2" m="44619" /><F76/><W67/><G130/><T135/><D131/><U52/><E120/><V58/><F108/><W45/><G111/><T91/><D121/><U14/><E128/><V18/><F18/><W57/><G5/><T133/><D91/><AGARI ba="1,0" hai="2,7,9,48,54,58,73,75,91,92,98" m="44619" machi="91" ten="30,1000,0" yaku="12,1" doraHai="123" who="2" fromWho="0" sc="310,-13,230,0,230,13,230,0" /><INIT seed="1,0,0,5,2,86" ten="297,230,243,230" oya="1" hai0="92,4,58,75,0,36,65,116,60,49,97,40,52" hai1="130,90,48,78,11,69,9,25,102,132,6,95,105" hai2="55,70,34,120,117,125,62,85,94,82,61,51,46" hai3="22,76,12,41,38,81,1,107,128,47,131,77,21"/><U118/><E118/><V19/><F117/><W129/><G1/><T74/><D116/><U98/><E132/><V111/><F120/><W15/><G107/><T67/><D67/><U13/><E130/><V114/><F34/><W8/><G76/><T84/><D84/><U26/><E69/><V112/><F111/><W119/><G119/><T87/><D87/><U127/><E127/><V16/><F94/><W39/><G39/><T93/><D93/><U66/><E66/><N who="2" m="41295" /><F62/><W50/><G38/><T63/><D63/><U56/><E78/><N who="2" m="46295" /><F125/><W99/><G99/><T109/><D109/><U32/><E32/><V28/><F28/><W3/><G3/><T101/><D4/><U59/><E105/><V124/><F124/><W31/><G31/><T133/><D0/><U53/><E102/><V44/><F44/><W45/><G47/><N who="0" m="23943" /><D133/><U30/><E30/><V71/><F71/><AGARI ba="0,0" hai="49,52,58,60,65,71,74,75,92,97,101" m="23943" machi="71" ten="30,2000,0" yaku="24,1,54,1" doraHai="86" who="0" fromWho="2" sc="297,20,230,0,243,-20,230,0" /><INIT seed="2,0,0,1,0,55" ten="317,230,223,230" oya="2" hai0="24,53,108,117,62,133,79,103,110,48,85,28,13" hai1="20,114,95,74,126,64,90,21,111,57,132,105,29" hai2="86,115,76,128,51,89,80,82,5,16,88,58,113" hai3="12,27,87,112,49,32,26,65,9,50,43,122,96"/><V15/><F128/><W84/><G122/><T135/><D117/><U119/><E119/><V71/><F71/><W69/><G112/><T131/><D131/><U94/><E114/><V130/><F130/><W61/><G96/><T106/><D13/><U45/><E105/><V14/><F5/><W91/><G84/><T134/><D62/><N who="1" m="37967" /><E74/><V127/><F127/><W6/><G32/><T41/><D41/><U78/><E126/><V101/><F101/><W97/><G97/><N who="0" m="61807" /><D85/><N who="1" m="52559" /><E111/><N who="0" m="42537" /><D79/><U7/><E78/><V81/><F113/><W39/><G39/><T66/><D66/><U70/><E70/><V121/><F121/><W38/><G38/><T56/><D135/><U36/><E36/><V98/><F115/><W35/><G35/><AGARI ba="0,0" hai="24,28,35,48,53,56,133,134" m="42537,61807" machi="35" ten="30,2000,0" yaku="14,1,52,1" doraHai="55" who="0" fromWho="3" sc="317,20,230,0,223,0,230,-20" /><INIT seed="3,0,0,2,5,45" ten="337,230,223,210" oya="3" hai0="89,51,14,48,91,123,2,6,47,36,33,130,100" hai1="1,118,127,120,64,59,12,67,119,65,20,135,41" hai2="76,122,71,133,103,107,131,9,52,117,55,10,88" hai3="129,24,68,17,25,15,34,80,43,93,35,98,124"/><W78/><G68/><T27/><D2/><U128/><E1/><V99/><F117/><N who="1" m="44553" /><E135/><V83/><F133/><W77/><G124/><T39/><D100/><U74/><E127/><V69/><F131/><W5/><G129/><T0/><D47/><U13/><E128/><V28/><F122/><W111/><G5/><T87/><D87/><U106/><E120/><V26/><F69/><W56/><G111/><T54/><D54/><U49/><E106/><V82/><F71/><W79/><G80/><T110/><D27/><U46/><E74/><V60/><F83/><W95/><G43/><T37/><D33/><U102/><E102/><V108/><F108/><W75/><G75/><T115/><D14/><N who="1" m="5739" /><E20/><V104/><F104/><W134/><G134/><T86/><D91/><U81/><E81/><V72/><F88/><N who="3" m="55591" /><G35/><T38/><D38/><U84/><E84/><V19/><F72/><W8/><G34/><T94/><D110/><U16/><E16/><V40/><F82/><W7/><G17/><T62/><D130/><U70/><E70/><V4/><F19/><W132/><G132/><T31/><D115/><U30/><E30/><V44/><F76/><N who="3" m="19459" /><W3/><DORA hai="50" /><G3/><T66/><D31/><U85/><E85/><V57/><F4/><W126/><G126/><T22/><D123/><U18/><E18/><V121/><F121/><W63/><G95/><T125/><D125/><U73/><E73/><V113/><F113/><W61/><G56/><AGARI ba="0,0" hai="41,46,49,56,59,64,65,67" m="5739,44553" machi="56" ten="40,2600,0" yaku="12,1,52,1" doraHai="45,50" who="1" fromWho="3" sc="337,0,230,26,223,0,210,-26" owari="337,43.7,256,5.6,223,-17.7,184,-31.6" /></mjloggm>