<mjloggm ver="2.3"><GO type="225" lobby="0"/><UN n0="%E4%BE%BF%E6%89%80" n1="%E6%B0%B7%E5%B7%9D%E9%87%8C%E5%A5%88" n2="%E9%80%9F%E6%B0%B4%E5%87%9B%E9%A6%99" n3="%E5%86%B7%E5%87%8D%E3%82%AE%E3%83%A7%E3%83%BC%E3%82%B6" dan="16,16,16,16" rate="2044.47,2110.42,2119.76,2125.95" sx="M,F,F,M"/><TAIKYOKU oya="0"/><INIT seed="0,0,0,4,0,18" ten="250,250,250,250" oya="0" hai0="40,13,117,19,79,71,50,94,14,61,134,4,132" hai1="0,9,135,42,21,17,67,35,121,51,83,87,27" hai2="62,116,82,57,47,109,133,114,129,55,69,59,110" hai3="6,1,54,113,65,20,102,103,39,23,124,26,56"/><T44/><D117/><U11/><E121/><V112/><F82/><W15/><G113/><N who="2" m="43625" /><F116/><W75/><G39/><T78/><D94/><U80/><E135/><N who="0" m="51753" /><D4/><U8/><E67/><N who="2" m="41207" /><F133/><W43/><G75/><T2/><D2/><U70/><E70/><V33/><F33/><W85/><G43/><T12/><D19/><U64/><E64/><AGARI ba="0,0" hai="12,13,14,40,44,50,61,64,71,78,79" m="51753" machi="64" ten="30,1500,0" yaku="20,1" doraHai="18" who="0" fromWho="1" sc="250,15,250,-15,250,0,250,0" /><INIT seed="0,1,0,4,1,90" ten="265,235,250,250" oya="0" hai0="132,19,49,64,122,24,9,97,48,56,98,11,32" hai1="130,68,16,33,65,108,86,93,1,103,116,112,50" hai2="87,51,131,92,30,60,134,80,14,52,27,2,38" hai3="47,125,96,71,18,43,101,107,84,78,99,79,22"/><T94/><D122/><U88/><E116/><V104/><F2/><W100/><G71/><T28/><D132/><U21/><E33/><V31/><F104/><W17/><G84/><T25/><D98/><U29/><E1/><V121/><F38/><W67/><G67/><T69/><D69/><U20/><E108/><V0/><F0/><W128/><G125/><T35/><D48/><U12/><E130/><V6/><F121/><W113/><G113/><T120/><D120/><U42/><E112/><V40/><F134/><W133/><G128/><T53/><D64/><U85/><E103/><V8/><F131/><W105/><G133/><T26/><D26/><N who="1" m="16583" /><E68/><V54/><F60/><W77/><REACH who="3" step="1"/><G22/><REACH who="3" ten="265,235,250,240" step="2"/><T15/><D9/><U109/><E65/><V72/><F72/><W127/><G127/><T57/><D35/><U119/><E119/><V135/><F135/><W81/><G81/><T59/><REACH who="0" step="1"/><D25/><REACH who="0" ten="255,235,250,240" step="2"/><U129/><E129/><V39/><F27/><W7/><G7/><T74/><D74/><U44/><E109/><V75/><F75/><W13/><G13/><T41/><D41/><U82/><E85/><V117/><F117/><W95/><G95/><AGARI ba="1,2" hai="12,16,21,42,44,50,82,86,88,93,95" m="16583" machi="95" ten="30,8000,1" yaku="8,1,52,2,54,2" doraHai="90" who="1" fromWho="3" sc="255,0,235,103,250,0,240,-83" /><INIT seed="1,0,0,2,4,86" ten="255,338,250,157" oya="1" hai0="17,32,11,109,93,56,74,42,104,34,73,51,98" hai1="75,113,91,45,53,19,72,65,54,118,8,131,39" hai2="108,116,95,79,12,46,114,117,106,60,58,37,111" hai3="44,1,15,84,85,68,64,4,23,69,123,59,81"/><U125/><E113/><V71/><F106/><W50/><G123/><T96/><D104/><U5/><E118/><V20/><F20/><W6/><G1/><T94/><D109/><N who="2" m="42058" /><F79/><W126/><G126/><T115/><D115/><U132/><E65/><V61/><F12/><W120/><G120/><T78/><D17/><U63/><E125/><V33/><F33/><W13/><G59/><T112/><D11/><U80/><E19/><V0/><F95/><W133/><G133/><T87/><D87/><U101/><E132/><V57/><F0/><W97/><G97/><T110/><D110/><U26/><E26/><V52/><F71/><W130/><G130/><T124/><D124/><U82/><E101/><V48/><F114/><W122/><G122/><T36/><D112/><U47/><E131/><V21/><F21/><W43/><G23/><T102/><D32/><U100/><E100/><V105/><F105/><W129/><G129/><T2/><D2/><U55/><E8/><V27/><F27/><W121/><G121/><T134/><D34/><U127/><E127/><V103/><F37/><W77/><G85/><T16/><D16/><U3/><E39/><V40/><F103/><W29/><G29/><T49/><D134/><U41/><E3/><V67/><AGARI ba="0,0" hai="40,46,48,52,57,58,60,61,67,116,117" m="42058" machi="67" ten="30,7900,0" yaku="14,1,34,2,54,1" doraHai="86" who="2" fromWho="2" sc="255,-20,338,-39,250,79,157,-20" /><INIT seed="2,0,0,1,1,28" ten="235,299,329,137" oya="2" hai0="65,93,10,119,54,91,16,37,87,39,135,107,50" hai1="32,103,2,94,84,98,125,126,68,78,12,86,120" hai2="43,72,115,102,57,133,89,127,129,108,96,132,22" hai3="131,17,21,1,64,70,19,14,4,9,5,8,99"/><V116/><F115/><W52/><G64/><T106/><D65/><U26/><E2/><V47/><F72/><W15/><G70/><T35/><D35/><U45/><E68/><V49/><F116/><W34/><G99/><T3/><D119/><U55/><E120/><V44/><F129/><W33/><G52/><T122/><D122/><U30/><E12/><V27/><F127/><N who="1" m="48649" /><E78/><V121/><F121/><W100/><G100/><T105/><D135/><U61/><E61/><V58/><F89/><W63/><G63/><T81/><D93/><U48/><AGARI ba="0,0" hai="26,30,32,45,48,55,84,86,94,98,103" m="48649" machi="48" ten="30,2000,0" yaku="18,1,52,1" doraHai="28" who="1" fromWho="1" sc="235,-5,299,20,329,-10,137,-5" /><INIT seed="3,0,0,0,5,73" ten="230,319,319,132" oya="3" hai0="59,48,50,127,19,41,128,77,81,17,56,0,103" hai1="106,78,69,89,6,130,95,108,135,120,1,46,55" hai2="134,104,37,96,26,5,11,44,33,7,38,102,80" hai3="105,100,20,15,75,39,122,79,45,110,25,99,132"/><W66/><G122/><T12/><D0/><U58/><E120/><V53/><F134/><W22/><G132/><T2/><D2/><U114/><E135/><V21/><F33/><W10/><G66/><T85/><D127/><U16/><E106/><V3/><F5/><W30/><G110/><T109/><D109/><U40/><E69/><V117/><F117/><W14/><G20/><T101/><D128/><U62/><E108/><V13/><F3/><W52/><G10/><T72/><D72/><U97/><E114/><V112/><F112/><W76/><G75/><T9/><D19/><U51/><E130/><V67/><F67/><W121/><G121/><T49/><REACH who="0" step="1"/><D41/><REACH who="0" ten="220,319,319,132" step="2"/><U4/><E1/><V65/><F65/><W18/><G14/><T107/><D107/><U57/><E16/><V91/><F80/><W126/><G126/><T94/><D94/><U116/><E116/><V34/><F104/><W23/><REACH who="3" step="1"/><G52/><REACH who="3" ten="220,319,319,122" step="2"/><T35/><D35/><U64/><E55/><V125/><F53/><W61/><G61/><T70/><D70/><U74/><E62/><V93/><F125/><W111/><G111/><T98/><D98/><U29/><E64/><V43/><F96/><W133/><G133/><T36/><D36/><U8/><E97/><V88/><F37/><W27/><G27/><T71/><D71/><U131/><E74/><V90/><F38/><W119/><G119/><T83/><D83/><U24/><E24/><V54/><F26/><W47/><G47/><T60/><D60/><U124/><E124/><V68/><F54/><W32/><G32/><T123/><D123/><RYUUKYOKU ba="0,2" sc="220,15,319,-15,319,-15,122,15" hai0="9,12,17,48,49,50,56,59,77,81,85,101,103" hai3="15,18,22,23,25,30,39,45,76,79,99,100,105" /><INIT seed="3,1,2,3,4,30" ten="235,304,304,137" oya="3" hai0="80,111,116,2,120,12,104,17,76,122,108,40,4" hai1="103,106,28,45,130,20,95,31,88,131,51,71,114" hai2="52,44,87,3,85,14,9,135,59,90,115,7,57" hai3="35,118,96,33,64,129,94,84,117,100,121,11,67"/><W133/><G121/><N who="0" m="46699" /><D40/><U66/><E114/><V39/><F115/><W127/><G129/><N who="1" m="49162" /><E103/><V132/><F3/><W34/><G127/><T78/><D104/><U18/><E106/><V22/><F22/><W58/><G133/><N who="2" m="51273" /><F87/><W38/><G38/><T53/><D53/><N who="1" m="29935" /><E66/><V19/><F7/><W81/><G11/><N who="0" m="2455" /><D80/><U125/><E125/><V107/><F107/><W23/><G23/><N who="0" m="11687" /><D116/><U46/><E46/><V27/><F27/><W13/><G13/><T49/><D49/><U6/><E6/><V72/><F72/><W62/><REACH who="3" step="1"/><G64/><REACH who="3" ten="235,304,304,127" step="2"/><T37/><D37/><U89/><E20/><V109/><F39/><W50/><G50/><T92/><D92/><U74/><E95/><V26/><F14/><W24/><G24/><T10/><D10/><U43/><E43/><V42/><F42/><W63/><G63/><T128/><D128/><U119/><E119/><V68/><F9/><W113/><G113/><T75/><D75/><U0/><E74/><V134/><F26/><W1/><G1/><T70/><D70/><U32/><E71/><V77/><F68/><W69/><G69/><T101/><D111/><U126/><E126/><V65/><F109/><W102/><G102/><T79/><D101/><U124/><E124/><V61/><F134/><W91/><AGARI ba="1,3" hai="33,34,35,58,62,67,81,84,91,94,96,100,117,118" machi="91" ten="30,18000,2" yaku="1,1,0,1,52,3,53,1" doraHai="30" doraHaiUra="60" who="3" fromWho="3" sc="235,-61,304,-61,304,-61,127,213" owari="174,-32.6,243,4.3,243,-15.7,340,44.0" /></mjloggm>