<mjloggm ver="2.3"><GO type="225" lobby="0"/><UN n0="%E3%82%A2%E3%83%9E%E3%83%9D%EF%BD%9E%EF%BD%9E%E3%83%A9" n1="%E8%81%B7%E6%A5%AD%E3%80%81%E9%A2%A8%32" n2="%E6%A1%9C%E8%8A%B1%E9%96%83%E3%80%85" n3="%E8%A8%88%E7%AE%97%E6%A9%9F%E8%87%AA%E7%84%B6" dan="17,16,18,17" rate="2194.47,2130.95,2211.29,2249.98" sx="M,M,M,M"/><TAIKYOKU oya="0"/><INIT seed="0,0,0,1,0,64" ten="250,250,250,250" oya="0" hai0="2,111,3,21,122,70,134,28,104,66,16,10,51" hai1="72,117,33,52,127,25,44,17,76,119,92,68,75" hai2="50,97,56,37,132,41,31,84,0,23,124,99,115" hai3="55,77,90,38,7,116,74,108,87,47,19,123,15"/><T48/><D122/><U57/><E127/><V8/><F115/><W69/><G116/><T49/><D104/><U11/><E68/><V34/><F34/><W100/><G123/><T13/><D134/><U80/><E75/><V45/><F124/><W81/><G108/><T102/><D102/><U95/><E44/><V118/><F132/><W62/><G7/><T101/><D101/><U4/><E95/><V5/><F118/><W96/><G38/><T40/><D40/><U73/><E73/><V105/><F105/><W29/><G29/><T106/><D106/><U54/><E92/><V98/><F84/><W67/><G100/><T18/><D28/><U89/><E89/><V65/><F65/><W133/><G133/><T36/><D36/><U88/><E88/><V135/><F135/><W85/><G96/><T128/><D128/><U24/><E54/><V126/><F126/><W112/><G112/><T12/><REACH who="0" step="1"/><D111/><REACH who="0" ten="240,250,250,250" step="2"/><U46/><E117/><V121/><F121/><W78/><G74/><T71/><D71/><U1/><E119/><V107/><F107/><W93/><G93/><T63/><AGARI ba="0,1" hai="2,3,10,12,13,16,18,21,48,49,51,63,66,70" machi="63" ten="30,11700,0" yaku="1,1,0,1,52,1,54,1,53,0" doraHai="64" doraHaiUra="30" who="0" fromWho="0" sc="240,127,250,-39,250,-39,250,-39" /><INIT seed="0,1,0,5,0,61" ten="367,211,211,211" oya="0" hai0="71,11,9,121,25,129,5,58,115,104,42,55,105" hai1="50,106,57,86,56,123,125,31,118,69,124,133,16" hai2="19,48,66,15,44,131,34,122,102,126,100,112,64" hai3="88,74,38,30,20,110,96,84,36,51,46,60,37"/><T35/><D115/><U81/><E118/><V26/><F112/><W113/><G113/><T127/><D121/><U0/><E69/><V72/><F122/><W82/><G110/><T130/><D71/><U41/><E106/><V132/><F72/><W24/><G74/><T80/><D42/><U2/><E31/><V101/><F131/><N who="0" m="50186" /><D80/><U134/><E41/><V29/><F132/><N who="1" m="50793" /><E16/><V117/><F126/><N who="1" m="48745" /><E123/><V76/><F76/><W97/><REACH who="3" step="1"/><G60/><REACH who="3" ten="367,211,211,201" step="2"/><T67/><D127/><U107/><E107/><V13/><F117/><W8/><G8/><T22/><D11/><U77/><E50/><V73/><F73/><W68/><G68/><T49/><D105/><U93/><E93/><V59/><F59/><AGARI ba="1,1" hai="0,2,56,57,59,77,81,86" m="48745,50793" machi="59" ten="30,2000,0" yaku="20,1,18,1" doraHai="61" who="1" fromWho="2" sc="367,0,211,33,211,-23,201,0" /><INIT seed="1,0,0,3,2,41" ten="367,244,188,201" oya="1" hai0="70,54,37,102,130,135,87,79,116,117,83,19,131" hai1="45,3,76,94,59,96,47,21,48,65,22,14,12" hai2="24,67,1,105,64,4,81,113,29,71,0,121,15" hai3="73,119,99,106,72,122,84,26,30,74,33,109,66"/><U104/><E3/><V128/><F121/><W98/><G122/><T112/><D112/><U60/><E104/><V36/><F113/><W97/><G109/><T43/><D70/><U85/><E22/><V17/><F128/><N who="0" m="49194" /><D135/><U63/><E63/><V123/><F123/><W38/><G119/><T100/><D54/><U129/><E129/><V90/><F105/><W9/><G38/><T61/><D61/><U2/><E2/><V20/><F36/><W49/><G66/><T28/><D28/><U75/><E75/><V92/><F81/><W44/><G9/><T108/><D108/><U10/><E21/><V34/><F71/><W62/><G62/><T132/><D19/><N who="1" m="8599" /><E48/><V77/><F1/><W114/><G114/><T82/><D132/><U124/><E124/><V95/><F0/><W6/><G106/><T89/><D43/><U78/><E14/><V51/><F67/><W7/><REACH who="3" step="1"/><G84/><REACH who="3" ten="367,244,188,191" step="2"/><N who="0" m="50327" /><D37/><U133/><E133/><V25/><F64/><W31/><G31/><T107/><D107/><U91/><E85/><V42/><F29/><W110/><G110/><T69/><D69/><U120/><E120/><V115/><F115/><W5/><G5/><T134/><D134/><U8/><E8/><V27/><F4/><W56/><G56/><T16/><D16/><U18/><E18/><V52/><F17/><W57/><G57/><T93/><D117/><U32/><E59/><V13/><F25/><W88/><G88/><N who="0" m="53407" /><D116/><U58/><E60/><V127/><F24/><W80/><G80/><T55/><D83/><U101/><E65/><V11/><F27/><W103/><G103/><RYUUKYOKU ba="0,1" sc="367,-10,244,-10,188,-10,191,30" hai3="6,7,26,30,33,44,49,72,73,74,97,98,99" /><INIT seed="2,1,1,2,2,79" ten="357,234,178,221" oya="2" hai0="107,47,87,5,91,59,75,44,42,77,112,95,11" hai1="89,16,46,31,128,48,115,76,92,53,36,18,123" hai2="100,30,122,56,63,15,8,26,10,88,28,33,121" hai3="3,25,130,0,85,57,50,74,66,110,45,55,23"/><V94/><F100/><W93/><G74/><T52/><D112/><U67/><E115/><V124/><F124/><W135/><G110/><T109/><D109/><U12/><E128/><V119/><F30/><W38/><G130/><T82/><D107/><U105/><E105/><V27/><F27/><W118/><G118/><T17/><D17/><U72/><E36/><V68/><F68/><W132/><G93/><T14/><D42/><U70/><E123/><V60/><F119/><W4/><G85/><T99/><D75/><U20/><E31/><V13/><F13/><W24/><G24/><T49/><AGARI ba="1,1" hai="5,11,14,44,47,49,52,59,77,82,87,91,95,99" machi="49" ten="20,8000,1" yaku="0,1,7,1,8,1,52,1,54,1" doraHai="79" who="0" fromWho="0" sc="357,93,234,-21,178,-41,221,-21" /><INIT seed="3,0,0,1,2,1" ten="450,213,137,200" oya="3" hai0="84,52,67,0,93,61,29,87,77,119,115,133,99" hai1="45,97,126,39,20,110,124,4,68,94,76,36,123" hai2="50,81,113,100,9,117,55,13,33,89,26,104,27" hai3="109,16,105,70,44,30,23,54,57,24,14,22,129"/><W106/><G70/><T49/><D0/><U118/><E110/><V12/><F113/><W96/><G129/><T92/><D133/><U25/><E68/><V47/><F117/><W127/><G127/><T128/><D29/><U41/><E123/><V91/><F33/><W60/><G109/><T85/><D93/><U122/><E122/><V116/><F116/><W108/><G108/><T56/><D128/><U28/><E76/><V37/><F37/><W130/><G130/><T15/><D15/><U72/><E72/><V48/><F104/><W2/><G2/><T107/><D107/><U46/><E118/><V71/><F71/><W103/><G44/><N who="0" m="27687" /><D115/><U69/><E69/><V3/><F100/><W74/><G74/><T134/><D134/><U101/><E46/><V75/><F3/><W17/><G30/><T18/><D18/><U102/><E102/><V31/><F31/><W83/><G83/><N who="0" m="47215" /><D119/><U8/><E39/><V19/><F75/><W131/><G131/><T7/><D7/><U73/><E73/><V40/><F13/><W21/><G106/><T135/><D135/><U95/><E45/><V86/><REACH who="2" step="1"/><F91/><AGARI ba="0,0" hai="56,61,67,85,87,91,92,99" m="47215,27687" machi="91" ten="30,2000,0" yaku="8,1,54,1" doraHai="1" who="0" fromWho="2" sc="450,20,213,0,137,-20,200,0" owari="470,57.0,213,1.3,117,-38.3,200,-20.0" /></mjloggm>