<mjloggm ver="2.3"><GO type="225" lobby="0"/><UN n0="%E4%BF%BA%E3%81%A8%E5%A6%96%E5%A4%A2" n1="%E3%83%AD%E3%83%83%E3%83%86%E9%9B%80%E7%90%83" n2="%E7%AB%8B%E8%8A%B1%E9%9F%BF" n3="%E5%A4%9C%E5%85%89%E5%A4%A9%E6%A5%BC" dan="17,16,17,16" rate="2152.63,2171.64,2154.31,2114.37" sx="F,M,F,M"/><TAIKYOKU oya="0"/><INIT seed="0,0,0,4,4,30" ten="250,250,250,250" oya="0" hai0="62,80,75,93,84,1,32,119,15,81,135,2,33" hai1="3,108,38,23,35,110,130,61,79,49,129,112,95" hai2="26,109,70,88,99,128,39,113,120,37,54,11,69" hai3="104,7,111,42,5,56,22,100,68,77,43,114,14"/><T98/><D119/><U117/><E38/><V73/><F73/><W8/><G114/><T89/><D135/><U107/><E107/><V34/><F120/><W12/><G68/><T83/><D75/><U29/><E117/><V55/><F11/><N who="3" m="4207" /><G104/><T13/><D1/><U87/><E112/><V78/><F78/><W41/><G111/><N who="1" m="42538" /><E3/><V86/><F99/><W36/><G36/><T103/><D2/><U28/><E61/><V94/><F109/><W57/><G100/><T63/><D15/><U0/><E0/><V124/><F39/><W58/><G22/><T24/><D13/><U53/><E23/><V118/><F37/><W132/><G132/><T76/><D24/><N who="1" m="18823" /><E29/><V101/><F113/><W9/><G9/><T27/><D27/><U16/><E16/><V40/><F118/><W64/><G77/><T126/><D126/><U133/><E133/><V52/><F124/><W59/><N who="3" m="14336" /><DORA hai="45" /><W72/><G72/><T50/><D50/><U134/><E134/><V21/><F21/><W44/><G64/><T20/><D20/><U18/><E18/><V106/><F26/><W31/><G31/><T91/><D76/><U47/><E79/><V125/><F125/><W46/><AGARI ba="0,0" hai="7,8,14,41,42,43,44,46" m="14336,4207" machi="46" ten="50,1600,0" yaku="8,1" doraHai="30,45" who="3" fromWho="3" sc="250,-8,250,-4,250,-4,250,16" /><INIT seed="1,0,0,0,2,4" ten="242,246,246,266" oya="1" hai0="74,18,46,8,24,122,60,45,43,58,123,65,92" hai1="15,76,125,41,48,79,102,83,130,109,5,128,100" hai2="96,113,47,88,14,98,16,34,6,27,67,62,30" hai3="7,28,73,71,22,132,21,0,121,126,72,97,11"/><U77/><E125/><V114/><F6/><W36/><G121/><N who="0" m="46091" /><D74/><U57/><E83/><V53/><F47/><W133/><G126/><T35/><D92/><U81/><E81/><V52/><F98/><W31/><G71/><T49/><D45/><N who="1" m="25647" /><E57/><N who="2" m="37327" /><F88/><W54/><G36/><T82/><D82/><U39/><E39/><V68/><F96/><W104/><G54/><T112/><D112/><N who="2" m="43114" /><F68/><W44/><G44/><T115/><D115/><U106/><E106/><V108/><F108/><W19/><G97/><T63/><D63/><U29/><E109/><V13/><F13/><N who="3" m="9455" /><G104/><T129/><D35/><U127/><E127/><V17/><F17/><W119/><G73/><T105/><D105/><U124/><E29/><N who="3" m="11338" /><G72/><T90/><D46/><U89/><E89/><V135/><F135/><W120/><G120/><T101/><D90/><U3/><E124/><V94/><F94/><W61/><G132/><T50/><D43/><U10/><E3/><V84/><F84/><W9/><G133/><T118/><D101/><U95/><E95/><V91/><F91/><W107/><G107/><T87/><D87/><U38/><E38/><V93/><F93/><W2/><G61/><T42/><D60/><U56/><E56/><V86/><F86/><W37/><G37/><T131/><D58/><U99/><E99/><V23/><AGARI ba="0,0" hai="14,16,23,27,30,34,52,53" m="43114,37327" machi="23" ten="30,4000,0" yaku="11,1,54,2" doraHai="4" who="2" fromWho="2" sc="242,-10,246,-20,246,40,266,-10" /><INIT seed="2,0,0,2,3,34" ten="232,226,286,256" oya="2" hai0="41,124,70,9,19,62,100,50,16,84,12,37,47" hai1="125,121,60,10,55,91,119,97,82,117,77,85,26" hai2="40,69,93,30,130,133,6,44,123,23,5,111,129" hai3="42,94,63,116,86,78,106,73,32,107,122,58,71"/><V57/><F123/><W2/><G116/><T114/><D114/><U21/><E125/><V88/><F69/><W33/><G122/><T104/><D124/><U54/><E121/><V17/><F30/><W74/><G42/><T36/><D100/><U110/><E110/><V51/><F133/><W39/><G39/><T112/><D112/><U83/><E10/><V109/><F57/><W35/><G2/><T96/><D96/><U0/><E0/><V28/><F28/><W46/><G46/><T72/><D72/><U108/><E108/><N who="2" m="41547" /><F17/><W59/><G71/><T45/><D104/><U131/><E131/><N who="2" m="50187" /><F23/><W68/><G68/><T89/><D19/><U113/><E113/><V103/><F103/><W65/><G59/><T101/><D101/><U53/><E60/><V31/><F31/><W128/><G128/><T115/><D115/><U61/><E61/><V132/><F132/><W27/><G58/><T22/><D9/><U24/><E21/><V15/><F15/><W52/><G63/><T75/><D45/><U64/><E64/><V43/><F43/><W11/><G65/><T80/><REACH who="0" step="1"/><D75/><REACH who="0" ten="222,226,286,256" step="2"/><U76/><E119/><V7/><F7/><W4/><G74/><T67/><AGARI ba="0,1" hai="12,16,22,36,37,41,47,50,62,67,70,80,84,89" machi="67" ten="30,8000,1" yaku="1,1,2,1,0,1,54,1,53,1" doraHai="34" doraHaiUra="8" who="0" fromWho="0" sc="222,90,226,-20,286,-40,256,-20" /><INIT seed="3,0,0,3,0,114" ten="312,206,246,236" oya="3" hai0="53,135,88,7,1,113,70,133,124,87,68,121,37" hai1="2,5,77,13,41,84,22,73,79,101,93,65,100" hai2="39,43,54,86,74,104,103,72,12,11,120,112,115" hai3="64,90,69,61,125,56,25,51,34,80,38,116,75"/><W24/><G125/><T76/><D121/><U31/><E73/><V30/><F30/><W42/><G34/><T83/><D37/><U8/><E2/><V3/><F120/><W129/><G129/><T0/><D124/><U89/><E65/><V49/><F86/><N who="3" m="50503" /><G75/><T59/><D113/><U106/><E106/><V26/><F74/><W40/><G40/><T67/><D76/><U4/><E4/><V36/><F72/><W35/><G35/><T23/><D23/><U123/><E123/><V109/><F3/><N who="0" m="1098" /><D7/><U102/><REACH who="1" step="1"/><E41/><REACH who="1" ten="312,196,246,236" step="2"/><V111/><F43/><W71/><G42/><T127/><D67/><U117/><E117/><V128/><F115/><W52/><G64/><T132/><D127/><U97/><E97/><N who="2" m="61551" /><F112/><W27/><G38/><T50/><AGARI ba="0,1" hai="50,53,59,68,70,83,87,88,132,133,135" m="1098" machi="50" ten="40,2700,0" yaku="20,1,54,1" doraHai="114" who="0" fromWho="0" sc="312,37,196,-7,246,-7,236,-13" owari="349,44.9,189,-31.1,239,3.9,223,-17.7" /></mjloggm>