<mjloggm ver="2.3"><GO type="225" lobby="0"/><UN n0="%72%61%6B%33" n1="%E8%BE%9B%E5%8F%A3%E3%82%AB%E3%83%AC%E3%83%BC%E3%83%A9%E3%82%A4%E3%82%B9" n2="%E3%81%82%E3%81%99%E3%81%AB%E3%82%83%E3%82%80" n3="%E6%B8%A9%E2%98%85%E6%83%85%E2%98%85%E6%8E%AA%E2%98%85%E7%BD%AE" dan="17,16,16,16" rate="2127.95,2216.71,2108.16,2153.88" sx="M,M,F,M"/><TAIKYOKU oya="0"/><INIT seed="0,0,0,0,5,50" ten="250,250,250,250" oya="0" hai0="65,10,6,61,131,19,100,84,12,18,110,118,4" hai1="81,66,98,122,37,82,114,44,134,32,25,130,128" hai2="35,123,0,59,53,63,39,13,38,1,94,46,102" hai3="92,21,42,124,40,116,74,28,2,48,23,109,135"/><T60/><D118/><U111/><E122/><V36/><F35/><W64/><G116/><T121/><D121/><U133/><E66/><V99/><F123/><W117/><G117/><T51/><D131/><N who="1" m="50219" /><E111/><V52/><F13/><W106/><G106/><T126/><D126/><U132/><E98/><V95/><F95/><W29/><G74/><T20/><D110/><U107/><E107/><V85/><F85/><W33/><G2/><T93/><D51/><U30/><E114/><V91/><F46/><W5/><G48/><T69/><D61/><U27/><E27/><V7/><F7/><W16/><G33/><T104/><D104/><U11/><E11/><V80/><F80/><W87/><G5/><T113/><D113/><U47/><E47/><V127/><F127/><W83/><G124/><T41/><D41/><AGARI ba="0,0" hai="25,30,32,37,41,44,81,82,132,133,134" m="50219" machi="41" ten="40,2600,0" yaku="20,1,19,1" doraHai="50" who="1" fromWho="0" sc="250,-26,250,26,250,0,250,0" /><INIT seed="1,0,0,5,1,112" ten="224,276,250,250" oya="1" hai0="2,46,0,125,77,100,119,79,68,80,70,38,107" hai1="34,43,108,83,51,127,36,66,65,76,115,99,111" hai2="78,53,58,117,130,102,103,37,97,105,98,59,56" hai3="64,135,5,21,124,26,28,57,95,92,87,86,126"/><U74/><E115/><V11/><F37/><W27/><G135/><T50/><D125/><N who="3" m="48233" /><G5/><T41/><D79/><U121/><E127/><V60/><F130/><W132/><G132/><T33/><D50/><U122/><E36/><V106/><F117/><W85/><G27/><T129/><D129/><U49/><E34/><V6/><REACH who="2" step="1"/><F78/><REACH who="2" ten="224,276,240,250" step="2"/><W133/><G133/><T131/><D119/><U128/><E128/><V69/><F69/><W23/><G23/><T47/><D131/><U110/><E121/><V89/><F89/><W134/><G134/><T19/><D33/><U91/><E122/><V44/><F44/><W16/><G28/><T9/><D46/><N who="1" m="25823" /><E51/><V71/><F71/><W10/><G10/><T94/><D70/><U55/><E55/><V113/><F113/><W3/><G3/><AGARI ba="0,1" hai="3,6,11,53,56,58,59,60,97,98,102,103,105,106" machi="3" ten="30,3900,0" yaku="1,1,7,1,9,1,53,0" doraHai="112" doraHaiUra="104" who="2" fromWho="3" sc="224,0,276,0,240,49,250,-39" /><INIT seed="2,0,0,5,3,93" ten="224,276,289,211" oya="2" hai0="103,63,99,122,4,71,20,95,129,124,108,128,24" hai1="112,109,135,13,9,58,52,42,40,134,17,14,82" hai2="116,59,38,78,6,44,114,123,12,29,15,61,27" hai3="130,64,31,92,111,69,104,100,110,51,43,22,21"/><V46/><F114/><W91/><G130/><T131/><D122/><U26/><E112/><V10/><F123/><W76/><G76/><T65/><D4/><U47/><E109/><N who="3" m="41482" /><G31/><T36/><D108/><U70/><E70/><V77/><F116/><W25/><G100/><T127/><REACH who="0" step="1"/><D36/><REACH who="0" ten="214,276,289,211" step="2"/><U133/><E133/><V85/><F38/><W49/><G104/><T2/><D2/><U80/><E135/><V3/><F3/><W83/><G83/><T35/><D35/><U18/><E134/><V19/><F77/><W62/><G43/><T0/><D0/><U57/><E80/><V5/><F78/><W8/><G8/><T72/><D72/><U30/><E82/><V117/><F5/><W113/><G113/><T73/><D73/><U79/><E79/><V105/><F105/><W119/><G119/><T90/><D90/><U23/><E42/><V33/><F117/><W50/><G25/><T55/><D55/><U89/><E89/><V106/><F106/><W87/><AGARI ba="0,1" hai="21,22,49,50,51,62,64,69,87,91,92" m="41482" machi="87" ten="30,1100,0" yaku="14,1" doraHai="93" who="3" fromWho="3" sc="214,-3,276,-3,289,-5,211,21" /><INIT seed="3,0,0,4,3,67" ten="211,273,284,232" oya="3" hai0="93,36,135,26,118,0,6,22,90,28,99,49,17" hai1="109,110,43,96,4,65,125,98,100,62,75,70,60" hai2="127,95,72,128,103,130,24,85,47,58,16,113,18" hai3="27,1,14,39,115,80,31,129,122,15,52,64,108"/><W120/><G115/><T91/><D36/><U5/><E75/><V7/><F72/><W94/><G1/><T41/><D118/><U13/><E125/><V124/><F113/><W82/><G39/><T11/><D135/><U8/><E43/><V134/><F7/><W81/><G129/><N who="2" m="49769" /><F134/><W77/><G77/><T78/><D78/><U29/><E29/><V73/><F73/><W117/><G117/><T71/><D71/><U55/><E4/><V50/><F58/><W87/><G64/><T119/><D119/><U126/><E126/><N who="2" m="48171" /><F24/><W131/><G131/><T116/><D116/><U34/><E34/><V45/><F45/><W44/><G122/><T88/><D41/><U33/><E33/><V92/><F85/><W51/><G120/><T112/><D112/><U9/><E9/><V69/><F69/><W48/><G108/><N who="1" m="41578" /><E100/><V123/><F123/><W2/><G2/><T74/><D74/><U40/><E40/><N who="2" m="24935" /><F103/><W133/><G133/><T83/><D83/><U104/><E104/><V3/><F3/><W102/><G102/><T19/><REACH who="0" step="1"/><D49/><REACH who="0" ten="201,273,284,232" step="2"/><U79/><E79/><V32/><F32/><W42/><G51/><T68/><D68/><U12/><E70/><V37/><F37/><W105/><G42/><T86/><D86/><U54/><E98/><V38/><F38/><W35/><G105/><T132/><D132/><U25/><E96/><V89/><F95/><W106/><G106/><T111/><D111/><U59/><E62/><V46/><F92/><W30/><G30/><T63/><D63/><U10/><E60/><V23/><F89/><AGARI ba="0,1" hai="0,6,11,17,19,22,26,28,88,89,90,91,93,99" machi="89" ten="40,2600,0" yaku="1,1,54,1,53,0" doraHai="67" doraHaiUra="101" who="0" fromWho="2" sc="201,36,273,0,284,-26,232,0" /><INIT seed="4,0,0,1,4,111" ten="237,273,258,232" oya="0" hai0="84,107,117,8,34,103,36,94,41,44,43,112,135" hai1="101,4,85,108,115,89,129,21,24,125,93,106,66" hai2="91,134,22,45,20,57,130,26,97,3,127,16,79" hai3="86,69,39,58,28,123,113,100,53,61,63,48,133"/><T19/><D117/><U40/><E108/><V67/><F3/><W60/><G39/><T14/><D135/><U116/><E116/><V109/><F109/><W90/><G133/><T0/><D34/><U119/><E119/><V31/><F134/><W56/><G123/><T11/><D41/><U33/><E129/><V128/><F127/><W49/><G69/><T105/><D112/><U38/><E125/><V2/><F2/><W120/><G120/><T18/><D103/><U29/><E66/><V5/><F5/><W12/><G113/><T59/><D59/><U30/><E115/><V71/><F71/><W87/><G28/><T132/><D132/><U74/><E74/><V88/><F79/><W78/><G100/><T92/><D0/><U52/><E4/><V23/><F45/><W104/><G104/><T54/><D54/><U126/><E126/><V82/><F82/><N who="3" m="47447" /><G12/><T9/><D94/><U51/><E40/><V50/><F97/><W102/><G102/><T121/><D121/><U55/><E38/><V75/><F75/><W64/><G63/><T10/><REACH who="0" step="1"/><D18/><REACH who="0" ten="227,273,258,232" step="2"/><N who="1" m="12343" /><E33/><V42/><F42/><W73/><G73/><T99/><D99/><U25/><E101/><V80/><F16/><W110/><G110/><T77/><D77/><U96/><E96/><V17/><F17/><W98/><G98/><T7/><D7/><U1/><E1/><V122/><F122/><W95/><AGARI ba="0,1" hai="48,49,53,56,58,60,61,64,87,90,95" m="47447" machi="95" ten="30,1100,0" yaku="8,1" doraHai="111" who="3" fromWho="3" sc="227,-5,273,-3,258,-3,232,21" /><INIT seed="5,0,0,5,3,128" ten="222,270,255,253" oya="1" hai0="78,102,26,64,94,40,69,45,101,116,111,9,61" hai1="22,13,99,127,63,49,20,87,130,19,15,107,123" hai2="105,59,104,5,66,110,3,18,132,119,60,89,14" hai3="115,55,129,7,31,24,58,95,10,76,35,43,41"/><U85/><E123/><V51/><F110/><W48/><G129/><T29/><D111/><U8/><E130/><V56/><F119/><W72/><G115/><T16/><D116/><U103/><E127/><V42/><F132/><W1/><REACH who="3" step="1"/><G95/><REACH who="3" ten="222,270,255,243" step="2"/><T28/><D94/><U34/><E107/><V97/><F104/><W67/><G67/><T71/><D71/><U25/><E34/><V30/><F105/><W52/><G52/><T11/><D78/><U79/><E79/><V4/><F66/><W120/><G120/><T100/><D28/><U65/><E65/><V68/><F30/><W50/><G50/><T117/><D117/><U135/><E49/><V44/><F68/><W27/><G27/><T125/><D125/><U33/><E33/><V57/><F60/><W124/><G124/><T82/><D82/><AGARI ba="0,1" hai="1,7,10,24,31,35,41,43,48,55,58,72,76,82" machi="82" ten="40,1300,0" yaku="1,1,53,0" doraHai="128" doraHaiUra="108" who="3" fromWho="0" sc="222,-13,270,0,255,0,243,23" /><INIT seed="6,0,0,0,0,59" ten="209,270,255,266" oya="2" hai0="97,1,13,72,63,124,127,85,82,69,67,49,15" hai1="130,0,66,9,31,5,77,30,92,104,18,40,3" hai2="41,16,105,55,98,65,14,60,79,125,86,27,107" hai3="100,37,118,71,10,131,108,93,96,112,7,73,134"/><V50/><F125/><N who="0" m="48202" /><D1/><U109/><E109/><V78/><F41/><W34/><G108/><T26/><D72/><U135/><E104/><V76/><F27/><W48/><G73/><T70/><D70/><U52/><E0/><V133/><F133/><W94/><G71/><T81/><D97/><U111/><E111/><V132/><F132/><W74/><G74/><T114/><D114/><U87/><E135/><V102/><F107/><W126/><G126/><T64/><D64/><U22/><E130/><V53/><F86/><W42/><G134/><T89/><D82/><U51/><E40/><V39/><F39/><W75/><G75/><T122/><D122/><U113/><E66/><V110/><F50/><W44/><G118/><T4/><D4/><U116/><E113/><V17/><F110/><W101/><G131/><T123/><D123/><U95/><E95/><V56/><REACH who="2" step="1"/><F17/><REACH who="2" ten="209,270,245,266" step="2"/><W119/><G112/><T84/><D84/><U6/><E18/><V11/><AGARI ba="0,1" hai="11,14,16,53,55,56,60,65,76,78,79,98,102,105" machi="11" ten="30,12000,1" yaku="1,1,2,1,0,1,52,1,54,1,53,0" doraHai="59" doraHaiUra="91" who="2" fromWho="2" sc="209,-40,270,-40,245,130,266,-40" owari="169,-33.1,230,3.0,375,47.5,226,-17.4" /></mjloggm>