<mjloggm ver="2.3"><GO type="225" lobby="0"/><UN n0="%E5%8F%AF%E5%85%90%E9%82%A3%E7%94%B1%E5%A4%9A" n1="%E3%81%BF%E3%82%84%E3%81%93%E3%82%93%EF%BC%91%EF%BC%90%E6%AD%B3" n2="%E5%B6%BA%E4%B8%8A%E5%92%B2" n3="%33%74%72%65%65" dan="16,16,16,16" rate="2215.61,2047.16,2073.57,2166.05" sx="F,M,F,F"/><TAIKYOKU oya="0"/><INIT seed="0,0,0,0,5,84" ten="250,250,250,250" oya="0" hai0="26,106,99,48,42,47,53,90,66,125,24,82,55" hai1="79,33,127,63,36,21,54,5,50,56,80,86,38" hai2="131,70,22,126,124,49,132,60,17,129,96,43,81" hai3="1,122,18,103,88,121,77,83,29,120,100,74,10"/><T16/><D125/><N who="2" m="48234" /><F96/><W2/><G29/><T92/><D106/><U64/><E33/><V130/><F81/><N who="3" m="45239" /><G18/><T39/><D66/><U51/><E127/><V133/><F70/><W112/><G112/><T35/><D35/><U7/><E21/><V91/><F60/><W19/><G19/><T108/><D108/><U59/><REACH who="1" step="1"/><E51/><REACH who="1" ten="250,240,250,250" step="2"/><V14/><F91/><W109/><G109/><T105/><D39/><AGARI ba="0,1" hai="5,7,36,38,39,50,54,56,59,63,64,79,80,86" machi="39" ten="40,2600,0" yaku="1,1,2,1,53,0" doraHai="84" doraHaiUra="89" who="1" fromWho="0" sc="250,-26,240,36,250,0,250,0" /><INIT seed="1,0,0,2,2,67" ten="224,276,250,250" oya="1" hai0="46,1,102,39,59,76,2,100,0,88,25,60,83" hai1="104,8,134,43,34,103,63,74,91,122,64,30,131" hai2="123,85,109,65,72,79,99,13,62,26,114,70,38" hai3="14,41,54,89,53,9,97,57,80,120,52,86,130"/><U121/><E74/><V94/><F123/><W117/><G120/><T15/><D15/><U118/><E118/><V125/><F109/><W127/><G117/><T110/><D110/><U17/><E91/><V135/><F135/><W124/><G130/><T93/><D25/><N who="1" m="18767" /><E43/><V44/><F125/><N who="3" m="48203" /><G97/><T42/><D83/><U96/><E134/><V50/><F38/><W84/><G84/><T33/><D33/><U22/><E8/><V81/><F26/><W23/><G23/><T58/><D76/><U111/><E131/><V129/><F129/><W108/><G41/><T45/><D45/><U29/><E29/><V5/><F114/><W51/><G108/><T24/><D24/><U128/><E128/><V32/><F32/><W3/><G3/><T61/><D102/><U48/><E111/><V7/><F13/><W95/><G95/><T132/><D100/><U98/><E98/><V49/><F72/><W27/><G27/><T55/><D132/><U19/><E22/><V37/><F37/><W66/><G66/><T105/><D105/><U75/><E75/><V4/><REACH who="2" step="1"/><F44/><REACH who="2" ten="224,276,240,250" step="2"/><W35/><G35/><T56/><REACH who="0" step="1"/><D55/><REACH who="0" ten="214,276,240,250" step="2"/><U18/><E122/><V36/><F36/><W82/><G54/><T112/><D112/><U106/><E121/><V16/><F16/><N who="3" m="8271" /><G53/><T92/><D92/><U47/><E106/><V90/><AGARI ba="0,2" hai="4,5,7,49,50,62,65,70,79,81,85,90,94,99" machi="90" ten="30,7900,0" yaku="1,1,0,1,52,1,53,1" doraHai="67" doraHaiUra="87" who="2" fromWho="2" sc="214,-20,276,-39,240,99,250,-20" /><INIT seed="2,0,0,5,2,117" ten="194,237,339,230" oya="2" hai0="108,45,77,30,107,58,38,74,98,81,2,37,89" hai1="126,104,17,68,76,75,47,33,43,119,52,29,135" hai2="95,5,118,69,115,18,6,12,13,49,128,14,101" hai3="96,16,88,50,123,7,106,11,32,28,64,3,26"/><V24/><F69/><W62/><G123/><T20/><D108/><U129/><E119/><V9/><F115/><W80/><G50/><T25/><D2/><U85/><E68/><V105/><F118/><W116/><G116/><T35/><D58/><U112/><E75/><V15/><F105/><W63/><G106/><T0/><D0/><U39/><E104/><V93/><F128/><W44/><G44/><T67/><D67/><U61/><E112/><V23/><F101/><W59/><G63/><T22/><D45/><U55/><E129/><V60/><F60/><W132/><G132/><T73/><D73/><U121/><E61/><V91/><F49/><W53/><G53/><T72/><D72/><U27/><E135/><V46/><F46/><W90/><G96/><T133/><D133/><U83/><E126/><V100/><F100/><W134/><G134/><T40/><D40/><U56/><E56/><V122/><F122/><W21/><G80/><T102/><REACH who="0" step="1"/><D89/><REACH who="0" ten="184,237,339,230" step="2"/><U103/><E121/><V70/><F70/><W41/><G41/><T36/><AGARI ba="0,1" hai="20,22,25,30,35,36,37,38,74,77,81,98,102,107" machi="36" ten="30,4000,0" yaku="1,1,2,1,0,1,53,0" doraHai="117" doraHaiUra="127" who="0" fromWho="0" sc="184,50,237,-10,339,-20,230,-10" /><INIT seed="3,0,0,0,1,80" ten="234,227,319,220" oya="3" hai0="122,98,117,96,55,62,42,23,35,58,83,60,43" hai1="116,21,38,31,30,11,134,124,104,97,68,113,6" hai2="25,92,72,65,1,39,73,108,20,105,41,88,53" hai3="56,87,13,54,77,103,130,40,70,4,69,74,22"/><W49/><G130/><T52/><D35/><U101/><E113/><V131/><F1/><W81/><G103/><T28/><D117/><U75/><E124/><V51/><F105/><W121/><G121/><T66/><D122/><U114/><E114/><V78/><F131/><W24/><G40/><N who="0" m="15403" /><D83/><U128/><E128/><V19/><F108/><W0/><G0/><T5/><D5/><U112/><E112/><V3/><F3/><W99/><G99/><N who="0" m="37931" /><D62/><U119/><E38/><V14/><F65/><W57/><G74/><T9/><D9/><U93/><E75/><V107/><F107/><W59/><G70/><T63/><D63/><U90/><E68/><V71/><F71/><W86/><G69/><T45/><D45/><U132/><E11/><V8/><F78/><W50/><G50/><T118/><D118/><N who="1" m="45099" /><E6/><N who="2" m="3351" /><F39/><W2/><G2/><T18/><D28/><N who="1" m="10795" /><E21/><V135/><F41/><W33/><G33/><T67/><D67/><U17/><E17/><V110/><F110/><W129/><G129/><T34/><D34/><U82/><E82/><V133/><F73/><W44/><G4/><T109/><D109/><U27/><E104/><V47/><F72/><W37/><G37/><T15/><AGARI ba="0,0" hai="15,18,23,52,55,58,60,66" m="37931,15403" machi="15" ten="30,2000,0" yaku="8,1,54,1" doraHai="80" who="0" fromWho="0" sc="234,20,227,-5,319,-5,220,-10" owari="254,5.4,222,-17.8,314,41.4,210,-29.0" /></mjloggm>