<mjloggm ver="2.3"><GO type="225" lobby="0"/><UN n0="%33%74%72%65%65" n1="%E3%80%90%E8%92%BC%E7%90%89%E3%80%91" n2="%E9%A2%A8%E3%81%A7%E9%B3%B4%E3%81%8F" n3="%67%61%79%75%6E%79" dan="16,16,16,16" rate="2095.77,2130.57,2143.47,2129.32" sx="F,F,M,M"/><TAIKYOKU oya="0"/><INIT seed="0,0,0,0,4,77" ten="250,250,250,250" oya="0" hai0="49,2,81,54,134,33,13,68,125,119,70,103,60" hai1="127,94,112,7,50,128,126,133,78,107,123,114,24" hai2="91,48,8,62,102,3,53,79,51,67,92,109,46" hai3="72,34,9,93,40,84,19,52,4,100,108,32,44"/><T76/><D119/><U30/><E107/><V47/><F109/><W82/><G72/><T74/><D2/><U118/><E50/><V22/><F79/><W63/><G108/><T80/><D134/><U10/><E94/><V97/><F22/><W27/><G19/><T61/><D125/><N who="1" m="47627" /><E78/><V20/><F20/><W17/><G17/><T66/><D33/><N who="1" m="20679" /><E123/><V11/><F3/><W36/><G27/><T29/><D29/><U55/><E55/><V105/><F102/><W69/><G93/><T117/><D117/><U23/><E118/><V90/><F90/><W65/><G100/><T88/><D103/><U35/><E35/><V58/><REACH who="2" step="1"/><F105/><REACH who="2" ten="250,250,240,250" step="2"/><W104/><G104/><T106/><D106/><U86/><E133/><V18/><F18/><W116/><G116/><T39/><D88/><U73/><E73/><V56/><F56/><W21/><G21/><T71/><D74/><U64/><E23/><V96/><F96/><W38/><G34/><T25/><D76/><U121/><E121/><V110/><F110/><W101/><G32/><T87/><D71/><U130/><E86/><V41/><AGARI ba="0,1" hai="8,11,41,46,47,48,51,53,58,62,67,91,92,97" machi="41" ten="20,12000,2" yaku="1,1,0,1,7,1,8,1,53,2" doraHai="77" doraHaiUra="5" who="2" fromWho="2" sc="250,-60,250,-30,240,130,250,-30" /><INIT seed="1,0,0,0,0,80" ten="190,220,370,220" oya="1" hai0="22,120,2,15,28,49,69,1,109,127,40,53,93" hai1="19,81,31,59,96,48,79,94,54,105,134,129,25" hai2="52,24,29,10,9,100,106,63,135,88,102,42,111" hai3="123,113,55,61,62,0,13,14,87,108,45,95,17"/><U122/><E122/><V46/><F111/><W91/><G0/><T76/><D69/><U132/><E105/><V21/><F135/><N who="1" m="51753" /><E19/><V126/><F126/><W23/><G113/><T11/><D127/><U39/><E39/><V104/><F104/><W37/><G123/><T3/><D109/><U16/><E129/><V18/><F106/><W83/><G108/><T99/><D120/><U5/><E5/><V51/><F88/><N who="3" m="51327" /><G37/><T71/><D71/><U130/><E130/><V125/><F125/><W57/><G45/><T30/><D40/><U124/><E124/><V89/><F89/><W27/><G61/><T128/><D128/><U50/><E31/><V133/><F133/><W90/><G90/><T20/><D76/><U82/><E79/><V6/><F29/><W64/><G64/><T72/><D72/><U67/><E67/><V47/><F63/><W43/><G43/><T84/><D28/><U119/><E48/><N who="2" m="28695" /><F6/><W68/><G68/><T34/><D30/><U98/><E119/><V12/><F24/><W44/><G44/><N who="0" m="27815" /><D2/><U32/><E32/><V114/><F114/><W131/><G131/><T116/><D34/><U77/><E77/><V118/><F118/><W58/><G58/><T70/><D116/><U73/><E73/><V97/><F102/><W101/><G101/><N who="0" m="60655" /><D1/><U92/><E98/><AGARI ba="0,0" hai="13,14,17,23,27,55,57,62,91,95,98" m="51327" machi="98" ten="30,7700,0" yaku="25,1,8,1,52,1,54,1" doraHai="80" who="3" fromWho="1" sc="190,0,220,-77,370,0,220,77" /><INIT seed="2,0,0,3,5,87" ten="190,143,370,297" oya="2" hai0="110,12,103,55,63,33,49,134,46,57,14,37,93" hai1="115,41,117,60,9,53,39,97,22,80,7,65,52" hai2="105,129,68,94,90,42,29,112,124,28,131,66,67" hai3="61,75,127,40,69,30,70,104,99,89,3,107,101"/><V71/><F105/><W91/><G3/><T44/><D110/><U125/><E115/><V10/><F10/><W1/><G1/><T114/><D134/><U88/><E117/><V62/><F42/><W76/><G107/><T26/><D114/><U24/><E125/><V19/><F19/><W25/><G40/><T58/><D33/><U21/><E41/><V109/><F109/><W119/><G119/><T6/><D37/><U106/><E39/><V118/><F118/><W79/><G70/><N who="2" m="26665" /><F124/><W98/><G98/><N who="0" m="59855" /><D26/><U35/><E35/><V135/><F135/><W116/><G116/><T0/><D0/><U47/><E106/><V96/><F112/><W73/><G76/><T81/><D81/><U78/><E78/><V5/><F5/><W43/><G43/><T74/><D74/><N who="3" m="28169" /><G79/><T8/><D14/><N who="1" m="5439" /><E47/><V128/><F67/><AGARI ba="0,0" hai="6,8,12,44,46,49,55,57,58,63,67" m="59855" machi="67" ten="30,1000,0" yaku="8,1" doraHai="87" who="0" fromWho="2" sc="190,10,143,0,370,-10,297,0" /><INIT seed="3,0,0,1,5,59" ten="200,143,360,297" oya="3" hai0="78,67,122,62,95,124,114,57,113,128,47,45,37" hai1="68,70,46,126,115,35,54,1,118,90,14,92,4" hai2="84,79,66,61,50,49,72,89,131,96,40,31,133" hai3="2,28,44,121,88,108,105,130,83,75,32,119,56"/><W76/><G121/><T101/><D122/><U97/><E1/><V53/><F131/><W6/><G119/><T29/><D128/><U36/><E35/><V135/><F31/><W23/><G130/><T117/><D117/><U80/><E118/><V48/><F96/><W10/><G108/><T18/><D124/><U99/><E115/><N who="0" m="44041" /><D29/><U127/><E80/><N who="2" m="49287" /><F40/><W111/><G111/><T98/><D37/><U63/><E99/><V19/><F19/><W116/><G105/><T77/><D18/><U69/><E36/><V87/><F87/><W103/><G103/><T110/><D110/><U74/><E74/><V125/><F79/><AGARI ba="0,0" hai="45,47,57,62,67,77,78,79,95,98,101" m="44041" machi="79" ten="30,2000,0" yaku="11,1,52,1" doraHai="59" who="0" fromWho="2" sc="200,20,143,0,360,-20,297,0" owari="220,-18.0,143,-35.7,340,44.0,297,9.7" /></mjloggm>