<mjloggm ver="2.3"><GO type="225" lobby="0"/><UN n0="%68%61%6A%69%6D%65%23%23" n1="%72%69%6F%75%63%68%61%6E" n2="%E9%80%9F%E6%B0%B4%E5%87%9B%E9%A6%99" n3="%E3%81%82%E3%81%B9%E3%81%99%E3%81%91" dan="17,16,16,16" rate="2094.97,2136.73,2085.89,2112.83" sx="M,M,F,M"/><TAIKYOKU oya="0"/><INIT seed="0,0,0,3,1,41" ten="250,250,250,250" oya="0" hai0="61,80,74,40,23,97,62,39,94,42,119,56,114" hai1="0,101,9,89,86,121,15,36,81,78,133,95,118" hai2="51,33,132,123,12,106,4,130,85,84,30,21,79" hai3="135,122,128,7,88,8,13,120,71,54,5,16,58"/><T98/><D114/><U3/><E133/><V35/><F123/><N who="3" m="47147" /><G71/><T60/><D119/><U127/><E127/><V91/><F106/><W68/><G68/><T11/><D11/><U109/><E109/><V38/><F38/><W43/><G135/><T37/><D56/><U47/><E121/><V77/><F132/><W2/><G128/><T63/><D63/><U113/><E118/><V32/><F130/><W129/><G129/><T53/><D53/><U69/><E69/><V93/><F4/><W14/><G43/><T72/><D62/><U104/><E113/><V111/><F111/><W18/><G88/><T102/><D94/><U82/><E82/><V67/><F67/><W96/><G96/><T83/><REACH who="0" step="1"/><D23/><REACH who="0" ten="240,250,250,250" step="2"/><U115/><E115/><V25/><F33/><W75/><G2/><T134/><D134/><U107/><E0/><V49/><F32/><W31/><G8/><T19/><D19/><U57/><E3/><V99/><F35/><W100/><G18/><T50/><D50/><U46/><E57/><V87/><F49/><W27/><G54/><T92/><D92/><U64/><E36/><V112/><F112/><W17/><G58/><T110/><D110/><U52/><E52/><V55/><F51/><W105/><G17/><T20/><D20/><U124/><E107/><V126/><F55/><W1/><G105/><T24/><D24/><U28/><E104/><V108/><F108/><W26/><G1/><T76/><D76/><N who="2" m="29258" /><F126/><W48/><G48/><T29/><D29/><U34/><E124/><V73/><F12/><N who="3" m="4715" /><G31/><T45/><D45/><N who="1" m="16907" /><E28/><V59/><F59/><RYUUKYOKU ba="0,1" sc="240,15,250,-15,250,15,250,-15" hai0="37,39,40,42,60,61,72,74,80,83,97,98,102" hai2="21,25,30,73,84,85,87,91,93,99" /><INIT seed="0,1,1,2,5,71" ten="255,235,265,235" oya="0" hai0="87,50,2,117,1,31,109,36,119,126,27,46,77" hai1="22,85,13,84,32,91,8,43,79,4,34,11,29" hai2="106,100,78,111,47,133,10,86,93,102,19,26,112" hai3="116,130,62,110,94,17,58,0,81,9,135,53,123"/><T67/><D126/><U96/><E43/><V127/><F106/><W37/><G116/><T92/><D67/><U124/><E124/><V16/><F127/><W56/><G110/><T45/><D109/><U107/><E79/><V120/><F112/><W98/><G123/><T6/><D36/><U129/><E129/><V75/><F75/><W80/><G130/><T55/><D46/><U82/><E84/><V49/><F120/><W28/><G28/><T114/><D114/><U51/><E51/><V12/><F111/><W115/><G37/><T38/><D38/><U103/><REACH who="1" step="1"/><E11/><REACH who="1" ten="255,225,265,235" step="2"/><V42/><F133/><W74/><G9/><T59/><D77/><U25/><AGARI ba="1,2" hai="4,8,13,22,25,29,32,34,82,85,91,96,103,107" machi="25" ten="30,4000,0" yaku="1,1,2,1,0,1,53,0" doraHai="71" doraHaiUra="73" who="1" fromWho="1" sc="255,-21,225,63,265,-11,235,-11" /><INIT seed="1,0,0,3,3,74" ten="234,288,254,224" oya="1" hai0="123,105,63,114,134,1,95,5,59,52,99,29,3" hai1="53,82,42,113,70,127,133,54,7,34,124,23,65" hai2="19,40,27,56,0,118,104,132,110,108,115,111,51" hai3="17,106,119,38,18,107,22,57,89,58,49,135,76"/><U94/><E133/><V43/><F104/><W100/><G38/><T14/><D134/><U128/><E128/><V72/><F132/><W11/><G135/><T20/><D114/><U97/><E34/><V129/><F129/><W68/><G68/><T85/><D123/><U87/><E113/><V15/><F0/><W10/><G89/><T83/><D105/><U36/><E7/><V16/><F115/><W61/><G100/><T81/><D1/><U60/><E23/><N who="2" m="13799" /><F72/><W39/><G39/><T26/><D3/><U121/><E121/><V64/><F118/><W33/><G22/><T116/><D116/><U31/><E31/><V98/><F98/><W41/><G41/><T2/><D2/><U75/><E75/><V9/><F64/><W67/><G67/><T79/><D83/><U8/><E8/><V4/><F4/><W96/><G96/><T131/><D131/><U109/><E109/><V62/><F62/><W120/><G61/><T93/><D99/><U50/><E36/><V103/><F103/><W35/><G120/><T69/><D69/><U77/><E42/><V13/><F13/><W30/><G30/><T47/><D47/><U101/><REACH who="1" step="1"/><E54/><AGARI ba="0,0" hai="9,15,19,40,43,51,54,56,108,110,111" m="13799" machi="54" ten="30,2000,0" yaku="14,1,54,1" doraHai="74" who="2" fromWho="1" sc="234,0,288,-20,254,20,224,0" /><INIT seed="2,0,0,5,2,104" ten="234,268,274,224" oya="2" hai0="92,119,56,100,78,128,27,31,49,88,132,90,122" hai1="117,82,106,40,14,94,29,43,15,113,99,25,33" hai2="68,121,10,50,91,133,64,75,58,107,74,55,7" hai3="129,112,130,72,111,34,39,38,9,51,126,45,87"/><V37/><F107/><W70/><G34/><T127/><D122/><U41/><E113/><V71/><F121/><W110/><G112/><T3/><D3/><U134/><E134/><V135/><F37/><N who="3" m="13835" /><G9/><T108/><D108/><N who="3" m="41513" /><G87/><T79/><D132/><N who="2" m="50762" /><F91/><N who="0" m="34858" /><D128/><N who="3" m="49257" /><G70/><N who="2" m="26665" /><F64/><W2/><G2/><AGARI ba="0,0" hai="2,7,10,50,55,58,74,75" m="26665,50762" machi="2" ten="30,5800,0" yaku="20,1,52,2" doraHai="104" who="2" fromWho="3" sc="234,0,268,0,274,58,224,-58" /><INIT seed="2,1,0,2,4,28" ten="234,268,332,166" oya="2" hai0="122,7,93,104,66,71,134,74,56,50,70,52,100" hai1="83,45,31,109,133,105,78,22,87,110,54,18,60" hai2="27,125,68,135,63,26,102,99,47,21,77,46,75" hai3="33,14,9,121,130,86,35,90,69,80,113,84,88"/><V120/><F120/><W20/><G121/><T132/><D122/><U13/><E133/><N who="0" m="51305" /><D74/><U39/><E105/><V8/><F27/><W41/><G130/><T124/><D124/><U55/><E31/><V3/><F125/><W15/><G113/><T53/><D104/><U64/><E39/><V79/><F8/><W11/><G69/><N who="0" m="26123" /><D7/><U57/><REACH who="1" step="1"/><E45/><REACH who="1" ten="234,258,332,166" step="2"/><V43/><F46/><W44/><G44/><T82/><D82/><U131/><E131/><V48/><F47/><W1/><G41/><T108/><D108/><AGARI ba="1,1" hai="13,18,22,54,55,57,60,64,78,83,87,108,109,110" machi="108" ten="40,8000,1" yaku="1,1,14,1,53,2" doraHai="28" doraHaiUra="49" who="1" fromWho="0" sc="234,-83,258,93,332,0,166,0" /><INIT seed="3,0,0,5,3,53" ten="151,351,332,166" oya="3" hai0="54,81,40,87,125,123,79,88,66,41,55,19,98" hai1="47,32,9,129,80,96,124,1,67,65,85,17,89" hai2="50,16,26,62,77,57,11,6,7,131,49,112,133" hai3="116,12,21,31,76,99,56,44,122,114,30,63,45"/><W27/><G114/><T61/><D125/><U110/><E32/><V13/><F112/><W60/><G122/><T135/><D123/><U73/><E124/><V105/><F105/><W84/><G116/><T97/><D135/><U102/><E73/><V52/><F131/><W37/><G37/><T22/><D55/><U115/><E115/><V82/><F133/><W74/><G74/><T100/><D54/><U120/><E120/><V36/><F36/><W4/><G99/><N who="0" m="37899" /><D100/><U14/><E129/><V94/><F94/><W95/><G31/><T2/><D2/><U132/><E110/><V108/><F108/><W92/><G63/><T119/><D119/><U68/><E132/><V72/><F26/><W43/><G43/><N who="0" m="16459" /><D79/><U117/><E68/><V15/><F6/><W75/><G75/><T39/><D39/><U64/><E117/><V59/><F59/><W106/><G106/><T25/><D61/><U0/><REACH who="1" step="1"/><E47/><REACH who="1" ten="151,341,332,166" step="2"/><V126/><F126/><W69/><G45/><T93/><D66/><U109/><E109/><V46/><F46/><W8/><G44/><T24/><D24/><U70/><E70/><V29/><F29/><W83/><G69/><T90/><D90/><U38/><E38/><V18/><F7/><W58/><G60/><T101/><D101/><U48/><E48/><V28/><F28/><W51/><G51/><T3/><D3/><U104/><AGARI ba="0,1" hai="0,1,9,14,17,64,65,67,80,85,89,96,102,104" machi="104" ten="30,4000,0" yaku="1,1,0,1,53,1" doraHai="53" doraHaiUra="5" who="1" fromWho="1" sc="151,-10,341,50,332,-10,166,-20" owari="141,-35.9,391,49.1,322,12.2,146,-25.4" /></mjloggm>