<mjloggm ver="2.3"><GO type="225" lobby="0"/><UN n0="%72%69%6F%75%63%68%61%6E" n1="%77%72%77%72%77%72%77%72" n2="%E5%A4%9C%E3%81%AE%E3%82%AC%E3%82%B9%E3%83%91%E3%83%BC%E3%83%AB" n3="%E3%82%BC%E3%83%AB%E3%83%80%E3%81%AE%E4%BC%9D%E8%AA%AC" dan="17,17,17,18" rate="2262.64,2175.43,2217.64,2244.95" sx="M,M,M,M"/><TAIKYOKU oya="0"/><INIT seed="0,0,0,2,1,37" ten="250,250,250,250" oya="0" hai0="109,49,61,33,93,125,101,111,112,102,7,76,107" hai1="99,41,116,131,30,67,28,23,71,75,59,5,108" hai2="106,64,130,12,70,73,94,17,105,83,78,68,80" hai3="122,20,85,15,29,114,10,62,52,124,22,19,32"/><T26/><D112/><U87/><E116/><V96/><F130/><W89/><G114/><T123/><D123/><U120/><E120/><V129/><F129/><W56/><G124/><T128/><D128/><U74/><E131/><V63/><F70/><W57/><G122/><T98/><D125/><U18/><E71/><V134/><F83/><W40/><G40/><T132/><D132/><U50/><E108/><N who="0" m="41545" /><D7/><U121/><E121/><V9/><REACH who="2" step="1"/><F134/><REACH who="2" ten="250,250,240,250" step="2"/><W113/><G113/><T51/><D76/><U48/><E75/><V3/><F3/><W115/><G115/><T133/><D133/><U60/><E74/><V110/><F110/><W14/><G14/><T36/><D26/><U95/><E5/><V65/><F65/><W72/><G72/><T77/><D77/><U35/><E67/><V104/><F104/><W88/><G89/><AGARI ba="0,1" hai="9,12,17,63,64,68,73,78,80,89,94,96,105,106" machi="89" ten="30,2000,0" yaku="1,1,7,1,53,0" doraHai="37" doraHaiUra="43" who="2" fromWho="3" sc="250,0,250,0,240,30,250,-20" /><INIT seed="1,0,0,5,2,122" ten="250,250,270,230" oya="1" hai0="63,30,123,61,8,42,14,34,134,38,26,120,12" hai1="113,119,37,125,2,81,11,82,115,78,128,22,91" hai2="67,98,112,93,111,74,95,94,106,47,23,53,7" hai3="84,69,5,97,10,77,71,60,88,43,29,99,86"/><U28/><E119/><V135/><F74/><W96/><G29/><T27/><D134/><U44/><E128/><V70/><F135/><W104/><G104/><T101/><D101/><U126/><E91/><V117/><F117/><W124/><G124/><N who="1" m="47722" /><E82/><V56/><F112/><W0/><G43/><T83/><D27/><N who="1" m="16503" /><E2/><V20/><F98/><W18/><G60/><T36/><D83/><U48/><E37/><N who="0" m="14441" /><D42/><N who="1" m="24599" /><E11/><V114/><F114/><W6/><G77/><T76/><D76/><U109/><E109/><V55/><F111/><W118/><G118/><T4/><D14/><U50/><E50/><V17/><F17/><W130/><G130/><T35/><D34/><U3/><E3/><V21/><F20/><W75/><G75/><AGARI ba="0,0" hai="75,78,81,113,115" m="24599,16503,47722" machi="75" ten="30,1500,0" yaku="18,1" doraHai="122" who="1" fromWho="3" sc="250,0,250,15,270,0,230,-15" /><INIT seed="1,1,0,0,0,118" ten="250,265,270,215" oya="1" hai0="50,19,92,68,73,72,15,22,88,29,98,6,77" hai1="103,135,83,93,116,121,46,56,113,80,27,79,53" hai2="126,134,114,123,2,112,81,131,74,48,86,38,76" hai3="31,104,75,107,59,90,67,100,40,42,108,14,111"/><U110/><E116/><V10/><F38/><W3/><G3/><T36/><D36/><U12/><E113/><N who="2" m="43627" /><F134/><W71/><G71/><T18/><D68/><U128/><E135/><V96/><F131/><W49/><G75/><T124/><D124/><U16/><E128/><V70/><F126/><W26/><G14/><T17/><D77/><U25/><E110/><N who="3" m="42026" /><G90/><T58/><D29/><U35/><E35/><V91/><F70/><W127/><G127/><T95/><D72/><U133/><E121/><V119/><F123/><W62/><G49/><T84/><D73/><U52/><E133/><V4/><F96/><N who="3" m="61447" /><G107/><T85/><D6/><U51/><E103/><V43/><F119/><W109/><N who="3" m="42034" /><W5/><DORA hai="132" /><G5/><T44/><D58/><U97/><E97/><V89/><F74/><W55/><G67/><T30/><D30/><U23/><E93/><V125/><F125/><W94/><G94/><T41/><D84/><N who="1" m="48159" /><E83/><V47/><AGARI ba="1,0" hai="2,4,10,43,47,48,76,81,86,89,91" m="43627" machi="47" ten="30,1100,0" yaku="11,1" doraHai="118,132" who="2" fromWho="2" sc="250,-4,265,-6,270,14,215,-4" /><INIT seed="2,0,0,0,4,23" ten="246,259,284,211" oya="2" hai0="72,25,90,12,89,98,132,128,104,41,70,103,17" hai1="97,126,50,19,107,34,131,60,21,33,29,3,40" hai2="36,129,9,68,58,117,30,18,5,108,121,11,14" hai3="80,53,73,88,75,86,116,0,95,91,35,49,82"/><V52/><F117/><W46/><G116/><T63/><D72/><U106/><E3/><V7/><F121/><W100/><G0/><T109/><D109/><U83/><E131/><V31/><F68/><W81/><G100/><T27/><D128/><U84/><E126/><V61/><F129/><W1/><G1/><T54/><D132/><U112/><E112/><V125/><F36/><W56/><G35/><T65/><D41/><U118/><E118/><V15/><F125/><W16/><G91/><T110/><D110/><U78/><E60/><V124/><F124/><W67/><G67/><T45/><D45/><U2/><E2/><V13/><F108/><W123/><G123/><T85/><D54/><U94/><E33/><V28/><F28/><W38/><REACH who="3" step="1"/><G16/><REACH who="3" ten="246,259,284,201" step="2"/><T119/><D119/><U105/><E34/><V26/><F26/><W6/><G6/><T92/><D89/><U71/><E29/><V74/><F74/><W127/><G127/><T69/><D70/><U102/><E71/><V64/><F64/><W42/><AGARI ba="0,1" hai="38,42,46,49,53,56,73,75,80,81,82,86,88,95" machi="42" ten="30,7900,0" yaku="1,1,0,1,54,1,53,1" doraHai="23" doraHaiUra="48" who="3" fromWho="3" sc="246,-20,259,-20,284,-39,201,89" /><INIT seed="3,0,0,3,4,35" ten="226,239,245,290" oya="3" hai0="13,90,118,98,103,75,60,84,79,70,127,54,113" hai1="78,15,77,45,85,1,24,80,29,82,105,50,32" hai2="71,110,102,41,86,73,4,108,12,38,107,61,59" hai3="63,128,18,94,5,7,6,117,65,101,132,19,93"/><W88/><G117/><T122/><D118/><U48/><E105/><V25/><F73/><W36/><G36/><T2/><D122/><U131/><E131/><V96/><F71/><W134/><G128/><T129/><D129/><U62/><E62/><V125/><F125/><W8/><G101/><T55/><D127/><U0/><E15/><V20/><F86/><N who="3" m="52375" /><G94/><N who="0" m="54599" /><D2/><U21/><E32/><V100/><F102/><W53/><G53/><T30/><D30/><U89/><E50/><V51/><F38/><W114/><G8/><T11/><D113/><U33/><E33/><V119/><F119/><W31/><G31/><T14/><D70/><U44/><E44/><V42/><F51/><W116/><G114/><T27/><D27/><U22/><E22/><V124/><F124/><W109/><G109/><N who="2" m="42089" /><F25/><W126/><G126/><T40/><D40/><U17/><E29/><V66/><F20/><W28/><G28/><T58/><D54/><U87/><E89/><V49/><F49/><W67/><G116/><T46/><D46/><U68/><E68/><V37/><F37/><W104/><G104/><N who="0" m="63607" /><D11/><AGARI ba="0,0" hai="4,11,12,41,42,59,61,66,96,100,107" m="42089" machi="11" ten="30,1000,0" yaku="14,1" doraHai="35" who="2" fromWho="0" sc="226,-10,239,0,245,10,290,0" /><INIT seed="4,0,0,5,0,78" ten="216,239,255,290" oya="0" hai0="81,14,36,97,72,117,121,1,13,64,128,127,124" hai1="86,63,30,109,43,108,84,133,8,132,9,98,61" hai2="54,88,100,104,12,47,51,103,15,79,135,112,16" hai3="67,74,4,125,32,6,44,66,34,70,3,20,123"/><T130/><D117/><U89/><E43/><V10/><F135/><N who="1" m="51785" /><E30/><V59/><F112/><W33/><G74/><T2/><D121/><U24/><E24/><V94/><F79/><W122/><G125/><N who="0" m="48203" /><D36/><U27/><E27/><V69/><F69/><W58/><G70/><T17/><D64/><N who="3" m="24617" /><G58/><T11/><D97/><U35/><E35/><V131/><F131/><N who="0" m="50218" /><D72/><U68/><E98/><N who="2" m="57671" /><F59/><W21/><G44/><T120/><D120/><N who="3" m="46121" /><G3/><N who="0" m="1035" /><D13/><U31/><E68/><V116/><F116/><W0/><G0/><T57/><D57/><U73/><E73/><V50/><F104/><W83/><G83/><AGARI ba="0,0" hai="11,14,17,81,83" m="1035,50218,48203" machi="83" ten="40,12000,1" yaku="18,1,19,1,52,2" doraHai="78" who="0" fromWho="3" sc="216,120,239,0,255,0,290,-120" owari="336,43.6,239,-16.1,255,5.5,170,-33.0" /></mjloggm>