<mjloggm ver="2.3"><GO type="225" lobby="0"/><UN n0="%E3%81%99%E3%81%84%E3%81%BE%E3%81%9B%E3%83%BC%E3%82%93" n1="%E4%BA%BA%E9%96%93%E3%83%81%E3%83%A3%E3%83%BC%E3%83%8F%E3%83%B3" n2="%E7%99%BD%E5%92%B2%E8%8A%B1%E3%81%A1%E3%82%83%E3%82%93" n3="%E3%83%8F%E3%83%B3%E3%83%89%E3%83%A9%E3%83%BC%E3%83%BB%E3%83%AF%E3%83%B3" dan="18,16,16,17" rate="2209.34,2149.84,2080.24,2175.80" sx="M,M,F,M"/><TAIKYOKU oya="0"/><INIT seed="0,0,0,2,2,127" ten="250,250,250,250" oya="0" hai0="24,128,126,113,101,30,100,115,1,20,134,12,97" hai1="21,112,60,133,123,105,48,83,107,70,131,121,76" hai2="44,86,65,87,36,16,93,61,90,49,80,0,85" hai3="9,33,130,42,38,19,125,47,99,118,129,56,95"/><T40/><D126/><U132/><E112/><V27/><F0/><W11/><G125/><T25/><D1/><U50/><E21/><N who="2" m="13735" /><F36/><W72/><G118/><T120/><D120/><N who="1" m="46155" /><E60/><V37/><F37/><W34/><G72/><T77/><D134/><N who="1" m="51819" /><E70/><V10/><F10/><N who="3" m="3595" /><G56/><T68/><D68/><U28/><E28/><V51/><F44/><W84/><G84/><N who="2" m="32361" /><F80/><W69/><G19/><T14/><D113/><U17/><E17/><V81/><F81/><W74/><G74/><T6/><D115/><U111/><E111/><V52/><F65/><W122/><G122/><T18/><D18/><U59/><E131/><N who="3" m="50186" /><G69/><T31/><D128/><U62/><E107/><V35/><F35/><W64/><G64/><T39/><D31/><U45/><E105/><V66/><F66/><W92/><G92/><T43/><D30/><U53/><E45/><V58/><AGARI ba="0,0" hai="49,51,52,58,61,87,90,93" m="32361,13735" machi="58" ten="30,4000,0" yaku="8,1,54,2" doraHai="127" who="2" fromWho="2" sc="250,-20,250,-10,250,40,250,-10" /><INIT seed="1,0,0,1,0,13" ten="230,240,290,240" oya="1" hai0="88,3,65,98,64,75,29,118,119,81,26,125,27" hai1="36,131,32,121,59,6,99,108,63,51,103,50,83" hai2="74,28,37,100,2,73,9,69,110,128,112,19,106" hai3="44,80,113,7,77,105,82,93,12,66,54,22,117"/><U1/><E121/><V56/><F110/><W23/><G105/><T135/><D3/><U42/><E32/><V111/><F111/><W129/><G113/><T45/><D125/><U58/><E108/><V97/><F69/><W102/><G129/><T55/><D135/><U87/><E131/><V127/><F127/><W21/><G66/><T52/><D75/><U84/><E36/><V33/><F128/><W116/><G102/><T107/><D107/><U96/><E1/><V53/><F37/><W79/><G93/><N who="0" m="56615" /><D119/><N who="3" m="45641" /><G44/><T4/><D4/><U16/><E6/><V39/><F106/><W46/><G46/><T8/><D118/><U123/><E123/><V61/><F100/><W91/><G54/><N who="0" m="20523" /><D45/><N who="1" m="25911" /><E51/><V94/><F39/><W71/><G71/><T10/><D81/><N who="3" m="31337" /><G91/><T122/><D122/><U48/><E48/><V57/><F112/><W120/><G120/><T85/><D85/><N who="1" m="32843" /><E83/><V11/><F53/><W34/><G34/><T114/><D114/><U124/><E124/><V24/><F33/><W18/><G7/><T15/><D65/><N who="1" m="39159" /><E59/><V86/><F57/><W132/><G132/><T40/><D64/><U115/><E115/><V35/><F56/><W104/><G104/><T17/><D40/><U89/><E89/><V68/><F68/><W41/><G41/><T30/><D8/><AGARI ba="0,0" hai="8,12,18,21,22,23,77,79" m="31337,45641" machi="8" ten="30,2000,0" yaku="12,1,52,1" doraHai="13" who="3" fromWho="0" sc="230,-20,240,0,290,0,240,20" /><INIT seed="2,0,0,1,1,119" ten="210,240,290,260" oya="2" hai0="63,55,0,44,31,130,47,67,11,3,85,95,133" hai1="1,32,98,59,52,64,101,73,116,82,128,96,58" hai2="46,117,60,56,4,26,94,88,93,118,126,16,104" hai3="115,2,40,15,51,34,84,8,120,106,83,61,45"/><V127/><F104/><W13/><G115/><T21/><D130/><U42/><E116/><V49/><F4/><W111/><G106/><T135/><D31/><U17/><E1/><V38/><F38/><W65/><G34/><T97/><D21/><U6/><E32/><V41/><F118/><W70/><G111/><T20/><D20/><U5/><E128/><V114/><F117/><W74/><G74/><T99/><D85/><U121/><E121/><V108/><F108/><W134/><G134/><N who="0" m="51211" /><D99/><N who="1" m="37931" /><E73/><V39/><F39/><W37/><G120/><T50/><D47/><U62/><E101/><V24/><F114/><W113/><G113/><T107/><D11/><U76/><E17/><V112/><F112/><W12/><G37/><T109/><D109/><U100/><E100/><V122/><F122/><W7/><REACH who="3" step="1"/><G2/><REACH who="3" ten="210,240,290,250" step="2"/><T80/><D107/><U10/><E42/><V72/><F72/><W66/><G66/><T68/><D80/><U90/><E64/><N who="2" m="38919" /><F127/><W9/><G9/><T71/><D71/><U129/><E10/><V79/><F126/><W48/><G48/><T36/><D36/><U75/><E75/><V54/><F49/><W53/><G53/><T69/><D69/><U25/><E129/><V110/><F54/><W125/><G125/><T19/><D0/><U30/><E52/><V78/><F110/><W124/><G124/><T92/><D3/><U81/><E62/><V89/><F41/><W123/><G123/><T29/><D63/><U132/><E132/><V23/><F23/><W57/><G57/><N who="1" m="21514" /><E76/><AGARI ba="0,1" hai="7,8,12,13,15,40,45,51,61,65,70,76,83,84" machi="76" ten="30,7700,0" yaku="1,1,7,1,25,2,53,0" doraHai="119" doraHaiUra="131" who="3" fromWho="1" sc="210,0,240,-77,290,0,250,87" /><INIT seed="3,0,0,0,0,7" ten="210,163,290,337" oya="3" hai0="56,131,45,16,26,33,50,75,3,30,37,42,12" hai1="133,110,127,35,92,49,106,98,68,104,134,81,19" hai2="60,130,48,78,113,52,77,59,31,24,91,74,76" hai3="55,117,29,67,34,129,25,8,72,93,73,62,123"/><W71/><G117/><T46/><D75/><U43/><E35/><V125/><F125/><W85/><G123/><T94/><D131/><U39/><E39/><V54/><F130/><W103/><G129/><T28/><D3/><U40/><E68/><V96/><F113/><W101/><G101/><T118/><D30/><U86/><E127/><V4/><F4/><W1/><G55/><T126/><D118/><U65/><E65/><V89/><F74/><W15/><G1/><T120/><D120/><U114/><E114/><V36/><F96/><W64/><G64/><T105/><D105/><N who="1" m="40555" /><E49/><V10/><F10/><W22/><G34/><T61/><D126/><U107/><N who="1" m="40563" /><U38/><DORA hai="32" /><E38/><V115/><F36/><W0/><G0/><T102/><D50/><U14/><E43/><V99/><F99/><W132/><G132/><N who="1" m="50794" /><E40/><V53/><F115/><W112/><G112/><T27/><D42/><U109/><E19/><V100/><F54/><W18/><G103/><T70/><D37/><U88/><E14/><V13/><F13/><W95/><G95/><T21/><D12/><U41/><E41/><V69/><F69/><W108/><G71/><T124/><D70/><U44/><E44/><V57/><F100/><AGARI ba="0,0" hai="81,86,88,92,98,100,109,110" m="50794,40563" machi="100" ten="50,8000,1" yaku="20,1,34,2,54,1" doraHai="7,32" who="1" fromWho="2" sc="210,0,163,80,290,-80,337,0" owari="210,-19.0,243,4.3,210,-29.0,337,43.7" /></mjloggm>