<mjloggm ver="2.3"><GO type="225" lobby="0"/><UN n0="%E6%81%8B%E3%81%AE%E3%81%86%E3%81%9F" n1="%72%69%6F%75%63%68%61%6E" n2="%6D%75%75%73%61%6E%6D%75" n3="%E3%82%A2%E3%83%A1%E3%82%A2%E3%83%A9%E3%83%AC" dan="17,16,16,16" rate="2239.71,2167.38,2120.06,2161.04" sx="F,M,F,M"/><TAIKYOKU oya="0"/><INIT seed="0,0,0,4,1,82" ten="250,250,250,250" oya="0" hai0="28,104,110,25,132,32,43,12,60,0,57,116,114" hai1="65,2,18,113,31,81,36,83,20,67,59,102,40" hai2="10,125,119,98,96,130,6,105,39,51,91,100,11" hai3="3,55,35,17,77,89,14,45,84,41,109,71,21"/><T107/><D114/><U7/><E113/><V49/><F39/><W1/><G109/><T75/><D116/><U94/><E31/><V87/><F119/><W33/><G71/><T80/><D0/><U63/><E65/><V123/><F123/><W112/><G112/><T22/><D132/><U92/><E36/><V99/><F130/><W135/><G135/><T86/><D75/><U50/><E7/><V66/><F125/><W5/><G77/><T101/><D43/><U93/><E2/><V47/><F66/><W4/><G55/><T88/><D101/><U19/><E102/><V61/><F61/><W24/><G3/><T97/><D97/><U118/><E118/><V34/><F34/><W76/><G76/><T78/><D78/><U29/><E29/><V108/><F108/><W54/><G54/><T106/><D110/><U16/><REACH who="1" step="1"/><E20/><REACH who="1" ten="250,240,250,250" step="2"/><V95/><F6/><W111/><G4/><T30/><D28/><U134/><E134/><V44/><F10/><W133/><G1/><T52/><REACH who="0" step="1"/><D12/><REACH who="0" ten="240,240,250,250" step="2"/><U103/><E103/><V42/><F100/><W127/><G133/><T58/><D58/><U15/><E15/><V115/><F105/><W26/><G14/><T27/><D27/><U53/><E53/><N who="2" m="29863" /><F115/><W129/><G26/><T90/><D90/><U128/><E128/><V37/><F37/><W48/><G129/><T122/><D122/><U72/><E72/><V62/><F42/><W13/><G111/><T56/><D56/><U9/><E9/><V8/><F8/><N who="3" m="4239" /><G127/><T120/><D120/><U69/><E69/><V68/><F11/><W131/><G131/><RYUUKYOKU ba="0,2" sc="240,10,240,10,250,-30,250,10" hai0="22,25,30,32,52,57,60,80,86,88,104,106,107" hai1="16,18,19,40,50,59,63,67,81,83,92,93,94" hai3="17,21,24,33,35,41,45,48,84,89" /><INIT seed="0,1,2,0,4,11" ten="250,250,220,260" oya="0" hai0="24,53,47,88,60,42,44,63,87,30,89,18,37" hai1="69,105,3,80,83,22,103,64,74,66,68,1,99" hai2="57,46,6,120,32,108,43,58,27,8,49,135,55" hai3="38,12,77,65,73,122,52,124,95,130,110,19,28"/><T50/><D18/><U96/><E22/><V125/><F120/><W133/><G110/><T59/><D87/><U131/><E131/><V112/><F112/><W91/><G38/><T31/><D63/><N who="1" m="39967" /><E99/><V123/><F123/><W33/><G122/><T119/><D119/><U114/><E80/><V118/><F108/><W92/><G65/><T84/><D84/><U25/><E25/><V121/><F121/><W117/><G117/><T102/><D102/><U127/><E127/><V15/><F118/><W75/><G133/><T61/><D61/><N who="1" m="40143" /><E114/><V29/><F135/><W79/><G130/><T20/><REACH who="0" step="1"/><D31/><REACH who="0" ten="240,250,220,260" step="2"/><U39/><E39/><V101/><F125/><W70/><G28/><T21/><D21/><U126/><E126/><V109/><F109/><W113/><G19/><T93/><D93/><U67/><E67/><AGARI ba="1,3" hai="20,24,30,37,42,44,47,50,53,59,60,67,88,89" machi="67" ten="30,5800,0" yaku="1,1,7,1,54,1,53,0" doraHai="11" doraHaiUra="0" who="0" fromWho="1" sc="240,91,250,-61,220,0,260,0" /><INIT seed="0,2,0,0,2,64" ten="331,189,220,260" oya="0" hai0="70,62,9,80,130,14,42,40,134,101,133,89,107" hai1="48,26,47,109,20,44,87,118,106,6,77,88,17" hai2="110,96,36,49,125,18,122,28,128,37,39,29,21" hai3="38,92,33,27,108,127,58,41,73,123,55,69,129"/><T72/><D130/><U102/><E118/><V120/><F128/><W84/><G73/><T15/><D101/><U43/><E109/><V23/><F110/><W52/><G108/><T34/><D34/><U19/><E6/><V3/><F3/><W91/><G129/><T126/><D107/><U54/><E77/><V121/><F125/><W63/><G127/><T94/><D126/><U61/><E106/><V66/><F96/><W79/><G79/><T100/><D100/><U16/><E102/><V46/><F66/><W97/><G69/><T119/><D119/><U124/><E124/><V103/><F103/><W112/><G112/><T113/><D113/><U99/><E99/><V82/><F82/><W0/><G0/><T1/><D1/><U13/><E13/><V5/><F5/><W30/><G123/><T75/><D80/><U71/><E71/><V105/><F105/><W59/><G41/><T90/><D62/><U86/><E86/><V57/><F57/><W104/><G38/><T8/><D94/><N who="1" m="54559" /><E44/><V111/><F111/><W32/><G104/><T12/><D12/><U135/><E135/><V2/><F2/><W114/><G114/><T31/><D31/><U95/><E95/><V56/><F56/><AGARI ba="2,0" hai="16,17,19,20,26,43,47,48,54,56,61" m="54559" machi="56" ten="30,3900,0" yaku="8,1,54,2" doraHai="64" who="1" fromWho="2" sc="331,0,189,45,220,-45,260,0" /><INIT seed="1,0,0,5,4,19" ten="331,234,175,260" oya="1" hai0="91,51,109,78,62,34,8,103,59,10,63,79,130" hai1="113,28,80,112,115,123,9,102,134,50,6,7,77" hai2="38,17,0,99,125,32,117,45,65,83,69,121,24" hai3="81,3,21,20,87,129,39,12,61,48,135,56,37"/><U35/><E123/><V104/><F121/><W5/><G3/><T74/><D34/><U119/><E119/><V23/><F117/><W116/><G116/><T82/><D109/><U108/><E108/><V131/><F131/><W22/><G129/><T124/><D124/><U89/><E134/><V40/><F125/><W58/><G135/><T92/><D103/><U54/><E102/><V1/><F83/><W133/><G133/><T126/><D79/><U15/><E35/><V53/><F53/><N who="3" m="31783" /><G39/><T84/><D130/><U85/><E28/><V29/><F99/><W30/><G37/><T66/><D126/><U122/><E122/><V68/><F104/><W93/><G93/><T76/><D76/><U95/><E6/><V101/><F101/><W31/><G12/><T114/><D114/><U11/><E11/><V107/><F107/><W111/><G5/><T88/><D51/><U105/><E105/><V86/><F86/><W110/><G110/><T118/><D118/><U64/><E64/><V25/><REACH who="2" step="1"/><F65/><REACH who="2" ten="331,234,165,260" step="2"/><N who="3" m="39095" /><G111/><T18/><D66/><U49/><REACH who="1" step="1"/><E54/><REACH who="1" ten="331,224,165,260" step="2"/><V57/><F57/><W100/><G100/><T27/><D59/><U42/><E42/><V128/><F128/><W55/><G55/><T26/><D62/><U98/><AGARI ba="0,2" hai="7,9,15,49,50,77,80,85,89,95,98,112,113,115" machi="98" ten="30,6000,0" yaku="1,1,0,1,53,1" doraHai="19" doraHaiUra="72" who="1" fromWho="1" sc="331,-20,224,80,165,-20,260,-20" /><INIT seed="1,1,0,2,3,47" ten="311,304,145,240" oya="1" hai0="81,17,120,82,66,2,134,86,102,98,97,96,112" hai1="49,57,125,106,22,44,21,85,19,14,0,94,65" hai2="77,133,46,39,15,119,71,60,62,79,54,124,55" hai3="59,113,63,118,31,58,25,84,91,16,51,3,90"/><U68/><E106/><V127/><F15/><W40/><G113/><T130/><D2/><U32/><E32/><V76/><F119/><W9/><G118/><T103/><D66/><U121/><E121/><V99/><F133/><W1/><G1/><T104/><D17/><U101/><E0/><V108/><F108/><W23/><G40/><T67/><D67/><U27/><E125/><N who="2" m="48203" /><F71/><W95/><G3/><T122/><D130/><U126/><E126/><V89/><F39/><W26/><G9/><T74/><D112/><U10/><E68/><V75/><F75/><W123/><G123/><N who="0" m="47147" /><D134/><U6/><E22/><V41/><F41/><W88/><G59/><T35/><D35/><U70/><E70/><V116/><F116/><W69/><G69/><T131/><D131/><U42/><E85/><V5/><F5/><W107/><G107/><T38/><D38/><U18/><E6/><V36/><F36/><W105/><G105/><T132/><D132/><U129/><E129/><V7/><F7/><W52/><G63/><N who="2" m="24105" /><F46/><W61/><G61/><T4/><D4/><U28/><E57/><V48/><F48/><W12/><G12/><T34/><D34/><AGARI ba="1,0" hai="16,23,25,26,31,34,51,52,58,84,88,90,91,95" machi="34" ten="30,8000,1" yaku="7,1,52,1,54,3" doraHai="47" who="3" fromWho="0" sc="311,-83,304,0,145,0,240,83" /><INIT seed="2,0,0,4,5,40" ten="228,304,145,323" oya="2" hai0="72,4,104,30,91,52,56,80,124,81,122,65,37" hai1="50,133,96,9,67,19,116,105,36,127,25,134,74" hai2="2,48,131,10,97,12,23,79,6,43,111,53,64" hai3="29,70,39,109,49,101,128,21,16,99,15,33,86"/><V92/><F131/><W63/><G39/><T117/><D122/><U18/><E127/><V42/><F111/><W78/><G109/><T41/><D104/><U51/><E36/><V100/><F79/><W28/><G128/><T118/><D65/><U106/><E116/><N who="0" m="44649" /><D30/><U66/><E74/><V107/><F64/><N who="1" m="24617" /><E9/><V120/><F120/><W44/><G63/><T114/><D114/><U82/><E82/><V57/><REACH who="2" step="1"/><F107/><REACH who="2" ten="228,304,135,323" step="2"/><W71/><G78/><T68/><D124/><U98/><E105/><V46/><F46/><W87/><G44/><N who="0" m="23599" /><D68/><U8/><E106/><V27/><F27/><W126/><G71/><T55/><D72/><U85/><E25/><V129/><F129/><W24/><G24/><T93/><D4/><U102/><E134/><V76/><F76/><W73/><G70/><T94/><D55/><U34/><E133/><V89/><F89/><W123/><G73/><T54/><D54/><U60/><E102/><V7/><F7/><W69/><G101/><T3/><D3/><U13/><E60/><V90/><F90/><W108/><G69/><T88/><D91/><U5/><E5/><V20/><F20/><W11/><G21/><T125/><D125/><U103/><E103/><V32/><F32/><W113/><G33/><T61/><D94/><U119/><E34/><V112/><F112/><W58/><G113/><T0/><D0/><U115/><E115/><V121/><F121/><W14/><G108/><T62/><D62/><U1/><E119/><V130/><F130/><W26/><G123/><T22/><D22/><N who="1" m="11599" /><E1/><V31/><F31/><N who="3" m="11851" /><G126/><T45/><D45/><RYUUKYOKU ba="0,1" sc="228,15,304,-15,135,15,323,-15" hai0="52,56,61,80,81,88,93" hai2="2,6,10,12,23,42,43,48,53,57,92,97,100" /><INIT seed="2,1,1,4,2,89" ten="243,289,150,308" oya="2" hai0="32,100,34,59,132,133,12,77,129,43,119,38,25" hai1="124,70,44,79,10,18,47,56,86,98,128,108,101" hai2="6,114,5,116,37,115,35,63,15,67,76,0,14" hai3="39,126,125,33,50,95,74,90,40,97,84,131,42"/><V88/><F116/><W41/><G74/><T27/><D77/><U52/><E70/><V64/><F37/><W104/><G39/><T78/><D78/><U71/><E71/><V134/><F76/><W68/><G68/><T16/><D100/><U53/><E108/><V73/><F73/><W123/><G123/><T30/><D59/><U9/><E124/><N who="3" m="47722" /><G33/><T105/><D105/><U31/><E128/><V66/><F35/><W91/><G131/><T69/><D69/><U17/><E31/><V99/><F134/><N who="0" m="51818" /><D43/><U8/><E17/><V48/><F0/><W62/><G62/><T93/><D38/><U106/><E18/><V65/><N who="2" m="16384" /><DORA hai="60" /><V96/><F63/><W7/><G7/><N who="2" m="2569" /><F115/><W11/><G11/><N who="0" m="6175" /><D129/><U102/><E79/><V118/><F118/><W107/><G50/><T36/><D36/><U80/><E106/><V127/><F127/><W75/><G75/><T13/><D119/><U4/><E4/><V87/><F48/><W45/><G107/><T58/><D34/><U24/><E8/><V21/><F114/><W3/><G104/><T23/><D32/><U29/><E9/><V94/><F21/><W85/><G3/><T110/><D23/><U109/><E10/><V112/><F112/><W120/><G120/><T54/><D110/><U19/><E109/><V55/><F55/><W46/><G97/><AGARI ba="1,1" hai="14,15,87,88,94,96,97,99" m="2569,16384" machi="97" ten="40,18000,2" yaku="8,1,52,5,54,1" doraHai="89,60" who="2" fromWho="3" sc="243,0,289,0,150,193,308,-183" /><INIT seed="2,2,0,0,0,53" ten="243,289,343,125" oya="2" hai0="64,70,72,106,134,131,124,130,132,36,39,80,67" hai1="119,98,105,16,9,44,125,7,79,127,91,56,101" hai2="11,15,129,93,24,90,113,104,2,17,65,103,76" hai3="133,77,41,19,26,60,116,23,97,71,121,28,58"/><V27/><F113/><W99/><G133/><N who="0" m="51307" /><D106/><U78/><E119/><V35/><F129/><N who="0" m="49162" /><D80/><U30/><E30/><V66/><F2/><W115/><G121/><T54/><D72/><U84/><E44/><V47/><F76/><W18/><G115/><T95/><D95/><N who="1" m="54759" /><E16/><V126/><F103/><W89/><G71/><T57/><D70/><U111/><E56/><V87/><F17/><W20/><G116/><T102/><D102/><U86/><E9/><V6/><F11/><W73/><G41/><T108/><D108/><U8/><E8/><V128/><F104/><W34/><G77/><N who="1" m="29194" /><E7/><V5/><F5/><W63/><G73/><T94/><D94/><U0/><E0/><V85/><F93/><W122/><G122/><T82/><D82/><U38/><E38/><N who="0" m="14377" /><D124/><N who="1" m="47691" /><E86/><V117/><F87/><W21/><G34/><T45/><D45/><U120/><E120/><V100/><F47/><W48/><G28/><T32/><D32/><U29/><E29/><V33/><F85/><W69/><G69/><T52/><D54/><U96/><E98/><V40/><F126/><W62/><G97/><T114/><D114/><U55/><E55/><V10/><F128/><W42/><G99/><T49/><AGARI ba="2,0" hai="49,52,57,64,67" m="14377,49162,51307" machi="49" ten="40,12000,2" yaku="20,1,19,1,34,2,52,1,54,1" doraHai="53" who="0" fromWho="0" sc="243,126,289,-32,343,-62,125,-32" /><INIT seed="3,0,0,0,1,19" ten="369,257,281,93" oya="3" hai0="3,36,27,70,33,79,88,118,1,20,10,128,25" hai1="17,124,90,113,6,93,98,31,77,76,14,47,123" hai2="92,126,18,53,117,46,50,80,35,63,89,133,64" hai3="119,81,59,30,68,135,100,8,86,42,130,5,65"/><W15/><G119/><T85/><D118/><U58/><E124/><V115/><F117/><W78/><G135/><T7/><D36/><U109/><E109/><V32/><F115/><W29/><G130/><T24/><D70/><U44/><E123/><V83/><F133/><W71/><G100/><T87/><D128/><U72/><E113/><V39/><F126/><W132/><G132/><T101/><D1/><U103/><E72/><V21/><F39/><W28/><G65/><T57/><D33/><U73/><E73/><V2/><F2/><W12/><G59/><T95/><D101/><U4/><E31/><V69/><F35/><W102/><G102/><T26/><D57/><U105/><E58/><V82/><F32/><W127/><G127/><T13/><D3/><U40/><E77/><V110/><F110/><W62/><G62/><T43/><D43/><U108/><E76/><V54/><F54/><W55/><G55/><T112/><D112/><U56/><E56/><V116/><F116/><W84/><G84/><N who="0" m="52615" /><D79/><U121/><E108/><V106/><F106/><W9/><REACH who="3" step="1"/><G42/><REACH who="3" ten="369,257,281,83" step="2"/><T34/><D34/><U52/><E52/><V67/><F67/><W104/><G104/><T114/><D114/><U74/><E74/><V111/><F111/><W23/><G23/><T11/><D10/><N who="1" m="6359" /><E121/><V37/><F69/><W134/><G134/><T41/><D41/><U0/><E40/><N who="2" m="22799" /><F64/><W120/><G120/><T66/><D66/><U38/><E38/><V22/><F63/><W129/><G129/><T49/><D49/><U125/><E125/><V60/><F60/><W122/><G122/><RYUUKYOKU ba="0,1" sc="369,15,257,-15,281,-15,83,15" hai0="7,11,13,20,24,25,26,27,85,87" hai3="5,8,9,12,15,28,29,30,68,71,78,81,86" /><INIT seed="3,1,1,0,5,25" ten="384,242,266,98" oya="3" hai0="131,132,39,87,49,123,63,120,127,91,117,70,113" hai1="62,85,19,81,65,80,98,97,17,1,23,8,2" hai2="115,134,69,37,75,56,107,73,29,106,38,118,99" hai3="94,31,125,124,11,53,55,76,64,93,111,43,96"/><W54/><G111/><T0/><RYUUKYOKU type="yao9" ba="1,1" sc="384,0,242,0,266,0,98,0" hai0="0,39,49,63,70,87,91,113,117,120,123,127,131,132" /><INIT seed="3,2,1,5,4,67" ten="384,242,266,98" oya="3" hai0="59,114,21,9,23,62,28,53,116,2,131,7,94" hai1="99,122,91,20,81,80,90,52,88,86,22,118,46" hai2="56,92,73,111,85,41,6,78,57,120,47,49,45" hai3="17,69,1,72,48,74,65,24,66,125,37,16,32"/><W126/><G37/><T26/><D116/><U108/><E108/><V123/><F111/><W87/><G1/><T129/><D114/><U104/><E122/><N who="2" m="46635" /><F73/><N who="3" m="28267" /><G87/><T54/><D94/><N who="1" m="56775" /><E104/><V103/><F6/><W63/><G65/><T43/><D43/><U121/><E121/><V112/><F112/><W132/><G48/><T113/><D113/><U105/><E105/><V134/><F103/><W0/><G0/><T70/><D53/><U68/><E68/><V4/><F4/><W133/><G32/><T117/><D117/><U12/><E118/><V135/><F47/><W75/><N who="3" m="28275" /><W11/><DORA hai="95" /><G24/><T33/><REACH who="0" step="1"/><D70/><REACH who="0" ten="374,242,266,98" step="2"/><U124/><E124/><N who="3" m="47722" /><G11/><T102/><D102/><U5/><E81/><N who="2" m="47287" /><F92/><W44/><G44/><T51/><D51/><N who="1" m="28791" /><E91/><V30/><F56/><W128/><G128/><AGARI ba="2,2" hai="2,7,9,21,23,26,28,33,54,59,62,128,129,131" machi="128" ten="40,2600,0" yaku="1,1,19,1,53,0" doraHai="67,95" doraHaiUra="96,64" who="0" fromWho="3" sc="374,52,242,0,266,0,98,-32" owari="426,52.6,242,-15.8,266,6.6,66,-43.4" /></mjloggm>