<mjloggm ver="2.3"><GO type="225" lobby="0"/><UN n0="%E5%B8%86%E7%AB%8B%E5%A4%8F%E8%A1%A3" n1="%E8%90%BD%E6%97%A5" n2="%28%EF%BF%A3%E2%96%BD%EF%BF%A3%29%CE%B4%E2%8C%92%E3%83%BB" n3="%E7%B4%94%E6%BD%94%E3%83%94%E3%83%A9%E3%83%8B%E3%82%A2" dan="17,17,17,17" rate="2179.79,2207.93,2263.23,2241.10" sx="M,F,M,M"/><TAIKYOKU oya="0"/><INIT seed="0,0,0,0,4,84" ten="250,250,250,250" oya="0" hai0="120,71,79,20,129,10,23,99,109,18,40,64,42" hai1="111,52,135,16,9,131,97,80,92,85,75,102,53" hai2="0,130,6,115,28,38,59,132,13,126,83,134,8" hai3="122,82,88,68,117,44,24,113,22,36,58,2,15"/><T93/><D120/><U107/><E111/><V56/><F38/><W127/><G68/><T60/><D129/><U7/><E131/><V67/><F130/><W90/><G2/><T104/><D104/><U110/><E110/><V103/><F115/><W14/><G113/><T5/><D79/><N who="1" m="44159" /><E135/><V51/><F126/><W19/><G117/><T101/><D109/><U96/><E96/><V39/><F39/><W34/><G127/><T17/><D23/><U72/><E72/><V70/><F103/><W124/><G124/><T43/><REACH who="0" step="1"/><D20/><REACH who="0" ten="240,250,250,250" step="2"/><U121/><E121/><V94/><F132/><W4/><G122/><T74/><D74/><U31/><E31/><V3/><F28/><W118/><G118/><T86/><D86/><U125/><E125/><V77/><F134/><W108/><G108/><T50/><D50/><U30/><E30/><V54/><F77/><W116/><G116/><T61/><D61/><U78/><E78/><V112/><F51/><W73/><G73/><T29/><D29/><U114/><E114/><V123/><F112/><W57/><G36/><T66/><D66/><U27/><E107/><V105/><F67/><W35/><G22/><T98/><D98/><U47/><E85/><V100/><F105/><W32/><G32/><T11/><D11/><U87/><E87/><V37/><F8/><W128/><G128/><T49/><D49/><N who="1" m="28735" /><E27/><V25/><F25/><W106/><G24/><T26/><D26/><U55/><E7/><V48/><F6/><W65/><G4/><T12/><AGARI ba="0,1" hai="5,10,12,17,18,40,42,43,60,64,71,93,99,101" machi="12" ten="30,6000,0" yaku="1,1,0,1,53,1" doraHai="84" doraHaiUra="1" who="0" fromWho="0" sc="240,70,250,-20,250,-20,250,-20" /><INIT seed="0,1,0,5,1,115" ten="310,230,230,230" oya="0" hai0="85,16,86,121,24,8,112,119,92,103,32,91,109" hai1="95,61,74,96,105,90,81,135,73,76,69,72,66" hai2="133,126,84,1,38,12,40,82,18,4,101,75,41" hai3="56,26,30,9,108,17,37,100,88,25,80,46,60"/><T27/><D112/><U52/><E135/><V15/><F75/><W111/><G100/><T132/><D121/><U50/><REACH who="1" step="1"/><E105/><REACH who="1" ten="310,220,230,230" step="2"/><V55/><F133/><W19/><G108/><T70/><D132/><U89/><E89/><V22/><F101/><W58/><G88/><N who="0" m="53263" /><D109/><U122/><E122/><V134/><F134/><W47/><G111/><T34/><D103/><U5/><E5/><V124/><F4/><W78/><G78/><T87/><D34/><U49/><E49/><V67/><F38/><W43/><G37/><T63/><D32/><U31/><E31/><V65/><F124/><W114/><G30/><T117/><D117/><U99/><E99/><V125/><F126/><W120/><G114/><T68/><D119/><U106/><E106/><V130/><F125/><W93/><G120/><T14/><D70/><U53/><E53/><V113/><F55/><W123/><G123/><T36/><D68/><U102/><E102/><V23/><F113/><W33/><G33/><T107/><D107/><U3/><E3/><V131/><F1/><W11/><G43/><T57/><D36/><U127/><E127/><V104/><F104/><W44/><G19/><T0/><D0/><U35/><E35/><V62/><F18/><W10/><G17/><N who="0" m="8391" /><D91/><U48/><E48/><V118/><F118/><W71/><G71/><T29/><D29/><U51/><E51/><V79/><F41/><W98/><G60/><T94/><D94/><U20/><E20/><V83/><F40/><W42/><G42/><T13/><D27/><N who="3" m="10249" /><G80/><T28/><D24/><U110/><E110/><V116/><F116/><RYUUKYOKU ba="1,1" sc="310,-15,220,15,230,-15,230,15" hai1="50,52,61,66,69,72,73,74,76,81,90,95,96" hai3="9,10,11,44,46,47,56,58,93,98" /><INIT seed="1,2,1,5,2,17" ten="295,235,215,245" oya="1" hai0="77,98,120,107,108,73,72,87,113,31,23,52,93" hai1="44,134,70,126,119,46,57,84,16,32,58,14,7" hai2="97,41,26,83,82,47,68,86,5,80,56,129,40" hai3="34,60,110,121,61,35,71,42,78,37,124,130,89"/><U67/><E119/><V102/><F68/><W105/><G121/><T109/><D113/><U122/><E122/><V66/><F129/><W18/><G130/><T64/><D120/><U65/><E32/><V27/><F5/><W92/><G105/><T100/><D64/><N who="1" m="24651" /><E70/><V8/><F8/><W90/><G71/><T50/><D31/><U9/><E126/><V19/><F86/><W12/><G42/><T28/><D28/><U38/><E38/><V25/><F19/><W133/><G18/><T29/><D29/><U115/><E115/><V1/><F1/><W49/><G37/><T118/><D118/><U104/><E104/><V45/><F56/><N who="1" m="21609" /><E134/><V91/><F91/><W135/><G124/><T54/><D23/><N who="1" m="11671" /><E84/><V85/><F85/><W106/><G106/><T2/><D2/><U74/><E74/><V55/><F66/><W13/><G135/><T103/><D107/><U76/><E76/><V131/><F131/><W63/><G78/><T88/><D73/><U94/><E94/><N who="2" m="58679" /><F55/><W24/><G92/><T6/><D72/><U75/><E75/><V62/><F62/><W10/><G61/><T15/><D54/><U69/><E69/><V59/><F59/><W127/><G133/><T3/><D3/><U22/><E22/><V132/><F132/><W117/><G127/><T48/><D77/><U125/><E125/><V43/><AGARI ba="2,1" hai="25,26,27,40,41,43,45,47,80,82,83" m="58679" machi="43" ten="40,5200,0" yaku="29,2,8,1" doraHai="17" who="2" fromWho="2" sc="295,-15,235,-28,215,68,245,-15" /><INIT seed="2,0,0,0,1,56" ten="280,207,283,230" oya="2" hai0="25,60,115,23,27,59,35,30,0,117,4,110,116" hai1="54,74,88,75,126,130,73,5,3,95,63,16,91" hai2="111,85,132,67,39,1,42,50,14,38,81,89,79" hai3="87,94,113,118,76,66,61,96,6,107,108,21,72"/><V114/><F1/><W40/><G118/><N who="0" m="45675" /><D115/><U11/><E126/><V99/><F114/><W119/><G108/><T69/><D110/><U92/><E130/><V127/><F111/><W57/><G119/><T32/><D69/><U41/><E41/><V22/><F132/><W121/><G121/><T13/><D0/><U86/><E16/><N who="2" m="10519" /><F39/><W93/><G72/><T98/><D98/><U70/><E54/><V112/><F38/><W65/><G6/><T36/><D36/><U48/><E48/><V2/><F2/><W45/><G66/><N who="0" m="39199" /><D27/><U124/><E124/><V103/><F127/><W106/><G113/><T49/><D49/><U80/><REACH who="1" step="1"/><E91/><REACH who="1" ten="280,197,283,230" step="2"/><N who="2" m="51631" /><F50/><W53/><G40/><T134/><D134/><U28/><E28/><V100/><F42/><W20/><G53/><T129/><D129/><U58/><E58/><V8/><F89/><W102/><G45/><T43/><D43/><U52/><E52/><V77/><F112/><W47/><G47/><T18/><D4/><U128/><E128/><V51/><F51/><W44/><G44/><T12/><D12/><U15/><E15/><V7/><F7/><W24/><G24/><T101/><D101/><U10/><E10/><AGARI ba="0,1" hai="10,13,18,23,25,30,32,35" m="39199,45675" machi="10" ten="30,2000,0" yaku="12,1,52,1" doraHai="56" who="0" fromWho="1" sc="280,30,197,-20,283,0,230,0" /><INIT seed="3,0,0,5,2,48" ten="310,177,283,230" oya="3" hai0="125,96,122,23,60,119,106,58,26,29,110,20,95" hai1="19,85,94,103,27,18,109,82,15,41,77,74,21" hai2="86,17,39,93,53,78,67,62,102,12,90,9,73" hai3="7,25,127,124,52,128,101,111,75,81,59,92,6"/><W47/><G128/><T113/><D110/><U135/><E109/><V31/><F39/><W1/><G111/><T46/><D125/><N who="3" m="48201" /><G47/><T65/><D119/><U98/><E135/><V99/><F31/><W88/><G101/><T134/><D134/><U105/><E41/><V34/><F34/><W11/><G25/><T130/><D130/><U2/><E2/><V24/><F24/><W44/><G44/><T57/><D113/><U133/><E133/><V100/><F73/><W43/><G43/><T13/><D106/><U79/><E79/><V114/><F114/><W54/><G6/><T66/><D46/><U50/><E50/><V71/><F78/><N who="3" m="44255" /><G59/><T118/><D118/><U120/><E120/><V3/><F3/><W89/><G88/><N who="0" m="55399" /><D122/><U91/><REACH who="1" step="1"/><E15/><REACH who="1" ten="310,167,283,230" step="2"/><V76/><F76/><W55/><G89/><T117/><D117/><U123/><E123/><V72/><F12/><W131/><G131/><T14/><D14/><U83/><E83/><V0/><F0/><W33/><G92/><T108/><D108/><U10/><E10/><V22/><F9/><W97/><G97/><T87/><D13/><U126/><E126/><V38/><F99/><W32/><AGARI ba="0,1" hai="1,7,11,32,33,52,54,55" m="44255,48201" machi="32" ten="40,12000,1" yaku="18,1,52,3,54,1" doraHai="48" who="3" fromWho="3" sc="310,-40,167,-40,283,-40,230,130" owari="270,7.0,127,-37.3,243,-15.7,360,46.0" /></mjloggm>