<mjloggm ver="2.3"><GO type="225" lobby="0"/><UN n0="%E6%97%A5%E6%9B%9C%E6%97%A5%E3%82%88%E3%82%8A%E3%81%AE%E4%BD%BF%E8%80%85" n1="%E3%81%B2%E3%81%AA%E3%81%AE%E3%82%8A%E3%81%8F" n2="%E5%84%AA%40%41%42%43" n3="%6A%70%74%77%61%32" dan="17,17,17,16" rate="2166.86,2180.39,2260.37,2035.77" sx="M,M,M,M"/><TAIKYOKU oya="0"/><INIT seed="0,0,0,2,1,10" ten="250,250,250,250" oya="0" hai0="74,39,103,35,109,101,2,112,27,18,75,51,24" hai1="63,126,131,82,129,22,135,47,73,54,117,23,42" hai2="55,5,128,78,121,50,45,111,83,15,17,100,122" hai3="43,37,1,53,132,59,28,72,114,44,31,65,26"/><T52/><D112/><U80/><E117/><V60/><F111/><W123/><G114/><T66/><D39/><U84/><E135/><V25/><F128/><N who="1" m="49225" /><E126/><V0/><F100/><W115/><G115/><T87/><D2/><U61/><E73/><V33/><F0/><W94/><G1/><T107/><D109/><U67/><E54/><V105/><F105/><W95/><G132/><T125/><D125/><U98/><E98/><V118/><F118/><W4/><G4/><T64/><D75/><U81/><E84/><V20/><F60/><N who="1" m="23113" /><E67/><N who="0" m="25641" /><D74/><U21/><E47/><V134/><F134/><W19/><G72/><T97/><D107/><U36/><E36/><V88/><F78/><W119/><G119/><T41/><D41/><AGARI ba="0,0" hai="21,22,23,41,42,80,81,82" m="23113,49225" machi="41" ten="40,5200,0" yaku="28,2,19,1" doraHai="10" who="1" fromWho="0" sc="250,-52,250,52,250,0,250,0" /><INIT seed="1,0,0,5,0,26" ten="198,302,250,250" oya="1" hai0="134,111,30,24,70,46,120,7,84,9,76,112,97" hai1="39,99,114,60,51,81,105,50,15,104,132,135,122" hai2="133,57,10,49,11,38,82,116,102,40,67,31,8" hai3="110,52,126,71,117,23,115,94,106,4,93,13,78"/><U69/><E114/><V103/><F116/><W77/><G115/><T113/><D70/><U119/><E39/><V55/><F133/><N who="1" m="51273" /><E122/><V20/><F67/><W0/><G106/><N who="1" m="41066" /><E99/><V107/><F107/><W18/><G117/><T37/><D134/><U21/><E119/><V47/><REACH who="2" step="1"/><F82/><REACH who="2" ten="198,302,240,250" step="2"/><W83/><G83/><T27/><D113/><U58/><E81/><V95/><F95/><W88/><G94/><T65/><D112/><U131/><E131/><V34/><F34/><W66/><G93/><T62/><D65/><N who="1" m="39063" /><E69/><V22/><F22/><W59/><G71/><T109/><D120/><U43/><E43/><V89/><F89/><W101/><G88/><T63/><D111/><U5/><E21/><V3/><F3/><W35/><G110/><T96/><D109/><U1/><E1/><V108/><F108/><W36/><G0/><T86/><D76/><U17/><E17/><V127/><F127/><W29/><G77/><T68/><D68/><U92/><E92/><V45/><F45/><W118/><G78/><T79/><D79/><U16/><E16/><V33/><F33/><W14/><G18/><T44/><D46/><U91/><E91/><V100/><F100/><W2/><G101/><T72/><D44/><U128/><E128/><V73/><F73/><W85/><G23/><T80/><D72/><U61/><E5/><V48/><F48/><W98/><G4/><T28/><D80/><U74/><E74/><V42/><F42/><W90/><G2/><T54/><D7/><U129/><E129/><V123/><F123/><W12/><G35/><T53/><D37/><RYUUKYOKU ba="0,1" sc="198,15,302,-15,240,15,250,-15" hai0="9,24,27,28,30,53,54,62,63,84,86,96,97" hai2="8,10,11,20,31,38,40,47,49,55,57,102,103" /><INIT seed="2,1,1,3,3,12" ten="213,287,255,235" oya="2" hai0="60,77,13,98,111,63,45,92,82,89,119,61,135" hai1="44,39,118,120,122,97,95,128,64,103,75,49,54" hai2="10,18,102,40,56,16,126,9,1,94,22,76,25" hai3="109,131,72,129,42,8,108,53,62,59,51,121,99"/><V70/><F70/><W4/><G121/><N who="1" m="46698" /><E118/><V107/><F107/><W50/><G72/><T3/><D3/><U106/><E75/><V0/><F126/><W47/><G99/><T34/><D119/><U123/><E128/><N who="3" m="49226" /><G8/><N who="2" m="3177" /><F1/><W24/><G24/><T30/><D111/><N who="3" m="42569" /><G4/><T80/><D135/><U83/><E83/><V88/><F0/><W125/><G125/><T71/><D13/><U17/><E39/><AGARI ba="1,1" hai="39,42,47,50,51,53,59,62" m="42569,49226" machi="39" ten="30,7700,0" yaku="19,1,14,1,34,2" doraHai="12" who="3" fromWho="1" sc="213,0,287,-80,255,0,235,90" /><INIT seed="3,0,0,1,2,47" ten="213,207,255,325" oya="3" hai0="36,124,104,28,27,52,12,84,70,82,61,81,66" hai1="3,29,86,100,72,14,33,110,87,75,63,56,79" hai2="90,98,39,42,67,125,19,102,45,116,4,103,108" hai3="68,94,58,115,73,120,69,122,18,30,112,119,95"/><W109/><G30/><T17/><D104/><U10/><E3/><V35/><F116/><W99/><G119/><T40/><D124/><U106/><E110/><V127/><F35/><W21/><G58/><T111/><D111/><U93/><E106/><V78/><F4/><W129/><G73/><T83/><D40/><U53/><E33/><V55/><F78/><W101/><G109/><T105/><D105/><U62/><E29/><V15/><F67/><W37/><G37/><T135/><D36/><U92/><E75/><V38/><F55/><W9/><G9/><T48/><D135/><U59/><E72/><V25/><F25/><W118/><G118/><T126/><D126/><N who="2" m="48138" /><F39/><W7/><G7/><T123/><D123/><U5/><E100/><V43/><F42/><W80/><G80/><T41/><D41/><U26/><E26/><V49/><F38/><W2/><G2/><T89/><D27/><U128/><E128/><V24/><F24/><W60/><G120/><T77/><D28/><U107/><E107/><V131/><F131/><W91/><G129/><T32/><D32/><U114/><E114/><V1/><F1/><W6/><G6/><T22/><D77/><U11/><E11/><N who="2" m="6655" /><F108/><W0/><G0/><T132/><D132/><U97/><E79/><V113/><F113/><N who="3" m="43595" /><G122/><T130/><D130/><U44/><E44/><AGARI ba="0,0" hai="12,17,22,44,48,52,61,66,70,81,82,83,84,89" machi="44" ten="30,3900,0" yaku="7,1,52,1,54,1" doraHai="47" who="0" fromWho="1" sc="213,39,207,-39,255,0,325,0" owari="252,-14.8,168,-33.2,255,5.5,325,42.5" /></mjloggm>