<mjloggm ver="2.3"><GO type="225" lobby="0"/><UN n0="%E9%B3%B3%E6%9D%B1%E3%81%AE%E3%81%86%E3%81%95%E3%81%8E%E3%81%95%E3%82%93" n1="%E3%83%8F%E3%82%AC%E3%82%BF%E3%82%AB%E3%81%AE%E3%81%88%E3%81%98%E3%81%8D" n2="%E8%A8%88%E7%AE%97%E6%A9%9F%E8%87%AA%E7%84%B6" n3="%E5%AE%AE%E4%BF%9D%E9%B6%8F%E8%82%89" dan="16,16,17,16" rate="2253.13,2163.97,2237.79,2131.85" sx="M,M,M,M"/><TAIKYOKU oya="0"/><INIT seed="0,0,0,3,4,116" ten="250,250,250,250" oya="0" hai0="115,125,106,23,58,38,44,104,95,63,54,91,56" hai1="26,20,5,109,18,51,8,77,113,67,17,36,19" hai2="120,14,108,64,47,48,22,117,81,135,127,24,92" hai3="0,3,15,16,128,69,53,59,62,98,82,39,37"/><T123/><D125/><U10/><E36/><V119/><F127/><W131/><G69/><T122/><D115/><U52/><E113/><V33/><F108/><W111/><G111/><T43/><D23/><U105/><E105/><V118/><F135/><W70/><G70/><T73/><D73/><U94/><E109/><V101/><F64/><W86/><G98/><T57/><D106/><U79/><E67/><V93/><F101/><W112/><G112/><T74/><D74/><U21/><E94/><N who="2" m="36459" /><F81/><W130/><G39/><T31/><D31/><N who="1" m="17863" /><E21/><V134/><F134/><W89/><REACH who="3" step="1"/><G37/><REACH who="3" ten="250,250,250,240" step="2"/><T87/><REACH who="0" step="1"/><D104/><REACH who="0" ten="240,250,250,240" step="2"/><U76/><E5/><V84/><F117/><W124/><G124/><T72/><D72/><U9/><E9/><AGARI ba="0,2" hai="0,3,9,15,16,53,59,62,82,86,89,128,130,131" machi="9" ten="40,5200,0" yaku="1,1,19,1,54,1,53,0" doraHai="116" doraHaiUra="114" who="3" fromWho="1" sc="240,0,250,-52,250,0,240,72" /><INIT seed="1,0,0,2,2,5" ten="240,198,250,312" oya="1" hai0="80,125,49,64,68,107,99,13,133,100,96,118,29" hai1="12,119,122,33,10,25,129,121,20,59,58,36,115" hai2="73,103,19,32,76,95,72,74,47,1,70,26,131" hai3="77,63,37,7,48,117,54,43,91,88,78,86,124"/><U75/><E115/><V17/><F70/><W83/><G124/><T0/><D0/><U105/><E119/><V4/><F131/><W62/><G117/><T79/><D118/><U65/><E129/><V15/><F76/><N who="3" m="29291" /><G37/><T113/><D113/><U2/><E75/><V53/><F1/><W21/><G43/><T16/><D125/><U24/><E36/><V123/><F123/><W98/><G7/><T114/><D114/><U102/><E2/><V46/><F4/><W31/><G31/><T101/><D29/><U61/><E33/><V97/><F53/><W14/><G98/><T40/><D133/><U106/><E102/><V56/><F56/><N who="3" m="32839" /><G91/><T126/><D126/><U55/><E105/><V18/><F32/><W87/><G87/><T8/><D64/><U41/><E106/><V57/><F57/><W84/><G84/><N who="0" m="48159" /><D68/><U27/><E20/><V51/><F51/><W66/><G66/><T81/><D107/><U104/><E41/><V116/><F116/><W89/><G89/><T90/><D99/><U130/><E104/><V50/><F50/><W112/><G112/><T71/><D71/><U93/><E130/><V60/><F72/><W23/><G23/><T6/><D6/><N who="1" m="3159" /><E122/><V28/><F73/><W134/><G134/><T110/><D96/><U11/><E121/><V82/><F74/><W92/><G83/><T45/><D110/><U44/><E93/><V111/><F82/><W127/><G127/><T52/><D40/><U120/><E120/><V85/><F111/><W34/><G34/><T132/><D132/><U42/><E42/><V108/><F108/><RYUUKYOKU ba="0,0" sc="240,15,198,-15,250,-15,312,15" hai0="8,13,16,45,49,52,81,90,100,101" hai3="14,21,62,63,86,88,92" /><INIT seed="2,1,0,3,4,124" ten="255,183,235,327" oya="2" hai0="46,50,11,131,62,109,55,74,94,23,17,10,126" hai1="80,119,103,8,118,110,63,14,27,91,52,66,88" hai2="28,34,81,61,44,77,135,56,42,108,15,78,112" hai3="83,121,59,96,99,82,19,86,76,123,43,107,116"/><V36/><F112/><W4/><G116/><T105/><D109/><U41/><E110/><V95/><F108/><W113/><G43/><T49/><D105/><U31/><E41/><V29/><F135/><W92/><G4/><T2/><D126/><U16/><E103/><V22/><F34/><W97/><G59/><T111/><D111/><U125/><E125/><V25/><F15/><W114/><G19/><T12/><D74/><U70/><E52/><V120/><F120/><N who="3" m="46155" /><G107/><T3/><D3/><U54/><E54/><V38/><F95/><W24/><G24/><T73/><D62/><U65/><E65/><V64/><F36/><W9/><G9/><T0/><D94/><U1/><E1/><V128/><F28/><W89/><G83/><T129/><D50/><U51/><E51/><V33/><F33/><W58/><G58/><T60/><D60/><U134/><E134/><V48/><F38/><W18/><G18/><T102/><D0/><U37/><E37/><V45/><F44/><W84/><AGARI ba="1,0" hai="76,82,84,86,89,92,96,97,99,113,114" m="46155" machi="84" ten="40,2700,0" yaku="34,2" doraHai="124" who="3" fromWho="3" sc="255,-8,183,-8,235,-14,327,30" /><INIT seed="3,0,0,2,4,106" ten="247,175,221,357" oya="3" hai0="97,101,17,118,57,88,129,13,115,7,22,8,124" hai1="70,54,60,78,111,59,4,40,89,67,1,110,65" hai2="20,93,41,47,34,86,96,72,80,27,14,56,52" hai3="130,104,120,36,84,44,79,85,37,51,39,132,33"/><W6/><G33/><T71/><D118/><U9/><E89/><V125/><F125/><W98/><G120/><T10/><D71/><U43/><E78/><V69/><F69/><W2/><G130/><T100/><D129/><U95/><E95/><V76/><F14/><W45/><G45/><T119/><D119/><U128/><E128/><V15/><F15/><W28/><G28/><T102/><D124/><U61/><REACH who="1" step="1"/><E67/><REACH who="1" ten="247,165,221,357" step="2"/><V68/><F93/><W58/><G79/><T82/><D88/><U133/><E133/><V3/><F76/><W73/><G132/><T21/><D102/><U30/><E30/><V64/><F64/><W103/><G103/><T55/><D101/><U35/><E35/><V122/><F34/><W62/><G98/><T18/><D97/><U108/><AGARI ba="0,1" hai="1,4,9,40,43,54,59,60,61,65,70,108,110,111" machi="108" ten="30,4000,0" yaku="1,1,0,1,14,1,53,0" doraHai="106" doraHaiUra="24" who="1" fromWho="1" sc="247,-10,165,50,221,-10,357,-20" owari="237,3.7,215,-18.5,211,-28.9,337,43.7" /></mjloggm>