<mjloggm ver="2.3"><GO type="225" lobby="0"/><UN n0="%E3%81%99%E3%81%84%E3%81%BE%E3%81%9B%E3%83%BC%E3%82%93" n1="%54%4F%52" n2="%53%61%63%68%69%30%34" n3="%E3%81%86%E3%82%8B%E3%81%8A%E3%81%A1%E3%82%83" dan="16,17,16,16" rate="2131.44,2240.13,2094.51,2108.17" sx="M,M,M,F"/><TAIKYOKU oya="0"/><INIT seed="0,0,0,4,2,56" ten="250,250,250,250" oya="0" hai0="124,93,26,132,111,21,43,49,31,63,16,48,18" hai1="73,74,70,129,52,125,34,64,114,99,76,30,4" hai2="103,38,3,54,135,66,33,22,12,37,109,126,79" hai3="83,61,9,69,32,62,88,89,108,71,98,94,25"/><T75/><D75/><U15/><E125/><V10/><F33/><W36/><G36/><T11/><D124/><U8/><E129/><V120/><F103/><W39/><G39/><T100/><D132/><U127/><E127/><V122/><F79/><W7/><G108/><T131/><D131/><U27/><E114/><V78/><F78/><W29/><G71/><T60/><D111/><U116/><E116/><V77/><F77/><W92/><G69/><T85/><D43/><U13/><E99/><V123/><F22/><N who="3" m="15543" /><G83/><T96/><D85/><U102/><E102/><V5/><F3/><W119/><G32/><T113/><D113/><U0/><E52/><V128/><F54/><W65/><G65/><T118/><D118/><U110/><E110/><V53/><F53/><W20/><G20/><T82/><D82/><U28/><E28/><V45/><F66/><W90/><G119/><T47/><D11/><U55/><E55/><V105/><F10/><W117/><G117/><T107/><D107/><U91/><E91/><N who="3" m="34890" /><G92/><T59/><D59/><U72/><REACH who="1" step="1"/><E76/><REACH who="1" ten="250,240,250,250" step="2"/><V134/><F126/><W115/><G115/><T104/><D104/><U87/><E87/><V24/><F105/><W2/><G2/><T106/><D106/><U41/><E41/><V95/><F134/><W17/><G7/><T51/><D47/><U35/><E35/><V97/><F45/><W67/><G67/><T84/><D84/><U121/><E121/><V68/><F123/><W101/><G101/><T14/><D31/><U1/><E1/><V130/><F120/><W57/><G57/><T44/><D44/><RYUUKYOKU ba="0,1" sc="250,10,240,10,250,-30,250,10" hai0="14,16,18,21,26,48,49,51,60,63,93,96,100" hai1="0,4,8,13,15,27,30,34,64,70,72,73,74" hai3="9,17,61,62,90,94,98" /><INIT seed="0,1,1,5,1,77" ten="260,250,220,260" oya="0" hai0="21,8,108,38,93,92,121,84,3,11,124,41,72" hai1="53,1,68,31,70,71,25,123,30,109,2,39,73" hai2="91,83,44,40,59,116,100,76,97,20,52,47,79" hai3="74,85,65,111,64,103,118,6,35,95,125,4,107"/><T24/><D121/><U101/><E123/><V115/><F115/><W102/><G35/><T36/><D72/><U75/><E109/><V94/><F116/><W27/><G74/><T113/><D113/><U48/><E39/><V99/><F20/><W17/><G118/><T110/><D124/><U14/><E75/><V88/><F99/><W0/><G107/><T34/><D34/><U37/><E37/><N who="0" m="14441" /><D41/><U82/><E101/><N who="3" m="38410" /><G0/><T131/><D131/><U106/><E106/><V54/><F54/><W16/><G111/><N who="0" m="42539" /><D84/><U10/><E73/><V129/><F129/><W51/><G51/><T134/><D134/><U114/><E114/><V7/><F7/><N who="3" m="2603" /><G125/><T69/><D69/><U105/><E68/><V60/><F40/><W126/><G126/><T96/><D3/><U90/><E70/><V87/><F100/><W119/><G119/><T120/><D120/><U28/><E71/><V45/><AGARI ba="1,1" hai="44,45,47,52,59,60,76,79,83,87,88,91,94,97" machi="45" ten="30,8000,1" yaku="0,1,8,1,52,1,54,2" doraHai="77" who="2" fromWho="2" sc="260,-41,250,-21,220,93,260,-21" /><INIT seed="1,0,0,0,4,73" ten="219,229,313,239" oya="1" hai0="103,48,31,118,41,45,59,104,101,11,69,6,106" hai1="67,54,40,134,95,49,34,23,39,27,80,116,7" hai2="102,62,113,68,21,28,129,114,121,99,119,75,64" hai3="97,65,110,66,122,12,81,14,131,123,15,112,90"/><U92/><E116/><V2/><F2/><W47/><G112/><N who="2" m="43113" /><F75/><W133/><G110/><T85/><D69/><U60/><E134/><V52/><F121/><W36/><G133/><T115/><D118/><U77/><E34/><V117/><F129/><W1/><G131/><T111/><D111/><U86/><E7/><V82/><F82/><W105/><G1/><T83/><D31/><U96/><E40/><V38/><F38/><W9/><G9/><T127/><D127/><U76/><E39/><V78/><F78/><W24/><G24/><T26/><D26/><U53/><E77/><V16/><F52/><W100/><G122/><T79/><D115/><U126/><E126/><V43/><F28/><W33/><G33/><T4/><D4/><U124/><E124/><V19/><F19/><W74/><G123/><T71/><D71/><U25/><E25/><N who="2" m="14503" /><F43/><W72/><G72/><T37/><D37/><U57/><E53/><V87/><F87/><W22/><G22/><T32/><D32/><U135/><E135/><V63/><F63/><W109/><G109/><T132/><D132/><U44/><REACH who="1" step="1"/><E96/><REACH who="1" ten="219,219,313,239" step="2"/><V3/><F3/><W46/><G36/><T35/><D35/><U18/><AGARI ba="0,1" hai="18,23,27,44,49,54,57,60,67,76,80,86,92,95" machi="18" ten="20,18000,2" yaku="1,1,2,1,0,1,7,1,8,1,52,1,53,0" doraHai="73" doraHaiUra="94" who="1" fromWho="1" sc="219,-60,219,190,313,-60,239,-60" /><INIT seed="1,1,0,5,5,108" ten="159,409,253,179" oya="1" hai0="35,78,74,107,131,1,26,56,132,52,12,82,97" hai1="48,40,51,57,23,112,0,24,16,14,22,11,54" hai2="73,123,67,69,64,25,27,91,20,99,70,135,29" hai3="32,3,83,102,80,122,133,89,84,101,129,113,13"/><U28/><E112/><V95/><F73/><W81/><G3/><T30/><D1/><U85/><E0/><V94/><F123/><W15/><G32/><T76/><D131/><U105/><E105/><V109/><F109/><W42/><G122/><T21/><D132/><U37/><E37/><V66/><F135/><W127/><G133/><T43/><D78/><U49/><E40/><V38/><F38/><W110/><G110/><T63/><D43/><U44/><E44/><V60/><F70/><W87/><G129/><T104/><REACH who="0" step="1"/><D97/><REACH who="0" ten="149,409,253,179" step="2"/><U134/><E134/><V18/><F99/><W41/><G41/><T96/><D96/><U111/><E111/><V68/><F69/><W88/><G42/><T100/><D100/><N who="3" m="38505" /><G127/><T120/><D120/><U5/><E85/><N who="3" m="32842" /><G113/><T128/><D128/><U115/><E115/><V72/><F72/><W71/><G71/><T47/><D47/><U55/><E57/><V114/><F114/><W58/><G58/><T75/><D75/><U46/><E46/><V53/><F68/><W9/><G9/><T90/><D90/><AGARI ba="1,1" hai="13,15,80,81,83,88,89,90" m="32842,38505" machi="90" ten="30,7700,0" yaku="28,2,8,1,54,1" doraHai="108" who="3" fromWho="0" sc="149,-80,409,0,253,0,179,90" /><INIT seed="2,0,0,4,1,2" ten="69,409,253,269" oya="2" hai0="110,52,59,56,106,47,35,18,29,50,124,113,114" hai1="8,130,119,36,34,80,86,71,85,96,133,27,132" hai2="69,77,43,31,105,74,103,99,55,83,87,28,120" hai3="41,4,64,60,1,40,116,15,122,48,75,91,100"/><V21/><F120/><W70/><G122/><T104/><D110/><U89/><E119/><V107/><F69/><W135/><G116/><T46/><D124/><U3/><E71/><V17/><F107/><W42/><G135/><N who="1" m="51786" /><E36/><V65/><F65/><W79/><G1/><T25/><D18/><U84/><E96/><V111/><F111/><W98/><G91/><T129/><D129/><U33/><E130/><V58/><F43/><W49/><G79/><T118/><D118/><U68/><E68/><V57/><F57/><W9/><REACH who="3" step="1"/><G75/><REACH who="3" ten="69,409,253,259" step="2"/><T13/><D114/><U26/><E89/><V108/><F74/><W61/><G61/><T95/><D113/><U51/><E3/><V102/><F102/><W39/><G39/><T94/><D106/><AGARI ba="0,1" hai="4,9,15,40,41,42,48,49,60,64,70,98,100,106" machi="106" ten="40,2600,0" yaku="1,1,52,1,53,0" doraHai="2" doraHaiUra="23" who="3" fromWho="0" sc="69,-26,409,0,253,0,259,36" /><INIT seed="3,0,0,0,2,55" ten="43,409,253,295" oya="3" hai0="79,12,26,51,94,80,90,17,67,7,45,20,15" hai1="5,22,44,112,39,77,29,128,56,110,117,71,42" hai2="75,101,69,0,106,131,85,59,13,58,133,35,68" hai3="34,70,60,119,97,61,65,21,93,84,114,30,127"/><W124/><G114/><T109/><D109/><U72/><E112/><V63/><F0/><W11/><G119/><T28/><D67/><U73/><E71/><V86/><F75/><W92/><G34/><T118/><D118/><U96/><E117/><V23/><F35/><W53/><G11/><T14/><D94/><U50/><E110/><V19/><F131/><W36/><G36/><T132/><D132/><U102/><E128/><V48/><F133/><W113/><G113/><T107/><D107/><U134/><E134/><V122/><F122/><W46/><G92/><T104/><D104/><U83/><E72/><V87/><F48/><W103/><G84/><T38/><D38/><U66/><E5/><V54/><REACH who="2" step="1"/><F58/><REACH who="2" ten="43,409,243,295" step="2"/><W8/><G8/><T49/><D49/><U47/><E56/><V115/><F115/><W16/><G30/><T37/><D37/><U130/><E50/><V64/><F64/><W32/><G32/><T52/><D7/><U95/><E66/><V78/><F78/><W57/><REACH who="3" step="1"/><G46/><REACH who="3" ten="43,409,243,285" step="2"/><T123/><D123/><U33/><E47/><V76/><F76/><W125/><G125/><T62/><D62/><U10/><E130/><V105/><F105/><W100/><G100/><T74/><D74/><U91/><E33/><V89/><F89/><W2/><G2/><T81/><D90/><U82/><E102/><V41/><F41/><W9/><G9/><T99/><D99/><AGARI ba="0,2" hai="13,19,23,54,59,63,68,69,85,86,87,99,101,106" machi="99" ten="40,2600,0" yaku="1,1,52,1,53,0" doraHai="55" doraHaiUra="31" who="2" fromWho="0" sc="43,-26,409,0,243,46,285,0" owari="17,-48.3,409,50.9,289,8.9,285,-11.5" /></mjloggm>