<mjloggm ver="2.3"><GO type="225" lobby="0"/><UN n0="%E7%99%BD%E6%97%A5%E9%9B%AA%E8%8F%9C" n1="%E5%8D%A0%E3%81%84%E5%B8%AB%E8%A3%8F%E3%81%AA%E3%81%84%E3%81%97" n2="%E7%99%BD%E9%9B%AA%E4%B9%83%E6%84%9B" n3="%E3%81%BF%E3%81%BF%E3%81%9A" dan="16,16,16,16" rate="2161.01,2109.30,2058.73,2157.56" sx="M,M,F,M"/><TAIKYOKU oya="0"/><INIT seed="0,0,0,1,5,55" ten="250,250,250,250" oya="0" hai0="127,85,42,123,57,92,76,86,60,12,122,10,93" hai1="62,13,131,25,115,31,88,87,105,73,18,117,1" hai2="100,64,77,36,3,101,35,97,4,99,82,43,134" hai3="133,89,132,130,47,21,110,114,16,112,33,81,135"/><T23/><D127/><U126/><E117/><V6/><F35/><W7/><G33/><T96/><D42/><U63/><E73/><V116/><F134/><W71/><G71/><T29/><D122/><U91/><E1/><V5/><F116/><W46/><G7/><T2/><D2/><U53/><E126/><V78/><F3/><W79/><G89/><T15/><D76/><U109/><E105/><V26/><F26/><N who="3" m="14631" /><G110/><T11/><D123/><U113/><E109/><V48/><F36/><W106/><G106/><T58/><D29/><U70/><E131/><V68/><F68/><W52/><G130/><T34/><D23/><N who="1" m="15807" /><E70/><V128/><F64/><W95/><G95/><T103/><D34/><U9/><E91/><V125/><F125/><W67/><G67/><N who="0" m="39311" /><D58/><U24/><E24/><V17/><F128/><W108/><G108/><T69/><D69/><U20/><E20/><V107/><F17/><W38/><G38/><T129/><D129/><U8/><E8/><N who="0" m="3113" /><D93/><N who="1" m="54431" /><E53/><V98/><F107/><W102/><G52/><T32/><D32/><U19/><E19/><V37/><F37/><W61/><G114/><AGARI ba="0,0" hai="9,13,18,62,63,113,114,115" m="54431,15807" machi="114" ten="30,2000,0" yaku="11,1,54,1" doraHai="55" who="1" fromWho="3" sc="250,0,250,20,250,0,250,-20" /><INIT seed="1,0,0,1,5,58" ten="250,270,250,230" oya="1" hai0="35,107,106,62,134,40,70,11,94,89,42,109,38" hai1="4,67,101,41,55,108,32,30,123,127,2,112,15" hai2="43,122,54,12,48,132,68,8,131,49,120,117,93" hai3="90,83,113,59,71,78,18,1,22,91,39,85,37"/><U34/><E112/><V36/><F117/><W29/><G113/><T63/><D35/><U33/><E123/><V92/><F68/><W61/><G71/><T10/><D70/><U56/><E67/><V53/><F36/><W82/><G1/><T51/><D38/><U14/><E127/><V45/><F43/><W100/><G100/><T98/><D109/><U3/><E108/><V5/><F131/><W86/><G29/><T57/><D134/><U111/><E111/><V19/><F132/><W27/><REACH who="3" step="1"/><G78/><REACH who="3" ten="250,270,250,220" step="2"/><T84/><D107/><U116/><E101/><V133/><F133/><W7/><G7/><T99/><D106/><U46/><E30/><V79/><F79/><W21/><G21/><T96/><D11/><U105/><E105/><V97/><F5/><W110/><G110/><T102/><D10/><U44/><E4/><V104/><F104/><W52/><AGARI ba="0,1" hai="18,22,27,37,39,52,59,61,82,83,85,86,90,91" machi="52" ten="20,12000,2" yaku="1,1,0,1,7,1,9,1,52,1,54,1,53,0" doraHai="58" doraHaiUra="103" who="3" fromWho="3" sc="250,-30,270,-60,250,-30,220,130" /><INIT seed="2,0,0,1,2,39" ten="220,210,220,350" oya="2" hai0="78,76,88,25,125,116,0,45,33,51,113,32,35" hai1="86,50,71,15,60,80,10,100,38,123,67,24,87" hai2="13,69,29,44,27,119,93,31,23,84,130,56,112" hai3="4,42,96,68,131,11,54,36,62,133,75,89,16"/><V34/><F112/><W127/><G75/><T57/><D113/><U94/><E38/><V111/><F119/><W8/><G127/><T9/><D125/><U90/><E123/><V97/><F69/><W115/><G115/><T95/><D116/><U19/><E24/><V82/><F130/><W132/><G131/><T43/><D25/><U118/><E118/><V65/><F111/><W48/><G36/><T17/><D57/><U18/><E50/><V117/><F117/><W72/><G72/><T98/><REACH who="0" step="1"/><D17/><REACH who="0" ten="210,210,220,350" step="2"/><U135/><E19/><V91/><F44/><N who="3" m="25623" /><G16/><T70/><D70/><U2/><E18/><V106/><F31/><W105/><G4/><AGARI ba="0,1" hai="0,4,9,32,33,35,43,45,51,76,78,88,95,98" machi="4" ten="40,5200,0" yaku="1,1,52,1,54,1,53,0" doraHai="39" doraHaiUra="55" who="0" fromWho="3" sc="210,62,210,0,220,0,350,-52" /><INIT seed="3,0,0,2,1,135" ten="272,210,220,298" oya="3" hai0="94,118,83,120,28,70,105,96,56,68,112,43,18" hai1="14,65,23,50,130,12,30,2,51,52,74,59,22" hai2="131,9,90,77,84,76,100,128,97,29,48,39,64" hai3="35,126,55,7,21,60,108,0,24,5,6,57,75"/><W8/><G75/><T86/><D118/><U31/><E2/><V17/><F39/><W134/><G126/><T19/><D120/><U122/><E122/><V27/><F64/><W124/><G124/><T103/><D112/><U3/><E3/><V101/><F48/><W95/><G134/><T98/><D28/><N who="1" m="10795" /><E74/><V87/><F17/><W41/><G35/><T92/><D43/><U66/><E130/><N who="2" m="49707" /><F9/><N who="3" m="2215" /><G41/><T67/><D105/><U99/><E99/><V34/><F27/><W85/><G8/><T80/><D67/><N who="1" m="25611" /><E50/><V33/><F29/><W116/><G116/><T63/><D63/><U106/><E106/><V133/><F133/><W117/><G117/><T37/><D37/><U111/><E111/><V114/><F114/><W11/><G11/><T53/><D70/><U44/><E59/><V132/><F132/><W93/><G108/><T102/><D68/><U110/><E110/><V113/><F113/><W58/><G57/><T119/><D119/><U36/><E36/><V115/><F115/><W25/><G85/><N who="2" m="32841" /><F34/><W88/><G25/><T54/><D86/><U13/><AGARI ba="0,0" hai="12,13,14,22,23,44,51,52" m="25611,10795" machi="13" ten="30,2000,0" yaku="8,1,54,1" doraHai="135" who="1" fromWho="1" sc="272,-5,210,20,220,-5,298,-10" /><INIT seed="4,0,0,5,0,131" ten="267,230,215,288" oya="0" hai0="67,38,52,12,89,55,43,77,10,2,96,36,113" hai1="45,19,119,33,84,7,40,107,64,98,24,4,81" hai2="123,8,122,11,30,16,66,90,111,29,37,13,42" hai3="71,128,57,78,59,47,97,18,118,101,14,88,21"/><T108/><D2/><U79/><E119/><V105/><F105/><W75/><G71/><T35/><D35/><U76/><E76/><V23/><F66/><W109/><G109/><T69/><D113/><U5/><E64/><V31/><F90/><W124/><G118/><T133/><D108/><U106/><E98/><V25/><F42/><W116/><G116/><T132/><D77/><U70/><E70/><V117/><F37/><N who="0" m="14442" /><D43/><U126/><E126/><V130/><F117/><W93/><G128/><T112/><D112/><U26/><E33/><V51/><F51/><W83/><G124/><T39/><D39/><U56/><E56/><V110/><F130/><W115/><G115/><T60/><D89/><U127/><E127/><V129/><F129/><W28/><G47/><T91/><D91/><U41/><E45/><V121/><F11/><W46/><G46/><T92/><D92/><U6/><N who="1" m="1024" /><DORA hai="80" /><U87/><E41/><V73/><F73/><W65/><G65/><T1/><D96/><U54/><E40/><V34/><F34/><W17/><G28/><AGARI ba="0,0" hai="8,13,16,23,25,28,29,30,31,110,111,121,122,123" machi="28" ten="50,8000,1" yaku="34,3,54,1" doraHai="131,80" who="2" fromWho="3" sc="267,0,230,0,215,80,288,-80" /><INIT seed="5,0,0,0,5,116" ten="267,230,295,208" oya="1" hai0="76,5,43,47,12,21,79,25,113,94,41,28,74" hai1="77,4,131,17,135,62,53,0,125,97,110,88,112" hai2="75,96,26,83,65,98,102,10,31,6,57,134,80" hai3="23,68,132,40,9,70,93,99,117,72,91,59,16"/><U64/><E112/><V130/><F75/><W133/><G117/><T115/><D74/><U2/><E131/><V42/><F42/><W122/><G72/><T54/><D113/><U127/><E77/><N who="0" m="29769" /><D115/><U49/><E4/><V39/><F39/><W29/><G40/><T58/><D47/><N who="1" m="27839" /><E135/><N who="3" m="51786" /><G29/><T67/><D67/><U114/><E114/><V37/><F37/><W36/><G9/><N who="0" m="4143" /><D94/><N who="1" m="56519" /><E17/><V24/><F134/><W81/><G36/><T106/><D106/><U7/><E7/><V55/><F65/><W19/><G81/><N who="2" m="31305" /><F102/><W45/><G45/><T71/><D71/><N who="3" m="27177" /><G122/><T128/><D128/><U111/><E2/><V56/><F31/><W101/><G23/><T82/><D82/><U100/><E100/><V38/><F38/><W92/><G59/><T11/><D11/><U109/><E0/><V14/><F57/><AGARI ba="0,0" hai="57,62,64,109,110,111,125,127" m="56519,27839" machi="57" ten="30,2900,0" yaku="10,1,54,1" doraHai="116" who="1" fromWho="2" sc="267,0,230,29,295,-29,208,0" /><INIT seed="5,1,0,4,1,64" ten="267,259,266,208" oya="1" hai0="18,62,79,56,3,28,135,10,84,121,15,1,14" hai1="96,30,16,23,60,54,50,26,70,22,57,131,24" hai2="106,27,7,99,32,111,58,36,90,130,31,71,107" hai3="110,101,116,114,119,88,55,68,39,122,29,51,67"/><U53/><E131/><V98/><F111/><W83/><G122/><T20/><D121/><U117/><E117/><N who="3" m="45130" /><G110/><T86/><D135/><U73/><E73/><V6/><F36/><W43/><G114/><T92/><D28/><U49/><E70/><V118/><F118/><W123/><G123/><T4/><D84/><U65/><E96/><V59/><F90/><W81/><G101/><T103/><D103/><U63/><E65/><V19/><F27/><W120/><G120/><T41/><D41/><U124/><E124/><V97/><F31/><W89/><G29/><T75/><D75/><U44/><AGARI ba="1,0" hai="16,22,23,24,26,30,44,49,50,53,54,57,60,63" machi="44" ten="20,7800,0" yaku="0,1,7,1,8,1,54,1" doraHai="64" who="1" fromWho="1" sc="267,-27,259,81,266,-27,208,-27" owari="240,4.0,340,44.0,239,-16.1,181,-31.9" /></mjloggm>