<mjloggm ver="2.3"><GO type="225" lobby="0"/><UN n0="%E6%B0%B7%E5%B7%9D%E9%87%8C%E5%A5%88" n1="%E5%A4%8F%E9%88%B4%E9%88%B4%E5%A4%8F" n2="%30%2E%31%32%30" n3="%E2%98%86%41%64%72%69%61%6E" dan="16,16,16,17" rate="2135.46,2109.41,2121.65,2194.40" sx="F,M,M,M"/><TAIKYOKU oya="0"/><INIT seed="0,0,0,3,1,81" ten="250,250,250,250" oya="0" hai0="70,107,130,67,76,10,72,37,49,84,39,22,9" hai1="45,104,97,77,59,54,14,43,80,5,26,58,7" hai2="132,113,29,133,33,51,117,92,17,123,119,68,108" hai3="44,82,66,57,47,48,23,122,120,62,4,91,115"/><T90/><D107/><U64/><E64/><V111/><F68/><W88/><G4/><T3/><D76/><U103/><E26/><N who="2" m="18615" /><F51/><W18/><G115/><T118/><D72/><U12/><E5/><V98/><F98/><W74/><G47/><T20/><D118/><N who="2" m="45066" /><F92/><W6/><G6/><T106/><D106/><U46/><E46/><V31/><F31/><W35/><G35/><T127/><D67/><U124/><E124/><V40/><F40/><N who="3" m="24583" /><G74/><T55/><D127/><U109/><E7/><V34/><F34/><W78/><G78/><T2/><D70/><U50/><E59/><V116/><N who="2" m="45074" /><V89/><DORA hai="112" /><F113/><W94/><G82/><T95/><D37/><U63/><REACH who="1" step="1"/><E109/><REACH who="1" ten="250,240,250,250" step="2"/><N who="2" m="42059" /><F123/><N who="3" m="47147" /><G94/><T85/><D95/><U1/><E1/><V128/><F128/><W36/><G36/><T79/><D39/><U121/><E121/><V99/><F133/><W134/><G134/><T53/><D130/><U83/><E83/><V61/><F132/><W28/><G28/><T125/><D125/><U41/><E41/><V129/><F129/><W13/><AGARI ba="0,1" hai="13,18,23,57,62,66,88,91" m="47147,24583" machi="13" ten="30,2000,0" yaku="13,1,54,1" doraHai="81,112" who="3" fromWho="3" sc="250,-10,240,-5,250,-5,250,30" /><INIT seed="1,0,0,0,5,22" ten="240,235,245,280" oya="1" hai0="132,121,20,91,124,93,67,50,94,135,87,60,111" hai1="112,56,52,76,53,107,116,31,42,9,83,39,27" hai2="51,106,109,101,41,59,95,134,114,3,46,98,55" hai3="70,1,78,0,25,5,54,66,38,64,100,117,35"/><U61/><E112/><V115/><F109/><W17/><G38/><T103/><D111/><U92/><E107/><V16/><F134/><N who="0" m="51242" /><D124/><U65/><E116/><V24/><F3/><W37/><G37/><T127/><D127/><U120/><E120/><V63/><F106/><W32/><G78/><T110/><D110/><U62/><E92/><V84/><F84/><W125/><G125/><T40/><D121/><U58/><E9/><V105/><F105/><W128/><G117/><T108/><D108/><U44/><E65/><V19/><REACH who="2" step="1"/><F24/><REACH who="2" ten="240,235,235,280" step="2"/><W45/><G25/><T13/><D87/><U119/><E119/><V118/><F118/><W75/><G0/><T73/><D73/><U89/><E89/><V85/><F85/><W34/><G1/><T15/><D91/><U97/><E97/><V69/><F69/><W48/><G70/><N who="0" m="42343" /><D103/><U36/><E76/><V43/><F43/><W14/><G75/><T90/><D90/><U57/><E83/><V86/><F86/><W26/><G100/><T23/><D93/><U77/><E77/><V11/><F11/><W126/><G126/><T129/><D94/><U99/><E99/><V131/><F131/><W71/><G128/><T29/><D129/><U28/><E27/><V8/><F8/><N who="3" m="4367" /><G71/><T12/><D40/><U30/><REACH who="1" step="1"/><E36/><REACH who="1" ten="240,225,235,280" step="2"/><V122/><F122/><W80/><G80/><T33/><D12/><U123/><E123/><V82/><F82/><W7/><G26/><N who="0" m="18615" /><D13/><U104/><E104/><V74/><F74/><W113/><G113/><AGARI ba="0,2" hai="16,19,41,46,51,55,59,63,95,98,101,113,114,115" machi="113" ten="40,8000,1" yaku="1,1,11,1,54,1,53,1" doraHai="22" doraHaiUra="96" who="2" fromWho="3" sc="240,0,225,0,235,100,280,-80" /><INIT seed="2,0,0,1,0,135" ten="240,225,335,200" oya="2" hai0="54,40,45,79,37,57,68,16,75,90,47,114,134" hai1="48,0,20,49,62,34,84,6,94,73,12,58,28" hai2="105,103,63,112,95,15,83,32,92,133,39,52,44" hai3="18,129,118,104,106,7,46,10,31,9,41,81,14"/><V82/><F105/><W21/><G118/><T11/><D114/><U66/><E73/><V108/><F32/><W23/><G129/><T91/><D134/><U59/><E0/><V5/><F112/><W119/><G119/><T131/><D68/><U60/><E34/><V124/><F95/><W17/><G31/><T71/><D71/><U36/><E36/><V123/><F123/><W99/><G81/><T76/><D131/><U53/><E6/><V93/><F93/><W35/><G35/><T29/><D29/><U101/><E12/><V69/><F69/><W33/><G33/><T19/><D75/><U111/><E111/><V70/><F70/><W88/><G88/><N who="0" m="33835" /><D37/><U127/><E84/><V4/><F108/><W107/><G99/><T8/><D40/><U61/><E61/><V1/><F39/><W122/><G122/><T3/><D3/><U98/><E127/><V43/><F1/><W121/><G121/><T125/><D125/><U86/><E86/><V56/><F124/><W120/><G120/><T74/><D74/><U130/><E130/><V113/><F113/><W115/><G115/><T97/><D97/><U80/><E80/><V50/><F133/><W2/><REACH who="3" step="1"/><G18/><REACH who="3" ten="240,225,335,190" step="2"/><N who="0" m="6699" /><D79/><U27/><AGARI ba="0,1" hai="20,27,28,48,49,53,58,59,60,62,66,94,98,101" machi="27" ten="30,7900,0" yaku="0,1,25,2,8,1" doraHai="135" who="1" fromWho="1" sc="240,-20,225,89,335,-39,190,-20" /><INIT seed="3,0,0,4,4,106" ten="220,314,296,170" oya="3" hai0="73,126,93,81,51,122,130,94,18,85,50,87,72" hai1="35,92,68,100,95,76,26,80,62,61,83,71,29" hai2="91,90,22,120,129,27,48,89,125,98,64,86,96" hai3="108,3,66,6,20,82,111,7,115,28,32,113,56"/><W43/><G32/><T4/><D122/><U19/><E19/><V16/><F120/><W39/><G82/><T70/><D4/><N who="3" m="1577" /><G3/><T65/><D18/><U30/><E100/><V116/><F116/><W118/><G118/><T23/><D23/><U21/><E21/><V84/><F129/><W47/><G66/><T31/><D31/><U15/><E15/><V104/><F104/><W49/><G56/><T25/><D65/><U63/><E30/><V0/><F0/><W59/><G59/><T10/><D10/><U53/><E83/><V34/><F34/><W38/><G115/><T24/><D81/><U41/><E41/><V11/><F125/><W79/><G79/><T99/><D99/><N who="2" m="37930" /><F64/><W127/><G113/><T97/><D97/><U103/><E103/><V110/><F110/><N who="3" m="42027" /><G127/><T58/><D126/><U37/><E80/><V131/><F131/><W13/><G13/><T78/><D58/><U132/><E76/><V112/><F112/><W105/><G105/><T121/><D78/><U52/><E35/><V8/><F84/><W33/><G33/><T9/><D121/><U44/><E71/><V123/><F86/><W54/><G43/><T124/><D124/><U75/><E68/><V134/><F123/><W36/><G36/><T5/><D70/><U77/><E77/><V45/><F134/><W101/><G101/><T69/><D69/><U67/><E132/><V74/><F74/><W42/><G42/><AGARI ba="0,0" hai="8,11,16,22,27,42,45,48,89,90,91" m="37930" machi="42" ten="30,2000,0" yaku="8,1,54,1" doraHai="106" who="2" fromWho="3" sc="220,0,314,0,296,20,170,-20" owari="220,-18.0,314,11.4,316,41.6,150,-35.0" /></mjloggm>