<mjloggm ver="2.3"><GO type="225" lobby="0"/><UN n0="%48%61%61%61%6C%61%6E%64" n1="%E3%81%9F%E3%81%A3%E3%81%A1%E3%82%87" n2="%E3%82%BC%E3%83%AB%E3%83%80%E3%81%AE%E4%BC%9D%E8%AA%AC" n3="%72%61%6B%33" dan="17,16,16,16" rate="2262.35,2103.12,2125.90,2193.80" sx="M,M,M,M"/><TAIKYOKU oya="0"/><INIT seed="0,0,0,2,5,30" ten="250,250,250,250" oya="0" hai0="66,7,74,32,121,16,36,113,34,109,112,18,20" hai1="41,31,125,71,86,93,37,5,55,62,28,50,17" hai2="59,0,118,23,94,117,70,88,105,98,78,132,46" hai3="100,110,64,26,38,3,43,87,111,39,56,106,51"/><T33/><D36/><U131/><E125/><V29/><F70/><W107/><G3/><T90/><D74/><U72/><E72/><V52/><F0/><W12/><G12/><T9/><D66/><U79/><E131/><V82/><F132/><W128/><G87/><T73/><D73/><U19/><E5/><V102/><F46/><N who="3" m="26079" /><G26/><N who="0" m="14599" /><D90/><N who="1" m="53463" /><E37/><N who="3" m="13834" /><G100/><T116/><D116/><N who="2" m="44650" /><F23/><W103/><G103/><T58/><D58/><N who="1" m="33143" /><E41/><V65/><F65/><W67/><G67/><T15/><D121/><U89/><E79/><V11/><F29/><W133/><G133/><T101/><D101/><U75/><E89/><V68/><F68/><W69/><G69/><T6/><D109/><N who="3" m="41481" /><G128/><T22/><D6/><U54/><E71/><V77/><F82/><W104/><G107/><T60/><D60/><AGARI ba="0,0" hai="56,60,64,104,106" m="41481,13834,26079" machi="60" ten="30,1000,0" yaku="14,1" doraHai="30" who="3" fromWho="0" sc="250,-10,250,0,250,0,250,10" /><INIT seed="1,0,0,4,0,59" ten="240,250,250,260" oya="1" hai0="113,84,68,130,86,79,74,93,58,103,76,2,128" hai1="112,105,10,134,121,42,120,15,66,19,135,32,97" hai2="94,95,62,124,8,96,82,98,45,53,90,85,43" hai3="89,64,49,132,78,126,56,57,61,129,47,23,12"/><U14/><E42/><V101/><F124/><W36/><G126/><T55/><D68/><U44/><E44/><V99/><F8/><W119/><G129/><N who="0" m="49771" /><D2/><U50/><E50/><N who="2" m="26943" /><F101/><W122/><G132/><N who="1" m="50730" /><E66/><V6/><F6/><W73/><G122/><N who="1" m="47210" /><E112/><V13/><F13/><N who="1" m="4617" /><E32/><V67/><F67/><W108/><G64/><T114/><D74/><U52/><E10/><V37/><F37/><W1/><G36/><T46/><D46/><U87/><E87/><N who="0" m="33321" /><D103/><N who="1" m="62703" /><E19/><V29/><F29/><W63/><G47/><T24/><D93/><N who="2" m="35338" /><F53/><AGARI ba="0,0" hai="52,53" m="62703,4617,47210,50730" machi="53" ten="40,3900,0" yaku="20,1,54,1" doraHai="59" who="1" fromWho="2" sc="240,0,250,39,250,-39,260,0" /><INIT seed="1,1,0,3,3,34" ten="240,289,211,260" oya="1" hai0="43,40,42,116,25,31,94,26,93,39,4,101,75" hai1="135,127,12,53,38,27,2,73,110,14,86,63,29" hai2="113,72,44,118,15,100,23,1,8,103,64,24,70" hai3="11,82,17,132,115,58,84,83,125,81,77,80,106"/><U95/><E73/><V123/><F118/><W119/><G115/><T85/><D75/><U41/><E127/><V45/><F123/><W78/><G125/><T54/><D116/><U62/><E135/><V5/><F113/><W51/><G119/><T33/><D39/><U126/><E126/><V47/><F72/><W6/><G106/><T121/><D121/><U91/><E2/><V90/><F15/><W79/><G132/><T102/><D4/><U134/><E134/><V92/><F64/><W50/><G17/><T65/><D65/><U88/><E110/><V35/><F35/><W3/><REACH who="3" step="1"/><G58/><REACH who="3" ten="240,289,211,250" step="2"/><T48/><D26/><U19/><E27/><V99/><REACH who="2" step="1"/><F70/><REACH who="2" ten="240,289,201,250" step="2"/><W57/><G57/><T21/><D25/><U117/><E117/><V128/><F128/><W37/><G37/><T89/><D33/><U49/><E38/><V97/><F97/><W66/><G66/><T112/><D112/><U107/><E107/><V13/><F13/><W96/><G96/><T129/><D129/><U30/><E12/><V76/><F76/><AGARI ba="1,2" hai="3,6,11,50,51,76,77,78,79,80,81,82,83,84" machi="76" ten="40,2600,0" yaku="1,1,52,1,53,0" doraHai="34" doraHaiUra="120" who="3" fromWho="2" sc="240,0,289,0,201,-29,250,49" /><INIT seed="2,0,0,2,3,120" ten="240,289,172,299" oya="2" hai0="49,12,14,109,0,86,71,17,80,21,52,82,26" hai1="121,18,48,118,32,94,117,123,43,19,90,133,96" hai2="62,29,130,70,37,5,44,66,3,113,38,75,112" hai3="67,107,30,87,36,124,92,108,85,27,125,131,132"/><V116/><F116/><W95/><G36/><T23/><D0/><U84/><E32/><V51/><F29/><W42/><G42/><T100/><D71/><U74/><E133/><V106/><F106/><W45/><G45/><T15/><D109/><U13/><E74/><V10/><F130/><W22/><G108/><T102/><D21/><U114/><E114/><V7/><F7/><W134/><G107/><T53/><D82/><N who="1" m="49431" /><E19/><V35/><F35/><W115/><G67/><T57/><REACH who="0" step="1"/><D53/><REACH who="0" ten="230,289,172,299" step="2"/><U60/><E117/><V105/><F75/><W79/><G22/><T68/><D68/><U110/><E118/><V135/><F135/><W78/><G134/><T33/><D33/><U111/><E110/><V98/><F113/><W63/><G115/><T59/><D59/><U20/><E111/><V55/><REACH who="2" step="1"/><F112/><REACH who="2" ten="230,289,162,299" step="2"/><W1/><G132/><T61/><D61/><U76/><E60/><V2/><F2/><W65/><G1/><T88/><AGARI ba="0,2" hai="12,14,15,17,23,26,49,52,57,80,86,88,100,102" machi="88" ten="30,8000,1" yaku="1,1,0,1,8,1,54,2,53,0" doraHai="120" doraHaiUra="69" who="0" fromWho="0" sc="230,100,289,-20,162,-40,299,-20" /><INIT seed="3,0,0,4,5,75" ten="330,269,122,279" oya="3" hai0="24,91,104,44,84,54,112,127,125,135,121,77,26" hai1="83,105,93,22,79,116,119,13,25,70,97,30,36" hai2="118,124,23,90,68,60,76,15,51,42,47,114,14" hai3="126,20,134,0,46,131,95,122,1,3,9,85,102"/><W59/><G122/><T133/><D121/><U100/><E36/><V115/><F118/><N who="1" m="45097" /><E70/><V123/><F123/><W71/><G71/><T63/><D104/><U108/><E108/><V64/><F124/><N who="0" m="47690" /><D77/><U109/><E109/><V18/><F90/><W31/><G126/><T12/><D12/><U62/><E13/><V39/><F15/><W50/><G59/><N who="0" m="35319" /><D44/><U40/><E40/><V48/><F48/><W41/><G131/><T66/><D66/><U29/><E62/><V27/><F14/><W19/><G134/><N who="0" m="51211" /><D112/><U33/><E105/><V45/><F45/><W65/><G65/><T57/><D57/><U67/><E67/><V106/><F106/><W82/><G9/><T96/><D96/><U53/><E53/><V120/><F120/><W87/><G3/><T86/><D86/><N who="1" m="48511" /><E33/><V94/><F94/><AGARI ba="0,0" hai="24,26,84,91,94" m="51211,35319,47690" machi="94" ten="30,2000,0" yaku="18,1,20,1" doraHai="75" who="0" fromWho="2" sc="330,20,269,0,122,-20,279,0" owari="350,45.0,269,-13.1,102,-39.8,279,7.9" /></mjloggm>