<mjloggm ver="2.3"><GO type="225" lobby="0"/><UN n0="%E4%BF%BA%E3%81%A8%E5%A6%96%E5%A4%A2" n1="%E3%81%82%E3%81%99%E3%81%AB%E3%82%83%E3%82%80" n2="%E5%A4%9C%E5%85%89%E5%A4%A9%E6%A5%BC" n3="%E3%81%8B%E3%82%8F%E3%81%A1%E3%82%83%E3%82%93%35%38" dan="17,16,16,17" rate="2176.95,2092.19,2135.21,2229.70" sx="F,F,F,M"/><TAIKYOKU oya="0"/><INIT seed="0,0,0,1,0,65" ten="250,250,250,250" oya="0" hai0="69,95,15,94,108,33,119,46,73,43,58,20,44" hai1="16,26,35,63,28,54,25,129,66,113,112,71,98" hai2="68,6,81,52,67,51,30,79,134,75,14,131,125" hai3="48,110,88,53,128,40,97,50,117,31,2,10,57"/><T130/><D119/><U100/><E129/><V45/><F131/><W109/><G117/><T23/><D130/><U96/><E54/><V91/><F134/><W111/><G31/><T84/><D33/><U121/><E121/><V124/><F30/><W17/><G128/><T89/><D73/><U21/><REACH who="1" step="1"/><E98/><REACH who="1" ten="250,240,250,250" step="2"/><V90/><F124/><W83/><G97/><T13/><D108/><U114/><E114/><V135/><F125/><W22/><G110/><T62/><D43/><U59/><E59/><V64/><F135/><W118/><G111/><T86/><D58/><U101/><E101/><V85/><F64/><W82/><G109/><T115/><D115/><U104/><AGARI ba="0,1" hai="16,21,25,26,28,35,63,66,71,96,100,104,112,113" machi="104" ten="30,12000,2" yaku="1,1,0,1,25,2,52,1,54,1,53,0" doraHai="65" doraHaiUra="5" who="1" fromWho="1" sc="250,-60,240,130,250,-30,250,-30" /><INIT seed="1,0,0,4,0,16" ten="190,370,220,220" oya="1" hai0="67,98,97,121,85,78,56,41,101,100,11,57,44" hai1="66,107,95,122,54,1,10,81,32,77,82,89,17" hai2="133,99,22,0,74,131,20,7,62,39,38,50,14" hai3="18,91,71,127,3,15,33,55,70,12,130,108,83"/><U29/><E107/><V94/><F74/><W58/><G3/><T61/><D121/><U132/><E122/><V114/><F0/><W19/><G33/><T86/><D11/><U43/><E132/><V88/><F133/><W2/><G2/><T118/><D118/><U111/><E66/><V34/><F34/><W13/><G108/><T105/><D57/><U109/><E43/><V45/><F62/><W5/><G130/><T73/><D73/><U64/><E64/><V90/><F131/><W117/><G127/><T79/><D79/><U23/><E54/><N who="2" m="30031" /><F39/><W103/><G103/><T134/><D78/><U4/><E29/><V129/><F38/><W30/><G30/><T128/><D128/><U84/><E32/><V135/><F135/><W42/><G42/><T115/><D115/><U119/><E119/><V36/><F36/><W40/><G40/><T59/><D59/><U52/><E52/><V6/><F114/><W110/><G117/><T26/><D26/><N who="1" m="14703" /><E77/><V31/><F129/><W87/><G110/><AGARI ba="0,0" hai="1,4,10,81,82,84,89,95,109,110,111" m="14703" machi="110" ten="30,5800,0" yaku="14,1,10,1,52,1" doraHai="16" who="1" fromWho="3" sc="190,0,370,58,220,0,220,-58" /><INIT seed="1,1,0,1,0,108" ten="190,428,220,162" oya="1" hai0="121,21,111,67,120,25,100,95,92,106,104,37,48" hai1="122,127,124,9,71,88,42,78,55,2,97,41,69" hai2="56,12,14,85,96,1,132,28,79,45,49,17,60" hai3="83,10,54,75,117,63,50,74,125,129,103,112,116"/><U73/><E122/><N who="0" m="47209" /><D37/><U133/><E133/><V61/><F1/><W44/><G125/><N who="1" m="48202" /><E55/><N who="2" m="30127" /><F28/><W36/><G129/><T23/><D111/><U64/><E64/><V6/><F96/><W82/><G36/><T93/><D67/><U105/><E105/><N who="0" m="40553" /><D100/><U119/><E119/><N who="3" m="45642" /><G103/><T77/><D77/><U70/><E2/><V3/><F3/><W59/><G10/><T110/><D110/><U94/><E9/><N who="2" m="4151" /><F56/><W51/><G51/><T20/><D48/><U123/><E123/><V102/><F132/><W40/><G112/><T24/><AGARI ba="1,0" hai="20,21,23,24,25,92,93,95" m="40553,47209" machi="24" ten="40,5200,0" yaku="28,2,13,1" doraHai="108" who="0" fromWho="0" sc="190,55,428,-27,220,-14,162,-14" /><INIT seed="2,0,0,2,5,3" ten="245,401,206,148" oya="2" hai0="110,83,84,45,125,9,102,70,67,94,44,104,36" hai1="64,73,87,39,40,96,32,100,58,50,15,63,60" hai2="69,97,76,74,95,10,120,13,81,37,7,59,92" hai3="2,24,101,18,72,85,16,27,41,135,20,79,78"/><V103/><F120/><W130/><G72/><T117/><D110/><U77/><E32/><V26/><F69/><W65/><G135/><T126/><D104/><U1/><E1/><V107/><F37/><W61/><G130/><T49/><D36/><U21/><E73/><V75/><F75/><W4/><G101/><T48/><D117/><U127/><E127/><V6/><F7/><W34/><G41/><T128/><D128/><U56/><E39/><V23/><REACH who="2" step="1"/><F59/><REACH who="2" ten="245,401,196,148" step="2"/><W121/><G121/><T118/><D70/><U17/><E58/><V71/><F71/><W8/><G85/><T31/><D84/><U80/><E56/><V66/><F66/><W12/><G27/><T25/><D25/><U132/><E64/><V86/><F86/><W11/><G34/><T91/><D67/><U22/><E87/><V53/><F53/><W93/><G93/><T134/><D94/><U119/><E40/><V90/><F90/><W33/><G33/><T129/><D91/><U116/><E119/><V109/><F109/><W82/><G82/><T14/><D118/><U113/><E80/><V68/><F68/><AGARI ba="0,1" hai="2,4,8,11,12,16,18,20,24,61,65,68,78,79" machi="68" ten="30,3900,0" yaku="7,1,52,1,54,1" doraHai="3" who="3" fromWho="2" sc="245,0,401,0,196,-39,148,49" /><INIT seed="3,0,0,5,4,5" ten="245,401,157,197" oya="3" hai0="15,86,57,43,14,77,32,23,70,117,98,68,21" hai1="17,83,101,102,133,6,82,64,103,38,34,16,26" hai2="13,73,27,41,66,52,39,4,111,54,10,135,92" hai3="37,69,107,125,31,18,51,110,2,120,50,114,85"/><W118/><RYUUKYOKU type="yao9" ba="0,0" sc="245,0,401,0,157,0,197,0" hai3="2,18,31,37,50,51,69,85,107,110,114,118,120,125" /><INIT seed="3,1,0,1,2,133" ten="245,401,157,197" oya="3" hai0="108,132,127,52,26,73,29,51,15,97,94,68,7" hai1="85,104,32,88,63,105,67,135,57,134,80,3,50" hai2="35,47,77,41,8,100,124,118,1,92,12,17,27" hai3="130,40,54,81,103,82,69,9,90,126,43,56,58"/><W72/><G69/><T75/><D132/><N who="1" m="50731" /><E32/><V62/><F118/><W74/><G103/><T18/><D7/><U128/><E128/><V99/><F77/><W53/><G9/><T115/><D108/><U64/><E3/><V39/><F1/><W24/><G24/><T93/><D93/><U79/><E64/><V119/><F119/><W122/><G90/><T106/><D68/><U110/><E110/><V125/><REACH who="2" step="1"/><F62/><REACH who="2" ten="245,401,147,197" step="2"/><W98/><G130/><T49/><D115/><U5/><E79/><V117/><F117/><W2/><G2/><T45/><D75/><U121/><E121/><V25/><F25/><W48/><G122/><T66/><D73/><U22/><E50/><V16/><F16/><W89/><G48/><T129/><D49/><U23/><E5/><V78/><F78/><W131/><G131/><T20/><D129/><U10/><E10/><V112/><F112/><W44/><G74/><T42/><D26/><U21/><AGARI ba="1,1" hai="21,22,23,57,63,67,80,85,88,104,105" m="50731" machi="21" ten="30,2000,0" yaku="20,1,54,1" doraHai="133" who="1" fromWho="1" sc="245,-6,401,33,147,-6,197,-11" owari="239,3.9,434,53.4,141,-35.9,186,-21.4" /></mjloggm>