<mjloggm ver="2.3"><GO type="225" lobby="0"/><UN n0="%E3%81%A1%E3%82%85%E3%81%86%E3%81%A9%E3%81%8F%E8%B1%A1%E3%81%95%E3%82%93" n1="%E5%B8%86%E7%AB%8B%E5%A4%8F%E8%A1%A3" n2="%E4%B8%89%E5%86%A0%E7%8E%8B%E3%83%BB%E5%B1%B1%E7%94%B0%E5%93%B2%E4%BA%BA" n3="%E9%80%86%E9%80%A3%E5%B8%AF%E3%81%AE%E9%AC%BC" dan="17,17,16,16" rate="2213.68,2128.39,2138.17,2151.99" sx="M,M,M,M"/><TAIKYOKU oya="0"/><INIT seed="0,0,0,3,2,76" ten="250,250,250,250" oya="0" hai0="125,86,93,105,116,88,50,107,19,16,59,45,52" hai1="85,40,42,39,56,113,126,14,84,70,74,92,108" hai2="6,32,10,48,13,134,120,8,18,67,83,49,129" hai3="102,101,80,17,109,73,131,72,2,0,95,96,30"/><T106/><D116/><U112/><E70/><V130/><F120/><W3/><G131/><N who="2" m="50185" /><F32/><W90/><G109/><T60/><REACH who="0" step="1"/><D125/><REACH who="0" ten="240,250,250,250" step="2"/><U66/><E126/><V54/><F134/><W64/><G64/><AGARI ba="0,1" hai="16,19,45,50,52,59,60,64,86,88,93,105,106,107" machi="64" ten="40,12000,1" yaku="1,1,2,1,54,3,53,0" doraHai="76" doraHaiUra="119" who="0" fromWho="3" sc="240,130,250,0,250,0,250,-120" /><INIT seed="0,1,0,2,3,110" ten="370,250,250,130" oya="0" hai0="125,96,11,20,19,17,51,123,25,60,38,122,36" hai1="73,93,58,42,48,109,131,126,65,85,18,24,68" hai2="111,1,4,133,27,116,15,30,81,40,77,86,127" hai3="28,3,53,35,94,55,10,128,119,26,107,16,118"/><T114/><D60/><U75/><E109/><V32/><F111/><W132/><G107/><T88/><D51/><U59/><E126/><V104/><F104/><W89/><G132/><T108/><D108/><U102/><E131/><V105/><F105/><W79/><G128/><T41/><D125/><U106/><E106/><V74/><F127/><W113/><G113/><T57/><D57/><U13/><E24/><V103/><F103/><W8/><G79/><T100/><D100/><U98/><E68/><V99/><F99/><W71/><G71/><T2/><D114/><U82/><E73/><V33/><F116/><W101/><G101/><T134/><D134/><U62/><E75/><V112/><F112/><W23/><G119/><T97/><D41/><U43/><E48/><V90/><F133/><W34/><G118/><T72/><D72/><U37/><E59/><V39/><F15/><W87/><G35/><T80/><D80/><U135/><E37/><V21/><F86/><W45/><G45/><T29/><D29/><U67/><E67/><V64/><F90/><W78/><G78/><T69/><D69/><U56/><E56/><V70/><F64/><W7/><REACH who="3" step="1"/><G10/><REACH who="3" ten="370,250,250,120" step="2"/><T5/><D122/><U49/><E135/><V115/><F115/><W66/><G66/><T14/><D123/><U95/><E49/><V120/><F120/><W31/><G31/><T46/><D46/><U117/><E117/><V6/><F70/><W130/><G130/><T91/><D11/><N who="1" m="6463" /><E95/><V50/><F30/><W129/><G129/><T92/><D92/><U63/><E63/><V22/><F33/><RYUUKYOKU ba="1,1" sc="370,-15,250,15,250,-15,120,15" hai1="42,43,58,62,65,82,85,93,98,102" hai3="3,7,8,16,23,26,28,34,53,55,87,89,94" /><INIT seed="1,2,1,5,5,100" ten="355,265,235,135" oya="1" hai0="132,37,19,122,72,74,66,127,4,92,36,51,2" hai1="103,14,43,31,115,82,12,27,16,119,78,56,97" hai2="89,49,68,77,125,105,17,95,104,79,45,121,40" hai3="60,32,33,29,42,5,26,38,48,30,110,63,70"/><U86/><E115/><V59/><F68/><W3/><G110/><T126/><D66/><U7/><E119/><V65/><F121/><W129/><G129/><T80/><D132/><U130/><E130/><V55/><F65/><W108/><G108/><T87/><D19/><U15/><E43/><V1/><F1/><W76/><G48/><T98/><D51/><U18/><E56/><V62/><F125/><N who="0" m="47626" /><D4/><U10/><E7/><V54/><F55/><W113/><G113/><T25/><D25/><U57/><E57/><V41/><F41/><W75/><G70/><T9/><D9/><U22/><REACH who="1" step="1"/><E31/><REACH who="1" ten="355,255,235,135" step="2"/><V6/><F6/><W8/><G30/><T23/><D122/><U134/><E134/><V90/><F17/><W61/><G33/><T58/><D58/><U118/><E118/><V96/><REACH who="2" step="1"/><F89/><REACH who="2" ten="355,255,225,135" step="2"/><W21/><G42/><T111/><D111/><U69/><E69/><V24/><F24/><W109/><G109/><T0/><D36/><U20/><E20/><V93/><F93/><AGARI ba="2,3" hai="10,12,14,15,16,18,22,27,78,82,86,93,97,103" machi="93" ten="30,11600,0" yaku="1,1,7,1,8,1,54,1,53,0" doraHai="100" doraHaiUra="124" who="1" fromWho="2" sc="355,0,255,152,225,-122,135,0" /><INIT seed="1,3,0,2,3,39" ten="355,407,103,135" oya="1" hai0="95,48,99,116,88,40,38,28,82,17,117,90,67" hai1="37,42,46,130,102,60,129,98,47,101,7,71,108" hai2="52,36,125,115,110,84,50,132,107,61,91,77,26" hai3="30,45,0,87,35,21,79,124,9,33,25,18,11"/><U111/><E7/><V57/><F110/><N who="1" m="42025" /><E47/><V29/><F132/><W19/><G124/><T127/><D38/><U83/><E83/><V23/><F125/><W114/><G114/><T68/><D127/><U96/><E96/><V14/><F115/><W118/><G118/><T13/><D28/><U89/><E89/><V109/><F109/><W15/><G45/><T69/><D67/><N who="1" m="41447" /><E101/><V97/><F36/><W121/><G121/><T22/><D116/><U103/><E102/><V104/><F77/><W106/><G106/><AGARI ba="3,0" hai="37,42,46,98,103,106,129,130" m="41447,42025" machi="106" ten="30,11600,0" yaku="14,1,10,1,23,1,52,1" doraHai="39" who="1" fromWho="3" sc="355,0,407,125,103,0,135,-125" /><INIT seed="1,4,0,1,2,93" ten="355,532,103,10" oya="1" hai0="48,110,64,22,102,40,28,52,126,88,10,1,57" hai1="134,32,25,89,107,109,98,50,4,47,23,111,2" hai2="67,39,5,29,26,37,101,17,125,85,12,69,124" hai3="133,129,104,77,90,45,68,118,120,78,135,27,95"/><U103/><E134/><V116/><F5/><W87/><G68/><T119/><D119/><U83/><E83/><V0/><F0/><W24/><G118/><T127/><D110/><N who="1" m="41995" /><E89/><V13/><F101/><W117/><G117/><T54/><D40/><N who="1" m="24935" /><E32/><V100/><F100/><W131/><G120/><T63/><D102/><U11/><E23/><V82/><F82/><W8/><G104/><T15/><D1/><U60/><E60/><V108/><F116/><W71/><G71/><T3/><D3/><U44/><E44/><V21/><F21/><W55/><G8/><T16/><D28/><U128/><E128/><N who="3" m="49226" /><G135/><T115/><D115/><U72/><E25/><N who="3" m="9802" /><G133/><T75/><D75/><AGARI ba="4,0" hai="2,4,11,72,75,98,103,107" m="24935,41995" machi="75" ten="30,5800,0" yaku="14,1,10,1,52,1" doraHai="93" who="1" fromWho="0" sc="355,-70,532,70,103,0,10,0" /><INIT seed="1,5,0,2,0,30" ten="285,602,103,10" oya="1" hai0="128,19,33,76,13,59,17,39,87,2,11,72,24" hai1="52,120,105,93,133,48,31,126,47,51,43,22,0" hai2="84,86,7,77,78,20,92,65,107,37,23,130,68" hai3="10,119,124,55,94,125,4,70,26,12,42,58,114"/><U3/><E105/><V85/><F37/><W64/><G114/><T34/><D39/><U35/><E120/><V9/><F68/><W97/><G119/><T49/><D72/><U96/><E126/><V25/><F65/><W109/><G109/><T98/><D98/><U103/><E133/><V53/><F92/><W131/><G131/><T41/><D76/><U74/><E74/><V127/><F107/><W62/><G42/><T56/><D87/><U40/><E22/><V54/><F23/><W102/><REACH who="3" step="1"/><G26/><REACH who="3" ten="285,602,103,0" step="2"/><T29/><D41/><U5/><E43/><V108/><F108/><W117/><G117/><T66/><D24/><U69/><E40/><V89/><F130/><W61/><AGARI ba="5,1" hai="4,10,12,55,58,61,62,64,70,94,97,102,124,125" machi="61" ten="30,2000,0" yaku="1,1,0,1,53,0" doraHai="30" doraHaiUra="15" who="3" fromWho="3" sc="285,-10,602,-15,103,-10,0,45" /><INIT seed="2,0,0,2,3,82" ten="275,587,93,45" oya="2" hai0="26,77,1,6,17,25,134,56,5,20,105,12,28" hai1="89,33,132,92,66,35,42,84,37,85,87,69,75" hai2="121,79,118,116,8,0,90,57,99,43,11,14,7" hai3="123,80,54,91,126,98,60,74,131,16,120,135,62"/><V88/><F121/><W31/><G135/><T52/><D105/><U21/><E75/><V95/><F79/><W76/><G131/><T68/><D68/><U133/><E21/><V97/><F43/><W70/><G126/><T115/><D115/><U112/><E112/><V67/><F67/><W45/><G31/><T53/><D134/><N who="1" m="51819" /><E66/><V19/><F57/><W39/><G70/><T2/><D53/><U104/><E104/><V81/><F81/><W125/><G125/><T41/><D41/><U103/><E103/><V114/><F114/><W55/><G39/><T65/><D77/><U73/><E73/><V127/><F127/><W96/><G123/><T23/><D65/><U64/><E69/><V130/><F130/><W101/><G120/><T50/><D5/><U48/><E37/><V61/><F61/><W72/><G72/><T111/><D111/><U128/><E64/><V113/><F113/><W27/><G91/><T38/><D38/><U83/><E128/><V108/><F108/><W36/><G36/><T107/><D107/><U40/><E40/><V46/><F46/><W106/><G98/><T30/><D6/><U102/><E102/><V58/><F58/><W129/><G129/><T109/><D109/><U22/><E22/><AGARI ba="0,0" hai="1,2,12,17,20,22,23,25,26,28,30,50,52,56" machi="22" ten="30,3900,0" yaku="7,1,9,1,54,1" doraHai="82" who="0" fromWho="1" sc="275,39,587,-39,93,0,45,0" /><INIT seed="3,0,0,3,5,89" ten="314,548,93,45" oya="3" hai0="58,32,125,77,133,132,11,74,19,46,121,100,68" hai1="27,120,115,117,37,8,80,135,18,24,59,52,86" hai2="78,129,17,63,107,40,64,94,126,28,36,134,15" hai3="87,81,12,33,2,56,83,98,90,21,71,57,10"/><W69/><G33/><T109/><D58/><U44/><E115/><V84/><F107/><W30/><G2/><T108/><D46/><U65/><E120/><V66/><F28/><W31/><G98/><T127/><D19/><U113/><E135/><V45/><F126/><N who="0" m="48138" /><D11/><U95/><E117/><V96/><F134/><N who="0" m="51818" /><D100/><U75/><E44/><V122/><F45/><W7/><G71/><T124/><D68/><U47/><E59/><N who="3" m="22602" /><G69/><T48/><D48/><U128/><E47/><V29/><F36/><W16/><G83/><T5/><D5/><U35/><E37/><V60/><F63/><W53/><G53/><T99/><D99/><U0/><E52/><V101/><F60/><W91/><G91/><T104/><D124/><U118/><E65/><V14/><F96/><W42/><G42/><T119/><D32/><U61/><E35/><V6/><F40/><W112/><G112/><T49/><D49/><U62/><E61/><V34/><F64/><W111/><G111/><N who="0" m="42571" /><D104/><U55/><E62/><V3/><F66/><W38/><G38/><T79/><D74/><U73/><E75/><V9/><F34/><W13/><AGARI ba="0,0" hai="7,10,12,13,16,21,30,31,81,87,90" m="22602" machi="13" ten="30,3000,0" yaku="8,1,54,1" doraHai="89" who="3" fromWho="3" sc="314,-10,548,-10,93,-10,45,30" /><INIT seed="3,1,0,2,1,24" ten="304,538,83,75" oya="3" hai0="12,11,71,0,93,68,79,5,53,72,115,35,44" hai1="42,48,119,52,13,63,110,97,32,114,103,7,51" hai2="127,21,109,15,18,49,47,58,29,69,111,70,45" hai3="33,116,105,34,120,99,28,2,66,46,17,30,107"/><W121/><G2/><T86/><D72/><U14/><E32/><V102/><F127/><W91/><G116/><T80/><D115/><U78/><E110/><N who="2" m="41995" /><F102/><W40/><G17/><T57/><D44/><N who="2" m="16970" /><F29/><W74/><G74/><T126/><D35/><U117/><E63/><V16/><F18/><W56/><G91/><T76/><D76/><U95/><E97/><V43/><F43/><W26/><G30/><T98/><D0/><U122/><E95/><V50/><F58/><W108/><G34/><T128/><D128/><U83/><E52/><V92/><F92/><W106/><G108/><T125/><D125/><U61/><E83/><V41/><F41/><W94/><G56/><T131/><D131/><U101/><E14/><V36/><F36/><W77/><G77/><T54/><D126/><U87/><E122/><V22/><F22/><W84/><G66/><T55/><D57/><U73/><E73/><V89/><F89/><W82/><G82/><T59/><D59/><U85/><E7/><V23/><F23/><W100/><REACH who="3" step="1"/><G84/><REACH who="3" ten="304,538,83,65" step="2"/><T113/><D71/><AGARI ba="1,1" hai="15,16,21,49,50,69,70,71" m="16970,41995" machi="71" ten="30,2000,0" yaku="14,1,54,1" doraHai="24" who="2" fromWho="0" sc="304,-23,538,0,83,33,65,0" owari="281,8.1,538,63.8,116,-28.4,65,-43.5" /></mjloggm>