<mjloggm ver="2.3"><GO type="225" lobby="0"/><UN n0="%E3%81%AF%E3%82%88%E3%81%8A%E3%81%98%E3%81%95%E3%82%93" n1="%E3%81%8F%E3%81%BE%E3%81%96%E3%82%8F" n2="%43%68%65" n3="%73%61%6E%64%69%72%69%73" dan="16,16,16,16" rate="2126.49,2029.78,2155.46,2103.70" sx="M,M,M,M"/><TAIKYOKU oya="0"/><INIT seed="0,0,0,4,4,128" ten="250,250,250,250" oya="0" hai0="50,0,38,30,120,113,61,109,75,49,8,129,51" hai1="118,31,6,135,59,46,14,117,107,106,82,70,33" hai2="12,83,63,104,64,25,36,28,10,84,92,57,71" hai3="86,32,114,58,3,79,4,43,40,24,95,7,111"/><T62/><D75/><U47/><E70/><V22/><F104/><W90/><G114/><T121/><D30/><U13/><E59/><V126/><F126/><W96/><G111/><T2/><D8/><U9/><E82/><V65/><F36/><W56/><G32/><T130/><D38/><U54/><E31/><V112/><F112/><W133/><G133/><T5/><D113/><U73/><E73/><V39/><F39/><W108/><G108/><T105/><D109/><U15/><E33/><V16/><F92/><W99/><G24/><T53/><D105/><U1/><E46/><V48/><F48/><N who="0" m="18538" /><D5/><N who="3" m="2121" /><G3/><T74/><D74/><U98/><E107/><V85/><F85/><W89/><G79/><T93/><D93/><U45/><E54/><N who="2" m="34231" /><F71/><W52/><G58/><N who="0" m="33087" /><D0/><U60/><E60/><N who="0" m="23145" /><D2/><U78/><E78/><AGARI ba="0,0" hai="10,12,16,22,25,28,64,65,78,83,84" m="34231" machi="78" ten="30,2000,0" yaku="8,1,54,1" doraHai="128" who="2" fromWho="1" sc="250,0,250,-20,250,20,250,0" /><INIT seed="1,0,0,3,3,42" ten="250,230,270,250" oya="1" hai0="59,28,33,120,127,21,29,75,111,32,83,113,84" hai1="67,123,116,12,60,10,16,107,104,50,37,30,91" hai2="118,78,68,44,13,115,77,47,109,17,81,129,71" hai3="57,134,121,7,63,8,110,49,56,132,82,89,92"/><U19/><E116/><V74/><F118/><W1/><G121/><T122/><D113/><U125/><E123/><N who="0" m="47145" /><D75/><U126/><E37/><V94/><F115/><W97/><G110/><T72/><D72/><U9/><E30/><N who="0" m="11881" /><D111/><U101/><E91/><V55/><F109/><W135/><G63/><T15/><D127/><N who="1" m="48651" /><E50/><V65/><F78/><W131/><G131/><T69/><D69/><N who="1" m="42215" /><E101/><V22/><F129/><W102/><G49/><T39/><D39/><U93/><E93/><V117/><F117/><W88/><G89/><N who="0" m="51359" /><D59/><U2/><E2/><V54/><F94/><W103/><G103/><T70/><D70/><U48/><E48/><V114/><F114/><W3/><G3/><T31/><N who="0" m="11889" /><T36/><DORA hai="11" /><D36/><U90/><E90/><V51/><F51/><W130/><G130/><T76/><D76/><U4/><E9/><V27/><F71/><W62/><G62/><T46/><D46/><U38/><E38/><V26/><F68/><W95/><REACH who="3" step="1"/><G82/><REACH who="3" ten="250,230,270,240" step="2"/><T106/><D106/><AGARI ba="0,1" hai="4,10,12,16,19,104,106,107" m="42215,48651" machi="106" ten="30,5800,0" yaku="18,1,52,1,54,1" doraHai="42,11" who="1" fromWho="0" sc="250,-58,230,68,270,0,240,0" /><INIT seed="1,1,0,1,0,6" ten="192,298,270,240" oya="1" hai0="10,111,89,72,70,25,110,90,44,95,98,85,73" hai1="2,34,22,39,78,130,24,51,120,5,12,3,122" hai2="129,74,107,88,17,131,68,49,113,18,61,126,114" hai3="133,96,53,4,27,40,20,48,50,16,91,30,80"/><U31/><E39/><V42/><F107/><W29/><G133/><T97/><D70/><U56/><E78/><V41/><F74/><N who="0" m="28778" /><D25/><N who="1" m="18799" /><E51/><V93/><F126/><W76/><G4/><T79/><D10/><N who="1" m="4175" /><E56/><V75/><F75/><W58/><G96/><N who="0" m="57455" /><D44/><U62/><E62/><V19/><F61/><W92/><G50/><T7/><D7/><U15/><E15/><V71/><F49/><W46/><G46/><T132/><D132/><U32/><E32/><V66/><F66/><W9/><G40/><N who="2" m="15465" /><F68/><W1/><G48/><T103/><D79/><U28/><E130/><N who="2" m="49675" /><F71/><W23/><G76/><T26/><D26/><U112/><E112/><V109/><F114/><W14/><G27/><T100/><D110/><U115/><E115/><V123/><F109/><W13/><G13/><T57/><D57/><U52/><E52/><V118/><F113/><W117/><G14/><T121/><D121/><AGARI ba="1,0" hai="2,3,22,24,28,120,121,122" m="4175,18799" machi="121" ten="30,5800,0" yaku="34,2,52,1" doraHai="6" who="1" fromWho="0" sc="192,-61,298,61,270,0,240,0" /><INIT seed="1,2,0,3,1,123" ten="131,359,270,240" oya="1" hai0="33,119,108,132,9,127,24,38,86,52,69,42,62" hai1="90,2,91,31,129,18,95,22,112,10,30,59,44" hai2="70,83,109,81,92,116,115,97,41,102,3,7,106" hai3="72,55,20,104,118,66,16,17,135,80,8,26,45"/><U6/><E129/><V103/><F70/><W0/><G104/><T125/><D119/><U89/><E112/><V36/><F116/><W133/><G66/><T13/><D132/><N who="3" m="50761" /><G118/><T67/><D86/><U23/><E44/><V60/><F115/><W12/><G0/><T74/><D74/><U48/><E95/><V96/><F60/><W54/><G45/><N who="0" m="23767" /><D24/><U131/><E131/><V50/><F50/><W35/><G35/><T46/><D33/><U40/><E23/><V4/><F41/><W100/><G100/><T63/><D13/><U19/><E19/><V121/><F36/><W21/><G8/><T113/><D9/><U65/><E40/><V61/><F61/><W101/><G101/><T134/><D113/><U11/><E11/><V75/><F75/><W120/><G120/><T85/><D85/><U107/><E107/><V82/><F121/><W43/><G43/><T25/><D25/><U111/><E31/><V51/><F51/><W53/><G80/><T130/><D134/><U126/><E48/><V99/><F99/><W124/><G72/><T114/><D114/><U39/><E39/><V78/><F78/><W98/><G98/><T47/><D130/><U29/><E10/><V5/><F3/><W94/><G94/><T128/><D128/><U88/><E2/><V122/><F122/><W49/><G124/><N who="0" m="47691" /><D108/><U76/><E111/><V68/><F109/><W37/><G37/><T84/><D84/><U15/><E126/><V27/><F27/><W28/><G28/><T57/><AGARI ba="2,0" hai="46,47,52,57,62,63,67,69" m="47691,23767" machi="57" ten="30,7900,0" yaku="18,1,34,2,54,1" doraHai="123" who="0" fromWho="0" sc="131,85,359,-41,270,-22,240,-22" /><INIT seed="2,0,0,2,2,113" ten="216,318,248,218" oya="2" hai0="5,60,116,20,58,135,109,75,61,36,51,59,14" hai1="56,120,38,69,98,76,127,9,86,107,108,72,40" hai2="12,21,3,112,19,96,119,106,117,2,52,99,114" hai3="64,121,44,125,110,17,11,105,63,91,92,65,131"/><V8/><F52/><W34/><G121/><T50/><D36/><U24/><E69/><V87/><F87/><W67/><G105/><T94/><D75/><U104/><E56/><N who="0" m="21545" /><D109/><U126/><E108/><V42/><F42/><W118/><G34/><T43/><D135/><U128/><E40/><V25/><F106/><W81/><G110/><T90/><D116/><N who="2" m="44618" /><F96/><W1/><G131/><T71/><D71/><U30/><E38/><V133/><F99/><W35/><G125/><T18/><D5/><U29/><E128/><V84/><F84/><W46/><G35/><T57/><N who="0" m="21553" /><T102/><DORA hai="22" /><D102/><U15/><E98/><V77/><F77/><W83/><G63/><N who="0" m="24139" /><D43/><U41/><E72/><V80/><F80/><N who="3" m="30795" /><G1/><N who="2" m="9" /><F133/><W100/><G100/><T39/><D39/><U4/><E41/><V54/><F54/><W115/><G118/><T10/><D10/><U101/><E107/><V27/><F27/><W134/><G134/><T0/><D0/><U13/><E104/><V33/><F33/><W97/><G115/><T37/><D37/><U111/><E101/><V70/><F70/><W26/><G11/><T48/><D90/><U79/><E79/><V62/><F62/><W23/><AGARI ba="0,0" hai="17,23,26,44,46,64,65,67,91,92,97" m="30795" machi="23" ten="30,2000,0" yaku="8,1,52,1" doraHai="113,22" who="3" fromWho="3" sc="216,-5,318,-5,248,-10,218,20" /><INIT seed="3,0,0,0,5,110" ten="211,313,238,238" oya="3" hai0="26,47,96,95,121,44,97,85,32,109,57,30,117" hai1="75,92,33,67,120,20,60,103,134,94,82,102,71" hai2="91,66,76,25,63,118,79,131,123,64,59,73,31" hai3="40,106,5,10,50,34,70,52,36,2,61,68,37"/><W9/><G106/><T38/><D121/><U78/><E33/><V29/><F118/><W43/><G34/><T13/><D117/><U69/><E120/><V116/><F116/><W126/><G126/><T105/><D109/><U115/><E69/><V83/><F123/><W54/><G50/><T16/><D57/><U62/><E115/><V11/><F131/><W48/><G48/><T42/><D47/><U124/><E124/><V80/><F91/><W93/><G93/><T114/><D105/><U113/><E113/><V119/><F119/><W122/><G122/><T135/><D135/><U7/><E7/><V112/><F112/><W107/><G107/><T133/><D133/><U22/><E134/><V56/><F11/><W41/><G61/><T129/><D129/><U49/><E49/><V88/><F88/><W58/><G58/><T65/><D65/><U130/><E130/><V72/><F25/><W15/><G68/><T4/><D4/><U127/><E127/><V14/><F14/><W1/><G70/><T12/><D12/><U51/><E51/><V90/><F90/><W132/><G132/><T3/><D3/><N who="3" m="1033" /><G10/><N who="0" m="6199" /><D114/><U35/><E35/><V17/><F17/><W101/><G101/><N who="1" m="38410" /><E62/><AGARI ba="0,0" hai="29,31,56,59,62,63,64,66,72,73,76,79,80,83" machi="62" ten="40,5200,0" yaku="32,3" doraHai="110" who="2" fromWho="1" sc="211,0,313,-52,238,52,238,0" /><INIT seed="4,0,0,3,5,103" ten="211,261,290,238" oya="0" hai0="128,2,90,77,0,107,42,105,46,62,127,118,94" hai1="88,126,86,40,131,101,109,48,91,15,115,39,13" hai2="70,61,111,26,58,81,96,114,102,123,89,3,54" hai3="14,27,67,11,66,64,30,108,110,28,113,24,57"/><T63/><D118/><U4/><E109/><V17/><F111/><W23/><G113/><T51/><D77/><U25/><E39/><V80/><F123/><W34/><REACH who="3" step="1"/><G57/><REACH who="3" ten="211,261,290,228" step="2"/><T135/><D127/><U124/><E115/><V72/><F114/><W45/><G45/><T82/><D128/><U74/><E131/><V31/><F58/><W9/><G9/><T49/><D135/><U117/><E124/><V32/><F70/><W133/><G133/><T1/><D82/><U37/><E126/><V44/><F44/><W52/><G52/><T12/><D49/><U134/><E48/><V87/><F54/><W98/><G98/><T76/><D76/><U100/><E134/><V119/><F96/><W33/><G33/><T97/><REACH who="0" step="1"/><D12/><REACH who="0" ten="201,261,290,228" step="2"/><U60/><E15/><V18/><F81/><W43/><G43/><T36/><D36/><U112/><E13/><V69/><F80/><W92/><G92/><T53/><D53/><U73/><E40/><V68/><F119/><W83/><G83/><T104/><AGARI ba="0,2" hai="0,1,2,42,46,51,62,63,90,94,97,104,105,107" machi="104" ten="40,12000,1" yaku="1,1,0,1,52,3,53,0" doraHai="103" doraHaiUra="55" who="0" fromWho="0" sc="201,140,261,-40,290,-40,228,-40" owari="341,44.1,221,-17.9,250,5.0,188,-31.2" /></mjloggm>