<mjloggm ver="2.3"><GO type="225" lobby="0"/><UN n0="%E3%81%AA%E3%81%A1%30%39%32%37" n1="%E3%83%A9%E3%82%B9%E7%8E%87%EF%BC%93%E5%89%B2" n2="%E5%86%B7%E5%87%8D%E3%82%AE%E3%83%A7%E3%83%BC%E3%82%B6" n3="%E7%B4%94%E6%BD%94%E3%83%94%E3%83%A9%E3%83%8B%E3%82%A2" dan="16,16,16,17" rate="2082.28,2161.97,2139.20,2155.50" sx="M,F,M,M"/><TAIKYOKU oya="0"/><INIT seed="0,0,0,4,0,79" ten="250,250,250,250" oya="0" hai0="77,3,5,131,16,7,43,15,34,21,133,95,33" hai1="121,123,20,83,97,104,38,129,87,0,116,27,62" hai2="42,44,94,122,54,36,30,10,100,11,120,41,19" hai3="113,106,85,134,109,125,80,112,49,12,132,40,88"/><T25/><D43/><U107/><E116/><V8/><F30/><W9/><G106/><T52/><D133/><N who="3" m="51305" /><G109/><T111/><D131/><U73/><E0/><V53/><F42/><W50/><G125/><T13/><D111/><U130/><E73/><V45/><F19/><N who="3" m="8591" /><G40/><T28/><D95/><U126/><E38/><V57/><F45/><W98/><G98/><T93/><D93/><U29/><E126/><V99/><REACH who="2" step="1"/><F53/><REACH who="2" ten="250,250,240,250" step="2"/><W47/><G47/><T56/><D34/><U61/><E123/><V22/><F22/><W102/><G102/><T90/><D5/><U66/><E121/><V89/><F89/><W6/><G6/><T74/><D90/><U82/><E130/><V35/><F35/><W108/><G108/><T14/><D77/><U23/><E129/><V2/><F2/><W37/><G37/><T76/><D76/><U124/><E124/><V32/><F32/><W105/><G105/><T72/><D72/><U67/><E29/><V60/><AGARI ba="0,1" hai="8,10,11,36,41,44,54,57,60,94,99,100,120,122" machi="60" ten="30,2000,0" yaku="1,1,0,1,53,0" doraHai="79" doraHaiUra="114" who="2" fromWho="2" sc="250,-10,250,-5,240,30,250,-5" /><INIT seed="1,0,0,0,2,2" ten="240,245,270,245" oya="1" hai0="112,65,129,30,71,131,43,44,117,74,79,99,12" hai1="0,6,77,123,84,16,15,78,14,36,22,51,7" hai2="125,25,105,135,47,1,126,73,80,66,104,128,124" hai3="115,21,69,62,72,102,46,8,93,91,67,52,48"/><U41/><E123/><V108/><F108/><W59/><G115/><T57/><D112/><U56/><E0/><V96/><F1/><W103/><G72/><T127/><D117/><U95/><E36/><V42/><F128/><W82/><G82/><N who="0" m="45431" /><D127/><U19/><E95/><V132/><F66/><W81/><G81/><T106/><D12/><U101/><E101/><N who="2" m="62503" /><F25/><W134/><G134/><T28/><D57/><U53/><E41/><V54/><F54/><W23/><G8/><T70/><D99/><U120/><E120/><V92/><F105/><W63/><G102/><T26/><D106/><U89/><E89/><V119/><F92/><W86/><REACH who="3" step="1"/><G103/><REACH who="3" ten="240,245,270,235" step="2"/><T39/><D129/><U40/><E40/><AGARI ba="0,1" hai="21,23,40,46,48,52,59,62,63,67,69,86,91,93" machi="40" ten="30,7700,0" yaku="1,1,2,1,7,1,54,1,53,0" doraHai="2" doraHaiUra="130" who="3" fromWho="1" sc="240,0,245,-77,270,0,235,87" /><INIT seed="2,0,0,1,4,81" ten="240,168,270,322" oya="2" hai0="73,127,46,111,25,92,125,41,57,68,49,130,124" hai1="66,106,11,89,101,56,43,13,79,107,47,84,34" hai2="120,91,94,72,129,93,78,115,63,75,86,36,87" hai3="103,61,116,95,30,5,19,114,50,90,70,76,39"/><V80/><F36/><W62/><G39/><T33/><D73/><N who="2" m="28234" /><F63/><W126/><G76/><T122/><D33/><U119/><E34/><V27/><F27/><W0/><G30/><T132/><D25/><U53/><E119/><V8/><F8/><W38/><G38/><N who="0" m="21815" /><D92/><U40/><E101/><V48/><F48/><W20/><G95/><T77/><D77/><U7/><E79/><V16/><F16/><W42/><G103/><T134/><D122/><U65/><E107/><V55/><F55/><W51/><G42/><T17/><D17/><U109/><E106/><V22/><F22/><W69/><G20/><T54/><D111/><U21/><E109/><V60/><F60/><W6/><G61/><T52/><D68/><U15/><E15/><V135/><F115/><W128/><G69/><T35/><D35/><U82/><E21/><V3/><F3/><W37/><G70/><T88/><D88/><U85/><E47/><V12/><F12/><W98/><G90/><T2/><D2/><U121/><E43/><V102/><F120/><W105/><G0/><T71/><D71/><U14/><E40/><V100/><F100/><W44/><G6/><T9/><D9/><U58/><E14/><V23/><F23/><W97/><G5/><T110/><D110/><U18/><E18/><V99/><F135/><N who="0" m="51754" /><D54/><U24/><E121/><V112/><F112/><W113/><G19/><T123/><D123/><U10/><E24/><V131/><AGARI ba="0,0" hai="78,80,86,87,91,93,94,99,102,129,131" m="28234" machi="131" ten="30,11700,0" yaku="34,2,52,2" doraHai="81" who="2" fromWho="2" sc="240,-39,168,-39,270,117,322,-39" /><INIT seed="2,1,0,5,1,29" ten="201,129,387,283" oya="2" hai0="51,111,30,103,26,5,58,9,130,83,40,44,122" hai1="80,55,65,106,72,46,67,89,100,13,128,10,14" hai2="64,27,126,53,81,94,96,133,127,115,73,20,32" hai3="62,3,78,11,117,23,24,82,123,101,92,102,22"/><V57/><F115/><W17/><G117/><T85/><D122/><U12/><E128/><V35/><F64/><W16/><G123/><T97/><D111/><U135/><E135/><V113/><F113/><W70/><G92/><T112/><D130/><U0/><E0/><V104/><F104/><W129/><G129/><T74/><D58/><U125/><E125/><N who="2" m="47627" /><F81/><W38/><G38/><T76/><D112/><U110/><E13/><V134/><F73/><W69/><G11/><T34/><D74/><U33/><E89/><N who="2" m="55375" /><F134/><W8/><G8/><T4/><REACH who="0" step="1"/><D9/><REACH who="0" ten="191,129,387,283" step="2"/><U120/><E10/><V71/><F71/><W48/><G69/><T77/><D77/><U132/><E120/><V131/><F133/><W107/><G70/><T118/><D118/><U41/><E132/><V75/><F75/><W15/><G78/><T47/><D47/><U93/><E46/><V95/><F131/><W98/><G62/><T31/><D31/><U6/><E72/><V60/><F95/><AGARI ba="1,1" hai="4,5,26,30,34,40,44,51,76,83,85,95,97,103" machi="95" ten="30,3900,0" yaku="1,1,7,1,52,1,53,0" doraHai="29" doraHaiUra="56" who="0" fromWho="2" sc="191,52,129,0,387,-42,283,0" /><INIT seed="3,0,0,5,2,36" ten="243,129,345,283" oya="3" hai0="2,5,94,87,75,0,110,15,116,31,112,39,122" hai1="101,37,135,41,81,123,128,96,102,8,107,24,69" hai2="14,129,45,119,76,113,114,79,63,98,99,60,9" hai3="111,34,86,73,40,83,27,17,93,19,6,67,103"/><W124/><G124/><T55/><D39/><U131/><E69/><V109/><F119/><W62/><G6/><T88/><D75/><U115/><E115/><V47/><F109/><W42/><G111/><T38/><D110/><U35/><E123/><V22/><F22/><N who="3" m="13775" /><G73/><T118/><D122/><U33/><E135/><V18/><F129/><W74/><G74/><T23/><D38/><U120/><E120/><V28/><F28/><W105/><G105/><T57/><D112/><U7/><E81/><V12/><F18/><W3/><G3/><T108/><D108/><U100/><E100/><V80/><F80/><W90/><G34/><T65/><D0/><U133/><E102/><V30/><F30/><W64/><G19/><N who="0" m="10751" /><D65/><N who="3" m="25161" /><G62/><T25/><D5/><U53/><E53/><V11/><AGARI ba="0,0" hai="9,11,12,14,45,47,60,63,76,79,98,99,113,114" machi="11" ten="25,3200,0" yaku="0,1,22,2" doraHai="36" who="2" fromWho="2" sc="243,-8,129,-8,345,32,283,-16" owari="235,-16.5,121,-37.9,377,47.7,267,6.7" /></mjloggm>