<mjloggm ver="2.3"><GO type="225" lobby="0"/><UN n0="%E2%91%A3%E9%81%BF%E9%81%8A%E6%88%AF%E3%80%90%E6%9D%B1%E5%8D%97%E3%80%91" n1="%4D%50%43%32%38%30%30" n2="%72%69%6F%75%63%68%61%6E" n3="%43%68%65" dan="16,16,17,16" rate="2110.41,2180.01,2246.82,2154.11" sx="M,M,M,M"/><TAIKYOKU oya="0"/><INIT seed="0,0,0,0,4,7" ten="250,250,250,250" oya="0" hai0="4,31,61,1,112,108,115,102,94,17,123,59,114" hai1="121,8,72,106,43,101,48,49,47,119,37,60,105" hai2="81,82,125,90,97,111,34,19,28,63,99,129,122" hai3="50,118,45,39,127,20,24,93,58,3,104,80,113"/><T87/><D123/><U11/><E121/><V130/><F122/><W2/><G104/><T35/><D17/><U16/><E72/><V98/><F28/><W41/><G113/><T131/><D102/><U96/><E119/><V57/><F34/><W51/><G118/><T110/><D94/><U67/><E106/><V75/><F111/><N who="0" m="42538" /><D87/><U69/><E49/><V53/><F125/><W76/><G93/><T65/><D131/><N who="2" m="50186" /><F75/><W33/><G127/><T30/><D35/><U84/><E84/><N who="2" m="50447" /><F19/><W134/><G33/><T107/><D107/><U26/><REACH who="1" step="1"/><E37/><REACH who="1" ten="250,240,250,250" step="2"/><V18/><F18/><W40/><G39/><T135/><D135/><U83/><E83/><AGARI ba="0,1" hai="53,57,63,82,83,97,98,99" m="50447,50186" machi="83" ten="30,1000,0" yaku="19,1" doraHai="7" who="2" fromWho="1" sc="250,0,240,-10,250,20,250,0" /><INIT seed="1,0,0,0,5,30" ten="250,230,270,250" oya="1" hai0="29,40,47,28,15,10,55,46,12,33,16,35,73" hai1="91,113,32,129,88,50,79,105,24,1,128,36,57" hai2="95,44,97,23,131,83,18,68,75,31,101,135,38" hai3="100,72,132,58,133,65,96,54,14,109,3,45,41"/><U127/><E36/><V98/><F131/><N who="1" m="50249" /><E113/><V125/><F125/><W59/><G3/><T52/><D73/><U134/><E127/><V111/><F111/><W61/><G72/><T37/><D15/><U9/><E134/><N who="3" m="51818" /><G14/><T39/><D28/><N who="1" m="19463" /><E105/><V21/><F135/><W63/><G96/><T7/><D7/><N who="1" m="1263" /><E79/><V34/><F68/><W6/><G6/><T120/><D120/><U87/><E87/><V62/><F38/><N who="3" m="21687" /><G100/><T77/><D77/><U26/><E26/><V80/><F75/><W25/><G25/><T118/><D29/><U85/><E85/><V81/><F31/><W22/><G22/><T126/><D126/><U114/><E114/><V11/><F23/><W110/><AGARI ba="0,0" hai="54,58,59,61,63,65,109,110" m="21687,51818" machi="110" ten="30,4000,0" yaku="20,1,34,2" doraHai="30" who="3" fromWho="3" sc="250,-10,230,-20,270,-10,250,40" /><INIT seed="2,0,0,4,4,69" ten="240,210,260,290" oya="2" hai0="5,39,84,118,111,68,46,40,116,130,32,89,64" hai1="112,122,73,19,45,44,8,37,27,20,3,98,47" hai2="56,61,133,59,75,1,9,23,124,76,85,35,125" hai3="103,131,0,79,87,82,2,42,24,81,92,49,7"/><V58/><F35/><W34/><G131/><T26/><D130/><U99/><E112/><V135/><F75/><W91/><G7/><T120/><D120/><U57/><E73/><V100/><F100/><W16/><G103/><T126/><D5/><U6/><E122/><V115/><F115/><W119/><G119/><T106/><D106/><U33/><E37/><V52/><F23/><W97/><G82/><T86/><D86/><U30/><REACH who="1" step="1"/><E57/><REACH who="1" ten="240,200,260,290" step="2"/><N who="2" m="34983" /><F1/><W13/><G0/><T80/><D118/><U43/><E43/><V77/><F9/><W17/><G2/><T15/><D116/><U25/><AGARI ba="0,1" hai="3,6,8,19,20,25,27,30,33,44,45,47,98,99" machi="25" ten="30,2000,0" yaku="1,1,0,1,53,0" doraHai="69" doraHaiUra="36" who="1" fromWho="1" sc="240,-5,200,30,260,-10,290,-5" /><INIT seed="3,0,0,2,2,24" ten="235,230,250,285" oya="3" hai0="114,20,90,128,43,52,106,69,15,45,21,27,75" hai1="19,110,85,44,8,94,87,117,11,119,40,96,22" hai2="104,17,1,103,60,89,76,61,26,115,42,74,120" hai3="32,47,67,99,4,53,18,66,51,37,62,107,113"/><W14/><G113/><T81/><D128/><U102/><E110/><V127/><F115/><W121/><G121/><T33/><D114/><U2/><E87/><V36/><F1/><W38/><G32/><T108/><D108/><U109/><E109/><V133/><F120/><W92/><G4/><T28/><D69/><U57/><E57/><V72/><F76/><W29/><G29/><T7/><D106/><U3/><E3/><V65/><F60/><W50/><G50/><T64/><D64/><U9/><E85/><V93/><F127/><W63/><G107/><T70/><D70/><U111/><E111/><V124/><F124/><W79/><G79/><T118/><D118/><U5/><E119/><V82/><F133/><W46/><G46/><T131/><D131/><U77/><E77/><V123/><F123/><W105/><G105/><T48/><D75/><U54/><E54/><V49/><F36/><W35/><G35/><T122/><D122/><U10/><E117/><V41/><F104/><W88/><G63/><T100/><D100/><U101/><E102/><V30/><F103/><W6/><G6/><T86/><D43/><N who="2" m="16394" /><F49/><W129/><G129/><T83/><D81/><U116/><E116/><V59/><F82/><W95/><G95/><T80/><D83/><U39/><E11/><V68/><F17/><W84/><G67/><T73/><D73/><U31/><E31/><V98/><F68/><N who="3" m="42071" /><G84/><T112/><D112/><U34/><E34/><N who="2" m="20823" /><F72/><W23/><G38/><T56/><D45/><U125/><E125/><V134/><F74/><W91/><G37/><T78/><D78/><RYUUKYOKU ba="0,0" sc="235,0,230,0,250,0,285,0" hai0="7,15,20,21,27,28,33,48,52,56,80,86,90" hai1="2,5,8,9,10,19,22,39,40,44,94,96,101" hai2="59,61,65,89,93,98,134" hai3="14,18,23,47,51,53,88,91,92,99" /><INIT seed="3,1,0,3,5,16" ten="235,230,250,285" oya="3" hai0="91,30,45,125,133,49,55,107,111,58,96,95,68" hai1="6,23,51,97,57,9,25,18,36,33,31,65,84" hai2="4,93,86,79,101,131,112,43,41,92,61,48,0" hai3="75,115,132,40,66,37,106,10,120,104,80,98,89"/><W56/><G120/><T124/><D68/><U109/><E36/><V62/><F112/><W128/><G115/><T99/><D111/><U11/><E109/><V8/><F131/><W13/><G128/><T135/><D30/><U77/><E97/><V17/><F17/><W122/><G122/><T3/><D3/><U2/><E11/><V85/><F93/><W116/><G116/><T67/><D107/><U83/><E65/><V34/><F34/><W74/><G74/><T108/><D99/><U15/><E57/><V35/><F35/><W70/><G70/><T94/><D95/><U73/><REACH who="1" step="1"/><E51/><REACH who="1" ten="235,220,250,285" step="2"/><V76/><F48/><W105/><G56/><T46/><D108/><U12/><E12/><N who="2" m="5127" /><F62/><W38/><G38/><T69/><D69/><U26/><E26/><V63/><F0/><W119/><G37/><T59/><D59/><U126/><E126/><N who="0" m="48745" /><D67/><U39/><E39/><V24/><F63/><W53/><G66/><T42/><D46/><U118/><E118/><V103/><F24/><W64/><G64/><T21/><D42/><U117/><E117/><V82/><F61/><W27/><G40/><T102/><D58/><U54/><E54/><V87/><F41/><W123/><G119/><T121/><D121/><U88/><E88/><N who="2" m="53263" /><F43/><W20/><G89/><T72/><D91/><U60/><E60/><V134/><F134/><N who="0" m="51210" /><D72/><AGARI ba="1,1" hai="2,6,9,15,18,23,25,31,33,72,73,77,83,84" machi="72" ten="40,8000,1" yaku="1,1,24,2,52,1,53,1" doraHai="16" doraHaiUra="32" who="1" fromWho="0" sc="235,-83,220,93,250,0,285,0" owari="152,-34.8,313,41.3,250,-15.0,285,8.5" /></mjloggm>