<mjloggm ver="2.3"><GO type="225" lobby="0"/><UN n0="%E6%B8%A9%E2%98%85%E6%83%85%E2%98%85%E6%8E%AA%E2%98%85%E7%BD%AE" n1="%E6%B4%BE%E9%81%A3%E3%81%AE%E3%82%B8%E3%83%A3%E3%83%83%E3%82%AF" n2="%E9%8A%80%E3%81%B0%E3%81%95%E3%81%BF" n3="%E3%81%BF%E3%81%BF%E3%81%9A" dan="18,17,17,18" rate="2208.00,2225.64,2155.22,2260.84" sx="M,M,M,M"/><TAIKYOKU oya="0"/><INIT seed="0,0,0,3,4,102" ten="250,250,250,250" oya="0" hai0="63,24,37,122,4,127,75,50,97,73,135,30,77" hai1="129,3,100,74,40,27,101,10,35,12,46,49,1" hai2="70,8,124,82,84,31,44,118,90,55,131,47,0" hai3="34,66,36,103,125,51,111,81,85,134,107,117,94"/><T22/><D122/><U33/><E74/><V52/><F70/><W32/><G36/><T78/><D37/><U121/><E121/><V95/><F131/><W91/><G117/><T6/><D135/><U83/><E129/><V114/><F114/><W41/><G134/><T132/><D132/><U25/><E83/><V106/><F106/><W126/><G66/><T99/><D127/><N who="3" m="48649" /><G111/><T96/><D63/><U130/><E130/><V72/><F124/><W110/><G110/><T15/><D75/><U56/><E56/><V28/><F118/><W39/><G39/><T5/><D73/><U29/><E1/><V115/><F115/><W68/><G68/><T65/><D65/><U42/><E42/><V79/><F47/><N who="3" m="26095" /><G81/><T45/><REACH who="0" step="1"/><D15/><REACH who="0" ten="240,250,250,250" step="2"/><U64/><E64/><V54/><REACH who="2" step="1"/><F44/><REACH who="2" ten="240,250,240,250" step="2"/><W16/><G16/><T76/><D76/><U7/><E3/><V59/><F59/><W9/><G9/><T14/><D14/><U21/><REACH who="1" step="1"/><E35/><REACH who="1" ten="240,240,240,250" step="2"/><V58/><F58/><W128/><G128/><T62/><D62/><U18/><AGARI ba="0,3" hai="7,10,12,18,21,25,27,29,33,40,46,49,100,101" machi="18" ten="20,5200,0" yaku="1,1,2,1,0,1,7,1,53,0" doraHai="102" doraHaiUra="92" who="1" fromWho="1" sc="240,-26,240,82,240,-13,250,-13" /><INIT seed="1,0,0,2,0,89" ten="214,322,227,237" oya="1" hai0="97,108,16,57,85,86,22,46,125,135,67,56,92" hai1="6,72,133,115,99,25,29,75,24,9,84,96,34" hai2="59,51,80,39,102,45,2,40,131,55,98,100,81" hai3="116,50,1,93,17,36,26,88,54,60,103,94,132"/><U117/><E117/><V27/><F131/><W87/><G36/><T48/><D108/><U109/><E115/><V83/><F2/><W13/><G1/><T126/><D135/><U38/><E38/><V110/><F110/><W21/><G116/><T78/><D126/><U42/><E42/><V111/><F111/><W95/><G132/><T107/><D107/><U114/><E114/><V82/><N who="2" m="20480" /><DORA hai="4" /><V90/><REACH who="2" step="1"/><F27/><REACH who="2" ten="214,322,217,237" step="2"/><W14/><G60/><N who="0" m="38279" /><D125/><U3/><E109/><V74/><F74/><W47/><G103/><N who="0" m="60839" /><D78/><U30/><E133/><V52/><F52/><W11/><REACH who="3" step="1"/><G13/><REACH who="3" ten="214,322,217,227" step="2"/><N who="0" m="9487" /><D57/><U105/><E72/><V58/><F58/><W130/><G130/><T66/><D66/><U28/><E75/><V123/><F123/><W127/><G127/><T79/><D79/><U119/><E119/><V10/><F10/><W71/><G71/><T43/><AGARI ba="0,2" hai="43,46,48,85,86" m="9487,60839,38279" machi="43" ten="30,4000,0" yaku="8,1,52,1,54,1" doraHai="89,4" who="0" fromWho="0" sc="214,60,322,-20,217,-10,227,-10" /><INIT seed="2,0,0,4,0,62" ten="274,302,207,217" oya="2" hai0="10,35,38,34,132,13,81,72,46,133,70,26,11" hai1="88,95,129,127,60,94,113,40,115,128,97,123,50" hai2="59,43,17,57,103,30,33,121,23,2,77,63,104" hai3="41,135,108,98,32,74,93,90,65,12,29,105,89"/><V87/><F2/><W45/><G74/><T99/><D70/><U20/><E127/><V47/><F121/><W53/><G108/><T44/><D99/><U80/><E123/><V106/><F33/><N who="0" m="12298" /><D26/><U118/><E118/><V52/><F30/><W42/><G135/><N who="0" m="51787" /><D38/><U85/><E20/><V71/><F71/><W15/><G105/><T92/><D92/><U36/><E36/><V54/><F103/><W61/><G32/><T21/><D21/><U96/><E60/><V122/><F122/><W37/><G29/><T75/><D81/><U14/><E14/><N who="3" m="5162" /><G37/><T114/><D114/><N who="1" m="43531" /><E50/><V111/><F111/><W5/><G5/><N who="0" m="3279" /><D11/><U51/><E51/><V25/><F43/><W125/><G125/><T102/><D102/><N who="1" m="60695" /><E40/><V134/><F134/><W79/><G41/><T109/><D109/><U110/><E110/><V68/><F68/><W58/><G42/><T69/><D69/><U73/><E73/><AGARI ba="0,0" hai="44,46,72,73,75" m="3279,51787,12298" machi="73" ten="40,1300,0" yaku="20,1" doraHai="62" who="0" fromWho="1" sc="274,13,302,-13,207,0,217,0" /><INIT seed="3,0,0,5,2,34" ten="287,289,207,217" oya="3" hai0="119,7,93,25,53,30,48,124,21,13,133,17,103" hai1="42,51,126,10,29,98,62,127,14,123,107,3,22" hai2="116,66,86,114,23,65,61,94,9,68,118,80,44" hai3="38,5,109,58,83,35,33,50,82,81,16,20,108"/><W24/><G38/><T32/><D119/><U2/><E123/><V70/><F114/><W27/><G5/><T28/><D133/><U63/><E42/><V89/><F23/><W106/><G106/><T74/><D124/><N who="1" m="47659" /><E51/><V101/><F44/><W91/><G91/><T96/><D74/><U6/><E29/><V52/><F52/><N who="3" m="32023" /><G27/><T55/><D7/><U130/><E130/><V0/><F66/><W117/><G117/><T134/><D134/><U56/><E22/><V57/><F68/><W75/><G75/><T78/><D78/><U31/><E31/><V125/><F125/><W132/><G132/><T19/><D30/><U11/><E11/><V102/><F70/><W95/><G95/><T120/><D120/><U112/><E112/><V92/><F92/><W128/><G128/><T100/><D100/><N who="1" m="62871" /><E63/><V64/><F64/><AGARI ba="0,0" hai="2,3,6,10,14,56,62,64" m="62871,47659" machi="64" ten="30,3900,0" yaku="18,1,52,2" doraHai="34" who="1" fromWho="2" sc="287,0,289,39,207,-39,217,0" owari="287,8.7,328,42.8,168,-33.2,217,-18.3" /></mjloggm>