<mjloggm ver="2.3"><GO type="225" lobby="0"/><UN n0="%43%68%65" n1="%E7%89%B9%E6%9D%B1%E3%81%AF%E4%B8%96%E7%95%8C%E3%82%92%E6%95%91%E3%81%86" n2="%E3%82%BC%E3%83%AB%E3%83%80%E3%81%AE%E4%BC%9D%E8%AA%AC" n3="%63%68%78%62%64" dan="16,16,17,16" rate="2174.15,2150.59,2252.68,2127.71" sx="M,M,M,M"/><TAIKYOKU oya="0"/><INIT seed="0,0,0,1,4,37" ten="250,250,250,250" oya="0" hai0="95,75,66,113,88,104,111,41,99,122,50,46,97" hai1="62,78,23,123,130,134,57,68,112,77,120,114,125" hai2="21,69,74,107,127,60,115,105,25,108,24,84,80" hai3="90,94,1,128,87,119,17,118,13,103,34,2,100"/><T109/><D113/><N who="1" m="43627" /><E68/><V55/><F115/><W126/><G34/><T53/><D122/><N who="1" m="46635" /><E130/><V4/><F108/><N who="0" m="41546" /><D75/><U52/><E134/><V70/><F127/><W51/><G126/><T121/><D121/><U3/><E125/><V76/><F4/><W124/><G124/><T129/><D129/><U135/><E135/><V16/><F74/><W116/><G128/><T18/><D66/><U96/><E3/><V36/><F36/><W54/><G2/><T85/><D104/><U28/><E96/><N who="0" m="36937" /><D18/><U40/><E40/><AGARI ba="0,0" hai="40,41,46,50,53,85,88,95" m="36937,41546" machi="40" ten="30,12000,1" yaku="14,1,10,1,52,2,54,1" doraHai="37" who="0" fromWho="1" sc="250,120,250,-120,250,0,250,0" /><INIT seed="0,1,0,1,4,107" ten="370,130,250,250" oya="0" hai0="13,85,105,27,102,123,7,19,66,79,75,18,30" hai1="64,114,40,10,50,104,15,67,20,62,34,94,124" hai2="92,29,8,47,99,126,5,31,37,74,115,134,3" hai3="88,44,51,43,56,41,128,70,80,129,39,101,90"/><T131/><D123/><U24/><E124/><V63/><F115/><W57/><G70/><T35/><D131/><N who="3" m="50249" /><G101/><T86/><D7/><U71/><E114/><V32/><F126/><W125/><G125/><T119/><D119/><U16/><E104/><V103/><F134/><W52/><G43/><T84/><D66/><U49/><E34/><V68/><F32/><W81/><G56/><T48/><D48/><U42/><E64/><V72/><F68/><W73/><G81/><T21/><D19/><U120/><E120/><V6/><F63/><W87/><G87/><T97/><REACH who="0" step="1"/><D79/><AGARI ba="1,0" hai="39,41,44,51,52,57,73,79,80,88,90" m="50249" machi="79" ten="30,7700,0" yaku="19,1,52,1,54,2" doraHai="107" who="3" fromWho="0" sc="370,-80,130,0,250,0,250,80" /><INIT seed="1,0,0,0,5,25" ten="290,130,250,330" oya="1" hai0="78,4,33,9,114,104,110,98,59,74,26,14,105" hai1="31,27,22,80,120,37,127,45,71,81,70,43,77" hai2="68,62,57,88,56,99,101,64,106,34,29,95,46" hai3="20,48,117,134,118,21,47,11,107,50,93,90,135"/><U24/><E127/><V91/><F46/><W102/><G107/><T32/><D114/><U121/><E81/><V111/><F111/><W130/><G102/><T123/><D110/><U82/><E80/><V23/><F23/><N who="3" m="8779" /><G11/><T132/><D132/><N who="3" m="50729" /><G130/><T96/><D123/><U58/><E24/><N who="2" m="18727" /><F91/><W54/><G48/><T97/><D74/><U2/><E2/><V1/><F1/><W103/><G103/><T35/><D78/><U3/><E3/><V8/><F8/><W131/><G131/><T30/><D35/><U52/><E120/><V92/><F92/><W55/><G55/><T61/><REACH who="0" step="1"/><D33/><REACH who="0" ten="280,130,250,330" step="2"/><U18/><E121/><V40/><F40/><W94/><G118/><T113/><D113/><U28/><E71/><V17/><F17/><W36/><G117/><T79/><D79/><U7/><E70/><V10/><F10/><W38/><G94/><T86/><D86/><AGARI ba="0,1" hai="56,57,62,64,68,86,88,95,99,101,106" m="18727" machi="86" ten="30,3900,0" yaku="25,1,52,1,54,1" doraHai="25" who="2" fromWho="0" sc="280,-39,130,0,250,49,330,0" /><AGARI ba="0,0" hai="36,38,47,50,54,86,90,93" m="50729,8779" machi="86" ten="30,1000,0" yaku="20,1" doraHai="25" who="3" fromWho="0" sc="241,-10,130,0,299,0,330,10" /><INIT seed="2,0,0,0,0,69" ten="231,130,299,340" oya="2" hai0="116,41,64,32,70,74,2,133,130,110,127,62,94" hai1="73,111,112,119,58,47,59,36,61,21,90,31,23" hai2="34,20,12,16,65,1,52,126,8,71,11,24,63" hai3="106,84,87,50,117,28,30,6,53,99,104,124,121"/><V132/><F126/><W4/><G121/><T42/><RYUUKYOKU type="yao9" ba="0,0" sc="231,0,130,0,299,0,340,0" hai0="2,32,41,42,62,64,70,74,94,110,116,127,130,133" /><INIT seed="2,1,0,0,4,59" ten="231,130,299,340" oya="2" hai0="69,107,25,33,40,16,117,10,8,89,53,111,39" hai1="12,64,14,23,94,9,43,41,135,131,120,0,95" hai2="90,3,124,32,99,49,5,17,31,74,134,36,30" hai3="38,37,18,85,47,115,96,75,132,128,22,50,114"/><V76/><F124/><W35/><G75/><T2/><D111/><U129/><E0/><V42/><F134/><W82/><G132/><T106/><D117/><U29/><E135/><V1/><F49/><W71/><G35/><T130/><D130/><N who="1" m="49675" /><E64/><V80/><F17/><W113/><G71/><T11/><D2/><U83/><E83/><V122/><F122/><W112/><G96/><T78/><D78/><U86/><E86/><V101/><F90/><N who="3" m="51511" /><G128/><T34/><D69/><U60/><E120/><V88/><F88/><W13/><N who="3" m="28672" /><DORA hai="97" /><W28/><G28/><T98/><D89/><U55/><E29/><V81/><F81/><W46/><G46/><T72/><D72/><U26/><E26/><N who="2" m="18519" /><F5/><W67/><G67/><T77/><D25/><U6/><E95/><V118/><F118/><W57/><G57/><T48/><D107/><U66/><E94/><V84/><F84/><W4/><G4/><T92/><D106/><U20/><E66/><V108/><F31/><W133/><G133/><T116/><D116/><U24/><E24/><V44/><F108/><W119/><G119/><T62/><D77/><U79/><E79/><V56/><F56/><W121/><G121/><T45/><D92/><U87/><E87/><V110/><F110/><W70/><G70/><T104/><D104/><AGARI ba="1,0" hai="1,3,36,42,44,74,76,80,99,101,104" m="18519" machi="104" ten="30,5800,0" yaku="33,2,52,1" doraHai="59,97" who="2" fromWho="0" sc="231,-61,130,0,299,61,340,0" /><INIT seed="2,2,0,0,1,96" ten="170,130,360,340" oya="2" hai0="77,134,37,93,36,119,62,45,88,83,135,102,39" hai1="19,78,14,64,15,89,68,30,27,38,21,101,67" hai2="54,31,112,127,9,10,57,108,115,118,52,122,126" hai3="109,123,100,17,92,132,32,107,131,18,25,59,58"/><V42/><F118/><W65/><G123/><T55/><D119/><U114/><E114/><N who="2" m="43563" /><F122/><W80/><G109/><T81/><D102/><U90/><E38/><V26/><F42/><W28/><G131/><T47/><D62/><U8/><E78/><V82/><F82/><N who="0" m="31242" /><D77/><U43/><E43/><V69/><F69/><W50/><G80/><T125/><D55/><N who="2" m="21034" /><F57/><W35/><G132/><N who="0" m="50731" /><D125/><N who="2" m="47626" /><F108/><W23/><G58/><T5/><D5/><N who="1" m="3343" /><E68/><V60/><F60/><W106/><G59/><T113/><D113/><U79/><E79/><V66/><F66/><N who="1" m="25129" /><E101/><V91/><F91/><W86/><G100/><T29/><D29/><U117/><E117/><V44/><F44/><W75/><G65/><T2/><D2/><U110/><E110/><V116/><F116/><W103/><G103/><T61/><D61/><U40/><E40/><V130/><F130/><W98/><G28/><T24/><D47/><U111/><E111/><V72/><F72/><W63/><G75/><T41/><D45/><U105/><E90/><V3/><F3/><W97/><G63/><T51/><D41/><U12/><E89/><V33/><AGARI ba="2,0" hai="9,10,26,31,33" m="47626,21034,43563" machi="33" ten="40,3900,0" yaku="18,1,54,1" doraHai="96" who="2" fromWho="2" sc="170,-15,130,-15,360,45,340,-15" /><INIT seed="2,3,0,2,0,116" ten="155,115,405,325" oya="2" hai0="122,12,20,33,32,91,112,19,108,129,47,118,81" hai1="70,110,102,9,1,63,109,13,78,14,115,111,133" hai2="11,42,84,64,113,57,7,96,98,49,31,68,99" hai3="67,53,74,37,59,28,36,123,124,125,30,10,2"/><V92/><F113/><W89/><G67/><T114/><D122/><U121/><E115/><V107/><F107/><W106/><G106/><T29/><D118/><U35/><E133/><V104/><F104/><W93/><G123/><T26/><D33/><U83/><E35/><V40/><F68/><W0/><G74/><T71/><D71/><U41/><E121/><V45/><F31/><W48/><G30/><T120/><D120/><U54/><E102/><V62/><F84/><W17/><G28/><T38/><D108/><N who="1" m="27651" /><U27/><DORA hai="90" /><E27/><V119/><F119/><W128/><G128/><T15/><D15/><U97/><E97/><V127/><F127/><N who="3" m="48715" /><G17/><T21/><D32/><U80/><E41/><V34/><F34/><W39/><G10/><T23/><D23/><U5/><E80/><V4/><F40/><W56/><G56/><T132/><D132/><U94/><E94/><V131/><F131/><W82/><G82/><T50/><D129/><U43/><E43/><V72/><F72/><W69/><G69/><T86/><REACH who="0" step="1"/><D38/><REACH who="0" ten="145,115,405,325" step="2"/><U55/><E14/><N who="2" m="5479" /><F7/><W87/><AGARI ba="3,1" hai="0,2,36,37,39,48,53,59,87,89,93" m="48715" machi="87" ten="40,2700,0" yaku="18,1,52,1" doraHai="116,90" who="3" fromWho="3" sc="145,-10,115,-10,405,-16,325,46" /><INIT seed="3,0,0,0,2,66" ten="135,105,389,371" oya="3" hai0="51,69,5,119,117,18,89,3,11,98,46,121,93" hai1="33,83,111,38,92,0,112,116,67,10,84,101,108" hai2="123,90,42,6,34,133,63,132,134,68,59,70,104" hai3="128,39,118,25,44,28,110,47,50,100,22,9,7"/><W71/><G118/><T82/><D121/><U105/><E112/><V13/><F123/><W125/><G128/><T27/><D69/><N who="2" m="26730" /><F34/><W97/><G71/><T60/><D60/><U91/><E38/><V79/><F104/><W94/><G125/><T15/><D27/><U24/><E67/><N who="2" m="39423" /><F79/><W20/><G110/><N who="1" m="42026" /><E105/><V102/><F102/><W129/><G39/><T48/><D82/><U8/><E0/><V57/><F42/><W113/><G113/><T45/><D51/><U76/><E101/><V74/><F74/><W16/><G129/><T131/><D131/><U135/><E116/><V52/><F90/><W40/><G47/><T56/><D56/><U14/><E14/><V120/><F120/><W49/><G49/><T30/><D30/><N who="1" m="19655" /><E135/><V55/><F57/><W115/><G115/><T85/><D46/><U54/><E54/><V99/><F99/><W61/><G61/><T62/><D98/><U109/><N who="1" m="42034" /><U122/><DORA hai="35" /><E122/><V107/><F107/><W81/><G81/><T78/><D62/><U77/><E77/><V80/><F80/><W43/><G43/><T73/><D78/><U29/><E29/><V23/><F23/><N who="3" m="13543" /><G28/><T96/><D119/><U37/><E37/><V41/><F41/><W124/><G124/><T12/><D117/><U65/><E65/><V2/><F13/><AGARI ba="0,0" hai="7,9,13,20,22,40,44,50,94,97,100" m="13543" machi="13" ten="30,2900,0" yaku="8,1,54,1" doraHai="66,35" who="3" fromWho="2" sc="135,0,105,0,389,-29,371,29" owari="135,-26.5,105,-39.5,360,16.0,400,50.0" /></mjloggm>