<mjloggm ver="2.3"><GO type="225" lobby="0"/><UN n0="%E3%83%A9%E3%82%B9%E7%8E%87%EF%BC%93%E5%89%B2" n1="%E3%81%BF%E3%82%84%E3%81%93%E3%82%93%EF%BC%91%EF%BC%90%E6%AD%B3" n2="%72%69%6F%75%63%68%61%6E" n3="%E4%B8%89%E5%86%A0%E7%8E%8B%E3%83%BB%E5%B1%B1%E7%94%B0%E5%93%B2%E4%BA%BA" dan="16,16,16,16" rate="2107.05,2069.04,2150.79,2110.77" sx="F,M,M,M"/><TAIKYOKU oya="0"/><INIT seed="0,0,0,2,4,114" ten="250,250,250,250" oya="0" hai0="2,70,87,59,80,37,132,41,15,77,71,5,68" hai1="60,128,58,121,10,113,108,103,20,79,62,44,116" hai2="26,56,43,91,18,111,83,30,40,105,49,135,14" hai3="131,126,57,102,34,38,90,3,130,125,127,72,99"/><T74/><D59/><U101/><E121/><V100/><F111/><W94/><G34/><T1/><D15/><U89/><E108/><V35/><F135/><W8/><G38/><T0/><D87/><U93/><E113/><V98/><F83/><W109/><G109/><T46/><REACH who="0" step="1"/><D132/><REACH who="0" ten="240,250,250,250" step="2"/><U75/><E58/><V66/><F56/><W63/><G72/><T36/><D36/><U78/><E75/><V118/><F14/><W51/><G51/><T64/><D64/><U97/><E60/><V81/><F66/><W133/><G133/><T119/><D119/><U24/><E62/><V13/><F49/><W16/><G57/><T33/><D33/><U117/><E116/><V39/><F39/><W9/><G63/><T115/><D115/><U31/><E117/><V134/><F134/><W85/><G3/><T76/><D76/><U42/><E79/><V12/><F12/><N who="3" m="7175" /><G9/><AGARI ba="0,1" hai="0,1,2,5,9,37,41,46,68,70,71,74,77,80" machi="9" ten="40,18000,2" yaku="1,1,25,2,33,3,53,0" doraHai="114" doraHaiUra="96" who="0" fromWho="3" sc="240,190,250,0,250,0,250,-180" /><INIT seed="0,1,0,3,3,26" ten="430,250,250,70" oya="0" hai0="63,37,94,130,28,79,25,44,76,1,89,83,96" hai1="41,135,53,115,125,40,22,14,124,24,4,31,92" hai2="5,80,128,70,33,38,64,77,51,90,99,74,91" hai3="103,58,17,119,42,107,122,71,34,133,104,126,82"/><T131/><D1/><U97/><E135/><V127/><F38/><W121/><G71/><T15/><D15/><U18/><E115/><V46/><F127/><W6/><G119/><T75/><D63/><U88/><E53/><V110/><F110/><W101/><G133/><T47/><D79/><U0/><E125/><V55/><F128/><N who="0" m="49194" /><D37/><U120/><E120/><V9/><F33/><AGARI ba="1,0" hai="25,28,33,44,47,75,76,83,89,94,96" m="49194" machi="33" ten="30,2900,0" yaku="19,1,52,1" doraHai="26" who="0" fromWho="2" sc="430,32,250,0,250,-32,70,0" /><INIT seed="0,2,0,4,1,122" ten="462,250,218,70" oya="0" hai0="78,97,6,29,45,20,93,98,88,36,50,53,33" hai1="51,49,54,35,109,27,14,113,115,69,102,95,127" hai2="47,21,131,58,108,61,87,22,121,75,55,56,10" hai3="23,68,96,38,34,77,117,123,9,28,15,89,19"/><T0/><D33/><U17/><E69/><V16/><F108/><W4/><G38/><T13/><D36/><U8/><E127/><V2/><F131/><W41/><G68/><T40/><D0/><U26/><E51/><V24/><F75/><W86/><G41/><T105/><D78/><U94/><E109/><V63/><F121/><W70/><G70/><T62/><D105/><U3/><E3/><V83/><F47/><W72/><G123/><T11/><D62/><U91/><E102/><V31/><F2/><W110/><G110/><T120/><D120/><U118/><E118/><V12/><F22/><W101/><G117/><T92/><D20/><U66/><E66/><V130/><F130/><W133/><G133/><T90/><D29/><U135/><E135/><V39/><F39/><W107/><G77/><T114/><D114/><N who="1" m="43531" /><E35/><V18/><F58/><W80/><G34/><T111/><D111/><U1/><E1/><V100/><F100/><W30/><REACH who="3" step="1"/><G72/><REACH who="3" ten="462,250,218,60" step="2"/><T81/><D81/><U57/><E95/><V125/><F125/><W46/><G46/><T71/><D71/><U112/><E112/><V32/><F32/><W59/><G59/><T44/><D44/><U132/><E132/><V48/><REACH who="2" step="1"/><F31/><REACH who="2" ten="462,250,208,60" step="2"/><W84/><G84/><AGARI ba="2,2" hai="8,14,17,26,27,49,54,57,84,91,94" m="43531" machi="84" ten="30,1000,0" yaku="11,1" doraHai="122" who="1" fromWho="3" sc="462,0,250,36,208,0,60,-16" /><INIT seed="1,0,0,0,4,13" ten="462,286,208,44" oya="1" hai0="97,3,53,133,42,114,96,32,37,132,123,98,51" hai1="85,56,40,55,43,122,44,89,36,30,11,61,20" hai2="134,34,94,67,41,71,87,0,130,22,49,39,75" hai3="113,118,47,46,18,107,126,103,1,65,110,15,73"/><U101/><E122/><V121/><F121/><W70/><G1/><T104/><D123/><U105/><E43/><V124/><F34/><W76/><G113/><T88/><D32/><U91/><E11/><V27/><F39/><W127/><G110/><T93/><D3/><U16/><E30/><V28/><F75/><W119/><G107/><T120/><D120/><U25/><REACH who="1" step="1"/><E85/><REACH who="1" ten="462,276,208,44" step="2"/><V48/><F41/><W112/><G112/><T86/><D114/><U23/><E23/><V90/><F28/><W108/><G108/><T8/><D8/><U57/><E57/><V77/><F22/><W83/><G47/><N who="0" m="27903" /><D42/><U62/><E62/><V38/><F87/><W4/><G46/><T116/><D37/><U125/><E125/><V99/><F124/><W29/><G29/><T102/><D116/><U117/><E117/><V95/><F38/><W10/><G127/><T54/><D86/><U17/><E17/><V52/><F49/><W80/><G126/><T106/><D133/><U6/><E6/><V33/><F134/><W135/><G135/><T14/><D132/><U59/><E59/><V79/><F48/><W2/><G119/><T131/><D98/><AGARI ba="0,1" hai="16,20,25,36,40,44,55,56,61,89,91,98,101,105" machi="98" ten="40,7700,0" yaku="1,1,52,1,54,1,53,0" doraHai="13" doraHaiUra="64" who="1" fromWho="0" sc="462,-77,276,87,208,0,44,0" /><INIT seed="1,1,0,3,1,41" ten="385,363,208,44" oya="1" hai0="69,59,7,110,44,94,100,75,132,135,128,62,47" hai1="6,87,13,112,105,64,61,66,127,99,65,29,34" hai2="116,107,50,122,27,17,5,1,103,28,96,82,98" hai3="117,104,74,124,18,3,14,23,19,0,48,90,89"/><U78/><E112/><V33/><F122/><W53/><G74/><T36/><D75/><U39/><E127/><V51/><F116/><W57/><G104/><T108/><D69/><U88/><E39/><V40/><F40/><W76/><G76/><T106/><D106/><U56/><E78/><V126/><F126/><W12/><G117/><T16/><D7/><U46/><E46/><N who="0" m="17449" /><D36/><U134/><E134/><N who="0" m="51241" /><D128/><U109/><E109/><N who="0" m="42089" /><D16/><U125/><E125/><V38/><F17/><W118/><G118/><T67/><D94/><U114/><E114/><V130/><F5/><W26/><G124/><T91/><D91/><U10/><E34/><V133/><F33/><W84/><G90/><T25/><D100/><U115/><E29/><V120/><F28/><W45/><G57/><T11/><D25/><U58/><E58/><V131/><F27/><W71/><G71/><T35/><D11/><U102/><E115/><V42/><F103/><W123/><G123/><T86/><D86/><U97/><E97/><V2/><F96/><W81/><REACH who="3" step="1"/><G26/><REACH who="3" ten="385,363,208,34" step="2"/><T8/><D8/><AGARI ba="1,1" hai="0,3,8,12,14,18,19,23,45,48,53,81,84,89" machi="8" ten="30,12000,2" yaku="1,1,2,1,7,1,25,2,52,1,53,0" doraHai="41" doraHaiUra="24" who="3" fromWho="0" sc="385,-123,363,0,208,0,34,133" /><INIT seed="2,0,0,4,5,113" ten="262,363,208,167" oya="2" hai0="16,77,117,65,125,129,37,39,50,86,73,61,92" hai1="55,12,108,38,56,89,11,19,17,75,54,119,47" hai2="123,78,23,99,127,49,5,51,132,15,109,81,66" hai3="25,130,21,95,87,133,112,135,58,114,68,70,30"/><V18/><F127/><W48/><G130/><T32/><D129/><U53/><E119/><V106/><F132/><N who="3" m="50763" /><G87/><T57/><D32/><U120/><E108/><V29/><F123/><W104/><G104/><T134/><D134/><U35/><E35/><V60/><F109/><W76/><G76/><T26/><D117/><U82/><E120/><V14/><F29/><W124/><G95/><T80/><D125/><U4/><E56/><V28/><F28/><W10/><G124/><T27/><D50/><U100/><E100/><V69/><F106/><W74/><G74/><T83/><D92/><U64/><E64/><V96/><F99/><W1/><G58/><T115/><D115/><N who="3" m="44073" /><G48/><T131/><D131/><U103/><E103/><V40/><F96/><W84/><G84/><T110/><D110/><U7/><E89/><V72/><REACH who="2" step="1"/><F40/><REACH who="2" ten="262,363,198,167" step="2"/><W43/><G43/><T62/><D73/><U91/><E75/><V6/><F6/><AGARI ba="0,1" hai="1,6,10,21,25,30,68,70" m="44073,50763" machi="6" ten="30,2000,0" yaku="20,1,11,1" doraHai="113" who="3" fromWho="2" sc="262,0,363,0,198,-20,167,30" /><INIT seed="3,0,0,1,3,106" ten="262,363,178,197" oya="3" hai0="125,51,92,94,75,112,14,120,95,80,98,66,101" hai1="31,123,127,100,88,57,62,30,134,36,33,63,61" hai2="97,67,76,40,87,7,19,69,45,132,65,84,103" hai3="49,44,43,23,73,29,54,8,52,109,25,116,90"/><W38/><G116/><T79/><D66/><U126/><E123/><V41/><F132/><W107/><G107/><N who="0" m="63927" /><D14/><U117/><E134/><V47/><F7/><W105/><G105/><T12/><D12/><U129/><E129/><V130/><F130/><W37/><G109/><T48/><D48/><U85/><E117/><V10/><F69/><W53/><G73/><T135/><D51/><U122/><E122/><V64/><F76/><W59/><G59/><T1/><D1/><U56/><E100/><V6/><F19/><W118/><G118/><T115/><D135/><U77/><E77/><V131/><F131/><W113/><G113/><N who="0" m="43595" /><D120/><U16/><E16/><V55/><F55/><W128/><G128/><T58/><D58/><N who="1" m="22635" /><E36/><V91/><F45/><W99/><G8/><T18/><D18/><U26/><E26/><V46/><F47/><W86/><REACH who="3" step="1"/><G99/><REACH who="3" ten="262,363,178,187" step="2"/><T110/><D110/><U50/><E63/><V11/><F46/><W93/><AGARI ba="0,1" hai="23,25,29,37,38,43,44,49,52,53,54,86,90,93" machi="93" ten="30,12000,1" yaku="1,1,2,1,0,1,54,1,53,1" doraHai="106" doraHaiUra="83" who="3" fromWho="3" sc="262,-40,363,-40,178,-40,187,130" /><INIT seed="3,1,0,5,3,59" ten="222,323,138,317" oya="3" hai0="20,92,125,78,36,87,60,25,4,51,11,117,37" hai1="112,52,135,105,99,126,82,133,48,30,1,111,16" hai2="26,2,134,74,33,63,73,94,88,130,9,27,69" hai3="114,12,109,75,13,120,32,90,96,14,18,47,77"/><W50/><G114/><T24/><D125/><U21/><E112/><V103/><F103/><W38/><G120/><T34/><D34/><U91/><E126/><V56/><F69/><W81/><G38/><T40/><D117/><U45/><E1/><V10/><F130/><W93/><G32/><T55/><D25/><U104/><E30/><V80/><F134/><N who="1" m="51209" /><E111/><V57/><F80/><W67/><G67/><T127/><D40/><U62/><E62/><V23/><F33/><W110/><REACH who="3" step="1"/><G18/><REACH who="3" ten="222,323,138,307" step="2"/><T19/><D127/><U22/><E22/><V95/><F23/><W54/><AGARI ba="1,1" hai="12,13,14,47,50,54,75,77,81,90,93,96,109,110" machi="54" ten="30,6000,0" yaku="1,1,2,1,0,1,53,0" doraHai="59" doraHaiUra="17" who="3" fromWho="3" sc="222,-21,323,-21,138,-21,307,73" owari="201,-19.9,302,10.2,117,-38.3,380,48.0" /></mjloggm>