<mjloggm ver="2.3"><GO type="225" lobby="0"/><UN n0="%E5%8F%AF%E5%85%90%E9%82%A3%E7%94%B1%E5%A4%9A" n1="%E3%81%AF%E3%82%88%E3%81%8A%E3%81%98%E3%81%95%E3%82%93" n2="%73%75%7A%75%6D%65%33" n3="%6D%75%75%6D%75%72%61" dan="17,17,18,16" rate="2178.01,2243.02,2182.53,2064.15" sx="F,M,M,F"/><TAIKYOKU oya="0"/><INIT seed="0,0,0,0,1,75" ten="250,250,250,250" oya="0" hai0="58,57,20,50,62,36,45,40,97,90,85,55,81" hai1="52,93,107,7,41,74,54,113,95,129,105,108,24" hai2="9,125,89,30,91,117,109,14,34,23,78,135,121" hai3="127,27,92,114,68,102,19,103,10,72,128,46,101"/><T115/><D115/><U84/><E74/><V120/><F109/><W38/><G68/><T22/><REACH who="0" step="1"/><D97/><REACH who="0" ten="240,250,250,250" step="2"/><U8/><E113/><V82/><F121/><W67/><G114/><T111/><D111/><U71/><E108/><V106/><F120/><W76/><G103/><T0/><D0/><U17/><E129/><V110/><F110/><W116/><G102/><T5/><D5/><U118/><E7/><V123/><F123/><W16/><G101/><T13/><D13/><U122/><E122/><V131/><F14/><W33/><G128/><T1/><D1/><U134/><E118/><V130/><F131/><W47/><G116/><T31/><D31/><U60/><E134/><V25/><F30/><W56/><G127/><T79/><D79/><U44/><E17/><V59/><F78/><W83/><G16/><T37/><D37/><U119/><E119/><V15/><F117/><W65/><G19/><T99/><D99/><U6/><E6/><V21/><F15/><W48/><G38/><T35/><D35/><U96/><E96/><V42/><F125/><W98/><G33/><T77/><D77/><U88/><E88/><V39/><F34/><W4/><G4/><T66/><AGARI ba="0,1" hai="20,22,36,40,45,50,55,57,58,62,66,81,85,90" machi="66" ten="20,3900,0" yaku="1,1,0,1,7,1,53,0" doraHai="75" doraHaiUra="12" who="0" fromWho="0" sc="240,49,250,-13,250,-13,250,-13" /><INIT seed="0,1,0,3,1,85" ten="289,237,237,237" oya="0" hai0="64,3,58,135,131,77,0,40,50,89,43,55,46" hai1="98,78,33,109,38,49,71,39,111,4,72,32,130" hai2="31,93,118,67,28,8,80,96,25,57,54,103,107" hai3="76,11,53,82,99,123,52,5,37,91,119,100,62"/><T2/><D131/><U26/><E130/><V20/><F118/><W17/><G119/><T16/><D135/><U61/><E4/><V18/><F107/><W110/><G37/><N who="1" m="13834" /><E49/><V36/><F36/><W94/><G110/><N who="1" m="41994" /><E98/><V56/><F8/><W132/><G123/><T126/><D126/><U6/><E6/><V65/><F80/><W7/><G132/><T10/><D77/><U19/><E19/><V125/><F125/><W87/><G100/><T75/><D75/><U129/><E129/><V47/><F47/><W97/><G97/><T102/><D102/><U115/><E26/><V59/><REACH who="2" step="1"/><F54/><REACH who="2" ten="289,237,227,237" step="2"/><N who="3" m="21099" /><G62/><T101/><D46/><U114/><E78/><V134/><F134/><W73/><G73/><T84/><D64/><AGARI ba="1,1" hai="18,20,25,28,31,56,57,59,64,65,67,93,96,103" machi="64" ten="40,2600,0" yaku="1,1,8,1,53,0" doraHai="85" doraHaiUra="124" who="2" fromWho="0" sc="289,-29,237,0,227,39,237,0" /><INIT seed="1,0,0,2,1,81" ten="260,237,266,237" oya="1" hai0="73,60,117,66,2,123,113,18,48,65,36,109,93" hai1="12,5,121,129,23,39,37,125,67,40,96,71,112" hai2="25,124,102,72,75,22,30,4,17,33,99,6,3" hai3="41,79,89,95,1,45,55,78,107,82,20,87,86"/><U26/><E112/><V103/><F124/><W133/><G1/><T100/><D113/><U131/><E121/><V69/><F69/><W16/><G133/><T108/><D117/><U83/><E125/><V42/><F42/><W52/><G107/><T110/><D36/><U35/><E96/><V88/><F103/><W56/><G78/><T90/><D123/><U92/><E92/><V132/><F132/><W13/><G56/><T101/><D73/><U134/><E134/><V76/><F76/><W54/><G54/><T120/><D120/><U70/><E83/><V44/><F44/><W0/><G0/><T119/><D119/><U122/><E122/><V111/><F111/><W10/><G20/><T106/><D2/><U8/><E35/><V114/><F114/><W61/><G61/><T29/><D29/><U43/><E43/><V118/><F118/><W49/><AGARI ba="0,0" hai="10,13,16,41,45,49,52,55,79,82,86,87,89,95" machi="49" ten="20,12000,2" yaku="0,1,7,1,8,1,52,2,54,2" doraHai="81" who="3" fromWho="3" sc="260,-30,237,-60,266,-30,237,120" /><INIT seed="2,0,0,3,4,15" ten="230,177,236,357" oya="2" hai0="95,47,28,131,17,32,111,4,103,68,20,0,56" hai1="94,119,101,114,71,108,40,55,127,25,37,112,58" hai2="74,99,49,31,66,23,65,84,3,93,63,16,106" hai3="80,107,1,7,125,13,22,45,113,29,128,72,42"/><V60/><F3/><W73/><G107/><T11/><D68/><U59/><E101/><V91/><F74/><W89/><G128/><T100/><D111/><U33/><E94/><V122/><F122/><W18/><G125/><T46/><D131/><U105/><E25/><V39/><F39/><W10/><G113/><T5/><D5/><U8/><E8/><V61/><F31/><W132/><G132/><T43/><D56/><U44/><E105/><V81/><F49/><W76/><G89/><T123/><D123/><U67/><E33/><V118/><F106/><W14/><G29/><T120/><D120/><U62/><E119/><V54/><F54/><W19/><G72/><T75/><D75/><U77/><E77/><V79/><F118/><W90/><G90/><T70/><D70/><U2/><E2/><V24/><AGARI ba="0,0" hai="16,23,24,60,61,63,65,66,79,81,84,91,93,99" machi="24" ten="30,11700,0" yaku="0,1,8,1,52,1,54,1" doraHai="15" who="2" fromWho="2" sc="230,-39,177,-39,236,117,357,-39" /><INIT seed="2,1,0,0,2,95" ten="191,138,353,318" oya="2" hai0="18,69,128,89,20,121,115,7,93,28,117,2,101" hai1="17,78,40,125,85,134,33,107,63,32,61,127,104" hai2="3,111,34,120,6,131,66,106,15,130,96,45,73" hai3="51,30,29,36,112,110,124,108,35,84,5,59,94"/><V81/><F120/><W113/><G36/><T50/><D121/><U88/><E40/><V22/><F34/><W90/><G5/><T53/><D115/><N who="3" m="44105" /><G124/><N who="1" m="47690" /><E78/><N who="2" m="44239" /><F66/><W105/><G105/><N who="1" m="40522" /><E17/><V109/><F45/><W75/><G75/><T86/><D18/><U9/><E9/><N who="2" m="2271" /><F15/><W47/><G59/><T91/><D28/><N who="3" m="10857" /><G35/><N who="1" m="13386" /><E134/><V38/><F22/><W48/><G48/><T103/><D50/><U4/><E4/><V68/><F38/><W49/><G49/><T23/><D23/><U70/><E70/><V97/><F68/><W27/><G27/><T100/><D20/><U118/><E118/><V10/><F10/><W119/><G119/><T39/><D117/><U41/><E41/><AGARI ba="1,0" hai="41,47,51,84,90,94,108,110" m="10857,44105" machi="41" ten="30,1000,0" yaku="11,1" doraHai="95" who="3" fromWho="1" sc="191,0,138,-13,353,0,318,13" /><INIT seed="3,0,0,1,3,65" ten="191,125,353,331" oya="3" hai0="87,118,5,122,7,115,97,22,6,132,89,74,24" hai1="121,58,8,59,133,123,82,52,90,70,126,13,69" hai2="27,134,48,85,95,56,124,83,112,2,44,30,84" hai3="113,71,37,47,79,14,93,81,88,26,103,120,110"/><W99/><G113/><T46/><D118/><U62/><E90/><N who="2" m="53711" /><F2/><W66/><G120/><N who="1" m="46154" /><E82/><V31/><F112/><W109/><G26/><T64/><D89/><U61/><E13/><V25/><F124/><W105/><G14/><T75/><D87/><U63/><E8/><V50/><F56/><N who="1" m="21545" /><E126/><V102/><F134/><W29/><G29/><N who="2" m="10761" /><F102/><W119/><G119/><T131/><D132/><U40/><E133/><V130/><F130/><W11/><G11/><T17/><D131/><U129/><E129/><V49/><F44/><W72/><G47/><T92/><D6/><U41/><E52/><V114/><F114/><W9/><G9/><T35/><D5/><U12/><E12/><V57/><F57/><W53/><G53/><T135/><D7/><U10/><E10/><V3/><F3/><W106/><G37/><T28/><D135/><U32/><E32/><V33/><F33/><W125/><G125/><T80/><D35/><U1/><E1/><V116/><F116/><W36/><G36/><T16/><D80/><U91/><E91/><AGARI ba="0,0" hai="25,27,48,49,50,83,84,91" m="10761,53711" machi="91" ten="30,1000,0" yaku="8,1" doraHai="65" who="2" fromWho="1" sc="191,0,125,-10,353,10,331,0" owari="191,-20.9,115,-38.5,363,46.3,331,13.1" /></mjloggm>