<mjloggm ver="2.3"><GO type="225" lobby="0"/><UN n0="%E3%82%BC%E3%83%AB%E3%83%80%E3%81%AE%E4%BC%9D%E8%AA%AC" n1="%77%72%77%72%77%72%77%72" n2="%E5%8D%A0%E3%81%84%E5%B8%AB%E8%A3%8F%E3%81%AA%E3%81%84%E3%81%97" n3="%E9%B3%B3%E6%9D%B1%E3%81%AE%E3%81%86%E3%81%95%E3%81%8E%E3%81%95%E3%82%93" dan="18,17,17,17" rate="2249.69,2207.06,2172.50,2229.20" sx="M,M,M,M"/><TAIKYOKU oya="0"/><INIT seed="0,0,0,3,0,24" ten="250,250,250,250" oya="0" hai0="18,79,91,78,40,35,34,88,81,95,7,62,129" hai1="29,123,41,80,14,116,57,44,58,38,101,130,12" hai2="75,96,98,56,67,117,99,105,65,60,52,77,8" hai3="115,100,16,124,47,53,122,42,28,127,83,20,22"/><T92/><D7/><U120/><E116/><V132/><F117/><W23/><G115/><T128/><D40/><U3/><E3/><V21/><F105/><W108/><G108/><T125/><D62/><U84/><E130/><N who="0" m="50281" /><D18/><U50/><E101/><V93/><F75/><W118/><G118/><T4/><D4/><U74/><E74/><V113/><F77/><N who="0" m="29194" /><D81/><U59/><E38/><V32/><F32/><N who="0" m="12330" /><D125/><U71/><E71/><V19/><F113/><W72/><G83/><T111/><D111/><U0/><E0/><V104/><F104/><W6/><G16/><T54/><D54/><U121/><E12/><V11/><F93/><AGARI ba="0,0" hai="88,91,92,93,95" m="12330,29194,50281" machi="93" ten="40,12000,1" yaku="28,2,19,1,54,1" doraHai="24" who="0" fromWho="2" sc="250,120,250,0,250,-120,250,0" /><INIT seed="0,1,0,3,1,132" ten="370,250,130,250" oya="0" hai0="127,68,114,71,84,81,82,115,5,90,0,105,116" hai1="16,121,30,9,123,134,79,50,1,77,46,122,20" hai2="98,73,44,51,95,8,19,34,48,26,99,24,100" hai3="74,131,96,92,49,75,88,28,62,83,119,67,109"/><T117/><D105/><U102/><E134/><V97/><F73/><W4/><G119/><T112/><D5/><U47/><E102/><V7/><F34/><W111/><G131/><T124/><D0/><U53/><E30/><V25/><F19/><W17/><G4/><T55/><D55/><U40/><E9/><V58/><F58/><W110/><G28/><T129/><D129/><U128/><E1/><V101/><F95/><W70/><G49/><T89/><D112/><U59/><E128/><V60/><F60/><W37/><G37/><T3/><D3/><U103/><E103/><V113/><F113/><W63/><G63/><T12/><D84/><U61/><REACH who="1" step="1"/><E46/><REACH who="1" ten="370,240,130,250" step="2"/><V126/><F126/><W10/><G10/><T33/><D33/><U13/><AGARI ba="1,1" hai="13,16,20,40,47,50,53,59,61,77,79,121,122,123" machi="13" ten="30,8000,1" yaku="1,1,2,1,0,1,54,1,53,1" doraHai="132" doraHaiUra="56" who="1" fromWho="1" sc="370,-41,240,93,130,-21,250,-21" /><INIT seed="1,0,0,5,0,43" ten="329,333,109,229" oya="1" hai0="54,67,55,80,65,108,118,23,26,51,10,9,107" hai1="92,61,18,39,135,68,99,119,110,29,53,77,37" hai2="121,95,40,44,45,62,36,102,4,74,38,3,86" hai3="5,78,116,57,94,88,60,104,73,125,2,134,113"/><U76/><E119/><V66/><F121/><W19/><G113/><T6/><D118/><U105/><E105/><V15/><F74/><W28/><G116/><T124/><D107/><U14/><E135/><V22/><F3/><W132/><G104/><T12/><D108/><U16/><E110/><V25/><F4/><W58/><G125/><T71/><D124/><U93/><E29/><V0/><F0/><W21/><G28/><T41/><D71/><U30/><E30/><V114/><F114/><W84/><G73/><T32/><D32/><U27/><E68/><V50/><F15/><W122/><G122/><T97/><D10/><U49/><E61/><V31/><F86/><W47/><G78/><T11/><D11/><U70/><E70/><V34/><F34/><W85/><G85/><T106/><D80/><U117/><E117/><V83/><F83/><W96/><G84/><T56/><D41/><U82/><E82/><V101/><F95/><W13/><G5/><T63/><D97/><U131/><E131/><V130/><F130/><W133/><G2/><T8/><D8/><N who="1" m="6215" /><E39/><V1/><F38/><W64/><G58/><N who="0" m="35287" /><D106/><U24/><E37/><V48/><F36/><W126/><G126/><T7/><D7/><U129/><E92/><V109/><F1/><W69/><G69/><T59/><D59/><N who="1" m="33199" /><E129/><V79/><F109/><W42/><G42/><T120/><D120/><U52/><E52/><N who="2" m="29703" /><F79/><N who="1" m="30281" /><E18/><AGARI ba="0,0" hai="6,9,12,18,23,26,51,55,56,65,67" m="35287" machi="18" ten="30,1000,0" yaku="8,1" doraHai="43" who="0" fromWho="1" sc="329,10,333,-10,109,0,229,0" /><INIT seed="2,0,0,1,5,130" ten="339,323,109,229" oya="2" hai0="103,53,88,58,10,83,71,54,109,112,133,97,42" hai1="46,37,11,127,48,106,49,117,113,135,102,69,107" hai2="99,116,7,4,63,110,118,75,126,35,0,108,125" hai3="21,29,24,94,9,40,5,43,73,121,91,56,96"/><V38/><F75/><W84/><G73/><T34/><D112/><U16/><E113/><V105/><F38/><W52/><G121/><T86/><D133/><U23/><E117/><N who="2" m="45163" /><F63/><W33/><G33/><T3/><D109/><N who="2" m="42090" /><F35/><W8/><G84/><T26/><D42/><N who="3" m="15913" /><G5/><N who="2" m="2121" /><F105/><W119/><G119/><T17/><D71/><U50/><E69/><V12/><F99/><W51/><AGARI ba="0,0" hai="8,9,21,24,29,51,52,56,91,94,96" m="15913" machi="51" ten="30,2000,0" yaku="8,1,54,1" doraHai="130" who="3" fromWho="3" sc="339,-5,323,-5,109,-10,229,20" /><INIT seed="3,0,0,1,1,18" ten="334,318,99,249" oya="3" hai0="15,25,35,6,92,93,7,77,113,90,29,100,11" hai1="126,63,85,59,97,112,17,131,129,111,88,33,62" hai2="45,38,116,34,123,68,72,87,64,89,8,120,52" hai3="2,39,57,102,70,46,105,133,79,78,4,28,130"/><W128/><G70/><T10/><D113/><U1/><E112/><V54/><F116/><W69/><G69/><T86/><D77/><N who="3" m="29193" /><G105/><T103/><D93/><U41/><E111/><V55/><F34/><W67/><G102/><T16/><D7/><U74/><E74/><V65/><F72/><W73/><G73/><T95/><D95/><U82/><E126/><V22/><F8/><W19/><G28/><T53/><D53/><U40/><E1/><AGARI ba="0,0" hai="1,6,10,11,15,16,25,29,35,86,90,92,100,103" machi="1" ten="30,2000,0" yaku="7,1,54,1" doraHai="18" who="0" fromWho="1" sc="334,20,318,-20,99,0,249,0" owari="354,45.4,298,9.8,99,-40.1,249,-15.1" /></mjloggm>