<mjloggm ver="2.3"><GO type="225" lobby="0"/><UN n0="%E7%89%B9%E6%9D%B1%E3%81%AF%E4%B8%96%E7%95%8C%E3%82%92%E6%95%91%E3%81%86" n1="%6D%61%74%69%67%75%73%61" n2="%E6%98%93%E5%88%A9%E8%96%A9%E4%BC%AF" n3="%E6%81%A5%E6%99%92%E3%81%97" dan="16,17,16,16" rate="2140.78,2154.75,2095.03,2143.08" sx="M,M,F,M"/><TAIKYOKU oya="0"/><INIT seed="0,0,0,4,2,31" ten="250,250,250,250" oya="0" hai0="109,119,18,106,132,10,98,121,61,76,131,6,67" hai1="86,79,48,13,64,58,125,46,65,37,60,45,36" hai2="83,90,66,91,80,32,124,105,16,26,25,44,113" hai3="22,134,118,129,23,34,53,1,96,84,102,57,133"/><T94/><D119/><U73/><E73/><V5/><F113/><W107/><G118/><T135/><D121/><U72/><E72/><V103/><F5/><W3/><G129/><T49/><D131/><U39/><E13/><V9/><F66/><N who="1" m="25705" /><E86/><V50/><F124/><W87/><G23/><T71/><D106/><U97/><E97/><V12/><F103/><W81/><G22/><T123/><D123/><U74/><E79/><V68/><F68/><W33/><G3/><T110/><D76/><U54/><E74/><V17/><F105/><W51/><G1/><N who="0" m="335" /><D18/><U0/><E125/><V47/><F12/><W115/><G115/><T92/><D92/><U77/><E77/><V116/><F50/><W63/><G51/><T93/><D93/><U75/><E75/><V21/><F21/><W85/><REACH who="3" step="1"/><G81/><REACH who="3" ten="250,250,250,240" step="2"/><T100/><D49/><U70/><E0/><V89/><F116/><W112/><G112/><T35/><D35/><AGARI ba="0,1" hai="33,34,35,53,57,63,84,85,87,96,102,107,133,134" machi="35" ten="40,8000,1" yaku="1,1,52,3,53,0" doraHai="31" doraHaiUra="117" who="3" fromWho="0" sc="250,-80,250,0,250,0,240,90" /><INIT seed="1,0,0,3,1,40" ten="170,250,250,330" oya="1" hai0="106,37,87,46,86,27,15,7,30,133,72,28,78" hai1="17,110,111,43,120,29,135,24,23,123,126,75,38" hai2="94,13,61,81,130,2,99,64,102,128,53,67,25" hai3="85,121,22,96,11,57,54,84,56,114,74,80,21"/><U19/><E75/><V66/><F2/><W31/><G114/><T62/><D106/><U115/><E38/><V60/><F25/><N who="3" m="16815" /><G121/><N who="1" m="46666" /><E43/><V3/><F3/><W73/><G74/><T125/><D133/><U113/><E126/><V8/><F81/><W101/><G73/><T12/><D125/><U4/><E4/><V0/><F0/><W97/><G85/><T117/><D72/><U132/><E17/><V49/><F130/><W36/><G36/><T129/><D117/><U71/><E71/><V70/><F70/><W134/><G11/><T45/><D129/><U116/><E29/><N who="0" m="11369" /><D37/><U93/><E93/><V42/><F42/><W100/><G22/><T92/><D27/><U95/><E95/><V112/><F112/><N who="1" m="43081" /><E116/><V90/><F102/><W34/><G101/><T18/><D62/><U58/><E58/><V83/><F83/><W59/><G57/><T16/><D7/><U82/><E82/><V91/><F128/><W10/><G56/><T6/><D6/><U104/><E104/><V55/><F61/><W122/><G122/><T5/><D5/><U26/><E26/><V98/><F60/><W1/><G100/><T68/><D68/><U47/><E47/><N who="0" m="17929" /><D92/><U32/><E32/><V52/><F94/><W79/><G34/><T51/><D51/><U50/><E50/><V109/><F49/><W119/><G119/><T88/><D18/><U103/><E103/><V41/><F67/><W14/><G59/><T124/><D124/><U107/><E107/><V105/><F66/><W118/><G118/><T76/><D16/><U20/><E20/><V9/><F105/><RYUUKYOKU ba="0,0" sc="170,-10,250,30,250,-10,330,-10" hai1="19,23,24,110,111,132,135" /><INIT seed="1,1,0,2,0,89" ten="160,280,240,320" oya="1" hai0="10,16,17,1,45,68,26,93,129,48,7,134,90" hai1="14,21,79,122,60,53,97,41,78,126,25,31,12" hai2="74,70,76,58,80,8,75,9,35,104,23,85,36" hai3="105,37,100,132,95,108,109,87,84,30,42,118,11"/><U115/><E115/><V52/><F70/><W4/><G30/><T133/><D68/><U71/><E122/><V39/><F35/><W6/><G105/><T121/><D129/><U56/><E126/><V27/><F104/><W94/><G132/><N who="0" m="50795" /><D26/><U113/><E113/><V82/><F36/><W99/><G118/><T91/><D91/><U61/><E41/><V124/><F39/><W44/><G6/><T3/><D3/><U63/><E97/><V19/><F124/><W69/><G69/><T57/><D57/><U88/><E88/><V50/><REACH who="2" step="1"/><F75/><REACH who="2" ten="160,280,230,320" step="2"/><W0/><G37/><T40/><D121/><U33/><E33/><V34/><F34/><W72/><G72/><T64/><D64/><U22/><E71/><V66/><F66/><W114/><G114/><T103/><D103/><U54/><E79/><AGARI ba="1,1" hai="8,9,19,23,27,50,52,58,74,76,79,80,82,85" machi="79" ten="30,3900,0" yaku="1,1,7,1,54,1,53,0" doraHai="89" doraHaiUra="59" who="2" fromWho="1" sc="160,0,280,-42,230,52,320,0" /><INIT seed="2,0,0,4,0,66" ten="160,238,282,320" oya="2" hai0="23,107,122,129,38,126,81,22,116,1,104,10,127" hai1="63,51,80,45,95,46,42,82,3,35,89,100,91" hai2="135,43,73,108,117,125,17,113,39,85,50,32,44" hai3="47,118,131,54,105,53,48,123,98,30,24,61,28"/><V76/><F113/><W20/><G123/><T121/><D38/><U93/><E3/><V59/><F117/><W21/><G131/><T29/><D81/><U2/><E2/><V111/><F32/><W33/><G118/><T18/><D116/><U78/><E35/><V120/><F73/><W87/><G87/><T72/><D72/><U112/><E112/><V52/><F120/><N who="0" m="46186" /><D107/><U34/><E34/><V101/><F101/><W130/><G130/><T56/><D56/><U74/><E100/><V57/><F17/><W27/><G33/><T79/><D79/><U4/><E4/><V88/><F76/><W83/><G83/><T124/><D104/><U41/><E63/><V133/><F59/><N who="3" m="35055" /><G105/><T97/><D97/><AGARI ba="0,0" hai="20,21,24,27,28,30,47,48,54,97,98" m="35055" machi="97" ten="30,1000,0" yaku="8,1" doraHai="66" who="3" fromWho="0" sc="160,-10,238,0,282,0,320,10" /><INIT seed="3,0,0,1,5,55" ten="150,238,282,330" oya="3" hai0="110,101,99,42,97,34,76,118,74,56,58,21,66" hai1="9,17,95,89,112,67,52,10,38,121,62,85,70" hai2="94,12,26,96,91,37,129,92,30,120,64,43,3" hai3="71,57,45,27,78,54,124,107,61,79,73,113,41"/><W127/><G113/><T122/><D118/><U108/><E121/><V50/><F3/><W25/><G107/><T131/><D122/><U5/><E112/><V125/><F120/><W90/><G71/><T103/><D34/><U130/><E38/><V29/><F37/><N who="3" m="21679" /><G90/><T80/><D110/><U46/><E130/><V104/><F104/><W24/><G73/><T33/><D33/><U31/><E31/><V119/><F125/><AGARI ba="0,0" hai="24,25,27,54,57,61,78,79,124,125,127" m="21679" machi="125" ten="30,2900,0" yaku="18,1,52,1" doraHai="55" who="3" fromWho="2" sc="150,0,238,0,282,-29,330,29" owari="150,-35.0,238,-16.2,253,5.3,359,45.9" /></mjloggm>