<mjloggm ver="2.3"><GO type="225" lobby="0"/><UN n0="%30%2E%31%32%30" n1="%E6%B8%A9%E2%98%85%E6%83%85%E2%98%85%E6%8E%AA%E2%98%85%E7%BD%AE" n2="%38%63%E3%81%AF%E3%81%A3%E3%81%97%E3%83%BC" n3="%E3%81%86%E3%83%BC%E3%81%B1%E3%83%BC" dan="16,16,16,17" rate="2137.67,2159.02,2105.85,2233.20" sx="M,M,M,F"/><TAIKYOKU oya="0"/><INIT seed="0,0,0,4,2,30" ten="250,250,250,250" oya="0" hai0="11,59,74,10,102,85,35,135,114,112,6,19,91" hai1="98,83,134,64,94,125,29,43,90,5,62,120,132" hai2="70,36,93,105,84,21,77,69,39,12,87,22,76" hai3="71,73,51,40,130,75,7,8,81,116,26,47,124"/><T49/><D74/><U46/><E120/><V50/><F50/><W118/><G71/><T0/><D135/><N who="1" m="51755" /><E125/><V129/><F12/><W18/><G130/><T72/><D72/><U31/><E5/><V92/><REACH who="2" step="1"/><F105/><REACH who="2" ten="250,250,240,250" step="2"/><W110/><G51/><T65/><D49/><N who="1" m="26847" /><E83/><V108/><F108/><W103/><G81/><T56/><D114/><U32/><E32/><V121/><F121/><W109/><G110/><T113/><D113/><U128/><E128/><AGARI ba="0,1" hai="21,22,36,39,69,70,76,77,84,87,92,93,128,129" machi="128" ten="25,3200,0" yaku="1,1,22,2,53,0" doraHai="30" doraHaiUra="61" who="2" fromWho="1" sc="250,0,250,-32,240,42,250,0" /><INIT seed="1,0,0,4,0,9" ten="250,218,282,250" oya="1" hai0="72,4,25,111,48,86,83,103,106,23,10,63,132" hai1="60,22,8,65,91,18,33,76,100,58,49,36,2" hai2="37,7,116,110,135,17,105,0,21,41,125,38,57" hai3="45,123,15,32,117,42,56,68,85,62,16,82,39"/><U59/><E36/><V66/><F105/><W5/><G117/><T20/><D132/><U113/><E113/><V27/><F116/><W55/><G123/><T34/><D111/><U134/><E134/><V40/><F135/><W121/><G32/><T19/><D72/><U64/><E33/><V50/><F110/><W104/><G104/><T130/><D130/><U129/><E129/><V126/><F7/><W131/><G131/><T81/><D34/><U11/><E2/><V74/><F74/><W52/><G68/><T29/><D63/><N who="1" m="38007" /><E100/><V88/><F0/><W97/><G97/><T47/><D103/><U92/><E76/><V94/><F37/><W13/><G5/><T12/><D106/><U115/><E49/><V95/><F95/><W61/><G121/><T26/><REACH who="0" step="1"/><D86/><REACH who="0" ten="240,218,282,250" step="2"/><N who="1" m="52343" /><E115/><V79/><F126/><W102/><G102/><T93/><D93/><U122/><E122/><V46/><F125/><W89/><G62/><T77/><D77/><U107/><E107/><V69/><F79/><W84/><G85/><T6/><D6/><U14/><AGARI ba="0,1" hai="8,11,14,18,22,59,60,65" m="52343,38007" machi="14" ten="30,3000,0" yaku="8,1,52,1" doraHai="9" who="1" fromWho="1" sc="240,-10,218,40,282,-10,250,-10" /><INIT seed="1,1,0,5,0,43" ten="230,258,272,240" oya="1" hai0="42,116,60,74,124,15,17,71,23,50,13,59,130" hai1="28,58,111,101,127,135,107,34,63,54,69,57,3" hai2="25,73,61,86,10,115,118,80,98,94,11,53,106" hai3="112,45,9,96,46,26,8,123,134,104,18,62,31"/><U128/><E128/><V14/><F118/><W93/><G112/><T40/><D116/><U125/><E135/><V72/><F106/><W108/><G104/><T114/><D130/><U29/><E3/><V38/><F38/><W47/><G123/><T35/><D35/><U88/><E69/><V97/><F11/><N who="3" m="4171" /><G108/><T20/><D74/><U0/><E0/><V67/><F25/><W87/><G134/><T105/><D105/><U70/><E70/><V109/><F109/><W51/><G31/><T113/><D71/><U100/><E111/><V89/><F98/><W90/><G62/><T24/><D124/><N who="1" m="47691" /><E34/><V16/><F115/><W6/><G6/><T33/><D33/><U30/><E107/><V56/><REACH who="2" step="1"/><F67/><REACH who="2" ten="230,258,262,240" step="2"/><W32/><G32/><T122/><D122/><U79/><E28/><V75/><F75/><W99/><G51/><T76/><D50/><N who="1" m="30935" /><E29/><V121/><F121/><W131/><G131/><T36/><D36/><U64/><E30/><V27/><F27/><W132/><G132/><T41/><D24/><U92/><E79/><AGARI ba="1,1" hai="10,14,16,53,56,61,72,73,79,80,86,89,94,97" machi="79" ten="30,3900,0" yaku="1,1,7,1,54,1,53,0" doraHai="43" doraHaiUra="66" who="2" fromWho="1" sc="230,0,258,-42,262,52,240,0" /><INIT seed="2,0,0,2,5,112" ten="230,216,314,240" oya="2" hai0="21,64,120,72,50,2,46,101,27,115,60,52,107" hai1="56,116,8,118,3,11,45,69,132,13,75,57,103" hai2="83,122,5,95,117,39,113,33,18,125,114,128,49" hai3="79,94,30,6,110,124,106,99,20,126,44,36,10"/><V25/><F49/><W87/><G106/><T88/><D120/><U135/><E69/><V26/><F83/><N who="3" m="47615" /><G110/><T47/><D72/><U123/><E123/><V16/><F95/><W63/><G63/><T85/><D2/><U51/><E75/><V97/><F97/><W12/><G36/><T62/><D115/><U32/><E32/><V119/><F39/><W37/><G37/><T15/><D15/><U17/><E103/><V22/><F122/><W29/><G20/><T121/><D121/><U53/><E11/><V42/><F42/><W38/><G38/><T111/><D111/><U58/><REACH who="1" step="1"/><E3/><REACH who="1" ten="230,206,314,240" step="2"/><V96/><F33/><W131/><G126/><T43/><D101/><U102/><E102/><V61/><F125/><W23/><G124/><T134/><D107/><U54/><E54/><V127/><F127/><W76/><G131/><T93/><D64/><U28/><E28/><V78/><F128/><W40/><G23/><T86/><D21/><U9/><E9/><V98/><F22/><W81/><G30/><T90/><D134/><AGARI ba="0,1" hai="8,13,17,45,51,53,56,57,58,116,118,132,134,135" machi="134" ten="40,8000,1" yaku="1,1,20,1,52,2,53,1" doraHai="112" doraHaiUra="7" who="1" fromWho="0" sc="230,-80,206,90,314,0,240,0" /><INIT seed="3,0,0,2,5,79" ten="150,296,314,240" oya="3" hai0="34,132,11,100,35,114,27,5,110,130,30,65,116" hai1="99,111,133,54,109,95,55,19,0,47,113,1,2" hai2="122,50,119,134,72,112,51,57,49,68,107,59,25" hai3="75,38,42,56,129,58,115,93,13,12,15,105,104"/><W17/><G115/><T67/><D116/><U32/><E113/><V91/><F112/><W6/><G6/><T87/><D114/><U84/><E133/><V63/><F72/><W61/><G129/><T121/><D121/><U53/><E32/><V131/><F107/><W74/><G17/><T44/><D132/><U39/><E19/><V60/><F119/><W82/><G93/><T78/><D130/><U117/><E84/><V98/><F131/><W48/><G38/><T94/><D110/><N who="1" m="41995" /><E117/><V80/><F134/><W18/><G18/><T40/><D35/><U41/><E55/><V126/><F126/><W23/><G23/><T22/><D34/><U118/><E118/><V7/><F7/><W92/><G92/><T103/><D67/><U120/><E120/><V46/><F46/><W81/><G12/><T24/><D65/><U29/><E29/><V73/><F73/><W101/><G61/><T108/><D108/><U77/><E77/><V52/><F68/><W37/><G37/><T28/><D28/><U85/><E85/><N who="2" m="50599" /><F122/><W8/><G48/><T9/><D24/><U96/><E96/><V69/><F69/><W71/><G71/><T26/><D26/><U125/><E125/><V66/><F25/><W106/><G106/><T20/><D20/><U70/><E70/><V14/><F14/><W127/><G127/><T124/><D124/><U90/><AGARI ba="0,0" hai="0,1,2,39,41,47,53,54,90,95,99" m="41995" machi="90" ten="40,1500,0" yaku="14,1" doraHai="79" who="1" fromWho="1" sc="150,-4,296,15,314,-4,240,-7" owari="146,-35.4,311,41.1,310,11.0,233,-16.7" /></mjloggm>