<mjloggm ver="2.3"><GO type="225" lobby="0"/><UN n0="%E3%82%B4%E3%83%AA%E3%83%91%E3%83%A9" n1="%E6%97%A5%E6%9B%9C%E6%97%A5%E3%82%88%E3%82%8A%E3%81%AE%E4%BD%BF%E8%80%85" n2="%E4%BA%95%E5%B8%AF" n3="%E6%B8%A9%E2%98%85%E6%83%85%E2%98%85%E6%8E%AA%E2%98%85%E7%BD%AE" dan="16,17,16,17" rate="2168.23,2126.21,2052.33,2223.09" sx="M,M,M,M"/><TAIKYOKU oya="0"/><INIT seed="0,0,0,0,2,16" ten="250,250,250,250" oya="0" hai0="96,119,86,34,13,103,65,55,79,49,89,2,117" hai1="107,56,10,40,17,109,24,114,19,90,100,120,88" hai2="91,61,35,87,63,80,23,54,129,20,124,1,7" hai3="11,74,8,81,43,111,67,130,18,28,0,39,76"/><T33/><D2/><U97/><E120/><V115/><F115/><W6/><G111/><T72/><D65/><U26/><E109/><V69/><F35/><W46/><G130/><T29/><D13/><U57/><E40/><V44/><F129/><W5/><G67/><T3/><D3/><U58/><E114/><V41/><F69/><W31/><REACH who="3" step="1"/><G18/><REACH who="3" ten="250,250,250,240" step="2"/><T112/><D112/><U99/><E19/><V77/><F124/><W70/><G70/><T68/><D68/><U128/><E128/><V84/><F7/><W93/><G93/><N who="0" m="54455" /><D119/><U102/><E10/><V51/><F1/><AGARI ba="0,1" hai="0,1,5,6,8,11,28,31,39,43,46,74,76,81" machi="1" ten="30,8000,1" yaku="1,1,7,1,9,1,25,2,53,0" doraHai="16" doraHaiUra="126" who="3" fromWho="2" sc="250,0,250,0,250,-80,240,90" /><INIT seed="1,0,0,0,5,37" ten="250,250,170,330" oya="1" hai0="81,115,44,125,118,102,131,7,16,62,89,91,53" hai1="101,48,127,55,59,112,11,124,1,132,103,79,129" hai2="122,135,18,71,76,22,113,82,8,27,95,32,4" hai3="107,97,109,52,123,93,110,64,120,38,30,14,72"/><U126/><E112/><V88/><F122/><W84/><G38/><T130/><D115/><U46/><E129/><N who="0" m="49161" /><D118/><U80/><E132/><V10/><F113/><W58/><G72/><T24/><D7/><N who="1" m="1519" /><E59/><V133/><F71/><W45/><G30/><T70/><D102/><U128/><E128/><V2/><F10/><W94/><G14/><T21/><D125/><N who="1" m="32003" /><U54/><DORA hai="96" /><E54/><V85/><REACH who="2" step="1"/><F32/><REACH who="2" ten="250,250,160,330" step="2"/><W33/><G33/><T114/><D114/><U98/><E98/><AGARI ba="0,1" hai="2,4,8,18,22,27,76,82,85,88,95,98,133,135" machi="98" ten="40,5200,0" yaku="1,1,2,1,54,1,53,0" doraHai="37,96" doraHaiUra="43,51" who="2" fromWho="1" sc="250,0,250,-52,160,62,330,0" /><INIT seed="2,0,0,2,5,55" ten="250,198,222,330" oya="2" hai0="112,83,113,87,105,13,9,134,18,84,61,14,80" hai1="96,90,7,48,1,47,37,11,123,28,25,122,4" hai2="124,63,50,65,107,128,116,110,49,85,31,45,64" hai3="101,131,70,36,132,23,89,33,125,127,82,126,12"/><V57/><F116/><W109/><G109/><T22/><D105/><U78/><E37/><V60/><F110/><W94/><G132/><T99/><D134/><U95/><E78/><V120/><F120/><W117/><G131/><T121/><D121/><U0/><E7/><V115/><F115/><W58/><G70/><T41/><D41/><U20/><REACH who="1" step="1"/><E0/><REACH who="1" ten="250,188,222,330" step="2"/><V119/><F128/><W16/><G36/><T129/><D129/><U21/><E21/><V24/><F119/><W6/><G23/><T133/><D133/><U40/><AGARI ba="0,1" hai="1,4,11,20,25,28,40,47,48,90,95,96,122,123" machi="40" ten="30,2000,0" yaku="1,1,0,1,53,0" doraHai="55" doraHaiUra="97" who="1" fromWho="1" sc="250,-5,188,30,222,-10,330,-5" /><INIT seed="3,0,0,2,1,91" ten="245,218,212,325" oya="3" hai0="42,79,74,36,11,112,55,56,132,126,103,20,105" hai1="34,117,49,129,116,2,44,16,82,99,1,8,125" hai2="4,93,51,84,110,40,50,43,95,123,106,66,80" hai3="37,120,89,115,90,122,35,131,30,127,98,85,108"/><W100/><G37/><T59/><D126/><U64/><E34/><V130/><F106/><N who="3" m="63767" /><G30/><T45/><D132/><U60/><E82/><V3/><F110/><W67/><G67/><T118/><D118/><N who="1" m="45675" /><E99/><V124/><F124/><W109/><G35/><T75/><D20/><U48/><E129/><V21/><F130/><W128/><G127/><T46/><D46/><U23/><E125/><V133/><F133/><W104/><G90/><T26/><D56/><N who="1" m="36871" /><E8/><V31/><F4/><W101/><G115/><T9/><D11/><U52/><E49/><N who="2" m="18443" /><F66/><W68/><G68/><T69/><D9/><U32/><E32/><V96/><F3/><W6/><G6/><T39/><D69/><U107/><E107/><V27/><F123/><N who="3" m="47147" /><G131/><T119/><D36/><U18/><E18/><V7/><F7/><W24/><G128/><T70/><D119/><U113/><E113/><V73/><F73/><W25/><G104/><T97/><D70/><U41/><E41/><N who="2" m="15947" /><F96/><W17/><G109/><T111/><D111/><U13/><AGARI ba="0,0" hai="1,2,13,16,23,44,48,52" m="36871,45675" machi="13" ten="30,4000,0" yaku="12,1,54,2" doraHai="91" who="1" fromWho="1" sc="245,-10,218,40,212,-10,325,-20" owari="235,-16.5,258,5.8,202,-29.8,305,40.5" /></mjloggm>