<mjloggm ver="2.3"><GO type="225" lobby="0"/><UN n0="%E3%82%BC%E3%83%AB%E3%83%80%E3%81%AE%E4%BC%9D%E8%AA%AC" n1="%E3%81%BF%E3%81%BF%E3%81%9A" n2="%E6%80%AA%E3%81%97%E3%81%99%E3%81%8E%E3%82%8B%E3%83%81%E3%83%BC" n3="%72%69%6F%75%63%68%61%6E" dan="16,17,16,17" rate="2148.29,2200.71,2140.58,2172.04" sx="M,M,M,M"/><TAIKYOKU oya="0"/><INIT seed="0,0,0,0,1,97" ten="250,250,250,250" oya="0" hai0="135,58,118,121,130,60,76,2,102,41,17,3,48" hai1="68,34,50,44,86,93,43,77,98,122,67,73,95" hai2="24,94,63,62,105,74,101,125,80,128,57,5,124" hai3="27,126,59,36,51,54,69,33,70,106,20,79,85"/><T72/><D118/><U110/><E110/><V26/><F105/><W8/><G126/><N who="2" m="48745" /><F128/><W83/><G33/><T56/><D121/><U66/><E122/><V40/><F40/><W25/><G36/><T7/><D130/><U55/><E73/><V120/><F120/><W113/><G113/><T119/><D119/><U89/><E68/><V78/><F5/><W16/><G106/><T100/><D72/><U96/><E34/><V90/><F101/><N who="0" m="39018" /><D76/><U131/><E131/><V13/><F13/><W38/><G38/><T109/><D7/><U18/><E18/><V87/><F63/><W123/><G123/><T47/><D109/><U91/><REACH who="1" step="1"/><E43/><REACH who="1" ten="250,240,250,250" step="2"/><V14/><F14/><W133/><G133/><T12/><D135/><U75/><E75/><V42/><F42/><W15/><REACH who="3" step="1"/><G27/><REACH who="3" ten="250,240,250,240" step="2"/><T99/><D2/><U114/><E114/><V108/><F108/><W21/><G21/><N who="0" m="11431" /><D3/><U1/><E1/><V103/><F24/><W88/><G88/><T39/><D39/><U45/><E45/><V81/><F26/><W11/><G11/><T112/><D112/><U49/><E49/><V65/><F103/><W132/><G132/><T6/><D6/><AGARI ba="0,2" hai="6,8,15,16,20,25,51,54,59,69,70,79,83,85" machi="6" ten="30,3900,0" yaku="1,1,7,1,54,1,53,0" doraHai="97" doraHaiUra="129" who="3" fromWho="0" sc="250,-39,240,0,250,0,240,59" /><INIT seed="1,0,0,4,5,121" ten="211,240,250,299" oya="1" hai0="74,42,35,40,105,116,82,18,71,81,2,57,64" hai1="12,130,29,47,110,84,48,52,32,19,7,115,102" hai2="108,118,38,22,113,107,25,21,14,36,16,128,85" hai3="56,103,66,93,15,104,54,88,34,31,96,62,99"/><U46/><E115/><V51/><F113/><W78/><G78/><T106/><D116/><U63/><E130/><V86/><F107/><W69/><G15/><T114/><D114/><U133/><E133/><V73/><F73/><W17/><G17/><T123/><D123/><U90/><E7/><V120/><F120/><W125/><G125/><T11/><D57/><U94/><E102/><V92/><F118/><W53/><REACH who="3" step="1"/><G56/><REACH who="3" ten="211,240,250,289" step="2"/><T97/><D18/><U23/><E29/><V119/><F14/><W3/><G3/><T4/><D2/><U58/><E32/><V65/><F16/><W9/><G9/><T33/><D11/><U72/><E72/><V95/><F119/><W30/><G30/><T6/><D74/><U98/><E110/><V83/><F108/><W112/><G112/><T126/><D126/><U49/><E84/><V8/><F86/><W75/><G75/><T79/><D79/><U127/><E127/><V134/><F8/><W44/><G44/><AGARI ba="0,1" hai="12,19,23,44,46,47,48,49,52,58,63,90,94,98" machi="44" ten="40,3900,0" yaku="8,1,54,1" doraHai="121" who="1" fromWho="3" sc="211,0,240,49,250,0,289,-39" /><INIT seed="1,1,0,4,2,114" ten="211,289,250,250" oya="1" hai0="34,72,37,20,54,115,88,119,3,132,92,74,69" hai1="63,66,1,33,133,84,18,128,95,107,38,19,40" hai2="83,41,68,65,51,85,44,26,123,124,16,9,24" hai3="58,62,36,87,116,129,71,82,11,91,55,32,76"/><U70/><E1/><V98/><F123/><W99/><G129/><T78/><D115/><U130/><E107/><V48/><F124/><W126/><G126/><T73/><D34/><U21/><E33/><V89/><F68/><W75/><G36/><T0/><D69/><U90/><E133/><V94/><F65/><W43/><G32/><T100/><D132/><U27/><REACH who="1" step="1"/><E18/><REACH who="1" ten="211,279,250,250" step="2"/><V31/><F31/><W15/><G116/><T122/><D122/><U25/><E25/><V93/><F26/><W117/><G117/><T135/><D135/><U101/><E101/><V23/><F9/><W14/><G11/><T131/><D119/><U28/><E28/><V77/><F94/><W8/><G8/><T79/><D131/><U81/><E81/><V64/><F64/><W113/><G113/><T125/><D125/><U110/><E110/><V127/><REACH who="2" step="1"/><F127/><REACH who="2" ten="211,279,240,250" step="2"/><W6/><G14/><T39/><D0/><U29/><E29/><V5/><F5/><W13/><G15/><T108/><D3/><U103/><E103/><V59/><F59/><W105/><G13/><T67/><D108/><U56/><E56/><V57/><F57/><W47/><G6/><T102/><D102/><U10/><E10/><V106/><F106/><W96/><G105/><T45/><D67/><U2/><E2/><V60/><F60/><W97/><G71/><T80/><D100/><U86/><E86/><V12/><F12/><W46/><G87/><N who="0" m="50279" /><D92/><U120/><E120/><V50/><AGARI ba="1,2" hai="16,23,24,41,44,48,50,51,77,83,85,89,93,98" machi="50" ten="20,8000,1" yaku="1,1,0,1,7,1,8,1,54,1,53,0" doraHai="114" doraHaiUra="52" who="2" fromWho="2" sc="211,-21,279,-41,240,103,250,-21" /><INIT seed="2,0,0,3,2,125" ten="190,238,343,229" oya="2" hai0="98,79,116,75,126,25,49,12,11,62,54,133,33" hai1="84,67,60,124,30,76,94,44,59,73,27,15,102" hai2="70,16,127,28,35,87,51,4,92,53,0,106,47" hai3="74,105,1,83,21,19,23,46,48,135,114,93,132"/><V58/><F106/><W52/><G114/><T31/><D133/><N who="3" m="51273" /><G105/><T112/><D112/><U131/><E124/><V71/><F70/><W115/><G1/><T55/><D126/><U22/><E73/><V40/><F71/><W32/><G115/><T97/><D116/><U80/><E131/><V43/><F28/><W129/><G32/><T13/><D75/><U78/><E15/><V109/><F4/><W96/><G129/><T103/><D79/><U61/><E61/><V95/><F35/><W104/><G104/><T91/><D91/><U3/><E3/><V111/><F0/><W100/><G19/><T18/><D103/><U88/><E44/><V69/><F69/><W120/><G120/><T63/><D63/><U117/><E117/><V42/><F127/><W29/><G29/><T123/><D123/><U37/><E37/><V118/><F118/><W8/><G8/><T101/><D101/><U14/><E14/><V82/><F16/><W2/><G2/><T64/><D13/><U57/><E59/><V86/><F58/><W68/><G68/><N who="0" m="42007" /><D49/><U50/><E50/><V110/><F87/><W39/><G39/><T134/><D134/><U36/><E36/><V122/><REACH who="2" step="1"/><F122/><REACH who="2" ten="190,238,333,229" step="2"/><W45/><G45/><T10/><D10/><U107/><E107/><V99/><F99/><AGARI ba="0,1" hai="22,27,30,57,60,67,76,78,80,84,88,94,99,102" machi="99" ten="40,8000,1" yaku="25,2,8,1,54,1" doraHai="125" who="1" fromWho="2" sc="190,0,238,90,333,-80,229,0" /><INIT seed="3,0,0,3,0,104" ten="190,328,253,229" oya="3" hai0="12,124,41,18,47,34,45,25,69,54,81,130,131" hai1="6,37,90,44,0,27,20,132,40,82,103,32,30" hai2="78,129,58,55,121,120,80,94,134,83,126,63,111" hai3="101,96,116,127,36,109,17,56,64,4,42,95,107"/><W19/><G116/><T114/><D69/><U98/><E132/><V22/><F134/><W10/><G127/><T112/><D54/><U51/><E90/><V31/><F126/><W123/><G123/><N who="2" m="47177" /><F111/><W15/><G109/><T46/><D124/><U28/><E82/><V122/><F129/><N who="0" m="49162" /><D41/><U57/><E0/><V65/><F78/><W24/><G107/><T53/><D53/><U106/><E6/><V5/><F5/><W2/><G2/><T67/><D67/><U79/><E79/><V105/><F105/><W70/><G70/><T76/><D25/><U29/><E32/><V92/><F55/><W110/><G110/><T86/><D34/><U60/><E37/><V39/><F39/><W113/><G113/><N who="0" m="43627" /><D12/><U66/><AGARI ba="0,0" hai="20,27,28,29,30,40,44,51,57,60,66,98,103,106" machi="66" ten="20,1500,0" yaku="0,1,7,1" doraHai="104" who="1" fromWho="1" sc="190,-4,328,15,253,-4,229,-7" owari="186,-31.4,343,44.3,249,4.9,222,-17.8" /></mjloggm>