<mjloggm ver="2.3"><GO type="225" lobby="0"/><UN n0="%6D%75%75%6D%75%72%61" n1="%74%61%6B%75%61%6B%61" n2="%41%54%53%4D" n3="%E8%81%B7%E6%A5%AD%E3%80%81%E9%A2%A8%32" dan="16,17,16,16" rate="2164.15,2184.68,2113.07,2095.33" sx="F,M,M,M"/><TAIKYOKU oya="0"/><INIT seed="0,0,0,3,2,74" ten="250,250,250,250" oya="0" hai0="30,60,4,73,64,67,66,14,128,11,27,130,75" hai1="58,8,84,44,104,13,93,36,90,127,108,78,122" hai2="21,43,135,37,63,113,55,114,62,71,92,70,85" hai3="12,129,77,103,79,105,69,102,10,33,34,65,115"/><T61/><D75/><U40/><E122/><V7/><F135/><W3/><G115/><T109/><D73/><U131/><E108/><V1/><F21/><W100/><G3/><T47/><D109/><U126/><E131/><N who="0" m="50217" /><D47/><U18/><E104/><V50/><F92/><W57/><G105/><T119/><D119/><U26/><E58/><V120/><F85/><W24/><G69/><N who="2" m="26121" /><F7/><W41/><G129/><T81/><D81/><U48/><E36/><V94/><F94/><W123/><G123/><T6/><D6/><U107/><E107/><V83/><F83/><W39/><G41/><T95/><D95/><U28/><REACH who="1" step="1"/><E78/><REACH who="1" ten="250,240,250,250" step="2"/><V31/><F120/><W106/><G39/><T42/><D42/><U101/><E101/><V9/><F37/><W23/><G106/><T17/><D4/><U117/><E117/><V111/><F43/><W59/><G57/><T38/><D38/><U68/><E68/><V5/><F111/><W99/><G59/><T124/><D124/><U54/><E54/><V22/><F55/><W125/><G125/><T86/><D86/><U53/><E53/><V82/><F114/><W20/><G79/><T89/><D89/><U56/><E56/><V2/><F113/><W88/><G77/><T110/><D110/><U25/><E25/><V118/><F118/><W133/><G24/><T45/><D45/><U132/><E132/><V121/><F121/><W134/><G133/><T16/><D17/><U29/><E29/><V51/><F31/><W49/><G134/><T96/><D96/><U87/><E87/><V72/><F63/><W52/><G99/><RYUUKYOKU ba="0,1" sc="250,15,240,15,250,-15,250,-15" hai0="11,14,16,27,30,60,61,64,66,67" hai1="8,13,18,26,28,40,44,48,84,90,93,126,127" /><INIT seed="0,1,1,5,0,100" ten="265,255,235,235" oya="0" hai0="35,0,125,3,1,128,48,115,122,90,41,53,95" hai1="121,89,25,101,68,32,42,24,66,20,118,72,104" hai2="127,132,2,55,36,9,16,126,22,116,92,54,31" hai3="27,50,39,7,74,71,58,52,19,124,70,12,4"/><T85/><D115/><U51/><E121/><V87/><F36/><W112/><G39/><T38/><D122/><U93/><E118/><V73/><F73/><W10/><G74/><T67/><D125/><N who="2" m="47626" /><F116/><W26/><G112/><T28/><D128/><U79/><E32/><V65/><F132/><W96/><G124/><T33/><D67/><U117/><E117/><V40/><F40/><W108/><G108/><T30/><D35/><U13/><E42/><V63/><F31/><W11/><G96/><T98/><D33/><U60/><E51/><V43/><F43/><W120/><G120/><T111/><D111/><U29/><E24/><V56/><F9/><W80/><G80/><T81/><D41/><U23/><E13/><N who="2" m="9487" /><F2/><W76/><G76/><T130/><D130/><U75/><E20/><V47/><F47/><W110/><G110/><T78/><REACH who="0" step="1"/><D38/><REACH who="0" ten="255,255,235,235" step="2"/><U107/><E66/><V103/><F65/><W82/><G70/><T59/><AGARI ba="1,2" hai="0,1,3,28,30,48,53,59,78,81,85,90,95,98" machi="59" ten="30,6000,0" yaku="1,1,2,1,0,1,53,0" doraHai="100" doraHaiUra="17" who="0" fromWho="0" sc="255,83,255,-21,235,-21,235,-21" /><INIT seed="0,2,0,0,4,132" ten="338,234,214,214" oya="0" hai0="5,57,80,70,1,12,56,26,95,75,134,45,2" hai1="15,120,19,58,43,124,50,29,82,22,68,30,32" hai2="28,96,94,73,8,16,59,23,42,106,66,97,115" hai3="128,27,18,113,71,6,46,3,88,35,112,131,25"/><T64/><D134/><U10/><E68/><V79/><F115/><W49/><G71/><T74/><D70/><U85/><E32/><V122/><F122/><W7/><G18/><T90/><D45/><N who="1" m="25919" /><E120/><V135/><F135/><W110/><G110/><T24/><D12/><N who="1" m="9575" /><E124/><V33/><F42/><W117/><G117/><T17/><D17/><N who="1" m="8439" /><E58/><V108/><F108/><W4/><G3/><T48/><D57/><U123/><E123/><V103/><F33/><W133/><G35/><T69/><D69/><U38/><E38/><V84/><F8/><W34/><G34/><T126/><D126/><U36/><E36/><V104/><F73/><W60/><G113/><T98/><D75/><U105/><E105/><V0/><F0/><W44/><G112/><T89/><D1/><U109/><E109/><V72/><F72/><W86/><G133/><T78/><D5/><U118/><E118/><V20/><F20/><W130/><G60/><T99/><D2/><U91/><AGARI ba="2,0" hai="29,30,82,85,91" m="8439,9575,25919" machi="91" ten="30,1100,0" yaku="8,1" doraHai="132" who="1" fromWho="1" sc="338,-7,234,17,214,-5,214,-5" /><INIT seed="1,0,0,1,4,132" ten="331,251,209,209" oya="1" hai0="44,61,102,124,22,85,99,65,135,53,97,109,42" hai1="95,103,77,134,86,100,71,126,35,37,113,55,15" hai2="92,110,66,52,127,104,6,31,69,79,41,64,112" hai3="117,5,10,120,67,59,3,116,51,90,17,45,75"/><U49/><E37/><V89/><F104/><W12/><G75/><T9/><D109/><U21/><E113/><V87/><F110/><W27/><G120/><T25/><D135/><U76/><E35/><V122/><F122/><W18/><G27/><T11/><D124/><U72/><E71/><V4/><F112/><W62/><G90/><T78/><D53/><U7/><E72/><V28/><F127/><W38/><G38/><T16/><D78/><N who="1" m="30315" /><E134/><V60/><F41/><W93/><G93/><T20/><D85/><U56/><E126/><V105/><F105/><W98/><G98/><T14/><D42/><U106/><E106/><V81/><F66/><W19/><REACH who="3" step="1"/><G3/><REACH who="3" ten="331,251,209,199" step="2"/><T80/><D99/><U43/><E95/><V2/><F2/><W118/><G118/><T33/><D97/><U48/><E86/><V1/><F1/><W121/><G121/><T131/><D102/><U129/><E103/><V119/><F119/><W57/><G57/><T123/><D123/><U63/><E100/><V40/><F31/><W24/><G24/><T30/><D25/><U58/><E58/><V47/><F28/><W73/><G73/><T0/><D30/><U114/><E56/><V96/><REACH who="2" step="1"/><F52/><AGARI ba="0,1" hai="5,10,12,17,18,19,45,51,52,59,62,67,116,117" machi="52" ten="40,2600,0" yaku="1,1,54,1,53,0" doraHai="132" doraHaiUra="111" who="3" fromWho="2" sc="331,0,251,0,209,-26,199,36" /><INIT seed="2,0,0,0,5,33" ten="331,251,183,235" oya="2" hai0="6,16,64,26,22,20,73,30,31,91,61,17,51" hai1="99,84,110,14,118,68,102,1,127,10,62,134,128" hai2="123,40,67,101,77,50,97,100,56,54,44,32,55" hai3="119,107,4,106,104,39,57,46,70,89,8,129,93"/><V120/><F32/><W131/><G70/><T88/><D73/><U115/><E84/><V28/><F28/><N who="0" m="10794" /><D51/><U19/><E99/><V63/><F77/><W12/><G119/><T69/><D6/><U87/><E87/><V108/><F108/><W81/><G81/><T109/><D69/><U27/><E102/><V114/><F114/><W25/><G25/><N who="0" m="14471" /><D109/><U74/><E27/><V79/><F79/><W0/><G57/><T42/><D42/><U41/><E41/><V21/><F21/><W72/><G72/><T113/><D113/><U65/><E74/><V59/><F101/><W13/><G46/><T90/><D61/><U92/><E110/><V111/><F111/><W85/><REACH who="3" step="1"/><G39/><REACH who="3" ten="331,251,183,225" step="2"/><T38/><D38/><U98/><E118/><V11/><F67/><AGARI ba="0,1" hai="17,22,26,64,67,88,90,91" m="14471,10794" machi="67" ten="30,3900,0" yaku="8,1,54,2" doraHai="33" who="0" fromWho="2" sc="331,49,251,0,183,-39,225,0" /><INIT seed="3,0,0,5,2,53" ten="380,251,144,225" oya="3" hai0="61,130,101,133,13,38,70,16,15,32,3,11,18" hai1="102,82,108,41,50,114,97,119,37,100,128,36,124" hai2="125,40,14,39,112,68,135,93,28,9,92,23,95" hai3="10,54,59,34,47,5,134,91,72,0,57,56,65"/><W86/><G72/><T89/><D38/><U78/><E114/><V109/><F68/><W120/><G120/><T4/><D32/><U66/><E108/><V55/><F112/><W24/><G134/><T105/><D130/><U73/><E124/><V98/><F125/><W115/><G115/><T62/><D70/><U113/><E113/><V80/><F135/><W19/><G65/><T83/><D133/><U127/><E127/><V33/><F109/><W49/><G34/><T30/><D30/><U25/><E128/><V67/><F67/><W7/><G24/><T94/><D105/><U75/><E75/><V42/><F39/><W52/><G7/><T117/><D3/><U2/><E2/><V106/><F33/><W71/><G71/><T20/><D117/><U51/><E66/><V69/><F69/><W129/><G19/><T27/><D83/><U44/><E119/><V131/><F131/><W1/><G129/><T77/><D77/><U122/><E122/><V63/><F80/><W29/><G29/><T12/><D101/><U111/><E111/><V81/><F81/><W85/><G1/><T104/><D104/><U123/><E123/><V76/><F76/><W84/><REACH who="3" step="1"/><G91/><REACH who="3" ten="380,251,144,215" step="2"/><T88/><D89/><U107/><E25/><V6/><F28/><W8/><G8/><N who="0" m="6151" /><D27/><U96/><E36/><V90/><F23/><W103/><G103/><T64/><D64/><U21/><E21/><V22/><F22/><W45/><G45/><T48/><D4/><U121/><REACH who="1" step="1"/><E121/><REACH who="1" ten="380,241,144,215" step="2"/><V132/><F132/><W116/><G116/><T46/><D20/><U110/><E110/><RYUUKYOKU ba="0,2" sc="380,-15,241,15,144,-15,215,15" hai1="37,41,44,50,51,73,78,82,96,97,100,102,107" hai3="0,5,10,47,49,52,54,56,57,59,84,85,86" /><INIT seed="3,1,2,2,3,83" ten="365,256,129,230" oya="3" hai0="114,17,99,3,30,126,89,39,87,120,27,117,103" hai1="47,88,38,65,71,68,34,19,24,32,21,41,109" hai2="135,101,113,46,59,124,60,90,50,64,110,81,58" hai3="28,75,18,45,82,74,131,127,104,2,42,48,23"/><W123/><G123/><T22/><D120/><U72/><E72/><V26/><F113/><W77/><G2/><T79/><D117/><U57/><E109/><V4/><F110/><W98/><G127/><T78/><D3/><U37/><E37/><V121/><F124/><W25/><G131/><T9/><D39/><U69/><E65/><V1/><F121/><W5/><G5/><T49/><D126/><U51/><E57/><V31/><F135/><W16/><REACH who="3" step="1"/><G75/><REACH who="3" ten="365,256,129,220" step="2"/><T105/><D114/><U95/><REACH who="1" step="1"/><E38/><REACH who="1" ten="365,246,129,220" step="2"/><V129/><F129/><W85/><G85/><AGARI ba="1,4" hai="19,21,24,32,34,41,47,51,68,69,71,85,88,95" machi="85" ten="40,8000,1" yaku="1,1,2,1,52,1,54,1,53,0" doraHai="83" doraHaiUra="33" who="1" fromWho="3" sc="365,0,246,123,129,0,220,-83" owari="365,16.5,369,46.9,129,-37.1,137,-26.3" /></mjloggm>