<mjloggm ver="2.3"><GO type="225" lobby="0"/><UN n0="%4D%6F%6E%61%6E%61" n1="%E3%80%93%E3%81%97%E3%83%BC%E3%82%89%E3%80%93" n2="%72%69%6F%75%63%68%61%6E" n3="%E3%81%BF%E3%81%BF%E3%81%9A" dan="16,16,16,18" rate="2135.47,2161.15,2178.37,2228.86" sx="F,M,M,M"/><TAIKYOKU oya="0"/><INIT seed="0,0,0,4,1,49" ten="250,250,250,250" oya="0" hai0="132,93,78,34,70,9,33,103,108,14,1,95,43" hai1="118,63,122,83,101,85,60,42,36,102,50,67,0" hai2="88,80,28,90,111,58,129,66,12,114,22,73,105" hai3="18,116,110,15,47,44,87,128,19,97,65,84,3"/><T79/><D1/><U32/><E32/><V99/><F114/><W104/><G3/><T91/><D70/><U57/><E0/><V52/><F111/><W96/><G116/><T29/><D132/><U11/><E118/><V123/><F123/><W10/><G110/><T51/><D34/><U61/><E122/><V130/><F66/><W76/><G128/><N who="2" m="49257" /><F73/><W124/><G124/><T4/><D108/><U13/><E36/><V71/><F71/><W125/><G125/><T5/><D33/><U86/><E86/><N who="3" m="32810" /><G104/><T77/><D29/><U127/><E127/><V20/><F80/><W21/><G65/><T74/><D74/><U133/><E133/><V109/><F109/><W45/><G76/><T131/><D131/><U24/><E24/><AGARI ba="0,0" hai="10,15,18,19,21,24,44,45,47,96,97" m="32810" machi="24" ten="30,1000,0" yaku="8,1" doraHai="49" who="3" fromWho="1" sc="250,0,250,-10,250,0,250,10" /><INIT seed="1,0,0,1,4,94" ten="250,240,250,260" oya="1" hai0="114,19,102,13,27,76,1,3,112,121,95,106,44" hai1="65,23,99,7,96,127,5,131,68,9,130,67,91" hai2="103,73,54,123,90,30,15,52,51,64,115,10,128" hai3="40,56,55,75,84,28,0,59,126,98,22,47,60"/><U92/><E127/><V20/><F123/><W83/><G75/><T26/><D121/><U8/><E23/><V2/><F73/><W42/><G126/><T6/><D106/><U33/><E33/><V50/><F128/><N who="1" m="49193" /><E68/><V110/><F110/><W58/><G0/><T74/><D74/><U4/><E99/><V70/><F115/><W82/><G98/><T31/><D76/><U57/><E57/><N who="3" m="22122" /><G47/><T135/><D135/><U79/><E79/><V81/><F103/><W29/><G83/><T109/><D109/><U17/><E17/><V89/><F2/><W45/><G45/><T124/><D124/><U72/><E72/><V132/><F132/><W34/><G34/><T53/><D112/><U25/><E25/><N who="2" m="16679" /><F64/><AGARI ba="0,0" hai="4,5,7,8,9,64,65,67,91,92,96" m="49193" machi="64" ten="30,2900,0" yaku="19,1,52,1" doraHai="94" who="1" fromWho="2" sc="250,0,240,29,250,-29,260,0" /><INIT seed="1,1,0,4,5,116" ten="250,269,221,260" oya="1" hai0="38,81,62,37,69,94,68,124,100,95,14,112,24" hai1="23,36,18,118,65,49,134,50,21,53,64,102,42" hai2="4,52,15,39,61,83,104,46,3,59,84,109,48" hai3="74,47,34,10,54,30,115,6,89,123,88,66,133"/><U92/><E36/><V29/><F109/><W125/><G115/><T44/><D112/><U76/><E118/><V27/><F104/><W51/><G123/><T57/><D124/><U113/><E113/><V129/><F129/><W7/><G74/><T32/><D81/><U8/><E8/><V108/><F108/><W114/><G114/><T13/><D44/><N who="1" m="25751" /><E76/><V72/><F72/><W56/><G125/><T33/><D57/><N who="1" m="32951" /><E134/><V45/><F3/><W71/><G133/><T121/><D62/><U55/><E55/><V19/><F4/><W17/><G30/><T82/><D82/><U85/><E23/><N who="2" m="15615" /><F39/><W31/><G34/><T117/><D117/><U77/><E77/><N who="2" m="46191" /><F61/><N who="3" m="38183" /><G71/><T41/><D41/><U131/><E131/><V110/><F110/><W0/><G0/><T22/><D22/><AGARI ba="1,0" hai="15,19,22,45,46,48,52,59" m="46191,15615" machi="22" ten="30,2000,0" yaku="8,1,54,1" doraHai="116" who="2" fromWho="0" sc="250,-23,269,0,221,23,260,0" /><INIT seed="2,0,0,1,1,25" ten="227,269,244,260" oya="2" hai0="19,86,70,34,55,120,132,109,30,54,27,33,103" hai1="106,39,8,134,97,131,89,7,116,101,24,28,11" hai2="100,105,83,36,1,122,44,48,13,31,90,79,77" hai3="91,85,0,15,108,16,123,21,113,2,127,45,12"/><V92/><F122/><W32/><G123/><T82/><D120/><U60/><E39/><V47/><F1/><W59/><G108/><T66/><D109/><U80/><E116/><V114/><F114/><W124/><G32/><T104/><D132/><U129/><E134/><V128/><F128/><N who="1" m="49225" /><E60/><V73/><F77/><W112/><G59/><T29/><D19/><U56/><E56/><V135/><F135/><W88/><G45/><T95/><D95/><U53/><E53/><V69/><F69/><W81/><G12/><T18/><D18/><U3/><E11/><V35/><F36/><W68/><G91/><T72/><D72/><U41/><E41/><V6/><F48/><W63/><G63/><N who="0" m="40287" /><D86/><N who="1" m="50375" /><E24/><N who="2" m="18919" /><F6/><W74/><G74/><T42/><D42/><U76/><E76/><V117/><F13/><W96/><G68/><T9/><D9/><U125/><E125/><N who="3" m="48202" /><G96/><N who="0" m="61543" /><D82/><U57/><E57/><V111/><F111/><W58/><G58/><T93/><D93/><U107/><E106/><V67/><F117/><W87/><G87/><T50/><D50/><U102/><E102/><V119/><F67/><W51/><G51/><T94/><D94/><U43/><E43/><V14/><F119/><W10/><G10/><T61/><D61/><U126/><E126/><V37/><F37/><W75/><G75/><T118/><D118/><U99/><E99/><N who="2" m="61599" /><F14/><W20/><G21/><T130/><D130/><U23/><E23/><V40/><F40/><W52/><G52/><T4/><D4/><U98/><E98/><V17/><F17/><W84/><G85/><AGARI ba="0,0" hai="44,47,73,79,83,85,90,92" m="61599,18919" machi="85" ten="30,2900,0" yaku="24,1,52,1" doraHai="25" who="2" fromWho="3" sc="227,0,269,0,244,29,260,-29" /><INIT seed="2,1,0,0,0,96" ten="227,269,273,231" oya="2" hai0="111,86,69,17,66,85,40,19,46,103,82,91,129" hai1="72,122,44,7,65,53,94,123,37,22,67,79,12" hai2="63,90,113,31,88,34,102,21,45,80,125,2,98" hai3="114,47,92,130,5,89,10,51,54,9,118,27,78"/><V124/><F113/><W116/><G114/><T104/><D111/><U81/><E94/><V55/><F34/><W117/><G130/><T28/><D129/><U42/><E53/><V58/><F2/><W41/><G78/><T71/><D28/><U52/><E52/><N who="2" m="34247" /><F80/><W8/><G27/><T36/><D85/><U77/><E77/><V70/><F70/><W48/><G5/><T101/><D104/><U32/><E32/><V132/><F132/><W74/><G74/><T1/><D1/><U26/><E12/><V120/><F120/><N who="1" m="46121" /><E7/><V105/><F45/><W57/><REACH who="3" step="1"/><G117/><REACH who="3" ten="227,269,273,221" step="2"/><T115/><D115/><U99/><E79/><V107/><F107/><W11/><N who="3" m="2048" /><DORA hai="95" /><W68/><G68/><T23/><D69/><U24/><E72/><V97/><F105/><W110/><G110/><T73/><D73/><U121/><E26/><N who="2" m="16847" /><F125/><W0/><G0/><T25/><REACH who="0" step="1"/><D19/><REACH who="0" ten="217,269,273,221" step="2"/><U93/><E121/><V83/><F124/><W15/><G15/><T14/><D14/><U87/><E24/><V43/><F98/><AGARI ba="1,2" hai="41,47,48,51,54,57,89,92,98,116,118" m="2048" machi="98" ten="50,3200,0" yaku="1,1,52,1,53,0" doraHai="96,95" doraHaiUra="60,13" who="3" fromWho="2" sc="217,0,269,0,273,-35,221,55" /><INIT seed="3,0,0,4,0,51" ten="217,269,238,276" oya="3" hai0="48,130,133,118,98,101,2,14,9,64,94,104,87" hai1="57,7,61,120,78,108,81,135,66,85,46,55,67" hai2="124,45,109,97,38,56,121,13,26,35,113,107,50" hai3="79,36,25,95,21,39,89,27,37,52,11,69,80"/><W126/><G69/><T28/><D118/><U43/><E120/><V114/><F121/><W91/><G126/><T70/><D130/><U96/><E108/><V34/><F109/><W16/><G11/><T92/><D133/><U76/><E135/><V42/><F124/><W84/><G52/><T73/><D73/><U122/><E122/><V132/><F132/><W3/><G3/><T63/><D2/><U22/><E78/><V6/><F6/><W65/><G65/><T31/><D48/><N who="1" m="26719" /><E7/><V72/><F72/><W41/><G41/><T111/><D111/><U20/><E96/><V53/><F13/><W68/><G68/><T4/><REACH who="0" step="1"/><D87/><REACH who="0" ten="207,269,238,276" step="2"/><U128/><E128/><V102/><REACH who="2" step="1"/><F26/><REACH who="2" ten="207,269,228,276" step="2"/><W44/><G27/><T32/><D32/><AGARI ba="0,2" hai="32,34,35,38,42,45,50,53,56,97,102,107,113,114" machi="32" ten="40,5200,0" yaku="1,1,2,1,52,1,53,0" doraHai="51" doraHaiUra="0" who="2" fromWho="0" sc="207,-52,269,0,228,72,276,0" owari="155,-34.5,269,-13.1,300,40.0,276,7.6" /></mjloggm>