<mjloggm ver="2.3"><GO type="225" lobby="0"/><UN n0="%E5%B6%BA%E4%B8%8A%E5%92%B2" n1="%E5%8F%AF%E5%85%90%E9%82%A3%E7%94%B1%E5%A4%9A" n2="%E3%82%BC%E3%83%AB%E3%83%80%E3%81%AE%E4%BC%9D%E8%AA%AC" n3="%72%69%6F%75%63%68%61%6E" dan="16,17,17,17" rate="2085.97,2238.95,2208.93,2234.88" sx="F,F,M,M"/><TAIKYOKU oya="0"/><INIT seed="0,0,0,2,0,114" ten="250,250,250,250" oya="0" hai0="118,6,14,97,9,7,95,58,17,10,113,41,20" hai1="116,130,42,129,33,45,94,39,80,131,18,23,11" hai2="63,83,12,117,100,68,65,54,34,75,66,103,108" hai3="98,71,38,82,105,21,48,104,90,127,87,25,134"/><T102/><D113/><U36/><E33/><V72/><F108/><W2/><G38/><T0/><D41/><U88/><E11/><V115/><F115/><W93/><G127/><T84/><D118/><U61/><E80/><V125/><F34/><W19/><G134/><T92/><D58/><U35/><E35/><V51/><F125/><W74/><G71/><T30/><D30/><U110/><E110/><V49/><F12/><W119/><G119/><T112/><D112/><U28/><E28/><V78/><F117/><W132/><G132/><T122/><D122/><U47/><E116/><V31/><F31/><W55/><G2/><T91/><D0/><U86/><E61/><V44/><F75/><W32/><G74/><T96/><D96/><U111/><E111/><V123/><F123/><W27/><G32/><T77/><D77/><U99/><E99/><V43/><REACH who="2" step="1"/><F65/><REACH who="2" ten="250,250,240,250" step="2"/><W85/><G25/><T8/><AGARI ba="0,1" hai="6,7,8,9,10,14,17,20,84,91,92,95,97,102" machi="8" ten="30,3000,0" yaku="0,1,8,1" doraHai="114" who="0" fromWho="0" sc="250,40,250,-10,240,-10,250,-10" /><INIT seed="0,1,0,4,5,118" ten="290,240,230,240" oya="0" hai0="129,15,100,70,55,17,66,41,6,102,1,26,27" hai1="89,56,91,103,50,90,40,73,109,68,72,112,116" hai2="78,39,81,8,107,94,86,64,126,65,57,117,30" hai3="21,14,131,113,62,47,10,119,132,85,108,105,114"/><T83/><D129/><U34/><E68/><V74/><F107/><W79/><G119/><T67/><D70/><U88/><E116/><V52/><F117/><W42/><G105/><T97/><D1/><U9/><E34/><V99/><F126/><W84/><G131/><T32/><D32/><U37/><E109/><V134/><F134/><W77/><G108/><T123/><D123/><U0/><E112/><V59/><F39/><W31/><G132/><T4/><D41/><U121/><E121/><V18/><F74/><W96/><G96/><T125/><D125/><U7/><E103/><N who="0" m="39465" /><D97/><U104/><E104/><V71/><F71/><W20/><G62/><T2/><D2/><U5/><E5/><N who="0" m="2153" /><D83/><U111/><E111/><V46/><F30/><W115/><G85/><T122/><D122/><U29/><E29/><V69/><F69/><W44/><G31/><T92/><D92/><U128/><E128/><V130/><F130/><W13/><G84/><T75/><D55/><U106/><E106/><V60/><F94/><W98/><G98/><T24/><D75/><U101/><E101/><V95/><F95/><W82/><G82/><T58/><D58/><N who="2" m="22026" /><F99/><W16/><G42/><T124/><D124/><U120/><N who="1" m="22528" /><DORA hai="80" /><U38/><E120/><V63/><F65/><N who="0" m="24586" /><D15/><U33/><E33/><V12/><F64/><W43/><G13/><T23/><AGARI ba="1,0" hai="17,23,24,26,27" m="24586,2153,39465" machi="23" ten="30,1500,0" yaku="8,1" doraHai="118,80" who="0" fromWho="0" sc="290,18,240,-6,230,-6,240,-6" /><INIT seed="0,2,0,1,1,108" ten="308,234,224,234" oya="0" hai0="69,18,81,27,39,97,131,93,51,102,106,37,41" hai1="74,135,85,60,104,105,77,33,98,66,48,68,25" hai2="0,44,119,128,88,64,117,6,87,63,95,112,36" hai3="72,31,83,14,2,22,34,35,47,111,92,103,58"/><T86/><D69/><U118/><E118/><N who="2" m="45067" /><F128/><W12/><G111/><T28/><D131/><U30/><E135/><V80/><F112/><W20/><G2/><T84/><D106/><U90/><E48/><V96/><F0/><W126/><G126/><T71/><D71/><U132/><E132/><V65/><F6/><W26/><G47/><N who="0" m="26095" /><D39/><U129/><E129/><V107/><F107/><W17/><G12/><T124/><D37/><U19/><E19/><V23/><F23/><W113/><G113/><T42/><D42/><U70/><E70/><N who="2" m="42271" /><F65/><W134/><G134/><T114/><D114/><U82/><REACH who="1" step="1"/><E98/><REACH who="1" ten="308,224,224,234" step="2"/><V49/><F36/><W15/><G17/><T40/><D124/><U94/><AGARI ba="2,1" hai="25,30,33,60,66,68,74,77,82,85,90,94,104,105" machi="94" ten="20,5200,0" yaku="1,1,2,1,0,1,7,1,53,0" doraHai="108" doraHaiUra="9" who="1" fromWho="1" sc="308,-28,224,68,224,-15,234,-15" /><INIT seed="1,0,0,4,4,78" ten="280,292,209,219" oya="1" hai0="95,129,93,114,116,60,23,102,91,89,109,34,21" hai1="97,12,103,61,52,68,42,65,126,36,40,25,44" hai2="130,115,28,108,98,128,132,10,53,22,123,48,96" hai3="55,46,121,27,35,80,13,41,107,49,88,71,124"/><U16/><E126/><V50/><F123/><W72/><G121/><T87/><D114/><U24/><E42/><V133/><F10/><W1/><G1/><T2/><D116/><U15/><E15/><V120/><F120/><W135/><G107/><T113/><D34/><U69/><E69/><V84/><F108/><W54/><G71/><T74/><D113/><U30/><E30/><V86/><F115/><W32/><G124/><T45/><D74/><U73/><E73/><V31/><F53/><W8/><G135/><T81/><D2/><U7/><E7/><V47/><F47/><W134/><G134/><T125/><D109/><U90/><E90/><V59/><F59/><W119/><G119/><T38/><D129/><U0/><E0/><V67/><REACH who="2" step="1"/><F22/><REACH who="2" ten="280,292,199,219" step="2"/><W62/><G32/><T110/><D125/><U83/><E52/><V11/><F11/><W100/><G35/><T118/><D110/><U70/><E70/><V33/><F33/><W77/><G54/><T127/><D127/><U94/><REACH who="1" step="1"/><E83/><REACH who="1" ten="280,282,199,219" step="2"/><V79/><F79/><W14/><G55/><T51/><D118/><U29/><E29/><V106/><F106/><W101/><G77/><T131/><D81/><U37/><E37/><V112/><F112/><W82/><G80/><T4/><D38/><U122/><E122/><V75/><F75/><W5/><G72/><T19/><D4/><U76/><E76/><V117/><F117/><W9/><G82/><T63/><D131/><U111/><E111/><V56/><F56/><W99/><G5/><T17/><D23/><AGARI ba="0,2" hai="12,16,23,24,25,36,40,44,61,65,68,94,97,103" machi="23" ten="30,11600,0" yaku="1,1,7,1,54,1,53,1" doraHai="78" doraHaiUra="66" who="1" fromWho="0" sc="280,-116,282,136,199,0,219,0" /><INIT seed="1,1,0,5,0,119" ten="164,418,199,219" oya="1" hai0="36,2,3,99,80,134,44,73,81,83,6,104,40" hai1="115,61,48,76,107,96,50,97,85,109,123,16,17" hai2="27,22,8,5,114,90,108,9,105,51,68,11,42" hai3="125,78,38,47,127,110,41,46,133,118,28,65,98"/><U7/><E115/><V26/><F68/><W18/><G110/><T62/><D134/><U12/><E123/><V89/><F105/><W57/><G133/><T37/><D81/><U106/><E109/><V70/><F70/><W10/><G118/><T132/><D80/><U131/><E131/><V31/><F108/><W60/><G28/><T93/><D93/><U55/><E61/><V25/><F114/><W43/><G78/><N who="0" m="44495" /><D132/><U88/><E76/><V75/><F75/><W54/><G98/><N who="1" m="37994" /><E107/><V58/><F5/><W100/><G100/><N who="0" m="62495" /><D62/><U122/><E106/><V15/><F31/><W101/><G101/><T113/><D113/><U71/><E71/><V49/><F58/><N who="3" m="37015" /><G10/><N who="0" m="2391" /><D37/><U117/><E117/><V69/><F69/><W56/><G18/><T128/><D128/><U77/><E77/><V94/><F94/><W129/><G129/><T52/><D52/><U87/><E87/><V29/><F29/><W19/><G19/><T0/><AGARI ba="1,0" hai="0,3,36,40,44" m="2391,62495,44495" machi="0" ten="30,4000,0" yaku="25,1,33,2" doraHai="119" who="0" fromWho="0" sc="164,43,418,-21,199,-11,219,-11" /><INIT seed="2,0,0,5,5,21" ten="207,397,188,208" oya="2" hai0="58,53,9,121,31,119,60,90,74,84,14,65,29" hai1="63,76,7,10,25,64,116,104,61,0,91,13,48" hai2="124,5,81,22,80,114,93,33,15,113,87,126,46" hai3="40,45,36,128,89,102,86,129,34,1,82,94,32"/><V88/><F33/><W49/><G1/><T69/><D74/><U68/><E116/><V105/><F46/><N who="3" m="23815" /><G102/><T3/><D121/><U24/><E104/><V67/><F67/><W101/><G101/><T19/><D3/><U6/><E76/><V28/><F105/><W122/><G94/><N who="0" m="54599" /><D69/><U70/><E48/><V39/><F39/><W77/><G89/><T50/><D119/><U111/><E111/><V130/><F130/><N who="3" m="50283" /><G122/><T95/><D95/><U75/><E75/><V47/><F47/><W133/><G133/><T115/><D115/><N who="2" m="44042" /><F5/><W66/><G66/><T43/><D65/><U106/><E106/><V41/><F41/><AGARI ba="0,0" hai="32,34,41,45,49,77,82,86" m="50283,23815" machi="41" ten="30,1000,0" yaku="19,1" doraHai="21" who="3" fromWho="2" sc="207,0,397,0,188,-10,208,10" /><INIT seed="3,0,0,5,5,88" ten="207,397,178,218" oya="3" hai0="122,65,77,127,97,23,116,71,96,102,133,66,82" hai1="16,120,52,93,123,26,132,38,32,109,37,99,130" hai2="89,67,59,90,14,18,10,17,95,3,5,101,1" hai3="129,13,117,113,58,128,7,11,46,76,4,111,98"/><W70/><G113/><T112/><D116/><U47/><E109/><V119/><F119/><W57/><G117/><T68/><D122/><U64/><E130/><N who="3" m="50282" /><G70/><T20/><D133/><U72/><E72/><V51/><F1/><W108/><G76/><T21/><D127/><U39/><E64/><N who="0" m="24681" /><D71/><U114/><E114/><V131/><F131/><W121/><G121/><T125/><D68/><U100/><E132/><V60/><F51/><W105/><G4/><T49/><D112/><U22/><E32/><V79/><F79/><W28/><G28/><T30/><D125/><U36/><E36/><V118/><F118/><W6/><G6/><T9/><D9/><U40/><E38/><V110/><F110/><N who="3" m="42027" /><G46/><T15/><D30/><U107/><E123/><V135/><F135/><W75/><G75/><T94/><D97/><U24/><E120/><V69/><F69/><W19/><G7/><T92/><D49/><U103/><E39/><V44/><F44/><W55/><G55/><T84/><D94/><U35/><E52/><V56/><F56/><N who="3" m="21611" /><G98/><T134/><D134/><U106/><E47/><V48/><F48/><W41/><G105/><T53/><D53/><U115/><E115/><V0/><F0/><W43/><AGARI ba="0,0" hai="11,13,19,41,43" m="21611,42027,50282" machi="43" ten="40,7800,0" yaku="19,1,14,1,10,1" doraHai="88" who="3" fromWho="3" sc="207,-26,397,-26,178,-26,218,78" /><INIT seed="3,1,0,0,3,91" ten="181,371,152,296" oya="3" hai0="73,24,95,115,10,92,99,113,20,97,83,109,88" hai1="5,85,105,28,17,79,126,30,53,22,96,9,52" hai2="74,86,46,4,80,104,110,120,35,116,34,87,47" hai3="13,66,63,55,98,19,8,84,42,81,58,62,75"/><W6/><G75/><T106/><D10/><U43/><E126/><V82/><F74/><W0/><G42/><T131/><D109/><U57/><E43/><V124/><F4/><W78/><G98/><T31/><D131/><U21/><E105/><V90/><F104/><W118/><G118/><T7/><D106/><U76/><E96/><V38/><F124/><W107/><G107/><T68/><D68/><U127/><E127/><V70/><F70/><W45/><G45/><T125/><D7/><U67/><E67/><V37/><F90/><W16/><REACH who="3" step="1"/><G0/><REACH who="3" ten="181,371,152,286" step="2"/><T51/><D125/><U117/><E117/><V119/><REACH who="2" step="1"/><F110/><REACH who="2" ten="181,371,142,286" step="2"/><W123/><G123/><AGARI ba="1,2" hai="34,35,37,38,46,47,80,82,86,87,116,119,120,123" machi="123" ten="25,12000,2" yaku="1,1,2,1,22,2,53,2" doraHai="91" doraHaiUra="40" who="2" fromWho="3" sc="181,0,371,0,142,143,286,-123" owari="181,-21.9,371,47.1,285,8.5,163,-33.7" /></mjloggm>