<mjloggm ver="2.3"><GO type="225" lobby="0"/><UN n0="%E3%83%81%E3%83%83%E3%82%BF%E3%82%BD%E3%83%BC" n1="%E3%80%90%E3%83%88%E3%83%AA%E3%83%A5%E3%83%95%E3%80%91" n2="%E3%81%8B%E3%82%8F%E3%81%A1%E3%82%83%E3%82%93%35%38" n3="%E7%AB%8B%E8%8A%B1%E9%9F%BF" dan="17,16,16,17" rate="2159.46,2061.97,2144.81,2158.44" sx="F,M,M,F"/><TAIKYOKU oya="0"/><INIT seed="0,0,0,0,4,96" ten="250,250,250,250" oya="0" hai0="1,62,100,128,105,35,19,26,5,45,133,135,66" hai1="106,12,41,33,98,14,117,122,13,57,86,104,113" hai2="3,92,88,116,48,115,4,120,6,7,18,83,61" hai3="107,55,30,53,0,29,51,69,49,39,126,64,90"/><T89/><D128/><U28/><E117/><V54/><F115/><W60/><G39/><T132/><D45/><U94/><E122/><V2/><F120/><W71/><G0/><T75/><D75/><U9/><E113/><V56/><F116/><W127/><G107/><T119/><D119/><U99/><E41/><V84/><F18/><W11/><G11/><N who="0" m="2479" /><D89/><U79/><E57/><V109/><F109/><W47/><G90/><T82/><D82/><U43/><E43/><V21/><F21/><W70/><G30/><N who="0" m="19927" /><D19/><U123/><E123/><V112/><F112/><W42/><G29/><T78/><D78/><U63/><E63/><V10/><F2/><W15/><G42/><T22/><D22/><U68/><E68/><V130/><F130/><W50/><G15/><T37/><D37/><U16/><E28/><V121/><F121/><W97/><G97/><N who="0" m="61583" /><D62/><U72/><E33/><V102/><F102/><W101/><G101/><T87/><D66/><U65/><E65/><V76/><REACH who="2" step="1"/><F61/><REACH who="2" ten="250,250,240,250" step="2"/><W131/><G131/><T118/><D118/><U46/><E106/><V40/><F40/><W77/><G77/><T23/><D23/><U108/><E108/><V27/><F27/><W24/><G24/><T17/><D17/><U129/><E129/><V67/><F67/><W31/><G31/><T8/><D8/><U59/><E104/><V58/><F58/><N who="3" m="36887" /><G47/><T111/><D111/><U32/><E46/><V44/><F44/><W95/><G95/><T110/><D110/><U91/><E94/><V20/><F20/><W52/><AGARI ba="0,1" hai="49,50,51,52,53,55,69,70,71,126,127" m="36887" machi="52" ten="40,8000,1" yaku="29,2,34,2,54,1" doraHai="96" who="3" fromWho="3" sc="250,-40,250,-20,240,-20,250,90" /><INIT seed="1,0,0,4,1,75" ten="210,230,220,340" oya="1" hai0="90,113,82,0,32,46,63,58,121,28,105,92,20" hai1="110,134,133,69,107,39,70,104,15,11,42,16,96" hai2="14,114,87,34,73,101,54,117,99,84,120,50,89" hai3="27,66,85,6,23,62,24,65,22,19,38,2,132"/><U130/><E130/><V57/><F117/><W47/><G132/><N who="1" m="50794" /><E96/><V80/><F120/><W72/><G72/><T131/><D113/><U7/><E110/><V1/><F1/><W125/><G125/><T97/><D131/><U55/><E55/><V74/><F34/><W36/><G47/><T48/><D32/><U86/><E86/><V61/><F114/><W53/><G53/><T108/><D108/><U52/><E42/><V5/><F5/><W135/><G135/><T93/><D0/><N who="1" m="487" /><E39/><V102/><F14/><W17/><G85/><T76/><D121/><U4/><E4/><V94/><F101/><W127/><G127/><T35/><D35/><U78/><E52/><V109/><F109/><W12/><G12/><T60/><D105/><N who="1" m="40523" /><E78/><V43/><REACH who="2" step="1"/><F87/><REACH who="2" ten="210,230,210,340" step="2"/><W49/><G6/><T9/><D97/><U100/><E100/><V59/><F59/><W81/><G2/><T106/><D58/><U40/><E40/><V21/><F21/><AGARI ba="0,1" hai="15,16,21,69,70" m="40523,487,50794" machi="21" ten="30,2900,0" yaku="20,1,54,1" doraHai="75" who="1" fromWho="2" sc="210,0,230,39,210,-29,340,0" /><INIT seed="1,1,0,5,0,106" ten="210,269,181,340" oya="1" hai0="39,46,82,36,89,45,64,11,50,56,100,24,14" hai1="48,86,80,72,40,117,130,33,23,95,70,134,85" hai2="58,119,41,112,51,74,2,4,59,68,131,79,109" hai3="5,8,73,47,104,38,55,52,78,54,121,111,6"/><U135/><E70/><V99/><F4/><W21/><G104/><T76/><D100/><U12/><E33/><V30/><F30/><W96/><G96/><T3/><D3/><U94/><E117/><V87/><F2/><W62/><G121/><T77/><D89/><U61/><E61/><V107/><F51/><W83/><G21/><T125/><D125/><U7/><E40/><V110/><F58/><W42/><G111/><N who="2" m="42505" /><F59/><W17/><G17/><T102/><D102/><U122/><E48/><V15/><F15/><W37/><G37/><T60/><D24/><U65/><E65/><V81/><F41/><W75/><G75/><T101/><D101/><U114/><E122/><V91/><F68/><W67/><REACH who="3" step="1"/><G8/><REACH who="3" ten="210,269,181,330" step="2"/><T44/><D39/><U71/><E23/><V49/><F107/><W9/><G9/><T26/><D36/><U123/><E123/><V103/><F99/><W124/><G124/><T20/><D11/><U1/><E114/><V22/><F22/><W132/><G132/><T97/><D97/><U10/><E134/><V108/><F112/><W90/><G90/><T128/><D26/><U116/><E135/><V115/><F115/><W129/><G129/><T13/><D128/><U0/><E130/><V133/><F131/><W92/><G92/><T113/><D113/><U53/><E95/><N who="2" m="54783" /><F133/><W63/><G63/><T118/><D20/><U120/><E120/><V35/><F103/><W88/><G88/><T19/><D19/><U57/><E10/><V18/><F18/><W93/><G93/><T43/><D60/><U69/><E0/><V31/><F108/><RYUUKYOKU ba="1,1" sc="210,-10,269,-10,181,-10,330,30" hai3="5,6,38,42,47,52,54,55,62,67,73,78,83" /><INIT seed="2,2,1,4,5,54" ten="200,259,171,360" oya="2" hai0="58,93,11,9,24,98,47,41,40,109,78,53,121" hai1="75,63,128,44,120,80,1,105,86,111,23,27,67" hai2="81,118,28,70,29,122,17,60,56,33,3,4,90" hai3="77,51,108,87,74,84,71,107,55,68,106,88,100"/><V130/><F118/><W61/><G108/><T135/><D109/><U0/><E111/><V134/><F122/><W129/><G129/><T69/><D69/><U25/><E128/><V7/><F130/><W34/><G34/><T117/><D135/><U126/><E105/><V15/><F70/><W73/><G61/><N who="0" m="36047" /><D121/><U59/><E75/><V72/><F134/><W20/><G20/><T45/><D78/><U12/><E44/><N who="0" m="16969" /><D117/><U96/><E120/><V26/><F3/><W18/><G18/><T64/><D64/><U85/><E0/><V123/><F123/><W125/><G125/><T65/><D65/><U92/><E126/><V42/><F42/><N who="0" m="16490" /><D24/><N who="1" m="9291" /><E80/><V66/><F29/><W5/><G107/><T94/><D94/><U76/><E76/><V97/><F72/><W133/><G77/><T132/><D132/><U46/><E1/><V103/><F81/><W119/><G106/><T131/><D131/><U101/><E46/><V13/><F90/><AGARI ba="2,1" hai="9,11,90,93,98" m="16490,16969,36047" machi="90" ten="30,2000,0" yaku="8,1,52,1" doraHai="54" who="0" fromWho="2" sc="200,36,259,0,171,-26,360,0" /><INIT seed="3,0,0,3,1,12" ten="236,259,145,360" oya="3" hai0="0,3,126,49,103,60,88,81,34,102,25,74,22" hai1="70,92,132,75,104,24,20,84,29,46,107,15,37" hai2="54,71,90,32,62,51,2,125,94,42,135,91,76" hai3="1,130,124,98,4,36,63,19,27,111,45,105,69"/><W117/><G63/><T57/><D126/><U17/><E132/><V43/><F2/><W106/><G45/><T13/><D34/><U131/><E131/><V99/><F32/><W53/><G27/><T123/><D123/><U23/><E70/><V67/><F135/><W39/><G53/><T14/><D49/><U82/><E75/><V26/><F125/><W18/><G98/><T10/><D0/><U56/><E92/><V5/><F5/><W114/><G4/><T127/><D3/><U66/><E37/><V59/><F76/><W61/><G61/><T48/><D48/><U50/><E56/><V89/><F71/><W87/><G87/><N who="0" m="50287" /><D74/><U21/><E66/><V28/><F54/><W112/><G1/><T58/><D127/><U120/><E120/><V55/><F55/><W52/><G124/><T8/><D13/><U35/><E35/><V85/><F51/><W77/><G39/><T40/><D40/><U7/><E7/><V122/><F122/><W30/><G106/><T116/><D116/><U97/><E107/><V110/><F110/><W100/><G111/><T128/><D128/><U78/><E104/><V115/><F115/><W33/><G105/><T6/><D8/><N who="1" m="6375" /><E97/><V44/><F44/><W96/><G114/><T95/><D95/><U93/><E93/><V65/><F65/><W9/><G69/><T79/><D79/><U31/><E31/><V72/><F72/><W113/><G36/><T101/><D60/><U16/><E29/><AGARI ba="0,0" hai="6,10,14,22,25,29,57,58,101,102,103" m="50287" machi="29" ten="30,2000,0" yaku="8,1,54,1" doraHai="12" who="0" fromWho="1" sc="236,20,259,-20,145,0,360,0" owari="256,5.6,239,-16.1,145,-35.5,360,46.0" /></mjloggm>