<mjloggm ver="2.3"><GO type="225" lobby="0"/><UN n0="%6D%75%75%6D%75%72%61" n1="%E3%82%A2%E3%83%9E%E3%83%9D%EF%BD%9E%EF%BD%9E%E3%83%A9" n2="%E3%81%99%E3%81%84%E3%81%BE%E3%81%9B%E3%83%BC%E3%82%93" n3="%E3%82%BC%E3%83%AB%E3%83%80%E3%81%AE%E4%BC%9D%E8%AA%AC" dan="16,17,16,16" rate="2211.03,2191.79,2108.79,2161.15" sx="F,M,M,M"/><TAIKYOKU oya="0"/><INIT seed="0,0,0,1,2,126" ten="250,250,250,250" oya="0" hai0="107,49,86,90,68,63,62,47,23,14,116,25,52" hai1="125,127,105,134,98,59,55,1,88,30,3,13,38" hai2="40,69,75,31,128,74,133,41,78,109,104,29,100" hai3="112,48,83,33,10,124,119,122,121,61,71,26,117"/><T51/><D116/><U135/><E38/><V17/><F69/><W132/><G83/><T37/><D37/><U76/><E76/><V65/><F65/><N who="3" m="41391" /><G10/><T16/><D68/><U11/><E30/><V66/><F66/><W4/><G4/><T101/><D107/><U46/><E46/><V20/><F78/><W9/><G9/><N who="0" m="6223" /><D101/><U7/><E105/><V89/><F89/><W0/><G0/><N who="1" m="74" /><E98/><V85/><F20/><W50/><G26/><T82/><D51/><N who="3" m="19497" /><G33/><T77/><D77/><U108/><E88/><V103/><F104/><W58/><G112/><T56/><D56/><U32/><E32/><V110/><F85/><W81/><G81/><T91/><D91/><U84/><E84/><V19/><F133/><N who="1" m="50697" /><E108/><V130/><AGARI ba="0,0" hai="17,19,29,31,40,41,74,75,100,103,109,110,128,130" machi="130" ten="25,8000,1" yaku="0,1,22,2,52,2" doraHai="126" who="2" fromWho="2" sc="250,-40,250,-20,250,80,250,-20" /><INIT seed="1,0,0,3,2,6" ten="210,230,330,230" oya="1" hai0="11,72,9,32,122,126,33,12,48,132,121,68,123" hai1="101,14,34,84,111,131,25,27,66,46,74,1,117" hai2="4,18,105,8,3,28,89,13,44,5,78,65,22" hai3="85,47,103,69,16,30,98,94,19,115,106,102,75"/><U49/><E1/><V2/><F105/><W59/><G69/><T60/><D126/><U37/><E74/><V91/><F65/><W17/><G115/><T57/><D132/><U93/><E37/><V107/><F107/><W130/><G130/><T50/><D68/><U7/><E117/><V114/><F78/><W58/><G75/><T42/><D72/><U116/><E116/><V127/><F127/><W21/><G47/><N who="0" m="25719" /><D50/><U129/><E66/><V41/><F114/><W29/><G106/><T35/><D12/><U108/><E34/><V62/><F62/><W104/><G104/><T56/><D56/><N who="3" m="21545" /><G85/><T87/><D87/><U128/><E84/><V54/><F54/><AGARI ba="0,0" hai="9,11,32,33,35,54,57,60,121,122,123" m="25719" machi="54" ten="40,5200,0" yaku="13,1,52,2" doraHai="6" who="0" fromWho="2" sc="210,52,230,0,330,-52,230,0" /><INIT seed="2,0,0,1,2,17" ten="262,230,278,230" oya="2" hai0="98,83,44,40,96,5,22,112,50,128,90,57,93" hai1="4,56,79,107,35,12,123,18,55,38,29,94,20" hai2="97,95,101,28,135,23,10,52,127,21,116,37,106" hai3="68,84,125,64,30,42,45,51,109,11,49,62,74"/><V105/><F116/><W119/><G74/><T104/><D112/><U69/><E107/><V71/><F37/><W72/><G72/><T81/><D128/><U48/><E123/><V117/><F117/><W53/><G119/><T111/><D111/><U87/><E69/><V100/><F71/><W25/><G109/><T16/><D5/><U39/><E4/><V110/><F110/><W124/><G84/><N who="0" m="52423" /><D104/><U60/><E79/><V77/><F77/><W80/><G80/><N who="0" m="30795" /><D57/><U19/><E29/><V41/><F28/><W99/><G99/><T47/><D47/><U108/><E35/><V43/><F97/><W132/><G132/><T129/><D129/><U46/><E19/><V58/><F135/><W82/><G82/><T34/><D34/><U86/><E108/><V1/><F95/><W120/><G120/><T15/><AGARI ba="0,0" hai="15,16,22,40,44,50,96,98" m="30795,52423" machi="15" ten="30,4000,0" yaku="8,1,52,1,54,1" doraHai="17" who="0" fromWho="0" sc="262,40,230,-10,278,-20,230,-10" /><INIT seed="3,0,0,4,0,93" ten="302,220,258,220" oya="3" hai0="52,54,106,65,59,122,68,102,73,90,131,11,88" hai1="43,41,124,51,82,37,71,7,17,107,72,32,9" hai2="30,123,50,15,38,96,33,112,46,48,13,121,8" hai3="74,42,110,21,103,44,130,45,101,31,28,81,6"/><W113/><G113/><T29/><D122/><N who="2" m="46602" /><F112/><W76/><G130/><T114/><D114/><U77/><E37/><V53/><F38/><W80/><G110/><T69/><D73/><U133/><E71/><V2/><F96/><W40/><G21/><T4/><D69/><U127/><E32/><V125/><F125/><N who="1" m="48201" /><E133/><V27/><F50/><W119/><G76/><T67/><D90/><U55/><E17/><V24/><F24/><W99/><G6/><AGARI ba="0,0" hai="2,6,8,13,15,27,30,33,46,48,53" m="46602" machi="6" ten="30,1000,0" yaku="13,1" doraHai="93" who="2" fromWho="3" sc="302,0,220,0,258,10,220,-10" owari="302,40.2,220,-18.0,268,6.8,210,-29.0" /></mjloggm>