<mjloggm ver="2.3"><GO type="225" lobby="0"/><UN n0="%E3%83%9D%E3%82%B1%E3%83%83%E3%83%88" n1="%E9%B4%A8%4E%45%47%49" n2="%E5%8D%A0%E3%81%84%E5%B8%AB%E8%A3%8F%E3%81%AA%E3%81%84%E3%81%97" n3="%6B%79%6F%6E%6B%6F%31%31" dan="16,16,17,16" rate="2111.42,2083.90,2189.18,2141.19" sx="M,M,M,M"/><TAIKYOKU oya="0"/><INIT seed="0,0,0,2,2,121" ten="250,250,250,250" oya="0" hai0="79,54,70,111,101,19,22,24,28,88,63,55,99" hai1="114,11,0,14,37,52,48,15,71,125,59,78,2" hai2="91,68,72,61,83,117,27,53,98,102,134,64,116" hai3="119,109,4,128,66,13,56,58,110,118,8,1,3"/><T84/><D79/><U107/><E125/><V73/><F134/><W65/><G128/><T108/><D28/><U115/><E107/><N who="2" m="63959" /><F53/><W106/><G106/><T34/><D34/><U42/><E71/><V81/><F91/><W35/><G35/><T32/><D32/><U112/><E78/><N who="2" m="44231" /><F27/><W41/><G41/><T96/><D70/><U113/><N who="1" m="28672" /><DORA hai="94" /><U9/><E37/><V21/><F21/><W47/><G47/><T87/><D87/><U18/><REACH who="1" step="1"/><E42/><REACH who="1" ten="250,240,250,250" step="2"/><V89/><F89/><W86/><G86/><T130/><D130/><U20/><E20/><V82/><F82/><W43/><G43/><T16/><D101/><U95/><E95/><V62/><F83/><W105/><G105/><T74/><D74/><U30/><E30/><V103/><F103/><W57/><G119/><T93/><D84/><U7/><AGARI ba="0,1" hai="0,2,7,9,11,14,15,18,48,52,59" m="28672" machi="7" ten="60,8000,1" yaku="1,1,0,1,11,1,54,1,53,0" doraHai="121,94" doraHaiUra="120,122" who="1" fromWho="1" sc="250,-40,240,90,250,-20,250,-20" /><INIT seed="1,0,0,1,0,130" ten="210,330,230,230" oya="1" hai0="82,89,115,58,32,100,88,33,48,103,73,28,27" hai1="51,129,108,14,52,74,37,12,20,60,131,112,86" hai2="22,133,72,7,17,62,34,41,77,55,42,85,69" hai3="3,113,101,11,84,18,104,122,105,87,9,83,75"/><U79/><E74/><V5/><F34/><W64/><G113/><T68/><D68/><U0/><E0/><V90/><F72/><W4/><G122/><T59/><D115/><U54/><E112/><V21/><F77/><W94/><G64/><T120/><D120/><U70/><E37/><V126/><F126/><W44/><G44/><T45/><D33/><U24/><E108/><V2/><F2/><W76/><G87/><T63/><D73/><U107/><E107/><V124/><F124/><W30/><G30/><T132/><D132/><U46/><E131/><V67/><F55/><W39/><G39/><T78/><D78/><U53/><E129/><V125/><F125/><W99/><G11/><T134/><D134/><U128/><E128/><V118/><F118/><W119/><G119/><T81/><D81/><N who="1" m="47423" /><E70/><V65/><F65/><W49/><G49/><T98/><D82/><U40/><E60/><V50/><F21/><W10/><G10/><T102/><D98/><U123/><E123/><V66/><F66/><W35/><G35/><T127/><D127/><U80/><E80/><N who="2" m="49447" /><F133/><W71/><G71/><T93/><D93/><U56/><E56/><V15/><F50/><W116/><G116/><T57/><REACH who="0" step="1"/><D63/><REACH who="0" ten="200,330,230,230" step="2"/><U92/><E92/><V29/><F69/><W16/><G105/><T96/><D96/><U26/><E26/><N who="2" m="16599" /><F62/><W31/><G31/><AGARI ba="0,1" hai="12,14,20,24,31,40,46,51,52,53,54" m="47423" machi="31" ten="30,2900,0" yaku="8,1,54,1" doraHai="130" who="1" fromWho="3" sc="200,0,330,39,230,0,230,-29" /><INIT seed="1,1,0,4,2,102" ten="200,369,230,201" oya="1" hai0="6,50,94,96,90,123,1,108,56,9,45,41,114" hai1="119,73,47,129,3,12,71,133,85,33,60,77,44" hai2="59,130,38,65,22,86,125,91,124,122,105,101,112" hai3="26,98,121,72,34,79,11,8,46,48,88,135,49"/><U100/><E73/><V23/><F122/><W24/><G121/><T132/><D123/><U5/><E3/><V28/><F38/><W43/><G135/><T63/><D132/><U82/><E133/><V53/><F130/><W25/><G34/><T127/><D108/><U19/><E129/><V134/><F134/><W54/><G79/><T18/><D127/><N who="2" m="48714" /><F65/><W84/><G98/><T116/><D116/><U35/><E5/><V39/><F39/><W67/><G67/><T31/><D31/><U68/><E119/><V109/><F109/><W117/><G72/><T17/><REACH who="0" step="1"/><D114/><REACH who="0" ten="190,369,230,201" step="2"/><U29/><E29/><V13/><F28/><W4/><G117/><T95/><D95/><U89/><E35/><V87/><F112/><W66/><G66/><AGARI ba="1,1" hai="1,6,9,17,18,41,45,50,56,63,66,90,94,96" machi="66" ten="30,2000,0" yaku="1,1,7,1,53,0" doraHai="102" doraHaiUra="103" who="0" fromWho="3" sc="190,33,369,0,230,0,201,-23" /><INIT seed="2,0,0,1,5,34" ten="223,369,230,178" oya="2" hai0="115,83,57,77,6,89,120,117,65,36,129,60,99" hai1="128,94,41,86,46,45,15,101,112,127,104,4,11" hai2="100,31,97,42,19,64,54,69,7,80,13,23,66" hai3="9,71,105,47,133,96,68,58,110,70,28,56,48"/><V5/><F42/><W32/><G32/><T49/><D115/><U131/><E112/><V106/><F31/><W21/><G110/><T124/><D36/><U30/><E127/><V132/><F132/><W63/><G133/><T43/><D120/><U95/><E30/><V93/><F106/><W91/><G105/><T126/><D129/><N who="1" m="49739" /><E46/><V111/><F111/><W90/><G9/><T114/><D6/><N who="2" m="2058" /><F69/><W35/><G35/><T16/><D117/><U33/><E86/><V44/><F80/><W121/><G121/><T130/><D83/><U81/><E81/><V118/><F118/><W84/><G96/><T74/><D99/><N who="1" m="61503" /><E33/><V55/><F44/><W107/><G107/><T67/><D114/><U29/><E29/><V10/><F10/><W75/><G75/><T122/><D122/><U53/><E53/><AGARI ba="0,0" hai="13,19,23,53,54,55,64,66,93,97,100" m="2058" machi="53" ten="30,1500,0" yaku="8,1" doraHai="34" who="2" fromWho="1" sc="223,0,369,-15,230,15,178,0" /><INIT seed="2,1,0,5,5,53" ten="223,354,245,178" oya="2" hai0="122,132,101,43,110,57,28,19,69,51,5,0,106" hai1="38,16,42,29,36,98,95,62,73,120,118,127,1" hai2="68,88,93,35,67,97,133,135,33,44,76,30,126" hai3="78,25,112,49,82,72,54,71,99,31,86,37,10"/><V26/><F126/><W113/><G71/><T18/><D122/><U17/><E1/><V92/><F76/><W102/><G37/><T85/><D69/><U66/><E118/><V107/><F44/><W27/><G10/><T39/><D39/><U117/><E117/><V123/><F123/><W80/><G112/><T89/><D28/><U121/><E73/><V22/><F107/><W124/><G124/><T11/><D110/><U23/><E127/><V65/><F93/><W81/><G113/><T70/><D70/><U131/><E38/><V108/><F108/><W14/><G14/><T32/><D32/><U103/><E121/><V129/><F129/><W116/><G116/><T40/><D132/><N who="2" m="50762" /><F68/><W7/><G7/><T58/><D101/><U111/><E131/><V77/><F77/><W74/><G74/><T55/><D106/><U64/><E111/><V84/><F84/><W6/><G6/><T20/><D57/><N who="1" m="36943" /><E120/><V2/><F2/><W48/><G72/><T59/><D59/><U79/><E79/><V125/><F125/><W21/><G86/><T115/><D115/><U87/><E87/><V104/><F104/><W3/><G78/><T45/><D45/><N who="1" m="23751" /><E66/><AGARI ba="1,0" hai="22,26,30,33,35,65,66,67,88,92,97" m="50762" machi="66" ten="30,2900,0" yaku="20,1,54,1" doraHai="53" who="2" fromWho="1" sc="223,0,354,-32,245,32,178,0" /><INIT seed="2,2,0,0,1,43" ten="223,322,277,178" oya="2" hai0="111,17,48,134,12,112,124,64,107,60,38,22,50" hai1="11,58,33,9,26,65,87,42,101,20,74,92,71" hai2="66,77,129,133,62,132,105,7,25,114,59,93,8" hai3="84,82,72,51,36,73,54,80,61,102,90,46,19"/><V37/><F105/><W14/><G36/><T16/><D112/><U3/><E74/><V125/><F114/><W18/><G102/><T119/><D107/><U128/><E71/><V98/><F37/><W4/><G4/><T15/><D38/><U83/><E33/><V68/><F77/><W21/><G82/><T34/><D111/><U31/><E42/><V0/><F129/><W88/><G90/><T28/><D124/><U121/><E121/><V120/><F120/><W13/><REACH who="3" step="1"/><G61/><REACH who="3" ten="223,322,277,168" step="2"/><T53/><D60/><N who="1" m="38039" /><E128/><V108/><F62/><W76/><G76/><T97/><D119/><U135/><E3/><V103/><F0/><W123/><G123/><T30/><D134/><U49/><E135/><V79/><F7/><W126/><G126/><T70/><D70/><U1/><E1/><V99/><F68/><W24/><G24/><T56/><D12/><U118/><E118/><V117/><F25/><W35/><G35/><T106/><D34/><U96/><E49/><V32/><F32/><W130/><G130/><T23/><D50/><U131/><E131/><V2/><F117/><W113/><G113/><T39/><D39/><U55/><E101/><V104/><F125/><W109/><G109/><T86/><D15/><U95/><E83/><V91/><F108/><W57/><G57/><T116/><D116/><U6/><E26/><V69/><F69/><W29/><G29/><T85/><D30/><U81/><E31/><V100/><F79/><W27/><G27/><T89/><D28/><U78/><E6/><N who="2" m="1111" /><F103/><W67/><G67/><T122/><D122/><U44/><E78/><RYUUKYOKU ba="2,1" sc="223,-15,322,-15,277,15,168,15" hai2="59,66,91,93,98,99,100,104,132,133" hai3="13,14,18,19,21,46,51,54,72,73,80,84,88" /><INIT seed="2,3,1,3,2,20" ten="208,307,292,183" oya="2" hai0="118,32,82,62,105,68,8,51,85,114,14,86,53" hai1="3,90,72,50,128,134,9,78,125,84,120,26,27" hai2="49,2,71,1,116,74,64,93,41,89,39,107,79" hai3="10,102,115,44,46,83,88,36,109,100,73,65,6"/><V17/><F116/><W132/><G109/><T61/><D114/><U63/><E120/><V42/><F107/><W103/><G115/><T12/><D118/><U122/><E122/><V104/><F104/><W87/><G132/><T57/><D105/><U123/><E123/><V124/><F39/><W30/><G36/><T54/><D32/><U21/><E134/><V113/><F113/><W127/><G127/><T47/><D68/><U121/><E121/><V7/><F79/><W23/><G65/><T98/><D98/><U52/><E125/><V81/><F81/><W76/><G23/><T126/><D126/><U60/><E128/><V112/><F74/><W18/><G18/><T69/><D69/><U80/><E3/><V70/><F124/><W96/><G30/><T35/><D35/><U101/><E9/><N who="2" m="2287" /><F2/><W66/><G66/><T25/><D25/><N who="1" m="9227" /><E101/><V24/><F70/><W40/><G40/><T131/><D131/><U59/><E72/><V95/><F64/><W29/><G29/><T99/><D99/><U48/><E78/><V19/><F71/><W111/><G111/><T94/><D8/><U11/><E11/><V130/><F130/><W15/><REACH who="3" step="1"/><G96/><REACH who="3" ten="208,307,292,173" step="2"/><T16/><D16/><U117/><E21/><N who="2" m="13359" /><F19/><W135/><G135/><T38/><D38/><U97/><E117/><V108/><F108/><W28/><G28/><T133/><D133/><U37/><E37/><V31/><F31/><W4/><G4/><T92/><D54/><N who="1" m="32199" /><E97/><V119/><F112/><W43/><G43/><T77/><D53/><U67/><E67/><V58/><F119/><W34/><G34/><RYUUKYOKU ba="3,2" sc="208,-15,307,15,292,-15,173,15" hai1="50,52,60,63,80,84,90" hai3="6,10,15,44,46,73,76,83,87,88,100,102,103" /><INIT seed="3,4,2,5,0,129" ten="193,322,277,188" oya="3" hai0="68,109,110,44,96,34,98,113,15,4,19,53,12" hai1="78,14,6,84,121,33,76,60,120,43,74,13,108" hai2="80,5,119,58,17,116,26,25,9,101,50,65,24" hai3="38,23,105,66,118,29,54,69,88,112,111,59,49"/><W106/><G112/><T123/><D123/><U52/><E74/><V18/><F101/><W57/><G118/><T81/><D68/><U133/><E33/><V115/><F115/><W62/><G111/><N who="0" m="42507" /><D113/><U103/><E108/><V82/><F116/><W45/><G29/><T89/><D34/><U39/><E43/><V40/><F119/><W56/><G23/><N who="0" m="11775" /><D81/><N who="2" m="31338" /><F65/><W10/><G10/><N who="0" m="4167" /><D89/><U73/><E39/><V107/><F107/><W64/><G64/><T21/><D21/><U16/><E103/><V51/><F5/><W100/><G88/><T122/><D122/><U92/><E6/><V46/><F9/><W134/><G134/><T75/><D75/><U41/><E73/><V83/><N who="2" m="31346" /><V95/><DORA hai="85" /><F95/><W117/><G117/><T77/><D77/><U114/><E92/><V131/><F131/><W48/><G106/><T3/><D3/><U86/><E78/><V93/><F93/><W47/><G105/><T135/><D135/><U71/><E133/><V0/><F0/><W7/><G100/><T127/><D127/><U97/><E76/><V102/><F102/><W20/><G20/><T63/><D63/><U99/><E114/><V28/><F28/><W124/><G7/><T104/><D104/><U42/><E121/><V72/><F72/><W87/><G87/><T61/><D61/><U67/><E120/><V2/><F2/><W94/><G94/><T79/><D79/><U132/><E132/><V22/><F22/><W1/><G1/><T125/><D125/><U31/><E60/><V90/><F90/><W55/><G124/><T8/><D8/><RYUUKYOKU ba="4,2" sc="193,10,322,-30,277,10,188,10" hai0="44,53,96,98" hai2="17,18,24,25,26,40,46,50,51,58" hai3="38,45,47,48,49,54,55,56,57,59,62,66,69" /><INIT seed="3,5,2,2,1,25" ten="203,292,287,198" oya="3" hai0="0,37,118,56,64,45,121,83,54,51,47,109,98" hai1="91,134,40,68,66,55,107,26,87,95,117,119,60" hai2="89,104,10,3,128,86,20,82,123,24,17,21,62" hai3="106,108,122,96,34,124,85,8,75,31,105,97,23"/><W49/><G122/><T4/><D121/><U42/><E134/><V81/><F104/><W74/><G34/><T92/><D118/><N who="1" m="45067" /><E107/><N who="3" m="40970" /><G49/><T101/><D37/><U13/><E26/><V63/><F123/><W57/><G57/><T33/><D33/><U15/><E55/><V36/><F36/><W2/><G23/><T115/><D51/><U70/><E70/><V7/><F128/><W125/><G31/><T22/><D56/><U61/><E61/><V77/><F20/><W130/><G8/><T116/><D22/><U35/><E35/><V99/><F99/><N who="3" m="37963" /><G2/><T41/><D98/><U102/><E102/><V6/><F6/><W43/><G43/><AGARI ba="5,2" hai="13,15,40,42,43,60,66,68,87,91,95" m="45067" machi="43" ten="30,1000,0" yaku="12,1" doraHai="25" who="1" fromWho="3" sc="203,0,292,45,287,0,198,-25" owari="203,-19.7,337,43.7,287,8.7,173,-32.7" /></mjloggm>