<mjloggm ver="2.3"><GO type="225" lobby="0"/><UN n0="%E3%81%AA%E3%82%81%E3%81%93%E9%9B%80%E5%A3%AB" n1="%E4%BA%AE%E6%B5%81%E6%89%93%E8%80%85" n2="%E3%81%B5%E3%81%98%E3%81%8B%E3%81%A4" n3="%E3%81%BF%E3%81%BF%E3%81%9A" dan="16,16,16,18" rate="2064.69,2089.26,2169.04,2251.52" sx="M,F,M,M"/><TAIKYOKU oya="0"/><INIT seed="0,0,0,3,5,71" ten="250,250,250,250" oya="0" hai0="114,65,10,60,68,80,95,115,99,133,129,45,36" hai1="130,126,8,38,9,70,17,18,28,3,23,40,116" hai2="111,25,98,132,113,7,91,11,14,110,106,64,109" hai3="83,26,15,107,67,49,0,13,117,57,24,127,44"/><T6/><D133/><U135/><E70/><V101/><F132/><W50/><G0/><T55/><D129/><U131/><E135/><V85/><F113/><W63/><G107/><T123/><D123/><U84/><E116/><V22/><F64/><W32/><G117/><T59/><D80/><U41/><E126/><V66/><F66/><W92/><G127/><T103/><D45/><N who="1" m="23703" /><E28/><V118/><F118/><W81/><G32/><T69/><D36/><U2/><E41/><V94/><REACH who="2" step="1"/><F111/><REACH who="2" ten="250,250,240,250" step="2"/><W82/><G49/><T21/><D21/><U5/><E23/><V97/><F97/><W37/><G37/><T77/><D69/><U56/><E130/><V30/><AGARI ba="0,1" hai="7,11,14,22,25,30,85,91,94,98,101,106,109,110" machi="30" ten="30,2000,0" yaku="1,1,0,1,53,0" doraHai="71" doraHaiUra="43" who="2" fromWho="2" sc="250,-10,250,-5,240,30,250,-5" /><INIT seed="1,0,0,5,0,3" ten="240,245,270,245" oya="1" hai0="32,31,28,111,62,103,41,81,59,19,109,77,97" hai1="133,60,44,76,1,45,9,131,5,69,87,92,40" hai2="6,124,42,36,102,113,108,57,14,90,53,118,82" hai3="16,93,39,54,37,48,132,18,71,7,34,63,110"/><U10/><E131/><V99/><F118/><W73/><G73/><T21/><D41/><U51/><E133/><V26/><F124/><W119/><G34/><T17/><D32/><U46/><E10/><V75/><F108/><N who="0" m="41546" /><D81/><U114/><E114/><V12/><F113/><W112/><G110/><T95/><D77/><U100/><E76/><V58/><F26/><W15/><G112/><T64/><D31/><U35/><E35/><V30/><F30/><W94/><G132/><T121/><D121/><U70/><E70/><V116/><F75/><W125/><G71/><T11/><D11/><U74/><E74/><V101/><F101/><W4/><G125/><T52/><D64/><U66/><REACH who="1" step="1"/><E100/><REACH who="1" ten="240,235,270,245" step="2"/><V13/><F102/><W23/><G119/><T115/><D115/><U43/><E43/><V33/><F42/><W85/><G37/><T86/><D86/><U29/><E29/><V107/><F36/><W104/><G39/><T128/><D128/><U98/><E98/><V61/><F99/><W120/><G85/><T56/><D28/><U105/><E105/><V8/><F33/><W89/><G104/><T68/><D68/><U129/><E129/><V25/><F107/><W130/><G130/><T27/><D19/><U84/><E84/><N who="2" m="50455" /><F116/><W47/><G120/><T96/><D97/><U83/><E83/><V79/><F79/><W88/><G18/><T123/><D123/><U80/><E80/><V126/><F126/><W134/><G134/><T20/><D20/><U22/><E22/><V65/><F25/><W49/><G23/><T72/><D72/><U78/><E78/><RYUUKYOKU ba="0,1" sc="240,10,235,10,270,10,245,-30" hai0="17,21,27,52,56,59,62,95,96,103" hai1="1,5,9,40,44,45,46,51,60,66,69,87,92" hai2="6,8,12,13,14,53,57,58,61,65" /><INIT seed="1,1,1,0,4,129" ten="250,245,280,215" oya="1" hai0="1,118,70,117,120,27,95,115,126,84,63,39,119" hai1="103,32,40,69,78,57,89,5,121,6,98,71,83" hai2="38,108,45,48,44,12,13,59,122,10,86,96,112" hai3="62,30,123,4,99,116,43,106,125,16,31,127,97"/><U36/><E121/><V94/><F122/><W24/><G123/><T46/><D120/><RYUUKYOKU type="kaze4" ba="1,1" sc="250,0,245,0,280,0,215,0" /><INIT seed="1,2,1,0,3,30" ten="250,245,280,215" oya="1" hai0="76,127,20,99,33,25,44,51,15,59,113,46,74" hai1="134,105,73,95,104,132,135,125,98,28,106,36,54" hai2="60,78,2,16,45,42,66,34,80,84,7,65,53" hai3="133,77,19,92,17,118,121,49,97,31,39,72,85"/><U75/><E36/><V115/><F115/><W37/><G121/><T4/><D113/><U6/><E6/><V26/><F2/><W86/><G72/><N who="1" m="27722" /><E54/><V103/><F7/><W129/><G31/><T119/><D119/><U43/><E28/><V91/><F103/><W68/><G68/><T79/><D74/><U88/><E43/><V93/><F34/><W120/><G120/><T107/><D127/><AGARI ba="2,1" hai="88,95,98,104,105,106,125,127,132,134,135" m="27722" machi="127" ten="50,12000,1" yaku="20,1,34,2,54,1" doraHai="30" who="1" fromWho="0" sc="250,-126,245,136,280,0,215,0" /><INIT seed="1,3,0,1,4,37" ten="124,381,280,215" oya="1" hai0="118,116,25,43,57,47,56,2,42,94,96,60,49" hai1="95,120,36,105,79,128,41,9,98,50,8,34,92" hai2="29,66,19,126,124,1,12,21,81,87,65,30,4" hai3="0,24,122,35,52,135,44,80,125,13,85,129,63"/><U115/><E115/><V99/><F99/><W97/><G0/><T23/><D2/><U90/><E34/><V88/><F66/><W72/><G122/><T6/><D6/><U64/><E36/><V54/><F65/><W112/><G112/><T59/><D118/><U46/><E79/><V70/><F70/><W17/><G72/><T130/><D116/><U100/><E128/><V40/><F54/><W86/><G129/><T16/><D130/><U22/><E105/><V103/><F103/><W38/><G135/><T55/><REACH who="0" step="1"/><D43/><REACH who="0" ten="114,381,280,215" step="2"/><N who="1" m="24927" /><E120/><V119/><F119/><W18/><G125/><N who="2" m="48233" /><F40/><W102/><G38/><T93/><D93/><U61/><E41/><V69/><F69/><W75/><G80/><T123/><D123/><U91/><E92/><V133/><F133/><W77/><G18/><T110/><D110/><U106/><E106/><V26/><F1/><W78/><G17/><T104/><D104/><U83/><E95/><V5/><F5/><W7/><G7/><T82/><D82/><U107/><E83/><V14/><F4/><W33/><G75/><T89/><AGARI ba="3,1" hai="16,23,25,42,47,49,55,56,57,59,60,89,94,96" machi="89" ten="20,16000,3" yaku="1,1,0,1,7,1,25,2,8,1,52,1,54,1,53,0" doraHai="37" doraHaiUra="3" who="0" fromWho="0" sc="114,179,381,-83,280,-43,215,-43" /><INIT seed="2,0,0,5,2,68" ten="293,298,237,172" oya="2" hai0="58,95,108,17,49,22,104,35,116,80,20,15,46" hai1="71,118,84,27,9,109,111,60,130,55,23,133,31" hai2="14,70,32,114,131,40,29,67,81,96,16,124,59" hai3="107,18,61,112,30,74,72,10,44,119,76,45,79"/><V64/><F114/><W110/><G119/><T132/><D104/><U21/><E118/><V4/><F124/><W1/><G107/><T91/><D116/><U28/><E130/><V13/><F131/><W105/><G105/><T75/><D35/><U24/><E133/><V94/><F81/><W100/><G100/><T101/><D108/><N who="1" m="41547" /><E9/><N who="2" m="4263" /><F70/><W93/><G110/><T36/><D36/><U135/><E135/><V2/><F2/><W122/><G122/><T12/><D132/><U78/><E55/><V42/><F32/><W52/><G93/><T0/><D0/><U41/><E41/><N who="2" m="15979" /><F29/><W126/><G30/><T63/><D75/><U11/><E11/><N who="2" m="6239" /><F59/><W87/><G112/><T89/><D80/><N who="1" m="47127" /><E71/><V19/><F19/><W115/><G126/><T6/><D6/><U123/><E123/><V3/><F3/><W134/><G18/><N who="0" m="10311" /><D95/><U57/><E28/><V54/><F54/><W128/><G134/><T50/><D101/><AGARI ba="0,0" hai="64,67,94,96,101" m="6239,15979,4263" machi="101" ten="30,2900,0" yaku="8,1,54,1" doraHai="68" who="2" fromWho="0" sc="293,-29,298,0,237,29,172,0" /><INIT seed="2,1,0,0,5,118" ten="264,298,266,172" oya="2" hai0="102,5,38,40,65,50,3,12,23,18,45,108,68" hai1="89,44,31,111,53,11,70,125,132,14,66,36,80" hai2="8,63,78,37,17,20,21,32,85,34,6,49,30" hai3="104,122,13,15,57,103,129,47,42,92,105,88,86"/><V83/><F37/><W41/><G129/><T25/><D108/><U10/><E111/><V128/><F128/><W7/><G122/><T46/><D102/><U0/><E0/><V24/><F63/><W113/><G113/><T135/><D135/><U64/><E70/><V75/><F75/><W120/><G120/><T106/><D106/><U71/><E71/><V28/><F49/><W98/><G104/><T33/><D65/><N who="1" m="25195" /><E36/><V114/><F114/><W115/><G115/><T133/><D68/><U107/><E125/><V76/><F76/><W130/><G130/><T60/><D60/><U39/><E39/><V84/><F84/><W96/><G57/><T74/><D74/><U67/><E31/><V77/><F77/><W123/><G123/><T121/><D133/><U62/><E67/><V124/><F124/><W99/><G41/><T35/><D3/><U93/><E80/><V117/><F117/><W73/><G73/><T112/><D112/><U58/><E107/><V16/><F34/><W48/><REACH who="3" step="1"/><G15/><REACH who="3" ten="264,298,266,162" step="2"/><T52/><D121/><U72/><E72/><V109/><F109/><W9/><AGARI ba="1,1" hai="7,9,13,42,47,48,86,88,92,96,98,99,103,105" machi="9" ten="30,7900,0" yaku="1,1,2,1,0,1,54,1,53,0" doraHai="118" doraHaiUra="26" who="3" fromWho="3" sc="264,-21,298,-21,266,-40,162,92" /><INIT seed="3,0,0,2,2,94" ten="243,277,226,254" oya="3" hai0="31,118,117,15,83,109,57,70,1,44,90,29,102" hai1="46,68,20,135,98,119,37,69,74,38,129,13,35" hai2="34,55,43,30,73,126,47,106,78,113,66,67,115" hai3="42,17,100,91,25,0,49,127,88,96,123,122,11"/><W5/><G127/><T12/><D70/><U80/><E35/><V61/><F106/><W40/><G122/><T97/><D1/><U52/><E129/><V89/><F73/><W18/><G123/><T82/><D109/><U48/><E74/><V87/><F78/><W104/><G42/><T64/><D44/><U71/><E80/><N who="0" m="30761" /><D102/><U95/><E135/><V99/><F34/><W132/><G132/><T33/><D33/><U116/><E13/><N who="0" m="5193" /><D118/><N who="1" m="45099" /><E20/><V2/><F126/><W124/><G124/><T9/><D9/><U32/><E32/><V79/><F2/><W114/><G114/><T77/><D77/><U28/><E28/><N who="0" m="10825" /><D117/><U107/><E107/><V23/><F115/><W110/><G110/><T50/><D90/><AGARI ba="0,0" hai="37,38,46,48,52,68,69,71,90,95,98" m="45099" machi="90" ten="40,5200,0" yaku="12,1,52,1,54,1" doraHai="94" who="1" fromWho="0" sc="243,-52,277,52,226,0,254,0" owari="191,-30.9,329,42.9,226,-17.4,254,5.4" /></mjloggm>