<mjloggm ver="2.3"><GO type="225" lobby="0"/><UN n0="%4C%4F%4C%49%54%41" n1="%E7%AC%B9%E9%A4%85" n2="%E8%81%B7%E6%A5%AD%E3%80%81%E9%A2%A8%32" n3="%4B%2E%32%2E%4B%2E" dan="16,16,16,16" rate="2146.96,2184.82,2145.74,2165.95" sx="F,M,M,M"/><TAIKYOKU oya="0"/><INIT seed="0,0,0,0,5,57" ten="250,250,250,250" oya="0" hai0="52,72,29,76,39,66,22,134,75,54,23,131,109" hai1="20,31,56,32,88,103,120,38,79,4,89,71,1" hai2="108,101,133,63,129,53,69,119,77,45,135,11,8" hai3="51,30,33,0,74,21,44,27,112,5,7,98,95"/><T130/><D134/><N who="2" m="51210" /><F108/><W35/><G112/><T73/><D39/><U93/><E71/><V28/><F119/><W42/><G74/><T92/><D76/><U125/><E120/><V116/><F116/><W106/><G106/><T124/><D124/><U34/><E38/><V19/><F129/><N who="0" m="49162" /><D109/><U99/><E125/><V18/><F28/><W82/><G82/><T24/><D66/><U55/><E79/><V26/><F77/><W127/><G127/><T114/><D114/><U2/><E34/><V94/><F45/><W16/><G0/><T43/><D43/><U122/><E32/><V118/><F118/><W37/><G37/><T64/><D64/><U84/><E122/><V40/><F40/><W3/><G3/><T121/><D121/><U17/><E31/><V12/><F69/><W128/><G35/><N who="0" m="20903" /><D92/><U50/><E4/><V102/><F94/><W41/><G42/><T46/><D46/><U100/><E2/><V81/><F81/><W13/><REACH who="3" step="1"/><G128/><REACH who="3" ten="250,250,250,240" step="2"/><T6/><D6/><U86/><E1/><V91/><F19/><W97/><G97/><T59/><D54/><U83/><E99/><V60/><F53/><W15/><G15/><AGARI ba="0,1" hai="15,17,20,50,55,56,83,84,86,88,89,93,100,103" machi="15" ten="30,8000,1" yaku="7,1,25,2,8,1,54,1" doraHai="57" who="1" fromWho="3" sc="250,0,250,90,250,0,240,-80" /><INIT seed="1,0,0,5,5,3" ten="250,340,250,160" oya="1" hai0="14,90,127,63,75,125,37,80,76,67,134,53,128" hai1="107,28,130,131,112,117,68,121,49,126,32,45,92" hai2="64,79,118,120,36,9,115,50,83,54,57,16,59" hai3="35,48,97,10,20,93,106,7,41,11,89,82,52"/><U86/><E107/><V44/><F120/><W77/><G35/><T31/><D37/><U15/><E121/><V87/><F118/><W135/><G135/><T8/><D134/><U62/><E117/><V40/><F115/><W39/><G106/><T29/><D128/><U113/><E126/><N who="0" m="48137" /><D53/><U4/><E28/><V84/><F64/><W74/><G20/><T51/><D51/><U124/><E32/><V46/><REACH who="2" step="1"/><F84/><REACH who="2" ten="250,340,240,160" step="2"/><W133/><G133/><T18/><D90/><U85/><E85/><V105/><F105/><W26/><G89/><T43/><D43/><U102/><E86/><V30/><F30/><W60/><G74/><T109/><D109/><U129/><E113/><V21/><F21/><W42/><G42/><T91/><D91/><U23/><E112/><V27/><F27/><W1/><G41/><T12/><D12/><AGARI ba="0,1" hai="9,12,16,36,40,44,46,50,54,57,59,79,83,87" machi="12" ten="40,5200,0" yaku="1,1,54,1,53,1" doraHai="3" doraHaiUra="13" who="2" fromWho="0" sc="250,-52,340,0,240,62,160,0" /><INIT seed="2,0,0,0,0,40" ten="198,340,302,160" oya="2" hai0="6,26,44,71,82,49,14,128,105,80,0,102,27" hai1="104,8,85,107,116,4,39,9,58,131,29,17,12" hai2="62,91,111,133,35,106,32,11,127,65,64,18,5" hai3="86,30,46,88,122,114,36,25,33,117,132,45,57"/><V124/><F106/><W2/><G117/><T74/><D0/><U70/><E116/><V51/><F133/><W103/><G122/><T97/><D71/><U101/><E131/><V98/><F111/><W120/><G120/><T24/><D74/><U21/><E70/><V109/><F109/><W55/><G36/><T100/><D128/><U81/><E39/><V50/><F18/><W75/><G75/><T126/><D126/><N who="2" m="48170" /><F91/><W23/><G2/><T129/><D129/><U77/><E101/><N who="0" m="39017" /><D97/><U76/><E76/><V59/><F98/><W135/><G103/><T69/><D69/><U89/><E77/><V68/><F65/><W38/><G33/><N who="2" m="12873" /><F68/><W66/><G66/><T123/><D105/><U108/><E108/><V60/><F60/><N who="3" m="35903" /><G38/><T56/><D123/><U118/><E118/><V110/><F110/><W19/><G114/><T54/><D56/><U130/><E130/><V78/><F78/><W134/><G19/><T22/><D6/><U31/><E107/><V3/><AGARI ba="0,0" hai="3,5,11,50,51,59,62,64" m="12873,48170" machi="3" ten="30,1500,0" yaku="18,1" doraHai="40" who="2" fromWho="2" sc="198,-5,340,-5,302,15,160,-5" /><INIT seed="2,1,0,1,0,117" ten="193,335,317,155" oya="2" hai0="67,3,78,79,29,80,115,129,58,65,101,119,85" hai1="30,35,120,16,56,25,114,111,95,76,4,132,19" hai2="123,86,63,125,131,55,37,7,104,10,15,127,2" hai3="31,91,57,5,52,46,134,103,122,6,94,61,106"/><V108/><F123/><W113/><G113/><T28/><D115/><U14/><E114/><V89/><F37/><W84/><G134/><T75/><D3/><U66/><E76/><V64/><F104/><W71/><G122/><T87/><D75/><U107/><E107/><V60/><F131/><W62/><G31/><N who="0" m="11851" /><D129/><U105/><E105/><V48/><F108/><W88/><G106/><T83/><D119/><U38/><E38/><V26/><F26/><W72/><G72/><T22/><D101/><U11/><E120/><V13/><F13/><W45/><G103/><T51/><D22/><U99/><E111/><V109/><F2/><W17/><G17/><T59/><D51/><U81/><E81/><V70/><F109/><W41/><G46/><T33/><D33/><U0/><E132/><V112/><F112/><W47/><G47/><T116/><D116/><U44/><E44/><V82/><REACH who="2" step="1"/><F63/><REACH who="2" ten="193,335,307,155" step="2"/><W93/><G62/><T110/><D110/><U40/><E0/><V102/><F102/><W18/><G71/><T32/><D32/><U8/><E35/><V121/><F121/><W21/><G61/><T43/><D43/><U68/><E40/><V90/><F90/><W130/><G130/><T126/><D126/><U9/><E25/><V77/><F77/><W133/><G133/><T96/><D78/><U53/><E14/><V124/><F124/><W98/><G41/><T50/><D79/><U97/><E30/><V12/><F12/><N who="3" m="9415" /><G45/><AGARI ba="1,1" hai="7,10,15,45,48,55,60,64,70,82,86,89,125,127" machi="45" ten="40,2000,0" yaku="1,1,53,0" doraHai="117" doraHaiUra="54" who="2" fromWho="3" sc="193,0,335,0,307,33,155,-23" /><INIT seed="2,2,0,3,4,70" ten="193,335,340,132" oya="2" hai0="110,3,113,107,121,90,52,119,2,100,83,96,67" hai1="29,46,95,30,99,105,128,94,43,132,62,51,22" hai2="31,98,16,48,78,93,133,79,61,57,37,111,27" hai3="45,9,65,34,21,92,20,103,5,24,116,102,74"/><V66/><F133/><W91/><G116/><T71/><D113/><U15/><E132/><V14/><F37/><W72/><G34/><T53/><D121/><U17/><E128/><V69/><F111/><W44/><G65/><T81/><D110/><U108/><E108/><V85/><F85/><W117/><G117/><T120/><D120/><U112/><E112/><V80/><F80/><W39/><G74/><T40/><D119/><U68/><E105/><V114/><F48/><W106/><G72/><T135/><D135/><U59/><E68/><V54/><F54/><W58/><G58/><T101/><D40/><U7/><E7/><V125/><F125/><W12/><G106/><T47/><D71/><U87/><E87/><V36/><F36/><W23/><G24/><T19/><D19/><U25/><E99/><V4/><F4/><W76/><G76/><T89/><D96/><U124/><E124/><V10/><F114/><W126/><G126/><T75/><D75/><U50/><E50/><V56/><F56/><W134/><G134/><T131/><D107/><U41/><E41/><V118/><F118/><W42/><REACH who="3" step="1"/><G45/><REACH who="3" ten="193,335,340,122" step="2"/><T35/><D35/><U55/><E30/><V77/><F69/><W84/><AGARI ba="2,1" hai="5,9,12,20,21,23,39,42,44,84,91,92,102,103" machi="84" ten="30,8000,1" yaku="1,1,2,1,0,1,52,1,53,1" doraHai="70" doraHaiUra="38" who="3" fromWho="3" sc="193,-22,335,-22,340,-42,122,96" /><INIT seed="3,0,0,4,2,65" ten="171,313,298,218" oya="3" hai0="60,51,130,101,120,46,92,42,71,82,15,39,9" hai1="89,103,93,57,74,8,94,47,13,108,30,25,81" hai2="69,106,100,20,17,73,126,84,80,41,14,124,75" hai3="40,121,28,72,95,6,70,7,21,87,97,127,110"/><W45/><G72/><T119/><D130/><U56/><E108/><V1/><F1/><W79/><G121/><T107/><D120/><U58/><E74/><V37/><F106/><W16/><G28/><T24/><D119/><U90/><E47/><N who="2" m="23983" /><F100/><W98/><G127/><N who="2" m="48681" /><F69/><W85/><G70/><T83/><D107/><U29/><E103/><V66/><F66/><W91/><G110/><T133/><D133/><U52/><E81/><V31/><F31/><N who="1" m="11785" /><E25/><V4/><F4/><N who="3" m="1579" /><G85/><T77/><D39/><U102/><E102/><V134/><F134/><W99/><G79/><AGARI ba="0,0" hai="14,17,20,73,75,79,80,84" m="48681,23983" machi="79" ten="30,1000,0" yaku="18,1" doraHai="65" who="2" fromWho="3" sc="171,0,313,0,298,10,218,-10" owari="171,-32.9,313,41.3,308,10.8,208,-19.2" /></mjloggm>