<mjloggm ver="2.3"><GO type="225" lobby="0"/><UN n0="%4C%4F%4C%49%54%41" n1="%6D%75%75%6D%75%72%61" n2="%E3%83%AC%E3%82%A4%E3%83%88%E3%83%B3%E5%87%86%E6%95%99%E6%8E%88" n3="%E3%81%8B%E3%82%8F%E3%81%A1%E3%82%83%E3%82%93%35%38" dan="16,16,18,16" rate="2141.03,2148.04,2214.15,2121.47" sx="F,F,M,M"/><TAIKYOKU oya="0"/><INIT seed="0,0,0,3,2,25" ten="250,250,250,250" oya="0" hai0="33,49,13,53,36,101,1,126,100,3,29,95,108" hai1="60,103,71,114,6,133,7,57,80,104,30,97,66" hai2="48,67,91,39,90,119,93,77,82,32,35,106,86" hai3="14,105,31,122,73,42,34,89,55,63,16,58,2"/><T117/><D117/><U85/><E133/><V45/><F119/><W132/><G2/><T123/><D123/><U124/><E124/><V44/><F106/><W127/><G105/><T94/><D36/><U43/><E43/><V76/><F67/><W113/><G113/><T116/><D116/><U81/><E114/><V115/><F39/><W21/><G73/><T118/><D118/><U110/><E110/><V64/><F64/><W50/><G127/><T102/><D126/><U125/><E71/><V18/><F115/><W70/><G132/><T38/><D38/><U22/><E81/><V59/><F59/><W96/><G122/><T88/><D94/><U78/><REACH who="1" step="1"/><E125/><REACH who="1" ten="250,240,250,250" step="2"/><V51/><F82/><W129/><G70/><T84/><D108/><U92/><E92/><V128/><F93/><W47/><G42/><T19/><D33/><U83/><E83/><V62/><F32/><W68/><G34/><T130/><D130/><U107/><E107/><V11/><F35/><W17/><G68/><T65/><D65/><U20/><E20/><V98/><F128/><W46/><G21/><T15/><D95/><U37/><E37/><V99/><F11/><W72/><G129/><T0/><D101/><U27/><AGARI ba="0,1" hai="6,7,22,27,30,57,60,66,78,80,85,97,103,104" machi="27" ten="30,7900,0" yaku="1,1,0,1,52,1,53,1" doraHai="25" doraHaiUra="74" who="1" fromWho="1" sc="250,-39,240,89,250,-20,250,-20" /><INIT seed="1,0,0,5,3,70" ten="211,329,230,230" oya="1" hai0="101,72,76,57,109,80,24,122,5,127,52,12,75" hai1="84,99,0,125,71,105,118,14,128,100,74,43,1" hai2="19,112,36,40,89,65,60,21,2,47,16,30,117" hai3="58,121,113,46,116,96,133,131,82,108,29,25,59"/><U130/><E118/><V132/><F117/><W7/><G116/><T77/><D109/><U124/><E74/><V17/><F132/><W28/><G113/><T120/><D127/><N who="1" m="48715" /><E71/><V15/><F2/><W103/><G121/><N who="0" m="46699" /><D101/><U81/><E14/><V88/><F112/><W22/><G108/><T87/><D76/><N who="1" m="46119" /><E43/><V111/><F111/><W26/><G133/><T129/><D129/><AGARI ba="0,0" hai="0,1,99,100,105,128,129,130" m="46119,48715" machi="129" ten="30,2900,0" yaku="19,1,18,1" doraHai="70" who="1" fromWho="0" sc="211,-29,329,29,230,0,230,0" /><INIT seed="1,1,0,2,4,115" ten="182,358,230,230" oya="1" hai0="46,117,112,114,74,55,13,110,93,25,126,29,106" hai1="3,39,87,102,90,79,84,20,130,69,75,111,7" hai2="27,8,43,98,33,95,86,85,104,57,28,77,61" hai3="67,124,100,59,89,12,52,66,47,18,128,96,35"/><U99/><E130/><V82/><F104/><W88/><G35/><T129/><D106/><U94/><E69/><V4/><F43/><W108/><G128/><T16/><D129/><U19/><E39/><V113/><F113/><W15/><G108/><T76/><D110/><U24/><E111/><V80/><F61/><N who="3" m="36071" /><G124/><T109/><D109/><U51/><E51/><V65/><F65/><N who="3" m="24587" /><G47/><T44/><D126/><U23/><E3/><V11/><F57/><W116/><G116/><T123/><D123/><U119/><E119/><V53/><F53/><W40/><G40/><T121/><D121/><U78/><E75/><V134/><F134/><W132/><G132/><T34/><D117/><U70/><E70/><V60/><F60/><W92/><G12/><T105/><D105/><U1/><E1/><V32/><F33/><W26/><G26/><T9/><D46/><U38/><E38/><V42/><F42/><W64/><N who="3" m="24595" /><W71/><DORA hai="118" /><G71/><T101/><D74/><U120/><E24/><V131/><F131/><W50/><G50/><T21/><D34/><U81/><E78/><V37/><F37/><W54/><G54/><T125/><D125/><U58/><E79/><V17/><F32/><W127/><G127/><T63/><D76/><U135/><E58/><V73/><F77/><W83/><G83/><T10/><D44/><U45/><E45/><V91/><F80/><W31/><G31/><T14/><D55/><U62/><E120/><V97/><F28/><W6/><G6/><N who="0" m="3255" /><D63/><U72/><E135/><V0/><F73/><W56/><G56/><T41/><D41/><RYUUKYOKU ba="1,0" sc="182,15,358,-15,230,-15,230,15" hai0="10,14,16,21,25,29,93,101,112,114" hai3="15,18,88,89,92,96,100" /><INIT seed="2,2,0,0,1,23" ten="197,343,215,245" oya="2" hai0="84,110,99,126,92,72,127,135,94,10,5,37,68" hai1="34,75,52,98,27,61,80,125,82,103,74,60,108" hai2="93,100,85,53,78,3,25,18,54,7,109,12,95" hai3="63,121,91,76,35,29,117,44,113,32,13,46,22"/><V65/><F109/><W41/><G117/><T17/><D72/><U40/><E108/><V31/><F65/><W71/><G76/><T57/><D110/><U19/><E40/><V50/><F3/><W28/><G91/><T87/><D68/><U129/><E129/><V30/><F7/><W119/><G22/><T124/><D37/><U69/><E19/><V112/><F112/><W107/><G13/><N who="0" m="5327" /><D135/><U83/><E60/><V79/><F100/><W0/><G63/><T128/><D128/><U106/><E125/><V45/><F54/><W16/><G41/><T6/><D6/><U123/><E52/><V58/><F45/><W122/><G107/><T115/><D115/><U33/><E33/><N who="2" m="20687" /><F95/><N who="0" m="36394" /><D99/><U51/><E123/><V15/><F15/><W66/><G113/><T114/><D114/><U49/><E75/><V26/><F93/><W81/><G0/><T111/><D111/><U116/><E74/><V39/><F39/><W4/><G4/><T43/><D43/><U2/><E2/><V86/><F86/><N who="0" m="32810" /><D17/><U11/><E116/><V96/><F96/><W36/><G16/><T67/><D57/><U48/><E11/><N who="2" m="6431" /><F85/><W77/><G36/><T62/><D67/><N who="1" m="41199" /><E82/><V59/><F59/><W131/><G66/><T120/><D120/><U104/><E104/><V118/><F118/><W132/><G119/><T20/><D20/><U73/><E73/><V130/><F130/><W88/><G131/><T24/><D24/><U102/><E102/><V64/><F64/><W90/><G71/><T14/><D62/><U38/><E38/><V42/><F42/><W55/><G122/><RYUUKYOKU ba="2,0" sc="197,10,343,10,215,10,245,-30" hai0="14,124,126,127" hai1="27,34,48,49,51,80,83,98,103,106" hai2="26,31,50,53,58,78,79" /><INIT seed="2,3,0,1,2,36" ten="207,353,225,215" oya="2" hai0="126,134,5,40,64,101,60,85,55,10,117,133,95" hai1="56,83,1,111,106,59,45,68,53,124,29,33,116" hai2="49,100,22,41,69,14,31,73,113,112,7,80,43" hai3="99,23,75,97,20,130,34,19,54,104,66,131,96"/><V115/><F69/><W135/><G34/><T118/><D126/><U58/><E116/><N who="0" m="44649" /><D55/><U9/><E68/><V127/><F127/><W70/><G135/><N who="0" m="51723" /><D40/><U77/><E111/><V114/><F114/><W46/><G75/><T87/><D95/><U28/><E106/><V21/><F100/><W35/><G35/><T82/><D101/><U122/><E33/><V63/><F63/><N who="3" m="40287" /><G104/><T13/><D82/><U128/><E122/><V129/><F49/><N who="3" m="28983" /><G19/><T86/><D87/><U108/><E128/><AGARI ba="3,0" hai="20,23,96,97,99,128,130,131" m="28983,40287" machi="128" ten="30,1000,0" yaku="19,1" doraHai="36" who="3" fromWho="1" sc="207,0,353,-19,225,0,215,19" /><INIT seed="3,0,0,5,1,36" ten="207,334,225,234" oya="3" hai0="78,29,90,80,33,24,120,118,45,122,62,109,126" hai1="134,44,41,72,12,84,27,102,1,112,4,106,114" hai2="132,77,100,31,115,107,5,93,88,43,103,42,22" hai3="53,121,40,39,59,13,23,92,47,28,79,9,7"/><W38/><G121/><T76/><D118/><U60/><E1/><V117/><F115/><W18/><G79/><T104/><D104/><U25/><E102/><N who="2" m="38955" /><F107/><W70/><G70/><T110/><D126/><U26/><E26/><N who="2" m="16855" /><F117/><W19/><G39/><T119/><D119/><U34/><E84/><N who="2" m="52359" /><F132/><W6/><G28/><T128/><D128/><U58/><E34/><V98/><F98/><W127/><G92/><T99/><D78/><U49/><E72/><V17/><F5/><W30/><G30/><T8/><D8/><U116/><E4/><V37/><F37/><W83/><G83/><T11/><D11/><U64/><E116/><V0/><F0/><W111/><G127/><T82/><D82/><U48/><E106/><V71/><F71/><W69/><G69/><T63/><D120/><U135/><E135/><V20/><F77/><W15/><REACH who="3" step="1"/><G111/><REACH who="3" ten="207,334,225,224" step="2"/><N who="0" m="42507" /><D122/><U74/><E134/><V3/><F3/><W52/><G52/><T123/><D123/><U75/><E112/><V130/><F130/><W2/><G2/><T124/><D124/><U35/><E114/><V10/><F10/><W96/><G96/><T94/><D45/><U89/><E44/><V113/><F113/><W81/><G81/><T14/><D14/><AGARI ba="0,1" hai="14,17,20,42,43" m="52359,16855,38955" machi="14" ten="30,7700,0" yaku="8,1,52,2,54,1" doraHai="36" who="2" fromWho="0" sc="207,-77,334,0,225,87,224,0" owari="130,-37.0,334,43.4,312,11.2,224,-17.6" /></mjloggm>