<mjloggm ver="2.3"><GO type="225" lobby="0"/><UN n0="%E9%80%9F%E6%B0%B4%E5%87%9B%E9%A6%99" n1="%E5%B8%86%E7%AB%8B%E5%A4%8F%E8%A1%A3" n2="%E3%82%B5%E3%83%AB%E3%82%B7%E3%83%B3" n3="%E4%B8%89%E5%86%A0%E7%8E%8B%E3%83%BB%E5%B1%B1%E7%94%B0%E5%93%B2%E4%BA%BA" dan="16,17,16,16" rate="2166.86,2155.76,2117.97,2115.96" sx="F,M,M,M"/><TAIKYOKU oya="0"/><INIT seed="0,0,0,4,4,18" ten="250,250,250,250" oya="0" hai0="116,106,29,67,14,108,124,85,109,49,97,118,8" hai1="9,131,121,34,82,125,113,74,32,87,20,81,83" hai2="107,99,72,128,55,127,117,57,60,119,110,78,40" hai3="129,25,71,16,2,103,93,43,63,54,3,15,77"/><T92/><D49/><U17/><E121/><V84/><F110/><N who="0" m="42602" /><D67/><U112/><E125/><V69/><F127/><W133/><G133/><T68/><D68/><U51/><E131/><V50/><F128/><W105/><G129/><T70/><D70/><U21/><E74/><V66/><F72/><W86/><G43/><T91/><D124/><U76/><E51/><V111/><F111/><W0/><G25/><T88/><D29/><U62/><E62/><V27/><F40/><W44/><G105/><T6/><D106/><U31/><E9/><V53/><F53/><W120/><G120/><T122/><D122/><U46/><E46/><V23/><F107/><W101/><G44/><T79/><D79/><U102/><E102/><V36/><F36/><W12/><G77/><T80/><AGARI ba="0,0" hai="6,8,14,80,85,88,91,92,97,116,118" m="42602" machi="80" ten="30,6000,0" yaku="14,1,10,1,54,1" doraHai="18" who="0" fromWho="0" sc="250,60,250,-20,250,-20,250,-20" /><INIT seed="0,1,0,1,1,26" ten="310,230,230,230" oya="0" hai0="9,106,56,69,119,8,50,91,18,14,45,25,46" hai1="122,93,70,67,53,27,57,129,60,101,114,113,77" hai2="51,59,12,94,103,90,89,78,13,100,99,87,112" hai3="118,110,66,31,33,63,61,96,44,68,4,52,116"/><T23/><D69/><U0/><E122/><V10/><F112/><N who="1" m="43113" /><E0/><V72/><F72/><W104/><G4/><T79/><D106/><U133/><E133/><V11/><F78/><W80/><G80/><T92/><D79/><U39/><E39/><V102/><F13/><W34/><G110/><T65/><D119/><U58/><E129/><V5/><F11/><W40/><G61/><N who="0" m="38055" /><D50/><N who="1" m="30903" /><E77/><V76/><F76/><W28/><G34/><T54/><D54/><U108/><E108/><V124/><F124/><W109/><G109/><T98/><D8/><U62/><E27/><V83/><F59/><W29/><G33/><T20/><D20/><U97/><E62/><V41/><REACH who="2" step="1"/><F51/><REACH who="2" ten="310,230,220,230" step="2"/><W6/><G6/><AGARI ba="1,1" hai="6,9,14,18,23,25,45,46,91,92,98" m="38055" machi="6" ten="30,1500,0" yaku="8,1" doraHai="26" who="0" fromWho="3" sc="310,28,230,0,220,0,230,-18" /><INIT seed="0,2,0,3,5,82" ten="338,230,220,212" oya="0" hai0="67,23,110,80,75,48,74,10,2,53,83,95,13" hai1="71,127,97,125,62,73,96,124,135,77,33,5,94" hai2="120,44,79,25,4,24,106,64,109,6,66,32,55" hai3="121,81,116,78,40,114,113,9,108,58,118,34,19"/><T129/><D2/><U0/><E33/><V45/><F106/><W115/><G58/><T126/><D129/><U11/><E135/><V38/><F120/><W131/><G131/><T132/><D132/><U92/><E77/><V47/><F38/><W27/><G40/><T89/><D67/><N who="2" m="25642" /><F32/><W28/><G121/><T57/><D126/><U122/><E73/><V130/><F130/><W86/><REACH who="3" step="1"/><G108/><REACH who="3" ten="338,230,220,202" step="2"/><T39/><D110/><U119/><E122/><V51/><F109/><W102/><G102/><T88/><D39/><U93/><E119/><V15/><F47/><W69/><G69/><T16/><D74/><U123/><E123/><V8/><F45/><W117/><G117/><T133/><D75/><U26/><E71/><V72/><F72/><W103/><G103/><T54/><D133/><U101/><E101/><V30/><F44/><W98/><G98/><N who="1" m="37994" /><E62/><V17/><F51/><W3/><G3/><T50/><D50/><U37/><E37/><V91/><F55/><W60/><G60/><T49/><D49/><U87/><E26/><V56/><F25/><W41/><G41/><T90/><D54/><U14/><E0/><V52/><F91/><AGARI ba="2,1" hai="5,11,14,87,91,92,93,94,124,125,127" m="37994" machi="91" ten="40,2600,0" yaku="18,1,52,1" doraHai="82" who="1" fromWho="2" sc="338,0,230,42,220,-32,202,0" /><INIT seed="1,0,0,2,4,91" ten="338,272,188,202" oya="1" hai0="60,97,118,108,68,48,32,38,106,41,56,71,40" hai1="29,46,58,34,61,16,63,122,94,79,59,101,31" hai2="21,104,9,74,112,23,62,6,117,93,103,26,96" hai3="65,120,100,130,64,25,128,114,134,131,67,33,72"/><U83/><E122/><V125/><F117/><W80/><G120/><T76/><D32/><U43/><E34/><V51/><F74/><W115/><G134/><T107/><D76/><U119/><E119/><V133/><F133/><W17/><G100/><T15/><D118/><U77/><E46/><V82/><F125/><W90/><G17/><T95/><D108/><U19/><E43/><V69/><F112/><W123/><G123/><T10/><D38/><U35/><E35/><V54/><F82/><W39/><G39/><T28/><D28/><U49/><E49/><V132/><F132/><W92/><G80/><T98/><D71/><U2/><E2/><V89/><F69/><W30/><REACH who="3" step="1"/><G72/><REACH who="3" ten="338,272,188,192" step="2"/><T14/><D107/><U50/><E83/><V124/><F124/><W22/><G22/><T81/><D106/><U66/><E101/><V113/><F23/><W36/><G36/><T12/><D81/><U53/><E19/><N who="2" m="12607" /><F104/><W13/><G13/><T135/><D14/><U88/><E16/><V5/><F113/><W8/><G8/><T129/><D12/><U126/><E126/><V105/><F105/><W18/><G18/><T55/><D15/><U78/><REACH who="1" step="1"/><E50/><REACH who="1" ten="338,262,188,192" step="2"/><V102/><F51/><W127/><G127/><T45/><D48/><U0/><E0/><V47/><F47/><W85/><AGARI ba="0,2" hai="25,30,33,64,65,67,85,90,92,114,115,128,130,131" machi="85" ten="40,8000,1" yaku="1,1,0,1,19,1,52,1,53,1" doraHai="91" doraHaiUra="27" who="3" fromWho="3" sc="338,-20,262,-40,188,-20,192,100" /><INIT seed="2,0,0,3,0,41" ten="318,222,168,292" oya="2" hai0="46,50,20,71,78,17,66,114,95,83,64,27,10" hai1="117,56,58,36,22,128,81,3,53,57,115,54,103" hai2="82,84,42,126,110,61,2,102,108,77,49,18,38" hai3="14,121,62,65,105,28,70,45,60,100,35,43,124"/><V51/><F126/><W15/><G121/><T44/><D71/><U89/><E115/><V90/><F2/><W25/><G62/><T9/><D114/><U97/><E117/><V67/><F102/><W21/><G124/><T131/><D131/><U133/><E133/><V132/><F132/><W134/><G21/><T86/><D95/><N who="1" m="58815" /><E36/><V37/><F18/><W94/><G94/><T39/><D39/><U116/><E3/><V75/><F38/><N who="3" m="21751" /><G134/><T107/><D107/><U26/><E128/><V119/><F119/><W13/><G13/><T91/><D78/><U0/><E0/><V118/><F118/><W5/><G5/><T130/><D130/><U16/><E116/><V6/><F6/><W104/><G104/><T19/><D46/><U80/><E89/><V33/><F33/><W63/><G63/><T101/><D101/><U79/><E79/><V111/><F42/><W125/><G125/><T12/><D9/><U123/><E123/><V69/><REACH who="2" step="1"/><F37/><REACH who="2" ten="318,222,158,292" step="2"/><W113/><G113/><T93/><D17/><U1/><E1/><V72/><F72/><W98/><AGARI ba="0,1" hai="14,15,25,28,35,60,65,70,98,100,105" m="21751" machi="98" ten="30,2000,0" yaku="25,1,52,1" doraHai="41" who="3" fromWho="3" sc="318,-5,222,-5,158,-10,292,30" /><INIT seed="3,0,0,5,0,133" ten="313,217,148,322" oya="3" hai0="114,109,83,1,87,90,55,81,4,103,16,99,94" hai1="0,67,31,104,122,42,11,15,75,65,115,36,52" hai2="19,26,102,135,28,53,131,6,59,13,25,134,125" hai3="22,9,58,91,68,2,86,73,27,79,120,23,21"/><W18/><G68/><T98/><D109/><U63/><E115/><V66/><F102/><W51/><G120/><T69/><D69/><U84/><E75/><V96/><F96/><W50/><G73/><T116/><D116/><U49/><E104/><V5/><F66/><W12/><G79/><T76/><D114/><U117/><E84/><V40/><F40/><W111/><G111/><T124/><D124/><U38/><E117/><V82/><F82/><N who="3" m="49623" /><G2/><T35/><D35/><U8/><E122/><V77/><F77/><W33/><G33/><T54/><D4/><U89/><E89/><V119/><F53/><N who="0" m="19978" /><D1/><U43/><E67/><V39/><F59/><W30/><G51/><T123/><D123/><U10/><E65/><V64/><F64/><W48/><G48/><T113/><D113/><U118/><E63/><V41/><F41/><W71/><G71/><T132/><D132/><N who="2" m="50730" /><F39/><W128/><G128/><T46/><D46/><U74/><E49/><V57/><F57/><W101/><G101/><T108/><D108/><U78/><E43/><V105/><F105/><W17/><G17/><T127/><D127/><U24/><E42/><V92/><F119/><W130/><G130/><T37/><D37/><U70/><E38/><V20/><F131/><W32/><G32/><T97/><D16/><U72/><E36/><V3/><F92/><W85/><G85/><AGARI ba="0,0" hai="76,81,83,85,87,90,94,97,98,99,103" m="19978" machi="85" ten="30,1000,0" yaku="8,1" doraHai="133" who="0" fromWho="3" sc="313,10,217,0,148,0,322,-10" owari="323,42.3,217,-18.3,148,-35.2,312,11.2" /></mjloggm>