<mjloggm ver="2.3"><GO type="225" lobby="0"/><UN n0="%E3%81%BF%E3%81%BF%E3%81%9A" n1="%E3%81%BE%E3%81%A8%E3%81%9F" n2="%6D%75%75%73%61%6E%6D%75" n3="%E3%81%B2%E3%81%BE%E3%81%A4%E3%81%B6%E3%81%97" dan="17,16,16,17" rate="2273.61,2140.11,2090.00,2169.23" sx="M,M,F,M"/><TAIKYOKU oya="0"/><INIT seed="0,0,0,3,5,108" ten="250,250,250,250" oya="0" hai0="57,113,119,71,43,12,28,63,5,36,33,40,98" hai1="128,86,90,20,67,17,0,130,133,56,75,125,78" hai2="70,72,109,80,25,96,34,62,26,18,97,10,59" hai3="60,3,29,94,89,99,103,13,8,120,39,131,58"/><T38/><D28/><U2/><E125/><V95/><F70/><W9/><G120/><T132/><D33/><U48/><E133/><V74/><F109/><W93/><G131/><N who="1" m="50218" /><E78/><V23/><F10/><W50/><G39/><N who="0" m="14891" /><D12/><N who="1" m="9255" /><E75/><V115/><F74/><W7/><G29/><T77/><D98/><U100/><E100/><V51/><F34/><W88/><G50/><T42/><D77/><U81/><E67/><V21/><F51/><W87/><G103/><T4/><D4/><U83/><E83/><V112/><F80/><W14/><REACH who="3" step="1"/><G8/><REACH who="3" ten="250,250,250,240" step="2"/><T66/><D119/><U49/><E49/><V69/><F72/><W31/><G31/><T135/><D5/><U76/><E76/><V16/><F69/><W65/><AGARI ba="0,1" hai="3,7,9,13,14,58,60,65,87,88,89,93,94,99" machi="65" ten="20,5200,0" yaku="1,1,0,1,7,1,54,1,53,0" doraHai="108" doraHaiUra="101" who="3" fromWho="3" sc="250,-26,250,-13,250,-13,240,62" /><INIT seed="1,0,0,4,1,67" ten="224,237,237,302" oya="1" hai0="93,38,16,11,64,129,122,73,43,99,111,81,15" hai1="22,83,6,53,114,123,36,34,30,56,35,12,47" hai2="50,51,26,3,69,112,105,27,25,77,44,95,39" hai3="125,32,24,109,40,62,74,48,119,132,54,110,80"/><U116/><E114/><V133/><F105/><W14/><G125/><T120/><D111/><N who="3" m="42505" /><G132/><T121/><D129/><U94/><E116/><V100/><F133/><W107/><G119/><T89/><D64/><U33/><E123/><V85/><F3/><W5/><G107/><T46/><D81/><U29/><E83/><V19/><F112/><W128/><G128/><T65/><D65/><U106/><E106/><V20/><F39/><W55/><G62/><T60/><D60/><U87/><E47/><V10/><F77/><N who="3" m="44087" /><G40/><T61/><D61/><U66/><E66/><V104/><F104/><W130/><G48/><T4/><REACH who="0" step="1"/><D73/><REACH who="0" ten="214,237,237,302" step="2"/><U97/><E35/><V101/><F51/><W127/><G130/><T45/><D45/><U7/><E34/><V118/><F118/><W68/><G127/><T2/><D2/><U88/><E33/><V8/><F50/><W71/><G32/><T1/><D1/><U135/><E135/><V90/><F44/><W108/><G108/><T49/><D49/><N who="1" m="30767" /><E36/><V79/><F79/><W134/><G134/><T75/><D75/><U126/><E126/><V9/><REACH who="2" step="1"/><F69/><REACH who="2" ten="214,237,227,302" step="2"/><W13/><G71/><T63/><D63/><U131/><E131/><V91/><F91/><W124/><G68/><T92/><D92/><U96/><E94/><V21/><F21/><W72/><G124/><T59/><D59/><U86/><E88/><V37/><F37/><W17/><G72/><T82/><D82/><U76/><E22/><V52/><F52/><N who="3" m="20011" /><G5/><AGARI ba="0,2" hai="4,5,11,15,16,38,43,46,89,93,99,120,121,122" machi="5" ten="40,5200,0" yaku="1,1,13,1,54,1,53,0" doraHai="67" doraHaiUra="98" who="0" fromWho="3" sc="214,72,237,0,227,0,302,-52" /><INIT seed="2,0,0,2,0,6" ten="286,237,227,250" oya="2" hai0="77,58,97,108,39,73,0,134,30,66,71,38,14" hai1="19,52,27,106,100,122,60,65,12,110,80,2,40" hai2="32,126,88,3,125,21,104,90,29,82,102,132,18" hai3="93,22,111,36,107,26,117,10,59,68,24,16,120"/><V15/><F3/><W9/><G107/><T23/><D0/><U47/><E110/><V53/><F132/><W4/><G68/><T1/><D1/><U129/><E2/><V48/><F104/><W119/><G36/><T85/><D71/><U70/><E129/><V74/><F102/><W72/><G72/><T109/><D73/><U44/><E80/><V57/><F32/><W124/><G111/><N who="0" m="42571" /><D97/><U79/><E79/><N who="2" m="44407" /><F29/><W43/><G43/><T116/><D134/><U37/><E122/><V35/><F35/><W112/><G120/><T34/><D34/><U49/><E27/><V5/><F5/><W8/><G112/><T89/><D77/><U50/><E37/><V31/><F31/><W76/><G76/><T7/><D116/><N who="3" m="44617" /><G93/><T55/><D66/><U81/><E81/><V130/><F130/><W17/><G59/><T99/><D99/><U45/><E106/><V128/><F128/><W62/><G62/><N who="0" m="36191" /><D30/><U63/><E63/><V54/><F54/><W87/><G87/><T20/><D20/><U83/><E100/><V75/><F75/><W103/><G103/><T94/><D23/><U86/><E83/><V121/><F121/><W115/><G115/><T64/><D64/><U133/><E133/><V11/><F21/><N who="3" m="13351" /><G4/><T25/><D25/><U69/><E69/><V46/><F57/><W28/><G28/><T123/><D123/><U127/><E86/><V84/><F84/><W67/><G67/><T113/><D113/><U105/><E105/><V56/><F56/><W61/><G61/><T41/><D41/><U92/><E70/><V91/><AGARI ba="0,0" hai="11,15,18,46,48,53,88,90,91,125,126" m="44407" machi="91" ten="30,6000,0" yaku="5,1,52,1,54,1" doraHai="6" who="2" fromWho="2" sc="286,-20,237,-20,227,60,250,-20" /><INIT seed="2,1,0,0,1,61" ten="266,217,287,230" oya="2" hai0="73,80,111,107,17,103,122,53,70,14,81,114,78" hai1="120,64,46,49,127,13,87,3,95,90,123,54,67" hai2="71,34,37,88,66,118,113,24,131,135,106,116,132" hai3="50,92,85,44,58,27,22,18,79,84,128,77,134"/><V83/><F106/><W115/><G128/><T0/><D0/><U89/><E3/><V30/><F37/><W63/><G134/><N who="2" m="51241" /><F113/><W56/><G115/><T25/><D122/><N who="1" m="46635" /><E127/><V109/><F131/><W51/><G51/><T40/><D111/><U65/><E13/><V96/><F109/><W99/><G79/><T121/><D81/><U2/><E2/><V36/><F36/><W57/><G77/><T16/><D40/><U11/><E90/><V94/><F83/><W8/><G8/><AGARI ba="1,0" hai="8,11,46,49,54,64,65,67,87,89,95" m="46635" machi="8" ten="30,7700,0" yaku="13,1,52,3" doraHai="61" who="1" fromWho="3" sc="266,0,217,80,287,0,230,-80" /><INIT seed="3,0,0,1,5,49" ten="266,297,287,150" oya="3" hai0="31,0,56,3,12,16,76,69,48,53,60,10,92" hai1="71,28,42,67,66,77,73,58,85,95,84,46,11" hai2="15,89,121,114,104,68,83,91,22,4,108,44,18" hai3="35,129,127,113,96,100,51,135,87,132,40,54,119"/><W9/><G35/><T17/><D31/><U2/><E71/><V62/><F114/><W82/><G113/><T72/><D92/><U20/><E95/><V115/><F115/><W64/><G119/><T57/><D69/><U120/><E28/><V65/><F104/><W26/><G127/><T116/><D116/><U98/><E98/><V63/><F108/><W29/><G129/><T55/><REACH who="0" step="1"/><D17/><REACH who="0" ten="256,297,287,150" step="2"/><U21/><E120/><V30/><F68/><W99/><G64/><T93/><D93/><U61/><E67/><V14/><F65/><W86/><G40/><T38/><D38/><U123/><E123/><V74/><F121/><W110/><G9/><T33/><D33/><U39/><E11/><V126/><F30/><W7/><G7/><T34/><D34/><U81/><E2/><V23/><F126/><W27/><G110/><T79/><D79/><U109/><E109/><V111/><F111/><W117/><G117/><T52/><D52/><U32/><E32/><V8/><F23/><N who="3" m="15583" /><G27/><T106/><D106/><U13/><E20/><V122/><F122/><W6/><G6/><T25/><D25/><U88/><E21/><V80/><F4/><W75/><G75/><T124/><D124/><U19/><E19/><V59/><F74/><W125/><G125/><T50/><D50/><U107/><E107/><V103/><F22/><W37/><G37/><T90/><D90/><U5/><E88/><V70/><F70/><W130/><G130/><T112/><D112/><U45/><E73/><V78/><F8/><W131/><G131/><T43/><D43/><U97/><E42/><RYUUKYOKU ba="0,1" sc="256,30,297,-10,287,-10,150,-10" hai0="0,3,10,12,16,48,53,55,56,57,60,72,76" /><INIT seed="4,1,1,2,1,116" ten="286,287,277,140" oya="0" hai0="123,119,98,88,81,47,87,101,3,108,64,12,127" hai1="112,82,23,13,31,38,55,90,86,102,56,29,2" hai2="62,50,113,100,51,70,40,107,128,44,76,20,66" hai3="84,58,9,60,78,126,19,99,121,135,53,129,77"/><T48/><D123/><U115/><E38/><V54/><F76/><N who="3" m="29291" /><G126/><T18/><D3/><U67/><E2/><V49/><F107/><W85/><G129/><T97/><D119/><U10/><E102/><V33/><F33/><W46/><G135/><T24/><D127/><U26/><E67/><V43/><F100/><W117/><G117/><T35/><D108/><U79/><E29/><V30/><F128/><W118/><G118/><T69/><D64/><U14/><E79/><V111/><F111/><W57/><G121/><T83/><D69/><U131/><E131/><V130/><F130/><W89/><G46/><T6/><D83/><U5/><REACH who="1" step="1"/><E14/><REACH who="1" ten="286,277,277,140" step="2"/><V122/><F122/><W15/><G57/><T22/><D101/><U37/><E37/><V114/><F66/><W94/><AGARI ba="1,2" hai="9,15,19,53,58,60,84,85,89,94,99" m="29291" machi="94" ten="30,1100,0" yaku="8,1" doraHai="116" who="3" fromWho="3" sc="286,-6,277,-4,277,-4,140,34" /><INIT seed="5,0,0,2,1,79" ten="280,273,273,174" oya="1" hai0="40,130,85,21,109,19,34,124,4,42,75,126,98" hai1="2,8,70,38,122,81,26,74,7,111,3,16,135" hai2="100,68,28,73,63,112,90,131,104,31,14,24,5" hai3="99,11,129,94,119,20,87,103,97,36,13,10,88"/><U35/><E122/><V71/><F73/><W67/><G36/><T49/><D75/><U80/><E135/><V9/><F131/><W72/><G72/><T86/><D34/><U30/><E70/><V23/><F112/><W92/><G129/><T117/><D109/><U6/><E111/><V83/><F31/><W78/><G119/><T91/><D4/><U66/><E66/><V77/><F77/><W110/><G110/><T64/><D130/><U27/><E38/><V133/><F133/><W58/><G67/><T54/><D64/><U52/><E52/><V22/><F63/><W114/><G114/><T0/><D98/><U127/><E127/><N who="0" m="48681" /><D85/><U116/><E116/><V118/><F118/><W60/><G60/><T53/><D0/><U65/><E65/><V108/><F108/><W106/><G58/><N who="0" m="33071" /><D54/><U29/><E74/><V101/><F104/><W134/><G134/><T123/><D123/><U12/><E6/><V107/><F107/><W56/><G56/><T121/><D121/><U125/><E2/><V45/><F45/><W95/><G106/><T62/><D117/><U43/><E43/><V48/><F48/><W84/><G84/><T51/><D51/><U102/><E102/><N who="2" m="39531" /><F71/><W96/><G103/><T105/><D105/><U15/><E125/><V61/><F61/><W41/><G41/><T82/><D62/><U37/><E37/><V59/><F59/><W39/><G39/><T55/><D55/><U115/><E115/><V76/><F68/><W128/><G128/><T50/><D50/><U69/><E69/><V44/><F44/><W1/><G1/><RYUUKYOKU ba="0,0" sc="280,30,273,-10,273,-10,174,-10" hai0="19,21,40,42,82,86,91" owari="310,41.0,263,6.3,263,-13.7,164,-33.6" /></mjloggm>