<mjloggm ver="2.3"><GO type="225" lobby="0"/><UN n0="%E3%81%A1%E3%82%85%E3%81%86%E3%81%A9%E3%81%8F%E8%B1%A1%E3%81%95%E3%82%93" n1="%E7%89%B9%E6%9D%B1%E3%81%AF%E4%B8%96%E7%95%8C%E3%82%92%E6%95%91%E3%81%86" n2="%73%7A%2E%64%31" n3="%E6%A1%9C%E8%8A%B1%E9%96%83%E3%80%85" dan="17,16,16,17" rate="2135.69,2135.56,2108.32,2209.44" sx="M,M,M,M"/><TAIKYOKU oya="0"/><INIT seed="0,0,0,5,2,99" ten="250,250,250,250" oya="0" hai0="70,3,78,125,124,13,16,131,105,95,28,82,133" hai1="18,92,100,2,26,24,88,4,68,116,7,47,40" hai2="48,62,123,46,6,90,22,12,9,51,83,43,30" hai3="52,31,114,107,86,104,119,117,32,74,35,36,118"/><T64/><D3/><U93/><E116/><V77/><F123/><W97/><G114/><T96/><D28/><U73/><E68/><V120/><F120/><W56/><G74/><T37/><D37/><U21/><E73/><V11/><F11/><W91/><G36/><T103/><D133/><U122/><E122/><V49/><F90/><W69/><G69/><T45/><D45/><U17/><E2/><V132/><F132/><W33/><G31/><T84/><D131/><U102/><E47/><V72/><F62/><W89/><G97/><T71/><D105/><U19/><E40/><V65/><F65/><W20/><G20/><N who="0" m="11279" /><D64/><U14/><E26/><V66/><F66/><W85/><G91/><T113/><D113/><U98/><E93/><V87/><F72/><W80/><REACH who="3" step="1"/><G86/><REACH who="3" ten="250,250,250,240" step="2"/><T110/><D110/><U75/><E75/><V130/><F130/><W34/><N who="3" m="8192" /><DORA hai="101" /><W106/><G106/><T15/><D70/><U111/><E111/><V50/><F30/><W10/><G10/><T129/><D71/><U67/><E67/><V5/><REACH who="2" step="1"/><F22/><REACH who="2" ten="250,250,240,240" step="2"/><W63/><AGARI ba="0,2" hai="52,56,63,80,85,89,104,107,117,118,119" m="8192" machi="63" ten="70,12000,2" yaku="1,1,0,1,52,2,54,1,53,1" doraHai="99,101" doraHaiUra="135,79" who="3" fromWho="3" sc="250,-60,250,-30,240,-30,240,140" /><INIT seed="1,0,0,5,4,115" ten="190,220,210,380" oya="1" hai0="120,101,68,9,12,131,95,24,75,113,82,2,93" hai1="73,3,81,69,51,14,105,48,45,57,112,96,6" hai2="38,39,36,110,71,41,62,87,94,109,116,67,23" hai3="79,5,15,1,125,65,80,83,121,49,28,117,21"/><U33/><E112/><V53/><F23/><W108/><G121/><T123/><D113/><U85/><E69/><V128/><F87/><W54/><G1/><T104/><D68/><U58/><E33/><V133/><F94/><W76/><G108/><N who="2" m="41577" /><F128/><W19/><G117/><T46/><D2/><U47/><E3/><V66/><F133/><W30/><G125/><T103/><D46/><U29/><E73/><V127/><F66/><W130/><G65/><T55/><D55/><N who="1" m="30111" /><E29/><N who="3" m="11370" /><G5/><N who="0" m="3119" /><D24/><U59/><E96/><V129/><F129/><W13/><G13/><T91/><D131/><U74/><E74/><V72/><F72/><W44/><G130/><T27/><D27/><U52/><E105/><V35/><F35/><W84/><G80/><T61/><D61/><N who="1" m="36007" /><E14/><V118/><F127/><W77/><AGARI ba="0,0" hai="15,19,21,44,49,54,76,77,79,83,84" m="11370" machi="77" ten="30,1100,0" yaku="8,1" doraHai="115" who="3" fromWho="3" sc="190,-3,220,-5,210,-3,380,11" /><INIT seed="2,0,0,4,2,89" ten="187,215,207,391" oya="2" hai0="135,103,75,61,25,96,41,102,106,129,58,134,83" hai1="113,28,50,78,125,57,123,70,65,3,84,73,60" hai2="55,21,114,128,93,19,47,53,4,23,29,33,88" hai3="5,110,130,71,7,133,104,82,16,64,99,92,74"/><V48/><F128/><W119/><G119/><T37/><D129/><U91/><E113/><V42/><F114/><W0/><G130/><T26/><D102/><U117/><E117/><V51/><F4/><W35/><G35/><T43/><D83/><U11/><E73/><V56/><F33/><W94/><G104/><T132/><D75/><U98/><E28/><V68/><F68/><W112/><G110/><T46/><REACH who="0" step="1"/><D41/><REACH who="0" ten="177,215,207,391" step="2"/><U34/><E78/><V45/><F29/><W18/><G82/><T122/><D122/><U80/><E123/><V86/><REACH who="2" step="1"/><F19/><REACH who="2" ten="177,215,197,391" step="2"/><W67/><G16/><T116/><D116/><U40/><E125/><V120/><F120/><W95/><G18/><T127/><D127/><U111/><E111/><V81/><F81/><W30/><G30/><T63/><D63/><AGARI ba="0,2" hai="21,23,42,45,47,48,51,53,55,56,63,86,88,93" machi="63" ten="30,18000,2" yaku="1,1,7,1,8,1,52,1,54,1,53,1" doraHai="89" doraHaiUra="52" who="2" fromWho="0" sc="177,-180,215,0,197,200,391,0" owari="-3,-50.3,215,-18.5,397,49.7,391,19.1" /></mjloggm>