<mjloggm ver="2.3"><GO type="225" lobby="0"/><UN n0="%E3%81%AF%E3%82%88%E3%81%8A%E3%81%98%E3%81%95%E3%82%93" n1="%4C%4F%4C%49%54%41" n2="%6D%75%75%73%61%6E%6D%75" n3="%28%EF%BF%A3%E2%96%BD%EF%BF%A3%29%CE%B4%E2%8C%92%E3%83%BB" dan="17,16,16,17" rate="2155.59,2216.30,2089.89,2281.18" sx="M,F,F,M"/><TAIKYOKU oya="0"/><INIT seed="0,0,0,0,0,25" ten="250,250,250,250" oya="0" hai0="11,127,27,44,129,26,57,98,49,99,56,72,61" hai1="52,103,111,64,134,37,41,47,22,104,32,68,35" hai2="93,70,80,105,77,133,8,86,39,90,89,118,18" hai3="55,106,130,28,67,59,121,65,97,53,63,43,82"/><T13/><D72/><U62/><E111/><V92/><F105/><W12/><G130/><T85/><D127/><U126/><E126/><V20/><F70/><W120/><G82/><T42/><D129/><U45/><E134/><V7/><F39/><W109/><G109/><T96/><D85/><U71/><E71/><V48/><F133/><W87/><G87/><T132/><D132/><U116/><E116/><V83/><F118/><W50/><G12/><T58/><REACH who="0" step="1"/><D61/><REACH who="0" ten="240,250,250,250" step="2"/><U14/><E62/><V2/><F77/><W128/><G128/><T123/><D123/><U5/><E64/><V6/><F86/><W66/><G120/><T4/><AGARI ba="0,1" hai="4,11,13,26,27,42,44,49,56,57,58,96,98,99" machi="4" ten="30,11700,0" yaku="1,1,0,1,8,1,53,1" doraHai="25" doraHaiUra="0" who="0" fromWho="0" sc="240,127,250,-39,250,-39,250,-39" /><INIT seed="0,1,0,5,2,93" ten="367,211,211,211" oya="0" hai0="94,63,20,33,57,129,0,77,87,125,86,30,67" hai1="19,22,8,121,126,75,70,106,36,54,117,124,85" hai2="89,7,24,45,91,135,49,29,73,1,53,59,79" hai3="97,120,103,122,25,43,78,99,110,112,52,102,37"/><T76/><D0/><U56/><E75/><V44/><F135/><W3/><G3/><T12/><D33/><U10/><E117/><V42/><F73/><W132/><G132/><T109/><D125/><N who="1" m="48235" /><E121/><N who="3" m="46698" /><G112/><T81/><D129/><U41/><E70/><V26/><F79/><W2/><G2/><T80/><D109/><U92/><E106/><V113/><F45/><N who="3" m="23791" /><G78/><T66/><D94/><U39/><E85/><V108/><F113/><W72/><G72/><T18/><REACH who="0" step="1"/><D30/><REACH who="0" ten="357,211,211,211" step="2"/><U134/><E92/><V64/><F108/><W61/><G110/><T68/><D68/><U23/><E134/><V51/><F29/><W104/><G104/><T16/><D16/><U58/><E19/><V17/><F1/><W96/><G25/><T21/><D21/><U65/><E23/><V88/><F17/><W60/><G60/><T100/><D100/><U46/><E22/><V82/><F7/><W50/><G61/><T130/><D130/><U74/><E8/><V5/><F5/><W90/><G90/><T107/><D107/><U95/><E10/><V118/><F118/><W116/><G116/><T4/><D4/><U27/><E27/><N who="2" m="10283" /><F82/><W127/><G127/><T71/><D71/><U98/><E95/><V105/><F105/><W34/><G34/><T14/><D14/><U119/><E119/><V69/><F69/><W47/><AGARI ba="1,1" hai="47,50,52,96,97,99,102,103" m="23791,46698" machi="47" ten="30,8000,1" yaku="13,1,52,3,54,1" doraHai="93" who="3" fromWho="3" sc="357,-41,211,-21,211,-21,211,93" /><INIT seed="1,0,0,5,2,36" ten="316,190,190,304" oya="1" hai0="125,4,94,102,109,95,42,126,123,61,19,15,43" hai1="130,7,127,74,2,83,58,99,88,101,68,56,115" hai2="66,129,38,78,11,80,28,29,24,73,9,81,52" hai3="82,91,47,60,86,92,114,40,67,96,107,35,71"/><U113/><E68/><V5/><F129/><W1/><G1/><T53/><D4/><U84/><E130/><V50/><F38/><W75/><G35/><T48/><D109/><U87/><E127/><N who="0" m="48649" /><D61/><U33/><E33/><V34/><F66/><W119/><G119/><T12/><D123/><U8/><E74/><V41/><F29/><W128/><G128/><T51/><D51/><U93/><REACH who="1" step="1"/><E87/><REACH who="1" ten="316,180,190,304" step="2"/><V76/><F5/><W90/><G75/><T31/><D31/><U117/><E117/><V55/><F73/><W70/><G114/><AGARI ba="0,1" hai="2,7,8,56,58,83,84,88,93,99,101,113,114,115" machi="114" ten="40,3900,0" yaku="1,1,54,1,53,0" doraHai="36" doraHaiUra="63" who="1" fromWho="3" sc="316,0,180,49,190,0,304,-39" /><INIT seed="1,1,0,4,3,79" ten="316,229,190,265" oya="1" hai0="1,126,41,104,101,25,4,107,44,73,31,17,86" hai1="19,119,95,43,88,53,16,128,130,118,40,6,114" hai2="81,51,54,97,94,135,111,0,105,7,77,3,98" hai3="57,11,52,34,48,33,75,129,110,42,15,83,134"/><U29/><E114/><V113/><F113/><W123/><G123/><T87/><D73/><U74/><E29/><V2/><F111/><W120/><G120/><T124/><D17/><N who="1" m="6731" /><E6/><V93/><F135/><W61/><G110/><T38/><D1/><U28/><E28/><V82/><F7/><W125/><G134/><T68/><D68/><U115/><E53/><V18/><F18/><W122/><G122/><T55/><D4/><U23/><E23/><V100/><F77/><W62/><G15/><T8/><D8/><U65/><E65/><V66/><F66/><W103/><G11/><T64/><D64/><U37/><E74/><V30/><F30/><W112/><G112/><T84/><D55/><U69/><E69/><V96/><F96/><W60/><G42/><N who="1" m="15914" /><E37/><V14/><F14/><W32/><G103/><T67/><D67/><U56/><E56/><V5/><F5/><W36/><G36/><T21/><REACH who="0" step="1"/><D101/><REACH who="0" ten="306,229,190,265" step="2"/><U9/><E9/><V132/><F132/><W12/><G52/><T63/><D63/><U116/><E115/><V90/><REACH who="2" step="1"/><F105/><AGARI ba="1,1" hai="21,25,31,38,41,44,84,86,87,104,105,107,124,126" machi="105" ten="40,2600,0" yaku="1,1,53,1" doraHai="79" doraHaiUra="24" who="0" fromWho="2" sc="306,39,229,0,190,-29,265,0" /><INIT seed="2,0,0,0,4,54" ten="345,229,161,265" oya="2" hai0="19,26,103,27,29,94,31,72,42,113,48,41,71" hai1="102,60,28,100,68,44,21,4,109,74,3,32,1" hai2="0,84,129,111,108,125,23,83,126,45,47,118,105" hai3="91,80,63,116,17,20,114,33,134,69,92,87,86"/><V53/><F118/><W35/><G116/><T79/><D71/><U5/><E74/><V73/><F73/><W124/><G134/><T90/><D113/><U40/><E32/><V11/><F105/><W61/><G114/><T34/><D103/><U49/><E109/><N who="2" m="42059" /><F129/><W7/><G7/><T52/><D19/><U39/><E1/><V46/><F23/><W95/><G124/><N who="2" m="47721" /><F0/><W82/><G35/><T38/><D79/><U55/><E3/><V62/><F11/><W132/><G33/><T24/><D72/><U15/><E28/><N who="0" m="10825" /><D38/><U96/><E21/><V76/><F62/><N who="3" m="23563" /><G132/><T121/><D121/><U106/><E15/><V122/><F122/><W78/><G69/><T10/><D10/><U119/><E119/><V57/><F57/><W13/><AGARI ba="0,0" hai="13,17,20,78,80,82,86,87,91,92,95" m="23563" machi="13" ten="30,1100,0" yaku="8,1" doraHai="54" who="3" fromWho="3" sc="345,-3,229,-3,161,-5,265,11" /><INIT seed="3,0,0,3,4,93" ten="342,226,156,276" oya="3" hai0="130,124,44,116,60,82,12,132,134,95,80,53,114" hai1="63,58,8,18,55,42,76,31,23,85,133,107,43" hai2="78,56,28,29,98,113,37,36,117,21,66,25,62" hai3="131,88,65,6,67,104,9,92,54,79,73,17,83"/><W129/><G104/><T102/><D116/><U126/><E107/><V34/><F117/><W24/><G54/><T27/><D124/><U33/><E133/><N who="0" m="51305" /><D130/><N who="3" m="49673" /><G24/><T75/><D114/><U32/><E32/><V94/><F78/><W46/><G46/><T123/><D123/><U39/><E39/><V90/><F113/><W59/><G59/><N who="0" m="34927" /><D75/><U57/><E33/><V19/><REACH who="2" step="1"/><F29/><REACH who="2" ten="342,226,146,276" step="2"/><W26/><G79/><T121/><D121/><U14/><E126/><V87/><F87/><N who="3" m="52255" /><G73/><T89/><D102/><U1/><E76/><V40/><F40/><W51/><G83/><T11/><D80/><U101/><E42/><V97/><F97/><W49/><G67/><T22/><D82/><U41/><E43/><V86/><F86/><W119/><G65/><T112/><D112/><U127/><E127/><V71/><F71/><W77/><G77/><T15/><D89/><U120/><E41/><V70/><F70/><W109/><G119/><T84/><D84/><U16/><E120/><V47/><F47/><W7/><G109/><T81/><D44/><U20/><E101/><V52/><F52/><W105/><G51/><T103/><D81/><U3/><E85/><V122/><F122/><W115/><G49/><T10/><D103/><U13/><E57/><V50/><F50/><W30/><G115/><T61/><D61/><U45/><E45/><V48/><F48/><W135/><G135/><T106/><D106/><U0/><E31/><V4/><F4/><AGARI ba="0,1" hai="0,1,3,4,8,13,14,16,18,20,23,55,58,63" machi="4" ten="40,2600,0" yaku="9,1,54,1" doraHai="93" who="1" fromWho="2" sc="342,0,226,36,146,-26,276,0" owari="342,44.2,262,-13.8,120,-38.0,276,7.6" /></mjloggm>