<mjloggm ver="2.3"><GO type="225" lobby="0"/><UN n0="%E6%97%A5%E6%9B%9C%E6%97%A5%E3%82%88%E3%82%8A%E3%81%AE%E4%BD%BF%E8%80%85" n1="%E9%B3%B3%E6%9D%B1%E3%81%AE%E3%81%86%E3%81%95%E3%81%8E%E3%81%95%E3%82%93" n2="%E3%81%A9%E3%82%8F%E3%82%93%E3%81%94" n3="%E3%81%B2%E3%81%AA%E3%81%AE%E3%82%8A%E3%81%8F" dan="17,16,16,16" rate="2168.79,2189.44,2167.51,2187.85" sx="M,M,M,M"/><TAIKYOKU oya="0"/><INIT seed="0,0,0,4,5,9" ten="250,250,250,250" oya="0" hai0="134,20,55,132,15,42,85,53,133,86,129,47,36" hai1="24,26,121,7,35,8,103,81,88,118,37,89,98" hai2="109,131,57,111,79,105,125,91,38,77,108,94,96" hai3="39,92,120,130,110,114,72,28,83,60,82,27,6"/><T2/><D2/><U50/><E118/><V10/><F38/><W16/><G39/><T3/><D3/><U12/><E121/><V34/><F34/><W123/><G114/><T68/><D68/><U41/><E37/><V66/><F131/><W135/><G130/><T52/><D129/><U59/><E35/><V46/><F46/><W115/><G115/><T112/><D112/><U113/><E113/><V62/><F125/><W30/><G110/><T56/><D56/><U76/><E24/><V127/><F127/><W80/><G6/><T84/><D20/><U74/><E26/><V64/><F64/><W11/><G72/><T23/><D23/><U18/><E18/><V117/><F105/><W128/><G128/><T119/><D119/><U54/><REACH who="1" step="1"/><E41/><REACH who="1" ten="250,240,250,250" step="2"/><V78/><F117/><W4/><G27/><T32/><D32/><U19/><E19/><V116/><F116/><W102/><G16/><T14/><AGARI ba="0,1" hai="14,15,36,42,47,52,53,55,84,85,86,132,133,134" machi="14" ten="40,18000,2" yaku="0,1,29,2,20,1,52,2,54,1" doraHai="9" who="0" fromWho="0" sc="250,190,240,-60,250,-60,250,-60" /><INIT seed="0,1,0,5,2,125" ten="440,180,190,190" oya="0" hai0="26,93,32,120,102,41,24,107,15,68,78,25,17" hai1="95,73,94,11,90,119,64,110,28,104,31,22,49" hai2="101,106,42,23,59,27,0,111,30,83,112,12,54" hai3="133,1,89,7,14,8,100,66,122,37,56,38,113"/><T97/><D120/><U3/><E119/><V116/><F111/><W108/><G113/><T9/><D68/><U121/><E121/><V10/><F112/><W92/><G122/><T71/><D71/><U48/><E104/><V124/><F116/><W98/><G108/><T115/><D115/><U57/><E73/><V82/><F124/><W72/><G72/><T63/><D41/><U96/><E110/><V40/><F0/><W6/><G133/><T131/><D78/><U46/><E3/><V88/><F101/><W43/><G43/><N who="2" m="16425" /><F106/><W79/><G79/><T81/><D81/><U18/><E11/><V74/><F74/><W128/><G1/><T65/><D107/><U126/><E126/><V60/><F88/><W67/><G38/><T55/><D55/><N who="1" m="30103" /><E94/><V105/><F105/><W85/><G37/><T62/><D32/><U109/><E109/><V20/><F20/><W127/><G127/><T21/><D21/><U35/><E35/><V76/><F76/><W47/><G6/><AGARI ba="1,0" hai="6,10,12,23,27,30,54,59,60,82,83" m="16425" machi="6" ten="30,1000,0" yaku="8,1" doraHai="125" who="2" fromWho="3" sc="440,0,180,0,190,13,190,-13" /><INIT seed="1,0,0,4,0,46" ten="440,180,203,177" oya="1" hai0="3,29,131,92,56,84,9,48,53,118,61,113,6" hai1="117,101,54,107,34,114,37,8,96,130,70,32,83" hai2="41,20,43,100,98,58,14,47,74,120,66,55,59" hai3="72,18,49,50,21,63,116,24,122,13,52,42,39"/><U109/><E114/><V134/><F120/><W44/><G122/><T121/><D121/><U19/><E117/><V69/><F74/><W28/><G116/><T45/><D113/><U95/><E70/><V132/><F14/><W90/><G72/><T110/><D118/><U80/><E37/><V10/><F10/><W4/><G4/><T125/><D110/><U86/><E109/><V127/><F20/><W16/><G39/><T81/><D125/><U35/><E130/><V94/><F127/><W128/><G128/><T73/><D131/><U71/><E71/><V11/><F11/><N who="3" m="6207" /><G63/><T87/><D29/><U124/><E124/><V1/><F1/><W36/><G36/><T64/><D92/><U89/><E19/><V27/><F27/><W23/><G90/><T129/><D129/><U85/><E8/><V102/><F102/><W7/><G7/><T31/><D31/><U91/><REACH who="1" step="1"/><E54/><REACH who="1" ten="440,170,203,177" step="2"/><V115/><F115/><W0/><G0/><T133/><D9/><U57/><E57/><V2/><F2/><W126/><G126/><T97/><D3/><U108/><E108/><V123/><F123/><W68/><G68/><T25/><D56/><U75/><E75/><V40/><F69/><W76/><G76/><T103/><D53/><U119/><E119/><V17/><F17/><W51/><G52/><T38/><D73/><U104/><AGARI ba="0,1" hai="32,34,35,80,83,85,86,89,91,95,96,101,104,107" machi="104" ten="40,18000,2" yaku="1,1,0,1,9,1,53,3" doraHai="46" doraHaiUra="30" who="1" fromWho="1" sc="440,-60,170,190,203,-60,177,-60" /><INIT seed="1,1,0,4,2,14" ten="380,360,143,117" oya="1" hai0="29,132,8,67,126,1,134,30,69,24,127,62,18" hai1="115,108,82,107,116,7,57,42,72,114,112,101,11" hai2="96,121,20,93,118,89,99,98,111,119,4,70,53" hai3="32,124,41,78,6,64,39,104,130,122,113,15,13"/><U3/><E116/><V71/><F4/><W26/><G104/><T21/><D1/><U125/><E125/><N who="0" m="47625" /><D8/><U92/><E108/><V80/><F121/><W9/><G122/><T97/><D97/><U58/><E107/><V25/><F111/><W105/><G105/><T46/><D46/><U48/><E101/><V86/><F71/><W56/><G124/><T109/><D109/><U36/><E92/><V94/><F70/><W63/><G113/><T23/><D23/><U16/><E48/><V59/><F119/><W106/><G106/><T45/><D45/><N who="1" m="23751" /><E16/><N who="2" m="12423" /><F118/><W83/><G130/><T35/><D35/><U87/><E87/><V40/><F40/><W85/><G41/><T129/><D129/><U77/><AGARI ba="1,0" hai="3,7,11,57,58,72,77,82,112,114,115" m="23751" machi="77" ten="40,2100,0" yaku="25,1" doraHai="14" who="1" fromWho="1" sc="380,-8,360,24,143,-8,117,-8" /><INIT seed="1,2,0,4,3,116" ten="372,384,135,109" oya="1" hai0="62,134,16,80,42,94,85,119,1,4,91,7,12" hai1="112,67,5,23,79,122,92,97,82,54,53,123,84" hai2="83,36,78,130,70,81,60,15,110,51,25,129,47" hai3="77,68,34,27,64,86,41,32,99,87,135,40,115"/><U48/><E112/><V128/><F110/><W117/><G115/><T120/><D119/><U2/><E67/><N who="2" m="41319" /><F36/><W24/><G117/><T118/><D118/><U21/><E2/><V30/><F15/><W109/><G109/><T111/><D1/><U93/><E5/><V72/><F78/><W103/><G135/><T107/><D107/><U95/><E97/><V11/><F11/><W100/><G99/><T50/><D111/><U38/><E38/><V44/><F72/><W20/><G20/><N who="0" m="11271" /><D134/><U14/><E53/><N who="2" m="29927" /><F47/><W26/><G26/><T131/><D4/><U17/><REACH who="1" step="1"/><E21/><AGARI ba="2,0" hai="21,25,30,81,83,128,129,130" m="29927,41319" machi="21" ten="30,1000,0" yaku="19,1" doraHai="116" who="2" fromWho="1" sc="372,0,384,-16,135,16,109,0" /><INIT seed="2,0,0,1,1,92" ten="372,368,151,109" oya="2" hai0="99,90,86,6,39,118,50,22,110,95,15,1,107" hai1="70,21,25,35,62,97,116,68,133,0,59,93,5" hai2="37,105,55,123,23,112,73,45,2,79,77,48,81" hai3="125,28,44,84,89,16,58,31,72,122,66,17,51"/><V60/><F123/><W96/><G72/><T87/><D39/><U120/><E116/><V83/><F112/><W76/><G122/><T8/><D118/><U114/><E35/><V71/><F2/><W67/><G125/><T131/><D110/><U128/><E114/><V26/><F37/><W104/><G76/><T40/><D131/><U75/><E75/><V20/><F105/><W4/><G4/><T46/><D107/><U111/><E120/><V52/><F26/><W3/><G3/><T106/><D106/><U80/><E80/><V63/><F60/><N who="3" m="38167" /><G104/><T69/><D69/><U74/><E74/><V113/><F113/><W101/><G67/><T119/><D119/><U61/><E111/><V41/><F71/><W56/><G56/><T27/><REACH who="0" step="1"/><D1/><REACH who="0" ten="362,368,151,109" step="2"/><U108/><E108/><V57/><F41/><N who="3" m="24975" /><G101/><T53/><D53/><U91/><E128/><V129/><F129/><W82/><G96/><T132/><D132/><U103/><E133/><V13/><REACH who="2" step="1"/><F13/><REACH who="2" ten="362,368,141,109" step="2"/><W30/><AGARI ba="0,2" hai="16,17,28,30,31,82,84,89" m="24975,38167" machi="30" ten="30,2000,0" yaku="8,1,54,1" doraHai="92" who="3" fromWho="3" sc="362,-5,368,-5,141,-10,109,40" /><INIT seed="3,0,0,2,2,100" ten="357,363,131,149" oya="3" hai0="16,90,19,91,58,62,123,83,81,20,116,39,45" hai1="29,12,9,87,65,89,42,49,43,55,1,131,17" hai2="113,77,22,86,85,72,33,121,10,134,25,54,114" hai3="103,82,47,46,8,118,30,28,6,7,37,11,129"/><W84/><G118/><T133/><D116/><U79/><E131/><V104/><F33/><W4/><G129/><T66/><D123/><U60/><E1/><V52/><F121/><W96/><G30/><T2/><D2/><U107/><E107/><V130/><F130/><W3/><G28/><T56/><D133/><U40/><E79/><V23/><F104/><W92/><G37/><T59/><D39/><U76/><E76/><V26/><F134/><W80/><G80/><N who="0" m="30795" /><D45/><N who="3" m="16905" /><G3/><T24/><D19/><U74/><E74/><V67/><F77/><AGARI ba="0,0" hai="4,6,7,8,11,77,82,84,92,96,103" m="16905" machi="77" ten="30,1500,0" yaku="8,1" doraHai="100" who="3" fromWho="2" sc="357,0,363,0,131,-15,149,15" /><INIT seed="3,1,0,1,5,119" ten="357,363,116,164" oya="3" hai0="34,57,32,5,66,111,30,92,82,61,11,35,100" hai1="87,78,45,113,40,110,102,88,63,104,23,22,17" hai2="38,43,76,39,80,60,81,120,70,15,16,98,62" hai3="46,13,95,125,135,128,65,53,96,109,1,108,79"/><W19/><G1/><T0/><D111/><N who="3" m="42569" /><G79/><T115/><D115/><U69/><E113/><V73/><F98/><W126/><G65/><T51/><D82/><U129/><E104/><V68/><F43/><W89/><G128/><T44/><D30/><U103/><E78/><V94/><F94/><W67/><G67/><T12/><D0/><U56/><E69/><V20/><F81/><W107/><G107/><T124/><D124/><U25/><E129/><V117/><F117/><W55/><G135/><T3/><D3/><U77/><E77/><V106/><F106/><W41/><G41/><T123/><D123/><U4/><E110/><V112/><F112/><W85/><G85/><T75/><D75/><U54/><E40/><V18/><F120/><W37/><G37/><T83/><D83/><U36/><E36/><V74/><F80/><W47/><G47/><T122/><D122/><U21/><E45/><V130/><F76/><W101/><G101/><N who="1" m="38410" /><E4/><V28/><F130/><W52/><G46/><T91/><D100/><U64/><E64/><V2/><F2/><W93/><G93/><AGARI ba="1,0" hai="17,21,22,23,25,54,56,63,87,88,93" m="38410" machi="93" ten="30,2000,0" yaku="8,1,54,1" doraHai="119" who="1" fromWho="3" sc="357,0,363,23,116,0,164,-23" owari="357,15.7,386,48.6,116,-38.4,141,-25.9" /></mjloggm>