<mjloggm ver="2.3"><GO type="225" lobby="0"/><UN n0="%E5%A4%8F%E9%88%B4%E9%88%B4%E5%A4%8F" n1="%E7%99%BD%E6%97%A5%E9%9B%AA%E8%8F%9C" n2="%E5%8D%A0%E3%81%84%E5%B8%AB%E8%A3%8F%E3%81%AA%E3%81%84%E3%81%97" n3="%E5%8F%AF%E5%85%90%E9%82%A3%E7%94%B1%E5%A4%9A" dan="16,16,17,16" rate="2127.44,2139.70,2093.62,2195.67" sx="M,M,M,F"/><TAIKYOKU oya="0"/><INIT seed="0,0,0,1,3,125" ten="250,250,250,250" oya="0" hai0="22,19,108,73,52,37,49,28,53,80,122,42,51" hai1="84,32,98,129,27,71,41,40,106,21,36,15,50" hai2="133,23,115,67,7,91,24,116,99,57,35,1,59" hai3="101,72,126,39,47,0,134,109,132,17,63,81,5"/><T74/><D122/><U124/><E124/><V120/><F115/><W11/><G126/><T26/><D108/><U64/><E36/><V75/><F120/><W69/><G109/><T123/><D123/><U45/><E32/><V119/><F75/><W44/><G101/><T79/><D37/><U18/><E129/><V86/><F35/><W9/><G17/><T62/><D42/><U78/><E71/><V48/><F133/><W13/><G13/><T113/><D113/><U16/><E64/><V95/><F7/><W29/><G11/><T92/><D74/><U104/><E40/><V131/><F1/><W66/><G29/><T88/><D28/><U60/><E60/><V135/><F135/><N who="3" m="51755" /><G39/><T34/><D34/><U83/><REACH who="1" step="1"/><E98/><REACH who="1" ten="250,240,250,250" step="2"/><V31/><F131/><W110/><G110/><T76/><D76/><AGARI ba="0,1" hai="0,5,9,44,47,63,66,69,72,76,81" m="51755" machi="76" ten="30,1000,0" yaku="20,1" doraHai="125" who="3" fromWho="0" sc="250,-10,240,0,250,0,250,20" /><INIT seed="1,0,0,2,3,115" ten="240,240,250,270" oya="1" hai0="2,86,61,121,30,98,41,4,87,21,67,135,38" hai1="107,122,94,0,99,44,28,24,31,79,58,10,48" hai2="42,92,20,118,114,71,132,78,62,3,25,47,112" hai3="104,36,91,17,69,57,130,33,106,54,108,117,26"/><U13/><E122/><V82/><F132/><W116/><G69/><T51/><D38/><U18/><E107/><V126/><F126/><W74/><G36/><T70/><D135/><U97/><E0/><V102/><F3/><W111/><G74/><T49/><D121/><U8/><E79/><V96/><F62/><N who="3" m="36151" /><G130/><T127/><D127/><U119/><E8/><V101/><F71/><W113/><G113/><T85/><D41/><U7/><E119/><N who="3" m="45642" /><G91/><T1/><D98/><U27/><E99/><V19/><F118/><W22/><G33/><T16/><D30/><N who="1" m="11307" /><E58/><V43/><F112/><W15/><G15/><T64/><D64/><U110/><E110/><AGARI ba="0,0" hai="17,22,26,104,106,108,110,111" m="45642,36151" machi="110" ten="30,8000,1" yaku="14,1,12,1,52,3" doraHai="115" who="3" fromWho="1" sc="240,0,240,-80,250,0,270,80" /><INIT seed="2,0,0,5,0,8" ten="240,160,250,350" oya="2" hai0="79,54,103,58,84,88,81,64,93,47,89,83,21" hai1="114,11,128,135,39,133,118,50,18,70,125,92,30" hai2="77,2,82,1,115,4,85,117,67,10,62,48,102" hai3="95,40,113,32,96,20,132,49,22,109,14,66,15"/><V107/><F115/><W63/><G32/><T35/><D35/><U122/><E92/><V7/><F117/><W19/><G109/><T76/><D64/><U13/><E50/><V55/><F102/><W90/><G132/><N who="1" m="50762" /><E39/><V129/><F129/><W134/><G134/><T69/><D69/><U0/><E70/><V52/><F107/><W9/><G113/><T126/><D126/><U100/><E100/><V87/><F85/><W59/><G14/><T124/><D124/><U68/><E68/><V6/><F1/><W45/><AGARI ba="0,0" hai="9,15,19,20,22,40,45,49,59,63,66,90,95,96" machi="45" ten="30,4000,0" yaku="0,1,8,1,52,1" doraHai="8" who="3" fromWho="3" sc="240,-10,160,-10,250,-20,350,40" /><INIT seed="3,0,0,1,5,30" ten="230,150,230,390" oya="3" hai0="93,45,7,90,126,102,113,132,9,32,80,98,64" hai1="61,83,55,11,73,19,33,120,95,4,28,129,122" hai2="127,123,134,121,82,91,88,8,5,69,135,24,84" hai3="14,66,79,106,6,103,75,47,96,12,49,72,97"/><W133/><G133/><N who="2" m="50697" /><F69/><W59/><G96/><T52/><D132/><U100/><E129/><V78/><F24/><W128/><G128/><T74/><D32/><U108/><E108/><V60/><F60/><W114/><G114/><T105/><D64/><U23/><E100/><V15/><F127/><W29/><G29/><T86/><D126/><U65/><E95/><N who="2" m="54663" /><F91/><W54/><G6/><T111/><D111/><U101/><E101/><V31/><F31/><W46/><G46/><T94/><D113/><U37/><E37/><V70/><F70/><W53/><G66/><T21/><D21/><U16/><E55/><V36/><F36/><W48/><G79/><N who="0" m="44151" /><D94/><U115/><E115/><V87/><AGARI ba="0,0" hai="5,8,15,78,82,87,121,123" m="54663,50697" machi="87" ten="30,2000,0" yaku="20,1,54,1" doraHai="30" who="2" fromWho="2" sc="230,-5,150,-5,230,20,390,-10" owari="225,-17.5,145,-35.5,250,5.0,380,48.0" /></mjloggm>