<mjloggm ver="2.3"><GO type="225" lobby="0"/><UN n0="%6D%75%75%6D%75%72%61" n1="%E3%81%8A%E3%81%8B%E3%81%8F%E3%82%89" n2="%E6%80%AA%E3%81%97%E3%81%99%E3%81%8E%E3%82%8B%E3%83%81%E3%83%BC" n3="%E3%81%9F%E3%81%8C%E3%82%84%E3%81%99" dan="16,16,16,16" rate="2155.67,2067.79,2109.76,2169.18" sx="F,M,M,M"/><TAIKYOKU oya="0"/><INIT seed="0,0,0,3,5,38" ten="250,250,250,250" oya="0" hai0="101,63,133,14,61,17,109,34,82,77,121,81,76" hai1="132,85,12,58,30,115,48,11,131,64,6,52,134" hai2="43,56,126,97,15,68,44,50,53,72,5,100,62" hai3="110,130,21,45,78,28,124,79,103,55,65,13,91"/><T66/><D121/><U105/><E105/><V108/><F108/><W84/><G103/><T127/><D34/><U57/><E30/><V7/><F126/><W104/><G104/><T26/><D127/><U114/><E85/><V125/><F125/><W33/><G124/><T16/><D109/><U47/><E131/><V102/><F72/><W86/><G110/><T92/><D133/><N who="1" m="51307" /><E64/><V36/><F15/><W23/><G33/><T51/><D51/><U1/><E1/><V18/><F18/><N who="0" m="7274" /><D26/><U3/><E3/><V2/><F2/><W123/><G130/><T111/><D14/><U95/><E95/><N who="2" m="58431" /><F102/><W88/><G13/><T37/><D37/><U42/><E58/><V119/><F119/><W70/><G70/><T89/><D111/><U24/><E24/><V90/><F90/><W4/><G123/><T120/><D101/><U46/><E46/><V69/><F69/><W135/><G135/><T71/><D71/><U106/><E106/><V98/><F98/><W74/><G74/><T40/><D120/><U20/><E20/><V8/><F8/><W27/><G23/><T60/><D66/><AGARI ba="0,0" hai="5,7,36,43,44,50,53,56,62,66,68" m="58431" machi="66" ten="30,2000,0" yaku="24,1,52,1" doraHai="38" who="2" fromWho="0" sc="250,-20,250,0,250,20,250,0" /><INIT seed="1,0,0,0,1,93" ten="230,250,270,250" oya="1" hai0="106,64,76,70,83,26,20,87,117,11,12,39,18" hai1="108,127,128,50,57,74,80,23,13,120,62,15,103" hai2="101,31,25,99,51,133,98,22,124,48,44,84,63" hai3="95,46,53,86,125,121,68,129,110,97,114,115,37"/><U0/><E0/><V82/><F124/><W38/><G68/><T61/><D117/><U40/><E120/><V112/><F133/><W16/><G121/><T116/><D116/><U4/><E128/><V94/><F112/><W105/><G105/><T43/><D106/><U104/><E127/><V3/><F3/><W54/><G125/><T30/><D39/><U90/><E40/><V49/><F99/><W34/><G34/><T88/><REACH who="0" step="1"/><D43/><REACH who="0" ten="220,250,270,250" step="2"/><U118/><E104/><V56/><F44/><W29/><G38/><T45/><D45/><U27/><E118/><V132/><F132/><W28/><G37/><T58/><D58/><U60/><E57/><V131/><F131/><W81/><G129/><T67/><D67/><U107/><E107/><V65/><REACH who="2" step="1"/><F48/><REACH who="2" ten="220,250,260,250" step="2"/><W75/><G46/><T111/><D111/><U41/><E50/><V130/><F130/><W42/><G110/><T24/><D24/><U119/><E27/><V102/><F102/><W71/><G115/><T8/><D8/><U17/><E103/><V14/><F14/><W69/><G114/><T96/><D96/><U52/><E108/><V126/><F126/><W47/><G97/><T78/><AGARI ba="0,2" hai="11,12,18,20,26,30,61,64,70,76,78,83,87,88" machi="78" ten="30,8000,1" yaku="1,1,0,1,54,1,53,2" doraHai="93" doraHaiUra="73" who="0" fromWho="0" sc="220,100,250,-40,260,-20,250,-20" /><INIT seed="2,0,0,5,5,63" ten="320,210,240,230" oya="2" hai0="106,118,119,48,107,2,20,101,88,127,29,75,66" hai1="14,60,91,104,70,86,65,109,23,68,79,19,95" hai2="37,40,44,81,111,77,16,59,84,135,10,56,33" hai3="17,58,26,124,9,39,130,43,55,116,25,100,18"/><V83/><F33/><W49/><G39/><T134/><D2/><U22/><E109/><V112/><F112/><W50/><G116/><N who="0" m="44587" /><D134/><U67/><E104/><V97/><F135/><W69/><G69/><T47/><D75/><U31/><E79/><V123/><F123/><W115/><G115/><T89/><D127/><U72/><E72/><V42/><F111/><W80/><G130/><T93/><D66/><U7/><E7/><V41/><F97/><W94/><G124/><T30/><D101/><U64/><REACH who="1" step="1"/><E60/><REACH who="1" ten="320,200,240,230" step="2"/><V57/><REACH who="2" step="1"/><F81/><REACH who="2" ten="320,200,230,230" step="2"/><W45/><G80/><T113/><D113/><U61/><E61/><V54/><F54/><W46/><G55/><T52/><D52/><U131/><E131/><V126/><F126/><W71/><G43/><T128/><D128/><U132/><E132/><V105/><F105/><W3/><G46/><T73/><D106/><U51/><E51/><V34/><F34/><W78/><G45/><T6/><D107/><U114/><E114/><V121/><F121/><W13/><G50/><T74/><D48/><U35/><E35/><V90/><F90/><W122/><G49/><T53/><D47/><U5/><E5/><V24/><F24/><AGARI ba="0,2" hai="14,19,22,23,24,31,64,65,67,68,70,86,91,95" machi="24" ten="40,8000,1" yaku="1,1,52,3,53,1" doraHai="63" doraHaiUra="85" who="1" fromWho="2" sc="320,0,200,100,230,-80,230,0" /><INIT seed="3,0,0,2,2,130" ten="320,300,150,230" oya="3" hai0="104,129,87,69,47,13,54,114,30,91,57,7,46" hai1="15,42,93,45,39,131,89,133,80,122,107,44,4" hai2="83,81,124,61,90,99,31,0,75,68,78,6,100" hai3="32,88,19,117,60,38,33,11,74,56,27,102,121"/><W50/><G38/><T106/><D69/><U82/><E107/><V36/><F124/><W72/><G117/><T94/><D106/><U20/><E122/><V101/><F36/><W112/><G112/><T25/><D104/><U63/><E131/><V16/><F31/><W66/><G121/><T115/><D129/><U43/><E63/><V49/><F49/><W55/><G102/><T85/><D85/><U26/><E15/><V132/><F132/><W92/><G74/><T123/><D123/><U71/><E4/><V1/><F6/><W109/><G72/><T76/><D76/><U108/><E71/><V120/><F120/><W41/><G41/><T86/><D86/><U73/><E133/><V79/><F90/><W9/><G33/><N who="0" m="20687" /><D13/><U110/><E73/><V8/><F99/><W95/><G95/><T35/><D7/><U52/><E43/><V119/><F119/><W128/><G128/><T135/><D35/><U17/><E108/><V77/><F68/><W14/><G109/><T84/><D84/><U48/><E110/><V12/><F61/><W134/><G134/><T127/><D127/><U98/><AGARI ba="0,0" hai="17,20,26,39,42,44,45,48,52,80,82,89,93,98" machi="98" ten="20,2700,0" yaku="0,1,7,1,54,1" doraHai="130" who="1" fromWho="1" sc="320,-7,300,27,150,-7,230,-13" owari="313,11.3,327,42.7,143,-35.7,217,-18.3" /></mjloggm>