<mjloggm ver="2.3"><GO type="225" lobby="0"/><UN n0="%E9%80%9F%E6%B0%B4%E5%87%9B%E9%A6%99" n1="%E8%A8%88%E7%AE%97%E6%A9%9F%E8%87%AA%E7%84%B6" n2="%43%68%65" n3="%6D%75%75%6D%75%72%61" dan="16,17,16,17" rate="2123.79,2180.67,2138.83,2174.42" sx="F,M,M,F"/><TAIKYOKU oya="0"/><INIT seed="0,0,0,2,3,127" ten="250,250,250,250" oya="0" hai0="50,65,59,79,111,70,26,8,93,46,63,69,131" hai1="52,40,97,71,126,123,88,120,42,90,128,86,135" hai2="1,58,115,76,68,48,106,81,28,122,33,102,43" hai3="6,118,2,114,116,4,101,27,15,84,47,0,110"/><T72/><D72/><U29/><E71/><V56/><F115/><W23/><G101/><T125/><D79/><U60/><E126/><V78/><F68/><W53/><G84/><T12/><D125/><U14/><E29/><V107/><F1/><N who="3" m="619" /><G53/><T45/><D45/><U103/><E135/><V89/><F89/><W44/><G44/><T92/><D26/><U24/><E24/><V36/><F36/><W75/><G75/><T34/><D34/><U73/><E73/><V124/><F58/><W62/><G62/><T113/><D113/><U117/><E117/><N who="3" m="45162" /><G47/><T96/><D93/><U9/><E40/><V134/><F56/><W20/><G114/><T94/><D94/><U7/><E42/><V38/><F102/><W25/><G110/><T17/><D111/><U105/><E90/><V61/><F81/><W11/><G4/><T21/><D69/><U98/><E97/><V32/><F43/><W30/><G25/><T100/><D70/><U133/><E60/><V80/><F61/><W55/><G55/><T54/><REACH who="0" step="1"/><D8/><REACH who="0" ten="240,250,250,250" step="2"/><U108/><E9/><V16/><F124/><W39/><G39/><T19/><D19/><U104/><E108/><V31/><F16/><W10/><G10/><T129/><AGARI ba="0,1" hai="12,17,21,46,50,54,59,63,65,92,96,100,129,131" machi="129" ten="30,12000,1" yaku="1,1,0,1,52,2,53,1" doraHai="127" doraHaiUra="18" who="0" fromWho="0" sc="240,130,250,-40,250,-40,250,-40" /><INIT seed="0,1,0,3,4,65" ten="370,210,210,210" oya="0" hai0="52,132,102,8,28,112,16,22,59,92,5,107,31" hai1="100,24,127,129,134,30,12,66,23,29,1,10,84" hai2="122,78,43,135,90,14,73,42,108,60,9,50,110" hai3="34,99,125,114,26,123,33,35,4,45,76,71,32"/><T27/><D112/><U105/><E129/><V69/><F122/><W13/><G114/><T95/><D107/><U70/><E127/><V74/><F135/><W131/><G131/><T118/><D118/><U17/><E134/><V77/><F90/><W106/><G125/><T72/><D72/><U67/><E1/><V18/><F74/><W85/><G123/><T113/><D113/><U62/><E67/><N who="2" m="41191" /><F73/><W19/><G71/><T56/><D56/><U96/><REACH who="1" step="1"/><E84/><REACH who="1" ten="370,200,210,210" step="2"/><V0/><F0/><W120/><G85/><T15/><D132/><U79/><E79/><V91/><F78/><W39/><G76/><T47/><D47/><U2/><E2/><V81/><F77/><W11/><G45/><T61/><D102/><U124/><E124/><V48/><F91/><W97/><G120/><T57/><D57/><U128/><E128/><V93/><F110/><W116/><G116/><T88/><REACH who="0" step="1"/><D95/><REACH who="0" ten="360,200,210,210" step="2"/><U38/><E38/><V58/><F93/><W55/><G39/><T68/><D68/><U89/><E89/><V115/><F115/><W109/><G106/><T101/><D101/><U21/><E21/><V130/><F130/><W111/><G35/><T80/><D80/><U7/><AGARI ba="1,2" hai="7,10,12,17,23,24,29,30,62,66,70,96,100,105" machi="7" ten="20,8000,1" yaku="1,1,0,1,7,1,52,1,53,1" doraHai="65" doraHaiUra="63" who="1" fromWho="1" sc="360,-41,200,103,210,-21,210,-21" /><INIT seed="1,0,0,0,3,94" ten="319,303,189,189" oya="1" hai0="0,68,62,78,92,49,86,129,114,41,100,13,89" hai1="83,103,38,44,36,48,125,69,32,130,40,80,102" hai2="87,28,59,88,29,124,33,58,109,56,27,42,115" hai3="54,101,131,85,106,98,67,127,104,24,3,117,107"/><U1/><E1/><V81/><F109/><W2/><G127/><T79/><D0/><U31/><E69/><V23/><F124/><W15/><G131/><T39/><D39/><U22/><E32/><V60/><F115/><W82/><G117/><T7/><D114/><U25/><E125/><V12/><F42/><W20/><G67/><T19/><D129/><U132/><E130/><V72/><F72/><W57/><G15/><T4/><D68/><U37/><REACH who="1" step="1"/><E132/><REACH who="1" ten="319,293,189,189" step="2"/><V76/><F33/><W128/><G128/><T134/><D134/><U99/><E99/><V84/><F12/><W17/><G3/><T95/><D13/><U63/><E63/><V18/><REACH who="2" step="1"/><F60/><REACH who="2" ten="319,293,179,189" step="2"/><W77/><G2/><T112/><D62/><AGARI ba="0,2" hai="17,20,24,54,57,62,77,82,85,98,101,104,106,107" machi="62" ten="30,2000,0" yaku="7,1,52,1" doraHai="94" who="3" fromWho="0" sc="319,-20,293,0,179,0,189,40" /><INIT seed="2,0,0,4,3,44" ten="299,293,179,229" oya="2" hai0="100,132,28,36,25,32,69,99,38,83,92,106,24" hai1="105,102,76,119,41,107,70,31,55,90,21,54,103" hai2="57,13,63,7,33,29,104,58,47,77,78,130,126" hai3="115,82,19,121,8,3,75,5,80,66,108,86,131"/><V110/><F104/><W133/><G121/><T122/><D122/><U11/><E119/><V85/><F130/><W61/><G131/><T111/><D111/><U96/><E70/><V72/><F72/><W98/><G108/><T6/><D132/><U120/><E120/><V89/><F110/><W117/><G117/><T53/><D6/><U17/><E76/><V52/><F126/><W64/><G133/><T84/><D24/><U71/><E71/><V129/><F129/><W27/><G115/><T46/><D92/><U23/><E41/><V15/><F47/><W87/><G75/><T116/><D116/><U125/><E125/><V67/><F29/><W81/><G98/><T79/><D69/><U50/><E90/><V109/><F33/><W42/><G42/><T127/><D127/><U118/><E118/><V74/><F74/><W30/><G19/><T51/><AGARI ba="0,0" hai="25,28,32,36,38,46,51,53,79,83,84,99,100,106" machi="51" ten="30,2000,0" yaku="0,1,52,1" doraHai="44" who="0" fromWho="0" sc="299,20,293,-5,179,-10,229,-5" /><INIT seed="3,0,0,4,2,21" ten="319,288,169,224" oya="3" hai0="4,125,96,80,15,19,6,115,67,95,38,1,40" hai1="39,57,101,66,134,59,112,62,84,121,107,10,118" hai2="98,44,22,103,111,51,26,56,52,75,41,78,33" hai3="29,106,46,36,72,105,119,89,14,116,8,73,88"/><W9/><G29/><T13/><D1/><U100/><E121/><V12/><F111/><W110/><G46/><T129/><D129/><U7/><E112/><V53/><F33/><W17/><G110/><T102/><D125/><U94/><E39/><V69/><F69/><W93/><G36/><T18/><D115/><U74/><E74/><V113/><F113/><W127/><G127/><T61/><D40/><U83/><E107/><V0/><F0/><W54/><G54/><T92/><D38/><U124/><E134/><V76/><F12/><W58/><G14/><T71/><D80/><U45/><E118/><V99/><F53/><W28/><G28/><T3/><D3/><U97/><E45/><V42/><F42/><W128/><G93/><T109/><D109/><U82/><E124/><V126/><F126/><W133/><G133/><T64/><D64/><U117/><E117/><V81/><F78/><W55/><G55/><T131/><D131/><U130/><E130/><V65/><F65/><W132/><G132/><T63/><D63/><U123/><E123/><V114/><F103/><W49/><G128/><T108/><D108/><U135/><E135/><V77/><F77/><W70/><G70/><T37/><D37/><U30/><E101/><V24/><F114/><W48/><G17/><T60/><D102/><U34/><E30/><V79/><F79/><W31/><G31/><T43/><D18/><U2/><E34/><V122/><F122/><W25/><G58/><T104/><D19/><U32/><E57/><V16/><F26/><AGARI ba="0,0" hai="8,9,25,26,48,49,72,73,88,89,105,106,116,119" machi="26" ten="25,12000,1" yaku="22,2,52,2,54,1" doraHai="21" who="3" fromWho="2" sc="319,0,288,0,169,-120,224,120" owari="319,11.9,288,-11.2,49,-45.1,344,44.4" /></mjloggm>