<mjloggm ver="2.3"><GO type="225" lobby="0"/><UN n0="%33%74%72%65%65" n1="%4B%2E%32%2E%4B%2E" n2="%E7%89%B9%E6%9D%B1%E3%81%AF%E4%B8%96%E7%95%8C%E3%82%92%E6%95%91%E3%81%86" n3="%6E%69%63%6F%6E%74%6F" dan="16,16,16,16" rate="2174.61,2110.65,2047.68,2121.03" sx="F,M,M,M"/><TAIKYOKU oya="0"/><INIT seed="0,0,0,5,2,0" ten="250,250,250,250" oya="0" hai0="20,50,108,78,125,16,124,86,74,45,21,14,59" hai1="7,41,106,115,4,85,111,84,118,51,12,104,112" hai2="27,83,37,46,10,64,58,71,39,123,100,26,135" hai3="97,122,72,61,3,129,23,38,18,70,29,91,17"/><T8/><D74/><U105/><E118/><V103/><F123/><W48/><G122/><T24/><D108/><U94/><E111/><V63/><F135/><W2/><G38/><T95/><D59/><U19/><E51/><V88/><F71/><W116/><G72/><T87/><D95/><U82/><E41/><V132/><F132/><W68/><G48/><T36/><D36/><U33/><E33/><V62/><F62/><W53/><G61/><T66/><D66/><U1/><E1/><V75/><F37/><W102/><G116/><T55/><D21/><N who="1" m="11495" /><E85/><N who="2" m="50239" /><F75/><W40/><G23/><T133/><D133/><U80/><E94/><V96/><F39/><W22/><G22/><T9/><D9/><U67/><E67/><V107/><F46/><W11/><G70/><T131/><D131/><U110/><E110/><V117/><F117/><W43/><G11/><T15/><D15/><U126/><E126/><N who="0" m="48745" /><D78/><N who="1" m="46103" /><E82/><V42/><F64/><W28/><G68/><T127/><N who="0" m="48753" /><T47/><DORA hai="114" /><D47/><U89/><E89/><V119/><F119/><W65/><G91/><T54/><D54/><U31/><E31/><AGARI ba="0,0" hai="8,14,16,20,24,31,45,50,55,86,87" m="48753" machi="31" ten="40,3900,0" yaku="18,1,54,1" doraHai="0,114" who="0" fromWho="1" sc="250,39,250,-39,250,0,250,0" /><INIT seed="0,1,0,0,2,15" ten="289,211,250,250" oya="0" hai0="92,74,9,111,126,117,18,82,115,30,10,69,46" hai1="12,53,103,100,94,7,13,6,105,0,71,8,128" hai2="47,59,31,96,90,61,20,124,135,98,44,121,129" hai3="72,16,17,40,19,33,83,29,88,120,123,118,97"/><T132/><BYE who="3" /><D115/><U78/><E105/><V58/><F121/><W85/><G85/><T4/><D117/><UN n3="%6E%69%63%6F%6E%74%6F" /><U112/><E71/><V70/><F129/><W60/><G118/><T114/><D114/><U76/><E112/><V25/><F70/><W43/><G60/><T23/><D126/><U86/><E128/><V77/><F124/><W27/><G72/><T73/><D132/><U99/><E103/><V67/><F135/><W91/><G83/><T24/><D69/><U106/><E106/><V127/><F127/><W14/><G14/><T64/><D64/><U26/><E0/><V36/><F77/><W66/><G66/><T55/><D111/><U134/><E134/><V130/><F130/><W80/><G80/><T56/><D46/><N who="2" m="17450" /><F36/><W63/><G63/><T50/><D82/><U81/><E26/><V109/><F109/><W65/><G65/><T110/><D110/><U119/><E119/><V52/><F90/><N who="3" m="34347" /><G97/><T35/><D92/><U131/><E131/><V107/><F107/><W5/><G5/><T102/><D102/><U87/><E76/><V113/><F113/><W28/><G28/><T11/><REACH who="0" step="1"/><D4/><REACH who="0" ten="279,211,250,250" step="2"/><U51/><E6/><V54/><F67/><W62/><G62/><AGARI ba="1,1" hai="20,25,31,52,54,58,59,61,62,96,98" m="17450" machi="62" ten="30,2000,0" yaku="8,1,54,1" doraHai="15" who="2" fromWho="3" sc="279,0,211,0,250,33,250,-23" /><INIT seed="1,0,0,0,2,108" ten="279,211,283,227" oya="1" hai0="50,3,106,28,70,92,20,37,95,87,40,14,29" hai1="0,26,63,115,110,85,127,44,17,49,61,48,47" hai2="27,86,54,56,135,94,134,76,78,13,51,68,109" hai3="98,75,38,45,69,74,117,39,82,15,101,43,129"/><U23/><E127/><V103/><F68/><W124/><G15/><T126/><D126/><U71/><E0/><V25/><F109/><W6/><G124/><T99/><D3/><U52/><E110/><V64/><F64/><W96/><G6/><T107/><D37/><U112/><E85/><V131/><F131/><W55/><G129/><T88/><D70/><U8/><E8/><V67/><F67/><W89/><G55/><T119/><D119/><U9/><E9/><V60/><F60/><W16/><G16/><N who="0" m="10263" /><D107/><U123/><E123/><V32/><F13/><W33/><G33/><T21/><D106/><U121/><E121/><V53/><F53/><W11/><G11/><T133/><D133/><N who="2" m="50698" /><F86/><W4/><G4/><T12/><D40/><U80/><E80/><V46/><F56/><W41/><G69/><T5/><D50/><U30/><E30/><N who="2" m="19535" /><F27/><W84/><G117/><T100/><D5/><U120/><E120/><V59/><F59/><W35/><G35/><T81/><D81/><U130/><E130/><V7/><F7/><W36/><G36/><T73/><D73/><U90/><E61/><V91/><F91/><W104/><G98/><AGARI ba="0,0" hai="46,51,54,76,78,94,98,103" m="19535,50698" machi="98" ten="30,1000,0" yaku="20,1" doraHai="108" who="2" fromWho="3" sc="279,0,211,0,283,10,227,-10" /><INIT seed="2,0,0,5,4,70" ten="279,211,293,217" oya="2" hai0="24,54,64,88,8,12,7,44,69,127,111,61,60" hai1="107,3,68,73,0,29,53,134,71,83,76,133,22" hai2="77,126,23,15,58,128,75,40,119,112,84,14,39" hai3="19,104,81,21,27,11,114,125,130,28,36,59,97"/><V18/><F112/><W32/><G114/><T31/><D111/><U42/><E107/><V94/><F119/><W2/><G130/><T25/><D127/><U16/><E29/><V51/><F128/><W103/><G125/><T113/><D113/><U35/><E35/><V98/><F126/><W17/><G59/><T129/><D129/><U62/><E42/><V85/><F75/><W74/><G74/><T120/><D120/><U79/><E79/><V4/><F39/><W63/><G63/><T101/><D101/><U99/><E99/><V50/><F51/><W115/><G81/><T38/><D31/><U110/><E71/><V33/><F33/><W135/><G135/><N who="1" m="51722" /><E110/><V37/><F37/><W57/><G57/><T89/><D38/><U13/><E53/><N who="2" m="32055" /><F40/><W72/><G72/><T82/><D44/><U41/><E41/><V87/><F77/><W52/><G36/><T1/><D69/><U66/><AGARI ba="0,0" hai="0,3,13,16,22,62,66,68,73,76,83" m="51722" machi="66" ten="30,2000,0" yaku="20,1,54,1" doraHai="70" who="1" fromWho="1" sc="279,-5,211,20,293,-10,217,-5" /><INIT seed="3,0,0,2,2,89" ten="274,231,283,212" oya="3" hai0="135,65,54,119,30,98,90,91,43,121,22,105,25" hai1="84,79,13,117,130,64,14,123,7,97,20,122,125" hai2="18,111,72,39,68,10,6,101,115,0,126,109,88" hai3="57,31,74,75,41,127,32,4,1,9,40,102,129"/><W44/><G129/><T100/><D121/><U17/><E130/><V76/><F115/><W58/><G127/><T110/><D119/><U81/><E125/><V116/><F126/><W93/><G41/><T131/><D131/><U37/><E37/><V112/><F112/><W66/><G32/><T3/><D110/><U19/><E117/><V11/><F116/><W21/><G58/><T80/><D135/><U51/><E7/><V86/><F68/><W35/><G35/><T12/><D3/><U114/><E114/><V24/><F101/><W61/><G44/><T69/><D54/><U108/><E108/><V133/><F39/><W82/><G82/><T50/><D80/><U52/><E97/><V15/><F133/><W92/><G40/><T87/><D12/><U42/><E64/><V67/><F67/><W45/><G45/><T120/><D120/><U26/><E26/><V71/><F71/><W118/><G118/><T113/><D113/><U128/><E42/><V48/><F48/><W46/><G46/><T47/><D87/><U5/><E5/><V16/><F76/><W55/><G55/><T28/><D28/><U85/><E85/><V103/><F103/><W2/><G2/><T34/><D22/><U73/><E73/><N who="3" m="27658" /><G102/><T83/><D83/><U96/><E128/><V33/><F72/><W99/><G99/><T63/><AGARI ba="0,0" hai="25,30,34,43,47,50,63,65,69,90,91,98,100,105" machi="63" ten="30,4000,0" yaku="0,1,25,2" doraHai="89" who="0" fromWho="0" sc="274,40,231,-10,283,-10,212,-20" owari="314,41.4,221,-17.9,273,7.3,192,-30.8" /></mjloggm>