<mjloggm ver="2.3"><GO type="225" lobby="0"/><UN n0="%6D%75%75%6D%75%72%61" n1="%E7%99%BD%E6%97%A5%E9%9B%AA%E8%8F%9C" n2="%E6%A1%9C%E8%8A%B1%E9%96%83%E3%80%85" n3="%E3%81%82%E3%81%99%E3%81%AB%E3%82%83%E3%82%80" dan="16,16,16,16" rate="2058.04,2143.73,2033.79,2120.84" sx="F,M,M,F"/><TAIKYOKU oya="0"/><INIT seed="0,0,0,2,3,36" ten="250,250,250,250" oya="0" hai0="58,37,27,47,16,116,133,78,113,50,135,119,6" hai1="121,55,41,31,4,2,84,109,90,72,75,60,76" hai2="63,123,96,5,124,106,39,17,120,74,111,24,73" hai3="52,68,38,25,110,64,65,69,127,81,98,88,23"/><T45/><D113/><U104/><E121/><V8/><F63/><W122/><G110/><T34/><D78/><U66/><E104/><V80/><F111/><W91/><G38/><T10/><D34/><U44/><E109/><V48/><F48/><W49/><G127/><T62/><D37/><U56/><E31/><V85/><F124/><W11/><G11/><T28/><D28/><U117/><E117/><V57/><F57/><W125/><G125/><T102/><D102/><U40/><E4/><V87/><F87/><N who="3" m="50287" /><G69/><T70/><D45/><U95/><E2/><V94/><F106/><W131/><G131/><T43/><D6/><U42/><E76/><V32/><F39/><W71/><G71/><T18/><D70/><U93/><REACH who="1" step="1"/><E95/><REACH who="1" ten="250,240,250,250" step="2"/><V130/><F94/><N who="3" m="56671" /><G122/><T3/><D3/><U15/><E15/><V89/><F120/><W134/><G134/><N who="0" m="51211" /><D18/><U92/><E92/><V82/><F17/><N who="3" m="12527" /><G68/><T14/><D27/><U33/><E33/><V20/><F24/><W103/><G103/><T99/><D99/><U83/><E83/><V0/><F82/><W26/><G26/><T59/><D59/><AGARI ba="0,1" hai="49,52,59,64,65" m="12527,56671,50287" machi="59" ten="30,3900,0" yaku="8,1,54,2" doraHai="36" who="3" fromWho="0" sc="250,-39,240,0,250,0,250,49" /><INIT seed="1,0,0,2,3,40" ten="211,240,250,299" oya="1" hai0="61,64,57,131,115,133,116,109,100,47,90,22,102" hai1="122,106,36,107,49,21,94,51,113,96,85,130,66" hai2="10,69,97,45,117,33,18,26,25,35,101,0,80" hai3="24,27,110,134,39,56,67,86,135,48,81,31,75"/><U9/><E113/><V111/><F69/><W71/><G75/><T103/><D115/><U112/><E112/><V88/><F117/><W95/><G39/><T7/><D116/><U126/><E122/><V58/><F111/><W29/><G95/><T123/><D109/><U17/><E36/><V121/><F121/><W32/><G110/><T124/><D123/><U108/><E108/><V78/><F58/><W15/><G15/><T79/><D124/><U74/><E74/><V91/><F33/><W34/><G71/><T59/><D131/><U62/><E126/><V92/><F35/><W104/><G104/><T37/><D79/><U16/><E130/><V5/><F45/><W129/><G129/><T38/><D133/><U76/><E9/><V8/><F26/><W72/><G72/><T125/><D125/><U120/><E17/><V50/><F50/><W65/><G48/><T11/><D22/><U89/><E107/><V14/><REACH who="2" step="1"/><F25/><REACH who="2" ten="211,240,240,299" step="2"/><W12/><G56/><T6/><D57/><N who="1" m="37199" /><E120/><V23/><F23/><W68/><G68/><T132/><D38/><U118/><E118/><V2/><F2/><W70/><G70/><T44/><D37/><U114/><E114/><V19/><F19/><W99/><G135/><T3/><D132/><U52/><E51/><V105/><F105/><W63/><G134/><T55/><D64/><U41/><E106/><V46/><F46/><W98/><G12/><T42/><D42/><U13/><E41/><V128/><F128/><W83/><G63/><T30/><D3/><U84/><E76/><V28/><F28/><W93/><G93/><RYUUKYOKU ba="0,1" sc="211,-30,240,10,240,10,299,10" hai1="13,16,21,49,52,84,85,89,94,96" hai2="0,5,8,10,14,18,78,80,88,91,92,97,101" hai3="24,27,29,31,32,34,65,67,81,83,86,98,99" /><INIT seed="1,1,1,2,3,69" ten="181,250,250,309" oya="1" hai0="8,6,120,115,71,21,17,131,58,90,42,15,32" hai1="67,10,80,46,116,47,63,107,95,55,134,79,25" hai2="96,105,83,14,98,9,72,0,53,108,103,28,3" hai3="48,122,112,106,102,50,97,87,129,77,92,22,20"/><U60/><E116/><V27/><F108/><W121/><G112/><T81/><D71/><U93/><E107/><V65/><F65/><W61/><G129/><T64/><D115/><U13/><E134/><V91/><F53/><W76/><G106/><T114/><D114/><U19/><E25/><V26/><F26/><W29/><G61/><T30/><D131/><U7/><E63/><V85/><F98/><W34/><G34/><T57/><D120/><U24/><E24/><V11/><F72/><W78/><G121/><T75/><D64/><U59/><E19/><V111/><F111/><W130/><G29/><T56/><D32/><U49/><REACH who="1" step="1"/><E47/><REACH who="1" ten="181,240,250,309" step="2"/><V45/><F45/><W127/><G130/><T23/><D17/><U18/><E18/><V88/><F27/><W51/><G122/><T94/><D30/><U110/><E110/><V104/><F104/><W16/><G127/><T89/><D42/><U123/><E123/><V101/><F28/><W66/><G66/><T132/><D132/><U38/><E38/><V52/><F105/><W125/><G125/><T44/><D44/><U35/><E35/><V99/><F52/><W73/><G22/><T62/><D62/><U135/><E135/><V82/><F14/><W33/><G33/><T43/><D43/><U119/><E119/><V36/><F36/><W2/><G20/><T113/><D113/><U37/><E37/><V84/><AGARI ba="1,2" hai="0,3,9,11,82,83,84,85,88,91,96,99,101,103" machi="84" ten="25,6400,0" yaku="0,1,22,2,54,1" doraHai="69" who="2" fromWho="2" sc="181,-17,240,-33,250,87,309,-17" /><INIT seed="2,0,0,2,1,81" ten="164,207,337,292" oya="2" hai0="114,89,91,63,5,53,9,28,131,80,111,58,135" hai1="17,30,88,101,110,37,0,6,118,76,122,7,78" hai2="109,60,42,134,85,13,95,31,15,25,125,115,112" hai3="27,26,68,113,1,59,49,19,67,11,8,72,79"/><V41/><F125/><W96/><G68/><T124/><D114/><U50/><E37/><V100/><F134/><W87/><G72/><T61/><D135/><U130/><E118/><V45/><F109/><W32/><G32/><T83/><D111/><U36/><E36/><V106/><F106/><W16/><G96/><T116/><D124/><U99/><E110/><V39/><F42/><W132/><G1/><T77/><D116/><U54/><E130/><V120/><F120/><W4/><G113/><T117/><D117/><U44/><E30/><V65/><F112/><W75/><G75/><T90/><D131/><U133/><E133/><V94/><F94/><W129/><G129/><T48/><D28/><U127/><E127/><V84/><F100/><W3/><G3/><T21/><D21/><U69/><E69/><V64/><F64/><W56/><G4/><N who="1" m="1578" /><E0/><V107/><F107/><W51/><G132/><T22/><D22/><U102/><E122/><V23/><F115/><W119/><G119/><T14/><REACH who="0" step="1"/><D80/><REACH who="0" ten="154,207,337,292" step="2"/><U10/><E102/><V128/><F128/><W73/><G8/><T62/><D62/><U12/><E101/><V86/><F60/><W126/><G11/><T33/><D33/><U20/><E20/><V97/><F23/><W82/><G126/><T121/><D121/><U38/><E38/><V57/><F31/><W92/><G82/><T70/><D70/><U55/><E10/><V34/><F34/><W123/><G123/><T35/><D35/><U18/><E50/><V104/><F39/><W40/><G49/><T71/><D71/><U29/><E29/><RYUUKYOKU ba="0,1" sc="154,30,207,-10,337,-10,292,-10" hai0="5,9,14,48,53,58,61,63,77,83,89,90,91" /><INIT seed="3,1,1,4,5,41" ten="184,197,327,282" oya="3" hai0="53,116,75,11,61,28,123,90,25,63,124,69,105" hai1="23,71,48,106,87,56,31,18,8,12,98,40,78" hai2="113,91,74,27,50,33,60,43,17,54,68,14,81" hai3="80,86,58,9,108,100,19,110,129,52,0,49,72"/><W65/><G72/><T115/><D116/><U2/><E71/><V46/><F113/><W111/><G100/><T57/><D123/><U59/><E106/><V96/><F74/><W67/><G129/><T97/><D75/><U84/><E98/><V121/><F121/><W24/><G0/><T109/><D109/><U114/><E114/><V30/><F68/><W15/><G24/><T130/><D115/><U26/><E2/><V102/><F91/><AGARI ba="1,1" hai="9,15,19,49,52,58,65,67,80,86,91,108,110,111" machi="91" ten="40,7700,0" yaku="14,1,10,1,54,1" doraHai="41" who="3" fromWho="2" sc="184,0,197,0,327,-80,282,90" owari="184,-31.6,197,-20.3,247,4.7,372,47.2" /></mjloggm>