<mjloggm ver="2.3"><GO type="225" lobby="0"/><UN n0="%E6%A1%9C%E8%8A%B1%E9%96%83%E3%80%85" n1="%30%2E%31%32%30" n2="%6D%61%74%69%67%75%73%61" n3="%E3%83%A9%E3%82%A4%E3%83%B3%E3%81%AE%E8%99%8E" dan="17,16,17,16" rate="2177.21,2124.26,2156.93,2114.53" sx="M,M,M,M"/><TAIKYOKU oya="0"/><INIT seed="0,0,0,2,3,11" ten="250,250,250,250" oya="0" hai0="7,132,110,66,120,27,18,78,69,60,101,123,119" hai1="112,125,58,63,80,14,25,38,85,50,62,77,10" hai2="55,70,53,134,1,100,114,67,73,124,39,54,128" hai3="111,46,98,57,34,2,17,71,127,41,90,131,118"/><T126/><D119/><U99/><E125/><V36/><F73/><W81/><G71/><T68/><D126/><U64/><E38/><N who="2" m="14379" /><F100/><W8/><G118/><T23/><D132/><U16/><E112/><V82/><F82/><W89/><G131/><T31/><D110/><U107/><E25/><V32/><F32/><W15/><G34/><T13/><D69/><U6/><E107/><V43/><F1/><W61/><G111/><T106/><D78/><U4/><E63/><N who="2" m="40319" /><F124/><W56/><G2/><T84/><D84/><U129/><E129/><V12/><F12/><W44/><G127/><T76/><D76/><U33/><E33/><V86/><F86/><N who="3" m="50383" /><G41/><T109/><D109/><U87/><E99/><V51/><F128/><W9/><G9/><T102/><D7/><U37/><E37/><V135/><F114/><W92/><G57/><T97/><REACH who="0" step="1"/><D102/><REACH who="0" ten="240,250,250,250" step="2"/><U22/><E85/><V121/><F121/><W74/><G74/><T117/><D117/><U105/><E105/><V0/><F0/><W122/><G122/><T26/><D26/><N who="1" m="14663" /><E4/><V30/><F30/><W79/><G79/><T72/><D72/><U35/><E77/><V113/><F113/><W20/><G8/><AGARI ba="0,1" hai="8,13,18,23,27,31,60,66,68,97,101,106,120,123" machi="8" ten="30,5800,0" yaku="1,1,7,1,52,1,53,0" doraHai="11" doraHaiUra="130" who="0" fromWho="3" sc="240,68,250,0,250,0,250,-58" /><INIT seed="0,1,0,2,3,102" ten="308,250,250,192" oya="0" hai0="97,107,46,91,52,90,79,86,69,16,50,28,122" hai1="32,77,58,25,33,34,116,31,81,43,89,55,66" hai2="76,121,11,61,128,109,36,17,113,120,64,6,73" hai3="63,103,99,54,93,37,135,92,68,101,51,114,48"/><T123/><D69/><U88/><E116/><V60/><F113/><W21/><G135/><T14/><D28/><U40/><E66/><V125/><F36/><W5/><G37/><T124/><D124/><U4/><E4/><V7/><F17/><W15/><G114/><T130/><D130/><U22/><E43/><V94/><F94/><W112/><G112/><T13/><D13/><U74/><REACH who="1" step="1"/><E40/><REACH who="1" ten="308,240,250,192" step="2"/><V75/><F64/><W129/><G129/><T38/><D38/><U117/><E117/><V82/><F6/><W85/><G5/><T39/><D39/><U83/><E83/><V96/><F128/><W42/><G42/><T2/><D122/><U56/><E56/><V1/><F82/><W78/><G68/><T3/><D123/><U106/><E106/><V49/><F7/><W108/><G93/><N who="0" m="56511" /><D107/><U115/><E115/><V132/><F121/><W87/><G92/><N who="0" m="54359" /><D2/><U65/><E65/><V105/><F105/><W71/><G71/><T26/><D3/><U9/><E9/><V24/><F11/><W67/><G67/><T72/><D72/><U44/><E44/><V23/><F75/><W27/><G54/><T95/><D95/><U118/><E118/><V133/><F73/><W45/><G45/><T10/><D79/><U98/><E98/><V57/><F1/><W110/><G99/><T62/><D52/><U134/><E134/><V8/><F132/><W104/><G78/><T100/><D46/><U0/><E0/><V35/><F133/><W70/><G70/><T47/><D47/><U127/><E127/><V41/><F125/><W18/><G104/><RYUUKYOKU ba="1,1" sc="308,-10,240,30,250,-10,192,-10" hai1="22,25,31,32,33,34,55,58,74,77,81,88,89" /><INIT seed="1,2,1,2,3,121" ten="298,270,240,182" oya="1" hai0="16,72,119,21,117,37,49,113,114,124,87,88,47" hai1="56,77,26,15,135,8,54,89,65,67,97,105,22" hai2="25,130,123,103,66,7,38,13,128,129,60,93,85" hai3="35,39,19,110,127,58,101,86,131,55,102,112,20"/><U18/><E135/><V32/><F123/><W68/><G112/><T98/><D72/><U70/><E70/><V99/><F38/><W80/><G127/><T118/><D37/><U78/><E105/><V91/><F7/><W50/><G131/><T92/><D124/><U3/><E3/><V82/><F13/><W132/><G132/><T11/><D11/><U109/><E109/><V111/><F25/><W2/><G2/><T126/><D98/><U95/><E77/><V29/><F29/><W51/><G35/><T69/><D69/><U44/><E78/><V6/><F6/><W96/><G39/><T46/><D46/><U14/><E44/><V17/><F17/><W116/><G116/><T134/><D134/><U4/><REACH who="1" step="1"/><E15/><REACH who="1" ten="298,260,240,182" step="2"/><V94/><F111/><W83/><G68/><T74/><D126/><U27/><E27/><V30/><F129/><W43/><G110/><T104/><D104/><U10/><E10/><V115/><F130/><W40/><G40/><T63/><D114/><U106/><E106/><V59/><F128/><W41/><G41/><N who="0" m="24815" /><D113/><U53/><E53/><V108/><F115/><W36/><G55/><T9/><D9/><U79/><E79/><V133/><F108/><W100/><G43/><T107/><D107/><U42/><E42/><V48/><F133/><W45/><G45/><T5/><D118/><U23/><E23/><V122/><F122/><W84/><G36/><T61/><D119/><U0/><E0/><V125/><F125/><W76/><G76/><T75/><D117/><U24/><E24/><V33/><F33/><W57/><G20/><RYUUKYOKU ba="2,2" sc="298,-10,260,30,240,-10,182,-10" hai1="4,8,14,18,22,26,54,56,65,67,89,95,97" /><INIT seed="1,3,2,2,1,16" ten="288,290,230,172" oya="1" hai0="87,4,86,51,61,29,24,50,122,42,5,7,45" hai1="27,85,41,74,89,53,88,8,43,69,21,25,94" hai2="116,60,44,73,82,124,110,9,67,46,2,75,113" hai3="121,26,6,115,13,102,107,40,96,100,134,48,47"/><U101/><E69/><V12/><F2/><W68/><G134/><T54/><D122/><U90/><E74/><V3/><F3/><W95/><G68/><T15/><D61/><U70/><E70/><V81/><F116/><W114/><G121/><T128/><D128/><U135/><E135/><V34/><F34/><W49/><G107/><T17/><D24/><U65/><E65/><V10/><F110/><W39/><G102/><T52/><D29/><N who="1" m="17583" /><E27/><V93/><F124/><W127/><G127/><T66/><D66/><U111/><E111/><V120/><F93/><W31/><G114/><T18/><D18/><U131/><E131/><V78/><F113/><W19/><G6/><T14/><D14/><U57/><E8/><V83/><F9/><W55/><G115/><T125/><D125/><U97/><E85/><N who="0" m="32265" /><D51/><AGARI ba="3,2" hai="41,43,51,53,57,88,89,90,94,97,101" m="17583" machi="51" ten="30,5800,0" yaku="8,1,52,1,54,1" doraHai="16" who="1" fromWho="0" sc="288,-67,290,87,230,0,172,0" /><INIT seed="1,4,0,4,3,106" ten="221,377,230,172" oya="1" hai0="59,112,4,135,77,113,73,96,127,43,83,131,11" hai1="61,37,115,53,23,40,21,42,16,36,75,0,63" hai2="92,125,8,51,38,13,35,116,79,18,3,74,29" hai3="41,32,111,33,10,64,102,128,124,34,50,58,87"/><U46/><E0/><V57/><F38/><W26/><G111/><T100/><D127/><U55/><E46/><V31/><F116/><W80/><G124/><T56/><D135/><U25/><E25/><V108/><F125/><W45/><G128/><T103/><D131/><U6/><E6/><V126/><F126/><W14/><G102/><T5/><D43/><U93/><E93/><V27/><F108/><W104/><G104/><T97/><D11/><U110/><E110/><V67/><F29/><W98/><G98/><T84/><D84/><U2/><E2/><V94/><F3/><W49/><G64/><T66/><D66/><U28/><E28/><V52/><REACH who="2" step="1"/><F67/><REACH who="2" ten="221,377,220,172" step="2"/><W68/><G33/><T130/><D130/><U101/><E37/><V109/><F109/><W47/><G32/><T86/><D112/><U99/><E36/><V123/><F123/><W132/><G34/><T122/><D113/><U65/><E65/><V78/><F78/><W12/><G132/><T118/><D118/><U82/><E115/><V90/><F90/><W62/><G50/><T1/><D1/><U88/><E88/><V95/><F95/><W134/><G49/><T91/><D122/><U81/><E61/><V39/><F39/><W72/><G62/><T71/><D91/><U15/><E63/><V114/><F114/><W85/><G134/><T129/><D77/><U107/><E107/><V19/><F19/><W89/><G89/><N who="0" m="51423" /><D129/><U54/><E16/><V17/><F17/><W117/><G117/><T119/><D119/><U120/><E120/><V22/><F22/><W48/><G48/><RYUUKYOKU ba="4,1" sc="221,-10,377,-10,220,30,172,-10" hai2="8,13,18,27,31,35,51,52,57,74,79,92,94" /><INIT seed="2,5,1,0,5,5" ten="211,367,250,162" oya="2" hai0="95,45,55,134,72,67,54,28,128,64,58,39,92" hai1="132,20,48,11,120,16,106,56,13,35,9,119,82" hai2="59,127,100,31,103,93,51,68,133,104,101,117,24" hai3="61,44,37,65,1,18,83,76,114,69,62,98,86"/><V63/><F117/><W125/><G125/><T17/><D72/><U66/><E119/><V60/><F104/><W15/><G114/><T47/><D28/><U53/><E106/><V22/><F133/><W107/><G1/><T110/><D110/><U94/><E132/><V84/><F127/><W71/><G37/><T50/><D134/><U75/><E35/><V74/><F74/><W118/><G118/><T52/><D128/><U34/><E34/><V108/><F68/><W36/><G36/><T43/><D17/><U91/><E66/><N who="0" m="25129" /><D95/><U42/><E42/><V14/><F14/><W88/><G62/><N who="0" m="36191" /><D92/><U78/><E120/><V19/><F31/><W77/><G69/><T97/><D97/><AGARI ba="5,1" hai="9,11,13,16,20,48,53,56,75,78,82,91,94,97" machi="97" ten="30,7700,0" yaku="7,1,52,2,54,1" doraHai="5" who="1" fromWho="0" sc="211,-92,367,102,250,0,162,0" /><INIT seed="3,0,0,0,1,49" ten="119,469,250,162" oya="3" hai0="54,111,48,78,112,100,42,116,72,110,33,34,101" hai1="6,95,131,17,135,63,1,0,16,28,26,123,102" hai2="99,73,126,108,117,92,35,21,113,69,133,88,11" hai3="74,109,127,104,65,115,15,89,98,45,3,75,125"/><W97/><G3/><T134/><D116/><U14/><E123/><V84/><F35/><W36/><G65/><T94/><D42/><U12/><E63/><V31/><F73/><N who="3" m="27659" /><G15/><N who="1" m="5674" /><E95/><V56/><F56/><W128/><G45/><T52/><D134/><U66/><E102/><N who="0" m="39529" /><D94/><U18/><E66/><V9/><F133/><W7/><G36/><T29/><D112/><U119/><E119/><V59/><F113/><W62/><G128/><T60/><D60/><U120/><E131/><V47/><F117/><W107/><G62/><T24/><D34/><N who="1" m="20759" /><E135/><V82/><F69/><W130/><G115/><T44/><D44/><U87/><E87/><V114/><F47/><W8/><G130/><T90/><D48/><U91/><E91/><V81/><F114/><W76/><G104/><T19/><D90/><U122/><E1/><V2/><F2/><W129/><G89/><T106/><D106/><U121/><E121/><V55/><F88/><W85/><G107/><T68/><D68/><U124/><E124/><V46/><F126/><W39/><G127/><T30/><D30/><U57/><E57/><V64/><F31/><W40/><G129/><T50/><D50/><U5/><E5/><V67/><F59/><W43/><G125/><T41/><D41/><U51/><E51/><V118/><F118/><W32/><G40/><T20/><D78/><U23/><E23/><V103/><F21/><W93/><G43/><T79/><D79/><U58/><E58/><V13/><F92/><W27/><G93/><T37/><D37/><U86/><E86/><V105/><F84/><W53/><G85/><RYUUKYOKU ba="0,0" sc="119,-10,469,30,250,-10,162,-10" hai1="0,6,16,17,18,120,122" owari="109,-39.1,499,59.9,240,4.0,152,-24.8" /></mjloggm>