<mjloggm ver="2.3"><GO type="225" lobby="0"/><UN n0="%48%61%61%61%6C%61%6E%64" n1="%E3%83%AD%E3%83%83%E3%83%86%E9%9B%80%E7%90%83" n2="%E3%81%AF%E3%82%88%E3%81%8A%E3%81%98%E3%81%95%E3%82%93" n3="%E5%AE%AE%E4%BF%9D%E9%B6%8F%E8%82%89" dan="18,17,16,16" rate="2239.87,2237.12,2209.25,2120.49" sx="M,M,M,M"/><TAIKYOKU oya="0"/><INIT seed="0,0,0,1,4,17" ten="250,250,250,250" oya="0" hai0="7,19,106,94,130,127,89,5,48,45,122,51,47" hai1="121,69,115,0,118,16,31,15,18,109,91,86,37" hai2="21,64,44,41,105,36,90,25,29,55,82,80,71" hai3="27,110,2,107,114,101,76,43,117,112,59,128,57"/><T12/><D106/><U1/><E69/><V49/><F105/><W20/><G117/><T23/><D127/><U68/><E68/><V93/><F64/><W39/><G2/><T99/><D130/><U88/><E37/><V92/><F71/><W63/><G76/><T74/><D74/><U42/><E121/><V97/><REACH who="2" step="1"/><F93/><REACH who="2" ten="250,250,240,250" step="2"/><W54/><G107/><T133/><D122/><U87/><E118/><V81/><F81/><W56/><G114/><T34/><D133/><U77/><E115/><V22/><F22/><W65/><G112/><T126/><D126/><U100/><E0/><V60/><F60/><W85/><G65/><T135/><D135/><U14/><E1/><V102/><F102/><W8/><G101/><T73/><D34/><U26/><E100/><V120/><F120/><W13/><G63/><T40/><REACH who="0" step="1"/><D73/><REACH who="0" ten="240,250,240,250" step="2"/><U84/><E109/><V98/><F98/><W72/><G72/><T108/><D108/><U134/><E134/><V28/><F28/><W104/><G104/><T30/><D30/><U24/><E31/><V61/><F61/><W50/><G110/><T75/><D75/><U4/><E86/><V129/><F129/><W38/><G128/><T83/><D83/><U125/><E125/><V78/><F78/><W6/><G85/><T131/><D131/><U95/><E77/><V66/><F66/><W53/><G39/><T103/><D103/><U113/><E113/><V58/><AGARI ba="0,2" hai="21,25,29,36,41,44,49,55,58,80,82,90,92,97" machi="58" ten="20,5200,0" yaku="1,1,0,1,7,1,52,1,53,0" doraHai="17" doraHaiUra="116" who="2" fromWho="2" sc="240,-26,250,-13,240,72,250,-13" /><INIT seed="1,0,0,4,1,120" ten="214,237,312,237" oya="1" hai0="81,10,78,87,110,104,103,105,57,115,18,66,89" hai1="14,54,79,96,73,25,39,68,90,52,56,70,86" hai2="102,121,69,93,32,117,76,58,35,0,80,6,11" hai3="122,97,111,60,67,59,119,88,23,45,107,28,8"/><U118/><E118/><V2/><F121/><W131/><G122/><T113/><D66/><U30/><E39/><V61/><F0/><W134/><G119/><T124/><D57/><U95/><E73/><V46/><F69/><W126/><G126/><T12/><D124/><U24/><E14/><V114/><F114/><W15/><G134/><T38/><D38/><U130/><E130/><V112/><F112/><W5/><G131/><T34/><D34/><U99/><E54/><V106/><F106/><W44/><G111/><T29/><D29/><U91/><E79/><V40/><F93/><N who="3" m="56487" /><G107/><T17/><D110/><U41/><E41/><V84/><F102/><W123/><G123/><T49/><D105/><U74/><E74/><V26/><F26/><AGARI ba="0,0" hai="5,8,15,23,26,28,44,45,59,60,67" m="56487" machi="26" ten="30,2000,0" yaku="8,1,54,1" doraHai="120" who="3" fromWho="2" sc="214,0,237,0,312,-20,237,20" /><INIT seed="2,0,0,2,2,130" ten="214,237,292,257" oya="2" hai0="68,25,66,115,78,33,50,19,3,81,6,121,135" hai1="91,2,133,55,85,44,87,108,10,101,74,45,53" hai2="4,31,22,123,57,72,99,127,100,126,54,35,39" hai3="24,122,28,125,112,60,76,113,46,106,128,102,64"/><V47/><F123/><W134/><G122/><T7/><D121/><U103/><E74/><V93/><F72/><W96/><G128/><T41/><D115/><N who="3" m="44105" /><G125/><T1/><D68/><U82/><E108/><V36/><F35/><N who="3" m="20871" /><G76/><T92/><D66/><U27/><E27/><N who="2" m="16887" /><F47/><W95/><G46/><T107/><D107/><U18/><E2/><V84/><F84/><W111/><G111/><T48/><D1/><U56/><E133/><V51/><F4/><W8/><G8/><T89/><D135/><U32/><E32/><V17/><F17/><W52/><G52/><T42/><D3/><U40/><E55/><V70/><F70/><N who="3" m="42247" /><G134/><T105/><D6/><U71/><E71/><V26/><F26/><W21/><G21/><T34/><D7/><U37/><E45/><V118/><F118/><W38/><G38/><T119/><D119/><U90/><E18/><V15/><F15/><W117/><G117/><T23/><D33/><U30/><E30/><V67/><F67/><W59/><G59/><T124/><D34/><U65/><E10/><V80/><F80/><W58/><G58/><T114/><D114/><U5/><E5/><V116/><F116/><W97/><G97/><N who="0" m="57487" /><D124/><AGARI ba="0,0" hai="36,39,51,54,57,93,99,100,124,126,127" m="16887" machi="124" ten="30,1500,0" yaku="18,1" doraHai="130" who="2" fromWho="0" sc="214,-15,237,0,292,15,257,0" /><INIT seed="2,1,0,5,4,61" ten="199,237,307,257" oya="2" hai0="79,53,57,102,7,92,116,118,39,44,55,8,21" hai1="2,125,64,30,91,74,111,95,68,88,49,78,60" hai2="15,103,67,126,97,40,5,11,56,33,89,69,86" hai3="101,121,20,70,35,29,41,45,83,52,50,100,28"/><V43/><F69/><W12/><G121/><T77/><D21/><U71/><E2/><V48/><F33/><W80/><G70/><T130/><D130/><U133/><E111/><V94/><F126/><W106/><G35/><T113/><D113/><U131/><E125/><V0/><F0/><W32/><G32/><T132/><D132/><U38/><E38/><V108/><F108/><W93/><G106/><T58/><D102/><N who="3" m="39529" /><G41/><T37/><D92/><U124/><E124/><V3/><F3/><W127/><G93/><T31/><D31/><N who="3" m="11849" /><G127/><T24/><D24/><U23/><E71/><V84/><F84/><W1/><G1/><T122/><D122/><U112/><E112/><V107/><F48/><W59/><G45/><T82/><D44/><U62/><E49/><V19/><F5/><W117/><G117/><T13/><D39/><U22/><E131/><V36/><F36/><W26/><G12/><T128/><D37/><U90/><E133/><V119/><F119/><N who="0" m="45610" /><D128/><U85/><E30/><AGARI ba="1,0" hai="20,26,30,50,52,59,80,83" m="11849,39529" machi="30" ten="30,2000,0" yaku="8,1,54,1" doraHai="61" who="3" fromWho="1" sc="199,0,237,-23,307,0,257,23" /><INIT seed="3,0,0,5,2,108" ten="199,214,307,280" oya="3" hai0="130,42,40,93,110,17,6,105,86,102,56,134,62" hai1="37,121,88,59,11,0,126,29,63,38,54,47,101" hai2="14,133,74,113,44,66,129,70,122,55,127,106,91" hai3="65,50,31,57,2,58,97,90,109,114,68,19,96"/><W94/><G2/><T89/><D110/><U69/><E121/><V53/><F113/><W73/><G73/><T46/><D130/><U8/><E126/><V60/><F74/><W52/><G109/><T71/><D71/><U64/><E101/><V3/><F3/><W36/><G36/><T77/><D134/><U15/><E29/><V7/><F106/><W116/><G116/><T95/><D105/><U81/><E0/><V41/><F129/><W13/><G114/><T117/><D117/><U124/><E124/><V118/><F118/><W111/><G111/><T132/><D132/><U120/><E120/><V115/><F115/><W45/><G31/><T32/><D32/><U61/><E47/><V135/><F127/><W99/><G68/><T27/><D6/><U1/><E1/><V104/><F104/><W123/><G123/><T39/><D77/><U30/><E30/><V112/><F112/><W100/><G65/><T21/><D42/><U18/><REACH who="1" step="1"/><E11/><REACH who="1" ten="199,204,307,280" step="2"/><N who="2" m="4479" /><F122/><W107/><G97/><T22/><D22/><AGARI ba="0,1" hai="13,19,22,45,50,52,57,58,90,94,96,99,100,107" machi="22" ten="30,2900,0" yaku="7,1,54,1" doraHai="108" who="3" fromWho="0" sc="199,-29,204,0,307,0,280,39" owari="170,-33.0,204,-19.6,307,10.7,319,41.9" /></mjloggm>