<mjloggm ver="2.3"><GO type="225" lobby="0"/><UN n0="%E4%BA%95%E5%B8%AF" n1="%72%69%6F%75%63%68%61%6E" n2="%72%61%6B%33" n3="%E3%81%B5%E3%81%98%E3%81%8B%E3%81%A4" dan="16,16,16,16" rate="2059.87,2138.58,2057.10,2111.80" sx="M,M,M,M"/><TAIKYOKU oya="0"/><INIT seed="0,0,0,1,2,43" ten="250,250,250,250" oya="0" hai0="46,84,7,77,18,100,56,131,14,79,122,82,61" hai1="34,35,58,72,106,37,112,52,70,0,10,39,26" hai2="47,67,135,27,65,85,89,115,119,86,76,109,81" hai3="80,97,87,116,2,113,28,63,53,127,129,75,69"/><T94/><D122/><U95/><E106/><V117/><F115/><W23/><G116/><N who="2" m="44617" /><F109/><W66/><G113/><T30/><D131/><U125/><E70/><V44/><F135/><W101/><G2/><T29/><D7/><U108/><E112/><V132/><F132/><W55/><G129/><T12/><D79/><U21/><E108/><V11/><F27/><W120/><G75/><T60/><D14/><U133/><E133/><V91/><F11/><W19/><G28/><T121/><D60/><U118/><E118/><V57/><F76/><W62/><G127/><T83/><D83/><U48/><E125/><V25/><F25/><W111/><G63/><T71/><D71/><U114/><E72/><V4/><F4/><W128/><G128/><T9/><D46/><N who="2" m="17450" /><F57/><W107/><G111/><T74/><D121/><U38/><E114/><V93/><AGARI ba="0,0" hai="65,67,81,85,86,89,91,93" m="17450,44617" machi="93" ten="30,7900,0" yaku="12,1,52,3" doraHai="43" who="2" fromWho="2" sc="250,-39,250,-20,250,79,250,-20" /><INIT seed="1,0,0,0,5,19" ten="211,230,329,230" oya="1" hai0="129,22,40,50,87,72,34,11,7,44,38,8,128" hai1="23,21,116,65,64,49,80,89,133,111,25,78,101" hai2="132,127,88,96,69,91,37,1,10,62,93,14,74" hai3="41,107,120,104,85,51,27,67,126,66,117,90,119"/><U28/><E116/><N who="3" m="44618" /><G120/><T30/><D72/><U135/><E111/><V24/><F37/><W60/><G126/><T102/><D34/><U134/><E101/><V20/><F1/><W92/><G27/><N who="0" m="16759" /><D102/><U77/><E49/><V5/><F74/><W109/><G109/><T97/><D97/><U13/><E89/><V59/><F132/><W105/><G60/><T71/><D71/><U124/><E124/><V18/><F69/><W52/><G41/><T45/><D87/><N who="1" m="48527" /><E78/><V46/><F127/><W33/><G33/><T54/><D7/><U110/><E110/><V108/><F108/><W81/><G81/><T106/><D106/><U75/><E75/><V55/><F46/><AGARI ba="0,0" hai="46,51,52,66,67,85,90,92,104,105,107" m="44618" machi="46" ten="40,2600,0" yaku="12,1,54,1" doraHai="19" who="3" fromWho="2" sc="211,0,230,0,329,-26,230,26" /><INIT seed="2,0,0,0,0,112" ten="211,230,303,256" oya="2" hai0="81,118,121,67,133,109,89,4,41,131,10,134,97" hai1="42,126,128,14,119,63,100,17,16,110,5,51,103" hai2="106,105,116,59,124,31,114,47,13,3,45,6,56" hai3="91,46,1,71,50,99,132,95,57,104,122,30,60"/><V9/><F114/><W27/><G122/><T111/><D121/><U53/><E119/><V0/><F116/><W43/><G132/><N who="0" m="50795" /><D118/><U125/><E110/><N who="0" m="41993" /><D131/><U107/><E128/><V117/><F117/><W38/><G1/><N who="0" m="271" /><D67/><U68/><E42/><V7/><F124/><N who="1" m="47721" /><E5/><V83/><F6/><W15/><G104/><T2/><D2/><U130/><E130/><V39/><F106/><W66/><G38/><T92/><D41/><U102/><E107/><V21/><F105/><W86/><G15/><T58/><D58/><N who="1" m="33087" /><E14/><V108/><F13/><W101/><G71/><T29/><D29/><U76/><E76/><V79/><F31/><W115/><G115/><T123/><D123/><U18/><E68/><V82/><F108/><W61/><G30/><T34/><D81/><U25/><E63/><V40/><F0/><W84/><G61/><T70/><D70/><U78/><E78/><V36/><F79/><W94/><G27/><AGARI ba="0,0" hai="16,17,18,25,27,100,102,103" m="33087,47721" machi="27" ten="40,2600,0" yaku="18,1,54,1" doraHai="112" who="1" fromWho="3" sc="211,0,230,26,303,0,256,-26" /><INIT seed="3,0,0,3,3,107" ten="211,256,303,230" oya="3" hai0="110,92,32,103,58,54,66,42,59,127,122,7,102" hai1="11,50,30,15,25,43,45,126,98,111,10,38,89" hai2="104,73,86,13,96,109,68,40,120,108,17,55,78" hai3="134,119,37,91,94,80,23,53,31,63,116,62,48"/><W81/><G37/><T124/><D122/><U26/><E111/><N who="2" m="42571" /><F120/><W88/><G134/><T123/><D110/><U131/><E131/><V16/><F68/><W9/><G9/><T70/><D123/><U0/><E126/><N who="0" m="48169" /><D32/><U52/><E0/><V133/><F133/><W97/><G119/><T79/><D42/><U44/><E10/><V99/><F40/><W117/><G117/><T132/><D132/><U69/><E69/><V56/><F86/><N who="3" m="50255" /><G80/><T28/><D28/><U72/><E72/><V84/><F73/><W60/><G116/><T21/><D7/><U71/><E71/><V82/><F104/><W51/><G53/><T87/><D21/><U19/><E30/><V113/><F113/><W83/><G83/><N who="0" m="47615" /><D92/><U61/><E61/><N who="2" m="35999" /><F17/><W33/><G33/><T64/><D70/><U36/><E36/><V90/><F78/><W93/><G93/><T24/><D24/><AGARI ba="0,0" hai="23,24,31,48,51,60,62,63,91,94,97" m="50255" machi="24" ten="30,2900,0" yaku="8,1,54,1" doraHai="107" who="3" fromWho="0" sc="211,-29,256,0,303,0,230,29" /><INIT seed="3,1,0,4,5,8" ten="182,256,303,259" oya="3" hai0="120,26,5,52,47,125,24,10,29,126,128,79,31" hai1="71,82,6,1,15,38,46,111,44,60,88,118,107" hai2="66,119,110,83,85,55,94,33,116,11,98,27,124" hai3="75,89,73,123,40,12,36,54,14,135,81,87,101"/><W61/><G123/><T59/><D79/><U0/><E107/><V7/><F66/><W42/><G101/><T121/><D47/><U80/><E111/><V35/><F110/><W97/><G36/><T4/><D59/><U106/><E106/><V2/><F124/><N who="0" m="47722" /><D52/><U56/><E71/><V96/><F96/><W58/><G75/><T70/><D70/><U72/><E118/><V130/><F55/><N who="3" m="34015" /><G73/><T41/><D41/><N who="3" m="15977" /><G135/><T92/><D92/><U62/><E0/><V91/><F130/><W133/><G133/><T74/><D74/><U99/><E1/><V50/><F50/><W109/><G109/><T68/><D68/><U18/><E6/><N who="0" m="2665" /><D10/><N who="1" m="6519" /><E38/><V104/><F104/><W21/><G54/><T48/><D48/><U57/><E72/><V113/><F119/><W114/><G97/><T108/><D108/><U100/><E100/><V90/><F116/><W43/><G43/><T25/><D128/><U84/><E99/><V63/><F63/><N who="1" m="24105" /><E80/><V127/><F127/><W19/><G114/><T77/><D77/><U67/><E67/><V23/><F113/><W132/><G132/><T45/><D45/><AGARI ba="1,0" hai="44,45,46,56,57,82,84,88" m="24105,6519" machi="45" ten="30,3900,0" yaku="8,1,52,1,54,1" doraHai="8" who="1" fromWho="0" sc="182,-42,256,42,303,0,259,0" owari="140,-36.0,298,9.8,303,40.3,259,-14.1" /></mjloggm>