<mjloggm ver="2.3"><GO type="225" lobby="0"/><UN n0="%E9%A2%A8%E3%81%A7%E9%B3%B4%E3%81%8F" n1="%E3%82%B2%E3%82%B9%E8%8C%82%E5%8B%9D" n2="%E3%81%A8%E3%82%93%E3%81%A8%E3%81%93%E3%81%A8%E3%82%93" n3="%E5%8F%AF%E5%85%90%E9%82%A3%E7%94%B1%E5%A4%9A" dan="16,16,16,17" rate="2147.62,2066.16,2091.52,2251.02" sx="M,F,M,F"/><TAIKYOKU oya="0"/><INIT seed="0,0,0,3,5,82" ten="250,250,250,250" oya="0" hai0="126,124,81,105,48,31,53,109,35,33,18,134,89" hai1="100,16,123,24,12,15,122,36,83,9,95,121,22" hai2="41,74,62,29,4,6,114,93,30,5,66,112,102" hai3="76,55,14,38,119,58,101,63,116,79,8,32,86"/><T111/><D105/><U106/><E106/><V75/><F41/><W50/><G38/><T10/><D134/><U99/><E36/><V117/><F117/><W91/><G32/><T125/><D31/><U129/><E129/><V127/><F127/><W94/><G101/><T28/><D28/><U135/><E135/><V73/><F29/><W96/><G119/><T61/><D61/><U0/><REACH who="1" step="1"/><E83/><REACH who="1" ten="250,240,250,250" step="2"/><V39/><F39/><W130/><G130/><T37/><D37/><U57/><E57/><V11/><F112/><W103/><G116/><T87/><D35/><U65/><E65/><V77/><F66/><W56/><G56/><T43/><D33/><U88/><E88/><V68/><F114/><W115/><G115/><T1/><D43/><U2/><E2/><V21/><F68/><W23/><G50/><T26/><D1/><U120/><N who="1" m="30720" /><DORA hai="92" /><U98/><E98/><V107/><F107/><W42/><G42/><T45/><D26/><U59/><E59/><V40/><F40/><W72/><G96/><T49/><D49/><U52/><E52/><V25/><F62/><W3/><G3/><T80/><D80/><U17/><E17/><V78/><F77/><W132/><G132/><T118/><D118/><U34/><E34/><V85/><F78/><W69/><G69/><T108/><D124/><U27/><E27/><V51/><F51/><W128/><G128/><T13/><AGARI ba="0,1" hai="10,13,18,45,48,53,81,87,89,108,109,111,125,126" machi="13" ten="40,18000,2" yaku="0,1,25,2,14,1,10,1,52,1" doraHai="82,92" who="0" fromWho="0" sc="250,190,240,-60,250,-60,250,-60" /><INIT seed="0,1,0,1,5,9" ten="440,180,190,190" oya="0" hai0="19,11,62,24,128,116,75,126,67,60,105,98,13" hai1="93,132,87,76,17,119,78,92,72,114,96,101,81" hai2="59,71,14,121,12,104,47,27,108,113,135,21,100" hai3="50,31,56,7,49,83,77,30,46,133,70,20,16"/><T125/><D75/><U4/><E4/><V79/><F71/><W106/><G70/><T66/><D116/><U18/><E119/><V23/><F121/><W111/><G106/><T88/><D128/><U91/><E18/><V89/><F113/><W15/><G111/><T25/><D62/><U102/><E17/><V6/><F79/><W54/><G7/><T131/><D131/><U82/><E132/><V95/><F108/><W0/><G0/><T117/><D117/><U33/><E33/><V65/><F135/><W38/><G38/><T29/><D25/><U48/><E48/><V90/><F104/><W61/><G49/><T5/><D5/><U86/><E114/><V97/><F47/><W120/><G120/><T52/><D52/><U28/><E28/><N who="2" m="17519" /><F23/><W129/><G129/><T94/><D105/><U74/><E102/><V80/><F6/><W51/><G51/><T118/><D118/><U103/><E103/><V26/><F26/><W42/><REACH who="3" step="1"/><G133/><REACH who="3" ten="440,180,190,180" step="2"/><T85/><D60/><U127/><E127/><V1/><F1/><W3/><G3/><T107/><D125/><U115/><E115/><V110/><F110/><W73/><AGARI ba="1,1" hai="15,16,20,30,31,42,46,50,54,56,61,73,77,83" machi="73" ten="20,8000,1" yaku="1,1,0,1,7,1,52,1,54,1,53,0" doraHai="9" doraHaiUra="84" who="3" fromWho="3" sc="440,-41,180,-21,190,-21,180,93" /><INIT seed="1,0,0,3,5,99" ten="399,159,169,273" oya="1" hai0="125,134,101,120,26,35,32,129,93,88,49,87,43" hai1="75,15,69,30,27,72,53,60,132,59,122,50,25" hai2="115,114,12,131,21,76,1,109,97,102,84,20,11" hai3="127,36,79,46,57,89,38,6,73,62,2,45,77"/><U130/><E122/><V67/><F1/><W47/><G127/><T94/><D125/><U74/><E132/><V24/><F109/><W19/><G6/><T31/><D134/><U34/><E130/><V68/><F131/><W7/><G7/><T90/><D129/><U78/><E25/><V40/><F40/><W118/><G2/><T100/><D120/><U41/><E15/><V92/><F68/><W81/><G118/><T44/><D35/><U13/><E13/><V39/><F39/><W98/><G77/><T96/><AGARI ba="0,0" hai="26,31,32,43,44,49,87,88,90,93,94,96,100,101" machi="96" ten="20,8000,1" yaku="0,1,7,1,52,2,54,1" doraHai="99" who="0" fromWho="0" sc="399,80,159,-40,169,-20,273,-20" /><INIT seed="2,0,0,2,4,16" ten="479,119,149,253" oya="2" hai0="24,97,10,56,91,32,38,102,48,68,28,2,57" hai1="35,11,130,37,3,85,0,47,22,50,60,105,4" hai2="79,59,116,20,90,41,72,92,107,110,118,84,18" hai3="43,76,17,115,127,106,86,65,39,113,112,70,54"/><V1/><F1/><W67/><G106/><T63/><D38/><U45/><E35/><V114/><F114/><W96/><G127/><T74/><D91/><U55/><E105/><V109/><F41/><W111/><G111/><N who="2" m="42505" /><F107/><W27/><G96/><T15/><D2/><U94/><E130/><V81/><F59/><W40/><G54/><T8/><D8/><U49/><E37/><V129/><F129/><W125/><G125/><T5/><D74/><U19/><E60/><V108/><N who="2" m="42513" /><V25/><AGARI ba="0,0" hai="18,20,25,72,79,81,84,90,92,116,118" m="42513" machi="25" ten="40,12000,1" yaku="4,1,14,1,10,1,52,1" doraHai="16" who="2" fromWho="2" sc="479,-40,119,-40,149,120,253,-40" /><INIT seed="2,1,0,3,3,134" ten="439,79,269,213" oya="2" hai0="84,122,41,5,44,110,123,21,83,1,14,105,103" hai1="108,19,102,64,20,51,6,54,50,9,49,70,12" hai2="114,88,15,59,35,75,61,47,100,33,68,3,24" hai3="81,32,27,92,39,11,45,113,73,8,55,10,40"/><V133/><F3/><W66/><G113/><T31/><D110/><U130/><E108/><V111/><F114/><W94/><G66/><T53/><D53/><U129/><E102/><V82/><F111/><W57/><G32/><T79/><D1/><U120/><E120/><V74/><F68/><W106/><G106/><T97/><D31/><U16/><E64/><V29/><F133/><W22/><G81/><T117/><D117/><U52/><E70/><V72/><F100/><W78/><G78/><T86/><D86/><U37/><E37/><V60/><F35/><W56/><G73/><T18/><D5/><U80/><E80/><V96/><F47/><W109/><G56/><T126/><D126/><U93/><E93/><V98/><F15/><W42/><G42/><T118/><D118/><U76/><E76/><V95/><F98/><W23/><G109/><T28/><D28/><U116/><E116/><V17/><F17/><W34/><G34/><T13/><D14/><U115/><E115/><V62/><REACH who="2" step="1"/><F82/><REACH who="2" ten="439,79,259,213" step="2"/><W2/><G2/><T90/><D79/><U132/><E132/><V89/><F89/><W48/><G27/><T43/><D44/><U101/><E101/><V112/><F112/><W121/><G121/><T7/><D7/><U69/><E69/><V67/><AGARI ba="1,1" hai="24,29,33,59,60,61,62,67,72,74,75,88,95,96" machi="67" ten="30,6000,0" yaku="1,1,0,1,54,1,53,0" doraHai="134" doraHaiUra="46" who="2" fromWho="2" sc="439,-21,79,-21,259,73,213,-21" /><INIT seed="2,2,0,0,4,70" ten="418,58,332,192" oya="2" hai0="34,7,54,79,37,113,52,125,82,36,75,14,129" hai1="66,106,9,19,57,119,0,56,109,103,17,2,104" hai2="63,6,10,30,84,11,93,85,100,23,5,117,60" hai3="49,135,18,55,132,80,51,32,12,112,47,3,59"/><V88/><F117/><W68/><G68/><T42/><D34/><U20/><E20/><V81/><F30/><W99/><G32/><T31/><D113/><U108/><E9/><N who="2" m="3083" /><F23/><W107/><G3/><T29/><D7/><N who="2" m="2570" /><F100/><W98/><G112/><T122/><D122/><U69/><E69/><V41/><F41/><W61/><G80/><T74/><D82/><U58/><E103/><V102/><F102/><W76/><G76/><AGARI ba="2,0" hai="60,63,76,81,84,85,88,93" m="2570,3083" machi="76" ten="30,2900,0" yaku="8,1,54,1" doraHai="70" who="2" fromWho="3" sc="418,0,58,0,332,35,192,-35" /><INIT seed="2,3,0,0,3,57" ten="418,58,367,157" oya="2" hai0="92,109,15,41,43,49,122,17,127,102,12,65,104" hai1="24,87,106,4,8,128,3,35,13,86,121,42,76" hai2="81,70,80,22,67,39,98,53,108,58,40,117,56" hai3="34,9,25,48,115,113,11,33,37,83,118,125,116"/><V6/><F117/><N who="3" m="45163" /><G37/><T66/><D104/><U69/><E106/><V93/><F6/><W55/><G83/><T52/><D109/><U29/><E128/><V0/><F0/><W126/><G48/><T30/><D30/><U44/><E121/><V62/><F108/><W14/><G55/><T16/><D127/><N who="3" m="48649" /><G25/><T46/><D122/><U59/><E69/><V91/><F58/><W112/><G11/><N who="0" m="6303" /><D92/><U90/><E76/><V68/><F70/><W103/><G103/><T114/><D114/><U107/><E107/><V64/><F67/><N who="0" m="25610" /><D102/><U73/><E73/><V101/><F101/><W77/><G77/><T130/><D130/><U28/><E28/><V95/><F93/><W54/><G54/><T50/><D50/><U36/><E90/><V99/><F98/><W75/><G75/><T51/><D51/><U100/><E100/><V96/><F99/><W1/><G1/><T135/><D135/><U131/><E131/><V47/><F22/><AGARI ba="3,0" hai="15,16,22,41,43,46,49,52" m="25610,6303" machi="22" ten="30,3900,0" yaku="8,1,54,2" doraHai="57" who="0" fromWho="2" sc="418,48,58,0,367,-48,157,0" /><INIT seed="3,0,0,0,3,8" ten="466,58,319,157" oya="3" hai0="5,16,33,27,76,29,96,105,133,135,122,36,111" hai1="21,14,19,84,110,94,118,26,90,9,134,6,95" hai2="66,49,35,100,2,44,75,106,78,127,86,23,130" hai3="38,92,101,71,77,54,40,89,81,51,103,50,87"/><W114/><G114/><T126/><D36/><U85/><E110/><V63/><F35/><W69/><G38/><T0/><D122/><U88/><E134/><V24/><F2/><W46/><G69/><T123/><D123/><U115/><E115/><V31/><F75/><W102/><G71/><T20/><D111/><U59/><E118/><V117/><F117/><W13/><G13/><N who="0" m="9231" /><D76/><U34/><E34/><V109/><F109/><W52/><REACH who="3" step="1"/><G51/><REACH who="3" ten="466,58,319,147" step="2"/><T30/><D135/><U72/><E72/><AGARI ba="0,1" hai="40,46,50,52,54,72,77,81,87,89,92,101,102,103" machi="72" ten="40,7700,0" yaku="1,1,2,1,54,1,53,0" doraHai="8" doraHaiUra="25" who="3" fromWho="1" sc="466,0,58,-77,319,0,147,87" owari="466,56.6,-19,-51.9,319,11.9,234,-16.6" /></mjloggm>