<mjloggm ver="2.3"><GO type="225" lobby="0"/><UN n0="%E3%83%9D%E3%83%B3%E3%83%9D%E3%82%B3%E5%95%86%E4%BA%8B" n1="%E6%A1%9C%E8%8A%B1%E9%96%83%E3%80%85" n2="%48%61%61%61%6C%61%6E%64" n3="%E3%81%8B%E3%82%8F%E3%81%A1%E3%82%83%E3%82%93%35%38" dan="16,16,18,16" rate="2141.31,2173.76,2212.28,2171.31" sx="M,M,M,M"/><TAIKYOKU oya="0"/><INIT seed="0,0,0,1,3,95" ten="250,250,250,250" oya="0" hai0="38,121,41,123,130,53,81,78,1,31,48,42,79" hai1="72,87,61,73,34,114,4,25,19,20,46,22,45" hai2="26,97,112,66,92,37,60,85,70,64,132,29,8" hai3="120,89,127,0,103,90,35,119,91,129,131,2,68"/><T58/><D1/><N who="3" m="617" /><G68/><T125/><D125/><U126/><E126/><V134/><F112/><W54/><G127/><T101/><D130/><N who="3" m="49673" /><G119/><T135/><D135/><N who="2" m="51754" /><F37/><W75/><G75/><T56/><D31/><U15/><E34/><N who="2" m="20791" /><F8/><W52/><G35/><T115/><D115/><U43/><E114/><V128/><F128/><W84/><G120/><T102/><D38/><U28/><E4/><V47/><F47/><W98/><G84/><T74/><D74/><U49/><E61/><V57/><F85/><W50/><G50/><T27/><D48/><U99/><E46/><V33/><F33/><W82/><G82/><T36/><D81/><U76/><E87/><V124/><F124/><W59/><G59/><T65/><D36/><U80/><REACH who="1" step="1"/><E73/><REACH who="1" ten="250,240,250,250" step="2"/><V11/><F60/><W12/><G12/><T3/><D3/><U16/><E16/><V7/><F7/><W5/><G5/><T107/><D123/><U77/><E77/><V30/><F30/><W83/><G83/><T96/><D121/><U9/><E9/><V32/><F11/><W108/><G108/><T106/><D79/><U23/><E23/><V118/><F32/><W133/><G133/><T18/><D78/><U51/><E51/><V17/><F17/><W44/><G44/><T122/><D122/><U63/><E63/><V111/><F111/><W113/><G113/><T13/><D18/><U10/><E10/><V117/><F117/><W86/><G86/><T116/><D116/><U40/><E40/><V55/><F118/><W21/><G21/><T100/><D42/><U69/><E69/><V93/><F70/><RYUUKYOKU ba="0,1" sc="250,-15,240,15,250,-15,250,15" hai1="15,19,20,22,25,28,43,45,49,72,76,80,99" hai3="52,54,89,90,91,98,103" /><INIT seed="1,1,1,2,0,49" ten="235,255,235,265" oya="1" hai0="70,5,74,8,82,29,27,24,71,6,1,7,35" hai1="92,131,118,58,0,110,72,15,127,43,93,122,13" hai2="86,51,129,21,101,126,114,12,107,52,96,89,4" hai3="119,81,63,17,9,88,68,123,46,103,38,99,105"/><U111/><E118/><V60/><F126/><W124/><G123/><T133/><D133/><U37/><E122/><V97/><F129/><W98/><G124/><T91/><D7/><U18/><E127/><V120/><F120/><W84/><G119/><T134/><D134/><U16/><E0/><V77/><F114/><W3/><G99/><T94/><D6/><U19/><E72/><V11/><F77/><W30/><G30/><T62/><D24/><U34/><E34/><V10/><F60/><W50/><G38/><T31/><D31/><U64/><E131/><V85/><F21/><W45/><G3/><T87/><D74/><U53/><E64/><V2/><F97/><W117/><G117/><T48/><D62/><N who="1" m="36175" /><E43/><V121/><F121/><W26/><G50/><T61/><D61/><U112/><E37/><V80/><F86/><W108/><G108/><N who="1" m="41514" /><E112/><V100/><F100/><W132/><G132/><T23/><D35/><U79/><E79/><V55/><F51/><W32/><G32/><T36/><D36/><U65/><E65/><V104/><F104/><W41/><G41/><T116/><D116/><U109/><N who="1" m="41522" /><U78/><DORA hai="113" /><E78/><V54/><F54/><W47/><G63/><T75/><D48/><U125/><E125/><V66/><F66/><W67/><G67/><T44/><D44/><U28/><E28/><V115/><F115/><W128/><G128/><T73/><REACH who="0" step="1"/><D82/><REACH who="0" ten="225,255,235,265" step="2"/><U83/><E83/><V25/><F25/><W95/><G26/><T106/><D106/><U76/><E76/><V14/><F2/><W56/><G105/><T102/><D102/><RYUUKYOKU ba="1,2" sc="225,10,255,10,235,10,265,-30" hai0="1,5,8,23,27,29,70,71,73,75,87,91,94" hai1="13,15,16,18,19,92,93" hai2="4,10,11,12,14,52,55,80,85,89,96,101,107" /><INIT seed="1,2,2,2,1,31" ten="235,265,245,235" oya="1" hai0="93,131,77,56,78,85,70,103,11,57,21,40,96" hai1="72,22,51,32,61,134,81,98,44,26,52,42,36" hai2="112,114,25,45,10,27,122,92,62,50,82,68,49" hai3="99,35,48,12,108,117,73,87,101,120,59,39,46"/><U109/><E134/><V20/><F122/><W15/><G73/><T3/><D70/><U97/><E109/><V88/><F82/><W116/><G120/><T65/><D131/><U66/><E32/><V106/><F106/><N who="3" m="63807" /><G108/><T119/><D119/><N who="3" m="45641" /><G35/><T0/><D40/><U128/><E128/><V118/><F118/><W13/><G87/><T107/><D107/><U110/><E110/><V4/><F68/><W135/><G135/><T6/><D3/><U28/><E81/><V111/><F111/><W60/><G39/><T104/><D21/><U7/><E7/><V24/><F20/><W100/><G100/><T9/><D9/><U89/><E89/><V33/><F33/><W43/><G13/><T95/><D104/><U86/><E86/><V8/><F62/><W47/><G47/><T19/><D19/><U126/><E72/><V23/><F23/><W113/><G113/><N who="2" m="43625" /><F4/><W37/><G37/><T127/><D85/><U74/><E74/><V58/><F58/><W16/><G16/><T75/><D57/><N who="1" m="32927" /><E126/><V115/><N who="2" m="43633" /><V1/><DORA hai="79" /><F1/><W54/><AGARI ba="2,2" hai="12,15,43,46,48,54,59,60" m="45641,63807" machi="54" ten="30,1100,0" yaku="12,1" doraHai="31,79" who="3" fromWho="3" sc="235,-5,265,-7,245,-5,235,37" /><INIT seed="2,0,0,5,1,51" ten="230,258,240,272" oya="2" hai0="34,17,45,84,96,78,119,71,82,120,46,86,108" hai1="110,16,24,39,131,58,103,66,21,22,60,33,13" hai2="55,7,69,18,36,40,79,63,50,111,88,97,3" hai3="14,59,101,27,83,64,42,49,121,73,75,106,93"/><V23/><F79/><W52/><G106/><T134/><D120/><U133/><E110/><V2/><F111/><W32/><G121/><T135/><D108/><U56/><E131/><V113/><F113/><W20/><G32/><T38/><D71/><U132/><E39/><V74/><F74/><W31/><G83/><T12/><D34/><U123/><E123/><V25/><F7/><W99/><G42/><T77/><D96/><U126/><E126/><V100/><F40/><W117/><G117/><T92/><D119/><U37/><E37/><V70/><F36/><W124/><G124/><T105/><D105/><U76/><E76/><V128/><F128/><W85/><G85/><T89/><D78/><U11/><E103/><V81/><F70/><W30/><G30/><T109/><D109/><U10/><E58/><V87/><F63/><N who="3" m="38015" /><G14/><T91/><D77/><U5/><E33/><V4/><F69/><W43/><G43/><T48/><D38/><U53/><E66/><V15/><F15/><W107/><G107/><T127/><D127/><U116/><E116/><V54/><F50/><W8/><G8/><N who="0" m="6279" /><D48/><U6/><REACH who="1" step="1"/><E22/><REACH who="1" ten="230,248,240,272" step="2"/><V68/><F68/><W118/><G118/><T129/><D129/><U125/><E125/><V67/><F67/><W102/><G102/><T9/><D9/><U72/><E72/><V62/><F100/><W0/><G0/><AGARI ba="0,1" hai="0,5,6,10,11,13,16,21,24,53,56,60,132,133" machi="0" ten="40,5200,0" yaku="1,1,52,1,54,1,53,0" doraHai="51" doraHaiUra="28" who="1" fromWho="3" sc="230,0,248,62,240,0,272,-52" /><INIT seed="3,0,0,4,1,119" ten="230,310,240,220" oya="3" hai0="69,54,17,77,9,65,114,118,80,46,49,113,25" hai1="106,41,95,28,81,38,99,109,15,71,6,88,0" hai2="122,22,102,97,2,31,51,72,39,107,68,14,1" hai3="32,126,129,8,91,13,112,5,10,104,29,12,64"/><W85/><G112/><N who="0" m="43115" /><D118/><U105/><E109/><V47/><F68/><W135/><G104/><T70/><D65/><U21/><E71/><V48/><F72/><W37/><G37/><T16/><D17/><U56/><E0/><V4/><F39/><W30/><G32/><T98/><D98/><U78/><E56/><V128/><F128/><W117/><G117/><T18/><D18/><U60/><E60/><V26/><F48/><W110/><G129/><T79/><D79/><U27/><E41/><V84/><F84/><W3/><G3/><T45/><D45/><U125/><E125/><V58/><F58/><W131/><G131/><T89/><D89/><U76/><E38/><V61/><F61/><W124/><G64/><T62/><D62/><U63/><E63/><V101/><F101/><W43/><G43/><T35/><D9/><N who="1" m="4535" /><E106/><V11/><F122/><W74/><G74/><N who="0" m="43063" /><D16/><U55/><E105/><V82/><F82/><N who="3" m="49591" /><G110/><T92/><D92/><U120/><E55/><AGARI ba="0,0" hai="1,2,4,11,14,22,26,31,47,51,55,97,102,107" machi="55" ten="30,1000,0" yaku="7,1" doraHai="119" who="2" fromWho="1" sc="230,0,310,-10,240,10,220,0" owari="230,-17.0,300,40.0,250,5.0,220,-28.0" /></mjloggm>