<mjloggm ver="2.3"><GO type="225" lobby="0"/><UN n0="%E3%81%82%E3%81%84%E3%81%82%E3%81%8A%E3%81%84" n1="%E3%82%B5%E3%83%AB%E3%82%B7%E3%83%B3" n2="%E5%B8%86%E7%AB%8B%E5%A4%8F%E8%A1%A3" n3="%E5%A4%8F%E9%88%B4%E9%88%B4%E5%A4%8F" dan="18,16,17,16" rate="2196.49,2093.03,2164.93,2123.47" sx="M,F,M,M"/><TAIKYOKU oya="0"/><INIT seed="0,0,0,1,5,122" ten="250,250,250,250" oya="0" hai0="72,24,50,20,110,21,76,135,0,114,86,92,103" hai1="104,80,31,19,10,33,134,26,41,3,49,45,22" hai2="12,116,7,8,123,29,120,27,6,18,95,78,60" hai3="32,15,55,90,99,101,132,82,57,39,9,62,107"/><T133/><D0/><U69/><E134/><N who="0" m="51209" /><D114/><U105/><E69/><V71/><F116/><W115/><G132/><T43/><D72/><U89/><E80/><V64/><F78/><W77/><G32/><T85/><D76/><U121/><E121/><V97/><F120/><W94/><G39/><T113/><D113/><U130/><E130/><V58/><F71/><W61/><G115/><T16/><D110/><U66/><E66/><V35/><REACH who="2" step="1"/><F123/><REACH who="2" ten="250,250,240,250" step="2"/><W28/><G28/><T14/><D103/><AGARI ba="0,1" hai="6,7,8,12,18,27,29,35,58,60,64,95,97,103" machi="103" ten="30,3900,0" yaku="1,1,2,1,7,1,53,0" doraHai="122" doraHaiUra="42" who="2" fromWho="0" sc="250,-39,250,0,240,49,250,0" /><INIT seed="1,0,0,5,2,86" ten="211,250,289,250" oya="1" hai0="32,49,112,96,59,44,52,43,39,42,105,124,22" hai1="82,18,60,54,85,84,11,4,64,97,80,51,21" hai2="6,15,69,92,135,50,45,47,132,28,83,87,30" hai3="0,99,29,88,63,36,8,9,5,117,40,10,17"/><U25/><E97/><V35/><F69/><W113/><G113/><T121/><D112/><U65/><E84/><V72/><F72/><W74/><G74/><T120/><D32/><U7/><E82/><V108/><F92/><N who="3" m="56711" /><G36/><T20/><D43/><U23/><E23/><V26/><F30/><W27/><G0/><T126/><D105/><U16/><E18/><V13/><F108/><W90/><G117/><T56/><D96/><U125/><E125/><N who="0" m="48233" /><D20/><U103/><E103/><V67/><F67/><W38/><G38/><T73/><D22/><U109/><E109/><V70/><F70/><W46/><G5/><T119/><D73/><U12/><E60/><V114/><F114/><W118/><G29/><T100/><D100/><U106/><E7/><V95/><F6/><W77/><G77/><T57/><D119/><U81/><E81/><V89/><F83/><W127/><G127/><T53/><D57/><N who="1" m="32991" /><E106/><V94/><F94/><W75/><G75/><T102/><D102/><U107/><E107/><V93/><F93/><W110/><G110/><T123/><D123/><U98/><E98/><V31/><F31/><W115/><G118/><T66/><D66/><U55/><E55/><V3/><F3/><W14/><G115/><T34/><D34/><U101/><E101/><V134/><REACH who="2" step="1"/><F47/><REACH who="2" ten="211,250,279,250" step="2"/><W1/><G1/><T129/><D129/><U76/><AGARI ba="0,1" hai="4,11,12,16,21,25,64,65,76,80,85" m="32991" machi="76" ten="30,3000,0" yaku="8,1,54,1" doraHai="86" who="1" fromWho="1" sc="211,-10,250,40,279,-10,250,-10" /><INIT seed="1,1,0,3,4,8" ten="201,290,269,240" oya="1" hai0="53,93,17,90,124,14,16,61,2,74,73,52,34" hai1="68,21,120,54,35,58,70,46,7,110,108,50,81" hai2="128,85,134,119,20,88,116,95,47,78,109,18,69" hai3="97,38,45,83,9,89,48,87,84,42,86,3,12"/><U135/><E120/><V99/><F109/><N who="1" m="42089" /><E35/><V65/><F134/><W132/><G132/><T103/><D2/><U62/><E135/><V122/><F128/><W102/><G38/><T44/><D34/><U55/><E7/><V4/><F122/><W117/><G3/><T56/><D103/><U75/><E21/><V71/><F4/><W72/><G72/><T113/><D124/><U57/><E81/><V60/><F71/><N who="1" m="27177" /><E75/><V101/><F78/><W131/><G117/><T33/><D33/><U26/><E26/><V6/><F6/><N who="3" m="3127" /><G131/><T123/><D123/><U41/><E57/><V125/><F125/><W15/><G15/><T126/><D126/><U76/><E76/><V79/><F79/><W105/><G105/><T106/><D106/><U36/><E36/><V27/><REACH who="2" step="1"/><F47/><REACH who="2" ten="201,290,259,240" step="2"/><W51/><G45/><T80/><D44/><U67/><AGARI ba="1,1" hai="41,46,50,54,55,58,62,67" m="27177,42089" machi="67" ten="30,11700,0" yaku="14,1,10,1,34,2" doraHai="8" who="1" fromWho="1" sc="201,-40,290,130,259,-40,240,-40" /><INIT seed="1,2,0,1,0,51" ten="161,420,219,200" oya="1" hai0="128,50,73,132,107,92,94,57,46,113,65,125,60" hai1="122,86,134,36,9,108,103,129,130,131,76,116,52" hai2="117,90,62,120,98,66,110,19,18,11,124,126,118" hai3="61,63,3,112,84,49,56,29,58,72,47,5,121"/><U23/><E36/><V81/><F110/><W32/><G72/><T55/><D113/><U0/><E122/><V69/><F120/><W68/><G121/><T77/><D125/><N who="2" m="48234" /><F11/><W12/><G3/><T133/><D107/><U54/><E116/><N who="2" m="44651" /><F81/><W30/><G68/><T10/><D128/><U93/><E108/><V104/><F90/><W40/><G112/><T75/><D10/><U17/><E134/><N who="0" m="51817" /><D77/><U78/><E78/><V105/><F105/><W45/><G32/><T102/><D102/><AGARI ba="2,0" hai="18,19,62,66,69,98,102,104" m="44651,48234" machi="102" ten="30,1000,0" yaku="18,1" doraHai="51" who="2" fromWho="0" sc="161,-16,420,0,219,16,200,0" /><INIT seed="2,0,0,1,4,100" ten="145,420,235,200" oya="2" hai0="6,42,47,111,79,33,108,25,36,48,27,115,31" hai1="97,105,50,117,58,72,69,74,8,71,9,135,92" hai2="83,18,57,14,122,119,118,2,130,126,68,129,101" hai3="95,77,26,109,134,11,17,62,7,46,127,87,88"/><V45/><F2/><W120/><G120/><T81/><D115/><U5/><E117/><V32/><F32/><W125/><G109/><T1/><D48/><U102/><E71/><V19/><F68/><W15/><G134/><T59/><D59/><U133/><E69/><V21/><F122/><W55/><G77/><T96/><D27/><U56/><E9/><V76/><F57/><W35/><G62/><T38/><D38/><U113/><E113/><V107/><F45/><W60/><G60/><T65/><D96/><U89/><E58/><V3/><F3/><W44/><G17/><T132/><D65/><U30/><E30/><V78/><F19/><W128/><G128/><N who="2" m="49257" /><F78/><W12/><G12/><T54/><D54/><U114/><E56/><V28/><F126/><N who="3" m="48139" /><G55/><T84/><D132/><N who="1" m="50763" /><E114/><V70/><F28/><AGARI ba="0,0" hai="7,11,15,26,28,35,44,46,87,88,95" m="48139" machi="28" ten="30,2000,0" yaku="18,1,54,1" doraHai="100" who="3" fromWho="2" sc="145,0,420,0,235,-20,200,20" /><INIT seed="3,0,0,4,0,120" ten="145,420,215,220" oya="3" hai0="77,67,29,90,135,4,72,46,71,95,83,28,22" hai1="63,73,108,124,58,42,88,18,125,41,57,1,48" hai2="128,121,60,53,61,49,129,45,127,37,74,20,56" hai3="52,105,47,133,9,122,84,6,31,89,100,93,3"/><W38/><G122/><T55/><D135/><U96/><E108/><V8/><F121/><W99/><G133/><T109/><D4/><U64/><E73/><V116/><F74/><W115/><G115/><T7/><D7/><U10/><E58/><V12/><F116/><W24/><G38/><T87/><D67/><U36/><E36/><V17/><F127/><N who="1" m="48713" /><E48/><N who="2" m="30759" /><F37/><W94/><G47/><T65/><D65/><U118/><E118/><V66/><F66/><W30/><G52/><T27/><D71/><U104/><E104/><V81/><F81/><W75/><G75/><T26/><D55/><U32/><E32/><V23/><F129/><W51/><G51/><T112/><D46/><U101/><E101/><V86/><F86/><W126/><G126/><T119/><D112/><U21/><E10/><V92/><F128/><W39/><G39/><T130/><D130/><U33/><E33/><V134/><F92/><W69/><G69/><T2/><D2/><U78/><E78/><V98/><F98/><W76/><G76/><T14/><D14/><N who="1" m="9431" /><E1/><V44/><F134/><W35/><G30/><T40/><D40/><U54/><E54/><N who="2" m="29991" /><F45/><W110/><G110/><T117/><REACH who="0" step="1"/><D109/><REACH who="0" ten="135,420,215,220" step="2"/><U103/><E103/><V111/><F111/><W91/><G100/><T82/><D82/><U85/><E96/><V25/><F8/><W68/><G68/><T62/><D62/><U114/><E114/><V80/><F80/><AGARI ba="0,1" hai="41,42,57,63,64,80,85,88" m="9431,48713" machi="80" ten="30,2000,0" yaku="18,1,54,1" doraHai="120" who="1" fromWho="2" sc="135,0,420,30,215,-20,220,0" owari="135,-36.5,450,55.0,195,-20.5,220,2.0" /></mjloggm>