<mjloggm ver="2.3"><GO type="225" lobby="0"/><UN n0="%E8%91%89%E5%B1%B1%E9%99%BD%E5%92%8C" n1="%E3%83%92%E3%82%B3" n2="%61%6D%65%6B%69" n3="%E3%81%82%E3%81%99%E3%81%AB%E3%82%83%E3%82%80" dan="16,16,16,16" rate="2102.40,2108.13,2071.23,2025.19" sx="F,M,M,F"/><TAIKYOKU oya="0"/><INIT seed="0,0,0,1,3,23" ten="250,250,250,250" oya="0" hai0="95,28,50,109,124,106,7,25,19,99,86,67,87" hai1="31,104,125,3,72,78,41,35,0,119,113,76,103" hai2="100,90,134,69,92,127,71,42,83,77,75,43,116" hai3="21,32,44,114,74,34,36,37,135,52,11,51,48"/><T130/><D130/><U81/><E119/><V22/><F116/><W131/><G74/><T55/><D124/><U10/><E125/><V2/><F2/><W84/><G131/><T129/><D129/><U15/><E113/><V12/><F134/><W133/><G114/><T94/><D7/><U45/><E78/><V111/><F111/><W6/><G84/><T30/><D67/><U102/><E102/><V68/><F100/><W58/><G21/><N who="0" m="13503" /><D106/><U27/><E103/><V128/><F127/><W33/><G48/><T5/><D5/><U59/><E59/><V40/><F128/><W56/><G56/><N who="0" m="32887" /><D109/><U1/><E104/><V108/><F108/><W26/><G26/><T118/><D118/><U96/><E96/><V54/><F54/><W60/><G6/><T66/><D66/><U20/><E35/><V62/><F62/><W70/><G70/><T38/><D38/><U121/><E121/><V57/><F57/><W82/><G11/><T112/><D112/><U18/><REACH who="1" step="1"/><E0/><REACH who="1" ten="250,240,250,250" step="2"/><V132/><F71/><W73/><G133/><T91/><D86/><U93/><E93/><V97/><F132/><W53/><REACH who="3" step="1"/><G135/><REACH who="3" ten="250,240,250,240" step="2"/><T24/><D87/><U39/><AGARI ba="0,2" hai="1,3,10,15,18,20,27,31,39,41,45,72,76,81" machi="39" ten="20,5200,0" yaku="1,1,0,1,7,1,52,1,53,0" doraHai="23" doraHaiUra="63" who="1" fromWho="1" sc="250,-26,240,72,250,-13,240,-13" /><INIT seed="1,0,0,2,0,56" ten="224,312,237,227" oya="1" hai0="28,21,64,11,117,135,76,53,16,38,42,19,41" hai1="35,89,45,96,75,39,88,34,83,15,58,2,101" hai2="78,33,65,66,95,122,40,1,54,43,51,82,44" hai3="107,118,133,17,92,131,70,124,81,106,18,110,84"/><U48/><E2/><V8/><F122/><W67/><G110/><T60/><D117/><U46/><E39/><V129/><F33/><W20/><G118/><T3/><D135/><U29/><E15/><V123/><F123/><W126/><G133/><T93/><D76/><U63/><E75/><V59/><F43/><N who="0" m="16394" /><D38/><U125/><E125/><N who="3" m="48234" /><G92/><T27/><D3/><U69/><E69/><V71/><F95/><W55/><G55/><T61/><D64/><U87/><E89/><V116/><F116/><W50/><G50/><T73/><D73/><U99/><E99/><V119/><F129/><W128/><G18/><N who="0" m="6699" /><D11/><U94/><E48/><V24/><F71/><W115/><G115/><T13/><D13/><U47/><REACH who="1" step="1"/><E29/><REACH who="1" ten="224,302,237,227" step="2"/><V30/><F119/><W32/><G128/><T90/><D53/><AGARI ba="0,1" hai="34,35,45,46,47,53,58,63,83,87,88,94,96,101" machi="53" ten="40,12000,1" yaku="1,1,2,1,52,1,54,1,53,1" doraHai="56" doraHaiUra="97" who="1" fromWho="0" sc="224,-120,302,130,237,0,227,0" /><INIT seed="1,1,0,1,1,17" ten="104,432,237,227" oya="1" hai0="134,69,130,44,122,99,37,109,90,118,51,59,30" hai1="96,23,86,119,76,100,68,9,95,31,107,8,20" hai2="54,53,125,78,15,77,60,63,127,124,43,132,56" hai3="7,38,80,35,24,101,22,131,128,92,16,5,25"/><U98/><E119/><V14/><F43/><W45/><G80/><T81/><D118/><U66/><E66/><V74/><F132/><W12/><G38/><T61/><D134/><U91/><E68/><V58/><F74/><W102/><G45/><T117/><D117/><U19/><E31/><V40/><F40/><W87/><G87/><T26/><D109/><U105/><E105/><V39/><REACH who="2" step="1"/><F125/><REACH who="2" ten="104,432,227,227" step="2"/><W115/><G115/><T13/><D37/><AGARI ba="1,1" hai="14,15,37,39,53,54,56,58,60,63,77,78,124,127" machi="37" ten="25,6400,0" yaku="1,1,2,1,22,2,53,0" doraHai="17" doraHaiUra="110" who="2" fromWho="0" sc="104,-67,432,0,227,77,227,0" /><INIT seed="2,0,0,0,3,88" ten="37,432,304,227" oya="2" hai0="62,134,90,32,109,105,130,92,132,118,127,45,51" hai1="97,74,77,75,85,40,104,47,0,83,128,115,41" hai2="63,11,6,42,33,69,16,120,71,4,38,24,107" hai3="106,133,116,37,98,70,44,50,96,87,111,48,123"/><V119/><F120/><W124/><G111/><T84/><D32/><U57/><E115/><V129/><F119/><W73/><G116/><T9/><D118/><U1/><E128/><V18/><F129/><W19/><G73/><T81/><D130/><U135/><E135/><V125/><F107/><W66/><G123/><T25/><D25/><U15/><E41/><V100/><F100/><W113/><G133/><N who="0" m="51307" /><D62/><U28/><E28/><V94/><F125/><W3/><G3/><T131/><D9/><U108/><E108/><V39/><F42/><W26/><G124/><T91/><D51/><U52/><E75/><V12/><F63/><W80/><G66/><T112/><D45/><U34/><E34/><V29/><F18/><W31/><G19/><T49/><D49/><U36/><E74/><V126/><F126/><W56/><G70/><T22/><D22/><U13/><E1/><V20/><F6/><W67/><G113/><T61/><D61/><U114/><E0/><N who="2" m="391" /><F94/><W72/><G31/><T65/><D65/><U43/><E43/><V93/><F93/><W10/><G67/><T58/><D131/><U110/><E114/><V5/><F5/><W68/><G37/><AGARI ba="0,0" hai="12,16,20,24,29,33,37,38,39,69,71" m="391" machi="37" ten="30,2900,0" yaku="24,1,54,1" doraHai="88" who="2" fromWho="3" sc="37,0,432,0,304,29,227,-29" /><INIT seed="2,1,0,0,0,87" ten="37,432,333,198" oya="2" hai0="134,111,39,6,48,9,93,56,73,12,129,95,44" hai1="8,59,30,25,0,97,76,103,132,49,35,51,107" hai2="122,92,40,62,17,77,64,102,133,15,29,131,1" hai3="34,57,130,63,18,83,14,3,123,84,86,24,89"/><V4/><F122/><W13/><G3/><T66/><D111/><U5/><E132/><V60/><F133/><W37/><G37/><T82/><D134/><U11/><E76/><V33/><F77/><W101/><G101/><T58/><D129/><U69/><E69/><V79/><F79/><W120/><G130/><T71/><D73/><U106/><E106/><V46/><F131/><W72/><G72/><T52/><D82/><U22/><E11/><V100/><F4/><W2/><G2/><T113/><D113/><U81/><E81/><V80/><F80/><W114/><G114/><T88/><D95/><U47/><E59/><V26/><F1/><W121/><G86/><T109/><D109/><U125/><E125/><V54/><F54/><W16/><G34/><T94/><D94/><U43/><E35/><V124/><F62/><W41/><G41/><T31/><D39/><AGARI ba="1,0" hai="0,5,8,22,25,30,39,43,47,49,51,97,103,107" machi="39" ten="30,1000,0" yaku="7,1" doraHai="87" who="1" fromWho="0" sc="37,-13,432,13,333,0,198,0" /><INIT seed="3,0,0,3,5,29" ten="24,445,333,198" oya="3" hai0="106,33,123,112,54,63,36,85,76,87,121,71,110" hai1="78,50,42,86,58,129,79,10,103,40,19,16,32" hai2="114,68,30,34,118,132,39,72,11,108,48,101,91" hai3="1,82,41,107,88,120,74,134,133,15,116,124,94"/><W113/><G113/><T60/><D106/><U59/><E32/><V70/><F39/><W31/><G1/><T21/><D21/><U89/><E103/><V105/><F72/><W35/><G107/><T47/><D76/><N who="1" m="29227" /><E129/><V119/><F132/><N who="3" m="50795" /><G116/><T8/><D54/><N who="1" m="32087" /><E59/><V24/><F114/><W90/><G41/><N who="1" m="15978" /><E10/><V52/><F118/><W61/><G61/><T23/><D23/><U26/><E26/><V66/><F119/><W128/><G128/><T43/><D8/><U62/><E62/><V28/><F28/><W22/><G124/><T93/><D43/><U55/><E55/><V4/><F66/><W111/><G120/><T109/><D47/><U13/><E13/><V75/><F75/><W56/><G56/><T102/><D102/><U83/><AGARI ba="0,0" hai="16,19,83,86,89" m="15978,32087,29227" machi="83" ten="30,2000,0" yaku="8,1,54,1" doraHai="29" who="1" fromWho="1" sc="24,-5,445,20,333,-5,198,-10" owari="19,-48.1,465,56.5,328,12.8,188,-21.2" /></mjloggm>