<mjloggm ver="2.3"><GO type="225" lobby="0"/><UN n0="%E5%8F%AF%E5%85%90%E9%82%A3%E7%94%B1%E5%A4%9A" n1="%6D%75%75%6D%75%72%61" n2="%E3%81%AF%E3%82%88%E3%81%8A%E3%81%98%E3%81%95%E3%82%93" n3="%50%65%74%65%72%50%61%6E" dan="17,16,17,16" rate="2190.75,2057.40,2222.21,2159.54" sx="F,F,M,M"/><TAIKYOKU oya="0"/><INIT seed="0,0,0,4,3,3" ten="250,250,250,250" oya="0" hai0="13,80,59,96,125,84,15,57,42,72,30,126,76" hai1="20,71,19,113,17,111,93,127,62,85,51,32,131" hai2="29,1,102,44,60,4,66,89,116,37,7,121,28" hai3="55,63,56,120,92,128,53,101,49,97,67,27,18"/><T130/><D130/><U75/><E75/><V134/><F121/><W70/><G128/><T69/><D69/><U73/><E73/><V108/><F1/><W98/><G120/><T41/><D30/><U45/><E32/><V38/><F102/><W10/><G98/><T16/><D72/><U24/><E131/><V86/><F108/><W54/><REACH who="3" step="1"/><G10/><REACH who="3" ten="250,250,250,240" step="2"/><N who="0" m="6199" /><D96/><U109/><E109/><V132/><F116/><W5/><G5/><T100/><D100/><U26/><E111/><V36/><F4/><W2/><G2/><T106/><D106/><U88/><E113/><V39/><F7/><W31/><G31/><T129/><D129/><U123/><E123/><V34/><F28/><W103/><G103/><T110/><D110/><U119/><E119/><V81/><F29/><W74/><G74/><T6/><D126/><U95/><E127/><V124/><F124/><W64/><G64/><T58/><D125/><U50/><E17/><V43/><REACH who="2" step="1"/><F34/><REACH who="2" ten="250,250,240,240" step="2"/><W107/><G107/><T90/><D90/><U114/><E88/><V48/><F48/><W118/><G118/><T77/><D77/><U46/><E50/><V112/><F112/><W105/><G105/><T9/><AGARI ba="0,2" hai="6,9,15,41,42,57,58,59,76,80,84" m="6199" machi="9" ten="30,6000,0" yaku="8,1,52,1,54,1" doraHai="3" who="0" fromWho="0" sc="250,80,250,-20,240,-20,240,-20" /><INIT seed="0,1,0,5,4,0" ten="330,230,220,220" oya="0" hai0="99,105,113,115,27,14,53,89,9,29,124,58,4" hai1="76,20,1,78,80,131,84,34,93,79,123,22,28" hai2="132,108,19,90,37,72,128,70,122,13,51,104,101" hai3="43,39,44,71,45,92,73,25,60,125,95,6,120"/><T8/><D124/><U88/><E123/><V127/><RYUUKYOKU type="yao9" ba="1,0" sc="330,0,230,0,220,0,220,0" hai2="13,19,37,51,70,72,90,101,104,108,122,127,128,132" /><INIT seed="0,2,0,3,3,123" ten="330,230,220,220" oya="0" hai0="31,2,105,54,25,59,20,96,12,53,1,88,103" hai1="35,72,62,0,84,41,19,97,67,43,114,90,133" hai2="126,73,6,85,109,30,86,112,69,9,119,63,66" hai3="36,14,48,125,52,50,37,79,39,4,5,3,131"/><T80/><D53/><U61/><E72/><V10/><F112/><W117/><G117/><T51/><REACH who="0" step="1"/><D12/><REACH who="0" ten="320,230,220,220" step="2"/><U115/><E115/><V44/><F119/><W8/><G131/><T46/><D46/><U26/><E114/><V134/><F44/><W28/><G125/><T15/><D15/><U77/><E41/><V82/><F126/><W58/><G28/><T106/><D106/><U128/><E43/><V78/><F30/><W91/><G3/><T71/><D71/><U113/><E0/><V132/><F69/><W56/><G4/><T76/><D76/><U34/><E77/><V23/><F78/><W55/><G79/><T130/><D130/><U40/><E128/><V49/><F6/><W21/><G91/><T95/><D95/><U29/><E40/><V13/><F13/><W101/><G101/><T18/><D18/><U102/><E19/><V121/><F82/><W57/><REACH who="3" step="1"/><G21/><REACH who="3" ten="320,230,220,210" step="2"/><T33/><D33/><U16/><E113/><V64/><F23/><W70/><G70/><T17/><D17/><U81/><E34/><V27/><F9/><W108/><G108/><T42/><D42/><U75/><E16/><V118/><F10/><W24/><G24/><T104/><D104/><U111/><E111/><V124/><F27/><W107/><G107/><T100/><D100/><U127/><E127/><V74/><F124/><W65/><G65/><T38/><D38/><U135/><E67/><V122/><F109/><W7/><G7/><T92/><D92/><U98/><E35/><V60/><F118/><W32/><G32/><T129/><D129/><U116/><E116/><RYUUKYOKU ba="2,2" sc="320,10,230,-30,220,10,210,10" hai0="1,2,20,25,31,51,54,59,80,88,96,103,105" hai2="49,60,63,64,66,73,74,85,86,121,122,132,134" hai3="5,8,14,36,37,39,48,50,52,55,56,57,58" /><INIT seed="0,3,2,2,2,10" ten="330,200,230,220" oya="0" hai0="105,12,88,15,43,78,57,4,106,113,122,63,26" hai1="27,47,101,64,76,34,83,16,3,86,32,54,38" hai2="2,112,24,7,30,109,91,107,135,80,87,119,21" hai3="89,20,56,97,35,5,93,103,9,13,125,85,41"/><T98/><D113/><U124/><E3/><V69/><F112/><W81/><G125/><T71/><D122/><U18/><E124/><V45/><F107/><W37/><G35/><T17/><D71/><U108/><E108/><V11/><F69/><W33/><G33/><T36/><D78/><U104/><E64/><V110/><F135/><W100/><G37/><T95/><D4/><U120/><E120/><V8/><F119/><W59/><G41/><T61/><D61/><U70/><E70/><V19/><F45/><W115/><G115/><T46/><D26/><U92/><E104/><V31/><F11/><W94/><G20/><T68/><D68/><U132/><E132/><V74/><F74/><W49/><G49/><T111/><D12/><U90/><E101/><V75/><F75/><W55/><G55/><T25/><D25/><U6/><E6/><V52/><REACH who="2" step="1"/><F52/><REACH who="2" ten="330,200,220,220" step="2"/><W73/><G73/><T82/><D111/><AGARI ba="3,3" hai="2,7,8,19,21,24,30,31,80,87,91,109,110,111" machi="111" ten="40,12000,2" yaku="1,1,2,1,14,1,53,3" doraHai="10" doraHaiUra="121" who="2" fromWho="0" sc="330,-129,200,0,220,159,220,0" /><INIT seed="1,0,0,2,5,15" ten="201,200,379,220" oya="1" hai0="130,26,86,88,11,43,48,84,5,37,77,30,39" hai1="0,104,75,58,2,40,128,45,68,9,34,89,52" hai2="24,21,56,83,64,31,82,32,103,27,129,126,81" hai3="51,49,117,36,16,100,101,71,93,1,114,65,44"/><U67/><E34/><V87/><F126/><W4/><G114/><T98/><D130/><U74/><E128/><V119/><F119/><W55/><G117/><T127/><D127/><U132/><E132/><V29/><F129/><W133/><G36/><T121/><D121/><U70/><E104/><V66/><F103/><W116/><G116/><T79/><D39/><U46/><E89/><V135/><F135/><W50/><G133/><T14/><D37/><U85/><E85/><N who="0" m="32873" /><D26/><U3/><E67/><V54/><REACH who="2" step="1"/><F87/><REACH who="2" ten="201,200,369,220" step="2"/><W8/><G100/><T125/><D125/><U80/><E74/><V78/><F78/><W99/><G71/><T123/><D123/><U120/><E120/><V42/><F42/><W113/><G113/><T96/><D79/><U107/><E70/><V111/><F111/><W6/><G101/><T72/><D77/><U22/><E68/><V63/><AGARI ba="0,1" hai="21,24,27,29,31,32,54,56,63,64,66,81,82,83" machi="63" ten="30,2000,0" yaku="1,1,0,1,53,0" doraHai="15" doraHaiUra="47" who="2" fromWho="2" sc="201,-5,200,-10,369,30,220,-5" /><INIT seed="2,0,0,3,2,125" ten="196,190,399,215" oya="2" hai0="111,124,46,123,39,109,75,0,35,12,54,45,57" hai1="71,30,13,19,132,44,87,89,112,130,129,17,103" hai2="85,26,6,68,86,28,101,36,65,23,95,84,121" hai3="20,7,40,80,134,79,64,67,96,47,97,1,77"/><V131/><F36/><W118/><G118/><T90/><D0/><U94/><E112/><V83/><F121/><W61/><G134/><T120/><D35/><U70/><E132/><V2/><F68/><W117/><G117/><T5/><D75/><U62/><E30/><V32/><F65/><W66/><G61/><N who="0" m="36023" /><D90/><U135/><E135/><V110/><F110/><N who="0" m="41994" /><D5/><U102/><E44/><N who="0" m="17001" /><D12/><U98/><E102/><V99/><F83/><W59/><G79/><T27/><D27/><U29/><E29/><V16/><F6/><W53/><G7/><T42/><D124/><U58/><E19/><V91/><F2/><W100/><G1/><T21/><D21/><U93/><E70/><V10/><F10/><W74/><G20/><T41/><D39/><U48/><E71/><V108/><F108/><W43/><G100/><T104/><D104/><U82/><E82/><V81/><F81/><W73/><G73/><T76/><D76/><U105/><E105/><V4/><F4/><W133/><G133/><T37/><D37/><U116/><E116/><V92/><F92/><W15/><G15/><T9/><D9/><U126/><E126/><V33/><F101/><W122/><G96/><T50/><D50/><U113/><E48/><V34/><F28/><W18/><G97/><T119/><D119/><U25/><E25/><V49/><F49/><N who="3" m="31151" /><G18/><T78/><D78/><U107/><E107/><V51/><F51/><N who="3" m="27111" /><G43/><AGARI ba="0,0" hai="41,42,43,120,123" m="17001,41994,36023" machi="43" ten="30,3900,0" yaku="14,1,34,2" doraHai="125" who="0" fromWho="3" sc="196,39,190,0,399,0,215,-39" /><INIT seed="3,0,0,0,3,79" ten="235,190,399,176" oya="3" hai0="125,16,24,20,70,17,78,127,18,114,63,99,23" hai1="8,51,128,111,95,86,13,104,130,32,4,66,49" hai2="40,61,36,85,9,96,117,37,113,42,1,124,112" hai3="21,121,55,39,105,131,29,71,132,27,62,68,67"/><W72/><G121/><T97/><D114/><U119/><E104/><V126/><F117/><W52/><G132/><T135/><D135/><U123/><E123/><V35/><F35/><W100/><G131/><N who="1" m="50218" /><E111/><V103/><F85/><W75/><G39/><T33/><D33/><U122/><E122/><V41/><F61/><W102/><G71/><T81/><D70/><U44/><E119/><V48/><F48/><W28/><G28/><N who="0" m="17415" /><D63/><U88/><E32/><V116/><F116/><W38/><G38/><T89/><D89/><U54/><E49/><V3/><F37/><W34/><G21/><T22/><D97/><U93/><E66/><V80/><F80/><AGARI ba="0,0" hai="4,8,13,44,51,54,80,86,88,93,95" m="50218" machi="80" ten="30,3900,0" yaku="19,1,52,1,54,1" doraHai="79" who="1" fromWho="2" sc="235,0,190,39,399,-39,176,0" owari="235,3.5,229,-17.1,360,46.0,176,-32.4" /></mjloggm>