<mjloggm ver="2.3"><GO type="225" lobby="0"/><UN n0="%45%6C%79%73%69%75%6D" n1="%E3%81%A9%E3%82%8F%E3%82%93%E3%81%94" n2="%E9%80%9F%E6%B0%B4%E5%87%9B%E9%A6%99" n3="%E3%81%86%E3%81%A3%E3%81%97%E3%83%BC%30%30" dan="17,16,16,16" rate="2153.89,2193.09,2064.33,2131.62" sx="F,M,F,M"/><TAIKYOKU oya="0"/><INIT seed="0,0,0,2,1,112" ten="250,250,250,250" oya="0" hai0="15,79,51,22,11,35,33,93,69,118,41,62,131" hai1="6,130,94,18,125,29,46,97,48,53,120,70,115" hai2="25,80,99,4,68,21,73,91,66,24,81,78,88" hai3="134,86,84,50,90,3,42,65,49,13,30,72,95"/><T76/><D131/><U37/><E120/><V87/><F4/><W119/><G72/><T114/><D114/><U19/><E130/><V14/><F14/><W77/><G3/><T126/><D22/><U44/><E115/><V85/><F99/><W124/><G119/><T98/><D126/><U113/><E70/><V8/><F8/><W82/><G134/><T47/><D69/><U92/><E125/><V56/><F68/><W135/><G135/><T40/><D40/><U12/><E29/><V101/><F101/><W38/><G124/><T102/><D62/><U83/><E83/><V57/><F66/><W1/><G1/><T121/><D121/><U104/><E104/><V110/><F110/><W132/><G132/><T64/><D64/><U105/><E105/><V74/><F21/><W10/><G30/><T27/><D27/><U2/><E2/><V61/><REACH who="2" step="1"/><F61/><REACH who="2" ten="250,250,240,250" step="2"/><W103/><G65/><T45/><D102/><U26/><E113/><V58/><F58/><W123/><G103/><T52/><D98/><U32/><E97/><V20/><F20/><W109/><G109/><T39/><D15/><U7/><E12/><V116/><F116/><W5/><G123/><T60/><D60/><U55/><E26/><V71/><F71/><W129/><G129/><T17/><D118/><U23/><E23/><V108/><F108/><W0/><G0/><T89/><D11/><U75/><E7/><V128/><F128/><W59/><G59/><T96/><D17/><U67/><E6/><V9/><F9/><W31/><G31/><T34/><AGARI ba="0,1" hai="33,34,35,39,41,45,47,51,52,76,79,89,93,96" machi="34" ten="30,3000,0" yaku="0,1,54,1" doraHai="112" who="0" fromWho="0" sc="250,40,250,-10,240,-10,250,-10" /><INIT seed="0,1,0,1,3,118" ten="290,240,230,240" oya="0" hai0="40,131,48,63,54,91,79,87,24,36,25,112,60" hai1="108,130,83,14,21,38,5,95,47,134,75,46,61" hai2="133,17,81,39,119,2,122,88,93,23,33,20,128" hai3="135,100,73,121,94,120,101,52,109,105,104,0,58"/><T80/><D112/><U67/><E108/><V41/><F122/><N who="3" m="47211" /><G109/><T6/><D131/><U115/><E134/><V111/><F111/><W97/><G135/><T82/><D6/><U34/><E34/><V103/><F133/><W124/><G124/><T125/><D125/><U98/><E38/><V129/><F2/><W113/><G113/><T30/><D36/><U16/><E130/><N who="2" m="50283" /><F119/><W72/><G0/><T50/><D40/><U53/><E115/><V106/><F106/><N who="3" m="41067" /><G101/><T92/><D82/><U12/><E53/><V114/><F33/><W123/><N who="3" m="47219" /><W49/><AGARI ba="1,0" hai="49,52,58,72,73,94,97,100" m="41067,47219" machi="49" ten="50,12000,2" yaku="4,1,13,1,52,4,54,1" doraHai="118" who="3" fromWho="3" sc="290,-61,240,-31,230,-31,240,123" /><INIT seed="1,0,0,5,0,57" ten="229,209,199,363" oya="1" hai0="102,56,128,82,24,2,43,30,112,18,121,60,124" hai1="98,20,11,104,54,77,120,101,79,132,81,50,65" hai2="90,111,49,45,44,62,69,130,28,42,91,46,110" hai3="7,87,38,126,4,109,83,25,35,107,71,122,22"/><U129/><E132/><V133/><F28/><W97/><G122/><T61/><D112/><U27/><E129/><V117/><F91/><W51/><G38/><T114/><D114/><U113/><E120/><V19/><F19/><W75/><G75/><T135/><D121/><U92/><E113/><V134/><F90/><W36/><G36/><T47/><D128/><U48/><E104/><V64/><F130/><W68/><G35/><T37/><D2/><U34/><E34/><V103/><F103/><W59/><G71/><T12/><D135/><N who="2" m="51722" /><F117/><W15/><G68/><T72/><D102/><U95/><E11/><V70/><F70/><W58/><G15/><T105/><D105/><U66/><E95/><V88/><F88/><W33/><G97/><T1/><D1/><U29/><E50/><N who="2" m="26903" /><F45/><W78/><G107/><T80/><D80/><U14/><E14/><V119/><F119/><W6/><G6/><T17/><D82/><U108/><E108/><V9/><F9/><W55/><G7/><T31/><D17/><U94/><E94/><V123/><F123/><W96/><G4/><T74/><D18/><U63/><E81/><V93/><F93/><W32/><G109/><T13/><D13/><U127/><E79/><V53/><AGARI ba="0,0" hai="46,49,53,62,64,69,110,111" m="26903,51722" machi="53" ten="30,7900,0" yaku="20,1,34,2,52,1" doraHai="57" who="2" fromWho="2" sc="229,-20,209,-39,199,79,363,-20" /><INIT seed="2,0,0,5,5,79" ten="209,170,278,343" oya="2" hai0="38,88,39,106,114,59,4,118,40,60,51,24,44" hai1="89,90,83,104,99,53,12,107,129,70,87,131,0" hai2="56,86,115,28,46,50,113,111,134,45,102,34,72" hai3="108,81,98,93,19,110,85,2,14,96,27,127,80"/><V133/><F72/><W71/><G2/><T73/><D114/><N who="2" m="43530" /><F28/><W21/><G71/><T103/><D118/><U94/><E0/><V122/><F102/><W75/><G127/><T23/><D73/><U95/><E70/><V125/><F86/><W20/><G75/><T25/><D4/><U43/><E43/><V91/><F91/><W119/><G119/><T57/><D57/><U58/><E12/><V3/><F3/><W42/><G42/><T15/><D15/><U112/><E112/><V92/><F92/><W66/><G66/><T124/><D124/><U67/><E67/><V135/><F34/><W82/><G85/><T76/><D76/><N who="1" m="46567" /><E58/><V68/><F125/><W130/><G130/><N who="1" m="49674" /><E53/><N who="2" m="31799" /><F68/><W78/><G78/><T9/><D9/><U6/><E6/><V63/><F122/><W16/><REACH who="3" step="1"/><G96/><AGARI ba="0,0" hai="89,90,94,95,96,99,104,107" m="49674,46567" machi="96" ten="30,7700,0" yaku="19,1,34,2,52,1" doraHai="79" who="1" fromWho="3" sc="209,0,170,77,278,0,343,-77" /><INIT seed="3,0,0,1,3,132" ten="209,247,278,266" oya="3" hai0="27,60,12,119,31,130,80,128,42,46,134,114,68" hai1="95,50,78,44,14,10,63,48,35,57,23,83,17" hai2="32,97,103,86,99,70,124,71,69,4,84,89,59" hai3="125,1,51,81,34,90,24,37,87,45,113,0,36"/><W133/><G133/><T127/><D119/><U108/><E35/><V123/><F32/><W19/><G125/><T5/><D134/><U135/><E108/><V15/><F123/><W11/><G113/><T129/><D114/><U13/><E135/><V2/><F2/><W92/><G34/><N who="0" m="20863" /><D80/><U110/><E110/><V118/><F118/><W126/><G126/><T76/><D76/><U40/><E95/><V33/><F33/><W62/><G62/><T107/><D107/><U43/><E50/><V28/><F28/><W98/><G1/><T49/><D127/><U47/><E47/><V39/><F39/><W112/><G112/><T96/><D96/><U116/><E116/><V3/><F3/><W30/><G30/><T55/><D12/><U109/><E109/><V72/><F72/><W26/><G26/><T53/><D5/><U18/><E48/><V111/><F59/><W100/><G0/><T67/><AGARI ba="0,0" hai="42,46,49,53,55,60,67,68,128,129,130" m="20863" machi="67" ten="40,1500,0" yaku="19,1" doraHai="132" who="0" fromWho="0" sc="209,15,247,-4,278,-4,266,-7" /><INIT seed="4,0,0,0,4,56" ten="224,243,274,259" oya="0" hai0="107,78,34,58,27,60,7,36,101,124,75,18,71" hai1="70,86,109,88,42,59,118,113,129,82,0,28,55" hai2="41,52,35,69,85,17,84,65,97,104,54,95,11" hai3="128,125,112,83,100,20,108,2,93,6,68,61,80"/><T103/><D124/><U14/><E109/><V131/><F104/><W48/><G108/><T89/><D36/><U39/><E118/><V21/><F35/><W119/><G119/><T15/><D71/><U94/><E0/><V46/><F11/><W10/><G112/><T23/><D107/><U26/><E70/><V4/><F4/><W123/><G125/><T67/><D89/><U3/><E3/><V50/><F65/><W120/><G128/><T111/><D111/><U13/><E129/><V126/><F69/><W81/><G48/><T29/><REACH who="0" step="1"/><D7/><REACH who="0" ten="214,243,274,259" step="2"/><U5/><E5/><V44/><F131/><W135/><G135/><T53/><D53/><U16/><E113/><V72/><F126/><W90/><G100/><T57/><D57/><U73/><E39/><V25/><F54/><W106/><G106/><T87/><D87/><N who="1" m="52511" /><E73/><V9/><F72/><W33/><G120/><T102/><D102/><U22/><E42/><V43/><F43/><W47/><G123/><T110/><D110/><U66/><E66/><V116/><F116/><W40/><G68/><T130/><D130/><U30/><E30/><N who="2" m="17711" /><F41/><W96/><G40/><T122/><D122/><U115/><E28/><V114/><F114/><W92/><G6/><T76/><D76/><N who="1" m="46407" /><E115/><V98/><F44/><W133/><G47/><T8/><D8/><U121/><E121/><V132/><F132/><W79/><G10/><T127/><D127/><U64/><E64/><V134/><F134/><W31/><G79/><T38/><D38/><U12/><E55/><V24/><F52/><W62/><G133/><T63/><D63/><RYUUKYOKU ba="0,1" sc="214,15,243,15,274,-15,259,-15" hai0="15,18,23,27,29,34,58,60,67,75,78,101,103" hai1="12,13,14,16,22,26,59" /><INIT seed="4,1,1,4,1,68" ten="229,258,259,244" oya="0" hai0="79,25,9,134,37,60,105,31,81,53,50,61,89" hai1="109,1,15,71,99,8,75,44,5,104,88,72,103" hai2="2,100,117,33,112,26,7,102,41,90,115,108,86" hai3="27,111,17,80,38,22,113,56,98,49,132,119,120"/><T39/><D105/><U126/><E109/><V121/><F108/><W18/><G111/><T57/><D89/><U110/><E110/><V0/><F7/><W128/><G119/><T28/><D9/><U54/><E71/><V4/><F4/><W82/><G38/><T69/><D134/><U65/><E65/><V84/><F121/><W116/><G116/><T30/><D25/><U43/><E126/><V93/><F41/><W16/><G132/><T91/><D91/><U107/><E107/><V35/><F117/><W133/><G133/><T123/><D123/><U55/><E1/><V40/><F40/><W77/><G113/><N who="2" m="43593" /><F86/><N who="3" m="48399" /><G128/><T94/><D94/><U66/><E66/><V12/><F12/><W32/><G32/><N who="2" m="12361" /><F26/><W42/><G120/><T52/><D69/><U97/><E75/><V59/><F59/><W67/><G42/><T96/><D96/><U101/><E72/><V51/><F51/><W45/><G45/><T70/><D70/><U78/><E99/><N who="2" m="59503" /><F102/><W74/><G74/><T14/><D14/><U58/><E103/><V63/><F63/><N who="3" m="38375" /><G49/><T129/><D129/><U131/><E131/><V73/><F73/><W76/><G98/><T34/><D34/><U114/><E114/><V47/><F47/><W118/><G118/><T95/><D60/><N who="1" m="35927" /><E43/><V64/><F64/><W87/><AGARI ba="1,1" hai="16,17,18,22,27,76,82,87" m="38375,48399" machi="87" ten="30,2000,0" yaku="8,1,54,1" doraHai="68" who="3" fromWho="3" sc="229,-11,258,-6,259,-6,244,33" /><INIT seed="5,0,0,5,2,37" ten="218,252,253,277" oya="1" hai0="122,40,23,68,27,118,113,87,41,66,29,103,36" hai1="16,106,79,65,34,86,54,26,15,110,39,104,92" hai2="42,105,75,124,134,56,13,49,43,71,61,129,91" hai3="81,101,45,102,130,50,52,93,64,3,77,85,133"/><U96/><E65/><V123/><F75/><W89/><G3/><T20/><D118/><U4/><E39/><V131/><F105/><W90/><G133/><T83/><D36/><U28/><E110/><V126/><F123/><W12/><G130/><N who="2" m="49673" /><F134/><W53/><G64/><T99/><D122/><U125/><E4/><V55/><F13/><W94/><G53/><T112/><D20/><U117/><E125/><N who="2" m="48235" /><F91/><W35/><G35/><T98/><D66/><AGARI ba="0,0" hai="42,43,49,55,56,61,66,71" m="48235,49673" machi="66" ten="30,12000,2" yaku="19,1,18,1,34,2,52,2" doraHai="37" who="2" fromWho="0" sc="218,-120,252,0,253,120,277,0" owari="98,-40.2,252,-14.8,373,47.3,277,7.7" /></mjloggm>