<mjloggm ver="2.3"><GO type="225" lobby="0"/><UN n0="%E3%81%99%E3%81%84%E3%81%BE%E3%81%9B%E3%83%BC%E3%82%93" n1="%6D%75%75%6D%75%72%61" n2="%E3%81%BF%E3%81%BF%E3%81%9A" n3="%E6%B4%BE%E9%81%A3%E3%81%AE%E3%82%B8%E3%83%A3%E3%83%83%E3%82%AF" dan="17,17,16,17" rate="2225.70,2185.27,2151.54,2198.15" sx="M,F,M,M"/><TAIKYOKU oya="0"/><INIT seed="0,0,0,3,1,20" ten="250,250,250,250" oya="0" hai0="49,109,46,69,10,91,52,117,50,17,135,39,125" hai1="0,12,4,63,31,113,9,57,53,88,103,112,56" hai2="30,21,128,120,126,87,121,54,1,99,106,85,98" hai3="67,43,37,105,62,47,77,95,84,59,19,122,133"/><T96/><D117/><U73/><E73/><V28/><F1/><W3/><G133/><T29/><D135/><U68/><E103/><V107/><F21/><W58/><G3/><T40/><D69/><U79/><E79/><V55/><REACH who="2" step="1"/><F126/><REACH who="2" ten="250,250,240,250" step="2"/><W114/><G114/><T41/><D125/><U26/><E0/><V102/><F102/><W134/><G134/><T104/><D109/><U15/><E112/><V18/><F18/><W123/><G19/><T13/><D29/><U5/><E113/><V66/><F66/><W116/><G116/><T131/><D131/><AGARI ba="0,1" hai="28,30,54,55,85,87,98,99,106,107,120,121,128,131" machi="131" ten="25,3200,0" yaku="1,1,22,2,53,0" doraHai="20" doraHaiUra="7" who="2" fromWho="0" sc="250,-32,250,0,240,42,250,0" /><INIT seed="1,0,0,4,1,22" ten="218,250,282,250" oya="1" hai0="61,69,9,79,120,44,53,36,66,4,46,119,77" hai1="17,42,57,16,125,104,31,115,29,37,64,128,59" hai2="122,72,93,83,65,105,13,71,113,60,131,85,7" hai3="129,62,40,24,6,43,15,95,23,84,30,56,0"/><U106/><E115/><V52/><F122/><W39/><G39/><T97/><D119/><U81/><E128/><V118/><F105/><W11/><G129/><T73/><D120/><U108/><E125/><V35/><F118/><W126/><G126/><T58/><D97/><U49/><E37/><V82/><F131/><W110/><G110/><T100/><D100/><U47/><E108/><V34/><F113/><W99/><G84/><T132/><D132/><U54/><E104/><V32/><F72/><W91/><REACH who="3" step="1"/><G0/><REACH who="3" ten="218,250,282,240" step="2"/><T55/><D73/><U41/><E81/><V74/><F74/><W94/><G94/><T124/><D124/><U67/><E106/><V135/><F93/><W80/><G80/><T68/><D36/><U48/><E47/><V1/><F1/><W111/><G111/><T103/><D46/><U2/><E2/><V121/><F121/><W20/><G20/><T5/><D44/><U133/><REACH who="1" step="1"/><E54/><AGARI ba="0,1" hai="6,11,15,23,24,30,40,43,54,56,62,91,95,99" machi="54" ten="30,7700,0" yaku="1,1,7,1,8,1,52,1,53,0" doraHai="22" doraHaiUra="114" who="3" fromWho="1" sc="218,0,250,-77,282,0,240,87" /><INIT seed="2,0,0,1,2,26" ten="218,173,282,327" oya="2" hai0="98,23,61,3,77,104,119,56,12,1,33,47,116" hai1="81,109,39,8,91,53,0,92,93,127,19,129,88" hai2="52,6,38,17,21,16,79,86,4,125,134,29,48" hai3="126,14,36,27,107,58,103,114,75,31,105,83,135"/><V18/><F38/><W82/><G36/><T128/><D33/><U74/><E39/><V121/><F134/><W15/><G126/><T28/><D128/><U120/><E127/><V102/><F125/><W37/><G37/><T49/><D77/><U54/><E129/><V67/><F67/><W43/><G43/><T132/><D132/><U84/><E109/><V71/><F71/><W100/><G135/><T115/><D115/><U35/><E120/><V11/><F102/><W99/><G58/><T78/><D78/><U94/><E35/><V34/><F34/><W131/><G114/><T73/><D73/><U133/><E133/><V117/><F117/><N who="0" m="45130" /><D98/><U25/><E74/><V69/><F69/><W76/><G82/><T108/><D104/><U110/><E110/><V66/><F66/><W51/><G51/><T60/><D60/><U101/><E101/><V10/><F121/><W13/><G131/><T85/><D85/><U122/><E122/><V42/><F42/><W7/><G100/><T55/><D108/><U106/><E106/><V68/><F68/><W65/><G65/><N who="0" m="39079" /><D12/><N who="1" m="7559" /><E0/><V2/><F86/><W96/><G96/><T95/><D1/><U112/><E112/><V70/><F79/><W30/><G105/><T5/><D3/><U50/><E91/><V97/><F70/><W63/><G63/><T118/><D118/><U44/><E25/><N who="2" m="16559" /><F97/><W32/><G7/><N who="2" m="2601" /><F2/><W9/><G9/><T41/><D5/><U80/><E81/><V64/><F64/><W40/><G40/><AGARI ba="0,0" hai="40,44,50,53,54,80,84,88,92,93,94" m="7559" machi="40" ten="30,2000,0" yaku="8,1,54,1" doraHai="26" who="1" fromWho="3" sc="218,0,173,20,282,0,327,-20" /><INIT seed="3,0,0,5,2,123" ten="218,193,282,307" oya="3" hai0="108,22,117,80,121,55,132,10,51,67,44,98,23" hai1="126,62,28,76,71,34,90,24,94,26,3,46,53" hai2="135,32,115,127,13,65,93,2,8,72,124,14,131" hai3="102,25,38,88,128,74,59,7,64,81,47,1,20"/><W82/><G102/><T58/><D117/><U5/><E126/><V85/><F72/><W130/><G1/><T40/><D121/><U29/><E76/><V87/><F32/><W35/><G7/><T109/><D132/><U120/><E120/><V91/><F115/><W84/><G35/><T113/><D67/><U50/><E71/><V19/><F135/><W104/><G104/><T112/><D10/><U107/><E107/><V56/><F2/><W11/><G11/><T99/><D80/><U18/><E3/><V66/><F131/><N who="3" m="50219" /><G59/><T68/><D68/><U83/><E5/><V63/><F13/><W45/><G38/><T96/><D22/><U6/><E6/><V134/><F134/><W27/><G64/><T30/><D23/><U57/><E83/><V122/><F122/><W95/><G81/><T52/><D30/><U77/><E77/><V73/><F73/><W37/><G37/><N who="0" m="21519" /><D55/><U69/><E69/><V49/><F65/><W54/><G54/><T16/><D16/><U21/><E18/><V100/><F100/><W101/><G101/><T106/><D106/><U42/><REACH who="1" step="1"/><E94/><REACH who="1" ten="218,183,282,307" step="2"/><V15/><F124/><W43/><G82/><T114/><AGARI ba="0,1" hai="51,52,58,96,98,99,108,109,112,113,114" m="21519" machi="114" ten="40,8000,1" yaku="11,1,52,2,54,1" doraHai="123" who="0" fromWho="0" sc="218,90,183,-20,282,-20,307,-40" owari="308,40.8,163,-33.7,262,-13.8,267,6.7" /></mjloggm>