<mjloggm ver="2.3"><GO type="225" lobby="0"/><UN n0="%E3%82%BC%E3%83%AB%E3%83%80%E3%81%AE%E4%BC%9D%E8%AA%AC" n1="%E3%81%86%E3%83%BC%E3%81%B1%E3%83%BC" n2="%E3%82%A2%E3%83%8A%E3%83%BC%E3%81%8D%E3%83%BC" n3="%E5%B5%90%E9%9B%B2%E3%81%AE%E3%82%AB%E3%83%A9%E3%82%B9" dan="16,16,16,16" rate="2206.27,2176.12,2088.44,2061.95" sx="M,F,M,F"/><TAIKYOKU oya="0"/><INIT seed="0,0,0,2,5,50" ten="250,250,250,250" oya="0" hai0="25,76,63,115,1,28,125,23,113,91,14,100,39" hai1="127,107,43,0,71,94,33,82,4,24,46,36,65" hai2="35,99,92,55,48,10,83,104,5,88,16,13,30" hai3="17,123,57,69,117,74,29,42,120,20,112,114,131"/><T8/><D39/><U59/><E107/><V102/><F83/><W54/><G69/><T105/><D125/><U126/><E71/><V98/><F30/><W129/><G74/><T130/><D130/><N who="3" m="49673" /><G42/><T80/><D91/><U41/><E43/><V103/><F35/><W87/><G29/><T53/><D1/><U64/><E82/><V31/><F31/><W124/><G87/><T27/><D27/><U119/><E119/><V121/><F121/><N who="3" m="46667" /><G117/><T12/><D105/><U56/><E41/><V7/><REACH who="2" step="1"/><F103/><REACH who="2" ten="250,250,240,250" step="2"/><W61/><G124/><T47/><D100/><U135/><E126/><V52/><F52/><W110/><G110/><T3/><D80/><U86/><E127/><V118/><F118/><W116/><G116/><T122/><D122/><U26/><E33/><V79/><F79/><W72/><G72/><T21/><D76/><U66/><E65/><V19/><F19/><W58/><G58/><AGARI ba="0,1" hai="5,7,10,13,16,48,55,58,88,92,98,99,102,104" machi="58" ten="30,8000,1" yaku="1,1,7,1,52,1,54,2,53,0" doraHai="50" doraHaiUra="18" who="2" fromWho="3" sc="250,0,250,0,240,90,250,-80" /><INIT seed="1,0,0,5,1,20" ten="250,250,330,170" oya="1" hai0="79,44,6,125,119,104,109,54,1,62,127,135,107" hai1="71,69,43,24,18,128,50,113,88,81,100,132,82" hai2="27,59,116,52,129,118,115,124,92,67,30,11,26" hai3="84,56,123,16,12,130,80,15,131,64,38,73,105"/><U65/><E113/><V89/><F115/><W75/><G123/><T87/><D119/><U8/><E100/><V120/><F120/><W94/><G105/><T98/><D109/><U10/><E128/><V25/><F129/><N who="3" m="49163" /><G38/><T60/><D135/><U110/><E132/><V97/><F124/><N who="0" m="47690" /><D1/><U63/><E71/><V7/><F67/><W22/><G94/><T19/><D6/><U47/><E110/><V72/><F72/><W37/><G37/><T99/><D19/><U85/><REACH who="1" step="1"/><E81/><REACH who="1" ten="250,240,330,170" step="2"/><V36/><F30/><W31/><G31/><T78/><D104/><U40/><E40/><V77/><F36/><W96/><G80/><T0/><D107/><U61/><E61/><V86/><F77/><W46/><G96/><T17/><D79/><U23/><AGARI ba="0,1" hai="8,10,18,23,24,43,47,50,63,65,69,82,85,88" machi="23" ten="30,11700,0" yaku="1,1,0,1,52,1,54,1,53,0" doraHai="20" doraHaiUra="106" who="1" fromWho="1" sc="250,-39,240,127,330,-39,170,-39" /><INIT seed="1,1,0,3,1,17" ten="211,367,291,131" oya="1" hai0="12,123,99,129,41,30,105,45,48,109,16,62,71" hai1="15,64,113,104,33,85,49,38,108,20,82,84,34" hai2="120,97,44,80,47,87,0,93,114,26,101,60,95" hai3="111,13,56,83,11,9,102,6,121,14,54,39,58"/><U21/><E113/><V28/><F0/><W65/><G111/><T112/><D112/><U4/><E38/><V72/><F114/><W132/><G121/><T59/><D109/><U1/><E104/><V133/><F120/><W86/><G132/><T96/><D123/><U70/><E1/><V122/><F122/><W76/><G39/><T75/><D129/><U67/><E33/><V90/><F133/><W35/><G35/><T36/><D75/><U74/><E34/><V52/><F72/><W66/><G102/><T103/><D30/><U119/><E70/><V107/><F60/><W110/><G58/><T31/><D31/><U46/><E119/><V50/><REACH who="2" step="1"/><F44/><REACH who="2" ten="211,367,281,131" step="2"/><W124/><G110/><T32/><D62/><U51/><E74/><V77/><F77/><W69/><G69/><T79/><D79/><U53/><E108/><V18/><F18/><W73/><G73/><T61/><D71/><U106/><E46/><V10/><F10/><W81/><G124/><T91/><D61/><U8/><E8/><V63/><F63/><W19/><G66/><T100/><D59/><U24/><E64/><V125/><F125/><W88/><G65/><T37/><D16/><U40/><E67/><V115/><F115/><W43/><G76/><T78/><D78/><U116/><E116/><V94/><F94/><W23/><G11/><T134/><D134/><U135/><E135/><V128/><F128/><W118/><G118/><T127/><D127/><U92/><E92/><V126/><F126/><W98/><G9/><T55/><D45/><N who="1" m="25767" /><E4/><V7/><F7/><W29/><G6/><RYUUKYOKU ba="1,1" sc="211,-10,367,-10,281,30,131,-10" hai2="26,28,47,50,52,80,87,90,93,95,97,101,107" /><INIT seed="2,2,1,1,0,76" ten="201,357,311,121" oya="2" hai0="6,29,110,49,9,51,41,122,73,61,100,106,38" hai1="20,91,120,45,99,134,77,28,130,133,24,111,125" hai2="0,78,69,89,79,83,96,30,67,25,115,135,19" hai3="58,26,68,40,84,22,92,131,3,60,7,124,4"/><V21/><F115/><W66/><G131/><T16/><D122/><U82/><E111/><V103/><F0/><W39/><G124/><T87/><D29/><U43/><E125/><V81/><F135/><N who="1" m="51721" /><E130/><V62/><F81/><W112/><G112/><T98/><D110/><U35/><E35/><V114/><F114/><W15/><G3/><T27/><D73/><U14/><E14/><V126/><F126/><W1/><G1/><T75/><D61/><U85/><E120/><V47/><F47/><W95/><G68/><T32/><D87/><U2/><E2/><V56/><F69/><W23/><G40/><T44/><D75/><U118/><E118/><V119/><F119/><W31/><G39/><T128/><D128/><U117/><E117/><V71/><F71/><W48/><G48/><T50/><D32/><U116/><E116/><V13/><F89/><N who="3" m="53287" /><G95/><T74/><D74/><U46/><E43/><V37/><F37/><W104/><G104/><T105/><D105/><U17/><E28/><V8/><REACH who="2" step="1"/><F83/><REACH who="2" ten="201,357,301,121" step="2"/><W113/><G113/><T52/><D38/><U102/><E77/><V5/><F5/><W101/><G101/><T70/><D70/><U93/><AGARI ba="2,2" hai="17,20,24,45,46,82,85,91,93,99,102" m="51721" machi="93" ten="30,2000,0" yaku="20,1,52,1" doraHai="76" who="1" fromWho="1" sc="201,-7,357,46,301,-12,121,-7" /><INIT seed="3,0,0,1,1,92" ten="194,403,289,114" oya="3" hai0="66,16,39,53,93,62,49,100,102,106,55,34,76" hai1="96,38,20,101,83,46,130,88,67,118,111,122,97" hai2="35,61,41,2,30,15,113,23,40,104,26,28,79" hai3="42,81,98,99,33,10,18,84,58,57,56,3,73"/><W89/><G33/><T72/><D39/><U135/><E67/><V68/><F2/><W90/><G73/><T45/><D34/><U1/><E1/><V43/><F104/><W7/><G42/><T108/><D106/><U85/><E101/><V19/><F113/><W51/><G51/><T82/><D108/><U86/><E85/><V112/><F112/><W5/><G5/><T114/><D114/><U27/><E122/><V103/><F30/><W32/><G32/><T126/><D126/><U75/><E75/><V11/><F103/><W64/><G64/><T52/><D16/><U44/><E111/><V121/><F79/><W21/><REACH who="3" step="1"/><G89/><REACH who="3" ten="194,403,289,104" step="2"/><T47/><D49/><U91/><E88/><V8/><F121/><W60/><G60/><T12/><D62/><U131/><E91/><V127/><F127/><W36/><G36/><T95/><D66/><U9/><E38/><V25/><F61/><W109/><G109/><T134/><D72/><U125/><E125/><V120/><F120/><W48/><G48/><T4/><D4/><U69/><E130/><V110/><F110/><W129/><G129/><T94/><D55/><U116/><E131/><V105/><F43/><W115/><G115/><T37/><D37/><U128/><E128/><V70/><F41/><W17/><G17/><T119/><D52/><U22/><E44/><V13/><F40/><W63/><G63/><T14/><D53/><U54/><E46/><V29/><F35/><W65/><G65/><T124/><D124/><U123/><E54/><V133/><F29/><W50/><G50/><T71/><D47/><RYUUKYOKU ba="0,1" sc="194,-10,403,-10,289,-10,104,30" hai3="3,7,10,18,21,56,57,58,81,84,90,98,99" /><INIT seed="3,1,1,5,2,56" ten="184,393,279,134" oya="3" hai0="47,118,65,111,86,134,71,87,115,68,16,3,97" hai1="76,74,94,53,109,77,72,8,11,32,18,120,35" hai2="84,123,46,70,20,83,103,92,12,50,57,14,41" hai3="91,31,37,48,34,40,93,61,95,22,79,133,102"/><W96/><G133/><T100/><D3/><U33/><E120/><V10/><F70/><W0/><G0/><T62/><D118/><U43/><E43/><V105/><F105/><W69/><G34/><T113/><D134/><U36/><E36/><V107/><F107/><W82/><G37/><T85/><D111/><U114/><E109/><V2/><F2/><W90/><G69/><T26/><D68/><U73/><E114/><N who="0" m="43529" /><D47/><U4/><E18/><N who="2" m="10311" /><F123/><W9/><G9/><T128/><D128/><U13/><E11/><V6/><F57/><W112/><G112/><T45/><D45/><U42/><E42/><V59/><F59/><W67/><G40/><T7/><D7/><U60/><E94/><V98/><F84/><N who="3" m="48223" /><G48/><T30/><D16/><U38/><E38/><V80/><AGARI ba="1,1" hai="6,10,14,41,46,50,80,83,92,98,103" m="10311" machi="80" ten="30,1100,0" yaku="8,1" doraHai="56" who="2" fromWho="2" sc="184,-4,393,-4,279,24,134,-6" owari="180,-22.0,389,48.9,303,10.3,128,-37.2" /></mjloggm>