<mjloggm ver="2.3"><GO type="225" lobby="0"/><UN n0="%E3%81%BF%E3%81%BF%E3%81%9A" n1="%E3%81%8B%E3%82%8F%E3%81%A1%E3%82%83%E3%82%93%35%38" n2="%72%69%6F%75%63%68%61%6E" n3="%E9%95%B7%E5%B7%9E%E3%81%AE%E5%85%8B" dan="16,17,17,16" rate="2142.80,2132.85,2197.07,2113.96" sx="M,M,M,M"/><TAIKYOKU oya="0"/><INIT seed="0,0,0,1,4,99" ten="250,250,250,250" oya="0" hai0="8,12,28,11,24,37,107,89,52,125,62,18,36" hai1="39,20,111,21,88,30,44,3,15,122,65,98,113" hai2="13,114,5,56,67,94,60,90,59,101,118,132,14" hai3="119,69,10,71,7,87,74,109,91,80,128,81,51"/><T4/><D125/><U40/><E3/><V43/><F114/><W79/><G119/><T54/><D107/><U105/><E122/><V110/><F110/><W1/><G109/><T2/><D89/><U26/><E111/><V93/><F132/><W19/><G128/><T55/><REACH who="0" step="1"/><D62/><REACH who="0" ten="240,250,250,250" step="2"/><U50/><E105/><V48/><F90/><W134/><G134/><T77/><D77/><U38/><E88/><V106/><F106/><W121/><G121/><T76/><D76/><U130/><E113/><V116/><F116/><W133/><G133/><T23/><AGARI ba="0,1" hai="2,4,8,11,12,18,23,24,28,36,37,52,54,55" machi="23" ten="30,6000,0" yaku="1,1,0,1,54,1,53,0" doraHai="99" doraHaiUra="72" who="0" fromWho="0" sc="240,70,250,-20,250,-20,250,-20" /><INIT seed="0,1,0,2,3,112" ten="310,230,230,230" oya="0" hai0="91,44,50,100,81,127,14,132,103,28,131,61,33" hai1="34,106,6,7,66,128,133,108,102,93,38,96,116" hai2="79,27,37,73,115,18,124,80,12,68,31,71,90" hai3="15,24,89,4,110,75,72,107,21,111,74,122,76"/><T92/><D127/><U54/><E34/><V3/><F115/><W22/><G107/><T118/><D132/><U88/><E133/><V125/><F3/><W65/><G65/><T135/><D135/><U134/><E134/><V10/><F37/><W69/><G69/><T9/><D131/><U97/><E128/><V121/><F121/><W62/><G62/><T17/><D118/><U20/><E108/><V5/><F90/><W67/><G67/><T64/><D33/><U58/><E38/><V26/><F27/><W49/><G122/><T13/><D28/><U43/><E43/><V117/><F18/><W82/><G89/><T94/><D14/><U46/><E116/><V56/><F117/><W35/><G49/><T52/><D94/><U0/><E0/><V130/><F130/><W87/><G35/><T29/><D29/><U104/><E104/><V42/><F42/><W86/><G87/><T85/><D92/><U129/><E129/><V47/><F47/><W119/><G119/><T98/><D98/><U101/><E101/><V123/><F56/><AGARI ba="1,0" hai="9,13,17,44,50,52,56,61,64,81,85,91,100,103" machi="56" ten="30,12000,1" yaku="7,1,25,2,8,1,54,1" doraHai="112" who="0" fromWho="2" sc="310,123,230,0,230,-123,230,0" /><INIT seed="0,2,0,2,0,107" ten="433,230,107,230" oya="0" hai0="82,21,41,88,11,35,89,59,55,70,133,68,1" hai1="61,57,8,16,36,38,111,33,77,4,14,13,69" hai2="10,108,92,105,6,29,80,106,127,76,62,65,116" hai3="98,50,86,101,130,34,53,40,124,95,44,24,12"/><T126/><D35/><U72/><E69/><V74/><F108/><W104/><G124/><T43/><D1/><U32/><E111/><V120/><F120/><W122/><G130/><T102/><D102/><U123/><E123/><V128/><F127/><W0/><G0/><T5/><D21/><U112/><E112/><V97/><F128/><W125/><G125/><T30/><D126/><U90/><E90/><V17/><F116/><W96/><G86/><T117/><D117/><U23/><E33/><V49/><F29/><W67/><G67/><T7/><D30/><U99/><E99/><V60/><F17/><W129/><G129/><T115/><D115/><U19/><E4/><V78/><F49/><W18/><G122/><T22/><D22/><U54/><REACH who="1" step="1"/><E32/><REACH who="1" ten="433,220,107,230" step="2"/><V3/><F78/><W64/><G34/><T87/><D70/><U15/><E15/><V134/><F134/><W46/><G24/><T45/><D68/><U66/><E66/><V9/><F9/><W73/><G64/><T26/><D133/><U110/><E110/><V121/><F121/><W114/><G114/><T39/><D26/><U113/><E113/><V42/><F65/><W37/><G98/><T31/><D89/><U48/><E48/><V58/><F62/><W71/><G71/><T79/><D88/><U135/><E135/><V131/><F131/><W52/><G104/><T28/><D5/><U20/><E20/><V85/><F97/><W132/><G132/><T51/><D43/><U93/><E93/><V75/><F42/><W81/><G40/><T100/><D100/><U84/><E84/><RYUUKYOKU ba="2,1" sc="433,15,220,15,107,-15,230,-15" hai0="7,11,28,31,39,41,45,51,55,59,79,82,87" hai1="8,13,14,16,19,23,36,38,54,57,61,72,77" /><INIT seed="0,3,1,1,1,92" ten="448,235,92,215" oya="0" hai0="54,19,12,8,121,85,118,100,112,76,106,109,75" hai1="14,105,17,82,116,104,101,40,52,56,37,115,91" hai2="67,123,108,46,74,13,45,43,6,69,135,15,9" hai3="26,62,89,133,30,57,102,124,113,95,70,49,25"/><T47/><D112/><U27/><E116/><V7/><F135/><W71/><G113/><T36/><D118/><U81/><E115/><V97/><F123/><W77/><G133/><T86/><D121/><U53/><E27/><V80/><F108/><W110/><G110/><T96/><D109/><U119/><E119/><V1/><F69/><W16/><G77/><T28/><D28/><U41/><E37/><V72/><F67/><W39/><G102/><T33/><D33/><U11/><E104/><V79/><F72/><W84/><G49/><T73/><D54/><N who="1" m="21099" /><E105/><V44/><F97/><W78/><G78/><T103/><D100/><U64/><E101/><V34/><F34/><W4/><G4/><T129/><D129/><U61/><E91/><V32/><F32/><W120/><G39/><T66/><D66/><U3/><E3/><V42/><REACH who="2" step="1"/><F1/><REACH who="2" ten="448,235,82,215" step="2"/><W21/><G120/><T98/><D96/><U125/><E64/><V87/><F87/><W35/><G124/><T23/><D86/><U59/><E61/><V134/><F134/><W132/><G132/><T94/><D106/><U68/><E68/><V58/><F58/><W122/><G122/><T5/><D85/><U114/><E125/><V93/><F93/><W99/><G84/><T20/><D76/><U90/><E114/><V130/><F130/><W55/><AGARI ba="3,2" hai="16,21,25,26,30,35,55,57,62,70,71,89,95,99" machi="55" ten="20,12000,2" yaku="0,1,7,1,25,2,52,1,54,1" doraHai="92" who="3" fromWho="3" sc="448,-63,235,-33,82,-33,215,149" /><INIT seed="1,0,0,4,3,38" ten="385,202,49,364" oya="1" hai0="81,128,90,13,56,22,85,44,39,80,125,117,111" hai1="115,110,67,96,74,43,25,4,63,76,19,122,87" hai2="131,27,120,66,73,92,42,78,37,88,91,57,93" hai3="124,0,62,123,41,94,46,95,23,101,61,84,98"/><U45/><E115/><V82/><F131/><W121/><G0/><T17/><D117/><U59/><E122/><V6/><F120/><W97/><G84/><T77/><D128/><U48/><E110/><V15/><F27/><W134/><G124/><T132/><D111/><U34/><E4/><V126/><F126/><W30/><G134/><T12/><D125/><U35/><E74/><V113/><F113/><W10/><G10/><T58/><D132/><U40/><E96/><V28/><F28/><W68/><G68/><T102/><D102/><U29/><E19/><V1/><F15/><W129/><G129/><T9/><D39/><U32/><REACH who="1" step="1"/><E43/><REACH who="1" ten="385,192,49,364" step="2"/><V51/><F6/><W36/><G123/><T72/><D44/><U60/><E60/><V71/><F1/><W135/><G121/><T103/><D103/><U75/><E75/><V14/><F42/><W50/><G135/><T118/><D118/><U5/><E5/><AGARI ba="0,1" hai="5,9,12,13,17,22,56,58,72,77,80,81,85,90" machi="5" ten="30,1000,0" yaku="7,1" doraHai="38" who="0" fromWho="1" sc="385,20,192,-10,49,0,364,0" /><INIT seed="2,0,0,0,2,95" ten="405,182,49,364" oya="2" hai0="84,62,19,11,108,94,120,80,134,105,8,45,7" hai1="131,89,60,55,40,27,53,112,133,38,104,10,93" hai2="30,41,15,48,109,29,59,126,129,6,118,16,46" hai3="18,115,51,74,98,135,116,21,33,75,5,31,24"/><V66/><F118/><W99/><G116/><T71/><D105/><U123/><E104/><V63/><F126/><W117/><G117/><T110/><D120/><U35/><E112/><V9/><F129/><W47/><G5/><T49/><D134/><U106/><E106/><V42/><F109/><N who="0" m="42090" /><D94/><U2/><E38/><V85/><F41/><W78/><G135/><T90/><D19/><U36/><E36/><V69/><F85/><W86/><G115/><T64/><D7/><U107/><E107/><V17/><REACH who="2" step="1"/><F69/><REACH who="2" ten="405,182,39,364" step="2"/><W122/><G122/><T119/><D119/><U12/><E40/><AGARI ba="0,1" hai="8,11,40,45,49,62,64,71,80,84,90" m="42090" machi="40" ten="30,1000,0" yaku="14,1" doraHai="95" who="0" fromWho="1" sc="405,20,182,-10,39,0,364,0" /><INIT seed="3,0,0,2,4,67" ten="425,172,39,364" oya="3" hai0="124,1,84,30,111,59,64,47,87,119,105,88,90" hai1="72,120,52,92,48,60,71,49,97,43,107,16,28" hai2="29,37,69,31,122,35,117,100,23,77,45,93,40" hai3="76,61,125,10,74,82,32,65,56,11,127,85,5"/><W13/><G32/><T12/><D1/><U39/><E72/><V118/><F29/><W55/><G74/><T108/><D105/><U112/><E107/><V94/><F94/><W123/><G123/><T6/><D119/><U109/><E28/><V36/><F23/><W63/><G11/><N who="0" m="4215" /><D30/><U131/><E49/><V68/><F37/><W46/><REACH who="3" step="1"/><G46/><REACH who="3" ten="425,172,39,354" step="2"/><T101/><D124/><U98/><E120/><V7/><F122/><W62/><G62/><N who="0" m="37983" /><D101/><U50/><E60/><V89/><F100/><W24/><G24/><T33/><D33/><U75/><E75/><V57/><F118/><W134/><G134/><T83/><D47/><U130/><E130/><V80/><F117/><W66/><G66/><T103/><D103/><U38/><E131/><V53/><F7/><W106/><G106/><T126/><D126/><U22/><E112/><V99/><F35/><W14/><G14/><T133/><D133/><U114/><E114/><V95/><F31/><W3/><G3/><T132/><D132/><U135/><E135/><V115/><F115/><W20/><G20/><T54/><D111/><U70/><E109/><V27/><F27/><W4/><G4/><T0/><D108/><U44/><E22/><V96/><F57/><AGARI ba="0,1" hai="5,10,13,55,56,57,61,63,65,76,82,85,125,127" machi="57" ten="40,2000,0" yaku="1,1,53,0" doraHai="67" doraHaiUra="113" who="3" fromWho="2" sc="425,0,172,0,39,-20,354,30" /><INIT seed="3,1,0,1,3,93" ten="425,172,19,384" oya="3" hai0="86,91,133,49,61,73,72,77,25,10,53,38,32" hai1="27,55,16,42,5,11,74,130,112,119,28,121,79" hai2="34,97,68,69,124,75,127,21,6,106,15,57,134" hai3="26,135,117,52,122,17,115,103,113,85,54,19,82"/><W105/><G122/><T80/><D38/><U1/><E55/><V98/><F34/><W96/><G117/><T104/><D104/><U4/><E42/><V56/><F106/><W58/><G54/><T43/><D133/><U129/><E79/><V30/><F134/><W23/><G19/><T14/><D61/><U101/><E101/><V99/><F75/><W125/><G135/><T51/><D43/><U0/><E74/><V110/><F110/><W102/><G102/><T94/><D73/><U83/><E83/><V29/><F6/><W95/><G105/><T20/><D32/><U70/><E70/><N who="2" m="27243" /><F15/><W90/><G125/><N who="2" m="48201" /><F21/><W3/><G3/><T41/><D41/><U84/><E84/><V128/><F128/><W65/><G65/><T63/><D63/><AGARI ba="1,0" hai="17,23,26,52,58,63,82,85,90,95,96,103,113,115" machi="63" ten="30,5800,0" yaku="7,1,52,1,54,1" doraHai="93" who="3" fromWho="0" sc="425,-61,172,0,19,0,384,61" owari="364,16.4,172,-22.8,19,-48.1,445,54.5" /></mjloggm>