<mjloggm ver="2.3"><GO type="225" lobby="0"/><UN n0="%E3%81%BE%E3%81%A8%E3%81%9F" n1="%E3%81%BF%E3%81%BF%E3%81%9A" n2="%E3%81%99%E3%81%84%E3%81%BE%E3%81%9B%E3%83%BC%E3%82%93" n3="%E6%B4%BE%E9%81%A3%E3%81%AE%E3%82%B8%E3%83%A3%E3%83%83%E3%82%AF" dan="16,17,18,17" rate="2168.84,2269.35,2180.75,2194.17" sx="M,M,M,M"/><TAIKYOKU oya="0"/><INIT seed="0,0,0,0,0,50" ten="250,250,250,250" oya="0" hai0="29,40,11,49,77,23,25,120,19,135,70,39,78" hai1="65,116,68,134,15,92,31,117,30,3,98,7,71" hai2="90,99,20,48,45,2,122,80,100,87,95,5,8" hai3="106,12,127,59,76,133,13,1,37,66,43,111,52"/><T17/><D120/><U46/><E134/><V81/><F122/><W63/><G1/><T125/><D135/><U74/><E74/><V47/><F20/><W73/><G106/><T69/><D39/><U67/><E3/><V119/><F119/><W14/><G133/><T109/><D109/><U36/><E7/><V123/><F123/><W35/><G35/><T9/><D125/><U16/><E36/><V10/><F10/><N who="0" m="3594" /><D70/><U82/><E82/><V26/><F26/><W83/><G111/><T4/><D69/><U22/><E71/><V61/><F61/><W6/><G127/><T114/><D4/><U44/><E116/><V54/><REACH who="2" step="1"/><F47/><REACH who="2" ten="250,250,240,250" step="2"/><N who="1" m="17961" /><E117/><V126/><F126/><W102/><G6/><T124/><D124/><U60/><E68/><V104/><AGARI ba="0,1" hai="2,5,8,45,48,54,80,81,87,90,95,99,100,104" machi="104" ten="20,5200,0" yaku="1,1,0,1,7,1,52,1,53,0" doraHai="50" doraHaiUra="131" who="2" fromWho="2" sc="250,-26,250,-13,240,62,250,-13" /><INIT seed="1,0,0,3,5,110" ten="224,237,302,237" oya="1" hai0="135,126,97,114,30,41,45,82,55,24,53,19,85" hai1="23,67,21,93,115,71,5,3,44,86,46,123,129" hai2="131,48,65,35,90,133,96,34,66,72,22,76,75" hai3="125,121,52,4,113,111,50,106,112,101,100,77,8"/><U79/><E123/><V88/><F76/><W122/><G77/><T47/><D135/><U29/><E115/><V6/><F48/><W28/><G28/><T130/><D126/><U20/><E29/><V16/><F6/><W12/><G111/><T92/><D130/><U104/><E104/><V91/><F96/><W84/><G84/><T63/><D19/><U27/><E27/><V25/><F133/><W54/><G125/><T56/><D53/><U43/><E129/><V7/><F7/><W74/><G74/><T132/><D41/><U128/><E128/><V120/><F120/><W61/><G61/><T118/><D118/><U38/><E46/><V116/><F116/><W17/><G4/><T32/><D132/><U60/><E93/><V98/><F98/><W0/><G0/><T87/><D87/><U51/><E38/><V117/><F117/><W89/><G89/><T26/><D26/><U13/><E3/><V58/><F131/><W81/><G81/><T37/><D37/><U62/><E71/><V39/><F39/><W99/><G101/><T59/><D59/><U11/><REACH who="1" step="1"/><E67/><REACH who="1" ten="224,227,302,237" step="2"/><V105/><F105/><W1/><G1/><T10/><D114/><N who="3" m="44137" /><G54/><T18/><D92/><U70/><E70/><V103/><F66/><W69/><G69/><T64/><D64/><U134/><E134/><V14/><F65/><W31/><G31/><T40/><D55/><U107/><E107/><V109/><F109/><W68/><G68/><T33/><D30/><U9/><E9/><V73/><F25/><W49/><G52/><N who="0" m="34183" /><D24/><U57/><E57/><V36/><F58/><RYUUKYOKU ba="0,1" sc="224,-15,227,15,302,-15,237,15" hai1="5,11,13,20,21,23,43,44,51,60,62,79,86" hai3="8,12,17,49,50,99,100,106,121,122" /><INIT seed="1,1,1,1,4,114" ten="209,242,287,252" oya="1" hai0="10,90,93,120,68,109,26,117,24,102,39,42,20" hai1="84,52,57,96,125,75,78,28,134,108,100,56,77" hai2="123,55,80,101,43,8,106,111,7,34,6,46,105" hai3="88,97,74,121,17,132,22,48,45,12,58,66,72"/><U98/><E75/><V60/><F123/><W87/><G121/><T76/><D68/><U118/><E118/><V15/><F34/><W23/><G132/><T104/><D120/><U14/><E134/><V73/><F111/><W67/><G97/><N who="0" m="61519" /><D76/><U122/><E122/><V95/><F6/><W30/><G58/><T129/><D10/><U25/><E125/><V119/><F119/><W130/><G130/><T4/><D4/><U5/><E57/><V65/><F55/><W36/><G36/><T85/><D129/><U61/><E108/><V115/><F115/><W135/><G135/><T94/><D109/><U70/><E70/><V13/><F13/><W47/><G72/><T19/><D117/><U81/><E78/><V89/><F101/><W33/><G33/><T59/><D59/><U133/><E133/><V110/><F110/><W49/><G74/><T31/><D42/><U37/><E37/><V116/><F116/><W50/><G47/><T44/><D44/><U1/><E1/><V92/><F46/><W71/><G71/><T51/><D51/><U63/><E63/><V126/><F43/><W32/><G32/><N who="0" m="20583" /><D39/><U41/><E41/><V86/><F126/><W69/><G69/><T18/><D18/><U27/><E28/><V62/><F73/><W103/><G45/><T40/><D40/><U107/><REACH who="1" step="1"/><E98/><REACH who="1" ten="209,232,287,252" step="2"/><V79/><F79/><W11/><G30/><T113/><D113/><U131/><E131/><V83/><F62/><W128/><G128/><T38/><D38/><U0/><E0/><V2/><F60/><W21/><G48/><T82/><AGARI ba="1,2" hai="19,20,26,82,85,90,93,94" m="20583,61519" machi="82" ten="30,1100,0" yaku="5,1" doraHai="114" who="0" fromWho="0" sc="209,34,232,-6,287,-4,252,-4" /><INIT seed="2,0,0,5,5,2" ten="243,226,283,248" oya="2" hai0="66,125,90,20,76,101,28,74,48,105,127,37,77" hai1="17,55,108,51,113,65,106,87,100,12,134,78,8" hai2="49,88,47,83,81,129,111,1,57,63,54,82,110" hai3="89,46,103,99,104,84,50,18,79,133,92,62,71"/><V56/><F129/><W61/><G133/><T97/><D37/><U39/><E113/><V93/><F1/><W9/><G71/><T0/><D0/><U34/><E39/><V44/><F47/><W4/><G79/><T73/><D66/><U121/><E134/><V130/><F130/><W95/><G18/><T52/><D90/><U128/><E128/><V85/><REACH who="2" step="1"/><F57/><REACH who="2" ten="243,226,273,248" step="2"/><W112/><G112/><T7/><D125/><U116/><E116/><V40/><AGARI ba="0,1" hai="40,44,49,54,56,63,81,82,83,85,88,93,110,111" machi="40" ten="30,11700,0" yaku="1,1,2,1,0,1,54,1,53,0" doraHai="2" doraHaiUra="117" who="2" fromWho="2" sc="243,-39,226,-39,273,127,248,-39" /><INIT seed="2,1,0,0,4,50" ten="204,187,400,209" oya="2" hai0="13,17,5,54,134,110,131,37,12,20,46,3,126" hai1="60,62,70,67,56,107,124,7,95,119,41,74,69" hai2="18,84,89,4,51,55,111,85,130,66,29,48,28" hai3="116,30,120,27,92,128,64,0,96,36,63,114,40"/><V71/><F130/><W87/><G120/><T80/><D131/><U35/><E107/><V103/><F103/><W45/><G116/><T31/><D110/><U16/><E35/><V49/><F4/><W88/><G128/><T42/><D134/><U97/><E119/><V81/><F66/><W122/><G114/><T77/><D31/><N who="2" m="11850" /><F71/><W99/><G0/><T38/><D38/><U23/><E124/><V82/><F18/><W98/><G122/><T24/><D126/><U123/><E123/><V102/><F102/><W2/><G2/><T117/><D117/><U113/><E113/><V57/><F111/><W78/><G78/><AGARI ba="1,0" hai="48,49,51,55,57,78,81,82,84,85,89" m="11850" machi="78" ten="30,2900,0" yaku="8,1,52,1" doraHai="50" who="2" fromWho="3" sc="204,0,187,0,400,32,209,-32" /><INIT seed="2,2,0,4,4,99" ten="204,187,432,177" oya="2" hai0="132,15,43,91,86,57,107,60,128,122,119,8,45" hai1="22,125,50,95,25,76,69,81,83,111,21,85,46" hai2="36,105,84,73,59,9,113,123,58,110,88,19,71" hai3="28,135,53,42,131,101,51,94,70,75,115,35,126"/><V80/><F113/><W117/><G117/><T120/><D107/><U5/><E111/><V65/><F123/><W17/><G75/><T103/><D128/><U3/><E125/><V41/><F105/><W87/><G70/><T66/><D132/><U38/><E69/><V82/><F71/><W16/><G42/><T24/><D24/><U77/><E38/><V121/><F41/><W112/><G135/><T6/><D103/><U44/><E3/><V133/><F65/><W14/><G126/><T23/><D23/><U61/><E5/><V97/><F82/><N who="1" m="31241" /><E61/><V63/><F63/><W27/><G131/><T33/><D33/><U79/><E50/><V48/><F48/><W20/><G17/><T10/><D10/><U4/><E4/><V108/><F19/><W1/><G1/><T90/><D119/><U32/><E32/><V129/><F9/><W52/><G87/><T89/><REACH who="0" step="1"/><D86/><REACH who="0" ten="194,187,432,177" step="2"/><U54/><E21/><V31/><F133/><W64/><G64/><T62/><D62/><U26/><E25/><V47/><F129/><W114/><G51/><AGARI ba="2,1" hai="6,8,15,43,45,51,57,60,66,89,90,91,120,122" machi="51" ten="40,2600,0" yaku="1,1,53,1" doraHai="99" doraHaiUra="37" who="0" fromWho="3" sc="194,42,187,0,432,0,177,-32" /><INIT seed="3,0,0,2,3,116" ten="236,187,432,145" oya="3" hai0="130,12,39,91,80,90,2,28,134,75,16,126,82" hai1="125,94,105,100,135,6,37,48,62,77,84,60,78" hai2="115,8,11,35,23,27,0,104,58,72,69,7,73" hai3="102,33,109,29,32,40,121,15,3,71,93,113,25"/><W86/><G113/><T9/><D39/><U38/><E6/><V46/><F69/><W132/><G3/><T83/><D75/><U110/><E105/><V81/><F104/><W1/><G1/><T87/><D134/><U4/><E4/><V85/><F35/><W43/><G71/><T74/><D74/><U54/><E135/><V131/><F11/><W106/><G132/><T112/><D2/><U129/><E129/><V26/><F26/><W14/><G33/><T42/><D42/><U64/><E125/><V5/><F5/><W56/><G121/><T19/><D28/><U133/><E133/><V95/><F115/><W21/><G109/><T44/><D44/><N who="1" m="27911" /><E38/><V122/><F122/><W53/><G106/><T20/><D112/><U67/><E37/><V118/><F118/><W97/><G86/><N who="0" m="50503" /><D130/><U99/><E110/><V68/><F68/><W36/><G32/><T88/><D126/><U96/><E96/><V101/><F131/><W98/><G98/><T22/><D19/><U63/><E84/><AGARI ba="0,0" hai="9,12,16,20,22,82,83,84,87,88,91" m="50503" machi="84" ten="30,3900,0" yaku="8,1,54,2" doraHai="116" who="0" fromWho="1" sc="236,39,187,-39,432,0,145,0" owari="275,7.5,148,-25.2,432,53.2,145,-35.5" /></mjloggm>