<mjloggm ver="2.3"><GO type="225" lobby="0"/><UN n0="%E5%8D%A0%E3%81%84%E5%B8%AB%E8%A3%8F%E3%81%AA%E3%81%84%E3%81%97" n1="%E6%B8%A1%E5%A4%A9%E8%97%8D" n2="%72%69%6F%75%63%68%61%6E" n3="%E6%9D%B1%E9%A2%A8%E3%81%AE%E3%81%8D%E3%82%83%E3%81%B7%E3%81%95%E3%82%93" dan="17,16,16,16" rate="2177.00,2139.17,2183.27,2145.29" sx="M,M,M,M"/><TAIKYOKU oya="0"/><INIT seed="0,0,0,4,0,76" ten="250,250,250,250" oya="0" hai0="5,119,102,66,85,0,112,35,123,28,89,115,111" hai1="107,103,72,9,51,49,37,117,74,101,30,100,52" hai2="70,80,31,42,29,81,21,134,67,57,87,50,26" hai3="33,79,17,75,7,133,62,55,68,86,19,99,77"/><T22/><D119/><U114/><E117/><V34/><F134/><W11/><G33/><T14/><D123/><U125/><E37/><V97/><F70/><W73/><G133/><T59/><D102/><U118/><E118/><V6/><F6/><W46/><G99/><T53/><D66/><U130/><E107/><V124/><F124/><W58/><G68/><T127/><D127/><U105/><E105/><V64/><F97/><W91/><G46/><T45/><D45/><U41/><E125/><V83/><F87/><W1/><G73/><T8/><D111/><U110/><E110/><V95/><F95/><W93/><REACH who="3" step="1"/><G79/><REACH who="3" ten="250,250,250,240" step="2"/><T84/><D35/><U32/><E32/><V10/><F34/><W129/><G129/><T120/><D115/><U44/><E130/><V12/><F29/><W135/><G135/><T25/><D112/><U63/><E114/><V109/><F109/><W60/><G60/><T69/><D69/><U98/><E72/><V88/><F88/><W47/><G47/><T4/><D89/><U82/><E63/><V113/><F113/><W106/><G106/><T94/><D120/><U2/><E30/><V54/><REACH who="2" step="1"/><F42/><REACH who="2" ten="250,250,240,240" step="2"/><W61/><G61/><T132/><D132/><U27/><E98/><V104/><F104/><W16/><G16/><T23/><D28/><U131/><E131/><V48/><F48/><W90/><G90/><T78/><D78/><N who="1" m="44375" /><E49/><V71/><F71/><W18/><G18/><T3/><D4/><N who="1" m="1175" /><E41/><V36/><F36/><W108/><G108/><T15/><D5/><U40/><E40/><V39/><F39/><W96/><G96/><RYUUKYOKU ba="0,2" sc="250,-30,250,10,240,10,240,10" hai1="27,44,51,52,100,101,103" hai2="10,12,21,26,31,50,54,57,64,67,80,81,83" hai3="1,7,11,17,19,55,58,62,75,77,86,91,93" /><INIT seed="1,1,2,5,2,18" ten="220,260,250,250" oya="1" hai0="103,113,22,48,77,6,76,20,36,106,64,119,63" hai1="49,81,75,44,17,135,67,1,87,33,83,127,86" hai2="9,14,84,16,73,24,132,27,28,82,62,4,128" hai3="19,55,57,68,100,112,92,78,111,43,66,2,5"/><U59/><E1/><V61/><F128/><W7/><G112/><T129/><D113/><U98/><E33/><V45/><F132/><W102/><G111/><T10/><D36/><U130/><E75/><V79/><F73/><W41/><G68/><T54/><D119/><U58/><E130/><V80/><F82/><W34/><G34/><T31/><D129/><U123/><E123/><V47/><F27/><W108/><G108/><T53/><D31/><U105/><E127/><V99/><F99/><W71/><G71/><T118/><D118/><U60/><E135/><V126/><F126/><W40/><G2/><T12/><D106/><U120/><E120/><V101/><F101/><N who="3" m="39019" /><G66/><T37/><D103/><U29/><E29/><V125/><F125/><W110/><G110/><T0/><D37/><U15/><E98/><V30/><F30/><W56/><G92/><T117/><D0/><U97/><E59/><N who="3" m="22602" /><G19/><T85/><D117/><U23/><E97/><V122/><BYE who="1" /><F122/><W52/><G78/><N who="0" m="30315" /><D85/><UN n1="%E6%B8%A1%E5%A4%A9%E8%97%8D" /><U35/><E35/><V21/><F28/><W89/><G89/><T38/><D38/><U46/><E105/><V124/><F124/><W94/><G94/><T72/><D72/><U32/><E32/><V133/><F133/><W26/><G26/><T74/><D74/><U90/><E49/><V115/><F115/><W107/><G107/><T95/><D95/><U70/><E70/><V51/><F45/><W39/><G39/><T104/><D104/><U116/><E116/><V50/><F51/><W91/><G91/><AGARI ba="1,2" hai="15,17,23,44,46,58,60,67,81,83,86,87,90,91" machi="91" ten="30,11600,0" yaku="7,1,9,1,8,1,52,1" doraHai="18" who="1" fromWho="3" sc="220,0,260,139,250,0,250,-119" /><INIT seed="1,2,0,2,1,20" ten="220,399,250,131" oya="1" hai0="90,11,27,10,65,100,67,26,59,62,106,51,84" hai1="124,92,105,123,18,72,73,104,81,22,45,119,107" hai2="129,25,68,12,14,111,24,85,15,76,115,98,128" hai3="82,2,8,43,79,30,69,66,131,113,16,32,3"/><U99/><E119/><V19/><F111/><W63/><G131/><N who="2" m="50249" /><F68/><W97/><G113/><T7/><D106/><U48/><E123/><V5/><F115/><W1/><G43/><T6/><D100/><U39/><E39/><V58/><F5/><N who="0" m="1546" /><D65/><U44/><E124/><V9/><F98/><W134/><G134/><T117/><D117/><U60/><E60/><V118/><F118/><W28/><G97/><T74/><D74/><U0/><E0/><V40/><F40/><W23/><G8/><N who="0" m="3115" /><D51/><U110/><E110/><V108/><F108/><W36/><G36/><T102/><D102/><U75/><E81/><AGARI ba="2,0" hai="26,27,59,62,67,81,84,90" m="3115,1546" machi="81" ten="30,3900,0" yaku="8,1,52,2" doraHai="20" who="0" fromWho="1" sc="220,45,399,-45,250,0,131,0" /><INIT seed="2,0,0,0,2,44" ten="265,354,250,131" oya="2" hai0="58,128,27,63,19,125,39,101,59,116,56,9,117" hai1="99,95,10,21,135,64,127,84,12,41,113,81,133" hai2="61,24,123,82,15,124,47,28,132,42,98,17,37" hai3="2,7,6,115,134,119,45,1,8,102,103,40,94"/><V0/><F124/><W31/><G119/><N who="0" m="45643" /><D39/><U76/><E113/><V55/><F132/><N who="1" m="50761" /><E127/><V131/><F131/><W53/><G115/><T74/><D74/><U16/><E64/><V120/><F0/><W77/><G134/><T87/><D125/><U72/><E41/><V67/><F82/><W78/><G31/><T50/><D101/><N who="1" m="60671" /><E21/><V22/><F98/><W60/><G60/><T106/><D106/><U48/><E48/><V29/><F55/><W13/><G53/><N who="0" m="31799" /><D128/><U51/><E51/><V86/><F86/><AGARI ba="0,0" hai="10,12,16,72,76,81,84,86" m="60671,50761" machi="86" ten="30,2000,0" yaku="20,1,54,1" doraHai="44" who="1" fromWho="2" sc="265,0,354,20,250,-20,131,0" /><INIT seed="3,0,0,2,0,57" ten="265,374,230,131" oya="3" hai0="98,108,12,129,30,45,134,54,18,92,49,32,106" hai1="60,51,65,95,97,19,124,2,132,25,43,86,9" hai2="63,22,119,72,61,81,76,96,47,120,94,68,35" hai3="39,27,131,10,42,40,56,69,62,87,107,116,20"/><W130/><G107/><T113/><D108/><U105/><E105/><V58/><F119/><W31/><G116/><T55/><D106/><U83/><E124/><V115/><F115/><W8/><G69/><T93/><D129/><N who="3" m="49161" /><G87/><T67/><D67/><U13/><E2/><V59/><F35/><W135/><G135/><T101/><D134/><U79/><E132/><V112/><F112/><W14/><G39/><T117/><D117/><U64/><E25/><V77/><F68/><W84/><G84/><T17/><D30/><U26/><E26/><V36/><F120/><W6/><G10/><T1/><D113/><U74/><E74/><V46/><F36/><W80/><G80/><T109/><D93/><U78/><E78/><N who="2" m="30315" /><F72/><W104/><G104/><T28/><D92/><U24/><E24/><V15/><F81/><W103/><G103/><T41/><D101/><U82/><E82/><V85/><F85/><W53/><AGARI ba="0,0" hai="6,8,14,20,27,31,40,42,53,56,62" m="49161" machi="53" ten="30,3000,0" yaku="19,1,52,1" doraHai="57" who="3" fromWho="3" sc="265,-10,374,-10,230,-10,131,30" /><INIT seed="3,1,0,4,4,36" ten="255,364,220,161" oya="3" hai0="110,120,93,7,61,68,76,99,57,109,129,15,27" hai1="133,112,71,105,116,111,33,130,13,83,127,65,21" hai2="119,79,81,60,19,2,54,46,11,43,69,16,14" hai3="32,55,122,58,108,135,48,104,42,29,24,5,6"/><W51/><G122/><T49/><D129/><U86/><RYUUKYOKU type="yao9" ba="1,0" sc="255,0,364,0,220,0,161,0" hai1="13,21,33,65,71,83,86,105,111,112,116,127,130,133" /><INIT seed="3,2,0,2,4,118" ten="255,364,220,161" oya="3" hai0="114,43,106,13,104,88,35,21,67,94,73,59,41" hai1="89,50,46,30,135,132,126,72,129,55,71,48,14" hai2="86,62,85,83,95,117,75,45,47,52,81,76,22" hai3="6,23,3,134,20,69,122,34,15,60,74,121,108"/><W128/><G74/><T98/><D35/><U63/><E72/><V112/><F112/><W28/><G60/><N who="0" m="38303" /><D73/><U66/><E30/><V64/><F117/><W68/><G68/><T130/><D106/><U61/><E129/><V84/><F83/><W131/><G69/><T78/><D104/><U87/><E126/><V38/><F38/><W105/><G105/><T79/><D130/><N who="3" m="49705" /><G108/><T101/><D114/><U57/><E14/><V40/><F40/><N who="0" m="15434" /><D101/><U127/><E127/><V8/><F8/><N who="3" m="2143" /><G134/><N who="1" m="51242" /><E46/><V111/><F111/><W42/><G42/><T31/><BYE who="1" /><D13/><UN n1="%E6%B8%A1%E5%A4%A9%E8%97%8D" /><U97/><E97/><V10/><F10/><W58/><G58/><T24/><AGARI ba="2,0" hai="21,24,31,78,79,88,94,98" m="15434,38303" machi="24" ten="30,2000,0" yaku="8,1,54,1" doraHai="118" who="0" fromWho="0" sc="255,26,364,-7,220,-7,161,-12" owari="281,8.1,357,45.7,213,-18.7,149,-35.1" /></mjloggm>