<mjloggm ver="2.3"><GO type="225" lobby="0"/><UN n0="%E6%A1%9C%E8%8A%B1%E9%96%83%E3%80%85" n1="%E3%81%86%E3%82%8C%E3%81%9F%E3%82%93%E6%9E%95" n2="%E3%81%86%E3%81%A3%E3%81%97%E3%83%BC%30%30" n3="%E9%B3%B3%E6%9D%B1%E3%81%AE%E3%81%86%E3%81%95%E3%81%8E%E3%81%95%E3%82%93" dan="16,16,17,17" rate="2152.19,2075.01,2200.62,2288.30" sx="M,F,M,M"/><TAIKYOKU oya="0"/><INIT seed="0,0,0,0,0,16" ten="250,250,250,250" oya="0" hai0="63,119,123,113,34,89,103,44,47,85,5,58,29" hai1="22,79,37,65,15,11,129,125,95,48,64,68,18" hai2="112,55,4,124,127,40,102,98,27,30,60,86,38" hai3="108,78,42,41,21,114,39,121,105,1,88,106,100"/><T0/><D113/><U128/><E37/><V72/><F72/><W8/><G114/><T82/><D119/><U104/><E125/><N who="2" m="48203" /><F112/><W109/><G121/><T132/><D123/><U97/><E104/><N who="2" m="63575" /><F4/><N who="3" m="1039" /><G78/><T80/><D132/><U101/><E79/><V7/><F7/><W96/><G106/><T24/><D103/><U73/><E73/><V6/><F6/><W69/><G69/><T33/><D33/><U45/><E11/><V56/><F86/><W32/><G32/><T20/><D34/><U61/><REACH who="1" step="1"/><E65/><REACH who="1" ten="250,240,250,250" step="2"/><V76/><F76/><W31/><G39/><T53/><REACH who="0" step="1"/><D82/><REACH who="0" ten="240,240,250,250" step="2"/><U134/><E134/><V43/><F38/><W71/><G105/><T87/><D87/><U81/><E81/><V118/><F118/><W46/><G109/><T3/><D3/><U116/><E116/><V51/><F60/><W17/><G108/><T115/><D115/><U57/><E57/><V107/><F107/><W91/><G71/><T117/><D117/><U23/><E23/><AGARI ba="0,2" hai="23,27,30,40,43,51,55,56" m="63575,48203" machi="23" ten="30,2000,0" yaku="18,1,52,1" doraHai="16" who="2" fromWho="1" sc="240,0,240,-20,250,40,250,0" /><INIT seed="1,0,0,2,5,67" ten="240,220,290,250" oya="1" hai0="41,117,85,97,77,101,93,130,31,94,19,54,100" hai1="6,26,37,30,28,52,127,47,106,15,103,74,115" hai2="123,81,22,12,122,20,112,105,87,72,45,79,133" hai3="39,91,53,73,88,61,132,34,110,92,50,36,24"/><U66/><E115/><V42/><F112/><W135/><G73/><T71/><D117/><U134/><E74/><V25/><F105/><W13/><G61/><T29/><D130/><U116/><E116/><V51/><F133/><N who="3" m="51275" /><G110/><T111/><D111/><U48/><E134/><V58/><F58/><N who="3" m="33079" /><G13/><T107/><D71/><U125/><E66/><V32/><F32/><W17/><G91/><T18/><D41/><U64/><E64/><V114/><F114/><W57/><G57/><T43/><D43/><U14/><E37/><V131/><F131/><W119/><G119/><T27/><D107/><U120/><E120/><V76/><F76/><W90/><G90/><T9/><D54/><U0/><E0/><V23/><F25/><W75/><G75/><T124/><D77/><U3/><E3/><V126/><F126/><N who="1" m="48137" /><E6/><V59/><F59/><W16/><G36/><T35/><D124/><U21/><E30/><V49/><F49/><W80/><G80/><T102/><D31/><U10/><E10/><V104/><F72/><W1/><G1/><T128/><D128/><U5/><E5/><V89/><F79/><W60/><G39/><T109/><D109/><U98/><AGARI ba="0,0" hai="14,15,21,26,28,47,48,52,98,103,106" m="48137" machi="98" ten="30,3000,0" yaku="18,1,54,1" doraHai="67" who="1" fromWho="1" sc="240,-10,220,30,290,-10,250,-10" /><INIT seed="1,1,0,2,4,59" ten="230,250,280,240" oya="1" hai0="49,77,57,134,38,80,82,42,117,65,123,109,129" hai1="9,13,1,47,7,107,127,43,32,52,4,131,87" hai2="50,110,46,22,18,37,60,3,23,124,16,113,69" hai3="116,132,14,41,55,73,48,36,12,44,8,20,61"/><U81/><E107/><V108/><F3/><W95/><G132/><T89/><D117/><U75/><E75/><V120/><F120/><W74/><G116/><T112/><D112/><U99/><E32/><V5/><F5/><W78/><G20/><N who="2" m="7721" /><F37/><W96/><G78/><T17/><D109/><N who="2" m="42090" /><F124/><W33/><G33/><T93/><D129/><U97/><E131/><V26/><F26/><W6/><G12/><T91/><D134/><U27/><E127/><V31/><F31/><W35/><G35/><T56/><D38/><U88/><E27/><V68/><F113/><W104/><G61/><N who="0" m="38055" /><D91/><U10/><REACH who="1" step="1"/><E52/><REACH who="1" ten="230,240,280,240" step="2"/><N who="2" m="29783" /><F69/><W102/><REACH who="3" step="1"/><G104/><REACH who="3" ten="230,240,280,230" step="2"/><T66/><D123/><U79/><E79/><V30/><F30/><W39/><G39/><AGARI ba="1,2" hai="1,4,7,9,10,13,39,43,47,81,87,88,97,99" machi="39" ten="30,5800,0" yaku="1,1,7,1,54,1,53,0" doraHai="59" doraHaiUra="125" who="1" fromWho="3" sc="230,0,240,81,280,0,230,-61" /><INIT seed="1,2,0,1,3,125" ten="230,321,280,169" oya="1" hai0="2,30,127,36,35,56,99,116,39,31,88,37,92" hai1="98,33,58,29,93,120,83,38,1,96,135,85,95" hai2="76,61,70,27,114,130,111,134,13,34,81,97,67" hai3="10,107,100,46,21,3,6,86,105,5,63,108,128"/><U115/><E120/><V54/><F111/><W75/><G108/><T133/><D116/><U48/><E115/><V113/><F134/><W32/><G32/><T122/><D127/><U121/><E121/><V43/><F43/><W60/><G75/><T11/><D122/><U44/><E1/><V47/><F97/><W42/><G100/><T52/><D133/><U132/><E38/><V119/><F119/><W109/><G109/><T80/><D80/><U89/><E29/><V94/><F94/><W9/><G21/><T51/><REACH who="0" step="1"/><D35/><REACH who="0" ten="220,321,280,169" step="2"/><U73/><E33/><V26/><F81/><W40/><G86/><T53/><D53/><N who="1" m="29831" /><E135/><V0/><F54/><W41/><G46/><T19/><D19/><U22/><E132/><V74/><F47/><W101/><G101/><T102/><D102/><N who="1" m="60687" /><E73/><V12/><F34/><W106/><REACH who="3" step="1"/><G128/><REACH who="3" ten="220,321,280,159" step="2"/><T124/><D124/><U90/><E22/><V79/><F130/><W69/><G69/><T23/><D23/><U25/><E25/><V72/><F70/><W68/><G68/><T16/><D16/><U55/><E83/><V91/><F27/><W112/><G112/><T64/><D64/><U66/><E66/><V87/><F26/><W18/><G18/><T14/><D14/><AGARI ba="2,2" hai="3,5,6,9,10,14,40,41,42,60,63,105,106,107" machi="14" ten="50,1600,0" yaku="1,1,53,0" doraHai="125" doraHaiUra="17" who="3" fromWho="0" sc="220,-22,321,0,280,0,159,42" /><INIT seed="2,0,0,0,2,107" ten="198,321,280,201" oya="2" hai0="99,74,106,61,51,3,130,105,7,134,80,12,56" hai1="96,55,63,87,40,131,101,67,78,25,0,6,124" hai2="73,22,26,53,132,11,9,88,116,29,20,72,1" hai3="135,30,42,4,18,109,122,36,14,34,65,69,44"/><V66/><F116/><W58/><G122/><T43/><D130/><U37/><E131/><V79/><F132/><W84/><G135/><T13/><D134/><U123/><E124/><V83/><F66/><W94/><G69/><T62/><D3/><U49/><E123/><V31/><F1/><W119/><G119/><T104/><D99/><U118/><E118/><V68/><F68/><W103/><G4/><T39/><D39/><U2/><E6/><V92/><F53/><W81/><G109/><T89/><D89/><U98/><E98/><V114/><F73/><W24/><G94/><T133/><D133/><U125/><E125/><V86/><F114/><W33/><G103/><T82/><D82/><U27/><E40/><V113/><F113/><W35/><G58/><T64/><D62/><U38/><E37/><V127/><F127/><W45/><G45/><T120/><D120/><U110/><E38/><V16/><F31/><W85/><G85/><T91/><D91/><U57/><E110/><V70/><F70/><W128/><G65/><T32/><D32/><U10/><E10/><V15/><AGARI ba="0,0" hai="9,11,15,16,20,22,26,29,72,79,83,86,88,92" machi="15" ten="20,12000,1" yaku="0,1,7,1,52,1,54,2" doraHai="107" who="2" fromWho="2" sc="198,-40,321,-40,280,120,201,-40" /><INIT seed="2,1,0,5,0,99" ten="158,281,400,161" oya="2" hai0="10,135,128,65,33,89,83,96,4,58,50,118,49" hai1="23,20,79,26,91,104,39,66,107,130,21,13,11" hai2="122,121,133,14,48,38,64,43,18,3,106,129,45" hai3="84,25,28,123,9,119,90,110,94,70,15,105,81"/><V97/><F3/><W32/><G123/><T87/><D128/><U75/><E130/><V72/><F72/><W24/><G119/><T76/><D135/><U30/><E39/><V124/><F129/><W120/><G120/><T31/><D118/><U0/><E66/><V98/><F124/><W17/><G105/><T103/><D76/><U108/><E0/><V71/><F133/><W126/><G126/><T112/><D112/><U74/><E108/><V40/><F40/><W111/><G70/><T47/><D31/><U132/><E132/><V115/><F115/><W42/><G42/><T67/><D33/><U8/><E91/><V59/><F98/><W80/><REACH who="3" step="1"/><G24/><REACH who="3" ten="158,281,400,151" step="2"/><T7/><D58/><U51/><E104/><V101/><F71/><W60/><G60/><T22/><D50/><U78/><E107/><V82/><F48/><W54/><G54/><T5/><D10/><U95/><E51/><V69/><F43/><W77/><G77/><T41/><REACH who="0" step="1"/><D22/><REACH who="0" ten="148,281,400,151" step="2"/><U56/><E21/><V131/><F131/><W27/><G27/><T134/><D134/><U85/><E26/><V114/><F122/><W6/><G6/><T73/><D73/><U52/><E75/><V37/><F121/><W57/><G57/><T1/><D1/><U93/><E74/><V35/><F59/><W86/><G86/><T88/><D88/><U12/><E85/><V113/><F113/><W36/><G36/><T62/><D62/><U29/><E56/><V2/><F38/><W53/><G53/><AGARI ba="1,2" hai="8,11,12,13,20,23,29,30,52,53,78,79,93,95" machi="53" ten="25,6400,0" yaku="22,2,8,1,54,1" doraHai="99" who="1" fromWho="3" sc="148,0,281,87,400,0,151,-67" /><INIT seed="3,0,0,0,4,129" ten="148,368,400,84" oya="3" hai0="46,127,117,65,22,113,45,93,112,2,38,79,111" hai1="6,107,49,28,105,18,84,55,71,78,4,33,125" hai2="3,29,72,36,40,89,23,44,123,119,86,15,20" hai3="74,41,13,103,14,34,60,106,39,94,37,56,99"/><W116/><G116/><T122/><D111/><U58/><E71/><V5/><F119/><W101/><G74/><T100/><D117/><U114/><E114/><N who="0" m="44137" /><D122/><U97/><E125/><V115/><F72/><W35/><G106/><T66/><D127/><U42/><E42/><V48/><F3/><W57/><G41/><N who="0" m="22711" /><D2/><U17/><E28/><V7/><F115/><W95/><REACH who="3" step="1"/><G60/><REACH who="3" ten="148,368,400,74" step="2"/><T70/><D70/><U120/><E105/><V67/><F40/><W16/><G16/><T87/><D46/><U102/><E120/><V109/><F44/><W69/><G69/><T96/><D22/><U73/><E18/><V68/><F20/><W81/><G81/><AGARI ba="0,1" hai="65,66,79,81,87,93,96,100" m="22711,44137" machi="81" ten="30,1000,0" yaku="11,1" doraHai="129" who="0" fromWho="3" sc="148,20,368,0,400,0,74,-10" owari="168,-23.2,368,16.8,400,50.0,64,-43.6" /></mjloggm>