<mjloggm ver="2.3"><GO type="225" lobby="0"/><UN n0="%72%61%6B%33" n1="%E7%99%BD%E6%97%A5%E9%9B%AA%E8%8F%9C" n2="%E8%B6%85%E7%B4%9A%E9%B3%B3%E5%87%B0" n3="%E8%AB%B8%E8%91%9B%E4%BA%AE" dan="16,16,16,16" rate="2068.57,2146.69,2120.01,2135.20" sx="M,M,M,M"/><TAIKYOKU oya="0"/><INIT seed="0,0,0,3,2,96" ten="250,250,250,250" oya="0" hai0="9,6,7,116,110,0,48,45,89,16,109,3,55" hai1="57,44,56,12,70,120,100,8,129,112,105,20,72" hai2="38,68,66,62,114,78,49,75,47,135,41,82,2" hai3="39,83,74,21,107,94,73,14,63,30,28,117,69"/><T125/><D116/><U130/><E120/><V133/><F114/><W15/><G117/><T90/><D125/><U98/><E70/><V127/><F127/><W79/><G107/><T131/><D131/><N who="1" m="50187" /><E72/><V104/><F104/><W54/><G39/><T46/><D16/><N who="1" m="10247" /><E112/><V1/><REACH who="2" step="1"/><F49/><REACH who="2" ten="250,250,240,250" step="2"/><W97/><G74/><T37/><D37/><U13/><E44/><V51/><F51/><W103/><G73/><T26/><D26/><U124/><E124/><V58/><F58/><W121/><G69/><T10/><REACH who="0" step="1"/><D45/><REACH who="0" ten="240,250,240,250" step="2"/><U88/><E57/><V84/><F84/><N who="3" m="48255" /><G121/><T61/><D61/><U65/><E56/><V22/><F22/><W11/><G63/><T95/><D95/><U18/><E105/><V126/><F126/><W80/><G21/><T33/><D33/><U27/><E27/><V60/><F60/><W76/><G94/><T132/><D132/><AGARI ba="0,2" hai="1,2,38,41,47,62,66,68,75,78,82,132,133,135" machi="132" ten="40,12000,2" yaku="1,1,20,1,23,2,53,2" doraHai="96" doraHaiUra="35" who="2" fromWho="0" sc="240,-120,250,0,240,140,250,0" /><INIT seed="1,0,0,4,0,30" ten="120,250,380,250" oya="1" hai0="114,89,34,6,69,83,50,128,48,90,59,105,112" hai1="119,10,23,70,51,96,122,26,61,124,65,79,99" hai2="113,13,92,45,82,15,46,120,126,101,117,33,66" hai3="77,5,125,16,123,91,104,84,72,35,130,60,57"/><U133/><E119/><V135/><F117/><W64/><G123/><T62/><D105/><U39/><E122/><V3/><F120/><W28/><G104/><T103/><D103/><U95/><E39/><V44/><F3/><W118/><G118/><T110/><D110/><U80/><E124/><V2/><F2/><W21/><G125/><T4/><D69/><U29/><E133/><V49/><F126/><W115/><G115/><T14/><D128/><U71/><E10/><V74/><F135/><W78/><G130/><T25/><D14/><U102/><E51/><V18/><F113/><W56/><G72/><T11/><D11/><U47/><E47/><V75/><F66/><W31/><G5/><T131/><D131/><U0/><E0/><V106/><F106/><W68/><G68/><T97/><D97/><U87/><E99/><V7/><F49/><W109/><G109/><T63/><D83/><U129/><E129/><V108/><F108/><W20/><G35/><T86/><D25/><U58/><AGARI ba="0,0" hai="23,26,29,58,61,65,70,71,79,80,87,95,96,102" machi="58" ten="20,7800,0" yaku="0,1,7,1,25,2" doraHai="30" who="1" fromWho="1" sc="120,-26,250,78,380,-26,250,-26" /><INIT seed="1,1,0,0,5,7" ten="94,328,354,224" oya="1" hai0="111,67,30,36,32,71,116,81,84,4,74,54,94" hai1="77,64,58,69,20,101,86,10,37,95,60,134,108" hai2="51,9,65,91,128,14,82,109,46,89,17,6,18" hai3="48,45,1,70,83,42,43,104,63,135,76,24,44"/><U87/><E37/><V40/><F109/><W112/><G104/><T19/><D116/><U132/><E108/><V38/><F128/><W59/><G1/><T103/><D111/><U102/><E20/><V88/><F38/><W27/><G112/><T85/><D36/><U118/><E118/><V25/><F65/><W50/><G70/><T93/><D74/><U31/><E31/><V73/><F73/><W79/><G135/><N who="1" m="51754" /><E77/><V122/><F122/><W105/><G105/><T100/><D54/><U21/><E21/><N who="2" m="13487" /><F18/><W75/><REACH who="3" step="1"/><G79/><REACH who="3" ten="94,328,354,214" step="2"/><T33/><D71/><U26/><E69/><V62/><F62/><W57/><G57/><T124/><D124/><U107/><E107/><V5/><F5/><W130/><G130/><T90/><D4/><U66/><E58/><V41/><F41/><W11/><G11/><T55/><D32/><U12/><E60/><V133/><F133/><W16/><G16/><T117/><D19/><U13/><E10/><V96/><F82/><W49/><G49/><T110/><D81/><U22/><E95/><AGARI ba="1,1" hai="6,9,14,40,46,51,88,89,91,95,96" m="13487" machi="95" ten="30,3900,0" yaku="8,1,52,1,54,1" doraHai="7" who="2" fromWho="1" sc="94,0,328,-42,354,52,214,0" /><INIT seed="2,0,0,5,4,47" ten="94,286,406,214" oya="2" hai0="31,1,131,82,126,79,116,112,43,132,14,102,11" hai1="9,19,25,111,120,60,96,119,36,7,34,23,108" hai2="13,32,74,122,114,85,107,127,89,46,113,4,99" hai3="10,130,28,100,71,6,115,72,98,61,59,103,18"/><V5/><F122/><W75/><G71/><T16/><D112/><U105/><E36/><V93/><F74/><W0/><G115/><T134/><D126/><U129/><E119/><V110/><F32/><W58/><G130/><T21/><D131/><U39/><E39/><V65/><F127/><W44/><G28/><T101/><D116/><U128/><E120/><V125/><F125/><W53/><G18/><T117/><D43/><U20/><E60/><V80/><F110/><N who="1" m="42025" /><E96/><V51/><F107/><W35/><G35/><T17/><D31/><N who="1" m="19823" /><E105/><V15/><F65/><W73/><G44/><T109/><D117/><U78/><E78/><V69/><F69/><W54/><REACH who="3" step="1"/><G98/><REACH who="3" ten="94,286,406,204" step="2"/><T50/><D109/><U66/><E19/><V27/><F114/><W67/><G67/><T48/><D134/><U42/><E66/><V121/><F113/><W133/><G133/><T3/><D132/><U92/><E42/><V94/><F121/><W64/><G64/><T12/><D1/><U26/><E128/><V95/><F99/><W29/><G29/><T40/><D3/><U91/><E129/><V57/><F46/><W68/><G68/><T38/><D38/><U88/><E26/><V49/><F27/><W124/><G124/><T24/><D24/><U52/><E52/><V37/><F37/><W106/><G106/><T2/><D2/><N who="1" m="247" /><E92/><V83/><F94/><W33/><G33/><T30/><D30/><U55/><E55/><V81/><F93/><W118/><G118/><T45/><REACH who="0" step="1"/><D48/><AGARI ba="0,1" hai="0,6,10,48,53,54,58,59,61,72,73,75,100,103" machi="48" ten="40,2600,0" yaku="1,1,52,1,53,0" doraHai="47" doraHaiUra="8" who="3" fromWho="0" sc="94,-26,286,0,406,0,204,36" /><INIT seed="3,0,0,3,2,27" ten="68,286,406,240" oya="3" hai0="101,67,42,122,21,14,102,6,59,117,97,115,19" hai1="100,85,24,92,17,88,43,20,35,111,79,131,119" hai2="26,126,13,110,56,108,125,105,81,74,62,44,70" hai3="118,5,12,30,1,28,33,15,123,61,129,98,113"/><W16/><G118/><T54/><D117/><U8/><E111/><N who="2" m="42539" /><F105/><W132/><G123/><T106/><D122/><U107/><E119/><V48/><F70/><W90/><G113/><T57/><D115/><U31/><E131/><V68/><F68/><W130/><G33/><T121/><D121/><U87/><E43/><N who="2" m="24607" /><F13/><W63/><G1/><T23/><D106/><U2/><E107/><V50/><F26/><W135/><G5/><T77/><D42/><U65/><E65/><N who="2" m="39111" /><F50/><W104/><G104/><T4/><D67/><U128/><E128/><N who="3" m="49258" /><G15/><T116/><D116/><U34/><E100/><V64/><F64/><W91/><G63/><T72/><D14/><U3/><E3/><V18/><F18/><W51/><G61/><T41/><D41/><U38/><E38/><V36/><F36/><W46/><G51/><T29/><D19/><U95/><E17/><V93/><F93/><N who="3" m="56631" /><G46/><T75/><D54/><U66/><E66/><V52/><F52/><W11/><G91/><T112/><D112/><U86/><E2/><V89/><F89/><W83/><G83/><T99/><REACH who="0" step="1"/><D77/><AGARI ba="0,0" hai="74,77,81,125,126" m="39111,24607,42539" machi="77" ten="30,1000,0" yaku="14,1" doraHai="27" who="2" fromWho="0" sc="68,-10,286,0,406,10,240,0" owari="58,-44.2,286,8.6,416,51.6,240,-16.0" /></mjloggm>