<mjloggm ver="2.3"><GO type="225" lobby="0"/><UN n0="%6D%75%75%73%61%6E%6D%75" n1="%E3%82%A2%E3%83%A1%E3%82%A2%E3%83%A9%E3%83%AC" n2="%E3%81%99%E3%81%84%E3%81%BE%E3%81%9B%E3%83%BC%E3%82%93" n3="%E5%A4%96%E5%B7%9D%E7%AB%9C%E6%88%90" dan="16,16,18,16" rate="2151.72,2192.85,2290.72,2107.92" sx="F,M,M,M"/><TAIKYOKU oya="0"/><INIT seed="0,0,0,5,4,59" ten="250,250,250,250" oya="0" hai0="28,2,127,117,52,36,107,105,86,114,119,34,80" hai1="0,55,89,16,25,82,125,18,75,131,9,67,76" hai2="15,104,61,4,108,41,19,133,66,62,78,51,47" hai3="5,130,8,112,12,102,6,109,11,92,97,113,49"/><T124/><D36/><U38/><E131/><V103/><F108/><W46/><G109/><T79/><D2/><U27/><E125/><N who="0" m="48201" /><D28/><U48/><E38/><V17/><F133/><W132/><G132/><T134/><D34/><U65/><E89/><V88/><F78/><W1/><REACH who="3" step="1"/><G130/><REACH who="3" ten="250,250,250,240" step="2"/><T54/><D134/><U100/><E100/><V118/><F103/><W84/><G84/><T40/><D114/><U23/><E0/><V121/><F118/><N who="0" m="45066" /><D40/><AGARI ba="0,1" hai="1,5,6,8,11,12,40,46,49,92,97,102,112,113" machi="40" ten="30,2000,0" yaku="1,1,7,1,53,0" doraHai="59" doraHaiUra="53" who="3" fromWho="0" sc="250,-20,250,0,250,0,240,30" /><INIT seed="1,0,0,5,1,61" ten="230,250,250,270" oya="1" hai0="12,41,99,26,122,115,65,128,68,33,19,90,95" hai1="32,29,46,64,47,77,73,70,103,45,43,130,118" hai2="30,67,116,11,20,44,84,104,7,50,126,34,106" hai3="42,22,6,40,105,111,96,81,13,76,112,75,62"/><U102/><E118/><V1/><F116/><W108/><G112/><T125/><D115/><U83/><E130/><V98/><F126/><W49/><G49/><T4/><D125/><U127/><E127/><V72/><F72/><W0/><G0/><T59/><D128/><U15/><E15/><V55/><F34/><W31/><G31/><T114/><D114/><U51/><E29/><V60/><F84/><W86/><G86/><T21/><D68/><U135/><E32/><V88/><F20/><W17/><G6/><T101/><D122/><U36/><E135/><V109/><F30/><W119/><G119/><T97/><D33/><U82/><E46/><V28/><F28/><W79/><G79/><T129/><D129/><U53/><REACH who="1" step="1"/><E82/><REACH who="1" ten="230,240,250,270" step="2"/><V85/><F109/><W16/><G111/><T94/><D41/><U52/><E52/><V91/><F55/><W25/><G108/><T92/><D92/><U14/><E14/><V133/><F133/><W35/><G35/><T69/><D69/><U117/><E117/><V120/><F44/><W9/><G105/><T74/><D74/><U87/><E87/><V134/><F134/><W132/><G132/><T27/><D4/><U100/><E100/><V93/><F106/><W123/><G123/><T54/><REACH who="0" step="1"/><D65/><REACH who="0" ten="220,240,250,270" step="2"/><U80/><E80/><N who="2" m="49191" /><F104/><W37/><G81/><T18/><D18/><U121/><E121/><V71/><F120/><W8/><G17/><T56/><D56/><U124/><E124/><V38/><F67/><W23/><G75/><T58/><D58/><U78/><E78/><V3/><F71/><W131/><G76/><RYUUKYOKU ba="0,2" sc="220,15,240,15,250,-15,270,-15" hai0="12,19,21,26,27,54,59,90,94,95,97,99,101" hai1="36,43,45,47,51,53,64,70,73,77,83,102,103" /><INIT seed="1,1,2,3,1,135" ten="235,255,235,255" oya="1" hai0="42,0,122,29,76,117,7,103,6,53,41,80,48" hai1="50,86,95,116,13,38,93,68,22,19,128,34,65" hai2="129,21,78,46,81,59,43,37,52,84,97,110,2" hai3="119,111,79,32,57,83,127,124,132,5,24,28,49"/><U72/><E128/><V88/><F129/><W92/><G132/><T89/><D117/><U121/><E38/><V1/><F110/><W16/><G111/><T69/><D69/><U85/><E72/><V101/><F21/><W77/><G119/><T14/><D122/><U96/><E34/><V105/><REACH who="2" step="1"/><F78/><REACH who="2" ten="235,255,225,255" step="2"/><W51/><G79/><T126/><D76/><U40/><E116/><V98/><F98/><W106/><G77/><T4/><D0/><U45/><E121/><V107/><F107/><W108/><G106/><T31/><D126/><N who="3" m="48169" /><G108/><T33/><D33/><U118/><BYE who="0" /><E118/><V61/><AGARI ba="1,3" hai="1,2,37,43,46,52,59,61,81,84,88,97,101,105" machi="61" ten="20,8000,1" yaku="1,1,0,1,7,1,54,2,53,0" doraHai="135" doraHaiUra="11" who="2" fromWho="2" sc="235,-21,255,-41,225,113,255,-21" /><INIT seed="2,0,0,1,4,107" ten="214,214,338,234" oya="2" hai0="128,74,86,82,51,56,129,83,110,97,106,53,62" hai1="117,130,100,125,92,89,52,31,111,39,4,116,32" hai2="124,132,18,59,127,112,55,109,135,54,23,58,16" hai3="115,11,126,50,133,105,113,33,114,87,6,8,41"/><V119/><F112/><UN n0="%6D%75%75%73%61%6E%6D%75" /><W60/><G126/><N who="2" m="48169" /><F119/><W75/><G105/><T46/><D110/><U22/><E39/><V25/><F109/><W24/><G133/><N who="2" m="51273" /><F18/><W45/><G87/><T36/><D36/><U47/><E111/><V10/><F10/><N who="3" m="3627" /><G6/><T94/><D106/><U65/><E4/><V34/><F34/><W134/><G134/><T68/><D68/><U27/><E32/><V19/><F19/><W7/><G7/><T26/><D26/><U122/><E27/><V44/><F44/><W84/><G84/><T1/><D1/><U81/><E47/><V77/><F77/><W95/><G24/><T101/><D74/><U71/><E117/><V104/><F104/><W2/><G75/><T48/><D48/><U108/><E116/><V131/><F131/><W120/><G33/><T79/><REACH who="0" step="1"/><D83/><REACH who="0" ten="204,214,338,234" step="2"/><U3/><E81/><V78/><F78/><W12/><G115/><T0/><D0/><U5/><E3/><V63/><F63/><W66/><G2/><T13/><D13/><U30/><E108/><V103/><F25/><W90/><G114/><T67/><AGARI ba="0,1" hai="46,51,53,56,62,67,79,82,86,94,97,101,128,129" machi="67" ten="30,4000,0" yaku="1,1,0,1,53,1" doraHai="107" doraHaiUra="57" who="0" fromWho="0" sc="204,50,214,-10,338,-20,234,-10" /><INIT seed="3,0,0,0,4,60" ten="254,204,318,224" oya="3" hai0="101,80,6,120,30,118,97,68,83,59,50,12,84" hai1="75,131,112,14,74,39,133,110,99,102,122,103,66" hai2="47,28,44,129,54,81,62,76,116,0,86,21,56" hai3="27,87,48,5,2,70,52,73,85,127,57,111,105"/><W134/><G73/><T117/><D68/><U64/><E112/><V37/><F0/><W35/><G105/><T25/><D120/><U96/><E122/><V61/><F116/><W77/><G70/><T41/><D6/><U11/><E39/><V33/><F33/><W18/><G127/><T36/><D36/><U78/><E110/><V32/><F32/><W107/><G107/><T58/><D12/><U121/><E121/><V71/><F37/><W17/><G111/><T31/><D41/><U43/><E43/><V23/><F129/><W40/><G134/><T38/><D38/><U65/><E131/><V53/><F71/><W126/><G126/><T67/><D50/><U55/><E133/><V26/><F23/><W15/><G2/><T104/><D58/><AGARI ba="0,0" hai="21,26,28,44,47,53,54,56,58,61,62,76,81,86" machi="58" ten="40,2600,0" yaku="9,1,8,1" doraHai="60" who="2" fromWho="0" sc="254,-26,204,0,318,26,224,0" owari="228,2.8,204,-29.6,344,44.4,224,-17.6" /></mjloggm>