<mjloggm ver="2.3"><GO type="225" lobby="0"/><UN n0="%E5%AF%82%E5%AF%9E%E3%82%AE%E3%83%8D%E3%82%B9%E3%83%93%E3%83%BC%E3%83%AB" n1="%E3%82%82%E3%81%90%E3%82%89" n2="%6D%75%75%6D%75%72%61" n3="%E3%81%A6%E3%81%A4%EF%BC%A3" dan="16,17,16,16" rate="2149.21,2140.58,2103.44,2059.32" sx="M,M,F,M"/><TAIKYOKU oya="0"/><INIT seed="0,0,0,3,5,117" ten="250,250,250,250" oya="0" hai0="47,134,111,91,60,132,84,103,115,56,3,127,108" hai1="16,123,93,66,100,31,8,5,75,81,83,125,28" hai2="88,79,17,128,11,59,0,37,121,90,110,21,80" hai3="104,12,106,99,72,131,67,25,76,46,120,26,78"/><T58/><D115/><U135/><E125/><V73/><F110/><N who="0" m="42026" /><D3/><U24/><E135/><N who="0" m="51753" /><D127/><U97/><E31/><V65/><F128/><W118/><G46/><T87/><D103/><U42/><E75/><V38/><F121/><W52/><G67/><N who="0" m="39303" /><D47/><U130/><E130/><V7/><F59/><W22/><G131/><T34/><D34/><U45/><E66/><V29/><F65/><W53/><G118/><T20/><D58/><U74/><E45/><V30/><F30/><W107/><G107/><T49/><D49/><U86/><E28/><V18/><F29/><W96/><G72/><T10/><D10/><U69/><E100/><V44/><F44/><W68/><G68/><T43/><D43/><U126/><E74/><V63/><F63/><W102/><G102/><T94/><D20/><U50/><E69/><V13/><F38/><W82/><G22/><T36/><D84/><U105/><E50/><V85/><F37/><AGARI ba="0,0" hai="36,37,87,91,94" m="39303,51753,42026" machi="37" ten="30,5800,0" yaku="14,1,10,1,20,1" doraHai="117" who="0" fromWho="2" sc="250,58,250,0,250,-58,250,0" /><INIT seed="0,1,0,1,5,57" ten="308,250,192,250" oya="0" hai0="71,93,22,25,55,64,90,9,34,94,129,32,111" hai1="31,58,121,37,120,50,28,92,102,97,122,26,43" hai2="29,5,96,6,88,103,8,15,72,73,20,52,45" hai3="59,109,53,117,13,134,89,65,119,67,132,36,66"/><T85/><D129/><U99/><E37/><V39/><F6/><W23/><G36/><T56/><D111/><U84/><E84/><V77/><F39/><W105/><G105/><T40/><D40/><U61/><E99/><V14/><F77/><W76/><G76/><T0/><D71/><U62/><E31/><V101/><F73/><W68/><G13/><T123/><D64/><U91/><E91/><V11/><F72/><W107/><G23/><T95/><D123/><U113/><E113/><V38/><F38/><W24/><G24/><T16/><D9/><U3/><E3/><V10/><F5/><W12/><G12/><T106/><D106/><U60/><E50/><N who="2" m="28751" /><F29/><W1/><G89/><T44/><D44/><U108/><E43/><V131/><F131/><W110/><G1/><T114/><D0/><U124/><E108/><N who="3" m="41578" /><G68/><T98/><D114/><U70/><E70/><V75/><F75/><W115/><G107/><T100/><REACH who="0" step="1"/><D94/><REACH who="0" ten="298,250,192,250" step="2"/><U125/><REACH who="1" step="1"/><E58/><REACH who="1" ten="298,240,192,250" step="2"/><V87/><F96/><W63/><G115/><T83/><D83/><U33/><AGARI ba="1,2" hai="26,28,33,60,61,62,92,97,102,120,121,122,124,125" machi="33" ten="40,12000,2" yaku="1,1,2,1,0,1,52,3,53,0" doraHai="57" doraHaiUra="126" who="1" fromWho="1" sc="298,-61,240,143,192,-31,250,-31" /><INIT seed="1,0,0,4,3,46" ten="237,383,161,219" oya="1" hai0="25,102,128,87,54,99,75,63,80,98,86,35,124" hai1="42,7,113,76,44,73,101,135,27,50,10,40,58" hai2="3,111,79,90,107,92,116,45,112,55,2,17,117" hai3="125,119,32,132,127,114,18,82,26,12,67,71,20"/><U56/><E113/><V109/><F107/><W69/><G114/><T133/><D133/><U84/><E135/><V33/><F112/><W62/><G132/><T78/><D124/><N who="3" m="47689" /><G119/><T21/><D35/><U11/><E73/><V9/><F33/><W130/><G130/><T29/><D128/><U4/><E101/><V126/><F79/><W77/><G71/><T24/><D24/><U104/><E104/><V115/><F115/><W60/><G60/><T38/><D38/><U13/><E42/><V97/><F126/><W110/><G110/><N who="2" m="41993" /><F17/><W34/><G26/><T123/><D123/><U0/><E27/><V66/><F66/><W1/><G1/><N who="2" m="9" /><F9/><W85/><AGARI ba="0,0" hai="12,18,20,32,34,62,67,69,77,82,85" m="47689" machi="85" ten="30,1100,0" yaku="18,1" doraHai="46" who="3" fromWho="3" sc="237,-3,383,-5,161,-3,219,11" /><INIT seed="2,0,0,0,5,11" ten="234,378,158,230" oya="2" hai0="105,26,12,88,89,64,7,68,62,135,17,0,132" hai1="49,74,124,25,82,102,95,18,69,81,15,114,127" hai2="50,48,134,33,44,63,80,30,84,118,73,103,117" hai3="131,43,107,109,36,39,1,111,122,16,99,112,66"/><V61/><F134/><N who="0" m="51242" /><D105/><U20/><E69/><V96/><F73/><W10/><G122/><T104/><D104/><U37/><E37/><V52/><F33/><W54/><G131/><T79/><D26/><U119/><E119/><V24/><F117/><W70/><G54/><T57/><D79/><U22/><E114/><V46/><F118/><W75/><G75/><T58/><D7/><U14/><E49/><V4/><F4/><N who="3" m="1295" /><G16/><T32/><D0/><U98/><E74/><V100/><F24/><W121/><G121/><T94/><D32/><U6/><E6/><V34/><F34/><W67/><G112/><T77/><D77/><U45/><E45/><V53/><F30/><W19/><G19/><T9/><D89/><U92/><E92/><V133/><F133/><W65/><G70/><T87/><AGARI ba="0,0" hai="9,12,17,57,58,62,64,68,87,88,94" m="51242" machi="87" ten="30,4000,0" yaku="20,1,52,1,54,1" doraHai="11" who="0" fromWho="0" sc="234,40,378,-10,158,-20,230,-10" /><INIT seed="3,0,0,4,0,13" ten="274,368,138,220" oya="3" hai0="86,23,110,54,105,93,62,14,73,111,46,65,27" hai1="51,89,117,35,33,115,59,94,49,58,57,109,28" hai2="70,82,99,15,130,21,98,103,114,104,129,17,68" hai3="69,55,9,81,36,11,39,1,124,76,118,112,126"/><W131/><G118/><T53/><D105/><U22/><E115/><V134/><F114/><W25/><G112/><T47/><D73/><U29/><E117/><V5/><F134/><W31/><G69/><T63/><D14/><U52/><E109/><N who="0" m="41481" /><D86/><U24/><E29/><V125/><F125/><N who="3" m="48235" /><G131/><T100/><D93/><U107/><E107/><V18/><F5/><N who="3" m="1199" /><G11/><T4/><D100/><U88/><E89/><V56/><F129/><W84/><G55/><N who="0" m="21003" /><D4/><U95/><E95/><V64/><F130/><W3/><G3/><T42/><D42/><U61/><E35/><AGARI ba="0,0" hai="25,31,35,36,39,76,81,84" m="1199,48235" machi="35" ten="30,1500,0" yaku="18,1" doraHai="13" who="3" fromWho="1" sc="274,0,368,-15,138,0,220,15" /><INIT seed="3,1,0,3,2,45" ten="274,353,138,235" oya="3" hai0="120,106,54,74,34,92,78,64,21,115,68,113,89" hai1="101,111,38,8,122,29,90,83,1,72,128,116,65" hai2="100,31,127,112,133,103,4,69,109,15,62,56,3" hai3="124,16,10,12,11,9,102,134,17,129,67,13,77"/><W88/><G129/><T53/><D106/><U96/><E122/><V27/><F112/><N who="0" m="43082" /><D34/><U47/><E29/><V2/><F109/><W18/><G134/><T87/><D120/><U81/><E81/><V33/><F133/><W14/><G124/><T60/><D21/><U125/><E65/><V121/><F121/><W26/><G67/><T25/><D25/><U98/><E111/><V71/><F127/><W44/><G26/><T108/><D108/><U24/><E24/><V51/><F71/><W84/><G102/><T42/><D42/><N who="1" m="22999" /><E90/><V52/><F69/><W119/><G119/><T7/><D7/><N who="1" m="1135" /><E125/><V80/><F80/><AGARI ba="1,0" hai="53,54,60,64,68,74,78,80,87,89,92" m="43082" machi="80" ten="30,1000,0" yaku="11,1" doraHai="45" who="0" fromWho="2" sc="274,13,353,0,138,-13,235,0" owari="287,8.7,353,45.3,125,-37.5,235,-16.5" /></mjloggm>