<mjloggm ver="2.3"><GO type="225" lobby="0"/><UN n0="%E3%80%93%E3%81%97%E3%83%BC%E3%82%89%E3%80%93" n1="%E5%A4%9C%E5%85%89%E5%A4%A9%E6%A5%BC" n2="%E6%A0%B9%E5%85%83%E3%81%8B%E3%82%89%E5%90%B9%E3%81%A3%E9%A3%9B%E3%81%B6" n3="%E3%81%B5%E3%81%98%E3%81%8B%E3%81%A4" dan="16,17,17,17" rate="2145.04,2159.97,2162.20,2204.99" sx="M,F,F,M"/><TAIKYOKU oya="0"/><INIT seed="0,0,0,5,5,26" ten="250,250,250,250" oya="0" hai0="7,79,116,81,91,14,30,108,3,84,50,33,28" hai1="85,41,45,2,53,134,36,10,64,123,106,131,40" hai2="20,97,80,13,77,92,88,75,73,70,62,121,48" hai3="60,89,46,31,103,37,71,117,21,1,8,0,29"/><T25/><D116/><U100/><E123/><V42/><F121/><W22/><G117/><T67/><D3/><U52/><E41/><V94/><F75/><W61/><G103/><T78/><D108/><U96/><E131/><V11/><F20/><W124/><G124/><T63/><D30/><N who="3" m="11273" /><G71/><T118/><D118/><U93/><E64/><V32/><F32/><W130/><G37/><T39/><D39/><U27/><E27/><V5/><F62/><N who="3" m="24171" /><G130/><T23/><D50/><U69/><E69/><V133/><F133/><W35/><G35/><T15/><D33/><U65/><E134/><V112/><F112/><W68/><G68/><T120/><D120/><U98/><E65/><V58/><F70/><W82/><G1/><T83/><D7/><U101/><E2/><V132/><F132/><W9/><G46/><T119/><D119/><U129/><E129/><V105/><F105/><W24/><G0/><T115/><D115/><U87/><E10/><N who="3" m="4202" /><G24/><T49/><D49/><U111/><E111/><V47/><F58/><W113/><G113/><T95/><D63/><U57/><E57/><V110/><F110/><W125/><G125/><T17/><D67/><U126/><E126/><V107/><F107/><W72/><G72/><T86/><D17/><U6/><E6/><V104/><F104/><W12/><G12/><T114/><D114/><U4/><E4/><V19/><F5/><W43/><G43/><T55/><D55/><N who="1" m="21067" /><E36/><V128/><F128/><W99/><G99/><AGARI ba="0,0" hai="14,15,23,25,28,78,79,81,83,84,86,91,95,99" machi="99" ten="30,11600,0" yaku="7,1,9,1,8,1,52,1" doraHai="26" who="0" fromWho="3" sc="250,116,250,0,250,0,250,-116" /><INIT seed="0,1,0,1,1,110" ten="366,250,250,134" oya="0" hai0="82,130,105,16,33,56,93,4,121,2,38,112,43" hai1="132,68,88,97,75,62,12,101,78,98,109,49,84" hai2="124,54,127,50,27,72,61,74,116,67,133,125,118" hai3="55,131,14,120,106,107,117,29,26,86,134,37,0"/><T71/><D71/><U96/><E109/><V40/><F27/><W10/><G120/><T11/><D105/><U114/><E75/><V5/><F5/><W76/><G117/><N who="2" m="45161" /><F40/><W35/><G37/><T87/><D33/><U13/><E78/><V103/><F103/><W89/><G134/><T81/><D121/><U99/><E132/><V128/><F133/><W21/><G131/><T111/><D130/><U32/><E32/><V92/><F92/><W25/><G76/><T129/><D129/><U15/><E49/><V122/><F122/><W85/><G55/><T52/><D111/><U47/><E47/><N who="2" m="27999" /><F128/><W102/><G0/><T63/><D43/><U46/><E46/><V7/><F7/><W18/><G102/><T53/><D38/><U31/><E31/><V19/><F19/><W113/><G113/><T90/><D112/><U34/><E34/><V20/><F20/><W22/><G35/><T39/><D39/><U65/><E114/><V41/><F41/><W104/><REACH who="3" step="1"/><G89/><REACH who="3" ten="366,250,250,124" step="2"/><T36/><D36/><U44/><E101/><V70/><AGARI ba="1,1" hai="61,67,70,72,74,124,125,127" m="27999,45161" machi="70" ten="40,2700,0" yaku="18,1,12,1" doraHai="110" who="2" fromWho="2" sc="366,-14,250,-8,250,40,124,-8" /><INIT seed="1,0,0,2,0,110" ten="352,242,290,116" oya="1" hai0="97,14,16,7,11,72,82,57,4,20,10,2,51" hai1="29,131,129,92,0,64,32,102,125,108,76,126,60" hai2="66,39,5,35,46,25,9,103,79,75,95,90,34" hai3="18,89,78,23,43,101,119,77,83,56,3,88,71"/><U128/><E0/><V86/><F66/><W112/><G71/><T133/><D133/><U73/><E108/><V62/><F62/><W99/><G3/><T84/><D72/><U24/><E102/><V124/><F124/><N who="1" m="47721" /><E92/><V8/><F8/><N who="0" m="3114" /><D2/><U26/><E24/><V113/><F113/><W49/><G119/><T107/><D107/><U98/><E98/><V85/><F85/><W117/><G117/><T38/><D97/><U118/><E118/><V87/><F87/><W65/><G78/><N who="0" m="46167" /><D38/><U130/><N who="1" m="32768" /><DORA hai="6" /><U104/><E104/><V63/><F103/><W80/><G112/><T27/><D27/><U33/><E73/><V61/><F25/><W121/><G77/><T116/><D116/><U54/><E76/><V21/><F79/><W12/><G83/><T68/><D68/><N who="1" m="41991" /><E54/><AGARI ba="0,0" hai="4,7,14,16,20,51,54,57" m="46167,3114" machi="54" ten="30,8000,1" yaku="8,1,52,3,54,1" doraHai="110,6" who="0" fromWho="1" sc="352,80,242,-80,290,0,116,0" /><INIT seed="2,0,0,3,3,7" ten="432,162,290,116" oya="2" hai0="119,69,84,95,64,117,75,81,2,41,34,63,20" hai1="127,86,16,50,131,26,17,0,116,99,3,48,59" hai2="49,62,78,18,43,87,108,133,8,56,96,101,30" hai3="68,70,105,31,55,113,21,13,73,11,115,57,60"/><V104/><F133/><W33/><G105/><T77/><D34/><U10/><E116/><N who="0" m="44617" /><D2/><U6/><E127/><V98/><F108/><W112/><G73/><T22/><D41/><U39/><E39/><V82/><F30/><W15/><G33/><T37/><D37/><U1/><E131/><V54/><F98/><W66/><G66/><T5/><D5/><U111/><E111/><V107/><F107/><W126/><G126/><T118/><D118/><U74/><E74/><V90/><F78/><W72/><G72/><T125/><D125/><U132/><E132/><V51/><REACH who="2" step="1"/><F43/><REACH who="2" ten="432,162,280,116" step="2"/><W14/><G31/><T29/><D29/><U23/><E99/><V28/><F28/><W83/><G21/><T130/><D130/><U67/><E23/><V65/><F65/><W71/><REACH who="3" step="1"/><G83/><REACH who="3" ten="432,162,280,106" step="2"/><N who="0" m="45503" /><D95/><U100/><E67/><V42/><F42/><W44/><G44/><T9/><D22/><U93/><E93/><V85/><F85/><W19/><AGARI ba="0,2" hai="11,13,14,15,19,55,57,60,68,70,71,112,113,115" machi="19" ten="40,8000,1" yaku="1,1,0,1,11,1,52,1,53,0" doraHai="7" doraHaiUra="32" who="3" fromWho="3" sc="432,-20,162,-20,280,-40,106,100" /><INIT seed="3,0,0,0,2,57" ten="412,142,240,206" oya="3" hai0="56,127,39,135,5,59,22,84,61,60,23,121,24" hai1="130,65,21,75,119,12,34,62,17,9,37,70,81" hai2="10,85,115,31,116,25,49,58,109,7,15,131,79" hai3="114,6,101,120,128,19,92,132,28,55,134,44,117"/><W113/><G117/><T122/><D39/><U66/><E34/><V99/><F109/><W38/><G6/><T123/><D5/><U40/><E119/><V110/><F110/><W93/><G28/><T14/><D14/><U41/><E130/><V13/><F115/><W4/><G4/><T78/><D135/><U108/><E108/><V118/><F13/><W89/><G120/><T35/><D35/><U86/><E75/><V47/><F58/><W52/><G128/><T98/><D127/><U76/><E37/><V63/><F63/><W26/><G101/><T51/><D51/><U1/><E1/><V45/><F45/><W74/><G74/><T53/><D98/><U106/><E106/><V107/><F99/><W30/><G19/><T18/><D23/><U71/><E9/><V87/><F87/><W91/><G38/><T100/><D100/><U64/><E64/><V82/><F107/><W125/><G125/><T42/><D42/><U8/><E21/><N who="2" m="15791" /><F131/><W33/><G114/><T27/><D27/><U68/><E68/><V3/><F3/><W50/><G113/><T69/><D78/><U94/><E94/><V102/><F102/><W67/><G93/><T129/><D18/><U96/><E96/><V16/><F16/><W77/><G92/><T80/><D53/><U0/><E0/><V20/><F20/><N who="3" m="15687" /><G134/><T90/><D122/><U88/><E76/><V95/><F95/><W46/><G77/><T36/><D123/><U2/><E2/><V48/><F116/><W43/><G33/><T29/><D121/><U104/><E104/><V124/><F118/><RYUUKYOKU ba="0,0" sc="412,-10,142,30,240,-10,206,-10" hai1="8,12,17,40,41,62,65,66,70,71,81,86,88" owari="402,50.2,172,-32.8,230,3.0,196,-20.4" /></mjloggm>