<mjloggm ver="2.3"><GO type="225" lobby="0"/><UN n0="%E6%9D%B1%E9%A2%A8%E3%81%AE%E3%81%8D%E3%82%83%E3%81%B7%E3%81%95%E3%82%93" n1="%E3%80%93%E3%81%97%E3%83%BC%E3%82%89%E3%80%93" n2="%E3%81%B5%E3%81%98%E3%81%8B%E3%81%A4" n3="%72%69%6F%75%63%68%61%6E" dan="17,16,16,16" rate="2252.12,2080.57,2145.02,2136.38" sx="M,M,M,M"/><TAIKYOKU oya="0"/><INIT seed="0,0,0,5,2,134" ten="250,250,250,250" oya="0" hai0="97,39,118,67,99,57,6,44,59,41,43,12,48" hai1="60,5,123,84,87,4,0,93,98,64,56,21,103" hai2="11,40,122,107,38,35,129,33,126,124,96,36,70" hai3="86,42,82,50,104,113,108,120,100,71,61,114,31"/><T74/><D74/><U83/><E123/><V116/><F122/><W132/><G120/><T72/><D72/><U62/><E0/><V20/><F116/><W109/><G132/><T95/><D118/><U69/><E84/><V110/><F110/><N who="3" m="42603" /><G31/><T13/><D6/><U80/><E80/><V23/><F129/><W135/><G135/><T14/><D99/><U101/><E101/><N who="2" m="62887" /><F70/><W10/><G10/><T63/><D39/><N who="2" m="14890" /><F40/><W15/><G15/><T30/><D30/><U117/><E117/><V119/><F119/><W73/><G73/><T81/><D81/><U55/><REACH who="1" step="1"/><E21/><REACH who="1" ten="250,240,250,250" step="2"/><N who="2" m="8267" /><F11/><W28/><G100/><T88/><REACH who="0" step="1"/><D41/><REACH who="0" ten="240,240,250,250" step="2"/><U115/><E115/><V130/><F130/><W19/><G42/><T34/><D34/><U77/><AGARI ba="0,2" hai="4,5,55,56,60,62,64,69,77,83,87,93,98,103" machi="77" ten="20,2700,0" yaku="1,1,0,1,7,1,53,0" doraHai="134" doraHaiUra="85" who="1" fromWho="1" sc="240,-13,240,47,250,-7,250,-7" /><INIT seed="1,0,0,3,1,55" ten="227,287,243,243" oya="1" hai0="32,43,130,95,26,59,112,104,51,83,86,75,14" hai1="38,117,35,36,93,24,48,111,129,115,69,62,73" hai2="81,23,80,52,122,126,119,84,106,19,123,39,79" hai3="67,31,97,50,121,58,113,33,11,66,105,4,63"/><U70/><E73/><V46/><F119/><W118/><G121/><T40/><D104/><U42/><E117/><V98/><F126/><W102/><G113/><T28/><D130/><U128/><E93/><V78/><F106/><W103/><G118/><T120/><D112/><U27/><E35/><V3/><F98/><W41/><G103/><T37/><D120/><U135/><E115/><V0/><F123/><W100/><G102/><T99/><D75/><U7/><E7/><V132/><F132/><W92/><G105/><T90/><D14/><U108/><E24/><V110/><F110/><N who="1" m="42025" /><E27/><V76/><F122/><W13/><G33/><T20/><D32/><U74/><E74/><V124/><F124/><W87/><G87/><T8/><D8/><U45/><E135/><V60/><F39/><N who="1" m="14889" /><E62/><V88/><F0/><W53/><G31/><T64/><D37/><U5/><E5/><V107/><F107/><W56/><G41/><T10/><D10/><U72/><E72/><V133/><F133/><W127/><G127/><T85/><D85/><U89/><E89/><V101/><F3/><W34/><G34/><T47/><D40/><U65/><E65/><AGARI ba="0,0" hai="4,11,13,50,53,56,58,63,65,66,67,92,97,100" machi="65" ten="30,7700,0" yaku="7,1,8,1,52,2" doraHai="55" who="3" fromWho="1" sc="227,0,287,-77,243,0,243,77" /><INIT seed="2,0,0,4,4,2" ten="227,210,243,320" oya="2" hai0="0,100,83,113,84,16,33,97,105,115,71,36,4" hai1="135,76,21,70,86,122,88,27,14,41,75,125,116" hai2="73,47,6,22,18,30,62,44,9,96,103,91,35" hai3="29,129,53,59,132,60,26,40,119,128,99,13,134"/><V34/><F73/><W57/><G119/><T48/><D36/><U52/><E70/><V85/><F30/><W12/><G40/><T37/><D37/><U38/><E116/><V123/><F62/><N who="3" m="36143" /><G99/><T31/><D71/><U67/><E67/><V127/><F35/><N who="3" m="20919" /><G12/><T28/><D33/><U55/><E122/><V54/><F54/><N who="1" m="20521" /><E38/><V49/><F34/><W69/><G69/><T20/><D48/><U63/><E75/><V108/><F123/><W58/><G13/><T24/><D31/><N who="1" m="17903" /><E125/><V101/><F49/><W104/><G104/><T117/><D28/><U72/><E72/><V92/><F127/><W68/><G68/><T50/><D50/><U5/><E135/><N who="3" m="51754" /><G60/><T61/><D61/><U89/><E63/><V51/><F51/><W64/><G64/><T8/><REACH who="0" step="1"/><D117/><REACH who="0" ten="217,210,243,320" step="2"/><U112/><E112/><V98/><F44/><W81/><G58/><T79/><AGARI ba="0,1" hai="0,4,8,16,20,24,79,83,84,97,100,105,113,115" machi="79" ten="20,12000,2" yaku="1,1,2,1,0,1,7,1,52,1,54,1,53,1" doraHai="2" doraHaiUra="93" who="0" fromWho="0" sc="217,130,210,-30,243,-60,320,-30" /><INIT seed="3,0,0,5,1,103" ten="347,180,183,290" oya="3" hai0="30,17,85,115,73,7,122,110,1,41,9,74,112" hai1="67,113,79,94,56,77,48,108,129,39,76,91,128" hai2="2,93,33,32,22,52,133,57,58,86,131,89,118" hai3="12,69,123,135,51,43,125,96,64,81,92,16,15"/><W8/><G123/><T54/><D122/><U19/><E39/><V99/><F118/><W11/><G125/><T21/><D41/><U60/><E113/><N who="0" m="43593" /><D110/><U53/><E108/><V18/><F133/><W75/><G135/><T47/><D85/><U83/><E19/><V82/><F2/><W88/><G75/><T34/><D30/><U127/><E127/><V130/><F58/><W72/><G72/><T117/><D34/><U10/><E10/><V105/><F105/><W35/><G35/><T106/><D106/><U36/><E36/><V3/><F3/><W84/><G69/><T6/><D6/><U63/><E83/><V120/><F120/><W121/><G121/><T20/><D20/><U49/><E49/><V62/><F131/><N who="1" m="50249" /><E67/><V66/><F66/><W61/><G51/><N who="0" m="29055" /><D117/><U111/><E111/><V26/><F130/><W102/><G43/><T31/><D31/><U28/><E28/><V104/><F104/><W24/><G24/><AGARI ba="0,0" hai="1,7,9,17,21,24,73,74" m="29055,43593" machi="24" ten="30,1000,0" yaku="11,1" doraHai="103" who="0" fromWho="3" sc="347,10,180,0,183,0,290,-10" owari="357,45.7,180,-32.0,183,-21.7,280,8.0" /></mjloggm>