<mjloggm ver="2.3"><GO type="225" lobby="0"/><UN n0="%33%74%72%65%65" n1="%E3%81%A4%E3%81%A3%E3%81%B1%E3%82%8A%E3%83%9D%E3%83%BC%E3%83%AB" n2="%61%6D%65%6B%69" n3="%E6%98%BC%E4%B8%8B%E3%81%8C%E3%82%8A%E3%81%AE%E5%9B%A3%E5%9C%B0%E5%A6%BB" dan="16,17,16,16" rate="2125.46,2229.88,2099.64,2162.38" sx="F,M,M,F"/><TAIKYOKU oya="0"/><INIT seed="0,0,0,4,3,109" ten="250,250,250,250" oya="0" hai0="132,12,17,56,92,66,63,77,50,100,52,124,78" hai1="44,65,68,38,3,27,16,102,45,91,46,130,0" hai2="62,26,25,53,73,43,67,101,103,115,82,110,6" hai3="19,22,34,122,1,94,123,89,80,90,76,105,64"/><T33/><D132/><U119/><E119/><V99/><F103/><W35/><G105/><T114/><D124/><U120/><E120/><N who="3" m="46122" /><G64/><T112/><D33/><N who="3" m="12297" /><G94/><T104/><D104/><U30/><E130/><V93/><F110/><W133/><G1/><T60/><D60/><U48/><E38/><V126/><F126/><W9/><G9/><T37/><D37/><U84/><E102/><V75/><F82/><W31/><G31/><T24/><D24/><U15/><E65/><V11/><F67/><W5/><G5/><T29/><D29/><U59/><E0/><V81/><F81/><W135/><G135/><T106/><D106/><U86/><E3/><V121/><F121/><W87/><G133/><T36/><D36/><U21/><E68/><V72/><F11/><W128/><G128/><T79/><D92/><U18/><E18/><V8/><F8/><W131/><G131/><T108/><D100/><U129/><E129/><V42/><F6/><W118/><G118/><T88/><D108/><U85/><E30/><V61/><F26/><AGARI ba="0,0" hai="19,22,26,76,80,87,89,90" m="12297,46122" machi="26" ten="30,1000,0" yaku="13,1" doraHai="109" who="3" fromWho="2" sc="250,0,250,0,250,-10,250,10" /><INIT seed="1,0,0,1,5,89" ten="250,250,240,260" oya="1" hai0="83,45,21,68,0,86,79,5,24,74,103,130,62" hai1="75,85,50,52,55,15,77,118,128,67,69,12,31" hai2="126,94,121,49,71,40,92,81,90,60,18,127,44" hai3="110,35,32,113,88,1,56,84,101,26,129,122,64"/><U39/><E39/><V48/><F121/><W73/><G122/><T99/><D130/><U61/><E118/><V123/><F123/><W80/><G113/><T6/><D45/><U100/><E128/><V38/><F18/><W96/><G1/><T16/><D0/><U11/><E75/><V17/><F17/><W104/><G129/><T30/><D74/><U109/><E109/><V72/><F71/><W57/><G110/><T125/><D125/><N who="2" m="47626" /><F60/><W7/><G7/><T2/><D2/><U19/><E31/><V133/><F133/><W107/><G107/><T95/><REACH who="0" step="1"/><D30/><REACH who="0" ten="240,250,240,260" step="2"/><U53/><E12/><V42/><F38/><W93/><G26/><T102/><D102/><U4/><E100/><V46/><F90/><W82/><G73/><T37/><D37/><U36/><E36/><V10/><F10/><W66/><G101/><T98/><D98/><U91/><E77/><AGARI ba="0,1" hai="40,42,44,46,48,49,72,77,81,92,94" m="47626" machi="77" ten="30,3900,0" yaku="18,1,52,2" doraHai="89" who="2" fromWho="1" sc="240,0,250,-39,240,49,260,0" /><INIT seed="2,0,0,0,1,6" ten="240,211,289,260" oya="2" hai0="58,60,92,16,125,18,64,69,71,49,131,13,108" hai1="78,68,4,124,75,5,20,82,10,107,81,72,90" hai2="98,57,113,51,116,62,25,30,41,37,85,23,70" hai3="110,34,53,83,45,46,35,9,94,112,122,29,115"/><V123/><F113/><N who="3" m="43595" /><G122/><T135/><D108/><U36/><E107/><V2/><F2/><W88/><G110/><T121/><D121/><U43/><E68/><V67/><F67/><W66/><BYE who="2" /><G66/><T97/><D135/><U120/><E120/><UN n2="%61%6D%65%6B%69" /><V130/><F116/><W52/><G83/><T133/><D133/><U21/><E124/><V73/><F73/><W61/><G9/><T15/><D125/><U93/><E5/><V128/><F123/><W74/><G74/><T103/><D131/><N who="2" m="50218" /><F85/><N who="3" m="52495" /><G29/><T63/><D69/><U96/><E82/><V132/><F132/><W127/><G127/><T19/><REACH who="0" step="1"/><D49/><REACH who="0" ten="230,211,289,260" step="2"/><U86/><E75/><V105/><F70/><W77/><G77/><T109/><D109/><U3/><E86/><V7/><F51/><N who="3" m="28783" /><G61/><T44/><D44/><AGARI ba="0,1" hai="3,4,10,20,21,36,43,44,72,78,81,90,93,96" machi="44" ten="40,5200,0" yaku="25,2,52,1" doraHai="6" who="1" fromWho="0" sc="230,-52,211,62,289,0,260,0" /><INIT seed="3,0,0,3,3,25" ten="178,273,289,260" oya="3" hai0="71,76,128,52,37,133,14,67,17,9,89,88,95" hai1="106,68,66,0,6,28,61,43,113,92,55,108,125" hai2="27,39,97,105,22,78,73,60,40,121,127,32,57" hai3="7,45,116,102,72,10,101,20,31,59,56,86,30"/><W26/><G72/><T107/><D128/><U132/><E113/><V109/><F32/><W2/><G116/><T8/><D133/><U5/><E106/><V23/><F23/><W90/><G45/><T100/><D37/><U112/><E112/><V115/><F115/><W104/><G31/><T114/><D114/><U38/><E132/><V122/><F109/><W84/><G84/><T82/><D107/><U93/><E108/><V103/><F127/><W81/><REACH who="3" step="1"/><G101/><REACH who="3" ten="178,273,289,250" step="2"/><T135/><D135/><U53/><E28/><N who="2" m="17527" /><F73/><W94/><G94/><T16/><D100/><U24/><E92/><V11/><F39/><W15/><G15/><N who="0" m="7271" /><D95/><U21/><E93/><V62/><F40/><W85/><G85/><N who="0" m="48327" /><D71/><U130/><E68/><V119/><F119/><W126/><G126/><T36/><D36/><U124/><E38/><V69/><F69/><W65/><G65/><T74/><D74/><U58/><E66/><V44/><F103/><W70/><G70/><T12/><D67/><U49/><E124/><V46/><F105/><W19/><G19/><N who="0" m="8591" /><D52/><U29/><E55/><V96/><F122/><W47/><G47/><T33/><D33/><U117/><E125/><V50/><F121/><W48/><G48/><T64/><D64/><U13/><E117/><V129/><F46/><W3/><G3/><T34/><D34/><U98/><E0/><V4/><F44/><W35/><G35/><T83/><D83/><U54/><E54/><N who="2" m="31959" /><F129/><W63/><G63/><N who="2" m="24105" /><F78/><W77/><G77/><T134/><D134/><U42/><E53/><V118/><F118/><W131/><G131/><T91/><D14/><AGARI ba="0,1" hai="4,11,14,96,97" m="24105,31959,17527" machi="14" ten="30,3900,0" yaku="6,1,8,1,52,1" doraHai="25" who="2" fromWho="0" sc="178,-39,273,0,289,49,250,0" owari="139,-36.1,273,7.3,338,43.8,250,-15.0" /></mjloggm>