<mjloggm ver="2.3"><GO type="225" lobby="0"/><UN n0="%E9%80%9F%E6%B0%B4%E5%87%9B%E9%A6%99" n1="%E5%AE%AE%E4%BF%9D%E9%B6%8F%E8%82%89" n2="%E3%83%A1%E3%82%AC%E3%83%87%E3%82%B8" n3="%6B%79%6F%6E%6B%6F%31%31" dan="16,16,16,17" rate="2161.93,2111.12,2116.38,2202.68" sx="F,M,F,M"/><TAIKYOKU oya="0"/><INIT seed="0,0,0,4,4,105" ten="250,250,250,250" oya="0" hai0="23,135,16,6,85,71,39,125,67,112,29,10,106" hai1="109,79,118,77,21,100,65,44,78,129,0,38,66" hai2="94,8,102,15,46,13,96,59,42,130,70,5,56" hai3="11,4,41,126,121,47,51,80,117,116,69,18,1"/><T99/><D112/><U119/><E0/><V81/><F130/><W123/><G69/><T52/><D39/><U55/><E129/><V31/><F70/><W32/><G32/><T45/><D29/><U87/><E109/><V73/><F31/><W22/><G126/><T63/><D125/><U134/><E134/><V48/><REACH who="2" step="1"/><F15/><REACH who="2" ten="250,250,240,250" step="2"/><W12/><REACH who="3" step="1"/><G80/><REACH who="3" ten="250,250,240,240" step="2"/><T133/><D133/><U104/><E118/><AGARI ba="0,2" hai="1,4,11,12,18,22,41,47,51,116,117,118,121,123" machi="118" ten="40,2600,0" yaku="1,1,2,1,53,0" doraHai="105" doraHaiUra="26" who="3" fromWho="1" sc="250,0,250,-26,240,0,240,46" /><INIT seed="1,0,0,5,0,118" ten="250,224,240,286" oya="1" hai0="58,88,77,81,54,130,83,35,25,67,33,3,75" hai1="34,133,39,121,6,80,42,5,91,96,109,20,126" hai2="87,114,26,115,18,112,103,71,9,132,27,94,46" hai3="135,102,122,16,23,0,95,129,117,49,38,86,4"/><U15/><E34/><V106/><F71/><W11/><G38/><T48/><D3/><U57/><E121/><V69/><F69/><W31/><G117/><T28/><D130/><U113/><E113/><V21/><F132/><W85/><G122/><T124/><D124/><U90/><E126/><V78/><F9/><W98/><G129/><T66/><REACH who="0" step="1"/><D33/><REACH who="0" ten="240,224,240,286" step="2"/><U93/><E133/><V111/><F114/><W44/><G135/><T36/><D36/><U53/><E39/><V1/><F1/><W74/><G74/><T108/><D108/><U55/><E109/><V119/><F111/><W68/><G31/><T62/><D62/><U19/><E42/><V100/><F115/><W99/><G68/><T43/><D43/><U29/><E29/><V123/><F112/><W32/><G32/><T56/><D56/><U110/><E110/><V131/><F131/><W37/><G37/><T89/><D89/><U101/><E55/><V45/><F119/><W2/><G2/><T30/><D30/><U17/><E17/><V59/><F18/><W105/><G49/><T97/><D97/><U127/><E127/><V61/><F61/><W47/><G47/><T116/><D116/><U107/><E91/><V72/><F46/><W76/><G44/><T51/><D51/><N who="1" m="30911" /><E107/><V79/><F45/><W52/><G52/><T50/><D50/><U40/><E40/><V82/><F72/><W65/><G65/><T84/><AGARI ba="0,1" hai="25,28,35,48,54,58,66,67,75,77,81,83,84,88" machi="84" ten="30,4000,0" yaku="1,1,0,1,54,1,53,0" doraHai="118" doraHaiUra="41" who="0" fromWho="0" sc="240,50,224,-20,240,-10,286,-10" /><INIT seed="2,0,0,0,0,18" ten="290,204,230,276" oya="2" hai0="82,115,77,127,51,96,66,67,59,117,126,27,128" hai1="132,104,56,49,99,111,13,62,43,134,33,70,25" hai2="120,4,7,125,60,22,63,14,113,129,124,28,122" hai3="131,95,110,39,6,93,118,64,100,91,42,75,40"/><V44/><F44/><W34/><G118/><T2/><D2/><U5/><E111/><V119/><F119/><W88/><G34/><T80/><D115/><U10/><E70/><V79/><F79/><W108/><G75/><T101/><D117/><U9/><E9/><N who="2" m="4391" /><F63/><W106/><G64/><T68/><D68/><U112/><E112/><V21/><F60/><W73/><G73/><T48/><D128/><U78/><E78/><V17/><F7/><W71/><G6/><T46/><D77/><U84/><E84/><V32/><F113/><W26/><G71/><T103/><D59/><U72/><E72/><V3/><F3/><W105/><G39/><T133/><D46/><N who="1" m="25823" /><E104/><V74/><F74/><W109/><G131/><T98/><REACH who="0" step="1"/><D27/><REACH who="0" ten="280,204,230,276" step="2"/><U47/><E47/><V107/><F129/><W97/><G26/><T8/><D8/><U30/><E56/><V135/><F122/><W1/><G1/><T121/><D121/><U0/><E0/><V83/><F120/><W55/><G110/><T116/><D116/><U20/><E132/><AGARI ba="0,1" hai="48,51,66,67,80,82,96,98,101,103,126,127,132,133" machi="132" ten="25,3200,0" yaku="1,1,22,2,53,0" doraHai="18" doraHaiUra="86" who="0" fromWho="1" sc="280,42,204,-32,230,0,276,0" /><INIT seed="3,0,0,3,5,81" ten="322,172,230,276" oya="3" hai0="94,117,92,63,45,134,24,99,108,103,122,49,5" hai1="23,56,93,129,112,133,87,114,79,12,104,13,77" hai2="11,32,120,105,20,91,28,58,27,46,38,4,51" hai3="2,82,31,41,113,48,61,52,40,72,59,17,95"/><W125/><G113/><N who="1" m="43626" /><E23/><V53/><F105/><W55/><G2/><T135/><D122/><U71/><E56/><V60/><F120/><W54/><G125/><T131/><D117/><U96/><E71/><V128/><F128/><W36/><G31/><T124/><D124/><U75/><E12/><V16/><F38/><W101/><G36/><T10/><D24/><U123/><E13/><V29/><F32/><W73/><G73/><T111/><D63/><U34/><E34/><V70/><F70/><W66/><G72/><T33/><D94/><U127/><E123/><V106/><F106/><W98/><G82/><T90/><D103/><N who="1" m="62567" /><E127/><V6/><F91/><W50/><G17/><T88/><D90/><N who="1" m="53471" /><E129/><V130/><F130/><W132/><G132/><N who="0" m="50731" /><D33/><U25/><E25/><V42/><REACH who="2" step="1"/><F4/><REACH who="2" ten="322,172,220,276" step="2"/><W126/><G126/><T65/><D131/><U119/><E133/><V80/><F80/><W1/><G1/><AGARI ba="0,1" hai="1,6,11,16,20,27,28,29,42,46,51,53,58,60" machi="1" ten="30,7700,0" yaku="1,1,7,1,54,1,53,1" doraHai="81" doraHaiUra="19" who="2" fromWho="3" sc="322,0,172,0,220,87,276,-77" owari="322,42.2,172,-32.8,307,10.7,199,-20.1" /></mjloggm>