<mjloggm ver="2.3"><GO type="225" lobby="0"/><UN n0="%E3%83%A9%E3%83%BC%E3%83%A1%E3%83%B3%E4%BA%94%E9%83%8E" n1="%E3%81%B5%E3%81%98%E3%81%8B%E3%81%A4" n2="%E3%81%A9%E3%82%8F%E3%82%93%E3%81%94" n3="%E3%81%A8%E3%82%93%E3%81%A8%E3%81%93%E3%81%A8%E3%82%93" dan="16,16,16,16" rate="2060.40,2205.03,2109.66,2116.67" sx="M,M,M,F"/><TAIKYOKU oya="0"/><INIT seed="0,0,0,0,2,14" ten="250,250,250,250" oya="0" hai0="30,127,53,16,113,21,111,36,118,90,81,108,40" hai1="19,22,89,49,130,73,13,98,82,99,133,39,63" hai2="61,4,123,20,10,104,26,105,46,5,23,32,132" hai3="128,7,79,67,57,96,102,114,116,101,41,78,12"/><T107/><D113/><U70/><E133/><V0/><F61/><W65/><G116/><T117/><D127/><U76/><E39/><V51/><F123/><W86/><G114/><T106/><D30/><U28/><E130/><V2/><F132/><W83/><G128/><T74/><D53/><U121/><E121/><V58/><F58/><W33/><G33/><T72/><D40/><U131/><E131/><V71/><F71/><W37/><G37/><T119/><D36/><U31/><E49/><V85/><F85/><W126/><G126/><T92/><D106/><U80/><E99/><V3/><F32/><W95/><G41/><T69/><D107/><U45/><E45/><V18/><F23/><W47/><G47/><T6/><D6/><U94/><REACH who="1" step="1"/><E82/><REACH who="1" ten="250,240,250,250" step="2"/><V134/><F134/><W1/><G83/><T124/><D124/><U44/><E44/><V43/><F2/><W62/><G1/><T35/><D81/><U87/><E87/><V66/><F66/><AGARI ba="0,1" hai="13,19,22,28,31,63,66,70,73,76,80,89,94,98" machi="66" ten="40,5200,0" yaku="1,1,52,1,53,1" doraHai="14" doraHaiUra="84" who="1" fromWho="2" sc="250,0,240,62,250,-52,250,0" /><INIT seed="1,0,0,5,2,59" ten="250,302,198,250" oya="1" hai0="9,41,17,2,124,82,40,99,25,6,127,83,113" hai1="63,94,132,110,39,55,43,116,5,102,71,44,126" hai2="31,54,72,50,131,65,79,92,68,86,1,10,56" hai3="8,21,52,51,3,67,89,73,91,66,114,125,111"/><U107/><E116/><V23/><F131/><W48/><G114/><T69/><D113/><U18/><E126/><N who="0" m="48169" /><D69/><U108/><E132/><V81/><F1/><W75/><G125/><T14/><D25/><U47/><E5/><V129/><F129/><W90/><G111/><N who="1" m="42538" /><E107/><V115/><F10/><W117/><G117/><T13/><D99/><N who="1" m="59767" /><E18/><V85/><F92/><W98/><G98/><T45/><D2/><U24/><E24/><V122/><F122/><W4/><G21/><N who="0" m="11439" /><D40/><U62/><E71/><V33/><F115/><W109/><G109/><T38/><AGARI ba="0,0" hai="6,9,14,38,41,45,82,83" m="11439,48169" machi="38" ten="30,1100,0" yaku="18,1" doraHai="59" who="0" fromWho="0" sc="250,11,302,-5,198,-3,250,-3" /><INIT seed="2,0,0,3,5,80" ten="261,297,195,247" oya="2" hai0="99,10,73,109,0,47,107,95,13,66,49,55,105" hai1="64,90,14,59,58,2,11,26,124,86,70,108,32" hai2="36,104,114,130,34,27,23,75,5,56,100,129,7" hai3="120,57,35,103,41,94,83,116,25,65,21,119,1"/><V68/><F114/><W102/><G120/><T28/><D109/><U132/><E108/><V53/><F68/><W125/><G35/><T71/><D73/><U51/><E2/><V126/><F34/><W37/><G1/><T127/><D0/><U42/><E124/><V52/><F75/><W31/><G125/><T19/><D127/><U113/><E132/><V54/><F36/><W18/><G37/><T48/><D48/><U67/><E113/><V50/><F126/><W46/><G83/><T40/><D40/><U30/><E70/><V131/><F100/><W76/><G76/><T87/><D28/><U84/><E42/><V44/><F104/><W43/><G116/><T22/><D10/><U115/><E115/><V63/><REACH who="2" step="1"/><F54/><REACH who="2" ten="261,297,185,247" step="2"/><W110/><G119/><T97/><D105/><U118/><E32/><V122/><F122/><W60/><G110/><T88/><D107/><U74/><E74/><V98/><F98/><N who="0" m="37386" /><D71/><U91/><E118/><V85/><F85/><N who="1" m="32873" /><E64/><AGARI ba="0,1" hai="13,19,22,47,49,55,64,66,87,88,95" m="37386" machi="64" ten="30,3900,0" yaku="8,1,52,1,54,1" doraHai="80" who="0" fromWho="1" sc="261,49,297,-39,185,0,247,0" /><INIT seed="3,0,0,4,1,10" ten="310,258,185,247" oya="3" hai0="1,19,104,125,113,29,11,44,88,83,79,116,46" hai1="25,52,70,13,124,4,129,56,132,77,98,114,72" hai2="5,68,67,54,87,39,30,86,76,60,71,106,109" hai3="34,42,99,121,91,131,21,130,134,38,100,66,126"/><W35/><G121/><T36/><D116/><U81/><E114/><V120/><F109/><W0/><G0/><T128/><D113/><U51/><E124/><V57/><F120/><W18/><G66/><T16/><D125/><U85/><E132/><V31/><F106/><W8/><G8/><T40/><D104/><U69/><E129/><N who="3" m="49162" /><G91/><T14/><D128/><U89/><E98/><V2/><F71/><W105/><G134/><T74/><D29/><U102/><E102/><V50/><F2/><W75/><G75/><T95/><D46/><U33/><E33/><N who="3" m="12298" /><G126/><T84/><D1/><U12/><E70/><V23/><F5/><AGARI ba="0,0" hai="5,11,14,16,19,36,40,44,74,79,83,84,88,95" machi="5" ten="30,7700,0" yaku="7,1,52,1,54,2" doraHai="10" who="0" fromWho="2" sc="310,77,258,0,185,-77,247,0" owari="387,48.7,258,5.8,108,-39.2,247,-15.3" /></mjloggm>