<mjloggm ver="2.3"><GO type="225" lobby="0"/><UN n0="%E5%B8%86%E7%AB%8B%E5%A4%8F%E8%A1%A3" n1="%E3%82%AD%E3%83%B3%E3%82%B0%E3%81%82%E3%81%A4%E3%81%97" n2="%E3%81%A8%E3%82%93%E3%81%A8%E3%81%93%E3%81%A8%E3%82%93" n3="%6D%75%75%6D%75%72%61" dan="16,17,16,17" rate="2132.35,2180.39,2073.24,2195.65" sx="M,M,M,F"/><TAIKYOKU oya="0"/><INIT seed="0,0,0,4,1,72" ten="250,250,250,250" oya="0" hai0="27,118,0,23,64,91,3,33,75,107,4,114,109" hai1="130,81,22,12,135,17,32,15,43,44,89,79,124" hai2="99,93,96,100,78,110,34,13,60,126,97,73,102" hai3="24,104,55,122,101,123,50,49,80,21,103,47,83"/><T40/><D114/><U71/><E32/><V28/><F34/><W68/><G68/><T113/><D113/><U48/><E71/><V128/><F28/><W31/><G49/><T105/><D118/><U116/><E116/><V9/><F110/><W8/><G8/><T106/><D40/><U85/><E124/><V129/><F60/><W92/><G104/><T19/><D64/><U26/><E130/><N who="2" m="50283" /><F126/><W119/><G119/><T36/><D36/><U16/><E135/><V29/><F29/><W115/><G115/><T95/><D33/><U121/><E121/><N who="3" m="46090" /><G92/><T25/><D109/><U111/><E111/><V108/><F108/><W11/><G11/><T134/><D134/><U35/><E35/><V45/><F45/><W87/><G83/><T42/><D42/><U120/><E120/><V57/><F57/><W132/><G132/><T10/><D3/><U52/><E43/><V58/><F58/><W84/><G84/><T2/><D75/><U82/><E17/><N who="2" m="8367" /><F93/><W90/><AGARI ba="0,0" hai="21,24,31,47,50,55,80,87,90,101,103" m="46090" machi="90" ten="30,1100,0" yaku="13,1" doraHai="72" who="3" fromWho="3" sc="250,-5,250,-3,250,-3,250,11" /><INIT seed="1,0,0,0,0,124" ten="245,247,247,261" oya="1" hai0="67,54,128,33,15,111,98,119,102,93,72,13,85" hai1="108,28,26,78,131,61,50,2,97,134,123,36,60" hai2="69,92,7,27,4,44,68,110,34,88,133,86,83" hai3="84,43,39,22,91,49,125,94,11,73,17,63,5"/><U55/><E123/><V117/><F117/><W87/><G125/><T19/><D119/><U6/><E36/><V132/><F110/><W18/><G73/><T31/><D72/><U41/><E41/><V114/><F114/><W45/><G39/><T51/><D111/><U66/><E134/><N who="2" m="51819" /><F44/><W16/><G63/><T80/><D128/><U20/><E108/><V8/><F4/><W113/><G113/><T104/><D104/><U52/><E131/><V46/><F46/><W81/><G22/><T100/><D33/><U77/><E6/><V29/><F92/><W99/><REACH who="3" step="1"/><G81/><REACH who="3" ten="245,247,247,251" step="2"/><T59/><D67/><U112/><E61/><V9/><F8/><W48/><G48/><T106/><D51/><U24/><E60/><V30/><F29/><W121/><G121/><T35/><D31/><U101/><E112/><V53/><F53/><W90/><G90/><T126/><D54/><U23/><E50/><V10/><F9/><W3/><AGARI ba="0,1" hai="3,5,11,16,17,18,43,45,49,84,87,91,94,99" machi="3" ten="30,4000,0" yaku="1,1,0,1,54,1,53,0" doraHai="124" doraHaiUra="107" who="3" fromWho="3" sc="245,-10,247,-20,247,-10,251,50" /><INIT seed="2,0,0,5,3,125" ten="235,227,237,301" oya="2" hai0="112,99,55,0,75,68,25,69,124,35,39,60,61" hai1="111,115,62,65,9,127,71,121,23,56,131,7,128" hai2="59,49,91,113,34,3,32,82,81,36,85,63,132" hai3="95,88,117,11,28,74,97,126,15,80,18,51,10"/><V73/><F36/><W120/><G126/><T37/><D0/><U41/><E115/><V54/><F113/><W14/><G117/><T79/><D124/><U123/><E23/><V4/><F132/><W106/><G120/><N who="1" m="46154" /><E127/><V116/><F116/><W76/><G106/><T16/><D112/><U86/><E111/><V87/><F73/><W42/><G28/><T135/><D135/><U130/><E41/><V110/><F110/><W57/><G57/><T27/><D35/><U17/><E86/><V133/><F133/><W2/><G2/><T84/><D75/><U6/><E71/><V129/><F129/><W108/><G108/><T105/><D39/><U12/><AGARI ba="0,0" hai="6,7,9,12,17,56,62,65,128,130,131" m="46154" machi="12" ten="40,8000,1" yaku="19,1,13,1,52,3" doraHai="125" who="1" fromWho="1" sc="235,-20,227,80,237,-40,301,-20" /><INIT seed="3,0,0,0,1,81" ten="215,307,197,281" oya="3" hai0="40,29,30,77,2,109,112,119,90,6,124,7,57" hai1="10,8,49,83,4,103,61,121,130,9,55,134,26" hai2="58,60,131,39,19,43,18,59,42,74,3,125,34" hai3="45,87,84,5,80,13,52,73,28,20,96,38,0"/><W91/><G0/><T75/><D119/><U78/><E121/><V33/><F74/><W93/><G73/><T133/><D2/><U99/><E130/><V23/><F3/><W120/><G120/><T64/><D40/><U111/><E111/><V31/><F131/><W100/><G38/><T17/><D109/><U135/><E26/><V69/><F69/><W110/><G110/><T27/><D133/><N who="1" m="50699" /><E61/><V62/><F31/><W116/><G116/><T126/><D90/><U51/><E4/><V79/><F79/><W1/><G1/><T25/><D77/><U63/><E63/><V85/><F23/><W86/><G5/><T44/><D75/><N who="1" m="43487" /><E55/><V46/><F125/><W15/><G15/><T98/><D7/><U48/><E48/><V54/><F43/><W104/><G104/><AGARI ba="0,0" hai="8,9,10,49,51,99,103,104" m="43487,50699" machi="104" ten="30,1000,0" yaku="20,1" doraHai="81" who="1" fromWho="3" sc="215,0,307,10,197,0,281,-10" owari="215,-18.5,317,41.7,197,-30.3,271,7.1" /></mjloggm>