<mjloggm ver="2.3"><GO type="225" lobby="0"/><UN n0="%E3%81%86%E3%83%BC%E3%81%B1%E3%83%BC" n1="%6D%75%75%6D%75%72%61" n2="%E5%A4%96%E5%B7%9D%E7%AB%9C%E6%88%90" n3="%E5%86%B7%E5%87%8D%E3%82%AE%E3%83%A7%E3%83%BC%E3%82%B6" dan="16,17,16,16" rate="2140.60,2159.48,2175.08,2156.68" sx="F,F,M,M"/><TAIKYOKU oya="0"/><INIT seed="0,0,0,3,3,43" ten="250,250,250,250" oya="0" hai0="100,92,125,27,37,102,127,63,55,85,112,38,11" hai1="103,83,79,8,47,132,4,25,35,39,131,71,3" hai2="48,118,44,59,128,80,49,116,130,81,91,73,2" hai3="113,15,46,33,87,50,65,56,75,19,12,42,70"/><T77/><D112/><U45/><E131/><N who="2" m="50219" /><F2/><W106/><G75/><T28/><D11/><U30/><E132/><V5/><F5/><W53/><G106/><T67/><D55/><U40/><E71/><V60/><F91/><W114/><G33/><T62/><D77/><U90/><E103/><V98/><F98/><W41/><G41/><T95/><D27/><U134/><E134/><V68/><F68/><W129/><G129/><T111/><D85/><U86/><REACH who="1" step="1"/><E47/><REACH who="1" ten="250,240,250,250" step="2"/><V122/><F44/><W101/><G101/><T74/><D111/><U121/><E121/><V96/><F122/><W94/><G113/><T88/><D74/><U89/><AGARI ba="0,1" hai="3,4,8,25,30,35,39,40,45,79,83,86,89,90" machi="89" ten="30,7900,0" yaku="1,1,0,1,52,1,53,1" doraHai="43" doraHaiUra="72" who="1" fromWho="1" sc="250,-39,240,89,250,-20,250,-20" /><INIT seed="1,0,0,5,3,89" ten="211,329,230,230" oya="1" hai0="123,29,68,55,38,93,82,36,125,8,86,12,3" hai1="27,85,126,81,130,22,34,120,13,21,128,94,7" hai2="69,65,37,48,60,74,16,20,134,118,63,70,35" hai3="103,14,32,28,119,41,72,46,39,83,116,105,42"/><U67/><E120/><V56/><F118/><N who="3" m="45099" /><G42/><T19/><D125/><U6/><E126/><V64/><F134/><W78/><G14/><T73/><D123/><U9/><E34/><V31/><F74/><W25/><G103/><T18/><D3/><U77/><E67/><V17/><F37/><W45/><G45/><T117/><D117/><U43/><E43/><V76/><F76/><W75/><G105/><T5/><D68/><U113/><E113/><V107/><F107/><W33/><G72/><T24/><D73/><U102/><E6/><V101/><F101/><W26/><G26/><T115/><D115/><U4/><E4/><V135/><F135/><W11/><G11/><T98/><D55/><U2/><E2/><V111/><F111/><W49/><G49/><T57/><D57/><U96/><REACH who="1" step="1"/><E22/><AGARI ba="0,0" hai="22,25,28,32,33,39,41,46,75,78,83" m="45099" machi="22" ten="30,1000,0" yaku="12,1" doraHai="89" who="3" fromWho="1" sc="211,0,329,-10,230,0,230,10" /><INIT seed="2,0,0,1,5,59" ten="211,319,230,240" oya="2" hai0="11,122,128,100,53,121,57,29,91,117,123,45,1" hai1="43,93,70,0,112,28,48,30,4,76,51,82,15" hai2="65,127,96,26,86,31,42,90,85,52,71,115,135" hai3="44,108,133,63,8,21,129,61,19,3,84,87,50"/><V7/><F115/><W10/><G108/><T102/><D128/><U88/><E112/><V67/><F127/><W33/><G33/><T80/><D117/><U126/><E0/><V95/><F135/><W124/><G129/><T40/><D29/><U18/><E70/><V34/><F42/><W72/><G72/><T110/><D110/><U130/><E4/><V109/><F109/><W55/><G133/><T49/><D11/><N who="3" m="4137" /><G3/><T14/><D14/><U131/><E126/><V98/><F7/><W79/><G124/><T39/><REACH who="0" step="1"/><D1/><REACH who="0" ten="201,319,230,240" step="2"/><U74/><E28/><V125/><F125/><W56/><G79/><T113/><D113/><U107/><E30/><V68/><F31/><W97/><G97/><T20/><D20/><U134/><E134/><V64/><F98/><W36/><G36/><T62/><D62/><N who="3" m="23561" /><G44/><T94/><D94/><U24/><E93/><V2/><F2/><W9/><G9/><T17/><D17/><U99/><E18/><V103/><F34/><W78/><G78/><T27/><D27/><AGARI ba="0,1" hai="19,21,27,50,55,56,84,87" m="23561,4137" machi="27" ten="30,7700,0" yaku="8,1,52,3" doraHai="59" who="3" fromWho="0" sc="201,-77,319,0,230,0,240,87" /><INIT seed="3,0,0,3,0,67" ten="124,319,230,327" oya="3" hai0="18,31,45,93,108,43,55,65,112,120,52,24,28" hai1="79,57,81,48,117,30,26,59,107,40,11,74,23" hai2="94,46,78,68,95,3,91,127,131,123,32,21,17" hai3="106,58,50,64,49,16,60,97,119,102,56,109,27"/><W44/><G119/><T25/><D108/><U116/><E107/><V100/><F3/><W125/><G125/><T85/><D112/><U9/><E59/><V70/><F32/><W110/><G56/><T99/><D120/><U37/><E37/><V113/><F113/><W38/><G38/><T71/><D85/><U133/><E133/><V87/><F78/><W5/><G5/><T132/><D18/><U126/><E126/><V14/><F127/><W122/><G122/><T84/><D84/><U105/><E105/><V75/><F75/><W33/><G33/><T63/><D132/><U34/><E34/><V88/><F100/><W13/><G27/><T111/><D24/><U83/><E83/><V12/><F123/><W124/><G124/><T19/><D19/><U62/><E48/><V89/><F131/><W39/><G39/><T61/><D111/><N who="3" m="42505" /><G44/><T42/><D42/><U10/><REACH who="1" step="1"/><E40/><REACH who="1" ten="124,309,230,327" step="2"/><V15/><F46/><W98/><G98/><T129/><D129/><U36/><E36/><V76/><F76/><W77/><G77/><T118/><D118/><U96/><E96/><V69/><REACH who="2" step="1"/><F87/><REACH who="2" ten="124,309,220,327" step="2"/><W103/><G103/><T22/><D31/><U104/><E104/><V41/><F41/><W86/><G86/><T29/><D28/><U72/><E72/><V66/><F66/><AGARI ba="0,2" hai="9,10,11,23,26,30,57,62,66,74,79,81,116,117" machi="66" ten="40,5200,0" yaku="1,1,53,2" doraHai="67" doraHaiUra="115" who="1" fromWho="2" sc="124,0,309,72,220,-52,327,0" owari="124,-37.6,381,48.1,168,-23.2,327,12.7" /></mjloggm>