<mjloggm ver="2.3"><GO type="225" lobby="0"/><UN n0="%E3%81%8B%E3%82%8F%E3%81%A1%E3%82%83%E3%82%93%35%38" n1="%E9%B3%B3%E6%9D%B1%E3%81%AE%E3%81%86%E3%81%95%E3%81%8E%E3%81%95%E3%82%93" n2="%E4%BF%BA%E3%81%A8%E5%A6%96%E5%A4%A2" n3="%E9%80%86%E9%80%A3%E5%B8%AF%E3%81%AE%E9%AC%BC" dan="16,16,17,16" rate="2095.36,2111.63,2204.04,2157.80" sx="M,M,F,M"/><TAIKYOKU oya="0"/><INIT seed="0,0,0,0,3,9" ten="250,250,250,250" oya="0" hai0="5,14,76,123,25,103,98,45,110,73,55,101,108" hai1="105,95,4,51,92,44,72,34,6,58,116,33,59" hai2="7,67,78,36,12,31,42,26,99,81,8,62,84" hai3="65,20,124,100,113,118,107,109,90,60,13,111,1"/><T18/><D123/><U131/><E116/><V68/><F99/><W129/><G118/><T46/><D5/><U127/><E72/><V48/><F36/><W94/><G1/><T79/><D25/><U93/><E105/><V74/><F74/><W86/><G113/><T38/><D73/><U47/><E95/><V85/><F85/><W135/><G129/><T128/><D128/><U10/><E10/><V115/><F115/><W16/><G135/><T130/><D130/><U37/><E131/><V132/><F132/><W102/><G124/><T91/><D91/><U15/><E51/><V80/><F80/><W11/><G11/><N who="0" m="6495" /><D55/><U112/><E15/><V122/><F122/><W133/><G133/><T104/><D101/><U53/><E53/><V69/><F69/><W82/><G107/><T39/><D39/><U52/><E52/><V75/><F75/><W32/><G32/><T22/><D22/><U27/><E27/><V126/><F126/><W77/><G102/><T0/><D0/><U70/><E37/><V89/><F89/><W3/><G100/><T87/><D87/><U88/><E88/><V49/><REACH who="2" step="1"/><F42/><REACH who="2" ten="250,250,240,250" step="2"/><W117/><G117/><T56/><D38/><U71/><REACH who="1" step="1"/><E112/><REACH who="1" ten="250,240,240,250" step="2"/><V64/><F64/><W106/><G106/><T121/><D121/><U120/><E120/><V40/><F40/><W41/><G41/><T63/><D79/><U114/><E114/><V21/><AGARI ba="0,2" hai="7,8,12,21,26,31,48,49,62,67,68,78,81,84" machi="21" ten="20,8000,1" yaku="1,1,0,1,7,1,52,1,53,1" doraHai="9" doraHaiUra="24" who="2" fromWho="2" sc="250,-40,240,-20,240,100,250,-20" /><INIT seed="1,0,0,1,0,89" ten="210,220,340,230" oya="1" hai0="6,88,60,66,2,115,69,110,54,96,81,15,17" hai1="57,73,45,67,22,18,97,121,0,91,30,25,33" hai2="107,98,31,55,103,11,51,5,94,9,62,95,76" hai3="71,1,90,42,120,108,114,61,93,27,127,49,101"/><U29/><E121/><V116/><F116/><W14/><G120/><T86/><D115/><U100/><E0/><V72/><F31/><W21/><G114/><T3/><D110/><U38/><E73/><V125/><F125/><W109/><G127/><T79/><D6/><U13/><E30/><V119/><F119/><W20/><G1/><T47/><D79/><U41/><E91/><V111/><F62/><W124/><G124/><T123/><D96/><U117/><E117/><V52/><F11/><W19/><G101/><T135/><D135/><U83/><E83/><V85/><F72/><W77/><G77/><T99/><D99/><U82/><E82/><N who="2" m="47303" /><F107/><W36/><G36/><T80/><D80/><U112/><E112/><V105/><F105/><W59/><G71/><T92/><D123/><U104/><E57/><N who="2" m="32927" /><F111/><W131/><G131/><T23/><REACH who="0" step="1"/><D81/><REACH who="0" ten="200,220,340,230" step="2"/><U122/><E122/><V87/><F98/><W58/><G109/><T26/><D26/><U102/><E102/><V63/><F103/><W12/><G108/><T75/><D75/><U133/><REACH who="1" step="1"/><E67/><REACH who="1" ten="200,210,340,230" step="2"/><V65/><F65/><W126/><G126/><T129/><D129/><U78/><E78/><V43/><F87/><W53/><G90/><T134/><D134/><AGARI ba="0,2" hai="13,18,22,25,29,33,38,41,45,97,100,104,133,134" machi="134" ten="40,2000,0" yaku="1,1,53,0" doraHai="89" doraHaiUra="4" who="1" fromWho="0" sc="200,-20,210,40,340,0,230,0" /><INIT seed="1,1,0,0,2,34" ten="180,250,340,230" oya="1" hai0="25,99,125,111,81,135,3,26,86,59,9,15,124" hai1="108,122,21,80,116,30,19,47,49,131,28,126,22" hai2="41,56,40,114,67,64,72,84,100,93,88,62,65" hai3="10,50,4,96,33,46,37,39,133,12,89,83,123"/><U71/><E116/><V36/><F72/><W106/><G123/><T134/><D99/><U73/><E122/><V94/><F114/><W110/><G133/><N who="0" m="50699" /><D59/><U44/><E71/><V79/><F79/><W60/><G110/><T38/><D38/><U66/><E108/><V119/><F119/><W76/><G33/><T103/><D103/><U20/><E131/><V130/><F130/><W102/><G60/><T6/><D111/><U109/><E126/><N who="0" m="48745" /><D15/><U24/><E109/><V129/><F129/><W90/><G39/><T112/><D112/><U13/><E66/><N who="2" m="25707" /><F36/><W92/><G37/><T105/><D105/><U74/><E80/><V16/><F100/><W118/><G106/><T95/><D95/><U54/><E47/><V69/><F93/><W32/><G32/><T87/><D87/><U132/><E132/><V29/><F69/><W63/><G63/><T0/><D3/><U82/><E82/><V104/><F104/><W120/><G120/><T113/><D113/><U128/><E128/><V107/><F107/><W18/><G118/><T8/><D9/><U5/><E74/><V78/><F78/><AGARI ba="1,0" hai="0,6,8,25,26,78,81,86" m="48745,50699" machi="78" ten="30,3900,0" yaku="20,1,18,1,52,1" doraHai="34" who="0" fromWho="2" sc="180,42,250,0,340,-42,230,0" /><INIT seed="2,0,0,0,2,49" ten="222,250,298,230" oya="2" hai0="17,123,26,39,115,71,125,135,60,82,25,121,65" hai1="46,113,99,11,54,58,108,7,62,93,96,27,80" hai2="73,30,104,33,74,79,55,129,98,43,57,120,53" hai3="83,90,51,20,23,19,132,14,117,18,50,0,87"/><V107/><F120/><N who="0" m="46154" /><D82/><U111/><E113/><V118/><F118/><W13/><G132/><T103/><D103/><U110/><E80/><V78/><F43/><W105/><G117/><T48/><D17/><U42/><E27/><V10/><F10/><W44/><G105/><N who="2" m="40521" /><F98/><W63/><G0/><T15/><D15/><N who="1" m="5631" /><E93/><V4/><F4/><W133/><G133/><T59/><D25/><U16/><E16/><V88/><F57/><W24/><G63/><N who="0" m="40383" /><D26/><U127/><E127/><V119/><F119/><W100/><G100/><T124/><D39/><AGARI ba="0,0" hai="39,42,46,54,58,62,96,99,108,110,111" m="5631" machi="39" ten="30,2000,0" yaku="14,1,52,1" doraHai="49" who="1" fromWho="0" sc="222,-20,250,20,298,0,230,0" /><INIT seed="3,0,0,1,4,31" ten="202,270,298,230" oya="3" hai0="86,50,44,22,52,17,130,67,5,21,40,121,91" hai1="114,9,30,96,48,12,4,89,2,15,6,103,109" hai2="18,79,23,82,77,26,58,95,80,128,69,62,76" hai3="131,64,45,112,33,71,7,127,36,132,41,42,3"/><W19/><G112/><T108/><D108/><U111/><E89/><V54/><F69/><W81/><G132/><T104/><D130/><U88/><E48/><V72/><F128/><W0/><G131/><T93/><D104/><U134/><E103/><V34/><F34/><W99/><G127/><T65/><D121/><U126/><E88/><V46/><F72/><W106/><G42/><T74/><D74/><U13/><E96/><V1/><F1/><W37/><G37/><T107/><D107/><U118/><E114/><V129/><F129/><W47/><G47/><T66/><D5/><N who="1" m="1207" /><E126/><V14/><F95/><W101/><G19/><T25/><REACH who="0" step="1"/><D22/><REACH who="0" ten="192,270,298,230" step="2"/><U59/><E4/><V115/><F115/><W20/><G7/><T97/><D97/><U51/><E6/><V53/><F26/><W100/><G106/><T60/><D60/><U43/><E111/><V24/><F24/><W49/><G99/><T68/><D68/><U90/><E109/><V94/><F23/><W29/><G20/><T38/><D38/><U116/><E12/><V117/><F14/><W57/><G36/><T124/><D124/><U35/><E13/><V92/><F62/><W28/><G71/><T56/><D56/><U8/><E15/><V85/><F58/><W110/><G110/><T119/><D119/><U87/><E8/><V125/><F125/><W122/><G57/><T84/><D84/><U120/><E120/><V32/><F85/><W16/><G122/><T61/><D61/><U133/><E116/><V123/><F117/><W98/><G0/><T102/><D102/><U83/><E118/><RYUUKYOKU ba="0,1" sc="192,30,270,-10,298,-10,230,-10" hai0="17,21,25,40,44,50,52,65,66,67,86,91,93" /><INIT seed="4,1,1,4,4,113" ten="222,260,288,220" oya="0" hai0="129,36,114,126,74,98,39,131,43,27,92,90,122" hai1="88,103,25,4,11,24,47,56,121,119,85,130,133" hai2="105,10,19,101,83,104,97,48,16,99,9,93,1" hai3="45,21,8,54,69,32,66,79,37,49,84,117,81"/><T112/><D122/><U63/><E119/><V20/><F83/><W60/><G32/><T52/><D74/><U31/><E130/><N who="0" m="49673" /><D126/><U70/><E70/><V22/><F1/><W35/><G35/><T14/><D43/><U12/><E133/><V127/><F127/><W107/><G107/><T58/><D14/><U95/><E121/><V110/><F110/><W124/><G124/><T80/><D27/><U33/><E103/><V0/><F0/><W128/><G128/><T53/><D80/><U28/><E47/><V15/><F48/><W51/><G51/><N who="0" m="31007" /><D53/><N who="1" m="34191" /><E33/><V44/><F44/><W120/><G120/><T123/><D123/><U38/><E38/><AGARI ba="1,1" hai="36,38,39,90,92,98,112,114" m="31007,49673" machi="38" ten="30,2900,0" yaku="19,1,54,1" doraHai="113" who="0" fromWho="1" sc="222,42,260,-32,288,0,220,0" /><INIT seed="4,2,0,3,4,112" ten="264,228,288,220" oya="0" hai0="99,88,104,55,77,15,18,1,101,119,41,40,84" hai1="14,92,86,35,53,24,32,21,134,11,63,78,3" hai2="42,117,37,67,13,121,100,2,98,39,85,25,106" hai3="132,66,91,7,29,118,22,52,70,46,108,68,19"/><T56/><D119/><U10/><E134/><V96/><F117/><W133/><G108/><T69/><D69/><U50/><E3/><V120/><F2/><W36/><G29/><T113/><D77/><U87/><E63/><V75/><F75/><W109/><G109/><T45/><D45/><U58/><E32/><V51/><F67/><W20/><G7/><T110/><D113/><U74/><E35/><V124/><F85/><W125/><G125/><T54/><D1/><U128/><E128/><V12/><F25/><W28/><G91/><T72/><D72/><U44/><E74/><V5/><F124/><W71/><G66/><T105/><D105/><U93/><E58/><V114/><F114/><W33/><G118/><T102/><D110/><U27/><E27/><V127/><F127/><W97/><G97/><T115/><D115/><U64/><E64/><V30/><F30/><W38/><G33/><T62/><D55/><U80/><E87/><V23/><F23/><W90/><G90/><T16/><D18/><N who="1" m="12343" /><E11/><N who="2" m="4207" /><F13/><W48/><G28/><T34/><D34/><U130/><E130/><V31/><F31/><W73/><G22/><N who="0" m="11551" /><D104/><U123/><E123/><V49/><F120/><W95/><G73/><T76/><D76/><U9/><E10/><V4/><F121/><W65/><G65/><T61/><D61/><U59/><E59/><V116/><F116/><W111/><G111/><T79/><D79/><U81/><E81/><V17/><F39/><N who="3" m="14891" /><G95/><N who="0" m="56807" /><D84/><U107/><E107/><V43/><F37/><W6/><G6/><AGARI ba="2,0" hai="6,9,14,44,50,53,78,80,86,92,93" m="12343" machi="6" ten="30,1000,0" yaku="8,1" doraHai="112" who="1" fromWho="3" sc="264,0,228,16,288,0,220,-16" /><INIT seed="5,0,0,2,0,25" ten="264,244,288,204" oya="1" hai0="81,9,116,54,90,10,70,97,56,38,34,135,77" hai1="37,43,84,29,73,112,121,45,12,26,23,125,105" hai2="131,78,28,62,2,106,40,33,58,4,74,111,114" hai3="102,1,94,39,68,79,134,72,51,113,66,85,52"/><U21/><E121/><V63/><F111/><W124/><G39/><T93/><D70/><U59/><E73/><V110/><F110/><W129/><G1/><T53/><D116/><U122/><E122/><V16/><F106/><W6/><G134/><T100/><D135/><U44/><E105/><V128/><F114/><W32/><G129/><N who="2" m="49737" /><F40/><W88/><G124/><T49/><D34/><U107/><E112/><V83/><F4/><W133/><G133/><T108/><D38/><U19/><E107/><V67/><F2/><W15/><G113/><T0/><D0/><U13/><E125/><V96/><F96/><W71/><G32/><T87/><D108/><U35/><E45/><V117/><F117/><W132/><G132/><T41/><D41/><U65/><E84/><V82/><F82/><W91/><G102/><T75/><REACH who="0" step="1"/><D54/><REACH who="0" ten="254,244,288,204" step="2"/><U24/><E35/><V130/><F33/><W120/><G120/><T92/><AGARI ba="0,1" hai="9,10,49,53,56,75,77,81,87,90,92,93,97,100" machi="92" ten="20,5200,0" yaku="1,1,2,1,0,1,7,1,53,0" doraHai="25" doraHaiUra="103" who="0" fromWho="0" sc="254,62,244,-26,288,-13,204,-13" owari="316,41.6,218,-18.2,275,7.5,191,-30.9" /></mjloggm>