<mjloggm ver="2.3"><GO type="225" lobby="0"/><UN n0="%E3%81%8F%E3%82%89%E3%82%89" n1="%E3%82%A2%E3%83%A1%E3%82%A2%E3%83%A9%E3%83%AC" n2="%E6%81%A5%E6%99%92%E3%81%97" n3="%4D%6F%6E%61%6E%61" dan="17,16,16,16" rate="2147.36,2101.38,2136.31,2105.29" sx="F,M,M,F"/><TAIKYOKU oya="0"/><INIT seed="0,0,0,2,2,97" ten="250,250,250,250" oya="0" hai0="72,60,110,39,98,125,128,93,33,40,5,0,74" hai1="32,122,58,70,50,102,75,64,127,132,90,53,119" hai2="37,113,79,120,73,14,49,12,131,95,109,91,38" hai3="26,103,108,4,107,124,77,89,34,15,100,42,56"/><T135/><D33/><U27/><E119/><V3/><F113/><W22/><G34/><T69/><D39/><U130/><E122/><V82/><F120/><W19/><G107/><T94/><D40/><U57/><E75/><V118/><F118/><W71/><G71/><T92/><D0/><U47/><E132/><V112/><F112/><W133/><G77/><T25/><D5/><U101/><E130/><V116/><F116/><W121/><G42/><T35/><D135/><U28/><E127/><V104/><F131/><W88/><G121/><T78/><D128/><U44/><E70/><V46/><F109/><W52/><G108/><T85/><D110/><U10/><E10/><V59/><F59/><W54/><G54/><T51/><D51/><U66/><E90/><N who="3" m="34922" /><G124/><T18/><D98/><U61/><E44/><V29/><F3/><W36/><G36/><T115/><D115/><U123/><E123/><V11/><F104/><W83/><G83/><N who="0" m="47351" /><D35/><U99/><E99/><N who="2" m="57855" /><F38/><W45/><G45/><T65/><D125/><U1/><E1/><V63/><F37/><W87/><G87/><T81/><D81/><U20/><E32/><V84/><F73/><W48/><G133/><T134/><D134/><U114/><E114/><V24/><F63/><AGARI ba="0,0" hai="20,27,28,47,50,53,57,58,61,63,64,66,101,102" machi="63" ten="40,8000,1" yaku="9,1,8,1,52,2" doraHai="97" who="1" fromWho="2" sc="250,0,250,80,250,-80,250,0" /><INIT seed="1,0,0,0,0,48" ten="250,330,170,250" oya="1" hai0="98,122,61,1,39,16,134,109,49,81,46,88,124" hai1="19,28,3,135,105,62,6,69,55,130,103,38,31" hai2="116,80,58,30,54,12,94,25,77,20,17,89,126" hai3="101,84,75,18,108,40,41,121,45,42,23,2,93"/><U9/><E135/><V83/><F126/><W79/><G2/><T91/><D1/><U52/><E130/><V8/><F116/><W119/><G108/><T7/><D109/><U99/><E38/><V47/><F47/><W27/><G121/><T125/><D39/><U35/><E19/><V127/><F77/><W131/><G131/><T50/><D7/><U65/><E31/><V43/><F43/><W53/><G75/><T120/><D61/><U129/><E129/><V51/><REACH who="2" step="1"/><F127/><REACH who="2" ten="250,330,160,250" step="2"/><W64/><G119/><T110/><D110/><U82/><E82/><V128/><F128/><W90/><G79/><T32/><D46/><U22/><REACH who="1" step="1"/><E35/><REACH who="1" ten="250,320,160,250" step="2"/><V74/><F74/><W68/><G40/><T118/><D81/><U63/><E63/><V114/><F114/><W73/><G41/><T57/><D32/><U123/><E123/><V113/><F113/><W85/><G42/><T71/><D118/><U29/><E29/><V5/><F5/><W21/><G18/><T106/><D16/><U72/><E72/><V34/><F34/><W11/><G73/><T15/><D125/><U59/><E59/><V100/><F100/><W96/><G101/><T4/><D57/><U95/><E95/><V14/><F14/><W132/><G93/><T26/><D15/><U67/><E67/><V92/><F92/><W102/><G64/><T87/><D124/><U76/><E76/><V70/><F70/><W117/><G68/><T107/><D71/><U33/><E33/><V24/><F24/><AGARI ba="0,2" hai="3,6,9,22,24,28,52,55,62,65,69,99,103,105" machi="24" ten="40,12000,1" yaku="1,1,52,2,54,1,53,1" doraHai="48" doraHaiUra="66" who="1" fromWho="2" sc="250,0,320,140,160,-120,250,0" /><INIT seed="1,1,0,2,4,109" ten="250,460,40,250" oya="1" hai0="81,84,129,82,25,23,113,134,83,10,34,76,118" hai1="61,6,135,47,100,71,24,107,133,78,99,7,72" hai2="2,103,85,108,52,54,57,111,43,86,56,131,55" hai3="45,121,58,120,62,104,17,44,4,70,105,26,60"/><U33/><E47/><V3/><F43/><W132/><G4/><T29/><D118/><U117/><E117/><V128/><F103/><W51/><G26/><T28/><D134/><U30/><E7/><V64/><REACH who="2" step="1"/><F54/><REACH who="2" ten="250,460,30,250" step="2"/><W80/><G120/><T127/><D127/><U96/><E100/><V65/><AGARI ba="1,1" hai="2,3,52,55,56,57,64,65,85,86,108,111,128,131" machi="65" ten="25,12000,2" yaku="1,1,2,1,0,1,22,2,54,1,53,0" doraHai="109" doraHaiUra="69" who="2" fromWho="2" sc="250,-31,460,-61,30,133,250,-31" /><INIT seed="2,0,0,0,2,89" ten="219,399,163,219" oya="2" hai0="122,15,67,26,40,82,31,17,33,90,42,93,88" hai1="71,49,100,8,135,131,66,0,52,64,80,134,36" hai2="78,132,87,107,68,5,9,113,129,111,99,46,102" hai3="44,119,101,38,60,125,70,110,74,96,21,117,63"/><V108/><F113/><W35/><G74/><T109/><D109/><N who="2" m="42058" /><F68/><W115/><G110/><T30/><D122/><U7/><E36/><V39/><F129/><W92/><G115/><T45/><D67/><U114/><E114/><V126/><F126/><W3/><G35/><T51/><D42/><U79/><E100/><V29/><F29/><W55/><G3/><T118/><D118/><U14/><E0/><N who="2" m="167" /><F132/><N who="1" m="50729" /><E71/><V81/><F46/><W95/><G125/><T103/><D31/><U72/><E131/><V56/><F56/><AGARI ba="0,0" hai="7,8,14,49,52,56,64,66,72,79,80" m="50729" machi="56" ten="30,2000,0" yaku="20,1,54,1" doraHai="89" who="1" fromWho="2" sc="219,0,399,20,163,-20,219,0" /><INIT seed="3,0,0,4,4,36" ten="219,419,143,219" oya="3" hai0="105,102,41,9,109,26,121,80,97,20,23,119,78" hai1="34,52,124,48,104,66,98,112,46,0,16,7,30" hai2="35,18,68,93,58,45,103,44,110,37,25,29,2" hai3="54,118,19,70,38,101,90,94,123,49,134,10,111"/><W57/><G118/><T85/><D119/><U1/><E112/><V55/><F110/><W99/><G123/><T67/><D121/><U122/><E122/><V27/><F2/><W115/><G70/><T96/><D109/><U40/><E124/><V75/><F75/><W131/><G115/><T116/><D116/><U76/><E76/><V120/><F120/><W65/><G111/><T82/><D41/><U133/><E66/><V126/><F126/><W4/><G134/><T135/><D135/><U21/><E7/><V50/><F45/><W127/><G127/><T71/><D96/><U60/><E30/><V32/><F18/><W39/><G65/><T81/><D20/><U83/><E34/><V132/><F132/><W84/><G19/><T91/><D9/><U114/><E83/><V130/><F130/><W14/><REACH who="3" step="1"/><G131/><REACH who="3" ten="219,419,143,209" step="2"/><T74/><D67/><U31/><E16/><V51/><F68/><W73/><G73/><T42/><D71/><U33/><E114/><V3/><F3/><W43/><G43/><T107/><D42/><U17/><E40/><V92/><F37/><W6/><G6/><T87/><D74/><U56/><E1/><V8/><F103/><W15/><G15/><T72/><D72/><U125/><E0/><V77/><F77/><W47/><G47/><T64/><D64/><U62/><E46/><V53/><REACH who="2" step="1"/><F8/><REACH who="2" ten="219,419,133,209" step="2"/><W22/><G22/><T86/><D78/><U95/><E125/><V89/><F89/><W28/><G28/><AGARI ba="0,2" hai="25,27,28,29,32,35,44,50,51,53,55,58,92,93" machi="28" ten="40,2600,0" yaku="1,1,9,1,53,0" doraHai="36" doraHaiUra="5" who="2" fromWho="3" sc="219,0,419,0,133,46,209,-26" owari="219,1.9,419,51.9,179,-32.1,183,-21.7" /></mjloggm>