<mjloggm ver="2.3"><GO type="225" lobby="0"/><UN n0="%E9%80%9F%E6%B0%B4%E5%87%9B%E9%A6%99" n1="%30%2E%31%32%30" n2="%33%74%72%65%65" n3="%E2%91%A3%E9%81%BF%E9%81%8A%E6%88%AF%E3%80%90%E6%9D%B1%E5%8D%97%E3%80%91" dan="16,16,17,16" rate="2113.47,2061.52,2183.70,2132.47" sx="F,M,F,M"/><TAIKYOKU oya="0"/><INIT seed="0,0,0,4,5,38" ten="250,250,250,250" oya="0" hai0="132,117,57,104,6,69,87,102,110,8,59,100,42" hai1="46,95,127,55,92,30,135,34,61,134,7,22,31" hai2="39,18,36,2,81,65,32,105,44,12,133,126,93" hai3="64,58,54,62,14,10,13,125,96,123,35,19,108"/><T82/><D117/><U122/><E34/><V3/><F105/><W101/><G123/><T40/><D69/><U112/><E122/><V56/><F32/><W99/><G35/><T45/><D132/><N who="1" m="50731" /><E112/><V20/><F133/><W66/><G125/><T129/><D129/><U9/><E127/><V98/><F126/><W68/><G108/><T16/><D110/><U119/><E119/><V71/><F71/><W24/><G24/><T53/><D104/><U114/><E114/><V63/><F81/><W41/><G96/><T27/><D6/><U43/><E55/><V29/><F29/><N who="1" m="10761" /><E22/><V111/><F111/><W23/><G68/><T75/><D75/><U21/><E21/><V109/><F109/><W17/><REACH who="3" step="1"/><G41/><REACH who="3" ten="250,250,250,240" step="2"/><N who="0" m="15979" /><D45/><U94/><E61/><V11/><F44/><W47/><G47/><T131/><D131/><U50/><E95/><AGARI ba="0,1" hai="10,13,14,17,19,23,54,58,62,64,66,95,99,101" machi="95" ten="30,3900,0" yaku="1,1,7,1,8,1,53,0" doraHai="38" doraHaiUra="33" who="3" fromWho="1" sc="250,0,250,-39,250,0,240,49" /><INIT seed="1,0,0,4,0,48" ten="250,211,250,289" oya="1" hai0="88,112,37,114,63,52,124,107,22,101,20,15,113" hai1="66,109,85,6,56,55,110,134,25,2,30,95,51" hai2="108,116,82,8,54,131,7,40,117,32,81,83,23" hai3="3,4,118,11,28,21,17,59,98,61,121,90,35"/><U49/><E134/><V57/><F32/><W18/><G121/><T24/><D37/><U67/><E6/><V92/><F108/><N who="1" m="41577" /><E2/><V76/><F131/><W19/><G118/><T99/><D124/><U96/><E85/><V104/><F104/><W100/><G35/><T58/><D15/><U75/><E51/><V73/><F73/><W127/><G127/><T70/><D70/><U111/><N who="1" m="41585" /><U91/><DORA hai="29" /><E75/><V26/><F76/><W103/><G103/><T89/><REACH who="0" step="1"/><D20/><AGARI ba="0,0" hai="20,25,30,49,55,56,66,67,91,95,96" m="41585" machi="20" ten="40,7700,0" yaku="14,1,10,1,52,1" doraHai="48,29" who="1" fromWho="0" sc="250,-77,211,77,250,0,289,0" /><INIT seed="1,1,0,0,4,132" ten="173,288,250,289" oya="1" hai0="56,77,54,84,109,62,121,129,122,0,113,36,101" hai1="52,6,29,25,108,46,38,20,16,123,67,96,50" hai2="11,120,19,27,68,133,105,72,48,92,125,107,7" hai3="39,24,55,5,114,81,83,28,21,12,57,127,80"/><U99/><E123/><N who="0" m="47113" /><D113/><U43/><E108/><V53/><F72/><W15/><G114/><T119/><D0/><U102/><E6/><V86/><F68/><W59/><G39/><T94/><D119/><U17/><E67/><V40/><F40/><W30/><G5/><T10/><D36/><U73/><E73/><V91/><F133/><W8/><G8/><T33/><D33/><U106/><REACH who="1" step="1"/><E96/><REACH who="1" ten="173,278,250,289" step="2"/><V124/><F7/><W42/><G81/><N who="0" m="47151" /><D109/><U75/><E75/><V131/><F120/><W13/><G83/><T85/><D129/><U76/><E76/><V117/><F131/><W93/><G80/><T115/><D115/><U61/><E61/><V134/><F134/><W41/><G41/><T128/><D128/><U64/><E64/><V35/><F117/><W66/><G42/><T74/><D74/><U110/><E110/><V1/><F1/><W118/><G66/><T112/><D112/><U2/><E2/><V130/><F130/><W82/><G82/><T14/><D85/><U89/><E89/><V26/><F91/><W111/><G111/><T3/><D3/><U60/><E60/><V47/><F86/><W45/><G118/><T104/><D62/><U4/><E4/><V135/><F135/><W98/><G98/><T78/><D78/><U100/><E100/><V116/><F116/><W32/><G55/><T90/><D54/><U44/><AGARI ba="1,1" hai="16,17,20,25,29,38,43,44,46,50,52,99,102,106" machi="44" ten="20,18000,2" yaku="1,1,0,1,7,1,54,2,53,1" doraHai="132" doraHaiUra="69" who="1" fromWho="1" sc="173,-61,278,193,250,-61,289,-61" /><INIT seed="1,2,0,0,4,8" ten="112,471,189,228" oya="1" hai0="77,97,131,43,68,29,17,61,3,134,45,124,41" hai1="75,98,19,107,69,44,14,127,128,16,18,47,21" hai2="54,119,15,120,38,36,0,92,62,125,122,87,101" hai3="86,117,129,83,22,9,11,49,46,35,42,99,73"/><U10/><E75/><V20/><F0/><W113/><G113/><T123/><D3/><U25/><E69/><V66/><F119/><W102/><G35/><T72/><D131/><U118/><E128/><V89/><F125/><W84/><G117/><T24/><D124/><U91/><E127/><V65/><F101/><W82/><G129/><T78/><D134/><U104/><E118/><V60/><F54/><W58/><G73/><T100/><D123/><U39/><E39/><V121/><F62/><W116/><G116/><T93/><D17/><U23/><E104/><V81/><F66/><W67/><G22/><T27/><D27/><U26/><E107/><V57/><F81/><W48/><G86/><T71/><D72/><U63/><E63/><V13/><REACH who="2" step="1"/><F20/><REACH who="2" ten="112,471,179,228" step="2"/><W80/><G67/><T28/><D41/><U135/><E135/><V103/><F103/><W85/><G82/><T108/><D108/><U95/><AGARI ba="2,1" hai="10,14,16,18,19,21,23,25,26,44,47,91,95,98" machi="95" ten="30,12000,1" yaku="0,1,9,1,8,1,52,1,54,1" doraHai="8" who="1" fromWho="1" sc="112,-42,471,136,179,-42,228,-42" /><INIT seed="1,3,0,3,5,6" ten="70,607,137,186" oya="1" hai0="22,80,1,64,65,135,28,63,35,49,53,36,100" hai1="106,126,101,56,51,109,70,85,81,97,52,37,74" hai2="103,47,33,60,128,13,45,83,19,92,46,105,62" hai3="116,84,21,31,98,88,87,108,7,112,125,61,12"/><U44/><E44/><V42/><F128/><W73/><G112/><T76/><D36/><U34/><E34/><V40/><F33/><W43/><G116/><T94/><D135/><U11/><E37/><V54/><F105/><W16/><G73/><T123/><D123/><U113/><E113/><V129/><F83/><W50/><G125/><T72/><D1/><U8/><E74/><V96/><F129/><W114/><G114/><T71/><D64/><U23/><E70/><V24/><F24/><W30/><G108/><T69/><D69/><U4/><E126/><V132/><F132/><W91/><G98/><T122/><D122/><U82/><E82/><V59/><REACH who="2" step="1"/><F62/><REACH who="2" ten="70,607,127,186" step="2"/><W95/><G61/><T118/><D35/><U131/><E131/><V18/><F18/><W120/><G120/><T2/><D118/><U121/><E121/><V117/><F117/><W25/><G50/><T134/><D134/><U127/><E127/><V78/><F78/><W102/><G43/><T93/><D100/><U10/><E109/><V77/><F77/><W130/><G102/><T68/><D68/><U15/><REACH who="1" step="1"/><E23/><AGARI ba="3,1" hai="13,19,23,40,42,45,46,47,54,59,60,92,96,103" machi="23" ten="40,8000,1" yaku="1,1,8,1,53,2" doraHai="6" doraHaiUra="39" who="2" fromWho="1" sc="70,0,607,-89,127,99,186,0" /><INIT seed="2,0,0,1,2,20" ten="70,518,226,186" oya="2" hai0="11,135,122,21,61,32,33,116,82,48,12,42,78" hai1="43,14,111,134,106,108,7,26,8,41,90,15,57" hai2="31,125,59,19,105,124,97,65,118,30,62,5,128" hai3="126,127,24,131,44,96,93,52,107,129,17,13,55"/><V29/><F118/><W45/><G107/><T104/><D116/><U69/><E69/><V112/><F112/><W89/><G45/><T39/><D104/><U99/><E134/><V119/><F119/><W35/><G13/><T133/><D39/><U67/><E26/><V88/><F5/><W23/><G35/><T53/><D122/><U66/><E14/><V34/><F128/><N who="3" m="49227" /><G44/><T6/><D61/><N who="1" m="38191" /><E67/><V75/><F34/><W51/><G51/><T27/><D42/><U72/><E72/><V77/><F75/><W98/><G96/><T9/><D9/><U56/><E56/><V86/><F97/><W117/><G117/><T83/><D83/><U18/><E7/><V100/><F105/><W120/><G120/><T22/><D22/><U130/><E130/><V85/><F59/><W102/><G102/><T3/><D3/><U37/><E37/><V50/><F100/><W84/><G98/><T94/><D94/><N who="1" m="56791" /><E106/><V71/><F71/><W25/><G25/><T121/><D121/><U38/><E38/><V80/><F124/><AGARI ba="0,0" hai="17,23,24,52,55,84,89,93,124,126,127" m="49227" machi="124" ten="30,7700,0" yaku="18,1,19,1,52,1,54,1" doraHai="20" who="3" fromWho="2" sc="70,0,518,0,226,-77,186,77" /><INIT seed="3,0,0,0,0,1" ten="70,518,149,263" oya="3" hai0="78,7,114,55,102,11,71,34,96,66,14,119,133" hai1="23,68,104,111,19,45,87,13,63,125,35,27,17" hai2="0,89,59,122,105,85,32,56,6,95,82,60,108" hai3="124,80,47,83,117,92,79,127,97,76,99,100,51"/><W28/><G28/><T40/><D119/><U54/><E104/><V70/><F105/><N who="3" m="63631" /><G51/><T69/><D133/><U113/><E113/><V50/><F108/><W65/><G65/><T90/><D114/><U91/><E111/><V81/><F32/><W18/><G18/><T48/><D34/><U110/><E110/><V73/><F122/><W62/><G62/><T101/><D78/><N who="3" m="29737" /><G47/><T67/><D40/><U16/><E35/><V49/><F73/><W112/><G112/><T94/><D71/><U12/><E68/><V46/><F70/><W106/><G106/><T103/><REACH who="0" step="1"/><D69/><REACH who="0" ten="60,518,149,263" step="2"/><U88/><E88/><V126/><F89/><N who="3" m="55695" /><G117/><T22/><D22/><U5/><E5/><V25/><BYE who="1" /><F6/><W72/><G72/><T98/><D98/><U116/><E116/><V31/><F126/><AGARI ba="0,1" hai="80,83,124,126,127" m="55695,29737,63631" machi="126" ten="30,5800,0" yaku="18,1,34,2" doraHai="1" who="3" fromWho="2" sc="60,0,518,0,149,-58,263,68" /><INIT seed="3,1,0,4,1,35" ten="60,518,91,331" oya="3" hai0="84,98,8,50,33,93,103,37,44,32,24,6,115" hai1="90,102,15,20,119,62,67,96,72,79,88,81,94" hai2="116,40,83,124,104,31,85,49,132,29,71,126,22" hai3="18,75,112,39,122,21,117,113,43,60,131,99,69"/><W100/><G122/><T130/><D130/><U121/><E121/><V74/><F116/><W13/><G131/><T23/><D37/><U10/><E10/><V109/><F109/><W108/><G117/><T70/><D70/><U86/><E86/><V45/><F132/><W89/><G75/><T2/><D115/><U51/><E51/><V133/><F133/><W5/><G108/><T134/><D134/><U7/><E7/><V0/><F74/><UN n1="%30%2E%31%32%30" /><W68/><G89/><T92/><D92/><U53/><E53/><V61/><F0/><W129/><G129/><T36/><D36/><U106/><E119/><V11/><F11/><W48/><G39/><T114/><D114/><U63/><E106/><V3/><F3/><W9/><G69/><T17/><REACH who="0" step="1"/><D84/><REACH who="0" ten="50,518,91,331" step="2"/><U57/><E63/><V107/><F107/><W30/><G68/><T28/><D28/><U82/><E82/><V128/><F128/><W19/><G112/><T12/><D12/><U78/><E78/><N who="2" m="46327" /><F104/><W26/><G113/><T14/><D14/><U38/><E38/><V42/><F31/><W127/><G127/><T66/><D66/><U91/><E15/><V80/><F126/><W4/><G30/><T56/><D56/><U27/><E90/><V73/><F124/><W16/><G4/><T41/><AGARI ba="1,1" hai="2,6,8,17,23,24,32,33,41,44,50,93,98,103" machi="41" ten="20,5200,0" yaku="1,1,0,1,7,1,52,1,53,0" doraHai="35" doraHaiUra="55" who="0" fromWho="0" sc="50,65,518,-14,91,-14,331,-27" owari="115,-28.5,504,60.4,77,-42.3,304,10.4" /></mjloggm>