<mjloggm ver="2.3"><GO type="225" lobby="0"/><UN n0="%6D%75%75%6D%75%72%61" n1="%4D%50%43%32%38%30%30" n2="%E3%81%82%E3%82%93%E3%81%AA%E3%81%A4" n3="%E8%A8%88%E7%AE%97%E6%A9%9F%E8%87%AA%E7%84%B6" dan="17,16,16,17" rate="2185.59,2115.86,2119.39,2179.89" sx="F,M,M,M"/><TAIKYOKU oya="0"/><INIT seed="0,0,0,3,5,19" ten="250,250,250,250" oya="0" hai0="15,58,68,35,21,34,118,124,31,112,61,97,3" hai1="109,135,64,14,41,7,5,134,121,63,71,79,116" hai2="47,28,46,8,122,16,77,129,73,60,37,93,52" hai3="13,40,6,100,86,51,9,12,98,32,33,88,80"/><T72/><D112/><U82/><E116/><V69/><F122/><W113/><G113/><T78/><D118/><U24/><E121/><V87/><F73/><W29/><G29/><T89/><D68/><U131/><E109/><V26/><F129/><W76/><G13/><T95/><D3/><U132/><E131/><V126/><F126/><W53/><G40/><T128/><D124/><U66/><E66/><V117/><F117/><W54/><G76/><T114/><D114/><U30/><E14/><N who="2" m="7239" /><F37/><W90/><G90/><T119/><D119/><U42/><E41/><V10/><F10/><W74/><G74/><T125/><D125/><U101/><E101/><V70/><F70/><W104/><REACH who="3" step="1"/><G54/><REACH who="3" ten="250,250,250,240" step="2"/><T103/><D128/><U75/><REACH who="1" step="1"/><E42/><REACH who="1" ten="250,240,250,240" step="2"/><V127/><F127/><W130/><G130/><T11/><D15/><U94/><E94/><V25/><F93/><W65/><G65/><T84/><D95/><U111/><E111/><V49/><F52/><W2/><G2/><T85/><D103/><U105/><E105/><V107/><F107/><W23/><G23/><AGARI ba="0,2" hai="5,7,23,24,30,63,64,71,75,79,82,132,134,135" machi="23" ten="40,5200,0" yaku="1,1,20,1,52,1,53,0" doraHai="19" doraHaiUra="91" who="1" fromWho="3" sc="250,0,240,72,250,0,240,-52" /><INIT seed="1,0,0,2,5,129" ten="250,312,250,188" oya="1" hai0="120,50,33,51,11,124,81,84,114,21,8,28,0" hai1="75,69,88,109,121,65,132,45,103,60,52,117,72" hai2="39,43,113,62,47,40,38,92,82,101,66,71,118" hai3="108,25,119,70,58,125,73,44,105,86,53,12,94"/><U30/><E117/><V20/><F118/><W10/><G119/><T127/><D114/><U36/><E121/><V31/><F113/><W32/><G108/><T97/><D33/><U19/><E132/><V6/><F6/><W35/><G125/><N who="0" m="48203" /><D120/><U68/><E68/><V131/><F131/><W37/><G105/><T46/><D97/><U98/><E109/><V24/><F82/><W16/><G73/><T64/><D64/><U130/><E130/><V115/><F115/><W110/><G70/><T77/><D0/><U106/><E30/><V85/><F85/><W102/><G110/><T128/><D128/><U91/><E19/><V49/><F43/><W134/><G25/><N who="0" m="16431" /><D51/><U80/><E36/><V67/><F67/><W95/><G102/><T126/><N who="0" m="48211" /><T3/><DORA hai="5" /><D3/><U79/><REACH who="1" step="1"/><E72/><REACH who="1" ten="250,302,250,188" step="2"/><V78/><F39/><W74/><G74/><T14/><D14/><U26/><E26/><V83/><F38/><W100/><G37/><T99/><D99/><U122/><E122/><V87/><F24/><W23/><G12/><T57/><D57/><U18/><E18/><V63/><F71/><W54/><G58/><T42/><AGARI ba="0,1" hai="8,11,42,46,50,77,81,84" m="16431,48211" machi="42" ten="40,5200,0" yaku="18,1,52,2" doraHai="129,5" who="0" fromWho="0" sc="250,62,302,-26,250,-13,188,-13" /><INIT seed="2,0,0,4,4,126" ten="312,276,237,175" oya="2" hai0="135,12,102,116,51,79,31,61,131,52,133,42,3" hai1="134,13,53,98,15,88,104,7,109,10,87,108,66" hai2="63,26,132,92,45,29,11,35,16,17,60,54,21" hai3="36,64,119,101,47,115,91,112,5,41,86,67,24"/><V75/><F75/><W82/><G119/><T69/><D3/><U49/><E66/><V55/><F132/><W59/><G5/><T38/><D116/><U70/><E70/><V85/><F11/><W57/><G101/><T100/><D79/><U83/><E134/><V114/><F114/><W23/><G64/><T127/><D127/><U68/><E68/><V78/><F17/><W27/><G67/><T121/><D121/><U1/><E104/><V71/><F71/><W74/><G74/><T76/><D76/><U2/><E98/><V130/><F45/><W99/><G99/><T34/><D38/><U125/><E125/><V124/><F124/><W123/><G123/><T44/><D69/><U97/><E97/><V62/><F130/><W28/><REACH who="3" step="1"/><G27/><REACH who="3" ten="312,276,237,165" step="2"/><T6/><D102/><U111/><E2/><V58/><F26/><W118/><G118/><T94/><D100/><U22/><E22/><V77/><F21/><W37/><G37/><T89/><D133/><U96/><REACH who="1" step="1"/><E96/><REACH who="1" ten="312,266,237,165" step="2"/><V32/><F35/><W25/><G25/><T65/><D34/><U90/><E90/><V8/><F32/><W95/><G95/><T80/><D94/><U18/><E18/><V81/><F92/><W72/><G72/><T40/><D135/><U84/><E84/><V46/><F16/><W128/><G128/><T9/><D131/><U73/><E73/><V39/><F85/><W103/><G103/><T20/><D89/><U50/><E50/><V33/><F33/><W0/><G0/><T14/><D20/><U122/><E122/><V113/><F39/><W56/><AGARI ba="0,2" hai="23,24,28,36,41,47,56,57,59,82,86,91,112,115" machi="56" ten="30,4000,0" yaku="1,1,5,1,0,1,53,0" doraHai="126" doraHaiUra="30" who="3" fromWho="3" sc="312,-10,266,-10,237,-20,165,60" /><INIT seed="3,0,0,1,2,83" ten="302,256,217,225" oya="3" hai0="2,13,54,11,66,43,8,117,68,37,9,124,61" hai1="97,63,104,128,57,74,115,16,49,135,25,100,70" hai2="127,44,32,76,42,113,31,92,99,45,82,40,71" hai3="79,101,17,131,84,90,86,112,65,105,121,94,67"/><W106/><G121/><T95/><D117/><U123/><E123/><V108/><F113/><W134/><G112/><T129/><D124/><U81/><E115/><V28/><F71/><W93/><G131/><T52/><D129/><U107/><E128/><V60/><F108/><W116/><G116/><T48/><D2/><U20/><E135/><V59/><F127/><W62/><G134/><T58/><D95/><U85/><E74/><V56/><F82/><N who="3" m="47199" /><G106/><T122/><D122/><U29/><E107/><V7/><F76/><W96/><G105/><T19/><D52/><U55/><E70/><V77/><F7/><W0/><G0/><T12/><D13/><U69/><E69/><V133/><F77/><W39/><G39/><T109/><D109/><U14/><E49/><V75/><F75/><W10/><G62/><T72/><D72/><U23/><E81/><V91/><F32/><W111/><G111/><T64/><D64/><U98/><REACH who="1" step="1"/><E97/><REACH who="1" ten="302,246,217,225" step="2"/><V34/><F133/><W38/><G38/><T89/><D37/><U53/><E53/><V5/><F60/><W18/><G10/><N who="0" m="6551" /><D68/><U88/><E88/><V6/><F91/><N who="3" m="53495" /><G101/><T41/><D89/><U24/><E24/><V21/><F99/><W4/><G67/><T33/><D41/><U3/><E3/><V87/><F87/><AGARI ba="0,1" hai="14,16,20,23,25,29,55,57,63,85,87,98,100,104" machi="87" ten="40,8000,1" yaku="1,1,52,2,54,1,53,0" doraHai="83" doraHaiUra="130" who="1" fromWho="2" sc="302,0,246,90,217,-80,225,0" owari="302,10.2,336,43.6,137,-36.3,225,-17.5" /></mjloggm>