<mjloggm ver="2.3"><GO type="225" lobby="0"/><UN n0="%E3%81%86%E3%83%BC%E3%81%B1%E3%83%BC" n1="%6D%75%75%6D%75%72%61" n2="%E3%82%BC%E3%83%AB%E3%83%80%E3%81%AE%E4%BC%9D%E8%AA%AC" n3="%63%68%78%62%64" dan="17,17,17,16" rate="2148.18,2142.53,2251.87,2130.15" sx="F,F,M,M"/><TAIKYOKU oya="0"/><INIT seed="0,0,0,5,2,48" ten="250,250,250,250" oya="0" hai0="61,73,9,120,23,70,72,40,58,89,100,39,24" hai1="51,121,87,99,95,71,113,85,20,53,76,62,124" hai2="103,54,123,91,105,59,49,75,80,125,83,5,46" hai3="60,21,12,115,97,64,1,13,133,90,109,25,26"/><T127/><D120/><U108/><E121/><V118/><F123/><W88/><G1/><T131/><D70/><U34/><E34/><V57/><F125/><W69/><G115/><T45/><D127/><U27/><E124/><V6/><F118/><W135/><G109/><T41/><D131/><U74/><E108/><V42/><F75/><W112/><G112/><T82/><D41/><U2/><E2/><V36/><F59/><W22/><G97/><T52/><D9/><U50/><E113/><V30/><F30/><W17/><G13/><T79/><D100/><U117/><E117/><V63/><F36/><W134/><REACH who="3" step="1"/><G12/><REACH who="3" ten="250,250,250,240" step="2"/><T126/><D126/><U4/><E99/><V96/><REACH who="2" step="1"/><F91/><REACH who="2" ten="250,250,240,240" step="2"/><W29/><AGARI ba="0,2" hai="17,21,22,25,26,29,60,64,69,88,90,133,134,135" machi="29" ten="30,8000,1" yaku="1,1,2,1,0,1,20,1,54,1,53,0" doraHai="48" doraHaiUra="119" who="3" fromWho="3" sc="250,-40,250,-20,240,-20,240,100" /><INIT seed="1,0,0,2,0,26" ten="210,230,220,340" oya="1" hai0="92,72,71,88,43,77,69,64,126,113,23,109,44" hai1="82,22,89,53,40,67,15,68,49,107,66,129,127" hai2="37,101,103,108,59,24,20,76,121,11,90,112,56" hai3="95,115,57,4,17,6,7,21,48,63,94,30,78"/><U84/><E129/><V75/><F121/><W81/><G115/><T110/><D113/><U54/><E127/><V39/><F112/><W42/><G42/><T128/><D126/><U122/><E107/><V50/><F108/><N who="0" m="41578" /><D128/><U114/><E122/><V45/><F37/><W79/><G48/><N who="0" m="26655" /><D64/><N who="1" m="24619" /><E68/><N who="0" m="26185" /><D23/><U117/><E117/><V38/><F38/><W74/><G79/><T28/><D28/><U116/><E116/><V35/><F39/><W41/><G30/><T111/><N who="0" m="41586" /><T2/><DORA hai="61" /><D2/><U60/><E114/><V51/><F20/><W29/><G29/><T52/><D52/><N who="1" m="20075" /><E60/><V10/><F35/><W104/><G104/><T55/><D55/><U98/><E98/><V16/><F45/><W65/><G41/><T31/><D31/><U102/><E102/><V86/><F103/><W70/><G70/><T80/><D92/><U105/><E105/><V18/><F51/><W91/><G94/><T25/><D25/><U96/><E96/><V120/><F50/><W119/><G95/><T123/><D123/><U33/><E33/><V0/><F24/><W134/><G119/><T130/><D130/><U34/><E34/><V135/><F120/><W47/><G63/><T99/><D99/><U5/><E49/><V13/><F0/><W132/><G74/><T93/><D93/><U83/><E40/><V32/><F32/><W27/><G27/><T19/><D19/><N who="1" m="10623" /><E5/><V46/><F101/><W97/><G4/><T73/><D73/><U106/><E106/><V36/><F75/><W3/><G6/><T9/><D9/><U133/><E133/><V87/><F135/><RYUUKYOKU ba="0,0" sc="210,15,230,15,220,-15,340,-15" hai0="72,77,80,88" hai1="82,83,84,89" /><INIT seed="1,1,0,2,4,112" ten="225,245,205,325" oya="1" hai0="135,79,69,73,17,28,53,14,34,119,36,38,133" hai1="52,132,85,83,51,114,91,37,109,2,29,18,101" hai2="33,108,129,8,121,102,22,66,106,63,111,32,23" hai3="96,54,110,80,103,98,35,49,75,15,0,86,104"/><U76/><E114/><V41/><F121/><W72/><G0/><T97/><D69/><U128/><E2/><V116/><F129/><W81/><G35/><T48/><D119/><U42/><E128/><V59/><F41/><W67/><G67/><T20/><D97/><U77/><E132/><N who="0" m="50761" /><D79/><U122/><E122/><V47/><F47/><W55/><G110/><N who="2" m="42025" /><F8/><W123/><G123/><T100/><D100/><U13/><E109/><V99/><F116/><W5/><G98/><T30/><D73/><U9/><E37/><N who="0" m="14441" /><D34/><AGARI ba="1,0" hai="22,23,32,33,34,59,63,66,99,102,106" m="42025" machi="34" ten="30,1000,0" yaku="14,1" doraHai="112" who="2" fromWho="0" sc="225,-13,245,0,205,13,325,0" /><INIT seed="2,0,0,3,0,107" ten="212,245,218,325" oya="2" hai0="132,106,16,32,118,105,95,59,113,56,17,44,57" hai1="39,109,73,77,8,94,15,87,42,14,31,119,110" hai2="36,18,84,127,93,10,37,124,99,33,120,63,47" hai3="62,23,86,2,76,55,50,112,67,1,69,134,27"/><V30/><F120/><W90/><G112/><T135/><D113/><U65/><E119/><V122/><F122/><W128/><G128/><T97/><D44/><N who="1" m="23647" /><E65/><V61/><F84/><W80/><G134/><N who="0" m="51243" /><D32/><U26/><E8/><V101/><F30/><W68/><G68/><T45/><D45/><U54/><E54/><V131/><F33/><W96/><G96/><T111/><D111/><N who="1" m="42507" /><E73/><V0/><F131/><W60/><G60/><N who="2" m="23113" /><F47/><W66/><G66/><T48/><D48/><U9/><E9/><V115/><F115/><W22/><G90/><N who="0" m="55543" /><D118/><U75/><E75/><V5/><F18/><AGARI ba="0,0" hai="16,17,18,56,57,59,105,106" m="55543,51243" machi="18" ten="30,2000,0" yaku="20,1,54,1" doraHai="107" who="0" fromWho="2" sc="212,20,245,0,218,-20,325,0" /><INIT seed="3,0,0,0,0,130" ten="232,245,198,325" oya="3" hai0="22,26,92,51,64,111,102,46,75,32,13,112,110" hai1="82,58,93,21,91,15,60,66,68,70,114,31,108" hai2="73,125,11,4,129,30,128,104,49,81,39,34,9" hai3="86,96,74,20,43,10,37,3,0,100,18,109,28"/><W119/><G119/><T27/><D75/><U47/><E114/><V1/><F104/><W126/><G74/><T94/><D112/><U53/><E108/><N who="0" m="41513" /><D64/><U62/><E82/><V25/><F125/><W131/><G131/><N who="2" m="50249" /><F49/><W79/><G126/><T84/><D102/><U121/><E121/><V6/><F81/><W113/><G113/><T44/><D13/><U56/><E47/><N who="0" m="17961" /><D51/><U123/><E123/><V97/><F97/><W41/><G37/><T52/><D52/><U54/><E66/><V78/><F78/><W61/><G109/><T8/><D8/><U107/><E107/><V5/><F73/><W23/><G10/><N who="2" m="3593" /><F39/><W12/><G0/><AGARI ba="0,0" hai="0,1,4,5,6,25,30,34" m="3593,50249" machi="0" ten="40,5200,0" yaku="19,1,34,2" doraHai="130" who="2" fromWho="3" sc="232,0,245,0,198,52,325,-52" /><INIT seed="4,0,0,2,4,39" ten="232,245,250,273" oya="0" hai0="32,132,92,81,10,116,98,105,125,26,45,3,42" hai1="120,27,64,15,80,55,13,118,99,67,70,122,82" hai2="78,97,66,2,53,5,18,11,103,8,38,58,84" hai3="104,16,52,6,57,102,40,90,59,91,31,54,14"/><T22/><D116/><U35/><E118/><V28/><F38/><W56/><G104/><T20/><D105/><U36/><E36/><V115/><F115/><W7/><G102/><T127/><D132/><U73/><E99/><V62/><F28/><W108/><G31/><N who="0" m="19575" /><D81/><U131/><E35/><V4/><F18/><W61/><G40/><T50/><D10/><U94/><E27/><V75/><F75/><W101/><G101/><N who="0" m="60615" /><D3/><U130/><E94/><V43/><F43/><W46/><G46/><T63/><D63/><U17/><E17/><V25/><F25/><W95/><G108/><T124/><AGARI ba="0,0" hai="20,22,42,45,50,124,125,127" m="60615,19575" machi="124" ten="30,3000,0" yaku="18,1,52,1" doraHai="39" who="0" fromWho="0" sc="232,30,245,-10,250,-10,273,-10" /><INIT seed="4,1,0,4,2,84" ten="262,235,240,263" oya="0" hai0="20,134,9,88,80,32,19,44,45,71,95,48,24" hai1="105,123,46,112,104,23,81,67,59,74,0,102,130" hai2="68,96,115,131,107,52,50,14,132,29,122,41,113" hai3="25,66,22,110,86,70,11,3,2,27,98,92,7"/><T85/><D134/><U111/><E123/><V135/><F122/><W15/><G110/><T76/><D71/><U33/><E111/><V99/><F68/><W30/><G86/><N who="0" m="48391" /><D32/><U38/><E33/><V17/><F29/><W8/><G70/><T133/><D133/><N who="2" m="51274" /><F41/><W69/><G69/><T79/><D79/><U82/><E74/><V5/><F5/><N who="3" m="3471" /><G92/><T53/><D9/><U119/><E23/><N who="2" m="11703" /><F131/><W13/><G98/><N who="2" m="37417" /><F107/><W6/><G66/><T63/><D63/><U64/><E105/><V49/><F49/><W61/><G61/><T1/><D1/><N who="3" m="9" /><G27/><T106/><D106/><U43/><E104/><V26/><F26/><W77/><G77/><T31/><D45/><AGARI ba="1,0" hai="45,50,52,113,115" m="37417,11703,51274" machi="45" ten="30,2000,0" yaku="20,1,54,1" doraHai="84" who="2" fromWho="0" sc="262,-23,235,0,240,23,263,0" /><INIT seed="5,0,0,3,3,134" ten="239,235,263,263" oya="1" hai0="98,62,114,124,23,48,59,115,3,78,81,68,11" hai1="92,42,29,35,85,126,121,84,32,57,20,70,6" hai2="24,10,82,19,110,94,96,15,111,5,14,88,47" hai3="54,2,119,16,79,21,28,101,66,53,1,31,44"/><U118/><E121/><V75/><F24/><W41/><G119/><T135/><D135/><U43/><E70/><V104/><F104/><W40/><G101/><T102/><D48/><U49/><E118/><V67/><F67/><W7/><G66/><T50/><D50/><U73/><E73/><V109/><F47/><W34/><G34/><T95/><D23/><U93/><E49/><V125/><F125/><W132/><G132/><T69/><D11/><U18/><E6/><V130/><F130/><W97/><G97/><T0/><D69/><U64/><E64/><V56/><F56/><W51/><G79/><T120/><D120/><U74/><E74/><V91/><F75/><W77/><G77/><T30/><D30/><N who="3" m="11305" /><G2/><T45/><D45/><U89/><E29/><V133/><F133/><W83/><G1/><T9/><D124/><U117/><E117/><V39/><F39/><W36/><G36/><T17/><D68/><U76/><E126/><V108/><F108/><W86/><G7/><T25/><D0/><U72/><E72/><V122/><F122/><W129/><G129/><T60/><D3/><U46/><E35/><V55/><F55/><W27/><G53/><N who="0" m="33903" /><D62/><U99/><E32/><V52/><F52/><W38/><G38/><T80/><D25/><N who="1" m="14487" /><E57/><V90/><REACH who="2" step="1"/><F82/><REACH who="2" ten="239,235,253,263" step="2"/><W87/><G83/><N who="0" m="31819" /><D78/><U26/><E76/><V106/><F106/><W113/><G113/><T8/><D115/><U131/><E131/><V4/><F4/><W22/><G54/><T123/><D114/><U103/><E26/><V37/><F37/><W71/><G71/><T63/><D123/><RYUUKYOKU ba="0,1" sc="239,-10,235,-10,253,30,263,-10" hai2="5,10,14,15,19,88,90,91,94,96,109,110,111" /><INIT seed="6,1,1,4,1,51" ten="229,225,283,253" oya="2" hai0="84,117,130,82,59,76,0,68,52,8,118,114,21" hai1="48,131,7,13,135,124,115,92,35,44,39,20,129" hai2="123,22,3,55,73,30,19,58,45,93,9,46,133" hai3="125,34,108,90,74,97,63,15,71,56,42,86,127"/><V72/><F123/><W28/><G74/><T50/><D68/><U80/><E35/><V1/><F133/><W107/><G71/><T91/><D114/><U31/><E39/><V113/><F113/><W78/><G108/><T89/><D130/><N who="1" m="49675" /><E115/><V54/><F93/><W66/><G42/><T99/><D21/><U103/><E135/><V38/><F58/><W27/><G78/><T57/><D57/><U23/><E124/><N who="3" m="47690" /><G15/><T112/><D112/><U33/><E80/><V60/><F38/><W119/><G119/><N who="0" m="45579" /><D99/><N who="1" m="59879" /><E7/><AGARI ba="1,1" hai="0,7,8,50,52,59,76,82,84,89,91" m="45579" machi="7" ten="30,3900,0" yaku="12,1,52,1,54,1" doraHai="51" who="0" fromWho="1" sc="229,52,225,-42,283,0,253,0" /><INIT seed="7,0,0,0,4,6" ten="281,183,283,253" oya="3" hai0="118,132,52,131,38,39,124,62,74,68,79,98,108" hai1="37,66,109,23,87,127,103,3,73,21,58,22,65" hai2="56,123,135,17,45,51,40,85,44,88,128,16,36" hai3="64,14,81,9,8,110,25,55,18,47,48,71,63"/><W59/><G110/><T76/><D108/><U34/><E109/><V69/><F69/><W89/><G25/><T99/><D118/><U130/><E73/><V106/><F106/><W75/><G89/><T49/><D131/><U7/><E130/><V70/><F70/><W80/><G75/><T33/><D33/><U54/><E34/><V82/><F128/><W114/><G114/><T102/><D124/><U94/><E37/><V122/><F56/><W46/><G46/><T92/><D132/><U78/><E127/><V100/><F100/><W61/><G9/><T50/><D68/><U15/><E3/><V4/><F4/><W129/><G129/><T27/><D27/><U83/><E94/><V60/><F60/><W30/><REACH who="3" step="1"/><G30/><REACH who="3" ten="281,183,283,243" step="2"/><T53/><D74/><U125/><E125/><V5/><F45/><W11/><G11/><T104/><D62/><U12/><E103/><V107/><F44/><W57/><G57/><N who="0" m="32911" /><D38/><U1/><E1/><V91/><F36/><W84/><G84/><T126/><D39/><U101/><E101/><V121/><F85/><W96/><G96/><N who="0" m="59655" /><D126/><U42/><E42/><AGARI ba="0,1" hai="8,14,18,42,47,48,55,59,61,63,64,71,80,81" machi="42" ten="30,5800,0" yaku="1,1,7,1,52,1,53,0" doraHai="6" doraHaiUra="32" who="3" fromWho="1" sc="281,0,183,-58,283,0,243,68" owari="281,-11.9,125,-37.5,283,8.3,311,41.1" /></mjloggm>