<mjloggm ver="2.3"><GO type="225" lobby="0"/><UN n0="%E5%B8%86%E7%AB%8B%E5%A4%8F%E8%A1%A3" n1="%E7%B4%94%E6%BD%94%E3%83%94%E3%83%A9%E3%83%8B%E3%82%A2" n2="%E3%82%8C%E3%81%99%E3%81%93" n3="%47%48%4F%53%54" dan="17,17,17,18" rate="2159.76,2213.57,2264.03,2240.54" sx="M,M,F,M"/><TAIKYOKU oya="0"/><INIT seed="0,0,0,1,0,12" ten="250,250,250,250" oya="0" hai0="119,7,28,64,40,96,131,13,102,118,21,54,14" hai1="30,121,19,41,93,79,36,109,67,87,8,76,106" hai2="38,112,27,81,48,133,73,113,84,31,68,5,72" hai3="126,1,114,120,107,86,97,53,85,65,80,26,74"/><T15/><D131/><U111/><E106/><V71/><F38/><W33/><G1/><T34/><D34/><U29/><E67/><V83/><F5/><W129/><G114/><T51/><D7/><U110/><E121/><V63/><F133/><W88/><G129/><T52/><D64/><U2/><E2/><V75/><F48/><W69/><G53/><T0/><D0/><U59/><E59/><V98/><F98/><W25/><G25/><N who="0" m="16431" /><D119/><U123/><E123/><V94/><F94/><W61/><G126/><T103/><D118/><U90/><E41/><V16/><F31/><N who="1" m="11785" /><E36/><V32/><F32/><W101/><G120/><T82/><D82/><U104/><E104/><V4/><F4/><W57/><G85/><T6/><D6/><U115/><E115/><V91/><F83/><W117/><G117/><T116/><D116/><U39/><E39/><V44/><F44/><W22/><G33/><T130/><D130/><U50/><E50/><V60/><F113/><W42/><G42/><T45/><D96/><U122/><E122/><V43/><F43/><W49/><G74/><T99/><D99/><U18/><E8/><V128/><F128/><W77/><G49/><N who="0" m="26791" /><D54/><U35/><E35/><V24/><F112/><W55/><G55/><T9/><D9/><U10/><E10/><V134/><F134/><W3/><G3/><T17/><D17/><AGARI ba="0,0" hai="17,18,19,76,79,87,90,93,109,110,111" m="11785" machi="17" ten="40,8000,1" yaku="14,1,52,3" doraHai="12" who="1" fromWho="0" sc="250,-80,250,80,250,0,250,0" /><INIT seed="1,0,0,4,0,94" ten="170,330,250,250" oya="1" hai0="78,67,76,3,130,124,55,46,45,93,79,24,82" hai1="69,70,15,77,59,65,128,27,26,81,118,115,92" hai2="48,127,18,38,42,96,91,110,6,133,11,85,74" hai3="4,83,66,14,109,8,119,1,101,16,41,36,29"/><U58/><E115/><V63/><F74/><W113/><G113/><T2/><D130/><U43/><E43/><V75/><F75/><W111/><G119/><T30/><D124/><U116/><E15/><V90/><F110/><N who="3" m="41995" /><G66/><T37/><D82/><U17/><E92/><V80/><F127/><W106/><G83/><T44/><D37/><U132/><E81/><V123/><F123/><W102/><G29/><T103/><D67/><U88/><E65/><V86/><F133/><W61/><G61/><T22/><REACH who="0" step="1"/><D55/><REACH who="0" ten="160,330,250,250" step="2"/><U19/><E128/><V20/><F38/><W105/><G36/><T64/><D64/><U23/><E77/><V40/><F80/><W117/><G117/><T95/><D95/><U60/><E132/><V7/><F42/><W134/><G134/><T21/><D21/><U47/><E23/><V125/><F20/><N who="3" m="11287" /><G41/><T50/><D50/><U25/><E60/><V33/><F125/><W100/><AGARI ba="0,1" hai="1,4,8,100,101,102,105,106" m="11287,41995" machi="100" ten="30,2000,0" yaku="14,1,54,1" doraHai="94" who="3" fromWho="3" sc="160,-5,330,-10,250,-5,250,30" /><INIT seed="2,0,0,1,2,97" ten="155,320,245,280" oya="2" hai0="5,76,6,126,131,25,71,48,43,26,114,29,120" hai1="78,30,133,74,16,18,9,77,134,41,103,63,64" hai2="135,92,50,117,115,0,7,116,68,101,102,105,128" hai3="33,112,11,79,110,59,65,130,123,62,54,88,85"/><V31/><F68/><W37/><G123/><T119/><D71/><U55/><E55/><V56/><F115/><W39/><G112/><T1/><D114/><U35/><E41/><V95/><F105/><W80/><G110/><T23/><D120/><U57/><E103/><N who="2" m="39435" /><F116/><W124/><G124/><T60/><D126/><U98/><E98/><V73/><F73/><W52/><G130/><T111/><D131/><U15/><E74/><V82/><F117/><W90/><G33/><T22/><D119/><U84/><E84/><V89/><F128/><W132/><G132/><N who="1" m="50794" /><E18/><V28/><F0/><W24/><G24/><AGARI ba="0,0" hai="9,15,16,24,30,35,57,63,64,77,78" m="50794" machi="24" ten="30,2000,0" yaku="20,1,54,1" doraHai="97" who="1" fromWho="3" sc="155,0,320,20,245,0,280,-20" /><INIT seed="3,0,0,3,3,37" ten="155,340,245,260" oya="3" hai0="47,100,61,26,68,112,44,53,96,46,109,57,120" hai1="73,21,126,42,6,107,2,85,4,25,118,122,59" hai2="62,78,51,28,75,125,97,40,41,133,17,8,52" hai3="87,12,31,1,34,50,55,119,134,49,131,129,11"/><W124/><G119/><T30/><D109/><U22/><E73/><V64/><F28/><W123/><G123/><T135/><D135/><U45/><E107/><V38/><F38/><W93/><G134/><T121/><D112/><U103/><E122/><V58/><F133/><W88/><G124/><T33/><D53/><U63/><E21/><V117/><F117/><W79/><G1/><T65/><REACH who="0" step="1"/><D57/><REACH who="0" ten="145,340,245,260" step="2"/><U114/><E59/><V130/><F52/><W104/><G55/><T74/><D74/><U94/><E114/><V23/><F75/><W80/><G131/><T102/><D102/><U95/><E103/><V27/><F130/><W128/><G129/><T48/><D48/><U10/><E118/><V110/><F110/><W66/><G50/><T76/><D76/><U90/><E63/><V56/><F78/><W111/><G49/><T108/><D108/><U86/><E90/><V15/><F56/><W54/><G88/><T20/><D20/><U0/><E22/><V106/><F51/><W132/><G79/><T32/><D32/><U19/><E10/><V18/><F125/><W89/><G11/><T83/><D83/><U16/><E126/><V9/><F9/><W29/><G80/><T13/><D13/><U82/><E82/><V92/><F58/><W14/><G12/><T69/><D69/><U3/><E0/><V60/><F8/><W84/><G14/><T116/><D116/><U91/><E91/><V72/><F15/><W81/><G111/><T98/><D98/><U99/><E2/><V70/><F97/><N who="3" m="57519" /><G132/><T7/><D7/><U115/><E4/><RYUUKYOKU ba="0,1" sc="145,30,340,-10,245,-10,260,-10" hai0="26,30,33,44,46,47,61,65,68,96,100,120,121" owari="175,-32.5,340,44.0,235,-16.5,250,5.0" /></mjloggm>