<mjloggm ver="2.3"><GO type="225" lobby="0"/><UN n0="%6D%75%75%6D%75%72%61" n1="%E5%8F%AF%E5%85%90%E9%82%A3%E7%94%B1%E5%A4%9A" n2="%E3%81%AF%E3%82%88%E3%81%8A%E3%81%98%E3%81%95%E3%82%93" n3="%E8%B6%85%E7%B4%9A%E9%B3%B3%E5%87%B0" dan="16,17,17,16" rate="2054.94,2184.94,2224.60,2117.03" sx="F,F,M,M"/><TAIKYOKU oya="0"/><INIT seed="0,0,0,4,2,100" ten="250,250,250,250" oya="0" hai0="97,131,98,67,127,37,82,13,28,65,54,119,46" hai1="2,3,41,84,30,115,102,93,111,12,87,74,5" hai2="21,27,101,63,26,36,89,121,120,16,24,99,105" hai3="70,22,117,53,92,4,86,77,125,31,57,130,8"/><T124/><D119/><U25/><E74/><V118/><F36/><W20/><G117/><T128/><D28/><U52/><E111/><V132/><F118/><W47/><G70/><T0/><D0/><U61/><E41/><V88/><F132/><W135/><G135/><T69/><D82/><U44/><E115/><V55/><F55/><W79/><G130/><N who="0" m="49707" /><D69/><U110/><E110/><V51/><F51/><W126/><G47/><T9/><D37/><U60/><E2/><V68/><F63/><W29/><G57/><T45/><D54/><U129/><E3/><V133/><F68/><W23/><G53/><T91/><D91/><U19/><E129/><V134/><F134/><W90/><G29/><T50/><D50/><U75/><E44/><N who="0" m="17001" /><D13/><U15/><E52/><V34/><F133/><W32/><G32/><T18/><D18/><U104/><E19/><V72/><F34/><W83/><G31/><T62/><D62/><U94/><E12/><V78/><F121/><W112/><G112/><T56/><D9/><U116/><E116/><V40/><F40/><W96/><G79/><T73/><D73/><U80/><E75/><V1/><F1/><W43/><G43/><T38/><D38/><U39/><E39/><V35/><F120/><W103/><G90/><N who="2" m="34921" /><F35/><W48/><G48/><T66/><D56/><U113/><E113/><V49/><F49/><W33/><G33/><T85/><D85/><N who="1" m="32843" /><E61/><V11/><F11/><W107/><G8/><T64/><N who="0" m="16384" /><DORA hai="108" /><T7/><D7/><U109/><E60/><V59/><F59/><W58/><G58/><T71/><D71/><RYUUKYOKU ba="0,0" sc="250,15,250,-15,250,15,250,-15" hai0="97,98,124,127" hai2="16,21,24,26,27,72,78,99,101,105" /><INIT seed="0,1,0,0,4,24" ten="265,235,265,235" oya="0" hai0="61,63,78,47,85,59,42,95,65,16,41,37,127" hai1="28,57,53,103,81,12,115,52,35,74,108,73,80" hai2="18,71,107,130,97,49,20,87,6,112,31,0,69" hai3="83,5,77,9,104,79,125,22,117,62,121,101,70"/><T134/><D134/><U86/><E108/><V34/><F112/><W119/><G125/><T60/><D127/><U26/><E115/><V17/><F17/><W33/><G33/><T51/><D42/><U90/><E103/><V1/><F1/><W92/><G121/><T32/><D32/><U50/><E81/><V88/><F130/><W128/><G128/><T44/><D44/><U100/><E100/><V123/><F123/><W14/><G104/><T40/><D40/><U58/><REACH who="1" step="1"/><E12/><REACH who="1" ten="265,225,265,235" step="2"/><V84/><F107/><W30/><G101/><T111/><D111/><U19/><E19/><V55/><F18/><W133/><G83/><T46/><D95/><U106/><E106/><V89/><F0/><W7/><G92/><T110/><D110/><U23/><E23/><V113/><F20/><W64/><G133/><T120/><D120/><U4/><E4/><V76/><F6/><W11/><G117/><T2/><D2/><U21/><E21/><V91/><F113/><W114/><G119/><T118/><D118/><U13/><E13/><V82/><F87/><W36/><G114/><T93/><D85/><U116/><E116/><V72/><F84/><W96/><G5/><T124/><D93/><U66/><E66/><V8/><F8/><W99/><G9/><T3/><D3/><U102/><E102/><V56/><F97/><W109/><G109/><T25/><D124/><U131/><E131/><V10/><F10/><W48/><G96/><T29/><D16/><U68/><E68/><V54/><F54/><W67/><G99/><T122/><D122/><U43/><E43/><RYUUKYOKU ba="1,1" sc="265,-15,225,15,265,15,235,-15" hai1="26,28,35,50,52,53,57,58,73,74,80,86,90" hai2="31,34,49,55,56,69,71,72,76,82,88,89,91" /><INIT seed="1,2,1,0,2,115" ten="250,240,280,220" oya="1" hai0="121,43,59,8,88,81,124,34,76,94,0,55,83" hai1="87,11,92,33,91,29,20,104,65,116,61,60,108" hai2="111,113,1,53,57,47,16,129,127,106,41,58,101" hai3="74,68,128,67,13,15,40,14,32,95,77,114,96"/><U86/><E104/><V70/><F70/><W105/><G114/><T112/><D112/><U80/><E33/><V118/><F118/><W6/><G32/><T10/><D34/><U12/><E116/><V82/><F1/><W51/><G128/><T63/><D124/><U132/><E132/><V78/><F113/><W18/><G105/><T98/><D121/><U135/><E108/><V52/><F129/><W123/><G123/><T9/><D43/><U45/><E135/><V130/><F127/><W49/><G6/><T69/><D69/><U99/><E45/><V7/><F7/><W110/><G110/><T93/><D0/><U84/><E80/><V46/><F111/><W27/><G74/><T3/><D3/><U39/><E39/><V90/><F90/><W75/><G75/><T42/><D76/><U44/><E44/><N who="2" m="16939" /><F101/><W17/><G77/><T71/><D42/><U25/><REACH who="1" step="1"/><E65/><REACH who="1" ten="250,230,280,220" step="2"/><V26/><F106/><W48/><G67/><T89/><REACH who="0" step="1"/><D71/><REACH who="0" ten="240,230,280,220" step="2"/><U5/><AGARI ba="2,3" hai="5,11,12,20,25,29,60,61,84,86,87,91,92,99" machi="5" ten="30,11700,0" yaku="1,1,2,1,0,1,8,1,53,0" doraHai="115" doraHaiUra="35" who="1" fromWho="1" sc="240,-41,230,153,280,-41,220,-41" /><INIT seed="1,3,0,2,0,60" ten="199,383,239,179" oya="1" hai0="73,82,1,100,40,17,39,48,132,97,92,64,86" hai1="128,51,122,31,65,89,77,12,94,70,6,62,127" hai2="90,81,74,13,131,52,88,20,66,110,38,5,41" hai3="115,11,76,8,71,95,111,59,99,3,80,18,107"/><U134/><E122/><V69/><F110/><W133/><G115/><T37/><D73/><U93/><E77/><V24/><F131/><W9/><G71/><T121/><D1/><U0/><E0/><V103/><F103/><W72/><G107/><T16/><D132/><U123/><E123/><V83/><F41/><W15/><G111/><T129/><D129/><U4/><E128/><V118/><F38/><W10/><G133/><T84/><D121/><U120/><E120/><V58/><F69/><W54/><G3/><T22/><D84/><U57/><E134/><V29/><F66/><W85/><G72/><T117/><D117/><U109/><E109/><V102/><F102/><W119/><G119/><T56/><D40/><U67/><E127/><V32/><F118/><W45/><G45/><T36/><D22/><U125/><E125/><V87/><F32/><W112/><G112/><T2/><D2/><U30/><E70/><V108/><F108/><W47/><G47/><T42/><D42/><U113/><E113/><V105/><F105/><W135/><G135/><T33/><D33/><U106/><E106/><V96/><F96/><W130/><G130/><T44/><D44/><U55/><E30/><V27/><F24/><W14/><G99/><T79/><REACH who="0" step="1"/><D48/><REACH who="0" ten="189,383,239,179" step="2"/><U61/><E51/><N who="2" m="31007" /><F74/><W49/><REACH who="3" step="1"/><G95/><REACH who="3" ten="189,383,239,169" step="2"/><T35/><D35/><U75/><E94/><V21/><F87/><W26/><G26/><T28/><D28/><U19/><E31/><V46/><F46/><W101/><G101/><T91/><D91/><U34/><E75/><V7/><F90/><W50/><G50/><RYUUKYOKU ba="3,2" sc="189,15,383,-15,239,-15,169,15" hai0="16,17,36,37,39,56,64,79,82,86,92,97,100" hai3="8,9,10,11,14,15,18,49,54,59,76,80,85" /><INIT seed="2,4,2,4,0,52" ten="204,368,224,184" oya="2" hai0="110,40,117,11,3,0,47,50,9,95,38,42,45" hai1="72,135,87,83,57,111,122,80,23,70,37,108,41" hai2="75,65,22,131,43,98,30,101,127,103,90,15,54" hai3="132,59,55,107,63,81,53,48,100,39,7,129,121"/><V16/><F75/><W67/><G121/><T46/><D110/><N who="1" m="42027" /><E70/><V33/><F127/><W2/><G39/><T18/><D117/><U96/><E135/><V12/><F131/><W74/><G129/><T97/><D45/><N who="1" m="23727" /><E122/><V88/><F33/><W34/><G34/><T73/><D73/><U114/><E114/><V27/><F65/><W86/><G74/><T66/><D66/><U76/><E96/><V82/><F43/><W77/><G132/><T4/><D18/><U124/><E124/><V109/><F109/><W6/><G2/><T10/><REACH who="0" step="1"/><D0/><REACH who="0" ten="194,368,224,184" step="2"/><U49/><E72/><V126/><F16/><W60/><G107/><T64/><D64/><U17/><E17/><V24/><F126/><W116/><G116/><T1/><D1/><U130/><E130/><V128/><F128/><W119/><G119/><T61/><D61/><U32/><E49/><V56/><F30/><W69/><REACH who="3" step="1"/><G100/><AGARI ba="4,3" hai="3,4,9,10,11,38,40,42,46,47,50,95,97,100" machi="100" ten="30,3900,0" yaku="1,1,7,1,53,1" doraHai="52" doraHaiUra="89" who="0" fromWho="3" sc="194,81,368,0,224,0,184,-51" /><INIT seed="3,0,0,3,0,108" ten="275,368,224,133" oya="3" hai0="131,119,46,40,135,107,8,78,12,53,82,100,122" hai1="94,133,37,80,56,128,25,43,110,85,42,67,13" hai2="15,71,126,84,9,7,92,64,72,4,101,39,44" hai3="123,49,77,68,89,105,104,54,52,125,16,35,99"/><W11/><G123/><T70/><D119/><U106/><E106/><V103/><F72/><W66/><G35/><T1/><D70/><U18/><E110/><V26/><F126/><W34/><G34/><T97/><D131/><U65/><E133/><V113/><F113/><W112/><G125/><T59/><D135/><U27/><E94/><V114/><F114/><W95/><G77/><T10/><D1/><U91/><E128/><V14/><F26/><N who="1" m="9737" /><E37/><V30/><F30/><W86/><G112/><T32/><D12/><U19/><E19/><V87/><F71/><W102/><G105/><T3/><D3/><U81/><E81/><V5/><F64/><N who="1" m="24649" /><E56/><V38/><F92/><W23/><G11/><AGARI ba="0,0" hai="11,13,18,42,43,80,85,91" m="24649,9737" machi="11" ten="30,1000,0" yaku="8,1" doraHai="108" who="1" fromWho="3" sc="275,0,368,10,224,0,133,-10" owari="275,7.5,378,47.8,224,-17.6,123,-37.7" /></mjloggm>