<mjloggm ver="2.3"><GO type="225" lobby="0"/><UN n0="%E3%81%A9%E3%82%8F%E3%82%93%E3%81%94" n1="%E8%BE%9B%E5%8F%A3%E3%82%AB%E3%83%AC%E3%83%BC%E3%83%A9%E3%82%A4%E3%82%B9" n2="%72%65%6E%6B%75%6E" n3="%E7%99%BD%E6%97%A5%E9%9B%AA%E8%8F%9C" dan="16,16,17,16" rate="2091.72,2224.12,2259.79,2148.94" sx="M,M,M,M"/><TAIKYOKU oya="0"/><INIT seed="0,0,0,5,5,122" ten="250,250,250,250" oya="0" hai0="110,89,15,72,73,39,56,54,31,93,52,7,128" hai1="55,120,104,135,121,111,29,57,50,86,5,108,34" hai2="13,126,71,106,19,80,60,95,81,48,118,28,91" hai3="66,26,25,87,37,79,12,112,42,131,105,16,68"/><T97/><D128/><U123/><E104/><V64/><F106/><W40/><G112/><T77/><D39/><U69/><E69/><V62/><F126/><W90/><G105/><T117/><D117/><U0/><E135/><V18/><F118/><W45/><G131/><T102/><D31/><U100/><E100/><V130/><F130/><W27/><G40/><T88/><D110/><N who="1" m="42027" /><E86/><V20/><F28/><W1/><G1/><T35/><D35/><U109/><N who="1" m="42035" /><U83/><DORA hai="65" /><E83/><V84/><F60/><W58/><G79/><T115/><D115/><U76/><E76/><V114/><F114/><W132/><G132/><T74/><D77/><U6/><E0/><V103/><F103/><W82/><G68/><T44/><D44/><U8/><E8/><V107/><F107/><W101/><G101/><T33/><D33/><U10/><E10/><V92/><F48/><W30/><G82/><T4/><D74/><U124/><E124/><V96/><F18/><W43/><G87/><T63/><D73/><U116/><E116/><V51/><F51/><W32/><G37/><T49/><D72/><U78/><E78/><V17/><F19/><W47/><G16/><T61/><D102/><U127/><E127/><V23/><F23/><W119/><G119/><T53/><D89/><U21/><E21/><V113/><F113/><W59/><G90/><T41/><D88/><U11/><E11/><V134/><F134/><W98/><G98/><T75/><D97/><U133/><E133/><V24/><F13/><W125/><G12/><T36/><D75/><U46/><E46/><RYUUKYOKU ba="0,0" sc="250,-15,250,15,250,15,250,-15" hai1="5,6,29,34,50,55,57,120,121,123" hai2="17,20,24,62,64,71,80,81,84,91,92,95,96" /><INIT seed="1,1,0,2,4,50" ten="235,265,265,235" oya="1" hai0="100,92,39,67,44,119,56,115,51,2,124,99,1" hai1="57,35,128,10,60,22,12,129,132,113,45,75,25" hai2="90,9,72,34,130,82,76,26,98,42,30,106,89" hai3="58,103,97,93,38,109,104,120,41,118,112,33,94"/><U20/><E113/><V101/><F130/><N who="1" m="50281" /><E75/><V110/><F110/><W91/><G112/><T52/><D119/><U0/><E0/><V85/><F42/><W28/><G120/><T14/><D115/><U81/><E45/><V64/><F64/><W32/><G109/><T18/><D124/><U88/><E35/><V78/><F78/><W116/><G41/><T127/><D127/><U114/><E114/><V7/><REACH who="2" step="1"/><F72/><REACH who="2" ten="235,265,255,235" step="2"/><W107/><G38/><T29/><D39/><U4/><E132/><V111/><F111/><W66/><G118/><T87/><D67/><N who="1" m="39311" /><E25/><V69/><F69/><W96/><G116/><T46/><D2/><AGARI ba="1,1" hai="2,7,9,26,30,34,76,82,85,89,90,98,101,106" machi="2" ten="30,2000,0" yaku="1,1,7,1,53,0" doraHai="50" doraHaiUra="13" who="2" fromWho="0" sc="235,-23,265,0,255,33,235,0" /><INIT seed="2,0,0,1,4,32" ten="212,265,288,235" oya="2" hai0="105,63,10,3,78,96,54,21,76,131,28,69,123" hai1="120,37,5,126,56,55,51,31,102,80,119,93,13" hai2="72,107,11,40,23,134,100,49,22,35,64,104,8" hai3="114,91,128,116,68,133,27,62,81,52,36,77,97"/><V135/><F35/><W39/><G116/><T29/><D123/><U6/><E119/><V57/><F72/><W101/><G128/><T50/><D131/><U132/><E120/><V124/><F124/><W82/><G133/><N who="2" m="50697" /><F40/><W94/><G114/><T130/><D130/><U33/><E37/><V122/><F122/><W12/><G12/><T19/><D105/><N who="2" m="40522" /><F100/><W48/><G27/><T38/><D96/><U129/><E126/><V59/><F49/><W90/><G82/><T46/><D38/><U41/><E80/><V44/><F44/><W108/><G108/><T111/><D111/><U67/><E41/><V42/><F42/><W92/><G101/><T24/><D78/><U4/><E129/><V106/><N who="2" m="40530" /><V26/><DORA hai="118" /><F23/><W89/><G36/><T113/><D76/><U121/><E121/><V86/><F86/><W74/><G39/><T61/><D113/><U53/><E102/><V1/><F64/><W7/><G97/><T18/><D63/><U2/><E67/><V15/><F15/><W95/><G62/><T60/><D61/><U14/><E13/><V99/><F99/><W16/><G74/><T85/><D85/><U17/><E14/><V20/><F22/><W115/><G48/><T65/><REACH who="0" step="1"/><D29/><REACH who="0" ten="202,265,288,235" step="2"/><U43/><E31/><N who="2" m="17863" /><F8/><W109/><G115/><T66/><D66/><U84/><E84/><V98/><F98/><W34/><G109/><T110/><D110/><U0/><E132/><V71/><F71/><W125/><G68/><T70/><D70/><U88/><E51/><V45/><F11/><W75/><G75/><T73/><D73/><RYUUKYOKU ba="0,1" sc="202,30,265,-10,288,-10,235,-10" hai0="3,10,18,19,21,24,28,46,50,54,60,65,69" /><INIT seed="3,1,1,1,1,34" ten="232,255,278,225" oya="3" hai0="101,18,76,28,84,120,124,70,102,122,45,104,81" hai1="126,25,100,123,99,129,69,47,40,133,80,15,16" hai2="97,112,113,55,48,64,38,105,39,60,46,63,56" hai3="31,61,5,74,4,98,93,51,96,54,132,30,79"/><W114/><G114/><N who="2" m="44137" /><F97/><W12/><G132/><T75/><D70/><U35/><E129/><V89/><F89/><W9/><G74/><T65/><D65/><U43/><E123/><V3/><F3/><W110/><G79/><T88/><D28/><N who="3" m="10793" /><G110/><T37/><D18/><U117/><E16/><V71/><F105/><W20/><G61/><T119/><D119/><U8/><E126/><V72/><F72/><W109/><G109/><T86/><D124/><U1/><E69/><V73/><F73/><W66/><G66/><AGARI ba="1,1" hai="38,39,46,48,55,56,60,63,64,66,71" m="44137" machi="66" ten="30,2000,0" yaku="34,2" doraHai="34" who="2" fromWho="3" sc="232,0,255,0,278,33,225,-23" owari="232,-16.8,255,5.5,311,41.1,202,-29.8" /></mjloggm>