<mjloggm ver="2.3"><GO type="225" lobby="0"/><UN n0="%E7%99%BD%E6%97%A5%E9%9B%AA%E8%8F%9C" n1="%E3%82%BF%E3%83%BC%E3%83%90%E3%83%B3%E9%87%8E%E5%8F%A3" n2="%E3%83%97%E3%83%92" n3="%E5%86%B7%E5%87%8D%E3%82%AE%E3%83%A7%E3%83%BC%E3%82%B6" dan="16,16,16,17" rate="2174.78,2119.23,2141.27,2209.61" sx="F,M,M,M"/><TAIKYOKU oya="0"/><INIT seed="0,0,0,0,0,59" ten="250,250,250,250" oya="0" hai0="126,57,17,38,113,82,25,80,132,51,98,18,32" hai1="135,52,102,122,88,16,89,13,112,58,27,49,48" hai2="131,106,11,62,127,3,93,79,29,60,84,125,2" hai3="50,61,63,108,54,116,39,74,69,31,34,109,66"/><T110/><D113/><U9/><E122/><V47/><F106/><W7/><G74/><T8/><D38/><U22/><E112/><V114/><F114/><W83/><G7/><T12/><D126/><N who="2" m="48138" /><F131/><W65/><G83/><T67/><D132/><U99/><E48/><V33/><F47/><N who="3" m="27999" /><G31/><T118/><D118/><U92/><REACH who="1" step="1"/><E135/><REACH who="1" ten="250,240,250,250" step="2"/><V76/><F2/><W14/><G116/><T85/><D51/><U21/><E21/><V53/><F33/><W43/><G34/><T20/><D32/><U134/><E134/><V30/><F3/><W73/><G73/><T86/><D110/><U15/><E15/><V75/><F75/><W124/><G14/><T101/><D80/><U96/><E96/><V45/><F11/><W4/><G124/><T117/><D117/><U19/><AGARI ba="0,1" hai="9,13,16,19,22,27,49,52,58,88,89,92,99,102" machi="19" ten="20,16000,3" yaku="1,1,0,1,7,1,8,1,54,3,53,1" doraHai="59" doraHaiUra="95" who="1" fromWho="1" sc="250,-80,240,170,250,-40,250,-40" /><INIT seed="1,0,0,2,0,101" ten="170,410,210,210" oya="1" hai0="81,16,20,26,27,86,95,29,69,90,94,22,25" hai1="71,113,108,38,0,88,131,52,110,89,59,21,135" hai2="128,17,51,66,62,33,75,125,104,40,48,106,14" hai3="50,34,129,54,60,56,31,28,127,7,96,100,126"/><U35/><E113/><V65/><F33/><W115/><G115/><T114/><D114/><U130/><E35/><V102/><F75/><W120/><G120/><T8/><D69/><U105/><E71/><V74/><F74/><W132/><G129/><N who="1" m="49162" /><E0/><V103/><F128/><W37/><G37/><T85/><D25/><U44/><E135/><V73/><F73/><W87/><G132/><T92/><REACH who="0" step="1"/><D8/><REACH who="0" ten="160,410,210,210" step="2"/><U122/><E122/><V57/><F125/><W123/><G123/><T64/><D64/><U107/><E108/><V121/><F121/><W61/><G126/><T43/><D43/><N who="1" m="22647" /><E110/><V111/><F65/><W118/><G127/><T63/><D63/><N who="1" m="36327" /><E21/><V55/><F111/><W58/><G34/><T70/><D70/><U39/><E39/><V80/><F40/><W83/><G60/><T30/><D30/><U93/><E89/><AGARI ba="0,1" hai="16,20,22,26,27,29,81,85,86,89,90,92,94,95" machi="89" ten="30,7700,0" yaku="1,1,7,1,8,1,54,1,53,0" doraHai="101" doraHaiUra="97" who="0" fromWho="1" sc="160,87,410,-77,210,0,210,0" /><INIT seed="2,0,0,0,3,62" ten="247,333,210,210" oya="2" hai0="10,74,111,39,2,108,118,68,103,97,94,107,119" hai1="83,130,16,64,43,0,104,90,120,17,105,86,115" hai2="87,133,6,106,116,27,32,58,78,42,59,114,24" hai3="55,41,102,134,72,4,135,52,123,85,21,82,131"/><V54/><F114/><W38/><G123/><T3/><D74/><U31/><E115/><V9/><F106/><W71/><G131/><T75/><D75/><U125/><E0/><N who="0" m="41" /><D10/><U84/><E43/><V126/><F116/><N who="0" m="44586" /><D39/><U12/><E130/><V101/><F101/><W30/><G4/><T36/><D36/><U26/><E125/><V117/><F117/><W28/><G72/><T46/><D46/><U48/><E48/><V110/><F42/><W35/><G35/><T98/><D68/><U5/><E5/><V11/><F32/><W60/><G41/><T79/><D79/><U70/><E120/><V50/><F126/><W93/><G38/><T25/><D25/><U81/><E70/><V51/><F78/><W37/><G37/><T18/><D18/><U8/><E17/><V132/><F6/><W63/><G71/><T129/><D129/><U69/><E26/><V91/><F87/><W88/><G134/><T29/><D29/><N who="3" m="11369" /><G21/><T57/><D57/><U23/><E31/><V121/><F121/><W49/><G135/><T45/><D45/><U22/><E23/><V77/><F77/><W44/><G55/><T113/><D113/><U89/><E22/><V109/><F54/><W1/><G1/><T15/><D15/><U124/><E124/><V20/><F20/><W19/><G19/><T47/><D47/><U122/><E122/><V67/><REACH who="2" step="1"/><F91/><AGARI ba="0,0" hai="91,94,97,98,103,107,108,111" m="44586,41" machi="91" ten="30,1000,0" yaku="12,1" doraHai="62" who="0" fromWho="2" sc="247,10,333,0,210,-10,210,0" /><INIT seed="3,0,0,3,2,77" ten="257,333,200,210" oya="3" hai0="109,58,2,116,73,127,78,21,128,99,120,53,68" hai1="43,103,47,131,89,31,57,96,24,87,113,71,29" hai2="20,55,62,28,9,52,110,76,64,54,16,14,104" hai3="37,114,44,36,98,69,115,34,1,18,133,33,121"/><W74/><G121/><T59/><D120/><U22/><E113/><N who="3" m="43018" /><G18/><T39/><D116/><U32/><E131/><V100/><F110/><W80/><G133/><T50/><D109/><U107/><E71/><V79/><F104/><W10/><G98/><T65/><D58/><U112/><E57/><N who="2" m="36943" /><F100/><W85/><G85/><T119/><D119/><U6/><E6/><N who="2" m="3383" /><F28/><W7/><G7/><T92/><BYE who="3" /><D127/><U86/><E86/><V102/><F102/><W3/><G3/><T25/><D2/><U15/><E15/><AGARI ba="0,0" hai="15,16,20,52,54,55,76,79" m="3383,36943" machi="15" ten="30,3900,0" yaku="8,1,54,2" doraHai="77" who="2" fromWho="1" sc="257,0,333,-39,200,39,210,0" /><INIT seed="4,0,0,2,2,40" ten="257,294,239,210" oya="0" hai0="50,39,111,25,106,75,42,86,77,17,41,53,123" hai1="18,101,113,59,22,58,28,73,31,131,109,35,62" hai2="19,54,8,76,93,122,79,47,108,132,23,67,80" hai3="130,78,98,125,133,104,48,63,81,92,97,65,61"/><T71/><D123/><U114/><E109/><UN n3="%E5%86%B7%E5%87%8D%E3%82%AE%E3%83%A7%E3%83%BC%E3%82%B6" /><V7/><F108/><W32/><G125/><T107/><D111/><U34/><E131/><V102/><F122/><W51/><G130/><T94/><D71/><U3/><E3/><V96/><F67/><W57/><G32/><N who="1" m="12330" /><E73/><V112/><F112/><N who="1" m="43113" /><E101/><V10/><F132/><W117/><G133/><T84/><D75/><U82/><E82/><V116/><F116/><W128/><G117/><T12/><D25/><N who="1" m="14551" /><E58/><V72/><F76/><W129/><G128/><T44/><D77/><U36/><E36/><V87/><F72/><W70/><G129/><T103/><D107/><U2/><E2/><V6/><F79/><W121/><G104/><T14/><D106/><U88/><E88/><V0/><F80/><W95/><G121/><T85/><D39/><U100/><E100/><V4/><F87/><W46/><G95/><T49/><D41/><U127/><E127/><V15/><F0/><W119/><G119/><T60/><D60/><U110/><E110/><V33/><F33/><W29/><G51/><AGARI ba="0,0" hai="4,6,7,8,10,15,19,23,47,51,54,93,96,102" machi="51" ten="40,2600,0" yaku="8,1,52,1" doraHai="40" who="2" fromWho="3" sc="257,0,294,0,239,26,210,-26" /><INIT seed="5,0,0,5,4,33" ten="257,294,265,184" oya="1" hai0="38,36,107,114,58,55,82,12,22,124,121,43,23" hai1="92,133,75,8,93,51,10,117,98,91,39,11,116" hai2="42,61,49,14,65,60,26,4,32,135,30,74,6" hai3="81,67,96,18,17,88,103,94,112,57,72,46,90"/><U2/><E39/><V122/><F122/><W59/><G112/><T110/><D110/><U40/><E75/><V106/><F74/><W37/><G37/><T1/><D107/><U123/><E123/><V63/><F135/><W130/><G130/><T132/><D121/><U47/><E2/><V111/><F111/><W20/><G46/><T134/><D114/><U97/><REACH who="1" step="1"/><E133/><REACH who="1" ten="257,284,265,184" step="2"/><V53/><F106/><W64/><G72/><T27/><D1/><U77/><E77/><V102/><F65/><N who="3" m="25163" /><G17/><T79/><D132/><U100/><AGARI ba="0,1" hai="8,10,11,40,47,51,91,92,93,97,98,100,116,117" machi="100" ten="30,3000,0" yaku="1,1,0,1,53,0" doraHai="33" doraHaiUra="109" who="1" fromWho="1" sc="257,-10,284,40,265,-10,184,-10" owari="247,-15.3,324,42.4,255,5.5,174,-32.6" /></mjloggm>