<mjloggm ver="2.3"><GO type="225" lobby="0"/><UN n0="%4C%4F%4C%49%54%41" n1="%E5%8D%A0%E3%81%84%E5%B8%AB%E8%A3%8F%E3%81%AA%E3%81%84%E3%81%97" n2="%E3%81%A9%E3%82%8F%E3%82%93%E3%81%94" n3="%E3%83%97%E3%83%92" dan="16,16,16,17" rate="2174.85,2161.84,2047.06,2191.86" sx="F,M,M,M"/><TAIKYOKU oya="0"/><INIT seed="0,0,0,0,5,4" ten="250,250,250,250" oya="0" hai0="127,42,68,116,51,85,69,105,0,72,62,53,126" hai1="101,130,21,90,104,49,133,111,39,119,24,103,57" hai2="124,5,13,18,93,3,23,46,89,123,117,125,96" hai3="19,37,82,98,35,76,56,50,84,2,112,97,109"/><T16/><D72/><U74/><E119/><V14/><F123/><W75/><G112/><T80/><D116/><U28/><E39/><V26/><F117/><W77/><G37/><T135/><D105/><U55/><E111/><V15/><REACH who="2" step="1"/><F46/><REACH who="2" ten="250,250,240,250" step="2"/><W88/><G109/><T78/><D135/><U87/><E133/><V41/><F41/><W71/><G75/><T63/><D42/><U102/><E74/><V10/><AGARI ba="0,1" hai="3,5,10,13,14,15,18,23,26,89,93,96,124,125" machi="10" ten="30,4000,0" yaku="1,1,0,1,52,1,53,0" doraHai="4" doraHaiUra="47" who="2" fromWho="2" sc="250,-20,250,-10,240,50,250,-10" /><INIT seed="1,0,0,2,1,39" ten="230,240,290,240" oya="1" hai0="106,74,51,127,3,81,6,33,100,83,31,9,111" hai1="124,53,16,65,72,55,130,44,121,98,12,25,61" hai2="112,109,115,45,114,103,4,132,113,99,34,95,96" hai3="63,22,70,82,125,105,13,41,101,134,135,40,118"/><U21/><E121/><V122/><F34/><W117/><G125/><T66/><D81/><U91/><E124/><V48/><F122/><W19/><G82/><T32/><D127/><U8/><E130/><V97/><F109/><W107/><G70/><T59/><D111/><U78/><E72/><V57/><N who="2" m="28672" /><DORA hai="5" /><V24/><F132/><N who="3" m="50731" /><G63/><T17/><D17/><U26/><E78/><V102/><F57/><W58/><G58/><T77/><D31/><U87/><E98/><V42/><F24/><W119/><G101/><N who="2" m="38409" /><F4/><W120/><G120/><T131/><D131/><U84/><E26/><V20/><F20/><W28/><G28/><T43/><D66/><U68/><E44/><V46/><F45/><W85/><G85/><T60/><D60/><U23/><E87/><V86/><F86/><W1/><G1/><T67/><D67/><U27/><E27/><V128/><F128/><W73/><G73/><T2/><D2/><U50/><E21/><V7/><F7/><W92/><G92/><AGARI ba="0,0" hai="42,46,48,92,95,96,97,99" m="38409,28672" machi="92" ten="60,3900,0" yaku="11,1,52,1" doraHai="39,5" who="2" fromWho="3" sc="230,0,240,0,290,39,240,-39" /><INIT seed="2,0,0,2,1,28" ten="230,240,329,201" oya="2" hai0="117,0,56,110,128,34,25,120,115,69,39,51,112" hai1="41,15,36,16,21,93,48,75,101,66,45,55,125" hai2="106,9,31,57,104,102,97,46,62,111,29,132,14" hai3="77,30,105,96,17,35,127,94,6,7,82,58,3"/><V90/><F132/><W11/><G127/><T126/><RYUUKYOKU type="yao9" ba="0,0" sc="230,0,240,0,329,0,201,0" hai0="0,25,34,39,51,56,69,110,112,115,117,120,126,128" /><INIT seed="2,1,0,0,2,111" ten="230,240,329,201" oya="2" hai0="72,50,67,71,131,29,63,80,134,124,42,52,46" hai1="8,17,106,54,120,11,65,70,112,9,125,35,14" hai2="93,99,60,12,79,85,119,118,18,107,7,77,128" hai3="37,4,133,5,2,19,57,3,41,127,44,91,92"/><V45/><F107/><W40/><G133/><T49/><D134/><U26/><E106/><V55/><F128/><W53/><G127/><T74/><D124/><U20/><E70/><V98/><F7/><W31/><G31/><T126/><D126/><U103/><E103/><V130/><F130/><W64/><G40/><T58/><D131/><U28/><E65/><V81/><F79/><W36/><G37/><T129/><D129/><U117/><E125/><V90/><F99/><W39/><G39/><T86/><REACH who="0" step="1"/><D29/><REACH who="0" ten="220,240,329,201" step="2"/><U0/><E120/><V102/><F119/><W104/><G2/><T115/><D115/><U88/><E112/><V95/><F118/><W32/><G3/><T1/><D1/><U73/><E117/><V10/><F77/><AGARI ba="1,1" hai="42,46,49,50,52,58,63,67,71,72,74,77,80,86" machi="77" ten="30,3900,0" yaku="1,1,7,1,54,1,53,0" doraHai="111" doraHaiUra="84" who="0" fromWho="2" sc="220,52,240,0,329,-42,201,0" /><INIT seed="3,0,0,2,1,27" ten="272,240,287,201" oya="3" hai0="22,79,26,54,8,33,75,128,77,98,52,126,106" hai1="69,48,12,21,127,16,49,1,133,124,71,66,116" hai2="100,46,120,30,80,101,83,35,58,99,34,36,89" hai3="125,51,17,135,129,2,119,45,123,14,0,63,38"/><W56/><G119/><T67/><D33/><U5/><E133/><V57/><F120/><W31/><G123/><T86/><D75/><U91/><E116/><V44/><F89/><W68/><G135/><T24/><D128/><U122/><E122/><V107/><F30/><W81/><G129/><T114/><D126/><N who="1" m="48171" /><E66/><V76/><F99/><W130/><G125/><T47/><D114/><U7/><E91/><V43/><F43/><W18/><G130/><T13/><D67/><U53/><E49/><V94/><F94/><W93/><G68/><N who="1" m="26186" /><E1/><V78/><F36/><W134/><G38/><T109/><D109/><U111/><E111/><V102/><F102/><W73/><G134/><T10/><D79/><U3/><E3/><V112/><F112/><W74/><G2/><T29/><D77/><U11/><E11/><V19/><F19/><W41/><G17/><T42/><D8/><U55/><E55/><V62/><F62/><W105/><G0/><T61/><D61/><U88/><E88/><V90/><F90/><W96/><G81/><T25/><D54/><U23/><E23/><V6/><F6/><W92/><G73/><T118/><D118/><U113/><E113/><V50/><F50/><W15/><G74/><T59/><D29/><U132/><E132/><V60/><F60/><W85/><G31/><T87/><D22/><U64/><E64/><V39/><F39/><W121/><G121/><T70/><D70/><U37/><E37/><V84/><F84/><W82/><G85/><T40/><D87/><U4/><E5/><V72/><F72/><W28/><G51/><RYUUKYOKU ba="0,0" sc="272,-15,240,15,287,15,201,-15" hai1="4,7,12,16,21,48,53" hai2="34,35,44,46,57,58,76,78,80,83,100,101,107" owari="257,5.7,255,-14.5,302,40.2,186,-31.4" /></mjloggm>