<mjloggm ver="2.3"><GO type="225" lobby="0"/><UN n0="%E3%81%99%E3%81%84%E3%81%BE%E3%81%9B%E3%83%BC%E3%82%93" n1="%E3%83%AC%E3%82%A4%E3%83%88%E3%83%B3%E5%87%86%E6%95%99%E6%8E%88" n2="%E3%81%BF%E3%81%BF%E3%81%9A" n3="%E5%B0%8F%37%34" dan="17,19,16,16" rate="2243.59,2298.77,2171.73,2147.55" sx="M,M,M,M"/><TAIKYOKU oya="0"/><INIT seed="0,0,0,4,2,40" ten="250,250,250,250" oya="0" hai0="17,132,119,130,54,71,94,114,28,123,15,82,109" hai1="53,18,129,96,38,112,2,80,90,10,23,44,134" hai2="122,33,128,49,26,58,127,74,46,88,31,61,125" hai3="118,19,69,120,34,11,86,39,103,124,41,29,7"/><T107/><D107/><U14/><E129/><V56/><F122/><W20/><G120/><T85/><D71/><U62/><E134/><V6/><F74/><W16/><G118/><T60/><D119/><U105/><E112/><V27/><F128/><W37/><G69/><T50/><D123/><U83/><E62/><V66/><F6/><W30/><G124/><N who="2" m="47689" /><F26/><W64/><G64/><T5/><D130/><U133/><E133/><V115/><F115/><W77/><G34/><T121/><D121/><U108/><E108/><V79/><F79/><W92/><G37/><T110/><D132/><U100/><E90/><V76/><F76/><W47/><G19/><T75/><D75/><U13/><E2/><V52/><F88/><W104/><G104/><T78/><D114/><U72/><E72/><V24/><F24/><W1/><G77/><T111/><D94/><N who="1" m="58391" /><E38/><V113/><F113/><W21/><G21/><N who="0" m="11455" /><D5/><N who="1" m="3279" /><E105/><V22/><F33/><W43/><G39/><T4/><D4/><U45/><E45/><AGARI ba="0,0" hai="22,27,31,45,46,49,52,56,58,61,66" m="47689" machi="45" ten="30,7700,0" yaku="18,1,52,2,54,1" doraHai="40" who="2" fromWho="1" sc="250,0,250,-77,250,77,250,0" /><INIT seed="1,0,0,4,5,106" ten="250,173,327,250" oya="1" hai0="7,116,26,3,134,109,89,33,91,22,21,15,82" hai1="90,63,48,110,84,60,133,1,80,8,105,97,42" hai2="126,99,127,117,12,32,69,65,58,118,72,27,66" hai3="114,10,92,95,132,19,23,37,4,24,64,56,78"/><U94/><E133/><V112/><F69/><W85/><G114/><T100/><D116/><N who="2" m="44650" /><F112/><W93/><G37/><T25/><D3/><U88/><E105/><V123/><F123/><W11/><G132/><T18/><D109/><U16/><E110/><V103/><F12/><W13/><G64/><T41/><D134/><U46/><E1/><V52/><F27/><W59/><G10/><N who="0" m="4575" /><D33/><U54/><E42/><V28/><F28/><W2/><REACH who="3" step="1"/><G2/><REACH who="3" ten="250,173,327,240" step="2"/><T38/><D38/><U29/><E29/><V71/><F65/><W107/><G107/><T61/><D41/><U14/><AGARI ba="0,1" hai="8,14,16,46,48,54,60,63,80,84,88,90,94,97" machi="14" ten="30,18000,2" yaku="0,1,25,2,8,1,54,2" doraHai="106" who="1" fromWho="1" sc="250,-60,173,190,327,-60,240,-60" /><INIT seed="1,1,0,0,0,38" ten="190,363,267,180" oya="1" hai0="75,22,84,42,91,110,21,34,29,47,62,105,37" hai1="129,83,56,101,116,124,103,82,92,118,117,59,85" hai2="78,99,4,86,107,32,28,11,73,18,98,33,53" hai3="96,2,87,126,12,95,125,65,39,100,68,46,115"/><U49/><E124/><N who="3" m="47722" /><G2/><T41/><D110/><U40/><E129/><V51/><F73/><W3/><G3/><T16/><D105/><U70/><E70/><V135/><F135/><W71/><G115/><T13/><D75/><U52/><E40/><N who="0" m="15465" /><D37/><U130/><E130/><V19/><F28/><W89/><G65/><T25/><D34/><U104/><E104/><V134/><F32/><W132/><G132/><T74/><D74/><U111/><E111/><V31/><F31/><W64/><G64/><T90/><D47/><U72/><E92/><V121/><F33/><W8/><G46/><T7/><D62/><U69/><E69/><V120/><F134/><W24/><G24/><N who="0" m="16527" /><D84/><U30/><E85/><V14/><F121/><W35/><G39/><T36/><D36/><U80/><E72/><V128/><F120/><W0/><G35/><T58/><D58/><U114/><E114/><V81/><F128/><W79/><G0/><T119/><D119/><U61/><E117/><V26/><F107/><N who="3" m="63879" /><G79/><T109/><D109/><U76/><E76/><V44/><F26/><W77/><G77/><T20/><D7/><AGARI ba="1,0" hai="7,8,12,68,71,87,89,95" m="63879,47722" machi="7" ten="30,1000,0" yaku="18,1" doraHai="38" who="3" fromWho="0" sc="190,-13,363,0,267,0,180,13" /><INIT seed="2,0,0,2,4,97" ten="177,363,267,193" oya="2" hai0="130,84,43,77,21,49,111,128,61,63,99,62,23" hai1="109,11,4,129,50,68,98,108,87,134,126,0,116" hai2="120,122,55,72,125,100,127,47,117,58,135,48,89" hai3="46,41,74,101,104,37,91,6,80,14,45,103,88"/><V121/><F72/><W52/><G104/><T66/><D111/><N who="1" m="42571" /><E116/><V28/><F28/><W59/><G46/><N who="0" m="25823" /><D66/><U94/><E68/><V105/><F117/><W73/><G74/><T7/><D7/><U53/><E134/><V90/><F135/><W34/><G34/><T93/><D130/><U3/><E126/><N who="2" m="48139" /><F47/><W44/><G44/><T132/><D128/><U54/><E3/><V24/><F24/><W38/><G38/><T118/><D118/><U32/><E32/><V110/><F110/><W76/><G6/><T18/><D132/><U10/><E4/><V13/><F13/><W95/><G14/><T17/><D18/><U114/><E0/><V29/><F29/><W113/><G113/><T81/><D17/><U96/><E114/><V30/><F30/><W33/><G33/><T9/><D9/><U26/><E26/><V15/><F15/><W123/><G123/><N who="2" m="31489" /><V115/><DORA hai="79" /><F115/><W22/><G22/><T69/><D69/><U107/><E11/><V86/><F86/><W60/><REACH who="3" step="1"/><G91/><AGARI ba="0,0" hai="21,23,61,62,63,77,81,84,91,93,99" m="25823" machi="91" ten="30,2000,0" yaku="8,1,52,1" doraHai="97,79" who="0" fromWho="3" sc="177,20,363,0,267,0,193,-20" /><INIT seed="3,0,0,2,2,108" ten="197,363,267,173" oya="3" hai0="53,28,123,66,125,65,135,39,118,18,76,31,84" hai1="74,40,25,17,36,7,58,4,22,85,114,115,68" hai2="121,134,16,37,78,109,44,117,56,41,106,59,14" hai3="126,75,27,91,86,63,133,15,55,88,46,20,12"/><W72/><G126/><T45/><D123/><U23/><E74/><V101/><F117/><W54/><G91/><T5/><D118/><U116/><E68/><V110/><F121/><W34/><G34/><T62/><D135/><U11/><E116/><V19/><F78/><W122/><G122/><T82/><D125/><U38/><E58/><V60/><F134/><W50/><G133/><T61/><D5/><U32/><E32/><V69/><F69/><W129/><G129/><T52/><D18/><U102/><E102/><V87/><F87/><W113/><G113/><T73/><D73/><N who="3" m="28233" /><G63/><N who="0" m="24075" /><D39/><U89/><E40/><V80/><F80/><N who="3" m="49223" /><G55/><N who="0" m="21067" /><D45/><U51/><E89/><V67/><F59/><W131/><G131/><T47/><D47/><U42/><E114/><V43/><F43/><W70/><G70/><T2/><D2/><U92/><E42/><V81/><F81/><W93/><G93/><T90/><D90/><U29/><E92/><V96/><REACH who="2" step="1"/><F19/><REACH who="2" ten="197,363,257,173" step="2"/><W24/><G24/><T83/><D82/><U8/><E17/><V57/><F57/><W48/><G48/><T98/><D98/><U71/><E51/><V10/><AGARI ba="0,1" hai="10,14,16,37,41,44,56,60,67,96,101,106,109,110" machi="10" ten="30,4000,0" yaku="1,1,0,1,54,1,53,0" doraHai="108" doraHaiUra="124" who="2" fromWho="2" sc="197,-10,363,-10,257,50,173,-20" owari="187,-21.3,353,45.3,307,10.7,153,-34.7" /></mjloggm>