<mjloggm ver="2.3"><GO type="225" lobby="0"/><UN n0="%E3%81%8B%E3%82%8F%E3%81%A1%E3%82%83%E3%82%93%35%38" n1="%42%42%E3%81%A7%E3%81%99%E3%80%82" n2="%E3%82%A2%E3%83%A1%E3%82%A2%E3%83%A9%E3%83%AC" n3="%E6%A1%9C%E8%8A%B1%E9%96%83%E3%80%85" dan="17,17,16,16" rate="2184.71,2153.55,2099.99,2130.25" sx="M,M,M,M"/><TAIKYOKU oya="0"/><INIT seed="0,0,0,3,0,110" ten="250,250,250,250" oya="0" hai0="34,105,100,123,124,78,84,29,68,54,11,6,43" hai1="115,133,47,4,87,113,49,53,64,42,8,59,66" hai2="80,92,39,33,96,57,48,20,90,85,36,15,93" hai3="28,10,119,95,122,89,107,58,22,3,106,117,26"/><T101/><D123/><U63/><E133/><V121/><F33/><W83/><G122/><T12/><D124/><U81/><E64/><V86/><F121/><W125/><G125/><T13/><D68/><U16/><E16/><V134/><F134/><W103/><G103/><N who="0" m="39499" /><D34/><U75/><E75/><V99/><F39/><W127/><G83/><N who="0" m="47223" /><D105/><U82/><E66/><V38/><F38/><W79/><G79/><T116/><D116/><U131/><E131/><V70/><F36/><W71/><G71/><T27/><D43/><U126/><E126/><V40/><F70/><W104/><G58/><T91/><D27/><U9/><E82/><V102/><F80/><W2/><G127/><T35/><D35/><U1/><REACH who="1" step="1"/><E9/><REACH who="1" ten="250,240,250,250" step="2"/><V46/><F57/><W72/><G10/><T77/><D11/><U52/><E52/><V94/><F94/><W23/><G72/><T76/><D6/><U130/><E130/><V31/><F31/><W41/><G41/><T135/><D135/><U73/><E73/><V7/><F7/><W17/><G119/><T118/><D118/><U51/><E51/><V18/><AGARI ba="0,1" hai="15,18,20,40,46,48,85,86,90,92,93,96,99,102" machi="18" ten="30,2000,0" yaku="0,1,8,1" doraHai="110" who="2" fromWho="2" sc="250,-10,240,-5,250,30,250,-5" /><INIT seed="1,0,0,5,2,30" ten="240,235,280,245" oya="1" hai0="45,91,33,25,26,134,20,9,71,82,96,127,65" hai1="135,3,31,103,115,56,77,60,89,116,47,83,46" hai2="16,79,1,19,93,125,18,76,4,111,52,39,24" hai3="49,14,29,113,107,106,117,53,124,5,84,15,114"/><U59/><E115/><V72/><F111/><W63/><G124/><T67/><D127/><U80/><E116/><V66/><F125/><W57/><G117/><T58/><D71/><U2/><E103/><V78/><F39/><W44/><G29/><T98/><D134/><U95/><E31/><V48/><F66/><N who="0" m="25098" /><D33/><U88/><E95/><V100/><F24/><W40/><G84/><N who="0" m="50583" /><D9/><U10/><E10/><V75/><F4/><W81/><G81/><T34/><D34/><U118/><E60/><V122/><F122/><W104/><REACH who="3" step="1"/><G5/><REACH who="3" ten="240,235,280,235" step="2"/><T102/><D98/><U27/><E118/><V38/><F75/><W131/><G131/><T32/><D96/><U99/><E99/><N who="2" m="59503" /><F72/><W55/><G55/><T28/><D32/><U90/><E77/><V22/><F1/><W126/><G126/><T50/><D28/><U109/><E109/><V120/><F120/><W7/><G7/><T8/><D102/><U73/><E73/><V94/><F78/><W87/><G87/><T21/><D8/><U17/><E90/><V23/><F79/><W61/><G61/><T51/><D20/><U42/><E135/><V43/><F76/><W121/><G121/><T112/><D21/><U105/><E17/><V97/><F97/><W119/><G119/><T69/><D112/><AGARI ba="0,1" hai="14,15,40,44,49,53,57,63,104,106,107,112,113,114" machi="112" ten="50,1600,0" yaku="1,1,53,0" doraHai="30" doraHaiUra="130" who="3" fromWho="0" sc="240,-16,235,0,280,0,235,26" /><INIT seed="2,0,0,0,3,85" ten="224,235,280,261" oya="2" hai0="24,17,96,84,36,107,12,125,80,118,2,95,71" hai1="34,90,67,77,52,106,8,131,40,133,42,59,72" hai2="31,70,38,9,78,68,65,22,62,28,124,44,58" hai3="1,60,126,46,30,75,73,123,23,29,86,132,89"/><V99/><F124/><W4/><G123/><T92/><D2/><U26/><E106/><V108/><F108/><W87/><G126/><T37/><D125/><U103/><E103/><V6/><F78/><W112/><G132/><T53/><D107/><U79/><E133/><V0/><F99/><W102/><G102/><T64/><D118/><U111/><E111/><V20/><F38/><W98/><G75/><T105/><D105/><U117/><E67/><V7/><F44/><W82/><G73/><T51/><D37/><U114/><E114/><V88/><F7/><W15/><G98/><T3/><D3/><U83/><E117/><V101/><F101/><W41/><G112/><T47/><D36/><U119/><E79/><V93/><F22/><W130/><G130/><T100/><D95/><U81/><E119/><V33/><F33/><W115/><G115/><T61/><D24/><U63/><E8/><V54/><F20/><W134/><G60/><T120/><D120/><U49/><E63/><V122/><F122/><W74/><G74/><T32/><D32/><U27/><E131/><V116/><F116/><W25/><G1/><T10/><D84/><U14/><E14/><V110/><F110/><W19/><G87/><T21/><D10/><U45/><E34/><V55/><F70/><W18/><G134/><T129/><REACH who="0" step="1"/><D80/><REACH who="0" ten="214,235,280,261" step="2"/><U104/><E104/><V13/><F0/><W35/><G35/><T76/><D76/><U5/><E77/><V127/><F127/><W50/><G4/><T43/><D43/><U128/><E40/><V91/><F6/><W66/><G41/><RYUUKYOKU ba="0,1" sc="214,30,235,-10,280,-10,261,-10" hai0="12,17,21,47,51,53,61,64,71,92,96,100,129" /><INIT seed="3,1,1,4,3,11" ten="244,225,270,251" oya="3" hai0="42,118,85,83,110,34,5,9,120,61,125,20,73" hai1="52,122,13,127,64,88,135,97,78,84,33,2,56" hai2="113,75,96,59,46,43,105,6,131,74,119,19,72" hai3="94,121,69,68,103,102,130,133,24,124,47,25,51"/><W27/><G121/><T44/><D120/><U76/><E2/><V0/><F113/><W81/><G133/><T93/><D34/><U117/><E122/><V112/><F119/><W134/><G134/><T111/><D118/><U54/><E135/><V91/><F131/><W100/><G130/><T29/><D73/><U106/><E117/><V21/><F6/><W38/><G38/><T98/><D125/><U77/><E33/><V53/><F0/><W8/><G124/><T63/><D20/><U41/><E41/><V3/><F3/><W58/><G58/><T7/><D29/><U48/><E127/><V4/><F4/><N who="0" m="1610" /><D9/><U129/><E129/><V79/><F79/><W123/><G8/><T82/><D82/><U36/><E36/><V80/><F80/><W55/><G123/><T32/><D32/><U15/><E64/><V114/><F105/><W16/><G81/><T62/><D85/><U108/><E108/><N who="0" m="41513" /><D83/><N who="1" m="49183" /><E106/><V71/><F75/><W17/><REACH who="3" step="1"/><G94/><REACH who="3" ten="244,225,270,241" step="2"/><T57/><D57/><N who="1" m="32903" /><E97/><V86/><F96/><W101/><N who="3" m="25600" /><DORA hai="65" /><W10/><G10/><T26/><D98/><U40/><E40/><V116/><F43/><W90/><G90/><T126/><D126/><U22/><E22/><V35/><F21/><W18/><AGARI ba="1,2" hai="16,17,18,24,25,27,47,51,55,68,69" m="25600" machi="18" ten="50,24000,3" yaku="1,1,0,1,29,2,52,2,54,1,53,1" doraHai="11,65" doraHaiUra="1,50" who="3" fromWho="3" sc="244,-81,225,-81,270,-81,241,263" owari="163,-23.7,144,-35.6,189,-1.1,504,60.4" /></mjloggm>