<mjloggm ver="2.3"><GO type="225" lobby="0"/><UN n0="%E5%84%AA%40%41%42%43" n1="%E6%B4%BE%E9%81%A3%E3%81%AE%E3%82%B8%E3%83%A3%E3%83%83%E3%82%AF" n2="%E5%8D%A0%E3%81%84%E5%B8%AB%E8%A3%8F%E3%81%AA%E3%81%84%E3%81%97" n3="%E7%89%B9%E6%9D%B1%E3%81%AF%E4%B8%96%E7%95%8C%E3%82%92%E6%95%91%E3%81%86" dan="18,17,16,16" rate="2192.10,2211.43,2137.54,2093.77" sx="M,M,M,M"/><TAIKYOKU oya="0"/><INIT seed="0,0,0,5,3,69" ten="250,250,250,250" oya="0" hai0="28,0,53,10,59,26,55,21,15,113,41,102,67" hai1="43,105,129,36,111,109,12,19,7,123,131,125,89" hai2="130,132,40,34,128,122,62,2,101,127,32,87,66" hai3="106,25,70,121,8,20,73,57,23,17,6,58,97"/><T116/><D113/><U64/><E105/><V82/><F122/><W135/><G70/><T9/><D116/><U88/><E123/><V22/><F2/><W93/><G121/><T1/><D67/><U39/><E7/><V65/><F65/><W85/><G73/><T96/><D41/><U114/><E125/><V95/><F127/><W60/><G135/><T108/><D108/><N who="1" m="41547" /><E64/><V91/><F132/><W124/><G124/><T120/><D120/><U31/><E31/><V103/><F40/><W98/><G23/><T133/><D133/><U126/><E114/><V80/><F22/><W50/><G106/><T118/><D118/><U47/><E39/><V16/><F32/><W37/><G37/><T61/><D55/><U24/><E24/><V45/><F34/><W134/><G50/><T33/><D21/><N who="1" m="11495" /><E126/><V5/><F5/><W63/><G134/><T107/><REACH who="0" step="1"/><D10/><REACH who="0" ten="240,250,250,250" step="2"/><U79/><E79/><V14/><F66/><W4/><G8/><T110/><D110/><U49/><E49/><V92/><F62/><W90/><G63/><T30/><D30/><U76/><E76/><V42/><F42/><W48/><G48/><T44/><D44/><U51/><E51/><V11/><F45/><W29/><G29/><T3/><D3/><U68/><E68/><V104/><F11/><W81/><G60/><T75/><D75/><U100/><E100/><V74/><F74/><W112/><G112/><T86/><D86/><U35/><E35/><V94/><F103/><N who="3" m="60847" /><G98/><T38/><D38/><U117/><E117/><V77/><F101/><W18/><G58/><T56/><D56/><RYUUKYOKU ba="0,1" sc="240,15,250,15,250,-15,250,-15" hai0="0,1,9,15,26,28,33,53,59,61,96,102,107" hai1="36,43,47,88,89,129,131" /><INIT seed="0,1,1,0,5,46" ten="255,265,235,235" oya="0" hai0="32,68,7,52,123,22,21,13,59,3,58,93,79" hai1="48,47,88,107,74,82,28,61,1,14,97,103,81" hai2="64,42,113,4,91,73,71,50,89,44,34,65,95" hai3="78,69,27,49,40,132,70,84,31,60,86,114,18"/><T111/><D68/><U55/><E1/><V126/><F113/><W11/><G114/><T112/><D123/><U56/><E28/><V102/><F73/><W39/><G39/><T0/><D32/><U38/><E38/><V37/><F34/><W108/><G108/><T109/><D112/><U12/><E74/><V24/><F126/><W125/><G125/><T36/><D36/><U118/><E118/><V33/><F4/><W25/><G132/><T87/><D59/><U92/><E81/><V43/><F43/><W63/><G78/><T10/><D21/><U135/><E82/><V98/><F37/><W127/><G127/><T90/><D79/><U75/><E75/><V120/><F120/><W30/><G18/><N who="0" m="10575" /><D0/><U20/><E20/><V131/><F131/><W110/><G40/><T17/><D17/><U6/><E6/><V5/><F5/><W124/><G124/><T117/><D117/><U26/><E26/><V100/><F71/><W77/><G77/><T29/><D29/><U62/><E135/><V67/><REACH who="2" step="1"/><F102/><REACH who="2" ten="255,265,225,235" step="2"/><W19/><G70/><T116/><D116/><U66/><E62/><V83/><F83/><W96/><G69/><T80/><D80/><U129/><E129/><V105/><F105/><W121/><G121/><T85/><D85/><AGARI ba="1,2" hai="12,14,47,48,55,56,61,66,85,88,92,97,103,107" machi="85" ten="30,3900,0" yaku="7,1,52,1,54,1" doraHai="46" who="1" fromWho="0" sc="255,-42,265,62,225,0,235,0" /><INIT seed="1,0,0,2,2,18" ten="213,327,225,235" oya="1" hai0="72,119,4,62,80,81,23,45,0,115,82,16,133" hai1="7,19,5,117,100,59,95,83,65,25,64,121,92" hai2="24,129,26,60,123,131,67,53,135,48,130,104,106" hai3="120,63,79,21,97,69,51,37,33,52,29,13,87"/><U61/><E121/><V43/><F43/><W108/><G120/><T41/><D115/><U110/><E117/><V3/><F3/><W111/><G37/><T112/><D119/><U54/><E110/><N who="3" m="42026" /><G33/><T126/><D112/><U128/><E128/><V2/><F2/><W76/><G97/><T89/><D126/><U124/><E124/><V12/><F12/><W127/><G87/><T44/><D44/><U101/><E83/><V49/><F135/><W74/><G74/><T78/><D89/><U116/><E116/><V31/><F24/><N who="3" m="16527" /><G13/><N who="0" m="9615" /><D62/><U118/><E118/><V98/><F123/><W122/><G122/><T20/><D20/><U134/><E134/><V22/><F49/><W88/><G88/><T46/><D46/><U28/><E61/><V99/><F104/><W17/><G127/><T6/><D6/><U77/><E5/><V103/><F99/><W91/><G91/><T8/><D133/><U14/><E7/><V73/><F73/><W84/><G84/><T50/><D50/><U75/><E75/><V58/><REACH who="2" step="1"/><F131/><REACH who="2" ten="213,327,215,235" step="2"/><W10/><G63/><T38/><AGARI ba="0,1" hai="0,4,8,38,41,45,72,78,80,81,82" m="9615" machi="38" ten="30,4000,0" yaku="25,1,52,1,54,1" doraHai="18" who="0" fromWho="0" sc="213,50,327,-20,215,-10,235,-10" /><INIT seed="2,0,0,0,1,61" ten="263,307,205,225" oya="2" hai0="20,116,70,15,43,65,100,102,22,114,40,85,45" hai1="109,130,111,77,23,125,105,79,56,21,5,57,106" hai2="68,84,113,103,13,32,83,36,92,46,94,91,135" hai3="87,16,86,108,89,6,128,4,88,67,133,120,19"/><V78/><F113/><W96/><G120/><T2/><D2/><U119/><E5/><N who="3" m="2154" /><G108/><T7/><D114/><U74/><E74/><V1/><F1/><W62/><G128/><T93/><D65/><U71/><E71/><V53/><F32/><W121/><G133/><T14/><D70/><U72/><E72/><V0/><F0/><W112/><G121/><T31/><D116/><U104/><E104/><V11/><F135/><W27/><G96/><T134/><D31/><U12/><E12/><N who="0" m="4649" /><D7/><U118/><E125/><V80/><F68/><W58/><G112/><T51/><D43/><U18/><E18/><N who="3" m="6698" /><G27/><T76/><D134/><U97/><E97/><N who="2" m="59831" /><F36/><W110/><G110/><T59/><D59/><U28/><E28/><V82/><F13/><W117/><G117/><T47/><D47/><U127/><E127/><V38/><F38/><W30/><G30/><T44/><D45/><U49/><E130/><V122/><F11/><W81/><G87/><T90/><D76/><AGARI ba="0,0" hai="58,62,67,76,81,86,88,89" m="6698,2154" machi="76" ten="30,7700,0" yaku="8,1,52,1,54,2" doraHai="61" who="3" fromWho="0" sc="263,-77,307,0,205,0,225,77" /><INIT seed="3,0,0,2,0,68" ten="186,307,205,302" oya="3" hai0="44,21,25,116,50,14,59,30,119,26,82,105,15" hai1="89,96,24,92,57,113,130,60,83,88,112,10,135" hai2="114,29,104,32,90,87,94,76,1,53,77,6,54" hai3="16,69,121,111,78,52,62,120,123,20,42,127,27"/><W38/><G78/><N who="2" m="30313" /><F104/><W22/><G127/><T48/><D105/><U106/><E135/><V97/><F114/><W63/><G111/><T132/><D132/><U36/><E36/><V101/><F32/><W122/><G122/><T18/><D116/><U35/><E106/><V41/><F1/><W100/><G100/><T115/><D119/><U129/><E10/><V51/><F29/><W58/><G42/><T134/><D115/><U95/><E83/><N who="2" m="49535" /><F6/><W46/><G46/><AGARI ba="0,0" hai="41,46,51,53,54,94,97,101" m="49535,30313" machi="46" ten="30,1000,0" yaku="8,1" doraHai="68" who="2" fromWho="3" sc="186,0,307,0,205,10,302,-10" owari="186,-31.4,307,40.7,215,-18.5,292,9.2" /></mjloggm>