<mjloggm ver="2.3"><GO type="225" lobby="0"/><UN n0="%E6%B0%B7%E5%B7%9D%E9%87%8C%E5%A5%88" n1="%E5%8F%AF%E5%85%90%E9%82%A3%E7%94%B1%E5%A4%9A" n2="%E3%81%AA%E3%81%A1%30%39%32%37" n3="%E8%BE%9B%E5%8F%A3%E3%82%AB%E3%83%AC%E3%83%BC%E3%83%A9%E3%82%A4%E3%82%B9" dan="16,16,16,16" rate="2124.07,2229.48,2106.42,2209.73" sx="F,F,M,M"/><TAIKYOKU oya="0"/><INIT seed="0,0,0,5,1,1" ten="250,250,250,250" oya="0" hai0="44,10,70,101,134,121,52,91,66,67,38,21,113" hai1="119,15,108,28,109,29,133,35,69,132,51,63,47" hai2="65,115,120,68,95,74,71,112,19,0,42,118,25" hai3="111,49,64,37,8,114,46,106,50,89,12,77,126"/><T78/><D113/><U54/><E119/><V80/><F0/><W48/><G114/><T83/><D121/><U127/><E127/><V122/><F42/><W24/><G126/><T32/><D32/><U59/><E69/><V130/><F95/><W75/><G106/><T4/><D134/><N who="1" m="51819" /><E15/><V7/><F19/><W13/><G111/><N who="1" m="42570" /><E35/><V99/><F25/><W14/><G64/><AGARI ba="0,0" hai="28,29,47,51,54,59,63,64" m="42570,51819" machi="64" ten="30,2000,0" yaku="20,1,14,1" doraHai="1" who="1" fromWho="3" sc="250,0,250,20,250,0,250,-20" /><INIT seed="1,0,0,5,5,119" ten="250,270,250,230" oya="1" hai0="71,117,107,103,122,4,133,125,58,69,15,95,48" hai1="130,120,123,135,102,129,114,84,0,72,109,92,131" hai2="56,83,94,37,100,86,5,99,81,110,62,134,89" hai3="73,65,16,60,26,9,49,87,52,59,106,128,101"/><U18/><E0/><V53/><F110/><W98/><G128/><T82/><D117/><U3/><E3/><V40/><F134/><W78/><G73/><T11/><D107/><U32/><E135/><V23/><F5/><W38/><G38/><T108/><D133/><U54/><E114/><V19/><F37/><W70/><G9/><T104/><D104/><U21/><E32/><V57/><F40/><W22/><REACH who="3" step="1"/><G87/><REACH who="3" ten="250,270,250,220" step="2"/><T31/><D11/><U29/><E72/><V12/><REACH who="2" step="1"/><F57/><REACH who="2" ten="250,270,240,220" step="2"/><W44/><G44/><T7/><D58/><U39/><E39/><V91/><F91/><W115/><G115/><T47/><D108/><U14/><E109/><V50/><F50/><W51/><G51/><T27/><D48/><U127/><E131/><V35/><F35/><W10/><G10/><T61/><D47/><U20/><E130/><V88/><F88/><W93/><G93/><AGARI ba="0,2" hai="12,19,23,53,56,62,81,83,86,89,93,94,99,100" machi="93" ten="30,3900,0" yaku="1,1,7,1,8,1,53,0" doraHai="119" doraHaiUra="34" who="2" fromWho="3" sc="250,0,270,0,240,59,220,-39" /><INIT seed="2,0,0,2,2,21" ten="250,270,299,181" oya="2" hai0="83,34,30,37,28,86,41,42,79,106,71,89,36" hai1="74,39,8,50,134,107,59,22,9,129,132,57,78" hai2="105,122,82,48,20,60,0,73,94,70,14,101,33" hai3="45,51,26,68,5,84,72,92,56,126,18,17,55"/><V130/><F122/><W6/><G68/><T77/><D106/><U100/><E39/><V95/><F0/><W127/><G72/><T13/><D71/><U69/><E69/><V124/><F48/><W76/><G126/><T27/><D30/><U64/><E129/><V109/><F20/><N who="3" m="13583" /><G127/><T12/><D12/><U117/><E117/><V49/><F14/><W46/><G18/><T29/><D29/><U2/><E78/><V31/><F49/><N who="3" m="30831" /><G46/><T121/><D121/><U62/><E74/><V128/><F109/><W19/><G19/><T119/><D119/><U99/><E2/><V90/><F124/><W93/><G76/><T40/><D13/><U7/><E7/><N who="3" m="2570" /><G84/><T108/><D108/><U67/><E22/><V114/><F114/><W66/><G66/><T87/><REACH who="0" step="1"/><D77/><REACH who="0" ten="240,270,299,181" step="2"/><U112/><E112/><V133/><F105/><W102/><G102/><T44/><D44/><U3/><E3/><V32/><F101/><W113/><G113/><T125/><D125/><U52/><REACH who="1" step="1"/><E67/><REACH who="1" ten="240,260,299,181" step="2"/><V96/><F70/><W10/><G10/><AGARI ba="0,2" hai="8,9,10,50,52,57,59,62,64,99,100,107,132,134" machi="10" ten="40,5200,0" yaku="1,1,2,1,54,1,53,0" doraHai="21" doraHaiUra="38" who="1" fromWho="3" sc="240,0,260,72,299,0,181,-52" /><INIT seed="3,0,0,2,0,103" ten="240,332,299,129" oya="3" hai0="107,111,100,2,109,120,6,102,89,57,79,126,119" hai1="105,27,50,73,28,26,43,95,88,124,30,25,17" hai2="42,70,24,130,0,52,71,135,12,106,47,14,37" hai3="38,7,84,54,104,18,92,21,15,123,5,29,1"/><W117/><G117/><T93/><D119/><U66/><E73/><V40/><F0/><W55/><G123/><T96/><D120/><U64/><E105/><V3/><F3/><W22/><G38/><T90/><D126/><U110/><E110/><N who="0" m="41993" /><D79/><U23/><E124/><V94/><F94/><W44/><G104/><T11/><D57/><U13/><E50/><V9/><F106/><W133/><G133/><T69/><D69/><U58/><E43/><V98/><F98/><AGARI ba="0,0" hai="2,6,11,89,90,93,96,98,100,102,107" m="41993" machi="98" ten="30,2000,0" yaku="14,1,52,1" doraHai="103" who="0" fromWho="2" sc="240,20,332,0,299,-20,129,0" owari="260,-14.0,332,43.2,279,7.9,129,-37.1" /></mjloggm>