<mjloggm ver="2.3"><GO type="225" lobby="0"/><UN n0="%E8%BE%9B%E5%8F%A3%E3%82%AB%E3%83%AC%E3%83%BC%E3%83%A9%E3%82%A4%E3%82%B9" n1="%E5%B8%86%E7%AB%8B%E5%A4%8F%E8%A1%A3" n2="%6D%75%75%73%61%6E%6D%75" n3="%E3%81%95%E3%81%8D%E3%81%9F%E3%81%BE%E6%9E%97%E6%AA%8E" dan="17,16,17,16" rate="2214.61,2184.40,2151.18,2073.39" sx="M,M,F,M"/><TAIKYOKU oya="0"/><INIT seed="0,0,0,0,5,24" ten="250,250,250,250" oya="0" hai0="107,77,9,21,89,58,100,3,135,81,64,127,40" hai1="103,80,84,66,87,8,106,92,1,130,44,41,112" hai2="113,116,78,0,46,132,34,45,53,38,22,14,13" hai3="61,120,10,30,86,37,126,42,121,48,57,39,67"/><T63/><D135/><U59/><E130/><V62/><F34/><W110/><G86/><T54/><D127/><U97/><E112/><V99/><F0/><W118/><G10/><T93/><D40/><U7/><E106/><V4/><F113/><W50/><G118/><T23/><D107/><U102/><E102/><V85/><F38/><N who="3" m="14347" /><G30/><T36/><D36/><U105/><E105/><V125/><F116/><W88/><G88/><T134/><D134/><U73/><E73/><V76/><F125/><W123/><G126/><T51/><D100/><U17/><E17/><V96/><F132/><W43/><G110/><T26/><D3/><U74/><E74/><V133/><F133/><W98/><G98/><T117/><D117/><U79/><E87/><V90/><F4/><W55/><G50/><T75/><D9/><U18/><E18/><V33/><F33/><W19/><G19/><T12/><D12/><U56/><REACH who="1" step="1"/><E66/><REACH who="1" ten="250,240,250,250" step="2"/><V65/><F65/><W71/><AGARI ba="0,1" hai="42,43,48,55,57,61,67,71,120,121,123" m="14347" machi="71" ten="40,5200,0" yaku="13,1,34,2" doraHai="24" who="3" fromWho="3" sc="250,-26,240,-13,250,-13,250,62" /><INIT seed="1,0,0,3,0,75" ten="224,227,237,312" oya="1" hai0="43,95,93,12,40,6,126,121,115,88,39,3,103" hai1="28,1,129,25,18,72,91,16,37,46,114,65,2" hai2="71,50,101,99,131,133,94,73,45,23,92,41,82" hai3="81,56,130,24,134,0,77,22,8,104,113,47,66"/><U55/><E114/><V49/><F131/><W52/><G130/><T127/><D115/><U60/><E129/><V17/><F133/><W42/><G134/><T97/><D3/><U67/><E72/><V15/><F71/><W110/><G104/><T44/><D43/><U27/><E37/><V26/><F92/><W51/><G113/><T69/><D69/><U79/><E2/><V32/><F32/><W62/><G110/><T29/><D29/><U30/><E1/><V53/><F73/><W124/><G124/><N who="0" m="47659" /><D121/><U7/><E7/><V123/><F123/><W76/><G81/><T105/><D88/><U64/><E91/><V89/><F82/><W119/><G119/><T116/><D116/><U19/><E79/><V112/><F112/><W57/><G0/><T80/><D80/><U118/><E118/><V117/><F117/><W98/><G98/><T132/><D132/><U86/><E86/><V128/><F128/><W106/><G8/><AGARI ba="0,0" hai="6,8,12,39,40,44,93,95,97,103,105" m="47659" machi="8" ten="30,1000,0" yaku="18,1" doraHai="75" who="0" fromWho="3" sc="224,10,227,0,237,0,312,-10" /><INIT seed="2,0,0,5,4,41" ten="234,227,237,302" oya="2" hai0="104,37,12,128,83,25,91,23,81,74,27,85,43" hai1="124,42,0,82,97,111,61,80,77,102,70,135,109" hai2="9,35,2,1,51,60,44,33,30,120,21,14,36" hai3="126,16,4,122,99,123,90,103,105,73,86,19,76"/><V46/><F120/><W117/><G117/><T118/><D104/><N who="1" m="63567" /><E0/><V34/><F60/><W65/><G65/><T39/><D118/><U127/><E42/><V96/><F96/><W69/><G69/><T92/><D128/><U106/><E61/><V15/><F36/><W68/><G68/><T10/><D74/><N who="1" m="43063" /><E70/><V119/><F119/><W67/><G67/><T89/><D43/><U110/><E135/><V55/><F46/><W24/><G126/><N who="1" m="48170" /><E82/><V49/><F49/><W17/><G4/><T129/><D83/><U13/><E13/><V114/><F114/><W63/><G63/><T116/><D116/><U54/><E54/><V134/><F134/><W58/><G58/><T3/><D3/><U28/><E28/><V108/><F108/><W56/><G56/><T72/><D27/><U71/><E71/><V8/><F30/><W45/><G45/><T125/><D125/><U38/><E38/><V29/><F29/><W40/><G40/><T112/><D112/><U62/><E62/><V7/><REACH who="2" step="1"/><F21/><REACH who="2" ten="234,227,227,302" step="2"/><W113/><G113/><T95/><D39/><U50/><E50/><V66/><F66/><W93/><G24/><T20/><D37/><U133/><E133/><V64/><F64/><W6/><G123/><T53/><D25/><U47/><E106/><V75/><F75/><W100/><G122/><T78/><D23/><U26/><E26/><V52/><F52/><W131/><G105/><T11/><D53/><U79/><E47/><V115/><F115/><W48/><G48/><T84/><D129/><U22/><E22/><V32/><N who="2" m="8192" /><DORA hai="121" /><V101/><F101/><RYUUKYOKU ba="0,1" sc="234,10,227,10,227,10,302,-30" hai0="10,11,12,20,72,78,81,84,85,89,91,92,95" hai1="79,109,110,111" hai2="1,2,7,8,9,14,15,44,51,55" /><INIT seed="2,1,1,4,2,53" ten="244,237,237,272" oya="2" hai0="79,132,18,5,117,128,41,63,15,104,81,123,95" hai1="118,113,21,91,68,83,105,55,135,93,97,51,88" hai2="50,98,13,48,64,67,109,38,115,70,121,111,90" hai3="66,107,33,73,24,39,43,96,85,92,110,6,25"/><V71/><F13/><W84/><G110/><N who="2" m="41993" /><F98/><W8/><G73/><T122/><D104/><U60/><E118/><V131/><F90/><W28/><G107/><T65/><D128/><U102/><E113/><V82/><F82/><W74/><G74/><T3/><D132/><U58/><E135/><V99/><F99/><W124/><G124/><T9/><D117/><U17/><E105/><V26/><F26/><W20/><G66/><N who="2" m="25129" /><F131/><W36/><G43/><T62/><D41/><U133/><E133/><V0/><F0/><W46/><G85/><T77/><D63/><U1/><E1/><V86/><F86/><W22/><G84/><T12/><D95/><U11/><E83/><V134/><F134/><W44/><G33/><T126/><D3/><U23/><E11/><V31/><F31/><W78/><G78/><T69/><D79/><U114/><E114/><V19/><F19/><N who="3" m="12319" /><G92/><T112/><D112/><U61/><E23/><V100/><F115/><W30/><G30/><T52/><D81/><U42/><E68/><N who="2" m="26155" /><F121/><W16/><G28/><T59/><D77/><U54/><E17/><V129/><F129/><W130/><G130/><T125/><D123/><U116/><E21/><V10/><F10/><W127/><G96/><T87/><D87/><U34/><E34/><V47/><F100/><W76/><G76/><T119/><D122/><U2/><E2/><V14/><F14/><W45/><G8/><N who="0" m="6407" /><D119/><U4/><E116/><V35/><F35/><W56/><G6/><T89/><D89/><N who="1" m="34379" /><E4/><V106/><F106/><W103/><G103/><T49/><D69/><U32/><E32/><RYUUKYOKU ba="1,1" sc="244,15,237,-15,237,15,272,-15" hai0="5,9,15,49,52,59,62,65,125,126" hai2="38,47,48,50" /><INIT seed="2,2,1,2,4,92" ten="259,222,252,257" oya="2" hai0="50,22,134,114,116,13,77,51,97,135,113,130,118" hai1="119,58,0,102,87,54,107,8,132,133,32,2,94" hai2="88,34,111,9,85,7,12,117,52,125,86,49,101" hai3="62,79,126,44,78,55,48,104,26,23,57,28,1"/><V16/><F117/><N who="0" m="45162" /><D77/><U10/><E119/><V19/><F34/><W59/><G126/><T127/><D127/><U93/><E32/><V120/><F120/><W122/><G104/><T68/><D68/><U35/><E35/><V80/><F125/><W110/><G110/><T15/><D97/><N who="1" m="59695" /><E107/><V121/><F121/><W91/><G122/><T31/><D130/><U115/><E115/><N who="0" m="44041" /><D50/><N who="1" m="31063" /><E94/><N who="2" m="54543" /><F101/><W43/><G1/><N who="1" m="618" /><E87/><V33/><F33/><W40/><G91/><T112/><D51/><U61/><E61/><V76/><F111/><W103/><G103/><T5/><D112/><U45/><E45/><AGARI ba="2,1" hai="7,9,12,16,19,45,49,52,76,80,86" m="54543" machi="45" ten="30,11600,0" yaku="8,1,54,3" doraHai="92" who="2" fromWho="1" sc="259,0,222,-122,252,132,257,0" /><INIT seed="2,3,0,3,0,45" ten="259,100,384,257" oya="2" hai0="105,64,11,94,63,8,13,41,38,35,31,113,24" hai1="95,29,135,101,59,44,62,118,77,34,117,7,116" hai2="51,75,32,90,65,3,115,129,26,128,104,124,119" hai3="16,4,84,103,46,42,67,87,36,69,83,126,57"/><V53/><F115/><W88/><G126/><T92/><D105/><U49/><E135/><V121/><F3/><W55/><G103/><T66/><D113/><U91/><E77/><V97/><F119/><W72/><G72/><T33/><D33/><U54/><E7/><V93/><F124/><W74/><G74/><T82/><D66/><U22/><E101/><V78/><F121/><W79/><G4/><T96/><D82/><U70/><E34/><V102/><F78/><W108/><G108/><T5/><D96/><U17/><E29/><V20/><F32/><W10/><G69/><T89/><D89/><U122/><E70/><V37/><F65/><W73/><G67/><T71/><D38/><U127/><E127/><V76/><F76/><W123/><G123/><T52/><D41/><U2/><E2/><V80/><F37/><W40/><G36/><T50/><REACH who="0" step="1"/><D11/><REACH who="0" ten="249,100,384,257" step="2"/><U43/><E122/><V106/><F80/><W85/><G40/><T134/><D134/><U21/><REACH who="1" step="1"/><E17/><REACH who="1" ten="249,90,384,257" step="2"/><V23/><F102/><W56/><G16/><T48/><D48/><U107/><E107/><V68/><F51/><W114/><G79/><T0/><D0/><U99/><AGARI ba="3,2" hai="21,22,43,44,49,54,59,62,91,95,99,116,117,118" machi="99" ten="30,4000,0" yaku="1,1,0,1,52,1,53,0" doraHai="45" doraHaiUra="111" who="1" fromWho="1" sc="249,-13,90,69,384,-23,257,-13" /><INIT seed="3,0,0,5,5,125" ten="236,159,361,244" oya="3" hai0="134,43,37,71,16,54,31,9,22,106,53,80,69" hai1="3,117,127,64,121,10,124,104,6,58,87,120,1" hai2="52,90,85,100,97,65,130,82,81,122,11,131,111" hai3="77,113,24,55,45,132,62,86,72,68,26,128,103"/><W118/><G118/><T50/><D106/><U92/><E87/><V94/><F111/><W115/><G72/><T126/><D126/><N who="1" m="48171" /><E92/><V101/><F65/><W105/><G105/><T29/><D71/><U39/><E58/><V38/><F38/><W19/><G68/><T47/><D69/><U4/><E64/><V99/><F11/><W73/><G73/><T102/><D102/><N who="2" m="39530" /><F52/><N who="0" m="20074" /><D37/><U110/><E39/><V36/><F36/><W112/><G103/><T5/><D134/><U84/><E84/><N who="2" m="52551" /><F122/><N who="1" m="47209" /><E104/><V2/><F2/><N who="1" m="521" /><E117/><V15/><F82/><W33/><G86/><T8/><D80/><U107/><E107/><V42/><F42/><W0/><G77/><T44/><D44/><U98/><E98/><V70/><F70/><W66/><G66/><T46/><D50/><U18/><E110/><V49/><F49/><W116/><G116/><T57/><D57/><U25/><E25/><V119/><F119/><W30/><G62/><T28/><D43/><U20/><E20/><V96/><F81/><W27/><G26/><T67/><D67/><U51/><E51/><V12/><F85/><W41/><G27/><T89/><D89/><U14/><E18/><V75/><F75/><W123/><G19/><T17/><D17/><U88/><E88/><V61/><F61/><W76/><G24/><T83/><D83/><U135/><E135/><V63/><F63/><W79/><G132/><T35/><D22/><U59/><E59/><V48/><F48/><W34/><G55/><T95/><D16/><U78/><E78/><V32/><F99/><W21/><G79/><T7/><D95/><RYUUKYOKU ba="0,0" sc="236,-10,159,30,361,-10,244,-10" hai1="4,6,10,14" owari="226,-17.4,189,-31.1,351,45.1,234,3.4" /></mjloggm>