<mjloggm ver="2.3"><GO type="225" lobby="0"/><UN n0="%E3%81%8A%E3%81%8B%E3%81%8F%E3%82%89" n1="%E3%81%82%E3%82%93%E3%81%AA%E3%81%A4" n2="%E3%81%93%E3%81%8F%E3%82%89%E3%82%AB%E3%83%90%E8%94%B5" n3="%54%4F%52" dan="16,16,17,17" rate="2088.62,2122.23,2101.84,2243.53" sx="M,M,M,M"/><TAIKYOKU oya="0"/><INIT seed="0,0,0,3,5,80" ten="250,250,250,250" oya="0" hai0="18,108,119,8,34,52,68,134,24,97,49,120,98" hai1="101,131,88,54,116,44,129,46,96,45,133,112,82" hai2="63,72,13,15,58,51,73,105,65,103,57,76,92" hai3="25,114,126,48,79,33,104,40,86,84,43,125,50"/><T56/><D119/><U117/><E133/><V107/><F92/><W28/><G104/><T81/><D120/><U62/><E112/><V71/><F51/><N who="3" m="19499" /><G114/><T26/><D134/><U75/><E54/><V90/><F90/><W23/><G33/><T6/><D68/><U78/><E62/><V106/><F103/><W55/><G55/><T35/><D108/><U66/><E66/><V124/><F124/><N who="3" m="47723" /><G79/><T3/><D81/><U19/><E19/><V47/><F47/><W99/><G99/><T69/><D69/><U1/><E1/><V20/><F76/><W135/><G135/><T38/><D38/><U61/><E61/><V94/><F94/><W95/><G95/><T32/><D18/><U53/><E53/><V21/><F71/><W121/><G121/><T110/><D110/><U87/><E78/><V37/><F37/><W70/><G70/><T130/><D98/><U17/><E17/><V102/><F102/><W60/><G60/><T91/><D97/><U29/><E29/><V85/><F63/><W27/><G25/><T2/><D91/><U9/><E75/><V36/><F36/><W5/><G5/><T127/><D127/><U39/><E39/><V74/><F65/><W7/><G7/><T10/><D6/><U113/><E113/><V109/><F109/><W42/><AGARI ba="0,0" hai="23,27,28,40,42,43,84,86" m="47723,19499" machi="42" ten="40,5200,0" yaku="18,1,52,2" doraHai="80" who="3" fromWho="3" sc="250,-26,250,-13,250,-13,250,52" /><INIT seed="1,0,0,5,2,6" ten="224,237,237,302" oya="1" hai0="135,43,23,110,5,75,17,74,117,7,45,47,34" hai1="96,66,52,77,76,3,4,18,36,91,89,40,48" hai2="78,94,51,95,118,102,115,54,81,67,86,70,123" hai3="8,68,126,29,122,33,13,119,85,129,92,60,83"/><U121/><E121/><V84/><F123/><W50/><G122/><T88/><D34/><U32/><E32/><V0/><F118/><W49/><G119/><T14/><D110/><U39/><E66/><V111/><F111/><W124/><G129/><T9/><D5/><U69/><E69/><V16/><F0/><W11/><G92/><T80/><D135/><U59/><E18/><V99/><F115/><W120/><G120/><T42/><D117/><U20/><E20/><V82/><F94/><W57/><G68/><T53/><D53/><U104/><E91/><V38/><F38/><W65/><G50/><T113/><D88/><U71/><E71/><V87/><F81/><W79/><G49/><T21/><D21/><U2/><E89/><V58/><F67/><W125/><G13/><T101/><D101/><U55/><E4/><V108/><F70/><W103/><G103/><T73/><D80/><U72/><E55/><V30/><F30/><W90/><G90/><T22/><D22/><U41/><E52/><V24/><F108/><W62/><G62/><T133/><D133/><U64/><E64/><V19/><REACH who="2" step="1"/><F24/><AGARI ba="0,0" hai="8,11,24,29,33,57,60,65,79,83,85,124,125,126" machi="24" ten="40,5200,0" yaku="18,1,52,2" doraHai="6" who="3" fromWho="2" sc="224,0,237,0,237,-52,302,52" /><INIT seed="2,0,0,0,5,48" ten="224,237,185,354" oya="2" hai0="8,28,104,132,57,113,5,1,110,72,35,74,14" hai1="66,29,90,47,61,31,126,84,122,37,73,23,92" hai2="54,127,34,134,135,106,56,116,36,16,81,19,98" hai3="79,20,41,108,39,22,100,91,6,21,87,94,52"/><V93/><F106/><W123/><G123/><T77/><D110/><U109/><E109/><V64/><F116/><W69/><G108/><T131/><D104/><U58/><E73/><V118/><F118/><W45/><G69/><T78/><D113/><U40/><E122/><V9/><F34/><W18/><G100/><T10/><D131/><U24/><E126/><V130/><F130/><W75/><G6/><T55/><D28/><AGARI ba="0,0" hai="23,24,28,29,31,37,40,47,58,61,66,84,90,92" machi="28" ten="30,1000,0" yaku="7,1" doraHai="48" who="1" fromWho="0" sc="224,-10,237,10,185,0,354,0" /><INIT seed="3,0,0,4,0,27" ten="214,247,185,354" oya="3" hai0="127,0,52,80,129,121,102,128,84,17,71,76,49" hai1="7,36,85,97,35,30,70,116,110,83,13,12,34" hai2="42,98,10,15,38,77,22,81,114,64,9,55,23" hai3="125,5,16,90,105,79,112,65,92,93,123,111,67"/><W104/><G112/><T101/><D71/><U118/><E70/><V24/><F114/><W32/><G123/><T72/><D121/><U11/><E110/><V41/><F64/><W31/><G5/><T2/><D127/><U69/><E69/><V94/><F22/><W113/><G113/><T89/><D17/><U122/><E36/><V74/><F55/><W48/><G79/><T108/><D108/><U106/><E13/><V25/><F25/><W51/><G111/><T95/><D102/><N who="1" m="62799" /><E30/><V78/><F78/><W33/><G31/><T131/><REACH who="0" step="1"/><D101/><REACH who="0" ten="204,247,185,354" step="2"/><U43/><E122/><V37/><F37/><W82/><G16/><T62/><D62/><U14/><E118/><V21/><F38/><W20/><G125/><T47/><AGARI ba="0,1" hai="0,2,47,49,52,72,76,80,84,89,95,128,129,131" machi="47" ten="30,8000,1" yaku="1,1,0,1,19,1,54,1,53,1" doraHai="27" doraHaiUra="50" who="0" fromWho="0" sc="204,90,247,-20,185,-20,354,-40" owari="294,9.4,227,-17.3,165,-33.5,314,41.4" /></mjloggm>