<mjloggm ver="2.3"><GO type="225" lobby="0"/><UN n0="%72%69%6F%75%63%68%61%6E" n1="%E3%83%81%E3%83%AF%E3%83%AF%E9%9A%8A%E9%95%B7" n2="%4C%4F%4C%49%54%41" n3="%E6%9D%B1%E9%A2%A8%E3%81%AE%E3%81%8D%E3%82%83%E3%81%B7%E3%81%95%E3%82%93" dan="16,16,16,17" rate="2233.80,2118.40,2158.00,2196.72" sx="M,M,F,M"/><TAIKYOKU oya="0"/><INIT seed="0,0,0,1,0,46" ten="250,250,250,250" oya="0" hai0="15,42,90,56,63,52,85,34,36,59,14,50,73" hai1="122,39,57,107,83,117,2,82,7,79,3,30,68" hai2="100,132,88,75,81,124,134,128,54,4,130,69,78" hai3="86,16,110,119,77,48,51,126,6,135,106,53,28"/><T112/><D112/><U21/><E68/><V62/><F4/><W1/><G106/><T127/><D73/><U105/><E117/><V71/><F54/><W23/><G119/><T67/><D34/><U95/><E122/><V9/><F9/><W61/><G28/><T12/><D127/><U27/><E39/><V108/><F108/><W84/><G126/><T131/><D131/><N who="2" m="50218" /><F124/><W87/><G110/><T120/><D120/><U96/><E82/><N who="2" m="45407" /><F100/><W31/><G31/><T58/><D36/><U123/><E123/><V38/><F38/><W101/><G101/><T32/><D32/><U102/><E2/><V89/><F62/><W64/><G135/><N who="2" m="51753" /><F81/><N who="3" m="47151" /><G6/><T66/><D42/><U129/><E129/><V97/><F97/><W10/><G1/><T55/><D58/><U91/><E7/><V35/><F35/><W93/><G10/><T104/><D104/><U47/><E3/><V41/><F41/><W11/><G11/><T43/><D43/><U121/><E121/><V115/><F115/><W44/><G64/><T22/><D22/><U5/><E21/><V49/><F49/><N who="3" m="28839" /><G61/><T118/><D118/><U114/><E114/><V111/><F111/><W98/><G87/><T72/><D72/><U25/><E102/><V74/><F74/><W109/><G86/><T0/><D0/><U45/><E96/><V20/><F20/><W94/><G109/><T29/><D29/><U70/><E107/><V76/><F76/><W13/><G98/><T65/><D67/><U26/><E79/><V37/><F37/><W133/><G133/><T125/><D125/><U103/><E105/><RYUUKYOKU ba="0,0" sc="250,10,250,-30,250,10,250,10" hai0="12,14,15,50,52,55,56,59,63,65,66,85,90" hai2="69,71,88,89" hai3="13,16,23,48,51,93,94" /><INIT seed="0,1,0,3,0,96" ten="260,220,260,260" oya="0" hai0="50,16,33,70,109,35,133,7,34,131,60,8,89" hai1="91,119,0,86,118,116,130,3,111,36,95,18,80" hai2="105,122,90,51,93,30,19,94,87,53,117,22,48" hai3="62,98,128,23,84,31,32,114,47,21,10,5,56"/><T45/><D131/><U17/><E36/><V134/><F122/><W124/><G128/><T83/><D133/><U79/><E130/><V20/><F105/><W28/><G124/><T71/><D109/><U11/><E111/><V132/><F117/><W4/><G114/><T24/><D60/><U13/><REACH who="1" step="1"/><E17/><REACH who="1" ten="260,210,260,260" step="2"/><V61/><F132/><W92/><G31/><T43/><D16/><U54/><E54/><V73/><F134/><W14/><G28/><T75/><D24/><U104/><E104/><V121/><F53/><W72/><G72/><AGARI ba="1,1" hai="0,3,11,13,18,72,79,80,86,91,95,116,118,119" machi="72" ten="40,1300,0" yaku="1,1,53,0" doraHai="96" doraHaiUra="59" who="1" fromWho="3" sc="260,0,210,26,260,0,260,-16" /><INIT seed="1,0,0,0,3,123" ten="260,236,260,244" oya="1" hai0="21,117,130,66,97,79,127,98,78,12,76,41,6" hai1="54,111,107,43,99,17,33,134,48,15,81,35,84" hai2="47,135,83,67,20,16,65,42,103,106,39,114,116" hai3="37,92,31,22,56,124,58,11,68,86,102,25,131"/><U119/><E119/><V50/><F116/><W51/><G68/><T132/><D117/><U64/><E134/><V128/><F114/><W24/><G37/><T95/><D130/><U59/><E43/><V133/><F128/><W60/><G131/><T90/><D127/><U96/><E64/><V72/><F39/><W62/><G124/><T109/><D109/><U110/><E33/><V10/><F10/><W71/><G11/><N who="0" m="4215" /><D132/><N who="2" m="50762" /><F103/><W91/><G71/><T32/><D32/><U9/><E35/><V73/><F106/><W122/><G102/><T80/><D66/><N who="2" m="25098" /><F83/><W75/><G75/><T105/><D105/><U49/><E49/><V125/><F125/><W126/><G126/><T101/><D41/><U104/><E104/><V3/><F3/><W19/><G122/><T53/><D53/><U63/><E107/><V23/><F23/><W34/><REACH who="3" step="1"/><G51/><REACH who="3" ten="260,236,260,234" step="2"/><T14/><D101/><U44/><E111/><V120/><F120/><W61/><AGARI ba="0,1" hai="19,22,24,25,31,34,56,58,60,61,62,86,91,92" machi="61" ten="30,7900,0" yaku="1,1,2,1,0,1,53,1" doraHai="123" doraHaiUra="13" who="3" fromWho="3" sc="260,-20,236,-39,260,-20,234,89" /><INIT seed="2,0,0,5,0,51" ten="240,197,240,323" oya="2" hai0="122,75,4,107,1,134,65,93,112,6,102,52,28" hai1="53,67,120,85,59,129,92,58,23,24,7,17,116" hai2="39,54,125,121,63,21,105,123,8,13,15,50,89" hai3="25,16,74,34,111,88,29,132,118,108,41,131,20"/><V70/><F39/><W36/><G74/><T42/><D122/><U55/><E116/><V31/><F105/><W106/><G106/><T91/><D112/><U61/><E120/><V133/><F133/><W84/><G118/><T98/><D1/><U60/><E129/><V100/><F100/><W40/><G131/><T49/><D134/><U22/><E7/><V26/><F125/><W95/><G132/><T80/><D65/><N who="1" m="39063" /><E23/><V81/><F15/><N who="3" m="9247" /><G36/><T83/><D28/><U33/><E33/><V86/><F63/><W47/><G47/><T27/><D27/><U109/><E109/><AGARI ba="0,0" hai="25,29,34,40,41,84,88,95,108,109,111" m="9247" machi="109" ten="30,3900,0" yaku="14,1,54,2" doraHai="51" who="3" fromWho="1" sc="240,0,197,-39,240,0,323,39" /><INIT seed="3,0,0,2,0,21" ten="240,158,240,362" oya="3" hai0="11,90,62,78,83,35,59,84,81,103,91,50,37" hai1="41,31,16,27,5,95,85,117,47,74,123,128,55" hai2="40,70,113,25,64,39,87,52,19,60,77,75,112" hai3="51,10,79,23,132,129,63,34,119,7,33,18,110"/><W126/><G79/><T89/><D37/><U71/><E74/><V24/><F75/><W114/><G51/><T102/><D35/><U120/><E71/><V105/><F105/><W122/><G63/><T3/><D50/><U127/><E117/><V2/><F2/><W101/><G101/><N who="0" m="38411" /><D3/><U116/><E116/><V125/><F125/><W104/><G23/><T28/><D28/><U22/><E127/><V97/><F97/><W96/><G18/><T42/><D11/><U134/><E128/><V61/><F19/><W13/><G7/><T99/><D42/><U111/><E111/><V94/><F40/><W65/><G13/><T9/><D9/><U107/><E107/><V80/><F39/><W44/><G65/><N who="0" m="39135" /><D83/><U53/><E134/><V76/><F76/><W130/><G96/><AGARI ba="0,0" hai="78,81,84,89,90,91,96,99" m="39135,38411" machi="96" ten="30,1000,0" yaku="8,1" doraHai="21" who="0" fromWho="3" sc="240,10,158,0,240,0,362,-10" owari="250,5.0,158,-34.2,240,-16.0,352,45.2" /></mjloggm>