<mjloggm ver="2.3"><GO type="225" lobby="0"/><UN n0="%E3%83%AD%E3%83%83%E3%83%86%E9%9B%80%E7%90%83" n1="%72%65%6E%6B%75%6E" n2="%E3%81%B5%E3%81%98%E3%81%8B%E3%81%A4" n3="%E6%A1%9C%E8%8A%B1%E9%96%83%E3%80%85" dan="16,17,16,16" rate="2179.35,2221.16,2193.98,2153.97" sx="M,M,M,M"/><TAIKYOKU oya="0"/><INIT seed="0,0,0,3,5,110" ten="250,250,250,250" oya="0" hai0="79,8,109,117,64,97,4,124,37,29,34,122,107" hai1="75,12,15,120,10,36,91,60,28,82,73,112,111" hai2="27,46,98,44,19,33,118,72,71,134,39,24,42" hai3="133,87,1,32,69,103,16,51,31,5,56,25,41"/><T131/><D64/><U106/><E106/><V102/><F134/><W121/><G69/><T114/><D79/><U2/><E120/><V83/><F118/><W123/><G133/><T17/><D17/><U104/><E104/><V47/><F71/><W61/><G103/><T50/><D50/><U70/><E28/><V49/><F19/><W89/><G1/><T67/><D67/><N who="1" m="41319" /><E91/><V80/><F72/><W135/><G5/><T105/><D97/><U48/><E48/><V77/><F33/><W84/><G135/><T26/><D8/><U62/><E62/><V93/><F83/><W66/><G16/><T38/><D4/><N who="1" m="1303" /><E12/><V74/><REACH who="2" step="1"/><F44/><REACH who="2" ten="250,250,240,250" step="2"/><W6/><G6/><T53/><D117/><U94/><E75/><V3/><F3/><W11/><G121/><T35/><D122/><U13/><E73/><V45/><F45/><W96/><G123/><T52/><D35/><U57/><E82/><V119/><F119/><W85/><G32/><T14/><D34/><U101/><E111/><V115/><F115/><W92/><G31/><T81/><D114/><U21/><E112/><V40/><AGARI ba="0,1" hai="24,27,39,40,42,46,47,49,74,77,80,93,98,102" machi="40" ten="20,5200,0" yaku="1,1,0,1,7,1,53,1" doraHai="110" doraHaiUra="90" who="2" fromWho="2" sc="250,-26,250,-13,240,62,250,-13" /><INIT seed="1,0,0,5,3,23" ten="224,237,302,237" oya="1" hai0="44,36,70,29,124,57,62,55,129,31,42,118,4" hai1="108,130,85,64,109,91,98,12,115,6,94,45,46" hai2="16,66,2,68,54,0,27,3,59,76,51,53,30" hai3="134,5,72,11,24,92,77,17,38,128,69,43,22"/><U133/><E115/><V39/><F39/><W78/><G134/><T34/><D124/><U105/><E133/><V135/><F135/><W110/><G110/><N who="1" m="42602" /><E130/><V75/><F68/><W50/><G128/><T71/><D118/><U106/><E64/><V84/><F75/><W52/><G69/><T37/><D129/><U104/><E98/><V119/><F119/><W79/><G38/><T35/><D37/><U14/><E6/><V95/><F66/><W123/><G123/><T87/><D4/><U58/><E58/><V25/><F54/><W125/><G125/><T100/><D100/><U18/><E14/><V132/><F132/><W127/><G127/><T86/><D71/><U47/><E45/><V101/><F101/><W15/><G43/><T114/><D114/><U33/><E33/><V111/><F111/><W117/><G117/><T67/><D35/><U81/><E81/><N who="2" m="47143" /><F0/><W103/><G72/><T41/><D41/><U90/><E90/><V97/><F30/><N who="0" m="11274" /><D34/><U113/><E113/><V8/><F2/><W74/><G74/><T7/><D7/><U116/><E116/><V102/><F3/><W32/><G32/><T63/><D70/><U80/><E80/><V9/><F9/><AGARI ba="0,0" hai="9,12,18,46,47,85,91,94,104,105,106" m="42602" machi="9" ten="40,3900,0" yaku="14,1,10,1" doraHai="23" who="1" fromWho="2" sc="224,0,237,39,302,-39,237,0" /><INIT seed="1,1,0,1,0,87" ten="224,276,263,237" oya="1" hai0="27,103,114,39,110,15,38,29,60,2,74,131,111" hai1="113,59,51,95,127,132,89,24,44,63,125,124,13" hai2="85,8,36,100,108,25,122,109,46,73,12,37,94" hai3="40,50,5,14,134,128,71,21,69,23,57,133,67"/><U90/><E113/><V41/><F122/><W72/><G72/><T48/><D2/><U129/><E129/><V104/><F73/><W55/><G128/><T62/><D131/><U58/><E132/><N who="3" m="50794" /><G40/><T96/><D74/><U9/><E24/><V54/><F54/><W83/><G83/><T119/><D48/><U99/><E63/><N who="0" m="24105" /><D15/><U78/><E78/><V75/><F75/><W66/><G5/><T79/><D79/><U64/><E64/><N who="3" m="24618" /><G14/><T130/><D119/><U93/><E51/><N who="2" m="27087" /><F25/><W118/><G118/><T70/><D70/><AGARI ba="1,0" hai="21,23,50,55,57,69,70,71" m="24618,50794" machi="70" ten="30,1000,0" yaku="20,1" doraHai="87" who="3" fromWho="0" sc="224,-13,276,0,263,0,237,13" /><INIT seed="2,0,0,3,5,65" ten="211,276,263,250" oya="2" hai0="85,73,53,105,50,84,59,131,119,69,90,27,118" hai1="88,19,28,102,2,5,62,94,78,44,126,8,114" hai2="97,95,39,86,13,124,91,46,24,71,92,70,22" hai3="33,58,43,121,93,12,76,107,34,75,16,135,26"/><V67/><F124/><W125/><G107/><T120/><D120/><U14/><E114/><V42/><F67/><W55/><G121/><T45/><D73/><U108/><E126/><V25/><F13/><W37/><G125/><T116/><D105/><U109/><E78/><V11/><F11/><W106/><G106/><T51/><D131/><U66/><E28/><V68/><REACH who="2" step="1"/><F22/><REACH who="2" ten="211,276,253,250" step="2"/><W60/><G12/><T20/><D69/><U112/><E112/><V87/><F87/><W115/><G115/><T72/><D72/><U83/><E2/><V61/><F61/><W123/><G123/><T77/><D77/><U122/><E62/><V32/><F32/><W21/><G34/><T7/><D7/><U110/><E66/><V10/><F10/><W64/><G33/><T104/><D104/><U111/><E111/><V17/><F17/><W18/><G18/><T15/><D15/><U3/><E122/><V9/><F9/><W38/><G64/><T40/><REACH who="0" step="1"/><D90/><AGARI ba="0,1" hai="24,25,39,42,46,68,70,71,86,90,91,92,95,97" machi="90" ten="40,12000,1" yaku="1,1,52,3,53,0" doraHai="65" doraHaiUra="101" who="2" fromWho="0" sc="211,-120,276,0,253,130,250,0" /><INIT seed="2,1,0,0,3,2" ten="91,276,383,250" oya="2" hai0="80,15,40,22,64,9,55,24,0,110,5,77,60" hai1="117,101,18,12,42,20,26,43,112,1,23,81,47" hai2="96,74,115,19,37,17,7,38,11,61,104,118,30" hai3="122,45,3,54,134,90,76,86,103,71,62,127,33"/><V44/><F118/><W120/><G33/><T13/><D110/><U125/><E112/><V121/><F30/><W28/><G28/><T58/><D40/><U56/><E117/><V83/><F121/><W41/><G76/><T129/><D129/><U130/><E1/><V133/><F61/><W89/><G103/><T102/><D55/><U16/><E125/><V36/><F44/><W68/><G3/><T50/><D50/><U106/><E130/><V93/><F104/><W27/><G27/><T119/><D119/><U109/><E109/><V82/><F133/><W63/><G127/><T4/><D102/><U87/><E56/><V116/><F115/><W69/><G134/><T131/><D131/><U34/><E34/><V35/><F35/><W88/><G86/><T107/><D107/><U84/><E81/><V14/><F116/><W123/><G54/><T132/><D132/><U65/><E65/><V97/><F97/><W31/><G31/><T25/><D0/><U85/><REACH who="1" step="1"/><E47/><REACH who="1" ten="91,266,383,250" step="2"/><V128/><F83/><W75/><REACH who="3" step="1"/><G75/><REACH who="3" ten="91,266,383,240" step="2"/><T32/><D32/><U113/><E113/><V114/><F74/><W10/><G10/><N who="0" m="4295" /><D22/><U67/><E67/><V70/><F114/><W73/><G73/><T48/><D48/><AGARI ba="1,2" hai="41,45,48,62,63,68,69,71,88,89,90,120,122,123" machi="48" ten="50,8000,1" yaku="1,1,29,2,54,1,53,0" doraHai="2" doraHaiUra="6" who="3" fromWho="0" sc="91,-83,266,0,383,0,240,103" /><INIT seed="3,0,0,2,4,98" ten="8,266,383,343" oya="3" hai0="16,18,128,85,75,10,68,12,56,73,133,108,106" hai1="117,3,17,32,131,7,76,74,11,19,27,47,34" hai2="70,8,91,129,66,28,64,134,115,78,0,48,105" hai3="22,92,126,4,103,101,71,81,59,107,110,72,39"/><W23/><G71/><T13/><D68/><U41/><E117/><V67/><F115/><W90/><G39/><T30/><D85/><U26/><E131/><V124/><F105/><W123/><G123/><T36/><D106/><U50/><E76/><V135/><F129/><W102/><G107/><T94/><D128/><U2/><E74/><V127/><F28/><W114/><G114/><T120/><D36/><U62/><E62/><V31/><F78/><W9/><G126/><N who="2" m="48169" /><F70/><W88/><G110/><T38/><D38/><U49/><E47/><V63/><F31/><W132/><G132/><N who="2" m="50729" /><F48/><W33/><G33/><T25/><D133/><U112/><E112/><V21/><F91/><W42/><G42/><T44/><D108/><U93/><E93/><V119/><F21/><N who="3" m="7691" /><G72/><T29/><D94/><U79/><E11/><V84/><F84/><N who="3" m="50191" /><G59/><T83/><D56/><U55/><E55/><V118/><F63/><W53/><G53/><T82/><D44/><U54/><E54/><V61/><F61/><W37/><G37/><T40/><D40/><U109/><E109/><V130/><F130/><W45/><G45/><T58/><D120/><U24/><E41/><V86/><F86/><N who="3" m="52311" /><G9/><T121/><D58/><U96/><E96/><V43/><F43/><W100/><G100/><T113/><D121/><U60/><E60/><V46/><F46/><W87/><G87/><T35/><D113/><U116/><E49/><V125/><F125/><W80/><G80/><N who="0" m="30763" /><D30/><U65/><E50/><V77/><F77/><W111/><G111/><T51/><D51/><U95/><E79/><V97/><F97/><RYUUKYOKU ba="0,0" sc="8,10,266,-30,383,10,343,10" hai0="10,12,13,16,18,25,29,35,73,75" hai2="0,8,64,66,67,118,119" hai3="4,101,102,103" /><INIT seed="3,1,0,1,2,131" ten="18,236,393,353" oya="3" hai0="133,59,93,1,11,97,126,90,57,16,106,37,84" hai1="28,36,34,7,124,32,21,85,43,80,89,94,18" hai2="52,54,63,55,105,40,3,51,120,114,31,12,122" hai3="110,103,39,25,119,75,130,53,123,68,91,19,23"/><W65/><G119/><T88/><D126/><U26/><E124/><V50/><F105/><W108/><G123/><N who="2" m="47145" /><F114/><W30/><G130/><T134/><D37/><U86/><E7/><V71/><F3/><W87/><G75/><T38/><D38/><U70/><E70/><V58/><F31/><W13/><G39/><T113/><D113/><U62/><E62/><V27/><F27/><W10/><G103/><T129/><D129/><U35/><E43/><V41/><F12/><W69/><G53/><N who="2" m="20585" /><F71/><W66/><G69/><T6/><D59/><U60/><E60/><V125/><F125/><W99/><G99/><T17/><D57/><U77/><REACH who="1" step="1"/><E36/><REACH who="1" ten="18,226,393,353" step="2"/><V107/><F63/><W116/><G116/><T102/><REACH who="0" step="1"/><D90/><REACH who="0" ten="8,226,393,353" step="2"/><U15/><AGARI ba="1,2" hai="15,18,21,26,28,32,34,35,77,80,85,86,89,94" machi="15" ten="20,5200,0" yaku="1,1,2,1,0,1,7,1,53,0" doraHai="131" doraHaiUra="42" who="1" fromWho="1" sc="8,-14,226,75,393,-14,353,-27" owari="-6,-50.6,301,-9.9,379,47.9,326,12.6" /></mjloggm>