<mjloggm ver="2.3"><GO type="225" lobby="0"/><UN n0="%E3%81%B5%E3%81%98%E3%81%8B%E3%81%A4" n1="%52%61%69%61%6E%2E" n2="%E3%81%9B%E3%81%9B%E3%81%9B%E3%81%9B%E3%81%96%E3%82%80%E3%82%89%E3%81%84" n3="%77%72%77%72%77%72%77%72" dan="16,16,16,17" rate="2157.99,2047.92,2137.63,2195.94" sx="M,M,M,M"/><TAIKYOKU oya="0"/><INIT seed="0,0,0,1,1,93" ten="250,250,250,250" oya="0" hai0="81,49,55,79,86,46,92,21,68,71,107,50,95" hai1="135,12,36,67,3,15,25,20,101,94,24,13,90" hai2="45,8,111,129,64,108,18,39,35,42,59,85,60" hai3="121,97,132,34,116,89,74,82,134,84,43,118,1"/><T91/><D107/><U102/><E3/><V76/><F129/><W119/><G34/><T52/><D95/><U65/><E36/><V22/><F8/><W133/><G1/><T122/><D122/><U19/><E135/><V105/><F35/><W30/><G30/><T10/><D21/><U77/><E77/><V120/><F120/><W62/><G62/><T123/><D10/><U113/><E113/><V54/><F105/><W124/><G43/><T7/><D7/><U88/><E24/><V51/><F85/><W0/><G0/><T115/><D115/><U40/><E40/><V2/><F76/><N who="3" m="44311" /><G121/><T125/><D125/><U38/><E38/><V61/><F2/><W72/><G72/><T126/><D126/><U53/><E53/><V131/><F131/><W117/><N who="3" m="29696" /><DORA hai="31" /><W27/><G27/><T73/><REACH who="0" step="1"/><D123/><REACH who="0" ten="240,250,250,250" step="2"/><U99/><E101/><V14/><REACH who="2" step="1"/><F60/><REACH who="2" ten="240,250,240,250" step="2"/><W98/><G124/><T128/><D128/><U9/><E9/><V44/><AGARI ba="0,2" hai="14,18,22,39,42,44,45,51,54,59,61,64,108,111" machi="44" ten="30,8000,1" yaku="1,1,2,1,0,1,53,2" doraHai="93,31" doraHaiUra="58,11" who="2" fromWho="2" sc="240,-40,250,-20,240,100,250,-20" /><INIT seed="1,0,0,4,4,83" ten="200,230,340,230" oya="1" hai0="93,134,29,98,9,17,60,8,3,48,35,66,67" hai1="53,11,31,44,32,125,2,26,24,6,14,113,94" hai2="78,28,71,37,43,39,19,132,123,109,86,49,101" hai3="127,135,10,1,70,74,88,120,42,102,54,30,33"/><U119/><E113/><V5/><F123/><W13/><G120/><T126/><D134/><U61/><E119/><V92/><F109/><W12/><G135/><T27/><D126/><U50/><E125/><V45/><F132/><W25/><G127/><T51/><D67/><U114/><E114/><V75/><F71/><W105/><G74/><T40/><D3/><U77/><E77/><V99/><F75/><W41/><G70/><T7/><D7/><U23/><E61/><V4/><F28/><W91/><G1/><T97/><D97/><U47/><E94/><V117/><F117/><W81/><G13/><T108/><D108/><U72/><E72/><V112/><F112/><W115/><G115/><T18/><D9/><U103/><E103/><V80/><REACH who="2" step="1"/><F19/><REACH who="2" ten="200,230,330,230" step="2"/><W90/><G30/><T58/><D18/><N who="1" m="10711" /><E24/><V55/><F55/><W129/><G54/><T73/><D40/><U69/><E69/><V121/><F121/><W133/><G41/><T15/><REACH who="0" step="1"/><D73/><REACH who="0" ten="190,230,330,230" step="2"/><U20/><E20/><V131/><F131/><W89/><G42/><T16/><D16/><U0/><E0/><V22/><F22/><W65/><G129/><T96/><D96/><U82/><E2/><V104/><F104/><W118/><G105/><T63/><D63/><U64/><E64/><V85/><F85/><W122/><G65/><T128/><D128/><U130/><E130/><V87/><F87/><W111/><G133/><T79/><D79/><U59/><E6/><AGARI ba="0,2" hai="4,5,6,37,39,43,45,49,78,80,86,92,99,101" machi="6" ten="40,5200,0" yaku="1,1,52,1,53,1" doraHai="83" doraHaiUra="46" who="2" fromWho="1" sc="190,0,230,-52,330,72,230,0" /><INIT seed="2,0,0,2,1,102" ten="190,178,402,230" oya="2" hai0="129,39,5,98,22,103,68,2,127,114,3,29,54" hai1="87,93,38,34,99,118,78,66,26,45,57,122,88" hai2="100,72,19,58,108,7,37,81,135,47,0,128,115" hai3="106,97,95,73,120,116,134,32,62,56,9,65,11"/><V123/><F58/><W70/><G120/><T86/><D114/><U80/><E118/><V110/><F123/><W126/><G116/><T48/><D68/><U69/><E122/><V117/><F117/><W40/><G73/><T53/><D39/><U76/><E69/><V1/><F115/><W104/><G32/><T42/><D127/><U63/><E38/><V23/><F135/><W8/><G126/><T125/><D125/><U119/><E119/><V113/><F113/><W92/><G40/><T74/><D74/><U50/><E34/><V131/><F100/><W89/><G134/><T30/><D86/><U24/><REACH who="1" step="1"/><E76/><REACH who="1" ten="190,168,402,230" step="2"/><N who="2" m="44167" /><F131/><W91/><REACH who="3" step="1"/><G70/><REACH who="3" ten="190,168,402,220" step="2"/><T105/><D129/><U79/><E79/><V109/><F128/><W46/><G46/><T55/><D42/><AGARI ba="0,2" hai="24,26,42,45,50,57,63,66,78,80,87,88,93,99" machi="42" ten="30,8000,1" yaku="1,1,7,1,8,1,54,1,53,1" doraHai="102" doraHaiUra="90" who="1" fromWho="0" sc="190,-80,168,100,402,0,220,0" /><INIT seed="3,0,0,0,4,14" ten="110,268,402,220" oya="3" hai0="39,127,4,45,72,86,128,0,59,134,57,1,83" hai1="92,50,71,125,68,53,81,107,49,61,116,103,105" hai2="97,74,24,41,31,56,75,88,48,19,46,38,99" hai3="85,91,40,130,11,62,9,13,102,25,96,104,131"/><W29/><G40/><T15/><D127/><U122/><E122/><V3/><F3/><W21/><G62/><T101/><D128/><N who="3" m="49193" /><G13/><T51/><D134/><U37/><E37/><V36/><F36/><W69/><G69/><T87/><D72/><U35/><E35/><V98/><F19/><W30/><G29/><T22/><D101/><U80/><E92/><AGARI ba="0,0" hai="9,11,21,25,30,85,91,92,96,102,104" m="49193" machi="92" ten="30,1500,0" yaku="19,1" doraHai="14" who="3" fromWho="1" sc="110,0,268,-15,402,0,220,15" /><INIT seed="3,1,0,3,5,2" ten="110,253,402,235" oya="3" hai0="73,69,34,72,68,116,61,6,96,100,57,49,16" hai1="120,104,88,4,50,90,106,80,91,108,124,35,114" hai2="8,125,95,32,109,129,14,92,94,75,5,84,59" hai3="74,36,24,76,47,38,54,7,117,51,93,1,12"/><W13/><G117/><T79/><D116/><U113/><E35/><V22/><F75/><W27/><G93/><T41/><D34/><U52/><E120/><V71/><F71/><W65/><G65/><T9/><D72/><U18/><E108/><V28/><F32/><W67/><G67/><T98/><D98/><U77/><E124/><V48/><F125/><W23/><G24/><T110/><D110/><U3/><E18/><V126/><F129/><W40/><G36/><T135/><D135/><U20/><E20/><V99/><F84/><W131/><G131/><T66/><D49/><U11/><E104/><V87/><F87/><W70/><G70/><T53/><D41/><U85/><REACH who="1" step="1"/><E106/><REACH who="1" ten="110,243,402,235" step="2"/><V25/><F126/><W46/><G23/><T123/><D123/><U55/><E55/><N who="2" m="32231" /><F109/><W127/><G27/><T89/><D53/><U82/><E82/><V39/><F22/><W105/><G105/><T44/><D89/><U112/><E112/><V111/><F111/><W31/><G31/><T43/><D16/><U86/><E86/><V81/><F81/><N who="3" m="45207" /><G127/><T103/><D79/><U118/><E118/><V58/><F25/><W121/><G121/><T83/><D83/><U15/><E15/><V107/><F28/><W130/><G130/><T45/><D73/><U33/><E33/><V63/><F107/><W10/><AGARI ba="1,1" hai="1,7,10,12,13,38,40,46,47,51,54" m="45207" machi="10" ten="30,3000,0" yaku="25,1,52,1" doraHai="2" who="3" fromWho="3" sc="110,-11,243,-11,402,-11,235,43" /><INIT seed="3,2,0,4,1,77" ten="99,232,391,278" oya="3" hai0="135,19,47,41,65,83,82,63,30,132,107,42,14" hai1="37,6,104,48,126,102,36,11,105,51,28,20,80" hai2="97,15,27,95,96,61,122,1,71,72,115,66,117" hai3="49,78,75,85,94,76,114,74,52,100,125,106,99"/><W127/><G114/><T134/><D107/><U130/><E80/><V16/><F1/><W129/><G129/><T56/><D30/><U58/><E102/><V79/><F115/><W89/><G49/><T17/><D42/><U88/><E88/><V55/><F122/><W43/><G52/><T45/><D45/><U21/><E28/><V92/><F117/><W91/><G43/><T8/><REACH who="0" step="1"/><D17/><REACH who="0" ten="89,232,391,278" step="2"/><U34/><E36/><AGARI ba="2,1" hai="8,14,19,36,41,47,56,63,65,82,83,132,134,135" machi="36" ten="40,8000,1" yaku="1,1,2,1,20,1,52,2,53,0" doraHai="77" doraHaiUra="133" who="0" fromWho="1" sc="89,96,232,-86,391,0,278,0" owari="185,-21.5,146,-35.4,391,49.1,278,7.8" /></mjloggm>