<mjloggm ver="2.3"><GO type="225" lobby="0"/><UN n0="%72%61%6B%33" n1="%E8%A8%88%E7%AE%97%E6%A9%9F%E8%87%AA%E7%84%B6" n2="%E6%80%AA%E3%81%97%E3%81%99%E3%81%8E%E3%82%8B%E3%83%81%E3%83%BC" n3="%6D%75%75%6D%75%72%61" dan="17,17,16,16" rate="2266.99,2228.19,2113.30,2181.88" sx="M,M,M,F"/><TAIKYOKU oya="0"/><INIT seed="0,0,0,3,4,135" ten="250,250,250,250" oya="0" hai0="4,102,119,127,87,108,112,94,55,48,134,19,42" hai1="27,110,77,16,63,65,78,118,98,93,73,97,2" hai2="11,70,21,29,40,45,24,26,25,92,132,115,23" hai3="10,64,69,123,129,111,56,114,17,113,99,130,106"/><T5/><D112/><U28/><E118/><V91/><F115/><W82/><G69/><T8/><D119/><U105/><E2/><V13/><F70/><W88/><G111/><T44/><D134/><U126/><E110/><V79/><F79/><W95/><G106/><T75/><D75/><U74/><E16/><V116/><F116/><W30/><G30/><T62/><D108/><U51/><E51/><V121/><F121/><W39/><G39/><T80/><D127/><U49/><E49/><N who="2" m="26791" /><F132/><W53/><G64/><T109/><D109/><U76/><E97/><N who="2" m="57503" /><F29/><W122/><G82/><T7/><D102/><U68/><E126/><V41/><F41/><W107/><G107/><T72/><D72/><U61/><E61/><V84/><F84/><W36/><G36/><T1/><D94/><U0/><E0/><V9/><F9/><W14/><G114/><T103/><D103/><N who="1" m="62711" /><E93/><V60/><F60/><N who="3" m="35855" /><G113/><T133/><D133/><U50/><E50/><V96/><F96/><W81/><G81/><T32/><D32/><AGARI ba="0,0" hai="27,28,32,63,65,68,73,74,76,77,78" m="62711" machi="32" ten="30,1000,0" yaku="25,1" doraHai="135" who="1" fromWho="0" sc="250,-10,250,10,250,0,250,0" /><INIT seed="1,0,0,1,1,90" ten="240,260,250,250" oya="1" hai0="41,111,98,104,116,16,32,39,100,85,6,21,71" hai1="120,97,109,49,93,20,33,42,68,91,105,47,129" hai2="61,103,55,124,110,87,123,57,14,56,127,130,53" hai3="36,63,118,112,35,134,117,24,108,65,60,27,66"/><U102/><E120/><V73/><F123/><W135/><G36/><T15/><D111/><U44/><E33/><V74/><F110/><W7/><G108/><T122/><D122/><U106/><E109/><V13/><F130/><W113/><G35/><T10/><D32/><U48/><E129/><V5/><F87/><W45/><G45/><T46/><D71/><U76/><E68/><V86/><F86/><W40/><REACH who="3" step="1"/><G7/><REACH who="3" ten="240,260,250,240" step="2"/><T121/><D121/><U19/><E76/><V132/><F5/><W95/><G95/><T3/><REACH who="0" step="1"/><D85/><REACH who="0" ten="230,260,250,240" step="2"/><U84/><E84/><V23/><F74/><W126/><G126/><T25/><D25/><U96/><E44/><V8/><F73/><W70/><G70/><T43/><D43/><AGARI ba="0,2" hai="24,27,40,43,60,63,65,66,112,113,117,118,134,135" machi="43" ten="25,3200,0" yaku="1,1,22,2,53,0" doraHai="90" doraHaiUra="18" who="3" fromWho="0" sc="230,-32,260,0,250,0,240,52" /><INIT seed="2,0,0,2,1,57" ten="198,260,250,292" oya="2" hai0="109,78,14,117,26,20,133,87,50,52,123,83,27" hai1="28,113,129,74,10,22,84,71,48,16,54,59,45" hai2="39,80,35,13,15,93,104,46,115,94,82,92,90" hai3="37,132,66,18,24,122,135,89,121,34,8,70,75"/><V116/><F104/><W7/><G75/><T53/><D123/><N who="3" m="47113" /><G37/><T63/><D109/><U33/><E113/><V108/><F115/><W106/><G106/><T128/><D128/><U61/><E74/><V65/><F35/><W124/><G89/><T88/><D133/><N who="3" m="51273" /><G66/><T111/><D111/><U23/><E71/><V58/><F116/><W42/><G42/><T36/><D36/><U130/><E84/><V17/><F108/><W4/><G70/><T2/><D2/><U68/><E68/><V81/><F39/><W102/><G102/><T19/><D117/><U105/><E105/><V30/><F46/><W0/><G7/><T103/><D103/><U41/><E130/><V85/><F30/><N who="3" m="19783" /><G18/><T44/><D78/><U72/><E72/><V62/><REACH who="2" step="1"/><F17/><REACH who="2" ten="198,260,240,292" step="2"/><W40/><G40/><T3/><D3/><U101/><E16/><V77/><F77/><W31/><G31/><T112/><D112/><U47/><E28/><V6/><F6/><W134/><G134/><T69/><D69/><U98/><E45/><V55/><F55/><W49/><G49/><T97/><D97/><U11/><E48/><V96/><F96/><W60/><G60/><T5/><D5/><U118/><E47/><V125/><F125/><AGARI ba="0,1" hai="0,4,8,124,125" m="19783,51273,47113" machi="125" ten="40,8000,1" yaku="20,1,23,1,34,2" doraHai="57" who="3" fromWho="2" sc="198,0,260,0,240,-80,292,90" /><INIT seed="3,0,0,4,5,49" ten="198,260,160,382" oya="3" hai0="22,94,0,129,84,7,109,5,81,123,54,16,62" hai1="97,99,28,58,36,32,70,26,90,107,80,18,30" hai2="93,67,40,56,101,102,9,111,88,61,48,126,92" hai3="105,73,78,114,86,65,24,118,121,31,37,52,72"/><W3/><G114/><T98/><D109/><U35/><E36/><V110/><F126/><W41/><G3/><T50/><D129/><U20/><E70/><V34/><F34/><W122/><G105/><T108/><D0/><U23/><E58/><V19/><F110/><W134/><G65/><T44/><D62/><U2/><E80/><V10/><F111/><W11/><G86/><T96/><D123/><U64/><E90/><V76/><F76/><W100/><G11/><T59/><D44/><U89/><E107/><V115/><F115/><W95/><G95/><T91/><D108/><U38/><E64/><V124/><F124/><W47/><G134/><T45/><D45/><U13/><E97/><N who="0" m="37481" /><D81/><U4/><E99/><N who="2" m="57735" /><F93/><W33/><G118/><T135/><D135/><U1/><E38/><V53/><F40/><W68/><G100/><N who="2" m="38505" /><F19/><W79/><G68/><T27/><AGARI ba="0,0" hai="5,7,16,22,27,50,54,59,84,91,94" m="37481" machi="27" ten="30,4000,0" yaku="8,1,52,1,54,1" doraHai="49" who="0" fromWho="0" sc="198,40,260,-10,160,-10,382,-20" owari="238,-16.2,250,5.0,150,-35.0,362,46.2" /></mjloggm>