<mjloggm ver="2.3"><GO type="225" lobby="0"/><UN n0="%E6%97%A5%E6%9B%9C%E6%97%A5%E3%82%88%E3%82%8A%E3%81%AE%E4%BD%BF%E8%80%85" n1="%E8%81%B7%E6%A5%AD%E3%80%81%E9%A2%A8%32" n2="%61%69%73%79%6F" n3="%E6%80%AA%E3%81%97%E3%81%99%E3%81%8E%E3%82%8B%E3%83%81%E3%83%BC" dan="17,16,17,17" rate="2176.72,2113.96,2142.60,2197.41" sx="M,M,M,M"/><TAIKYOKU oya="0"/><INIT seed="0,0,0,4,0,48" ten="250,250,250,250" oya="0" hai0="54,56,47,126,97,94,63,49,133,18,16,11,21" hai1="131,98,40,78,35,101,104,106,3,80,72,129,118" hai2="32,82,44,20,77,87,76,15,61,53,99,67,36" hai3="8,102,50,7,95,130,81,51,124,39,26,112,74"/><T93/><D126/><U25/><E3/><V73/><F32/><W105/><G39/><T62/><D133/><U127/><E118/><V92/><F73/><W42/><G112/><T1/><D1/><U135/><E127/><V111/><F111/><W0/><G105/><T115/><D115/><U29/><E135/><V10/><F77/><W24/><G124/><T123/><D123/><U4/><E4/><V9/><F36/><W27/><G130/><N who="1" m="49674" /><E40/><V84/><F84/><W30/><G30/><T90/><D93/><AGARI ba="0,0" hai="25,29,35,72,78,80,93,98,101,104,106" m="49674" machi="93" ten="30,1000,0" yaku="19,1" doraHai="48" who="1" fromWho="0" sc="250,-10,250,10,250,0,250,0" /><INIT seed="1,0,0,2,2,59" ten="240,260,250,250" oya="1" hai0="48,34,8,88,95,109,62,135,18,14,133,46,74" hai1="60,113,101,43,41,28,110,63,120,64,25,122,3" hai2="100,4,91,5,84,83,69,116,7,115,111,67,76" hai3="72,70,80,65,73,77,2,96,6,103,10,82,71"/><U131/><E3/><V68/><F111/><W121/><G121/><T35/><D74/><U12/><E113/><V1/><F116/><W98/><G65/><T45/><D109/><U102/><E110/><V53/><F1/><W66/><G66/><T61/><D35/><U112/><E112/><V52/><F100/><W123/><G123/><T39/><D34/><U21/><E131/><V75/><F115/><W58/><G58/><T114/><D39/><U128/><E128/><V26/><F26/><W129/><G129/><T33/><D33/><U106/><E120/><V30/><F30/><W9/><G9/><T93/><D93/><U78/><E64/><V19/><F19/><W134/><G134/><N who="0" m="51211" /><D114/><U50/><E122/><V105/><F105/><N who="3" m="63719" /><G98/><N who="0" m="57703" /><D46/><N who="1" m="25935" /><E106/><V97/><F97/><W126/><G126/><T125/><D125/><U38/><E38/><V92/><REACH who="2" step="1"/><F69/><REACH who="2" ten="240,260,240,250" step="2"/><W32/><G32/><T87/><D87/><U23/><E101/><V36/><F36/><W24/><G24/><T37/><D37/><U94/><E25/><V108/><F108/><W54/><G71/><T81/><D81/><U15/><E102/><V49/><F49/><W90/><G70/><T132/><N who="0" m="51219" /><T117/><DORA hai="29" /><D117/><U119/><E119/><V89/><F89/><W17/><G90/><T51/><D51/><U130/><E130/><V57/><F57/><W55/><G80/><T79/><D79/><U31/><E78/><V20/><F20/><W99/><G82/><T107/><D107/><U86/><E23/><V44/><F44/><W27/><G77/><T118/><D118/><U22/><E21/><RYUUKYOKU ba="0,1" sc="240,15,260,-15,240,15,250,-15" hai0="8,14,18,45,48,61,62" hai2="4,5,7,52,53,67,68,75,76,83,84,91,92" /><INIT seed="2,1,1,2,1,8" ten="255,245,255,235" oya="2" hai0="97,65,131,28,98,108,45,68,90,23,107,18,113" hai1="51,24,95,21,59,3,77,76,109,132,10,72,87" hai2="25,73,62,46,38,6,124,44,93,14,35,103,27" hai3="117,120,60,20,94,42,123,2,84,127,41,63,115"/><V47/><F73/><W130/><G117/><T39/><D113/><U104/><E104/><V79/><F38/><W89/><G2/><T29/><D68/><U134/><E109/><V133/><F35/><W88/><G115/><T26/><D65/><U34/><E34/><V111/><F133/><N who="1" m="51305" /><E72/><V54/><F124/><W112/><G112/><T4/><D4/><N who="1" m="1311" /><E87/><V69/><F79/><W37/><G127/><T126/><D126/><U12/><E12/><V114/><F111/><W82/><G130/><T0/><D0/><U105/><E95/><V31/><F114/><W121/><G20/><T52/><D107/><U57/><E105/><V102/><F93/><W53/><G37/><T128/><D108/><U110/><E110/><V9/><F69/><W96/><REACH who="3" step="1"/><G53/><REACH who="3" ten="255,245,255,225" step="2"/><T56/><D131/><U116/><E116/><V61/><F54/><W19/><G19/><T64/><D128/><U78/><E51/><V1/><F1/><W91/><G91/><T30/><D90/><U7/><E7/><V129/><F129/><W101/><G101/><N who="2" m="38409" /><F31/><AGARI ba="1,2" hai="21,24,31,57,59,76,77,78" m="1311,51305" machi="31" ten="30,1000,0" yaku="20,1" doraHai="8" who="1" fromWho="2" sc="255,0,245,33,255,-13,225,0" /><INIT seed="3,0,0,4,0,131" ten="255,278,242,225" oya="3" hai0="120,111,20,99,21,25,106,34,83,66,41,6,130" hai1="107,64,51,98,29,133,12,108,88,82,94,74,0" hai2="78,10,3,57,36,47,132,113,63,13,49,39,43" hai3="104,35,9,124,48,97,55,58,53,1,26,112,87"/><W85/><G112/><T19/><D120/><U92/><E133/><V77/><F113/><W8/><G124/><T119/><D119/><U135/><E135/><V56/><F3/><W50/><G1/><T134/><D34/><U27/><E107/><V84/><F132/><W7/><G7/><T45/><D134/><U123/><E123/><V30/><F30/><W31/><G104/><T103/><D111/><U15/><E0/><V23/><F23/><W54/><G97/><T95/><D130/><U101/><E108/><V37/><F84/><W125/><G125/><T117/><D117/><U129/><E129/><V22/><F22/><W28/><G55/><T16/><D66/><U71/><E64/><V81/><F63/><W116/><G116/><T105/><D83/><U118/><E82/><V46/><F46/><W73/><G73/><T126/><D6/><U33/><E74/><V128/><F128/><W5/><G5/><T89/><D103/><U44/><E71/><V61/><F61/><W122/><G122/><T79/><D79/><U75/><E75/><V24/><F24/><W52/><G54/><T110/><D110/><U60/><E60/><V67/><F67/><W70/><G70/><T18/><D126/><U65/><E65/><V62/><F62/><W14/><G14/><N who="0" m="9239" /><D19/><U4/><E4/><N who="2" m="3271" /><F77/><W91/><G31/><T114/><D114/><U32/><E32/><V96/><F96/><W109/><G109/><T40/><D45/><U93/><E118/><V11/><F11/><N who="3" m="4171" /><G91/><T68/><D68/><U127/><E127/><V90/><F90/><W2/><G2/><RYUUKYOKU ba="0,0" sc="255,10,278,-30,242,10,225,10" hai0="18,21,25,40,41,89,95,99,105,106" hai2="36,37,39,43,47,49,56,57,78,81" hai3="26,28,35,48,50,52,53,58,85,87" /><INIT seed="3,1,0,5,5,49" ten="265,248,252,235" oya="3" hai0="43,128,66,9,2,31,133,16,87,47,24,109,61" hai1="5,35,113,110,33,10,68,117,78,18,36,111,89" hai2="11,25,107,59,60,81,115,27,20,67,85,22,125" hai3="46,6,41,19,106,73,100,96,37,40,29,84,51"/><W12/><G73/><T0/><D87/><U34/><E36/><V64/><F115/><W45/><G29/><T132/><D109/><N who="1" m="41483" /><E113/><V102/><F125/><W127/><G127/><T74/><D74/><U126/><E126/><V112/><F112/><W71/><G71/><T135/><D128/><U119/><E68/><V98/><F11/><W124/><G124/><T62/><D9/><U55/><E78/><V103/><F103/><W26/><G6/><T122/><D122/><U42/><E42/><V17/><F64/><W8/><G84/><T134/><N who="0" m="33792" /><DORA hai="58" /><T14/><D16/><U105/><E105/><V90/><F22/><W86/><G86/><T83/><D14/><AGARI ba="1,0" hai="14,17,20,25,27,59,60,67,81,85,90,98,102,107" machi="14" ten="30,2000,0" yaku="7,1,52,1" doraHai="49,58" who="2" fromWho="0" sc="265,-23,248,0,252,23,235,0" /><INIT seed="4,0,0,0,5,37" ten="242,248,275,235" oya="0" hai0="64,109,125,99,100,32,66,33,2,113,20,131,76" hai1="45,92,4,71,91,43,102,112,117,124,49,52,24" hai2="39,8,41,57,107,42,62,18,47,130,29,63,48" hai3="58,61,121,98,114,126,90,55,16,3,40,13,104"/><T110/><D2/><U73/><E73/><V38/><F107/><W51/><G3/><T101/><D113/><U87/><E71/><V88/><F29/><W23/><G114/><T128/><D20/><U70/><E70/><V26/><F39/><W105/><G126/><T96/><REACH who="0" step="1"/><D76/><REACH who="0" ten="232,248,275,235" step="2"/><U7/><E112/><V86/><F130/><W19/><G121/><T120/><D120/><U56/><E124/><AGARI ba="0,1" hai="32,33,64,66,96,99,100,101,109,110,124,125,128,131" machi="124" ten="25,4800,0" yaku="1,1,22,2,53,0" doraHai="37" doraHaiUra="65" who="0" fromWho="1" sc="232,58,248,-48,275,0,235,0" /><INIT seed="4,1,0,1,4,116" ten="290,200,275,235" oya="0" hai0="52,5,49,112,121,70,115,73,62,32,7,3,86" hai1="20,72,134,22,122,84,127,42,15,117,113,85,9" hai2="108,77,67,94,106,56,46,41,27,98,135,91,17" hai3="104,35,16,90,89,12,103,38,111,58,63,28,95"/><T68/><D73/><U6/><E72/><V102/><F108/><W97/><G111/><T47/><D121/><U19/><E122/><V107/><F135/><W128/><G128/><T79/><D32/><U39/><E117/><V78/><F106/><W75/><G75/><T123/><D123/><U11/><E134/><V69/><F69/><N who="0" m="26730" /><D62/><U10/><E127/><V55/><F67/><W93/><G38/><T8/><D3/><U132/><E132/><V74/><F74/><W126/><G126/><T50/><D8/><N who="1" m="4503" /><E39/><V83/><F83/><W105/><G28/><T40/><D86/><N who="1" m="33387" /><E113/><N who="0" m="43593" /><D79/><U88/><E42/><V30/><F107/><W64/><G35/><T45/><AGARI ba="1,0" hai="5,7,40,45,47,49,50,52" m="43593,26730" machi="45" ten="40,3900,0" yaku="15,1,54,1" doraHai="116" who="0" fromWho="0" sc="290,42,200,-14,275,-14,235,-14" owari="332,43.2,186,-31.4,261,6.1,221,-17.9" /></mjloggm>