<mjloggm ver="2.3"><GO type="225" lobby="0"/><UN n0="%4B%2E%32%2E%4B%2E" n1="%E6%9D%B1%E9%A2%A8%E3%81%AE%E3%81%8D%E3%82%83%E3%81%B7%E3%81%95%E3%82%93" n2="%E3%81%95%E3%81%8D%E3%81%9F%E3%81%BE%E6%9E%97%E6%AA%8E" n3="%E3%80%93%E3%81%97%E3%83%BC%E3%82%89%E3%80%93" dan="16,17,16,16" rate="2129.78,2218.93,2069.36,2175.40" sx="M,M,M,M"/><TAIKYOKU oya="0"/><INIT seed="0,0,0,4,0,27" ten="250,250,250,250" oya="0" hai0="122,23,116,59,76,18,24,68,129,44,63,86,127" hai1="22,104,70,102,0,135,115,95,133,34,7,19,50" hai2="12,26,103,74,32,121,72,11,113,106,83,132,13" hai3="36,5,125,87,30,111,51,97,117,105,124,38,3"/><T10/><D116/><U33/><E70/><V55/><F121/><W40/><G117/><T130/><D122/><U69/><E69/><V80/><F113/><W20/><G111/><T21/><D68/><U43/><E104/><V17/><F132/><W14/><G87/><T101/><D127/><N who="3" m="48713" /><G3/><T62/><D101/><U46/><E7/><V47/><F106/><W107/><G107/><T60/><D59/><U96/><E0/><V92/><F32/><W82/><G82/><N who="0" m="47431" /><D44/><U2/><E2/><V89/><F103/><N who="3" m="62703" /><G5/><T112/><D112/><U16/><E115/><V85/><F74/><W126/><G14/><N who="0" m="7511" /><D24/><N who="1" m="14407" /><E19/><N who="2" m="8607" /><F26/><N who="3" m="16711" /><G126/><T35/><D35/><U84/><E84/><V99/><F85/><W8/><G8/><T49/><D49/><U108/><E108/><V25/><F25/><W81/><G81/><T9/><D9/><U15/><E15/><V1/><F1/><W75/><G75/><T91/><D91/><U57/><E34/><V29/><F72/><W61/><G61/><T56/><D63/><U114/><E33/><V4/><F83/><W52/><G40/><T88/><D62/><U67/><E114/><V37/><F80/><W109/><G109/><T48/><D88/><U90/><E102/><V45/><F89/><W131/><G131/><N who="0" m="50187" /><D60/><N who="1" m="38287" /><E133/><V6/><F37/><W66/><G66/><T73/><D73/><U110/><E110/><V65/><F65/><W71/><G71/><T119/><D119/><U77/><E135/><V53/><F6/><W123/><G123/><T120/><D120/><U118/><E118/><V128/><F128/><W58/><AGARI ba="0,0" hai="36,38,51,52,58" m="16711,62703,48713" machi="58" ten="30,4000,0" yaku="18,1,52,1,54,1" doraHai="27" who="3" fromWho="3" sc="250,-20,250,-10,250,-10,250,40" /><INIT seed="1,0,0,4,3,125" ten="230,240,240,290" oya="1" hai0="64,39,101,69,122,42,27,19,104,49,93,58,133" hai1="50,87,135,67,78,61,119,62,14,130,117,31,6" hai2="70,89,103,114,57,44,99,115,59,24,86,88,8" hai3="18,94,37,55,53,32,48,21,17,118,105,109,23"/><U2/><E2/><V73/><F73/><W34/><G105/><T52/><D104/><U132/><E31/><V107/><F70/><W134/><G37/><T65/><D133/><N who="1" m="51275" /><E50/><V33/><F44/><W85/><G134/><T26/><D122/><U83/><E130/><V43/><F43/><W36/><G36/><T54/><D69/><N who="1" m="42223" /><E62/><V92/><F8/><AGARI ba="0,0" hai="6,8,14,78,83,87,117,119" m="42223,51275" machi="8" ten="30,1500,0" yaku="20,1" doraHai="125" who="1" fromWho="2" sc="230,0,240,15,240,-15,290,0" /><INIT seed="1,1,0,3,3,47" ten="230,255,225,290" oya="1" hai0="56,70,108,103,60,54,16,73,17,84,124,126,102" hai1="125,133,5,65,96,98,10,113,91,6,12,77,78" hai2="80,95,3,11,42,72,27,57,134,131,26,14,100" hai3="30,122,41,132,38,110,43,18,39,115,35,49,111"/><U48/><E113/><V63/><F134/><W59/><G30/><T128/><D73/><U68/><E133/><V19/><F131/><W101/><G35/><T76/><D128/><U2/><E125/><N who="0" m="48233" /><D108/><N who="3" m="41513" /><G101/><N who="0" m="38411" /><D70/><U40/><E2/><V64/><F3/><W33/><G33/><T1/><D1/><U83/><E5/><V61/><F72/><W118/><G18/><N who="0" m="7275" /><D84/><N who="1" m="50591" /><E65/><V15/><F15/><W135/><G115/><T8/><D8/><U55/><E40/><N who="3" m="15434" /><G122/><T51/><D76/><N who="1" m="29291" /><E68/><V75/><F42/><W123/><G123/><T94/><D94/><U46/><AGARI ba="1,0" hai="6,10,12,46,48,55,96,98" m="29291,50591" machi="46" ten="30,3000,0" yaku="8,1,52,1" doraHai="47" who="1" fromWho="1" sc="230,-11,255,33,225,-11,290,-11" /><INIT seed="1,2,0,1,1,110" ten="219,288,214,279" oya="1" hai0="120,52,117,61,95,12,127,56,129,44,51,15,39" hai1="126,36,53,86,116,19,112,34,58,49,29,115,106" hai2="41,7,125,40,24,114,123,25,38,89,37,4,74" hai3="108,46,103,134,133,2,26,5,57,88,17,91,54"/><U118/><E106/><V132/><F74/><W62/><G108/><T20/><D117/><U131/><E29/><V107/><F107/><W68/><G103/><T94/><D39/><U113/><E34/><V30/><F30/><W66/><G46/><T32/><D32/><U92/><E36/><V90/><F123/><W102/><G102/><T65/><D127/><U3/><E3/><V72/><F72/><W14/><G26/><T99/><D129/><U35/><E35/><V22/><F22/><N who="3" m="11575" /><G5/><T31/><D120/><U23/><E131/><V79/><F79/><W16/><G16/><T50/><D50/><U43/><E43/><V135/><REACH who="2" step="1"/><F125/><REACH who="2" ten="219,288,204,279" step="2"/><W59/><G134/><T78/><D78/><U60/><E126/><V11/><F11/><W33/><G133/><T0/><D0/><U87/><E118/><V96/><F96/><W47/><G33/><T109/><D109/><U67/><E116/><V130/><F130/><W77/><G77/><T83/><D83/><U45/><REACH who="1" step="1"/><E92/><REACH who="1" ten="219,278,204,279" step="2"/><V84/><F84/><W64/><G2/><T10/><D94/><U104/><E104/><V97/><F97/><W105/><G105/><T55/><D95/><U111/><E111/><V8/><F8/><W63/><G68/><T69/><D99/><U100/><E100/><V28/><F28/><W76/><G76/><T82/><D10/><U27/><AGARI ba="2,2" hai="19,23,27,45,49,53,58,60,67,86,87,112,113,115" machi="27" ten="30,12000,1" yaku="1,1,0,1,52,3,53,0" doraHai="110" doraHaiUra="101" who="1" fromWho="1" sc="219,-42,278,146,204,-42,279,-42" /><INIT seed="1,3,0,2,1,69" ten="177,424,162,237" oya="1" hai0="28,76,35,16,66,99,94,2,126,44,100,88,46" hai1="107,114,36,17,118,98,89,108,1,29,63,65,101" hai2="121,130,21,5,62,73,67,34,8,83,55,84,75" hai3="78,91,40,85,22,80,7,82,10,119,41,95,58"/><U61/><E1/><V3/><F121/><W134/><G134/><T125/><D2/><U13/><E118/><V104/><F130/><W93/><G119/><T87/><D76/><U124/><E124/><N who="0" m="47721" /><D66/><U56/><E108/><V32/><F104/><W115/><G115/><T31/><D16/><U51/><E29/><N who="0" m="11337" /><D35/><U23/><E114/><V45/><F21/><W77/><G22/><T81/><AGARI ba="3,0" hai="44,46,81,87,88,94,99,100" m="11337,47721" machi="81" ten="30,2000,0" yaku="18,1,54,1" doraHai="69" who="0" fromWho="0" sc="177,29,424,-13,162,-8,237,-8" /><INIT seed="2,0,0,3,0,27" ten="206,411,154,229" oya="2" hai0="37,38,57,109,16,84,96,42,104,130,40,11,62" hai1="13,0,108,114,80,22,123,125,71,81,85,26,33" hai2="43,46,31,119,19,34,74,94,118,77,29,67,18" hai3="32,116,103,9,117,47,124,2,126,89,6,110,25"/><V39/><F67/><W99/><G110/><T54/><D109/><U61/><E0/><V50/><F39/><W78/><G89/><T101/><D130/><U131/><E125/><N who="3" m="48234" /><G78/><T3/><D38/><U88/><E114/><V64/><F64/><W115/><G115/><T135/><D135/><U41/><E33/><V129/><F129/><W30/><G47/><T60/><D37/><U120/><E41/><V76/><F74/><W14/><G2/><T107/><D107/><AGARI ba="0,0" hai="6,9,14,25,30,32,99,103,107,116,117" m="48234" machi="107" ten="30,2000,0" yaku="18,1,52,1" doraHai="27" who="3" fromWho="0" sc="206,-20,411,0,154,0,229,20" /><INIT seed="3,0,0,0,3,134" ten="186,411,154,249" oya="3" hai0="54,50,117,74,96,98,85,72,4,99,91,35,11" hai1="17,3,131,48,120,34,55,75,114,92,73,60,135" hai2="80,128,13,28,87,15,59,51,29,7,53,61,71" hai3="70,23,107,95,118,27,49,79,86,62,45,130,116"/><W113/><G107/><T21/><D117/><U30/><E131/><V67/><F128/><W22/><G130/><T66/><D35/><U32/><E120/><V44/><F15/><W16/><G113/><T121/><D66/><U9/><E135/><V36/><F13/><W132/><G132/><T89/><D21/><U119/><E34/><V123/><F7/><W111/><G111/><T47/><D121/><U122/><E60/><V84/><F123/><W12/><G70/><T26/><D26/><U46/><E17/><V19/><F19/><W133/><G62/><T37/><D37/><U82/><E92/><V102/><F102/><W40/><G133/><T127/><D127/><U88/><E119/><V76/><REACH who="2" step="1"/><F84/><REACH who="2" ten="186,411,144,249" step="2"/><W2/><G16/><T124/><D124/><U64/><E122/><V97/><F97/><W103/><G12/><N who="0" m="5223" /><D72/><U24/><E114/><V20/><F20/><W52/><G23/><T8/><D74/><U129/><E129/><V14/><F14/><W58/><G22/><T33/><D33/><U108/><E73/><V93/><F93/><W63/><G95/><N who="0" m="56431" /><D8/><U101/><E9/><V81/><F81/><AGARI ba="0,1" hai="47,50,54,81,85,91,98,99" m="56431,5223" machi="81" ten="30,1000,0" yaku="8,1" doraHai="134" who="0" fromWho="2" sc="186,20,411,0,144,-10,249,0" owari="206,-19.4,411,51.1,134,-36.6,249,4.9" /></mjloggm>