<mjloggm ver="2.3"><GO type="225" lobby="0"/><UN n0="%45%6C%79%73%69%75%6D" n1="%E8%81%B7%E6%A5%AD%E3%80%81%E9%A2%A8%32" n2="%E3%81%97%E3%82%89%E3%81%84%E3%81%97%E3%81%BE%E3%81%84" n3="%E3%81%B2%E3%81%AA%E3%81%AE%E3%82%8A%E3%81%8F" dan="17,16,17,17" rate="2119.06,2084.57,2245.49,2173.13" sx="F,M,M,M"/><TAIKYOKU oya="0"/><INIT seed="0,0,0,0,3,134" ten="250,250,250,250" oya="0" hai0="26,16,126,42,39,58,130,64,80,15,30,85,88" hai1="2,113,129,11,28,84,43,37,92,60,74,120,91" hai2="121,112,22,13,132,0,100,75,67,14,5,102,8" hai3="104,108,98,20,18,38,46,105,70,21,111,36,10"/><T33/><D130/><U57/><E120/><V81/><F112/><W77/><G70/><T32/><D32/><U12/><E74/><V17/><F121/><W103/><G105/><T44/><D58/><U96/><E113/><V118/><F132/><W61/><G77/><T29/><D29/><U54/><E129/><V66/><F118/><W97/><G97/><T123/><D123/><U93/><E2/><V45/><F0/><W9/><G61/><T41/><D41/><U56/><E28/><V23/><F75/><W78/><G78/><T68/><D64/><U49/><E37/><N who="3" m="14442" /><G46/><T4/><D4/><U116/><E116/><V107/><F107/><W95/><G95/><T79/><D79/><U7/><E43/><V82/><F45/><W19/><G21/><T109/><D68/><U53/><REACH who="1" step="1"/><E93/><REACH who="1" ten="250,240,250,250" step="2"/><V62/><F82/><W117/><G117/><T69/><D42/><U125/><E125/><V65/><F81/><W99/><G104/><T101/><D126/><U83/><E83/><V135/><F135/><W40/><G40/><T50/><D80/><U76/><E76/><V52/><F23/><W34/><G20/><T106/><D106/><U119/><E119/><V71/><F71/><W114/><G34/><T24/><D69/><U6/><E6/><V87/><F5/><W90/><G114/><T110/><D33/><U25/><E25/><V131/><F131/><W94/><G94/><T128/><D128/><U1/><E1/><V133/><F133/><W86/><G10/><T51/><D30/><U31/><E31/><V89/><F8/><W27/><G9/><RYUUKYOKU ba="0,1" sc="250,-10,240,30,250,-10,250,-10" hai1="7,11,12,49,53,54,56,57,60,84,91,92,96" /><INIT seed="1,1,1,0,1,113" ten="240,270,240,240" oya="1" hai0="134,49,19,24,86,34,95,33,22,83,128,82,125" hai1="107,21,132,4,71,66,129,85,36,92,117,55,133" hai2="108,35,87,130,127,12,122,93,3,62,91,121,60" hai3="96,104,97,26,112,15,42,103,38,29,44,114,70"/><U10/><E107/><V40/><F3/><W115/><G70/><T52/><D125/><U72/><E72/><V56/><F35/><W124/><G124/><T54/><D128/><U131/><E36/><V9/><F127/><W43/><G43/><T73/><D134/><N who="1" m="51819" /><E117/><V46/><F108/><W69/><G69/><T101/><D73/><U109/><E109/><V120/><F130/><N who="1" m="49673" /><E21/><V8/><F56/><W47/><G47/><T88/><D54/><U102/><E55/><V13/><F13/><W17/><G97/><T78/><D101/><U81/><E71/><V89/><F89/><W11/><REACH who="3" step="1"/><G115/><REACH who="3" ten="240,270,240,230" step="2"/><T80/><REACH who="0" step="1"/><D78/><REACH who="0" ten="230,270,240,230" step="2"/><N who="1" m="46263" /><E66/><V25/><F121/><W100/><G100/><T50/><D50/><U67/><E67/><V37/><F120/><W118/><G118/><T79/><D79/><U77/><E77/><V32/><F122/><W28/><G28/><T119/><D119/><U39/><E102/><V53/><F37/><W59/><G59/><AGARI ba="1,3" hai="19,22,24,33,34,49,52,59,80,82,83,86,88,95" machi="59" ten="40,5200,0" yaku="1,1,54,2,53,0" doraHai="113" doraHaiUra="105" who="0" fromWho="3" sc="230,85,270,0,240,0,230,-55" /><INIT seed="2,0,0,0,0,26" ten="315,270,240,175" oya="2" hai0="50,68,132,86,39,73,62,89,87,3,70,112,28" hai1="53,29,59,55,6,103,38,9,40,135,14,34,31" hai2="115,37,81,133,45,43,83,126,13,49,116,63,131" hai3="78,80,7,71,11,130,82,1,92,36,100,122,128"/><V102/><F116/><W2/><G122/><T108/><D39/><U74/><E74/><V56/><F115/><W125/><G71/><T30/><D73/><U109/><E34/><V25/><F126/><W32/><G125/><T54/><D3/><U0/><E109/><V58/><F131/><W24/><G2/><T27/><D112/><U21/><E135/><V77/><F133/><W4/><G4/><T18/><D132/><U93/><E40/><V111/><F111/><W75/><G82/><T66/><D70/><U85/><E38/><V65/><F102/><W99/><REACH who="3" step="1"/><G36/><REACH who="3" ten="315,270,240,165" step="2"/><T33/><D108/><U96/><E0/><V46/><F83/><W79/><G79/><T61/><D68/><U20/><E6/><V124/><F124/><W41/><G41/><T121/><D121/><U110/><E110/><V123/><F123/><W97/><G97/><T84/><D84/><U107/><E85/><V19/><F81/><W120/><G120/><T35/><D86/><U15/><E96/><V67/><F77/><W117/><G117/><T98/><D98/><U114/><E114/><V5/><F5/><W16/><G16/><T101/><D18/><U106/><E106/><V94/><F94/><W134/><G134/><T69/><D87/><U76/><E107/><V90/><F37/><W51/><G51/><T105/><D105/><U44/><E93/><V17/><F49/><W119/><G119/><T64/><D50/><U72/><E76/><V12/><F43/><W23/><G23/><T10/><D69/><U95/><E95/><V129/><F129/><W42/><G42/><RYUUKYOKU ba="0,1" sc="315,-10,270,-10,240,-10,165,30" hai3="1,7,11,24,32,75,78,80,92,99,100,128,130" /><INIT seed="3,1,1,4,5,35" ten="305,260,230,195" oya="3" hai0="82,90,48,70,10,76,6,56,37,119,130,133,34" hai1="129,121,1,105,124,81,51,12,55,98,13,11,2" hai2="132,16,97,8,64,106,95,23,14,32,46,110,4" hai3="92,127,41,50,9,60,22,7,26,71,54,21,128"/><W27/><G128/><T59/><D70/><U93/><E121/><V40/><F110/><W96/><G41/><T88/><D119/><U17/><E105/><V111/><F111/><W63/><G127/><T5/><D34/><U15/><E124/><V29/><F132/><W31/><G22/><T74/><D130/><U78/><E129/><V99/><F64/><W117/><G71/><T113/><D133/><U73/><E13/><V25/><F106/><W123/><G27/><T69/><D69/><U122/><E15/><V85/><F85/><W84/><G84/><T83/><D37/><U68/><E122/><V100/><F97/><W104/><G104/><T24/><D24/><U75/><E75/><V86/><F86/><W102/><G117/><T39/><D39/><U125/><E68/><V112/><F112/><W18/><G18/><T126/><D126/><U103/><E125/><V36/><REACH who="2" step="1"/><F32/><REACH who="2" ten="305,260,220,195" step="2"/><W53/><G123/><T79/><D113/><U61/><E61/><V42/><F42/><W62/><REACH who="3" step="1"/><G50/><REACH who="3" ten="305,260,220,185" step="2"/><T135/><D135/><U116/><E116/><V65/><F65/><W115/><G115/><T89/><D48/><U109/><E109/><V57/><F57/><AGARI ba="1,3" hai="1,2,11,12,17,51,55,57,73,78,81,93,98,103" machi="57" ten="30,3900,0" yaku="7,1,52,2" doraHai="35" who="1" fromWho="2" sc="305,0,260,72,220,-42,185,0" owari="305,10.5,332,43.2,178,-32.2,185,-21.5" /></mjloggm>