<mjloggm ver="2.3"><GO type="225" lobby="0"/><UN n0="%E5%A4%96%E5%B7%9D%E7%AB%9C%E6%88%90" n1="%E9%A2%A8%E3%81%A7%E9%B3%B4%E3%81%8F" n2="%E3%83%AD%E3%83%83%E3%83%86%E9%9B%80%E7%90%83" n3="%72%61%6B%33" dan="16,16,17,18" rate="2221.04,2163.78,2219.45,2255.94" sx="M,M,M,M"/><TAIKYOKU oya="0"/><INIT seed="0,0,0,2,1,21" ten="250,250,250,250" oya="0" hai0="119,55,10,114,66,89,23,35,56,1,113,22,19" hai1="42,24,73,2,62,135,76,52,128,18,115,63,15" hai2="59,9,90,28,67,124,5,8,84,79,74,104,51" hai3="32,38,101,75,93,112,43,61,60,123,86,82,103"/><T16/><D119/><U122/><E2/><V30/><F124/><W25/><G112/><T34/><D66/><U46/><E122/><V109/><F109/><W94/><G75/><T27/><D89/><U80/><E115/><N who="0" m="44041" /><D55/><U44/><E128/><V37/><F37/><W131/><G131/><T106/><D106/><U88/><E135/><V98/><F74/><W14/><G123/><T11/><D56/><U87/><E24/><V65/><F104/><W64/><G14/><N who="0" m="9591" /><D11/><N who="1" m="6527" /><E73/><V117/><F9/><W83/><G38/><T48/><D48/><N who="1" m="28679" /><E76/><V47/><F79/><W92/><G43/><T69/><D69/><U41/><E41/><V125/><F8/><W111/><G111/><T4/><AGARI ba="0,0" hai="1,4,10,16,23,27,34,35" m="9591,44041" machi="4" ten="30,11700,0" yaku="34,2,52,1,54,1" doraHai="21" who="0" fromWho="0" sc="250,117,250,-39,250,-39,250,-39" /><INIT seed="0,1,0,5,5,20" ten="367,211,211,211" oya="0" hai0="62,82,50,40,70,7,13,51,105,133,73,110,53" hai1="93,0,15,121,12,130,58,23,16,88,72,25,17" hai2="42,10,108,126,18,119,45,4,103,9,77,102,48" hai3="124,79,32,90,134,127,69,24,107,113,14,85,29"/><T96/><D105/><U8/><E72/><V44/><F108/><W81/><G113/><T74/><D96/><U76/><E121/><V87/><F126/><W1/><G1/><T129/><D82/><U41/><E130/><V27/><F119/><W106/><G134/><T46/><D110/><U37/><E37/><V132/><F132/><W54/><G69/><T75/><D133/><U66/><E41/><V131/><F131/><W89/><G14/><T120/><D120/><U71/><E71/><V112/><F112/><W104/><REACH who="3" step="1"/><G54/><REACH who="3" ten="367,211,211,201" step="2"/><T111/><D53/><U94/><E0/><V95/><F9/><W115/><G115/><T123/><D123/><U3/><E3/><V80/><F45/><W52/><G52/><T97/><D46/><U67/><E15/><N who="2" m="5575" /><F95/><W101/><G101/><N who="2" m="38409" /><F18/><W33/><G33/><T21/><D70/><U31/><E94/><V125/><F125/><AGARI ba="1,1" hai="24,29,32,79,81,85,89,90,104,106,107,124,125,127" machi="125" ten="50,6400,0" yaku="1,1,18,1,52,1,53,0" doraHai="20" doraHaiUra="34" who="3" fromWho="2" sc="367,0,211,0,211,-67,201,77" /><INIT seed="1,0,0,3,0,115" ten="367,211,144,278" oya="1" hai0="6,47,67,3,102,87,110,0,54,119,41,107,105" hai1="22,30,96,40,75,73,37,103,31,45,68,129,35" hai2="109,70,91,114,15,120,94,7,113,14,84,127,71" hai3="100,4,27,38,123,125,49,65,26,95,77,86,81"/><U117/><E117/><V78/><F120/><W36/><G123/><T39/><D119/><U108/><E129/><V104/><F104/><W80/><G125/><T118/><D118/><U25/><E31/><V5/><F127/><W74/><G65/><T19/><D67/><U85/><E85/><V83/><F109/><W106/><G4/><T48/><D110/><U43/><E108/><V17/><F71/><W116/><G49/><T51/><D51/><U50/><E22/><V12/><F70/><W24/><G116/><T2/><D6/><U69/><E43/><V128/><F128/><W79/><REACH who="3" step="1"/><G95/><REACH who="3" ten="367,211,144,268" step="2"/><T98/><D105/><N who="1" m="63719" /><E50/><V16/><F5/><W10/><G10/><T53/><D48/><U55/><E55/><V59/><F7/><W58/><G58/><T60/><D54/><U33/><E33/><V88/><F59/><W56/><G56/><T121/><D53/><U124/><E124/><V134/><F134/><W131/><G131/><T18/><D121/><U63/><E69/><V20/><F94/><W62/><G62/><T61/><D60/><U99/><E99/><AGARI ba="0,1" hai="24,26,27,36,38,74,77,79,80,81,86,99,100,106" machi="99" ten="40,1300,0" yaku="1,1,53,0" doraHai="115" doraHaiUra="90" who="3" fromWho="1" sc="367,0,211,-13,144,0,268,23" /><INIT seed="2,0,0,4,2,119" ten="367,198,144,291" oya="2" hai0="98,47,10,78,68,103,89,133,27,70,80,110,77" hai1="127,25,74,88,97,65,58,112,87,122,105,11,36" hai2="106,55,73,32,43,85,90,96,31,49,95,130,0" hai3="54,69,4,8,125,82,135,111,115,99,84,14,52"/><V57/><F130/><W30/><G69/><T100/><D110/><U16/><E74/><V6/><F73/><W72/><G111/><T35/><D47/><U12/><E36/><V17/><F43/><W28/><G125/><T37/><D37/><U7/><E112/><V45/><F45/><W60/><G135/><T71/><D10/><U38/><E38/><V94/><F106/><W124/><G72/><T129/><D89/><U132/><E127/><V76/><F76/><W18/><G115/><T108/><D80/><U114/><E114/><V20/><F32/><W33/><G99/><T39/><D39/><U92/><E132/><V56/><F31/><W64/><G124/><T51/><D51/><U86/><E122/><V113/><F113/><W102/><G102/><T131/><D103/><U19/><E105/><V41/><F41/><W9/><G33/><T134/><D108/><U2/><E2/><V23/><F57/><W128/><G128/><N who="0" m="49227" /><D134/><U48/><E48/><V109/><F109/><W63/><G8/><T1/><D1/><U26/><E26/><V120/><F120/><W93/><G4/><T59/><D59/><U118/><E118/><V22/><F6/><W21/><G9/><T66/><D66/><U83/><E25/><N who="2" m="14479" /><F0/><W126/><G126/><T40/><D40/><U116/><E116/><V13/><F13/><W24/><G14/><T79/><D133/><U91/><E97/><V104/><F104/><W50/><G24/><T75/><D75/><U15/><E12/><V117/><F117/><W62/><G28/><N who="0" m="19871" /><D98/><U44/><E44/><V42/><F42/><RYUUKYOKU ba="0,0" sc="367,10,198,10,144,10,291,-30" hai0="68,70,71,77,78,79,100" hai1="7,11,15,16,19,58,65,83,86,87,88,91,92" hai2="22,23,49,55,56,85,90,94,95,96" /><INIT seed="2,1,0,3,2,133" ten="377,208,154,261" oya="2" hai0="84,107,64,27,33,23,128,26,68,36,94,8,127" hai1="93,58,87,74,18,22,47,28,0,4,32,77,14" hai2="90,15,109,106,98,89,101,125,39,50,35,17,24" hai3="5,119,124,1,135,16,70,62,92,132,76,29,103"/><V85/><F39/><W123/><G119/><T45/><D107/><U59/><E93/><V20/><F109/><W88/><G123/><T71/><D8/><N who="1" m="2055" /><E87/><V69/><F125/><W118/><G124/><T134/><D127/><U96/><E96/><V91/><F69/><W102/><G29/><T43/><D64/><U48/><E77/><V61/><F61/><W115/><G115/><T56/><D56/><U38/><E38/><V100/><F100/><W6/><G76/><T108/><D108/><U130/><E74/><V9/><F35/><W104/><G118/><T122/><D122/><U67/><E67/><V65/><F50/><W80/><G80/><T52/><D52/><N who="1" m="29727" /><E130/><V10/><F65/><W2/><G62/><T113/><D134/><U117/><E117/><V60/><F60/><W73/><G73/><T19/><D113/><U116/><E116/><V110/><F110/><W53/><G92/><T40/><D40/><U75/><E75/><V63/><F63/><W66/><G66/><T81/><D94/><U131/><E131/><V97/><F97/><W7/><G70/><T13/><D128/><U31/><E31/><V51/><F51/><W82/><G104/><T78/><D33/><U95/><E95/><V3/><F3/><W111/><G111/><T12/><D71/><U112/><E112/><V129/><F129/><W21/><G1/><T57/><D68/><U37/><E37/><V34/><REACH who="2" step="1"/><F85/><REACH who="2" ten="377,208,144,261" step="2"/><N who="3" m="50231" /><G2/><T42/><D36/><U99/><E99/><V55/><F55/><W30/><G53/><T11/><D84/><U86/><E86/><V25/><F25/><AGARI ba="1,1" hai="14,18,22,25,28,32,58,59" m="29727,2055" machi="25" ten="30,3900,0" yaku="6,1,24,1,54,1" doraHai="133" who="1" fromWho="2" sc="377,0,208,52,144,-42,261,0" /><INIT seed="3,0,0,5,0,76" ten="377,260,102,261" oya="3" hai0="52,78,3,28,46,105,119,97,135,70,125,18,58" hai1="95,103,44,94,113,99,1,102,0,129,100,92,10" hai2="87,34,64,42,107,88,114,49,24,40,74,83,133" hai3="112,53,23,20,73,71,65,90,59,33,77,63,130"/><W110/><G112/><T19/><D70/><U26/><E113/><V93/><F133/><W134/><G134/><T56/><D3/><U43/><E129/><V17/><F114/><W101/><G130/><T126/><D135/><U14/><E26/><V2/><F107/><W91/><G33/><T82/><D119/><U131/><E131/><V35/><F2/><W5/><G110/><T109/><D28/><U127/><E127/><V4/><F4/><W120/><G120/><T118/><D118/><U89/><E1/><V108/><F108/><W30/><G101/><T84/><D56/><U29/><E29/><V21/><F64/><W11/><G23/><T62/><D109/><U50/><E0/><V69/><F69/><W27/><G73/><T121/><D46/><U117/><E117/><V80/><F74/><W31/><G77/><T13/><D13/><U15/><E15/><V54/><F35/><W9/><G30/><T38/><D38/><U132/><E132/><V8/><F8/><W66/><G5/><AGARI ba="0,0" hai="5,10,14,43,44,50,89,92,94,95,99,100,102,103" machi="5" ten="40,1300,0" yaku="8,1" doraHai="76" who="1" fromWho="3" sc="377,0,260,13,102,0,261,-13" owari="377,47.7,273,7.3,102,-39.8,248,-15.2" /></mjloggm>