<mjloggm ver="2.3"><GO type="225" lobby="0"/><UN n0="%E3%81%A1%E3%82%85%E3%81%86%E3%81%A9%E3%81%8F%E8%B1%A1%E3%81%95%E3%82%93" n1="%E9%80%9F%E6%B0%B4%E5%87%9B%E9%A6%99" n2="%E2%91%A3%E9%81%BF%E9%81%8A%E6%88%AF%E3%80%90%E6%9D%B1%E5%8D%97%E3%80%91" n3="%E3%81%AF%E3%82%88%E3%81%8A%E3%81%98%E3%81%95%E3%82%93" dan="17,16,16,16" rate="2205.82,2135.82,2104.40,2129.08" sx="M,F,M,M"/><TAIKYOKU oya="0"/><INIT seed="0,0,0,3,4,23" ten="250,250,250,250" oya="0" hai0="120,6,83,43,15,29,108,22,21,45,79,50,24" hai1="26,53,65,131,100,132,9,112,118,31,81,58,0" hai2="123,92,40,124,85,82,7,38,1,116,63,91,20" hai3="106,127,119,110,129,46,109,95,51,74,133,72,98"/><T35/><D120/><U134/><E118/><V101/><F123/><W105/><G51/><T25/><D108/><N who="3" m="41577" /><G46/><T66/><D66/><U48/><E112/><V86/><F116/><W27/><G119/><T88/><D88/><U114/><E114/><V78/><F124/><W14/><G14/><T73/><REACH who="0" step="1"/><D24/><REACH who="0" ten="240,250,250,250" step="2"/><U42/><E65/><V84/><F91/><W135/><G27/><T28/><D28/><U36/><E26/><V44/><F101/><N who="3" m="60639" /><G127/><T104/><D104/><N who="3" m="40041" /><G129/><T49/><D49/><U54/><E48/><V16/><F63/><W70/><G70/><T4/><D4/><U39/><E131/><V69/><F69/><W87/><G87/><T89/><D89/><U121/><E100/><V80/><F7/><W11/><G11/><AGARI ba="0,1" hai="6,11,15,21,22,25,29,35,43,45,50,73,79,83" machi="11" ten="40,3900,0" yaku="1,1,52,1,53,0" doraHai="23" doraHaiUra="68" who="0" fromWho="3" sc="240,49,250,0,250,0,250,-39" /><INIT seed="0,1,0,1,1,44" ten="289,250,250,211" oya="0" hai0="70,71,124,120,32,83,3,92,49,129,78,117,100" hai1="81,17,26,132,125,19,97,88,54,29,77,34,59" hai2="28,98,30,50,10,76,101,42,80,8,47,2,23" hai3="35,135,22,118,90,6,60,74,27,115,69,25,112"/><T41/><D120/><U96/><E132/><V72/><F23/><W5/><G74/><T64/><D117/><U1/><E1/><V84/><F72/><W133/><G90/><T53/><D3/><U67/><E125/><V134/><F134/><N who="3" m="51211" /><G60/><T0/><D0/><U36/><E36/><V21/><F2/><W15/><G69/><T102/><D32/><U18/><E67/><V111/><F111/><W52/><G52/><T68/><D124/><U39/><E39/><V94/><F21/><W73/><G73/><T9/><D129/><U40/><E40/><V7/><REACH who="2" step="1"/><F10/><REACH who="2" ten="289,250,240,211" step="2"/><W16/><G118/><T11/><D9/><U37/><E34/><V131/><F131/><W127/><G127/><T86/><D11/><U89/><E29/><V66/><F66/><W126/><G126/><T58/><D64/><U105/><E26/><N who="3" m="9738" /><G35/><T63/><REACH who="0" step="1"/><D92/><REACH who="0" ten="279,250,240,211" step="2"/><U114/><E105/><V75/><F75/><W12/><G12/><T62/><D62/><U91/><E114/><AGARI ba="1,2" hai="5,6,15,16,22,112,114,115" m="9738,51211" machi="114" ten="30,7700,0" yaku="20,1,34,2,54,1" doraHai="44" who="3" fromWho="1" sc="279,0,250,-80,240,0,211,100" /><INIT seed="1,0,0,1,2,134" ten="279,170,240,311" oya="1" hai0="28,2,89,26,25,61,105,96,133,77,21,100,18" hai1="47,115,99,60,7,8,34,27,104,125,36,69,97" hai2="132,112,92,118,62,49,37,45,73,42,84,41,9" hai3="4,129,11,56,66,120,19,65,35,13,20,75,109"/><U10/><E115/><V94/><F112/><W108/><G120/><T124/><D133/><U59/><E10/><V130/><F132/><W87/><G75/><T16/><D2/><U82/><E82/><V48/><F118/><W14/><G35/><T72/><D89/><U54/><E104/><V102/><F73/><W63/><G129/><T55/><D124/><U78/><E78/><V32/><F130/><W40/><G40/><T15/><D72/><U85/><E85/><V121/><F32/><W70/><G87/><T90/><D90/><U119/><E119/><V110/><F121/><W127/><G127/><T123/><D77/><U23/><E69/><V64/><F42/><W126/><G126/><T22/><D123/><U113/><E34/><V91/><F9/><W122/><G122/><T116/><D116/><U52/><E113/><V83/><F110/><N who="3" m="42603" /><G66/><T17/><REACH who="0" step="1"/><D26/><REACH who="0" ten="269,170,240,311" step="2"/><U88/><E125/><V39/><F102/><W68/><AGARI ba="0,1" hai="4,11,13,14,19,20,56,63,65,68,70" m="42603" machi="68" ten="30,1100,0" yaku="14,1" doraHai="134" who="3" fromWho="3" sc="269,-3,170,-5,240,-3,311,21" /><INIT seed="2,0,0,2,0,94" ten="266,165,237,332" oya="2" hai0="56,110,70,129,113,103,2,24,40,59,95,67,86" hai1="102,106,27,117,126,127,73,115,23,36,28,37,104" hai2="43,31,107,55,12,26,90,114,22,133,45,97,75" hai3="51,123,131,47,93,85,8,77,134,81,14,120,71"/><V29/><F114/><W1/><G71/><T122/><D2/><U52/><E73/><V105/><F133/><W64/><G134/><T135/><D113/><U38/><E115/><V98/><F75/><W58/><G1/><T124/><D135/><U118/><E52/><V108/><F31/><W0/><G0/><T4/><D110/><U79/><E79/><V109/><F55/><W13/><G131/><T17/><D4/><U92/><E92/><V100/><F12/><W87/><G14/><T20/><D129/><U66/><E66/><V15/><F15/><W78/><G58/><T18/><D40/><U111/><E111/><N who="2" m="42571" /><F90/><N who="3" m="53455" /><G64/><T121/><D124/><N who="1" m="47659" /><E102/><N who="2" m="62671" /><F45/><W48/><G123/><T41/><D122/><U19/><E19/><V32/><F43/><N who="3" m="24703" /><G120/><T11/><D41/><U119/><AGARI ba="0,0" hai="23,27,28,36,37,38,104,106,117,118,119" m="47659" machi="119" ten="50,1600,0" yaku="18,1" doraHai="94" who="1" fromWho="1" sc="266,-4,165,16,237,-8,332,-4" /><INIT seed="3,0,0,2,1,17" ten="262,181,229,328" oya="3" hai0="63,91,129,84,28,35,110,75,58,73,96,132,23" hai1="80,127,104,32,43,89,87,49,131,27,7,47,53" hai2="4,37,14,68,25,16,62,39,116,82,59,6,29" hai3="122,115,3,69,15,118,105,76,20,41,88,119,72"/><W46/><G115/><T31/><D35/><U54/><E104/><V50/><F116/><W85/><G3/><T40/><D40/><U114/><E114/><V64/><F39/><W24/><G105/><T55/><D110/><U26/><E131/><V113/><F113/><W2/><G2/><T103/><D132/><U130/><E130/><V51/><F37/><W100/><G69/><T52/><D55/><U94/><E127/><V74/><F74/><W48/><G100/><T30/><D23/><U101/><E7/><V124/><F82/><W98/><G122/><T12/><D12/><U56/><E32/><V81/><F81/><N who="3" m="47271" /><G72/><T45/><D73/><U123/><E123/><V36/><F36/><W92/><G119/><T126/><D75/><U65/><E65/><V133/><F124/><W78/><G118/><T13/><D126/><U117/><E117/><V22/><F133/><W60/><G60/><T90/><D103/><U67/><E67/><V61/><F61/><W18/><G78/><T66/><D63/><U102/><E43/><V44/><F68/><W111/><G111/><T128/><D66/><U107/><E107/><V79/><F79/><W135/><G135/><T42/><D129/><U99/><REACH who="1" step="1"/><E102/><REACH who="1" ten="262,171,229,328" step="2"/><V19/><F4/><W112/><G112/><T77/><D128/><U11/><E11/><N who="2" m="4471" /><F51/><AGARI ba="0,1" hai="26,27,47,49,51,53,54,56,80,87,89,94,99,101" machi="51" ten="30,7700,0" yaku="1,1,7,1,8,1,53,1" doraHai="17" doraHaiUra="95" who="1" fromWho="2" sc="262,0,171,87,229,-77,328,0" owari="262,6.2,258,-14.2,152,-34.8,328,42.8" /></mjloggm>