<mjloggm ver="2.3"><GO type="225" lobby="0"/><UN n0="%E3%81%A1%E3%82%85%E3%81%86%E3%81%A9%E3%81%8F%E8%B1%A1%E3%81%95%E3%82%93" n1="%E9%80%9F%E6%B0%B4%E5%87%9B%E9%A6%99" n2="%6D%75%75%6D%75%72%61" n3="%33%74%72%65%65" dan="17,16,16,17" rate="2188.10,2150.14,2130.54,2220.85" sx="M,F,F,F"/><TAIKYOKU oya="0"/><INIT seed="0,0,0,4,0,36" ten="250,250,250,250" oya="0" hai0="1,38,96,104,99,22,116,19,6,81,40,27,34" hai1="71,114,121,29,123,129,24,109,79,61,43,97,86" hai2="73,131,90,135,108,122,60,95,26,68,51,83,0" hai3="42,31,9,15,91,110,82,18,72,59,94,76,11"/><T87/><D116/><U56/><E109/><V126/><F122/><W85/><G110/><T16/><D34/><U120/><E129/><V66/><F0/><W130/><G130/><T89/><D104/><U8/><E114/><V13/><F108/><W92/><G31/><T39/><D19/><U111/><E111/><V128/><F126/><W112/><G112/><T98/><REACH who="0" step="1"/><D40/><REACH who="0" ten="240,250,250,250" step="2"/><U84/><E43/><V47/><F128/><W25/><G42/><T115/><D115/><U107/><E107/><V35/><F35/><W5/><G25/><T113/><D113/><U45/><E24/><V125/><F26/><W10/><G18/><T77/><D77/><U21/><E79/><V64/><F131/><W2/><G2/><T20/><D20/><U63/><E21/><V67/><F125/><W30/><G30/><T65/><D65/><U3/><E29/><V23/><F66/><W75/><G76/><T50/><D50/><U33/><E33/><V117/><F67/><W12/><G10/><AGARI ba="0,1" hai="1,6,10,16,22,27,38,39,81,87,89,96,98,99" machi="10" ten="40,3900,0" yaku="1,1,54,1,53,0" doraHai="36" doraHaiUra="88" who="0" fromWho="3" sc="240,49,250,0,250,0,250,-39" /><INIT seed="0,1,0,2,0,56" ten="289,250,250,211" oya="0" hai0="68,90,59,101,85,18,104,70,84,16,48,76,23" hai1="72,88,13,3,83,105,96,33,73,98,20,113,122" hai2="25,99,36,2,64,44,61,11,49,0,97,37,118" hai3="110,39,27,102,7,77,86,107,52,65,24,34,109"/><T106/><D76/><U121/><E33/><V62/><F118/><W10/><G39/><T43/><D101/><N who="1" m="62631" /><E13/><V51/><F25/><W134/><G102/><T124/><D124/><U63/><E20/><V41/><F36/><W55/><G107/><T14/><D85/><N who="1" m="50239" /><E63/><V22/><F22/><W132/><G65/><T108/><D108/><N who="3" m="41577" /><G86/><T46/><D59/><U42/><E3/><V125/><F125/><W80/><G80/><T47/><D70/><U112/><E42/><V87/><F87/><W38/><G77/><T135/><D68/><U31/><E31/><V35/><F37/><W74/><G74/><N who="1" m="28778" /><E98/><V19/><F64/><W116/><G38/><T66/><D66/><U75/><N who="1" m="28786" /><U17/><DORA hai="1" /><E17/><V126/><F19/><W91/><G116/><T57/><D57/><U89/><E89/><V95/><F126/><W92/><G27/><T117/><D117/><U69/><E69/><V115/><F35/><W120/><G24/><T53/><D18/><U81/><E81/><V130/><F11/><W58/><G34/><T12/><D12/><U131/><E131/><V4/><F130/><W29/><G29/><T128/><D128/><U30/><E30/><V8/><F8/><W6/><G10/><T50/><D104/><U9/><E9/><V78/><F4/><N who="3" m="1579" /><G58/><T45/><D106/><U129/><E129/><V26/><F26/><W21/><G21/><T28/><D28/><U114/><AGARI ba="1,0" hai="112,113,114,121,122" m="28786,50239,62631" machi="114" ten="50,8000,1" yaku="11,1,34,2,54,1" doraHai="56,1" who="1" fromWho="1" sc="289,-41,250,83,250,-21,211,-21" /><INIT seed="1,0,0,3,1,75" ten="248,333,229,190" oya="1" hai0="83,103,133,68,110,56,48,130,107,116,16,61,40" hai1="64,42,44,55,93,102,101,3,24,94,84,43,125" hai2="18,88,67,54,32,131,63,31,132,76,60,80,13" hai3="114,129,62,30,120,8,7,0,78,51,123,50,49"/><U126/><E3/><V90/><F131/><W33/><G114/><T124/><D116/><U22/><E64/><V12/><F132/><W37/><G129/><T5/><D5/><U105/><E105/><V72/><F32/><W53/><G37/><T17/><D130/><U46/><E55/><V97/><F31/><W38/><G38/><T106/><D133/><U10/><E10/><V95/><F90/><W1/><G1/><T81/><D68/><U58/><E58/><V59/><REACH who="2" step="1"/><F18/><REACH who="2" ten="248,333,219,190" step="2"/><W134/><G134/><T39/><D16/><N who="1" m="12359" /><E126/><V122/><F122/><W113/><G113/><T108/><D17/><U52/><E125/><V20/><F20/><W14/><G33/><T27/><D124/><U41/><E101/><V91/><F91/><W127/><G30/><T2/><D103/><U28/><E28/><V74/><F74/><W70/><G127/><T77/><D110/><U9/><E102/><V104/><F104/><W47/><G123/><T11/><D108/><U25/><E9/><V34/><F34/><W15/><G120/><T115/><D11/><U119/><E119/><V71/><AGARI ba="0,1" hai="12,13,54,59,60,63,67,71,72,76,80,88,95,97" machi="71" ten="20,8000,1" yaku="1,1,0,1,7,1,52,1,54,1,53,0" doraHai="75" doraHaiUra="121" who="2" fromWho="2" sc="248,-20,333,-40,219,90,190,-20" /><INIT seed="2,0,0,0,3,83" ten="228,293,309,170" oya="2" hai0="134,84,79,94,64,2,42,81,3,87,67,17,45" hai1="113,14,97,0,73,55,18,48,19,71,99,50,110" hai2="121,88,123,130,49,47,66,107,52,74,111,9,124" hai3="38,6,61,92,37,93,129,21,108,91,80,114,116"/><V27/><F74/><W105/><G105/><T26/><D134/><U60/><E0/><V90/><F107/><W122/><G122/><T11/><D2/><U5/><E73/><V72/><F72/><W8/><G116/><T104/><D104/><U135/><E113/><V16/><F130/><W96/><G114/><T23/><D3/><U70/><E110/><V117/><F117/><W89/><G129/><T65/><D11/><U41/><E41/><V39/><F39/><W85/><G108/><T20/><D20/><U10/><E135/><V29/><F111/><W54/><G21/><T57/><D57/><U132/><E132/><V75/><F75/><W95/><G54/><T109/><D109/><U22/><E71/><V36/><F36/><W86/><G61/><T126/><D126/><U32/><E32/><V33/><F124/><W119/><G119/><T31/><D31/><U118/><E5/><V112/><F66/><W12/><REACH who="3" step="1"/><G93/><REACH who="3" ten="228,293,309,160" step="2"/><T125/><D125/><U35/><E118/><V82/><F112/><W13/><G13/><T115/><D115/><U58/><E35/><V53/><F121/><W103/><AGARI ba="0,1" hai="6,8,12,37,38,80,85,86,89,91,92,95,96,103" machi="103" ten="20,8000,1" yaku="1,1,0,1,7,1,52,2,53,0" doraHai="83" doraHaiUra="106" who="3" fromWho="3" sc="228,-20,293,-20,309,-40,160,90" /><INIT seed="3,0,0,4,5,56" ten="208,273,269,250" oya="3" hai0="52,83,72,54,125,116,89,112,32,6,9,104,96" hai1="0,41,106,50,113,21,105,97,45,119,39,70,42" hai2="88,14,15,29,126,71,128,102,51,91,18,68,1" hai3="110,87,25,28,2,34,73,99,48,55,79,101,58"/><W82/><G110/><T57/><D116/><U108/><E0/><V129/><F1/><W135/><G135/><T78/><D32/><U7/><E113/><V22/><F126/><W95/><REACH who="3" step="1"/><G2/><REACH who="3" ten="208,273,269,240" step="2"/><T10/><D125/><U93/><E108/><V121/><F128/><W76/><G76/><T67/><D112/><U77/><E77/><V60/><F129/><W130/><G130/><T132/><D132/><U4/><E119/><V90/><F121/><W37/><G37/><T80/><D9/><U109/><E109/><V124/><F124/><W134/><G134/><T53/><D10/><U115/><E115/><V12/><F71/><W11/><G11/><T131/><D131/><U117/><E70/><V43/><F68/><W38/><G38/><T5/><D5/><U59/><E117/><V98/><F90/><W35/><G35/><T81/><D6/><U33/><E33/><V24/><F91/><W118/><G118/><T123/><D123/><U46/><E4/><V49/><F88/><W61/><G61/><T47/><D89/><U63/><E7/><V84/><F60/><W94/><G94/><T75/><D78/><U64/><E21/><V20/><F20/><W17/><G17/><T40/><D57/><U111/><E111/><V100/><F18/><W86/><AGARI ba="0,1" hai="25,28,34,48,55,58,73,79,82,86,87,95,99,101" machi="86" ten="30,3000,0" yaku="1,1,0,1,53,0" doraHai="56" doraHaiUra="114" who="3" fromWho="3" sc="208,-10,273,-10,269,-10,240,40" /><INIT seed="3,1,0,1,5,32" ten="198,263,259,280" oya="3" hai0="71,6,64,54,69,97,83,118,109,7,119,37,74" hai1="66,73,78,100,70,123,115,39,94,40,48,89,107" hai2="16,126,120,4,93,11,28,90,65,38,5,36,84" hai3="59,77,134,113,56,72,41,58,82,13,125,49,62"/><W60/><G113/><T129/><D37/><U2/><E66/><V44/><F126/><W52/><G125/><T117/><D109/><U45/><E70/><V92/><F120/><W79/><G134/><T102/><D129/><U68/><E68/><V88/><F65/><W18/><G41/><T128/><D128/><U8/><E115/><V105/><F105/><W122/><G122/><T43/><D43/><U130/><E130/><V81/><F28/><W33/><G33/><T116/><N who="0" m="29696" /><DORA hai="25" /><T127/><D127/><U19/><E19/><V114/><F114/><W42/><G42/><T87/><D74/><U27/><E27/><V31/><F31/><W24/><G24/><T0/><D54/><U111/><E48/><V135/><F135/><W131/><G131/><T14/><D14/><U99/><E111/><V86/><F38/><W101/><G101/><T15/><D15/><U17/><E17/><V10/><F44/><N who="3" m="27687" /><G72/><T61/><D69/><U75/><E123/><V12/><F36/><W85/><G79/><T3/><D6/><N who="2" m="2666" /><F81/><W133/><G133/><T51/><D51/><U104/><E104/><V108/><F108/><W50/><G50/><T76/><REACH who="0" step="1"/><D7/><REACH who="0" ten="188,263,259,280" step="2"/><N who="1" m="1143" /><E75/><V21/><AGARI ba="1,1" hai="10,11,12,16,21,84,86,88,90,92,93" m="2666" machi="21" ten="30,4000,0" yaku="8,1,54,2" doraHai="32,25" who="2" fromWho="2" sc="188,-11,263,-11,259,53,280,-21" owari="177,-32.3,252,-14.8,312,41.2,259,5.9" /></mjloggm>