<mjloggm ver="2.3"><GO type="225" lobby="0"/><UN n0="%E3%81%BF%E3%81%BF%E3%81%9A" n1="%E3%81%8C%E3%81%9F" n2="%E3%83%A9%E3%83%BC%E3%83%A1%E3%83%B3%E4%BA%94%E9%83%8E" n3="%77%72%77%72%77%72%77%72" dan="18,16,16,17" rate="2294.30,2105.47,2081.81,2181.11" sx="M,F,M,M"/><TAIKYOKU oya="0"/><INIT seed="0,0,0,5,4,128" ten="250,250,250,250" oya="0" hai0="74,76,10,133,15,101,0,84,11,32,39,36,121" hai1="89,81,85,31,9,33,110,103,130,13,69,99,115" hai2="1,100,54,73,108,105,135,63,59,132,71,124,44" hai3="109,53,19,93,8,45,27,6,56,120,72,4,113"/><T106/><D121/><U104/><E110/><V126/><F108/><W134/><G109/><T122/><D122/><U16/><E130/><V18/><F73/><W51/><G120/><T46/><D32/><U3/><E69/><V49/><F1/><W47/><G113/><T83/><D133/><N who="2" m="51274" /><F71/><W97/><G72/><T86/><D10/><U43/><E115/><V58/><F18/><W80/><G80/><T116/><D116/><U55/><E43/><N who="2" m="24735" /><F59/><W88/><G134/><T28/><D28/><U112/><E112/><V23/><F23/><N who="3" m="13823" /><G8/><T14/><D14/><U114/><E114/><V92/><F105/><W40/><G45/><T25/><D25/><U20/><E3/><V91/><F100/><W35/><G35/><T90/><D0/><U5/><E33/><V2/><F2/><W65/><G65/><T70/><D70/><U30/><REACH who="1" step="1"/><E55/><REACH who="1" ten="250,240,250,250" step="2"/><V107/><F107/><W38/><G38/><T94/><D39/><U37/><E37/><V77/><F77/><W12/><G40/><T50/><D36/><U98/><E98/><AGARI ba="0,1" hai="54,58,63,91,92,98,124,126" m="24735,51274" machi="98" ten="30,7700,0" yaku="20,1,52,3" doraHai="128" who="2" fromWho="1" sc="250,0,240,-77,250,87,250,0" /><INIT seed="1,0,0,5,0,106" ten="250,163,337,250" oya="1" hai0="87,54,2,37,25,88,128,99,48,80,7,29,32" hai1="89,17,79,1,76,92,3,123,72,70,57,19,78" hai2="58,11,125,100,18,42,94,77,43,134,109,132,26" hai3="116,12,44,50,53,56,84,75,39,129,93,8,62"/><U65/><E123/><V81/><F109/><W59/><G75/><T24/><D37/><U41/><E70/><V34/><F125/><W117/><G129/><T49/><D128/><U16/><E41/><V114/><F114/><W73/><G73/><T40/><D40/><U21/><E21/><N who="2" m="13623" /><F34/><W74/><G74/><T130/><D130/><U133/><E133/><N who="2" m="51307" /><F58/><W131/><G131/><T69/><D69/><U103/><E103/><V55/><F55/><W23/><G23/><T85/><D24/><U5/><E72/><N who="2" m="43175" /><F11/><W118/><G39/><T90/><D99/><AGARI ba="0,0" hai="42,43,94,99,100" m="43175,51307,13623" machi="99" ten="30,2000,0" yaku="20,1,52,1" doraHai="106" who="2" fromWho="0" sc="250,-20,163,0,337,20,250,0" /><INIT seed="2,0,0,2,0,104" ten="230,163,357,250" oya="2" hai0="56,88,58,4,44,10,121,113,61,73,75,17,28" hai1="55,41,31,128,102,59,54,106,42,93,74,19,77" hai2="20,25,47,22,115,66,21,50,60,6,119,110,5" hai3="63,129,96,11,26,57,111,90,126,81,0,48,99"/><V116/><F115/><W35/><G111/><T68/><D121/><U101/><E128/><V79/><F25/><W72/><G129/><T89/><D113/><U52/><E31/><V95/><F110/><W83/><G126/><T12/><D28/><U1/><E1/><V103/><F79/><W86/><G48/><T49/><D68/><U34/><E34/><V36/><F36/><W107/><G107/><T37/><D37/><U127/><E127/><V38/><F38/><W13/><G0/><T16/><D75/><U65/><E106/><V120/><F120/><W69/><G69/><T15/><D73/><U64/><E19/><N who="0" m="7241" /><D12/><U7/><E7/><V108/><F108/><W123/><G123/><T98/><D98/><U70/><E70/><V71/><F119/><W18/><G35/><T112/><D112/><U105/><E105/><V87/><F116/><W97/><G26/><T23/><D23/><U45/><E42/><V130/><F130/><W2/><G2/><T51/><D58/><U92/><E59/><V9/><F9/><W14/><G14/><T76/><D76/><U84/><E74/><V114/><F114/><W117/><G117/><T32/><D32/><U109/><E109/><V43/><F87/><N who="3" m="50543" /><G72/><T29/><D29/><U33/><E33/><V46/><F5/><W40/><G40/><N who="0" m="24711" /><D51/><N who="1" m="27055" /><E77/><V30/><F30/><W3/><G3/><T135/><D135/><U53/><N who="1" m="13312" /><DORA hai="94" /><U85/><E85/><V132/><F132/><W133/><G133/><T39/><D39/><U131/><E131/><V78/><F78/><N who="3" m="46455" /><G57/><T124/><D124/><U100/><E84/><RYUUKYOKU ba="0,0" sc="230,10,163,10,357,-30,250,10" hai0="4,10,15,56,61,88,89" hai1="64,65,92,93,100,101,102" hai3="11,13,18,63,96,97,99" /><INIT seed="3,1,0,0,4,80" ten="240,173,327,260" oya="3" hai0="16,95,127,30,70,135,112,24,82,91,124,22,33" hai1="4,93,2,83,99,89,125,78,34,44,118,98,86" hai2="20,42,37,97,39,54,126,120,134,129,117,104,9" hai3="19,57,103,41,101,132,85,121,15,73,8,58,49"/><W111/><G73/><T88/><D70/><U3/><E34/><V130/><F117/><W114/><G114/><T51/><D135/><U119/><E125/><N who="0" m="48201" /><D112/><U28/><E28/><V108/><F126/><W43/><G121/><T55/><D82/><U76/><E76/><V17/><F134/><W11/><G132/><T113/><D113/><U18/><E4/><V10/><F108/><W40/><G111/><T63/><D63/><U109/><E109/><V48/><F120/><W35/><G35/><T92/><D92/><U122/><E122/><V107/><F42/><W52/><G8/><N who="2" m="3177" /><F97/><W71/><G71/><T100/><D100/><N who="3" m="38473" /><G58/><N who="0" m="33151" /><D95/><U53/><E98/><V128/><F104/><W12/><G15/><AGARI ba="1,0" hai="15,16,22,24,30,33,88,91" m="33151,48201" machi="15" ten="30,3900,0" yaku="18,1,54,2" doraHai="80" who="0" fromWho="3" sc="240,42,173,0,327,0,260,-42" owari="282,8.2,173,-32.7,327,42.7,218,-18.2" /></mjloggm>