<mjloggm ver="2.3"><GO type="225" lobby="0"/><UN n0="%73%6C%69%63%6B%33%31%39" n1="%E3%82%A2%E3%82%A4%E3%82%B9%E3%83%86%E3%82%A3%E3%83%BC%E3%81%82%E3%81%B9" n2="%E5%B0%8F%37%34" n3="%6D%75%75%6D%75%72%61" dan="16,16,16,16" rate="2067.86,2136.71,2112.73,2089.71" sx="M,M,M,F"/><TAIKYOKU oya="0"/><INIT seed="0,0,0,5,0,36" ten="250,250,250,250" oya="0" hai0="129,115,107,69,13,38,90,77,41,31,76,19,21" hai1="109,74,66,122,72,47,25,124,7,11,127,88,15" hai2="103,45,73,29,67,51,112,94,135,26,100,89,85" hai3="56,6,126,78,18,113,32,111,116,24,114,101,54"/><T128/><D115/><U130/><E109/><V95/><F112/><W68/><G116/><T104/><D69/><U81/><E122/><V43/><F135/><W75/><G68/><T62/><D62/><U61/><E130/><N who="0" m="50281" /><D31/><U2/><E25/><V8/><F73/><W102/><G111/><T0/><D0/><U110/><E110/><V99/><F67/><W53/><G126/><N who="1" m="48170" /><E47/><V70/><F70/><W10/><G32/><T105/><D90/><U134/><E134/><V28/><F8/><W44/><G10/><T37/><D37/><U16/><E61/><V108/><F108/><W27/><G101/><T30/><D30/><N who="2" m="11882" /><F26/><W34/><G34/><T82/><D82/><U49/><E49/><V84/><F103/><W14/><G102/><T96/><D96/><AGARI ba="0,0" hai="43,45,51,84,85,89,94,95,96,99,100" m="11882" machi="96" ten="30,2000,0" yaku="8,1,52,1" doraHai="36" who="2" fromWho="0" sc="250,-20,250,0,250,20,250,0" /><INIT seed="1,0,0,5,2,111" ten="230,250,270,250" oya="1" hai0="108,38,131,9,128,76,82,120,64,126,54,115,44" hai1="25,72,117,102,85,70,71,46,106,73,90,3,59" hai2="68,22,53,61,121,87,124,20,40,2,99,98,14" hai3="66,101,19,16,23,7,86,93,49,27,31,94,8"/><U103/><E117/><V123/><F2/><W88/><G66/><T63/><D108/><U33/><E3/><V65/><F124/><W95/><G49/><N who="0" m="28967" /><D9/><U50/><E59/><V105/><F40/><W43/><G43/><T6/><D6/><U91/><E73/><V75/><F75/><W114/><G114/><T15/><D15/><U81/><E72/><V107/><F87/><W17/><REACH who="3" step="1"/><G101/><REACH who="3" ten="230,250,270,240" step="2"/><T5/><D64/><U92/><E103/><V34/><F65/><W129/><G129/><T133/><D115/><U104/><E102/><V125/><F125/><W97/><G97/><T4/><D126/><U74/><E71/><V96/><F98/><W56/><G56/><T35/><D131/><U127/><E70/><V116/><F96/><W135/><G135/><T113/><D133/><U69/><E69/><V100/><F99/><W13/><AGARI ba="0,1" hai="7,8,13,16,17,19,23,27,31,86,88,93,94,95" machi="13" ten="30,8000,1" yaku="1,1,0,1,8,1,54,2,53,0" doraHai="111" doraHaiUra="110" who="3" fromWho="3" sc="230,-20,250,-40,270,-20,240,90" /><INIT seed="2,0,0,1,5,70" ten="210,210,250,330" oya="2" hai0="5,112,63,111,12,18,66,74,39,7,59,3,55" hai1="62,97,1,79,90,43,131,99,93,109,53,37,101" hai2="115,95,110,69,67,8,44,56,125,45,58,16,113" hai3="105,121,117,25,29,31,54,83,134,82,103,61,104"/><V34/><F34/><W85/><G117/><T48/><D112/><U100/><E109/><V123/><F123/><W17/><G121/><T73/><D111/><U26/><E1/><V14/><F110/><W38/><G134/><T65/><D65/><U22/><E131/><V94/><F125/><W36/><G17/><T91/><D3/><U41/><E79/><V11/><F69/><W20/><G31/><T77/><D39/><U127/><E127/><V4/><F113/><W28/><G28/><T64/><D64/><U47/><E43/><V130/><F115/><W96/><G105/><T122/><D122/><U89/><E53/><V30/><F30/><W35/><G35/><T116/><D116/><U81/><E62/><V10/><F130/><W118/><G118/><T132/><D132/><U75/><E75/><V76/><F76/><W88/><REACH who="3" step="1"/><G83/><REACH who="3" ten="210,210,250,320" step="2"/><T106/><D106/><U72/><E81/><V50/><F4/><W51/><G51/><T33/><D33/><U135/><E135/><V15/><F50/><W21/><G21/><T133/><D133/><U60/><E60/><V129/><F129/><W52/><G52/><T32/><D32/><U84/><E22/><V120/><F120/><W119/><G119/><T71/><D5/><U13/><E37/><V87/><F10/><W86/><G86/><T107/><D7/><U46/><E84/><V114/><F87/><W27/><G27/><T9/><D107/><N who="1" m="63887" /><E26/><V24/><F24/><W80/><G80/><N who="0" m="45103" /><D74/><U126/><E72/><V23/><F114/><W68/><G68/><T19/><D19/><U98/><E126/><RYUUKYOKU ba="0,1" sc="210,15,210,-15,250,-15,320,15" hai0="9,12,18,48,55,59,63,66,71,91" hai3="20,25,29,36,38,54,61,82,85,88,96,103,104" /><INIT seed="3,1,1,1,1,133" ten="225,195,235,335" oya="3" hai0="3,11,95,35,29,129,53,18,134,63,91,78,2" hai1="30,111,132,122,97,27,123,124,135,112,13,71,20" hai2="117,25,118,10,62,9,43,92,83,86,131,115,23" hai3="39,73,88,89,70,125,6,69,32,15,72,52,36"/><W59/><G32/><T113/><D78/><U98/><E112/><V41/><F115/><W114/><G6/><T67/><D113/><U120/><E71/><V84/><F131/><W100/><G100/><T14/><D129/><U49/><E111/><V81/><F118/><W130/><G15/><T109/><D109/><U57/><E124/><V54/><F92/><W93/><G125/><T5/><D53/><N who="1" m="31919" /><E13/><V96/><F96/><W0/><G0/><T79/><D79/><U37/><E37/><V80/><F117/><W26/><G39/><T128/><D134/><AGARI ba="1,1" hai="20,27,30,97,98,120,122,123,132,134,135" m="31919" machi="134" ten="40,1300,0" yaku="20,1" doraHai="133" who="1" fromWho="0" sc="225,-16,195,26,235,0,335,0" owari="209,-29.1,221,-17.9,235,3.5,335,43.5" /></mjloggm>