<mjloggm ver="2.3"><GO type="225" lobby="0"/><UN n0="%E6%9D%B1%E9%A2%A8%E3%81%AE%E3%81%8D%E3%82%83%E3%81%B7%E3%81%95%E3%82%93" n1="%72%69%6F%75%63%68%61%6E" n2="%E3%83%9D%E3%83%B3%E3%83%9D%E3%82%B3%E5%95%86%E4%BA%8B" n3="%E5%8F%AF%E5%85%90%E9%82%A3%E7%94%B1%E5%A4%9A" dan="16,17,16,17" rate="2146.41,2213.87,2166.34,2186.25" sx="M,M,M,F"/><TAIKYOKU oya="0"/><INIT seed="0,0,0,1,2,20" ten="250,250,250,250" oya="0" hai0="88,81,19,17,47,37,34,14,114,12,100,93,85" hai1="91,132,104,38,89,122,77,98,1,95,5,0,36" hai2="105,134,110,48,127,121,108,7,82,119,30,126,64" hai3="74,59,111,8,18,23,26,63,73,50,11,107,62"/><T22/><D34/><U44/><E122/><V16/><F105/><W66/><G107/><T101/><D114/><U96/><E132/><V39/><F39/><W68/><G111/><N who="2" m="42537" /><F121/><W90/><G50/><T133/><D133/><U80/><E5/><V35/><F134/><W87/><G73/><T78/><D47/><U79/><E44/><V69/><F7/><W32/><G74/><T61/><D61/><U86/><E104/><V103/><F103/><W118/><G32/><T106/><D37/><N who="1" m="14443" /><E80/><V84/><F48/><W65/><REACH who="3" step="1"/><G118/><REACH who="3" ten="250,250,250,240" step="2"/><T49/><D49/><U60/><E60/><N who="2" m="40071" /><F119/><W83/><AGARI ba="0,1" hai="8,11,18,23,26,59,62,63,65,66,68,83,87,90" machi="83" ten="20,5200,0" yaku="1,1,0,1,7,1,52,1,53,0" doraHai="20" doraHaiUra="10" who="3" fromWho="3" sc="250,-26,250,-13,250,-13,240,62" /><INIT seed="1,0,0,4,1,132" ten="224,237,237,302" oya="1" hai0="44,48,116,119,109,131,14,23,46,77,2,61,32" hai1="39,27,117,122,83,110,102,64,96,6,82,92,130" hai2="0,126,8,25,16,108,53,29,13,1,18,4,66" hai3="34,28,37,15,114,129,42,123,71,51,26,97,93"/><U103/><E117/><V21/><F66/><W75/><G123/><T70/><D32/><U33/><E122/><V30/><F53/><W73/><G114/><T3/><D77/><U20/><E130/><V45/><F45/><W60/><G37/><T115/><D23/><U98/><E39/><V10/><F108/><W90/><G129/><T31/><D14/><U63/><E33/><V47/><F47/><W7/><G42/><T104/><D31/><N who="2" m="11786" /><F126/><W118/><G51/><T49/><D104/><U65/><E6/><V22/><F22/><W40/><G40/><T74/><D74/><U36/><E36/><V124/><F124/><W80/><G118/><T58/><D131/><U41/><E41/><V38/><F38/><W24/><G24/><T113/><D58/><U121/><E110/><V111/><F111/><W68/><G60/><T91/><D109/><U52/><E121/><V84/><F84/><W12/><G12/><AGARI ba="0,0" hai="0,1,4,8,10,12,13,16,18,21,25" m="11786" machi="12" ten="30,12000,2" yaku="35,5,54,1" doraHai="132" who="2" fromWho="3" sc="224,0,237,0,237,120,302,-120" /><INIT seed="2,0,0,3,2,113" ten="224,237,357,182" oya="2" hai0="67,103,68,30,112,88,134,48,46,124,115,24,129" hai1="56,92,132,116,47,109,19,5,133,118,23,33,108" hai2="126,76,31,16,15,59,80,107,38,128,95,60,91" hai3="64,65,7,120,130,28,41,98,49,55,61,123,83"/><V119/><F107/><W127/><G127/><T21/><D103/><U10/><E33/><V89/><F126/><W90/><G130/><T63/><D124/><U25/><E47/><V85/><F38/><W101/><G41/><T18/><D134/><N who="1" m="51819" /><E92/><V52/><F128/><W58/><G7/><T4/><D4/><U66/><E56/><V22/><F119/><N who="1" m="45609" /><E66/><V69/><F69/><W37/><G37/><T93/><D30/><U71/><E71/><V94/><F31/><W43/><G28/><T117/><D129/><U2/><AGARI ba="0,0" hai="2,5,10,19,23,25,108,109" m="45609,51819" machi="2" ten="40,12000,2" yaku="20,1,34,2,52,3" doraHai="113" who="1" fromWho="1" sc="224,-30,237,120,357,-60,182,-30" /><INIT seed="3,0,0,3,0,78" ten="194,357,297,152" oya="3" hai0="50,132,90,11,82,9,24,56,126,94,128,122,115" hai1="125,20,72,96,120,91,40,102,3,22,18,81,34" hai2="41,26,119,7,79,117,133,98,53,127,36,134,51" hai3="121,52,110,57,103,30,76,21,32,6,77,124,8"/><W69/><G121/><T89/><D126/><U112/><E120/><V135/><F7/><W10/><G69/><T1/><D1/><U29/><E112/><V114/><F98/><W109/><G32/><T42/><D132/><U86/><E125/><V95/><F95/><W48/><G124/><T4/><D128/><U23/><E3/><V2/><F2/><W87/><G103/><T74/><D4/><U43/><E72/><V107/><F107/><W101/><G101/><T27/><D74/><U47/><E34/><V61/><F127/><W105/><G105/><T100/><D100/><U104/><E29/><V5/><F5/><W111/><G6/><T93/><D93/><U59/><E59/><V33/><F114/><W108/><N who="3" m="27648" /><DORA hai="130" /><W60/><G60/><T65/><D115/><U88/><E91/><V44/><F79/><N who="3" m="30283" /><G87/><N who="0" m="50423" /><D122/><U16/><REACH who="1" step="1"/><E40/><REACH who="1" ten="194,347,297,152" step="2"/><V68/><F33/><W92/><G92/><T58/><D94/><U55/><E55/><V17/><F68/><W113/><G113/><T71/><D71/><U97/><E97/><V35/><F35/><W73/><G73/><T63/><D90/><U67/><E67/><V62/><F26/><AGARI ba="0,1" hai="8,10,21,26,30,48,52,57" m="30283,27648" machi="26" ten="60,11600,0" yaku="14,1,10,1,54,1" doraHai="78,130" who="3" fromWho="2" sc="194,0,347,0,297,-116,152,126" /><INIT seed="3,1,0,1,3,17" ten="194,347,181,278" oya="3" hai0="81,11,35,34,71,109,124,4,16,79,95,91,115" hai1="129,74,58,62,119,65,102,48,66,5,28,72,76" hai2="21,60,55,26,36,105,44,70,13,3,117,12,90" hai3="59,103,104,52,120,134,46,47,38,10,22,113,9"/><W15/><G113/><T24/><D71/><U101/><E129/><V33/><F117/><W73/><G120/><T127/><D115/><U6/><E119/><V29/><F3/><W130/><G73/><T14/><D109/><U30/><E76/><V25/><F105/><W54/><G130/><T49/><D49/><U78/><E78/><V107/><F107/><W92/><G104/><T82/><D4/><N who="1" m="1643" /><E72/><V31/><F90/><W50/><G134/><T96/><D81/><U88/><E74/><V86/><F86/><W39/><G39/><T123/><D123/><U128/><E128/><V41/><REACH who="2" step="1"/><F55/><REACH who="2" ten="194,347,171,278" step="2"/><W125/><G54/><T51/><D51/><U85/><E48/><V53/><F53/><W135/><G135/><T94/><D94/><N who="1" m="54543" /><E65/><AGARI ba="1,1" hai="12,13,21,25,26,29,31,33,36,41,44,60,65,70" machi="65" ten="40,2600,0" yaku="1,1,52,1,53,0" doraHai="17" doraHaiUra="131" who="2" fromWho="1" sc="194,0,347,-29,171,39,278,0" owari="194,-30.6,318,41.8,210,-19.0,278,7.8" /></mjloggm>