<mjloggm ver="2.3"><GO type="225" lobby="0"/><UN n0="%72%69%6F%75%63%68%61%6E" n1="%33%74%72%65%65" n2="%E3%81%8B%E3%82%8F%E3%81%A1%E3%82%83%E3%82%93%35%38" n3="%E4%BF%BA%E3%81%A8%E5%A6%96%E5%A4%A2" dan="16,16,16,17" rate="2157.67,2128.85,2128.27,2191.20" sx="M,F,M,F"/><TAIKYOKU oya="0"/><INIT seed="0,0,0,5,1,121" ten="250,250,250,250" oya="0" hai0="4,114,18,116,106,94,89,98,40,115,125,107,71" hai1="29,1,108,27,69,19,39,76,127,113,61,36,87" hai2="34,38,100,86,17,75,67,60,21,118,24,43,5" hai3="90,52,97,110,56,111,85,66,64,81,124,49,133"/><T104/><D71/><U42/><E19/><V126/><F75/><W12/><BYE who="2" /><G133/><T105/><D4/><U101/><E87/><UN n2="%E3%81%8B%E3%82%8F%E3%81%A1%E3%82%83%E3%82%93%35%38" /><V28/><F126/><W83/><G124/><T132/><D40/><U37/><E127/><V65/><F118/><W62/><G97/><T47/><D47/><U129/><E42/><V13/><F100/><W31/><G31/><T2/><D2/><U30/><E30/><V26/><F86/><W57/><G12/><T14/><D125/><U103/><E1/><V51/><F38/><W70/><G81/><T58/><D116/><U44/><E44/><V10/><F43/><W20/><G20/><T119/><D119/><U33/><E76/><V117/><F117/><W0/><G0/><T131/><D132/><U72/><E72/><V3/><F51/><W122/><G122/><T46/><D46/><U32/><E32/><V80/><F80/><W45/><G70/><T7/><D131/><U96/><E129/><V53/><REACH who="2" step="1"/><F26/><REACH who="2" ten="250,250,240,250" step="2"/><W109/><G57/><AGARI ba="0,1" hai="3,5,10,13,17,21,24,28,34,53,57,60,65,67" machi="57" ten="40,8000,1" yaku="1,1,2,1,24,2,53,0" doraHai="121" doraHaiUra="84" who="2" fromWho="3" sc="250,0,250,0,240,90,250,-80" /><INIT seed="1,0,0,2,3,81" ten="250,250,330,170" oya="1" hai0="134,105,31,19,37,82,88,106,6,69,114,74,29" hai1="51,39,55,64,40,35,26,9,93,25,7,3,67" hai2="14,12,75,122,85,108,130,68,56,1,5,47,99" hai3="45,123,111,83,36,135,32,132,125,84,30,63,103"/><U43/><E26/><V2/><F75/><W62/><G123/><T100/><D114/><U94/><E67/><V46/><F68/><W42/><G111/><T20/><D37/><U120/><E120/><V28/><F28/><W101/><G125/><T33/><D69/><U61/><E35/><V92/><F122/><W59/><G30/><T22/><D134/><N who="3" m="51241" /><G32/><T77/><D6/><U4/><E4/><V18/><F56/><W15/><G15/><T52/><D33/><U71/><E25/><V48/><F108/><W21/><G21/><T112/><D112/><U91/><E39/><V86/><F130/><W98/><G59/><T133/><D133/><U128/><E128/><V65/><F65/><W80/><G80/><T76/><D76/><U57/><REACH who="1" step="1"/><E94/><REACH who="1" ten="250,240,330,170" step="2"/><V17/><F5/><W109/><G109/><T0/><D106/><U116/><E116/><V97/><F92/><N who="3" m="58567" /><G103/><T113/><D100/><U117/><E117/><V38/><F38/><W66/><G66/><T89/><D105/><U58/><E58/><V96/><F1/><W78/><AGARI ba="0,1" hai="36,42,45,62,63,78,83,84" m="58567,51241" machi="78" ten="30,2000,0" yaku="20,1,52,1" doraHai="81" who="3" fromWho="3" sc="250,-5,240,-10,330,-5,170,30" /><INIT seed="2,0,0,4,1,81" ten="245,230,325,200" oya="2" hai0="30,6,124,109,4,8,135,105,117,132,2,33,121" hai1="106,29,32,68,61,97,51,111,27,87,31,42,96" hai2="95,94,89,64,36,55,19,126,18,65,12,115,78" hai3="48,98,128,72,44,7,119,43,113,53,84,25,104"/><V26/><F36/><W101/><G119/><T99/><D121/><U66/><E111/><V49/><F115/><W38/><G113/><T73/><D73/><U22/><E31/><V70/><F126/><W35/><G72/><T58/><D109/><U14/><E14/><V56/><F78/><W23/><G35/><T93/><D124/><U107/><E22/><N who="2" m="13655" /><F70/><W85/><G7/><T50/><D105/><U13/><E13/><V24/><F24/><W67/><G67/><N who="2" m="25673" /><F89/><W90/><G90/><T100/><D117/><U10/><E107/><V28/><F28/><W83/><G83/><T125/><D125/><U45/><E106/><V80/><F80/><W118/><G128/><T60/><D6/><U5/><E5/><V0/><F0/><W11/><G11/><AGARI ba="0,0" hai="11,12,19,49,55,56,94,95" m="25673,13655" machi="11" ten="30,1500,0" yaku="8,1" doraHai="81" who="2" fromWho="3" sc="245,0,230,0,325,15,200,-15" /><INIT seed="2,1,0,0,0,2" ten="245,230,340,185" oya="2" hai0="110,62,7,103,31,116,79,35,37,14,17,10,106" hai1="8,9,122,78,0,102,19,111,119,11,135,36,124" hai2="27,12,50,6,67,38,48,104,90,88,66,3,101" hai3="115,96,75,112,126,40,113,20,45,133,47,41,94"/><V132/><F38/><W120/><G120/><T5/><D37/><U93/><E36/><V39/><F39/><W63/><G75/><T128/><D110/><U55/><E119/><V15/><F3/><W69/><G20/><T16/><D116/><U97/><E111/><V123/><F123/><W121/><G121/><T59/><D128/><U80/><E122/><V105/><F27/><W24/><G24/><T72/><D35/><U89/><E135/><V32/><F32/><W34/><G34/><T46/><D31/><U92/><E124/><V74/><F74/><W53/><G133/><T71/><D71/><U54/><E19/><V108/><F108/><W95/><G126/><T33/><D33/><U114/><E114/><N who="3" m="29186" /><W56/><DORA hai="76" /><G94/><T70/><D70/><U44/><E0/><V42/><F132/><W73/><G73/><T107/><D46/><N who="3" m="17417" /><G69/><T64/><D103/><AGARI ba="1,0" hai="40,41,53,56,63,95,96,103" m="17417,29186" machi="103" ten="40,1300,0" yaku="11,1" doraHai="2,76" who="3" fromWho="0" sc="245,-16,230,0,340,0,185,16" /><INIT seed="3,0,0,3,0,22" ten="229,230,340,201" oya="3" hai0="77,116,135,117,1,30,47,66,16,53,90,59,62" hai1="36,70,38,132,97,74,110,2,128,9,58,7,95" hai2="83,39,107,96,130,84,42,21,121,103,43,31,119" hai3="108,124,15,28,37,80,17,60,134,112,56,69,23"/><W98/><G112/><T73/><D1/><U79/><E70/><V101/><F119/><W5/><G69/><T67/><D30/><U20/><E110/><V118/><F39/><W50/><G37/><T72/><D77/><U99/><E128/><V91/><F118/><N who="0" m="45674" /><D16/><U14/><E132/><V35/><F35/><W65/><G108/><T3/><D90/><U127/><E127/><V11/><F130/><W25/><G134/><T115/><D3/><U113/><E113/><V92/><F121/><W63/><G124/><T29/><D29/><U4/><E97/><V100/><F107/><W18/><G80/><T94/><D94/><U52/><E79/><N who="2" m="46207" /><F11/><N who="3" m="4591" /><G98/><T81/><D81/><U87/><E74/><V125/><F125/><W40/><G63/><T6/><D6/><U41/><E7/><V26/><AGARI ba="0,0" hai="21,26,31,42,43,91,92,96,100,101,103" m="46207" machi="26" ten="30,2000,0" yaku="8,1,52,1" doraHai="22" who="2" fromWho="2" sc="229,-5,230,-5,340,20,201,-10" owari="224,-17.6,225,2.5,360,46.0,191,-30.9" /></mjloggm>