<mjloggm ver="2.3"><GO type="225" lobby="0"/><UN n0="%E3%81%82%E3%81%99%E3%81%AB%E3%82%83%E3%82%80" n1="%E8%91%89%E5%B1%B1%E9%99%BD%E5%92%8C" n2="%E3%81%AF%E3%82%88%E3%81%8A%E3%81%98%E3%81%95%E3%82%93" n3="%E3%81%8F%E3%82%8A%E3%83%94%E3%83%BC" dan="16,16,16,16" rate="2021.00,2109.42,2143.31,2102.23" sx="F,F,M,M"/><TAIKYOKU oya="0"/><INIT seed="0,0,0,2,4,48" ten="250,250,250,250" oya="0" hai0="109,81,10,54,135,97,83,64,84,100,61,20,71" hai1="1,62,133,93,68,44,117,116,14,6,58,105,0" hai2="22,121,52,46,72,86,42,5,53,91,90,132,35" hai3="21,80,47,99,82,57,37,65,102,9,130,103,87"/><T31/><D135/><U16/><E105/><V73/><F121/><W59/><G130/><T112/><D112/><U56/><E68/><V70/><F35/><W33/><G33/><T29/><D109/><U45/><E133/><V50/><F132/><W27/><G37/><T17/><D10/><U2/><E6/><V113/><F113/><W55/><G9/><T120/><D120/><U69/><E69/><V95/><F70/><W114/><G114/><T24/><D83/><U107/><E107/><V39/><F5/><W108/><G82/><T60/><D60/><U41/><E93/><V28/><F39/><W32/><G32/><T11/><D11/><U122/><E58/><N who="3" m="22026" /><G99/><T74/><D54/><U127/><E127/><V129/><F129/><W76/><G65/><T118/><D74/><U131/><E122/><V134/><F134/><W115/><G108/><T77/><REACH who="0" step="1"/><D118/><REACH who="0" ten="240,250,250,250" step="2"/><U89/><E131/><V101/><F72/><W96/><G115/><T66/><D66/><N who="1" m="39239" /><E117/><V98/><F73/><W111/><G111/><T126/><D126/><U15/><E116/><V128/><F128/><W49/><G96/><T79/><D79/><U43/><E0/><V3/><F3/><W104/><G104/><AGARI ba="0,1" hai="17,20,24,29,31,61,64,71,77,81,84,97,100,104" machi="104" ten="30,5800,0" yaku="1,1,7,1,53,1" doraHai="48" doraHaiUra="92" who="0" fromWho="3" sc="240,68,250,0,250,0,250,-58" /><INIT seed="0,1,0,1,3,56" ten="308,250,250,192" oya="0" hai0="19,78,42,89,27,7,116,64,52,119,40,93,123" hai1="133,4,1,79,63,115,98,118,30,55,43,53,105" hai2="73,50,92,99,34,85,90,95,87,75,46,134,45" hai3="70,32,129,111,14,128,11,76,135,113,44,10,36"/><T77/><D123/><U12/><E118/><V84/><F34/><W33/><G70/><T17/><D7/><U103/><E133/><V126/><F134/><W23/><G76/><T104/><D104/><U102/><E1/><V112/><F112/><W131/><G44/><T68/><D68/><U132/><E132/><V61/><F126/><W58/><G36/><T120/><D64/><U5/><E115/><V62/><F73/><W13/><G135/><T124/><D120/><U74/><E43/><N who="0" m="16425" /><D124/><U101/><E5/><V6/><F75/><W82/><G82/><T65/><D65/><U59/><E30/><V80/><F6/><N who="3" m="3287" /><G58/><T24/><D116/><U107/><E107/><V67/><F67/><W49/><G49/><T91/><D119/><U86/><E74/><V100/><F45/><W114/><G111/><T117/><D52/><U37/><E55/><N who="2" m="30167" /><F85/><W47/><G47/><T35/><D35/><N who="3" m="13385" /><G23/><T0/><D117/><U60/><E37/><V69/><F69/><W122/><G122/><T96/><D89/><AGARI ba="1,0" hai="61,62,80,84,87,89,90,92,95,99,100" m="30167" machi="89" ten="30,3900,0" yaku="8,1,52,2" doraHai="56" who="2" fromWho="0" sc="308,-42,250,0,250,42,192,0" /><INIT seed="1,0,0,1,5,107" ten="266,250,292,192" oya="1" hai0="23,0,37,31,13,81,86,75,15,43,128,111,92" hai1="101,131,29,32,66,114,115,72,132,109,77,108,84" hai2="56,45,83,33,3,135,61,116,78,26,124,5,100" hai3="125,113,51,103,35,4,39,134,58,91,112,74,25"/><U63/><E131/><V122/><F116/><W46/><G39/><T65/><D0/><U10/><E132/><V49/><F122/><W48/><G134/><T55/><D111/><N who="1" m="42571" /><E101/><V42/><F135/><W8/><G125/><T2/><D2/><U1/><E84/><V17/><F124/><W118/><G103/><T20/><D128/><U104/><E104/><V106/><F5/><W126/><G126/><T60/><D37/><U105/><E105/><V79/><F3/><W24/><G118/><T129/><D43/><U36/><E36/><V71/><F71/><W82/><G91/><T88/><D55/><U76/><E29/><V18/><F79/><N who="1" m="30281" /><E32/><V95/><F106/><W68/><G35/><T34/><D34/><U38/><E38/><V40/><F100/><W59/><G82/><T27/><D129/><U16/><E72/><V52/><F95/><W93/><G93/><T96/><D75/><U127/><E127/><V28/><REACH who="2" step="1"/><F40/><REACH who="2" ten="266,250,282,192" step="2"/><W133/><G133/><T87/><D81/><U53/><E1/><V102/><F102/><W12/><G113/><T41/><D41/><U80/><E80/><V117/><F117/><W14/><G112/><T21/><D92/><U99/><E115/><V67/><F67/><W85/><G74/><AGARI ba="0,1" hai="17,18,26,28,33,42,45,49,52,56,61,74,78,83" machi="74" ten="30,8000,1" yaku="1,1,7,1,52,1,54,1,53,1" doraHai="107" doraHaiUra="73" who="2" fromWho="3" sc="266,0,250,0,282,90,192,-80" /><INIT seed="2,0,0,2,4,13" ten="266,250,372,112" oya="2" hai0="46,124,77,78,92,114,25,73,30,95,58,104,108" hai1="91,121,69,49,38,23,14,67,70,131,120,125,102" hai2="133,89,79,116,44,60,93,62,98,110,34,7,107" hai3="22,32,6,36,20,19,17,52,83,21,80,11,101"/><V15/><F116/><W5/><G36/><T42/><D108/><U135/><E38/><V53/><F34/><W54/><G32/><T57/><D104/><U40/><E102/><V126/><F126/><W59/><G101/><T111/><D111/><U26/><E125/><V86/><F110/><W75/><G75/><T117/><D114/><U112/><E112/><V81/><F133/><W64/><G64/><T61/><D124/><U51/><E135/><V132/><F132/><W96/><G96/><T9/><D9/><U82/><E14/><V48/><F107/><W18/><G11/><AGARI ba="0,0" hai="7,11,15,44,48,53,60,62,79,81,86,89,93,98" machi="11" ten="40,2000,0" yaku="8,1" doraHai="13" who="2" fromWho="3" sc="266,0,250,0,372,20,112,-20" /><INIT seed="2,1,0,2,2,82" ten="266,250,392,92" oya="2" hai0="71,43,15,99,133,85,100,127,47,52,75,94,112" hai1="95,89,105,0,10,48,59,118,115,102,111,56,121" hai2="38,60,39,65,28,84,30,103,40,122,16,80,44" hai3="3,81,92,134,110,114,54,21,35,126,4,42,108"/><V31/><F122/><W23/><G35/><T18/><D112/><U36/><E115/><V5/><F5/><W101/><G114/><T78/><D127/><U74/><E118/><V124/><F124/><W96/><G126/><T37/><D133/><U77/><E36/><V2/><F2/><W66/><G134/><T9/><D71/><U87/><E111/><N who="3" m="42538" /><G42/><T68/><D68/><U91/><E121/><V7/><F7/><W104/><G66/><T58/><D75/><U1/><E91/><V19/><F103/><W45/><G81/><N who="0" m="47287" /><D37/><U41/><E41/><V26/><F26/><W46/><G104/><T76/><D43/><U53/><E56/><V132/><F132/><W120/><G120/><T25/><D25/><U14/><E77/><V22/><F22/><N who="3" m="8203" /><G54/><T79/><D47/><U119/><E119/><V98/><F98/><W55/><G55/><T73/><D73/><U64/><E74/><V8/><F8/><AGARI ba="1,0" hai="3,4,8,45,46,92,96,101" m="8203,42538" machi="8" ten="30,1000,0" yaku="14,1" doraHai="82" who="3" fromWho="2" sc="266,0,250,0,392,-13,92,13" /><INIT seed="3,0,0,1,5,67" ten="266,250,379,105" oya="3" hai0="51,130,27,64,53,10,86,78,133,23,129,76,132" hai1="107,124,40,102,9,6,115,109,74,22,122,83,135" hai2="44,58,90,89,113,131,17,100,0,80,98,97,48" hai3="87,134,77,35,96,118,72,114,112,85,55,93,69"/><W117/><G35/><T99/><D10/><U105/><E115/><N who="3" m="44074" /><G55/><T36/><D99/><U110/><E122/><V8/><F113/><W2/><G2/><T7/><D64/><U15/><E135/><N who="0" m="51785" /><D36/><U33/><E33/><V5/><F131/><N who="0" m="50186" /><D86/><N who="3" m="32777" /><G69/><T106/><D106/><U42/><E22/><V50/><F17/><W125/><G125/><T56/><D7/><U47/><E124/><V49/><F58/><W108/><G134/><T92/><D92/><U111/><E102/><V59/><F59/><W1/><G1/><T103/><D103/><U104/><E47/><V3/><F44/><W128/><G128/><T126/><D126/><U38/><E38/><V52/><F0/><W101/><G108/><T120/><D120/><U62/><E62/><V82/><F52/><W88/><G101/><T123/><D123/><U43/><E42/><V73/><F100/><W29/><G29/><AGARI ba="0,0" hai="23,27,29,51,53,56,76,78" m="50186,51785" machi="29" ten="30,2000,0" yaku="20,1,19,1" doraHai="67" who="0" fromWho="3" sc="266,20,250,0,379,0,105,-20" owari="286,8.6,250,-15.0,379,47.9,85,-41.5" /></mjloggm>