<mjloggm ver="2.3"><GO type="225" lobby="0"/><UN n0="%E5%A4%96%E5%B7%9D%E7%AB%9C%E6%88%90" n1="%72%61%6B%33" n2="%E8%A8%88%E7%AE%97%E6%A9%9F%E8%87%AA%E7%84%B6" n3="%E5%B8%86%E7%AB%8B%E5%A4%8F%E8%A1%A3" dan="16,18,17,16" rate="2182.88,2258.10,2234.26,2079.01" sx="M,M,M,M"/><TAIKYOKU oya="0"/><INIT seed="0,0,0,2,3,132" ten="250,250,250,250" oya="0" hai0="28,128,33,121,4,78,89,100,80,7,54,1,21" hai1="103,10,19,96,22,74,40,83,5,97,88,41,130" hai2="104,107,118,119,38,18,9,75,108,6,94,135,73" hai3="93,117,30,66,111,15,65,23,14,35,58,3,31"/><T53/><D121/><U79/><E130/><V50/><F38/><W26/><G117/><N who="2" m="44553" /><F18/><W59/><G111/><T39/><D33/><U44/><E88/><V86/><F50/><W102/><G3/><T114/><D39/><U120/><E120/><V63/><F63/><N who="3" m="38135" /><G35/><T109/><D53/><U81/><E81/><V87/><F9/><W32/><G32/><T125/><D21/><U61/><E61/><V25/><F6/><W43/><G43/><T116/><D54/><U13/><E103/><V69/><F25/><W110/><G110/><T42/><D42/><U45/><E41/><V82/><F69/><W72/><G72/><N who="2" m="27721" /><F108/><W34/><G34/><T29/><D4/><U37/><REACH who="1" step="1"/><E44/><REACH who="1" ten="250,240,250,250" step="2"/><V85/><F135/><W98/><G66/><T127/><D109/><U57/><E57/><V126/><F82/><W113/><G59/><T101/><D80/><U55/><E55/><V46/><F46/><W48/><G48/><T27/><D128/><U92/><E92/><V70/><F94/><W133/><G133/><T90/><D116/><U84/><E84/><V8/><F85/><W49/><G49/><T16/><D101/><U20/><E20/><V36/><F86/><W112/><G23/><T123/><D100/><U77/><E77/><V11/><F87/><W115/><G26/><AGARI ba="0,1" hai="5,10,13,19,22,26,37,40,45,74,79,83,96,97" machi="26" ten="30,2000,0" yaku="1,1,7,1,53,0" doraHai="132" doraHaiUra="51" who="1" fromWho="3" sc="250,0,240,30,250,0,250,-20" /><INIT seed="1,0,0,5,1,82" ten="250,270,250,230" oya="1" hai0="30,72,48,42,135,15,70,107,10,38,102,126,11" hai1="69,14,22,118,27,47,80,2,33,113,59,12,0" hai2="125,35,44,6,130,61,32,5,109,62,41,36,134" hai3="19,74,90,81,20,78,105,84,93,57,129,37,88"/><U29/><E69/><V122/><F122/><W97/><G129/><T119/><D72/><U106/><E106/><V56/><F130/><W115/><G115/><T25/><D38/><U87/><E113/><V79/><F109/><W110/><G110/><T4/><D70/><U111/><E118/><V128/><F128/><W99/><G37/><T73/><D73/><U95/><E111/><V54/><F125/><W124/><G124/><T26/><D119/><U98/><E47/><V67/><F134/><W103/><G57/><T7/><D102/><U66/><E33/><V40/><F40/><W116/><G116/><T100/><D100/><N who="1" m="60511" /><E0/><V65/><F79/><W16/><G20/><T133/><D107/><U68/><E2/><V34/><REACH who="2" step="1"/><F54/><REACH who="2" ten="250,270,240,230" step="2"/><W8/><G8/><T75/><D42/><U101/><E68/><AGARI ba="0,1" hai="5,6,32,34,35,36,41,44,56,61,62,65,67,68" machi="68" ten="40,5200,0" yaku="1,1,2,1,53,1" doraHai="82" doraHaiUra="64" who="2" fromWho="1" sc="250,0,270,-52,240,62,230,0" /><INIT seed="2,0,0,4,5,83" ten="250,218,302,230" oya="2" hai0="1,75,10,119,128,87,33,62,132,29,129,84,67" hai1="41,56,105,23,135,72,11,39,65,104,103,38,20" hai2="58,98,3,100,22,120,108,9,7,127,117,95,45" hai3="50,52,44,46,81,77,26,16,93,5,57,28,115"/><V51/><F117/><W96/><G115/><T0/><D75/><U59/><E72/><V131/><F120/><W27/><G5/><T43/><D119/><U107/><E103/><V121/><F121/><W36/><G36/><T60/><D43/><U118/><E118/><V13/><F131/><N who="0" m="50250" /><D132/><U80/><E80/><V25/><F127/><W79/><G79/><T4/><D0/><U114/><E11/><V94/><F108/><W8/><G27/><N who="0" m="18623" /><D62/><U73/><E73/><V125/><F125/><W82/><G82/><T134/><D134/><U113/><E41/><V88/><F58/><AGARI ba="0,0" hai="1,4,10,58,60,67,84,87" m="18623,50250" machi="58" ten="30,3900,0" yaku="19,1,52,2" doraHai="83" who="0" fromWho="2" sc="250,39,218,0,302,-39,230,0" /><INIT seed="3,0,0,4,4,3" ten="289,218,263,230" oya="3" hai0="120,82,75,28,51,98,85,68,17,94,74,33,126" hai1="105,60,6,70,46,118,45,119,135,114,52,97,39" hai2="90,116,72,53,95,104,32,88,14,73,59,10,129" hai3="127,5,12,79,109,34,58,115,22,19,26,106,30"/><W87/><G106/><T66/><D120/><U40/><E114/><V43/><F116/><N who="1" m="44585" /><E105/><V133/><F32/><W16/><G115/><T80/><D17/><U67/><E97/><V1/><F1/><W99/><G127/><T76/><D51/><N who="1" m="28783" /><E6/><V31/><F31/><W130/><G130/><T50/><D50/><U84/><E84/><V57/><F104/><W107/><G109/><T91/><D66/><U64/><E64/><V102/><F129/><W93/><G107/><T35/><D28/><U86/><E86/><V42/><F133/><AGARI ba="0,0" hai="39,40,46,60,67,70,133,135" m="28783,44585" machi="133" ten="30,7700,0" yaku="12,1,34,2,54,1" doraHai="3" who="1" fromWho="2" sc="289,0,218,77,263,-77,230,0" /><INIT seed="4,0,0,1,2,26" ten="289,295,186,230" oya="0" hai0="121,37,114,76,85,133,7,81,71,17,135,86,83" hai1="128,3,49,35,117,112,77,103,65,18,62,91,55" hai2="58,44,106,56,31,54,43,98,105,34,99,116,134" hai3="48,59,47,129,57,9,0,25,20,5,92,6,72"/><T125/><D71/><U109/><E3/><V66/><F134/><N who="0" m="51210" /><D37/><U124/><E109/><V84/><F116/><W78/><G129/><T110/><D110/><U102/><E124/><V22/><F34/><W90/><G6/><T15/><D125/><U12/><E35/><V32/><F32/><W60/><G78/><N who="0" m="46263" /><D114/><U104/><E112/><V1/><F1/><W28/><G72/><T40/><D40/><U122/><E122/><V107/><F84/><W93/><G60/><T89/><D7/><U45/><E104/><V119/><F119/><W67/><G67/><T11/><D121/><U97/><E77/><AGARI ba="0,0" hai="11,15,17,76,77,83,86,89" m="46263,51210" machi="77" ten="30,1500,0" yaku="20,1" doraHai="26" who="0" fromWho="1" sc="289,15,295,-15,186,0,230,0" owari="304,40.4,280,8.0,186,-31.4,230,-17.0" /></mjloggm>