<mjloggm ver="2.3"><GO type="225" lobby="0"/><UN n0="%E3%81%B2%E3%81%AA%E3%81%AE%E3%82%8A%E3%81%8F" n1="%E9%87%8E%E3%80%85%E5%AE%AE%E8%97%8D" n2="%E3%82%A2%E3%82%A4%E3%82%B9%E3%83%86%E3%82%A3%E3%83%BC%E3%81%82%E3%81%B9" n3="%72%65%6E%6B%75%6E" dan="17,16,16,17" rate="2217.10,2126.30,2136.32,2229.61" sx="M,F,M,M"/><TAIKYOKU oya="0"/><INIT seed="0,0,0,1,2,39" ten="250,250,250,250" oya="0" hai0="124,104,135,18,2,68,86,12,33,58,112,11,28" hai1="74,133,129,0,67,134,17,110,63,94,83,31,25" hai2="115,132,79,125,71,128,85,34,105,30,3,4,54" hai3="95,43,77,14,108,48,64,37,90,62,123,61,10"/><T44/><D68/><U82/><E0/><V23/><F54/><W8/><G108/><T32/><D104/><U69/><E110/><V26/><F85/><W41/><G123/><T66/><D112/><U116/><E116/><V50/><F50/><W117/><G37/><T57/><D135/><N who="1" m="51723" /><E74/><V102/><F102/><W42/><G117/><T88/><D2/><U20/><E129/><V29/><F79/><W113/><G113/><T5/><D124/><U7/><E7/><V122/><F23/><W96/><G77/><T15/><D28/><U13/><E94/><V46/><F46/><N who="3" m="25679" /><G8/><AGARI ba="0,0" hai="8,13,17,20,25,31,63,67,69,82,83" m="51723" machi="8" ten="30,1000,0" yaku="20,1" doraHai="39" who="1" fromWho="3" sc="250,0,250,10,250,0,250,-10" /><INIT seed="1,0,0,2,1,129" ten="250,260,250,240" oya="1" hai0="115,73,100,23,5,98,37,118,62,79,88,40,35" hai1="122,103,49,34,101,68,19,110,126,3,43,17,48" hai2="39,120,36,111,29,31,52,95,83,134,28,44,117" hai3="32,15,97,66,119,56,80,42,4,51,9,57,65"/><U86/><E122/><V16/><F111/><W21/><G32/><T13/><D35/><U33/><E68/><V130/><F117/><W135/><G119/><T128/><D115/><U81/><E3/><V124/><F120/><W67/><G80/><T38/><D73/><U102/><E34/><V94/><F130/><W125/><G125/><T18/><D79/><U24/><E126/><V55/><F124/><W1/><G97/><T54/><D128/><U30/><E110/><V8/><F83/><W59/><G135/><T77/><D77/><U60/><E60/><V75/><F75/><W72/><G72/><T106/><D40/><U26/><E26/><V108/><F108/><W41/><G1/><T78/><D78/><U132/><E132/><V11/><F44/><N who="3" m="25999" /><G21/><T92/><D5/><U87/><E87/><V96/><F96/><W127/><G127/><T93/><D106/><U84/><E84/><V90/><F31/><W70/><G70/><T121/><D121/><U64/><E64/><N who="3" m="16386" /><W105/><DORA hai="58" /><G105/><T107/><D107/><U46/><REACH who="1" step="1"/><E49/><REACH who="1" ten="250,250,250,240" step="2"/><V85/><F85/><W109/><G109/><T61/><D118/><U10/><E10/><V6/><F134/><W131/><G131/><T123/><D123/><U22/><E22/><V0/><F0/><W99/><G99/><N who="0" m="57735" /><D62/><U76/><AGARI ba="0,1" hai="17,19,24,30,33,43,46,48,76,81,86,101,102,103" machi="76" ten="30,11700,0" yaku="1,1,0,1,53,2" doraHai="129,58" doraHaiUra="104,12" who="1" fromWho="1" sc="250,-39,250,127,250,-39,240,-39" /><INIT seed="1,1,0,2,5,26" ten="211,377,211,201" oya="1" hai0="82,124,30,123,95,33,77,106,90,65,23,25,118" hai1="45,28,9,67,20,130,62,31,117,122,85,13,120" hai2="92,96,44,115,114,70,7,43,46,89,110,58,6" hai3="60,116,52,5,37,34,24,16,135,18,68,54,40"/><U88/><E117/><V38/><F70/><W61/><G116/><T128/><D118/><U109/><E130/><V29/><F110/><W87/><G135/><T100/><D128/><U94/><E109/><V99/><F29/><N who="1" m="11337" /><E122/><V121/><F121/><W0/><G34/><T129/><D129/><U55/><E120/><V76/><F76/><W39/><G24/><T112/><D112/><N who="2" m="43050" /><F58/><W81/><G5/><N who="2" m="1545" /><F46/><W79/><G0/><T1/><D1/><U104/><E104/><V15/><F15/><W35/><G35/><T93/><D124/><U119/><E119/><V84/><AGARI ba="1,0" hai="38,43,44,84,89,92,96,99" m="1545,43050" machi="84" ten="30,1100,0" yaku="11,1" doraHai="26" who="2" fromWho="2" sc="211,-4,377,-6,211,14,201,-4" /><INIT seed="2,0,0,1,4,21" ten="207,371,225,197" oya="2" hai0="99,61,65,103,58,85,25,131,60,102,18,111,76" hai1="12,133,47,2,79,83,48,68,5,28,40,91,59" hai2="13,72,17,0,32,75,44,1,55,7,89,86,6" hai3="113,3,96,43,98,93,118,23,101,73,114,92,16"/><V51/><F32/><W29/><G73/><T88/><D111/><U46/><E68/><V27/><F27/><N who="3" m="14823" /><G3/><T36/><D36/><U134/><E2/><V106/><F106/><W4/><G43/><T74/><D131/><U10/><E91/><V124/><F1/><W34/><G4/><T45/><D45/><U77/><E28/><V71/><F71/><W129/><G118/><T15/><D76/><U112/><E112/><N who="3" m="43114" /><G129/><T90/><D74/><U109/><E109/><V35/><F35/><W22/><G22/><N who="0" m="13527" /><D61/><U42/><E59/><V100/><F124/><W41/><G41/><T67/><D67/><U11/><E11/><N who="2" m="6335" /><F100/><N who="3" m="60423" /><G34/><T56/><D15/><U33/><E33/><V8/><F7/><W49/><G49/><T63/><D90/><U116/><E116/><V53/><F53/><W38/><G38/><T50/><D50/><N who="1" m="26951" /><E77/><V121/><F121/><W24/><G24/><T84/><D84/><AGARI ba="0,0" hai="5,10,12,42,47,48,79,83,84,133,134" m="26951" machi="84" ten="30,1000,0" yaku="25,1" doraHai="21" who="1" fromWho="0" sc="207,-10,371,10,225,0,197,0" /><INIT seed="3,0,0,1,4,83" ten="197,381,225,197" oya="3" hai0="87,5,107,129,65,39,120,8,71,89,42,73,38" hai1="133,50,70,112,27,30,74,26,68,7,57,130,45" hai2="56,15,109,76,102,111,16,69,18,128,37,88,59" hai3="95,54,64,29,98,62,14,131,101,4,122,103,121"/><W63/><G131/><T35/><D35/><U48/><E112/><V61/><F37/><W78/><G29/><T34/><D34/><U22/><E74/><V75/><F128/><W33/><G33/><T116/><D129/><U113/><E113/><V84/><F102/><W86/><G101/><T85/><D73/><U94/><E133/><V24/><F75/><W47/><G121/><T53/><D107/><U60/><E7/><V110/><F76/><W105/><G122/><T91/><D120/><U123/><E123/><V10/><F24/><W3/><G3/><T93/><D116/><U80/><E80/><N who="2" m="49159" /><F18/><W92/><G105/><T100/><D100/><U32/><E94/><V46/><F46/><W20/><G64/><AGARI ba="0,0" hai="10,15,16,56,59,61,64,69,109,110,111" m="49159" machi="64" ten="30,7700,0" yaku="14,1,52,1,54,2" doraHai="83" who="2" fromWho="3" sc="197,0,381,0,225,77,197,-77" owari="197,-20.3,381,48.1,302,10.2,120,-38.0" /></mjloggm>