<mjloggm ver="2.3"><GO type="225" lobby="0"/><UN n0="%E3%81%BF%E3%81%BF%E3%81%9A" n1="%E3%83%B4%E3%82%A3%E3%83%AF%E3%82%B3%E3%82%B0%E3%83%8B" n2="%6D%75%75%6D%75%72%61" n3="%E3%81%86%E3%83%BC%E3%81%B1%E3%83%BC" dan="17,16,17,17" rate="2200.36,2165.97,2134.12,2151.88" sx="M,M,F,F"/><TAIKYOKU oya="0"/><INIT seed="0,0,0,0,4,58" ten="250,250,250,250" oya="0" hai0="93,60,103,11,16,1,33,49,119,27,135,28,63" hai1="83,114,10,96,9,7,117,104,106,87,80,5,133" hai2="121,111,89,86,52,105,36,90,73,128,59,53,91" hai3="101,64,107,19,78,98,32,102,132,3,47,108,84"/><T67/><D119/><U34/><E117/><V56/><F121/><W92/><G3/><T20/><D135/><U100/><E34/><V18/><F73/><W94/><G32/><T42/><D67/><U68/><E133/><V35/><F36/><W0/><G0/><T44/><D103/><U131/><E131/><V31/><F105/><W30/><G30/><T6/><D93/><U46/><E114/><V77/><F111/><W109/><G47/><T2/><D2/><U40/><E68/><V95/><F128/><W116/><G19/><T134/><D134/><U75/><E75/><V43/><F43/><W72/><G64/><T45/><D44/><U13/><E87/><V54/><F31/><W48/><G48/><T55/><D42/><U61/><E61/><N who="2" m="35975" /><F35/><W14/><G14/><AGARI ba="0,0" hai="1,6,11,14,16,20,27,28,33,45,49,55,60,63" machi="14" ten="30,18000,2" yaku="7,1,24,2,52,2,54,1" doraHai="58" who="0" fromWho="3" sc="250,180,250,0,250,0,250,-180" /><INIT seed="0,1,0,1,1,62" ten="430,250,250,70" oya="0" hai0="21,67,2,53,56,94,104,28,60,75,23,40,85" hai1="18,72,4,89,97,46,3,20,134,39,6,127,27" hai2="25,125,12,84,51,73,128,13,118,71,37,76,80" hai3="47,16,66,0,131,101,58,96,26,63,77,98,36"/><T132/><D75/><U114/><E72/><V100/><F37/><W70/><G131/><T74/><D74/><U15/><E3/><V106/><F128/><W8/><G77/><T45/><D104/><U1/><E1/><V126/><F71/><W91/><G91/><T92/><D2/><U103/><E134/><V82/><F118/><W83/><G83/><T65/><D132/><U33/><E89/><N who="2" m="51335" /><F51/><W10/><G70/><T115/><D115/><U68/><E68/><V130/><F130/><W105/><G96/><T121/><D121/><U99/><E99/><N who="2" m="61727" /><F25/><W135/><G135/><T111/><D111/><U86/><E46/><V19/><F19/><W116/><G116/><T50/><D28/><U43/><E43/><V110/><F110/><W64/><G64/><N who="0" m="24651" /><D85/><U124/><E86/><V90/><F90/><W117/><G117/><T120/><D120/><U11/><E33/><V55/><F55/><W61/><G61/><T42/><D40/><U31/><E31/><V112/><F112/><W24/><G0/><T78/><D78/><U93/><E114/><V113/><F113/><W29/><G29/><T54/><D42/><U87/><E87/><V49/><F49/><W32/><G32/><T48/><D50/><U122/><E122/><V129/><F129/><W81/><G81/><T107/><D107/><U22/><E39/><V34/><F34/><W123/><G123/><T14/><D14/><U79/><E15/><V102/><F13/><N who="3" m="7207" /><G10/><T41/><D53/><U109/><E109/><V88/><F12/><W133/><G133/><T119/><D119/><U69/><E69/><RYUUKYOKU ba="1,0" sc="430,15,250,-15,250,-15,70,15" hai0="21,23,41,45,48,54,56,60,92,94" hai3="24,26,36,47,58,63,66,98,101,105" /><INIT seed="0,2,0,2,0,9" ten="445,235,235,85" oya="0" hai0="88,116,29,74,128,119,42,32,117,134,1,70,96" hai1="24,102,10,22,51,39,64,105,59,43,106,85,57" hai2="5,120,48,123,94,73,129,58,86,95,17,50,11" hai3="19,23,126,127,97,0,61,3,122,89,13,53,30"/><T118/><D70/><U35/><E39/><V84/><F73/><W8/><G122/><T107/><D1/><U83/><E35/><V92/><F129/><W112/><G112/><T90/><D74/><U101/><E105/><V79/><F17/><W49/><G61/><T125/><D118/><U60/><E10/><V36/><F36/><W14/><G97/><T76/><D128/><U98/><E98/><V55/><F48/><W63/><G63/><T46/><D32/><U7/><E7/><V41/><F41/><W103/><G103/><T77/><D107/><U6/><E6/><V31/><F31/><W72/><G89/><T28/><D125/><N who="3" m="47625" /><G30/><T54/><D117/><U132/><E132/><V87/><REACH who="2" step="1"/><F79/><REACH who="2" ten="445,235,225,85" step="2"/><W110/><G72/><T66/><D76/><N who="1" m="46311" /><E43/><V20/><F20/><N who="3" m="11375" /><G110/><T44/><D77/><U15/><E60/><V82/><F82/><W34/><G34/><T100/><D42/><U16/><E51/><V131/><F131/><W121/><G121/><T135/><D116/><U37/><E37/><V68/><F68/><W109/><G109/><T56/><D119/><U80/><E80/><V71/><F71/><W12/><G49/><T133/><D135/><U91/><E59/><V67/><F67/><W21/><G53/><T111/><D133/><U99/><E64/><V69/><F69/><W62/><G62/><T81/><D134/><U114/><E57/><V27/><F27/><W108/><G108/><T4/><D111/><U47/><E24/><V33/><F33/><W38/><G38/><T52/><D66/><U78/><E78/><V26/><F26/><RYUUKYOKU ba="2,1" sc="445,-10,235,-10,225,30,85,-10" hai2="5,11,50,55,58,84,86,87,92,94,95,120,123" /><INIT seed="1,3,1,3,2,67" ten="435,225,255,75" oya="1" hai0="81,91,22,57,17,134,71,100,125,45,97,1,65" hai1="47,135,3,132,92,80,105,86,121,37,20,127,99" hai2="24,64,16,107,44,130,48,101,115,52,27,119,103" hai3="79,110,85,50,93,87,18,54,126,108,14,95,15"/><U26/><E121/><V118/><F130/><W128/><G128/><T117/><D1/><U28/><E3/><V69/><F115/><W111/><G126/><T90/><D117/><U51/><E37/><V76/><F76/><W0/><G0/><T66/><D125/><U38/><E38/><V9/><F27/><W109/><N who="3" m="27648" /><DORA hai="77" /><W133/><G133/><N who="1" m="51274" /><E105/><V74/><F74/><W84/><G79/><T62/><D134/><U123/><E127/><V73/><F73/><W122/><G122/><T49/><D65/><U12/><E12/><V114/><F114/><W29/><G29/><T56/><D91/><N who="1" m="51655" /><E123/><V96/><F103/><W23/><REACH who="3" step="1"/><G15/><REACH who="3" ten="435,225,255,65" step="2"/><T35/><D35/><U13/><E13/><V6/><F118/><W78/><G78/><T41/><D17/><U59/><E59/><AGARI ba="3,2" hai="14,18,23,50,54,59,84,85,87,93,95" m="27648" machi="59" ten="70,8000,1" yaku="1,1,14,1,53,1" doraHai="67,77" doraHaiUra="34,10" who="3" fromWho="1" sc="435,0,225,-89,255,0,65,109" /><INIT seed="2,0,0,5,4,102" ten="435,136,255,174" oya="2" hai0="14,70,22,69,24,129,87,88,56,12,118,105,63" hai1="36,96,122,32,7,61,90,79,98,117,55,47,131" hai2="34,125,20,82,62,8,58,25,106,39,108,5,124" hai3="116,104,35,37,113,68,54,28,1,49,26,135,11"/><V126/><F39/><W9/><G116/><T133/><D105/><U65/><E117/><V6/><F34/><W111/><G1/><T132/><D118/><U130/><E32/><V44/><F44/><W120/><G120/><T93/><D129/><N who="1" m="49163" /><E122/><V2/><F5/><W127/><G37/><T128/><D128/><U84/><E79/><V91/><F108/><W99/><G111/><T40/><D40/><N who="1" m="22919" /><E7/><V30/><F106/><W71/><G127/><T74/><D74/><U80/><E55/><V18/><F82/><W115/><G135/><N who="0" m="51787" /><D12/><U67/><E67/><N who="2" m="39383" /><F91/><W42/><G42/><T50/><D50/><U134/><E134/><V77/><F77/><W100/><G9/><T114/><D14/><U19/><E19/><AGARI ba="0,0" hai="2,6,8,18,19,20,25,30,124,125,126" m="39383" machi="19" ten="30,1500,0" yaku="18,1" doraHai="102" who="2" fromWho="1" sc="435,0,136,-15,255,15,174,0" /><INIT seed="2,1,0,4,1,98" ten="435,121,270,174" oya="2" hai0="55,69,97,128,107,80,15,124,95,72,41,4,0" hai1="28,102,11,13,56,135,35,96,68,9,18,29,38" hai2="61,67,87,50,84,5,25,119,44,3,20,31,104" hai3="103,59,110,101,116,48,12,64,46,58,133,2,93"/><V22/><F119/><W52/><G2/><T51/><D69/><U99/><E135/><V130/><F130/><W74/><G74/><T45/><D0/><U16/><E68/><V37/><F37/><W39/><G116/><T47/><D128/><U122/><E38/><V111/><F104/><W105/><G105/><T24/><D107/><U106/><E122/><V113/><F113/><W21/><G110/><T65/><D65/><U94/><E35/><V76/><F111/><W32/><G32/><T88/><D124/><U33/><E33/><V83/><F3/><W42/><G133/><T30/><D72/><U108/><E108/><V89/><F5/><W70/><G93/><T79/><D30/><U117/><E117/><V112/><F20/><W53/><G12/><T109/><D24/><U131/><E131/><V129/><F112/><W57/><G21/><T85/><D109/><U49/><E18/><V134/><F134/><W127/><G127/><T121/><D121/><U63/><E49/><V17/><F129/><W78/><G78/><T86/><D86/><U90/><REACH who="1" step="1"/><E9/><REACH who="1" ten="435,111,270,174" step="2"/><V7/><F17/><W132/><G132/><T62/><D62/><U40/><E40/><V8/><F8/><W10/><G10/><N who="0" m="4551" /><D41/><U23/><E23/><V123/><F61/><N who="3" m="40207" /><G53/><AGARI ba="1,1" hai="11,13,16,28,29,53,56,63,90,94,96,99,102,106" machi="53" ten="30,8000,1" yaku="1,1,7,1,52,1,54,1,53,1" doraHai="98" doraHaiUra="6" who="1" fromWho="3" sc="435,0,111,93,270,0,174,-83" /><INIT seed="3,0,0,5,0,105" ten="435,204,270,91" oya="3" hai0="44,96,6,132,70,22,65,54,53,10,15,16,77" hai1="29,122,93,97,11,60,111,23,31,45,34,135,40" hai2="32,113,43,86,123,36,75,120,39,118,85,52,73" hai3="46,5,14,74,134,41,19,90,126,81,9,107,121"/><W51/><G121/><N who="2" m="46665" /><F118/><W66/><G134/><T76/><D132/><U100/><E34/><V67/><F113/><W115/><G126/><T117/><D117/><U99/><E122/><V24/><F67/><W88/><G115/><T20/><D20/><U55/><E11/><V124/><F124/><W25/><G107/><T84/><D96/><U49/><E135/><V0/><F0/><W33/><G66/><T3/><D84/><N who="2" m="32362" /><F52/><W8/><G33/><T13/><D70/><U48/><E29/><N who="2" m="19495" /><F43/><W17/><G25/><T82/><D44/><U38/><E49/><V57/><F57/><W62/><G62/><T42/><D10/><U26/><E38/><AGARI ba="0,0" hai="36,38,39,73,75" m="19495,32362,46665" machi="38" ten="30,3900,0" yaku="13,1,52,2" doraHai="105" who="2" fromWho="1" sc="435,0,204,-39,270,39,91,0" owari="435,53.5,165,-23.5,309,10.9,91,-40.9" /></mjloggm>