<mjloggm ver="2.3"><GO type="225" lobby="0"/><UN n0="%E3%83%94%E3%83%B3%E3%82%B5%E3%83%AD%E5%BA%97%E5%93%A1" n1="%E6%A1%9C%E8%8A%B1%E9%96%83%E3%80%85" n2="%E3%81%B5%E3%81%98%E3%81%8B%E3%81%A4" n3="%E3%81%BF%E3%81%BF%E3%81%9A" dan="16,16,16,17" rate="2166.27,2121.29,2207.10,2248.60" sx="M,M,M,M"/><TAIKYOKU oya="0"/><INIT seed="0,0,0,2,0,11" ten="250,250,250,250" oya="0" hai0="93,118,90,110,77,54,85,39,30,60,33,91,14" hai1="3,121,66,31,73,81,71,86,17,59,135,72,40" hai2="83,132,25,41,129,32,47,24,18,122,37,20,119" hai3="16,8,104,9,115,7,79,53,101,12,126,114,105"/><T100/><D118/><U69/><E121/><V125/><F119/><W113/><G126/><T109/><D39/><U78/><E3/><V15/><F122/><W99/><G79/><T112/><D112/><U52/><E135/><V134/><F125/><W88/><G53/><T103/><D77/><U42/><E31/><V82/><F129/><W128/><G128/><T106/><D106/><U45/><E42/><V102/><F102/><W89/><REACH who="3" step="1"/><G105/><REACH who="3" ten="250,250,250,240" step="2"/><T57/><D110/><U23/><E73/><V43/><F43/><W10/><G10/><T111/><D111/><U4/><E72/><V29/><REACH who="2" step="1"/><F25/><REACH who="2" ten="250,250,240,240" step="2"/><W133/><G133/><AGARI ba="0,2" hai="15,18,20,24,29,32,37,41,47,82,83,132,133,134" machi="133" ten="40,8000,1" yaku="1,1,2,1,20,1,52,1,53,0" doraHai="11" doraHaiUra="44" who="2" fromWho="3" sc="250,0,250,0,240,100,240,-80" /><INIT seed="1,0,0,5,5,128" ten="250,250,340,160" oya="1" hai0="121,33,85,1,6,8,21,45,20,26,135,111,114" hai1="81,17,124,11,80,102,38,130,9,133,12,56,84" hai2="88,70,52,94,83,107,97,41,55,77,96,126,109" hai3="105,117,101,103,95,59,34,2,44,87,72,64,30"/><U60/><E130/><V106/><F70/><W91/><G2/><T32/><D85/><U79/><E124/><V31/><F126/><W118/><G44/><T131/><D45/><U57/><E38/><V16/><F41/><W99/><G30/><N who="0" m="17743" /><D131/><U48/><E133/><V98/><F31/><W53/><G64/><T22/><D114/><U46/><E102/><V100/><F109/><W0/><G0/><T75/><D75/><U76/><E11/><V47/><F107/><W61/><G34/><N who="0" m="13419" /><D111/><U62/><E57/><V40/><F106/><W115/><G115/><T4/><D121/><U54/><REACH who="1" step="1"/><E46/><REACH who="1" ten="250,240,340,160" step="2"/><V51/><F100/><W43/><G103/><T104/><D104/><U89/><E89/><V86/><REACH who="2" step="1"/><F16/><REACH who="2" ten="250,240,330,160" step="2"/><W120/><G120/><T19/><D135/><U127/><E127/><V14/><F14/><W78/><REACH who="3" step="1"/><G43/><REACH who="3" ten="250,240,330,150" step="2"/><T122/><D122/><U35/><E35/><V7/><F7/><N who="0" m="2602" /><D1/><U66/><E66/><V13/><F13/><AGARI ba="0,3" hai="8,13,19,20,22" m="2602,13419,17743" machi="13" ten="30,8000,1" yaku="35,5" doraHai="128" who="0" fromWho="2" sc="250,110,240,0,330,-80,150,0" /><INIT seed="2,0,0,2,0,41" ten="360,240,250,150" oya="2" hai0="66,27,52,38,70,3,128,62,68,15,61,51,80" hai1="40,37,48,79,16,107,82,64,86,135,127,125,113" hai2="93,119,47,45,97,67,69,2,75,55,49,130,89" hai3="10,24,23,91,95,77,81,53,96,126,114,6,124"/><V60/><F119/><W43/><G114/><T56/><D3/><U123/><E113/><V50/><F75/><W30/><G53/><T35/><D38/><U109/><E109/><V115/><F115/><W131/><G131/><T120/><D120/><U111/><E111/><V0/><REACH who="2" step="1"/><F130/><REACH who="2" ten="360,240,240,150" step="2"/><W100/><G124/><T102/><D128/><U36/><E127/><V87/><F87/><W59/><G126/><T14/><D70/><U4/><E86/><V74/><F74/><W8/><G59/><T88/><D56/><U108/><E125/><V65/><F65/><W11/><G43/><AGARI ba="0,1" hai="0,2,43,45,47,49,50,55,60,67,69,89,93,97" machi="43" ten="30,18000,2" yaku="1,1,7,1,52,2,53,2" doraHai="41" doraHaiUra="46" who="2" fromWho="3" sc="360,0,240,0,240,190,150,-180" owari="360,16.0,240,-16.0,430,53.0,-30,-53.0" /></mjloggm>