<mjloggm ver="2.3"><GO type="225" lobby="0"/><UN n0="%E3%82%BC%E3%83%AB%E3%83%80%E3%81%AE%E4%BC%9D%E8%AA%AC" n1="%2D%E8%B1%8A%E5%8F%A3%E3%82%81%E3%81%90%E3%81%BF%2D" n2="%E6%B4%BE%E9%81%A3%E3%81%AE%E3%82%B8%E3%83%A3%E3%83%83%E3%82%AF" n3="%E3%81%BF%E3%81%BF%E3%81%9A" dan="18,17,17,18" rate="2199.18,2171.50,2219.68,2251.57" sx="M,F,M,M"/><TAIKYOKU oya="0"/><INIT seed="0,0,0,4,2,66" ten="250,250,250,250" oya="0" hai0="60,65,69,10,56,121,101,126,104,22,108,30,83" hai1="92,25,89,0,73,49,110,94,96,32,1,70,27" hai2="20,12,5,58,103,24,131,17,6,107,85,44,63" hai3="98,125,122,55,31,88,54,18,77,95,106,33,76"/><T115/><D115/><U13/><E73/><V36/><F131/><W123/><G125/><T45/><D121/><N who="3" m="46089" /><G106/><T29/><D126/><U42/><E110/><V26/><F85/><W37/><G37/><T129/><D129/><U59/><E70/><V2/><F2/><W78/><G18/><T35/><D108/><U21/><E1/><V93/><F107/><W105/><G105/><T130/><D130/><U16/><E0/><V62/><F44/><W118/><G118/><T82/><D56/><U114/><E114/><V109/><F36/><W80/><G80/><T28/><D22/><U127/><E127/><V113/><F109/><W68/><G68/><T43/><D10/><U7/><E32/><V57/><F113/><W48/><G48/><N who="0" m="26687" /><D82/><U120/><E7/><N who="2" m="2571" /><F58/><W135/><G135/><T51/><D51/><U67/><E120/><V61/><F57/><W52/><G31/><T8/><D8/><U124/><E124/><V81/><F81/><W117/><G117/><T111/><D83/><U34/><E34/><AGARI ba="0,0" hai="33,34,52,54,55,76,77,78,88,95,98" m="46089" machi="34" ten="40,5200,0" yaku="13,1,54,2" doraHai="66" who="3" fromWho="1" sc="250,0,250,-52,250,0,250,52" /><INIT seed="1,0,0,3,5,46" ten="250,198,250,302" oya="1" hai0="91,32,6,112,20,17,47,98,74,27,116,3,69" hai1="110,42,73,85,102,107,133,108,118,67,8,52,80" hai2="41,122,11,96,106,29,81,101,117,79,55,97,105" hai3="61,124,66,132,43,4,5,84,1,40,129,35,7"/><U58/><E118/><V86/><F29/><W70/><G1/><T111/><D112/><U59/><E73/><V63/><F117/><W2/><G2/><T22/><D116/><U120/><E120/><V33/><F33/><W99/><G35/><T125/><D69/><U53/><E42/><V26/><F26/><W134/><G124/><T44/><D74/><U113/><E113/><V71/><F122/><W60/><G129/><T88/><D125/><U135/><E67/><V39/><F11/><W109/><G109/><N who="1" m="42090" /><E8/><V37/><F41/><W49/><G60/><T95/><D32/><U45/><E102/><V25/><F25/><W15/><G84/><T115/><D115/><U24/><E24/><V34/><F34/><W82/><G15/><N who="0" m="9279" /><D3/><U12/><E12/><V104/><F101/><W50/><G40/><T103/><D6/><U65/><E65/><V9/><F9/><W121/><G43/><T30/><D111/><U64/><E64/><V93/><F71/><W16/><G121/><T78/><D78/><N who="1" m="46231" /><E107/><V31/><F37/><W89/><G66/><T76/><D76/><U123/><E123/><V128/><F39/><W10/><G70/><T130/><D130/><U48/><E59/><N who="2" m="35327" /><F128/><W114/><G10/><T13/><D13/><U75/><E75/><V92/><F104/><W23/><G114/><T19/><D30/><U38/><E38/><V94/><F31/><W14/><G4/><T131/><D131/><U90/><E90/><AGARI ba="0,0" hai="19,22,27,44,47,88,90,91,95,98,103" m="9279" machi="90" ten="30,2000,0" yaku="8,1,54,1" doraHai="46" who="0" fromWho="1" sc="250,20,198,-20,250,0,302,0" /><INIT seed="2,0,0,3,2,24" ten="270,178,250,302" oya="2" hai0="32,127,108,117,14,128,112,110,30,8,115,77,6" hai1="21,125,68,105,114,46,52,13,102,49,40,73,101" hai2="65,9,39,109,83,121,10,34,27,66,18,1,107" hai3="38,57,54,44,37,123,17,124,48,45,58,89,59"/><V113/><F121/><W118/><G17/><T31/><D77/><U80/><E114/><N who="0" m="43561" /><D127/><U70/><E125/><V23/><F113/><W85/><G124/><T100/><D100/><U56/><E73/><V97/><F39/><W116/><G85/><T15/><D128/><U81/><E70/><V16/><F109/><N who="0" m="42090" /><D117/><N who="3" m="45161" /><G89/><T69/><D69/><U2/><E2/><V71/><F34/><W60/><G123/><T129/><D129/><U51/><E68/><V93/><F107/><W76/><G76/><T126/><D126/><U64/><E64/><N who="2" m="24683" /><F71/><W4/><G4/><N who="0" m="3335" /><D32/><U119/><E119/><V106/><F106/><W79/><G79/><T78/><D78/><U0/><E105/><V22/><F83/><W133/><G60/><T91/><D91/><U87/><E81/><V72/><F72/><W25/><G37/><T28/><D15/><U63/><E63/><V33/><F33/><W120/><G120/><T19/><D19/><N who="1" m="10479" /><E0/><V131/><F1/><W3/><G3/><T26/><D6/><U111/><E111/><V67/><N who="2" m="24691" /><V84/><DORA hai="36" /><F131/><W99/><G38/><T104/><D104/><U50/><E50/><V61/><F61/><W96/><G48/><T95/><D95/><U43/><E43/><V62/><F62/><W55/><G55/><T134/><D134/><U47/><E47/><N who="3" m="17994" /><G54/><T53/><D53/><U5/><E5/><V122/><F122/><W90/><G133/><T103/><D103/><U86/><E80/><V132/><F132/><W35/><G90/><T29/><N who="0" m="7168" /><DORA hai="130" /><T20/><D20/><U7/><E7/><V42/><F42/><RYUUKYOKU ba="0,0" sc="270,10,178,10,250,-30,302,10" hai0="26" hai1="40,46,49,51,52,56,86,87,101,102" hai3="25,35,57,58,59,96,99" /><INIT seed="3,1,0,5,4,83" ten="280,188,220,312" oya="3" hai0="19,41,131,0,86,98,28,22,30,110,89,84,39" hai1="106,82,108,113,11,67,34,75,134,112,21,128,95" hai2="7,29,118,17,64,78,53,20,80,60,124,5,52" hai3="132,50,85,96,77,9,61,72,10,33,69,90,127"/><W27/><G77/><T92/><D0/><U3/><E34/><V107/><F118/><W119/><G72/><T81/><D110/><U121/><E121/><V130/><F107/><W51/><G96/><T117/><D117/><U115/><E106/><V91/><F29/><N who="0" m="11370" /><D39/><U122/><E122/><V40/><F40/><W2/><G27/><N who="0" m="14815" /><D131/><U8/><E108/><V66/><F124/><W46/><G33/><T135/><D135/><U68/><E128/><V38/><F38/><W6/><G119/><T12/><D41/><U74/><E134/><V104/><F104/><W45/><G132/><T63/><D63/><U54/><E3/><V88/><F130/><W59/><G69/><T105/><D105/><U31/><E68/><V13/><F5/><W58/><G127/><T116/><D116/><U71/><E71/><V57/><F7/><W18/><G61/><T55/><D55/><N who="2" m="21066" /><F66/><W42/><G18/><T120/><D120/><U36/><E75/><V48/><F48/><W49/><G49/><T93/><D12/><U23/><E74/><V123/><F123/><W26/><G26/><T65/><D65/><U101/><E36/><V24/><F13/><N who="3" m="5303" /><G10/><T125/><D125/><U43/><E113/><V62/><F62/><W14/><G14/><T94/><D98/><U97/><E112/><V70/><F70/><W99/><G99/><T73/><D73/><U111/><E115/><V1/><F1/><W76/><G2/><T87/><AGARI ba="1,0" hai="81,84,86,87,89,92,93,94" m="14815,11370" machi="87" ten="30,7900,0" yaku="8,1,52,3" doraHai="83" who="0" fromWho="0" sc="280,82,188,-21,220,-21,312,-40" owari="362,46.2,167,-33.3,199,-20.1,272,7.2" /></mjloggm>