<mjloggm ver="2.3"><GO type="225" lobby="0"/><UN n0="%E3%81%A8%E3%82%93%E3%81%A8%E3%81%93%E3%81%A8%E3%82%93" n1="%77%72%77%72%77%72%77%72" n2="%6D%75%75%6D%75%72%61" n3="%4B%69%74%61%6D%75%72%61" dan="16,16,16,18" rate="2105.46,2176.80,2118.94,2206.39" sx="F,M,F,F"/><TAIKYOKU oya="0"/><INIT seed="0,0,0,3,3,78" ten="250,250,250,250" oya="0" hai0="117,104,110,107,33,91,119,100,75,38,39,22,31" hai1="121,32,41,1,46,81,19,52,13,29,62,57,103" hai2="26,106,8,9,5,59,90,132,67,129,56,124,49" hai3="2,95,7,96,126,34,14,99,80,27,17,15,87"/><T42/><D91/><U43/><E121/><V109/><F109/><W44/><G126/><T112/><D22/><U20/><E1/><V108/><F108/><W25/><G2/><T125/><D110/><U89/><E103/><V60/><F106/><W127/><G127/><T4/><D125/><U131/><E131/><V93/><F132/><W65/><G65/><T51/><D51/><U111/><E111/><V37/><F129/><W10/><G44/><T69/><D4/><U97/><E32/><V30/><F37/><W102/><G99/><T73/><D69/><U71/><E71/><V130/><F130/><W86/><G86/><T98/><D112/><U23/><E46/><V85/><F124/><W113/><G34/><T76/><D76/><U12/><E97/><V11/><F56/><W66/><G66/><T24/><D107/><U16/><E29/><V94/><F49/><W105/><G113/><T77/><D42/><U48/><E62/><V128/><F94/><W61/><G61/><T123/><D123/><U28/><E28/><V74/><F74/><N who="0" m="28170" /><D77/><U53/><E53/><V101/><F101/><W36/><G36/><AGARI ba="0,0" hai="24,31,33,36,38,39,98,100,104,117,119" m="28170" machi="36" ten="30,1500,0" yaku="23,1" doraHai="78" who="0" fromWho="3" sc="250,15,250,0,250,0,250,-15" /><INIT seed="0,1,0,4,2,49" ten="265,250,250,235" oya="0" hai0="72,41,93,36,40,22,52,117,58,5,107,98,108" hai1="48,132,18,122,78,85,126,60,114,38,61,54,44" hai2="116,101,118,89,28,34,110,7,109,19,81,46,30" hai3="73,105,95,69,13,77,94,4,9,106,76,96,16"/><T33/><D33/><U71/><E122/><V39/><F101/><W42/><G69/><T57/><D117/><N who="2" m="45162" /><F89/><W127/><G127/><T59/><D107/><U119/><E119/><V56/><F81/><W27/><G42/><T123/><D123/><U12/><E126/><V86/><F86/><W6/><G106/><T35/><D35/><U80/><E132/><V25/><F56/><W24/><G105/><T74/><D108/><N who="2" m="41578" /><F46/><W97/><G73/><T131/><D131/><U43/><E114/><V111/><F39/><W112/><G112/><T135/><D135/><U128/><E128/><V82/><F82/><W87/><G87/><T91/><D5/><N who="3" m="2153" /><G77/><T67/><D67/><U124/><E71/><V32/><N who="2" m="41586" /><V15/><DORA hai="62" /><F7/><W11/><G76/><T88/><D36/><U120/><E124/><V100/><F100/><W75/><G75/><T70/><D70/><U121/><E121/><V31/><F34/><W53/><G97/><T115/><D72/><U104/><E104/><V14/><F14/><N who="3" m="7247" /><G96/><T0/><D74/><U65/><E120/><V47/><F47/><W113/><G113/><T3/><D115/><U51/><E38/><V66/><F66/><W23/><G95/><T50/><D91/><U37/><E65/><V1/><F1/><W99/><G94/><T8/><D0/><U129/><E37/><V10/><AGARI ba="1,0" hai="10,15,19,25,28,30,31,32" m="41586,45162" machi="10" ten="50,8000,1" yaku="12,1,14,1,34,2" doraHai="49,62" who="2" fromWho="2" sc="265,-41,250,-21,250,83,235,-21" /><INIT seed="1,0,0,0,3,96" ten="224,229,333,214" oya="1" hai0="77,133,110,75,123,106,105,39,38,62,67,1,43" hai1="128,126,88,124,18,55,81,33,74,79,104,37,90" hai2="66,100,26,34,51,3,95,117,65,30,47,24,29" hai3="0,116,85,57,16,23,98,17,107,72,42,80,15"/><U60/><E37/><V109/><F3/><W45/><G0/><T132/><D1/><U28/><E128/><V122/><F109/><W6/><G72/><T2/><D2/><U61/><E104/><V40/><F122/><W129/><G129/><T102/><D110/><U19/><E33/><V101/><F117/><W10/><G116/><T5/><D5/><U13/><E28/><N who="2" m="10859" /><F95/><W36/><G57/><T91/><D91/><N who="1" m="34859" /><E19/><V112/><F34/><W94/><G107/><N who="0" m="40971" /><D43/><U8/><E55/><V56/><F112/><W97/><G94/><T89/><D89/><U82/><E82/><V131/><F131/><W135/><G17/><T108/><D102/><N who="2" m="39530" /><F66/><W127/><G36/><T99/><D123/><U12/><E12/><V103/><F103/><W68/><G15/><T50/><D108/><U21/><E8/><V59/><F65/><W4/><G10/><T31/><D67/><U119/><E119/><V41/><F41/><W7/><G42/><T27/><D133/><U73/><E73/><V58/><AGARI ba="0,0" hai="24,26,40,47,51,56,58,59" m="39530,10859" machi="58" ten="30,7900,0" yaku="8,1,52,3" doraHai="96" who="2" fromWho="2" sc="224,-20,229,-39,333,79,214,-20" /><INIT seed="2,0,0,5,2,50" ten="204,190,412,194" oya="2" hai0="65,117,30,103,54,3,44,121,40,25,107,46,43" hai1="11,1,6,9,131,33,14,95,108,47,22,52,70" hai2="125,36,79,2,126,76,32,37,69,5,96,51,111" hai3="86,97,75,38,27,94,53,66,71,73,67,64,128"/><V83/><F69/><W21/><G71/><T113/><D121/><U58/><E70/><V112/><F112/><W118/><G118/><T129/><D113/><U84/><E33/><V127/><F32/><W116/><G116/><T109/><D117/><U82/><E108/><V72/><F111/><W15/><G38/><T48/><D109/><U42/><E131/><V34/><F34/><W63/><G128/><T99/><D129/><U41/><E95/><V85/><F96/><W31/><G86/><T49/><D3/><U134/><E22/><V4/><F51/><W89/><REACH who="3" step="1"/><G15/><REACH who="3" ten="204,190,412,184" step="2"/><T29/><D25/><U19/><E134/><V62/><F37/><W81/><G81/><T68/><REACH who="0" step="1"/><D40/><REACH who="0" ten="194,190,412,184" step="2"/><U130/><E130/><V28/><F2/><W110/><G110/><T124/><D124/><U123/><E41/><V105/><F125/><W39/><G39/><T59/><D59/><AGARI ba="0,2" hai="21,27,31,53,59,63,64,66,67,73,75,89,94,97" machi="59" ten="40,8000,1" yaku="1,1,52,1,53,3" doraHai="50" doraHaiUra="60" who="3" fromWho="0" sc="194,-80,190,0,412,0,184,100" /><INIT seed="3,0,0,0,3,110" ten="114,190,412,284" oya="3" hai0="130,93,67,128,70,90,1,15,46,11,14,122,92" hai1="25,98,83,37,82,63,36,89,71,75,58,41,124" hai2="132,97,17,112,54,61,5,111,134,48,68,115,43" hai3="40,28,62,96,113,129,16,77,22,57,102,7,85"/><W35/><G129/><T119/><D119/><U80/><E71/><V135/><F111/><W18/><G7/><T2/><D122/><U118/><E75/><V21/><F5/><W50/><G35/><T60/><D46/><U59/><E59/><N who="2" m="33223" /><F97/><W49/><G113/><N who="2" m="43593" /><F43/><W30/><G77/><T55/><D55/><U42/><E98/><V66/><F21/><W120/><G85/><T87/><D93/><U32/><E42/><V23/><F23/><W45/><G50/><T114/><D114/><U56/><E32/><V78/><F17/><W86/><G86/><T101/><D101/><U12/><E41/><V9/><F9/><W125/><G120/><T8/><D8/><U19/><E19/><V99/><F99/><W103/><G18/><T123/><D123/><U88/><E36/><V104/><F104/><W105/><G103/><T126/><D11/><U84/><E84/><V4/><F4/><W29/><G57/><T109/><D109/><U131/><E56/><V53/><F53/><W117/><G117/><T107/><D107/><U73/><E58/><V116/><F116/><W79/><G79/><AGARI ba="0,0" hai="61,66,68,78,79,132,134,135" m="43593,33223" machi="79" ten="40,8000,1" yaku="20,1,52,3" doraHai="110" who="2" fromWho="3" sc="114,0,190,0,412,80,284,-80" owari="114,-38.6,190,-21.0,492,59.2,204,0.4" /></mjloggm>