<mjloggm ver="2.3"><GO type="225" lobby="0"/><UN n0="%73%75%7A%75%6D%65%33" n1="%E5%8F%AF%E5%85%90%E9%82%A3%E7%94%B1%E5%A4%9A" n2="%E8%B6%85%E7%B4%9A%E9%B3%B3%E5%87%B0" n3="%E3%81%AF%E3%82%88%E3%81%8A%E3%81%98%E3%81%95%E3%82%93" dan="17,17,16,17" rate="2166.56,2188.67,2143.58,2249.05" sx="M,F,M,M"/><TAIKYOKU oya="0"/><INIT seed="0,0,0,2,3,8" ten="250,250,250,250" oya="0" hai0="86,128,16,55,101,11,103,132,59,46,67,121,122" hai1="133,99,98,115,126,80,78,28,43,63,110,33,83" hai2="37,10,2,82,23,56,91,9,47,25,6,0,17" hai3="69,113,36,22,74,76,119,44,102,14,57,120,130"/><T66/><D132/><U62/><E133/><V135/><F135/><W3/><G3/><T92/><D128/><U70/><E110/><V109/><F109/><W39/><G69/><T114/><D114/><U77/><E115/><V29/><F56/><W1/><G1/><T52/><D122/><U21/><E33/><V96/><F0/><W34/><G34/><T79/><D121/><U12/><E126/><V95/><F82/><W125/><G119/><T64/><D46/><U61/><E70/><V20/><F9/><W75/><G113/><T65/><N who="0" m="16384" /><DORA hai="32" /><T94/><D55/><U5/><E43/><V58/><F58/><W89/><G74/><T100/><D79/><N who="1" m="30219" /><E28/><V93/><F93/><W81/><G39/><T15/><REACH who="0" step="1"/><D86/><REACH who="0" ten="240,250,250,250" step="2"/><U42/><E42/><V123/><F123/><W72/><G130/><T97/><D97/><N who="1" m="36875" /><E5/><V111/><F111/><W19/><G120/><T7/><D7/><U49/><E49/><AGARI ba="0,1" hai="11,15,16,49,52,59,92,94,100,101,103" m="16384" machi="49" ten="50,18000,2" yaku="1,1,8,1,52,1,54,2,53,1" doraHai="8,32" doraHaiUra="118,45" who="0" fromWho="1" sc="240,190,250,-180,250,0,250,0" /><INIT seed="0,1,0,0,4,69" ten="430,70,250,250" oya="0" hai0="102,44,100,5,30,35,32,11,119,84,79,135,114" hai1="89,10,48,118,85,3,132,92,17,33,110,55,40" hai2="65,81,67,51,70,61,56,88,123,90,133,108,117" hai3="121,103,115,104,73,77,71,52,41,60,25,9,21"/><T50/><D114/><U112/><E118/><V54/><F123/><W43/><G115/><T94/><D119/><U125/><E33/><V8/><F117/><W49/><G121/><T107/><D107/><U80/><E112/><V68/><F108/><W59/><G9/><T120/><D120/><U57/><E110/><V18/><F133/><W83/><G103/><T34/><D135/><U99/><E132/><V58/><F81/><W6/><G6/><T2/><D30/><U64/><E125/><V16/><F8/><W105/><G41/><T22/><D22/><U24/><E64/><V7/><F7/><W62/><G62/><T23/><D23/><U1/><E40/><V96/><F96/><W37/><G49/><T109/><D109/><U4/><E24/><V131/><F131/><W39/><G71/><T122/><D122/><U28/><E28/><V45/><F70/><W127/><G127/><T95/><D95/><U27/><E27/><V14/><F68/><W76/><G77/><T19/><D19/><N who="2" m="7210" /><F14/><W0/><G0/><T42/><REACH who="0" step="1"/><D94/><REACH who="0" ten="420,70,250,250" step="2"/><U126/><E126/><V78/><F78/><W98/><G104/><T74/><D74/><U47/><E4/><V106/><F106/><W116/><G116/><T36/><D36/><U12/><REACH who="1" step="1"/><E57/><REACH who="1" ten="420,60,250,250" step="2"/><V26/><F58/><W66/><G59/><T15/><D15/><U53/><E53/><V38/><F54/><W91/><G52/><T134/><D134/><U129/><E129/><V31/><F56/><W75/><G25/><T86/><D86/><U13/><E13/><V97/><F26/><W111/><G111/><RYUUKYOKU ba="1,2" sc="420,15,60,15,250,-15,250,-15" hai0="2,5,11,32,34,35,42,44,50,79,84,100,102" hai1="1,3,10,12,17,47,48,55,80,85,89,92,99" /><INIT seed="0,2,2,4,2,89" ten="435,75,235,235" oya="0" hai0="33,13,45,37,6,98,75,107,128,24,44,5,108" hai1="21,77,96,94,99,112,46,79,106,63,76,127,67" hai2="4,8,134,34,121,17,26,62,7,69,59,66,74" hai3="51,56,126,85,68,49,84,95,103,72,131,87,1"/><T122/><D122/><U124/><E112/><V58/><F121/><W54/><G68/><T133/><D75/><U30/><E46/><V118/><F74/><W25/><G72/><T57/><D57/><U102/><E99/><V110/><F110/><W22/><G1/><T115/><D37/><U73/><E73/><V27/><F134/><W2/><G2/><T109/><D115/><U86/><E106/><V65/><F118/><W12/><G126/><T50/><D44/><U129/><E129/><V10/><F17/><W9/><G131/><T113/><D113/><U38/><E38/><V120/><F120/><W135/><G135/><T47/><D47/><U11/><E11/><V35/><F62/><W130/><G130/><T32/><D133/><U16/><E30/><V64/><F64/><W125/><G125/><T28/><D13/><U15/><REACH who="1" step="1"/><E86/><REACH who="1" ten="435,65,235,235" step="2"/><V81/><F8/><W88/><G87/><T43/><D128/><U114/><E114/><V53/><F10/><W60/><G84/><T80/><D107/><U111/><E111/><V104/><F104/><W29/><G103/><T105/><D109/><U14/><E14/><V93/><F27/><W23/><G22/><T132/><D108/><U40/><E40/><V48/><F26/><W91/><G91/><T0/><D132/><U100/><E100/><V39/><F39/><W83/><G83/><T71/><D80/><U117/><E117/><V101/><F81/><W52/><G12/><T36/><D0/><U20/><E20/><V61/><F101/><W31/><G9/><T78/><D36/><U92/><E92/><RYUUKYOKU ba="2,3" sc="435,-10,65,30,235,-10,235,-10" hai1="15,16,21,63,67,76,77,79,94,96,102,124,127" /><INIT seed="1,3,3,2,2,113" ten="425,95,225,225" oya="1" hai0="101,19,25,92,17,117,66,2,70,34,13,94,57" hai1="15,103,112,86,42,46,0,14,126,58,55,130,107" hai2="56,108,12,132,24,106,5,30,43,96,111,83,26" hai3="82,90,9,120,119,76,45,135,124,118,33,97,29"/><U77/><E112/><V8/><F132/><W74/><G120/><T69/><D2/><U37/><E0/><V51/><F83/><W134/><G124/><T20/><D117/><N who="3" m="44553" /><G9/><T59/><D34/><U64/><E126/><V54/><F43/><W18/><G18/><T100/><D69/><U78/><E130/><V53/><F53/><W3/><G3/><T129/><D70/><U40/><E40/><V110/><F30/><W73/><G45/><T128/><D128/><U49/><E64/><V87/><F87/><N who="3" m="48583" /><G29/><T93/><D129/><U80/><REACH who="1" step="1"/><E78/><REACH who="1" ten="425,85,225,225" step="2"/><V36/><F36/><W63/><G134/><T50/><D66/><U98/><AGARI ba="3,4" hai="14,15,37,42,46,49,55,58,77,80,86,98,103,107" machi="98" ten="30,11700,0" yaku="1,1,2,1,0,1,53,1" doraHai="113" doraHaiUra="71" who="1" fromWho="1" sc="425,-42,85,166,225,-42,225,-42" /><INIT seed="1,4,0,4,3,6" ten="383,251,183,183" oya="1" hai0="102,63,95,23,15,104,2,70,129,132,78,77,130" hai1="114,58,16,98,65,116,105,88,122,40,1,10,135" hai2="133,90,119,125,19,7,74,82,29,39,100,51,38" hai3="72,86,52,53,26,47,81,36,87,85,134,79,107"/><U30/><E114/><V61/><F119/><W4/><G107/><T131/><D2/><U57/><E116/><V45/><F125/><W91/><G134/><T22/><D104/><U50/><E122/><V17/><F133/><W84/><G4/><T44/><D132/><U34/><E135/><V31/><F7/><W64/><G64/><N who="0" m="41247" /><D44/><N who="1" m="25863" /><E1/><V113/><F113/><W60/><G60/><T97/><D15/><N who="1" m="7287" /><E34/><V37/><F61/><W0/><G0/><T46/><D46/><U62/><E105/><V89/><F100/><W92/><REACH who="3" step="1"/><G26/><REACH who="3" ten="383,251,183,173" step="2"/><T5/><D5/><U110/><E110/><V11/><F37/><W13/><G13/><T83/><D131/><U124/><E124/><V75/><F38/><W80/><G80/><T103/><D83/><U115/><E115/><V94/><F82/><W96/><G96/><T56/><D130/><U49/><E49/><V128/><F39/><W28/><G28/><T93/><D129/><U3/><E3/><V71/><F128/><W73/><G73/><T59/><D97/><U120/><E120/><V32/><F29/><W20/><G20/><T121/><D22/><U76/><E30/><V112/><F31/><W43/><AGARI ba="4,1" hai="36,43,47,52,53,72,79,81,84,85,86,87,91,92" machi="43" ten="30,4000,0" yaku="1,1,0,1,54,1,53,0" doraHai="6" doraHaiUra="66" who="3" fromWho="3" sc="383,-14,251,-24,183,-14,173,62" /><INIT seed="2,0,0,2,1,84" ten="369,227,169,235" oya="2" hai0="95,23,126,43,80,90,28,82,1,54,21,46,13" hai1="37,6,35,27,7,131,122,98,2,120,106,32,38" hai2="113,121,39,11,19,87,116,57,70,92,91,67,125" hai3="107,36,68,50,128,112,15,114,86,53,3,71,63"/><V94/><F113/><N who="3" m="43627" /><G3/><T24/><D126/><U44/><E131/><V79/><F116/><W65/><G107/><T119/><D1/><U59/><E59/><V18/><F121/><N who="1" m="46697" /><E44/><V132/><F39/><N who="1" m="14857" /><E27/><V133/><F125/><W14/><G36/><T103/><D103/><N who="1" m="62839" /><E2/><V41/><F41/><W72/><G72/><T25/><D13/><U109/><E109/><V89/><F70/><N who="3" m="42303" /><G128/><T78/><D43/><U69/><E69/><N who="3" m="26698" /><G86/><N who="0" m="52695" /><D78/><U124/><E124/><V34/><F79/><W17/><G17/><N who="0" m="12335" /><D119/><U115/><E115/><V45/><F34/><AGARI ba="0,0" hai="6,7,32,34,35" m="62839,14857,46697" machi="34" ten="40,1300,0" yaku="13,1" doraHai="84" who="1" fromWho="2" sc="369,0,227,13,169,-13,235,0" /><INIT seed="3,0,0,4,2,135" ten="369,240,156,235" oya="3" hai0="46,34,3,112,61,53,109,29,51,32,22,47,121" hai1="11,124,55,120,39,45,74,89,5,81,73,1,100" hai2="28,134,9,66,128,58,99,67,7,71,108,10,82" hai3="84,131,93,88,72,105,95,65,68,133,79,37,91"/><W0/><G0/><T86/><D3/><U25/><E120/><V31/><F134/><W27/><G133/><T107/><D107/><U35/><E100/><V33/><F108/><W50/><G37/><T43/><D121/><U75/><E124/><V125/><F128/><W114/><G114/><T64/><D109/><U96/><E55/><V80/><F71/><W87/><G131/><T106/><D106/><U49/><E49/><V104/><F104/><W52/><G105/><T54/><D86/><U101/><E101/><V30/><F33/><W103/><G103/><T6/><D6/><U90/><E96/><V116/><F116/><W57/><G27/><T21/><D112/><U2/><E2/><V15/><F99/><W85/><G72/><N who="1" m="27754" /><E45/><V24/><F24/><W126/><G126/><T102/><D102/><U16/><E16/><V38/><F38/><W115/><G115/><T69/><D54/><U8/><E8/><V59/><F125/><W60/><G79/><T48/><D29/><N who="1" m="19887" /><E39/><V127/><F127/><W111/><G111/><T122/><D122/><U13/><E1/><V40/><F40/><W70/><G87/><T20/><AGARI ba="0,0" hai="20,21,22,32,34,43,46,47,48,51,53,61,64,69" machi="20" ten="30,1100,0" yaku="0,1" doraHai="135" who="0" fromWho="0" sc="369,11,240,-3,156,-3,235,-5" owari="380,48.0,237,3.7,153,-34.7,230,-17.0" /></mjloggm>