<mjloggm ver="2.3"><GO type="225" lobby="0"/><UN n0="%77%72%77%72%77%72%77%72" n1="%E7%99%BD%E6%97%A5%E9%9B%AA%E8%8F%9C" n2="%E3%81%A9%E3%82%8F%E3%82%93%E3%81%94" n3="%E3%82%BF%E3%83%BC%E3%83%90%E3%83%B3%E9%87%8E%E5%8F%A3" dan="17,17,16,16" rate="2235.15,2239.16,2073.70,2111.97" sx="M,M,M,M"/><TAIKYOKU oya="0"/><INIT seed="0,0,0,3,4,134" ten="250,250,250,250" oya="0" hai0="94,89,105,7,41,83,5,23,133,98,11,47,21" hai1="56,126,80,123,115,99,58,50,121,114,18,60,73" hai2="96,87,90,127,107,17,68,85,106,102,131,82,28" hai3="15,1,104,128,113,76,95,66,3,36,67,84,92"/><T25/><D133/><U8/><E99/><V118/><F68/><W74/><G15/><T101/><D83/><U125/><E18/><V88/><F28/><W64/><G84/><T30/><D21/><U61/><E8/><V78/><F17/><W110/><G36/><T32/><D32/><U54/><E80/><N who="2" m="49255" /><F131/><W103/><G103/><T37/><REACH who="0" step="1"/><D11/><REACH who="0" ten="240,250,250,250" step="2"/><U119/><E119/><V65/><F118/><W52/><G128/><T75/><D75/><U13/><E73/><N who="2" m="43343" /><F65/><W40/><G74/><T4/><D4/><U77/><E77/><V39/><F39/><W79/><G67/><T27/><D27/><U132/><E132/><V33/><F33/><W122/><G66/><T38/><D38/><U111/><E111/><V35/><F35/><W2/><G64/><T10/><D10/><U112/><E13/><V45/><F45/><W46/><G46/><T109/><D109/><U93/><E58/><V62/><F62/><N who="1" m="24169" /><E93/><N who="2" m="54479" /><F106/><W116/><G110/><T51/><D51/><U124/><AGARI ba="0,1" hai="50,54,56,112,114,115,121,123,124,125,126" m="24169" machi="124" ten="40,12000,2" yaku="11,1,18,1,34,2,52,3" doraHai="134" who="1" fromWho="1" sc="240,-60,250,130,250,-30,250,-30" /><INIT seed="1,0,0,3,1,117" ten="180,380,220,220" oya="1" hai0="124,109,26,6,55,21,13,113,62,89,39,112,90" hai1="49,97,29,44,14,58,87,41,96,126,102,116,128" hai2="121,51,16,120,99,92,85,115,2,119,50,8,118" hai3="130,71,30,12,63,25,57,98,15,37,4,83,76"/><U131/><E116/><V7/><F85/><W28/><G130/><N who="1" m="49706" /><E126/><V104/><F104/><W84/><G37/><T135/><D39/><U1/><E1/><V56/><F92/><W122/><G122/><N who="2" m="47209" /><F99/><W33/><G71/><T10/><D124/><U129/><E29/><V43/><F56/><W54/><G4/><T77/><D109/><U59/><E129/><V133/><F51/><W95/><REACH who="3" step="1"/><G30/><REACH who="3" ten="180,380,220,210" step="2"/><T79/><D113/><U31/><E31/><V45/><F115/><W65/><G65/><T3/><D112/><U23/><E102/><AGARI ba="0,1" hai="12,15,25,28,33,54,57,63,76,83,84,95,98,102" machi="102" ten="30,3900,0" yaku="1,1,7,1,53,1" doraHai="117" doraHaiUra="82" who="3" fromWho="1" sc="180,0,380,-39,220,0,210,49" /><INIT seed="2,0,0,3,2,103" ten="180,341,220,259" oya="2" hai0="45,5,32,16,7,121,70,1,133,130,92,43,15" hai1="127,38,90,6,118,126,26,71,134,2,30,117,66" hai2="24,10,78,131,74,96,27,125,69,119,95,34,28" hai3="11,120,116,21,37,65,17,14,41,76,84,48,22"/><V31/><F119/><N who="1" m="45577" /><E38/><V108/><F69/><W68/><G120/><T72/><D121/><U29/><E90/><V124/><F131/><W46/><G116/><T73/><D130/><U100/><E100/><V83/><F10/><W106/><G106/><T105/><D105/><U99/><E99/><V114/><F114/><W97/><G97/><T57/><D32/><N who="1" m="20535" /><E30/><V42/><F42/><W93/><G37/><T12/><D70/><U113/><E113/><V53/><F53/><W18/><G18/><T102/><D16/><U39/><E39/><V107/><F95/><W81/><G68/><T58/><D92/><U129/><E134/><V77/><F77/><W115/><G115/><T88/><D102/><U128/><E128/><V86/><F86/><N who="3" m="48423" /><G65/><T64/><D64/><U35/><E35/><N who="2" m="20871" /><F108/><W104/><G104/><T98/><D98/><U33/><E33/><V36/><F36/><W49/><G93/><T82/><D82/><U4/><E129/><V111/><F111/><W23/><G84/><T132/><D88/><U56/><E71/><V85/><F85/><W25/><G25/><T112/><D112/><U135/><E135/><V79/><F79/><W44/><G41/><T60/><D43/><U51/><E66/><V122/><F122/><W3/><G3/><T80/><D80/><U61/><E2/><V59/><F59/><W52/><G44/><T91/><D91/><U110/><E110/><V19/><F19/><W62/><G46/><T50/><D1/><U9/><E4/><V123/><F123/><W63/><G52/><T109/><D109/><U101/><E6/><RYUUKYOKU ba="0,0" sc="180,-15,341,-15,220,15,259,15" hai2="27,31,34,74,78,83,96,107,124,125" hai3="11,14,17,21,22,23,48,49,62,63" /><INIT seed="2,1,0,2,0,130" ten="165,326,235,274" oya="2" hai0="14,78,125,4,53,47,112,6,51,41,113,79,35" hai1="94,32,92,122,101,87,48,123,11,102,128,46,103" hai2="16,25,45,81,38,77,59,56,49,69,114,80,61" hai3="70,111,68,72,13,21,3,131,31,119,83,71,28"/><V96/><F114/><W86/><G119/><T17/><D125/><U15/><E32/><V64/><F38/><W99/><G3/><T109/><D35/><U110/><E110/><V124/><F124/><W75/><G111/><T85/><D109/><U5/><E128/><V98/><F59/><W91/><G131/><T37/><D113/><U33/><E33/><V73/><F69/><W12/><G99/><T52/><D112/><U76/><E122/><V43/><REACH who="2" step="1"/><F81/><REACH who="2" ten="165,326,225,274" step="2"/><W97/><G68/><T66/><D66/><U1/><E123/><V44/><F44/><W104/><G70/><T88/><D37/><U127/><E127/><V42/><F42/><W34/><G71/><T26/><D41/><N who="1" m="24655" /><E1/><V107/><F107/><W95/><G104/><T135/><D53/><U121/><E121/><V2/><F2/><W60/><G83/><AGARI ba="1,1" hai="5,11,15,76,83,87,92,94,101,102,103" m="24655" machi="83" ten="30,2000,0" yaku="25,1,8,1" doraHai="130" who="1" fromWho="3" sc="165,0,326,33,225,0,274,-23" /><INIT seed="3,0,0,2,5,57" ten="165,359,225,251" oya="3" hai0="3,105,37,117,61,17,11,77,59,29,114,54,76" hai1="20,110,52,113,79,4,39,9,35,43,28,135,94" hai2="73,31,129,60,132,14,72,101,82,65,71,103,119" hai3="97,87,63,115,116,22,56,108,41,1,78,42,91"/><W10/><G116/><T24/><D117/><U74/><E113/><V70/><F119/><W120/><G120/><T134/><D114/><U6/><E35/><V89/><F70/><W15/><G115/><T66/><D105/><U49/><E39/><V38/><F38/><W81/><G108/><T125/><D134/><U109/><E43/><V64/><F64/><N who="3" m="39015" /><G1/><T100/><D125/><U8/><E135/><V131/><F132/><W68/><G22/><T86/><D37/><U106/><E106/><V107/><F31/><W83/><G68/><T118/><D118/><U51/><E28/><V130/><F14/><W93/><G81/><T26/><D100/><N who="2" m="38474" /><F107/><W62/><G62/><T104/><D104/><U13/><E20/><V92/><F82/><W18/><AGARI ba="0,0" hai="10,15,18,41,42,78,83,87,91,93,97" m="39015" machi="18" ten="30,3000,0" yaku="8,1,52,1" doraHai="57" who="3" fromWho="3" sc="165,-10,359,-10,225,-10,251,30" /><INIT seed="3,1,0,3,4,102" ten="155,349,215,281" oya="3" hai0="20,55,57,9,104,72,1,106,97,89,0,103,41" hai1="61,107,87,79,27,25,99,112,11,54,118,30,37" hai2="117,58,26,85,120,38,131,128,90,95,93,17,98" hai3="44,110,73,47,3,78,75,6,100,134,82,40,5"/><W36/><G134/><T13/><D72/><U121/><E37/><V126/><F38/><W59/><G110/><T77/><D77/><U43/><E43/><V50/><F117/><W45/><G6/><T65/><D65/><U74/><E74/><V71/><F71/><W14/><G14/><T81/><D41/><U56/><E112/><V53/><F126/><W124/><G124/><T2/><D20/><U83/><E121/><V101/><F120/><W8/><G75/><T21/><D21/><U51/><E118/><V130/><F17/><W88/><G100/><T116/><D116/><U23/><E11/><V125/><F125/><W122/><G122/><T67/><D67/><U29/><E107/><V109/><F109/><W64/><REACH who="3" step="1"/><G88/><REACH who="3" ten="155,349,215,271" step="2"/><T80/><D89/><U28/><E99/><V115/><F115/><W34/><G34/><T69/><D69/><U94/><E23/><V18/><F131/><W135/><G135/><T70/><D70/><U113/><E113/><V60/><F130/><W39/><G39/><T12/><D12/><U111/><E111/><V63/><F128/><W62/><AGARI ba="1,1" hai="3,5,8,36,40,44,45,47,59,62,64,73,78,82" machi="62" ten="30,11700,0" yaku="1,1,0,1,25,2,53,0" doraHai="102" doraHaiUra="108" who="3" fromWho="3" sc="155,-40,349,-40,215,-40,271,130" owari="115,-38.5,309,10.9,175,-22.5,401,50.1" /></mjloggm>