<mjloggm ver="2.3"><GO type="225" lobby="0"/><UN n0="%E3%81%8C%E3%81%9F" n1="%73%6C%69%63%6B%33%31%39" n2="%E3%81%9F%E3%81%93%E2%98%86%E7%84%BC%E3%81%8D" n3="%E3%82%8C%E3%81%99%E3%81%93" dan="16,17,16,16" rate="2129.68,2200.90,2070.67,2134.37" sx="F,M,M,F"/><TAIKYOKU oya="0"/><INIT seed="0,0,0,3,4,66" ten="250,250,250,250" oya="0" hai0="71,132,108,32,78,102,4,54,112,47,107,94,70" hai1="86,82,110,59,29,31,133,83,81,130,48,22,105" hai2="90,40,12,23,80,49,109,85,21,92,98,103,120" hai3="76,9,8,131,77,46,99,95,11,122,55,35,5"/><T135/><D112/><U20/><E105/><V101/><F120/><W134/><G134/><N who="0" m="51243" /><D108/><U128/><E133/><V96/><F109/><W114/><G114/><T33/><D107/><U10/><E110/><V72/><F72/><W50/><G122/><T111/><D111/><U43/><E86/><V44/><REACH who="2" step="1"/><F12/><REACH who="2" ten="250,250,240,250" step="2"/><W1/><G131/><T13/><D78/><U60/><E130/><V91/><F91/><W104/><G77/><T0/><D13/><U74/><E74/><V68/><F68/><N who="0" m="26154" /><D0/><U124/><E128/><V19/><F19/><W65/><G55/><T125/><D4/><U24/><E124/><V41/><F41/><W118/><G76/><T38/><D125/><U115/><E43/><V73/><F73/><W67/><G5/><T126/><D126/><U84/><E115/><V116/><F116/><W14/><G1/><T87/><D38/><U6/><E6/><V27/><F27/><W64/><G14/><T52/><D102/><U25/><E24/><V62/><F62/><W61/><G61/><T106/><D106/><AGARI ba="0,1" hai="21,23,40,44,49,80,85,90,92,96,98,101,103,106" machi="106" ten="30,2000,0" yaku="1,1,7,1,53,0" doraHai="66" doraHaiUra="56" who="2" fromWho="0" sc="250,-20,250,0,240,30,250,0" /><INIT seed="1,0,0,4,0,82" ten="230,250,270,250" oya="1" hai0="44,58,4,68,72,32,64,0,27,50,110,8,91" hai1="76,52,36,33,19,6,29,57,80,14,48,63,119" hai2="108,18,132,37,31,61,134,92,41,78,121,95,115" hai3="43,34,73,46,67,105,102,12,55,59,88,3,81"/><U16/><E119/><V106/><F106/><W54/><G3/><T22/><D110/><U90/><E36/><V47/><F108/><W107/><G34/><T24/><D72/><U74/><E33/><V17/><F31/><W23/><G67/><T45/><D68/><U87/><E29/><V71/><F78/><W75/><G75/><T111/><D111/><U56/><E6/><V130/><F130/><W103/><G105/><T79/><D79/><U69/><E69/><V126/><F126/><W15/><G107/><T125/><D125/><U122/><E122/><V77/><F77/><W84/><G73/><T114/><D114/><U85/><E74/><V120/><F115/><W38/><G55/><T124/><D124/><U96/><E96/><V116/><F116/><W40/><G40/><T123/><D123/><U131/><E131/><V93/><F121/><W62/><REACH who="3" step="1"/><G12/><REACH who="3" ten="230,250,270,240" step="2"/><T104/><D104/><U101/><E14/><V60/><F120/><W66/><G66/><T35/><D35/><U49/><E101/><V1/><F1/><W113/><G113/><T10/><D32/><U13/><E13/><V20/><F71/><W135/><G135/><N who="2" m="51753" /><F20/><W65/><G65/><T89/><D64/><N who="1" m="39015" /><E48/><V118/><F118/><W11/><G11/><T98/><D10/><U51/><E49/><V109/><F109/><W21/><G21/><T128/><D128/><U42/><E42/><V25/><F41/><W39/><G39/><T83/><D22/><U70/><E70/><V28/><F37/><W117/><G117/><T129/><D129/><U127/><E127/><V9/><F9/><RYUUKYOKU ba="0,1" sc="230,-15,250,15,270,-15,240,15" hai1="16,19,51,52,57,76,80,85,87,90" hai3="15,23,38,43,46,54,59,62,81,84,88,102,103" /><INIT seed="1,1,1,5,3,70" ten="215,265,255,255" oya="1" hai0="15,19,2,85,102,77,81,39,99,134,61,83,66" hai1="126,21,106,50,28,6,37,58,90,64,92,133,67" hai2="112,56,131,73,23,45,29,57,60,22,11,97,36" hai3="55,49,34,69,20,33,93,63,41,114,110,101,121"/><U117/><E117/><V65/><F73/><W88/><G121/><T53/><D134/><U43/><E106/><V80/><F131/><W79/><G114/><T7/><D2/><U89/><E133/><V120/><F80/><W95/><G110/><T8/><D53/><U27/><E126/><V14/><F120/><W3/><G3/><T47/><D83/><U132/><E132/><V5/><F112/><W51/><G79/><T52/><D39/><U119/><E119/><V1/><F57/><W135/><G135/><T124/><D124/><U116/><E6/><V105/><F29/><W86/><G41/><T62/><D7/><U25/><E37/><V107/><F107/><W100/><G33/><T18/><D18/><U122/><E122/><V115/><F115/><W42/><G34/><T35/><D35/><U26/><E90/><V82/><F82/><W16/><G42/><T129/><D129/><U127/><E127/><V54/><F1/><W10/><G10/><T30/><D30/><U9/><E9/><V96/><F105/><W46/><G51/><T4/><D4/><U130/><E130/><V76/><F76/><W113/><G113/><T24/><D24/><N who="1" m="9323" /><E116/><V13/><F36/><W74/><G74/><T91/><D91/><U31/><E31/><V108/><F108/><W12/><REACH who="3" step="1"/><G95/><REACH who="3" ten="215,265,255,245" step="2"/><N who="0" m="58751" /><D66/><AGARI ba="1,2" hai="12,16,20,46,49,55,63,66,69,86,88,93,100,101" machi="66" ten="40,8000,1" yaku="1,1,54,2,53,1" doraHai="70" doraHaiUra="44" who="3" fromWho="0" sc="215,-83,265,0,255,0,245,103" /><INIT seed="2,0,0,3,1,133" ten="132,265,255,348" oya="2" hai0="101,135,69,91,103,15,112,47,83,52,28,125,82" hai1="95,19,129,84,3,38,131,78,6,92,98,119,120" hai2="130,114,61,77,115,72,104,29,5,58,90,45,111" hai3="88,22,32,56,96,89,118,121,24,34,109,20,8"/><V99/><F130/><W18/><G118/><T67/><D135/><U53/><E119/><V9/><F29/><W81/><G121/><T107/><D112/><U132/><E132/><V48/><F72/><W12/><G109/><T97/><D101/><U51/><E38/><V44/><F77/><W117/><G117/><T124/><D28/><U11/><E120/><V76/><F76/><W128/><G128/><N who="1" m="49226" /><E19/><V74/><F74/><W75/><G22/><T60/><D15/><U55/><E55/><V14/><F111/><W57/><G75/><T62/><D91/><U79/><E92/><V73/><F45/><W1/><G1/><T64/><D47/><N who="1" m="27903" /><E84/><V33/><F73/><W46/><G46/><T127/><REACH who="0" step="1"/><D52/><REACH who="0" ten="122,265,255,348" step="2"/><U41/><E41/><V134/><F90/><AGARI ba="0,1" hai="3,6,11,78,79,90,95,98" m="27903,49226" machi="90" ten="30,1000,0" yaku="19,1" doraHai="133" who="1" fromWho="2" sc="122,0,265,20,255,-10,348,0" /><INIT seed="3,0,0,2,0,46" ten="122,285,245,348" oya="3" hai0="59,47,50,112,15,133,4,9,101,60,95,62,123" hai1="8,125,80,89,93,13,129,63,69,117,25,70,120" hai2="65,87,3,49,1,83,51,12,20,36,66,61,18" hai3="43,78,102,110,74,132,68,118,92,104,119,45,7"/><W124/><G92/><T6/><D112/><U32/><E120/><V108/><F36/><N who="3" m="21735" /><G7/><T88/><D133/><U130/><E125/><V134/><F108/><W57/><G57/><T5/><D123/><U71/><E80/><V75/><F75/><W100/><G100/><T86/><D101/><U77/><E77/><N who="2" m="46575" /><F1/><W128/><G68/><T115/><D115/><U23/><E32/><V127/><F3/><W105/><G132/><T19/><REACH who="0" step="1"/><D59/><REACH who="0" ten="112,285,245,348" step="2"/><U107/><E71/><V41/><F127/><W17/><G102/><T109/><D109/><U58/><E69/><V96/><F134/><W2/><G110/><T121/><D121/><U16/><E70/><V131/><F131/><W24/><G128/><T0/><D0/><U34/><E130/><V98/><F41/><AGARI ba="0,1" hai="4,5,6,9,15,19,41,47,50,60,62,86,88,95" machi="41" ten="40,8000,1" yaku="1,1,8,1,52,1,54,1,53,0" doraHai="46" doraHaiUra="52" who="0" fromWho="2" sc="112,90,285,0,245,-80,348,0" owari="202,-19.8,285,8.5,165,-33.5,348,44.8" /></mjloggm>