<mjloggm ver="2.3"><GO type="225" lobby="0"/><UN n0="%E3%81%A8%E3%82%93%E3%81%A8%E3%81%93%E3%81%A8%E3%82%93" n1="%E5%8D%A0%E3%81%84%E5%B8%AB%E8%A3%8F%E3%81%AA%E3%81%84%E3%81%97" n2="%E3%83%A9%E3%83%BC%E3%83%A1%E3%83%B3%E4%BA%94%E9%83%8E" n3="%E3%82%A2%E3%83%BC%E3%83%A2%E3%83%AD%E3%83%BC%E3%83%B4%E3%82%A1" dan="16,16,16,16" rate="2103.78,2166.56,2053.32,2155.42" sx="F,M,M,M"/><TAIKYOKU oya="0"/><INIT seed="0,0,0,1,2,125" ten="250,250,250,250" oya="0" hai0="75,43,73,80,29,40,47,68,37,35,89,14,108" hai1="20,38,39,114,81,33,110,96,70,124,109,71,87" hai2="46,102,76,58,30,41,31,53,54,79,36,59,50" hai3="42,91,11,86,23,115,24,34,93,103,78,21,118"/><T128/><D68/><N who="1" m="26155" /><E124/><V9/><F102/><W100/><G115/><T26/><D108/><N who="1" m="41579" /><E114/><V10/><F10/><W85/><G118/><T7/><D43/><U90/><E33/><V63/><REACH who="2" step="1"/><F9/><REACH who="2" ten="250,250,240,250" step="2"/><W72/><G11/><T16/><D7/><U69/><E69/><V135/><F135/><W106/><G100/><T133/><D133/><U49/><E20/><V27/><F27/><W95/><G21/><T99/><D128/><U55/><E96/><V22/><F22/><W45/><G23/><T84/><D99/><U0/><E0/><V12/><F12/><W4/><G103/><T52/><D52/><U123/><E123/><V132/><F132/><W111/><G24/><T127/><D127/><U2/><E2/><V97/><F97/><W131/><G131/><T121/><D121/><U82/><E82/><V134/><F134/><W62/><G111/><T65/><D65/><U57/><AGARI ba="0,1" hai="38,39,49,55,57,81,87,90" m="41579,26155" machi="57" ten="30,1100,0" yaku="14,1" doraHai="125" who="1" fromWho="1" sc="250,-5,250,21,240,-3,250,-3" /><INIT seed="1,0,0,4,2,93" ten="245,271,237,247" oya="1" hai0="128,121,28,16,65,109,129,1,102,29,82,8,60" hai1="133,13,108,80,32,91,100,70,107,5,77,63,125" hai2="33,76,96,15,34,59,127,37,24,18,48,10,118" hai3="43,35,132,72,85,79,58,54,66,31,12,20,64"/><U113/><E113/><V17/><F118/><W21/><G72/><T78/><D102/><U26/><E125/><V105/><F37/><W124/><G124/><T7/><D109/><U114/><E91/><V101/><F127/><W94/><G43/><T39/><D39/><U49/><E114/><V99/><F76/><W30/><G35/><T61/><D121/><U116/><E133/><V88/><F59/><W92/><G132/><T40/><D40/><U97/><E116/><V73/><F73/><W50/><G79/><T104/><D104/><U98/><E49/><V89/><F48/><W19/><G94/><T62/><D65/><N who="3" m="25193" /><G21/><T134/><D134/><U69/><E63/><V25/><F89/><AGARI ba="0,0" hai="12,19,20,30,31,50,54,58,85,89,92" m="25193" machi="89" ten="30,2000,0" yaku="25,1,8,1" doraHai="93" who="3" fromWho="2" sc="245,0,271,0,237,-20,247,20" /><INIT seed="2,0,0,0,5,56" ten="245,271,217,267" oya="2" hai0="17,84,129,80,55,114,32,64,94,12,96,30,38" hai1="15,8,71,9,61,83,134,78,77,108,10,76,107" hai2="16,51,49,131,111,65,119,33,53,58,86,48,59" hai3="23,4,85,89,125,27,43,2,66,120,128,126,117"/><V42/><F119/><W13/><G117/><T104/><D114/><U81/><E107/><V44/><F33/><W91/><G120/><T18/><D104/><U75/><E108/><V72/><F72/><W115/><G2/><T63/><D38/><U105/><E105/><V95/><F111/><W46/><G66/><T112/><D112/><U21/><E134/><V118/><F118/><W47/><G128/><T60/><D129/><U133/><E133/><V45/><F131/><W31/><G91/><N who="0" m="51591" /><D32/><U29/><E75/><V26/><F49/><W14/><G47/><T124/><D124/><N who="3" m="47721" /><G4/><T122/><D122/><U7/><E7/><V103/><F65/><W99/><G99/><T113/><D113/><U35/><E35/><V79/><F103/><W70/><G70/><T121/><D121/><U116/><E71/><V93/><F79/><W69/><G69/><T109/><D109/><U3/><E3/><V102/><F102/><W39/><G115/><T74/><D74/><U87/><E116/><V73/><F73/><W50/><G39/><T28/><D64/><U135/><E135/><V92/><REACH who="2" step="1"/><F86/><REACH who="2" ten="245,271,207,267" step="2"/><W0/><G85/><T57/><D63/><U101/><E61/><V67/><F67/><W1/><G89/><N who="0" m="55375" /><D18/><N who="1" m="10463" /><E87/><V90/><F90/><W123/><G123/><T40/><D40/><U130/><E101/><V68/><F68/><W11/><G43/><T36/><D36/><U41/><E130/><V98/><F98/><W110/><G110/><T54/><D55/><U52/><E52/><V82/><F82/><N who="1" m="31241" /><E41/><V19/><F19/><W97/><G97/><T62/><D60/><RYUUKYOKU ba="0,1" sc="245,10,271,10,207,10,267,-30" hai0="12,17,28,30,54,57,62" hai1="8,9,10,29,76,77,78" hai2="16,26,42,44,45,48,51,53,58,59,92,93,95" /><INIT seed="2,1,1,2,3,87" ten="255,281,217,237" oya="2" hai0="54,15,61,114,130,16,27,111,135,93,47,78,131" hai1="7,98,104,39,117,60,124,2,64,92,0,51,85" hai2="75,22,11,82,91,20,80,96,40,71,84,63,74" hai3="41,125,99,118,46,128,42,37,21,24,123,72,90"/><V58/><F71/><W116/><G123/><T59/><D114/><U120/><E117/><V35/><F35/><W65/><G72/><T89/><D111/><U52/><E39/><V69/><F69/><W6/><G128/><T73/><D135/><U17/><E124/><V106/><F40/><W110/><G110/><T57/><D27/><U100/><E7/><V49/><F49/><W29/><G125/><T5/><D5/><U31/><E120/><V56/><F11/><W134/><G134/><T68/><D68/><U105/><E17/><V108/><F108/><W115/><G115/><T107/><D107/><U109/><E109/><V102/><F56/><W101/><G65/><T34/><D34/><U122/><E122/><V62/><F62/><W94/><G42/><T48/><D78/><U97/><E31/><V1/><F1/><W18/><G6/><T77/><D77/><U26/><E26/><V44/><F44/><W126/><G126/><T121/><D73/><U3/><E98/><V55/><REACH who="2" step="1"/><F82/><REACH who="2" ten="255,281,207,237" step="2"/><W19/><G116/><T103/><D59/><N who="1" m="36895" /><E0/><V32/><F32/><W127/><G118/><T86/><D121/><U14/><E2/><V79/><F79/><W76/><G76/><T23/><REACH who="0" step="1"/><D103/><REACH who="0" ten="245,281,207,237" step="2"/><U9/><E100/><V43/><F43/><AGARI ba="1,3" hai="15,16,23,43,47,48,54,57,61,86,89,93,130,131" machi="43" ten="40,8000,1" yaku="1,1,2,1,52,1,54,1,53,0" doraHai="87" doraHaiUra="33" who="0" fromWho="2" sc="245,113,281,0,207,-83,237,0" /><INIT seed="3,0,0,5,1,19" ten="358,281,124,237" oya="3" hai0="119,91,40,90,43,129,64,131,21,62,98,70,37" hai1="109,32,79,133,67,36,15,7,41,135,33,85,61" hai2="26,111,59,100,23,54,13,92,30,106,128,44,77" hai3="122,0,39,14,115,75,87,65,113,117,4,73,104"/><W18/><G65/><T84/><D119/><U57/><E109/><V126/><F128/><N who="0" m="49226" /><D37/><U123/><E123/><V12/><F126/><W29/><G87/><T130/><D130/><U22/><E36/><V42/><F111/><W20/><G104/><T17/><D98/><U31/><E41/><N who="0" m="15945" /><D84/><U94/><E7/><V8/><F106/><W127/><G39/><T16/><D17/><N who="1" m="10559" /><E31/><V89/><F77/><W38/><G38/><T116/><D116/><U110/><E110/><V34/><F34/><W48/><G48/><T76/><D76/><U95/><E95/><V132/><F100/><W103/><G103/><T2/><D2/><U68/><E68/><V118/><F118/><W49/><G49/><T63/><D62/><U58/><E58/><V80/><F80/><W51/><G51/><T78/><D78/><U82/><E94/><V121/><F121/><W124/><G117/><T6/><D6/><U9/><E9/><V96/><F132/><AGARI ba="0,0" hai="32,33,57,61,67,79,82,85,132,133,135" m="10559" machi="132" ten="30,2000,0" yaku="20,1,52,1" doraHai="19" who="1" fromWho="2" sc="358,0,281,20,124,-20,237,0" owari="358,45.8,301,10.1,104,-39.6,237,-16.3" /></mjloggm>