<mjloggm ver="2.3"><GO type="225" lobby="0"/><UN n0="%E3%81%99%E3%81%84%E3%81%BE%E3%81%9B%E3%83%BC%E3%82%93" n1="%E6%B8%A9%E2%98%85%E6%83%85%E2%98%85%E6%8E%AA%E2%98%85%E7%BD%AE" n2="%E5%8F%AF%E5%85%90%E9%82%A3%E7%94%B1%E5%A4%9A" n3="%E6%B0%B7%E5%B7%9D%E9%87%8C%E5%A5%88" dan="16,16,17,16" rate="2225.38,2161.99,2239.49,2141.15" sx="M,M,F,F"/><TAIKYOKU oya="0"/><INIT seed="0,0,0,2,3,49" ten="250,250,250,250" oya="0" hai0="20,98,33,8,55,110,71,48,120,7,64,0,78" hai1="76,115,135,121,54,116,103,51,17,58,102,25,60" hai2="53,34,35,133,108,129,43,88,50,75,134,57,109" hai3="65,45,92,107,112,2,77,10,96,40,38,56,68"/><T59/><D120/><U132/><E116/><V94/><F75/><W32/><G112/><T117/><D33/><U100/><E121/><V4/><F4/><W18/><G32/><N who="2" m="12329" /><F43/><W113/><G113/><T67/><D117/><U105/><E115/><V30/><F30/><W91/><G77/><T31/><D71/><U12/><E76/><V69/><F69/><W95/><G68/><T11/><D110/><N who="2" m="42602" /><F129/><W9/><G107/><T104/><D78/><U15/><E105/><V123/><F123/><W37/><G37/><T73/><D73/><U52/><E25/><V80/><F80/><W119/><G119/><T99/><D11/><U16/><E12/><V62/><F62/><W90/><G2/><T89/><D104/><U28/><E28/><V87/><AGARI ba="0,0" hai="50,53,57,87,88,94,133,134" m="42602,12329" machi="87" ten="40,5200,0" yaku="14,1,52,1,54,1" doraHai="49" who="2" fromWho="2" sc="250,-26,250,-13,250,52,250,-13" /><INIT seed="1,0,0,3,2,0" ten="224,237,302,237" oya="1" hai0="57,91,132,59,109,97,74,10,92,32,98,40,118" hai1="53,33,12,66,89,100,46,88,122,41,4,58,37" hai2="7,130,108,104,3,67,63,95,113,34,76,135,21" hai3="80,85,8,65,45,94,39,24,50,81,73,49,15"/><U27/><E122/><V19/><F34/><W125/><G125/><T70/><D118/><U82/><E66/><V55/><F104/><W48/><G65/><T26/><D109/><U71/><E71/><V35/><F35/><W54/><G24/><T38/><D74/><U128/><E128/><V79/><F108/><W110/><G110/><T1/><D132/><U20/><E100/><V77/><F135/><W62/><G39/><T121/><D70/><U86/><E33/><V133/><F133/><W119/><G119/><T17/><D121/><U124/><E124/><V111/><F111/><W52/><G62/><T11/><D98/><U87/><E12/><V107/><F107/><W31/><G31/><T103/><D103/><U102/><E102/><V72/><F130/><W96/><G73/><T126/><D126/><U2/><E2/><V106/><F106/><W84/><G96/><T117/><D117/><U83/><E4/><V22/><F72/><W131/><G131/><T51/><D38/><U127/><E127/><V25/><F113/><W56/><G50/><T115/><D115/><U16/><E58/><N who="0" m="22025" /><D1/><U60/><E53/><V90/><F55/><W29/><G29/><T44/><D32/><U47/><E46/><V28/><F67/><W23/><G23/><AGARI ba="0,0" hai="10,11,17,23,26,40,44,51,91,92,97" m="22025" machi="23" ten="30,1000,0" yaku="8,1" doraHai="0" who="0" fromWho="3" sc="224,10,237,0,302,0,237,-10" /><INIT seed="2,0,0,2,5,27" ten="234,237,302,227" oya="2" hai0="105,89,62,86,66,97,36,50,54,24,104,4,134" hai1="40,128,51,99,59,88,8,10,135,30,72,49,130" hai2="120,100,92,38,32,87,26,82,71,52,20,84,21" hai3="127,11,68,60,119,80,42,39,124,41,6,85,106"/><V113/><F113/><W31/><G119/><T53/><D36/><U98/><E72/><V7/><F120/><W14/><G106/><T102/><D134/><U116/><E116/><V126/><F38/><W95/><G95/><T110/><D110/><U132/><E59/><V75/><F71/><W121/><G121/><T19/><D4/><U22/><E40/><V93/><F126/><N who="3" m="48171" /><G39/><T12/><D24/><N who="1" m="16663" /><E8/><V15/><F75/><W67/><G31/><T35/><D35/><U133/><E10/><N who="2" m="4575" /><F32/><W37/><G37/><T131/><D105/><U123/><E123/><V55/><F87/><W17/><G6/><T115/><D115/><U48/><E88/><AGARI ba="0,0" hai="11,14,17,41,42,60,67,68,80,85,88" m="48171" machi="88" ten="30,2000,0" yaku="18,1,54,1" doraHai="27" who="3" fromWho="1" sc="234,0,237,-20,302,0,227,20" /><INIT seed="3,0,0,4,0,126" ten="234,217,302,247" oya="3" hai0="117,43,8,39,28,55,16,50,73,104,101,47,69" hai1="36,41,74,26,119,114,68,31,77,49,57,59,5" hai2="1,9,92,56,38,110,46,70,116,113,112,25,127" hai3="3,0,94,123,106,2,34,19,86,85,120,96,121"/><W71/><G71/><T17/><D117/><U100/><E114/><V72/><F116/><W65/><G65/><T122/><D122/><U79/><E119/><V134/><F110/><W64/><G64/><T15/><D73/><U99/><E68/><V24/><F127/><W90/><G34/><T30/><D69/><U115/><E115/><V128/><F70/><W82/><G106/><T102/><D17/><U132/><E36/><V4/><F134/><W95/><G19/><T35/><D35/><U29/><E5/><V103/><F72/><W51/><G51/><T125/><D125/><U7/><E7/><V81/><F81/><W80/><REACH who="3" step="1"/><G96/><REACH who="3" ten="234,217,302,237" step="2"/><T78/><D104/><U75/><E132/><V20/><F112/><W14/><G14/><T108/><D108/><U87/><E49/><V18/><F113/><W67/><G67/><T54/><D39/><U42/><E26/><V107/><F107/><W131/><G131/><T118/><D118/><U61/><E99/><N who="2" m="59879" /><F128/><W60/><G60/><T98/><D98/><U66/><E66/><V6/><F25/><W135/><G135/><T53/><D78/><AGARI ba="0,1" hai="0,2,3,78,80,82,85,86,90,94,95,120,121,123" machi="78" ten="50,9600,0" yaku="1,1,53,2" doraHai="126" doraHaiUra="88" who="3" fromWho="0" sc="234,-96,217,0,302,0,237,106" owari="138,-36.2,217,-18.3,302,10.2,343,44.3" /></mjloggm>