<mjloggm ver="2.3"><GO type="225" lobby="0"/><UN n0="%E3%81%82%E3%83%BC%E3%81%97" n1="%6D%75%75%6D%75%72%61" n2="%47%32%E9%BE%8D%E9%96%80" n3="%4D%50%43%32%38%30%30" dan="16,17,16,16" rate="2091.25,2184.54,2096.72,2140.17" sx="M,F,M,M"/><TAIKYOKU oya="0"/><INIT seed="0,0,0,2,1,71" ten="250,250,250,250" oya="0" hai0="108,81,94,130,93,85,31,133,30,115,50,37,24" hai1="107,104,134,38,73,129,11,47,2,12,26,116,43" hai2="33,119,49,131,132,88,67,98,92,61,28,5,32" hai3="79,80,13,102,113,135,86,76,34,70,20,66,123"/><T7/><D115/><U62/><E116/><V52/><F119/><W53/><G34/><T75/><D133/><U15/><E134/><V77/><F132/><W16/><G135/><T120/><D120/><U89/><E129/><V40/><F131/><W118/><G118/><T110/><D130/><U121/><E121/><V45/><F77/><W74/><G123/><T57/><D75/><U122/><E2/><V17/><F5/><W51/><G113/><T100/><D7/><U99/><E122/><V8/><F28/><W63/><G102/><T103/><D31/><U95/><E73/><V83/><F83/><W42/><G74/><T23/><D37/><U3/><E3/><V10/><F40/><W54/><G76/><T4/><D4/><U19/><E15/><V18/><F33/><W126/><REACH who="3" step="1"/><G126/><REACH who="3" ten="250,250,250,240" step="2"/><T6/><D103/><U65/><REACH who="1" step="1"/><E26/><REACH who="1" ten="250,240,250,240" step="2"/><V48/><F32/><W124/><G124/><T69/><D100/><U39/><E39/><V72/><F72/><W101/><G101/><T27/><D24/><U125/><E125/><V111/><F111/><W117/><G117/><T112/><D112/><U56/><AGARI ba="0,2" hai="11,12,19,38,43,47,56,62,65,89,95,99,104,107" machi="56" ten="20,5200,0" yaku="1,1,0,1,7,1,52,1,53,0" doraHai="71" doraHaiUra="78" who="1" fromWho="1" sc="250,-26,240,72,250,-13,240,-13" /><INIT seed="1,0,0,1,2,131" ten="224,312,237,227" oya="1" hai0="52,79,123,28,115,0,64,63,121,44,29,42,114" hai1="113,112,61,71,127,106,88,98,93,3,119,8,129" hai2="24,10,33,67,94,101,85,13,30,80,1,17,118" hai3="74,83,110,132,31,26,23,81,109,14,68,41,104"/><U96/><E119/><V39/><F39/><W100/><G68/><T5/><D79/><U54/><E129/><V99/><F118/><W107/><G41/><T76/><D76/><U22/><E127/><V55/><F67/><W32/><G74/><T45/><D5/><U2/><E22/><V58/><F1/><W59/><G132/><T116/><D0/><U19/><E3/><V37/><F37/><W38/><G38/><N who="0" m="21591" /><D28/><U122/><E122/><N who="0" m="46601" /><D29/><U69/><E69/><V92/><F99/><N who="3" m="61471" /><G107/><T70/><D116/><U36/><E36/><V50/><REACH who="2" step="1"/><F101/><REACH who="2" ten="224,312,227,227" step="2"/><W56/><G110/><T9/><D9/><U57/><E2/><V12/><F12/><W53/><G14/><T62/><D62/><U73/><E98/><V75/><F75/><W90/><G109/><T18/><D18/><U43/><E73/><V4/><F4/><W34/><G31/><T97/><D97/><U72/><E19/><V78/><AGARI ba="0,1" hai="10,13,17,24,30,33,50,55,58,78,80,85,92,94" machi="78" ten="20,2700,0" yaku="1,1,0,1,7,1,53,0" doraHai="131" doraHaiUra="35" who="2" fromWho="2" sc="224,-7,312,-13,227,37,227,-7" /><INIT seed="2,0,0,2,3,130" ten="217,299,264,220" oya="2" hai0="87,128,57,121,47,118,49,42,116,122,109,90,98" hai1="30,9,26,110,102,67,131,51,88,23,91,46,133" hai2="96,53,14,114,74,81,113,123,8,97,59,69,127" hai3="72,120,56,92,61,50,111,27,12,37,43,84,108"/><V78/><F123/><N who="0" m="47114" /><D98/><U65/><E131/><V70/><F127/><W5/><G120/><T126/><D90/><U66/><E110/><N who="3" m="42026" /><G72/><T135/><D87/><U10/><E133/><V54/><F97/><W25/><G37/><N who="0" m="21967" /><D128/><U22/><E22/><V38/><F96/><W6/><G43/><T39/><D126/><U24/><E24/><N who="3" m="9290" /><G50/><T48/><D109/><U112/><E102/><V83/><F38/><W117/><G117/><N who="0" m="45163" /><D39/><U17/><E112/><V129/><F129/><W73/><G73/><T16/><D135/><U104/><E104/><V68/><F83/><W7/><G84/><T35/><D35/><U77/><E77/><V4/><REACH who="2" step="1"/><F53/><REACH who="2" ten="217,299,254,220" step="2"/><N who="3" m="33935" /><G92/><T58/><D16/><U86/><E17/><V18/><F18/><W103/><G103/><T80/><D80/><N who="1" m="49223" /><E91/><V75/><F75/><W3/><G3/><T1/><D1/><U20/><E20/><V95/><F95/><W15/><AGARI ba="0,1" hai="5,6,7,12,15" m="33935,9290,42026" machi="15" ten="40,1500,0" yaku="14,1" doraHai="130" who="3" fromWho="3" sc="217,-4,299,-4,254,-7,220,25" /><INIT seed="3,0,0,0,5,7" ten="213,295,247,245" oya="3" hai0="53,59,107,77,4,44,51,93,31,80,38,84,74" hai1="29,43,125,56,119,87,124,116,91,69,8,15,24" hai2="78,17,65,98,58,57,11,0,66,33,19,41,25" hai3="2,71,90,73,12,88,37,133,126,55,61,110,129"/><W131/><G2/><T40/><D107/><U83/><E69/><V81/><F41/><W46/><G73/><T122/><D122/><U79/><E43/><V132/><F132/><W39/><G133/><T54/><D31/><U60/><E79/><V96/><F33/><W123/><G123/><T50/><D4/><N who="1" m="3463" /><E56/><V16/><F25/><W26/><G26/><T23/><D23/><N who="1" m="15519" /><E60/><V76/><F0/><W101/><G101/><T111/><D111/><U113/><E113/><V10/><F19/><W114/><G114/><T13/><D13/><U82/><E82/><AGARI ba="0,0" hai="10,11,16,17,57,58,65,66,76,78,81,82,96,98" machi="82" ten="25,12000,2" yaku="22,2,8,1,52,2,54,1" doraHai="7" who="2" fromWho="1" sc="213,0,295,-120,247,120,245,0" owari="213,-18.7,175,-32.5,367,46.7,245,4.5" /></mjloggm>