<mjloggm ver="2.3"><GO type="225" lobby="0"/><UN n0="%E5%AE%AE%E4%BF%9D%E9%B6%8F%E8%82%89" n1="%73%75%7A%75%6D%65%33" n2="%E8%81%B7%E6%A5%AD%E3%80%81%E9%A2%A8%32" n3="%E9%89%A2%E5%B7%BB%E3%82%AC%E3%83%96" dan="16,17,16,16" rate="2135.60,2202.93,2148.59,2094.81" sx="M,M,M,M"/><TAIKYOKU oya="0"/><INIT seed="0,0,0,4,5,2" ten="250,250,250,250" oya="0" hai0="40,5,33,90,94,37,46,26,98,28,88,76,51" hai1="130,11,129,96,69,113,89,102,73,112,53,58,124" hai2="131,91,47,67,116,21,117,68,83,30,101,106,122" hai3="1,0,71,45,115,79,60,48,93,99,70,17,74"/><T127/><D127/><U20/><E124/><V114/><F114/><N who="1" m="44137" /><E69/><V110/><F110/><W72/><G17/><T16/><D76/><U103/><E20/><V132/><F122/><W126/><G93/><T34/><D34/><U41/><E41/><V7/><F47/><W107/><G45/><T56/><D5/><U92/><E11/><V29/><F67/><W134/><G48/><T49/><D56/><U121/><E121/><V81/><F7/><W64/><G126/><T78/><D78/><U13/><E13/><V10/><F10/><W22/><G22/><T66/><D66/><U9/><E9/><V4/><F4/><W82/><G115/><T123/><D123/><U87/><E73/><V62/><F21/><W14/><G14/><T57/><D57/><U23/><E23/><V85/><F68/><W97/><G70/><T119/><D119/><U52/><E103/><V77/><F101/><N who="3" m="62895" /><G72/><T38/><D16/><U19/><E19/><V24/><F117/><W100/><G134/><T3/><D3/><U8/><E8/><V128/><F132/><W32/><G32/><T35/><D35/><U111/><E111/><V95/><F116/><W54/><G0/><T25/><D25/><U59/><E59/><V118/><F24/><W80/><G1/><T39/><REACH who="0" step="1"/><D49/><REACH who="0" ten="240,250,250,250" step="2"/><N who="1" m="30991" /><E53/><V105/><F118/><W61/><G54/><T15/><D15/><U63/><E63/><V31/><F62/><W84/><G60/><T65/><D65/><U133/><E133/><V6/><F6/><W50/><G61/><T125/><D125/><U36/><E36/><V43/><F31/><RYUUKYOKU ba="0,1" sc="240,15,250,15,250,-15,250,-15" hai0="26,28,33,37,38,39,40,46,51,88,90,94,98" hai1="87,89,92,96,102,129,130" /><INIT seed="0,1,1,3,2,0" ten="255,265,235,235" oya="0" hai0="25,123,97,72,130,26,83,24,131,48,134,23,81" hai1="14,34,38,30,126,13,96,89,125,84,133,29,19" hai2="21,127,50,85,110,43,112,10,118,77,42,61,28" hai3="124,132,33,102,113,65,129,94,9,68,3,22,54"/><T32/><D123/><U8/><E38/><V40/><F110/><W122/><G22/><T53/><D134/><U73/><E73/><V98/><F112/><W31/><G54/><T128/><D32/><U90/><E133/><V59/><F127/><N who="1" m="48649" /><E34/><V99/><F118/><W57/><G57/><T35/><D35/><U86/><E96/><V69/><F69/><W17/><G17/><T47/><D72/><U70/><E70/><V64/><F50/><W114/><G94/><T115/><D115/><U20/><E86/><V91/><F77/><W37/><G9/><T39/><D39/><U105/><E105/><V51/><F51/><W67/><G31/><N who="1" m="11786" /><E84/><V41/><F10/><W103/><G37/><T100/><REACH who="0" step="1"/><D23/><REACH who="0" ten="245,265,235,235" step="2"/><U63/><E63/><V75/><F75/><W60/><G33/><T120/><D120/><U56/><E56/><V46/><F28/><W27/><G122/><T74/><D74/><U16/><AGARI ba="1,2" hai="8,13,14,16,19,20,89,90" m="11786,48649" machi="16" ten="30,2000,0" yaku="18,1,54,1" doraHai="0" who="1" fromWho="1" sc="245,-11,265,43,235,-6,235,-6" /><INIT seed="1,0,0,5,5,55" ten="234,308,229,229" oya="1" hai0="32,61,59,11,121,94,84,41,5,17,120,54,79" hai1="31,71,25,29,16,76,38,52,75,19,63,87,72" hai2="73,43,33,70,34,131,12,68,124,95,78,24,107" hai3="69,22,113,57,122,8,7,42,45,91,74,60,46"/><U39/><E87/><V90/><F107/><W115/><G122/><N who="0" m="47211" /><D32/><U81/><E72/><V58/><F124/><W118/><G118/><T111/><D111/><U98/><E98/><V85/><F131/><W51/><G74/><T125/><D125/><U30/><E71/><V108/><F108/><W49/><G69/><T101/><D41/><U21/><REACH who="1" step="1"/><E19/><REACH who="1" ten="234,298,229,229" step="2"/><V67/><F73/><W128/><G113/><T127/><D127/><U20/><E20/><V53/><F68/><W93/><G22/><T110/><D110/><U64/><E64/><V117/><F67/><W102/><G115/><T134/><D17/><U50/><E50/><V89/><F70/><W0/><G128/><T44/><D134/><U6/><E6/><V96/><F34/><W4/><G4/><T23/><D23/><U103/><E103/><V1/><F33/><W106/><G102/><T126/><D126/><U100/><E100/><V37/><F85/><W10/><G106/><T114/><D114/><U65/><E65/><V66/><F66/><N who="3" m="39183" /><G7/><T2/><D101/><U104/><E104/><V109/><F109/><W26/><G49/><N who="0" m="28967" /><D94/><U86/><E86/><V133/><F95/><W9/><G93/><T97/><D97/><U14/><E14/><V36/><F12/><W116/><G51/><T15/><D15/><U3/><E3/><V123/><F1/><W88/><G0/><T135/><D135/><U48/><E48/><V47/><F133/><W105/><G105/><T56/><D61/><U18/><E18/><V35/><F123/><W80/><G116/><T13/><D2/><U112/><E112/><RYUUKYOKU ba="0,1" sc="234,15,298,15,229,-15,229,-15" hai0="5,11,13,56,59,79,84" hai1="16,21,25,29,30,31,38,39,52,63,75,76,81" /><INIT seed="1,1,1,4,1,26" ten="249,313,214,214" oya="1" hai0="93,63,1,86,130,98,36,81,72,89,117,129,95" hai1="73,19,40,77,97,4,122,44,57,83,96,42,59" hai2="66,31,18,92,17,105,35,28,82,127,124,85,100" hai3="21,12,131,90,99,118,111,37,33,91,87,68,30"/><U58/><E122/><V13/><F105/><W15/><G37/><T109/><D1/><U132/><E132/><V25/><F66/><W115/><G68/><T84/><D36/><U43/><E4/><V27/><F92/><N who="3" m="56735" /><G33/><T74/><D63/><U106/><E106/><V50/><F100/><W69/><G69/><T41/><D41/><U0/><E0/><V67/><F67/><W24/><G115/><T56/><D56/><U119/><E119/><V113/><F50/><W71/><G71/><T6/><D6/><U120/><E120/><V107/><F107/><W114/><G114/><T11/><D11/><U75/><E44/><V29/><F113/><W2/><G2/><T80/><D117/><U135/><E135/><V60/><F60/><W53/><G118/><T49/><D49/><U23/><REACH who="1" step="1"/><E75/><REACH who="1" ten="249,303,214,214" step="2"/><V52/><F124/><W3/><G3/><T110/><D98/><U126/><E126/><V48/><F127/><W88/><G131/><N who="0" m="50187" /><D72/><U101/><E101/><V79/><F35/><W46/><G111/><N who="0" m="42507" /><D74/><U121/><E121/><V61/><F61/><W76/><G76/><AGARI ba="1,2" hai="76,80,81,84,86,89,93,95" m="42507,50187" machi="76" ten="30,7700,0" yaku="19,1,14,1,34,2" doraHai="26" who="0" fromWho="3" sc="249,100,303,0,214,0,214,-80" /><INIT seed="2,0,0,4,0,113" ten="349,303,214,134" oya="2" hai0="21,63,50,102,84,131,98,16,87,6,100,71,57" hai1="67,78,44,85,114,2,55,128,66,133,43,110,60" hai2="27,17,116,29,72,13,54,82,8,45,28,74,130" hai3="111,80,48,9,123,120,86,30,20,70,37,40,122"/><V117/><F130/><W90/><G70/><T19/><D131/><U65/><E128/><V79/><F74/><W51/><G111/><T112/><D112/><U12/><E2/><V81/><F82/><W135/><G135/><T0/><D71/><U101/><E133/><V127/><F127/><W106/><G106/><T18/><D0/><U58/><E110/><V121/><F121/><W26/><REACH who="3" step="1"/><G9/><REACH who="3" ten="349,303,214,124" step="2"/><T53/><D6/><U125/><E125/><V38/><F38/><W32/><G32/><T69/><D69/><U47/><E114/><V76/><F8/><W108/><G108/><T34/><D34/><U1/><E1/><V83/><F116/><W73/><G73/><T62/><D21/><U25/><E43/><V64/><F117/><W92/><G92/><N who="0" m="58439" /><D102/><U3/><E101/><V104/><F72/><W35/><G35/><T68/><D68/><U33/><E3/><V107/><F104/><W22/><G22/><T93/><D93/><U91/><E33/><V103/><F107/><W24/><G24/><T61/><AGARI ba="0,1" hai="16,18,19,50,53,57,61,62,63,84,87" m="58439" machi="61" ten="30,2000,0" yaku="8,1,54,1" doraHai="113" who="0" fromWho="0" sc="349,30,303,-5,214,-10,124,-5" /><INIT seed="3,0,0,2,0,71" ten="379,298,204,119" oya="3" hai0="77,0,34,83,85,31,45,54,101,107,68,27,125" hai1="124,42,20,108,88,102,50,12,133,57,24,90,135" hai2="117,1,61,10,89,39,119,63,16,43,13,96,17" hai3="86,123,97,38,29,55,118,93,15,18,40,23,76"/><W115/><G115/><T94/><D68/><U112/><E112/><V6/><F39/><W131/><G118/><T5/><D125/><U37/><E124/><V132/><F43/><W25/><G123/><T58/><D107/><U48/><E108/><V70/><F17/><W111/><G131/><T127/><D127/><U95/><E12/><V110/><F110/><W74/><G111/><T30/><D30/><U106/><E106/><V79/><F79/><W114/><G114/><T113/><D113/><U65/><E65/><V22/><F132/><N who="1" m="50761" /><E102/><V59/><F63/><W9/><G55/><T67/><D45/><N who="1" m="23759" /><E57/><V87/><F96/><W19/><G74/><T75/><D67/><U82/><E82/><V7/><F70/><W105/><G105/><T66/><D66/><U130/><E130/><V3/><F7/><W73/><G73/><T80/><D5/><U116/><E116/><V26/><F117/><W56/><G56/><T49/><D0/><U121/><E121/><V11/><F11/><W35/><G40/><T47/><D101/><U98/><E90/><V122/><F122/><W129/><G38/><T32/><D94/><U81/><E81/><V92/><F119/><W84/><G129/><T14/><D14/><U100/><E100/><V62/><F62/><W28/><G76/><N who="0" m="46215" /><D58/><U51/><E50/><V91/><F91/><N who="3" m="55487" /><G35/><T46/><D32/><U53/><E53/><AGARI ba="0,0" hai="1,3,6,10,13,16,22,26,53,59,61,87,89,92" machi="53" ten="30,2000,0" yaku="7,1,54,1" doraHai="71" who="2" fromWho="1" sc="379,0,298,-20,204,20,119,0" owari="379,47.9,278,7.8,224,-17.6,119,-38.1" /></mjloggm>