<mjloggm ver="2.3"><GO type="225" lobby="0"/><UN n0="%74%2E%6F%2E%6F%2E%73" n1="%72%65%6E%6B%75%6E" n2="%E5%8D%8D%E6%B1%A0%E8%A2%8B%E6%9C%80%E5%BC%B7%E5%8D%8D" n3="%E6%97%A5%E6%9B%9C%E6%97%A5%E3%82%88%E3%82%8A%E3%81%AE%E4%BD%BF%E8%80%85" dan="18,17,16,16" rate="2152.52,2281.93,2152.99,2178.22" sx="M,M,M,M"/><TAIKYOKU oya="0"/><INIT seed="0,0,0,2,1,44" ten="250,250,250,250" oya="0" hai0="33,87,28,73,105,1,40,22,130,11,91,115,19" hai1="64,56,127,45,39,76,121,50,54,68,132,26,94" hai2="108,107,0,41,93,125,109,16,106,61,111,71,72" hai3="129,117,59,52,4,14,104,70,98,92,135,124,116"/><T46/><D115/><U122/><E76/><V60/><F72/><W7/><G70/><T18/><D73/><U30/><E132/><V47/><F125/><W31/><G104/><N who="2" m="39977" /><F71/><W62/><G135/><T69/><D105/><U25/><E127/><V58/><F0/><W128/><G31/><T6/><D69/><U103/><E103/><V17/><F93/><W38/><G38/><T86/><D130/><N who="3" m="50281" /><G124/><T27/><D91/><U102/><E102/><V3/><F3/><W118/><G14/><T112/><D112/><U35/><E26/><V80/><F80/><W75/><G75/><T63/><D63/><N who="2" m="24138" /><F58/><W90/><AGARI ba="0,0" hai="4,7,52,59,62,90,92,98,116,117,118" m="50281" machi="90" ten="40,2700,0" yaku="19,1,54,1" doraHai="44" who="3" fromWho="3" sc="250,-13,250,-7,250,-7,250,27" /><INIT seed="1,0,0,4,5,0" ten="237,243,243,277" oya="1" hai0="75,100,135,12,79,46,114,34,85,58,55,21,76" hai1="59,26,121,73,67,98,77,90,122,54,39,83,128" hai2="38,102,71,69,18,50,111,37,126,44,74,101,57" hai3="84,129,91,116,33,94,105,118,78,53,81,97,15"/><U51/><E128/><V63/><F74/><N who="3" m="43223" /><G33/><T72/><D34/><U127/><E127/><V16/><F126/><W60/><G15/><T24/><D114/><U89/><E39/><V120/><F120/><W43/><G43/><T113/><D113/><U9/><E67/><V95/><F95/><N who="3" m="54759" /><G60/><T68/><D68/><U29/><E9/><V30/><F30/><W22/><G22/><T124/><D46/><U20/><REACH who="1" step="1"/><E98/><REACH who="1" ten="237,233,243,277" step="2"/><V42/><F38/><W62/><G129/><T108/><D124/><U14/><E14/><V52/><F37/><W5/><G97/><T99/><D12/><U2/><E2/><V82/><F102/><W119/><G119/><T23/><D100/><U110/><E110/><V19/><F101/><W80/><G118/><T1/><D99/><U134/><E134/><V112/><F111/><W31/><G116/><T106/><D1/><U125/><E125/><V48/><F112/><W117/><G117/><T10/><D10/><U92/><E92/><V41/><F82/><W25/><G94/><T66/><D135/><U132/><E132/><V93/><F93/><W103/><G80/><T87/><D66/><U130/><E130/><V11/><F11/><W49/><G103/><T131/><D131/><U104/><E104/><V107/><F107/><W115/><G105/><T61/><D108/><U133/><E133/><V70/><F69/><W56/><G115/><T47/><D106/><U7/><E7/><V86/><F86/><W45/><G5/><T3/><D3/><U6/><E6/><V35/><F71/><W96/><G96/><T109/><D109/><RYUUKYOKU ba="0,1" sc="237,-10,233,30,243,-10,277,-10" hai1="20,26,29,51,54,59,73,77,83,89,90,121,122" /><INIT seed="1,1,1,4,1,108" ten="227,263,233,267" oya="1" hai0="105,32,71,130,15,0,133,116,5,121,81,115,33" hai1="1,114,90,92,101,22,26,93,110,27,54,6,10" hai2="82,123,131,94,74,18,7,86,25,39,36,65,72" hai3="113,29,45,104,66,31,68,53,51,135,20,48,91"/><U122/><E114/><V100/><F123/><W134/><G104/><T112/><RYUUKYOKU type="yao9" ba="1,1" sc="227,0,263,0,233,0,267,0" hai0="0,5,15,32,33,71,81,105,112,115,116,121,130,133" /><INIT seed="1,2,1,2,2,50" ten="227,263,233,267" oya="1" hai0="68,69,20,17,59,121,23,22,14,10,133,128,3" hai1="36,108,104,82,75,32,95,19,52,37,127,92,46" hai2="125,93,8,71,5,26,15,12,110,9,38,123,11" hai3="132,61,0,51,79,4,135,131,1,18,106,64,107"/><U58/><E104/><N who="3" m="39978" /><G4/><T77/><D3/><U65/><E32/><V41/><F71/><N who="3" m="42383" /><G18/><T62/><D128/><U72/><E65/><V45/><F123/><W90/><G90/><T91/><D133/><N who="3" m="51273" /><G131/><T28/><D121/><U112/><E112/><V105/><F105/><W76/><G51/><T80/><D91/><U113/><E113/><V111/><F125/><W119/><G119/><T129/><D28/><U47/><E127/><V109/><F5/><W134/><N who="3" m="51281" /><W60/><DORA hai="21" /><G60/><T24/><D129/><U96/><E19/><V88/><REACH who="2" step="1"/><F26/><REACH who="2" ten="227,263,223,267" step="2"/><W31/><G31/><T54/><REACH who="0" step="1"/><D24/><REACH who="0" ten="217,263,223,267" step="2"/><U115/><E115/><V89/><F89/><W6/><G6/><T57/><D57/><U44/><E58/><V114/><F114/><W81/><G79/><T102/><D102/><U126/><E126/><V66/><F66/><W117/><G117/><T70/><D70/><U67/><E67/><V103/><F103/><W13/><G13/><T30/><D30/><U74/><E46/><V86/><AGARI ba="2,3" hai="8,9,11,12,15,38,41,45,86,88,93,109,110,111" machi="86" ten="40,12000,2" yaku="1,1,0,1,14,1,54,1,53,2" doraHai="50,21" doraHaiUra="87,42" who="2" fromWho="2" sc="217,-32,263,-62,223,156,267,-32" /><INIT seed="2,0,0,5,3,1" ten="185,201,379,235" oya="2" hai0="102,26,79,119,31,103,124,68,74,125,75,61,86" hai1="111,93,107,23,37,135,114,115,29,13,87,120,46" hai2="33,90,39,121,104,96,65,85,98,118,56,14,11" hai3="109,9,44,73,72,47,16,113,45,76,97,32,57"/><V123/><F39/><W48/><G32/><T94/><D68/><U7/><E107/><V27/><F118/><W15/><G109/><T69/><D69/><U112/><E46/><V101/><F98/><W126/><G126/><N who="0" m="48747" /><D61/><U59/><E59/><V80/><F65/><W52/><G113/><T100/><D26/><N who="1" m="16607" /><E37/><V82/><F56/><W8/><G76/><T41/><D31/><U67/><E87/><V132/><F132/><W36/><G36/><T88/><D41/><U49/><E49/><V30/><F80/><W40/><G40/><T92/><D119/><U71/><E93/><N who="0" m="35945" /><D79/><U84/><E84/><V4/><AGARI ba="0,0" hai="4,11,14,27,30,33,82,85,90,96,101,104,121,123" machi="4" ten="20,3900,0" yaku="0,1,7,1,52,1" doraHai="1" who="2" fromWho="2" sc="185,-13,201,-13,379,39,235,-13" /><INIT seed="2,1,0,4,0,98" ten="172,188,418,222" oya="2" hai0="9,103,121,79,80,124,116,127,81,67,113,22,4" hai1="13,49,53,24,70,125,86,18,134,45,1,2,54" hai2="47,107,29,91,50,0,37,102,48,26,88,73,85" hai3="101,61,6,95,55,105,10,123,35,77,114,119,20"/><V52/><F0/><W3/><G119/><T27/><D121/><U63/><E134/><V57/><F73/><W32/><G123/><T131/><D113/><U12/><E125/><N who="0" m="48201" /><D131/><U93/><E24/><V30/><F37/><W130/><G105/><T42/><D67/><U89/><E13/><V84/><F102/><W97/><G130/><T94/><D42/><U126/><E126/><V111/><F107/><W11/><G114/><T71/><D71/><U60/><E70/><V21/><F30/><W59/><G77/><T99/><D116/><U51/><E1/><V14/><F14/><W65/><G11/><T33/><D33/><U56/><REACH who="1" step="1"/><E2/><REACH who="1" ten="172,178,418,222" step="2"/><V7/><F26/><W19/><G65/><T25/><D25/><AGARI ba="1,1" hai="3,6,10,19,20,25,32,35,55,59,61,95,97,101" machi="25" ten="30,2000,0" yaku="7,1,52,1" doraHai="98" who="3" fromWho="0" sc="172,-23,178,0,418,0,222,33" /><INIT seed="3,0,0,1,4,116" ten="149,178,418,255" oya="3" hai0="43,134,108,80,88,18,135,19,104,87,1,41,6" hai1="36,51,57,14,79,37,55,50,86,63,73,78,117" hai2="105,91,102,92,99,21,49,44,56,71,59,9,23" hai3="62,25,131,67,118,112,111,93,7,83,85,66,97"/><W101/><G118/><T122/><D104/><U72/><E117/><V69/><F69/><W15/><G112/><T128/><D6/><U33/><E33/><V121/><F71/><W60/><G131/><T24/><D1/><U28/><E28/><V125/><F125/><W31/><G111/><T10/><D128/><U16/><E36/><V45/><F45/><W103/><G103/><T52/><D108/><U32/><E32/><V106/><F106/><W34/><G62/><T17/><D10/><N who="1" m="6231" /><E37/><V119/><F9/><W110/><G110/><T68/><D24/><U77/><E73/><V39/><F39/><W42/><G42/><T26/><D26/><U109/><E72/><V3/><F3/><W35/><G15/><T38/><D68/><U4/><E4/><V107/><F102/><W64/><G7/><T120/><D52/><N who="1" m="34215" /><E109/><V0/><F23/><W53/><G53/><T123/><D38/><U127/><E127/><V27/><F27/><W132/><G35/><T84/><D84/><U58/><E86/><V98/><F44/><W48/><G34/><T115/><D115/><U12/><E12/><V76/><F99/><W20/><G31/><T40/><AGARI ba="0,0" hai="17,18,19,40,41,43,80,87,88,120,122,123,134,135" machi="40" ten="40,12000,2" yaku="0,1,29,2,52,3,54,1" doraHai="116" who="0" fromWho="0" sc="149,120,178,-30,418,-30,255,-60" owari="269,6.9,148,-35.2,388,48.8,195,-20.5" /></mjloggm>