<mjloggm ver="2.3"><GO type="225" lobby="0"/><UN n0="%E3%81%8B%E3%82%8F%E3%81%A1%E3%82%83%E3%82%93%35%38" n1="%72%69%6F%75%63%68%61%6E" n2="%E3%82%B7%E3%83%B3%E5%A4%AA%E6%9C%97" n3="%E6%A0%B9%E5%85%83%E3%81%8B%E3%82%89%E5%90%B9%E3%81%A3%E9%A3%9B%E3%81%B6" dan="16,16,16,16" rate="2104.92,2153.85,2143.50,2175.35" sx="M,M,M,F"/><TAIKYOKU oya="0"/><INIT seed="0,0,0,5,2,40" ten="250,250,250,250" oya="0" hai0="28,33,4,115,125,119,22,74,120,5,49,51,3" hai1="118,101,65,98,117,63,122,79,66,127,34,14,0" hai2="83,103,113,58,31,16,97,128,135,61,95,87,121" hai3="90,6,67,21,47,78,131,43,129,130,45,99,91"/><T71/><D74/><U64/><E122/><V110/><F110/><W39/><G78/><T82/><D71/><U38/><E0/><V104/><F135/><W60/><G6/><N who="0" m="2667" /><D82/><U2/><E2/><V13/><F128/><W15/><G99/><T133/><D49/><U88/><E34/><V102/><F121/><W59/><REACH who="3" step="1"/><G47/><REACH who="3" ten="250,250,250,240" step="2"/><T134/><D120/><U11/><E79/><V89/><F113/><W109/><G109/><T112/><D115/><U27/><E98/><V100/><F104/><W54/><G54/><T46/><D112/><U30/><E118/><V35/><F35/><W75/><G75/><T10/><D119/><U41/><E117/><V77/><F77/><W8/><G8/><T32/><D10/><U92/><E11/><N who="2" m="6207" /><F31/><W111/><G111/><T84/><D3/><U29/><E30/><V72/><F72/><W107/><G107/><T7/><D7/><U96/><E29/><V48/><F48/><W93/><G93/><T42/><D32/><U52/><E92/><V69/><F69/><W123/><G123/><T80/><D33/><U25/><E38/><V105/><F105/><W12/><G12/><T20/><D28/><U86/><E14/><V53/><AGARI ba="0,1" hai="53,58,61,83,87,89,95,97,100,102,103" m="6207" machi="53" ten="30,2000,0" yaku="8,1,54,1" doraHai="40" who="2" fromWho="2" sc="250,-10,250,-5,250,30,240,-5" /><INIT seed="1,0,0,4,5,91" ten="240,245,280,235" oya="1" hai0="78,87,63,70,124,122,77,56,6,130,28,101,60" hai1="120,71,119,2,41,20,42,108,121,25,98,81,84" hai2="106,116,127,19,69,45,49,50,58,93,110,61,59" hai3="99,4,104,133,125,118,62,16,9,30,95,115,113"/><U17/><E119/><V73/><F106/><W86/><G125/><T10/><D70/><U105/><E2/><V57/><F73/><W48/><G133/><T43/><D43/><U3/><E3/><V54/><F116/><W117/><G30/><T24/><D101/><U40/><E71/><V52/><F127/><W38/><G38/><T44/><D44/><U35/><E35/><V100/><F110/><W55/><G62/><T90/><D63/><U47/><E108/><V34/><F34/><W27/><G104/><T129/><D124/><U102/><REACH who="1" step="1"/><E47/><REACH who="1" ten="240,235,280,235" step="2"/><V111/><F111/><W131/><G118/><T36/><D130/><U128/><E128/><V79/><F69/><W13/><G131/><T32/><D129/><U75/><E75/><V66/><F45/><N who="3" m="28047" /><G117/><T96/><D32/><U51/><E51/><V37/><F37/><W64/><G113/><T8/><D36/><U126/><E126/><V31/><F49/><W7/><G115/><T29/><D60/><U112/><E112/><V135/><F50/><W83/><G64/><T89/><D56/><U76/><AGARI ba="0,1" hai="17,20,25,40,41,42,76,81,84,98,102,105,120,121" machi="76" ten="30,6000,0" yaku="1,1,0,1,53,1" doraHai="91" doraHaiUra="92" who="1" fromWho="1" sc="240,-20,235,70,280,-20,235,-20" /><INIT seed="1,1,0,5,1,86" ten="220,305,260,215" oya="1" hai0="46,33,49,91,58,48,111,105,17,35,43,87,41" hai1="12,50,118,101,27,30,63,88,26,0,36,97,102" hai2="82,14,68,120,15,128,56,130,95,75,47,109,1" hai3="37,62,40,74,5,70,99,123,52,57,18,61,126"/><U94/><E118/><V129/><F68/><W21/><G74/><T67/><D105/><U103/><E36/><V59/><F1/><W112/><G123/><T65/><D111/><U85/><E0/><V3/><F3/><W76/><G112/><T16/><D58/><U54/><E63/><V55/><F109/><W131/><G76/><T60/><D60/><U25/><E12/><V125/><F125/><W38/><G126/><T24/><D24/><U80/><REACH who="1" step="1"/><E30/><REACH who="1" ten="220,295,260,215" step="2"/><V132/><F15/><W64/><G61/><T108/><D108/><U66/><E66/><V9/><F14/><W113/><G62/><T84/><D67/><U110/><E110/><V117/><F117/><W8/><G64/><T20/><D65/><U92/><E92/><V72/><F95/><W7/><G38/><T134/><D49/><U39/><E39/><V53/><F130/><W114/><G37/><T107/><D48/><U89/><E89/><V69/><F129/><W96/><G131/><T135/><D91/><U127/><E127/><V6/><F128/><W121/><G113/><T116/><D116/><U93/><E93/><V28/><F28/><W124/><G114/><T4/><D107/><U13/><E13/><V71/><F69/><W32/><G70/><T90/><D90/><U100/><E100/><V34/><F71/><W78/><G124/><T31/><D31/><U106/><E106/><V22/><F6/><W122/><G5/><T115/><D4/><U45/><AGARI ba="1,1" hai="25,26,27,45,50,54,80,85,88,94,97,101,102,103" machi="45" ten="30,12000,1" yaku="1,1,0,1,8,1,52,1,54,1,53,0" doraHai="86" doraHaiUra="119" who="1" fromWho="1" sc="220,-41,295,133,260,-41,215,-41" /><INIT seed="1,2,0,1,2,106" ten="179,428,219,174" oya="1" hai0="56,134,13,109,107,35,119,0,126,81,51,60,94" hai1="83,133,31,40,116,121,7,39,131,128,42,48,113" hai2="55,82,29,135,46,63,110,33,61,112,102,52,10" hai3="27,26,62,99,70,15,53,20,21,68,16,22,85"/><U93/><E113/><V103/><F135/><W122/><G122/><T23/><D107/><U45/><E116/><V132/><F132/><W87/><G70/><T72/><D134/><U18/><E133/><V91/><F112/><W117/><G117/><T11/><D35/><U74/><E121/><V43/><F110/><W64/><G99/><T17/><D119/><U50/><E31/><V115/><F115/><W4/><G4/><T44/><D109/><U88/><E7/><V12/><F29/><W58/><G27/><T129/><D0/><U130/><E42/><V86/><F33/><W79/><G79/><T66/><D126/><U76/><REACH who="1" step="1"/><E18/><REACH who="1" ten="179,418,219,174" step="2"/><V6/><F102/><W125/><G125/><T75/><D17/><U25/><E25/><V28/><F103/><W127/><G127/><T65/><D13/><U98/><AGARI ba="2,1" hai="39,40,45,48,50,74,76,83,88,93,98,128,130,131" machi="98" ten="30,12000,1" yaku="1,1,0,1,19,1,52,1,54,1,53,0" doraHai="106" doraHaiUra="19" who="1" fromWho="1" sc="179,-42,418,136,219,-42,174,-42" /><INIT seed="1,3,0,4,1,44" ten="137,554,177,132" oya="1" hai0="120,104,78,54,59,62,1,124,121,133,16,87,112" hai1="12,29,17,15,76,116,6,91,26,111,98,0,103" hai2="3,35,33,56,86,102,41,18,49,99,42,96,110" hai3="53,85,36,63,93,72,80,52,115,92,28,79,73"/><U50/><E116/><V118/><F118/><W127/><G36/><T109/><D112/><U8/><E111/><V58/><F3/><W30/><G115/><T45/><D109/><U51/><E76/><V27/><F110/><W83/><G127/><T64/><D1/><U40/><E91/><V77/><F18/><W43/><G43/><T22/><D104/><U74/><E74/><V7/><F7/><W94/><G63/><T9/><D9/><U67/><E67/><V37/><F37/><W39/><G39/><T68/><D45/><U101/><E40/><V13/><F13/><W34/><G34/><T113/><D113/><U100/><E98/><V130/><F130/><W31/><G85/><T90/><D78/><AGARI ba="3,0" hai="28,30,31,52,53,72,73,78,79,80,83,92,93,94" machi="78" ten="40,2600,0" yaku="9,1,54,1" doraHai="44" who="3" fromWho="0" sc="137,-35,554,0,177,0,132,35" /><INIT seed="2,0,0,0,2,7" ten="102,554,177,167" oya="2" hai0="120,42,34,92,43,129,121,81,66,107,36,14,96" hai1="118,69,112,28,46,82,24,16,114,19,17,49,1" hai2="103,124,79,30,32,78,53,25,116,75,2,9,63" hai3="122,12,70,58,67,134,125,8,127,15,22,33,29"/><V38/><F116/><W55/><G122/><T86/><D34/><U54/><E118/><V74/><F124/><N who="3" m="47691" /><G134/><T119/><D107/><U95/><E69/><V10/><F38/><W13/><G33/><T132/><D119/><U133/><E133/><V110/><F110/><W83/><G83/><T26/><D132/><U126/><E126/><V48/><F103/><W45/><G45/><T113/><D113/><U21/><E1/><V52/><F2/><W80/><G80/><T65/><D129/><U27/><E95/><V18/><F18/><N who="3" m="8455" /><G67/><T99/><D81/><U50/><E27/><V111/><F111/><W130/><G70/><T105/><D121/><U6/><E6/><V57/><F75/><W68/><G68/><T47/><D120/><U5/><E5/><V131/><F131/><W20/><G130/><T11/><D47/><U98/><E98/><V51/><F74/><W39/><G39/><T41/><D36/><U62/><E62/><V135/><F135/><W123/><G123/><T104/><D66/><U117/><E117/><V88/><F63/><W72/><G72/><T0/><D65/><U90/><REACH who="1" step="1"/><E49/><REACH who="1" ten="102,544,177,167" step="2"/><V35/><F48/><N who="3" m="31079" /><G29/><T61/><D61/><U77/><E77/><V91/><F30/><W4/><G13/><T37/><D14/><U3/><E3/><V44/><F25/><W73/><G15/><T94/><D0/><U87/><AGARI ba="0,1" hai="16,17,19,21,24,28,46,50,54,82,87,90,112,114" machi="87" ten="30,7900,0" yaku="1,1,0,1,54,1,53,1" doraHai="7" doraHaiUra="40" who="1" fromWho="1" sc="102,-20,544,89,177,-39,167,-20" /><INIT seed="3,0,0,1,0,88" ten="82,633,138,147" oya="3" hai0="111,84,93,17,102,83,21,11,50,55,118,107,70" hai1="100,71,37,47,90,39,81,45,126,26,132,105,28" hai2="134,66,86,91,65,72,114,133,96,36,119,46,15" hai3="73,80,89,54,43,53,20,48,98,13,77,106,0"/><W113/><G0/><T44/><D111/><U129/><E71/><V18/><F119/><W75/><G75/><T99/><D118/><U62/><E62/><V79/><F114/><W56/><G43/><T42/><D70/><U58/><E126/><V125/><F125/><W74/><G74/><T27/><D11/><U120/><E58/><V123/><F123/><W33/><G33/><T41/><REACH who="0" step="1"/><D107/><REACH who="0" ten="72,633,138,147" step="2"/><U10/><E90/><AGARI ba="0,1" hai="17,21,27,41,42,44,50,55,83,84,90,93,99,102" machi="90" ten="30,12000,2" yaku="1,1,2,1,7,1,8,1,52,1,53,1" doraHai="88" doraHaiUra="49" who="0" fromWho="1" sc="72,130,633,-120,138,0,147,0" owari="202,0.2,513,61.3,138,-36.2,147,-25.3" /></mjloggm>