<mjloggm ver="2.3"><GO type="225" lobby="0"/><UN n0="%54%4F%52" n1="%E3%83%AD%E3%83%83%E3%83%86%E9%9B%80%E7%90%83" n2="%E8%B1%86%59%E5%A4%AA%E9%83%8E" n3="%E6%80%AA%E3%81%97%E3%81%99%E3%81%8E%E3%82%8B%E3%83%81%E3%83%BC" dan="17,17,16,16" rate="2239.13,2265.21,2060.87,2146.05" sx="M,M,M,M"/><TAIKYOKU oya="0"/><INIT seed="0,0,0,2,3,62" ten="250,250,250,250" oya="0" hai0="19,74,111,107,11,31,42,134,41,114,70,22,120" hai1="81,124,102,78,86,56,85,96,47,130,129,57,63" hai2="61,26,49,17,0,5,54,9,92,43,6,50,91" hai3="126,108,25,90,87,40,36,66,18,113,82,110,112"/><T68/><D114/><U119/><E119/><V34/><F6/><W117/><G117/><T76/><D120/><U1/><E1/><V67/><F43/><W10/><G126/><T58/><D107/><U28/><E124/><V105/><F105/><W46/><G66/><T93/><D134/><U27/><E47/><V51/><F34/><W38/><G38/><T127/><D127/><U128/><E86/><V32/><F32/><W88/><G90/><T83/><D111/><N who="3" m="42537" /><G25/><T24/><D58/><U53/><E57/><V100/><F100/><W45/><G45/><T80/><D93/><U123/><E123/><V104/><F104/><W20/><G20/><T44/><D83/><U106/><E27/><V52/><F17/><W89/><G89/><T48/><REACH who="0" step="1"/><D41/><REACH who="0" ten="240,250,250,250" step="2"/><U71/><E71/><V23/><F26/><W21/><G113/><T132/><D132/><U55/><REACH who="1" step="1"/><E28/><REACH who="1" ten="240,240,250,250" step="2"/><V97/><REACH who="2" step="1"/><F23/><REACH who="2" ten="240,240,240,250" step="2"/><W79/><G21/><T29/><D29/><U8/><E8/><V7/><F7/><W115/><G112/><T98/><D98/><U131/><E131/><V75/><F75/><W59/><G115/><T37/><D37/><U77/><E77/><V99/><F99/><W15/><G79/><T14/><AGARI ba="0,3" hai="11,14,19,22,24,31,42,44,48,68,70,74,76,80" machi="14" ten="30,3000,0" yaku="1,1,0,1,53,0" doraHai="62" doraHaiUra="84" who="0" fromWho="0" sc="240,60,240,-10,240,-10,250,-10" /><INIT seed="0,1,0,3,2,34" ten="300,230,230,240" oya="0" hai0="95,12,59,23,9,70,24,116,102,56,31,29,78" hai1="62,41,93,124,131,50,107,79,49,65,118,0,130" hai2="35,74,89,114,110,98,100,60,1,84,125,97,6" hai3="82,134,112,54,20,76,53,87,51,3,68,104,106"/><T90/><D70/><U91/><E107/><V63/><F35/><W47/><G112/><T69/><D69/><U135/><E118/><V122/><F122/><W126/><G126/><T4/><D116/><U133/><E79/><V96/><F74/><W43/><G134/><N who="1" m="51210" /><E0/><V38/><F38/><W11/><G68/><T101/><D78/><U120/><E120/><V21/><F110/><W55/><REACH who="3" step="1"/><G20/><REACH who="3" ten="300,230,230,230" step="2"/><T16/><D31/><U42/><E124/><V46/><F114/><W19/><G19/><T80/><D29/><U39/><E131/><V28/><F125/><W18/><G18/><T27/><D27/><U5/><E130/><V10/><F100/><N who="0" m="38506" /><D80/><U33/><E33/><V13/><F28/><W40/><G40/><T61/><D61/><U123/><E62/><V14/><F21/><W75/><G75/><T58/><D58/><U64/><E42/><V15/><REACH who="2" step="1"/><F46/><REACH who="2" ten="300,230,220,230" step="2"/><W127/><G127/><T85/><AGARI ba="1,2" hai="4,9,12,16,23,24,56,59,85,90,95" m="38506" machi="85" ten="30,3000,0" yaku="8,1,54,1" doraHai="34" who="0" fromWho="0" sc="300,53,230,-11,220,-11,230,-11" /><INIT seed="0,2,0,4,2,49" ten="353,219,209,219" oya="0" hai0="25,65,54,33,30,27,2,118,135,128,26,77,53" hai1="18,46,3,108,133,32,21,100,24,102,70,7,56" hai2="34,58,104,131,15,87,93,23,91,22,81,17,6" hai3="78,35,14,28,57,111,125,83,94,84,74,47,51"/><T115/><D115/><U9/><E70/><V95/><F104/><W69/><G69/><T88/><D118/><U85/><E108/><V109/><F34/><W86/><G111/><T120/><D120/><U73/><E133/><V90/><F131/><W44/><G125/><T92/><D2/><U75/><E46/><V13/><F109/><W61/><G14/><T103/><D135/><U68/><E68/><V41/><F41/><W110/><G110/><T97/><D128/><U98/><E85/><V79/><F58/><W48/><G28/><T107/><D65/><U134/><E134/><V76/><F81/><W16/><G16/><T99/><REACH who="0" step="1"/><D77/><REACH who="0" ten="343,219,209,219" step="2"/><U19/><E3/><V31/><F79/><W106/><G78/><T38/><D38/><U71/><E75/><V122/><F76/><W66/><G74/><T8/><D8/><U20/><E73/><V114/><F114/><W5/><G66/><T63/><D63/><U12/><E9/><N who="2" m="4279" /><F122/><W55/><G61/><T82/><D82/><U124/><E124/><V113/><F113/><W117/><G83/><T36/><D36/><U43/><E71/><V121/><F121/><W60/><G117/><T132/><D132/><U11/><E11/><N who="2" m="6399" /><F31/><W89/><G60/><T119/><D119/><U62/><E62/><V126/><F126/><W116/><G116/><T4/><D4/><U29/><E7/><V101/><F23/><W50/><G5/><T59/><D59/><U64/><E56/><V127/><F22/><W129/><G129/><T42/><D42/><U105/><E21/><V112/><F127/><W0/><G0/><RYUUKYOKU ba="2,1" sc="343,30,219,-10,209,-10,219,-10" hai0="25,26,27,30,33,53,54,88,92,97,99,103,107" /><INIT seed="0,3,1,0,2,17" ten="373,209,199,209" oya="0" hai0="108,97,49,14,11,98,56,125,86,102,109,59,116" hai1="9,119,76,8,96,27,47,24,73,25,40,22,110" hai2="80,5,79,13,70,45,113,18,48,88,92,74,89" hai3="72,101,65,35,117,60,77,115,104,50,33,127,69"/><T21/><D116/><U29/><E119/><V44/><F70/><W26/><G117/><T51/><D125/><U57/><E110/><N who="0" m="42601" /><D86/><U68/><E68/><V112/><F5/><W52/><G127/><T94/><D98/><U16/><E57/><N who="0" m="22089" /><D21/><N who="1" m="15599" /><E73/><V4/><F4/><AGARI ba="3,1" hai="4,11,14,49,51,94,97,102" m="22089,42601" machi="4" ten="30,2900,0" yaku="14,1,10,1" doraHai="17" who="0" fromWho="2" sc="373,48,209,0,199,-38,209,0" /><INIT seed="0,4,0,3,4,76" ten="421,209,161,209" oya="0" hai0="135,14,130,110,44,33,55,128,107,15,37,126,34" hai1="10,122,81,77,51,0,100,95,57,64,59,45,43" hai2="88,104,1,61,17,114,113,12,87,82,54,28,97" hai3="127,62,52,67,65,79,118,47,96,73,105,119,7"/><T121/><D121/><U103/><E122/><V58/><F1/><W32/><G127/><T91/><D107/><U35/><E35/><N who="0" m="13321" /><D126/><U11/><E0/><V132/><F28/><W78/><G32/><T5/><D91/><U72/><E59/><V4/><F4/><W83/><G7/><T13/><D55/><U102/><REACH who="1" step="1"/><E95/><REACH who="1" ten="421,199,161,209" step="2"/><V39/><F132/><W85/><G118/><T26/><D135/><U9/><E9/><V8/><REACH who="2" step="1"/><F39/><REACH who="2" ten="421,199,151,209" step="2"/><W41/><G119/><T109/><D37/><U50/><E50/><V25/><F25/><W133/><G133/><T71/><D26/><U101/><N who="1" m="25600" /><DORA hai="36" /><U6/><E6/><V23/><F23/><W21/><G21/><T115/><D5/><U30/><E30/><V75/><F75/><W86/><G73/><T106/><D106/><U27/><E27/><V120/><F120/><W38/><G105/><T53/><D13/><U69/><E69/><V48/><F48/><W66/><G38/><T56/><D14/><U20/><E20/><V40/><F40/><W116/><G41/><T16/><D15/><U131/><E131/><V19/><F19/><W108/><G116/><T3/><D16/><U117/><E117/><V60/><F60/><AGARI ba="4,2" hai="10,11,43,45,51,57,60,64,72,77,81" m="25600" machi="60" ten="50,6400,0" yaku="1,1,52,2,53,0" doraHai="76,36" doraHaiUra="90,31" who="1" fromWho="2" sc="421,0,199,96,151,-76,209,0" /><INIT seed="1,0,0,2,5,50" ten="421,295,75,209" oya="1" hai0="121,83,116,65,9,92,71,27,62,17,77,12,101" hai1="135,122,95,48,80,14,37,61,133,109,30,90,4" hai2="93,72,40,11,127,131,82,88,51,102,107,85,126" hai3="104,89,130,123,119,36,129,96,84,64,54,67,81"/><U3/><E37/><V60/><F60/><W6/><G123/><T69/><D116/><U53/><E122/><V86/><F11/><W114/><G114/><T124/><D121/><U99/><E3/><V120/><F40/><W66/><G119/><T55/><D124/><N who="2" m="47658" /><F51/><W105/><G36/><T56/><D27/><U47/><E109/><V5/><F5/><W33/><G33/><T23/><D9/><U57/><E30/><V132/><F120/><W63/><G96/><T125/><D125/><U34/><E34/><V113/><F113/><W2/><G6/><T76/><D65/><U45/><E4/><V58/><F58/><N who="3" m="35287" /><G2/><T68/><REACH who="0" step="1"/><D83/><REACH who="0" ten="411,295,75,209" step="2"/><U111/><E111/><V106/><F132/><N who="1" m="50761" /><E80/><N who="2" m="49191" /><F131/><AGARI ba="0,1" hai="64,66,67,81,84,89,104,105,129,130,131" m="35287" machi="131" ten="30,2000,0" yaku="19,1,52,1" doraHai="50" who="3" fromWho="2" sc="411,0,295,0,75,-20,209,30" /><INIT seed="2,0,0,4,5,84" ten="411,295,55,239" oya="2" hai0="91,63,113,2,95,94,31,69,135,40,103,104,70" hai1="86,106,39,47,107,10,6,7,131,27,81,12,51" hai2="119,97,76,56,124,33,118,50,132,5,11,48,111" hai3="73,1,17,66,61,112,89,100,57,130,72,83,127"/><V29/><F124/><W30/><G1/><T64/><D2/><U110/><E110/><V49/><F132/><W43/><G127/><T41/><D104/><U67/><E131/><V128/><F111/><W78/><G130/><T101/><D70/><U79/><E39/><V87/><F128/><W0/><G112/><T24/><D113/><U98/><E6/><V62/><F97/><W19/><G0/><T114/><D114/><U117/><E117/><V109/><F29/><W8/><G73/><T36/><D135/><U115/><E115/><V102/><F102/><W88/><G43/><T123/><D123/><U16/><E67/><V58/><F33/><W133/><G133/><T46/><D95/><U122/><E122/><V82/><F109/><W32/><G100/><T74/><D40/><N who="1" m="25063" /><E98/><V93/><F93/><W55/><G66/><T129/><D74/><U99/><E99/><V9/><F9/><W116/><G116/><T45/><D45/><U23/><AGARI ba="0,0" hai="7,10,12,16,23,27,79,81,86,106,107" m="25063" machi="23" ten="30,2000,0" yaku="25,1,54,1" doraHai="84" who="1" fromWho="1" sc="411,-5,295,20,55,-10,239,-5" /><INIT seed="3,0,0,1,1,63" ten="406,315,45,234" oya="3" hai0="126,109,113,120,3,43,13,82,9,8,80,104,39" hai1="38,33,42,23,124,103,10,56,21,19,72,105,17" hai2="28,131,58,25,36,115,78,0,121,18,118,108,32" hai3="7,46,34,22,62,30,1,97,79,111,45,81,128"/><W122/><G122/><T123/><D104/><U24/><E72/><V66/><F66/><W102/><G128/><T87/><D3/><U55/><E33/><V37/><F58/><W84/><G111/><T100/><D100/><U112/><E112/><V70/><F18/><W65/><G34/><T135/><D80/><U11/><E124/><V53/><F53/><W125/><G125/><T2/><D126/><U94/><E105/><V29/><F29/><W76/><G76/><T96/><D96/><N who="1" m="59799" /><E42/><V88/><F88/><W47/><G7/><T64/><D64/><U52/><E38/><V44/><F44/><W50/><G1/><T92/><D9/><N who="1" m="3083" /><E56/><V91/><F91/><W73/><G73/><T117/><D39/><U16/><E16/><V83/><F25/><AGARI ba="0,0" hai="17,19,21,23,24,25,52,55" m="3083,59799" machi="25" ten="30,2000,0" yaku="8,1,54,1" doraHai="63" who="1" fromWho="2" sc="406,0,315,20,45,-20,234,0" owari="406,50.6,335,13.5,25,-47.5,234,-16.6" /></mjloggm>