<mjloggm ver="2.3"><GO type="225" lobby="0"/><UN n0="%47%32%E9%BE%8D%E9%96%80" n1="%4C%4F%4C%49%54%41" n2="%E3%81%9F%E3%81%93%E2%98%86%E7%84%BC%E3%81%8D" n3="%E6%80%AA%E3%81%97%E3%81%99%E3%81%8E%E3%82%8B%E3%83%81%E3%83%BC" dan="16,16,16,16" rate="2092.69,2198.01,2110.77,2078.00" sx="M,F,M,M"/><TAIKYOKU oya="0"/><INIT seed="0,0,0,5,2,61" ten="250,250,250,250" oya="0" hai0="125,12,19,128,14,38,96,8,75,129,126,131,34" hai1="83,49,17,133,88,97,13,112,91,110,93,67,104" hai2="48,0,39,114,58,27,102,119,4,37,1,16,26" hai3="79,45,84,68,109,116,52,32,24,50,25,6,21"/><T33/><D38/><U74/><E110/><V72/><F114/><W40/><G116/><T127/><D75/><U46/><E112/><V5/><F72/><W111/><G68/><T73/><D73/><U9/><E133/><V66/><F119/><W120/><G120/><T105/><D105/><U64/><E104/><V123/><F123/><W42/><G32/><T107/><D107/><U60/><E60/><V63/><F102/><W78/><G6/><N who="0" m="3095" /><D96/><U55/><E74/><V108/><F108/><N who="3" m="41547" /><G25/><T122/><D122/><U20/><E20/><AGARI ba="0,0" hai="14,19,20,33,34,125,126,127,128,129,131" m="3095" machi="20" ten="40,12000,1" yaku="18,1,19,1,34,2" doraHai="61" who="0" fromWho="1" sc="250,120,250,-120,250,0,250,0" /><INIT seed="0,1,0,4,0,6" ten="370,130,250,250" oya="0" hai0="72,75,22,125,106,32,99,81,23,118,71,77,107" hai1="12,128,87,109,97,103,36,14,24,27,63,18,3" hai2="5,46,21,17,123,15,25,68,55,110,115,28,13" hai3="43,78,85,11,39,57,45,34,132,83,4,31,111"/><T95/><D32/><U96/><E36/><V88/><F68/><W41/><G111/><T129/><D71/><U104/><E3/><V16/><F115/><W134/><G41/><T54/><D118/><U130/><E109/><V79/><F79/><W135/><G57/><T60/><D129/><U100/><E87/><V44/><F123/><W66/><G66/><T86/><D54/><U35/><E63/><V42/><F5/><W94/><G94/><T120/><D60/><U1/><E1/><V59/><F110/><W122/><G122/><T30/><D30/><U91/><E91/><V102/><F102/><W65/><G65/><T64/><D64/><U50/><E50/><V29/><F88/><W76/><G76/><T131/><D131/><U62/><E62/><N who="2" m="36223" /><F25/><N who="3" m="18799" /><G4/><T73/><D120/><U127/><E35/><V116/><F116/><W26/><G26/><T37/><D37/><U98/><E98/><V133/><F133/><W80/><G80/><T67/><D67/><U48/><E48/><N who="2" m="26647" /><F46/><W20/><G20/><AGARI ba="1,0" hai="13,15,16,17,20,21,28,29" m="26647,36223" machi="20" ten="30,2000,0" yaku="8,1,54,1" doraHai="6" who="2" fromWho="3" sc="370,0,130,0,250,23,250,-23" /><INIT seed="1,0,0,5,1,22" ten="370,130,273,227" oya="1" hai0="53,25,6,90,30,84,46,75,5,36,29,103,92" hai1="96,133,124,27,41,94,71,59,118,2,105,33,106" hai2="130,57,77,3,12,102,14,101,116,56,98,16,8" hai3="67,85,99,21,76,52,70,34,35,104,62,42,73"/><U50/><E118/><V15/><F3/><W45/><G73/><T37/><D75/><U83/><E2/><V74/><F130/><W111/><G111/><T31/><D103/><N who="2" m="39434" /><F77/><W88/><G104/><T86/><D36/><U112/><E112/><V54/><F74/><W80/><G21/><N who="0" m="15535" /><D37/><U43/><E71/><V44/><F98/><W32/><G52/><T47/><D84/><U68/><E68/><V28/><F28/><N who="0" m="10794" /><D53/><U48/><E124/><V20/><F44/><AGARI ba="0,0" hai="5,6,44,46,47,86,90,92" m="10794,15535" machi="44" ten="30,2000,0" yaku="8,1,52,1" doraHai="22" who="0" fromWho="2" sc="370,20,130,0,273,-20,227,0" /><INIT seed="2,0,0,2,2,94" ten="390,130,253,227" oya="2" hai0="92,55,47,118,33,71,42,44,16,72,77,62,57" hai1="23,67,103,48,31,126,96,68,43,74,135,12,7" hai2="81,5,90,114,25,80,63,60,69,9,10,102,132" hai3="73,64,1,46,17,131,36,122,88,27,52,89,26"/><V111/><F114/><W93/><G122/><T40/><D33/><U30/><E74/><V61/><F69/><W127/><G73/><T18/><D71/><U108/><E108/><V3/><F132/><W70/><G1/><T59/><D118/><U22/><E126/><V87/><F102/><W58/><G127/><T13/><D77/><U20/><E135/><V56/><F111/><W113/><G113/><T112/><D72/><U99/><E67/><V85/><F25/><W105/><G105/><T29/><D29/><N who="1" m="10763" /><E103/><V35/><F9/><W124/><G131/><T82/><D82/><U51/><E68/><V76/><REACH who="2" step="1"/><F35/><REACH who="2" ten="390,130,243,227" step="2"/><W6/><G70/><T84/><D112/><U21/><N who="1" m="5120" /><DORA hai="128" /><U32/><E32/><V129/><F129/><W38/><G27/><T116/><D116/><U134/><E134/><V78/><F78/><W125/><G26/><T110/><D110/><U98/><E43/><V115/><F115/><W91/><G124/><T107/><D42/><U109/><E109/><V65/><AGARI ba="0,1" hai="3,5,10,56,60,61,63,65,76,80,81,85,87,90" machi="65" ten="20,7800,0" yaku="1,1,0,1,7,1,53,1" doraHai="94,128" doraHaiUra="97,54" who="2" fromWho="2" sc="390,-26,130,-26,243,88,227,-26" /><INIT seed="2,1,0,4,3,99" ten="364,104,331,201" oya="2" hai0="36,132,88,12,15,85,61,47,75,63,23,3,135" hai1="119,118,84,94,58,64,81,83,130,78,116,95,35" hai2="68,82,55,60,5,1,44,41,86,74,123,40,97" hai3="18,39,112,91,22,52,24,13,57,25,8,101,59"/><V65/><F74/><W93/><G39/><T38/><D3/><U45/><E35/><V26/><F123/><W53/><G112/><T4/><D75/><U49/><E130/><V108/><F108/><W98/><G91/><T11/><D23/><U87/><E58/><N who="3" m="22026" /><G25/><T29/><D29/><AGARI ba="1,0" hai="8,13,18,22,24,29,52,53,93,98,101" m="22026" machi="29" ten="30,3900,0" yaku="8,1,52,1,54,1" doraHai="99" who="3" fromWho="0" sc="364,-42,104,0,331,0,201,42" /><INIT seed="3,0,0,3,0,132" ten="322,104,331,243" oya="3" hai0="41,68,61,45,17,23,124,115,60,109,90,4,52" hai1="1,129,102,62,83,108,98,27,64,16,131,20,103" hai2="73,34,72,99,51,94,55,111,133,112,9,36,47" hai3="121,128,119,126,63,97,110,114,40,59,91,134,19"/><W71/><G126/><T18/><D124/><U89/><E1/><V69/><F69/><W37/><G114/><T75/><D115/><U122/><E122/><V113/><F34/><W93/><G119/><T67/><D75/><U123/><E123/><V86/><F133/><W39/><G134/><T77/><D77/><U135/><E135/><V28/><F28/><W44/><G121/><T116/><D116/><U92/><E108/><V48/><F36/><W76/><G71/><T11/><D109/><U6/><E131/><V81/><F73/><W38/><G128/><T42/><D90/><U8/><E129/><V79/><F111/><W78/><G110/><T74/><D74/><U25/><E25/><V3/><F72/><W22/><G39/><T33/><D33/><U70/><E6/><V54/><F9/><W104/><G38/><T125/><D125/><U100/><E8/><V12/><F12/><W96/><G96/><T31/><D31/><U15/><E70/><V58/><F3/><W14/><REACH who="3" step="1"/><G104/><REACH who="3" ten="322,104,331,233" step="2"/><T84/><D68/><U24/><E98/><V120/><F120/><W66/><AGARI ba="0,1" hai="14,19,22,37,40,44,59,63,66,76,78,91,93,97" machi="66" ten="20,7800,0" yaku="1,1,2,1,0,1,7,1,53,0" doraHai="132" doraHaiUra="7" who="3" fromWho="3" sc="322,-26,104,-26,331,-26,233,88" owari="296,-10.4,78,-42.2,305,10.5,321,42.1" /></mjloggm>