<mjloggm ver="2.3"><GO type="225" lobby="0"/><UN n0="%48%61%61%61%6C%61%6E%64" n1="%30%2E%31%32%30" n2="%E3%81%8C%E3%81%9F" n3="%E3%81%86%E3%82%8B%E3%81%8A%E3%81%A1%E3%82%83" dan="17,16,16,16" rate="2145.24,2078.02,2042.52,2119.67" sx="M,M,F,F"/><TAIKYOKU oya="0"/><INIT seed="0,0,0,4,1,41" ten="250,250,250,250" oya="0" hai0="121,116,93,8,71,132,76,37,43,112,74,64,7" hai1="104,23,5,86,120,129,27,55,122,108,105,50,51" hai2="67,31,25,34,102,131,36,114,60,15,9,82,118" hai3="135,48,111,39,83,123,117,30,87,65,96,100,19"/><T73/><D112/><U97/><E5/><V63/><F114/><W106/><G39/><T10/><D116/><U12/><E108/><V11/><F118/><W133/><G117/><T52/><D121/><U115/><E115/><V72/><F131/><W4/><G111/><T124/><D124/><U62/><E129/><V42/><F102/><W80/><G123/><T110/><D110/><U84/><E12/><V70/><F63/><W56/><G4/><T77/><D132/><U13/><E13/><V69/><F69/><W78/><G30/><T24/><D93/><U126/><E126/><V89/><F15/><W16/><G83/><T90/><D90/><U49/><E122/><V95/><F82/><W32/><G32/><T17/><D64/><U85/><E120/><V20/><F34/><W54/><REACH who="3" step="1"/><G65/><REACH who="3" ten="250,250,250,240" step="2"/><T33/><D37/><U66/><E66/><V1/><F1/><W40/><G40/><T68/><D43/><U18/><E55/><V29/><F29/><W59/><G59/><T61/><D33/><U109/><E109/><V81/><F36/><W44/><G44/><T101/><D7/><U130/><E130/><V6/><F42/><W79/><G79/><T107/><D52/><U94/><E94/><V75/><F81/><W98/><G98/><T26/><D77/><U58/><E97/><N who="2" m="57583" /><F6/><W127/><G127/><T22/><D76/><U21/><E105/><V28/><F31/><W38/><G38/><T88/><D107/><U119/><E119/><V92/><F92/><W0/><G0/><T125/><D125/><U2/><E104/><V14/><F67/><RYUUKYOKU ba="0,1" sc="250,-10,250,-10,250,-10,240,30" hai3="16,19,48,54,56,78,80,87,96,100,106,133,135" /><INIT seed="1,1,1,2,0,44" ten="240,240,240,270" oya="1" hai0="41,23,37,112,16,123,31,118,78,63,32,60,113" hai1="18,95,80,39,22,79,57,133,106,19,7,102,10" hai2="26,97,48,91,119,15,69,99,30,70,64,76,67" hai3="46,54,129,120,65,8,127,20,96,52,66,34,116"/><U128/><E106/><V25/><F119/><W68/><G34/><T104/><D118/><U101/><E39/><V5/><F76/><W122/><G20/><T33/><D104/><U6/><E128/><V100/><F91/><W0/><G96/><T110/><D78/><U121/><E121/><V132/><F132/><W50/><G8/><T74/><D74/><U83/><E133/><V58/><F70/><W89/><G89/><T109/><D123/><U114/><E114/><N who="0" m="44137" /><D41/><U59/><E79/><V108/><F108/><N who="0" m="41578" /><D37/><U77/><E77/><V115/><F115/><W45/><G116/><T56/><D31/><U43/><E43/><V90/><F69/><W111/><G111/><T105/><D105/><U9/><E22/><V107/><F30/><W2/><G68/><T81/><D81/><U13/><REACH who="1" step="1"/><E95/><REACH who="1" ten="240,230,240,270" step="2"/><V93/><F107/><W12/><G122/><T29/><D32/><U47/><E47/><V75/><F93/><W51/><G120/><T1/><D33/><U3/><E3/><V38/><F38/><W4/><G129/><T86/><D1/><U40/><E40/><V42/><F42/><W28/><G0/><T27/><D23/><U88/><E88/><V87/><F90/><W135/><G2/><T82/><D82/><U124/><E124/><V61/><F75/><W49/><G127/><T117/><D117/><U72/><E72/><V36/><F36/><W14/><G135/><T84/><D29/><U17/><E17/><V73/><F73/><W55/><G28/><T126/><D126/><U85/><E85/><V125/><F87/><W98/><G45/><RYUUKYOKU ba="1,2" sc="240,-10,230,30,240,-10,270,-10" hai1="6,7,9,10,13,18,19,57,59,80,83,101,102" /><INIT seed="1,2,2,4,4,60" ten="230,260,230,260" oya="1" hai0="111,119,31,15,103,94,65,21,0,135,16,114,85" hai1="53,4,90,127,38,27,107,6,123,66,7,104,49" hai2="113,46,76,80,126,43,25,79,89,67,91,47,32" hai3="133,134,86,10,58,52,99,100,108,72,110,55,98"/><U122/><E38/><V121/><F121/><W9/><G86/><T50/><D114/><U14/><E127/><V117/><F117/><W105/><G72/><T8/><D119/><U11/><E27/><V97/><F126/><W93/><G93/><T92/><D111/><N who="3" m="42537" /><G98/><N who="0" m="59847" /><D0/><U39/><E39/><V34/><F113/><W82/><G82/><T71/><D71/><U131/><E131/><V129/><F129/><W3/><G55/><T54/><D135/><N who="3" m="51721" /><G3/><T42/><D94/><U125/><E125/><V95/><F67/><W33/><G33/><T116/><D85/><U26/><E26/><V1/><F1/><W74/><G74/><T63/><D116/><U61/><E122/><V81/><F25/><W29/><G29/><T132/><D31/><U48/><E123/><V30/><F95/><W70/><G70/><T78/><D132/><U12/><E107/><V56/><F30/><W51/><AGARI ba="2,2" hai="9,10,51,52,58,99,100,105" m="51721,42537" machi="51" ten="30,4000,0" yaku="14,1,20,1,54,1" doraHai="60" who="3" fromWho="3" sc="230,-12,260,-22,230,-12,260,66" /><INIT seed="2,0,0,3,5,10" ten="218,238,218,326" oya="2" hai0="35,18,46,41,58,63,39,29,25,60,15,54,110" hai1="90,105,17,114,37,24,128,92,61,74,69,112,52" hai2="34,77,101,117,26,47,75,72,43,0,55,113,65" hai3="98,5,103,40,82,33,16,28,125,9,20,73,3"/><V79/><F113/><W86/><G73/><T124/><D110/><U57/><E105/><V95/><F117/><W70/><G70/><T93/><D124/><U23/><E74/><V89/><F0/><W132/><G40/><T115/><D115/><U85/><E128/><V122/><F122/><W22/><G22/><T8/><REACH who="0" step="1"/><D93/><REACH who="0" ten="208,238,218,326" step="2"/><U44/><E114/><V38/><F95/><W102/><G125/><T62/><AGARI ba="0,1" hai="8,15,18,25,29,35,39,41,46,54,58,60,62,63" machi="62" ten="20,8000,1" yaku="1,1,2,1,0,1,7,1,52,1,53,0" doraHai="10" doraHaiUra="107" who="0" fromWho="0" sc="208,90,238,-20,218,-40,326,-20" /><INIT seed="3,0,0,5,3,111" ten="298,218,178,306" oya="3" hai0="59,58,79,100,14,46,91,60,98,41,44,66,30" hai1="8,82,3,92,51,119,35,108,72,93,133,62,97" hai2="81,13,95,78,99,63,102,67,21,86,104,68,122" hai3="22,49,128,125,34,31,47,96,54,114,15,16,52"/><W112/><G125/><T85/><D79/><U37/><E37/><V124/><F124/><W131/><G96/><T105/><D30/><U6/><E108/><V101/><F122/><W55/><G34/><T94/><D14/><U61/><E119/><V18/><REACH who="2" step="1"/><F104/><REACH who="2" ten="298,218,168,306" step="2"/><W129/><G31/><T130/><D130/><U32/><E133/><V23/><F23/><W88/><G88/><AGARI ba="0,1" hai="13,18,21,63,67,68,78,81,86,88,95,99,101,102" machi="88" ten="30,7700,0" yaku="1,1,7,1,54,1,53,1" doraHai="111" doraHaiUra="17" who="2" fromWho="3" sc="298,0,218,0,168,87,306,-77" /><INIT seed="4,0,0,1,5,18" ten="298,218,255,229" oya="0" hai0="8,116,36,47,79,68,123,27,83,41,101,12,122" hai1="134,20,55,64,111,128,94,65,113,4,98,62,37" hai2="71,99,90,80,59,84,7,105,109,51,10,33,22" hai3="67,95,3,126,1,56,107,58,97,38,5,112,52"/><T121/><D116/><U72/><E111/><V74/><F33/><W130/><G38/><T87/><D68/><U54/><E72/><V46/><F71/><W13/><G107/><T104/><D27/><U70/><E37/><V14/><F109/><W114/><G126/><T86/><D104/><U29/><E65/><V75/><F59/><W35/><G35/><T66/><D66/><U17/><E4/><V60/><F60/><N who="3" m="38279" /><G130/><T73/><REACH who="0" step="1"/><D101/><REACH who="0" ten="288,218,255,229" step="2"/><N who="1" m="60631" /><E128/><V61/><F105/><W131/><G131/><T2/><D2/><U45/><E70/><V81/><F14/><W129/><G129/><T15/><D15/><N who="1" m="9279" /><E134/><V39/><F75/><W91/><G1/><T63/><D63/><U69/><E69/><V57/><F61/><N who="3" m="36039" /><G3/><T40/><D40/><U50/><E113/><N who="3" m="43626" /><G13/><T43/><D43/><N who="1" m="24895" /><E29/><V88/><F74/><W16/><G16/><AGARI ba="0,1" hai="8,12,16,36,41,47,73,79,83,86,87,121,122,123" machi="16" ten="40,3900,0" yaku="1,1,54,1,53,0" doraHai="18" doraHaiUra="124" who="0" fromWho="3" sc="288,49,218,0,255,0,229,-39" owari="337,43.7,218,-18.2,255,5.5,190,-31.0" /></mjloggm>