<mjloggm ver="2.3"><GO type="225" lobby="0"/><UN n0="%E3%81%86%E3%81%A9%E3%82%93%E3%81%93" n1="%72%69%6F%75%63%68%61%6E" n2="%E3%81%B5%E3%81%98%E3%81%8B%E3%81%A4" n3="%E3%80%93%E3%81%97%E3%83%BC%E3%82%89%E3%80%93" dan="16,16,17,16" rate="2137.09,2171.71,2223.96,2101.30" sx="M,M,M,M"/><TAIKYOKU oya="0"/><INIT seed="0,0,0,5,2,31" ten="250,250,250,250" oya="0" hai0="56,35,63,107,116,104,93,76,5,52,24,109,82" hai1="133,20,71,86,99,68,106,74,41,61,78,8,29" hai2="65,51,16,89,23,44,75,124,79,70,83,6,0" hai3="4,12,87,114,100,17,110,9,90,134,103,47,108"/><T7/><D116/><U85/><E74/><V2/><F124/><W38/><G114/><T132/><D132/><U18/><E133/><V95/><F6/><W32/><G134/><T131/><D131/><U120/><E120/><V45/><F65/><W28/><G17/><T96/><D109/><N who="3" m="42089" /><G47/><T72/><D104/><U54/><E41/><V64/><F64/><W123/><G38/><T21/><D107/><U53/><E29/><V27/><F70/><W3/><G3/><T126/><D126/><U25/><E8/><V98/><REACH who="2" step="1"/><F45/><REACH who="2" ten="250,250,240,250" step="2"/><W33/><G123/><T77/><D77/><U42/><E71/><V84/><F84/><W130/><G130/><T30/><REACH who="0" step="1"/><D21/><REACH who="0" ten="240,250,240,250" step="2"/><N who="1" m="13495" /><E78/><V37/><F37/><W66/><G33/><T67/><D67/><U111/><E20/><V22/><F22/><W73/><G66/><T92/><D92/><U113/><E111/><V128/><F128/><W118/><G118/><T1/><D1/><U102/><E68/><V135/><F135/><W115/><G115/><T62/><D62/><U69/><E61/><V13/><F13/><W19/><G32/><T55/><D55/><AGARI ba="0,2" hai="0,2,16,23,27,44,51,55,75,79,83,89,95,98" machi="55" ten="30,7700,0" yaku="1,1,7,1,54,1,53,1" doraHai="31" doraHaiUra="88" who="2" fromWho="0" sc="240,-77,250,0,240,97,250,0" /><INIT seed="1,0,0,0,5,20" ten="163,250,337,250" oya="1" hai0="96,118,29,64,48,28,124,77,8,37,38,1,3" hai1="134,93,94,10,42,11,91,7,127,125,87,90,76" hai2="78,115,95,103,44,126,121,59,133,4,23,51,34" hai3="112,16,53,135,50,45,85,15,130,86,68,117,80"/><U0/><E134/><V47/><F121/><W111/><G68/><T72/><D118/><U19/><E76/><V41/><F34/><W49/><G135/><T46/><D64/><U33/><E33/><V35/><F133/><W97/><G117/><T113/><D113/><U55/><E42/><V12/><F35/><W18/><G112/><T105/><D124/><U30/><E30/><V71/><F115/><W6/><G130/><T9/><D77/><U31/><E31/><V32/><F71/><W43/><G111/><T70/><D70/><U81/><E55/><V131/><F32/><W13/><G97/><T54/><D72/><U98/><REACH who="1" step="1"/><E81/><REACH who="1" ten="163,240,337,250" step="2"/><V99/><F78/><W104/><G80/><T75/><D29/><U58/><E58/><V57/><F131/><W83/><G83/><T56/><D28/><U69/><E69/><V92/><F126/><W110/><G53/><T100/><D75/><U21/><E21/><V108/><F23/><W89/><G43/><T26/><D56/><U24/><E24/><V39/><F108/><W74/><G74/><T119/><D26/><U114/><E114/><V66/><F59/><W40/><G40/><T84/><D119/><U101/><E101/><V14/><F57/><W128/><G128/><T73/><D73/><U25/><E25/><V109/><F109/><W120/><G110/><T79/><D9/><U122/><E122/><V82/><F82/><W129/><G120/><T116/><D116/><U2/><E2/><N who="0" m="521" /><D8/><U123/><E123/><V36/><F41/><N who="3" m="24751" /><G129/><T22/><D22/><U5/><E5/><V52/><F4/><RYUUKYOKU ba="0,1" sc="163,15,240,15,337,-15,250,-15" hai0="37,38,46,48,54,79,84,96,100,105" hai1="0,7,10,11,19,87,90,91,93,94,98,125,127" /><INIT seed="1,1,1,0,3,135" ten="178,255,322,235" oya="1" hai0="103,102,66,82,5,99,92,72,12,1,88,75,63" hai1="81,41,30,57,18,49,85,130,100,70,126,50,131" hai2="26,61,69,128,78,13,39,52,37,48,127,44,10" hai3="101,32,118,67,9,0,110,132,17,28,16,90,108"/><U124/><E70/><V97/><F128/><N who="1" m="49193" /><E30/><V42/><F78/><W46/><G101/><T104/><D1/><U23/><E100/><V91/><F26/><N who="3" m="18455" /><G67/><T11/><D103/><U106/><E106/><V68/><F127/><N who="1" m="48681" /><E57/><V54/><F69/><W109/><G46/><T77/><D75/><U27/><E41/><V43/><F43/><W84/><G118/><T96/><D66/><U121/><E121/><V87/><F68/><W60/><G60/><T105/><D63/><U20/><E23/><V73/><F42/><W89/><G110/><T45/><D45/><U117/><E117/><V93/><F44/><W94/><G109/><T35/><D35/><U107/><E107/><AGARI ba="1,1" hai="5,11,12,72,77,82,88,92,96,99,102,104,105,107" machi="107" ten="30,2000,0" yaku="7,1,54,1" doraHai="135" who="0" fromWho="1" sc="178,33,255,-23,322,0,235,0" /><INIT seed="2,0,0,5,2,7" ten="211,232,322,235" oya="2" hai0="33,133,115,49,84,108,121,70,61,94,59,87,114" hai1="89,100,24,19,106,124,20,112,99,131,25,125,1" hai2="132,9,92,129,79,102,82,36,72,10,28,23,134" hai3="11,37,21,2,120,13,93,55,18,41,111,51,12"/><V27/><F36/><W53/><G120/><T116/><D121/><U127/><E131/><V22/><F129/><W45/><G2/><T52/><D33/><U67/><E112/><V126/><F126/><W29/><G111/><T30/><D108/><U26/><E1/><V78/><F78/><W122/><G122/><T16/><D30/><U38/><E38/><V47/><F47/><W62/><G37/><T44/><D133/><N who="2" m="51306" /><F23/><W135/><G135/><T85/><D116/><U40/><E40/><V77/><F77/><W56/><G93/><T65/><D94/><U81/><REACH who="1" step="1"/><E67/><REACH who="1" ten="211,222,322,235" step="2"/><V4/><F72/><W83/><G83/><T68/><D115/><U8/><E8/><N who="2" m="3179" /><F4/><N who="3" m="3175" /><G29/><T110/><D114/><U71/><E71/><V57/><F82/><W80/><G80/><T75/><D75/><U107/><E107/><V103/><F79/><W17/><G17/><T42/><D110/><U31/><E31/><V6/><F6/><W130/><G130/><T90/><D16/><U43/><E43/><AGARI ba="0,1" hai="13,18,21,41,43,45,51,53,55,56,62" m="3175" machi="43" ten="30,2000,0" yaku="8,1,52,1" doraHai="7" who="3" fromWho="1" sc="211,0,222,-20,322,0,235,30" /><INIT seed="3,0,0,1,5,72" ten="211,202,322,265" oya="3" hai0="34,117,11,68,76,45,50,29,82,27,28,55,39" hai1="75,36,44,103,5,22,46,21,123,64,109,13,9" hai2="127,53,62,10,23,91,99,3,81,19,70,115,102" hai3="131,133,15,129,78,97,135,87,92,26,7,4,132"/><W2/><G2/><T66/><D117/><U12/><E123/><V124/><F115/><W73/><G73/><T57/><D29/><U94/><E75/><V134/><F134/><W41/><G41/><T79/><D82/><U24/><E36/><V16/><F3/><W116/><G116/><T43/><D11/><N who="1" m="4207" /><E109/><V61/><F10/><N who="3" m="4551" /><G7/><T112/><D112/><U54/><E64/><V128/><F128/><N who="3" m="49227" /><G26/><T58/><D58/><U0/><E0/><V65/><F124/><W113/><G113/><T107/><D107/><U84/><E54/><V95/><F127/><W126/><G126/><T63/><AGARI ba="0,0" hai="27,28,34,39,43,45,50,55,57,63,66,68,76,79" machi="63" ten="30,8000,1" yaku="0,1,24,2,52,2" doraHai="72" who="0" fromWho="0" sc="211,80,202,-20,322,-20,265,-40" owari="291,9.1,182,-31.8,302,40.2,225,-17.5" /></mjloggm>