<mjloggm ver="2.3"><GO type="225" lobby="0"/><UN n0="%43%68%65" n1="%E7%BD%AA%E5%88%91%E6%B3%95%E5%AE%9A%E4%B8%BB%E7%BE%A9" n2="%E8%A8%88%E7%AE%97%E6%A9%9F%E8%87%AA%E7%84%B6" n3="%E5%AF%82%E5%AF%9E%E3%82%AE%E3%83%8D%E3%82%B9%E3%83%93%E3%83%BC%E3%83%AB" dan="16,16,17,16" rate="2188.57,2178.10,2225.96,2140.70" sx="M,M,M,M"/><TAIKYOKU oya="0"/><INIT seed="0,0,0,4,2,48" ten="250,250,250,250" oya="0" hai0="59,19,26,126,131,134,73,42,124,0,29,37,80" hai1="44,123,72,100,64,49,103,112,13,68,66,16,110" hai2="133,38,121,43,6,74,55,119,63,60,83,127,14" hai3="51,113,41,36,20,79,27,77,87,39,65,69,81"/><T99/><D0/><U54/><E123/><V109/><F121/><W52/><G113/><T24/><D131/><U1/><E1/><V84/><F74/><W86/><G41/><T78/><D134/><U2/><E2/><V25/><F109/><W120/><G120/><T106/><D19/><U91/><E110/><V75/><F75/><W108/><G65/><N who="1" m="25194" /><E72/><V97/><F127/><N who="0" m="48682" /><D59/><U96/><E68/><V82/><F119/><W71/><G108/><T130/><D130/><U129/><E129/><V116/><F6/><W9/><G9/><T105/><D99/><U8/><E112/><V4/><F97/><W10/><G10/><T88/><D88/><U31/><E31/><V67/><F4/><W135/><G135/><T11/><D11/><U115/><E115/><V122/><F116/><W102/><G102/><T98/><D98/><U50/><E50/><V58/><F122/><W34/><G71/><T56/><D26/><U5/><E5/><V76/><F25/><W47/><G69/><T21/><D56/><U30/><E30/><V93/><F58/><W12/><G12/><T125/><N who="0" m="48690" /><T128/><DORA hai="15" /><D128/><U89/><E89/><V3/><F14/><W111/><G111/><T101/><D101/><U104/><E104/><V22/><F133/><W132/><G132/><T70/><D70/><U61/><E91/><V45/><F3/><W18/><G34/><T32/><D32/><U114/><E114/><V46/><F67/><W95/><G95/><T90/><D90/><U23/><E96/><V17/><F93/><W57/><G57/><T92/><D92/><RYUUKYOKU ba="0,0" sc="250,15,250,-15,250,-15,250,15" hai0="21,24,29,37,42,73,78,80,105,106" hai3="18,20,27,36,39,47,51,52,77,79,81,86,87" /><INIT seed="0,1,0,1,2,42" ten="265,235,235,265" oya="0" hai0="75,84,31,38,123,16,24,53,86,92,105,116,23" hai1="121,118,72,32,88,47,130,85,106,45,22,56,83" hai2="18,13,119,17,91,115,11,70,19,50,51,134,117" hai3="12,107,68,102,90,46,131,129,103,101,15,40,60"/><T39/><D116/><N who="2" m="44618" /><F70/><W3/><G3/><T97/><D75/><U87/><E118/><V62/><F115/><W111/><G111/><T98/><D123/><U25/><E121/><V109/><F109/><W6/><G107/><T54/><D105/><U43/><E106/><V20/><F134/><W0/><G90/><T64/><D64/><U79/><E72/><V2/><F62/><W4/><G60/><T28/><D39/><U52/><E32/><V21/><F91/><W125/><G68/><T133/><D38/><U112/><E43/><V30/><F51/><W63/><G63/><T37/><D37/><U82/><E130/><N who="3" m="49674" /><G125/><T49/><D98/><U99/><E99/><V10/><F50/><N who="3" m="26951" /><G0/><T5/><D133/><U110/><E110/><V95/><F95/><W94/><G94/><T100/><D54/><U126/><E126/><V58/><F58/><W44/><G44/><N who="0" m="27815" /><D5/><AGARI ba="1,0" hai="4,5,6,12,15,101,102,103" m="26951,49674" machi="5" ten="30,2000,0" yaku="19,1,52,1" doraHai="42" who="3" fromWho="0" sc="265,-23,235,0,235,0,265,23" /><INIT seed="1,0,0,4,0,47" ten="242,235,235,288" oya="1" hai0="118,84,15,41,110,86,69,6,19,115,0,77,117" hai1="124,92,101,85,12,72,36,94,67,23,78,34,125" hai2="29,90,102,45,74,40,10,3,39,131,18,43,38" hai3="133,58,55,4,91,120,2,66,50,14,44,81,79"/><U27/><E36/><V11/><F131/><W112/><G120/><T126/><D115/><U106/><E72/><V98/><F74/><W71/><G112/><T87/><D69/><U73/><E73/><V103/><F29/><W22/><G2/><T26/><D77/><U123/><E123/><V57/><F57/><W116/><G133/><T20/><D110/><U52/><E67/><V107/><F102/><W42/><G91/><T111/><D111/><U17/><E106/><V129/><F129/><W65/><G71/><T105/><D105/><U62/><E101/><V121/><F121/><W83/><G116/><T122/><D126/><N who="1" m="48747" /><E34/><V33/><F33/><W96/><G96/><T135/><D135/><U64/><E64/><N who="3" m="24682" /><G79/><T59/><D122/><U25/><E78/><V9/><F90/><W28/><G4/><T68/><D68/><U89/><E94/><V54/><F3/><W24/><G14/><T21/><D0/><U134/><E134/><V127/><F127/><W60/><AGARI ba="0,0" hai="22,24,28,42,44,50,55,58,60,81,83" m="24682" machi="60" ten="30,2000,0" yaku="8,1,52,1" doraHai="47" who="3" fromWho="3" sc="242,-5,235,-10,235,-5,288,20" /><INIT seed="2,0,0,2,5,17" ten="237,225,230,308" oya="2" hai0="46,85,57,112,33,18,69,111,133,129,48,117,35" hai1="91,128,14,15,21,5,114,93,50,22,127,6,19" hai2="39,81,134,30,119,84,80,28,72,75,116,130,124" hai3="38,65,44,49,126,54,135,37,13,68,60,58,20"/><V83/><F39/><N who="3" m="14859" /><G20/><N who="1" m="7786" /><E114/><V47/><F47/><W67/><G13/><N who="1" m="4618" /><E127/><V53/><F53/><N who="3" m="29863" /><G135/><T132/><D57/><U27/><E128/><V98/><F124/><W34/><G34/><T76/><D85/><N who="1" m="52463" /><E50/><V94/><F28/><W40/><G126/><T16/><D48/><U123/><E123/><V107/><F30/><W32/><G32/><T31/><D35/><U51/><E51/><V121/><F121/><W109/><G109/><T120/><D31/><U86/><E27/><V110/><F130/><W10/><G10/><T99/><D33/><U103/><E103/><N who="2" m="62967" /><F134/><W8/><G8/><T108/><D120/><U100/><E100/><V105/><F110/><W74/><G74/><N who="2" m="28201" /><F105/><W82/><G68/><T23/><D69/><U56/><E56/><V25/><F25/><W102/><G102/><T89/><D112/><U87/><E19/><V101/><F101/><W7/><G7/><AGARI ba="0,0" hai="5,6,7,86,87" m="52463,4618,7786" machi="7" ten="30,7700,0" yaku="8,1,52,3" doraHai="17" who="1" fromWho="3" sc="237,0,225,77,230,0,308,-77" /><INIT seed="3,0,0,4,3,4" ten="237,302,230,231" oya="3" hai0="68,85,32,0,80,104,22,59,132,111,28,95,117" hai1="124,105,97,66,52,135,30,21,25,55,100,98,122" hai2="127,70,40,82,41,56,86,123,125,36,18,112,106" hai3="39,107,118,6,35,73,83,128,9,20,34,60,5"/><W87/><G118/><T119/><D68/><U12/><E122/><V42/><F112/><W44/><G107/><T64/><D104/><U65/><E124/><N who="2" m="47691" /><F70/><W115/><G115/><T101/><D32/><U7/><E135/><V38/><F123/><W93/><G128/><T53/><D64/><U3/><E3/><V69/><F69/><W134/><G134/><T15/><D0/><U84/><E84/><V110/><F110/><W116/><G20/><T49/><D132/><U51/><E98/><V67/><F106/><W121/><G116/><T77/><D111/><U76/><E76/><N who="2" m="46407" /><F18/><W129/><G129/><T26/><D15/><U13/><E55/><V33/><F33/><W92/><G121/><T31/><D31/><U71/><E71/><V63/><AGARI ba="0,0" hai="36,38,40,41,42,56,63,67" m="46407,47691" machi="63" ten="40,1500,0" yaku="18,1" doraHai="4" who="2" fromWho="2" sc="237,-4,302,-4,230,15,231,-7" /><INIT seed="4,0,0,2,4,86" ten="233,298,245,224" oya="0" hai0="129,46,50,54,26,25,45,13,103,62,94,72,2" hai1="76,23,88,33,126,52,115,60,24,71,19,132,55" hai2="97,123,99,85,75,125,79,78,119,18,14,56,36" hai3="30,114,6,124,95,42,58,91,122,127,16,83,38"/><T32/><D2/><U39/><E39/><V12/><F75/><W105/><G105/><T135/><D72/><U34/><E76/><V131/><F36/><W57/><G114/><T51/><D32/><U107/><E107/><V96/><F123/><W59/><G122/><T37/><D37/><U92/><E115/><V10/><F125/><N who="3" m="48203" /><G30/><T35/><D35/><U66/><E126/><V134/><F131/><W49/><G6/><T89/><D103/><U81/><E81/><V101/><F134/><W47/><G83/><T21/><D62/><U0/><E0/><V109/><F109/><W29/><G29/><T63/><D63/><U118/><E118/><V93/><F119/><W77/><G77/><N who="2" m="29193" /><F56/><W116/><G116/><T74/><D74/><U8/><E132/><V9/><F85/><N who="3" m="52719" /><G16/><AGARI ba="0,0" hai="9,10,12,14,16,18,93,96,97,99,101" m="29193" machi="16" ten="30,2000,0" yaku="8,1,54,1" doraHai="86" who="2" fromWho="3" sc="233,0,298,0,245,20,224,-20" /><INIT seed="5,0,0,3,2,80" ten="233,298,265,204" oya="1" hai0="24,0,36,97,79,57,39,124,11,87,16,76,42" hai1="105,40,44,64,63,102,71,29,128,135,86,83,31" hai2="78,72,30,98,41,109,9,81,95,131,13,19,84" hai3="20,59,28,21,123,104,67,66,89,45,96,101,22"/><U46/><E128/><V55/><F131/><W3/><G123/><T61/><D124/><U33/><E135/><V68/><F109/><W99/><G3/><T108/><D108/><U106/><E46/><V100/><F68/><W49/><G28/><T4/><D97/><U77/><E102/><V8/><F41/><W58/><G66/><T125/><D125/><U14/><E14/><V132/><F30/><W75/><G75/><T69/><D69/><U116/><E116/><V113/><F113/><W115/><G67/><T10/><D42/><U121/><E121/><V18/><F132/><W118/><G118/><T111/><D111/><U112/><E112/><V114/><F114/><W88/><G115/><T127/><D127/><U32/><E29/><V47/><F72/><W5/><G5/><T15/><D24/><U27/><E32/><V2/><F2/><W43/><REACH who="3" step="1"/><G99/><REACH who="3" ten="233,298,265,194" step="2"/><T73/><D73/><U17/><E17/><V85/><F18/><W92/><G92/><T130/><D130/><U82/><E82/><N who="2" m="47191" /><F19/><W129/><G129/><T12/><D0/><U51/><AGARI ba="0,1" hai="27,31,33,40,44,51,63,64,71,77,83,86,105,106" machi="51" ten="20,3900,0" yaku="0,1,7,1,52,1" doraHai="80" who="1" fromWho="1" sc="233,-13,298,49,265,-13,194,-13" owari="220,-18.0,347,44.7,252,5.2,181,-31.9" /></mjloggm>