<mjloggm ver="2.3"><GO type="225" lobby="0"/><UN n0="%E3%83%B4%E3%83%A0%EF%BC%99%E3%81%A6" n1="%6D%75%75%6D%75%72%61" n2="%4B%2E%32%2E%4B%2E" n3="%E5%AF%82%E5%AF%9E%E3%82%AE%E3%83%8D%E3%82%B9%E3%83%93%E3%83%BC%E3%83%AB" dan="17,16,16,16" rate="2212.87,2201.74,2060.49,2142.66" sx="M,F,M,M"/><TAIKYOKU oya="0"/><INIT seed="0,0,0,3,1,93" ten="250,250,250,250" oya="0" hai0="0,67,90,51,25,7,3,26,23,133,74,50,61" hai1="2,127,123,45,81,38,75,72,121,76,98,48,116" hai2="107,17,91,47,97,36,9,86,109,80,66,56,113" hai3="129,132,124,31,114,62,105,125,92,5,53,135,134"/><T46/><D74/><U63/><E116/><V58/><F113/><W108/><G105/><T68/><D133/><U126/><E38/><V34/><F34/><W89/><G31/><T104/><D104/><U112/><E2/><V65/><F109/><W82/><G114/><T54/><D7/><U87/><E63/><V77/><F36/><W30/><G30/><T24/><D23/><U40/><E112/><V15/><F47/><W8/><G82/><T70/><D70/><U12/><E12/><V69/><F69/><W22/><G22/><T60/><D60/><U120/><REACH who="1" step="1"/><E98/><REACH who="1" ten="250,240,250,250" step="2"/><V29/><F97/><N who="3" m="57487" /><G108/><T73/><D51/><U102/><E102/><V14/><F14/><N who="3" m="5391" /><G129/><T100/><D100/><U95/><E95/><V6/><F107/><W85/><G85/><T42/><D0/><U94/><E94/><V131/><F131/><W119/><G119/><T79/><D3/><U57/><E57/><AGARI ba="0,1" hai="53,57,62,124,125,132,134,135" m="5391,57487" machi="57" ten="40,2600,0" yaku="20,1,52,1" doraHai="93" who="3" fromWho="1" sc="250,0,240,-26,250,0,250,36" /><INIT seed="1,0,0,0,2,122" ten="250,214,250,286" oya="1" hai0="125,110,56,11,88,113,75,7,132,63,101,35,46" hai1="79,74,80,129,114,130,95,44,83,40,3,107,31" hai2="115,8,53,2,16,68,49,37,43,135,15,85,29" hai3="36,111,124,6,12,13,87,108,77,23,127,73,5"/><U20/><E107/><V47/><F68/><W21/><G73/><T52/><D113/><U14/><E114/><V57/><F115/><W19/><G36/><T121/><D75/><U67/><E3/><V0/><F135/><W59/><G59/><T71/><D35/><U98/><E80/><V33/><REACH who="2" step="1"/><F85/><REACH who="2" ten="250,214,240,286" step="2"/><W9/><G87/><T10/><D132/><U84/><E84/><V51/><F51/><W27/><G77/><T42/><D71/><U126/><E129/><V102/><F102/><W28/><G5/><T103/><D121/><U86/><E130/><V34/><F34/><W118/><G118/><T65/><D101/><U94/><E74/><V72/><F72/><W78/><G78/><T30/><D103/><U76/><E76/><V112/><F112/><W134/><G134/><T100/><D100/><U131/><E131/><V93/><F93/><W64/><G64/><T92/><D65/><U58/><E95/><V70/><F70/><W69/><G69/><T38/><D125/><AGARI ba="0,1" hai="6,9,12,13,19,21,23,27,28,108,111,124,125,127" machi="125" ten="40,12000,2" yaku="18,1,34,3,52,2" doraHai="122" who="3" fromWho="0" sc="250,-120,214,0,240,0,286,130" /><INIT seed="2,0,0,5,3,9" ten="130,214,240,416" oya="2" hai0="12,121,79,48,25,96,4,54,99,11,22,111,128" hai1="78,65,20,114,129,33,104,39,23,119,21,64,24" hai2="92,43,134,8,58,63,57,112,28,123,135,14,86" hai3="77,60,13,30,98,94,0,47,107,103,69,51,38"/><V133/><F112/><W116/><G0/><T130/><D111/><U70/><E114/><V17/><F123/><W10/><G116/><T52/><D121/><U40/><E119/><V110/><F110/><W18/><G38/><T36/><D36/><U7/><E104/><V127/><F127/><W115/><G115/><T68/><D68/><U49/><E39/><V81/><F43/><W59/><G69/><T3/><D79/><U37/><E37/><V122/><F122/><W120/><G120/><T67/><D67/><U85/><E129/><N who="0" m="49769" /><D54/><U74/><E74/><V97/><F28/><W113/><G107/><T87/><D87/><U5/><E70/><V105/><F63/><W44/><G113/><T132/><D132/><U125/><E125/><V76/><REACH who="2" step="1"/><F105/><REACH who="2" ten="130,214,230,416" step="2"/><W6/><G30/><N who="0" m="17719" /><D3/><U117/><E40/><V53/><F53/><W42/><G60/><T93/><D93/><U19/><E65/><V72/><F72/><W106/><G42/><T88/><D88/><AGARI ba="0,1" hai="8,14,17,57,58,76,81,86,88,92,97,133,134,135" machi="88" ten="40,12000,1" yaku="1,1,20,1,52,1,54,1,53,0" doraHai="9" doraHaiUra="26" who="2" fromWho="0" sc="130,-120,214,0,230,130,416,0" /><INIT seed="2,1,0,5,5,32" ten="10,214,360,416" oya="2" hai0="16,72,68,40,125,117,130,67,65,85,83,7,15" hai1="108,23,50,103,1,105,112,19,46,77,69,95,44" hai2="98,2,11,84,113,131,29,51,36,49,80,38,71" hai3="70,47,121,116,66,99,58,17,6,87,78,104,0"/><V114/><F71/><W54/><G116/><T34/><D117/><U30/><E105/><V134/><F134/><W26/><G121/><T110/><D125/><U93/><E69/><V9/><F131/><W91/><G47/><T45/><D130/><U123/><E108/><V119/><F119/><W111/><G111/><T37/><D110/><U39/><E112/><V128/><F128/><W81/><G66/><T94/><D34/><U12/><E1/><V8/><F29/><W43/><G70/><T13/><D72/><U135/><E135/><V55/><F98/><W52/><G43/><T21/><D68/><U3/><E3/><V73/><F73/><W33/><G6/><T31/><D31/><U102/><E39/><V64/><F64/><W10/><G0/><T106/><D106/><U22/><E77/><V109/><F109/><W53/><G33/><T88/><D7/><U96/><E123/><V126/><F126/><W4/><G4/><T86/><REACH who="0" step="1"/><D13/><REACH who="0" ten="0,214,360,416" step="2"/><U56/><E30/><V24/><F2/><W48/><G104/><T133/><D133/><U129/><E129/><V97/><F113/><W74/><G74/><T120/><D120/><U107/><E107/><V122/><F114/><W61/><G26/><T132/><D132/><U90/><E12/><V20/><F122/><W35/><G35/><T25/><D25/><U14/><E14/><V42/><F24/><W57/><G17/><T127/><D127/><U60/><E19/><V18/><F18/><W115/><G115/><T28/><D28/><U63/><E22/><V75/><F20/><W62/><G10/><RYUUKYOKU ba="1,1" sc="0,30,214,-10,360,-10,416,-10" hai0="15,16,21,37,40,45,65,67,83,85,86,88,94" /><INIT seed="3,2,1,5,3,38" ten="30,204,350,406" oya="3" hai0="106,14,58,86,19,40,43,12,122,15,5,37,13" hai1="119,80,17,84,125,113,129,7,41,101,64,102,109" hai2="107,63,127,126,30,0,89,42,85,67,46,33,104" hai3="49,78,69,97,94,60,114,116,56,108,72,53,115"/><W118/><G78/><T28/><D37/><U34/><E113/><N who="3" m="43018" /><G94/><T11/><D106/><U65/><E109/><V16/><F0/><W23/><G97/><T25/><D122/><U66/><E125/><N who="2" m="47627" /><F30/><W3/><G23/><T92/><N who="0" m="3072" /><DORA hai="57" /><T81/><D19/><U27/><E129/><V82/><F33/><W10/><G10/><T76/><D11/><U24/><E66/><V123/><F16/><W39/><G72/><T91/><D5/><U100/><E80/><V2/><F2/><W117/><G3/><T62/><D25/><U71/><E100/><V55/><F55/><N who="3" m="33823" /><G39/><T35/><D35/><U83/><E84/><V18/><F123/><W73/><G73/><T111/><D111/><U1/><E71/><N who="2" m="42495" /><F18/><W99/><G99/><T135/><D135/><U88/><E88/><V121/><F121/><W74/><G74/><T22/><D22/><U20/><E83/><V32/><F32/><W98/><G98/><T68/><D68/><U51/><E101/><V47/><F47/><N who="3" m="27839" /><G69/><T128/><D128/><U90/><E90/><V77/><F77/><W54/><G54/><T120/><D120/><U61/><E102/><V29/><F29/><W110/><AGARI ba="2,1" hai="108,110,116,117,118" m="27839,33823,43018" machi="110" ten="40,7800,0" yaku="34,2,52,1" doraHai="38,57" who="3" fromWho="3" sc="30,-28,204,-28,350,-28,406,94" owari="2,-49.8,176,-22.4,322,12.2,500,60.0" /></mjloggm>