<mjloggm ver="2.3"><GO type="225" lobby="0"/><UN n0="%4E%49%4A%49%49%52%4F" n1="%E9%80%9F%E6%B0%B4%E5%87%9B%E9%A6%99" n2="%E5%A4%8F%E9%88%B4%E9%88%B4%E5%A4%8F" n3="%E3%81%82%E3%81%84%E3%81%82%E3%81%8A%E3%81%84" dan="16,16,16,18" rate="2151.85,2117.91,2131.07,2181.18" sx="M,F,M,M"/><TAIKYOKU oya="0"/><INIT seed="0,0,0,1,1,94" ten="250,250,250,250" oya="0" hai0="40,63,46,22,55,57,12,130,89,28,109,29,122" hai1="104,107,10,74,25,66,67,123,47,118,48,60,5" hai2="110,15,73,113,88,71,39,23,2,27,103,34,36" hai3="116,37,79,44,95,3,100,35,112,92,8,52,76"/><T54/><D122/><U16/><E123/><V45/><F2/><W4/><G112/><T105/><D105/><U38/><E74/><V125/><F113/><W17/><G35/><T85/><D130/><U99/><E38/><V90/><F73/><W30/><G30/><T135/><D135/><U91/><E118/><V131/><F71/><W0/><G0/><T49/><D109/><U51/><E51/><V61/><F34/><W111/><G116/><T65/><D12/><U81/><E107/><V93/><F61/><W133/><G133/><T11/><D11/><U32/><E32/><V6/><F125/><W101/><G111/><T42/><D42/><U120/><E120/><V83/><F103/><W53/><G37/><T68/><D22/><U106/><E106/><V102/><F102/><W62/><G62/><T134/><D134/><U24/><E104/><V72/><F45/><W21/><G101/><T43/><D43/><U7/><E60/><V96/><F131/><W108/><G108/><T117/><D117/><U13/><E66/><V82/><F82/><W58/><G58/><T41/><D41/><N who="1" m="24687" /><E67/><V70/><F70/><W84/><G44/><T64/><D64/><U132/><E132/><V98/><F110/><W33/><G33/><T121/><D121/><U75/><E75/><V69/><F69/><W119/><G119/><T56/><D68/><U124/><E124/><V77/><F39/><W26/><G100/><T14/><D65/><U1/><E81/><V115/><F36/><W97/><G3/><T20/><D63/><U127/><E127/><V50/><F115/><RYUUKYOKU ba="0,0" sc="250,0,250,0,250,0,250,0" /><INIT seed="1,1,0,2,2,50" ten="250,250,250,250" oya="1" hai0="109,4,43,68,33,78,85,30,116,69,3,70,121" hai1="107,6,35,127,42,75,12,0,96,36,38,130,90" hai2="82,53,2,98,128,93,34,72,80,95,61,13,110" hai3="65,123,54,11,86,25,105,94,108,10,119,41,131"/><U120/><E120/><V71/><F2/><W83/><G123/><T31/><D121/><U133/><E75/><V37/><F34/><W1/><G105/><T57/><D109/><U51/><E0/><V46/><F110/><W49/><G108/><T117/><D43/><U103/><E35/><V15/><F128/><W20/><G131/><T63/><D4/><U47/><E36/><V122/><F122/><W55/><G119/><T66/><D3/><U5/><E38/><V39/><F39/><W79/><G65/><T97/><D97/><U64/><E130/><V102/><F72/><W24/><G1/><T73/><D73/><U14/><E133/><V44/><F37/><W59/><G41/><T74/><D74/><U21/><E127/><V115/><F95/><W67/><G67/><T45/><D45/><N who="2" m="17514" /><F71/><W89/><G55/><T77/><D33/><U22/><E64/><V91/><F115/><W104/><G104/><T56/><D85/><U134/><E134/><V92/><F82/><W135/><G25/><T126/><D126/><U27/><E90/><V7/><F80/><W132/><G132/><T8/><D8/><U28/><REACH who="1" step="1"/><E22/><REACH who="1" ten="250,240,250,250" step="2"/><V9/><F91/><W32/><G32/><T40/><D117/><U19/><E19/><V88/><F7/><AGARI ba="1,1" hai="5,6,7,12,14,21,27,28,42,47,51,96,103,107" machi="7" ten="40,2000,0" yaku="1,1,53,0" doraHai="50" doraHaiUra="124" who="1" fromWho="2" sc="250,0,240,33,250,-23,250,0" /><INIT seed="1,2,0,1,2,12" ten="250,273,227,250" oya="1" hai0="38,111,48,13,32,73,19,85,9,50,43,107,68" hai1="53,21,88,1,99,105,37,90,94,103,28,72,52" hai2="42,77,64,123,7,60,129,81,92,3,132,23,104" hai3="10,120,69,25,49,6,44,126,106,14,135,11,55"/><U35/><E1/><V89/><F104/><W79/><G120/><T118/><D118/><U0/><E0/><V74/><F123/><W84/><G106/><T121/><D111/><U97/><E37/><V16/><F42/><W91/><G69/><T83/><D121/><U66/><E72/><V31/><F31/><W4/><G126/><T33/><D68/><U5/><E5/><V124/><F124/><W39/><G135/><T113/><D113/><U30/><E35/><V8/><F129/><W70/><G70/><T40/><D107/><U127/><E127/><V63/><F64/><W15/><G39/><T114/><D73/><U75/><E75/><V67/><F67/><W117/><G117/><T108/><D108/><U71/><E71/><V86/><REACH who="2" step="1"/><F132/><REACH who="2" ten="250,273,217,250" step="2"/><W119/><G119/><T87/><D114/><U76/><E66/><V17/><F17/><W58/><G79/><T54/><D43/><U116/><E76/><V130/><F130/><W36/><G36/><T24/><D40/><U20/><E116/><V29/><F29/><W78/><G78/><T115/><D38/><U26/><E90/><V96/><F96/><W100/><G100/><T122/><D122/><U57/><E57/><V80/><F80/><W27/><G58/><T131/><D83/><AGARI ba="2,1" hai="4,6,10,11,14,15,25,27,44,49,55,83,84,91" machi="83" ten="30,3900,0" yaku="7,1,9,1,8,1" doraHai="12" who="3" fromWho="0" sc="250,-45,273,0,217,0,250,55" /><INIT seed="2,0,0,0,1,10" ten="205,273,217,305" oya="2" hai0="8,50,45,97,54,80,42,123,62,76,29,91,95" hai1="28,33,26,15,46,14,89,134,41,58,92,119,61" hai2="44,38,6,132,117,17,32,19,18,114,16,72,126" hai3="113,0,81,55,90,94,13,66,34,79,60,84,108"/><V20/><F114/><W125/><G0/><T131/><D123/><U59/><E119/><V12/><F117/><W47/><G34/><T130/><D29/><U27/><E134/><V121/><F121/><W40/><G108/><T135/><D135/><U63/><E46/><V77/><F132/><W103/><G125/><T118/><D118/><U99/><E41/><V35/><F126/><W53/><G103/><T49/><D62/><U74/><E74/><V36/><F6/><W21/><G113/><T127/><D127/><U11/><E11/><V2/><F2/><W56/><G21/><T3/><D3/><U4/><E4/><V87/><F72/><W30/><G30/><T64/><D64/><U93/><E93/><V57/><F57/><W116/><G13/><N who="1" m="4618" /><E33/><V106/><F106/><W110/><G110/><T82/><D8/><U37/><E37/><V88/><F38/><W51/><G116/><T107/><D107/><U69/><E28/><V39/><F39/><W96/><AGARI ba="0,0" hai="40,47,51,53,55,56,60,66,79,81,84,90,94,96" machi="96" ten="20,2700,0" yaku="0,1,7,1,8,1" doraHai="10" who="3" fromWho="3" sc="205,-7,273,-7,217,-13,305,27" /><INIT seed="3,0,0,0,5,133" ten="198,266,204,332" oya="3" hai0="109,0,69,132,87,45,54,88,128,14,60,36,71" hai1="27,19,46,76,83,126,84,7,98,124,22,17,63" hai2="24,15,101,130,66,123,129,97,57,59,79,6,47" hai3="99,89,100,81,18,93,55,2,28,108,73,80,120"/><W53/><G2/><T12/><D0/><U10/><E98/><V118/><F118/><W38/><G38/><T64/><D132/><U77/><E63/><V85/><F123/><W113/><G113/><T112/><D112/><U50/><E77/><V114/><F114/><W116/><G28/><T44/><D71/><U95/><E95/><N who="2" m="58559" /><F66/><W119/><G18/><T106/><D106/><U92/><E92/><V30/><F47/><W43/><G43/><T49/><D109/><U20/><E10/><N who="2" m="4567" /><F85/><W94/><G73/><T56/><D128/><N who="2" m="49258" /><F79/><W110/><G120/><T41/><D45/><U34/><E34/><AGARI ba="0,0" hai="24,30,34,57,59" m="49258,4567,58559" machi="34" ten="30,1000,0" yaku="19,1" doraHai="133" who="2" fromWho="1" sc="198,0,266,-10,204,10,332,0" owari="198,-30.2,256,5.6,214,-18.6,332,43.2" /></mjloggm>