<mjloggm ver="2.3"><GO type="225" lobby="0"/><UN n0="%E9%80%9F%E6%B0%B4%E5%87%9B%E9%A6%99" n1="%72%69%6F%75%63%68%61%6E" n2="%E7%89%B9%E6%9D%B1%E3%81%AF%E4%B8%96%E7%95%8C%E3%82%92%E6%95%91%E3%81%86" n3="%E3%82%82%E3%81%90%E3%82%89" dan="17,16,16,16" rate="2170.33,2186.36,2086.72,2157.32" sx="F,M,M,M"/><TAIKYOKU oya="0"/><INIT seed="0,0,0,4,2,52" ten="250,250,250,250" oya="0" hai0="90,13,107,78,21,55,112,97,109,12,111,132,114" hai1="42,14,102,3,41,1,71,8,5,33,113,58,127" hai2="131,119,118,81,56,85,44,77,34,4,38,73,23" hai3="22,120,36,92,98,20,95,49,130,62,128,72,54"/><T7/><D78/><U74/><E71/><V50/><F34/><W63/><G36/><T0/><D107/><U101/><E127/><V116/><F131/><N who="3" m="50219" /><G72/><T11/><D97/><U65/><E33/><V88/><F4/><W60/><G120/><T105/><D90/><U46/><E74/><V67/><F38/><W64/><G64/><T53/><D105/><U103/><E113/><N who="0" m="43625" /><D55/><U121/><E121/><V51/><F23/><N who="3" m="8747" /><G98/><T135/><D53/><U47/><E47/><AGARI ba="0,0" hai="47,49,54,60,62,63,92,95" m="8747,50219" machi="47" ten="30,1000,0" yaku="19,1" doraHai="52" who="3" fromWho="1" sc="250,0,250,-10,250,0,250,10" /><INIT seed="1,0,0,4,3,119" ten="250,240,250,260" oya="1" hai0="56,61,60,132,97,92,95,112,58,117,108,128,15" hai1="27,24,91,34,63,49,83,44,47,124,98,80,11" hai2="79,22,29,116,3,94,25,111,21,36,122,53,9" hai3="84,104,75,76,131,18,37,93,133,20,127,89,125"/><U110/><E124/><N who="3" m="47690" /><G37/><T88/><D117/><U65/><E110/><V38/><F116/><W113/><G20/><T69/><D112/><U1/><E44/><V10/><F111/><W77/><G18/><T107/><D107/><U71/><E34/><V30/><F79/><W64/><G64/><T121/><D108/><U101/><E83/><V135/><F135/><W55/><G55/><T134/><D128/><U39/><E39/><V96/><F53/><W0/><G0/><T118/><D118/><U17/><E80/><V7/><F9/><W105/><G113/><T50/><D69/><U12/><E91/><V99/><F99/><W46/><G46/><T100/><D121/><U19/><E1/><V67/><F67/><W90/><G131/><T32/><D32/><U42/><REACH who="1" step="1"/><E19/><REACH who="1" ten="250,230,250,260" step="2"/><V51/><F36/><W2/><G2/><T54/><D134/><U8/><E8/><V78/><F38/><W114/><G133/><T73/><D132/><U85/><E85/><V81/><F81/><N who="3" m="45215" /><G114/><T40/><D73/><U74/><E74/><V57/><F3/><W6/><G77/><T102/><D40/><U28/><E28/><V106/><F78/><W43/><G43/><T4/><D58/><U129/><E129/><V41/><F57/><W66/><G6/><T52/><D54/><U130/><E130/><V120/><F41/><W5/><G5/><T48/><D4/><U62/><E62/><N who="0" m="24169" /><D50/><U35/><E35/><V86/><F51/><W70/><G90/><T23/><D95/><AGARI ba="0,1" hai="11,12,17,24,27,42,47,49,63,65,71,95,98,101" machi="95" ten="30,5800,0" yaku="1,1,7,1,53,1" doraHai="119" doraHaiUra="59" who="1" fromWho="0" sc="250,-58,230,68,250,0,260,0" /><INIT seed="1,1,0,1,3,57" ten="192,298,250,260" oya="1" hai0="49,79,121,109,63,0,77,97,64,19,129,122,42" hai1="133,106,59,39,105,94,16,68,112,70,35,110,132" hai2="114,73,127,62,46,119,85,78,40,100,74,81,108" hai3="30,87,2,38,65,11,135,82,115,27,55,89,48"/><U71/><E112/><V113/><F119/><W58/><G115/><N who="2" m="44041" /><F108/><W23/><G135/><N who="1" m="51786" /><E39/><N who="2" m="21791" /><F127/><W124/><G124/><T102/><D0/><U47/><E47/><V22/><F100/><W36/><G2/><T123/><D109/><U7/><E7/><V128/><F128/><W126/><G126/><T50/><D129/><U107/><E110/><V8/><F22/><W6/><REACH who="3" step="1"/><G65/><REACH who="3" ten="192,298,250,250" step="2"/><T90/><D90/><U84/><E35/><V4/><F62/><W33/><G33/><T91/><D91/><N who="1" m="53607" /><E59/><V13/><AGARI ba="1,1" hai="4,8,13,73,74,78,81,85" m="21791,44041" machi="13" ten="30,1100,0" yaku="11,1" doraHai="57" who="2" fromWho="2" sc="192,-4,298,-6,250,24,250,-4" /><INIT seed="2,0,0,3,4,70" ten="188,292,274,246" oya="2" hai0="78,49,28,73,59,102,108,120,123,7,124,31,63" hai1="6,87,103,89,117,114,9,84,82,29,5,129,53" hai2="39,12,118,58,100,107,132,131,35,69,18,13,51" hai3="95,67,109,42,61,24,0,22,115,121,33,106,27"/><V23/><F118/><W75/><G121/><T54/><D108/><U134/><E114/><V97/><F69/><W8/><G106/><T25/><D124/><U91/><E117/><V104/><F35/><W105/><G105/><T76/><D123/><U34/><E129/><V14/><F131/><W10/><G75/><T30/><D120/><U45/><E134/><V20/><F132/><W96/><G109/><T66/><D73/><U41/><E103/><V77/><F104/><W79/><G79/><T86/><D102/><U116/><E116/><V128/><F128/><W60/><G0/><T74/><D74/><U55/><E29/><V64/><F77/><W122/><G122/><T98/><D98/><U37/><E34/><V36/><F51/><W92/><G22/><T50/><D7/><U111/><E111/><V99/><F97/><W135/><G96/><T127/><D127/><U43/><E43/><V47/><F47/><W38/><G42/><T40/><D25/><U52/><REACH who="1" step="1"/><E9/><REACH who="1" ten="188,282,274,246" step="2"/><V3/><F100/><W2/><G33/><T125/><D125/><U65/><E65/><V48/><F64/><W19/><G67/><T68/><D40/><U94/><AGARI ba="0,1" hai="5,6,37,41,45,52,53,55,82,84,87,89,91,94" machi="94" ten="30,7900,0" yaku="1,1,0,1,52,1,54,1,53,0" doraHai="70" doraHaiUra="130" who="1" fromWho="1" sc="188,-20,282,89,274,-39,246,-20" /><INIT seed="3,0,0,3,0,133" ten="168,371,235,226" oya="3" hai0="33,38,3,79,69,98,91,117,26,97,114,11,103" hai1="108,129,107,74,124,73,37,67,15,34,7,134,118" hai2="18,25,64,66,5,44,84,10,56,61,36,77,19" hai3="59,17,120,76,21,41,52,90,88,23,46,24,63"/><W94/><G120/><T0/><D117/><U85/><RYUUKYOKU type="yao9" ba="0,0" sc="168,0,371,0,235,0,226,0" hai1="7,15,34,37,67,73,74,85,107,108,118,124,129,134" /><INIT seed="3,1,0,5,4,96" ten="168,371,235,226" oya="3" hai0="55,30,101,38,78,132,88,58,8,6,3,18,42" hai1="130,23,134,5,37,92,56,19,11,27,82,90,105" hai2="63,79,9,127,1,125,109,21,116,131,104,41,93" hai3="124,86,44,113,133,33,59,97,4,24,34,110,65"/><W22/><G113/><T52/><D132/><U123/><E123/><V20/><F104/><W70/><G133/><T36/><D30/><U10/><E105/><V89/><F116/><W119/><G119/><T76/><D18/><U91/><E37/><V74/><F41/><W128/><G124/><N who="2" m="47689" /><F109/><W75/><G75/><T98/><D55/><U17/><E134/><V61/><F79/><W48/><G128/><T32/><D32/><U103/><E130/><V12/><F1/><W62/><G110/><T69/><D69/><U111/><E111/><V45/><F45/><W7/><G34/><T85/><D42/><U35/><E35/><V71/><F74/><W94/><G70/><T13/><D3/><U95/><E56/><V83/><F83/><W87/><G7/><T28/><D28/><U117/><E117/><V31/><F31/><N who="3" m="17815" /><G4/><T107/><D38/><U106/><E82/><V121/><F121/><W51/><G33/><T2/><D2/><U120/><E120/><V80/><F80/><W43/><G51/><T122/><D122/><U135/><E135/><V84/><F131/><W66/><G66/><T29/><D29/><U53/><E5/><N who="2" m="3119" /><F71/><W72/><G72/><T50/><D36/><U0/><E0/><V81/><F81/><AGARI ba="1,0" hai="6,8,13,50,52,58,76,78,81,85,88,98,101,107" machi="81" ten="30,7700,0" yaku="7,1,52,1,54,2" doraHai="96" who="0" fromWho="2" sc="168,80,371,0,235,-80,226,0" owari="248,4.8,371,47.1,155,-34.5,226,-17.4" /></mjloggm>