<mjloggm ver="2.3"><GO type="225" lobby="0"/><UN n0="%E4%BA%95%E5%B8%AF" n1="%EF%BC%B3%E3%81%9E%E3%81%88%E2%98%86" n2="%72%69%6F%75%63%68%61%6E" n3="%E9%BB%92%E9%89%84%E7%8F%A0%E9%9B%AB" dan="16,16,16,16" rate="2048.04,2089.99,2220.67,2187.20" sx="M,F,M,M"/><TAIKYOKU oya="0"/><INIT seed="0,0,0,3,5,17" ten="250,250,250,250" oya="0" hai0="74,38,88,77,25,89,120,93,3,135,56,69,129" hai1="107,5,6,54,126,128,23,78,36,122,132,109,111" hai2="59,28,37,39,84,52,22,42,124,41,40,27,18" hai3="68,16,79,76,60,13,100,67,81,134,90,61,53"/><T105/><D69/><U95/><E107/><V49/><F124/><W48/><G134/><T70/><D120/><U110/><E122/><V104/><F104/><W46/><G100/><T66/><D105/><U33/><E33/><V85/><REACH who="2" step="1"/><F28/><REACH who="2" ten="250,250,240,250" step="2"/><W119/><G119/><T127/><D127/><U113/><E126/><V4/><F4/><W82/><G61/><T112/><D135/><U125/><E6/><V87/><AGARI ba="0,1" hai="18,22,27,37,39,40,41,42,49,52,59,84,85,87" machi="87" ten="30,7900,0" yaku="1,1,0,1,52,1,54,1,53,0" doraHai="17" doraHaiUra="108" who="2" fromWho="2" sc="250,-39,250,-20,240,89,250,-20" /><INIT seed="1,0,0,0,0,95" ten="211,230,329,230" oya="1" hai0="0,125,36,86,18,72,114,106,42,29,68,109,93" hai1="100,57,96,7,24,44,89,135,94,107,43,129,60" hai2="118,23,84,8,39,35,88,82,27,17,1,119,21" hai3="133,126,75,5,117,45,122,62,14,69,77,101,53"/><U124/><E129/><V85/><F39/><W131/><G122/><T56/><D18/><U38/><E135/><V128/><F128/><W74/><G131/><T115/><D56/><U9/><E124/><V55/><F35/><W48/><G133/><T111/><D29/><U103/><E24/><V54/><F1/><W120/><G120/><T104/><D42/><U123/><E107/><N who="0" m="41001" /><D68/><U112/><E112/><N who="0" m="43049" /><D36/><U51/><E38/><V105/><F105/><W98/><G126/><T28/><D28/><U31/><E31/><N who="2" m="17903" /><F8/><W33/><G33/><T61/><D61/><U26/><E26/><N who="2" m="14703" /><F119/><W92/><G117/><T32/><D0/><U121/><E121/><V58/><F58/><W37/><G37/><T6/><D6/><U41/><E41/><V67/><F118/><W63/><G69/><T10/><D10/><U73/><E73/><V30/><F30/><W4/><G75/><T102/><D32/><U15/><E123/><V13/><F67/><AGARI ba="0,0" hai="7,9,15,43,44,51,57,60,67,89,94,96,100,103" machi="67" ten="30,5800,0" yaku="7,1,8,1,52,1" doraHai="95" who="1" fromWho="2" sc="211,0,230,58,329,-58,230,0" /><INIT seed="1,1,0,0,5,65" ten="211,288,271,230" oya="1" hai0="41,47,3,61,15,70,30,75,115,132,80,69,126" hai1="99,2,82,135,22,52,83,111,79,7,49,60,113" hai2="77,57,85,109,92,56,37,44,95,134,114,62,11" hai3="104,53,17,42,103,84,106,130,67,0,28,74,121"/><U107/><E113/><V124/><F109/><W129/><G74/><T97/><D3/><U112/><E112/><V122/><F122/><W32/><G121/><T76/><D115/><U96/><E107/><V63/><F114/><W31/><G0/><T72/><D126/><U46/><E111/><V10/><F124/><W102/><G42/><T105/><D132/><U90/><E135/><V5/><F134/><W24/><G17/><T127/><D127/><U18/><E90/><V131/><F131/><N who="3" m="50187" /><G31/><T87/><D30/><U71/><E83/><N who="2" m="47343" /><F37/><W110/><G110/><T45/><D15/><U68/><E7/><V48/><F57/><W16/><G16/><T93/><D105/><N who="3" m="40553" /><G67/><T13/><D13/><U91/><E2/><V50/><F62/><W128/><N who="3" m="50195" /><W55/><DORA hai="36" /><G84/><T59/><D47/><U29/><E60/><V9/><F5/><W25/><G25/><T120/><D75/><U21/><E29/><V117/><F117/><W39/><G39/><T38/><D72/><U33/><E33/><V40/><F48/><W54/><AGARI ba="1,0" hai="24,28,32,53,54,55,102,103" m="40553,50195" machi="54" ten="50,1600,0" yaku="19,1" doraHai="65,36" who="3" fromWho="3" sc="211,-5,288,-9,271,-5,230,19" /><INIT seed="2,0,0,2,5,123" ten="206,279,266,249" oya="2" hai0="129,40,62,111,59,17,112,107,88,37,44,48,8" hai1="36,108,85,102,115,74,26,16,114,94,110,11,70" hai2="31,71,119,131,75,73,128,2,39,57,56,13,81" hai3="69,118,32,87,35,66,78,122,14,3,21,43,126"/><V95/><F119/><W42/><G118/><T41/><D112/><U72/><E70/><V83/><F2/><W82/><G3/><T92/><D129/><N who="2" m="49738" /><F71/><W58/><G69/><T106/><D40/><U45/><E36/><V33/><F39/><W46/><G122/><T63/><D37/><U53/><E53/><V19/><F95/><W127/><G43/><T133/><D133/><U80/><E45/><V54/><F56/><W117/><G117/><T89/><D63/><U105/><E105/><V99/><F99/><W77/><G77/><T12/><D111/><N who="1" m="42539" /><E102/><V20/><F31/><W55/><G66/><T38/><D38/><U100/><E100/><V68/><F33/><W97/><G97/><T101/><D101/><U65/><E94/><V30/><F30/><W47/><G42/><T24/><D89/><N who="1" m="51367" /><E65/><V104/><F104/><W132/><G132/><T130/><D130/><U98/><E98/><V103/><F103/><W0/><G0/><T25/><D107/><U7/><E115/><V4/><F68/><W29/><G47/><T67/><REACH who="0" step="1"/><D106/><REACH who="0" ten="196,279,266,249" step="2"/><U18/><E114/><V50/><F83/><W113/><G82/><T64/><D64/><U15/><E26/><N who="2" m="14623" /><F81/><W125/><G113/><T1/><D1/><U9/><E74/><V60/><F60/><W51/><G125/><T10/><D10/><AGARI ba="0,1" hai="4,10,13,50,54,57,73,75" m="14623,49738" machi="10" ten="30,1500,0" yaku="19,1" doraHai="123" who="2" fromWho="0" sc="196,-15,279,0,266,25,249,0" /><INIT seed="2,1,0,3,1,107" ten="181,279,291,249" oya="2" hai0="42,111,40,69,97,117,15,46,106,9,122,81,14" hai1="47,114,25,77,115,123,101,7,94,3,99,134,33" hai2="56,50,79,68,84,124,121,32,104,29,6,76,20" hai3="67,74,78,39,30,35,49,102,31,119,95,57,113"/><V80/><F121/><W65/><G119/><T51/><D122/><U130/><E123/><V92/><F104/><W4/><G39/><T63/><D117/><U66/><E130/><V72/><F32/><W116/><G116/><T45/><D111/><U120/><E120/><V11/><F68/><W34/><G4/><T21/><D21/><U53/><E134/><V43/><F124/><W100/><G95/><T83/><D14/><U2/><E66/><V127/><F127/><W118/><G118/><T110/><D110/><U64/><E64/><V85/><F79/><W22/><G78/><T24/><D24/><U26/><E26/><V38/><F92/><W135/><G22/><T0/><D0/><U16/><E77/><V132/><F132/><W109/><G49/><T96/><D63/><U10/><E3/><N who="2" m="479" /><F29/><W129/><G57/><T131/><D131/><U87/><E87/><V103/><F103/><W58/><G58/><T59/><D59/><U90/><E33/><V44/><F20/><W125/><G129/><T27/><D27/><U71/><E71/><V133/><F133/><W17/><G135/><T70/><D70/><U82/><E101/><V126/><F126/><W61/><G61/><T55/><D69/><U108/><E108/><V23/><F23/><W36/><G109/><T86/><D106/><U5/><E115/><V105/><F105/><W91/><G125/><T88/><D83/><U62/><E82/><V48/><F56/><W73/><G113/><T128/><D128/><U93/><E114/><V98/><F98/><N who="0" m="37994" /><D46/><U54/><E47/><N who="2" m="24055" /><F48/><W89/><G36/><RYUUKYOKU ba="1,0" sc="181,10,279,-30,291,10,249,10" hai0="9,15,40,42,45,51,55,81,86,88" hai2="44,50,72,76,80,84,85" hai3="17,30,31,34,35,65,67,73,74,89,91,100,102" /><INIT seed="2,2,0,5,4,129" ten="191,249,301,259" oya="2" hai0="132,85,13,88,47,56,82,135,36,58,11,130,108" hai1="20,30,55,99,102,90,67,53,121,81,127,107,80" hai2="94,111,91,1,69,43,76,16,109,51,46,23,25" hai3="125,44,4,5,35,24,71,3,49,124,31,110,83"/><V52/><F69/><W33/><G71/><T59/><D130/><U2/><E2/><V28/><F1/><W89/><G35/><T72/><D72/><U114/><E114/><V14/><F76/><W100/><G100/><T86/><D108/><N who="2" m="41546" /><F43/><W61/><G61/><T27/><D27/><U60/><E127/><N who="3" m="48714" /><G3/><T10/><D86/><U101/><E121/><V0/><F0/><W19/><G19/><T116/><D116/><U113/><E113/><V104/><F104/><W126/><N who="3" m="48722" /><W50/><DORA hai="12" /><G110/><T120/><D120/><U18/><E30/><V68/><F68/><W106/><G106/><T119/><D119/><U66/><E102/><V54/><F51/><N who="3" m="19467" /><G44/><T105/><D105/><U62/><E60/><V97/><F46/><W95/><G83/><T21/><D47/><U65/><E81/><V17/><F17/><W29/><G29/><T45/><D45/><U131/><E62/><V112/><F112/><W38/><G38/><T7/><D36/><U118/><E131/><V73/><F73/><W34/><G34/><AGARI ba="2,0" hai="14,16,23,25,28,34,52,54,91,94,97" m="41546" machi="34" ten="30,12000,1" yaku="14,1,10,1,52,1,54,2" doraHai="129,12" who="2" fromWho="3" sc="191,0,249,0,301,126,259,-126" /><INIT seed="2,3,0,0,4,33" ten="191,249,427,133" oya="2" hai0="60,110,101,32,113,55,7,10,27,34,13,81,106" hai1="30,11,84,112,70,36,78,87,8,117,31,98,91" hai2="131,3,124,105,50,4,6,104,48,102,2,21,42" hai3="18,122,25,35,88,15,103,77,23,99,68,16,49"/><V121/><F102/><W86/><G122/><T108/><D113/><U24/><E70/><V62/><F21/><W14/><G68/><T1/><D81/><U129/><E36/><V47/><F62/><W56/><G77/><T74/><D74/><U17/><E117/><V83/><F83/><W29/><G56/><T85/><D85/><N who="1" m="32843" /><E78/><V127/><F131/><W54/><G49/><N who="2" m="19049" /><F121/><W92/><G54/><T57/><D13/><U95/><E129/><V28/><F28/><N who="1" m="10793" /><E112/><V130/><F130/><W132/><G132/><T90/><D90/><U65/><E65/><V43/><F47/><W20/><G86/><T119/><D119/><U40/><E40/><N who="2" m="15403" /><F4/><W39/><REACH who="3" step="1"/><G103/><REACH who="3" ten="191,249,427,123" step="2"/><T75/><D75/><U82/><E82/><V133/><F133/><W128/><G128/><T135/><D135/><U126/><E98/><V12/><F12/><W66/><G66/><T26/><D101/><U53/><E53/><V96/><F96/><W52/><G52/><T76/><D76/><U125/><E91/><V5/><F5/><W116/><G116/><T114/><D114/><U72/><E72/><V79/><F79/><W73/><G73/><T100/><D100/><U94/><E94/><V41/><F41/><W109/><G109/><N who="0" m="42091" /><D106/><N who="2" m="41066" /><F6/><W118/><G118/><T63/><D63/><U61/><E95/><V120/><F120/><W19/><G19/><T123/><D123/><U97/><E61/><V111/><F111/><W22/><G22/><T67/><D67/><U37/><E97/><V115/><F115/><W89/><G89/><T59/><D59/><U107/><E107/><V45/><F45/><RYUUKYOKU ba="3,1" sc="191,10,249,-30,427,10,123,10" hai0="1,7,10,26,27,32,34,55,57,60" hai2="2,3,124,127" hai3="14,15,16,18,20,23,25,29,35,39,88,92,99" /><INIT seed="2,4,1,3,0,108" ten="201,219,437,133" oya="2" hai0="103,119,89,6,37,123,72,83,48,67,52,8,7" hai1="47,101,59,2,40,5,131,132,125,41,4,70,75" hai2="109,23,120,134,45,49,36,115,14,135,63,71,93" hai3="121,51,79,53,95,58,74,16,42,65,62,116,61"/><V20/><F115/><W15/><G116/><T128/><D123/><U38/><E70/><V57/><F120/><W106/><G106/><T69/><D119/><U30/><E75/><V129/><F109/><W102/><G121/><T21/><D128/><U105/><E131/><V90/><F71/><W11/><G42/><T78/><D37/><U85/><E41/><V55/><F36/><W111/><G111/><T117/><D117/><U86/><E132/><N who="2" m="50731" /><F14/><W18/><G74/><T81/><D103/><U43/><E43/><N who="2" m="24767" /><F129/><W130/><G79/><T64/><D69/><U76/><E76/><V99/><AGARI ba="4,1" hai="20,23,55,57,63,90,93,99" m="24767,50731" machi="99" ten="30,1500,0" yaku="20,1" doraHai="108" who="2" fromWho="2" sc="201,-9,219,-9,437,37,133,-9" /><INIT seed="2,5,0,1,1,105" ten="192,210,474,124" oya="2" hai0="12,51,20,103,133,33,129,10,46,43,91,24,78" hai1="98,16,42,27,72,131,119,74,113,8,104,89,53" hai2="58,73,61,47,0,127,48,80,111,26,93,40,55" hai3="49,110,84,82,62,7,54,79,109,130,96,108,5"/><V117/><F117/><W50/><G130/><T32/><D133/><U101/><E119/><V29/><F0/><W39/><G39/><T69/><D129/><U83/><E131/><V87/><F127/><W120/><G120/><T77/><D103/><U112/><E42/><V64/><F111/><W132/><G132/><T6/><D69/><U60/><E83/><V81/><F73/><W122/><G122/><T123/><D123/><U121/><E89/><V11/><F11/><W19/><G62/><T92/><D32/><U75/><E121/><V57/><F93/><W95/><G19/><T115/><D33/><U86/><E86/><V36/><REACH who="2" step="1"/><F87/><REACH who="2" ten="192,210,464,124" step="2"/><W21/><G95/><T100/><D115/><U59/><REACH who="1" step="1"/><E8/><REACH who="1" ten="192,200,464,124" step="2"/><V65/><F65/><W114/><G109/><T124/><D124/><U22/><AGARI ba="5,2" hai="16,22,27,53,59,60,72,74,75,98,101,104,112,113" machi="22" ten="40,16000,3" yaku="1,1,2,1,0,1,52,3,54,1,53,1" doraHai="105" doraHaiUra="14" who="1" fromWho="1" sc="192,-45,200,195,464,-85,124,-45" /><INIT seed="3,0,0,0,5,46" ten="147,395,379,79" oya="3" hai0="120,104,59,99,75,62,84,117,92,64,29,22,68" hai1="119,56,40,20,116,30,2,9,34,76,74,77,11" hai2="16,10,55,51,106,12,37,105,23,71,31,54,125" hai3="70,41,94,26,133,102,73,57,100,7,124,135,86"/><W128/><G70/><T118/><D75/><U6/><E34/><V5/><F37/><W3/><G73/><T36/><D120/><U79/><E40/><V126/><F71/><W65/><G128/><T63/><D36/><U98/><E11/><V115/><F31/><W67/><G124/><N who="2" m="47721" /><F115/><W82/><G41/><T14/><D84/><U97/><E74/><V35/><F35/><W47/><G47/><T15/><D104/><N who="2" m="40042" /><F51/><W80/><G26/><AGARI ba="0,0" hai="5,10,12,16,23,26,54,55" m="40042,47721" machi="26" ten="30,2000,0" yaku="18,1,54,1" doraHai="46" who="2" fromWho="3" sc="147,0,395,0,379,20,79,-20" owari="147,-25.3,395,19.5,399,49.9,59,-44.1" /></mjloggm>