<mjloggm ver="2.3"><GO type="225" lobby="0"/><UN n0="%E3%81%A9%E3%82%93%E3%82%88%E3%81%8F%4D%6B%2E%32" n1="%E6%98%93%E5%88%A9%E8%96%A9%E4%BC%AF" n2="%73%73%6B%5F%66%72%65%65" n3="%72%65%6E%6B%75%6E" dan="16,16,17,17" rate="2165.56,2032.80,2237.20,2261.54" sx="M,F,M,M"/><TAIKYOKU oya="0"/><INIT seed="0,0,0,4,1,47" ten="250,250,250,250" oya="0" hai0="63,118,29,46,28,125,117,30,48,10,40,123,37" hai1="93,17,16,88,111,68,115,106,82,59,57,11,107" hai2="129,77,132,34,84,87,33,102,45,5,64,2,112" hai3="54,13,83,131,4,101,3,120,91,14,127,100,26"/><T122/><D125/><U55/><E68/><V109/><F112/><W8/><G127/><T7/><D63/><U98/><E115/><V43/><F132/><W15/><G131/><T75/><D75/><U36/><E36/><N who="2" m="21735" /><F129/><W44/><G120/><T56/><D56/><U103/><E111/><V66/><F87/><W105/><G105/><T126/><D126/><U80/><E59/><V52/><F84/><W96/><G26/><T50/><D122/><U121/><E121/><V38/><F102/><W19/><G19/><T85/><D123/><U116/><E116/><V74/><F52/><W35/><G35/><N who="2" m="13321" /><F38/><W90/><G83/><N who="1" m="31786" /><E107/><V53/><F53/><W124/><G124/><T60/><D60/><N who="1" m="35903" /><E106/><V32/><F109/><W25/><G25/><T97/><D97/><U24/><E103/><V65/><F32/><W110/><G110/><T41/><D85/><U81/><N who="1" m="31794" /><U69/><DORA hai="130" /><E69/><V71/><F71/><W89/><REACH who="3" step="1"/><G96/><REACH who="3" ten="250,250,250,240" step="2"/><T78/><D78/><U79/><E79/><V20/><F77/><W70/><G70/><T51/><REACH who="0" step="1"/><D41/><REACH who="0" ten="240,250,250,240" step="2"/><U9/><E17/><V128/><F128/><W49/><AGARI ba="0,2" hai="3,4,8,13,14,15,44,49,54,89,90,91,100,101" machi="49" ten="40,8000,1" yaku="1,1,0,1,52,1,53,1" doraHai="47,130" doraHaiUra="6,18" who="3" fromWho="3" sc="240,-40,250,-20,250,-20,240,100" /><INIT seed="1,0,0,1,5,122" ten="200,230,230,340" oya="1" hai0="124,50,110,40,129,79,16,118,44,59,125,96,113" hai1="106,135,102,6,49,133,128,99,35,67,74,61,88" hai2="24,46,95,117,69,65,19,77,116,103,71,25,4" hai3="56,101,1,73,41,9,55,18,17,13,22,63,112"/><U76/><E128/><V86/><F4/><W36/><G112/><T94/><D113/><U52/><E35/><V48/><F103/><W20/><G73/><T127/><D118/><U45/><E6/><V87/><F65/><W54/><G1/><T91/><D79/><U90/><E76/><V78/><F48/><W123/><G123/><T98/><D129/><U84/><E74/><V37/><F19/><W28/><G101/><T132/><D132/><N who="1" m="50763" /><E84/><V51/><F95/><W119/><G119/><T134/><D134/><U42/><E42/><V108/><F51/><W107/><G107/><T27/><D59/><AGARI ba="0,0" hai="45,49,52,59,61,67,88,90,99,102,106" m="50763" machi="59" ten="30,5800,0" yaku="20,1,54,2" doraHai="122" who="1" fromWho="0" sc="200,-58,230,58,230,0,340,0" /><INIT seed="1,1,0,3,1,79" ten="142,288,230,340" oya="1" hai0="55,103,111,77,28,92,71,53,87,121,88,135,125" hai1="116,14,18,67,45,78,70,60,127,34,90,37,36" hai2="99,107,50,13,12,11,58,64,93,39,65,109,113" hai3="134,83,74,21,46,33,118,68,43,85,3,112,130"/><U2/><E2/><V98/><F109/><W62/><G33/><T49/><D111/><U73/><E116/><V97/><F39/><W30/><G3/><T6/><D71/><U63/><E34/><V95/><F107/><W5/><G5/><T4/><D121/><U119/><E119/><V133/><F133/><W7/><G7/><T26/><D125/><U75/><E127/><V91/><F113/><W86/><G118/><T100/><D135/><U80/><E75/><V41/><F99/><W110/><G112/><T115/><D77/><U0/><E0/><V69/><F69/><W123/><G123/><T124/><D124/><U129/><E63/><V96/><F96/><W52/><G134/><T106/><D115/><U122/><E129/><V61/><F65/><W131/><G74/><T16/><D55/><U9/><E122/><V114/><F114/><W102/><G102/><N who="0" m="38955" /><D28/><U1/><E1/><V32/><F32/><W76/><G86/><T66/><D66/><U19/><E45/><N who="2" m="25903" /><F11/><W72/><G72/><T44/><D106/><U15/><REACH who="1" step="1"/><E90/><AGARI ba="1,0" hai="12,13,58,61,64,90,91,93,95,97,98" m="25903" machi="90" ten="30,1000,0" yaku="8,1" doraHai="79" who="2" fromWho="1" sc="142,0,288,-13,230,13,340,0" /><INIT seed="2,0,0,5,0,49" ten="142,275,243,340" oya="2" hai0="58,121,91,115,134,69,96,122,50,37,106,53,126" hai1="78,104,100,87,44,64,94,52,54,103,9,22,84" hai2="14,72,10,59,26,70,105,88,97,6,118,71,95" hai3="85,80,124,119,108,11,8,2,77,113,132,60,76"/><V102/><F118/><W18/><G119/><T93/><D115/><U48/><E104/><V82/><F26/><W62/><G113/><T109/><D109/><U74/><E74/><V65/><F65/><W130/><G108/><T29/><D126/><U63/><E9/><V111/><F111/><W127/><G130/><T41/><D134/><U133/><E133/><V12/><F12/><N who="3" m="7431" /><G77/><T30/><D106/><U61/><E64/><V129/><F129/><W55/><G55/><N who="1" m="21034" /><E22/><V101/><F59/><W86/><G86/><N who="1" m="32810" /><E78/><V25/><F105/><W5/><G132/><T23/><D69/><U15/><E15/><V24/><F71/><W92/><G92/><T107/><D107/><U125/><E125/><AGARI ba="0,0" hai="2,5,11,60,62,76,80,85,124,125,127" m="7431" machi="125" ten="30,1000,0" yaku="18,1" doraHai="49" who="3" fromWho="1" sc="142,0,275,-10,243,0,340,10" /><INIT seed="3,0,0,0,2,31" ten="142,265,243,350" oya="3" hai0="92,9,70,121,54,128,79,94,22,117,37,115,81" hai1="129,12,4,55,124,39,88,103,23,16,7,32,130" hai2="84,96,107,65,73,135,118,71,123,102,3,0,77" hai3="104,18,126,56,63,87,5,83,109,40,34,2,108"/><W52/><G126/><T91/><D117/><U50/><E103/><V38/><F118/><W133/><G133/><T89/><D121/><U57/><E39/><V43/><F135/><W11/><G34/><T15/><D70/><U62/><E62/><N who="2" m="40375" /><F84/><W6/><G104/><T99/><D37/><U134/><E134/><V36/><F123/><W28/><G28/><T48/><D115/><U116/><E116/><V76/><F76/><N who="3" m="46567" /><G40/><T98/><D128/><N who="1" m="49259" /><E124/><V132/><F132/><W100/><G100/><T45/><D22/><U42/><E42/><V120/><F120/><W29/><G29/><T72/><D72/><U1/><E1/><N who="2" m="587" /><F43/><W131/><G131/><T82/><REACH who="0" step="1"/><D79/><REACH who="0" ten="132,265,243,350" step="2"/><U110/><E110/><V20/><F20/><W25/><G108/><T49/><D49/><U64/><E32/><V93/><F77/><W24/><G109/><T74/><D74/><U30/><E30/><V69/><F73/><W33/><G33/><T21/><D21/><U51/><E51/><V46/><F69/><W114/><G114/><T127/><D127/><U106/><E23/><V125/><F125/><W85/><G25/><T80/><D80/><U101/><E50/><V119/><F119/><W35/><G24/><T17/><AGARI ba="0,1" hai="9,15,17,45,48,54,81,82,89,91,92,94,98,99" machi="17" ten="20,12000,2" yaku="1,1,0,1,7,1,9,1,8,1,53,1" doraHai="31" doraHaiUra="44" who="0" fromWho="0" sc="132,130,265,-30,243,-30,350,-60" /><INIT seed="4,0,0,2,1,93" ten="262,235,213,290" oya="0" hai0="121,43,130,114,20,108,103,71,88,80,86,51,9" hai1="10,98,128,109,74,87,2,7,38,4,124,68,3" hai2="1,78,31,113,77,50,44,65,29,26,61,17,76" hai3="42,5,60,57,129,107,37,72,82,56,62,58,39"/><T95/><D121/><U22/><E109/><V54/><F1/><W132/><G107/><T63/><D108/><U117/><E74/><V91/><F113/><W49/><G5/><T52/><D114/><U119/><E68/><V18/><F91/><W11/><G11/><T85/><D130/><U111/><E38/><N who="3" m="14346" /><G82/><T125/><D125/><U135/><E111/><V25/><F25/><W102/><G102/><T41/><D9/><U123/><E123/><V89/><F89/><W92/><G92/><T27/><D71/><U46/><E135/><V122/><F122/><W106/><G106/><T115/><D63/><N who="3" m="24105" /><G72/><T32/><D32/><U0/><E128/><V126/><F126/><W28/><G28/><N who="0" m="17511" /><D115/><U110/><E110/><V35/><REACH who="2" step="1"/><F31/><REACH who="2" ten="262,235,203,290" step="2"/><W112/><G112/><T120/><D120/><U83/><E124/><V81/><F81/><W40/><G129/><T12/><D12/><U104/><E2/><V64/><F64/><W34/><G132/><T94/><D103/><U73/><E0/><V97/><F97/><W118/><G118/><T48/><D95/><U70/><E3/><V36/><F36/><W96/><G96/><T59/><D51/><U133/><E119/><V101/><F101/><W75/><G49/><T84/><D80/><U116/><E133/><V134/><F134/><W33/><G75/><T15/><D15/><U99/><E117/><V67/><F67/><W66/><G66/><T14/><D14/><U131/><E116/><V19/><F19/><W23/><G23/><T21/><D21/><U127/><E131/><V8/><F8/><W100/><G100/><RYUUKYOKU ba="0,1" sc="262,10,235,-30,203,10,290,10" hai0="41,43,48,52,59,84,85,86,88,94" hai2="17,18,26,29,35,44,50,54,61,65,76,77,78" hai3="33,34,40,42,56,57,58" /><INIT seed="4,1,1,2,3,81" ten="272,205,213,300" oya="0" hai0="107,84,79,119,104,130,77,45,91,53,121,34,122" hai1="92,0,125,40,129,6,32,3,24,60,20,63,58" hai2="49,73,69,93,56,39,25,70,44,97,74,38,14" hai3="57,13,21,46,36,110,43,99,59,78,62,131,29"/><T100/><D34/><U135/><E32/><V30/><F14/><W114/><G110/><T28/><D28/><U108/><E108/><V123/><F123/><N who="0" m="47114" /><D53/><U83/><E135/><V111/><F111/><W10/><G114/><T31/><D31/><U90/><E129/><V88/><F56/><W1/><G131/><T80/><D45/><U126/><E40/><V11/><F11/><W124/><G1/><T54/><D54/><U18/><E63/><V76/><F70/><W72/><G21/><T101/><D130/><U12/><E83/><V71/><F71/><W17/><G29/><T47/><D47/><U120/><E120/><V51/><F69/><W33/><G33/><T117/><D101/><U37/><E37/><V95/><F51/><W75/><G59/><T94/><D79/><U85/><E12/><V26/><F76/><W41/><G41/><T19/><D19/><U89/><E6/><V86/><F39/><W7/><G78/><T115/><D115/><U4/><E4/><V105/><F38/><W27/><G27/><N who="2" m="10249" /><F30/><W118/><G7/><T134/><D134/><U82/><E3/><V109/><F109/><W106/><G57/><T103/><D103/><U8/><E8/><V98/><F49/><W5/><G62/><T64/><D64/><N who="1" m="38935" /><E0/><V2/><F2/><W65/><G65/><T128/><D128/><U23/><E23/><V22/><F22/><W133/><G133/><T52/><D52/><U132/><E132/><V87/><F44/><W66/><G66/><T35/><D35/><U48/><E48/><V55/><F55/><W102/><G43/><RYUUKYOKU ba="1,1" sc="272,-10,205,30,213,-10,300,-10" hai1="18,20,24,82,85,89,90,92,125,126" /><INIT seed="5,2,1,1,0,12" ten="262,235,203,290" oya="1" hai0="52,103,124,107,108,8,16,111,29,105,133,100,79" hai1="7,128,130,134,54,28,22,99,135,55,6,64,0" hai2="40,84,112,36,97,3,71,23,109,90,57,38,98" hai3="82,48,73,35,123,86,127,101,49,72,110,66,21"/><U113/><E99/><V95/><F109/><W119/><G35/><T129/><D79/><U69/><E64/><V96/><F71/><W17/><G123/><T53/><D29/><U83/><E69/><V24/><F112/><W63/><G110/><T61/><D124/><U46/><E83/><V76/><F3/><W122/><G122/><T37/><D37/><U31/><E46/><V5/><F5/><N who="1" m="1545" /><E0/><V132/><F132/><N who="1" m="50729" /><E113/><V68/><F68/><W20/><G119/><T4/><D133/><U27/><E31/><V117/><F117/><W11/><G127/><T19/><D4/><U77/><E77/><V92/><F76/><N who="3" m="46407" /><G101/><T80/><D80/><U47/><E47/><V1/><F1/><W85/><G85/><T15/><D111/><U118/><E118/><V56/><F95/><W121/><G73/><T50/><D108/><U14/><E14/><V106/><F106/><W10/><G72/><T116/><D116/><U93/><E93/><V39/><REACH who="2" step="1"/><F40/><REACH who="2" ten="262,235,193,290" step="2"/><W104/><G104/><T81/><D107/><U58/><E55/><V18/><AGARI ba="2,2" hai="18,23,24,36,38,39,56,57,84,90,92,96,97,98" machi="18" ten="40,8000,1" yaku="1,1,2,1,0,1,52,1,53,0" doraHai="12" doraHaiUra="25" who="2" fromWho="2" sc="262,-22,235,-42,193,106,290,-22" /><INIT seed="6,0,0,2,2,104" ten="240,193,299,268" oya="2" hai0="49,116,76,64,87,66,37,3,92,98,100,114,73" hai1="89,103,62,65,45,50,83,39,97,77,8,121,2" hai2="23,75,40,113,74,52,1,86,109,107,34,117,131" hai3="15,81,18,123,20,51,85,91,96,78,72,56,79"/><V70/><RYUUKYOKU type="yao9" ba="0,0" sc="240,0,193,0,299,0,268,0" hai2="1,23,34,40,52,70,74,75,86,107,109,113,117,131" /><INIT seed="6,1,0,5,1,96" ten="240,193,299,268" oya="2" hai0="33,55,90,16,123,30,46,70,93,60,64,116,37" hai1="128,6,91,122,3,58,113,39,102,11,85,14,35" hai2="82,68,31,8,56,24,89,36,130,132,43,38,2" hai3="1,7,52,22,59,12,118,119,18,69,106,61,134"/><V63/><F132/><W86/><G134/><T112/><D123/><U88/><E122/><V126/><F126/><W111/><G111/><T17/><D112/><U94/><E113/><V32/><F130/><W92/><G106/><T127/><D127/><U84/><E128/><V71/><F71/><W40/><G69/><T87/><D116/><U114/><E114/><V47/><F68/><W124/><G124/><T83/><D33/><U135/><E39/><V44/><F2/><W34/><G34/><T104/><D104/><U76/><E135/><V78/><F8/><W15/><G1/><T51/><D30/><U131/><E131/><V101/><F101/><W65/><G40/><T81/><D37/><U115/><E115/><V42/><F89/><N who="3" m="53303" /><G119/><T103/><D81/><N who="1" m="47143" /><E35/><V66/><F82/><W4/><G118/><T27/><D27/><U98/><E3/><V108/><F78/><W21/><G65/><T67/><REACH who="0" step="1"/><D64/><REACH who="0" ten="230,193,299,268" step="2"/><U25/><E25/><V133/><F133/><W45/><G45/><T29/><D29/><U129/><E129/><V10/><F108/><W50/><G50/><T125/><D125/><U28/><E28/><V5/><F38/><W121/><G121/><T54/><D54/><U0/><E0/><N who="2" m="295" /><F47/><W95/><G95/><T100/><D100/><U105/><E105/><V107/><F107/><W53/><G53/><T26/><D26/><U49/><E85/><V77/><F43/><W74/><G74/><T41/><D41/><U79/><E79/><V57/><F77/><W48/><G48/><T117/><D117/><U73/><E73/><V75/><F75/><RYUUKYOKU ba="1,1" sc="230,0,193,0,299,0,268,0" hai0="16,17,46,51,55,60,67,70,83,87,90,93,103" hai1="6,11,14,49,58,88,91,94,98,102" hai2="24,31,32,36,42,44,56,57,63,66" hai3="4,7,12,15,18,21,22,52,59,61" /><INIT seed="6,2,1,2,2,98" ten="230,193,299,268" oya="2" hai0="78,116,93,35,54,97,89,87,75,103,82,83,5" hai1="37,59,108,109,17,128,39,110,61,73,44,106,102" hai2="86,101,19,62,113,8,81,125,49,107,7,53,100" hai3="92,12,38,23,123,0,26,85,45,72,77,71,122"/><V40/><F107/><W135/><G0/><T41/><D35/><U11/><E128/><V52/><F125/><W42/><G71/><T105/><D41/><U30/><E73/><V134/><F134/><W27/><G135/><T31/><D31/><U18/><E30/><V121/><F113/><W130/><G130/><T25/><D25/><U79/><E79/><N who="2" m="46399" /><F7/><W119/><G119/><T46/><D116/><U2/><E2/><V36/><F36/><W69/><G69/><T60/><D5/><U50/><E39/><V51/><F62/><W24/><G72/><T47/><D83/><U74/><E37/><V99/><F99/><W64/><G64/><T48/><D60/><U58/><E74/><V16/><F40/><W91/><REACH who="3" step="1"/><G77/><REACH who="3" ten="230,193,299,258" step="2"/><T132/><D132/><U84/><E109/><V76/><F76/><W126/><G126/><T22/><D22/><U124/><E124/><V9/><F121/><W117/><G117/><T43/><D43/><U67/><E67/><V1/><F1/><W127/><G127/><T13/><D13/><U29/><E110/><V80/><F8/><W10/><G10/><T33/><D33/><U28/><E11/><V88/><F9/><W95/><G95/><T112/><D112/><U4/><E108/><V3/><F3/><W70/><G70/><T104/><D104/><U63/><E106/><V21/><F21/><W111/><G111/><T34/><D34/><U115/><E115/><V32/><F32/><W56/><G56/><AGARI ba="2,2" hai="46,47,48,54,56,75,78,82,87,89,93,97,103,105" machi="56" ten="30,7700,0" yaku="7,1,24,2,52,1" doraHai="98" who="0" fromWho="3" sc="230,103,193,0,299,0,258,-83" owari="333,43.3,193,-20.7,299,9.9,175,-32.5" /></mjloggm>