<mjloggm ver="2.3"><GO type="225" lobby="0"/><UN n0="%6D%61%74%69%67%75%73%61" n1="%E3%81%A9%E3%82%8F%E3%82%93%E3%81%94" n2="%E3%81%B5%E3%81%98%E3%81%8B%E3%81%A4" n3="%74%61%6B%75%61%6B%61" dan="17,16,16,16" rate="2208.06,2074.59,2200.62,2156.44" sx="M,M,M,M"/><TAIKYOKU oya="0"/><INIT seed="0,0,0,3,0,62" ten="250,250,250,250" oya="0" hai0="91,51,120,69,135,113,39,27,112,64,1,24,77" hai1="105,80,124,21,5,101,134,28,99,43,118,33,126" hai2="111,81,82,100,96,79,86,125,67,78,11,131,84" hai3="15,117,104,95,87,32,121,103,13,63,0,72,58"/><T127/><D1/><U97/><E118/><V109/><F11/><W38/><G0/><T66/><D39/><U14/><E33/><V107/><F67/><N who="0" m="25642" /><D69/><U133/><E43/><V59/><F59/><W76/><G32/><T2/><D2/><U50/><E50/><V128/><REACH who="2" step="1"/><F125/><REACH who="2" ten="250,250,240,250" step="2"/><W73/><G58/><T7/><D127/><U42/><E126/><V37/><F37/><W119/><G38/><T106/><D113/><U57/><E124/><V68/><F68/><W108/><G117/><T26/><D112/><U130/><E57/><V35/><F35/><W22/><G119/><T52/><D120/><U75/><E134/><V45/><F45/><W60/><G121/><T40/><D135/><U83/><E133/><V74/><F74/><W70/><G72/><T53/><D7/><U98/><E75/><V41/><F41/><W49/><G73/><T16/><D40/><U122/><E42/><V34/><F34/><W36/><G36/><T12/><D53/><U23/><E122/><V55/><F55/><W47/><G47/><T31/><D52/><U123/><E123/><V102/><F102/><W48/><G103/><T115/><D115/><U4/><E4/><V89/><F89/><W94/><G70/><T93/><D51/><U71/><E71/><V3/><F3/><W25/><G48/><T132/><D132/><U61/><E5/><V46/><F46/><W29/><G49/><T20/><D91/><U18/><E101/><V44/><F44/><W114/><G114/><T116/><D116/><U90/><E90/><V17/><F17/><W19/><G19/><RYUUKYOKU ba="0,1" sc="250,-10,250,-10,240,30,250,-10" hai2="78,79,81,82,84,86,96,100,107,109,111,128,131" /><INIT seed="1,1,1,3,5,109" ten="240,240,270,240" oya="1" hai0="104,105,124,73,102,2,58,26,39,4,57,84,0" hai1="50,42,69,72,11,121,33,29,70,16,67,107,64" hai2="13,86,76,78,133,96,134,95,119,126,14,27,116" hai3="90,36,28,77,32,130,43,6,25,82,87,81,46"/><U85/><E121/><V52/><F27/><W9/><G130/><T94/><D73/><U112/><E72/><V131/><F131/><W41/><G41/><T120/><D39/><U88/><E107/><V7/><F126/><W74/><G32/><T15/><D124/><U62/><E112/><V19/><F7/><W47/><G47/><T97/><D120/><U91/><E33/><V123/><F123/><W125/><G125/><T44/><D44/><U38/><E29/><V53/><F86/><W65/><G65/><T5/><D26/><U66/><E38/><V135/><F95/><W34/><G34/><T59/><D15/><N who="2" m="5642" /><F19/><W114/><G25/><T35/><D35/><U122/><E122/><V129/><F96/><W24/><G24/><T23/><D23/><U117/><E117/><N who="2" m="45131" /><F129/><W111/><G28/><T51/><D84/><U30/><E30/><V132/><F133/><W61/><G61/><T31/><D31/><U37/><E37/><V10/><F10/><W93/><G93/><T79/><D94/><U103/><E103/><V75/><F75/><W49/><G36/><T21/><D102/><U48/><E11/><V128/><F128/><W71/><G9/><T127/><D127/><U63/><E85/><V1/><F1/><W20/><G6/><T54/><D4/><U18/><E67/><V99/><F99/><W22/><G74/><T40/><D5/><U106/><E106/><V113/><F113/><W17/><G114/><T56/><D105/><U115/><E115/><V110/><F110/><W98/><G111/><T8/><N who="0" m="14336" /><DORA hai="118" /><T92/><D104/><RYUUKYOKU ba="1,1" sc="240,-15,240,15,270,15,240,-15" hai1="16,18,42,48,50,62,63,64,66,69,70,88,91" hai2="52,53,76,78,132,134,135" /><INIT seed="1,2,1,3,2,62" ten="225,255,285,225" oya="1" hai0="88,57,79,65,28,1,37,42,104,106,103,127,54" hai1="51,82,45,134,108,59,81,14,38,112,61,13,116" hai2="78,95,9,66,131,75,114,68,17,60,89,10,101" hai3="84,16,99,126,5,31,129,124,123,85,119,53,2"/><U49/><E116/><V21/><F131/><W125/><G123/><T52/><D1/><U73/><E112/><V30/><F101/><W64/><G129/><T32/><D79/><U35/><E35/><V11/><F114/><W25/><G119/><T70/><D28/><U110/><E38/><V36/><F36/><W33/><G53/><T120/><D32/><U77/><E134/><V29/><F78/><W98/><G64/><T93/><D54/><U100/><E100/><V8/><N who="2" m="2048" /><DORA hai="40" /><V12/><REACH who="2" step="1"/><F75/><REACH who="2" ten="225,255,275,225" step="2"/><W24/><G5/><T55/><D103/><U133/><E133/><V0/><F0/><W18/><G2/><T132/><D37/><U72/><E77/><V118/><F118/><W3/><G3/><T91/><D132/><U105/><E105/><V43/><F43/><W130/><G130/><T6/><D42/><U117/><E117/><V111/><F111/><W122/><G122/><T80/><D6/><U44/><E61/><V50/><F50/><W48/><G48/><T20/><D106/><U74/><E73/><V115/><F115/><W69/><G125/><T63/><D104/><U83/><E83/><V135/><F135/><W97/><G126/><T76/><D127/><U113/><E113/><V41/><F41/><W27/><G124/><T56/><D120/><U26/><E26/><V121/><F121/><W4/><G4/><T7/><D7/><U19/><E19/><N who="3" m="7210" /><G24/><T96/><D76/><U67/><E108/><V90/><F90/><W86/><G25/><T92/><D91/><U87/><E110/><V58/><F58/><W34/><G34/><RYUUKYOKU ba="2,2" sc="225,-15,255,-15,275,15,225,15" hai2="12,17,21,29,30,60,66,68,89,95" hai3="27,31,33,69,84,85,86,97,98,99" /><INIT seed="2,3,2,3,4,3" ten="210,240,290,240" oya="2" hai0="72,104,90,103,27,48,9,76,105,31,93,42,19" hai1="112,34,70,33,67,46,77,102,62,49,125,133,37" hai2="39,78,14,99,108,52,94,117,74,55,47,85,21" hai3="91,111,119,130,22,109,8,32,45,115,58,88,16"/><V101/><F117/><W12/><G119/><T134/><D134/><U36/><E112/><V43/><F108/><N who="3" m="41547" /><G32/><T10/><D42/><U13/><E133/><V44/><F74/><W86/><G130/><T24/><D48/><U135/><E135/><V75/><F75/><W64/><G115/><T69/><D69/><U63/><E125/><V128/><F128/><W97/><G97/><T87/><D105/><U68/><E77/><V127/><F127/><W20/><G45/><N who="2" m="17481" /><F43/><W17/><G17/><T84/><D84/><U51/><E102/><V82/><F39/><W96/><G96/><N who="0" m="61543" /><D19/><AGARI ba="3,2" hai="14,19,21,52,55,78,82,85,94,99,101" m="17481" machi="19" ten="30,2900,0" yaku="8,1,54,1" doraHai="3" who="2" fromWho="0" sc="210,-38,240,0,290,58,240,0" /><INIT seed="2,4,0,5,0,97" ten="172,240,348,240" oya="2" hai0="116,23,1,69,101,109,95,34,135,127,4,87,47" hai1="133,89,50,90,5,105,41,82,12,129,78,123,40" hai2="57,53,52,46,120,111,31,124,36,63,11,49,76" hai3="114,26,86,71,58,113,66,118,65,19,88,17,80"/><V131/><F120/><W68/><G118/><T98/><D34/><U21/><E123/><V0/><F124/><W72/><G72/><T60/><D109/><U15/><E105/><V70/><F76/><W83/><G58/><T73/><D73/><U9/><E133/><V39/><F31/><W42/><G42/><T125/><D135/><U45/><E41/><V14/><F0/><W81/><G26/><T27/><D47/><U130/><E21/><V8/><F131/><N who="1" m="50185" /><E12/><V30/><F30/><W24/><G24/><T10/><D116/><U67/><E67/><N who="3" m="25610" /><G88/><T2/><D2/><U51/><E50/><V115/><F70/><N who="3" m="26667" /><G86/><AGARI ba="4,0" hai="5,9,15,40,45,51,78,82,86,89,90" m="50185" machi="86" ten="30,2000,0" yaku="25,1,19,1" doraHai="97" who="1" fromWho="3" sc="172,0,240,32,348,0,240,-32" /><INIT seed="3,0,0,3,2,58" ten="172,272,348,208" oya="3" hai0="5,80,59,1,134,122,10,7,46,116,3,0,97" hai1="112,32,74,37,99,55,104,101,79,73,31,43,41" hai2="29,125,44,126,77,65,91,82,62,21,27,9,94" hai3="129,30,38,130,85,110,68,33,34,128,100,26,45"/><W105/><G110/><T90/><D116/><U53/><E112/><V49/><F9/><W36/><G33/><T28/><D122/><U70/><E53/><V123/><F123/><W42/><G85/><T111/><D134/><U102/><E55/><V39/><F39/><N who="3" m="21727" /><G68/><T60/><D111/><U8/><E102/><V98/><F82/><W87/><G87/><T135/><D135/><U133/><E133/><V106/><F77/><W4/><G4/><T107/><D28/><U109/><E109/><V81/><F81/><W19/><G19/><T108/><D108/><U78/><E78/><V17/><F106/><W2/><G2/><T23/><D23/><U86/><E86/><V54/><REACH who="2" step="1"/><F17/><REACH who="2" ten="172,272,338,208" step="2"/><W120/><G120/><T121/><D121/><U103/><E79/><V88/><F88/><W6/><G105/><T124/><D80/><U13/><E104/><V71/><AGARI ba="0,1" hai="21,27,29,44,49,54,62,65,71,91,94,98,125,126" machi="71" ten="30,7900,0" yaku="1,1,0,1,52,1,53,1" doraHai="58" doraHaiUra="92" who="2" fromWho="2" sc="172,-20,272,-20,338,89,208,-39" owari="152,-34.8,252,5.2,427,52.7,169,-23.1" /></mjloggm>