<mjloggm ver="2.3"><GO type="225" lobby="0"/><UN n0="%E3%81%BE%E3%81%A8%E3%81%9F" n1="%6C%61%6D%62" n2="%E6%A1%9C%E8%8A%B1%E9%96%83%E3%80%85" n3="%72%69%6F%75%63%68%61%6E" dan="16,16,17,16" rate="2114.07,2212.06,2229.18,2198.41" sx="M,M,M,M"/><TAIKYOKU oya="0"/><INIT seed="0,0,0,0,0,41" ten="250,250,250,250" oya="0" hai0="69,120,117,82,112,35,94,24,7,134,44,28,55" hai1="67,13,74,6,38,0,130,113,47,66,34,89,5" hai2="90,87,65,4,104,3,92,80,105,95,91,83,114" hai3="9,10,76,14,53,86,23,101,52,119,39,18,56"/><T116/><D112/><U15/><E74/><V51/><F65/><W68/><G119/><T73/><D120/><U22/><E34/><V115/><F51/><W37/><G68/><T45/><D69/><U54/><E0/><V133/><F4/><W49/><G101/><T72/><D134/><U70/><E70/><V118/><F3/><W50/><G37/><T81/><D7/><U27/><E130/><V107/><F133/><W16/><G39/><T63/><D94/><U46/><E22/><V20/><F20/><W58/><G18/><T25/><D55/><U85/><E85/><N who="2" m="52335" /><F118/><W129/><G129/><T110/><D28/><U21/><E21/><V99/><F115/><W88/><G76/><T131/><D131/><U11/><E54/><V135/><F135/><W96/><G96/><T109/><REACH who="0" step="1"/><D63/><REACH who="0" ten="240,250,250,250" step="2"/><U108/><E113/><V98/><F114/><W57/><G58/><T60/><D60/><U62/><E62/><V32/><F32/><AGARI ba="0,1" hai="24,25,32,35,44,45,72,73,81,82,109,110,116,117" machi="32" ten="25,18000,2" yaku="1,1,22,2,52,2,53,2" doraHai="41" doraHaiUra="29" who="0" fromWho="2" sc="240,190,250,0,250,-180,250,0" /><INIT seed="0,1,0,2,4,107" ten="430,250,70,250" oya="0" hai0="60,135,112,127,10,2,58,85,70,34,18,64,125" hai1="38,86,128,35,24,73,40,126,26,94,11,101,65" hai2="109,115,133,59,119,30,41,42,69,37,118,76,100" hai3="7,5,134,81,129,77,83,32,28,33,14,98,66"/><T61/><D34/><U43/><E73/><V114/><F30/><W1/><G1/><T48/><D112/><N who="2" m="43050" /><F100/><W116/><G116/><N who="2" m="44585" /><F76/><W103/><G129/><T91/><D48/><U111/><E101/><V117/><N who="2" m="44593" /><V67/><DORA hai="3" /><F109/><W53/><G134/><T6/><D18/><U8/><E128/><V23/><F23/><W51/><G66/><T78/><D78/><U95/><E35/><V63/><F133/><W39/><G39/><T45/><D135/><U84/><E111/><V113/><N who="2" m="43058" /><V74/><DORA hai="21" /><F74/><W54/><G54/><T121/><D91/><U97/><E97/><V75/><F75/><W0/><G0/><T106/><D106/><U55/><E86/><V17/><F17/><W132/><G132/><T46/><D85/><U9/><E84/><V123/><F123/><W88/><G88/><T90/><D90/><U122/><E122/><V25/><F25/><W15/><G28/><T57/><D2/><U99/><E24/><V72/><F72/><W49/><G53/><T47/><D121/><U4/><E26/><V62/><F37/><W79/><G103/><T120/><D120/><U56/><E38/><V102/><F102/><W71/><G71/><T92/><D70/><U36/><E36/><V82/><F82/><W89/><G89/><T108/><D108/><U130/><E99/><AGARI ba="1,0" hai="5,7,14,15,32,33,49,51,77,79,81,83,98,99" machi="99" ten="25,6400,0" yaku="22,2,52,2" doraHai="107,3,21" who="3" fromWho="1" sc="430,0,250,-67,70,0,250,67" /><INIT seed="1,0,0,4,0,20" ten="430,183,70,317" oya="1" hai0="18,120,116,5,41,133,40,22,50,16,3,19,107" hai1="119,89,68,128,135,62,108,102,93,61,30,36,4" hai2="23,122,74,90,106,82,132,81,34,103,113,52,73" hai3="72,26,39,25,12,32,80,59,131,38,66,97,71"/><U51/><E36/><V53/><F34/><W91/><G71/><T76/><D107/><U1/><E119/><V88/><F122/><W129/><G32/><T31/><D116/><U96/><E135/><V2/><F2/><W98/><G12/><T118/><D118/><U134/><E134/><V84/><F132/><W65/><G59/><T125/><D125/><U101/><E128/><N who="3" m="49226" /><G72/><T117/><D117/><U70/><E30/><V10/><F10/><W63/><G80/><T83/><D83/><U121/><E121/><V85/><F23/><W35/><G35/><T92/><D22/><U9/><E108/><V42/><F42/><W109/><G109/><T45/><D3/><U21/><E21/><V124/><F124/><W0/><G0/><T7/><D120/><U86/><E68/><V105/><REACH who="2" step="1"/><F103/><REACH who="2" ten="430,183,60,317" step="2"/><W104/><G38/><T28/><D133/><U112/><E101/><V79/><F79/><W78/><G78/><T13/><D76/><U111/><E111/><V99/><F99/><W46/><G97/><T56/><D41/><U54/><E112/><AGARI ba="0,1" hai="52,53,73,74,81,82,84,85,88,90,105,106,112,113" machi="112" ten="25,8000,1" yaku="1,1,22,2,54,2,53,0" doraHai="20" doraHaiUra="43" who="2" fromWho="1" sc="430,0,183,-80,60,90,317,0" /><INIT seed="2,0,0,5,3,66" ten="430,103,150,317" oya="2" hai0="29,117,11,103,4,32,10,15,13,44,62,94,74" hai1="27,52,45,81,23,131,72,30,5,105,120,116,102" hai2="21,93,104,35,76,43,37,16,40,97,133,126,77" hai3="17,129,50,53,85,118,91,100,26,124,59,46,39"/><V2/><F35/><W18/><G118/><T106/><D74/><U108/><E116/><V55/><F104/><W7/><G124/><T28/><D106/><U25/><E108/><V98/><F126/><W60/><G129/><T14/><D32/><U31/><E131/><V48/><F133/><W82/><G39/><T111/><D111/><U68/><E68/><V36/><F2/><W57/><G100/><T83/><D83/><U47/><E120/><V24/><F37/><W73/><G7/><T65/><D44/><U119/><E119/><V12/><F36/><W80/><G26/><T58/><D15/><U90/><E5/><V0/><F0/><W41/><REACH who="3" step="1"/><G57/><REACH who="3" ten="430,103,150,307" step="2"/><T9/><D117/><U71/><E102/><N who="2" m="60719" /><F24/><W63/><G63/><T122/><D122/><U33/><E105/><V92/><F48/><W69/><G69/><T67/><D4/><U86/><E71/><V22/><F12/><N who="0" m="4714" /><D67/><U79/><REACH who="1" step="1"/><E52/><REACH who="1" ten="430,93,150,307" step="2"/><V115/><F55/><W128/><G128/><T112/><D10/><U95/><AGARI ba="0,2" hai="23,25,27,30,31,33,45,47,72,79,81,86,90,95" machi="95" ten="20,5200,0" yaku="1,1,2,1,0,1,7,1,53,0" doraHai="66" doraHaiUra="110" who="1" fromWho="1" sc="430,-13,93,72,150,-26,307,-13" /><INIT seed="3,0,0,2,2,92" ten="417,165,124,294" oya="3" hai0="37,126,106,26,99,120,109,43,50,108,45,119,57" hai1="118,30,1,127,121,122,27,39,17,49,94,16,24" hai2="51,46,41,97,42,116,20,91,133,60,11,69,100" hai3="61,112,53,83,125,123,128,104,19,54,110,14,3"/><W89/><G112/><T124/><D120/><U71/><E39/><V111/><F111/><N who="0" m="42570" /><D119/><U95/><E71/><V40/><F116/><W80/><G110/><T74/><D74/><U52/><E118/><V12/><F133/><W22/><G123/><T4/><D4/><U64/><E1/><V44/><F91/><W85/><G128/><T59/><D26/><U75/><E75/><V102/><F20/><W48/><G125/><N who="0" m="48235" /><D50/><U101/><E27/><V86/><F86/><W68/><G3/><T23/><D23/><U98/><E127/><V38/><F41/><W134/><G134/><T32/><D32/><U29/><E24/><V90/><F60/><W93/><G104/><T129/><D129/><U18/><E121/><V78/><F69/><W0/><G0/><T105/><D99/><U8/><E98/><V62/><F62/><W9/><G9/><T25/><D25/><U2/><E49/><V117/><F117/><W73/><G73/><T10/><D10/><U131/><E8/><V31/><F31/><W115/><G115/><T96/><D96/><U114/><E30/><V130/><F130/><W63/><G63/><T107/><AGARI ba="0,0" hai="37,43,45,57,59,105,106,107" m="48235,42570" machi="107" ten="40,2700,0" yaku="14,1,18,1" doraHai="92" who="0" fromWho="0" sc="417,27,165,-7,124,-7,294,-13" owari="444,54.4,158,-24.2,117,-38.3,281,8.1" /></mjloggm>