<mjloggm ver="2.3"><GO type="225" lobby="0"/><UN n0="%E3%81%B2%E3%81%AA%E3%81%AE%E3%82%8A%E3%81%8F" n1="%E7%B4%94%E6%BD%94%E3%83%94%E3%83%A9%E3%83%8B%E3%82%A2" n2="%6D%75%75%6D%75%72%61" n3="%E5%B0%8F%E9%B3%A5%E9%81%8A%E7%B7%B4%E7%84%A1%32%31%E6%AD%B3" dan="17,16,16,16" rate="2194.53,2163.06,2119.69,2189.73" sx="M,M,F,F"/><TAIKYOKU oya="0"/><INIT seed="0,0,0,2,0,33" ten="250,250,250,250" oya="0" hai0="75,73,14,86,26,52,124,71,125,47,16,57,7" hai1="63,9,53,120,74,90,22,115,123,129,87,108,101" hai2="127,34,40,97,1,65,102,77,92,88,91,76,30" hai3="4,85,17,89,23,55,25,66,133,128,28,24,96"/><T122/><D122/><U107/><E22/><V31/><F127/><N who="0" m="48714" /><D71/><U36/><E36/><V43/><F65/><W11/><G128/><T98/><D47/><U131/><E9/><V132/><F132/><W39/><G39/><T15/><D26/><U50/><E63/><V83/><F1/><W49/><G66/><T68/><D68/><U69/><E69/><V59/><F59/><W12/><G96/><T62/><D98/><N who="1" m="61879" /><E74/><N who="0" m="28169" /><D7/><U29/><E29/><N who="2" m="10763" /><F34/><W38/><G38/><T45/><D45/><U116/><E116/><V44/><F44/><W41/><G41/><N who="2" m="15945" /><F83/><W2/><G133/><T114/><D114/><U111/><E115/><V35/><F35/><W20/><G20/><N who="0" m="11287" /><D86/><U84/><E84/><V106/><F106/><W109/><G28/><T48/><D15/><U54/><E123/><V105/><F105/><W21/><G21/><T67/><D67/><U100/><E120/><V119/><F119/><W118/><G118/><T60/><AGARI ba="0,0" hai="48,52,57,60,62" m="11287,28169,48714" machi="60" ten="40,7800,0" yaku="18,1,54,2" doraHai="33" who="0" fromWho="0" sc="250,78,250,-26,250,-26,250,-26" /><INIT seed="0,1,0,1,3,77" ten="328,224,224,224" oya="0" hai0="72,135,79,17,54,1,22,19,123,59,107,90,126" hai1="81,15,53,105,120,21,94,99,31,5,128,24,116" hai2="65,97,93,32,28,75,86,7,83,16,109,50,103" hai3="64,49,130,36,3,52,110,129,88,4,98,35,58"/><T78/><D123/><U82/><E105/><V46/><F109/><W48/><G36/><T124/><D1/><U12/><E116/><V9/><F75/><W108/><G64/><T13/><D107/><U38/><E38/><V73/><F73/><W51/><G35/><T26/><D135/><U80/><E120/><V95/><F65/><W14/><G3/><T102/><D102/><U133/><E133/><V29/><F32/><W60/><G14/><T122/><D122/><U71/><E71/><V34/><F93/><N who="3" m="56615" /><G4/><T56/><D90/><U66/><E66/><V131/><F34/><W57/><G57/><T8/><D59/><U18/><E128/><AGARI ba="1,0" hai="48,49,51,52,58,60,108,110,128,129,130" m="56615" machi="128" ten="30,3900,0" yaku="19,1,54,2" doraHai="77" who="3" fromWho="1" sc="328,0,224,-42,224,0,224,42" /><INIT seed="1,0,0,4,4,50" ten="328,182,224,266" oya="1" hai0="108,92,9,91,12,61,23,63,72,32,133,4,80" hai1="25,126,129,39,98,65,5,14,124,90,24,118,117" hai2="42,8,6,89,115,46,87,27,113,121,109,84,100" hai3="37,43,30,69,57,53,10,105,119,76,127,106,16"/><U66/><E39/><V104/><F121/><W132/><G132/><T83/><D32/><U28/><E5/><V20/><F109/><W125/><G69/><T123/><D108/><U79/><E79/><V18/><F100/><W85/><G30/><T13/><D133/><U131/><E14/><V94/><F104/><W19/><G43/><T71/><D123/><U21/><E90/><V52/><F87/><W34/><G34/><T97/><D71/><U130/><E98/><V2/><REACH who="2" step="1"/><F42/><REACH who="2" ten="328,182,214,266" step="2"/><W15/><G106/><T128/><D72/><U75/><E75/><V47/><F47/><W88/><G105/><T36/><D128/><U44/><E44/><V29/><F29/><W78/><G119/><N who="1" m="45578" /><E25/><V116/><F116/><W86/><G85/><T81/><D36/><U51/><E51/><AGARI ba="0,1" hai="2,6,8,18,20,27,46,51,52,84,89,94,113,115" machi="51" ten="40,5200,0" yaku="1,1,52,1,54,1,53,0" doraHai="50" doraHaiUra="56" who="2" fromWho="1" sc="328,0,182,-52,214,62,266,0" /><INIT seed="2,0,0,1,2,103" ten="328,130,276,266" oya="2" hai0="8,54,97,43,69,32,77,20,80,114,131,27,127" hai1="57,90,128,99,22,5,122,44,70,78,93,83,116" hai2="65,37,17,117,76,73,106,129,50,7,84,94,4" hai3="66,104,36,68,107,14,46,113,81,35,121,130,49"/><V29/><F117/><W120/><G130/><T98/><D32/><U74/><E128/><V79/><F37/><W39/><G35/><T16/><D131/><U1/><E70/><V133/><F73/><W134/><G14/><T23/><D114/><U55/><E116/><V62/><F29/><W42/><G134/><T125/><D69/><U86/><E122/><N who="3" m="47210" /><G49/><T31/><D43/><U71/><E71/><V96/><F133/><W119/><G119/><T34/><D23/><U72/><E44/><V40/><F129/><W10/><G36/><T12/><D8/><U101/><E1/><V115/><F115/><W56/><G56/><T111/><D111/><U82/><E5/><V11/><F50/><W48/><G48/><T18/><D18/><U25/><E57/><V88/><F40/><W75/><G10/><T105/><D54/><U0/><E0/><V102/><F17/><W38/><G38/><T126/><REACH who="0" step="1"/><D105/><REACH who="0" ten="318,130,276,266" step="2"/><N who="3" m="40521" /><G113/><T30/><D30/><U13/><E55/><V60/><F7/><W33/><G33/><T109/><D109/><U41/><E41/><V118/><F118/><W95/><G66/><T112/><D112/><U2/><E2/><V6/><F6/><W28/><G28/><T21/><D21/><U92/><E13/><V3/><F62/><W108/><G68/><AGARI ba="0,1" hai="3,4,11,60,65,68,76,79,84,88,94,96,102,106" machi="68" ten="30,5800,0" yaku="7,1,52,1,54,1" doraHai="103" who="2" fromWho="3" sc="318,0,130,0,276,68,266,-58" /><INIT seed="2,1,0,5,0,131" ten="318,130,344,208" oya="2" hai0="79,18,86,101,126,111,78,73,80,61,34,10,71" hai1="106,64,12,98,121,30,17,8,65,50,68,27,49" hai2="32,54,56,16,20,116,129,3,123,128,81,11,51" hai3="93,2,38,39,66,63,75,76,5,52,91,0,107"/><V132/><F116/><W134/><G107/><T119/><D34/><U46/><E121/><V19/><F123/><W42/><G134/><T13/><D119/><U21/><E68/><V100/><F32/><W14/><G76/><T89/><D111/><U82/><E106/><V74/><F100/><W36/><G75/><T69/><D101/><U31/><E98/><V67/><F132/><W22/><G42/><T99/><D99/><U25/><E82/><V135/><F135/><W122/><G122/><T103/><D103/><U124/><E124/><V97/><F97/><W15/><G52/><T26/><D126/><U109/><E109/><V28/><F67/><W125/><G125/><T59/><D26/><U108/><E108/><V41/><F28/><W102/><G102/><T95/><REACH who="0" step="1"/><D79/><REACH who="0" ten="308,130,344,208" step="2"/><U35/><REACH who="1" step="1"/><E49/><REACH who="1" ten="308,120,344,208" step="2"/><V118/><F51/><W114/><G38/><T48/><D48/><U85/><E85/><V7/><F118/><W88/><G39/><T133/><D133/><U6/><E6/><V94/><F7/><W53/><G5/><T87/><D87/><U113/><E113/><V9/><F128/><W62/><G36/><T58/><D58/><U40/><AGARI ba="1,2" hai="8,12,17,21,25,27,30,31,35,40,46,50,64,65" machi="40" ten="20,8000,1" yaku="1,1,0,1,7,1,53,2" doraHai="131" doraHaiUra="60" who="1" fromWho="1" sc="308,-21,120,103,344,-41,208,-21" /><INIT seed="3,0,0,3,0,104" ten="287,223,303,187" oya="3" hai0="55,135,31,113,61,49,36,95,2,79,110,53,66" hai1="123,93,48,60,62,114,9,68,105,17,0,98,80" hai2="51,70,88,72,23,65,132,21,91,19,75,121,69" hai3="26,125,127,15,134,57,7,4,99,8,90,47,38"/><W129/><G129/><T97/><D36/><U85/><E105/><V20/><F19/><W111/><G134/><T118/><D118/><U33/><E33/><V16/><F16/><N who="3" m="8295" /><G26/><T76/><D110/><U43/><E68/><N who="2" m="26219" /><F65/><W64/><G111/><T77/><D135/><U81/><E81/><V82/><F82/><W67/><G90/><N who="2" m="34345" /><F132/><W18/><G18/><T59/><D2/><U1/><E123/><V83/><F83/><W24/><G24/><T117/><D113/><U6/><E114/><V11/><F11/><W74/><G99/><T3/><D3/><U73/><E17/><V29/><F29/><W39/><G74/><N who="2" m="28201" /><F51/><W14/><G14/><T106/><D106/><U87/><E73/><V120/><AGARI ba="0,0" hai="20,21,23,120,121" m="28201,34345,26219" machi="120" ten="40,12000,2" yaku="28,2,52,3,54,1" doraHai="104" who="2" fromWho="2" sc="287,-30,223,-30,303,120,187,-60" owari="257,5.7,193,-20.7,423,52.3,127,-37.3" /></mjloggm>