<mjloggm ver="2.3"><GO type="225" lobby="0"/><UN n0="%E3%82%B2%E3%82%B9%E8%8C%82%E5%8B%9D" n1="%77%72%77%72%77%72%77%72" n2="%E7%B4%94%E6%BD%94%E3%83%94%E3%83%A9%E3%83%8B%E3%82%A2" n3="%4C%4F%4C%49%54%41" dan="16,16,16,16" rate="2084.71,2234.22,2103.32,2146.34" sx="F,M,M,F"/><TAIKYOKU oya="0"/><INIT seed="0,0,0,0,1,9" ten="250,250,250,250" oya="0" hai0="25,96,85,105,1,20,24,109,107,31,111,48,62" hai1="75,101,94,120,7,87,21,53,121,11,29,91,124" hai2="26,33,93,116,14,134,28,122,63,72,108,32,104" hai3="76,66,73,70,92,95,60,52,12,126,49,50,6"/><T112/><D112/><U89/><E124/><V132/><F72/><W88/><G126/><T123/><D123/><U102/><E75/><V38/><F38/><W81/><G92/><T125/><D125/><U129/><E129/><V45/><F104/><W22/><G52/><T130/><D1/><U113/><E113/><V131/><F45/><W103/><G103/><T61/><D130/><U64/><E64/><V41/><F41/><W128/><G128/><T82/><D48/><U106/><E106/><V46/><F46/><W84/><REACH who="3" step="1"/><G22/><REACH who="3" ten="250,250,250,240" step="2"/><T0/><D107/><U115/><E102/><V114/><F93/><W15/><G15/><T17/><D105/><U57/><E101/><V2/><F14/><W71/><G71/><T99/><D0/><U8/><E115/><V86/><F2/><W55/><G55/><T59/><D59/><U90/><E53/><V13/><F131/><W36/><G36/><T47/><D47/><U110/><E57/><V118/><F13/><W35/><G35/><T119/><D25/><N who="1" m="16559" /><E121/><V44/><F122/><W78/><G78/><T97/><D24/><U68/><E68/><V23/><F44/><W127/><G127/><T133/><D111/><U10/><E120/><V27/><F108/><W67/><G67/><T30/><D109/><U51/><E110/><V42/><F114/><W135/><G135/><N who="2" m="51753" /><F42/><W16/><G16/><T5/><D133/><U79/><E51/><V34/><F26/><W77/><G77/><T43/><D43/><U117/><E79/><V65/><F86/><W3/><G3/><T18/><D85/><U98/><E87/><RYUUKYOKU ba="0,1" sc="250,-15,250,-15,250,15,240,15" hai2="23,27,28,32,33,34,63,65,116,118" hai3="6,12,49,50,60,66,70,73,76,81,84,88,95" /><INIT seed="1,1,1,1,2,124" ten="235,235,265,255" oya="1" hai0="49,132,90,38,44,95,57,119,60,12,73,62,127" hai1="46,7,70,53,10,75,129,133,13,68,32,41,93" hai2="4,69,120,58,42,82,81,87,39,43,54,2,135" hai3="110,37,9,89,25,94,48,100,76,91,55,52,27"/><U116/><E116/><V18/><F120/><W17/><G37/><T84/><D119/><U83/><E32/><V98/><F69/><W118/><G118/><T99/><D127/><U64/><E133/><V128/><F135/><W131/><G110/><T63/><D132/><U45/><E64/><V105/><F2/><W47/><G76/><T6/><D38/><U80/><E75/><V61/><F4/><W77/><G77/><T22/><D73/><U34/><E34/><V123/><F123/><W97/><G131/><T114/><D114/><U117/><E129/><V20/><F39/><W30/><G55/><N who="0" m="30119" /><D84/><U23/><E117/><V112/><F112/><W86/><G30/><T16/><D6/><U3/><E53/><AGARI ba="1,1" hai="12,16,22,53,57,60,62,63,90,95,99" m="30119" machi="53" ten="30,2000,0" yaku="8,1,54,1" doraHai="124" who="0" fromWho="1" sc="235,33,235,-23,265,0,255,0" /><INIT seed="2,0,0,2,3,5" ten="268,212,265,255" oya="2" hai0="123,134,129,17,128,2,119,22,103,44,9,112,35" hai1="41,87,94,92,6,115,93,10,7,42,91,125,88" hai2="90,4,62,131,97,75,20,127,57,21,43,61,40" hai3="24,116,105,74,85,32,109,63,72,52,108,18,111"/><V19/><F75/><W76/><G105/><T49/><D112/><U77/><E125/><V66/><F127/><W37/><G37/><T23/><D123/><U47/><E115/><V96/><F4/><W55/><G116/><T46/><D35/><U33/><E33/><V107/><F131/><N who="0" m="50250" /><D134/><U84/><E77/><V27/><F107/><W68/><G85/><T38/><D38/><U110/><E110/><V101/><F101/><W83/><G72/><T78/><D78/><U100/><E100/><V60/><F21/><N who="3" m="13367" /><G32/><T59/><D59/><U51/><E41/><N who="2" m="15947" /><F97/><W30/><G30/><T31/><D103/><U13/><E6/><V81/><F81/><AGARI ba="0,0" hai="7,10,13,42,47,51,81,84,87,88,91,92,93,94" machi="81" ten="30,7700,0" yaku="7,1,8,1,52,1,54,1" doraHai="5" who="1" fromWho="2" sc="268,0,212,77,265,-77,255,0" /><INIT seed="3,0,0,0,1,72" ten="268,289,188,255" oya="3" hai0="92,110,99,22,24,107,27,69,17,51,83,7,18" hai1="85,91,113,135,63,54,123,40,37,71,84,125,94" hai2="90,100,88,87,23,66,79,116,121,20,73,58,59" hai3="114,47,43,117,74,19,55,81,132,8,35,21,105"/><W49/><G114/><T76/><D110/><U46/><E113/><V127/><F116/><W6/><G35/><T30/><D107/><U56/><E123/><V12/><F121/><W68/><G68/><T16/><D69/><U1/><E1/><V86/><F73/><W42/><G105/><T29/><D7/><U45/><E135/><V119/><F119/><W36/><G132/><T64/><D64/><U13/><E125/><V65/><F127/><W34/><G34/><T32/><D51/><U31/><E31/><V98/><F12/><W33/><G33/><T103/><D29/><U14/><E71/><V62/><F100/><W80/><G117/><T53/><D53/><U26/><E26/><V11/><F98/><W10/><G74/><AGARI ba="0,0" hai="16,17,18,22,24,27,30,32,74,76,83,92,99,103" machi="74" ten="30,3900,0" yaku="7,1,52,1,54,1" doraHai="72" who="0" fromWho="3" sc="268,39,289,0,188,0,255,-39" owari="307,40.7,289,8.9,188,-31.2,216,-18.4" /></mjloggm>