<mjloggm ver="2.3"><GO type="225" lobby="0"/><UN n0="%E3%82%B2%E3%82%B9%E8%8C%82%E5%8B%9D" n1="%63%68%78%62%64" n2="%E4%BA%95%E5%B8%AF" n3="%4C%4F%4C%49%54%41" dan="16,16,16,16" rate="2088.56,2156.94,2065.62,2151.48" sx="F,M,M,F"/><TAIKYOKU oya="0"/><INIT seed="0,0,0,4,5,5" ten="250,250,250,250" oya="0" hai0="49,51,55,125,68,124,73,9,92,31,96,19,67" hai1="110,20,53,127,48,26,58,72,131,101,62,90,30" hai2="29,27,87,78,3,34,69,116,107,77,6,117,122" hai3="18,63,133,43,79,50,1,65,24,52,13,104,113"/><T46/><D73/><U16/><E72/><V74/><F122/><W61/><G113/><T115/><D115/><U91/><E110/><V57/><F87/><W134/><G1/><T33/><D67/><N who="1" m="39383" /><E131/><V11/><F57/><W97/><G79/><T88/><D68/><U45/><E127/><V103/><F69/><W120/><G120/><T83/><D83/><U15/><E101/><V60/><F60/><W121/><G43/><T102/><D102/><U82/><E82/><V7/><F7/><W130/><G130/><T8/><D49/><U32/><E32/><V108/><F108/><W75/><G75/><T64/><D64/><U128/><E128/><V118/><REACH who="2" step="1"/><F74/><REACH who="2" ten="250,250,240,250" step="2"/><W135/><G121/><T37/><D37/><U81/><E81/><V85/><F85/><W86/><G86/><T25/><REACH who="0" step="1"/><D19/><REACH who="0" ten="240,250,240,250" step="2"/><U89/><E16/><V109/><F109/><W106/><G18/><T44/><D44/><U40/><E45/><V99/><AGARI ba="0,2" hai="3,6,11,27,29,34,77,78,99,103,107,116,117,118" machi="99" ten="40,8000,1" yaku="1,1,0,1,12,1,52,1,53,0" doraHai="5" doraHaiUra="41" who="2" fromWho="2" sc="240,-40,250,-20,240,100,250,-20" /><INIT seed="1,0,0,4,2,101" ten="200,230,340,230" oya="1" hai0="37,39,125,1,87,11,47,65,62,132,40,34,81" hai1="99,120,119,74,110,90,82,63,123,41,8,79,67" hai2="127,86,5,112,114,55,129,97,83,6,131,28,78" hai3="88,18,2,70,4,33,94,126,108,3,16,100,111"/><U54/><E119/><V32/><F97/><W98/><G70/><T89/><D132/><U51/><E110/><N who="3" m="42026" /><G33/><T122/><D125/><U130/><E130/><N who="2" m="49675" /><F127/><W43/><G126/><T13/><D122/><U76/><E41/><V75/><F55/><W30/><G30/><T35/><D37/><U117/><E117/><V46/><F46/><W27/><G43/><T116/><D1/><N who="3" m="9" /><G4/><T105/><D105/><U118/><E118/><V66/><F66/><W22/><G18/><T57/><REACH who="0" step="1"/><D116/><REACH who="0" ten="190,230,340,230" step="2"/><U64/><E120/><V45/><F114/><W102/><AGARI ba="0,1" hai="16,22,27,88,94,98,100,102" m="9,42026" machi="102" ten="40,5200,0" yaku="14,1,54,2" doraHai="101" who="3" fromWho="3" sc="190,-13,230,-26,340,-13,230,62" /><INIT seed="2,0,0,5,2,13" ten="177,204,327,292" oya="2" hai0="59,88,135,53,8,3,96,24,102,22,85,28,123" hai1="40,113,23,130,92,42,27,97,1,106,21,134,15" hai2="17,72,131,105,108,39,34,46,78,19,60,36,128" hai3="45,75,64,89,14,69,104,101,16,51,9,114,112"/><V43/><F34/><W116/><G116/><T93/><D135/><U71/><E1/><V122/><F122/><W111/><G75/><T12/><D123/><U80/><E113/><N who="3" m="43626" /><G111/><T127/><D127/><U95/><E71/><V124/><F124/><W4/><G89/><T44/><D3/><U77/><E130/><N who="2" m="49707" /><F108/><W62/><G101/><T94/><D44/><U99/><E134/><V100/><F39/><W41/><G104/><T79/><D79/><U86/><E106/><V48/><F60/><W5/><AGARI ba="0,0" hai="4,5,9,14,16,41,45,51,62,64,69" m="43626" machi="5" ten="30,4000,0" yaku="11,1,52,1,54,1" doraHai="13" who="3" fromWho="3" sc="177,-10,204,-10,327,-20,292,40" /><INIT seed="3,0,0,4,1,15" ten="167,194,307,332" oya="3" hai0="124,16,117,46,51,42,109,6,58,114,4,111,129" hai1="84,131,67,93,89,23,112,10,35,63,38,108,9" hai2="11,40,64,74,19,13,83,55,72,61,127,81,21" hai3="79,91,59,14,5,123,18,121,122,96,3,94,20"/><W49/><G79/><T110/><D117/><U45/><E35/><V68/><F127/><W65/><G3/><T36/><D124/><U92/><E112/><V71/><F71/><W28/><G5/><T53/><D129/><U107/><E107/><V120/><F120/><W88/><G28/><T30/><D30/><U48/><E38/><V7/><F40/><W98/><G65/><T118/><D118/><U101/><E131/><V0/><REACH who="2" step="1"/><F55/><REACH who="2" ten="167,194,297,332" step="2"/><N who="3" m="32239" /><G91/><T99/><D114/><U115/><E115/><V52/><F52/><W39/><G39/><T103/><REACH who="0" step="1"/><D16/><REACH who="0" ten="157,194,297,332" step="2"/><U29/><E108/><V50/><F50/><W34/><G122/><T116/><D116/><U24/><E48/><V76/><F76/><W33/><G123/><T60/><D60/><U125/><E125/><V102/><F102/><W43/><G18/><T66/><D66/><U113/><E113/><V95/><F95/><AGARI ba="0,2" hai="4,6,36,42,46,51,53,58,95,99,103,109,110,111" machi="95" ten="40,2600,0" yaku="1,1,14,1,53,0" doraHai="15" doraHaiUra="128" who="0" fromWho="2" sc="157,46,194,0,297,-26,332,0" owari="203,-19.7,194,-30.6,271,7.1,332,43.2" /></mjloggm>