<mjloggm ver="2.3"><GO type="225" lobby="0"/><UN n0="%E3%81%8F%E3%82%8A%E3%83%94%E3%83%BC" n1="%E3%81%99%E3%81%84%E3%81%BE%E3%81%9B%E3%83%BC%E3%82%93" n2="%E6%AB%BB%E4%BA%95%E5%A5%8F" n3="%45%6C%79%73%69%75%6D" dan="16,16,17,18" rate="2122.99,2168.06,2189.51,2155.86" sx="M,M,M,F"/><TAIKYOKU oya="0"/><INIT seed="0,0,0,3,4,17" ten="250,250,250,250" oya="0" hai0="62,24,39,21,35,43,68,57,105,130,56,126,82" hai1="115,18,104,61,12,120,41,2,92,109,44,87,49" hai2="128,55,51,135,53,108,63,32,107,16,50,90,96" hai3="54,74,15,23,40,79,100,26,58,48,30,46,89"/><T76/><D126/><U0/><E120/><V112/><F32/><W59/><G100/><T88/><D105/><U52/><E104/><V114/><F108/><W20/><G74/><T71/><D35/><U31/><E109/><V37/><F37/><W25/><G79/><T101/><D101/><U81/><E115/><V73/><F73/><W10/><G89/><T102/><D102/><U69/><E31/><V77/><F77/><W70/><G70/><T91/><D130/><U1/><E92/><V60/><F107/><W4/><G40/><T97/><D57/><U132/><E132/><V64/><F135/><W3/><G3/><T134/><D134/><U19/><E41/><V123/><F123/><W84/><G84/><N who="0" m="48199" /><D39/><U119/><E119/><V124/><F124/><W99/><G99/><T80/><D68/><U122/><E122/><V78/><F128/><W34/><G34/><T125/><D71/><U5/><E69/><V47/><F78/><W118/><G118/><T110/><D110/><U113/><E113/><V11/><F64/><W38/><G38/><T65/><D43/><U72/><E72/><V9/><F47/><W75/><G75/><T117/><D117/><U27/><E0/><V13/><F90/><N who="0" m="34346" /><D125/><U111/><E1/><V67/><F114/><W93/><G93/><T129/><D129/><U28/><E2/><V95/><F112/><W7/><G7/><T116/><D116/><U86/><E111/><V8/><F95/><W29/><AGARI ba="0,0" hai="4,10,15,20,23,25,26,29,30,46,48,54,58,59" machi="29" ten="20,12000,2" yaku="0,1,7,1,9,1,8,1,52,2" doraHai="17" who="3" fromWho="3" sc="250,-60,250,-30,250,-30,250,120" /><INIT seed="1,0,0,0,0,76" ten="190,220,220,370" oya="1" hai0="117,61,124,92,16,79,46,23,2,41,95,3,118" hai1="42,99,97,32,14,98,102,17,127,75,135,68,13" hai2="94,33,10,56,125,87,62,27,86,91,60,50,51" hai3="89,108,114,35,21,30,128,34,66,119,105,133,72"/><U65/><E32/><V81/><F125/><W100/><G89/><T84/><D124/><U53/><E127/><V55/><F33/><W1/><G21/><T54/><D3/><U49/><E135/><V59/><F27/><W7/><G100/><T123/><D2/><U47/><E75/><V4/><F4/><W20/><G20/><T11/><D11/><U106/><E13/><V132/><F10/><W78/><G78/><T18/><D123/><U120/><E120/><V96/><F87/><W77/><G77/><T12/><D117/><U83/><E83/><V82/><F132/><W129/><G30/><T48/><D18/><U28/><E28/><V131/><F131/><W74/><G66/><T85/><D118/><U134/><E134/><V15/><F15/><W64/><G64/><T26/><D12/><U104/><E104/><V57/><F82/><W25/><G25/><T45/><D61/><U6/><E6/><V52/><F59/><W107/><G7/><T40/><D54/><U38/><E65/><V43/><F43/><W71/><G133/><T29/><D29/><U70/><E106/><V22/><F22/><W80/><G1/><T73/><D73/><U111/><E102/><AGARI ba="0,0" hai="50,51,52,55,56,57,60,62,81,86,91,94,96,102" machi="102" ten="30,8000,1" yaku="7,1,9,1,8,1,52,1,54,1" doraHai="76" who="2" fromWho="1" sc="190,0,220,-80,220,80,370,0" /><INIT seed="2,0,0,3,3,3" ten="190,140,300,370" oya="2" hai0="25,38,102,93,36,84,13,89,21,133,117,70,12" hai1="42,33,60,31,48,125,71,112,17,114,95,99,83" hai2="120,61,43,72,1,128,16,45,49,98,88,27,50" hai3="87,104,101,9,26,110,32,81,67,124,63,79,75"/><V113/><F113/><W68/><G110/><T107/><D70/><U73/><E125/><V115/><F115/><W111/><G111/><T20/><D133/><U108/><E108/><V91/><F120/><W77/><G124/><T58/><D117/><U129/><E129/><V44/><F72/><W69/><G69/><T11/><D12/><U7/><E17/><V121/><F121/><W66/><G66/><T123/><D123/><U56/><E42/><V53/><F1/><W15/><G77/><T109/><D20/><U18/><E18/><V29/><F128/><W86/><G15/><T57/><D109/><U34/><E31/><V116/><F116/><W90/><G9/><T10/><D10/><U127/><E127/><V8/><F61/><W54/><G54/><T46/><D107/><U134/><E134/><V59/><F98/><N who="3" m="61495" /><G90/><N who="2" m="34345" /><F29/><AGARI ba="0,0" hai="26,29,32,63,67,68,75,79,81,86,87" m="61495" machi="29" ten="30,1000,0" yaku="25,1" doraHai="3" who="3" fromWho="2" sc="190,0,140,0,300,-10,370,10" /><INIT seed="3,0,0,1,4,130" ten="190,140,290,380" oya="3" hai0="0,92,70,23,73,5,129,83,132,135,97,108,107" hai1="48,47,74,91,86,61,42,46,33,102,79,10,110" hai2="39,16,2,95,43,133,54,18,30,75,35,82,36" hai3="27,68,113,112,67,117,109,6,134,114,78,111,98"/><W31/><G134/><N who="0" m="51243" /><D108/><U34/><E110/><V104/><F104/><W8/><G98/><T100/><D129/><U71/><E102/><V64/><F133/><W76/><G67/><T11/><D70/><U49/><E74/><V105/><F105/><W122/><G68/><T4/><D4/><U120/><E79/><V28/><F2/><W56/><G56/><T14/><D107/><U106/><E120/><V99/><F64/><W37/><G76/><N who="0" m="44431" /><D23/><U96/><E106/><V128/><F128/><W84/><G78/><T116/><D116/><U81/><E96/><V12/><F35/><W63/><G117/><T80/><D80/><U50/><E10/><V93/><F82/><W103/><G8/><T26/><D26/><U22/><E22/><V94/><F99/><W55/><G27/><T38/><D38/><U3/><E3/><AGARI ba="0,0" hai="0,3,5,11,14,92,97,100" m="44431,51243" machi="3" ten="30,7700,0" yaku="20,1,52,3" doraHai="130" who="0" fromWho="1" sc="190,77,140,-77,290,0,380,0" owari="267,-13.3,63,-43.7,290,9.0,380,48.0" /></mjloggm>