<mjloggm ver="2.3"><GO type="225" lobby="0"/><UN n0="%6B%69%72%61%64%6F%6B%69" n1="%6D%61%74%69%67%75%73%61" n2="%48%61%61%61%6C%61%6E%64" n3="%E3%83%99%E3%83%AB%E3%83%A2%E3%83%83%E3%83%88" dan="16,17,18,16" rate="2070.25,2223.52,2219.58,2107.53" sx="M,M,M,M"/><TAIKYOKU oya="0"/><INIT seed="0,0,0,5,5,73" ten="250,250,250,250" oya="0" hai0="10,110,101,131,105,2,94,89,26,17,42,87,103" hai1="37,56,69,21,11,133,0,90,35,51,95,116,28" hai2="130,20,100,98,91,45,62,24,123,72,77,108,99" hai3="119,93,16,53,126,18,13,111,30,50,135,32,19"/><T127/><D42/><U6/><E69/><V36/><F123/><W97/><G119/><T29/><D131/><U38/><E35/><V59/><F130/><W120/><G111/><T104/><D127/><U63/><E51/><V68/><F68/><W4/><G126/><T81/><D110/><U27/><E133/><V71/><F71/><W67/><G67/><T83/><D17/><U66/><REACH who="1" step="1"/><E116/><REACH who="1" ten="250,240,250,250" step="2"/><V134/><F108/><W46/><G135/><T58/><D58/><U76/><E76/><V115/><F77/><W31/><G32/><T12/><D104/><U80/><E80/><V74/><F134/><W40/><G120/><T114/><D81/><U84/><AGARI ba="0,1" hai="0,6,11,21,27,28,37,38,56,63,66,84,90,95" machi="84" ten="20,5200,0" yaku="1,1,0,1,7,1,53,1" doraHai="73" doraHaiUra="5" who="1" fromWho="1" sc="250,-26,240,62,250,-13,250,-13" /><INIT seed="1,0,0,1,0,91" ten="224,302,237,237" oya="1" hai0="28,94,34,29,74,113,131,27,18,41,128,11,54" hai1="117,93,100,82,108,17,124,45,47,38,72,127,10" hai2="88,133,7,20,4,55,83,59,87,80,65,43,97" hai3="86,62,56,119,12,123,15,76,37,1,57,107,101"/><U132/><E117/><V63/><F133/><W122/><G1/><T25/><D74/><U52/><E38/><V5/><F43/><W111/><G37/><T51/><D113/><U8/><E132/><V73/><F97/><W16/><G111/><T68/><D68/><U114/><E114/><V92/><F73/><W61/><G107/><T9/><D41/><U120/><E120/><V126/><F126/><W79/><G101/><T42/><D42/><U106/><E106/><V71/><REACH who="2" step="1"/><F20/><REACH who="2" ten="224,302,227,237" step="2"/><W70/><G119/><T118/><D118/><U104/><E72/><V24/><F24/><W84/><REACH who="3" step="1"/><G70/><REACH who="3" ten="224,302,227,227" step="2"/><T115/><D115/><U129/><E127/><V69/><F69/><W64/><G64/><T46/><D128/><U85/><E124/><V40/><F40/><W48/><G48/><AGARI ba="0,2" hai="4,5,7,48,55,59,63,65,71,80,83,87,88,92" machi="48" ten="40,5200,0" yaku="1,1,52,1,54,1,53,0" doraHai="91" doraHaiUra="32" who="2" fromWho="3" sc="224,0,302,0,227,72,227,-52" /><INIT seed="2,0,0,0,5,131" ten="224,302,299,175" oya="2" hai0="81,103,25,61,70,54,31,34,92,10,64,82,111" hai1="74,106,59,39,19,2,6,110,57,109,48,16,7" hai2="65,50,128,78,18,37,130,17,104,60,20,72,124" hai3="26,52,75,101,21,38,29,95,43,135,33,35,13"/><V114/><F37/><W120/><G75/><T44/><D111/><N who="1" m="42507" /><E39/><V49/><F104/><W77/><G77/><T58/><D44/><U53/><E74/><V118/><F114/><W1/><G1/><T85/><D10/><N who="1" m="2391" /><E106/><V22/><F118/><W134/><G120/><T88/><REACH who="0" step="1"/><D103/><REACH who="0" ten="214,302,299,175" step="2"/><U14/><E59/><N who="2" m="37023" /><F130/><W97/><G38/><T42/><D42/><U79/><E79/><V129/><F129/><W123/><G43/><T51/><AGARI ba="0,1" hai="25,31,34,51,54,58,61,64,70,81,82,85,88,92" machi="51" ten="20,5200,0" yaku="1,1,0,1,7,1,54,1,53,0" doraHai="131" doraHaiUra="108" who="0" fromWho="0" sc="214,62,302,-13,299,-26,175,-13" /><INIT seed="3,0,0,0,4,47" ten="276,289,273,162" oya="3" hai0="45,113,114,39,42,88,102,34,24,63,90,110,125" hai1="30,86,14,20,116,115,75,135,9,103,97,26,118" hai2="71,7,1,10,108,109,100,73,60,101,13,49,79" hai3="122,11,91,78,50,106,40,25,6,18,119,32,64"/><W134/><G119/><N who="1" m="45610" /><E75/><V43/><F1/><W82/><G106/><T16/><D110/><N who="2" m="42602" /><F73/><W59/><G122/><T127/><D102/><N who="2" m="39530" /><F79/><W65/><G32/><T129/><D63/><U27/><E86/><V104/><F104/><W46/><G134/><T99/><D129/><U55/><E115/><N who="0" m="44041" /><D99/><U94/><E26/><V72/><F72/><W22/><G78/><T96/><D96/><U8/><E135/><V62/><F71/><W126/><G126/><N who="0" m="48139" /><D16/><N who="1" m="10263" /><E55/><V123/><F123/><W36/><G36/><T12/><D12/><U81/><E81/><V19/><F19/><W33/><G33/><AGARI ba="0,0" hai="8,9,27,30,33,94,97,103" m="10263,45610" machi="33" ten="30,2000,0" yaku="12,1,54,1" doraHai="47" who="1" fromWho="3" sc="276,0,289,20,273,0,162,-20" owari="276,7.6,309,40.9,273,-12.7,142,-35.8" /></mjloggm>