<mjloggm ver="2.3"><GO type="225" lobby="0"/><UN n0="%E3%81%A6%E3%81%A4%EF%BC%A3" n1="%E3%83%A9%E3%83%BC%E3%83%A1%E3%83%B3%E4%BA%94%E9%83%8E" n2="%E3%81%AF%E3%82%88%E3%81%8A%E3%81%98%E3%81%95%E3%82%93" n3="%E3%82%BC%E3%83%AB%E3%83%80%E3%81%AE%E4%BC%9D%E8%AA%AC" dan="16,16,16,16" rate="2086.64,2085.35,2208.32,2116.19" sx="M,M,M,M"/><TAIKYOKU oya="0"/><INIT seed="0,0,0,3,3,122" ten="250,250,250,250" oya="0" hai0="119,1,10,23,75,49,67,129,32,93,21,41,8" hai1="72,104,56,39,103,51,13,84,134,54,76,108,9" hai2="131,64,29,100,99,74,86,127,109,68,123,120,94" hai3="46,111,50,38,77,40,61,35,112,45,69,82,85"/><T26/><D75/><U43/><E134/><V14/><F74/><W126/><G112/><T83/><D119/><U92/><E104/><V66/><F127/><W106/><G126/><T90/><D129/><U33/><E33/><V28/><F131/><W34/><G106/><T133/><D133/><U22/><E72/><V63/><F64/><W105/><G105/><T88/><D67/><U118/><E118/><V62/><F62/><W80/><G111/><T107/><D107/><U2/><E2/><V31/><F109/><W115/><G115/><T3/><D32/><U70/><E70/><V0/><F0/><W53/><G69/><T79/><D41/><U48/><E39/><V37/><F37/><W98/><G98/><T20/><D49/><U16/><E108/><V65/><F66/><W96/><G96/><N who="0" m="57383" /><D79/><U5/><E103/><V87/><REACH who="2" step="1"/><F14/><REACH who="2" ten="250,250,240,250" step="2"/><W121/><G61/><T15/><D1/><U36/><E36/><V130/><F130/><W19/><G121/><AGARI ba="0,1" hai="28,29,31,63,65,68,86,87,94,99,100,120,121,123" machi="121" ten="40,1300,0" yaku="1,1,53,0" doraHai="122" doraHaiUra="52" who="2" fromWho="3" sc="250,0,250,0,240,23,250,-13" /><INIT seed="1,0,0,3,4,37" ten="250,250,263,237" oya="1" hai0="24,35,134,95,59,69,32,29,52,11,30,91,26" hai1="45,70,4,50,34,97,96,14,56,101,119,117,123" hai2="122,27,109,61,46,21,48,77,100,49,104,17,115" hai3="28,87,51,55,54,33,90,16,125,40,2,63,85"/><U43/><E123/><V68/><F122/><W124/><G2/><T108/><D108/><U7/><E70/><V116/><F116/><W73/><G73/><T65/><D134/><U94/><E34/><V112/><F109/><W19/><G33/><T114/><D114/><N who="2" m="43562" /><F77/><W15/><G28/><T20/><D69/><U12/><E119/><V31/><F17/><N who="3" m="6731" /><G15/><N who="1" m="5674" /><E117/><V38/><F100/><W111/><G111/><T6/><D20/><U118/><E118/><V99/><F99/><W42/><G87/><T129/><D65/><U120/><E120/><V110/><F104/><W64/><G64/><T92/><D129/><U78/><E78/><V39/><F48/><W0/><G0/><T74/><D74/><U47/><E47/><V135/><F135/><W107/><G107/><T72/><D72/><U22/><E97/><V71/><F110/><W53/><G63/><T84/><D95/><U36/><E36/><N who="2" m="13867" /><F61/><W81/><G51/><T128/><D128/><U126/><E50/><V1/><F1/><W88/><G90/><T41/><D11/><U132/><E132/><V80/><F80/><W66/><G66/><T86/><D6/><U133/><E4/><V121/><F121/><W58/><G58/><T82/><D82/><U76/><E7/><V75/><F75/><W79/><G79/><T113/><D113/><U23/><E76/><V105/><F105/><W60/><G60/><N who="0" m="35943" /><D84/><U3/><E133/><V13/><F13/><W18/><N who="3" m="6739" /><W102/><DORA hai="93" /><G102/><T83/><D83/><U8/><E101/><V127/><F127/><AGARI ba="0,0" hai="40,42,53,54,55,81,85,88,124,125,127" m="6739" machi="127" ten="40,8000,1" yaku="18,1,52,2,54,2" doraHai="37,93" who="3" fromWho="2" sc="250,0,250,0,263,-80,237,80" /><INIT seed="2,0,0,3,1,120" ten="250,250,183,317" oya="2" hai0="134,128,135,22,105,106,2,74,28,84,60,38,36" hai1="99,83,112,71,30,58,72,121,123,15,73,87,45" hai2="67,27,102,52,80,23,56,103,66,126,1,32,50" hai3="117,44,131,75,130,133,116,35,59,62,4,43,42"/><V122/><F122/><N who="1" m="46601" /><E112/><V53/><F1/><W64/><G35/><T98/><D74/><U91/><E71/><V114/><F114/><W132/><G75/><T12/><D2/><U0/><E0/><V3/><F3/><W49/><G42/><T69/><D84/><U82/><E58/><N who="2" m="33079" /><F32/><W111/><G4/><T125/><D128/><N who="3" m="49193" /><G111/><T18/><D125/><U47/><E30/><N who="2" m="17791" /><F126/><W11/><G11/><T25/><D60/><U94/><E15/><V88/><F66/><W92/><G92/><T63/><D63/><U19/><E82/><V26/><F67/><W70/><G70/><T97/><D69/><U95/><E72/><V51/><F26/><W127/><G127/><T124/><D124/><U115/><E73/><V107/><F107/><W104/><G104/><T101/><D98/><U61/><E115/><V9/><F9/><W93/><G93/><N who="1" m="35338" /><E99/><V5/><F5/><W6/><G6/><T57/><D106/><U77/><E77/><V14/><F14/><W86/><G86/><AGARI ba="0,0" hai="51,52,56,80,86,88,102,103" m="17791,33079" machi="86" ten="30,5800,0" yaku="8,1,54,2" doraHai="120" who="2" fromWho="3" sc="250,0,250,0,183,58,317,-58" /><INIT seed="2,1,0,4,1,48" ten="250,250,241,259" oya="2" hai0="37,119,49,123,94,63,3,89,38,127,106,93,130" hai1="65,104,115,121,132,117,32,107,74,19,90,31,40" hai2="56,92,113,4,126,18,7,98,35,96,60,77,59" hai3="1,84,46,20,58,12,47,9,68,95,128,28,50"/><V69/><F113/><W80/><G68/><T133/><D3/><U66/><E115/><V86/><F35/><W43/><G128/><T64/><D130/><U55/><E117/><V72/><F72/><W62/><G1/><T103/><D119/><U100/><E74/><V8/><F69/><W116/><G116/><T129/><D129/><U108/><E40/><V17/><F126/><W81/><G47/><T73/><D73/><U5/><E5/><N who="2" m="2123" /><F56/><W110/><G110/><T71/><D123/><U10/><E108/><V0/><F0/><W2/><G2/><T44/><D106/><U6/><E121/><V29/><F29/><W101/><G9/><T33/><D33/><U23/><E132/><V39/><F39/><W11/><G11/><T42/><D133/><U83/><E104/><V79/><F86/><W97/><G84/><T109/><D109/><U51/><E107/><V111/><F111/><W21/><G21/><T87/><D127/><U57/><E100/><N who="2" m="60423" /><F98/><W85/><G85/><T52/><D103/><U26/><E83/><V91/><F91/><W118/><G118/><T25/><D94/><U82/><E90/><V15/><F17/><N who="3" m="10279" /><G28/><T76/><D76/><U24/><E82/><V27/><F27/><W105/><G105/><T125/><D125/><U70/><E70/><V120/><F120/><W102/><G101/><T30/><D30/><U67/><E26/><V99/><F99/><W78/><G78/><T41/><D25/><U54/><E32/><V34/><F34/><W36/><G36/><T88/><D89/><U22/><E31/><V75/><F75/><RYUUKYOKU ba="1,0" sc="250,10,250,-30,241,10,259,10" hai0="37,38,41,42,44,49,52,63,64,71,87,88,93" hai2="8,15,18,59,60,77,79" hai3="43,46,50,58,62,80,81,95,97,102" /><INIT seed="2,2,0,5,4,38" ten="260,220,251,269" oya="2" hai0="102,15,47,22,36,16,119,9,17,42,127,107,95" hai1="40,123,23,106,131,55,37,50,70,88,52,80,134" hai2="93,66,103,30,10,109,94,71,68,32,82,110,29" hai3="51,34,96,118,83,112,4,20,26,111,79,41,105"/><V31/><F32/><W56/><G118/><T57/><D119/><U63/><E106/><V77/><F10/><W74/><G111/><N who="2" m="42505" /><F66/><W86/><G112/><T76/><D127/><U117/><E117/><V133/><F133/><W12/><G34/><T61/><D107/><U0/><E0/><V132/><F132/><W128/><G128/><T2/><D76/><U33/><E33/><V67/><F67/><W135/><G135/><T60/><D2/><U72/><E134/><V89/><F103/><W124/><G124/><T54/><D102/><U69/><E131/><V92/><F89/><W6/><G6/><T113/><D113/><U25/><E123/><V48/><F48/><W11/><G20/><T19/><D95/><N who="2" m="24322" /><V129/><DORA hai="21" /><F129/><W97/><G105/><T44/><D61/><U8/><E37/><V5/><F5/><W46/><G97/><T125/><D125/><U98/><E8/><V59/><F59/><W114/><G96/><T53/><D47/><N who="1" m="25959" /><E70/><V13/><F13/><W84/><G114/><T64/><REACH who="0" step="1"/><D19/><REACH who="0" ten="250,220,251,269" step="2"/><U91/><E63/><V43/><F43/><W87/><G41/><T108/><D108/><U45/><E45/><V58/><F58/><W90/><G46/><T35/><D35/><U126/><E126/><V14/><F68/><W18/><G90/><T24/><AGARI ba="2,1" hai="9,15,16,17,22,24,36,42,44,53,54,57,60,64" machi="24" ten="20,12000,2" yaku="1,1,0,1,7,1,52,2,54,1,53,0" doraHai="38,21" doraHaiUra="122,65" who="0" fromWho="0" sc="250,136,220,-32,251,-62,269,-32" /><INIT seed="3,0,0,5,2,61" ten="386,188,189,237" oya="3" hai0="75,10,35,57,43,78,58,89,134,54,50,1,39" hai1="64,17,3,28,97,86,115,113,82,44,31,85,37" hai2="27,118,68,102,38,87,0,60,74,88,101,95,91" hai3="83,92,122,19,135,127,2,105,65,55,6,117,70"/><W14/><G105/><T128/><D35/><U23/><E3/><V129/><F118/><W46/><G92/><T90/><D134/><U104/><E64/><N who="2" m="40967" /><F0/><W94/><G94/><T125/><D125/><U84/><E82/><N who="2" m="49655" /><F38/><W26/><G14/><T62/><D128/><U42/><E115/><V32/><F74/><W5/><G19/><T49/><D75/><U9/><E9/><V103/><F129/><W80/><G6/><T131/><D78/><U73/><E73/><V53/><F53/><W59/><G55/><T13/><D1/><U120/><E113/><V30/><F88/><W33/><G5/><N who="0" m="3279" /><D39/><U116/><E116/><V51/><F51/><W45/><G117/><T106/><D106/><U47/><E120/><V8/><F95/><W81/><G81/><T79/><D79/><U77/><E77/><V93/><F93/><W21/><G83/><T133/><D133/><U24/><REACH who="1" step="1"/><E47/><REACH who="1" ten="386,178,189,237" step="2"/><V40/><F8/><W112/><G46/><N who="0" m="25823" /><D131/><U114/><E114/><V71/><F71/><W130/><G45/><T36/><D36/><U109/><E109/><V100/><F100/><AGARI ba="0,1" hai="17,23,24,28,31,37,42,44,84,85,86,97,100,104" machi="100" ten="40,1300,0" yaku="1,1,53,0" doraHai="61" doraHaiUra="11" who="1" fromWho="2" sc="386,0,178,23,189,-13,237,0" owari="386,48.6,201,-19.9,176,-32.4,237,3.7" /></mjloggm>