<mjloggm ver="2.3"><GO type="225" lobby="0"/><UN n0="%E3%81%95%E3%81%8D%E3%81%9F%E3%81%BE%E6%9E%97%E6%AA%8E" n1="%E3%80%93%E3%81%97%E3%83%BC%E3%82%89%E3%80%93" n2="%6D%75%75%73%61%6E%6D%75" n3="%E5%A4%96%E5%B7%9D%E7%AB%9C%E6%88%90" dan="16,16,16,16" rate="2074.13,2181.53,2155.02,2101.20" sx="M,M,F,M"/><TAIKYOKU oya="0"/><INIT seed="0,0,0,2,0,53" ten="250,250,250,250" oya="0" hai0="0,86,106,125,88,134,59,54,20,107,35,4,56" hai1="7,55,16,129,50,49,91,101,112,132,41,34,43" hai2="18,116,28,113,12,70,108,92,42,51,119,87,61" hai3="105,85,31,122,118,81,63,10,19,109,5,24,13"/><T83/><D134/><U11/><E34/><V45/><F113/><W67/><G118/><T9/><D35/><U135/><E112/><V74/><F74/><W3/><G109/><T124/><D54/><U120/><E120/><V36/><F108/><W126/><G126/><N who="0" m="48747" /><D20/><U8/><E129/><V76/><F28/><W32/><G105/><AGARI ba="0,0" hai="0,4,9,56,59,83,86,88,105,106,107" m="48747" machi="105" ten="30,11600,0" yaku="18,1,52,2,54,1" doraHai="53" who="0" fromWho="3" sc="250,116,250,0,250,0,250,-116" /><INIT seed="0,1,0,2,4,111" ten="366,250,250,134" oya="0" hai0="98,33,94,50,36,49,48,20,119,0,19,77,66" hai1="124,14,72,130,75,23,5,8,11,29,113,133,100" hai2="56,64,2,31,43,109,81,105,107,57,89,86,82" hai3="42,112,45,83,87,38,101,135,47,131,16,76,39"/><T58/><D33/><U4/><E100/><V12/><F109/><W6/><G131/><T34/><D119/><U118/><E75/><V46/><F2/><W1/><G135/><T37/><D34/><U128/><E72/><V10/><F31/><W92/><G6/><T7/><D77/><U106/><E106/><V126/><F126/><W25/><G1/><T97/><D7/><U41/><E41/><V18/><F82/><W120/><G120/><T65/><D0/><N who="1" m="7" /><E118/><V21/><F105/><W17/><G25/><T40/><D40/><U28/><E124/><V13/><F107/><W103/><G112/><T74/><D74/><U123/><E123/><V115/><F64/><N who="0" m="24682" /><D37/><U61/><E61/><V125/><F115/><W90/><G45/><T127/><D36/><U99/><E99/><N who="0" m="37897" /><D94/><U9/><E113/><V54/><F125/><W114/><G39/><T26/><D127/><U22/><E133/><V67/><F67/><W104/><G114/><T108/><D108/><U52/><E52/><AGARI ba="1,0" hai="19,20,26,48,49,50,52,58" m="37897,24682" machi="52" ten="30,2900,0" yaku="8,1,54,1" doraHai="111" who="0" fromWho="1" sc="366,32,250,-32,250,0,134,0" /><INIT seed="0,2,0,4,4,56" ten="398,218,250,134" oya="0" hai0="71,99,11,65,107,98,28,55,135,104,100,115,108" hai1="80,101,1,130,62,0,114,4,109,61,6,76,5" hai2="86,75,118,36,73,121,82,110,52,46,34,59,7" hai3="68,26,119,134,8,90,92,39,103,13,16,25,125"/><T49/><D115/><U116/><E116/><V33/><F121/><W87/><G119/><T44/><D135/><U126/><E114/><V113/><F118/><W94/><G134/><T22/><D11/><U43/><E101/><V27/><F113/><W31/><G125/><T102/><D108/><U131/><E43/><V117/><F117/><W78/><G39/><T24/><REACH who="0" step="1"/><D65/><REACH who="0" ten="388,218,250,134" step="2"/><U67/><E109/><V70/><F110/><W133/><G133/><T74/><D74/><N who="1" m="43031" /><E67/><V66/><F75/><W127/><G127/><T19/><D19/><U18/><E18/><V9/><F73/><W97/><G68/><AGARI ba="2,1" hai="22,24,28,44,49,55,68,71,98,99,100,102,104,107" machi="68" ten="40,3900,0" yaku="1,1,9,1,53,0" doraHai="56" doraHaiUra="128" who="0" fromWho="3" sc="388,55,218,0,250,0,134,-45" /><INIT seed="0,3,0,3,3,11" ten="443,218,250,89" oya="0" hai0="63,1,22,122,30,49,90,56,133,10,104,39,25" hai1="130,93,4,113,46,9,64,83,5,131,88,33,59" hai2="135,112,57,31,44,110,29,117,61,125,103,134,118" hai3="45,129,132,43,3,70,99,81,80,14,89,19,76"/><T35/><D122/><U68/><E33/><V52/><F112/><W55/><G129/><N who="1" m="49162" /><E113/><V108/><F103/><W36/><G132/><N who="2" m="50729" /><F44/><W28/><G3/><T62/><D39/><U82/><E68/><V6/><F6/><N who="1" m="2665" /><E9/><V13/><F13/><W18/><G70/><T114/><D104/><U127/><E127/><V92/><F92/><W128/><G128/><T121/><D121/><U38/><E64/><V60/><F60/><W47/><G47/><T37/><D37/><U8/><E8/><V84/><F84/><W116/><G55/><T111/><D114/><U87/><E59/><V94/><F94/><W105/><G105/><T67/><D35/><U40/><AGARI ba="3,0" hai="38,40,46,82,83,87,88,93" m="2665,49162" machi="40" ten="30,2000,0" yaku="19,1,54,1" doraHai="11" who="1" fromWho="1" sc="443,-13,218,29,250,-8,89,-8" /><INIT seed="1,0,0,0,1,104" ten="430,247,242,81" oya="1" hai0="110,123,116,26,0,84,90,17,52,12,38,106,119" hai1="19,13,93,55,61,75,82,109,117,30,63,128,108" hai2="130,88,62,73,87,39,37,78,131,56,99,6,96" hai3="29,7,28,70,46,2,36,113,74,71,69,10,14"/><U65/><E117/><V47/><F6/><W11/><G113/><T67/><D110/><N who="1" m="42603" /><E128/><N who="2" m="49195" /><F78/><W54/><G54/><T45/><D106/><U120/><E120/><V83/><F73/><W48/><G48/><T133/><D0/><U86/><E30/><V126/><F126/><W15/><G2/><T40/><D67/><U111/><E111/><V50/><F37/><W8/><G36/><T53/><D53/><U134/><E134/><V32/><F32/><W77/><G46/><T42/><D133/><U92/><E55/><N who="2" m="34079" /><F39/><W41/><G41/><AGARI ba="0,0" hai="41,47,50,83,87,88,96,99" m="34079,49195" machi="41" ten="30,2000,0" yaku="19,1,54,1" doraHai="104" who="2" fromWho="3" sc="430,0,247,0,242,20,81,-20" /><INIT seed="2,0,0,1,1,40" ten="430,247,262,61" oya="2" hai0="13,10,67,54,65,38,24,48,75,129,16,118,135" hai1="112,130,33,28,2,34,12,127,82,84,70,5,46" hai2="125,3,51,76,95,52,23,15,25,89,61,92,37" hai3="113,9,123,116,60,20,107,124,80,87,120,45,108"/><V29/><F3/><W99/><G116/><T39/><D135/><U11/><E70/><V78/><F37/><W4/><G124/><T128/><D118/><U131/><E127/><V32/><F125/><W66/><G108/><T57/><D75/><U119/><E119/><V26/><F61/><W63/><G63/><T69/><D24/><U6/><E112/><V18/><F25/><W102/><G113/><T114/><D114/><U43/><E6/><V21/><F32/><W103/><G20/><T27/><D27/><U85/><E2/><V90/><F92/><W109/><G109/><T42/><D42/><U106/><E106/><V79/><REACH who="2" step="1"/><F95/><REACH who="2" ten="430,247,252,61" step="2"/><W126/><G126/><T122/><D122/><U98/><E28/><V49/><F49/><W121/><G103/><T41/><D39/><N who="1" m="21887" /><E98/><V134/><F134/><W96/><G96/><T73/><D38/><U81/><E34/><V100/><F100/><W62/><G66/><T7/><D67/><U22/><E33/><V1/><F1/><W91/><REACH who="3" step="1"/><G45/><AGARI ba="0,1" hai="15,18,21,23,26,29,45,51,52,76,78,79,89,90" machi="45" ten="40,12000,1" yaku="1,1,8,1,52,1,54,1,53,0" doraHai="40" doraHaiUra="110" who="2" fromWho="3" sc="430,0,247,0,252,130,61,-120" owari="430,53.0,247,-15.3,382,18.2,-59,-55.9" /></mjloggm>