<mjloggm ver="2.3"><GO type="225" lobby="0"/><UN n0="%E7%89%B9%E6%9D%B1%E3%81%AF%E4%B8%96%E7%95%8C%E3%82%92%E6%95%91%E3%81%86" n1="%72%61%6B%33" n2="%6D%75%75%6D%75%72%61" n3="%E7%A6%8F%E5%8E%9F%E9%81%A5%E3%81%A8%E7%B5%90%E5%A9%9A%E3%81%99%E3%82%8B" dan="16,17,16,17" rate="2105.05,2203.71,2139.54,2131.62" sx="M,M,F,M"/><TAIKYOKU oya="0"/><INIT seed="0,0,0,2,2,94" ten="250,250,250,250" oya="0" hai0="127,42,54,108,16,77,93,112,89,73,55,67,84" hai1="32,130,106,12,128,111,64,36,33,61,72,25,83" hai2="44,57,49,63,37,115,62,122,34,133,129,132,24" hai3="86,60,70,48,99,110,6,76,50,1,0,28,90"/><T92/><D112/><U104/><E36/><V119/><F115/><W4/><G110/><T88/><D108/><U69/><E111/><V35/><F122/><W41/><G28/><T26/><D127/><U107/><E12/><V43/><F129/><N who="1" m="49769" /><E25/><V81/><F119/><W18/><G18/><T56/><D42/><U135/><E135/><N who="2" m="51787" /><F81/><W51/><G41/><T134/><D134/><U124/><E124/><V20/><F37/><W100/><G76/><AGARI ba="0,0" hai="32,33,61,64,69,72,76,83,104,106,107" m="49769" machi="76" ten="40,2600,0" yaku="19,1,23,1" doraHai="94" who="1" fromWho="3" sc="250,0,250,26,250,0,250,-26" /><INIT seed="1,0,0,4,2,8" ten="250,276,250,224" oya="1" hai0="19,77,109,126,84,59,78,7,12,98,72,36,22" hai1="115,121,107,80,39,15,38,91,44,51,117,13,102" hai2="20,119,120,6,124,81,93,92,16,34,63,10,46" hai3="87,45,53,125,68,69,123,27,47,11,105,128,55"/><U67/><E115/><V133/><F119/><W58/><G105/><T48/><D36/><U2/><E2/><V49/><F120/><W79/><G123/><T9/><D72/><U71/><E117/><V21/><F34/><W110/><G27/><T97/><D109/><U61/><E121/><V33/><F33/><W1/><G110/><T122/><D126/><U73/><E38/><V112/><F124/><W32/><G32/><T64/><D122/><U129/><E39/><V96/><F112/><W131/><G125/><T4/><D4/><U85/><E129/><N who="3" m="49738" /><G79/><N who="0" m="30219" /><D84/><U5/><E5/><V99/><F133/><W108/><G108/><T29/><D29/><U132/><E73/><V70/><F81/><W134/><G87/><T101/><D101/><U113/><E132/><V25/><F20/><W74/><G74/><T88/><D88/><U35/><E35/><V83/><F83/><W90/><G90/><T18/><D7/><U54/><REACH who="1" step="1"/><E113/><REACH who="1" ten="250,266,250,224" step="2"/><V95/><F6/><W37/><G134/><T17/><D17/><U40/><E40/><V50/><F16/><W31/><G37/><T60/><D48/><U57/><E57/><V106/><F49/><W24/><G1/><T0/><D0/><U114/><E114/><V103/><F50/><W76/><G58/><T65/><D65/><U42/><E42/><V89/><F70/><W86/><G68/><T130/><D130/><U30/><E30/><V127/><F127/><W62/><G69/><T41/><D41/><U52/><E52/><V26/><F46/><N who="3" m="17419" /><G55/><T111/><D111/><U100/><E100/><V116/><F103/><RYUUKYOKU ba="0,1" sc="250,15,266,15,250,-15,224,-15" hai0="9,12,18,19,22,59,60,64,97,98" hai1="13,15,44,51,54,61,67,71,80,85,91,102,107" /><INIT seed="1,1,1,5,1,56" ten="265,281,235,209" oya="1" hai0="17,9,58,107,43,38,7,112,135,68,96,0,129" hai1="51,12,132,20,106,99,115,127,119,74,121,104,3" hai2="19,110,102,88,37,36,6,33,32,108,105,100,67" hai3="55,21,125,22,85,109,90,64,111,24,118,70,114"/><U61/><E3/><V14/><F6/><W86/><G114/><T122/><D112/><U71/><E115/><V41/><F67/><W72/><G72/><T53/><D68/><U31/><E119/><V13/><F88/><W69/><G118/><T57/><D129/><U126/><E121/><V8/><F41/><W47/><G125/><N who="1" m="47626" /><E74/><V54/><F54/><W80/><G86/><T117/><D117/><U103/><E132/><V131/><F19/><W123/><G123/><T44/><D122/><U40/><E106/><V15/><F8/><W95/><G80/><T92/><D107/><U101/><E101/><N who="2" m="39019" /><F131/><W97/><G85/><T2/><D135/><U93/><E104/><V78/><F78/><W26/><G26/><T28/><D2/><U59/><E71/><V27/><F27/><W84/><G84/><T134/><D134/><U45/><E31/><V50/><F50/><N who="3" m="29151" /><G64/><T89/><D28/><U63/><E59/><V113/><F105/><W25/><G25/><T18/><REACH who="0" step="1"/><D58/><REACH who="0" ten="255,281,235,209" step="2"/><U83/><E83/><V49/><F113/><W130/><G130/><T73/><D73/><U120/><E120/><V133/><F133/><W98/><G70/><T128/><D128/><U1/><E1/><V62/><F32/><W35/><G69/><T87/><D87/><U42/><E42/><V46/><F33/><W79/><G35/><T77/><D77/><U91/><E103/><V34/><F34/><W75/><G75/><T10/><D10/><U65/><E65/><V94/><F110/><W52/><G111/><T66/><D66/><U48/><E48/><AGARI ba="1,2" hai="0,7,9,17,18,38,43,44,48,53,57,89,92,96" machi="48" ten="30,2000,0" yaku="1,1,7,1,53,0" doraHai="56" doraHaiUra="16" who="0" fromWho="1" sc="255,43,281,-23,235,0,209,0" /><INIT seed="2,0,0,2,3,81" ten="298,258,235,209" oya="2" hai0="109,50,94,73,74,130,135,100,16,20,116,129,98" hai1="69,8,3,72,24,56,115,30,38,51,102,6,43" hai2="68,2,90,37,5,32,97,9,64,17,127,41,79" hai3="133,23,26,91,52,82,104,93,53,62,95,92,78"/><V35/><F127/><W4/><G104/><T67/><D109/><U42/><E115/><V45/><F79/><W113/><G113/><T48/><D67/><U86/><E69/><V71/><F17/><W12/><G133/><T33/><D33/><U126/><E72/><N who="0" m="27753" /><D135/><U76/><E126/><V77/><F77/><W114/><G114/><T89/><D100/><U15/><E102/><V65/><F65/><W80/><G91/><T83/><D83/><N who="1" m="47463" /><E38/><V101/><F90/><W10/><G62/><T25/><D116/><U131/><E3/><V84/><F84/><N who="3" m="48151" /><G82/><T88/><D89/><U39/><E39/><V121/><F121/><W119/><G119/><T49/><D48/><U110/><E110/><V124/><F124/><W61/><G61/><T46/><D46/><U22/><E131/><N who="0" m="50185" /><D50/><U58/><E43/><V54/><F54/><W99/><G99/><N who="0" m="57799" /><D49/><U87/><E87/><V70/><REACH who="2" step="1"/><F64/><REACH who="2" ten="298,258,225,209" step="2"/><W125/><G125/><T105/><D98/><U120/><E120/><V111/><F111/><W118/><G118/><T36/><D16/><AGARI ba="0,1" hai="4,10,12,16,23,26,52,53,92,93,95" m="48151" machi="16" ten="30,7700,0" yaku="8,1,52,1,54,2" doraHai="81" who="3" fromWho="0" sc="298,-77,258,0,225,0,209,87" /><INIT seed="3,0,0,1,4,6" ten="221,258,225,296" oya="3" hai0="94,121,31,108,99,10,9,56,88,123,95,71,7" hai1="32,114,48,129,11,87,105,52,29,113,98,40,66" hai2="100,49,126,80,60,25,97,130,69,79,83,91,33" hai3="120,116,78,73,59,133,12,15,61,14,68,72,22"/><W23/><G116/><T85/><D71/><U65/><E40/><V76/><F130/><W110/><G120/><T54/><D108/><U44/><E129/><V3/><F3/><W84/><G68/><T106/><D106/><U122/><E122/><V82/><F126/><W37/><G37/><T4/><D31/><U30/><E87/><V74/><F49/><W18/><G110/><T46/><D46/><U53/><E105/><N who="2" m="63631" /><F91/><W13/><G133/><T17/><D17/><U89/><E32/><V24/><F24/><W96/><G96/><T2/><D9/><U19/><E53/><V132/><F74/><W103/><G103/><T63/><REACH who="0" step="1"/><D4/><REACH who="0" ten="211,258,225,296" step="2"/><U135/><E135/><V86/><F132/><W111/><G111/><T50/><D50/><U64/><E64/><N who="2" m="41095" /><F79/><W134/><G134/><T67/><D67/><U128/><E128/><V41/><F41/><W39/><G78/><T109/><D109/><U35/><E66/><V124/><F124/><W1/><G18/><T70/><D70/><U93/><E65/><V90/><F76/><W115/><G39/><T92/><D92/><U0/><E19/><V118/><F118/><W107/><G107/><T26/><D26/><N who="1" m="18871" /><E30/><AGARI ba="0,1" hai="25,30,33,80,82,83,86,90" m="41095,63631" machi="30" ten="30,1000,0" yaku="25,1" doraHai="6" who="2" fromWho="1" sc="211,0,258,-10,225,20,296,0" /><INIT seed="4,0,0,5,3,3" ten="211,248,245,296" oya="0" hai0="85,129,43,38,60,22,86,63,32,58,71,101,8" hai1="96,53,16,6,112,117,70,62,110,9,84,37,66" hai2="92,118,2,0,81,83,87,46,44,135,125,56,1" hai3="123,98,19,79,128,114,90,105,97,65,103,75,30"/><T106/><D32/><U104/><E110/><V132/><F125/><W77/><G30/><T55/><D129/><U47/><E117/><V93/><F118/><W76/><G19/><T74/><D74/><U20/><E112/><V57/><F1/><W133/><G65/><T33/><D33/><U131/><E131/><V29/><F87/><W88/><G128/><T21/><D101/><U5/><E9/><V23/><F23/><W134/><G114/><T82/><D106/><U26/><E84/><V67/><F67/><W17/><G17/><T102/><D102/><U95/><E104/><V35/><F35/><W18/><G18/><T13/><D63/><U78/><E78/><N who="3" m="30314" /><G123/><T109/><D71/><U124/><E124/><V15/><F15/><W126/><G126/><T49/><D38/><U120/><E120/><V89/><F89/><N who="3" m="34411" /><G98/><T59/><D109/><U31/><E31/><AGARI ba="0,0" hai="0,2,29,31,44,46,56,57,81,83,92,93,132,135" machi="31" ten="25,1600,0" yaku="22,2" doraHai="3" who="2" fromWho="1" sc="211,0,248,-16,245,16,296,0" /><INIT seed="5,0,0,1,4,37" ten="211,232,261,296" oya="1" hai0="99,78,50,89,43,98,97,58,65,72,36,12,28" hai1="48,11,123,59,112,34,79,30,88,125,71,134,2" hai2="57,74,17,80,81,44,130,31,107,51,94,54,7" hai3="131,122,20,19,13,101,27,9,10,45,21,32,35"/><U129/><E71/><V15/><F107/><W116/><G101/><T110/><D110/><U0/><E123/><V39/><F74/><W118/><G131/><T103/><D36/><U66/><E129/><V23/><F130/><W60/><G45/><T56/><D56/><U84/><BYE who="0" /><E125/><V18/><F31/><N who="3" m="17895" /><G60/><UN n0="%E7%89%B9%E6%9D%B1%E3%81%AF%E4%B8%96%E7%95%8C%E3%82%92%E6%95%91%E3%81%86" /><T24/><D89/><U117/><E117/><N who="3" m="45162" /><G122/><T25/><D78/><U93/><E134/><V63/><F7/><N who="3" m="3263" /><G10/><T41/><D103/><U91/><E79/><V38/><F38/><W86/><G86/><T127/><D72/><U92/><E11/><V105/><F105/><W128/><G128/><T132/><D132/><U53/><E66/><V47/><F47/><W77/><G77/><T85/><D127/><U82/><E82/><V73/><F73/><W52/><G52/><N who="0" m="32023" /><D65/><U14/><E91/><V90/><F39/><W29/><G29/><T46/><D85/><U95/><E84/><V102/><F18/><W16/><G19/><T104/><D104/><U40/><E88/><V121/><F102/><W133/><G133/><T135/><D135/><U108/><E30/><V126/><F126/><W4/><G4/><T5/><D28/><U64/><E64/><V113/><F113/><W109/><G109/><T115/><D115/><U87/><E112/><V6/><F6/><W100/><G100/><T3/><D3/><U42/><E108/><V120/><F120/><W119/><G119/><T68/><D68/><U67/><E87/><N who="2" m="52575" /><F121/><W33/><G32/><T8/><D46/><N who="1" m="27799" /><E34/><V26/><F81/><W62/><G62/><T83/><D83/><U114/><E114/><RYUUKYOKU ba="0,0" sc="211,15,232,-15,261,-15,296,15" hai0="5,8,12,24,25,41,43,97,98,99" hai3="16,21,33,35" owari="226,-17.4,217,-28.3,246,4.6,311,41.1" /></mjloggm>