<mjloggm ver="2.3"><GO type="225" lobby="0"/><UN n0="%E7%B4%94%E6%BD%94%E3%83%94%E3%83%A9%E3%83%8B%E3%82%A2" n1="%E3%81%B5%E3%81%98%E3%81%8B%E3%81%A4" n2="%E3%81%8C%E3%81%9F" n3="%E3%81%99%E3%81%84%E3%81%BE%E3%81%9B%E3%83%BC%E3%82%93" dan="16,16,16,18" rate="2171.21,2192.00,2126.51,2246.62" sx="M,M,M,M"/><TAIKYOKU oya="0"/><INIT seed="0,0,0,1,2,95" ten="250,250,250,250" oya="0" hai0="64,0,85,39,90,116,23,63,132,70,93,17,38" hai1="121,40,66,21,67,114,110,56,134,13,28,49,76" hai2="9,16,7,53,65,60,98,2,78,118,79,82,130" hai3="120,32,87,86,26,52,101,10,77,117,1,54,123"/><T84/><D116/><U59/><E121/><N who="3" m="46666" /><G117/><T96/><D0/><U35/><E35/><V106/><F118/><W125/><G125/><T41/><D132/><U36/><E36/><V46/><F130/><W122/><N who="3" m="46674" /><W51/><DORA hai="42" /><G101/><T24/><REACH who="0" step="1"/><D39/><REACH who="0" ten="240,250,250,250" step="2"/><U102/><E134/><V73/><F2/><W68/><G1/><T91/><D91/><U99/><E114/><V112/><F112/><W83/><G77/><T30/><D30/><U27/><E76/><V5/><F79/><W71/><G71/><T113/><D113/><U111/><E13/><V25/><F78/><W94/><G68/><T6/><D6/><U129/><E129/><V100/><F7/><W126/><G126/><T128/><D128/><U15/><E15/><V29/><F5/><W62/><G26/><T55/><D55/><U104/><E67/><V124/><F65/><W47/><G54/><T14/><D14/><U119/><E66/><V74/><F53/><W97/><G52/><T20/><D20/><U105/><E119/><V75/><F25/><W61/><G32/><T43/><D43/><U69/><E69/><V89/><F124/><W58/><G10/><T33/><D33/><U72/><E40/><V48/><F29/><W133/><G133/><T135/><D135/><U31/><E31/><V8/><F8/><W44/><G58/><N who="1" m="22058" /><E49/><V131/><F131/><W115/><G115/><T18/><D18/><U11/><E11/><V127/><F9/><W12/><G51/><T88/><D88/><U4/><E4/><V108/><F127/><W107/><G12/><T45/><AGARI ba="0,1" hai="17,23,24,38,41,45,63,64,70,84,85,90,93,96" machi="45" ten="30,18000,2" yaku="1,1,5,1,0,1,52,2,53,2" doraHai="95,42" doraHaiUra="92,22" who="0" fromWho="0" sc="240,190,250,-60,250,-60,250,-60" /><INIT seed="0,1,0,3,5,99" ten="430,190,190,190" oya="0" hai0="124,122,25,55,45,100,47,107,130,65,19,88,21" hai1="22,64,32,108,80,83,40,87,50,86,126,82,3" hai2="41,128,7,57,89,66,15,68,105,114,59,63,4" hai3="5,115,44,60,43,72,113,77,131,119,29,33,12"/><T95/><D122/><U24/><E32/><V37/><F114/><W18/><G119/><T61/><D130/><U123/><E3/><V34/><F34/><W75/><G131/><T51/><D124/><U127/><E123/><V39/><F128/><W38/><G5/><T0/><D0/><U20/><E108/><V101/><F89/><W111/><G111/><T2/><D2/><U125/><E64/><V42/><F15/><W118/><G118/><T52/><D107/><U70/><E70/><V90/><F90/><W16/><G18/><T23/><D23/><N who="1" m="8747" /><E24/><V106/><F68/><W11/><G60/><T30/><D100/><U36/><E36/><V46/><F46/><AGARI ba="1,0" hai="40,46,50,80,82,83,86,87,125,126,127" m="8747" machi="46" ten="40,1300,0" yaku="18,1" doraHai="99" who="1" fromWho="2" sc="430,0,190,16,190,-16,190,0" /><INIT seed="1,0,0,2,4,113" ten="430,206,174,190" oya="1" hai0="103,25,135,58,42,20,82,72,124,52,65,128,99" hai1="98,13,105,48,46,109,88,108,49,27,31,66,24" hai2="106,133,60,28,118,22,9,73,69,122,71,15,80" hai3="55,91,12,23,101,90,2,44,6,114,36,11,104"/><U95/><E105/><V29/><F122/><W126/><G114/><T83/><D72/><U14/><E66/><V62/><F106/><W117/><G126/><T47/><D124/><U54/><E49/><V30/><F133/><W89/><G117/><T127/><D65/><U102/><E102/><V125/><F125/><W18/><G104/><T134/><D128/><U85/><E85/><V93/><F118/><W16/><G101/><T92/><D127/><U84/><E84/><V64/><F93/><W111/><G111/><N who="1" m="42570" /><E27/><V63/><F64/><W112/><G112/><T68/><D68/><U79/><E79/><V0/><F73/><W74/><G74/><T76/><D76/><U19/><E19/><V1/><F80/><W4/><G2/><T119/><D119/><U40/><E40/><V87/><F87/><W35/><G35/><AGARI ba="0,0" hai="13,14,24,31,35,46,48,54,88,95,98" m="42570" machi="35" ten="30,5800,0" yaku="14,1,10,1,54,1" doraHai="113" who="1" fromWho="3" sc="430,0,206,58,174,0,190,-58" /><INIT seed="1,1,0,1,0,94" ten="430,264,174,132" oya="1" hai0="95,28,115,127,0,128,87,88,92,119,129,48,80" hai1="19,6,46,75,85,4,55,130,37,3,133,104,65" hai2="77,122,91,21,70,103,18,24,14,106,12,11,40" hai3="74,99,113,110,8,111,58,117,17,82,2,72,31"/><U32/><E75/><V132/><F122/><W43/><G113/><T53/><D0/><U78/><E32/><V134/><F70/><W60/><G117/><T71/><D71/><U114/><E114/><V124/><F77/><W123/><G123/><T81/><D119/><U52/><E133/><N who="2" m="51307" /><F40/><W57/><G31/><T69/><D69/><U26/><E65/><V35/><F91/><W97/><G43/><T63/><D63/><U89/><E78/><V83/><F83/><W38/><G38/><T79/><D28/><U10/><E6/><N who="2" m="3191" /><F103/><W76/><G74/><N who="0" m="43127" /><D127/><U109/><E37/><V68/><F106/><W59/><G60/><T25/><D25/><U29/><E104/><V7/><F68/><W116/><G116/><T34/><D34/><U135/><E135/><V9/><F35/><W44/><G44/><N who="0" m="27783" /><D115/><U61/><E46/><V50/><F50/><W20/><G2/><T108/><D108/><N who="3" m="41513" /><G8/><T36/><D36/><U84/><E109/><V64/><F64/><W39/><G39/><T54/><D54/><U107/><E107/><V96/><F124/><W62/><G62/><T131/><AGARI ba="1,0" hai="81,87,88,92,95,128,129,131" m="27783,43127" machi="131" ten="30,2000,0" yaku="19,1,54,1" doraHai="94" who="0" fromWho="0" sc="430,23,264,-11,174,-6,132,-6" /><INIT seed="2,0,0,3,2,31" ten="453,253,168,126" oya="2" hai0="93,34,51,45,125,53,85,26,71,66,110,135,21" hai1="63,61,65,106,64,18,50,42,29,59,101,103,99" hai2="95,102,113,104,10,75,109,55,52,120,108,67,32" hai3="122,126,114,117,129,96,84,47,87,94,78,11,6"/><V41/><F113/><W9/><G117/><T74/><D34/><U91/><E29/><V23/><F120/><W123/><G114/><T46/><D74/><U13/><E103/><V124/><F75/><W89/><G126/><T37/><D125/><U76/><E76/><V25/><F124/><W132/><G132/><T22/><D22/><U88/><E50/><V92/><F41/><W15/><G129/><T82/><D110/><N who="2" m="42602" /><F67/><W115/><G115/><T77/><D135/><U81/><E81/><V72/><F72/><W107/><G47/><T48/><D37/><U90/><E42/><V97/><F10/><W38/><G38/><T68/><D93/><N who="2" m="35914" /><F32/><W131/><G131/><T116/><D66/><U27/><E65/><V20/><F20/><W16/><G84/><T128/><D116/><U130/><E130/><V14/><F14/><W2/><REACH who="3" step="1"/><G78/><REACH who="3" ten="453,253,168,116" step="2"/><T134/><D134/><U100/><E101/><AGARI ba="0,1" hai="2,6,9,11,15,16,87,89,94,96,101,107,122,123" machi="101" ten="40,5200,0" yaku="1,1,2,1,54,1,53,0" doraHai="31" doraHaiUra="73" who="3" fromWho="1" sc="453,0,253,-52,168,0,116,62" /><INIT seed="3,0,0,3,0,119" ten="453,201,168,178" oya="3" hai0="101,90,102,29,111,120,15,45,30,63,56,71,37" hai1="0,24,113,47,81,83,66,33,98,59,21,135,110" hai2="109,55,19,123,5,94,41,104,95,93,44,103,124" hai3="131,97,117,79,121,31,116,108,62,16,115,51,68"/><W34/><G121/><T128/><D120/><U22/><E110/><V26/><F123/><W67/><G115/><T75/><D71/><U78/><E113/><V99/><F109/><W58/><G131/><T118/><D118/><U23/><E0/><V96/><F124/><W6/><G108/><T85/><D101/><U40/><E135/><V39/><F5/><W52/><G6/><T125/><D29/><U106/><E78/><V49/><F26/><W129/><G129/><T27/><D27/><U73/><E73/><V133/><F19/><W100/><G79/><T12/><D12/><U70/><E70/><V80/><F80/><W8/><G8/><T72/><D72/><U89/><E33/><V57/><REACH who="2" step="1"/><F133/><REACH who="2" ten="453,201,158,178" step="2"/><W14/><G16/><T88/><D90/><AGARI ba="0,1" hai="39,41,44,49,55,57,90,93,94,95,96,99,103,104" machi="90" ten="30,3900,0" yaku="1,1,2,1,7,1,53,0" doraHai="119" doraHaiUra="20" who="2" fromWho="0" sc="453,-39,201,0,158,49,178,0" owari="414,51.4,201,-19.9,207,0.7,178,-32.2" /></mjloggm>