<mjloggm ver="2.3"><GO type="225" lobby="0"/><UN n0="%E7%89%B9%E6%9D%B1%E3%81%AF%E4%B8%96%E7%95%8C%E3%82%92%E6%95%91%E3%81%86" n1="%43%68%65" n2="%E3%82%BC%E3%83%AB%E3%83%80%E3%81%AE%E4%BC%9D%E8%AA%AC" n3="%E5%B8%86%E7%AB%8B%E5%A4%8F%E8%A1%A3" dan="16,16,17,16" rate="2148.48,2176.17,2259.12,2097.38" sx="M,M,M,M"/><TAIKYOKU oya="0"/><INIT seed="0,0,0,4,3,101" ten="250,250,250,250" oya="0" hai0="43,79,95,15,26,10,42,116,133,23,59,22,85" hai1="104,117,135,6,105,96,81,86,75,118,83,34,121" hai2="134,98,1,38,84,126,90,44,87,41,8,99,70" hai3="33,94,58,108,123,56,80,45,106,69,40,65,4"/><T12/><D116/><N who="1" m="44651" /><E34/><V47/><F70/><W93/><G33/><T28/><D133/><U17/><E6/><V49/><F126/><W97/><G108/><T92/><D59/><U46/><E46/><V122/><F122/><W48/><G123/><T73/><D73/><U50/><E50/><V0/><F134/><W119/><G119/><T103/><D103/><U53/><E53/><V129/><F129/><W39/><G4/><T16/><D79/><N who="1" m="44287" /><E17/><V68/><F87/><W9/><G9/><T111/><D111/><U54/><E54/><V14/><F68/><W125/><G125/><T52/><D52/><U82/><E135/><V11/><F0/><W24/><G48/><T130/><D130/><U109/><E109/><V64/><F1/><W66/><G66/><T30/><D30/><U63/><E63/><V115/><F64/><W60/><G69/><T71/><D71/><U76/><E121/><V77/><F44/><W3/><G58/><T25/><D25/><U100/><E83/><N who="2" m="47215" /><F11/><W51/><G80/><T57/><D57/><U7/><E7/><V35/><F35/><W5/><G39/><T112/><D42/><U27/><E27/><V67/><F38/><W127/><G127/><T20/><D43/><U120/><E120/><V2/><F67/><W88/><G24/><T124/><D124/><U114/><E114/><V55/><F115/><W107/><G5/><N who="0" m="3151" /><D112/><U110/><E110/><V21/><F41/><W131/><G3/><T72/><D20/><U62/><E62/><V13/><F21/><W89/><G131/><T78/><D72/><U19/><E19/><RYUUKYOKU ba="0,0" sc="250,10,250,10,250,-30,250,10" hai0="15,16,22,23,26,28,78,85,92,95" hai1="76,82,86,96,100,104,105" hai3="40,45,51,56,60,65,88,89,93,94,97,106,107" /><INIT seed="0,1,0,4,5,30" ten="260,260,220,260" oya="0" hai0="20,68,125,29,69,112,22,37,122,75,88,14,39" hai1="8,120,76,97,47,111,3,131,85,44,103,50,31" hai2="72,51,128,2,13,27,54,65,41,48,38,40,126" hai3="26,115,114,66,11,117,127,101,35,80,87,28,0"/><T24/><D112/><U1/><E120/><V49/><F2/><W71/><G117/><T18/><D122/><U123/><E123/><V108/><F72/><W4/><G127/><T98/><D75/><U106/><E111/><V73/><F73/><W6/><G6/><T12/><D125/><U79/><E131/><V107/><F126/><W104/><G104/><T70/><REACH who="0" step="1"/><D12/><REACH who="0" ten="250,260,220,260" step="2"/><U42/><E1/><V33/><F13/><W5/><G115/><T102/><D102/><U92/><E3/><V63/><F128/><W135/><G101/><T116/><D116/><U93/><E103/><V58/><F108/><W132/><G114/><T105/><D105/><U78/><E106/><V83/><F107/><W130/><G130/><T77/><D77/><U60/><E78/><V9/><F40/><W56/><G0/><T89/><D89/><U95/><E79/><V16/><F41/><W21/><G135/><T55/><D55/><U90/><E76/><V34/><F54/><W134/><G132/><T74/><D74/><U129/><E129/><V99/><F65/><W113/><G134/><T59/><D59/><U119/><E119/><V109/><F109/><W133/><G133/><T23/><D23/><U121/><E121/><V45/><F58/><W46/><G56/><T124/><D124/><U84/><E90/><V25/><F45/><W53/><G113/><T82/><D82/><U36/><E47/><V19/><F83/><W67/><G67/><T86/><D86/><U61/><E85/><V81/><F81/><W100/><G87/><T94/><AGARI ba="1,1" hai="14,18,20,22,24,29,37,39,68,69,70,88,94,98" machi="94" ten="40,7800,0" yaku="1,1,0,1,54,1,53,0" doraHai="30" doraHaiUra="7" who="0" fromWho="0" sc="250,91,260,-27,220,-27,260,-27" /><INIT seed="0,2,0,2,1,63" ten="341,233,193,233" oya="0" hai0="66,77,29,131,18,51,57,105,126,24,25,112,113" hai1="23,47,122,43,72,50,4,94,95,56,69,13,70" hai2="107,7,42,91,99,109,62,46,41,31,96,54,121" hai3="125,61,71,81,15,53,36,74,114,3,26,22,67"/><T0/><D105/><U85/><E122/><V93/><F109/><W60/><G114/><T133/><D0/><U110/><E72/><V128/><F128/><W86/><G3/><T55/><D131/><U123/><E123/><V135/><F135/><W14/><G36/><T37/><D133/><U117/><E117/><V5/><F121/><W118/><G74/><T27/><D37/><U116/><E116/><V20/><F107/><W40/><G40/><N who="2" m="15465" /><F96/><W115/><G125/><T80/><D126/><U68/><E110/><V89/><F89/><W79/><G115/><T6/><D6/><U83/><E56/><N who="2" m="35095" /><F46/><W120/><G120/><T102/><D102/><U97/><E97/><V21/><F21/><W73/><G73/><T65/><D29/><U33/><E33/><V108/><F108/><W45/><G118/><T17/><D113/><U44/><E44/><V8/><F8/><W48/><REACH who="3" step="1"/><G60/><REACH who="3" ten="341,233,193,223" step="2"/><T52/><D112/><U38/><E38/><V30/><F30/><AGARI ba="2,1" hai="14,15,22,26,30,45,48,53,61,67,71,79,81,86" machi="30" ten="30,12000,2" yaku="1,1,2,1,7,1,52,1,53,2" doraHai="63" doraHaiUra="11" who="3" fromWho="2" sc="341,0,233,0,193,-126,223,136" /><INIT seed="1,0,0,3,3,11" ten="341,233,67,359" oya="1" hai0="113,56,124,68,18,37,92,130,1,76,75,27,116" hai1="62,127,53,43,128,72,87,9,88,135,86,115,64" hai2="54,100,83,132,121,93,20,25,101,24,13,26,69" hai3="52,12,5,57,79,7,36,80,82,35,39,112,67"/><U32/><E72/><V17/><F121/><W6/><G112/><T60/><D37/><U107/><E115/><V91/><F132/><W29/><G67/><T22/><D113/><U129/><E32/><V42/><F69/><W65/><G65/><T81/><D1/><U23/><E135/><V44/><F83/><W74/><G80/><T16/><D68/><U48/><E43/><V114/><F114/><W133/><G133/><T28/><D116/><U131/><E107/><V103/><F54/><W34/><G34/><T14/><D130/><U47/><E127/><V97/><REACH who="2" step="1"/><F101/><REACH who="2" ten="341,233,57,359" step="2"/><W117/><G82/><T98/><D124/><U134/><E134/><V66/><F66/><W104/><G52/><T119/><D119/><U111/><E64/><V90/><F90/><W106/><G117/><T59/><D81/><U78/><E88/><V15/><F15/><W110/><G12/><T63/><D76/><U71/><E78/><V8/><F8/><W73/><G79/><T2/><D75/><U120/><E9/><V50/><AGARI ba="0,1" hai="13,17,20,24,25,26,42,44,50,91,93,97,100,103" machi="50" ten="30,7900,0" yaku="1,1,0,1,8,1,52,1,53,0" doraHai="11" doraHaiUra="0" who="2" fromWho="2" sc="341,-20,233,-39,57,89,359,-20" /><INIT seed="2,0,0,4,0,97" ten="321,194,146,339" oya="2" hai0="68,75,41,125,102,40,94,77,43,104,56,17,89" hai1="82,7,37,116,127,32,122,121,6,29,33,53,26" hai2="46,83,16,63,105,87,123,66,106,15,19,109,118" hai3="62,128,21,67,69,0,25,129,47,98,54,81,114"/><V1/><F118/><W24/><G0/><T65/><D68/><U100/><E116/><V4/><F123/><N who="1" m="47113" /><E127/><V8/><F109/><W13/><G114/><T101/><D104/><U31/><E37/><V5/><F46/><W93/><G81/><T132/><D125/><U22/><E82/><V91/><F19/><N who="3" m="10479" /><G54/><T135/><D75/><U61/><E100/><N who="0" m="38505" /><D77/><U110/><E110/><V34/><F34/><N who="1" m="13417" /><E53/><V92/><F83/><W95/><G47/><T113/><D113/><U71/><E31/><V74/><F74/><W35/><G35/><T131/><D131/><N who="3" m="50249" /><G95/><T3/><D3/><U48/><E48/><V88/><F91/><AGARI ba="0,0" hai="24,25,62,67,69,91,93,98" m="50249,10479" machi="91" ten="30,1000,0" yaku="19,1" doraHai="97" who="3" fromWho="2" sc="321,0,194,0,146,-10,339,10" /><INIT seed="3,0,0,2,2,23" ten="321,194,136,349" oya="3" hai0="86,48,100,95,75,111,50,80,1,74,69,3,98" hai1="22,16,118,6,117,5,14,99,105,65,51,104,81" hai2="29,21,26,62,73,33,4,96,8,24,39,76,72" hai3="63,17,11,7,125,107,113,128,106,46,110,115,108"/><W9/><G63/><T45/><D69/><U90/><E65/><V102/><F39/><W67/><G67/><T57/><D111/><N who="3" m="42537" /><G125/><T79/><D57/><U40/><E81/><V114/><F114/><N who="3" m="43531" /><G128/><T41/><REACH who="0" step="1"/><D48/><REACH who="0" ten="311,194,136,349" step="2"/><U27/><E51/><V64/><F62/><W20/><G46/><T59/><D59/><U47/><E47/><V94/><F64/><W120/><G120/><T85/><D85/><U18/><E118/><V49/><F49/><W35/><G35/><T32/><D32/><U127/><E117/><V15/><REACH who="2" step="1"/><F76/><REACH who="2" ten="311,194,126,349" step="2"/><W71/><G71/><T55/><D55/><U53/><E53/><V109/><F109/><W2/><G11/><T93/><D93/><U135/><E127/><V36/><F36/><W58/><G58/><T10/><D10/><U112/><E112/><V38/><F38/><W132/><G132/><T121/><D121/><U68/><E135/><V25/><F25/><AGARI ba="0,2" hai="2,7,9,17,20,25,106,107" m="43531,42537" machi="25" ten="30,5800,0" yaku="14,1,10,1,52,1" doraHai="23" who="3" fromWho="2" sc="311,0,194,0,126,-58,349,78" owari="311,11.1,194,-20.6,68,-43.2,427,52.7" /></mjloggm>