<mjloggm ver="2.3"><GO type="225" lobby="0"/><UN n0="%E3%83%A9%E3%83%9E%E3%83%BC%E7%9A%87%E5%AD%90" n1="%E3%83%AD%E3%83%83%E3%83%86%E9%9B%80%E7%90%83" n2="%74%61%6B%75%61%6B%61" n3="%E5%84%AA%40%41%42%43" dan="16,17,16,17" rate="2162.41,2252.21,2163.00,2227.65" sx="M,M,M,M"/><TAIKYOKU oya="0"/><INIT seed="0,0,0,0,2,24" ten="250,250,250,250" oya="0" hai0="88,97,68,115,9,8,103,101,18,20,118,32,25" hai1="57,31,29,55,50,119,52,129,51,114,74,2,72" hai2="125,7,70,35,45,37,41,21,43,120,69,66,108" hai3="16,76,34,27,22,78,28,90,40,49,26,122,39"/><T75/><D118/><U135/><E2/><V73/><F35/><W130/><G39/><T60/><D75/><U12/><E119/><V58/><F73/><W110/><G110/><T98/><D115/><U14/><E129/><V93/><F7/><W1/><G1/><T13/><D32/><U23/><E23/><V105/><F105/><W109/><G109/><T86/><D68/><U54/><E54/><V38/><F93/><W0/><G0/><T56/><D97/><U80/><E80/><V89/><F89/><W77/><G130/><T121/><D121/><U123/><E57/><V85/><F85/><W59/><G122/><T104/><D101/><U102/><E102/><V82/><F82/><W62/><G90/><T87/><D8/><U127/><E123/><V131/><F131/><W99/><G99/><T133/><D133/><U91/><E91/><V113/><F113/><W15/><G27/><T3/><D3/><U61/><E61/><N who="2" m="38199" /><F21/><W79/><N who="3" m="19456" /><DORA hai="100" /><W64/><REACH who="3" step="1"/><G40/><REACH who="3" ten="250,250,250,240" step="2"/><T134/><D88/><U112/><REACH who="1" step="1"/><E127/><REACH who="1" ten="250,240,250,240" step="2"/><V106/><F125/><W30/><G30/><T92/><D134/><AGARI ba="0,2" hai="12,14,29,31,50,51,52,55,72,74,112,114,134,135" machi="134" ten="25,16000,3" yaku="1,1,2,1,22,2,52,2,54,1,53,2" doraHai="24,100" doraHaiUra="42,47" who="1" fromWho="0" sc="250,-160,240,180,250,0,240,0" /><INIT seed="1,0,0,3,2,109" ten="90,420,250,240" oya="1" hai0="87,79,27,126,97,88,29,63,57,74,22,96,8" hai1="19,129,64,39,12,134,80,120,127,84,110,76,6" hai2="108,11,69,31,92,135,113,41,72,131,112,10,91" hai3="44,37,59,40,107,26,30,104,0,67,133,82,89"/><U9/><E127/><V121/><F121/><W18/><G133/><T55/><D126/><U85/><E129/><V115/><F135/><W132/><G132/><T15/><D74/><U78/><E39/><V1/><F108/><W130/><G130/><T70/><D70/><U28/><E120/><V13/><F131/><W65/><G0/><T101/><D79/><U98/><E28/><V94/><F72/><W86/><G18/><T43/><D43/><U32/><E32/><V34/><F69/><W93/><G65/><T49/><D101/><U4/><E110/><V20/><F41/><W106/><G67/><T95/><REACH who="0" step="1"/><D63/><REACH who="0" ten="80,420,250,240" step="2"/><U122/><E78/><V52/><F112/><W24/><G40/><T103/><D103/><U116/><E76/><V33/><F113/><W102/><G102/><T68/><D68/><U48/><E134/><V17/><F115/><W83/><G107/><T105/><D105/><U51/><E122/><V99/><F91/><W50/><G106/><T77/><D77/><U128/><E128/><V2/><F34/><W47/><G104/><T21/><D21/><U14/><E116/><V125/><F33/><W25/><G37/><T117/><D117/><U3/><E51/><V60/><F125/><W66/><G50/><T42/><D42/><U73/><E48/><V23/><F60/><N who="3" m="38175" /><G30/><T119/><D119/><U58/><E73/><V46/><F31/><W61/><G61/><T118/><D118/><U100/><E100/><V36/><F36/><W90/><G89/><T7/><AGARI ba="0,1" hai="7,8,15,22,27,29,49,55,57,87,88,95,96,97" machi="7" ten="20,12000,2" yaku="1,1,0,1,7,1,8,1,54,1,53,1" doraHai="109" doraHaiUra="53" who="0" fromWho="0" sc="80,130,420,-60,250,-30,240,-30" /><INIT seed="2,0,0,5,1,39" ten="210,360,220,210" oya="2" hai0="8,45,126,86,122,98,36,89,66,63,119,134,106" hai1="96,110,130,61,117,35,7,64,49,55,59,47,51" hai2="135,20,125,22,118,76,95,123,80,15,133,73,4" hai3="13,11,52,100,24,68,109,94,10,113,6,46,101"/><V31/><F123/><W21/><G68/><T62/><D122/><U124/><E35/><V56/><F118/><W111/><G113/><T29/><D134/><N who="2" m="51210" /><F125/><W79/><G79/><T84/><D126/><U92/><E110/><N who="3" m="41994" /><G11/><T91/><D119/><U54/><E130/><V90/><F31/><N who="3" m="17807" /><G94/><T71/><D8/><U58/><E124/><V75/><F75/><W127/><G127/><T93/><D29/><U19/><E117/><V77/><F77/><W27/><G27/><T85/><D106/><U12/><E7/><V88/><F4/><W65/><G65/><T16/><D16/><U120/><E120/><V107/><F107/><W129/><G129/><T82/><REACH who="0" step="1"/><D63/><REACH who="0" ten="200,360,220,210" step="2"/><U5/><E5/><V97/><F15/><W103/><G13/><T23/><D23/><N who="2" m="8746" /><F56/><W41/><G10/><T78/><D78/><U25/><E12/><V9/><F9/><W128/><G6/><T67/><D67/><U37/><E59/><V87/><F73/><W40/><G128/><T48/><D48/><AGARI ba="0,1" hai="40,41,46,48,52,100,101,103" m="17807,41994" machi="48" ten="30,7700,0" yaku="14,1,52,2,54,1" doraHai="39" who="3" fromWho="0" sc="200,-77,360,0,220,0,210,87" /><INIT seed="3,0,0,2,4,127" ten="123,360,220,297" oya="3" hai0="47,17,46,104,3,81,109,29,70,57,68,30,5" hai1="9,45,131,124,83,7,71,73,126,39,72,123,24" hai2="125,56,37,21,92,65,86,95,49,26,106,133,51" hai3="53,25,0,103,1,129,93,75,59,15,28,54,119"/><W33/><G119/><T32/><D109/><U42/><E131/><V44/><F106/><W96/><G75/><T89/><D104/><U50/><E123/><V79/><F125/><N who="1" m="48233" /><E71/><V115/><F37/><W120/><G120/><T87/><D3/><N who="1" m="255" /><E24/><V90/><F133/><W34/><G34/><T97/><D32/><U101/><E101/><V22/><F22/><W64/><G129/><T102/><D5/><U23/><E23/><V91/><F79/><W55/><REACH who="3" step="1"/><G15/><REACH who="3" ten="123,360,220,287" step="2"/><T60/><D70/><U111/><E111/><V98/><F115/><W130/><G130/><T135/><D68/><U113/><E113/><V10/><F10/><W78/><G78/><T122/><D122/><U128/><E128/><V12/><F12/><W76/><G76/><T84/><D135/><U108/><E108/><V19/><REACH who="2" step="1"/><F44/><REACH who="2" ten="123,360,210,287" step="2"/><W2/><G2/><T35/><D35/><U58/><E45/><V4/><F4/><W8/><G8/><T114/><D114/><U66/><E72/><V88/><F88/><W100/><G100/><T94/><D47/><U16/><E73/><V67/><F67/><W110/><G110/><T6/><D46/><U99/><E66/><V105/><F105/><W132/><G132/><T118/><D6/><U27/><E39/><V40/><F40/><W69/><G69/><T116/><D118/><U117/><E42/><V18/><F18/><W38/><G38/><T36/><D36/><U134/><E16/><V11/><F11/><W85/><G85/><N who="0" m="50351" /><D116/><U14/><E117/><V48/><F48/><W52/><N who="3" m="13312" /><DORA hai="112" /><W41/><G41/><T31/><D17/><RYUUKYOKU ba="0,2" sc="123,10,360,-30,210,10,287,10" hai0="29,30,31,57,60,84,87,94,97,102" hai2="19,21,26,49,51,56,65,86,90,91,92,95,98" hai3="0,1,25,28,33,59,64,93,96,103" /><INIT seed="3,1,2,5,2,135" ten="133,330,220,297" oya="3" hai0="98,89,34,21,105,129,35,65,37,94,31,27,7" hai1="101,33,47,28,75,86,81,62,42,22,67,44,2" hai2="36,26,111,121,59,0,64,128,68,9,24,97,57" hai3="76,132,123,84,133,63,77,74,79,12,83,126,78"/><W106/><G123/><T11/><D129/><U46/><E33/><V52/><F111/><W3/><G3/><T10/><D37/><U119/><E2/><V66/><F128/><W115/><G115/><T43/><D105/><U16/><E75/><V5/><F36/><W19/><G106/><T113/><D113/><U130/><E119/><V118/><F118/><W108/><G108/><T58/><D43/><U14/><E101/><V117/><F117/><W91/><G63/><T95/><D35/><U56/><E28/><V131/><F131/><W32/><G32/><T41/><D41/><U8/><E130/><V69/><F121/><W110/><G126/><T55/><D34/><U4/><E22/><V120/><F120/><W17/><G110/><T72/><D72/><U54/><E4/><V13/><F0/><W90/><G19/><T15/><D10/><U104/><E104/><V107/><F68/><W60/><G60/><T93/><REACH who="0" step="1"/><D65/><REACH who="0" ten="123,330,220,297" step="2"/><U23/><E67/><V71/><F107/><W127/><G74/><T114/><D114/><U85/><E8/><V51/><F69/><W70/><G70/><T6/><D6/><U39/><E42/><V30/><F71/><W38/><G38/><T18/><D18/><U96/><E16/><V45/><F66/><W87/><G133/><T112/><D112/><U134/><E134/><V29/><F64/><W49/><G132/><T103/><D103/><U50/><E39/><V88/><F5/><W125/><G17/><T102/><D102/><U99/><E23/><N who="2" m="15583" /><F9/><W116/><G116/><T100/><D100/><U53/><E53/><RYUUKYOKU ba="1,3" sc="123,30,330,-10,220,-10,297,-10" hai0="7,11,15,21,27,31,55,58,89,93,94,95,98" owari="153,-34.7,350,45.0,210,-19.0,287,8.7" /></mjloggm>