<mjloggm ver="2.3"><GO type="225" lobby="0"/><UN n0="%E2%91%A3%E9%81%BF%E9%81%8A%E6%88%AF%E3%80%90%E6%9D%B1%E5%8D%97%E3%80%91" n1="%4F%77%4B" n2="%E3%81%82%E3%83%BC%E3%81%97" n3="%72%61%6B%33" dan="16,17,16,16" rate="2048.52,2124.27,2114.79,2159.20" sx="M,M,M,M"/><TAIKYOKU oya="0"/><INIT seed="0,0,0,2,5,122" ten="250,250,250,250" oya="0" hai0="14,108,56,87,112,7,85,8,78,84,28,51,72" hai1="4,103,120,13,121,115,48,119,86,104,110,133,64" hai2="129,83,117,60,69,99,67,109,53,29,124,97,34" hai3="74,113,27,59,125,98,127,123,57,107,126,135,32"/><T92/><D112/><U80/><E119/><V0/><F117/><W81/><G113/><T39/><D39/><U45/><E115/><V75/><F0/><W77/><G123/><T96/><D72/><U20/><E133/><V47/><F129/><W46/><G46/><T82/><D28/><U10/><E64/><V19/><F124/><W16/><G135/><T114/><D114/><U36/><E36/><V106/><F19/><W111/><G111/><T54/><REACH who="0" step="1"/><D108/><REACH who="0" ten="240,250,250,250" step="2"/><U102/><E110/><V44/><F109/><W94/><G32/><T130/><D130/><U22/><E120/><V31/><F29/><W12/><G107/><T11/><D11/><U134/><E104/><V61/><F31/><W65/><G65/><T1/><D1/><U35/><E35/><V5/><F34/><W73/><G73/><T128/><D128/><U15/><E134/><V58/><F106/><W66/><G66/><T91/><AGARI ba="0,1" hai="7,8,14,51,54,56,78,82,84,85,87,91,92,96" machi="91" ten="20,7800,0" yaku="1,1,0,1,7,1,8,1,53,0" doraHai="122" doraHaiUra="63" who="0" fromWho="0" sc="240,88,250,-26,250,-26,250,-26" /><INIT seed="0,1,0,4,3,51" ten="328,224,224,224" oya="0" hai0="21,24,101,66,63,48,36,112,3,33,74,49,16" hai1="25,119,131,17,44,60,78,77,1,118,72,19,30" hai2="110,38,47,99,89,85,31,79,53,124,57,127,80" hai3="84,28,40,27,130,54,70,26,46,113,56,106,108"/><T132/><D132/><U135/><E1/><V104/><F31/><W122/><G113/><T126/><D112/><U10/><E135/><V71/><F71/><W86/><G70/><T97/><D126/><N who="2" m="48170" /><F110/><W13/><G108/><T69/><D74/><U41/><E131/><V102/><F47/><W100/><G130/><T2/><D36/><U62/><E44/><V61/><F38/><W55/><G122/><T133/><D133/><U39/><E39/><V76/><AGARI ba="1,0" hai="53,57,61,76,79,80,85,89,99,102,104" m="48170" machi="76" ten="30,2000,0" yaku="18,1,52,1" doraHai="51" who="2" fromWho="2" sc="328,-11,224,-6,224,23,224,-6" /><INIT seed="1,0,0,5,5,125" ten="317,218,247,218" oya="1" hai0="71,3,111,63,98,72,36,10,21,54,32,52,85" hai1="58,90,44,82,11,51,20,83,75,128,86,17,55" hai2="76,124,126,129,46,135,127,120,73,80,65,12,109" hai3="7,42,60,68,31,112,18,49,30,34,67,33,24"/><U81/><E128/><V13/><F120/><W57/><G112/><T28/><D72/><U74/><E11/><V99/><F109/><W87/><G7/><T84/><D36/><U97/><E97/><V134/><F65/><W122/><G122/><T9/><D111/><U106/><E106/><V37/><F99/><W35/><G87/><T6/><D10/><U78/><E44/><V15/><F129/><W79/><G79/><T114/><D114/><U100/><E100/><V133/><F46/><W89/><G89/><T95/><D32/><U118/><E118/><V4/><F37/><W101/><G101/><T40/><D40/><U132/><E132/><V62/><F62/><W25/><G18/><T93/><D71/><U26/><REACH who="1" step="1"/><E78/><REACH who="1" ten="317,208,247,218" step="2"/><V108/><F108/><W121/><G121/><T53/><D98/><U2/><E2/><V94/><F94/><AGARI ba="0,1" hai="17,20,26,51,55,58,74,75,81,82,83,86,90,94" machi="94" ten="40,2000,0" yaku="1,1,53,0" doraHai="125" doraHaiUra="123" who="1" fromWho="2" sc="317,0,208,30,247,-20,218,0" /><INIT seed="1,1,0,2,5,103" ten="317,238,227,218" oya="1" hai0="135,102,41,124,46,109,58,120,108,34,52,116,78" hai1="56,104,90,23,53,129,62,96,64,20,71,134,87" hai2="38,6,39,1,36,130,21,37,51,30,17,131,33" hai3="22,47,128,76,79,32,113,61,99,127,125,117,57"/><U121/><E121/><V70/><F70/><W85/><G32/><T7/><D120/><U100/><E129/><N who="2" m="49163" /><F51/><W84/><G128/><T42/><D116/><U14/><E14/><N who="2" m="9399" /><F33/><W40/><G117/><T49/><D34/><U18/><E18/><V72/><F30/><W8/><G113/><T86/><D41/><U24/><E24/><V0/><N who="2" m="9216" /><DORA hai="126" /><V115/><F115/><W2/><G22/><T15/><D102/><U31/><E31/><V132/><F132/><W106/><G47/><T25/><D135/><U112/><E112/><V9/><F72/><W65/><G40/><T4/><D124/><U93/><REACH who="1" step="1"/><E134/><REACH who="1" ten="317,228,227,218" step="2"/><V91/><F91/><W68/><G125/><T107/><D25/><U66/><E66/><V59/><F59/><W133/><G57/><T26/><D58/><U119/><E119/><V94/><F94/><W77/><G133/><T44/><D26/><U105/><E105/><V110/><F110/><W29/><G29/><T50/><D107/><U74/><E74/><V111/><F111/><W114/><G127/><T10/><D4/><U5/><E5/><V118/><F118/><W122/><G114/><T101/><D101/><U97/><E97/><V28/><F28/><W81/><G99/><T98/><D98/><U69/><E69/><V92/><F92/><W67/><G106/><T3/><D3/><AGARI ba="1,1" hai="0,1,3,6,9" m="9216,9399,49163" machi="3" ten="60,8000,1" yaku="19,1,52,3" doraHai="103,126" who="2" fromWho="0" sc="317,-83,228,0,227,93,218,0" /><INIT seed="2,0,0,4,2,84" ten="234,228,320,218" oya="2" hai0="71,16,63,9,1,33,62,75,112,79,56,120,2" hai1="109,17,29,50,101,122,72,66,117,64,3,125,77" hai2="40,8,81,67,53,111,54,82,128,58,5,73,134" hai3="126,123,52,124,130,13,87,132,91,118,18,115,7"/><V27/><F134/><W60/><G118/><T95/><D112/><U41/><E117/><V44/><F128/><W99/><G123/><T98/><D33/><U14/><E122/><V107/><F107/><W131/><G7/><T106/><D106/><U97/><E3/><V46/><F73/><W0/><G99/><T100/><D71/><U45/><E109/><V32/><F111/><W23/><G0/><T94/><D63/><U129/><E125/><N who="3" m="48234" /><G132/><T90/><D120/><U55/><E129/><N who="3" m="49162" /><G115/><T39/><D39/><U35/><E77/><V22/><F32/><W19/><G19/><T24/><D79/><U105/><E72/><V83/><F67/><W15/><G15/><T80/><D80/><U11/><REACH who="1" step="1"/><E41/><REACH who="1" ten="234,218,320,218" step="2"/><V103/><F40/><W93/><G60/><T43/><D75/><U42/><E42/><V37/><F37/><W59/><G59/><T104/><D43/><U51/><E51/><V119/><F58/><W4/><G4/><T127/><D127/><U110/><E110/><V21/><F5/><W49/><G49/><T76/><D76/><U6/><E6/><V61/><F61/><W114/><G114/><T65/><D1/><U30/><E30/><V68/><F119/><W78/><G78/><T48/><D2/><U86/><E86/><V34/><F46/><W57/><G57/><T121/><D48/><U85/><E85/><V70/><F44/><W69/><G69/><T12/><D121/><U20/><E20/><V102/><F70/><W36/><G36/><T96/><D24/><AGARI ba="0,1" hai="11,14,17,24,29,35,45,50,55,64,66,97,101,105" machi="24" ten="40,1300,0" yaku="1,1,53,0" doraHai="84" doraHaiUra="74" who="1" fromWho="0" sc="234,-13,218,23,320,0,218,0" /><INIT seed="3,0,0,1,4,22" ten="221,241,320,218" oya="3" hai0="86,114,116,92,36,56,122,0,41,52,26,3,71" hai1="98,128,68,51,34,113,65,29,121,61,79,54,129" hai2="72,30,43,38,118,100,7,9,120,76,42,97,126" hai3="109,77,85,94,124,32,107,87,35,108,117,84,66"/><W48/><G107/><T78/><D122/><U16/><E121/><V11/><F118/><W110/><G117/><T18/><D116/><U46/><E113/><V103/><F120/><W33/><G124/><T59/><D114/><U127/><E127/><V130/><F126/><W23/><G66/><T70/><D59/><U45/><E79/><V96/><F30/><W49/><G77/><T60/><D70/><U19/><E98/><V15/><F11/><W83/><G83/><T119/><D119/><U91/><E91/><V63/><F63/><W82/><G82/><T58/><D58/><U27/><REACH who="1" step="1"/><E46/><REACH who="1" ten="221,231,320,218" step="2"/><V5/><F97/><W1/><G1/><T89/><D78/><U28/><E28/><V125/><F96/><W39/><G39/><T90/><D36/><U93/><E93/><V111/><F38/><W21/><G94/><T81/><D71/><U37/><E37/><V13/><F125/><W99/><G99/><N who="0" m="57743" /><D41/><U31/><E31/><V69/><F43/><W133/><G133/><T2/><D2/><U44/><E44/><V50/><F42/><W40/><G40/><T134/><D134/><U55/><E55/><V24/><F76/><W8/><G8/><T47/><D47/><U6/><E6/><V104/><F9/><W80/><G80/><T64/><D64/><U132/><E132/><V12/><F69/><W14/><G14/><T105/><D105/><U20/><E20/><AGARI ba="0,1" hai="20,21,23,32,33,35,48,49,84,85,87,108,109,110" machi="20" ten="60,18000,2" yaku="29,2,28,2,14,1,10,1" doraHai="22" who="3" fromWho="1" sc="221,0,231,-180,320,0,218,190" /><AGARI ba="0,0" hai="0,3,18,20,26,52,56,60,81,86,90" m="57743" machi="20" ten="30,3900,0" yaku="25,1,52,1,54,1" doraHai="22" who="0" fromWho="1" sc="221,39,51,-39,320,0,408,0" owari="260,-14.0,12,-48.8,320,12.0,408,50.8" /></mjloggm>