<mjloggm ver="2.3"><GO type="225" lobby="0"/><UN n0="%73%61%6E%64%69%72%69%73" n1="%72%69%6F%75%63%68%61%6E" n2="%6E%69%63%6F%6E%74%6F" n3="%E3%81%9F%E3%81%A3%E3%81%A1%E3%82%87" dan="16,17,17,16" rate="2161.28,2283.01,2138.50,2083.45" sx="M,M,M,M"/><TAIKYOKU oya="0"/><INIT seed="0,0,0,5,0,73" ten="250,250,250,250" oya="0" hai0="78,77,3,38,76,51,13,30,129,24,102,36,123" hai1="2,67,19,27,75,10,119,48,58,47,111,55,6" hai2="44,100,135,63,57,98,41,133,72,115,71,114,99" hai3="26,110,31,91,121,59,66,39,96,85,50,45,23"/><T107/><D123/><U32/><E111/><V37/><F72/><W94/><G110/><T21/><D3/><U132/><E132/><N who="2" m="50763" /><F71/><W79/><G121/><T64/><D129/><U5/><E119/><V112/><F100/><W35/><G39/><T40/><D64/><AGARI ba="0,0" hai="37,41,44,57,63,64,98,99,112,114,115" m="50763" machi="64" ten="40,1300,0" yaku="20,1" doraHai="73" who="2" fromWho="0" sc="250,-13,250,0,250,13,250,0" /><INIT seed="1,0,0,5,5,78" ten="237,250,263,250" oya="1" hai0="7,5,92,121,101,128,40,57,104,55,44,91,12" hai1="99,135,50,80,109,59,28,74,94,93,35,112,85" hai2="58,98,133,48,117,29,20,81,105,24,3,72,76" hai3="120,64,90,111,122,127,0,108,87,82,68,131,34"/><U25/><E112/><V53/><F133/><W124/><G0/><T61/><D128/><U11/><E135/><V33/><F3/><W15/><G34/><T130/><D130/><U103/><E109/><N who="3" m="42058" /><G15/><T113/><D113/><U36/><E36/><V70/><F70/><W67/><G68/><T8/><D121/><N who="3" m="46697" /><G131/><T52/><D104/><U116/><E116/><V66/><F66/><AGARI ba="0,0" hai="64,66,67,82,87,90,124,127" m="46697,42058" machi="66" ten="40,2600,0" yaku="14,1,52,1" doraHai="78" who="3" fromWho="2" sc="237,0,250,0,263,-26,250,26" /><INIT seed="2,0,0,4,0,69" ten="237,250,237,276" oya="2" hai0="134,39,60,23,5,78,68,34,111,19,76,52,51" hai1="96,27,82,42,64,89,44,133,119,45,106,7,58" hai2="21,84,40,16,14,98,66,31,132,90,71,120,26" hai3="24,17,18,109,131,29,9,10,53,121,11,25,85"/><V13/><F120/><W73/><G73/><T116/><D34/><U124/><E119/><V37/><F132/><W22/><G85/><T110/><D134/><U3/><E133/><V75/><F75/><W47/><G53/><T86/><D5/><U48/><E124/><V49/><F71/><W114/><G47/><T6/><D6/><U113/><E113/><V115/><F66/><W117/><G117/><T0/><D0/><U100/><E27/><V126/><F115/><W65/><G65/><N who="0" m="40999" /><D86/><U83/><E89/><V108/><F108/><N who="0" m="41514" /><D39/><U12/><E3/><V1/><F1/><W128/><G109/><T35/><D35/><U118/><E118/><V67/><F67/><W2/><G114/><T112/><D112/><U125/><E125/><V127/><F127/><W15/><G121/><T43/><D43/><U123/><E123/><V80/><F126/><W93/><G93/><T32/><D32/><U130/><E7/><V8/><F14/><W61/><G2/><T101/><D101/><U91/><E12/><V30/><F98/><W4/><G4/><T104/><D104/><U41/><E91/><V81/><F81/><W74/><G74/><T33/><D33/><U94/><E106/><V63/><F37/><W87/><G87/><T135/><D135/><U95/><E94/><V72/><F72/><W54/><G25/><N who="0" m="14591" /><D116/><U62/><REACH who="1" step="1"/><E130/><REACH who="1" ten="237,240,237,276" step="2"/><N who="3" m="49706" /><G15/><T129/><D129/><U122/><E122/><V105/><F105/><W36/><G36/><AGARI ba="0,1" hai="36,41,42,44,45,48,58,62,64,82,83,95,96,100" machi="36" ten="30,3900,0" yaku="1,1,7,1,52,1,53,0" doraHai="69" doraHaiUra="20" who="1" fromWho="3" sc="237,0,240,49,237,0,276,-39" /><INIT seed="3,0,0,2,1,95" ten="237,289,237,237" oya="3" hai0="118,37,26,125,129,3,40,83,67,99,38,105,17" hai1="7,51,57,79,87,44,34,56,90,94,49,107,115" hai2="15,114,2,102,109,111,0,74,20,116,88,58,62" hai3="12,135,47,21,128,93,16,104,106,86,46,27,22"/><W61/><G128/><T124/><D3/><U78/><E115/><V19/><F114/><W11/><G135/><T108/><D118/><U64/><E107/><V30/><F116/><W110/><G110/><N who="2" m="41993" /><F74/><W103/><G104/><T76/><D67/><U80/><E34/><V53/><F102/><W60/><G106/><T70/><D70/><U55/><E7/><V113/><F113/><W29/><G21/><N who="0" m="13615" /><D40/><U120/><E120/><V97/><F30/><W32/><G32/><T82/><D82/><U127/><E127/><N who="0" m="48713" /><D129/><U36/><E36/><V65/><F65/><W31/><G31/><T71/><D71/><U130/><E130/><V72/><F72/><W6/><G29/><T4/><D4/><U126/><E126/><V73/><F73/><W54/><G103/><N who="0" m="62719" /><D108/><U13/><E13/><V23/><F23/><W35/><G35/><T63/><D63/><N who="3" m="24137" /><G54/><T119/><D119/><U123/><E123/><V50/><F62/><W132/><G132/><T14/><D14/><U121/><E121/><V77/><F77/><N who="1" m="29193" /><E64/><V68/><F68/><W112/><G112/><T131/><D131/><U43/><E43/><V75/><F75/><AGARI ba="0,0" hai="37,38,75,76,83" m="62719,48713,13615" machi="75" ten="30,2000,0" yaku="18,1,52,1" doraHai="95" who="0" fromWho="2" sc="237,20,289,0,237,-20,237,0" /><INIT seed="4,0,0,1,1,55" ten="257,289,217,237" oya="0" hai0="33,43,51,87,106,67,127,94,130,115,102,35,32" hai1="78,116,71,58,90,73,15,92,0,70,93,36,82" hai2="38,45,6,34,57,12,103,79,120,53,19,132,81" hai3="100,105,24,72,46,64,13,2,3,54,49,10,17"/><T65/><D115/><U108/><E108/><V9/><F132/><W48/><G72/><T52/><D130/><U121/><E116/><V7/><F120/><W89/><G64/><T23/><D127/><U109/><E109/><V85/><F34/><W98/><G89/><T60/><D106/><U20/><E0/><V41/><REACH who="2" step="1"/><F103/><REACH who="2" ten="257,289,207,237" step="2"/><W27/><REACH who="3" step="1"/><G49/><AGARI ba="0,1" hai="6,7,9,12,19,38,41,45,49,53,57,79,81,85" machi="49" ten="30,7700,0" yaku="1,1,2,1,7,1,52,1,53,0" doraHai="55" doraHaiUra="135" who="2" fromWho="3" sc="257,0,289,0,207,87,237,-77" /><INIT seed="5,0,0,4,1,131" ten="257,289,294,160" oya="1" hai0="13,94,119,71,122,109,29,49,51,73,133,92,61" hai1="63,113,67,100,47,35,23,50,126,52,2,123,25" hai2="38,76,108,112,18,121,42,5,1,120,87,16,72" hai3="60,58,117,124,84,91,40,81,95,21,125,116,9"/><U83/><E123/><V3/><F3/><W59/><G40/><T57/><D73/><U78/><E2/><V132/><F108/><W130/><G130/><T80/><D71/><U44/><E113/><V86/><F132/><W54/><G9/><T10/><D119/><N who="3" m="45641" /><G58/><T111/><D133/><U8/><E126/><N who="3" m="48746" /><G21/><T53/><D122/><U20/><E100/><V30/><F121/><W97/><G97/><T70/><D70/><U134/><E134/><V7/><F120/><W33/><G33/><T129/><D129/><U26/><E44/><V46/><F46/><W104/><G104/><T37/><D37/><U22/><E8/><V75/><F42/><W127/><N who="3" m="48754" /><W93/><AGARI ba="0,0" hai="54,59,60,81,84,91,93,95" m="48754,45641" machi="93" ten="50,6400,0" yaku="4,1,12,1,18,1" doraHai="131" who="3" fromWho="3" sc="257,-16,289,-32,294,-16,160,64" /><INIT seed="6,0,0,1,4,96" ten="241,257,278,224" oya="2" hai0="97,110,109,112,53,122,10,64,2,6,129,65,18" hai1="13,92,17,81,106,16,21,114,88,77,26,84,4" hai2="76,15,90,89,38,30,9,24,68,127,14,42,62" hai3="22,51,27,134,82,43,60,95,41,35,120,8,36"/><V132/><F38/><W5/><G120/><T101/><D122/><U11/><E114/><V116/><F116/><W128/><G35/><T111/><D112/><U33/><E106/><V70/><F42/><W55/><G36/><T61/><D129/><U66/><E66/><V124/><F132/><W105/><G105/><T40/><D40/><U67/><E67/><V80/><F62/><W50/><G128/><T54/><D18/><U29/><E33/><V46/><F46/><N who="3" m="25935" /><G43/><T135/><D65/><U57/><E57/><V63/><F63/><W69/><G69/><N who="2" m="26729" /><F76/><W117/><G117/><T73/><D73/><AGARI ba="0,0" hai="4,11,13,16,17,21,26,29,73,77,81,84,88,92" machi="73" ten="30,3900,0" yaku="7,1,54,2" doraHai="96" who="1" fromWho="0" sc="241,-39,257,39,278,0,224,0" /><INIT seed="7,0,0,3,5,46" ten="202,296,278,224" oya="3" hai0="134,73,29,114,31,125,91,37,66,94,89,76,124" hai1="50,123,4,20,116,92,82,70,28,11,90,135,84" hai2="36,2,62,56,38,128,77,102,12,109,9,133,39" hai3="86,64,107,99,118,113,58,44,19,67,24,106,5"/><W18/><G118/><T97/><D37/><U126/><E123/><V26/><F109/><W101/><G106/><T98/><D66/><U105/><E105/><V81/><F133/><W15/><G113/><T1/><D1/><U63/><E135/><V22/><F128/><W96/><G96/><T69/><D69/><U71/><E116/><V43/><F102/><W112/><G112/><T111/><D134/><U30/><E126/><N who="0" m="48745" /><D29/><U93/><E70/><V25/><F43/><W117/><G117/><T14/><D14/><N who="1" m="5479" /><E71/><V3/><F12/><W132/><G132/><T120/><D31/><N who="1" m="11819" /><E63/><V17/><F26/><W8/><G24/><T41/><D41/><U130/><E130/><V108/><F9/><W34/><G34/><T10/><D10/><U119/><E119/><V16/><F17/><W21/><G18/><T83/><D114/><U0/><E0/><V49/><F49/><W13/><G5/><T122/><D111/><U6/><E6/><V115/><F108/><W61/><G8/><T60/><D60/><U103/><E103/><V100/><F100/><W42/><G13/><T55/><D55/><U74/><E74/><V85/><REACH who="2" step="1"/><F115/><REACH who="2" ten="202,296,268,224" step="2"/><W129/><G129/><T95/><AGARI ba="0,1" hai="73,76,83,89,91,94,95,97,98,120,122" m="48745" machi="95" ten="30,4000,0" yaku="18,1,34,2" doraHai="46" who="0" fromWho="0" sc="202,50,296,-10,268,-10,224,-20" owari="252,-14.8,286,38.6,258,5.8,204,-29.6" /></mjloggm>