<mjloggm ver="2.3"><GO type="225" lobby="0"/><UN n0="%E3%82%82%E3%81%90%E3%82%89" n1="%6D%75%75%6D%75%72%61" n2="%EF%BC%AE%EF%BC%A1%EF%BC%AF%33%33%39" n3="%E6%A0%B9%E5%85%83%E3%81%8B%E3%82%89%E5%90%B9%E3%81%A3%E9%A3%9B%E3%81%B6" dan="17,17,16,17" rate="2202.14,2203.73,2054.38,2195.83" sx="F,F,M,F"/><TAIKYOKU oya="0"/><INIT seed="0,0,0,5,1,41" ten="250,250,250,250" oya="0" hai0="95,22,99,11,74,5,112,117,2,89,4,132,37" hai1="118,109,47,106,50,91,28,66,115,31,21,85,43" hai2="68,119,83,53,86,126,49,98,93,48,16,79,7" hai3="8,70,20,10,34,36,129,58,94,100,125,97,23"/><T76/><D117/><U54/><E118/><V114/><F68/><W25/><G70/><T3/><D112/><U108/><E115/><V0/><F114/><W64/><G36/><T133/><D37/><U134/><E106/><V80/><F119/><W60/><G125/><T124/><D124/><U87/><E134/><N who="0" m="51817" /><D22/><U13/><E66/><V84/><F7/><N who="0" m="2634" /><D11/><U32/><E32/><V19/><F0/><N who="0" m="42" /><D76/><U55/><E28/><V51/><F126/><W61/><G129/><T35/><D35/><U90/><E108/><V17/><F53/><N who="1" m="19977" /><E109/><V103/><REACH who="2" step="1"/><F49/><REACH who="2" ten="250,250,240,250" step="2"/><W24/><G61/><T30/><D30/><U14/><E31/><V121/><F121/><W6/><G6/><T131/><D131/><U62/><E62/><V73/><F73/><AGARI ba="0,1" hai="73,74,89,95,99" m="42,2634,51817" machi="73" ten="40,2000,0" yaku="20,1" doraHai="41" who="0" fromWho="2" sc="250,30,250,0,240,-20,250,0" /><INIT seed="0,1,0,2,4,44" ten="280,250,220,250" oya="0" hai0="106,92,120,135,95,14,19,78,115,86,41,79,69" hai1="116,97,22,25,63,127,72,24,113,68,114,28,109" hai2="58,48,94,10,47,67,118,43,107,112,64,66,29" hai3="129,96,23,84,34,132,45,7,54,105,102,13,50"/><T99/><D69/><U87/><E116/><V21/><F107/><W37/><G129/><T52/><D120/><U38/><E72/><V125/><F112/><N who="1" m="43113" /><E38/><V128/><F128/><W4/><G132/><T39/><D115/><U32/><E109/><V82/><F118/><W17/><G34/><T55/><D135/><U90/><E127/><V0/><F82/><W93/><G37/><T27/><D27/><N who="1" m="16503" /><E32/><V62/><F125/><W101/><G101/><T20/><D106/><U3/><E3/><V15/><F0/><W65/><G65/><T26/><D41/><U74/><E74/><V121/><F121/><W70/><G70/><T73/><D39/><U8/><E8/><V46/><F21/><W91/><AGARI ba="1,0" hai="4,7,13,17,23,45,50,54,84,91,93,96,102,105" machi="91" ten="30,2000,0" yaku="0,1,52,1" doraHai="44" who="3" fromWho="3" sc="280,-11,250,-6,220,-6,250,23" /><INIT seed="1,0,0,2,5,132" ten="269,244,214,273" oya="1" hai0="17,114,117,75,67,74,37,22,33,95,43,84,110" hai1="135,51,111,107,54,36,119,85,68,34,57,15,12" hai2="59,77,80,131,103,32,26,42,53,79,27,16,87" hai3="3,92,70,72,9,112,109,98,20,55,89,25,116"/><U100/><E119/><V120/><F120/><W6/><G112/><T86/><D117/><U99/><E135/><V60/><F131/><W105/><G72/><T50/><D114/><U35/><E111/><V14/><F32/><W102/><G109/><T23/><D33/><U127/><E127/><V76/><F103/><W66/><G70/><T122/><D122/><U96/><E68/><V115/><F42/><W73/><G73/><T31/><D110/><U8/><E36/><V28/><F115/><W10/><G66/><T24/><D37/><U2/><E96/><V5/><F5/><W69/><G69/><T30/><D67/><U130/><E130/><V49/><F28/><W62/><G10/><T11/><D11/><U104/><E104/><V83/><F60/><W58/><G116/><T124/><D124/><U41/><E41/><V47/><F59/><W44/><G44/><T108/><D108/><U40/><E40/><V133/><F133/><W29/><G105/><T113/><D113/><U52/><E2/><V134/><F134/><W0/><G0/><T64/><D64/><U13/><E8/><N who="2" m="6215" /><F83/><W81/><G81/><T94/><D43/><U88/><REACH who="1" step="1"/><E54/><REACH who="1" ten="269,234,214,273" step="2"/><V48/><F48/><W126/><G126/><T97/><D50/><U123/><E123/><V7/><F7/><W121/><G121/><T39/><D39/><U19/><E19/><V18/><F18/><W106/><G106/><T91/><D17/><U21/><E21/><V128/><F128/><W118/><G118/><T65/><D65/><U46/><E46/><V56/><F47/><W63/><G102/><RYUUKYOKU ba="0,1" sc="269,-30,234,10,214,10,273,10" hai1="12,13,15,34,35,51,52,57,85,88,99,100,107" hai2="26,27,49,53,56,76,77,79,80,87" hai3="3,6,9,20,25,29,55,58,62,63,89,92,98" /><INIT seed="1,1,1,1,4,132" ten="239,244,224,283" oya="1" hai0="24,91,102,49,123,67,4,23,87,17,77,88,134" hai1="7,59,18,57,62,27,115,125,94,84,16,83,124" hai2="135,56,37,19,89,53,95,47,70,74,61,122,22" hai3="2,28,81,72,103,106,71,128,65,75,26,52,12"/><U55/><E115/><V114/><F122/><W41/><G2/><T110/><D134/><U98/><E7/><V51/><F135/><W120/><G120/><T69/><D123/><U119/><E57/><V121/><F121/><W11/><G41/><T21/><D110/><U10/><E10/><V85/><F74/><W118/><G81/><N who="0" m="47535" /><D69/><U44/><E44/><V31/><F114/><W36/><G36/><T80/><D67/><U34/><E119/><V58/><F31/><W93/><G93/><T105/><D105/><U113/><E113/><V54/><F70/><W112/><G112/><T6/><D102/><U25/><E34/><V117/><F117/><W129/><G52/><T109/><D109/><U90/><E27/><V5/><F5/><N who="0" m="2154" /><D80/><U100/><REACH who="1" step="1"/><E25/><REACH who="1" ten="239,234,224,283" step="2"/><N who="2" m="14559" /><F37/><W30/><G26/><N who="0" m="14639" /><D49/><U92/><E92/><V76/><F76/><W107/><G11/><T43/><D43/><U130/><E130/><V111/><F111/><W45/><G45/><AGARI ba="1,2" hai="45,47,51,53,54,56,58,61,85,89,95" m="14559" machi="45" ten="30,1000,0" yaku="8,1" doraHai="132" who="2" fromWho="3" sc="239,0,234,0,224,33,283,-13" /><INIT seed="2,0,0,0,1,70" ten="239,234,257,270" oya="2" hai0="47,55,74,116,32,43,4,0,1,94,114,112,24" hai1="103,40,100,111,95,44,124,133,23,76,83,52,90" hai2="66,60,92,101,88,57,120,31,67,71,110,81,72" hai3="115,105,109,29,69,122,62,21,8,77,135,104,6"/><V58/><F120/><W128/><G122/><T49/><D74/><U85/><E111/><V54/><F31/><W91/><G109/><T98/><D116/><U127/><E133/><V80/><F110/><W48/><G135/><T78/><D78/><U107/><E107/><V50/><F101/><W121/><G121/><T56/><D32/><U39/><E23/><V19/><F72/><W38/><G77/><T22/><D4/><U20/><E20/><V27/><F71/><W108/><G48/><T87/><D87/><U125/><REACH who="1" step="1"/><E52/><REACH who="1" ten="239,224,257,270" step="2"/><V134/><F134/><W131/><G108/><T132/><D132/><U82/><E82/><V30/><F66/><W68/><G105/><T97/><D114/><U11/><E11/><V73/><F73/><AGARI ba="0,1" hai="39,40,44,73,76,83,85,90,95,100,103,124,125,127" machi="73" ten="40,8000,1" yaku="1,1,18,1,52,1,53,1" doraHai="70" doraHaiUra="84" who="1" fromWho="2" sc="239,0,224,90,257,-80,270,0" /><INIT seed="3,0,0,4,3,31" ten="239,314,177,270" oya="3" hai0="44,42,36,51,16,101,89,77,75,129,33,0,92" hai1="8,82,26,25,70,34,50,58,69,78,119,23,63" hai2="28,53,120,46,57,134,32,5,112,131,104,27,24" hai3="90,105,48,3,66,91,97,54,9,45,68,98,88"/><W2/><G9/><T56/><D129/><U115/><E115/><V106/><F112/><W116/><G116/><T64/><D0/><U108/><E108/><V37/><F5/><W118/><G118/><T135/><D135/><U18/><E119/><V125/><F131/><W127/><G127/><T14/><D101/><U71/><E8/><V11/><F11/><W15/><G15/><T80/><D33/><U43/><E43/><V130/><F130/><W133/><G133/><T73/><D73/><U100/><E50/><V117/><F117/><W52/><G54/><T49/><D56/><U114/><E100/><V102/><F102/><W96/><G105/><T86/><REACH who="0" step="1"/><D64/><REACH who="0" ten="229,314,177,270" step="2"/><U124/><E114/><V103/><F103/><W35/><REACH who="3" step="1"/><G35/><REACH who="3" ten="229,314,177,260" step="2"/><T30/><D30/><U111/><E34/><V107/><F134/><W38/><G38/><T22/><AGARI ba="0,2" hai="14,16,22,36,42,44,49,51,75,77,80,86,89,92" machi="22" ten="20,5200,0" yaku="1,1,0,1,7,1,54,1,53,0" doraHai="31" doraHaiUra="109" who="0" fromWho="0" sc="229,72,314,-13,177,-13,260,-26" owari="301,40.1,301,10.1,164,-33.6,234,-16.6" /></mjloggm>