<mjloggm ver="2.3"><GO type="225" lobby="0"/><UN n0="%73%61%6B%6F%EF%BC%A0%E6%9C%80" n1="%E6%A1%9C%E8%8A%B1%E9%96%83%E3%80%85" n2="%E8%81%B7%E6%A5%AD%E3%80%81%E9%A2%A8%32" n3="%73%6C%69%63%6B%33%31%39" dan="17,18,16,16" rate="2226.78,2193.39,2180.23,2161.65" sx="M,M,M,M"/><TAIKYOKU oya="0"/><INIT seed="0,0,0,5,0,51" ten="250,250,250,250" oya="0" hai0="99,10,53,96,113,66,11,134,78,50,133,70,48" hai1="114,91,88,13,94,135,24,130,110,4,117,57,23" hai2="54,127,107,65,27,34,86,37,31,126,44,9,80" hai3="84,25,17,52,7,64,12,102,63,35,75,132,22"/><T49/><D113/><U14/><E117/><V76/><F107/><W21/><G75/><T33/><D33/><U55/><E114/><V32/><F65/><W116/><G116/><T40/><D40/><U87/><E110/><V120/><F120/><W62/><G35/><T58/><D78/><U30/><E130/><V18/><F34/><W121/><G121/><T73/><D73/><U16/><E135/><N who="0" m="51721" /><D66/><U28/><E91/><V8/><F18/><W72/><G72/><T79/><D79/><U109/><E109/><V39/><F37/><W95/><G132/><T71/><D10/><N who="1" m="4295" /><E24/><V2/><F2/><W119/><G119/><T111/><D11/><U105/><E105/><V85/><F39/><W67/><G7/><T125/><D125/><N who="2" m="47626" /><F85/><W0/><G0/><T93/><D111/><U128/><E128/><V81/><F81/><W97/><G84/><T3/><D3/><U83/><E83/><V108/><F108/><W47/><G64/><T129/><D129/><U60/><AGARI ba="0,0" hai="14,16,23,28,30,55,57,60,87,88,94" m="4295" machi="60" ten="30,7900,0" yaku="8,1,52,1,54,2" doraHai="51" who="1" fromWho="1" sc="250,-39,250,79,250,-20,250,-20" /><INIT seed="1,0,0,1,2,19" ten="211,329,230,230" oya="1" hai0="22,88,82,117,125,54,57,40,108,59,41,14,112" hai1="118,74,67,25,101,2,115,43,20,21,89,76,87" hai2="3,61,18,28,128,50,58,0,60,114,46,107,129" hai3="72,92,132,16,130,105,97,78,63,79,55,133,35"/><U53/><E115/><V51/><F107/><W90/><G35/><T70/><D70/><U124/><E118/><V119/><F119/><W62/><G130/><N who="2" m="50281" /><F114/><W7/><G7/><T131/><D112/><U5/><E124/><V31/><F18/><W126/><G126/><T93/><D117/><U33/><E67/><N who="2" m="39319" /><F61/><W66/><G105/><T52/><D131/><U48/><E43/><N who="0" m="16457" /><D82/><N who="1" m="47559" /><E74/><V127/><F127/><W80/><G78/><T77/><D77/><U1/><E33/><V44/><F50/><W134/><G66/><T32/><D32/><U95/><E1/><N who="2" m="587" /><F51/><W104/><G55/><N who="0" m="21035" /><D108/><U65/><E2/><V120/><F120/><W84/><G16/><N who="0" m="10519" /><D125/><U42/><E65/><V94/><F94/><W36/><G36/><T34/><D34/><U24/><E42/><V106/><F106/><W17/><G17/><T121/><D121/><U12/><E5/><V116/><F116/><W135/><N who="3" m="33792" /><DORA hai="111" /><W86/><G72/><T15/><D15/><U98/><E12/><V47/><AGARI ba="0,0" hai="28,31,44,46,47" m="587,39319,50281" machi="47" ten="40,1500,0" yaku="19,1" doraHai="19,111" who="2" fromWho="2" sc="211,-4,329,-7,230,15,230,-4" /><INIT seed="2,0,0,1,4,19" ten="207,322,245,226" oya="2" hai0="107,103,1,115,101,13,8,59,90,96,121,129,81" hai1="56,49,7,110,61,79,85,64,45,135,35,24,63" hai2="93,76,42,106,98,25,3,40,52,83,114,69,17" hai3="127,80,100,131,122,33,126,10,16,21,9,87,84"/><V39/><F114/><W78/><G122/><T72/><D121/><U36/><E36/><V12/><F106/><W38/><G33/><T55/><D115/><U48/><E110/><V68/><F3/><W43/><G100/><T6/><D129/><U109/><E109/><V15/><F39/><W27/><G131/><T31/><D31/><U57/><E135/><V51/><F68/><W71/><G71/><T111/><D111/><U54/><E7/><V66/><F66/><W65/><G65/><T97/><D1/><U108/><E108/><V113/><F69/><W47/><REACH who="3" step="1"/><G84/><REACH who="3" ten="207,322,245,216" step="2"/><T62/><D72/><U88/><E35/><V29/><F113/><W130/><G130/><T92/><D103/><U120/><E85/><N who="2" m="48359" /><F42/><W82/><G82/><T22/><D81/><U118/><E64/><V60/><F40/><W50/><G50/><T70/><D70/><U18/><E49/><V119/><F51/><W4/><G4/><T86/><D86/><U132/><E48/><V58/><F119/><W28/><G28/><T116/><D116/><U117/><E120/><V67/><F67/><W20/><G20/><T91/><D90/><U0/><E117/><V34/><F29/><W23/><G23/><T125/><REACH who="0" step="1"/><D22/><REACH who="0" ten="197,322,245,216" step="2"/><U104/><E118/><V102/><F34/><W112/><G112/><T77/><D77/><U124/><E79/><V75/><F75/><W74/><G74/><T134/><D134/><U99/><E132/><V73/><F73/><W5/><G5/><T53/><D53/><U41/><E54/><V26/><F26/><W32/><G32/><T14/><D14/><RYUUKYOKU ba="0,2" sc="197,10,322,-30,245,10,216,10" hai0="6,8,13,55,59,62,91,92,96,97,101,107,125" hai2="12,15,17,25,52,58,60,93,98,102" hai3="9,10,16,21,27,38,43,47,78,80,87,126,127" /><INIT seed="2,1,2,0,5,17" ten="207,292,255,226" oya="2" hai0="26,128,63,23,27,52,31,130,106,129,127,42,68" hai1="104,19,87,35,32,124,3,115,0,8,85,36,24" hai2="58,56,103,37,12,80,30,98,53,112,45,67,117" hai3="77,96,86,64,135,33,116,126,84,101,111,13,99"/><V131/><F112/><W43/><G116/><T108/><D108/><U100/><E36/><V6/><F117/><W40/><G33/><T125/><D106/><U46/><E115/><V132/><F131/><W71/><G111/><T22/><D42/><U76/><E46/><V83/><F132/><W114/><G114/><T90/><D90/><U5/><E0/><V61/><F30/><W109/><G109/><T73/><D73/><U47/><E47/><V28/><F28/><W113/><G113/><T7/><D7/><U38/><E38/><V29/><F29/><W55/><G135/><T49/><D63/><U50/><E50/><V11/><F45/><W20/><G71/><T94/><D94/><U14/><E124/><N who="0" m="47689" /><D68/><U21/><E76/><V25/><F25/><N who="0" m="9226" /><D31/><N who="1" m="19559" /><E35/><V66/><F37/><W107/><G107/><T18/><D18/><U118/><E118/><V65/><F80/><W48/><G101/><T122/><D122/><U74/><E74/><V119/><F83/><W62/><G62/><T81/><D81/><U51/><E51/><N who="2" m="30783" /><F119/><W79/><G126/><T4/><D4/><U57/><E104/><V78/><F78/><W105/><G77/><T70/><D70/><U123/><E123/><V93/><AGARI ba="1,2" hai="6,11,12,58,61,65,66,67,93,98,103" m="30783" machi="93" ten="30,1500,0" yaku="8,1" doraHai="17" who="2" fromWho="2" sc="207,-6,292,-6,255,38,226,-6" /><INIT seed="2,2,0,1,2,55" ten="201,286,293,220" oya="2" hai0="51,53,109,72,32,65,34,121,110,46,58,135,35" hai1="49,31,130,103,91,6,127,134,126,98,129,23,112" hai2="56,97,33,122,64,85,28,29,16,19,79,123,5" hai3="115,118,18,20,82,15,133,27,41,67,77,128,99"/><V74/><F74/><W17/><G118/><T81/><D121/><U7/><E91/><V113/><F113/><W38/><G115/><T70/><D70/><U12/><E112/><V2/><F97/><W92/><G128/><N who="1" m="49258" /><E49/><V3/><F85/><W66/><G133/><T120/><D120/><N who="2" m="46122" /><F64/><N who="3" m="24619" /><G38/><T8/><D8/><N who="1" m="4119" /><E7/><V44/><F44/><W9/><G41/><T47/><D135/><U42/><E42/><V68/><F68/><W125/><G125/><T50/><D65/><U105/><E134/><V10/><F56/><W57/><G57/><T1/><D1/><N who="2" m="10" /><F79/><W78/><G82/><T80/><D80/><U116/><E116/><V61/><F61/><W39/><G39/><T117/><D117/><U101/><E101/><AGARI ba="2,0" hai="9,15,17,18,20,27,77,78,92,99,101" m="24619" machi="101" ten="30,1000,0" yaku="8,1" doraHai="55" who="3" fromWho="1" sc="201,0,286,-16,293,0,220,16" /><INIT seed="3,0,0,5,0,12" ten="201,270,293,236" oya="3" hai0="72,60,126,92,62,100,97,75,84,109,70,120,59" hai1="95,21,66,48,90,4,13,40,83,69,111,43,103" hai2="5,20,56,81,36,130,74,87,24,18,71,58,1" hai3="9,26,47,46,73,108,0,8,2,6,32,68,63"/><W118/><G118/><T15/><D120/><U129/><E111/><V51/><F71/><W131/><G73/><T107/><D109/><U82/><E129/><V49/><F36/><W52/><G108/><T93/><D126/><U134/><E134/><V80/><F1/><W38/><G131/><T54/><D107/><U110/><E103/><V116/><F116/><W119/><G119/><T91/><REACH who="0" step="1"/><D15/><REACH who="0" ten="191,270,293,236" step="2"/><U86/><E110/><V105/><F105/><W79/><G0/><T76/><D76/><U31/><E13/><V29/><F130/><W99/><G79/><T37/><D37/><U57/><E4/><V3/><F5/><W133/><G38/><T125/><D125/><U127/><E127/><V65/><F3/><W34/><G2/><T27/><D27/><U42/><E42/><V94/><F24/><W113/><G26/><T61/><D61/><U30/><E43/><V128/><F128/><W106/><G106/><T11/><D11/><U33/><E40/><V89/><F51/><W88/><G8/><T50/><D50/><U85/><E48/><V55/><F49/><W35/><G9/><T117/><D117/><U135/><E135/><V28/><F74/><W122/><G6/><T39/><D39/><U121/><E121/><V77/><F77/><W115/><G122/><T53/><D53/><U22/><E66/><AGARI ba="0,1" hai="54,59,60,62,66,70,72,75,84,91,92,93,97,100" machi="66" ten="40,1300,0" yaku="1,1,53,0" doraHai="12" doraHaiUra="101" who="0" fromWho="1" sc="191,23,270,-13,293,0,236,0" /><INIT seed="4,0,0,2,2,76" ten="214,257,293,236" oya="0" hai0="28,56,71,57,25,105,35,15,18,50,10,113,5" hai1="74,17,45,48,11,96,98,33,77,86,117,44,67" hai2="41,89,103,24,104,134,94,70,80,60,130,83,53" hai3="97,36,34,55,108,20,92,62,72,68,122,59,54"/><T58/><D105/><U127/><E117/><V69/><F130/><W23/><G34/><T107/><D107/><U82/><E33/><V112/><F112/><W87/><G108/><T119/><D113/><U79/><E127/><V88/><F134/><W1/><G72/><T8/><D119/><U81/><E67/><V129/><F129/><W29/><G1/><T37/><D37/><U100/><E100/><V43/><F69/><W38/><G68/><T120/><D71/><U102/><E102/><V32/><F53/><W12/><G122/><T84/><D120/><U65/><E65/><N who="2" m="41255" /><F89/><W125/><G125/><T9/><D84/><U118/><E118/><V95/><F94/><W4/><G36/><T51/><REACH who="0" step="1"/><D5/><REACH who="0" ten="204,257,293,236" step="2"/><U133/><E133/><V6/><F6/><W114/><G38/><T124/><D124/><U46/><E96/><V109/><F104/><W78/><G114/><T39/><D39/><U14/><REACH who="1" step="1"/><E98/><REACH who="1" ten="204,247,293,236" step="2"/><V101/><F109/><W106/><G106/><T21/><AGARI ba="0,2" hai="8,9,10,15,18,21,25,28,35,50,51,56,57,58" machi="21" ten="30,3000,0" yaku="1,1,0,1,53,0" doraHai="76" doraHaiUra="63" who="0" fromWho="0" sc="204,50,247,-10,293,-10,236,-10" /><INIT seed="4,1,0,4,0,7" ten="254,237,283,226" oya="0" hai0="29,96,101,131,58,6,50,22,17,54,3,122,42" hai1="130,117,113,124,65,12,74,4,104,47,125,97,119" hai2="49,76,66,126,116,52,23,35,33,120,34,102,129" hai3="26,99,118,14,68,15,93,121,28,90,112,64,128"/><T1/><D122/><U57/><E74/><V88/><F120/><W127/><G118/><T40/><D131/><U39/><E97/><V79/><F129/><W36/><G121/><T123/><D123/><U55/><E104/><V32/><F32/><W108/><G36/><T61/><D29/><U31/><E31/><V20/><F102/><W70/><G128/><T114/><D114/><U107/><E107/><V56/><F126/><N who="1" m="48745" /><E130/><V91/><F116/><W10/><G108/><T100/><D100/><U63/><E113/><V37/><F37/><W59/><G127/><T72/><D72/><U86/><E86/><V98/><F66/><W77/><G77/><T82/><D82/><U111/><E111/><V81/><F33/><W135/><G112/><T67/><D3/><U48/><E39/><V75/><F34/><W41/><G41/><T92/><D6/><U78/><E78/><N who="2" m="29739" /><F35/><W73/><G73/><T60/><D1/><U38/><E38/><V71/><F75/><W84/><G84/><T94/><D92/><U0/><E0/><V134/><F71/><W69/><G135/><T11/><D40/><U106/><E106/><V16/><F134/><W62/><G28/><T9/><D42/><U95/><E95/><N who="2" m="56679" /><F16/><W115/><G115/><T24/><D67/><U27/><E27/><V110/><F110/><W103/><G26/><T109/><D109/><U53/><E65/><V44/><F56/><W46/><G103/><T19/><D17/><U13/><E13/><N who="3" m="4618" /><G46/><T85/><D85/><AGARI ba="1,0" hai="20,23,44,49,52,81,85,91" m="56679,29739" machi="85" ten="30,3900,0" yaku="8,1,54,2" doraHai="7" who="2" fromWho="0" sc="254,-42,237,0,283,42,226,0" owari="212,-28.8,237,3.7,325,42.5,226,-17.4" /></mjloggm>