<mjloggm ver="2.3"><GO type="225" lobby="0"/><UN n0="%4E%49%4A%49%49%52%4F" n1="%72%61%6B%33" n2="%6D%75%75%6D%75%72%61" n3="%E3%82%B7%E3%83%B3%E5%A4%AA%E6%9C%97" dan="16,16,16,16" rate="2187.01,2160.42,2152.89,2128.54" sx="M,M,F,M"/><TAIKYOKU oya="0"/><INIT seed="0,0,0,0,0,86" ten="250,250,250,250" oya="0" hai0="134,109,37,122,51,11,47,55,75,123,92,84,73" hai1="81,38,126,2,116,98,80,91,12,82,115,6,19" hai2="26,43,21,93,111,108,132,104,57,23,17,15,128" hai3="130,95,97,54,13,58,135,90,45,8,110,24,40"/><T113/><D113/><U103/><E116/><V3/><F104/><W44/><G110/><T106/><D106/><U102/><E115/><V114/><F114/><W67/><G130/><T94/><D134/><U85/><E38/><V129/><F43/><W31/><G135/><T9/><D37/><U18/><E126/><V41/><F41/><W74/><G74/><T35/><D35/><U88/><E2/><V25/><F57/><W83/><G67/><T70/><D70/><U7/><E18/><N who="2" m="12471" /><F93/><W71/><G71/><T4/><D109/><N who="2" m="42058" /><F3/><W42/><G83/><N who="1" m="31818" /><E91/><V1/><F1/><W20/><G40/><T52/><D47/><U36/><E36/><V87/><F87/><W0/><G0/><T10/><D84/><U96/><E98/><V14/><F132/><W76/><G76/><T59/><D59/><U28/><E28/><V33/><F33/><W49/><REACH who="3" step="1"/><G42/><REACH who="3" ten="250,250,250,240" step="2"/><T107/><D75/><U69/><E69/><V68/><F68/><W131/><G131/><AGARI ba="0,1" hai="14,15,17,23,26,128,129,131" m="42058,12471" machi="131" ten="30,7700,0" yaku="19,1,14,1,34,2" doraHai="86" who="2" fromWho="3" sc="250,0,250,0,250,87,240,-77" /><INIT seed="1,0,0,2,1,52" ten="250,250,337,163" oya="1" hai0="117,51,125,2,71,99,115,13,133,97,57,70,14" hai1="64,109,27,32,120,66,12,101,44,9,121,42,34" hai2="61,39,79,63,24,6,25,102,124,30,74,113,21" hai3="77,119,29,134,94,73,33,135,20,10,62,31,104"/><U81/><E109/><V96/><F39/><W93/><G104/><T127/><D2/><U75/><E101/><V11/><F124/><N who="0" m="47690" /><D117/><U0/><E66/><V87/><F74/><W56/><G119/><T7/><D115/><U59/><E0/><V67/><F113/><W45/><G33/><T76/><D76/><U16/><E75/><V86/><F24/><N who="3" m="16519" /><G31/><T53/><D133/><N who="3" m="50697" /><G45/><T47/><D47/><U107/><E107/><V55/><F79/><W26/><G26/><T22/><D7/><U68/><E81/><V38/><F38/><W8/><G77/><T128/><D128/><U123/><E68/><N who="0" m="26153" /><D22/><U36/><REACH who="1" step="1"/><E27/><REACH who="1" ten="250,240,337,163" step="2"/><V60/><F67/><N who="3" m="39367" /><G73/><T118/><D118/><U3/><E3/><V105/><F105/><W69/><G69/><T92/><D97/><U98/><E98/><V72/><F96/><W78/><G78/><T54/><D99/><U35/><E35/><V83/><F72/><W41/><G41/><T15/><D92/><AGARI ba="0,1" hai="8,10,92,93,94" m="39367,50697,16519" machi="92" ten="30,2000,0" yaku="20,1,52,1" doraHai="52" who="3" fromWho="0" sc="250,-20,240,0,337,0,163,30" /><INIT seed="2,0,0,1,4,41" ten="230,240,337,193" oya="2" hai0="40,6,109,77,61,106,21,84,78,98,104,68,65" hai1="10,64,46,128,79,67,124,26,91,103,127,51,126" hai2="18,63,43,45,52,20,58,17,101,107,131,125,81" hai3="89,34,38,135,4,33,121,27,3,119,83,112,54"/><V23/><F131/><W70/><G119/><T1/><D109/><U94/><E128/><V25/><F125/><W28/><G112/><T69/><D69/><U14/><E79/><V32/><F32/><W120/><G135/><T118/><D118/><U57/><E26/><V74/><F107/><W123/><G70/><T55/><D40/><N who="1" m="25031" /><E103/><V50/><F101/><W2/><G38/><T111/><D111/><U92/><E57/><V113/><F113/><W99/><G54/><T82/><D78/><U87/><E92/><V73/><F81/><W105/><G105/><T31/><D98/><U88/><E91/><V30/><F30/><W9/><G83/><T117/><D117/><U60/><E60/><V108/><F108/><W53/><G53/><T110/><D110/><U13/><E13/><AGARI ba="0,0" hai="13,17,18,20,23,25,43,45,50,52,58,63,73,74" machi="13" ten="30,5800,0" yaku="7,1,52,1,54,1" doraHai="41" who="2" fromWho="1" sc="230,0,240,-58,337,58,193,0" /><INIT seed="2,1,0,2,0,112" ten="230,182,395,193" oya="2" hai0="133,128,65,94,59,66,102,114,13,1,88,105,131" hai1="84,91,58,2,103,39,11,17,89,110,48,90,16" hai2="82,19,124,56,62,121,113,132,86,99,63,35,36" hai3="108,75,118,57,68,24,5,52,53,50,60,45,40"/><V4/><F113/><W28/><G118/><T72/><D114/><U0/><E39/><V32/><F36/><W134/><G75/><T46/><D1/><U8/><E110/><V135/><F4/><W73/><G134/><T23/><D72/><U129/><E129/><N who="0" m="49737" /><D133/><U106/><E84/><V20/><F124/><W107/><G108/><T7/><D46/><U130/><E130/><V43/><F99/><W125/><G125/><T78/><D78/><U9/><E106/><V34/><F121/><W101/><G73/><T47/><D47/><U18/><E103/><V51/><F43/><W123/><G123/><T111/><D111/><U31/><E31/><V87/><F87/><W12/><G68/><T127/><D127/><U95/><E95/><V69/><F69/><W79/><G79/><T22/><D102/><U55/><AGARI ba="1,0" hai="0,2,8,9,11,16,17,18,48,55,58,89,90,91" machi="55" ten="40,8000,1" yaku="0,1,29,2,54,1" doraHai="112" who="1" fromWho="1" sc="230,-21,182,83,395,-41,193,-21" /><INIT seed="3,0,0,3,2,15" ten="209,265,354,172" oya="3" hai0="23,81,115,10,51,5,2,114,118,25,134,95,77" hai1="91,109,37,59,63,130,89,41,84,44,11,53,88" hai2="113,0,58,45,19,75,50,117,57,42,107,94,105" hai3="13,8,39,112,34,72,18,38,86,80,9,71,83"/><W60/><G112/><N who="0" m="43051" /><D134/><U20/><E109/><V78/><F0/><W43/><G34/><T92/><D118/><U62/><E130/><V108/><F108/><W52/><G43/><T120/><D51/><U96/><E96/><V124/><F124/><W69/><G69/><T28/><D120/><U73/><E73/><AGARI ba="0,0" hai="2,5,10,23,25,28,73,77,81,92,95" m="43051" machi="73" ten="30,1000,0" yaku="11,1" doraHai="15" who="0" fromWho="1" sc="209,10,265,-10,354,0,172,0" owari="219,-18.1,255,5.5,354,45.4,172,-32.8" /></mjloggm>