<mjloggm ver="2.3"><GO type="225" lobby="0"/><UN n0="%E4%BA%BA%E9%96%93%E3%83%81%E3%83%A3%E3%83%BC%E3%83%8F%E3%83%B3" n1="%E6%97%A5%E6%9B%9C%E6%97%A5%E3%82%88%E3%82%8A%E3%81%AE%E4%BD%BF%E8%80%85" n2="%E5%A4%9C%E5%85%89%E5%A4%A9%E6%A5%BC" n3="%E3%83%8F%E3%83%B3%E3%83%89%E3%83%A9%E3%83%BC%E3%83%BB%E3%83%AF%E3%83%B3" dan="16,17,17,17" rate="2148.30,2111.41,2181.92,2181.99" sx="M,M,M,M"/><TAIKYOKU oya="0"/><INIT seed="0,0,0,0,0,14" ten="250,250,250,250" oya="0" hai0="126,30,66,26,75,87,102,70,114,27,56,36,52" hai1="69,46,72,123,45,112,18,103,124,118,133,48,88" hai2="67,8,96,93,61,132,50,84,91,86,90,110,71" hai3="76,42,97,25,3,128,53,100,15,127,134,22,116"/><T78/><D114/><U129/><E72/><V119/><F110/><W98/><G3/><T1/><D75/><U79/><E69/><V101/><F132/><W63/><G116/><T0/><D36/><U55/><E123/><V51/><F119/><W106/><G134/><T11/><D126/><U64/><E79/><V28/><F28/><W17/><G127/><T122/><D122/><U92/><E103/><V121/><F121/><W7/><G128/><T117/><D117/><U6/><E64/><V37/><F37/><W23/><G42/><T105/><D78/><U95/><E6/><V31/><F31/><W33/><G33/><N who="0" m="20695" /><D87/><U107/><E107/><V41/><F8/><W9/><G76/><T40/><D27/><U4/><E112/><V38/><F41/><W39/><G39/><T68/><D11/><U34/><E118/><V74/><F38/><W81/><G81/><T60/><D70/><U85/><E85/><V2/><F2/><W89/><G22/><T12/><D12/><U49/><E34/><V130/><F74/><W47/><G47/><T62/><D40/><U131/><E124/><V59/><F71/><W58/><G98/><AGARI ba="0,0" hai="0,1,52,56,60,62,66,68,98,102,105" m="20695" machi="98" ten="30,2900,0" yaku="25,1,54,1" doraHai="14" who="0" fromWho="3" sc="250,29,250,0,250,0,250,-29" /><INIT seed="0,1,0,5,5,27" ten="279,250,250,221" oya="0" hai0="71,56,11,91,24,112,75,43,115,34,74,84,108" hai1="76,47,98,121,22,38,67,72,64,65,58,3,26" hai2="100,62,15,120,49,110,105,70,93,79,51,32,89" hai3="113,54,9,28,40,114,14,30,66,68,118,119,103"/><T127/><D71/><U16/><E121/><V73/><F120/><W46/><G103/><T85/><D127/><U133/><E3/><V17/><F32/><W57/><G114/><T69/><D69/><U7/><E133/><V125/><F125/><W95/><G113/><T42/><D11/><U122/><E122/><V37/><F37/><N who="3" m="21775" /><G95/><T13/><D13/><U80/><E7/><V36/><F36/><W59/><G59/><T111/><D56/><U18/><E98/><N who="2" m="61591" /><F62/><N who="3" m="40023" /><G119/><T132/><D24/><U4/><E4/><V5/><F5/><N who="3" m="3375" /><G118/><T97/><D34/><U8/><E58/><V20/><F79/><W6/><G6/><T60/><D97/><U61/><E61/><V96/><F73/><W2/><G2/><T126/><D126/><U94/><E94/><V21/><F21/><W130/><G130/><T129/><D60/><U63/><E63/><V86/><F70/><W99/><G99/><T117/><D117/><U106/><E106/><V92/><F92/><W87/><G87/><T135/><REACH who="0" step="1"/><D91/><REACH who="0" ten="269,250,250,221" step="2"/><U134/><E8/><V77/><F96/><W109/><G109/><T128/><AGARI ba="1,1" hai="42,43,74,75,84,85,108,111,112,115,128,129,132,135" machi="128" ten="25,12000,1" yaku="1,1,2,1,0,1,22,2,53,0" doraHai="27" doraHaiUra="53" who="0" fromWho="0" sc="269,133,250,-41,250,-41,221,-41" /><INIT seed="0,2,0,3,1,80" ten="402,209,209,180" oya="0" hai0="1,11,93,87,55,107,59,13,12,53,57,42,2" hai1="116,71,132,112,126,18,64,36,134,27,17,21,123" hai2="113,48,94,67,58,101,32,81,60,92,26,44,43" hai3="51,39,104,3,52,50,8,33,41,72,66,74,86"/><T15/><D107/><U7/><E116/><V130/><F113/><W122/><G33/><T131/><D131/><U31/><E123/><V95/><F130/><W69/><G104/><T119/><D119/><U9/><E36/><V84/><F32/><W102/><G102/><T118/><D118/><U29/><E64/><V47/><F26/><W128/><G128/><T88/><D42/><U49/><E49/><V105/><F105/><W85/><G122/><T34/><D34/><U110/><E71/><V133/><F133/><N who="1" m="51305" /><E112/><V91/><REACH who="2" step="1"/><F47/><REACH who="2" ten="402,209,199,180" step="2"/><N who="3" m="23999" /><G74/><T114/><D114/><U28/><E110/><V117/><F117/><W35/><G72/><T75/><D75/><U111/><E111/><V124/><F124/><W5/><G35/><T78/><D2/><N who="1" m="247" /><E17/><V25/><F25/><W99/><G3/><T22/><D1/><U65/><E65/><V23/><F23/><W108/><G66/><T14/><D22/><U61/><E61/><V6/><F6/><W24/><G5/><T98/><D11/><U89/><E126/><V68/><F68/><W30/><G69/><T76/><N who="0" m="3072" /><DORA hai="120" /><T73/><D73/><U54/><E54/><V109/><F109/><W135/><G8/><T97/><D55/><U10/><E10/><V96/><AGARI ba="2,1" hai="43,44,48,58,60,67,81,84,91,92,94,95,96,101" machi="96" ten="30,8000,1" yaku="1,1,0,1,8,1,52,1,53,1" doraHai="80,120" doraHaiUra="16,63" who="2" fromWho="2" sc="402,-42,209,-22,199,96,180,-22" /><INIT seed="1,0,0,2,2,42" ten="360,187,295,158" oya="1" hai0="116,74,20,102,99,63,113,45,80,54,128,16,104" hai1="15,112,0,12,103,58,133,49,44,65,51,107,78" hai2="75,129,23,66,31,47,68,32,84,26,17,29,120" hai3="64,119,8,43,56,27,125,5,79,28,22,126,40"/><U21/><E0/><V48/><F120/><W108/><G108/><T89/><D113/><U76/><E112/><V130/><F75/><W70/><G70/><T131/><D116/><U111/><E107/><V35/><F84/><W52/><G64/><T71/><D71/><U85/><E111/><V10/><F66/><W19/><G79/><N who="1" m="30250" /><E133/><V9/><F68/><W1/><G119/><T14/><D74/><U55/><E103/><V38/><F38/><W95/><G95/><T24/><D14/><N who="1" m="5163" /><E21/><V33/><F10/><W105/><G105/><T97/><D80/><U3/><E3/><V34/><F9/><W100/><G100/><T86/><D86/><U46/><E65/><V93/><F93/><W41/><REACH who="3" step="1"/><G19/><REACH who="3" ten="360,187,295,148" step="2"/><T132/><D132/><U61/><E85/><V83/><F83/><W25/><G25/><T121/><D121/><U39/><E39/><V127/><F17/><W7/><G7/><T11/><D24/><U82/><E82/><V73/><F26/><W62/><AGARI ba="0,1" hai="1,5,8,22,27,28,40,41,43,52,56,62,125,126" machi="62" ten="30,4000,0" yaku="1,1,0,1,54,1,53,0" doraHai="42" doraHaiUra="98" who="3" fromWho="3" sc="360,-10,187,-20,295,-10,148,50" /><INIT seed="2,0,0,5,3,111" ten="350,167,285,198" oya="2" hai0="36,52,75,108,21,33,135,71,2,29,63,10,57" hai1="51,102,53,56,50,99,69,89,67,1,104,100,58" hai2="49,23,66,0,82,3,72,28,26,91,15,116,5" hai3="78,54,106,4,95,45,40,35,42,94,38,30,39"/><V126/><F116/><W129/><G106/><T25/><D75/><U8/><E69/><V92/><F126/><W55/><G129/><T81/><D108/><U27/><E27/><V31/><F66/><W74/><G4/><T44/><D135/><U32/><E32/><V80/><F31/><W17/><G30/><T59/><D71/><U22/><E22/><V90/><F72/><W96/><G35/><T120/><D120/><U60/><E104/><V130/><F3/><W93/><G17/><T34/><D81/><U109/><E109/><V76/><F0/><W14/><G14/><T131/><D131/><U117/><E117/><V6/><F76/><W97/><G78/><T133/><D133/><U127/><E127/><V13/><F49/><W114/><G74/><T79/><D79/><U103/><E1/><V112/><F112/><W122/><G122/><T18/><D57/><U132/><E132/><V107/><F107/><W110/><G110/><T77/><D77/><U121/><E121/><V88/><F92/><W41/><G45/><T9/><D2/><U61/><REACH who="1" step="1"/><E8/><REACH who="1" ten="350,157,285,198" step="2"/><N who="2" m="4239" /><F130/><W84/><G114/><T47/><D34/><U19/><E19/><V124/><F124/><W113/><G113/><T118/><D118/><U70/><E70/><V11/><AGARI ba="0,1" hai="6,11,15,23,26,28,80,82,88,90,91" m="4239" machi="11" ten="30,3000,0" yaku="8,1,54,1" doraHai="111" who="2" fromWho="2" sc="350,-10,157,-10,285,40,198,-10" /><INIT seed="2,1,0,2,1,6" ten="340,147,325,188" oya="2" hai0="114,44,62,2,88,119,122,15,98,61,31,133,41" hai1="92,97,39,27,120,46,121,135,52,126,131,89,50" hai2="36,76,57,73,45,125,101,86,93,21,14,127,56" hai3="80,18,108,87,55,24,32,99,123,110,105,81,16"/><V4/><F36/><W66/><G123/><T11/><D2/><U109/><E109/><N who="3" m="42090" /><G66/><T113/><D122/><N who="1" m="47211" /><E126/><N who="2" m="48139" /><F45/><W118/><G118/><T28/><D133/><U82/><E135/><V47/><F47/><W30/><G55/><T106/><D106/><U71/><E131/><V3/><F3/><W94/><G105/><T33/><D33/><U49/><E71/><V67/><F67/><W22/><G87/><T107/><D107/><U53/><E39/><V51/><F51/><W19/><G32/><T34/><D34/><U84/><E27/><V5/><F73/><W85/><G85/><T72/><D72/><U70/><E70/><V75/><F5/><W103/><AGARI ba="1,0" hai="16,18,19,22,24,30,80,81,94,99,103" m="42090" machi="103" ten="30,2000,0" yaku="14,1,54,1" doraHai="6" who="3" fromWho="3" sc="340,-6,147,-6,325,-11,188,23" /><INIT seed="3,0,0,4,3,78" ten="334,141,314,211" oya="3" hai0="122,36,6,125,33,22,93,112,107,41,115,104,32" hai1="53,80,71,3,75,74,2,70,39,48,121,40,34" hai2="13,101,85,11,49,120,44,103,69,50,57,51,79" hai3="106,67,15,127,87,14,17,63,30,132,130,68,45"/><W20/><G106/><N who="0" m="40491" /><D122/><U12/><E121/><V52/><F69/><W119/><G119/><T28/><D125/><U24/><E71/><V47/><F120/><W59/><G127/><T27/><D6/><U10/><E70/><V65/><F65/><W128/><G132/><T37/><D93/><U29/><E40/><N who="2" m="24711" /><F85/><W91/><G30/><T88/><D88/><U124/><E39/><N who="0" m="14921" /><D41/><U0/><E124/><V73/><F79/><W100/><G100/><N who="2" m="38473" /><F73/><W62/><G45/><T86/><D86/><U42/><E42/><V1/><F1/><W84/><G14/><T82/><D82/><U111/><E111/><V8/><F13/><W117/><G117/><T18/><D28/><U38/><E38/><V56/><F56/><W7/><G7/><T116/><D116/><U26/><E26/><V54/><AGARI ba="0,0" hai="8,11,47,50,51,52,54,57" m="38473,24711" machi="54" ten="30,2000,0" yaku="8,1,54,1" doraHai="78" who="2" fromWho="2" sc="334,-5,141,-5,314,20,211,-10" owari="329,12.9,136,-36.4,334,43.4,201,-19.9" /></mjloggm>