<mjloggm ver="2.3"><GO type="225" lobby="0"/><UN n0="%E3%81%A1%E3%82%85%E3%81%86%E3%81%A9%E3%81%8F%E8%B1%A1%E3%81%95%E3%82%93" n1="%4E%6F%2E%30%30%30%31" n2="%E5%B8%86%E7%AB%8B%E5%A4%8F%E8%A1%A3" n3="%E9%80%9F%E6%B0%B4%E5%87%9B%E9%A6%99" dan="17,18,17,16" rate="2176.90,2222.69,2147.48,2158.50" sx="M,M,M,F"/><TAIKYOKU oya="0"/><INIT seed="0,0,0,2,3,72" ten="250,250,250,250" oya="0" hai0="116,107,133,128,19,98,66,8,105,10,104,27,90" hai1="114,84,14,79,99,82,22,77,126,59,0,134,100" hai2="92,89,108,86,25,24,17,125,1,40,31,74,39" hai3="109,80,62,121,94,117,12,71,115,53,124,103,64"/><T36/><D36/><U111/><E0/><V120/><F108/><W51/><G117/><T6/><D116/><U33/><E33/><V70/><F125/><W95/><G115/><T49/><D133/><U93/><E111/><V85/><F74/><W65/><G109/><T88/><D128/><U81/><E126/><V55/><F120/><W61/><G124/><T13/><D66/><U101/><E134/><V76/><F1/><W130/><G130/><T45/><D98/><U18/><E114/><V56/><F70/><W28/><G121/><T118/><D118/><U23/><E59/><V112/><F112/><W127/><G127/><T57/><D57/><U67/><E67/><V43/><F17/><W97/><G28/><T42/><REACH who="0" step="1"/><D27/><REACH who="0" ten="240,250,250,250" step="2"/><U34/><E34/><V35/><F24/><W60/><G64/><T3/><AGARI ba="0,1" hai="3,6,8,10,13,19,42,45,49,88,90,104,105,107" machi="3" ten="30,11700,0" yaku="1,1,2,1,0,1,54,1,53,0" doraHai="72" doraHaiUra="52" who="0" fromWho="0" sc="240,127,250,-39,250,-39,250,-39" /><INIT seed="0,1,0,5,5,35" ten="367,211,211,211" oya="0" hai0="129,25,77,3,95,12,59,7,97,45,51,83,80" hai1="119,22,79,110,94,69,10,4,46,82,23,131,78" hai2="86,53,0,18,61,64,133,30,70,31,76,108,34" hai3="130,115,13,96,114,21,56,106,58,44,24,81,91"/><T117/><D117/><U124/><E119/><V52/><F108/><W113/><G130/><T112/><D112/><U120/><E120/><V87/><F133/><W5/><G44/><T1/><D129/><U73/><E131/><V6/><F18/><W36/><G36/><T57/><D25/><U50/><E110/><V90/><F76/><W66/><G66/><T42/><D80/><U99/><E78/><V47/><F86/><W75/><G75/><T38/><D12/><U29/><E69/><V72/><F72/><W102/><G81/><T54/><D7/><U55/><E29/><V135/><F135/><W71/><G91/><T28/><D28/><U26/><E26/><V65/><F65/><W100/><G100/><T127/><D57/><U8/><E8/><V49/><F53/><W125/><G71/><T84/><D127/><U37/><E37/><V126/><F34/><W43/><G43/><T118/><D118/><U103/><REACH who="1" step="1"/><E124/><REACH who="1" ten="367,201,211,211" step="2"/><V85/><F126/><W41/><G125/><T63/><REACH who="0" step="1"/><D38/><REACH who="0" ten="357,201,211,211" step="2"/><U2/><AGARI ba="1,2" hai="2,4,10,22,23,46,50,55,73,79,82,94,99,103" machi="2" ten="20,12000,2" yaku="1,1,2,1,0,1,7,1,52,1,53,1" doraHai="35" doraHaiUra="104" who="1" fromWho="1" sc="357,-61,201,143,211,-31,211,-31" /><INIT seed="1,0,0,3,2,10" ten="296,344,180,180" oya="1" hai0="61,109,98,18,102,13,128,56,2,116,27,42,79" hai1="51,66,135,94,117,16,100,4,25,120,118,114,30" hai2="59,103,0,127,24,126,108,21,77,91,132,38,60" hai3="74,19,115,1,88,23,107,54,110,55,124,112,34"/><U81/><E114/><V71/><F108/><W9/><G107/><T22/><D116/><U67/><E120/><V73/><F132/><W39/><G74/><T75/><D109/><U129/><E135/><V99/><F38/><W105/><G39/><T133/><D2/><U29/><E129/><V65/><F0/><W15/><G105/><T130/><D133/><U121/><E121/><V69/><F91/><W37/><G37/><T41/><D79/><U32/><E4/><V48/><F77/><W28/><G110/><T6/><D75/><U134/><E134/><V31/><F73/><W53/><G124/><N who="2" m="47657" /><F48/><W95/><G34/><T58/><D58/><U93/><E51/><V14/><F14/><W90/><G90/><T111/><D111/><U123/><E123/><V52/><F65/><W70/><G70/><T26/><D42/><U87/><E100/><V122/><F122/><W63/><G63/><T36/><D41/><U44/><E67/><V62/><F62/><W89/><G89/><T92/><D36/><U104/><E66/><V78/><F78/><W20/><G1/><T131/><D6/><U5/><E5/><V47/><F47/><W40/><G40/><T113/><REACH who="0" step="1"/><D113/><REACH who="0" ten="286,344,180,180" step="2"/><U80/><E117/><V7/><F7/><W64/><G115/><T97/><D97/><U86/><E118/><V49/><F60/><W17/><G112/><T119/><D119/><U43/><E43/><V35/><F35/><W11/><G64/><AGARI ba="0,1" hai="13,18,22,26,27,56,61,64,92,98,102,128,130,131" machi="64" ten="40,8000,1" yaku="1,1,19,1,52,1,53,1" doraHai="10" doraHaiUra="12" who="0" fromWho="3" sc="286,90,344,0,180,0,180,-80" /><INIT seed="2,0,0,4,3,24" ten="376,344,180,100" oya="2" hai0="18,32,92,100,104,102,124,66,61,75,107,123,27" hai1="38,39,4,106,121,29,97,35,6,83,127,133,9" hai2="55,85,59,120,2,56,131,50,41,84,78,52,82" hai3="8,60,116,87,90,69,20,0,81,44,31,72,103"/><V3/><F120/><W7/><G116/><T134/><D75/><U71/><E4/><V73/><F131/><W70/><G72/><T16/><D123/><U49/><E49/><V42/><F73/><W14/><G103/><T113/><D113/><U95/><E121/><V21/><F3/><W74/><G74/><T110/><D110/><U36/><E83/><V63/><F2/><W117/><G117/><T125/><D134/><U10/><E133/><V1/><F1/><W15/><G44/><T11/><D18/><U109/><E109/><V130/><F130/><W129/><G129/><T5/><D92/><U45/><E127/><N who="0" m="48713" /><D104/><U54/><E71/><V28/><F84/><W68/><REACH who="3" step="1"/><G60/><REACH who="3" ten="376,344,180,90" step="2"/><T118/><D118/><U114/><E45/><V26/><AGARI ba="0,1" hai="21,26,28,41,42,50,52,55,56,59,63,78,82,85" machi="26" ten="30,11700,0" yaku="0,1,8,1,52,1,54,1" doraHai="24" who="2" fromWho="2" sc="376,-39,344,-39,180,127,90,-39" /><INIT seed="2,1,0,2,2,98" ten="337,305,307,51" oya="2" hai0="3,57,12,51,24,34,31,92,15,9,54,133,29" hai1="111,74,106,8,126,101,107,47,19,39,32,110,38" hai2="134,52,68,70,89,118,117,71,79,93,90,2,83" hai3="105,10,63,82,59,64,131,125,33,109,46,80,16"/><V67/><F134/><W135/><G33/><T123/><D133/><U26/><E74/><V4/><F67/><W108/><G135/><T127/><D127/><U73/><E73/><V124/><F124/><W62/><G125/><T100/><D123/><U128/><E126/><V120/><F120/><W35/><G35/><T121/><D121/><U119/><E119/><V75/><F89/><W78/><G105/><T53/><D31/><U13/><E128/><V97/><F4/><W116/><G116/><T58/><D3/><U81/><E81/><V36/><F36/><N who="1" m="13865" /><E47/><V1/><F1/><W95/><G46/><T21/><D34/><U132/><E101/><V112/><F2/><W44/><G44/><T96/><D9/><U115/><E115/><V14/><F14/><N who="3" m="7255" /><G131/><T30/><D30/><N who="1" m="19543" /><E132/><V17/><F17/><W5/><G5/><T122/><D122/><U87/><E87/><V66/><F112/><W55/><G78/><T65/><D65/><U20/><E8/><V45/><REACH who="2" step="1"/><F66/><REACH who="2" ten="337,305,297,51" step="2"/><W103/><G109/><AGARI ba="1,1" hai="13,19,20,106,107,109,110,111" m="19543,13865" machi="109" ten="30,1000,0" yaku="14,1" doraHai="98" who="1" fromWho="3" sc="337,0,305,23,297,0,51,-13" /><INIT seed="3,0,0,4,0,75" ten="337,328,297,38" oya="3" hai0="97,26,53,114,72,113,95,87,66,42,98,128,125" hai1="120,107,14,118,80,108,68,5,99,34,30,73,83" hai2="129,67,122,89,58,0,121,132,1,49,6,40,15" hai3="18,96,126,4,115,19,20,101,48,112,119,23,47"/><W70/><G119/><T16/><D72/><U24/><E120/><V57/><F129/><W124/><G70/><T84/><D125/><N who="3" m="48233" /><G96/><T79/><D128/><U69/><E108/><V103/><F132/><W33/><G101/><T51/><D66/><U3/><E14/><V36/><F103/><W90/><G90/><N who="0" m="55543" /><D98/><U81/><E118/><V111/><F111/><W104/><G104/><T22/><D79/><N who="1" m="44143" /><E81/><V93/><F36/><W94/><G94/><T7/><D42/><U82/><E83/><V44/><F122/><W62/><G62/><T21/><D21/><N who="3" m="8265" /><G33/><T117/><D117/><U131/><E82/><V71/><F71/><W109/><G109/><T17/><D51/><U2/><E131/><V60/><F121/><W46/><G4/><T133/><D7/><U41/><E5/><V32/><F32/><W116/><G116/><T100/><D100/><N who="1" m="62879" /><E41/><V134/><F134/><W91/><G91/><T123/><D133/><U92/><E92/><V130/><F130/><W35/><G35/><T10/><D123/><U28/><E69/><V13/><F6/><W102/><G102/><T106/><D106/><U86/><E68/><V59/><F93/><W74/><G74/><T85/><D53/><U50/><E34/><V55/><F89/><W39/><G39/><T54/><D54/><U43/><E43/><V105/><F105/><W63/><G63/><T76/><D87/><U9/><E86/><N who="0" m="33385" /><D76/><U52/><E52/><V78/><F78/><W12/><G48/><T88/><D88/><U110/><E50/><N who="2" m="26887" /><F58/><W27/><G27/><T64/><D64/><U31/><E110/><RYUUKYOKU ba="0,0" sc="337,15,328,-15,297,15,38,-15" hai0="10,16,17,22,26,113,114" hai2="0,1,13,15,49,55,57,59,60,67" owari="352,45.2,313,11.3,312,-8.8,23,-47.7" /></mjloggm>