<mjloggm ver="2.3"><GO type="225" lobby="0"/><UN n0="%E3%81%82%E3%83%BC%E3%81%97" n1="%41%54%53%4D" n2="%6C%61%6D%62" n3="%E3%82%A2%E3%83%9E%E3%83%9D%EF%BD%9E%EF%BD%9E%E3%83%A9" dan="16,16,16,17" rate="2119.36,2149.81,2135.30,2174.63" sx="M,M,M,M"/><TAIKYOKU oya="0"/><INIT seed="0,0,0,5,5,92" ten="250,250,250,250" oya="0" hai0="51,26,44,58,114,98,19,30,70,87,107,32,38" hai1="39,69,97,79,17,35,2,106,33,25,77,108,52" hai2="91,7,13,83,135,67,89,1,74,0,55,110,116" hai3="37,9,48,66,81,16,125,6,111,117,85,115,86"/><T76/><D114/><U123/><E123/><V57/><F110/><W5/><G37/><T122/><D122/><U101/><E39/><V104/><F104/><W18/><G117/><T54/><D70/><U4/><E108/><V50/><F135/><W10/><G125/><T127/><D127/><U27/><E69/><V109/><F109/><W96/><G115/><T105/><D19/><U82/><E4/><V121/><F121/><W53/><G66/><T126/><D126/><U63/><E2/><V128/><F128/><W40/><G40/><T20/><D32/><U88/><E79/><V24/><F24/><W103/><G111/><T118/><D118/><U64/><E77/><V73/><F67/><W29/><G29/><T84/><D76/><U134/><E134/><V12/><F116/><W56/><G10/><T60/><D107/><U61/><E64/><V124/><F124/><W8/><G8/><T112/><D38/><U3/><E3/><V43/><F83/><W94/><G86/><T119/><D119/><U80/><E80/><V99/><F43/><W23/><G9/><T71/><D71/><U120/><E120/><V21/><F7/><N who="3" m="2571" /><G23/><T45/><D112/><U130/><E130/><V42/><F42/><W41/><G41/><N who="0" m="24975" /><D45/><U47/><E33/><V100/><F1/><W34/><G34/><T62/><D62/><N who="1" m="23563" /><E17/><V28/><F0/><W14/><G14/><N who="2" m="5737" /><F74/><W131/><G131/><T90/><D105/><U65/><E35/><V15/><N who="2" m="5745" /><V132/><DORA hai="75" /><F73/><W46/><G46/><T129/><D129/><U68/><E68/><V36/><F36/><RYUUKYOKU ba="0,0" sc="250,15,250,-15,250,-15,250,15" hai0="20,26,30,54,58,60,84,87,90,98" hai3="16,18,48,53,56,81,85,94,96,103" /><INIT seed="0,1,0,5,4,77" ten="265,235,235,265" oya="0" hai0="135,55,94,106,129,40,51,93,79,75,54,96,110" hai1="100,117,128,97,111,90,115,116,62,48,53,118,46" hai2="39,103,120,91,119,63,0,74,70,98,130,71,49" hai3="125,121,37,59,47,65,28,7,82,81,105,38,18"/><T107/><D135/><U15/><E111/><V14/><F0/><W26/><G105/><T58/><D129/><U134/><E134/><V4/><F39/><W45/><G125/><T34/><D34/><U57/><E128/><V102/><F120/><W29/><G7/><T44/><D110/><U127/><E127/><V88/><F130/><W13/><G38/><T8/><D55/><U52/><E115/><V95/><F74/><W11/><G37/><T131/><D131/><U6/><E90/><V33/><F33/><W101/><G101/><T124/><D124/><U12/><REACH who="1" step="1"/><E6/><REACH who="1" ten="265,225,235,265" step="2"/><V113/><F91/><W112/><G112/><T92/><D96/><U42/><E42/><V132/><F113/><W24/><G121/><T20/><D8/><U122/><E122/><V27/><F98/><W17/><G11/><T87/><D20/><U22/><E22/><V23/><F4/><W19/><G13/><T36/><REACH who="0" step="1"/><D75/><REACH who="0" ten="255,225,235,265" step="2"/><U85/><E85/><V2/><F23/><W3/><G3/><T99/><D99/><U78/><E78/><V1/><F1/><W25/><G29/><T35/><D35/><U83/><E83/><AGARI ba="1,2" hai="36,40,44,51,54,58,79,83,87,92,93,94,106,107" machi="83" ten="40,7700,0" yaku="1,1,52,1,53,1" doraHai="77" doraHaiUra="43" who="0" fromWho="1" sc="255,100,225,-80,235,0,265,0" /><INIT seed="0,2,0,0,1,80" ten="355,145,235,265" oya="0" hai0="81,19,114,2,20,67,102,124,132,112,16,123,58" hai1="74,47,27,78,116,63,111,51,122,129,99,34,28" hai2="35,69,48,42,6,66,97,33,10,84,82,117,49" hai3="61,37,115,50,9,76,90,68,3,59,100,73,39"/><T126/><D102/><U79/><E116/><V21/><F117/><W88/><G100/><T113/><D2/><U131/><E122/><V44/><F97/><W12/><G3/><T55/><D67/><U72/><E111/><V92/><F92/><W52/><G115/><T130/><D123/><U32/><E99/><V8/><F21/><W108/><G108/><T85/><D132/><U86/><E63/><V105/><F105/><W70/><G73/><T64/><D64/><U96/><E96/><V125/><F125/><N who="0" m="48234" /><D20/><U109/><E109/><V15/><F48/><W83/><G39/><T4/><D4/><U94/><E74/><V133/><F133/><W46/><G37/><T23/><D23/><U14/><E14/><V65/><F10/><W91/><G83/><T71/><D71/><U30/><E72/><V134/><F134/><W98/><G76/><N who="0" m="46247" /><D130/><N who="1" m="49675" /><E32/><V87/><F35/><W62/><G70/><T45/><D45/><U75/><E75/><V5/><F33/><W25/><G68/><T106/><D106/><U89/><E30/><V40/><F69/><W1/><G1/><T110/><D110/><U29/><E29/><V120/><F120/><W43/><G98/><T13/><D13/><U26/><E26/><V53/><F6/><N who="3" m="3127" /><G25/><T104/><D104/><U41/><AGARI ba="2,0" hai="27,28,34,41,47,51,78,79,86,89,94" m="49675" machi="41" ten="30,2000,0" yaku="19,1,52,1" doraHai="80" who="1" fromWho="1" sc="355,-12,145,26,235,-7,265,-7" /><INIT seed="1,0,0,4,5,81" ten="343,171,228,258" oya="1" hai0="128,22,100,68,112,52,63,121,123,62,16,19,108" hai1="61,85,27,87,34,127,53,125,46,13,2,5,88" hai2="33,49,132,122,38,35,124,20,26,67,29,106,10" hai3="114,131,76,4,80,84,30,118,95,134,86,83,102"/><U59/><E2/><V28/><F38/><W111/><G114/><T64/><D112/><U40/><E34/><V39/><F39/><W91/><G111/><T71/><D108/><U41/><E27/><V45/><F122/><N who="0" m="46602" /><D100/><U72/><E72/><V97/><F132/><W48/><G131/><T42/><D42/><U129/><E129/><V44/><F67/><W116/><G30/><T23/><D71/><U25/><E25/><V93/><F106/><W11/><G48/><T75/><D75/><U120/><E120/><V31/><F124/><N who="1" m="47689" /><E88/><N who="2" m="55463" /><F44/><W135/><G11/><T119/><D119/><N who="3" m="45609" /><G4/><T7/><D7/><U107/><E107/><V14/><F33/><W0/><G0/><T66/><D128/><U92/><E92/><V98/><F98/><AGARI ba="0,0" hai="76,80,83,84,86,91,95,98,102,134,135" m="45609" machi="98" ten="30,8000,1" yaku="12,1,34,2,52,2" doraHai="81" who="3" fromWho="2" sc="343,0,171,0,228,-80,258,80" /><INIT seed="2,0,0,4,4,10" ten="343,171,148,338" oya="2" hai0="120,81,28,57,62,14,19,73,127,44,37,93,71" hai1="49,56,82,54,7,99,84,101,58,95,33,63,74" hai2="32,50,76,30,24,53,23,128,60,46,86,116,67" hai3="114,123,5,105,75,72,121,130,100,39,1,125,16"/><V66/><F116/><W9/><G16/><T25/><D120/><N who="3" m="46153" /><G125/><T118/><D127/><U78/><E33/><V47/><F128/><W61/><G114/><T52/><D118/><U0/><E0/><V59/><F32/><W51/><G51/><T110/><D110/><U119/><E119/><V26/><F26/><W102/><G102/><T90/><D71/><U92/><E7/><V21/><F21/><W13/><G13/><T35/><D81/><U113/><E113/><V135/><F135/><W122/><G130/><T31/><D73/><N who="3" m="28233" /><G61/><T36/><D44/><U96/><E74/><V8/><F8/><W108/><G108/><T115/><D31/><U22/><E22/><V27/><F27/><W111/><G111/><T77/><D77/><U109/><E109/><V106/><F106/><W15/><G15/><T3/><D3/><U131/><E131/><V29/><F29/><W85/><G85/><T79/><D79/><U18/><E18/><V55/><REACH who="2" step="1"/><F47/><REACH who="2" ten="343,171,138,338" step="2"/><W88/><G122/><T97/><D115/><U132/><E132/><V91/><F91/><W6/><G88/><T38/><D38/><U70/><E70/><V65/><F65/><W94/><G39/><T17/><D17/><U117/><E117/><V104/><F104/><W11/><G105/><T41/><D41/><U124/><E124/><V4/><F4/><N who="3" m="1643" /><G1/><T107/><D107/><U42/><E42/><V134/><F134/><W12/><G12/><T83/><D83/><AGARI ba="0,1" hai="23,24,30,46,50,53,55,59,60,66,67,76,83,86" machi="83" ten="40,3900,0" yaku="1,1,8,1,53,0" doraHai="10" doraHaiUra="64" who="2" fromWho="0" sc="343,-39,171,0,138,49,338,0" /><INIT seed="2,1,0,1,1,8" ten="304,171,187,338" oya="2" hai0="117,20,2,127,79,95,7,105,84,121,19,40,18" hai1="131,125,89,57,22,111,66,101,54,28,96,115,134" hai2="31,128,64,33,94,65,49,56,44,99,46,92,80" hai3="129,133,16,86,55,77,104,114,82,88,24,11,3"/><V26/><F128/><W119/><G119/><T83/><D121/><U10/><E115/><V4/><F4/><W41/><G133/><T35/><D127/><U93/><E131/><V47/><F92/><W6/><G114/><T76/><D35/><U78/><E134/><V72/><F49/><W70/><G70/><T34/><D105/><U74/><E125/><V45/><N who="2" m="11264" /><DORA hai="123" /><V109/><F109/><W52/><G41/><T0/><D34/><U98/><E111/><V112/><F112/><W67/><G67/><T62/><D40/><U110/><E110/><V97/><F56/><W103/><G129/><T51/><D79/><U42/><E42/><V106/><F106/><W30/><G16/><N who="0" m="6187" /><D2/><U132/><E132/><V120/><F120/><W135/><G135/><T15/><D0/><U81/><E10/><V130/><F130/><W43/><G43/><T60/><D51/><U50/><E66/><V32/><F99/><W118/><G118/><T61/><D117/><U73/><E73/><V36/><F36/><W25/><G25/><T108/><D108/><U63/><E50/><V113/><F33/><N who="3" m="20679" /><G77/><T126/><D126/><U23/><REACH who="1" step="1"/><E28/><REACH who="1" ten="304,161,187,338" step="2"/><V69/><F113/><W1/><G11/><N who="0" m="4607" /><D20/><U17/><E17/><V13/><F69/><W21/><G6/><T102/><D62/><U12/><E12/><V53/><F13/><W87/><G21/><T90/><D102/><U85/><E85/><AGARI ba="1,1" hai="60,61,76,83,84,85,90,95" m="4607,6187" machi="85" ten="30,3900,0" yaku="8,1,52,1,54,1" doraHai="8,123" who="0" fromWho="1" sc="304,52,161,-42,187,0,338,0" /><INIT seed="3,0,0,4,4,21" ten="356,119,187,338" oya="3" hai0="3,89,9,29,35,44,70,83,93,13,105,127,26" hai1="39,56,37,118,90,96,47,60,10,75,5,102,88" hai2="130,97,57,59,81,61,24,41,16,52,62,73,42" hai3="132,109,92,80,22,86,66,87,74,67,14,36,53"/><W43/><G132/><T49/><D105/><U78/><E118/><V84/><F73/><W30/><G109/><T31/><D70/><U28/><E28/><V111/><F111/><W55/><G43/><T108/><D108/><U6/><E78/><N who="2" m="46135" /><F130/><W20/><G36/><T48/><D31/><U107/><E75/><V65/><F97/><W99/><G74/><T98/><D3/><U51/><E37/><V131/><F131/><W95/><G30/><T101/><D127/><U122/><E39/><V8/><F8/><W114/><G114/><T40/><D49/><U25/><E25/><V17/><F17/><W126/><G126/><T129/><D129/><U0/><E6/><V64/><F64/><N who="3" m="24619" /><G87/><T7/><D83/><U115/><E115/><V45/><F45/><W77/><G95/><T121/><D121/><U34/><E34/><V106/><F106/><W91/><G22/><AGARI ba="0,0" hai="16,22,24,41,42,52,57,59,61,62,65" m="46135" machi="22" ten="30,7700,0" yaku="8,1,52,1,54,2" doraHai="21" who="2" fromWho="3" sc="356,0,119,0,187,77,338,-77" owari="356,45.6,119,-38.1,264,6.4,261,-13.9" /></mjloggm>