<mjloggm ver="2.3"><GO type="225" lobby="0"/><UN n0="%43%68%65" n1="%E3%81%B2%E3%81%AA%E3%81%AE%E3%82%8A%E3%81%8F" n2="%73%65%69%6A%69%64%6F%6E" n3="%E3%81%AF%E3%82%88%E3%81%8A%E3%81%98%E3%81%95%E3%82%93" dan="16,17,16,16" rate="2138.66,2163.85,2070.37,2165.27" sx="M,M,M,M"/><TAIKYOKU oya="0"/><INIT seed="0,0,0,5,0,64" ten="250,250,250,250" oya="0" hai0="111,133,7,123,87,38,22,41,69,48,119,32,18" hai1="99,131,57,42,84,89,117,33,36,29,65,116,126" hai2="72,127,125,106,114,63,105,135,46,98,1,67,79" hai3="53,77,10,6,11,129,76,23,39,115,37,71,74"/><T14/><D119/><U55/><E131/><V20/><F114/><W96/><G115/><T31/><D38/><U54/><E126/><N who="2" m="48139" /><F135/><W101/><G129/><T90/><D123/><U8/><E65/><V75/><F1/><W70/><G23/><T110/><D133/><U35/><E99/><V17/><F46/><W130/><G130/><T47/><D7/><U128/><E128/><V97/><F98/><W132/><G132/><T122/><D122/><U58/><E36/><N who="3" m="13898" /><G77/><T102/><D102/><U24/><E42/><V34/><F34/><W73/><G10/><T59/><D59/><U15/><E35/><V3/><F3/><N who="3" m="479" /><G53/><T91/><D69/><N who="3" m="26121" /><G76/><T68/><D68/><U109/><E55/><V94/><F79/><W118/><G118/><T95/><REACH who="0" step="1"/><D91/><REACH who="0" ten="240,250,250,250" step="2"/><U19/><E57/><N who="2" m="37359" /><F72/><W2/><G2/><T21/><D21/><U104/><E116/><V28/><F75/><W62/><G62/><T43/><D43/><U78/><E117/><V82/><F28/><W100/><G100/><T9/><D9/><U13/><E29/><V45/><F45/><W134/><G134/><T44/><D44/><U124/><E58/><V26/><F82/><W83/><G83/><T88/><D88/><AGARI ba="0,1" hai="17,20,26,88,94,97,105,106" m="37359,48139" machi="88" ten="30,2000,0" yaku="18,1,54,1" doraHai="64" who="2" fromWho="0" sc="240,-20,250,0,250,30,250,0" /><INIT seed="1,0,0,2,3,64" ten="220,250,280,250" oya="1" hai0="94,23,74,49,31,70,122,89,71,96,28,60,123" hai1="4,41,13,39,51,34,90,135,53,119,56,80,108" hai2="83,131,126,1,88,98,101,17,40,69,42,11,44" hai3="127,18,124,72,79,114,36,26,78,134,125,68,15"/><U106/><E119/><V133/><F126/><W65/><G114/><T22/><D74/><U8/><E34/><V121/><F121/><N who="0" m="46090" /><D49/><U75/><E106/><V19/><F131/><W95/><G36/><T7/><D7/><U115/><E115/><V45/><F133/><W43/><G43/><T77/><D77/><U76/><E135/><V48/><F69/><N who="0" m="26122" /><D60/><U81/><E41/><V16/><F1/><W0/><G0/><T27/><D31/><U37/><E108/><V32/><F11/><W2/><G2/><T66/><D66/><U12/><E12/><V38/><F32/><AGARI ba="0,0" hai="22,23,27,28,32,89,94,96" m="26122,46090" machi="32" ten="30,7700,0" yaku="13,1,52,3" doraHai="64" who="0" fromWho="2" sc="220,77,250,0,280,-77,250,0" /><INIT seed="2,0,0,5,4,48" ten="297,250,203,250" oya="2" hai0="50,127,125,121,54,93,123,81,64,31,100,62,99" hai1="16,63,114,109,126,72,80,70,133,65,101,25,67" hai2="98,41,46,21,15,94,49,4,66,61,38,96,28" hai3="129,132,24,79,76,83,82,3,55,37,111,42,102"/><V118/><F118/><W44/><G3/><T108/><D108/><U116/><E116/><V56/><F38/><W45/><G111/><T27/><D81/><U19/><E109/><V128/><F128/><W18/><G129/><T88/><D100/><U104/><E114/><V57/><F57/><W59/><G132/><T112/><D112/><U68/><E133/><V92/><F4/><W134/><G134/><T84/><D99/><U78/><E126/><N who="0" m="48137" /><D62/><U95/><E104/><V10/><F10/><W6/><G6/><T0/><D64/><U120/><E120/><V30/><F15/><W119/><G102/><T58/><D0/><U73/><E73/><V8/><F8/><W51/><G119/><T130/><D130/><U12/><E67/><V97/><REACH who="2" step="1"/><F30/><REACH who="2" ten="297,250,193,250" step="2"/><W113/><G113/><T60/><D60/><U34/><E63/><V103/><F103/><W52/><G79/><T69/><D69/><U33/><E70/><V131/><F131/><W23/><G76/><T39/><D39/><U11/><E101/><V105/><F105/><W14/><G14/><T77/><D77/><U26/><E68/><V107/><F107/><W135/><G135/><T7/><D7/><U5/><E5/><V87/><F87/><W17/><G18/><T9/><D9/><U110/><E110/><V90/><F90/><W122/><G122/><T89/><D89/><U32/><E19/><V71/><F71/><W36/><G37/><T115/><D115/><U53/><E78/><V29/><F29/><W86/><G86/><T117/><D117/><U47/><E11/><V106/><F106/><RYUUKYOKU ba="0,1" sc="297,10,250,-30,193,10,250,10" hai0="27,31,50,54,58,84,88,93,121,123" hai2="21,28,41,46,49,56,61,66,92,94,96,97,98" hai3="17,23,24,36,42,44,45,51,52,55,59,82,83" /><INIT seed="2,1,1,4,5,78" ten="307,220,203,260" oya="2" hai0="102,56,5,135,17,22,91,118,19,59,87,95,126" hai1="50,88,7,6,58,24,0,111,8,132,129,68,35" hai2="31,43,11,60,16,45,61,77,108,89,122,32,67" hai3="26,85,23,55,15,27,40,74,73,2,21,62,131"/><V47/><F122/><W70/><G2/><T128/><D128/><U115/><E68/><V127/><F127/><W103/><G131/><T99/><D126/><U94/><E129/><V1/><F108/><W66/><G40/><T54/><D135/><U18/><E111/><V120/><F120/><W9/><G103/><T63/><D118/><U123/><E132/><V37/><F77/><W29/><G55/><T34/><D34/><U76/><E76/><V81/><F47/><W134/><G85/><T25/><D5/><U65/><E7/><V49/><F37/><W36/><G36/><T69/><D69/><U82/><E82/><V130/><F130/><W83/><G83/><N who="0" m="49663" /><D59/><U30/><E115/><V104/><F104/><W113/><G113/><T44/><D44/><U14/><E123/><V112/><F112/><W110/><G110/><T28/><AGARI ba="1,1" hai="17,19,22,25,28,54,56,63,95,99,102" m="49663" machi="28" ten="30,2000,0" yaku="8,1,52,1" doraHai="78" who="0" fromWho="0" sc="307,33,220,-6,203,-11,260,-6" /><INIT seed="3,0,0,0,5,36" ten="340,214,192,254" oya="3" hai0="42,22,133,44,119,70,118,47,35,40,5,76,17" hai1="27,45,108,94,77,31,20,102,9,127,135,116,81" hai2="120,38,32,15,98,105,14,104,91,87,85,63,51" hai3="73,110,18,26,16,19,61,79,71,48,72,54,107"/><W58/><G107/><T95/><D35/><U121/><E121/><V130/><F120/><W114/><G114/><T13/><D70/><U30/><E108/><V43/><F38/><W92/><G110/><T55/><D133/><U28/><E135/><V39/><F39/><W126/><G126/><T111/><D111/><U96/><E127/><V7/><F32/><W56/><G71/><T101/><D76/><U128/><E128/><V99/><F130/><W100/><G79/><T37/><D55/><U23/><E116/><V29/><F29/><W122/><G122/><T34/><D34/><U74/><E23/><V115/><F115/><W62/><G26/><T11/><D95/><U10/><E45/><V123/><F123/><W78/><G78/><T103/><D119/><U65/><E65/><V33/><F33/><W66/><G48/><T83/><D83/><U12/><E9/><V69/><F7/><AGARI ba="0,0" hai="7,10,12,20,27,28,30,31,74,77,81,94,96,102" machi="7" ten="30,1000,0" yaku="7,1" doraHai="36" who="1" fromWho="2" sc="340,0,214,10,192,-10,254,0" owari="340,44.0,224,-17.6,182,-31.8,254,5.4" /></mjloggm>