<mjloggm ver="2.3"><GO type="225" lobby="0"/><UN n0="%E3%81%AF%E3%82%88%E3%81%8A%E3%81%98%E3%81%95%E3%82%93" n1="%4C%4F%4C%49%54%41" n2="%E7%99%BD%E9%9B%AA%E4%B9%83%E6%84%9B" n3="%73%6C%69%63%6B%33%31%39" dan="17,16,16,16" rate="2149.76,2187.37,2064.79,2117.21" sx="M,F,F,M"/><TAIKYOKU oya="0"/><INIT seed="0,0,0,4,4,117" ten="250,250,250,250" oya="0" hai0="84,30,96,63,0,17,101,35,3,105,65,120,109" hai1="118,97,36,81,56,79,123,71,45,26,6,62,82" hai2="74,94,122,39,70,40,53,125,11,88,60,106,34" hai3="98,77,49,9,37,10,54,93,115,46,80,102,8"/><T14/><D109/><U116/><E71/><V128/><F106/><W72/><REACH who="3" step="1"/><G37/><REACH who="3" ten="250,250,250,240" step="2"/><T113/><D113/><AGARI ba="0,1" hai="8,9,10,46,49,54,72,77,80,93,98,102,113,115" machi="113" ten="40,8000,1" yaku="21,2,2,1,53,1" doraHai="117" doraHaiUra="73" who="3" fromWho="0" sc="250,-80,250,0,250,0,240,90" /><INIT seed="1,0,0,4,2,49" ten="170,250,250,330" oya="1" hai0="125,50,0,14,69,126,87,72,66,81,33,108,26" hai1="13,92,37,79,64,65,78,31,39,132,38,116,124" hai2="47,34,128,95,44,6,82,88,46,41,12,103,96" hai3="68,53,59,93,5,51,76,16,61,48,122,62,112"/><U7/><E116/><V4/><F128/><W90/><G122/><T109/><D0/><U106/><E106/><V83/><F34/><W1/><G112/><T15/><D72/><U43/><E43/><V115/><F115/><W25/><G76/><T2/><D2/><U110/><E132/><V42/><F103/><W127/><G127/><N who="0" m="48651" /><D66/><U84/><E124/><V104/><F104/><W99/><G5/><N who="2" m="2153" /><F12/><N who="0" m="4650" /><D69/><U80/><E78/><V57/><F57/><N who="3" m="34991" /><G1/><T77/><D50/><U10/><E31/><AGARI ba="0,0" hai="26,31,33,77,81,87,108,109" m="4650,48651" machi="31" ten="30,1000,0" yaku="18,1" doraHai="49" who="0" fromWho="1" sc="170,10,250,-10,250,0,330,0" /><INIT seed="2,0,0,5,0,54" ten="180,240,250,330" oya="2" hai0="25,110,107,109,16,82,124,64,49,10,93,20,3" hai1="46,39,84,56,80,114,112,76,5,75,108,34,57" hai2="2,101,103,14,102,115,113,52,96,22,21,63,126" hai3="41,131,98,99,24,91,134,105,81,62,48,32,86"/><V77/><F2/><W68/><G32/><T55/><D107/><U73/><E34/><V18/><F126/><W95/><G105/><T88/><D124/><U30/><E30/><V28/><F77/><W4/><G4/><T19/><D64/><U106/><E106/><V29/><F96/><W133/><G24/><T94/><D3/><U125/><E125/><V120/><F120/><W123/><G123/><T119/><D119/><U36/><E108/><N who="0" m="41577" /><D10/><U50/><E5/><V61/><F61/><W11/><G11/><T74/><D74/><U13/><E13/><V89/><F89/><W1/><G91/><T40/><D40/><U60/><E84/><V83/><F83/><W104/><G86/><N who="0" m="50263" /><D19/><U8/><E8/><N who="2" m="6471" /><F115/><W44/><G104/><T33/><D33/><U38/><E75/><V6/><F6/><W116/><G116/><T9/><D9/><U58/><REACH who="1" step="1"/><E60/><REACH who="1" ten="180,230,250,330" step="2"/><V132/><F113/><W51/><G62/><T53/><D53/><AGARI ba="0,1" hai="36,38,39,46,50,53,56,57,58,73,76,80,112,114" machi="53" ten="50,12000,2" yaku="1,1,2,1,52,3,53,1" doraHai="54" doraHaiUra="79" who="1" fromWho="0" sc="180,-120,230,130,250,0,330,0" /><INIT seed="3,0,0,4,3,5" ten="60,360,250,330" oya="3" hai0="65,69,66,82,61,44,98,93,86,2,11,12,115" hai1="100,77,10,42,75,64,133,52,109,128,112,33,21" hai2="50,107,29,84,40,76,63,39,70,6,130,88,41" hai3="85,8,132,7,89,48,129,58,126,80,72,94,105"/><W97/><G129/><T111/><D111/><U102/><E33/><V15/><F107/><W114/><G114/><T79/><D115/><U35/><E35/><V123/><F39/><W55/><G132/><T124/><D124/><U116/><E112/><V62/><F130/><W78/><G126/><T122/><D122/><U57/><E128/><V4/><F123/><W87/><REACH who="3" step="1"/><G105/><REACH who="3" ten="60,360,250,320" step="2"/><T125/><D125/><U20/><E133/><V38/><F38/><W31/><G31/><T13/><D66/><U118/><E64/><V53/><F29/><W104/><G104/><T90/><D2/><AGARI ba="0,1" hai="2,7,8,48,55,58,72,78,80,85,87,89,94,97" machi="2" ten="30,11600,0" yaku="1,1,7,1,52,1,53,1" doraHai="5" doraHaiUra="1" who="3" fromWho="0" sc="60,-116,360,0,250,0,320,126" owari="-56,-55.6,360,16.0,250,-15.0,446,54.6" /></mjloggm>