<mjloggm ver="2.3"><GO type="225" lobby="0"/><UN n0="%E6%9D%B1%E9%A2%A8%E3%81%AE%E3%81%8D%E3%82%83%E3%81%B7%E3%81%95%E3%82%93" n1="%E3%81%A9%E3%82%8F%E3%82%93%E3%81%94" n2="%E4%BA%95%E5%B8%AF" n3="%E5%A4%9C%E3%81%AE%E3%82%AC%E3%82%B9%E3%83%91%E3%83%BC%E3%83%AB" dan="16,16,16,16" rate="2182.33,2049.78,2043.82,2124.04" sx="M,M,M,M"/><TAIKYOKU oya="0"/><INIT seed="0,0,0,2,1,20" ten="250,250,250,250" oya="0" hai0="73,24,44,125,39,34,47,126,89,14,132,60,32" hai1="107,58,112,104,93,37,4,105,123,116,26,135,95" hai2="127,117,114,0,2,85,121,16,82,1,99,49,134" hai3="55,120,83,92,130,38,54,40,33,56,68,113,109"/><T103/><D73/><U65/><E37/><V52/><F114/><W30/><G113/><T98/><D60/><U124/><E112/><V62/><F121/><W12/><G120/><T46/><D89/><U110/><E123/><V129/><F127/><N who="0" m="48650" /><D14/><U84/><E124/><V78/><F129/><W31/><G68/><T22/><D39/><U74/><E74/><V80/><F134/><W94/><G130/><T66/><D66/><U108/><E65/><V43/><F117/><W11/><G109/><T50/><D50/><U67/><E67/><V77/><F99/><W133/><G133/><T6/><D6/><U17/><E4/><V119/><F119/><W35/><G83/><T61/><D61/><U59/><E135/><V3/><F3/><W100/><G38/><T21/><D132/><U71/><E71/><V75/><F62/><W15/><G56/><T23/><D24/><U19/><E116/><V101/><F101/><W28/><G100/><T8/><D8/><U91/><E110/><V36/><F36/><W131/><G131/><T63/><D63/><U115/><E108/><V76/><F76/><W25/><G25/><T5/><D5/><U10/><E115/><V48/><F48/><W118/><G118/><T90/><D90/><U86/><E91/><V97/><F97/><W9/><G31/><T69/><D69/><U45/><E10/><V87/><F75/><W106/><G40/><T128/><D128/><U70/><E70/><V29/><F43/><W122/><G122/><T42/><D42/><U51/><E51/><V88/><F49/><W64/><G64/><RYUUKYOKU ba="0,0" sc="250,15,250,-15,250,-15,250,15" hai0="21,22,23,32,34,44,46,47,98,103" hai3="9,11,12,15,28,30,33,35,54,55,92,94,106" /><INIT seed="0,1,0,2,5,18" ten="265,235,235,265" oya="0" hai0="69,83,20,120,72,78,81,40,76,71,73,22,29" hai1="9,54,21,64,90,127,51,116,13,66,88,101,131" hai2="98,75,11,25,134,5,100,57,35,12,86,58,92" hai3="122,125,37,70,133,112,113,50,60,55,36,84,41"/><T77/><D120/><U42/><E131/><V45/><F75/><N who="0" m="28746" /><D29/><U85/><E127/><V16/><F134/><W104/><G104/><T118/><D40/><U108/><E108/><V105/><F105/><W24/><G125/><T68/><D118/><U17/><E116/><V80/><F45/><W91/><G133/><T7/><D7/><N who="1" m="3263" /><E42/><V99/><F99/><W74/><G74/><T103/><D103/><U130/><E101/><V34/><F34/><W27/><G122/><T107/><D107/><U2/><E2/><V63/><F35/><W0/><G0/><T124/><D124/><U39/><E39/><V93/><F93/><W48/><G37/><T52/><D52/><U4/><E4/><V19/><F25/><W110/><G110/><T111/><D111/><U30/><E30/><V53/><REACH who="2" step="1"/><F57/><REACH who="2" ten="265,235,225,265" step="2"/><N who="3" m="32999" /><G27/><T32/><D32/><U8/><E130/><V15/><F15/><W26/><G26/><T117/><D117/><U106/><E106/><V87/><F87/><W14/><G14/><T43/><D43/><U46/><E85/><V96/><F96/><W129/><G24/><T38/><D38/><U10/><E90/><AGARI ba="1,1" hai="5,11,12,16,19,53,58,63,80,86,90,92,98,100" machi="90" ten="30,7700,0" yaku="1,1,7,1,8,1,54,1,53,0" doraHai="18" doraHaiUra="62" who="2" fromWho="1" sc="265,0,235,-80,225,90,265,0" /><INIT seed="1,0,0,1,2,97" ten="265,155,315,265" oya="1" hai0="9,55,103,49,26,70,127,51,52,34,37,35,130" hai1="43,15,90,122,29,63,58,134,101,83,82,31,116" hai2="6,46,33,92,61,19,11,111,30,7,69,107,18" hai3="86,115,60,59,3,88,53,93,50,109,75,132,102"/><U1/><E122/><V95/><F111/><W40/><G115/><T27/><D37/><U91/><E116/><V99/><F46/><N who="3" m="25927" /><G75/><T105/><D70/><U77/><E1/><V94/><F7/><W44/><G3/><T21/><D9/><U36/><E134/><V28/><F28/><N who="1" m="10825" /><E43/><V121/><F11/><W25/><G132/><T56/><D130/><U81/><E36/><V72/><F92/><W131/><G109/><T129/><D129/><U66/><E77/><V47/><F61/><W114/><G114/><T118/><D118/><U42/><E42/><V84/><F19/><W78/><G131/><T68/><D68/><U45/><E45/><V12/><F47/><W126/><G126/><T23/><D127/><U112/><E112/><V89/><F69/><W119/><G119/><T20/><D105/><U124/><E124/><V24/><F107/><W76/><G44/><T22/><D22/><U108/><E108/><V38/><F72/><W117/><G117/><T123/><D123/><U98/><E15/><V54/><F38/><W79/><G25/><T65/><D65/><U2/><E2/><V32/><F32/><W120/><G120/><T80/><D21/><U10/><E10/><N who="2" m="6423" /><F121/><W67/><G67/><T71/><D71/><U41/><E41/><V48/><F33/><W106/><G106/><T57/><REACH who="0" step="1"/><D80/><REACH who="0" ten="255,155,315,265" step="2"/><N who="1" m="20483" /><U73/><DORA hai="0" /><E73/><V17/><F95/><AGARI ba="0,1" hai="58,63,66,90,91,95,98,101" m="20483,10825" machi="95" ten="30,2900,0" yaku="8,1,52,1" doraHai="97,0" who="1" fromWho="2" sc="255,0,155,39,315,-29,265,0" /><INIT seed="1,1,0,5,0,46" ten="255,194,286,265" oya="1" hai0="20,83,23,28,110,80,105,24,44,56,0,72,42" hai1="119,55,4,9,18,76,94,73,99,22,58,66,70" hai2="85,31,79,113,133,11,116,21,5,111,100,67,36" hai3="7,40,128,123,108,33,65,61,93,17,30,134,106"/><U8/><E119/><V132/><F116/><W117/><G117/><T122/><D122/><U57/><E70/><V127/><F36/><W43/><G123/><T63/><D105/><U3/><E9/><V71/><F111/><W16/><G106/><T103/><D110/><U120/><E120/><V74/><F74/><W68/><G108/><T25/><D103/><U69/><E69/><V10/><F100/><W35/><G128/><T81/><D0/><U12/><E66/><V112/><F127/><W41/><G134/><N who="2" m="51817" /><F85/><W84/><G7/><T48/><D72/><U109/><E109/><V75/><F79/><W19/><REACH who="3" step="1"/><G30/><REACH who="3" ten="255,194,286,255" step="2"/><T90/><D90/><AGARI ba="1,1" hai="16,17,19,33,35,40,41,43,61,65,68,84,90,93" machi="90" ten="40,5200,0" yaku="1,1,2,1,54,1,53,0" doraHai="46" doraHaiUra="129" who="3" fromWho="0" sc="255,-55,194,0,286,0,255,65" /><INIT seed="2,0,0,3,0,30" ten="200,194,286,320" oya="2" hai0="57,72,113,112,20,125,7,33,70,102,40,49,123" hai1="94,127,52,97,25,17,118,26,4,99,75,83,38" hai2="95,60,93,16,0,28,39,51,53,46,104,128,65" hai3="87,45,129,90,48,55,59,63,126,132,114,37,117"/><V77/><F128/><W32/><G117/><T76/><D70/><U98/><E118/><V122/><F122/><W67/><G32/><T22/><D102/><U82/><E38/><V109/><F104/><W11/><G126/><T130/><D7/><U100/><E127/><V110/><F0/><W108/><G108/><N who="2" m="41577" /><F28/><W133/><G129/><T54/><D125/><U6/><E75/><V62/><F77/><W41/><G11/><T19/><D130/><U101/><E98/><V15/><F39/><W56/><REACH who="3" step="1"/><G114/><REACH who="3" ten="200,194,286,310" step="2"/><T85/><D33/><U111/><E111/><V50/><F50/><W35/><G35/><T23/><D123/><U21/><E6/><V96/><F62/><W92/><AGARI ba="0,1" hai="37,41,45,48,55,56,59,63,67,87,90,92,132,133" machi="92" ten="30,4000,0" yaku="1,1,0,1,53,1" doraHai="30" doraHaiUra="68" who="3" fromWho="3" sc="200,-10,194,-10,286,-20,310,50" /><INIT seed="3,0,0,2,0,55" ten="190,184,266,360" oya="3" hai0="78,57,7,37,26,45,89,91,100,47,106,54,102" hai1="29,39,85,36,14,48,134,9,82,56,77,125,73" hai2="126,113,11,119,8,131,83,135,17,72,129,30,108" hai3="19,4,128,5,132,104,18,124,22,34,25,15,103"/><W12/><G124/><T87/><D106/><U65/><E125/><V3/><F83/><W44/><G44/><N who="0" m="16971" /><D37/><U40/><E73/><V121/><F72/><W97/><G128/><T28/><D7/><U46/><E134/><V31/><F126/><W0/><G132/><T117/><D117/><U116/><E116/><V41/><F41/><W32/><G0/><T63/><D78/><U2/><E2/><V1/><F135/><W53/><G53/><T92/><D91/><U27/><E65/><V52/><F52/><W62/><G62/><T21/><AGARI ba="0,0" hai="21,26,28,54,57,63,87,89,92,100,102" m="16971" machi="21" ten="30,2000,0" yaku="8,1,52,1" doraHai="55" who="0" fromWho="0" sc="190,20,184,-5,266,-5,360,-10" owari="210,-19.0,179,-32.1,261,6.1,350,45.0" /></mjloggm>