<mjloggm ver="2.3"><GO type="225" lobby="0"/><UN n0="%E4%BF%BA%E3%81%A8%E5%A6%96%E5%A4%A2" n1="%E3%81%A1%E3%82%85%E3%81%86%E3%81%A9%E3%81%8F%E8%B1%A1%E3%81%95%E3%82%93" n2="%4E%49%4A%49%49%52%4F" n3="%E3%81%95%E3%81%8D%E3%81%9F%E3%81%BE%E6%9E%97%E6%AA%8E" dan="17,17,16,16" rate="2209.43,2189.65,2196.05,2091.78" sx="F,M,M,M"/><TAIKYOKU oya="0"/><INIT seed="0,0,0,1,0,102" ten="250,250,250,250" oya="0" hai0="71,105,11,22,49,36,78,114,32,82,47,116,45" hai1="65,13,43,125,56,20,90,51,69,63,61,19,44" hai2="3,135,113,83,124,50,84,88,12,57,31,117,112" hai3="60,39,59,34,109,72,40,123,0,52,17,99,55"/><T108/><D114/><U85/><E125/><V62/><F135/><W30/><G109/><T5/><D116/><U68/><REACH who="1" step="1"/><E63/><REACH who="1" ten="250,240,250,250" step="2"/><V9/><F124/><W95/><G60/><T127/><D127/><U58/><E58/><V131/><F117/><W4/><G59/><T38/><D108/><U26/><E26/><V128/><F113/><W110/><G110/><T70/><D70/><U98/><E98/><V120/><F112/><W53/><G99/><T134/><D71/><U75/><E75/><V67/><F120/><W111/><G72/><T21/><D134/><U64/><E64/><V129/><F3/><W92/><G0/><T130/><D130/><U27/><E27/><V54/><F31/><W8/><G30/><T48/><D45/><U100/><E100/><V94/><F67/><W115/><G111/><T23/><D47/><U103/><E103/><V107/><F62/><W86/><G115/><T122/><D122/><U104/><E104/><V118/><F107/><W18/><G123/><T74/><D105/><U2/><E2/><V1/><F1/><W132/><G132/><T28/><D28/><U89/><E89/><V66/><F66/><W42/><G86/><T37/><REACH who="0" step="1"/><D32/><REACH who="0" ten="240,240,250,250" step="2"/><U96/><E96/><V87/><F118/><W81/><G34/><T16/><D16/><U93/><AGARI ba="0,2" hai="13,19,20,43,44,51,56,61,65,68,69,85,90,93" machi="93" ten="20,5200,0" yaku="1,1,0,1,7,1,53,1" doraHai="102" doraHaiUra="80" who="1" fromWho="1" sc="240,-26,240,72,250,-13,250,-13" /><INIT seed="1,0,0,3,1,97" ten="214,312,237,237" oya="1" hai0="43,105,73,131,128,52,119,78,13,79,106,51,44" hai1="108,77,24,80,125,15,23,35,5,127,37,21,42" hai2="91,40,82,19,90,31,41,98,25,22,46,122,34" hai3="36,84,92,134,6,60,62,94,123,33,55,32,38"/><U81/><E108/><V3/><F122/><W103/><G134/><T109/><D119/><U87/><E35/><V58/><F3/><W114/><G114/><T47/><D109/><U88/><E37/><V117/><F117/><W118/><G118/><T29/><D29/><U104/><E42/><V49/><F58/><W129/><G129/><N who="0" m="49739" /><D13/><U71/><E71/><V130/><F130/><W65/><G123/><T10/><D10/><N who="1" m="4559" /><E104/><N who="0" m="40041" /><D73/><U95/><E24/><V96/><F40/><W83/><G6/><T89/><D89/><U50/><E50/><AGARI ba="0,0" hai="43,44,47,50,51,52,78,79" m="40041,49739" machi="50" ten="30,2000,0" yaku="19,1,54,1" doraHai="97" who="0" fromWho="1" sc="214,20,312,-20,237,0,237,0" /><INIT seed="2,0,0,4,3,103" ten="234,292,237,237" oya="2" hai0="2,124,53,49,46,13,75,134,85,97,28,100,18" hai1="126,40,88,105,14,83,65,109,36,63,52,84,127" hai2="87,77,64,120,133,42,51,17,24,54,130,19,41" hai3="121,9,81,102,111,7,6,106,60,38,92,4,21"/><V69/><F120/><W80/><G111/><T5/><D75/><U93/><E109/><V45/><F130/><W1/><G121/><T123/><D123/><U135/><E135/><V131/><F131/><W73/><G38/><T44/><D134/><U95/><E105/><V20/><F133/><W50/><G106/><T3/><D124/><N who="1" m="47659" /><E36/><V108/><F108/><W98/><G1/><T110/><D110/><U82/><E40/><V10/><F69/><W101/><G101/><T12/><D28/><U70/><E14/><N who="2" m="7383" /><F64/><W37/><G37/><T86/><D44/><U129/><E129/><V113/><F113/><W34/><G34/><T29/><D29/><U61/><E82/><AGARI ba="0,0" hai="19,20,24,41,42,45,51,54,77,82,87" m="7383" machi="82" ten="30,1500,0" yaku="8,1" doraHai="103" who="2" fromWho="1" sc="234,0,292,-15,237,15,237,0" /><INIT seed="2,1,0,4,0,45" ten="234,277,252,237" oya="2" hai0="101,30,9,92,44,129,5,114,133,74,130,120,86" hai1="110,87,60,117,70,43,132,1,49,131,53,22,39" hai2="83,79,73,85,116,109,46,13,4,31,52,91,38" hai3="15,78,40,115,26,21,48,84,14,77,51,56,59"/><V54/><F116/><W35/><G35/><T67/><D120/><U123/><E117/><V108/><F31/><W69/><G69/><T65/><D114/><U99/><E1/><V124/><F124/><W25/><G115/><T106/><D74/><U62/><E99/><V24/><F24/><W2/><G2/><T64/><D133/><U61/><E22/><V36/><F4/><W100/><G100/><T33/><D106/><U119/><E87/><V105/><F105/><W37/><G37/><T103/><D30/><U102/><E102/><V126/><F13/><N who="3" m="4619" /><G40/><T16/><D33/><U68/><E119/><V58/><F54/><W29/><G26/><T3/><D16/><U113/><E113/><V42/><F36/><W55/><G84/><T104/><D104/><U81/><E81/><V134/><F134/><W57/><G55/><T112/><D112/><U66/><E132/><V107/><F107/><W27/><G27/><T80/><D101/><U8/><E8/><V20/><F20/><W72/><G72/><T34/><D34/><U82/><E82/><V96/><F96/><W7/><G7/><T97/><REACH who="0" step="1"/><D44/><REACH who="0" ten="224,277,252,237" step="2"/><N who="1" m="23679" /><E123/><V125/><F125/><W50/><AGARI ba="1,1" hai="21,25,29,48,50,51,56,57,59,77,78" m="4619" machi="50" ten="40,8000,1" yaku="8,1,52,3" doraHai="45" who="3" fromWho="3" sc="224,-21,277,-21,252,-41,237,93" /><INIT seed="3,0,0,4,4,129" ten="203,256,211,330" oya="3" hai0="133,60,5,81,50,135,51,102,55,130,52,111,125" hai1="65,126,119,68,56,84,13,54,20,35,121,101,40" hai2="114,11,30,93,109,75,99,95,36,76,27,28,72" hai3="46,37,89,116,53,104,21,79,108,82,8,77,80"/><W112/><G112/><T42/><D5/><U92/><E35/><V94/><F114/><W110/><G116/><T117/><D130/><U67/><E40/><V122/><F122/><W31/><G104/><T16/><D102/><U113/><E113/><V39/><F11/><W1/><G1/><T43/><D81/><U32/><E32/><V48/><F48/><N who="0" m="18474" /><D117/><U134/><E119/><V18/><F99/><W9/><G37/><N who="2" m="14409" /><F76/><W7/><G7/><T131/><D131/><U63/><E126/><V123/><F18/><W22/><G46/><T49/><D125/><U88/><E101/><V47/><F47/><W38/><G38/><T29/><D29/><N who="2" m="11370" /><F27/><W23/><G31/><T64/><D16/><N who="1" m="10255" /><E121/><V103/><F103/><W97/><G97/><T15/><D15/><U34/><E34/><V78/><F78/><W4/><G4/><T96/><D96/><U91/><E91/><V127/><F127/><W26/><G89/><T73/><D73/><N who="2" m="28234" /><F123/><W24/><G79/><T86/><D86/><U128/><E128/><V19/><F19/><W106/><G77/><T41/><D111/><AGARI ba="0,0" hai="93,94,95,109,111" m="28234,11370,14409" machi="111" ten="40,2600,0" yaku="28,2" doraHai="129" who="2" fromWho="0" sc="203,-26,256,0,211,26,330,0" owari="177,-32.3,256,5.6,237,-16.3,330,43.0" /></mjloggm>