<mjloggm ver="2.3"><GO type="225" lobby="0"/><UN n0="%E3%81%AF%E3%82%88%E3%81%8A%E3%81%98%E3%81%95%E3%82%93" n1="%E3%81%AA%E3%81%8C%E3%81%95%E3%82%8F%E3%81%BE%E3%81%95%E3%81%BF" n2="%E3%81%99%E3%81%84%E3%81%BE%E3%81%9B%E3%83%BC%E3%82%93" n3="%73%69%72%6F%75%74" dan="16,16,16,16" rate="2178.87,2111.55,2140.44,2138.75" sx="M,F,M,M"/><TAIKYOKU oya="0"/><INIT seed="0,0,0,1,5,2" ten="250,250,250,250" oya="0" hai0="10,94,37,104,88,98,23,130,48,118,100,106,49" hai1="42,113,52,29,121,13,97,109,108,22,30,85,80" hai2="126,93,41,82,77,1,43,54,4,17,105,20,59" hai3="107,79,21,131,57,6,63,5,27,78,44,101,67"/><T112/><D37/><U90/><E121/><V47/><F105/><W70/><G131/><T50/><D112/><U39/><E113/><V26/><F126/><W122/><G122/><T9/><D118/><U74/><E74/><V73/><F93/><W116/><G116/><T7/><D130/><U103/><E42/><V128/><F128/><W62/><G107/><T119/><D119/><U66/><E66/><V32/><F32/><W86/><G101/><T51/><N who="0" m="12288" /><DORA hai="83" /><T127/><D127/><U68/><E68/><V56/><F54/><W111/><G111/><N who="1" m="42570" /><E52/><V75/><F75/><W15/><G44/><T125/><D125/><U135/><E135/><V87/><F73/><W16/><G70/><T19/><D10/><U40/><E22/><V46/><F46/><W3/><G3/><T72/><D72/><U129/><E13/><V33/><F33/><W58/><G27/><T89/><D106/><N who="1" m="63855" /><E129/><V60/><F60/><W92/><G78/><T28/><D28/><U8/><E8/><V0/><F0/><W117/><G117/><T69/><D69/><U123/><E123/><V81/><F47/><AGARI ba="0,0" hai="29,30,39,40,47,80,85,90" m="63855,42570" machi="47" ten="30,2000,0" yaku="14,1,52,1" doraHai="2,83" who="1" fromWho="2" sc="250,0,250,20,250,-20,250,0" /><INIT seed="1,0,0,5,1,44" ten="250,270,230,250" oya="1" hai0="6,82,58,87,107,38,2,39,72,135,34,130,55" hai1="26,89,109,88,110,54,5,25,83,80,116,7,75" hai2="37,18,111,33,123,22,32,122,92,86,127,31,128" hai3="48,45,60,1,28,117,9,27,134,30,24,115,104"/><U10/><E75/><V121/><F111/><N who="1" m="42505" /><E116/><V29/><F37/><W15/><G104/><T68/><D68/><U79/><E54/><V20/><F92/><W71/><G1/><T51/><D107/><U11/><E26/><N who="3" m="9770" /><G71/><T106/><D106/><U49/><E49/><V105/><F86/><W96/><G134/><T69/><D69/><U23/><E10/><V63/><F63/><W65/><G115/><T17/><D72/><N who="1" m="43111" /><E83/><V93/><F93/><W90/><G117/><T78/><D34/><N who="2" m="13418" /><F105/><W50/><G45/><T73/><D135/><U43/><E43/><V81/><F81/><W95/><G60/><T125/><D73/><U101/><E101/><V108/><F108/><W46/><G65/><T113/><D113/><U3/><E5/><V94/><F94/><W61/><G61/><T112/><D112/><U132/><E132/><V124/><F128/><W64/><G64/><T53/><D130/><U97/><E97/><V98/><F98/><W52/><G48/><T102/><D102/><U41/><E41/><V66/><F66/><W16/><AGARI ba="0,0" hai="9,15,16,28,30,46,50,52,90,95,96" m="9770" machi="16" ten="30,7900,0" yaku="8,1,52,1,54,2" doraHai="44" who="3" fromWho="3" sc="250,-20,270,-39,230,-20,250,79" /><INIT seed="2,0,0,1,5,89" ten="230,231,210,329" oya="2" hai0="84,127,73,21,32,57,86,114,37,11,48,74,72" hai1="42,67,69,94,51,23,54,80,15,76,90,63,22" hai2="122,93,115,64,87,103,17,39,71,77,6,3,61" hai3="55,10,116,123,102,99,88,124,47,125,43,60,81"/><V96/><F115/><W4/><G116/><T98/><D32/><U128/><E42/><V35/><F122/><W25/><G123/><T112/><D37/><U50/><E128/><V118/><F118/><W33/><G33/><T120/><D120/><U91/><E91/><V46/><F35/><W95/><G25/><T16/><D11/><U101/><E101/><V31/><F31/><W56/><G81/><T82/><D127/><N who="3" m="48713" /><G102/><T14/><D86/><U1/><E1/><V70/><F70/><W27/><G27/><T100/><D48/><U45/><E50/><V104/><F17/><W28/><G28/><T131/><D57/><U30/><E15/><V79/><F6/><W8/><G4/><T59/><D59/><U0/><E0/><V85/><F3/><W41/><G41/><T2/><D131/><U65/><E65/><V109/><F109/><W29/><G29/><T119/><D2/><U34/><E30/><V92/><F79/><W107/><G107/><T53/><D53/><U113/><E113/><V75/><F75/><W7/><G7/><T52/><D52/><U36/><E34/><V110/><F110/><W49/><AGARI ba="0,0" hai="8,10,43,47,49,55,56,60,88,95,99" m="48713" machi="49" ten="30,4000,0" yaku="18,1,52,1,54,1" doraHai="89" who="3" fromWho="3" sc="230,-10,231,-10,210,-20,329,40" /><INIT seed="3,0,0,4,1,3" ten="220,221,190,369" oya="3" hai0="100,91,38,76,99,85,92,94,80,45,110,36,77" hai1="53,116,75,26,117,20,40,111,8,19,46,5,9" hai2="44,93,97,130,18,43,1,122,60,12,42,105,66" hai3="103,0,133,69,71,121,21,61,73,28,32,86,6"/><W123/><G73/><T4/><D110/><U48/><E111/><V78/><F130/><W101/><G86/><T67/><D67/><U125/><E75/><V129/><F129/><W34/><G0/><T23/><D4/><U115/><E115/><V30/><F122/><W82/><G6/><T135/><D135/><U83/><E83/><V49/><F1/><W35/><G21/><T98/><D77/><U88/><E88/><V95/><F78/><W2/><G2/><T107/><D45/><N who="1" m="27791" /><E5/><V56/><F30/><W119/><G28/><T128/><D128/><U31/><E19/><V87/><F87/><W57/><G82/><T25/><D107/><U59/><E59/><V81/><F81/><W68/><G133/><T70/><D70/><U64/><E64/><V126/><F126/><W90/><G90/><T72/><D72/><U17/><E17/><AGARI ba="0,0" hai="17,23,25,36,38,76,80,85,91,92,94,98,99,100" machi="17" ten="30,1000,0" yaku="7,1" doraHai="3" who="0" fromWho="1" sc="220,10,221,-10,190,0,369,0" owari="230,3.0,211,-18.9,190,-31.0,369,46.9" /></mjloggm>