<mjloggm ver="2.3"><GO type="225" lobby="0"/><UN n0="%E5%A4%9C%E5%85%89%E5%A4%A9%E6%A5%BC" n1="%E3%81%AF%E3%82%88%E3%81%8A%E3%81%98%E3%81%95%E3%82%93" n2="%2D%E8%B1%8A%E5%8F%A3%E3%82%81%E3%81%90%E3%81%BF%2D" n3="%E5%8D%A0%E3%81%84%E5%B8%AB%E8%A3%8F%E3%81%AA%E3%81%84%E3%81%97" dan="17,17,16,17" rate="2132.77,2184.47,2153.98,2198.37" sx="M,M,F,M"/><TAIKYOKU oya="0"/><INIT seed="0,0,0,3,0,106" ten="250,250,250,250" oya="0" hai0="94,81,31,84,17,12,23,20,123,48,97,110,5" hai1="85,124,7,51,49,68,108,36,35,45,2,90,38" hai2="99,92,41,15,13,58,69,117,126,73,44,111,115" hai3="24,57,135,19,65,80,0,32,104,98,87,93,105"/><T122/><D5/><U71/><E35/><V113/><F69/><W82/><G0/><T4/><D4/><U103/><E108/><V47/><F111/><W70/><G135/><T28/><D110/><U121/><E121/><V83/><F126/><W118/><G118/><T129/><D129/><U119/><E119/><V27/><F117/><W30/><G57/><T96/><D122/><U10/><E124/><V34/><F58/><W64/><G64/><T25/><D123/><U109/><E109/><V3/><F3/><W53/><G53/><T60/><D60/><U63/><E103/><V131/><F131/><W26/><G19/><N who="0" m="12543" /><D48/><U89/><E51/><V78/><F27/><W43/><G43/><T33/><D33/><U50/><E49/><V29/><F29/><N who="0" m="11338" /><D94/><U91/><E85/><V18/><F34/><W62/><G24/><T59/><D59/><U120/><E120/><V6/><F6/><W133/><G133/><T132/><D132/><U114/><E114/><V22/><F15/><W130/><G130/><T125/><D125/><U134/><E134/><V8/><F22/><W56/><G56/><T79/><AGARI ba="0,0" hai="12,17,20,79,81,84,96,97" m="11338,12543" machi="79" ten="30,1500,0" yaku="8,1" doraHai="106" who="0" fromWho="0" sc="250,15,250,-5,250,-5,250,-5" /><INIT seed="0,1,0,4,3,68" ten="265,245,245,245" oya="0" hai0="128,100,42,111,61,51,11,104,120,16,3,6,19" hai1="55,13,33,53,48,27,119,103,57,56,88,7,122" hai2="26,0,125,2,54,64,116,29,123,35,75,22,70" hai3="77,126,44,31,118,32,12,34,5,17,40,97,43"/><T113/><D113/><U132/><E119/><V86/><F75/><W95/><G118/><T14/><D120/><U91/><E122/><V133/><F123/><W50/><G126/><T109/><D128/><U23/><E132/><V131/><F116/><W115/><G115/><T62/><D100/><U58/><E103/><V106/><F125/><W38/><G31/><T87/><D104/><U59/><E53/><V39/><F106/><W9/><G77/><T81/><D51/><U36/><E36/><V18/><F133/><W94/><G94/><T107/><D42/><U93/><E33/><V82/><F39/><W60/><G60/><N who="0" m="23147" /><D3/><U25/><E91/><V37/><F64/><W1/><G50/><T66/><D66/><U46/><N who="1" m="14336" /><DORA hai="114" /><U63/><E63/><V129/><F70/><W4/><G43/><T98/><D98/><U67/><E67/><V90/><F54/><W110/><G110/><N who="0" m="41995" /><D107/><U124/><E124/><V83/><F37/><W15/><G1/><T47/><D47/><U102/><E102/><V52/><F52/><W71/><G71/><T117/><D117/><U78/><E78/><AGARI ba="1,0" hai="6,11,14,16,19,78,81,87" m="41995,23147" machi="78" ten="30,5800,0" yaku="14,1,10,1,54,1" doraHai="68,114" who="0" fromWho="1" sc="265,61,245,-61,245,0,245,0" /><INIT seed="0,2,0,1,2,80" ten="326,184,245,245" oya="0" hai0="62,111,51,104,50,39,103,85,92,108,102,124,70" hai1="73,122,31,110,1,106,128,58,38,35,81,79,101" hai2="43,13,46,9,26,40,119,63,60,123,52,24,41" hai3="30,18,107,120,54,59,33,0,93,71,19,83,95"/><T100/><D39/><U28/><E122/><V129/><F123/><W121/><G107/><T112/><D112/><U127/><E110/><N who="0" m="42025" /><D124/><U5/><E127/><V90/><F129/><W88/><G71/><T69/><D104/><U74/><E128/><V94/><F119/><W7/><G83/><T132/><D132/><U72/><E31/><V34/><F34/><W45/><G45/><T76/><D62/><U4/><E4/><V27/><F46/><W118/><G118/><T57/><D57/><U32/><E58/><N who="2" m="34887" /><F63/><W3/><G59/><T12/><D12/><U23/><E23/><V49/><F49/><N who="0" m="18442" /><D76/><U6/><E6/><N who="2" m="3255" /><F40/><W91/><G7/><T15/><D15/><U20/><E20/><V135/><F135/><W8/><G33/><N who="1" m="12874" /><E28/><V61/><F61/><W42/><G30/><T10/><D10/><N who="1" m="2351" /><E38/><V134/><F134/><W47/><G8/><T89/><AGARI ba="2,0" hai="69,70,85,89,92,100,102,103" m="18442,42025" machi="89" ten="40,7800,0" yaku="14,1,10,1,52,1" doraHai="80" who="0" fromWho="0" sc="326,84,184,-28,245,-28,245,-28" /><INIT seed="0,3,0,5,2,41" ten="410,156,217,217" oya="0" hai0="126,122,134,123,119,102,128,64,76,2,33,62,113" hai1="44,58,93,88,77,11,47,130,20,18,13,71,59" hai2="16,60,120,95,9,7,81,23,92,49,80,103,26" hai3="54,66,106,112,12,10,30,91,72,19,63,109,105"/><T99/><D76/><U32/><E71/><V89/><F120/><W14/><G112/><T40/><D113/><U82/><E32/><V36/><F36/><W100/><G109/><T111/><D119/><U107/><E107/><V50/><F60/><W38/><G72/><T108/><D2/><U51/><E130/><V52/><F50/><W116/><G116/><T0/><D0/><U39/><E39/><V101/><F9/><W65/><G30/><T69/><D128/><U133/><E133/><V135/><F7/><W35/><G35/><T86/><D33/><U24/><E82/><N who="2" m="31851" /><F135/><W4/><G100/><N who="2" m="38473" /><F89/><W118/><G91/><T94/><D134/><U87/><E77/><V1/><F1/><W115/><G118/><T124/><D40/><U129/><E129/><V55/><F55/><W96/><G38/><T79/><D123/><U22/><E22/><V117/><F117/><W85/><G115/><T83/><D122/><U28/><E47/><AGARI ba="3,0" hai="16,23,26,47,49,52,92,95" m="38473,31851" machi="47" ten="30,7700,0" yaku="8,1,52,1,54,2" doraHai="41" who="2" fromWho="1" sc="410,0,156,-86,217,86,217,0" /><INIT seed="1,0,0,2,0,67" ten="410,70,303,217" oya="1" hai0="43,103,107,81,15,10,112,101,97,2,22,34,89" hai1="19,36,50,126,59,133,116,8,31,52,127,70,102" hai2="85,29,129,20,80,39,9,42,44,23,4,53,114" hai3="74,49,46,83,17,109,106,11,113,66,37,13,98"/><U72/><E72/><V75/><F129/><W128/><G113/><T122/><D112/><U54/><E116/><V123/><F114/><W124/><G128/><T61/><D34/><U120/><E120/><V93/><F123/><W64/><G109/><T135/><D2/><U26/><E36/><V111/><F111/><W69/><G37/><T104/><D43/><U27/><E102/><V51/><F93/><W33/><G33/><T62/><D22/><U121/><E121/><V30/><F30/><W57/><G69/><T90/><D135/><U105/><E105/><V5/><F29/><W115/><G124/><N who="1" m="47658" /><E133/><V60/><F60/><W134/><G134/><T3/><D104/><U125/><N who="1" m="47666" /><U47/><DORA hai="68" /><E70/><V24/><F24/><N who="1" m="9257" /><E31/><V92/><F92/><W41/><G115/><T73/><D107/><U110/><E110/><V100/><F100/><W0/><G106/><T79/><D101/><U91/><E91/><V131/><F131/><W25/><G74/><T71/><D90/><U48/><E8/><V16/><F75/><W45/><G11/><T56/><D10/><U38/><E19/><V87/><F16/><W6/><G17/><T76/><D89/><U12/><E12/><V94/><F9/><W35/><G13/><T28/><D73/><U130/><E130/><V99/><F39/><W88/><G35/><T77/><D103/><U84/><E38/><V7/><F20/><W18/><G18/><T1/><D15/><U40/><E84/><V14/><F23/><W96/><G88/><T82/><D122/><U117/><E117/><V132/><F132/><RYUUKYOKU ba="0,0" sc="410,-10,70,30,303,-10,217,-10" hai1="40,47,48,50,52,54,59" /><INIT seed="1,1,0,1,5,19" ten="400,100,293,207" oya="1" hai0="80,96,113,76,36,67,49,135,39,128,83,60,123" hai1="97,103,115,131,112,70,72,13,26,127,82,37,86" hai2="109,100,54,3,129,17,42,55,133,116,51,30,47" hai3="114,14,48,68,75,124,46,18,33,11,101,102,35"/><U7/><E72/><V58/><F116/><W22/><G114/><T108/><D113/><U125/><E37/><V74/><F3/><W91/><G68/><T121/><D108/><U81/><E70/><V107/><F74/><W38/><G38/><T93/><D128/><U77/><E81/><N who="0" m="31305" /><D49/><U20/><E131/><V59/><F30/><W87/><G75/><T120/><D76/><U130/><E130/><V34/><F34/><W2/><G124/><N who="1" m="47690" /><E13/><V98/><F129/><W69/><G69/><N who="0" m="42215" /><D135/><U9/><E9/><V12/><F109/><W117/><G117/><T89/><AGARI ba="1,0" hai="36,39,89,93,96,120,121,123" m="42215,31305" machi="89" ten="40,1500,0" yaku="13,1" doraHai="19" who="0" fromWho="0" sc="400,18,100,-8,293,-5,207,-5" /><INIT seed="2,0,0,1,2,82" ten="418,92,288,202" oya="2" hai0="51,3,94,49,18,125,42,99,124,123,2,98,38" hai1="60,107,50,97,1,95,112,77,62,106,120,72,40" hai2="115,64,46,121,65,44,126,10,13,52,113,130,15" hai3="132,116,17,103,76,58,131,28,35,22,90,68,12"/><V117/><F117/><W86/><G116/><T26/><D123/><U100/><E1/><V30/><F121/><W34/><G68/><T55/><D38/><U59/><E120/><V5/><F126/><N who="0" m="48746" /><D42/><U83/><E112/><V63/><F130/><W111/><G131/><T0/><D99/><U23/><E60/><V93/><F30/><W79/><G111/><T122/><D122/><U119/><E119/><V85/><F115/><W96/><G132/><T47/><D49/><U81/><E83/><V11/><F113/><W43/><G43/><T56/><D18/><U36/><E36/><V66/><F93/><N who="3" m="54487" /><G28/><T8/><D26/><U54/><E23/><V31/><F85/><W24/><G24/><T4/><D56/><U80/><E81/><V89/><F89/><AGARI ba="0,0" hai="0,2,3,4,8,47,51,55,89,94,98" m="48746" machi="89" ten="30,1000,0" yaku="18,1" doraHai="82" who="0" fromWho="2" sc="418,10,92,0,288,-10,202,0" /><INIT seed="3,0,0,3,5,97" ten="428,92,278,202" oya="3" hai0="10,81,78,70,118,2,79,60,0,17,47,57,41" hai1="100,37,111,80,105,7,76,117,126,130,33,82,20" hai2="48,120,27,113,129,31,35,16,54,3,98,134,34" hai3="86,36,39,23,95,90,64,58,8,101,115,107,32"/><W29/><G115/><T24/><D70/><U61/><E33/><V125/><F113/><W68/><G23/><T84/><D79/><U72/><E37/><V52/><F3/><W45/><G58/><T92/><D92/><U109/><E7/><V19/><F35/><W124/><G45/><T43/><D43/><U91/><E20/><V40/><F40/><W104/><G104/><T94/><D94/><U67/><E61/><V83/><F125/><W21/><G21/><T103/><D103/><U108/><E67/><V96/><F134/><W18/><G18/><T22/><D10/><U71/><E71/><V56/><F129/><W46/><G46/><T6/><D118/><U12/><E12/><V15/><F120/><W122/><G8/><T14/><D14/><U5/><E5/><V110/><F110/><W132/><G132/><T127/><D127/><U119/><E126/><V123/><F123/><W75/><G122/><T65/><D6/><U26/><E26/><V4/><F4/><W59/><G124/><T133/><D133/><U74/><E130/><V1/><F1/><W87/><G68/><T106/><D106/><U9/><E9/><V66/><F19/><W13/><G39/><AGARI ba="0,0" hai="0,2,17,22,24,39,41,47,57,60,65,78,81,84" machi="39" ten="30,1000,0" yaku="7,1" doraHai="97" who="0" fromWho="3" sc="428,10,92,0,278,0,202,-10" owari="438,53.8,92,-40.8,278,7.8,192,-20.8" /></mjloggm>