<mjloggm ver="2.3"><GO type="225" lobby="0"/><UN n0="%6D%75%75%6D%75%72%61" n1="%E9%80%9F%E6%B0%B4%E5%87%9B%E9%A6%99" n2="%72%65%6E%6B%75%6E" n3="%E3%81%A1%E3%82%85%E3%81%86%E3%81%A9%E3%81%8F%E8%B1%A1%E3%81%95%E3%82%93" dan="17,16,17,17" rate="2193.69,2117.63,2259.44,2129.13" sx="F,F,M,M"/><TAIKYOKU oya="0"/><INIT seed="0,0,0,1,2,130" ten="250,250,250,250" oya="0" hai0="64,77,84,135,45,110,97,28,49,134,103,46,53" hai1="18,65,126,96,112,60,87,21,37,122,22,120,99" hai2="83,54,118,57,51,92,91,80,3,114,19,20,95" hai3="111,12,72,7,2,128,107,113,71,1,109,33,127"/><T76/><D110/><U48/><E37/><V88/><F114/><W85/><G85/><T74/><D74/><U102/><E126/><V59/><F3/><W25/><G25/><T4/><D64/><U105/><E112/><V52/><F118/><W8/><G8/><T124/><D124/><U69/><E22/><V0/><F0/><W79/><G12/><T129/><D129/><U10/><E10/><V39/><F39/><W11/><G79/><T90/><D4/><U104/><E104/><V58/><F58/><W30/><G30/><T47/><D28/><U89/><E48/><N who="2" m="30919" /><F95/><W75/><G11/><T15/><D15/><U35/><E99/><N who="2" m="57735" /><F91/><W116/><G7/><T106/><D76/><U43/><E43/><V31/><F31/><W41/><G41/><T32/><D77/><U101/><E101/><V56/><F59/><W81/><G81/><N who="0" m="49423" /><D32/><U132/><E35/><V125/><F125/><W40/><G40/><T98/><D98/><U13/><E122/><V16/><F19/><W123/><G1/><T133/><AGARI ba="0,0" hai="45,46,47,49,53,97,103,106,133,134,135" m="49423" machi="133" ten="30,11700,0" yaku="20,1,52,3" doraHai="130" who="0" fromWho="0" sc="250,117,250,-39,250,-39,250,-39" /><INIT seed="0,1,0,5,4,119" ten="367,211,211,211" oya="0" hai0="63,89,14,53,87,50,46,129,11,75,38,135,59" hai1="23,70,4,8,12,48,51,0,36,126,76,124,6" hai2="111,127,40,84,25,57,9,86,49,92,69,100,105" hai3="58,132,77,71,31,79,29,130,22,95,24,62,3"/><T21/><D129/><U118/><E70/><V109/><F69/><W13/><G3/><T39/><D135/><U82/><E36/><V56/><F127/><N who="1" m="48681" /><E118/><V73/><F73/><W113/><G113/><T93/><D75/><U99/><E99/><N who="2" m="59495" /><F105/><W33/><G71/><T37/><D21/><U125/><N who="1" m="48689" /><U115/><DORA hai="26" /><E115/><V5/><F25/><W43/><G132/><T20/><D20/><U72/><E6/><V18/><F18/><AGARI ba="1,0" hai="0,4,8,12,18,23,48,51,72,76,82" m="48689" machi="18" ten="40,1300,0" yaku="18,1" doraHai="119,26" who="1" fromWho="2" sc="367,0,211,16,211,-16,211,0" /><INIT seed="1,0,0,1,3,115" ten="367,227,195,211" oya="1" hai0="26,4,79,49,44,30,7,75,106,129,126,109,82" hai1="125,42,6,77,52,0,58,60,55,62,66,25,85" hai2="132,133,34,72,64,8,100,124,53,37,24,54,128" hai3="111,15,87,104,96,39,56,130,10,48,17,14,102"/><U134/><E134/><N who="2" m="51819" /><F72/><W78/><G111/><T122/><D109/><U5/><E125/><V88/><F100/><W89/><G130/><T86/><D129/><U36/><E36/><V93/><F128/><W114/><G114/><T91/><D126/><U108/><E108/><V19/><F124/><W68/><G68/><T65/><D106/><U117/><E117/><V46/><F64/><W27/><G39/><T35/><D122/><U127/><E127/><V63/><F63/><W11/><G27/><T51/><D65/><U47/><E0/><V135/><N who="2" m="51827" /><V16/><DORA hai="28" /><F8/><W32/><G78/><T38/><D38/><U76/><E42/><N who="2" m="22863" /><F34/><W43/><G32/><T97/><D51/><U90/><E25/><V118/><F118/><W21/><G14/><T105/><D105/><U59/><E47/><V50/><F24/><W80/><REACH who="3" step="1"/><G43/><REACH who="3" ten="367,227,195,201" step="2"/><T2/><D2/><U67/><E67/><V116/><F116/><W110/><G110/><T33/><D33/><U9/><E66/><V70/><F70/><W95/><G95/><T31/><D35/><U94/><E9/><V1/><F1/><W29/><G29/><T84/><D26/><U13/><E13/><V131/><F131/><W101/><G101/><T112/><D112/><U92/><E92/><V23/><F23/><W123/><G123/><T45/><D75/><U22/><E22/><V18/><F50/><W20/><G20/><T98/><D49/><U12/><E12/><V71/><F71/><W69/><G69/><T99/><D79/><AGARI ba="0,1" hai="5,6,52,55,58,59,60,62,76,77,79,85,90,94" machi="79" ten="40,7700,0" yaku="9,1,8,1,54,1" doraHai="115,28" who="1" fromWho="0" sc="367,-77,227,87,195,0,201,0" /><INIT seed="1,1,0,5,2,109" ten="290,314,195,201" oya="1" hai0="101,59,133,45,64,38,129,4,112,96,7,47,9" hai1="50,35,25,97,123,1,110,83,60,22,12,89,122" hai2="6,51,127,73,87,19,75,44,26,0,118,82,78" hai3="126,5,102,33,23,125,29,85,84,52,132,30,76"/><U72/><E1/><V62/><F118/><W135/><G5/><T13/><D129/><U77/><E35/><V81/><F127/><N who="3" m="48651" /><G102/><T92/><D133/><N who="3" m="51273" /><G33/><T32/><D32/><U24/><E110/><V63/><F6/><W14/><G52/><T42/><D112/><U69/><E12/><V20/><F0/><W86/><G76/><T10/><D47/><U124/><E124/><V16/><F19/><AGARI ba="1,0" hai="14,19,23,29,30,84,85,86" m="51273,48651" machi="19" ten="40,2600,0" yaku="18,1,20,1" doraHai="109" who="3" fromWho="2" sc="290,0,314,0,195,-29,201,29" /><INIT seed="2,0,0,5,3,84" ten="290,314,166,230" oya="2" hai0="95,93,90,69,20,8,127,53,49,114,72,0,79" hai1="113,31,10,65,36,52,42,12,37,88,34,112,125" hai2="92,58,129,119,46,40,91,64,121,110,99,59,50" hai3="115,107,19,132,128,123,2,87,106,89,122,23,44"/><V60/><F119/><W104/><G2/><T74/><D114/><U130/><E130/><V55/><F129/><W71/><G128/><T43/><D127/><U78/><E78/><V126/><F126/><W77/><G71/><T29/><D69/><U27/><E125/><V75/><F75/><W18/><G115/><T35/><D35/><U100/><E100/><V41/><F121/><W97/><G132/><T16/><D43/><U54/><E65/><V98/><F110/><W26/><G44/><T33/><D33/><U21/><E34/><V57/><REACH who="2" step="1"/><F99/><REACH who="2" ten="290,314,156,230" step="2"/><W32/><G97/><T111/><D111/><U101/><E113/><V7/><F7/><W25/><G77/><T51/><D79/><U120/><E112/><V94/><F94/><W62/><G107/><T133/><D93/><U134/><E120/><V22/><F22/><W83/><G106/><T68/><D95/><U24/><E134/><V61/><F61/><W28/><G104/><T105/><D133/><U38/><E21/><V116/><F116/><W3/><G62/><T56/><D105/><U80/><E101/><V39/><F39/><W82/><G82/><T67/><D20/><U17/><E37/><V131/><F131/><W108/><G108/><T15/><D74/><U96/><E36/><V70/><AGARI ba="0,1" hai="40,41,46,50,55,57,58,59,60,64,70,91,92,98" machi="70" ten="30,11700,0" yaku="1,1,0,1,52,1,53,1" doraHai="84" doraHaiUra="66" who="2" fromWho="2" sc="290,-39,314,-39,156,127,230,-39" /><INIT seed="2,1,0,1,0,8" ten="251,275,283,191" oya="2" hai0="25,103,107,116,119,37,125,13,133,11,78,51,49" hai1="21,114,129,50,44,112,22,64,32,81,86,7,102" hai2="43,80,41,100,96,14,39,2,48,57,134,128,47" hai3="99,69,88,83,4,104,92,36,95,61,35,93,30"/><V74/><F2/><W115/><G36/><T31/><D37/><U27/><E129/><V68/><F68/><W98/><G115/><T55/><D125/><U9/><E102/><V77/><F128/><W16/><G4/><T26/><D78/><U19/><E64/><V135/><F43/><W58/><G69/><T109/><D109/><U113/><E32/><V65/><F14/><W123/><G123/><T85/><D133/><U60/><E60/><V59/><F39/><W124/><G124/><T91/><D103/><U3/><E22/><V70/><F70/><W72/><G35/><T108/><D107/><U67/><E67/><V79/><F77/><W101/><G30/><T40/><D40/><U12/><E3/><V20/><F20/><W127/><G127/><T33/><D108/><U84/><REACH who="1" step="1"/><E81/><REACH who="1" ten="251,265,283,191" step="2"/><V53/><F65/><W5/><G101/><T132/><D33/><U38/><E38/><V130/><F130/><W56/><G61/><T18/><D132/><N who="2" m="50730" /><F41/><AGARI ba="1,1" hai="7,9,12,19,21,27,41,44,50,84,86,112,113,114" machi="41" ten="40,5200,0" yaku="1,1,52,1,53,1" doraHai="8" doraHaiUra="0" who="1" fromWho="2" sc="251,0,265,65,283,-55,191,0" /><INIT seed="3,0,0,1,4,126" ten="251,330,228,191" oya="3" hai0="9,23,19,130,84,58,81,115,122,38,36,118,88" hai1="74,0,46,26,65,25,30,15,43,125,48,101,28" hai2="117,12,87,82,64,112,106,83,47,93,39,32,89" hai3="45,78,17,109,44,33,3,129,1,52,91,76,113"/><W54/><BYE who="0" /><G113/><T123/><D123/><U60/><E0/><V27/><F106/><W105/><G105/><T59/><D59/><N who="1" m="37023" /><E74/><UN n0="%6D%75%75%6D%75%72%61" /><V128/><F112/><W132/><G33/><T61/><D115/><U73/><E73/><V34/><F117/><W85/><G132/><T104/><D118/><U77/><E77/><N who="3" m="29802" /><G17/><T37/><D122/><U11/><E101/><V134/><F134/><W10/><G10/><T75/><D75/><U49/><E49/><V121/><F121/><W51/><G1/><T40/><D9/><U133/><E133/><V90/><F34/><W102/><G3/><T16/><D104/><U107/><E125/><V69/><F128/><W29/><G102/><T7/><D130/><U79/><E79/><V41/><F90/><W80/><G129/><T71/><D71/><U20/><E20/><V70/><F70/><W31/><G109/><T103/><D7/><N who="1" m="3583" /><E107/><V67/><F69/><W6/><G6/><T124/><D124/><U127/><E127/><V18/><F32/><W96/><G96/><T68/><D68/><U2/><E2/><V135/><F135/><W4/><G4/><T42/><D103/><U66/><E66/><V94/><F67/><W21/><G21/><T24/><REACH who="0" step="1"/><D19/><REACH who="0" ten="241,330,228,191" step="2"/><U131/><E131/><V72/><F72/><W97/><G97/><T92/><D92/><U35/><E35/><V114/><F94/><W86/><G86/><T14/><D14/><U50/><E28/><V53/><F114/><W111/><G111/><T119/><D119/><U8/><E30/><V57/><F93/><W22/><G22/><T63/><D63/><RYUUKYOKU ba="0,1" sc="241,15,330,-15,228,-15,191,15" hai0="16,23,24,36,37,38,40,42,58,61,81,84,88" hai3="29,31,44,45,51,52,54,80,85,91" /><INIT seed="3,1,1,5,2,0" ten="256,315,213,206" oya="3" hai0="53,130,18,55,117,34,5,2,45,125,52,17,8" hai1="104,51,69,122,50,11,16,37,57,127,98,111,9" hai2="19,72,40,43,84,23,20,105,1,63,79,107,93" hai3="118,65,97,78,128,6,54,109,33,73,134,81,62"/><W119/><G128/><T83/><D117/><U123/><E69/><V70/><F1/><W64/><G134/><T38/><D130/><U103/><E37/><V85/><F72/><W116/><G33/><T29/><D125/><U133/><E127/><V39/><F39/><W25/><G109/><T21/><D34/><U92/><E111/><V13/><F105/><W68/><G64/><T10/><D83/><U100/><E133/><V87/><F107/><W112/><G112/><T44/><D29/><U46/><E104/><V59/><F70/><W132/><G132/><T58/><D10/><U32/><E32/><V113/><F113/><W124/><G124/><T121/><D121/><U114/><E114/><V101/><F23/><W60/><G25/><T3/><D44/><U115/><E115/><V47/><F47/><W30/><G30/><T129/><D3/><U94/><E57/><V86/><F79/><W42/><G42/><T95/><D18/><U35/><E35/><V66/><N who="2" m="21504" /><DORA hai="61" /><V36/><F36/><W135/><G135/><T74/><D74/><U88/><E16/><V31/><F31/><W27/><G27/><T71/><D71/><U102/><E46/><V28/><F28/><W126/><G126/><T131/><D45/><U4/><E9/><V77/><F77/><W120/><G120/><T96/><D38/><U90/><E123/><V82/><F82/><W99/><REACH who="3" step="1"/><G6/><REACH who="3" ten="256,315,213,196" step="2"/><T24/><REACH who="0" step="1"/><D58/><AGARI ba="1,2" hai="54,58,60,62,65,68,73,78,81,97,99,116,118,119" machi="58" ten="40,7700,0" yaku="1,1,2,1,52,1,53,0" doraHai="0,61" doraHaiUra="22,15" who="3" fromWho="0" sc="256,-80,315,0,213,0,196,100" /><INIT seed="3,2,0,3,2,111" ten="176,315,213,296" oya="3" hai0="102,36,69,120,26,107,44,22,43,62,60,74,66" hai1="91,23,59,130,126,132,9,24,17,57,85,88,79" hai2="84,124,49,12,117,54,32,2,99,1,92,48,3" hai3="65,25,128,133,95,87,72,63,83,103,38,80,14"/><W37/><G133/><T125/><D120/><U75/><E75/><V18/><F117/><W31/><G128/><T98/><D74/><U112/><E112/><V82/><F32/><W8/><G72/><T127/><REACH who="0" step="1"/><D62/><REACH who="0" ten="166,315,213,296" step="2"/><U52/><E132/><V116/><F116/><W97/><G83/><T58/><D58/><U86/><E130/><V39/><F124/><W110/><G110/><T40/><D40/><U131/><E126/><V41/><F41/><W100/><G100/><T76/><D76/><U71/><E131/><V104/><F104/><W73/><G73/><T119/><D119/><U0/><E79/><V56/><F39/><W93/><G37/><T94/><D94/><U33/><E57/><V15/><F48/><W64/><G38/><T4/><D4/><U78/><E78/><V96/><F92/><W89/><G95/><T29/><AGARI ba="2,1" hai="22,26,29,36,43,44,60,66,69,98,102,107,125,127" machi="29" ten="30,2000,0" yaku="1,1,0,1,53,0" doraHai="111" doraHaiUra="46" who="0" fromWho="0" sc="166,36,315,-7,213,-7,296,-12" owari="202,-29.8,308,40.8,206,-19.4,284,8.4" /></mjloggm>