<mjloggm ver="2.3"><GO type="225" lobby="0"/><UN n0="%E3%81%BF%E3%81%BF%E3%81%9A" n1="%E6%AB%BB%E4%BA%95%E5%A5%8F" n2="%E3%82%BC%E3%83%AB%E3%83%80%E3%81%AE%E4%BC%9D%E8%AA%AC" n3="%E3%81%82%E3%81%99%E3%81%AB%E3%82%83%E3%82%80" dan="16,17,17,16" rate="2153.15,2202.57,2251.16,2116.61" sx="M,M,M,F"/><TAIKYOKU oya="0"/><INIT seed="0,0,0,4,2,25" ten="250,250,250,250" oya="0" hai0="27,60,52,116,82,15,129,80,109,48,53,131,93" hai1="84,10,12,89,41,50,56,128,72,78,69,57,30" hai2="71,107,22,75,58,45,47,98,92,79,8,105,34" hai3="68,70,63,104,122,118,55,9,26,91,111,3,21"/><T125/><D116/><U108/><E69/><V120/><F34/><W54/><G104/><T65/><D125/><U77/><E108/><V19/><F71/><W115/><G118/><T0/><D0/><U106/><E106/><V29/><F120/><W35/><G35/><T17/><D109/><U1/><E1/><V101/><F107/><W2/><G115/><T124/><D93/><U86/><E128/><N who="0" m="49225" /><D124/><U88/><E72/><V49/><F105/><W4/><G2/><T20/><D15/><U133/><E133/><V62/><F79/><N who="1" m="30217" /><E30/><V37/><F37/><W110/><G122/><T11/><D11/><U66/><E66/><N who="2" m="39255" /><F75/><W42/><G91/><N who="1" m="34890" /><E41/><V102/><F102/><W117/><G42/><T95/><D95/><U28/><E28/><V85/><F85/><N who="1" m="32873" /><E50/><V97/><F49/><W23/><G110/><T18/><D18/><AGARI ba="0,0" hai="10,12,18,56,57" m="32873,34890,30217" machi="18" ten="30,2000,0" yaku="8,1,54,1" doraHai="25" who="1" fromWho="0" sc="250,-20,250,20,250,0,250,0" /><INIT seed="1,0,0,2,5,132" ten="230,270,250,250" oya="1" hai0="19,118,101,114,104,71,129,70,91,90,37,120,81" hai1="75,69,102,57,64,47,85,28,38,9,103,77,1" hai2="46,17,80,7,128,43,30,34,86,36,51,52,115" hai3="84,74,42,122,92,67,126,39,40,41,123,134,11"/><U0/><E69/><V59/><F128/><W117/><G74/><T6/><D114/><U16/><E28/><V31/><F115/><W98/><G134/><T5/><D118/><U133/><E133/><V100/><F34/><W130/><G130/><T27/><D37/><U99/><E75/><V21/><F7/><W23/><G39/><T58/><D129/><U94/><E103/><V3/><F3/><W63/><G84/><T65/><D120/><U33/><E33/><V2/><F2/><W68/><G117/><T44/><D44/><U56/><E1/><V53/><F53/><W45/><G45/><T62/><D104/><U12/><E0/><V72/><F100/><W76/><G76/><T4/><D101/><U35/><E35/><V61/><F36/><W105/><G105/><T24/><D71/><U54/><E64/><V29/><F72/><W121/><G11/><T106/><D106/><U66/><E66/><V82/><REACH who="2" step="1"/><F86/><REACH who="2" ten="230,270,240,250" step="2"/><W13/><G122/><T127/><D5/><U48/><E38/><V55/><F55/><W97/><G121/><T93/><D4/><U83/><AGARI ba="0,1" hai="9,12,16,47,48,54,56,57,77,83,85,94,99,102" machi="83" ten="30,6000,0" yaku="0,1,8,1,54,1" doraHai="132" who="1" fromWho="1" sc="230,-20,270,70,240,-20,250,-20" /><INIT seed="1,1,0,1,3,50" ten="210,340,220,230" oya="1" hai0="68,53,109,126,75,90,64,1,7,116,2,43,134" hai1="39,46,35,114,85,108,57,45,124,105,54,60,129" hai2="110,27,21,31,5,125,14,25,86,77,130,70,76" hai3="61,17,58,133,95,32,12,59,16,81,97,38,36"/><U93/><E114/><V117/><F70/><W49/><G32/><T18/><D116/><U20/><E35/><V15/><F117/><W98/><G133/><T67/><D134/><U115/><E115/><V96/><F110/><W51/><G81/><T132/><D109/><U71/><E105/><V122/><F122/><W22/><G95/><T80/><D132/><U40/><E108/><V104/><F125/><W0/><G12/><T10/><D126/><U3/><E3/><V131/><F27/><W66/><G22/><T88/><D43/><U47/><E129/><N who="2" m="49163" /><F86/><W52/><G61/><T44/><D1/><U135/><E135/><V99/><F15/><W23/><G23/><T8/><D68/><U33/><E33/><V37/><F37/><W101/><G0/><T100/><D100/><U119/><E119/><V41/><F41/><W24/><G101/><T29/><D29/><U82/><E124/><V34/><F104/><W83/><G83/><T87/><D75/><U30/><E71/><V19/><F5/><W92/><G92/><T106/><D106/><U112/><E112/><V111/><F111/><W62/><G24/><T13/><D90/><U89/><REACH who="1" step="1"/><E93/><REACH who="1" ten="210,330,220,230" step="2"/><V28/><F28/><W123/><G123/><T127/><D127/><U26/><AGARI ba="1,1" hai="20,26,30,39,40,45,46,47,54,57,60,82,85,89" machi="26" ten="30,11700,0" yaku="1,1,2,1,0,1,52,1,53,0" doraHai="50" doraHaiUra="120" who="1" fromWho="1" sc="210,-40,330,130,220,-40,230,-40" /><INIT seed="1,2,0,2,2,32" ten="170,460,180,190" oya="1" hai0="82,54,113,120,49,63,23,77,28,78,94,9,131" hai1="88,35,48,2,39,118,134,42,17,121,122,19,74" hai2="33,95,56,44,38,65,115,84,66,110,29,75,43" hai3="47,129,76,13,97,31,26,57,117,37,46,22,68"/><U108/><E35/><V15/><F75/><W92/><G68/><T24/><D113/><U52/><E2/><V127/><F115/><W128/><G117/><T133/><D131/><N who="3" m="50249" /><G76/><T93/><D133/><U64/><E74/><V25/><F110/><W53/><G13/><T10/><D120/><U89/><E118/><V51/><F127/><W86/><G86/><N who="0" m="48463" /><D78/><U5/><E134/><V30/><F30/><W101/><G37/><T91/><D63/><AGARI ba="2,0" hai="22,26,31,46,47,53,57,63,92,97,101" m="50249" machi="63" ten="30,1000,0" yaku="19,1" doraHai="32" who="3" fromWho="0" sc="170,-16,460,0,180,0,190,16" /><INIT seed="2,0,0,3,5,79" ten="154,460,180,206" oya="2" hai0="124,127,62,121,3,51,9,7,25,99,106,19,84" hai1="41,69,8,129,1,123,85,118,131,48,65,97,74" hai2="63,11,93,77,67,37,56,59,81,18,107,13,72" hai3="39,82,113,35,95,122,50,15,64,104,116,4,86"/><V105/><F37/><W75/><G39/><T89/><D121/><U55/><E74/><V57/><REACH who="2" step="1"/><F93/><REACH who="2" ten="154,460,170,206" step="2"/><W49/><G95/><T73/><D106/><AGARI ba="0,1" hai="11,13,18,56,57,59,63,67,72,77,81,105,106,107" machi="106" ten="40,7700,0" yaku="1,1,2,1,52,1,53,0" doraHai="79" doraHaiUra="36" who="2" fromWho="0" sc="154,-77,460,0,170,87,206,0" /><INIT seed="2,1,0,3,1,76" ten="77,460,257,206" oya="2" hai0="126,21,67,128,113,118,20,106,77,68,122,26,95" hai1="129,12,73,133,19,92,36,104,80,74,24,102,62" hai2="14,33,38,44,127,135,105,11,47,23,5,37,1" hai3="101,99,7,58,124,28,112,110,97,79,121,30,25"/><V90/><F105/><W71/><G110/><T107/><D122/><U46/><E104/><V130/><F127/><W31/><G71/><T49/><D113/><U70/><E133/><V69/><F69/><W56/><G121/><T43/><D126/><U82/><E129/><V0/><F33/><W81/><G124/><T40/><D128/><U83/><E24/><V117/><F117/><W53/><G7/><T54/><D118/><U96/><E36/><V86/><F130/><W3/><G3/><T57/><D21/><U4/><E4/><V27/><F135/><W116/><G116/><T108/><D108/><U131/><E131/><V2/><F38/><W91/><G58/><T88/><D106/><U60/><E46/><V61/><F61/><W78/><G112/><T9/><D107/><U114/><E114/><V85/><F85/><N who="3" m="50607" /><G25/><T66/><D9/><U50/><E50/><V89/><F89/><W45/><G45/><T8/><D8/><N who="1" m="6535" /><E70/><V63/><F63/><N who="1" m="24105" /><E73/><V6/><F6/><W65/><G65/><N who="0" m="24587" /><D77/><N who="3" m="29193" /><G101/><T18/><D68/><U103/><E74/><V94/><REACH who="2" step="1"/><F37/><REACH who="2" ten="77,460,247,206" step="2"/><W55/><G97/><AGARI ba="1,1" hai="18,20,26,40,43,49,54,57,88,95,97" m="24587" machi="97" ten="30,2000,0" yaku="8,1,54,1" doraHai="76" who="0" fromWho="3" sc="77,33,460,0,247,0,206,-23" /><INIT seed="3,0,0,5,1,75" ten="110,460,247,183" oya="3" hai0="87,27,67,97,11,37,14,85,84,114,8,2,55" hai1="46,126,98,91,3,5,129,119,86,82,71,57,69" hai2="83,63,45,56,31,6,41,29,92,109,16,110,68" hai3="43,112,79,121,130,120,90,30,54,50,128,111,44"/><W81/><G112/><T36/><D114/><U116/><E129/><N who="3" m="49770" /><G30/><T34/><D67/><U125/><E57/><V123/><F68/><N who="1" m="26185" /><E46/><V24/><F123/><W42/><G90/><T89/><D2/><U100/><E5/><V76/><F6/><W23/><G23/><T104/><D55/><U117/><E3/><V107/><F31/><W135/><G135/><T53/><D53/><U25/><E25/><V18/><F18/><W19/><G19/><T103/><D34/><U28/><E28/><V40/><F16/><W60/><G111/><T102/><D27/><U47/><E47/><V131/><F131/><W70/><G70/><T10/><D14/><U4/><E4/><V9/><F9/><W33/><G33/><T64/><D64/><U93/><AGARI ba="0,0" hai="82,86,91,93,98,100,116,117,119,125,126" m="26185" machi="93" ten="40,1500,0" yaku="12,1" doraHai="75" who="1" fromWho="1" sc="110,-4,460,15,247,-4,183,-7" owari="106,-39.4,475,57.5,243,4.3,176,-22.4" /></mjloggm>