<mjloggm ver="2.3"><GO type="225" lobby="0"/><UN n0="%E5%B8%9D%E4%BA%AC%E5%B9%B3%E6%88%90%E5%A4%A7%E5%AD%A6" n1="%E3%82%B2%E3%82%B9%E8%8C%82%E5%8B%9D" n2="%E3%81%A9%E3%82%8F%E3%82%93%E3%81%94" n3="%6D%61%74%69%67%75%73%61" dan="17,16,16,17" rate="2150.63,2139.63,2048.10,2183.07" sx="M,F,M,M"/><TAIKYOKU oya="0"/><INIT seed="0,0,0,1,4,23" ten="250,250,250,250" oya="0" hai0="126,2,133,123,130,97,61,122,53,102,11,45,116" hai1="99,73,115,77,13,93,80,134,28,85,94,113,74" hai2="55,49,26,8,83,117,54,131,62,46,92,52,47" hai3="50,101,6,60,98,20,18,41,96,87,127,16,78"/><T100/><D116/><U57/><E134/><V125/><F131/><W114/><G114/><N who="1" m="43530" /><E28/><V27/><F125/><W103/><G127/><T40/><D126/><U119/><E13/><V5/><F117/><W75/><G75/><N who="1" m="28682" /><E57/><V109/><F109/><W105/><G6/><T135/><D130/><U58/><E58/><V56/><F83/><W89/><G78/><T36/><D53/><U21/><E21/><V68/><F68/><W72/><G72/><T67/><D11/><U31/><E31/><V10/><F92/><N who="1" m="35433" /><E119/><V19/><F19/><W69/><G18/><T0/><D0/><U33/><E33/><V9/><F5/><W84/><G69/><N who="0" m="42223" /><D2/><U39/><E39/><V82/><F82/><W15/><G60/><T128/><D128/><U24/><E99/><V86/><F86/><W7/><G7/><T111/><D111/><U34/><E34/><V22/><F22/><W37/><G37/><T25/><D25/><AGARI ba="0,0" hai="24,25,77,80,85" m="35433,28682,43530" machi="25" ten="40,5200,0" yaku="11,1,52,2" doraHai="23" who="1" fromWho="0" sc="250,-52,250,52,250,0,250,0" /><INIT seed="1,0,0,2,5,42" ten="198,302,250,250" oya="1" hai0="112,134,125,129,124,52,9,82,71,27,81,55,49" hai1="116,108,75,114,126,70,88,39,95,132,128,111,59" hai2="89,7,19,109,26,110,56,107,8,72,91,85,31" hai3="117,69,102,133,11,28,37,100,1,25,41,21,50"/><U135/><E116/><V23/><F72/><W99/><G69/><T65/><D112/><U115/><E70/><V94/><F107/><W13/><G37/><T35/><D129/><U90/><E39/><V47/><F56/><W68/><G68/><T48/><D134/><N who="1" m="51243" /><E128/><V113/><F113/><N who="1" m="43017" /><E59/><V93/><F31/><W12/><G133/><T45/><D9/><U24/><E24/><V32/><F32/><W105/><G102/><T62/><D27/><U79/><E126/><N who="0" m="48745" /><D35/><U10/><E10/><V78/><F8/><W120/><G120/><T97/><D97/><N who="1" m="57575" /><E90/><V0/><F91/><W34/><G117/><T83/><D83/><AGARI ba="0,0" hai="75,79,83,108,111" m="57575,43017,51243" machi="83" ten="40,12000,1" yaku="20,1,34,2,54,1" doraHai="42" who="1" fromWho="0" sc="198,-120,302,120,250,0,250,0" /><INIT seed="1,1,0,0,0,104" ten="78,422,250,250" oya="1" hai0="76,83,96,7,33,102,52,117,29,23,62,88,68" hai1="45,32,1,66,78,38,85,43,97,92,58,31,123" hai2="26,80,75,56,59,14,28,12,0,74,90,98,11" hai3="54,132,93,63,17,37,60,105,3,36,40,48,35"/><U25/><E123/><V106/><F0/><W18/><G105/><T94/><D117/><U91/><E1/><V71/><F71/><W57/><G35/><T89/><D33/><U126/><E126/><V22/><F90/><W109/><G3/><T134/><D134/><U107/><E107/><V67/><F14/><W5/><G5/><T116/><D116/><U72/><E97/><V111/><F111/><W100/><G109/><T115/><D115/><U39/><E58/><V65/><F59/><W30/><G30/><T69/><D7/><U120/><E120/><V121/><F121/><W113/><G113/><T81/><D69/><U86/><E66/><V127/><F127/><W114/><G114/><T24/><D81/><U124/><E124/><V130/><F130/><W53/><G132/><T49/><D62/><U101/><E101/><V87/><F87/><W47/><G37/><T13/><D13/><U103/><E103/><V21/><F21/><W79/><G79/><T42/><D42/><U70/><E70/><V95/><F106/><W41/><G36/><T51/><D68/><U133/><E133/><V122/><F122/><W73/><G60/><T118/><D118/><U10/><E38/><V129/><F129/><W110/><G110/><T84/><D49/><U119/><E119/><V15/><F67/><W125/><G125/><T19/><D29/><U64/><E64/><V46/><F65/><W128/><G128/><T82/><REACH who="0" step="1"/><D83/><REACH who="0" ten="68,422,250,250" step="2"/><U4/><E39/><V6/><F80/><W44/><G63/><T9/><D9/><U2/><E10/><N who="2" m="4183" /><F28/><W16/><G48/><RYUUKYOKU ba="1,1" sc="68,30,422,-10,250,-10,250,-10" hai0="19,23,24,51,52,76,82,84,88,89,94,96,102" /><INIT seed="2,2,1,1,3,100" ten="98,412,240,240" oya="2" hai0="60,74,98,96,94,63,73,4,14,20,84,42,93" hai1="72,3,23,129,16,53,92,37,6,77,24,95,30" hai2="47,128,49,9,126,27,61,118,32,132,46,19,112" hai3="134,68,12,88,87,102,38,0,64,110,101,121,13"/><V5/><F118/><W89/><G0/><T124/><D124/><U36/><E129/><V17/><F112/><W2/><G2/><T103/><D42/><U34/><E53/><V55/><F126/><W90/><G121/><T125/><D125/><U54/><E54/><V25/><F128/><W33/><G38/><T45/><D45/><U97/><E77/><V99/><F132/><W79/><G33/><T75/><D84/><U83/><E83/><V1/><F61/><W18/><G110/><T57/><D57/><U130/><E72/><V31/><F47/><W113/><G134/><T10/><REACH who="0" step="1"/><D20/><REACH who="0" ten="88,412,240,240" step="2"/><U50/><E130/><V119/><F119/><W7/><G87/><T123/><D123/><U109/><E109/><V26/><F99/><W108/><G108/><T40/><D40/><U59/><E97/><V86/><F86/><W70/><G70/><T91/><AGARI ba="2,2" hai="4,10,14,60,63,73,74,75,91,93,94,96,98,103" machi="91" ten="30,4000,0" yaku="1,1,0,1,53,1" doraHai="100" doraHaiUra="8" who="0" fromWho="0" sc="88,66,412,-12,240,-22,240,-12" /><INIT seed="3,0,0,3,2,45" ten="154,400,218,228" oya="3" hai0="47,59,58,80,97,73,66,127,111,112,39,110,92" hai1="83,44,105,21,62,4,90,6,32,122,74,116,16" hai2="67,91,18,79,22,88,50,95,113,10,100,35,23" hai3="129,98,25,132,54,82,41,20,61,102,36,106,12"/><W28/><G129/><T99/><D73/><U33/><E122/><V77/><F113/><W52/><G132/><T69/><D80/><U119/><E105/><V124/><F35/><N who="1" m="13385" /><E44/><V29/><F124/><W55/><G41/><N who="0" m="22975" /><D97/><U34/><E34/><V93/><F67/><W1/><G1/><T135/><D99/><U8/><E62/><V101/><F50/><W104/><G36/><T126/><D92/><U76/><E90/><V15/><F29/><W86/><G12/><T89/><D89/><U51/><E51/><V120/><F120/><W134/><G134/><T109/><D135/><U27/><E8/><V13/><F18/><W70/><G106/><T43/><D112/><U78/><E76/><V131/><F10/><W11/><G11/><T38/><D38/><U64/><E64/><V2/><F2/><W49/><G70/><T96/><D96/><U14/><E14/><V46/><F15/><W108/><G108/><N who="0" m="27651" /><T117/><DORA hai="94" /><D43/><U125/><E125/><N who="0" m="47625" /><D117/><AGARI ba="0,0" hai="4,6,16,21,27,74,78,83,116,117,119" m="13385" machi="117" ten="30,2000,0" yaku="12,1,54,1" doraHai="45,94" who="1" fromWho="0" sc="154,-20,400,20,218,0,228,0" owari="134,-36.6,420,52.0,218,-18.2,228,2.8" /></mjloggm>