<mjloggm ver="2.3"><GO type="225" lobby="0"/><UN n0="%72%69%6F%75%63%68%61%6E" n1="%E8%91%B5%E3%81%A1%E3%82%83%E3%82%93" n2="%E6%B8%A9%E2%98%85%E6%83%85%E2%98%85%E6%8E%AA%E2%98%85%E7%BD%AE" n3="%E3%81%99%E3%81%84%E3%81%BE%E3%81%9B%E3%83%BC%E3%82%93" dan="16,17,18,18" rate="2224.84,2213.31,2220.25,2215.87" sx="M,F,M,M"/><TAIKYOKU oya="0"/><INIT seed="0,0,0,1,2,53" ten="250,250,250,250" oya="0" hai0="59,44,87,90,102,10,132,8,6,48,75,60,107" hai1="11,70,65,16,22,2,125,93,69,112,15,23,13" hai2="50,99,95,111,115,124,113,27,94,41,80,106,91" hai3="9,31,71,38,100,68,40,45,66,130,29,109,92"/><T61/><D75/><U98/><E125/><V74/><F27/><W134/><G109/><T7/><D132/><U88/><E112/><V76/><F50/><W52/><G134/><T54/><D107/><U128/><E128/><V32/><F41/><W0/><G130/><T28/><D102/><U24/><E2/><V78/><F32/><W82/><G82/><T79/><D28/><U49/><E49/><V135/><F135/><W55/><G31/><T108/><D79/><U4/><REACH who="1" step="1"/><E65/><REACH who="1" ten="250,240,250,250" step="2"/><V81/><F124/><W26/><G66/><T58/><D108/><U84/><E84/><N who="2" m="48151" /><F111/><W133/><G0/><T110/><D110/><U101/><E101/><N who="2" m="60671" /><F106/><W39/><G133/><T118/><D118/><U30/><AGARI ba="0,1" hai="4,11,13,15,16,22,23,24,30,69,70,88,93,98" machi="30" ten="20,8000,1" yaku="1,1,0,1,7,1,54,2,53,0" doraHai="53" doraHaiUra="42" who="1" fromWho="1" sc="250,-40,240,90,250,-20,250,-20" /><INIT seed="1,0,0,5,3,52" ten="210,330,230,230" oya="1" hai0="61,135,16,8,63,48,125,110,11,22,101,72,81" hai1="60,86,74,75,6,91,115,45,2,124,120,30,94" hai2="64,53,28,93,25,131,100,130,118,49,109,92,58" hai3="43,51,119,32,106,116,20,37,50,7,111,133,55"/><U62/><E115/><V44/><F118/><N who="3" m="45099" /><G32/><T18/><D110/><U33/><E120/><V102/><F109/><W42/><G106/><T65/><D125/><U31/><E124/><V19/><F19/><W80/><G111/><T104/><D135/><U29/><E33/><V36/><F102/><W26/><G133/><T39/><D39/><U23/><E23/><N who="2" m="15423" /><F100/><W70/><G70/><T12/><D48/><U98/><E98/><V3/><F3/><W71/><G71/><T82/><D72/><U69/><E69/><V83/><F83/><N who="0" m="31754" /><D104/><U117/><E117/><V10/><F10/><N who="0" m="3626" /><D101/><U89/><E75/><V84/><F84/><W105/><G105/><T54/><D65/><U95/><E86/><V78/><F78/><W99/><G37/><T57/><D18/><U68/><E74/><V35/><F35/><W88/><G51/><T73/><D73/><U112/><E68/><V128/><F36/><W114/><G114/><T107/><D107/><U41/><E112/><V108/><F108/><W67/><G67/><T0/><D0/><U87/><E2/><V76/><F76/><W90/><G7/><T66/><D66/><U4/><E6/><V121/><F121/><W122/><G122/><T5/><D5/><U103/><E4/><V127/><F127/><W15/><G50/><T21/><D63/><AGARI ba="0,0" hai="44,49,53,58,63,64,92,93,128,130,131" m="15423" machi="63" ten="30,2000,0" yaku="19,1,52,1" doraHai="52" who="2" fromWho="0" sc="210,-20,330,0,230,20,230,0" /><INIT seed="2,0,0,5,5,50" ten="190,330,250,230" oya="2" hai0="82,90,10,40,97,48,94,19,12,125,64,20,128" hai1="119,43,16,66,5,100,58,36,86,98,93,92,14" hai2="17,30,70,109,114,132,31,81,8,52,129,118,63" hai3="84,103,32,23,13,53,69,117,87,56,106,22,74"/><V37/><F114/><W135/><G117/><T130/><D125/><U39/><E119/><V121/><F37/><W110/><G74/><T124/><D124/><U6/><E43/><V1/><F118/><W24/><G69/><T75/><D64/><U134/><E134/><V15/><F121/><W123/><G123/><T104/><D104/><U95/><E39/><V120/><F120/><W91/><G135/><T26/><D75/><U127/><E36/><V77/><F1/><W131/><G131/><T47/><REACH who="0" step="1"/><D82/><REACH who="0" ten="180,330,250,230" step="2"/><U34/><E66/><V113/><F132/><W46/><G106/><T33/><D33/><U107/><E34/><V105/><F81/><W61/><G32/><T65/><D65/><U49/><E127/><V4/><F105/><W0/><G110/><T29/><AGARI ba="0,1" hai="10,12,19,20,26,29,40,47,48,90,94,97,128,130" machi="29" ten="30,4000,0" yaku="1,1,0,1,53,1" doraHai="50" doraHaiUra="44" who="0" fromWho="0" sc="180,50,330,-10,250,-20,230,-10" /><INIT seed="3,0,0,4,3,103" ten="230,320,230,220" oya="3" hai0="79,110,13,127,34,64,4,129,65,40,128,45,48" hai1="106,109,114,73,80,55,60,29,26,134,39,27,6" hai2="3,117,77,100,116,113,124,1,35,5,130,105,21" hai3="75,57,51,47,91,43,58,107,15,85,12,49,102"/><W118/><G75/><T93/><D110/><U37/><E114/><V122/><F113/><W126/><G118/><T90/><D127/><U22/><E106/><V67/><F35/><W0/><G0/><T9/><D34/><U83/><E109/><V24/><F77/><W8/><G126/><T63/><D79/><U44/><E6/><V111/><F124/><W16/><G51/><T98/><REACH who="0" step="1"/><D65/><REACH who="0" ten="220,320,230,220" step="2"/><U108/><E108/><V41/><F67/><W62/><G62/><T132/><D132/><U33/><E60/><V32/><F32/><W86/><G86/><T120/><D120/><U81/><E33/><V23/><F122/><W119/><G119/><T82/><D82/><U74/><E81/><V10/><F111/><W36/><G36/><T121/><D121/><U72/><E83/><V14/><F117/><W30/><G30/><T69/><AGARI ba="0,1" hai="4,9,13,40,45,48,63,64,69,90,93,98,128,129" machi="69" ten="30,4000,0" yaku="1,1,0,1,53,1" doraHai="103" doraHaiUra="7" who="0" fromWho="0" sc="220,50,320,-10,230,-10,220,-20" owari="270,7.0,310,41.0,220,-18.0,200,-30.0" /></mjloggm>