<mjloggm ver="2.3"><GO type="225" lobby="0"/><UN n0="%E5%A4%96%E5%B7%9D%E7%AB%9C%E6%88%90" n1="%74%61%6B%65%2D%79%6F%75" n2="%E3%83%A9%E3%83%BC%E3%83%A1%E3%83%B3%E4%BA%94%E9%83%8E" n3="%E3%81%82%E3%81%99%E3%81%AB%E3%82%83%E3%82%80" dan="16,17,16,16" rate="2221.23,2133.29,2026.60,2039.83" sx="M,M,M,F"/><TAIKYOKU oya="0"/><INIT seed="0,0,0,5,5,103" ten="250,250,250,250" oya="0" hai0="104,40,16,108,39,130,33,68,87,18,48,75,50" hai1="134,35,88,94,99,5,90,133,111,124,110,54,112" hai2="41,64,51,11,106,4,86,101,73,9,12,47,70" hai3="76,131,20,15,63,13,31,72,55,69,98,127,56"/><T117/><D117/><U100/><E35/><V1/><F73/><W66/><G131/><T22/><D75/><U119/><E5/><V85/><F64/><W60/><G127/><T37/><D33/><U58/><E119/><V82/><F70/><W122/><G122/><T46/><D68/><U27/><E27/><V93/><F93/><W77/><G77/><T45/><D130/><U0/><E0/><V113/><F113/><W128/><G128/><T30/><D104/><U102/><E124/><V78/><F86/><W74/><G74/><T38/><D108/><N who="1" m="41515" /><E112/><V19/><REACH who="2" step="1"/><F101/><REACH who="2" ten="250,250,240,250" step="2"/><N who="1" m="39017" /><E90/><V126/><F126/><W29/><G72/><T36/><D87/><U91/><E91/><V105/><AGARI ba="0,1" hai="1,4,9,11,12,19,41,47,51,78,82,85,105,106" machi="105" ten="30,8000,1" yaku="1,1,0,1,52,2,53,1" doraHai="103" doraHaiUra="14" who="2" fromWho="2" sc="250,-40,250,-20,240,90,250,-20" /><INIT seed="1,0,0,2,5,41" ten="210,230,330,230" oya="1" hai0="74,124,85,18,89,109,104,114,132,3,32,126,76" hai1="42,128,26,119,131,82,11,27,2,1,111,46,58" hai2="36,6,113,38,22,47,12,99,4,28,37,92,88" hai3="30,80,70,97,21,0,129,130,108,84,83,67,103"/><U13/><E119/><V123/><F123/><W34/><G0/><N who="1" m="106" /><E58/><V33/><F113/><W57/><G108/><T102/><D3/><U62/><E62/><V72/><F72/><W78/><G70/><T100/><D32/><U56/><E56/><V125/><F125/><N who="0" m="48234" /><D18/><N who="1" m="8511" /><E82/><V39/><F33/><W93/><G34/><T31/><D31/><U63/><E63/><V91/><F91/><W23/><G83/><N who="0" m="45463" /><D114/><U60/><E60/><V81/><F81/><W68/><G68/><T29/><D29/><U53/><E53/><V115/><F115/><W50/><G67/><T9/><D9/><U25/><E42/><V117/><F117/><W5/><G5/><T61/><D61/><U40/><E40/><V14/><F36/><W35/><G35/><T43/><D43/><U16/><E46/><V106/><F37/><W48/><G30/><T135/><D109/><U20/><E111/><V69/><F38/><W105/><G105/><T17/><D17/><U75/><E75/><V44/><F106/><W54/><REACH who="3" step="1"/><G48/><REACH who="3" ten="210,230,330,220" step="2"/><T90/><D104/><U112/><E112/><V51/><F39/><W55/><G55/><T120/><D120/><U107/><E107/><V24/><F69/><W96/><G96/><T64/><D64/><U127/><E127/><V59/><F51/><W122/><G122/><T66/><D66/><U52/><E52/><V15/><F4/><W10/><G10/><T65/><D65/><U77/><E77/><V8/><F6/><W49/><G49/><T86/><D135/><U94/><E94/><V71/><F71/><W134/><G134/><T118/><D132/><RYUUKYOKU ba="0,1" sc="210,-15,230,15,330,-15,220,15" hai1="16,20,25,26,27,128,131" hai3="21,23,50,54,57,78,80,84,93,97,103,129,130" /><INIT seed="1,1,1,0,0,89" ten="195,245,315,235" oya="1" hai0="54,31,60,120,111,52,101,94,48,117,36,82,51" hai1="88,20,122,53,109,7,95,16,130,12,17,131,114" hai2="100,66,46,108,59,37,124,135,44,84,76,10,40" hai3="5,38,19,87,55,18,133,0,115,67,6,116,121"/><U128/><E114/><V68/><F68/><W102/><G115/><T81/><D117/><U23/><E122/><V33/><F33/><W45/><G121/><T28/><D120/><U71/><E109/><V110/><F124/><W50/><G116/><T112/><D112/><U83/><E71/><V80/><F135/><W91/><G133/><T1/><D1/><U77/><E53/><V13/><F100/><W3/><G38/><T4/><D36/><U126/><E126/><V103/><F103/><W15/><G102/><T99/><D4/><N who="3" m="1641" /><G67/><T14/><D14/><U113/><E113/><V58/><F46/><W47/><G3/><T107/><D107/><U123/><E123/><V32/><F32/><W22/><G19/><N who="1" m="7242" /><E7/><N who="2" m="3295" /><F66/><W127/><G0/><T62/><D111/><AGARI ba="1,1" hai="37,40,44,58,59,76,80,84,108,110,111" m="3295" machi="111" ten="30,1000,0" yaku="14,1" doraHai="89" who="2" fromWho="0" sc="195,-13,245,0,315,23,235,0" /><INIT seed="2,0,0,5,3,118" ten="182,245,338,235" oya="2" hai0="69,83,32,102,103,37,101,55,89,34,25,75,86" hai1="17,43,93,68,99,66,50,125,7,73,0,61,114" hai2="62,122,29,70,115,10,108,90,111,82,28,51,15" hai3="40,39,126,65,79,44,67,58,24,21,130,80,110"/><V49/><F115/><W36/><G110/><N who="2" m="42025" /><F122/><W20/><G130/><T91/><D69/><U33/><E114/><V30/><F70/><W22/><G126/><T135/><D37/><U45/><E125/><V46/><F62/><W97/><G36/><T106/><D135/><U4/><E73/><V121/><F121/><W94/><G58/><T64/><D64/><U116/><E116/><V72/><F46/><W71/><G24/><T3/><D3/><U105/><E105/><V96/><F72/><W113/><G113/><T31/><D75/><U74/><E74/><V109/><N who="2" m="42033" /><V23/><DORA hai="120" /><F23/><W47/><G47/><T129/><D129/><U134/><E61/><V12/><F12/><W104/><G104/><T88/><D106/><U63/><E63/><V95/><F82/><W57/><G57/><T8/><D34/><U9/><E33/><V87/><F87/><W131/><G71/><T60/><D8/><U84/><E9/><V123/><F123/><W38/><G131/><T19/><D86/><U107/><E84/><V132/><F132/><W1/><G1/><T117/><D83/><U35/><E0/><V127/><F127/><W133/><G133/><T85/><D85/><U18/><E134/><V98/><F98/><W92/><G97/><T78/><D117/><U81/><E99/><V76/><F76/><W112/><G112/><T11/><D78/><U52/><E68/><V124/><F124/><W56/><G79/><T48/><D60/><U128/><E128/><V119/><F119/><W53/><G80/><T54/><D48/><U100/><E50/><RYUUKYOKU ba="0,0" sc="182,15,245,-15,338,15,235,-15" hai0="11,19,25,31,32,54,55,88,89,91,101,102,103" hai2="10,15,28,29,30,49,51,90,95,96" /><INIT seed="2,1,0,2,2,61" ten="197,230,353,220" oya="2" hai0="31,46,84,91,51,55,95,27,121,134,4,118,103" hai1="113,26,66,35,3,30,22,25,44,120,72,116,94" hai2="71,5,9,114,23,43,81,78,67,64,90,117,119" hai3="8,105,45,80,34,126,28,87,56,125,86,122,14"/><V79/><F114/><W135/><G105/><T7/><D121/><U40/><E113/><V54/><F71/><W98/><G122/><T124/><D124/><N who="3" m="47721" /><G135/><T76/><D134/><U50/><E120/><V82/><F43/><W130/><G130/><T100/><D118/><U37/><E116/><V107/><F107/><W99/><G45/><T97/><D76/><N who="2" m="29226" /><F119/><W65/><G28/><T111/><D111/><U88/><E72/><V132/><F132/><W15/><G34/><T92/><REACH who="0" step="1"/><D100/><REACH who="0" ten="187,230,353,220" step="2"/><U18/><E3/><V32/><F117/><W133/><G133/><T19/><D19/><U47/><E18/><V42/><F5/><W10/><G15/><T2/><D2/><U52/><E30/><V75/><F90/><W21/><G14/><T60/><D60/><U127/><E88/><V62/><F62/><W108/><G108/><T69/><D69/><U11/><E127/><V83/><F75/><W131/><G131/><T57/><D57/><U112/><E112/><V41/><F82/><W68/><G80/><T74/><D74/><U93/><E44/><V109/><F81/><W1/><G1/><T20/><AGARI ba="1,1" hai="4,7,20,27,31,46,51,55,84,91,92,95,97,103" machi="20" ten="20,5200,0" yaku="1,1,0,1,7,1,8,1,53,0" doraHai="61" doraHaiUra="101" who="0" fromWho="0" sc="187,65,230,-14,353,-27,220,-14" /><INIT seed="3,0,0,5,4,68" ten="252,216,326,206" oya="3" hai0="10,13,24,106,72,8,56,0,92,35,125,115,126" hai1="5,48,99,122,109,22,60,46,69,28,12,93,43" hai2="64,105,20,54,91,3,135,37,130,4,85,76,45" hai3="78,39,100,2,11,102,40,23,19,84,80,61,57"/><W30/><G30/><N who="0" m="19911" /><D106/><U21/><E122/><V111/><F105/><W44/><G11/><T17/><D92/><U83/><E109/><V120/><F130/><W107/><G2/><T58/><D72/><U14/><E69/><V66/><F135/><W49/><G107/><T114/><D58/><U89/><E5/><V50/><F76/><W59/><G59/><T132/><D56/><U134/><E134/><V97/><F97/><W108/><G108/><T53/><D53/><U65/><E83/><V133/><F4/><W79/><G79/><T104/><D104/><U81/><E81/><V82/><F3/><W27/><REACH who="3" step="1"/><G49/><REACH who="3" ten="252,216,326,196" step="2"/><T9/><D132/><U71/><REACH who="1" step="1"/><E28/><REACH who="1" ten="252,206,326,196" step="2"/><V74/><F133/><W31/><G31/><T6/><D10/><U131/><E131/><V62/><F111/><W87/><G87/><T119/><D119/><U29/><E29/><V38/><F85/><W75/><G75/><T127/><AGARI ba="0,2" hai="0,6,8,9,13,17,114,115,125,126,127" m="19911" machi="127" ten="40,5200,0" yaku="18,1,34,2" doraHai="68" who="0" fromWho="0" sc="252,72,206,-13,326,-13,196,-26" owari="324,42.4,193,-20.7,313,11.3,170,-33.0" /></mjloggm>