<mjloggm ver="2.3"><GO type="225" lobby="0"/><UN n0="%E3%81%82%E3%81%99%E3%81%AB%E3%82%83%E3%82%80" n1="%E3%83%A9%E3%83%BC%E3%83%A1%E3%83%B3%E4%BA%94%E9%83%8E" n2="%72%69%6F%75%63%68%61%6E" n3="%70%68%65%6E%6F%6D%65" dan="16,16,17,16" rate="2046.61,2085.18,2248.19,2130.10" sx="F,M,M,M"/><TAIKYOKU oya="0"/><INIT seed="0,0,0,3,0,37" ten="250,250,250,250" oya="0" hai0="92,72,109,132,112,5,13,78,59,48,53,46,1" hai1="99,135,100,118,74,3,32,121,125,127,87,9,85" hai2="63,18,93,88,117,23,44,6,131,84,73,51,41" hai3="70,94,27,10,11,19,31,28,54,40,95,126,97"/><T106/><D112/><U67/><E118/><V61/><F131/><W116/><G116/><T55/><D106/><U50/><E121/><V98/><F117/><W15/><G126/><N who="1" m="48138" /><E100/><N who="2" m="60495" /><F6/><W105/><G70/><T35/><D35/><U20/><E74/><V62/><F73/><W38/><G105/><T75/><D132/><U108/><E99/><V49/><F51/><W68/><G68/><T30/><D30/><U110/><E32/><V120/><F120/><W16/><G54/><T133/><D133/><U113/><E113/><V114/><F114/><W22/><G11/><T4/><D1/><U103/><E103/><V89/><F84/><W12/><G12/><AGARI ba="0,0" hai="12,18,23,41,44,49,61,62,63,88,89" m="60495" machi="12" ten="30,3900,0" yaku="8,1,52,1,54,1" doraHai="37" who="2" fromWho="3" sc="250,0,250,0,250,39,250,-39" /><INIT seed="1,0,0,4,3,73" ten="250,250,289,211" oya="1" hai0="80,9,126,68,117,11,81,36,2,91,33,29,98" hai1="106,57,103,50,49,115,110,46,14,97,53,70,85" hai2="82,3,39,105,130,15,8,23,52,48,101,123,108" hai3="71,1,40,119,64,4,60,25,92,124,93,67,12"/><U41/><E110/><V120/><F39/><W66/><G124/><T79/><D36/><U104/><E115/><V31/><F108/><W72/><G1/><T74/><D68/><U65/><E14/><V95/><F130/><W6/><G119/><T56/><D126/><U30/><E30/><V89/><F105/><W61/><G40/><T55/><D2/><U19/><E19/><V118/><F118/><W122/><G122/><T86/><D117/><U54/><E106/><V58/><F3/><W116/><G116/><T10/><D98/><U90/><E70/><V114/><F114/><W99/><G72/><T59/><REACH who="0" step="1"/><D55/><REACH who="0" ten="240,250,289,211" step="2"/><U88/><E65/><V43/><F123/><W17/><G71/><T7/><D7/><N who="3" m="2601" /><G25/><AGARI ba="0,1" hai="9,10,11,25,29,33,56,59,74,79,80,81,86,91" machi="25" ten="40,8000,1" yaku="1,1,52,1,53,2" doraHai="73" doraHaiUra="77" who="0" fromWho="3" sc="240,90,250,0,289,0,211,-80" /><INIT seed="2,0,0,2,3,46" ten="330,250,289,131" oya="2" hai0="81,134,127,89,133,60,62,75,57,104,114,107,124" hai1="59,96,126,64,0,35,91,50,94,66,51,5,31" hai2="38,112,117,99,23,29,132,109,16,20,28,18,52" hai3="15,3,1,30,92,93,41,79,106,21,34,76,6"/><V67/><F112/><W84/><G106/><N who="0" m="40491" /><D114/><U37/><E37/><V74/><F117/><W14/><G41/><T120/><D120/><U25/><E126/><N who="0" m="48169" /><D57/><U110/><E110/><V4/><F132/><N who="0" m="50794" /><D89/><U39/><E39/><V40/><F109/><W63/><G63/><T87/><D87/><U123/><E123/><V36/><F67/><W53/><G84/><T73/><D81/><U105/><E105/><V44/><F36/><W102/><G102/><T125/><D125/><U118/><E118/><V101/><F4/><W58/><G58/><T88/><D88/><U135/><E135/><V111/><F111/><W24/><G6/><T78/><D78/><U32/><E59/><V69/><F69/><W10/><G79/><T22/><D22/><U95/><E35/><V33/><F33/><W7/><G76/><T43/><D43/><U26/><E32/><V13/><F52/><W71/><G71/><T80/><D80/><U45/><E91/><V121/><F121/><W98/><G53/><T103/><D103/><U85/><E85/><V68/><F68/><W27/><G98/><T119/><D119/><U65/><E96/><V55/><F55/><W47/><G47/><T115/><D115/><U82/><E45/><V9/><F20/><W49/><G92/><T116/><D116/><U12/><E82/><V61/><F61/><AGARI ba="0,0" hai="60,61,62,73,75" m="50794,48169,40491" machi="61" ten="40,8000,1" yaku="28,2,18,1,20,1" doraHai="46" who="0" fromWho="2" sc="330,80,250,0,289,-80,131,0" /><INIT seed="3,0,0,4,0,126" ten="410,250,209,131" oya="3" hai0="55,63,76,83,40,22,31,94,17,96,9,134,70" hai1="48,41,18,112,1,67,106,36,57,21,33,86,90" hai2="100,15,98,72,71,92,58,118,7,16,32,24,60" hai3="61,133,85,0,47,99,14,103,4,87,79,56,62"/><W34/><G133/><T42/><D31/><U29/><E1/><V131/><F131/><W11/><G34/><T45/><D9/><U109/><E106/><V51/><F118/><W2/><G47/><T13/><D70/><U49/><E33/><V6/><F72/><W37/><G37/><T128/><D128/><U5/><E36/><V39/><F39/><W93/><G62/><T50/><D63/><N who="1" m="38383" /><E109/><V28/><F51/><N who="1" m="19529" /><E112/><V53/><REACH who="2" step="1"/><F71/><REACH who="2" ten="410,250,199,131" step="2"/><W59/><G59/><T73/><D134/><U117/><E117/><V19/><F19/><W64/><REACH who="3" step="1"/><G85/><REACH who="3" ten="410,250,199,121" step="2"/><T116/><D116/><U114/><E86/><V135/><F135/><W120/><G120/><T81/><D40/><U91/><E41/><V119/><F119/><W123/><G123/><T35/><D42/><U25/><E114/><V110/><F110/><W30/><G30/><T111/><D45/><U82/><E29/><V78/><F78/><W69/><G69/><T44/><D111/><U84/><E5/><V107/><F107/><W46/><G46/><T122/><D76/><AGARI ba="0,2" hai="18,21,25,76,82,84,90,91" m="19529,38383" machi="76" ten="30,1000,0" yaku="8,1" doraHai="126" who="1" fromWho="0" sc="410,-10,250,30,199,0,121,0" owari="400,50.0,280,8.0,199,-20.1,121,-37.9" /></mjloggm>