<mjloggm ver="2.3"><GO type="225" lobby="0"/><UN n0="%E3%81%86%E3%81%A9%E3%82%93%E3%81%93" n1="%72%61%6B%33" n2="%4C%4F%4C%49%54%41" n3="%E3%81%B5%E3%81%98%E3%81%8B%E3%81%A4" dan="16,16,16,16" rate="2189.03,2091.60,2147.25,2185.26" sx="M,M,F,M"/><TAIKYOKU oya="0"/><INIT seed="0,0,0,5,3,101" ten="250,250,250,250" oya="0" hai0="135,90,121,111,118,103,47,77,66,59,45,126,67" hai1="72,40,108,56,1,134,87,25,83,69,32,24,112" hai2="20,11,0,85,46,114,36,122,76,115,119,109,27" hai3="22,53,3,14,105,64,5,38,9,92,132,7,88"/><T12/><D118/><U35/><E69/><V16/><F122/><W63/><G38/><T89/><D121/><U10/><E72/><V117/><F109/><W44/><G132/><T13/><D111/><U68/><E68/><V102/><F102/><W31/><G53/><T18/><D135/><U62/><E40/><N who="2" m="22791" /><F76/><W106/><G44/><T127/><D77/><U71/><E71/><V54/><F85/><W123/><G123/><T110/><D103/><U57/><E112/><V91/><F91/><N who="0" m="34826" /><D59/><U125/><E56/><V4/><F54/><W58/><G7/><T75/><D75/><U50/><E57/><V43/><F43/><W61/><G61/><T33/><D33/><U96/><E62/><V93/><F93/><W79/><G79/><T60/><D60/><U128/><E32/><V15/><F0/><W78/><G78/><T55/><D55/><U17/><E1/><V23/><F20/><W52/><G64/><T107/><D107/><U100/><E35/><V2/><F2/><W99/><REACH who="3" step="1"/><G14/><REACH who="3" ten="250,250,250,240" step="2"/><N who="0" m="5739" /><D110/><U29/><E108/><V84/><F115/><W65/><G65/><N who="0" m="24587" /><D18/><U133/><E17/><V74/><F114/><W51/><G51/><T129/><D129/><U39/><E50/><V82/><F74/><W28/><G28/><T6/><D6/><U130/><E128/><V41/><F41/><W30/><G30/><T49/><D49/><U116/><E130/><V97/><F117/><W37/><G37/><T124/><AGARI ba="0,1" hai="45,47,124,126,127" m="24587,5739,34826" machi="124" ten="40,7800,0" yaku="28,2,18,1" doraHai="101" who="0" fromWho="0" sc="250,88,250,-26,250,-26,240,-26" /><INIT seed="0,1,0,3,2,97" ten="338,224,224,214" oya="0" hai0="7,40,92,62,60,121,2,71,111,3,18,125,43" hai1="124,76,94,103,98,79,114,38,67,26,5,66,21" hai2="59,49,69,110,15,42,108,75,54,129,57,13,6" hai3="105,32,41,123,20,68,64,80,28,100,1,104,46"/><T61/><D121/><U135/><E124/><V83/><F69/><W50/><G123/><T19/><D125/><U126/><E126/><V25/><F129/><W39/><G20/><T84/><D71/><U22/><E135/><V117/><F117/><W74/><G50/><T24/><D111/><N who="2" m="42538" /><F42/><W34/><G1/><T45/><D43/><U31/><E114/><V14/><F25/><W12/><G12/><T48/><D7/><U87/><E38/><V78/><F59/><W109/><G109/><T17/><D24/><U8/><E22/><V93/><F93/><W112/><G112/><T127/><D127/><U0/><REACH who="1" step="1"/><E87/><REACH who="1" ten="338,214,224,214" step="2"/><V77/><F78/><AGARI ba="1,1" hai="0,5,8,21,26,31,66,67,76,78,79,94,98,103" machi="78" ten="40,8000,1" yaku="1,1,2,1,52,1,53,1" doraHai="97" doraHaiUra="91" who="1" fromWho="2" sc="338,0,214,93,224,-83,214,0" /><INIT seed="1,0,0,0,1,129" ten="338,307,141,214" oya="1" hai0="111,20,57,22,45,21,126,62,120,117,110,77,53" hai1="79,81,108,61,7,68,84,34,26,35,100,109,70" hai2="28,93,25,67,50,86,66,131,12,88,5,14,64" hai3="90,10,105,99,125,83,124,69,51,91,16,63,128"/><U40/><E7/><V59/><F131/><W76/><G128/><T60/><D117/><U32/><E40/><V101/><F101/><N who="3" m="62655" /><G51/><T114/><D114/><U38/><E38/><V82/><F5/><W73/><G63/><T27/><D120/><U95/><E100/><V112/><F112/><W94/><G69/><T123/><D123/><U122/><E122/><V107/><F107/><W65/><G65/><T39/><D126/><N who="3" m="48745" /><G10/><T135/><D135/><U119/><E119/><V92/><F50/><W98/><G16/><T134/><D134/><U8/><E95/><V49/><F49/><W115/><G115/><T133/><D133/><U6/><E26/><V102/><F59/><W46/><G46/><T37/><D27/><U55/><E55/><V74/><F74/><W41/><G41/><T127/><D127/><U96/><E96/><N who="2" m="59655" /><F93/><W4/><G4/><T97/><D45/><U18/><E18/><V52/><F52/><W54/><G54/><T13/><D62/><U29/><E29/><V80/><F80/><W19/><G19/><T87/><D39/><U132/><E132/><V2/><F2/><W130/><G130/><T85/><D37/><U43/><E43/><V104/><F104/><W24/><G24/><T118/><D118/><U30/><E30/><V11/><F11/><W116/><G116/><T58/><D60/><U71/><REACH who="1" step="1"/><E61/><REACH who="1" ten="338,297,141,214" step="2"/><V78/><F28/><W44/><G44/><T33/><D53/><U36/><E36/><V56/><F25/><W42/><G42/><T106/><D106/><U47/><E47/><V103/><F12/><AGARI ba="0,1" hai="6,8,12,32,34,35,68,70,71,79,81,84,108,109" machi="12" ten="50,2400,0" yaku="1,1,53,0" doraHai="129" doraHaiUra="23" who="1" fromWho="2" sc="338,0,297,34,141,-24,214,0" /><INIT seed="1,1,0,4,0,106" ten="338,331,117,214" oya="1" hai0="93,23,66,119,40,36,2,70,4,107,68,14,24" hai1="28,8,118,5,125,72,132,17,19,82,31,75,73" hai2="85,78,34,84,81,111,30,92,9,13,59,3,99" hai3="67,26,64,18,21,98,80,54,126,117,102,60,110"/><U65/><E118/><V129/><F3/><W124/><G117/><T113/><D107/><U47/><E125/><N who="3" m="48234" /><G110/><T89/><D119/><U41/><E132/><V15/><F111/><W86/><G54/><T63/><D113/><U20/><E65/><V114/><F129/><W134/><G60/><T87/><D2/><U6/><E82/><V1/><F114/><W112/><G134/><T83/><D14/><U130/><E130/><V22/><F34/><W44/><G44/><T49/><D4/><U104/><E104/><V58/><F1/><W0/><G0/><T120/><D120/><U39/><E8/><V103/><F84/><W45/><G45/><T43/><D36/><U61/><E61/><V35/><F35/><W57/><G57/><T97/><D49/><U50/><E39/><V74/><F74/><W71/><G71/><T62/><D62/><U101/><E101/><V131/><F131/><W135/><G135/><T55/><D55/><U25/><REACH who="1" step="1"/><E19/><REACH who="1" ten="338,321,117,214" step="2"/><N who="2" m="10607" /><F30/><AGARI ba="1,1" hai="5,6,17,20,25,28,30,31,41,47,50,72,73,75" machi="30" ten="40,12000,1" yaku="1,1,52,3,53,0" doraHai="106" doraHaiUra="94" who="1" fromWho="2" sc="338,0,321,133,117,-123,214,0" owari="338,13.8,454,55.4,-6,-50.6,214,-18.6" /></mjloggm>