<mjloggm ver="2.3"><GO type="225" lobby="0"/><UN n0="%6B%79%6F%6E%6B%6F%31%31" n1="%E3%81%9F%E3%81%93%E2%98%86%E7%84%BC%E3%81%8D" n2="%E9%80%9F%E6%B0%B4%E5%87%9B%E9%A6%99" n3="%E3%83%9E%E3%82%AB%E3%83%92%E3%82%AD" dan="17,16,16,16" rate="2215.72,2087.80,2126.04,2101.21" sx="M,M,F,M"/><TAIKYOKU oya="0"/><INIT seed="0,0,0,4,2,17" ten="250,250,250,250" oya="0" hai0="118,6,100,24,126,93,44,25,73,133,46,28,50" hai1="87,77,107,52,125,98,21,95,32,72,128,63,113" hai2="124,68,23,11,53,57,122,86,94,16,71,43,105" hai3="104,58,38,92,37,41,45,29,116,9,117,97,8"/><T109/><D118/><U51/><E32/><V65/><F105/><W40/><G104/><T30/><D73/><U55/><E113/><V103/><F43/><W3/><G58/><T99/><D126/><U134/><E63/><V27/><F124/><W85/><G85/><T34/><D133/><U59/><E55/><V2/><F122/><W89/><G29/><T80/><D6/><U64/><E64/><V74/><F74/><W13/><G3/><T61/><D109/><U78/><E78/><V48/><F65/><W108/><G108/><T15/><D15/><U123/><E123/><V62/><F62/><W70/><G70/><T127/><D127/><U31/><E128/><V4/><REACH who="2" step="1"/><F86/><REACH who="2" ten="250,250,240,250" step="2"/><W69/><G69/><T19/><D61/><U42/><E72/><V75/><F75/><W114/><G114/><T90/><D50/><U36/><E107/><V130/><F130/><W35/><G117/><T88/><D19/><U10/><E87/><V18/><F18/><W0/><G116/><T1/><D1/><U131/><E131/><V22/><F22/><W7/><G41/><T81/><D81/><U110/><E42/><V96/><AGARI ba="0,1" hai="2,4,11,16,23,27,48,53,57,68,71,94,96,103" machi="96" ten="30,8000,1" yaku="1,1,0,1,52,1,54,1,53,1" doraHai="17" doraHaiUra="12" who="2" fromWho="2" sc="250,-40,250,-20,240,90,250,-20" /><INIT seed="1,0,0,2,1,67" ten="210,230,330,230" oya="1" hai0="55,52,134,111,0,20,87,56,58,92,39,66,129" hai1="53,115,135,90,2,15,74,38,110,46,33,103,133" hai2="19,70,96,61,108,7,77,50,13,18,47,107,44" hai3="102,36,86,104,101,88,130,97,69,98,45,80,89"/><U124/><E74/><V119/><F119/><W60/><G130/><T91/><D0/><U132/><E2/><V71/><F77/><W35/><G35/><T30/><D129/><U24/><E103/><V78/><F78/><W65/><G89/><T48/><D39/><U29/><E115/><V43/><F108/><W73/><G73/><T114/><D111/><U116/><E116/><V81/><F81/><W9/><G9/><T128/><D128/><U8/><E90/><V27/><F7/><W109/><G109/><T120/><D120/><U72/><E72/><V42/><F27/><W121/><G121/><T76/><D76/><U10/><E10/><V62/><F96/><W23/><G23/><T26/><D66/><U117/><E117/><V5/><F5/><W79/><G79/><T4/><D4/><U41/><E110/><V113/><F107/><W93/><G45/><T106/><D134/><U83/><E83/><V126/><F126/><W32/><G36/><T22/><D106/><U122/><E53/><V59/><F13/><W94/><G32/><T16/><D114/><U34/><E122/><V3/><F3/><W6/><G6/><T63/><D22/><N who="1" m="15511" /><E124/><V40/><F18/><AGARI ba="0,0" hai="16,18,20,26,30,48,52,55,56,58,63,87,91,92" machi="18" ten="40,5200,0" yaku="8,1,54,2" doraHai="67" who="0" fromWho="2" sc="210,52,230,0,330,-52,230,0" /><AGARI ba="0,0" hai="8,15,18,33,34,38,41,46,132,133,135" m="15511" machi="18" ten="30,1500,0" yaku="20,1" doraHai="67" who="1" fromWho="2" sc="262,0,230,15,278,-15,230,0" /><INIT seed="1,1,0,1,0,68" ten="262,245,263,230" oya="1" hai0="36,4,5,31,29,125,49,45,28,71,54,95,102" hai1="134,44,10,115,53,103,16,78,108,93,21,87,105" hai2="34,51,65,121,132,9,85,11,64,32,92,42,72" hai3="107,131,129,80,27,116,7,79,47,128,67,104,127"/><U2/><E105/><N who="3" m="40522" /><G7/><T100/><D125/><U123/><E115/><V15/><F72/><N who="3" m="43111" /><G27/><T20/><D71/><U70/><E134/><V110/><F110/><W117/><G67/><T3/><D3/><U12/><E123/><V74/><F74/><W109/><G47/><T124/><D124/><U57/><E108/><V48/><F42/><W77/><G109/><T76/><D76/><U118/><E78/><V112/><F112/><W40/><G40/><T26/><D36/><U90/><E70/><V130/><F130/><W98/><G127/><T75/><D75/><U59/><E118/><N who="3" m="45674" /><G77/><T94/><D4/><U114/><E114/><V99/><F15/><W19/><G19/><N who="0" m="12575" /><D5/><U89/><E2/><V14/><F14/><W101/><G131/><T41/><D41/><U38/><E38/><V84/><F121/><W6/><G6/><T61/><D61/><U55/><E44/><V97/><F132/><W24/><G24/><T135/><D135/><U66/><E10/><V1/><F1/><W96/><G96/><N who="0" m="59415" /><D31/><U25/><E25/><V30/><F30/><W106/><AGARI ba="1,0" hai="98,101,106,128,129" m="45674,43111,40522" machi="106" ten="40,8000,1" yaku="12,1,23,1,34,2" doraHai="68" who="3" fromWho="3" sc="262,-21,245,-41,263,-21,230,83" /><INIT seed="2,0,0,4,0,47" ten="241,204,242,313" oya="2" hai0="56,80,33,71,83,12,44,122,111,3,117,92,9" hai1="29,58,8,120,91,82,134,35,14,42,72,43,127" hai2="75,119,23,100,55,17,46,20,39,101,132,67,30" hai3="88,50,118,108,59,57,86,115,61,51,107,123,93"/><V106/><F119/><W25/><G118/><T68/><D33/><U41/><E134/><V77/><F132/><W48/><G123/><T4/><D117/><U18/><E120/><V6/><F6/><W2/><G108/><T10/><D122/><U0/><E127/><V49/><F106/><W24/><G2/><T95/><D111/><U32/><E0/><V129/><F129/><W128/><G128/><T54/><D44/><U99/><E29/><V124/><F124/><W52/><G107/><T15/><D3/><U130/><E130/><V81/><F67/><N who="3" m="39343" /><G115/><T76/><D71/><U74/><E58/><V121/><F121/><W26/><AGARI ba="0,0" hai="24,25,26,48,50,51,52,59,86,88,93" m="39343" machi="26" ten="30,12000,2" yaku="8,1,52,3,54,2" doraHai="47" who="3" fromWho="3" sc="241,-30,204,-30,242,-60,313,120" /><INIT seed="3,0,0,5,1,21" ten="211,174,182,433" oya="3" hai0="51,80,96,106,71,41,61,30,82,43,86,90,54" hai1="115,131,56,112,113,63,110,117,119,89,38,62,49" hai2="125,111,108,12,13,79,85,123,102,103,69,64,101" hai3="84,14,75,9,22,25,8,98,70,5,1,2,27"/><W128/><G75/><T100/><D30/><U29/><E29/><V118/><F118/><N who="1" m="45065" /><E89/><V32/><F32/><W73/><G73/><T11/><D82/><U58/><E110/><N who="2" m="42027" /><F125/><W52/><G70/><T94/><D71/><U46/><E38/><V50/><F123/><W107/><G128/><T74/><D61/><N who="1" m="23051" /><E131/><V67/><F50/><W78/><G27/><T16/><D106/><U44/><E44/><V126/><F126/><W135/><G135/><T122/><D74/><U18/><E18/><V33/><F33/><W66/><G66/><N who="2" m="25129" /><F69/><W4/><G14/><N who="2" m="5737" /><F79/><W95/><G107/><T53/><D122/><U134/><E134/><V99/><F85/><W132/><G132/><T77/><D77/><U39/><E39/><V23/><F23/><W17/><G52/><AGARI ba="0,0" hai="46,49,52,56,58,112,113,115" m="23051,45065" machi="52" ten="40,8000,1" yaku="12,1,34,2,54,1" doraHai="21" who="1" fromWho="3" sc="211,0,174,80,182,0,433,-80" owari="211,-18.9,254,5.4,182,-31.8,353,45.3" /></mjloggm>