<mjloggm ver="2.3"><GO type="225" lobby="0"/><UN n0="%E6%A0%B9%E5%85%83%E3%81%8B%E3%82%89%E5%90%B9%E3%81%A3%E9%A3%9B%E3%81%B6" n1="%E9%80%9F%E6%B0%B4%E5%87%9B%E9%A6%99" n2="%E3%81%82%E3%81%84%E3%81%82%E3%81%8A%E3%81%84" n3="%E3%81%8F%E3%81%BE%E3%81%96%E3%82%8F" dan="16,16,18,16" rate="2161.63,2173.79,2225.15,2006.39" sx="F,F,M,M"/><TAIKYOKU oya="0"/><INIT seed="0,0,0,2,4,83" ten="250,250,250,250" oya="0" hai0="105,68,8,67,73,76,47,54,127,79,111,59,132" hai1="27,114,53,32,42,2,115,24,25,19,130,129,99" hai2="51,43,3,28,45,135,62,39,30,93,85,40,113" hai3="78,29,84,22,95,91,37,88,74,12,92,87,96"/><T65/><D105/><U86/><E86/><V94/><F3/><W36/><G74/><T38/><D127/><U112/><E99/><V131/><F113/><W116/><G116/><T107/><D107/><U18/><E42/><V5/><F5/><W119/><G119/><T57/><D73/><U123/><E53/><V108/><F108/><W33/><G33/><T49/><D132/><U69/><E69/><V75/><F75/><W13/><G37/><T90/><D8/><U128/><E123/><V60/><F135/><W4/><G36/><T10/><D10/><U133/><E133/><V104/><F104/><W14/><G4/><T71/><D90/><U124/><E124/><V64/><F131/><W82/><G29/><T110/><D79/><U21/><E32/><V56/><F62/><W61/><G61/><N who="0" m="38063" /><D76/><U100/><E100/><V102/><F43/><W16/><AGARI ba="0,0" hai="12,13,14,16,22,78,82,84,87,88,91,92,95,96" machi="16" ten="30,12000,2" yaku="0,1,8,1,52,2,54,2" doraHai="83" who="3" fromWho="3" sc="250,-60,250,-30,250,-30,250,120" /><INIT seed="1,0,0,3,0,108" ten="190,220,220,370" oya="1" hai0="71,47,77,74,126,116,115,10,106,8,123,89,3" hai1="7,88,64,98,81,14,56,41,28,80,73,86,95" hai2="61,57,60,40,124,2,132,34,30,39,93,42,22" hai3="54,112,119,92,5,121,65,128,6,113,129,79,20"/><U26/><E41/><V19/><F2/><W49/><G121/><T101/><D89/><U100/><E73/><V43/><F124/><W48/><G119/><T9/><D47/><U29/><E81/><V52/><F132/><W58/><G65/><T18/><D77/><U12/><E7/><N who="3" m="2570" /><G79/><T0/><D101/><U94/><E94/><V85/><F34/><W87/><G49/><T51/><D51/><U50/><E29/><V91/><F30/><W63/><G20/><T104/><D18/><U66/><E66/><V25/><REACH who="2" step="1"/><F39/><REACH who="2" ten="190,220,210,370" step="2"/><W69/><G129/><T109/><D0/><U118/><E118/><V27/><F27/><W23/><G128/><T46/><D3/><U75/><E75/><V117/><F117/><W11/><G113/><T83/><D74/><U135/><E135/><V99/><F99/><W31/><G112/><T97/><D115/><U68/><E68/><V122/><F122/><W62/><G69/><T96/><D123/><U105/><E26/><V130/><F130/><W103/><G31/><T37/><D116/><U102/><E28/><V55/><F55/><W78/><G54/><T111/><D71/><U35/><E35/><V1/><F1/><W72/><G72/><T32/><D32/><U110/><E110/><N who="0" m="41993" /><D126/><U53/><E64/><V90/><F90/><W76/><G76/><T84/><D97/><U13/><E102/><V125/><F125/><W15/><G103/><T33/><D96/><U131/><E131/><V59/><F59/><W44/><G58/><T82/><D33/><U133/><E133/><V120/><F120/><W17/><G78/><RYUUKYOKU ba="0,1" sc="190,-15,220,15,210,15,370,-15" hai1="12,13,14,50,53,56,80,86,88,95,98,100,105" hai2="19,22,25,40,42,43,52,57,60,61,85,91,93" /><INIT seed="1,1,1,3,1,38" ten="175,235,225,355" oya="1" hai0="59,58,17,134,8,35,135,119,53,106,113,62,114" hai1="28,80,110,68,112,16,82,31,27,47,73,41,83" hai2="63,127,60,79,132,133,122,61,22,65,98,14,11" hai3="109,24,116,107,70,54,43,118,2,12,40,120,39"/><U37/><E112/><N who="0" m="43113" /><D35/><U5/><E68/><V69/><F122/><W117/><G2/><T26/><D26/><U72/><E5/><V84/><F22/><W111/><G120/><T52/><D17/><U44/><E110/><N who="3" m="41994" /><G107/><T3/><D8/><U75/><REACH who="1" step="1"/><E47/><REACH who="1" ten="175,225,225,355" step="2"/><V1/><F69/><W33/><G70/><T20/><D3/><U97/><E97/><V56/><F98/><W78/><G118/><T104/><D119/><U67/><E67/><V51/><F65/><W128/><G117/><T23/><D106/><U129/><E129/><V36/><F1/><W130/><G128/><T90/><D104/><U57/><E57/><V99/><F56/><W71/><G130/><T102/><D59/><U94/><E94/><V88/><F132/><W29/><G71/><T13/><D58/><U93/><E93/><V86/><F99/><W89/><G116/><T96/><D62/><U30/><E30/><V91/><F61/><W126/><G29/><T7/><D102/><U55/><E55/><V45/><F63/><W85/><G54/><T100/><D100/><U19/><E19/><V18/><F60/><W92/><G92/><N who="0" m="56343" /><D53/><U50/><E50/><V21/><F51/><W131/><G131/><T74/><D52/><U15/><E15/><V42/><F14/><W77/><G12/><T4/><D13/><U25/><E25/><V49/><F49/><W124/><G24/><T87/><D4/><U103/><E103/><V66/><F66/><W6/><G6/><T32/><D7/><U48/><E48/><V46/><F46/><W125/><G125/><T108/><D135/><RYUUKYOKU ba="1,2" sc="175,-10,225,30,225,-10,355,-10" hai1="16,27,28,31,37,41,44,72,73,75,80,82,83" /><INIT seed="1,2,2,3,5,47" ten="165,255,215,345" oya="1" hai0="17,103,129,28,54,65,57,77,8,11,25,44,80" hai1="29,102,13,86,0,15,37,97,82,18,23,99,72" hai2="52,32,114,41,112,135,120,123,109,118,53,67,36" hai3="59,75,98,27,89,34,5,84,76,43,60,106,66"/><U74/><E37/><V126/><F32/><W58/><G5/><T119/><D119/><U73/><E0/><V81/><F81/><W128/><G128/><T55/><D103/><U78/><E29/><V92/><F92/><W63/><G43/><T117/><D117/><U122/><E122/><N who="2" m="46635" /><F118/><W101/><G75/><T91/><D129/><U134/><E134/><V45/><F135/><W110/><G76/><T104/><D104/><U50/><E50/><V61/><F109/><W24/><G34/><T19/><D28/><U71/><E71/><N who="2" m="42479" /><F126/><W42/><G110/><T90/><D65/><U39/><E39/><V40/><F40/><W35/><G42/><T115/><D115/><AGARI ba="2,2" hai="36,41,45,52,53,112,114,115" m="42479,46635" machi="115" ten="30,7700,0" yaku="11,1,34,2,54,1" doraHai="47" who="2" fromWho="0" sc="165,-83,255,0,215,103,345,0" /><INIT seed="2,0,0,5,1,0" ten="82,255,318,345" oya="2" hai0="47,133,31,71,131,103,23,5,39,66,20,100,61" hai1="99,21,22,77,60,11,33,114,109,40,29,115,19" hai2="17,97,101,112,42,41,84,127,95,9,108,45,70" hai3="65,72,36,92,48,18,49,37,122,86,80,93,124"/><V78/><F70/><W121/><G72/><T26/><D131/><U88/><E40/><V64/><F112/><W113/><G65/><T129/><D129/><U75/><E77/><V107/><F127/><W50/><G124/><T52/><D133/><U98/><E75/><V35/><F35/><W3/><G3/><T14/><D23/><U58/><E109/><V73/><F64/><W46/><G113/><T94/><D94/><U15/><E33/><V34/><F34/><W102/><G18/><T6/><D14/><U82/><E115/><V13/><F108/><W7/><G7/><N who="0" m="2571" /><D71/><U1/><E1/><V85/><F107/><W110/><G93/><T111/><D39/><U12/><E29/><V76/><F73/><W74/><G36/><T16/><D111/><U116/><E116/><V28/><F28/><W24/><G37/><T81/><D81/><U27/><E114/><V134/><F134/><W119/><G110/><T91/><D91/><U90/><E21/><V38/><F38/><W118/><G119/><T4/><N who="0" m="2579" /><T125/><DORA hai="117" /><D125/><U120/><E15/><V105/><F105/><W43/><G118/><T63/><D31/><N who="1" m="17911" /><E120/><V128/><F128/><W30/><G122/><T83/><D83/><U32/><E32/><V54/><F78/><W51/><G121/><T89/><D89/><N who="1" m="34411" /><E82/><N who="2" m="47175" /><F85/><W57/><G86/><T25/><D25/><U106/><E106/><V44/><F13/><W123/><G123/><T87/><D87/><U53/><AGARI ba="0,0" hai="11,12,19,53,58,60,98,99" m="34411,17911" machi="53" ten="30,2000,0" yaku="8,1,54,1" doraHai="0,117" who="1" fromWho="1" sc="82,-5,255,20,318,-10,345,-5" /><INIT seed="3,0,0,0,1,58" ten="77,275,308,340" oya="3" hai0="34,116,88,93,68,25,72,86,18,64,96,35,5" hai1="109,81,123,118,87,85,15,51,12,65,61,39,63" hai2="43,74,40,102,113,45,47,78,52,66,105,4,21" hai3="107,10,41,57,26,60,75,132,13,122,84,6,95"/><W53/><G132/><T101/><D116/><U8/><E39/><V91/><F113/><W134/><G134/><T119/><D119/><U135/><E118/><V30/><F66/><W32/><G75/><T56/><D5/><U31/><E135/><V120/><F4/><W121/><G107/><T90/><D72/><U20/><E123/><V106/><F120/><W103/><G41/><T16/><D68/><U79/><E109/><V126/><F126/><W19/><G19/><T104/><D35/><U3/><E3/><V73/><F91/><W71/><G71/><T89/><D34/><U98/><E65/><V36/><F52/><W59/><G59/><T128/><D128/><U55/><E98/><V100/><F21/><W24/><G103/><T112/><D112/><U130/><E130/><V0/><F30/><W77/><G26/><T9/><D9/><U48/><E87/><V99/><F99/><W44/><G32/><T83/><D104/><U80/><E80/><V92/><F92/><W127/><G95/><T110/><D110/><U27/><E51/><V28/><F28/><W14/><G127/><T42/><D42/><U67/><E67/><V11/><F78/><W54/><G77/><T131/><D131/><U124/><E124/><V1/><REACH who="2" step="1"/><F11/><REACH who="2" ten="77,275,298,340" step="2"/><W133/><G10/><T111/><D111/><U46/><E15/><N who="3" m="5642" /><G133/><T62/><REACH who="0" step="1"/><D25/><REACH who="0" ten="67,275,298,340" step="2"/><U22/><E22/><V37/><AGARI ba="0,2" hai="0,1,36,37,40,43,45,47,73,74,100,102,105,106" machi="37" ten="25,6400,0" yaku="1,1,0,1,22,2,53,0" doraHai="58" doraHaiUra="108" who="2" fromWho="2" sc="67,-16,275,-16,298,84,340,-32" owari="51,-44.9,259,-14.1,382,48.2,308,10.8" /></mjloggm>