<mjloggm ver="2.3"><GO type="225" lobby="0"/><UN n0="%E3%83%8B%E3%83%BC%E3%83%88%E3%81%AE%E7%8E%8B" n1="%E4%BF%BA%E3%81%A8%E5%A6%96%E5%A4%A2" n2="%E5%A4%9C%E3%81%AE%E3%82%AC%E3%82%B9%E3%83%91%E3%83%BC%E3%83%AB" n3="%E3%81%B5%E3%81%98%E3%81%8B%E3%81%A4" dan="16,17,16,17" rate="2050.58,2186.93,2172.07,2206.03" sx="M,F,M,M"/><TAIKYOKU oya="0"/><INIT seed="0,0,0,0,3,121" ten="250,250,250,250" oya="0" hai0="1,111,34,113,53,13,127,129,125,15,79,51,0" hai1="126,61,114,40,95,98,135,85,104,35,130,31,122" hai2="66,133,96,112,28,102,69,47,76,71,27,128,90" hai3="97,25,10,116,103,26,134,52,22,38,119,88,32"/><T21/><D113/><U64/><E122/><V24/><F112/><W39/><G10/><T42/><D42/><U60/><E114/><V2/><F2/><W80/><G134/><T73/><D73/><U77/><E135/><V91/><F133/><W70/><G70/><T33/><D79/><U23/><E35/><N who="0" m="13321" /><D51/><U56/><E130/><V6/><F6/><W108/><G32/><T101/><D101/><U4/><E126/><N who="0" m="48137" /><D53/><U49/><E104/><V106/><F71/><W43/><G103/><T54/><D54/><U62/><E40/><V92/><F76/><W118/><G52/><T58/><D58/><U55/><E77/><V29/><F128/><W50/><G43/><T45/><D45/><U20/><E85/><V7/><F47/><W65/><G50/><T107/><D107/><U120/><E120/><V109/><F106/><W8/><G65/><T11/><D129/><U124/><E124/><V100/><F100/><W30/><G119/><T14/><D21/><U37/><E20/><V86/><F66/><W36/><G22/><T18/><D111/><U89/><E37/><V9/><F109/><W63/><G108/><T123/><D123/><U115/><E115/><V68/><F102/><W131/><G131/><T41/><D41/><U57/><E23/><V75/><F75/><W82/><G118/><T17/><D11/><U74/><E74/><V83/><F69/><W105/><G8/><T78/><D78/><U93/><E64/><V5/><F68/><W132/><G116/><T117/><D117/><U67/><E67/><V16/><F9/><W87/><G132/><RYUUKYOKU ba="0,0" sc="250,30,250,-10,250,-10,250,-10" hai0="0,1,13,14,15,17,18" /><INIT seed="0,1,0,5,0,106" ten="280,240,240,240" oya="0" hai0="123,45,30,15,68,87,74,69,122,76,33,62,57" hai1="111,64,24,42,97,25,104,31,133,77,39,46,135" hai2="115,116,98,10,132,82,130,91,81,0,12,72,60" hai3="93,101,88,14,114,41,121,66,117,126,86,8,129"/><T131/><D131/><U89/><E111/><V44/><F115/><W26/><G117/><T52/><D33/><U6/><E6/><V21/><F130/><W110/><G114/><T1/><D1/><U35/><E24/><V34/><F34/><W84/><G110/><T75/><D30/><U50/><E64/><V22/><F0/><W2/><G129/><T83/><D45/><U108/><E108/><V47/><F132/><N who="1" m="50761" /><E77/><V20/><F116/><W38/><G2/><T102/><D102/><N who="1" m="62543" /><E89/><V119/><F119/><W78/><G78/><T134/><D134/><U79/><E79/><V118/><F118/><W92/><G121/><T32/><D32/><U13/><E13/><V28/><F28/><W67/><G26/><T37/><D15/><U70/><E70/><V71/><F91/><W125/><G101/><T7/><D7/><U4/><E4/><V128/><F98/><W43/><G88/><T63/><D37/><AGARI ba="1,0" hai="25,31,35,37,39,42,46,50" m="62543,50761" machi="37" ten="30,1000,0" yaku="20,1" doraHai="106" who="1" fromWho="0" sc="280,-13,240,13,240,0,240,0" /><INIT seed="1,0,0,1,0,56" ten="267,253,240,240" oya="1" hai0="131,116,111,5,11,19,134,133,94,36,65,58,132" hai1="69,61,135,66,40,26,28,92,117,130,110,101,64" hai2="3,123,63,75,112,53,70,118,48,104,46,39,84" hai3="54,126,20,33,47,60,102,120,97,49,91,9,121"/><U22/><E117/><V35/><RYUUKYOKU type="yao9" ba="0,0" sc="267,0,253,0,240,0,240,0" hai2="3,35,39,46,48,53,63,70,75,84,104,112,118,123" /><INIT seed="1,1,0,2,0,91" ten="267,253,240,240" oya="1" hai0="121,57,32,8,124,23,101,39,123,129,10,34,119" hai1="24,98,56,11,90,109,105,96,9,37,87,81,52" hai2="13,50,106,42,51,117,130,22,17,20,25,40,2" hai3="111,73,38,132,80,103,110,66,93,108,102,55,65"/><U107/><E37/><V84/><F117/><W76/><G38/><T78/><D39/><U29/><E109/><V135/><F2/><W4/><G4/><T12/><D78/><U94/><E105/><V113/><F106/><W134/><G55/><T77/><D77/><U122/><E107/><V0/><F0/><W43/><G43/><T44/><D44/><U15/><E122/><N who="0" m="46601" /><D101/><N who="3" m="38409" /><G65/><T71/><D57/><U49/><E81/><V5/><F130/><W86/><G66/><T85/><D85/><U92/><E15/><V127/><F127/><W63/><G63/><T28/><D71/><U41/><E41/><N who="2" m="15979" /><F135/><N who="3" m="51755" /><G93/><T46/><D46/><U131/><E131/><V54/><F5/><W118/><G118/><T120/><D129/><U95/><E87/><AGARI ba="1,0" hai="73,76,80,86,87,108,110,111" m="51755,38409" machi="87" ten="40,8000,1" yaku="14,1,20,1,34,2" doraHai="91" who="3" fromWho="1" sc="267,0,253,-83,240,0,240,83" /><INIT seed="2,0,0,5,3,119" ten="267,170,240,323" oya="2" hai0="114,2,122,135,92,108,4,111,90,13,21,63,50" hai1="109,87,19,88,10,36,100,69,29,47,44,60,0" hai2="128,27,99,77,23,130,54,6,26,105,98,76,89" hai3="104,101,56,33,71,123,65,72,37,7,129,120,132"/><V55/><F6/><W91/><G91/><T32/><D114/><U73/><E73/><V107/><F23/><W20/><G56/><T15/><D32/><U59/><E36/><V5/><F5/><W41/><G20/><T49/><D135/><U40/><E109/><N who="0" m="42057" /><D2/><U1/><E69/><V78/><F77/><W8/><G132/><T93/><D93/><U43/><E29/><V42/><F42/><N who="1" m="15913" /><E0/><V34/><REACH who="2" step="1"/><F89/><REACH who="2" ten="267,170,230,323" step="2"/><W81/><G7/><T85/><D21/><U58/><E1/><V86/><F86/><W124/><G33/><AGARI ba="0,1" hai="26,27,33,34,54,55,76,78,98,99,105,107,128,130" machi="33" ten="25,4800,0" yaku="1,1,22,2,53,0" doraHai="119" doraHaiUra="131" who="2" fromWho="3" sc="267,0,170,0,230,58,323,-48" /><INIT seed="2,1,0,4,3,14" ten="267,170,288,275" oya="2" hai0="24,16,31,30,10,127,121,2,120,122,118,134,67" hai1="61,76,106,18,79,87,96,60,113,36,86,126,20" hai2="5,28,70,74,103,51,3,8,102,85,32,124,83" hai3="26,129,95,23,58,42,55,68,112,116,77,101,40"/><V132/><F70/><W72/><G116/><T131/><D67/><U59/><E113/><V133/><F74/><W47/><G112/><T81/><D81/><U35/><E35/><V22/><F124/><W69/><G129/><T100/><D100/><U11/><E36/><V65/><F65/><W107/><G107/><T99/><D99/><U9/><E126/><V0/><F32/><W29/><G77/><N who="1" m="29770" /><E96/><V6/><F51/><W88/><G101/><T108/><D118/><U110/><E110/><V48/><F48/><W62/><G72/><T25/><D127/><U89/><E106/><V33/><F33/><W114/><G114/><T34/><D108/><U38/><E38/><V13/><F83/><W84/><REACH who="3" step="1"/><G40/><REACH who="3" ten="267,170,288,265" step="2"/><T27/><D131/><U94/><E87/><V56/><F85/><W21/><G21/><N who="0" m="13351" /><D134/><U109/><E109/><V52/><F103/><W98/><G98/><T17/><D2/><U66/><E61/><N who="2" m="35975" /><F102/><W54/><G54/><T117/><D117/><U44/><E44/><V49/><F3/><W90/><G90/><T53/><D53/><U39/><E39/><AGARI ba="1,1" hai="23,26,29,39,42,47,55,58,62,68,69,84,88,95" machi="39" ten="30,7700,0" yaku="1,1,7,1,54,1,53,1" doraHai="14" doraHaiUra="43" who="3" fromWho="1" sc="267,0,170,-80,288,0,265,90" /><INIT seed="3,0,0,3,3,26" ten="267,90,288,355" oya="3" hai0="111,2,6,127,48,124,21,7,117,14,28,87,44" hai1="17,118,70,130,80,23,86,112,93,20,51,40,56" hai2="106,66,11,128,57,25,123,129,12,77,82,131,8" hai3="121,79,115,36,95,62,19,37,18,92,1,100,71"/><W101/><G121/><T60/><D117/><U50/><E112/><V83/><F106/><W54/><G1/><T0/><D60/><U81/><E118/><V67/><F123/><W58/><G79/><T45/><D87/><U33/><E130/><V76/><F57/><W9/><G71/><T39/><D39/><U61/><E70/><V55/><F55/><W99/><G115/><T89/><D89/><U31/><E33/><V116/><F116/><W108/><G108/><T91/><D91/><U4/><E4/><N who="0" m="1577" /><D111/><U32/><E32/><V109/><F109/><W34/><G37/><T10/><D45/><U84/><E93/><V5/><F11/><W125/><G95/><T119/><D44/><U126/><E126/><N who="0" m="48169" /><D48/><U74/><E74/><V38/><F38/><W73/><G62/><T96/><D96/><U13/><E40/><V30/><F77/><W134/><G99/><T104/><D104/><U97/><E97/><V42/><F42/><W24/><G92/><T75/><D75/><U88/><E84/><N who="2" m="48199" /><F83/><W72/><G73/><T114/><D114/><U133/><E81/><V85/><F85/><W16/><G72/><T35/><D119/><U52/><REACH who="1" step="1"/><E133/><REACH who="1" ten="267,80,288,355" step="2"/><V49/><F131/><W122/><G134/><T59/><D35/><U69/><E69/><V68/><F129/><W110/><G34/><T64/><D2/><U63/><E63/><V41/><F128/><W90/><G125/><T102/><D0/><U22/><E22/><N who="2" m="15671" /><F68/><W46/><G110/><T78/><D21/><U113/><E113/><V105/><F105/><W3/><G3/><T135/><D135/><RYUUKYOKU ba="0,1" sc="267,-15,80,15,288,15,355,-15" hai1="13,17,20,23,31,50,51,52,56,61,80,86,88" hai2="5,8,12,41,49,66,67" owari="252,-14.8,95,-40.5,303,10.3,350,45.0" /></mjloggm>