<mjloggm ver="2.3"><GO type="225" lobby="0"/><UN n0="%74%61%6B%75%61%6B%61" n1="%28%EF%BF%A3%E2%96%BD%EF%BF%A3%29%CE%B4%E2%8C%92%E3%83%BB" n2="%E8%B1%86%59%E5%A4%AA%E9%83%8E" n3="%77%72%77%72%77%72%77%72" dan="16,16,16,16" rate="2105.52,2161.40,2016.12,2132.34" sx="M,M,M,M"/><TAIKYOKU oya="0"/><INIT seed="0,0,0,0,3,125" ten="250,250,250,250" oya="0" hai0="42,54,99,47,16,89,8,98,129,81,84,134,106" hai1="14,86,49,61,60,90,83,77,0,15,51,74,94" hai2="68,43,19,63,115,12,126,132,114,93,50,17,24" hai3="55,122,87,73,29,34,123,57,37,103,88,11,25"/><T22/><D134/><U75/><E0/><V80/><F126/><W104/><G73/><T121/><D121/><N who="3" m="46089" /><G37/><T85/><D129/><U32/><E32/><V33/><F132/><W102/><G11/><T101/><D8/><U53/><E74/><V21/><F80/><N who="3" m="49255" /><G104/><T13/><D54/><U36/><E36/><V71/><F93/><W78/><G78/><T107/><D84/><U41/><E41/><V6/><F6/><W67/><G67/><T72/><D72/><U135/><E51/><AGARI ba="0,0" hai="25,29,34,51,55,57,102,103" m="49255,46089" machi="51" ten="30,2000,0" yaku="13,1,54,1" doraHai="125" who="3" fromWho="1" sc="250,0,250,-20,250,0,250,20" /><INIT seed="1,0,0,2,1,100" ten="250,230,250,270" oya="1" hai0="53,79,115,71,24,16,124,107,67,118,93,19,97" hai1="76,123,92,95,111,22,21,57,90,11,32,98,83" hai2="45,89,75,87,60,9,86,44,39,119,49,68,59" hai3="38,77,106,42,80,74,25,135,41,3,102,23,73"/><U94/><E32/><V28/><F75/><W131/><G3/><T8/><D115/><U46/><E123/><V14/><F68/><W58/><G131/><T120/><D118/><U51/><E111/><V37/><F28/><W0/><G0/><T70/><D124/><U121/><E121/><V103/><F103/><W91/><G135/><T15/><D107/><U127/><E127/><V134/><F134/><W99/><G73/><T10/><D79/><U43/><E95/><V84/><F39/><W2/><G2/><T129/><D129/><U113/><E113/><V61/><F37/><W65/><G38/><T88/><D120/><U4/><E94/><V132/><F119/><W18/><REACH who="3" step="1"/><G91/><REACH who="3" ten="250,230,250,260" step="2"/><T6/><D67/><U1/><REACH who="1" step="1"/><E57/><REACH who="1" ten="250,220,250,260" step="2"/><V69/><F132/><W54/><G54/><T108/><D53/><U82/><E82/><N who="2" m="49303" /><F69/><W78/><G78/><T50/><D70/><U112/><E112/><V81/><F59/><W30/><G30/><T105/><D71/><U27/><E27/><V40/><F45/><W12/><G12/><T85/><D24/><U47/><E47/><V128/><F128/><W33/><G33/><T96/><D15/><U62/><E62/><AGARI ba="0,2" hai="18,23,25,41,42,58,62,65,74,77,80,99,102,106" machi="62" ten="40,2600,0" yaku="1,1,52,1,53,0" doraHai="100" doraHaiUra="116" who="3" fromWho="1" sc="250,0,220,-26,250,0,260,46" /><INIT seed="2,0,0,3,1,9" ten="250,194,250,306" oya="2" hai0="46,130,118,125,94,124,117,22,102,10,131,3,115" hai1="70,56,81,107,15,17,82,77,116,38,97,122,96" hai2="57,64,111,59,74,83,5,132,93,105,16,32,42" hai3="43,48,86,52,54,39,126,21,114,68,33,35,87"/><V110/><F105/><W71/><G126/><N who="0" m="48747" /><D46/><U104/><E70/><V108/><F5/><W133/><G39/><T127/><N who="0" m="48755" /><T63/><DORA hai="76" /><D115/><U2/><E2/><V66/><F32/><W36/><G36/><T40/><D40/><U101/><E38/><V72/><F93/><W120/><G120/><T103/><D63/><U78/><E116/><N who="0" m="44649" /><D22/><U29/><E122/><V50/><F132/><W8/><G21/><T49/><D49/><U18/><E29/><V100/><F100/><N who="0" m="38442" /><D94/><U65/><E101/><V119/><F119/><W69/><G114/><T19/><D19/><U11/><E56/><N who="2" m="21579" /><F16/><W73/><G133/><T51/><D51/><U44/><E44/><N who="2" m="25879" /><F66/><W113/><G113/><T6/><AGARI ba="0,0" hai="3,6,10,130,131" m="38442,44649,48755" machi="6" ten="50,3200,0" yaku="18,1,12,1" doraHai="9,76" who="0" fromWho="0" sc="250,32,194,-8,250,-16,306,-8" /><INIT seed="3,0,0,3,5,31" ten="282,186,234,298" oya="3" hai0="121,119,8,5,62,79,13,120,1,4,89,10,26" hai1="93,112,106,100,33,69,130,88,59,132,97,35,27" hai2="39,38,80,96,20,85,98,66,25,22,6,94,49" hai3="84,41,111,43,3,118,117,108,135,128,95,91,60"/><W103/><G3/><T64/><D119/><N who="3" m="45577" /><G103/><T51/><D79/><U104/><E69/><V52/><F6/><W107/><G107/><T40/><D26/><U99/><E112/><V67/><F39/><W72/><G72/><T113/><D113/><U109/><E132/><V102/><F38/><W48/><G135/><T75/><D75/><U73/><E73/><V92/><F85/><W21/><G21/><T129/><D129/><U63/><E130/><V57/><F80/><W29/><G29/><T126/><D126/><U61/><E109/><N who="3" m="42058" /><G128/><T70/><REACH who="0" step="1"/><D89/><REACH who="0" ten="272,186,234,298" step="2"/><U46/><E27/><V82/><F25/><W44/><G60/><T30/><D30/><U134/><E134/><V16/><F82/><W24/><G24/><T50/><D50/><U55/><E106/><V7/><F102/><W133/><G133/><T81/><D81/><U53/><E46/><AGARI ba="0,1" hai="1,4,5,8,10,13,40,46,51,62,64,70,120,121" machi="46" ten="40,1300,0" yaku="1,1,53,0" doraHai="31" doraHaiUra="23" who="0" fromWho="1" sc="272,23,186,-13,234,0,298,0" /><INIT seed="4,0,0,3,4,50" ten="295,173,234,298" oya="0" hai0="67,3,112,42,10,113,70,47,121,92,131,83,7" hai1="25,119,133,91,63,129,27,98,44,89,117,21,5" hai2="109,35,104,45,79,123,15,102,71,68,39,6,95" hai3="110,40,60,72,101,96,58,46,53,33,56,52,115"/><T87/><D121/><U135/><E44/><V122/><F95/><W127/><G110/><T93/><D131/><U103/><E5/><V66/><F15/><W30/><G72/><T80/><D67/><U94/><E63/><N who="2" m="40031" /><F6/><W17/><G127/><T12/><D70/><U90/><E27/><V23/><F23/><W65/><G115/><N who="0" m="44107" /><D3/><U76/><E25/><V54/><F54/><W37/><G17/><T116/><D116/><N who="1" m="44619" /><E21/><V19/><F19/><W36/><G30/><T48/><D83/><U51/><E51/><V118/><F79/><AGARI ba="0,0" hai="7,10,12,42,47,48,79,80,87,92,93" m="44107" machi="79" ten="30,2900,0" yaku="25,1,15,1" doraHai="50" who="0" fromWho="2" sc="295,29,173,0,234,-29,298,0" owari="324,42.4,173,-32.7,205,-19.5,298,9.8" /></mjloggm>