<mjloggm ver="2.3"><GO type="225" lobby="0"/><UN n0="%E3%81%AA%E3%82%81%E3%81%93%E9%9B%80%E5%A3%AB" n1="%E9%98%BF%E9%83%A8%E5%AF%9B%EF%BC%A0%E9%B3%B3%E5%8D%93" n2="%E9%B3%B3%E6%9D%B1%E3%81%AE%E3%81%BF%E3%81%91%E3%81%AB%E3%82%83%E3%82%93" n3="%E6%97%A5%E6%9B%9C%E6%97%A5%E3%82%88%E3%82%8A%E3%81%AE%E4%BD%BF%E8%80%85" dan="16,16,17,17" rate="2071.39,2107.64,2141.20,2100.18" sx="M,F,F,M"/><TAIKYOKU oya="0"/><INIT seed="0,0,0,5,2,51" ten="250,250,250,250" oya="0" hai0="61,23,78,17,88,57,26,34,82,4,87,72,86" hai1="117,32,12,0,129,108,67,15,9,21,22,133,30" hai2="28,64,131,37,123,25,18,39,106,5,81,120,38" hai3="94,97,52,77,84,85,80,99,42,45,89,110,66"/><T50/><D34/><U3/><E67/><V29/><F106/><W48/><G110/><T71/><D71/><U130/><E108/><V134/><F134/><W11/><G66/><T63/><D4/><U101/><E101/><V41/><F131/><N who="1" m="50185" /><E133/><V46/><F5/><W36/><REACH who="3" step="1"/><G11/><REACH who="3" ten="250,250,250,240" step="2"/><T91/><D72/><U10/><E117/><V19/><F64/><W127/><G127/><T62/><D87/><U70/><E70/><V6/><F120/><W103/><G103/><T76/><D78/><U118/><E118/><V100/><F123/><W132/><G132/><T55/><AGARI ba="0,1" hai="17,23,26,50,55,57,61,62,63,76,82,86,88,91" machi="55" ten="30,11700,0" yaku="0,1,8,1,52,1,54,1" doraHai="51" who="0" fromWho="0" sc="250,127,250,-39,250,-39,240,-39" /><INIT seed="0,1,0,0,4,19" ten="377,211,211,201" oya="0" hai0="76,16,55,72,54,61,101,67,83,104,105,5,97" hai1="87,100,9,122,28,65,10,98,48,94,63,64,51" hai2="78,117,49,45,111,12,13,128,18,30,112,56,11" hai3="43,73,91,82,35,69,39,102,120,93,92,133,107"/><T40/><D105/><U129/><E122/><V44/><F112/><W27/><G133/><T32/><D5/><U21/><E129/><V41/><F128/><W25/><G69/><T17/><D40/><U29/><E87/><V86/><F111/><W79/><G120/><T31/><D55/><U46/><E51/><V74/><F74/><W20/><G35/><T23/><D54/><U130/><E130/><V131/><F131/><W121/><G121/><T6/><D6/><U89/><E89/><V106/><F106/><W123/><G123/><T132/><D132/><U34/><E34/><V113/><F113/><W42/><G39/><T15/><D17/><U22/><E28/><V66/><F45/><W135/><G135/><T1/><D32/><U127/><E127/><V37/><F30/><N who="3" m="17703" /><G92/><T90/><D31/><U53/><E64/><V58/><F117/><W68/><G27/><T110/><D90/><U85/><E85/><V108/><F108/><W125/><G68/><T62/><D110/><U3/><E3/><V52/><F13/><W103/><G103/><T24/><D24/><U109/><E109/><V114/><F114/><W60/><G60/><T81/><D81/><U71/><REACH who="1" step="1"/><E29/><REACH who="1" ten="377,201,211,201" step="2"/><V59/><REACH who="2" step="1"/><F66/><REACH who="2" ten="377,201,201,201" step="2"/><W118/><G118/><T7/><REACH who="0" step="1"/><D67/><REACH who="0" ten="367,201,201,201" step="2"/><U119/><E119/><V47/><F47/><W116/><G116/><T96/><D96/><U33/><E33/><V38/><F38/><W134/><G134/><T8/><AGARI ba="1,3" hai="1,7,8,15,16,23,61,62,72,76,83,97,101,104" machi="8" ten="30,12000,1" yaku="1,1,0,1,52,1,54,1,53,1" doraHai="19" doraHaiUra="99" who="0" fromWho="0" sc="367,153,201,-41,201,-41,201,-41" /><INIT seed="0,2,0,5,2,61" ten="520,160,160,160" oya="0" hai0="48,109,72,77,28,90,112,88,69,85,43,46,62" hai1="68,89,55,2,122,108,132,114,11,14,126,50,64" hai2="35,8,9,107,134,10,78,82,116,119,104,42,0" hai3="124,34,57,123,117,33,110,45,70,19,32,56,91"/><T98/><D112/><U81/><E122/><V111/><F35/><W100/><G117/><N who="2" m="45129" /><F111/><W118/><G70/><T4/><D72/><U41/><E108/><V130/><F130/><W59/><G118/><T6/><D109/><U18/><E114/><V38/><F134/><W1/><G110/><T15/><D28/><U133/><E2/><V52/><F0/><W84/><G1/><T30/><D30/><U7/><E126/><V25/><F25/><W29/><G29/><T120/><D120/><U128/><E128/><V73/><F52/><W39/><G100/><T23/><D98/><U60/><E41/><V103/><F103/><W74/><G74/><T13/><D13/><U3/><E3/><V12/><F12/><W75/><G75/><T87/><D6/><U26/><E26/><V36/><F42/><W121/><G19/><T24/><D24/><U99/><E7/><V93/><F93/><W20/><G20/><T37/><D23/><U16/><E18/><V105/><AGARI ba="2,0" hai="8,9,10,36,38,73,78,82,104,105,107" m="45129" machi="105" ten="40,1500,0" yaku="12,1" doraHai="61" who="2" fromWho="2" sc="520,-9,160,-6,160,21,160,-6" /><INIT seed="1,0,0,0,1,34" ten="511,154,181,154" oya="1" hai0="79,11,14,29,98,13,95,101,9,0,59,23,26" hai1="51,56,102,100,42,49,111,46,63,48,112,127,72" hai2="84,107,25,37,58,104,124,44,17,5,74,52,97" hai3="103,40,86,60,68,16,62,106,20,35,115,130,65"/><U75/><E112/><V18/><F74/><W110/><G115/><T122/><D79/><U78/><E127/><V22/><F124/><W32/><G110/><T3/><D122/><U133/><E111/><V120/><F120/><W94/><G130/><T67/><D13/><U123/><E123/><V76/><F5/><W116/><G116/><T53/><D11/><U54/><E133/><V7/><F7/><W10/><G106/><T89/><D67/><U30/><E75/><V6/><F6/><W83/><G40/><T4/><REACH who="0" step="1"/><D101/><REACH who="0" ten="501,154,181,154" step="2"/><U87/><E72/><V15/><F15/><W45/><G10/><T91/><D91/><U105/><E30/><V47/><F76/><W61/><G65/><T121/><D121/><U88/><E78/><V39/><F107/><W73/><G73/><T118/><D118/><U131/><E131/><V117/><F104/><W64/><G64/><T2/><D2/><U85/><E105/><V77/><F77/><W80/><G103/><N who="1" m="39466" /><E85/><V99/><F84/><W129/><G129/><T108/><D108/><U50/><E63/><AGARI ba="0,1" hai="0,3,4,9,14,23,26,29,53,59,63,89,95,98" machi="63" ten="30,8000,1" yaku="1,1,7,1,52,2,53,1" doraHai="34" doraHaiUra="92" who="0" fromWho="1" sc="501,90,154,-80,181,0,154,0" /><INIT seed="2,0,0,3,0,89" ten="591,74,181,154" oya="2" hai0="24,15,113,95,2,117,96,43,33,40,118,45,60" hai1="22,126,21,1,80,46,57,69,74,13,120,131,97" hai2="71,63,119,110,47,49,73,62,68,28,128,88,106" hai3="115,70,133,37,4,31,64,109,5,86,0,90,41"/><V75/><F106/><W125/><G31/><N who="0" m="19687" /><D113/><U132/><E69/><V27/><F119/><N who="0" m="45578" /><D2/><U94/><E1/><V65/><F128/><W67/><G86/><T42/><D60/><U18/><E131/><V8/><F8/><W77/><G77/><T48/><D15/><U23/><E126/><V93/><F110/><W52/><G41/><T16/><D16/><U121/><E132/><V17/><F17/><W100/><G109/><T130/><D130/><U91/><E46/><V3/><F3/><W54/><G0/><T29/><D29/><U6/><E6/><V102/><F102/><AGARI ba="0,0" hai="40,42,43,45,48,95,96,102" m="45578,19687" machi="102" ten="30,2000,0" yaku="12,1,52,1" doraHai="89" who="0" fromWho="2" sc="591,20,74,0,181,-20,154,0" /><INIT seed="3,0,0,1,4,100" ten="611,74,161,154" oya="3" hai0="110,132,73,120,28,89,80,105,61,85,7,119,34" hai1="65,20,6,43,1,47,54,109,72,59,91,45,84" hai2="39,3,23,128,113,35,53,13,30,81,22,121,79" hai3="108,127,63,130,18,101,88,104,114,112,75,78,12"/><W98/><G127/><T93/><D119/><U8/><E109/><V10/><F39/><W58/><G130/><T133/><D110/><U74/><E65/><V134/><F35/><W49/><G49/><T99/><D7/><U9/><E47/><V86/><F3/><W71/><G71/><T96/><D61/><U125/><E125/><V4/><F121/><W69/><G69/><T55/><D55/><U126/><E126/><V41/><F113/><W102/><G102/><N who="0" m="62663" /><D28/><U131/><E131/><V16/><F134/><N who="0" m="51818" /><D34/><U11/><E72/><V68/><F68/><W115/><G108/><T46/><D46/><U42/><E74/><V2/><F41/><W97/><G78/><N who="0" m="44111" /><D120/><U83/><E43/><V106/><F53/><W123/><G123/><T60/><D60/><U50/><E20/><V26/><F128/><W32/><G32/><T31/><D31/><U94/><REACH who="1" step="1"/><E83/><REACH who="1" ten="611,64,161,154" step="2"/><V37/><F23/><W52/><G75/><T38/><D38/><U129/><E129/><V27/><F37/><W24/><G115/><T107/><D107/><U87/><E87/><AGARI ba="0,1" hai="85,87,89,93,99" m="44111,51818,62663" machi="87" ten="30,7700,0" yaku="20,1,34,2,52,1" doraHai="100" who="0" fromWho="1" sc="611,87,64,-77,161,0,154,0" owari="698,79.8,-13,-51.3,161,-3.9,154,-24.6" /></mjloggm>