<mjloggm ver="2.3"><GO type="225" lobby="0"/><UN n0="%E7%99%BD%E6%97%A5%E9%9B%AA%E8%8F%9C" n1="%E2%98%86%E5%AD%AB%E7%87%95%E5%A7%BF%E2%98%86" n2="%E8%B6%85%E7%B4%9A%E9%B3%B3%E5%87%B0" n3="%2D%E8%B1%8A%E5%8F%A3%E3%82%81%E3%81%90%E3%81%BF%2D" dan="17,16,17,16" rate="2216.44,2190.41,2198.02,2092.78" sx="M,M,M,F"/><TAIKYOKU oya="0"/><INIT seed="0,0,0,0,5,90" ten="250,250,250,250" oya="0" hai0="98,82,28,105,129,113,68,53,95,4,106,10,62" hai1="35,21,37,20,122,12,49,119,34,80,2,87,32" hai2="103,42,29,27,133,135,76,130,38,72,54,14,121" hai3="15,126,104,125,124,84,41,132,110,134,99,39,75"/><T3/><D113/><U118/><E37/><V26/><F121/><W11/><G75/><T55/><D129/><U43/><E122/><V9/><F130/><W44/><G84/><T33/><D82/><U114/><E2/><V58/><F103/><N who="3" m="62591" /><G110/><T128/><D128/><U101/><E114/><V31/><F72/><W70/><G70/><T97/><D97/><U66/><E66/><V22/><F76/><W71/><G71/><T91/><D28/><U108/><E108/><V8/><F42/><W100/><G100/><T65/><REACH who="0" step="1"/><D33/><REACH who="0" ten="240,250,250,250" step="2"/><U81/><E81/><V59/><F31/><W51/><G39/><T89/><D89/><U64/><E101/><V50/><F38/><W5/><AGARI ba="0,1" hai="5,11,15,41,44,51,124,125,126,132,134" m="62591" machi="5" ten="40,1500,0" yaku="18,1" doraHai="90" who="3" fromWho="3" sc="240,-7,250,-4,250,-4,250,25" /><INIT seed="1,0,0,5,5,54" ten="233,246,246,275" oya="1" hai0="12,20,1,105,67,72,133,38,37,111,75,118,58" hai1="44,55,73,57,106,60,99,4,93,65,53,86,130" hai2="69,28,17,27,109,113,88,0,81,122,102,112,31" hai3="96,59,132,19,18,128,66,108,41,82,5,22,45"/><U110/><E73/><V36/><F122/><W131/><G108/><T104/><D1/><U23/><E106/><V119/><F119/><W129/><G132/><T8/><D118/><U77/><E130/><V52/><F0/><W50/><G5/><T46/><D111/><U89/><E110/><V103/><F109/><W76/><G96/><T83/><D20/><U48/><E4/><V92/><F69/><W79/><G22/><T10/><D133/><U68/><E23/><N who="2" m="13807" /><F36/><W135/><G135/><T6/><D10/><U97/><REACH who="1" step="1"/><E77/><REACH who="1" ten="233,236,246,275" step="2"/><V125/><F112/><W14/><G79/><T25/><D105/><U2/><E2/><V11/><F113/><W26/><G26/><T15/><D104/><U95/><E95/><V101/><F11/><W100/><G14/><T39/><D25/><U9/><E9/><V114/><F114/><W33/><G33/><T134/><D15/><U91/><E91/><V16/><F88/><W32/><G32/><T78/><D72/><U40/><E40/><V35/><F35/><W127/><G100/><T80/><D134/><U3/><E3/><V56/><F92/><W43/><G43/><N who="0" m="22895" /><D83/><U94/><E94/><V30/><F81/><W21/><G21/><T90/><D90/><U121/><E121/><V124/><F16/><W123/><G123/><T29/><D29/><N who="2" m="7426" /><V85/><DORA hai="126" /><F103/><W115/><G115/><T84/><D75/><U47/><E47/><V117/><F117/><W107/><G107/><T120/><D120/><U49/><AGARI ba="0,1" hai="44,48,49,53,55,57,60,65,68,86,89,93,97,99" machi="49" ten="20,12000,1" yaku="1,1,0,1,7,1,52,1,53,1" doraHai="54,126" doraHaiUra="64,98" who="1" fromWho="1" sc="233,-40,236,130,246,-40,275,-40" /><INIT seed="1,1,0,2,1,34" ten="193,366,206,235" oya="1" hai0="113,9,36,111,45,23,27,76,42,93,88,10,59" hai1="116,29,35,91,4,125,51,66,39,79,77,128,126" hai2="56,94,107,87,55,2,81,73,78,3,32,103,80" hai3="69,41,63,15,112,22,58,119,67,64,57,7,52"/><U86/><E39/><V8/><F32/><W68/><G112/><T11/><D113/><U135/><E116/><V12/><F107/><W96/><G119/><T109/><D76/><U33/><E128/><V106/><F106/><W127/><G127/><N who="1" m="48650" /><E135/><V21/><F21/><W61/><G96/><T53/><D53/><U95/><E66/><V131/><F131/><W121/><G121/><T46/><D46/><U99/><E4/><V40/><F40/><W54/><G41/><T97/><REACH who="0" step="1"/><D59/><REACH who="0" ten="183,366,206,235" step="2"/><U123/><E79/><V134/><F78/><W108/><G108/><T104/><D104/><U43/><E77/><V30/><F55/><W124/><G124/><T98/><D98/><U38/><E99/><V0/><F56/><W13/><G7/><T50/><D50/><U48/><E48/><V26/><F134/><W28/><G58/><T44/><D44/><U37/><E51/><V102/><F73/><W19/><G57/><T130/><D130/><U62/><E43/><V75/><F75/><W132/><G132/><T24/><D24/><U72/><E72/><V20/><F87/><W17/><G17/><AGARI ba="1,1" hai="9,10,11,17,23,27,36,42,45,88,93,97,109,111" machi="17" ten="40,2600,0" yaku="1,1,54,1,53,0" doraHai="34" doraHaiUra="100" who="0" fromWho="3" sc="183,39,366,0,206,0,235,-29" /><INIT seed="2,0,0,2,0,69" ten="222,366,206,206" oya="2" hai0="4,80,75,11,42,15,115,53,8,28,27,56,81" hai1="89,110,131,18,7,106,116,78,5,12,36,43,121" hai2="99,39,73,135,130,77,90,109,118,72,122,101,52" hai3="14,16,25,17,87,97,88,70,133,114,92,58,2"/><V134/><F118/><W63/><G2/><T108/><D115/><U100/><E110/><V117/><F117/><W50/><G114/><T31/><D42/><U124/><E124/><V128/><F122/><W38/><G38/><T57/><D108/><U95/><E121/><V94/><F39/><W65/><G133/><N who="2" m="50697" /><F109/><W20/><G50/><T13/><D75/><N who="2" m="28746" /><F52/><W68/><REACH who="3" step="1"/><G97/><REACH who="3" ten="222,366,206,196" step="2"/><T67/><D67/><U71/><E36/><V66/><F66/><W102/><G102/><T111/><D111/><U107/><E116/><V61/><F61/><W22/><AGARI ba="0,1" hai="14,16,17,20,22,25,58,63,65,68,70,87,88,92" machi="22" ten="20,8000,1" yaku="1,1,0,1,7,1,54,2,53,0" doraHai="69" doraHaiUra="37" who="3" fromWho="3" sc="222,-20,366,-20,206,-40,196,90" /><INIT seed="3,0,0,1,4,120" ten="202,346,166,286" oya="3" hai0="71,7,85,131,83,117,3,92,68,88,87,57,61" hai1="4,41,38,95,105,132,101,50,106,20,31,116,16" hai2="6,70,73,94,18,30,93,56,34,127,5,43,109" hai3="74,46,15,32,76,17,53,119,69,21,121,98,1"/><W104/><G119/><T36/><D117/><U64/><E38/><V8/><F70/><W110/><G69/><T58/><D36/><U135/><E31/><V90/><F73/><W10/><G32/><T0/><D131/><U97/><E4/><V23/><F127/><W14/><G1/><T100/><D58/><U40/><E64/><V114/><F114/><W115/><G115/><T35/><D35/><U13/><E116/><V108/><F43/><N who="1" m="16457" /><E50/><V103/><F34/><W24/><G121/><T112/><D112/><U60/><E60/><V47/><F30/><W134/><G134/><AGARI ba="0,0" hai="13,16,20,95,97,101,105,106,132,134,135" m="16457" machi="134" ten="30,2000,0" yaku="20,1,54,1" doraHai="120" who="1" fromWho="3" sc="202,0,346,20,166,0,286,-20" owari="202,-19.8,366,46.6,166,-33.4,266,6.6" /></mjloggm>