<mjloggm ver="2.3"><GO type="225" lobby="0"/><UN n0="%E5%8F%AF%E5%85%90%E9%82%A3%E7%94%B1%E5%A4%9A" n1="%E7%AB%8B%E8%8A%B1%E9%9F%BF" n2="%E5%84%AA%40%41%42%43" n3="%E3%81%A9%E3%82%8F%E3%82%93%E3%81%94" dan="17,17,17,16" rate="2152.03,2133.97,2147.03,2092.70" sx="F,F,M,M"/><TAIKYOKU oya="0"/><INIT seed="0,0,0,2,5,4" ten="250,250,250,250" oya="0" hai0="31,49,57,75,122,102,73,33,127,19,93,21,119" hai1="68,18,10,41,128,113,78,66,84,5,45,62,124" hai2="134,111,38,20,81,47,8,34,103,87,95,22,55" hai3="98,59,32,77,3,26,29,74,13,83,105,6,51"/><T67/><D119/><U61/><E128/><V0/><F34/><W9/><G51/><T135/><D122/><U104/><E104/><V30/><F111/><W65/><G59/><T12/><D135/><U27/><E124/><V112/><F112/><W88/><G65/><T97/><D127/><U96/><E96/><V43/><F134/><W53/><G53/><T106/><D106/><U109/><E109/><V58/><F30/><W126/><G126/><T110/><D110/><U17/><E62/><V69/><F69/><W70/><G70/><T89/><D89/><U72/><E27/><V71/><F71/><W50/><G50/><T125/><D125/><U52/><E52/><V85/><F85/><W16/><G105/><T121/><D121/><U116/><E84/><V133/><F133/><W92/><REACH who="3" step="1"/><G3/><REACH who="3" ten="250,250,250,240" step="2"/><T14/><D49/><U1/><E113/><V37/><F55/><W39/><G39/><T23/><D57/><U56/><E56/><V101/><F38/><W36/><G36/><T40/><D67/><U11/><E68/><V35/><F58/><W44/><G44/><T114/><D114/><U15/><E66/><V90/><F47/><W99/><G99/><T123/><D123/><U82/><E61/><V107/><F37/><W131/><G131/><T100/><D40/><U54/><E54/><V7/><F43/><W130/><G130/><T25/><REACH who="0" step="1"/><D102/><REACH who="0" ten="240,250,250,240" step="2"/><U129/><E41/><V120/><F120/><W46/><G46/><T132/><D132/><U94/><E45/><V28/><F107/><W118/><G118/><T79/><D79/><U80/><E78/><RYUUKYOKU ba="0,2" sc="240,15,250,-15,250,-15,240,15" hai0="12,14,19,21,23,25,31,33,73,75,93,97,100" hai3="6,9,13,16,26,29,32,74,77,83,88,92,98" /><INIT seed="0,1,2,3,4,63" ten="255,235,235,255" oya="0" hai0="16,50,25,106,78,24,27,9,121,61,127,105,81" hai1="15,11,10,42,32,98,0,71,67,85,88,93,97" hai2="64,8,92,126,135,40,2,51,38,57,5,29,108" hai3="13,21,111,59,4,101,79,91,94,104,90,103,18"/><T73/><D121/><U56/><E32/><V43/><F38/><W31/><G111/><T36/><D36/><U58/><E0/><V128/><F108/><W47/><G104/><T75/><D127/><U82/><E42/><V48/><F126/><W112/><G112/><T55/><D73/><U54/><E11/><V132/><F128/><W100/><G79/><T35/><D35/><U68/><E98/><V89/><F29/><W37/><G37/><T70/><D70/><U19/><E58/><V22/><F22/><W95/><G47/><T66/><D66/><U34/><E67/><V119/><F119/><W39/><G39/><T129/><D61/><U49/><REACH who="1" step="1"/><E34/><REACH who="1" ten="255,225,235,255" step="2"/><V20/><F64/><W110/><G110/><T120/><D120/><U125/><E125/><V109/><F57/><W115/><G115/><T96/><D96/><U133/><E133/><N who="2" m="51275" /><F109/><W116/><G116/><T130/><D130/><U123/><E123/><V46/><F20/><W72/><G59/><T52/><D129/><U53/><E53/><N who="2" m="29847" /><F51/><W17/><G21/><T41/><D41/><U113/><E113/><V80/><F80/><W74/><G31/><T69/><D69/><U114/><E114/><V12/><F2/><W28/><G28/><T122/><D122/><U87/><E87/><AGARI ba="1,3" hai="5,8,12,40,43,87,89,92" m="29847,51275" machi="87" ten="30,1000,0" yaku="20,1" doraHai="63" who="2" fromWho="1" sc="255,0,225,-13,235,43,255,0" /><INIT seed="1,0,0,1,4,11" ten="255,212,278,255" oya="1" hai0="99,13,31,81,109,89,123,93,1,52,80,118,19" hai1="56,72,25,85,90,47,96,59,0,120,125,57,9" hai2="40,112,58,71,51,53,37,63,76,7,132,77,28" hai3="5,129,106,111,115,107,135,29,39,86,104,26,94"/><U101/><E72/><V73/><F73/><W44/><G115/><T68/><D118/><U114/><E114/><V46/><F112/><W2/><G111/><T45/><D1/><U84/><E125/><V108/><F108/><W23/><G135/><T82/><D109/><U126/><E126/><V10/><F28/><W22/><G129/><T65/><D123/><U24/><E120/><V54/><F132/><W41/><G2/><T98/><D31/><U30/><E47/><V119/><F119/><W43/><G41/><T38/><D38/><U83/><E85/><V17/><F17/><W36/><G5/><T122/><D122/><U69/><E69/><V49/><F37/><W127/><G127/><T113/><D113/><U128/><E128/><V88/><F88/><W14/><G39/><T27/><D27/><U116/><E116/><V12/><F71/><W124/><G124/><T18/><D68/><U62/><E62/><V35/><F35/><W130/><G130/><T3/><D3/><U95/><REACH who="1" step="1"/><E30/><REACH who="1" ten="255,202,278,255" step="2"/><V32/><F32/><W133/><G86/><N who="0" m="52407" /><D65/><U55/><E55/><V134/><F134/><W21/><G133/><T15/><D52/><U60/><E60/><V100/><F54/><W66/><G66/><T48/><D45/><U20/><E20/><V33/><F33/><W8/><G23/><N who="0" m="11727" /><D48/><U87/><E87/><V78/><F51/><N who="3" m="27039" /><G22/><AGARI ba="0,1" hai="15,19,22,80,81,82,98,99" m="11727,52407" machi="22" ten="30,3900,0" yaku="8,1,52,2" doraHai="11" who="0" fromWho="3" sc="255,49,202,0,278,0,255,-39" /><INIT seed="2,0,0,4,5,88" ten="304,202,278,216" oya="2" hai0="121,44,26,15,110,108,0,79,68,31,132,84,87" hai1="19,71,94,22,10,114,133,1,91,106,76,40,43" hai2="82,11,24,119,96,134,70,30,37,38,63,67,16" hai3="72,65,59,113,73,89,78,103,101,9,60,14,49"/><V51/><F119/><W80/><G113/><T99/><D121/><U126/><E114/><V25/><F134/><W105/><G73/><T100/><D0/><U52/><E106/><V48/><F37/><W32/><G32/><T2/><D2/><U111/><E133/><V3/><F38/><W85/><G49/><T5/><D132/><U29/><E111/><N who="0" m="42537" /><D68/><U34/><E71/><V6/><F82/><W107/><G107/><T118/><D118/><U66/><E66/><V74/><F74/><W53/><G65/><T98/><D44/><U47/><E76/><V41/><F41/><W115/><G105/><T69/><D69/><U75/><E75/><V54/><F96/><W117/><G117/><T62/><D62/><U23/><E126/><V42/><F42/><N who="1" m="15913" /><E34/><V4/><F4/><W92/><REACH who="3" step="1"/><G115/><REACH who="3" ten="304,202,278,206" step="2"/><T131/><D131/><U64/><E64/><V130/><F130/><W116/><G116/><T104/><D104/><U12/><E1/><V112/><F112/><W86/><G86/><T35/><D84/><N who="1" m="52583" /><E29/><V83/><F30/><W57/><G57/><T135/><D135/><U102/><E102/><V18/><F67/><W122/><G122/><T7/><D100/><U13/><E13/><V127/><F70/><W21/><G21/><T56/><D56/><U123/><E123/><V27/><F3/><W39/><G39/><T128/><D128/><U55/><E55/><V8/><F54/><W45/><G45/><T17/><D31/><U93/><E93/><V81/><F81/><W36/><G36/><T120/><D120/><U20/><E20/><V95/><F95/><RYUUKYOKU ba="0,1" sc="304,-15,202,15,278,-15,206,15" hai1="10,12,19,22,23,47,52" hai3="9,14,53,59,60,72,78,80,85,89,92,101,103" /><INIT seed="3,1,1,2,5,113" ten="289,217,263,221" oya="3" hai0="72,56,102,77,124,48,123,54,90,15,92,50,8" hai1="106,74,111,114,105,58,32,27,62,115,98,73,86" hai2="126,97,128,107,127,79,26,37,57,78,13,133,95" hai3="5,67,34,85,110,6,118,51,83,65,11,71,14"/><W93/><G118/><T109/><D123/><U87/><E111/><V131/><F37/><W60/><G34/><T39/><D39/><U20/><E32/><V63/><F26/><W31/><G31/><T10/><D109/><U21/><E58/><V52/><F13/><W43/><G110/><T55/><D124/><N who="2" m="47658" /><F107/><W108/><G108/><T12/><D102/><U30/><E62/><V99/><F97/><W38/><G38/><T130/><D130/><N who="2" m="49706" /><F133/><W64/><G93/><T112/><D112/><U69/><E98/><V23/><F23/><W9/><G9/><N who="0" m="3691" /><D77/><U36/><E36/><V28/><F28/><W89/><REACH who="3" step="1"/><G6/><REACH who="3" ten="289,217,263,211" step="2"/><T104/><D104/><U40/><E30/><V42/><F42/><W96/><G96/><N who="0" m="57367" /><D72/><U94/><E94/><V103/><AGARI ba="1,2" hai="52,57,63,78,79,95,99,103" m="49706,47658" machi="103" ten="30,4000,0" yaku="18,1,19,1,54,1" doraHai="113" who="2" fromWho="2" sc="289,-11,217,-11,263,63,211,-21" owari="278,7.8,206,-19.4,326,42.6,190,-31.0" /></mjloggm>