<mjloggm ver="2.3"><GO type="225" lobby="0"/><UN n0="%E8%BE%9B%E5%8F%A3%E3%82%AB%E3%83%AC%E3%83%BC%E3%83%A9%E3%82%A4%E3%82%B9" n1="%E4%BF%BA%E3%81%A8%E5%A6%96%E5%A4%A2" n2="%E7%AB%8B%E8%8A%B1%E9%9F%BF" n3="%E9%B3%B3%E6%9D%B1%E3%81%AE%E3%81%86%E3%81%95%E3%81%8E%E3%81%95%E3%82%93" dan="17,16,17,17" rate="2216.52,2121.32,2162.40,2214.22" sx="M,F,F,M"/><TAIKYOKU oya="0"/><INIT seed="0,0,0,3,0,132" ten="250,250,250,250" oya="0" hai0="30,43,86,8,111,131,18,77,123,104,25,21,57" hai1="23,133,48,15,130,128,7,82,93,26,92,45,80" hai2="96,2,17,91,115,134,40,22,58,27,47,112,129" hai3="3,69,24,126,20,95,53,74,67,42,1,64,113"/><T51/><D123/><U101/><E133/><V90/><F134/><W16/><G113/><T65/><D104/><U109/><E109/><V33/><F129/><N who="1" m="49769" /><E15/><V87/><F2/><W97/><G74/><T124/><D131/><U46/><E7/><V49/><F33/><W118/><G118/><T89/><D111/><U114/><E114/><V11/><F11/><W79/><G79/><T62/><D77/><U78/><E101/><V127/><F127/><W100/><G126/><T81/><D124/><U108/><E108/><V110/><F110/><W37/><G53/><T52/><D43/><N who="1" m="24639" /><E46/><V50/><F50/><W106/><G37/><T19/><REACH who="0" step="1"/><D8/><REACH who="0" ten="240,250,250,250" step="2"/><U31/><E82/><V125/><F125/><W120/><G42/><T39/><D39/><U85/><AGARI ba="0,1" hai="23,26,31,78,80,85,92,93" m="24639,49769" machi="85" ten="30,1100,0" yaku="19,1" doraHai="132" who="1" fromWho="1" sc="240,-5,250,21,250,-3,250,-3" /><INIT seed="1,0,0,1,3,57" ten="235,271,247,247" oya="1" hai0="112,68,105,110,95,36,49,46,42,77,121,19,102" hai1="101,94,25,128,92,72,82,7,63,6,130,74,1" hai2="37,29,114,79,127,118,80,18,14,61,33,23,50" hai3="106,123,116,97,129,76,17,28,5,39,124,30,58"/><U91/><E101/><V100/><F37/><W87/><G123/><T55/><D112/><U64/><E25/><V78/><F114/><W41/><G129/><N who="1" m="49770" /><E1/><V0/><F0/><W47/><G124/><T43/><D110/><U135/><E135/><V12/><F118/><W69/><G69/><T125/><D125/><U108/><E108/><V15/><F127/><W22/><G5/><N who="1" m="1546" /><E82/><V103/><F29/><W20/><G106/><T13/><D105/><U56/><E94/><V98/><F33/><W4/><G4/><T59/><D121/><U2/><E2/><V32/><F32/><W83/><G116/><T122/><D122/><U86/><AGARI ba="0,0" hai="56,63,64,72,74,86,91,92" m="1546,49770" machi="86" ten="30,3000,0" yaku="19,1,52,1" doraHai="57" who="1" fromWho="1" sc="235,-10,271,30,247,-10,247,-10" /><INIT seed="1,1,0,2,4,75" ten="225,301,237,237" oya="1" hai0="81,32,84,15,87,67,14,20,30,28,43,50,46" hai1="127,19,35,38,13,29,116,12,131,10,41,119,90" hai2="65,64,128,18,118,83,52,26,33,6,36,112,132" hai3="102,45,39,99,130,17,47,89,88,103,56,134,44"/><U76/><E41/><V95/><F118/><W31/><G39/><T1/><D1/><U115/><E38/><V60/><F36/><W110/><G110/><T0/><D0/><U133/><E90/><V70/><F132/><W129/><G134/><T62/><D32/><U66/><E66/><V122/><F122/><W124/><G124/><T16/><D14/><U48/><E48/><V25/><F6/><W61/><G31/><T100/><D100/><N who="3" m="38441" /><G99/><T40/><D40/><U58/><E58/><V73/><F128/><N who="3" m="49259" /><G17/><T11/><D20/><U117/><E131/><V22/><F112/><W4/><G4/><T106/><D106/><U55/><E19/><V9/><F9/><W125/><G125/><T5/><D5/><U82/><E127/><V72/><F33/><W74/><G74/><T94/><D94/><U78/><E29/><V51/><F95/><W120/><G120/><T104/><D104/><U42/><E133/><V7/><F7/><W109/><G109/><T57/><REACH who="0" step="1"/><D87/><REACH who="0" ten="215,301,237,237" step="2"/><U69/><E116/><V59/><F72/><W101/><N who="3" m="38449" /><W80/><DORA hai="121" /><G80/><T2/><D2/><U37/><E119/><V53/><F83/><W111/><G111/><T135/><D135/><U98/><E117/><V107/><F73/><W23/><G23/><T113/><D113/><U79/><E82/><V114/><F107/><W96/><G96/><T77/><AGARI ba="1,1" hai="11,15,16,28,30,43,46,50,57,62,67,77,81,84" machi="77" ten="20,12000,2" yaku="1,1,0,1,7,1,8,1,52,1,54,1,53,0" doraHai="75,121" doraHaiUra="85,126" who="0" fromWho="0" sc="215,133,301,-61,237,-31,237,-31" /><INIT seed="2,0,0,5,2,41" ten="348,240,206,206" oya="2" hai0="113,53,134,21,40,8,103,87,59,20,84,54,126" hai1="124,83,118,101,9,127,73,125,85,55,52,109,77" hai2="110,102,42,7,122,48,115,3,16,24,26,64,75" hai3="13,123,135,133,65,66,27,68,18,98,51,30,70"/><V114/><F122/><W56/><G98/><T71/><D113/><U49/><E118/><V105/><F75/><W119/><G119/><T23/><D71/><N who="3" m="27177" /><G123/><T130/><D130/><U79/><E109/><V96/><F64/><N who="3" m="24683" /><G13/><T132/><D126/><U57/><E101/><V99/><F110/><W108/><G18/><T76/><D40/><U25/><E9/><V93/><F7/><W82/><G82/><T0/><D103/><U60/><E25/><V1/><F114/><W31/><G27/><T2/><D76/><N who="1" m="46311" /><E73/><V19/><F115/><W43/><G108/><T95/><D95/><U50/><E60/><V5/><F26/><W46/><G30/><T111/><D111/><U15/><E15/><V121/><F121/><W97/><G97/><T91/><D8/><U117/><E117/><V63/><F5/><W34/><G31/><T120/><D120/><U131/><E131/><V69/><F3/><W12/><G12/><T37/><D0/><U116/><E116/><V45/><F24/><W39/><G34/><T78/><D20/><U94/><E94/><V4/><F4/><W72/><G72/><T104/><D23/><U112/><E112/><V62/><F1/><W6/><G6/><T86/><D21/><U129/><E129/><V35/><F35/><W61/><G39/><T36/><D37/><U29/><E29/><V106/><F69/><W33/><G33/><T92/><D2/><U74/><E74/><V67/><F67/><AGARI ba="0,0" hai="43,46,51,56,61,67,133,135" m="24683,27177" machi="67" ten="30,3900,0" yaku="34,2,52,1" doraHai="41" who="3" fromWho="2" sc="348,0,240,0,206,-39,206,39" /><INIT seed="3,0,0,4,5,90" ten="348,240,167,245" oya="3" hai0="64,92,52,67,55,10,18,96,87,48,11,15,17" hai1="51,72,82,115,69,118,103,30,94,135,6,80,46" hai2="83,88,122,66,1,71,95,73,126,134,63,12,42" hai3="47,13,131,101,9,4,99,39,24,109,120,37,43"/><W33/><G120/><T116/><D87/><U20/><E115/><V91/><F1/><W3/><G131/><T68/><D68/><U133/><E69/><V74/><F122/><W61/><G109/><T45/><D55/><U38/><E38/><V86/><F134/><N who="1" m="51209" /><E72/><V31/><F126/><W107/><G61/><T128/><D116/><U132/><E6/><V44/><F12/><W14/><REACH who="3" step="1"/><G39/><REACH who="3" ten="348,240,167,235" step="2"/><T23/><D128/><U40/><E132/><V8/><F8/><W93/><G93/><T125/><D10/><U27/><E118/><V104/><F104/><W56/><G56/><T81/><D125/><U78/><E78/><V5/><F5/><W19/><G19/><T98/><D92/><U25/><E94/><V89/><F31/><AGARI ba="0,1" hai="3,4,9,13,14,24,31,33,37,43,47,99,101,107" machi="31" ten="40,3900,0" yaku="1,1,53,1" doraHai="90" doraHaiUra="102" who="3" fromWho="2" sc="348,0,240,0,167,-39,235,49" /><INIT seed="3,1,0,2,5,113" ten="348,240,128,284" oya="3" hai0="77,28,90,75,119,74,135,17,35,43,81,105,8" hai1="63,32,23,33,82,24,38,109,87,6,129,41,60" hai2="79,2,30,14,4,69,100,48,37,130,12,57,127" hai3="47,96,128,34,50,103,40,114,53,20,29,118,89"/><W7/><G114/><T46/><D119/><U18/><E109/><V0/><F69/><W131/><G34/><T115/><D115/><U106/><E106/><V99/><F37/><W116/><G89/><T42/><D105/><U25/><E129/><N who="3" m="49738" /><G7/><T85/><D135/><U134/><E134/><V64/><F130/><W107/><G29/><T58/><D58/><U111/><E111/><V26/><F127/><W83/><G83/><T76/><D43/><U120/><E120/><V13/><F79/><W15/><G20/><T45/><D45/><U51/><E38/><V122/><F122/><W70/><G15/><T62/><D62/><U123/><E6/><V21/><F4/><W54/><G70/><T16/><D28/><U112/><E33/><V27/><F27/><W56/><G53/><T9/><D35/><U73/><E112/><V11/><F11/><N who="0" m="4170" /><D75/><U68/><E73/><V124/><F124/><W121/><G121/><T88/><D74/><U3/><E3/><V36/><F36/><AGARI ba="1,0" hai="36,40,47,50,54,56,96,103,107,116,118" m="49738" machi="36" ten="30,5800,0" yaku="19,1,52,2" doraHai="113" who="3" fromWho="2" sc="348,0,240,0,128,-61,284,61" /><INIT seed="3,2,0,4,5,12" ten="348,240,67,345" oya="3" hai0="56,98,104,133,9,10,109,115,20,5,85,36,51" hai1="2,84,60,41,74,28,14,49,55,114,83,30,67" hai2="78,13,95,99,43,81,106,6,77,64,101,90,68" hai3="92,91,73,18,29,33,71,50,1,102,120,42,65"/><W34/><G120/><T70/><D36/><U32/><E114/><V21/><F43/><W117/><G117/><T24/><D70/><U118/><E2/><V75/><F64/><W130/><G73/><T26/><D115/><U116/><E74/><V54/><F68/><W89/><G1/><T57/><D109/><U37/><E32/><V22/><F54/><W7/><G7/><T69/><D69/><U3/><E3/><V48/><F48/><W134/><G34/><T103/><D133/><U128/><E128/><V38/><F38/><W40/><G130/><T76/><D51/><U31/><E41/><N who="3" m="15978" /><G33/><T87/><D26/><U86/><E37/><V111/><F111/><W105/><G105/><T96/><D96/><U125/><E125/><V25/><F6/><W63/><G29/><T45/><D45/><U15/><E60/><V94/><F13/><W82/><G82/><T113/><D113/><U44/><E67/><V132/><F132/><W27/><G50/><T62/><D76/><U72/><E72/><V4/><F4/><W88/><G102/><T119/><D119/><U123/><E123/><V47/><F47/><W35/><G134/><T122/><D122/><U135/><E135/><V79/><F21/><N who="3" m="13751" /><G35/><T39/><D39/><U110/><E110/><V93/><F22/><W11/><G11/><N who="0" m="4107" /><D5/><U59/><E116/><V129/><F25/><W100/><G100/><T17/><D62/><U108/><E118/><V0/><F0/><W52/><G52/><T80/><D80/><U58/><E108/><V61/><F129/><W124/><G124/><T131/><D131/><RYUUKYOKU ba="2,0" sc="348,15,240,-15,67,-15,345,15" hai0="17,20,24,56,57,85,87,98,103,104" hai3="63,65,71,88,89,91,92" /><INIT seed="3,3,0,4,1,20" ten="363,225,52,360" oya="3" hai0="128,8,1,108,24,13,46,40,2,132,45,31,6" hai1="116,99,90,66,111,60,113,121,64,122,87,62,37" hai2="115,124,125,29,110,86,78,57,17,71,133,9,3" hai3="65,5,25,94,83,117,55,103,88,33,15,126,72"/><W73/><G117/><T100/><D108/><U12/><E37/><V63/><F71/><W4/><G126/><T53/><D128/><U93/><E113/><V28/><F115/><W10/><G65/><T67/><D132/><U112/><E112/><V38/><F38/><W75/><G103/><T130/><D130/><U23/><E111/><V39/><F39/><W105/><G105/><T119/><D119/><U107/><E116/><V27/><F110/><W11/><G55/><T44/><D67/><U92/><E107/><V56/><F78/><W70/><G70/><T16/><D100/><U74/><E74/><V81/><F81/><W79/><G25/><T42/><D53/><U104/><E104/><V129/><F86/><W96/><G33/><N who="0" m="20711" /><D2/><AGARI ba="3,0" hai="2,4,5,10,11,15,72,73,75,79,83,88,94,96" machi="2" ten="30,2900,0" yaku="7,1,54,1" doraHai="20" who="3" fromWho="0" sc="363,-38,225,0,52,0,360,38" owari="325,12.5,225,-17.5,52,-44.8,398,49.8" /></mjloggm>