<mjloggm ver="2.3"><GO type="225" lobby="0"/><UN n0="%E4%B8%89%E5%88%86%E5%B0%8F%E5%83%A7" n1="%E6%97%A5%E6%9B%9C%E6%97%A5%E3%82%88%E3%82%8A%E3%81%AE%E4%BD%BF%E8%80%85" n2="%E5%AE%AE%E4%BF%9D%E9%B6%8F%E8%82%89" n3="%E3%81%BF%E3%81%BF%E3%81%9A" dan="16,16,16,18" rate="2083.61,2167.44,2092.86,2257.17" sx="M,M,M,M"/><TAIKYOKU oya="0"/><INIT seed="0,0,0,4,1,120" ten="250,250,250,250" oya="0" hai0="127,97,100,101,27,43,10,117,24,18,12,135,96" hai1="54,51,62,87,105,52,107,102,79,37,67,17,128" hai2="36,4,109,64,5,122,73,119,92,82,110,71,9" hai3="93,13,68,6,134,70,124,63,19,131,20,50,1"/><T69/><D117/><U39/><E128/><V46/><F122/><W57/><G131/><T78/><D127/><U15/><E39/><V108/><F119/><W112/><G112/><T28/><D135/><U126/><E37/><V26/><F71/><W104/><G104/><T21/><D69/><U75/><E75/><V60/><F92/><W31/><G134/><T33/><D43/><U30/><E30/><V86/><F73/><W32/><G124/><T95/><D78/><U16/><E126/><V90/><F26/><N who="3" m="18551" /><G50/><T47/><D47/><U35/><E35/><V38/><F46/><W34/><G93/><T118/><D118/><U61/><E102/><V56/><F4/><W116/><G116/><T103/><REACH who="0" step="1"/><D97/><REACH who="0" ten="240,250,250,250" step="2"/><U129/><E79/><V2/><AGARI ba="0,1" hai="2,5,9,36,38,56,60,64,82,86,90,108,109,110" machi="2" ten="30,8000,1" yaku="0,1,14,1,52,3" doraHai="120" who="2" fromWho="2" sc="240,-40,250,-20,250,90,250,-20" /><INIT seed="1,0,0,2,1,40" ten="200,230,340,230" oya="1" hai0="103,71,24,48,23,61,90,128,58,42,31,7,74" hai1="124,66,116,112,89,13,86,11,95,96,16,111,19" hai2="54,28,25,45,115,106,85,93,132,104,72,73,78" hai3="21,17,20,68,121,56,22,64,4,81,0,133,100"/><U134/><E112/><V65/><F115/><W125/><G121/><T83/><D128/><U70/><E116/><V1/><F1/><W131/><G131/><T67/><D7/><U63/><E124/><V75/><F65/><W49/><G125/><T97/><D42/><U94/><E134/><V91/><F78/><W18/><G133/><T92/><D48/><U34/><E111/><V32/><F132/><W127/><G127/><T33/><D33/><U55/><E34/><V50/><AGARI ba="0,0" hai="25,28,32,45,50,54,72,73,75,85,91,93,104,106" machi="50" ten="40,2700,0" yaku="0,1,52,1" doraHai="40" who="2" fromWho="2" sc="200,-7,230,-13,340,27,230,-7" /><INIT seed="2,0,0,0,0,47" ten="193,217,367,223" oya="2" hai0="103,43,60,25,40,114,14,84,112,22,75,70,101" hai1="131,42,89,69,54,24,37,33,85,79,122,30,98" hai2="113,117,20,128,107,26,9,11,74,12,135,125,56" hai3="66,67,119,134,5,38,104,51,53,62,41,129,130"/><V87/><F113/><W126/><G104/><T82/><D75/><U0/><E69/><V95/><F117/><W81/><G5/><T65/><D112/><U121/><E0/><V96/><F74/><W123/><G81/><T10/><D114/><U100/><E79/><V78/><F107/><W105/><G105/><T36/><D36/><U50/><E42/><V49/><F135/><W59/><G119/><T88/><D101/><U133/><E37/><V97/><F128/><N who="3" m="49259" /><G126/><T72/><D103/><U17/><E17/><V77/><F97/><W99/><G99/><T34/><D34/><U15/><E15/><V94/><F94/><W46/><G134/><T7/><REACH who="0" step="1"/><D72/><REACH who="0" ten="183,217,367,223" step="2"/><U64/><E133/><V57/><F125/><W27/><G123/><T111/><D111/><U132/><E132/><V102/><F102/><W92/><G92/><T106/><D106/><U16/><E100/><V86/><F95/><W32/><G38/><T124/><D124/><U90/><E122/><V4/><F96/><W63/><G62/><T1/><D1/><U83/><E98/><V8/><F87/><W21/><G32/><T28/><AGARI ba="0,1" hai="7,10,14,22,25,28,40,43,60,65,70,82,84,88" machi="28" ten="20,8000,1" yaku="1,1,0,1,7,1,54,1,53,1" doraHai="47" doraHaiUra="3" who="0" fromWho="0" sc="183,90,217,-20,367,-40,223,-20" /><INIT seed="3,0,0,3,2,57" ten="273,197,327,203" oya="3" hai0="79,71,44,114,131,42,17,19,69,126,115,1,46" hai1="34,74,119,125,75,9,99,12,20,52,53,10,88" hai2="3,76,24,86,5,93,72,89,29,28,132,0,101" hai3="94,33,103,26,54,96,36,122,73,23,32,4,117"/><W37/><G117/><T87/><D1/><U31/><E34/><V68/><F68/><N who="0" m="26186" /><D79/><U77/><E75/><V38/><F38/><W120/><G73/><T58/><D87/><U27/><E74/><V22/><F132/><W82/><G82/><T78/><D78/><U80/><E119/><V110/><F110/><W6/><G54/><N who="1" m="21098" /><E125/><V107/><F28/><W18/><G36/><T50/><D126/><U81/><E77/><V56/><F56/><W16/><G37/><N who="0" m="21583" /><D58/><U55/><N who="1" m="21106" /><U47/><DORA hai="97" /><E47/><V111/><F5/><W85/><G85/><T128/><D17/><N who="1" m="8335" /><E10/><V14/><F0/><W108/><G108/><T124/><D19/><U112/><E112/><N who="0" m="43049" /><D124/><U8/><E8/><V67/><F3/><W51/><G18/><T63/><D63/><U105/><E105/><V65/><F111/><W64/><G51/><T59/><D59/><U102/><E102/><V116/><F116/><W100/><G103/><T48/><D46/><U104/><E104/><V49/><F49/><AGARI ba="0,0" hai="48,49,50,128,131" m="43049,21583,26186" machi="49" ten="40,5200,0" yaku="11,1,34,2" doraHai="57,97" who="0" fromWho="2" sc="273,52,197,0,327,-52,203,0" owari="325,42.5,197,-30.3,275,7.5,203,-19.7" /></mjloggm>