<mjloggm ver="2.3"><GO type="225" lobby="0"/><UN n0="%E3%81%A0%E3%81%8A" n1="%E5%A4%A7%E5%A4%A7%E5%B2%A1%E5%B1%B1%EF%BC%A0%E6%A8%AA%E6%B5%9C" n2="%E7%99%BD%E6%97%A5%E9%9B%AA%E8%8F%9C" n3="%E3%81%B5%E3%81%98%E3%81%8B%E3%81%A4" dan="16,16,16,16" rate="2013.42,2154.61,2171.48,2093.46" sx="M,M,F,M"/><TAIKYOKU oya="0"/><INIT seed="0,0,0,2,2,16" ten="250,250,250,250" oya="0" hai0="8,60,26,75,7,79,73,108,106,54,0,53,96" hai1="135,74,126,32,27,69,116,81,25,57,112,118,117" hai2="65,80,100,59,6,70,11,5,104,102,2,127,3" hai3="38,63,95,68,56,37,109,84,130,103,89,82,111"/><T39/><D39/><U51/><E69/><V129/><F70/><W122/><G68/><T125/><D125/><U22/><E74/><V62/><F127/><W64/><G130/><T33/><D108/><N who="3" m="41545" /><G122/><T61/><D79/><U120/><E81/><V49/><F129/><W91/><G103/><T43/><D43/><U114/><E126/><V97/><F102/><W98/><AGARI ba="0,0" hai="37,38,56,63,64,82,84,89,91,95,98" m="41545" machi="98" ten="30,1100,0" yaku="14,1" doraHai="16" who="3" fromWho="3" sc="250,-5,250,-3,250,-3,250,11" /><INIT seed="1,0,0,3,1,62" ten="245,247,247,261" oya="1" hai0="130,61,110,82,103,128,45,6,26,99,126,68,113" hai1="34,9,97,109,114,104,88,49,38,64,44,131,18" hai2="98,78,41,127,4,59,129,101,95,19,111,93,132" hai3="73,43,120,54,123,79,37,105,72,1,89,69,122"/><U0/><E34/><V5/><F111/><W58/><G105/><T27/><D113/><U133/><E38/><V7/><F127/><W13/><G1/><T115/><D115/><U81/><E114/><V90/><F129/><N who="0" m="49770" /><D110/><U60/><E131/><V52/><F132/><W112/><G112/><T107/><D126/><U83/><E109/><V3/><F41/><W55/><G89/><T23/><D6/><U135/><E104/><V47/><F78/><W50/><G79/><T121/><D121/><U51/><E0/><V94/><F47/><N who="3" m="24047" /><G13/><T118/><D118/><U75/><E75/><V74/><F74/><W17/><G55/><T53/><D82/><U102/><E102/><V116/><F116/><W125/><G17/><T42/><D23/><U134/><E18/><V70/><F19/><W108/><G108/><T11/><D11/><U96/><E9/><V31/><F31/><W65/><G125/><T84/><D84/><N who="1" m="50191" /><E83/><V87/><F3/><W40/><G40/><T46/><D42/><N who="1" m="24727" /><E51/><N who="2" m="31135" /><F70/><AGARI ba="0,0" hai="60,64,70,96,97,133,134,135" m="24727,50191" machi="70" ten="30,5800,0" yaku="20,1,52,1,54,1" doraHai="62" who="1" fromWho="2" sc="245,0,247,58,247,-58,261,0" /><INIT seed="1,1,0,2,4,52" ten="245,305,189,261" oya="1" hai0="95,43,40,17,104,96,53,102,122,92,84,130,36" hai1="4,66,106,128,90,9,133,103,77,55,42,46,54" hai2="20,94,89,110,131,69,23,116,101,59,119,32,33" hai3="60,63,126,22,58,65,78,129,6,109,3,125,113"/><U15/><E77/><V50/><F69/><W30/><G113/><T81/><D130/><U80/><E128/><V97/><F131/><W2/><G129/><T39/><D122/><U88/><E66/><V86/><F110/><W73/><G109/><T91/><D40/><U79/><E103/><V87/><F86/><W99/><G99/><T49/><D17/><U117/><E106/><V127/><F127/><N who="3" m="48651" /><G6/><T71/><D71/><U1/><E133/><V85/><F87/><W75/><G78/><T7/><D7/><U31/><E31/><V100/><F101/><W41/><G41/><T56/><REACH who="0" step="1"/><D43/><REACH who="0" ten="235,305,189,261" step="2"/><U107/><E42/><V108/><F108/><W64/><G30/><T38/><AGARI ba="1,1" hai="36,38,39,49,53,56,81,84,91,92,95,96,102,104" machi="38" ten="30,7900,0" yaku="1,1,2,1,0,1,52,1,53,0" doraHai="52" doraHaiUra="61" who="0" fromWho="0" sc="235,92,305,-40,189,-21,261,-21" /><INIT seed="2,0,0,0,2,66" ten="327,265,168,240" oya="2" hai0="47,26,54,73,94,86,56,49,50,122,84,27,75" hai1="135,70,72,113,62,64,103,134,40,112,55,45,9" hai2="82,4,77,32,42,99,24,63,117,91,34,115,119" hai3="11,25,38,28,22,97,37,19,96,133,127,74,95"/><V114/><F42/><W79/><G127/><T16/><D122/><U87/><E72/><V81/><F4/><W21/><G133/><N who="1" m="50698" /><E103/><V83/><F77/><W61/><G11/><T65/><D65/><U107/><E107/><V132/><F132/><W10/><G10/><T17/><D94/><U57/><E87/><V78/><F78/><W51/><G96/><T36/><D47/><U48/><E9/><V121/><F121/><W110/><G110/><T3/><D56/><U58/><E58/><V126/><F126/><W130/><G130/><T93/><D93/><U8/><E8/><V52/><F24/><W29/><G51/><AGARI ba="0,0" hai="40,45,48,51,55,57,62,64,70,112,113" m="50698" machi="51" ten="30,7700,0" yaku="20,1,34,2,52,1" doraHai="66" who="1" fromWho="3" sc="327,0,265,77,168,0,240,-77" /><INIT seed="3,0,0,4,5,16" ten="327,342,168,163" oya="3" hai0="38,0,101,88,52,131,11,28,45,48,1,128,85" hai1="97,59,124,98,129,132,109,73,106,82,60,115,135" hai2="67,105,9,41,2,57,29,125,64,26,18,34,71" hai3="110,92,5,39,49,8,133,13,62,42,113,70,76"/><W35/><G113/><T84/><D101/><U23/><E115/><V118/><F118/><W33/><G133/><N who="1" m="51274" /><E109/><V117/><F117/><W4/><G110/><T37/><D28/><U31/><E106/><V119/><F105/><W3/><G39/><N who="0" m="14859" /><D85/><U61/><E129/><N who="0" m="49737" /><D11/><U103/><E103/><V55/><F9/><W43/><G76/><T77/><D77/><N who="1" m="44335" /><E124/><V80/><F125/><W74/><G74/><T30/><D30/><U116/><E116/><V40/><F29/><W44/><G43/><T6/><D6/><U66/><E60/><V51/><F40/><W68/><G92/><AGARI ba="0,0" hai="0,1,45,48,52,84,88,92" m="49737,14859" machi="92" ten="30,3900,0" yaku="19,1,54,2" doraHai="16" who="0" fromWho="3" sc="327,39,342,0,168,0,163,-39" owari="366,46.6,342,14.2,168,-23.2,124,-37.6" /></mjloggm>