<mjloggm ver="2.3"><GO type="225" lobby="0"/><UN n0="%E5%8D%A0%E3%81%84%E5%B8%AB%E8%A3%8F%E3%81%AA%E3%81%84%E3%81%97" n1="%E5%8F%AF%E5%85%90%E9%82%A3%E7%94%B1%E5%A4%9A" n2="%E3%81%B8%E3%82%80%E3%81%B8%E3%82%80%EF%BC%92%E5%8F%B7" n3="%72%61%6B%33" dan="16,17,16,16" rate="2111.29,2189.56,2129.61,2135.06" sx="M,F,M,M"/><TAIKYOKU oya="0"/><INIT seed="0,0,0,2,3,16" ten="250,250,250,250" oya="0" hai0="90,27,54,66,113,106,14,130,9,121,34,57,75" hai1="58,24,133,92,26,84,3,48,69,94,31,28,123" hai2="122,78,17,29,62,77,135,85,87,116,1,50,20" hai3="56,97,88,35,2,71,125,52,5,99,70,81,51"/><T6/><D113/><U96/><E123/><V105/><F122/><W112/><G112/><T59/><D121/><U39/><E39/><V25/><F1/><W60/><G35/><T89/><D130/><U21/><E69/><V30/><F116/><W111/><G111/><T73/><D106/><U100/><E3/><V32/><F105/><W109/><G109/><T23/><D34/><U124/><E124/><V67/><F50/><W42/><G125/><T134/><D134/><U49/><E133/><V46/><F46/><W33/><G33/><T63/><D75/><U127/><E127/><V43/><F43/><W65/><G71/><T110/><D73/><U18/><E58/><N who="2" m="37335" /><F32/><W108/><G108/><T13/><D13/><U102/><E18/><V131/><F131/><W104/><G104/><T8/><D8/><U120/><E120/><V64/><F64/><W118/><G118/><T115/><D115/><U47/><E47/><V4/><F4/><W72/><G42/><T37/><D37/><U114/><E114/><V19/><F19/><W79/><REACH who="3" step="1"/><G88/><REACH who="3" ten="250,250,250,240" step="2"/><T0/><D110/><U11/><E102/><V128/><F135/><W41/><G41/><T93/><D93/><U76/><E92/><V12/><F128/><W38/><G38/><T119/><D119/><U53/><E94/><V83/><F25/><W55/><G55/><T61/><REACH who="0" step="1"/><D0/><REACH who="0" ten="240,250,250,240" step="2"/><U129/><E129/><V103/><F103/><W126/><G126/><T82/><D82/><AGARI ba="0,2" hai="12,17,20,29,30,77,78,82,83,85,87" m="37335" machi="82" ten="30,2000,0" yaku="8,1,52,1" doraHai="16" who="2" fromWho="0" sc="240,-20,250,0,250,40,240,0" /><INIT seed="1,0,0,4,5,129" ten="220,250,290,240" oya="1" hai0="29,72,107,102,101,123,36,1,13,19,93,104,130" hai1="80,120,22,10,31,47,90,46,28,51,39,15,66" hai2="115,21,116,53,100,20,0,44,133,99,112,114,23" hai3="82,111,58,74,86,27,30,79,11,38,8,69,26"/><U134/><E120/><V4/><F116/><W132/><G69/><T121/><D1/><U127/><E127/><V56/><F44/><W16/><G111/><T45/><D72/><U7/><E66/><V94/><F133/><W2/><G132/><T5/><D130/><U68/><E68/><V70/><F70/><W71/><G71/><T105/><D5/><U124/><E124/><V76/><F76/><W85/><G38/><T40/><D29/><U64/><E64/><V3/><REACH who="2" step="1"/><F4/><REACH who="2" ten="220,250,280,240" step="2"/><W126/><G126/><T108/><D108/><U52/><E134/><V35/><F35/><W6/><G58/><T37/><D37/><U18/><E39/><V43/><F43/><W92/><G79/><T103/><REACH who="0" step="1"/><D93/><REACH who="0" ten="210,250,280,240" step="2"/><U78/><E7/><V14/><F14/><W48/><G92/><T75/><D75/><U62/><E15/><V87/><F87/><W131/><G86/><T59/><D59/><U109/><E109/><V77/><F77/><W12/><G85/><T113/><D113/><U50/><E78/><V65/><F65/><W24/><G74/><T135/><D135/><U98/><E47/><V25/><F25/><W96/><G131/><T119/><D119/><U60/><E46/><V117/><F117/><W67/><G67/><T125/><D125/><U49/><E31/><V42/><F42/><W32/><G30/><T57/><D57/><U128/><E28/><V34/><F34/><W84/><G32/><T54/><D54/><U106/><E52/><V41/><F41/><W118/><G118/><T95/><D95/><N who="1" m="56695" /><E128/><V9/><F9/><AGARI ba="0,2" hai="9,13,19,36,40,45,101,102,103,104,105,107,121,123" machi="9" ten="50,1600,0" yaku="1,1,53,0" doraHai="129" doraHaiUra="61" who="0" fromWho="2" sc="210,36,250,0,280,-16,240,0" /><INIT seed="2,0,0,3,5,78" ten="246,250,264,240" oya="2" hai0="87,80,39,133,12,124,57,84,46,4,113,62,8" hai1="119,107,128,64,54,76,103,117,14,5,66,71,58" hai2="33,27,79,110,42,36,83,134,88,70,25,28,65" hai3="104,1,89,61,73,9,0,122,29,63,129,77,2"/><V6/><F134/><W45/><G122/><T91/><D113/><U53/><E71/><V67/><F110/><W105/><G29/><T75/><D133/><U40/><E128/><V109/><F109/><W96/><G9/><T38/><D124/><U41/><E76/><V93/><F6/><W48/><G129/><T116/><D75/><U114/><E103/><V98/><F70/><W81/><G89/><T10/><D46/><U121/><E107/><V31/><F42/><W130/><G130/><T15/><D87/><U7/><E14/><V82/><F36/><W60/><REACH who="3" step="1"/><G96/><REACH who="3" ten="246,250,264,230" step="2"/><T74/><D116/><U111/><E121/><V56/><F56/><W11/><G11/><T97/><D97/><U13/><E58/><V26/><F83/><W118/><G118/><T17/><REACH who="0" step="1"/><D74/><REACH who="0" ten="236,250,264,230" step="2"/><U112/><E111/><V22/><REACH who="2" step="1"/><F26/><REACH who="2" ten="236,250,254,230" step="2"/><W86/><G86/><AGARI ba="0,3" hai="22,25,27,28,31,33,65,67,79,82,86,88,93,98" machi="86" ten="30,18000,2" yaku="1,1,2,1,7,1,52,1,54,1,53,1" doraHai="78" doraHaiUra="16" who="2" fromWho="3" sc="236,0,250,0,254,210,230,-180" /><INIT seed="2,1,0,1,1,111" ten="236,250,464,50" oya="2" hai0="119,28,63,41,132,74,29,100,94,59,18,98,36" hai1="39,42,99,60,19,130,128,107,8,102,91,44,92" hai2="106,112,12,85,56,21,123,33,20,9,3,50,58" hai3="79,43,37,80,61,7,97,57,66,48,72,122,10"/><V109/><F106/><W23/><G122/><T125/><D74/><U17/><E60/><V110/><F33/><W108/><G108/><N who="2" m="41577" /><F123/><W38/><G23/><N who="2" m="8777" /><F3/><W55/><G97/><T117/><D125/><U47/><E47/><V22/><F22/><W62/><G43/><T76/><D132/><U0/><E0/><V78/><F50/><W84/><G72/><T127/><D127/><U14/><REACH who="1" step="1"/><E19/><REACH who="1" ten="236,240,464,50" step="2"/><V75/><F75/><W131/><G131/><T25/><D18/><U26/><E26/><V135/><F135/><W46/><REACH who="3" step="1"/><G62/><REACH who="3" ten="236,240,464,40" step="2"/><T87/><D63/><U115/><E115/><V53/><F112/><W51/><G51/><T16/><D25/><U90/><E90/><V45/><F58/><W4/><G4/><T52/><D59/><U124/><E124/><V13/><F56/><W103/><G103/><T121/><D100/><U15/><E15/><AGARI ba="1,2" hai="7,10,15,37,38,46,48,55,57,61,66,79,80,84" machi="15" ten="30,2000,0" yaku="1,1,7,1,53,0" doraHai="111" doraHaiUra="93" who="3" fromWho="1" sc="236,0,240,-23,464,0,40,43" /><INIT seed="3,0,0,1,1,126" ten="236,217,464,83" oya="3" hai0="131,103,51,89,86,40,2,26,12,10,81,130,30" hai1="68,61,17,34,75,49,11,115,52,50,6,66,42" hai2="59,39,43,106,92,18,129,33,134,47,104,58,99" hai3="112,53,110,101,37,8,29,120,35,76,96,60,97"/><W95/><G112/><T79/><D2/><U64/><E115/><V123/><F123/><W5/><G120/><T21/><D103/><U67/><E75/><V84/><F134/><W80/><G37/><T25/><D25/><U28/><E17/><V22/><F33/><W122/><G122/><T46/><REACH who="0" step="1"/><D89/><REACH who="0" ten="226,217,464,83" step="2"/><U114/><E114/><V27/><F104/><W3/><G110/><T78/><D78/><U91/><E42/><V70/><F70/><W0/><G0/><T119/><D119/><U94/><E49/><V13/><F106/><W108/><G108/><T48/><D48/><U41/><E41/><V90/><F27/><W85/><G97/><T36/><D36/><U45/><E28/><V107/><F107/><W55/><REACH who="3" step="1"/><G60/><REACH who="3" ten="226,217,464,73" step="2"/><T93/><D93/><U74/><E61/><V24/><F99/><W1/><G1/><T7/><AGARI ba="0,2" hai="7,10,12,21,26,30,40,46,51,79,81,86,130,131" machi="7" ten="30,12000,2" yaku="1,1,0,1,25,2,52,2,53,1" doraHai="126" doraHaiUra="83" who="0" fromWho="0" sc="226,140,217,-30,464,-30,73,-60" owari="366,16.6,187,-21.3,434,53.4,13,-48.7" /></mjloggm>