<mjloggm ver="2.3"><GO type="225" lobby="0"/><UN n0="%E5%AF%82%E5%AF%9E%E3%82%AE%E3%83%8D%E3%82%B9%E3%83%93%E3%83%BC%E3%83%AB" n1="%E3%81%B2%E3%81%AA%E3%81%AE%E3%82%8A%E3%81%8F" n2="%E7%B4%94%E6%BD%94%E3%83%94%E3%83%A9%E3%83%8B%E3%82%A2" n3="%E6%B8%A9%E2%98%85%E6%83%85%E2%98%85%E6%8E%AA%E2%98%85%E7%BD%AE" dan="16,17,18,16" rate="2142.31,2218.72,2212.39,2127.27" sx="M,M,M,M"/><TAIKYOKU oya="0"/><INIT seed="0,0,0,3,5,117" ten="250,250,250,250" oya="0" hai0="18,42,2,119,65,47,16,104,53,102,111,105,130" hai1="77,116,78,32,46,38,45,97,118,62,64,24,106" hai2="109,75,36,74,94,1,93,133,5,14,108,86,15" hai3="79,92,23,6,4,132,20,122,134,81,39,17,51"/><T126/><D119/><U89/><E89/><V83/><F36/><W82/><G39/><T131/><D2/><U128/><E128/><N who="0" m="49193" /><D126/><U54/><E54/><V101/><F1/><W112/><G112/><T80/><D65/><U125/><E125/><V100/><F5/><N who="3" m="2155" /><G92/><N who="2" m="35433" /><F133/><N who="3" m="51307" /><G51/><N who="0" m="27127" /><D111/><N who="2" m="42570" /><F15/><N who="3" m="9279" /><G23/><T114/><D114/><U68/><E38/><V91/><F14/><W61/><G61/><T19/><D102/><AGARI ba="0,0" hai="74,75,83,86,91,100,101,102" m="42570,35433" machi="102" ten="30,3900,0" yaku="14,1,34,2" doraHai="117" who="2" fromWho="0" sc="250,-39,250,0,250,39,250,0" /><INIT seed="1,0,0,5,1,13" ten="211,250,289,250" oya="1" hai0="4,76,84,33,82,73,81,104,34,79,52,116,68" hai1="96,51,90,6,111,41,133,56,35,77,106,118,91" hai2="44,46,67,32,72,105,48,15,115,119,86,18,25" hai3="110,7,74,109,120,54,45,36,131,100,66,58,135"/><U85/><E118/><V65/><F119/><W17/><G7/><T31/><D116/><U39/><E35/><V8/><F72/><W63/><G74/><T70/><D104/><U43/><E133/><V5/><F105/><W21/><G100/><T107/><D107/><U83/><E39/><V42/><F115/><W108/><G135/><T93/><D4/><U38/><E38/><V64/><F46/><W12/><G120/><T121/><D121/><U123/><E123/><V124/><F124/><W16/><G131/><T11/><D11/><U37/><E37/><V2/><F86/><W62/><G36/><T29/><D93/><U78/><E6/><V112/><F112/><W28/><G45/><T130/><D130/><U55/><E111/><V99/><F99/><W3/><G3/><T113/><D113/><U80/><E106/><V75/><F75/><W0/><G0/><T49/><D34/><U134/><E134/><V94/><F94/><W98/><G98/><T14/><D14/><U88/><REACH who="1" step="1"/><E96/><REACH who="1" ten="211,240,289,250" step="2"/><V26/><REACH who="2" step="1"/><F32/><REACH who="2" ten="211,240,279,250" step="2"/><W127/><G110/><T129/><D129/><U95/><E95/><V27/><F27/><N who="3" m="16495" /><G108/><T97/><D97/><U103/><E103/><V47/><F47/><W19/><G109/><T117/><D117/><U92/><E92/><V60/><F60/><W50/><G63/><T1/><D33/><U89/><N who="1" m="22528" /><DORA hai="122" /><U61/><E61/><V23/><AGARI ba="0,2" hai="2,5,8,15,18,23,25,26,42,44,48,64,65,67" machi="23" ten="30,8000,1" yaku="1,1,0,1,52,1,53,2" doraHai="13,122" doraHaiUra="71,22" who="2" fromWho="2" sc="211,-20,240,-40,279,100,250,-20" /><INIT seed="2,0,0,4,2,79" ten="191,200,379,230" oya="2" hai0="28,113,24,60,120,44,109,65,112,130,108,22,87" hai1="26,55,41,21,81,56,1,75,74,8,99,111,93" hai2="23,95,2,52,3,63,126,10,125,85,82,48,100" hai3="67,20,105,114,116,132,12,91,127,17,42,31,7"/><V92/><F63/><W135/><G105/><T38/><D120/><U14/><E1/><V89/><F23/><W94/><G116/><T84/><D130/><U72/><E41/><V13/><F3/><W59/><G127/><N who="2" m="48649" /><F100/><W83/><G114/><N who="0" m="44139" /><D44/><U124/><E124/><V88/><F89/><W86/><G42/><T122/><D38/><U123/><E123/><V25/><F25/><W117/><G7/><T49/><D49/><U90/><E111/><N who="0" m="42569" /><D122/><U69/><E69/><AGARI ba="0,0" hai="22,24,28,60,65,69,84,87" m="42569,44139" machi="69" ten="30,1000,0" yaku="14,1" doraHai="79" who="0" fromWho="1" sc="191,10,200,-10,379,0,230,0" /><INIT seed="3,0,0,5,1,39" ten="201,190,379,230" oya="3" hai0="41,3,19,57,13,61,9,121,11,24,2,104,101" hai1="81,134,60,7,131,43,45,108,73,1,99,130,67" hai2="56,16,12,21,135,38,53,126,109,77,63,129,70" hai3="65,6,37,132,105,122,95,112,88,74,83,91,120"/><W55/><G37/><T54/><D121/><U100/><E108/><V94/><F109/><W71/><G6/><T107/><D41/><U26/><E134/><V86/><F135/><W58/><G132/><T110/><D110/><U15/><E1/><V96/><F38/><W33/><G33/><T20/><D11/><N who="1" m="4607" /><E26/><V49/><F126/><W32/><G32/><T66/><D66/><U115/><E115/><V114/><F129/><N who="1" m="49161" /><E81/><N who="2" m="47407" /><F70/><W68/><G105/><T125/><D125/><U36/><E73/><V90/><F114/><W111/><G112/><T50/><D3/><U14/><E14/><V93/><F94/><W23/><G111/><T59/><D2/><U5/><E5/><V89/><F89/><W17/><G91/><T103/><D107/><N who="1" m="63903" /><E67/><V92/><F92/><W10/><G65/><N who="0" m="39087" /><D104/><U22/><E22/><V102/><F90/><W28/><G122/><T85/><D85/><U72/><E72/><V8/><F8/><W0/><G120/><T4/><AGARI ba="0,0" hai="4,9,13,19,20,24,50,54,59,101,103" m="39087" machi="4" ten="30,1100,0" yaku="8,1" doraHai="39" who="0" fromWho="0" sc="201,11,190,-3,379,-3,230,-5" owari="212,-18.8,187,-31.3,376,47.6,225,2.5" /></mjloggm>