<mjloggm ver="2.3"><GO type="225" lobby="0"/><UN n0="%E3%81%82%E3%82%93%E3%81%AA%E3%81%A4" n1="%6D%75%75%6D%75%72%61" n2="%E3%81%AF%E3%82%88%E3%81%8A%E3%81%98%E3%81%95%E3%82%93" n3="%E3%81%95%E3%81%8D%E3%81%9F%E3%81%BE%E6%9E%97%E6%AA%8E" dan="16,17,16,16" rate="2113.89,2194.14,2151.18,2129.44" sx="M,F,M,M"/><TAIKYOKU oya="0"/><INIT seed="0,0,0,3,4,27" ten="250,250,250,250" oya="0" hai0="62,22,125,31,48,94,92,123,118,63,58,117,37" hai1="67,100,54,23,35,28,88,111,86,36,126,12,25" hai2="80,70,116,65,77,59,29,132,85,121,105,5,14" hai3="101,42,0,131,45,16,52,15,40,33,79,61,120"/><T127/><D123/><U107/><E111/><V38/><F121/><W18/><G120/><T69/><D37/><U78/><E126/><N who="0" m="48137" /><D48/><U124/><E124/><V83/><F105/><W13/><G131/><T71/><D22/><U1/><E36/><V97/><F38/><W135/><G135/><T9/><D9/><U4/><E67/><V75/><F70/><N who="0" m="26634" /><D31/><U90/><E1/><V47/><F29/><W93/><G0/><T106/><D106/><U19/><E4/><V76/><F132/><W98/><G33/><T82/><D82/><U110/><E110/><V102/><F116/><N who="0" m="44650" /><D58/><U8/><E35/><V17/><F47/><W81/><G42/><T119/><N who="0" m="44658" /><T7/><DORA hai="91" /><D7/><U114/><E114/><V74/><F5/><W60/><G40/><T134/><D134/><U56/><E78/><V113/><F113/><W55/><G79/><T89/><D94/><U104/><E104/><V112/><F112/><W3/><G81/><T26/><D26/><U95/><E107/><V34/><F34/><W44/><G3/><T73/><D73/><U108/><E108/><V130/><F74/><W103/><G93/><T24/><D24/><U39/><E39/><V68/><F68/><W96/><AGARI ba="0,0" hai="13,15,16,18,44,45,52,55,60,61,96,98,101,103" machi="96" ten="25,12000,2" yaku="0,1,22,2,8,1,54,2" doraHai="27,91" who="3" fromWho="3" sc="250,-60,250,-30,250,-30,250,120" /><INIT seed="1,0,0,0,1,102" ten="190,220,220,370" oya="1" hai0="64,12,32,111,127,94,29,84,31,128,50,115,57" hai1="6,20,65,134,24,73,103,75,8,100,74,16,117" hai2="72,23,14,17,124,51,9,121,13,112,114,28,93" hai3="18,82,43,35,98,91,78,66,71,123,36,56,125"/><U1/><E117/><V21/><F72/><W76/><G123/><T61/><D115/><N who="2" m="44074" /><F93/><W97/><G71/><T5/><D111/><U44/><E134/><V58/><F51/><W30/><G125/><T49/><D128/><U68/><REACH who="1" step="1"/><E44/><REACH who="1" ten="190,210,220,370" step="2"/><V37/><F124/><W59/><G36/><T47/><D127/><U89/><E89/><V130/><F37/><W22/><G91/><N who="0" m="53607" /><D47/><U80/><E80/><V88/><F88/><W113/><G82/><T7/><D32/><U53/><E53/><V119/><F119/><W90/><G90/><T131/><D131/><U92/><E92/><V2/><F130/><W67/><G113/><T132/><D132/><U46/><E46/><V26/><F121/><W54/><G54/><T77/><D77/><U133/><E133/><V96/><F96/><W39/><G97/><T135/><D135/><U27/><E27/><N who="2" m="16495" /><F58/><W42/><G59/><T106/><D57/><U69/><E69/><V95/><F95/><W10/><G56/><T55/><D55/><U108/><E108/><V86/><F86/><W40/><G98/><T85/><D85/><U116/><E116/><V129/><F129/><W11/><G39/><T19/><D61/><AGARI ba="0,1" hai="1,6,8,16,20,24,61,65,68,73,74,75,100,103" machi="61" ten="40,12000,1" yaku="1,1,54,1,53,3" doraHai="102" doraHaiUra="107" who="1" fromWho="0" sc="190,-120,210,130,220,0,370,0" /><INIT seed="1,1,0,3,0,18" ten="70,340,220,370" oya="1" hai0="103,10,70,129,39,33,95,132,106,111,72,36,80" hai1="30,24,13,62,84,77,101,17,105,9,116,135,75" hai2="43,93,7,134,99,74,56,91,60,92,67,79,114" hai3="41,3,86,76,26,27,123,122,16,11,96,100,109"/><U118/><E135/><V125/><F134/><W2/><G109/><T112/><RYUUKYOKU type="yao9" ba="1,0" sc="70,0,340,0,220,0,370,0" hai0="10,33,36,39,70,72,80,95,103,106,111,112,129,132" /><INIT seed="1,2,0,3,4,14" ten="70,340,220,370" oya="1" hai0="48,23,96,19,97,36,57,78,6,38,40,71,66" hai1="5,92,94,20,122,56,73,106,33,9,16,133,60" hai2="80,107,114,134,68,86,64,10,53,67,101,26,121" hai3="30,116,90,35,3,44,126,50,127,79,93,124,98"/><U25/><E122/><V72/><F121/><W83/><G3/><T100/><D6/><U99/><E133/><V65/><F134/><W0/><G0/><T117/><D117/><U110/><E110/><V128/><F128/><W130/><G130/><T28/><D78/><U27/><E73/><V12/><F114/><W18/><G116/><T21/><D71/><U37/><E37/><V102/><F68/><W52/><G35/><T85/><D85/><U7/><E106/><V29/><F53/><W118/><G118/><T125/><D125/><U123/><E123/><V89/><F72/><W42/><G30/><T32/><D32/><U76/><E76/><V87/><F86/><N who="3" m="48511" /><G18/><T115/><D115/><U58/><E58/><V105/><F105/><W70/><G70/><T2/><D2/><U46/><E46/><V11/><F11/><W31/><G31/><T1/><D1/><U61/><E9/><V55/><F55/><AGARI ba="2,0" hai="42,44,50,52,55,90,93,98,124,126,127" m="48511" machi="55" ten="30,2000,0" yaku="18,1,54,1" doraHai="14" who="3" fromWho="2" sc="70,0,340,0,220,-26,370,26" /><INIT seed="2,0,0,4,2,84" ten="70,340,194,396" oya="2" hai0="55,76,13,95,71,102,78,66,12,98,41,58,134" hai1="20,128,49,89,132,100,92,77,57,17,69,37,35" hai2="30,80,11,65,126,15,28,7,101,94,61,74,129" hai3="54,88,42,60,118,73,123,112,46,4,34,29,72"/><V110/><F126/><W48/><G123/><T119/><D134/><U2/><E132/><V24/><F129/><W44/><G118/><T40/><D119/><U45/><E69/><V122/><F122/><W64/><G112/><T105/><D105/><U39/><E35/><V52/><F110/><W8/><G29/><T53/><D71/><U36/><E2/><V14/><F74/><W22/><G22/><T16/><D66/><U5/><E5/><V96/><F80/><W68/><G34/><T109/><D55/><U130/><E57/><N who="2" m="34983" /><F65/><W114/><G114/><T75/><D12/><U133/><E77/><V86/><F24/><W18/><G18/><T6/><D6/><U108/><E133/><V120/><F120/><W111/><G111/><T106/><D106/><U90/><E108/><V47/><F86/><W1/><G88/><N who="0" m="55655" /><D75/><U99/><E128/><V85/><F85/><W56/><G46/><T93/><D109/><U117/><E117/><V87/><F87/><W107/><G107/><T59/><D59/><U43/><REACH who="1" step="1"/><E130/><REACH who="1" ten="70,330,194,396" step="2"/><V127/><F127/><W113/><G113/><T121/><D121/><U10/><E10/><N who="2" m="4447" /><F47/><W23/><G23/><N who="0" m="11663" /><D78/><U91/><E91/><V67/><F67/><W116/><G116/><T26/><D76/><U0/><E0/><V135/><F135/><W27/><G27/><AGARI ba="0,1" hai="17,20,27,36,37,39,43,45,49,89,90,92,99,100" machi="27" ten="40,5200,0" yaku="1,1,52,2,53,0" doraHai="84" doraHaiUra="103" who="1" fromWho="3" sc="70,0,330,62,194,0,396,-52" /><INIT seed="3,0,0,1,1,21" ten="70,392,194,344" oya="3" hai0="96,106,105,17,40,64,104,135,110,8,88,51,15" hai1="30,114,26,101,52,59,125,102,34,47,50,115,31" hai2="124,121,108,37,116,5,44,48,45,49,23,22,99" hai3="85,19,113,78,82,53,32,25,65,24,86,0,70"/><W12/><G113/><T123/><D123/><U43/><E125/><V73/><F73/><W76/><G0/><T72/><D72/><U67/><E67/><V13/><F37/><W54/><G70/><T1/><D110/><U36/><REACH who="1" step="1"/><E31/><REACH who="1" ten="70,382,194,344" step="2"/><V90/><F116/><W11/><G65/><T41/><D135/><U62/><E62/><V79/><F23/><W100/><G100/><AGARI ba="0,1" hai="26,30,34,36,43,47,50,52,59,100,101,102,114,115" machi="100" ten="40,5200,0" yaku="1,1,52,1,54,1,53,0" doraHai="21" doraHaiUra="35" who="1" fromWho="3" sc="70,0,382,62,194,0,344,-52" owari="70,-43.0,444,54.4,194,-20.6,292,9.2" /></mjloggm>