<mjloggm ver="2.3"><GO type="225" lobby="0"/><UN n0="%E3%81%A9%E3%82%93%E3%82%88%E3%81%8F%4D%6B%2E%32" n1="%E7%AD%89%E3%80%85%E5%8A%9B%E5%8A%87%E5%A0%B4" n2="%72%69%6F%75%63%68%61%6E" n3="%72%61%6B%33" dan="16,16,16,18" rate="2137.36,2126.51,2127.47,2219.29" sx="M,M,M,M"/><TAIKYOKU oya="0"/><INIT seed="0,0,0,4,1,122" ten="250,250,250,250" oya="0" hai0="109,129,12,108,132,22,88,65,133,62,98,106,14" hai1="76,10,93,11,77,0,39,52,90,74,37,89,79" hai2="85,57,28,66,69,27,49,119,3,54,135,1,107" hai3="35,125,19,34,84,105,58,130,91,17,15,75,38"/><T83/><D129/><U102/><E74/><V71/><F135/><N who="0" m="51786" /><D106/><U21/><E0/><V124/><F124/><W7/><G75/><T25/><D83/><U113/><E113/><V47/><F119/><W127/><G105/><T131/><D131/><U59/><E37/><V126/><F126/><W13/><G38/><T24/><D24/><U118/><E39/><V26/><F107/><W120/><G130/><T94/><D12/><U50/><E118/><V121/><F121/><W123/><G84/><T68/><D14/><U115/><E115/><V100/><F100/><W114/><G58/><T31/><AGARI ba="0,0" hai="22,25,31,62,65,68,88,94,98,108,109" m="51786" machi="31" ten="30,11700,0" yaku="20,1,52,2,54,1" doraHai="122" who="0" fromWho="0" sc="250,117,250,-39,250,-39,250,-39" /><INIT seed="0,1,0,3,5,94" ten="367,211,211,211" oya="0" hai0="67,12,62,99,50,72,115,85,122,92,31,107,121" hai1="52,135,24,71,64,96,77,7,75,40,81,27,41" hai2="39,74,16,113,46,61,43,59,73,111,29,56,93" hai3="28,132,131,55,134,112,109,119,114,37,10,88,54"/><T103/><D115/><U78/><E135/><V5/><F113/><W98/><G119/><T84/><D31/><U108/><E108/><V100/><F111/><W70/><G109/><T124/><D72/><U8/><E78/><V65/><F5/><W20/><G37/><T22/><D124/><U106/><E71/><V95/><F29/><W14/><G70/><T36/><D36/><U4/><E64/><V104/><F56/><W123/><G131/><T66/><D50/><U125/><E125/><V116/><F116/><W86/><G123/><T90/><D85/><U25/><E7/><V128/><F128/><W34/><G34/><T76/><D76/><U3/><REACH who="1" step="1"/><E52/><REACH who="1" ten="367,201,211,211" step="2"/><V97/><F74/><W6/><G55/><T105/><D67/><U45/><E45/><V44/><F73/><W15/><G54/><T102/><D121/><U11/><E11/><V118/><F118/><W18/><G114/><T13/><D122/><U91/><E91/><V53/><REACH who="2" step="1"/><F16/><REACH who="2" ten="367,201,201,211" step="2"/><W110/><G112/><T33/><D66/><U57/><E57/><V30/><F30/><W68/><G110/><T117/><D117/><U69/><E69/><V101/><F101/><AGARI ba="1,2" hai="3,4,8,24,25,27,40,41,75,77,81,96,101,106" machi="101" ten="40,8000,1" yaku="1,1,52,1,53,3" doraHai="94" doraHaiUra="23" who="1" fromWho="2" sc="367,0,201,103,201,-83,211,0" /><INIT seed="1,0,0,2,3,25" ten="367,304,118,211" oya="1" hai0="11,101,44,88,115,34,111,79,27,43,117,7,13" hai1="35,84,87,66,18,78,49,36,135,53,59,3,37" hai2="39,81,29,124,116,99,31,5,20,62,2,76,56" hai3="70,97,126,98,64,67,32,22,16,71,103,55,33"/><U52/><E3/><V94/><F116/><W6/><G6/><T19/><D117/><U122/><E122/><V100/><F124/><W28/><G55/><T8/><D115/><U24/><E135/><V83/><F39/><W51/><G51/><T109/><D79/><U110/><E110/><N who="0" m="41993" /><D101/><U105/><E105/><V134/><F134/><W14/><G126/><T113/><D113/><U17/><E66/><V118/><F118/><W26/><G32/><T63/><D63/><U86/><E78/><V38/><F38/><W129/><G129/><T108/><D108/><U95/><E37/><V48/><F48/><W90/><G67/><T50/><D88/><U80/><E36/><V1/><F20/><W23/><G33/><T47/><D47/><U72/><E72/><V89/><F89/><W42/><G42/><T112/><D112/><U121/><E121/><V9/><F1/><W69/><G64/><T61/><D61/><U45/><E80/><V85/><REACH who="2" step="1"/><F81/><REACH who="2" ten="367,304,108,211" step="2"/><W73/><G90/><T68/><D34/><U21/><E35/><V0/><F0/><W120/><G120/><T127/><D127/><U75/><E49/><V12/><F12/><W41/><G23/><N who="0" m="13823" /><D11/><U123/><E123/><V132/><F132/><W102/><G22/><T60/><D60/><U131/><E21/><V119/><F119/><W104/><G14/><T133/><D133/><U82/><E82/><V114/><F114/><W128/><G69/><AGARI ba="0,1" hai="7,8,13,43,44,50,68,69" m="13823,41993" machi="69" ten="30,1000,0" yaku="14,1" doraHai="25" who="0" fromWho="3" sc="367,20,304,0,108,0,211,-10" /><INIT seed="2,0,0,3,0,90" ten="387,304,108,201" oya="2" hai0="124,35,14,36,40,43,47,48,96,37,38,114,108" hai1="49,25,23,63,95,4,45,46,125,87,104,30,50" hai2="112,1,120,31,97,34,56,118,19,58,83,133,123" hai3="116,60,69,76,65,98,78,121,70,20,8,33,91"/><V28/><F112/><W13/><G33/><T102/><D35/><U55/><E104/><V51/><F118/><W110/><G121/><T75/><D75/><U7/><E125/><V103/><F1/><W107/><G116/><T10/><D114/><U27/><E27/><V41/><F133/><W111/><G69/><T6/><D124/><U74/><E74/><V86/><F123/><W2/><G20/><T92/><REACH who="0" step="1"/><D108/><REACH who="0" ten="377,304,108,201" step="2"/><U85/><E63/><V132/><F120/><W134/><G60/><T22/><D22/><U59/><E23/><V94/><F132/><W100/><G134/><T39/><D39/><U79/><E49/><V15/><F34/><W24/><G111/><T16/><D16/><U12/><E50/><V105/><F105/><W18/><G107/><T71/><D71/><U3/><E30/><N who="2" m="11307" /><F51/><W80/><G70/><T119/><D119/><U73/><E73/><V57/><F41/><AGARI ba="0,1" hai="6,10,14,36,37,38,40,41,43,47,48,92,96,102" machi="41" ten="40,2600,0" yaku="1,1,52,1,53,0" doraHai="90" doraHaiUra="82" who="0" fromWho="2" sc="377,36,304,0,108,-26,201,0" /><INIT seed="3,0,0,4,0,92" ten="413,304,82,201" oya="3" hai0="8,89,23,46,79,9,81,98,70,130,85,101,22" hai1="53,12,94,116,125,29,45,31,33,61,16,17,109" hai2="71,90,133,64,102,103,67,93,126,74,3,75,123" hai3="111,132,122,115,32,52,131,30,1,63,5,36,47"/><W4/><G115/><T118/><D70/><U117/><E109/><V39/><F39/><W27/><G122/><T80/><D130/><U58/><E125/><V50/><F3/><W134/><G131/><T91/><D118/><N who="1" m="45675" /><E33/><V113/><F71/><W127/><G127/><T112/><D112/><U55/><E17/><V104/><F126/><W41/><G111/><T96/><D46/><U76/><E76/><V120/><F113/><W18/><G18/><T0/><D0/><U34/><E34/><V43/><F133/><N who="3" m="51307" /><G1/><T59/><D59/><AGARI ba="0,0" hai="4,5,27,30,32,36,41,47,52,59,63" m="51307" machi="59" ten="30,2900,0" yaku="20,1,54,1" doraHai="92" who="3" fromWho="0" sc="413,-29,304,0,82,0,201,29" /><INIT seed="3,1,0,3,1,69" ten="384,304,82,230" oya="3" hai0="96,19,64,71,52,74,122,31,73,26,35,80,11" hai1="40,8,27,116,95,28,22,101,107,104,49,72,84" hai2="103,46,48,99,6,12,18,124,114,5,121,41,134" hai3="83,133,54,3,85,37,44,63,39,33,130,55,108"/><W129/><G33/><T29/><D122/><U7/><E72/><V127/><F134/><W132/><G3/><T16/><D31/><U32/><E116/><V81/><F114/><W78/><G108/><T92/><D52/><N who="3" m="20009" /><G63/><T30/><D30/><U111/><E111/><V34/><F34/><W88/><G78/><T86/><D71/><U58/><E32/><V59/><F121/><W113/><G113/><T62/><D62/><U65/><E107/><V42/><F127/><W9/><G9/><T36/><D36/><N who="3" m="13897" /><G44/><T79/><D64/><U128/><E65/><V56/><F124/><W60/><G60/><T118/><D118/><U109/><E8/><V45/><F81/><W93/><G93/><T66/><D66/><U50/><E95/><V123/><F123/><W91/><G91/><T94/><D94/><U112/><E104/><V106/><F59/><W76/><G76/><T25/><D11/><U89/><E89/><V38/><REACH who="2" step="1"/><F56/><REACH who="2" ten="384,304,72,230" step="2"/><W110/><G110/><T75/><D26/><U120/><E27/><V125/><F125/><W17/><G17/><T43/><D43/><U100/><E58/><V82/><F82/><W70/><G70/><T51/><D80/><U1/><E40/><V4/><F4/><W57/><G57/><T21/><D35/><U135/><E7/><V13/><F13/><W61/><G61/><T23/><D19/><U126/><E109/><V15/><F15/><W115/><G115/><T119/><D16/><U2/><E112/><V53/><F53/><W24/><G24/><T102/><D25/><U98/><E126/><V97/><F97/><RYUUKYOKU ba="1,1" sc="384,-15,304,-15,72,15,230,15" hai2="5,6,12,18,38,41,42,45,46,48,99,103,106" hai3="83,85,88,129,130,132,133" /><INIT seed="3,2,1,5,3,129" ten="369,289,87,245" oya="3" hai0="105,88,28,53,20,37,35,122,67,134,95,73,113" hai1="59,112,87,11,106,127,14,64,97,133,96,33,25" hai2="130,34,17,32,135,21,120,78,31,60,75,23,19" hai3="46,38,4,90,103,1,57,55,6,86,27,85,111"/><W12/><G1/><T40/><D122/><U89/><E112/><V110/><F75/><W2/><G2/><T3/><D3/><U56/><E127/><V123/><F78/><W116/><G116/><T30/><D105/><U117/><E117/><V10/><F60/><W84/><G111/><T83/><D35/><U70/><E70/><V24/><F110/><W82/><G103/><T132/><D67/><U48/><E133/><N who="0" m="51305" /><D113/><U54/><E33/><V52/><F135/><W74/><G27/><N who="0" m="16487" /><D30/><U42/><E106/><V47/><F130/><W7/><G74/><T13/><D13/><U65/><E25/><V41/><F41/><W108/><G108/><T93/><D53/><U62/><E65/><V91/><F91/><W77/><G38/><T107/><D107/><U18/><REACH who="1" step="1"/><E42/><REACH who="1" ten="369,279,87,245" step="2"/><V71/><F71/><W36/><G36/><T45/><D73/><U94/><AGARI ba="2,2" hai="11,14,18,48,54,56,59,62,64,87,89,94,96,97" machi="94" ten="20,8000,1" yaku="1,1,2,1,0,1,7,1,8,1,53,0" doraHai="129" doraHaiUra="101" who="1" fromWho="1" sc="369,-22,279,106,87,-22,245,-42" owari="347,14.7,385,48.5,65,-43.5,203,-19.7" /></mjloggm>