<mjloggm ver="2.3"><GO type="225" lobby="0"/><UN n0="%73%61%6E%64%69%72%69%73" n1="%E9%BB%92%E9%89%84%E7%8F%A0%E9%9B%AB" n2="%6D%75%75%6D%75%72%61" n3="%E3%81%B6%E3%82%8B%E3%82%8B%E3%81%B6%E3%81%B6" dan="16,16,17,16" rate="2098.00,2187.66,2118.66,2076.44" sx="M,M,F,M"/><TAIKYOKU oya="0"/><INIT seed="0,0,0,2,4,12" ten="250,250,250,250" oya="0" hai0="59,120,104,94,102,56,6,52,96,71,43,24,19" hai1="29,26,119,58,69,9,107,83,21,135,127,91,39" hai2="74,64,49,54,126,27,1,23,81,124,65,106,90" hai3="14,93,76,35,133,53,47,88,117,130,110,82,98"/><T57/><D120/><U128/><E119/><V30/><F106/><W134/><G117/><T75/><D71/><U84/><E69/><V45/><F1/><W122/><G110/><T17/><D75/><U72/><E39/><V132/><F132/><N who="3" m="50795" /><G35/><T5/><D104/><U66/><E135/><V77/><REACH who="2" step="1"/><F90/><REACH who="2" ten="250,250,240,250" step="2"/><W121/><G130/><T114/><D114/><U109/><E107/><V86/><F86/><N who="3" m="48455" /><G14/><T20/><D43/><U33/><E128/><V34/><F34/><W99/><G99/><T108/><D108/><U61/><E109/><V79/><F79/><W37/><G37/><T80/><D96/><U70/><E33/><V41/><F41/><W36/><G36/><T78/><D78/><U100/><E72/><V32/><F32/><W67/><G122/><T28/><D102/><U13/><E100/><V10/><F10/><W7/><G121/><T46/><D94/><U116/><E116/><V118/><F118/><W51/><G93/><T89/><D89/><U68/><REACH who="1" step="1"/><E127/><AGARI ba="0,1" hai="23,27,30,45,49,54,64,65,74,77,81,124,126,127" machi="127" ten="40,2600,0" yaku="1,1,18,1,53,0" doraHai="12" doraHaiUra="113" who="2" fromWho="1" sc="250,0,250,-26,240,36,250,0" /><INIT seed="1,0,0,4,3,91" ten="250,224,276,250" oya="1" hai0="97,62,88,48,12,77,41,10,39,117,95,123,53" hai1="27,132,2,113,75,30,6,8,59,50,23,127,108" hai2="33,61,1,86,25,94,69,40,55,99,82,72,44" hai3="47,14,34,29,37,124,13,100,96,56,51,9,20"/><U22/><E75/><V42/><F1/><W112/><G124/><T49/><D117/><U125/><E113/><V114/><F72/><W28/><G112/><T128/><D128/><U89/><E59/><V78/><F114/><W119/><G119/><T31/><D123/><U64/><E64/><V122/><F122/><W76/><G34/><T57/><D77/><U15/><E50/><V16/><F33/><W43/><G76/><T93/><D31/><U104/><E104/><V66/><F55/><W92/><G20/><T60/><D39/><U11/><E89/><V84/><F84/><W70/><G70/><T131/><D131/><U3/><E132/><V115/><F115/><W21/><G21/><T134/><D134/><U98/><E98/><V83/><F83/><W32/><G32/><T130/><D130/><U107/><E107/><V58/><F69/><W63/><G13/><T19/><D95/><U17/><E108/><V65/><F65/><N who="3" m="39143" /><G37/><T90/><D90/><U67/><E67/><V79/><F78/><W102/><G100/><T85/><D97/><U116/><E116/><V106/><F106/><W36/><G36/><T0/><D0/><U54/><E54/><V5/><F5/><AGARI ba="0,0" hai="5,9,14,28,29,43,47,51,92,96,102" m="39143" machi="5" ten="30,2000,0" yaku="8,1,52,1" doraHai="91" who="3" fromWho="2" sc="250,0,224,0,276,-20,250,20" /><AGARI ba="0,0" hai="2,3,5,6,8,11,15,17,22,23,27,30,125,127" machi="5" ten="40,12000,1" yaku="9,1,34,3" doraHai="91" who="1" fromWho="2" sc="250,0,224,120,256,-120,270,0" /><INIT seed="1,1,0,3,5,102" ten="250,344,136,270" oya="1" hai0="58,95,125,83,108,27,78,119,76,99,128,132,1" hai1="25,116,93,109,62,107,122,118,82,31,21,9,90" hai2="124,65,96,7,10,89,29,36,12,104,45,40,11" hai3="28,32,17,126,135,23,101,22,67,127,16,35,103"/><U38/><E122/><V47/><F124/><N who="3" m="47659" /><G67/><T94/><D125/><U121/><E121/><V61/><F29/><W46/><G46/><T123/><D123/><U30/><E38/><V48/><F11/><W6/><G135/><T110/><D1/><U80/><E107/><V5/><F5/><W75/><G75/><T43/><D119/><U97/><E31/><V113/><F113/><W133/><G133/><T56/><D43/><U100/><E109/><V52/><F89/><W72/><G72/><T2/><D2/><U130/><E130/><V13/><F13/><W57/><G57/><T41/><D41/><U91/><E9/><V85/><F85/><W129/><G6/><T15/><D15/><U79/><E82/><V63/><REACH who="2" step="1"/><F65/><REACH who="2" ten="250,344,126,270" step="2"/><W20/><G28/><T49/><D132/><U106/><E91/><V34/><F34/><N who="3" m="12843" /><G129/><T3/><D128/><U71/><E90/><V55/><F55/><W84/><G84/><T81/><D3/><U115/><E115/><V74/><F74/><W120/><G120/><T54/><D54/><U0/><E0/><V4/><F4/><W77/><G77/><T86/><D86/><U111/><E118/><V42/><F42/><W70/><G17/><T19/><D19/><U8/><E116/><V37/><F37/><W64/><G16/><T39/><D39/><U105/><E8/><V33/><F33/><W53/><G53/><T73/><D73/><U131/><E131/><V134/><F134/><W88/><G88/><T69/><D78/><U51/><E79/><V18/><F18/><W68/><G64/><T60/><D76/><RYUUKYOKU ba="1,1" sc="250,-15,344,-15,126,15,270,15" hai2="7,10,12,36,40,45,47,48,52,61,63,96,104" hai3="20,22,23,68,70,101,103" /><INIT seed="2,2,1,0,0,5" ten="235,329,141,285" oya="2" hai0="68,30,8,58,10,127,12,19,78,25,98,46,80" hai1="129,97,77,18,79,21,108,100,121,44,66,76,103" hai2="122,133,110,33,118,92,134,13,128,50,94,85,22" hai3="130,54,35,17,115,67,109,119,9,123,63,112,131"/><V73/><F118/><W91/><G35/><T1/><D68/><U132/><E108/><V39/><F122/><W116/><G91/><T126/><D58/><U74/><E132/><N who="2" m="50795" /><F33/><W26/><G54/><T89/><D46/><U99/><E74/><V14/><F73/><W65/><G26/><T2/><D89/><U36/><E129/><N who="3" m="49162" /><G109/><T84/><D98/><N who="1" m="37387" /><E36/><V28/><F128/><W124/><G124/><N who="0" m="47659" /><D10/><U86/><E66/><N who="3" m="25098" /><G63/><T51/><D51/><U96/><E44/><V111/><F39/><W52/><G52/><T120/><D120/><U62/><E62/><V42/><F42/><W45/><G45/><T20/><AGARI ba="2,1" hai="1,2,8,12,19,20,25,30,78,80,84" m="47659" machi="20" ten="30,2000,0" yaku="18,1,52,1" doraHai="5" who="0" fromWho="0" sc="235,36,329,-7,141,-12,285,-7" /><INIT seed="3,0,0,1,3,28" ten="271,322,129,278" oya="3" hai0="98,116,52,92,130,81,96,6,88,115,18,91,54" hai1="77,15,21,36,111,83,78,89,20,80,110,70,62" hai2="12,100,63,102,13,109,108,5,46,129,123,85,104" hai3="27,67,119,3,112,135,105,42,55,8,26,121,11"/><W49/><G112/><T72/><D116/><U33/><E33/><V2/><F2/><W7/><G119/><T22/><D130/><U93/><E36/><V23/><F129/><W34/><G121/><T51/><D115/><U97/><E62/><V82/><F123/><W17/><G105/><T24/><D6/><U87/><E70/><V44/><F63/><W59/><G135/><T128/><D128/><U30/><E30/><V25/><F5/><W120/><G120/><T68/><D68/><U35/><E35/><V53/><F104/><W16/><G67/><T10/><D10/><U61/><E61/><V64/><F64/><W113/><G113/><T4/><D4/><U57/><E57/><V132/><F132/><W127/><G127/><T107/><D107/><U39/><E39/><V86/><F25/><W66/><G66/><T0/><D0/><U71/><E71/><V117/><F117/><W95/><G34/><T29/><D29/><U73/><E15/><V56/><F82/><W75/><G75/><T106/><D106/><U58/><E58/><V41/><F56/><W43/><G95/><N who="0" m="56423" /><D72/><U99/><E99/><V76/><F76/><W14/><REACH who="3" step="1"/><G27/><REACH who="3" ten="271,322,129,268" step="2"/><T101/><D51/><U84/><E73/><V38/><F38/><W125/><G125/><T118/><D118/><U124/><E124/><V50/><F50/><W9/><G9/><T32/><D32/><U31/><E20/><AGARI ba="0,1" hai="3,7,8,11,14,16,17,20,26,42,43,49,55,59" machi="20" ten="40,3900,0" yaku="1,1,54,1,53,0" doraHai="28" doraHaiUra="69" who="3" fromWho="1" sc="271,0,322,-39,129,0,268,49" owari="271,-12.9,283,8.3,129,-37.1,317,41.7" /></mjloggm>