<mjloggm ver="2.3"><GO type="225" lobby="0"/><UN n0="%E3%83%A9%E3%83%BC%E3%83%A1%E3%83%B3%E4%BA%94%E9%83%8E" n1="%E5%80%89%E6%A9%8B%EF%BC%A0%E4%BA%8B%E5%8B%99" n2="%73%6C%69%63%6B%33%31%39" n3="%E3%81%AF%E3%82%88%E3%81%8A%E3%81%98%E3%81%95%E3%82%93" dan="16,16,16,16" rate="2088.78,2091.42,2182.33,2199.07" sx="M,M,M,M"/><TAIKYOKU oya="0"/><INIT seed="0,0,0,2,1,14" ten="250,250,250,250" oya="0" hai0="97,80,65,86,75,41,74,4,48,72,10,0,82" hai1="67,17,59,46,61,19,15,11,126,26,105,127,79" hai2="81,99,119,64,130,62,51,107,120,91,69,52,1" hai3="89,131,115,84,133,94,110,31,28,16,55,78,12"/><T50/><D65/><U57/><E105/><V102/><F120/><W23/><G115/><T129/><D129/><U70/><E79/><V121/><F121/><W96/><G131/><T108/><D108/><U83/><E83/><V123/><F123/><W58/><G110/><T18/><D97/><U53/><E46/><V13/><F1/><W5/><G133/><T35/><D35/><U109/><E109/><V8/><F119/><W39/><G39/><T134/><D134/><U85/><E85/><V104/><F130/><W25/><G78/><T30/><D30/><U47/><E47/><V124/><F124/><N who="1" m="47657" /><E53/><V88/><F81/><W113/><G113/><T111/><D111/><U36/><E36/><V6/><REACH who="2" step="1"/><F104/><REACH who="2" ten="250,250,240,250" step="2"/><W20/><G5/><T71/><D80/><U34/><E34/><V45/><AGARI ba="0,1" hai="6,8,13,45,51,52,62,64,69,88,91,99,102,107" machi="45" ten="20,12000,2" yaku="1,1,2,1,0,1,7,1,54,2,53,1" doraHai="14" doraHaiUra="98" who="2" fromWho="2" sc="250,-60,250,-30,240,130,250,-30" /><INIT seed="1,0,0,2,2,126" ten="190,220,370,220" oya="1" hai0="58,42,29,50,101,93,125,27,131,81,24,28,51" hai1="47,112,83,103,11,89,6,44,43,32,9,84,7" hai2="48,16,128,118,64,113,122,96,38,63,87,115,23" hai3="46,119,105,34,130,10,91,111,104,76,1,78,75"/><U95/><E112/><N who="2" m="43083" /><F128/><W77/><G34/><T37/><D125/><U55/><E32/><V45/><F118/><W3/><G75/><T134/><D134/><U39/><E47/><V109/><F109/><W110/><G119/><T33/><D37/><U129/><E55/><N who="2" m="30095" /><F38/><W72/><G72/><T49/><D131/><U12/><E129/><V8/><F122/><W74/><G74/><T14/><D14/><U88/><E103/><V135/><F135/><W61/><G130/><T66/><D81/><U114/><E114/><V17/><F8/><W67/><G91/><T133/><D133/><U59/><E59/><N who="2" m="36991" /><F23/><W5/><G1/><T18/><D33/><U121/><E121/><V36/><F36/><W116/><G46/><T117/><D117/><U69/><E69/><V62/><F87/><W19/><G19/><T70/><D18/><U35/><E35/><V54/><F96/><W21/><G21/><T108/><D108/><N who="3" m="41513" /><G116/><T71/><D28/><U4/><REACH who="1" step="1"/><E9/><REACH who="1" ten="190,210,370,220" step="2"/><V132/><F132/><W65/><G65/><T2/><D66/><U94/><E94/><V90/><F54/><W41/><G41/><T0/><D42/><U30/><E30/><V26/><F62/><W106/><G105/><T73/><D70/><AGARI ba="0,1" hai="3,5,10,61,67,70,76,77,78,104,106" m="41513" machi="70" ten="30,1000,0" yaku="14,1" doraHai="126" who="3" fromWho="0" sc="190,-10,210,0,370,0,220,20" /><INIT seed="2,0,0,0,1,53" ten="180,210,370,240" oya="2" hai0="3,117,11,47,124,28,75,101,20,33,82,95,115" hai1="114,18,15,98,65,122,70,55,92,86,44,126,30" hai2="51,93,48,91,97,64,111,78,80,71,54,45,100" hai3="22,129,104,38,37,83,21,32,107,9,87,108,85"/><V42/><F111/><W27/><G32/><T123/><D123/><U77/><E114/><V40/><F71/><W133/><G108/><T102/><D115/><U60/><E122/><V41/><F64/><W125/><G125/><T89/><D124/><U72/><E72/><V26/><F26/><W4/><G129/><T127/><D127/><U66/><E126/><V5/><F5/><W59/><G133/><T16/><D117/><U0/><E0/><V67/><F67/><W8/><G59/><T25/><D47/><U88/><E30/><V36/><F36/><W61/><G61/><T50/><D50/><N who="1" m="29127" /><E70/><V24/><F24/><W29/><G21/><T106/><D106/><U119/><E119/><V76/><F51/><W110/><G110/><T121/><D121/><U58/><E66/><V39/><F39/><W113/><G87/><AGARI ba="0,0" hai="40,41,42,45,48,54,76,78,80,87,91,93,97,100" machi="87" ten="40,2000,0" yaku="8,1" doraHai="53" who="2" fromWho="3" sc="180,0,210,0,370,20,240,-20" /><INIT seed="2,1,0,4,3,23" ten="180,210,390,220" oya="2" hai0="106,54,40,82,64,70,16,101,24,80,104,51,123" hai1="73,45,5,47,85,122,26,126,79,4,120,91,88" hai2="52,15,110,86,81,22,9,63,3,102,132,119,61" hai3="11,121,129,109,36,57,115,65,76,55,103,17,37"/><V42/><F119/><W87/><G121/><N who="1" m="46698" /><E73/><V98/><F132/><W93/><G109/><T116/><D123/><U8/><E126/><V19/><F110/><W128/><G65/><T75/><D116/><U32/><E79/><V117/><F117/><W43/><G115/><T118/><D118/><U12/><E4/><V89/><F42/><W7/><G17/><T133/><D133/><U53/><E53/><V10/><F3/><W111/><G111/><T112/><D112/><U35/><E35/><V113/><F113/><W83/><G93/><T99/><D40/><U95/><E91/><V49/><F63/><N who="3" m="36287" /><G103/><T71/><D106/><U124/><E124/><V20/><F61/><W68/><G68/><T66/><D71/><U131/><E131/><N who="3" m="50250" /><G43/><T77/><D70/><U94/><E94/><N who="2" m="58711" /><F9/><W6/><G6/><T135/><D80/><U48/><E48/><V29/><F29/><AGARI ba="1,0" hai="5,8,12,26,29,32,45,47,85,88,95" m="46698" machi="29" ten="30,3900,0" yaku="13,1,52,1,54,1" doraHai="23" who="1" fromWho="2" sc="180,0,210,42,390,-42,220,0" /><INIT seed="3,0,0,4,5,68" ten="180,252,348,220" oya="3" hai0="71,4,97,115,77,105,129,7,64,81,93,61,72" hai1="44,94,55,29,76,85,92,124,82,18,37,60,8" hai2="21,26,0,70,12,9,126,90,47,14,5,67,63" hai3="111,122,130,3,103,27,52,35,98,102,135,57,66"/><W86/><G3/><T1/><D129/><U16/><E124/><V120/><F126/><W10/><G122/><T25/><D115/><U114/><E114/><V127/><F127/><W42/><G130/><T88/><D1/><U38/><E29/><V59/><F120/><W22/><G35/><T40/><D40/><U13/><E18/><V49/><F70/><W110/><G135/><T80/><D80/><U58/><REACH who="1" step="1"/><E44/><REACH who="1" ten="180,242,348,220" step="2"/><V79/><F47/><W89/><G110/><T39/><D39/><AGARI ba="0,1" hai="8,13,16,37,38,39,55,58,60,76,82,85,92,94" machi="39" ten="40,12000,2" yaku="1,1,2,1,52,3,54,1,53,0" doraHai="68" doraHaiUra="121" who="1" fromWho="0" sc="180,-120,242,130,348,0,220,0" owari="60,-44.0,372,47.2,348,14.8,220,-18.0" /></mjloggm>