<mjloggm ver="2.3"><GO type="225" lobby="0"/><UN n0="%33%74%72%65%65" n1="%E9%B3%B3%E6%9D%B1%E3%81%AE%E3%81%86%E3%81%95%E3%81%8E%E3%81%95%E3%82%93" n2="%E3%82%82%E3%81%90%E3%82%89" n3="%E5%BE%80%E5%B9%B4%E3%81%AE%E3%82%B4%E3%83%AA%E3%83%A9" dan="17,16,16,16" rate="2232.54,2126.16,2169.69,2118.05" sx="F,M,M,M"/><TAIKYOKU oya="0"/><INIT seed="0,0,0,2,5,108" ten="250,250,250,250" oya="0" hai0="105,88,23,48,129,117,39,131,135,31,112,133,4" hai1="118,82,80,47,14,66,115,37,106,127,100,49,27" hai2="45,113,90,87,8,67,29,103,58,3,92,35,16" hai3="33,21,60,101,13,130,10,12,2,102,6,57,84"/><T107/><D39/><U124/><E118/><V61/><F35/><W128/><G33/><T28/><D117/><U42/><E66/><V54/><F29/><N who="0" m="11338" /><D23/><U97/><E27/><V96/><F3/><W26/><G84/><T11/><D48/><U95/><E106/><N who="0" m="40457" /><D88/><U120/><E120/><V0/><F0/><W46/><G26/><T15/><D112/><U110/><E14/><N who="2" m="7239" /><F113/><W65/><G46/><T132/><AGARI ba="0,0" hai="4,11,15,129,131,132,133,135" m="40457,11338" machi="132" ten="40,2100,0" yaku="20,1" doraHai="108" who="0" fromWho="0" sc="250,21,250,-7,250,-7,250,-7" /><INIT seed="0,1,0,1,1,7" ten="271,243,243,243" oya="0" hai0="98,105,35,74,71,131,125,45,129,61,25,55,28" hai1="49,29,43,77,8,41,67,95,76,57,90,86,60" hai2="83,107,50,31,100,53,56,3,103,78,18,37,109" hai3="14,34,104,92,121,52,27,127,22,51,115,16,66"/><T42/><D125/><U108/><E108/><V132/><F37/><W65/><G104/><T36/><D74/><U85/><E29/><V97/><F109/><W93/><G115/><T111/><D55/><U1/><E49/><V0/><F132/><W58/><G127/><T48/><D48/><U40/><REACH who="1" step="1"/><E85/><REACH who="1" ten="271,233,243,243" step="2"/><V110/><F31/><N who="3" m="17911" /><G34/><T124/><D111/><U39/><E39/><V38/><F38/><W46/><G121/><T81/><D124/><U88/><E88/><V72/><F110/><W12/><G46/><T94/><D131/><U73/><E73/><V123/><F123/><W6/><G51/><T101/><D129/><U19/><E19/><V84/><F103/><W75/><G75/><T59/><D36/><U63/><E63/><V62/><F62/><W106/><G16/><T96/><D61/><U126/><E126/><V118/><F118/><W87/><G87/><T119/><D101/><U10/><E10/><V17/><F72/><W24/><G66/><T47/><D119/><U4/><AGARI ba="1,1" hai="1,4,8,40,41,43,57,60,67,76,77,86,90,95" machi="4" ten="30,4000,0" yaku="1,1,0,1,52,1,53,0" doraHai="7" doraHaiUra="112" who="1" fromWho="1" sc="271,-21,233,53,243,-11,243,-11" /><INIT seed="1,0,0,5,1,43" ten="250,286,232,232" oya="1" hai0="131,117,18,2,83,6,101,68,78,45,29,47,74" hai1="126,121,60,122,55,33,88,17,86,53,27,77,75" hai2="57,64,106,49,13,10,124,58,118,38,71,54,28" hai3="135,16,73,116,127,99,69,1,128,132,104,37,67"/><U19/><E126/><V36/><F118/><W26/><RYUUKYOKU type="yao9" ba="0,0" sc="250,0,286,0,232,0,232,0" hai3="1,16,26,37,67,69,73,99,104,116,127,128,132,135" /><INIT seed="1,1,0,5,1,121" ten="250,286,232,232" oya="1" hai0="135,44,70,11,17,79,122,20,59,25,45,88,99" hai1="71,85,9,76,66,61,102,54,77,24,4,29,72" hai2="65,55,89,53,118,123,33,41,51,32,1,115,83" hai3="101,43,110,131,95,128,86,132,47,0,90,114,78"/><U42/><E72/><V60/><F123/><W26/><G0/><T98/><D70/><U103/><E42/><V69/><F118/><W117/><G114/><T112/><D112/><U68/><E68/><V74/><F1/><W8/><G8/><T100/><D122/><U96/><E54/><V67/><F115/><W64/><G64/><T130/><D130/><N who="3" m="49705" /><G132/><T82/><D135/><U36/><E36/><V84/><F67/><W109/><G117/><T15/><D59/><U129/><E85/><V126/><F126/><W27/><G101/><T38/><D38/><U23/><E103/><V93/><F41/><W120/><G78/><T22/><D22/><U63/><E61/><V34/><F51/><N who="3" m="27135" /><G120/><T105/><D88/><U39/><E39/><V13/><F13/><W19/><G19/><T97/><D100/><U111/><E129/><V2/><F2/><W3/><G3/><T56/><D105/><U62/><E62/><V133/><F133/><W14/><G14/><T75/><REACH who="0" step="1"/><D56/><REACH who="0" ten="240,286,232,232" step="2"/><U127/><E102/><V12/><F34/><W116/><G116/><T58/><D58/><U119/><E71/><V49/><F33/><W35/><G35/><T87/><D87/><U113/><E23/><V5/><F32/><W48/><G48/><T46/><D46/><U92/><E119/><V28/><F49/><W73/><G73/><T125/><D125/><U107/><E127/><V31/><F74/><W30/><G30/><AGARI ba="1,1" hai="11,15,17,20,25,30,44,45,75,79,82,97,98,99" machi="30" ten="40,2600,0" yaku="1,1,53,1" doraHai="121" doraHaiUra="21" who="0" fromWho="3" sc="240,39,286,0,232,0,232,-29" /><INIT seed="2,0,0,5,5,34" ten="279,286,232,203" oya="2" hai0="13,122,2,64,41,106,109,15,1,38,24,30,65" hai1="49,40,37,90,117,18,101,87,54,114,77,68,111" hai2="94,16,39,50,89,69,31,53,129,35,81,132,85" hai3="4,17,98,76,86,93,127,20,95,71,36,28,5"/><V126/><F39/><W125/><G71/><T26/><D106/><U60/><E114/><V97/><F69/><W112/><G36/><T19/><D38/><U78/><E117/><V134/><F129/><W128/><G128/><T23/><D41/><U83/><E111/><V48/><F126/><N who="3" m="48139" /><G28/><T51/><D51/><U58/><E101/><V116/><F116/><W63/><G63/><T62/><D65/><N who="1" m="40999" /><E18/><V70/><F70/><W72/><G72/><T118/><D118/><U96/><E96/><V88/><F16/><W123/><G112/><T3/><D109/><U102/><E102/><V121/><F121/><W14/><G123/><T56/><REACH who="0" step="1"/><D122/><REACH who="0" ten="269,286,232,203" step="2"/><U99/><E99/><V105/><F105/><W133/><G98/><T73/><D73/><U10/><E10/><V80/><F53/><W120/><G120/><T45/><D45/><AGARI ba="0,1" hai="37,40,45,49,54,58,77,78,83,87,90" m="40999" machi="45" ten="30,1000,0" yaku="24,1" doraHai="34" who="1" fromWho="0" sc="269,-10,286,20,232,0,203,0" /><INIT seed="3,0,0,1,2,11" ten="259,306,232,203" oya="3" hai0="109,120,86,94,66,82,54,14,55,32,119,108,98" hai1="12,53,84,22,2,57,72,117,96,63,90,73,105" hai2="41,75,39,48,68,99,16,78,93,37,8,5,17" hai3="106,80,21,118,31,124,46,44,91,33,24,49,74"/><W36/><G118/><T131/><D32/><U15/><E2/><N who="2" m="55" /><F48/><W100/><G124/><T67/><D120/><U26/><E117/><V27/><F39/><W1/><G1/><T23/><D131/><U127/><E127/><V40/><F40/><W71/><G71/><T135/><D135/><U69/><E69/><V30/><F68/><W111/><G36/><T50/><D119/><U38/><E38/><V18/><F99/><W126/><G126/><T115/><D115/><U7/><E105/><V13/><F13/><W104/><G33/><T45/><D55/><U114/><E114/><V19/><F19/><W97/><G111/><N who="0" m="42571" /><D14/><U34/><E96/><V110/><F93/><W43/><G46/><T128/><D23/><U58/><E12/><V64/><F64/><W79/><REACH who="3" step="1"/><G91/><REACH who="3" ten="259,306,232,193" step="2"/><N who="0" m="51671" /><D128/><U87/><E34/><V62/><F110/><W6/><G6/><T123/><D123/><U103/><E7/><V92/><F27/><W130/><G130/><T116/><D116/><U85/><E26/><V4/><F4/><W59/><G59/><T65/><D65/><U70/><E57/><V81/><F37/><W60/><G60/><T9/><D67/><U35/><E35/><V52/><F62/><W28/><G28/><T20/><D66/><U61/><E70/><V89/><F30/><W121/><G121/><T29/><D29/><U42/><E63/><V132/><F132/><W129/><G129/><T47/><D47/><U112/><E61/><V113/><F113/><W51/><G51/><T133/><D133/><U25/><E112/><V107/><F41/><W102/><G102/><RYUUKYOKU ba="0,1" sc="259,-10,306,-10,232,-10,193,30" hai3="21,24,31,43,44,49,74,79,80,97,100,104,106" /><INIT seed="3,1,1,4,5,43" ten="249,296,222,223" oya="3" hai0="110,7,134,0,12,9,129,125,63,46,115,45,61" hai1="6,35,38,41,128,85,8,78,24,87,16,48,57" hai2="106,22,2,25,39,130,51,119,70,31,76,30,123" hai3="42,91,81,112,90,3,116,132,66,20,88,73,117"/><W13/><G3/><T71/><D110/><U126/><E38/><V103/><F119/><W108/><G112/><T19/><D115/><U55/><E128/><V98/><F39/><W100/><G132/><T21/><D134/><U53/><E41/><V34/><F130/><W36/><G100/><T64/><D129/><U105/><E105/><V65/><F2/><W94/><G66/><T135/><D135/><U32/><E32/><V10/><F10/><W133/><G133/><T29/><D125/><U118/><E118/><V17/><F123/><W86/><G108/><T80/><D29/><U107/><E107/><V114/><F114/><W50/><G36/><T74/><REACH who="0" step="1"/><D63/><REACH who="0" ten="239,296,222,223" step="2"/><U56/><E126/><V44/><F31/><W83/><G117/><T23/><D23/><U40/><E35/><V113/><F30/><W99/><G116/><T59/><D59/><U124/><E57/><V49/><F34/><W33/><G33/><T62/><D62/><U15/><E56/><V68/><F113/><W58/><G73/><T54/><D54/><U97/><E53/><N who="2" m="29863" /><F70/><W79/><G58/><T52/><D52/><U72/><E55/><V77/><F68/><W95/><G42/><T127/><D127/><U1/><E124/><V101/><F65/><W84/><G20/><T131/><D131/><U69/><E69/><V67/><F67/><W89/><G83/><T92/><D92/><U102/><E72/><V37/><F22/><W121/><G95/><T96/><D96/><U111/><E111/><V18/><F106/><W27/><G121/><T82/><D82/><N who="1" m="47319" /><E40/><V75/><F37/><RYUUKYOKU ba="1,2" sc="239,30,296,-10,222,-10,223,-10" hai0="0,7,9,12,19,21,45,46,61,64,71,74,80" /><INIT seed="4,2,2,3,4,32" ten="269,286,212,213" oya="0" hai0="38,116,65,81,17,48,109,120,36,97,57,84,88" hai1="117,39,125,66,47,27,12,11,83,4,3,122,55" hai2="26,15,61,52,82,34,77,1,90,133,123,119,16" hai3="25,98,8,68,64,105,89,22,45,71,53,100,108"/><T35/><D116/><U20/><E122/><V80/><F123/><W129/><G108/><T76/><D120/><U128/><E117/><V44/><F119/><W99/><G129/><T54/><D35/><U60/><E128/><V24/><F34/><W58/><G64/><T9/><D109/><U87/><E125/><V2/><F133/><W85/><G8/><T135/><D135/><U14/><E55/><V134/><F134/><W5/><G5/><T126/><D126/><U112/><E47/><V110/><F110/><W75/><G75/><T18/><D65/><U104/><E104/><V106/><F106/><W49/><G99/><T13/><D97/><U7/><E39/><V69/><F69/><W0/><G0/><N who="2" m="105" /><F82/><W74/><G74/><T86/><D18/><U118/><E112/><V40/><F40/><W70/><G45/><T132/><D132/><U113/><E113/><V78/><F61/><W130/><G130/><T94/><AGARI ba="2,2" hai="9,13,17,36,38,48,54,57,76,81,84,86,88,94" machi="94" ten="20,3900,0" yaku="0,1,7,1,54,1" doraHai="32" who="0" fromWho="0" sc="269,65,286,-15,212,-15,213,-15" owari="334,43.4,271,7.1,197,-30.3,198,-20.2" /></mjloggm>