<mjloggm ver="2.3"><GO type="225" lobby="0"/><UN n0="%E6%A1%9C%E8%8A%B1%E9%96%83%E3%80%85" n1="%E8%A8%88%E7%AE%97%E6%A9%9F%E8%87%AA%E7%84%B6" n2="%E9%B3%B3%E6%9D%B1%E3%81%AE%E3%81%86%E3%81%95%E3%81%8E%E3%81%95%E3%82%93" n3="%E3%81%82%E3%80%81%E8%B2%A0%E3%81%91%E3%81%BE%E3%81%97%E3%81%9F" dan="16,17,17,16" rate="2069.14,2189.10,2239.85,2116.14" sx="M,M,M,M"/><TAIKYOKU oya="0"/><INIT seed="0,0,0,2,0,2" ten="250,250,250,250" oya="0" hai0="28,24,93,129,95,12,96,109,26,18,48,7,78" hai1="94,114,68,70,72,77,112,123,98,5,106,9,86" hai2="100,47,17,134,69,79,105,124,62,85,103,6,16" hai3="25,117,131,31,34,84,4,90,120,87,113,53,19"/><T71/><D129/><U101/><E123/><V91/><F134/><W67/><G113/><N who="1" m="43626" /><E72/><V45/><F124/><W60/><G117/><T125/><D125/><U127/><E127/><V126/><F126/><W111/><G111/><T1/><D71/><N who="1" m="27179" /><E77/><V13/><F79/><W81/><G131/><T36/><D36/><U76/><E76/><V132/><F132/><W130/><G130/><T89/><D109/><U122/><E122/><V64/><F45/><W44/><G87/><T49/><D78/><U14/><E86/><V57/><F69/><W30/><G67/><T32/><D26/><U40/><E40/><V83/><F47/><W55/><G31/><T43/><D95/><AGARI ba="0,0" hai="5,9,14,94,95,98,101,106" m="27179,43626" machi="95" ten="30,2000,0" yaku="11,1,52,1" doraHai="2" who="1" fromWho="0" sc="250,-20,250,20,250,0,250,0" /><INIT seed="1,0,0,5,2,45" ten="230,270,250,250" oya="1" hai0="31,32,15,48,114,65,30,70,113,96,39,125,128" hai1="124,51,86,21,115,19,57,16,11,67,109,58,0" hai2="10,28,105,13,95,91,62,47,29,131,36,71,135" hai3="7,60,41,129,116,84,100,133,97,27,74,80,55"/><U38/><E38/><V14/><F105/><W24/><G129/><T50/><D39/><U132/><E115/><V66/><F135/><W83/><G133/><T2/><D2/><U3/><E132/><V78/><F78/><W56/><G41/><T25/><D128/><U122/><E122/><V46/><F131/><W52/><G7/><T127/><D15/><N who="1" m="7295" /><E0/><V73/><F13/><W120/><G120/><T98/><D65/><U40/><E3/><V6/><F73/><W99/><G116/><T43/><D43/><U104/><E104/><V17/><F17/><W103/><G84/><T8/><D70/><U119/><E119/><V12/><F12/><W42/><G42/><T112/><D8/><U110/><E124/><N who="0" m="47689" /><D31/><U93/><E67/><V111/><F36/><W117/><G56/><T5/><D5/><U18/><E18/><V77/><F28/><W44/><G44/><T108/><D108/><N who="1" m="41579" /><E40/><V26/><F111/><W76/><G117/><T72/><D72/><U88/><E51/><AGARI ba="0,0" hai="25,30,32,48,50,51,96,98,112,113,114" m="47689" machi="51" ten="40,8000,1" yaku="18,1,52,3" doraHai="45" who="0" fromWho="1" sc="230,80,270,-80,250,0,250,0" /><INIT seed="2,0,0,2,3,135" ten="310,190,250,250" oya="2" hai0="118,114,22,14,34,18,88,94,92,19,129,90,82" hai1="9,134,79,30,115,16,113,69,95,20,61,111,72" hai2="62,133,5,52,32,96,39,25,116,8,73,27,106" hai3="123,57,81,103,46,104,48,26,110,21,42,15,100"/><V87/><F73/><W84/><G110/><T12/><D114/><U109/><E72/><V11/><F116/><W31/><G123/><T56/><D118/><U64/><E79/><V53/><F39/><W70/><G70/><T47/><D129/><U76/><E76/><V131/><F133/><W65/><G104/><T2/><D2/><U83/><E83/><V10/><F131/><W24/><G24/><N who="2" m="9289" /><F106/><W119/><G119/><T7/><D34/><U4/><E30/><V93/><F32/><W130/><G130/><T36/><D7/><U112/><E134/><V35/><F35/><W40/><G40/><T0/><D0/><U59/><E69/><V85/><F5/><W3/><G3/><T29/><D56/><U91/><E9/><V23/><F23/><W99/><G99/><T43/><D29/><U51/><E51/><V1/><F1/><W28/><G28/><T80/><D94/><U41/><E41/><V132/><F132/><W127/><G15/><T120/><D90/><U124/><E4/><V38/><F38/><W77/><G127/><T78/><D78/><U74/><E74/><V126/><F126/><W63/><AGARI ba="0,0" hai="21,26,31,42,46,48,57,63,65,77,81,84,100,103" machi="63" ten="30,2000,0" yaku="0,1,8,1" doraHai="135" who="3" fromWho="3" sc="310,-5,190,-5,250,-10,250,20" /><INIT seed="3,0,0,3,1,30" ten="305,185,240,270" oya="3" hai0="64,80,102,123,73,20,14,26,94,115,74,66,82" hai1="106,44,51,71,5,105,53,97,130,83,42,40,107" hai2="79,19,101,110,99,43,68,47,125,52,55,16,57" hai3="0,6,96,120,103,15,13,32,77,4,27,89,23"/><W45/><G120/><T109/><D109/><U124/><E71/><V59/><F68/><W25/><G77/><T75/><D123/><U70/><E70/><V9/><F110/><W36/><G89/><T78/><D14/><U33/><E5/><V7/><F79/><W132/><G132/><T114/><D94/><U98/><E130/><V29/><F29/><W119/><G119/><T92/><D92/><U131/><E131/><V49/><F125/><W90/><G90/><T126/><D102/><U112/><E112/><N who="0" m="43049" /><D126/><U95/><E124/><V28/><F28/><W1/><G45/><T58/><D58/><U108/><E108/><V37/><F99/><W69/><G69/><T121/><D121/><U62/><E83/><N who="0" m="31785" /><D78/><U35/><E62/><V122/><F101/><W50/><G103/><T46/><D46/><U87/><E87/><V65/><F65/><W113/><G113/><T91/><D91/><U60/><E60/><V72/><F72/><W81/><G81/><T38/><D38/><U3/><E3/><V63/><REACH who="2" step="1"/><F122/><REACH who="2" ten="305,185,230,270" step="2"/><W21/><G96/><T134/><D134/><U118/><E97/><V127/><F127/><W18/><G36/><T41/><D41/><U2/><E118/><V116/><F116/><W61/><G61/><T93/><D93/><U129/><E129/><V85/><F85/><W17/><G50/><T88/><D88/><N who="1" m="55655" /><E2/><AGARI ba="0,1" hai="2,7,9,16,19,37,43,47,49,52,55,57,59,63" machi="2" ten="30,7700,0" yaku="1,1,7,1,54,2,53,0" doraHai="30" doraHaiUra="10" who="2" fromWho="1" sc="305,0,185,-77,230,87,270,0" owari="305,10.5,108,-39.2,317,41.7,270,-13.0" /></mjloggm>