<mjloggm ver="2.3"><GO type="225" lobby="0"/><UN n0="%E8%BE%9B%E5%8F%A3%E3%82%AB%E3%83%AC%E3%83%BC%E3%83%A9%E3%82%A4%E3%82%B9" n1="%4E%49%4A%49%49%52%4F" n2="%E9%80%9F%E6%B0%B4%E5%87%9B%E9%A6%99" n3="%E2%91%A3%E9%81%BF%E9%81%8A%E6%88%AF%E3%80%90%E6%9D%B1%E5%8D%97%E3%80%91" dan="16,16,16,16" rate="2148.58,2154.04,2133.50,2126.77" sx="M,M,F,M"/><TAIKYOKU oya="0"/><INIT seed="0,0,0,2,0,9" ten="250,250,250,250" oya="0" hai0="69,114,60,13,26,132,131,61,95,87,126,71,83" hai1="122,135,18,108,37,116,28,27,33,23,19,63,52" hai2="38,76,93,21,70,121,103,129,57,6,29,22,43" hai3="30,56,100,84,75,74,112,85,15,94,118,91,66"/><T49/><D114/><U86/><E116/><V134/><F70/><W42/><G118/><T109/><D131/><U35/><E122/><V81/><F121/><W55/><G112/><T14/><D132/><U65/><E37/><V124/><F134/><W10/><G66/><T58/><D126/><U24/><E135/><V47/><F129/><W11/><G11/><T102/><D71/><U17/><E108/><V113/><F113/><W107/><G30/><T2/><D2/><U50/><E86/><V8/><F124/><W5/><G42/><T46/><D69/><U12/><E35/><V101/><F57/><W73/><G107/><T34/><D109/><U64/><E63/><N who="0" m="24137" /><D26/><U96/><E96/><V31/><F31/><W0/><G100/><T53/><D34/><U97/><E97/><V110/><F110/><W117/><G117/><T79/><D46/><U90/><E90/><V32/><F32/><W41/><G41/><T20/><D20/><U99/><E99/><AGARI ba="0,0" hai="13,14,49,53,58,79,83,87,95,99,102" m="24137" machi="99" ten="30,5800,0" yaku="8,1,52,2" doraHai="9" who="0" fromWho="1" sc="250,58,250,-58,250,0,250,0" /><INIT seed="0,1,0,2,5,117" ten="308,192,250,250" oya="0" hai0="38,79,93,55,7,15,0,78,135,37,91,48,128" hai1="63,102,27,42,16,90,23,109,44,75,114,56,54" hai2="35,83,118,124,51,96,99,98,122,22,108,126,81" hai3="41,106,134,103,86,87,12,88,18,32,39,129,130"/><T28/><D0/><U21/><E114/><V64/><F35/><W76/><G32/><T20/><D128/><U121/><E75/><V105/><F64/><W47/><G87/><T111/><D135/><U5/><E109/><V92/><F51/><W68/><G76/><T72/><D111/><U82/><E5/><V53/><F53/><W84/><G84/><T58/><D7/><U1/><E1/><V120/><F108/><W67/><G134/><T25/><D15/><U116/><E116/><V107/><F22/><W97/><G67/><T69/><D69/><U19/><E102/><V36/><F92/><W65/><G65/><T77/><REACH who="0" step="1"/><D72/><REACH who="0" ten="298,192,250,250" step="2"/><U100/><E121/><N who="2" m="46699" /><F118/><W95/><REACH who="3" step="1"/><G68/><REACH who="3" ten="298,192,250,240" step="2"/><T31/><D31/><U127/><E127/><N who="2" m="48683" /><F36/><W119/><G119/><T29/><D29/><U94/><E19/><V133/><F133/><W115/><G115/><T85/><AGARI ba="1,2" hai="20,25,28,37,38,48,55,58,77,78,79,85,91,93" machi="85" ten="30,6000,0" yaku="1,1,0,1,53,1" doraHai="117" doraHaiUra="50" who="0" fromWho="0" sc="298,83,192,-21,250,-21,240,-21" /><INIT seed="0,2,0,3,3,96" ten="381,171,229,219" oya="0" hai0="85,81,32,16,12,59,45,64,111,65,4,61,68" hai1="92,25,132,102,130,27,18,98,54,10,79,110,94" hai2="41,20,21,26,67,37,120,9,77,112,19,62,134" hai3="73,75,53,51,15,100,71,74,99,93,50,95,84"/><T24/><D111/><U34/><E130/><V82/><F120/><W131/><G131/><T47/><D68/><U91/><E132/><V39/><F112/><W23/><G71/><T103/><D65/><U128/><E110/><V58/><F134/><W42/><G42/><T101/><D32/><U0/><E128/><V107/><F107/><W8/><G23/><N who="0" m="11655" /><D24/><U124/><E124/><V121/><F121/><W116/><G116/><T126/><D4/><U49/><E79/><V76/><F76/><W7/><G84/><T31/><D31/><U11/><E34/><V38/><F9/><W89/><G95/><T86/><D126/><U56/><E0/><V46/><REACH who="2" step="1"/><F21/><REACH who="2" ten="381,171,219,219" step="2"/><W29/><G29/><T33/><D33/><U28/><E28/><V44/><F44/><N who="0" m="16970" /><D86/><AGARI ba="2,1" hai="19,20,26,37,38,39,41,46,58,62,67,77,82,86" machi="86" ten="30,2000,0" yaku="1,1,7,1,53,0" doraHai="96" doraHaiUra="5" who="2" fromWho="0" sc="381,-26,171,0,219,36,219,0" /><INIT seed="1,0,0,0,3,10" ten="355,171,255,219" oya="1" hai0="73,53,52,117,123,44,6,61,8,75,135,16,85" hai1="29,116,103,118,58,68,108,65,21,125,11,93,132" hai2="28,24,120,88,47,78,104,99,14,71,37,15,32" hai3="83,69,13,41,18,60,35,56,90,96,31,55,92"/><U126/><E68/><V1/><F1/><W46/><G69/><T115/><D115/><U34/><E34/><V79/><F120/><W107/><G107/><T66/><D117/><U62/><E132/><V70/><F37/><W5/><G5/><T95/><D135/><U100/><E11/><V134/><F134/><W77/><G35/><T23/><D123/><U102/><E108/><V84/><F47/><W110/><G31/><T114/><D114/><U64/><E64/><V94/><F71/><W87/><G110/><T113/><D113/><U45/><E45/><V4/><F70/><W130/><G130/><T43/><D75/><U81/><E81/><V59/><F4/><W54/><G41/><T131/><D73/><U127/><REACH who="1" step="1"/><E93/><REACH who="1" ten="355,161,255,219" step="2"/><V22/><F32/><W20/><G46/><T91/><D8/><U51/><E51/><V27/><F104/><W39/><G39/><T48/><D131/><U38/><E38/><V74/><F74/><W57/><G57/><N who="0" m="37167" /><D6/><U76/><E76/><V7/><F78/><W86/><G96/><T80/><D80/><U82/><E82/><N who="2" m="47199" /><F7/><W106/><REACH who="3" step="1"/><G106/><REACH who="3" ten="355,161,255,209" step="2"/><T124/><D124/><U105/><E105/><V98/><F98/><W9/><G9/><T109/><D109/><U89/><E89/><V67/><F59/><W26/><G26/><AGARI ba="0,2" hai="16,23,26,43,44,48,52,53,85,91,95" m="37167" machi="26" ten="30,3900,0" yaku="8,1,54,2" doraHai="10" who="0" fromWho="3" sc="355,59,161,0,255,0,209,-39" /><AGARI ba="0,0" hai="21,26,29,58,62,65,100,102,103,116,118,125,126,127" machi="26" ten="50,4800,0" yaku="1,1,18,1,53,0" doraHai="10" doraHaiUra="12" who="1" fromWho="3" sc="414,0,161,48,255,0,170,-48" /><INIT seed="1,1,0,2,1,115" ten="414,209,255,122" oya="1" hai0="0,57,103,106,29,44,109,135,98,14,77,85,11" hai1="46,118,82,24,17,16,132,133,80,66,39,35,121" hai2="40,56,36,12,53,116,91,3,38,81,8,13,20" hai3="5,120,41,122,60,123,130,67,7,127,87,25,69"/><U26/><E121/><V62/><F116/><W100/><G130/><T108/><D0/><U111/><E111/><N who="0" m="42569" /><D135/><N who="1" m="51787" /><E66/><V126/><F126/><W88/><G127/><T70/><D70/><U64/><E64/><V107/><F107/><W131/><G131/><T1/><D1/><U10/><E118/><V84/><F3/><W113/><G113/><T101/><D101/><U50/><E39/><V86/><F40/><W72/><G72/><T97/><D97/><U33/><E10/><V96/><F96/><W79/><G79/><T45/><D57/><U58/><E58/><V78/><F20/><W105/><G41/><T43/><D29/><U31/><E33/><V55/><F55/><W83/><REACH who="3" step="1"/><G25/><REACH who="3" ten="414,209,255,112" step="2"/><T4/><D43/><N who="1" m="24927" /><E24/><V49/><F78/><W68/><G68/><T75/><D75/><U52/><E52/><V18/><F53/><W128/><G128/><T94/><D77/><U6/><E6/><V102/><F36/><W110/><G110/><T93/><D4/><U92/><E17/><V51/><F38/><W117/><G117/><T42/><D42/><U134/><E134/><V125/><F18/><W2/><G2/><T61/><D106/><U124/><E124/><V30/><F125/><W99/><AGARI ba="1,1" hai="5,7,60,67,69,83,87,88,99,100,105,120,122,123" machi="99" ten="40,5200,0" yaku="1,1,0,1,54,1,53,0" doraHai="115" doraHaiUra="23" who="3" fromWho="3" sc="414,-14,209,-27,255,-14,112,65" /><INIT seed="2,0,0,0,3,54" ten="400,182,241,177" oya="2" hai0="133,83,11,82,128,63,24,70,2,16,32,98,61" hai1="36,125,97,66,68,29,109,92,105,13,12,134,39" hai2="126,15,9,44,120,102,55,64,34,72,46,81,104" hai3="94,3,75,91,80,69,129,53,130,30,78,6,89"/><V119/><F120/><W122/><G122/><T95/><D128/><U73/><E109/><V22/><F34/><W79/><G69/><T90/><D133/><U86/><E134/><V4/><F119/><W87/><G30/><T96/><D2/><U40/><E125/><V88/><F126/><W47/><G6/><T132/><D132/><U100/><E73/><V52/><F104/><W51/><G3/><T17/><D98/><U48/><E29/><V62/><F102/><W35/><G35/><T10/><D32/><U21/><E66/><V116/><F116/><W121/><G121/><T77/><D83/><U127/><E68/><V124/><F72/><W25/><G25/><T117/><D117/><U33/><E33/><V111/><F111/><W59/><G79/><T93/><D93/><U38/><E127/><V114/><F114/><W76/><G78/><T14/><D70/><U5/><E5/><V43/><F22/><W42/><REACH who="3" step="1"/><G91/><REACH who="3" ten="400,182,241,167" step="2"/><T56/><D24/><U60/><E60/><AGARI ba="0,1" hai="42,47,51,53,59,60,75,76,80,87,89,94,129,130" machi="60" ten="40,8000,1" yaku="1,1,2,1,52,1,53,1" doraHai="54" doraHaiUra="45" who="3" fromWho="1" sc="400,0,182,-80,241,0,167,90" /><INIT seed="3,0,0,2,4,20" ten="400,102,241,257" oya="3" hai0="33,69,98,7,28,116,86,83,103,84,16,96,121" hai1="87,106,78,19,8,49,109,124,13,40,131,55,88" hai2="0,51,41,66,123,108,14,113,127,126,72,56,115" hai3="52,30,82,99,3,92,35,63,50,22,120,5,68"/><W117/><G120/><T59/><D116/><U133/><E131/><V9/><F0/><W89/><G117/><T94/><D69/><U54/><E133/><V38/><F72/><W26/><G3/><T37/><D37/><U65/><E124/><N who="2" m="47659" /><F108/><W58/><G5/><T32/><D121/><U11/><E109/><V110/><F110/><W64/><REACH who="3" step="1"/><G82/><REACH who="3" ten="400,102,241,247" step="2"/><T71/><D7/><U107/><E107/><V24/><F123/><W12/><G12/><T102/><D83/><U48/><E106/><V97/><F14/><W15/><G15/><T21/><D94/><U23/><E78/><V29/><F115/><W74/><G74/><T81/><D81/><U2/><E2/><V77/><F113/><W4/><G4/><T118/><D118/><U70/><E70/><V85/><F77/><W111/><G111/><T105/><D71/><U122/><E65/><V128/><F128/><W67/><G67/><T1/><D1/><U132/><E40/><V101/><F66/><W34/><AGARI ba="0,1" hai="22,26,30,34,35,50,52,58,63,64,68,89,92,99" machi="34" ten="30,11700,0" yaku="1,1,0,1,52,1,54,1,53,0" doraHai="20" doraHaiUra="42" who="3" fromWho="3" sc="400,-39,102,-39,241,-39,247,127" owari="361,16.1,63,-43.7,202,-19.8,374,47.4" /></mjloggm>