<mjloggm ver="2.3"><GO type="225" lobby="0"/><UN n0="%73%61%6E%64%69%72%69%73" n1="%43%68%65" n2="%73%69%72%6F%75%74" n3="%E3%81%B2%E3%81%AA%E3%81%AE%E3%82%8A%E3%81%8F" dan="16,16,16,17" rate="2122.14,2165.45,2101.82,2191.44" sx="M,M,M,M"/><TAIKYOKU oya="0"/><INIT seed="0,0,0,5,1,99" ten="250,250,250,250" oya="0" hai0="52,111,64,121,15,9,73,75,5,129,16,26,22" hai1="46,49,83,36,12,58,50,13,85,94,37,54,95" hai2="65,59,102,131,55,2,63,27,128,48,28,24,29" hai3="6,96,81,109,47,53,31,32,20,25,100,126,133"/><T33/><D121/><U10/><E37/><V86/><F2/><W119/><G119/><T110/><D129/><N who="2" m="49738" /><F86/><W108/><G133/><T44/><D64/><U106/><E36/><V87/><F87/><W89/><G126/><T118/><D118/><U70/><E106/><V38/><F38/><W116/><G116/><T113/><D113/><U17/><E13/><V115/><F115/><W78/><G89/><T14/><D33/><U51/><E70/><V77/><F77/><W71/><G6/><T130/><D130/><U7/><E17/><V69/><F102/><W122/><G71/><T84/><D84/><U135/><E135/><V91/><F91/><W11/><G11/><T120/><D26/><AGARI ba="0,0" hai="24,26,27,28,29,48,55,59,63,65,69" m="49738" machi="26" ten="30,1000,0" yaku="19,1" doraHai="99" who="2" fromWho="0" sc="250,-10,250,0,250,10,250,0" /><INIT seed="1,0,0,4,3,44" ten="240,250,260,250" oya="1" hai0="118,129,27,0,60,86,81,39,110,91,3,16,14" hai1="69,40,38,21,101,131,111,105,74,125,102,48,72" hai2="94,70,134,130,88,104,122,9,6,5,30,51,43" hai3="76,77,115,95,26,52,121,24,28,34,15,63,85"/><U93/><E69/><V96/><F70/><W100/><G121/><T108/><D118/><U113/><E105/><V18/><F122/><W7/><G115/><T116/><D116/><U127/><E38/><V59/><F104/><W73/><G73/><T10/><D129/><U133/><E113/><V22/><F134/><W79/><G26/><T97/><D39/><U8/><E133/><V54/><F130/><W71/><G71/><T99/><D60/><U65/><E65/><V55/><F43/><W103/><G7/><T82/><D82/><U49/><E40/><V37/><F37/><W68/><G15/><T13/><D27/><U87/><E21/><V2/><F30/><W62/><G62/><T126/><D14/><U19/><E131/><V61/><F9/><W46/><G68/><T23/><D126/><N who="1" m="48139" /><E111/><N who="0" m="42537" /><D23/><U107/><E107/><V1/><F1/><AGARI ba="0,0" hai="0,1,3,10,13,16,81,86,91,97,99" m="42537" machi="1" ten="30,2000,0" yaku="14,1,54,1" doraHai="44" who="0" fromWho="2" sc="240,20,250,0,260,-20,250,0" /><INIT seed="2,0,0,4,4,22" ten="260,250,240,250" oya="2" hai0="113,61,94,133,44,66,8,134,21,58,85,5,65" hai1="93,7,123,4,82,14,84,45,104,124,69,118,0" hai2="28,107,91,51,53,50,111,32,86,75,103,109,92" hai3="19,48,90,30,37,31,68,114,117,36,10,83,131"/><V24/><F75/><W70/><G117/><T73/><D73/><U1/><E104/><V46/><REACH who="2" step="1"/><F50/><REACH who="2" ten="260,250,230,250" step="2"/><W126/><G48/><T26/><D113/><U112/><E112/><V27/><F27/><W120/><G114/><T88/><D66/><U2/><E118/><V11/><F11/><W79/><G10/><T18/><REACH who="0" step="1"/><D44/><REACH who="0" ten="250,250,230,250" step="2"/><U23/><E45/><V116/><F116/><W80/><G120/><T3/><AGARI ba="0,2" hai="3,5,8,18,21,26,58,61,65,85,88,94,133,134" machi="3" ten="30,12000,2" yaku="1,1,2,1,0,1,52,1,54,1,53,2" doraHai="22" doraHaiUra="129" who="0" fromWho="0" sc="250,140,250,-30,230,-60,250,-30" /><INIT seed="3,0,0,1,0,124" ten="390,220,170,220" oya="3" hai0="92,52,93,64,8,57,7,81,112,110,118,82,102" hai1="97,27,132,21,100,29,62,3,34,31,58,74,56" hai2="69,70,50,89,48,66,68,117,130,108,16,128,131" hai3="77,88,22,18,23,61,119,35,26,76,20,101,91"/><W109/><G119/><T129/><D118/><U103/><E74/><V65/><F117/><W72/><G101/><T54/><D129/><U87/><E3/><V111/><F89/><N who="3" m="34379" /><G72/><T17/><D110/><N who="2" m="42026" /><F16/><N who="3" m="12647" /><G35/><T126/><D102/><U33/><E33/><V134/><F134/><W12/><G109/><T123/><D112/><U38/><E34/><V13/><F13/><W42/><G42/><T120/><D120/><U115/><E38/><V67/><AGARI ba="0,0" hai="48,50,65,66,67,68,69,70,128,130,131" m="42026" machi="67" ten="50,24000,4" yaku="29,2,28,2,19,1,14,1,34,2,52,3" doraHai="124" who="2" fromWho="2" sc="390,-60,220,-60,170,240,220,-120" owari="330,13.0,160,-24.0,410,51.0,100,-40.0" /></mjloggm>