<mjloggm ver="2.3"><GO type="225" lobby="0"/><UN n0="%6D%75%75%6D%75%72%61" n1="%E4%BF%BA%E3%81%A8%E5%A6%96%E5%A4%A2" n2="%72%69%6F%75%63%68%61%6E" n3="%E9%B3%B3%E6%9D%B1%E3%81%AE%E3%81%86%E3%81%95%E3%81%8E%E3%81%95%E3%82%93" dan="16,17,17,16" rate="2137.04,2198.12,2163.05,2104.71" sx="F,F,M,M"/><TAIKYOKU oya="0"/><INIT seed="0,0,0,0,1,116" ten="250,250,250,250" oya="0" hai0="87,57,103,129,31,119,117,98,135,110,5,73,131" hai1="7,52,69,59,86,47,100,65,20,79,80,58,121" hai2="34,62,94,14,134,90,126,44,21,48,12,122,1" hai3="41,36,9,11,17,45,96,30,35,92,32,120,130"/><T89/><D5/><U125/><E125/><V133/><F122/><W71/><G130/><N who="0" m="49675" /><D31/><U107/><E121/><V93/><F126/><W74/><G120/><T10/><D10/><U102/><E69/><V50/><F34/><W83/><G71/><T16/><D16/><U60/><E47/><V54/><F1/><W99/><G99/><T118/><D57/><U25/><E107/><V53/><F62/><W2/><G17/><T46/><D46/><U106/><E106/><V43/><F43/><W24/><G32/><T81/><D135/><N who="2" m="51722" /><F21/><W105/><G105/><N who="0" m="63735" /><D110/><U84/><E84/><N who="2" m="52423" /><F94/><W15/><G2/><T132/><D132/><U42/><E42/><V38/><F38/><W27/><G27/><T124/><D124/><U128/><E7/><V112/><F112/><W123/><G15/><T127/><D127/><U26/><E128/><V19/><F19/><W56/><G123/><T72/><AGARI ba="0,0" hai="72,73,81,87,89,117,118,119" m="63735,49675" machi="72" ten="40,7800,0" yaku="19,1,34,2" doraHai="116" who="0" fromWho="0" sc="250,78,250,-26,250,-26,250,-26" /><INIT seed="0,1,0,1,2,51" ten="328,224,224,224" oya="0" hai0="67,130,28,25,103,38,74,20,12,118,19,127,10" hai1="1,65,121,13,37,40,16,21,61,55,119,5,72" hai2="87,88,83,26,57,2,85,90,129,42,109,49,113" hai3="17,76,45,63,126,77,95,32,35,34,110,62,123"/><T100/><D118/><U43/><E119/><V69/><F113/><W8/><G110/><T41/><D130/><U33/><E121/><V73/><F69/><W107/><G107/><T46/><D127/><U31/><E72/><V59/><F2/><W106/><G106/><T0/><D74/><U120/><E120/><V18/><F109/><W64/><G123/><T108/><D108/><U132/><E37/><V30/><F129/><W11/><G126/><T104/><D104/><U79/><E79/><V97/><F73/><W60/><G64/><T56/><D0/><U22/><E132/><V135/><F135/><W3/><G95/><T27/><D67/><U80/><E80/><V91/><F97/><W50/><G17/><T36/><D36/><U75/><E75/><V82/><F91/><W14/><G14/><T116/><D116/><U70/><E22/><V96/><F96/><W48/><G48/><T102/><D27/><N who="1" m="18687" /><E55/><V78/><F78/><W7/><REACH who="3" step="1"/><G8/><AGARI ba="1,0" hai="1,5,8,13,16,21,40,43,61,65,70" m="18687" machi="8" ten="30,2000,0" yaku="24,1,54,1" doraHai="51" who="1" fromWho="3" sc="328,0,224,23,224,0,224,-23" /><INIT seed="1,0,0,0,4,76" ten="328,247,224,201" oya="1" hai0="35,38,123,37,91,128,118,6,105,59,5,61,34" hai1="14,96,60,57,13,41,85,104,125,99,74,95,55" hai2="65,73,22,51,15,10,44,70,126,9,46,16,100" hai3="75,26,89,92,67,129,49,98,130,103,87,107,120"/><U133/><E74/><V3/><F126/><W71/><G49/><T27/><D118/><U72/><E72/><V115/><F115/><W124/><G67/><T101/><D128/><N who="3" m="49257" /><G71/><T28/><D35/><U135/><E125/><V23/><F73/><W84/><G124/><T8/><D6/><U81/><E41/><V36/><F100/><W64/><G64/><T94/><D101/><U119/><E104/><V109/><F109/><W113/><G26/><T131/><D105/><U108/><E119/><V132/><F132/><N who="1" m="50761" /><E108/><V117/><F117/><W127/><G127/><T18/><D18/><U122/><E122/><V90/><F36/><W24/><G24/><T114/><D123/><U19/><E95/><V25/><F90/><N who="3" m="53343" /><G75/><T53/><D114/><U86/><E86/><V112/><F112/><W17/><G17/><T39/><D131/><U82/><E14/><V56/><F70/><W121/><G113/><T33/><D33/><U80/><E85/><V47/><F3/><W4/><G4/><T20/><D34/><U1/><E1/><V12/><F65/><W40/><G40/><T21/><D38/><U110/><E110/><V79/><F25/><W116/><G116/><T93/><D93/><AGARI ba="0,0" hai="84,89,93,98,103,107,120,121" m="53343,49257" machi="93" ten="30,3900,0" yaku="19,1,34,2" doraHai="76" who="3" fromWho="0" sc="328,-39,247,0,224,0,201,39" /><INIT seed="2,0,0,5,2,106" ten="289,247,224,240" oya="2" hai0="102,8,105,35,39,3,67,53,51,122,23,127,132" hai1="41,78,125,1,9,38,115,74,119,2,58,12,4" hai2="37,22,118,80,36,25,42,126,10,32,71,20,18" hai3="109,128,17,111,134,19,61,28,104,31,26,64,95"/><V103/><F118/><W24/><G104/><T11/><D35/><U96/><E115/><V52/><F32/><N who="3" m="20487" /><G95/><T116/><D122/><U72/><E119/><V5/><F126/><W83/><G83/><T85/><D39/><U73/><E125/><V63/><F103/><W57/><G128/><T43/><D132/><U88/><E78/><V15/><F42/><W21/><G134/><T75/><D43/><U0/><E58/><V27/><F80/><W45/><G45/><T48/><D48/><U87/><E41/><V107/><F107/><W62/><G62/><T110/><D85/><U124/><E38/><V84/><F84/><W97/><G97/><T14/><D110/><AGARI ba="0,0" hai="17,19,21,26,31,57,61,64,109,110,111" m="20487" machi="110" ten="30,1000,0" yaku="14,1" doraHai="106" who="3" fromWho="0" sc="289,-10,247,0,224,0,240,10" /><INIT seed="3,0,0,3,3,13" ten="279,247,224,250" oya="3" hai0="101,104,73,110,20,31,121,21,51,8,99,17,100" hai1="9,118,111,75,32,109,35,77,11,134,128,33,113" hai2="78,6,19,69,85,15,84,60,18,46,4,120,59" hai3="122,92,39,90,37,95,23,28,115,48,56,34,16"/><W74/><G115/><T98/><D121/><U96/><E113/><V91/><F69/><W10/><G74/><T86/><D73/><U117/><E96/><V116/><F116/><N who="1" m="44649" /><E75/><V36/><F120/><W97/><G122/><T119/><D110/><N who="1" m="41995" /><E77/><V43/><F78/><W53/><G10/><N who="1" m="3594" /><E134/><V1/><F1/><W103/><G34/><T131/><D86/><U68/><E68/><V52/><F85/><N who="3" m="52303" /><G28/><T135/><D31/><U72/><E72/><V125/><F125/><W58/><G58/><T108/><D135/><U29/><E128/><V57/><F57/><W55/><G55/><T45/><D131/><U82/><E82/><V129/><F129/><W54/><G54/><T81/><D81/><U93/><E93/><V63/><F63/><W66/><G66/><T30/><D104/><U22/><E22/><V70/><F70/><W123/><G123/><T65/><D21/><U61/><E61/><V107/><F107/><W94/><G95/><T67/><D20/><U79/><E79/><V112/><F112/><W27/><G39/><T80/><D80/><U2/><E2/><V130/><F130/><W49/><G37/><T12/><D108/><U127/><E127/><V124/><F124/><W3/><G3/><T102/><D119/><U76/><E76/><V24/><F84/><W25/><G49/><T7/><D65/><U83/><E83/><V87/><F87/><W38/><G38/><T133/><D67/><U42/><E29/><V126/><F126/><W88/><G103/><T41/><D30/><U40/><AGARI ba="0,0" hai="32,33,35,40,42" m="3594,41995,44649" machi="40" ten="50,8000,1" yaku="28,2,12,1,14,1" doraHai="13" who="1" fromWho="1" sc="279,-20,247,80,224,-20,250,-40" owari="259,5.9,327,42.7,204,-29.6,210,-19.0" /></mjloggm>