<mjloggm ver="2.3"><GO type="225" lobby="0"/><UN n0="%E3%81%8B%E3%82%8F%E3%81%A1%E3%82%83%E3%82%93%35%38" n1="%E3%81%BE%E3%81%A8%E3%81%9F" n2="%E3%82%BC%E3%83%AB%E3%83%80%E3%81%AE%E4%BC%9D%E8%AA%AC" n3="%E7%99%BD%E5%92%B2%E8%8A%B1%E3%81%A1%E3%82%83%E3%82%93" dan="17,16,18,16" rate="2252.09,2184.18,2182.58,2142.27" sx="M,M,M,F"/><TAIKYOKU oya="0"/><INIT seed="0,0,0,0,4,99" ten="250,250,250,250" oya="0" hai0="34,26,87,92,115,85,11,5,58,27,21,60,82" hai1="129,1,25,90,111,6,35,91,101,43,80,24,76" hai2="12,118,78,44,64,59,121,39,61,69,86,62,36" hai3="75,88,67,19,98,102,28,48,134,50,97,53,116"/><T8/><D115/><U2/><E111/><V23/><F121/><W119/><G75/><T18/><D34/><U109/><E109/><V128/><F128/><W7/><G134/><T10/><D27/><U74/><E2/><V72/><F72/><W123/><G123/><T17/><D17/><U132/><E129/><V40/><F118/><W125/><G125/><T20/><D20/><U81/><E24/><V15/><F23/><W108/><G108/><T130/><D130/><U13/><E13/><V96/><F39/><W68/><G28/><T114/><D114/><U93/><E81/><V41/><F41/><W30/><G30/><T63/><D63/><U52/><E25/><V32/><F32/><W73/><G73/><T47/><D47/><U57/><E35/><V89/><F96/><W16/><G7/><T66/><D92/><U103/><E90/><V38/><F78/><W0/><G0/><T95/><D95/><U113/><E43/><V110/><F38/><W135/><G88/><N who="0" m="51255" /><D87/><U14/><E1/><V106/><F106/><W120/><G120/><T33/><D33/><U4/><E132/><V37/><F37/><W56/><G135/><T84/><D84/><U83/><E83/><N who="2" m="49375" /><F110/><W3/><G3/><T127/><D127/><U131/><E113/><V49/><F62/><N who="3" m="40055" /><G116/><T105/><D105/><U104/><E104/><V55/><AGARI ba="0,0" hai="12,15,36,40,44,49,55,59,61,64,69" m="49375" machi="55" ten="30,1100,0" yaku="24,1" doraHai="99" who="2" fromWho="2" sc="250,-5,250,-3,250,11,250,-3" /><INIT seed="1,0,0,2,3,38" ten="245,247,261,247" oya="1" hai0="117,9,22,103,14,106,93,54,48,68,26,21,13" hai1="81,132,47,111,63,107,108,17,28,77,84,33,35" hai2="27,41,92,115,67,131,94,96,113,18,53,126,127" hai3="57,102,80,135,75,10,64,134,42,122,70,44,116"/><U6/><E107/><V52/><F67/><W73/><G122/><T58/><D117/><U31/><E6/><V133/><F133/><N who="3" m="50699" /><G116/><T65/><D106/><U59/><E17/><V82/><F131/><W37/><G70/><T45/><D68/><U1/><E1/><V91/><F82/><W60/><G102/><T88/><D103/><U66/><E132/><V121/><F121/><W34/><G34/><T24/><D65/><U95/><E33/><V123/><F123/><W85/><G10/><T56/><D24/><U3/><E3/><V5/><F5/><W43/><G43/><N who="0" m="24639" /><D22/><U100/><E35/><V25/><F41/><W12/><G12/><N who="0" m="4715" /><D54/><U23/><E23/><V87/><F18/><W61/><G61/><T20/><D9/><U49/><E31/><V114/><F25/><W4/><G4/><T71/><D71/><U11/><E28/><V130/><F27/><W89/><AGARI ba="0,0" hai="37,42,44,57,60,64,73,75,80,85,89" m="50699" machi="89" ten="30,2000,0" yaku="20,1,52,1" doraHai="38" who="3" fromWho="3" sc="245,-5,247,-10,261,-5,247,20" /><INIT seed="2,0,0,2,2,22" ten="240,237,256,267" oya="2" hai0="69,67,106,103,11,66,47,43,26,5,52,29,132" hai1="45,39,81,105,36,108,104,120,63,0,110,8,49" hai2="118,128,10,18,98,114,9,82,53,33,76,91,113" hai3="30,75,84,87,99,83,42,95,115,121,133,28,20"/><V85/><F118/><W59/><G121/><T68/><D132/><U24/><E81/><V134/><F134/><W126/><G133/><T77/><D77/><U48/><E63/><V116/><F116/><W90/><G126/><T19/><D19/><U80/><E80/><V78/><F33/><W44/><G115/><T119/><D119/><U50/><E120/><V89/><F128/><W27/><G75/><T7/><D52/><N who="1" m="29711" /><E8/><N who="2" m="3179" /><F113/><W131/><G131/><T112/><D112/><U74/><E74/><V41/><F41/><W94/><G59/><T38/><D67/><U64/><E64/><V57/><F18/><W62/><G62/><N who="0" m="40023" /><D11/><U32/><E0/><V117/><F117/><W101/><G30/><T96/><D69/><U86/><E86/><V65/><F65/><W70/><G70/><T25/><D25/><U16/><E39/><V17/><F17/><W34/><G34/><AGARI ba="0,0" hai="5,7,26,29,34,38,43,47,96,103,106" m="40023" machi="34" ten="30,2000,0" yaku="25,1,52,1" doraHai="22" who="0" fromWho="3" sc="240,20,237,0,256,0,267,-20" /><INIT seed="3,0,0,0,3,116" ten="260,237,256,247" oya="3" hai0="63,80,2,71,5,58,107,56,36,45,120,12,121" hai1="94,19,131,13,6,17,96,102,112,9,82,39,46" hai2="35,128,7,134,30,23,10,98,48,42,127,72,34" hai3="99,123,81,73,77,88,129,53,108,15,50,104,70"/><W24/><G70/><T8/><D107/><U101/><E131/><V90/><F72/><W40/><G129/><T74/><D12/><U68/><E112/><V1/><F128/><W41/><G123/><N who="0" m="47179" /><D63/><U91/><E68/><V43/><F48/><W59/><G108/><T119/><D71/><U55/><E39/><V11/><F90/><W124/><G124/><T110/><D110/><U0/><E19/><V65/><F98/><W52/><G24/><T28/><D28/><U78/><E55/><V20/><F127/><W60/><G15/><T103/><D103/><U130/><E46/><V69/><F69/><W33/><G33/><T26/><D26/><U66/><E66/><V32/><F65/><W61/><G61/><T89/><D89/><U37/><E37/><V67/><F67/><W62/><G62/><T133/><D133/><U100/><E130/><V31/><F134/><W22/><G22/><N who="2" m="8233" /><F42/><W84/><G104/><T125/><D125/><U44/><E44/><V117/><F43/><W57/><G99/><T47/><D47/><U75/><REACH who="1" step="1"/><E0/><REACH who="1" ten="260,227,256,247" step="2"/><N who="2" m="359" /><F117/><W97/><G97/><T49/><D119/><U21/><E21/><V126/><F126/><W92/><AGARI ba="0,1" hai="40,41,50,52,53,57,59,60,73,77,81,84,88,92" machi="92" ten="20,7800,0" yaku="0,1,7,1,54,2" doraHai="116" who="3" fromWho="3" sc="260,-26,227,-26,256,-26,247,88" owari="234,3.4,201,-29.9,230,-17.0,335,43.5" /></mjloggm>