<mjloggm ver="2.3"><GO type="225" lobby="0"/><UN n0="%E3%83%9D%E3%83%B3%E3%83%9D%E3%82%B3%E5%95%86%E4%BA%8B" n1="%41%72%69%61" n2="%E5%8F%AF%E5%85%90%E9%82%A3%E7%94%B1%E5%A4%9A" n3="%E3%81%A8%E3%82%93%E3%81%A8%E3%81%93%E3%81%A8%E3%82%93" dan="16,17,17,16" rate="2158.04,2144.87,2165.41,2125.31" sx="M,F,F,F"/><TAIKYOKU oya="0"/><INIT seed="0,0,0,2,4,42" ten="250,250,250,250" oya="0" hai0="34,81,53,46,99,59,43,118,119,27,63,130,112" hai1="24,57,122,89,133,51,92,22,37,26,120,6,87" hai2="109,41,11,131,64,85,35,101,19,33,121,127,79" hai3="134,20,123,8,48,31,29,50,58,36,124,7,40"/><T94/><D112/><U114/><E37/><V86/><F121/><W10/><G124/><T25/><D130/><U104/><E104/><V117/><F127/><W75/><G75/><T113/><D113/><U30/><E114/><V56/><F131/><W78/><G134/><T108/><D81/><U38/><E38/><V44/><F109/><W67/><G78/><T135/><D135/><U98/><E133/><V55/><F64/><W126/><G10/><T116/><D34/><U61/><E6/><V111/><F111/><W12/><G126/><T4/><D4/><U28/><E87/><V69/><F69/><W65/><G123/><T18/><D18/><U54/><REACH who="1" step="1"/><E51/><REACH who="1" ten="250,240,250,250" step="2"/><V128/><F86/><W70/><G36/><T125/><D108/><U77/><E77/><V13/><F128/><W107/><G107/><T5/><D5/><U91/><E91/><V88/><F79/><W47/><G50/><T23/><D125/><U102/><E102/><V84/><F101/><W17/><G70/><T1/><D1/><U3/><E3/><V15/><F85/><W39/><G39/><T103/><D119/><U93/><E93/><V68/><F117/><W73/><G73/><T0/><D118/><U76/><E76/><V95/><F68/><W21/><G7/><T32/><D0/><U83/><E83/><V96/><F84/><W45/><G48/><N who="0" m="26719" /><D116/><U106/><E106/><V9/><F95/><W132/><G132/><T115/><D115/><U100/><E100/><V74/><F88/><W2/><G2/><T60/><D103/><U71/><E71/><V97/><F74/><RYUUKYOKU ba="0,1" sc="250,-10,240,30,250,-10,250,-10" hai1="22,24,26,28,30,54,57,61,89,92,98,120,122" /><INIT seed="1,1,1,5,5,91" ten="240,270,240,240" oya="1" hai0="66,98,38,116,41,67,43,23,102,90,45,26,115" hai1="34,62,27,120,88,25,124,52,135,42,87,70,110" hai2="114,55,11,119,126,13,59,48,46,74,7,103,99" hai3="77,32,50,130,0,123,57,100,76,97,113,89,49"/><U117/><E120/><V80/><F119/><W9/><G32/><T20/><D115/><U128/><E117/><V81/><F126/><W78/><G113/><T6/><D116/><U72/><E72/><V16/><F114/><W95/><G123/><T85/><D6/><U112/><E112/><V69/><F69/><W93/><G130/><T1/><D1/><U92/><E128/><V101/><F74/><W63/><G9/><T109/><D109/><U58/><E34/><V68/><F68/><W33/><G33/><T71/><D43/><U65/><E124/><V2/><F103/><W47/><G47/><T75/><D75/><U56/><E110/><V18/><F46/><W121/><G0/><T35/><D35/><U84/><E42/><V96/><F96/><N who="3" m="57391" /><G121/><T132/><D132/><U17/><E135/><V31/><F31/><W5/><G5/><T64/><D71/><U107/><E107/><V79/><F79/><N who="3" m="20227" /><W82/><DORA hai="61" /><G82/><N who="2" m="31849" /><F2/><W24/><G24/><T21/><D26/><N who="1" m="9739" /><E17/><V30/><F30/><W122/><G122/><T19/><D19/><U73/><E70/><V40/><F40/><W28/><G28/><T104/><REACH who="0" step="1"/><D23/><REACH who="0" ten="230,270,240,240" step="2"/><U14/><E73/><V4/><F18/><W29/><G29/><T134/><D134/><U10/><E14/><V111/><F111/><W127/><G127/><T129/><D129/><U8/><E87/><V94/><AGARI ba="1,2" hai="4,7,11,13,16,48,55,59,94,99,101" m="31849" machi="94" ten="30,4000,0" yaku="8,1,52,1,54,1" doraHai="91,61" who="2" fromWho="2" sc="230,-11,270,-21,240,63,240,-11" /><INIT seed="2,0,0,3,2,84" ten="219,249,303,229" oya="2" hai0="72,94,98,14,35,57,67,131,79,28,133,32,18" hai1="5,40,121,95,52,74,122,36,45,19,109,111,15" hai2="135,0,1,2,11,85,37,60,46,13,50,102,63" hai3="134,27,125,66,56,91,25,132,39,126,47,128,61"/><V9/><F135/><N who="3" m="51755" /><G91/><T34/><D133/><U87/><E74/><V31/><F37/><W114/><G25/><T38/><D38/><U12/><E5/><V44/><F31/><W130/><G27/><T62/><D131/><N who="3" m="50217" /><G114/><T71/><D71/><U99/><E87/><V119/><F119/><W112/><G112/><T26/><D79/><U69/><E69/><V82/><F102/><W49/><G39/><T43/><D43/><AGARI ba="0,0" hai="43,47,49,56,61,66,125,126" m="50217,51755" machi="43" ten="30,12000,2" yaku="30,2,20,1,19,1,34,2" doraHai="84" who="3" fromWho="0" sc="219,-120,249,0,303,0,229,120" /><INIT seed="3,0,0,5,0,9" ten="99,249,303,349" oya="3" hai0="27,41,0,28,110,18,104,19,20,84,77,78,12" hai1="126,43,16,6,106,2,92,94,89,47,83,53,54" hai2="31,121,32,48,3,14,46,127,119,57,91,133,30" hai3="33,118,95,120,107,39,79,37,112,8,59,49,116"/><W135/><G107/><T63/><D110/><U86/><E106/><V56/><F3/><W117/><G112/><T7/><D104/><U13/><E126/><V35/><F119/><W4/><G120/><T26/><D41/><U99/><E2/><V75/><F75/><W105/><G105/><T97/><D97/><U21/><E6/><V25/><F127/><W134/><G33/><T17/><D63/><U34/><E34/><V65/><F133/><N who="3" m="50699" /><G79/><T125/><D125/><U38/><REACH who="1" step="1"/><E94/><REACH who="1" ten="99,239,303,349" step="2"/><V5/><F121/><W80/><G95/><T103/><D103/><AGARI ba="0,1" hai="13,16,21,38,43,47,53,54,83,86,89,92,99,103" machi="103" ten="30,8000,1" yaku="1,1,2,1,7,1,52,1,54,1,53,0" doraHai="9" doraHaiUra="45" who="1" fromWho="0" sc="99,-80,239,90,303,0,349,0" owari="19,-48.1,329,12.9,303,-9.7,349,44.9" /></mjloggm>