<mjloggm ver="2.3"><GO type="225" lobby="0"/><UN n0="%72%69%6F%75%63%68%61%6E" n1="%43%68%65" n2="%E3%81%B2%E3%81%AA%E3%81%AE%E3%82%8A%E3%81%8F" n3="%6D%75%75%6D%75%72%61" dan="16,16,16,16" rate="2233.41,2086.71,2094.09,2150.31" sx="M,M,M,F"/><TAIKYOKU oya="0"/><INIT seed="0,0,0,4,2,40" ten="250,250,250,250" oya="0" hai0="11,58,27,112,120,19,9,3,102,16,104,116,8" hai1="103,94,26,1,4,60,123,39,43,81,106,125,93" hai2="15,49,132,61,69,75,57,47,41,72,31,28,83" hai3="134,66,70,87,44,99,117,6,91,54,51,5,90"/><T36/><D112/><U38/><E123/><V86/><F69/><W77/><G117/><T17/><D116/><U76/><E125/><V14/><F132/><W133/><G70/><T105/><D120/><U80/><E60/><V13/><F75/><W84/><G66/><T10/><D36/><U79/><E26/><V46/><F72/><W97/><G77/><T0/><D58/><U96/><E79/><V130/><F130/><W88/><G133/><T20/><D102/><U42/><E42/><V95/><F95/><N who="3" m="56551" /><G134/><T82/><D82/><U23/><E23/><V62/><F47/><W89/><G99/><T78/><D78/><U128/><E81/><V111/><F111/><W18/><G18/><N who="0" m="7275" /><D105/><U32/><E32/><V98/><F98/><W109/><G109/><T114/><D104/><U12/><E1/><N who="0" m="585" /><D8/><U119/><E39/><V108/><F108/><W53/><G53/><T64/><D64/><U55/><E55/><N who="2" m="33983" /><F62/><W74/><G74/><T34/><D114/><U56/><E119/><V71/><F71/><W92/><G92/><T22/><N who="0" m="7283" /><T101/><DORA hai="131" /><D101/><U85/><E106/><V29/><F29/><AGARI ba="0,0" hai="9,10,11,20,22,27,29,34" m="585,7283" machi="29" ten="40,18000,2" yaku="35,5,54,1" doraHai="40,131" who="0" fromWho="2" sc="250,180,250,0,250,-180,250,0" /><INIT seed="0,1,0,4,2,78" ten="430,250,70,250" oya="0" hai0="89,70,129,68,118,99,41,58,88,38,9,103,93" hai1="39,122,87,133,53,12,29,86,50,69,95,83,114" hai2="18,125,48,51,131,4,8,81,23,49,5,43,100" hai3="111,64,47,22,40,7,79,71,66,102,57,27,80"/><T0/><D118/><U121/><E39/><V34/><F34/><W21/><G111/><T62/><D129/><U10/><E133/><V28/><F131/><W91/><G71/><T117/><D117/><U135/><E135/><V3/><F125/><W19/><G102/><T120/><D120/><U16/><E69/><V65/><F65/><W75/><G57/><T56/><D56/><U113/><E29/><V61/><F28/><W36/><G7/><T106/><D89/><U85/><E95/><V25/><F61/><W97/><REACH who="3" step="1"/><G22/><REACH who="3" ten="430,250,70,240" step="2"/><T127/><D70/><U1/><E122/><V24/><F5/><W74/><G74/><T54/><D68/><U13/><E121/><V17/><F100/><W37/><G37/><T46/><D127/><U76/><E114/><V73/><F73/><W2/><G2/><T130/><D130/><U96/><E1/><V90/><F43/><W63/><G63/><T14/><D0/><U45/><E113/><V77/><F77/><W110/><G110/><T124/><D124/><U132/><E132/><V101/><F101/><W20/><G20/><T128/><D128/><U82/><E82/><V104/><F104/><W134/><G134/><T107/><REACH who="0" step="1"/><D103/><REACH who="0" ten="420,250,70,240" step="2"/><U119/><E119/><V30/><REACH who="2" step="1"/><F25/><REACH who="2" ten="420,250,60,240" step="2"/><W11/><G11/><T52/><D52/><U59/><E53/><V31/><F31/><W84/><G84/><AGARI ba="1,3" hai="3,4,8,17,18,23,24,30,48,49,51,81,84,90" machi="84" ten="40,2600,0" yaku="1,1,52,1,53,0" doraHai="78" doraHaiUra="55" who="2" fromWho="3" sc="420,0,250,0,60,59,240,-29" /><INIT seed="1,0,0,4,3,105" ten="420,250,119,211" oya="1" hai0="89,116,129,76,17,114,130,81,73,19,55,132,113" hai1="119,128,9,14,111,68,54,64,110,102,37,25,50" hai2="65,13,125,2,43,127,26,30,38,79,107,93,124" hai3="117,35,16,122,34,85,80,135,27,123,92,59,56"/><U101/><E37/><V96/><F2/><W12/><G135/><T61/><D116/><U5/><E119/><V51/><F107/><W75/><G117/><T109/><D109/><N who="1" m="41483" /><E128/><N who="0" m="49257" /><D132/><U15/><E25/><V44/><F65/><W8/><G92/><T84/><D55/><U134/><E134/><V46/><F79/><W24/><G24/><T103/><D103/><N who="1" m="39435" /><E64/><V108/><F108/><W10/><G35/><T39/><D39/><U33/><E33/><V99/><F13/><W29/><G122/><T90/><D61/><U131/><E131/><V66/><F66/><W120/><G120/><T98/><D17/><U48/><E68/><V21/><REACH who="2" step="1"/><F93/><REACH who="2" ten="420,250,109,211" step="2"/><W95/><G95/><N who="0" m="56687" /><D19/><U6/><E54/><AGARI ba="0,1" hai="21,26,30,38,43,44,46,51,54,96,99,124,125,127" machi="54" ten="40,5200,0" yaku="1,1,18,1,53,1" doraHai="105" doraHaiUra="22" who="2" fromWho="1" sc="420,0,250,-52,109,62,211,0" /><INIT seed="2,0,0,3,0,68" ten="420,198,171,211" oya="2" hai0="60,5,49,63,22,135,1,19,41,38,125,36,64" hai1="9,80,37,126,117,48,51,43,118,55,66,59,110" hai2="25,30,67,96,128,45,132,17,90,75,3,61,86" hai3="79,47,106,99,12,27,35,121,87,94,70,129,62"/><V6/><F75/><W107/><G121/><T123/><D123/><U56/><E80/><V2/><F132/><W130/><G12/><T14/><D135/><U113/><E9/><V77/><F128/><N who="3" m="49259" /><G47/><T24/><D125/><U18/><E18/><V13/><F77/><W102/><G87/><T8/><D63/><N who="1" m="38247" /><E126/><V97/><F6/><W131/><N who="3" m="49267" /><W84/><DORA hai="92" /><G84/><T76/><D76/><U134/><E134/><V11/><F45/><W115/><G79/><T83/><D83/><U127/><E127/><V50/><F50/><N who="1" m="18985" /><E113/><V74/><F74/><W53/><G115/><T40/><D49/><N who="1" m="31215" /><E110/><V105/><F105/><W20/><G35/><T32/><D41/><U58/><E58/><N who="2" m="37303" /><F3/><W120/><G120/><T26/><D40/><U103/><E103/><V57/><F57/><N who="3" m="35119" /><G70/><N who="0" m="42247" /><D24/><U104/><E104/><V72/><F2/><W109/><G109/><T124/><D124/><U71/><E71/><V82/><F72/><W112/><G112/><T85/><D85/><U16/><E118/><V73/><F73/><W4/><G4/><T31/><AGARI ba="0,0" hai="1,5,8,14,19,22,26,31,32,36,38" m="42247" machi="31" ten="30,4000,0" yaku="24,1,52,2" doraHai="68,92" who="0" fromWho="0" sc="420,40,198,-10,171,-20,211,-10" /><INIT seed="3,0,0,5,5,19" ten="460,188,151,201" oya="3" hai0="8,120,99,44,124,17,73,78,65,79,54,12,10" hai1="111,100,14,119,39,37,22,32,75,51,24,40,83" hai2="15,132,77,25,112,42,86,117,108,89,97,102,70" hai3="16,57,109,56,47,46,48,26,59,68,130,43,23"/><W67/><G130/><T18/><D120/><U82/><E100/><V53/><F112/><W80/><G109/><T107/><D124/><U41/><E111/><V7/><F117/><W128/><G128/><T50/><D73/><U104/><E104/><V60/><F132/><W84/><G68/><T45/><D65/><U62/><E62/><V101/><F42/><W2/><G2/><T11/><D107/><U93/><E93/><V0/><F0/><W64/><G47/><N who="0" m="17995" /><D99/><U27/><E14/><V127/><F127/><W113/><G113/><T110/><D110/><U98/><E98/><V74/><F108/><W63/><G67/><T52/><D17/><U1/><E1/><V96/><F70/><W91/><AGARI ba="0,0" hai="16,23,26,43,46,48,56,57,59,63,64,80,84,91" machi="91" ten="20,12000,1" yaku="0,1,7,1,8,1,52,1,54,1" doraHai="19" who="3" fromWho="3" sc="460,-40,188,-40,151,-40,201,120" /><INIT seed="3,1,0,1,4,102" ten="420,148,111,321" oya="3" hai0="12,126,51,69,78,117,7,111,32,6,24,95,101" hai1="64,4,10,22,100,18,40,130,73,87,60,28,48" hai2="77,62,90,114,89,37,57,115,36,121,47,74,104" hai3="84,106,55,16,109,128,25,72,44,86,113,132,46"/><W98/><G113/><T26/><D111/><U15/><E73/><V66/><F121/><W39/><G72/><T20/><D69/><U92/><E130/><V116/><F116/><W88/><G128/><T135/><D117/><U14/><E28/><V94/><F74/><W31/><G109/><T21/><D126/><U125/><E125/><V27/><F77/><W97/><G132/><T5/><D135/><U59/><E100/><V33/><F104/><W91/><G106/><T129/><D129/><U134/><E134/><V11/><F90/><N who="3" m="34347" /><G39/><T93/><D32/><U56/><E87/><N who="3" m="33322" /><G31/><N who="0" m="17799" /><D78/><U127/><E127/><V105/><F105/><W1/><G1/><T118/><D118/><U108/><E108/><V35/><F35/><W124/><G124/><T53/><D101/><U8/><E92/><N who="0" m="35401" /><D12/><U3/><E3/><V63/><F37/><W67/><G67/><T13/><D13/><U50/><E40/><V52/><F33/><W110/><G110/><T120/><D120/><U81/><E81/><V131/><F131/><W83/><G83/><T0/><D0/><U75/><E75/><V49/><F36/><W79/><G79/><T96/><D96/><N who="3" m="36969" /><G55/><T68/><D68/><U99/><E99/><N who="2" m="57807" /><F115/><W54/><G54/><T123/><D123/><U34/><E34/><V71/><F114/><W41/><G41/><T85/><D85/><U38/><E38/><V17/><F71/><W61/><G61/><T65/><D65/><U43/><E43/><V45/><F63/><W19/><G25/><T23/><D26/><N who="1" m="14679" /><E59/><AGARI ba="1,0" hai="5,6,7,21,23,51,53,59" m="35401,17799" machi="59" ten="30,1000,0" yaku="8,1" doraHai="102" who="0" fromWho="1" sc="420,13,148,-13,111,0,321,0" owari="433,53.3,135,-26.5,111,-38.9,321,12.1" /></mjloggm>