<mjloggm ver="2.3"><GO type="225" lobby="0"/><UN n0="%E3%81%BF%E3%81%BF%E3%81%9A" n1="%72%65%6E%6B%75%6E" n2="%E9%80%86%E9%80%A3%E5%B8%AF%E3%81%AE%E9%AC%BC" n3="%E3%83%97%E3%83%AC%E3%83%B4%E3%82%A1%E3%83%86%E3%82%A3" dan="16,17,16,16" rate="2148.59,2214.73,2130.59,2048.74" sx="M,M,M,F"/><TAIKYOKU oya="0"/><INIT seed="0,0,0,1,4,86" ten="250,250,250,250" oya="0" hai0="21,31,97,26,27,35,78,91,129,130,65,96,33" hai1="99,57,59,122,104,107,133,98,6,89,116,12,29" hai2="109,24,128,121,9,123,126,105,28,23,68,72,43" hai3="112,132,115,131,41,70,58,113,94,88,76,49,63"/><T44/><D78/><U53/><E122/><V25/><F105/><W101/><G132/><T51/><D65/><U47/><E116/><V61/><F72/><W81/><G131/><N who="0" m="50187" /><D27/><U18/><E29/><V108/><F128/><W74/><G101/><T2/><D2/><U11/><E133/><V62/><F43/><W82/><G82/><T1/><D1/><U110/><E110/><V32/><F68/><W64/><G41/><N who="0" m="24975" /><D91/><U69/><E69/><V13/><F123/><W3/><G3/><T60/><D60/><U30/><E30/><V90/><F121/><W36/><G36/><T117/><D117/><U7/><E89/><V103/><F103/><W114/><N who="3" m="28672" /><DORA hai="50" /><W66/><G66/><T134/><D134/><U20/><E47/><V77/><F77/><W8/><G8/><T102/><D96/><U42/><E42/><V83/><F109/><W79/><G79/><T56/><D56/><U85/><E59/><V5/><F108/><W39/><G39/><T120/><D120/><U22/><E85/><V125/><F62/><W135/><G135/><T46/><D46/><U0/><E98/><V16/><F61/><W95/><REACH who="3" step="1"/><G88/><REACH who="3" ten="250,250,250,240" step="2"/><T54/><D54/><AGARI ba="0,1" hai="49,54,58,63,64,70,74,76,81,94,95" m="28672" machi="54" ten="70,8000,1" yaku="1,1,2,1,52,1,53,0" doraHai="86,50" doraHaiUra="127,100" who="3" fromWho="0" sc="250,-80,250,0,250,0,240,90" /><INIT seed="1,0,0,0,5,53" ten="170,250,250,330" oya="1" hai0="15,95,4,90,40,49,113,121,1,42,28,119,8" hai1="110,105,64,88,9,47,117,107,7,82,5,44,94" hai2="6,97,134,118,101,52,36,71,79,19,58,43,48" hai3="39,77,100,109,73,25,72,54,120,22,20,123,34"/><U89/><E117/><V91/><F134/><W115/><G39/><T93/><D119/><U127/><E64/><V122/><F122/><W32/><G115/><T23/><D113/><U17/><E82/><V21/><F71/><W108/><G100/><T86/><D121/><N who="3" m="46665" /><G54/><T18/><D49/><U59/><E127/><V3/><F118/><W98/><G98/><T24/><REACH who="0" step="1"/><D95/><REACH who="0" ten="160,250,250,330" step="2"/><U84/><E94/><V74/><F36/><W51/><G51/><T29/><D29/><U63/><E107/><V135/><F135/><W96/><G96/><T128/><D128/><U106/><E105/><V61/><F48/><W111/><G77/><T50/><D50/><U81/><E106/><V102/><F43/><W132/><G132/><T62/><D62/><U80/><E110/><V104/><F104/><W65/><G65/><T37/><D37/><U92/><E47/><V56/><F79/><W11/><G109/><T13/><D13/><N who="1" m="7343" /><E44/><V10/><F74/><W131/><G73/><T126/><D126/><U12/><E12/><V133/><F133/><W85/><G72/><T129/><D129/><U70/><E92/><V0/><F0/><W78/><G131/><T69/><D69/><U130/><E70/><V87/><F97/><W45/><G45/><T41/><D41/><U124/><E124/><V75/><F75/><W55/><G111/><T76/><D76/><U57/><E130/><V31/><F31/><W116/><G108/><T35/><AGARI ba="0,1" hai="1,4,8,15,18,23,24,28,35,40,42,86,90,93" machi="35" ten="20,12000,2" yaku="1,1,0,1,7,1,24,2,53,1" doraHai="53" doraHaiUra="16" who="0" fromWho="0" sc="160,130,250,-60,250,-30,330,-30" /><INIT seed="2,0,0,4,3,38" ten="290,190,220,300" oya="2" hai0="81,30,53,130,96,108,134,45,32,91,73,35,17" hai1="126,50,70,105,39,72,26,109,36,54,14,76,88" hai2="114,3,57,113,116,31,19,98,43,132,102,85,40" hai3="10,110,69,127,80,119,6,52,23,0,67,120,62"/><V93/><F116/><W92/><G120/><T74/><D108/><U135/><E70/><V125/><F3/><W13/><G110/><T61/><D130/><U83/><E109/><V103/><F132/><W68/><G119/><T55/><D134/><U11/><E126/><V18/><F125/><W112/><G127/><T16/><D30/><U101/><E135/><V24/><F103/><W121/><G121/><T122/><D122/><U71/><E71/><V33/><F85/><W42/><G69/><T97/><D45/><U111/><E111/><V94/><F94/><W58/><G92/><T107/><D61/><U4/><E26/><V56/><F56/><W34/><G34/><T47/><D47/><U1/><E1/><V41/><REACH who="2" step="1"/><F57/><REACH who="2" ten="290,190,210,300" step="2"/><W79/><G112/><AGARI ba="0,1" hai="18,19,24,31,33,40,41,43,93,98,102,112,113,114" machi="112" ten="40,12000,1" yaku="1,1,2,1,52,3,53,0" doraHai="38" doraHaiUra="78" who="2" fromWho="3" sc="290,0,190,0,210,130,300,-120" /><INIT seed="2,1,0,3,5,78" ten="290,190,340,180" oya="2" hai0="26,40,62,32,2,134,7,44,0,104,50,101,84" hai1="123,60,125,81,79,122,130,63,133,28,109,45,121" hai2="68,21,9,106,96,24,112,77,6,11,73,129,80" hai3="18,8,54,35,71,56,114,13,29,110,59,118,94"/><V124/><F129/><W36/><G71/><T97/><D134/><U72/><E130/><V49/><F124/><W93/><G36/><T19/><D7/><U116/><E116/><V120/><F120/><W82/><G118/><T52/><D84/><U48/><E133/><V127/><F127/><W1/><G114/><T5/><D5/><U33/><E125/><V90/><F112/><W76/><G110/><T85/><D85/><U89/><E89/><V111/><F68/><W43/><G43/><T31/><D19/><U3/><E3/><V10/><F111/><W55/><G1/><T17/><D17/><U42/><REACH who="1" step="1"/><E109/><REACH who="1" ten="290,180,340,180" step="2"/><V132/><F132/><W87/><G35/><T12/><D12/><U91/><E91/><V107/><F90/><W88/><G29/><T100/><D101/><U105/><E105/><V20/><F107/><W98/><G94/><T117/><D117/><U30/><E30/><V119/><F106/><W15/><G15/><T86/><D0/><U102/><E102/><V46/><F119/><W34/><G34/><T99/><D2/><U126/><E126/><V65/><F6/><W95/><G95/><T115/><D115/><U39/><E39/><V103/><F103/><W23/><G8/><T58/><D104/><U27/><AGARI ba="1,1" hai="27,28,33,42,45,48,60,63,72,79,81,121,122,123" machi="27" ten="40,8000,1" yaku="1,1,0,1,13,1,52,1,53,0" doraHai="78" doraHaiUra="51" who="1" fromWho="1" sc="290,-21,180,93,340,-41,180,-21" /><INIT seed="3,0,0,5,4,66" ten="269,273,299,159" oya="3" hai0="131,105,13,114,84,82,112,29,4,134,24,132,135" hai1="111,55,76,113,63,19,83,26,86,48,67,99,25" hai2="85,98,31,81,0,9,123,60,2,3,10,12,37" hai3="11,53,17,34,109,23,64,32,44,100,16,92,90"/><W56/><G109/><T75/><D105/><U51/><E113/><N who="0" m="43625" /><D75/><U126/><E111/><V78/><F37/><W36/><G100/><T95/><D95/><U89/><E126/><V68/><F123/><W118/><G118/><T79/><D131/><U71/><E19/><V18/><F31/><W88/><G36/><T42/><D42/><U119/><E119/><V96/><F10/><W15/><G44/><T41/><D41/><U1/><E1/><V61/><F68/><W38/><G38/><T33/><D13/><U128/><E128/><V127/><REACH who="2" step="1"/><F127/><REACH who="2" ten="269,273,289,159" step="2"/><W40/><G40/><T20/><D4/><U129/><E129/><V30/><F30/><W22/><G11/><T94/><D94/><U77/><E48/><V14/><F14/><N who="3" m="9495" /><G64/><T8/><D8/><U28/><E99/><AGARI ba="0,1" hai="0,2,3,9,12,18,60,61,78,81,85,96,98,99" machi="99" ten="40,1300,0" yaku="1,1,53,0" doraHai="66" doraHaiUra="124" who="2" fromWho="1" sc="269,0,273,-13,289,23,159,0" owari="269,6.9,260,-14.0,312,41.2,159,-34.1" /></mjloggm>