<mjloggm ver="2.3"><GO type="225" lobby="0"/><UN n0="%45%6C%79%73%69%75%6D" n1="%4C%4F%4C%49%54%41" n2="%E3%81%86%E3%81%A3%E3%81%97%E3%83%BC%30%30" n3="%E4%B8%89%E5%86%A0%E7%8E%8B%E3%83%BB%E5%B1%B1%E7%94%B0%E5%93%B2%E4%BA%BA" dan="18,16,16,16" rate="2149.53,2140.52,2095.22,2132.59" sx="F,F,M,M"/><TAIKYOKU oya="0"/><INIT seed="0,0,0,3,1,103" ten="250,250,250,250" oya="0" hai0="91,76,114,68,101,135,120,95,85,117,62,38,54" hai1="52,88,35,55,36,22,122,45,71,124,133,118,67" hai2="5,128,37,11,2,56,60,16,134,100,99,49,20" hai3="10,86,90,98,42,64,14,78,104,32,53,39,9"/><T23/><D117/><U79/><E35/><V4/><F128/><W27/><G64/><T77/><D120/><U24/><E118/><V110/><F110/><W73/><G53/><T108/><D108/><U97/><E122/><V107/><F37/><W115/><G115/><T70/><D38/><U109/><E109/><V83/><F134/><W46/><G32/><T50/><D135/><U29/><E133/><V75/><F5/><W126/><G126/><T47/><D114/><U25/><E124/><V26/><F49/><W41/><G41/><T34/><D34/><U8/><E79/><V12/><F83/><N who="3" m="45519" /><G14/><T17/><D101/><U80/><E24/><V127/><F75/><W44/><G44/><T57/><D70/><U81/><E8/><V1/><REACH who="2" step="1"/><F127/><REACH who="2" ten="250,250,240,250" step="2"/><W116/><G116/><T6/><D6/><U33/><E36/><V131/><F131/><W31/><G39/><T69/><D69/><U106/><E71/><V65/><AGARI ba="0,1" hai="1,2,4,11,12,16,20,26,56,60,65,99,100,107" machi="65" ten="20,8000,1" yaku="1,1,0,1,7,1,52,1,54,1,53,0" doraHai="103" doraHaiUra="111" who="2" fromWho="2" sc="250,-40,250,-20,240,90,250,-20" /><INIT seed="1,0,0,2,1,119" ten="210,230,330,230" oya="1" hai0="8,50,26,124,34,62,10,97,28,0,44,73,122" hai1="101,99,12,18,70,39,42,41,105,60,104,52,86" hai2="126,30,59,6,56,112,121,3,67,130,11,106,108" hai3="40,92,45,85,58,51,4,2,9,129,75,110,100"/><U16/><E105/><V17/><F106/><W84/><G75/><T57/><D73/><U117/><E117/><V14/><F108/><W95/><G110/><T48/><D124/><U88/><E39/><V77/><F77/><W127/><G127/><T71/><D71/><U133/><E133/><V107/><F107/><W36/><G129/><T81/><D81/><U113/><E113/><V118/><F67/><W116/><G116/><T131/><D97/><U123/><E123/><V76/><F76/><W93/><REACH who="3" step="1"/><G100/><REACH who="3" ten="210,230,330,220" step="2"/><T109/><D109/><U69/><E70/><V27/><F130/><W83/><G83/><T13/><D131/><U24/><E69/><V87/><F126/><W125/><G125/><T111/><D111/><U15/><E24/><V94/><F27/><W63/><G63/><T65/><D122/><U5/><E60/><V23/><F118/><W46/><G46/><T102/><D102/><U55/><E101/><V33/><F112/><W32/><G32/><T96/><D44/><U54/><E104/><V25/><F121/><W43/><G43/><T7/><REACH who="0" step="1"/><D96/><REACH who="0" ten="200,230,330,220" step="2"/><U132/><E99/><V72/><F72/><W128/><G128/><T47/><D47/><U79/><E132/><V21/><F87/><W61/><G61/><T90/><D90/><U66/><E88/><V78/><F78/><W89/><G89/><T19/><AGARI ba="0,2" hai="0,7,8,10,13,19,26,28,34,48,50,57,62,65" machi="19" ten="20,5200,0" yaku="1,1,0,1,7,1,53,1" doraHai="119" doraHaiUra="22" who="0" fromWho="0" sc="200,72,230,-26,330,-13,220,-13" /><INIT seed="2,0,0,0,5,16" ten="272,204,317,207" oya="2" hai0="126,72,4,112,55,89,62,10,76,34,14,52,75" hai1="102,130,118,63,122,25,107,134,83,116,106,95,81" hai2="82,40,3,97,99,33,56,60,85,12,64,41,78" hai3="120,104,50,105,53,29,135,13,123,132,86,61,17"/><V80/><F3/><W8/><G61/><T70/><D112/><U96/><E63/><V35/><F35/><W127/><G127/><T19/><D34/><U24/><E130/><V119/><F33/><W42/><G42/><T43/><D126/><U114/><E114/><V131/><F131/><W73/><G73/><T31/><D31/><U15/><E15/><V68/><F119/><N who="1" m="45609" /><E24/><V124/><F124/><W44/><G29/><T110/><D43/><U108/><E25/><V48/><F68/><W36/><G36/><T6/><D70/><U98/><E108/><V111/><F111/><W129/><G129/><T58/><D55/><U79/><E134/><N who="3" m="51242" /><G86/><T117/><D72/><N who="1" m="43239" /><E122/><AGARI ba="0,0" hai="8,13,17,44,50,53,104,105,120,122,123" m="51242" machi="122" ten="30,1000,0" yaku="20,1" doraHai="16" who="3" fromWho="1" sc="272,0,204,-10,317,0,207,10" /><INIT seed="3,0,0,1,5,129" ten="272,194,317,217" oya="3" hai0="14,96,82,116,73,92,50,32,56,89,72,121,74" hai1="79,97,130,58,83,10,117,3,112,59,28,63,0" hai2="94,134,127,25,7,71,86,113,102,123,51,66,53" hai3="11,110,1,62,18,122,54,40,103,93,100,35,19"/><W13/><G122/><T16/><D116/><U31/><E112/><V6/><F71/><W67/><G35/><T95/><D32/><U55/><E130/><V90/><F66/><W2/><G110/><T47/><D56/><U98/><E117/><V77/><F113/><W99/><G54/><T61/><D61/><U22/><E0/><V15/><F25/><W49/><G103/><T135/><D135/><U57/><E57/><V33/><F134/><W68/><G19/><T75/><D121/><U76/><E3/><V20/><F127/><W131/><REACH who="3" step="1"/><G131/><REACH who="3" ten="272,194,317,207" step="2"/><T43/><D16/><U104/><E31/><V12/><F33/><W133/><G133/><T87/><D43/><U36/><E28/><V39/><F102/><W29/><G29/><T70/><D47/><AGARI ba="0,1" hai="1,2,11,13,18,40,47,49,62,67,68,93,99,100" machi="47" ten="40,2000,0" yaku="1,1,53,0" doraHai="129" doraHaiUra="132" who="3" fromWho="0" sc="272,-20,194,0,317,0,207,30" /><INIT seed="3,1,0,1,1,56" ten="252,194,317,237" oya="3" hai0="23,112,21,132,4,89,45,10,118,13,3,103,27" hai1="19,129,15,30,116,54,104,110,26,36,1,95,51" hai2="37,81,41,42,38,109,117,12,28,11,127,64,5" hai3="123,46,52,97,50,18,111,14,126,101,31,24,128"/><W35/><G126/><T119/><D103/><U120/><E104/><V39/><F117/><N who="0" m="44554" /><D89/><U55/><E116/><V34/><F109/><W69/><G128/><T74/><D74/><U73/><E120/><V7/><F127/><W59/><G111/><T133/><D45/><U87/><E110/><V71/><F7/><W25/><G69/><T100/><D100/><U91/><E1/><V105/><F105/><W108/><G108/><T48/><D48/><U114/><E36/><V115/><F115/><W98/><G123/><T130/><D130/><U65/><E73/><V8/><F8/><W82/><G25/><T122/><D122/><U33/><E129/><V43/><F81/><W88/><G101/><T63/><D63/><U2/><E2/><V80/><F80/><W121/><G59/><T94/><D94/><U16/><E65/><V32/><F28/><W125/><G125/><T53/><D53/><U96/><E114/><V84/><F84/><N who="3" m="50199" /><G121/><T107/><D107/><U62/><E96/><V134/><F134/><N who="0" m="51818" /><D112/><U113/><E113/><V79/><F79/><W17/><G17/><N who="0" m="12783" /><D21/><U67/><E51/><V83/><F83/><W76/><G76/><T49/><D49/><U6/><E6/><V135/><F135/><W68/><G68/><T22/><D22/><U72/><E72/><V99/><F99/><W131/><G131/><T61/><D3/><U29/><E29/><V70/><F70/><W47/><G47/><T40/><D4/><U124/><E124/><V86/><F86/><W57/><G97/><T0/><D0/><U85/><E85/><V77/><F77/><RYUUKYOKU ba="1,0" sc="252,-10,194,-10,317,30,237,-10" hai2="5,11,12,32,34,37,38,39,41,42,43,64,71" owari="242,4.2,184,-31.6,347,44.7,227,-17.3" /></mjloggm>