<mjloggm ver="2.3"><GO type="225" lobby="0"/><UN n0="%E3%81%A1%E3%81%AA%E3%81%A4" n1="%72%69%6F%75%63%68%61%6E" n2="%E3%81%A4%E3%81%A3%E3%81%B1%E3%82%8A%E3%83%9D%E3%83%BC%E3%83%AB" n3="%6B%75%7A%75%6E" dan="16,16,16,17" rate="2102.42,2155.06,2124.35,2188.98" sx="M,M,M,M"/><TAIKYOKU oya="0"/><INIT seed="0,0,0,0,5,8" ten="250,250,250,250" oya="0" hai0="32,77,74,1,95,120,133,108,51,42,38,71,132" hai1="19,54,121,36,2,107,73,100,25,111,113,65,49" hai2="63,76,92,58,17,22,21,106,40,87,53,82,135" hai3="15,101,89,96,27,114,59,16,70,75,102,116,57"/><T34/><D120/><U78/><E121/><V10/><F135/><N who="0" m="51786" /><D71/><U33/><E36/><V24/><F106/><W37/><G114/><T13/><D1/><U48/><E113/><V39/><F39/><W90/><G116/><T12/><D38/><U83/><E111/><V94/><F40/><W52/><G75/><T134/><N who="0" m="51794" /><T41/><DORA hai="55" /><D108/><U5/><E65/><V23/><F10/><N who="3" m="6263" /><G70/><T0/><D0/><U129/><E129/><V72/><F72/><W4/><G4/><T18/><D95/><AGARI ba="0,0" hai="17,21,22,23,24,53,58,63,76,82,87,92,94,95" machi="95" ten="40,2600,0" yaku="8,1,52,1" doraHai="8,55" who="2" fromWho="0" sc="250,-26,250,0,250,26,250,0" /><INIT seed="1,0,0,5,3,23" ten="224,250,276,250" oya="1" hai0="86,135,40,71,125,124,49,132,77,73,119,28,5" hai1="74,12,82,42,62,44,113,83,128,32,51,70,38" hai2="98,112,10,9,37,17,102,46,118,61,36,69,107" hai3="104,127,126,78,131,6,11,80,133,60,123,79,81"/><U1/><E113/><V129/><F118/><W3/><G123/><T116/><D5/><U101/><E128/><V120/><F120/><W103/><G133/><N who="0" m="51275" /><D71/><U26/><E1/><V97/><F129/><W0/><G131/><T29/><D73/><U47/><E74/><V75/><F75/><W94/><G104/><T111/><D111/><U89/><E101/><V21/><F112/><W56/><G3/><T134/><N who="0" m="51283" /><T117/><DORA hai="85" /><D77/><N who="3" m="29193" /><G94/><T109/><D109/><U115/><E115/><V105/><F61/><W121/><G103/><T27/><D86/><U122/><E122/><V22/><F102/><W16/><G16/><T96/><D96/><U30/><E12/><V87/><F17/><W100/><G100/><T65/><D65/><U25/><E26/><V34/><F87/><W54/><G121/><T72/><D72/><U110/><E110/><V58/><F69/><W130/><G130/><T95/><D95/><U57/><E70/><V108/><F108/><W88/><G88/><T19/><D19/><U55/><REACH who="1" step="1"/><E89/><REACH who="1" ten="224,240,276,250" step="2"/><V59/><F107/><W33/><G33/><N who="0" m="20639" /><D29/><U114/><E114/><V31/><F105/><W14/><G0/><T84/><D84/><U67/><AGARI ba="0,1" hai="25,30,32,38,42,44,47,51,55,57,62,67,82,83" machi="67" ten="20,7800,0" yaku="1,1,0,1,7,1,52,1,53,0" doraHai="23,85" doraHaiUra="35,92" who="1" fromWho="1" sc="224,-26,240,88,276,-26,250,-26" /><INIT seed="1,1,0,5,1,95" ten="198,328,250,224" oya="1" hai0="40,77,23,29,65,99,112,94,15,43,20,127,123" hai1="126,61,101,50,69,6,33,98,30,53,12,26,31" hai2="125,46,14,8,64,106,121,68,83,58,17,113,104" hai3="76,82,122,37,86,56,81,24,111,4,2,102,100"/><U130/><E126/><V62/><F121/><W75/><G122/><T110/><D112/><U34/><E130/><V72/><F125/><W27/><G111/><T55/><D127/><U0/><E0/><V117/><F117/><W87/><G37/><T36/><D123/><U16/><E6/><V74/><F113/><W107/><G56/><T96/><D110/><U71/><E61/><V91/><F68/><W45/><G45/><T1/><D1/><U109/><E109/><V90/><F46/><W93/><G4/><T25/><D36/><U13/><E13/><V134/><F134/><W132/><G2/><T116/><D116/><U41/><E41/><N who="0" m="15945" /><D65/><U49/><E31/><V48/><F48/><W73/><G132/><T88/><D77/><U57/><E49/><V54/><F64/><W124/><G124/><T52/><D99/><U129/><E33/><V115/><F115/><W119/><G119/><T105/><D105/><U114/><E129/><V9/><F106/><W108/><G107/><T78/><D78/><U21/><E114/><V89/><F104/><AGARI ba="1,0" hai="12,16,21,26,30,34,50,53,57,69,71,98,101,104" machi="104" ten="30,5800,0" yaku="7,1,52,1,54,1" doraHai="95" who="1" fromWho="2" sc="198,0,328,61,250,-61,224,0" /><INIT seed="1,2,0,4,2,67" ten="198,389,189,224" oya="1" hai0="13,98,83,52,41,20,129,104,120,131,45,118,36" hai1="24,33,4,90,25,121,112,111,31,51,79,123,97" hai2="88,75,44,16,54,57,61,39,19,12,124,17,14" hai3="60,50,9,71,6,1,134,105,43,26,103,128,110"/><U49/><E112/><V125/><F75/><W115/><G115/><T127/><D118/><U91/><E79/><V64/><F54/><W80/><G110/><T132/><D127/><N who="2" m="48714" /><F44/><W73/><G134/><T113/><D113/><U81/><E4/><V0/><F39/><W96/><G128/><T89/><D132/><U126/><E126/><V27/><F0/><W5/><G5/><T77/><D120/><U122/><E111/><V55/><F27/><W101/><G101/><T53/><D13/><N who="2" m="5226" /><F55/><W63/><G26/><T133/><D133/><U34/><E81/><V76/><F76/><W15/><G15/><T72/><D20/><U66/><E66/><V93/><F19/><W58/><G43/><T30/><D30/><U37/><E37/><V8/><F8/><W116/><G116/><T82/><D131/><U84/><E123/><V32/><F32/><W65/><G50/><T130/><D129/><U70/><E31/><V74/><F74/><W94/><G73/><T40/><D40/><U108/><E108/><V69/><F57/><W100/><G80/><T99/><D130/><U35/><E33/><V68/><F69/><W3/><G3/><T85/><REACH who="0" step="1"/><D99/><AGARI ba="2,0" hai="16,17,61,64,68,88,93,99" m="5226,48714" machi="99" ten="30,7700,0" yaku="18,1,52,1,54,2" doraHai="67" who="2" fromWho="0" sc="198,-83,389,0,189,83,224,0" /><INIT seed="2,0,0,3,3,102" ten="115,389,272,224" oya="2" hai0="54,13,21,11,6,83,61,51,109,89,73,82,64" hai1="124,37,59,22,90,68,125,81,105,44,34,27,79" hai2="91,19,84,101,29,25,86,41,117,75,17,31,50" hai3="120,127,87,70,103,99,72,111,39,52,67,122,130"/><V23/><F117/><W20/><G111/><T48/><D109/><U65/><E68/><V69/><F75/><W96/><G72/><T14/><D73/><U80/><E34/><V38/><F38/><W33/><G33/><T107/><D107/><U131/><E131/><V94/><F69/><W63/><G39/><T49/><D54/><U92/><E105/><V135/><F135/><W66/><G130/><T30/><D89/><U85/><E65/><V56/><F101/><W108/><G108/><T18/><REACH who="0" step="1"/><D30/><REACH who="0" ten="105,389,272,224" step="2"/><U115/><E90/><N who="2" m="53575" /><F31/><W35/><G52/><T46/><D46/><U1/><E44/><V100/><F100/><W62/><G103/><T32/><D32/><U93/><E125/><V16/><F29/><W134/><G127/><T71/><AGARI ba="0,1" hai="6,11,13,14,18,21,48,49,51,61,64,71,82,83" machi="71" ten="30,2000,0" yaku="1,1,0,1,53,0" doraHai="102" doraHaiUra="28" who="0" fromWho="0" sc="105,30,389,-5,272,-10,224,-5" /><INIT seed="3,0,0,4,0,33" ten="135,384,262,219" oya="3" hai0="31,85,101,131,40,37,120,12,66,76,29,32,50" hai1="72,63,124,96,65,83,62,119,45,95,132,22,78" hai2="100,114,108,13,103,70,113,67,35,118,54,42,123" hai3="23,122,53,6,75,77,90,1,93,110,133,89,69"/><W7/><G122/><T129/><D120/><U2/><E2/><V98/><F118/><W5/><G69/><T59/><D37/><U41/><E119/><V4/><F103/><W27/><G133/><T97/><D32/><U8/><E132/><V135/><F42/><W128/><G128/><T3/><D131/><U117/><E117/><V106/><F135/><W84/><G110/><T11/><D129/><U14/><E124/><V58/><F123/><W18/><G75/><T9/><D66/><U86/><E22/><V39/><F39/><W56/><G77/><T24/><D76/><U60/><E72/><V116/><F116/><W121/><G90/><T102/><D85/><U130/><E130/><V47/><F47/><W52/><G53/><T115/><D115/><U0/><E0/><V104/><F104/><W44/><G44/><T125/><D125/><U87/><E87/><V34/><F108/><W43/><G121/><T82/><D82/><U49/><E65/><V30/><F67/><W20/><G23/><T91/><D3/><U105/><E105/><V88/><F70/><W81/><G43/><T68/><D68/><U112/><E112/><V99/><F35/><W36/><G36/><T94/><D11/><U15/><E8/><N who="2" m="4231" /><F34/><W80/><REACH who="3" step="1"/><G1/><REACH who="3" ten="135,384,262,209" step="2"/><T73/><D73/><U134/><E134/><V92/><F114/><W10/><G10/><T16/><D40/><U61/><N who="1" m="15360" /><DORA hai="71" /><U48/><E45/><V25/><F113/><W74/><G74/><T46/><D46/><U19/><E41/><V21/><F54/><W38/><G38/><T64/><D64/><RYUUKYOKU ba="0,1" sc="135,-15,384,-15,262,15,209,15" hai2="21,25,30,58,88,92,98,99,100,106" hai3="5,6,7,18,20,27,52,56,80,81,84,89,93" /><INIT seed="3,1,1,3,5,47" ten="120,369,277,224" oya="3" hai0="115,129,114,34,89,97,15,93,13,19,81,87,27" hai1="16,65,121,88,22,125,59,109,119,84,105,5,102" hai2="3,26,120,10,46,12,85,8,100,130,20,68,123" hai3="64,76,73,42,110,14,95,41,106,70,0,131,116"/><W132/><G116/><T122/><D122/><N who="2" m="46634" /><F68/><W1/><G106/><T11/><D129/><U30/><E121/><V78/><F130/><W71/><G14/><T96/><D34/><U118/><E109/><V107/><F3/><N who="3" m="1099" /><G131/><T117/><D117/><N who="1" m="44555" /><E30/><N who="2" m="17735" /><F46/><W55/><G95/><T72/><D27/><N who="1" m="14791" /><E5/><V28/><F28/><W80/><G55/><T69/><D69/><N who="3" m="26121" /><G64/><T25/><D25/><U127/><E102/><V4/><F10/><W24/><G24/><T62/><D62/><N who="1" m="38111" /><E105/><V33/><F33/><W103/><G103/><T54/><D54/><U101/><E101/><V9/><F9/><W58/><G58/><T90/><D13/><U98/><E98/><N who="2" m="61847" /><F78/><W86/><G86/><AGARI ba="1,1" hai="4,8,12,85,86" m="61847,17735,46634" machi="86" ten="30,1000,0" yaku="13,1" doraHai="47" who="2" fromWho="3" sc="120,0,369,0,277,23,224,-13" owari="120,-38.0,369,46.9,300,10.0,211,-18.9" /></mjloggm>