<mjloggm ver="2.3"><GO type="225" lobby="0"/><UN n0="%E5%BA%97%E9%95%B7%4D" n1="%4D%6F%6E%61%6E%61" n2="%E3%83%94%E3%83%B3%E3%82%B5%E3%83%AD%E5%BA%97%E5%93%A1" n3="%E3%81%A4%E3%81%A3%E3%81%B1%E3%82%8A%E3%83%9D%E3%83%BC%E3%83%AB" dan="16,16,16,17" rate="2110.56,2123.80,2217.99,2184.93" sx="M,F,M,M"/><TAIKYOKU oya="0"/><INIT seed="0,0,0,4,0,59" ten="250,250,250,250" oya="0" hai0="100,112,20,66,108,87,125,85,29,50,97,110,119" hai1="55,80,5,15,35,84,105,68,37,45,63,8,7" hai2="53,123,101,11,6,131,103,91,34,41,17,19,77" hai3="132,48,27,106,61,51,86,99,56,104,115,22,98"/><T109/><D112/><U82/><E105/><V40/><F123/><W44/><G115/><T75/><D75/><U26/><E80/><V89/><F34/><W14/><G132/><T111/><N who="0" m="27648" /><DORA hai="38" /><T128/><D119/><U135/><E135/><V126/><F77/><W39/><G39/><T72/><D72/><U76/><E7/><V90/><F131/><W71/><G71/><T116/><D116/><U64/><E26/><V0/><F126/><W46/><G14/><T113/><D113/><U58/><E35/><V23/><F53/><W117/><G117/><T33/><D33/><U10/><E10/><V127/><F127/><W18/><G86/><T102/><D125/><U88/><E45/><N who="3" m="17514" /><G106/><T13/><D128/><U70/><E37/><V114/><F19/><W120/><G104/><N who="0" m="63503" /><D102/><U134/><E134/><V130/><F130/><W81/><G81/><T31/><D50/><N who="3" m="18985" /><G120/><T122/><D66/><AGARI ba="0,0" hai="18,22,27,56,61,66,98,99" m="18985,17514" machi="66" ten="30,2000,0" yaku="8,1,52,1" doraHai="59,38" who="3" fromWho="0" sc="250,-20,250,0,250,0,250,20" /><INIT seed="1,0,0,2,1,21" ten="230,250,250,270" oya="1" hai0="69,11,39,10,43,127,121,120,130,112,53,3,27" hai1="5,133,66,59,63,93,79,117,68,122,110,62,118" hai2="33,6,114,78,128,44,20,94,129,95,115,49,22" hai3="40,13,23,18,83,50,31,134,1,102,24,131,107"/><U103/><E122/><N who="0" m="47209" /><D112/><N who="2" m="43050" /><F33/><W37/><G134/><T0/><D69/><U75/><E133/><V91/><F78/><W101/><G131/><N who="2" m="50249" /><F6/><W90/><G1/><N who="0" m="587" /><D130/><U8/><E75/><V34/><F34/><W100/><G37/><T38/><D127/><U70/><E79/><V86/><F95/><W14/><G107/><T89/><D53/><AGARI ba="0,0" hai="20,22,44,49,53,86,91,94" m="50249,43050" machi="53" ten="30,2000,0" yaku="11,1,19,1" doraHai="21" who="2" fromWho="0" sc="230,-20,250,0,250,20,270,0" /><INIT seed="2,0,0,5,1,35" ten="210,250,270,270" oya="2" hai0="116,48,51,54,12,23,98,40,21,104,13,89,62" hai1="128,65,103,108,84,14,27,125,34,18,45,134,67" hai2="82,109,41,70,36,92,38,79,58,1,110,75,20" hai3="100,42,33,126,57,68,72,39,50,66,56,127,86"/><V114/><F114/><W88/><G72/><T64/><D116/><U19/><E108/><N who="2" m="41579" /><F70/><W6/><G33/><T11/><D40/><U93/><E125/><N who="3" m="47626" /><G100/><T80/><D104/><U96/><E128/><V78/><F78/><W55/><G6/><T77/><D13/><U9/><E134/><V119/><F119/><W7/><G7/><T69/><D51/><U31/><E45/><V115/><F115/><W122/><G122/><T61/><D61/><U4/><REACH who="1" step="1"/><E84/><REACH who="1" ten="210,240,270,270" step="2"/><V25/><F75/><W111/><G111/><T85/><D98/><U94/><E94/><V91/><F92/><W44/><G86/><T10/><D77/><U97/><E97/><V17/><F79/><W90/><G56/><T5/><REACH who="0" step="1"/><D11/><REACH who="0" ten="200,240,270,270" step="2"/><U112/><E112/><V46/><F38/><W132/><G132/><T53/><D53/><U3/><E3/><V28/><F1/><W105/><G105/><T87/><D87/><U135/><E135/><V24/><F36/><W63/><AGARI ba="0,2" hai="39,42,44,50,55,57,63,66,68,88,90" m="47626" machi="63" ten="30,4000,0" yaku="24,1,18,1,54,1" doraHai="35" who="3" fromWho="3" sc="200,-10,240,-10,270,-20,270,60" /><INIT seed="3,0,0,4,3,76" ten="190,230,250,330" oya="3" hai0="0,57,126,15,43,134,69,89,47,40,49,117,37" hai1="58,106,111,46,87,132,52,64,6,4,73,67,91" hai2="30,119,12,127,88,41,93,86,1,77,51,133,66" hai3="7,63,38,101,56,75,114,25,81,74,59,82,113"/><W44/><G101/><T13/><D0/><U24/><E73/><V21/><F119/><W79/><G7/><N who="1" m="2602" /><E106/><V115/><F115/><W19/><G38/><T94/><D117/><U20/><E111/><V78/><F1/><W16/><G44/><T5/><D126/><U11/><E11/><V3/><F3/><W112/><G25/><T28/><D134/><U98/><E98/><V118/><F118/><W14/><G14/><T122/><D122/><U29/><E46/><N who="2" m="26063" /><F127/><W125/><G125/><T116/><D116/><U17/><E29/><V55/><F66/><W53/><G59/><T71/><D28/><U92/><E132/><V104/><F104/><W121/><G121/><T108/><D108/><U23/><E23/><V22/><F133/><W123/><G123/><T99/><D43/><U68/><E68/><V107/><F107/><W27/><G27/><T9/><REACH who="0" step="1"/><D15/><REACH who="0" ten="180,230,250,330" step="2"/><U62/><AGARI ba="0,1" hai="17,20,24,52,58,62,64,67,87,91,92" m="2602" machi="62" ten="30,2000,0" yaku="8,1,54,1" doraHai="76" who="1" fromWho="1" sc="180,-5,230,30,250,-5,330,-10" owari="175,-32.5,260,6.0,245,-15.5,320,42.0" /></mjloggm>