<mjloggm ver="2.3"><GO type="225" lobby="0"/><UN n0="%72%61%6B%33" n1="%E3%83%AD%E3%83%83%E3%83%86%E9%9B%80%E7%90%83" n2="%E3%81%AF%E3%82%88%E3%81%8A%E3%81%98%E3%81%95%E3%82%93" n3="%E5%AE%AE%E4%BF%9D%E9%B6%8F%E8%82%89" dan="18,17,16,16" rate="2280.22,2234.56,2212.48,2132.98" sx="M,M,M,M"/><TAIKYOKU oya="0"/><INIT seed="0,0,0,0,4,10" ten="250,250,250,250" oya="0" hai0="93,91,26,75,55,95,116,28,94,42,96,24,44" hai1="83,23,130,59,61,22,49,128,36,103,34,43,79" hai2="18,25,33,99,54,5,47,122,0,7,50,21,106" hai3="37,48,38,131,120,41,132,46,6,53,70,127,107"/><T80/><D116/><U73/><E36/><N who="3" m="13930" /><G107/><T84/><D75/><U69/><E69/><V57/><F122/><W121/><G6/><T134/><D134/><U78/><E34/><V13/><F0/><W101/><G101/><T102/><D55/><N who="1" m="34047" /><E79/><V16/><F33/><W129/><G132/><T126/><D126/><U1/><E1/><V105/><F47/><W4/><G4/><T112/><D112/><U100/><E49/><V135/><F135/><W123/><G127/><T3/><D3/><U63/><E43/><V108/><F108/><W30/><G30/><T111/><D111/><U81/><E63/><V114/><F114/><W20/><G20/><N who="1" m="7722" /><E83/><V113/><F113/><W17/><G17/><T32/><REACH who="0" step="1"/><D26/><REACH who="0" ten="240,250,250,250" step="2"/><U56/><E73/><V64/><F25/><W19/><G19/><T68/><D68/><U67/><E130/><N who="3" m="49674" /><G70/><T45/><D45/><U65/><E128/><V118/><F18/><W60/><G60/><T14/><D14/><U87/><E56/><V98/><F57/><W117/><G117/><T90/><D90/><U11/><E103/><V82/><F118/><W124/><G124/><T52/><D52/><AGARI ba="0,1" hai="41,46,48,52,53,120,121,123" m="49674,13930" machi="52" ten="40,8000,1" yaku="13,1,19,1,34,2,54,1" doraHai="10" who="3" fromWho="0" sc="240,-80,250,0,250,0,250,90" /><INIT seed="1,0,0,3,5,43" ten="160,250,250,340" oya="1" hai0="83,67,87,41,21,105,8,2,0,47,113,4,38" hai1="117,90,17,91,73,118,16,26,99,78,84,36,57" hai2="27,30,76,127,122,96,111,134,65,31,28,55,107" hai3="104,131,98,116,88,46,11,25,89,112,92,74,6"/><U62/><E36/><V68/><F122/><W66/><G112/><T128/><D113/><U106/><E73/><V19/><F111/><W108/><G74/><T9/><D128/><U93/><E78/><V15/><F127/><W94/><G104/><T75/><D105/><U13/><E26/><V109/><F109/><W45/><G108/><T29/><D67/><U53/><E17/><V40/><F134/><W44/><G131/><T60/><D60/><U39/><E39/><V49/><F40/><W103/><G116/><T132/><D132/><U80/><REACH who="1" step="1"/><E106/><REACH who="1" ten="160,240,250,340" step="2"/><V85/><F27/><W37/><G37/><T114/><D114/><U10/><AGARI ba="0,1" hai="10,13,16,53,57,62,80,84,90,91,93,99,117,118" machi="10" ten="20,18000,2" yaku="1,1,2,1,0,1,7,1,54,1,53,2" doraHai="43" doraHaiUra="115" who="1" fromWho="1" sc="160,-60,240,190,250,-60,340,-60" /><INIT seed="1,1,0,0,2,125" ten="100,430,190,280" oya="1" hai0="122,27,25,78,80,31,6,123,65,37,77,5,64" hai1="127,29,81,47,73,121,51,16,38,113,2,100,18" hai2="85,44,98,134,35,8,15,104,34,115,1,133,52" hai3="99,67,97,72,11,7,106,13,39,24,69,3,68"/><U131/><E131/><V49/><F1/><W105/><G72/><T95/><D95/><U63/><E127/><V91/><F115/><W43/><G39/><T109/><D37/><U59/><E38/><V87/><F87/><W54/><G43/><T103/><D103/><U75/><E2/><V86/><F85/><W55/><G3/><T101/><D101/><U118/><E121/><V132/><F98/><W70/><G67/><T53/><D53/><U112/><E118/><V33/><F104/><W32/><G97/><T111/><REACH who="0" step="1"/><D31/><REACH who="0" ten="90,430,190,280" step="2"/><U58/><E29/><V62/><F62/><W76/><G54/><T107/><D107/><U94/><E100/><V48/><F49/><W23/><G55/><T79/><D79/><U4/><E94/><V135/><F135/><W114/><G76/><T42/><D42/><U93/><E93/><V126/><F126/><W74/><G105/><T117/><D117/><U46/><E63/><V128/><F128/><W56/><G106/><T92/><D92/><U17/><E51/><V19/><F86/><W119/><G119/><T36/><D36/><U88/><E75/><V60/><F60/><W82/><G74/><T45/><D45/><U108/><E47/><V110/><F91/><W28/><G28/><T26/><D26/><U57/><E88/><V50/><F48/><W89/><G24/><T22/><D22/><U0/><E73/><V71/><F33/><W30/><G32/><T61/><D61/><U116/><E116/><V84/><F84/><W124/><G124/><T130/><D130/><U83/><E46/><V129/><F44/><RYUUKYOKU ba="1,1" sc="90,30,430,-10,190,-10,280,-10" hai0="5,6,25,27,64,65,77,78,80,109,111,122,123" /><INIT seed="2,2,1,2,3,91" ten="120,420,180,270" oya="2" hai0="38,109,45,8,117,78,88,111,5,83,81,18,48" hai1="82,58,31,87,32,129,34,41,76,66,56,84,35" hai2="30,70,79,110,16,113,116,42,27,20,0,12,17" hai3="128,60,21,89,121,131,115,13,133,67,37,36,86"/><V74/><F70/><W55/><G121/><T39/><D117/><U26/><E129/><N who="3" m="49738" /><G55/><T119/><D119/><U47/><E87/><V40/><F116/><W7/><G133/><T29/><D29/><U22/><REACH who="1" step="1"/><E66/><REACH who="1" ten="120,410,180,270" step="2"/><V28/><F74/><W120/><G67/><T112/><D111/><U24/><E24/><V54/><F110/><W46/><G86/><T71/><D109/><U61/><E61/><V64/><F64/><W72/><G60/><T125/><D112/><U102/><E102/><V98/><F27/><W105/><G72/><T126/><D126/><U19/><E19/><V65/><F17/><W93/><G115/><T127/><D18/><U63/><E63/><V68/><F65/><W75/><G75/><T4/><D127/><U95/><E95/><V103/><F113/><W14/><G93/><T99/><D125/><U107/><E107/><V94/><F94/><W23/><G105/><T53/><D71/><U135/><E135/><V69/><F68/><W10/><G7/><T101/><D4/><U62/><E62/><V134/><F69/><W100/><G100/><T106/><D83/><U15/><E15/><V122/><F12/><W11/><G14/><N who="0" m="5391" /><D78/><U97/><E97/><V1/><F79/><W49/><G13/><T124/><D124/><U2/><E2/><V50/><F134/><W52/><G10/><T51/><D81/><U130/><E130/><V43/><F0/><W3/><G3/><T44/><D88/><U85/><E85/><V114/><F1/><W104/><G104/><T118/><D118/><U77/><E77/><V96/><F114/><RYUUKYOKU ba="2,2" sc="120,15,410,15,180,-15,270,-15" hai0="38,39,44,45,48,51,53,99,101,106" hai1="22,26,31,32,34,35,41,47,56,58,76,82,84" /><INIT seed="3,3,2,2,4,122" ten="135,425,165,255" oya="3" hai0="15,37,134,58,117,108,111,88,33,92,135,99,115" hai1="57,128,14,78,126,1,121,16,118,97,50,48,116" hai2="109,89,46,93,82,43,28,53,44,124,41,83,7" hai3="87,51,29,47,65,113,76,22,40,23,74,36,5"/><W11/><G113/><T39/><D117/><N who="1" m="45163" /><E121/><V0/><F109/><N who="0" m="42058" /><D115/><U112/><E126/><V35/><F124/><W84/><G65/><T110/><N who="0" m="42066" /><T73/><DORA hai="61" /><D33/><U94/><E128/><V3/><F35/><W30/><G74/><T91/><D73/><U34/><E34/><V19/><F28/><W80/><G84/><T4/><D58/><U123/><E1/><V90/><F53/><W131/><G131/><T67/><D67/><U52/><E78/><V32/><F32/><W72/><G72/><T2/><D2/><U62/><E123/><V132/><F132/><N who="0" m="50730" /><D91/><N who="1" m="55519" /><E112/><V125/><F125/><W79/><G79/><T17/><D4/><U71/><E71/><V81/><F7/><W20/><G5/><T59/><D59/><U120/><E120/><V8/><F0/><W9/><G76/><T56/><D56/><U102/><E102/><V31/><F3/><W63/><G63/><T75/><D75/><U95/><E95/><V133/><F133/><W106/><G80/><T96/><D96/><U60/><E60/><V54/><F89/><W114/><G114/><T130/><D130/><U68/><E68/><V6/><F6/><W66/><G66/><T64/><D64/><U105/><E62/><V55/><F90/><W42/><G87/><T69/><D69/><U10/><E57/><V24/><F93/><W107/><G106/><T27/><D27/><U100/><E105/><V77/><F77/><W70/><G107/><T129/><D129/><U86/><E86/><V12/><F24/><N who="3" m="16519" /><G70/><T26/><D26/><U103/><E103/><V25/><F25/><RYUUKYOKU ba="3,2" sc="135,30,425,-10,165,-10,255,-10" hai0="15,17,37,39,88,92,99" owari="165,-23.5,435,53.5,155,-34.5,245,4.5" /></mjloggm>