<mjloggm ver="2.3"><GO type="225" lobby="0"/><UN n0="%E3%83%81%E3%83%83%E3%82%BF%E3%82%BD%E3%83%BC" n1="%E3%81%A4%E3%81%A3%E3%81%B1%E3%82%8A%E3%83%9D%E3%83%BC%E3%83%AB" n2="%E5%A4%96%E5%B7%9D%E7%AB%9C%E6%88%90" n3="%E3%81%BE%E3%81%A8%E3%81%9F" dan="17,17,16,16" rate="2155.14,2153.62,2096.39,2128.53" sx="F,M,M,M"/><TAIKYOKU oya="0"/><INIT seed="0,0,0,0,4,73" ten="250,250,250,250" oya="0" hai0="7,117,10,16,54,122,135,86,1,128,125,63,92" hai1="35,17,80,127,20,102,81,103,76,46,118,22,130" hai2="53,3,133,67,38,104,13,39,79,99,43,108,56" hai3="51,70,37,91,65,97,24,132,52,18,41,120,50"/><T11/><D117/><U55/><E118/><V94/><F3/><W75/><G120/><T29/><D122/><U47/><E35/><V33/><F104/><W64/><G75/><T123/><D123/><U40/><E130/><V107/><F107/><W87/><G37/><T60/><D125/><U48/><E127/><V129/><F33/><W68/><G97/><T105/><D105/><U109/><E109/><V126/><F67/><W100/><G100/><T72/><D72/><U77/><E22/><V4/><F43/><W27/><G18/><T98/><D29/><U14/><E103/><V34/><F34/><W66/><G24/><T110/><D110/><U44/><E102/><V93/><F93/><W9/><G27/><T23/><D11/><U90/><E90/><N who="2" m="55767" /><F133/><W57/><G9/><T15/><D135/><U83/><E40/><V21/><F129/><W5/><G5/><T36/><D36/><U134/><E134/><V114/><F114/><W96/><G96/><T2/><D128/><U58/><AGARI ba="0,0" hai="14,17,20,44,46,47,48,55,58,76,77,80,81,83" machi="58" ten="30,7900,0" yaku="0,1,8,1,52,2" doraHai="73" who="1" fromWho="1" sc="250,-39,250,79,250,-20,250,-20" /><INIT seed="1,0,0,3,0,82" ten="211,329,230,230" oya="1" hai0="127,44,28,65,1,16,3,15,112,12,23,114,108" hai1="75,105,77,104,4,99,49,79,91,39,88,107,35" hai2="126,45,59,32,70,81,18,66,2,90,103,117,5" hai3="93,134,84,19,94,123,26,0,52,119,78,92,135"/><U110/><E39/><V14/><F117/><W97/><G0/><N who="0" m="75" /><D44/><U69/><E69/><V24/><F126/><W63/><G123/><T57/><D57/><U73/><E4/><V120/><F120/><W38/><G38/><T55/><D55/><U20/><E20/><V10/><F103/><W113/><G113/><N who="0" m="43627" /><D65/><U125/><E35/><V85/><F59/><N who="3" m="35303" /><G119/><T118/><D118/><U50/><E125/><V58/><F58/><W71/><G71/><T41/><D41/><U129/><E50/><V60/><F45/><W130/><G130/><T121/><D121/><U101/><E49/><V36/><F36/><W86/><G78/><N who="1" m="29706" /><E110/><V72/><F72/><N who="1" m="27721" /><E129/><V22/><F32/><W34/><G34/><T6/><D127/><U62/><E62/><V68/><F2/><W132/><G97/><T43/><D43/><U17/><E17/><V8/><F8/><W7/><G7/><T61/><D61/><U116/><E116/><V80/><REACH who="2" step="1"/><F70/><REACH who="2" ten="211,329,220,230" step="2"/><W109/><G109/><T83/><D108/><U27/><E101/><V56/><F56/><W47/><G47/><T67/><D67/><U74/><E74/><V96/><F96/><W31/><G135/><T76/><D23/><U9/><E99/><V87/><F87/><N who="3" m="33323" /><G134/><T124/><D124/><U37/><E37/><V133/><F133/><W100/><G132/><T131/><D131/><U29/><E107/><V33/><F33/><W13/><G100/><T111/><D111/><U54/><E105/><V106/><F106/><W25/><G31/><T40/><D28/><U95/><E29/><V89/><F89/><W53/><G53/><RYUUKYOKU ba="0,1" sc="211,-15,329,-15,220,15,230,15" hai2="5,10,14,18,22,24,60,66,68,80,81,85,90" hai3="13,19,25,26,92,93,94" /><INIT seed="2,1,1,4,4,57" ten="196,314,235,245" oya="2" hai0="71,95,6,121,14,115,90,39,69,112,56,25,96" hai1="94,120,70,63,54,88,131,75,101,108,19,43,36" hai2="66,12,79,20,41,102,40,98,80,53,85,50,124" hai3="64,113,31,91,37,32,23,30,1,125,21,104,0"/><V17/><F124/><W59/><G37/><T87/><D121/><U117/><E117/><V109/><F109/><W128/><G125/><T8/><D39/><U135/><E75/><V28/><F28/><W93/><G104/><T67/><D25/><U82/><E101/><V100/><F66/><W105/><G32/><T62/><REACH who="0" step="1"/><D96/><REACH who="0" ten="186,314,235,245" step="2"/><U22/><E36/><V52/><F102/><W73/><G113/><AGARI ba="1,2" hai="6,8,14,56,62,67,69,71,87,90,95,112,113,115" machi="113" ten="40,12000,2" yaku="1,1,2,1,52,1,53,3" doraHai="57" doraHaiUra="111" who="0" fromWho="3" sc="186,143,314,0,235,0,245,-123" /><INIT seed="3,0,0,0,3,70" ten="329,314,235,122" oya="3" hai0="8,99,131,114,134,85,45,15,95,82,50,111,60" hai1="42,98,67,115,20,16,92,6,135,118,11,37,25" hai2="19,18,78,79,23,38,130,112,128,62,106,28,24" hai3="48,129,13,40,56,126,68,120,35,39,116,109,88"/><W119/><G120/><T75/><D111/><U44/><E115/><V61/><F112/><W49/><G35/><T91/><D131/><N who="2" m="50218" /><F106/><W66/><G129/><T0/><D134/><U5/><E135/><V93/><F38/><W21/><G109/><T96/><D0/><U52/><E118/><N who="3" m="45098" /><G21/><T31/><D114/><U29/><E67/><V57/><F93/><W84/><G13/><T83/><D31/><U101/><E52/><N who="2" m="33959" /><F62/><N who="3" m="40023" /><G88/><T63/><D75/><U7/><E29/><V90/><F90/><W122/><G84/><T53/><D82/><U4/><E4/><V33/><F18/><W54/><G122/><T86/><D85/><U17/><E17/><V34/><F34/><W127/><G49/><T1/><D1/><AGARI ba="0,0" hai="1,5,6,7,11,16,20,25,37,42,44,92,98,101" machi="1" ten="30,3900,0" yaku="7,1,52,1,54,1" doraHai="70" who="1" fromWho="0" sc="329,-39,314,39,235,0,122,0" owari="290,9.0,353,45.3,235,-16.5,122,-37.8" /></mjloggm>