<mjloggm ver="2.3"><GO type="225" lobby="0"/><UN n0="%E3%81%A4%E3%81%A3%E3%81%B1%E3%82%8A%E3%83%9D%E3%83%BC%E3%83%AB" n1="%72%69%6F%75%63%68%61%6E" n2="%4D%6F%6E%61%6E%61" n3="%E3%83%94%E3%83%B3%E3%82%B5%E3%83%AD%E5%BA%97%E5%93%A1" dan="17,16,16,16" rate="2213.86,2171.84,2118.49,2207.01" sx="M,M,F,M"/><TAIKYOKU oya="0"/><INIT seed="0,0,0,5,0,60" ten="250,250,250,250" oya="0" hai0="47,25,115,116,43,56,132,88,117,131,92,49,77" hai1="59,9,86,75,99,10,20,12,44,83,4,46,29" hai2="94,93,78,64,126,63,82,90,58,50,38,65,37" hai3="128,36,76,72,30,17,130,87,105,111,13,95,28"/><T73/><D115/><U114/><E75/><V79/><F126/><W18/><G105/><T106/><D106/><U80/><E114/><V81/><F50/><W54/><G36/><T119/><D132/><U15/><E80/><N who="2" m="30827" /><F38/><W121/><G72/><T48/><D131/><N who="3" m="50217" /><G76/><N who="2" m="29225" /><F37/><W22/><G111/><T113/><D113/><U26/><E99/><N who="2" m="57783" /><F94/><W61/><G121/><T104/><D77/><N who="1" m="46447" /><E59/><V118/><F118/><W14/><G95/><T32/><D104/><U84/><E84/><V68/><F68/><W133/><G87/><T129/><D73/><U51/><E51/><V23/><F23/><N who="3" m="11695" /><G133/><T125/><D125/><U7/><AGARI ba="0,0" hai="4,7,9,10,12,15,20,26,29,44,46" m="46447" machi="7" ten="30,1100,0" yaku="8,1" doraHai="60" who="1" fromWho="1" sc="250,-5,250,11,250,-3,250,-3" /><INIT seed="1,0,0,5,0,116" ten="245,261,247,247" oya="1" hai0="47,66,109,1,79,32,31,113,111,119,129,135,17" hai1="125,98,54,115,94,39,4,71,3,128,52,12,24" hai2="84,72,87,55,14,78,16,88,58,46,63,83,99" hai3="45,33,123,131,97,2,34,108,65,73,43,8,122"/><U90/><E115/><V102/><F46/><W100/><G108/><N who="0" m="41547" /><D119/><U77/><E3/><V117/><F117/><W133/><G65/><T70/><D113/><U92/><E39/><V0/><F0/><W120/><G73/><T13/><D1/><U126/><E128/><V103/><F99/><W35/><G131/><T68/><D129/><U101/><E71/><V106/><F72/><W18/><G133/><T36/><D79/><U105/><E77/><V38/><F38/><N who="3" m="21751" /><G18/><T91/><D66/><U81/><E81/><V57/><F57/><W64/><G64/><T114/><D114/><U89/><E24/><V11/><F106/><N who="3" m="63759" /><G34/><T86/><D135/><U60/><E105/><V59/><F59/><W41/><G41/><N who="0" m="22951" /><D31/><U10/><E60/><V6/><F6/><AGARI ba="0,0" hai="2,6,8,33,35,120,122,123" m="63759,21751" machi="6" ten="30,7700,0" yaku="23,1,52,3" doraHai="116" who="3" fromWho="2" sc="245,0,261,0,247,-77,247,77" /><INIT seed="2,0,0,2,2,72" ten="245,261,170,324" oya="2" hai0="102,42,43,76,80,129,38,16,123,17,105,87,132" hai1="116,9,74,29,24,134,84,108,18,65,88,95,31" hai2="131,81,70,57,7,8,86,46,15,135,11,112,63" hai3="28,75,93,71,53,96,100,22,73,4,106,23,94"/><V92/><F70/><W61/><G4/><T119/><D123/><U14/><E116/><V78/><F112/><W82/><G75/><T124/><D119/><U77/><E108/><V19/><F131/><W12/><G28/><T118/><D118/><U101/><E134/><V51/><F135/><W6/><G6/><T44/><D132/><U26/><E65/><V21/><F92/><W114/><G114/><T64/><D129/><U45/><E101/><V126/><F126/><W56/><G71/><T34/><D34/><U39/><E39/><V27/><F27/><N who="1" m="10281" /><E74/><V33/><F33/><W125/><G125/><T113/><D113/><U54/><E77/><V85/><F85/><W121/><G121/><T110/><D110/><U60/><E60/><V55/><REACH who="2" step="1"/><F7/><REACH who="2" ten="245,261,160,324" step="2"/><W52/><G73/><T97/><D124/><U128/><E128/><V13/><F13/><W68/><G12/><T133/><D133/><U10/><E10/><V37/><F37/><W48/><G68/><T89/><D43/><AGARI ba="0,1" hai="8,11,15,19,21,43,46,51,55,57,63,78,81,86" machi="43" ten="30,11600,0" yaku="1,1,7,1,8,1,52,1,53,0" doraHai="72" doraHaiUra="103" who="2" fromWho="0" sc="245,-116,261,0,160,126,324,0" /><INIT seed="2,1,0,1,2,86" ten="129,261,286,324" oya="2" hai0="40,98,46,90,30,28,100,13,51,79,102,122,19" hai1="109,97,59,16,130,126,107,18,48,106,70,55,116" hai2="4,131,14,74,123,7,110,1,63,20,87,118,62" hai3="25,124,104,113,95,72,75,132,67,53,120,29,93"/><V129/><F74/><W81/><G120/><T8/><D122/><U34/><E116/><V33/><F123/><W37/><G104/><T119/><D119/><U83/><E70/><V99/><F118/><W115/><G37/><T65/><D79/><U50/><E34/><V26/><F99/><W134/><G67/><T31/><REACH who="0" step="1"/><D65/><REACH who="0" ten="119,261,286,324" step="2"/><U108/><E108/><V15/><F110/><W135/><G115/><T45/><D45/><U39/><E109/><V22/><F129/><W128/><G113/><T96/><D96/><U10/><E97/><V23/><F131/><W114/><G114/><T121/><D121/><U68/><E130/><V41/><F87/><W112/><G112/><T127/><D127/><U82/><E126/><V5/><F1/><W76/><G128/><T43/><D43/><U56/><E39/><V91/><F41/><W64/><G124/><T111/><D111/><U89/><E55/><V57/><F26/><W11/><G72/><T71/><D71/><U117/><E68/><V52/><F15/><W88/><G25/><T21/><D21/><U32/><E117/><V12/><F33/><W61/><G75/><T0/><D0/><U84/><E32/><V105/><F14/><W94/><G134/><T42/><D42/><U47/><E84/><V60/><F12/><W133/><G133/><T85/><D85/><U35/><E35/><V6/><F22/><W9/><G135/><T92/><AGARI ba="1,1" hai="8,13,19,28,30,31,40,46,51,90,92,98,100,102" machi="92" ten="30,7900,0" yaku="1,1,0,1,8,1,52,1,53,0" doraHai="86" doraHaiUra="80" who="0" fromWho="0" sc="119,92,261,-21,286,-40,324,-21" /><INIT seed="3,0,0,3,1,77" ten="211,240,246,303" oya="3" hai0="104,103,98,129,122,72,79,34,119,42,102,109,117" hai1="1,57,18,2,71,82,26,47,58,85,84,8,15" hai2="4,99,52,24,124,3,32,44,0,65,105,133,22" hai3="14,120,95,89,48,21,46,96,121,113,27,100,10"/><W88/><G113/><T74/><D34/><U13/><E71/><V130/><F32/><W91/><G14/><T40/><D40/><U107/><E107/><V17/><F65/><W67/><G10/><T55/><D42/><U5/><E26/><V94/><F105/><W78/><G78/><T41/><D41/><U51/><E1/><V132/><F4/><W38/><G67/><T106/><D55/><N who="1" m="30207" /><E2/><V112/><F112/><W125/><G125/><T110/><D122/><U37/><E37/><V25/><F24/><W50/><G38/><T70/><D70/><U16/><E85/><V97/><F99/><W81/><G81/><N who="0" m="45287" /><D74/><U54/><E15/><V64/><F124/><W118/><G118/><N who="0" m="45067" /><D129/><U61/><E57/><V73/><F73/><W66/><G66/><T126/><D126/><U60/><E61/><V128/><F64/><W86/><G86/><T31/><D31/><U45/><E45/><V116/><F116/><W101/><G48/><T35/><D35/><U30/><E30/><V62/><F128/><W33/><G33/><T36/><D36/><U9/><E9/><V92/><F130/><W43/><REACH who="3" step="1"/><G101/><REACH who="3" ten="211,240,246,293" step="2"/><N who="0" m="62519" /><D106/><U29/><E29/><AGARI ba="0,1" hai="21,27,29,43,46,50,88,89,91,95,96,100,120,121" machi="29" ten="40,7700,0" yaku="1,1,54,1,53,1" doraHai="77" doraHaiUra="19" who="3" fromWho="1" sc="211,0,240,-77,246,0,293,87" owari="211,-18.9,163,-33.7,246,4.6,380,48.0" /></mjloggm>