<mjloggm ver="2.3"><GO type="225" lobby="0"/><UN n0="%E6%A0%B9%E5%85%83%E3%81%8B%E3%82%89%E5%90%B9%E3%81%A3%E9%A3%9B%E3%81%B6" n1="%E3%81%B7%E3%82%8A%E3%82%93%E8%81%96%E4%BA%BA" n2="%E3%81%AF%E3%82%88%E3%81%8A%E3%81%98%E3%81%95%E3%82%93" n3="%E3%83%AD%E3%83%83%E3%83%86%E9%9B%80%E7%90%83" dan="16,16,16,17" rate="2161.64,2118.76,2129.54,2119.70" sx="F,M,M,M"/><TAIKYOKU oya="0"/><INIT seed="0,0,0,0,4,33" ten="250,250,250,250" oya="0" hai0="12,120,83,69,106,45,2,60,90,17,109,30,88" hai1="9,59,128,89,78,3,73,42,0,41,112,25,1" hai2="55,22,77,130,19,107,8,67,5,38,24,26,63" hai3="101,27,96,84,68,50,113,62,92,57,48,11,34"/><T6/><D120/><U31/><E128/><V20/><F130/><W21/><G113/><T132/><D132/><U121/><E121/><V99/><F38/><W110/><G110/><T134/><D134/><U76/><E9/><V7/><F77/><W118/><G118/><T4/><D106/><U65/><E112/><V122/><F122/><W125/><G125/><T13/><D30/><U75/><E89/><V54/><F99/><W32/><G68/><T93/><D109/><U72/><E65/><V66/><F107/><W40/><G11/><T102/><D102/><U44/><E59/><V10/><REACH who="2" step="1"/><F19/><REACH who="2" ten="250,250,240,250" step="2"/><W29/><G84/><N who="0" m="50207" /><D17/><U39/><REACH who="1" step="1"/><E41/><REACH who="1" ten="250,240,240,250" step="2"/><V74/><F74/><W108/><G108/><T131/><D131/><U81/><E81/><V126/><F126/><W43/><G43/><T105/><D90/><U95/><E95/><V100/><F100/><W91/><G40/><T86/><D93/><U37/><E37/><V14/><F14/><W135/><G91/><T56/><D13/><U61/><E61/><AGARI ba="0,2" hai="5,7,8,10,20,22,24,26,54,55,61,63,66,67" machi="61" ten="25,6400,0" yaku="1,1,22,2,8,1,53,0" doraHai="33" doraHaiUra="103" who="2" fromWho="1" sc="250,0,240,-64,240,84,250,0" /><INIT seed="1,0,0,4,4,58" ten="250,176,324,250" oya="1" hai0="79,37,12,39,88,124,125,66,74,101,72,23,60" hai1="135,89,93,15,94,86,67,4,27,122,105,118,114" hai2="53,83,95,112,110,31,13,61,75,99,41,57,104" hai3="24,128,35,42,121,50,38,117,33,108,134,46,78"/><U62/><E114/><V9/><F112/><W65/><G121/><T127/><D101/><U47/><E105/><V113/><F113/><W32/><G108/><T131/><D131/><U103/><E122/><V97/><F110/><W54/><G134/><T2/><D2/><U70/><E118/><V77/><F31/><W98/><G128/><T115/><D115/><U85/><E27/><V25/><F25/><W71/><G78/><T132/><D132/><U119/><E119/><V56/><F41/><W90/><G117/><T133/><D133/><U100/><E135/><V44/><F44/><W130/><G130/><T87/><D23/><U22/><E47/><V55/><F104/><W69/><G24/><T1/><D12/><U82/><E22/><V123/><F123/><W64/><G90/><T129/><D1/><U68/><E68/><V17/><F95/><W48/><G98/><T7/><D7/><U18/><E94/><V80/><F83/><W3/><G3/><T63/><D129/><U21/><REACH who="1" step="1"/><E4/><REACH who="1" ten="250,166,324,250" step="2"/><V84/><F75/><W40/><G46/><T5/><D5/><U8/><E8/><V96/><F99/><W10/><G33/><T19/><D72/><U26/><E26/><V107/><F107/><W11/><G38/><T76/><D74/><U116/><E116/><V14/><F14/><W34/><G35/><T111/><D39/><U52/><E52/><AGARI ba="0,1" hai="10,11,32,34,40,42,48,50,52,54,64,65,69,71" machi="52" ten="25,3200,0" yaku="22,2,54,1" doraHai="58" who="3" fromWho="1" sc="250,0,166,-32,324,0,250,42" /><INIT seed="2,0,0,5,0,103" ten="250,134,324,292" oya="2" hai0="67,105,21,61,93,29,131,3,15,26,118,113,63" hai1="12,122,62,74,127,25,129,77,24,46,99,20,133" hai2="135,9,57,100,36,69,19,39,37,52,106,64,79" hai3="78,6,34,124,94,13,47,98,119,2,72,117,50"/><V81/><F135/><W97/><G34/><T43/><D113/><U92/><E133/><V4/><F19/><W53/><G2/><T7/><D118/><U1/><E1/><V108/><F108/><W45/><G124/><T101/><D131/><U54/><E122/><V5/><F64/><W111/><G111/><T114/><D114/><U0/><E0/><V18/><F69/><W121/><G121/><T75/><D75/><U116/><E116/><V126/><F126/><W66/><G66/><T130/><D130/><U10/><E77/><V88/><F18/><W14/><G78/><T132/><D132/><U71/><E74/><V89/><F106/><W80/><G80/><T82/><D82/><U86/><E86/><V87/><F100/><W85/><G72/><T73/><D73/><U128/><E71/><V38/><N who="2" m="9216" /><DORA hai="134" /><V48/><REACH who="2" step="1"/><F4/><REACH who="2" ten="250,134,314,292" step="2"/><W107/><G6/><T28/><D7/><U35/><E127/><V96/><F96/><W115/><G107/><T95/><D101/><U76/><E128/><V40/><F40/><W70/><G70/><T112/><D43/><U32/><E129/><V60/><F60/><W102/><G102/><T91/><D61/><U68/><E68/><V123/><F123/><W51/><G115/><T65/><D63/><U58/><E62/><V30/><F30/><W42/><G42/><T120/><D28/><U41/><E41/><V90/><F90/><N who="3" m="53583" /><G119/><T31/><D29/><U59/><E99/><V33/><F33/><W49/><G117/><T55/><D112/><U16/><E35/><V84/><F84/><W125/><G125/><RYUUKYOKU ba="0,1" sc="250,-10,134,-10,314,30,292,-10" hai2="5,9,48,52,57,79,81,87,88,89" /><INIT seed="2,1,1,0,0,77" ten="240,124,344,282" oya="2" hai0="47,39,23,98,135,8,51,66,4,95,7,34,93" hai1="53,44,78,3,24,103,17,112,42,102,19,85,33" hai2="20,69,96,104,27,50,123,134,48,29,71,45,70" hai3="81,84,5,83,62,14,73,80,108,43,121,72,122"/><V16/><F123/><N who="3" m="47115" /><G14/><T79/><D34/><U59/><E3/><V109/><F134/><W105/><G5/><T13/><D135/><U125/><E112/><V10/><F109/><W52/><G52/><N who="0" m="29823" /><D39/><U11/><E125/><V25/><F10/><W106/><G62/><T129/><D129/><U75/><E75/><N who="3" m="28746" /><G43/><T124/><D79/><U91/><E78/><V67/><F67/><W36/><G36/><T61/><D7/><U63/><E33/><V74/><F74/><W118/><G118/><T41/><D41/><U114/><E114/><V26/><F50/><W54/><G54/><T65/><D95/><U28/><E28/><V89/><F29/><W38/><G38/><T55/><D23/><U0/><E0/><V37/><F37/><W133/><G133/><T15/><D15/><U31/><E31/><V111/><F111/><W115/><G115/><T2/><D2/><U128/><E128/><V18/><F18/><N who="1" m="6665" /><E24/><V30/><F30/><W56/><G56/><N who="0" m="34975" /><D124/><U82/><E11/><V76/><F70/><W35/><G35/><T101/><AGARI ba="1,1" hai="4,8,13,65,66,93,98,101" m="34975,29823" machi="101" ten="30,2000,0" yaku="8,1,54,1" doraHai="77" who="0" fromWho="0" sc="240,33,124,-6,344,-11,282,-6" /><INIT seed="3,0,0,1,3,97" ten="273,118,333,276" oya="3" hai0="77,53,85,121,20,80,98,29,6,105,103,55,49" hai1="95,111,57,114,36,21,75,66,24,23,7,110,88" hai2="81,106,13,63,68,19,120,92,65,100,33,89,37" hai3="22,30,51,1,5,25,109,0,91,104,59,96,52"/><W83/><G109/><T15/><D121/><U67/><E75/><V16/><F37/><W39/><G39/><T113/><D113/><U124/><E36/><V26/><F120/><W115/><G115/><T84/><D29/><U38/><E38/><V119/><F119/><W82/><G5/><T61/><D61/><U72/><E72/><V54/><F81/><W123/><G123/><T32/><D32/><U8/><E114/><V126/><F126/><W73/><G83/><T94/><D20/><U56/><E124/><V47/><F47/><W10/><G10/><T76/><D76/><U35/><E35/><V125/><F54/><W112/><G112/><T12/><D6/><U93/><E7/><V27/><F125/><W70/><G70/><T3/><D3/><U45/><E8/><V99/><F33/><W69/><G69/><T87/><D55/><U60/><E45/><V133/><F19/><W58/><G59/><T86/><REACH who="0" step="1"/><D105/><REACH who="0" ten="263,118,333,276" step="2"/><U101/><E60/><V127/><F127/><W128/><G128/><T44/><AGARI ba="0,1" hai="12,15,44,49,53,77,80,84,85,86,87,94,98,103" machi="44" ten="30,8000,1" yaku="1,1,2,1,0,1,8,1,52,1,53,0" doraHai="97" doraHaiUra="62" who="0" fromWho="0" sc="263,90,118,-20,333,-20,276,-40" owari="353,45.3,98,-40.2,313,11.3,236,-16.4" /></mjloggm>