<mjloggm ver="2.3"><GO type="225" lobby="0"/><UN n0="%E3%81%A8%E3%82%93%E3%81%A8%E3%81%93%E3%81%A8%E3%82%93" n1="%E6%9D%B1%E9%A2%A8%E3%81%AE%E3%81%8D%E3%82%83%E3%81%B7%E3%81%95%E3%82%93" n2="%E5%B8%86%E7%AB%8B%E5%A4%8F%E8%A1%A3" n3="%E6%98%93%E5%88%A9%E8%96%A9%E4%BC%AF" dan="16,16,16,16" rate="2112.06,2152.72,2164.96,2059.82" sx="F,M,M,F"/><TAIKYOKU oya="0"/><INIT seed="0,0,0,5,0,67" ten="250,250,250,250" oya="0" hai0="29,88,97,120,25,100,35,8,76,121,80,115,2" hai1="56,58,30,83,66,53,117,94,93,4,110,124,81" hai2="21,20,128,113,92,105,114,135,13,122,7,91,9" hai3="107,43,79,82,87,112,55,99,59,129,32,108,54"/><T102/><D115/><U34/><E110/><V1/><F105/><W71/><G112/><T77/><D77/><U48/><E124/><V106/><F106/><W47/><G32/><T24/><D24/><U11/><E117/><V39/><F122/><W22/><G129/><T123/><D8/><U45/><E30/><V28/><F128/><W14/><G108/><T31/><D2/><U62/><E34/><V95/><F39/><W98/><G71/><T75/><REACH who="0" step="1"/><D31/><REACH who="0" ten="240,250,250,250" step="2"/><U38/><E11/><V101/><F28/><W78/><G78/><T68/><D68/><U15/><E15/><V96/><F135/><W37/><G79/><T127/><D127/><U119/><E119/><V42/><F42/><W109/><G43/><T89/><D89/><U33/><E33/><V126/><F126/><W44/><G14/><T86/><D86/><U73/><E73/><V26/><F26/><W36/><G87/><T52/><D52/><U69/><E69/><V40/><F40/><W65/><G55/><T12/><D12/><U103/><E53/><V90/><F90/><W64/><G54/><T50/><D50/><U49/><E49/><V18/><F21/><W6/><G22/><T23/><D23/><U70/><E70/><V133/><F133/><W5/><G109/><T111/><D111/><U84/><E48/><V131/><F131/><W16/><G37/><T116/><D116/><U130/><E38/><V74/><F74/><W46/><G36/><T104/><D104/><U72/><E130/><V61/><F61/><W3/><G107/><T57/><D57/><U125/><E58/><RYUUKYOKU ba="0,1" sc="240,15,250,-15,250,15,250,-15" hai0="25,29,35,75,76,80,88,97,100,102,120,121,123" hai2="1,7,9,13,18,20,91,92,95,96,101,113,114" /><INIT seed="0,1,1,0,3,85" ten="255,235,265,235" oya="0" hai0="32,117,131,30,130,105,129,8,1,119,43,118,74" hai1="112,56,121,6,62,79,110,24,27,94,68,16,67" hai2="135,106,51,77,126,69,93,54,73,103,127,80,115" hai3="42,107,132,83,31,53,71,48,25,120,113,76,82"/><T84/><D84/><U12/><E121/><V4/><F115/><W78/><G113/><T49/><D105/><U109/><E112/><V108/><F69/><W95/><G107/><T124/><D74/><U21/><E79/><V38/><F38/><W2/><G71/><T33/><D43/><U66/><E6/><V41/><F41/><W3/><G132/><T58/><D124/><N who="2" m="47658" /><F4/><W87/><G42/><T29/><D58/><U35/><E35/><N who="0" m="13385" /><D49/><U59/><E94/><V101/><F106/><W20/><G95/><T13/><D1/><U125/><E125/><V111/><F135/><W5/><G5/><AGARI ba="1,1" hai="5,8,13,29,30,117,118,119,129,130,131" m="13385" machi="5" ten="40,7700,0" yaku="19,1,34,2" doraHai="85" who="0" fromWho="3" sc="255,90,235,0,265,0,235,-80" /><INIT seed="0,2,0,2,0,105" ten="345,235,265,155" oya="0" hai0="68,60,103,49,1,72,2,133,65,39,90,95,128" hai1="124,134,44,94,83,24,17,8,86,104,112,70,32" hai2="6,80,132,5,125,54,99,28,71,82,122,15,118" hai3="85,88,12,10,57,4,63,20,81,36,52,73,111"/><T30/><D39/><U123/><E104/><V100/><F122/><W129/><G111/><T34/><D128/><U64/><E134/><V43/><F125/><W38/><G129/><T91/><D133/><U107/><E107/><V14/><F118/><W87/><G73/><T7/><D103/><U131/><E32/><V19/><F71/><W13/><G20/><T93/><D30/><U23/><E64/><V126/><F126/><W41/><G41/><T78/><D34/><U97/><E70/><V114/><F114/><W77/><REACH who="3" step="1"/><G13/><REACH who="3" ten="345,235,265,145" step="2"/><T35/><D72/><U0/><E131/><V27/><F43/><W61/><G61/><T3/><D60/><U9/><E124/><V18/><F132/><W25/><G25/><T45/><D1/><U53/><E112/><V110/><F110/><W79/><G79/><T120/><D78/><N who="1" m="46455" /><E0/><V98/><F27/><W101/><G101/><T106/><D2/><U46/><E123/><V22/><F100/><W89/><G89/><T117/><D91/><N who="1" m="55519" /><E8/><V16/><F22/><W108/><G108/><T58/><D3/><U119/><E9/><V135/><F135/><W115/><G115/><T21/><D120/><U40/><E119/><V55/><F19/><W42/><G42/><T75/><D117/><U127/><E127/><V62/><F62/><W31/><G31/><AGARI ba="2,1" hai="5,6,14,15,16,18,28,31,54,55,80,82,98,99" machi="31" ten="25,6400,0" yaku="22,2,8,1,54,1" doraHai="105" who="2" fromWho="3" sc="345,0,235,0,265,80,145,-70" /><INIT seed="1,0,0,0,5,135" ten="345,235,345,75" oya="1" hai0="125,104,103,101,21,1,120,71,41,64,81,32,84" hai1="82,33,99,20,55,97,134,105,38,126,69,98,102" hai2="26,93,53,96,23,119,73,109,129,68,63,30,31" hai3="59,18,91,14,52,58,87,44,22,24,54,11,66"/><U128/><E134/><V46/><F73/><W112/><G112/><T117/><D32/><U43/><E33/><V45/><F109/><W115/><G115/><T12/><D1/><U48/><E69/><V90/><F129/><W47/><G66/><T114/><D117/><U40/><E128/><V78/><F119/><W57/><G44/><N who="2" m="17001" /><F68/><W111/><G111/><T94/><D114/><U95/><E82/><V110/><F110/><W121/><G121/><T133/><D41/><U108/><E20/><V76/><F31/><W124/><G124/><T132/><D120/><U70/><E70/><V49/><F63/><W13/><G47/><AGARI ba="0,0" hai="23,26,30,47,49,53,76,78,90,93,96" m="17001" machi="47" ten="30,1000,0" yaku="8,1" doraHai="135" who="2" fromWho="3" sc="345,0,235,0,345,10,75,-10" /><INIT seed="2,0,0,4,2,68" ten="345,235,355,65" oya="2" hai0="34,5,2,109,21,91,46,110,99,53,13,24,87" hai1="54,16,112,42,26,59,33,103,69,114,18,15,122" hai2="84,71,64,72,126,67,129,10,90,40,73,31,20" hai3="35,0,32,49,133,92,83,106,22,28,102,65,48"/><V85/><F126/><W121/><G121/><T88/><D2/><U76/><E69/><V128/><F10/><W44/><G133/><T104/><D34/><U74/><E103/><V17/><F31/><W100/><G106/><T131/><D131/><N who="2" m="50250" /><F84/><W57/><G0/><T43/><D53/><U8/><E42/><V96/><F96/><W50/><G83/><T113/><D113/><U119/><E119/><V25/><F40/><W9/><G9/><N who="0" m="4271" /><D87/><U97/><E97/><V79/><F79/><W1/><G1/><T55/><D99/><U66/><E66/><N who="2" m="25131" /><F71/><W130/><G130/><T111/><D104/><U4/><E122/><V75/><F75/><W70/><G70/><T19/><D55/><U134/><E134/><V51/><F51/><AGARI ba="0,0" hai="19,21,24,43,46,51,88,91,109,110,111" m="4271" machi="51" ten="30,2000,0" yaku="14,1,54,1" doraHai="68" who="0" fromWho="2" sc="345,20,235,0,355,-20,65,0" /><INIT seed="3,0,0,3,1,80" ten="365,235,335,65" oya="3" hai0="111,40,25,60,52,28,66,47,29,51,56,59,45" hai1="88,1,72,108,24,35,62,69,89,70,122,34,54" hai2="76,106,112,7,23,97,114,127,5,126,107,37,43" hai3="61,110,31,33,50,117,3,13,130,135,65,21,105"/><W87/><G117/><T32/><D111/><U131/><E131/><V8/><F23/><W41/><G3/><T57/><D29/><U15/><E122/><V109/><F109/><W78/><G110/><T77/><D77/><U93/><E72/><V84/><F43/><W123/><G123/><T121/><D121/><U12/><E1/><N who="2" m="47" /><F7/><W115/><G115/><N who="2" m="44073" /><F37/><AGARI ba="0,0" hai="25,28,32,37,40,45,47,51,52,56,57,59,60,66" machi="37" ten="30,2000,0" yaku="7,1,54,1" doraHai="80" who="0" fromWho="2" sc="365,20,235,0,335,-20,65,0" owari="385,48.5,235,-16.5,315,11.5,65,-43.5" /></mjloggm>