<mjloggm ver="2.3"><GO type="225" lobby="0"/><UN n0="%6B%6F%64%61%6D%61%6E%37" n1="%E3%81%BF%E3%81%BF%E3%81%9A" n2="%E3%83%AD%E3%83%83%E3%83%86%E9%9B%80%E7%90%83" n3="%E9%98%BF%E9%83%A8%E5%AF%9B%EF%BC%A0%E9%B3%B3%E5%8D%93" dan="16,18,16,16" rate="2082.59,2242.01,2194.52,2099.05" sx="M,M,M,F"/><TAIKYOKU oya="0"/><INIT seed="0,0,0,2,0,96" ten="250,250,250,250" oya="0" hai0="57,106,39,108,36,89,20,33,128,60,47,98,82" hai1="50,13,51,66,6,29,22,28,86,126,9,88,24" hai2="38,14,1,25,53,100,74,127,122,104,87,17,107" hai3="105,95,80,12,52,19,109,64,97,124,48,10,116"/><T37/><D33/><U72/><E72/><V129/><F74/><W90/><G116/><T81/><D128/><U3/><E126/><V102/><F1/><W115/><G124/><T103/><D47/><U15/><E66/><V49/><F38/><W132/><G115/><T18/><D108/><U114/><E114/><V134/><F122/><W41/><G109/><T63/><D89/><U2/><E29/><V120/><F120/><W11/><G132/><T93/><D106/><U76/><E76/><V58/><F127/><W59/><G105/><T4/><D4/><U34/><E2/><V83/><F134/><W73/><G41/><T44/><D44/><U113/><E113/><V5/><F129/><W43/><G43/><T84/><D84/><U85/><E85/><V110/><F110/><W94/><G94/><T68/><D68/><U56/><E56/><V45/><F58/><W112/><G112/><T35/><D35/><U133/><E133/><V135/><F135/><W32/><G32/><T31/><D31/><U75/><E75/><V69/><F69/><W27/><G64/><T54/><REACH who="0" step="1"/><D63/><REACH who="0" ten="240,250,250,250" step="2"/><U61/><E61/><V0/><F107/><W8/><G73/><T123/><D123/><U118/><E118/><V92/><F104/><W101/><G27/><AGARI ba="0,1" hai="18,20,27,36,37,39,54,57,60,81,82,93,98,103" machi="27" ten="40,3900,0" yaku="1,1,52,1,53,0" doraHai="96" doraHaiUra="7" who="0" fromWho="3" sc="240,49,250,0,250,0,250,-39" /><INIT seed="0,1,0,2,2,132" ten="289,250,250,211" oya="0" hai0="32,13,112,6,88,108,80,35,93,114,91,97,116" hai1="119,133,115,21,109,22,65,44,60,41,36,46,125" hai2="87,121,7,135,1,102,124,56,37,130,17,8,103" hai3="82,107,29,57,52,131,110,59,94,126,106,62,53"/><T96/><D6/><U15/><E119/><V100/><F121/><W111/><G131/><T99/><D13/><U48/><E109/><N who="3" m="41482" /><G29/><T89/><D108/><U95/><E133/><V61/><F135/><W78/><G94/><T83/><D116/><U10/><E115/><N who="0" m="44073" /><D93/><U4/><E125/><V51/><F124/><W45/><G45/><T28/><D28/><U39/><E95/><V42/><F37/><W64/><G126/><T84/><D84/><U104/><E104/><N who="3" m="39978" /><G57/><T134/><D134/><U68/><REACH who="1" step="1"/><E39/><REACH who="1" ten="289,240,250,211" step="2"/><V128/><F128/><W31/><G31/><T54/><D54/><AGARI ba="1,1" hai="4,10,15,21,22,36,41,44,46,48,54,60,65,68" machi="54" ten="30,8000,1" yaku="1,1,2,1,7,1,53,2" doraHai="132" doraHaiUra="43" who="1" fromWho="0" sc="289,-83,240,93,250,0,211,0" /><INIT seed="1,0,0,2,4,5" ten="206,333,250,211" oya="1" hai0="20,91,70,67,27,100,49,19,104,68,45,94,24" hai1="55,88,42,7,66,28,90,84,22,83,111,63,48" hai2="76,30,123,43,9,113,124,107,37,101,133,116,62" hai3="120,21,125,75,12,78,44,38,41,1,112,46,99"/><U23/><E111/><V117/><F123/><W110/><G120/><T74/><D74/><U80/><E42/><V26/><F76/><W60/><G112/><T122/><D122/><U105/><E105/><V126/><F133/><W13/><G110/><T4/><D4/><U53/><E7/><V64/><F113/><W109/><G1/><T131/><D131/><U102/><E102/><V0/><F9/><W81/><G109/><T121/><D121/><U119/><E119/><V25/><F0/><W51/><G125/><T61/><D100/><U11/><E11/><V96/><F26/><W2/><G2/><T17/><D104/><U85/><E28/><V15/><F15/><W39/><G99/><T103/><D103/><U34/><E34/><N who="2" m="20815" /><F43/><W108/><G108/><T115/><D115/><U65/><E48/><V95/><F95/><W31/><G39/><T77/><D77/><U134/><E134/><V35/><F35/><W3/><G3/><T33/><D70/><U59/><E53/><V98/><F98/><W127/><G31/><T36/><D36/><U82/><REACH who="1" step="1"/><E80/><REACH who="1" ten="206,323,250,211" step="2"/><V29/><F29/><W14/><G38/><T58/><D49/><U8/><E8/><V87/><F37/><W10/><G10/><T40/><D40/><U93/><E93/><V6/><F6/><W132/><G132/><T50/><D94/><U92/><E92/><V69/><F117/><W16/><G127/><N who="2" m="48681" /><F116/><W47/><REACH who="3" step="1"/><G60/><REACH who="3" ten="206,323,250,201" step="2"/><T71/><D61/><U128/><E128/><V52/><F62/><W54/><G54/><T86/><D50/><U114/><E114/><V89/><F52/><RYUUKYOKU ba="0,2" sc="206,-15,323,15,250,-15,201,15" hai1="22,23,55,59,63,65,66,82,83,84,85,88,90" hai3="12,13,14,16,21,41,44,46,47,51,75,78,81" /><INIT seed="1,1,2,1,0,33" ten="191,338,235,216" oya="1" hai0="120,111,59,128,53,22,65,5,13,55,135,45,109" hai1="4,17,35,2,19,25,117,56,14,72,106,114,70" hai2="37,101,62,79,12,98,108,36,127,73,88,99,39" hai3="66,112,46,20,131,16,105,58,42,104,38,67,23"/><U81/><E114/><V132/><F108/><N who="0" m="41546" /><D5/><U76/><E70/><V15/><F127/><W8/><G112/><T113/><D113/><U107/><E117/><V11/><F132/><W54/><G131/><T86/><D86/><U91/><E91/><V84/><F79/><W6/><G104/><T119/><D119/><U60/><E35/><V28/><F73/><W124/><G105/><T80/><D80/><U68/><E19/><V90/><F28/><W102/><G102/><T82/><D82/><U49/><E49/><V116/><F116/><W3/><G124/><T71/><D22/><U83/><E25/><V93/><F62/><W26/><REACH who="3" step="1"/><G20/><REACH who="3" ten="191,338,235,206" step="2"/><T87/><D128/><U103/><E103/><V1/><F101/><W40/><G40/><T125/><D125/><U95/><E106/><V34/><F34/><W29/><G29/><T61/><D135/><U41/><E107/><V31/><F31/><W115/><G115/><T44/><D120/><U51/><E41/><V30/><F30/><W9/><G9/><T63/><D13/><U129/><E14/><V18/><F15/><W48/><AGARI ba="1,3" hai="3,6,8,16,23,26,38,42,46,48,54,58,66,67" machi="48" ten="20,8000,1" yaku="1,1,0,1,7,1,52,1,54,1,53,0" doraHai="33" doraHaiUra="121" who="3" fromWho="3" sc="191,-21,338,-41,235,-21,206,113" /><INIT seed="2,0,0,0,5,64" ten="170,297,214,319" oya="2" hai0="72,59,7,90,69,6,85,134,111,57,76,14,132" hai1="56,11,87,44,112,129,119,13,116,81,27,16,42" hai2="62,49,84,3,113,4,75,109,33,71,18,98,61" hai3="28,79,73,0,94,99,96,40,41,2,26,39,97"/><V128/><F113/><W125/><G125/><T74/><D85/><U67/><E112/><V78/><F75/><N who="0" m="28714" /><D76/><U68/><E129/><V104/><F128/><W10/><G94/><T1/><D90/><U105/><E105/><V117/><F33/><W36/><G79/><T5/><D14/><U88/><E56/><N who="0" m="21577" /><D1/><U9/><E9/><V107/><F62/><W80/><G73/><T63/><D111/><U123/><E123/><V35/><F109/><W60/><G80/><T130/><D130/><U114/><E114/><V92/><F92/><W83/><G83/><T65/><D65/><U89/><E89/><V31/><F84/><W124/><G60/><T12/><D12/><U93/><E93/><V54/><F61/><W101/><G97/><T135/><D63/><U37/><E68/><AGARI ba="0,0" hai="5,6,7,68,69,132,134,135" m="21577,28714" machi="68" ten="40,8000,1" yaku="28,2,20,1,52,2" doraHai="64" who="0" fromWho="1" sc="170,80,297,-80,214,0,319,0" /><INIT seed="3,0,0,5,2,97" ten="250,217,214,319" oya="3" hai0="116,98,47,107,40,29,39,6,103,48,88,96,34" hai1="92,67,53,108,83,23,37,21,43,38,127,81,72" hai2="82,132,124,33,1,79,126,78,99,4,119,123,63" hai3="121,114,15,102,62,122,18,13,131,3,94,68,55"/><W50/><G3/><T84/><D116/><U135/><E108/><V101/><F119/><W27/><G114/><T80/><D6/><U0/><E0/><V110/><F110/><W71/><G131/><T49/><REACH who="0" step="1"/><D98/><REACH who="0" ten="240,217,214,319" step="2"/><U104/><E127/><N who="2" m="48683" /><F123/><W89/><G121/><T129/><D129/><U42/><E135/><V7/><F132/><W130/><G122/><T70/><D70/><U9/><E37/><V10/><F33/><W22/><G68/><T2/><D2/><U100/><E38/><V28/><F28/><W133/><G71/><T64/><D64/><U86/><E67/><V74/><F7/><W52/><G130/><T31/><D31/><U41/><E41/><V75/><F63/><W14/><G62/><T61/><D61/><U109/><E42/><V93/><F79/><W32/><G133/><T36/><D36/><U51/><E43/><V77/><F78/><W45/><G55/><T25/><AGARI ba="0,1" hai="25,29,34,39,40,47,48,49,80,84,88,96,103,107" machi="25" ten="30,7900,0" yaku="1,1,0,1,52,1,54,1,53,0" doraHai="97" doraHaiUra="118" who="0" fromWho="0" sc="240,89,217,-20,214,-20,319,-39" owari="329,42.9,197,-20.3,194,-30.6,280,8.0" /></mjloggm>