<mjloggm ver="2.3"><GO type="225" lobby="0"/><UN n0="%E3%81%AF%E3%82%88%E3%81%8A%E3%81%98%E3%81%95%E3%82%93" n1="%72%69%6F%75%63%68%61%6E" n2="%43%68%65" n3="%E6%80%AA%E3%81%97%E3%81%99%E3%81%8E%E3%82%8B%E3%83%81%E3%83%BC" dan="16,17,16,16" rate="2161.53,2252.39,2132.09,2137.32" sx="M,M,M,M"/><TAIKYOKU oya="0"/><INIT seed="0,0,0,0,4,49" ten="250,250,250,250" oya="0" hai0="127,97,82,107,39,79,0,117,71,135,108,61,12" hai1="38,36,14,47,98,22,63,16,50,25,67,27,96" hai2="128,75,24,133,18,62,13,104,86,118,20,55,46" hai3="87,1,72,80,76,134,77,40,23,84,19,5,125"/><T57/><D117/><U132/><E132/><V85/><F133/><W120/><G134/><T114/><D114/><U34/><E36/><V53/><F118/><W9/><G125/><T2/><D135/><U131/><E38/><V99/><F75/><W103/><G120/><T122/><D122/><U94/><E131/><V121/><F121/><W105/><G77/><T8/><D71/><U65/><E34/><V37/><F128/><W11/><G11/><T33/><D39/><U129/><E129/><V58/><F104/><W3/><G40/><T126/><D33/><U44/><E44/><V89/><F37/><W45/><G45/><T95/><D107/><U110/><E110/><V111/><F111/><W124/><G3/><T113/><D113/><U54/><E98/><V109/><F109/><W52/><G124/><N who="0" m="47659" /><D108/><U56/><E67/><V10/><F99/><W100/><G105/><T81/><D12/><U48/><REACH who="1" step="1"/><E50/><REACH who="1" ten="250,240,250,250" step="2"/><N who="2" m="28887" /><F89/><AGARI ba="0,1" hai="14,16,22,25,27,47,48,54,56,63,65,89,94,96" machi="89" ten="30,8000,1" yaku="1,1,7,1,8,1,52,1,54,1,53,0" doraHai="49" doraHaiUra="73" who="1" fromWho="2" sc="250,0,240,90,250,-80,250,0" /><INIT seed="1,0,0,0,2,87" ten="250,330,170,250" oya="1" hai0="121,98,32,74,117,110,80,96,24,30,33,0,28" hai1="73,92,86,114,107,101,85,14,103,113,63,127,55" hai2="133,58,56,60,126,62,10,51,61,69,94,76,8" hai3="40,27,52,131,48,112,4,93,13,23,105,66,29"/><U1/><E1/><V35/><F35/><W109/><G105/><T102/><D117/><U45/><E127/><V39/><F39/><W38/><G112/><T125/><D0/><U118/><E118/><V59/><F69/><W108/><G131/><T128/><D128/><U81/><E107/><V54/><F126/><W77/><G66/><T124/><D110/><N who="3" m="42601" /><G77/><N who="0" m="44087" /><D98/><U134/><E134/><V115/><F133/><W25/><G25/><N who="0" m="18447" /><D121/><U20/><E73/><V43/><F43/><W21/><G93/><T57/><D57/><U11/><E20/><V64/><F115/><W119/><G119/><T135/><D135/><U78/><E114/><V82/><F94/><W104/><G104/><T116/><D116/><U106/><E106/><AGARI ba="0,0" hai="24,30,33,96,102,106,124,125" m="18447,44087" machi="106" ten="30,1000,0" yaku="23,1" doraHai="87" who="0" fromWho="1" sc="250,10,330,-10,170,0,250,0" /><INIT seed="2,0,0,3,3,45" ten="260,320,170,250" oya="2" hai0="6,13,16,78,7,127,134,8,59,20,41,110,97" hai1="126,104,26,102,85,63,23,119,68,117,37,108,64" hai2="109,50,123,77,135,28,67,58,93,111,79,57,125" hai3="2,14,101,51,91,130,131,46,98,116,52,84,114"/><V86/><F123/><W83/><G2/><T3/><D110/><N who="2" m="41994" /><F28/><W81/><G116/><T72/><D127/><U24/><E108/><V17/><F125/><W70/><G70/><T90/><D134/><U118/><E126/><V5/><F135/><W76/><G114/><T89/><D41/><U40/><E104/><V15/><F5/><W29/><G29/><T94/><D7/><U9/><E102/><V55/><F67/><W60/><G60/><T99/><D78/><U105/><E105/><V42/><F42/><W30/><G30/><T120/><D72/><U0/><E85/><V43/><F43/><W115/><G115/><T34/><D34/><U36/><E40/><V27/><F27/><W22/><G22/><T39/><D39/><U73/><E73/><V124/><F58/><W33/><G14/><T112/><D120/><U88/><E24/><V82/><F124/><W71/><G71/><T53/><D112/><U38/><E9/><N who="2" m="6383" /><F93/><W4/><G4/><T103/><REACH who="0" step="1"/><D99/><REACH who="0" ten="250,320,170,250" step="2"/><U1/><E1/><V106/><F106/><W35/><G33/><T66/><D66/><U18/><E0/><V47/><F57/><W92/><REACH who="3" step="1"/><G35/><REACH who="3" ten="250,320,170,240" step="2"/><T87/><D87/><AGARI ba="0,2" hai="46,51,52,76,81,83,84,87,91,92,98,101,130,131" machi="87" ten="40,8000,1" yaku="1,1,2,1,52,1,54,1,53,1" doraHai="45" doraHaiUra="75" who="3" fromWho="0" sc="250,-80,320,0,170,0,240,100" /><INIT seed="3,0,0,0,1,8" ten="170,320,170,340" oya="3" hai0="7,116,118,61,43,39,125,110,46,96,29,83,24" hai1="0,22,76,73,129,36,105,52,107,80,104,120,85" hai2="74,135,53,3,68,124,44,38,48,103,50,1,84" hai3="26,35,91,31,64,79,121,94,58,71,30,93,106"/><W98/><G121/><T111/><D125/><U18/><E120/><V99/><F74/><W19/><G79/><T17/><D7/><U65/><E129/><V78/><F38/><W32/><G19/><T10/><D10/><U128/><E128/><V34/><F34/><W21/><G94/><T115/><D17/><U70/><E36/><V114/><F114/><W88/><G91/><T13/><D13/><U108/><E108/><N who="0" m="41513" /><D115/><U15/><E0/><V40/><F68/><W42/><G71/><T33/><D61/><U90/><E52/><V45/><F135/><W9/><G42/><T101/><D83/><U55/><E55/><V133/><F124/><W77/><G77/><T57/><D57/><U119/><E119/><V63/><F63/><N who="3" m="38007" /><G106/><AGARI ba="0,0" hai="24,29,33,39,43,46,96,101,106,116,118" m="41513" machi="106" ten="30,2000,0" yaku="14,1,23,1" doraHai="8" who="0" fromWho="3" sc="170,20,320,0,170,0,340,-20" owari="190,-21.0,320,42.0,170,-33.0,320,12.0" /></mjloggm>