<mjloggm ver="2.3"><GO type="225" lobby="0"/><UN n0="%33%74%72%65%65" n1="%E5%80%89%E6%A9%8B%EF%BC%A0%E4%BA%8B%E5%8B%99" n2="%73%6C%69%63%6B%33%31%39" n3="%E3%83%AB%E3%83%9B%E3%83%B3%E3%83%87%E3%82%A3%E3%82%A8" dan="17,16,17,17" rate="2231.24,2142.04,2205.90,2168.36" sx="F,M,M,M"/><TAIKYOKU oya="0"/><INIT seed="0,0,0,2,0,59" ten="250,250,250,250" oya="0" hai0="29,50,7,67,91,90,124,63,103,86,118,20,49" hai1="36,6,64,35,93,98,52,120,83,11,89,71,41" hai2="18,14,31,76,26,19,79,122,94,101,1,27,73" hai3="128,80,13,53,135,34,17,25,78,117,75,116,54"/><T37/><D118/><U110/><E120/><V61/><F122/><W119/><G135/><T100/><D37/><U38/><E35/><V8/><F1/><W109/><G109/><T70/><D124/><U10/><E110/><V85/><F73/><W21/><G128/><T97/><D7/><U40/><E83/><V74/><F74/><W58/><G34/><T88/><D86/><U131/><E131/><V42/><F42/><W62/><G25/><T22/><D100/><U133/><E133/><V123/><F123/><W107/><G107/><T51/><REACH who="0" step="1"/><D29/><REACH who="0" ten="240,250,250,250" step="2"/><U125/><E125/><V24/><F31/><W0/><G0/><T108/><D108/><U66/><E6/><V65/><F19/><W126/><G126/><T55/><D55/><U5/><E52/><V129/><F129/><W130/><G130/><T134/><D134/><U15/><E36/><V72/><F72/><W4/><G4/><T106/><AGARI ba="0,1" hai="20,22,49,50,51,63,67,70,88,90,91,97,103,106" machi="106" ten="30,12000,1" yaku="1,1,0,1,52,1,54,1,53,1" doraHai="59" doraHaiUra="57" who="0" fromWho="0" sc="240,130,250,-40,250,-40,250,-40" /><INIT seed="0,1,0,0,0,50" ten="370,210,210,210" oya="0" hai0="89,20,91,59,78,24,35,72,108,133,96,97,120" hai1="125,116,118,131,68,81,45,104,111,112,95,15,93" hai2="88,10,80,132,49,76,69,110,130,47,44,65,27" hai3="62,1,79,32,99,40,6,135,87,90,85,60,127"/><T67/><D120/><U92/><E68/><V8/><F110/><W21/><G32/><T0/><D0/><U61/><E104/><V53/><F130/><W13/><G1/><T109/><D35/><U56/><E131/><V18/><F132/><W129/><G127/><T123/><D123/><U36/><E111/><N who="0" m="42569" /><D133/><U22/><E125/><V19/><F69/><W128/><G135/><T94/><D78/><U82/><E112/><V114/><F65/><W106/><G40/><T117/><D72/><U11/><E22/><N who="2" m="13783" /><F76/><W83/><G128/><T57/><D117/><U102/><E102/><V64/><F64/><W86/><G106/><T51/><D51/><U103/><E103/><V31/><F31/><W17/><G6/><T33/><D33/><U121/><E121/><V14/><F114/><W28/><G28/><N who="0" m="17415" /><D67/><U48/><E36/><V55/><F8/><W105/><G105/><T34/><D34/><U29/><E29/><V98/><F44/><W122/><G122/><T2/><D2/><U26/><E118/><V9/><F10/><W66/><G129/><T7/><D7/><N who="1" m="3583" /><E116/><V75/><F75/><W101/><G101/><T73/><D73/><U30/><E30/><V58/><F9/><W4/><G4/><T126/><D126/><U84/><E26/><V70/><F14/><W37/><G37/><T115/><D115/><U43/><E84/><N who="3" m="32362" /><G66/><AGARI ba="1,0" hai="43,45,48,56,61,66,81,82,92,93,95" m="3583" machi="66" ten="30,1000,0" yaku="8,1" doraHai="50" who="1" fromWho="3" sc="370,0,210,13,210,0,210,-13" /><INIT seed="1,0,0,5,3,94" ten="370,223,210,197" oya="1" hai0="131,25,101,113,33,37,30,107,49,110,40,87,127" hai1="85,71,29,51,41,108,42,20,1,121,99,74,135" hai2="84,83,26,112,63,78,79,106,65,72,70,34,54" hai3="44,52,14,95,119,64,13,109,97,118,53,105,36"/><U126/><E74/><V96/><F54/><N who="3" m="21099" /><G105/><T8/><D131/><U57/><E71/><V43/><F43/><N who="3" m="22631" /><G64/><T4/><D110/><U46/><E1/><V93/><F112/><W31/><G31/><T67/><D127/><U7/><E41/><V12/><F12/><W0/><G0/><T128/><D128/><U28/><E121/><V111/><F111/><W68/><G68/><T39/><D67/><U48/><E28/><N who="2" m="19735" /><F93/><W81/><G81/><T89/><D113/><U123/><E29/><V122/><F122/><W27/><G27/><T73/><D73/><U92/><E92/><V104/><F104/><W17/><G17/><T3/><D107/><U15/><E123/><V50/><F50/><W76/><G76/><T80/><D101/><U98/><E51/><V19/><F19/><W77/><G77/><T23/><D33/><U22/><E48/><V124/><F124/><W100/><G109/><T9/><D9/><U60/><E126/><V58/><F58/><W59/><G59/><T88/><D89/><U134/><E57/><V116/><F116/><AGARI ba="0,0" hai="13,14,95,97,100,116,118,119" m="22631,21099" machi="116" ten="30,3900,0" yaku="12,1,52,1,54,1" doraHai="94" who="3" fromWho="2" sc="370,0,223,0,210,-39,197,39" /><INIT seed="2,0,0,1,5,135" ten="370,223,171,236" oya="2" hai0="79,46,93,111,58,98,134,94,43,62,22,120,64" hai1="12,5,59,100,21,85,116,131,102,75,91,38,124" hai2="37,40,50,63,92,52,49,125,68,103,119,115,110" hai3="128,107,29,97,126,106,99,88,42,69,65,86,133"/><V3/><F3/><W8/><G42/><T127/><D127/><U25/><E38/><V74/><F74/><W41/><G41/><T66/><D111/><U113/><E75/><V47/><F103/><N who="3" m="62831" /><G8/><T95/><D134/><U121/><E116/><V96/><F119/><W70/><G29/><T117/><D120/><U82/><E113/><V20/><F115/><W55/><G55/><T32/><D32/><U90/><E131/><V24/><F125/><W51/><G51/><N who="0" m="27103" /><D79/><U132/><E132/><V33/><F33/><W15/><G15/><T39/><D39/><U57/><E121/><V56/><F110/><W80/><G65/><N who="0" m="25195" /><D22/><U101/><E124/><V83/><F83/><N who="3" m="49247" /><G69/><T27/><D27/><U112/><E112/><V71/><F68/><W23/><G23/><T104/><D104/><U118/><E118/><V16/><REACH who="2" step="1"/><F71/><REACH who="2" ten="370,223,161,236" step="2"/><W35/><G80/><T114/><D114/><U76/><E102/><V123/><F123/><W19/><G35/><T130/><D117/><U78/><E101/><V0/><F0/><W26/><G70/><T61/><D130/><U53/><E100/><V9/><F9/><W108/><G108/><T67/><D98/><U1/><E1/><V14/><F14/><W109/><G109/><T81/><D81/><U84/><E82/><V122/><F122/><W18/><G126/><T11/><D11/><U6/><E12/><V48/><F48/><W87/><G128/><T105/><D105/><U72/><E72/><V54/><F54/><W30/><G133/><T36/><D36/><U34/><E53/><V73/><F73/><W4/><G107/><RYUUKYOKU ba="0,1" sc="370,15,223,-15,161,15,236,-15" hai0="58,61,62,67,93,94,95" hai2="16,20,24,37,40,47,49,50,52,56,63,92,96" /><INIT seed="2,1,1,4,2,115" ten="385,208,176,221" oya="2" hai0="17,76,7,114,88,39,59,16,46,13,23,57,65" hai1="52,26,62,91,29,127,34,95,50,122,104,49,81" hai2="33,4,129,112,36,123,108,133,117,103,109,79,22" hai3="56,12,75,74,31,6,106,70,119,125,18,8,128"/><V97/><F112/><W0/><G70/><T24/><D114/><U2/><E104/><V37/><F123/><W53/><G106/><T90/><D76/><U92/><E2/><V21/><F33/><W72/><G125/><T20/><D7/><U32/><E127/><V51/><F129/><W82/><G128/><T94/><D65/><U132/><E132/><V40/><F4/><W30/><G82/><T121/><D121/><U5/><E34/><V11/><F11/><W120/><G120/><T100/><D100/><U1/><E122/><V107/><F79/><W116/><G18/><T89/><D39/><N who="2" m="14922" /><F133/><W96/><G96/><N who="0" m="57415" /><D46/><U130/><E130/><V28/><F28/><W10/><G10/><T61/><D61/><U67/><E81/><V43/><F117/><W15/><G15/><T93/><D90/><U42/><E95/><V85/><F85/><AGARI ba="1,1" hai="13,16,17,20,23,24,57,59,85,89,93" m="57415" machi="85" ten="30,3900,0" yaku="8,1,54,2" doraHai="115" who="0" fromWho="2" sc="385,52,208,0,176,-42,221,0" /><INIT seed="3,0,0,2,2,18" ten="437,208,134,221" oya="3" hai0="0,54,43,32,92,23,58,135,56,79,71,53,9" hai1="84,68,28,97,89,121,42,52,74,91,64,65,114" hai2="15,106,116,30,25,82,117,60,48,99,67,19,88" hai3="104,115,73,131,44,98,61,130,127,129,103,72,126"/><W107/><G44/><T111/><D32/><U6/><E74/><N who="3" m="28778" /><G61/><T31/><D58/><U81/><E121/><V4/><F4/><W2/><G2/><T62/><D56/><U55/><E114/><V94/><F48/><W40/><G40/><T87/><D54/><N who="1" m="20523" /><E68/><V24/><F106/><N who="3" m="63863" /><G115/><T128/><D9/><U49/><E28/><V119/><F82/><W102/><G102/><T78/><D62/><U85/><E97/><V33/><F25/><W93/><G93/><T77/><D92/><N who="1" m="54311" /><E6/><V118/><N who="2" m="29696" /><DORA hai="101" /><V59/><F15/><W120/><G120/><T37/><D53/><U22/><E22/><V134/><REACH who="2" step="1"/><F19/><REACH who="2" ten="437,208,124,221" step="2"/><W105/><AGARI ba="0,1" hai="104,105,107,126,127,129,130,131" m="63863,28778" machi="105" ten="50,24000,3" yaku="19,1,23,1,34,2,52,4" doraHai="18,101" who="3" fromWho="3" sc="437,-80,208,-80,124,-80,221,250" owari="357,15.7,128,-27.2,44,-45.6,471,57.1" /></mjloggm>