<mjloggm ver="2.3"><GO type="225" lobby="0"/><UN n0="%54%4F%52" n1="%E5%80%89%E6%A9%8B%EF%BC%A0%E4%BA%8B%E5%8B%99" n2="%E3%81%B2%E3%81%AA%E3%81%AE%E3%82%8A%E3%81%8F" n3="%73%6C%69%63%6B%33%31%39" dan="17,16,16,17" rate="2260.17,2087.96,2135.66,2168.33" sx="M,M,M,M"/><TAIKYOKU oya="0"/><INIT seed="0,0,0,4,5,88" ten="250,250,250,250" oya="0" hai0="124,13,69,134,30,46,74,48,43,62,54,76,1" hai1="94,71,126,78,50,127,47,102,67,37,106,109,119" hai2="32,34,100,96,133,90,25,91,115,112,104,97,6" hai3="72,80,111,128,135,68,121,114,75,8,23,36,81"/><T101/><D1/><U27/><E119/><V16/><F6/><W118/><RYUUKYOKU type="yao9" ba="0,0" sc="250,0,250,0,250,0,250,0" hai3="8,23,36,68,72,75,80,81,111,114,118,121,128,135" /><INIT seed="0,1,0,2,0,10" ten="250,250,250,250" oya="0" hai0="127,3,124,118,81,51,73,89,64,19,85,74,76" hai1="46,58,35,123,67,98,41,59,23,72,116,4,42" hai2="20,15,26,101,110,78,13,105,122,103,28,56,61" hai3="94,54,1,96,70,2,106,109,9,21,11,107,97"/><T31/><D118/><U18/><E35/><V87/><F122/><W57/><G70/><T52/><D3/><U12/><E116/><V131/><F110/><W114/><G114/><T117/><D117/><U38/><E123/><V25/><F131/><W113/><G113/><T49/><D31/><U130/><E72/><V93/><F105/><W27/><G109/><T108/><D108/><U43/><E130/><V16/><F78/><W37/><G37/><T60/><D19/><U90/><E4/><V121/><F121/><W120/><G120/><T92/><D73/><U99/><E99/><N who="2" m="59631" /><F87/><W39/><G39/><T63/><D49/><U5/><E5/><V86/><F86/><W0/><G107/><T34/><D34/><U44/><E38/><V8/><F8/><W135/><G106/><T111/><D111/><U14/><E14/><N who="2" m="5131" /><F103/><W88/><G96/><T100/><D100/><U132/><E132/><V115/><F115/><W47/><G135/><T79/><D79/><U80/><E80/><V32/><F32/><W68/><G68/><T84/><D74/><U24/><E24/><N who="2" m="14343" /><F28/><N who="3" m="17519" /><G9/><T30/><D30/><U50/><E90/><V91/><F91/><W62/><G11/><T125/><REACH who="0" step="1"/><D64/><AGARI ba="1,0" hai="25,26,56,61,64" m="14343,5131,59631" machi="64" ten="30,8000,1" yaku="8,1,52,3,54,1" doraHai="10" who="2" fromWho="0" sc="250,-83,250,0,250,83,250,0" /><INIT seed="1,0,0,5,4,110" ten="167,250,333,250" oya="1" hai0="83,126,55,105,70,27,115,73,124,119,33,40,90" hai1="36,67,69,76,0,118,47,66,84,99,58,38,86" hai2="116,91,21,120,89,88,28,75,4,114,108,59,56" hai3="117,71,65,37,17,135,44,72,109,15,10,94,111"/><U62/><E0/><V131/><F116/><W12/><G72/><T43/><D119/><U82/><E118/><V130/><F108/><N who="3" m="41547" /><G117/><T1/><D1/><U42/><E99/><V16/><F75/><W74/><G74/><T22/><D105/><U2/><E2/><V35/><F120/><W102/><G135/><T25/><D70/><U3/><E3/><V14/><F4/><W8/><G65/><T30/><D55/><U93/><E36/><V57/><REACH who="2" step="1"/><F114/><REACH who="2" ten="167,250,323,250" step="2"/><W48/><G71/><T45/><D115/><U5/><E5/><V100/><F100/><W85/><G37/><T106/><D73/><U107/><E69/><V31/><F31/><W24/><G24/><AGARI ba="0,1" hai="14,16,21,24,28,35,56,57,59,88,89,91,130,131" machi="24" ten="50,6400,0" yaku="1,1,54,2,53,0" doraHai="110" doraHaiUra="50" who="2" fromWho="3" sc="167,0,250,0,323,74,250,-64" /><INIT seed="2,0,0,4,2,134" ten="167,250,397,186" oya="2" hai0="45,114,19,91,87,8,133,9,12,33,76,97,108" hai1="75,32,119,20,21,29,46,16,72,127,3,116,81" hai2="135,65,77,68,30,70,44,54,88,105,130,101,61" hai3="122,2,36,84,83,7,62,90,69,107,41,58,60"/><V117/><F117/><N who="1" m="45129" /><E46/><V34/><F77/><W53/><G122/><T132/><D114/><U123/><E81/><V129/><F70/><W64/><G107/><T37/><D108/><U52/><E52/><V55/><F135/><N who="0" m="51786" /><D33/><U67/><E67/><V120/><F120/><W26/><G26/><T79/><D97/><U85/><E85/><V39/><F101/><W131/><G131/><N who="2" m="50185" /><F105/><W18/><G18/><T111/><D111/><U100/><E100/><V106/><F106/><W11/><G41/><N who="0" m="22703" /><D8/><U103/><E103/><V95/><F30/><W96/><G36/><T38/><D38/><U121/><E72/><V92/><F92/><AGARI ba="0,0" hai="9,12,19,76,79,87,91,92" m="22703,51786" machi="92" ten="30,1000,0" yaku="20,1" doraHai="134" who="0" fromWho="2" sc="167,10,250,0,397,-10,186,0" /><INIT seed="3,0,0,2,2,129" ten="177,250,387,186" oya="3" hai0="107,80,29,63,47,130,99,116,108,61,16,118,25" hai1="35,60,45,42,82,121,125,110,100,111,77,89,123" hai2="27,5,117,43,55,51,115,127,69,37,124,59,38" hai3="2,52,81,4,40,13,78,21,74,33,134,22,41"/><W79/><G33/><T32/><D130/><U87/><E35/><V91/><F69/><W96/><G2/><T1/><D1/><U8/><E100/><V34/><F5/><W57/><G134/><T132/><D132/><U10/><E125/><N who="2" m="48203" /><F43/><N who="3" m="16459" /><G74/><T109/><D47/><U94/><E60/><N who="0" m="23113" /><D16/><U104/><E104/><V24/><F115/><W92/><G4/><T70/><D70/><U46/><E8/><V58/><F117/><W103/><G13/><T71/><D71/><U50/><E10/><V44/><F34/><W106/><G106/><T75/><D99/><N who="1" m="57807" /><E46/><V11/><F38/><W102/><G21/><T62/><N who="0" m="23121" /><T56/><DORA hai="97" /><D56/><N who="2" m="21546" /><F37/><W120/><G120/><T101/><D101/><U12/><E12/><V98/><F11/><W135/><G135/><T15/><D107/><U84/><E84/><V131/><F131/><W119/><G119/><T0/><D15/><U64/><E64/><V85/><F98/><W17/><G103/><T49/><D0/><U53/><E42/><V7/><F7/><W28/><G81/><AGARI ba="0,0" hai="24,27,44,51,55,81,85,91" m="21546,48203" machi="81" ten="30,1000,0" yaku="18,1" doraHai="129,97" who="2" fromWho="3" sc="177,0,250,0,387,10,186,-10" owari="177,-22.3,250,5.0,397,49.7,176,-32.4" /></mjloggm>