<mjloggm ver="2.3"><GO type="225" lobby="0"/><UN n0="%E3%81%B5%E3%81%98%E3%81%8B%E3%81%A4" n1="%E3%81%8B%E3%82%8F%E3%81%A1%E3%82%83%E3%82%93%35%38" n2="%E6%B8%A9%E2%98%85%E6%83%85%E2%98%85%E6%8E%AA%E2%98%85%E7%BD%AE" n3="%E3%83%97%E3%83%92" dan="16,16,17,16" rate="2107.00,2138.58,2237.68,2174.93" sx="M,M,M,M"/><TAIKYOKU oya="0"/><INIT seed="0,0,0,1,0,30" ten="250,250,250,250" oya="0" hai0="105,117,37,104,55,4,108,107,59,6,15,19,0" hai1="12,51,62,3,96,56,132,130,9,43,21,70,60" hai2="87,17,86,109,14,122,68,126,16,131,88,91,22" hai3="85,80,74,100,26,8,18,46,98,53,32,63,33"/><T44/><D117/><U92/><E130/><V135/><F122/><W113/><G74/><T40/><D108/><U47/><E132/><V119/><F68/><W11/><G113/><T103/><D103/><U7/><E70/><V54/><F131/><W79/><G8/><T133/><D133/><U97/><E60/><V127/><F135/><W89/><G79/><T121/><D0/><U13/><E21/><V61/><F109/><W48/><G63/><T35/><D35/><U42/><E42/><V124/><F119/><W76/><G76/><T123/><D4/><U20/><E20/><V78/><F17/><W101/><G26/><T52/><D6/><U114/><E97/><V83/><F87/><W57/><G57/><AGARI ba="0,0" hai="14,16,22,54,57,61,78,83,86,88,91,124,126,127" machi="57" ten="40,5200,0" yaku="18,1,54,2" doraHai="30" who="2" fromWho="3" sc="250,0,250,0,250,52,250,-52" /><INIT seed="1,0,0,1,2,18" ten="250,250,302,198" oya="1" hai0="75,71,135,69,14,101,17,119,126,67,55,68,130" hai1="46,51,73,47,115,92,25,133,28,21,57,72,78" hai2="32,129,4,111,56,107,66,3,131,95,104,103,36" hai3="118,100,113,41,42,2,6,77,120,132,64,62,84"/><U58/><E115/><V34/><F111/><W43/><G113/><T134/><D119/><U5/><E133/><N who="0" m="50697" /><D75/><U52/><E5/><V15/><F3/><W90/><G132/><T116/><D116/><U35/><E35/><N who="2" m="13355" /><F36/><W8/><G120/><T59/><D101/><U110/><E110/><V86/><F56/><W114/><G114/><T98/><D98/><U89/><E73/><V1/><F66/><W0/><G100/><T79/><D79/><U37/><E37/><V127/><F1/><W27/><G77/><T7/><D7/><U63/><E78/><V10/><F127/><W53/><G27/><T45/><D126/><U19/><E28/><V121/><F121/><W123/><G123/><T70/><D130/><N who="2" m="49674" /><F103/><W76/><G0/><T13/><D67/><N who="1" m="39407" /><E72/><V50/><F50/><W44/><G118/><T88/><D45/><U97/><AGARI ba="0,0" hai="19,21,25,46,47,51,52,58,89,92,97" m="39407" machi="97" ten="30,6000,0" yaku="8,1,52,1,54,1" doraHai="18" who="1" fromWho="1" sc="250,-20,250,60,302,-20,198,-20" /><INIT seed="1,1,0,5,4,38" ten="230,310,282,178" oya="1" hai0="85,92,59,135,44,5,53,115,74,17,121,88,73" hai1="64,116,3,68,90,113,134,36,120,31,110,102,20" hai2="80,131,52,29,122,103,0,83,10,51,9,109,124" hai3="25,2,13,19,95,24,105,39,67,76,65,117,77"/><U82/><E20/><V62/><F122/><W42/><G105/><T97/><D115/><U81/><E31/><V46/><F109/><W35/><G2/><T60/><D135/><U86/><E64/><V28/><F131/><W55/><G117/><T112/><D112/><U111/><E68/><V45/><F124/><W70/><G55/><T49/><D121/><U26/><E26/><V106/><F106/><W98/><G35/><T72/><D5/><U54/><E54/><V123/><F123/><W30/><G76/><T94/><D17/><U27/><E27/><V12/><F103/><W89/><G77/><T22/><D22/><U93/><E3/><V84/><F0/><W47/><G70/><T21/><D21/><U96/><E36/><V4/><F10/><W40/><G40/><T100/><REACH who="0" step="1"/><D74/><REACH who="0" ten="220,310,282,178" step="2"/><U14/><E120/><V91/><F4/><W75/><G75/><T126/><D126/><U58/><E113/><V78/><F28/><W41/><G30/><T118/><D118/><U50/><E116/><V43/><F29/><W56/><G24/><T107/><D107/><N who="1" m="63943" /><E134/><V6/><F6/><W34/><G25/><T127/><D127/><U132/><E132/><V8/><F8/><W108/><G19/><T23/><D23/><U87/><E14/><V1/><F1/><W48/><G13/><T33/><D33/><U7/><E7/><V63/><F9/><W16/><G34/><T32/><D32/><U130/><E111/><V37/><F12/><W101/><G108/><T69/><D69/><U71/><E110/><V57/><F57/><W99/><G56/><RYUUKYOKU ba="1,1" sc="220,15,310,-15,282,15,178,-15" hai0="44,49,53,59,60,72,73,85,88,92,94,97,100" hai2="37,43,45,46,51,52,62,63,78,80,83,84,91" /><INIT seed="2,2,1,2,5,74" ten="235,295,297,163" oya="2" hai0="25,47,31,32,104,105,59,113,19,63,48,101,103" hai1="1,122,73,7,11,27,127,111,125,60,35,71,13" hai2="61,18,68,75,43,57,128,28,83,118,38,56,72" hai3="33,117,36,114,109,64,120,102,58,79,132,70,78"/><V12/><F118/><W26/><G117/><T97/><D113/><U16/><E73/><V0/><F0/><W52/><G120/><T20/><D103/><U76/><E76/><V15/><F68/><W46/><G114/><T86/><D86/><U119/><E119/><V5/><F128/><W95/><G109/><T123/><D123/><U6/><E122/><V98/><F28/><W62/><G132/><T99/><D99/><U41/><E41/><V30/><F30/><W45/><G33/><T66/><D105/><U22/><E111/><V50/><F38/><W81/><G26/><T82/><D82/><U116/><E116/><V37/><F37/><W110/><G110/><T10/><D10/><N who="1" m="2383" /><E60/><V42/><F98/><N who="3" m="59743" /><G81/><T88/><D88/><U115/><E71/><V54/><F75/><W55/><G36/><T51/><REACH who="0" step="1"/><D47/><REACH who="0" ten="225,295,297,163" step="2"/><N who="3" m="17929" /><G70/><T17/><D17/><U40/><E115/><V29/><F18/><W34/><G34/><T3/><D3/><N who="1" m="511" /><E40/><V135/><F43/><W49/><G64/><T106/><D106/><U84/><E84/><V94/><F42/><W21/><G21/><T91/><D91/><U126/><E35/><V24/><F72/><W121/><G121/><T53/><D53/><U8/><E126/><V107/><F54/><W44/><AGARI ba="2,2" hai="44,49,52,55,58,62,78,79" m="17929,59743" machi="44" ten="30,7900,0" yaku="8,1,52,2,54,1" doraHai="74" who="3" fromWho="3" sc="225,-22,295,-22,297,-41,163,105" /><INIT seed="3,0,0,3,0,113" ten="203,273,256,268" oya="3" hai0="104,70,106,9,126,86,44,88,60,101,111,123,115" hai1="46,19,121,56,27,37,77,78,34,63,112,21,3" hai2="51,117,105,40,48,13,92,93,71,95,80,114,103" hai3="59,52,118,61,53,36,5,25,128,68,83,119,54"/><W85/><G36/><T127/><D123/><U50/><E112/><V16/><F114/><W17/><G68/><T73/><D115/><U35/><E121/><V66/><F117/><W28/><G5/><T90/><D73/><U79/><E3/><V65/><F105/><W116/><G17/><T74/><D74/><U87/><E37/><V6/><F6/><W91/><REACH who="3" step="1"/><G128/><REACH who="3" ten="203,273,256,258" step="2"/><T133/><D70/><U124/><E124/><N who="0" m="47657" /><D133/><U0/><E0/><V129/><F129/><W72/><G72/><T42/><D111/><U130/><E130/><V33/><F71/><W81/><G81/><N who="0" m="49231" /><D101/><U57/><E19/><V131/><F103/><W134/><G134/><T2/><D90/><U43/><E78/><V47/><F131/><W100/><G100/><T24/><D60/><U38/><E79/><V20/><F80/><W96/><G96/><T69/><D69/><U18/><E77/><V67/><REACH who="2" step="1"/><F33/><AGARI ba="0,1" hai="25,28,33,52,53,54,59,61,83,85,91,116,118,119" machi="33" ten="40,12000,1" yaku="1,1,52,3,54,1,53,0" doraHai="113" doraHaiUra="39" who="3" fromWho="2" sc="203,0,273,0,256,-120,258,130" owari="203,-19.7,273,7.3,136,-36.4,388,48.8" /></mjloggm>