<mjloggm ver="2.3"><GO type="225" lobby="0"/><UN n0="%E5%A4%9C%E5%85%89%E5%A4%A9%E6%A5%BC" n1="%E3%82%A2%E3%83%BC%E3%83%A2%E3%83%AD%E3%83%BC%E3%83%B4%E3%82%A1" n2="%E8%B6%85%E7%B4%9A%E9%B3%B3%E5%87%B0" n3="%E3%83%81%E3%83%AF%E3%83%AF%E9%9A%8A%E9%95%B7" dan="17,16,17,16" rate="2158.69,2094.33,2156.41,2087.90" sx="F,M,F,M"/><TAIKYOKU oya="0"/><INIT seed="0,0,0,5,4,80" ten="250,250,250,250" oya="0" hai0="40,21,24,88,117,17,101,4,91,90,118,105,43" hai1="128,120,127,56,103,55,98,53,3,87,60,58,132" hai2="64,65,123,0,18,1,30,20,108,94,99,112,66" hai3="11,52,72,28,93,85,111,46,82,71,23,126,15"/><T25/><D4/><U75/><E120/><V57/><F123/><W45/><G71/><T51/><D105/><U14/><E75/><V6/><F112/><W102/><G126/><T119/><D101/><U68/><E3/><V81/><F108/><W44/><G111/><T135/><D135/><U97/><E127/><V9/><F81/><W83/><G72/><T113/><D113/><U63/><E128/><V86/><F0/><W41/><G41/><T13/><D51/><U69/><E132/><V79/><F30/><W116/><G116/><T31/><REACH who="0" step="1"/><D25/><REACH who="0" ten="240,250,250,250" step="2"/><U92/><E14/><V74/><F6/><W38/><G38/><T26/><D26/><U34/><E34/><AGARI ba="0,1" hai="13,17,21,24,31,34,40,43,88,90,91,117,118,119" machi="34" ten="50,4800,0" yaku="1,1,54,1,53,0" doraHai="80" doraHaiUra="42" who="0" fromWho="1" sc="240,58,250,-48,250,0,250,0" /><INIT seed="0,1,0,3,0,127" ten="298,202,250,250" oya="0" hai0="76,35,53,103,91,38,104,128,68,131,58,72,3" hai1="61,86,41,37,50,12,122,106,135,110,70,19,9" hai2="133,27,16,39,17,83,13,2,36,77,100,129,43" hai3="34,1,96,4,107,99,56,54,51,29,18,60,95"/><T125/><D125/><U123/><E106/><V79/><F2/><W101/><G1/><T130/><D3/><U23/><E37/><V114/><F114/><W63/><G4/><T15/><D35/><U52/><E110/><V62/><F133/><W8/><G29/><T55/><D38/><U10/><E135/><V26/><F129/><W48/><G34/><T88/><D68/><U93/><E41/><V59/><F43/><W67/><G8/><N who="1" m="3178" /><E70/><V42/><F42/><W69/><REACH who="3" step="1"/><G18/><REACH who="3" ten="298,202,250,240" step="2"/><T44/><D128/><U124/><E124/><V94/><F16/><W64/><G64/><T30/><D30/><U78/><E122/><V49/><F17/><W21/><G21/><T73/><D15/><U57/><E123/><V5/><F13/><W46/><G46/><T75/><D44/><U120/><E120/><V87/><F5/><W74/><G74/><T14/><D14/><U117/><E117/><V28/><F28/><W81/><G81/><T24/><D73/><U7/><E7/><V98/><F83/><W115/><G115/><T113/><D113/><U20/><E20/><V31/><F31/><W85/><G85/><T116/><D116/><U80/><E93/><V25/><F87/><W71/><G71/><T66/><D131/><U109/><E109/><V40/><F39/><W121/><G121/><T118/><D118/><U126/><E126/><V11/><F36/><W65/><G65/><T6/><D130/><U105/><E105/><V102/><F11/><W22/><G22/><T32/><D104/><U108/><E108/><V132/><F132/><W33/><G33/><RYUUKYOKU ba="1,1" sc="298,-15,202,15,250,-15,240,15" hai1="12,19,23,50,52,57,61,78,80,86" hai3="48,51,54,56,60,63,67,69,95,96,99,101,107" /><INIT seed="1,2,1,4,4,15" ten="283,217,235,255" oya="1" hai0="112,93,80,71,58,29,36,46,26,12,76,79,70" hai1="27,54,75,3,131,7,10,25,102,123,57,65,63" hai2="39,9,22,13,98,84,87,5,16,126,28,83,133" hai3="4,72,61,134,74,85,23,88,47,69,60,19,73"/><U100/><E123/><V108/><F39/><W90/><G134/><T50/><D36/><U92/><E131/><V113/><F133/><W118/><G118/><T0/><D0/><U64/><E75/><V6/><F108/><W107/><G107/><T122/><D122/><U130/><E130/><V34/><F126/><W43/><G4/><T101/><D58/><U86/><E100/><V49/><F113/><W94/><G69/><T45/><D45/><U82/><E92/><V121/><F121/><W117/><G90/><T78/><D80/><U32/><E102/><V33/><F98/><W38/><REACH who="3" step="1"/><G117/><REACH who="3" ten="283,217,235,245" step="2"/><T37/><D70/><U48/><E32/><V31/><F5/><W97/><G97/><N who="0" m="59567" /><D71/><U11/><E11/><V96/><F33/><W24/><AGARI ba="2,2" hai="19,23,24,38,43,47,60,61,72,73,74,85,88,94" machi="24" ten="30,7900,0" yaku="1,1,0,1,52,1,54,1,53,0" doraHai="15" doraHaiUra="67" who="3" fromWho="3" sc="283,-22,217,-41,235,-22,245,105" /><INIT seed="2,0,0,1,0,102" ten="261,176,213,350" oya="2" hai0="27,85,120,48,117,75,9,26,50,90,112,40,62" hai1="24,23,104,17,121,11,19,12,63,70,33,67,127" hai2="28,132,4,131,99,87,126,49,74,72,113,125,92" hai3="34,84,31,7,78,38,69,118,1,91,73,93,2"/><V6/><F113/><W45/><G69/><T80/><D120/><U22/><E127/><N who="2" m="48651" /><F131/><W89/><G118/><T43/><D112/><U97/><E121/><V32/><F132/><W8/><G1/><T16/><D75/><N who="2" m="28714" /><F87/><W60/><G60/><T110/><D62/><U106/><E33/><V135/><F135/><W66/><G66/><T98/><D117/><U5/><REACH who="1" step="1"/><E97/><REACH who="1" ten="261,166,213,350" step="2"/><V58/><F32/><W15/><G34/><T51/><D98/><U128/><E128/><V105/><F99/><W129/><G129/><T13/><D110/><U124/><E124/><V130/><F130/><W47/><G73/><T0/><D0/><AGARI ba="0,1" hai="0,5,11,12,17,19,22,23,24,63,67,70,104,106" machi="0" ten="30,7700,0" yaku="1,1,7,1,52,2,53,0" doraHai="102" doraHaiUra="123" who="1" fromWho="0" sc="261,-77,166,87,213,0,350,0" /><INIT seed="3,0,0,4,0,55" ten="184,253,213,350" oya="3" hai0="126,72,133,119,59,31,90,79,74,58,69,26,3" hai1="42,82,75,95,37,7,135,96,114,67,86,8,71" hai2="32,11,18,68,128,83,44,110,40,80,14,122,104" hai3="115,89,103,130,35,54,105,16,15,9,21,25,94"/><W43/><G35/><T5/><D119/><U52/><E114/><V91/><F104/><W33/><G33/><T124/><D69/><U41/><E135/><V100/><F32/><W127/><G115/><T17/><D133/><U45/><E75/><N who="0" m="28713" /><D79/><U46/><E71/><V63/><F110/><W30/><G130/><T88/><D17/><U23/><E67/><V106/><F128/><W50/><G127/><N who="0" m="48683" /><D5/><U77/><E23/><V98/><F122/><W85/><G43/><T108/><D3/><U78/><E78/><V13/><F91/><N who="0" m="34858" /><D108/><U39/><E7/><V129/><F129/><W29/><G16/><T2/><D2/><U49/><E8/><V99/><F99/><W34/><G29/><T109/><D109/><U125/><E125/><V10/><F68/><W57/><G30/><T36/><D36/><U60/><E96/><V65/><F11/><W47/><G9/><T19/><D19/><U48/><E95/><V101/><F13/><W121/><G15/><T27/><D31/><U62/><E37/><V0/><F0/><W131/><G131/><T12/><D12/><U84/><E84/><V73/><F73/><W97/><G34/><T61/><D61/><U20/><E39/><N who="2" m="21535" /><F101/><W107/><G21/><T132/><D132/><U93/><E20/><V4/><F4/><W53/><G103/><T6/><D6/><U118/><E118/><V102/><F100/><W87/><G89/><T24/><AGARI ba="0,0" hai="24,26,27,58,59" m="34858,48683,28713" machi="24" ten="40,12000,2" yaku="28,2,18,1,52,2,54,1" doraHai="55" who="0" fromWho="0" sc="184,120,253,-30,213,-30,350,-60" owari="304,40.4,223,-17.7,183,-31.7,290,9.0" /></mjloggm>