<mjloggm ver="2.3"><GO type="225" lobby="0"/><UN n0="%E3%81%A8%E3%82%93%E3%81%A8%E3%81%93%E3%81%A8%E3%82%93" n1="%61%69%73%79%6F" n2="%72%69%6F%75%63%68%61%6E" n3="%6D%75%75%6D%75%72%61" dan="16,17,17,17" rate="2095.59,2243.61,2230.20,2195.83" sx="M,M,M,F"/><TAIKYOKU oya="0"/><INIT seed="0,0,0,4,0,94" ten="250,250,250,250" oya="0" hai0="99,77,93,19,41,28,73,3,102,96,78,36,63" hai1="48,133,47,22,118,123,126,11,58,34,75,76,25" hai2="37,61,81,109,97,130,10,53,106,1,54,74,108" hai3="72,32,62,2,119,52,114,71,92,101,135,27,120"/><T24/><D3/><U4/><E118/><V5/><F130/><W17/><G119/><T90/><D73/><U79/><E123/><V98/><F37/><W80/><G114/><T20/><D36/><U30/><E133/><V67/><F106/><W127/><G2/><T82/><D41/><U6/><E126/><V29/><F29/><W111/><G127/><T65/><D19/><U132/><E132/><V129/><F129/><W91/><G135/><T105/><REACH who="0" step="1"/><D82/><REACH who="0" ten="240,250,250,250" step="2"/><U26/><E75/><V131/><F131/><W13/><G72/><T33/><D33/><U46/><E34/><V87/><F74/><W7/><G80/><T70/><AGARI ba="0,1" hai="20,24,28,63,65,70,77,78,90,93,96,99,102,105" machi="70" ten="20,18000,2" yaku="1,1,0,1,7,1,52,2,53,1" doraHai="94" doraHaiUra="21" who="0" fromWho="0" sc="240,190,250,-60,250,-60,250,-60" /><INIT seed="0,1,0,3,5,33" ten="430,190,190,190" oya="0" hai0="86,91,131,66,79,51,69,36,29,53,98,54,48" hai1="12,61,99,128,116,129,72,78,85,43,47,24,108" hai2="104,35,84,67,96,5,102,55,63,17,89,130,4" hai3="37,76,121,52,75,117,88,95,126,113,44,74,111"/><T38/><D29/><U46/><E116/><V106/><F130/><N who="1" m="50281" /><E108/><V119/><F119/><W22/><G117/><T71/><D131/><U132/><E72/><V87/><F106/><W107/><G113/><T27/><D79/><U127/><E127/><V82/><F35/><W40/><G111/><T8/><D98/><U97/><E132/><V57/><F17/><W90/><G107/><T62/><D27/><U135/><E135/><V32/><F32/><W92/><G126/><T93/><D69/><U60/><E12/><V77/><REACH who="2" step="1"/><F67/><REACH who="2" ten="430,190,180,190" step="2"/><W100/><G121/><T59/><REACH who="0" step="1"/><D8/><REACH who="0" ten="420,190,180,190" step="2"/><U103/><E99/><V26/><F26/><W120/><G120/><T134/><D134/><U81/><E24/><V115/><F115/><W7/><G22/><T18/><D18/><U0/><E97/><V105/><F105/><W123/><G123/><T110/><D110/><U16/><E16/><V1/><F1/><W64/><G7/><T11/><D11/><U3/><E3/><V68/><F68/><W122/><G122/><T50/><D50/><U10/><E0/><V101/><F101/><W109/><G100/><T9/><D9/><U25/><E10/><V49/><F49/><W31/><G109/><T56/><AGARI ba="1,2" hai="36,38,48,51,53,54,56,59,62,66,71,86,91,93" machi="56" ten="20,7800,0" yaku="1,1,0,1,7,1,9,1,53,0" doraHai="33" doraHaiUra="6" who="0" fromWho="0" sc="420,101,190,-27,180,-27,190,-27" /><INIT seed="0,2,0,0,0,70" ten="521,163,153,163" oya="0" hai0="7,13,38,75,132,35,99,30,95,111,59,73,108" hai1="79,127,6,92,53,129,27,62,119,11,5,64,104" hai2="9,122,98,126,102,110,41,109,26,130,88,15,21" hai3="17,81,90,118,14,67,86,76,52,33,46,63,50"/><T48/><D132/><U72/><E104/><V8/><F126/><W113/><G118/><T133/><D133/><U36/><E119/><V105/><F130/><W134/><G134/><T94/><D35/><U43/><E129/><V115/><F115/><W124/><G124/><T10/><D30/><U19/><E127/><V83/><F122/><W68/><G33/><T54/><D95/><U25/><E72/><V107/><F105/><W121/><G113/><T16/><D7/><U2/><E79/><V42/><F8/><W0/><G0/><T89/><REACH who="0" step="1"/><D38/><REACH who="0" ten="511,163,153,163" step="2"/><U120/><E6/><V18/><F110/><AGARI ba="2,1" hai="10,13,16,48,54,59,73,75,89,94,99,108,110,111" machi="110" ten="40,12000,1" yaku="1,1,2,1,14,1,10,1,54,1,53,0" doraHai="70" doraHaiUra="80" who="0" fromWho="2" sc="511,136,163,0,153,-126,163,0" /><INIT seed="0,3,0,3,4,124" ten="647,163,27,163" oya="0" hai0="118,63,39,74,1,59,15,112,19,9,4,33,98" hai1="11,41,49,129,86,22,104,115,83,81,26,89,55" hai2="85,128,58,30,97,110,80,34,7,78,107,91,71" hai3="51,45,57,10,54,32,93,29,106,131,101,62,13"/><T126/><D112/><U105/><E129/><V36/><F71/><W79/><G131/><T72/><D118/><U84/><E115/><V117/><F128/><W130/><G130/><T66/><D126/><U3/><E41/><V46/><F117/><W38/><G106/><T73/><D39/><U25/><E25/><V134/><F110/><W75/><G38/><T35/><REACH who="0" step="1"/><D98/><REACH who="0" ten="637,163,27,163" step="2"/><U6/><E105/><V23/><F107/><W70/><G101/><T28/><D28/><U17/><E104/><V24/><F97/><W5/><G29/><T135/><D135/><U133/><E133/><V60/><F134/><W16/><G32/><T121/><D121/><U122/><E122/><V90/><F34/><W52/><G70/><T18/><D18/><U125/><E125/><V77/><F7/><W12/><G16/><T87/><D87/><U48/><E55/><V47/><F36/><W65/><G54/><T0/><D0/><U56/><E84/><V120/><F120/><W67/><G52/><T2/><D2/><U88/><E86/><V116/><F116/><W21/><G5/><T99/><D99/><U127/><E127/><V123/><F123/><W53/><G53/><T37/><D37/><U20/><E17/><V69/><F69/><W95/><G75/><T82/><D82/><U119/><E81/><V14/><F14/><W114/><G12/><T50/><D50/><U76/><E48/><V43/><F85/><W94/><G13/><T31/><D31/><U92/><E119/><V8/><F80/><W42/><G114/><T103/><D103/><U96/><E49/><RYUUKYOKU ba="3,1" sc="637,30,163,-10,27,-10,163,-10" hai0="1,4,9,15,19,33,35,59,63,66,72,73,74" /><INIT seed="0,4,1,3,3,108" ten="667,153,17,153" oya="0" hai0="52,48,33,70,112,8,106,28,126,123,104,127,7" hai1="13,30,27,45,118,98,94,114,47,99,59,44,122" hai2="68,36,111,62,5,81,35,22,66,80,69,101,135" hai3="76,29,73,9,37,42,119,129,46,11,38,23,91"/><T64/><D123/><U61/><E118/><V63/><F35/><W132/><G119/><T67/><D28/><U32/><E122/><V65/><F111/><W103/><G37/><T15/><D33/><U96/><E13/><V130/><F130/><W124/><G129/><T97/><D112/><U58/><E58/><V60/><F135/><W72/><G132/><T100/><D106/><U21/><E32/><V120/><F120/><W107/><G124/><N who="0" m="47659" /><D70/><U12/><E12/><V19/><F36/><W74/><G76/><T6/><D7/><U88/><REACH who="1" step="1"/><E114/><REACH who="1" ten="667,143,17,153" step="2"/><V51/><F5/><W53/><G73/><T92/><D104/><U105/><E105/><V128/><F128/><W2/><G72/><T18/><D6/><U93/><E93/><V85/><F68/><W16/><G74/><T57/><AGARI ba="4,2" hai="8,15,18,48,52,57,64,67,92,97,100" m="47659" machi="57" ten="30,3000,0" yaku="18,1,54,1" doraHai="108" who="0" fromWho="0" sc="667,62,143,-14,17,-14,153,-14" /><INIT seed="0,5,0,0,4,47" ten="729,129,3,139" oya="0" hai0="73,51,101,114,90,33,74,7,37,59,49,17,86" hai1="2,125,103,76,54,96,8,97,85,132,110,14,4" hai2="21,24,25,63,57,32,65,109,87,10,120,82,118" hai3="66,133,104,71,111,102,56,26,88,95,5,1,83"/><T18/><D114/><U12/><E110/><V20/><F120/><W11/><G111/><T6/><D37/><U40/><E125/><V48/><F118/><W62/><G133/><T127/><D33/><U122/><E122/><V50/><F109/><W135/><G135/><T77/><D127/><U23/><E132/><V92/><F32/><W46/><G83/><T91/><D101/><U30/><E40/><V29/><F10/><W117/><G117/><T108/><D77/><U28/><E96/><V131/><F92/><W13/><G104/><T16/><D108/><U31/><E23/><V39/><F131/><W0/><G102/><T121/><D121/><U15/><E54/><V52/><F65/><W89/><G89/><N who="0" m="33803" /><D59/><U116/><E116/><V45/><F39/><W119/><G119/><T115/><D86/><U38/><E38/><V27/><F45/><W43/><G71/><T98/><D98/><U105/><E76/><N who="2" m="46535" /><F25/><W75/><G26/><T70/><D70/><U68/><E85/><V41/><F41/><W69/><G69/><T34/><D34/><U93/><E68/><V128/><F128/><W79/><G75/><N who="0" m="28683" /><D115/><U112/><E112/><V113/><F113/><W106/><G79/><T53/><D53/><U64/><E64/><V129/><F129/><W123/><G106/><T19/><N who="0" m="4096" /><DORA hai="78" /><T44/><D44/><U35/><E35/><V67/><F67/><W22/><G123/><T55/><D55/><U100/><E100/><V36/><F36/><N who="3" m="21863" /><G22/><T9/><D9/><U81/><E105/><V94/><F94/><W60/><G60/><T84/><D84/><AGARI ba="5,0" hai="0,1,5,11,13,56,62,66,84,88,95" m="21863" machi="84" ten="30,2000,0" yaku="6,1,54,1" doraHai="47,78" who="3" fromWho="0" sc="729,-35,129,0,3,0,139,35" /><INIT seed="1,0,0,4,5,102" ten="694,129,3,174" oya="1" hai0="21,106,50,94,72,53,135,85,92,25,62,36,39" hai1="63,130,119,80,32,49,93,56,108,17,7,40,115" hai2="77,8,10,126,131,127,43,84,109,4,19,33,47" hai3="86,95,69,26,116,6,48,2,67,12,82,51,24"/><U81/><E115/><V30/><F109/><W101/><G2/><T65/><D72/><U42/><E119/><V66/><F131/><W118/><G67/><T1/><D106/><U35/><E7/><V90/><F77/><W58/><G69/><T129/><D1/><U100/><E108/><V61/><F19/><W123/><G123/><T117/><D135/><U22/><E35/><V114/><F114/><W113/><G113/><T31/><D129/><U87/><E32/><V96/><F96/><N who="3" m="59551" /><G116/><T122/><D117/><U27/><E130/><V76/><F76/><N who="3" m="46407" /><G58/><N who="0" m="37079" /><D39/><U89/><E100/><V37/><F30/><W46/><G51/><T112/><D36/><U83/><REACH who="1" step="1"/><E49/><REACH who="1" ten="694,119,3,174" step="2"/><V16/><F33/><W70/><G118/><T71/><D112/><U57/><E57/><N who="2" m="37167" /><F4/><W128/><G70/><T11/><D71/><U91/><E91/><V104/><F104/><W73/><G128/><T9/><D122/><U52/><AGARI ba="0,1" hai="17,22,27,40,42,52,56,63,80,81,83,87,89,93" machi="52" ten="30,11700,0" yaku="1,1,0,1,8,1,54,1,53,0" doraHai="102" doraHaiUra="41" who="1" fromWho="1" sc="694,-39,119,127,3,-39,174,-39" owari="655,75.5,246,4.6,-36,-53.6,135,-26.5" /></mjloggm>