<mjloggm ver="2.3"><GO type="225" lobby="0"/><UN n0="%E5%B8%86%E7%AB%8B%E5%A4%8F%E8%A1%A3" n1="%72%61%6B%33" n2="%E7%BD%AA%E5%88%91%E6%B3%95%E5%AE%9A%E4%B8%BB%E7%BE%A9" n3="%E6%A1%9C%E8%8A%B1%E9%96%83%E3%80%85" dan="16,16,16,17" rate="2114.39,2213.43,2165.54,2197.29" sx="M,M,M,M"/><TAIKYOKU oya="0"/><INIT seed="0,0,0,0,4,6" ten="250,250,250,250" oya="0" hai0="60,58,133,12,94,88,50,27,32,92,7,74,80" hai1="116,120,131,99,98,89,85,16,36,55,100,23,49" hai2="13,38,113,14,122,39,4,95,108,102,83,126,10" hai3="76,45,105,5,25,84,112,103,2,66,78,26,40"/><T93/><D133/><U0/><E116/><V81/><F122/><W9/><G112/><T91/><D32/><U86/><E120/><V34/><F113/><W33/><G66/><T97/><D27/><U127/><E36/><V106/><F34/><W119/><G119/><T129/><D129/><U135/><E131/><V51/><F106/><W41/><G41/><T118/><D50/><U87/><E135/><V90/><F108/><W43/><G40/><T69/><D69/><U37/><E37/><V15/><F126/><W57/><G57/><T75/><D118/><U111/><E0/><V132/><F132/><W31/><G84/><N who="0" m="50183" /><D75/><U61/><E111/><V59/><F39/><W114/><G26/><T130/><D74/><U52/><E127/><V35/><F35/><W30/><G30/><T17/><D7/><U54/><E49/><V101/><F38/><W64/><G64/><N who="0" m="38935" /><D130/><U65/><E89/><V18/><F51/><W8/><G114/><T71/><D71/><U46/><E46/><V21/><F59/><W44/><G44/><T42/><D42/><U73/><E73/><V62/><F62/><W48/><G105/><T47/><D47/><U67/><E61/><V104/><F104/><W96/><G5/><T109/><D109/><U63/><E63/><V128/><F128/><W28/><G2/><T134/><D134/><U124/><E124/><V117/><F117/><W3/><G3/><T19/><D19/><U72/><E72/><V22/><F15/><W77/><G31/><T1/><D1/><U11/><E65/><V125/><F125/><W53/><G43/><RYUUKYOKU ba="0,0" sc="250,15,250,-15,250,-15,250,15" hai0="12,17,91,92,93,94,97" hai3="8,9,25,28,33,45,48,53,76,77,78,96,103" /><INIT seed="0,1,0,0,5,116" ten="265,235,235,265" oya="0" hai0="120,125,59,97,96,102,50,108,93,64,81,18,52" hai1="42,110,5,47,115,91,20,24,104,16,130,109,113" hai2="62,37,35,72,103,94,40,131,36,54,74,127,26" hai3="31,122,13,53,92,84,86,83,80,58,33,60,9"/><T117/><D117/><U19/><E104/><V76/><F127/><W39/><G39/><T118/><D118/><U126/><E126/><V128/><F40/><W46/><G33/><T101/><D125/><U12/><E91/><V129/><F103/><W67/><G31/><T99/><D108/><N who="1" m="41579" /><E47/><V27/><F94/><W11/><G92/><T2/><D2/><U133/><E42/><V95/><F95/><W135/><G135/><T43/><D120/><U98/><E98/><V15/><F15/><W82/><G122/><T114/><D114/><N who="1" m="43531" /><E133/><V68/><F68/><W8/><G13/><T90/><D43/><U45/><E45/><V89/><F89/><W79/><G84/><N who="0" m="50447" /><D102/><U63/><E63/><V66/><F76/><W49/><AGARI ba="1,0" hai="8,9,11,46,49,53,58,60,67,79,80,82,83,86" machi="49" ten="30,2000,0" yaku="0,1,8,1" doraHai="116" who="3" fromWho="3" sc="265,-11,235,-6,235,-6,265,23" /><INIT seed="1,0,0,2,3,41" ten="254,229,229,288" oya="1" hai0="111,8,54,1,95,59,27,42,64,96,65,110,3" hai1="84,107,128,76,5,78,52,75,129,74,115,81,47" hai2="40,30,45,125,48,122,14,69,89,68,50,100,4" hai3="90,70,28,98,118,126,10,72,15,23,0,113,53"/><U106/><E5/><V7/><F122/><W82/><G113/><T18/><D42/><U88/><E115/><V37/><F125/><W99/><G126/><T36/><D36/><U85/><E52/><V135/><F100/><W119/><G70/><T22/><D65/><U131/><E47/><V34/><F135/><W62/><G0/><T46/><D64/><U114/><E114/><V51/><F89/><W123/><G23/><T91/><D46/><U67/><E67/><V55/><F55/><W26/><G26/><T73/><D73/><N who="1" m="27659" /><E76/><V12/><F4/><W134/><G53/><T39/><D39/><U87/><E87/><V35/><F14/><W108/><G72/><T116/><D116/><U6/><E6/><V92/><F92/><AGARI ba="0,0" hai="78,81,84,85,88,92,106,107,128,129,131" m="27659" machi="92" ten="40,12000,1" yaku="19,1,34,2,54,1" doraHai="41" who="1" fromWho="2" sc="254,0,229,120,229,-120,288,0" /><INIT seed="1,1,0,1,3,120" ten="254,349,109,288" oya="1" hai0="73,92,70,125,76,127,8,135,94,71,1,23,103" hai1="67,59,80,51,0,15,49,100,99,32,30,16,33" hai2="48,81,43,60,25,69,20,97,98,104,129,2,4" hai3="128,6,133,56,22,52,57,34,110,123,78,66,63"/><U116/><E116/><V42/><F129/><W5/><G34/><T31/><D135/><U62/><E0/><V38/><F38/><W84/><G123/><T131/><D131/><U37/><E37/><V91/><F4/><W130/><G133/><T134/><D134/><U12/><E12/><V29/><F2/><W68/><G68/><T77/><D1/><U86/><E32/><V126/><F126/><N who="0" m="48138" /><D8/><U106/><E30/><V24/><F24/><W83/><G128/><T7/><D7/><U124/><E33/><V75/><F48/><N who="3" m="30727" /><G110/><T89/><D73/><U65/><E65/><V90/><F75/><W14/><G130/><T47/><D47/><U35/><E35/><V95/><F81/><W85/><G85/><N who="0" m="52271" /><D77/><U122/><E122/><V40/><F104/><W44/><G44/><T53/><D53/><U88/><REACH who="1" step="1"/><E124/><REACH who="1" ten="254,339,109,288" step="2"/><V115/><F115/><W55/><G66/><T28/><D28/><U9/><AGARI ba="1,1" hai="9,15,16,49,51,59,62,67,80,86,88,99,100,106" machi="9" ten="20,18000,2" yaku="1,1,2,1,0,1,7,1,54,2,53,0" doraHai="120" doraHaiUra="105" who="1" fromWho="1" sc="254,-61,339,193,109,-61,288,-61" /><INIT seed="1,2,0,4,2,122" ten="193,532,48,227" oya="1" hai0="120,88,111,53,35,126,37,116,80,78,97,95,74" hai1="128,103,70,4,91,127,30,33,59,41,65,21,25" hai2="10,31,57,38,3,118,52,76,58,100,67,5,11" hai3="29,62,132,129,98,110,101,68,27,14,24,92,109"/><U45/><E127/><V77/><F118/><W44/><G132/><T2/><D116/><U104/><E128/><V130/><F130/><W105/><G129/><T1/><D120/><U64/><E59/><V125/><F125/><W56/><G68/><T23/><D35/><U123/><E123/><V84/><F38/><W16/><G44/><T93/><D126/><U87/><E4/><V106/><F31/><W20/><G105/><T63/><D37/><U94/><E33/><V99/><F11/><W79/><G79/><T107/><D107/><U42/><E70/><V9/><F10/><W47/><G47/><T28/><D111/><N who="3" m="42505" /><G29/><T51/><D63/><U34/><E42/><V73/><F73/><W66/><AGARI ba="2,0" hai="14,16,20,24,27,56,62,66,92,98,101" m="42505" machi="66" ten="30,8000,1" yaku="14,1,52,3,54,1" doraHai="122" who="3" fromWho="3" sc="193,-22,532,-42,48,-22,227,86" /><INIT seed="2,0,0,5,5,49" ten="171,490,26,313" oya="2" hai0="51,99,20,40,109,82,48,29,102,108,58,27,28" hai1="131,125,57,10,33,84,4,36,15,73,95,7,44" hai2="113,104,21,50,116,96,75,46,120,56,97,6,3" hai3="111,37,72,38,128,45,17,88,60,86,103,134,67"/><V25/><F113/><W106/><G72/><T42/><D82/><U35/><E73/><V87/><F75/><W122/><G122/><T100/><D29/><U121/><E125/><V55/><F120/><W65/><G111/><N who="0" m="42571" /><D102/><U98/><E131/><V66/><F116/><W62/><G128/><T89/><D89/><U47/><E4/><V63/><F104/><W39/><G134/><T123/><D123/><U22/><E84/><V81/><F6/><W23/><G103/><T112/><D112/><U59/><E35/><V43/><F3/><W107/><G23/><T101/><D101/><N who="1" m="60639" /><E36/><V135/><F135/><W31/><G17/><T117/><D117/><U12/><E33/><V110/><F66/><W8/><G8/><T0/><D51/><U90/><E90/><V64/><F64/><W16/><G31/><T133/><D133/><U93/><E93/><V14/><F14/><W74/><G38/><T130/><D130/><U80/><E80/><V11/><F11/><W71/><G39/><T115/><D115/><U69/><E121/><V53/><F43/><W91/><G91/><T119/><D119/><U30/><E30/><N who="2" m="17711" /><F110/><W70/><G74/><T52/><D0/><U78/><E10/><V2/><F2/><W18/><G107/><AGARI ba="0,0" hai="20,27,28,40,42,48,52,58,99,100,107" m="42571" machi="107" ten="30,3900,0" yaku="14,1,52,1,54,1" doraHai="49" who="0" fromWho="3" sc="171,39,490,0,26,0,313,-39" /><INIT seed="3,0,0,1,0,33" ten="210,490,26,274" oya="3" hai0="1,113,43,79,53,5,0,67,123,66,20,6,68" hai1="37,102,124,134,93,80,57,82,130,75,106,55,103" hai2="38,100,72,107,132,15,112,63,3,13,96,31,119" hai3="69,10,32,122,23,133,17,135,65,116,70,51,128"/><W7/><G32/><T77/><D123/><U39/><E37/><V44/><F15/><N who="3" m="9663" /><G122/><T86/><D53/><U97/><E97/><V14/><F13/><W131/><G51/><T11/><D20/><U35/><E35/><V49/><F14/><N who="3" m="5471" /><G116/><T4/><D113/><U16/><E16/><V58/><BYE who="1" /><F58/><W54/><G54/><UN n1="%72%61%6B%33" /><T90/><D43/><U22/><E39/><V126/><F119/><W121/><G121/><T125/><D125/><U27/><E55/><V92/><F49/><W40/><G40/><T87/><D11/><U52/><E52/><V25/><F126/><W60/><G70/><T28/><D28/><U2/><E124/><V84/><F38/><W42/><G42/><T109/><D109/><U36/><E22/><V46/><F46/><W64/><G64/><N who="0" m="24619" /><D90/><U18/><E57/><V19/><F107/><W45/><G45/><T71/><D87/><U34/><E36/><V114/><F84/><W95/><G95/><T41/><D86/><U59/><E59/><V89/><F44/><W61/><G61/><T50/><D50/><U98/><E93/><V110/><F63/><W117/><G117/><T91/><D91/><U29/><E34/><V101/><F92/><W24/><G65/><T12/><D12/><U129/><E106/><V62/><F62/><W76/><G60/><T94/><D94/><U104/><E104/><V108/><F114/><W48/><G48/><T105/><D105/><U8/><E8/><V99/><F112/><W26/><G69/><N who="0" m="26699" /><D41/><U115/><E115/><V120/><F120/><W88/><G88/><T9/><D9/><RYUUKYOKU ba="0,0" sc="210,30,490,-10,26,-10,274,-10" hai0="0,1,4,5,6,77,79" owari="240,-16.0,480,58.0,16,-48.4,264,6.4" /></mjloggm>