<mjloggm ver="2.3"><GO type="225" lobby="0"/><UN n0="%E4%BA%BA%E9%96%93%E3%83%81%E3%83%A3%E3%83%BC%E3%83%8F%E3%83%B3" n1="%E6%B8%A9%E2%98%85%E6%83%85%E2%98%85%E6%8E%AA%E2%98%85%E7%BD%AE" n2="%E3%81%8B%E3%82%8F%E3%81%A1%E3%82%83%E3%82%93%35%38" n3="%E5%A4%96%E5%B7%9D%E7%AB%9C%E6%88%90" dan="16,18,17,16" rate="2153.77,2177.23,2224.69,2108.54" sx="M,M,M,M"/><TAIKYOKU oya="0"/><INIT seed="0,0,0,1,2,85" ten="250,250,250,250" oya="0" hai0="104,59,79,126,110,36,40,77,52,102,91,39,24" hai1="48,99,2,10,32,129,112,83,114,124,123,97,63" hai2="9,69,55,4,50,133,117,109,135,62,96,44,130" hai3="65,68,88,58,16,61,72,21,25,92,0,74,98"/><T66/><D126/><U100/><E123/><V132/><F109/><W81/><G0/><T71/><D110/><U111/><E111/><V108/><F108/><W17/><G68/><T15/><D15/><U33/><E124/><V8/><F130/><W20/><G81/><T49/><D39/><U34/><E129/><V18/><F117/><W46/><G46/><N who="0" m="23815" /><D24/><AGARI ba="0,0" hai="16,17,20,21,24,25,58,61,65,72,74,88,92,98" machi="24" ten="30,8000,1" yaku="7,1,9,1,52,1,54,2" doraHai="85" who="3" fromWho="0" sc="250,-80,250,0,250,0,250,80" /><INIT seed="1,0,0,4,2,46" ten="170,250,250,330" oya="1" hai0="97,81,45,72,57,61,79,117,71,112,30,16,36" hai1="135,70,6,28,89,35,34,58,94,68,108,18,40" hai2="105,80,53,63,1,12,38,48,134,91,125,132,98" hai3="8,65,124,24,74,83,110,19,32,75,78,26,69"/><U114/><E114/><V27/><F1/><W129/><G110/><T23/><D112/><U113/><E113/><V86/><F38/><W122/><G122/><T109/><D109/><U123/><E108/><V67/><F125/><W43/><G124/><T50/><D117/><U54/><E123/><V126/><F126/><W60/><G129/><T39/><D30/><U127/><E127/><V100/><F27/><W3/><G43/><T4/><D4/><U88/><E135/><V73/><F12/><W14/><G3/><T90/><D71/><U56/><E40/><V95/><F63/><W106/><G106/><T33/><D33/><U84/><E6/><V104/><F67/><W31/><G26/><T62/><D90/><U11/><E28/><V21/><F21/><W55/><G55/><T116/><D97/><U41/><E41/><V85/><F85/><AGARI ba="0,0" hai="8,14,19,24,31,32,60,65,69,74,75,78,83,85" machi="85" ten="30,1000,0" yaku="7,1" doraHai="46" who="3" fromWho="2" sc="170,0,250,0,250,-10,330,10" /><INIT seed="2,0,0,2,2,82" ten="170,250,240,340" oya="2" hai0="73,131,129,11,30,23,128,63,46,6,67,3,51" hai1="76,90,110,10,74,72,50,117,115,0,133,97,7" hai2="91,127,33,53,59,134,40,65,4,42,25,43,111" hai3="109,32,116,122,57,58,18,22,124,54,15,34,114"/><V135/><F4/><W36/><G116/><T16/><D73/><U89/><E117/><V121/><F33/><W80/><G122/><T47/><D30/><U112/><E110/><V62/><F25/><W45/><G109/><T19/><D51/><U105/><E133/><N who="2" m="50699" /><F111/><W98/><G58/><T106/><D106/><U86/><E50/><N who="2" m="31159" /><F91/><N who="1" m="34825" /><E10/><V49/><F121/><W21/><G21/><T95/><D95/><U60/><E60/><V13/><F13/><W94/><G22/><T132/><D132/><U108/><E7/><V56/><F127/><W100/><G15/><T68/><REACH who="0" step="1"/><D19/><REACH who="0" ten="160,250,240,340" step="2"/><U120/><E105/><V104/><F104/><W1/><G18/><T123/><D123/><U14/><E120/><V44/><AGARI ba="0,1" hai="40,42,43,44,49,56,62,65" m="31159,50699" machi="44" ten="30,6000,0" yaku="20,1,34,2" doraHai="82" who="2" fromWho="2" sc="160,-20,250,-20,240,70,340,-20" /><INIT seed="2,1,0,0,2,91" ten="140,230,310,320" oya="2" hai0="59,85,102,45,11,53,48,34,41,77,13,109,18" hai1="32,39,114,87,73,107,15,78,61,30,71,66,0" hai2="117,1,84,93,120,49,96,20,36,65,127,17,51" hai3="74,131,6,60,113,111,119,8,4,100,122,89,44"/><V68/><F36/><W105/><G119/><T26/><D109/><U129/><E114/><V126/><BYE who="0" /><F117/><W103/><G74/><T9/><D9/><U12/><E129/><UN n0="%E4%BA%BA%E9%96%93%E3%83%81%E3%83%A3%E3%83%BC%E3%83%8F%E3%83%B3" /><V132/><F120/><W135/><G105/><T86/><D102/><U128/><E128/><V83/><F1/><W52/><G122/><T2/><D2/><U47/><E107/><V92/><F132/><W7/><G135/><T57/><D77/><U97/><E0/><V69/><F51/><W14/><G131/><T29/><REACH who="0" step="1"/><D57/><REACH who="0" ten="130,230,310,320" step="2"/><U54/><E78/><V22/><F69/><W123/><G103/><T3/><D3/><U118/><E71/><V16/><F68/><W115/><G100/><T70/><D70/><U79/><E79/><N who="2" m="46207" /><F127/><W116/><G111/><T95/><D95/><U121/><E118/><V108/><F126/><W10/><G116/><T25/><D25/><U76/><E76/><V106/><F106/><W101/><G101/><T125/><D125/><U72/><E121/><V27/><F108/><W50/><G123/><T42/><D42/><U43/><E43/><V35/><F93/><W46/><G10/><T90/><D90/><U81/><E81/><V55/><F92/><W67/><G89/><T94/><D94/><U134/><E134/><V37/><F96/><W62/><G8/><T5/><D5/><U38/><E97/><V63/><F27/><W33/><G4/><T64/><D64/><U130/><E66/><V124/><F65/><W40/><G6/><T31/><D31/><U21/><E130/><V23/><F124/><W99/><G67/><T104/><D104/><RYUUKYOKU ba="1,1" sc="130,30,230,-10,310,-10,320,-10" hai0="11,13,18,26,29,34,41,45,48,53,59,85,86" /><INIT seed="3,2,1,3,3,10" ten="160,220,300,310" oya="3" hai0="30,22,100,114,107,63,86,42,109,83,47,51,11" hai1="132,104,64,3,119,77,97,127,102,38,18,126,2" hai2="124,123,89,84,52,88,71,24,87,72,50,41,113" hai3="93,37,43,68,85,9,36,23,76,98,118,112,59"/><W108/><G112/><T61/><D109/><U133/><E119/><V82/><F113/><W54/><G118/><T70/><D114/><U62/><E38/><V111/><F72/><W12/><G68/><T106/><D100/><U27/><E77/><V32/><F71/><W101/><G108/><T8/><D106/><U6/><E18/><V105/><F105/><W15/><G37/><T21/><D107/><U79/><E27/><V1/><F1/><N who="1" m="9" /><E79/><V35/><F111/><W134/><G134/><N who="1" m="51818" /><E6/><V16/><F41/><W67/><G43/><T56/><D70/><AGARI ba="2,1" hai="62,64,70,97,102,104,126,127" m="51818,9" machi="70" ten="30,2000,0" yaku="20,1,23,1" doraHai="10" who="1" fromWho="0" sc="160,-26,220,36,300,0,310,0" owari="134,-36.6,256,-14.4,300,10.0,310,41.0" /></mjloggm>