<mjloggm ver="2.3"><GO type="225" lobby="0"/><UN n0="%72%61%6B%33" n1="%E3%81%8C%E3%81%9F" n2="%E3%81%B5%E3%81%98%E3%81%8B%E3%81%A4" n3="%E3%81%BF%E3%81%BF%E3%81%9A" dan="16,16,16,17" rate="2112.45,2137.76,2155.32,2291.51" sx="M,F,M,M"/><TAIKYOKU oya="0"/><INIT seed="0,0,0,1,3,98" ten="250,250,250,250" oya="0" hai0="23,44,52,74,57,31,10,132,123,78,26,115,13" hai1="82,116,0,51,83,118,109,38,124,9,1,46,89" hai2="25,29,6,55,2,133,71,73,48,21,130,34,30" hai3="58,50,47,114,18,27,131,28,15,81,3,85,42"/><T103/><D115/><U127/><E38/><V60/><F130/><W65/><G3/><N who="1" m="1098" /><E9/><V53/><F133/><W11/><G131/><T126/><D132/><U102/><E102/><V111/><F73/><W66/><G114/><T36/><D123/><U39/><E39/><V72/><F111/><W77/><REACH who="3" step="1"/><G58/><REACH who="3" ten="250,250,250,240" step="2"/><T92/><D57/><U112/><E112/><V101/><F2/><W45/><G45/><T33/><D44/><U117/><E46/><V96/><F71/><W37/><G37/><T113/><D36/><U128/><E128/><V41/><F41/><W135/><G135/><T134/><D134/><U107/><E116/><V49/><F72/><W4/><G4/><T99/><D113/><U86/><E118/><V16/><F6/><W40/><G40/><T14/><D74/><U110/><E117/><V67/><F34/><AGARI ba="0,1" hai="11,15,18,27,28,34,42,47,50,65,66,77,81,85" machi="34" ten="30,2000,0" yaku="1,1,7,1,53,0" doraHai="98" doraHaiUra="95" who="3" fromWho="2" sc="250,0,250,0,250,-20,240,30" /><INIT seed="1,0,0,3,4,72" ten="250,250,230,270" oya="1" hai0="17,28,56,120,93,32,76,38,5,90,35,63,16" hai1="79,121,73,129,11,55,53,0,19,47,134,20,43" hai2="21,130,7,2,108,84,102,133,60,111,22,34,48" hai3="8,128,105,9,46,103,37,14,75,83,30,6,96"/><U50/><E121/><V41/><F102/><W114/><G128/><T80/><D38/><U65/><E129/><V15/><F130/><W110/><G110/><N who="2" m="42025" /><F60/><W74/><G114/><T125/><D5/><U115/><E115/><V3/><F133/><W113/><G113/><T64/><D125/><U39/><E134/><V70/><F70/><W24/><G83/><T127/><D127/><U91/><E91/><V13/><F41/><W118/><G118/><T100/><D120/><U57/><E65/><V36/><F36/><W104/><G104/><T45/><D100/><U123/><E123/><V116/><F48/><W25/><G25/><T4/><D4/><N who="1" m="1415" /><E57/><V107/><F84/><W94/><G105/><T124/><D124/><U97/><E97/><V40/><F40/><W92/><G37/><T87/><D45/><U117/><E50/><V131/><F107/><W33/><G46/><T26/><REACH who="0" step="1"/><D32/><REACH who="0" ten="240,250,230,270" step="2"/><U51/><E117/><V78/><F116/><W88/><REACH who="3" step="1"/><G8/><REACH who="3" ten="240,250,230,260" step="2"/><T10/><D10/><U132/><E132/><V59/><F131/><W49/><G49/><T66/><D66/><U119/><E51/><V23/><F2/><W89/><G89/><T1/><D1/><U135/><E135/><V68/><F3/><W61/><G61/><T126/><D126/><U71/><E119/><V81/><F7/><W86/><AGARI ba="0,2" hai="6,9,14,24,30,33,74,75,86,88,92,94,96,103" machi="86" ten="20,5200,0" yaku="1,1,0,1,7,1,54,1,53,0" doraHai="72" doraHaiUra="58" who="3" fromWho="3" sc="240,-13,250,-26,230,-13,260,72" /><INIT seed="2,0,0,3,4,84" ten="227,224,217,332" oya="2" hai0="2,19,0,67,23,36,133,96,90,55,122,130,40" hai1="35,41,129,119,13,56,5,105,22,51,74,44,115" hai2="69,52,128,64,20,91,106,88,48,108,78,42,32" hai3="120,107,85,14,77,1,83,59,28,134,127,79,72"/><V100/><F32/><W68/><G68/><T62/><D122/><U66/><E115/><V113/><F113/><W38/><G1/><T132/><D130/><U98/><E119/><V70/><F128/><W121/><G38/><T53/><D0/><U63/><E129/><V135/><F78/><W33/><G107/><T37/><D2/><U21/><E35/><V126/><F42/><W11/><G134/><N who="0" m="51819" /><D53/><U43/><E74/><V50/><F135/><W31/><G127/><T46/><D37/><U102/><REACH who="1" step="1"/><E43/><REACH who="1" ten="227,214,217,332" step="2"/><V111/><F126/><W65/><G33/><T9/><D40/><U24/><E24/><V75/><F75/><W6/><G120/><T7/><D36/><U76/><E76/><N who="3" m="29258" /><G72/><T16/><D55/><U99/><E99/><N who="2" m="61727" /><F64/><W93/><G121/><T109/><D67/><U4/><E4/><V80/><F52/><W94/><G65/><T60/><D7/><U15/><E15/><V110/><F20/><W27/><G27/><T123/><D23/><U92/><E92/><V86/><F69/><W10/><G94/><T47/><D123/><U3/><E3/><V89/><F70/><W58/><G93/><T49/><D96/><U118/><E118/><V45/><F45/><W117/><G117/><T104/><D46/><U30/><E30/><N who="3" m="11306" /><G11/><AGARI ba="0,1" hai="5,11,13,21,22,41,44,51,56,63,66,98,102,105" machi="11" ten="40,1300,0" yaku="1,1,53,0" doraHai="84" doraHaiUra="26" who="1" fromWho="3" sc="227,0,214,23,217,0,332,-13" /><INIT seed="3,0,0,4,0,105" ten="227,237,217,319" oya="3" hai0="46,133,41,22,96,106,55,85,50,92,67,63,128" hai1="110,39,98,112,108,89,94,122,116,61,57,37,34" hai2="10,86,77,0,52,130,119,65,121,129,84,91,48" hai3="101,90,82,124,16,36,33,104,87,88,42,93,132"/><W72/><G33/><T12/><D128/><N who="2" m="49258" /><F119/><W11/><G36/><T30/><D133/><U100/><E122/><V71/><F121/><W24/><G42/><T127/><D127/><U32/><E116/><V26/><F26/><W115/><G115/><T6/><D106/><U43/><E112/><V111/><F111/><N who="1" m="42537" /><E100/><V4/><F77/><W5/><G132/><T8/><D85/><N who="2" m="32874" /><F91/><W29/><G90/><T103/><D30/><U13/><E13/><V21/><F21/><W118/><G29/><T66/><D22/><U53/><E43/><V31/><F31/><W114/><G88/><T60/><D41/><U135/><E135/><V109/><F109/><W83/><G104/><T47/><D47/><U1/><E1/><V80/><F80/><W81/><G83/><T2/><D2/><U123/><E123/><V79/><F79/><W3/><G81/><T38/><D38/><AGARI ba="0,0" hai="32,34,37,38,39,53,57,61,89,94,98" m="42537" machi="38" ten="30,1000,0" yaku="14,1" doraHai="105" who="1" fromWho="0" sc="227,-10,237,10,217,0,319,0" owari="217,-18.3,247,4.7,217,-28.3,319,41.9" /></mjloggm>