<mjloggm ver="2.3"><GO type="225" lobby="0"/><UN n0="%E3%83%AD%E3%83%BC%E3%83%89%E3%82%AB%E3%83%8A%E3%83%AD%E3%82%A2" n1="%61%69%73%79%6F" n2="%E3%82%BC%E3%83%AB%E3%83%80%E3%81%AE%E4%BC%9D%E8%AA%AC" n3="%E3%81%B2%E3%81%BE%E3%81%A4%E3%81%B6%E3%81%97" dan="16,17,17,16" rate="2101.70,2216.51,2140.11,2140.92" sx="M,M,M,M"/><TAIKYOKU oya="0"/><INIT seed="0,0,0,1,3,84" ten="250,250,250,250" oya="0" hai0="3,61,124,65,58,94,54,48,12,71,41,126,113" hai1="18,23,59,114,109,50,110,132,8,56,89,52,102" hai2="96,4,28,116,49,26,70,77,25,45,7,80,112" hai3="78,22,119,40,106,111,35,44,16,38,76,57,122"/><T37/><D3/><U121/><E121/><V1/><F112/><W125/><G122/><T63/><D113/><U123/><E123/><V29/><F70/><W31/><G119/><T19/><D94/><U127/><E114/><V75/><F116/><W21/><G125/><N who="0" m="48235" /><D12/><U36/><E36/><V86/><F75/><W129/><G111/><N who="1" m="42506" /><E127/><V24/><F96/><W72/><G35/><T13/><D13/><N who="1" m="9679" /><E132/><V128/><F128/><W92/><G106/><T6/><D19/><U55/><E102/><V14/><F1/><W51/><G31/><N who="2" m="11849" /><F14/><W105/><G105/><T60/><D6/><U135/><E135/><V33/><F33/><W62/><G16/><T98/><D98/><U15/><E15/><V83/><F83/><W131/><G131/><T91/><D91/><U130/><E130/><V117/><F117/><W93/><G129/><T69/><D71/><U11/><E89/><V66/><F66/><W99/><G99/><T104/><D104/><U5/><E5/><V9/><F9/><W107/><G107/><T90/><D90/><U88/><E88/><V73/><F73/><W68/><G93/><T74/><D74/><U43/><E43/><AGARI ba="0,0" hai="4,7,24,25,26,43,45,49,77,80,86" m="11849" machi="43" ten="30,1000,0" yaku="8,1" doraHai="84" who="2" fromWho="1" sc="250,0,250,-10,250,10,250,0" /><INIT seed="1,0,0,4,0,8" ten="250,240,260,250" oya="1" hai0="39,51,110,71,93,6,23,38,81,63,46,2,95" hai1="123,89,14,60,4,130,76,3,121,82,48,55,88" hai2="44,20,113,66,126,24,107,86,22,50,105,35,72" hai3="18,61,31,85,124,69,83,118,102,64,132,53,54"/><U112/><E112/><V92/><F72/><W7/><G124/><T28/><D110/><U67/><E3/><V58/><F35/><W33/><G132/><T11/><D81/><U65/><E130/><V125/><F113/><W43/><G118/><T122/><D122/><U47/><E123/><V84/><F58/><W1/><G102/><T74/><D74/><U9/><E121/><V77/><F66/><W21/><G43/><T26/><D71/><U94/><E94/><V29/><F77/><W120/><G120/><T52/><REACH who="0" step="1"/><D63/><REACH who="0" ten="240,240,260,250" step="2"/><U10/><E67/><V90/><F125/><W129/><G61/><T78/><D78/><U100/><E100/><V97/><F126/><W119/><G69/><T109/><D109/><U87/><E10/><V70/><F70/><AGARI ba="0,1" hai="4,9,14,47,48,55,60,65,70,76,82,87,88,89" machi="70" ten="30,5800,0" yaku="7,1,52,1,54,1" doraHai="8" who="1" fromWho="2" sc="240,0,240,68,260,-58,250,0" /><INIT seed="1,1,0,5,1,52" ten="240,308,202,250" oya="1" hai0="64,81,25,55,9,21,39,74,32,126,96,24,134" hai1="100,131,99,5,86,111,50,68,20,7,112,35,6" hai2="80,72,30,79,18,113,77,102,60,34,11,47,69" hai3="116,29,90,107,44,120,13,92,22,130,117,132,73"/><U104/><E112/><V71/><F113/><W14/><G120/><T124/><D39/><U46/><E35/><V125/><F125/><N who="0" m="48234" /><D134/><U48/><E68/><V8/><F102/><W75/><G132/><T70/><D32/><U114/><E114/><V2/><F77/><W0/><G44/><T133/><D133/><U51/><E131/><V109/><F109/><W129/><G107/><T94/><D9/><U27/><E111/><V66/><F18/><W78/><G0/><T61/><D55/><U36/><E36/><V16/><F47/><W12/><G29/><T37/><D37/><U26/><E46/><V45/><F45/><W97/><G22/><T105/><D105/><U135/><E135/><V118/><F118/><N who="3" m="45675" /><G78/><N who="0" m="44247" /><D21/><U98/><E20/><V101/><F11/><W108/><G108/><T62/><D61/><U19/><E19/><V28/><F34/><W128/><AGARI ba="1,0" hai="12,13,14,73,75,90,92,97,128,129,130" m="45675" machi="128" ten="40,2700,0" yaku="19,1,12,1" doraHai="52" who="3" fromWho="3" sc="240,-8,308,-14,202,-8,250,30" /><INIT seed="2,0,0,0,5,59" ten="232,294,194,280" oya="2" hai0="17,99,100,84,104,4,133,118,87,89,16,80,128" hai1="50,38,13,22,62,83,60,102,110,67,14,19,124" hai2="117,88,24,132,82,36,116,26,44,0,122,48,76" hai3="75,134,2,47,105,123,54,103,98,10,95,51,56"/><V1/><F122/><W15/><G123/><T120/><D120/><U115/><E38/><V30/><F132/><W78/><G134/><T28/><D133/><U96/><E115/><V119/><F36/><W109/><G2/><T77/><D4/><U66/><E110/><V45/><F76/><W20/><G109/><T90/><D28/><U18/><E124/><V68/><F68/><W72/><G20/><T25/><D128/><U74/><E74/><V46/><F48/><W114/><G78/><T37/><D37/><U11/><E83/><V86/><REACH who="2" step="1"/><F26/><REACH who="2" ten="232,294,184,280" step="2"/><W65/><G51/><T42/><D25/><U64/><REACH who="1" step="1"/><E50/><REACH who="1" ten="232,284,184,280" step="2"/><V9/><F9/><W92/><G10/><T53/><D118/><U125/><E125/><V91/><F91/><W55/><G114/><T70/><D77/><U49/><E49/><V12/><F12/><W107/><G15/><T135/><D135/><U121/><E121/><V21/><AGARI ba="0,2" hai="0,1,21,24,30,44,45,46,82,86,88,116,117,119" machi="21" ten="40,12000,1" yaku="1,1,0,1,54,1,53,1" doraHai="59" doraHaiUra="23" who="2" fromWho="2" sc="232,-40,284,-40,184,140,280,-40" /><INIT seed="2,1,0,2,0,90" ten="192,244,324,240" oya="2" hai0="82,123,83,32,115,71,33,62,68,76,56,60,64" hai1="44,94,91,125,46,98,127,106,30,23,130,16,50" hai2="79,101,38,97,48,9,135,95,27,55,13,80,133" hai3="78,3,52,14,39,99,102,81,96,53,109,49,124"/><V43/><F38/><W59/><G3/><T42/><D115/><U113/><E113/><V45/><F27/><W134/><G109/><T2/><D123/><U111/><E111/><V6/><REACH who="2" step="1"/><F55/><REACH who="2" ten="192,244,314,240" step="2"/><W12/><G39/><T93/><D42/><U86/><E130/><V112/><F112/><W29/><G53/><T8/><D2/><U41/><E30/><V31/><F31/><W26/><G29/><T4/><D32/><U77/><E44/><V128/><F128/><W121/><G26/><T70/><D33/><U47/><E46/><V18/><F18/><W28/><G28/><T72/><D4/><U51/><E47/><V0/><F0/><W65/><G52/><T88/><D8/><U19/><E41/><V85/><AGARI ba="1,1" hai="6,9,13,43,45,48,79,80,85,95,97,101,133,135" machi="85" ten="30,12000,1" yaku="1,1,0,1,25,2,52,1,53,0" doraHai="90" doraHaiUra="66" who="2" fromWho="2" sc="192,-41,244,-41,314,133,240,-41" /><INIT seed="2,2,0,4,3,25" ten="151,203,447,199" oya="2" hai0="18,128,40,77,92,10,108,62,13,53,19,121,43" hai1="6,111,47,82,123,64,60,58,46,120,130,100,1" hai2="99,8,70,101,127,87,80,33,26,88,30,94,107" hai3="45,91,114,67,131,9,22,96,50,122,105,31,129"/><V4/><F127/><W98/><G122/><N who="1" m="46634" /><E111/><V39/><F39/><W97/><G114/><T113/><D121/><U5/><E130/><N who="3" m="49674" /><G67/><T74/><D128/><U16/><E100/><V89/><F70/><W14/><G22/><T54/><D113/><U134/><E134/><V63/><F63/><W135/><G135/><T56/><D108/><U76/><E16/><V38/><F38/><W83/><G31/><T65/><D74/><N who="1" m="43287" /><E1/><V90/><F107/><W79/><G79/><T27/><D77/><U73/><E73/><V3/><AGARI ba="2,0" hai="3,4,8,26,30,33,80,87,88,89,90,94,99,101" machi="3" ten="20,7800,0" yaku="0,1,7,1,52,1,54,1" doraHai="25" who="2" fromWho="2" sc="151,-28,203,-28,447,84,199,-28" /><INIT seed="2,3,0,2,2,118" ten="123,175,531,171" oya="2" hai0="73,70,46,66,54,107,33,23,101,42,34,113,127" hai1="99,77,24,126,95,3,32,68,98,87,13,60,88" hai2="20,65,29,129,50,47,5,43,123,97,63,104,58" hai3="105,52,108,134,31,69,130,9,16,128,84,91,124"/><V4/><F129/><N who="3" m="49771" /><G108/><T8/><D113/><U44/><E3/><V71/><F123/><W61/><G124/><T131/><D131/><U18/><E126/><V39/><F29/><W67/><G134/><T120/><D120/><U110/><E110/><V25/><F104/><W37/><G37/><T11/><D127/><U93/><E68/><V76/><F97/><W49/><G31/><T62/><D73/><U6/><E32/><V36/><F76/><W94/><G105/><T40/><D23/><N who="1" m="13431" /><E60/><V19/><REACH who="2" step="1"/><F39/><REACH who="2" ten="123,175,521,171" step="2"/><W133/><G133/><T115/><D107/><U27/><E77/><V30/><F30/><W81/><G69/><T48/><D34/><U57/><E99/><V38/><F38/><W53/><G67/><T41/><D33/><U111/><E98/><V72/><F72/><W59/><G59/><T82/><D115/><U80/><E57/><V79/><F79/><W75/><G75/><T7/><D101/><U17/><E111/><V109/><F109/><W106/><G106/><T121/><D121/><U51/><E87/><V15/><F15/><W92/><G84/><T26/><D26/><U14/><E14/><V12/><F12/><W132/><G132/><T56/><D70/><U28/><E28/><V45/><F45/><W2/><G2/><T135/><D135/><U125/><E27/><V103/><F103/><W90/><G90/><T122/><D122/><U10/><E125/><V116/><F116/><W78/><G91/><T74/><D7/><U1/><E1/><V22/><F22/><W21/><G78/><N who="0" m="44375" /><D46/><U119/><E6/><V55/><AGARI ba="3,1" hai="4,5,19,20,25,36,43,47,50,55,58,63,65,71" machi="55" ten="30,18000,2" yaku="1,1,5,1,0,1,24,2,53,1" doraHai="118" doraHaiUra="64" who="2" fromWho="2" sc="123,-63,175,-63,521,199,171,-63" /><INIT seed="2,4,0,5,2,122" ten="60,112,720,108" oya="2" hai0="76,20,17,116,25,100,129,26,79,8,106,124,18" hai1="86,71,118,60,23,69,87,34,70,83,37,3,64" hai2="62,31,90,19,121,88,102,1,85,134,95,105,77" hai3="72,84,103,0,99,61,40,109,27,91,13,73,132"/><V50/><F121/><W119/><G0/><T32/><D124/><U115/><E34/><V65/><F134/><W63/><G132/><T133/><D133/><U11/><E115/><V49/><F1/><W44/><G119/><T52/><D129/><U14/><E118/><V135/><F135/><W38/><G109/><T89/><D116/><U110/><E37/><V92/><F31/><W81/><G27/><T2/><D106/><U46/><E46/><V104/><F77/><W94/><REACH who="3" step="1"/><G13/><REACH who="3" ten="60,112,720,98" step="2"/><T55/><D2/><U22/><E3/><V80/><F104/><W30/><G30/><T39/><D39/><U97/><E110/><V66/><F105/><W42/><G42/><T59/><D25/><U45/><E14/><V113/><F113/><W101/><G101/><T29/><D100/><U130/><E130/><V107/><F107/><W7/><G7/><T4/><D4/><U120/><E120/><V131/><F131/><W51/><G51/><T12/><D29/><U112/><E112/><V78/><F102/><W58/><G58/><T48/><D32/><U117/><E70/><V74/><F19/><W128/><G128/><T98/><D55/><U75/><E69/><V57/><REACH who="2" step="1"/><F65/><REACH who="2" ten="60,112,710,98" step="2"/><W33/><G33/><T5/><D18/><U82/><E64/><V41/><F41/><W28/><G28/><T47/><D59/><U68/><E117/><V24/><F24/><W10/><G10/><T93/><AGARI ba="4,2" hai="5,8,12,17,20,26,47,48,52,76,79,89,93,98" machi="93" ten="30,4000,0" yaku="0,1,8,1,54,1" doraHai="122" who="0" fromWho="0" sc="60,72,112,-14,710,-24,98,-14" /><INIT seed="3,0,0,2,5,56" ten="132,98,686,84" oya="3" hai0="92,95,131,8,87,9,125,45,4,46,63,32,127" hai1="50,104,88,14,119,99,100,0,1,55,23,102,114" hai2="77,132,126,110,51,5,73,103,89,113,66,134,3" hai3="6,62,26,59,133,24,98,124,25,67,61,82,30"/><W78/><G124/><N who="0" m="47691" /><D131/><U69/><E114/><V13/><F110/><W34/><G133/><N who="2" m="51305" /><F126/><W86/><G6/><T2/><D32/><U58/><E69/><V64/><F113/><W115/><G115/><T68/><D9/><U41/><E102/><V29/><F3/><W130/><G130/><T80/><D63/><U72/><E72/><V91/><F103/><W74/><G74/><T90/><D68/><U97/><E41/><V128/><F128/><W7/><G7/><T17/><D17/><U109/><E109/><V70/><F29/><W118/><G118/><T93/><AGARI ba="0,0" hai="2,4,8,45,46,80,87,90,92,93,95" m="47691" machi="93" ten="30,1100,0" yaku="18,1" doraHai="56" who="0" fromWho="0" sc="132,11,98,-3,686,-3,84,-5" owari="143,-5.7,95,-30.5,683,78.3,79,-42.1" /></mjloggm>