<mjloggm ver="2.3"><GO type="225" lobby="0"/><UN n0="%E3%83%A9%E3%83%BC%E3%83%A1%E3%83%B3%E4%BA%94%E9%83%8E" n1="%E3%81%82%E3%81%99%E3%81%AB%E3%82%83%E3%82%80" n2="%6D%75%75%73%61%6E%6D%75" n3="%E7%89%B9%E6%9D%B1%E3%81%AF%E4%B8%96%E7%95%8C%E3%82%92%E6%95%91%E3%81%86" dan="16,16,16,16" rate="2166.70,2209.12,2093.34,2135.40" sx="M,F,F,M"/><TAIKYOKU oya="0"/><INIT seed="0,0,0,3,4,37" ten="250,250,250,250" oya="0" hai0="109,59,23,114,4,107,77,90,28,125,21,108,89" hai1="8,6,116,134,78,32,75,10,34,31,102,19,124" hai2="105,74,127,16,112,132,24,86,42,15,43,1,87" hai3="52,70,58,65,40,11,53,22,103,133,5,25,91"/><T67/><D114/><U117/><E102/><V7/><F74/><W71/><G133/><T121/><D121/><U126/><E78/><V130/><F105/><W94/><G103/><T64/><D125/><N who="1" m="48235" /><E75/><V61/><F112/><W88/><G40/><N who="2" m="15401" /><F1/><W48/><G53/><T29/><D107/><U39/><E39/><V2/><F2/><W54/><G54/><T83/><D4/><U95/><E95/><V68/><F68/><W113/><G113/><T72/><D72/><U62/><E62/><V55/><F127/><W96/><G91/><T12/><D77/><U84/><E84/><N who="2" m="32299" /><F132/><W110/><G65/><T100/><D67/><U30/><E134/><V35/><F35/><N who="1" m="13353" /><E19/><V115/><F115/><W104/><G104/><T82/><D64/><U13/><E10/><N who="2" m="6263" /><F130/><W60/><G60/><T120/><D120/><U73/><E73/><V129/><F129/><W36/><G36/><T79/><D109/><U47/><E47/><V118/><F118/><AGARI ba="0,0" hai="6,8,13,30,31,116,117,118" m="13353,48235" machi="118" ten="40,5200,0" yaku="18,1,34,2" doraHai="37" who="1" fromWho="2" sc="250,0,250,52,250,-52,250,0" /><INIT seed="1,0,0,5,1,38" ten="250,302,198,250" oya="1" hai0="91,61,66,126,124,108,130,74,8,113,12,0,118" hai1="1,23,84,30,104,79,127,5,50,86,87,69,94" hai2="18,53,105,3,43,90,80,26,47,60,40,96,103" hai3="72,116,122,95,52,117,92,115,93,55,132,88,21"/><U121/><E104/><V134/><F3/><W41/><G122/><T135/><D113/><U78/><E121/><V36/><F134/><W99/><G115/><T39/><D118/><N who="3" m="45673" /><G132/><T81/><D135/><U59/><E69/><V64/><F36/><W107/><G72/><T77/><D39/><U71/><E71/><V120/><F120/><W27/><G41/><T11/><D108/><U20/><E127/><N who="0" m="48681" /><D130/><U25/><E1/><V17/><F53/><N who="3" m="20555" /><G107/><T49/><D49/><U6/><E94/><V13/><F47/><W24/><G24/><T114/><D114/><U35/><E35/><V133/><F26/><W98/><G98/><T46/><D46/><U106/><E106/><V54/><F54/><W123/><G123/><T129/><D129/><U51/><E59/><V44/><F133/><W56/><G56/><N who="0" m="37159" /><D0/><U109/><E109/><V73/><F44/><W67/><G67/><T10/><D91/><U58/><E58/><V68/><F90/><W128/><G128/><T75/><D75/><U82/><E50/><V83/><F73/><W100/><G88/><T14/><AGARI ba="0,0" hai="8,10,11,12,14,74,77,81" m="37159,48681" machi="14" ten="40,1500,0" yaku="18,1" doraHai="38" who="0" fromWho="0" sc="250,15,302,-7,198,-4,250,-4" /><INIT seed="2,0,0,5,4,66" ten="265,295,194,246" oya="2" hai0="120,6,50,127,55,81,51,71,19,101,49,122,2" hai1="23,93,35,60,68,69,40,75,46,29,83,70,106" hai2="115,33,20,28,113,78,24,11,125,124,121,52,126" hai3="21,76,18,67,36,38,5,31,95,92,133,90,132"/><V110/><F78/><W91/><G5/><T85/><D101/><U56/><E106/><V82/><F82/><W72/><G31/><T79/><D127/><U1/><E1/><V109/><F121/><W128/><G128/><T63/><D19/><U47/><E93/><V27/><F11/><W119/><G119/><T134/><D134/><N who="3" m="51817" /><G67/><T112/><D112/><N who="2" m="43082" /><F52/><W104/><G104/><T96/><D96/><U53/><E35/><V15/><F15/><N who="3" m="9439" /><G76/><T87/><D122/><U84/><E75/><V3/><F3/><W37/><G72/><T22/><D120/><U7/><E7/><V14/><F14/><W117/><G117/><T105/><D105/><U135/><E135/><V16/><AGARI ba="0,0" hai="16,20,24,27,28,33,109,110,124,125,126" m="43082" machi="16" ten="40,12000,1" yaku="18,1,34,2,54,1" doraHai="66" who="2" fromWho="2" sc="265,-40,295,-40,194,120,246,-40" /><INIT seed="2,1,0,1,5,65" ten="225,255,314,206" oya="2" hai0="17,58,5,50,106,115,45,76,116,23,102,123,74" hai1="20,120,33,83,19,107,57,71,110,68,121,95,6" hai2="64,114,15,97,73,89,90,1,7,67,63,100,10" hai3="9,122,11,111,66,81,134,113,25,133,12,38,2"/><V4/><F114/><W94/><G38/><T125/><D123/><N who="1" m="47179" /><E107/><V80/><F4/><N who="3" m="1175" /><G122/><T46/><D115/><U91/><E33/><V124/><F124/><W26/><G66/><T62/><D125/><U87/><E110/><V84/><F73/><W69/><G94/><T35/><D35/><U56/><E6/><V92/><F64/><W16/><G113/><T82/><D5/><U34/><E34/><V39/><F39/><W78/><G69/><N who="1" m="26698" /><E83/><V18/><F1/><W77/><G111/><T47/><D106/><U36/><E36/><V75/><F7/><W14/><G14/><AGARI ba="1,0" hai="14,19,20,56,57,87,91,95" m="26698,47179" machi="14" ten="30,7700,0" yaku="13,1,52,3" doraHai="65" who="1" fromWho="3" sc="225,0,255,80,314,0,206,-80" /><INIT seed="3,0,0,5,1,72" ten="225,335,314,126" oya="3" hai0="67,46,98,81,105,130,121,102,74,122,76,59,118" hai1="21,79,93,94,51,88,85,106,6,5,8,112,65" hai2="36,60,68,44,62,63,95,15,53,1,33,31,113" hai3="2,50,14,16,86,91,17,80,82,45,97,131,30"/><W99/><G131/><T47/><D118/><U110/><E106/><V117/><F1/><W61/><G2/><T38/><D130/><U126/><E112/><V23/><F117/><W10/><G30/><T73/><D73/><U135/><E110/><V25/><F113/><W125/><G125/><T35/><D35/><U83/><E126/><V84/><F68/><W109/><G109/><T129/><D129/><U57/><E135/><V115/><F115/><W90/><G61/><T48/><D46/><U120/><E120/><V12/><F33/><W66/><G66/><T39/><D39/><U75/><E94/><V96/><F36/><W4/><G99/><T55/><D67/><U77/><E77/><V22/><F84/><W26/><G26/><T71/><D71/><U119/><E119/><V13/><F22/><W58/><G58/><T19/><D19/><U41/><E21/><V18/><F31/><W101/><G90/><T128/><D128/><U24/><E24/><V49/><REACH who="2" step="1"/><F62/><REACH who="2" ten="225,335,304,126" step="2"/><W100/><G82/><T7/><D7/><U64/><E5/><V104/><F104/><W34/><G34/><T3/><D3/><U29/><E29/><V87/><F87/><W111/><G111/><T133/><D133/><U52/><E41/><V134/><F134/><W56/><G56/><T54/><REACH who="0" step="1"/><D38/><REACH who="0" ten="215,335,304,126" step="2"/><U78/><E6/><V103/><AGARI ba="0,2" hai="12,13,15,18,23,25,44,49,53,60,63,95,96,103" machi="103" ten="30,7900,0" yaku="1,1,0,1,8,1,53,1" doraHai="72" doraHaiUra="92" who="2" fromWho="2" sc="215,-20,335,-20,304,99,126,-39" owari="195,-20.5,315,11.5,403,50.3,87,-41.3" /></mjloggm>