<mjloggm ver="2.3"><GO type="225" lobby="0"/><UN n0="%77%72%77%72%77%72%77%72" n1="%E6%A1%9C%E8%8A%B1%E9%96%83%E3%80%85" n2="%E3%82%8C%E3%81%99%E3%81%93" n3="%E6%81%A5%E6%99%92%E3%81%97" dan="17,16,16,16" rate="2232.03,2110.01,2121.34,2126.83" sx="M,M,F,M"/><TAIKYOKU oya="0"/><INIT seed="0,0,0,2,5,125" ten="250,250,250,250" oya="0" hai0="106,19,15,99,92,74,20,8,38,88,51,12,127" hai1="27,123,71,29,79,108,103,58,95,69,114,43,37" hai2="9,110,135,105,56,60,33,21,104,111,101,102,14" hai3="96,65,18,122,2,47,121,73,118,23,50,62,113"/><T117/><D38/><U0/><E123/><V78/><F33/><W131/><G113/><T53/><D127/><U93/><E114/><V75/><F21/><W87/><G118/><T46/><D117/><U32/><E0/><V90/><F135/><W128/><G73/><T13/><D74/><U3/><E3/><V54/><F90/><W35/><G35/><T34/><D34/><U26/><E79/><V132/><F132/><W89/><G96/><T82/><D106/><N who="2" m="41066" /><F78/><W107/><G2/><T120/><D120/><N who="3" m="46185" /><G107/><T25/><REACH who="0" step="1"/><D82/><REACH who="0" ten="240,250,250,250" step="2"/><U112/><E32/><V66/><F75/><W72/><G72/><T116/><D116/><U55/><E112/><V77/><F111/><W40/><G23/><T97/><D97/><U133/><E108/><V80/><F110/><W98/><G98/><T17/><AGARI ba="0,1" hai="8,12,13,15,17,19,20,25,46,51,53,88,92,99" machi="17" ten="20,18000,2" yaku="1,1,0,1,7,1,8,1,54,1,53,1" doraHai="125" doraHaiUra="6" who="0" fromWho="0" sc="240,190,250,-60,250,-60,250,-60" /><INIT seed="0,1,0,1,1,25" ten="430,190,190,190" oya="0" hai0="92,23,135,62,81,74,17,26,15,112,119,64,124" hai1="76,87,63,99,59,28,27,120,46,10,100,5,66" hai2="54,111,51,2,72,104,45,11,41,80,131,132,3" hai3="31,98,116,24,126,70,129,102,103,118,56,71,22"/><T107/><D112/><U9/><E120/><V6/><F111/><W91/><G126/><T133/><D119/><U19/><E19/><V75/><F132/><N who="0" m="50762" /><D107/><U33/><E46/><V122/><F122/><W130/><G91/><T68/><D124/><U88/><E76/><V69/><F131/><N who="3" m="50187" /><G56/><T96/><D81/><U82/><REACH who="1" step="1"/><E5/><REACH who="1" ten="430,180,190,190" step="2"/><V58/><F45/><W101/><G116/><T65/><D74/><U52/><E52/><V43/><F72/><W85/><G118/><T125/><D125/><U77/><E77/><V110/><F75/><W127/><G127/><T44/><D44/><U78/><E78/><V55/><F54/><W61/><G85/><T39/><D39/><U93/><AGARI ba="1,1" hai="9,10,27,28,33,59,63,66,82,87,88,93,99,100" machi="93" ten="20,8000,1" yaku="1,1,0,1,7,1,52,1,54,1,53,0" doraHai="25" doraHaiUra="18" who="1" fromWho="1" sc="430,-41,180,93,190,-21,190,-21" /><INIT seed="1,0,0,5,3,74" ten="389,273,169,169" oya="1" hai0="23,93,25,39,85,42,28,15,41,115,52,83,96" hai1="101,97,75,3,27,37,63,66,114,7,71,95,56" hai2="79,57,58,64,94,108,0,72,1,90,26,45,8" hai3="132,55,32,49,5,31,124,11,67,76,89,2,47"/><U92/><E114/><V122/><F122/><W29/><G124/><T119/><D39/><U113/><E113/><V17/><F108/><W54/><G132/><T117/><D115/><U19/><E37/><V81/><F64/><W135/><G135/><T38/><D38/><U82/><E71/><V44/><F58/><W128/><G128/><T9/><D119/><U112/><E112/><V127/><F127/><W14/><G67/><T13/><D117/><U99/><E3/><V131/><F131/><W43/><G89/><N who="0" m="55343" /><D52/><U106/><E7/><V53/><F1/><W80/><G2/><T130/><D15/><U51/><E51/><V118/><F118/><W46/><G32/><T102/><D102/><U16/><E27/><V62/><F0/><W65/><G65/><T103/><D103/><U59/><E59/><V68/><F68/><W134/><G134/><T4/><D130/><U73/><E73/><V87/><REACH who="2" step="1"/><F8/><REACH who="2" ten="389,273,159,169" step="2"/><W20/><G20/><AGARI ba="0,1" hai="17,20,26,44,45,53,57,62,72,79,81,87,90,94" machi="20" ten="40,5200,0" yaku="1,1,2,1,52,1,53,0" doraHai="74" doraHaiUra="30" who="2" fromWho="3" sc="389,0,273,0,159,62,169,-52" /><INIT seed="2,0,0,0,0,76" ten="389,273,221,117" oya="2" hai0="55,56,62,69,31,102,88,42,60,28,45,129,6" hai1="14,82,79,18,30,29,37,123,89,97,52,127,81" hai2="21,100,128,101,16,95,35,15,108,24,0,43,135" hai3="17,4,26,94,117,36,87,98,3,67,27,75,40"/><V116/><F116/><W22/><G117/><T9/><D129/><U70/><E70/><V109/><F128/><W51/><G75/><T8/><D102/><U63/><E37/><V50/><F0/><W133/><G133/><T85/><D69/><U39/><E39/><V96/><F135/><W53/><G36/><T68/><D68/><U49/><E127/><V105/><F43/><W1/><G4/><T19/><D62/><U99/><E63/><V71/><F71/><W124/><G124/><T54/><D42/><U57/><E123/><V91/><F50/><W20/><G67/><T84/><D84/><N who="1" m="48191" /><E99/><V111/><F105/><W106/><G106/><T13/><D54/><U73/><E73/><V66/><F66/><W112/><G112/><T131/><D45/><U5/><E5/><V65/><F65/><W72/><G72/><T83/><D131/><U12/><E12/><AGARI ba="0,0" hai="6,8,9,12,13,19,28,31,55,56,60,83,85,88" machi="12" ten="30,7700,0" yaku="7,1,8,1,52,1,54,1" doraHai="76" who="0" fromWho="1" sc="389,77,273,-77,221,0,117,0" /><INIT seed="3,0,0,4,0,62" ten="466,196,221,117" oya="3" hai0="130,109,111,26,126,25,92,95,71,28,58,17,53" hai1="21,8,30,88,100,46,57,116,56,99,65,115,131" hai2="44,68,48,123,11,52,83,97,67,127,85,63,105" hai3="13,43,12,35,80,118,94,75,37,134,55,54,59"/><W93/><G118/><T114/><D130/><U39/><E115/><V0/><F127/><W47/><G134/><T2/><D126/><U15/><E131/><V101/><F123/><W10/><G35/><T33/><D2/><U76/><E76/><V133/><F133/><W19/><G55/><T14/><D25/><N who="1" m="16687" /><E39/><V87/><F0/><W69/><G69/><T72/><D72/><U128/><E128/><V108/><F108/><N who="0" m="41546" /><D71/><U64/><E100/><V49/><F11/><W7/><G80/><T106/><D106/><U6/><E46/><V66/><F66/><N who="1" m="25705" /><E116/><V81/><F81/><W78/><G78/><T3/><D3/><U38/><E38/><V27/><F83/><W32/><G32/><T117/><D117/><U74/><E74/><V42/><F27/><W104/><G104/><T102/><D102/><U41/><E41/><V113/><F113/><W34/><G34/><T86/><D86/><U107/><E107/><V70/><F70/><W29/><G29/><T89/><D89/><U61/><E61/><V24/><F24/><W82/><G82/><T110/><D114/><U36/><E36/><V129/><F129/><W18/><G75/><T31/><D31/><U79/><E79/><V5/><F5/><W60/><REACH who="3" step="1"/><G7/><REACH who="3" ten="466,196,221,107" step="2"/><T98/><D53/><U45/><E45/><AGARI ba="0,1" hai="42,44,45,48,49,52,63,67,68,85,87,97,101,105" machi="45" ten="30,3900,0" yaku="7,1,52,1,54,1" doraHai="62" who="2" fromWho="1" sc="466,0,196,-39,221,49,107,0" owari="466,56.6,157,-24.3,270,7.0,107,-39.3" /></mjloggm>