<mjloggm ver="2.3"><GO type="225" lobby="0"/><UN n0="%E5%84%AA%40%41%42%43" n1="%E3%81%BF%E3%81%BF%E3%81%9A" n2="%72%69%6F%75%63%68%61%6E" n3="%2D%E8%B1%8A%E5%8F%A3%E3%82%81%E3%81%90%E3%81%BF%2D" dan="17,18,16,16" rate="2163.30,2233.44,2241.96,2162.20" sx="M,M,M,F"/><TAIKYOKU oya="0"/><INIT seed="0,0,0,5,4,72" ten="250,250,250,250" oya="0" hai0="34,85,113,107,48,111,65,103,82,128,47,121,3" hai1="110,125,0,105,89,66,91,127,88,81,56,36,126" hai2="75,22,42,49,41,120,98,73,123,101,117,74,94" hai3="80,68,44,40,29,5,99,60,33,14,71,28,38"/><T108/><D113/><U104/><E36/><V118/><F22/><W17/><G5/><T112/><D121/><N who="2" m="46666" /><F49/><W11/><G99/><N who="0" m="61951" /><D112/><U64/><E0/><V57/><F57/><W23/><G33/><T130/><D3/><U19/><E110/><N who="0" m="42025" /><D65/><N who="1" m="25195" /><E56/><V83/><F83/><W18/><G60/><T12/><D12/><U97/><E97/><V59/><F59/><W45/><G45/><T55/><D34/><U69/><E69/><V13/><F13/><W50/><G38/><T37/><D37/><U63/><E63/><V133/><F133/><W102/><G102/><T46/><D46/><U131/><E131/><V7/><F7/><W16/><G71/><T27/><D27/><U31/><E19/><N who="3" m="7242" /><G23/><T77/><AGARI ba="0,0" hai="47,48,55,77,82,85,128,130" m="42025,61951" machi="77" ten="30,6000,0" yaku="14,1,10,1,52,1" doraHai="72" who="0" fromWho="0" sc="250,60,250,-20,250,-20,250,-20" /><INIT seed="0,1,0,1,1,55" ten="310,230,230,230" oya="0" hai0="109,98,56,113,99,64,12,119,41,86,75,114,132" hai1="3,80,107,65,31,62,89,2,4,70,39,115,71" hai2="14,11,61,122,20,25,120,34,49,7,46,38,44" hai3="47,23,42,68,5,131,6,74,81,82,100,66,76"/><T24/><D75/><U91/><E39/><V37/><F34/><W93/><G131/><T97/><D119/><U35/><E115/><V73/><F73/><W16/><G82/><T33/><D132/><U51/><E71/><V15/><F15/><W117/><G117/><T67/><D41/><U43/><E4/><V57/><F37/><W102/><G68/><T63/><D109/><U19/><E19/><V79/><F38/><W0/><G66/><T54/><D86/><U50/><E2/><V129/><F129/><W108/><G108/><T77/><D77/><U105/><E3/><V26/><F79/><W123/><G123/><T8/><D113/><U84/><E91/><V85/><F85/><W135/><G135/><T13/><D13/><U126/><E126/><V125/><F125/><W92/><G102/><T121/><D114/><U103/><E43/><V127/><F127/><W128/><G128/><T27/><D121/><U36/><E36/><V83/><F83/><W18/><G100/><T22/><D33/><U53/><E53/><N who="2" m="29863" /><F46/><W78/><G47/><T96/><N who="0" m="24576" /><DORA hai="58" /><T88/><D88/><U130/><E103/><V106/><F106/><W72/><G42/><T17/><D24/><N who="2" m="9322" /><F20/><W110/><G23/><T94/><D94/><U90/><E130/><V133/><F133/><W1/><G110/><T87/><D87/><N who="1" m="50407" /><E107/><V40/><F40/><W112/><G112/><T95/><D95/><N who="1" m="54727" /><E105/><V118/><F118/><W21/><G81/><T124/><REACH who="0" step="1"/><D124/><REACH who="0" ten="300,230,230,230" step="2"/><U32/><E32/><V28/><F120/><W59/><G21/><T116/><D116/><U60/><E35/><RYUUKYOKU ba="1,1" sc="300,15,230,-15,230,-15,230,15" hai0="8,12,17,22,27,54,56,63,64,67" hai3="0,1,5,6,16,18,59,72,74,76,78,92,93" /><INIT seed="0,2,1,1,5,91" ten="315,215,215,245" oya="0" hai0="104,85,132,18,82,75,38,86,108,122,83,131,97" hai1="126,117,55,53,50,19,17,124,10,3,41,105,54" hai2="72,110,92,33,101,120,24,100,15,115,116,103,29" hai3="8,95,1,76,134,20,5,32,14,130,47,87,7"/><T102/><D38/><U51/><E117/><V65/><F120/><W58/><G134/><T69/><D69/><U37/><E105/><V39/><F115/><W45/><G32/><T64/><D64/><U119/><E119/><V78/><F116/><W77/><G130/><T89/><D122/><U129/><E129/><V98/><F39/><W135/><G135/><T42/><D42/><U48/><E3/><V96/><F110/><W107/><G107/><T62/><D62/><U13/><REACH who="1" step="1"/><E17/><REACH who="1" ten="315,205,215,245" step="2"/><V66/><F15/><W16/><G1/><T68/><D131/><U67/><E67/><V74/><F78/><W121/><G121/><T30/><D18/><U43/><E43/><V93/><F103/><W127/><G77/><T106/><D132/><U21/><E21/><V56/><F65/><W26/><G76/><T90/><D108/><U34/><E34/><V0/><F0/><W40/><G40/><T9/><D102/><U123/><E123/><V27/><F24/><W112/><G112/><T4/><D104/><U84/><E84/><V88/><F88/><N who="3" m="53663" /><G7/><T11/><D4/><U35/><E35/><V61/><AGARI ba="2,2" hai="27,29,33,56,61,66,72,74,92,93,96,98,100,101" machi="61" ten="30,7900,0" yaku="0,1,9,1,52,2" doraHai="91" who="2" fromWho="2" sc="315,-41,205,-22,215,105,245,-22" /><INIT seed="1,0,0,4,0,17" ten="274,183,320,223" oya="1" hai0="125,28,6,94,106,70,33,49,66,75,68,83,105" hai1="96,13,58,12,45,133,135,119,53,27,84,60,100" hai2="29,8,102,59,81,21,10,0,51,3,79,123,77" hai3="32,24,72,7,103,5,16,90,52,87,57,131,109"/><U65/><E119/><V92/><F123/><W104/><G72/><T40/><D49/><N who="1" m="28847" /><E84/><V47/><F59/><W117/><G117/><T35/><D94/><N who="1" m="58391" /><E27/><N who="2" m="16623" /><F0/><W82/><G109/><T74/><D6/><U19/><E19/><V38/><F3/><W67/><G131/><T124/><D40/><U85/><E85/><N who="2" m="48303" /><F79/><W116/><G67/><T41/><D41/><U98/><E98/><N who="2" m="59719" /><F38/><W36/><G36/><T54/><D66/><U91/><E91/><V107/><F107/><N who="0" m="40970" /><D83/><U86/><E86/><V88/><F88/><W2/><G116/><T56/><D28/><U120/><E120/><V26/><F26/><W22/><G32/><N who="0" m="12363" /><D74/><U128/><E128/><V9/><F8/><W114/><G114/><T50/><D75/><U69/><E69/><AGARI ba="0,0" hai="50,54,56,68,69,70,124,125" m="12363,40970" machi="69" ten="40,2600,0" yaku="26,2" doraHai="17" who="0" fromWho="1" sc="274,26,183,-26,320,0,223,0" /><INIT seed="2,0,0,3,3,107" ten="300,157,320,223" oya="2" hai0="129,90,13,4,106,78,17,51,87,21,54,73,92" hai1="105,32,126,45,119,44,15,59,9,35,12,26,56" hai2="84,62,30,71,10,0,130,88,34,94,121,82,122" hai3="7,60,135,46,67,125,112,16,5,80,50,2,133"/><V27/><F130/><W113/><G125/><T124/><D129/><U96/><E119/><V132/><F132/><N who="3" m="50763" /><G80/><T104/><D124/><U99/><E126/><V74/><F71/><N who="3" m="42471" /><G16/><T108/><D108/><U103/><E105/><V69/><F69/><W40/><G2/><T65/><D65/><U81/><E81/><V97/><F62/><W98/><G98/><T14/><D73/><U36/><E36/><V18/><F74/><W110/><G110/><T68/><D78/><U123/><E123/><V52/><F52/><W102/><G102/><T83/><D83/><U11/><REACH who="1" step="1"/><E103/><REACH who="1" ten="300,147,320,223" step="2"/><V64/><F122/><W118/><G118/><T61/><D106/><U6/><E6/><AGARI ba="0,1" hai="5,6,7,40,46,50,112,113" m="42471,50763" machi="6" ten="30,1000,0" yaku="20,1" doraHai="107" who="3" fromWho="1" sc="300,0,147,-10,320,0,223,20" /><INIT seed="3,0,0,3,3,112" ten="300,137,320,243" oya="3" hai0="1,50,4,66,110,9,7,52,34,91,10,128,79" hai1="29,40,124,15,22,72,111,30,27,56,129,100,80" hai2="0,84,105,97,130,77,93,85,134,65,12,95,122" hai3="2,67,33,28,18,69,88,3,55,104,62,45,90"/><W86/><G104/><T115/><D34/><U78/><E111/><V94/><F0/><W131/><G131/><T35/><D35/><U17/><E129/><V57/><F130/><W32/><G2/><T127/><D128/><U59/><E124/><V36/><F36/><W83/><G3/><T13/><D127/><U58/><E40/><V23/><F134/><W106/><G106/><T109/><D115/><U19/><E100/><N who="2" m="60463" /><F105/><W120/><G120/><T51/><D66/><U125/><E125/><V63/><F122/><W21/><G28/><T25/><D25/><U31/><E19/><N who="2" m="10727" /><F84/><W73/><G73/><T71/><D71/><U48/><E48/><V103/><F103/><W38/><G90/><T135/><D79/><U47/><E47/><V8/><F8/><W116/><G116/><T44/><D135/><U82/><E82/><AGARI ba="0,0" hai="57,63,65,77,82,85,94,95" m="10727,60463" machi="82" ten="30,1000,0" yaku="8,1" doraHai="112" who="2" fromWho="1" sc="300,0,137,-10,320,10,243,0" owari="300,10.0,127,-37.3,330,43.0,243,-15.7" /></mjloggm>