<mjloggm ver="2.3"><GO type="225" lobby="0"/><UN n0="%E3%81%AF%E3%82%88%E3%81%8A%E3%81%98%E3%81%95%E3%82%93" n1="%E8%B6%85%E7%B4%9A%E9%B3%B3%E5%87%B0" n2="%E3%82%B7%E3%83%B3%E5%A4%AA%E6%9C%97" n3="%E8%83%83%E3%81%A8%E8%85%B8" dan="17,16,16,17" rate="2171.81,2116.95,2174.22,2248.29" sx="M,M,M,M"/><TAIKYOKU oya="0"/><INIT seed="0,0,0,1,5,63" ten="250,250,250,250" oya="0" hai0="4,1,10,71,27,117,132,58,52,65,15,109,43" hai1="130,131,80,28,3,25,124,13,111,94,82,31,135" hai2="38,84,22,110,44,69,12,122,40,2,96,46,81" hai3="75,8,78,9,17,7,66,100,41,97,93,49,101"/><T39/><D117/><U54/><E3/><V89/><F110/><W16/><G75/><T79/><D109/><U48/><E111/><V5/><F122/><W83/><G101/><T29/><D132/><U98/><E135/><V90/><F69/><W14/><G8/><T19/><D79/><U60/><E124/><V126/><F126/><W88/><G66/><T68/><D43/><U134/><E134/><V62/><F2/><W0/><G0/><T121/><D39/><U21/><E60/><V72/><F72/><W50/><G100/><T85/><D121/><U102/><E13/><V34/><F34/><W114/><G114/><T33/><D85/><U127/><E31/><V6/><F44/><N who="3" m="25743" /><G50/><T123/><D123/><U20/><E20/><V53/><F53/><W128/><G128/><N who="1" m="49194" /><E127/><V26/><F12/><W77/><G83/><T107/><D107/><U104/><E104/><V47/><F47/><AGARI ba="0,0" hai="21,25,28,47,48,54,80,82,94,98,102" m="49194" machi="47" ten="30,1000,0" yaku="19,1" doraHai="63" who="1" fromWho="2" sc="250,0,250,10,250,-10,250,0" /><INIT seed="1,0,0,1,1,127" ten="250,260,240,250" oya="1" hai0="24,16,5,48,58,3,86,134,108,104,62,103,107" hai1="79,87,114,44,7,112,120,105,84,132,2,129,100" hai2="117,4,97,83,78,50,70,77,102,118,59,96,89" hai3="110,61,135,94,14,60,122,99,1,49,56,85,17"/><U22/><E120/><V75/><F70/><W131/><G1/><T65/><D108/><U69/><E69/><V38/><F38/><W31/><G122/><T35/><D134/><U29/><E132/><V21/><F4/><W57/><G135/><T73/><D73/><U93/><E105/><V101/><F21/><W98/><G110/><T72/><D72/><U92/><E44/><V43/><F43/><W95/><G31/><T25/><D103/><U66/><E66/><V18/><F18/><W30/><G30/><T33/><D48/><U20/><E29/><V12/><F12/><W53/><G131/><T126/><D126/><U41/><E41/><V91/><F59/><W130/><G130/><T67/><D86/><U11/><E100/><V113/><F50/><W32/><G32/><T47/><D47/><U39/><E39/><V116/><F113/><W133/><G133/><T63/><D5/><U51/><E51/><V119/><F78/><W74/><G74/><T45/><D3/><U71/><E71/><V23/><F23/><N who="3" m="11703" /><G85/><T0/><D0/><U68/><E68/><V19/><F19/><W8/><G8/><T55/><D33/><U46/><E129/><V81/><F119/><W109/><G109/><T115/><D115/><U125/><E114/><V27/><F27/><N who="0" m="10314" /><D16/><U80/><E112/><V128/><F128/><W111/><G111/><T52/><D35/><U6/><E125/><V90/><F83/><W121/><G121/><T42/><D107/><U37/><E7/><V36/><F36/><W13/><G13/><T26/><N who="0" m="10322" /><T106/><DORA hai="124" /><D106/><RYUUKYOKU ba="0,0" sc="250,-10,260,-10,240,30,250,-10" hai2="75,77,81,89,90,91,96,97,101,102,116,117,118" /><INIT seed="2,1,0,1,5,54" ten="240,250,270,240" oya="2" hai0="75,51,9,0,98,24,96,130,64,131,76,102,80" hai1="89,110,128,5,21,117,78,66,22,61,120,17,83" hai2="133,53,4,7,91,134,106,71,37,87,68,108,34" hai3="60,36,8,113,72,56,46,62,57,44,95,16,15"/><V77/><F106/><W30/><G72/><T86/><D64/><U47/><E117/><V38/><F77/><W13/><G113/><T29/><D51/><U129/><E110/><V82/><F34/><W27/><G36/><T107/><D96/><U119/><E119/><V45/><F108/><W19/><G95/><T81/><D9/><U115/><E115/><V114/><F114/><W43/><G43/><T33/><REACH who="0" step="1"/><D0/><REACH who="0" ten="230,250,270,240" step="2"/><U11/><E11/><V73/><F37/><W48/><G48/><T90/><AGARI ba="1,1" hai="24,29,33,75,76,80,81,86,90,98,102,107,130,131" machi="90" ten="30,4000,0" yaku="1,1,2,1,0,1,53,0" doraHai="54" doraHaiUra="132" who="0" fromWho="0" sc="230,53,250,-11,270,-21,240,-11" /><INIT seed="3,0,0,4,0,39" ten="283,239,249,229" oya="3" hai0="106,18,91,81,82,55,10,128,94,47,96,113,52" hai1="60,97,63,67,1,129,26,41,71,33,127,58,132" hai2="92,80,9,98,112,74,35,64,120,49,34,79,83" hai3="118,126,88,70,117,36,73,134,62,30,102,75,108"/><W48/><G36/><T44/><D106/><U0/><E129/><V72/><F112/><W19/><G102/><T3/><D3/><U85/><E127/><V45/><F64/><N who="3" m="41239" /><G30/><T76/><D128/><U13/><E132/><V23/><F120/><W124/><G19/><T29/><D113/><U14/><E97/><V43/><F9/><W24/><G24/><T66/><D29/><U110/><E110/><V38/><F38/><W57/><G134/><T104/><D104/><U31/><E85/><V5/><F5/><W16/><G16/><T61/><D66/><U7/><E41/><V133/><F23/><W125/><G108/><T17/><D17/><U121/><E121/><V135/><F133/><W12/><G12/><N who="0" m="7447" /><D61/><U116/><E116/><N who="3" m="44650" /><G88/><T101/><D76/><U109/><E109/><V40/><F135/><W89/><G89/><T2/><D2/><U115/><E115/><V123/><F123/><W50/><G57/><T99/><D99/><U4/><E0/><V107/><F107/><W15/><G15/><T8/><D8/><U37/><E37/><V130/><F130/><W93/><G93/><T32/><D32/><U65/><E1/><V114/><F114/><W68/><G68/><T103/><D103/><U84/><E84/><V42/><F34/><W46/><G50/><N who="0" m="29127" /><D101/><U56/><E71/><V22/><F35/><W59/><G59/><T28/><D28/><U86/><E86/><V95/><F95/><W131/><G131/><T87/><D87/><U77/><E77/><N who="2" m="44071" /><F22/><W69/><G69/><T27/><D27/><U21/><E33/><V51/><F51/><AGARI ba="0,0" hai="47,51,52,81,82,91,94,96" m="29127,7447" machi="51" ten="30,3900,0" yaku="6,1,8,1,54,1" doraHai="39" who="0" fromWho="2" sc="283,39,239,0,249,-39,229,0" owari="322,42.2,239,3.9,210,-29.0,229,-17.1" /></mjloggm>