<mjloggm ver="2.3"><GO type="225" lobby="0"/><UN n0="%E3%82%B2%E3%82%B9%E8%8C%82%E5%8B%9D" n1="%47%68%6F%73%74%55%30" n2="%E3%81%8B%E3%82%8F%E3%81%A1%E3%82%83%E3%82%93%35%38" n3="%E5%B8%86%E7%AB%8B%E5%A4%8F%E8%A1%A3" dan="16,17,16,16" rate="2110.92,2195.93,2175.52,2085.85" sx="F,M,M,M"/><TAIKYOKU oya="0"/><INIT seed="0,0,0,1,3,69" ten="250,250,250,250" oya="0" hai0="85,23,65,20,103,86,100,108,4,87,122,16,115" hai1="104,75,15,70,113,55,18,82,1,32,77,64,2" hai2="90,125,39,10,84,58,41,7,42,105,54,98,28" hai3="11,52,48,71,33,13,6,46,79,61,120,128,36"/><T34/><D115/><U51/><E113/><V95/><F28/><W117/><G117/><T97/><D122/><U45/><E32/><V14/><F125/><W94/><G120/><T119/><D119/><U47/><E104/><V21/><F21/><W92/><G33/><T124/><D34/><U66/><E47/><V3/><F3/><W27/><G27/><T131/><D124/><U35/><E35/><V43/><F105/><W81/><G128/><T102/><D131/><U53/><E53/><V50/><REACH who="2" step="1"/><F98/><REACH who="2" ten="250,250,240,250" step="2"/><W134/><G134/><T101/><D108/><U133/><E133/><V37/><AGARI ba="0,1" hai="7,10,14,37,39,41,42,43,50,54,58,84,90,95" machi="37" ten="30,8000,1" yaku="1,1,2,1,0,1,52,2,53,0" doraHai="69" doraHaiUra="116" who="2" fromWho="2" sc="250,-40,250,-20,240,90,250,-20" /><INIT seed="1,0,0,2,0,118" ten="210,230,330,230" oya="1" hai0="2,23,122,38,110,131,125,72,107,102,17,85,68" hai1="44,37,108,129,58,42,64,100,123,113,109,70,92" hai2="30,0,101,61,6,134,51,128,47,40,50,115,54" hai3="57,20,87,116,5,66,36,29,106,103,52,82,41"/><U114/><E100/><V75/><F75/><W86/><G116/><T45/><RYUUKYOKU type="yao9" ba="0,0" sc="210,0,230,0,330,0,230,0" hai0="2,17,23,38,45,68,72,85,102,107,110,122,125,131" /><INIT seed="1,1,0,4,4,33" ten="210,230,330,230" oya="1" hai0="54,72,83,90,61,126,55,131,35,76,106,15,124" hai1="68,13,37,65,86,133,56,120,51,94,92,115,43" hai2="71,53,42,46,112,75,125,108,104,116,130,31,26" hai3="78,74,84,135,69,38,119,2,111,98,134,102,20"/><U128/><E115/><V22/><F104/><N who="3" m="63575" /><G38/><T11/><D131/><U52/><E120/><V16/><F75/><W114/><G69/><T105/><D35/><U23/><E133/><N who="3" m="50698" /><G114/><T5/><D90/><U82/><E128/><V58/><F71/><W39/><G39/><T64/><D105/><U109/><E109/><V81/><F112/><W113/><G113/><T6/><D106/><U129/><E129/><V0/><F130/><W41/><G41/><T63/><D5/><U21/><E43/><V132/><F132/><W7/><G111/><T1/><D15/><U8/><E37/><V88/><F0/><W50/><G50/><T73/><D72/><U24/><E65/><V103/><F103/><W45/><G45/><T89/><D89/><N who="1" m="51415" /><E68/><V27/><F116/><W44/><G44/><T123/><D123/><U19/><E23/><N who="2" m="13671" /><F108/><W85/><G20/><T40/><D40/><U17/><AGARI ba="1,0" hai="8,13,17,19,21,24,51,52,56,92,94" m="51415" machi="17" ten="30,3000,0" yaku="8,1,54,1" doraHai="33" who="1" fromWho="1" sc="210,-11,230,33,330,-11,230,-11" /><INIT seed="1,2,0,4,0,112" ten="199,263,319,219" oya="1" hai0="5,28,9,57,113,67,126,135,37,47,65,22,20" hai1="8,21,34,40,50,78,59,125,115,95,121,63,42" hai2="110,27,84,91,82,129,13,38,16,66,64,114,106" hai3="30,130,100,132,131,123,128,74,133,56,62,105,24"/><U116/><E115/><V99/><F38/><W52/><G74/><T60/><D113/><U15/><E121/><V73/><F114/><W49/><G123/><T48/><D135/><N who="3" m="51785" /><G100/><T19/><D126/><U12/><E34/><V44/><F73/><W77/><G77/><T41/><D28/><U94/><E78/><V1/><F1/><W69/><G105/><T108/><D108/><U103/><E116/><V45/><F106/><W87/><G87/><T92/><D37/><U32/><E32/><V127/><F110/><W33/><G69/><T97/><D65/><N who="2" m="25194" /><F129/><N who="3" m="33027" /><W68/><DORA hai="36" /><G68/><T6/><D9/><U10/><E125/><V118/><F118/><W53/><G53/><T3/><D3/><U107/><E107/><V31/><F127/><W55/><G55/><T89/><REACH who="0" step="1"/><D22/><REACH who="0" ten="189,263,319,219" step="2"/><U0/><E21/><N who="2" m="15855" /><F99/><W71/><G71/><T39/><D39/><U76/><E0/><V90/><F90/><W26/><G26/><AGARI ba="2,1" hai="5,6,19,20,26,41,47,48,57,60,67,89,92,97" machi="26" ten="30,8000,1" yaku="1,1,7,1,8,1,52,1,53,1" doraHai="112,36" doraHaiUra="96,58" who="0" fromWho="3" sc="189,96,263,0,319,0,219,-86" /><INIT seed="2,0,0,4,5,90" ten="285,263,319,133" oya="2" hai0="31,4,73,18,54,118,30,43,86,68,115,105,50" hai1="123,16,98,61,58,27,34,38,13,1,33,40,46" hai2="60,128,124,114,88,122,130,11,20,129,103,70,112" hai3="6,67,24,57,83,107,15,65,12,41,109,92,37"/><V75/><F75/><W5/><G107/><T9/><D115/><U0/><E123/><V14/><F122/><W82/><G109/><T101/><D73/><U36/><E36/><V10/><F103/><W127/><G127/><T53/><D68/><U71/><E71/><V3/><F124/><W21/><G37/><T102/><D118/><U44/><E44/><V116/><F116/><W19/><G41/><T32/><D18/><U74/><E74/><V2/><F60/><W26/><G57/><T131/><D131/><U134/><E134/><V89/><F70/><W87/><G87/><T121/><D121/><U95/><E33/><V48/><F48/><W106/><G106/><T7/><D43/><U42/><E42/><V126/><F126/><W99/><G19/><T52/><D50/><U117/><E34/><V93/><F20/><W78/><G21/><T110/><D110/><U29/><E29/><V23/><F23/><W39/><G39/><T63/><D63/><U80/><E27/><V62/><F62/><W49/><G49/><T56/><D56/><U51/><E80/><V35/><F35/><W22/><G22/><T17/><D32/><U79/><E38/><V69/><F69/><W84/><G84/><T97/><D17/><U113/><E117/><V100/><F129/><W25/><G25/><T77/><D4/><U8/><E113/><V76/><F130/><W55/><G55/><T125/><D125/><U59/><E59/><V132/><F128/><W64/><G64/><T96/><D7/><U81/><E58/><V119/><F114/><W28/><G28/><RYUUKYOKU ba="0,0" sc="285,0,263,0,319,0,133,0" /><INIT seed="3,1,0,2,0,121" ten="285,263,319,133" oya="3" hai0="41,17,97,64,124,103,6,122,85,81,123,113,101" hai1="118,8,125,54,79,131,47,38,31,62,89,76,27" hai2="60,39,66,77,63,61,65,68,84,109,102,69,34" hai3="1,15,104,112,22,2,128,18,51,94,117,24,58"/><W129/><G104/><T88/><D124/><U25/><E125/><V14/><F109/><W3/><G94/><T40/><D113/><U74/><E74/><V134/><F34/><W78/><G78/><T91/><D6/><U71/><E131/><N who="3" m="50250" /><G58/><T73/><D73/><U87/><E8/><V72/><F72/><W29/><G51/><T119/><D119/><U116/><E25/><V126/><F39/><W46/><G46/><T96/><D64/><U44/><E38/><V19/><F126/><W9/><G112/><T50/><D17/><U16/><E71/><V7/><F61/><W70/><G70/><T26/><D26/><U100/><E16/><V32/><F102/><W48/><G48/><T115/><D115/><U45/><E100/><V90/><F77/><W12/><G12/><T30/><D50/><U106/><E106/><V52/><F90/><W130/><N who="3" m="50258" /><W92/><DORA hai="95" /><G92/><T98/><D101/><U42/><E76/><V23/><F14/><W99/><G99/><T0/><D103/><U86/><E79/><V36/><F69/><W59/><G59/><T55/><D91/><U133/><E89/><V4/><F68/><W53/><G53/><T110/><D55/><U75/><E75/><V35/><F52/><W21/><G117/><T132/><D81/><U93/><E93/><V57/><F57/><W20/><AGARI ba="1,0" hai="1,2,3,9,15,18,20,21,22,24,29" m="50258" machi="20" ten="50,9600,0" yaku="19,1,34,2" doraHai="121,95" who="3" fromWho="3" sc="285,-33,263,-33,319,-33,133,99" /><INIT seed="3,2,0,4,2,109" ten="252,230,286,232" oya="3" hai0="91,13,73,26,14,53,105,122,40,47,52,125,22" hai1="11,79,81,110,30,97,120,131,24,31,23,51,107" hai2="127,72,35,65,63,27,116,100,32,66,56,132,55" hai3="10,85,12,18,67,41,69,88,115,39,80,92,17"/><W102/><G115/><T46/><D122/><U61/><E120/><V8/><F116/><W134/><G134/><T60/><D73/><U104/><E110/><V111/><F111/><W77/><G69/><T7/><D105/><U45/><E131/><V20/><F72/><W16/><G67/><T1/><D1/><U48/><E31/><V54/><F132/><W86/><G39/><T49/><D125/><U129/><E129/><V19/><F127/><W57/><G57/><N who="0" m="34855" /><D7/><U117/><E117/><V90/><F100/><W75/><G41/><T126/><D126/><U15/><E97/><V25/><F35/><W130/><G130/><T74/><D74/><U84/><E61/><V33/><F33/><W64/><G64/><T98/><D46/><U3/><E3/><V28/><F65/><W68/><G68/><T101/><D101/><U118/><E118/><V96/><F8/><W5/><REACH who="3" step="1"/><G102/><REACH who="3" ten="252,230,286,222" step="2"/><T42/><D40/><N who="1" m="24615" /><E51/><V34/><F66/><W94/><G94/><N who="0" m="56671" /><D42/><U43/><E43/><V37/><F37/><W99/><AGARI ba="2,1" hai="5,10,12,16,17,18,75,77,80,85,86,88,92,99" machi="99" ten="30,12000,1" yaku="1,1,0,1,54,2,53,1" doraHai="109" doraHaiUra="76" who="3" fromWho="3" sc="252,-42,230,-42,286,-42,222,136" owari="210,-19.0,188,-31.2,244,4.4,358,45.8" /></mjloggm>