<mjloggm ver="2.3"><GO type="225" lobby="0"/><UN n0="%E5%B0%8F%E9%B3%A5%E9%81%8A%E7%B7%B4%E7%84%A1%32%31%E6%AD%B3" n1="%E6%B4%BE%E9%81%A3%E3%81%AE%E3%82%B8%E3%83%A3%E3%83%83%E3%82%AF" n2="%E3%81%82%E3%81%B9%E3%81%99%E3%81%91" n3="%E3%83%A9%E3%83%BC%E3%83%A1%E3%83%B3%E4%BA%94%E9%83%8E" dan="16,16,16,16" rate="2195.67,2184.26,2110.05,2055.95" sx="F,M,M,M"/><TAIKYOKU oya="0"/><INIT seed="0,0,0,0,5,131" ten="250,250,250,250" oya="0" hai0="27,52,113,31,25,129,36,3,76,56,116,57,2" hai1="85,107,44,130,48,63,88,15,134,38,30,43,0" hai2="11,19,65,99,118,125,84,33,34,9,7,28,103" hai3="104,45,102,61,8,93,67,17,18,122,101,24,68"/><T14/><D113/><U6/><E107/><V97/><F125/><W35/><G122/><T41/><D116/><U108/><E108/><V47/><F118/><W79/><G79/><T13/><D129/><U83/><E130/><V135/><F65/><W22/><G35/><T114/><D76/><U71/><E30/><V39/><F28/><W23/><G104/><T59/><D114/><U89/><E0/><V5/><F84/><W111/><G111/><T78/><D78/><N who="1" m="46327" /><E38/><V32/><F19/><W91/><G45/><T4/><D31/><U112/><E112/><V16/><F16/><W26/><REACH who="3" step="1"/><G8/><REACH who="3" ten="250,250,250,240" step="2"/><T109/><D109/><U121/><E121/><V66/><F34/><W62/><G62/><T42/><D36/><U72/><E63/><V120/><F47/><W80/><G80/><T64/><D64/><U90/><E72/><V75/><F66/><W100/><G100/><T10/><D10/><N who="1" m="4567" /><E71/><V37/><F120/><W50/><G50/><T94/><D94/><U124/><E124/><V92/><F75/><W21/><G21/><T128/><D128/><U127/><E127/><V123/><F92/><W86/><AGARI ba="0,1" hai="17,18,22,23,24,26,61,67,68,86,91,93,101,102" machi="86" ten="20,5200,0" yaku="1,1,0,1,7,1,9,1,53,0" doraHai="131" doraHaiUra="49" who="3" fromWho="3" sc="250,-26,250,-13,250,-13,240,62" /><INIT seed="1,0,0,3,5,36" ten="224,237,237,302" oya="1" hai0="118,86,132,95,109,115,58,1,29,14,66,102,11" hai1="123,97,16,0,90,121,13,57,133,74,75,50,28" hai2="51,70,37,64,85,59,43,105,114,76,103,69,60" hai3="3,35,127,41,46,129,20,34,24,111,98,9,94"/><U79/><E0/><V40/><F105/><W45/><G111/><T30/><D115/><U84/><E28/><V122/><F103/><W117/><G127/><T78/><D118/><U8/><E133/><V108/><F76/><W116/><G129/><T124/><D1/><U4/><E4/><V42/><F85/><W134/><G134/><T7/><D109/><U17/><E17/><V53/><F108/><W83/><G83/><N who="0" m="47479" /><D124/><U135/><E135/><V101/><F101/><N who="3" m="60631" /><G9/><T26/><D26/><U2/><E2/><V19/><F19/><N who="3" m="12319" /><G46/><T63/><D132/><U82/><E97/><AGARI ba="0,0" hai="7,11,14,29,30,58,63,66,95,97,102" m="47479" machi="97" ten="30,1000,0" yaku="8,1" doraHai="36" who="0" fromWho="1" sc="224,10,237,-10,237,0,302,0" /><INIT seed="2,0,0,0,4,98" ten="234,227,237,302" oya="2" hai0="40,39,32,130,131,41,16,111,83,117,94,68,1" hai1="10,112,87,48,14,37,12,109,105,97,49,114,91" hai2="51,52,33,86,35,56,118,3,59,120,74,107,89" hai3="104,21,126,38,123,67,26,44,84,113,72,8,0"/><V69/><F118/><W88/><G123/><T58/><D68/><U27/><E37/><V17/><F120/><W4/><G104/><T128/><D1/><U116/><E116/><V134/><F69/><W5/><G72/><T34/><D117/><U29/><E109/><V7/><F74/><W23/><G126/><T2/><D2/><U57/><E112/><V76/><F76/><W6/><G113/><T46/><D41/><U99/><E114/><V75/><F75/><W127/><G127/><T92/><D83/><U102/><E99/><V115/><F115/><W93/><G67/><T133/><D111/><U108/><E108/><V66/><F134/><W13/><G0/><T80/><D80/><U106/><E106/><V11/><F17/><W47/><G38/><T25/><D58/><U62/><E14/><V82/><REACH who="2" step="1"/><F107/><REACH who="2" ten="234,227,227,302" step="2"/><W36/><G4/><T96/><D133/><U61/><E29/><V90/><F90/><W121/><G5/><T19/><D19/><U30/><E30/><V42/><F42/><W18/><G121/><T60/><D16/><U101/><E91/><V129/><F129/><W110/><G110/><T28/><D130/><U54/><E105/><V64/><F64/><W103/><G6/><T65/><D131/><U53/><E53/><V70/><F70/><W24/><G18/><T95/><D128/><U45/><E54/><V15/><F15/><W135/><G13/><T100/><D65/><U79/><E12/><V71/><F71/><W73/><G135/><T55/><D55/><U122/><E122/><V43/><F43/><N who="3" m="22631" /><G73/><T124/><D40/><RYUUKYOKU ba="0,1" sc="234,-10,227,-10,227,30,302,-10" hai2="3,7,11,33,35,51,52,56,59,66,82,86,89" /><INIT seed="2,1,1,3,3,60" ten="224,217,257,292" oya="2" hai0="119,135,61,71,130,35,109,43,41,87,93,15,101" hai1="128,122,131,77,16,111,99,32,20,83,89,29,76" hai2="50,102,63,86,7,91,53,123,100,34,112,44,51" hai3="38,11,118,106,4,0,81,114,12,57,25,104,98"/><V74/><F123/><W85/><G118/><T73/><D73/><U95/><E111/><V30/><F112/><W24/><G38/><T33/><D119/><U108/><E108/><V64/><F74/><W96/><G114/><T92/><D109/><U125/><E125/><V84/><F7/><W117/><G117/><T42/><D135/><U2/><E2/><V127/><F127/><W97/><G0/><T132/><D132/><U103/><E122/><V40/><F34/><W3/><G3/><T113/><D113/><U39/><E39/><V54/><F30/><W59/><G106/><T88/><D15/><N who="1" m="9247" /><E29/><V78/><F78/><N who="3" m="46263" /><G104/><T79/><D79/><U17/><E17/><V124/><F86/><W9/><G9/><T58/><D71/><U72/><E32/><V10/><F10/><W126/><G126/><T13/><D13/><U1/><E1/><V31/><F31/><W70/><G70/><T46/><D130/><N who="1" m="49707" /><E76/><V133/><F124/><W115/><G115/><T37/><D33/><U27/><E27/><AGARI ba="1,1" hai="4,11,12,24,25,27,57,59,96,97,98" m="46263" machi="27" ten="30,1000,0" yaku="8,1" doraHai="60" who="3" fromWho="1" sc="224,0,217,-13,257,0,292,23" /><INIT seed="3,0,0,4,0,36" ten="224,204,257,315" oya="3" hai0="3,74,72,7,56,126,79,127,42,70,37,57,38" hai1="20,103,29,46,86,107,45,23,25,26,128,71,81" hai2="109,132,5,134,30,113,90,76,58,123,83,124,44" hai3="110,115,67,94,82,99,75,69,48,73,53,41,111"/><W91/><G115/><T4/><D70/><U15/><E71/><V13/><F109/><N who="3" m="41483" /><G41/><T85/><D85/><U51/><E128/><V106/><F90/><W92/><G82/><T50/><D50/><U22/><E107/><V108/><F44/><N who="3" m="27783" /><G94/><T114/><D114/><U120/><E103/><V87/><F106/><W1/><G1/><T104/><D104/><U59/><E59/><N who="0" m="22601" /><D79/><U118/><E118/><V66/><F58/><W16/><G16/><T21/><D3/><U35/><E120/><V112/><F5/><N who="0" m="2122" /><D21/><U49/><E15/><V135/><F108/><W34/><G34/><T47/><D37/><U89/><E49/><V125/><F123/><W97/><G97/><T14/><D14/><U121/><E121/><V88/><F113/><W100/><G100/><T95/><D95/><U17/><REACH who="1" step="1"/><E46/><REACH who="1" ten="224,194,257,315" step="2"/><V60/><F112/><W27/><G27/><T77/><D77/><U19/><E19/><V101/><F101/><W8/><G91/><T31/><D31/><U12/><E12/><V0/><F13/><W65/><G69/><T84/><D38/><U68/><E68/><V39/><F30/><W105/><G105/><T130/><D47/><U2/><E2/><V63/><F0/><W62/><G8/><T10/><D10/><U61/><E61/><V28/><F63/><W40/><G62/><T116/><D130/><U102/><E102/><V64/><F60/><W133/><G67/><T24/><D24/><U131/><E131/><V122/><F122/><W96/><G65/><T9/><D9/><U43/><AGARI ba="0,1" hai="17,20,22,23,25,26,29,35,43,45,51,81,86,89" machi="43" ten="20,5200,0" yaku="1,1,0,1,7,1,52,1,53,0" doraHai="36" doraHaiUra="33" who="1" fromWho="1" sc="224,-13,194,62,257,-13,315,-26" /><INIT seed="4,0,0,5,0,54" ten="211,256,244,289" oya="0" hai0="33,62,73,14,128,117,39,113,112,90,12,88,9" hai1="114,107,51,84,106,23,94,95,19,2,27,10,130" hai2="132,102,127,69,48,82,46,133,30,41,58,70,105" hai3="42,20,67,68,59,110,22,16,74,100,25,85,45"/><T71/><D39/><U37/><E37/><V119/><F127/><W131/><G74/><T60/><D33/><U79/><E130/><V124/><F124/><W101/><G110/><T1/><D117/><U75/><E75/><V125/><F125/><W76/><G68/><T103/><D73/><U35/><E114/><N who="0" m="44137" /><D103/><U61/><E61/><N who="0" m="23657" /><D71/><U3/><E51/><V7/><F70/><W28/><G131/><T47/><D47/><U64/><E64/><V31/><F69/><W32/><G32/><T57/><D128/><U63/><E63/><V36/><F102/><W29/><G67/><T38/><D38/><U34/><E79/><V126/><F126/><W96/><G76/><T24/><D24/><U49/><E49/><V4/><F48/><W77/><G77/><T17/><D1/><U18/><E27/><V111/><F36/><W120/><G100/><T135/><D135/><U98/><E3/><V40/><F133/><W123/><G25/><T108/><D108/><U81/><E2/><V52/><F132/><W80/><G101/><T15/><D57/><U129/><E129/><V87/><F111/><W116/><G59/><T13/><AGARI ba="0,0" hai="9,12,13,14,15,17,88,90" m="23657,44137" machi="13" ten="40,3900,0" yaku="15,1,54,1" doraHai="54" who="0" fromWho="0" sc="211,39,256,-13,244,-13,289,-13" /><INIT seed="4,1,0,4,5,71" ten="250,243,231,276" oya="0" hai0="81,10,130,83,111,85,97,42,65,6,122,53,54" hai1="31,59,50,118,1,43,126,38,11,128,29,67,36" hai2="116,91,134,99,17,5,56,63,16,70,20,21,101" hai3="84,60,69,40,80,61,98,13,45,129,9,135,52"/><T39/><D122/><U125/><E118/><V23/><F134/><W19/><G135/><T73/><D130/><U103/><E103/><V115/><F70/><W96/><G129/><T18/><D111/><U79/><E79/><V66/><F115/><W0/><G0/><T114/><D65/><U92/><E92/><N who="2" m="58599" /><F116/><W55/><G69/><T107/><D114/><U27/><E128/><V119/><F119/><W68/><G68/><T30/><D18/><U77/><E77/><V78/><F78/><N who="3" m="46103" /><G40/><T24/><D81/><U104/><E104/><V14/><F91/><W35/><G35/><T86/><D86/><U76/><E76/><V106/><F106/><W34/><G34/><T28/><D73/><U127/><E43/><V93/><F93/><W72/><G72/><T120/><D120/><U46/><E46/><V2/><F2/><W95/><G98/><T121/><D97/><U37/><E27/><V7/><F17/><W41/><G41/><T82/><D121/><U15/><E1/><V89/><F89/><N who="3" m="55407" /><G45/><N who="0" m="23775" /><D107/><U3/><E3/><V75/><F75/><W131/><G131/><T88/><D83/><U8/><E67/><V90/><F90/><W132/><G132/><T117/><D117/><U74/><E74/><V123/><F123/><W57/><G61/><T4/><D4/><AGARI ba="1,0" hai="4,5,7,14,16,20,21,23,56,63,66" m="58599" machi="4" ten="30,2000,0" yaku="8,1,54,1" doraHai="71" who="2" fromWho="0" sc="250,-23,243,0,231,23,276,0" /><INIT seed="5,0,0,4,0,129" ten="227,243,254,276" oya="1" hai0="12,39,128,9,98,135,84,31,2,49,111,112,124" hai1="86,131,16,27,34,22,108,90,52,11,130,69,68" hai2="18,120,37,67,44,21,114,25,82,76,51,134,117" hai3="38,41,109,70,7,101,6,116,28,115,110,121,4"/><U14/><E34/><V5/><F117/><W99/><G121/><T118/><D31/><U97/><E97/><V46/><F120/><W95/><G70/><T54/><D54/><U71/><E108/><V132/><F67/><W1/><G116/><T15/><D49/><U85/><E52/><V10/><F114/><W8/><G115/><T53/><D53/><U88/><E86/><N who="2" m="48455" /><F37/><W133/><G28/><T96/><D84/><U91/><REACH who="1" step="1"/><E85/><REACH who="1" ten="227,233,254,276" step="2"/><V58/><F51/><W93/><G109/><T61/><D96/><U0/><E0/><V24/><F46/><W75/><G110/><T57/><D98/><U19/><AGARI ba="0,1" hai="11,14,16,19,22,27,68,69,71,88,90,91,130,131" machi="19" ten="40,12000,1" yaku="1,1,0,1,54,2,53,0" doraHai="129" doraHaiUra="72" who="1" fromWho="1" sc="227,-40,233,130,254,-40,276,-40" owari="187,-31.3,363,46.3,214,-18.6,236,3.6" /></mjloggm>