<mjloggm ver="2.3"><GO type="225" lobby="0"/><UN n0="%6C%61%6D%62" n1="%E5%A4%9C%E3%81%AE%E3%82%AC%E3%82%B9%E3%83%91%E3%83%BC%E3%83%AB" n2="%72%69%6F%75%63%68%61%6E" n3="%E3%81%A4%E3%81%A3%E3%81%B1%E3%82%8A%E3%83%9D%E3%83%BC%E3%83%AB" dan="16,16,16,17" rate="2183.29,2125.94,2175.71,2222.39" sx="M,M,M,M"/><TAIKYOKU oya="0"/><INIT seed="0,0,0,1,2,28" ten="250,250,250,250" oya="0" hai0="93,82,18,24,123,84,94,129,80,19,37,88,62" hai1="7,95,104,39,30,1,100,79,56,54,103,118,4" hai2="71,44,42,2,125,91,27,112,76,133,101,12,85" hai3="115,6,5,63,65,33,77,40,109,59,78,38,113"/><T132/><D123/><U8/><E118/><V102/><F112/><W116/><G116/><T121/><D121/><U21/><E39/><V25/><F2/><W26/><G109/><T23/><D129/><U15/><E104/><V135/><F125/><W46/><G115/><T36/><D132/><N who="2" m="50762" /><F71/><W50/><G113/><T131/><D131/><U9/><E79/><V108/><F76/><W86/><G38/><T72/><D37/><U22/><E30/><V89/><F108/><W16/><G33/><T114/><D36/><U52/><E95/><N who="2" m="54703" /><F12/><W13/><G26/><N who="2" m="9737" /><F91/><W128/><G128/><T57/><D114/><U111/><E111/><V106/><F106/><W48/><G78/><T67/><D72/><U130/><E130/><V11/><F11/><W0/><G0/><T3/><D3/><U69/><E69/><V96/><F96/><W53/><G77/><T20/><D82/><U74/><E74/><V60/><F60/><W58/><G86/><T55/><D67/><U92/><E92/><V119/><F119/><W122/><G122/><T41/><D41/><U70/><E70/><V17/><F17/><W124/><G124/><T127/><D127/><U87/><E87/><V99/><F99/><W29/><G29/><T61/><D62/><U68/><E68/><V75/><F75/><W73/><G73/><T45/><D45/><U66/><E66/><V107/><F107/><W117/><G117/><T31/><D31/><U43/><E43/><V35/><F35/><W64/><G65/><T51/><D61/><N who="1" m="35991" /><E52/><V47/><F42/><W32/><G32/><T81/><D93/><RYUUKYOKU ba="0,0" sc="250,0,250,0,250,0,250,0" hai0="18,19,20,23,24,51,55,57,80,81,84,88,94" hai1="1,4,7,8,9,15,21,22,100,103" hai2="44,47,101,102" hai3="5,6,13,16,40,46,48,50,53,58,59,63,64" /><INIT seed="0,1,0,3,5,97" ten="250,250,250,250" oya="0" hai0="115,53,13,82,24,121,11,131,69,101,71,120,93" hai1="22,132,64,68,59,111,39,79,16,87,5,125,133" hai2="37,4,63,18,104,9,103,126,58,76,128,105,33" hai3="50,61,2,35,65,26,99,27,0,89,83,94,19"/><T118/><D115/><U109/><E39/><V72/><F37/><W130/><G130/><T1/><D118/><U77/><E68/><V98/><F128/><W8/><G35/><T127/><D131/><U81/><E5/><V56/><F126/><W17/><G83/><T67/><D127/><U28/><E28/><V112/><F112/><W45/><G2/><T70/><D67/><U74/><E125/><V106/><F33/><W119/><G119/><T73/><D1/><U49/><E74/><V110/><F110/><N who="1" m="41993" /><E79/><V7/><F56/><N who="3" m="37031" /><G0/><T60/><D24/><N who="3" m="9257" /><G8/><T42/><D82/><U52/><E64/><V20/><F9/><W46/><G46/><T123/><D73/><U95/><E95/><V92/><F76/><W86/><G86/><T54/><D70/><U48/><E48/><V41/><F72/><W90/><G89/><T38/><D71/><U122/><E122/><V40/><F4/><W129/><G129/><T96/><D69/><U32/><E32/><V62/><F7/><W34/><G34/><T78/><D78/><U117/><E117/><V114/><F114/><W88/><G90/><T12/><D11/><U100/><E100/><V116/><F116/><W14/><G14/><AGARI ba="1,0" hai="14,16,22,49,52,59,77,81,87,132,133" m="41993" machi="14" ten="30,3900,0" yaku="14,1,54,2" doraHai="97" who="1" fromWho="3" sc="250,0,250,42,250,0,250,-42" /><INIT seed="1,0,0,3,2,22" ten="250,292,250,208" oya="1" hai0="9,83,34,41,99,126,70,3,114,133,19,45,128" hai1="134,24,40,95,92,21,108,120,2,12,10,121,31" hai2="105,18,69,93,96,49,102,78,62,76,118,82,0" hai3="26,53,4,90,109,1,110,116,32,66,135,89,111"/><U67/><E134/><V20/><F118/><W59/><G135/><T7/><D114/><U28/><E2/><V11/><F49/><W14/><G116/><T35/><D133/><U55/><E67/><V44/><F44/><W119/><G119/><T125/><D70/><U58/><E40/><V85/><F76/><W94/><G1/><T46/><D128/><U5/><E108/><N who="3" m="27650" /><W16/><DORA hai="117" /><G66/><T60/><D60/><U64/><E31/><V130/><F130/><W84/><G4/><T80/><D99/><U50/><REACH who="1" step="1"/><E64/><REACH who="1" ten="250,282,250,208" step="2"/><V48/><F0/><W39/><G39/><T8/><D41/><U124/><E124/><V115/><F115/><W65/><G65/><T52/><D3/><U17/><E17/><V43/><F18/><W103/><G32/><T71/><D19/><U107/><E107/><V68/><F105/><W56/><G53/><T86/><D52/><U15/><E15/><V33/><F33/><W127/><G127/><T97/><D35/><U6/><E6/><V100/><F68/><W63/><G14/><T75/><D34/><U98/><E98/><V36/><F96/><N who="3" m="59799" /><G63/><T54/><D54/><U129/><E129/><V23/><F62/><W42/><G42/><T122/><D125/><U88/><E88/><V29/><F43/><W38/><G38/><T37/><D126/><U74/><E74/><V30/><F36/><W25/><G90/><T77/><D37/><U131/><E131/><V61/><F69/><W51/><G16/><T91/><D71/><U106/><E106/><V57/><F61/><W113/><G89/><T101/><D91/><RYUUKYOKU ba="0,1" sc="250,-10,282,30,250,-10,208,-10" hai1="5,10,12,21,24,28,50,55,58,92,95,120,121" /><INIT seed="1,1,1,5,3,44" ten="240,312,240,198" oya="1" hai0="48,6,27,113,66,77,3,37,106,104,112,103,116" hai1="32,109,90,20,89,21,60,47,87,102,43,51,83" hai2="98,59,38,120,72,123,58,17,64,93,55,122,8" hai3="95,130,133,99,126,2,114,63,91,88,35,69,56"/><U9/><E32/><V85/><F72/><W79/><G114/><T78/><D37/><U121/><E121/><V15/><F38/><W127/><G35/><T135/><D116/><U36/><E102/><V7/><F64/><W53/><G2/><T119/><D119/><U4/><E109/><V11/><F85/><W129/><G79/><T16/><D66/><U30/><E36/><V39/><F39/><W12/><G69/><T57/><D6/><U22/><E60/><V40/><F40/><W26/><G26/><T46/><D3/><U125/><E125/><N who="3" m="47626" /><G12/><T111/><D57/><U62/><E62/><V101/><REACH who="2" step="1"/><F55/><REACH who="2" ten="240,312,230,198" step="2"/><W100/><G133/><T115/><D115/><U118/><E118/><V134/><F134/><W81/><G81/><T68/><D135/><U128/><E83/><V34/><F34/><W49/><G63/><T75/><D113/><U131/><E87/><V0/><AGARI ba="1,2" hai="0,7,8,11,15,17,58,59,93,98,101,120,122,123" machi="0" ten="30,2000,0" yaku="1,1,0,1,53,0" doraHai="44" doraHaiUra="71" who="2" fromWho="2" sc="240,-6,312,-11,230,43,198,-6" /><INIT seed="2,0,0,5,2,78" ten="234,301,273,192" oya="2" hai0="14,61,64,120,37,56,86,71,41,27,80,117,35" hai1="130,32,9,87,57,47,34,1,94,115,72,0,133" hai2="19,55,68,102,28,45,125,52,108,8,51,53,49" hai3="127,11,79,44,66,59,77,40,135,100,113,74,65"/><V85/><F68/><W13/><G135/><T75/><D120/><U95/><E115/><V89/><F125/><W98/><G127/><T116/><D75/><U3/><E72/><V60/><F108/><W104/><G113/><T90/><D14/><U129/><E133/><V97/><F28/><W17/><G59/><T15/><D15/><U24/><E9/><V126/><F126/><W132/><G132/><T73/><D73/><U46/><E57/><V112/><F112/><W54/><G54/><T30/><REACH who="0" step="1"/><D56/><REACH who="0" ten="224,301,273,192" step="2"/><U58/><E58/><N who="2" m="34887" /><F8/><W69/><G69/><T134/><D134/><U50/><E3/><V43/><F51/><W38/><REACH who="3" step="1"/><G79/><REACH who="3" ten="224,301,273,182" step="2"/><T109/><D109/><U67/><E129/><V48/><F55/><W18/><G18/><T23/><D23/><U81/><E130/><V26/><F19/><W131/><G131/><T22/><D22/><U121/><E34/><V10/><F53/><W122/><G122/><T6/><D6/><U83/><E121/><V111/><F111/><W5/><G5/><T91/><D91/><U42/><E32/><V25/><F10/><W31/><G31/><T128/><D128/><U99/><E67/><V70/><F70/><W33/><G33/><T63/><D63/><U107/><E1/><V124/><F124/><W7/><G7/><T82/><D82/><AGARI ba="0,2" hai="11,13,17,38,40,44,65,66,74,77,82,98,100,104" machi="82" ten="40,2600,0" yaku="1,1,52,1,53,0" doraHai="78" doraHaiUra="123" who="3" fromWho="0" sc="224,-26,301,0,273,0,182,46" /><INIT seed="3,0,0,0,1,20" ten="198,301,273,228" oya="3" hai0="37,119,41,88,104,93,92,122,23,0,85,67,10" hai1="50,16,99,1,73,107,3,38,97,66,131,118,57" hai2="109,112,128,81,123,7,82,126,124,114,105,72,58" hai3="110,76,64,130,87,89,132,32,18,53,95,56,24"/><W59/><G132/><T90/><D119/><U5/><E38/><V8/><F105/><W55/><G130/><T96/><D122/><U46/><E73/><V106/><F106/><W134/><G134/><T30/><D104/><U6/><E131/><V21/><F128/><W17/><G110/><T75/><D75/><U13/><E3/><V33/><F33/><W45/><G64/><T103/><D67/><U65/><E1/><V68/><F68/><W44/><G76/><T91/><D37/><U40/><E66/><V121/><F109/><W22/><G32/><T29/><D41/><U86/><E86/><V39/><F39/><W84/><G84/><T70/><D70/><U79/><E79/><V25/><F72/><W125/><G17/><T129/><D129/><U27/><E27/><V62/><F62/><N who="3" m="36111" /><G125/><N who="2" m="48233" /><F58/><W120/><G120/><N who="2" m="46153" /><F112/><W51/><AGARI ba="0,0" hai="18,22,24,44,45,51,55,59,87,89,95" m="36111" machi="51" ten="30,3000,0" yaku="8,1,52,1" doraHai="20" who="3" fromWho="3" sc="198,-10,301,-10,273,-10,228,30" /><INIT seed="3,1,0,1,2,38" ten="188,291,263,258" oya="3" hai0="98,122,46,79,105,126,66,135,65,87,24,60,4" hai1="43,27,114,30,68,9,18,118,85,106,107,36,37" hai2="50,82,6,69,61,115,77,33,129,81,75,71,63" hai3="94,121,112,23,95,83,100,7,124,119,17,47,57"/><W103/><G112/><T2/><D122/><U42/><E114/><V111/><F115/><W55/><G121/><T58/><D135/><U110/><E68/><V40/><F33/><W72/><G119/><T132/><D132/><U67/><E67/><V109/><F129/><W123/><G123/><T22/><D126/><U96/><E110/><N who="2" m="41995" /><F6/><W56/><G124/><T88/><D2/><U21/><E37/><V15/><F15/><W19/><G7/><T62/><D4/><U1/><E118/><V91/><F82/><W86/><G72/><T20/><D79/><U25/><E1/><V92/><F69/><W113/><G47/><T84/><D46/><U73/><E73/><V80/><F80/><W131/><G131/><T102/><D24/><U44/><E43/><V13/><F13/><N who="3" m="9647" /><G19/><T53/><D87/><U133/><E133/><V39/><F39/><W70/><G70/><T52/><D53/><U59/><E96/><N who="2" m="57375" /><F71/><W12/><G12/><T134/><D134/><U10/><E85/><V99/><F99/><N who="3" m="59511" /><G113/><T45/><D66/><U29/><E10/><V120/><F120/><W11/><G11/><T101/><D101/><U97/><E9/><V16/><F16/><W41/><G103/><T108/><D108/><U31/><E18/><V64/><F64/><W90/><G83/><N who="0" m="49183" /><D45/><AGARI ba="1,0" hai="40,45,50,61,63,75,77,81" m="57375,41995" machi="45" ten="30,2000,0" yaku="14,1,52,1" doraHai="38" who="2" fromWho="0" sc="188,-23,291,0,263,23,258,0" /><INIT seed="4,0,0,4,5,51" ten="165,291,286,258" oya="0" hai0="123,87,38,107,43,97,19,10,85,130,0,122,24" hai1="106,109,92,33,48,94,14,2,118,54,65,124,103" hai2="74,67,112,5,56,58,116,9,61,77,78,86,47" hai3="63,46,104,128,52,26,21,96,37,117,39,115,108"/><T93/><D130/><U15/><E109/><V42/><F112/><W80/><G108/><T84/><D107/><U101/><E2/><V88/><F116/><W29/><G117/><T114/><D114/><U129/><E118/><V99/><F74/><W60/><G115/><T25/><D38/><U12/><E33/><V28/><F28/><W69/><G128/><T75/><D75/><U111/><E111/><V132/><F132/><W121/><G121/><T35/><D43/><U127/><E65/><V120/><F99/><W110/><G110/><T23/><D0/><U119/><E119/><V1/><F56/><W76/><G96/><T89/><REACH who="0" step="1"/><D10/><REACH who="0" ten="155,291,286,258" step="2"/><U17/><E106/><V134/><F120/><W32/><G104/><T95/><D95/><U91/><E129/><V50/><F134/><W6/><G39/><T11/><D11/><U131/><E131/><V44/><F44/><W57/><G37/><T7/><D7/><U41/><E41/><V36/><F36/><W100/><G46/><T64/><D64/><U135/><E135/><V59/><F59/><W62/><G6/><T113/><D113/><U13/><E94/><AGARI ba="0,1" hai="1,5,9,42,47,50,58,61,67,77,78,86,88,94" machi="94" ten="30,2000,0" yaku="7,1,54,1" doraHai="51" who="2" fromWho="1" sc="155,0,291,-20,286,30,258,0" owari="155,-34.5,271,7.1,316,41.6,258,-14.2" /></mjloggm>