<mjloggm ver="2.3"><GO type="225" lobby="0"/><UN n0="%E8%A8%88%E7%AE%97%E6%A9%9F%E8%87%AA%E7%84%B6" n1="%E3%83%99%E3%83%AA%E3%83%B3%E3%83%80" n2="%E3%83%8F%E3%83%B3%E3%83%89%E3%83%A9%E3%83%BC%E3%83%BB%E3%83%AF%E3%83%B3" n3="%E3%83%B4%E3%83%A0%EF%BC%99%E3%81%A6" dan="17,17,17,16" rate="2184.29,2156.21,2184.57,2115.16" sx="M,M,M,M"/><TAIKYOKU oya="0"/><INIT seed="0,0,0,1,2,117" ten="250,250,250,250" oya="0" hai0="115,81,132,112,124,65,123,29,50,34,7,126,3" hai1="69,41,10,61,127,4,99,92,103,135,90,62,35" hai2="79,31,94,54,52,74,80,67,125,23,83,128,32" hai3="96,119,131,58,19,16,47,43,86,75,84,17,102"/><T24/><D65/><U113/><E35/><V26/><F128/><W106/><G119/><T64/><D64/><U56/><E127/><N who="0" m="48681" /><D50/><U133/><E41/><V82/><F125/><W134/><G131/><T85/><D85/><U87/><E69/><V48/><F67/><W60/><G75/><T6/><D81/><U116/><E113/><N who="0" m="43593" /><D132/><N who="1" m="50763" /><E56/><V22/><F54/><W118/><G118/><T21/><D123/><U121/><E121/><V100/><F82/><W66/><REACH who="3" step="1"/><G134/><REACH who="3" ten="250,250,250,240" step="2"/><T51/><D51/><AGARI ba="0,1" hai="16,17,19,43,47,51,58,60,66,84,86,96,102,106" machi="51" ten="40,12000,2" yaku="1,1,2,1,54,1,53,3" doraHai="117" doraHaiUra="12" who="3" fromWho="0" sc="250,-120,250,0,250,0,240,130" /><INIT seed="1,0,0,2,5,66" ten="130,250,250,370" oya="1" hai0="126,41,132,101,76,23,110,16,49,123,128,118,1" hai1="60,107,105,104,12,65,130,89,83,47,53,28,75" hai2="13,99,35,73,102,52,68,17,59,33,71,77,97" hai3="56,42,15,14,95,10,30,50,87,18,88,70,11"/><U24/><E130/><V27/><F73/><W9/><G70/><T39/><D118/><U51/><E12/><V109/><F77/><W0/><G0/><T93/><D128/><U45/><E45/><V84/><F84/><W98/><G30/><T38/><D1/><U91/><E75/><V131/><F131/><W44/><G56/><T119/><D119/><U7/><E7/><V122/><F122/><W135/><G135/><T79/><D132/><U90/><E83/><V103/><F109/><W62/><G62/><T20/><D110/><U36/><E36/><V58/><F27/><W85/><REACH who="3" step="1"/><G9/><REACH who="3" ten="130,250,250,360" step="2"/><T37/><D123/><U22/><REACH who="1" step="1"/><E107/><REACH who="1" ten="130,240,250,360" step="2"/><V82/><F82/><W25/><G25/><T127/><D126/><U106/><E106/><V96/><F13/><W55/><G55/><T78/><D127/><U48/><E48/><V54/><F97/><W113/><G113/><T115/><D115/><U3/><E3/><V69/><F69/><AGARI ba="0,2" hai="22,24,28,47,51,53,60,65,69,89,90,91,104,105" machi="69" ten="40,3900,0" yaku="1,1,52,1,53,0" doraHai="66" doraHaiUra="2" who="1" fromWho="2" sc="130,0,240,59,250,-39,360,0" /><INIT seed="1,1,0,2,4,83" ten="130,299,211,360" oya="1" hai0="16,127,44,55,42,76,21,77,23,0,97,118,45" hai1="29,17,52,56,31,12,120,39,122,6,48,132,116" hai2="70,9,135,89,32,1,123,111,22,40,91,126,133" hai3="129,117,64,95,110,53,63,99,36,92,60,47,24"/><U41/><E116/><V93/><F70/><W67/><G117/><T30/><D118/><U34/><E132/><N who="2" m="50763" /><F32/><W101/><G110/><T81/><D127/><U28/><E34/><V54/><F123/><W114/><G114/><T66/><D0/><U4/><E39/><V10/><F126/><W125/><G125/><T51/><D66/><N who="3" m="25129" /><G36/><T119/><D119/><U80/><E41/><V94/><F40/><W25/><G129/><T109/><D109/><U7/><REACH who="1" step="1"/><E80/><REACH who="1" ten="130,289,211,360" step="2"/><V27/><F111/><W19/><G92/><T124/><D124/><U85/><E85/><V13/><F94/><W5/><G5/><T75/><D81/><U130/><E130/><V106/><F93/><W26/><G19/><T20/><D16/><U33/><E33/><V46/><F106/><W3/><G3/><T78/><D75/><U68/><E68/><V121/><F1/><W50/><AGARI ba="1,1" hai="24,25,26,47,50,53,60,63,95,99,101" m="25129" machi="50" ten="30,1100,0" yaku="8,1" doraHai="83" who="3" fromWho="3" sc="130,-4,289,-6,211,-4,360,24" /><INIT seed="2,0,0,1,2,111" ten="126,283,207,384" oya="2" hai0="90,51,129,77,98,17,67,5,15,10,125,88,119" hai1="41,2,61,124,23,113,19,16,131,83,65,58,25" hai2="52,13,106,108,71,134,76,43,68,92,60,24,75" hai3="82,18,48,96,44,72,46,8,40,59,85,7,70"/><V105/><F134/><W20/><G70/><T132/><D132/><U3/><E131/><V0/><F0/><W118/><G118/><T116/><D129/><U11/><E124/><V127/><F127/><W47/><G72/><T32/><D125/><U109/><E109/><V4/><F108/><W81/><G96/><T122/><D122/><U74/><E41/><V102/><F43/><W37/><G37/><T66/><D32/><U133/><E133/><V35/><F92/><W31/><G31/><T38/><D38/><U104/><E104/><V99/><F106/><W100/><G100/><T117/><D77/><U45/><E45/><V112/><F112/><W115/><G115/><T54/><D5/><U12/><REACH who="1" step="1"/><E113/><REACH who="1" ten="126,273,207,384" step="2"/><V55/><F105/><W14/><G40/><T87/><D98/><U21/><E21/><V86/><F99/><W93/><G46/><N who="0" m="28023" /><D90/><U49/><E49/><V97/><F97/><W28/><G44/><T39/><D39/><U94/><E94/><V121/><F35/><W128/><G47/><T103/><D103/><U69/><E69/><V26/><F71/><W110/><G128/><T114/><D114/><U79/><AGARI ba="0,1" hai="2,3,11,12,16,19,23,25,58,61,65,74,79,83" machi="79" ten="30,4000,0" yaku="1,1,0,1,54,1,53,0" doraHai="111" doraHaiUra="27" who="1" fromWho="1" sc="126,-10,273,50,207,-20,384,-10" /><INIT seed="3,0,0,0,1,102" ten="116,323,187,374" oya="3" hai0="86,97,25,49,128,38,18,32,79,57,13,90,64" hai1="121,14,93,3,23,1,45,80,96,112,111,119,0" hai2="26,44,81,135,133,78,31,98,52,6,47,108,71" hai3="9,88,134,34,106,127,105,125,58,83,50,114,29"/><W116/><G116/><T120/><D128/><U73/><E121/><V85/><F71/><W40/><G114/><T87/><D38/><U46/><E112/><V123/><F108/><W33/><G134/><N who="2" m="51209" /><F123/><W67/><G9/><T131/><D131/><U5/><E111/><V59/><F98/><W24/><G34/><T62/><D120/><U89/><E119/><V117/><F6/><W51/><G67/><T20/><D32/><U109/><E109/><V12/><F12/><W110/><G110/><T126/><D126/><N who="3" m="48137" /><G58/><T7/><D79/><U60/><E60/><N who="2" m="35943" /><F117/><W77/><G88/><T10/><REACH who="0" step="1"/><D49/><REACH who="0" ten="106,323,187,374" step="2"/><U42/><E42/><V43/><F43/><W72/><G50/><T48/><D48/><U54/><E54/><V28/><F28/><W82/><G51/><T17/><D17/><U8/><REACH who="1" step="1"/><E23/><AGARI ba="0,1" hai="23,26,31,44,47,78,81,85" m="35943,51209" machi="23" ten="30,2000,0" yaku="20,1,54,1" doraHai="102" who="2" fromWho="1" sc="106,0,323,-20,187,30,374,0" owari="106,-39.4,303,10.3,217,-18.3,374,47.4" /></mjloggm>