<mjloggm ver="2.3"><GO type="225" lobby="0"/><UN n0="%73%69%72%6F%75%74" n1="%E4%B8%89%E5%86%A0%E7%8E%8B%E3%83%BB%E5%B1%B1%E7%94%B0%E5%93%B2%E4%BA%BA" n2="%E3%83%A9%E3%83%96%E3%83%AC%E3%83%BC" n3="%77%72%77%72%77%72%77%72" dan="16,17,18,16" rate="2149.09,2215.40,2234.78,2111.72" sx="M,M,M,M"/><TAIKYOKU oya="0"/><INIT seed="0,0,0,2,3,81" ten="250,250,250,250" oya="0" hai0="107,49,108,12,83,1,53,25,29,72,22,128,26" hai1="120,33,118,123,82,88,56,7,59,48,99,85,28" hai2="104,35,130,4,36,129,46,32,21,109,122,50,97" hai3="119,5,127,77,105,60,6,100,98,116,112,70,61"/><T91/><D1/><U31/><E118/><V51/><F122/><W0/><G112/><T114/><D107/><U23/><E33/><V40/><F4/><W64/><G127/><T121/><D114/><U71/><E71/><V3/><F3/><W94/><G77/><T93/><D121/><U84/><E123/><V42/><F109/><W134/><G134/><T74/><D128/><N who="2" m="49258" /><F21/><W55/><G105/><T2/><D2/><U54/><E120/><V44/><F50/><W58/><REACH who="3" step="1"/><G6/><REACH who="3" ten="250,250,250,240" step="2"/><T19/><D108/><U24/><E7/><V101/><AGARI ba="0,1" hai="32,35,36,40,42,44,46,51,97,101,104" m="49258" machi="101" ten="30,1100,0" yaku="19,1" doraHai="81" who="2" fromWho="2" sc="250,-5,250,-3,250,21,240,-3" /><INIT seed="1,0,0,2,2,122" ten="245,247,271,237" oya="1" hai0="14,73,16,111,46,124,39,27,126,135,112,40,101" hai1="132,118,33,84,60,58,5,114,48,17,26,75,25" hai2="67,102,29,63,36,64,105,71,37,59,4,77,103" hai3="123,31,6,51,94,72,15,53,18,54,11,128,83"/><U127/><E75/><V57/><F77/><W34/><G123/><T10/><D112/><U108/><E114/><V109/><F4/><W8/><G128/><T9/><D73/><U113/><E113/><V42/><F42/><W116/><G116/><T85/><D111/><U70/><E118/><V28/><F63/><W97/><G34/><T22/><D135/><U49/><E132/><V81/><F81/><W125/><G125/><N who="0" m="48235" /><D101/><U99/><E127/><V96/><F96/><W76/><G31/><N who="0" m="17911" /><D85/><U20/><E108/><V120/><F120/><W35/><G35/><T93/><D93/><U62/><E84/><V119/><F119/><W50/><G50/><T80/><D80/><U104/><E62/><V38/><F38/><W82/><G51/><T117/><D117/><U2/><E2/><V106/><F71/><W0/><REACH who="3" step="1"/><G82/><REACH who="3" ten="245,247,271,227" step="2"/><T23/><AGARI ba="0,1" hai="9,10,14,16,23,39,40,46" m="17911,48235" machi="23" ten="30,2000,0" yaku="18,1,54,1" doraHai="122" who="0" fromWho="0" sc="245,30,247,-10,271,-5,227,-5" /><INIT seed="2,0,0,2,5,71" ten="275,237,266,222" oya="2" hai0="130,38,97,104,72,113,86,84,23,121,126,108,133" hai1="18,102,24,60,13,50,10,129,81,76,70,20,27" hai2="101,77,117,11,67,106,128,41,51,0,64,132,134" hai3="98,124,119,40,87,112,83,82,12,21,7,44,53"/><V110/><F117/><W103/><G119/><T58/><RYUUKYOKU type="yao9" ba="0,0" sc="275,0,237,0,266,0,222,0" hai0="23,38,58,72,84,86,97,104,108,113,121,126,130,133" /><INIT seed="2,1,0,4,0,59" ten="275,237,266,222" oya="2" hai0="91,34,106,26,88,8,94,63,35,99,15,108,85" hai1="36,69,86,2,80,1,125,130,121,61,67,84,93" hai2="68,18,40,27,53,45,62,95,132,75,133,113,52" hai3="46,64,122,105,39,0,17,43,13,33,28,104,48"/><V111/><F75/><W129/><G122/><T119/><D108/><U89/><E121/><V41/><F113/><W112/><G112/><T37/><D37/><U103/><E125/><V56/><F111/><W96/><G129/><T30/><D119/><U70/><E130/><V57/><F68/><W7/><G64/><T44/><D44/><U20/><E36/><V14/><F27/><W114/><G114/><T110/><D110/><U58/><E70/><V60/><F95/><W6/><G39/><T47/><D47/><U66/><E20/><N who="2" m="11351" /><F45/><W21/><G96/><T90/><D35/><U50/><E103/><V77/><F77/><W78/><G78/><T4/><D63/><U131/><E131/><V3/><F3/><W73/><G73/><T74/><D74/><U79/><REACH who="1" step="1"/><E66/><REACH who="1" ten="275,227,266,222" step="2"/><V118/><F118/><W32/><G32/><T22/><D34/><U31/><E31/><V49/><F49/><W54/><G28/><T97/><D106/><U92/><E92/><V135/><AGARI ba="1,1" hai="40,41,52,53,56,57,60,62,132,133,135" m="11351" machi="135" ten="30,11700,0" yaku="20,1,52,2,54,1" doraHai="59" who="2" fromWho="2" sc="275,-40,227,-40,266,130,222,-40" /><INIT seed="2,2,0,5,1,134" ten="235,187,396,182" oya="2" hai0="13,78,81,104,86,62,48,3,5,37,100,25,117" hai1="43,65,68,55,35,115,30,58,92,49,18,64,96" hai2="82,0,57,29,83,45,1,40,80,26,97,84,112" hai3="74,127,93,101,99,34,111,10,7,105,21,132,98"/><V46/><F112/><W50/><G34/><T87/><D37/><U52/><E115/><V135/><F135/><W69/><G132/><T15/><D3/><U71/><E43/><V88/><F46/><W23/><G69/><T22/><D104/><U122/><E122/><V20/><F57/><W12/><G74/><T54/><D100/><U44/><E71/><V106/><F0/><W90/><G111/><T47/><D117/><U39/><E68/><V113/><F1/><W131/><G131/><T109/><D109/><U102/><E39/><V2/><F2/><W66/><G66/><T59/><D86/><U33/><E33/><V51/><F113/><W31/><G31/><N who="0" m="17847" /><D5/><U9/><E30/><V67/><F67/><AGARI ba="2,0" hai="13,15,47,48,54,59,62,67,78,81,87" m="17847" machi="67" ten="30,1000,0" yaku="8,1" doraHai="134" who="0" fromWho="2" sc="235,16,187,0,396,-16,182,0" /><INIT seed="3,0,0,1,0,26" ten="251,187,380,182" oya="3" hai0="44,9,4,87,133,106,66,37,6,36,27,99,129" hai1="13,62,120,109,38,84,104,125,108,86,116,28,95" hai2="34,1,114,96,42,98,97,18,80,68,49,82,131" hai3="117,67,10,40,41,89,23,32,35,25,7,101,43"/><W46/><G117/><T128/><D66/><U39/><E104/><V2/><F114/><W76/><G76/><T121/><D121/><U105/><E105/><V19/><F131/><N who="0" m="50250" /><D133/><U8/><E125/><V107/><F34/><W100/><G67/><T119/><D119/><U31/><E120/><V50/><F107/><W20/><G46/><T94/><D106/><U134/><E116/><V65/><F65/><W63/><G63/><T75/><D87/><U81/><E62/><V93/><F93/><W53/><G53/><T79/><D27/><U88/><E134/><V15/><F15/><W45/><G45/><T103/><D6/><N who="1" m="3223" /><E38/><V122/><F98/><W0/><G89/><T60/><D44/><U90/><E39/><V83/><F83/><W64/><G64/><T56/><D56/><U132/><E132/><V29/><F68/><W102/><REACH who="3" step="1"/><G23/><REACH who="3" ten="251,187,380,172" step="2"/><T17/><D60/><U22/><E22/><V110/><F122/><W58/><G58/><T77/><D77/><U3/><E3/><V112/><F1/><W91/><G91/><T74/><D79/><U14/><E14/><V124/><F2/><W30/><AGARI ba="0,1" hai="0,7,10,20,25,30,32,35,40,41,43,100,101,102" machi="30" ten="30,6000,0" yaku="1,1,0,1,52,1,53,0" doraHai="26" doraHaiUra="69" who="3" fromWho="3" sc="251,-20,187,-20,380,-20,172,70" /><INIT seed="3,1,0,5,0,40" ten="231,167,360,242" oya="3" hai0="123,106,69,53,4,66,21,91,59,25,132,118,35" hai1="126,36,60,63,6,61,94,115,116,125,5,11,7" hai2="134,20,31,26,37,47,107,54,24,38,73,96,109" hai3="42,57,122,130,101,110,95,135,71,133,41,83,82"/><W88/><G71/><T17/><D106/><U76/><E115/><V50/><F73/><W2/><G122/><T79/><D118/><U64/><E116/><V121/><F121/><W33/><G33/><T32/><D123/><U99/><E64/><V39/><F109/><W1/><G101/><T9/><D79/><U111/><E111/><V127/><F127/><W120/><G120/><T81/><D132/><N who="3" m="50761" /><G110/><T90/><D66/><U117/><E117/><V98/><F107/><W72/><G130/><T52/><D53/><U14/><E36/><V28/><REACH who="2" step="1"/><F134/><REACH who="2" ten="231,167,350,242" step="2"/><W62/><G72/><T44/><D69/><U92/><E76/><V85/><F85/><W10/><G1/><T105/><D105/><U0/><E0/><V43/><F43/><W45/><G41/><T97/><D97/><U128/><E128/><V55/><F55/><W114/><G114/><T131/><D52/><U87/><E126/><V19/><F19/><W119/><G119/><T46/><D17/><U93/><E125/><V68/><F68/><W29/><G42/><T113/><D113/><U112/><E112/><V80/><F80/><W48/><G82/><T100/><D81/><U34/><E34/><AGARI ba="1,1" hai="20,24,26,28,31,34,37,38,39,47,50,54,96,98" machi="34" ten="40,2600,0" yaku="1,1,52,1,53,0" doraHai="40" doraHaiUra="108" who="2" fromWho="1" sc="231,0,167,-29,350,39,242,0" owari="231,-16.9,138,-36.2,389,48.9,242,4.2" /></mjloggm>