<mjloggm ver="2.3"><GO type="225" lobby="0"/><UN n0="%E9%80%9F%E6%B0%B4%E5%87%9B%E9%A6%99" n1="%E3%83%A1%E3%82%AC%E3%83%87%E3%82%B8" n2="%E3%81%8F%E3%82%8A%E3%83%94%E3%83%BC" n3="%E3%83%B4%E3%83%A0%EF%BC%99%E3%81%A6" dan="16,16,16,17" rate="2085.13,2096.10,2102.22,2258.08" sx="F,F,M,M"/><TAIKYOKU oya="0"/><INIT seed="0,0,0,0,3,64" ten="250,250,250,250" oya="0" hai0="3,87,123,100,16,95,125,33,49,53,30,118,109" hai1="72,52,40,12,114,70,110,19,99,120,89,108,103" hai2="35,36,9,86,24,81,79,46,44,48,129,71,50" hai3="17,115,67,23,8,133,107,0,57,121,47,27,68"/><T135/><D118/><U14/><E120/><V26/><F129/><W117/><G117/><T10/><D123/><U104/><E72/><V39/><F35/><W98/><G115/><T59/><D135/><U41/><E12/><V132/><F132/><W101/><G133/><T93/><D125/><U112/><E89/><V37/><F9/><W105/><G121/><T96/><D109/><N who="1" m="42091" /><E70/><V69/><F24/><W131/><G131/><T29/><D33/><U56/><E41/><V60/><F26/><W76/><G76/><T21/><D10/><N who="1" m="6615" /><E40/><V5/><F5/><W94/><G8/><T22/><D3/><U124/><E124/><V58/><F44/><W66/><G47/><T116/><D116/><U130/><E130/><V106/><F106/><W92/><G105/><T54/><D54/><U91/><E91/><V32/><F32/><W90/><G0/><T7/><D7/><U74/><E74/><V11/><F11/><W38/><G90/><N who="0" m="53471" /><D22/><U61/><AGARI ba="0,0" hai="52,56,61,99,103,104,112,114" m="6615,42091" machi="61" ten="30,2000,0" yaku="14,1,54,1" doraHai="64" who="1" fromWho="1" sc="250,-10,250,20,250,-5,250,-5" /><INIT seed="1,0,0,4,2,6" ten="240,270,245,245" oya="1" hai0="32,123,48,9,39,45,23,106,57,24,66,80,120" hai1="49,91,3,4,113,104,2,126,82,37,134,100,14" hai2="77,70,72,0,92,132,42,128,54,52,22,111,107" hai3="116,44,87,69,110,13,130,131,40,35,74,122,53"/><U64/><E37/><V127/><F107/><W98/><G122/><N who="0" m="46635" /><D32/><U99/><E113/><V41/><F111/><W30/><G74/><T36/><D106/><U86/><E134/><V124/><F132/><W112/><G112/><T58/><D80/><U81/><E126/><N who="2" m="48171" /><F70/><W108/><G69/><T56/><D66/><U21/><E64/><V31/><F128/><W10/><G53/><N who="2" m="20585" /><F92/><W28/><G116/><T102/><D102/><U12/><E49/><V118/><F0/><W17/><G108/><T135/><D135/><U19/><REACH who="1" step="1"/><E82/><REACH who="1" ten="240,260,245,245" step="2"/><N who="2" m="45351" /><F118/><W129/><G110/><T38/><D48/><U16/><E16/><V103/><F103/><W11/><G17/><N who="0" m="12399" /><D45/><U7/><E7/><V109/><F109/><W60/><G44/><T84/><D38/><U93/><E93/><V59/><F59/><W95/><G95/><T75/><D39/><U79/><E79/><V1/><F1/><W55/><G129/><T20/><D36/><U18/><E18/><V71/><F71/><W101/><G130/><T65/><D58/><U26/><E26/><AGARI ba="0,1" hai="22,26,31,41,42" m="45351,20585,48171" machi="26" ten="30,2000,0" yaku="18,1,54,1" doraHai="6" who="2" fromWho="1" sc="240,0,260,-20,245,30,245,0" /><INIT seed="2,0,0,4,2,119" ten="240,240,275,245" oya="2" hai0="77,71,121,79,7,111,87,66,11,70,90,96,39" hai1="91,120,63,89,6,35,124,48,69,85,5,114,129" hai2="0,33,65,125,128,47,67,20,104,118,1,109,8" hai3="15,123,60,83,102,38,32,4,24,61,25,105,78"/><V22/><F118/><W64/><G38/><T29/><D39/><U41/><E114/><V23/><F104/><W84/><G123/><T88/><D121/><U42/><E35/><V132/><F33/><W110/><G110/><T135/><D111/><U2/><E120/><V134/><F109/><W81/><G60/><T31/><D135/><N who="2" m="51754" /><F128/><W116/><G116/><T37/><D37/><U58/><E129/><V107/><F47/><W99/><G81/><T54/><D54/><U51/><E69/><V55/><F55/><W93/><G32/><T133/><D133/><U76/><E76/><V74/><F107/><W113/><G113/><T126/><D126/><U101/><E101/><V53/><F53/><W80/><G105/><T10/><D66/><N who="2" m="25098" /><F8/><W43/><G43/><T112/><D112/><U40/><E124/><V19/><F19/><W127/><G127/><T86/><REACH who="0" step="1"/><D7/><REACH who="0" ten="230,240,275,245" step="2"/><U28/><E6/><V34/><F125/><W115/><G115/><T26/><D26/><U27/><E41/><V94/><F34/><W16/><G4/><T73/><D73/><U100/><E42/><V92/><F74/><W44/><G24/><T14/><D14/><U82/><E40/><V72/><F72/><W62/><G25/><T56/><D56/><U13/><E13/><V117/><F117/><W103/><G64/><T52/><D52/><U108/><E108/><V18/><F18/><W98/><G44/><T50/><D50/><U3/><E51/><V21/><N who="2" m="5120" /><DORA hai="57" /><V75/><F75/><N who="3" m="43103" /><G16/><T45/><D45/><U122/><E122/><V97/><F97/><AGARI ba="0,1" hai="10,11,29,31,70,71,77,79,86,87,88,90,96,97" machi="97" ten="25,12000,2" yaku="1,1,22,2,54,1,53,2" doraHai="119,57" doraHaiUra="12,95" who="0" fromWho="2" sc="230,130,240,0,275,-120,245,0" /><INIT seed="3,0,0,2,4,84" ten="360,240,155,245" oya="3" hai0="57,47,68,96,5,105,30,70,109,135,39,126,9" hai1="50,62,125,18,122,42,75,56,26,76,98,64,22" hai2="128,131,77,111,130,104,45,32,46,3,44,99,91" hai3="17,79,29,60,117,72,58,21,65,49,36,116,2"/><W23/><G36/><T82/><D30/><U51/><E125/><V69/><F111/><W63/><G2/><T102/><D109/><U28/><E122/><V40/><F3/><W35/><G35/><T134/><D126/><U81/><E42/><V133/><F133/><N who="0" m="50698" /><D57/><U53/><E98/><V101/><F69/><W59/><G49/><T106/><D106/><U78/><E78/><V118/><F118/><W4/><G79/><T71/><D82/><U25/><E64/><V0/><F77/><W19/><G4/><T100/><D100/><U83/><E83/><V67/><F32/><AGARI ba="0,0" hai="18,22,25,26,28,32,50,51,53,56,62,75,76,81" machi="32" ten="30,1000,0" yaku="7,1" doraHai="84" who="1" fromWho="2" sc="360,0,240,10,155,-10,245,0" owari="360,46.0,250,5.0,145,-35.5,245,-15.5" /></mjloggm>