<mjloggm ver="2.3"><GO type="225" lobby="0"/><UN n0="%E3%82%A2%E3%83%A1%E3%82%A2%E3%83%A9%E3%83%AC" n1="%E5%B8%86%E7%AB%8B%E5%A4%8F%E8%A1%A3" n2="%E6%B4%BE%E9%81%A3%E3%81%AE%E3%82%B8%E3%83%A3%E3%83%83%E3%82%AF" n3="%E5%A4%96%E5%B7%9D%E7%AB%9C%E6%88%90" dan="16,16,17,16" rate="2086.39,2160.24,2208.04,2075.71" sx="M,M,M,M"/><TAIKYOKU oya="0"/><INIT seed="0,0,0,0,3,6" ten="250,250,250,250" oya="0" hai0="103,59,69,28,36,58,126,135,104,53,62,17,71" hai1="52,83,82,48,14,47,102,113,122,55,95,101,128" hai2="56,112,96,86,37,34,88,12,72,46,16,80,90" hai3="111,130,100,105,93,61,0,77,134,117,84,123,92"/><T91/><D126/><U51/><E128/><V68/><F68/><W10/><G117/><T110/><D135/><U121/><E113/><V30/><F112/><W33/><G33/><T125/><D125/><U114/><E114/><V99/><F72/><W127/><G127/><T106/><D36/><U21/><E122/><V70/><F70/><W15/><G0/><T9/><D28/><U118/><E118/><V35/><F56/><W44/><G134/><T29/><D29/><U39/><E39/><V97/><F90/><W49/><G111/><T57/><D57/><N who="1" m="32903" /><E121/><V75/><F75/><W132/><G130/><T11/><D110/><U45/><E45/><V19/><F19/><W1/><G1/><T60/><D91/><U32/><E32/><V26/><F34/><W13/><G13/><T64/><D17/><N who="1" m="10423" /><E95/><V8/><REACH who="2" step="1"/><F99/><REACH who="2" ten="250,250,240,250" step="2"/><W20/><G132/><T38/><D71/><U73/><E73/><V129/><F129/><W120/><G123/><T50/><D69/><U24/><E24/><V74/><F74/><W85/><G120/><T81/><D59/><U107/><E107/><V79/><F79/><W7/><G105/><T119/><D58/><U41/><E102/><V42/><AGARI ba="0,1" hai="8,12,16,26,30,35,37,42,46,80,86,88,96,97" machi="42" ten="30,8000,1" yaku="1,1,0,1,52,1,54,2,53,0" doraHai="6" doraHaiUra="109" who="2" fromWho="2" sc="250,-40,250,-20,240,90,250,-20" /><INIT seed="1,0,0,5,4,110" ten="210,230,330,230" oya="1" hai0="29,40,79,1,45,83,72,92,48,73,120,90,131" hai1="84,123,60,3,56,108,15,25,13,113,41,127,125" hai2="47,53,57,65,24,44,85,43,95,102,46,118,135" hai3="78,51,42,39,87,28,114,27,77,121,130,49,86"/><U66/><E3/><V55/><F118/><W35/><G121/><T119/><D131/><U52/><E123/><V105/><F105/><W62/><G130/><T21/><D120/><U101/><E108/><V132/><F24/><W96/><G39/><T23/><D119/><U129/><E129/><V81/><F43/><W5/><G5/><T70/><D1/><U68/><E101/><V109/><F109/><W32/><G42/><T63/><D72/><U111/><E111/><V33/><F33/><W9/><G9/><T11/><D11/><U133/><E133/><N who="2" m="51275" /><F95/><W76/><G35/><T14/><D29/><U20/><E41/><V128/><F102/><W26/><G26/><T89/><D14/><U98/><E98/><V122/><F122/><W59/><G96/><T69/><D90/><U61/><E84/><V0/><F0/><W88/><G87/><T31/><D31/><N who="1" m="17831" /><E15/><V117/><F117/><W126/><G88/><T75/><D75/><U82/><E13/><V106/><F106/><W97/><G86/><T91/><D91/><U67/><E82/><V34/><F34/><W18/><G97/><T19/><D83/><U103/><E103/><V100/><F100/><W6/><G77/><T10/><D79/><U8/><E8/><V71/><F71/><N who="0" m="27146" /><D73/><U54/><E113/><V58/><F128/><W12/><G78/><T17/><D10/><U4/><E4/><V74/><F74/><W38/><G76/><T7/><D7/><U107/><E107/><V80/><F85/><W124/><G6/><T2/><D2/><U36/><E36/><V116/><F80/><RYUUKYOKU ba="0,0" sc="210,-10,230,30,330,-10,230,-10" hai1="52,54,56,60,61,66,67,68,125,127" /><INIT seed="1,1,0,2,3,76" ten="200,260,320,220" oya="1" hai0="117,15,62,61,116,36,127,119,9,110,19,0,47" hai1="2,121,44,27,97,58,89,107,111,52,74,120,21" hai2="129,13,99,12,91,77,123,88,22,37,50,1,115" hai3="64,70,26,68,87,125,25,48,105,118,80,56,34"/><U60/><E2/><V33/><F123/><W131/><G131/><T63/><D110/><U45/><E74/><V108/><F33/><W10/><G125/><T43/><REACH who="0" step="1"/><D0/><REACH who="0" ten="190,260,320,220" step="2"/><U102/><E111/><V75/><F1/><W16/><G118/><T8/><D8/><U17/><E121/><V134/><F108/><W113/><G10/><T95/><D95/><U39/><E120/><V54/><F129/><W7/><G105/><T90/><D90/><U109/><E109/><V32/><F88/><W67/><G70/><T82/><D82/><U100/><E100/><V42/><F91/><W3/><G68/><T4/><D4/><U51/><E89/><V85/><F115/><W103/><G113/><T112/><D112/><U38/><REACH who="1" step="1"/><E45/><REACH who="1" ten="190,250,320,220" step="2"/><V79/><F99/><W126/><G103/><T86/><D86/><U49/><E49/><V94/><F85/><W72/><G87/><T130/><D130/><U46/><E46/><V98/><F50/><W81/><G72/><T73/><D73/><U124/><E124/><AGARI ba="1,2" hai="9,15,19,36,43,47,61,62,63,116,117,119,124,127" machi="124" ten="50,6400,0" yaku="1,1,53,2" doraHai="76" doraHaiUra="132" who="0" fromWho="1" sc="190,87,250,-67,320,0,220,0" /><INIT seed="2,0,0,2,5,117" ten="277,183,320,220" oya="2" hai0="56,133,62,71,45,35,130,94,54,63,85,16,106" hai1="59,23,129,124,55,119,24,46,110,108,40,84,43" hai2="28,113,123,120,132,114,92,58,74,15,90,48,134" hai3="30,65,42,91,13,98,69,104,82,109,44,61,95"/><V2/><F2/><W121/><G109/><N who="1" m="42090" /><E119/><V72/><F28/><W83/><G121/><N who="2" m="46665" /><F15/><W25/><G13/><T17/><D133/><N who="2" m="51306" /><F48/><W5/><G104/><T8/><D106/><U36/><E124/><V115/><F58/><W100/><G91/><N who="0" m="53615" /><D130/><U0/><E129/><V131/><F131/><W105/><G95/><T20/><D35/><U87/><E40/><V60/><F60/><W50/><REACH who="3" step="1"/><G5/><REACH who="3" ten="277,183,320,210" step="2"/><T126/><D126/><U125/><E125/><V135/><F135/><W7/><G7/><T99/><D8/><U68/><E0/><V22/><F22/><AGARI ba="0,1" hai="22,25,30,42,44,50,61,65,69,82,83,98,100,105" machi="22" ten="30,2000,0" yaku="1,1,7,1,53,0" doraHai="117" doraHaiUra="12" who="3" fromWho="2" sc="277,0,183,0,320,-20,210,30" /><INIT seed="3,0,0,4,0,29" ten="277,183,300,240" oya="3" hai0="61,56,114,70,93,74,130,39,59,117,84,53,113" hai1="119,81,11,3,72,6,106,69,77,60,62,109,95" hai2="8,96,134,55,102,115,75,89,88,116,50,22,15" hai3="43,132,123,111,25,12,103,32,118,124,121,98,79"/><W38/><G118/><T73/><D117/><U85/><E109/><V27/><F115/><N who="0" m="44042" /><D39/><U66/><E119/><V104/><F75/><W21/><G111/><T36/><D36/><U128/><E128/><V68/><F68/><W133/><G79/><T100/><D70/><U108/><E108/><V67/><F67/><W9/><G124/><T30/><D130/><U46/><E62/><V48/><F48/><W129/><G129/><T51/><D30/><U105/><E95/><N who="2" m="58655" /><F134/><N who="3" m="51819" /><G43/><T71/><D71/><U33/><E85/><V112/><F116/><W126/><G38/><T82/><D93/><U91/><E91/><V57/><F104/><N who="1" m="40041" /><E46/><V94/><F94/><N who="3" m="58839" /><G21/><T47/><D100/><U78/><E78/><V7/><F112/><W20/><G20/><T23/><D23/><U97/><E97/><V13/><F13/><W1/><G1/><T83/><D56/><U5/><E5/><V0/><F0/><W2/><G2/><T131/><D131/><U107/><N who="1" m="40049" /><U64/><DORA hai="80" /><E64/><V101/><F101/><W52/><G126/><T26/><D26/><U110/><E110/><V10/><F10/><W37/><G37/><T19/><D82/><U45/><E45/><V17/><AGARI ba="0,0" hai="7,8,15,17,22,27,50,55,57,88,89" m="58655" machi="17" ten="30,2000,0" yaku="8,1,54,1" doraHai="29,80" who="2" fromWho="2" sc="277,-5,183,-5,300,20,240,-10" owari="272,7.2,178,-32.2,320,42.0,230,-17.0" /></mjloggm>