<mjloggm ver="2.3"><GO type="225" lobby="0"/><UN n0="%E3%82%BC%E3%83%AB%E3%83%80%E3%81%AE%E4%BC%9D%E8%AA%AC" n1="%6D%75%75%6D%75%72%61" n2="%E5%B7%9D%E7%80%AC%E6%99%BA%E5%AD%90" n3="%E9%80%9F%E6%B0%B4%E5%87%9B%E9%A6%99" dan="16,16,16,16" rate="2197.94,2148.12,2042.60,2125.24" sx="M,F,M,F"/><TAIKYOKU oya="0"/><INIT seed="0,0,0,4,1,42" ten="250,250,250,250" oya="0" hai0="46,93,41,25,67,115,14,23,111,61,80,122,54" hai1="69,8,82,58,1,56,45,59,9,88,4,104,134" hai2="77,132,113,64,2,98,85,16,35,84,57,128,63" hai3="6,129,21,24,121,94,70,105,22,13,71,3,74"/><T48/><D115/><U101/><E69/><V17/><F113/><W11/><G105/><T120/><D111/><U72/><E134/><V135/><F2/><W78/><G78/><T106/><D106/><U28/><E28/><V12/><F35/><W126/><G74/><T97/><D14/><U50/><E9/><V62/><F128/><W65/><G121/><T87/><D87/><U107/><E101/><V29/><F29/><W49/><G129/><T95/><D80/><U116/><E116/><V83/><F98/><W75/><G75/><T39/><D61/><U90/><E90/><V118/><F118/><W10/><G126/><T96/><D67/><U37/><E37/><V117/><F117/><W125/><G125/><T27/><D97/><U91/><E91/><V99/><F99/><W38/><G38/><T36/><D36/><U66/><E66/><V7/><F7/><W73/><G73/><T18/><D27/><U5/><E5/><V33/><F33/><W60/><G71/><T108/><D108/><U124/><E124/><V26/><F63/><W31/><G22/><T19/><D19/><U47/><E47/><V51/><F51/><W110/><G110/><T86/><D86/><U32/><E32/><V40/><F40/><W20/><G49/><T81/><D81/><U133/><E133/><N who="2" m="51275" /><F85/><W55/><G6/><T15/><D25/><U43/><REACH who="1" step="1"/><E72/><REACH who="1" ten="250,240,250,250" step="2"/><V102/><F102/><W123/><G70/><T127/><D127/><U44/><E44/><V68/><F68/><W92/><G65/><T52/><D39/><U76/><E76/><V103/><F64/><RYUUKYOKU ba="0,1" sc="250,-10,240,30,250,-10,250,-10" hai1="1,4,8,43,45,50,56,58,59,82,88,104,107" /><INIT seed="1,1,1,1,3,101" ten="240,270,240,240" oya="1" hai0="33,125,19,76,5,73,132,129,69,108,58,4,88" hai1="65,9,40,43,16,121,123,62,72,96,64,50,36" hai2="61,7,47,26,22,71,80,66,79,20,111,41,131" hai3="30,100,92,117,126,53,104,98,60,134,85,55,34"/><U116/><E116/><V56/><F111/><W105/><G117/><T90/><D69/><U42/><E36/><V103/><F131/><W45/><G134/><T106/><D33/><U93/><E72/><V1/><F103/><W25/><G126/><T135/><D125/><U54/><E121/><V75/><F71/><W74/><G74/><T77/><D108/><U113/><E113/><V109/><F109/><W124/><G124/><T128/><D58/><N who="1" m="35159" /><E123/><V107/><F107/><W44/><G44/><T99/><D19/><U10/><E50/><V17/><F26/><W94/><G45/><T57/><D57/><U51/><E51/><V127/><F17/><W38/><G38/><T70/><D70/><U91/><E16/><V29/><F29/><W14/><G14/><T3/><D73/><U32/><E32/><V112/><F112/><W97/><G85/><T28/><D28/><U46/><E46/><V133/><F133/><W84/><G84/><T82/><D3/><U59/><E59/><V78/><F127/><W2/><G2/><T27/><D27/><U114/><E114/><V52/><F66/><AGARI ba="1,1" hai="9,10,40,42,43,64,65,66,91,93,96" m="35159" machi="66" ten="30,1500,0" yaku="8,1" doraHai="101" who="1" fromWho="2" sc="240,0,270,28,240,-18,240,0" /><INIT seed="1,2,0,1,3,90" ten="240,298,222,240" oya="1" hai0="132,28,66,65,70,11,55,104,5,39,123,30,57" hai1="4,6,12,103,8,14,129,58,49,102,93,116,99" hai2="33,27,15,130,131,127,31,7,118,19,21,120,88" hai3="44,29,84,94,133,101,75,9,128,105,42,98,50"/><U23/><E116/><V61/><F118/><W18/><G133/><T109/><D132/><U13/><E129/><N who="2" m="49163" /><F120/><W0/><G128/><T54/><D123/><U69/><E69/><V63/><F127/><W117/><G117/><T3/><D104/><U77/><E77/><V125/><F125/><W100/><G75/><T108/><D39/><U41/><E102/><V62/><F7/><N who="1" m="2601" /><E23/><V121/><F121/><W74/><G74/><T111/><D54/><N who="1" m="32079" /><E41/><V59/><F88/><W24/><G0/><T10/><D10/><AGARI ba="2,0" hai="8,10,12,13,14,93,99,103" m="32079,2601" machi="10" ten="30,2900,0" yaku="8,1,52,1" doraHai="90" who="1" fromWho="0" sc="240,-35,298,35,222,0,240,0" /><INIT seed="1,3,0,5,0,126" ten="205,333,222,240" oya="1" hai0="84,43,96,88,76,91,19,104,135,66,61,130,31" hai1="17,131,128,116,108,7,15,71,65,4,6,50,105" hai2="106,118,5,53,3,30,33,103,95,99,127,121,73" hai3="112,111,36,110,41,1,39,22,107,37,101,54,27"/><U63/><E116/><V72/><F121/><W58/><G1/><T24/><D135/><U124/><E124/><V100/><F127/><W56/><G112/><T28/><D43/><U12/><E108/><N who="3" m="41514" /><G41/><T122/><D122/><U74/><E105/><V18/><F118/><W57/><G101/><N who="0" m="62503" /><D19/><U70/><E74/><V14/><F3/><W97/><G97/><T21/><D21/><U16/><E50/><V10/><F5/><W38/><N who="3" m="9216" /><DORA hai="80" /><W123/><G107/><T40/><D40/><U68/><E63/><V46/><F103/><W133/><G133/><T113/><D31/><U26/><E65/><V81/><F106/><W79/><G79/><T119/><D113/><U134/><E134/><V132/><F132/><W109/><N who="3" m="41522" /><W55/><DORA hai="120" /><G123/><T125/><D125/><U52/><E52/><V62/><F99/><W67/><G67/><T94/><D119/><U87/><E7/><V75/><F100/><W90/><G90/><T64/><D91/><U2/><E2/><V98/><F98/><W25/><G25/><T42/><D66/><U45/><E26/><V47/><F53/><W11/><G11/><T20/><D42/><U129/><E6/><V44/><F10/><W49/><G49/><T23/><D64/><U114/><E4/><V102/><F62/><W69/><G69/><T85/><D61/><U115/><E68/><V48/><F48/><W83/><G83/><T86/><D76/><U59/><E70/><V35/><F81/><W29/><AGARI ba="3,0" hai="22,27,29,54,55,56,57,58" m="9216,41522" machi="29" ten="80,8000,1" yaku="14,1,52,4" doraHai="126,80,120" who="3" fromWho="3" sc="205,-23,333,-43,222,-23,240,89" /><INIT seed="2,0,0,1,4,27" ten="182,290,199,329" oya="2" hai0="62,78,0,43,117,119,24,107,36,47,59,81,118" hai1="77,73,4,104,82,10,129,66,115,128,52,21,56" hai2="68,42,39,74,46,124,76,93,109,57,91,41,20" hai3="125,9,33,23,130,64,49,34,79,38,101,94,80"/><V92/><F124/><W44/><G38/><T110/><D110/><U69/><E115/><V120/><F120/><W70/><G64/><T84/><D0/><U16/><E104/><V14/><F68/><W123/><G70/><T50/><D107/><U63/><E4/><V106/><F106/><W19/><G123/><T54/><REACH who="0" step="1"/><D24/><REACH who="0" ten="172,290,199,329" step="2"/><U131/><E10/><V5/><F109/><W114/><G9/><T89/><D89/><U60/><REACH who="1" step="1"/><E128/><REACH who="1" ten="172,280,199,329" step="2"/><V95/><F5/><W26/><G130/><T12/><D12/><AGARI ba="0,2" hai="12,16,21,52,56,60,63,66,69,73,77,82,129,131" machi="12" ten="40,12000,2" yaku="1,1,2,1,54,2,53,2" doraHai="27" doraHaiUra="58" who="1" fromWho="0" sc="172,-120,280,140,199,0,329,0" /><INIT seed="3,0,0,4,3,4" ten="52,420,199,329" oya="3" hai0="60,47,121,28,2,118,97,112,54,134,36,91,87" hai1="76,48,116,1,51,130,7,70,41,57,63,21,13" hai2="88,55,77,24,109,15,104,65,105,26,127,69,45" hai3="66,3,42,40,85,33,84,19,29,110,58,5,120"/><W114/><G120/><T123/><D2/><U111/><E70/><V135/><F77/><W99/><G114/><T103/><D28/><U72/><E111/><V59/><F109/><W25/><G110/><T107/><D36/><U68/><E1/><V71/><F45/><W90/><G99/><T98/><D47/><U16/><E68/><V95/><F135/><W100/><G100/><T61/><D54/><U10/><E130/><V75/><F75/><W122/><G122/><T8/><D112/><U124/><E41/><V0/><F0/><W31/><G31/><T30/><D30/><U52/><E124/><V12/><F65/><W32/><G32/><T83/><D87/><U67/><E116/><V81/><F81/><W18/><G84/><T119/><D83/><U17/><E72/><V62/><F71/><W125/><G125/><T128/><D91/><U73/><E73/><V115/><F69/><W49/><G66/><T46/><D46/><U35/><E35/><V38/><F38/><W6/><G42/><T117/><D134/><U129/><E129/><V93/><F93/><W94/><G40/><T56/><D128/><U43/><E76/><V126/><F115/><W27/><G27/><N who="2" m="10281" /><F127/><W9/><REACH who="3" step="1"/><G6/><REACH who="3" ten="52,420,199,319" step="2"/><T92/><D123/><U102/><E102/><V89/><F126/><W86/><G86/><T113/><D113/><U82/><E7/><V80/><F55/><AGARI ba="0,1" hai="3,5,9,18,19,25,29,33,49,55,58,85,90,94" machi="55" ten="40,3900,0" yaku="1,1,52,1,53,0" doraHai="4" doraHaiUra="96" who="3" fromWho="2" sc="52,0,420,0,199,-39,319,49" /><INIT seed="3,1,0,4,2,74" ten="52,420,160,368" oya="3" hai0="108,121,89,14,46,62,77,67,64,59,100,38,90" hai1="114,55,6,69,112,48,87,19,134,23,21,79,68" hai2="50,83,110,9,123,36,95,117,102,126,128,66,45" hai3="75,26,5,129,81,47,133,8,120,84,28,78,54"/><W24/><G120/><T61/><D108/><U33/><E33/><V13/><F117/><W7/><G133/><T127/><D127/><U56/><E134/><V76/><F36/><W107/><G107/><T40/><D121/><U92/><E6/><V119/><F119/><W71/><G129/><T51/><D100/><U12/><E21/><V44/><F66/><W58/><G71/><N who="1" m="27210" /><E79/><V20/><F20/><W57/><G75/><T113/><D113/><U105/><E105/><V73/><F123/><W25/><G28/><T109/><D109/><U132/><E132/><V91/><F110/><W70/><G70/><T32/><D32/><U16/><E19/><V60/><F60/><W106/><G106/><T34/><D34/><U11/><E11/><V39/><F39/><W130/><G130/><T82/><D38/><U97/><E97/><V93/><F44/><W0/><G47/><T53/><D14/><U49/><E49/><V15/><F15/><W88/><G7/><T18/><D18/><U4/><E4/><V125/><F102/><W86/><REACH who="3" step="1"/><G54/><REACH who="3" ten="52,420,160,358" step="2"/><T29/><D29/><U65/><E65/><V27/><F128/><W1/><G1/><T42/><D53/><U122/><E122/><V101/><F73/><W63/><G63/><T131/><D131/><U104/><E104/><V98/><F45/><W124/><G124/><T111/><D111/><U118/><E118/><V135/><F125/><W115/><G115/><T10/><D64/><U94/><E94/><AGARI ba="1,1" hai="0,5,8,24,25,26,57,58,78,81,84,86,88,94" machi="94" ten="40,7700,0" yaku="1,1,52,1,54,1,53,0" doraHai="74" doraHaiUra="99" who="3" fromWho="1" sc="52,0,420,-80,160,0,358,90" owari="52,-44.8,340,14.0,160,-24.0,448,54.8" /></mjloggm>