<mjloggm ver="2.3"><GO type="225" lobby="0"/><UN n0="%E6%A1%9C%E8%8A%B1%E9%96%83%E3%80%85" n1="%E9%B3%B3%E6%9D%B1%E3%81%AE%E3%81%86%E3%81%95%E3%81%8E%E3%81%95%E3%82%93" n2="%74%61%6B%75%61%6B%61" n3="%E5%B8%86%E7%AB%8B%E5%A4%8F%E8%A1%A3" dan="16,16,17,17" rate="2190.17,2156.19,2199.45,2144.37" sx="M,M,M,M"/><TAIKYOKU oya="0"/><INIT seed="0,0,0,4,0,81" ten="250,250,250,250" oya="0" hai0="4,14,95,12,6,11,31,128,110,55,7,135,94" hai1="3,101,78,92,98,117,132,0,37,89,108,2,124" hai2="29,64,129,30,77,86,106,118,47,20,102,79,35" hai3="84,32,111,80,122,26,59,93,19,112,82,133,61"/><T115/><D115/><U48/><E117/><V46/><F129/><W28/><G111/><T24/><D128/><U105/><E108/><V126/><F126/><W109/><G109/><T75/><D110/><U8/><E37/><V13/><F35/><W18/><G133/><T1/><D75/><U42/><E132/><V41/><F118/><W51/><G122/><T63/><D135/><U116/><E116/><V121/><F121/><W88/><G112/><T76/><D76/><U73/><E124/><V119/><F64/><W69/><G82/><T44/><D1/><U36/><E36/><V56/><F56/><W49/><G49/><N who="0" m="29095" /><D63/><U33/><E33/><V23/><F119/><W131/><G131/><T87/><D14/><U99/><E78/><V127/><F13/><W123/><G123/><T90/><D94/><U66/><E66/><V103/><F127/><W96/><G51/><T100/><D100/><U10/><REACH who="1" step="1"/><E73/><REACH who="1" ten="250,240,250,250" step="2"/><V113/><F113/><W120/><G120/><T40/><D40/><U125/><E125/><V83/><F41/><W50/><G69/><T85/><D85/><U65/><E65/><V104/><F83/><W34/><G34/><T57/><D57/><U62/><E62/><V114/><F114/><W5/><G50/><T45/><D45/><AGARI ba="0,1" hai="0,2,3,8,10,42,45,48,89,92,98,99,101,105" machi="45" ten="40,2600,0" yaku="1,1,53,1" doraHai="81" doraHaiUra="43" who="1" fromWho="0" sc="250,-26,240,36,250,0,250,0" /><INIT seed="1,0,0,3,1,106" ten="224,276,250,250" oya="1" hai0="114,37,52,75,113,68,119,80,127,72,16,76,107" hai1="83,102,78,111,49,59,55,38,57,105,71,10,43" hai2="41,84,89,45,135,130,65,29,124,35,79,66,15" hai3="54,1,90,129,0,19,23,126,64,28,131,46,118"/><U103/><E71/><V47/><F124/><W104/><G64/><T123/><D119/><U40/><E111/><V110/><F110/><W99/><G126/><T74/><D127/><U7/><E57/><V95/><F130/><N who="3" m="49675" /><G28/><T26/><D68/><U128/><E128/><V18/><F135/><W134/><G134/><T12/><D123/><U11/><E11/><V13/><F35/><W69/><G69/><T115/><D107/><U63/><E49/><V132/><F132/><W51/><G118/><T67/><D67/><N who="2" m="25610" /><F29/><W120/><G120/><T122/><D122/><U60/><E60/><V77/><F13/><N who="3" m="9711" /><G90/><T92/><D37/><U27/><E27/><V101/><F101/><AGARI ba="0,0" hai="0,1,46,51,54,99,101,104" m="9711,49675" machi="101" ten="30,1000,0" yaku="19,1" doraHai="106" who="3" fromWho="2" sc="224,0,276,0,250,-10,250,10" /><INIT seed="2,0,0,3,3,34" ten="224,276,240,260" oya="2" hai0="5,27,64,44,129,2,30,119,47,95,78,126,10" hai1="40,9,101,1,32,63,60,83,26,106,79,23,128" hai2="48,123,135,24,86,133,46,85,94,38,37,31,80" hai3="102,74,81,67,29,36,127,33,132,113,117,51,71"/><V0/><F123/><W90/><G36/><T116/><D129/><U87/><E32/><V35/><F94/><W75/><G117/><N who="0" m="45131" /><D126/><U103/><E128/><V66/><F66/><W14/><G127/><T20/><D78/><U73/><E73/><V43/><F0/><W6/><G51/><T19/><D64/><U89/><E40/><V58/><F86/><W120/><G120/><T97/><D30/><U53/><E106/><V112/><F112/><W100/><G113/><T131/><D131/><U28/><E79/><V92/><F92/><W110/><G132/><N who="2" m="50761" /><F58/><W84/><G110/><T59/><D59/><N who="1" m="34927" /><E1/><V25/><F25/><N who="3" m="18607" /><G67/><T107/><D107/><U13/><E63/><V121/><F121/><W122/><G122/><T118/><N who="0" m="45139" /><T61/><DORA hai="93" /><D61/><U104/><E104/><V96/><F96/><W21/><G71/><T111/><D111/><U65/><E65/><V22/><F35/><W98/><G98/><T91/><AGARI ba="0,0" hai="2,5,10,19,20,27,44,47,91,95,97" m="45139" machi="91" ten="40,5200,0" yaku="12,1,52,2" doraHai="34,93" who="0" fromWho="0" sc="224,52,276,-13,240,-26,260,-13" /><INIT seed="3,0,0,1,2,108" ten="276,263,214,247" oya="3" hai0="102,77,91,134,92,95,85,28,61,67,119,21,1" hai1="27,125,46,11,29,9,33,34,8,86,62,36,68" hai2="22,14,126,105,65,47,39,31,97,57,41,122,69" hai3="84,135,111,24,13,18,94,99,123,45,80,82,10"/><W40/><G123/><T117/><D1/><U55/><E125/><V76/><F122/><W48/><G135/><T96/><D134/><U5/><E34/><V30/><F69/><W130/><G130/><T49/><D49/><U133/><E133/><V79/><F126/><W101/><G111/><T4/><D4/><U60/><E5/><V73/><F73/><W81/><REACH who="3" step="1"/><G24/><REACH who="3" ten="276,263,214,237" step="2"/><N who="0" m="16399" /><D77/><AGARI ba="0,1" hai="10,13,18,40,45,48,77,80,81,82,84,94,99,101" machi="77" ten="30,5800,0" yaku="1,1,7,1,8,1,53,0" doraHai="108" doraHaiUra="87" who="3" fromWho="0" sc="276,-58,263,0,214,0,237,68" owari="218,-18.2,263,6.3,214,-28.6,305,40.5" /></mjloggm>