<mjloggm ver="2.3"><GO type="225" lobby="0"/><UN n0="%E3%81%82%E3%81%99%E3%81%AB%E3%82%83%E3%82%80" n1="%E8%BE%9B%E5%8F%A3%E3%82%AB%E3%83%AC%E3%83%BC%E3%83%A9%E3%82%A4%E3%82%B9" n2="%41%6F%69%32%31" n3="%73%6C%69%63%6B%33%31%39" dan="16,16,16,16" rate="2107.39,2208.48,2106.07,2122.94" sx="F,M,M,M"/><TAIKYOKU oya="0"/><INIT seed="0,0,0,1,1,24" ten="250,250,250,250" oya="0" hai0="78,18,87,106,133,72,13,25,44,127,37,85,108" hai1="97,92,118,51,128,15,1,53,122,134,9,54,107" hai2="50,80,114,68,88,60,42,113,93,5,20,56,40" hai3="45,121,36,29,94,55,38,57,2,120,30,116,90"/><T58/><D106/><U125/><E118/><V135/><F135/><W21/><G2/><T99/><D133/><U95/><E122/><V16/><F68/><W47/><G116/><T8/><D127/><U111/><E134/><V23/><F5/><W39/><G45/><T22/><D108/><U31/><E111/><V4/><F4/><W69/><G47/><T117/><D117/><U104/><E125/><V49/><F80/><W65/><G65/><T119/><D119/><U74/><E74/><V32/><F32/><W41/><G41/><N who="2" m="15977" /><F114/><W79/><G79/><T35/><D35/><U100/><E1/><V46/><F46/><W124/><G21/><N who="2" m="8265" /><F16/><W34/><G69/><T27/><D37/><U115/><E115/><V33/><F33/><W0/><G0/><T67/><D44/><U84/><E104/><V73/><F73/><W131/><G124/><T62/><D27/><U12/><E107/><V129/><F129/><W59/><G131/><T48/><D72/><U66/><E15/><V75/><F75/><W132/><G132/><T112/><D112/><U3/><E12/><V82/><F82/><W64/><G34/><T105/><D78/><U71/><E71/><V110/><F110/><W130/><G130/><T123/><D123/><N who="3" m="47177" /><G64/><T17/><REACH who="0" step="1"/><D48/><REACH who="0" ten="240,250,250,250" step="2"/><U52/><E51/><V102/><F113/><W109/><G109/><T11/><D11/><U10/><E10/><V98/><F102/><AGARI ba="0,1" hai="8,13,17,18,22,25,58,62,67,85,87,99,102,105" machi="102" ten="40,2000,0" yaku="1,1,53,0" doraHai="24" doraHaiUra="70" who="0" fromWho="2" sc="240,30,250,0,250,-20,250,0" /><INIT seed="0,1,0,1,5,54" ten="270,250,230,250" oya="0" hai0="15,73,97,14,11,25,101,58,62,134,7,111,63" hai1="81,56,106,75,131,86,47,133,76,118,132,85,71" hai2="109,32,114,96,6,24,129,79,22,89,46,112,113" hai3="67,16,127,130,2,44,128,120,45,70,78,52,9"/><T124/><D73/><U125/><E71/><V31/><F129/><N who="3" m="49771" /><G127/><T74/><D124/><U104/><E131/><V123/><F123/><W20/><G120/><T88/><D74/><U13/><E125/><V59/><F79/><W30/><G78/><T0/><D134/><N who="1" m="51819" /><E47/><V87/><F109/><W105/><G105/><N who="1" m="40554" /><E13/><V115/><F96/><W126/><G126/><T48/><D111/><U110/><E110/><V49/><F6/><N who="3" m="1239" /><G30/><T42/><D101/><U66/><E118/><V82/><N who="2" m="28672" /><DORA hai="10" /><V12/><F46/><W60/><G52/><N who="0" m="32007" /><D25/><AGARI ba="1,0" hai="16,20,25,44,45,60,67,70" m="1239,49771" machi="25" ten="30,2000,0" yaku="19,1,54,1" doraHai="54,10" who="3" fromWho="0" sc="270,-23,250,0,230,0,250,23" /><INIT seed="1,0,0,3,2,67" ten="247,250,230,273" oya="1" hai0="98,23,27,33,55,75,80,19,51,1,97,123,22" hai1="84,124,31,116,41,16,132,13,90,46,57,105,7" hai2="119,45,47,88,130,77,42,82,113,108,89,86,95" hai3="96,17,78,50,11,133,112,14,20,36,74,85,2"/><U66/><E116/><V44/><F119/><W114/><G36/><T72/><D1/><U120/><E120/><V118/><F118/><W134/><G74/><T0/><D0/><U6/><E105/><V62/><F113/><W122/><G96/><T64/><D33/><U58/><E132/><N who="3" m="50794" /><G50/><T43/><D43/><U107/><E107/><V83/><F130/><W49/><G49/><T4/><D4/><U37/><E31/><V26/><F108/><W15/><G78/><T109/><D109/><U71/><E124/><V104/><F104/><W48/><G85/><T56/><D123/><U30/><E30/><V29/><F62/><W101/><G101/><T117/><D117/><U92/><E71/><V24/><F42/><W81/><G81/><T65/><D75/><U10/><REACH who="1" step="1"/><E66/><REACH who="1" ten="247,240,230,273" step="2"/><V21/><F77/><W54/><G122/><T25/><D65/><U125/><E125/><V131/><F131/><W135/><G135/><T70/><D64/><U5/><AGARI ba="0,1" hai="5,6,7,10,13,16,37,41,46,57,58,84,90,92" machi="5" ten="30,6000,0" yaku="1,1,0,1,54,1,53,0" doraHai="67" doraHaiUra="59" who="1" fromWho="1" sc="247,-20,240,70,230,-20,273,-20" /><INIT seed="1,1,0,5,4,112" ten="227,310,210,253" oya="1" hai0="19,13,83,55,113,76,12,89,42,4,126,67,102" hai1="95,92,31,100,69,66,85,111,87,35,65,93,86" hai2="103,106,33,84,127,133,120,32,30,49,22,10,20" hai3="71,8,51,122,24,99,91,107,14,80,43,46,135"/><U88/><E69/><V114/><F120/><W27/><G122/><T44/><D113/><U41/><E41/><V134/><F114/><W72/><G71/><T37/><D126/><U98/><E111/><V11/><F106/><W105/><G135/><N who="2" m="51721" /><F103/><W54/><G72/><T29/><D29/><U5/><E5/><V131/><F49/><N who="3" m="26847" /><G107/><T16/><D102/><U74/><E74/><V75/><F75/><W47/><G105/><T81/><D67/><N who="1" m="25611" /><E35/><N who="2" m="13387" /><F84/><N who="1" m="32361" /><E31/><V123/><F123/><W34/><G34/><T60/><D76/><U6/><E6/><V62/><F62/><W57/><G80/><AGARI ba="1,0" hai="80,87,88,92,93,95,98,100" m="32361,25611" machi="80" ten="30,2900,0" yaku="8,1,54,1" doraHai="112" who="1" fromWho="3" sc="227,0,310,32,210,0,253,-32" /><INIT seed="1,2,0,5,0,35" ten="227,342,210,221" oya="1" hai0="133,108,75,96,28,10,76,98,34,45,36,37,61" hai1="11,52,39,131,102,101,130,119,53,125,110,79,60" hai2="86,114,107,31,89,50,19,117,74,116,1,57,72" hai3="5,70,26,82,33,64,66,124,87,46,9,17,16"/><U44/><E119/><V90/><F107/><W94/><G124/><T134/><D108/><U83/><E125/><V15/><F31/><W20/><G33/><T105/><D61/><U73/><E11/><V22/><F114/><W71/><G17/><T38/><D10/><U69/><E110/><V92/><F74/><W48/><G94/><T25/><D45/><U54/><E39/><V127/><F72/><W40/><G70/><T121/><D121/><U12/><E12/><V88/><F1/><W67/><G71/><T123/><D123/><U77/><E77/><V47/><F127/><W99/><G99/><T91/><D91/><N who="2" m="34826" /><F47/><W63/><G63/><T81/><D96/><U58/><E69/><V80/><F80/><W106/><G106/><T49/><D49/><U97/><E44/><V120/><F120/><W29/><G29/><T51/><REACH who="0" step="1"/><D51/><REACH who="0" ten="217,342,210,221" step="2"/><U78/><E97/><V109/><F109/><W56/><G56/><T115/><D115/><U85/><E60/><V129/><F129/><W111/><G111/><T13/><D13/><U6/><E130/><V3/><F3/><W68/><G68/><T65/><D65/><U30/><E131/><V128/><F128/><W21/><G9/><T132/><D132/><U43/><E78/><V55/><AGARI ba="2,1" hai="15,19,22,50,55,57,86,88,92,116,117" m="34826" machi="55" ten="30,2000,0" yaku="25,1,54,1" doraHai="35" who="2" fromWho="2" sc="217,-7,342,-12,210,36,221,-7" /><INIT seed="2,0,0,5,4,14" ten="210,330,246,214" oya="2" hai0="54,62,43,7,111,76,11,65,9,79,83,49,17" hai1="108,103,34,1,73,107,115,72,135,92,97,93,63" hai2="64,10,44,47,51,70,88,114,85,56,71,5,69" hai3="35,33,50,21,116,110,106,86,6,16,12,101,129"/><V3/><F114/><W52/><G116/><T112/><D112/><U89/><E34/><V36/><F36/><W120/><G120/><T94/><D111/><U113/><E1/><V0/><F0/><W81/><G110/><T15/><D43/><U132/><E108/><V66/><F56/><W61/><G129/><T32/><D32/><U57/><E113/><V122/><F122/><W20/><G61/><T4/><D94/><N who="1" m="36459" /><E89/><V55/><REACH who="2" step="1"/><F47/><REACH who="2" ten="210,330,236,214" step="2"/><W18/><G33/><T2/><D4/><U75/><E115/><V39/><F39/><W80/><G35/><T40/><D7/><U45/><E45/><V22/><F22/><W67/><G6/><T26/><D2/><U127/><E127/><V102/><F102/><W68/><G101/><T133/><D133/><N who="1" m="51275" /><E75/><V27/><F27/><W98/><G68/><T24/><D26/><U77/><E77/><V96/><F96/><W87/><G98/><T41/><D24/><U121/><E121/><V78/><F78/><W104/><G20/><T123/><D76/><U42/><E42/><V130/><F130/><W91/><G21/><T99/><D123/><U74/><E74/><V100/><F100/><W125/><G125/><T105/><D99/><U134/><E134/><V117/><F117/><W84/><G91/><T109/><D109/><U82/><E73/><V23/><F23/><W48/><G86/><N who="0" m="48511" /><D9/><U131/><E131/><V119/><F119/><W126/><G126/><T90/><D90/><U95/><E57/><V59/><F59/><W30/><G84/><T53/><D40/><U58/><E58/><V118/><F118/><RYUUKYOKU ba="0,1" sc="210,-10,330,-10,236,30,214,-10" hai2="3,5,10,44,51,55,64,66,69,70,71,85,88" /><INIT seed="2,1,1,3,5,60" ten="200,320,266,204" oya="2" hai0="35,74,56,112,132,116,4,118,54,38,84,129,90" hai1="125,27,99,82,14,76,22,77,89,39,97,8,32" hai2="34,50,130,81,119,65,47,44,62,85,46,75,63" hai3="115,7,21,92,131,100,134,103,117,80,73,31,114"/><V87/><F119/><N who="0" m="45610" /><D35/><U33/><E39/><V111/><F34/><W71/><G117/><T5/><D74/><U9/><E33/><V79/><F130/><W23/><G131/><T41/><D112/><N who="3" m="43049" /><G71/><T95/><D129/><U3/><E3/><V105/><F105/><W13/><G134/><T49/><D132/><U69/><E69/><V98/><F63/><W86/><G73/><T120/><D120/><U16/><E32/><V43/><F98/><N who="3" m="59463" /><G103/><T42/><D38/><U72/><E99/><V70/><F111/><W51/><G31/><T30/><D30/><U109/><E97/><V58/><F70/><W102/><G102/><T59/><D59/><U67/><E72/><V78/><F75/><W68/><G68/><T25/><D25/><U104/><E27/><V57/><F57/><W26/><G26/><T45/><D56/><U107/><E107/><V101/><F101/><W113/><N who="3" m="43057" /><W20/><DORA hai="29" /><G51/><T93/><D93/><U48/><E104/><V28/><F28/><W37/><G37/><T91/><D91/><U66/><E48/><V55/><F55/><W106/><G106/><T121/><D121/><U15/><E89/><V19/><F78/><N who="3" m="46359" /><G7/><AGARI ba="1,1" hai="4,5,7,41,42,45,49,54,84,90,95" m="45610" machi="7" ten="30,1000,0" yaku="12,1" doraHai="60,29" who="0" fromWho="3" sc="200,23,320,0,266,0,204,-13" /><INIT seed="3,0,0,3,4,47" ten="223,320,266,191" oya="3" hai0="86,35,51,0,5,43,39,45,56,74,70,26,46" hai1="67,77,95,96,83,10,23,50,102,135,18,103,113" hai2="131,32,106,63,4,116,17,123,129,87,114,91,6" hai3="93,65,71,34,132,80,48,109,100,52,66,64,14"/><W75/><G34/><T44/><D70/><U8/><E113/><V73/><F73/><W134/><G71/><T15/><D74/><U53/><E67/><V30/><F116/><W9/><G109/><T40/><D0/><U128/><E128/><N who="2" m="49227" /><F106/><W98/><G80/><T1/><D1/><U120/><E120/><V62/><F114/><W57/><REACH who="3" step="1"/><G75/><REACH who="3" ten="223,320,266,181" step="2"/><T31/><D39/><U61/><E83/><N who="2" m="49663" /><F32/><W84/><G84/><T60/><D86/><U89/><E77/><V24/><F123/><W122/><G122/><T126/><D126/><U119/><E119/><V3/><F3/><W42/><G42/><T124/><D124/><U54/><E96/><V20/><F30/><W58/><G58/><T108/><D108/><U28/><E28/><V69/><F69/><W107/><G107/><T7/><D40/><U21/><E135/><V11/><F11/><W49/><G49/><T29/><D31/><U36/><E50/><V110/><F110/><W115/><G115/><T72/><D72/><U13/><E8/><V12/><F12/><W27/><G27/><T55/><D15/><U59/><E13/><V88/><F63/><W127/><G127/><T118/><D118/><U19/><E61/><V37/><F62/><W112/><G112/><T2/><D2/><U38/><E10/><V79/><F37/><W121/><G121/><T104/><D104/><U82/><E59/><V78/><F24/><W133/><G133/><T130/><D130/><U81/><E95/><V33/><F33/><W97/><G97/><T111/><D111/><U85/><E85/><V90/><F20/><RYUUKYOKU ba="0,1" sc="223,10,320,10,266,-30,181,10" hai0="5,7,26,29,35,43,44,45,46,51,55,56,60" hai1="18,19,21,23,36,38,53,54,81,82,89,102,103" hai3="9,14,48,52,57,64,65,66,93,98,100,132,134" /><INIT seed="3,1,1,1,5,52" ten="233,330,236,191" oya="3" hai0="34,67,106,29,48,103,23,80,98,86,111,3,68" hai1="19,91,17,58,15,43,82,7,128,1,70,53,40" hai2="26,64,114,89,108,0,47,73,6,37,130,57,9" hai3="116,14,39,107,118,112,51,44,69,76,12,18,33"/><W122/><G112/><T41/><D111/><U2/><E70/><V110/><F114/><W131/><G122/><T133/><D3/><U11/><E2/><V45/><F130/><W78/><G107/><T115/><D115/><U32/><E32/><V21/><F73/><W4/><G69/><T50/><D23/><U101/><E101/><V54/><F64/><W84/><G39/><T123/><D41/><N who="1" m="15947" /><E1/><V95/><F37/><W36/><G36/><T77/><D133/><U109/><E109/><N who="2" m="42091" /><F57/><W105/><G105/><T127/><D127/><U81/><E91/><V42/><F54/><N who="3" m="30055" /><G33/><T132/><D132/><U20/><E7/><V63/><F63/><W56/><G131/><T102/><D102/><U25/><E128/><V49/><F49/><AGARI ba="1,1" hai="11,15,17,19,20,25,49,53,58,81,82" m="15947" machi="49" ten="30,2000,0" yaku="8,1,52,1" doraHai="52" who="1" fromWho="2" sc="233,0,330,33,236,-23,191,0" owari="233,3.3,363,46.3,213,-18.7,191,-30.9" /></mjloggm>