<mjloggm ver="2.3"><GO type="225" lobby="0"/><UN n0="%6D%75%75%6D%75%72%61" n1="%72%69%6F%75%63%68%61%6E" n2="%E3%82%B2%E3%82%B9%E8%8C%82%E5%8B%9D" n3="%77%72%77%72%77%72%77%72" dan="16,17,16,16" rate="2123.37,2233.13,2084.56,2176.13" sx="F,M,F,M"/><TAIKYOKU oya="0"/><INIT seed="0,0,0,3,0,101" ten="250,250,250,250" oya="0" hai0="119,83,10,47,62,41,133,29,129,31,105,52,66" hai1="68,99,92,34,85,2,109,46,86,53,21,65,50" hai2="125,123,63,5,124,76,25,96,15,16,132,35,64" hai3="70,112,115,84,79,74,80,6,130,111,61,4,106"/><T87/><D119/><U33/><E109/><V135/><F123/><W113/><G111/><T103/><D129/><U90/><E2/><V91/><F5/><W100/><G130/><T36/><D133/><N who="2" m="51274" /><F76/><W49/><G49/><T8/><D103/><U38/><E38/><V59/><F91/><W11/><G84/><T3/><D105/><U30/><E21/><N who="2" m="11423" /><F96/><N who="3" m="61703" /><G4/><T43/><D43/><U78/><E30/><AGARI ba="0,0" hai="25,30,35,59,63,64,124,125" m="11423,51274" machi="30" ten="30,2000,0" yaku="20,1,54,1" doraHai="101" who="2" fromWho="1" sc="250,0,250,-20,250,20,250,0" /><INIT seed="1,0,0,5,0,69" ten="250,230,270,250" oya="1" hai0="71,30,63,33,48,14,77,119,42,28,101,17,47" hai1="89,120,112,61,35,103,41,72,39,124,32,50,93" hai2="40,19,9,127,86,56,25,29,18,122,98,52,94" hai3="131,104,0,118,82,91,129,16,2,67,49,5,58"/><U34/><E112/><V66/><F127/><W121/><G121/><T133/><D119/><U109/><E124/><V126/><F126/><W130/><G118/><T90/><D133/><U37/><E120/><V23/><F122/><W95/><G104/><T68/><D77/><U51/><E72/><V21/><F66/><W128/><G5/><T88/><D101/><U12/><E103/><V111/><F111/><W100/><G100/><T135/><D135/><U105/><E105/><V92/><F40/><W75/><G82/><T45/><D45/><U44/><E109/><V7/><F86/><W64/><G75/><T107/><D107/><U132/><E132/><V43/><F43/><W81/><G81/><T117/><D117/><U20/><E61/><V11/><F29/><W74/><G74/><T53/><D68/><U106/><E106/><V99/><F92/><W123/><G123/><T73/><D73/><U13/><E50/><N who="2" m="30743" /><F7/><W115/><G115/><T84/><D33/><U10/><E20/><V76/><F76/><W62/><G49/><T96/><D96/><N who="2" m="36906" /><F94/><W59/><G64/><T70/><D70/><U113/><E113/><V116/><F116/><W22/><N who="3" m="32768" /><DORA hai="85" /><W55/><G95/><N who="0" m="54663" /><D90/><U60/><E60/><V97/><N who="2" m="36914" /><V24/><AGARI ba="0,0" hai="9,11,18,19,21,23,24,25" m="36914,30743" machi="24" ten="30,4000,0" yaku="4,1,8,1,54,1" doraHai="69,85" who="2" fromWho="2" sc="250,-10,230,-20,270,40,250,-10" /><INIT seed="2,0,0,5,3,59" ten="240,210,310,240" oya="2" hai0="65,132,46,5,64,84,29,109,8,69,124,66,103" hai1="95,50,11,101,52,113,0,114,56,76,72,41,94" hai2="51,92,121,93,71,102,81,77,55,91,19,53,22" hai3="1,7,60,70,74,27,33,6,130,37,126,26,134"/><V25/><F121/><W106/><RYUUKYOKU type="yao9" ba="0,0" sc="240,0,210,0,310,0,240,0" hai3="1,6,7,26,27,33,37,60,70,74,106,126,130,134" /><INIT seed="2,1,0,2,4,20" ten="240,210,310,240" oya="2" hai0="33,26,12,132,108,117,47,50,32,73,56,72,43" hai1="85,123,79,78,81,107,0,131,11,74,115,37,97" hai2="104,35,40,106,24,25,21,86,75,98,89,103,5" hai3="135,41,3,53,34,88,29,18,4,118,65,130,127"/><V16/><F75/><W1/><G118/><T45/><D117/><U119/><E119/><V27/><F106/><W90/><G41/><T102/><D108/><U67/><E115/><V128/><F128/><W64/><G130/><T94/><D132/><U54/><E131/><V59/><F35/><W77/><G135/><T42/><D56/><U55/><E123/><V6/><F40/><W58/><G127/><T87/><D12/><U48/><E37/><V113/><F113/><W105/><G105/><T9/><D9/><U30/><E67/><V17/><F59/><W10/><G77/><T95/><D102/><U109/><E109/><V100/><F100/><W51/><G1/><T52/><D52/><U122/><E122/><V19/><REACH who="2" step="1"/><F21/><REACH who="2" ten="240,210,300,240" step="2"/><W91/><G34/><T133/><D133/><U80/><E107/><V76/><F76/><W111/><G111/><T14/><D33/><U62/><E78/><V83/><AGARI ba="1,1" hai="5,6,16,17,19,24,25,27,83,86,89,98,103,104" machi="83" ten="30,18000,2" yaku="1,1,0,1,52,3,54,1,53,1" doraHai="20" doraHaiUra="96" who="2" fromWho="2" sc="240,-61,210,-61,300,193,240,-61" /><INIT seed="2,2,0,1,5,23" ten="179,149,493,179" oya="2" hai0="121,10,110,94,3,31,127,20,76,92,24,107,34" hai1="26,123,71,95,102,104,117,120,135,51,105,25,65" hai2="124,50,40,56,111,82,30,130,48,19,14,75,59" hai3="4,101,21,44,9,37,67,36,55,68,62,85,90"/><V79/><F124/><W109/><G109/><T88/><D121/><N who="1" m="46667" /><E135/><V45/><F130/><W100/><G21/><T33/><D110/><U32/><E117/><V17/><F111/><W108/><G108/><T2/><D127/><U43/><E32/><V57/><F30/><W115/><G115/><T87/><D107/><N who="1" m="41035" /><E65/><V99/><F99/><W103/><G55/><T13/><D76/><U28/><E28/><V5/><F5/><W132/><G44/><T49/><D34/><U131/><E71/><V66/><F19/><W0/><REACH who="3" step="1"/><G132/><REACH who="3" ten="179,149,493,169" step="2"/><T38/><D33/><U77/><E131/><V89/><F66/><W52/><G52/><T22/><D22/><U61/><E61/><V29/><F45/><W91/><G91/><T126/><D126/><U27/><E77/><V98/><F89/><W84/><G84/><T128/><D128/><U41/><E51/><V125/><F125/><W42/><G42/><T15/><D49/><U8/><E8/><V16/><F50/><W12/><G12/><T80/><D13/><U119/><E119/><V72/><F14/><W81/><AGARI ba="2,1" hai="0,4,9,36,37,62,67,68,81,85,90,100,101,103" machi="81" ten="30,4000,0" yaku="1,1,0,1,53,1" doraHai="23" doraHaiUra="78" who="3" fromWho="3" sc="179,-12,149,-12,493,-22,169,56" /><INIT seed="3,0,0,3,2,3" ten="167,137,471,225" oya="3" hai0="33,79,128,118,111,31,64,0,120,105,20,9,125" hai1="88,76,98,121,63,4,124,12,54,13,85,44,28" hai2="81,38,106,11,60,35,39,71,92,55,90,135,117" hai3="68,95,113,119,45,36,97,8,110,73,43,89,122"/><W24/><G113/><T75/><RYUUKYOKU type="yao9" ba="0,0" sc="167,0,137,0,471,0,225,0" hai0="0,9,20,31,33,64,75,79,105,111,118,120,125,128" /><INIT seed="3,1,0,4,2,63" ten="167,137,471,225" oya="3" hai0="11,40,32,31,58,24,118,55,77,48,126,90,9" hai1="13,36,59,94,117,116,124,6,41,71,119,91,25" hai2="30,113,37,38,78,57,97,72,5,70,112,2,128" hai3="127,44,85,22,103,135,35,131,129,16,100,64,18"/><W62/><G35/><T88/><D118/><N who="1" m="30211" /><U79/><DORA hai="49" /><E71/><V110/><F70/><N who="3" m="42263" /><G44/><T15/><D126/><U133/><E124/><V108/><F128/><N who="3" m="49227" /><G135/><T26/><D77/><U10/><E133/><V92/><F78/><W56/><G127/><T109/><D109/><N who="2" m="42090" /><F72/><W7/><G7/><T17/><D40/><U84/><E79/><V69/><F69/><W114/><G114/><N who="2" m="44137" /><F30/><W33/><G33/><T120/><D120/><U23/><E41/><V43/><F43/><W39/><G39/><T45/><D45/><U75/><E36/><V125/><F125/><W60/><G85/><T47/><D47/><U111/><E111/><V87/><F87/><W76/><G18/><T61/><D32/><U29/><E75/><V27/><F38/><W134/><G76/><T50/><D31/><U12/><E59/><V86/><F37/><W73/><G73/><T4/><D4/><U80/><E80/><V106/><F57/><W123/><G134/><T1/><D1/><AGARI ba="1,0" hai="1,6,10,12,13,23,25,29,84,91,94" m="30211" machi="1" ten="40,1300,0" yaku="12,1" doraHai="63,49" who="1" fromWho="0" sc="167,-16,137,16,471,0,225,0" owari="151,-34.9,153,-24.7,471,57.1,225,2.5" /></mjloggm>