<mjloggm ver="2.3"><GO type="225" lobby="0"/><UN n0="%E3%83%A9%E3%82%B9%E7%8E%87%EF%BC%93%E5%89%B2" n1="%E4%BE%BF%E6%89%80" n2="%6D%75%75%6D%75%72%61" n3="%E8%BE%9B%E5%8F%A3%E3%82%AB%E3%83%AC%E3%83%BC%E3%83%A9%E3%82%A4%E3%82%B9" dan="16,16,17,16" rate="2157.08,2043.96,2185.28,2199.73" sx="F,M,F,M"/><TAIKYOKU oya="0"/><INIT seed="0,0,0,0,2,111" ten="250,250,250,250" oya="0" hai0="121,15,95,88,11,20,75,0,131,56,25,83,33" hai1="30,5,43,35,87,84,135,42,107,76,69,61,81" hai2="57,40,44,134,126,77,133,85,105,86,127,62,74" hai3="91,99,41,45,102,16,24,104,101,10,98,32,132"/><T117/><D117/><U26/><E5/><V67/><F74/><W59/><G132/><N who="2" m="50793" /><F105/><W23/><G59/><T71/><D71/><U3/><E3/><V100/><F100/><W124/><G124/><N who="2" m="47657" /><F77/><W80/><G32/><T125/><D125/><U51/><E135/><V109/><F109/><W46/><G10/><T19/><D121/><U58/><E107/><V82/><F82/><W110/><G110/><T114/><D0/><U89/><E69/><V18/><F18/><W52/><G52/><T63/><D33/><U66/><REACH who="1" step="1"/><E51/><AGARI ba="0,0" hai="40,44,51,57,62,67,85,86" m="47657,50793" machi="51" ten="30,2000,0" yaku="20,1,18,1" doraHai="111" who="2" fromWho="1" sc="250,0,250,-20,250,20,250,0" /><INIT seed="1,0,0,5,4,4" ten="250,230,270,250" oya="1" hai0="100,24,33,61,132,108,0,92,97,7,51,13,90" hai1="93,81,62,80,127,103,16,105,110,29,3,68,52" hai2="53,30,50,17,134,117,124,15,28,31,94,22,21" hai3="44,46,57,131,76,8,119,99,122,128,112,88,12"/><U69/><E105/><V114/><F117/><W104/><G122/><T133/><D108/><U49/><E3/><V5/><F124/><W84/><G112/><T6/><D0/><U86/><E127/><V45/><F114/><W42/><G119/><T60/><D51/><U10/><E110/><V126/><F126/><W19/><G76/><T120/><D120/><U96/><E62/><V37/><F134/><N who="0" m="51818" /><D7/><U98/><E98/><V121/><F121/><W58/><G99/><N who="0" m="57751" /><D6/><U130/><E130/><N who="3" m="49706" /><G104/><N who="0" m="63503" /><D13/><N who="1" m="7223" /><E29/><AGARI ba="0,0" hai="24,29,33,60,61" m="63503,57751,51818" machi="29" ten="30,1000,0" yaku="20,1" doraHai="4" who="0" fromWho="1" sc="250,10,230,-10,270,0,250,0" /><INIT seed="2,0,0,2,2,91" ten="260,220,270,250" oya="2" hai0="21,6,128,120,121,110,63,24,135,51,16,100,10" hai1="64,61,99,41,96,23,85,59,95,25,72,124,76" hai2="103,36,73,129,133,69,84,112,125,92,46,106,130" hai3="40,48,5,60,18,118,29,15,47,123,89,7,126"/><V38/><F112/><W55/><G118/><T70/><D110/><U86/><E124/><V71/><F73/><W50/><G123/><T42/><D128/><N who="2" m="49258" /><F125/><W52/><G126/><T67/><D135/><U131/><E131/><V87/><F133/><W102/><G102/><T53/><D42/><U22/><E72/><V11/><F11/><W80/><G29/><T9/><D100/><U65/><E41/><N who="2" m="22823" /><F38/><W30/><G30/><T34/><D34/><U33/><E33/><V27/><F27/><W13/><G60/><T14/><REACH who="0" step="1"/><D10/><REACH who="0" ten="250,220,270,250" step="2"/><U114/><E114/><V3/><F106/><W93/><G40/><T31/><D31/><U35/><E35/><V107/><F107/><W132/><G132/><T56/><AGARI ba="0,1" hai="6,9,14,16,21,24,51,53,56,63,67,70,120,121" machi="56" ten="20,8000,1" yaku="1,1,0,1,7,1,54,1,53,1" doraHai="91" doraHaiUra="17" who="0" fromWho="0" sc="250,90,220,-20,270,-40,250,-20" /><INIT seed="3,0,0,2,0,47" ten="340,200,230,230" oya="3" hai0="37,126,22,110,66,90,26,125,133,49,10,57,54" hai1="106,103,38,98,101,129,104,69,29,121,36,55,118" hai2="107,117,113,80,39,63,45,1,50,25,86,12,132" hai3="40,64,33,87,30,52,27,91,81,76,109,0,32"/><W112/><G112/><T95/><D37/><U93/><E121/><V97/><F117/><W24/><G0/><T60/><D10/><U79/><E69/><V7/><F39/><W53/><G109/><T5/><D5/><U94/><E118/><V67/><F1/><W89/><G64/><T115/><D133/><U11/><E129/><V70/><F132/><W122/><G122/><T44/><D110/><U105/><E79/><V75/><F75/><W51/><G40/><T134/><D134/><U120/><E120/><V31/><F113/><W73/><G73/><T14/><D14/><U131/><E131/><V68/><F68/><W28/><G53/><T71/><D115/><U23/><E11/><V43/><F12/><W42/><G42/><T92/><D71/><U82/><E82/><V77/><F7/><W15/><G15/><T62/><D62/><U21/><E55/><V83/><F83/><W17/><G17/><T20/><D92/><U41/><E41/><V100/><F25/><W74/><G74/><T72/><D72/><U34/><E34/><V85/><F31/><W88/><G76/><T111/><D111/><U4/><E4/><V116/><F85/><W114/><G114/><T56/><D56/><AGARI ba="0,0" hai="24,27,28,30,32,33,51,52,56,81,87,88,89,91" machi="56" ten="30,12000,1" yaku="7,1,9,1,52,1,54,2" doraHai="47" who="3" fromWho="0" sc="340,-120,200,0,230,0,230,120" owari="220,-18.0,200,-30.0,230,3.0,350,45.0" /></mjloggm>