<mjloggm ver="2.3"><GO type="225" lobby="0"/><UN n0="%73%69%72%6F%75%74" n1="%E3%83%AD%E3%83%83%E3%83%86%E9%9B%80%E7%90%83" n2="%72%69%6F%75%63%68%61%6E" n3="%E3%81%86%E3%82%8B%E3%81%8A%E3%81%A1%E3%82%83" dan="16,17,17,16" rate="2142.95,2254.14,2231.83,2052.27" sx="M,M,M,F"/><TAIKYOKU oya="0"/><INIT seed="0,0,0,2,3,60" ten="250,250,250,250" oya="0" hai0="42,89,30,39,85,44,3,64,70,24,116,71,73" hai1="109,111,114,105,14,26,59,67,112,104,121,62,8" hai2="20,65,48,87,22,135,28,92,57,32,1,133,16" hai3="29,54,52,94,40,122,74,86,61,11,38,76,113"/><T81/><D116/><U33/><E121/><V115/><F115/><N who="1" m="44073" /><E33/><V68/><F1/><W15/><G113/><T96/><D3/><U126/><E26/><N who="2" m="16455" /><F32/><W23/><G122/><T90/><D73/><U106/><E126/><V27/><F68/><W102/><G74/><T124/><D124/><U55/><E55/><V130/><F130/><W80/><G38/><T75/><D75/><U83/><E83/><V108/><F108/><N who="1" m="41545" /><E105/><V63/><F48/><W110/><G40/><T25/><D24/><U99/><E99/><V36/><F36/><W125/><G125/><T13/><D96/><U84/><E84/><V77/><F77/><W53/><G110/><T78/><D13/><U129/><E129/><V7/><F7/><AGARI ba="0,0" hai="7,8,14,59,62,67,104,106" m="41545,44073" machi="7" ten="30,3900,0" yaku="11,1,14,1,52,1" doraHai="60" who="1" fromWho="2" sc="250,0,250,39,250,-39,250,0" /><INIT seed="1,0,0,0,0,122" ten="250,289,211,250" oya="1" hai0="63,97,40,94,29,98,126,49,121,13,133,116,71" hai1="35,77,38,31,36,106,1,68,64,47,51,134,48" hai2="74,4,2,6,11,26,28,84,103,43,124,82,69" hai3="53,54,8,115,21,61,125,118,92,132,39,30,91"/><U120/><E106/><V22/><F124/><W70/><G115/><T86/><D116/><U33/><E1/><V76/><F69/><W16/><G39/><T45/><D126/><U44/><E77/><V89/><F4/><W41/><G41/><T12/><D133/><U5/><E5/><V34/><F103/><W119/><G125/><T73/><D73/><U79/><E79/><V117/><F117/><N who="3" m="44555" /><G132/><T25/><D121/><U90/><E90/><V107/><F107/><W37/><G37/><N who="1" m="14442" /><E31/><V10/><F43/><W17/><G70/><T24/><D71/><U60/><E33/><V56/><F56/><N who="3" m="34959" /><G54/><T19/><D63/><N who="1" m="39967" /><E35/><V128/><F128/><W99/><G8/><T129/><D129/><U104/><E104/><V46/><F46/><N who="1" m="17449" /><E134/><V23/><REACH who="2" step="1"/><F11/><REACH who="2" ten="250,289,201,250" step="2"/><W102/><G102/><T131/><D131/><U111/><E120/><V18/><F18/><W9/><G9/><T62/><D19/><U81/><E81/><AGARI ba="0,1" hai="2,6,10,22,23,26,28,34,74,76,81,82,84,89" machi="81" ten="30,2000,0" yaku="1,1,7,1,53,0" doraHai="122" doraHaiUra="114" who="2" fromWho="1" sc="250,0,289,-20,201,30,250,0" /><INIT seed="2,0,0,4,0,103" ten="250,269,231,250" oya="2" hai0="102,105,44,122,59,39,6,1,81,62,83,30,45" hai1="12,110,90,127,47,3,19,132,72,92,104,129,48" hai2="100,73,86,16,111,42,115,5,65,119,60,26,85" hai3="63,28,33,101,79,114,10,117,21,24,95,71,15"/><V56/><F115/><W29/><G117/><T75/><D30/><U78/><E3/><V57/><F119/><W76/><G114/><T11/><D122/><U18/><E110/><V61/><F73/><W108/><G108/><T87/><D81/><U93/><E127/><V125/><F125/><W17/><G71/><T4/><D4/><U128/><E132/><V99/><F111/><W49/><G63/><T98/><D39/><U41/><E104/><V109/><F109/><W0/><G49/><T118/><D75/><U64/><E64/><V25/><F42/><W131/><G131/><N who="1" m="50250" /><E90/><V13/><F5/><W94/><G29/><T31/><D31/><U124/><E124/><V120/><F120/><W68/><G68/><T77/><REACH who="0" step="1"/><D118/><REACH who="0" ten="240,269,231,250" step="2"/><U50/><E72/><V66/><F25/><W91/><G33/><T106/><D106/><U126/><E126/><V14/><F26/><W55/><G0/><T107/><D107/><U84/><E19/><V135/><F135/><W8/><G28/><T70/><D70/><U54/><E18/><V130/><F130/><W53/><G24/><T38/><D38/><U133/><E133/><V121/><F121/><W23/><G17/><T51/><D51/><U20/><E50/><V36/><F36/><W112/><G112/><T7/><D7/><U32/><E48/><V58/><F58/><W123/><G123/><T52/><AGARI ba="0,1" hai="1,6,11,44,45,52,59,62,77,83,87,98,102,105" machi="52" ten="20,12000,2" yaku="1,1,0,1,7,1,52,1,54,1,53,1" doraHai="103" doraHaiUra="34" who="0" fromWho="0" sc="240,130,269,-30,231,-60,250,-30" /><INIT seed="3,0,0,2,0,55" ten="370,239,171,220" oya="3" hai0="87,49,61,67,83,118,21,88,117,41,47,10,132" hai1="70,105,65,73,129,28,133,101,111,9,91,40,74" hai2="125,82,71,66,76,98,36,81,127,42,59,113,43" hai3="46,99,107,20,12,96,50,53,23,68,29,78,27"/><W108/><G108/><T57/><D132/><U103/><E91/><V34/><F113/><W38/><G68/><T134/><D134/><U5/><E133/><V2/><F2/><W95/><G38/><T114/><D114/><U13/><E111/><V18/><F34/><W14/><G78/><T37/><D21/><U93/><E93/><V123/><F123/><W31/><G107/><T26/><D26/><U3/><E13/><V39/><F98/><W19/><G31/><T112/><D112/><U85/><E85/><V90/><F90/><W32/><G32/><T124/><D124/><N who="2" m="47690" /><F18/><W72/><G72/><T102/><D102/><U33/><E103/><V121/><F121/><W63/><G63/><T54/><D10/><U122/><E9/><V77/><F71/><AGARI ba="0,0" hai="37,41,47,49,54,57,61,67,71,83,87,88,117,118" machi="71" ten="30,8000,1" yaku="7,1,24,2,52,1,54,1" doraHai="55" who="0" fromWho="2" sc="370,80,239,0,171,-80,220,0" owari="450,55.0,239,3.9,91,-40.9,220,-18.0" /></mjloggm>