<mjloggm ver="2.3"><GO type="225" lobby="0"/><UN n0="%E3%81%8B%E3%82%8F%E3%81%A1%E3%82%83%E3%82%93%35%38" n1="%E6%81%A5%E6%99%92%E3%81%97" n2="%E5%A4%9C%E3%81%AE%E3%82%AC%E3%82%B9%E3%83%91%E3%83%BC%E3%83%AB" n3="%E3%82%B7%E3%83%B3%E5%A4%AA%E6%9C%97" dan="16,16,17,16" rate="2143.75,2085.32,2171.22,2161.03" sx="M,M,M,M"/><TAIKYOKU oya="0"/><INIT seed="0,0,0,3,0,53" ten="250,250,250,250" oya="0" hai0="59,23,93,76,19,25,75,62,101,81,74,10,79" hai1="92,125,104,126,38,84,113,66,95,35,8,17,11" hai2="56,39,111,132,99,82,123,121,20,63,124,36,33" hai3="88,69,68,12,9,50,103,48,1,16,105,117,110"/><T14/><D101/><U109/><E104/><V37/><F33/><W3/><G117/><T71/><D71/><U21/><E38/><V29/><F111/><W85/><G110/><T64/><D93/><N who="1" m="35915" /><E35/><V116/><F116/><W90/><G105/><T112/><D112/><U97/><E109/><V51/><F124/><N who="1" m="47721" /><E113/><V15/><F132/><W40/><G103/><T107/><D107/><U0/><E97/><V72/><F99/><W4/><G1/><T44/><D44/><U102/><E102/><V78/><F51/><W32/><G32/><T80/><REACH who="0" step="1"/><D10/><REACH who="0" ten="240,250,250,250" step="2"/><U46/><E46/><V115/><F115/><W7/><G69/><T60/><D60/><U73/><E11/><V108/><F108/><W41/><G68/><T18/><D18/><U94/><E8/><V49/><F121/><W98/><G16/><T106/><D106/><U28/><E17/><V61/><F123/><W96/><G9/><T77/><D77/><U119/><E94/><V87/><F63/><W120/><G120/><T27/><AGARI ba="0,1" hai="14,19,23,25,27,59,62,64,74,75,76,79,80,81" machi="27" ten="30,12000,1" yaku="1,1,0,1,9,1,52,1,53,1" doraHai="53" doraHaiUra="52" who="0" fromWho="0" sc="240,130,250,-40,250,-40,250,-40" /><INIT seed="0,1,0,0,0,9" ten="370,210,210,210" oya="0" hai0="0,46,79,34,38,108,78,25,13,50,8,45,10" hai1="97,56,67,84,42,98,104,29,31,70,35,132,95" hai2="100,71,17,85,115,106,1,118,72,80,5,39,66" hai3="59,21,82,90,134,107,75,129,41,81,109,60,54"/><T86/><D108/><U91/><E132/><V43/><F115/><W102/><G134/><T58/><D38/><U88/><E42/><V99/><F118/><W63/><G129/><T62/><D0/><U113/><E113/><V130/><F130/><W93/><G109/><T2/><D2/><U16/><E70/><V30/><F30/><W124/><G124/><T51/><D34/><U89/><E35/><V110/><F110/><W57/><G41/><N who="0" m="24879" /><D25/><U83/><E16/><V14/><F72/><W33/><G33/><T23/><D86/><U3/><E3/><V120/><F120/><W64/><G75/><T37/><D37/><U11/><E11/><V87/><F1/><W4/><G4/><N who="0" m="3207" /><D23/><U44/><E104/><V125/><F5/><W74/><G74/><T26/><D26/><U117/><E117/><V69/><F125/><W40/><G40/><N who="0" m="25031" /><D10/><U36/><E36/><V135/><F135/><W73/><G73/><T27/><D27/><U101/><E44/><V76/><F39/><W131/><G131/><T65/><AGARI ba="1,0" hai="58,62,65,78,79" m="25031,3207,24879" machi="65" ten="30,3000,0" yaku="8,1,52,1" doraHai="9" who="0" fromWho="0" sc="370,33,210,-11,210,-11,210,-11" /><INIT seed="0,2,0,5,0,52" ten="403,199,199,199" oya="0" hai0="64,101,58,133,60,106,122,91,80,79,34,32,126" hai1="98,134,124,29,96,49,30,100,74,62,77,76,16" hai2="61,56,112,43,107,28,89,40,78,67,97,21,9" hai3="130,35,51,19,20,105,18,99,59,75,88,83,117"/><T128/><D122/><U15/><E124/><V7/><F112/><W14/><G117/><T5/><D126/><U0/><E0/><V71/><F78/><N who="1" m="30313" /><E74/><V22/><F71/><W94/><G130/><T12/><D128/><U42/><E134/><V110/><F110/><W82/><G75/><T120/><D120/><U68/><E68/><V1/><F89/><W127/><G35/><T73/><D133/><U103/><E62/><V129/><F129/><W123/><G123/><T47/><D101/><N who="1" m="38987" /><E42/><V131/><F131/><W69/><G69/><T109/><D106/><U125/><E125/><V102/><REACH who="2" step="1"/><F28/><REACH who="2" ten="403,199,189,199" step="2"/><W84/><G127/><T17/><D109/><U39/><E39/><V85/><F85/><W38/><G38/><T57/><D91/><U108/><E108/><V44/><F44/><W31/><G31/><N who="1" m="11786" /><E49/><V53/><F53/><N who="3" m="32191" /><G105/><T121/><D121/><U86/><E86/><V37/><F37/><W27/><G84/><T135/><D135/><U81/><E81/><V23/><AGARI ba="2,1" hai="1,7,9,21,22,23,40,43,56,61,67,97,102,107" machi="23" ten="30,4000,0" yaku="1,1,0,1,52,1,53,0" doraHai="52" doraHaiUra="50" who="2" fromWho="2" sc="403,-22,199,-12,189,56,199,-12" /><INIT seed="1,0,0,0,0,100" ten="381,187,245,187" oya="1" hai0="111,35,135,122,51,80,134,92,30,87,37,71,68" hai1="110,50,12,70,86,56,105,126,10,97,3,25,73" hai2="96,15,32,95,127,90,9,52,64,65,116,49,69" hai3="34,124,38,77,60,53,46,0,39,67,114,61,75"/><U119/><E119/><V63/><F116/><W129/><G114/><T13/><D37/><U5/><E73/><V6/><F127/><W47/><G34/><T24/><D111/><U123/><E123/><V102/><F65/><W36/><G0/><T16/><D92/><U120/><E120/><V41/><F32/><W66/><G77/><N who="0" m="46479" /><D51/><U98/><E70/><V104/><F41/><W14/><G14/><T43/><D43/><U18/><E126/><V125/><F125/><W8/><G8/><N who="0" m="6183" /><D122/><U113/><E113/><V59/><REACH who="2" step="1"/><F90/><REACH who="2" ten="381,187,235,187" step="2"/><W2/><G124/><T81/><D71/><U72/><E110/><V29/><F29/><W118/><G118/><T31/><D31/><U84/><E72/><V55/><F55/><W19/><G53/><T93/><D68/><U78/><E78/><V4/><F4/><W101/><G67/><T28/><D28/><U62/><E5/><V45/><F45/><W99/><G66/><T131/><D30/><U1/><E1/><V107/><AGARI ba="0,1" hai="6,9,15,49,52,59,63,64,69,95,96,102,104,107" machi="107" ten="30,12000,2" yaku="1,1,0,1,52,2,54,1,53,1" doraHai="100" doraHaiUra="44" who="2" fromWho="2" sc="381,-30,187,-60,235,130,187,-30" /><INIT seed="2,0,0,0,5,54" ten="351,127,365,157" oya="2" hai0="82,60,11,127,111,3,26,112,77,48,0,20,50" hai1="84,91,35,109,75,10,106,44,19,22,119,57,101" hai2="42,9,95,123,124,29,28,97,47,114,118,56,69" hai3="132,18,104,110,7,100,24,129,52,53,12,96,102"/><V73/><F114/><W21/><G132/><T122/><D122/><U64/><E119/><V6/><F118/><W40/><G129/><T70/><D112/><U36/><E35/><V51/><F69/><W130/><G130/><T61/><D111/><U58/><E75/><V94/><F124/><W115/><G115/><T30/><D127/><U72/><E72/><V49/><F73/><W46/><G110/><T32/><D32/><U74/><E74/><V133/><F133/><W128/><G128/><T17/><D0/><U14/><E109/><V13/><F123/><W92/><G102/><T41/><D70/><U8/><E106/><V5/><F5/><W131/><G131/><T113/><D113/><U55/><E101/><N who="2" m="60599" /><F95/><W78/><G78/><T86/><D3/><U126/><E126/><V27/><F27/><W125/><G125/><T134/><D134/><U4/><E64/><V98/><F98/><W2/><G2/><T1/><D1/><U117/><E117/><V121/><F121/><W81/><G81/><T71/><D71/><U89/><E89/><V99/><F99/><W76/><G76/><T120/><D120/><U107/><E107/><V80/><F80/><W63/><G104/><T79/><D79/><U85/><E85/><V88/><F88/><W16/><G7/><T15/><D41/><U59/><E10/><V87/><F87/><W67/><G24/><T90/><D90/><U33/><E33/><V38/><F38/><N who="3" m="21783" /><G18/><T37/><D37/><U31/><E31/><V34/><F34/><W23/><G21/><N who="0" m="15695" /><D11/><U83/><E8/><V93/><F93/><RYUUKYOKU ba="0,0" sc="351,10,127,-30,365,10,157,10" hai0="15,17,20,48,50,60,61,77,82,86" hai2="6,9,13,28,29,42,47,49,51,56" hai3="12,16,23,52,53,63,67,92,96,100" /><INIT seed="2,1,0,1,3,92" ten="361,97,375,167" oya="2" hai0="100,34,130,4,127,75,33,3,2,59,22,27,104" hai1="84,77,53,35,54,64,80,116,115,126,40,123,49" hai2="112,24,114,32,109,44,56,5,110,15,9,69,91" hai3="111,57,36,95,19,50,12,97,79,62,47,65,66"/><V82/><F69/><W70/><G111/><N who="2" m="42505" /><F44/><W78/><G36/><T133/><D59/><U99/><E116/><V101/><F101/><W129/><G129/><T30/><D75/><U103/><E115/><V10/><F56/><W6/><G6/><T46/><D46/><U61/><E126/><V51/><F51/><W67/><G70/><T135/><D127/><U26/><E123/><V37/><F37/><W58/><G79/><T88/><D130/><U39/><E39/><V118/><F118/><W0/><G0/><N who="0" m="43" /><D88/><U13/><E13/><N who="2" m="5295" /><F82/><W21/><G78/><T132/><D4/><U121/><E121/><V120/><F91/><N who="3" m="55551" /><G57/><T85/><D85/><U124/><E124/><V74/><F74/><W106/><G106/><T102/><D102/><U29/><E40/><AGARI ba="1,0" hai="12,19,21,40,47,50,58,62,65,66,67" m="55551" machi="40" ten="30,2000,0" yaku="8,1,52,1" doraHai="92" who="3" fromWho="1" sc="361,0,97,-23,375,0,167,23" /><INIT seed="3,0,0,1,4,83" ten="361,74,375,190" oya="3" hai0="72,78,61,6,109,62,67,51,96,48,129,110,128" hai1="10,0,71,33,53,111,94,99,69,24,76,43,65" hai2="82,37,34,54,120,79,42,107,104,64,108,11,113" hai3="98,27,103,47,21,124,40,50,81,134,89,74,133"/><W92/><G124/><T5/><D96/><U3/><E111/><N who="0" m="42505" /><D78/><U105/><E53/><V13/><F108/><W95/><G74/><T130/><D72/><U59/><E43/><V2/><F113/><W66/><G66/><T121/><D121/><U22/><E33/><V25/><F120/><W131/><G131/><T44/><D62/><U85/><E105/><V123/><F123/><W28/><REACH who="3" step="1"/><G81/><REACH who="3" ten="361,74,375,180" step="2"/><T119/><D119/><U118/><E118/><V73/><F64/><W15/><G15/><T97/><D97/><AGARI ba="0,1" hai="21,27,28,40,47,50,89,92,95,97,98,103,133,134" machi="97" ten="40,2000,0" yaku="1,1,53,0" doraHai="83" doraHaiUra="112" who="3" fromWho="0" sc="361,-20,74,0,375,0,180,30" /><INIT seed="3,1,0,2,5,98" ten="341,74,375,210" oya="3" hai0="42,73,95,89,66,103,70,45,68,78,60,32,49" hai1="116,6,44,23,53,64,16,51,96,120,82,58,74" hai2="46,128,121,59,38,14,20,77,13,107,131,25,67" hai3="80,29,11,5,72,2,124,4,10,104,122,36,35"/><W43/><G122/><T117/><D117/><U88/><E120/><V54/><F121/><W75/><G124/><T57/><D32/><U21/><E116/><V52/><F107/><W112/><G112/><T81/><REACH who="0" step="1"/><D103/><REACH who="0" ten="331,74,375,210" step="2"/><U41/><E6/><V15/><F128/><W37/><G104/><T118/><D118/><U94/><E64/><V93/><F131/><W56/><G56/><T31/><D31/><U9/><E74/><N who="3" m="28202" /><G80/><T18/><D18/><U119/><E119/><V91/><F59/><W27/><G43/><T61/><D61/><U100/><E9/><V115/><F67/><W7/><G7/><T132/><D132/><U135/><E135/><V90/><F115/><W28/><G29/><T34/><D34/><U125/><E125/><V22/><F46/><W111/><G111/><T71/><D71/><U1/><E1/><AGARI ba="1,1" hai="1,2,4,5,10,11,27,28,35,36,37" m="28202" machi="1" ten="30,2900,0" yaku="33,2" doraHai="98" who="3" fromWho="1" sc="331,0,74,-32,375,0,210,42" /><INIT seed="3,2,0,0,4,15" ten="331,42,375,252" oya="3" hai0="124,96,99,47,135,85,68,69,56,132,19,12,4" hai1="90,81,58,120,60,75,48,52,63,37,14,28,64" hai2="67,70,83,16,62,82,6,26,10,77,78,102,119" hai3="54,21,130,91,44,50,108,71,45,25,84,73,115"/><W114/><G130/><T123/><D123/><U133/><E120/><V41/><F119/><W111/><G73/><T105/><D4/><U35/><E133/><N who="0" m="51273" /><D47/><U117/><E117/><V113/><F113/><W53/><G71/><N who="0" m="27211" /><D105/><U7/><E75/><V79/><F102/><W55/><G91/><T122/><D122/><U40/><E35/><V1/><F41/><N who="3" m="24847" /><G84/><T38/><D38/><U134/><E134/><V30/><REACH who="2" step="1"/><F16/><REACH who="2" ten="331,42,365,252" step="2"/><N who="3" m="12455" /><G45/><T121/><D121/><U36/><E28/><V87/><F87/><W125/><G125/><T97/><D124/><U101/><E101/><V107/><F107/><W86/><G86/><T93/><D56/><U11/><E36/><V43/><F43/><W42/><G42/><T76/><D76/><U24/><E37/><V118/><F118/><W98/><G98/><T106/><D106/><U8/><E40/><V80/><F80/><W112/><G112/><T39/><D39/><U29/><E29/><V33/><AGARI ba="2,1" hai="1,6,10,26,30,33,62,67,70,77,78,79,82,83" machi="33" ten="30,2000,0" yaku="1,1,0,1,53,0" doraHai="15" doraHaiUra="103" who="2" fromWho="2" sc="331,-7,42,-7,365,36,252,-12" owari="324,12.4,35,-46.5,401,50.1,240,-16.0" /></mjloggm>