<mjloggm ver="2.3"><GO type="225" lobby="0"/><UN n0="%E4%B8%AD%E5%B9%B4%E3%81%AE%E5%8D%B1%E6%A9%9F" n1="%E3%81%A9%E3%82%8F%E3%82%93%E3%81%94" n2="%E6%B4%BE%E9%81%A3%E3%81%AE%E3%82%B8%E3%83%A3%E3%83%83%E3%82%AF" n3="%E3%81%B2%E3%81%AA%E3%81%AE%E3%82%8A%E3%81%8F" dan="16,16,16,17" rate="2181.52,2156.04,2154.56,2202.56" sx="M,M,M,M"/><TAIKYOKU oya="0"/><INIT seed="0,0,0,4,1,84" ten="250,250,250,250" oya="0" hai0="81,23,26,32,87,37,35,55,75,21,73,80,95" hai1="89,5,9,43,10,69,132,110,106,134,125,7,45" hai2="40,59,25,116,131,15,94,122,79,90,38,36,2" hai3="20,58,68,44,66,127,12,97,102,54,114,11,1"/><T47/><D95/><U96/><E69/><V74/><F2/><W100/><G114/><T56/><D37/><U62/><E62/><V83/><F122/><W22/><G127/><T28/><D47/><U123/><E123/><V109/><F109/><W42/><G1/><T41/><D41/><U48/><E110/><V67/><F131/><W107/><G66/><T112/><D112/><U6/><E125/><V49/><F116/><W46/><G68/><T120/><D120/><U50/><E50/><V82/><F82/><W31/><G102/><T101/><D101/><N who="1" m="62759" /><E89/><V19/><F25/><W34/><G31/><T76/><D21/><U124/><E124/><V135/><F135/><AGARI ba="0,0" hai="5,6,7,9,10,43,45,48,132,134,135" m="62759" machi="135" ten="30,1000,0" yaku="20,1" doraHai="84" who="1" fromWho="2" sc="250,0,250,10,250,-10,250,0" /><INIT seed="1,0,0,5,4,94" ten="250,260,240,250" oya="1" hai0="50,77,57,4,132,121,71,19,103,18,53,131,134" hai1="111,42,23,3,37,7,95,110,81,96,125,31,15" hai2="0,78,100,73,9,6,76,20,58,59,66,41,68" hai3="43,72,36,40,55,88,108,104,135,124,119,133,25"/><U63/><E125/><V61/><F41/><W102/><G72/><T26/><D71/><U44/><E3/><V115/><F115/><W10/><G124/><T105/><D131/><U106/><E106/><V49/><F20/><W46/><G43/><T129/><D129/><U14/><E81/><V79/><F73/><W21/><G108/><N who="1" m="41514" /><E7/><V29/><F29/><W35/><G35/><T118/><D118/><U54/><E63/><V65/><F49/><W39/><G39/><T117/><D117/><U85/><E85/><V120/><F120/><W8/><G119/><T64/><D77/><U28/><E54/><V5/><F5/><W122/><G122/><T86/><D86/><U27/><E31/><V107/><REACH who="2" step="1"/><F66/><REACH who="2" ten="250,260,230,250" step="2"/><W2/><G40/><T56/><D4/><U128/><E128/><V127/><F127/><W92/><G133/><T112/><D121/><U12/><E15/><V30/><F30/><W93/><G2/><T116/><D116/><U126/><E126/><V91/><F91/><AGARI ba="0,1" hai="12,14,23,27,28,37,42,44,91,95,96" m="41514" machi="91" ten="30,5800,0" yaku="14,1,10,1,52,1" doraHai="94" who="1" fromWho="2" sc="250,0,260,68,230,-58,250,0" /><INIT seed="1,1,0,5,0,61" ten="250,328,172,250" oya="1" hai0="80,20,11,13,123,8,83,106,66,126,65,19,125" hai1="131,94,31,76,132,36,113,9,47,129,38,88,105" hai2="69,107,110,5,98,30,34,64,85,72,21,53,52" hai3="28,124,119,24,97,32,75,90,25,115,63,26,17"/><U99/><E113/><V37/><F72/><W127/><G115/><T40/><D106/><U87/><E31/><V130/><F37/><W84/><G75/><T57/><D123/><U6/><E132/><V93/><F21/><W68/><G119/><T35/><D35/><U2/><E76/><V54/><F5/><W116/><G116/><T33/><D33/><U4/><E4/><V27/><F110/><W101/><G17/><T71/><D71/><U73/><E73/><V62/><F130/><N who="1" m="49673" /><E47/><V60/><F85/><W56/><G68/><T7/><D40/><U96/><E96/><V12/><F12/><W89/><G26/><T55/><D126/><N who="3" m="48169" /><G25/><N who="0" m="14495" /><D11/><U49/><E49/><V46/><F46/><W81/><G90/><T10/><D10/><U22/><E22/><V45/><F45/><W117/><G117/><T95/><D95/><N who="1" m="54687" /><E105/><V48/><F48/><W67/><G97/><T100/><D100/><AGARI ba="1,0" hai="2,6,9,36,38,94,99,100" m="54687,49673" machi="100" ten="30,2900,0" yaku="19,1,54,1" doraHai="61" who="1" fromWho="0" sc="250,-32,328,32,172,0,250,0" /><AGARI ba="1,0" hai="24,28,32,56,63,67,81,84,89,100,101" m="48169" machi="100" ten="30,2000,0" yaku="18,1,52,1" doraHai="61" who="3" fromWho="0" sc="218,-20,360,0,172,0,250,20" /><INIT seed="1,2,0,5,1,130" ten="198,360,172,270" oya="1" hai0="7,29,120,94,4,24,114,71,20,65,122,51,39" hai1="82,10,50,11,85,23,70,104,126,93,135,28,2" hai2="66,58,15,115,84,80,67,75,118,17,63,123,19" hai3="127,37,95,46,73,90,125,27,33,9,92,59,86"/><U30/><E104/><V79/><F123/><N who="0" m="47146" /><D39/><U43/><E70/><V1/><F118/><W89/><G73/><T72/><D72/><U54/><E126/><N who="3" m="48138" /><G9/><T40/><D114/><U109/><E43/><V69/><F1/><W97/><G59/><T88/><D65/><U56/><E2/><V3/><F3/><W102/><G46/><N who="0" m="26055" /><D71/><U38/><E11/><V47/><F115/><W13/><G37/><T0/><D0/><U78/><E10/><V60/><F47/><W35/><G13/><T6/><D6/><U31/><E38/><V87/><REACH who="2" step="1"/><F19/><REACH who="2" ten="198,360,162,270" step="2"/><W49/><G35/><T128/><D128/><U105/><E31/><V64/><F64/><W14/><G33/><T117/><D117/><U62/><E30/><V132/><F132/><W91/><G102/><T129/><D129/><U48/><E135/><V52/><F52/><W12/><G49/><T134/><D134/><U112/><E50/><V124/><F124/><W83/><G27/><T74/><D74/><U21/><E48/><V96/><F96/><AGARI ba="2,1" hai="12,14,83,86,89,90,91,92,95,96,97" m="48138" machi="96" ten="30,1000,0" yaku="18,1" doraHai="130" who="3" fromWho="2" sc="198,0,360,0,162,-16,270,26" /><AGARI ba="2,0" hai="4,7,20,24,29,88,94,96" m="26055,47146" machi="96" ten="30,2000,0" yaku="13,1,54,1" doraHai="130" who="0" fromWho="2" sc="198,20,360,0,146,-20,296,0" /><INIT seed="2,0,0,2,0,20" ten="218,360,126,296" oya="2" hai0="135,45,110,68,125,25,57,64,27,56,129,50,99" hai1="89,98,62,134,9,112,77,87,38,4,116,131,69" hai2="52,85,94,109,120,43,6,19,81,5,122,90,73" hai3="24,121,40,18,65,29,95,54,127,100,111,42,123"/><V88/><F43/><W51/><G111/><T3/><D3/><U53/><E112/><V17/><F109/><W33/><G127/><T82/><D110/><U91/><E38/><V32/><F32/><W31/><G65/><T13/><D68/><U34/><E34/><V115/><F115/><W44/><G31/><T101/><D125/><U61/><E116/><V59/><F120/><W39/><G42/><T84/><D135/><U60/><E69/><V92/><F122/><W63/><G63/><N who="0" m="37991" /><D57/><U37/><E37/><V118/><F118/><W79/><G79/><N who="0" m="46175" /><D129/><U74/><E74/><V30/><F30/><W133/><G133/><T66/><D66/><U93/><E134/><V80/><F73/><W21/><G95/><N who="0" m="58623" /><D13/><N who="1" m="5287" /><E131/><V36/><F36/><W0/><G0/><T16/><D16/><N who="2" m="6218" /><F92/><W7/><G100/><T8/><D8/><U117/><E117/><V48/><F81/><W76/><G7/><T119/><D119/><U23/><E93/><V41/><F41/><AGARI ba="0,0" hai="25,27,41,45,50" m="58623,46175,37991" machi="41" ten="30,3900,0" yaku="8,1,52,2" doraHai="20" who="0" fromWho="2" sc="218,39,360,0,126,-39,296,0" /><INIT seed="3,0,0,0,1,43" ten="257,360,87,296" oya="3" hai0="122,126,71,102,49,34,73,121,96,95,108,124,11" hai1="66,54,37,57,104,101,110,134,90,125,51,7,18" hai2="91,40,24,135,131,106,79,84,39,100,31,16,68" hai3="89,67,14,70,97,20,0,133,118,21,1,28,32"/><W82/><G118/><T9/><D71/><U47/><E7/><V123/><F68/><W27/><G133/><T74/><D34/><U111/><E134/><V15/><F79/><W58/><G70/><T2/><D2/><U17/><E125/><N who="0" m="48233" /><D49/><U63/><E37/><V45/><F135/><W48/><G1/><T87/><D9/><U86/><E101/><V107/><F131/><W65/><G0/><T132/><D11/><U69/><E104/><V93/><F100/><W30/><G32/><T94/><D132/><U78/><E78/><V105/><F123/><N who="0" m="47114" /><D108/><N who="1" m="41515" /><E69/><V80/><F80/><AGARI ba="0,0" hai="17,18,47,51,54,57,63,66,80,86,90" m="41515" machi="80" ten="30,2000,0" yaku="14,1,52,1" doraHai="43" who="1" fromWho="2" sc="257,0,360,20,87,-20,296,0" owari="257,-14.3,380,48.0,67,-43.3,296,9.6" /></mjloggm>