<mjloggm ver="2.3"><GO type="225" lobby="0"/><UN n0="%E3%82%B2%E3%82%B9%E8%8C%82%E5%8B%9D" n1="%E7%89%B9%E6%9D%B1%E3%81%AF%E4%B8%96%E7%95%8C%E3%82%92%E6%95%91%E3%81%86" n2="%77%72%77%72%77%72%77%72" n3="%E3%81%B5%E3%81%98%E3%81%8B%E3%81%A4" dan="16,16,17,16" rate="2079.24,2142.20,2203.14,2164.97" sx="F,M,M,M"/><TAIKYOKU oya="0"/><INIT seed="0,0,0,5,0,43" ten="250,250,250,250" oya="0" hai0="98,123,76,6,128,3,15,93,68,110,25,88,70" hai1="84,135,64,89,23,94,73,99,119,104,26,57,34" hai2="63,5,58,21,56,71,55,78,117,80,134,74,20" hai3="90,0,85,28,113,33,47,129,32,83,22,111,19"/><T79/><D123/><U52/><E119/><V112/><F112/><W132/><G113/><T49/><D110/><U72/><E135/><V8/><F71/><W69/><G0/><T11/><D128/><U18/><E64/><V77/><F134/><W96/><G132/><T106/><D106/><U31/><E104/><V44/><F117/><W48/><G69/><T27/><D70/><U75/><E84/><V67/><F78/><W130/><G28/><T131/><D68/><U40/><E40/><V97/><F97/><W50/><G50/><T10/><D131/><N who="3" m="50185" /><G96/><T108/><D108/><U51/><REACH who="1" step="1"/><E72/><REACH who="1" ten="250,240,250,250" step="2"/><V125/><F125/><W13/><G111/><T42/><D79/><U95/><E95/><V7/><F74/><W101/><G101/><T86/><D76/><U9/><E9/><V60/><F8/><W126/><G126/><T107/><D107/><U46/><E46/><V12/><F44/><W39/><G39/><T62/><D86/><U102/><E102/><V114/><F114/><W65/><G65/><T81/><D10/><U92/><E92/><V53/><F67/><W109/><G109/><T38/><D38/><U4/><E4/><V120/><F120/><W61/><G61/><T14/><D3/><U103/><E103/><V116/><F116/><W35/><G35/><T133/><D62/><U17/><E17/><V118/><F118/><W54/><AGARI ba="0,1" hai="13,19,22,32,33,47,48,54,83,85,90" m="50185" machi="54" ten="30,2000,0" yaku="19,1,52,1" doraHai="43" who="3" fromWho="3" sc="250,-10,240,-5,250,-5,250,30" /><INIT seed="1,0,0,3,5,48" ten="240,235,245,280" oya="1" hai0="106,49,133,101,112,22,51,79,93,100,73,121,27" hai1="98,81,116,75,50,53,5,103,102,0,39,35,62" hai2="15,29,83,66,1,127,118,86,87,89,60,135,26" hai3="45,126,36,6,46,76,104,44,129,92,57,24,123"/><U30/><E116/><V64/><F1/><W55/><G104/><T80/><D112/><U71/><E39/><V16/><F118/><W31/><G123/><T65/><D133/><U107/><E103/><V21/><F127/><W110/><G126/><T52/><D121/><U63/><E5/><V9/><F135/><W23/><G110/><T12/><D106/><U14/><E0/><V131/><F131/><W125/><G125/><T54/><D12/><U122/><E14/><V11/><F11/><W96/><G129/><T37/><D37/><U18/><E18/><V132/><F132/><W40/><G76/><T25/><D65/><U130/><E122/><V117/><F117/><W34/><G34/><T3/><D3/><U120/><E120/><V88/><REACH who="2" step="1"/><F60/><REACH who="2" ten="240,235,235,280" step="2"/><W95/><G6/><T72/><D72/><U94/><E62/><V85/><F85/><W2/><G2/><T8/><D8/><U20/><E63/><V33/><F33/><W38/><G38/><T111/><D111/><U68/><E35/><V59/><F59/><W17/><G36/><T108/><D108/><U105/><E130/><V67/><F67/><W114/><G57/><N who="0" m="32911" /><D73/><U91/><E75/><V58/><F58/><W56/><G56/><T13/><D13/><U128/><BYE who="0" /><E128/><V109/><F109/><W84/><G84/><T97/><D97/><U47/><E68/><V32/><F32/><N who="3" m="20583" /><G96/><T4/><D4/><U119/><E71/><V61/><F61/><W10/><G10/><T78/><D78/><U115/><E119/><V99/><F99/><W43/><G23/><T134/><D134/><RYUUKYOKU ba="0,1" sc="240,-10,235,-10,235,30,280,-10" hai2="9,15,16,21,26,29,64,66,83,86,87,88,89" /><INIT seed="2,1,1,5,4,69" ten="230,225,265,270" oya="2" hai0="127,81,101,38,54,8,17,98,23,95,39,11,90" hai1="22,73,63,122,50,62,96,111,13,28,14,104,80" hai2="36,47,84,9,107,42,35,76,119,61,92,10,79" hai3="32,77,4,114,97,134,126,0,75,27,100,43,120"/><V12/><F107/><W108/><G120/><T65/><D65/><U55/><E122/><V70/><F119/><W31/><G114/><T112/><D112/><U30/><E111/><V89/><F35/><W5/><G108/><T129/><D129/><U52/><E73/><V25/><F25/><UN n0="%E3%82%B2%E3%82%B9%E8%8C%82%E5%8B%9D" /><W103/><G126/><T128/><D127/><U94/><E104/><V88/><F9/><W26/><G134/><T21/><D128/><U57/><E80/><V3/><F3/><W24/><G103/><T46/><D81/><U1/><E1/><V40/><F40/><W102/><G102/><T56/><D101/><N who="1" m="60567" /><E63/><V53/><F89/><W68/><G68/><T58/><D58/><N who="1" m="35167" /><E22/><V106/><F106/><W85/><G75/><T121/><D121/><U18/><E18/><V60/><F60/><W64/><G0/><T72/><D72/><U16/><E16/><V67/><REACH who="2" step="1"/><F53/><REACH who="2" ten="230,225,255,270" step="2"/><W125/><G125/><T93/><D23/><U29/><AGARI ba="1,2" hai="13,14,28,29,30,50,52,57" m="35167,60567" machi="29" ten="30,2000,0" yaku="8,1,54,1" doraHai="69" who="1" fromWho="1" sc="230,-6,225,43,255,-11,270,-6" /><INIT seed="3,0,0,2,4,128" ten="224,268,244,264" oya="3" hai0="91,41,67,96,17,107,29,34,25,129,105,70,130" hai1="83,85,50,113,36,68,51,20,119,6,80,13,77" hai2="132,64,21,19,26,109,82,72,112,0,18,56,78" hai3="59,108,1,88,73,49,118,97,121,115,103,120,28"/><W63/><G118/><T15/><D41/><U133/><E113/><V42/><F112/><W3/><G115/><T40/><D40/><U16/><E36/><V11/><F109/><W43/><G73/><T61/><D91/><U48/><E119/><V114/><F114/><W117/><G117/><T87/><D87/><U22/><E68/><V98/><F42/><W10/><G108/><T8/><REACH who="0" step="1"/><D107/><REACH who="0" ten="214,268,244,264" step="2"/><U89/><E89/><V30/><F72/><W66/><G43/><T102/><AGARI ba="0,1" hai="8,15,17,25,29,34,61,67,70,96,102,105,129,130" machi="102" ten="30,12000,2" yaku="1,1,2,1,0,1,25,2,53,2" doraHai="128" doraHaiUra="125" who="0" fromWho="0" sc="214,130,268,-30,244,-30,264,-60" owari="344,44.4,238,3.8,214,-18.6,204,-29.6" /></mjloggm>