<mjloggm ver="2.3"><GO type="225" lobby="0"/><UN n0="%E4%BF%BA%E3%81%A8%E5%A6%96%E5%A4%A2" n1="%72%69%6F%75%63%68%61%6E" n2="%E3%81%86%E3%81%A9%E3%82%93%E3%81%93" n3="%E3%81%8B%E3%82%8F%E3%81%A1%E3%82%83%E3%82%93%35%38" dan="17,16,16,16" rate="2164.69,2224.51,2153.71,2200.83" sx="F,M,M,M"/><TAIKYOKU oya="0"/><INIT seed="0,0,0,0,5,41" ten="250,250,250,250" oya="0" hai0="42,48,135,86,99,125,8,81,92,94,71,102,101" hai1="34,7,95,5,62,1,89,40,87,131,103,25,117" hai2="123,11,78,44,17,110,69,14,98,127,4,118,113" hai3="58,20,119,31,23,130,128,47,77,49,116,22,108"/><T63/><D135/><U12/><E117/><N who="3" m="45130" /><G77/><T76/><D125/><U90/><E131/><N who="3" m="50218" /><G58/><T122/><D122/><U10/><E40/><V28/><F69/><W27/><G108/><T46/><D8/><U104/><E5/><V120/><F118/><W84/><G84/><T134/><D134/><U107/><E103/><V124/><F113/><W54/><AGARI ba="0,0" hai="20,22,23,27,31,47,49,54" m="50218,45130" machi="54" ten="30,2000,0" yaku="19,1,52,1" doraHai="41" who="3" fromWho="3" sc="250,-10,250,-5,250,-5,250,20" /><INIT seed="1,0,0,3,1,41" ten="240,245,245,270" oya="1" hai0="17,8,1,65,85,29,76,24,43,128,49,52,25" hai1="102,59,107,116,39,120,30,21,6,56,94,71,134" hai2="81,68,117,35,98,58,110,18,123,100,12,99,129" hai3="75,84,127,105,10,47,103,108,64,40,88,122,42"/><U36/><E116/><V97/><F68/><W83/><G122/><T74/><D74/><U87/><E120/><V62/><F123/><W89/><G64/><T111/><D111/><U57/><E71/><V54/><F35/><W46/><G75/><T72/><D72/><U78/><E134/><V22/><F110/><W5/><G108/><T11/><D128/><U26/><E6/><V13/><F129/><W44/><G127/><T55/><D65/><U33/><E33/><V15/><F117/><W7/><G7/><T20/><D43/><N who="3" m="16425" /><G105/><T2/><D2/><U91/><REACH who="1" step="1"/><E78/><REACH who="1" ten="240,235,245,270" step="2"/><V118/><F118/><W3/><G3/><T61/><D76/><U119/><E119/><V93/><REACH who="2" step="1"/><F81/><REACH who="2" ten="240,235,235,270" step="2"/><W67/><G83/><T27/><D1/><U37/><E37/><V82/><F82/><W32/><G32/><T115/><D115/><U131/><E131/><V0/><F0/><W121/><G121/><T19/><D29/><U130/><E130/><V104/><F104/><W96/><G5/><T70/><D70/><U60/><E60/><V48/><F48/><W34/><G34/><T79/><D61/><U132/><E132/><V125/><F125/><W4/><G4/><T53/><D49/><U135/><E135/><V113/><F113/><W14/><G67/><T80/><REACH who="0" step="1"/><D19/><REACH who="0" ten="230,235,235,270" step="2"/><U124/><E124/><V90/><F90/><W38/><G89/><T112/><D112/><U45/><E45/><V106/><F106/><N who="3" m="63847" /><G38/><T73/><D73/><U92/><E92/><V95/><F95/><N who="3" m="54663" /><G46/><T28/><D28/><U50/><E50/><V133/><F133/><W31/><G31/><RYUUKYOKU ba="0,3" sc="230,0,235,0,235,0,270,0" hai0="8,11,17,20,24,25,27,52,53,55,79,80,85" hai1="21,26,30,36,39,56,57,59,87,91,94,102,107" hai2="12,13,15,18,22,54,58,62,93,97,98,99,100" hai3="10,14,44,47" /><INIT seed="1,1,3,2,0,11" ten="230,235,235,270" oya="1" hai0="91,129,123,20,41,43,48,124,84,72,27,133,65" hai1="126,19,40,130,24,120,118,100,94,17,122,97,78" hai2="1,125,101,76,14,77,42,73,66,64,31,80,68" hai3="58,55,96,79,3,30,69,22,10,67,29,49,115"/><U47/><E118/><V113/><F1/><W92/><G115/><T95/><D133/><U128/><E126/><V4/><F125/><W111/><G79/><N who="2" m="30281" /><F68/><W127/><G127/><T102/><D124/><U52/><E78/><V82/><F73/><W53/><G111/><T39/><D39/><U131/><E52/><V93/><F31/><W54/><G69/><T108/><D108/><U81/><E81/><N who="2" m="31339" /><F42/><W13/><G3/><T89/><D72/><U62/><E62/><V46/><F46/><N who="3" m="27831" /><G67/><N who="2" m="25641" /><F113/><W121/><G121/><N who="1" m="46698" /><E24/><V12/><F4/><N who="3" m="3271" /><G55/><T23/><D65/><U105/><E105/><V99/><AGARI ba="1,3" hai="12,14,93,99,101" m="25641,31339,30281" machi="99" ten="30,4000,0" yaku="8,1,52,2" doraHai="11" who="2" fromWho="2" sc="230,-11,235,-21,235,73,270,-11" /><INIT seed="2,0,0,3,3,85" ten="219,214,308,259" oya="2" hai0="22,63,30,23,67,98,109,87,79,88,48,116,64" hai1="41,120,101,33,122,17,59,73,81,52,2,78,69" hai2="68,62,86,125,74,8,75,16,57,127,29,71,84" hai3="31,96,105,42,126,35,7,44,121,27,40,104,94"/><V114/><F29/><W54/><G121/><N who="1" m="46698" /><E69/><N who="2" m="26699" /><F114/><W21/><G126/><N who="2" m="48137" /><F8/><W15/><G54/><T95/><D109/><U10/><E41/><V112/><F112/><W11/><G42/><T5/><D116/><U135/><E135/><V65/><F16/><W103/><REACH who="3" step="1"/><G35/><REACH who="3" ten="219,214,308,249" step="2"/><T102/><D5/><N who="1" m="1335" /><E33/><V19/><F19/><W51/><AGARI ba="0,1" hai="7,11,15,21,27,31,40,44,51,94,96,103,104,105" machi="51" ten="20,2700,0" yaku="1,1,0,1,7,1,53,0" doraHai="85" doraHaiUra="110" who="3" fromWho="3" sc="219,-7,214,-7,308,-13,249,37" /><INIT seed="3,0,0,5,0,5" ten="212,207,295,286" oya="3" hai0="54,60,56,104,77,66,39,4,109,90,30,50,52" hai1="97,55,134,57,36,126,8,120,67,6,46,112,59" hai2="19,99,117,42,100,122,116,31,49,115,45,21,58" hai3="70,44,51,43,76,35,81,16,34,62,93,14,0"/><W68/><G0/><T69/><D104/><U3/><E120/><V28/><F115/><W119/><G119/><T128/><D77/><U132/><E112/><V38/><F122/><W91/><G68/><T83/><D109/><U124/><E97/><V106/><F31/><W135/><G135/><N who="1" m="51754" /><E67/><V75/><F28/><W11/><G62/><T87/><D128/><U24/><E24/><V71/><F71/><W48/><G48/><T127/><D30/><U63/><E57/><V133/><F75/><W32/><G70/><T9/><D127/><N who="1" m="48683" /><E46/><V84/><F133/><W27/><G27/><T1/><D54/><U22/><E22/><V29/><F29/><W130/><G130/><T110/><D110/><U40/><E36/><V111/><F111/><W96/><G34/><T65/><D66/><U72/><E72/><AGARI ba="0,0" hai="11,14,16,32,35,43,44,51,72,76,81,91,93,96" machi="72" ten="30,5800,0" yaku="7,1,52,1,54,1" doraHai="5" who="3" fromWho="1" sc="212,0,207,-58,295,0,286,58" owari="212,-18.8,149,-35.1,295,9.5,344,44.4" /></mjloggm>