<mjloggm ver="2.3"><GO type="225" lobby="0"/><UN n0="%E9%80%86%E9%80%A3%E5%B8%AF%E3%81%AE%E9%AC%BC" n1="%E3%83%A9%E3%83%BC%E3%83%A1%E3%83%B3%E4%BA%94%E9%83%8E" n2="%E3%83%AB%E3%83%9B%E3%83%B3%E3%83%87%E3%82%A3%E3%82%A8" n3="%E6%B8%A9%E2%98%85%E6%83%85%E2%98%85%E6%8E%AA%E2%98%85%E7%BD%AE" dan="16,16,17,18" rate="2128.73,2099.45,2196.98,2266.84" sx="M,M,M,M"/><TAIKYOKU oya="0"/><INIT seed="0,0,0,0,4,41" ten="250,250,250,250" oya="0" hai0="6,108,79,69,34,67,48,59,35,105,97,8,125" hai1="96,55,19,111,116,56,114,46,74,90,36,110,18" hai2="4,71,109,134,89,25,58,50,83,0,42,123,117" hai3="14,2,126,32,101,77,106,17,118,44,88,15,43"/><T60/><D125/><U129/><E116/><V61/><F0/><W78/><G118/><T112/><D112/><U45/><E74/><V3/><F3/><W5/><G32/><T104/><D108/><N who="1" m="41515" /><E114/><V95/><F4/><W124/><G2/><T76/><D76/><N who="3" m="29289" /><G5/><T26/><D79/><U29/><E29/><V98/><F83/><W68/><G68/><T121/><D121/><U24/><E129/><V64/><F134/><W82/><G101/><T23/><D48/><N who="1" m="30823" /><E36/><V99/><F123/><W21/><G106/><T11/><D69/><U113/><E113/><V131/><F131/><W54/><G54/><T1/><D11/><U38/><E38/><V51/><F71/><W84/><G17/><N who="1" m="6154" /><E24/><V120/><F120/><W107/><G21/><T28/><REACH who="0" step="1"/><D97/><REACH who="0" ten="240,250,250,250" step="2"/><U87/><E96/><V132/><F99/><W37/><G107/><AGARI ba="0,1" hai="1,6,8,23,26,28,34,35,59,60,67,104,105,107" machi="107" ten="40,3900,0" yaku="1,1,2,1,53,0" doraHai="41" doraHaiUra="70" who="0" fromWho="3" sc="240,49,250,0,250,0,250,-39" /><INIT seed="0,1,0,4,4,86" ten="289,250,250,211" oya="0" hai0="33,59,16,9,25,94,111,32,129,92,41,110,57" hai1="39,101,93,117,97,102,69,104,113,67,95,18,88" hai2="6,70,73,26,53,122,1,11,100,126,79,90,109" hai3="34,127,15,80,37,8,72,65,130,54,3,75,89"/><T120/><D120/><U28/><E117/><V35/><F53/><W24/><G37/><T133/><D133/><U46/><E113/><V66/><F90/><W131/><G3/><T61/><D129/><N who="3" m="49161" /><G65/><T38/><D41/><U81/><E28/><N who="2" m="19863" /><F100/><N who="1" m="38505" /><E39/><V47/><F47/><W2/><G2/><T78/><D38/><U12/><E69/><V4/><F4/><N who="3" m="3463" /><G54/><T123/><D78/><U96/><E104/><V52/><F52/><W98/><G127/><T125/><D123/><U107/><E107/><V124/><F109/><W55/><G55/><T17/><D125/><U43/><E67/><V106/><F106/><W29/><G80/><T71/><D71/><U128/><E128/><V56/><F122/><W108/><G108/><T85/><D9/><N who="1" m="6415" /><E81/><N who="2" m="45295" /><F56/><W77/><G77/><T132/><D132/><U58/><E58/><V87/><F66/><W5/><G5/><T13/><D13/><U23/><E46/><V60/><F70/><W99/><G99/><T105/><D105/><U121/><E121/><V51/><F6/><W134/><G134/><T45/><D45/><U21/><E43/><V31/><F126/><W10/><G10/><T84/><D25/><U19/><E19/><V74/><F11/><W36/><G36/><T7/><D7/><U49/><E49/><V22/><F51/><W44/><G44/><T118/><REACH who="0" step="1"/><D61/><REACH who="0" ten="279,250,250,211" step="2"/><U30/><E30/><V115/><F31/><W20/><G34/><T64/><D64/><U76/><E76/><V40/><F60/><W0/><G0/><T114/><D114/><U83/><E83/><V103/><F115/><W119/><G119/><AGARI ba="1,1" hai="16,17,32,33,57,59,84,85,92,94,110,111,118,119" machi="119" ten="25,12000,1" yaku="1,1,6,1,22,2,54,1,53,0" doraHai="86" doraHaiUra="50" who="0" fromWho="3" sc="279,133,250,0,250,0,211,-123" /><INIT seed="0,2,0,5,1,109" ten="412,250,250,88" oya="0" hai0="87,91,121,52,46,19,29,39,99,89,73,54,72" hai1="56,88,61,86,135,105,66,8,21,25,57,78,42" hai2="34,75,59,77,47,41,71,93,49,96,69,12,115" hai3="102,33,30,107,100,64,37,10,125,18,24,26,104"/><T14/><D121/><U53/><E135/><V123/><F34/><W58/><G37/><T97/><D29/><U70/><E105/><V17/><F123/><W103/><G125/><T117/><D117/><U6/><E42/><V120/><F120/><W126/><G126/><T108/><D108/><U118/><E78/><V80/><F59/><W27/><G30/><T79/><D79/><U119/><E119/><V95/><F95/><W90/><G33/><T15/><D39/><U5/><E118/><V127/><F127/><W7/><G18/><T1/><D1/><U0/><E53/><V38/><F49/><W44/><G44/><T9/><D46/><U84/><E6/><V28/><F28/><W35/><G35/><T68/><D68/><U112/><E86/><V31/><F31/><W23/><G23/><T45/><D45/><U133/><E133/><V130/><F130/><W22/><G22/><T94/><D99/><U101/><E101/><V2/><F2/><W43/><G43/><T63/><D15/><U67/><E67/><V110/><F110/><W113/><G113/><T114/><D114/><U62/><E62/><V60/><F60/><W65/><G90/><T11/><D11/><U55/><E55/><V132/><F132/><W3/><REACH who="3" step="1"/><G58/><REACH who="3" ten="412,250,250,78" step="2"/><T76/><D91/><U4/><E112/><V98/><F115/><W74/><G74/><T13/><D73/><U50/><E57/><V124/><F124/><W48/><G48/><T128/><D72/><U106/><E50/><V116/><F116/><W32/><G32/><T16/><D89/><U83/><E56/><RYUUKYOKU ba="2,1" sc="412,-10,250,-10,250,-10,78,30" hai3="3,7,10,24,26,27,64,65,100,102,103,104,107" /><INIT seed="1,3,1,2,0,133" ten="402,240,240,108" oya="1" hai0="24,48,99,85,40,21,31,134,84,76,118,125,73" hai1="115,43,113,27,68,70,97,22,39,110,72,116,92" hai2="19,23,117,16,93,57,12,123,4,112,60,10,0" hai3="54,62,87,132,101,37,95,32,41,126,80,3,58"/><U71/><E116/><V29/><F117/><W107/><G132/><T45/><D134/><U90/><E72/><V79/><F123/><W59/><G3/><T47/><D118/><U77/><E77/><V88/><F112/><W52/><G32/><T15/><D125/><U82/><E82/><V7/><F79/><W64/><G107/><T124/><D124/><U69/><N who="1" m="17408" /><DORA hai="103" /><U2/><E2/><V9/><F29/><W109/><G126/><T55/><D99/><U30/><REACH who="1" step="1"/><E110/><REACH who="1" ten="402,230,240,108" step="2"/><V114/><F114/><W119/><G109/><T111/><D111/><U46/><AGARI ba="3,2" hai="22,27,30,39,43,46,90,92,97,113,115" m="17408" machi="46" ten="60,11700,0" yaku="1,1,2,1,0,1,53,0" doraHai="133,103" doraHaiUra="106,50" who="1" fromWho="1" sc="402,-42,230,146,240,-42,108,-42" /><INIT seed="1,4,0,4,5,48" ten="360,376,198,66" oya="1" hai0="35,124,56,38,7,125,61,66,91,111,126,105,20" hai1="115,62,6,16,59,36,128,134,25,92,37,100,13" hai2="43,120,8,78,110,104,53,45,42,94,82,63,95" hai3="4,23,58,129,122,102,14,85,44,123,71,112,65"/><U98/><E115/><V49/><F104/><W72/><G72/><T0/><D35/><U32/><E134/><V109/><F120/><W132/><G112/><T114/><D114/><U73/><E73/><V30/><F30/><W19/><G71/><T68/><D111/><N who="2" m="42506" /><F8/><W101/><G129/><T54/><D38/><U127/><E128/><V89/><F63/><W51/><G132/><T116/><D105/><U135/><E135/><V74/><F95/><W119/><G119/><T17/><D116/><U117/><E117/><V108/><N who="2" m="42514" /><V97/><AGARI ba="4,0" hai="42,43,45,49,53,74,78,82,89,94,97" m="42514" machi="97" ten="40,5200,0" yaku="4,1,14,1,52,1" doraHai="48" who="2" fromWho="2" sc="360,-17,376,-30,198,64,66,-17" /><INIT seed="2,0,0,2,3,26" ten="343,346,262,49" oya="2" hai0="83,46,103,65,61,52,84,66,35,49,21,42,113" hai1="23,45,77,25,96,91,7,112,87,121,28,17,47" hai2="63,131,44,5,118,97,59,82,37,69,94,57,6" hai3="108,105,78,75,56,125,122,19,80,43,134,79,68"/><V2/><F131/><W33/><G56/><T95/><D35/><U132/><E112/><V135/><F135/><W123/><G19/><T29/><D113/><U73/><E132/><V116/><F69/><W1/><G80/><T114/><D114/><U101/><E121/><V39/><F82/><W109/><G43/><T51/><D95/><N who="1" m="54783" /><E17/><V92/><F2/><W104/><G68/><T53/><D103/><U22/><E22/><V74/><F74/><W86/><G1/><T76/><D61/><U107/><E7/><V62/><REACH who="2" step="1"/><F44/><REACH who="2" ten="343,346,252,49" step="2"/><W40/><G33/><T16/><D42/><U129/><E129/><V58/><F58/><W126/><G40/><T34/><D34/><U4/><E45/><V18/><F18/><W99/><G134/><T48/><D46/><U64/><E47/><V24/><F24/><W89/><G75/><T0/><D0/><U133/><E133/><V67/><F67/><N who="0" m="25610" /><D29/><U111/><E64/><V9/><F9/><W106/><G122/><T13/><AGARI ba="0,1" hai="13,16,21,48,49,51,52,53,76,83,84" m="25610" machi="13" ten="30,4000,0" yaku="8,1,54,2" doraHai="26" who="0" fromWho="0" sc="343,50,346,-10,252,-20,49,-10" /><INIT seed="3,0,0,5,1,18" ten="393,336,232,39" oya="3" hai0="74,130,29,19,110,23,13,48,32,97,117,84,64" hai1="44,119,26,2,126,67,86,132,63,20,128,14,78" hai2="57,30,24,11,92,98,129,37,68,85,25,22,8" hai3="90,35,66,106,133,4,10,79,101,46,73,76,61"/><W123/><G123/><T43/><D117/><U100/><E119/><V72/><F68/><W55/><G133/><T69/><D74/><U82/><E2/><V109/><F37/><W134/><G134/><T77/><D130/><U45/><E126/><V58/><F72/><W88/><G35/><T80/><D110/><U62/><E132/><V120/><F109/><W115/><G115/><T34/><D29/><U103/><E128/><V135/><F129/><W54/><G101/><T51/><D97/><U131/><E131/><V65/><F85/><W75/><G106/><T121/><D121/><U95/><E14/><V108/><F108/><W42/><G75/><T40/><D51/><U9/><E9/><V47/><F47/><W104/><G104/><T87/><D87/><U16/><E62/><V89/><F120/><W27/><G27/><T81/><D81/><U71/><REACH who="1" step="1"/><E103/><REACH who="1" ten="393,326,232,39" step="2"/><V5/><F135/><W127/><G127/><T33/><D48/><U96/><AGARI ba="0,1" hai="16,20,26,44,45,63,67,71,78,82,86,95,96,100" machi="96" ten="30,12000,2" yaku="1,1,2,1,0,1,52,1,54,1,53,1" doraHai="18" doraHaiUra="94" who="1" fromWho="1" sc="393,-30,326,130,232,-30,39,-60" owari="363,16.3,456,55.6,202,-19.8,-21,-52.1" /></mjloggm>