<mjloggm ver="2.3"><GO type="225" lobby="0"/><UN n0="%E3%81%8F%E3%82%8A%E3%83%94%E3%83%BC" n1="%E8%A8%88%E7%AE%97%E6%A9%9F%E8%87%AA%E7%84%B6" n2="%E5%84%AA%40%41%42%43" n3="%E6%97%A5%E6%9B%9C%E6%97%A5%E3%82%88%E3%82%8A%E3%81%AE%E4%BD%BF%E8%80%85" dan="16,17,17,17" rate="2074.18,2217.73,2231.11,2194.30" sx="M,M,M,M"/><TAIKYOKU oya="0"/><INIT seed="0,0,0,4,5,107" ten="250,250,250,250" oya="0" hai0="15,111,91,133,87,127,131,35,37,118,6,27,86" hai1="8,51,98,33,92,84,117,19,110,42,75,115,31" hai2="95,94,65,85,52,3,97,61,89,9,82,10,67" hai3="60,73,50,34,46,43,30,32,78,99,108,48,134"/><T4/><D118/><U38/><E117/><V54/><F3/><W47/><G108/><T81/><D37/><U135/><E110/><V0/><F95/><W100/><G134/><T64/><D111/><U126/><E135/><V18/><F0/><W76/><G60/><T25/><D133/><U130/><E38/><V40/><F40/><W69/><G69/><T59/><D127/><U53/><E126/><V80/><F80/><W36/><G36/><T104/><D104/><U83/><E130/><V39/><F39/><W129/><G30/><T55/><D64/><N who="2" m="24650" /><F18/><W49/><G129/><T14/><D131/><U101/><E42/><V29/><F29/><W120/><G120/><T20/><D87/><U7/><E19/><V123/><F123/><W41/><G50/><N who="0" m="31223" /><D27/><U70/><E115/><V113/><F113/><W63/><G63/><T88/><D91/><U102/><E102/><N who="2" m="60727" /><F54/><W5/><G5/><N who="0" m="2155" /><D35/><U116/><E116/><V124/><F124/><W45/><G45/><T58/><D58/><AGARI ba="0,0" hai="9,10,52,58,61,82,85,89" m="60727,24650" machi="58" ten="30,2000,0" yaku="8,1,54,1" doraHai="107" who="2" fromWho="0" sc="250,-20,250,0,250,20,250,0" /><INIT seed="1,0,0,5,0,25" ten="230,250,270,250" oya="1" hai0="118,92,70,22,68,31,132,64,36,44,18,13,95" hai1="108,86,33,37,7,103,126,104,28,27,93,17,56" hai2="113,96,47,133,20,42,66,6,62,121,77,59,82" hai3="10,60,134,124,38,74,67,101,97,100,87,9,107"/><U98/><E37/><V99/><F121/><W54/><G74/><T12/><D118/><U14/><E126/><V58/><F133/><W39/><G124/><T23/><D132/><U41/><E41/><V129/><F129/><W5/><G134/><T72/><D72/><U105/><E7/><V61/><F113/><W111/><G111/><T125/><D125/><U30/><E30/><V94/><F6/><W131/><G131/><T73/><D73/><U83/><E56/><V49/><F20/><W11/><G101/><T4/><D4/><U29/><E29/><V48/><F48/><W34/><G34/><T85/><D85/><U26/><E26/><V117/><F117/><W45/><G5/><T120/><D120/><U50/><E50/><V80/><F77/><W116/><G116/><T90/><D64/><U24/><E24/><V43/><F42/><W110/><G110/><T19/><D31/><U102/><E103/><N who="2" m="60823" /><F99/><W79/><G79/><T106/><D106/><U3/><E3/><V81/><F80/><W115/><G39/><T1/><D1/><U89/><REACH who="1" step="1"/><E108/><REACH who="1" ten="230,240,270,250" step="2"/><V2/><F2/><W112/><G38/><T57/><D36/><U65/><E65/><AGARI ba="0,1" hai="43,47,49,58,59,61,62,65,66,81,82" m="60823" machi="65" ten="30,1000,0" yaku="8,1" doraHai="25" who="2" fromWho="1" sc="230,0,240,-10,270,20,250,0" /><INIT seed="2,0,0,3,2,128" ten="230,230,290,250" oya="2" hai0="83,66,49,32,0,57,81,125,12,119,19,104,108" hai1="58,9,117,10,33,100,120,82,34,27,129,113,105" hai2="43,124,5,8,53,116,80,109,30,91,98,1,88" hai3="131,42,107,89,37,45,93,84,55,95,56,130,15"/><V18/><F116/><W51/><G107/><T99/><D0/><U54/><E117/><V50/><F124/><W115/><G115/><T63/><D119/><U7/><E113/><V75/><F30/><W41/><G41/><T48/><D125/><U74/><E129/><N who="3" m="49162" /><G15/><T126/><D126/><U92/><E105/><V65/><F65/><W134/><G95/><T16/><D32/><U118/><E118/><V90/><F43/><W24/><G24/><T110/><D19/><U28/><E120/><V60/><F60/><W17/><G17/><T103/><D83/><U73/><E33/><V23/><F109/><N who="0" m="42090" /><D81/><U38/><E38/><V86/><F98/><W106/><G106/><T36/><D36/><U127/><E127/><V13/><F75/><W121/><G121/><T122/><D122/><U101/><E92/><V96/><F96/><W46/><G46/><AGARI ba="0,0" hai="1,5,8,13,18,23,46,50,53,80,86,88,90,91" machi="46" ten="30,2900,0" yaku="7,1,54,1" doraHai="128" who="2" fromWho="3" sc="230,0,230,0,290,29,250,-29" /><INIT seed="2,1,0,4,5,94" ten="230,230,319,221" oya="2" hai0="68,13,103,93,15,23,55,133,127,134,49,32,77" hai1="42,5,108,19,98,99,62,24,101,22,88,7,92" hai2="84,4,36,76,6,30,69,71,1,70,115,34,8" hai3="100,40,75,89,107,56,65,86,121,39,135,27,54"/><V0/><F115/><W90/><G121/><T31/><D68/><U96/><E108/><V112/><F112/><W41/><G75/><T129/><D129/><U59/><E42/><V48/><F48/><W126/><G39/><T91/><D103/><U20/><E20/><V97/><F84/><W120/><G120/><T81/><D127/><U38/><E38/><V28/><F76/><W78/><G65/><T10/><D23/><U124/><E124/><V66/><F36/><W132/><G78/><T58/><D31/><N who="2" m="11818" /><F8/><W51/><G27/><T25/><D25/><U50/><E50/><V80/><F80/><W45/><G126/><T64/><D64/><N who="1" m="39007" /><E101/><V111/><F66/><W67/><G67/><T57/><D32/><U63/><E63/><V37/><F37/><W3/><G3/><N who="2" m="1097" /><F34/><W82/><G90/><T26/><D26/><U18/><E18/><V85/><F85/><AGARI ba="1,0" hai="5,7,19,22,24,85,88,92,96,98,99" m="39007" machi="85" ten="30,8000,1" yaku="8,1,52,3,54,1" doraHai="94" who="1" fromWho="2" sc="230,0,230,83,319,-83,221,0" /><INIT seed="3,0,0,0,0,112" ten="230,313,236,221" oya="3" hai0="80,50,108,69,12,115,6,19,96,52,73,85,67" hai1="79,107,39,10,27,84,38,63,53,3,56,110,104" hai2="70,41,18,132,105,15,98,58,20,32,72,101,76" hai3="49,71,26,100,123,59,97,128,126,90,28,7,129"/><W21/><G123/><T66/><D73/><U68/><E68/><V40/><F70/><W4/><G71/><T109/><D6/><U30/><E3/><V16/><F32/><W106/><G126/><T64/><D96/><U60/><E10/><V92/><F132/><W23/><G90/><N who="0" m="51495" /><D69/><U117/><E60/><V135/><F135/><W44/><G59/><T25/><D25/><U33/><E110/><N who="0" m="42601" /><D115/><U35/><E27/><N who="2" m="14727" /><F105/><W86/><G86/><T102/><D102/><U99/><E104/><V2/><F2/><W1/><G23/><N who="0" m="11751" /><D66/><U87/><E84/><V116/><F72/><W78/><G78/><T75/><D75/><U119/><E107/><V43/><F76/><W124/><G124/><T113/><D113/><U77/><E99/><V95/><F92/><W5/><REACH who="3" step="1"/><G1/><REACH who="3" ten="230,313,236,211" step="2"/><T37/><D37/><U134/><E77/><V45/><F58/><AGARI ba="0,1" hai="50,52,58,64,67" m="11751,42601,51495" machi="58" ten="30,2000,0" yaku="14,1,54,1" doraHai="112" who="0" fromWho="2" sc="230,30,313,0,236,-20,211,0" owari="260,6.0,313,41.3,216,-18.4,211,-28.9" /></mjloggm>