<mjloggm ver="2.3"><GO type="225" lobby="0"/><UN n0="%E3%83%A9%E3%82%A4%E3%83%B3%E3%81%AE%E8%99%8E" n1="%30%2E%31%32%30" n2="%E7%89%B9%E6%9D%B1%E3%81%AF%E4%B8%96%E7%95%8C%E3%82%92%E6%95%91%E3%81%86" n3="%E4%B8%89%E5%88%86%E5%B0%8F%E5%83%A7" dan="16,16,16,16" rate="2121.52,2131.45,2129.93,2086.19" sx="M,M,M,M"/><TAIKYOKU oya="0"/><INIT seed="0,0,0,0,4,32" ten="250,250,250,250" oya="0" hai0="5,65,54,8,63,128,48,114,125,18,76,74,66" hai1="117,4,75,50,87,90,121,24,59,96,70,95,15" hai2="124,39,38,2,49,134,113,25,97,20,16,45,62" hai3="88,135,123,0,94,91,107,77,22,120,71,132,61"/><T19/><D114/><U51/><E70/><V56/><F113/><W31/><G71/><T69/><D125/><U122/><E75/><V12/><F134/><N who="3" m="51243" /><G61/><T110/><D128/><U111/><E111/><V73/><F124/><W33/><G22/><T64/><D110/><U102/><E117/><V81/><F2/><W40/><G40/><T129/><D129/><U55/><E24/><V131/><F131/><W126/><G126/><T100/><D100/><U41/><E4/><V104/><F104/><W78/><G31/><T17/><D76/><N who="3" m="29289" /><G33/><T9/><D74/><U36/><E15/><V13/><F73/><W34/><G34/><T85/><D85/><U99/><E36/><V53/><F97/><N who="3" m="57543" /><G0/><T109/><D109/><U57/><E99/><V92/><F39/><W98/><G91/><T60/><D69/><U26/><E26/><V67/><F38/><W14/><G14/><T93/><D93/><U133/><E133/><V89/><REACH who="2" step="1"/><F81/><REACH who="2" ten="250,250,240,250" step="2"/><W27/><G27/><T37/><D37/><U80/><E121/><V68/><F68/><W58/><G58/><T7/><D7/><U6/><E6/><V112/><F112/><W127/><G127/><T43/><D5/><U11/><E122/><V86/><AGARI ba="0,1" hai="12,13,16,20,25,45,49,53,56,62,67,86,89,92" machi="86" ten="20,8000,1" yaku="1,1,0,1,7,1,8,1,54,1,53,0" doraHai="32" doraHaiUra="119" who="2" fromWho="2" sc="250,-40,250,-20,240,90,250,-20" /><INIT seed="1,0,0,0,5,71" ten="210,230,330,230" oya="1" hai0="45,134,40,88,78,121,94,6,75,21,31,60,77" hai1="133,4,105,116,33,43,127,87,124,52,8,84,132" hai2="5,10,128,48,115,110,34,23,42,53,30,11,15" hai3="112,51,63,32,25,9,114,13,111,73,109,125,97"/><U44/><E105/><V26/><F110/><N who="3" m="41995" /><G51/><T0/><D134/><N who="1" m="51819" /><E33/><V106/><F106/><W62/><G97/><T74/><D121/><U86/><E116/><V83/><F128/><W17/><G73/><T91/><D74/><U101/><E101/><V64/><F115/><N who="3" m="44075" /><G63/><T95/><D75/><U126/><E52/><V131/><F131/><W20/><G62/><T54/><D6/><U68/><E68/><V58/><F64/><W76/><G76/><T57/><D0/><N who="1" m="7" /><E86/><V56/><F42/><W119/><G125/><N who="1" m="32002" /><U37/><AGARI ba="0,0" hai="37,43,44,84,87" m="32002,7,51819" machi="37" ten="50,12000,1" yaku="4,1,20,1,18,1,52,1" doraHai="71" who="1" fromWho="1" sc="210,-40,230,120,330,-40,230,-40" /><INIT seed="1,1,0,2,1,69" ten="170,350,290,190" oya="1" hai0="5,25,95,64,98,126,81,17,11,76,109,120,91" hai1="21,119,61,24,30,105,40,72,127,114,113,82,51" hai2="22,52,68,37,92,54,70,77,27,55,65,90,84" hai3="96,2,117,110,57,58,111,67,19,45,66,43,121"/><U128/><E105/><V29/><F65/><N who="3" m="24587" /><G19/><T100/><D109/><N who="3" m="41481" /><G96/><T4/><D126/><U15/><E127/><V86/><REACH who="2" step="1"/><F37/><REACH who="2" ten="170,350,280,190" step="2"/><N who="3" m="21743" /><G2/><T75/><D64/><U87/><E114/><V28/><F28/><W39/><G121/><T101/><D120/><U48/><E30/><V33/><F33/><W125/><G125/><T83/><D83/><AGARI ba="1,1" hai="22,27,29,52,54,55,68,70,77,83,84,86,90,92" machi="83" ten="40,2600,0" yaku="1,1,54,1,53,0" doraHai="69" doraHaiUra="63" who="2" fromWho="0" sc="170,-29,350,0,280,39,190,0" /><INIT seed="2,0,0,5,0,103" ten="141,350,319,190" oya="2" hai0="38,110,42,129,79,71,49,23,11,125,74,32,112" hai1="43,1,130,119,84,40,80,75,117,102,123,9,128" hai2="27,47,121,13,34,131,61,24,72,45,55,22,118" hai3="86,88,81,127,133,54,31,66,46,33,44,135,53"/><V105/><F118/><W116/><G116/><T50/><D32/><U10/><E75/><V73/><F121/><W134/><G127/><T92/><D23/><U5/><E9/><V26/><F34/><W70/><G70/><T94/><D71/><U6/><E6/><V120/><F120/><W98/><G66/><T76/><D11/><U51/><E102/><V36/><F131/><N who="1" m="50217" /><E123/><V4/><F105/><W18/><G18/><T29/><D129/><U106/><E106/><V21/><F61/><W14/><G14/><T48/><D29/><U115/><E115/><V126/><F126/><W100/><G46/><T52/><D125/><U101/><E101/><V19/><F4/><W104/><REACH who="3" step="1"/><G44/><REACH who="3" ten="141,350,319,180" step="2"/><T30/><D112/><U39/><E117/><V114/><F114/><W59/><G59/><T113/><D113/><U99/><E119/><V108/><F47/><W64/><G64/><T96/><D42/><U90/><E40/><V17/><F13/><W95/><G95/><T85/><D94/><U83/><E43/><V109/><F24/><AGARI ba="0,1" hai="24,31,33,53,54,81,86,88,98,100,104,133,134,135" machi="24" ten="40,8000,1" yaku="1,1,20,1,52,1,54,1,53,0" doraHai="103" doraHaiUra="65" who="3" fromWho="2" sc="141,0,350,0,319,-80,180,90" /><INIT seed="3,0,0,0,3,17" ten="141,350,239,270" oya="3" hai0="49,101,76,43,119,44,59,30,110,35,0,95,98" hai1="68,66,65,54,84,91,114,107,70,25,64,31,5" hai2="15,131,40,124,121,23,120,79,13,105,12,93,123" hai3="77,28,60,2,19,73,62,88,97,56,51,74,38"/><W46/><G38/><T27/><D110/><U11/><E107/><V92/><F105/><W24/><G2/><T37/><D119/><U96/><E96/><V10/><F131/><W82/><G19/><T118/><D118/><U52/><E114/><V21/><F124/><W36/><G36/><T3/><D76/><U63/><E70/><V122/><F122/><W89/><G74/><T85/><D85/><U8/><E8/><V33/><F33/><W134/><G134/><T126/><D126/><U16/><E16/><V115/><F115/><W67/><G62/><T4/><D4/><U57/><E68/><V41/><F10/><W112/><G97/><T78/><D78/><U104/><E104/><V9/><F9/><W102/><G102/><T128/><D128/><U87/><E54/><V90/><F79/><W94/><G94/><N who="2" m="36457" /><F90/><W129/><G112/><T135/><D135/><U29/><E91/><V116/><F116/><W39/><G39/><T22/><D35/><U125/><E125/><V34/><F34/><W32/><REACH who="3" step="1"/><G129/><REACH who="3" ten="141,350,239,260" step="2"/><T132/><REACH who="0" step="1"/><D132/><REACH who="0" ten="131,350,239,260" step="2"/><U50/><E5/><V109/><F109/><W61/><G61/><T1/><D1/><U133/><E63/><V99/><F99/><W80/><G80/><T45/><D45/><U55/><E133/><V47/><F47/><W26/><G26/><T75/><D75/><U113/><E25/><V14/><N who="2" m="3072" /><DORA hai="58" /><V53/><F123/><W86/><G86/><T83/><D83/><U106/><E87/><V20/><F121/><W111/><G111/><T108/><D108/><U71/><E84/><V69/><F120/><RYUUKYOKU ba="0,2" sc="131,15,350,-15,239,-15,260,15" hai0="0,3,22,27,30,37,43,44,49,59,95,98,101" hai3="24,28,32,46,51,56,60,67,73,77,82,88,89" /><INIT seed="3,1,2,0,4,49" ten="146,335,224,275" oya="3" hai0="29,66,85,47,117,133,107,130,129,15,10,39,50" hai1="74,122,134,16,3,61,108,109,123,14,75,98,106" hai2="114,95,0,31,81,40,83,9,57,23,103,41,43" hai3="121,71,127,62,80,135,70,91,44,21,113,86,69"/><W93/><G113/><T101/><D117/><U110/><E61/><V116/><F114/><W87/><G121/><N who="1" m="46090" /><E3/><V38/><F38/><W56/><G127/><T124/><D39/><U2/><E2/><V89/><F116/><W102/><G135/><T7/><D133/><U115/><E115/><V28/><F103/><W72/><G72/><T104/><D124/><U92/><E106/><V4/><F23/><W25/><G44/><T35/><D66/><U1/><E1/><V105/><F105/><W111/><G111/><T125/><D125/><U22/><E134/><V24/><F28/><W94/><G102/><AGARI ba="1,2" hai="14,16,22,74,75,92,98,102,108,109,110" m="46090" machi="102" ten="40,2600,0" yaku="14,1,54,1" doraHai="49" who="1" fromWho="3" sc="146,0,335,49,224,0,275,-29" owari="146,-35.4,384,48.4,224,-17.6,246,4.6" /></mjloggm>