<mjloggm ver="2.3"><GO type="225" lobby="0"/><UN n0="%E3%81%BF%E3%81%BF%E3%81%9A" n1="%6D%75%75%6D%75%72%61" n2="%E4%BF%BA%E3%81%A8%E5%A6%96%E5%A4%A2" n3="%E5%8F%AF%E5%85%90%E9%82%A3%E7%94%B1%E5%A4%9A" dan="16,16,17,17" rate="2183.61,2074.09,2226.99,2175.78" sx="M,F,F,F"/><TAIKYOKU oya="0"/><INIT seed="0,0,0,2,5,24" ten="250,250,250,250" oya="0" hai0="7,30,96,103,94,48,68,70,61,90,119,45,69" hai1="47,49,65,10,25,33,34,124,9,53,86,42,29" hai2="79,82,35,93,21,87,46,2,110,26,13,15,116" hai3="44,72,66,28,75,132,19,84,31,16,6,117,78"/><T4/><D119/><U122/><E122/><V91/><F116/><W50/><G117/><T56/><D90/><U135/><E135/><V36/><F35/><W60/><G132/><T11/><D11/><U80/><E124/><V41/><F2/><W101/><G6/><T57/><D57/><U114/><E114/><V123/><F110/><W67/><G101/><T120/><D120/><U106/><E106/><V118/><F123/><W89/><G78/><T39/><D39/><U129/><E34/><V97/><REACH who="2" step="1"/><F118/><REACH who="2" ten="250,250,240,250" step="2"/><W20/><G75/><T108/><D108/><U76/><E129/><V121/><F121/><W109/><G72/><T74/><D74/><U17/><E65/><N who="3" m="24586" /><G109/><T77/><D69/><U85/><E85/><V111/><F111/><W98/><G98/><T81/><D70/><U37/><REACH who="1" step="1"/><E17/><AGARI ba="0,1" hai="13,15,17,21,26,36,41,46,79,82,87,91,93,97" machi="17" ten="30,2000,0" yaku="1,1,7,1,53,0" doraHai="24" doraHaiUra="125" who="2" fromWho="1" sc="250,0,250,-20,240,30,250,0" /><INIT seed="1,0,0,4,3,118" ten="250,230,270,250" oya="1" hai0="120,74,86,41,38,56,63,11,27,42,51,91,84" hai1="15,35,61,0,113,76,67,132,83,103,48,70,31" hai2="55,85,22,25,12,88,43,73,58,95,54,135,34" hai3="94,92,19,44,8,104,90,45,64,10,77,49,75"/><U9/><E113/><V106/><F73/><W126/><G104/><T109/><D120/><U14/><E132/><V80/><F106/><W36/><G126/><T72/><D38/><U105/><E0/><V21/><F135/><W96/><G64/><T65/><D109/><U1/><E1/><V130/><F130/><W5/><G36/><T4/><D84/><U97/><E48/><V30/><F43/><W117/><G117/><T6/><D27/><N who="1" m="18943" /><E9/><V112/><F112/><W78/><G75/><AGARI ba="0,0" hai="14,15,61,67,70,75,76,83,97,103,105" m="18943" machi="75" ten="30,1500,0" yaku="25,1" doraHai="118" who="1" fromWho="3" sc="250,0,230,15,270,0,250,-15" /><INIT seed="1,1,0,5,2,56" ten="250,245,270,235" oya="1" hai0="88,27,48,38,108,29,82,21,32,59,20,126,18" hai1="42,79,13,133,78,41,1,70,99,37,34,107,94" hai2="95,96,93,57,15,3,68,117,43,132,36,19,53" hai3="5,87,0,58,69,123,119,131,22,120,104,24,118"/><U73/><E1/><V23/><F117/><N who="3" m="44555" /><G69/><T122/><D38/><U72/><E107/><V65/><F132/><W7/><G104/><T50/><D108/><U74/><E133/><V4/><F3/><W12/><G87/><N who="0" m="50295" /><D32/><U76/><E34/><V39/><F4/><N who="3" m="1611" /><G58/><T111/><D111/><U100/><E37/><V28/><F28/><N who="3" m="17431" /><G0/><T60/><D126/><U49/><E70/><V10/><F68/><W81/><G81/><T121/><D122/><N who="3" m="46633" /><G12/><N who="0" m="9287" /><D121/><U25/><E13/><V61/><F39/><W52/><G52/><AGARI ba="1,0" hai="21,27,29,48,50,52,59,60" m="9287,50295" machi="52" ten="30,7700,0" yaku="8,1,52,1,54,2" doraHai="56" who="0" fromWho="3" sc="250,80,245,0,270,0,235,-80" /><INIT seed="2,0,0,5,4,123" ten="330,245,270,155" oya="2" hai0="52,85,86,39,95,64,81,33,25,41,77,29,3" hai1="118,18,67,92,117,133,126,19,58,45,46,71,38" hai2="20,2,109,61,110,129,122,132,70,9,88,56,83" hai3="116,6,27,90,28,31,5,84,51,75,107,96,119"/><V4/><F122/><W60/><G75/><T120/><D120/><U79/><E71/><V24/><F70/><W80/><G51/><T37/><D3/><U40/><E126/><V8/><F129/><W94/><G107/><T125/><D125/><U66/><E133/><V78/><F132/><W1/><G60/><T44/><D64/><U135/><E135/><V11/><F56/><W131/><G131/><T47/><D95/><U57/><E92/><V115/><F61/><W102/><G31/><T89/><D89/><U17/><E79/><V35/><F35/><W63/><G63/><T111/><D111/><N who="2" m="42506" /><F88/><W53/><G90/><T105/><D105/><U30/><E58/><V13/><F13/><W127/><G1/><T114/><D114/><U93/><E57/><V112/><F112/><W91/><G127/><T73/><D52/><U32/><E66/><V87/><F115/><W108/><G108/><T128/><D128/><U101/><E67/><V72/><F72/><W34/><REACH who="3" step="1"/><G53/><REACH who="3" ten="330,245,270,145" step="2"/><T121/><D121/><U59/><E117/><AGARI ba="0,1" hai="5,6,27,28,34,80,84,91,94,96,102,116,117,119" machi="117" ten="40,5200,0" yaku="1,1,2,1,53,1" doraHai="123" doraHaiUra="21" who="3" fromWho="1" sc="330,0,245,-52,270,0,145,62" /><INIT seed="3,0,0,5,3,102" ten="330,193,270,207" oya="3" hai0="120,93,95,38,132,74,114,127,0,24,90,88,39" hai1="54,109,92,19,30,49,68,33,121,47,10,99,73" hai2="37,70,35,104,42,56,17,18,87,4,13,125,89" hai3="58,40,106,20,82,80,62,111,8,60,108,27,16"/><W9/><G106/><T113/><D74/><U112/><E121/><V103/><F70/><W84/><G40/><T45/><D120/><U29/><E73/><V85/><F85/><W15/><G8/><T41/><D127/><U96/><E68/><V75/><F75/><W44/><G44/><T69/><D132/><U78/><E112/><N who="0" m="43113" /><D69/><U135/><E33/><V97/><F35/><W3/><G3/><T71/><D71/><U14/><E109/><N who="3" m="42058" /><G58/><T61/><D61/><N who="3" m="23657" /><G84/><N who="0" m="52359" /><D0/><U57/><E135/><V65/><F56/><W51/><G51/><N who="0" m="27055" /><D24/><U117/><E117/><V79/><F42/><W25/><G27/><T130/><D130/><U63/><E78/><V101/><F79/><W124/><G124/><T134/><D134/><U48/><E48/><V59/><F87/><AGARI ba="0,0" hai="38,39,87,90,95" m="27055,52359,43113" machi="87" ten="30,2000,0" yaku="11,1,54,1" doraHai="102" who="0" fromWho="2" sc="330,20,193,0,270,-20,207,0" owari="350,45.0,193,-30.7,250,5.0,207,-19.3" /></mjloggm>