<mjloggm ver="2.3"><GO type="225" lobby="0"/><UN n0="%E3%82%A2%E3%83%A1%E3%82%A2%E3%83%A9%E3%83%AC" n1="%E3%82%BC%E3%83%AB%E3%83%80%E3%81%AE%E4%BC%9D%E8%AA%AC" n2="%E3%81%BE%E3%81%A8%E3%81%9F" n3="%E3%81%A4%E3%81%A3%E3%81%B1%E3%82%8A%E3%83%9D%E3%83%BC%E3%83%AB" dan="16,17,17,16" rate="2140.89,2192.15,2179.96,2116.06" sx="M,M,M,M"/><TAIKYOKU oya="0"/><INIT seed="0,0,0,5,3,119" ten="250,250,250,250" oya="0" hai0="63,98,38,47,78,122,76,71,74,18,91,7,130" hai1="84,108,29,102,20,35,54,60,127,95,23,68,93" hai2="96,12,3,55,103,115,114,107,82,11,88,104,44" hai3="53,32,40,116,87,72,62,97,70,83,120,25,36"/><T94/><D130/><U77/><E108/><V64/><F3/><W86/><G116/><T34/><D34/><U46/><E127/><V26/><F107/><W61/><G72/><T14/><D7/><U89/><E35/><V109/><F109/><W48/><G70/><T41/><D74/><U132/><E132/><V135/><F135/><W81/><G36/><T49/><D122/><U57/><E68/><V6/><F64/><W9/><G40/><T17/><D17/><U66/><E77/><V90/><F26/><W5/><G120/><T42/><D42/><U129/><E129/><V121/><F121/><W31/><G97/><T58/><D38/><U99/><E29/><V21/><F21/><W27/><G27/><T22/><REACH who="0" step="1"/><D71/><REACH who="0" ten="240,250,250,250" step="2"/><U113/><E113/><V131/><F131/><W128/><G128/><T39/><D39/><U134/><E134/><V125/><F6/><W69/><G69/><T43/><D43/><U30/><E30/><V112/><F112/><W117/><G117/><T111/><D111/><U37/><E37/><V19/><F115/><W4/><G4/><T110/><D110/><U105/><E105/><V51/><F114/><W8/><G5/><T13/><D13/><U126/><E126/><V16/><F125/><W65/><G32/><T124/><D124/><U10/><E10/><V2/><F2/><W15/><G9/><T79/><D79/><U92/><E92/><V75/><F19/><W0/><G15/><T52/><AGARI ba="0,1" hai="14,18,22,41,47,49,52,58,63,76,78,91,94,98" machi="52" ten="20,18000,2" yaku="1,1,0,1,7,1,8,1,54,1,53,1" doraHai="119" doraHaiUra="85" who="0" fromWho="0" sc="240,190,250,-60,250,-60,250,-60" /><INIT seed="0,1,0,4,4,39" ten="430,190,190,190" oya="0" hai0="44,113,31,118,85,0,77,24,103,75,72,101,97" hai1="7,13,6,116,120,28,89,58,92,5,57,96,78" hai2="76,48,2,59,84,62,66,110,25,34,43,17,68" hai3="79,60,129,112,21,53,45,9,29,124,67,12,131"/><T64/><D0/><U94/><E116/><V26/><F2/><W127/><G112/><T16/><D113/><U82/><E120/><V71/><F110/><W111/><G111/><T83/><D118/><U46/><E28/><V99/><F99/><W81/><G29/><T51/><D64/><U73/><E13/><V109/><F109/><W10/><G21/><T40/><D103/><U125/><E125/><N who="3" m="48202" /><G53/><T135/><D135/><U11/><E11/><N who="3" m="4106" /><G12/><T19/><D75/><U133/><E133/><V108/><F34/><W123/><G45/><T20/><REACH who="0" step="1"/><D72/><REACH who="0" ten="420,190,190,190" step="2"/><U106/><E106/><AGARI ba="1,1" hai="16,19,20,24,31,40,44,51,77,83,85,97,101,106" machi="106" ten="30,12000,1" yaku="1,1,2,1,7,1,52,1,54,1,53,0" doraHai="39" doraHaiUra="52" who="0" fromWho="1" sc="420,133,190,-123,190,0,190,0" /><INIT seed="0,2,0,1,5,2" ten="553,67,190,190" oya="0" hai0="102,116,114,125,76,87,83,23,89,82,110,30,74" hai1="9,104,73,29,58,96,14,113,132,129,32,44,0" hai2="63,117,84,65,68,62,56,21,77,38,19,126,31" hai3="85,10,55,61,131,107,127,75,6,4,39,134,130"/><T90/><D30/><U8/><E73/><V92/><F38/><W49/><G75/><T94/><D23/><U91/><E44/><V5/><F31/><W33/><G39/><T15/><D15/><U106/><E132/><V7/><F126/><W78/><G107/><T135/><D135/><U122/><E122/><V22/><F22/><W72/><G72/><T47/><D47/><U12/><E58/><V54/><F117/><W13/><G33/><T64/><D64/><U34/><E96/><V24/><REACH who="2" step="1"/><F92/><REACH who="2" ten="553,67,180,190" step="2"/><W81/><G127/><T26/><D94/><U41/><E29/><V128/><F128/><N who="3" m="49195" /><G134/><T27/><D116/><U52/><E129/><V16/><F16/><N who="3" m="8247" /><G61/><T57/><D125/><U108/><E104/><V46/><F46/><AGARI ba="2,1" hai="4,6,46,49,55,78,81,85" m="8247,49195" machi="46" ten="30,7700,0" yaku="19,1,52,2,54,1" doraHai="2" who="3" fromWho="2" sc="553,0,67,0,180,-83,190,93" /><INIT seed="1,0,0,5,1,78" ten="553,67,97,283" oya="1" hai0="128,126,121,93,9,131,107,61,98,77,80,129,63" hai1="110,1,81,65,103,15,47,95,90,114,33,46,39" hai2="14,94,102,134,112,23,66,56,123,54,32,29,76" hai3="106,117,49,72,0,88,135,119,48,2,92,41,91"/><U71/><E114/><V45/><F123/><W28/><G106/><T130/><D130/><U37/><E1/><N who="3" m="618" /><G72/><N who="0" m="43047" /><D126/><U116/><E116/><N who="3" m="44618" /><G135/><T62/><D121/><U52/><E33/><V11/><F134/><W69/><G69/><T6/><D107/><U40/><E110/><V127/><F32/><W109/><G109/><T99/><D93/><U75/><E103/><V132/><F76/><W120/><G120/><T44/><D44/><U4/><E75/><V115/><F45/><N who="3" m="25647" /><G28/><T34/><D34/><U111/><E111/><V3/><F115/><W97/><G49/><T96/><D96/><U122/><E122/><V133/><F29/><W73/><G73/><T5/><D5/><U64/><E71/><V10/><F112/><W113/><G113/><T7/><D7/><U31/><E31/><V8/><F133/><W89/><AGARI ba="0,0" hai="88,89,91,92,97" m="25647,44618,618" machi="89" ten="40,2700,0" yaku="12,1,54,1" doraHai="78" who="3" fromWho="3" sc="553,-7,67,-13,97,-7,283,27" /><INIT seed="2,0,0,2,3,33" ten="546,54,90,310" oya="2" hai0="1,113,109,74,104,26,103,114,69,117,105,3,23" hai1="132,129,43,99,95,126,7,116,36,38,135,39,24" hai2="118,54,80,28,55,133,42,45,131,128,18,62,56" hai3="91,90,11,22,61,31,59,5,29,122,110,40,0"/><V119/><F28/><W67/><G122/><T92/><D74/><U4/><E116/><N who="2" m="44587" /><F18/><W68/><G110/><T87/><D69/><U51/><E126/><V65/><F80/><W72/><G72/><T57/><D109/><U111/><E111/><V120/><F120/><W9/><G40/><T64/><D117/><U82/><E129/><N who="2" m="49739" /><F133/><N who="1" m="51273" /><E82/><V98/><F98/><W83/><G83/><T60/><D113/><U108/><E108/><V121/><F121/><W96/><G96/><N who="0" m="59783" /><D87/><U70/><E70/><V47/><F47/><W76/><G68/><T8/><D8/><U6/><E24/><V27/><F27/><W63/><G76/><T66/><D64/><U50/><E43/><V124/><F124/><W102/><G67/><T125/><D114/><U35/><E35/><V81/><F81/><W115/><G11/><T112/><D112/><U97/><E97/><V78/><F78/><W75/><G9/><T53/><D53/><U44/><E44/><V30/><F30/><W14/><G115/><T79/><D79/><U25/><E25/><V73/><F73/><W10/><G75/><T101/><D125/><U21/><E21/><V127/><F127/><W85/><G22/><T48/><D23/><U32/><E32/><V71/><F71/><W20/><G29/><T37/><D26/><U34/><E34/><V93/><F93/><W2/><G31/><T41/><D41/><U16/><E16/><V84/><F84/><W94/><G20/><T49/><D105/><U77/><E77/><V15/><F15/><W107/><G107/><T19/><D104/><U106/><E106/><RYUUKYOKU ba="0,0" sc="546,-15,54,15,90,15,310,-15" hai1="4,6,7,36,38,39,50,51,95,99" hai2="42,45,54,55,56,62,65" /><INIT seed="2,1,0,5,1,72" ten="531,69,105,295" oya="2" hai0="25,65,67,95,17,77,55,118,44,132,66,24,82" hai1="10,127,133,18,71,122,86,98,30,29,90,37,76" hai2="33,87,47,131,80,120,4,40,64,48,11,107,45" hai3="52,21,83,60,119,19,124,50,2,23,91,27,111"/><V108/><F107/><W13/><G119/><T129/><D118/><U89/><E37/><V125/><F120/><W35/><G2/><T28/><D132/><U128/><E71/><V39/><F33/><W61/><G111/><T12/><D129/><U103/><E128/><V115/><F131/><W63/><G35/><T49/><D95/><U51/><E133/><V105/><F105/><W94/><G83/><T58/><D44/><U31/><E122/><V97/><F97/><N who="3" m="57567" /><G124/><T135/><D28/><U3/><E127/><V81/><F125/><W134/><G134/><T96/><D96/><U79/><E3/><V85/><F64/><W0/><G0/><T57/><D57/><U78/><E51/><V68/><F68/><W117/><G117/><T7/><D7/><U36/><E36/><V70/><F70/><W102/><G102/><T130/><D130/><U22/><E10/><V41/><F108/><W59/><G50/><T5/><D5/><U112/><E112/><V42/><F115/><W121/><G121/><T38/><D38/><U15/><REACH who="1" step="1"/><E86/><REACH who="1" ten="531,59,105,295" step="2"/><V53/><F11/><W46/><G46/><T56/><D135/><U75/><E75/><V126/><F126/><W88/><G61/><T20/><D56/><U114/><E114/><V74/><F74/><W93/><G63/><T43/><D58/><U16/><E16/><V73/><F73/><W54/><G59/><T101/><D49/><U34/><E34/><V123/><F123/><W6/><G60/><T100/><D17/><U113/><E113/><V84/><F4/><W110/><G110/><T99/><D99/><RYUUKYOKU ba="1,1" sc="531,-15,59,15,105,15,295,-15" hai1="15,18,22,29,30,31,76,78,79,89,90,98,103" hai2="39,40,41,42,45,47,48,53,80,81,84,85,87" /><INIT seed="2,2,1,3,1,129" ten="516,74,120,280" oya="2" hai0="13,26,135,49,37,79,22,97,10,98,64,9,124" hai1="101,51,66,12,126,109,113,130,72,2,128,43,41" hai2="108,39,77,32,20,70,122,81,123,38,15,40,83" hai3="86,121,84,34,78,1,8,131,105,4,116,95,45"/><V58/><F70/><W93/><G116/><T106/><D37/><U3/><E113/><V91/><F32/><W54/><G105/><T14/><D124/><U71/><E72/><V127/><F127/><W24/><G121/><T48/><D79/><U85/><E126/><V28/><F108/><W65/><G65/><T27/><D64/><U119/><E119/><V50/><F38/><W102/><G131/><N who="1" m="50218" /><E109/><V94/><F39/><W44/><G78/><T36/><D36/><U47/><E43/><V62/><F77/><W67/><G67/><T132/><D22/><U17/><E101/><V46/><F123/><W99/><G95/><T111/><D111/><U74/><E74/><V42/><F42/><W57/><G45/><T68/><D106/><U115/><E115/><V107/><F107/><W63/><REACH who="3" step="1"/><G44/><REACH who="3" ten="516,74,120,270" step="2"/><T23/><D68/><U103/><E103/><V96/><F122/><W80/><G80/><T88/><D98/><U7/><E85/><V61/><F83/><W5/><G5/><T19/><D97/><U16/><E7/><V87/><F81/><W25/><G25/><T6/><D27/><U30/><E66/><V125/><F125/><W75/><G75/><T11/><D26/><U76/><E76/><V90/><F28/><AGARI ba="2,2" hai="1,4,8,24,28,34,54,57,63,84,86,93,99,102" machi="28" ten="40,2600,0" yaku="1,1,53,1" doraHai="129" doraHaiUra="53" who="3" fromWho="2" sc="516,0,74,0,120,-32,270,52" /><INIT seed="3,0,0,1,2,11" ten="516,74,88,322" oya="3" hai0="32,49,128,51,92,57,28,75,0,5,95,46,124" hai1="7,123,44,62,80,50,103,91,113,109,1,60,23" hai2="116,40,55,99,105,87,30,107,114,4,47,102,61" hai3="27,14,122,131,81,54,94,101,133,43,12,16,17"/><W3/><G3/><T135/><D75/><U88/><E123/><V120/><F114/><W20/><G122/><T74/><D74/><U115/><E115/><V68/><F116/><W25/><G133/><T76/><D76/><U45/><E113/><V36/><F4/><W18/><G131/><T65/><D124/><U118/><E118/><V19/><F30/><W69/><G69/><T66/><D57/><U70/><E70/><V112/><F120/><W110/><G110/><T121/><D121/><U67/><E109/><V6/><F6/><W33/><G33/><T98/><D98/><U108/><E108/><V52/><F107/><W10/><G43/><T13/><D13/><U125/><E125/><V2/><F2/><W37/><G37/><T106/><D5/><U58/><E103/><V71/><F87/><W77/><G54/><T86/><D86/><N who="1" m="50247" /><E1/><V72/><F72/><W48/><G48/><T38/><D51/><U111/><E111/><V53/><F112/><W64/><G64/><T42/><D42/><N who="1" m="24855" /><E7/><V130/><F130/><W39/><G39/><T126/><D28/><U8/><E8/><V35/><F35/><W96/><G18/><T129/><D92/><U127/><E127/><V84/><F84/><W90/><G101/><T21/><D66/><N who="1" m="39191" /><E45/><V78/><F78/><W31/><G31/><T41/><D41/><U100/><E100/><V134/><F134/><W132/><G132/><T29/><D49/><U104/><E104/><V89/><F61/><W56/><G56/><T82/><D29/><U63/><E91/><V9/><F89/><W24/><G77/><RYUUKYOKU ba="0,0" sc="516,-15,74,-15,88,15,322,15" hai2="9,19,36,40,47,52,53,55,68,71,99,102,105" hai3="10,12,14,16,17,20,24,25,27,81,90,94,96" /><INIT seed="3,1,0,0,2,101" ten="501,59,103,337" oya="3" hai0="94,8,57,31,49,82,96,106,104,77,16,34,71" hai1="17,38,5,63,73,51,81,64,125,66,100,32,53" hai2="110,93,62,20,25,79,33,133,3,83,108,45,69" hai3="21,0,61,37,18,76,98,39,102,36,126,111,9"/><W86/><G126/><T120/><D71/><U50/><E125/><V11/><F33/><W119/><G119/><T26/><D120/><U29/><E38/><V48/><F93/><W13/><G111/><N who="2" m="42537" /><F62/><W90/><G76/><T75/><D16/><U58/><E5/><N who="2" m="1471" /><F69/><W78/><G78/><T44/><D8/><U56/><E73/><N who="2" m="43503" /><F133/><W40/><G61/><T67/><D57/><U19/><E81/><V117/><F117/><W132/><G132/><T27/><D27/><U135/><E135/><V15/><F15/><W60/><G60/><T68/><D67/><U114/><E114/><V88/><F88/><W87/><G90/><T2/><D2/><U70/><E66/><V1/><F1/><W6/><REACH who="3" step="1"/><G40/><REACH who="3" ten="501,59,103,327" step="2"/><T131/><D68/><U91/><E91/><V47/><F48/><W7/><G7/><T4/><D4/><U105/><E51/><V85/><F85/><W43/><G43/><T55/><D131/><U92/><E70/><V95/><F95/><AGARI ba="1,1" hai="0,6,9,13,18,21,36,37,39,86,87,95,98,102" machi="95" ten="40,2000,0" yaku="1,1,53,0" doraHai="101" doraHaiUra="128" who="3" fromWho="2" sc="501,0,59,0,103,-23,327,33" /><INIT seed="3,2,0,4,0,40" ten="501,59,80,360" oya="3" hai0="55,37,61,43,66,51,6,53,96,9,82,91,28" hai1="113,1,100,81,86,89,106,128,19,133,24,69,105" hai2="124,45,98,54,72,108,101,36,75,29,130,42,46" hai3="119,135,26,21,109,41,3,122,10,115,73,103,132"/><W84/><G73/><T126/><D126/><U77/><E113/><V2/><F124/><W97/><G115/><T44/><D28/><U32/><E1/><V59/><F2/><W64/><G119/><T111/><D111/><U0/><E0/><V65/><F108/><W116/><G116/><T131/><D131/><U85/><E128/><V118/><F118/><W39/><G109/><T14/><D37/><U30/><E133/><N who="3" m="51274" /><G64/><T104/><D104/><U33/><E33/><V16/><F29/><N who="3" m="17615" /><G84/><N who="0" m="50583" /><D96/><U121/><E121/><V92/><F46/><N who="3" m="23871" /><G122/><T20/><D20/><U114/><E114/><V49/><F130/><W5/><G97/><T15/><D15/><U95/><E69/><V12/><F65/><W125/><G125/><T76/><D76/><U112/><E112/><V7/><F7/><W23/><G23/><AGARI ba="2,0" hai="12,16,23,36,42,45,49,54,59,72,75,92,98,101" machi="23" ten="30,3900,0" yaku="7,1,52,1,54,1" doraHai="40" who="2" fromWho="3" sc="501,0,59,0,80,45,360,-45" owari="501,60.1,59,-44.1,125,-27.5,315,11.5" /></mjloggm>