<mjloggm ver="2.3"><GO type="225" lobby="0"/><UN n0="%72%61%6B%33" n1="%E3%81%BF%E3%81%BF%E3%81%9A" n2="%E3%81%82%E3%80%81%E8%B2%A0%E3%81%91%E3%81%BE%E3%81%97%E3%81%9F" n3="%48%61%61%61%6C%61%6E%64" dan="16,16,16,18" rate="2069.86,2143.43,2119.19,2195.65" sx="M,M,M,M"/><TAIKYOKU oya="0"/><INIT seed="0,0,0,4,1,29" ten="250,250,250,250" oya="0" hai0="131,2,96,63,89,86,126,10,9,82,19,33,81" hai1="12,25,15,101,119,107,11,5,59,122,66,27,35" hai2="60,49,125,45,80,76,69,71,91,64,112,24,3" hai3="43,36,130,84,16,30,20,111,74,34,90,103,99"/><T72/><D126/><U13/><E119/><V4/><F112/><W28/><G74/><T6/><D131/><U0/><E122/><V105/><F125/><W8/><G130/><T14/><D96/><U75/><E75/><V65/><F105/><W123/><G123/><T102/><D102/><U109/><E66/><V61/><F91/><W78/><G78/><T132/><D132/><U38/><E59/><V55/><F24/><N who="1" m="9289" /><E38/><V88/><F88/><W114/><G114/><T54/><D54/><U92/><E92/><V23/><F23/><W128/><G20/><T95/><D63/><U58/><E58/><V117/><F117/><W120/><G128/><T100/><D100/><U37/><E37/><V40/><F4/><W68/><G120/><T31/><REACH who="0" step="1"/><D72/><REACH who="0" ten="240,250,250,250" step="2"/><U108/><E101/><V106/><F106/><W32/><G103/><T133/><D133/><U62/><E107/><V7/><F55/><W53/><G53/><T79/><D79/><U124/><E62/><V22/><F76/><W42/><G99/><T1/><D1/><U127/><E35/><V50/><F60/><W104/><G32/><T115/><D115/><U98/><E98/><V26/><F61/><W83/><G34/><T39/><D39/><U87/><E87/><V17/><F64/><W56/><G84/><T48/><D48/><U110/><AGARI ba="0,1" hai="0,5,11,12,13,15,108,109,110,124,127" m="9289" machi="110" ten="40,5200,0" yaku="14,1,34,2" doraHai="29" who="1" fromWho="1" sc="240,-26,250,62,250,-13,250,-13" /><INIT seed="1,0,0,0,5,126" ten="214,312,237,237" oya="1" hai0="131,120,107,32,94,38,64,46,42,43,85,48,59" hai1="80,91,133,16,41,36,60,134,135,96,110,67,37" hai2="84,66,55,54,33,104,7,13,93,90,78,20,99" hai3="89,74,119,108,92,97,49,51,116,50,86,68,21"/><U88/><E110/><V105/><F33/><W124/><G74/><T9/><D107/><U29/><E29/><V122/><F122/><W117/><G124/><T31/><D120/><U79/><E41/><V128/><F66/><W19/><G68/><T52/><D131/><U63/><E16/><V98/><F78/><W27/><REACH who="3" step="1"/><G108/><REACH who="3" ten="214,312,237,227" step="2"/><T114/><D114/><U130/><E133/><V106/><F106/><W100/><G100/><T15/><D32/><U75/><E135/><V62/><F105/><W22/><G22/><T101/><D101/><U77/><E134/><V1/><F104/><W81/><G81/><T35/><D35/><U2/><E80/><V95/><F20/><W115/><G115/><T56/><D31/><U25/><E75/><V72/><F72/><W71/><G71/><T82/><D94/><U4/><E37/><V127/><F93/><W26/><G26/><T28/><D28/><U125/><E36/><V61/><F95/><W8/><G8/><T103/><D103/><U58/><E125/><V44/><F127/><W83/><G83/><T132/><D132/><U17/><E25/><V65/><F98/><AGARI ba="0,1" hai="19,21,27,49,50,51,86,89,92,97,98,116,117,119" machi="98" ten="50,3200,0" yaku="1,1,12,1,53,0" doraHai="126" doraHaiUra="76" who="3" fromWho="2" sc="214,0,312,0,237,-32,227,42" /><INIT seed="2,0,0,3,4,129" ten="214,312,205,269" oya="2" hai0="22,108,131,36,8,30,121,77,25,91,96,54,55" hai1="111,60,128,37,52,89,115,14,114,112,17,19,94" hai2="0,43,27,65,18,9,132,11,59,3,12,35,47" hai3="7,68,118,81,86,72,103,38,20,109,29,87,53"/><V101/><F101/><W24/><G118/><T92/><D121/><U31/><E128/><V107/><F107/><W95/><G109/><T44/><D108/><U122/><E111/><V119/><F119/><W66/><G38/><T64/><D131/><U134/><E37/><V105/><F105/><W71/><G72/><T78/><D64/><U57/><E122/><V10/><F65/><W5/><G66/><T2/><D2/><N who="2" m="554" /><F59/><W6/><G53/><N who="0" m="19979" /><D36/><U125/><E125/><V1/><F47/><W56/><G56/><T126/><D126/><U62/><E31/><N who="2" m="19967" /><F43/><W46/><G46/><T32/><D32/><U58/><E134/><V124/><F124/><W40/><G40/><T83/><D8/><N who="2" m="3178" /><F1/><W127/><G127/><T33/><D44/><U4/><E114/><V26/><F132/><W28/><G68/><T110/><D110/><U98/><E115/><V48/><F48/><W113/><G71/><T15/><D83/><U16/><E112/><V93/><F93/><W130/><G113/><T82/><D82/><U45/><E45/><V85/><F85/><W21/><G130/><T51/><D51/><N who="1" m="30879" /><E58/><V106/><F106/><W84/><G81/><T70/><D70/><U74/><E74/><V39/><F39/><W49/><G49/><T42/><D42/><U73/><E73/><V50/><F50/><W133/><G133/><T99/><D99/><U90/><E90/><V23/><N who="2" m="3186" /><AGARI ba="0,0" hai="4,11,14,16,17,19,60,62,89,94,98" m="30879" machi="11" ten="30,7700,0" yaku="3,1,8,1,54,2" doraHai="129" who="1" fromWho="2" sc="214,0,312,77,205,-77,269,0" /><INIT seed="3,0,0,1,1,97" ten="214,389,128,269" oya="3" hai0="51,43,20,23,112,53,76,4,35,81,131,67,71" hai1="95,107,84,83,25,119,19,14,117,100,9,98,86" hai2="125,99,129,58,22,27,26,10,132,16,103,93,60" hai3="114,91,44,133,134,28,33,90,111,113,102,46,66"/><W49/><G66/><T78/><D35/><U59/><E59/><V6/><F129/><W37/><G111/><T63/><D131/><U128/><E128/><V118/><F132/><N who="3" m="50795" /><G33/><T106/><D106/><U105/><E25/><V69/><F125/><W89/><G28/><T2/><D112/><N who="3" m="43113" /><G37/><T74/><D78/><N who="1" m="46199" /><E86/><V3/><F118/><AGARI ba="0,0" hai="9,14,19,95,98,100,105,107,117,118,119" m="46199" machi="118" ten="30,2000,0" yaku="12,1,52,1" doraHai="97" who="1" fromWho="2" sc="214,0,389,20,128,-20,269,0" owari="214,-18.6,409,50.9,108,-39.2,269,6.9" /></mjloggm>