<mjloggm ver="2.3"><GO type="225" lobby="0"/><UN n0="%E6%A1%9C%E8%8A%B1%E9%96%83%E3%80%85" n1="%E6%9D%B1%E9%A2%A8%E3%81%AE%E3%81%8D%E3%82%83%E3%81%B7%E3%81%95%E3%82%93" n2="%E3%81%8C%E3%81%9F" n3="%72%69%6F%75%63%68%61%6E" dan="16,17,17,16" rate="2107.25,2257.42,2138.12,2093.68" sx="M,M,M,M"/><TAIKYOKU oya="0"/><INIT seed="0,0,0,5,0,40" ten="250,250,250,250" oya="0" hai0="103,129,61,123,96,15,71,115,135,6,98,64,20" hai1="45,97,52,48,19,104,54,43,57,121,7,101,4" hai2="2,69,76,92,81,73,88,125,55,91,22,24,72" hai3="13,99,75,87,8,106,44,66,56,93,0,67,112"/><T31/><D115/><U126/><E121/><V80/><F69/><W107/><G112/><T60/><D123/><U51/><E126/><V17/><F2/><W85/><G75/><T59/><D129/><U35/><E35/><V130/><F130/><W78/><G0/><T82/><D135/><U132/><E132/><V23/><F125/><W114/><G114/><T109/><D109/><U118/><E118/><V5/><F5/><W37/><G106/><T58/><D71/><U63/><E19/><V116/><F116/><W84/><G107/><T100/><D82/><U28/><E28/><V95/><F55/><W49/><G78/><T77/><D77/><U9/><E9/><V134/><F134/><W10/><G37/><T53/><D6/><U14/><E14/><V111/><F76/><W110/><G110/><T90/><D15/><U11/><E11/><V42/><F42/><N who="3" m="24727" /><G56/><AGARI ba="0,0" hai="4,7,43,45,48,51,52,54,56,57,63,97,101,104" machi="56" ten="30,3900,0" yaku="7,1,52,1,54,1" doraHai="40" who="1" fromWho="3" sc="250,0,250,39,250,0,250,-39" /><INIT seed="1,0,0,0,0,72" ten="250,289,250,211" oya="1" hai0="134,135,88,65,121,22,35,37,54,116,126,125,120" hai1="108,52,53,98,109,41,73,100,27,49,38,95,58" hai2="78,90,67,96,118,48,97,115,123,36,11,34,57" hai3="5,23,101,81,50,69,45,43,85,102,19,75,17"/><U105/><E105/><V44/><F118/><W30/><G69/><T0/><D35/><U9/><E73/><V56/><F123/><N who="0" m="47178" /><D0/><U8/><E27/><V131/><F34/><W6/><G75/><T40/><D116/><U83/><E83/><V2/><F131/><W60/><G30/><T133/><D22/><U119/><E119/><V111/><F111/><N who="1" m="42569" /><E53/><V91/><F36/><W42/><G60/><T4/><D4/><N who="3" m="1641" /><G42/><T114/><D114/><U68/><E68/><V29/><F115/><W26/><G17/><T79/><D65/><U25/><E25/><V59/><F29/><W3/><G3/><T33/><D33/><U129/><E129/><V130/><F130/><W13/><G26/><T74/><D54/><U64/><E64/><V47/><F67/><W46/><G46/><AGARI ba="0,0" hai="8,9,38,41,46,49,52,58,95,98,100" m="42569" machi="46" ten="30,5800,0" yaku="14,1,10,1,54,1" doraHai="72" who="1" fromWho="3" sc="250,0,289,58,250,0,211,-58" /><INIT seed="1,1,0,4,2,7" ten="250,347,250,153" oya="1" hai0="87,133,113,110,15,81,129,79,19,134,4,1,115" hai1="116,51,84,38,28,89,64,83,23,30,101,72,125" hai2="74,24,86,17,65,131,77,50,53,55,71,69,112" hai3="90,29,107,82,118,67,121,40,109,63,80,11,36"/><U43/><E116/><V100/><F74/><W26/><G121/><T52/><D110/><U0/><E125/><V93/><F131/><W57/><G109/><T127/><D129/><U105/><E72/><V135/><F135/><N who="0" m="51722" /><D127/><U56/><E0/><V47/><F112/><W128/><G128/><T123/><D123/><U106/><E38/><V103/><F55/><W3/><G118/><T41/><D41/><U31/><E23/><V9/><F65/><W119/><G119/><T34/><D34/><U94/><E64/><V95/><F71/><W97/><G36/><T21/><D52/><U14/><E14/><N who="2" m="7375" /><F69/><W33/><G40/><T85/><D85/><U13/><E13/><V37/><F37/><W25/><G25/><T58/><D58/><U48/><E56/><V68/><F68/><W130/><G130/><T126/><D126/><U54/><E54/><V18/><F77/><W122/><G122/><T66/><D66/><U114/><E114/><V124/><F124/><W96/><G107/><T111/><D111/><U75/><E106/><V61/><F61/><W22/><G33/><T27/><D1/><U70/><E70/><V120/><F120/><W45/><G45/><T16/><D4/><U98/><E43/><V88/><F95/><W102/><G3/><T117/><D117/><U10/><REACH who="1" step="1"/><E10/><AGARI ba="1,0" hai="10,15,16,19,21,27,79,81,87,113,115" m="51722" machi="10" ten="30,3900,0" yaku="20,1,52,1,54,1" doraHai="7" who="0" fromWho="1" sc="250,42,347,-42,250,0,153,0" /><INIT seed="2,0,0,1,2,62" ten="292,305,250,153" oya="2" hai0="37,116,85,21,97,73,23,14,47,102,22,13,99" hai1="1,91,79,9,77,35,95,118,94,11,82,28,36" hai2="125,88,129,29,4,10,68,12,39,63,49,3,55" hai3="78,74,41,121,15,122,65,53,25,30,113,0,7"/><V71/><F39/><W124/><G124/><T100/><D73/><U127/><E36/><V56/><F125/><W105/><G113/><T2/><D2/><U48/><E118/><V81/><F129/><W66/><G105/><T130/><D130/><U57/><E127/><V114/><F114/><W117/><G117/><T20/><D116/><U61/><E48/><V32/><F3/><W106/><G106/><T126/><D126/><U134/><E134/><V84/><REACH who="2" step="1"/><F63/><REACH who="2" ten="292,305,240,153" step="2"/><W33/><G0/><T16/><D13/><U110/><E1/><V52/><F52/><W86/><G122/><T50/><D37/><U19/><E61/><V34/><F34/><W45/><G121/><T101/><D85/><U67/><E35/><V26/><AGARI ba="0,1" hai="4,10,12,26,29,32,49,55,56,68,71,81,84,88" machi="26" ten="30,11700,0" yaku="1,1,0,1,54,1,53,1" doraHai="62" doraHaiUra="54" who="2" fromWho="2" sc="292,-39,305,-39,240,127,153,-39" /><INIT seed="2,1,0,4,5,49" ten="253,266,367,114" oya="2" hai0="42,45,93,26,91,30,127,94,69,106,68,131,101" hai1="80,21,67,130,120,47,108,16,71,86,119,58,38" hai2="96,103,111,41,73,5,3,107,102,20,78,134,37" hai3="7,11,0,110,8,1,9,39,46,15,35,22,64"/><V53/><F134/><W48/><G110/><T76/><D127/><U75/><E119/><V104/><F20/><W85/><G39/><T74/><D131/><U90/><E75/><V32/><F32/><W72/><G72/><T79/><D94/><U62/><E130/><V125/><F125/><W117/><G117/><T133/><D133/><U34/><E34/><V27/><F27/><W51/><G35/><N who="0" m="20951" /><D93/><U95/><E108/><V44/><F111/><W100/><G100/><T81/><D91/><U118/><E120/><V54/><F102/><W97/><G97/><N who="0" m="61743" /><D76/><U115/><E115/><V57/><F57/><W6/><G85/><T55/><D55/><N who="2" m="21002" /><F96/><W70/><G22/><T14/><D14/><U99/><E118/><V129/><F103/><W84/><G84/><T132/><D132/><U113/><E113/><V61/><F61/><W89/><G89/><T63/><D63/><U109/><E109/><V123/><F129/><W59/><G59/><T56/><D56/><U87/><E71/><V88/><F88/><W13/><G46/><T112/><D112/><U122/><E122/><V77/><F123/><W135/><G135/><T105/><D105/><U19/><E21/><V128/><F128/><W126/><G126/><T31/><D31/><U83/><E47/><V65/><F107/><W116/><G116/><T10/><D10/><U92/><E38/><AGARI ba="1,0" hai="38,42,45,68,69,74,79,81" m="61743,20951" machi="38" ten="30,2000,0" yaku="33,2" doraHai="49" who="0" fromWho="1" sc="253,23,266,-23,367,0,114,0" /><INIT seed="3,0,0,0,0,86" ten="276,243,367,114" oya="3" hai0="110,27,89,132,70,52,36,59,88,56,14,11,0" hai1="16,107,26,53,22,94,1,19,24,65,119,2,51" hai2="93,9,102,104,15,3,127,45,63,34,61,67,131" hai3="12,73,72,41,116,58,66,95,96,79,60,113,80"/><W76/><G113/><T32/><D70/><U85/><E107/><V99/><F34/><W57/><G116/><T82/><D0/><U98/><E119/><V55/><F3/><W108/><G108/><T125/><D110/><U81/><E65/><V128/><F127/><W97/><G41/><T105/><D125/><U13/><E1/><V74/><F74/><W133/><G133/><T62/><D132/><U112/><E2/><V69/><F104/><W6/><G58/><T37/><D105/><U114/><E114/><V21/><F21/><W30/><G30/><T33/><D82/><U122/><E122/><V123/><F123/><W109/><G109/><T50/><D36/><U5/><E5/><V25/><F25/><W90/><G97/><T71/><D37/><U7/><E7/><V64/><F55/><W17/><G6/><T10/><D71/><U49/><E112/><V43/><F63/><W117/><G117/><T42/><D42/><U101/><E53/><V126/><F64/><W20/><REACH who="3" step="1"/><G76/><REACH who="3" ten="276,243,367,104" step="2"/><T130/><D59/><U8/><REACH who="1" step="1"/><E26/><REACH who="1" ten="276,233,367,104" step="2"/><V129/><F126/><W54/><G54/><T40/><D27/><U75/><E75/><AGARI ba="0,2" hai="12,17,20,57,60,66,72,73,75,79,80,90,95,96" machi="75" ten="30,5800,0" yaku="1,1,7,1,52,1,53,0" doraHai="86" doraHaiUra="111" who="3" fromWho="1" sc="276,0,233,-58,367,0,104,78" /><INIT seed="3,1,0,5,2,74" ten="276,175,367,182" oya="3" hai0="79,32,40,8,52,132,47,11,77,37,83,42,66" hai1="6,120,126,133,54,109,41,111,119,34,107,96,100" hai2="87,112,36,121,56,5,130,92,116,23,4,2,99" hai3="75,86,76,82,67,14,117,84,18,64,39,1,43"/><W19/><G117/><T53/><D132/><U102/><E34/><V131/><F112/><W94/><G1/><T72/><D32/><U24/><E119/><V57/><F116/><W105/><G105/><T118/><D118/><U0/><E133/><V101/><F36/><W17/><G14/><T45/><D66/><U27/><E120/><V134/><F121/><W124/><G124/><T20/><D20/><U113/><E126/><V90/><F134/><W59/><G94/><T127/><D127/><U21/><E113/><V129/><F23/><W123/><G123/><T98/><D98/><N who="1" m="61847" /><E54/><V122/><F122/><W60/><REACH who="3" step="1"/><G67/><REACH who="3" ten="276,175,367,172" step="2"/><T31/><D31/><U48/><E0/><V115/><F115/><W97/><G97/><T103/><D103/><U46/><E96/><V44/><F2/><W38/><G38/><T125/><D125/><U50/><E102/><V91/><F101/><W10/><G10/><T28/><D28/><U62/><E21/><V61/><F99/><W95/><G95/><T88/><D37/><U85/><E24/><V68/><F92/><W78/><G78/><T93/><D77/><U110/><E27/><V25/><F25/><W89/><G89/><T51/><D88/><U13/><E13/><V108/><F91/><W29/><G29/><T104/><D93/><U16/><E111/><V114/><F90/><W30/><G30/><T106/><D106/><U71/><E110/><V70/><F108/><W128/><G128/><T81/><D104/><U15/><E15/><V65/><F130/><W58/><G58/><T135/><D135/><U22/><E109/><RYUUKYOKU ba="1,1" sc="276,-10,175,-10,367,-10,172,30" hai3="17,18,19,39,43,59,60,64,75,76,82,84,86" /><INIT seed="3,2,1,1,4,6" ten="266,165,357,202" oya="3" hai0="134,113,26,93,99,67,72,14,7,98,123,49,128" hai1="17,125,95,3,103,35,133,12,51,117,109,116,88" hai2="92,22,73,32,2,64,130,84,27,21,28,68,135" hai3="15,76,46,58,57,94,61,29,5,31,77,121,44"/><W110/><G121/><T41/><D123/><U97/><E35/><V20/><F73/><W42/><G110/><T10/><D128/><U13/><E3/><V9/><F130/><W53/><G46/><N who="0" m="25807" /><D72/><U43/><E109/><V100/><F135/><W87/><G57/><T54/><D134/><U83/><E133/><V23/><F32/><W48/><G94/><T78/><D113/><U107/><E125/><V4/><F68/><W11/><G76/><T63/><D67/><U112/><E83/><AGARI ba="2,1" hai="5,11,15,29,31,42,44,48,53,58,61,77,83,87" machi="83" ten="40,12000,1" yaku="25,2,8,1,52,1" doraHai="6" who="3" fromWho="1" sc="266,0,165,-126,357,0,202,136" /><INIT seed="3,3,0,1,5,129" ten="266,39,357,338" oya="3" hai0="88,77,116,31,37,64,95,87,34,107,32,130,27" hai1="11,133,36,119,21,46,113,122,55,127,67,105,52" hai2="96,114,126,109,44,91,118,115,12,43,45,99,111" hai3="98,104,76,72,8,132,123,61,78,14,74,16,51"/><W58/><G132/><T53/><D130/><U89/><E67/><V10/><F118/><W73/><G123/><T81/><D116/><U24/><E11/><V48/><F115/><W57/><G51/><T97/><D37/><U6/><E89/><V79/><F114/><W1/><G1/><T30/><D64/><U63/><E6/><N who="2" m="3159" /><F126/><W121/><G121/><T33/><D31/><U9/><E63/><V85/><F79/><W20/><G8/><T134/><D134/><U35/><E9/><V42/><F44/><W93/><G104/><T0/><D0/><U84/><E84/><V110/><F43/><W59/><REACH who="3" step="1"/><G61/><REACH who="3" ten="266,39,357,328" step="2"/><T90/><D107/><U86/><E105/><V120/><F120/><W17/><G17/><T41/><D41/><U106/><E122/><V54/><F42/><W117/><G117/><T47/><REACH who="0" step="1"/><D77/><REACH who="0" ten="256,39,357,328" step="2"/><U94/><E119/><V22/><F22/><W75/><N who="3" m="18432" /><DORA hai="83" /><W15/><G15/><T28/><D28/><U101/><E106/><V23/><F23/><W25/><G25/><T100/><D100/><AGARI ba="3,2" hai="14,16,20,57,58,59,76,78,93,98,100" m="18432" machi="100" ten="70,6800,0" yaku="1,1,54,1,53,0" doraHai="129,83" doraHaiUra="102,3" who="3" fromWho="0" sc="256,-77,39,0,357,0,328,97" owari="179,-22.1,39,-46.1,357,15.7,425,52.5" /></mjloggm>