<mjloggm ver="2.3"><GO type="225" lobby="0"/><UN n0="%E7%9C%9F%E4%B8%80" n1="%E3%81%A8%E3%82%89%E3%81%84%E3%81%A1" n2="%E3%83%B4%E3%83%A0%EF%BC%99%E3%81%A6" n3="%E3%81%B7%E3%82%8A%E3%82%93%E8%81%96%E4%BA%BA" dan="17,16,17,16" rate="2258.85,2102.28,2178.84,2120.96" sx="M,M,M,M"/><TAIKYOKU oya="0"/><INIT seed="0,0,0,1,3,9" ten="250,250,250,250" oya="0" hai0="108,81,88,101,68,43,24,109,103,111,33,80,94" hai1="4,97,117,91,47,50,72,30,112,14,76,86,106" hai2="36,135,122,21,26,120,44,58,75,52,57,28,92" hai3="63,32,16,83,7,123,129,20,55,42,31,110,85"/><T5/><D68/><U11/><E117/><V130/><F75/><W38/><G123/><T62/><D62/><U84/><E112/><V79/><F135/><W67/><G38/><T104/><D43/><U98/><E30/><V127/><F127/><W1/><G42/><T95/><D5/><U17/><E17/><V46/><F130/><W59/><G32/><T128/><D128/><U39/><E39/><V87/><F57/><W25/><G129/><T107/><D33/><U133/><E133/><V69/><F69/><W37/><G37/><T100/><D24/><U93/><E106/><N who="0" m="40489" /><D88/><U82/><REACH who="1" step="1"/><E72/><REACH who="1" ten="250,240,250,250" step="2"/><V121/><F36/><W40/><G7/><T48/><D48/><U0/><E0/><V49/><F120/><W99/><G1/><T51/><D51/><U15/><E15/><V2/><F121/><W22/><G110/><T116/><D116/><U71/><E71/><V13/><F122/><W77/><G40/><AGARI ba="0,1" hai="4,11,14,40,47,50,76,82,84,86,91,93,97,98" machi="40" ten="30,12000,2" yaku="1,1,7,1,25,2,8,1,52,1,53,0" doraHai="9" doraHaiUra="27" who="1" fromWho="3" sc="250,0,240,130,250,0,250,-120" /><INIT seed="1,0,0,3,2,18" ten="250,370,250,130" oya="1" hai0="118,109,40,48,31,9,83,102,72,82,21,90,1" hai1="54,56,129,41,130,122,17,106,71,29,103,2,39" hai2="30,38,42,52,134,92,76,19,93,77,128,14,101" hai3="84,124,67,37,88,79,60,27,133,46,135,111,120"/><U105/><E122/><V11/><F128/><W91/><G120/><T63/><D118/><U97/><E2/><V113/><F134/><N who="3" m="51211" /><G111/><T96/><D109/><U12/><E71/><V110/><F110/><W125/><G79/><T78/><D63/><U59/><E29/><V22/><F113/><W6/><G6/><T126/><D126/><N who="3" m="48745" /><G84/><T94/><D48/><U119/><E97/><N who="2" m="59559" /><F42/><N who="3" m="22863" /><G27/><T10/><D1/><U75/><E119/><V45/><F38/><W85/><G85/><T121/><D40/><U23/><E41/><V3/><F93/><W64/><G64/><T116/><D121/><U20/><E39/><V58/><F3/><W0/><G0/><T53/><D116/><U114/><E75/><V127/><F127/><W68/><AGARI ba="0,0" hai="60,67,68,88,91" m="22863,48745,51211" machi="68" ten="30,4000,0" yaku="20,1,18,1,54,1" doraHai="18" who="3" fromWho="3" sc="250,-10,370,-20,250,-10,130,40" /><INIT seed="2,0,0,2,0,54" ten="240,350,240,170" oya="2" hai0="67,117,38,112,122,99,95,97,128,39,5,47,59" hai1="50,66,100,130,84,18,87,32,75,28,113,15,57" hai2="73,96,134,60,43,109,46,30,101,72,27,53,1" hai3="106,81,34,83,89,68,7,26,8,90,3,119,133"/><V19/><F1/><W42/><G68/><T51/><D122/><U114/><E75/><V61/><F134/><W107/><G119/><T52/><D112/><U13/><E130/><V110/><F19/><W56/><G42/><T10/><D128/><U49/><E100/><V69/><F69/><W103/><G83/><T86/><D117/><U16/><E32/><V85/><F85/><W9/><G9/><T91/><D39/><U92/><E28/><V6/><F6/><W76/><G133/><T71/><D71/><U135/><E135/><V22/><F72/><W131/><G131/><T120/><D120/><U79/><E66/><V64/><F73/><W82/><G82/><T124/><D124/><U0/><E0/><V29/><F53/><W14/><G3/><T55/><D67/><U17/><E17/><V108/><F30/><W12/><G12/><N who="0" m="5199" /><D38/><U77/><E92/><N who="2" m="58503" /><F64/><W121/><G121/><T37/><D37/><AGARI ba="0,0" hai="22,27,29,37,43,46,60,61,108,109,110" m="58503" machi="37" ten="30,2900,0" yaku="14,1,10,1" doraHai="54" who="2" fromWho="0" sc="240,-29,350,0,240,29,170,0" /><INIT seed="2,1,0,4,2,11" ten="211,350,269,170" oya="2" hai0="47,72,89,126,94,13,85,133,78,90,116,118,120" hai1="12,48,111,8,88,122,77,7,114,20,9,1,130" hai2="32,5,3,30,40,56,14,73,99,64,38,41,100" hai3="86,96,129,62,2,18,36,107,33,60,54,65,106"/><V66/><F73/><W17/><G36/><T21/><D120/><U46/><E114/><V117/><F3/><W39/><G39/><T45/><D133/><U128/><E122/><V103/><F117/><N who="0" m="45162" /><D126/><U26/><E77/><V92/><F38/><W110/><G2/><T42/><D90/><U68/><E68/><V84/><F32/><W127/><G127/><T37/><D47/><U113/><E113/><V6/><F30/><W79/><G129/><N who="1" m="49770" /><E88/><N who="2" m="53255" /><F5/><W119/><G119/><T0/><D0/><U25/><E20/><V27/><F27/><W43/><G33/><T19/><D78/><U97/><E97/><V135/><F135/><W98/><G79/><T15/><D72/><U70/><E70/><V10/><F56/><W76/><G76/><T115/><D115/><U81/><E81/><V28/><F28/><W58/><G86/><T121/><D121/><U123/><E123/><V67/><F99/><W4/><G106/><T69/><D69/><U59/><E59/><V35/><F35/><W49/><G107/><T104/><D104/><U74/><E74/><V53/><F53/><W51/><G54/><T95/><D95/><U24/><E24/><AGARI ba="1,0" hai="13,15,19,21,24,37,42,45,85,89,94" m="45162" machi="24" ten="30,3900,0" yaku="12,1,52,2" doraHai="11" who="0" fromWho="1" sc="211,42,350,-42,269,0,170,0" /><INIT seed="3,0,0,4,0,111" ten="253,308,269,170" oya="3" hai0="108,85,72,71,94,1,21,28,41,47,113,60,12" hai1="121,70,132,22,114,128,50,16,14,105,56,66,88" hai2="54,89,131,96,27,57,42,83,58,107,68,2,15" hai3="104,20,10,122,37,35,45,34,93,90,74,75,99"/><W13/><G122/><T0/><D108/><U51/><E121/><V43/><F2/><W23/><G104/><T25/><D72/><U6/><E114/><V32/><F68/><W73/><G23/><T55/><D113/><U115/><E115/><V65/><F131/><W24/><G37/><T135/><D135/><U19/><E105/><V82/><F32/><W40/><G40/><T38/><D12/><U78/><E78/><V3/><F3/><W31/><REACH who="3" step="1"/><G45/><REACH who="3" ten="253,308,269,160" step="2"/><T11/><D38/><U80/><E22/><V36/><F42/><W106/><G106/><T53/><D41/><U129/><E129/><V62/><F43/><W69/><G69/><T91/><D47/><U119/><E128/><V9/><F36/><W110/><G110/><T7/><D1/><U29/><E70/><V39/><F39/><W120/><G120/><T52/><REACH who="0" step="1"/><D71/><REACH who="0" ten="243,308,269,160" step="2"/><U49/><E132/><V133/><F133/><W97/><G97/><T95/><D95/><U30/><E119/><V87/><F107/><W44/><G44/><T8/><D8/><U134/><E134/><V84/><F96/><W17/><AGARI ba="0,2" hai="10,13,17,20,24,31,34,35,73,74,75,90,93,99" machi="17" ten="30,3000,0" yaku="1,1,0,1,53,0" doraHai="111" doraHaiUra="127" who="3" fromWho="3" sc="243,-10,308,-10,269,-10,160,50" /><INIT seed="3,1,0,5,1,88" ten="233,298,259,210" oya="3" hai0="116,71,48,129,90,40,105,31,59,87,132,61,135" hai1="85,36,106,120,115,93,99,18,39,101,51,119,109" hai2="29,49,5,30,69,16,108,67,73,42,12,45,9" hai3="111,103,23,89,46,91,64,6,54,83,104,44,112"/><W124/><G112/><T47/><D105/><U82/><E120/><V76/><F108/><W60/><G6/><T121/><D121/><U110/><E115/><V53/><F69/><W130/><G130/><T78/><D116/><U100/><E119/><V52/><F67/><W35/><G35/><T114/><D114/><U32/><E32/><V92/><F73/><W77/><G104/><T97/><D129/><U55/><E18/><V102/><F76/><W37/><G103/><T58/><D97/><N who="1" m="59439" /><E85/><V96/><F5/><W122/><G122/><T41/><D78/><U3/><E82/><V79/><F79/><W14/><G111/><N who="1" m="42506" /><E3/><V74/><F74/><W56/><G124/><T1/><D1/><U65/><E65/><V84/><F84/><N who="3" m="48239" /><G37/><T11/><D31/><AGARI ba="1,0" hai="9,12,16,29,30,31,42,45,49,52,53,92,96,102" machi="31" ten="40,8000,1" yaku="8,1,52,1,54,2" doraHai="88" who="2" fromWho="0" sc="233,-83,298,0,259,83,210,0" owari="150,-35.0,298,9.8,342,44.2,210,-19.0" /></mjloggm>