<mjloggm ver="2.3"><GO type="225" lobby="0"/><UN n0="%37%2F%32%E3%81%AB%E7%94%9F%E3%81%BE%E3%82%8C%E3%81%A6" n1="%E6%B8%A9%E2%98%85%E6%83%85%E2%98%85%E6%8E%AA%E2%98%85%E7%BD%AE" n2="%72%61%6B%33" n3="%E5%AF%82%E5%AF%9E%E3%82%AE%E3%83%8D%E3%82%B9%E3%83%93%E3%83%BC%E3%83%AB" dan="17,16,18,16" rate="2157.55,2127.37,2251.30,2143.26" sx="M,M,M,M"/><TAIKYOKU oya="0"/><INIT seed="0,0,0,1,5,45" ten="250,250,250,250" oya="0" hai0="69,31,28,76,122,51,29,86,6,89,39,8,117" hai1="81,124,104,5,25,119,114,129,91,17,21,43,123" hai2="59,125,127,90,108,40,110,97,37,4,1,113,135" hai3="116,46,52,19,85,132,55,68,118,58,66,54,14"/><T70/><D117/><N who="3" m="45161" /><G85/><T73/><D122/><U78/><E119/><V35/><F35/><W79/><G79/><T80/><D39/><U111/><E123/><V94/><F1/><W61/><G14/><T77/><D77/><U96/><E111/><N who="2" m="42539" /><F4/><W134/><G19/><T72/><D72/><U2/><E129/><V7/><F7/><W63/><G46/><T71/><D51/><U36/><E124/><N who="2" m="47691" /><F59/><W41/><G41/><T56/><D56/><U42/><E42/><V101/><F40/><W128/><G128/><T67/><D67/><AGARI ba="0,0" hai="52,54,55,58,61,63,66,67,68,132,134" m="45161" machi="67" ten="40,5200,0" yaku="34,2,54,1" doraHai="45" who="3" fromWho="0" sc="250,-52,250,0,250,0,250,52" /><INIT seed="1,0,0,1,1,129" ten="198,250,250,302" oya="1" hai0="42,10,134,68,58,8,86,40,118,16,111,25,117" hai1="32,81,84,107,127,83,31,97,12,7,19,89,125" hai2="30,61,80,94,73,75,14,113,45,108,18,55,126" hai3="74,62,76,44,47,98,11,116,100,38,131,92,3"/><U46/><E7/><V2/><F2/><W99/><G131/><T95/><D68/><U114/><E114/><V78/><F108/><W69/><G116/><T123/><D123/><U50/><E83/><V93/><F126/><N who="1" m="48137" /><E31/><V87/><F113/><W106/><G76/><T28/><D111/><U67/><E67/><V130/><F130/><W39/><G74/><T79/><D134/><U132/><E32/><V85/><F30/><W119/><G119/><T63/><D118/><U96/><E107/><V109/><F109/><W91/><G11/><T4/><D117/><U57/><E57/><V43/><F73/><W56/><G3/><T24/><D25/><U65/><E65/><V26/><F26/><W41/><G69/><T66/><D10/><N who="1" m="6551" /><E132/><V13/><F13/><W102/><G47/><T82/><D95/><U70/><E70/><V54/><F94/><W15/><G15/><T64/><D66/><U60/><E60/><V115/><F115/><W35/><G35/><T48/><D48/><U20/><E20/><V0/><F0/><W52/><REACH who="3" step="1"/><G38/><REACH who="3" ten="198,250,250,292" step="2"/><T53/><D4/><U5/><E5/><V51/><F75/><W90/><AGARI ba="0,1" hai="39,41,44,52,56,62,90,91,92,98,99,100,102,106" machi="90" ten="30,7900,0" yaku="1,1,2,1,0,1,54,1,53,0" doraHai="129" doraHaiUra="6" who="3" fromWho="3" sc="198,-20,250,-39,250,-20,292,89" /><INIT seed="2,0,0,3,4,59" ten="178,211,230,381" oya="2" hai0="12,114,127,30,118,8,16,22,106,93,5,95,135" hai1="69,37,71,42,132,122,73,68,39,19,104,10,103" hai2="2,31,45,63,87,40,49,86,48,64,130,61,55" hai3="65,80,41,111,89,6,83,4,79,92,3,88,120"/><V60/><F2/><W52/><G120/><T74/><D114/><U78/><E122/><V47/><F130/><W121/><G121/><T21/><D106/><U14/><E132/><V77/><F31/><W25/><G41/><T105/><D105/><U94/><E104/><V134/><F134/><W29/><G65/><T35/><D135/><U67/><E42/><V84/><REACH who="2" step="1"/><F77/><REACH who="2" ten="178,211,220,381" step="2"/><W46/><G79/><T58/><D118/><U100/><E78/><V133/><F133/><W20/><G3/><T117/><D117/><U126/><E39/><V97/><F97/><W32/><G29/><T96/><D35/><U116/><E37/><V7/><F7/><W124/><G6/><T98/><D30/><U38/><E38/><V26/><F26/><W99/><G25/><T28/><D28/><U108/><E116/><V113/><F113/><W123/><G4/><T76/><D5/><U1/><E1/><V75/><F75/><W91/><G32/><T109/><D74/><U0/><E0/><V102/><F102/><N who="3" m="60775" /><G123/><T34/><D34/><U15/><E100/><V57/><AGARI ba="0,1" hai="40,45,47,48,49,55,57,60,61,63,64,84,86,87" machi="57" ten="30,18000,2" yaku="1,1,0,1,8,1,52,3,53,0" doraHai="59" doraHaiUra="17" who="2" fromWho="2" sc="178,-60,211,-60,220,190,381,-60" /><INIT seed="2,1,0,5,3,104" ten="118,151,410,321" oya="2" hai0="48,12,106,38,17,28,18,34,45,112,58,4,71" hai1="56,32,134,126,122,65,43,128,86,39,127,77,5" hai2="57,105,108,120,78,47,125,73,94,92,23,83,111" hai3="52,118,30,132,131,26,41,82,8,81,35,64,61"/><V129/><F120/><W98/><G118/><T124/><D112/><U96/><E122/><V107/><F57/><W114/><G114/><T135/><D71/><U79/><E128/><V14/><F129/><W115/><G115/><T100/><D124/><N who="1" m="47659" /><E134/><V113/><F113/><W24/><G131/><T66/><D135/><U68/><E32/><V123/><F125/><W40/><G132/><T55/><D34/><U0/><E68/><V42/><F123/><W49/><G26/><T20/><D106/><N who="2" m="40458" /><F23/><W87/><G98/><T67/><D100/><U15/><E96/><V103/><F14/><W27/><G8/><T89/><D4/><U80/><E15/><V59/><F59/><W33/><G61/><T75/><D28/><U116/><E116/><V63/><F63/><W95/><G64/><T2/><D2/><U130/><E130/><V90/><F103/><W72/><G30/><T29/><D29/><U117/><E117/><V22/><F22/><W54/><G49/><T36/><D36/><U46/><E56/><V88/><F47/><W93/><G87/><T25/><D18/><U16/><E16/><V110/><F42/><W51/><G51/><T69/><D69/><U102/><E65/><N who="0" m="24585" /><D12/><U53/><E53/><V97/><F111/><W109/><G109/><T9/><D9/><N who="1" m="2215" /><E102/><V84/><AGARI ba="1,0" hai="73,78,83,84,88,90,92,94,97,108,110" m="40458" machi="84" ten="30,11700,0" yaku="34,2,52,1,54,1" doraHai="104" who="2" fromWho="2" sc="118,-40,151,-40,410,120,321,-40" /><INIT seed="2,2,0,3,1,6" ten="78,111,530,281" oya="2" hai0="33,48,59,77,46,44,29,94,86,56,18,80,50" hai1="72,58,97,98,45,5,91,114,135,35,23,116,53" hai2="1,26,9,16,109,62,129,7,41,101,130,2,61" hai3="113,123,104,92,83,34,24,15,8,76,124,90,51"/><V38/><F101/><W134/><G104/><T21/><D29/><U95/><E35/><V106/><F106/><W107/><G107/><T71/><D71/><U103/><E72/><V99/><F99/><W85/><G123/><T78/><D33/><U122/><E114/><V43/><F109/><W117/><G117/><T49/><D78/><U10/><E116/><V54/><F1/><W4/><G124/><T89/><D59/><U13/><E135/><V119/><F119/><W27/><G134/><T93/><D56/><U128/><E128/><N who="2" m="49259" /><F54/><W81/><G113/><T112/><D93/><N who="1" m="58831" /><E122/><V126/><F126/><W65/><G34/><T75/><REACH who="0" step="1"/><D112/><REACH who="0" ten="68,111,530,281" step="2"/><U40/><E45/><N who="2" m="23735" /><F43/><W110/><G110/><T55/><D55/><U47/><E47/><V30/><F30/><W73/><G65/><T70/><D70/><U42/><E23/><AGARI ba="2,1" hai="2,7,9,16,23,26,61,62" m="23735,49259" machi="23" ten="30,5800,0" yaku="19,1,52,1,54,1" doraHai="6" who="2" fromWho="1" sc="68,0,111,-64,530,74,281,0" /><INIT seed="2,3,0,4,3,90" ten="68,47,604,281" oya="2" hai0="12,126,120,77,52,91,124,83,47,42,5,70,51" hai1="85,72,131,119,76,45,134,58,61,53,19,95,3" hai2="24,109,13,16,8,79,31,55,128,50,29,122,56" hai3="63,9,130,60,116,26,97,93,20,71,75,15,37"/><V89/><F128/><W49/><G37/><T125/><D120/><U2/><E119/><V10/><F122/><W0/><G0/><T106/><D106/><U99/><E131/><V80/><F109/><W65/><G75/><T114/><D114/><U108/><E108/><V101/><F101/><N who="3" m="60591" /><G71/><T135/><D135/><U6/><E134/><V111/><F111/><W62/><G116/><T36/><D91/><U66/><E72/><V34/><F29/><N who="3" m="17607" /><G49/><T30/><D30/><U82/><E6/><V133/><F133/><W1/><G1/><T23/><D70/><U117/><E117/><V78/><REACH who="2" step="1"/><F8/><REACH who="2" ten="68,47,594,281" step="2"/><W64/><G130/><T121/><D121/><U11/><E11/><V67/><F67/><W84/><G65/><T104/><D126/><U43/><E66/><V88/><F88/><W98/><G64/><T110/><D110/><U112/><E112/><V113/><F113/><W69/><G69/><T17/><D125/><U96/><E3/><V59/><F59/><W115/><G115/><T68/><D68/><U41/><E2/><V54/><F54/><W7/><G9/><T18/><D124/><U73/><E43/><V33/><F33/><W14/><G98/><T32/><D32/><U132/><E132/><V38/><F38/><W25/><G15/><T44/><D36/><N who="1" m="21671" /><E99/><V102/><F102/><W46/><G14/><T74/><D42/><U48/><E96/><V94/><F94/><W39/><G39/><T118/><D118/><U92/><E92/><V22/><F22/><W86/><G46/><T123/><D123/><U105/><E95/><V129/><F129/><RYUUKYOKU ba="3,1" sc="68,-10,47,-10,594,30,281,-10" hai2="10,13,16,24,31,34,50,55,56,78,79,80,89" /><INIT seed="2,4,1,1,1,55" ten="58,37,624,271" oya="2" hai0="33,34,8,10,39,127,1,24,102,45,7,81,111" hai1="17,82,21,116,93,5,29,91,52,68,71,72,80" hai2="50,18,119,88,126,70,11,130,9,67,133,101,112" hai3="15,96,41,47,4,42,69,59,113,85,12,109,98"/><V48/><F112/><W46/><G69/><T66/><D111/><U79/><E116/><V53/><F119/><W106/><G109/><T121/><D121/><U114/><E114/><V73/><F73/><W22/><G113/><T28/><D127/><U125/><E125/><V60/><F126/><W86/><G106/><T25/><D102/><U31/><E5/><V134/><F130/><W64/><G4/><T37/><D10/><U122/><E122/><V14/><F101/><W30/><G64/><T6/><D7/><U100/><E100/><V124/><F124/><W110/><G22/><T36/><D66/><U56/><E71/><V99/><F9/><W74/><G30/><N who="1" m="11274" /><E79/><V63/><F63/><W3/><G74/><T115/><D25/><N who="1" m="14511" /><E72/><V129/><F129/><W117/><G117/><T2/><D1/><U0/><E0/><V38/><F38/><W120/><G120/><T131/><D131/><U107/><E107/><V40/><F40/><W78/><G3/><T83/><D115/><U23/><E23/><V16/><F18/><W77/><G110/><T95/><D34/><U51/><E68/><V13/><F13/><W94/><G12/><T128/><D128/><U44/><E44/><V87/><F99/><AGARI ba="4,1" hai="51,52,56,80,82,91,93,99" m="14511,11274" machi="99" ten="30,3900,0" yaku="8,1,52,1,54,1" doraHai="55" who="1" fromWho="2" sc="58,0,37,61,624,-51,271,0" /><INIT seed="3,0,0,2,0,116" ten="58,98,573,271" oya="3" hai0="0,75,68,91,100,119,60,120,110,101,129,133,37" hai1="38,13,104,11,1,51,44,105,79,5,113,52,26" hai2="85,130,70,118,72,135,29,106,46,8,6,28,65" hai3="42,64,63,32,24,90,73,17,16,132,67,134,53"/><W108/><G73/><T121/><RYUUKYOKU type="yao9" ba="0,0" sc="58,0,98,0,573,0,271,0" hai0="0,37,60,68,75,91,100,101,110,119,120,121,129,133" /><INIT seed="3,1,0,2,2,38" ten="58,98,573,271" oya="3" hai0="18,87,14,124,39,101,100,119,88,109,130,79,95" hai1="80,5,8,63,102,66,41,16,77,40,123,55,42" hai2="126,51,26,29,89,46,107,20,0,94,35,112,64" hai3="117,111,135,69,48,115,86,116,25,118,33,45,114"/><W21/><G69/><T24/><D119/><U97/><E123/><V128/><F107/><W56/><G33/><T23/><D109/><U99/><E55/><V121/><F112/><W62/><G86/><T85/><D124/><U43/><E43/><V50/><F126/><W98/><G98/><T67/><D130/><U1/><E16/><V44/><F128/><W92/><G92/><T108/><D108/><U28/><E28/><V125/><F0/><W81/><G81/><T19/><D39/><U22/><E22/><V134/><F134/><W73/><G73/><T31/><D67/><U72/><REACH who="1" step="1"/><E102/><REACH who="1" ten="58,88,573,271" step="2"/><V104/><F104/><W133/><G111/><T129/><D129/><U10/><E10/><V2/><F2/><W120/><G120/><T127/><D127/><U30/><E30/><V54/><F125/><W76/><G115/><T27/><D19/><U52/><E52/><N who="2" m="29767" /><F35/><W91/><G114/><T83/><REACH who="0" step="1"/><D27/><REACH who="0" ten="48,88,573,271" step="2"/><U113/><E113/><V105/><F121/><W9/><G25/><T12/><D12/><U32/><E32/><AGARI ba="1,2" hai="14,18,23,24,31,32,79,83,85,87,88,95,100,101" machi="32" ten="30,3900,0" yaku="1,1,7,1,54,1,53,0" doraHai="38" doraHaiUra="103" who="0" fromWho="1" sc="48,62,88,-42,573,0,271,0" owari="110,-29.0,46,-45.4,573,67.3,271,7.1" /></mjloggm>