<mjloggm ver="2.3"><GO type="225" lobby="0"/><UN n0="%E7%B4%94%E6%BD%94%E3%83%94%E3%83%A9%E3%83%8B%E3%82%A2" n1="%E3%81%95%E3%81%8D%E3%81%9F%E3%81%BE%E6%9E%97%E6%AA%8E" n2="%4B%2E%32%2E%4B%2E" n3="%E3%81%A8%E3%82%89%E3%81%84%E3%81%A1" dan="17,16,17,16" rate="2065.03,2105.62,2192.09,2114.24" sx="M,M,M,M"/><TAIKYOKU oya="0"/><INIT seed="0,0,0,5,2,30" ten="250,250,250,250" oya="0" hai0="38,22,25,87,128,119,3,1,89,88,61,75,122" hai1="50,0,116,131,83,99,104,109,15,21,26,71,135" hai2="93,91,40,4,78,74,58,108,37,48,65,42,44" hai3="13,32,60,24,55,72,92,67,95,82,127,27,39"/><T29/><D119/><U132/><E116/><V125/><F125/><W35/><G39/><T19/><D122/><U97/><E0/><V8/><F108/><W120/><G120/><T90/><D75/><U17/><E109/><V106/><F106/><W73/><G127/><T47/><D128/><U2/><E2/><V45/><F65/><W5/><G67/><T63/><D87/><U80/><E131/><V110/><F58/><W36/><G36/><T96/><D96/><U117/><E117/><V6/><F110/><W52/><G13/><T114/><D114/><U34/><E71/><V79/><F74/><W111/><G111/><T57/><D63/><U123/><E123/><V77/><REACH who="2" step="1"/><F8/><REACH who="2" ten="250,250,240,250" step="2"/><W46/><G46/><T118/><D118/><U9/><E104/><V66/><F66/><W81/><G60/><T41/><D57/><U85/><E9/><V101/><F101/><W112/><REACH who="3" step="1"/><G5/><REACH who="3" ten="250,250,240,240" step="2"/><T103/><D61/><U84/><E135/><V11/><F11/><W129/><G129/><T86/><D103/><U43/><E132/><V18/><F18/><W14/><G14/><T102/><D102/><U12/><E12/><V70/><F70/><W124/><G124/><T64/><D64/><U69/><E69/><V16/><F16/><W49/><G49/><T76/><REACH who="0" step="1"/><D19/><REACH who="0" ten="240,250,240,240" step="2"/><U130/><E17/><V59/><F59/><W7/><G7/><T133/><D133/><U68/><E68/><V98/><AGARI ba="0,3" hai="4,6,37,40,42,44,45,48,77,78,79,91,93,98" machi="98" ten="30,2000,0" yaku="1,1,0,1,53,0" doraHai="30" doraHaiUra="107" who="2" fromWho="2" sc="240,-10,250,-5,240,50,240,-5" /><INIT seed="1,0,0,0,5,44" ten="230,245,290,235" oya="1" hai0="85,62,118,68,100,6,97,69,27,28,23,66,128" hai1="126,21,83,103,58,73,46,132,7,91,18,39,31" hai2="55,33,96,120,131,92,24,2,1,77,102,82,90" hai3="80,48,130,94,0,11,110,15,34,56,52,87,89"/><U26/><E132/><V72/><F131/><W107/><G107/><T4/><D128/><U35/><E126/><V20/><F120/><W14/><G130/><T113/><D118/><U93/><E103/><V133/><F133/><W134/><G134/><T38/><D38/><U29/><E7/><V76/><F33/><W40/><G34/><T79/><D68/><U95/><E35/><V16/><F77/><W99/><G110/><T43/><D43/><U105/><E105/><V124/><F124/><W57/><G40/><T88/><D79/><U17/><E39/><V51/><REACH who="2" step="1"/><F102/><REACH who="2" ten="230,245,280,235" step="2"/><W119/><G119/><T13/><D113/><U5/><E73/><V71/><F71/><W112/><G112/><T41/><D41/><U98/><E91/><V135/><F135/><W67/><G0/><T101/><D101/><U125/><E125/><V60/><F60/><N who="3" m="38279" /><G11/><T115/><D115/><U75/><E75/><V12/><F12/><W78/><AGARI ba="0,1" hai="14,15,48,52,57,78,80,87,89,94,99" m="38279" machi="78" ten="30,4000,0" yaku="8,1,52,1,54,1" doraHai="44" who="3" fromWho="3" sc="230,-10,245,-20,280,-10,235,50" /><INIT seed="2,0,0,4,4,24" ten="220,225,270,285" oya="2" hai0="105,56,38,66,12,126,35,87,30,134,19,42,74" hai1="7,34,29,76,73,28,82,69,94,131,61,85,100" hai2="57,80,118,91,21,20,15,124,111,43,63,92,122" hai3="0,71,135,31,127,62,128,121,88,115,98,77,36"/><V32/><F118/><W53/><G77/><T52/><D74/><U104/><E131/><V17/><F122/><W133/><G53/><T37/><D105/><U47/><E7/><V109/><F32/><W33/><G62/><T40/><D66/><N who="1" m="41167" /><E47/><V3/><F3/><W99/><G99/><T10/><D134/><U50/><E50/><V83/><F124/><W86/><G86/><T44/><D126/><U8/><E8/><V108/><F21/><W11/><G11/><T22/><D35/><U59/><E59/><V23/><F20/><W107/><G98/><T129/><D129/><U117/><E117/><V46/><F92/><W101/><G101/><T130/><D130/><U25/><E94/><V13/><F13/><W51/><G51/><T112/><D112/><U90/><E90/><V95/><F95/><W114/><G88/><T72/><D72/><U89/><E89/><V41/><F91/><W103/><G103/><T68/><D68/><U75/><E29/><V84/><F84/><W4/><G4/><T125/><D87/><U113/><E113/><V6/><F6/><W116/><G135/><T48/><D125/><U18/><E18/><V119/><F119/><W110/><G31/><T93/><D93/><U39/><E39/><N who="2" m="21823" /><F43/><W54/><G54/><AGARI ba="0,0" hai="15,17,23,54,57,63,80,83,108,109,111" m="21823" machi="54" ten="30,2900,0" yaku="14,1,10,1" doraHai="24" who="2" fromWho="3" sc="220,0,225,0,270,29,285,-29" /><INIT seed="2,1,0,5,2,3" ten="220,225,299,256" oya="2" hai0="103,20,51,120,66,131,123,87,117,121,88,10,104" hai1="55,97,111,93,38,134,12,118,119,14,7,81,25" hai2="54,124,6,74,107,27,75,49,48,2,125,92,95" hai3="63,77,90,129,39,122,26,41,16,89,128,57,9"/><V45/><F107/><W18/><G122/><T21/><D131/><N who="3" m="50249" /><G77/><T126/><D126/><N who="2" m="48746" /><F27/><W127/><G127/><T43/><D117/><U47/><E134/><V69/><F69/><W109/><G109/><T67/><D10/><U40/><E111/><V11/><F49/><W60/><G26/><T53/><D43/><U36/><E36/><V73/><AGARI ba="1,0" hai="2,6,11,45,48,54,73,74,75,92,95" m="48746" machi="73" ten="40,3900,0" yaku="18,1,52,1" doraHai="3" who="2" fromWho="2" sc="220,-14,225,-14,299,42,256,-14" /><INIT seed="2,2,0,4,2,122" ten="206,211,341,242" oya="2" hai0="24,93,110,102,14,126,128,87,33,95,94,47,78" hai1="96,104,129,118,72,34,48,8,41,109,5,86,131" hai2="7,42,50,2,21,133,97,67,98,62,69,23,130" hai3="0,66,28,106,116,75,83,17,60,105,127,26,107"/><V43/><F130/><N who="1" m="49673" /><E118/><V125/><F125/><W59/><G116/><T117/><D126/><U63/><E72/><V88/><F133/><W22/><G127/><T20/><D117/><U30/><E86/><V1/><F7/><W81/><G0/><T114/><D114/><U54/><E63/><V132/><F132/><W103/><G103/><T58/><D33/><U91/><E41/><V56/><F69/><W123/><G123/><T112/><D112/><U55/><E30/><V84/><F2/><W76/><REACH who="3" step="1"/><G81/><REACH who="3" ten="206,211,341,232" step="2"/><N who="0" m="47543" /><D102/><U15/><E104/><V65/><F1/><W89/><G89/><T70/><D128/><U27/><E91/><V25/><F88/><W61/><G61/><T90/><D90/><U77/><E77/><V12/><F62/><W80/><G80/><T82/><D82/><U134/><E134/><V120/><F120/><W135/><G135/><T100/><D100/><U115/><E115/><V68/><F98/><W32/><G32/><T57/><D94/><U18/><E96/><V64/><F97/><W46/><G46/><T4/><D93/><U16/><E34/><V3/><F3/><W38/><G38/><T31/><D95/><U11/><E109/><V6/><F84/><W35/><G35/><T29/><D110/><U51/><E51/><V113/><F50/><W121/><G121/><T101/><D101/><U49/><E48/><V71/><F113/><W85/><G85/><T10/><D47/><U124/><E49/><V73/><F73/><W79/><G79/><T19/><D70/><U45/><E45/><V13/><F68/><W37/><G37/><RYUUKYOKU ba="2,1" sc="206,15,211,-15,341,-15,232,15" hai0="4,10,14,19,20,24,29,31,57,58" hai3="17,22,26,28,59,60,66,75,76,83,105,106,107" /><INIT seed="3,3,1,1,5,14" ten="221,196,326,247" oya="3" hai0="100,131,57,109,18,102,81,134,8,114,54,129,68" hai1="95,133,26,105,23,7,30,127,66,2,41,74,0" hai2="119,93,115,15,84,112,122,6,92,58,123,33,44" hai3="36,16,11,38,108,37,17,94,111,52,48,19,56"/><W98/><REACH who="3" step="1"/><G11/><REACH who="3" ten="221,196,326,237" step="2"/><T42/><D8/><U135/><E105/><V69/><F122/><W10/><G10/><T130/><D129/><U67/><E127/><V116/><F123/><W53/><G53/><T35/><D54/><U83/><E41/><V73/><F119/><W22/><G22/><T46/><D42/><U103/><E7/><V28/><F116/><W3/><G3/><T51/><D130/><U45/><E0/><V118/><F118/><W85/><G85/><T27/><D131/><U75/><E2/><V72/><F84/><W65/><G65/><T62/><D35/><U76/><E75/><V40/><F33/><W107/><G107/><T70/><D114/><U99/><REACH who="1" step="1"/><E45/><REACH who="1" ten="221,186,326,237" step="2"/><V110/><F72/><W87/><G87/><T80/><D46/><U61/><E61/><V113/><F73/><W21/><G21/><T132/><D62/><U88/><E88/><AGARI ba="3,3" hai="16,17,19,36,37,38,48,52,56,88,94,98,108,111" machi="88" ten="50,24000,3" yaku="21,2,52,3,54,3,53,0" doraHai="14" doraHaiUra="77" who="3" fromWho="1" sc="221,0,186,-249,326,0,237,279" owari="221,-17.9,-63,-56.3,326,12.6,516,61.6" /></mjloggm>