<mjloggm ver="2.3"><GO type="225" lobby="0"/><UN n0="%6D%75%75%6D%75%72%61" n1="%E5%AF%82%E5%AF%9E%E3%82%AE%E3%83%8D%E3%82%B9%E3%83%93%E3%83%BC%E3%83%AB" n2="%E3%83%AD%E3%83%83%E3%83%86%E9%9B%80%E7%90%83" n3="%72%61%6B%33" dan="16,16,17,18" rate="2124.03,2171.32,2239.17,2282.61" sx="F,M,M,M"/><TAIKYOKU oya="0"/><INIT seed="0,0,0,0,3,58" ten="250,250,250,250" oya="0" hai0="89,72,11,54,92,86,63,107,66,31,114,131,101" hai1="123,56,129,36,44,19,29,41,90,124,104,71,74" hai2="110,28,135,17,82,94,10,30,35,59,60,113,116" hai3="32,27,8,24,70,1,76,77,127,42,85,4,69"/><T14/><D114/><U134/><E123/><V95/><F113/><W61/><G127/><T93/><D131/><U22/><E124/><V64/><F110/><W73/><G73/><T119/><D119/><U121/><E121/><V18/><F135/><W45/><G70/><T118/><D118/><U87/><E71/><V26/><F116/><W75/><G85/><T7/><D72/><U39/><E104/><V16/><F30/><W103/><G103/><T13/><D107/><U51/><E74/><V25/><F25/><W40/><G40/><T109/><D109/><U83/><E29/><V100/><F100/><W96/><G96/><T33/><D33/><U68/><E68/><V65/><F65/><N who="3" m="41135" /><G32/><T84/><D31/><U53/><E134/><V130/><F130/><W106/><G77/><T91/><D101/><U126/><E129/><V132/><F132/><W133/><G133/><T46/><D14/><U34/><E34/><V43/><F82/><N who="3" m="45343" /><G106/><T50/><D66/><U78/><E126/><V3/><REACH who="2" step="1"/><F43/><REACH who="2" ten="250,250,240,250" step="2"/><W79/><G24/><T12/><D12/><U52/><E41/><V2/><F2/><W80/><G27/><T99/><D99/><U20/><E78/><V125/><F125/><W105/><G79/><T37/><D37/><U98/><E98/><V49/><F49/><W57/><G42/><T55/><D54/><U6/><E39/><V102/><F102/><W112/><G112/><T0/><D0/><U15/><E36/><V117/><F117/><W48/><G1/><T21/><D63/><N who="1" m="36231" /><E6/><AGARI ba="0,1" hai="3,6,10,16,17,18,26,28,35,59,60,64,94,95" machi="6" ten="40,5200,0" yaku="1,1,52,1,54,1,53,0" doraHai="58" doraHaiUra="81" who="2" fromWho="1" sc="250,0,250,-52,240,62,250,0" /><INIT seed="1,0,0,3,4,69" ten="250,198,302,250" oya="1" hai0="55,134,14,118,85,91,113,81,76,123,94,8,114" hai1="29,110,65,116,103,27,18,98,6,108,92,44,19" hai2="49,35,43,37,70,93,41,67,87,53,130,131,46" hai3="66,33,34,23,71,59,25,52,99,45,61,15,78"/><U62/><E116/><V60/><F35/><W96/><G78/><T72/><D118/><U83/><E6/><V135/><F93/><W89/><G15/><T122/><D55/><U128/><E128/><N who="2" m="49195" /><F87/><W51/><G71/><T26/><D26/><U28/><E83/><V77/><F77/><W109/><G109/><N who="1" m="42090" /><E44/><N who="2" m="23599" /><F135/><W39/><G39/><T117/><D117/><U121/><E121/><N who="0" m="46089" /><D134/><U90/><E90/><V0/><F0/><W95/><REACH who="3" step="1"/><G96/><REACH who="3" ten="250,198,302,240" step="2"/><T54/><D114/><U97/><E97/><V101/><F101/><W82/><G82/><T107/><D113/><U102/><E102/><V10/><F10/><W32/><G32/><T127/><D8/><U48/><E48/><V132/><F132/><W9/><G9/><T84/><D81/><U56/><E29/><AGARI ba="0,1" hai="23,25,29,33,34,45,51,52,59,61,66,89,95,99" machi="29" ten="30,7700,0" yaku="1,1,7,1,54,1,53,1" doraHai="69" doraHaiUra="47" who="3" fromWho="1" sc="250,0,198,-77,302,0,240,87" /><INIT seed="2,0,0,2,0,118" ten="250,121,302,327" oya="2" hai0="22,83,116,123,108,109,28,92,134,89,51,91,0" hai1="25,67,75,121,35,94,117,36,114,23,52,76,112" hai2="87,77,27,15,68,14,129,133,131,126,73,102,8" hai3="2,45,4,115,69,32,132,124,1,88,30,119,5"/><V65/><F73/><W57/><G69/><T10/><D116/><U12/><E117/><V54/><F102/><W46/><G119/><T64/><D134/><U95/><E36/><V106/><F106/><W128/><G132/><T41/><D123/><U111/><E67/><V85/><F133/><W42/><G57/><T11/><D64/><U107/><E35/><V43/><F43/><W59/><G59/><T58/><D83/><U60/><E12/><V18/><F126/><W100/><G32/><T98/><D89/><U9/><E9/><V82/><F54/><W38/><G30/><T33/><D33/><U135/><E107/><V125/><F125/><W103/><G42/><T40/><D40/><U90/><E90/><V71/><F27/><W29/><G29/><T6/><D11/><U105/><E105/><V26/><F26/><W72/><G88/><T39/><D39/><U70/><E23/><N who="2" m="11735" /><F87/><W79/><G72/><T99/><D99/><U122/><E75/><V96/><F96/><W34/><G34/><T49/><D41/><U84/><E25/><V120/><F120/><W101/><G124/><T50/><D58/><U93/><E135/><V3/><F3/><W55/><G55/><T16/><D28/><U21/><E52/><V24/><F24/><W53/><G53/><T113/><D113/><U81/><E21/><V7/><F65/><W31/><G38/><T37/><D37/><U13/><E122/><V127/><F127/><W63/><G103/><T80/><D22/><U19/><E114/><V48/><F48/><W78/><G115/><T61/><D98/><RYUUKYOKU ba="0,0" sc="250,-10,121,-10,302,30,327,-10" hai2="7,8,15,68,71,77,82,85,129,131" /><INIT seed="2,1,0,1,0,30" ten="240,111,332,317" oya="2" hai0="6,130,79,29,97,131,114,12,87,81,31,113,98" hai1="86,47,27,23,10,102,104,1,78,53,54,22,83" hai2="67,64,25,3,94,121,96,71,68,134,40,39,14" hai3="60,42,122,18,26,20,129,13,118,100,28,126,112"/><V108/><F3/><W120/><G42/><T76/><D6/><U132/><E132/><V70/><F121/><W65/><G118/><T16/><D76/><U77/><E104/><V74/><F74/><W115/><G100/><T84/><D84/><U133/><E133/><V45/><F134/><W73/><G73/><T61/><D61/><U55/><E102/><V90/><F108/><W135/><G135/><T7/><D7/><U110/><E110/><V9/><REACH who="2" step="1"/><F25/><REACH who="2" ten="240,111,322,317" step="2"/><W107/><G122/><T66/><D114/><U91/><E1/><V75/><F75/><W82/><G120/><T38/><D113/><U88/><E27/><V57/><F57/><W72/><G72/><T109/><D109/><U116/><E116/><V8/><F8/><W93/><G26/><T103/><D130/><U58/><E10/><V69/><N who="2" m="17408" /><DORA hai="50" /><V37/><F37/><W46/><G129/><T4/><D38/><U117/><E117/><V33/><F33/><W2/><G2/><T105/><D131/><U85/><E58/><V125/><F125/><W41/><G126/><T123/><D123/><U51/><E23/><V124/><F124/><W19/><G20/><T43/><D31/><U24/><E22/><V56/><F56/><W111/><G111/><T119/><D29/><U21/><E21/><V128/><F128/><W59/><G28/><T63/><D119/><U35/><E24/><V15/><F15/><W92/><G13/><T36/><D12/><U34/><E35/><V17/><AGARI ba="1,1" hai="9,14,17,39,40,45,64,67,90,94,96" m="17408" machi="17" ten="60,6000,0" yaku="1,1,0,1,53,0" doraHai="30,50" doraHaiUra="106,0" who="2" fromWho="2" sc="240,-21,111,-21,322,73,317,-21" /><INIT seed="2,2,0,1,1,70" ten="219,90,395,296" oya="2" hai0="103,18,115,54,17,84,1,67,68,34,51,65,16" hai1="12,31,120,46,71,22,130,35,13,111,81,76,88" hai2="14,62,134,78,74,109,48,39,108,29,26,127,7" hai3="135,73,10,116,113,79,86,112,98,101,9,15,47"/><V21/><F127/><W55/><G116/><T32/><D115/><U102/><E111/><N who="2" m="42571" /><F134/><W20/><G73/><T45/><D1/><U133/><E71/><V106/><F106/><W121/><G121/><T37/><D37/><U90/><E102/><V11/><F48/><W117/><G117/><T69/><D103/><U123/><E130/><V30/><F62/><W100/><G100/><T131/><D131/><U43/><E35/><V114/><F114/><W36/><G20/><T122/><D122/><N who="1" m="46635" /><E133/><V66/><F66/><W95/><G55/><T91/><D69/><U63/><E63/><V104/><F104/><W110/><G135/><T93/><D68/><U128/><E128/><V56/><F56/><W87/><G110/><T41/><D67/><U40/><E40/><V38/><F30/><W82/><G86/><T124/><D65/><U105/><E105/><V97/><F97/><W58/><G58/><T27/><D124/><U53/><E53/><V3/><F3/><W83/><G98/><T80/><D41/><U59/><E59/><V42/><F42/><W52/><G52/><T24/><D34/><U64/><E64/><V28/><F28/><W92/><G113/><T99/><D32/><U94/><E31/><V2/><F2/><W33/><G33/><T19/><N who="0" m="4096" /><DORA hai="49" /><T85/><D99/><N who="1" m="57799" /><E22/><V129/><F129/><W119/><G112/><T60/><D60/><U23/><E23/><V61/><F61/><W25/><G119/><T132/><D132/><U0/><E0/><V5/><F29/><W75/><G101/><T77/><AGARI ba="2,0" hai="24,27,45,51,54,77,80,84,85,91,93" m="4096" machi="77" ten="40,8000,1" yaku="0,1,8,1,52,1,54,1" doraHai="70,49" who="0" fromWho="0" sc="219,86,90,-22,395,-42,296,-22" /><INIT seed="3,0,0,4,5,50" ten="305,68,353,274" oya="3" hai0="129,8,104,40,119,132,91,123,18,31,114,52,43" hai1="110,106,57,100,82,68,37,49,98,108,26,92,93" hai2="1,27,56,99,51,102,14,23,16,90,127,117,59" hai3="34,101,10,20,133,64,103,125,94,81,67,6,74"/><W124/><G34/><T42/><D119/><U113/><E68/><V39/><F39/><W130/><G130/><T36/><D123/><U29/><E37/><V53/><F1/><W11/><G20/><T25/><D114/><U38/><E38/><V61/><F117/><W58/><G133/><T128/><D132/><U62/><E49/><V83/><F127/><W12/><G94/><T134/><D104/><U120/><E113/><V21/><F90/><W131/><G131/><N who="0" m="50251" /><D134/><U0/><E0/><V79/><F99/><W5/><G81/><T55/><D36/><U72/><E120/><V126/><F102/><W111/><G58/><T69/><D69/><U75/><E106/><V105/><F126/><N who="3" m="48747" /><G74/><T41/><N who="0" m="10240" /><DORA hai="88" /><T80/><D18/><U46/><E46/><V2/><F105/><W84/><G84/><N who="0" m="50567" /><D8/><N who="3" m="3113" /><G111/><T107/><D107/><U30/><E82/><V65/><F83/><W109/><G109/><T87/><D87/><U7/><E98/><V44/><F59/><W73/><G73/><T78/><D78/><U24/><E57/><V17/><F79/><W47/><G47/><T13/><D13/><U4/><REACH who="1" step="1"/><E100/><REACH who="1" ten="305,58,353,274" step="2"/><N who="3" m="38474" /><G12/><T33/><AGARI ba="0,1" hai="25,31,33,52,55" m="50567,10240,50251" machi="33" ten="50,8000,1" yaku="19,1,52,2,54,1" doraHai="50,88" who="0" fromWho="0" sc="305,90,58,-20,353,-20,274,-40" owari="395,49.5,38,-46.2,333,13.3,234,-16.6" /></mjloggm>