<mjloggm ver="2.3"><GO type="225" lobby="0"/><UN n0="%E5%A4%96%E5%B7%9D%E7%AB%9C%E6%88%90" n1="%E9%97%98%E5%B0%86%E3%81%A0%E3%82%93%E3%81%A7%E3%81%83" n2="%E3%81%B5%E3%81%98%E3%81%8B%E3%81%A4" n3="%5C%28%E2%89%A7%E2%96%BD%E2%89%A6%29%2F" dan="16,16,16,16" rate="2105.37,2137.00,2175.08,2090.82" sx="M,M,M,M"/><TAIKYOKU oya="0"/><INIT seed="0,0,0,0,5,45" ten="250,250,250,250" oya="0" hai0="25,51,134,40,100,65,33,34,99,77,109,58,9" hai1="3,125,83,120,36,98,53,21,66,59,82,123,131" hai2="50,1,79,49,30,47,61,102,108,2,7,93,105" hai3="95,4,27,74,0,75,55,76,121,91,18,132,86"/><T73/><D134/><U14/><E3/><V84/><F105/><W32/><G132/><T35/><D25/><U80/><E36/><V78/><F30/><W60/><G121/><T97/><D77/><U8/><E131/><V42/><F108/><W116/><G116/><T41/><D73/><U114/><E125/><V85/><F61/><W68/><G0/><T57/><D109/><U69/><E114/><V127/><F127/><W52/><G4/><T31/><D31/><U67/><E69/><V89/><F102/><W94/><G94/><T112/><D112/><U103/><E21/><V111/><F111/><W122/><G122/><T124/><D124/><U23/><E23/><V113/><F113/><W90/><G90/><T63/><D9/><U126/><E126/><V106/><F106/><W19/><G75/><T87/><D87/><U46/><E46/><N who="2" m="25815" /><F2/><W130/><G130/><T115/><D115/><U96/><E120/><V64/><F1/><W54/><G60/><T70/><D99/><N who="1" m="37931" /><E103/><V24/><F24/><W22/><G68/><T71/><D71/><U101/><E101/><V135/><F135/><W62/><G32/><T5/><D5/><N who="1" m="3343" /><E123/><V16/><F7/><W12/><G62/><AGARI ba="0,0" hai="53,59,62,66,67,80,82,83" m="3343,37931" machi="62" ten="30,1000,0" yaku="8,1" doraHai="45" who="1" fromWho="3" sc="250,0,250,10,250,0,250,-10" /><INIT seed="1,0,0,4,0,67" ten="250,260,250,240" oya="1" hai0="32,77,128,95,120,114,29,76,52,106,98,81,119" hai1="63,16,33,125,92,18,57,90,78,5,4,87,75" hai2="117,133,38,59,64,1,115,109,41,100,130,0,124" hai3="40,3,93,56,72,70,108,122,113,7,22,66,71"/><U12/><E125/><V26/><F117/><W104/><G104/><T51/><D119/><U13/><E33/><V65/><F124/><W58/><G72/><T20/><D32/><U73/><E73/><V35/><F115/><W53/><G113/><T50/><D106/><U44/><E44/><V129/><F100/><W48/><G93/><T110/><D114/><U31/><E31/><N who="2" m="19959" /><F109/><W28/><G7/><T37/><D37/><U17/><E75/><V82/><F82/><W97/><G97/><T74/><D76/><U47/><E78/><V107/><F107/><W36/><G22/><T10/><D110/><U8/><E47/><N who="2" m="23991" /><F133/><W9/><G28/><T99/><D99/><U94/><E5/><V24/><F24/><W30/><G30/><T45/><D120/><U42/><E42/><V15/><F15/><W43/><G9/><T79/><D79/><U84/><E13/><V11/><F59/><N who="3" m="33191" /><G3/><N who="2" m="1097" /><F11/><W123/><G108/><T135/><D135/><U27/><E27/><V103/><F103/><W34/><G34/><T85/><D10/><U80/><REACH who="1" step="1"/><E87/><REACH who="1" ten="250,250,250,240" step="2"/><V121/><F121/><N who="3" m="46091" /><G40/><T131/><D74/><U127/><E127/><V14/><F14/><W116/><G116/><T134/><D134/><U6/><E6/><V101/><F101/><W54/><G43/><N who="0" m="24895" /><D29/><U23/><E23/><V132/><F132/><W111/><G111/><T86/><D86/><U102/><E102/><V55/><F130/><N who="0" m="49706" /><D20/><U62/><E62/><V112/><F129/><W83/><G36/><T19/><D98/><U91/><E91/><V25/><F112/><W68/><G54/><AGARI ba="0,1" hai="4,8,12,16,17,18,54,57,63,80,84,90,92,94" machi="54" ten="40,7700,0" yaku="1,1,8,1,54,1,53,0" doraHai="67" doraHaiUra="39" who="1" fromWho="3" sc="250,0,250,87,250,0,240,-77" /><INIT seed="1,1,0,2,1,7" ten="250,337,250,163" oya="1" hai0="41,22,101,120,73,6,99,127,129,77,80,3,31" hai1="40,5,115,110,12,49,109,112,87,93,17,126,131" hai2="86,114,72,108,134,83,79,26,46,98,42,132,117" hai3="9,74,35,105,18,10,62,84,130,15,118,37,59"/><U29/><E131/><V11/><F117/><W54/><G74/><T97/><D129/><U34/><E126/><V53/><F108/><N who="1" m="41577" /><E5/><V23/><F114/><W123/><G130/><T124/><D120/><U104/><E104/><V63/><F98/><W58/><G118/><T32/><D22/><U91/><E29/><V39/><F86/><W119/><G119/><T121/><D121/><U14/><E14/><V19/><F53/><W128/><G128/><T69/><D69/><U13/><E12/><V81/><F63/><W2/><G123/><T51/><D31/><U4/><E4/><V102/><F83/><W78/><G105/><T103/><D32/><U20/><E34/><V48/><F102/><W47/><G35/><T94/><D6/><U8/><E20/><V107/><F107/><W33/><G33/><T61/><D3/><U24/><E24/><V65/><F65/><W113/><G113/><T70/><D99/><U82/><E82/><V1/><F1/><W71/><G2/><T50/><D103/><U25/><E25/><V16/><REACH who="2" step="1"/><F39/><REACH who="2" ten="250,337,240,163" step="2"/><W88/><G37/><T111/><D111/><U76/><E76/><V36/><F36/><W44/><G78/><T57/><D127/><U64/><E64/><V38/><F38/><W52/><G71/><T0/><D124/><U56/><E56/><V75/><F75/><W67/><G67/><N who="0" m="39343" /><D70/><U66/><E66/><V28/><F28/><W30/><G30/><T95/><D0/><U122/><E122/><V43/><F43/><W89/><G84/><T96/><D41/><U90/><E115/><V135/><F135/><RYUUKYOKU ba="1,1" sc="250,15,337,-15,240,15,163,-15" hai0="50,51,73,77,80,94,95,96,97,101" hai2="11,16,19,23,26,42,46,48,72,79,81,132,134" /><INIT seed="2,2,1,3,3,125" ten="265,322,255,148" oya="2" hai0="117,100,68,4,10,79,58,99,104,132,3,47,95" hai1="50,5,93,101,40,48,126,69,94,123,39,60,46" hai2="106,53,31,16,75,108,114,78,37,97,2,67,30" hai3="64,33,57,130,38,120,15,35,113,82,119,133,13"/><V8/><F114/><W54/><G119/><T115/><D115/><U89/><E5/><V121/><F121/><W98/><G120/><T41/><D117/><U7/><E123/><V83/><F37/><W25/><G38/><T9/><D132/><U66/><E126/><V91/><F67/><W129/><G133/><T27/><D68/><U43/><E7/><V131/><F108/><W42/><G113/><T19/><D79/><U18/><E101/><V116/><F2/><W122/><G122/><T135/><D135/><U6/><E94/><V61/><F116/><W88/><G64/><T73/><D73/><U87/><E43/><V118/><F118/><W110/><G42/><T92/><D58/><U36/><E50/><V134/><F134/><W26/><G110/><T20/><REACH who="0" step="1"/><D10/><REACH who="0" ten="255,322,255,148" step="2"/><U12/><E69/><V11/><F11/><W49/><G35/><T59/><D59/><U72/><E72/><V51/><F75/><W76/><G33/><T45/><D45/><U24/><E46/><N who="2" m="27895" /><F78/><W84/><G26/><T14/><D14/><U63/><E12/><N who="2" m="7175" /><F61/><W32/><G25/><T112/><D112/><U102/><E24/><V109/><F109/><W96/><G32/><T23/><D23/><U28/><E63/><V71/><F71/><W55/><G76/><T81/><D81/><U107/><E60/><V105/><F30/><W1/><G1/><T29/><D29/><U44/><E28/><V52/><F31/><W128/><G54/><T0/><D0/><U74/><E74/><V86/><F52/><W56/><G57/><T124/><D124/><U85/><E66/><RYUUKYOKU ba="2,2" sc="255,15,322,-15,255,-15,148,15" hai0="3,4,9,19,20,27,41,47,92,95,99,100,104" hai3="13,15,49,55,56,82,84,88,96,98,128,129,130" /><INIT seed="3,3,2,2,2,32" ten="270,307,240,163" oya="3" hai0="86,55,40,115,6,88,62,25,21,83,5,100,17" hai1="11,47,87,124,68,63,91,42,53,3,57,61,16" hai2="29,93,65,19,118,82,123,43,135,72,22,110,49" hai3="31,103,8,111,1,2,134,35,130,51,28,56,26"/><W95/><G130/><T126/><D126/><U12/><E124/><V120/><F118/><W69/><G69/><T58/><D115/><U90/><E3/><N who="3" m="1034" /><G103/><T112/><D112/><U38/><E68/><V46/><F110/><W101/><G101/><T125/><D125/><U108/><E108/><V39/><F93/><W81/><G95/><T60/><D100/><U84/><E63/><N who="0" m="24105" /><D40/><U36/><E36/><V27/><F65/><W10/><G81/><T45/><D45/><U34/><E34/><N who="2" m="20799" /><F49/><AGARI ba="3,2" hai="5,6,17,21,25,49,55,58,83,86,88" m="24105" machi="49" ten="30,2000,0" yaku="8,1,54,1" doraHai="32" who="0" fromWho="2" sc="270,49,307,0,240,-29,163,0" owari="319,41.9,307,10.7,211,-18.9,163,-33.7" /></mjloggm>