<mjloggm ver="2.3"><GO type="225" lobby="0"/><UN n0="%E5%A4%96%E5%B7%9D%E7%AB%9C%E6%88%90" n1="%43%68%65" n2="%6D%75%75%6D%75%72%61" n3="%E7%B4%94%E6%BD%94%E3%83%94%E3%83%A9%E3%83%8B%E3%82%A2" dan="16,16,16,18" rate="2229.59,2125.95,2172.58,2235.56" sx="M,M,F,M"/><TAIKYOKU oya="0"/><INIT seed="0,0,0,5,0,25" ten="250,250,250,250" oya="0" hai0="92,5,78,51,130,116,48,50,17,40,34,109,11" hai1="55,54,38,31,108,96,18,70,122,85,2,135,44" hai2="49,105,104,63,67,126,13,127,0,87,29,30,115" hai3="21,1,98,8,42,101,86,33,22,37,19,90,23"/><T94/><D116/><U129/><E122/><V6/><F0/><W81/><G33/><T121/><D121/><U62/><E2/><V95/><F115/><W88/><G90/><T12/><D34/><U27/><E108/><V68/><F49/><W7/><G37/><T71/><D71/><U99/><E18/><V60/><F60/><W56/><G42/><T132/><D109/><U73/><E73/><V36/><F36/><W106/><REACH who="3" step="1"/><G56/><REACH who="3" ten="250,250,250,240" step="2"/><T100/><D40/><U15/><E38/><V89/><F126/><W128/><G128/><T20/><D130/><U131/><E131/><V77/><F127/><W113/><G113/><T91/><D91/><U75/><E129/><V28/><REACH who="2" step="1"/><F77/><REACH who="2" ten="250,250,240,240" step="2"/><W35/><G35/><T103/><D78/><U107/><E44/><V93/><F93/><N who="0" m="35946" /><D132/><U66/><E135/><V61/><F61/><W133/><G133/><T3/><D3/><U24/><E62/><V80/><F80/><W52/><G52/><T102/><D5/><U124/><E55/><V64/><F64/><W69/><G69/><T134/><D134/><U74/><E54/><V26/><F26/><AGARI ba="0,2" hai="1,7,8,19,21,22,23,26,81,86,88,98,101,106" machi="26" ten="30,3900,0" yaku="1,1,7,1,54,1,53,0" doraHai="25" doraHaiUra="45" who="3" fromWho="2" sc="250,0,250,0,240,-39,240,59" /><INIT seed="1,0,0,5,4,87" ten="250,250,201,299" oya="1" hai0="81,29,33,69,25,131,45,89,94,31,126,102,133" hai1="41,18,65,109,79,56,119,4,36,95,15,13,50" hai2="121,115,16,60,78,129,97,71,82,135,48,124,30" hai3="88,93,98,21,55,70,112,61,26,5,53,8,14"/><U105/><E105/><V83/><F121/><W86/><G112/><T122/><D122/><U46/><E119/><V118/><F118/><W58/><G70/><T12/><D69/><U117/><E117/><V52/><F115/><W77/><G77/><T47/><D126/><U103/><E79/><V7/><F124/><W62/><G86/><T74/><D131/><U22/><E109/><V75/><F129/><W17/><G53/><T127/><D127/><U64/><E36/><V101/><F135/><W99/><G99/><T84/><D133/><U132/><E56/><V43/><F7/><W3/><REACH who="3" step="1"/><G61/><REACH who="3" ten="250,250,201,289" step="2"/><T1/><D74/><U67/><E132/><V104/><F75/><W68/><G68/><T38/><D84/><U90/><E103/><V37/><F78/><W63/><G63/><T128/><D102/><U100/><E100/><V76/><F76/><W134/><G134/><T91/><D128/><U59/><E59/><V51/><F71/><W32/><G32/><T23/><D33/><U111/><E111/><V108/><F60/><W9/><G9/><T10/><D10/><N who="1" m="4295" /><E67/><V11/><F108/><W107/><G107/><T72/><D72/><U113/><E113/><V20/><F104/><W110/><G110/><T54/><D54/><U2/><E2/><AGARI ba="0,1" hai="2,3,5,8,14,17,21,26,55,58,62,88,93,98" machi="2" ten="40,8000,1" yaku="1,1,25,2,52,1,54,1,53,0" doraHai="87" doraHaiUra="44" who="3" fromWho="1" sc="250,0,250,-80,201,0,289,90" /><INIT seed="2,0,0,4,5,31" ten="250,170,201,379" oya="2" hai0="0,120,86,101,135,17,90,109,18,16,13,100,6" hai1="121,42,132,10,15,1,116,117,93,129,20,68,63" hai2="27,105,32,130,78,34,48,66,52,70,9,95,58" hai3="97,3,102,124,57,74,38,2,127,62,89,114,21"/><V39/><F105/><W43/><G74/><T44/><D120/><U131/><E42/><V54/><F39/><W5/><G114/><T33/><D109/><U35/><E93/><V96/><F130/><N who="1" m="49673" /><E68/><V82/><F9/><W19/><G89/><T128/><D128/><U79/><E79/><V47/><F70/><W107/><G43/><T53/><D0/><U122/><E63/><V30/><F66/><W67/><G38/><T94/><D33/><U56/><E56/><V69/><F69/><W72/><G72/><T119/><D135/><U104/><E104/><V11/><F11/><W51/><G51/><N who="0" m="28903" /><D119/><N who="1" m="45643" /><E132/><V88/><F32/><W115/><G115/><T99/><D6/><N who="1" m="1359" /><E35/><V28/><F34/><W49/><G49/><T61/><D61/><U110/><E110/><V113/><F113/><W4/><G2/><T73/><D73/><U12/><E20/><V8/><F8/><W7/><G3/><T118/><D118/><U106/><E106/><V29/><F58/><W92/><G107/><N who="0" m="63903" /><D101/><U45/><E45/><V36/><F36/><W59/><REACH who="3" step="1"/><G57/><REACH who="3" ten="250,170,201,369" step="2"/><T14/><D90/><U112/><E112/><V26/><F54/><W123/><G123/><AGARI ba="0,1" hai="12,15,121,122,123" m="1359,45643,49673" machi="123" ten="40,8000,1" yaku="13,1,19,1,34,2" doraHai="31" who="1" fromWho="3" sc="250,0,170,90,201,0,369,-80" /><INIT seed="3,0,0,2,1,39" ten="250,260,201,289" oya="3" hai0="66,25,22,131,116,37,67,1,125,38,92,50,103" hai1="114,105,69,26,110,29,23,106,129,117,81,94,47" hai2="0,100,58,17,112,124,2,71,46,134,48,80,74" hai3="11,115,111,102,53,82,127,70,88,60,42,99,49"/><W3/><G115/><T13/><D116/><U75/><E114/><V41/><F71/><W10/><G127/><T96/><D1/><U19/><E117/><V91/><F112/><W83/><G111/><T68/><D125/><U9/><E110/><V52/><F124/><W59/><G3/><T133/><D133/><U121/><E121/><V18/><F134/><W90/><G70/><T122/><D122/><U64/><E129/><V86/><F74/><W35/><G35/><T130/><D13/><U135/><E94/><V32/><F32/><W108/><G108/><T77/><D77/><U27/><E135/><V34/><F34/><W7/><G102/><T104/><D104/><U76/><E69/><V107/><F2/><W85/><G7/><T132/><D50/><U113/><E113/><V20/><F0/><W8/><G99/><T28/><D132/><U72/><E72/><V101/><F107/><W55/><G42/><T61/><REACH who="0" step="1"/><D67/><REACH who="0" ten="240,260,201,289" step="2"/><U97/><E64/><V30/><F30/><W51/><G55/><T57/><D57/><U95/><E105/><V118/><F118/><W79/><G79/><T73/><D73/><U54/><E106/><V126/><F126/><W12/><G12/><T15/><D15/><U89/><E75/><V14/><REACH who="2" step="1"/><F17/><REACH who="2" ten="240,260,191,289" step="2"/><W56/><G56/><T120/><D120/><U109/><E19/><V43/><F43/><W40/><G40/><T16/><D16/><U119/><E109/><V65/><F65/><W62/><G60/><AGARI ba="0,2" hai="14,18,20,41,46,48,52,58,60,80,86,91,100,101" machi="60" ten="30,12000,2" yaku="1,1,7,1,8,1,52,1,54,1,53,1" doraHai="39" doraHaiUra="87" who="2" fromWho="3" sc="240,0,260,0,191,140,289,-120" owari="240,-16.0,260,6.0,331,43.1,169,-33.1" /></mjloggm>