<mjloggm ver="2.3"><GO type="225" lobby="0"/><UN n0="%E5%84%AA%40%41%42%43" n1="%E3%81%AF%E3%82%88%E3%81%8A%E3%81%98%E3%81%95%E3%82%93" n2="%70%65%6E%74%6F%6C%61" n3="%E3%81%99%E3%81%84%E3%81%BE%E3%81%9B%E3%83%BC%E3%82%93" dan="18,17,16,16" rate="2239.99,2217.30,2126.11,2068.06" sx="M,M,M,M"/><TAIKYOKU oya="0"/><INIT seed="0,0,0,0,1,23" ten="250,250,250,250" oya="0" hai0="30,74,106,16,26,25,104,47,10,134,1,71,121" hai1="32,78,119,61,101,110,33,0,89,107,114,6,13" hai2="38,57,70,19,102,49,87,76,85,133,72,100,69" hai3="103,127,80,123,130,93,112,111,84,83,108,116,63"/><T36/><D121/><U18/><E78/><V120/><F38/><W58/><G112/><T5/><D71/><U129/><E89/><V109/><F72/><W94/><G116/><T42/><D134/><U122/><E61/><V55/><F120/><W12/><G123/><T43/><D43/><U4/><E101/><V132/><F19/><W35/><G35/><N who="1" m="13386" /><E107/><V113/><F113/><W64/><G127/><T99/><D16/><U2/><E122/><V86/><F109/><N who="3" m="42059" /><G130/><T82/><D30/><U90/><E90/><V34/><F34/><W81/><G103/><N who="2" m="39465" /><F76/><N who="3" m="46087" /><G12/><T44/><D44/><U65/><E110/><V37/><F37/><W3/><G3/><N who="1" m="1066" /><E65/><V7/><F7/><N who="1" m="2601" /><E114/><V24/><F70/><W95/><AGARI ba="0,0" hai="58,63,64,81,83,93,94,95" m="46087,42059" machi="95" ten="30,1100,0" yaku="14,1" doraHai="23" who="3" fromWho="3" sc="250,-5,250,-3,250,-3,250,11" /><INIT seed="1,0,0,2,4,123" ten="245,247,247,261" oya="1" hai0="102,113,124,12,84,107,10,95,17,131,63,73,3" hai1="103,97,23,92,130,42,76,58,69,81,34,98,53" hai2="61,127,27,32,120,64,1,40,7,126,90,50,94" hai3="133,101,72,104,56,112,4,0,132,57,67,129,134"/><U59/><E69/><V106/><F106/><W91/><G112/><T111/><D73/><U88/><E34/><V68/><F120/><W21/><G129/><T66/><D113/><U96/><E130/><V105/><F105/><W79/><G91/><T43/><D131/><U114/><E114/><V77/><F77/><W87/><G72/><T11/><D124/><N who="2" m="47658" /><F7/><W26/><G4/><T37/><D107/><U30/><E42/><V47/><F1/><W82/><G0/><T71/><D3/><U14/><E103/><V116/><F116/><W60/><G101/><T54/><D54/><U51/><E59/><V29/><F94/><W89/><G104/><T31/><D31/><U70/><E70/><N who="2" m="42255" /><F90/><W121/><G89/><T110/><D10/><U135/><E135/><V5/><F5/><W115/><G115/><T19/><D17/><N who="1" m="10679" /><E30/><V122/><F122/><W65/><G121/><T2/><D2/><U99/><E76/><V33/><F68/><N who="3" m="42023" /><G67/><T62/><D66/><U15/><E81/><V55/><F40/><W13/><G13/><AGARI ba="0,0" hai="13,15,51,53,58,88,92,96,97,98,99" m="10679" machi="13" ten="30,2900,0" yaku="8,1,54,1" doraHai="123" who="1" fromWho="3" sc="245,0,247,29,247,0,261,-29" /><INIT seed="1,1,0,3,4,97" ten="245,276,247,232" oya="1" hai0="31,77,35,66,105,108,125,15,112,120,38,54,131" hai1="20,46,49,116,129,18,58,101,26,50,110,117,37" hai2="82,16,124,41,56,79,11,73,59,3,118,96,89" hai3="22,70,68,27,23,130,36,84,9,90,51,103,67"/><U45/><E129/><V95/><F124/><W25/><G36/><T60/><D15/><U78/><E78/><V94/><F118/><W32/><G130/><T87/><D87/><U4/><E4/><V83/><F83/><W133/><G133/><T7/><D54/><U43/><E110/><V102/><F41/><W76/><G76/><T123/><D7/><U111/><E111/><V115/><F115/><W65/><G32/><T114/><D77/><U55/><REACH who="1" step="1"/><E101/><REACH who="1" ten="245,266,247,232" step="2"/><V10/><F3/><W81/><G103/><T88/><D108/><U6/><E6/><V93/><F89/><W34/><G90/><T13/><D131/><U40/><AGARI ba="1,1" hai="18,20,26,37,40,43,45,46,49,50,55,58,116,117" machi="40" ten="20,3900,0" yaku="1,1,0,1,7,1,53,0" doraHai="97" doraHaiUra="107" who="1" fromWho="1" sc="245,-14,266,52,247,-14,232,-14" /><INIT seed="1,2,0,3,5,48" ten="231,318,233,218" oya="1" hai0="129,28,81,23,125,26,132,55,29,108,5,14,109" hai1="67,135,46,117,8,0,61,72,79,66,54,53,36" hai2="45,92,90,101,70,6,124,62,98,49,73,64,15" hai3="41,95,59,13,83,116,75,1,42,130,111,134,87"/><U96/><E117/><V126/><F73/><W25/><G1/><T74/><D74/><U100/><E135/><V68/><F68/><W17/><G134/><T106/><D106/><U104/><E67/><V40/><F6/><W12/><G111/><N who="0" m="42571" /><D81/><N who="1" m="45287" /><E66/><V97/><REACH who="2" step="1"/><F15/><REACH who="2" ten="231,318,223,218" step="2"/><W9/><G13/><T103/><D5/><N who="1" m="1063" /><E61/><V31/><F31/><W78/><G75/><T3/><D14/><U99/><E99/><V11/><F11/><W123/><G12/><T47/><D28/><U51/><E51/><V80/><F80/><W82/><G83/><T63/><D29/><U119/><E119/><V91/><F91/><W85/><G116/><T7/><D3/><U19/><E19/><V94/><AGARI ba="2,1" hai="40,45,49,62,64,70,90,92,94,97,98,101,124,126" machi="94" ten="30,7900,0" yaku="1,1,0,1,53,2" doraHai="48" doraHaiUra="89" who="2" fromWho="2" sc="231,-22,318,-41,223,95,218,-22" /><INIT seed="2,0,0,3,2,36" ten="209,277,318,196" oya="2" hai0="57,58,130,84,95,73,78,34,89,91,133,27,17" hai1="90,63,0,19,1,46,82,97,113,61,12,107,24" hai2="85,11,21,125,16,31,135,117,100,127,62,120,18" hai3="37,112,40,32,8,93,54,7,134,65,66,70,48"/><V109/><F117/><W47/><G32/><T69/><D69/><U96/><E113/><V103/><F120/><W25/><G112/><T98/><D133/><U67/><E24/><V105/><F135/><W115/><G115/><T75/><D130/><U101/><E46/><V68/><F85/><W124/><G134/><T22/><D34/><U92/><E82/><V86/><F86/><W44/><G124/><T123/><D123/><U121/><E121/><V14/><F31/><W45/><G70/><T102/><D91/><U111/><E111/><V71/><F71/><W126/><G126/><N who="2" m="48137" /><F105/><W116/><G116/><T114/><D114/><U15/><E15/><N who="2" m="7295" /><F109/><W64/><G25/><T4/><D4/><U23/><E63/><V119/><F119/><W10/><G7/><T106/><REACH who="0" step="1"/><D75/><REACH who="0" ten="199,277,318,196" step="2"/><U29/><E0/><V20/><F68/><W9/><G93/><T26/><D26/><U129/><E1/><V38/><F103/><W39/><REACH who="3" step="1"/><G40/><REACH who="3" ten="199,277,318,186" step="2"/><T77/><D77/><U5/><E5/><V28/><F14/><W131/><G131/><T110/><D110/><U59/><E129/><V50/><F100/><W104/><G104/><T33/><D33/><U55/><E107/><V128/><F128/><W41/><G41/><T99/><D99/><U49/><E97/><V51/><F28/><W72/><G72/><T94/><D94/><U6/><E6/><V132/><F132/><W53/><G53/><T52/><D52/><U108/><E108/><V3/><F3/><W30/><G30/><T88/><D88/><U87/><E29/><V83/><F18/><W35/><G35/><RYUUKYOKU ba="0,2" sc="199,15,277,-15,318,-15,186,15" hai0="17,22,27,57,58,73,78,84,89,95,98,102,106" hai3="8,9,10,37,39,44,45,47,48,54,64,65,66" /><INIT seed="3,1,2,4,2,97" ten="214,262,303,201" oya="3" hai0="38,35,44,70,91,110,107,32,83,84,102,7,92" hai1="80,53,24,106,52,72,131,21,6,43,77,134,40" hai2="112,111,109,98,28,75,16,124,59,126,68,23,58" hai3="12,19,123,89,105,79,51,82,29,27,66,41,34"/><W85/><G123/><T121/><D121/><U4/><E106/><V13/><F68/><W96/><G66/><T25/><D70/><U62/><E131/><V93/><F75/><W36/><G36/><T122/><D122/><U104/><E104/><V9/><F112/><W120/><G120/><T130/><D130/><U46/><E134/><V69/><F69/><W54/><G41/><T129/><D129/><U116/><E116/><V87/><F87/><W128/><G128/><T37/><D107/><U88/><E88/><N who="2" m="55591" /><F28/><W47/><G105/><T71/><D71/><U61/><E43/><V48/><F9/><W99/><G79/><T11/><D110/><N who="2" m="41994" /><F48/><W60/><G60/><T49/><D37/><U17/><E62/><V56/><AGARI ba="1,2" hai="13,16,23,56,58,59,124,126" m="41994,55591" machi="56" ten="40,5200,0" yaku="14,1,54,2" doraHai="97" who="2" fromWho="2" sc="214,-14,262,-14,303,75,201,-27" owari="200,-20.0,248,4.8,378,47.8,174,-32.6" /></mjloggm>