<mjloggm ver="2.3"><GO type="225" lobby="0"/><UN n0="%E3%81%8B%E3%82%8F%E3%81%A1%E3%82%83%E3%82%93%35%38" n1="%74%61%6B%75%61%6B%61" n2="%E3%81%8A%E3%81%8B%E3%81%8F%E3%82%89" n3="%E2%91%A3%E9%81%BF%E9%81%8A%E6%88%AF%E3%80%90%E6%9D%B1%E5%8D%97%E3%80%91" dan="16,17,17,16" rate="2138.73,2200.63,2099.71,2039.58" sx="M,M,M,M"/><TAIKYOKU oya="0"/><INIT seed="0,0,0,4,4,37" ten="250,250,250,250" oya="0" hai0="91,79,107,19,9,75,108,115,0,89,49,10,32" hai1="45,113,77,64,42,56,99,83,128,7,33,46,123" hai2="76,40,111,2,112,34,118,38,12,71,80,104,65" hai3="13,28,30,47,114,67,29,93,82,105,36,84,24"/><T62/><D115/><U135/><E123/><V74/><RYUUKYOKU type="yao9" ba="0,0" sc="250,0,250,0,250,0,250,0" hai2="2,12,34,38,40,65,71,74,76,80,104,111,112,118" /><INIT seed="0,1,0,4,1,79" ten="250,250,250,250" oya="0" hai0="76,27,118,103,32,53,31,61,6,3,68,84,50" hai1="0,22,92,88,54,45,126,65,51,116,9,15,70" hai2="42,105,5,120,12,134,93,66,23,48,26,128,109" hai3="49,71,40,17,89,100,36,18,34,33,60,106,24"/><T94/><D118/><U101/><E116/><V67/><F105/><W1/><G1/><T113/><D113/><U125/><E0/><V47/><F109/><W69/><G36/><T30/><D30/><U19/><E101/><V127/><F134/><W123/><G123/><T14/><D3/><U133/><E133/><V21/><F128/><W97/><G71/><T110/><D110/><U62/><REACH who="1" step="1"/><E9/><REACH who="1" ten="250,240,250,250" step="2"/><V104/><F120/><W85/><G100/><T73/><D103/><U8/><E8/><V75/><F104/><W80/><G106/><T4/><D4/><U117/><E117/><V108/><F5/><W63/><G34/><T44/><D6/><U2/><E2/><V28/><F108/><W13/><G33/><T57/><D32/><U83/><E83/><V119/><F119/><W130/><G80/><T64/><D94/><U11/><E11/><V99/><F127/><W43/><G130/><T107/><D107/><U114/><E114/><V78/><F93/><W20/><G20/><T81/><D81/><U115/><E115/><V35/><F35/><W86/><G89/><T38/><D76/><U59/><E59/><V41/><F78/><W96/><G69/><T124/><D124/><U95/><E95/><V37/><F99/><AGARI ba="1,1" hai="15,19,22,45,51,54,62,65,70,88,92,99,125,126" machi="99" ten="40,2600,0" yaku="1,1,54,1,53,0" doraHai="79" doraHaiUra="55" who="1" fromWho="2" sc="250,0,240,39,250,-29,250,0" /><INIT seed="1,0,0,0,5,1" ten="250,279,221,250" oya="1" hai0="90,110,53,58,115,68,52,19,97,98,57,67,122" hai1="63,109,11,107,124,87,20,126,24,33,29,5,45" hai2="25,108,130,93,71,104,85,30,77,9,59,22,95" hai3="125,123,64,132,106,131,103,61,133,113,69,96,43"/><U46/><E107/><V34/><F71/><W91/><G113/><T75/><D115/><U54/><E109/><V76/><F104/><W70/><G123/><T84/><D75/><U31/><E87/><V120/><F130/><W99/><G131/><T16/><D68/><U135/><E135/><V15/><F108/><W101/><G125/><N who="1" m="48234" /><E29/><V7/><F120/><W111/><G111/><T118/><D118/><U94/><E94/><V38/><F38/><W92/><G69/><T27/><D110/><U78/><E78/><V35/><F59/><N who="0" m="22538" /><D67/><U114/><E114/><V41/><F41/><W134/><G43/><T50/><D122/><U89/><E89/><AGARI ba="0,0" hai="61,64,70,89,91,92,96,99,101,103,106,132,133,134" machi="89" ten="40,1300,0" yaku="20,1" doraHai="1" who="3" fromWho="1" sc="250,0,279,-13,221,0,250,13" /><INIT seed="2,0,0,0,2,10" ten="250,266,221,263" oya="2" hai0="21,106,87,93,20,30,44,84,8,102,70,89,79" hai1="88,120,31,98,7,14,76,55,80,112,9,45,124" hai2="35,16,133,85,97,34,68,54,73,99,50,131,56" hai3="32,128,0,119,90,22,74,26,116,130,17,49,105"/><V100/><F73/><W115/><G74/><T3/><D70/><U25/><E112/><V95/><F68/><W15/><G105/><T94/><D106/><U126/><E120/><V110/><F133/><W69/><G69/><T59/><D3/><U46/><E98/><V41/><F131/><N who="3" m="50219" /><G49/><T132/><D132/><U52/><E45/><V129/><F129/><W65/><G65/><T58/><D8/><U47/><E47/><V27/><F110/><W111/><G90/><T23/><D30/><U83/><E83/><V107/><F85/><W77/><G77/><T122/><D122/><U96/><E46/><V19/><F41/><W62/><G62/><T37/><D37/><U114/><E114/><V66/><F66/><W24/><G115/><T81/><D44/><U104/><E104/><V11/><F19/><W1/><G111/><T18/><D18/><U101/><E101/><V28/><F28/><N who="3" m="19479" /><G24/><T39/><D39/><U86/><E96/><AGARI ba="0,0" hai="20,21,23,58,59,79,81,84,87,89,93,94,96,102" machi="96" ten="40,1300,0" yaku="8,1" doraHai="10" who="0" fromWho="1" sc="250,13,266,-13,221,0,263,0" /><INIT seed="3,0,0,2,4,105" ten="263,253,221,263" oya="3" hai0="46,129,28,106,103,112,121,2,117,110,127,55,94" hai1="107,15,64,25,12,59,26,48,119,67,43,31,42" hai2="69,70,6,41,9,39,118,100,93,24,66,52,27" hai3="29,7,60,33,1,10,47,16,37,62,85,115,22"/><W53/><G115/><T87/><D2/><U73/><E107/><V34/><F118/><W114/><G114/><T35/><D28/><U132/><E132/><V17/><F41/><W113/><G113/><T126/><D35/><U84/><E84/><V131/><F39/><W30/><G85/><T120/><D55/><U58/><E31/><V96/><F131/><W80/><G80/><T130/><D46/><U83/><E83/><V4/><F4/><W32/><G30/><T116/><D106/><U14/><E14/><V89/><F34/><W86/><G86/><T51/><D51/><U71/><E48/><V81/><F81/><W90/><G90/><N who="0" m="53599" /><D103/><U11/><E11/><V99/><F66/><W3/><G3/><T92/><D92/><U122/><E71/><V97/><F97/><W57/><G62/><T23/><D23/><U134/><E134/><V109/><F109/><W56/><G57/><T79/><D79/><U0/><E0/><V125/><F69/><W65/><G29/><T101/><D101/><U135/><E135/><V91/><F70/><W75/><G75/><T13/><D13/><U49/><E49/><V61/><F99/><W74/><G74/><T21/><D21/><U40/><E40/><V124/><F9/><W111/><G111/><T72/><D72/><U19/><E73/><V123/><F123/><N who="0" m="47178" /><D110/><U133/><E122/><V98/><F98/><W45/><G37/><T88/><D112/><U128/><E133/><V78/><F78/><W54/><G33/><T20/><D117/><U76/><E119/><V108/><F108/><W50/><G32/><RYUUKYOKU ba="0,0" sc="263,0,253,0,221,0,263,0" /><INIT seed="4,1,0,5,0,86" ten="263,253,221,263" oya="0" hai0="124,44,67,71,12,37,107,101,119,77,45,32,21" hai1="52,87,59,93,83,56,0,118,20,43,98,127,92" hai2="7,115,90,99,112,30,96,31,69,24,73,33,42" hai3="126,51,128,113,105,66,46,130,74,18,63,22,111"/><T84/><D32/><U26/><E118/><V14/><F73/><W120/><G105/><T39/><D107/><U88/><E127/><V50/><F69/><W48/><G74/><T94/><D71/><U19/><E0/><V135/><F135/><W16/><G111/><T103/><D67/><U68/><E68/><V132/><F132/><W75/><G75/><T27/><D39/><U134/><E134/><V36/><F30/><W110/><G110/><T89/><D37/><U102/><E43/><V58/><F14/><W54/><G51/><T109/><D119/><U4/><E4/><V11/><F36/><W91/><G120/><T78/><D12/><U34/><E34/><V49/><F99/><W57/><G126/><T25/><D25/><U55/><E83/><V82/><F58/><AGARI ba="1,0" hai="19,20,26,52,55,56,58,59,87,88,92,93,98,102" machi="58" ten="40,8000,1" yaku="8,1,52,1,54,2" doraHai="86" who="1" fromWho="2" sc="263,0,253,83,221,-83,263,0" owari="263,6.3,336,43.6,138,-36.2,263,-13.7" /></mjloggm>