<mjloggm ver="2.3"><GO type="225" lobby="0"/><UN n0="%4B%2E%32%2E%4B%2E" n1="%4C%4F%4C%49%54%41" n2="%6D%75%75%73%61%6E%6D%75" n3="%E6%A1%9C%E8%8A%B1%E9%96%83%E3%80%85" dan="16,16,17,16" rate="2175.57,2161.85,2182.90,2200.98" sx="M,F,F,M"/><TAIKYOKU oya="0"/><INIT seed="0,0,0,1,3,19" ten="250,250,250,250" oya="0" hai0="26,99,126,84,24,71,87,48,111,28,74,13,44" hai1="113,8,11,101,4,96,16,135,27,68,94,23,120" hai2="36,133,17,104,105,110,98,77,93,51,76,14,102" hai3="100,75,134,66,52,122,64,12,41,121,83,112,69"/><T114/><D74/><U49/><E120/><N who="3" m="46186" /><G112/><T5/><D114/><U55/><E113/><V15/><F36/><W67/><G134/><T70/><D126/><U125/><E68/><V80/><F133/><W107/><G41/><T129/><D129/><U62/><E135/><V97/><F110/><W59/><G69/><T106/><D71/><U118/><E118/><V123/><F123/><W0/><G0/><T1/><D1/><U128/><E128/><V37/><F37/><W73/><G12/><T21/><D70/><U57/><E125/><V10/><F51/><N who="3" m="31135" /><G83/><T38/><D38/><U20/><E4/><V88/><F105/><W91/><G91/><T6/><D111/><U39/><E39/><V32/><F80/><W50/><G50/><T7/><D13/><N who="1" m="9231" /><E49/><V33/><REACH who="2" step="1"/><F14/><REACH who="2" ten="250,250,240,250" step="2"/><W85/><G85/><T132/><D132/><U35/><E35/><AGARI ba="0,1" hai="10,15,17,32,33,35,76,77,88,93,97,98,102,104" machi="35" ten="40,8000,1" yaku="1,1,2,1,54,1,53,2" doraHai="19" doraHaiUra="95" who="2" fromWho="1" sc="250,0,250,-80,240,90,250,0" /><INIT seed="1,0,0,5,3,120" ten="250,170,330,250" oya="1" hai0="108,107,44,10,13,85,111,46,0,43,121,99,27" hai1="17,88,105,75,18,21,15,31,116,28,23,19,79" hai2="8,35,63,58,9,130,41,94,87,83,53,32,90" hai3="2,60,6,131,89,100,104,68,133,42,20,5,4"/><U134/><E105/><V26/><F130/><W56/><G131/><T91/><D121/><U93/><E116/><V114/><F114/><W33/><G33/><T16/><D0/><U40/><E134/><V30/><F35/><W22/><G68/><T115/><D115/><U69/><E69/><V74/><F74/><W36/><G2/><T51/><D27/><U12/><E40/><V117/><F117/><W81/><G133/><T127/><D127/><U72/><E18/><V125/><F125/><W124/><G100/><T82/><REACH who="0" step="1"/><D46/><REACH who="0" ten="240,170,330,250" step="2"/><U55/><E55/><V39/><F26/><W86/><G124/><T49/><D49/><U1/><E1/><V3/><F3/><W112/><G112/><T118/><D118/><U102/><E102/><AGARI ba="0,1" hai="10,13,16,43,44,51,82,85,91,99,102,107,108,111" machi="102" ten="40,8000,1" yaku="1,1,52,2,54,1,53,1" doraHai="120" doraHaiUra="96" who="0" fromWho="1" sc="240,90,170,-80,330,0,250,0" /><INIT seed="2,0,0,3,0,10" ten="330,90,330,250" oya="2" hai0="124,97,1,90,31,25,68,134,57,55,62,33,108" hai1="8,59,79,46,21,128,65,106,4,71,14,109,83" hai2="86,3,119,23,35,112,54,92,58,77,47,133,114" hai3="64,125,51,17,74,85,42,130,89,129,19,56,70"/><V126/><F35/><W39/><G74/><T91/><D1/><U118/><E118/><V66/><F119/><W24/><G125/><T94/><D124/><U78/><E109/><V72/><F126/><W38/><G24/><T117/><D108/><U44/><E128/><V20/><F3/><W26/><G26/><T104/><D117/><U80/><E71/><V27/><F133/><W60/><G17/><T32/><D134/><U135/><E106/><V127/><F127/><W0/><G19/><T41/><D41/><U45/><E135/><V61/><F72/><W13/><G13/><T123/><D123/><U82/><REACH who="1" step="1"/><E21/><REACH who="1" ten="330,80,330,250" step="2"/><V6/><F20/><W98/><G70/><T76/><D104/><U73/><E73/><V110/><F110/><W36/><G130/><T5/><D33/><U115/><E115/><V96/><F112/><W7/><G129/><T50/><D68/><U30/><E30/><V100/><F114/><W53/><G38/><T69/><D69/><U11/><E11/><V37/><F37/><W18/><G39/><T12/><D32/><U67/><E67/><V113/><F113/><W48/><G64/><T88/><D31/><U131/><E131/><V81/><F66/><W40/><G36/><T93/><D93/><U111/><E111/><V43/><F92/><W132/><G132/><T116/><D116/><U121/><E121/><V9/><F9/><W95/><G95/><T16/><D94/><U103/><E103/><V87/><F100/><W122/><G122/><T75/><D75/><U22/><E22/><V34/><F23/><W29/><G29/><RYUUKYOKU ba="0,1" sc="330,-10,80,30,330,-10,250,-10" hai1="4,8,14,44,45,46,59,65,78,79,80,82,83" /><INIT seed="3,1,1,2,1,108" ten="320,110,320,240" oya="3" hai0="85,6,35,28,8,29,26,117,18,115,62,73,119" hai1="59,91,66,7,2,51,22,74,79,40,41,80,21" hai2="87,42,102,114,56,84,49,3,27,64,15,128,54" hai3="107,20,57,1,0,83,10,124,98,130,126,123,110"/><W120/><G57/><T55/><D73/><U100/><E2/><N who="3" m="1130" /><G83/><T103/><D115/><U46/><E7/><V13/><F114/><W129/><G98/><T45/><D103/><U89/><E100/><V71/><F71/><W32/><G107/><T48/><D29/><U69/><E74/><V94/><F3/><W86/><G86/><N who="2" m="32809" /><F64/><W96/><G96/><T70/><D18/><U53/><E79/><V58/><F42/><W125/><G32/><T112/><D112/><U68/><E80/><V78/><F78/><W4/><G20/><T44/><D85/><U52/><E91/><V63/><F94/><W17/><G4/><T72/><D72/><U113/><E89/><V105/><F105/><W38/><G38/><T12/><D45/><N who="1" m="26023" /><E21/><V133/><F102/><W14/><G110/><T99/><D99/><U5/><E22/><V121/><F58/><W30/><G30/><T11/><D11/><U50/><E5/><V67/><F56/><W75/><G75/><T37/><D37/><N who="1" m="21807" /><E113/><V122/><F122/><AGARI ba="1,1" hai="10,14,17,120,122,123,124,125,126,129,130" m="1130" machi="122" ten="40,7700,0" yaku="18,1,34,2" doraHai="108" who="3" fromWho="2" sc="320,0,110,0,320,-80,240,90" owari="320,12.0,110,-39.0,240,-16.0,330,43.0" /></mjloggm>