<mjloggm ver="2.3"><GO type="225" lobby="0"/><UN n0="%E3%81%B5%E3%81%98%E3%81%8B%E3%81%A4" n1="%77%72%77%72%77%72%77%72" n2="%E3%81%BF%E3%81%BF%E3%81%9A" n3="%63%68%78%62%64" dan="16,16,16,16" rate="2156.36,2234.53,2145.04,2144.22" sx="M,M,M,M"/><TAIKYOKU oya="0"/><INIT seed="0,0,0,1,4,0" ten="250,250,250,250" oya="0" hai0="91,36,126,122,43,19,48,23,26,84,131,119,83" hai1="95,125,134,109,33,3,117,2,105,71,22,39,52" hai2="69,56,108,129,102,12,87,93,81,28,41,51,8" hai3="40,124,120,9,73,59,65,86,38,115,78,10,100"/><T98/><D122/><U63/><RYUUKYOKU type="yao9" ba="0,0" sc="250,0,250,0,250,0,250,0" hai1="2,3,22,33,39,52,63,71,95,105,109,117,125,134" /><INIT seed="0,1,0,3,1,19" ten="250,250,250,250" oya="0" hai0="56,52,1,48,124,29,34,49,122,58,42,45,100" hai1="106,59,77,98,46,12,60,114,18,91,57,120,101" hai2="23,104,75,116,16,65,82,115,108,135,30,81,31" hai3="80,118,119,32,64,89,47,24,71,132,105,28,97"/><T21/><D1/><U111/><E120/><V14/><F115/><W63/><G132/><T93/><D122/><U50/><E111/><V17/><F108/><W76/><G47/><T113/><D34/><U87/><E114/><V126/><F104/><W40/><G40/><T33/><D33/><U39/><E77/><V107/><F107/><W0/><G0/><T78/><D113/><U4/><E4/><V125/><F135/><W94/><REACH who="3" step="1"/><G105/><REACH who="3" ten="250,250,250,240" step="2"/><T110/><D110/><U5/><E39/><V54/><F116/><W90/><G90/><T69/><D78/><U36/><E36/><V129/><F125/><W131/><G131/><T37/><D124/><U9/><E5/><V8/><F129/><W88/><G88/><T41/><D37/><U53/><REACH who="1" step="1"/><E60/><REACH who="1" ten="250,240,250,240" step="2"/><V10/><F126/><W128/><G128/><T38/><D38/><U99/><E99/><V121/><F121/><W68/><G68/><T2/><D69/><U6/><E6/><V74/><F74/><AGARI ba="1,2" hai="24,28,32,63,64,71,74,76,80,89,94,97,118,119" machi="74" ten="30,3900,0" yaku="1,1,7,1,53,1" doraHai="19" doraHaiUra="73" who="3" fromWho="2" sc="250,0,240,0,250,-42,240,62" /><INIT seed="1,0,0,0,0,82" ten="250,240,208,302" oya="1" hai0="79,133,99,109,111,97,74,37,104,77,113,23,60" hai1="54,119,87,13,106,14,101,25,108,19,80,96,129" hai2="89,69,39,115,83,58,127,57,110,30,29,128,42" hai3="67,131,86,121,126,15,84,41,34,118,91,52,22"/><U48/><E119/><V35/><F127/><W71/><G121/><T45/><D37/><U20/><E129/><V7/><F128/><W95/><G34/><T105/><D45/><U49/><E108/><N who="0" m="41545" /><D60/><U76/><REACH who="1" step="1"/><E48/><REACH who="1" ten="250,230,208,302" step="2"/><V135/><F110/><W123/><G131/><T68/><D113/><U66/><E66/><V44/><F115/><W16/><G118/><T10/><D68/><U47/><AGARI ba="0,1" hai="13,14,19,20,25,47,49,54,76,80,87,96,101,106" machi="47" ten="20,12000,1" yaku="1,1,0,1,7,1,52,1,53,1" doraHai="82" doraHaiUra="78" who="1" fromWho="1" sc="250,-40,230,130,208,-40,302,-40" /><INIT seed="1,1,0,1,4,77" ten="210,360,168,262" oya="1" hai0="100,40,128,65,22,121,29,43,82,55,41,38,58" hai1="91,47,102,69,111,79,90,62,73,44,110,67,112" hai2="123,122,3,31,4,130,103,12,16,34,30,120,70" hai3="72,52,59,104,36,83,33,11,20,94,28,60,76"/><U118/><E112/><V97/><F70/><W81/><G36/><T9/><D128/><U96/><E118/><V92/><F130/><W124/><G33/><T51/><D121/><U24/><E73/><V10/><REACH who="2" step="1"/><F34/><REACH who="2" ten="210,360,158,262" step="2"/><W135/><G135/><T134/><D38/><U98/><E69/><V54/><F54/><W75/><G124/><T18/><D134/><U127/><E127/><V15/><F15/><W129/><G129/><T42/><D65/><U48/><E67/><V78/><F78/><W61/><G76/><T101/><D55/><U133/><E79/><V116/><F116/><W71/><G71/><T66/><D66/><U35/><E35/><V119/><F119/><W87/><G52/><T14/><D43/><U27/><E133/><V5/><F5/><W45/><G75/><T115/><D41/><U50/><E111/><V8/><AGARI ba="1,1" hai="3,4,8,10,12,16,30,31,92,97,103,120,122,123" machi="8" ten="40,5200,0" yaku="1,1,0,1,54,1,53,0" doraHai="77" doraHaiUra="113" who="2" fromWho="2" sc="210,-14,360,-27,158,65,262,-14" /><INIT seed="2,0,0,3,4,95" ten="196,333,223,248" oya="2" hai0="73,23,92,135,123,119,76,28,29,56,31,113,124" hai1="64,14,98,15,109,72,130,6,80,112,18,88,24" hai2="13,47,17,125,33,85,30,67,133,2,91,57,45" hai3="19,107,59,117,74,108,20,97,25,55,103,106,12"/><V40/><F2/><W16/><G74/><T78/><D123/><U81/><E112/><V111/><F125/><W82/><G117/><T42/><D113/><U77/><E109/><V7/><F111/><W116/><G108/><T38/><D124/><U93/><E130/><V122/><F122/><W90/><G116/><T1/><D1/><U79/><E64/><V36/><F7/><W34/><G90/><T35/><D119/><U27/><E6/><V71/><F133/><W96/><G82/><T5/><D5/><U99/><E99/><V62/><F47/><W86/><G86/><T46/><D135/><U48/><E48/><V105/><F105/><W50/><G34/><T70/><D70/><U41/><E41/><V94/><F30/><W129/><G129/><T100/><D56/><U83/><E14/><V132/><F33/><W63/><G63/><T65/><D65/><U58/><E58/><V0/><F0/><W118/><G118/><T134/><D35/><U127/><E127/><V66/><F132/><W101/><G12/><T89/><D100/><U43/><E43/><V44/><F44/><W9/><G9/><T53/><D53/><U8/><E72/><V126/><F126/><W61/><G61/><T87/><D134/><U54/><E54/><N who="2" m="34103" /><F71/><W21/><G21/><T32/><D32/><U120/><E120/><V69/><F69/><W131/><G131/><T49/><D38/><U121/><E121/><V60/><F60/><W10/><G10/><T102/><D73/><U37/><E37/><V51/><F36/><W52/><G55/><T39/><D39/><RYUUKYOKU ba="0,0" sc="196,-30,333,10,223,10,248,10" hai1="8,15,18,24,27,77,79,80,81,83,88,93,98" hai2="13,17,40,45,51,66,67,85,91,94" hai3="16,19,20,25,50,52,59,96,97,101,103,106,107" /><INIT seed="2,1,0,4,1,88" ten="166,343,233,258" oya="2" hai0="6,114,73,75,134,70,65,102,115,4,31,103,38" hai1="113,133,78,5,42,11,13,21,66,17,62,44,30" hai2="122,131,94,60,24,111,81,2,43,0,128,51,52" hai3="85,61,47,83,124,54,68,112,49,56,25,107,15"/><V46/><F122/><W84/><G107/><T50/><D38/><U33/><E113/><V130/><F111/><W87/><G124/><T82/><D31/><U32/><E133/><V99/><F81/><W95/><G112/><T135/><D50/><U74/><E30/><V120/><F120/><W23/><G68/><T105/><D70/><U91/><E91/><N who="2" m="55775" /><F24/><W3/><G3/><N who="2" m="1065" /><F60/><W123/><G15/><T72/><D65/><U80/><E66/><V96/><F96/><W92/><G123/><T110/><D82/><U97/><E97/><V22/><F22/><W59/><G83/><T12/><D12/><U53/><E62/><V41/><AGARI ba="1,0" hai="41,43,46,51,52,128,130,131" m="1065,55775" machi="41" ten="40,7800,0" yaku="19,1,52,1,54,1" doraHai="88" who="2" fromWho="2" sc="166,-27,343,-27,233,81,258,-27" /><INIT seed="2,2,0,2,1,122" ten="139,316,314,231" oya="2" hai0="56,73,86,16,37,19,110,123,58,8,134,104,117" hai1="29,40,121,26,105,14,45,63,61,109,51,106,94" hai2="96,120,98,41,93,97,49,116,100,6,25,10,85" hai3="4,39,99,131,23,43,55,87,80,38,60,112,101"/><V15/><F116/><W133/><G112/><T22/><D123/><U82/><E109/><V103/><F120/><W64/><G133/><T76/><D117/><U33/><E121/><V1/><F1/><W128/><G4/><T59/><D134/><U74/><E14/><V46/><F25/><W124/><G124/><T67/><D104/><U135/><E135/><V27/><F27/><W79/><G55/><T52/><D37/><U77/><E94/><V20/><F20/><W35/><G35/><T44/><D73/><U30/><E30/><V115/><F115/><W108/><G108/><T66/><D110/><U130/><E130/><N who="3" m="49706" /><G23/><T132/><D8/><U78/><E78/><V2/><F2/><W92/><G43/><T125/><D125/><U111/><E111/><V114/><F114/><W68/><AGARI ba="2,0" hai="38,39,60,64,68,79,80,87,92,99,101" m="49706" machi="68" ten="30,1100,0" yaku="19,1" doraHai="122" who="3" fromWho="3" sc="139,-5,316,-5,314,-7,231,17" /><INIT seed="3,0,0,5,5,91" ten="134,311,307,248" oya="3" hai0="131,11,69,95,106,132,100,123,70,87,51,126,117" hai1="73,83,110,56,5,33,53,127,31,34,121,93,130" hai2="111,99,19,1,71,85,14,94,67,7,135,112,81" hai3="125,41,15,38,12,128,21,44,52,66,40,57,3"/><W98/><G3/><T122/><D117/><U17/><E121/><V64/><F112/><W43/><G128/><T35/><D35/><U22/><E130/><V101/><F111/><W74/><G74/><T28/><D131/><U61/><E110/><V109/><F109/><W129/><G129/><T96/><D126/><U39/><E39/><V18/><F135/><W2/><G2/><T54/><D132/><U68/><E68/><V63/><F64/><W47/><G66/><T80/><D123/><U113/><E113/><V72/><F72/><W86/><G125/><T6/><D28/><U23/><E5/><V133/><F133/><W115/><G115/><T88/><D122/><U37/><E37/><V116/><F116/><W36/><G41/><T102/><D102/><U29/><E29/><V42/><F42/><W103/><G86/><T82/><D70/><U48/><E61/><V89/><REACH who="2" step="1"/><F1/><REACH who="2" ten="134,311,297,248" step="2"/><W30/><G30/><T108/><D108/><U78/><E127/><V77/><F77/><W60/><G21/><T97/><D69/><U65/><E65/><V118/><F118/><W79/><G79/><T8/><D8/><AGARI ba="0,1" hai="7,8,14,18,19,63,67,71,81,85,89,94,99,101" machi="8" ten="40,5200,0" yaku="1,1,52,1,53,1" doraHai="91" doraHaiUra="92" who="2" fromWho="0" sc="134,-52,311,0,297,62,248,0" owari="82,-41.8,311,11.1,359,45.9,248,-15.2" /></mjloggm>