<mjloggm ver="2.3"><GO type="225" lobby="0"/><UN n0="%E3%81%B2%E3%81%AA%E3%81%AE%E3%82%8A%E3%81%8F" n1="%E5%8F%AF%E5%85%90%E9%82%A3%E7%94%B1%E5%A4%9A" n2="%E3%82%A2%E3%82%A4%E3%82%B9%E3%83%86%E3%82%A3%E3%83%BC%E3%81%82%E3%81%B9" n3="%E7%AD%89%E3%80%85%E5%8A%9B%E5%8A%87%E5%A0%B4" dan="17,16,16,17" rate="2202.03,2182.75,2075.90,2181.13" sx="M,F,M,M"/><TAIKYOKU oya="0"/><INIT seed="0,0,0,5,1,115" ten="250,250,250,250" oya="0" hai0="34,81,110,82,57,46,130,62,95,56,129,60,108" hai1="71,112,77,128,36,90,22,94,96,28,68,91,123" hai2="14,73,33,87,30,20,69,114,66,52,135,102,19" hai3="55,72,120,109,13,89,103,1,67,4,58,83,54"/><T31/><D31/><U40/><E123/><V105/><F73/><W133/><G1/><T70/><D34/><U124/><E77/><V3/><F114/><W80/><G109/><N who="0" m="42091" /><D95/><U65/><E128/><N who="0" m="49257" /><D46/><U44/><E124/><V98/><F3/><W117/><G133/><T107/><D107/><U15/><E112/><V32/><F135/><W101/><G120/><T2/><D2/><U86/><E28/><V17/><F30/><W99/><G83/><N who="0" m="31755" /><D70/><U100/><E71/><V104/><F105/><W78/><G80/><T10/><D10/><U50/><E68/><V122/><F122/><W75/><G72/><T38/><D38/><U106/><E36/><V45/><F45/><W47/><G47/><T127/><D127/><U97/><E106/><V61/><F87/><W85/><G85/><T93/><D93/><U118/><E86/><V53/><F33/><W41/><G75/><T64/><D64/><U116/><E65/><V35/><F32/><W126/><G67/><T27/><D27/><U48/><E94/><V134/><F134/><W6/><G126/><T49/><D49/><U25/><E25/><V84/><F84/><W88/><G78/><T113/><D113/><U0/><E0/><V12/><F35/><W125/><G125/><T39/><D39/><U111/><E111/><V8/><AGARI ba="0,0" hai="8,12,14,17,19,20,52,53,61,66,69,98,102,104" machi="8" ten="20,2700,0" yaku="0,1,7,1,54,1" doraHai="115" who="2" fromWho="2" sc="250,-13,250,-7,250,27,250,-7" /><INIT seed="1,0,0,5,2,97" ten="237,243,277,243" oya="1" hai0="45,4,132,81,134,129,113,63,66,114,84,16,85" hai1="35,104,42,121,9,47,91,61,73,83,65,90,115" hai2="60,39,52,99,26,41,117,86,68,27,14,57,74" hai3="72,12,62,76,20,3,50,29,106,124,135,78,87"/><U116/><E115/><V70/><F74/><W102/><G3/><T93/><D129/><U82/><E116/><V31/><F117/><W75/><G135/><N who="0" m="51755" /><D4/><U89/><E121/><V25/><F31/><W130/><G124/><T95/><D45/><U24/><E104/><V22/><F86/><N who="0" m="33386" /><D81/><U120/><E120/><V69/><F99/><W8/><G130/><T21/><D93/><U118/><E118/><V36/><REACH who="2" step="1"/><F41/><REACH who="2" ten="237,243,267,243" step="2"/><W15/><G75/><T64/><D95/><U33/><E73/><V40/><F40/><W126/><G72/><T34/><D34/><U19/><E35/><V55/><F55/><W13/><G87/><T77/><D77/><U125/><E33/><V46/><F46/><W58/><G76/><T71/><D66/><U101/><E47/><V48/><F48/><W7/><G50/><T127/><D127/><U103/><E42/><V119/><F119/><W1/><G78/><T30/><D30/><U2/><E125/><V49/><F49/><W10/><G29/><T92/><D92/><U105/><E82/><V6/><F6/><W80/><G7/><T38/><D38/><U17/><E83/><V108/><F108/><W56/><G80/><T109/><D109/><U44/><E44/><V18/><AGARI ba="0,1" hai="14,18,22,25,26,27,36,39,52,57,60,68,69,70" machi="18" ten="40,5200,0" yaku="1,1,0,1,54,1,53,0" doraHai="97" doraHaiUra="123" who="2" fromWho="2" sc="237,-13,243,-26,267,62,243,-13" /><INIT seed="2,0,0,2,0,72" ten="224,217,329,230" oya="2" hai0="3,133,81,118,64,30,56,84,94,125,22,82,18" hai1="97,91,101,74,114,46,106,75,59,102,77,27,76" hai2="110,108,122,6,79,12,105,135,42,33,38,83,32" hai3="100,10,48,37,69,36,103,61,19,9,8,129,62"/><V49/><F105/><W88/><G69/><T29/><D3/><U98/><E59/><V11/><F122/><W132/><G48/><T35/><D133/><U41/><E27/><V104/><F104/><W15/><G129/><T52/><D125/><U50/><E114/><V123/><F38/><W80/><G132/><T90/><D64/><U17/><E17/><V121/><F135/><W93/><G37/><T39/><D39/><U113/><E113/><V23/><F23/><N who="3" m="11775" /><G36/><T1/><D1/><U44/><E91/><V43/><F123/><W109/><G109/><N who="2" m="42089" /><F121/><W55/><G80/><N who="0" m="30827" /><D35/><N who="2" m="13386" /><F49/><W120/><G120/><T112/><D112/><U99/><E106/><V124/><F124/><W5/><G5/><T65/><D65/><U60/><E60/><V92/><F92/><W126/><G126/><T71/><D71/><U67/><E67/><V57/><F57/><N who="3" m="35007" /><G62/><N who="0" m="36103" /><D118/><U63/><E63/><V111/><N who="2" m="42097" /><V85/><AGARI ba="0,0" hai="6,11,12,42,43,79,83,85" m="13386,42097" machi="85" ten="50,12000,1" yaku="4,1,14,1,10,1,52,1" doraHai="72" who="2" fromWho="2" sc="224,-40,217,-40,329,120,230,-40" /><INIT seed="2,1,0,3,1,32" ten="184,177,449,190" oya="2" hai0="107,75,82,92,17,47,44,37,36,115,81,129,50" hai1="73,124,123,108,43,35,1,102,40,41,101,59,18" hai2="56,45,33,13,116,60,113,11,119,118,121,126,79" hai3="23,86,87,65,130,28,46,134,71,39,5,67,72"/><V93/><F121/><W2/><G72/><T94/><D107/><U62/><E35/><V7/><F113/><W51/><G39/><T24/><D115/><U88/><E123/><V106/><F106/><W54/><G134/><T91/><D129/><U85/><E73/><V135/><F135/><W80/><G130/><T9/><D94/><U57/><E108/><V12/><F126/><W58/><G71/><T74/><D74/><U34/><E34/><V78/><F33/><W53/><G87/><T90/><D90/><U15/><E1/><V8/><F45/><W31/><G5/><T61/><D61/><U42/><N who="1" m="10240" /><DORA hai="104" /><U120/><E124/><V128/><F93/><W21/><G2/><T27/><D75/><U114/><E114/><V95/><F95/><W77/><G23/><T22/><D9/><N who="1" m="6511" /><E120/><V19/><REACH who="2" step="1"/><F128/><REACH who="2" ten="184,177,439,190" step="2"/><W96/><G96/><T110/><D36/><U29/><E29/><V125/><F125/><W52/><G31/><T49/><D37/><U63/><E101/><V89/><F89/><W3/><G28/><T111/><D91/><U112/><E102/><V97/><F97/><W68/><G46/><T55/><D92/><N who="1" m="54287" /><E112/><V100/><F100/><W109/><G109/><T30/><D30/><U64/><E64/><AGARI ba="1,1" hai="7,8,11,12,13,19,56,60,64,78,79,116,118,119" machi="64" ten="40,2000,0" yaku="1,1,53,0" doraHai="32,104" doraHaiUra="131,76" who="2" fromWho="1" sc="184,0,177,-23,439,33,190,0" /><INIT seed="2,2,0,2,4,79" ten="184,154,472,190" oya="2" hai0="126,124,92,85,5,65,102,7,134,67,84,95,0" hai1="99,68,66,125,69,55,36,109,61,129,106,44,41" hai2="103,110,62,45,54,96,70,113,30,53,91,117,59" hai3="76,114,107,11,88,23,50,2,90,4,17,60,100"/><V35/><F113/><W42/><G114/><T127/><D134/><U86/><E109/><V43/><F117/><W15/><G107/><T78/><D78/><U97/><E129/><V37/><F91/><W25/><G100/><T82/><D102/><U112/><E112/><V122/><F110/><W115/><G115/><T31/><D31/><U9/><E125/><V119/><F119/><W34/><G60/><T46/><D46/><U118/><E118/><V26/><F122/><W8/><G76/><T130/><D130/><U81/><E69/><V51/><F70/><W3/><G3/><T131/><D131/><U21/><E106/><V18/><F18/><W77/><G34/><T89/><D85/><U58/><E21/><V94/><REACH who="2" step="1"/><F37/><REACH who="2" ten="184,154,462,190" step="2"/><W39/><G39/><T98/><D89/><N who="1" m="51407" /><E9/><V27/><F27/><W14/><G25/><T12/><D124/><U111/><E111/><V52/><AGARI ba="2,1" hai="26,30,35,43,45,51,52,53,54,59,62,94,96,103" machi="52" ten="20,7800,0" yaku="1,1,0,1,7,1,54,1,53,0" doraHai="79" doraHaiUra="75" who="2" fromWho="2" sc="184,-28,154,-28,462,94,190,-28" /><INIT seed="2,3,0,1,1,50" ten="156,126,556,162" oya="2" hai0="103,122,54,59,108,32,133,14,37,135,80,97,81" hai1="62,64,49,93,4,56,110,68,46,71,116,90,76" hai2="113,112,34,5,83,117,63,98,19,3,109,8,104" hai3="101,107,132,58,39,31,111,30,84,69,67,73,124"/><V9/><F83/><W51/><G39/><T86/><D122/><U53/><E116/><V16/><F104/><W6/><G73/><T15/><D37/><U12/><E76/><V65/><F98/><W55/><G111/><T42/><D42/><U89/><E110/><V10/><F109/><W85/><G132/><N who="0" m="50763" /><D32/><U88/><REACH who="1" step="1"/><E93/><REACH who="1" ten="156,116,556,162" step="2"/><V131/><F117/><W22/><G107/><N who="0" m="63983" /><D108/><U48/><E48/><V128/><F34/><W2/><G51/><N who="0" m="31199" /><D81/><U57/><E57/><N who="2" m="37103" /><F113/><W74/><G58/><T129/><D129/><N who="2" m="49738" /><F112/><W29/><G69/><T66/><D66/><U25/><E25/><V7/><F9/><AGARI ba="3,1" hai="4,9,12,46,49,53,56,62,64,68,71,88,89,90" machi="9" ten="40,5200,0" yaku="1,1,52,1,54,1,53,0" doraHai="50" doraHaiUra="20" who="1" fromWho="2" sc="156,0,116,71,556,-61,162,0" /><INIT seed="3,0,0,1,5,4" ten="156,187,495,162" oya="3" hai0="1,90,58,96,83,71,11,8,94,79,114,2,69" hai1="99,73,121,47,22,24,59,37,102,76,84,41,62" hai2="25,87,129,124,27,113,92,32,107,61,130,34,30" hai3="0,43,98,7,89,103,97,44,45,75,36,125,112"/><W120/><G112/><T60/><D114/><U74/><E121/><V33/><F107/><W10/><G120/><T66/><D2/><U31/><E84/><V78/><F113/><W53/><G75/><T29/><D29/><U21/><E21/><V135/><F135/><W56/><G125/><T13/><D1/><U50/><E76/><V101/><F124/><W105/><G45/><T81/><D81/><U122/><E37/><V35/><F27/><W100/><G89/><T42/><D42/><U63/><E63/><V55/><F78/><W23/><G23/><T88/><D90/><U93/><E122/><V133/><F133/><W17/><G17/><T91/><D91/><U57/><E57/><N who="2" m="35007" /><F87/><W48/><REACH who="3" step="1"/><G105/><REACH who="3" ten="156,187,495,152" step="2"/><T12/><D11/><U64/><AGARI ba="0,1" hai="22,24,31,41,47,50,59,62,64,73,74,93,99,102" machi="64" ten="20,5200,0" yaku="0,1,7,1,25,2" doraHai="4" who="1" fromWho="1" sc="156,-13,187,62,495,-13,152,-26" owari="143,-25.7,249,4.9,482,58.2,126,-37.4" /></mjloggm>