<mjloggm ver="2.3"><GO type="225" lobby="0"/><UN n0="%E3%82%B7%E3%83%A5%E3%83%9E%E3%82%A4%E3%82%B1%E3%83%AB" n1="%E3%81%A4%E3%81%A3%E3%81%B1%E3%82%8A%E3%83%9D%E3%83%BC%E3%83%AB" n2="%E3%83%81%E3%83%AF%E3%83%AF%E9%9A%8A%E9%95%B7" n3="%E3%82%A2%E3%83%A1%E3%82%A2%E3%83%A9%E3%83%AC" dan="16,17,17,16" rate="2148.63,2176.01,2190.22,2176.74" sx="M,M,M,M"/><TAIKYOKU oya="0"/><INIT seed="0,0,0,5,1,16" ten="250,250,250,250" oya="0" hai0="80,87,1,65,24,75,126,103,5,114,97,71,13" hai1="115,35,20,108,23,81,120,18,73,21,36,99,34" hai2="0,122,57,109,22,83,46,134,61,43,55,121,40" hai3="131,69,111,113,77,72,79,78,10,49,66,107,88"/><T15/><D114/><U62/><E120/><V42/><F0/><W76/><G113/><T37/><D37/><U9/><E115/><V63/><F109/><W19/><G111/><T32/><D75/><U26/><E36/><V84/><F134/><W110/><G107/><T93/><D126/><U30/><E108/><V44/><F63/><W89/><G131/><T11/><D71/><U25/><E99/><V96/><F96/><W52/><G110/><T105/><D65/><U45/><E45/><V53/><F122/><W86/><G72/><T128/><D105/><U8/><E62/><V132/><F121/><W38/><G38/><T41/><D41/><U48/><E48/><N who="2" m="28807" /><F132/><W95/><G66/><T85/><D85/><U117/><E81/><V70/><F70/><W51/><G51/><T17/><D128/><U14/><E73/><V4/><F4/><W47/><G69/><T59/><D59/><U50/><E50/><N who="2" m="26951" /><F22/><N who="1" m="8809" /><E117/><V58/><F58/><W91/><N who="3" m="19456" /><DORA hai="74" /><W67/><REACH who="3" step="1"/><G67/><REACH who="3" ten="250,250,250,240" step="2"/><T98/><D32/><N who="1" m="12331" /><E26/><V119/><F119/><W29/><G29/><T33/><D33/><AGARI ba="0,1" hai="8,9,14,18,23,25,30,33" m="12331,8809" machi="33" ten="30,16000,3" yaku="35,5,52,4" doraHai="16,74" who="1" fromWho="0" sc="250,-160,250,170,250,0,240,0" /><INIT seed="1,0,0,2,0,103" ten="90,420,250,240" oya="1" hai0="109,35,111,81,126,20,117,41,91,97,58,36,72" hai1="43,1,116,84,40,96,56,34,104,30,65,118,31" hai2="77,134,14,71,92,93,13,55,127,49,79,47,44" hai3="110,133,3,15,22,7,68,48,132,125,122,50,45"/><U12/><E1/><V42/><F71/><W53/><G122/><T6/><D35/><U46/><E12/><N who="2" m="4715" /><F127/><W82/><G110/><T78/><D117/><U18/><E18/><V51/><F134/><N who="3" m="51819" /><G68/><T19/><D126/><U8/><E8/><V23/><F23/><W64/><G64/><T2/><D58/><U39/><E40/><V83/><F83/><W75/><G3/><T9/><D91/><U119/><E34/><V87/><F87/><W60/><G60/><T10/><D10/><U114/><E114/><V113/><F113/><W106/><G50/><T28/><D28/><U88/><E104/><V26/><F26/><W123/><G123/><T57/><D57/><U63/><REACH who="1" step="1"/><E96/><REACH who="1" ten="90,410,250,240" step="2"/><V74/><F42/><W66/><G106/><T128/><D97/><U98/><E98/><V52/><F74/><W33/><G33/><T85/><D85/><U27/><E27/><V0/><F0/><W107/><G107/><T108/><D128/><U90/><E90/><V120/><F120/><W95/><G75/><T17/><REACH who="0" step="1"/><D20/><REACH who="0" ten="80,410,250,240" step="2"/><U24/><E24/><V131/><F131/><W4/><G22/><T32/><D32/><U112/><E112/><V37/><F77/><W130/><G130/><T99/><D99/><U70/><E70/><V16/><F79/><W25/><G125/><T54/><D54/><U67/><E67/><V115/><F55/><W121/><G66/><T94/><D94/><AGARI ba="0,2" hai="30,31,39,43,46,56,63,65,84,88,94,116,118,119" machi="94" ten="40,3900,0" yaku="1,1,54,1,53,0" doraHai="103" doraHaiUra="102" who="1" fromWho="0" sc="80,-39,410,59,250,0,240,0" /><INIT seed="1,1,0,5,0,26" ten="41,469,250,240" oya="1" hai0="18,86,78,110,119,72,124,96,135,8,99,117,104" hai1="5,114,101,128,41,3,56,84,118,94,33,88,80" hai2="17,35,22,44,65,98,38,59,47,36,75,14,28" hai3="127,74,100,66,64,87,71,97,123,16,130,12,25"/><U19/><E114/><V106/><F75/><W122/><G74/><T85/><D18/><U133/><E118/><V42/><F65/><W6/><G130/><T108/><D8/><U89/><E33/><V111/><F111/><W43/><G127/><T92/><D72/><U40/><E128/><V63/><F106/><W73/><G73/><T24/><D24/><U81/><E133/><V76/><F76/><W121/><G71/><T105/><D92/><U116/><E116/><V126/><F98/><W77/><G43/><T91/><D91/><U29/><E29/><V95/><F95/><W52/><G6/><T1/><D1/><U0/><E5/><V55/><F126/><W50/><G25/><T82/><D82/><U15/><E56/><V60/><F35/><W39/><G39/><T51/><D51/><U34/><E34/><V120/><F120/><W9/><G87/><T102/><D102/><U129/><E129/><V11/><F63/><W21/><G9/><T58/><D58/><U37/><E37/><V90/><F38/><W83/><G83/><T30/><D30/><U70/><E70/><V115/><F36/><W107/><REACH who="3" step="1"/><G77/><REACH who="3" ten="41,469,250,230" step="2"/><T103/><D78/><N who="1" m="46103" /><E81/><V109/><F115/><W45/><AGARI ba="1,1" hai="12,16,21,45,50,52,64,66,97,100,107,121,122,123" machi="45" ten="30,7900,0" yaku="1,1,0,1,54,2,53,0" doraHai="26" doraHaiUra="31" who="3" fromWho="3" sc="41,-21,469,-40,250,-21,230,92" /><INIT seed="2,0,0,4,3,24" ten="20,429,229,322" oya="2" hai0="55,115,132,66,119,106,89,57,64,69,104,49,124" hai1="87,45,108,27,31,13,95,56,4,128,114,111,70" hai2="94,97,112,23,61,25,100,32,33,83,82,126,11" hai3="75,135,117,90,127,22,92,103,3,130,37,62,77"/><V85/><F112/><W52/><G37/><T48/><D89/><N who="1" m="53695" /><E70/><V40/><F126/><W121/><G3/><T120/><D106/><U105/><E105/><V81/><F40/><W88/><G117/><T110/><D104/><U109/><E114/><V129/><F129/><W43/><G121/><T0/><D0/><U107/><E107/><V51/><F85/><W125/><G43/><T80/><D80/><U76/><E76/><V67/><F51/><W68/><G135/><T74/><D74/><U79/><E79/><V59/><REACH who="2" step="1"/><F11/><REACH who="2" ten="20,429,219,322" step="2"/><W96/><G130/><T6/><D115/><U72/><E128/><V47/><F47/><W20/><G125/><T99/><D99/><U1/><E45/><V30/><AGARI ba="0,1" hai="23,25,30,32,33,59,61,67,81,82,83,94,97,100" machi="30" ten="30,12000,1" yaku="1,1,0,1,25,2,52,1,53,0" doraHai="24" doraHaiUra="134" who="2" fromWho="2" sc="20,-40,429,-40,219,130,322,-40" owari="-20,-52.0,389,48.9,349,14.9,282,-11.8" /></mjloggm>