<mjloggm ver="2.3"><GO type="225" lobby="0"/><UN n0="%E3%81%8B%E3%82%8F%E3%81%A1%E3%82%83%E3%82%93%35%38" n1="%E3%81%9F%E3%81%8C%E3%82%84%E3%81%99" n2="%E7%99%BD%E9%9B%AA%E4%B9%83%E6%84%9B" n3="%E3%83%88%E3%83%A9%E3%83%9E%E3%83%AB" dan="17,16,16,16" rate="2130.68,2173.06,2058.20,2072.33" sx="M,M,F,M"/><TAIKYOKU oya="0"/><INIT seed="0,0,0,3,1,14" ten="250,250,250,250" oya="0" hai0="57,107,71,35,119,85,125,91,86,30,64,60,47" hai1="129,18,131,92,12,122,33,128,70,52,98,25,61" hai2="97,88,127,116,22,78,15,103,96,115,0,2,36" hai3="21,23,117,100,38,55,93,54,102,120,76,58,62"/><T16/><D119/><U80/><E80/><V19/><F115/><W84/><G117/><T73/><D73/><U9/><E122/><V94/><F116/><W81/><G38/><T20/><D107/><U17/><E70/><V99/><F36/><W46/><G120/><T63/><D125/><U13/><E25/><V40/><F40/><W83/><G83/><T5/><D5/><U72/><E33/><V11/><F127/><W106/><G106/><T65/><D47/><U4/><E72/><V50/><F78/><W79/><G79/><T51/><D51/><U113/><E113/><V133/><F133/><W32/><G32/><T8/><D8/><U130/><N who="1" m="32768" /><DORA hai="41" /><U48/><E61/><V37/><F37/><W31/><G93/><T67/><D67/><U89/><E13/><V134/><F134/><W104/><G104/><T68/><D57/><AGARI ba="0,0" hai="4,9,12,17,18,48,52,57,89,92,98" m="32768" machi="57" ten="70,8000,1" yaku="19,1,52,2,54,1" doraHai="14,41" who="1" fromWho="0" sc="250,-80,250,80,250,0,250,0" /><INIT seed="1,0,0,4,4,65" ten="170,330,250,250" oya="1" hai0="23,103,116,106,2,96,3,72,95,119,13,21,91" hai1="135,112,84,34,58,56,19,70,35,122,51,6,110" hai2="105,93,94,47,123,74,98,5,109,12,41,120,61" hai3="75,114,16,22,29,133,78,97,69,48,14,125,8"/><U4/><E84/><V111/><F74/><W76/><G114/><T86/><D23/><U31/><E51/><N who="2" m="27119" /><F105/><W32/><G32/><T38/><D38/><U126/><E19/><V30/><F30/><W121/><G121/><T104/><D104/><U1/><E31/><V0/><F0/><W54/><G125/><T26/><D13/><U118/><E1/><V25/><F25/><W101/><G133/><T107/><D107/><U45/><E45/><V90/><F61/><W102/><G102/><T88/><D72/><U27/><E27/><V62/><F62/><W117/><G75/><T79/><D79/><U44/><E44/><V77/><F77/><W100/><G100/><T71/><D71/><U132/><E112/><V18/><F93/><W85/><G69/><T46/><D46/><U89/><E89/><V131/><F131/><W64/><G85/><T7/><D91/><U113/><E113/><V53/><F53/><W99/><G64/><T20/><D20/><U128/><E70/><V67/><F67/><W134/><G99/><T50/><D50/><U87/><E87/><V52/><F52/><W83/><G83/><T129/><D129/><U15/><E128/><V115/><F115/><W36/><G36/><T130/><D130/><U68/><E68/><V60/><F60/><W17/><G29/><N who="0" m="17615" /><D2/><U37/><E37/><V43/><F43/><W10/><G78/><T24/><D24/><U9/><E135/><V39/><F39/><W108/><G76/><T28/><D28/><U124/><E132/><V63/><F63/><W73/><G134/><T59/><D59/><RYUUKYOKU ba="0,0" sc="170,30,330,-10,250,-10,250,-10" hai0="3,7,86,88,95,96,103,106,116,119" /><INIT seed="2,1,0,4,0,71" ten="200,320,240,240" oya="2" hai0="103,41,54,106,56,50,120,51,97,47,107,37,48" hai1="15,98,109,10,74,134,94,69,70,43,105,93,22" hai2="64,27,13,129,59,52,58,123,7,61,111,36,33" hai3="82,77,83,116,81,89,12,104,126,3,118,60,17"/><V40/><F123/><W1/><G104/><T5/><D120/><U4/><E105/><V131/><F111/><W57/><G126/><T2/><REACH who="0" step="1"/><D106/><REACH who="0" ten="190,320,240,240" step="2"/><U0/><E109/><V87/><F87/><W125/><G125/><T6/><D6/><U24/><E4/><V92/><F7/><W34/><G118/><T72/><D72/><U62/><E74/><V35/><F92/><W80/><G116/><T102/><D102/><U46/><E94/><V25/><F35/><W117/><G117/><T8/><AGARI ba="1,1" hai="2,5,8,37,41,47,48,50,51,54,56,97,103,107" machi="8" ten="30,4000,0" yaku="1,1,0,1,52,1,53,0" doraHai="71" doraHaiUra="11" who="0" fromWho="0" sc="190,53,320,-11,240,-21,240,-11" /><INIT seed="3,0,0,3,4,57" ten="243,309,219,229" oya="3" hai0="51,19,40,13,56,118,12,71,1,62,45,109,102" hai1="94,104,127,96,50,52,65,5,47,132,125,48,101" hai2="98,97,17,135,106,61,2,123,134,8,44,119,10" hai3="69,88,42,22,74,91,73,20,78,120,58,83,29"/><W84/><G69/><T107/><D118/><U68/><E5/><V108/><F119/><W117/><G117/><T111/><D1/><U11/><E11/><N who="2" m="4139" /><F2/><W6/><G6/><T79/><D71/><U114/><E114/><V36/><F106/><W86/><G120/><T0/><D0/><U53/><E132/><N who="2" m="50731" /><F108/><N who="0" m="41546" /><D79/><U128/><E128/><V67/><F17/><W75/><G42/><T90/><D90/><U25/><E25/><V80/><F80/><W116/><G116/><T28/><D28/><U41/><E104/><V92/><F92/><W87/><G87/><T89/><D89/><U121/><E121/><V60/><F123/><W131/><G131/><T18/><D18/><U14/><E14/><V126/><F126/><N who="1" m="48137" /><E50/><V103/><F103/><W43/><G78/><T21/><D12/><U27/><E27/><V112/><F112/><W9/><G29/><T33/><D107/><U93/><E93/><V115/><F115/><W23/><G9/><T55/><D102/><U30/><E30/><V46/><F36/><W110/><G110/><T54/><D33/><U49/><E49/><V4/><F4/><W39/><G39/><T124/><D124/><U82/><E82/><V34/><F34/><W130/><G130/><T26/><D26/><U63/><AGARI ba="0,0" hai="41,47,48,52,53,63,65,68,94,96,101" m="48137" machi="63" ten="30,4000,0" yaku="18,1,52,1,54,1" doraHai="57" who="1" fromWho="1" sc="243,-10,309,40,219,-10,229,-20" owari="233,3.3,349,44.9,209,-19.1,209,-29.1" /></mjloggm>