<mjloggm ver="2.3"><GO type="225" lobby="0"/><UN n0="%E3%81%82%E3%82%93%E3%81%AA%E3%81%A4" n1="%6D%75%75%6D%75%72%61" n2="%E3%83%A1%E3%82%AC%E3%83%87%E3%82%B8" n3="%E3%81%8F%E3%82%8A%E3%83%94%E3%83%BC" dan="16,16,16,16" rate="2141.20,2152.87,2099.29,2094.96" sx="M,F,F,M"/><TAIKYOKU oya="0"/><INIT seed="0,0,0,4,0,12" ten="250,250,250,250" oya="0" hai0="33,132,40,39,60,47,93,6,91,102,1,42,21" hai1="66,22,84,27,74,35,31,90,5,13,94,80,71" hai2="50,112,78,118,43,114,130,4,83,68,86,120,0" hai3="109,72,75,115,56,127,41,134,125,54,19,82,123"/><T29/><BYE who="2" /><D33/><UN n2="%E3%83%A1%E3%82%AC%E3%83%87%E3%82%B8" /><U122/><E122/><V124/><F120/><W95/><G115/><T14/><D132/><U2/><E71/><V77/><F68/><W100/><G123/><T69/><D42/><U105/><E105/><V76/><F124/><N who="3" m="47691" /><G134/><T70/><D102/><U36/><E36/><V16/><F0/><W44/><G109/><T63/><D1/><U126/><E126/><V52/><F4/><W129/><G82/><T25/><D69/><U133/><E133/><V110/><F110/><W23/><G129/><T49/><D39/><U92/><E66/><V81/><F43/><W135/><G135/><T17/><D70/><U10/><REACH who="1" step="1"/><E74/><REACH who="1" ten="250,240,250,250" step="2"/><V108/><F108/><W7/><G75/><T65/><D65/><U55/><E55/><V59/><F130/><W8/><G72/><T96/><REACH who="0" step="1"/><D6/><REACH who="0" ten="240,240,250,250" step="2"/><U107/><E107/><V131/><F131/><W64/><G7/><T101/><D101/><U30/><E30/><V119/><F114/><W67/><G100/><T15/><D15/><U38/><E38/><V37/><F37/><W53/><G67/><T51/><D51/><U24/><E24/><V87/><F112/><W18/><G64/><T128/><D128/><U97/><E97/><V61/><F50/><W45/><G41/><T46/><D46/><U103/><E103/><V116/><F77/><W98/><G45/><T99/><D99/><U121/><E121/><V48/><F48/><W79/><G44/><T57/><D57/><U111/><E111/><V62/><F62/><W58/><G58/><T88/><D88/><U73/><E73/><V89/><F89/><RYUUKYOKU ba="0,2" sc="240,10,240,10,250,10,250,-30" hai0="14,17,21,25,29,40,47,49,60,63,91,93,96" hai1="2,5,10,13,22,27,31,35,80,84,90,92,94" hai2="16,52,59,61,76,78,81,83,86,87,116,118,119" /><INIT seed="0,1,2,1,2,100" ten="250,250,260,220" oya="0" hai0="4,66,108,84,80,58,31,54,98,60,49,35,43" hai1="79,25,10,94,83,9,121,128,51,114,91,126,71" hai2="81,129,33,36,12,0,40,72,5,90,61,28,50" hai3="131,75,11,22,23,14,34,32,120,15,74,2,37"/><T77/><D108/><U88/><E121/><V16/><F129/><W52/><G37/><T132/><D132/><U99/><E128/><V130/><F130/><W122/><G131/><T55/><D4/><U104/><E71/><V111/><F36/><W6/><G52/><N who="0" m="20011" /><D35/><N who="3" m="13353" /><G75/><T112/><D112/><U13/><E104/><V18/><F61/><W110/><G74/><T124/><D124/><U115/><E126/><V1/><F111/><W118/><G118/><T62/><D62/><U82/><E51/><V56/><F56/><W57/><G57/><T76/><D98/><U69/><E69/><V133/><F133/><W109/><G109/><T26/><D26/><U86/><E25/><V103/><F33/><W7/><G110/><T46/><D31/><U38/><E38/><V123/><F28/><W95/><G95/><T87/><D87/><N who="1" m="48607" /><E13/><N who="3" m="4618" /><G6/><T63/><D63/><U24/><E24/><V93/><F5/><W119/><G119/><T59/><D59/><U45/><E45/><V64/><F123/><AGARI ba="1,2" hai="2,7,11,22,23,120,122,123" m="4618,13353" machi="123" ten="30,3900,0" yaku="13,1,34,2" doraHai="100" who="3" fromWho="2" sc="250,0,250,0,260,-42,220,62" /><INIT seed="1,0,0,1,3,7" ten="250,250,218,282" oya="1" hai0="42,48,95,104,75,80,70,41,4,65,15,85,28" hai1="37,90,101,134,59,99,105,31,53,38,71,9,131" hai2="108,96,51,129,54,115,135,35,26,11,89,66,44" hai3="30,68,39,12,3,126,82,33,21,32,52,117,17"/><U120/><E120/><V22/><F108/><W13/><G3/><T36/><D104/><U60/><E131/><V72/><F129/><W67/><G39/><T92/><D36/><U91/><E134/><V79/><F135/><W118/><G126/><T5/><D75/><U34/><E71/><V27/><F115/><W100/><G100/><T18/><D28/><U23/><E34/><V14/><F66/><W103/><G103/><T78/><D65/><U97/><E38/><V8/><F14/><W40/><G40/><N who="0" m="15467" /><D48/><U29/><E37/><V93/><F35/><W24/><G82/><T55/><D55/><U130/><E130/><V109/><F109/><W19/><G33/><T121/><D70/><U81/><E81/><V10/><REACH who="2" step="1"/><F22/><REACH who="2" ten="250,250,208,282" step="2"/><W102/><G67/><T45/><D121/><U83/><E23/><V124/><F124/><W49/><G21/><N who="0" m="11487" /><D45/><U16/><E31/><V47/><F47/><W84/><G84/><BYE who="3" /><UN n3="%E3%81%8F%E3%82%8A%E3%83%94%E3%83%BC" /><T56/><D56/><U50/><E29/><V77/><F77/><W46/><G32/><T110/><D110/><U2/><E2/><V94/><F94/><AGARI ba="0,1" hai="4,5,78,80,85,92,94,95" m="11487,15467" machi="94" ten="30,1000,0" yaku="8,1" doraHai="7" who="0" fromWho="2" sc="250,20,250,0,208,-10,282,0" /><INIT seed="2,0,0,5,1,53" ten="270,250,198,282" oya="2" hai0="8,123,76,95,13,94,25,55,42,110,46,5,61" hai1="99,9,56,77,75,111,78,50,73,122,92,10,103" hai2="16,130,135,27,88,35,40,68,131,74,17,48,120" hai3="65,101,4,100,72,132,49,34,87,107,38,128,70"/><V7/><F120/><W0/><G72/><T112/><D123/><U83/><E122/><V54/><F74/><W31/><G38/><T85/><D112/><U125/><E111/><V71/><F40/><W66/><G87/><T82/><D110/><U118/><E125/><V81/><F7/><W63/><G66/><T80/><D80/><U114/><E114/><V106/><F106/><W39/><G101/><T129/><D25/><U32/><E32/><V33/><F135/><W62/><G62/><T3/><D3/><U52/><E118/><V44/><F71/><W47/><G49/><T67/><D55/><U2/><E2/><V134/><F68/><W14/><G14/><T21/><D21/><U105/><E105/><V19/><F134/><W91/><G128/><N who="2" m="49193" /><F27/><W133/><G91/><T45/><D129/><U117/><E117/><V29/><F29/><W104/><G104/><T119/><D46/><U22/><E22/><V20/><F20/><W121/><G121/><T18/><D18/><N who="2" m="4610" /><V43/><DORA hai="1" /><F43/><N who="3" m="23039" /><G31/><T6/><D119/><U51/><E51/><V96/><F96/><N who="3" m="61831" /><G34/><T12/><D42/><U24/><E24/><V102/><F102/><W108/><G108/><T58/><D5/><U86/><E86/><AGARI ba="0,0" hai="33,35,44,48,54,81,86,88" m="4610,49193" machi="86" ten="40,7700,0" yaku="19,1,54,2" doraHai="53,1" who="2" fromWho="1" sc="270,0,250,-77,198,77,282,0" /><INIT seed="2,1,0,2,4,115" ten="270,173,275,282" oya="2" hai0="27,15,25,124,70,105,127,59,55,17,87,132,111" hai1="4,30,102,89,32,129,78,117,92,106,16,74,103" hai2="40,11,131,66,13,3,123,80,91,90,84,45,75" hai3="97,130,23,6,112,8,134,7,34,77,122,88,116"/><V101/><F123/><W9/><G122/><T58/><D70/><U35/><E129/><V126/><F131/><W83/><G34/><T109/><D105/><U2/><E106/><V85/><F75/><W118/><G130/><T43/><D43/><U125/><E125/><N who="0" m="48201" /><D87/><U38/><E38/><V36/><F126/><W119/><G134/><T79/><D79/><U1/><E117/><V22/><F101/><W61/><G61/><N who="0" m="36063" /><D59/><U29/><E78/><V99/><F99/><W114/><G23/><N who="0" m="11711" /><D132/><U133/><E133/><V82/><F66/><W69/><G69/><T48/><D48/><U60/><E60/><V113/><F113/><N who="3" m="43627" /><G88/><T26/><AGARI ba="1,0" hai="25,26,27,109,111" m="11711,36063,48201" machi="26" ten="40,1500,0" yaku="18,1" doraHai="115" who="0" fromWho="0" sc="270,18,173,-5,275,-8,282,-5" /><INIT seed="3,0,0,2,5,45" ten="288,168,267,277" oya="3" hai0="32,126,47,135,40,75,104,102,125,11,64,0,13" hai1="10,89,72,42,3,2,93,18,130,39,37,107,94" hai2="14,91,55,23,123,48,79,85,73,121,35,127,120" hai3="133,68,26,78,36,57,95,83,81,50,114,21,25"/><W59/><G68/><T70/><D32/><U113/><E107/><V92/><F35/><W62/><G36/><N who="0" m="21895" /><D13/><U66/><E113/><V46/><F127/><W103/><G133/><T53/><D53/><U116/><E72/><V60/><F60/><W1/><G1/><T16/><D75/><U105/><E105/><V129/><F129/><W52/><G114/><T131/><D102/><U24/><E130/><V87/><F73/><W134/><G134/><T12/><D0/><U77/><E77/><V119/><F119/><W43/><G43/><T106/><D131/><U84/><E116/><V28/><F14/><W56/><G56/><T63/><D135/><U33/><E66/><V96/><REACH who="2" step="1"/><F79/><REACH who="2" ten="288,168,257,277" step="2"/><W17/><G78/><T22/><D22/><U117/><E117/><V51/><F51/><W112/><G26/><AGARI ba="0,1" hai="23,26,28,46,48,55,85,87,91,92,96,120,121,123" machi="26" ten="40,5200,0" yaku="1,1,13,1,52,1,53,0" doraHai="45" doraHaiUra="29" who="2" fromWho="3" sc="288,0,168,0,257,62,277,-52" owari="288,8.8,168,-33.2,319,41.9,225,-17.5" /></mjloggm>