<mjloggm ver="2.3"><GO type="225" lobby="0"/><UN n0="%43%68%65" n1="%E5%A4%96%E5%B7%9D%E7%AB%9C%E6%88%90" n2="%6D%75%75%6D%75%72%61" n3="%E3%83%A9%E3%83%96%E3%83%AC%E3%83%BC" dan="16,16,16,18" rate="2116.00,2090.13,2157.33,2273.01" sx="M,M,F,M"/><TAIKYOKU oya="0"/><INIT seed="0,0,0,2,5,9" ten="250,250,250,250" oya="0" hai0="50,37,26,104,13,129,59,97,134,39,73,33,100" hai1="95,133,127,32,44,106,6,125,88,61,43,29,28" hai2="92,117,55,10,122,119,11,96,68,84,118,69,70" hai3="38,78,94,5,25,71,79,98,27,24,65,17,8"/><T101/><D73/><U14/><E14/><V64/><F64/><W49/><G38/><T130/><D101/><U16/><E106/><V2/><F122/><W132/><G132/><T109/><D134/><U85/><E133/><V62/><F84/><W76/><G71/><T54/><D109/><U108/><E108/><V120/><F120/><W53/><G65/><T135/><D135/><U63/><E6/><V66/><F55/><W35/><G17/><T4/><D4/><U41/><E16/><V36/><F36/><W20/><G20/><T126/><D126/><N who="1" m="48139" /><E41/><V81/><F81/><W74/><G74/><T112/><D13/><U3/><E3/><V34/><F34/><W47/><G35/><T116/><D116/><U7/><E7/><N who="2" m="1399" /><F11/><W75/><G75/><T93/><D104/><U110/><E110/><V103/><AGARI ba="0,0" hai="62,66,68,69,70,92,96,103,117,118,119" m="1399" machi="103" ten="30,1100,0" yaku="12,1" doraHai="9" who="2" fromWho="2" sc="250,-5,250,-3,250,11,250,-3" /><INIT seed="1,0,0,0,0,29" ten="245,247,261,247" oya="1" hai0="92,85,130,37,128,42,83,77,82,89,39,5,11" hai1="94,7,123,107,93,116,14,12,61,111,20,66,104" hai2="33,15,28,118,4,18,119,51,58,72,53,35,120" hai3="63,75,65,88,44,133,108,22,99,54,78,40,45"/><U124/><E116/><V8/><F120/><W67/><G108/><T31/><D31/><U95/><E123/><V38/><F72/><W0/><G0/><T70/><D70/><U62/><E111/><V34/><F28/><W41/><G78/><T10/><D83/><U57/><E124/><V105/><F38/><W113/><G75/><T3/><D11/><U103/><E103/><V59/><F105/><W55/><G113/><T101/><D101/><U86/><E86/><V36/><F36/><W71/><G22/><T13/><D13/><U109/><E109/><V81/><F81/><W6/><G6/><T43/><D39/><U30/><E61/><V96/><F96/><W50/><G133/><T27/><D27/><U131/><E131/><N who="0" m="50217" /><D37/><U60/><E60/><V115/><F115/><W80/><G80/><T134/><D134/><U74/><E74/><AGARI ba="0,0" hai="3,5,10,42,43,74,77,82,85,89,92" m="50217" machi="74" ten="30,1000,0" yaku="19,1" doraHai="29" who="0" fromWho="1" sc="245,10,247,-10,261,0,247,0" /><INIT seed="2,0,0,3,3,103" ten="255,237,261,247" oya="2" hai0="115,73,44,113,89,90,34,70,47,106,45,114,109" hai1="80,61,87,78,7,30,127,71,62,36,117,111,33" hai2="81,8,134,129,96,0,19,132,83,16,86,97,91" hai3="20,108,72,32,116,84,27,85,48,43,126,102,120"/><V10/><F129/><W133/><G32/><T14/><D34/><U35/><E117/><V74/><F74/><W23/><G120/><T69/><D73/><U37/><E111/><V64/><F64/><W41/><G108/><T51/><D109/><U22/><E127/><V55/><F55/><W1/><G72/><T9/><D51/><U6/><E22/><V82/><F86/><W21/><G1/><T79/><D79/><U31/><E87/><V50/><F50/><W56/><G133/><N who="2" m="51305" /><F0/><W105/><G126/><T110/><D110/><U52/><E52/><V130/><F91/><W93/><G56/><T121/><D121/><U107/><E80/><V15/><F130/><W92/><G48/><T94/><D90/><U123/><E123/><V29/><F29/><W46/><G116/><T4/><REACH who="0" step="1"/><D106/><REACH who="0" ten="245,237,261,247" step="2"/><U104/><REACH who="1" step="1"/><E78/><REACH who="1" ten="245,227,261,247" step="2"/><V59/><F82/><W128/><G128/><T63/><D63/><U101/><E101/><V65/><F81/><W53/><G102/><T24/><D24/><U26/><E26/><V135/><F83/><W131/><G27/><T25/><D25/><U39/><E39/><V68/><F135/><W77/><G131/><T125/><D125/><U58/><E58/><V76/><F59/><W122/><G77/><T88/><D88/><U3/><E3/><V99/><F76/><W11/><G122/><T75/><D75/><U42/><E42/><V119/><F119/><W17/><G43/><T18/><D18/><U49/><E49/><V13/><F68/><AGARI ba="0,2" hai="6,7,30,31,33,35,36,37,61,62,68,71,104,107" machi="68" ten="25,8000,1" yaku="1,1,22,2,52,2,53,0" doraHai="103" doraHaiUra="38" who="1" fromWho="2" sc="245,0,227,100,261,-80,247,0" /><INIT seed="3,0,0,3,5,12" ten="245,327,181,247" oya="3" hai0="6,132,28,22,97,2,108,51,54,83,129,26,111" hai1="85,126,49,98,63,103,58,14,16,37,134,75,50" hai2="43,4,57,109,81,119,23,34,124,47,44,61,113" hai3="40,9,48,104,88,24,95,84,130,105,100,39,80"/><W127/><G39/><T59/><D132/><U96/><E75/><V89/><F34/><W45/><G127/><T94/><D129/><U82/><E37/><V15/><F113/><W118/><G118/><T5/><D83/><U114/><E114/><V17/><F119/><W7/><G130/><T90/><D2/><U72/><E72/><V11/><F124/><W123/><G123/><T122/><D122/><U33/><E33/><V120/><F109/><AGARI ba="0,0" hai="5,6,22,26,28,51,54,59,90,94,97,108,109,111" machi="109" ten="40,1300,0" yaku="14,1" doraHai="12" who="0" fromWho="2" sc="245,13,327,0,181,-13,247,0" owari="258,5.8,327,42.7,168,-33.2,247,-15.3" /></mjloggm>