<mjloggm ver="2.3"><GO type="225" lobby="0"/><UN n0="%E3%81%A9%E3%82%8F%E3%82%93%E3%81%94" n1="%72%69%6F%75%63%68%61%6E" n2="%6D%75%75%6D%75%72%61" n3="%E3%82%B7%E3%83%B3%E5%A4%AA%E6%9C%97" dan="16,17,16,16" rate="2067.53,2180.33,2112.91,2173.11" sx="M,M,F,M"/><TAIKYOKU oya="0"/><INIT seed="0,0,0,5,4,14" ten="250,250,250,250" oya="0" hai0="114,73,62,123,65,70,96,0,98,2,135,107,82" hai1="17,81,103,23,126,133,18,88,47,132,90,6,124" hai2="51,36,55,76,87,41,113,75,99,119,50,72,35" hai3="38,92,130,48,66,31,129,21,61,59,57,74,43"/><T125/><D123/><U40/><E6/><V32/><F113/><W29/><G74/><T37/><D114/><U53/><E103/><V86/><F119/><W56/><G38/><T79/><D135/><N who="1" m="51787" /><E53/><V116/><F116/><W46/><G92/><T12/><D125/><N who="1" m="48235" /><E81/><V42/><F99/><W27/><REACH who="3" step="1"/><G31/><REACH who="3" ten="250,250,250,240" step="2"/><T102/><D98/><U101/><E101/><V39/><REACH who="2" step="1"/><F55/><REACH who="2" ten="250,250,240,240" step="2"/><W117/><G117/><T8/><D37/><N who="1" m="21903" /><E17/><AGARI ba="0,2" hai="0,2,8,12,17,62,65,70,73,79,82,96,102,107" machi="17" ten="30,2900,0" yaku="7,1,52,1" doraHai="14" who="0" fromWho="1" sc="250,49,250,-29,240,0,240,0" /><INIT seed="0,1,0,1,5,8" ten="299,221,240,240" oya="0" hai0="40,69,19,89,104,116,30,73,20,117,130,123,55" hai1="112,84,66,39,57,54,56,131,110,105,25,72,33" hai2="108,96,18,124,10,47,0,12,31,70,36,82,83" hai3="49,41,79,135,90,101,28,126,13,4,87,113,109"/><T60/><D123/><U11/><E72/><V38/><F108/><W51/><G109/><T58/><D73/><U88/><E110/><V100/><F124/><W118/><G118/><T53/><D104/><U59/><E39/><V128/><F128/><W127/><G113/><T22/><D130/><U35/><E131/><V122/><F122/><W42/><G101/><T125/><D69/><U62/><E112/><V86/><F70/><W50/><G79/><T46/><D125/><N who="3" m="47625" /><G28/><T97/><D55/><U80/><E105/><V21/><F47/><W37/><G37/><T134/><D134/><U24/><E56/><V119/><F119/><W1/><G1/><T61/><D61/><U81/><E81/><V102/><F83/><N who="3" m="49535" /><G135/><T5/><D30/><U92/><E80/><V7/><F31/><W6/><G6/><T68/><D5/><U121/><E121/><V77/><REACH who="2" step="1"/><F102/><REACH who="2" ten="299,221,230,240" step="2"/><W103/><G103/><T107/><D117/><U64/><E33/><V94/><AGARI ba="1,1" hai="0,7,10,12,18,21,36,38,77,82,86,94,96,100" machi="94" ten="20,8000,1" yaku="1,1,2,1,0,1,7,1,52,1,53,0" doraHai="8" doraHaiUra="67" who="2" fromWho="2" sc="299,-41,221,-21,230,93,240,-21" /><INIT seed="1,0,0,0,3,88" ten="258,200,323,219" oya="1" hai0="36,122,40,99,97,105,22,120,52,91,98,9,23" hai1="100,51,78,126,66,128,85,1,0,7,119,19,107" hai2="53,84,35,62,82,18,83,45,117,25,33,92,77" hai3="34,37,67,104,6,60,112,20,129,29,38,113,41"/><U133/><E119/><V63/><F117/><W14/><G129/><T8/><D36/><U28/><E128/><V48/><F82/><W68/><G104/><T27/><D40/><U11/><E126/><V30/><F35/><W127/><G127/><T115/><D115/><U44/><E133/><V103/><REACH who="2" step="1"/><F18/><REACH who="2" ten="258,200,313,219" step="2"/><W123/><G34/><T124/><D124/><U17/><E17/><V95/><F95/><W13/><G113/><T56/><D105/><U3/><E19/><V24/><F24/><W76/><G112/><T131/><D131/><U93/><E107/><V79/><F79/><W70/><G29/><T55/><D122/><U132/><E28/><V32/><F32/><W2/><G123/><T86/><D120/><U57/><E132/><V5/><F5/><W106/><G76/><T134/><D134/><U71/><E78/><V4/><F4/><W72/><G6/><T94/><D27/><U108/><E7/><V102/><F102/><W89/><G106/><T46/><D23/><U114/><E100/><V61/><F61/><W31/><G20/><T54/><D22/><U101/><E101/><V39/><F39/><W21/><G31/><T16/><D16/><U116/><E114/><V90/><F90/><W49/><G89/><T96/><D9/><U50/><E11/><V118/><F118/><W75/><G37/><T69/><D8/><U74/><E116/><V110/><F110/><W81/><G38/><T42/><D91/><N who="1" m="53487" /><E108/><V64/><F64/><W87/><G67/><T26/><D26/><U15/><E66/><V59/><F59/><W12/><G81/><RYUUKYOKU ba="0,1" sc="258,-10,200,-10,313,30,219,-10" hai2="25,30,33,45,48,53,62,63,77,83,84,92,103" /><INIT seed="2,1,1,4,5,53" ten="248,190,343,209" oya="2" hai0="28,102,47,109,57,111,6,10,34,8,14,9,72" hai1="98,90,43,31,123,4,21,107,101,124,115,78,135" hai2="2,82,1,45,110,29,35,118,130,106,62,73,41" hai3="103,55,128,129,70,54,133,116,39,86,0,58,65"/><V125/><F118/><W87/><G0/><T11/><D72/><U22/><E115/><V33/><F130/><N who="3" m="50283" /><G103/><T91/><D102/><U40/><E124/><V66/><F106/><W25/><G116/><T75/><D75/><U88/><E135/><V132/><F125/><W131/><G133/><T18/><D47/><U36/><E123/><V127/><F110/><N who="0" m="41994" /><D91/><U117/><E117/><V77/><F132/><W71/><G39/><T42/><D42/><U50/><E4/><V37/><F127/><W52/><G131/><T48/><D48/><U67/><E67/><V114/><F114/><W38/><G38/><T92/><D92/><N who="1" m="58567" /><E36/><V68/><F29/><W64/><G25/><N who="0" m="18703" /><D57/><U113/><E107/><V74/><F74/><W51/><G87/><T89/><D89/><N who="1" m="34411" /><E113/><V63/><F33/><W7/><G86/><T126/><D126/><U94/><E78/><V95/><F35/><W84/><G84/><T80/><D80/><U61/><E94/><V76/><F95/><W30/><G7/><AGARI ba="1,1" hai="6,7,8,9,10,11,14,18" m="18703,41994" machi="7" ten="30,3900,0" yaku="14,1,34,2" doraHai="53" who="0" fromWho="3" sc="248,52,190,0,343,0,209,-42" /><INIT seed="3,0,0,0,3,19" ten="300,190,343,167" oya="3" hai0="126,127,72,39,66,70,60,23,115,34,118,97,8" hai1="89,14,102,46,7,67,108,29,73,82,53,120,105" hai2="56,96,77,133,74,47,38,101,9,65,11,57,110" hai3="10,84,88,109,128,26,45,87,15,52,85,27,59"/><W124/><G128/><T98/><D118/><U131/><E131/><V48/><F38/><W81/><G124/><N who="0" m="47659" /><D34/><U20/><E120/><V103/><F74/><W64/><G109/><T112/><D72/><U135/><E108/><V0/><F0/><W86/><G64/><T80/><D39/><U92/><E135/><V117/><F117/><W93/><G93/><T130/><D130/><U122/><E122/><V78/><F110/><W30/><G45/><T94/><D80/><U51/><E67/><V1/><F1/><W111/><G111/><T55/><D8/><N who="2" m="3146" /><F133/><W104/><G104/><T63/><D23/><U106/><E7/><V36/><F36/><W91/><G91/><N who="0" m="55519" /><D98/><N who="1" m="59719" /><E73/><V24/><F96/><W116/><G116/><T18/><D18/><N who="1" m="10327" /><E105/><V54/><F24/><W17/><REACH who="3" step="1"/><G30/><REACH who="3" ten="300,190,343,157" step="2"/><T79/><D79/><N who="2" m="30218" /><F47/><W37/><G37/><T6/><D6/><U83/><E106/><V32/><F32/><W50/><AGARI ba="0,1" hai="10,15,17,26,27,50,52,59,81,84,85,86,87,88" machi="50" ten="30,12000,1" yaku="1,1,0,1,8,1,54,2,53,0" doraHai="19" doraHaiUra="16" who="3" fromWho="3" sc="300,-40,190,-40,343,-40,157,130" /><INIT seed="3,1,0,4,3,130" ten="260,150,303,287" oya="3" hai0="77,123,57,118,31,30,13,3,134,35,27,8,52" hai1="132,55,21,112,71,63,89,120,128,0,116,109,33" hai2="119,54,58,127,16,76,69,49,59,14,100,101,29" hai3="48,121,117,65,11,113,10,73,124,28,26,104,115"/><W5/><G117/><T106/><D118/><U68/><RYUUKYOKU type="yao9" ba="1,0" sc="260,0,150,0,303,0,287,0" hai1="0,21,33,55,63,68,71,89,109,112,116,120,128,132" /><INIT seed="3,2,0,5,2,4" ten="260,150,303,287" oya="3" hai0="70,114,73,50,11,24,28,126,94,61,72,29,79" hai1="51,8,130,55,1,97,37,22,85,17,77,52,105" hai2="41,53,88,20,75,44,102,2,91,129,115,5,89" hai3="48,30,92,125,124,133,7,120,116,135,31,38,14"/><W26/><G38/><T3/><D126/><N who="3" m="48745" /><G116/><T10/><D114/><U87/><E37/><V98/><F115/><W113/><G113/><T86/><D3/><U59/><E130/><V67/><F75/><W6/><G120/><T60/><D73/><U47/><E77/><V45/><F67/><W15/><G92/><T107/><D72/><U122/><E122/><V132/><F132/><N who="3" m="50763" /><G48/><T108/><D70/><U0/><E0/><V32/><F129/><W12/><G30/><N who="0" m="11883" /><D108/><U21/><E105/><V112/><F32/><AGARI ba="2,0" hai="6,7,12,14,15,26,31,32" m="50763,48745" machi="32" ten="40,12000,1" yaku="18,1,20,1,34,2" doraHai="4" who="3" fromWho="2" sc="260,0,150,0,303,-126,287,126" owari="260,6.0,150,-35.0,177,-22.3,413,51.3" /></mjloggm>