<mjloggm ver="2.3"><GO type="225" lobby="0"/><UN n0="%E3%81%99%E3%81%84%E3%81%BE%E3%81%9B%E3%83%BC%E3%82%93" n1="%E9%B3%B3%E6%9D%B1%E3%81%AE%E3%81%86%E3%81%95%E3%81%8E%E3%81%95%E3%82%93" n2="%4D%50%43%32%38%30%30" n3="%E3%81%95%E3%81%8D%E3%81%9F%E3%81%BE%E6%9E%97%E6%AA%8E" dan="16,16,16,16" rate="2146.57,2159.60,2120.88,2142.66" sx="M,M,M,M"/><TAIKYOKU oya="0"/><INIT seed="0,0,0,4,1,56" ten="250,250,250,250" oya="0" hai0="74,40,108,43,4,123,119,31,38,32,14,61,81" hai1="129,27,53,23,72,13,30,15,71,100,96,124,29" hai2="118,127,47,0,46,48,41,84,63,85,68,16,12" hai3="10,110,42,36,82,135,64,66,98,50,49,69,133"/><T25/><D119/><U83/><E129/><V55/><F0/><W120/><G82/><T44/><D123/><U107/><E124/><V80/><F127/><W113/><G98/><T109/><D43/><U122/><E122/><V126/><F126/><W17/><G17/><T78/><D14/><U105/><E105/><V104/><F104/><W37/><G10/><T1/><REACH who="0" step="1"/><D61/><REACH who="0" ten="240,250,250,250" step="2"/><U52/><E13/><V90/><F118/><W86/><G120/><T111/><D111/><U62/><E15/><V128/><F128/><W33/><G42/><T91/><D91/><U116/><E116/><V24/><F24/><W2/><G110/><T99/><D99/><U6/><E62/><V117/><F117/><W114/><G2/><T132/><D132/><U8/><E27/><V28/><F63/><W93/><G133/><T95/><D95/><U65/><E96/><V22/><F68/><W106/><G93/><T19/><D19/><U94/><E94/><N who="2" m="54599" /><F28/><W87/><G69/><T35/><D35/><U88/><E30/><V130/><F130/><W45/><G33/><T112/><D112/><U26/><E107/><V75/><F41/><W103/><G135/><T39/><D39/><U79/><E88/><N who="2" m="51239" /><F75/><W59/><G106/><T89/><D89/><U115/><E115/><V73/><F73/><W134/><G134/><T101/><D101/><U77/><E100/><V57/><AGARI ba="0,1" hai="12,16,22,46,47,48,55,57" m="51239,54599" machi="57" ten="30,7900,0" yaku="25,1,8,1,54,2" doraHai="56" who="2" fromWho="2" sc="240,-39,250,-20,250,89,250,-20" /><INIT seed="1,0,0,3,4,86" ten="201,230,339,230" oya="1" hai0="55,67,0,60,112,102,54,126,4,130,88,45,56" hai1="119,26,78,68,6,98,89,70,128,25,51,31,104" hai2="110,114,117,118,65,46,42,113,77,132,23,94,72" hai3="96,129,106,81,7,50,43,33,36,107,75,41,48"/><U29/><E119/><N who="2" m="45579" /><F23/><W64/><G33/><T134/><D112/><N who="2" m="43114" /><F72/><W123/><G123/><T20/><D126/><U131/><E78/><V18/><F18/><W92/><G129/><N who="1" m="49738" /><E6/><V93/><F77/><W105/><G64/><T109/><D130/><U108/><E108/><V135/><F65/><W120/><G120/><T61/><D109/><U1/><E1/><V100/><F110/><W85/><G7/><T39/><D134/><N who="2" m="51242" /><F100/><W101/><G75/><T21/><D102/><N who="1" m="62551" /><E25/><V103/><F103/><W121/><G121/><T59/><D4/><U125/><E31/><V14/><F14/><W16/><G16/><T28/><D0/><U57/><E26/><V71/><F71/><W2/><G2/><T116/><D116/><U87/><E29/><V10/><F10/><W69/><G69/><T3/><D3/><U79/><E79/><V97/><F97/><W38/><G106/><T84/><D28/><U34/><E34/><V66/><F66/><W122/><G122/><T24/><D24/><U111/><E111/><V82/><F82/><W19/><G19/><T74/><D74/><U80/><E125/><V32/><F32/><W8/><G8/><T83/><D67/><U52/><AGARI ba="0,0" hai="51,52,57,68,70,80,87,89" m="62551,49738" machi="52" ten="30,6000,0" yaku="19,1,52,1,54,1" doraHai="86" who="1" fromWho="1" sc="201,-20,230,60,339,-20,230,-20" /><INIT seed="1,1,0,0,3,19" ten="181,290,319,210" oya="1" hai0="5,50,44,86,80,2,128,129,134,91,107,56,75" hai1="23,67,115,16,78,4,60,118,28,130,33,77,69" hai2="40,72,45,85,83,34,54,110,135,104,38,24,15" hai3="108,53,25,127,0,100,62,106,79,90,112,12,43"/><U8/><E115/><V68/><F104/><W42/><G108/><T61/><D107/><U29/><E118/><V124/><F110/><W101/><G127/><T99/><D134/><U10/><E130/><N who="0" m="50281" /><D75/><U82/><E33/><V105/><F105/><W21/><G0/><T11/><D99/><U46/><E46/><V41/><F72/><W97/><G112/><T70/><D70/><U27/><E8/><V116/><F68/><W22/><G106/><T74/><D74/><U81/><E81/><V133/><F116/><W65/><G79/><T66/><D50/><U36/><E36/><V49/><F124/><W37/><G37/><T109/><D44/><U121/><E121/><V3/><F3/><W113/><G113/><T1/><D109/><U117/><E117/><V94/><F94/><N who="3" m="56535" /><G65/><T92/><D1/><U126/><E126/><V48/><F38/><W123/><G123/><T111/><D111/><U76/><REACH who="1" step="1"/><E82/><AGARI ba="1,0" hai="2,5,11,56,61,66,80,82,86,91,92" m="50281" machi="82" ten="30,1000,0" yaku="19,1" doraHai="19" who="0" fromWho="1" sc="181,13,290,-13,319,0,210,0" /><INIT seed="2,0,0,1,4,42" ten="194,277,319,210" oya="2" hai0="119,52,125,107,74,1,36,29,15,67,123,91,70" hai1="12,94,64,38,118,45,33,30,9,35,7,66,108" hai2="77,21,79,127,25,20,34,100,40,80,83,126,88" hai3="26,58,60,71,69,101,72,18,135,95,131,54,55"/><V120/><F120/><W46/><G135/><T19/><D123/><U13/><E118/><V28/><F100/><W47/><G72/><T82/><D1/><U76/><E108/><V4/><F4/><W49/><G131/><T11/><D107/><U5/><E76/><N who="2" m="29259" /><F40/><W14/><G26/><T24/><D36/><U116/><E116/><V93/><F34/><W63/><G71/><T43/><D43/><U44/><E94/><V53/><F21/><W112/><G69/><T10/><D119/><U111/><E30/><V102/><F102/><W23/><G112/><T56/><D74/><U129/><E111/><V97/><F53/><W3/><G3/><T59/><D70/><U98/><E9/><V48/><F48/><N who="3" m="28951" /><G58/><T39/><D39/><U73/><E73/><V124/><AGARI ba="0,0" hai="20,25,28,80,83,88,93,97,124,126,127" m="29259" machi="124" ten="40,3900,0" yaku="18,1,54,1" doraHai="42" who="2" fromWho="2" sc="194,-13,277,-13,319,39,210,-13" /><INIT seed="2,1,0,2,4,32" ten="181,264,358,197" oya="2" hai0="102,42,111,49,117,120,19,4,25,79,21,50,5" hai1="78,110,66,97,128,1,85,88,133,75,98,76,2" hai2="31,101,108,96,18,0,135,99,118,123,74,38,41" hai3="134,73,51,115,40,72,9,61,125,91,56,65,6"/><V39/><F118/><W20/><G134/><T47/><D120/><U60/><E133/><V126/><F74/><W124/><G20/><T34/><D117/><U106/><E110/><V45/><F123/><W37/><G37/><T84/><D111/><U130/><E75/><V95/><F39/><W46/><G115/><T132/><D132/><U43/><E43/><V90/><F108/><W28/><G28/><T69/><D69/><U52/><E52/><V121/><F121/><W27/><G27/><T107/><D34/><U104/><E76/><V11/><F126/><N who="3" m="48747" /><G91/><T62/><D62/><U15/><E15/><AGARI ba="1,0" hai="6,9,15,40,46,51,56,61,65,72,73" m="48747" machi="15" ten="30,1000,0" yaku="18,1" doraHai="32" who="3" fromWho="1" sc="181,0,264,-13,358,0,197,13" /><INIT seed="3,0,0,4,3,19" ten="181,251,358,210" oya="3" hai0="102,80,109,27,119,117,95,3,106,23,86,22,111" hai1="58,4,79,49,36,6,61,75,14,98,8,51,121" hai2="37,21,77,24,132,70,60,68,67,40,59,134,35" hai3="99,34,96,9,120,90,113,128,65,45,16,48,91"/><W20/><G113/><T78/><D3/><U5/><E121/><V69/><F35/><W107/><G34/><T29/><D106/><U130/><E36/><V82/><F40/><W1/><G128/><T108/><D22/><U129/><E75/><V63/><F37/><W18/><G120/><T131/><D131/><N who="1" m="50187" /><E79/><V52/><F132/><W73/><G73/><T81/><D81/><U11/><E98/><N who="3" m="37418" /><G1/><T12/><D12/><N who="1" m="5127" /><E5/><V13/><F13/><N who="3" m="7215" /><G107/><T115/><D115/><U39/><E39/><V26/><F134/><W55/><G65/><AGARI ba="0,0" hai="6,11,14,49,51,58,61,65" m="5127,50187" machi="65" ten="30,1000,0" yaku="19,1" doraHai="19" who="1" fromWho="3" sc="181,0,251,10,358,0,210,-10" owari="181,-31.9,261,6.1,358,45.8,200,-20.0" /></mjloggm>