<mjloggm ver="2.3"><GO type="225" lobby="0"/><UN n0="%6C%61%6D%62" n1="%E3%81%8B%E3%82%8F%E3%81%A1%E3%82%83%E3%82%93%35%38" n2="%E5%B8%86%E7%AB%8B%E5%A4%8F%E8%A1%A3" n3="%45%69%6E%73%74%65%69%6E" dan="16,16,17,16" rate="2211.99,2136.86,2193.85,2121.01" sx="M,M,M,M"/><TAIKYOKU oya="0"/><INIT seed="0,0,0,0,2,129" ten="250,250,250,250" oya="0" hai0="26,87,68,37,33,2,56,8,86,50,55,66,74" hai1="112,81,28,35,111,17,93,98,6,73,116,106,58" hai2="13,76,34,38,44,90,29,19,97,30,122,14,121" hai3="119,64,10,46,1,125,22,23,54,110,108,107,70"/><T114/><D114/><U83/><E116/><V24/><F30/><W20/><G119/><T21/><D74/><U96/><E6/><V5/><F76/><W100/><G125/><T118/><D118/><U27/><E111/><N who="3" m="42538" /><G70/><T59/><D33/><U60/><E112/><V77/><F77/><W134/><G64/><T115/><D68/><U124/><E124/><V3/><F14/><W72/><G72/><T127/><D37/><U57/><E73/><V52/><F90/><W80/><G80/><T82/><D115/><U104/><E104/><V18/><F18/><W48/><G134/><T42/><D42/><U131/><E131/><V92/><F38/><W41/><G100/><T91/><D127/><U0/><E0/><V12/><F12/><W132/><G107/><T105/><D105/><U61/><E106/><V15/><F15/><W95/><G95/><T120/><D86/><U51/><E51/><N who="2" m="28775" /><F97/><W36/><G132/><T79/><D120/><U32/><E32/><V40/><F92/><W9/><G1/><T128/><D128/><U99/><E93/><V67/><F67/><W69/><G10/><T49/><D8/><U102/><E102/><V31/><F31/><W101/><G9/><T123/><D2/><U47/><E17/><V133/><F40/><W43/><G101/><T7/><D123/><U71/><E35/><V84/><F84/><W78/><G78/><T16/><D79/><U117/><E117/><V25/><F25/><W53/><G53/><N who="0" m="31791" /><D66/><U103/><E103/><V85/><F85/><W113/><G36/><T65/><D65/><U62/><E98/><RYUUKYOKU ba="0,0" sc="250,30,250,-10,250,-10,250,-10" hai0="7,16,21,26,50,55,59,82,87,91" /><INIT seed="0,1,0,1,1,15" ten="280,240,240,240" oya="0" hai0="135,106,54,10,133,14,22,90,108,96,9,82,25" hai1="52,67,86,98,45,81,109,128,121,28,70,95,62" hai2="124,46,101,23,40,6,132,130,123,31,64,73,68" hai3="88,78,47,118,4,43,2,3,99,94,89,91,83"/><T51/><D108/><U92/><E121/><V107/><F123/><W35/><G118/><T53/><D53/><U126/><E109/><V66/><F73/><W111/><G35/><T49/><D49/><U12/><E128/><V113/><F113/><W75/><G111/><T8/><D106/><U105/><E126/><V125/><F132/><N who="0" m="50762" /><D96/><U5/><E28/><V134/><F134/><W122/><G122/><T20/><D14/><U87/><E105/><V115/><F6/><W74/><G74/><T110/><D110/><U1/><E1/><V85/><F115/><W30/><G30/><T63/><D63/><U56/><E45/><V39/><F130/><W72/><G72/><T65/><D65/><U80/><E12/><V42/><F42/><W7/><G3/><T0/><D0/><U103/><E5/><V44/><F44/><W34/><G34/><T114/><D114/><U61/><REACH who="1" step="1"/><E86/><REACH who="1" ten="280,230,240,240" step="2"/><V59/><F85/><W13/><G13/><T41/><D25/><U131/><E131/><V127/><F107/><W77/><G7/><T55/><D41/><U50/><E50/><V102/><F125/><W100/><G4/><T84/><D54/><U76/><E76/><V116/><F124/><W18/><G2/><T97/><D97/><U36/><E36/><V71/><F127/><W79/><REACH who="3" step="1"/><G18/><REACH who="3" ten="280,230,240,230" step="2"/><T24/><D24/><U58/><E58/><AGARI ba="1,2" hai="8,9,10,20,22,51,55,58,82,84,90" m="50762" machi="58" ten="30,1500,0" yaku="20,1" doraHai="15" who="0" fromWho="1" sc="280,38,230,-18,240,0,230,0" /><INIT seed="0,2,0,3,4,46" ten="318,212,240,230" oya="0" hai0="2,67,63,65,79,77,68,81,64,82,122,36,130" hai1="114,44,14,59,35,89,113,56,57,124,95,86,53" hai2="1,27,23,106,9,11,4,13,131,34,74,61,101" hai3="25,15,112,102,116,103,33,72,29,0,24,120,76"/><T32/><D122/><U71/><E71/><V91/><F74/><W117/><G72/><T99/><D2/><U22/><E35/><V39/><F39/><W12/><G76/><T18/><D32/><U62/><E124/><V58/><F131/><W6/><G103/><T73/><D130/><U111/><E111/><V133/><F133/><W125/><G102/><T129/><D129/><U132/><E132/><V17/><F106/><W30/><G112/><N who="1" m="43114" /><E44/><V55/><F101/><W123/><G116/><T97/><D36/><U3/><E3/><V118/><F118/><W96/><G96/><T19/><D68/><U38/><E38/><V26/><F91/><W16/><G117/><T104/><D63/><U43/><E43/><V119/><F119/><W109/><G125/><T31/><D31/><U8/><E22/><V10/><REACH who="2" step="1"/><F27/><REACH who="2" ten="318,212,230,230" step="2"/><W98/><G25/><T100/><REACH who="0" step="1"/><D99/><REACH who="0" ten="308,212,230,230" step="2"/><U108/><E108/><V70/><F70/><W47/><G98/><T37/><D37/><U85/><E85/><AGARI ba="2,2" hai="18,19,64,65,67,73,77,79,81,82,85,97,100,104" machi="85" ten="40,2000,0" yaku="1,1,53,0" doraHai="46" doraHaiUra="21" who="0" fromWho="1" sc="308,46,212,-26,230,0,230,0" /><INIT seed="0,3,0,4,4,88" ten="354,186,230,230" oya="0" hai0="6,45,4,119,57,113,49,132,66,111,3,9,2" hai1="91,93,20,89,71,78,107,68,55,19,79,81,72" hai2="1,96,32,112,70,102,48,127,40,117,54,84,124" hai3="64,14,76,35,59,123,24,69,52,34,131,73,13"/><T16/><D113/><U41/><E107/><V94/><F112/><W110/><G110/><T129/><D119/><U53/><E41/><V8/><F70/><W97/><G131/><T125/><D129/><U115/><E115/><V121/><F32/><W83/><G123/><T105/><D105/><U65/><E79/><V134/><F121/><W104/><G64/><T63/><D132/><U28/><E28/><V100/><F134/><W30/><G69/><T92/><D125/><N who="2" m="48202" /><F40/><W101/><REACH who="3" step="1"/><G35/><REACH who="3" ten="354,186,230,220" step="2"/><T67/><D111/><U130/><E130/><V0/><F117/><W7/><G7/><T133/><D66/><U90/><E71/><V11/><F102/><W82/><G82/><T22/><D133/><U128/><E128/><V18/><F84/><W36/><G36/><T33/><D33/><U109/><E109/><V50/><F18/><W5/><G5/><T51/><D4/><U80/><E80/><V122/><F122/><W74/><G74/><T15/><D3/><N who="2" m="1098" /><F54/><W42/><G42/><T99/><REACH who="0" step="1"/><D45/><REACH who="0" ten="344,186,230,220" step="2"/><U135/><E135/><V60/><F11/><W75/><G75/><T126/><D126/><U86/><E65/><V23/><F8/><W118/><G118/><T27/><D27/><N who="1" m="14751" /><E68/><V46/><F46/><W38/><G38/><T43/><D43/><U95/><E72/><V114/><F114/><W44/><G44/><T47/><D47/><U77/><E77/><V85/><F23/><W39/><G39/><T106/><D106/><U116/><E116/><V103/><F94/><AGARI ba="3,2" hai="53,55,78,81,86,89,90,91,93,94,95" m="14751" machi="94" ten="30,7700,0" yaku="8,1,52,3" doraHai="88" who="1" fromWho="2" sc="344,0,186,106,230,-86,220,0" /><INIT seed="1,0,0,0,0,67" ten="344,292,144,220" oya="1" hai0="80,17,54,26,98,34,97,36,121,122,70,102,120" hai1="78,81,105,111,86,11,33,7,72,109,64,71,37" hai2="131,73,41,10,5,30,20,58,4,95,47,100,50" hai3="123,63,132,93,96,29,103,57,84,85,21,48,113"/><U110/><E105/><V108/><F73/><W43/><G113/><T35/><D36/><U66/><E33/><N who="0" m="12297" /><D70/><U135/><E135/><V133/><F133/><W40/><G123/><T116/><D116/><U31/><E31/><V60/><F108/><W3/><G3/><T28/><D17/><U55/><E37/><V87/><F131/><W99/><G132/><T94/><D80/><U46/><E86/><N who="3" m="33386" /><G99/><N who="0" m="59767" /><D54/><U115/><E115/><V8/><F4/><W13/><G48/><T127/><D127/><U19/><E19/><V18/><F5/><W22/><G13/><T130/><D130/><U88/><E88/><V69/><F69/><W27/><G22/><AGARI ba="0,0" hai="22,26,28,97,98,120,121,122" m="59767,12297" machi="22" ten="40,1300,0" yaku="13,1" doraHai="67" who="0" fromWho="3" sc="344,13,292,0,144,0,220,-13" /><INIT seed="2,0,0,4,1,84" ten="357,292,144,207" oya="2" hai0="48,29,65,51,53,89,10,64,90,2,111,123,102" hai1="60,9,85,106,110,24,26,39,5,98,18,41,117" hai2="74,101,4,42,86,127,38,57,49,25,50,78,43" hai3="81,0,97,130,45,103,124,56,40,92,37,125,59"/><V104/><F74/><W63/><G0/><T47/><D123/><U14/><E117/><V99/><F127/><N who="3" m="48715" /><G130/><T100/><D111/><U19/><E110/><V96/><F4/><W112/><G112/><T23/><D2/><U119/><E119/><V69/><F69/><W72/><G63/><T44/><D10/><U114/><E114/><V36/><F96/><W75/><G75/><T71/><D23/><U11/><E39/><V121/><F121/><W126/><G126/><T116/><D29/><U52/><E41/><V55/><F25/><N who="1" m="9833" /><E106/><V20/><F20/><W46/><G46/><T88/><D116/><U66/><E66/><N who="0" m="25705" /><D71/><U35/><E35/><V1/><F1/><W62/><G62/><T68/><D68/><U131/><E131/><V16/><F16/><N who="1" m="6185" /><E98/><V105/><F105/><W118/><G118/><T34/><D34/><U87/><E11/><V135/><F135/><W113/><G113/><T27/><D27/><U13/><E13/><V77/><F36/><W61/><G61/><T22/><D22/><U6/><E6/><V33/><F38/><W28/><G28/><T134/><D134/><U93/><E93/><V54/><F33/><W7/><G7/><T3/><D3/><U108/><E108/><V129/><F129/><W109/><G109/><T132/><D132/><U94/><E94/><V70/><F70/><W82/><G72/><T32/><D32/><U58/><AGARI ba="0,0" hai="5,9,14,52,58,60,85,87" m="6185,9833" machi="58" ten="30,4000,0" yaku="8,1,54,2" doraHai="84" who="1" fromWho="1" sc="357,-10,292,40,144,-20,207,-10" /><INIT seed="3,0,0,0,2,6" ten="347,332,124,197" oya="3" hai0="40,5,63,111,100,32,89,102,71,127,122,93,47" hai1="90,38,4,74,36,121,11,13,76,109,92,81,119" hai2="99,58,15,26,91,104,27,23,87,120,62,2,52" hai3="68,106,61,85,116,10,48,123,14,24,88,84,57"/><W54/><G123/><T7/><D122/><U60/><E119/><V69/><F120/><W96/><G116/><T130/><D32/><U103/><E109/><V95/><F2/><W46/><G68/><T105/><D105/><U66/><E103/><N who="0" m="39465" /><D71/><U28/><E28/><V134/><F134/><W0/><G0/><T3/><D3/><U41/><E41/><V22/><F104/><W45/><G106/><T124/><D63/><U20/><E20/><V30/><F69/><W35/><G35/><T49/><D111/><U115/><E115/><V117/><F117/><W37/><G24/><T31/><D31/><U50/><E50/><V8/><F26/><W44/><G37/><T73/><D73/><U78/><E78/><V131/><F131/><W55/><G96/><N who="0" m="57391" /><D130/><U108/><E108/><V17/><REACH who="2" step="1"/><F99/><REACH who="2" ten="347,332,114,197" step="2"/><W86/><REACH who="3" step="1"/><G88/><REACH who="3" ten="347,332,114,187" step="2"/><T9/><D127/><U97/><E121/><V113/><F113/><W1/><G1/><T67/><D124/><U107/><E107/><V118/><F118/><W12/><G12/><T101/><D101/><U80/><E80/><V42/><F42/><W16/><AGARI ba="0,2" hai="10,14,16,44,45,46,48,54,55,57,61,84,85,86" machi="16" ten="30,24000,3" yaku="1,1,0,1,8,1,52,1,54,1,53,3" doraHai="6" doraHaiUra="82" who="3" fromWho="3" sc="347,-80,332,-80,114,-80,187,260" owari="267,6.7,252,-14.8,34,-46.6,447,54.7" /></mjloggm>