<mjloggm ver="2.3"><GO type="225" lobby="0"/><UN n0="%28%EF%BF%A3%E2%96%BD%EF%BF%A3%29%CE%B4%E2%8C%92%E3%83%BB" n1="%E3%81%AA%E3%82%81%E3%81%93%E9%9B%80%E5%A3%AB" n2="%33%74%72%65%65" n3="%74%61%6B%75%61%6B%61" dan="16,16,16,16" rate="2086.67,2068.53,2156.35,2095.72" sx="M,M,F,M"/><TAIKYOKU oya="0"/><INIT seed="0,0,0,4,5,114" ten="250,250,250,250" oya="0" hai0="73,87,83,78,29,55,65,48,64,127,30,90,61" hai1="75,120,11,14,79,53,41,109,95,93,60,58,115" hai2="51,126,31,129,100,82,91,108,98,118,74,18,4" hai3="94,92,117,35,7,105,8,28,97,80,40,110,112"/><T76/><D127/><U23/><E120/><V77/><F126/><W2/><G112/><T128/><D128/><U15/><E109/><V10/><F108/><W13/><G110/><T21/><D21/><U124/><E115/><V63/><F129/><W123/><G123/><T26/><D26/><U103/><E103/><V135/><F135/><W56/><G40/><T37/><D37/><U106/><E106/><V39/><F39/><W57/><G105/><T69/><D65/><U25/><E79/><V52/><F31/><W49/><G2/><T19/><D19/><U43/><E75/><V54/><F118/><W113/><G117/><T38/><D38/><U62/><E60/><V104/><F18/><W86/><G113/><T1/><D1/><U66/><E66/><V50/><F91/><W68/><G68/><T5/><D5/><N who="1" m="3439" /><E15/><V122/><F122/><W17/><G7/><T22/><D22/><U70/><E70/><V99/><F99/><W42/><G35/><T67/><D67/><U111/><E111/><V101/><F101/><N who="3" m="60583" /><G28/><T72/><D72/><U59/><E124/><V24/><F24/><W85/><G94/><N who="1" m="35850" /><E59/><N who="3" m="22602" /><G80/><N who="0" m="49511" /><D78/><U27/><E27/><V20/><F63/><W12/><G12/><T46/><D29/><AGARI ba="0,0" hai="23,25,29,41,43,53,58,62" m="35850,3439" machi="29" ten="30,1000,0" yaku="8,1" doraHai="114" who="1" fromWho="0" sc="250,-10,250,10,250,0,250,0" /><INIT seed="1,0,0,4,3,75" ten="240,260,250,250" oya="1" hai0="129,14,60,79,39,47,105,16,56,3,106,62,97" hai1="109,38,87,103,125,93,69,98,73,57,54,91,15" hai2="44,35,32,126,25,82,120,9,20,52,64,53,43" hai3="71,102,86,111,118,72,29,48,104,135,78,30,0"/><U101/><E38/><V83/><F120/><W130/><G111/><T77/><D3/><U66/><E125/><V108/><F108/><W123/><G123/><T28/><D28/><U116/><E73/><V63/><F126/><W85/><G0/><T26/><D26/><U50/><E116/><V88/><F32/><W128/><G71/><T84/><D129/><N who="3" m="49769" /><G135/><T76/><D84/><N who="3" m="32361" /><G118/><T42/><D97/><U117/><E109/><V45/><F35/><W34/><G34/><T92/><D92/><U7/><E117/><V1/><F1/><W36/><G36/><T114/><D114/><U119/><E119/><V8/><F20/><W113/><G113/><T58/><D62/><U4/><E66/><V65/><F63/><W127/><G127/><T132/><D132/><U110/><E69/><V21/><F21/><W24/><G24/><T95/><D95/><U122/><E122/><V131/><F131/><W59/><G102/><T19/><D58/><U133/><E103/><V2/><F2/><W134/><G104/><T11/><REACH who="0" step="1"/><D19/><REACH who="0" ten="230,260,250,250" step="2"/><U12/><E133/><V74/><F25/><W23/><G134/><T121/><D121/><U68/><E68/><V31/><F74/><W6/><G30/><T5/><D5/><N who="1" m="2123" /><E110/><V100/><F31/><W41/><G6/><T90/><D90/><U89/><E89/><V107/><F100/><W70/><G29/><T115/><D115/><U94/><AGARI ba="0,1" hai="12,15,50,54,57,87,91,93,94,98,101" m="2123" machi="94" ten="30,1500,0" yaku="8,1" doraHai="75" who="1" fromWho="1" sc="230,-5,260,25,250,-5,250,-5" /><INIT seed="1,1,0,5,0,127" ten="225,285,245,245" oya="1" hai0="45,41,90,105,71,34,25,79,83,109,37,131,134" hai1="111,130,56,4,85,126,57,18,88,65,121,52,102" hai2="106,38,11,13,75,95,40,114,44,16,87,80,74" hai3="77,30,39,125,12,72,53,61,43,122,115,9,64"/><U124/><E121/><V50/><F114/><W3/><G122/><T104/><D71/><U32/><E32/><V28/><F106/><W69/><G115/><T8/><D134/><U107/><E4/><V93/><F28/><W67/><G125/><N who="1" m="48234" /><E65/><V117/><F117/><W15/><G64/><T113/><D113/><U128/><E111/><V20/><F95/><W94/><G94/><T60/><D60/><N who="1" m="35847" /><E57/><V129/><F129/><N who="1" m="49769" /><E18/><V120/><F16/><W27/><G67/><T84/><D109/><U66/><E66/><V10/><F120/><W17/><G17/><T0/><D131/><U81/><E102/><V91/><F44/><W62/><G69/><T132/><D34/><U59/><E59/><V108/><F108/><W54/><G62/><T76/><D45/><U26/><E26/><V116/><F116/><W14/><G61/><T101/><D25/><U24/><E24/><V35/><F35/><W42/><G27/><T96/><D101/><U7/><E7/><V98/><F10/><W123/><G9/><T19/><D8/><U63/><E107/><V82/><F11/><W86/><G123/><T110/><D110/><U46/><E63/><V89/><F20/><W21/><G21/><T6/><D19/><U97/><E97/><V36/><F98/><W58/><G58/><T49/><D96/><U100/><E100/><V23/><F23/><W103/><G103/><T119/><D6/><U73/><E46/><V2/><F13/><W112/><G14/><T99/><D99/><U33/><E33/><V135/><F135/><W22/><G15/><T51/><D119/><RYUUKYOKU ba="1,0" sc="225,-10,285,30,245,-10,245,-10" hai1="73,81,85,88" /><INIT seed="1,2,0,4,5,21" ten="215,315,235,235" oya="1" hai0="129,119,42,86,76,93,36,103,133,7,84,87,127" hai1="31,68,35,75,32,62,49,104,97,41,114,23,105" hai2="57,96,94,81,22,85,28,17,24,50,20,92,37" hai3="107,54,1,38,89,15,128,3,39,26,82,30,121"/><U6/><BYE who="3" /><E114/><UN n3="%74%61%6B%75%61%6B%61" /><V34/><F37/><W101/><G121/><T25/><D119/><U100/><E104/><V72/><F72/><W43/><G128/><T115/><D115/><U131/><E131/><V74/><F74/><W95/><G107/><T51/><D36/><U83/><E6/><V116/><F116/><W70/><G70/><T40/><D129/><U27/><E49/><V5/><F5/><W44/><G38/><T124/><D133/><U63/><E41/><N who="0" m="15977" /><D7/><U110/><E110/><V52/><F96/><W65/><G65/><T8/><D8/><U106/><E106/><V71/><F71/><W126/><G126/><N who="0" m="48171" /><D51/><U108/><E108/><V33/><F33/><W61/><G101/><T132/><D132/><U67/><E63/><V18/><F34/><W66/><G1/><T29/><D76/><N who="1" m="44447" /><E32/><V12/><F28/><W118/><G3/><T13/><D13/><U69/><E23/><V19/><F19/><W113/><G113/><T0/><D0/><U45/><E69/><V117/><F117/><W122/><G118/><T88/><D103/><U90/><E45/><V16/><F18/><W56/><G15/><T46/><D46/><U10/><E10/><V125/><F125/><W60/><G44/><T112/><D112/><U59/><E59/><V135/><F135/><W120/><G56/><T2/><D2/><U64/><E64/><V11/><F11/><W48/><G39/><T98/><D98/><U99/><E99/><V47/><F47/><W134/><G43/><T55/><D55/><U53/><E53/><V14/><F14/><W4/><G134/><RYUUKYOKU ba="2,0" sc="215,10,315,10,235,10,235,-30" hai0="25,29,84,86,87,88,93" hai1="27,31,35,62,67,68,90,97,100,105" hai2="12,16,17,20,22,24,50,52,57,81,85,92,94" /><INIT seed="1,3,0,2,2,115" ten="225,325,245,205" oya="1" hai0="84,1,49,82,25,106,53,5,128,87,15,76,60" hai1="125,112,92,73,70,130,126,121,119,38,17,134,91" hai2="32,104,131,88,9,30,39,94,11,132,71,29,100" hai3="93,56,13,46,133,37,7,113,72,123,101,86,22"/><U114/><RYUUKYOKU type="yao9" ba="3,0" sc="225,0,325,0,245,0,205,0" hai1="17,38,70,73,91,92,112,114,119,121,125,126,130,134" /><INIT seed="1,4,0,3,4,1" ten="225,325,245,205" oya="1" hai0="3,38,18,54,74,94,79,123,80,95,53,72,115" hai1="133,91,78,41,75,50,22,35,85,34,117,112,108" hai2="96,14,81,9,29,71,11,12,69,118,36,7,124" hai3="93,134,48,67,88,130,52,62,92,28,39,73,13"/><U131/><E112/><V70/><F118/><W15/><G39/><T99/><D115/><U27/><E117/><V65/><F124/><W89/><G73/><T97/><D38/><U55/><E41/><V0/><F36/><W126/><G126/><T23/><D3/><U2/><E133/><V44/><F44/><W109/><G109/><T25/><D123/><U116/><E2/><V105/><F29/><W86/><G28/><T104/><D104/><U119/><E131/><V42/><F42/><W5/><G130/><T49/><D74/><U106/><E106/><V30/><F30/><W4/><G134/><T10/><D10/><U26/><E26/><V102/><F81/><W8/><G62/><T111/><D111/><U76/><E75/><V17/><REACH who="2" step="1"/><F0/><REACH who="2" ten="225,325,235,205" step="2"/><W33/><G33/><T114/><D114/><U47/><E35/><V37/><F37/><W20/><G67/><AGARI ba="4,1" hai="7,9,11,12,14,17,65,67,69,70,71,96,102,105" machi="67" ten="40,2600,0" yaku="1,1,52,1,53,0" doraHai="1" doraHaiUra="45" who="2" fromWho="3" sc="225,0,325,0,235,48,205,-38" /><INIT seed="2,0,0,5,4,79" ten="225,325,283,167" oya="2" hai0="82,110,40,121,49,52,96,53,36,67,90,123,109" hai1="94,111,16,134,1,34,43,61,41,77,39,97,102" hai2="3,98,83,54,51,120,87,72,117,128,38,93,62" hai3="22,29,88,37,2,57,132,26,58,81,114,95,108"/><V23/><F117/><W63/><G108/><N who="0" m="41579" /><D96/><U86/><E134/><V135/><F120/><N who="0" m="46154" /><D36/><U131/><E131/><V35/><F128/><W89/><G132/><T103/><D103/><U19/><E1/><V56/><F38/><W42/><G114/><T116/><D116/><U0/><E0/><V25/><F3/><W126/><G2/><T8/><D8/><U115/><E39/><V91/><F135/><W84/><G126/><T12/><D12/><U101/><E97/><V78/><F35/><W28/><G28/><T15/><D15/><U66/><E34/><V14/><F14/><W4/><G4/><T127/><D127/><U46/><E102/><V24/><F51/><W105/><G105/><T133/><D67/><U71/><E101/><V44/><F44/><W31/><G31/><T7/><D7/><U5/><E5/><V124/><F124/><W73/><G73/><T70/><D70/><U80/><E46/><V20/><F23/><W64/><G37/><T18/><D18/><U50/><E50/><V48/><F48/><W17/><G17/><T118/><D118/><U100/><E19/><N who="2" m="12319" /><F25/><W55/><G42/><N who="1" m="15882" /><E111/><V99/><F99/><W11/><G11/><T68/><D133/><U47/><E47/><V27/><F27/><W45/><G45/><N who="0" m="25767" /><D68/><U85/><E71/><V74/><AGARI ba="0,0" hai="54,56,62,72,74,78,83,87,91,93,98" m="12319" machi="74" ten="30,3000,0" yaku="25,1,52,1" doraHai="79" who="2" fromWho="2" sc="225,-10,325,-10,283,30,167,-10" /><INIT seed="2,1,0,3,1,95" ten="215,315,313,157" oya="2" hai0="74,32,3,97,99,25,5,53,16,20,83,38,0" hai1="118,34,67,85,54,98,135,81,126,45,50,10,40" hai2="129,114,111,88,23,65,1,36,18,77,133,72,12" hai3="102,91,127,80,42,30,27,33,76,46,122,60,21"/><V107/><F114/><W101/><G122/><T103/><D38/><U125/><E34/><V87/><F129/><W131/><G131/><T71/><D71/><U92/><E135/><V15/><F133/><W11/><G127/><N who="1" m="48650" /><E67/><V84/><F1/><W61/><G33/><T37/><D37/><U132/><E118/><V79/><F111/><W55/><G91/><T64/><D64/><U119/><E119/><V100/><F36/><W13/><G102/><T2/><D5/><U115/><E115/><V39/><F39/><W63/><G101/><T68/><D68/><U123/><E10/><V47/><F47/><W70/><G70/><T86/><D74/><U128/><E128/><V73/><F65/><W62/><G55/><T9/><D9/><U113/><E113/><V59/><F59/><W124/><G124/><T17/><D17/><U108/><E108/><V105/><F18/><W121/><G121/><T43/><D43/><U112/><E132/><V48/><F100/><W56/><G56/><T7/><D7/><U66/><E66/><V96/><F23/><W22/><G22/><T24/><D53/><U90/><E112/><V6/><F6/><W57/><G57/><T94/><D99/><U120/><E54/><V117/><F117/><W93/><N who="3" m="15360" /><DORA hai="58" /><W35/><G35/><T51/><D51/><U116/><E116/><V4/><F4/><N who="3" m="3303" /><G42/><T26/><REACH who="0" step="1"/><D32/><REACH who="0" ten="205,315,313,157" step="2"/><U52/><E40/><V104/><F73/><N who="3" m="43023" /><G46/><T28/><D28/><U109/><E109/><V29/><F29/><W19/><G30/><T75/><D75/><U8/><E8/><V41/><F72/><RYUUKYOKU ba="1,1" sc="205,10,315,10,313,-30,157,10" hai0="0,2,3,16,20,24,25,26,83,86,94,97,103" hai1="45,50,52,81,85,90,92,98,120,123" hai3="19,21,27,93" /><INIT seed="3,2,1,5,1,67" ten="215,325,283,167" oya="3" hai0="31,114,131,105,124,71,122,27,87,117,79,9,98" hai1="95,41,82,89,64,46,4,37,52,56,81,61,132" hai2="12,8,57,123,128,133,50,36,13,43,34,68,115" hai3="130,121,104,26,32,22,47,112,6,55,54,88,10"/><W65/><G121/><T125/><D117/><U33/><E132/><V129/><F115/><W127/><G112/><T116/><D116/><U20/><E33/><V120/><F34/><W44/><G32/><N who="0" m="20607" /><D114/><U96/><E4/><V58/><F133/><W106/><G127/><N who="0" m="48715" /><D122/><N who="2" m="46634" /><F36/><W51/><G130/><N who="2" m="50281" /><F68/><W60/><G88/><T90/><D71/><N who="1" m="42383" /><E20/><V0/><F0/><W86/><G86/><T75/><D131/><U1/><E1/><V62/><F62/><W17/><G44/><T77/><D75/><U19/><E19/><N who="2" m="8583" /><F13/><W100/><G55/><T59/><D59/><U93/><E93/><V119/><F119/><W84/><G84/><T85/><D9/><U66/><E66/><V110/><F110/><W69/><REACH who="3" step="1"/><G100/><REACH who="3" ten="215,325,283,157" step="2"/><N who="0" m="62615" /><D87/><U108/><E108/><V134/><F134/><W73/><G73/><T42/><D42/><U53/><E53/><V126/><F126/><W135/><G135/><T102/><D102/><U70/><E52/><V48/><F43/><W39/><G39/><T83/><AGARI ba="2,2" hai="77,79,83,85,90" m="62615,48715,20607" machi="83" ten="30,1100,0" yaku="18,1" doraHai="67" who="0" fromWho="0" sc="215,37,325,-5,283,-5,157,-7" owari="252,-14.8,320,42.0,278,7.8,150,-35.0" /></mjloggm>