<mjloggm ver="2.3"><GO type="225" lobby="0"/><UN n0="%E6%97%A5%E6%9B%9C%E6%97%A5%E3%82%88%E3%82%8A%E3%81%AE%E4%BD%BF%E8%80%85" n1="%E3%81%82%E3%81%99%E3%81%AB%E3%82%83%E3%82%80" n2="%E3%83%9D%E3%83%B3%E3%83%9D%E3%82%B3%E5%95%86%E4%BA%8B" n3="%6C%61%6D%62" dan="18,16,16,16" rate="2162.44,2124.20,2101.61,2133.07" sx="M,F,M,M"/><TAIKYOKU oya="0"/><INIT seed="0,0,0,3,2,133" ten="250,250,250,250" oya="0" hai0="68,63,7,17,120,105,4,114,45,81,19,33,131" hai1="35,70,102,30,88,103,41,8,39,121,27,77,6" hai2="18,42,53,86,125,83,124,75,24,36,97,115,95" hai3="62,91,123,134,87,5,46,32,78,54,1,74,66"/><T80/><D105/><U25/><E121/><V126/><F115/><W96/><G32/><T129/><D33/><U20/><E70/><V40/><F75/><W34/><G34/><T0/><D45/><U48/><E39/><V135/><F135/><W90/><G134/><T79/><D114/><U10/><E77/><N who="2" m="46447" /><F36/><W57/><G123/><T65/><D120/><U61/><E61/><V106/><F106/><W85/><G74/><N who="0" m="43127" /><D81/><U128/><E128/><N who="0" m="49225" /><D0/><U9/><E6/><AGARI ba="0,0" hai="4,6,7,17,19,63,65,68" m="49225,43127" machi="6" ten="30,1500,0" yaku="19,1" doraHai="133" who="0" fromWho="1" sc="250,15,250,-15,250,0,250,0" /><INIT seed="0,1,0,3,3,30" ten="265,235,250,250" oya="0" hai0="98,32,16,8,34,43,73,22,29,41,20,122,52" hai1="54,112,89,24,100,74,77,117,10,23,67,76,101" hai2="46,18,90,102,48,127,2,26,132,125,9,60,42" hai3="92,86,62,85,19,97,31,113,109,134,39,55,25"/><T83/><D122/><U5/><E117/><V56/><F132/><W47/><G113/><T119/><D119/><U70/><E112/><V111/><F111/><W106/><G106/><T15/><D98/><U104/><E89/><V78/><F78/><W133/><G109/><T121/><D121/><U0/><E54/><V3/><F102/><W95/><G19/><T135/><D135/><N who="3" m="51721" /><G95/><T107/><D107/><U103/><E104/><V63/><F63/><W4/><G4/><T131/><D131/><U108/><E108/><V53/><F90/><N who="3" m="55447" /><G62/><T96/><D96/><U129/><E129/><V79/><F79/><W75/><G75/><T45/><D73/><U123/><E123/><V91/><F91/><W51/><G39/><T130/><D83/><U80/><E77/><V61/><F61/><W27/><G27/><T71/><D130/><U88/><E88/><V68/><F68/><W1/><G1/><T58/><D71/><U6/><E70/><V40/><F40/><W66/><G66/><T115/><D115/><U11/><E67/><V72/><F72/><W17/><G17/><T57/><D43/><U36/><E36/><V37/><F37/><W93/><G93/><T33/><D41/><U50/><E50/><V59/><F59/><N who="0" m="22538" /><D29/><U69/><E69/><V14/><REACH who="2" step="1"/><F26/><REACH who="2" ten="265,235,240,250" step="2"/><W38/><G38/><T99/><D99/><U84/><E74/><V105/><F105/><W118/><G118/><T116/><D116/><U49/><E103/><V110/><F110/><W124/><G124/><AGARI ba="1,1" hai="2,3,9,14,18,42,46,48,53,56,60,124,125,127" machi="124" ten="40,2600,0" yaku="1,1,18,1,53,0" doraHai="30" doraHaiUra="128" who="2" fromWho="3" sc="265,0,235,0,240,39,250,-29" /><INIT seed="1,0,0,1,0,110" ten="265,235,279,221" oya="1" hai0="116,92,65,58,134,59,19,60,55,89,51,114,35" hai1="73,119,47,26,130,68,118,98,43,2,87,66,30" hai2="123,113,37,112,64,77,85,91,86,62,31,4,22" hai3="75,10,12,50,117,94,41,90,25,6,7,72,1"/><U49/><E73/><V52/><F123/><W70/><G70/><T115/><D116/><U76/><E2/><V32/><F32/><W132/><G117/><T88/><D35/><U127/><E127/><V5/><F37/><W95/><G132/><T36/><D36/><U16/><E130/><V84/><F77/><W121/><G121/><T27/><D134/><U135/><E135/><V120/><F91/><W28/><G94/><T80/><D80/><U63/><E98/><V81/><F81/><W23/><G7/><T78/><D78/><U122/><E122/><V125/><F125/><W102/><G102/><T101/><D101/><U109/><E109/><V9/><F52/><W61/><G61/><T44/><D44/><U67/><E67/><V104/><F104/><W15/><G50/><T126/><D126/><U46/><E30/><V56/><F120/><W71/><G71/><T79/><D79/><U93/><E47/><V38/><F38/><W74/><REACH who="3" step="1"/><G41/><REACH who="3" ten="265,235,279,211" step="2"/><T124/><D124/><U99/><E118/><V3/><REACH who="2" step="1"/><F5/><REACH who="2" ten="265,235,269,211" step="2"/><W0/><G0/><T13/><D60/><U11/><E119/><V106/><F106/><W14/><G14/><T34/><D13/><U18/><E93/><V48/><F48/><W39/><G39/><T45/><D92/><U8/><E49/><V111/><F111/><W24/><G24/><AGARI ba="0,2" hai="3,4,9,22,24,31,56,62,64,84,85,86,112,113" machi="24" ten="40,5200,0" yaku="1,1,52,2,53,0" doraHai="110" doraHaiUra="100" who="2" fromWho="3" sc="265,0,235,0,269,72,211,-52" /><INIT seed="2,0,0,2,4,46" ten="265,235,341,159" oya="2" hai0="100,64,44,129,9,10,51,30,0,48,57,52,115" hai1="19,108,11,61,78,104,69,62,1,34,39,3,72" hai2="91,43,134,17,7,31,132,77,41,74,50,83,66" hai3="125,122,98,14,116,22,4,27,119,112,20,123,63"/><V135/><F31/><W82/><G82/><T53/><D115/><U25/><E39/><V127/><F127/><W28/><G98/><T73/><D73/><U103/><E108/><V101/><F101/><W15/><G63/><N who="0" m="37999" /><D0/><U81/><E69/><V130/><F130/><W18/><G125/><T45/><D129/><U86/><E72/><V37/><F37/><W36/><G36/><T21/><D100/><U71/><E71/><V114/><F114/><W106/><G106/><T42/><D42/><U120/><E120/><V99/><F7/><W12/><G112/><T97/><D97/><U113/><E113/><V128/><F128/><W49/><G49/><T70/><D70/><U102/><E104/><V124/><F124/><W131/><G131/><T6/><D6/><U67/><E1/><V84/><F99/><W92/><G92/><T96/><D96/><U93/><E3/><V40/><F17/><W107/><G107/><T59/><D45/><U117/><E117/><N who="3" m="45130" /><G4/><T80/><D80/><U88/><E103/><V5/><F5/><W54/><G54/><T95/><D95/><U2/><E102/><V55/><F66/><W33/><G33/><T60/><D60/><U105/><E105/><V79/><REACH who="2" step="1"/><F74/><REACH who="2" ten="265,235,331,159" step="2"/><W90/><G90/><T110/><D110/><U8/><E67/><V75/><F75/><W13/><AGARI ba="0,1" hai="12,13,14,15,18,20,22,27,28,122,123" m="45130" machi="13" ten="30,2000,0" yaku="34,2" doraHai="46" who="3" fromWho="3" sc="265,-5,235,-5,331,-10,159,30" /><INIT seed="3,0,0,1,0,12" ten="260,230,321,189" oya="3" hai0="71,100,44,68,123,72,49,105,104,77,114,55,25" hai1="88,81,126,18,20,99,37,62,13,52,117,70,74" hai2="38,42,93,118,43,84,28,108,112,119,129,3,5" hai3="110,115,47,35,79,97,133,59,132,23,39,67,135"/><W82/><G115/><T111/><D123/><U134/><E37/><V7/><F112/><W98/><G35/><T89/><D77/><U4/><E134/><V101/><F108/><W29/><G110/><T66/><D72/><U54/><E126/><V113/><F113/><W45/><G39/><T102/><D89/><U95/><E117/><V2/><F38/><W75/><G67/><T86/><D86/><N who="1" m="50255" /><E70/><V33/><F84/><W73/><G59/><T46/><D105/><U83/><E74/><V51/><F33/><W6/><G6/><T30/><D104/><U8/><E62/><V16/><F3/><W22/><G75/><T34/><D111/><U36/><E83/><V107/><F2/><W103/><G97/><T116/><D116/><U96/><E96/><V130/><F107/><N who="3" m="63991" /><G29/><T14/><D114/><U85/><E85/><V11/><F28/><W17/><G22/><T26/><D66/><U9/><E36/><V122/><F122/><W64/><G64/><T121/><D121/><U106/><E106/><V48/><F101/><W80/><G80/><T21/><D102/><N who="1" m="60799" /><E9/><V109/><F109/><W32/><G32/><T40/><D100/><U50/><E50/><V124/><F11/><W27/><AGARI ba="0,0" hai="17,23,27,45,47,73,79,82,132,133,135" m="63991" machi="27" ten="30,3000,0" yaku="20,1,52,1" doraHai="12" who="3" fromWho="3" sc="260,-10,230,-10,321,-10,189,30" /><INIT seed="3,1,0,4,4,34" ten="250,220,311,219" oya="3" hai0="29,79,75,17,33,16,112,120,117,47,12,124,84" hai1="107,32,119,71,27,101,74,91,25,87,76,132,45" hai2="66,85,51,114,20,99,92,118,56,68,6,134,22" hai3="103,4,95,52,69,80,122,123,46,54,89,86,19"/><W135/><G69/><T39/><D117/><U110/><E119/><V15/><F68/><W55/><G135/><T42/><D120/><U64/><E110/><V102/><F114/><W44/><G4/><T97/><D75/><U48/><E132/><V10/><F134/><W28/><G28/><T24/><D124/><U81/><E32/><V115/><F115/><W26/><G123/><T50/><D112/><U0/><E0/><V62/><F118/><W96/><G122/><T121/><D121/><U78/><E107/><V2/><F2/><W31/><REACH who="3" step="1"/><G19/><REACH who="3" ten="250,220,311,209" step="2"/><T7/><D7/><U35/><E71/><V94/><F51/><W72/><G72/><T131/><D17/><U126/><E74/><V116/><F116/><W8/><G8/><T65/><D16/><U70/><E70/><V67/><F67/><W57/><G57/><T100/><D65/><U40/><E64/><V36/><F36/><W41/><G41/><T133/><D42/><U60/><E35/><AGARI ba="1,1" hai="26,31,35,44,46,52,54,55,80,86,89,95,96,103" machi="35" ten="40,3900,0" yaku="1,1,54,1,53,0" doraHai="34" doraHaiUra="113" who="3" fromWho="1" sc="250,0,220,-42,311,0,209,52" /><INIT seed="3,2,0,3,2,67" ten="250,178,311,261" oya="3" hai0="54,74,66,10,115,100,47,17,95,11,81,6,98" hai1="101,72,104,62,91,61,94,80,29,2,36,114,20" hai2="5,107,87,73,26,90,16,135,106,21,117,84,127" hai3="15,22,93,65,69,119,71,96,33,59,110,0,76"/><W37/><G33/><T70/><D115/><U131/><E114/><V13/><F73/><W18/><G0/><T133/><D133/><U14/><E2/><V126/><F117/><W64/><G119/><T48/><D17/><U60/><E36/><V52/><F135/><W125/><G37/><T79/><REACH who="0" step="1"/><D6/><REACH who="0" ten="240,178,311,261" step="2"/><U120/><E120/><V97/><F5/><W34/><G18/><T27/><D27/><U113/><E113/><V103/><F26/><W7/><G7/><T12/><D12/><U85/><E131/><V39/><F126/><W78/><G15/><T56/><D56/><U99/><E14/><V116/><F127/><W89/><G59/><T45/><D45/><U129/><E129/><V122/><F116/><W41/><G125/><T105/><D105/><U8/><E8/><V121/><F107/><W128/><G128/><T9/><D9/><U19/><E19/><V132/><F132/><W49/><G71/><T3/><D3/><U38/><E38/><V123/><F39/><W111/><G69/><T32/><D32/><U82/><REACH who="1" step="1"/><E72/><REACH who="1" ten="240,168,311,261" step="2"/><V31/><F121/><W46/><G110/><T86/><D86/><U109/><E109/><V4/><F87/><W53/><G111/><T75/><D75/><U35/><E35/><V58/><F4/><W50/><G34/><T68/><D68/><U130/><E130/><V23/><F122/><W55/><G22/><T43/><D43/><U42/><E42/><V92/><F123/><W118/><G118/><T102/><D102/><U51/><E51/><N who="2" m="31007" /><F23/><W124/><G124/><T1/><D1/><U83/><E83/><RYUUKYOKU ba="2,2" sc="240,10,168,10,311,10,261,-30" hai0="10,11,47,48,54,66,70,74,79,81,95,98,100" hai1="20,29,60,61,62,80,82,85,91,94,99,101,104" hai2="13,16,21,31,84,90,92,97,103,106" owari="250,5.0,178,-32.2,341,44.1,231,-16.9" /></mjloggm>