<mjloggm ver="2.3"><GO type="225" lobby="0"/><UN n0="%E6%80%AA%E3%81%97%E3%81%99%E3%81%8E%E3%82%8B%E3%83%81%E3%83%BC" n1="%E5%84%AA%40%41%42%43" n2="%E2%91%A3%E9%81%BF%E9%81%8A%E6%88%AF%E3%80%90%E6%9D%B1%E5%8D%97%E3%80%91" n3="%48%61%61%61%6C%61%6E%64" dan="16,17,16,17" rate="2106.20,2234.88,2134.39,2149.02" sx="M,M,M,M"/><TAIKYOKU oya="0"/><INIT seed="0,0,0,3,2,44" ten="250,250,250,250" oya="0" hai0="68,69,96,102,108,123,75,12,92,77,47,21,24" hai1="94,34,85,127,111,78,30,15,2,60,117,49,6" hai2="110,8,70,42,17,43,38,72,31,128,124,132,98" hai3="20,99,63,112,104,25,106,27,26,114,101,135,13"/><T67/><D123/><U134/><E117/><V131/><F72/><W115/><G135/><T19/><D108/><U116/><E116/><V86/><F70/><W105/><G63/><T90/><D67/><U87/><E2/><V7/><F110/><W82/><G82/><T107/><D47/><U35/><E30/><V120/><F120/><W46/><G46/><T40/><D40/><U65/><E49/><V0/><F38/><W80/><G80/><N who="0" m="45119" /><D24/><U54/><E54/><V88/><F98/><W37/><G37/><T93/><D93/><U14/><E111/><V10/><F31/><W9/><REACH who="3" step="1"/><G20/><REACH who="3" ten="250,250,250,240" step="2"/><T11/><D21/><U122/><E122/><V1/><F132/><W51/><G51/><T100/><D100/><U89/><E134/><V33/><F33/><W56/><G56/><T29/><D68/><U83/><E35/><V18/><F43/><W79/><G79/><T61/><D61/><U64/><E34/><V95/><F42/><W97/><G97/><T55/><D69/><U103/><E60/><V84/><F84/><W59/><G59/><T130/><D102/><U71/><E103/><V28/><F86/><W36/><G36/><T23/><D107/><U62/><E65/><V22/><F95/><W121/><G121/><T53/><D130/><U45/><E45/><V4/><F88/><W50/><G50/><T74/><D74/><U129/><E129/><N who="2" m="49739" /><F124/><W125/><G125/><T57/><D57/><U126/><E127/><V5/><F22/><W118/><G118/><T41/><D41/><U109/><E126/><V52/><F52/><N who="0" m="20042" /><D23/><U73/><E73/><RYUUKYOKU ba="0,1" sc="250,15,250,-15,250,-15,240,15" hai0="11,12,19,29,90,92,96" hai3="9,13,25,26,27,99,101,104,105,106,112,114,115" /><INIT seed="0,1,1,1,2,54" ten="265,235,235,255" oya="0" hai0="77,78,123,133,126,108,11,68,74,36,83,64,58" hai1="92,39,80,51,56,24,85,128,127,53,18,86,114" hai2="90,7,26,1,70,29,43,57,48,65,19,118,106" hai3="42,13,60,41,71,50,120,37,135,76,30,104,14"/><T121/><D126/><U98/><E128/><V116/><F106/><W45/><G135/><T59/><D133/><U107/><E127/><V66/><F70/><W62/><G104/><T52/><D36/><U73/><E39/><V3/><F19/><W84/><G120/><T93/><D78/><U67/><E107/><V131/><F131/><W129/><G129/><T119/><D119/><U97/><E73/><V69/><F69/><W125/><G125/><T95/><D108/><U87/><E114/><V89/><F66/><W91/><G76/><T34/><D34/><U35/><E67/><V40/><F43/><N who="3" m="24895" /><G30/><T102/><D11/><U31/><E18/><V21/><F40/><N who="3" m="15467" /><G71/><T23/><D68/><U105/><E105/><V117/><F7/><W72/><G72/><T122/><D102/><U9/><E9/><V32/><F32/><W10/><G37/><T75/><D23/><U20/><E35/><V101/><F101/><W111/><G111/><T12/><D74/><U79/><E97/><V113/><F113/><W46/><G46/><T100/><D100/><AGARI ba="1,1" hai="20,24,31,51,53,56,79,80,85,86,87,92,98,100" machi="100" ten="30,3900,0" yaku="7,1,8,1,52,1" doraHai="54" who="1" fromWho="0" sc="265,-42,235,52,235,0,255,0" /><INIT seed="1,0,0,3,4,123" ten="223,287,235,255" oya="1" hai0="65,108,127,22,130,115,36,54,128,131,107,79,81" hai1="53,10,66,91,114,29,125,14,43,124,121,41,88" hai2="33,69,56,72,49,95,28,47,57,23,40,58,51" hai3="68,102,20,0,129,48,2,87,59,85,118,67,19"/><U90/><E121/><V101/><F72/><W64/><G129/><T35/><D35/><U134/><E114/><V46/><F33/><W105/><G118/><T111/><D115/><U7/><E134/><V12/><F69/><W84/><G68/><T89/><D127/><N who="1" m="48715" /><E66/><V73/><F73/><W37/><G37/><T104/><D36/><U119/><E119/><V135/><F135/><W38/><G38/><T122/><D122/><U8/><E29/><V126/><F126/><W15/><G64/><T17/><D65/><U97/><E97/><N who="2" m="59583" /><F28/><W99/><REACH who="3" step="1"/><G48/><REACH who="3" ten="223,287,235,245" step="2"/><N who="2" m="18505" /><F40/><W25/><G25/><N who="0" m="14543" /><D54/><U52/><E43/><V61/><F61/><AGARI ba="0,1" hai="0,2,15,19,20,59,61,67,84,85,87,99,102,105" machi="61" ten="40,1300,0" yaku="1,1,53,0" doraHai="123" doraHaiUra="70" who="3" fromWho="2" sc="223,0,287,0,235,-13,245,23" /><INIT seed="2,0,0,3,2,111" ten="223,287,222,268" oya="2" hai0="33,44,73,76,132,70,118,75,98,48,110,61,59" hai1="69,94,113,91,93,18,121,36,35,57,10,127,62" hai2="28,7,84,122,134,66,112,100,99,103,87,12,5" hai3="6,55,21,90,38,97,8,15,74,67,126,20,125"/><V9/><F122/><W50/><G38/><T101/><D110/><U0/><E113/><V19/><F112/><W77/><G67/><T58/><D33/><U123/><E36/><V54/><F134/><W108/><G108/><T45/><D132/><U51/><E35/><V68/><F28/><W47/><G74/><T3/><D3/><U4/><E127/><N who="3" m="48650" /><G77/><T42/><D118/><U119/><E119/><V60/><F54/><W30/><G30/><T130/><D130/><U81/><E51/><V82/><F103/><W49/><G49/><T104/><D76/><U129/><E69/><V53/><F53/><W78/><G78/><T40/><D70/><U27/><E81/><V92/><REACH who="2" step="1"/><F87/><REACH who="2" ten="223,287,212,268" step="2"/><W80/><G97/><T43/><D43/><U95/><E129/><V72/><F72/><W11/><G11/><T26/><D75/><U83/><E123/><V86/><F86/><AGARI ba="0,1" hai="6,8,15,20,21,47,50,55,80,86,90" m="48650" machi="86" ten="30,1000,0" yaku="18,1" doraHai="111" who="3" fromWho="2" sc="223,0,287,0,212,-10,268,20" /><INIT seed="3,0,0,5,3,0" ten="223,287,202,288" oya="3" hai0="50,42,21,61,51,68,82,130,14,99,35,40,73" hai1="44,62,120,28,34,86,58,90,119,56,5,36,33" hai2="60,31,4,12,52,45,13,92,124,112,75,65,111" hai3="77,16,15,17,105,53,128,78,107,117,100,23,69"/><W134/><G117/><T80/><D35/><U55/><E120/><V7/><F112/><W131/><G134/><T122/><D122/><U59/><E119/><V22/><F75/><W18/><G69/><T132/><D132/><U133/><E133/><V63/><F124/><W46/><G53/><T38/><D38/><U39/><E5/><N who="2" m="2123" /><F92/><W64/><G64/><T135/><D130/><N who="3" m="49705" /><G46/><T84/><D73/><U96/><E96/><V102/><F102/><W89/><G89/><T41/><D99/><U37/><E28/><V81/><F81/><W9/><G100/><T121/><D82/><U26/><E34/><V66/><F111/><W103/><G103/><T19/><D121/><U87/><E33/><V27/><F66/><W1/><G1/><T49/><D135/><U116/><E116/><V54/><F65/><W97/><G97/><T108/><D108/><U67/><E87/><V74/><F74/><W48/><G107/><T95/><D95/><U70/><E86/><V109/><F109/><W93/><G93/><T127/><D127/><U25/><E90/><V106/><F106/><W98/><G98/><T30/><D68/><U104/><E104/><V24/><F24/><N who="3" m="14439" /><G105/><T114/><D114/><U113/><E113/><V85/><F85/><W32/><G32/><T8/><D84/><U129/><E129/><V83/><F83/><W110/><G110/><T29/><D80/><U115/><E115/><V3/><F3/><W91/><G91/><T125/><D125/><U43/><E26/><V47/><F54/><W72/><G72/><T71/><D8/><U76/><E55/><RYUUKYOKU ba="0,0" sc="223,30,287,-10,202,-10,288,-10" hai0="14,19,21,29,30,40,41,42,49,50,51,61,71" /><INIT seed="4,1,0,4,2,94" ten="253,277,192,278" oya="0" hai0="128,121,102,50,84,59,115,37,15,46,76,71,17" hai1="62,19,42,130,86,32,106,104,27,131,75,64,5" hai2="103,60,91,4,116,2,36,24,28,3,100,68,107" hai3="120,87,81,99,85,65,74,88,22,101,30,33,126"/><T113/><D121/><U25/><E75/><V20/><F116/><W44/><G120/><T66/><D128/><N who="1" m="49195" /><E5/><V51/><F36/><W41/><G126/><T49/><D102/><U34/><E42/><V110/><F110/><W93/><G65/><T108/><D108/><U119/><E119/><V18/><F103/><W55/><G33/><N who="1" m="12906" /><E86/><V134/><F134/><W124/><G124/><T132/><D132/><U61/><E19/><V9/><F91/><W70/><G74/><T69/><D37/><U0/><E0/><V56/><F68/><N who="0" m="26186" /><D84/><U13/><E13/><V67/><F51/><N who="3" m="29159" /><G70/><T10/><D76/><U52/><E52/><V38/><F38/><W77/><G41/><T48/><D66/><U82/><E82/><V39/><F39/><W112/><G112/><N who="0" m="43083" /><D59/><U40/><E40/><AGARI ba="1,0" hai="10,15,17,40,46,48,49,50" m="43083,26186" machi="40" ten="30,1500,0" yaku="15,1" doraHai="94" who="0" fromWho="1" sc="253,18,277,-18,192,0,278,0" /><INIT seed="4,2,0,4,0,32" ten="271,259,192,278" oya="0" hai0="93,30,14,4,1,0,124,36,71,16,91,88,107" hai1="95,92,94,80,8,19,112,24,13,109,105,52,50" hai2="118,110,129,57,117,64,54,97,85,89,66,108,28" hai3="70,128,65,68,116,21,83,18,98,96,125,61,2"/><T3/><D107/><U121/><E109/><N who="2" m="42091" /><F97/><W86/><G116/><N who="2" m="44649" /><F28/><W99/><G125/><T133/><D36/><U38/><E121/><V62/><F129/><W53/><G128/><T135/><D71/><U23/><E112/><V74/><F74/><W78/><G2/><T26/><D124/><U72/><E38/><V67/><F85/><W100/><G53/><T76/><D4/><U134/><E134/><N who="0" m="51209" /><D76/><U84/><E105/><V123/><F89/><W6/><G6/><T7/><D93/><U73/><E73/><V87/><F87/><W49/><G49/><T126/><D7/><U27/><E72/><V106/><F106/><W131/><G131/><T69/><D69/><U122/><E122/><AGARI ba="2,0" hai="54,57,62,64,66,67,122,123" m="44649,42091" machi="122" ten="40,5200,0" yaku="12,1,34,2" doraHai="32" who="2" fromWho="1" sc="271,0,259,-58,192,58,278,0" /><INIT seed="5,0,0,2,2,20" ten="271,201,250,278" oya="1" hai0="121,22,130,117,88,120,1,16,132,134,45,72,2" hai1="126,58,61,115,12,59,36,128,34,90,42,78,64" hai2="133,15,10,99,108,63,75,11,62,17,81,71,56" hai3="3,135,52,86,124,97,47,21,13,38,96,41,37"/><U129/><E34/><V28/><F108/><W116/><G3/><N who="0" m="1035" /><D72/><U76/><E115/><V67/><F133/><N who="0" m="51306" /><D45/><N who="1" m="23751" /><E90/><V0/><F28/><W26/><G135/><T60/><D60/><N who="1" m="37911" /><E12/><V85/><F75/><W74/><G74/><T94/><D130/><N who="1" m="50283" /><E126/><V118/><F118/><W127/><G116/><T107/><D107/><U110/><E110/><V29/><F29/><W7/><G124/><T100/><D100/><U83/><E83/><V48/><F99/><W106/><G127/><T44/><D44/><U80/><E80/><V57/><F48/><W103/><G97/><N who="0" m="57543" /><D117/><U8/><E8/><V5/><REACH who="2" step="1"/><F63/><REACH who="2" ten="271,201,240,278" step="2"/><W19/><G37/><T23/><D23/><U73/><E73/><V131/><F131/><W109/><G109/><T31/><D31/><U104/><E104/><V54/><F54/><AGARI ba="0,1" hai="54,59,61,76,78" m="50283,37911,23751" machi="54" ten="30,1500,0" yaku="19,1" doraHai="20" who="1" fromWho="2" sc="271,0,201,25,240,-15,278,0" /><INIT seed="5,1,0,0,0,18" ten="271,226,225,278" oya="1" hai0="87,58,44,103,53,112,80,36,101,68,96,32,49" hai1="17,129,86,9,22,38,34,37,94,99,52,54,110" hai2="72,26,76,10,40,47,67,100,77,30,128,92,43" hai3="114,95,105,107,130,57,35,62,117,93,83,56,135"/><U11/><E34/><V7/><F128/><W3/><G35/><T46/><D112/><U63/><E129/><V108/><F108/><W115/><G130/><T2/><D68/><U60/><E110/><V123/><F123/><W33/><G33/><T104/><D32/><U70/><E38/><V119/><F119/><W121/><G3/><T98/><D2/><U42/><E37/><V51/><F43/><W59/><G121/><T15/><D15/><N who="1" m="9535" /><E42/><V90/><F100/><W24/><G117/><T102/><D36/><U106/><E106/><N who="3" m="40458" /><G24/><T84/><D84/><U39/><E70/><V25/><F67/><W134/><G83/><T109/><D109/><U78/><E39/><V20/><F26/><W88/><G62/><N who="1" m="23594" /><E86/><N who="2" m="52311" /><F72/><W8/><G114/><T28/><D28/><U113/><E78/><V41/><F40/><W122/><G115/><T61/><D104/><U82/><E82/><V120/><F120/><W55/><G122/><T75/><D75/><U97/><E113/><V131/><F131/><W27/><G93/><T19/><D61/><U81/><E81/><V31/><F31/><W73/><G73/><T5/><D80/><U14/><E9/><V66/><F66/><W71/><G8/><T45/><D87/><U132/><E132/><V85/><F85/><N who="3" m="52623" /><G71/><T64/><D64/><U48/><E94/><V91/><F91/><W29/><G134/><T127/><D101/><U16/><E54/><V125/><F125/><W6/><G135/><T118/><D127/><U116/><E116/><V79/><F10/><W126/><G126/><T13/><D118/><U23/><E11/><RYUUKYOKU ba="1,0" sc="271,-15,226,15,225,15,278,-15" hai1="14,16,23,48,52,97,99" hai2="7,20,25,30,41,47,51,76,77,79" /><INIT seed="5,2,0,1,1,123" ten="256,241,240,263" oya="1" hai0="58,116,23,17,49,66,30,105,86,81,69,10,124" hai1="36,101,135,6,31,110,119,2,91,87,43,27,117" hai2="42,32,129,128,52,9,78,108,65,18,20,111,55" hai3="132,35,130,99,114,4,77,113,28,92,57,68,41"/><U100/><E91/><V33/><F9/><W59/><G68/><T12/><D105/><U126/><E87/><V0/><F78/><W70/><G70/><T74/><D74/><U94/><E100/><V11/><F65/><W97/><G130/><N who="2" m="50281" /><F42/><W50/><G4/><T21/><D124/><U83/><E126/><V61/><F11/><W53/><G41/><T103/><D69/><U16/><E83/><V90/><F90/><W38/><G77/><T72/><D72/><U45/><E135/><V3/><F20/><W73/><G132/><T40/><D103/><U64/><E64/><V47/><F18/><W102/><G73/><T122/><D122/><U44/><E16/><V25/><F61/><W62/><G62/><N who="0" m="38231" /><D116/><N who="1" m="44619" /><E44/><V118/><F118/><W37/><G102/><T8/><D40/><U98/><E6/><V34/><F25/><W22/><G22/><T109/><D23/><N who="1" m="15871" /><E2/><N who="2" m="555" /><F47/><W24/><G24/><T51/><D10/><U39/><E39/><V26/><F26/><N who="3" m="18839" /><G37/><T46/><D8/><U82/><E82/><V56/><F56/><W5/><G38/><T133/><D133/><U84/><E84/><V96/><F96/><W115/><G5/><T85/><D46/><U127/><E127/><V19/><F19/><W79/><G79/><N who="0" m="46271" /><D86/><U89/><E89/><V121/><F121/><W107/><G97/><T134/><D134/><U13/><E13/><V125/><F125/><W71/><G99/><T14/><D14/><U60/><E60/><V120/><F120/><W48/><G115/><T63/><D63/><U15/><E15/><V80/><F80/><W7/><G114/><RYUUKYOKU ba="2,0" sc="256,-15,241,15,240,15,263,-15" hai1="36,43,45,94,98,101,110" hai2="32,33,34,52,55,108,111" /><INIT seed="5,3,0,0,0,8" ten="241,256,255,248" oya="1" hai0="116,95,79,123,14,113,34,31,9,99,7,101,25" hai1="133,27,21,74,129,26,91,117,12,66,85,90,111" hai2="89,70,45,35,76,131,19,24,52,64,134,29,73" hai3="17,130,72,104,69,16,32,77,81,114,68,55,22"/><U65/><E117/><V61/><F134/><W43/><G32/><T44/><D116/><U121/><E74/><V59/><F131/><W132/><G130/><T97/><D113/><U87/><E121/><V1/><F1/><W10/><G114/><T105/><D123/><U58/><E129/><V118/><F118/><W119/><G119/><T135/><D135/><U39/><E39/><V51/><F89/><N who="1" m="33801" /><E133/><V60/><F19/><W63/><G104/><T4/><D79/><U100/><E100/><V37/><F76/><W88/><G43/><T20/><D44/><U86/><E111/><V3/><F3/><W110/><G110/><T120/><D120/><U103/><E103/><V36/><REACH who="2" step="1"/><F73/><REACH who="2" ten="241,256,245,248" step="2"/><W126/><G132/><T128/><D7/><U54/><E87/><V15/><F15/><W0/><G0/><T115/><D128/><U11/><E86/><V30/><F30/><W42/><G72/><T92/><D115/><U5/><E85/><V33/><F33/><W125/><G77/><T53/><D34/><U83/><E27/><V80/><F80/><W82/><G82/><T127/><D99/><U71/><E83/><V98/><F98/><W102/><G81/><T40/><D97/><U23/><E26/><V94/><F94/><W2/><G88/><T49/><D95/><U57/><E12/><V48/><F48/><W41/><G2/><T28/><D92/><U112/><E5/><V122/><F122/><W6/><G6/><T18/><D4/><U84/><E112/><V75/><F75/><W13/><G13/><T50/><D14/><U124/><E84/><RYUUKYOKU ba="3,1" sc="241,-10,256,-10,245,30,248,-10" hai2="24,29,35,36,37,45,51,52,59,60,61,64,70" /><INIT seed="6,4,1,5,2,60" ten="231,246,275,238" oya="2" hai0="9,104,85,89,126,15,38,58,121,52,133,63,59" hai1="107,134,118,24,1,109,47,12,91,26,66,39,86" hai2="5,31,125,54,46,40,57,2,102,112,90,71,130" hai3="70,27,100,114,8,97,122,56,124,117,29,28,128"/><V10/><F71/><W81/><G117/><T50/><D121/><U96/><E109/><V116/><F116/><W135/><G122/><T61/><D126/><U33/><E1/><V18/><F125/><W110/><G124/><T36/><D133/><U120/><E118/><V23/><F130/><W113/><G110/><T87/><D104/><U74/><E120/><V6/><F112/><N who="3" m="43115" /><G70/><T49/><D38/><U101/><E66/><V108/><F108/><W132/><G128/><T131/><D36/><U78/><E33/><V53/><F6/><W72/><G8/><T0/><D0/><U3/><E12/><V99/><F31/><N who="3" m="11851" /><G27/><T76/><D131/><U94/><E3/><V67/><F90/><W17/><G17/><N who="0" m="8431" /><D76/><U88/><E91/><V69/><F69/><W48/><G72/><T129/><D129/><U62/><E134/><V51/><F57/><W95/><G81/><N who="0" m="49327" /><D87/><U82/><E62/><V34/><F34/><W44/><G132/><T20/><D20/><U43/><AGARI ba="4,1" hai="24,26,39,43,47,74,78,82,86,88,94,96,101,107" machi="43" ten="30,7900,0" yaku="0,1,24,2,54,1" doraHai="60" who="1" fromWho="1" sc="231,-24,246,101,275,-43,238,-24" owari="207,-29.3,347,44.7,232,3.2,214,-18.6" /></mjloggm>