<mjloggm ver="2.3"><GO type="225" lobby="0"/><UN n0="%E8%91%89%E5%B1%B1%E9%99%BD%E5%92%8C" n1="%E3%81%A1%E3%82%85%E3%81%86%E3%81%A9%E3%81%8F%E8%B1%A1%E3%81%95%E3%82%93" n2="%4E%49%4A%49%49%52%4F" n3="%4D%50%43%32%38%30%30" dan="16,17,16,16" rate="2111.29,2189.68,2193.64,2104.95" sx="M,M,M,M"/><TAIKYOKU oya="0"/><INIT seed="0,0,0,4,4,100" ten="250,250,250,250" oya="0" hai0="44,10,108,87,7,81,46,127,50,16,135,130,18" hai1="28,88,102,103,70,40,122,5,43,97,91,31,72" hai2="61,77,0,112,54,111,78,35,12,90,121,41,64" hai3="116,66,55,22,37,119,65,49,34,42,133,104,29"/><T73/><D73/><U51/><E122/><V11/><F0/><W123/><G34/><T92/><D135/><U60/><E72/><V124/><F121/><W38/><G29/><T4/><D130/><U118/><E5/><V99/><F112/><W21/><G123/><T9/><D92/><U98/><E51/><V67/><F124/><W96/><G96/><T132/><D132/><U36/><E60/><V126/><F35/><W57/><G133/><T101/><D101/><U59/><E59/><N who="2" m="35063" /><F111/><W19/><G22/><T45/><D50/><U39/><REACH who="1" step="1"/><E70/><REACH who="1" ten="250,240,250,250" step="2"/><V84/><F126/><W47/><G38/><T95/><D127/><U17/><E17/><N who="0" m="6761" /><D108/><U129/><E129/><V69/><F69/><W2/><G119/><AGARI ba="0,1" hai="28,31,36,39,40,43,88,91,97,98,102,103,118,119" machi="119" ten="25,12000,2" yaku="1,1,22,2,54,1,53,2" doraHai="100" doraHaiUra="68" who="1" fromWho="3" sc="250,0,240,130,250,0,250,-120" /><INIT seed="1,0,0,3,5,38" ten="250,370,250,130" oya="1" hai0="115,78,20,75,119,51,6,127,49,76,19,124,65" hai1="10,57,18,60,68,34,104,112,82,33,108,1,95" hai2="21,47,52,122,3,129,59,106,132,81,133,66,91" hai3="88,45,99,55,131,43,7,97,42,85,114,41,107"/><U37/><E112/><V32/><F122/><W113/><G131/><T48/><D119/><U105/><E104/><V98/><F32/><W58/><G45/><T109/><D115/><U0/><E68/><V126/><F3/><W61/><G99/><T103/><D109/><U96/><E37/><V44/><F129/><W4/><G113/><T84/><D65/><U117/><E105/><V80/><F126/><N who="0" m="48170" /><D75/><U64/><E117/><V135/><F66/><W101/><REACH who="3" step="1"/><G114/><REACH who="3" ten="250,370,250,120" step="2"/><T54/><D103/><U71/><E96/><V69/><F98/><W12/><G12/><N who="0" m="9319" /><D6/><U118/><E0/><V134/><F134/><W87/><G87/><T123/><D123/><U92/><E1/><V125/><F125/><W94/><AGARI ba="0,1" hai="4,7,41,42,43,55,58,61,85,88,94,97,101,107" machi="94" ten="30,12000,2" yaku="1,1,0,1,52,3,54,1,53,0" doraHai="38" doraHaiUra="77" who="3" fromWho="3" sc="250,-30,370,-60,250,-30,120,130" /><INIT seed="2,0,0,2,1,5" ten="220,310,220,250" oya="2" hai0="112,132,121,79,119,61,13,28,0,6,62,97,66" hai1="122,3,34,40,11,55,83,129,71,1,26,48,70" hai2="84,123,67,17,9,134,135,27,120,31,89,19,52" hai3="85,33,92,74,93,110,95,106,103,127,87,39,53"/><V104/><F104/><W25/><G39/><T63/><D112/><U96/><E40/><V117/><F117/><W4/><G33/><T69/><D121/><N who="2" m="46666" /><F67/><W131/><G25/><T65/><D119/><U113/><E122/><V44/><F89/><W8/><G110/><T51/><D0/><U126/><E113/><V116/><F116/><W108/><G108/><T128/><D79/><U56/><E83/><V76/><F76/><W114/><G74/><T94/><D28/><U130/><E96/><V45/><F84/><W18/><G87/><T23/><D128/><N who="1" m="49259" /><E126/><V102/><F102/><W10/><G85/><T38/><D38/><U41/><E41/><V118/><F118/><W77/><G127/><T32/><D97/><U58/><E58/><V49/><F44/><W133/><G77/><T99/><D99/><U115/><E115/><V24/><F31/><W30/><G30/><T14/><D94/><U64/><E34/><V111/><F111/><W81/><G103/><T98/><D32/><U35/><E35/><V59/><F59/><W21/><G81/><T91/><D98/><U29/><E64/><V90/><F90/><W22/><G114/><T46/><D91/><U36/><E36/><V124/><F124/><W68/><G106/><T107/><D107/><U109/><E109/><V78/><F78/><W82/><G82/><T75/><D66/><U37/><E37/><V80/><F80/><W88/><G88/><T47/><D65/><U42/><E70/><V15/><F24/><N who="3" m="14391" /><G131/><T101/><D101/><U12/><E71/><V72/><F72/><W2/><G68/><RYUUKYOKU ba="0,0" sc="220,-10,310,-10,220,30,250,-10" hai2="9,15,17,19,27,45,49,52,134,135" /><INIT seed="2,1,0,3,2,9" ten="210,300,250,240" oya="2" hai0="34,84,117,118,54,102,78,79,25,11,122,44,77" hai1="99,94,21,74,88,37,91,29,68,119,106,86,71" hai2="39,42,50,90,3,62,23,40,133,1,12,57,56" hai3="126,58,134,30,51,55,48,35,26,85,10,98,130"/><V65/><F39/><W19/><G134/><T121/><D102/><U135/><E119/><N who="0" m="45577" /><D84/><U76/><E37/><V93/><F133/><W28/><G130/><T0/><D34/><U120/><E135/><V63/><F1/><W87/><G126/><T75/><D75/><U123/><E29/><V4/><F3/><W32/><G98/><T8/><D25/><U105/><E21/><V89/><F50/><W20/><G30/><T49/><D0/><U7/><E7/><V47/><F47/><W64/><G64/><T16/><D11/><U46/><E46/><V116/><F116/><W6/><G48/><T108/><D108/><U27/><E27/><V81/><F81/><W103/><G103/><T38/><D38/><U115/><E115/><V128/><F128/><W101/><G101/><T97/><D97/><U95/><E74/><V13/><F4/><W5/><G5/><T15/><AGARI ba="1,0" hai="8,15,16,44,49,54,77,78,79,121,122" m="45577" machi="15" ten="40,5200,0" yaku="12,1,52,1,54,1" doraHai="9" who="0" fromWho="0" sc="210,55,300,-14,250,-27,240,-14" /><INIT seed="3,0,0,5,5,129" ten="265,286,223,226" oya="3" hai0="17,133,122,18,32,118,15,77,117,42,89,106,63" hai1="34,28,125,12,6,123,45,96,100,124,128,16,61" hai2="55,24,47,37,43,65,11,83,132,72,5,98,88" hai3="82,58,4,115,102,29,53,80,70,91,57,92,95"/><W14/><G115/><T21/><D122/><U1/><E128/><V73/><F65/><W36/><G70/><T104/><D77/><U9/><E123/><V126/><F126/><N who="1" m="48745" /><E45/><V79/><F72/><W60/><G36/><T90/><D32/><U22/><E61/><V49/><F24/><W33/><G33/><T97/><D42/><U113/><E113/><V105/><F132/><W66/><G29/><T31/><D97/><U71/><E71/><V86/><F105/><W119/><G119/><T0/><D0/><U39/><E39/><V2/><F98/><N who="3" m="59719" /><G14/><T103/><D31/><U68/><E68/><V56/><REACH who="2" step="1"/><F73/><REACH who="2" ten="265,286,213,226" step="2"/><W112/><G112/><T94/><D106/><N who="1" m="63751" /><E28/><V19/><F19/><W50/><G4/><T135/><D104/><U41/><E34/><V46/><F46/><W110/><G110/><T40/><D18/><U59/><E59/><V84/><F84/><AGARI ba="0,1" hai="50,53,57,58,60,66,80,82,84,91,95" m="59719" machi="84" ten="30,1500,0" yaku="8,1" doraHai="129" who="3" fromWho="2" sc="265,0,286,0,213,-15,226,25" /><INIT seed="3,1,0,4,3,85" ten="265,286,198,251" oya="3" hai0="52,125,38,44,107,106,54,60,69,104,48,40,50" hai1="79,70,115,14,105,123,41,58,61,90,6,111,2" hai2="35,129,93,124,34,113,30,64,135,102,36,122,103" hai3="15,127,94,16,116,1,19,31,121,95,8,56,117"/><W25/><G121/><T101/><D101/><U7/><E123/><V86/><F122/><W133/><G133/><T92/><D125/><U73/><E115/><V128/><F135/><W12/><G1/><T88/><D69/><U17/><E105/><V87/><F113/><W33/><G127/><T27/><D27/><U83/><E70/><V120/><F124/><W21/><REACH who="3" step="1"/><G56/><REACH who="3" ten="265,286,198,241" step="2"/><T98/><REACH who="0" step="1"/><D54/><REACH who="0" ten="255,286,198,241" step="2"/><U46/><E2/><V32/><F120/><W131/><G131/><T110/><D110/><U62/><E111/><V80/><F129/><W100/><G100/><T114/><D114/><U29/><E58/><AGARI ba="1,2" hai="38,40,44,48,50,52,58,60,88,92,98,104,106,107" machi="58" ten="40,8000,1" yaku="1,1,52,1,54,2,53,0" doraHai="85" doraHaiUra="13" who="0" fromWho="1" sc="255,103,286,-83,198,0,241,0" owari="358,45.8,203,-19.7,198,-30.2,241,4.1" /></mjloggm>