<mjloggm ver="2.3"><GO type="225" lobby="0"/><UN n0="%E6%81%AC%E6%B7%A1%E5%AF%82%E5%AF%9E" n1="%E8%A8%88%E7%AE%97%E6%A9%9F%E8%87%AA%E7%84%B6" n2="%72%61%6B%33" n3="%E7%9C%89%E6%9C%AC%E6%A5%A0%E5%90%BE" dan="16,17,16,16" rate="2110.41,2171.48,2160.41,2054.73" sx="F,M,M,M"/><TAIKYOKU oya="0"/><INIT seed="0,0,0,0,2,121" ten="250,250,250,250" oya="0" hai0="28,58,42,124,96,74,18,118,92,72,13,41,19" hai1="116,111,80,17,54,16,39,134,132,113,9,56,65" hai2="104,95,24,91,112,27,22,103,78,30,89,109,57" hai3="135,44,108,15,98,1,73,10,26,130,31,32,5"/><T48/><D118/><U35/><E116/><V36/><F112/><W49/><G73/><T70/><D70/><U14/><E39/><V85/><F36/><W82/><G135/><N who="1" m="51754" /><E113/><V126/><F126/><W51/><G51/><T50/><D28/><U102/><E35/><V75/><F91/><W97/><G130/><T11/><D124/><U105/><E65/><V52/><F27/><W33/><G33/><T81/><D74/><U88/><E111/><V47/><F47/><W127/><G127/><T53/><D48/><N who="1" m="30791" /><E105/><V62/><F109/><W6/><G108/><T8/><D81/><U67/><E67/><V94/><F94/><W125/><G125/><T71/><D71/><U63/><E63/><V66/><F66/><W133/><G133/><T23/><D72/><U43/><E102/><V76/><F76/><W34/><BYE who="2" /><G34/><T2/><D2/><U128/><E43/><N who="0" m="16393" /><D19/><N who="1" m="8655" /><E128/><V61/><F61/><W7/><G1/><T106/><D106/><U101/><E101/><AGARI ba="0,0" hai="8,11,13,18,23,50,53,58,92,96,101" m="16393" machi="101" ten="30,1500,0" yaku="8,1" doraHai="121" who="0" fromWho="1" sc="250,15,250,-15,250,0,250,0" /><INIT seed="0,1,0,1,0,68" ten="265,235,250,250" oya="0" hai0="1,132,118,75,59,36,52,28,93,39,134,109,90" hai1="78,133,26,119,88,79,106,2,123,95,11,53,77" hai2="46,115,102,47,34,120,42,44,72,4,5,17,117" hai3="3,50,31,86,51,105,107,87,41,19,66,61,114"/><T23/><D118/><U57/><E119/><V127/><F127/><W84/><G114/><T63/><D1/><U56/><E123/><V43/><F43/><W98/><G3/><T27/><D75/><U24/><E106/><V121/><F121/><W67/><G31/><T128/><D128/><U30/><E133/><N who="0" m="51305" /><D109/><U111/><E111/><V122/><F122/><W13/><G41/><T112/><D112/><U81/><E81/><V103/><F103/><W85/><N who="3" m="21504" /><DORA hai="45" /><W70/><G67/><T97/><AGARI ba="1,0" hai="23,27,28,36,39,52,59,63,90,93,97" m="51305" machi="97" ten="30,11700,0" yaku="20,1,52,2,54,1" doraHai="68,45" who="0" fromWho="0" sc="265,120,235,-40,250,-40,250,-40" /><INIT seed="0,2,0,5,4,35" ten="385,195,210,210" oya="0" hai0="46,109,92,14,100,116,7,58,127,122,62,10,25" hai1="6,38,65,5,112,63,99,34,114,77,27,102,50" hai2="107,82,43,113,125,123,103,21,41,33,54,132,101" hai3="28,70,51,119,47,126,9,57,120,121,31,49,20"/><T73/><D116/><U67/><E38/><V40/><F40/><W98/><G119/><T80/><D122/><N who="3" m="47209" /><G70/><T86/><D73/><U88/><E77/><V84/><F84/><W91/><G126/><T96/><D127/><U95/><E50/><N who="3" m="18954" /><G47/><T85/><D109/><U131/><E131/><V75/><F75/><W4/><G57/><T48/><D25/><U106/><E34/><V135/><F135/><W133/><G133/><T52/><REACH who="0" step="1"/><D80/><REACH who="0" ten="375,195,210,210" step="2"/><U128/><E27/><V94/><F94/><N who="3" m="56671" /><G20/><T93/><D93/><U11/><E128/><V129/><F129/><W83/><G83/><T32/><D32/><U29/><E95/><V130/><F130/><W42/><G42/><AGARI ba="2,1" hai="7,10,14,42,46,48,52,58,62,85,86,92,96,100" machi="42" ten="30,11600,0" yaku="1,1,7,1,8,1,54,1,53,0" doraHai="35" doraHaiUra="16" who="0" fromWho="3" sc="375,132,195,0,210,0,210,-122" /><INIT seed="0,3,0,1,0,104" ten="507,195,210,88" oya="0" hai0="41,62,98,56,129,126,111,35,30,89,42,90,11" hai1="50,53,114,44,32,57,105,86,24,63,25,108,123" hai2="3,19,28,7,72,12,61,132,27,22,99,128,20" hai3="52,49,71,2,115,6,29,16,81,80,73,15,130"/><T135/><D129/><U91/><E123/><V40/><F40/><W69/><G115/><T51/><D135/><U45/><E105/><V77/><F77/><W93/><G130/><T131/><D131/><U0/><E0/><V127/><F127/><W121/><G121/><T66/><D126/><U110/><E114/><V43/><F43/><W113/><G113/><T120/><D120/><U18/><E32/><V78/><F78/><W5/><G71/><T38/><D38/><U23/><E24/><V118/><F118/><W9/><G69/><T36/><D36/><U60/><E63/><V8/><F8/><W95/><G29/><T83/><D11/><U14/><E25/><V116/><F116/><W13/><G73/><T47/><D42/><U102/><E102/><V65/><F65/><W106/><G106/><T97/><D111/><N who="1" m="42539" /><E60/><V94/><F94/><AGARI ba="3,0" hai="14,18,23,44,45,50,53,57,86,91,94" m="42539" machi="94" ten="30,2000,0" yaku="25,1,14,1" doraHai="104" who="1" fromWho="2" sc="507,0,195,29,210,-29,88,0" /><INIT seed="1,0,0,4,0,83" ten="507,224,181,88" oya="1" hai0="33,46,30,77,29,116,68,93,63,66,122,31,133" hai1="7,104,85,21,118,4,129,18,55,110,112,27,26" hai2="100,44,109,69,50,74,59,102,1,47,9,130,88" hai3="17,134,94,128,108,0,78,53,98,39,35,70,86"/><U42/><E118/><V107/><F107/><W22/><G108/><T87/><D116/><U76/><E112/><V19/><F19/><W75/><G134/><T92/><D133/><U89/><E104/><V114/><F114/><W120/><G120/><T57/><D33/><U56/><E129/><V16/><F16/><W15/><G128/><T96/><D68/><U99/><E42/><V127/><F127/><W113/><G39/><T28/><D28/><U2/><E2/><V34/><F34/><W54/><G0/><T95/><D46/><U132/><E26/><V10/><F10/><W43/><G35/><T123/><D96/><U5/><E110/><V131/><F131/><W32/><G32/><T106/><D106/><U101/><E76/><V81/><F81/><N who="3" m="47415" /><G75/><T64/><D64/><U91/><E132/><V117/><F117/><W73/><G73/><T37/><D37/><U36/><E36/><V79/><F79/><W115/><G70/><T6/><D6/><U48/><E4/><V71/><F71/><W52/><G113/><T45/><D45/><U11/><E5/><V103/><F103/><N who="3" m="60887" /><G115/><T24/><D24/><U14/><E101/><V40/><F40/><AGARI ba="0,0" hai="15,17,22,40,43,52,53,54" m="60887,47415" machi="40" ten="30,3900,0" yaku="8,1,52,1,54,1" doraHai="83" who="3" fromWho="2" sc="507,0,224,0,181,-39,88,39" /><INIT seed="2,0,0,3,5,33" ten="507,224,142,127" oya="2" hai0="37,30,9,119,22,41,128,38,94,95,130,84,13" hai1="121,115,34,126,12,86,48,27,5,62,63,70,29" hai2="71,45,112,59,8,114,79,123,96,21,52,77,1" hai3="97,88,2,100,80,111,93,28,49,106,132,16,65"/><V131/><F131/><N who="0" m="50218" /><D119/><U107/><E115/><V129/><F129/><W67/><G132/><T83/><D22/><U24/><E107/><V82/><F82/><W54/><G111/><T19/><D30/><U56/><E70/><V6/><F6/><W20/><G28/><T18/><D18/><U85/><E126/><V133/><F133/><W125/><G125/><T92/><D41/><U101/><E24/><V51/><F51/><W91/><G2/><T60/><D60/><U73/><E62/><V3/><F3/><W127/><G127/><T10/><D10/><U81/><E48/><V57/><F57/><N who="3" m="32975" /><G106/><T116/><D116/><U7/><E29/><V66/><F66/><N who="3" m="25099" /><G80/><T43/><D43/><U113/><E81/><V17/><F17/><W110/><G110/><T47/><D47/><U72/><E34/><V55/><F55/><W0/><G0/><T87/><D87/><U117/><E85/><V11/><F11/><W89/><G100/><T44/><D44/><U26/><E101/><V75/><F75/><W64/><N who="3" m="25107" /><W135/><DORA hai="109" /><G135/><T25/><D25/><AGARI ba="0,0" hai="16,20,25,88,89,91,93,97" m="25107,32975" machi="25" ten="30,3900,0" yaku="8,1,54,2" doraHai="33,109" who="3" fromWho="0" sc="507,-39,224,0,142,0,127,39" /><INIT seed="3,0,0,5,2,68" ten="468,224,142,166" oya="3" hai0="70,11,3,1,94,91,30,92,23,132,51,39,7" hai1="12,95,2,115,79,74,34,26,111,61,98,35,24" hai2="73,40,75,10,125,87,99,108,81,110,31,41,47" hai3="120,77,17,18,88,109,107,53,128,36,44,58,0"/><W117/><G117/><T37/><D70/><U50/><E2/><V105/><F105/><W101/><G120/><T20/><D30/><U97/><E115/><V112/><F112/><W134/><G0/><T57/><D132/><U29/><E111/><V131/><F131/><W4/><G134/><T96/><D1/><U93/><E61/><V48/><F48/><W65/><G109/><T126/><D126/><U42/><E12/><V72/><F72/><W43/><G77/><T102/><D37/><U8/><E8/><V64/><F64/><W82/><G4/><T66/><D39/><U63/><E63/><V129/><F129/><W55/><G128/><T83/><D83/><U49/><E29/><V122/><F122/><W121/><G121/><T71/><D71/><U38/><E38/><V80/><F80/><W90/><G55/><T16/><D16/><U119/><E42/><V45/><F45/><W127/><G127/><T85/><D66/><U84/><E79/><V135/><F135/><W13/><G65/><T103/><D103/><U116/><E84/><V124/><F124/><W46/><G46/><T130/><D130/><U69/><E69/><V113/><F113/><W106/><G18/><T86/><D86/><U15/><E15/><V9/><F9/><N who="3" m="6319" /><G82/><T6/><D6/><U22/><E74/><V54/><F54/><W33/><G33/><T27/><D27/><U89/><E22/><V67/><F67/><W21/><G21/><T123/><D123/><U78/><E78/><V100/><F100/><W14/><G101/><T56/><D56/><U76/><E76/><RYUUKYOKU ba="0,0" sc="468,15,224,15,142,-15,166,-15" hai0="3,7,11,20,23,51,57,85,91,92,94,96,102" hai1="24,26,34,35,49,50,89,93,95,97,98,116,119" owari="483,58.3,239,3.9,127,-37.3,151,-24.9" /></mjloggm>