<mjloggm ver="2.3"><GO type="225" lobby="0"/><UN n0="%E3%81%AA%E3%82%81%E3%81%93%E9%9B%80%E5%A3%AB" n1="%E3%81%9B%E3%81%9B%E3%81%9B%E3%81%9B%E3%81%96%E3%82%80%E3%82%89%E3%81%84" n2="%E3%81%BF%E3%81%BF%E3%81%9A" n3="%E5%84%AA%40%41%42%43" dan="16,16,18,17" rate="2087.46,2085.29,2251.56,2169.42" sx="M,M,M,M"/><TAIKYOKU oya="0"/><INIT seed="0,0,0,4,4,9" ten="250,250,250,250" oya="0" hai0="79,48,33,86,116,90,130,110,91,95,126,119,133" hai1="118,70,8,3,43,125,122,51,40,38,5,117,92" hai2="101,135,88,54,66,36,73,104,45,64,34,35,22" hai3="6,10,56,39,108,44,21,105,4,58,60,129,102"/><T46/><D33/><U7/><E122/><V106/><F73/><W67/><G108/><T16/><D130/><U14/><E125/><V127/><F127/><W75/><G75/><T29/><D126/><U17/><E70/><V109/><F109/><W24/><G129/><T59/><D29/><U32/><E38/><V71/><F135/><W23/><G4/><T2/><D2/><U52/><E32/><V69/><F101/><W74/><G74/><T81/><D133/><U55/><E7/><V42/><F54/><W123/><G123/><T18/><D59/><U80/><E80/><V134/><F22/><W62/><G102/><T96/><D110/><U47/><E55/><V99/><F99/><W0/><G105/><N who="2" m="40553" /><F88/><W20/><G44/><T76/><D119/><U12/><E3/><V63/><F134/><W50/><G50/><T113/><D116/><U13/><E13/><V124/><F124/><W84/><G84/><T121/><D113/><U68/><E68/><V41/><F41/><W11/><G11/><T25/><D121/><U112/><E112/><V72/><F72/><W30/><REACH who="3" step="1"/><G39/><REACH who="3" ten="250,250,250,240" step="2"/><T37/><D37/><U1/><E117/><V49/><F49/><W15/><G15/><T26/><D79/><U87/><E118/><V77/><F77/><W107/><G107/><T19/><REACH who="0" step="1"/><D76/><REACH who="0" ten="240,250,250,240" step="2"/><U78/><E1/><V94/><F94/><W82/><G82/><T100/><D100/><U93/><E93/><V103/><F103/><W111/><G111/><T61/><D61/><AGARI ba="0,2" hai="34,35,36,42,45,61,63,64,66,69,71" m="40553" machi="61" ten="30,2000,0" yaku="33,2" doraHai="9" who="2" fromWho="0" sc="240,-20,250,0,250,40,240,0" /><INIT seed="1,0,0,3,3,32" ten="220,250,290,240" oya="1" hai0="35,52,93,98,81,6,111,20,88,55,60,4,91" hai1="62,103,117,34,11,54,102,40,49,24,22,65,12" hai2="23,18,15,10,48,106,19,104,87,125,71,33,0" hai3="28,70,37,135,56,82,96,66,69,3,90,29,85"/><U113/><E113/><V120/><F120/><W92/><G37/><T36/><D111/><U114/><E114/><V61/><F33/><W45/><G135/><T115/><D35/><U9/><E117/><V74/><F74/><W7/><G69/><T38/><D115/><U75/><E75/><V109/><F109/><W31/><G70/><T17/><D38/><U57/><E34/><V89/><F125/><W83/><G45/><T126/><D36/><U105/><E40/><V26/><F48/><W132/><G132/><T133/><D126/><U86/><E105/><V121/><F121/><W107/><G107/><T16/><D17/><U44/><E9/><V39/><F39/><W134/><G134/><T50/><D60/><U122/><E122/><V1/><F104/><W119/><G119/><T68/><D68/><U51/><E51/><V53/><F106/><W42/><G42/><T64/><D64/><U95/><E95/><V59/><REACH who="2" step="1"/><F71/><REACH who="2" ten="220,250,280,240" step="2"/><W21/><G56/><N who="0" m="32791" /><D133/><U5/><REACH who="1" step="1"/><E86/><REACH who="1" ten="220,240,280,240" step="2"/><V101/><F101/><W130/><G85/><N who="0" m="50607" /><D55/><U116/><E116/><V8/><F8/><W43/><G43/><T25/><AGARI ba="0,2" hai="4,6,16,20,25,88,93,98" m="50607,32791" machi="25" ten="30,7900,0" yaku="8,1,54,3" doraHai="32" who="0" fromWho="0" sc="220,99,240,-39,280,-20,240,-20" /><INIT seed="2,0,0,1,3,103" ten="319,201,260,220" oya="2" hai0="25,66,116,79,15,32,0,113,61,107,83,105,94" hai1="128,85,95,121,67,41,71,2,1,19,77,73,119" hai2="91,52,63,134,98,80,75,14,129,123,3,99,18" hai3="44,56,24,23,59,114,55,64,11,65,106,12,84"/><V21/><F123/><W4/><G114/><T48/><D15/><U57/><E119/><V35/><F129/><W17/><G106/><N who="0" m="40459" /><D48/><U38/><E71/><V131/><F134/><W20/><G44/><T110/><D94/><U31/><E128/><V9/><F131/><W125/><G125/><T135/><D113/><U87/><E121/><V81/><F35/><W7/><G7/><T33/><D25/><U70/><E70/><V74/><F74/><W8/><G11/><T13/><D13/><U39/><E31/><V100/><F75/><W101/><G101/><T53/><D53/><U51/><E73/><V97/><F100/><W124/><G124/><T93/><D93/><U40/><E95/><V76/><F76/><W96/><G96/><T89/><D89/><U72/><E51/><V45/><F91/><W10/><G10/><T109/><D0/><U130/><E130/><V82/><F45/><W108/><G84/><N who="0" m="48255" /><D135/><U58/><E72/><V62/><F3/><W115/><G115/><T92/><D92/><U78/><E67/><N who="3" m="25674" /><G23/><T90/><D90/><U49/><E49/><V28/><F52/><W22/><G20/><T117/><D33/><U111/><E19/><V29/><REACH who="2" step="1"/><F9/><REACH who="2" ten="319,201,250,220" step="2"/><W126/><G126/><T88/><D88/><U37/><E37/><V42/><F42/><W46/><G46/><T30/><D32/><U133/><REACH who="1" step="1"/><E133/><REACH who="1" ten="319,191,250,220" step="2"/><V102/><F102/><W54/><G108/><AGARI ba="0,2" hai="1,2,38,39,40,41,57,58,77,78,85,87,108,111" machi="108" ten="25,6400,0" yaku="1,1,2,1,22,2,53,0" doraHai="103" doraHaiUra="50" who="1" fromWho="3" sc="319,0,191,84,250,0,220,-64" /><INIT seed="3,0,0,0,1,75" ten="319,275,250,156" oya="3" hai0="104,5,48,47,82,28,32,26,72,99,84,127,88" hai1="24,123,116,91,44,34,128,43,94,97,107,59,41" hai2="0,118,68,17,15,19,62,53,20,125,33,74,108" hai3="129,80,50,71,36,14,115,67,18,109,103,110,13"/><W23/><G36/><T58/><D127/><U30/><E123/><V8/><F118/><W95/><G115/><T121/><D121/><U37/><E128/><V132/><F74/><W10/><G129/><T35/><D5/><U81/><E116/><V29/><F125/><W122/><G122/><T69/><D72/><U66/><E107/><V49/><F108/><N who="3" m="41579" /><G71/><T52/><D69/><U51/><E81/><V135/><F62/><W89/><G67/><T57/><D35/><U64/><E43/><V38/><F38/><W90/><G80/><T40/><D40/><U124/><E124/><V113/><F68/><W55/><G103/><T1/><D1/><U85/><E97/><V56/><F113/><W101/><G101/><T96/><D104/><U77/><E77/><V100/><F100/><W134/><G134/><T61/><D47/><U79/><E79/><V22/><F132/><W63/><G63/><T131/><D131/><U46/><E44/><V39/><F135/><W6/><G95/><T31/><D28/><U16/><E37/><V114/><F39/><W9/><G10/><T70/><D70/><U126/><E126/><V93/><F114/><W119/><G119/><T76/><D76/><U73/><E73/><V92/><F8/><W7/><G6/><T12/><D12/><U117/><E117/><V60/><F60/><W54/><G55/><AGARI ba="0,0" hai="26,31,32,48,52,55,57,58,61,82,84,88,96,99" machi="55" ten="30,3900,0" yaku="7,1,54,2" doraHai="75" who="0" fromWho="3" sc="319,39,275,0,250,0,156,-39" owari="358,45.8,275,7.5,250,-15.0,117,-38.3" /></mjloggm>