<mjloggm ver="2.3"><GO type="225" lobby="0"/><UN n0="%E5%BA%97%E9%95%B7%4D" n1="%E6%98%93%E5%88%A9%E8%96%A9%E4%BC%AF" n2="%E3%83%81%E3%83%AF%E3%83%AF%E9%9A%8A%E9%95%B7" n3="%E7%B4%94%E6%BD%94%E3%83%94%E3%83%A9%E3%83%8B%E3%82%A2" dan="16,16,17,17" rate="2103.81,2035.88,2198.71,2172.61" sx="M,F,M,M"/><TAIKYOKU oya="0"/><INIT seed="0,0,0,5,0,95" ten="250,250,250,250" oya="0" hai0="29,77,83,0,28,31,19,98,67,65,27,40,14" hai1="135,108,62,7,119,45,89,68,123,121,11,30,69" hai2="102,99,22,81,133,90,57,110,17,91,24,47,43" hai3="76,53,16,21,50,129,3,105,118,37,122,5,111"/><T54/><D0/><U41/><E119/><V114/><F114/><W71/><G76/><T80/><D40/><U8/><E108/><V13/><F110/><W66/><G66/><N who="0" m="25099" /><D27/><U109/><E109/><V70/><F70/><W55/><G55/><T6/><D6/><U32/><E135/><V86/><F133/><W100/><G53/><T59/><D77/><U117/><E117/><V51/><F57/><W52/><G52/><T61/><D98/><U116/><E116/><V126/><F126/><W107/><G50/><T125/><D125/><U42/><E32/><V38/><F38/><W132/><G5/><T134/><D134/><U85/><E30/><N who="0" m="7681" /><T72/><DORA hai="106" /><D72/><U74/><E74/><V46/><F46/><W115/><G16/><T104/><D104/><U92/><E42/><V58/><F58/><W113/><G105/><T82/><D82/><U63/><E69/><V18/><F18/><W112/><G113/><T124/><D124/><U10/><E7/><V35/><F24/><W2/><G112/><T64/><N who="0" m="25107" /><T130/><DORA hai="12" /><D130/><U60/><REACH who="1" step="1"/><E68/><REACH who="1" ten="250,240,250,250" step="2"/><V26/><F35/><W131/><G129/><T4/><D4/><U33/><E33/><V20/><F43/><W25/><G131/><T39/><D39/><AGARI ba="0,1" hai="8,10,11,39,41,45,60,62,63,85,89,92,121,123" machi="39" ten="40,1300,0" yaku="1,1,53,0" doraHai="95,106,12" doraHaiUra="79,9,128" who="1" fromWho="0" sc="250,-13,240,23,250,0,250,0" /><INIT seed="1,0,0,4,1,88" ten="237,263,250,250" oya="1" hai0="6,71,55,134,58,31,46,72,100,101,14,11,123" hai1="76,50,94,25,13,112,98,12,105,52,32,36,95" hai2="24,74,109,114,26,4,102,77,22,121,79,21,132" hai3="82,133,63,47,10,66,1,91,135,107,64,126,115"/><U124/><E36/><V69/><F121/><W104/><G115/><T67/><D72/><U43/><E43/><V41/><F69/><W108/><G108/><T33/><D134/><N who="3" m="51209" /><G47/><T38/><D123/><U29/><E124/><V130/><F132/><W127/><G82/><T16/><D33/><U118/><E118/><V19/><F109/><W89/><G91/><T2/><D31/><U117/><E117/><V83/><F114/><W116/><G89/><T87/><D67/><N who="3" m="25641" /><G63/><T122/><D71/><U17/><E76/><V35/><F77/><W99/><G99/><T97/><D122/><U68/><E68/><V131/><F83/><W96/><G96/><T106/><D100/><U8/><E112/><V84/><F102/><W85/><G85/><T65/><D65/><U93/><E105/><N who="3" m="40522" /><G116/><T113/><D87/><U110/><E110/><V92/><F84/><W78/><G78/><T103/><D103/><U128/><E98/><V28/><F79/><W0/><G10/><T45/><D113/><U5/><E128/><V120/><F131/><W80/><G80/><T7/><D38/><U90/><E90/><V54/><F130/><W48/><G48/><T56/><D56/><U9/><E95/><V60/><F92/><W34/><G34/><T51/><REACH who="0" step="1"/><D7/><REACH who="0" ten="227,263,250,250" step="2"/><U18/><E5/><V49/><F4/><W119/><G119/><T81/><D81/><U20/><E32/><V70/><F35/><W53/><G53/><T125/><D125/><AGARI ba="0,1" hai="0,1,125,126,127" m="40522,25641,51209" machi="125" ten="40,8000,1" yaku="28,2,18,1,20,1" doraHai="88" who="3" fromWho="0" sc="227,-80,263,0,250,0,250,90" /><INIT seed="2,0,0,3,1,119" ten="147,263,250,340" oya="2" hai0="31,16,45,21,121,104,74,34,94,13,91,83,64" hai1="29,77,17,41,71,72,10,26,61,27,5,88,127" hai2="58,57,86,32,55,28,95,79,75,113,82,54,134" hai3="102,124,63,68,51,25,98,8,117,18,132,0,131"/><V46/><F113/><W39/><G117/><T69/><D104/><U97/><E127/><V70/><F70/><W19/><G39/><T23/><D34/><U112/><E112/><V90/><F134/><W2/><G124/><T126/><D126/><U120/><E17/><V1/><F1/><W60/><G131/><T93/><D69/><U24/><E41/><V12/><F12/><W81/><G81/><T122/><D64/><U9/><E9/><V20/><F32/><W30/><G51/><T89/><D45/><U76/><E29/><V67/><F46/><W66/><G63/><T22/><D83/><U80/><E76/><V14/><F14/><N who="3" m="7495" /><G19/><T84/><D74/><U107/><E107/><V52/><REACH who="2" step="1"/><F67/><REACH who="2" ten="147,263,240,340" step="2"/><W115/><G132/><T109/><D109/><U40/><E71/><V133/><F133/><W87/><G115/><T78/><D78/><U7/><E27/><AGARI ba="0,1" hai="20,27,28,52,54,55,57,58,75,79,82,86,90,95" machi="27" ten="40,3900,0" yaku="1,1,54,1,53,0" doraHai="119" doraHaiUra="128" who="2" fromWho="1" sc="147,0,263,-39,240,49,340,0" /><INIT seed="2,1,0,2,2,57" ten="147,224,289,340" oya="2" hai0="55,84,124,65,6,89,114,133,46,69,99,31,11" hai1="106,88,2,68,38,27,34,91,29,13,115,79,71" hai2="54,110,58,102,92,130,42,117,23,73,132,9,67" hai3="8,103,96,20,62,63,93,122,126,51,52,134,16"/><V127/><F117/><W26/><G122/><T113/><D124/><U118/><E2/><V121/><F121/><W119/><G119/><T0/><D133/><U112/><E118/><V53/><F73/><W44/><G126/><T28/><D99/><U120/><E120/><V72/><F127/><W59/><G134/><T100/><D100/><U82/><E106/><V41/><F72/><W15/><G44/><T98/><D98/><U104/><E38/><V97/><F132/><W77/><G77/><T85/><D85/><U4/><E104/><V80/><F130/><W14/><G14/><T1/><D1/><U74/><E4/><AGARI ba="1,0" hai="4,8,15,16,20,26,51,52,59,62,63,93,96,103" machi="4" ten="30,12000,2" yaku="7,1,8,1,52,2,54,2" doraHai="57" who="3" fromWho="1" sc="147,0,224,-123,289,0,340,123" /><INIT seed="3,0,0,3,2,118" ten="147,101,289,463" oya="3" hai0="32,97,90,54,43,119,3,4,113,0,72,102,128" hai1="108,79,24,80,50,105,70,57,20,122,12,5,28" hai2="83,14,8,59,100,130,89,26,25,58,87,41,133" hai3="64,106,61,39,103,31,104,23,81,18,13,124,75"/><W114/><G39/><T17/><D119/><U121/><E70/><V120/><F130/><W2/><G2/><T9/><D128/><U95/><E105/><V56/><F133/><W99/><G114/><T91/><D32/><U132/><E132/><V34/><F34/><W86/><G124/><T44/><D0/><U21/><E108/><V82/><F120/><W55/><G55/><T33/><D33/><U74/><E95/><V84/><F100/><W42/><G42/><T48/><D113/><U111/><E111/><V40/><F40/><W68/><G75/><T71/><D71/><U117/><E117/><V134/><F41/><W123/><G123/><T110/><D110/><U46/><E57/><V67/><F67/><W38/><G38/><T66/><D66/><U98/><E98/><V93/><F93/><W10/><G31/><T112/><D112/><U16/><E5/><N who="2" m="3343" /><F134/><W60/><G60/><T76/><D17/><U135/><E135/><V127/><F127/><W45/><G45/><T69/><D69/><U52/><AGARI ba="0,0" hai="12,16,20,21,24,28,46,50,52,74,79,80,121,122" machi="52" ten="20,12000,2" yaku="0,1,7,1,52,2,54,2" doraHai="118" who="1" fromWho="1" sc="147,-30,101,120,289,-30,463,-60" owari="117,-38.3,221,-17.9,259,5.9,403,50.3" /></mjloggm>