<mjloggm ver="2.3"><GO type="225" lobby="0"/><UN n0="%E3%82%BC%E3%83%AB%E3%83%80%E3%81%AE%E4%BC%9D%E8%AA%AC" n1="%E4%BF%BA%E3%81%A8%E5%A6%96%E5%A4%A2" n2="%E3%81%8B%E3%82%8F%E3%81%A1%E3%82%83%E3%82%93%35%38" n3="%E3%83%B4%E3%83%A0%EF%BC%99%E3%81%A6" dan="18,17,17,16" rate="2208.21,2156.59,2251.63,2115.61" sx="M,F,M,M"/><TAIKYOKU oya="0"/><INIT seed="0,0,0,3,3,20" ten="250,250,250,250" oya="0" hai0="90,85,79,1,134,46,72,43,13,116,107,94,81" hai1="92,9,114,3,70,123,82,23,127,2,129,104,25" hai2="52,14,100,32,105,132,133,64,87,119,15,39,102" hai3="66,96,21,77,30,57,34,78,121,99,53,31,61"/><T131/><D116/><U89/><E104/><V93/><F39/><W42/><G121/><T60/><D1/><U38/><E123/><V22/><F32/><W65/><G34/><T135/><D131/><U24/><E38/><V106/><F64/><W86/><G42/><T128/><D128/><U126/><E129/><V6/><F119/><W19/><G65/><T48/><D60/><U101/><E70/><V97/><F52/><W27/><G66/><T55/><D13/><N who="2" m="4618" /><F6/><W56/><G56/><T103/><REACH who="0" step="1"/><D43/><REACH who="0" ten="240,250,250,250" step="2"/><U26/><E114/><V130/><F130/><W91/><G77/><T10/><D10/><U115/><E115/><V5/><F5/><W98/><REACH who="3" step="1"/><G78/><REACH who="3" ten="240,250,250,240" step="2"/><T80/><D80/><AGARI ba="0,2" hai="19,21,27,30,31,53,57,61,80,86,91,96,98,99" machi="80" ten="40,8000,1" yaku="1,1,2,1,8,1,52,1,53,0" doraHai="20" doraHaiUra="122" who="3" fromWho="0" sc="240,-80,250,0,250,0,240,100" /><INIT seed="1,0,0,3,0,117" ten="160,250,250,340" oya="1" hai0="83,56,63,43,27,116,124,12,2,123,8,87,134" hai1="97,62,78,110,52,48,30,74,32,81,107,20,58" hai2="88,13,42,126,4,127,92,113,109,26,23,57,71" hai3="118,5,21,129,54,35,24,17,106,86,19,125,11"/><U76/><E32/><V85/><F71/><W80/><G118/><T132/><D116/><U65/><E110/><V69/><F69/><W91/><G125/><N who="2" m="47625" /><F109/><W128/><G106/><T3/><D124/><U79/><E107/><V133/><F133/><N who="0" m="51306" /><D27/><N who="1" m="16743" /><E74/><V7/><F113/><W22/><G35/><T103/><D103/><U36/><E36/><V14/><F42/><W1/><REACH who="3" step="1"/><G54/><REACH who="3" ten="160,250,250,330" step="2"/><N who="0" m="34199" /><D43/><U101/><E81/><V122/><F122/><W102/><G102/><T37/><D123/><U59/><E101/><V39/><F39/><W67/><G67/><T94/><D37/><U96/><AGARI ba="0,1" hai="48,52,58,59,62,65,76,78,79,96,97" m="16743" machi="96" ten="30,3000,0" yaku="8,1,54,1" doraHai="117" who="1" fromWho="1" sc="160,-10,250,40,250,-10,330,-10" /><INIT seed="1,1,0,0,2,49" ten="150,290,240,320" oya="1" hai0="124,106,125,77,131,8,100,104,135,117,52,97,60" hai1="14,44,96,121,16,18,23,10,70,105,13,41,46" hai2="61,9,79,37,83,128,75,103,82,109,31,91,129" hai3="69,116,2,34,93,39,63,122,20,17,101,40,74"/><U102/><E121/><V118/><F37/><W5/><G122/><T95/><D117/><U42/><REACH who="1" step="1"/><E70/><REACH who="1" ten="150,280,240,320" step="2"/><V99/><F118/><W81/><G69/><T55/><D135/><U4/><E4/><V114/><F129/><W50/><G5/><T92/><D131/><U126/><E126/><N who="0" m="48745" /><D77/><U62/><E62/><V94/><F128/><W123/><G63/><T110/><D110/><U11/><E11/><V67/><F109/><W26/><G116/><T76/><D76/><U71/><E71/><V130/><F130/><W98/><G123/><T43/><D60/><U113/><E113/><V28/><F114/><W88/><G2/><T1/><D43/><AGARI ba="1,1" hai="10,13,14,16,18,23,41,42,43,44,46,96,102,105" machi="43" ten="40,3900,0" yaku="1,1,54,1,53,0" doraHai="49" doraHaiUra="73" who="1" fromWho="0" sc="150,-42,280,52,240,0,320,0" /><INIT seed="1,2,0,1,2,123" ten="108,332,240,320" oya="1" hai0="98,64,128,27,102,33,67,28,95,92,104,89,21" hai1="79,80,47,127,38,26,77,62,82,34,117,45,56" hai2="134,66,8,61,115,9,74,2,1,71,84,63,58" hai3="83,97,106,13,76,87,22,120,96,7,72,5,16"/><U112/><E112/><V110/><F74/><W36/><G120/><T103/><D128/><U15/><E117/><V81/><F115/><W85/><G36/><T105/><D33/><U135/><E135/><V12/><F110/><W44/><G44/><T10/><D10/><U90/><E127/><V88/><F134/><W49/><G49/><T57/><D64/><U107/><E107/><V11/><REACH who="2" step="1"/><F12/><REACH who="2" ten="108,332,230,320" step="2"/><W39/><G39/><T119/><D119/><U129/><E129/><V113/><F113/><W121/><G121/><T133/><D133/><U101/><E15/><V55/><AGARI ba="2,1" hai="1,2,8,9,11,55,58,61,63,66,71,81,84,88" machi="55" ten="30,7900,0" yaku="1,1,0,1,54,1,53,1" doraHai="123" doraHaiUra="51" who="2" fromWho="2" sc="108,-22,332,-41,230,95,320,-22" /><INIT seed="2,0,0,4,1,133" ten="86,291,325,298" oya="2" hai0="43,56,134,105,72,79,130,30,40,88,46,11,28" hai1="34,16,29,80,36,38,23,99,24,120,106,76,113" hai2="9,31,60,37,70,0,59,57,7,89,55,110,18" hai3="64,66,127,45,44,83,118,4,122,125,13,49,68"/><V41/><F110/><W10/><G118/><T94/><D130/><U8/><E113/><V84/><F31/><W82/><G122/><T5/><D134/><U27/><E120/><V62/><F70/><W116/><G116/><T132/><D105/><U25/><E25/><V95/><F41/><N who="3" m="24719" /><G45/><T86/><D132/><U93/><E106/><V135/><F135/><W115/><G115/><T91/><D56/><U96/><E8/><V1/><F18/><W75/><G68/><T104/><D104/><U103/><REACH who="1" step="1"/><E99/><REACH who="1" ten="86,281,325,298" step="2"/><V17/><F17/><W119/><G119/><T121/><D121/><U65/><E65/><N who="3" m="25194" /><G75/><AGARI ba="0,1" hai="16,23,24,27,29,34,36,38,75,76,80,93,96,103" machi="75" ten="30,8000,1" yaku="1,1,7,1,54,1,53,2" doraHai="133" doraHaiUra="71" who="1" fromWho="3" sc="86,0,281,90,325,0,298,-80" /><INIT seed="3,0,0,2,2,54" ten="86,371,325,218" oya="3" hai0="103,61,111,78,56,15,13,8,68,97,82,52,26" hai1="127,11,132,48,79,16,24,64,47,91,69,135,114" hai2="120,34,99,112,67,31,9,70,93,134,39,92,3" hai3="122,10,110,81,60,116,45,87,71,30,18,22,107"/><W85/><G116/><T41/><D111/><U19/><E114/><V124/><F112/><W17/><G122/><T44/><D68/><U25/><E79/><V63/><F120/><W119/><G119/><T109/><D109/><U123/><E123/><V0/><F134/><N who="1" m="51241" /><E127/><V40/><F124/><W88/><G107/><T73/><D26/><N who="1" m="10347" /><E91/><V125/><F125/><W77/><G110/><T131/><D131/><U62/><E11/><V130/><F130/><W4/><G30/><T121/><D121/><U84/><E84/><V74/><F74/><W1/><G45/><T35/><D35/><U94/><E94/><V75/><F75/><W96/><G96/><T42/><D42/><AGARI ba="0,0" hai="16,19,42,47,48,62,64,69" m="10347,51241" machi="42" ten="30,2000,0" yaku="20,1,54,1" doraHai="54" who="1" fromWho="0" sc="86,-20,371,20,325,0,218,0" owari="66,-43.4,391,49.1,325,12.5,218,-18.2" /></mjloggm>