<mjloggm ver="2.3"><GO type="225" lobby="0"/><UN n0="%E3%82%BC%E3%83%AB%E3%83%80%E3%81%AE%E4%BC%9D%E8%AA%AC" n1="%E3%82%B2%E3%82%B9%E8%8C%82%E5%8B%9D" n2="%E3%81%BF%E3%81%BF%E3%81%9A" n3="%4B%2E%32%2E%4B%2E" dan="17,16,16,17" rate="2124.99,2057.80,2144.89,2176.97" sx="M,F,M,M"/><TAIKYOKU oya="0"/><INIT seed="0,0,0,5,5,46" ten="250,250,250,250" oya="0" hai0="43,74,39,69,75,121,122,62,90,130,123,9,1" hai1="29,78,0,126,135,82,5,91,124,92,18,66,20" hai2="60,127,114,11,70,117,132,3,42,134,15,40,116" hai3="108,21,12,14,101,109,89,17,10,6,26,106,88"/><T107/><D90/><U76/><E135/><N who="2" m="51755" /><F3/><W32/><G106/><T37/><D130/><U2/><E29/><V34/><F34/><W79/><G79/><T45/><D39/><U94/><E66/><N who="2" m="41287" /><F114/><W81/><G101/><T22/><D22/><U100/><E100/><V44/><F127/><N who="1" m="48681" /><E94/><V61/><F61/><W31/><REACH who="3" step="1"/><G81/><REACH who="3" ten="250,250,250,240" step="2"/><T87/><D107/><U56/><E82/><V19/><F40/><W110/><AGARI ba="0,1" hai="6,10,12,14,17,21,26,31,32,88,89,108,109,110" machi="110" ten="30,8000,1" yaku="1,1,2,1,0,1,14,1,54,1,53,0" doraHai="46" doraHaiUra="64" who="3" fromWho="3" sc="250,-40,250,-20,250,-20,240,90" /><INIT seed="1,0,0,0,3,115" ten="210,230,230,330" oya="1" hai0="7,62,56,40,49,24,84,108,5,77,33,97,4" hai1="52,3,61,116,93,79,28,80,67,44,20,127,134" hai2="85,83,71,129,18,50,75,121,55,123,119,19,73" hai3="51,63,82,81,26,9,48,2,37,95,59,118,128"/><U72/><E116/><V17/><F71/><W0/><G37/><T60/><D108/><U64/><E127/><V54/><F129/><W10/><G128/><T90/><D33/><U111/><E134/><V35/><F35/><W11/><G118/><T53/><D24/><U66/><E3/><V22/><F119/><W103/><G26/><T6/><N who="0" m="1024" /><DORA hai="21" /><T39/><D39/><U135/><E135/><V130/><F130/><W113/><G2/><T78/><D97/><U87/><E111/><V104/><F22/><W15/><G15/><T23/><D23/><U45/><E72/><V94/><F94/><W98/><G0/><T125/><D125/><U99/><E20/><V27/><F27/><W38/><G38/><T42/><D62/><U13/><E13/><V47/><F104/><W58/><G113/><T88/><D90/><U117/><E28/><V36/><F36/><W91/><G103/><T68/><D68/><U100/><REACH who="1" step="1"/><E117/><REACH who="1" ten="210,220,230,330" step="2"/><V105/><F123/><W133/><G133/><T114/><D114/><U101/><E101/><V132/><F121/><W131/><G131/><T65/><D65/><U92/><E92/><V86/><F105/><W109/><G109/><T107/><D107/><U43/><E43/><N who="0" m="16425" /><D60/><U31/><E31/><V89/><F132/><W70/><G63/><T112/><D112/><U122/><E122/><V8/><F8/><W102/><G9/><T120/><D120/><U76/><E76/><V124/><F124/><W126/><G126/><T106/><D106/><U16/><E16/><V46/><F86/><W57/><G10/><T110/><D110/><RYUUKYOKU ba="0,1" sc="210,10,220,10,230,10,330,-30" hai0="49,53,56,77,78,84,88" hai1="44,45,52,61,64,66,67,79,80,87,93,99,100" hai2="17,18,19,46,47,50,54,55,73,75,83,85,89" /><INIT seed="1,1,1,1,4,49" ten="220,230,240,300" oya="1" hai0="66,33,48,8,101,82,129,7,96,19,5,40,22" hai1="131,117,111,36,13,45,123,42,80,17,38,74,83" hai2="118,95,47,6,37,124,135,73,94,132,133,57,121" hai3="93,63,1,24,28,46,51,84,53,32,127,0,106"/><U128/><E117/><V21/><F118/><W54/><G106/><T71/><D33/><U86/><E123/><V55/><F121/><W44/><G127/><T113/><D113/><U9/><E36/><V60/><F73/><W2/><G63/><T75/><D129/><N who="1" m="49739" /><E74/><V67/><F124/><W126/><G126/><T72/><D71/><U120/><E120/><V52/><F6/><W12/><G12/><T16/><D66/><U14/><E111/><V90/><F21/><W76/><G93/><N who="2" m="35337" /><F90/><W109/><G109/><T134/><D134/><N who="2" m="34306" /><V115/><DORA hai="25" /><F115/><W35/><G35/><T114/><D114/><U4/><E86/><V20/><F20/><AGARI ba="1,1" hai="4,9,13,14,17,20,38,42,45,80,83" m="49739" machi="20" ten="30,1500,0" yaku="19,1" doraHai="49,25" who="1" fromWho="2" sc="220,0,230,28,240,-18,300,0" /><INIT seed="1,2,0,5,4,51" ten="220,258,222,300" oya="1" hai0="88,68,127,65,84,36,112,105,87,34,12,117,10" hai1="40,49,107,57,96,134,3,119,22,64,59,0,106" hai2="73,129,55,21,123,46,43,41,72,50,47,4,44" hai3="23,93,14,32,28,85,91,128,97,5,90,108,31"/><U122/><E119/><V133/><F123/><W7/><G32/><T120/><D112/><U113/><E113/><V24/><F4/><N who="3" m="1611" /><G108/><T102/><D117/><U121/><E134/><V80/><F129/><W130/><G14/><T78/><D36/><U126/><E126/><V132/><F80/><N who="3" m="49447" /><G23/><T19/><D34/><U104/><E22/><V13/><F13/><W30/><G130/><T67/><D127/><U99/><E40/><V2/><F2/><W92/><G128/><T62/><D120/><U9/><E104/><V110/><F110/><W17/><G17/><T100/><D105/><U63/><E9/><V116/><F116/><W6/><G6/><T27/><D27/><U81/><E81/><V70/><F70/><W118/><G118/><T69/><D78/><U115/><E115/><V37/><F21/><W131/><G131/><T20/><D20/><U75/><E75/><V18/><F18/><W124/><G124/><T48/><D87/><U98/><E121/><V74/><REACH who="2" step="1"/><F24/><REACH who="2" ten="220,258,212,300" step="2"/><W114/><G114/><T82/><D69/><U38/><E122/><V66/><F66/><W15/><G15/><T58/><REACH who="0" step="1"/><D65/><REACH who="0" ten="210,258,212,300" step="2"/><U61/><E106/><V125/><F125/><W103/><G28/><T35/><D35/><U39/><E107/><V95/><F95/><W89/><G93/><T29/><D29/><U26/><E64/><V83/><F83/><W60/><G30/><T77/><D77/><U94/><E94/><V79/><F79/><W54/><G31/><T71/><D71/><U42/><E0/><V52/><F52/><AGARI ba="2,2" hai="10,12,19,48,52,58,62,67,68,82,84,88,100,102" machi="52" ten="40,8000,1" yaku="1,1,52,1,54,2,53,0" doraHai="51" doraHaiUra="135" who="0" fromWho="2" sc="210,106,258,0,212,-86,300,0" /><INIT seed="2,0,0,5,2,20" ten="316,258,126,300" oya="2" hai0="86,48,114,67,23,30,75,2,66,24,59,50,43" hai1="131,106,117,77,100,122,1,64,83,111,92,18,69" hai2="84,22,19,11,101,47,107,78,134,7,38,4,103" hai3="132,52,81,35,102,110,113,41,129,55,96,73,60"/><V128/><F134/><W27/><G132/><T5/><D75/><U40/><E92/><V93/><F107/><W53/><G110/><T133/><D114/><U63/><E117/><V17/><F128/><W76/><G129/><T49/><D133/><U13/><E131/><V3/><F7/><W46/><G113/><T112/><D112/><U16/><E111/><V51/><F38/><W6/><G6/><T97/><D2/><U71/><E122/><V104/><F104/><W115/><G115/><T10/><D97/><U56/><E1/><V79/><F19/><W62/><G27/><T94/><D43/><U36/><E100/><V0/><F0/><W9/><G35/><T68/><D68/><U108/><E106/><V57/><F57/><W116/><G9/><T12/><D59/><U25/><E108/><V72/><F72/><W14/><G14/><T85/><D94/><U80/><E40/><V90/><F101/><W121/><G116/><T99/><D99/><U34/><E36/><V135/><F103/><W31/><G31/><T42/><D42/><U109/><E109/><V39/><F39/><N who="3" m="21823" /><G121/><T29/><D29/><U118/><E118/><V125/><F125/><W126/><G126/><T45/><D45/><U127/><E127/><V61/><F61/><N who="3" m="23659" /><G96/><T54/><D54/><U28/><E18/><V87/><F135/><W105/><G105/><T44/><D44/><U123/><E123/><V120/><F120/><W15/><G102/><T130/><D130/><U8/><E83/><N who="2" m="47223" /><F79/><W58/><G58/><T21/><D21/><U65/><E65/><AGARI ba="0,0" hai="5,10,12,23,24,30,48,49,50,65,66,67,85,86" machi="65" ten="40,2600,0" yaku="8,1,52,1" doraHai="20" who="0" fromWho="1" sc="316,26,258,-26,126,0,300,0" /><INIT seed="3,0,0,4,5,130" ten="342,232,126,300" oya="3" hai0="42,101,6,72,108,31,125,43,117,91,122,71,118" hai1="21,126,50,0,39,60,131,46,114,58,83,97,82" hai2="19,47,88,64,90,2,78,127,120,95,18,9,98" hai3="49,3,1,30,85,10,89,23,15,135,29,105,27"/><W24/><G105/><T51/><D122/><U41/><E131/><V84/><F120/><W65/><G65/><T22/><D72/><U75/><E126/><V28/><F127/><W17/><G49/><T11/><D125/><U123/><E123/><V103/><F28/><W33/><REACH who="3" step="1"/><G135/><REACH who="3" ten="342,232,126,290" step="2"/><T76/><D51/><U40/><E50/><V8/><F47/><W5/><G5/><T133/><D133/><U94/><E40/><V113/><F113/><W121/><G121/><T34/><D6/><U102/><E114/><V99/><F64/><W36/><G36/><T73/><D43/><U54/><E0/><V12/><F2/><W61/><G61/><T48/><D48/><U112/><E112/><V13/><REACH who="2" step="1"/><F99/><REACH who="2" ten="342,232,116,290" step="2"/><W134/><G134/><T4/><D42/><U87/><E97/><V55/><F55/><W67/><G67/><T35/><D118/><U52/><E54/><V132/><F132/><W86/><G86/><T44/><D117/><U53/><E53/><V106/><F106/><W100/><G100/><T7/><D101/><U77/><E102/><V81/><AGARI ba="0,2" hai="8,9,12,13,18,19,78,81,84,88,90,95,98,103" machi="81" ten="30,8000,1" yaku="1,1,0,1,9,1,8,1,54,1,53,0" doraHai="130" doraHaiUra="37" who="2" fromWho="2" sc="342,-20,232,-20,116,100,290,-40" owari="322,42.2,212,-28.8,216,-18.4,250,5.0" /></mjloggm>