<mjloggm ver="2.3"><GO type="225" lobby="0"/><UN n0="%E6%81%A5%E6%99%92%E3%81%97" n1="%E3%81%8B%E3%82%8F%E3%81%A1%E3%82%83%E3%82%93%35%38" n2="%E5%A4%9C%E5%85%89%E5%A4%A9%E6%A5%BC" n3="%E8%B6%85%E7%B4%9A%E9%B3%B3%E5%87%B0" dan="16,17,16,16" rate="2127.23,2178.09,2043.32,2134.91" sx="M,M,M,F"/><TAIKYOKU oya="0"/><INIT seed="0,0,0,0,1,98" ten="250,250,250,250" oya="0" hai0="37,12,0,124,36,95,56,78,53,63,67,104,75" hai1="4,1,30,32,126,97,94,54,43,22,40,81,16" hai2="5,39,28,69,33,3,119,70,62,51,79,129,74" hai3="92,55,112,93,44,110,113,10,84,31,108,109,7"/><T17/><BYE who="1" /><D0/><U105/><E105/><V38/><F129/><W111/><N who="3" m="27648" /><DORA hai="100" /><W87/><G31/><UN n1="%E3%81%8B%E3%82%8F%E3%81%A1%E3%82%83%E3%82%93%35%38" /><T66/><D124/><U80/><E126/><V131/><F131/><W114/><G44/><T101/><D75/><U116/><E116/><V125/><F51/><W57/><G87/><T23/><D78/><U34/><E34/><V46/><F119/><W24/><G24/><T120/><D120/><U42/><E32/><V26/><F125/><W71/><G84/><T77/><D95/><U76/><E30/><V18/><F18/><W47/><G47/><T72/><D77/><U48/><E4/><V2/><F62/><W14/><REACH who="3" step="1"/><G71/><REACH who="3" ten="250,250,250,240" step="2"/><N who="2" m="27145" /><F46/><W8/><G8/><T59/><D72/><U50/><E76/><V135/><F79/><W68/><G68/><T6/><D37/><U134/><E80/><V25/><F39/><W13/><G13/><T106/><D36/><U19/><E81/><V27/><F38/><W35/><G35/><T102/><D6/><U118/><E118/><V89/><F74/><W49/><AGARI ba="0,1" hai="7,10,14,49,55,57,92,93,112,113,114" m="27648" machi="49" ten="70,8000,1" yaku="1,1,0,1,14,1,53,0" doraHai="98,100" doraHaiUra="20,132" who="3" fromWho="3" sc="250,-40,250,-20,250,-20,240,90" /><INIT seed="1,0,0,4,0,105" ten="210,230,230,330" oya="1" hai0="18,116,131,8,78,95,102,104,93,75,17,30,62" hai1="21,37,114,113,41,60,121,66,61,97,22,106,46" hai2="54,88,132,6,56,110,69,44,25,89,117,76,15" hai3="135,53,9,84,3,49,0,87,33,126,90,5,45"/><U108/><E106/><V2/><F117/><W16/><G33/><T109/><D116/><U112/><E97/><V58/><F69/><W35/><G35/><T123/><D109/><U120/><E21/><V100/><F2/><W91/><G126/><T29/><D104/><U133/><E22/><V94/><F76/><W11/><G135/><T80/><D131/><U24/><E24/><V92/><F100/><W134/><G134/><T72/><D62/><N who="1" m="24171" /><E133/><V101/><F101/><W4/><G16/><N who="0" m="6251" /><D102/><U38/><E66/><V55/><F25/><W27/><G27/><T129/><D129/><U42/><E108/><V10/><F110/><W111/><G111/><T98/><D98/><U70/><E70/><V14/><F44/><AGARI ba="0,0" hai="37,38,41,42,44,46,112,113,114,120,121" m="24171" machi="44" ten="40,3900,0" yaku="34,2" doraHai="105" who="1" fromWho="2" sc="210,0,230,39,230,-39,330,0" /><INIT seed="1,1,0,3,4,51" ten="210,269,191,330" oya="1" hai0="3,55,1,90,84,44,96,27,101,103,29,22,126" hai1="135,66,125,56,31,42,43,75,130,131,2,10,92" hai2="106,120,0,97,108,48,114,132,32,7,107,93,91" hai3="47,79,111,70,11,62,35,110,76,14,58,94,81"/><U78/><E125/><V54/><F120/><W127/><G35/><T50/><D126/><U129/><E135/><V133/><F32/><W99/><G127/><T100/><REACH who="0" step="1"/><D96/><REACH who="0" ten="200,269,191,330" step="2"/><U25/><E75/><V37/><F114/><W83/><G99/><T124/><D124/><U39/><E39/><V80/><F37/><W45/><G110/><T69/><D69/><U123/><E123/><V12/><F108/><W119/><G70/><T46/><D46/><U88/><E78/><V82/><F132/><W85/><G47/><T74/><D74/><U41/><E2/><V49/><F133/><W40/><G45/><T13/><D13/><U95/><E10/><N who="2" m="4191" /><F0/><W16/><G111/><T109/><D109/><U104/><E104/><V115/><F106/><W28/><G14/><T77/><D77/><U65/><E56/><N who="2" m="32839" /><F107/><W89/><G76/><T5/><D5/><U73/><E73/><V59/><F115/><W24/><G79/><T64/><D64/><N who="1" m="24683" /><E88/><V68/><F68/><W121/><G121/><T6/><D6/><U20/><AGARI ba="1,1" hai="20,25,31,41,42,43,92,95,129,130,131" m="24683" machi="20" ten="40,2100,0" yaku="19,1" doraHai="51" who="1" fromWho="1" sc="200,-8,269,34,191,-8,330,-8" /><INIT seed="1,2,0,5,0,62" ten="192,303,183,322" oya="1" hai0="105,10,37,108,117,109,90,42,41,130,6,48,116" hai1="134,104,16,8,124,30,77,54,60,5,112,83,12" hai2="115,7,66,26,97,92,132,28,120,9,113,56,74" hai3="118,24,85,106,102,67,40,53,31,4,123,17,99"/><U19/><E112/><N who="2" m="43083" /><F74/><W70/><G123/><T25/><D105/><U2/><E104/><V49/><F120/><W119/><G4/><T79/><D79/><U14/><E124/><V131/><F131/><W128/><G128/><T63/><D90/><U121/><E121/><V32/><F132/><W21/><G85/><T3/><D130/><U126/><E126/><V122/><F122/><W55/><G40/><N who="0" m="15467" /><D37/><U72/><E134/><V110/><F110/><N who="0" m="42602" /><D48/><U103/><E103/><N who="2" m="60839" /><F49/><W95/><G106/><T13/><D25/><U64/><E30/><V44/><F44/><W80/><G80/><T1/><D63/><U93/><E93/><V84/><F84/><W34/><G118/><AGARI ba="2,0" hai="1,3,6,10,13,116,117,118" m="42602,15467" machi="118" ten="30,1000,0" yaku="14,1" doraHai="62" who="0" fromWho="3" sc="192,16,303,0,183,0,322,-16" /><INIT seed="2,0,0,1,2,76" ten="208,303,183,306" oya="2" hai0="131,2,74,9,118,102,67,106,80,66,81,24,100" hai1="3,91,130,63,34,73,70,103,53,115,20,56,89" hai2="85,43,114,1,127,64,113,17,27,101,77,36,69" hai3="92,135,90,26,93,55,98,22,13,16,79,37,48"/><V7/><F127/><W60/><G37/><T86/><D131/><U94/><E34/><V31/><F101/><N who="0" m="39018" /><D106/><U95/><E115/><V28/><F17/><W33/><G135/><T82/><D74/><U104/><E3/><V133/><F133/><W52/><G79/><N who="0" m="46367" /><D2/><U122/><E70/><V109/><F31/><W83/><G83/><N who="0" m="31755" /><D118/><U120/><E73/><V96/><F85/><W132/><G132/><T75/><D75/><U41/><E130/><V87/><F87/><W49/><G33/><T68/><D68/><U46/><E104/><V21/><F96/><W121/><G121/><N who="1" m="46698" /><E103/><V45/><F77/><W119/><G119/><T15/><D24/><U129/><E129/><V134/><F134/><W39/><G39/><T71/><D71/><U38/><E20/><V54/><F109/><W99/><G26/><T125/><D125/><U29/><E29/><V14/><F1/><W97/><G90/><AGARI ba="0,0" hai="38,41,46,53,56,63,89,90,91,94,95" m="46698" machi="90" ten="30,1000,0" yaku="13,1" doraHai="76" who="1" fromWho="3" sc="208,0,303,10,183,0,306,-10" /><INIT seed="3,0,0,1,3,66" ten="208,313,183,296" oya="3" hai0="65,106,117,52,112,91,9,19,122,56,40,118,87" hai1="131,3,74,54,18,7,84,42,94,6,29,12,109" hai2="116,130,1,23,123,102,13,39,48,2,45,72,101" hai3="5,49,107,4,128,124,55,46,110,11,119,34,41"/><W27/><G119/><T10/><D122/><U85/><E74/><V16/><F116/><W113/><G113/><T99/><D117/><U73/><E73/><V51/><F72/><W44/><G107/><T114/><D118/><U57/><E3/><V76/><F76/><W135/><G128/><T83/><D65/><U75/><E75/><V50/><F130/><W103/><G124/><T36/><D36/><U69/><E69/><V79/><F79/><W134/><G103/><T67/><D67/><U58/><E131/><V30/><F123/><W104/><G104/><T38/><D40/><U20/><E42/><V120/><F120/><W81/><G81/><T33/><D33/><U126/><E109/><V97/><F101/><W96/><G96/><T26/><D38/><U61/><E126/><V0/><F39/><N who="3" m="21567" /><G11/><N who="0" m="4107" /><D106/><U28/><E58/><V90/><F90/><W25/><G110/><T82/><D99/><U71/><E71/><V47/><REACH who="2" step="1"/><F30/><REACH who="2" ten="208,313,173,296" step="2"/><N who="1" m="11881" /><E85/><V115/><F115/><N who="0" m="44074" /><D83/><U111/><E111/><V86/><F86/><W89/><G89/><AGARI ba="0,1" hai="6,7,12,18,20,54,57,61,84,89,94" m="11881" machi="89" ten="30,1000,0" yaku="8,1" doraHai="66" who="1" fromWho="3" sc="208,0,313,20,173,0,296,-10" owari="208,-19.2,333,43.3,173,-32.7,286,8.6" /></mjloggm>