<mjloggm ver="2.3"><GO type="225" lobby="0"/><UN n0="%E3%83%9F%E3%83%83%E3%82%AD%E3%83%BC%E8%9B%87%E5%B1%B1" n1="%72%65%6E%6B%75%6E" n2="%E6%B4%BE%E9%81%A3%E3%81%AE%E3%82%B8%E3%83%A3%E3%83%83%E3%82%AF" n3="%73%73%6B%5F%66%72%65%65" dan="16,17,17,16" rate="2029.23,2199.21,2200.86,2117.43" sx="M,M,M,M"/><TAIKYOKU oya="0"/><INIT seed="0,0,0,0,2,79" ten="250,250,250,250" oya="0" hai0="39,91,17,63,83,59,103,61,132,96,108,124,99" hai1="2,44,114,33,6,127,36,121,5,73,49,46,130" hai2="60,128,78,14,123,24,104,10,1,37,72,21,122" hai3="125,48,117,107,100,105,106,3,34,58,30,109,90"/><T76/><D39/><U11/><E121/><V77/><F104/><W12/><G117/><T86/><D132/><U66/><E33/><V43/><F1/><W35/><G3/><T45/><D124/><U51/><E114/><V53/><F128/><W65/><G109/><T85/><D108/><U62/><E127/><V7/><F37/><W27/><G100/><T98/><D45/><U25/><E6/><V22/><F43/><W54/><G65/><T26/><D63/><U23/><E130/><V4/><F4/><W74/><G74/><T13/><D26/><U41/><E73/><V80/><F22/><W88/><G35/><T112/><D112/><U18/><REACH who="1" step="1"/><E44/><REACH who="1" ten="250,240,250,250" step="2"/><V126/><F126/><W50/><G125/><T69/><D103/><U131/><E131/><V120/><F77/><W29/><G34/><T8/><D69/><AGARI ba="0,1" hai="2,5,11,18,23,25,36,41,46,49,51,62,66,69" machi="69" ten="30,2000,0" yaku="1,1,7,1,53,0" doraHai="79" doraHaiUra="110" who="1" fromWho="0" sc="250,-20,240,30,250,0,250,0" /><INIT seed="1,0,0,3,0,95" ten="230,270,250,250" oya="1" hai0="134,70,53,66,27,40,81,29,7,125,20,44,92" hai1="106,120,54,101,26,80,65,113,102,64,82,58,59" hai2="119,50,51,9,93,3,90,79,15,11,85,124,13" hai3="24,1,96,75,133,71,126,32,135,130,52,117,77"/><U17/><E113/><V94/><F119/><W25/><G130/><T31/><D134/><N who="3" m="51209" /><G126/><T83/><D125/><U87/><E120/><V129/><F124/><W107/><G32/><T103/><D31/><U23/><E82/><V76/><F129/><W56/><G71/><T122/><D122/><U2/><E2/><V42/><F3/><W5/><G77/><T67/><D7/><U45/><E45/><V6/><F42/><W98/><G75/><T88/><D103/><N who="1" m="39435" /><E106/><V35/><F35/><W12/><G1/><T60/><D53/><U47/><E47/><V43/><F43/><W131/><G107/><T73/><D66/><N who="1" m="25707" /><E54/><V127/><F127/><W38/><G38/><T57/><D70/><U0/><E0/><V48/><REACH who="2" step="1"/><F93/><REACH who="2" ten="230,270,240,250" step="2"/><W55/><G131/><T114/><D114/><U105/><E105/><V78/><F78/><AGARI ba="0,1" hai="17,23,26,58,59,78,80,87" m="25707,39435" machi="78" ten="30,1500,0" yaku="8,1" doraHai="95" who="1" fromWho="2" sc="230,0,270,25,240,-15,250,0" /><INIT seed="1,1,0,2,0,4" ten="230,295,225,250" oya="1" hai0="27,63,90,103,100,85,89,68,21,8,117,94,62" hai1="61,88,76,51,25,45,91,121,67,130,24,74,71" hai2="122,36,40,64,11,41,26,78,32,81,99,23,16" hai3="1,134,3,20,39,96,58,131,47,34,114,18,30"/><U105/><E105/><V110/><F122/><W72/><G131/><T0/><D117/><U108/><E121/><V98/><F32/><W2/><G134/><T102/><D68/><U116/><E116/><V35/><F35/><W84/><G72/><T57/><D0/><U123/><E130/><V15/><F64/><W80/><G114/><T118/><D118/><U69/><E69/><V127/><F110/><W50/><G39/><T111/><D111/><U29/><E123/><V48/><F36/><W52/><G96/><N who="2" m="36905" /><F127/><W10/><G47/><T19/><D8/><U9/><E108/><V73/><F73/><W33/><G30/><T97/><REACH who="0" step="1"/><D57/><REACH who="0" ten="220,295,225,250" step="2"/><U14/><E74/><V115/><F115/><W124/><G124/><T135/><D135/><U109/><E109/><V79/><F81/><AGARI ba="1,1" hai="19,21,27,62,63,81,85,89,90,94,97,100,102,103" machi="81" ten="40,2600,0" yaku="1,1,8,1,53,0" doraHai="4" doraHaiUra="37" who="0" fromWho="2" sc="220,39,295,0,225,-29,250,0" /><INIT seed="2,0,0,5,4,98" ten="259,295,196,250" oya="2" hai0="80,41,28,128,74,57,115,91,133,110,77,69,85" hai1="104,51,124,14,24,11,86,5,44,106,87,31,107" hai2="2,33,88,111,3,131,103,29,121,60,114,135,36" hai3="52,54,32,118,62,37,40,39,15,56,123,76,30"/><V84/><F114/><W83/><G118/><T70/><D115/><U64/><E64/><V109/><F36/><W7/><G123/><T95/><D110/><N who="2" m="41994" /><F121/><W8/><G30/><T81/><D128/><U113/><E124/><V53/><F131/><W92/><G32/><T71/><D133/><U19/><E5/><V79/><F79/><W46/><G92/><T23/><D41/><U0/><E0/><V68/><F135/><W129/><G129/><T112/><D112/><U63/><E63/><V75/><F75/><W96/><G96/><T4/><D4/><U21/><REACH who="1" step="1"/><E113/><REACH who="1" ten="259,285,196,250" step="2"/><V17/><F68/><W117/><G117/><T105/><D71/><U18/><E18/><V34/><F17/><W126/><G126/><T102/><D70/><U78/><E78/><V48/><F29/><W13/><G76/><T49/><D69/><U120/><E120/><V122/><F60/><W61/><G61/><T72/><D77/><U101/><E101/><V67/><F103/><W12/><G62/><T119/><D119/><U42/><AGARI ba="0,1" hai="11,14,19,21,24,31,42,44,51,86,87,104,106,107" machi="42" ten="30,4000,0" yaku="1,1,0,1,53,1" doraHai="98" doraHaiUra="9" who="1" fromWho="1" sc="259,-10,285,50,196,-20,250,-10" /><INIT seed="3,0,0,5,5,17" ten="249,335,176,240" oya="3" hai0="123,135,109,18,60,73,53,35,126,105,69,77,83" hai1="94,118,97,75,4,96,110,89,29,22,41,2,34" hai2="82,20,76,15,14,87,11,119,72,117,99,49,54" hai3="9,74,71,113,108,59,45,3,93,10,88,24,62"/><W30/><G113/><T132/><D123/><U26/><E75/><V124/><F72/><W13/><G3/><T98/><D109/><U61/><E110/><V106/><F124/><W44/><G71/><T48/><D126/><U67/><E118/><V64/><F64/><W47/><G74/><T115/><D35/><U19/><E41/><V57/><F106/><W125/><G125/><T28/><D28/><U107/><E2/><V50/><F99/><W128/><G128/><T31/><D31/><U111/><E4/><V27/><F50/><W104/><G104/><T55/><D18/><U66/><E111/><V39/><F39/><W131/><G131/><T70/><D60/><U80/><E80/><V6/><REACH who="2" step="1"/><F14/><REACH who="2" ten="249,335,166,240" step="2"/><W84/><G13/><T92/><D105/><U86/><E67/><V112/><F112/><W120/><G108/><T51/><D51/><U116/><E107/><V63/><F63/><W58/><G120/><T12/><D12/><U5/><E61/><V79/><F79/><W91/><G62/><T81/><D77/><U121/><E96/><V7/><F7/><W38/><G38/><T36/><D98/><U25/><E97/><V52/><F52/><W65/><G65/><T56/><D36/><U23/><E5/><V68/><F68/><W130/><G130/><T101/><D115/><U43/><E66/><V102/><F102/><W33/><G91/><T8/><D73/><U114/><E114/><V42/><F42/><W16/><G88/><T122/><D122/><U134/><E121/><V32/><F32/><W0/><G33/><T1/><D70/><RYUUKYOKU ba="0,1" sc="249,-10,335,-10,166,30,240,-10" hai2="6,11,15,20,27,49,54,57,76,82,87,117,119" owari="239,3.9,335,43.5,196,-30.4,230,-17.0" /></mjloggm>