<mjloggm ver="2.3"><GO type="225" lobby="0"/><UN n0="%E8%BE%9B%E5%8F%A3%E3%82%AB%E3%83%AC%E3%83%BC%E3%83%A9%E3%82%A4%E3%82%B9" n1="%E3%81%8F%E3%82%8A%E3%83%94%E3%83%BC" n2="%E8%81%B7%E6%A5%AD%E3%80%81%E9%A2%A8%32" n3="%E5%84%AA%40%41%42%43" dan="16,16,16,17" rate="2161.96,2105.53,2081.99,2235.08" sx="M,M,M,M"/><TAIKYOKU oya="0"/><INIT seed="0,0,0,5,5,61" ten="250,250,250,250" oya="0" hai0="36,87,28,60,48,33,80,2,131,112,101,0,55" hai1="21,69,50,12,26,25,27,100,5,51,99,121,35" hai2="37,90,52,119,47,105,53,75,124,73,123,129,70" hai3="54,6,22,17,65,19,86,109,113,120,41,20,128"/><T32/><D112/><U3/><E121/><V11/><F123/><W16/><G120/><T127/><D36/><U83/><E69/><V40/><F105/><W126/><G113/><T130/><D101/><U31/><E83/><V125/><F119/><W103/><G109/><T110/><D127/><N who="2" m="48714" /><F129/><N who="0" m="49162" /><D60/><U1/><E51/><V49/><F70/><W92/><G126/><T72/><D72/><N who="2" m="27722" /><F11/><W4/><G41/><T76/><D110/><U30/><E50/><V29/><F29/><W9/><G128/><T18/><D18/><N who="1" m="12471" /><E99/><V68/><F68/><W58/><G4/><T135/><D135/><U89/><E89/><V114/><F114/><W15/><G103/><T118/><D118/><U8/><E100/><V24/><F24/><W43/><G43/><T45/><D28/><U107/><E107/><V133/><F133/><W56/><G86/><T82/><D82/><U117/><E117/><V111/><F111/><W77/><G92/><T104/><D104/><U57/><E57/><V102/><F102/><W95/><G95/><T10/><D10/><U64/><E64/><V62/><F62/><N who="3" m="38087" /><G77/><T39/><D39/><U23/><AGARI ba="0,0" hai="1,3,5,8,12,23,26,27,30,31,35" m="12471" machi="23" ten="30,8000,1" yaku="35,5" doraHai="61" who="1" fromWho="1" sc="250,-40,250,80,250,-20,250,-20" /><INIT seed="1,0,0,2,5,54" ten="210,330,230,230" oya="1" hai0="7,69,91,20,56,88,58,13,44,42,114,109,50" hai1="60,33,103,130,79,59,78,3,112,94,97,35,80" hai2="131,22,127,15,1,113,106,119,2,64,70,12,10" hai3="111,43,51,39,6,21,40,100,95,55,24,27,41"/><U92/><E112/><V118/><F106/><W89/><G111/><T63/><D114/><U134/><E3/><V19/><F113/><W135/><G135/><T122/><D109/><U76/><E134/><V126/><F70/><W52/><G39/><T9/><D122/><U124/><E124/><N who="2" m="47659" /><F131/><W116/><G116/><N who="2" m="44585" /><F64/><W14/><G100/><T120/><D120/><U66/><E130/><V61/><F61/><W81/><G81/><T72/><D72/><U84/><REACH who="1" step="1"/><E94/><REACH who="1" ten="210,320,230,230" step="2"/><V48/><F48/><W74/><G51/><T132/><D132/><U93/><E93/><V121/><F121/><W47/><G95/><T96/><D96/><U29/><E29/><V129/><F129/><W73/><G73/><T82/><D82/><U0/><E0/><V77/><F77/><AGARI ba="0,1" hai="33,35,59,60,66,76,77,78,79,80,84,92,97,103" machi="77" ten="40,12000,1" yaku="1,1,52,1,53,2" doraHai="54" doraHaiUra="30" who="1" fromWho="2" sc="210,0,320,130,230,-120,230,0" /><INIT seed="1,1,0,1,5,114" ten="210,450,110,230" oya="1" hai0="39,126,0,17,27,7,10,24,75,13,121,64,88" hai1="73,120,67,51,128,92,25,71,19,29,14,78,48" hai2="122,1,109,96,45,130,40,41,49,68,58,100,65" hai3="32,36,83,53,102,133,79,91,108,5,30,99,113"/><U98/><E120/><V117/><F1/><W43/><G113/><T23/><D75/><U42/><E128/><V20/><F122/><W18/><G108/><T111/><D121/><U104/><E104/><V101/><F130/><W52/><G133/><T107/><D107/><U124/><E124/><V11/><F109/><W132/><G132/><T87/><D111/><U31/><E31/><V125/><F125/><W56/><G5/><T4/><D126/><U6/><E6/><V44/><F68/><W74/><G30/><T26/><D39/><U47/><E51/><V110/><F110/><W38/><G32/><T93/><D0/><U33/><E78/><V89/><F117/><W63/><G43/><T57/><REACH who="0" step="1"/><D10/><REACH who="0" ten="200,450,110,230" step="2"/><U59/><E73/><V86/><F11/><W119/><G38/><T70/><D70/><U105/><E71/><V28/><F100/><W46/><G36/><T115/><D115/><U95/><E105/><V85/><F101/><W69/><G69/><T22/><D22/><U15/><E15/><V50/><F20/><W16/><G102/><T60/><AGARI ba="1,1" hai="4,7,13,17,23,24,26,27,57,60,64,87,88,93" machi="60" ten="30,12000,2" yaku="1,1,0,1,8,1,54,1,53,2" doraHai="114" doraHaiUra="2" who="0" fromWho="0" sc="200,133,450,-61,110,-31,230,-31" /><INIT seed="2,0,0,1,0,58" ten="333,389,79,199" oya="2" hai0="54,70,117,83,127,42,10,112,118,98,8,68,93" hai1="19,36,57,65,32,130,91,84,81,125,134,75,103" hai2="79,119,109,53,38,99,52,27,96,48,95,128,76" hai3="23,34,60,43,113,85,104,64,131,6,87,15,11"/><V126/><F119/><N who="0" m="45578" /><D112/><U17/><E36/><V82/><F38/><W3/><G104/><T55/><D42/><U24/><E125/><V120/><F120/><W56/><G131/><T29/><D29/><U100/><E134/><V16/><F128/><W86/><G113/><T63/><D83/><U116/><E130/><V5/><F126/><W78/><G34/><T71/><D127/><U51/><E75/><V46/><F109/><W12/><G43/><T18/><D18/><U102/><E116/><V66/><F66/><W123/><G123/><T88/><D55/><N who="1" m="31999" /><E32/><V124/><F124/><W47/><G47/><T21/><D21/><N who="1" m="13359" /><E19/><V59/><F5/><W111/><G111/><T40/><D40/><U37/><E37/><V129/><F129/><W132/><G132/><T28/><D28/><U0/><E0/><V25/><F25/><W97/><G23/><T135/><D135/><U62/><E65/><V107/><F107/><W108/><G108/><T33/><D33/><U72/><E72/><V69/><F69/><N who="0" m="26730" /><D54/><U44/><E44/><V1/><F1/><W67/><G64/><AGARI ba="0,0" hai="8,10,63,64,71,88,93,98" m="26730,45578" machi="64" ten="30,3900,0" yaku="12,1,52,1,54,1" doraHai="58" who="0" fromWho="3" sc="333,39,389,0,79,0,199,-39" /><INIT seed="3,0,0,3,0,112" ten="372,389,79,160" oya="3" hai0="88,16,83,44,57,89,130,99,127,21,77,54,117" hai1="12,135,111,11,51,31,27,97,46,29,18,39,0" hai2="121,108,53,115,9,69,84,122,113,98,37,102,15" hai3="71,96,82,123,76,6,40,17,65,107,92,61,104"/><W129/><G123/><N who="2" m="47113" /><F69/><W81/><G129/><T56/><D117/><U2/><E39/><V110/><F37/><W134/><G134/><T52/><D127/><U41/><E111/><N who="2" m="42539" /><F53/><N who="0" m="20586" /><D44/><U25/><E135/><V62/><F62/><W86/><G6/><T119/><D119/><U70/><E70/><V109/><N who="2" m="42547" /><V91/><DORA hai="38" /><F15/><W120/><G120/><T50/><D50/><U80/><E0/><V87/><F9/><W128/><G128/><T100/><D130/><U118/><E118/><V35/><F35/><W78/><G17/><T94/><D77/><U74/><E2/><V24/><F24/><N who="1" m="9289" /><E74/><V45/><F45/><W64/><G65/><T14/><D83/><U5/><E80/><N who="2" m="49543" /><F87/><W23/><G23/><T10/><D10/><U36/><E36/><V75/><F75/><W79/><G40/><T32/><D32/><U60/><E60/><V125/><F125/><W30/><G30/><N who="1" m="11274" /><E5/><V131/><F131/><W73/><G78/><T66/><D66/><U3/><E3/><V48/><F48/><W13/><G13/><T49/><D49/><U1/><E1/><V42/><F42/><W132/><G132/><T103/><D89/><AGARI ba="0,0" hai="61,64,71,73,76,79,81,82,86,89,92,96,104,107" machi="89" ten="30,1500,0" yaku="7,1" doraHai="112,38" who="3" fromWho="0" sc="372,-15,389,0,79,0,160,15" /><INIT seed="3,1,0,5,1,18" ten="357,389,79,175" oya="3" hai0="24,101,103,68,20,106,49,43,123,92,6,96,27" hai1="30,13,111,50,32,63,41,87,9,124,67,3,31" hai2="65,129,83,52,33,40,99,15,23,80,130,120,97" hai3="16,115,133,109,82,86,46,122,72,8,131,59,12"/><W1/><G122/><T95/><D123/><U105/><E3/><V4/><F120/><W66/><G115/><T64/><D6/><U75/><E75/><V2/><F33/><W62/><G72/><T56/><D68/><U132/><E105/><V10/><F40/><W127/><G133/><T45/><D27/><U89/><E32/><V117/><F117/><W107/><G107/><T44/><D44/><U58/><E111/><V118/><F118/><W60/><G109/><T26/><D26/><U84/><E124/><V78/><F65/><W113/><G113/><T54/><D64/><U57/><E132/><V119/><F119/><W128/><G1/><T55/><D103/><U125/><E125/><V126/><F126/><W135/><G127/><T22/><D55/><N who="1" m="31991" /><E41/><V114/><F114/><W69/><G46/><T90/><D24/><U17/><E87/><V36/><F36/><W14/><G135/><T121/><D121/><U102/><E102/><V25/><F2/><W70/><G14/><T28/><D28/><U134/><E134/><V73/><F83/><AGARI ba="1,0" hai="9,13,17,30,31,58,63,67,83,84,89" m="31991" machi="83" ten="30,1000,0" yaku="8,1" doraHai="18" who="1" fromWho="2" sc="357,0,389,13,79,-13,175,0" owari="357,15.7,402,50.2,66,-43.4,175,-22.5" /></mjloggm>