<mjloggm ver="2.3"><GO type="225" lobby="0"/><UN n0="%E5%AF%82%E5%AF%9E%E3%82%AE%E3%83%8D%E3%82%B9%E3%83%93%E3%83%BC%E3%83%AB" n1="%72%69%6F%75%63%68%61%6E" n2="%73%69%72%6F%75%74" n3="%E3%81%BE%E3%81%A8%E3%81%9F" dan="16,17,16,16" rate="2159.57,2247.81,2120.24,2161.61" sx="M,M,M,M"/><TAIKYOKU oya="0"/><INIT seed="0,0,0,5,3,25" ten="250,250,250,250" oya="0" hai0="32,82,78,84,80,10,93,92,50,54,20,111,90" hai1="31,121,0,39,45,4,18,104,76,115,112,125,83" hai2="36,1,62,113,107,35,15,131,109,73,37,34,120" hai3="48,71,65,43,11,96,124,46,42,51,57,8,114"/><T87/><D32/><U88/><E121/><V108/><RYUUKYOKU type="yao9" ba="0,0" sc="250,0,250,0,250,0,250,0" hai2="1,15,34,35,36,37,62,73,107,108,109,113,120,131" /><INIT seed="0,1,0,2,2,79" ten="250,250,250,250" oya="0" hai0="93,22,26,129,78,73,123,82,115,130,51,87,89" hai1="134,7,23,108,5,77,34,128,29,30,65,19,86" hai2="36,16,81,0,124,67,60,54,99,69,47,133,118" hai3="62,71,15,4,53,11,63,95,3,132,44,91,25"/><T94/><D123/><U92/><E108/><V68/><F68/><W72/><G132/><T21/><D115/><U41/><E134/><V20/><F133/><W127/><G127/><T39/><D39/><U50/><E128/><N who="0" m="49257" /><D51/><U40/><E65/><V28/><F124/><W55/><G72/><T27/><D94/><U84/><E34/><V66/><F0/><W106/><G71/><T35/><D27/><U48/><E77/><V2/><F2/><W107/><G3/><T117/><D117/><U110/><E110/><V49/><F67/><W45/><G25/><T109/><D109/><U120/><E120/><V104/><F118/><W18/><G106/><T56/><D56/><U122/><E122/><V105/><F28/><AGARI ba="1,0" hai="21,22,26,28,35,73,78,82,87,89,93" m="49257" machi="28" ten="30,2900,0" yaku="19,1,52,1" doraHai="79" who="0" fromWho="2" sc="250,32,250,0,250,-32,250,0" /><INIT seed="0,2,0,2,2,15" ten="282,250,218,250" oya="0" hai0="17,79,33,76,90,7,96,109,83,133,128,32,74" hai1="10,82,91,59,95,101,58,48,46,22,69,123,132" hai2="126,77,1,67,93,124,5,112,127,81,23,43,111" hai3="30,122,72,8,45,135,105,39,71,84,31,64,98"/><T26/><D128/><U85/><E123/><V117/><F112/><W97/><G72/><T11/><D133/><U13/><E132/><V24/><F111/><W78/><G135/><T53/><D76/><U114/><E69/><V80/><F117/><W57/><G71/><T29/><D109/><U34/><E34/><V115/><F115/><W88/><G78/><T61/><D33/><U35/><E35/><V0/><F67/><W129/><G129/><T42/><D42/><U66/><E114/><V2/><F43/><W62/><G122/><T104/><D7/><U20/><E101/><V130/><F130/><W73/><G73/><T131/><D131/><U65/><E95/><V21/><F21/><N who="1" m="8297" /><E65/><V121/><F93/><W116/><G116/><T87/><D104/><U108/><E66/><V18/><F121/><W75/><G75/><T113/><D96/><U110/><E108/><V14/><F77/><W70/><G70/><T94/><D113/><U38/><E38/><V106/><F106/><W19/><G98/><T3/><D3/><U125/><E125/><V47/><REACH who="2" step="1"/><F47/><REACH who="2" ten="282,250,208,250" step="2"/><W89/><G45/><T92/><D92/><U120/><E110/><V41/><F41/><W102/><G105/><T36/><D94/><U51/><E120/><V63/><F63/><W68/><G62/><T49/><D61/><U107/><E107/><V99/><F99/><W9/><G97/><T134/><D134/><U44/><E44/><V25/><F25/><W12/><G68/><T50/><D79/><U119/><E119/><V52/><F52/><W100/><G64/><T28/><D53/><RYUUKYOKU ba="2,1" sc="282,-10,250,-10,208,30,250,-10" hai2="0,1,2,5,14,18,23,24,80,81,124,126,127" /><INIT seed="1,3,1,2,3,54" ten="272,240,238,240" oya="1" hai0="102,41,44,5,85,18,80,91,93,35,118,69,119" hai1="55,11,96,57,1,62,73,90,32,78,105,74,50" hai2="9,29,24,125,122,28,129,87,70,86,135,22,79" hai3="103,0,108,100,49,71,101,132,12,59,89,17,115"/><U126/><E32/><V52/><F122/><W121/><G121/><T75/><D69/><U94/><E126/><V7/><F70/><W42/><G115/><T107/><D35/><U77/><E105/><V113/><F129/><W134/><G71/><T39/><D18/><U128/><E128/><V127/><F135/><N who="3" m="51755" /><G0/><T31/><D31/><BYE who="0" /><U120/><E120/><V25/><F113/><W66/><G89/><T30/><D30/><U20/><E73/><V81/><F87/><W60/><G108/><T92/><D92/><U83/><E78/><V23/><REACH who="2" step="1"/><F52/><REACH who="2" ten="272,240,228,240" step="2"/><N who="3" m="32143" /><G42/><T88/><D88/><U34/><E34/><V40/><F40/><W8/><G103/><T106/><D106/><U37/><E37/><V84/><F84/><W130/><G130/><T46/><D46/><UN n0="%E5%AF%82%E5%AF%9E%E3%82%AE%E3%83%8D%E3%82%B9%E3%83%93%E3%83%BC%E3%83%AB" /><U56/><E62/><V95/><F95/><W51/><G51/><T68/><D68/><U117/><E50/><V133/><F133/><W98/><G98/><T53/><D44/><U48/><E48/><V63/><F63/><W104/><G104/><T10/><D41/><U76/><E55/><V97/><F97/><W124/><G124/><T112/><D53/><U38/><E38/><V33/><F33/><W6/><G60/><T13/><D39/><U36/><E36/><V64/><F64/><W116/><G66/><T19/><D112/><U3/><E77/><V16/><F16/><W67/><G67/><T99/><D19/><U14/><E76/><AGARI ba="3,2" hai="5,10,13,75,76,80,85,91,93,99,102,107,118,119" machi="76" ten="40,2600,0" yaku="24,2" doraHai="54" who="0" fromWho="1" sc="272,55,240,-35,228,0,240,0" /><INIT seed="2,0,0,4,0,19" ten="327,205,228,240" oya="2" hai0="67,111,15,22,99,21,97,26,75,125,1,31,4" hai1="58,128,42,53,50,61,34,114,7,66,2,33,98" hai2="118,40,83,41,39,17,13,115,116,10,25,121,81" hai3="124,3,122,119,48,88,38,117,82,32,102,14,8"/><V108/><F115/><W36/><G122/><T135/><D75/><U89/><E114/><V94/><F121/><W70/><G70/><T11/><D111/><U49/><E128/><V134/><F134/><W96/><G124/><T71/><D135/><U45/><E7/><V86/><F108/><W112/><G112/><T129/><D129/><U28/><E2/><V76/><F81/><W107/><G32/><T85/><D125/><U106/><E28/><V103/><F39/><W126/><G3/><T23/><D85/><U46/><REACH who="1" step="1"/><E89/><REACH who="1" ten="327,195,228,240" step="2"/><V120/><F120/><W105/><G126/><T73/><D1/><U100/><AGARI ba="0,1" hai="33,34,42,45,46,49,50,53,58,61,66,98,100,106" machi="100" ten="30,7900,0" yaku="1,1,2,1,0,1,53,1" doraHai="19" doraHaiUra="101" who="1" fromWho="1" sc="327,-20,195,89,228,-39,240,-20" /><INIT seed="3,0,0,5,4,68" ten="307,284,189,220" oya="3" hai0="24,97,50,14,127,74,49,34,9,111,107,28,112" hai1="61,48,85,17,20,126,55,84,78,51,26,31,95" hai2="123,60,88,70,92,79,103,67,57,102,25,125,11" hai3="23,27,104,116,39,135,129,117,8,134,30,133,53"/><W15/><G104/><T101/><D74/><U132/><E126/><V120/><F125/><W52/><G129/><T33/><D127/><U18/><E132/><V100/><F79/><W108/><G39/><T81/><D111/><U47/><E61/><V32/><F70/><W16/><REACH who="3" step="1"/><G108/><REACH who="3" ten="307,284,189,210" step="2"/><T73/><D112/><U38/><E38/><V1/><F120/><W105/><G105/><T90/><D107/><U59/><E95/><V87/><F123/><W40/><G40/><T62/><D34/><U13/><E78/><V64/><F32/><W5/><G5/><T46/><D33/><U82/><E82/><V114/><F114/><W121/><G121/><T115/><D81/><U130/><E130/><V45/><F45/><W3/><G3/><T96/><D46/><U37/><E37/><V99/><F1/><W72/><G72/><T65/><D73/><U76/><E76/><V119/><F119/><AGARI ba="0,1" hai="8,15,16,23,27,30,52,53,116,117,119,133,134,135" machi="119" ten="50,12000,1" yaku="1,1,20,1,54,2,53,0" doraHai="68" doraHaiUra="93" who="3" fromWho="2" sc="307,0,284,0,189,-120,210,130" owari="307,10.7,284,-11.6,69,-43.1,340,44.0" /></mjloggm>