<mjloggm ver="2.3"><GO type="225" lobby="0"/><UN n0="%E3%81%A9%E3%82%93%E3%82%88%E3%81%8F%4D%6B%2E%32" n1="%E7%AD%89%E3%80%85%E5%8A%9B%E5%8A%87%E5%A0%B4" n2="%33%74%72%65%65" n3="%72%61%6B%33" dan="16,16,16,17" rate="2197.66,2146.86,2149.36,2175.69" sx="M,M,F,M"/><TAIKYOKU oya="0"/><INIT seed="0,0,0,2,1,46" ten="250,250,250,250" oya="0" hai0="110,6,59,80,67,5,101,112,113,38,99,29,114" hai1="124,1,34,128,11,63,104,4,55,133,107,18,28" hai2="36,47,37,25,75,15,126,16,77,74,134,125,92" hai3="51,44,100,109,20,120,53,27,0,95,83,7,90"/><T121/><D121/><U131/><E18/><V86/><F134/><W31/><G120/><T23/><D38/><U111/><E63/><V88/><F25/><W13/><G109/><T68/><D68/><U78/><E78/><V60/><F60/><W87/><G0/><T132/><D132/><U48/><E133/><V58/><F58/><W69/><G69/><T76/><D110/><U73/><E73/><N who="2" m="27659" /><F77/><W108/><G108/><T3/><D3/><U118/><E111/><V57/><F57/><W2/><G2/><T103/><D67/><U97/><E118/><V82/><F47/><W135/><G135/><T43/><D43/><U62/><E62/><V66/><F82/><W115/><G115/><T116/><D59/><U79/><E79/><V117/><F66/><W123/><G123/><T81/><D116/><U84/><E28/><V10/><F117/><W30/><G30/><T61/><D61/><U102/><E34/><V96/><F96/><W12/><G7/><T64/><D64/><U41/><E97/><AGARI ba="0,0" hai="12,13,20,27,31,44,51,53,83,87,90,95,97,100" machi="97" ten="40,2600,0" yaku="8,1,52,1" doraHai="46" who="3" fromWho="1" sc="250,0,250,-26,250,0,250,26" /><INIT seed="1,0,0,0,2,69" ten="250,224,250,276" oya="1" hai0="0,46,2,133,82,3,94,74,88,106,27,21,49" hai1="92,134,61,102,97,38,90,81,8,128,33,7,50" hai2="20,15,115,109,25,53,122,17,76,37,84,118,5" hai3="120,52,68,10,45,31,99,43,11,104,39,127,57"/><U77/><E33/><V86/><F118/><W54/><G120/><T91/><D106/><U117/><E117/><V125/><F122/><W71/><G127/><T44/><D133/><U58/><E128/><V105/><F125/><W123/><G123/><T29/><D74/><U78/><E134/><V28/><F37/><W40/><G31/><T101/><D82/><U80/><E50/><V126/><F126/><W121/><G121/><T47/><D49/><U98/><E38/><V119/><F105/><W75/><G75/><T6/><D6/><U48/><E48/><V23/><F109/><W34/><G34/><T55/><REACH who="0" step="1"/><D55/><REACH who="0" ten="240,224,250,276" step="2"/><U13/><E81/><V42/><F119/><W124/><G124/><T132/><D132/><U93/><E80/><V67/><F53/><AGARI ba="0,1" hai="7,8,13,53,58,61,77,78,90,92,93,97,98,102" machi="53" ten="30,2900,0" yaku="7,1,8,1" doraHai="69" who="1" fromWho="2" sc="240,0,224,39,250,-29,276,0" /><INIT seed="1,1,0,3,2,63" ten="240,263,221,276" oya="1" hai0="43,131,33,93,41,35,28,48,30,49,54,38,96" hai1="111,90,15,112,34,64,82,87,13,95,3,9,105" hai2="89,124,91,101,45,42,51,85,109,98,80,59,123" hai3="62,97,0,118,75,132,130,12,50,104,74,114,102"/><U56/><E112/><V68/><F123/><W26/><G0/><T46/><D131/><U52/><E105/><V81/><F68/><W31/><G114/><T19/><D38/><U5/><E34/><V69/><F69/><W117/><G130/><T32/><D19/><U18/><E111/><V119/><F119/><W67/><G50/><T20/><D20/><U73/><E3/><V66/><F109/><W84/><G84/><T21/><D21/><U88/><E73/><V71/><F124/><W55/><G55/><T135/><D135/><U99/><E64/><V106/><F71/><N who="3" m="42487" /><G12/><T78/><D78/><U65/><E65/><V113/><F113/><W122/><G132/><T76/><D76/><U128/><E128/><V120/><F120/><W60/><G60/><T125/><D125/><U39/><E39/><V127/><F127/><W116/><G122/><T7/><D7/><U6/><E15/><V61/><REACH who="2" step="1"/><F89/><REACH who="2" ten="240,263,211,276" step="2"/><W44/><G44/><T40/><REACH who="0" step="1"/><D49/><AGARI ba="1,1" hai="5,6,9,13,18,49,52,56,82,87,88,90,95,99" machi="49" ten="30,11600,0" yaku="7,1,8,1,54,2" doraHai="63" who="1" fromWho="0" sc="240,-119,263,129,211,0,276,0" /><INIT seed="1,2,0,3,3,39" ten="121,392,211,276" oya="1" hai0="71,72,55,111,86,97,79,109,65,108,1,30,104" hai1="56,11,87,76,0,130,27,2,41,5,34,134,53" hai2="51,47,98,106,123,74,113,94,60,29,132,128,6" hai3="115,3,103,118,105,114,49,70,44,89,33,121,127"/><U80/><E134/><V16/><F123/><W85/><G121/><T77/><D1/><U67/><E130/><V17/><F132/><W93/><G70/><T54/><D30/><U91/><E67/><V122/><F122/><W58/><G3/><T12/><D72/><U26/><E0/><V38/><F128/><W116/><G33/><T110/><N who="0" m="27648" /><DORA hai="78" /><T95/><D104/><U37/><E34/><V20/><F106/><W83/><G58/><T25/><D25/><U107/><E107/><V133/><F38/><W8/><G8/><T15/><D71/><U82/><E41/><N who="2" m="25071" /><F74/><W68/><G68/><T9/><D65/><U19/><E19/><V88/><F113/><W23/><G23/><T32/><D32/><U13/><E37/><V50/><F6/><W92/><G127/><T18/><D15/><U119/><E119/><N who="3" m="45610" /><G49/><T125/><D125/><U57/><E2/><V36/><F36/><W14/><G44/><T48/><D86/><N who="1" m="50631" /><E57/><V61/><F50/><AGARI ba="2,0" hai="5,11,13,26,27,50,53,56,76,82,87" m="50631" machi="50" ten="30,5800,0" yaku="8,1,52,2" doraHai="39,78" who="1" fromWho="2" sc="121,0,392,64,211,-64,276,0" /><INIT seed="1,3,0,1,5,109" ten="121,456,147,276" oya="1" hai0="45,104,72,14,17,119,68,49,62,9,116,120,76" hai1="95,84,51,117,66,73,125,8,128,39,97,90,74" hai2="21,71,96,5,18,29,81,83,52,67,135,114,47" hai3="53,40,69,64,6,131,32,87,94,92,7,102,100"/><U50/><E117/><V65/><F135/><W13/><G32/><T89/><D104/><U60/><E39/><V127/><F127/><W43/><G69/><T61/><D120/><U118/><E118/><V85/><F71/><W16/><G64/><N who="2" m="24649" /><F29/><W1/><G1/><T36/><D36/><U42/><E128/><V70/><F70/><W108/><G53/><T20/><D72/><U103/><E125/><V38/><F38/><W77/><G108/><T126/><D76/><U124/><E124/><V101/><F114/><W4/><G131/><T30/><D126/><U105/><E8/><V86/><F5/><W107/><G107/><T0/><D68/><U56/><E42/><N who="3" m="15914" /><G77/><T55/><D116/><U93/><E105/><V129/><F129/><W82/><G82/><N who="2" m="31241" /><F96/><W123/><G123/><T2/><D119/><U3/><REACH who="1" step="1"/><E3/><REACH who="1" ten="121,446,147,276" step="2"/><V57/><F101/><W44/><G102/><T110/><D110/><U24/><E24/><N who="2" m="14391" /><F47/><W33/><G44/><T132/><D0/><U19/><E19/><V59/><F59/><W115/><G100/><T54/><D2/><U35/><E35/><V112/><F112/><W41/><G115/><T80/><D45/><U48/><AGARI ba="3,1" hai="48,50,51,56,60,66,73,74,84,90,93,95,97,103" machi="48" ten="30,3000,0" yaku="1,1,0,1,53,0" doraHai="109" doraHaiUra="15" who="1" fromWho="1" sc="121,-13,446,49,147,-13,276,-13" /><INIT seed="1,4,0,5,1,25" ten="108,495,134,263" oya="1" hai0="41,66,96,122,13,3,33,114,102,110,104,48,71" hai1="37,29,93,38,135,7,26,98,0,40,103,81,128" hai2="132,44,105,50,39,124,80,10,126,82,56,131,23" hai3="79,77,73,108,36,134,16,109,130,75,22,1,133"/><U24/><E135/><N who="3" m="51722" /><G1/><T20/><D114/><U118/><E118/><V100/><F132/><W70/><G36/><T89/><D3/><U55/><E128/><V2/><F131/><W90/><G70/><T99/><D122/><U57/><E26/><V61/><F39/><W30/><G30/><T27/><D33/><U127/><E127/><N who="2" m="48683" /><F23/><W12/><G90/><T113/><D113/><U68/><E68/><V87/><F87/><W65/><G65/><T42/><D13/><U115/><E115/><V83/><F2/><W5/><G5/><T101/><D110/><N who="3" m="42601" /><G130/><T14/><D89/><U123/><E123/><V117/><F117/><W86/><G86/><T15/><D71/><U84/><E7/><V18/><F18/><W21/><G21/><T53/><D66/><U69/><E69/><V88/><F10/><W125/><G125/><T72/><D72/><AGARI ba="4,0" hai="12,16,22,72,73,75,77,79" m="42601,51722" machi="72" ten="40,5200,0" yaku="20,1,14,1,54,1" doraHai="25" who="3" fromWho="0" sc="108,-64,495,0,134,0,263,64" /><INIT seed="2,0,0,1,5,68" ten="44,495,134,327" oya="2" hai0="30,44,19,128,31,79,54,133,78,77,120,53,84" hai1="82,10,40,86,114,87,102,16,32,96,11,132,61" hai2="60,71,33,129,35,25,73,34,76,5,38,99,123" hai3="56,100,119,12,112,91,127,63,83,106,66,80,27"/><V135/><F123/><W22/><G127/><T45/><D120/><U67/><E114/><V57/><F129/><W50/><G112/><T1/><D1/><U14/><E32/><V0/><F135/><W55/><G119/><T7/><D128/><U48/><E132/><V64/><F57/><W94/><G12/><T21/><D133/><U115/><E115/><V134/><F134/><W26/><G100/><T88/><D7/><U17/><E40/><V4/><F4/><W126/><G106/><T39/><D39/><U18/><E48/><V130/><F130/><W103/><G103/><T24/><D45/><U47/><E47/><V62/><F62/><W109/><G109/><T75/><D75/><U41/><E41/><V93/><F25/><W9/><G9/><T2/><D2/><U23/><E10/><N who="2" m="2343" /><F93/><W121/><G126/><T81/><REACH who="0" step="1"/><D44/><REACH who="0" ten="34,495,134,327" step="2"/><U15/><E11/><V42/><F38/><W85/><G121/><T65/><D65/><U125/><E67/><V107/><F73/><W118/><G118/><T72/><D72/><U113/><E113/><V117/><F64/><W8/><G8/><T28/><AGARI ba="0,1" hai="19,21,24,28,30,31,53,54,77,78,79,81,84,88" machi="28" ten="30,7900,0" yaku="1,1,0,1,8,1,54,1,53,0" doraHai="68" doraHaiUra="6" who="0" fromWho="0" sc="34,89,495,-20,134,-39,327,-20" /><INIT seed="3,0,0,1,1,74" ten="123,475,95,307" oya="3" hai0="51,59,123,90,132,95,103,56,52,3,115,92,66" hai1="34,35,53,39,62,67,110,75,107,25,60,50,109" hai2="11,119,1,112,99,89,47,63,43,105,32,16,33" hai3="13,80,127,26,98,23,72,30,42,55,41,118,38"/><W7/><G118/><T48/><D123/><U124/><E39/><V2/><F112/><W101/><G127/><T15/><D3/><U135/><E107/><V57/><F119/><W54/><G7/><T69/><D115/><U86/><E75/><V58/><F1/><W120/><G120/><T116/><D116/><U94/><E135/><V18/><F2/><W27/><G13/><T130/><D130/><U40/><E40/><V125/><F125/><W31/><G38/><T85/><D132/><U65/><E124/><V71/><F71/><W49/><G55/><N who="0" m="31847" /><D69/><U29/><E35/><V114/><F114/><W100/><G72/><T122/><D122/><U21/><E34/><V131/><F131/><W61/><G61/><N who="0" m="38207" /><D15/><U82/><E94/><N who="2" m="56783" /><F32/><W77/><G27/><T133/><D133/><U102/><E102/><V10/><F33/><W20/><G30/><T68/><D68/><U79/><E62/><V84/><F105/><W24/><G54/><T126/><D126/><U104/><E104/><V37/><F57/><W5/><G5/><T70/><D70/><U14/><E14/><V129/><F129/><W128/><G128/><T93/><D103/><U81/><E60/><V106/><F106/><W22/><G49/><T28/><D28/><U46/><E67/><N who="2" m="39415" /><F84/><N who="3" m="48143" /><G23/><T121/><D121/><U17/><E65/><V6/><F11/><W36/><G36/><T73/><D73/><N who="1" m="43247" /><E29/><V83/><F83/><W45/><G98/><T96/><D96/><U0/><E0/><V44/><F44/><AGARI ba="0,0" hai="44,51,52,85,90,92,93,95" m="38207,31847" machi="44" ten="30,2000,0" yaku="8,1,54,1" doraHai="74" who="0" fromWho="2" sc="123,20,475,0,95,-20,307,0" owari="143,-25.7,475,57.5,75,-42.5,307,10.7" /></mjloggm>