<mjloggm ver="2.3"><GO type="225" lobby="0"/><UN n0="%6D%75%75%6D%75%72%61" n1="%73%61%6E%64%69%72%69%73" n2="%E3%81%82%E3%82%93%E3%81%AA%E3%81%A4" n3="%E9%B3%B3%E6%9D%B1%E3%81%AE%E3%81%86%E3%81%95%E3%81%8E%E3%81%95%E3%82%93" dan="16,16,16,16" rate="2113.77,2141.09,2121.74,2221.59" sx="F,M,M,M"/><TAIKYOKU oya="0"/><INIT seed="0,0,0,3,5,94" ten="250,250,250,250" oya="0" hai0="34,60,53,19,65,28,62,37,69,44,99,120,74" hai1="79,97,57,112,96,95,72,117,87,33,125,132,22" hai2="133,36,26,46,16,11,75,127,56,134,8,58,86" hai3="119,43,10,129,113,18,51,82,109,45,63,91,32"/><T21/><D120/><U17/><E117/><V38/><F75/><W102/><G109/><T1/><D74/><U111/><E33/><V40/><F38/><W2/><G113/><T93/><D1/><U98/><E72/><V29/><F86/><W27/><G129/><T41/><D34/><U77/><E111/><V104/><F104/><W110/><G110/><T3/><D3/><U55/><E132/><N who="2" m="50795" /><F127/><W114/><G114/><T9/><D9/><N who="2" m="3658" /><F16/><W115/><G18/><T90/><D28/><U101/><E125/><V64/><F64/><W30/><G115/><T67/><D53/><U68/><E68/><V12/><F12/><W31/><G31/><T66/><REACH who="0" step="1"/><D69/><REACH who="0" ten="240,250,250,250" step="2"/><U100/><E112/><V107/><F107/><W15/><G10/><T14/><AGARI ba="0,1" hai="14,19,21,37,41,44,60,62,65,66,67,90,93,99" machi="14" ten="30,11700,0" yaku="1,1,2,1,0,1,52,1,53,0" doraHai="94" doraHaiUra="105" who="0" fromWho="0" sc="240,127,250,-39,250,-39,250,-39" /><INIT seed="0,1,0,5,4,53" ten="367,211,211,211" oya="0" hai0="12,16,74,111,61,104,33,48,43,10,109,62,1" hai1="70,28,78,67,3,133,110,59,49,50,103,107,31" hai2="68,6,71,29,60,101,102,17,115,13,25,114,96" hai3="132,76,56,98,113,34,30,105,131,123,15,69,134"/><T91/><D33/><U21/><E3/><V45/><F6/><W65/><G113/><T64/><D74/><U129/><E70/><V42/><F68/><W106/><G131/><T83/><D1/><U119/><E119/><V72/><F72/><W20/><G69/><T9/><D104/><U46/><E110/><N who="0" m="41993" /><D9/><U117/><E117/><V116/><F116/><W92/><G76/><T118/><D118/><U23/><E78/><V24/><F60/><N who="3" m="38023" /><G34/><T88/><D83/><U81/><E81/><V54/><F71/><W90/><G123/><T0/><D0/><U63/><E129/><V80/><F80/><W127/><G127/><T18/><D18/><U128/><E128/><V120/><F17/><N who="3" m="10303" /><G30/><T35/><D35/><U86/><E107/><V14/><F29/><W11/><G11/><T99/><D64/><U55/><E67/><V7/><F120/><W85/><G106/><T121/><D121/><U97/><E31/><V124/><F124/><W5/><G5/><T58/><D91/><U126/><E28/><V84/><F7/><W66/><G66/><T2/><D2/><U32/><E32/><V47/><F114/><W79/><G105/><T89/><D89/><U27/><E126/><V122/><F115/><W37/><G79/><T112/><D112/><U93/><E21/><V130/><F122/><W87/><G37/><T94/><D43/><U26/><E23/><V95/><F42/><W73/><G73/><T19/><D19/><U57/><E103/><V40/><F40/><W75/><G75/><T52/><AGARI ba="1,0" hai="10,12,16,48,52,58,61,62,88,94,99" m="41993" machi="52" ten="30,18000,2" yaku="14,1,10,1,52,1,54,3" doraHai="53" who="0" fromWho="0" sc="367,183,211,-61,211,-61,211,-61" /><INIT seed="0,2,0,0,0,92" ten="550,150,150,150" oya="0" hai0="25,48,38,55,61,129,44,132,68,80,49,11,89" hai1="43,122,83,121,65,103,106,131,53,54,35,62,6" hai2="15,69,1,63,72,20,12,73,108,118,24,79,58" hai3="110,14,74,112,39,100,120,133,99,41,82,88,78"/><T87/><D129/><U115/><E6/><V128/><F1/><W10/><G112/><T94/><D132/><U56/><E35/><V52/><F128/><W9/><G133/><T51/><D38/><U57/><E83/><V46/><F108/><W8/><G110/><T23/><D11/><U18/><E18/><V98/><F118/><W47/><G120/><T119/><D119/><U124/><E103/><V117/><F69/><W28/><G28/><T105/><D105/><U32/><E32/><V26/><F117/><W126/><G126/><T135/><D135/><U113/><E106/><V21/><F46/><W86/><G74/><T134/><D134/><U75/><E75/><V2/><F2/><W77/><REACH who="3" step="1"/><G14/><REACH who="3" ten="550,150,150,140" step="2"/><T123/><D123/><U114/><E124/><V16/><F73/><W93/><AGARI ba="2,1" hai="8,9,10,39,41,47,77,78,82,86,88,93,99,100" machi="93" ten="30,8000,1" yaku="1,1,2,1,0,1,52,1,54,1,53,0" doraHai="92" doraHaiUra="19" who="3" fromWho="3" sc="550,-42,150,-22,150,-22,140,96" /><INIT seed="1,0,0,5,0,122" ten="508,128,128,236" oya="1" hai0="92,49,68,27,99,55,126,130,47,103,57,8,61" hai1="121,30,64,72,91,4,90,24,65,123,36,18,16" hai2="63,53,132,74,133,21,17,107,12,84,118,129,70" hai3="100,20,33,11,37,95,26,9,113,29,80,15,81"/><U2/><E72/><V106/><F118/><W23/><G37/><T124/><D130/><U22/><E36/><V6/><F74/><W131/><G113/><T79/><D79/><U59/><E121/><V42/><F42/><W54/><G131/><T14/><D27/><U134/><E123/><V97/><F129/><W117/><G117/><T109/><D109/><U50/><E134/><N who="2" m="51819" /><F97/><N who="3" m="59455" /><G33/><T85/><D85/><U76/><E76/><V31/><F31/><W112/><G112/><T51/><D68/><U56/><E4/><V44/><F6/><N who="3" m="3511" /><G11/><T7/><REACH who="0" step="1"/><D49/><REACH who="0" ten="498,128,128,236" step="2"/><U87/><E50/><N who="2" m="28871" /><F84/><W89/><G26/><T3/><D3/><U43/><E2/><V101/><F70/><W120/><G29/><T105/><D105/><U46/><E87/><V13/><F106/><W114/><G120/><T115/><D115/><U35/><E30/><V94/><F107/><W86/><G114/><T48/><D48/><N who="1" m="26719" /><E35/><V128/><F128/><W71/><G71/><T28/><D28/><U39/><E39/><V45/><F12/><W135/><G135/><T83/><D83/><U108/><E108/><V73/><F73/><W40/><G80/><T102/><D102/><U38/><E38/><V104/><F104/><W62/><G81/><T93/><D93/><U111/><E111/><V110/><F110/><W60/><G86/><T88/><D88/><N who="1" m="33835" /><E18/><V19/><F19/><W69/><G69/><T41/><AGARI ba="0,1" hai="7,8,14,41,47,51,55,57,61,92,99,103,124,126" machi="41" ten="30,4000,0" yaku="1,1,0,1,53,1" doraHai="122" doraHaiUra="10" who="0" fromWho="0" sc="498,50,128,-20,128,-10,236,-10" /><INIT seed="2,0,0,1,5,115" ten="548,108,118,226" oya="2" hai0="95,55,18,28,99,113,72,75,127,29,21,65,61" hai1="131,69,67,108,11,134,19,15,45,119,96,109,6" hai2="107,68,0,49,36,78,86,13,77,121,90,30,63" hai3="111,130,64,74,1,5,14,128,98,23,62,10,118"/><V85/><F121/><W8/><G118/><T82/><D113/><U80/><E134/><V116/><F0/><W89/><G74/><T9/><D127/><U124/><E124/><V100/><F36/><W44/><G23/><T40/><D40/><U106/><E131/><N who="3" m="50218" /><G111/><N who="1" m="42570" /><E80/><V2/><F2/><W17/><G44/><T20/><D55/><U123/><E45/><V120/><F85/><W32/><G32/><T83/><D99/><U84/><E84/><V73/><F49/><W97/><G89/><T135/><D20/><U104/><E123/><V117/><F120/><W110/><G110/><T57/><D95/><U48/><E48/><V103/><F73/><W114/><G114/><T43/><D43/><U22/><E96/><V4/><F107/><N who="1" m="41001" /><E119/><V87/><F87/><W58/><AGARI ba="0,0" hai="1,5,8,10,14,17,58,62,64,97,98" m="50218" machi="58" ten="30,1100,0" yaku="19,1" doraHai="115" who="3" fromWho="3" sc="548,-3,108,-3,118,-5,226,11" /><INIT seed="3,0,0,0,0,1" ten="545,105,113,237" oya="3" hai0="118,83,51,3,21,53,12,62,14,85,16,48,24" hai1="60,75,76,112,123,129,65,74,98,134,17,13,116" hai2="107,6,99,73,86,96,108,121,38,59,19,56,36" hai3="66,4,78,79,131,9,64,10,128,81,49,97,28"/><W88/><G28/><T8/><D118/><U2/><E123/><V5/><F73/><W57/><G49/><T55/><D3/><U63/><E112/><V40/><F107/><W58/><G97/><N who="2" m="37449" /><F121/><W80/><REACH who="3" step="1"/><G88/><REACH who="3" ten="545,105,113,227" step="2"/><N who="0" m="51263" /><D62/><U20/><E63/><V7/><F38/><W67/><G67/><T124/><D124/><U34/><E60/><V44/><F36/><W52/><G52/><N who="0" m="20043" /><D12/><U41/><E13/><V126/><F126/><W31/><G31/><AGARI ba="0,1" hai="8,14,16,21,24,31,48,51" m="20043,51263" machi="31" ten="30,7700,0" yaku="8,1,54,3" doraHai="1" who="0" fromWho="3" sc="545,87,105,0,113,0,227,-77" owari="632,73.2,105,-39.5,113,-28.7,150,-5.0" /></mjloggm>