<mjloggm ver="2.3"><GO type="225" lobby="0"/><UN n0="%E5%86%B7%E5%87%8D%E3%82%AE%E3%83%A7%E3%83%BC%E3%82%B6" n1="%E3%81%86%E3%83%BC%E3%81%B1%E3%83%BC" n2="%6D%75%75%6D%75%72%61" n3="%E3%83%A9%E3%83%96%E3%83%AC%E3%83%BC" dan="16,17,17,18" rate="2137.29,2143.98,2142.36,2194.29" sx="M,F,F,M"/><TAIKYOKU oya="0"/><INIT seed="0,0,0,3,1,1" ten="250,250,250,250" oya="0" hai0="92,14,63,10,94,101,52,81,126,107,100,68,71" hai1="62,118,35,17,132,83,57,12,26,109,23,128,53" hai2="4,2,75,119,123,121,64,67,114,7,87,129,3" hai3="112,113,93,47,88,89,98,6,30,84,115,58,96"/><T91/><D126/><U76/><E118/><V31/><F75/><W116/><G30/><T37/><D37/><U50/><E109/><V80/><F114/><W54/><G116/><T55/><D107/><U117/><E117/><V106/><F119/><W73/><G73/><T25/><D25/><U125/><E125/><V21/><F106/><W45/><G6/><T44/><D81/><U133/><E128/><V39/><F39/><W61/><REACH who="3" step="1"/><G98/><REACH who="3" ten="250,250,250,240" step="2"/><T0/><D0/><U95/><E35/><V130/><F3/><W42/><G42/><T34/><D34/><U28/><E28/><V77/><F2/><W16/><G16/><T15/><D68/><U29/><E29/><V11/><F121/><W97/><G97/><T51/><D71/><U36/><E17/><V5/><F123/><W65/><G65/><N who="2" m="25161" /><F130/><W27/><G27/><T32/><D32/><U131/><E26/><N who="2" m="16847" /><F129/><W74/><G74/><T33/><D33/><U120/><E131/><V8/><AGARI ba="0,1" hai="4,5,7,8,11,77,80,87" m="16847,25161" machi="8" ten="30,7900,0" yaku="8,1,52,3" doraHai="1" who="2" fromWho="2" sc="250,-39,250,-20,250,89,240,-20" /><INIT seed="1,0,0,3,0,82" ten="211,230,339,220" oya="1" hai0="132,125,55,38,35,65,81,31,99,49,7,21,60" hai1="44,127,114,19,69,58,84,50,107,42,28,123,109" hai2="91,16,29,133,4,54,46,116,77,129,56,15,11" hai3="33,39,26,59,92,61,101,67,6,130,117,71,124"/><U25/><E114/><V18/><F116/><W119/><G6/><T95/><D125/><U108/><E123/><V13/><F129/><W97/><G130/><T122/><D132/><U23/><E127/><V17/><F133/><W3/><G124/><T1/><D38/><U22/><E107/><V70/><F70/><W131/><G39/><T88/><D122/><U14/><E69/><V57/><F77/><W63/><G131/><T2/><D35/><U68/><E68/><V53/><F29/><W37/><G37/><T103/><D7/><U48/><E58/><N who="2" m="22635" /><F46/><W34/><G3/><T94/><D81/><U118/><E118/><N who="3" m="45066" /><G26/><T76/><D76/><U40/><REACH who="1" step="1"/><E84/><REACH who="1" ten="211,220,339,220" step="2"/><V27/><F91/><W111/><G111/><T20/><D60/><U79/><E79/><V64/><F64/><AGARI ba="0,1" hai="33,34,59,61,63,64,67,71,92,97,101" m="45066" machi="64" ten="30,1000,0" yaku="12,1" doraHai="82" who="3" fromWho="2" sc="211,0,220,0,339,-10,220,20" /><INIT seed="2,0,0,3,1,49" ten="211,220,329,240" oya="2" hai0="8,30,5,71,38,119,115,94,13,133,80,84,53" hai1="12,45,101,28,121,23,135,118,2,3,99,17,10" hai2="58,27,131,9,107,11,18,25,40,91,41,56,22" hai3="78,48,97,68,33,6,61,60,102,123,86,130,35"/><V109/><F107/><W37/><G37/><T59/><D115/><U39/><E118/><V73/><F73/><W0/><G123/><T125/><D119/><U89/><E135/><V67/><F131/><W64/><G130/><T66/><D133/><U85/><E121/><V117/><F117/><W103/><G102/><T14/><D125/><U65/><E65/><V24/><F109/><W129/><G61/><T19/><D94/><U72/><E72/><V15/><F91/><W126/><G126/><T81/><D30/><U29/><E45/><V63/><REACH who="2" step="1"/><F56/><REACH who="2" ten="211,220,319,240" step="2"/><W32/><G129/><T87/><D71/><U116/><E116/><V124/><F124/><W95/><G68/><T4/><D66/><U43/><E89/><V92/><F92/><W128/><G95/><T106/><D106/><U88/><E88/><V51/><F51/><W127/><G48/><N who="0" m="31143" /><D38/><U36/><E39/><V46/><F46/><W134/><G64/><T54/><D81/><U113/><E36/><V108/><F108/><W114/><G127/><T74/><D80/><U110/><E110/><V21/><F21/><W1/><G134/><T79/><D74/><U52/><E23/><V122/><F122/><W120/><G128/><T105/><D105/><U77/><E101/><V31/><F31/><W50/><G120/><T34/><D79/><U111/><E77/><V20/><F20/><W98/><G78/><T57/><D34/><U75/><E111/><V47/><F47/><W76/><G35/><T104/><D104/><U69/><E75/><V55/><F55/><W70/><G33/><T112/><D54/><RYUUKYOKU ba="0,1" sc="211,-10,220,-10,319,30,240,-10" hai2="9,11,15,18,22,24,25,27,40,41,58,63,67" /><INIT seed="2,1,1,4,1,80" ten="201,210,349,230" oya="2" hai0="30,24,11,7,117,109,27,45,94,83,18,52,89" hai1="122,40,76,22,90,41,118,74,86,6,107,72,31" hai2="69,25,34,133,16,10,68,59,77,60,104,12,132" hai3="101,46,70,58,13,56,47,50,85,67,123,120,32"/><V125/><F104/><W55/><G101/><T62/><D109/><U110/><E118/><V87/><F125/><W54/><G32/><T127/><D127/><U92/><E110/><V43/><F43/><W124/><G13/><T44/><D117/><U128/><E122/><V130/><F25/><W8/><G124/><T14/><D83/><U79/><E128/><V15/><F15/><W88/><G8/><T100/><D100/><U23/><E107/><V91/><F77/><N who="1" m="29769" /><E74/><V49/><F49/><W20/><G20/><N who="1" m="7722" /><E72/><V39/><F39/><W97/><G97/><T75/><D75/><U116/><E116/><V51/><F51/><W61/><G123/><T134/><D134/><N who="2" m="51818" /><F34/><W66/><G120/><T113/><D113/><U37/><E37/><V114/><F114/><W9/><G9/><T63/><D7/><U21/><E6/><V82/><F130/><W2/><G2/><T1/><D1/><U98/><E98/><V4/><F4/><W105/><G105/><T28/><D27/><AGARI ba="1,1" hai="21,27,31,40,41,86,90,92" m="7722,29769" machi="27" ten="30,2000,0" yaku="8,1,52,1" doraHai="80" who="1" fromWho="0" sc="201,-23,210,33,349,0,230,0" /><INIT seed="3,0,0,0,4,106" ten="178,243,349,230" oya="3" hai0="132,10,93,23,41,15,17,98,4,36,113,1,39" hai1="104,29,91,13,62,65,101,26,45,46,63,64,120" hai2="14,59,19,42,66,28,92,70,27,83,116,49,84" hai3="12,78,73,95,82,76,52,55,99,134,68,77,8"/><W119/><G119/><T124/><D124/><U108/><E120/><V129/><F116/><W122/><G122/><T123/><D123/><U40/><E108/><V130/><F70/><W31/><G68/><T81/><D132/><U34/><E91/><V56/><F92/><W21/><G134/><T32/><D113/><U47/><E13/><V107/><F66/><W102/><G78/><T90/><D41/><U61/><E40/><V2/><F2/><W85/><G77/><T128/><D128/><N who="2" m="49258" /><F49/><W60/><G60/><T135/><D135/><U115/><E115/><V30/><F42/><W74/><G31/><N who="2" m="11817" /><F27/><W0/><G0/><T22/><D32/><U7/><E65/><V105/><F59/><W37/><G21/><T50/><D23/><U58/><E58/><V43/><F43/><W96/><G37/><T16/><D50/><U67/><E64/><V24/><F56/><W100/><G55/><T79/><REACH who="0" step="1"/><D17/><REACH who="0" ten="168,243,349,230" step="2"/><U126/><E67/><V71/><F19/><W109/><G109/><T103/><D103/><U18/><E18/><V117/><F117/><W5/><G52/><T87/><AGARI ba="0,1" hai="1,4,10,15,16,22,36,39,79,81,87,90,93,98" machi="87" ten="20,5200,0" yaku="1,1,0,1,7,1,54,1,53,0" doraHai="106" doraHaiUra="121" who="0" fromWho="0" sc="168,62,243,-13,349,-13,230,-26" owari="230,3.0,230,-17.0,336,43.6,204,-29.6" /></mjloggm>