<mjloggm ver="2.3"><GO type="225" lobby="0"/><UN n0="%6D%75%75%73%61%6E%6D%75" n1="%74%61%6B%69%6F%6E%5F%38" n2="%6E%69%63%6F%6E%74%6F" n3="%E7%87%90%2E%2E" dan="17,16,16,16" rate="2156.32,2081.08,2143.72,2131.00" sx="F,M,M,M"/><TAIKYOKU oya="0"/><INIT seed="0,0,0,3,4,125" ten="250,250,250,250" oya="0" hai0="75,87,71,12,3,43,128,5,44,16,28,96,68" hai1="113,40,98,79,8,78,134,25,84,129,56,32,130" hai2="58,123,108,45,121,82,99,66,41,50,57,118,21" hai3="0,72,106,90,4,100,60,55,86,36,53,119,94"/><T39/><D75/><U46/><E113/><V102/><F108/><W110/><G119/><T65/><D128/><N who="1" m="49259" /><E134/><V126/><F126/><W22/><G110/><T61/><D28/><N who="1" m="19471" /><E84/><V104/><F118/><W24/><G36/><T88/><D96/><U33/><E33/><V107/><F107/><W49/><G106/><T127/><D127/><U105/><E56/><V6/><F6/><W14/><G72/><T115/><D115/><U114/><E114/><V112/><F112/><W2/><G4/><T7/><D3/><U54/><E54/><V17/><F66/><W101/><G2/><T63/><D68/><U77/><E8/><V35/><F35/><W80/><G0/><T27/><D63/><U92/><E105/><V59/><F82/><W117/><G80/><T73/><D73/><U51/><E78/><V70/><F70/><W10/><G117/><T18/><D27/><U37/><E37/><V95/><F104/><W20/><G55/><T116/><D116/><U76/><E76/><V124/><F124/><W9/><G60/><T131/><D131/><U93/><E93/><V42/><F42/><W1/><G1/><T111/><D111/><U85/><E85/><V48/><F48/><W81/><G94/><T135/><D135/><U91/><AGARI ba="0,0" hai="40,46,51,77,79,91,92,98" m="19471,49259" machi="91" ten="30,7900,0" yaku="19,1,52,3" doraHai="125" who="1" fromWho="1" sc="250,-39,250,79,250,-20,250,-20" /><INIT seed="1,0,0,2,3,93" ten="211,329,230,230" oya="1" hai0="90,88,99,0,104,92,77,68,100,48,96,32,3" hai1="87,8,120,114,64,111,119,134,11,105,67,59,108" hai2="12,22,38,63,61,69,112,43,19,23,73,74,31" hai3="132,81,37,50,80,129,106,133,10,65,29,102,127"/><U40/><E114/><V109/><F109/><N who="1" m="42057" /><E105/><V16/><F112/><W15/><G37/><T62/><D32/><U13/><E119/><V9/><F31/><W101/><G127/><T55/><D77/><U122/><E134/><N who="3" m="51818" /><G129/><T35/><D35/><U60/><E40/><V71/><F9/><N who="1" m="3657" /><E13/><V83/><F83/><W26/><G80/><T98/><D68/><U91/><E64/><V28/><F28/><W18/><G65/><T116/><D62/><N who="1" m="38367" /><E120/><V4/><F4/><W131/><G106/><T117/><D117/><U84/><E60/><V44/><F71/><W47/><G131/><T78/><D78/><U39/><E39/><V115/><F63/><W41/><G41/><T82/><D116/><U135/><E122/><V25/><F115/><W110/><G110/><T76/><D76/><U7/><E7/><V27/><F12/><W24/><G24/><T95/><D82/><U58/><E58/><AGARI ba="0,0" hai="0,3,48,55,58,88,90,92,95,96,98,99,100,104" machi="58" ten="30,12000,2" yaku="7,1,9,1,52,3,54,1" doraHai="93" who="0" fromWho="1" sc="211,120,329,-120,230,0,230,0" /><INIT seed="2,0,0,2,5,110" ten="331,209,230,230" oya="2" hai0="128,122,25,82,64,134,126,0,65,46,113,111,88" hai1="70,22,80,106,132,37,35,63,98,125,1,23,93" hai2="20,45,9,90,17,31,54,92,121,68,14,19,123" hai3="119,4,133,60,124,43,50,109,85,56,120,102,21"/><V29/><F68/><W40/><G120/><T48/><D122/><U74/><E37/><V86/><F123/><W84/><G119/><T83/><D0/><U6/><E125/><V62/><F121/><W97/><G109/><T16/><D111/><U36/><E36/><V28/><F62/><W10/><G124/><T69/><D113/><U131/><E131/><V47/><REACH who="2" step="1"/><F54/><REACH who="2" ten="331,209,220,230" step="2"/><W118/><G118/><T116/><D126/><U44/><E63/><V73/><F73/><W78/><G60/><T3/><D116/><U76/><E70/><V104/><BYE who="1" /><F104/><W71/><G71/><T42/><D69/><U87/><E87/><V12/><AGARI ba="0,1" hai="9,12,14,17,19,20,28,29,31,45,47,86,90,92" machi="12" ten="30,6000,0" yaku="1,1,0,1,8,1,53,0" doraHai="110" doraHaiUra="52" who="2" fromWho="2" sc="331,-20,209,-20,220,70,230,-20" /><INIT seed="2,1,0,5,1,9" ten="311,189,290,210" oya="2" hai0="34,38,89,53,21,30,128,28,108,72,88,49,26" hai1="85,52,83,127,91,15,69,56,76,51,17,92,133" hai2="48,122,55,60,114,18,126,1,25,29,87,39,42" hai3="103,111,106,64,67,105,24,68,104,112,11,5,62"/><V129/><F114/><W13/><G111/><T33/><D72/><U4/><E4/><V75/><F122/><W8/><G112/><T35/><D38/><UN n1="%74%61%6B%69%6F%6E%5F%38" /><U80/><E133/><V135/><F75/><W81/><G67/><T131/><D108/><U36/><E127/><V7/><F135/><W41/><G41/><T59/><REACH who="0" step="1"/><D30/><REACH who="0" ten="301,189,290,210" step="2"/><U57/><E36/><V43/><F39/><W45/><G45/><T109/><D109/><U47/><E69/><V107/><F29/><W90/><G24/><T101/><D101/><U96/><REACH who="1" step="1"/><E80/><REACH who="1" ten="301,179,290,210" step="2"/><V27/><F126/><W118/><G118/><T117/><D117/><U97/><E97/><V94/><F129/><AGARI ba="1,2" hai="21,26,28,33,34,35,49,53,59,88,89,128,129,131" machi="129" ten="50,8000,1" yaku="1,1,19,1,54,1,53,1" doraHai="9" doraHaiUra="20" who="0" fromWho="2" sc="301,103,179,0,290,-83,210,0" /><INIT seed="3,0,0,4,0,131" ten="404,179,207,210" oya="3" hai0="14,31,71,70,53,109,116,119,132,27,45,13,63" hai1="129,50,38,115,42,99,124,21,67,46,103,55,106" hai2="118,76,130,134,110,79,20,40,44,15,111,59,43" hai3="10,84,65,122,92,135,48,4,73,35,22,12,126"/><W18/><G122/><T3/><D3/><U78/><E129/><V41/><F130/><W121/><G121/><T72/><D72/><U26/><E124/><V61/><F118/><W28/><G73/><T128/><D128/><U85/><E115/><V51/><F134/><W82/><G135/><T11/><D132/><U16/><E67/><N who="2" m="39359" /><F111/><W87/><G126/><T36/><D71/><U19/><E78/><N who="2" m="29739" /><F110/><W107/><G107/><T113/><D109/><U56/><REACH who="1" step="1"/><E85/><REACH who="1" ten="404,169,207,210" step="2"/><V74/><F74/><W96/><G65/><T108/><D113/><U32/><E32/><V88/><F88/><W29/><G84/><T112/><D112/><U5/><E5/><V2/><F2/><W104/><G35/><T127/><D108/><U57/><E57/><V101/><F101/><W60/><G87/><T98/><D127/><U114/><E114/><V89/><F89/><W17/><G4/><T125/><D125/><U52/><E52/><V25/><F15/><W6/><G6/><T93/><D70/><U117/><E117/><V95/><F95/><W66/><G92/><T69/><D69/><U8/><E8/><V120/><F120/><W1/><G10/><T91/><D119/><U102/><E102/><V77/><F77/><W54/><G1/><T94/><D116/><U62/><E62/><V24/><F24/><W100/><G60/><T83/><D63/><U75/><E75/><V34/><F34/><W39/><G66/><T0/><D0/><U7/><E7/><V133/><F133/><W97/><G100/><T30/><D53/><U47/><E47/><V105/><F105/><RYUUKYOKU ba="0,1" sc="404,-15,169,15,207,15,210,-15" hai1="16,19,21,26,38,42,46,50,55,56,99,103,106" hai2="20,25,40,41,43,44,51" owari="399,49.9,184,-31.6,222,2.2,195,-20.5" /></mjloggm>