<mjloggm ver="2.3"><GO type="225" lobby="0"/><UN n0="%E3%81%AF%E3%82%88%E3%81%8A%E3%81%98%E3%81%95%E3%82%93" n1="%E7%99%BD%E6%97%A5%E9%9B%AA%E8%8F%9C" n2="%E5%8F%AF%E5%85%90%E9%82%A3%E7%94%B1%E5%A4%9A" n3="%E5%8D%A0%E3%81%84%E5%B8%AB%E8%A3%8F%E3%81%AA%E3%81%84%E3%81%97" dan="17,16,17,16" rate="2163.75,2192.36,2183.31,2111.22" sx="M,M,F,M"/><TAIKYOKU oya="0"/><INIT seed="0,0,0,1,5,128" ten="250,250,250,250" oya="0" hai0="65,74,81,73,109,96,64,131,37,97,39,6,62" hai1="28,102,105,18,14,120,0,106,35,7,94,103,13" hai2="79,52,56,58,93,87,54,30,114,118,98,107,1" hai3="29,86,71,92,25,19,89,99,117,91,101,125,10"/><T5/><D81/><U135/><E120/><V88/><F114/><W57/><G71/><T129/><REACH who="0" step="1"/><D62/><REACH who="0" ten="240,250,250,250" step="2"/><U11/><E135/><V110/><F118/><W66/><G117/><T126/><D126/><U122/><E122/><V49/><F110/><AGARI ba="0,1" hai="5,6,37,39,64,65,73,74,96,97,109,110,129,131" machi="110" ten="25,4800,0" yaku="1,1,22,2,53,0" doraHai="128" doraHaiUra="113" who="0" fromWho="2" sc="240,58,250,0,250,-48,250,0" /><INIT seed="0,1,0,3,0,59" ten="298,250,202,250" oya="0" hai0="93,127,47,16,53,21,103,7,20,101,118,117,108" hai1="8,66,60,97,3,38,82,31,55,36,131,125,75" hai2="67,12,79,88,64,28,57,119,56,69,86,130,0" hai3="133,15,26,42,106,14,17,62,105,94,91,23,29"/><T24/><D127/><U83/><E125/><V4/><F0/><W48/><G133/><T72/><D72/><U74/><E55/><V68/><F130/><W49/><G14/><T22/><D108/><U128/><E31/><V116/><F28/><W54/><G105/><T122/><D122/><U109/><E109/><V32/><F32/><W95/><G106/><T100/><D7/><N who="1" m="1151" /><E97/><V58/><F79/><W73/><G73/><N who="1" m="27658" /><E82/><V25/><F25/><W80/><G80/><T135/><D135/><U19/><E19/><V126/><F126/><W52/><G42/><T63/><D117/><N who="2" m="45130" /><F12/><W61/><G94/><T114/><D114/><U13/><E83/><N who="2" m="49247" /><F4/><W76/><G76/><T129/><D129/><N who="1" m="49739" /><E13/><V27/><F27/><W35/><G48/><N who="0" m="28831" /><D118/><U113/><E113/><V9/><F9/><W111/><G111/><T6/><D6/><U112/><E112/><V51/><F51/><W98/><G54/><T40/><D40/><U41/><E41/><V102/><F102/><W96/><G96/><T30/><D93/><U110/><E110/><V44/><F44/><AGARI ba="1,0" hai="15,17,23,26,29,35,44,49,52,61,62,91,95,98" machi="44" ten="30,7700,0" yaku="7,1,52,2,54,1" doraHai="59" who="3" fromWho="2" sc="298,0,250,0,202,-80,250,80" /><INIT seed="1,0,0,0,4,119" ten="298,250,122,330" oya="1" hai0="67,93,10,121,8,62,54,16,34,45,25,15,61" hai1="9,78,109,53,13,52,102,48,63,103,117,106,35" hai2="110,17,30,86,129,123,134,29,92,28,133,2,64" hai3="105,124,98,5,36,55,44,20,39,114,81,74,135"/><U89/><E35/><V104/><F104/><W118/><G114/><T127/><D127/><U82/><E117/><V19/><F64/><W38/><G118/><T91/><D121/><U130/><E130/><V96/><F86/><W100/><G124/><T0/><D34/><U27/><E109/><V116/><F116/><W41/><G135/><N who="2" m="51721" /><F92/><W85/><G20/><N who="0" m="13447" /><D0/><U120/><E106/><V87/><F87/><W6/><G55/><T128/><D128/><U21/><E89/><V43/><F43/><W79/><G5/><T56/><D15/><U115/><E115/><V69/><F96/><W40/><G40/><T122/><D122/><U70/><E120/><V73/><F73/><W132/><G132/><T32/><D32/><U60/><E70/><V65/><F123/><W49/><G85/><N who="0" m="52463" /><D62/><N who="1" m="23595" /><E82/><V108/><F129/><W7/><AGARI ba="0,0" hai="6,7,36,38,39,41,44,49,74,79,81,98,100,105" machi="7" ten="40,1500,0" yaku="0,1" doraHai="119" who="3" fromWho="3" sc="298,-4,250,-7,122,-4,330,15" /><INIT seed="2,0,0,3,3,50" ten="294,243,118,345" oya="2" hai0="74,76,126,44,11,99,47,88,30,16,116,82,5" hai1="134,119,122,130,3,4,75,106,118,129,20,73,108" hai2="13,83,94,40,7,107,8,61,21,15,79,25,90" hai3="81,35,19,105,14,102,91,97,121,100,67,127,46"/><V52/><F107/><W96/><G121/><T39/><D126/><U17/><E106/><V109/><F109/><W80/><G35/><T85/><D116/><N who="1" m="44587" /><E75/><V89/><F40/><W51/><G127/><T28/><D99/><U48/><E73/><V18/><F94/><N who="3" m="56415" /><G105/><T1/><D44/><U133/><E48/><V104/><F104/><W62/><G62/><T0/><D0/><U63/><E63/><V6/><F79/><W71/><G67/><T34/><D34/><U86/><E86/><V112/><F112/><W70/><G70/><T125/><D125/><U42/><E42/><V31/><F83/><W92/><G102/><T120/><D120/><U12/><E122/><V2/><F6/><W69/><G69/><T45/><D45/><U65/><E65/><V114/><F114/><W32/><G32/><T60/><D60/><U95/><E95/><V113/><F113/><W41/><G71/><T128/><D128/><N who="1" m="49259" /><E108/><V72/><F72/><W117/><G117/><T33/><D33/><U38/><E38/><V66/><F66/><W58/><G58/><T23/><D47/><U132/><E4/><V64/><F64/><W131/><G131/><T103/><D39/><U26/><E3/><V98/><F98/><W54/><G41/><T9/><D103/><U53/><E53/><V29/><F2/><W87/><G87/><T111/><D111/><U135/><E135/><V56/><F31/><N who="0" m="11818" /><D1/><U84/><E84/><V37/><F37/><W68/><G68/><T55/><D55/><U78/><E78/><V59/><F59/><W27/><G54/><T124/><D124/><RYUUKYOKU ba="0,0" sc="294,-15,243,15,118,15,345,-15" hai1="12,17,20,26,132,133,134" hai2="7,8,13,15,18,21,25,29,52,56,61,89,90" /><INIT seed="2,1,0,3,2,9" ten="279,258,133,330" oya="2" hai0="20,61,36,94,77,104,19,79,96,88,99,44,95" hai1="98,118,22,15,97,115,24,111,107,4,53,3,81" hai2="123,91,6,93,0,74,26,122,105,56,100,134,1" hai3="106,66,64,30,133,48,28,21,63,50,109,65,83"/><V18/><F74/><W78/><G106/><T13/><D104/><U57/><E118/><V71/><F71/><W46/><G109/><T33/><D33/><U82/><E115/><V80/><F134/><W101/><G101/><T110/><D110/><U126/><E111/><V130/><F130/><W84/><G133/><T60/><D36/><U52/><E3/><V59/><F80/><N who="1" m="30825" /><E107/><V72/><F72/><W102/><G102/><N who="0" m="60695" /><D44/><U5/><E53/><V40/><F40/><N who="3" m="24647" /><G63/><AGARI ba="1,0" hai="13,19,20,60,61,63,77,79,88,95,99" m="60695" machi="63" ten="30,3900,0" yaku="8,1,52,1,54,1" doraHai="9" who="0" fromWho="3" sc="279,42,258,0,133,0,330,-42" /><INIT seed="3,0,0,0,3,77" ten="321,258,133,288" oya="3" hai0="14,128,111,28,130,121,104,97,95,32,4,133,81" hai1="39,54,67,15,127,69,44,101,48,112,33,6,22" hai2="120,103,16,135,88,10,68,51,124,42,35,78,60" hai3="116,131,83,49,34,50,126,19,113,27,41,86,12"/><W105/><G113/><T11/><D111/><U84/><E33/><V31/><F135/><W87/><G116/><T9/><D133/><U114/><E127/><V38/><F124/><W26/><G126/><T96/><D121/><U37/><E101/><V122/><F103/><W46/><G105/><T123/><D123/><U106/><E106/><V56/><F78/><N who="3" m="46455" /><G34/><T18/><D104/><U79/><E112/><V0/><F35/><W61/><G131/><N who="0" m="50219" /><D81/><U65/><E114/><V45/><F31/><W74/><G74/><T108/><D108/><U30/><E69/><V21/><F0/><W47/><G61/><T24/><D95/><U102/><E102/><V98/><F10/><N who="3" m="6551" /><G87/><T125/><D125/><U58/><E39/><V64/><F98/><W119/><G119/><T23/><D9/><N who="1" m="4535" /><E37/><V115/><F115/><W36/><G36/><T20/><D20/><U66/><E44/><V1/><F1/><AGARI ba="0,0" hai="1,4,11,14,18,23,24,28,32,96,97" m="50219" machi="1" ten="30,2000,0" yaku="24,1,19,1" doraHai="77" who="0" fromWho="2" sc="321,20,258,0,133,-20,288,0" owari="341,44.1,258,-14.2,113,-38.7,288,8.8" /></mjloggm>