<mjloggm ver="2.3"><GO type="225" lobby="0"/><UN n0="%E9%80%86%E9%80%A3%E5%B8%AF%E3%81%AE%E9%AC%BC" n1="%E3%83%81%E3%83%AF%E3%83%AF%E9%9A%8A%E9%95%B7" n2="%E4%BF%BA%E3%81%A8%E5%A6%96%E5%A4%A2" n3="%E3%81%8B%E3%82%8F%E3%81%A1%E3%82%83%E3%82%93%35%38" dan="17,17,17,16" rate="2195.51,2215.45,2199.34,2123.68" sx="M,M,F,M"/><TAIKYOKU oya="0"/><INIT seed="0,0,0,3,2,36" ten="250,250,250,250" oya="0" hai0="79,58,43,64,68,49,96,22,71,106,23,45,104" hai1="11,128,84,119,10,62,2,134,78,4,135,107,5" hai2="15,40,31,122,17,16,100,37,74,133,124,90,102" hai3="98,59,24,21,97,113,60,8,69,56,120,76,20"/><T54/><D79/><U35/><E119/><V131/><F122/><W53/><G113/><T26/><D22/><U50/><E35/><V38/><F74/><W92/><G69/><T116/><D116/><U32/><E32/><V99/><F133/><N who="1" m="50697" /><E107/><V66/><F131/><W39/><G120/><T111/><D111/><U29/><E128/><V30/><F124/><W9/><G39/><T77/><D77/><U67/><E29/><V57/><F90/><W33/><G33/><T82/><D82/><N who="1" m="47191" /><E50/><V108/><F108/><W95/><G76/><T101/><D106/><U72/><E72/><V110/><F110/><W19/><G56/><T14/><D14/><N who="1" m="5447" /><E62/><V47/><F37/><W94/><G21/><T86/><D86/><U6/><E6/><V85/><F85/><W44/><G44/><T46/><D46/><U121/><E121/><V25/><F15/><W126/><G126/><T130/><D130/><U61/><E61/><N who="2" m="38191" /><F102/><W13/><REACH who="3" step="1"/><G8/><REACH who="3" ten="250,250,250,240" step="2"/><T118/><D118/><U0/><E67/><V34/><F34/><W3/><G3/><AGARI ba="0,1" hai="0,2,3,5,11" m="5447,47191,50697" machi="3" ten="30,1000,0" yaku="20,1" doraHai="36" who="1" fromWho="3" sc="250,0,250,20,250,0,240,-10" /><INIT seed="1,0,0,5,3,102" ten="250,270,250,230" oya="1" hai0="83,82,62,115,105,86,134,61,11,6,127,101,100" hai1="135,103,10,126,112,33,87,99,77,50,92,14,16" hai2="89,129,44,80,41,113,46,107,124,21,37,74,72" hai3="85,116,84,119,26,32,108,12,96,68,114,5,25"/><U48/><E112/><V67/><F113/><W3/><G114/><T73/><D134/><U19/><E33/><V111/><F111/><W51/><G68/><T128/><D115/><U53/><E135/><V1/><F1/><W133/><G133/><T22/><D128/><U18/><E126/><V91/><F129/><W15/><G108/><T24/><D127/><U63/><E63/><V31/><F124/><W45/><G3/><T75/><D22/><U4/><REACH who="1" step="1"/><E53/><REACH who="1" ten="250,260,250,230" step="2"/><V59/><F67/><W98/><G32/><T110/><D62/><U30/><E30/><V29/><F29/><W132/><G132/><T95/><D61/><U125/><E125/><V49/><F31/><W42/><G119/><T8/><D110/><U69/><E69/><V0/><F0/><W122/><G116/><T66/><D66/><U57/><E57/><V17/><F59/><W43/><G122/><T70/><D70/><U38/><E38/><V13/><F37/><W65/><G65/><T35/><D35/><U27/><E27/><V79/><F44/><W90/><G25/><T56/><D24/><U97/><E97/><V123/><F123/><W71/><G26/><T76/><D56/><U109/><E109/><V118/><F118/><W64/><G64/><T106/><D6/><U23/><E23/><V36/><F36/><N who="3" m="21703" /><G5/><T7/><D7/><U60/><E60/><V58/><F58/><W55/><G71/><T88/><D8/><U131/><E131/><V52/><F52/><W9/><G9/><T78/><D11/><U40/><E40/><V54/><F54/><W39/><G55/><RYUUKYOKU ba="0,1" sc="250,15,260,15,250,-15,230,-15" hai0="73,75,76,78,82,83,86,88,95,100,101,105,106" hai1="4,10,14,16,18,19,48,50,77,87,92,99,103" /><INIT seed="1,1,1,4,2,53" ten="265,275,235,215" oya="1" hai0="81,19,62,73,13,87,71,32,130,28,7,9,88" hai1="133,85,40,114,94,100,52,16,65,49,22,69,68" hai2="0,42,50,126,55,39,80,93,119,66,104,91,70" hai3="29,27,101,135,90,102,5,37,132,41,2,99,122"/><U58/><E114/><V84/><F119/><W97/><G122/><T56/><D130/><U61/><E133/><N who="3" m="51274" /><G37/><T21/><D71/><U63/><E40/><V26/><F104/><W112/><G41/><T74/><D28/><U120/><E120/><V4/><F126/><W8/><G112/><T72/><D32/><U64/><E100/><N who="3" m="38506" /><G90/><T45/><D45/><U134/><E134/><V78/><F39/><W36/><G36/><T30/><D30/><U113/><E113/><V34/><F42/><W108/><G108/><T67/><REACH who="0" step="1"/><D73/><REACH who="0" ten="255,275,235,215" step="2"/><U1/><E69/><V118/><F70/><W89/><G89/><T110/><D110/><U6/><E68/><V76/><F91/><W46/><G46/><T82/><D82/><U107/><E107/><V92/><F80/><W131/><G131/><T105/><D105/><U103/><E94/><V3/><F93/><W123/><G123/><T57/><D57/><U17/><E58/><V96/><F92/><W121/><G121/><T60/><D60/><U127/><E61/><V25/><F118/><W75/><G75/><T20/><D20/><AGARI ba="1,2" hai="2,5,8,20,27,29,97,99" m="38506,51274" machi="20" ten="30,1000,0" yaku="20,1" doraHai="53" who="3" fromWho="0" sc="255,-13,275,0,235,0,215,33" /><INIT seed="2,0,0,5,0,135" ten="242,275,235,248" oya="2" hai0="15,53,12,121,111,14,83,93,102,31,68,29,62" hai1="128,130,45,55,18,33,65,94,122,120,108,63,37" hai2="105,4,38,126,54,57,80,17,50,60,61,124,39" hai3="115,52,46,59,66,30,98,101,82,87,23,97,27"/><V134/><F105/><W28/><G115/><T8/><D111/><U21/><E33/><V123/><F4/><W25/><G46/><T107/><D121/><N who="1" m="46699" /><E108/><V56/><F123/><W34/><G66/><T26/><D107/><U2/><E2/><V116/><F134/><W49/><REACH who="3" step="1"/><G101/><REACH who="3" ten="242,275,235,238" step="2"/><T99/><D102/><U118/><E65/><N who="2" m="39047" /><F116/><W20/><G20/><T77/><D68/><U24/><E118/><V47/><F80/><W6/><G6/><T91/><D83/><U32/><E45/><N who="2" m="27983" /><F17/><W19/><G19/><T119/><D119/><U81/><E81/><V0/><F0/><W1/><G1/><T48/><D31/><U88/><E18/><V125/><F47/><W127/><G127/><T74/><D29/><U110/><E110/><V75/><F75/><W42/><G42/><T11/><D74/><U71/><E32/><V112/><F112/><W114/><G114/><T9/><D53/><AGARI ba="0,1" hai="38,39,53,57,61,124,125,126" m="27983,39047" machi="53" ten="30,18000,2" yaku="18,1,34,2,52,3" doraHai="135" who="2" fromWho="0" sc="242,-180,275,0,235,190,238,0" /><INIT seed="2,1,0,1,2,53" ten="62,275,425,238" oya="2" hai0="42,134,64,58,62,54,12,14,124,108,125,83,32" hai1="39,52,126,28,23,117,22,75,41,89,98,110,59" hai2="2,76,95,132,131,27,6,129,94,101,100,119,19" hai3="122,20,43,57,69,7,10,46,107,5,82,109,51"/><V105/><F119/><W15/><G122/><T49/><D32/><U112/><E117/><V9/><F76/><W0/><G109/><T79/><D108/><U4/><E110/><V36/><F36/><W128/><G128/><N who="2" m="49225" /><F132/><W123/><G123/><T1/><D134/><U73/><E112/><V81/><F81/><W85/><G69/><T11/><D1/><U65/><E126/><V34/><F105/><W87/><G107/><T67/><D125/><U48/><E4/><V37/><F37/><W78/><G0/><T3/><D3/><U90/><E65/><V115/><F115/><W114/><G114/><T91/><D124/><U121/><E121/><V21/><F34/><W118/><G118/><T104/><D104/><U102/><E75/><V113/><F113/><W74/><G5/><T93/><D42/><U25/><E73/><V103/><AGARI ba="1,0" hai="2,6,9,19,21,27,94,95,100,101,103" m="49225" machi="103" ten="30,1500,0" yaku="19,1" doraHai="53" who="2" fromWho="2" sc="62,-6,275,-6,425,18,238,-6" /><INIT seed="2,2,0,0,2,77" ten="56,269,443,232" oya="2" hai0="87,60,133,8,102,132,63,21,94,110,52,104,56" hai1="57,16,103,76,61,70,99,80,68,59,74,112,24" hai2="32,43,100,23,17,41,118,125,91,85,82,93,67" hai3="113,5,62,25,40,54,28,71,12,27,130,127,101"/><V134/><F118/><W10/><G40/><T119/><D110/><U20/><E112/><V122/><F122/><W86/><G101/><T53/><D119/><U116/><E116/><V114/><F114/><W81/><G113/><T45/><D104/><U123/><E59/><V9/><F32/><W126/><G130/><T131/><D131/><U38/><E38/><V115/><F115/><W64/><G54/><T39/><D8/><U78/><E78/><V117/><F117/><W15/><G15/><T6/><D6/><U44/><E44/><V83/><F134/><W95/><G95/><T124/><D124/><U49/><E49/><V3/><F125/><W19/><G27/><T18/><D39/><U31/><E31/><V120/><F120/><W106/><G106/><T46/><D133/><U98/><E98/><V11/><F67/><W69/><G5/><T35/><D35/><U65/><REACH who="1" step="1"/><E123/><REACH who="1" ten="56,259,443,232" step="2"/><V128/><F128/><W14/><G71/><T90/><D132/><U66/><E66/><V73/><F73/><W50/><G50/><T33/><D33/><U47/><E47/><V0/><F0/><W58/><G69/><T109/><D109/><U88/><E88/><V36/><F36/><W96/><G96/><T72/><D72/><U111/><E111/><V26/><F100/><W107/><G127/><T84/><D102/><U1/><E1/><V4/><REACH who="2" step="1"/><F11/><REACH who="2" ten="56,259,433,232" step="2"/><N who="3" m="6559" /><G126/><T51/><D46/><U2/><E2/><V135/><F135/><W75/><G75/><T105/><D105/><AGARI ba="2,2" hai="16,20,24,57,61,65,68,70,74,76,80,99,103,105" machi="105" ten="30,7700,0" yaku="1,1,7,1,52,1,54,1,53,0" doraHai="77" doraHaiUra="30" who="1" fromWho="0" sc="56,-83,259,103,433,0,232,0" owari="-27,-52.7,362,16.2,433,53.3,232,-16.8" /></mjloggm>