<mjloggm ver="2.3"><GO type="225" lobby="0"/><UN n0="%E3%81%86%E3%83%BC%E3%81%B1%E3%83%BC" n1="%E5%A4%96%E5%B7%9D%E7%AB%9C%E6%88%90" n2="%E3%81%82%E3%81%99%E3%81%AB%E3%82%83%E3%82%80" n3="%E3%81%AF%E3%82%88%E3%81%8A%E3%81%98%E3%81%95%E3%82%93" dan="16,16,16,17" rate="2140.58,2161.90,2108.73,2151.73" sx="F,M,F,M"/><TAIKYOKU oya="0"/><INIT seed="0,0,0,4,3,109" ten="250,250,250,250" oya="0" hai0="26,35,121,130,120,110,65,53,41,88,79,55,122" hai1="114,23,31,127,47,17,87,27,104,75,63,62,51" hai2="46,42,85,52,93,57,67,82,91,13,40,96,50" hai3="129,92,90,61,11,19,94,24,32,70,106,89,37"/><T8/><D79/><U135/><E75/><V74/><F74/><W64/><G106/><T83/><D65/><U44/><E104/><V43/><F67/><W128/><G37/><T7/><D41/><U18/><E127/><V5/><F5/><W10/><G92/><T14/><D130/><N who="3" m="50281" /><G90/><T86/><REACH who="0" step="1"/><D110/><REACH who="0" ten="240,250,250,250" step="2"/><U0/><E135/><V73/><F73/><W124/><G124/><T2/><D2/><U36/><E36/><V34/><F34/><W133/><G133/><T132/><D132/><U38/><E0/><V102/><REACH who="2" step="1"/><F13/><REACH who="2" ten="240,250,240,250" step="2"/><W21/><G32/><T103/><D103/><U111/><E111/><V119/><F119/><W9/><G64/><T112/><D112/><U25/><E114/><V81/><F81/><W15/><G70/><T76/><D76/><U115/><E115/><V98/><F98/><N who="3" m="57679" /><G61/><AGARI ba="0,2" hai="40,42,43,46,50,52,57,61,82,85,91,93,96,102" machi="61" ten="30,7700,0" yaku="1,1,7,1,8,1,54,1,53,0" doraHai="109" doraHaiUra="4" who="2" fromWho="3" sc="240,0,250,0,240,97,250,-77" /><INIT seed="1,0,0,1,5,77" ten="240,250,337,173" oya="1" hai0="66,23,135,69,36,25,12,59,116,124,7,99,110" hai1="33,13,11,91,117,103,3,45,87,63,130,30,106" hai2="105,31,129,95,102,86,52,84,94,5,9,43,125" hai3="71,118,38,46,6,123,27,127,26,100,79,83,65"/><U109/><E117/><V15/><F129/><W2/><G123/><T111/><D116/><U50/><E3/><V58/><F125/><W113/><G113/><T81/><D36/><U96/><E130/><V53/><F43/><W4/><G118/><T56/><D135/><U37/><E37/><V93/><F31/><W82/><G127/><T57/><D124/><U97/><E97/><V51/><F102/><W8/><G100/><T92/><D81/><U39/><E39/><V133/><F105/><W134/><G134/><T16/><D69/><U22/><E63/><N who="2" m="36295" /><F133/><W89/><G6/><T41/><D41/><U88/><E33/><V10/><F9/><W55/><G38/><T119/><D66/><U28/><E22/><V40/><F40/><W76/><G89/><T54/><D54/><N who="1" m="30031" /><E91/><V60/><F60/><W24/><G79/><T126/><D119/><U120/><E120/><V128/><F128/><W32/><G76/><T18/><D7/><U75/><E75/><V115/><F115/><W68/><G32/><T19/><D126/><U29/><E109/><N who="0" m="41481" /><D25/><U42/><E42/><V21/><F21/><W73/><G73/><T70/><D70/><N who="3" m="26665" /><G65/><T17/><D17/><N who="1" m="8383" /><E30/><V132/><F132/><W78/><G78/><T112/><D112/><U14/><E14/><V35/><F35/><W61/><G61/><T122/><D122/><U64/><E64/><V62/><F62/><W74/><G74/><T44/><D12/><U98/><E106/><V131/><F131/><W20/><G20/><T114/><D114/><U34/><E34/><V49/><F53/><W48/><AGARI ba="0,0" hai="2,4,8,24,26,27,46,48,55,82,83" m="26665" machi="48" ten="40,5200,0" yaku="5,1,52,2" doraHai="77" who="3" fromWho="3" sc="240,-13,250,-26,337,-13,173,52" /><INIT seed="2,0,0,1,0,89" ten="227,224,324,225" oya="2" hai0="37,29,131,56,95,41,85,119,42,22,25,107,30" hai1="90,21,106,121,10,54,55,74,104,32,132,8,112" hai2="76,88,84,100,130,26,59,63,67,57,38,33,3" hai3="11,45,43,23,71,7,14,80,62,91,0,79,61"/><V116/><F116/><W18/><G91/><N who="0" m="53743" /><D37/><U127/><E112/><V115/><F115/><W2/><G2/><T39/><D39/><U105/><E32/><V20/><F38/><W70/><G70/><T1/><D107/><U94/><E74/><V52/><F33/><W15/><G71/><T114/><D1/><U101/><E101/><V46/><F46/><W66/><G66/><T13/><D30/><U60/><E127/><V109/><F109/><W113/><G113/><T126/><D126/><U123/><E132/><V135/><F3/><W108/><G108/><T75/><D75/><U5/><E21/><V77/><F100/><W129/><G129/><T6/><D131/><U122/><E60/><N who="2" m="35879" /><F135/><W48/><G0/><T68/><D68/><U86/><E5/><V133/><F133/><W117/><G117/><T58/><D119/><U4/><E4/><V92/><F130/><W134/><G134/><T12/><D114/><U128/><E128/><V103/><F103/><W47/><G45/><T40/><D12/><U111/><REACH who="1" step="1"/><E111/><REACH who="1" ten="227,214,324,225" step="2"/><V50/><F50/><W118/><G118/><T27/><D27/><U98/><E98/><V93/><F20/><W19/><G7/><T78/><D6/><U125/><E125/><V35/><F35/><W44/><G47/><T102/><D102/><U17/><E17/><V83/><F26/><W34/><G34/><T36/><D36/><U87/><E87/><AGARI ba="0,1" hai="11,14,15,18,19,23,43,44,48,61,62,79,80,87" machi="87" ten="30,2000,0" yaku="7,1,8,1" doraHai="89" who="3" fromWho="1" sc="227,0,214,-20,324,0,225,30" /><INIT seed="3,0,0,5,2,79" ten="227,194,324,255" oya="3" hai0="113,96,131,63,88,16,122,119,66,75,92,11,42" hai1="62,48,70,132,31,65,135,114,52,36,74,117,98" hai2="111,90,61,41,54,67,76,71,107,87,124,38,80" hai3="116,35,10,86,128,1,3,84,51,133,91,21,103"/><W78/><G116/><T14/><D119/><U5/><E74/><V115/><F115/><W81/><G35/><T123/><D113/><U7/><E31/><V97/><F111/><W105/><G128/><T102/><D131/><U58/><E98/><V73/><F54/><W24/><G133/><N who="1" m="51274" /><E7/><V32/><F32/><W95/><G10/><T45/><D102/><U109/><E5/><V4/><F4/><W43/><G105/><T93/><D92/><U134/><N who="1" m="51282" /><U106/><DORA hai="104" /><E106/><V30/><F30/><W27/><G27/><T33/><D75/><U19/><E117/><V28/><F28/><W37/><G37/><T99/><D99/><U50/><E114/><V130/><F130/><W6/><G6/><T23/><D11/><U94/><E94/><V34/><F34/><W39/><G39/><T56/><D33/><U68/><E109/><V46/><F107/><W8/><G8/><T118/><D118/><U40/><E19/><V59/><F97/><W57/><G103/><T0/><D0/><U129/><E129/><V72/><F76/><W126/><G78/><T22/><D23/><U12/><E12/><V26/><F26/><W9/><G21/><T60/><D60/><N who="1" m="39975" /><E70/><V64/><F71/><W121/><G1/><T20/><REACH who="0" step="1"/><D20/><REACH who="0" ten="217,194,324,255" step="2"/><U82/><E82/><V2/><F80/><W55/><G81/><T100/><D100/><U53/><E53/><V120/><F73/><W108/><G55/><T83/><D83/><U89/><E89/><V110/><F90/><W44/><G91/><T49/><AGARI ba="0,1" hai="14,16,22,42,45,49,56,63,66,88,93,96,122,123" machi="49" ten="20,8000,1" yaku="1,1,0,1,7,1,54,2,53,0" doraHai="79,104" doraHaiUra="127,77" who="0" fromWho="0" sc="217,90,194,-20,324,-20,255,-40" owari="307,40.7,174,-32.6,304,10.4,215,-18.5" /></mjloggm>