<mjloggm ver="2.3"><GO type="225" lobby="0"/><UN n0="%E3%83%97%E3%83%AC%E3%83%B4%E3%82%A1%E3%83%86%E3%82%A3" n1="%E6%98%93%E5%88%A9%E8%96%A9%E4%BC%AF" n2="%E3%81%82%E3%81%99%E3%81%AB%E3%82%83%E3%82%80" n3="%E3%82%BC%E3%83%AB%E3%83%80%E3%81%AE%E4%BC%9D%E8%AA%AC" dan="16,16,16,17" rate="2122.07,2057.23,2111.59,2156.17" sx="F,F,F,M"/><TAIKYOKU oya="0"/><INIT seed="0,0,0,2,1,9" ten="250,250,250,250" oya="0" hai0="108,75,102,85,89,20,32,84,49,66,131,35,52" hai1="24,61,126,74,40,99,109,117,106,16,132,37,65" hai2="44,78,22,81,103,96,73,3,113,93,0,114,94" hai3="64,17,83,133,76,115,107,6,101,42,46,121,8"/><T15/><D75/><U82/><E117/><V104/><F22/><W122/><G115/><T14/><D131/><U56/><E109/><V86/><F3/><W23/><G133/><T67/><D108/><U10/><E132/><V13/><F13/><N who="0" m="4618" /><D102/><U134/><E134/><V36/><F0/><W1/><G64/><N who="0" m="24619" /><D35/><U70/><E126/><V51/><F36/><N who="3" m="21831" /><G101/><T68/><D68/><U123/><E10/><V69/><F69/><W125/><G107/><T27/><D32/><U58/><E123/><V92/><F44/><W112/><G125/><T57/><D89/><U47/><E106/><V55/><F55/><W31/><G112/><N who="2" m="43113" /><F51/><W91/><G91/><AGARI ba="0,0" hai="73,78,81,86,91,92,93,94,96,103,104" m="43113" machi="91" ten="30,3900,0" yaku="24,1,34,2" doraHai="9" who="2" fromWho="3" sc="250,0,250,0,250,39,250,-39" /><INIT seed="1,0,0,2,5,66" ten="250,250,289,211" oya="1" hai0="16,54,24,101,64,118,116,114,5,52,69,48,9" hai1="132,135,4,97,115,106,105,91,37,110,2,88,33" hai2="40,99,86,77,12,84,94,67,109,21,57,17,80" hai3="47,55,113,102,15,120,39,79,108,62,87,103,111"/><U44/><E33/><V7/><F109/><N who="3" m="42059" /><G120/><T30/><D114/><U125/><E110/><V59/><F40/><N who="3" m="22943" /><G113/><T82/><D101/><N who="3" m="38409" /><G15/><T14/><D82/><U25/><E115/><V100/><F7/><W128/><G128/><T23/><D54/><U56/><E4/><V121/><F121/><W71/><G55/><T78/><D78/><U29/><E2/><V13/><F13/><W70/><G62/><T130/><D130/><U89/><E125/><V6/><F6/><W124/><G124/><T60/><REACH who="0" step="1"/><D5/><REACH who="0" ten="240,250,289,211" step="2"/><U20/><E106/><V129/><F129/><W61/><G61/><T41/><D41/><U63/><E105/><V0/><F77/><W112/><G112/><T133/><D133/><U122/><E135/><V95/><F80/><AGARI ba="0,1" hai="70,71,79,80,87" m="38409,22943,42059" machi="80" ten="30,3900,0" yaku="14,1,52,2" doraHai="66" who="3" fromWho="2" sc="240,0,250,0,289,-39,211,49" /><INIT seed="2,0,0,2,4,134" ten="240,250,250,260" oya="2" hai0="50,95,5,10,94,46,26,34,18,25,7,76,105" hai1="17,122,4,22,19,1,85,32,116,23,71,8,12" hai2="48,62,92,126,37,77,84,70,114,53,106,107,28" hai3="78,54,52,123,69,38,31,128,130,13,41,29,111"/><V98/><F114/><W63/><G123/><T24/><D105/><U113/><E71/><V124/><F37/><W60/><G111/><T102/><D34/><U118/><E85/><V88/><F28/><N who="3" m="10827" /><G78/><T45/><D76/><U89/><E89/><V100/><F77/><W58/><G13/><T75/><D75/><U80/><E80/><V42/><F42/><W27/><G27/><T108/><D108/><U55/><E32/><V51/><F107/><W64/><G41/><T109/><D109/><U47/><E113/><V67/><REACH who="2" step="1"/><F48/><REACH who="2" ten="240,250,240,260" step="2"/><W65/><G38/><T43/><D50/><U133/><E118/><V59/><AGARI ba="0,1" hai="51,53,59,62,67,70,84,88,92,98,100,106,124,126" machi="59" ten="30,18000,2" yaku="1,1,2,1,0,1,52,2,54,1,53,0" doraHai="134" doraHaiUra="14" who="2" fromWho="2" sc="240,-60,250,-60,240,190,260,-60" /><INIT seed="2,1,0,0,1,74" ten="180,190,430,200" oya="2" hai0="15,68,82,13,132,36,87,93,8,71,52,45,84" hai1="63,19,133,65,97,96,73,24,117,86,27,30,110" hai2="127,55,33,66,131,121,115,51,75,22,61,12,18" hai3="25,99,85,76,129,83,105,35,11,47,106,114,113"/><V62/><F115/><N who="3" m="44043" /><G129/><T39/><D132/><U92/><E117/><V34/><F121/><W54/><G11/><T4/><D71/><U31/><E73/><V119/><F75/><W101/><G106/><T43/><D68/><U44/><E110/><V79/><F119/><W3/><G3/><T6/><D39/><U78/><E44/><V2/><F2/><W28/><G47/><T89/><D13/><U40/><E40/><V53/><F131/><W16/><G54/><T41/><D4/><U1/><E1/><V134/><F134/><W72/><G85/><T103/><D36/><U100/><E19/><AGARI ba="1,0" hai="16,19,25,28,35,72,76,83,99,101,105" m="44043" machi="19" ten="30,3900,0" yaku="11,1,52,1,54,1" doraHai="74" who="3" fromWho="1" sc="180,0,190,-42,430,0,200,42" /><INIT seed="3,0,0,3,2,131" ten="180,148,430,242" oya="3" hai0="64,100,110,37,36,2,102,88,130,127,25,59,120" hai1="24,84,62,121,51,87,89,32,95,116,42,72,7" hai2="82,114,10,16,125,124,52,17,97,13,117,66,20" hai3="39,70,126,79,78,92,12,74,46,49,134,53,80"/><W21/><G70/><T28/><D130/><U63/><E121/><V50/><F66/><W4/><G79/><T132/><D120/><U3/><E72/><V76/><F97/><W41/><G92/><T6/><D110/><U81/><E116/><V133/><F117/><W104/><G21/><T23/><D127/><N who="2" m="48714" /><F133/><W75/><G134/><T14/><D132/><U56/><E3/><V118/><F118/><W40/><G53/><T11/><D37/><U43/><E7/><N who="2" m="3295" /><F20/><W48/><G48/><T73/><D73/><U98/><E84/><N who="2" m="48199" /><F114/><W71/><G49/><T83/><D36/><U55/><E32/><V106/><F106/><W112/><G46/><AGARI ba="0,0" hai="16,17,46,50,52" m="48199,3295,48714" machi="46" ten="30,3900,0" yaku="18,1,54,2" doraHai="131" who="2" fromWho="3" sc="180,0,148,0,430,39,242,-39" owari="180,-22.0,148,-35.2,469,56.9,203,0.3" /></mjloggm>