<mjloggm ver="2.3"><GO type="225" lobby="0"/><UN n0="%E3%81%B5%E3%81%98%E3%81%8B%E3%81%A4" n1="%73%73%6B%5F%66%72%65%65" n2="%72%69%6F%75%63%68%61%6E" n3="%E8%91%B5%E3%81%A1%E3%82%83%E3%82%93" dan="17,16,16,17" rate="2228.25,2108.57,2171.79,2204.59" sx="M,M,M,F"/><TAIKYOKU oya="0"/><INIT seed="0,0,0,5,3,55" ten="250,250,250,250" oya="0" hai0="92,12,3,8,74,99,128,70,69,114,29,37,85" hai1="35,111,97,42,129,26,131,63,135,119,113,87,33" hai2="16,105,19,120,78,72,104,62,36,124,64,80,41" hai3="75,61,44,79,50,103,21,81,32,121,115,108,45"/><T71/><D114/><U30/><E119/><V40/><F120/><W83/><G115/><T18/><D128/><N who="1" m="49227" /><E113/><V126/><F105/><W66/><G32/><T57/><D74/><U133/><E111/><V132/><F104/><W100/><G108/><T14/><D37/><U11/><E97/><V58/><F132/><N who="1" m="50761" /><E42/><N who="2" m="16491" /><F36/><W88/><G121/><T46/><D3/><U107/><E107/><V20/><F20/><W67/><G21/><T96/><D29/><U25/><E63/><V91/><F91/><W77/><G88/><T27/><D99/><U28/><E87/><V5/><F5/><W13/><G75/><T116/><D85/><U130/><N who="1" m="49235" /><U31/><DORA hai="86" /><E11/><V39/><F39/><W7/><G61/><T127/><D116/><U9/><E9/><V90/><F90/><W89/><G89/><T93/><D96/><U60/><E60/><V109/><F109/><W59/><G50/><T34/><D8/><U38/><E38/><V110/><F110/><W23/><G7/><T15/><D70/><U51/><E51/><V53/><F64/><W1/><G66/><T117/><D71/><U2/><E2/><V84/><F72/><W49/><G49/><T76/><D69/><U106/><E106/><V56/><F56/><W6/><G59/><T73/><D57/><U10/><E10/><V68/><F68/><W122/><G6/><T112/><D112/><U4/><E31/><V54/><F54/><W94/><G67/><T134/><D134/><U82/><E82/><V0/><F0/><W65/><G1/><T98/><D117/><U101/><E4/><RYUUKYOKU ba="0,0" sc="250,-15,250,15,250,15,250,-15" hai1="25,26,28,30,33,35,101" hai2="16,19,53,58,62,78,80,84,124,126" /><INIT seed="1,1,0,0,1,16" ten="235,265,265,235" oya="1" hai0="13,135,113,7,120,52,75,5,47,27,34,64,63" hai1="126,31,61,130,117,36,107,30,51,37,3,119,94" hai2="103,39,46,85,70,72,110,4,40,66,25,134,92" hai3="87,9,125,50,76,21,24,10,42,28,104,99,22"/><U43/><E130/><V133/><F110/><W23/><G125/><T69/><D113/><U33/><E107/><V1/><F72/><W82/><G104/><T96/><D75/><U11/><E126/><V6/><F1/><W78/><G78/><T93/><D135/><N who="2" m="51722" /><F25/><W131/><G131/><T83/><D120/><U111/><E111/><V73/><F73/><W29/><G99/><T88/><D83/><U14/><E3/><V114/><F114/><W20/><G29/><T26/><D34/><U102/><E33/><V19/><F19/><W106/><G106/><T8/><REACH who="0" step="1"/><D5/><REACH who="0" ten="225,265,265,235" step="2"/><U90/><E117/><V74/><F74/><W0/><G0/><T81/><D81/><U89/><E119/><V109/><F109/><W48/><REACH who="3" step="1"/><G42/><REACH who="3" ten="225,265,265,225" step="2"/><T18/><D18/><N who="1" m="8543" /><E43/><V101/><F4/><W105/><G105/><T53/><D53/><U15/><E30/><V44/><F6/><W49/><AGARI ba="1,2" hai="9,10,20,21,22,23,24,28,48,49,50,76,82,87" machi="49" ten="30,12000,2" yaku="1,1,0,1,8,1,52,4,53,0" doraHai="16" doraHaiUra="65" who="3" fromWho="3" sc="225,-31,265,-61,265,-31,225,143" /><INIT seed="2,0,0,4,3,6" ten="194,204,234,368" oya="2" hai0="118,18,47,77,57,13,64,131,53,26,51,62,52" hai1="95,113,4,50,1,38,91,124,45,0,33,88,41" hai2="5,8,40,89,42,121,79,135,85,81,78,116,111" hai3="25,46,133,35,122,31,115,9,61,123,49,114,104"/><V30/><F116/><W90/><G133/><T112/><D112/><N who="3" m="43049" /><G90/><T54/><D131/><U72/><E113/><V43/><F121/><W63/><G104/><T70/><D118/><U107/><E33/><V32/><F135/><W98/><G98/><T100/><D100/><U34/><E107/><V11/><F111/><W10/><G123/><T71/><D77/><N who="2" m="29194" /><F32/><W2/><G122/><T14/><D26/><U110/><E34/><V83/><F30/><W15/><G2/><T126/><D126/><U96/><E72/><V97/><F5/><N who="3" m="3503" /><G10/><N who="2" m="3625" /><F97/><W60/><G60/><T80/><D80/><AGARI ba="0,0" hai="40,42,43,80,81,83,85,89" m="3625,29194" machi="80" ten="30,11600,0" yaku="8,1,52,3" doraHai="6" who="2" fromWho="0" sc="194,-116,204,0,234,116,368,0" /><INIT seed="2,1,0,5,5,20" ten="78,204,350,368" oya="2" hai0="64,31,48,113,1,102,109,119,101,40,123,38,80" hai1="33,12,103,78,107,35,90,95,127,121,36,114,5" hai2="60,120,84,79,56,17,91,106,57,55,66,13,7" hai3="16,11,67,69,10,27,72,132,68,34,44,81,97"/><V3/><F120/><W130/><G130/><T96/><D123/><U75/><E114/><V77/><F106/><W46/><G132/><T43/><D113/><U98/><E36/><V94/><F7/><W15/><G10/><T0/><D119/><U88/><E127/><V58/><F3/><W8/><G8/><T111/><D38/><U42/><E42/><V115/><F115/><W92/><G81/><T19/><D48/><U74/><E12/><V99/><F99/><W100/><G72/><N who="1" m="27690" /><E5/><V104/><F104/><W86/><G86/><T41/><D80/><U52/><E52/><N who="2" m="33799" /><F57/><W29/><REACH who="3" step="1"/><G67/><REACH who="3" ten="78,204,350,358" step="2"/><T126/><D64/><U51/><E121/><V105/><F66/><W24/><G24/><T26/><D126/><U59/><E33/><V32/><F32/><W76/><G76/><T110/><D19/><U112/><E35/><V62/><F105/><W125/><G125/><T133/><D133/><U47/><E107/><V18/><F17/><W124/><G124/><T4/><D4/><U23/><E112/><V129/><F129/><W118/><G118/><T93/><REACH who="0" step="1"/><D102/><REACH who="0" ten="68,204,350,358" step="2"/><U71/><E103/><V116/><F116/><W21/><G21/><AGARI ba="1,2" hai="0,1,21,26,31,40,41,43,93,96,101,109,110,111" machi="21" ten="50,8000,1" yaku="1,1,2,1,14,1,52,1,53,0" doraHai="20" doraHaiUra="128" who="0" fromWho="3" sc="68,103,204,0,350,0,358,-83" /><AGARI ba="1,0" hai="13,18,21,55,58,62,77,79,84,91,94" m="33799" machi="21" ten="30,2900,0" yaku="8,1,54,1" doraHai="20" who="2" fromWho="3" sc="171,0,204,0,350,29,275,-29" /><INIT seed="2,2,0,3,5,52" ten="171,204,379,246" oya="2" hai0="100,110,70,50,63,48,77,96,13,109,104,4,29" hai1="23,68,86,118,22,94,24,1,123,25,12,32,61" hai2="132,105,56,64,93,35,3,41,92,55,19,128,9" hai3="59,34,17,115,127,81,36,46,114,76,40,134,125"/><V99/><F35/><W73/><G34/><T43/><D77/><U72/><E118/><V15/><F128/><W58/><G17/><T111/><D29/><U87/><E72/><V117/><F117/><W26/><G134/><T119/><D119/><U97/><E1/><V7/><F132/><W78/><G26/><T37/><D4/><U45/><E32/><V135/><F135/><W80/><G80/><T89/><D89/><U57/><E68/><V14/><F41/><W66/><G78/><T90/><D90/><N who="1" m="55511" /><E45/><V107/><F64/><W83/><G83/><T101/><D101/><U75/><E75/><V116/><F116/><W129/><G129/><T131/><D131/><U95/><E95/><V130/><F92/><W54/><G66/><N who="0" m="41311" /><D13/><U74/><E74/><V31/><F31/><W51/><REACH who="3" step="1"/><G59/><REACH who="3" ten="171,204,379,236" step="2"/><T11/><D11/><U82/><E82/><V21/><F130/><W20/><G20/><N who="1" m="7722" /><E24/><V10/><F10/><W65/><G65/><T6/><D6/><U102/><E25/><V67/><F67/><W16/><G16/><T71/><D71/><U39/><E57/><V8/><F8/><W121/><G121/><T98/><D98/><U122/><E123/><V108/><F14/><W27/><G27/><T30/><D30/><U0/><E12/><V2/><F3/><W124/><AGARI ba="2,1" hai="36,40,46,51,54,58,73,76,81,114,115,124,125,127" machi="124" ten="40,8000,1" yaku="1,1,0,1,18,1,52,1,53,0" doraHai="52" doraHaiUra="112" who="3" fromWho="3" sc="171,-22,204,-22,379,-42,236,96" /><INIT seed="3,0,0,3,4,108" ten="149,182,337,332" oya="3" hai0="117,75,130,12,2,10,26,111,44,95,129,39,80" hai1="78,93,37,58,49,96,41,38,85,48,133,89,131" hai2="7,104,24,118,92,51,122,73,126,70,114,71,30" hai3="16,59,84,19,102,47,64,76,8,43,18,106,123"/><W33/><G123/><T50/><D111/><U90/><E133/><V87/><F118/><W21/><G33/><T3/><D117/><U0/><E0/><V88/><F104/><W83/><G106/><T25/><D39/><U112/><E112/><V62/><F73/><W99/><G8/><T60/><D60/><U28/><E131/><N who="0" m="50185" /><D95/><N who="1" m="56431" /><E37/><V53/><F114/><W32/><G32/><T35/><D75/><U22/><E38/><V135/><F126/><W125/><G125/><T57/><D57/><U54/><E41/><V40/><F135/><W116/><G116/><T31/><D80/><N who="1" m="47255" /><E48/><V121/><F40/><W1/><G1/><N who="0" m="11" /><D50/><U23/><E28/><V124/><F124/><W15/><G47/><T56/><D44/><U79/><E79/><V11/><F62/><N who="3" m="37983" /><G43/><T86/><D56/><U6/><E6/><V4/><F4/><W27/><G15/><T105/><D105/><U101/><E101/><V82/><F122/><W65/><G65/><T9/><D86/><AGARI ba="0,0" hai="22,23,49,54,58,86,90,93" m="47255,56431" machi="86" ten="30,1000,0" yaku="8,1" doraHai="108" who="1" fromWho="0" sc="149,-10,182,10,337,0,332,0" owari="139,-36.1,192,-20.8,337,43.7,332,13.2" /></mjloggm>