<mjloggm ver="2.3"><GO type="225" lobby="0"/><UN n0="%61%69%73%79%6F" n1="%E9%89%A2%E5%B7%BB%E3%82%AC%E3%83%96" n2="%6D%75%75%6D%75%72%61" n3="%E3%82%BC%E3%83%AB%E3%83%80%E3%81%AE%E4%BC%9D%E8%AA%AC" dan="17,16,16,16" rate="2158.49,2095.70,2151.11,2131.27" sx="M,M,F,M"/><TAIKYOKU oya="0"/><INIT seed="0,0,0,5,2,65" ten="250,250,250,250" oya="0" hai0="90,23,128,55,77,115,126,80,24,50,69,103,51" hai1="47,85,97,48,32,113,68,130,114,64,11,106,66" hai2="100,40,34,78,72,83,101,117,16,13,30,76,67" hai3="95,38,122,112,120,132,127,58,3,123,116,93,121"/><T31/><D115/><N who="1" m="44043" /><E32/><V52/><F117/><W62/><G112/><T71/><D126/><U94/><E130/><V74/><F40/><W15/><G3/><T86/><D128/><U59/><E59/><V91/><F67/><W19/><G116/><T99/><D90/><N who="1" m="53583" /><E11/><V129/><F129/><W96/><G127/><T60/><D60/><U57/><E57/><V42/><F42/><W111/><G111/><T135/><D135/><U9/><E9/><V73/><F52/><N who="3" m="34119" /><G38/><T43/><D43/><N who="1" m="24703" /><E68/><V61/><F61/><W10/><N who="3" m="30720" /><DORA hai="21" /><W37/><G37/><T33/><D33/><U35/><E35/><V118/><F118/><W0/><G132/><T54/><D54/><U53/><E53/><V6/><F6/><N who="3" m="1351" /><G96/><T81/><D81/><U7/><E7/><V84/><F101/><AGARI ba="0,0" hai="64,66,97,101,106" m="24703,53583,44043" machi="101" ten="30,1000,0" yaku="11,1" doraHai="65,21" who="1" fromWho="2" sc="250,0,250,10,250,-10,250,0" /><INIT seed="1,0,0,4,5,72" ten="250,260,240,250" oya="1" hai0="14,128,130,28,31,39,98,67,64,123,135,58,23" hai1="86,76,47,54,69,32,79,133,20,35,42,101,88" hai2="68,129,26,81,59,115,62,116,103,18,125,55,93" hai3="8,27,100,78,40,9,13,90,1,3,2,41,63"/><U117/><E117/><V97/><F116/><W126/><G126/><T19/><D39/><U7/><E69/><V0/><F125/><W43/><G100/><T131/><D135/><U4/><E133/><V132/><F129/><W95/><G27/><T25/><D123/><U82/><E101/><V16/><F132/><W94/><G78/><N who="1" m="29738" /><E32/><V36/><F115/><W122/><G122/><T121/><D121/><U34/><E35/><V91/><F0/><W37/><G63/><N who="0" m="38007" /><D98/><U108/><E34/><V92/><F81/><W6/><G37/><T24/><D67/><U33/><E33/><V65/><F36/><W106/><G106/><T74/><D74/><U134/><E134/><V99/><REACH who="2" step="1"/><F26/><AGARI ba="0,0" hai="14,19,23,24,25,26,28,31,128,130,131" m="38007" machi="26" ten="30,1000,0" yaku="19,1" doraHai="72" who="0" fromWho="2" sc="250,10,260,0,240,-10,250,0" /><INIT seed="2,0,0,1,2,102" ten="260,260,230,250" oya="2" hai0="26,57,62,70,106,79,21,19,18,29,66,77,60" hai1="32,115,101,23,0,80,49,54,51,134,30,111,52" hai2="114,65,100,42,104,48,122,125,8,25,86,123,74" hai3="67,1,59,126,43,91,2,97,88,78,6,5,96"/><V82/><F114/><W107/><G78/><T135/><D135/><U76/><E32/><V69/><F125/><W44/><G126/><T39/><D39/><U90/><E115/><V117/><F117/><W22/><G22/><T47/><D47/><U61/><E0/><V128/><F74/><W10/><G67/><T68/><D106/><U38/><E134/><V92/><F128/><W109/><G109/><T33/><D19/><U56/><E38/><V16/><F92/><W46/><G59/><T118/><D118/><U110/><E90/><V127/><F127/><W7/><G10/><T103/><D103/><U87/><E101/><V64/><F42/><W72/><G72/><T131/><D131/><U71/><E23/><V75/><F48/><W41/><G7/><T63/><D63/><U83/><E30/><V95/><F95/><W113/><G113/><T11/><D11/><U13/><E13/><V27/><F75/><W121/><G121/><T94/><D94/><U37/><E37/><V35/><F64/><W133/><G133/><T3/><D3/><U58/><E83/><V130/><F130/><W105/><AGARI ba="0,0" hai="1,2,5,6,41,43,44,46,88,91,96,97,105,107" machi="105" ten="25,12000,2" yaku="0,1,22,2,52,2,54,1" doraHai="102" who="3" fromWho="3" sc="260,-30,260,-30,230,-60,250,120" /><INIT seed="3,0,0,4,2,3" ten="230,230,170,370" oya="3" hai0="25,122,14,98,128,92,56,121,113,99,103,10,107" hai1="76,9,120,58,68,135,26,50,2,11,44,102,101" hai2="42,37,75,49,31,62,127,115,38,89,4,129,29" hai3="82,112,13,95,111,57,78,34,118,85,43,30,28"/><W32/><G57/><T130/><D113/><U69/><E120/><V108/><F115/><W72/><G13/><T96/><D25/><U23/><E135/><V81/><F108/><W93/><G43/><T94/><D56/><U65/><E76/><V67/><F129/><N who="0" m="49770" /><D98/><U71/><E2/><V15/><F127/><W45/><G45/><T117/><D117/><U8/><E58/><V51/><F38/><W61/><G30/><T5/><D94/><U6/><E6/><V24/><F37/><W22/><G93/><T124/><D124/><U91/><E91/><AGARI ba="0,0" hai="5,10,14,91,92,96,99,103,107,121,122" m="49770" machi="91" ten="30,2000,0" yaku="19,1,52,1" doraHai="3" who="0" fromWho="1" sc="230,20,230,-20,170,0,370,0" owari="250,5.0,210,-19.0,170,-33.0,370,47.0" /></mjloggm>