<mjloggm ver="2.3"><GO type="225" lobby="0"/><UN n0="%E3%81%95%E3%81%8D%E3%81%9F%E3%81%BE%E6%9E%97%E6%AA%8E" n1="%6D%75%75%6D%75%72%61" n2="%E3%81%9F%E3%81%93%E2%98%86%E7%84%BC%E3%81%8D" n3="%E6%9C%AA%E6%9D%A5%E5%B0%91%E5%B9%B4" dan="16,16,16,16" rate="2072.87,2122.05,2095.69,2123.84" sx="M,F,M,M"/><TAIKYOKU oya="0"/><INIT seed="0,0,0,0,3,16" ten="250,250,250,250" oya="0" hai0="97,41,14,118,43,32,106,77,4,107,0,83,44" hai1="125,80,93,23,35,33,39,86,53,88,37,65,18" hai2="66,123,27,29,45,22,9,90,82,99,34,6,63" hai3="28,8,131,128,79,38,76,108,101,102,94,81,12"/><T52/><D118/><U74/><E125/><V120/><F45/><W19/><G38/><T134/><D134/><U104/><E104/><V61/><F61/><W103/><G108/><T71/><D71/><U133/><E133/><V21/><F123/><W113/><G113/><T112/><D112/><U10/><E65/><V24/><F120/><W25/><G94/><T105/><D32/><U46/><E10/><V84/><F27/><W11/><G11/><T109/><D0/><U51/><E35/><V20/><F99/><W3/><G3/><T7/><D109/><U40/><E33/><V111/><F111/><W17/><G17/><T122/><D122/><U47/><E74/><V62/><REACH who="2" step="1"/><F66/><REACH who="2" ten="250,250,240,250" step="2"/><W98/><G98/><T119/><D97/><U110/><E110/><V70/><F70/><W56/><G56/><T13/><D119/><U50/><REACH who="1" step="1"/><E93/><REACH who="1" ten="250,240,240,250" step="2"/><V96/><F96/><W30/><G81/><T64/><D64/><U60/><E60/><V87/><F87/><W67/><G67/><T92/><D92/><U55/><E55/><V68/><F68/><W1/><G128/><T59/><D107/><U5/><E5/><V115/><F115/><W116/><G131/><T78/><D52/><U54/><E54/><V124/><F124/><W85/><G116/><T100/><D105/><U75/><E75/><V31/><F31/><W57/><G30/><T135/><D106/><U130/><E130/><V36/><F36/><W73/><G73/><T42/><D7/><U26/><AGARI ba="0,2" hai="18,23,26,37,39,40,46,47,50,51,53,80,86,88" machi="26" ten="20,12000,2" yaku="1,1,0,1,7,1,52,1,54,1,53,1" doraHai="16" doraHaiUra="15" who="1" fromWho="1" sc="250,-60,240,140,240,-30,250,-30" /><INIT seed="1,0,0,4,3,102" ten="190,380,210,220" oya="1" hai0="107,20,44,42,108,69,4,19,63,129,51,72,18" hai1="26,62,31,132,30,54,125,71,9,116,82,55,14" hai2="110,48,92,124,109,98,66,117,27,88,131,13,59" hai3="36,22,80,104,56,16,46,25,86,34,39,93,8"/><U121/><E116/><V5/><F117/><W2/><G34/><T32/><D32/><U45/><E121/><V91/><F27/><W114/><G114/><T21/><D72/><U133/><E125/><V74/><F74/><W33/><G33/><T58/><D69/><U1/><E1/><V134/><F124/><W119/><G119/><T57/><D129/><U101/><E82/><V60/><F131/><W37/><G93/><T23/><D108/><N who="2" m="41578" /><F134/><W73/><G73/><T68/><D107/><U64/><E45/><V128/><F128/><W47/><G56/><T41/><D41/><U103/><E55/><N who="2" m="32231" /><F5/><W85/><G104/><T70/><D4/><U53/><E53/><V35/><F35/><W17/><G85/><T38/><D38/><U12/><E54/><V11/><F11/><W112/><G112/><T100/><D70/><U96/><E26/><V105/><F13/><W43/><G46/><T84/><D68/><U67/><E9/><V95/><F105/><W111/><G111/><T83/><D58/><U7/><E71/><N who="2" m="42439" /><F95/><W24/><G2/><T29/><D29/><U81/><E7/><V130/><F130/><W135/><G135/><T113/><D113/><U49/><E132/><V3/><F3/><W61/><G8/><T6/><D6/><U127/><E127/><V0/><F0/><W122/><G17/><T75/><D19/><U77/><E30/><V126/><F126/><W120/><G25/><T97/><D18/><U106/><E31/><V78/><F78/><N who="3" m="46359" /><G61/><T28/><D28/><U50/><E133/><V94/><F94/><W10/><G10/><RYUUKYOKU ba="0,0" sc="190,-15,380,-15,210,15,220,15" hai2="88,91,92,98" hai3="16,22,24,36,37,39,43,47,120,122" /><INIT seed="2,1,0,5,1,11" ten="175,365,225,235" oya="2" hai0="1,16,131,55,128,58,3,120,102,118,7,4,5" hai1="132,54,44,40,71,31,121,64,24,135,47,103,77" hai2="95,50,52,51,86,15,99,97,0,68,106,93,59" hai3="80,36,56,123,126,134,48,14,61,25,22,21,110"/><V65/><F0/><W66/><G123/><T98/><D120/><U10/><E121/><V29/><F106/><W84/><G36/><T41/><D41/><U94/><E77/><V83/><F29/><W79/><G110/><T28/><D28/><U115/><E115/><V89/><F68/><W27/><G126/><T101/><D118/><U39/><E64/><V37/><F65/><W127/><G127/><T73/><D73/><U78/><E78/><V125/><F37/><W23/><G134/><T72/><D72/><U82/><E82/><V2/><F2/><N who="0" m="522" /><D55/><U35/><E71/><V12/><F51/><W116/><G116/><T119/><D58/><U90/><E54/><V88/><F125/><W122/><G122/><T108/><D108/><U20/><E47/><V60/><F60/><W75/><G75/><T129/><D119/><U43/><E43/><V114/><F114/><W46/><REACH who="3" step="1"/><G14/><REACH who="3" ten="175,365,225,225" step="2"/><T76/><D76/><AGARI ba="1,1" hai="12,15,50,52,59,76,83,86,88,89,93,95,97,99" machi="76" ten="30,18000,2" yaku="7,1,9,1,8,1,52,2,54,2" doraHai="11" who="2" fromWho="0" sc="175,-183,365,0,225,193,225,0" owari="-8,-50.8,365,16.5,418,51.8,225,-17.5" /></mjloggm>