<mjloggm ver="2.3"><GO type="225" lobby="0"/><UN n0="%E3%81%86%E3%83%BC%E3%81%B1%E3%83%BC" n1="%E3%81%A8%E3%82%93%E3%81%A8%E3%81%93%E3%81%A8%E3%82%93" n2="%E6%B8%A9%E2%98%85%E6%83%85%E2%98%85%E6%8E%AA%E2%98%85%E7%BD%AE" n3="%45%6C%79%73%69%75%6D" dan="16,16,17,17" rate="2157.84,2136.73,2228.30,2135.52" sx="F,F,M,F"/><TAIKYOKU oya="0"/><INIT seed="0,0,0,5,1,129" ten="250,250,250,250" oya="0" hai0="42,128,123,108,86,64,29,119,81,52,135,51,114" hai1="9,95,87,115,59,17,110,18,58,38,50,116,10" hai2="118,55,109,19,80,44,105,46,92,54,104,106,72" hai3="117,47,4,43,130,69,15,125,68,16,8,76,85"/><T75/><D114/><U56/><E38/><V124/><F109/><W96/><G117/><T88/><D119/><U122/><E122/><V132/><F118/><W62/><G130/><T36/><D128/><U49/><E116/><V30/><F124/><W79/><G125/><T73/><D123/><U126/><E126/><V48/><F30/><W41/><G96/><T27/><D64/><U11/><E110/><V99/><F19/><W84/><G62/><T31/><D31/><U35/><E35/><V67/><F67/><W133/><G133/><T21/><D135/><U1/><E1/><V60/><F132/><W40/><G47/><T24/><D24/><U45/><E115/><V83/><F72/><W53/><G53/><T5/><D108/><U120/><E120/><V131/><F131/><W23/><G84/><T37/><D5/><U112/><E112/><V25/><F25/><W3/><REACH who="3" step="1"/><G85/><REACH who="3" ten="250,250,250,240" step="2"/><T66/><D66/><U121/><E121/><V107/><N who="2" m="26624" /><DORA hai="0" /><V39/><F60/><W34/><G34/><T12/><D42/><N who="1" m="24759" /><E50/><V20/><F39/><W26/><G26/><T134/><D134/><U33/><E33/><V113/><F113/><W22/><G22/><N who="0" m="15607" /><D37/><U102/><E87/><V74/><F20/><W7/><G7/><T111/><D111/><U70/><E70/><AGARI ba="0,1" hai="3,4,8,15,16,23,40,41,43,68,69,70,76,79" machi="70" ten="40,8000,1" yaku="1,1,52,1,54,1,53,1" doraHai="129,0" doraHaiUra="14,28" who="3" fromWho="1" sc="250,0,250,-80,250,0,240,90" /><INIT seed="1,0,0,5,0,49" ten="250,170,250,330" oya="1" hai0="19,86,0,119,92,9,118,36,121,104,15,128,50" hai1="45,72,1,98,116,97,53,47,5,8,85,90,75" hai2="107,80,3,77,28,62,59,115,78,29,109,93,46" hai3="10,61,95,11,43,70,89,124,110,2,13,105,127"/><U24/><E116/><V44/><F107/><W88/><G105/><T67/><D36/><U14/><E24/><V31/><F109/><W122/><G122/><T68/><D104/><U56/><E1/><V33/><F33/><W81/><G110/><T96/><D86/><U7/><E72/><V123/><F3/><W21/><G43/><T108/><D0/><U42/><E75/><V40/><F123/><W100/><G21/><T135/><D121/><U101/><E5/><V74/><F115/><W27/><G27/><T25/><D108/><U117/><E117/><V113/><F113/><W69/><G2/><T91/><D135/><U134/><E134/><V73/><F40/><W34/><G34/><T102/><D91/><U130/><E130/><V132/><F132/><W17/><G10/><T52/><D25/><U103/><E97/><V82/><REACH who="2" step="1"/><F93/><REACH who="2" ten="250,170,240,330" step="2"/><W38/><G95/><T57/><REACH who="0" step="1"/><D128/><REACH who="0" ten="240,170,240,330" step="2"/><U99/><E42/><V83/><F83/><W51/><G81/><T54/><D54/><AGARI ba="0,2" hai="28,29,31,44,46,54,59,62,73,74,77,78,80,82" machi="54" ten="40,5200,0" yaku="1,1,9,1,52,1,53,0" doraHai="49" doraHaiUra="22" who="2" fromWho="0" sc="240,-52,170,0,240,72,330,0" /><INIT seed="2,0,0,2,3,88" ten="188,170,312,330" oya="2" hai0="47,76,69,84,124,11,37,19,44,20,131,63,90" hai1="35,10,93,106,24,112,89,114,132,60,72,80,8" hai2="46,6,51,82,53,103,73,16,5,7,54,1,109" hai3="115,17,36,86,128,123,71,29,28,56,2,102,65"/><V75/><F1/><W134/><G123/><T83/><D37/><U41/><E106/><V129/><F129/><W32/><G36/><T122/><D122/><U3/><E60/><V85/><F109/><W49/><G128/><T126/><D131/><U18/><E41/><V4/><F103/><W21/><G2/><T14/><D69/><U12/><E132/><V50/><N who="2" m="1024" /><DORA hai="27" /><V67/><F67/><W59/><G115/><T13/><D63/><U64/><E64/><V78/><REACH who="2" step="1"/><F16/><REACH who="2" ten="188,170,302,330" step="2"/><W40/><G102/><T55/><D126/><U95/><E3/><V117/><F117/><W61/><G17/><N who="0" m="10287" /><D124/><U133/><E133/><V121/><F121/><W120/><G120/><T31/><D31/><U97/><E112/><V77/><F77/><W119/><G28/><T130/><D130/><U87/><E114/><V94/><F94/><W127/><G29/><T45/><D76/><U101/><E35/><V118/><F118/><W0/><G119/><T25/><D25/><U62/><E24/><V116/><F116/><W15/><G32/><T42/><D42/><U39/><E101/><V70/><F70/><W104/><G71/><T110/><D110/><U81/><E93/><V96/><F96/><W66/><G127/><T111/><D111/><U48/><E97/><V135/><F135/><W58/><G134/><T22/><D11/><U68/><E8/><V26/><F26/><W43/><G0/><T100/><D100/><U34/><E68/><V99/><F99/><W79/><G65/><T108/><D108/><U105/><E10/><V23/><F23/><W33/><G21/><RYUUKYOKU ba="0,1" sc="188,15,170,-15,302,15,330,-15" hai0="14,19,22,44,45,47,55,83,84,90" hai2="46,50,51,53,54,73,75,78,82,85" /><INIT seed="2,1,1,2,1,13" ten="203,155,317,315" oya="2" hai0="41,95,31,104,89,87,55,21,65,94,1,134,67" hai1="75,44,42,33,43,131,30,3,52,120,129,9,123" hai2="66,130,37,110,103,38,8,39,107,96,122,81,112" hai3="108,127,88,7,60,58,79,23,5,36,119,63,29"/><V99/><F112/><W4/><G36/><T22/><D104/><U54/><E75/><V74/><F122/><N who="1" m="46633" /><E33/><V117/><F117/><W113/><G119/><T14/><D1/><U102/><E30/><V15/><F130/><N who="1" m="49673" /><E102/><V72/><F110/><W92/><G108/><T115/><D115/><U57/><E3/><V61/><F96/><W105/><G105/><T132/><D41/><N who="1" m="15371" /><E9/><V133/><F133/><N who="0" m="51306" /><D55/><N who="1" m="21035" /><E57/><V6/><F81/><W125/><G79/><T20/><D31/><U76/><E76/><V77/><F77/><W83/><G83/><N who="0" m="49407" /><D14/><U91/><E91/><V53/><F53/><W71/><G113/><T124/><D124/><U101/><E101/><V98/><F98/><W106/><G106/><T24/><D24/><U62/><E44/><V26/><F26/><W11/><G11/><T114/><D114/><U19/><E19/><V121/><F121/><W109/><G29/><T135/><N who="0" m="51314" /><T59/><DORA hai="128" /><D67/><U70/><E62/><AGARI ba="1,1" hai="20,21,22,59,62,65,94,95" m="49407,51314" machi="62" ten="50,8000,1" yaku="20,1,52,4" doraHai="13,128" who="0" fromWho="1" sc="203,93,155,-83,317,0,315,0" /><INIT seed="3,0,0,0,2,74" ten="296,72,317,315" oya="3" hai0="14,50,36,135,120,35,101,46,81,73,21,118,61" hai1="88,53,125,63,18,60,64,129,4,43,3,11,113" hai2="68,134,75,17,132,2,49,127,32,78,92,39,0" hai3="79,38,48,69,114,77,91,54,70,6,76,28,98"/><W44/><G114/><T57/><D120/><U51/><E113/><V117/><F117/><W41/><G28/><T133/><D118/><U102/><E125/><V65/><F39/><W45/><REACH who="3" step="1"/><G6/><REACH who="3" ten="296,72,317,305" step="2"/><T31/><D31/><U128/><E129/><V99/><F127/><W15/><G15/><T66/><D14/><U93/><E128/><V83/><F2/><W97/><G97/><T119/><D119/><U42/><E102/><V23/><F0/><W115/><G115/><T8/><D101/><U90/><E18/><V5/><F5/><W24/><G24/><T72/><D35/><U123/><E123/><V59/><F32/><W87/><G87/><T122/><D122/><U107/><E107/><V25/><F99/><W7/><G7/><T47/><D8/><U116/><E116/><V103/><F103/><W37/><G37/><T131/><D131/><U94/><E4/><V110/><F25/><W89/><G89/><T85/><D21/><U80/><E11/><V67/><F23/><W126/><G126/><T86/><D36/><U112/><E3/><V40/><F17/><W95/><AGARI ba="0,1" hai="38,41,44,45,48,54,69,70,76,77,79,91,95,98" machi="95" ten="30,12000,1" yaku="1,1,0,1,52,3,53,0" doraHai="74" doraHaiUra="52" who="3" fromWho="3" sc="296,-40,72,-40,317,-40,305,130" owari="256,-14.4,32,-46.8,277,7.7,435,53.5" /></mjloggm>