<mjloggm ver="2.3"><GO type="225" lobby="0"/><UN n0="%E6%A1%9C%E8%8A%B1%E9%96%83%E3%80%85" n1="%E5%B8%86%E7%AB%8B%E5%A4%8F%E8%A1%A3" n2="%E6%80%AA%E3%81%97%E3%81%99%E3%81%8E%E3%82%8B%E3%83%81%E3%83%BC" n3="%43%68%65" dan="17,16,16,16" rate="2200.31,2098.89,2100.94,2079.31" sx="M,M,M,M"/><TAIKYOKU oya="0"/><INIT seed="0,0,0,0,1,41" ten="250,250,250,250" oya="0" hai0="134,77,1,100,113,104,131,84,38,60,46,85,36" hai1="74,124,59,129,101,58,71,135,47,17,97,110,32" hai2="70,19,72,81,6,34,45,20,112,114,86,66,53" hai3="65,107,2,33,106,9,88,40,95,98,25,120,57"/><T0/><D113/><U108/><E74/><V52/><F34/><W55/><G120/><T63/><D131/><U78/><E78/><V133/><F72/><W87/><G65/><T27/><D27/><U44/><E32/><V42/><F133/><W121/><G121/><T117/><D117/><U91/><E129/><V31/><F6/><W115/><G115/><T119/><D77/><U82/><E71/><V54/><F31/><W94/><G40/><T126/><D100/><U122/><E122/><V8/><F8/><W49/><G2/><T116/><D104/><U28/><E28/><V93/><F93/><W128/><G128/><T56/><D56/><N who="1" m="21547" /><E135/><V61/><F86/><W35/><G35/><T102/><D102/><U90/><E17/><V21/><F81/><W37/><G37/><T13/><D13/><U68/><E68/><V5/><F5/><W118/><G118/><T12/><D12/><U80/><E124/><V23/><REACH who="2" step="1"/><F19/><REACH who="2" ten="250,250,240,250" step="2"/><W125/><G33/><T18/><D18/><U29/><E29/><V127/><F127/><W99/><G125/><T75/><D126/><U132/><E132/><V50/><AGARI ba="0,1" hai="20,21,23,42,45,50,52,53,54,61,66,70,112,114" machi="50" ten="30,8000,1" yaku="1,1,0,1,52,1,54,1,53,1" doraHai="41" doraHaiUra="39" who="2" fromWho="2" sc="250,-40,250,-20,240,90,250,-20" /><INIT seed="1,0,0,4,3,91" ten="210,230,330,230" oya="1" hai0="1,52,50,113,17,102,127,15,117,8,81,28,16" hai1="126,0,41,92,32,71,101,115,82,49,63,14,120" hai2="9,114,100,53,13,87,54,20,76,96,39,84,72" hai3="26,67,35,119,43,46,104,69,132,34,106,45,129"/><U31/><E115/><V109/><F114/><W7/><G7/><T22/><D113/><U64/><E120/><V21/><F39/><W121/><G121/><T108/><D117/><U86/><E0/><V3/><F3/><W94/><G119/><T51/><D108/><U24/><E126/><V135/><F135/><W30/><G35/><T95/><D127/><U48/><E14/><V42/><F42/><W78/><G132/><T23/><D1/><U66/><E66/><V105/><F109/><W77/><G46/><N who="0" m="27735" /><D28/><U74/><E41/><V19/><F72/><W118/><G129/><T88/><D51/><U56/><E71/><V33/><F33/><W103/><G118/><T83/><D102/><U62/><E63/><V36/><F36/><W73/><G78/><T111/><D111/><U130/><E130/><V6/><F21/><N who="0" m="7690" /><D17/><U68/><E68/><V59/><F76/><W58/><G69/><T75/><D75/><U47/><E74/><V98/><F54/><W110/><G110/><T125/><D125/><U124/><E124/><V133/><F133/><W27/><G27/><T29/><D29/><U60/><E60/><N who="2" m="35951" /><F105/><W25/><G25/><T79/><D79/><N who="1" m="46431" /><E47/><V80/><F100/><W128/><G128/><T134/><D134/><U122/><E122/><V123/><F123/><W44/><G44/><T40/><D40/><U5/><E5/><V12/><F6/><W70/><G70/><T4/><D4/><U93/><E101/><V85/><F80/><N who="3" m="45103" /><G45/><T61/><D61/><U57/><E49/><V18/><AGARI ba="0,0" hai="9,12,13,18,19,20,84,85,87,96,98" m="35951" machi="18" ten="30,1100,0" yaku="8,1" doraHai="91" who="2" fromWho="2" sc="210,-3,230,-5,330,11,230,-3" /><INIT seed="2,0,0,1,0,131" ten="207,225,341,227" oya="2" hai0="64,59,37,94,1,35,107,109,63,25,29,114,110" hai1="58,6,84,115,15,18,61,118,16,22,60,47,119" hai2="76,112,111,123,72,106,98,104,69,50,129,38,132" hai3="48,12,117,122,78,62,88,44,33,26,105,113,51"/><V34/><RYUUKYOKU type="yao9" ba="0,0" sc="207,0,225,0,341,0,227,0" hai2="34,38,50,69,72,76,98,104,106,111,112,123,129,132" /><INIT seed="2,1,0,4,3,93" ten="207,225,341,227" oya="2" hai0="55,8,131,33,22,27,2,76,53,126,117,62,109" hai1="43,61,39,81,47,14,113,60,100,63,49,79,103" hai2="65,19,119,32,18,13,21,64,96,3,135,16,40" hai3="38,132,35,66,9,111,128,11,129,52,101,15,70"/><V31/><F119/><W133/><G35/><T7/><D117/><U89/><E113/><V85/><F3/><W97/><G38/><T86/><D109/><U41/><E39/><V116/><F116/><W80/><G111/><T59/><D126/><U87/><E43/><V107/><F40/><W98/><G80/><T5/><D131/><N who="3" m="50249" /><G101/><T57/><D33/><U102/><REACH who="1" step="1"/><E14/><REACH who="1" ten="207,215,341,227" step="2"/><V78/><F13/><W4/><G11/><T72/><D72/><U123/><E123/><V134/><F135/><N who="3" m="51787" /><G52/><T106/><D8/><U24/><E24/><V110/><F134/><W108/><G108/><T37/><D37/><U118/><E118/><V58/><F110/><W1/><G15/><T42/><D42/><U73/><E73/><V29/><F64/><W54/><G54/><T121/><D121/><U130/><E130/><V92/><F65/><W120/><G120/><T25/><D55/><U0/><E0/><V44/><F32/><W10/><G10/><T23/><D2/><U71/><E71/><V17/><F21/><W51/><G51/><T82/><D57/><U105/><E105/><V127/><F107/><W74/><G74/><T36/><D106/><U12/><E12/><V48/><F58/><W125/><G125/><T28/><REACH who="0" step="1"/><D36/><REACH who="0" ten="197,215,341,227" step="2"/><U95/><E95/><V94/><F92/><W99/><G66/><T115/><D115/><U112/><E112/><V68/><F94/><W84/><G70/><T91/><D91/><AGARI ba="1,2" hai="41,47,49,60,61,63,79,81,87,89,91,100,102,103" machi="91" ten="40,8000,1" yaku="1,1,8,1,53,3" doraHai="93" doraHaiUra="56" who="1" fromWho="0" sc="197,-83,215,103,341,0,227,0" /><INIT seed="3,0,0,3,2,125" ten="114,318,341,227" oya="3" hai0="99,30,27,80,53,102,97,96,103,100,9,98,10" hai1="114,38,14,31,12,93,46,15,34,19,101,123,113" hai2="51,4,76,122,28,133,77,21,85,78,29,36,87" hai3="105,126,79,63,92,124,74,83,62,129,56,120,5"/><W88/><G105/><T35/><N who="0" m="24576" /><DORA hai="1" /><T40/><D40/><U48/><E38/><V68/><F36/><W117/><G117/><T104/><D104/><U0/><E101/><V43/><F68/><W69/><G120/><T47/><D80/><U61/><E93/><V39/><F39/><W95/><G69/><T135/><D135/><U67/><E123/><V128/><F4/><W110/><G95/><T71/><D71/><U16/><E61/><V107/><F107/><W108/><G5/><T73/><D73/><U3/><E67/><V72/><F72/><W90/><G129/><T13/><D13/><U22/><E48/><V24/><F128/><W58/><G92/><T86/><D86/><N who="2" m="32778" /><F133/><W118/><G118/><T131/><D131/><U45/><E15/><V81/><F81/><W121/><G121/><T91/><D47/><U25/><E46/><N who="2" m="26079" /><F122/><W115/><G115/><N who="1" m="44042" /><E45/><V52/><F52/><N who="3" m="34055" /><G58/><T60/><D53/><U57/><E57/><V50/><F50/><W112/><G63/><T84/><REACH who="0" step="1"/><D60/><REACH who="0" ten="104,318,341,227" step="2"/><U17/><E14/><V82/><F82/><W132/><G132/><T20/><D20/><U89/><E89/><N who="3" m="34410" /><G112/><T41/><D41/><U75/><E75/><V18/><AGARI ba="0,1" hai="18,21,24,28,29,76,77,78" m="26079,32778" machi="18" ten="30,1100,0" yaku="8,1" doraHai="125,1" who="2" fromWho="2" sc="104,-3,318,-3,341,21,227,-5" owari="101,-39.9,315,11.5,362,46.2,222,-17.8" /></mjloggm>