<mjloggm ver="2.3"><GO type="225" lobby="0"/><UN n0="%E5%A4%9C%E3%81%AE%E3%82%AC%E3%82%B9%E3%83%91%E3%83%BC%E3%83%AB" n1="%E7%99%BD%E6%97%A5%E9%9B%AA%E8%8F%9C" n2="%E5%91%89%E5%AF%8C%E6%98%A5" n3="%E5%B0%8F%E9%B3%A5%E9%81%8A%E7%B7%B4%E7%84%A1%32%31%E6%AD%B3" dan="16,16,16,16" rate="2116.99,2214.22,2109.29,2147.04" sx="M,M,M,F"/><TAIKYOKU oya="0"/><INIT seed="0,0,0,0,0,16" ten="250,250,250,250" oya="0" hai0="127,96,108,15,24,38,118,29,93,49,51,102,5" hai1="124,105,39,122,74,100,32,89,12,14,6,35,67" hai2="60,59,2,120,23,0,78,34,52,1,87,132,50" hai3="86,114,113,115,73,65,110,135,72,80,27,8,43"/><T90/><D118/><U40/><E122/><V46/><F120/><W57/><G110/><T47/><D108/><U107/><E74/><V26/><F132/><W101/><G101/><T99/><D127/><U109/><E109/><V130/><F130/><W95/><G43/><T17/><D5/><U116/><E116/><V98/><F34/><W76/><G135/><T131/><D131/><U128/><E128/><V55/><F98/><W123/><G8/><T4/><D4/><U117/><E6/><V106/><F106/><W92/><G123/><T48/><D38/><U9/><E67/><V97/><F97/><W25/><G65/><T13/><D47/><U75/><E75/><V58/><F58/><W129/><G57/><T81/><D17/><U71/><E100/><V64/><F87/><W56/><G56/><T62/><D62/><U33/><E71/><V61/><F78/><W21/><G25/><T79/><D79/><U3/><E9/><V53/><REACH who="2" step="1"/><F61/><REACH who="2" ten="250,250,240,250" step="2"/><W84/><G129/><T133/><D133/><U82/><E35/><V83/><F83/><W69/><G86/><N who="0" m="50511" /><D99/><U7/><E117/><V104/><F104/><W45/><G72/><T121/><D121/><U66/><E107/><V31/><AGARI ba="0,1" hai="0,1,2,23,26,31,46,50,52,53,55,59,60,64" machi="31" ten="30,7900,0" yaku="1,1,0,1,52,1,54,1,53,0" doraHai="16" doraHaiUra="134" who="2" fromWho="2" sc="250,-39,250,-20,240,89,250,-20" /><INIT seed="1,0,0,5,5,75" ten="211,230,329,230" oya="1" hai0="89,97,125,132,68,29,74,96,99,120,11,93,12" hai1="64,114,87,10,111,42,73,1,90,48,26,72,98" hai2="50,43,94,54,13,122,123,104,5,131,65,49,106" hai3="41,39,103,19,83,57,30,37,3,118,6,15,127"/><U21/><E114/><V124/><F124/><W113/><G113/><T109/><D68/><U27/><E64/><V80/><F131/><W59/><G30/><T24/><D125/><U60/><E60/><V77/><F65/><W58/><G118/><T134/><D109/><U95/><E111/><V66/><F66/><W9/><G103/><T33/><D120/><N who="2" m="46122" /><F94/><W115/><G115/><T81/><D81/><U101/><E1/><V62/><F50/><W107/><G107/><T28/><D28/><U53/><E10/><N who="2" m="4303" /><F54/><W69/><G69/><T25/><D25/><U56/><E42/><V63/><F63/><W108/><G108/><T92/><D74/><U82/><REACH who="1" step="1"/><E27/><REACH who="1" ten="211,220,329,230" step="2"/><V128/><F62/><W14/><G41/><T4/><REACH who="0" step="1"/><D93/><REACH who="0" ten="201,220,329,230" step="2"/><U102/><E102/><V0/><F106/><W86/><G127/><T112/><D112/><U91/><E91/><V46/><F104/><W133/><G3/><T38/><D38/><U8/><E8/><V55/><F0/><W129/><G39/><T100/><D100/><U126/><E126/><V84/><F128/><W78/><G37/><T34/><D34/><U47/><E47/><V85/><F46/><W119/><G129/><T22/><D22/><U18/><AGARI ba="0,2" hai="18,21,26,48,53,56,72,73,82,87,90,95,98,101" machi="18" ten="20,3900,0" yaku="1,1,0,1,7,1,53,0" doraHai="75" doraHaiUra="71" who="1" fromWho="1" sc="201,-13,220,59,329,-13,230,-13" /><INIT seed="1,1,0,5,3,30" ten="188,279,316,217" oya="1" hai0="69,106,90,5,9,89,94,52,61,3,108,38,87" hai1="60,74,86,43,23,47,6,22,120,7,33,40,135" hai2="10,133,34,64,44,93,12,55,48,70,115,15,112" hai3="104,39,18,31,98,127,117,65,76,78,32,37,102"/><U81/><E120/><V25/><F133/><W11/><G127/><T16/><D106/><U125/><E74/><V107/><F107/><W114/><G114/><N who="2" m="43561" /><F93/><W67/><G117/><T8/><D38/><U126/><E135/><V80/><F80/><W58/><G39/><T131/><D108/><U59/><E33/><V57/><F70/><W96/><G37/><T100/><D131/><U85/><E47/><V84/><F84/><W53/><G98/><T73/><D73/><U118/><E59/><V134/><F134/><W51/><G78/><T1/><D69/><U79/><E60/><N who="2" m="37903" /><F10/><W14/><REACH who="3" step="1"/><G76/><REACH who="3" ten="188,279,316,207" step="2"/><T105/><D105/><U24/><E79/><V128/><F128/><W119/><G119/><T97/><D87/><U66/><E118/><V19/><F19/><W109/><G109/><T42/><D16/><U49/><E86/><V101/><F101/><W103/><G103/><T121/><D121/><U130/><E85/><V124/><F124/><W122/><G122/><T28/><D100/><U62/><E130/><V132/><F132/><W2/><G2/><T68/><D3/><U41/><E126/><V92/><F92/><W0/><G0/><T36/><D1/><U50/><E125/><V129/><F129/><W123/><G123/><T29/><D94/><U45/><E81/><V54/><F54/><W56/><G56/><N who="0" m="34951" /><D68/><U77/><E77/><V72/><F72/><W63/><G63/><T116/><D116/><U4/><E62/><V91/><F91/><W75/><G75/><T21/><D90/><U113/><E113/><V35/><F55/><W88/><G88/><RYUUKYOKU ba="1,1" sc="188,-10,279,-10,316,-10,207,30" hai3="11,14,18,31,32,51,53,58,65,67,96,102,104" /><INIT seed="2,2,1,2,1,99" ten="178,269,306,237" oya="2" hai0="105,77,49,44,61,83,121,1,113,130,101,81,54" hai1="90,26,119,33,16,89,67,96,40,17,23,3,122" hai2="129,87,128,106,10,114,41,116,56,7,42,27,108" hai3="11,104,120,123,117,6,63,21,86,78,69,92,30"/><V51/><F114/><W64/><G104/><T32/><D113/><U71/><E119/><V15/><F116/><W118/><G30/><T34/><D121/><U72/><E72/><V35/><F106/><W39/><G39/><T9/><D9/><U25/><E3/><V4/><F108/><W5/><G21/><T125/><D1/><U107/><E122/><V73/><F73/><W102/><G118/><T66/><D125/><U57/><E40/><V132/><F132/><W76/><G117/><T19/><D130/><N who="2" m="50282" /><F87/><W91/><G5/><T28/><D19/><U88/><E57/><V29/><F7/><W131/><G131/><T8/><D8/><U47/><E47/><V48/><F56/><W65/><G65/><T127/><D127/><U36/><E36/><V38/><F38/><W100/><G123/><T46/><D46/><U95/><E107/><V24/><F24/><W115/><G115/><T70/><D77/><U74/><E74/><V37/><F37/><W45/><G45/><T53/><D53/><U62/><E33/><V134/><F134/><W75/><G120/><T82/><REACH who="0" step="1"/><D28/><REACH who="0" ten="168,269,306,237" step="2"/><U109/><E109/><V31/><F31/><W97/><G76/><T79/><D79/><U111/><E111/><V0/><F0/><W126/><G126/><T20/><D20/><AGARI ba="2,2" hai="16,17,20,23,25,26,62,67,71,88,89,90,95,96" machi="20" ten="40,5200,0" yaku="9,1,54,2" doraHai="99" who="1" fromWho="0" sc="168,-58,269,78,306,0,237,0" /><INIT seed="3,0,0,4,4,29" ten="110,347,306,237" oya="3" hai0="79,134,113,17,43,22,42,49,123,130,36,62,72" hai1="75,25,24,122,110,97,118,76,14,57,8,129,91" hai2="67,53,46,90,34,70,114,31,11,105,58,82,119" hai3="85,126,104,15,3,18,33,59,20,83,21,96,48"/><W64/><G3/><T7/><D123/><U40/><E122/><V4/><F114/><W89/><G126/><T60/><D36/><U92/><E110/><V133/><F119/><W51/><G21/><T98/><D113/><U111/><E111/><V86/><F105/><W106/><G106/><T35/><D130/><U27/><E129/><V5/><F133/><W95/><G104/><T1/><D134/><U26/><E118/><V131/><F131/><W37/><G37/><T10/><D35/><U66/><E40/><V128/><F128/><W108/><G33/><T61/><D98/><U65/><E27/><V100/><F100/><W12/><G12/><T47/><D43/><U74/><E74/><V124/><F124/><W16/><G18/><T73/><D49/><U6/><E57/><V50/><F11/><W77/><REACH who="3" step="1"/><G108/><REACH who="3" ten="110,347,306,227" step="2"/><T115/><D115/><U103/><E26/><V94/><F34/><W13/><G13/><T112/><D112/><U99/><E25/><V121/><F121/><W9/><G9/><T30/><D17/><U102/><E24/><V116/><F116/><W127/><G127/><T38/><D22/><U68/><E14/><V2/><F2/><W84/><G84/><T107/><D107/><U41/><E8/><V101/><F31/><W19/><G19/><T78/><D73/><U23/><E75/><V63/><F5/><W132/><G132/><T28/><REACH who="0" step="1"/><D79/><REACH who="0" ten="100,347,306,227" step="2"/><U56/><E76/><V80/><F4/><W71/><G71/><T109/><D109/><U87/><E68/><V120/><F70/><W55/><G55/><T135/><D135/><RYUUKYOKU ba="0,2" sc="100,15,347,-15,306,-15,227,15" hai0="1,7,10,28,30,38,42,47,60,61,62,72,78" hai3="15,16,20,48,51,59,64,77,83,85,89,95,96" /><INIT seed="3,1,2,2,2,83" ten="115,332,291,242" oya="3" hai0="6,25,72,17,29,27,55,42,73,103,70,11,48" hai1="106,77,4,8,30,68,15,74,52,87,113,43,109" hai2="35,5,44,86,93,19,24,13,117,102,54,118,89" hai3="22,26,64,36,12,40,59,66,126,31,115,100,71"/><W107/><G115/><T2/><D70/><U14/><E113/><V99/><F5/><W105/><G126/><T124/><D124/><U1/><E68/><V129/><F129/><W101/><G71/><T94/><D42/><U69/><E69/><V125/><F125/><W84/><G36/><T61/><D61/><U56/><E106/><V135/><F135/><W110/><G40/><T78/><D78/><U96/><E74/><V122/><F122/><W131/><G131/><T21/><D103/><U128/><E109/><V112/><F112/><W123/><G123/><T16/><D94/><U111/><E111/><V62/><F35/><W0/><G0/><T60/><D60/><U39/><E39/><V28/><F28/><W57/><G110/><T120/><D120/><U53/><E43/><V7/><F7/><W81/><G12/><T132/><D132/><U45/><E1/><V121/><F121/><W82/><G107/><T104/><D104/><U20/><E96/><V85/><F24/><W3/><G3/><T88/><D88/><U127/><E127/><V9/><F86/><W97/><G81/><T38/><D38/><U108/><E128/><V114/><F114/><W63/><G105/><T116/><D116/><U58/><E45/><V75/><F75/><W18/><G97/><T32/><REACH who="0" step="1"/><D17/><REACH who="0" ten="105,332,291,242" step="2"/><U46/><E108/><V91/><F91/><N who="3" m="51607" /><G18/><T95/><D95/><U90/><E90/><V37/><F37/><W133/><G133/><T47/><AGARI ba="1,3" hai="2,6,11,16,21,25,27,29,32,47,48,55,72,73" machi="47" ten="20,5200,0" yaku="1,1,0,1,7,1,54,1,53,0" doraHai="83" doraHaiUra="79" who="0" fromWho="0" sc="105,85,332,-14,291,-14,242,-27" owari="190,-31.0,318,41.8,277,7.7,215,-18.5" /></mjloggm>