<mjloggm ver="2.3"><GO type="225" lobby="0"/><UN n0="%45%6C%79%73%69%75%6D" n1="%6D%75%75%6D%75%72%61" n2="%E8%B6%85%E7%B4%9A%E9%B3%B3%E5%87%B0" n3="%E6%B8%A1%E5%A4%A9%E8%97%8D" dan="17,16,16,16" rate="2107.83,2144.19,2127.32,2117.51" sx="F,F,M,F"/><TAIKYOKU oya="0"/><INIT seed="0,0,0,3,0,83" ten="250,250,250,250" oya="0" hai0="126,43,6,120,49,133,41,108,50,66,51,4,128" hai1="22,8,135,54,71,65,12,134,112,104,99,24,67" hai2="25,118,94,52,88,61,26,28,119,90,20,113,74" hai3="53,97,130,38,36,87,80,124,16,93,96,109,7"/><T129/><D120/><U75/><E75/><V9/><F113/><W69/><G69/><T60/><D108/><U2/><E2/><V32/><F74/><W59/><G109/><T110/><D110/><U27/><E112/><V123/><F123/><W70/><G70/><T40/><D126/><U33/><E33/><V92/><F9/><W72/><G72/><T95/><D95/><N who="2" m="36394" /><F32/><W102/><G130/><N who="0" m="50283" /><D133/><N who="1" m="50699" /><E54/><V127/><F25/><N who="1" m="9801" /><E22/><V13/><F13/><W56/><G124/><T107/><D107/><U14/><E71/><AGARI ba="0,0" hai="4,6,40,41,43,49,50,51,60,66,71" m="50283" machi="71" ten="40,2000,0" yaku="19,1" doraHai="83" who="0" fromWho="1" sc="250,20,250,-20,250,0,250,0" /><INIT seed="0,1,0,1,0,37" ten="270,230,250,250" oya="0" hai0="122,46,75,107,127,105,103,24,133,66,121,26,35" hai1="135,12,3,80,113,131,38,27,109,114,112,125,130" hai2="117,68,41,50,7,86,96,6,99,15,65,120,32" hai3="63,72,88,36,53,104,132,123,28,2,58,14,8"/><T30/><D127/><U129/><E3/><V79/><F120/><W94/><G104/><T22/><D133/><U5/><E125/><V108/><F32/><W0/><G72/><T118/><D118/><U54/><E135/><V43/><F117/><W102/><G102/><T33/><D75/><U82/><E109/><V71/><F108/><W91/><G132/><T9/><D9/><N who="1" m="4143" /><E38/><V74/><F74/><W10/><G123/><T93/><D93/><U97/><E54/><V134/><F134/><W21/><G36/><T16/><D35/><U11/><E11/><V115/><F115/><N who="1" m="29441" /><U23/><DORA hai="29" /><E97/><V45/><F15/><W85/><G8/><T34/><D34/><U67/><E67/><V78/><F65/><W73/><G73/><T76/><D76/><U119/><E119/><V92/><F92/><W42/><G0/><T1/><D1/><U44/><E44/><V59/><F45/><W64/><G2/><T128/><D46/><U57/><E57/><V69/><F71/><W70/><G70/><T52/><D66/><U13/><E13/><V62/><F59/><W116/><G64/><T17/><D122/><U83/><E82/><V98/><F96/><W51/><G116/><T48/><D121/><U89/><E89/><V84/><F50/><W19/><G91/><T61/><D48/><U100/><E100/><V90/><F90/><W25/><G51/><T49/><D49/><U56/><E56/><V47/><F47/><W111/><G111/><T87/><D103/><U95/><E95/><V110/><F110/><W40/><AGARI ba="1,0" hai="10,14,19,21,25,28,40,42,53,58,63,85,88,94" machi="40" ten="30,8000,1" yaku="0,1,8,1,52,2,54,1" doraHai="37,29" who="3" fromWho="3" sc="270,-41,230,-21,250,-21,250,83" /><INIT seed="1,0,0,2,3,87" ten="229,209,229,333" oya="1" hai0="133,127,88,45,5,21,28,11,3,48,60,44,20" hai1="135,26,43,13,35,4,49,81,10,109,93,111,118" hai2="41,23,67,6,47,85,117,77,25,63,58,72,65" hai3="32,116,126,27,33,123,103,42,105,14,17,51,100"/><U0/><E118/><V83/><F117/><W128/><G116/><T52/><D133/><U12/><E135/><V132/><F132/><W9/><G123/><T79/><D127/><U56/><E81/><V24/><F72/><W107/><G32/><T104/><D104/><U40/><E40/><V55/><F6/><W95/><G128/><T75/><D60/><U34/><E93/><V86/><F86/><W122/><G122/><T112/><D112/><U134/><E134/><V53/><F53/><W46/><G126/><T16/><D28/><U98/><E98/><V37/><REACH who="2" step="1"/><F25/><REACH who="2" ten="229,209,219,333" step="2"/><W124/><G27/><T64/><D64/><U8/><E26/><V113/><F113/><W125/><BYE who="2" /><G125/><T131/><D131/><U70/><E70/><V57/><F57/><W130/><G124/><T66/><D66/><U101/><E101/><V92/><F92/><W19/><G33/><T73/><D45/><N who="1" m="25791" /><E56/><V121/><F121/><W22/><G130/><T74/><D21/><U38/><E38/><V99/><F99/><N who="3" m="59519" /><G107/><UN n2="%E8%B6%85%E7%B4%9A%E9%B3%B3%E5%87%B0" /><T108/><D108/><N who="1" m="41547" /><E0/><V94/><F94/><W96/><G105/><T62/><D74/><U36/><E36/><V76/><F76/><W29/><G96/><T7/><D79/><U59/><E59/><V1/><F1/><W54/><G103/><T80/><D73/><U91/><E91/><V119/><F119/><W114/><G114/><T68/><D88/><U31/><E31/><AGARI ba="0,1" hai="23,24,31,37,41,47,55,58,63,65,67,77,83,85" machi="31" ten="30,2000,0" yaku="1,1,7,1,53,0" doraHai="87" doraHaiUra="30" who="2" fromWho="1" sc="229,0,209,-20,219,30,333,0" /><BYE who="2" /><UN n2="%E8%B6%85%E7%B4%9A%E9%B3%B3%E5%87%B0" /><INIT seed="2,0,0,4,3,61" ten="229,189,249,333" oya="2" hai0="19,111,85,121,74,82,69,33,6,109,24,52,93" hai1="12,40,134,20,98,16,128,89,70,86,92,99,46" hai2="68,88,62,30,80,84,63,114,83,105,113,34,22" hai3="76,27,129,101,64,5,3,104,122,2,54,28,44"/><V9/><F105/><W72/><G122/><T124/><D121/><U116/><E116/><V87/><F34/><W53/><G76/><T42/><D124/><U103/><E128/><V39/><F39/><W29/><G72/><T120/><D120/><U57/><E134/><V37/><F37/><W48/><G28/><T127/><D127/><U117/><E117/><V71/><F30/><W50/><G5/><T123/><D123/><U26/><E70/><V132/><F9/><W41/><G41/><T31/><D6/><U58/><E26/><V38/><F38/><W81/><G81/><T78/><D69/><U11/><E11/><V130/><F130/><W13/><G13/><T112/><D112/><U91/><E91/><V51/><F51/><W43/><G43/><T56/><D42/><U108/><E108/><N who="0" m="41545" /><D19/><U47/><E99/><V96/><F96/><W100/><G129/><T75/><D93/><U67/><E40/><V4/><F4/><W21/><G2/><T102/><D102/><N who="3" m="39529" /><G3/><T77/><D77/><U135/><E135/><V95/><F95/><W8/><G8/><T32/><D32/><U59/><REACH who="1" step="1"/><E67/><REACH who="1" ten="229,179,249,333" step="2"/><V45/><F132/><W97/><G64/><T0/><D0/><U49/><E49/><AGARI ba="0,1" hai="24,31,33,49,52,56,74,75,78,82,85" m="41545" machi="49" ten="30,2000,0" yaku="14,1,54,1" doraHai="61" who="0" fromWho="1" sc="229,30,179,-20,249,0,333,0" /><INIT seed="3,0,0,1,4,6" ten="259,159,249,333" oya="3" hai0="76,83,132,110,84,62,51,2,27,99,70,16,42" hai1="14,37,0,106,95,11,10,45,90,64,36,98,54" hai2="74,130,59,86,20,57,53,128,82,8,23,126,105" hai3="77,120,78,118,41,113,4,48,12,61,111,87,9"/><W35/><G35/><T13/><D2/><U107/><E64/><V25/><F74/><W39/><G39/><T122/><D122/><U5/><E36/><V63/><F105/><W73/><G113/><T65/><D110/><U125/><E125/><V91/><F126/><W3/><G3/><T40/><D132/><U97/><E97/><V116/><F116/><W30/><G30/><T31/><D99/><U19/><REACH who="1" step="1"/><E54/><REACH who="1" ten="259,149,249,333" step="2"/><V124/><F124/><W66/><G66/><T102/><D65/><U67/><E67/><V75/><F53/><W109/><G109/><T68/><D68/><U80/><E80/><V103/><F82/><W34/><G111/><T18/><D70/><U24/><E24/><V22/><F25/><W94/><G120/><T135/><D27/><U89/><E89/><V17/><F91/><W28/><G118/><T131/><D83/><U7/><E7/><V115/><F103/><W85/><G4/><T134/><D102/><U50/><E50/><V52/><F52/><W49/><G48/><T32/><D51/><U38/><E38/><V88/><F88/><W47/><G49/><T117/><D117/><U46/><E46/><V29/><F59/><W96/><G47/><T129/><D135/><U72/><E72/><V133/><F57/><W108/><G73/><T58/><D134/><U1/><E1/><V21/><F75/><W71/><G71/><T93/><D58/><U26/><E26/><V121/><F133/><W104/><G108/><T69/><D69/><U81/><E81/><V127/><N who="2" m="5120" /><DORA hai="112" /><V33/><F121/><W15/><G96/><RYUUKYOKU ba="0,1" sc="259,-10,149,30,249,-10,333,-10" hai1="0,5,10,11,14,19,37,45,90,95,98,106,107" owari="249,4.9,179,-32.1,239,-16.1,333,43.3" /></mjloggm>