<mjloggm ver="2.3"><GO type="225" lobby="0"/><UN n0="%E5%B0%8F%E9%B3%A5%E9%81%8A%E7%B7%B4%E7%84%A1%32%31%E6%AD%B3" n1="%E7%99%BD%E9%9B%AA%E4%B9%83%E6%84%9B" n2="%E8%81%B7%E6%A5%AD%E3%80%81%E9%A2%A8%32" n3="%E7%AD%89%E3%80%85%E5%8A%9B%E5%8A%87%E5%A0%B4" dan="16,16,16,16" rate="2159.51,2071.28,2149.95,2119.10" sx="F,F,M,M"/><TAIKYOKU oya="0"/><INIT seed="0,0,0,5,0,36" ten="250,250,250,250" oya="0" hai0="91,96,119,121,85,116,67,113,82,18,30,41,105" hai1="75,90,100,29,92,89,71,48,98,86,52,129,69" hai2="99,44,135,72,127,117,32,12,62,55,133,125,73" hai3="101,0,14,13,11,97,17,66,46,34,64,109,103"/><T83/><D121/><U104/><E129/><V23/><F32/><W47/><G0/><T35/><D113/><U81/><E29/><V78/><F117/><W9/><G34/><T70/><D18/><U88/><E75/><N who="2" m="28747" /><F78/><W65/><G109/><T108/><D108/><U79/><REACH who="1" step="1"/><E104/><REACH who="1" ten="250,240,250,250" step="2"/><V21/><F127/><W20/><G20/><T126/><D126/><U134/><E134/><V93/><F135/><W68/><G68/><T114/><D105/><U5/><E5/><V54/><F21/><W130/><G130/><T10/><D30/><U7/><E7/><V107/><F23/><W49/><G97/><T37/><D119/><U87/><E87/><V131/><F99/><W110/><G110/><T28/><D96/><U2/><E2/><V132/><F107/><W24/><G24/><T39/><D116/><U40/><E40/><V31/><F31/><W123/><G123/><T1/><D41/><U43/><E43/><V19/><F131/><W22/><G22/><T106/><D106/><U120/><E120/><V56/><F125/><W77/><G17/><T57/><D28/><U102/><E102/><V4/><F4/><W42/><G103/><T128/><D1/><U26/><E26/><V25/><F25/><W80/><G101/><T76/><D128/><U111/><E111/><V58/><F133/><W118/><G118/><T95/><D85/><U51/><E51/><N who="2" m="29031" /><F132/><W59/><G42/><T3/><D3/><U84/><E84/><V45/><F19/><W112/><G49/><T122/><D122/><U27/><E27/><V60/><F12/><W94/><G14/><RYUUKYOKU ba="0,1" sc="250,-10,240,30,250,-10,250,-10" hai1="48,52,69,71,79,81,86,88,89,90,92,98,100" /><INIT seed="1,1,1,4,0,47" ten="240,270,240,240" oya="1" hai0="106,91,88,115,122,15,117,98,134,89,35,82,26" hai1="99,114,85,90,127,132,96,118,73,126,4,63,125" hai2="46,16,135,55,110,76,54,21,33,101,24,71,105" hai3="38,77,52,112,131,42,128,48,50,37,3,34,11"/><U40/><E114/><V109/><F71/><W39/><G34/><T94/><D115/><U107/><E118/><V58/><F135/><W32/><G112/><T113/><D113/><U74/><E4/><V1/><F1/><W119/><G32/><T102/><D15/><U19/><E40/><V83/><F33/><W92/><G77/><T124/><D117/><U79/><E63/><V20/><F101/><W86/><G119/><T5/><D5/><U2/><E2/><V0/><F105/><W84/><G3/><T12/><D134/><U18/><E132/><V22/><F46/><N who="3" m="25687" /><G11/><T133/><D133/><U49/><E49/><N who="2" m="31055" /><F55/><W61/><G92/><T69/><D69/><U104/><E19/><V65/><F65/><W64/><G86/><T70/><D70/><U6/><E18/><V14/><F14/><W130/><G84/><T13/><D122/><U25/><E25/><V60/><F60/><W53/><G50/><T29/><D82/><N who="1" m="45431" /><E73/><N who="2" m="43407" /><F0/><W27/><G27/><T97/><REACH who="0" step="1"/><D124/><REACH who="0" ten="230,270,240,240" step="2"/><U66/><E6/><V56/><F56/><AGARI ba="1,2" hai="37,38,39,52,53,56,61,64,128,130,131" m="25687" machi="56" ten="40,8000,1" yaku="19,1,34,2,52,1,54,1" doraHai="47" who="3" fromWho="2" sc="230,0,270,0,240,-83,240,103" /><INIT seed="2,0,0,1,1,56" ten="230,270,157,343" oya="2" hai0="73,27,135,42,77,15,29,37,17,57,85,115,120" hai1="47,104,80,41,20,84,124,126,92,94,112,9,21" hai2="109,46,117,32,0,98,78,74,8,76,43,7,60" hai3="99,61,63,33,122,81,11,30,54,44,1,110,14"/><V105/><F117/><W96/><G122/><T12/><D120/><U130/><E104/><V70/><F109/><W133/><G133/><T31/><D73/><U67/><E112/><V102/><F78/><W51/><G110/><T69/><D69/><U125/><E130/><V59/><F59/><W131/><G131/><T75/><D75/><U62/><E9/><V121/><F121/><W25/><G1/><T86/><D135/><U129/><E129/><V119/><F119/><W53/><G81/><T82/><D115/><U123/><E123/><V34/><F46/><W108/><G108/><T48/><D86/><U103/><E103/><V5/><F5/><W114/><G114/><T87/><D87/><U35/><E35/><V18/><F18/><W55/><G54/><N who="0" m="31943" /><D42/><U23/><E41/><V38/><F43/><W89/><G55/><T39/><D39/><U66/><E66/><N who="2" m="41287" /><F38/><W45/><G45/><T101/><D101/><U4/><E4/><V113/><F113/><W106/><G106/><T100/><D100/><U111/><E47/><V132/><F132/><W58/><G44/><T116/><D37/><U65/><E65/><V95/><F95/><W13/><G13/><N who="0" m="5195" /><D116/><U93/><E111/><V134/><F134/><W19/><REACH who="3" step="1"/><G89/><REACH who="3" ten="230,270,157,333" step="2"/><T64/><D64/><U10/><E80/><AGARI ba="0,1" hai="0,7,8,32,34,74,76,80,98,102,105" m="41287" machi="80" ten="30,5800,0" yaku="33,2,52,1" doraHai="56" who="2" fromWho="1" sc="230,0,270,-58,157,68,333,0" /><INIT seed="2,1,0,4,0,71" ten="230,212,225,333" oya="2" hai0="106,50,83,59,60,116,66,127,21,114,102,39,69" hai1="47,67,78,6,121,22,123,63,97,48,77,8,58" hai2="103,37,95,124,23,14,130,91,15,40,109,26,13" hai3="56,64,80,30,73,52,19,29,108,25,49,43,7"/><V76/><F124/><W35/><G108/><T82/><D114/><U61/><E22/><V126/><F126/><W36/><G7/><T111/><D111/><U16/><E97/><V132/><F109/><W18/><G30/><T86/><D127/><U79/><E61/><V55/><F130/><W105/><G105/><T75/><D75/><U118/><E118/><V101/><F132/><W110/><G110/><T113/><D113/><U128/><E128/><V104/><F104/><W117/><G117/><T74/><D74/><U9/><E6/><V94/><F76/><W34/><G34/><T134/><D134/><U53/><REACH who="1" step="1"/><E16/><REACH who="1" ten="230,202,225,333" step="2"/><N who="2" m="12647" /><F37/><W54/><G36/><T129/><D116/><U42/><E42/><V33/><F40/><W122/><G43/><T32/><D129/><U62/><E62/><V12/><F33/><W98/><G35/><T88/><D32/><U100/><E100/><N who="2" m="38475" /><F55/><W45/><G52/><T46/><D39/><U72/><E72/><V133/><F133/><W85/><G54/><T41/><D41/><U87/><E87/><N who="2" m="52607" /><F15/><W92/><G73/><T24/><D106/><U96/><E96/><V70/><F70/><W3/><G98/><T20/><D69/><U84/><E84/><V27/><F27/><W17/><G25/><T68/><D24/><U90/><E90/><V11/><F95/><W44/><G92/><T31/><D68/><U115/><E115/><V93/><F93/><W125/><G85/><T135/><D86/><U1/><E1/><V10/><AGARI ba="1,1" hai="10,11,12,13,14" m="52607,38475,12647" machi="10" ten="30,3000,0" yaku="8,1,54,1" doraHai="71" who="2" fromWho="2" sc="230,-11,202,-11,225,43,333,-11" /><INIT seed="2,2,0,2,1,55" ten="219,191,268,322" oya="2" hai0="43,131,71,72,100,47,84,64,54,5,2,18,116" hai1="16,74,20,122,25,9,10,68,66,85,103,121,37" hai2="109,17,82,108,125,98,107,13,53,51,95,31,83" hai3="91,59,39,86,1,40,127,110,130,101,46,33,94"/><V63/><F125/><W35/><G1/><T105/><D131/><U93/><E74/><V21/><F107/><W89/><G110/><N who="2" m="42601" /><F63/><W6/><G127/><T28/><D54/><U132/><E37/><V23/><F23/><W24/><G130/><T69/><D18/><U129/><E129/><V117/><F31/><W92/><G6/><T88/><D28/><U75/><E75/><V128/><F117/><W90/><G35/><T115/><D115/><U81/><E132/><V80/><F128/><W87/><G33/><T135/><D135/><U12/><E66/><V38/><F38/><W49/><G24/><T0/><D72/><U112/><E68/><V78/><F78/><W118/><G118/><T65/><D71/><U32/><E112/><V42/><F42/><W14/><G39/><T11/><D0/><U30/><E121/><V61/><F61/><W99/><G14/><T102/><D69/><U120/><E120/><V34/><F34/><W113/><G113/><T123/><D116/><U114/><E114/><V19/><F17/><W4/><G4/><T58/><D123/><U57/><E122/><V50/><F53/><W7/><G7/><T8/><D105/><U111/><E111/><V119/><F119/><W126/><G126/><T76/><D5/><U29/><E29/><V67/><F67/><W96/><G40/><T79/><D43/><U22/><E32/><V15/><F15/><W97/><G49/><T45/><D65/><U36/><E36/><V133/><F133/><W134/><G134/><T26/><D64/><U56/><E30/><V41/><F41/><RYUUKYOKU ba="2,0" sc="219,-10,191,-10,268,30,322,-10" hai2="13,19,21,50,51,80,82,83,95,98" /><INIT seed="2,3,0,1,5,125" ten="209,181,298,312" oya="2" hai0="16,29,65,32,88,77,2,44,98,11,126,111,5" hai1="117,94,46,116,121,128,101,95,115,51,99,31,72" hai2="37,68,96,50,103,25,84,123,28,39,80,4,22" hai3="23,15,56,93,70,83,17,62,20,27,33,91,63"/><V6/><F123/><W113/><G113/><T109/><D126/><U82/><E115/><V35/><F68/><W45/><G33/><T129/><D65/><U18/><E121/><V130/><F130/><W60/><G70/><T26/><D77/><U79/><E31/><V40/><F35/><W122/><G83/><T10/><D44/><U34/><E34/><V100/><F39/><W41/><G122/><T86/><D98/><U59/><E59/><V12/><F37/><W30/><G41/><T108/><D11/><U67/><E67/><V57/><F12/><W110/><G110/><T102/><D102/><N who="2" m="38954" /><F96/><N who="3" m="57407" /><G45/><T19/><D129/><U132/><E132/><V134/><F134/><W1/><G1/><T48/><REACH who="0" step="1"/><D48/><REACH who="0" ten="199,181,298,312" step="2"/><U73/><E128/><V75/><F50/><W47/><G47/><T42/><D42/><U8/><E73/><V131/><F131/><W87/><G87/><T78/><D78/><U112/><E112/><V9/><F9/><W43/><G43/><T92/><AGARI ba="3,1" hai="2,5,10,16,19,26,29,32,86,88,92,108,109,111" machi="92" ten="30,8000,1" yaku="1,1,0,1,14,1,54,2,53,0" doraHai="125" doraHaiUra="58" who="0" fromWho="0" sc="199,99,181,-23,298,-43,312,-23" /><INIT seed="3,0,0,5,4,11" ten="298,158,255,289" oya="3" hai0="72,127,130,81,107,26,43,70,37,75,56,101,123" hai1="82,41,67,8,65,89,68,24,95,76,94,54,46" hai2="102,93,69,98,109,126,80,83,134,111,63,38,91" hai3="4,64,112,85,50,105,31,29,44,62,99,106,87"/><W51/><G112/><T10/><D123/><U121/><E121/><V129/><F38/><W90/><G4/><T28/><D56/><U66/><E68/><V14/><F126/><W128/><G128/><T36/><D127/><U35/><E54/><V49/><F49/><W119/><G119/><T12/><D130/><U48/><E89/><V6/><F129/><W23/><G106/><T18/><D70/><U108/><E108/><N who="2" m="41547" /><F134/><W22/><G105/><T32/><D43/><U92/><E35/><V88/><F91/><W79/><G99/><T122/><D122/><U30/><E8/><N who="2" m="4375" /><F102/><W0/><G0/><T19/><D37/><U110/><E110/><V58/><F69/><W57/><G79/><T116/><D36/><U27/><REACH who="1" step="1"/><E30/><REACH who="1" ten="298,148,255,289" step="2"/><V9/><F9/><W45/><G31/><T13/><D28/><U97/><E97/><V131/><F131/><W60/><G29/><T3/><D32/><U118/><E118/><V21/><F21/><W1/><G22/><T5/><D116/><U125/><E125/><V78/><F78/><W115/><G23/><T103/><D10/><U34/><E34/><V52/><AGARI ba="0,1" hai="52,58,63,80,83,88,93,98" m="4375,41547" machi="52" ten="30,7900,0" yaku="14,1,52,1,54,2" doraHai="11" who="2" fromWho="2" sc="298,-20,148,-20,255,89,289,-39" owari="278,7.8,128,-37.2,344,44.4,250,-15.0" /></mjloggm>