<mjloggm ver="2.3"><GO type="225" lobby="0"/><UN n0="%E6%A1%9C%E8%8A%B1%E9%96%83%E3%80%85" n1="%54%4F%52" n2="%E5%AE%AE%E4%BF%9D%E9%B6%8F%E8%82%89" n3="%72%61%6B%33" dan="18,17,16,17" rate="2261.04,2241.99,2125.98,2292.88" sx="M,M,M,M"/><TAIKYOKU oya="0"/><INIT seed="0,0,0,3,5,18" ten="250,250,250,250" oya="0" hai0="97,130,30,41,32,25,43,15,40,33,31,39,74" hai1="56,67,113,84,80,48,104,86,29,5,55,36,114" hai2="120,14,8,95,111,47,6,77,9,34,105,129,53" hai3="13,72,127,1,121,64,10,3,81,4,134,38,22"/><T79/><D130/><U98/><E36/><V99/><F120/><W2/><G121/><T91/><D15/><U92/><E104/><V28/><F105/><W46/><G127/><T103/><D91/><U131/><E131/><V102/><F111/><W101/><G134/><T54/><D54/><U85/><E5/><V125/><F77/><W16/><G64/><T109/><D109/><U69/><E29/><V90/><F34/><W126/><G101/><T11/><D11/><U66/><E80/><V94/><F28/><W106/><G106/><T88/><D103/><U44/><E69/><V82/><F82/><W17/><G17/><T68/><D68/><U89/><REACH who="1" step="1"/><E44/><REACH who="1" ten="250,240,250,250" step="2"/><V50/><F129/><W107/><G107/><T108/><D108/><U118/><E118/><V23/><F125/><W123/><G126/><T87/><D39/><U96/><E96/><N who="2" m="57431" /><F6/><W73/><G123/><T35/><D97/><U27/><E27/><V62/><F47/><W135/><G135/><T12/><D30/><U60/><E60/><V115/><F62/><W52/><G38/><T45/><D45/><U7/><E7/><V58/><F115/><AGARI ba="0,1" hai="48,55,56,66,67,84,85,86,89,92,98,113,114,115" machi="115" ten="40,2600,0" yaku="1,1,11,1,53,0" doraHai="18" doraHaiUra="42" who="1" fromWho="2" sc="250,0,240,36,250,-26,250,0" /><INIT seed="1,0,0,4,5,7" ten="250,276,224,250" oya="1" hai0="98,111,85,97,52,108,64,18,35,5,42,21,50" hai1="70,114,63,102,129,91,33,78,59,81,112,126,75" hai2="45,135,1,34,93,41,29,130,47,15,56,89,119" hai3="100,20,37,115,3,116,51,125,96,131,8,79,25"/><U39/><E39/><V118/><F1/><W40/><G115/><T101/><D35/><U77/><E33/><V4/><F130/><W83/><G125/><T123/><D123/><U76/><E129/><V90/><F135/><W30/><G131/><T57/><D42/><U9/><E126/><V14/><F34/><W48/><G116/><T49/><D64/><U69/><E102/><V0/><F29/><W67/><G67/><T32/><D32/><U106/><E106/><V13/><F56/><W62/><G62/><N who="0" m="36135" /><D5/><U134/><E134/><V58/><F58/><W28/><G28/><T53/><D85/><U86/><E75/><V80/><F0/><W121/><G121/><T99/><D53/><U68/><REACH who="1" step="1"/><E9/><REACH who="1" ten="250,266,224,250" step="2"/><N who="2" m="4263" /><F119/><W82/><G8/><T110/><D101/><U71/><N who="1" m="17408" /><DORA hai="26" /><U54/><AGARI ba="0,1" hai="54,59,63,76,77,78,81,86,91,112,114" m="17408" machi="54" ten="60,11700,0" yaku="1,1,4,1,0,1,53,0" doraHai="7,26" doraHaiUra="6,132" who="1" fromWho="1" sc="250,-39,266,127,224,-39,250,-39" /><INIT seed="1,1,0,2,3,3" ten="211,393,185,211" oya="1" hai0="48,114,82,36,10,115,27,7,33,2,100,13,92" hai1="96,111,122,22,70,21,110,108,60,24,12,94,11" hai2="80,61,116,18,30,37,35,83,132,112,77,31,78" hai3="130,15,68,66,118,52,120,86,51,95,56,6,87"/><U121/><E70/><V4/><F116/><W38/><G120/><N who="1" m="46186" /><E60/><V113/><F37/><W97/><G130/><T123/><D123/><U131/><E131/><V44/><F44/><W124/><G124/><T20/><D36/><U67/><E67/><V107/><F107/><W89/><G38/><T43/><D82/><U119/><E119/><V58/><F132/><W88/><G118/><T9/><D43/><U73/><E73/><V129/><F129/><W63/><REACH who="3" step="1"/><G89/><REACH who="3" ten="211,393,185,201" step="2"/><T64/><D114/><U14/><E110/><V69/><F112/><W17/><G17/><T90/><D115/><U32/><E108/><V99/><F18/><W72/><G72/><T85/><D90/><U76/><E111/><V109/><F109/><W133/><G133/><T79/><D79/><U102/><E76/><V91/><F113/><W126/><G126/><T41/><D100/><U47/><E102/><V23/><F78/><W74/><G74/><T59/><D33/><U105/><E47/><V19/><F35/><W25/><G25/><T45/><D27/><U40/><E24/><V28/><F77/><W39/><G39/><T75/><D75/><U29/><E32/><V55/><F4/><W135/><G135/><T42/><D7/><U81/><E29/><V57/><F19/><W49/><G49/><T16/><D48/><U128/><E128/><V1/><F91/><W134/><G134/><T104/><D45/><U53/><E40/><V71/><F30/><W117/><G117/><T65/><D41/><U98/><E98/><V54/><F99/><W127/><G127/><T101/><D42/><RYUUKYOKU ba="1,1" sc="211,-10,393,-10,185,-10,201,30" hai3="6,15,51,52,56,63,66,68,86,87,88,95,97" /><INIT seed="2,2,1,4,0,74" ten="201,383,175,231" oya="2" hai0="64,120,59,7,69,42,127,106,131,15,61,62,34" hai1="63,78,30,2,83,35,108,12,114,17,99,10,118" hai2="47,49,107,88,58,91,129,75,77,25,123,117,71" hai3="5,135,81,124,52,18,126,31,44,26,1,65,32"/><V9/><F117/><W100/><G65/><T112/><D112/><U24/><E114/><V23/><F123/><W13/><G100/><T82/><D120/><U101/><E118/><V79/><F71/><W122/><G122/><T56/><D106/><U55/><E108/><V121/><F107/><W70/><G70/><T60/><D34/><U95/><E2/><V20/><F75/><W86/><G135/><T97/><D127/><U38/><E38/><V103/><F103/><W22/><G44/><T6/><D42/><U0/><E0/><V53/><F129/><W130/><G52/><T72/><D97/><U16/><E55/><N who="2" m="30143" /><F9/><N who="3" m="2223" /><G130/><T4/><D131/><U45/><E45/><V19/><F20/><W92/><G92/><T105/><D105/><U76/><E63/><N who="2" m="36303" /><F121/><W67/><G67/><T85/><D72/><U128/><E128/><V41/><F41/><W73/><G73/><T109/><D109/><U93/><E10/><V33/><F33/><W29/><G29/><T11/><D69/><U110/><E30/><V111/><F111/><W43/><G43/><T57/><D64/><U54/><E110/><V115/><F115/><W113/><G113/><T102/><D102/><U48/><E101/><V90/><AGARI ba="2,1" hai="19,23,25,77,79,88,90,91" m="36303,30143" machi="90" ten="30,11700,0" yaku="8,1,52,2,54,1" doraHai="74" who="2" fromWho="2" sc="201,-41,383,-41,175,133,231,-41" /><INIT seed="2,3,0,3,0,6" ten="160,342,308,190" oya="2" hai0="78,88,85,96,29,116,46,63,7,5,79,75,49" hai1="35,104,53,60,31,43,82,57,95,18,101,41,56" hai2="62,23,50,80,24,64,94,99,71,103,2,0,119" hai3="93,59,1,123,121,17,110,89,33,74,48,130,87"/><V25/><F119/><W125/><G33/><T81/><D116/><U73/><E104/><V98/><F25/><W22/><G1/><T70/><D29/><U67/><E35/><V28/><F80/><W126/><G74/><T69/><D96/><N who="1" m="59551" /><E73/><V84/><F84/><W115/><G110/><T107/><D107/><U128/><E31/><V32/><F23/><W105/><G105/><T131/><D131/><U11/><E82/><V77/><F77/><N who="0" m="29194" /><D70/><U34/><E34/><V66/><F66/><W112/><G130/><T4/><D69/><U58/><E128/><V19/><F19/><W120/><G59/><N who="1" m="22602" /><E67/><V21/><F21/><W12/><REACH who="3" step="1"/><G48/><REACH who="3" ten="160,342,308,180" step="2"/><T83/><D75/><U91/><E58/><V3/><F50/><W109/><G109/><T9/><D63/><U113/><E60/><V40/><F0/><W127/><AGARI ba="3,1" hai="12,17,22,87,89,93,112,115,120,121,123,125,126,127" machi="127" ten="40,5200,0" yaku="1,1,0,1,18,1,53,0" doraHai="6" doraHaiUra="92" who="3" fromWho="3" sc="160,-16,342,-16,308,-29,180,71" /><INIT seed="3,0,0,2,0,81" ten="144,326,279,251" oya="3" hai0="131,97,6,77,12,65,45,1,28,68,31,18,57" hai1="111,88,126,20,91,95,21,78,123,56,32,49,3" hai2="109,107,79,41,130,75,61,25,124,10,9,129,103" hai3="84,74,63,122,66,117,86,104,0,99,14,7,58"/><W120/><G117/><T48/><D68/><U102/><E32/><V44/><F109/><W15/><G74/><T92/><D131/><N who="2" m="50186" /><F75/><W13/><G0/><T115/><D115/><U2/><E123/><V62/><F79/><W87/><REACH who="3" step="1"/><G7/><REACH who="3" ten="144,326,279,241" step="2"/><T73/><D1/><U108/><E2/><V22/><F124/><W60/><G60/><T85/><D73/><U34/><E3/><V118/><F118/><W43/><G43/><T89/><D6/><U27/><E126/><V125/><F125/><W23/><G23/><T96/><D65/><U132/><E20/><V127/><F127/><W135/><G135/><T100/><D77/><U42/><E21/><V54/><F61/><W59/><G59/><T112/><D57/><U106/><E132/><V26/><F26/><W36/><G36/><T121/><D121/><U93/><E56/><N who="2" m="35095" /><F22/><W83/><G83/><T69/><D69/><U119/><E27/><V67/><F25/><W11/><G11/><T33/><D112/><U4/><E4/><V19/><F19/><W113/><G113/><T39/><D33/><U98/><E34/><V52/><F41/><W76/><G76/><T64/><D31/><U30/><E30/><V82/><F82/><W110/><G110/><T116/><D28/><U133/><E78/><V5/><F5/><W37/><G37/><T40/><D39/><U101/><E133/><V35/><F35/><W17/><G17/><T70/><D116/><U53/><E119/><V134/><F134/><W24/><G24/><T128/><D128/><U55/><E111/><V47/><F9/><W105/><G105/><RYUUKYOKU ba="0,1" sc="144,-10,326,-10,279,-10,241,30" hai3="13,14,15,58,63,66,84,86,87,99,104,120,122" /><INIT seed="3,1,1,0,0,89" ten="134,316,269,271" oya="3" hai0="44,127,95,52,124,94,68,102,19,107,27,119,40" hai1="112,25,118,109,92,61,29,60,20,108,62,111,13" hai2="117,106,58,116,83,114,33,59,8,73,45,4,65" hai3="63,99,10,86,0,16,132,96,9,42,24,75,28"/><W128/><G75/><T39/><D119/><U18/><E112/><V57/><F114/><W22/><G128/><T135/><D68/><U98/><E118/><V121/><F106/><W54/><G132/><T77/><D77/><U32/><E61/><V69/><F33/><W49/><G42/><T11/><D135/><U87/><E87/><V3/><F121/><W15/><G63/><T81/><D81/><U2/><E2/><V48/><F69/><W36/><G36/><T122/><D122/><U31/><E31/><V79/><REACH who="2" step="1"/><F65/><REACH who="2" ten="134,316,259,271" step="2"/><W41/><G41/><AGARI ba="1,2" hai="3,4,8,41,45,48,57,58,59,73,79,83,116,117" machi="41" ten="40,2600,0" yaku="1,1,2,1,53,0" doraHai="89" doraHaiUra="30" who="2" fromWho="3" sc="134,0,316,0,259,49,271,-29" owari="134,-36.6,316,41.6,308,10.8,242,-15.8" /></mjloggm>