<mjloggm ver="2.3"><GO type="225" lobby="0"/><UN n0="%54%61%6E%67%6C%65" n1="%77%72%77%72%77%72%77%72" n2="%E6%98%93%E5%88%A9%E8%96%A9%E4%BC%AF" n3="%E9%80%9F%E6%B0%B4%E5%87%9B%E9%A6%99" dan="16,16,16,17" rate="2063.88,2126.53,2104.26,2178.06" sx="M,M,F,F"/><TAIKYOKU oya="0"/><INIT seed="0,0,0,1,4,132" ten="250,250,250,250" oya="0" hai0="111,59,134,78,72,86,8,112,62,22,99,64,5" hai1="66,31,81,35,6,69,76,1,129,128,9,114,34" hai2="17,13,51,20,4,53,11,108,115,90,14,79,113" hai3="58,30,50,80,41,63,95,110,3,123,56,74,37"/><T77/><D112/><U118/><E114/><V97/><F79/><W93/><G3/><T2/><D72/><N who="1" m="43143" /><E118/><V55/><F108/><W33/><G37/><T16/><D134/><U36/><E36/><V52/><REACH who="2" step="1"/><F51/><REACH who="2" ten="250,250,240,250" step="2"/><W91/><G50/><T47/><D111/><U49/><E49/><V120/><F120/><W45/><G123/><T40/><D99/><U127/><E129/><V18/><F18/><W19/><G19/><T131/><D131/><U135/><E128/><V12/><F12/><W83/><G110/><T98/><D98/><U57/><E135/><V60/><F60/><W67/><G63/><T24/><REACH who="0" step="1"/><D86/><REACH who="0" ten="240,250,240,250" step="2"/><U130/><E130/><V65/><F65/><W42/><G67/><T82/><D82/><U46/><E66/><V27/><F27/><W94/><G80/><T7/><D7/><U119/><E6/><V87/><F87/><W61/><G83/><T70/><D70/><U116/><E69/><V26/><F26/><W73/><G73/><T38/><AGARI ba="0,2" hai="2,5,8,16,22,24,38,40,47,59,62,64,77,78" machi="38" ten="20,7800,0" yaku="1,1,0,1,7,1,54,1,53,0" doraHai="132" doraHaiUra="105" who="0" fromWho="0" sc="240,98,250,-26,240,-26,250,-26" /><INIT seed="0,1,0,4,5,23" ten="338,224,214,224" oya="0" hai0="46,4,31,67,68,47,0,93,88,103,72,120,45" hai1="118,59,60,135,20,115,77,90,69,125,134,133,35" hai2="127,105,62,41,8,107,73,33,108,10,104,44,117" hai3="32,40,86,128,57,95,25,15,22,14,111,9,85"/><T66/><D120/><U122/><E118/><V2/><F117/><W54/><G32/><T131/><D72/><U129/><E35/><V96/><F127/><W102/><G111/><T121/><D121/><U6/><E122/><V21/><F33/><W19/><G40/><T52/><D131/><U92/><E129/><V28/><F108/><W53/><G128/><T55/><D103/><U132/><E125/><V78/><F96/><N who="3" m="59679" /><G15/><T49/><D68/><U37/><E115/><V116/><F62/><N who="3" m="36143" /><G54/><T42/><D0/><U101/><E37/><V65/><F65/><N who="0" m="24586" /><D4/><AGARI ba="1,0" hai="4,9,14,19,22,25,85,86" m="36143,59679" machi="4" ten="30,2000,0" yaku="8,1,52,1" doraHai="23" who="3" fromWho="0" sc="338,-23,224,0,214,0,224,23" /><INIT seed="1,0,0,3,1,91" ten="315,224,214,247" oya="1" hai0="52,132,97,3,93,9,25,53,118,45,63,51,69" hai1="34,32,130,7,75,57,50,30,109,37,59,92,123" hai2="26,102,107,55,121,31,80,19,68,36,24,62,1" hai3="106,4,54,74,58,90,105,112,131,64,66,110,40"/><U71/><E123/><V10/><F121/><W76/><G76/><T65/><D118/><U114/><E37/><V128/><F36/><W77/><G77/><T99/><D132/><U94/><E114/><V84/><F128/><W82/><G40/><T49/><D25/><U17/><E71/><V83/><F107/><W11/><G112/><T127/><D127/><U42/><E130/><V111/><F102/><W5/><G5/><T89/><D3/><U15/><E75/><V47/><F83/><W100/><G110/><T60/><D9/><U18/><E109/><V79/><F111/><W44/><G44/><T113/><D113/><U13/><E30/><V120/><F120/><W2/><G131/><T39/><D39/><U12/><E7/><V72/><F72/><W22/><G22/><T115/><D115/><U95/><E42/><V67/><F31/><W129/><G129/><T16/><D16/><N who="1" m="6251" /><E50/><V35/><F35/><AGARI ba="0,0" hai="12,13,15,32,34,35,57,59,92,94,95" m="6251" machi="35" ten="40,18000,2" yaku="28,2,52,3,54,1" doraHai="91" who="1" fromWho="2" sc="315,0,224,180,214,-180,247,0" /><INIT seed="1,1,0,2,3,108" ten="315,404,34,247" oya="1" hai0="41,105,79,81,5,57,114,124,70,90,34,123,127" hai1="71,77,38,83,91,68,25,94,18,63,134,24,47" hai2="87,99,110,37,103,20,74,93,72,100,102,39,116" hai3="84,58,78,69,8,97,22,11,107,65,98,119,33"/><U130/><E130/><V82/><F20/><W115/><G33/><T52/><D70/><U129/><E129/><V4/><F4/><W40/><G69/><T3/><D123/><U112/><E112/><V53/><F53/><W95/><G107/><T66/><D66/><U49/><E38/><V16/><F16/><W13/><G40/><T61/><D34/><U10/><E134/><V80/><F39/><W42/><G42/><T43/><D105/><U76/><E68/><V101/><F37/><W19/><G115/><T62/><D90/><U32/><E32/><V6/><F6/><W31/><G119/><T86/><D62/><U135/><E135/><V104/><F116/><W21/><G98/><T2/><D114/><U7/><E63/><V88/><F110/><W1/><G1/><N who="0" m="11" /><D5/><U75/><E76/><V64/><F64/><W92/><G92/><T122/><D122/><U50/><E71/><V89/><F82/><N who="3" m="47191" /><G58/><T96/><D96/><AGARI ba="1,0" hai="72,74,80,87,88,89,93,96,99,100,101,102,103,104" machi="96" ten="40,12000,2" yaku="35,6,54,1" doraHai="108" who="2" fromWho="0" sc="315,-123,404,0,34,123,247,0" /><INIT seed="2,0,0,5,5,98" ten="192,404,157,247" oya="2" hai0="104,92,119,103,124,57,135,120,9,68,55,108,22" hai1="63,66,133,16,20,113,46,27,87,88,60,131,85" hai2="114,50,14,18,45,86,96,41,7,36,126,94,76" hai3="11,54,48,111,69,132,2,38,32,4,31,95,24"/><V71/><F126/><W118/><G69/><T51/><D120/><U35/><E113/><V0/><F114/><W67/><G118/><T110/><D68/><U112/><E112/><V13/><F71/><W78/><G38/><T91/><D124/><U39/><E131/><V74/><F74/><W49/><G67/><T53/><D135/><U65/><E133/><V121/><F121/><W80/><G111/><N who="0" m="42539" /><D119/><U100/><E35/><V130/><F130/><W8/><G132/><T23/><D9/><U25/><E39/><V42/><F0/><W122/><G122/><T117/><D117/><U75/><E75/><V77/><F7/><W5/><G95/><T109/><N who="0" m="42547" /><T33/><DORA hai="102" /><D33/><U116/><E100/><N who="2" m="60439" /><F36/><W37/><G37/><T62/><D91/><U123/><E116/><V89/><F42/><W70/><G70/><T12/><D92/><U129/><E129/><V125/><F125/><W81/><G54/><T19/><D23/><U17/><E20/><N who="2" m="11343" /><F14/><W99/><G32/><T21/><D21/><U52/><E123/><V107/><F107/><W10/><G2/><T106/><D103/><U3/><E3/><V83/><AGARI ba="0,0" hai="41,45,50,76,77,83,86,89" m="11343,60439" machi="83" ten="30,3000,0" yaku="8,1,52,1" doraHai="98,102" who="2" fromWho="2" sc="192,-10,404,-10,157,30,247,-10" /><INIT seed="2,1,0,3,1,40" ten="182,394,187,237" oya="2" hai0="10,55,108,35,56,104,5,97,63,1,21,34,133" hai1="119,84,50,9,124,74,83,71,57,31,65,7,76" hai2="54,92,27,39,135,79,82,28,127,14,30,110,49" hai3="90,86,101,113,75,132,120,115,68,80,122,134,37"/><V11/><F39/><W6/><G6/><T105/><D108/><U62/><E119/><V130/><F130/><W85/><G68/><T69/><D133/><N who="3" m="51305" /><G37/><T126/><D126/><U48/><E124/><V26/><F135/><W88/><G101/><T3/><D1/><U95/><E31/><V25/><F110/><W77/><G75/><T41/><D69/><U46/><E71/><V91/><F127/><W107/><G107/><T118/><D118/><U96/><E46/><N who="2" m="27959" /><F79/><W17/><G17/><T78/><D78/><U102/><E74/><V72/><F72/><W99/><G99/><T12/><D41/><U32/><E32/><V73/><F73/><W18/><G18/><T4/><D21/><U100/><E100/><V58/><F58/><W15/><G15/><AGARI ba="1,0" hai="7,9,15,48,50,57,62,65,76,83,84,95,96,102" machi="15" ten="30,2000,0" yaku="7,1,8,1" doraHai="40" who="1" fromWho="3" sc="182,0,394,23,187,0,237,-23" /><INIT seed="3,0,0,2,2,63" ten="182,417,187,214" oya="3" hai0="2,68,21,66,54,32,9,27,11,77,35,135,58" hai1="104,7,74,12,122,24,115,5,75,57,123,18,98" hai2="45,47,36,64,72,42,6,100,25,15,38,129,84" hai3="1,109,50,34,107,39,120,112,125,88,101,16,126"/><W10/><G39/><T113/><D135/><U43/><E115/><V114/><F114/><W128/><G34/><T23/><D113/><U14/><E43/><V70/><F72/><W96/><G112/><T61/><D77/><U73/><E57/><V83/><F129/><W59/><G120/><T56/><D23/><U22/><E98/><V118/><F118/><W71/><G71/><T94/><D94/><U82/><E82/><V19/><F100/><W4/><G128/><T31/><D68/><U133/><E104/><V29/><F6/><W37/><G37/><T30/><D2/><U26/><E133/><V93/><F93/><W78/><G78/><T121/><D121/><U119/><E119/><V87/><F45/><W13/><G88/><T76/><D76/><U0/><E73/><V49/><F70/><W28/><G28/><T116/><D116/><U105/><E105/><V62/><F38/><W65/><G109/><T130/><D130/><U33/><E33/><V8/><F36/><W67/><G50/><T131/><D131/><U46/><E75/><V124/><F124/><N who="3" m="47723" /><G59/><T117/><D117/><U79/><E79/><V55/><F83/><W3/><G3/><T106/><D106/><U108/><E74/><V86/><F42/><W90/><G90/><T20/><D35/><U91/><E91/><V51/><F51/><W44/><G44/><T102/><D102/><U81/><E46/><V92/><F92/><W132/><G132/><T53/><D32/><U17/><E81/><V41/><F41/><W127/><N who="3" m="47731" /><W134/><DORA hai="103" /><G134/><T110/><D110/><RYUUKYOKU ba="0,0" sc="182,-10,417,-10,187,-10,214,30" hai3="1,4,10,13,16,65,67,96,101,107" /><INIT seed="3,1,0,0,0,82" ten="172,407,177,244" oya="3" hai0="30,117,55,80,133,77,15,5,23,135,4,43,94" hai1="19,105,97,20,78,52,96,111,123,84,66,63,134" hai2="130,26,116,40,21,51,13,39,32,28,101,120,126" hai3="103,0,42,49,106,36,61,76,12,53,110,8,37"/><W132/><G0/><T44/><D117/><U90/><E111/><V83/><F116/><W6/><G132/><N who="0" m="50763" /><D55/><U93/><E123/><V119/><F119/><W74/><G110/><T41/><D94/><U64/><E105/><V11/><F120/><W60/><G103/><T46/><D30/><U88/><E78/><V92/><F130/><W65/><G106/><T24/><D24/><N who="1" m="14367" /><E97/><V16/><F83/><W67/><G76/><T50/><D23/><U125/><E125/><V95/><F39/><W2/><G37/><N who="0" m="21551" /><D15/><U38/><E38/><V59/><F126/><W69/><G12/><T102/><D102/><U68/><E68/><V25/><F101/><W79/><G69/><T109/><D109/><U118/><E118/><V131/><F131/><W91/><G2/><T71/><D71/><U48/><E63/><V22/><F32/><W33/><G60/><T62/><D62/><U54/><E54/><N who="2" m="32223" /><F40/><W108/><G33/><T121/><D121/><U113/><E113/><V27/><F27/><W104/><G42/><T128/><D128/><U99/><E99/><V45/><F45/><W81/><G104/><T98/><D98/><U47/><E134/><V72/><F72/><AGARI ba="1,0" hai="4,5,43,46,50,72,77,80" m="21551,50763" machi="72" ten="30,1000,0" yaku="20,1" doraHai="82" who="0" fromWho="2" sc="172,13,407,0,177,-13,244,0" owari="185,-21.5,407,50.7,164,-33.6,244,4.4" /></mjloggm>