<mjloggm ver="2.3"><GO type="225" lobby="0"/><UN n0="%E5%B8%86%E7%AB%8B%E5%A4%8F%E8%A1%A3" n1="%E3%81%8B%E3%82%8F%E3%81%A1%E3%82%83%E3%82%93%35%38" n2="%E3%83%97%E3%83%AC%E3%83%B4%E3%82%A1%E3%83%86%E3%82%A3" n3="%E3%81%BF%E3%81%BF%E3%81%9A" dan="16,16,16,16" rate="2120.71,2151.41,2059.12,2161.53" sx="M,M,F,M"/><TAIKYOKU oya="0"/><INIT seed="0,0,0,0,5,49" ten="250,250,250,250" oya="0" hai0="12,42,35,114,64,11,29,118,50,111,72,65,34" hai1="37,135,115,100,101,124,4,6,128,10,15,73,18" hai2="116,23,127,38,96,117,80,69,129,54,7,68,95" hai3="74,89,45,19,48,47,71,87,14,110,88,93,58"/><T5/><D114/><U107/><E37/><V108/><F38/><W126/><G71/><T25/><D118/><N who="2" m="45674" /><F108/><W78/><G110/><T9/><D111/><U131/><E73/><V8/><F127/><W103/><G126/><T86/><D72/><U90/><E124/><V52/><F23/><N who="3" m="11767" /><G103/><N who="1" m="39498" /><E107/><V44/><F44/><W134/><G134/><T94/><D35/><U77/><E77/><V55/><F80/><N who="3" m="45143" /><G89/><T16/><D42/><U2/><E135/><V46/><F46/><W121/><G121/><T125/><D125/><U123/><E123/><V56/><F56/><W104/><G104/><T31/><D31/><U33/><E33/><V57/><F57/><W92/><G92/><T91/><REACH who="0" step="1"/><D50/><REACH who="0" ten="240,250,250,250" step="2"/><U83/><E115/><V27/><F129/><W26/><G26/><T84/><D84/><U122/><E122/><V109/><F27/><W43/><G43/><T36/><D36/><U105/><E131/><V32/><F32/><W1/><G1/><AGARI ba="0,1" hai="1,5,9,11,12,16,25,29,34,64,65,86,91,94" machi="1" ten="30,11600,0" yaku="1,1,7,1,54,1,53,1" doraHai="49" doraHaiUra="81" who="0" fromWho="3" sc="240,126,250,0,250,0,250,-116" /><INIT seed="0,1,0,2,2,50" ten="366,250,250,134" oya="0" hai0="45,103,97,26,116,82,120,109,51,115,117,36,81" hai1="94,96,54,65,14,58,128,30,133,91,126,18,92" hai2="22,52,55,112,88,132,32,134,74,118,46,72,48" hai3="98,60,119,113,64,5,6,93,11,106,71,76,21"/><T39/><D115/><U101/><E128/><V70/><F112/><W86/><G113/><T13/><D120/><U87/><E126/><V31/><F32/><W66/><G119/><T107/><D117/><U24/><E133/><N who="2" m="51307" /><F70/><W42/><G42/><T40/><D116/><U23/><E65/><V127/><F118/><W90/><G66/><T102/><D109/><U110/><E110/><V38/><F38/><W8/><G21/><T3/><D3/><U25/><REACH who="1" step="1"/><E30/><REACH who="1" ten="366,240,250,134" step="2"/><V79/><F127/><W77/><G106/><T59/><D107/><U49/><AGARI ba="1,1" hai="14,18,23,24,25,49,54,58,87,91,92,94,96,101" machi="49" ten="20,16000,3" yaku="1,1,2,1,0,1,7,1,25,2,8,1,52,1,53,1" doraHai="50" doraHaiUra="19" who="1" fromWho="1" sc="366,-81,240,173,250,-41,134,-41" /><INIT seed="1,0,0,5,5,92" ten="285,413,209,93" oya="1" hai0="24,95,72,86,21,127,56,80,99,34,85,119,36" hai1="39,66,90,94,4,28,132,6,83,106,124,126,48" hai2="76,78,17,118,97,53,130,30,103,8,79,134,123" hai3="59,26,70,100,0,108,116,32,35,91,63,135,11"/><U60/><E106/><V29/><F123/><W1/><G70/><T51/><D127/><U129/><E39/><V88/><F118/><W102/><G116/><T9/><D119/><U16/><E129/><V2/><F130/><W58/><G91/><T107/><D36/><U3/><E132/><V69/><F69/><W57/><G63/><T87/><D34/><U112/><E112/><V7/><F134/><W71/><G135/><T96/><D9/><U62/><E28/><V133/><F133/><W54/><G71/><T50/><D107/><U33/><E33/><V67/><F67/><W115/><G58/><T42/><D72/><U75/><E48/><N who="0" m="18473" /><D42/><U22/><E83/><V65/><F65/><W23/><G23/><T105/><D105/><U13/><E75/><V122/><F122/><W120/><G11/><T31/><D56/><N who="1" m="37127" /><E62/><V77/><F53/><W114/><G120/><T61/><D61/><U128/><E3/><V109/><F109/><W81/><G108/><T101/><D80/><U89/><E128/><V40/><F40/><W117/><G81/><T44/><D44/><U45/><E45/><V19/><N who="2" m="19456" /><DORA hai="131" /><V5/><F103/><W27/><REACH who="3" step="1"/><G117/><REACH who="3" ten="285,413,209,83" step="2"/><T64/><D64/><U18/><E124/><V38/><F8/><W82/><G82/><T47/><D47/><U73/><E126/><V110/><F110/><W68/><G68/><T84/><N who="0" m="21504" /><DORA hai="52" /><T25/><D25/><N who="1" m="14535" /><E73/><V10/><F10/><W14/><G14/><T15/><D15/><U43/><E90/><V98/><F88/><W49/><G49/><T20/><D20/><N who="1" m="11343" /><E43/><V74/><F38/><RYUUKYOKU ba="0,1" sc="285,10,413,10,209,-30,83,10" hai0="21,24,31,95,96,99,101" hai1="4,6,89,94" hai3="0,1,26,27,32,35,54,57,59,100,102,114,115" /><INIT seed="1,1,1,2,4,15" ten="295,423,179,93" oya="1" hai0="132,40,26,12,63,68,28,72,33,70,93,130,96" hai1="66,54,65,6,133,116,80,126,2,73,128,56,61" hai2="49,16,97,101,20,91,52,87,43,83,35,77,30" hai3="13,31,38,104,1,53,88,113,78,117,108,89,11"/><U121/><E116/><V103/><F43/><W46/><G113/><T34/><D130/><U119/><E119/><V112/><F112/><W125/><G117/><T109/><D109/><U79/><E121/><V37/><F37/><W64/><G104/><T114/><D132/><U82/><E133/><V123/><F123/><W14/><G108/><T10/><D114/><U5/><E126/><V129/><F129/><W51/><G1/><T21/><D72/><U84/><E128/><V120/><F120/><W17/><G125/><T32/><D40/><U71/><E2/><V23/><F35/><W29/><G38/><T58/><D12/><U59/><E71/><V134/><F134/><W75/><G64/><T7/><D10/><U4/><REACH who="1" step="1"/><E59/><REACH who="1" ten="295,413,179,93" step="2"/><N who="2" m="33167" /><F30/><N who="3" m="11275" /><G75/><T99/><D70/><U127/><E127/><V18/><F77/><AGARI ba="1,2" hai="4,5,6,54,56,61,65,66,73,77,79,80,82,84" machi="77" ten="40,7700,0" yaku="1,1,53,2" doraHai="15" doraHaiUra="76" who="1" fromWho="2" sc="295,0,413,100,179,-80,93,0" /><INIT seed="1,2,0,4,5,64" ten="295,513,99,93" oya="1" hai0="33,20,14,95,49,8,134,39,97,65,111,99,57" hai1="37,3,24,27,71,32,96,7,131,38,43,58,130" hai2="119,122,34,86,126,52,125,107,73,104,40,92,9" hai3="22,46,109,23,13,21,113,72,76,16,18,85,47"/><U114/><E96/><V84/><F34/><W50/><G113/><T121/><D33/><U110/><E7/><V68/><F40/><W30/><G109/><T78/><D39/><N who="1" m="14859" /><E3/><V0/><F122/><W44/><G72/><T124/><D111/><U127/><E24/><V118/><F0/><W17/><G30/><T90/><D124/><N who="2" m="47722" /><F9/><W25/><G50/><T94/><D134/><U10/><E27/><V88/><F52/><W132/><G132/><T55/><D121/><U79/><E79/><V62/><F73/><W19/><REACH who="3" step="1"/><G13/><REACH who="3" ten="295,513,99,83" step="2"/><T120/><D120/><U12/><E12/><V98/><F62/><W41/><G41/><T4/><D20/><U36/><E43/><V75/><F75/><W11/><G11/><T42/><D42/><U105/><E10/><V66/><F66/><W80/><AGARI ba="2,1" hai="16,17,18,19,21,22,23,25,44,46,47,76,80,85" machi="80" ten="40,8000,1" yaku="1,1,0,1,8,1,54,1,53,0" doraHai="64" doraHaiUra="6" who="3" fromWho="3" sc="295,-22,513,-42,99,-22,83,96" /><INIT seed="2,0,0,2,0,70" ten="273,471,77,179" oya="2" hai0="52,1,124,66,18,71,116,30,6,61,80,64,36" hai1="134,11,16,131,63,13,82,48,51,125,4,24,128" hai2="15,83,73,99,94,113,87,118,21,97,32,37,135" hai3="132,117,42,40,109,56,76,35,53,101,74,10,7"/><V26/><F113/><W120/><G117/><T126/><D30/><U92/><E125/><N who="0" m="48233" /><D116/><U108/><E108/><V33/><F118/><W95/><G120/><T105/><D105/><U77/><E134/><V84/><F135/><W130/><G35/><T8/><D36/><U104/><E104/><V39/><F15/><W78/><G132/><T44/><D80/><U102/><E63/><V45/><F73/><W115/><G109/><T12/><D66/><U91/><E102/><V119/><F119/><W111/><G130/><N who="1" m="49706" /><E24/><V107/><F107/><W69/><G69/><T121/><D121/><U96/><E4/><V67/><F67/><W43/><G111/><T122/><D122/><U93/><E93/><V46/><F94/><W89/><G101/><T81/><D81/><U60/><E60/><V86/><F83/><W100/><G100/><T59/><D71/><U90/><E90/><V0/><F26/><W58/><G58/><T5/><D1/><U28/><E28/><V79/><F0/><W29/><G29/><T54/><D64/><U65/><E65/><V129/><F129/><W14/><G115/><T57/><D57/><U3/><E3/><V114/><F114/><W31/><G31/><T27/><D27/><U133/><E133/><V75/><F75/><AGARI ba="0,0" hai="11,13,16,48,51,75,77,82,91,92,96" m="49706" machi="75" ten="30,2000,0" yaku="19,1,54,1" doraHai="70" who="1" fromWho="2" sc="273,0,471,20,77,-20,179,0" /><INIT seed="3,0,0,1,1,84" ten="273,491,57,179" oya="3" hai0="61,52,74,112,114,75,95,97,12,14,132,48,126" hai1="60,73,107,43,94,92,108,121,85,9,59,58,50" hai2="16,90,116,70,115,110,111,37,98,28,63,78,86" hai3="82,42,45,76,4,77,32,117,6,1,13,89,68"/><W25/><G117/><T49/><D126/><U123/><E107/><V71/><F116/><W118/><G118/><T130/><D132/><U55/><E73/><N who="0" m="27657" /><D61/><U100/><E121/><V104/><F37/><W106/><G106/><T64/><D64/><U134/><E123/><V79/><F28/><W22/><G68/><T15/><D52/><U10/><E108/><V93/><F63/><W105/><G105/><T2/><D2/><U41/><E134/><V20/><F115/><N who="0" m="44074" /><D130/><U96/><E92/><V129/><F129/><W62/><G1/><T39/><D39/><U133/><E85/><V21/><F104/><W11/><G32/><T131/><D131/><U38/><E133/><V83/><F86/><N who="3" m="50391" /><G4/><T27/><D27/><U26/><E26/><V122/><F122/><W8/><G11/><N who="1" m="4106" /><E38/><V127/><F83/><W56/><G45/><T47/><D47/><U125/><E125/><V87/><F87/><W119/><G42/><T69/><D69/><U99/><E99/><V29/><F127/><W33/><G33/><T35/><D35/><U34/><E34/><V66/><F98/><W113/><G119/><T24/><D24/><U36/><E36/><V3/><F3/><W124/><G113/><T17/><D17/><U65/><AGARI ba="0,0" hai="41,43,50,55,58,59,60,65,94,96,100" m="4106" machi="65" ten="30,1100,0" yaku="8,1" doraHai="84" who="1" fromWho="1" sc="273,-3,491,11,57,-3,179,-5" owari="270,7.0,502,60.2,54,-44.6,174,-22.6" /></mjloggm>