<mjloggm ver="2.3"><GO type="225" lobby="0"/><UN n0="%E3%81%B2%E3%81%AA%E3%81%AE%E3%82%8A%E3%81%8F" n1="%E3%81%86%E3%83%BC%E3%81%B1%E3%83%BC" n2="%E3%81%A9%E3%82%93%E3%82%88%E3%81%8F%4D%6B%2E%32" n3="%E3%81%B6%E3%82%8B%E3%82%8B%E3%81%B6%E3%81%B6" dan="17,16,16,16" rate="2182.25,2208.33,2200.96,2032.36" sx="M,F,M,M"/><TAIKYOKU oya="0"/><INIT seed="0,0,0,1,5,7" ten="250,250,250,250" oya="0" hai0="26,110,12,59,9,130,13,37,3,30,76,52,33" hai1="127,4,25,96,41,2,120,53,35,56,128,86,111" hai2="70,99,85,24,63,69,95,77,38,14,89,81,124" hai3="103,45,87,36,65,54,39,28,78,34,42,16,118"/><T31/><D37/><U109/><E120/><V113/><F113/><W55/><G118/><T21/><D130/><U48/><E128/><V112/><F112/><W105/><G36/><T104/><D104/><U83/><E96/><V80/><F38/><W50/><G105/><T91/><D76/><U46/><E35/><V100/><F124/><W119/><G103/><T129/><D129/><U8/><E25/><V10/><F24/><W101/><G101/><T108/><D33/><U82/><E127/><V60/><F70/><W74/><G74/><T19/><D3/><U126/><E126/><V23/><F23/><W71/><G55/><T123/><D123/><U62/><REACH who="1" step="1"/><E86/><REACH who="1" ten="250,240,250,250" step="2"/><V135/><F135/><W102/><G87/><T107/><D107/><U1/><E1/><V58/><F69/><W18/><G102/><T79/><D13/><U92/><E92/><V121/><F121/><W32/><G34/><T66/><D31/><U64/><E64/><V134/><F134/><W22/><G32/><T125/><D125/><U6/><E6/><V88/><F58/><W98/><G28/><T0/><D0/><U15/><E15/><V90/><F81/><AGARI ba="0,1" hai="2,4,8,41,46,48,53,56,62,81,82,83,109,111" machi="81" ten="40,5200,0" yaku="1,1,52,1,53,1" doraHai="7" doraHaiUra="49" who="1" fromWho="2" sc="250,0,240,62,250,-52,250,0" /><INIT seed="1,0,0,4,2,45" ten="250,302,198,250" oya="1" hai0="52,121,16,82,62,44,114,90,69,89,102,46,95" hai1="70,8,133,128,51,1,6,55,61,103,84,91,108" hai2="87,57,49,3,101,104,77,53,25,20,42,118,98" hai3="94,132,4,126,110,35,125,36,34,130,85,27,86"/><U67/><E128/><V72/><F118/><W39/><G110/><T31/><D114/><U113/><E108/><V135/><F3/><W79/><G130/><T38/><D102/><U5/><E133/><V122/><F122/><W100/><G4/><T92/><D31/><U47/><E113/><V105/><F135/><W111/><G111/><T58/><D69/><U106/><E6/><V60/><F72/><W112/><G112/><T54/><D121/><U119/><E119/><V109/><F109/><W65/><G132/><T10/><D82/><U129/><E129/><V131/><F131/><W14/><G65/><T76/><D76/><U41/><E103/><V9/><F9/><W127/><G14/><N who="0" m="7255" /><D38/><U2/><E106/><V78/><F105/><W96/><G79/><T7/><D54/><U30/><E30/><V88/><F42/><W68/><G68/><T22/><D22/><U37/><E1/><V97/><F97/><W23/><G39/><T43/><D43/><U21/><E21/><V81/><REACH who="2" step="1"/><F60/><REACH who="2" ten="250,302,188,250" step="2"/><W32/><REACH who="3" step="1"/><G36/><REACH who="3" ten="250,302,188,240" step="2"/><T0/><D0/><U99/><E37/><V50/><F50/><W64/><G64/><T19/><D7/><U123/><E123/><V115/><F115/><W66/><G66/><T48/><D62/><U28/><E67/><V107/><F107/><W124/><N who="3" m="31744" /><DORA hai="26" /><W18/><AGARI ba="0,2" hai="18,23,27,32,34,35,85,86,94,96,100" m="31744" machi="18" ten="70,8000,1" yaku="1,1,4,1,0,1,18,1,53,0" doraHai="45,26" doraHaiUra="73,40" who="3" fromWho="3" sc="250,-20,302,-40,188,-20,240,100" /><INIT seed="2,0,0,2,2,86" ten="230,262,168,340" oya="2" hai0="105,15,75,67,47,36,109,80,1,46,73,66,4" hai1="71,130,22,99,118,119,114,121,91,30,117,120,125" hai2="16,37,49,76,133,28,97,25,41,90,5,39,34" hai3="77,78,72,93,101,62,89,10,31,26,29,68,38"/><V128/><F128/><W74/><G38/><T7/><D105/><U135/><E71/><V18/><F5/><W104/><G10/><T8/><D109/><U113/><E130/><V116/><F116/><W59/><G68/><T103/><D103/><U127/><E135/><V123/><F123/><N who="1" m="47177" /><E30/><V96/><F76/><W94/><G101/><T108/><D108/><U124/><E22/><V126/><F133/><W79/><G104/><T12/><D36/><U132/><E132/><V131/><F131/><W122/><G122/><T20/><D20/><U6/><E6/><V83/><F126/><W112/><G112/><N who="1" m="43114" /><E91/><V56/><F97/><AGARI ba="0,0" hai="97,99,117,118,119,124,125,127" m="43114,47177" machi="97" ten="50,12000,2" yaku="28,2,18,1,13,1,34,2" doraHai="86" who="1" fromWho="2" sc="230,0,262,120,168,-120,340,0" /><INIT seed="3,0,0,5,3,54" ten="230,382,48,340" oya="3" hai0="69,23,20,18,10,0,35,17,98,9,71,7,119" hai1="111,100,92,105,32,74,116,49,68,53,121,66,106" hai2="101,31,70,115,6,108,123,110,96,58,122,62,56" hai3="63,30,120,50,26,76,25,24,102,131,112,55,64"/><W21/><G120/><N who="2" m="46121" /><F6/><W48/><G112/><T118/><D98/><U72/><E121/><V81/><F31/><W65/><G131/><T11/><D69/><U13/><E32/><V126/><F70/><W124/><G124/><T78/><D78/><U125/><E125/><V3/><F3/><W89/><G76/><T97/><D97/><U132/><E111/><N who="2" m="42539" /><F81/><W5/><G5/><T88/><D88/><U84/><E116/><V95/><F95/><W99/><G89/><T59/><D71/><U82/><E132/><V14/><F14/><W77/><G77/><T2/><D35/><U91/><E68/><V8/><F8/><W16/><G50/><T44/><D44/><U39/><E39/><V47/><F101/><W40/><G40/><T86/><D86/><U127/><E100/><V107/><F107/><W109/><G109/><T19/><D7/><U128/><E105/><V51/><F96/><W75/><G75/><T85/><D85/><U80/><E106/><V42/><F62/><W41/><G41/><T133/><D133/><U114/><E74/><V87/><F87/><W33/><G63/><T129/><D129/><U4/><E128/><V67/><F126/><W52/><G24/><T36/><D36/><U46/><E127/><V43/><F67/><W29/><G30/><T117/><REACH who="0" step="1"/><D59/><REACH who="0" ten="220,382,48,340" step="2"/><N who="2" m="22570" /><F42/><W38/><G38/><T1/><AGARI ba="0,1" hai="0,1,2,9,10,11,17,18,19,20,23,117,118,119" machi="1" ten="50,32000,5" yakuman="40" doraHai="54" doraHaiUra="130" who="0" fromWho="0" sc="220,330,382,-80,48,-80,340,-160" owari="550,65.0,302,10.2,-32,-53.2,180,-22.0" /></mjloggm>