<mjloggm ver="2.3"><GO type="225" lobby="0"/><UN n0="%E6%98%93%E5%88%A9%E8%96%A9%E4%BC%AF" n1="%43%68%65" n2="%E3%81%AF%E3%82%88%E3%81%8A%E3%81%98%E3%81%95%E3%82%93" n3="%74%61%6B%65%2D%79%6F%75" dan="16,16,16,16" rate="2152.59,2113.44,2112.00,2182.74" sx="F,M,M,M"/><TAIKYOKU oya="0"/><INIT seed="0,0,0,3,1,3" ten="250,250,250,250" oya="0" hai0="14,13,112,122,92,31,75,109,50,107,114,30,7" hai1="61,19,135,24,82,119,69,42,51,44,104,99,5" hai2="125,25,15,88,28,133,131,2,89,91,43,72,126" hai3="33,62,57,17,85,35,129,103,64,65,115,127,101"/><T95/><D107/><U26/><E119/><V102/><F2/><W21/><G115/><N who="0" m="44075" /><D75/><U56/><E69/><V96/><F72/><W41/><G129/><T23/><D50/><U66/><E135/><V45/><F15/><N who="0" m="5642" /><D95/><U84/><E5/><V11/><F11/><W1/><G127/><N who="2" m="48649" /><F131/><W105/><G1/><T79/><D92/><U87/><E87/><V97/><F133/><W18/><G41/><T90/><D90/><N who="2" m="23042" /><V128/><DORA hai="53" /><F102/><W38/><G103/><T0/><D79/><U4/><E4/><V52/><F128/><W9/><G101/><T39/><D39/><U46/><E104/><V93/><F93/><W134/><G38/><T40/><D40/><U10/><E42/><V60/><F43/><W55/><G105/><T22/><D122/><U58/><E10/><V80/><F80/><W117/><G9/><N who="0" m="2279" /><D109/><U47/><E82/><V121/><F121/><W111/><G111/><T130/><D130/><U132/><E132/><V8/><F8/><W81/><G134/><T123/><D123/><U59/><E84/><V34/><F45/><W113/><G81/><T106/><D106/><U108/><E108/><V49/><F49/><W77/><G113/><T63/><D63/><U73/><E73/><V16/><F60/><W54/><G62/><T118/><D118/><U98/><E51/><V12/><F52/><W68/><G54/><T37/><D37/><U86/><E86/><V120/><F120/><W20/><G85/><T83/><D83/><U94/><E94/><V36/><F36/><W6/><G117/><T110/><D110/><U76/><E46/><RYUUKYOKU ba="0,0" sc="250,15,250,-15,250,15,250,-15" hai0="22,23,30,31" hai2="12,16,25,28,34,96,97" /><INIT seed="0,1,0,3,2,113" ten="265,235,265,235" oya="0" hai0="53,34,89,26,77,110,127,43,111,45,67,135,66" hai1="97,116,63,46,25,125,28,69,107,86,80,13,37" hai2="1,123,4,72,58,124,38,132,22,78,94,90,59" hai3="93,87,10,82,118,44,104,14,64,91,74,106,48"/><T50/><D135/><U7/><E125/><V75/><F123/><W84/><G74/><T60/><D127/><U2/><E13/><V47/><F124/><W57/><G64/><T122/><D122/><U105/><E86/><V30/><F132/><W133/><G133/><T61/><D77/><U21/><E80/><N who="2" m="45127" /><F75/><W126/><G126/><T128/><D89/><U92/><E116/><V23/><F58/><W115/><G115/><T32/><D26/><U6/><E6/><V62/><F30/><W35/><G35/><T55/><D128/><U95/><E7/><V11/><F59/><W51/><G57/><N who="0" m="37135" /><D34/><U29/><E29/><V102/><F102/><W71/><G71/><N who="0" m="42479" /><D32/><U31/><E31/><V52/><F52/><AGARI ba="1,0" hai="43,45,50,52,53,55,110,111" m="42479,37135" machi="52" ten="30,5800,0" yaku="34,2,54,1" doraHai="113" who="0" fromWho="2" sc="265,61,235,0,265,-61,235,0" /><INIT seed="0,2,0,2,3,76" ten="326,235,204,235" oya="0" hai0="135,81,28,89,131,17,58,72,82,37,27,39,128" hai1="123,16,1,65,126,53,22,50,67,73,102,115,25" hai2="99,18,46,56,55,134,10,129,110,93,105,11,33" hai3="77,133,23,84,59,4,92,38,104,49,31,97,127"/><T63/><D135/><U130/><E123/><V2/><F33/><W75/><G133/><T85/><D17/><U114/><E1/><V95/><F134/><W79/><G127/><T26/><D39/><U121/><E121/><V34/><F34/><W7/><G38/><T132/><D37/><U103/><E126/><V117/><F105/><W118/><G118/><T90/><D132/><U122/><E122/><V112/><F112/><N who="1" m="43049" /><E73/><V80/><F117/><W20/><G104/><T15/><D15/><U62/><E130/><N who="0" m="49705" /><D28/><U24/><E25/><N who="0" m="9225" /><D72/><U70/><E67/><V83/><F129/><W30/><G75/><T12/><D12/><U68/><E70/><V54/><F110/><W52/><G30/><T21/><D21/><N who="3" m="8265" /><G31/><T35/><D35/><U6/><E6/><N who="3" m="2090" /><G84/><T8/><D8/><N who="2" m="3114" /><F2/><W88/><AGARI ba="2,0" hai="49,52,59,77,79,88,92,97" m="2090,8265" machi="88" ten="30,4000,0" yaku="8,1,54,2" doraHai="76" who="3" fromWho="3" sc="326,-22,235,-12,204,-12,235,46" /><INIT seed="1,0,0,1,2,100" ten="304,223,192,281" oya="1" hai0="39,116,27,55,16,104,14,54,3,8,134,87,85" hai1="10,129,22,40,120,81,61,130,52,113,82,28,94" hai2="80,35,109,64,78,132,97,63,108,117,124,127,126" hai3="77,26,121,79,53,69,88,86,51,95,12,48,62"/><U7/><E113/><V72/><F117/><W4/><G121/><T67/><D104/><U56/><E40/><V111/><F35/><W71/><G26/><T98/><D3/><U110/><E120/><V70/><REACH who="2" step="1"/><F97/><REACH who="2" ten="304,223,182,281" step="2"/><W2/><G71/><T57/><D98/><U65/><E130/><V89/><F89/><W30/><G88/><T107/><D116/><U135/><E129/><V68/><F68/><W93/><G69/><T11/><D134/><AGARI ba="0,1" hai="63,64,70,72,78,80,108,109,111,124,126,127,132,134" machi="134" ten="50,8000,1" yaku="1,1,14,1,18,1,23,2,53,0" doraHai="100" doraHaiUra="42" who="2" fromWho="0" sc="304,-80,223,0,182,90,281,0" /><INIT seed="2,0,0,1,3,2" ten="224,223,272,281" oya="2" hai0="15,92,47,116,5,125,48,25,89,62,69,4,3" hai1="129,53,59,124,78,12,77,43,108,58,87,103,76" hai2="83,79,19,112,110,94,135,104,101,122,10,126,13" hai3="45,123,1,98,32,37,7,52,14,71,39,51,96"/><V109/><F122/><W100/><G123/><T34/><D125/><U127/><E108/><N who="2" m="41579" /><F126/><N who="1" m="48169" /><E129/><V60/><F112/><W93/><G32/><T21/><D34/><U16/><E43/><V107/><F135/><W20/><G71/><T24/><D3/><U95/><E53/><V17/><F17/><W115/><G115/><T70/><D70/><U63/><E63/><V65/><F94/><W61/><G61/><T42/><D116/><U73/><E73/><N who="2" m="43503" /><F101/><W119/><G119/><T67/><D15/><U134/><E134/><V85/><F85/><W75/><G75/><T68/><D25/><U33/><E33/><V86/><F86/><W55/><G55/><T11/><D11/><N who="1" m="6175" /><E103/><V28/><F28/><W102/><G102/><T91/><D68/><AGARI ba="0,0" hai="10,13,19,60,65,68,104,107" m="43503,41579" machi="68" ten="30,2900,0" yaku="14,1,10,1" doraHai="2" who="2" fromWho="0" sc="224,-29,223,0,272,29,281,0" /><INIT seed="2,1,0,3,2,51" ten="195,223,301,281" oya="2" hai0="48,122,107,104,66,25,32,115,37,79,21,73,117" hai1="10,43,75,96,80,15,71,1,110,130,105,44,109" hai2="74,52,119,22,7,82,12,64,91,69,40,89,4" hai3="27,129,100,36,28,2,46,57,106,5,126,67,6"/><V53/><F119/><W14/><G129/><T17/><D115/><U3/><E71/><V101/><F74/><W35/><G126/><T116/><D37/><U131/><E105/><V76/><F69/><W65/><G2/><T77/><D122/><U31/><E96/><V94/><F64/><W16/><G106/><T49/><D32/><U125/><E125/><V135/><F135/><W85/><G100/><T30/><D30/><U93/><E93/><V39/><F39/><W83/><G36/><T60/><D104/><U132/><E132/><V87/><F40/><W18/><G46/><T38/><D107/><U127/><E127/><V29/><F101/><W9/><G18/><T123/><D38/><N who="1" m="21623" /><E31/><V68/><F68/><W61/><REACH who="3" step="1"/><G65/><REACH who="3" ten="195,223,301,271" step="2"/><T121/><D121/><U47/><E47/><V59/><F4/><W55/><G55/><T98/><D123/><U72/><E3/><V13/><F53/><W124/><G124/><T23/><D117/><U26/><E1/><V128/><F128/><W133/><G133/><T97/><D116/><U86/><E131/><V114/><F114/><W113/><G113/><T120/><D120/><U111/><E130/><V0/><F0/><W102/><G102/><T63/><D66/><U50/><E110/><V11/><F29/><W112/><G112/><T8/><D17/><U78/><E111/><V62/><F94/><W33/><G33/><T34/><D34/><U81/><E109/><V45/><F45/><W134/><G134/><T118/><D118/><U58/><E81/><V84/><F82/><W95/><G95/><T41/><D41/><RYUUKYOKU ba="1,1" sc="195,-10,223,-10,301,-10,271,30" hai3="5,6,9,14,16,27,28,35,57,61,67,83,85" /><INIT seed="3,2,1,3,0,107" ten="185,213,291,301" oya="3" hai0="31,127,56,73,6,55,34,74,37,42,80,20,5" hai1="59,3,116,17,92,61,105,21,78,87,8,14,69" hai2="124,50,108,85,98,82,57,103,49,70,88,120,64" hai3="7,4,122,48,25,111,119,41,27,35,26,109,132"/><W75/><G119/><T19/><D127/><U131/><E116/><V117/><F117/><W96/><G122/><T44/><D34/><U93/><E105/><V24/><F70/><W130/><G130/><T128/><D31/><U118/><E69/><V133/><F124/><W18/><G132/><T71/><D71/><U11/><E131/><V95/><F133/><W86/><G75/><T13/><D128/><U84/><E118/><V65/><F120/><W91/><G35/><T38/><D38/><U121/><E121/><V54/><F108/><N who="3" m="41547" /><G96/><T28/><D28/><U45/><E45/><V15/><F24/><W10/><G41/><T129/><D129/><U83/><E3/><V134/><F134/><W0/><G48/><T60/><REACH who="0" step="1"/><D73/><REACH who="0" ten="175,213,291,301" step="2"/><U104/><E104/><V81/><F65/><W53/><G4/><T32/><D32/><U2/><E2/><V94/><F64/><W29/><G29/><T100/><D100/><U72/><E72/><V1/><F103/><W66/><G7/><T68/><D68/><U62/><E62/><V113/><F1/><W90/><G0/><T33/><D33/><U46/><E46/><V36/><F36/><W102/><G102/><T39/><D39/><U126/><E126/><V101/><F101/><W52/><G18/><T123/><D123/><U22/><E61/><V76/><F50/><W23/><G66/><T125/><D125/><U16/><E59/><V58/><F57/><W97/><G26/><T89/><D89/><N who="1" m="53287" /><E93/><V51/><F95/><W79/><G91/><T106/><D106/><U43/><E43/><V110/><F110/><RYUUKYOKU ba="2,2" sc="175,15,213,15,291,-15,301,-15" hai0="5,6,13,19,20,37,42,44,55,56,60,74,80" hai1="8,11,14,16,17,21,22,78,83,87" /><INIT seed="4,3,2,2,3,65" ten="190,228,276,286" oya="0" hai0="87,73,110,40,94,53,55,77,102,61,13,26,131" hai1="124,81,18,72,41,35,101,4,1,112,28,10,9" hai2="116,21,88,19,62,6,130,79,29,48,24,134,43" hai3="52,66,111,71,105,74,0,54,36,109,129,126,83"/><T68/><D131/><U69/><E124/><V90/><F130/><W31/><G129/><T57/><D110/><U33/><E101/><V64/><F134/><W128/><G128/><T89/><D40/><U2/><E41/><V104/><F104/><W86/><G126/><T42/><D42/><U103/><E103/><V7/><F116/><W70/><G36/><T5/><D102/><U46/><E46/><V15/><F79/><W100/><G74/><T115/><D115/><U30/><E69/><V75/><F75/><W99/><G0/><T63/><D26/><U58/><E58/><N who="2" m="36951" /><F29/><N who="1" m="11369" /><E81/><V114/><F114/><W106/><G31/><T118/><D118/><U113/><E72/><V25/><F25/><W45/><G105/><T85/><D73/><U107/><E107/><V44/><F6/><W3/><G3/><T8/><D68/><U37/><E37/><V80/><F80/><W12/><G71/><T67/><REACH who="0" step="1"/><D61/><REACH who="0" ten="180,228,276,286" step="2"/><U133/><E133/><V27/><F24/><W16/><G111/><T51/><D51/><U117/><E117/><V34/><F34/><N who="1" m="12809" /><E2/><V82/><F43/><W38/><G109/><T93/><D93/><U49/><E49/><V121/><F48/><W108/><G108/><T98/><D98/><U11/><E113/><V76/><F27/><W23/><G99/><T17/><D17/><U97/><E112/><V22/><F19/><W20/><G16/><T135/><D135/><U47/><E97/><V56/><F15/><W32/><G12/><T60/><D60/><U39/><E18/><V95/><F95/><W127/><G106/><T122/><D122/><RYUUKYOKU ba="3,3" sc="180,15,228,15,276,-15,286,-15" hai0="5,8,13,53,55,57,63,67,77,85,87,89,94" hai1="1,4,9,10,11,39,47" /><INIT seed="4,4,3,5,5,105" ten="195,243,261,271" oya="0" hai0="28,125,32,119,49,128,13,0,75,90,18,33,1" hai1="59,127,63,92,133,67,94,107,83,117,110,77,21" hai2="56,7,29,17,101,5,88,3,11,60,6,20,27" hai3="48,85,24,39,115,131,53,57,62,122,109,43,132"/><T126/><D119/><U45/><E110/><V95/><F101/><W55/><G109/><T37/><D37/><U113/><E117/><V91/><F91/><W61/><G115/><T106/><D106/><U31/><E107/><V26/><F26/><W35/><G131/><T97/><D75/><U118/><E118/><V9/><F17/><W38/><G132/><T74/><D74/><U73/><E133/><V134/><F3/><N who="0" m="1098" /><D49/><U64/><E113/><V80/><F80/><W41/><G85/><T52/><D52/><U89/><E45/><V116/><F134/><W65/><G35/><N who="0" m="13387" /><D97/><U19/><E31/><V2/><F2/><W78/><G78/><T104/><D90/><U87/><E127/><N who="0" m="48649" /><D104/><U25/><E67/><N who="2" m="39303" /><F116/><W71/><G65/><T84/><D84/><AGARI ba="4,3" hai="5,6,7,9,11,20,27,29,84,88,95" m="39303" machi="84" ten="30,2000,0" yaku="8,1,54,1" doraHai="105" who="2" fromWho="0" sc="195,-32,243,0,261,62,271,0" owari="163,-33.7,243,-15.7,323,42.3,271,7.1" /></mjloggm>