<mjloggm ver="2.3"><GO type="225" lobby="0"/><UN n0="%E7%AD%89%E3%80%85%E5%8A%9B%E5%8A%87%E5%A0%B4" n1="%54%4F%52" n2="%E5%84%AA%40%41%42%43" n3="%E3%81%B2%E3%81%AA%E3%81%AE%E3%82%8A%E3%81%8F" dan="16,17,18,17" rate="2164.43,2227.97,2216.69,2191.74" sx="M,M,M,M"/><TAIKYOKU oya="0"/><INIT seed="0,0,0,4,4,30" ten="250,250,250,250" oya="0" hai0="47,71,61,125,92,65,51,73,106,90,44,64,49" hai1="5,18,36,21,6,38,127,134,80,101,0,108,40" hai2="115,105,55,13,4,2,11,88,118,17,37,107,50" hai3="130,66,14,9,22,34,31,103,42,91,98,81,16"/><T20/><D106/><U86/><E108/><V74/><F115/><W95/><G130/><T70/><D73/><U58/><E134/><V56/><F37/><W129/><G129/><T85/><D125/><U35/><E127/><V104/><F74/><W135/><G135/><T32/><D32/><U46/><E36/><V24/><F118/><W79/><G42/><T123/><D123/><U10/><E6/><V132/><F132/><W112/><G112/><T54/><D20/><U121/><E121/><V1/><F24/><W28/><G34/><T83/><D65/><U15/><E101/><V116/><F116/><W111/><G111/><T100/><D71/><U122/><E122/><V12/><REACH who="2" step="1"/><F88/><REACH who="2" ten="250,250,240,250" step="2"/><W53/><G66/><T113/><D113/><U19/><E38/><V99/><F99/><W8/><G53/><T29/><D90/><U26/><E86/><V94/><F94/><W72/><REACH who="3" step="1"/><G91/><REACH who="3" ten="250,250,240,240" step="2"/><T128/><D54/><U59/><E40/><V120/><F120/><W7/><G7/><T76/><D64/><U93/><E5/><V117/><F117/><W119/><G119/><T57/><D128/><U41/><E41/><V33/><F33/><W87/><G87/><T48/><D85/><U110/><E35/><V60/><F60/><W97/><G97/><T69/><D61/><U67/><E110/><V78/><F78/><W63/><G63/><T3/><D76/><U114/><E114/><V82/><F82/><W43/><G43/><T131/><D83/><U109/><E80/><V68/><F68/><W27/><G27/><T84/><D131/><U124/><E109/><RYUUKYOKU ba="0,2" sc="250,-15,250,-15,240,15,240,15" hai2="1,2,4,11,12,13,17,50,55,56,104,105,107" hai3="8,9,14,16,22,28,31,72,79,81,95,98,103" /><INIT seed="1,1,2,3,2,78" ten="235,235,255,255" oya="1" hai0="105,106,52,7,84,101,95,83,13,19,1,87,98" hai1="123,85,39,117,26,74,58,44,5,48,8,45,131" hai2="25,99,30,47,34,130,27,73,132,82,33,96,116" hai3="55,129,66,29,10,38,22,17,127,6,108,56,40"/><U124/><E117/><V65/><F116/><W4/><G29/><T2/><D87/><U35/><E123/><V104/><F132/><W32/><G32/><T31/><D31/><U15/><E74/><V109/><F109/><W76/><G108/><T103/><D7/><U88/><E131/><V125/><F130/><W54/><G66/><T11/><D52/><U64/><E124/><V81/><F125/><W72/><G6/><T43/><D43/><U77/><E77/><V97/><F104/><W37/><G37/><T61/><D61/><U16/><E39/><V120/><F120/><W121/><G121/><T57/><D57/><U113/><E113/><V91/><F65/><W79/><G129/><T107/><REACH who="0" step="1"/><D103/><REACH who="0" ten="225,235,255,255" step="2"/><U41/><E45/><V42/><F30/><W36/><G55/><T59/><D59/><U21/><E35/><V92/><F34/><W118/><G40/><T80/><D80/><N who="2" m="30826" /><F33/><W102/><G102/><T115/><D115/><U12/><E64/><V135/><F73/><W126/><G72/><T60/><D60/><U9/><E58/><V0/><F135/><W46/><G56/><T93/><D93/><N who="1" m="54415" /><E5/><V114/><F114/><W134/><G4/><T20/><D20/><U3/><E3/><V50/><F0/><W71/><G22/><T70/><D70/><U23/><E23/><V133/><F133/><W128/><G71/><T122/><D122/><U63/><E63/><V18/><F18/><W112/><G17/><T119/><D119/><U49/><E49/><V86/><AGARI ba="1,3" hai="25,27,42,47,50,86,91,92,96,97,99" m="30826" machi="86" ten="30,7900,0" yaku="8,1,52,3" doraHai="78" who="2" fromWho="2" sc="225,-21,235,-40,255,112,255,-21" /><INIT seed="2,0,0,5,1,95" ten="204,195,367,234" oya="2" hai0="14,4,114,36,134,55,122,39,38,112,69,28,76" hai1="126,115,87,56,72,52,61,8,59,31,81,108,2" hai2="127,30,41,99,35,1,119,37,26,20,110,96,111" hai3="66,92,71,65,10,78,3,62,117,70,44,132,93"/><V32/><F1/><W98/><G117/><T105/><D122/><U86/><E115/><V11/><F119/><W63/><G132/><T67/><D105/><U49/><E108/><N who="2" m="41515" /><F127/><W68/><G78/><T27/><D134/><U124/><E31/><V129/><F129/><W19/><G44/><T100/><D76/><U133/><E133/><V12/><F41/><W15/><G3/><T25/><D25/><U73/><E2/><V118/><F37/><W84/><G84/><T50/><D67/><U64/><E8/><V34/><F118/><W51/><G51/><T97/><D69/><U16/><E87/><V88/><F88/><W79/><G79/><T103/><D103/><U102/><E102/><V7/><AGARI ba="0,0" hai="7,11,12,20,26,30,32,34,35,96,99" m="41515" machi="7" ten="40,12000,1" yaku="14,1,10,1,52,2" doraHai="95" who="2" fromWho="2" sc="204,-40,195,-40,367,120,234,-40" /><INIT seed="2,1,0,2,2,38" ten="164,155,487,194" oya="2" hai0="44,132,63,88,60,43,56,71,51,7,122,5,109" hai1="106,15,80,3,11,101,127,67,27,18,125,4,33" hai2="8,89,93,14,123,121,117,58,17,62,100,22,110" hai3="59,83,97,6,69,105,52,65,48,12,103,30,25"/><V20/><F117/><W130/><G130/><T126/><D122/><U86/><E67/><V9/><F110/><W72/><G72/><T75/><D75/><U70/><E70/><V40/><F123/><W36/><G36/><T53/><D132/><U90/><E101/><V95/><F121/><W94/><G83/><T108/><D126/><U107/><E107/><V99/><F22/><W68/><G65/><T1/><D71/><U77/><E106/><V102/><F40/><W21/><REACH who="3" step="1"/><G105/><REACH who="3" ten="164,155,487,184" step="2"/><T128/><D128/><U54/><E125/><V114/><F114/><W74/><G74/><T19/><D109/><U64/><E127/><V78/><F78/><W45/><G45/><T133/><D44/><U35/><E64/><N who="2" m="38999" /><F102/><W66/><G66/><T29/><D108/><U10/><E77/><V116/><F116/><W0/><G0/><T79/><D1/><U55/><E55/><V2/><F2/><W98/><G98/><AGARI ba="1,1" hai="8,9,14,17,20,89,93,95,98,99,100" m="38999" machi="98" ten="30,1500,0" yaku="8,1" doraHai="38" who="2" fromWho="3" sc="164,0,155,0,487,28,184,-18" /><INIT seed="2,2,0,5,5,113" ten="164,155,515,166" oya="2" hai0="41,57,6,23,0,89,63,105,51,70,130,102,121" hai1="36,132,11,110,129,31,99,66,58,98,10,90,74" hai2="27,67,96,92,35,2,72,107,95,117,127,7,124" hai3="5,135,119,39,94,46,14,25,82,28,60,86,32"/><V59/><F72/><W112/><G112/><T75/><D75/><U40/><E74/><V44/><F44/><W17/><G135/><T37/><D37/><U101/><E132/><V49/><F107/><W122/><G122/><T114/><D70/><U48/><E36/><V78/><F78/><W47/><G5/><T97/><D114/><U33/><E110/><V22/><F35/><W108/><G108/><T24/><D121/><U109/><E109/><V30/><F7/><W43/><G47/><T38/><D38/><U91/><E129/><V12/><F2/><W64/><G94/><T125/><D125/><N who="2" m="48202" /><F95/><W16/><G119/><T3/><D130/><U111/><E111/><V29/><F12/><W61/><G14/><T100/><D3/><U123/><E33/><V54/><F67/><W69/><REACH who="3" step="1"/><G60/><REACH who="3" ten="164,155,515,156" step="2"/><T88/><D63/><U103/><E123/><V13/><F13/><W134/><G134/><T81/><D6/><U50/><E40/><V1/><F1/><W71/><G71/><T80/><D0/><U18/><E11/><V65/><F30/><W9/><G9/><T53/><D41/><U19/><E31/><V55/><F117/><W34/><G34/><T26/><D105/><U115/><E10/><V126/><F126/><W68/><G68/><T52/><D23/><U116/><E115/><V84/><F92/><W76/><AGARI ba="2,1" hai="16,17,25,28,32,39,43,46,61,64,69,76,82,86" machi="76" ten="20,8000,1" yaku="1,1,0,1,7,1,54,1,53,1" doraHai="113" doraHaiUra="73" who="3" fromWho="3" sc="164,-22,155,-22,515,-42,156,96" /><INIT seed="3,0,0,2,5,65" ten="142,133,473,252" oya="3" hai0="55,111,100,26,99,20,124,76,40,27,134,25,120" hai1="1,17,74,83,78,12,46,85,44,89,8,68,43" hai2="117,118,7,126,123,116,84,105,33,10,61,66,15" hai3="16,39,88,13,73,67,31,119,108,62,95,59,6"/><W21/><G119/><T82/><D120/><U2/><E68/><V109/><F109/><W48/><G39/><T63/><D134/><U127/><E127/><V107/><F33/><W102/><G73/><T90/><D124/><U19/><E19/><V92/><F126/><W34/><G102/><T103/><D111/><U54/><E54/><V77/><F123/><W64/><G6/><T91/><D40/><U115/><E115/><V36/><F36/><W71/><G67/><T110/><D110/><U98/><E98/><V3/><F3/><W49/><G59/><N who="0" m="35327" /><D20/><U121/><E121/><V14/><F14/><W51/><G108/><T112/><D112/><U86/><E46/><V128/><F128/><W4/><G4/><T132/><D132/><U75/><E75/><V129/><F129/><W41/><G41/><T0/><D0/><U28/><E28/><V22/><F22/><W56/><G56/><T60/><D60/><U96/><E96/><V30/><F30/><W18/><G18/><T58/><D58/><U52/><E52/><V101/><F77/><W37/><G37/><T45/><D45/><U42/><E42/><V50/><F84/><W80/><G80/><T53/><D53/><U133/><E133/><V47/><F92/><W131/><G131/><T97/><D97/><U23/><E23/><V87/><F101/><N who="0" m="38986" /><D99/><U81/><E74/><V125/><F125/><W104/><G104/><T70/><D70/><U29/><E29/><V94/><F94/><W72/><G71/><T32/><D32/><U38/><AGARI ba="0,0" hai="1,2,8,12,17,38,43,44,78,81,83,85,86,89" machi="38" ten="20,1500,0" yaku="0,1,7,1" doraHai="65" who="1" fromWho="1" sc="142,-4,133,15,473,-4,252,-7" owari="138,-36.2,148,-25.2,469,56.9,245,4.5" /></mjloggm>