<mjloggm ver="2.3"><GO type="225" lobby="0"/><UN n0="%E7%89%B9%E6%9D%B1%E5%96%B0%E8%B5%A4%E9%80%9F" n1="%E7%B4%94%E6%BD%94%E3%83%94%E3%83%A9%E3%83%8B%E3%82%A2" n2="%E3%83%A9%E3%82%A4%E3%83%B3%E3%81%AE%E8%99%8E" n3="%6D%75%75%73%61%6E%6D%75" dan="16,17,16,17" rate="2065.76,2179.68,2110.40,2161.83" sx="M,M,M,F"/><TAIKYOKU oya="0"/><INIT seed="0,0,0,0,4,61" ten="250,250,250,250" oya="0" hai0="55,74,93,89,97,47,108,5,0,10,79,13,14" hai1="102,69,99,101,66,100,56,16,115,26,53,72,119" hai2="84,105,96,77,103,71,86,15,22,28,48,9,60" hai3="36,51,42,19,41,57,2,52,29,23,65,98,63"/><T46/><D108/><U7/><E72/><V12/><F48/><W129/><G2/><T8/><D55/><U118/><E7/><V62/><F62/><W121/><G121/><T122/><D122/><U110/><E110/><V83/><F84/><W39/><G129/><T21/><D0/><U111/><E111/><V94/><F105/><W31/><G36/><T64/><D21/><U106/><E115/><V76/><F76/><W40/><G98/><T109/><D109/><U90/><E69/><V87/><F87/><W125/><G125/><T104/><D104/><U133/><E133/><V135/><F135/><W134/><G39/><T37/><D37/><U70/><E70/><V116/><F116/><W38/><G38/><T33/><D33/><U107/><E107/><V80/><F80/><W27/><REACH who="3" step="1"/><G134/><REACH who="3" ten="250,250,250,240" step="2"/><T44/><D74/><U20/><E119/><V32/><F96/><W67/><G67/><T81/><D64/><U25/><E118/><V3/><F3/><W78/><G78/><T54/><D79/><U75/><E66/><V82/><F77/><W24/><G24/><N who="1" m="9322" /><E75/><V17/><F86/><W43/><N who="3" m="10240" /><DORA hai="6" /><W127/><G127/><T59/><D97/><U92/><E106/><V126/><F126/><W95/><G95/><T114/><D93/><U132/><E132/><V124/><F94/><W58/><AGARI ba="0,1" hai="19,23,27,29,31,51,52,57,58,63,65" m="10240" machi="58" ten="40,8000,1" yaku="1,1,0,1,8,1,52,1,54,1,53,0" doraHai="61,6" doraHaiUra="85,123" who="3" fromWho="3" sc="250,-40,250,-20,250,-20,240,90" /><INIT seed="1,0,0,4,2,121" ten="210,230,230,330" oya="1" hai0="107,116,62,25,98,65,114,104,69,80,51,31,20" hai1="72,119,91,36,110,103,26,132,0,122,105,6,73" hai2="90,89,1,38,127,83,22,67,118,15,131,71,113" hai3="19,54,58,7,130,17,129,88,21,126,44,82,81"/><U125/><RYUUKYOKU type="yao9" ba="0,0" sc="210,0,230,0,230,0,330,0" hai1="0,6,26,36,72,73,91,103,105,110,119,122,125,132" /><INIT seed="1,1,0,3,3,108" ten="210,230,230,330" oya="1" hai0="47,64,86,113,80,49,20,84,94,32,9,121,56" hai1="11,52,36,42,116,37,98,126,61,5,27,65,59" hai2="53,72,81,101,123,50,125,43,77,117,33,124,25" hai3="29,2,66,99,48,55,24,79,28,122,134,68,70"/><U60/><E116/><V15/><F117/><W132/><G122/><T10/><D32/><U76/><E126/><N who="2" m="48747" /><F123/><W45/><G2/><T38/><D121/><U71/><E76/><V26/><F33/><W73/><G99/><T69/><D69/><U1/><E42/><V46/><F101/><W119/><G119/><T51/><D38/><U7/><E7/><V103/><F103/><W112/><G112/><T8/><D20/><U130/><E130/><V12/><F53/><W102/><G102/><T104/><D104/><U118/><E118/><V85/><F72/><W89/><G89/><N who="0" m="53543" /><D113/><U57/><E98/><V96/><F96/><W67/><G70/><T54/><D64/><N who="3" m="24617" /><G68/><T6/><D6/><U16/><REACH who="1" step="1"/><E71/><REACH who="1" ten="210,220,230,330" step="2"/><V44/><F43/><W39/><G79/><N who="0" m="46367" /><D9/><U17/><E17/><V131/><F131/><W40/><G40/><AGARI ba="1,1" hai="8,10,40,47,49,51,54,56" m="46367,53543" machi="40" ten="30,1000,0" yaku="8,1" doraHai="108" who="0" fromWho="3" sc="210,23,220,0,230,0,330,-13" /><INIT seed="2,0,0,4,3,54" ten="233,220,230,317" oya="2" hai0="33,88,58,59,114,52,89,40,78,107,49,129,112" hai1="86,67,134,61,16,106,98,5,109,34,72,94,56" hai2="118,102,50,28,57,99,30,22,127,74,83,11,113" hai3="9,92,66,82,60,75,123,65,87,10,37,111,7"/><V101/><F113/><W117/><G123/><T128/><D107/><U108/><E72/><V3/><F118/><W32/><G117/><T80/><D33/><U115/><E34/><V93/><F127/><W69/><G32/><T105/><D105/><U0/><E115/><V97/><F22/><W45/><G111/><N who="1" m="42570" /><E134/><V121/><F121/><W79/><G66/><T14/><D40/><U2/><E5/><V135/><F135/><W41/><G7/><T19/><D112/><U17/><E86/><V70/><F70/><W18/><G18/><N who="1" m="7274" /><E106/><V12/><F3/><W62/><G75/><N who="0" m="43103" /><D19/><U35/><E35/><V8/><F74/><W119/><G119/><T39/><D14/><U15/><E15/><V120/><F120/><W6/><G6/><T84/><D84/><U47/><E47/><V43/><F12/><W104/><G45/><T36/><D114/><U124/><E124/><V96/><F96/><W38/><G87/><T90/><D59/><U51/><E51/><V91/><F57/><W133/><G104/><T116/><D116/><U13/><E13/><V125/><F125/><W73/><G133/><T132/><D132/><U26/><E26/><V77/><F8/><W24/><G10/><T81/><D81/><U76/><E76/><V64/><F11/><W42/><G79/><T46/><D46/><U68/><E68/><V63/><F77/><W29/><G69/><T20/><D20/><U48/><E48/><V27/><F27/><W21/><G24/><T100/><D36/><U1/><E2/><V103/><F83/><W131/><G82/><T122/><D39/><RYUUKYOKU ba="0,0" sc="233,-10,220,30,230,-10,317,-10" hai1="0,1,56,61,67,94,98" /><INIT seed="3,1,0,1,1,4" ten="223,250,220,307" oya="3" hai0="80,12,62,58,22,54,76,115,120,93,85,46,57" hai1="28,129,74,5,131,41,71,15,26,16,69,18,21" hai2="113,78,13,102,72,105,11,60,116,45,61,55,95" hai3="33,47,23,0,17,82,127,111,133,117,36,104,56"/><W42/><G33/><T107/><D120/><U109/><E74/><V110/><F113/><W106/><G117/><T119/><D107/><U53/><E41/><V44/><F116/><W132/><G0/><T134/><D119/><U128/><E109/><V49/><F105/><W63/><G82/><T2/><D2/><U39/><E39/><V25/><F110/><W40/><G40/><T59/><D134/><N who="3" m="51817" /><G127/><T135/><D135/><U9/><E53/><V1/><F1/><W29/><G29/><T38/><D38/><U103/><E103/><V6/><F25/><N who="3" m="14575" /><G111/><T3/><D3/><U101/><E101/><V99/><REACH who="2" step="1"/><F45/><REACH who="2" ten="223,250,210,307" step="2"/><W87/><G106/><T122/><D122/><U34/><E34/><V130/><F130/><W124/><G104/><T98/><D46/><U8/><E28/><V91/><F91/><W67/><G124/><T52/><D115/><U126/><E126/><V20/><F20/><W96/><G47/><T24/><D12/><AGARI ba="1,1" hai="5,8,9,12,15,16,18,21,26,69,71,128,129,131" machi="12" ten="40,8000,1" yaku="19,1,52,2,54,1" doraHai="4" who="1" fromWho="0" sc="223,-83,250,93,210,0,307,0" owari="140,-36.0,343,44.3,210,-19.0,307,10.7" /></mjloggm>