<mjloggm ver="2.3"><GO type="225" lobby="0"/><UN n0="%4C%4F%4C%49%54%41" n1="%E6%81%A5%E6%99%92%E3%81%97" n2="%E3%83%81%E3%83%AF%E3%83%AF%E9%9A%8A%E9%95%B7" n3="%E5%82%8D%E8%8B%A5%E7%84%A1%E4%BA%BA%35%31" dan="16,16,17,16" rate="2167.44,2116.49,2137.74,2135.57" sx="F,M,M,M"/><TAIKYOKU oya="0"/><INIT seed="0,0,0,4,4,4" ten="250,250,250,250" oya="0" hai0="81,25,135,47,48,56,27,19,112,64,8,111,52" hai1="35,45,49,70,68,117,108,128,106,33,14,122,121" hai2="29,58,13,1,50,88,129,3,0,100,105,61,84" hai3="41,79,131,11,116,22,38,78,130,55,5,132,66"/><T110/><D112/><U98/><E117/><V76/><F129/><N who="3" m="49163" /><G116/><T80/><D135/><U95/><E128/><V125/><F125/><W113/><G113/><T91/><D64/><U99/><E106/><V92/><F29/><W17/><G132/><T114/><D114/><U54/><E108/><N who="0" m="41513" /><D56/><U102/><E70/><V124/><F124/><W10/><G66/><T37/><D37/><U28/><E68/><V71/><F76/><N who="3" m="29227" /><G5/><T7/><D19/><U44/><E35/><V86/><F71/><W15/><G55/><T6/><D6/><U74/><E74/><V115/><F115/><W32/><G32/><T20/><D20/><U67/><E67/><V63/><F58/><W59/><G59/><T53/><D53/><U31/><E33/><V2/><F63/><W40/><G40/><T62/><D62/><U69/><E69/><V34/><F61/><W82/><G82/><N who="0" m="31851" /><D91/><N who="1" m="55679" /><E54/><V104/><F34/><W123/><G123/><T73/><D73/><U107/><E121/><V87/><F50/><W42/><G42/><T83/><N who="0" m="31859" /><T36/><DORA hai="127" /><D36/><U23/><E122/><V94/><F0/><AGARI ba="0,0" hai="0,7,8,25,27,47,48,52" m="31859,41513" machi="0" ten="40,12000,1" yaku="14,1,10,1,52,1,54,1" doraHai="4,127" who="0" fromWho="2" sc="250,120,250,0,250,-120,250,0" /><INIT seed="0,1,0,5,0,60" ten="370,250,130,250" oya="0" hai0="22,34,39,57,58,42,120,129,127,101,67,133,73" hai1="17,5,82,31,95,65,3,132,11,63,36,86,125" hai2="128,23,107,115,59,104,99,10,47,91,96,93,49" hai3="12,69,117,45,0,103,77,46,18,92,20,33,74"/><T75/><D34/><U50/><E125/><V41/><F115/><W94/><G117/><T28/><D120/><U113/><E132/><V83/><F128/><W68/><G0/><T54/><D101/><U64/><E113/><V124/><F124/><W114/><G33/><T37/><D127/><U130/><E36/><V81/><F10/><W4/><G4/><T87/><D42/><U122/><E122/><V84/><F83/><W116/><G77/><T25/><D129/><U43/><E130/><V51/><F96/><W72/><G103/><T13/><D133/><U32/><E95/><V44/><F59/><W79/><G79/><T56/><D54/><U35/><E17/><V131/><F131/><W109/><G116/><T121/><D121/><U111/><E111/><V126/><F126/><W89/><G109/><T8/><D87/><U90/><E63/><V55/><REACH who="2" step="1"/><F23/><REACH who="2" ten="370,250,120,250" step="2"/><W48/><G20/><T105/><D58/><U108/><E108/><V62/><F62/><W40/><G114/><T27/><D22/><U30/><E35/><V110/><F110/><W102/><G69/><T38/><D57/><U16/><E32/><V29/><F29/><W118/><G68/><T80/><D56/><U6/><E6/><V98/><F98/><W100/><G118/><T112/><D28/><U19/><E30/><V66/><F66/><N who="1" m="25705" /><E31/><V24/><F24/><W26/><G26/><T1/><D25/><U135/><E135/><V76/><AGARI ba="1,1" hai="41,44,47,49,51,55,76,81,84,91,93,99,104,107" machi="76" ten="20,2700,0" yaku="1,1,0,1,7,1,53,0" doraHai="60" doraHaiUra="61" who="2" fromWho="2" sc="370,-14,250,-8,120,40,250,-8" /><INIT seed="1,0,0,2,1,114" ten="356,242,160,242" oya="1" hai0="95,86,31,59,79,77,16,44,129,38,87,4,93" hai1="105,81,111,135,102,9,36,73,48,97,121,12,28" hai2="5,70,96,58,18,21,43,23,76,82,113,55,20" hai3="29,119,91,124,118,106,64,54,19,35,41,120,83"/><U47/><E121/><V104/><F70/><W33/><G120/><T122/><D122/><U52/><E135/><V8/><F113/><W84/><G106/><T109/><D109/><U56/><E111/><V117/><F117/><N who="3" m="44555" /><G124/><T101/><D4/><U1/><E28/><V78/><F43/><W133/><G133/><T0/><D0/><U75/><E1/><V134/><F134/><W132/><G132/><T131/><D31/><U100/><E100/><V13/><F104/><W42/><G64/><T103/><D59/><U53/><E81/><V98/><F5/><W61/><G19/><T51/><D16/><U110/><E110/><V127/><F127/><W63/><G29/><T115/><D115/><U80/><E80/><V17/><F17/><W46/><G42/><T72/><D129/><U99/><E99/><V123/><F123/><W125/><G125/><T3/><D131/><U7/><E36/><V10/><F10/><W69/><G54/><T2/><D38/><U45/><E45/><V94/><F76/><W66/><G63/><AGARI ba="0,0" hai="7,9,12,47,48,52,53,56,63,73,75,97,102,105" machi="63" ten="30,2900,0" yaku="7,1,54,1" doraHai="114" who="1" fromWho="3" sc="356,0,242,29,160,0,242,-29" /><INIT seed="1,1,0,5,4,5" ten="356,271,160,213" oya="1" hai0="98,88,19,121,102,59,18,37,66,120,39,62,95" hai1="84,93,12,69,33,0,54,46,76,3,110,81,74" hai2="28,135,97,51,48,90,125,107,73,24,43,89,129" hai3="8,45,131,21,25,6,40,116,109,105,114,64,75"/><U130/><E33/><V2/><F73/><W79/><G109/><T123/><REACH who="0" step="1"/><D102/><REACH who="0" ten="346,271,160,213" step="2"/><U132/><E110/><V65/><F125/><W56/><G114/><T126/><D126/><U53/><E0/><V115/><F2/><W86/><G116/><T104/><D104/><U29/><E3/><V134/><F107/><W31/><G105/><T128/><D128/><U50/><E130/><V72/><F129/><W42/><G131/><T44/><D44/><U67/><E46/><V111/><F115/><W108/><G108/><T15/><D15/><U119/><E12/><V22/><F111/><W55/><G75/><T112/><D112/><U127/><E74/><V101/><F72/><W61/><G45/><T71/><D71/><U11/><E127/><V23/><F135/><W60/><G42/><T113/><D113/><U49/><E132/><V14/><F134/><W118/><G40/><T99/><D99/><U41/><E41/><V91/><F43/><W7/><G118/><T38/><AGARI ba="1,1" hai="18,19,37,38,39,59,62,66,88,95,98,120,121,123" machi="38" ten="40,8000,1" yaku="21,2,0,1,13,1,54,1,53,0" doraHai="5" doraHaiUra="78" who="0" fromWho="0" sc="346,93,271,-41,160,-21,213,-21" /><INIT seed="2,0,0,5,4,72" ten="439,230,139,192" oya="2" hai0="21,133,117,33,69,131,60,116,43,107,88,9,97" hai1="102,28,111,70,114,30,61,4,53,93,68,24,103" hai2="39,22,25,89,41,10,80,26,66,8,19,63,128" hai3="49,15,85,67,84,98,44,31,37,5,109,27,96"/><V78/><F128/><W125/><G109/><T2/><D33/><U51/><E111/><V106/><F106/><W129/><G37/><T105/><D133/><U38/><E114/><V90/><F25/><W99/><G67/><T73/><D73/><U83/><E38/><V75/><F41/><W130/><G125/><T40/><D131/><N who="3" m="50185" /><G15/><T42/><D21/><U77/><E4/><V12/><F39/><W16/><G5/><N who="0" m="1207" /><D88/><U32/><E30/><V121/><F121/><W71/><G71/><T134/><D97/><N who="3" m="24833" /><W124/><DORA hai="62" /><G124/><T74/><D134/><U59/><E93/><V46/><F46/><W91/><G91/><T87/><D69/><U135/><E135/><V123/><F123/><W86/><G31/><T104/><D104/><U79/><E70/><V18/><REACH who="2" step="1"/><F8/><REACH who="2" ten="439,230,129,192" step="2"/><W108/><G108/><T35/><D107/><U14/><E24/><V52/><F52/><N who="3" m="29735" /><G27/><T0/><D105/><U132/><E132/><V13/><F13/><W126/><G126/><T3/><D0/><U54/><E14/><V56/><AGARI ba="0,1" hai="10,12,18,19,22,26,56,63,66,75,78,80,89,90" machi="56" ten="20,12000,1" yaku="1,1,0,1,7,1,52,2,53,0" doraHai="72,62" doraHaiUra="100,29" who="2" fromWho="2" sc="439,-40,230,-40,129,130,192,-40" /><INIT seed="2,1,0,2,3,121" ten="399,190,259,152" oya="2" hai0="101,59,42,16,47,0,6,33,77,66,1,97,80" hai1="118,92,23,39,21,35,12,44,122,134,99,41,40" hai2="9,36,93,86,62,90,67,54,56,111,96,120,106" hai3="58,50,81,14,100,32,48,116,123,22,17,65,3"/><V109/><F120/><W38/><G3/><T57/><D33/><U30/><E122/><V110/><F36/><W45/><G32/><T69/><D69/><U55/><E134/><V72/><F72/><W8/><G116/><T34/><D34/><U129/><E129/><V5/><F67/><W15/><G123/><T2/><D66/><U94/><E118/><V68/><F68/><W20/><G38/><T112/><D16/><N who="1" m="10375" /><E39/><V37/><F37/><W49/><G100/><T89/><D6/><U131/><E131/><V76/><F76/><W85/><G58/><T117/><D89/><U105/><E105/><V88/><F106/><W60/><G60/><T78/><D57/><U73/><E73/><V61/><F61/><W113/><G65/><T63/><D80/><U127/><E127/><V74/><F74/><W103/><G103/><T91/><D91/><N who="1" m="55711" /><E94/><V70/><F70/><W31/><G113/><T26/><D26/><N who="1" m="16735" /><E35/><V19/><F19/><W29/><G45/><T128/><D112/><U43/><E43/><V84/><F90/><N who="3" m="51503" /><G20/><T108/><D117/><U79/><E79/><V27/><F27/><W132/><G132/><T10/><D128/><U71/><E71/><V53/><F53/><W4/><AGARI ba="1,0" hai="4,8,14,15,17,22,29,31,48,49,50" m="51503" machi="4" ten="30,1100,0" yaku="8,1" doraHai="121" who="3" fromWho="3" sc="399,-4,190,-4,259,-6,152,14" /><INIT seed="3,0,0,3,5,15" ten="395,186,253,166" oya="3" hai0="99,91,117,51,82,134,11,70,111,66,86,63,44" hai1="1,55,80,32,26,85,93,88,54,59,112,105,22" hai2="30,125,107,0,120,67,89,21,12,118,58,46,72" hai3="29,97,50,133,4,56,61,77,98,84,8,23,126"/><W6/><G133/><T53/><D117/><U83/><E112/><V101/><F0/><W87/><G126/><T108/><D134/><U49/><E32/><V114/><F118/><W3/><G50/><T106/><D11/><U36/><E36/><V69/><F114/><W127/><G127/><T103/><AGARI ba="0,0" hai="44,51,53,63,66,70,82,86,91,99,103,106,108,111" machi="103" ten="30,1100,0" yaku="0,1" doraHai="15" who="0" fromWho="0" sc="395,11,186,-3,253,-3,166,-5" owari="406,50.6,183,-21.7,250,5.0,161,-33.9" /></mjloggm>