<mjloggm ver="2.3"><GO type="225" lobby="0"/><UN n0="%72%69%6F%75%63%68%61%6E" n1="%74%2E%6F%2E%6F%2E%73" n2="%E5%A4%9C%E3%81%AE%E3%82%AC%E3%82%B9%E3%83%91%E3%83%BC%E3%83%AB" n3="%E3%81%A4%E3%81%A3%E3%81%B1%E3%82%8A%E3%83%9D%E3%83%BC%E3%83%AB" dan="16,18,16,17" rate="2171.71,2173.50,2125.44,2226.92" sx="M,M,M,M"/><TAIKYOKU oya="0"/><INIT seed="0,0,0,2,3,62" ten="250,250,250,250" oya="0" hai0="34,87,10,33,35,1,119,14,44,59,106,71,80" hai1="77,124,36,2,64,114,84,12,57,37,92,20,126" hai2="76,110,22,133,29,32,103,118,86,49,125,108,135" hai3="5,30,19,11,98,39,116,17,67,3,74,48,8"/><T83/><D119/><U43/><E2/><V95/><F32/><W81/><G39/><T73/><D71/><U60/><E114/><V61/><F118/><W131/><G116/><T102/><D1/><U41/><E36/><V85/><F125/><N who="1" m="48233" /><E37/><V0/><F0/><W96/><G131/><T130/><D130/><U21/><E12/><V45/><F61/><W127/><G127/><T53/><D44/><U55/><E55/><V38/><F38/><W78/><G30/><T40/><D40/><N who="1" m="15435" /><E77/><V121/><F121/><W63/><G48/><T24/><D24/><U70/><E70/><V99/><F76/><W18/><REACH who="3" step="1"/><G11/><REACH who="3" ten="250,250,250,240" step="2"/><T75/><D10/><U109/><E109/><V52/><F110/><W58/><AGARI ba="0,1" hai="3,5,8,17,18,19,58,63,67,74,78,81,96,98" machi="58" ten="30,7900,0" yaku="1,1,2,1,0,1,52,1,53,0" doraHai="62" doraHaiUra="42" who="3" fromWho="3" sc="250,-39,250,-20,250,-20,240,89" /><INIT seed="1,0,0,1,1,129" ten="211,230,230,329" oya="1" hai0="3,41,111,53,113,11,125,112,51,108,120,82,1" hai1="76,80,81,88,17,124,100,19,118,47,63,122,89" hai2="101,48,24,131,37,7,135,21,79,26,31,127,35" hai3="65,102,36,62,32,23,64,59,126,72,20,98,38"/><U104/><E118/><V84/><F37/><W105/><G126/><T15/><D41/><U43/><E122/><V115/><F131/><W73/><G32/><T91/><D125/><U42/><E124/><V110/><F127/><W0/><G0/><N who="0" m="75" /><D120/><U30/><E104/><V133/><F110/><N who="0" m="42026" /><D82/><U57/><E100/><V134/><F115/><N who="0" m="44106" /><D91/><U74/><E74/><V18/><F7/><W50/><G72/><T87/><D87/><U9/><E57/><V70/><F70/><W103/><G73/><T60/><D60/><U28/><E63/><V95/><F48/><W45/><G38/><T77/><D77/><U12/><E76/><V106/><F106/><W29/><G36/><T46/><D15/><U4/><E47/><V75/><F75/><W97/><G65/><T56/><D11/><U130/><E130/><V13/><F13/><W49/><G49/><T2/><N who="0" m="83" /><T22/><DORA hai="107" /><D22/><U128/><E128/><V99/><F79/><W54/><G23/><T119/><D119/><U93/><E93/><V96/><F84/><W55/><G64/><T44/><AGARI ba="0,0" hai="44,46,51,53,56" m="44106,42026,83" machi="44" ten="50,1600,0" yaku="14,1" doraHai="129,107" who="0" fromWho="0" sc="211,16,230,-8,230,-4,329,-4" /><INIT seed="2,0,0,2,4,104" ten="227,222,226,325" oya="2" hai0="131,54,16,57,36,48,26,88,2,37,123,41,133" hai1="17,126,62,69,58,94,14,113,44,65,24,9,12" hai2="42,23,46,77,11,132,3,118,99,122,102,101,45" hai3="120,55,39,13,59,115,70,121,98,128,110,47,43"/><V50/><F118/><W90/><G13/><T28/><D123/><U103/><E126/><V38/><F122/><W71/><G90/><T125/><D125/><U100/><E113/><V116/><F116/><W52/><G98/><T73/><D2/><U119/><E119/><V75/><F132/><W21/><G21/><T56/><D133/><U72/><E72/><V19/><F99/><W51/><G115/><T61/><D131/><U80/><E69/><N who="3" m="26122" /><G128/><T32/><D73/><U111/><E111/><V20/><F20/><W89/><G89/><T6/><D6/><U30/><E44/><V64/><F64/><W84/><G84/><T92/><D41/><U93/><E80/><N who="2" m="45119" /><F19/><W1/><G1/><T25/><D25/><U35/><REACH who="1" step="1"/><E12/><REACH who="1" ten="227,212,226,325" step="2"/><V8/><F3/><W114/><G110/><T53/><REACH who="0" step="1"/><D16/><REACH who="0" ten="217,212,226,325" step="2"/><U82/><E82/><V31/><F42/><W78/><G114/><T124/><D124/><U49/><E49/><V79/><F50/><W60/><G120/><T4/><D4/><U117/><E117/><V18/><F18/><W130/><G121/><T10/><D10/><U87/><E87/><AGARI ba="0,2" hai="26,28,32,36,37,48,53,54,56,57,61,87,88,92" machi="87" ten="30,7700,0" yaku="1,1,7,1,54,1,53,1" doraHai="104" doraHaiUra="27" who="0" fromWho="1" sc="217,97,212,-77,226,0,325,0" /><INIT seed="3,0,0,3,2,91" ten="314,135,226,325" oya="3" hai0="20,39,116,66,16,18,59,111,57,92,81,99,53" hai1="63,41,100,44,109,68,122,107,23,127,8,0,5" hai2="118,70,130,50,55,6,112,27,106,9,133,75,24" hai3="17,110,96,74,79,42,115,65,85,103,36,132,48"/><W123/><G115/><T12/><D116/><U82/><E23/><V30/><F118/><W71/><G123/><T105/><D39/><U28/><E28/><V22/><F112/><W4/><G74/><T38/><D38/><U124/><E82/><V40/><F70/><W11/><G36/><T58/><D111/><U119/><E119/><V73/><F106/><W121/><G121/><T98/><D105/><U3/><E122/><V43/><F130/><W32/><G32/><T61/><D81/><U80/><E80/><V64/><F64/><W117/><G117/><T102/><D99/><U45/><E45/><V84/><F133/><W25/><G65/><T60/><D18/><U35/><E109/><V19/><F75/><W10/><G71/><AGARI ba="0,0" hai="12,16,20,53,57,58,59,60,61,66,71,92,98,102" machi="71" ten="30,3900,0" yaku="7,1,52,1,54,1" doraHai="91" who="0" fromWho="3" sc="314,39,135,0,226,0,325,-39" owari="353,45.3,135,-36.5,226,-17.4,286,8.6" /></mjloggm>