<mjloggm ver="2.3"><GO type="225" lobby="0"/><UN n0="%E4%B8%89%E5%86%A0%E7%8E%8B%E3%83%BB%E5%B1%B1%E7%94%B0%E5%93%B2%E4%BA%BA" n1="%73%6C%69%63%6B%33%31%39" n2="%E6%98%93%E5%88%A9%E8%96%A9%E4%BC%AF" n3="%E3%81%8A%E3%81%8B%E3%81%8F%E3%82%89" dan="16,17,16,17" rate="2167.95,2178.19,2160.95,2085.23" sx="M,M,F,M"/><TAIKYOKU oya="0"/><INIT seed="0,0,0,5,2,35" ten="250,250,250,250" oya="0" hai0="126,110,28,90,82,123,115,64,69,103,135,52,21" hai1="127,75,68,17,62,39,25,104,22,49,60,87,124" hai2="46,83,76,26,20,74,111,37,96,1,50,94,108" hai3="59,19,10,33,44,114,118,70,102,23,71,38,100"/><T79/><D115/><U63/><E75/><V73/><F37/><W88/><G33/><T54/><D123/><U9/><E39/><V11/><F74/><W47/><G114/><T80/><D103/><U85/><E104/><V29/><F11/><W133/><G133/><T132/><D126/><N who="1" m="48171" /><E68/><V116/><F116/><W119/><G10/><T48/><D110/><U41/><E9/><V34/><F34/><W81/><G59/><T16/><D28/><U65/><E65/><V6/><F6/><W86/><G70/><T2/><D2/><U40/><E49/><V101/><REACH who="2" step="1"/><F1/><REACH who="2" ten="250,250,240,250" step="2"/><W45/><G38/><T43/><D132/><U27/><E27/><V91/><F91/><W15/><REACH who="3" step="1"/><G71/><REACH who="3" ten="250,250,240,240" step="2"/><T14/><D69/><U0/><E0/><V18/><F18/><W128/><G128/><T84/><D135/><U99/><E99/><V95/><F95/><W42/><G42/><AGARI ba="0,2" hai="17,22,25,40,41,42,60,62,63,85,87" m="48171" machi="42" ten="30,1000,0" yaku="18,1" doraHai="35" who="1" fromWho="3" sc="250,0,250,30,240,0,240,-10" /><AGARI ba="0,0" hai="20,26,29,42,46,50,73,76,83,94,96,101,108,111" machi="42" ten="40,1300,0" yaku="1,1,53,0" doraHai="35" doraHaiUra="109" who="2" fromWho="3" sc="250,0,280,0,240,13,230,-13" /><INIT seed="1,0,0,3,5,79" ten="250,280,253,217" oya="1" hai0="98,124,133,122,43,49,50,1,125,83,75,96,10" hai1="132,119,86,40,85,41,80,29,54,112,67,2,0" hai2="116,5,105,59,88,38,48,45,14,53,78,60,27" hai3="130,3,102,18,42,37,99,24,95,19,16,115,134"/><U7/><E112/><V15/><F105/><W51/><G115/><T58/><D133/><U91/><E119/><V12/><F116/><W131/><G3/><T32/><D32/><U104/><E104/><V68/><F27/><W73/><G37/><T56/><D122/><U57/><E132/><V108/><F108/><W76/><G134/><T107/><D1/><U46/><E29/><V118/><F118/><W64/><G64/><T114/><D10/><U44/><E67/><V74/><F68/><W111/><G111/><T25/><D25/><U129/><E129/><N who="3" m="49162" /><G42/><N who="1" m="16490" /><E7/><V47/><F38/><W92/><G51/><T113/><D43/><U127/><E127/><V121/><F121/><W20/><G92/><T11/><D107/><U100/><E100/><V35/><F35/><W69/><G69/><T62/><D124/><U120/><E0/><V36/><F36/><W61/><G61/><T22/><D62/><N who="1" m="36151" /><E2/><V63/><F5/><W71/><G71/><T8/><D125/><U28/><E28/><V33/><F33/><W39/><G39/><T110/><D110/><U21/><E21/><V93/><F63/><W90/><G102/><T103/><D103/><U106/><E106/><V94/><F60/><W109/><G109/><T6/><D114/><U17/><E120/><V84/><REACH who="2" step="1"/><F94/><REACH who="2" ten="250,280,243,217" step="2"/><W30/><G30/><T70/><D113/><U52/><E17/><V87/><F87/><W82/><AGARI ba="0,1" hai="16,18,19,20,24,73,76,82,90,95,99" m="49162" machi="82" ten="30,4000,0" yaku="19,1,52,1,54,1" doraHai="79" who="3" fromWho="3" sc="250,-10,280,-20,243,-10,217,50" /><INIT seed="2,0,0,0,4,63" ten="240,260,233,267" oya="2" hai0="116,89,121,7,105,27,76,58,108,47,68,101,124" hai1="14,43,25,15,49,131,109,104,123,110,125,92,0" hai2="61,46,117,79,98,30,135,118,9,50,45,112,111" hai3="23,34,13,90,51,32,31,130,37,59,97,11,41"/><V19/><F112/><W4/><G37/><T84/><D121/><U42/><E104/><V16/><F135/><W18/><G130/><T69/><D76/><U8/><E131/><V132/><F132/><W44/><G31/><T82/><D108/><N who="1" m="41579" /><E123/><V54/><F111/><W99/><G59/><T107/><D124/><U6/><E125/><V100/><F30/><W52/><G41/><N who="1" m="15370" /><E49/><V75/><F46/><W80/><G99/><T94/><D116/><U12/><E25/><V87/><F75/><W55/><G55/><T133/><D133/><U115/><E92/><V88/><F79/><W26/><G80/><T95/><D47/><U33/><E33/><V20/><F61/><W1/><G1/><T48/><D82/><U114/><AGARI ba="0,0" hai="0,6,8,12,14,15,114,115" m="15370,41579" machi="114" ten="40,1500,0" yaku="14,1" doraHai="63" who="1" fromWho="1" sc="240,-4,260,15,233,-7,267,-4" /><INIT seed="3,0,0,3,2,8" ten="236,275,226,263" oya="3" hai0="56,104,83,121,49,21,6,51,115,90,114,3,37" hai1="31,110,19,27,52,135,89,105,67,32,84,94,33" hai2="108,61,127,87,65,126,130,54,120,13,45,101,74" hai3="38,70,88,95,15,24,66,72,14,91,30,100,111"/><W17/><G72/><T28/><D37/><U29/><E105/><V134/><F74/><W18/><G38/><T92/><D104/><U63/><E110/><V12/><F108/><W118/><G111/><T80/><D121/><U22/><E135/><V133/><F120/><W46/><G46/><T9/><D28/><U107/><E107/><V113/><F130/><W26/><G70/><T73/><D21/><U69/><E29/><V85/><F101/><W123/><G66/><T0/><D0/><U103/><E103/><V47/><F113/><N who="0" m="43018" /><D56/><U25/><REACH who="1" step="1"/><E52/><REACH who="1" ten="236,265,226,263" step="2"/><V81/><F54/><W79/><G100/><T1/><D1/><U132/><E132/><N who="2" m="50795" /><F47/><W119/><G30/><T75/><D3/><U112/><E112/><V43/><F126/><W109/><G109/><T96/><D75/><U39/><E39/><N who="2" m="21759" /><F127/><W55/><G55/><T77/><D73/><U10/><E10/><V20/><F20/><AGARI ba="0,1" hai="19,20,22,25,27,31,32,33,63,67,69,84,89,94" machi="20" ten="30,2000,0" yaku="1,1,7,1,53,0" doraHai="8" doraHaiUra="98" who="1" fromWho="2" sc="236,0,265,30,226,-20,263,0" /><INIT seed="4,0,0,4,5,80" ten="236,295,206,263" oya="0" hai0="120,114,96,43,129,14,42,93,47,127,94,11,90" hai1="135,69,70,77,58,107,22,125,25,128,116,26,62" hai2="84,41,44,124,100,21,121,82,73,30,105,56,87" hai3="4,74,6,12,109,37,79,35,117,66,15,45,57"/><T38/><D114/><U36/><E116/><V54/><F121/><W2/><G35/><T17/><D127/><U7/><E107/><V49/><F124/><W81/><G109/><T19/><D129/><U113/><E125/><V123/><F123/><W48/><G117/><T51/><D120/><U99/><E36/><V59/><F105/><W5/><G2/><T86/><D38/><U89/><E113/><V134/><F134/><W50/><G37/><T76/><D43/><U78/><E135/><V33/><F33/><W24/><G24/><T3/><D3/><U110/><E110/><V103/><F73/><W0/><G0/><T55/><D55/><N who="1" m="34143" /><E25/><N who="2" m="16687" /><F82/><W52/><REACH who="3" step="1"/><G66/><REACH who="3" ten="236,295,206,253" step="2"/><T126/><D126/><U111/><E26/><V133/><F133/><W64/><G64/><T83/><D93/><U108/><E108/><V68/><F68/><W118/><G118/><T67/><D67/><U104/><E69/><V39/><F39/><W72/><G72/><T13/><D13/><U16/><E70/><V97/><F97/><W71/><G71/><T106/><D106/><U119/><E104/><V85/><F41/><AGARI ba="0,1" hai="4,5,6,12,15,41,45,48,50,52,57,74,79,81" machi="41" ten="40,2600,0" yaku="1,1,54,1,53,0" doraHai="80" doraHaiUra="88" who="3" fromWho="2" sc="236,0,295,0,206,-26,253,36" /><INIT seed="5,0,0,1,5,75" ten="236,295,180,289" oya="1" hai0="101,64,82,17,65,22,128,58,15,81,102,7,31" hai1="122,54,9,25,12,98,52,87,50,37,29,76,1" hai2="16,113,4,51,42,53,117,79,124,72,33,70,83" hai3="127,49,120,116,108,68,118,56,80,90,69,126,99"/><U103/><E122/><V106/><F117/><N who="3" m="45163" /><G108/><T67/><D128/><U95/><E37/><V112/><F33/><W26/><G120/><T110/><D110/><U85/><E1/><V74/><F4/><W6/><G6/><T48/><D7/><N who="1" m="3135" /><E76/><V125/><F106/><W96/><G26/><T114/><D114/><N who="2" m="44138" /><F70/><N who="3" m="27243" /><G80/><N who="0" m="30827" /><D31/><U123/><E123/><V71/><F71/><W36/><G36/><T86/><D86/><N who="1" m="32779" /><E50/><V66/><F74/><W35/><G35/><T130/><D130/><U131/><E131/><V2/><F2/><W88/><G49/><T0/><D0/><U59/><E59/><N who="2" m="33215" /><F66/><W107/><G56/><T105/><D105/><U41/><E41/><V30/><F42/><W19/><G107/><T34/><D34/><U3/><E3/><V73/><F73/><W133/><G96/><T89/><D48/><U21/><AGARI ba="0,0" hai="21,25,29,52,54,95,98,103" m="32779,3135" machi="21" ten="30,3000,0" yaku="8,1,54,1" doraHai="75" who="1" fromWho="1" sc="236,-10,295,30,180,-10,289,-10" owari="226,-17.4,325,42.5,170,-33.0,279,7.9" /></mjloggm>