<mjloggm ver="2.3"><GO type="225" lobby="0"/><UN n0="%43%68%65" n1="%E3%81%8F%E3%81%BE%E3%81%96%E3%82%8F" n2="%72%61%6B%33" n3="%E9%A2%A8%E3%81%A7%E9%B3%B4%E3%81%8F" dan="16,16,16,16" rate="2168.49,2046.99,2158.23,2115.23" sx="M,M,M,M"/><TAIKYOKU oya="0"/><INIT seed="0,0,0,4,2,51" ten="250,250,250,250" oya="0" hai0="25,36,33,63,118,73,1,31,64,123,88,0,37" hai1="19,121,122,133,65,100,62,30,102,79,87,92,6" hai2="107,45,54,130,95,80,69,20,96,129,26,109,57" hai3="43,135,117,132,77,113,24,29,3,38,59,81,11"/><T110/><D118/><U126/><E6/><V119/><F69/><W93/><G113/><T98/><D123/><U116/><E116/><V21/><F119/><W111/><G93/><T61/><D61/><U34/><E19/><V131/><F109/><W46/><G59/><T101/><D73/><U134/><E30/><V115/><F115/><W72/><G111/><T67/><D67/><U22/><E34/><V44/><F80/><W106/><G106/><N who="0" m="63799" /><D88/><N who="1" m="53279" /><E22/><V41/><F107/><W47/><G47/><T78/><D78/><U12/><E12/><V50/><F26/><W83/><G83/><T39/><D110/><U89/><E62/><V70/><F70/><AGARI ba="0,0" hai="0,1,25,31,33,36,37,39,63,64,70" m="63799" machi="70" ten="30,5800,0" yaku="25,1,33,2" doraHai="51" who="0" fromWho="2" sc="250,58,250,0,250,-58,250,0" /><INIT seed="0,1,0,2,2,101" ten="308,250,192,250" oya="0" hai0="122,92,104,71,99,19,46,124,35,41,112,28,13" hai1="56,130,98,77,129,29,88,70,113,62,40,16,55" hai2="5,108,6,69,86,100,49,111,90,115,21,31,123" hai3="82,93,72,20,27,87,131,50,109,118,89,66,91"/><T11/><D112/><U120/><E120/><V81/><F115/><W78/><G109/><T106/><D71/><U39/><E29/><V119/><F123/><W18/><G131/><N who="1" m="50186" /><E77/><V103/><F69/><W73/><G118/><T117/><D117/><U94/><E70/><V125/><F119/><W1/><G66/><T57/><D122/><U3/><E3/><V61/><F61/><W133/><G133/><T95/><D57/><U52/><E40/><V79/><F125/><W110/><G110/><N who="2" m="42025" /><F49/><W0/><G73/><T75/><D75/><U76/><E76/><V26/><F79/><W51/><G51/><T47/><D124/><U83/><E39/><V30/><F30/><W14/><G50/><T8/><D28/><U68/><E68/><V54/><F54/><W23/><REACH who="3" step="1"/><G89/><REACH who="3" ten="308,250,192,240" step="2"/><T9/><D41/><U12/><E113/><V80/><F90/><W97/><G97/><T132/><D99/><U59/><E55/><V128/><F128/><W53/><G53/><T37/><D132/><U7/><E59/><V107/><F86/><W84/><G84/><T24/><D37/><U36/><E36/><V44/><F44/><W67/><G67/><T96/><D96/><U121/><E121/><V38/><F38/><W127/><G127/><T74/><D74/><U42/><E42/><V114/><F114/><W102/><G102/><T135/><D135/><U43/><E43/><V10/><F103/><W85/><G85/><T63/><D47/><U134/><E134/><V34/><F100/><W45/><G45/><T64/><D46/><U105/><E52/><V4/><F34/><RYUUKYOKU ba="1,1" sc="308,-10,250,-10,192,-10,240,30" hai3="0,1,14,18,20,23,27,72,78,82,87,91,93" /><INIT seed="1,2,1,1,3,34" ten="298,240,182,270" oya="1" hai0="129,10,76,94,16,118,53,55,61,105,67,134,106" hai1="117,64,102,119,103,54,108,21,131,8,70,98,91" hai2="31,15,24,92,3,22,4,46,20,90,128,2,107" hai3="101,111,60,68,48,97,100,74,57,38,11,40,66"/><U77/><E131/><V81/><F107/><W25/><G74/><T84/><D118/><U17/><E77/><V135/><F128/><W18/><G111/><T9/><D129/><U39/><E39/><V115/><F135/><W120/><G120/><T96/><D134/><U27/><E108/><V62/><F115/><W75/><G75/><T95/><D106/><U69/><E91/><V56/><F81/><W85/><G85/><T121/><D105/><U86/><E86/><V32/><F46/><N who="3" m="23831" /><G97/><T123/><D84/><U5/><E54/><V37/><F37/><W82/><G82/><T29/><D29/><U49/><E49/><V99/><F4/><W6/><G18/><T23/><D76/><U63/><E70/><V35/><F35/><W88/><G88/><N who="0" m="55367" /><D95/><U13/><E103/><V126/><F126/><W133/><G25/><N who="0" m="14567" /><D55/><U109/><E109/><V80/><F80/><W132/><G133/><T51/><D51/><U125/><E125/><V71/><F71/><W43/><G43/><T73/><D53/><U110/><E110/><V89/><F89/><W0/><G132/><T45/><D45/><U14/><E98/><V65/><F32/><W26/><G26/><T113/><D73/><U78/><E78/><V130/><F130/><W44/><G44/><T116/><D116/><N who="1" m="44619" /><E27/><V19/><AGARI ba="2,1" hai="2,3,15,19,20,22,24,31,56,62,65,90,92,99" machi="19" ten="30,4000,0" yaku="0,1,52,2" doraHai="34" who="2" fromWho="2" sc="298,-12,240,-22,182,56,270,-12" /><INIT seed="2,0,0,3,4,85" ten="286,218,238,258" oya="2" hai0="26,51,84,87,100,55,90,69,18,127,88,52,93" hai1="68,35,74,99,104,2,115,0,21,111,89,122,46" hai2="56,116,109,107,25,50,105,7,27,96,123,78,81" hai3="12,8,17,33,117,97,10,133,83,59,121,72,64"/><V110/><F116/><W63/><G33/><T75/><D75/><U98/><E35/><V79/><F123/><W80/><G117/><T38/><D38/><U126/><E68/><V48/><F7/><W120/><G133/><T36/><D36/><U134/><E74/><V13/><F13/><W67/><G67/><T57/><D127/><U54/><E115/><V94/><F56/><W61/><G63/><T112/><D69/><U41/><E104/><V128/><F128/><W34/><G34/><T119/><D119/><U82/><E0/><V125/><F125/><W62/><G62/><N who="0" m="36135" /><D100/><U32/><E32/><V47/><F107/><W70/><G70/><T37/><D37/><U132/><E2/><V73/><F79/><W28/><G28/><T58/><D112/><U19/><E126/><V20/><F105/><W92/><G8/><T24/><D18/><U23/><E122/><V113/><F113/><W11/><G10/><T86/><D86/><N who="1" m="50391" /><E134/><V22/><F22/><W124/><G124/><T131/><D131/><U9/><E132/><V44/><F20/><W30/><G30/><T103/><D103/><U42/><E23/><V71/><F71/><W66/><G120/><T3/><D3/><U118/><E9/><V60/><F60/><W14/><G121/><T29/><D29/><U130/><E130/><V76/><F73/><W65/><G72/><T40/><D40/><N who="1" m="15467" /><E118/><V129/><F129/><W53/><G14/><T5/><D5/><U91/><E21/><V6/><F6/><W102/><AGARI ba="0,0" hai="11,12,17,53,59,61,64,65,66,80,83,92,97,102" machi="102" ten="30,2000,0" yaku="0,1,8,1" doraHai="85" who="3" fromWho="3" sc="286,-5,218,-5,238,-10,258,20" /><INIT seed="3,0,0,5,0,92" ten="281,213,228,278" oya="3" hai0="128,83,56,111,60,2,135,14,65,9,55,101,108" hai1="122,90,61,109,80,116,31,16,82,125,102,32,85" hai2="119,50,113,103,105,1,86,94,33,51,7,121,11" hai3="4,69,29,118,67,71,36,73,62,124,40,0,47"/><W10/><G118/><T12/><D2/><U126/><E122/><V95/><F119/><W131/><G124/><N who="1" m="47722" /><E116/><V49/><F113/><W13/><G13/><T24/><D128/><U41/><E109/><N who="0" m="42057" /><D135/><U89/><E41/><V87/><F33/><W6/><G6/><T48/><D24/><N who="1" m="18535" /><E61/><V34/><F34/><W20/><G131/><T5/><D83/><N who="1" m="31787" /><E85/><V110/><F110/><W79/><G79/><T99/><D9/><U134/><E134/><V117/><F117/><W19/><G29/><T68/><D5/><U93/><E16/><V3/><F121/><W35/><G35/><T112/><D112/><U17/><E17/><V66/><F66/><W75/><REACH who="3" step="1"/><G69/><REACH who="3" ten="281,213,228,268" step="2"/><T114/><D114/><U96/><AGARI ba="0,1" hai="89,90,93,96,102" m="31787,18535,47722" machi="96" ten="30,2000,0" yaku="18,1,52,1" doraHai="92" who="1" fromWho="1" sc="281,-5,213,30,228,-5,268,-10" /><INIT seed="4,0,0,4,3,4" ten="276,243,223,258" oya="0" hai0="87,9,94,98,86,114,39,66,128,72,6,100,102" hai1="33,23,34,30,68,120,116,134,59,14,106,45,111" hai2="96,64,5,118,7,131,53,71,41,22,91,10,107" hai3="73,92,124,56,108,70,67,37,24,26,104,16,122"/><T52/><D72/><U119/><E68/><V132/><F131/><W105/><G37/><T44/><D128/><U79/><E106/><V60/><F132/><W18/><G73/><T35/><D35/><U77/><E120/><V103/><F118/><W110/><G56/><T81/><D114/><U74/><E74/><V93/><F41/><W47/><G92/><T36/><D102/><U12/><E134/><V25/><F53/><W82/><G82/><T1/><D66/><U3/><E3/><V76/><F76/><W117/><G67/><T101/><D101/><U113/><E59/><V17/><REACH who="2" step="1"/><F10/><REACH who="2" ten="276,243,213,258" step="2"/><W99/><G117/><T15/><D52/><U129/><E129/><V19/><F19/><W125/><G122/><T80/><D44/><U38/><E45/><V75/><F75/><W83/><G47/><T65/><D65/><U78/><E113/><V20/><F20/><W90/><G16/><T46/><D46/><U57/><E38/><V51/><F51/><W54/><G54/><T49/><D49/><U126/><E116/><V109/><F109/><W97/><G18/><T21/><D39/><U62/><E111/><V29/><F29/><W95/><G110/><T55/><D55/><N who="1" m="34111" /><E119/><V127/><F127/><W89/><G108/><T115/><D36/><U112/><E126/><V84/><AGARI ba="0,1" hai="5,7,17,22,25,60,64,71,84,91,93,96,103,107" machi="84" ten="20,8000,1" yaku="1,1,0,1,7,1,53,2" doraHai="4" doraHaiUra="0" who="2" fromWho="2" sc="276,-40,243,-20,213,90,258,-20" owari="236,-16.4,223,-27.7,303,40.3,238,3.8" /></mjloggm>