<mjloggm ver="2.3"><GO type="225" lobby="0"/><UN n0="%E3%81%8B%E3%82%8F%E3%81%A1%E3%82%83%E3%82%93%35%38" n1="%E5%91%A8%E6%9D%B1" n2="%E3%83%B4%E3%83%A0%EF%BC%99%E3%81%A6" n3="%72%69%6F%75%63%68%61%6E" dan="17,17,16,17" rate="2186.14,2196.93,2119.07,2185.09" sx="M,M,M,M"/><TAIKYOKU oya="0"/><INIT seed="0,0,0,4,2,110" ten="250,250,250,250" oya="0" hai0="17,77,22,109,48,95,52,115,39,59,35,89,123" hai1="24,27,58,129,53,70,82,33,114,116,125,1,30" hai2="18,16,32,0,56,108,119,76,57,67,132,111,34" hai3="62,21,45,12,94,79,42,92,127,19,61,46,93"/><T63/><D123/><U105/><E116/><V23/><F119/><W6/><G127/><T78/><D39/><U107/><E1/><V80/><F0/><W25/><G79/><T41/><D115/><U49/><E125/><V98/><F98/><W133/><G133/><T128/><D128/><U121/><E121/><V20/><F76/><W83/><G83/><T102/><D35/><U74/><E70/><V44/><F44/><W103/><G103/><T134/><D134/><U72/><E129/><V130/><F130/><W50/><REACH who="3" step="1"/><G45/><REACH who="3" ten="250,250,250,240" step="2"/><T38/><D102/><U13/><E82/><V104/><F80/><W84/><G84/><T43/><D109/><U71/><E74/><V65/><REACH who="2" step="1"/><F132/><REACH who="2" ten="250,250,240,240" step="2"/><W28/><G28/><T118/><D118/><U4/><E30/><V135/><F135/><W66/><G66/><N who="0" m="39295" /><D78/><U88/><E72/><V40/><F40/><W10/><AGARI ba="0,2" hai="6,10,12,19,21,25,42,46,50,61,62,92,93,94" machi="10" ten="30,7900,0" yaku="1,1,0,1,8,1,53,1" doraHai="110" doraHaiUra="14" who="3" fromWho="3" sc="250,-39,250,-20,240,-20,240,99" /><INIT seed="1,0,0,1,1,100" ten="211,230,220,339" oya="1" hai0="15,98,96,76,30,14,5,73,59,95,117,97,94" hai1="129,109,99,54,112,44,35,46,69,55,62,29,51" hai2="19,115,67,71,114,131,123,92,104,88,23,28,87" hai3="90,41,101,17,130,116,20,53,7,40,85,9,24"/><U80/><E112/><N who="2" m="43051" /><F123/><W125/><G130/><T16/><D117/><U6/><E129/><V68/><F131/><W50/><G125/><T77/><D30/><U82/><E109/><V86/><F28/><W4/><G101/><T79/><D73/><U61/><E6/><V1/><F1/><W113/><G113/><T106/><D106/><U8/><E8/><V12/><F87/><W133/><G133/><T75/><D75/><U134/><E134/><V45/><F45/><W128/><G128/><T135/><D135/><U108/><E108/><V58/><F104/><W56/><G116/><T31/><D31/><U34/><E29/><V3/><F3/><W93/><REACH who="3" step="1"/><G4/><REACH who="3" ten="211,230,220,329" step="2"/><T63/><D5/><U120/><E120/><V103/><F103/><W102/><G102/><T42/><D42/><U122/><E122/><V111/><F111/><W32/><G32/><T81/><D81/><U57/><E34/><V84/><F84/><W127/><G127/><T2/><D2/><AGARI ba="0,1" hai="2,7,9,17,20,24,40,41,50,53,56,85,90,93" machi="2" ten="30,3900,0" yaku="1,1,7,1,53,1" doraHai="100" doraHaiUra="13" who="3" fromWho="0" sc="211,-39,230,0,220,0,329,49" /><INIT seed="2,0,0,2,1,36" ten="172,230,220,378" oya="2" hai0="42,68,79,63,80,86,96,85,49,31,52,45,82" hai1="18,5,61,95,75,59,90,91,22,118,15,37,114" hai2="120,126,81,89,33,24,127,4,48,35,56,10,130" hai3="88,99,50,100,72,78,27,67,132,108,87,113,70"/><V23/><F120/><W41/><G108/><T117/><D117/><U58/><E114/><V14/><F81/><W44/><G113/><T105/><D31/><U3/><E118/><V103/><F103/><W71/><G132/><T60/><D68/><U131/><E75/><V112/><F89/><W77/><G27/><T6/><D6/><U74/><E74/><V107/><F107/><N who="3" m="63903" /><G67/><T106/><D106/><U101/><E131/><V66/><F112/><W26/><G26/><T7/><D7/><U94/><E37/><V104/><F104/><W43/><G43/><T54/><D105/><U55/><E101/><V123/><F123/><W128/><G78/><T21/><D21/><U20/><E5/><V12/><F12/><W83/><G128/><T57/><D96/><U111/><E3/><V1/><F130/><W62/><G62/><T92/><D92/><AGARI ba="0,0" hai="41,44,50,70,71,72,77,83,87,88,92" m="63903" machi="92" ten="30,3900,0" yaku="24,1,52,1,54,1" doraHai="36" who="3" fromWho="0" sc="172,-39,230,0,220,0,378,39" /><INIT seed="3,0,0,0,2,125" ten="133,230,220,417" oya="3" hai0="46,66,34,75,78,53,32,64,72,71,117,92,35" hai1="133,119,130,40,43,82,120,38,100,44,80,10,22" hai2="20,60,61,47,12,39,127,24,63,93,76,84,90" hai3="128,98,68,123,124,26,36,95,55,87,81,102,110"/><W9/><G123/><T134/><D117/><U97/><E120/><V129/><F129/><W14/><G55/><T59/><D134/><U106/><E130/><V31/><F127/><W62/><G87/><T33/><N who="0" m="8192" /><DORA hai="108" /><T50/><D71/><U73/><E73/><V77/><F39/><W51/><G14/><T91/><D78/><N who="2" m="30314" /><F47/><W21/><G51/><T3/><D3/><U7/><E119/><V88/><F90/><W96/><G95/><T5/><D5/><U29/><E133/><V116/><F116/><W58/><G21/><T111/><D111/><U49/><E38/><V15/><AGARI ba="0,0" hai="12,15,20,24,31,60,61,63,84,88,93" m="30314" machi="15" ten="30,2000,0" yaku="8,1,54,1" doraHai="125,108" who="2" fromWho="2" sc="133,-5,230,-5,220,20,417,-10" owari="128,-37.2,225,-17.5,240,4.0,407,50.7" /></mjloggm>