<mjloggm ver="2.3"><GO type="225" lobby="0"/><UN n0="%E8%81%B7%E6%A5%AD%E3%80%81%E9%A2%A8%32" n1="%6D%75%75%6D%75%72%61" n2="%E3%82%BC%E3%83%AB%E3%83%80%E3%81%AE%E4%BC%9D%E8%AA%AC" n3="%E5%8F%AF%E5%85%90%E9%82%A3%E7%94%B1%E5%A4%9A" dan="16,16,16,16" rate="2123.33,2138.76,2208.34,2182.28" sx="M,F,M,F"/><TAIKYOKU oya="0"/><INIT seed="0,0,0,0,1,30" ten="250,250,250,250" oya="0" hai0="58,24,121,54,18,43,123,124,104,16,134,128,23" hai1="93,49,96,86,112,131,113,111,78,94,82,17,73" hai2="125,31,76,44,74,107,116,133,91,119,89,59,62" hai3="52,39,100,36,109,56,108,88,120,67,64,26,79"/><T1/><D104/><U13/><E111/><N who="3" m="42570" /><G100/><T135/><D124/><U42/><E131/><V55/><F125/><W61/><G79/><T20/><D1/><U2/><E2/><V38/><F107/><W98/><G26/><N who="0" m="14599" /><D43/><U105/><E73/><V71/><F133/><N who="0" m="50698" /><D128/><U118/><E118/><V85/><F74/><W28/><G28/><T9/><D9/><U130/><E130/><V122/><F31/><W70/><G120/><T87/><D87/><U75/><E75/><V106/><F106/><W19/><G19/><T95/><D95/><U99/><E105/><V8/><F8/><W33/><G33/><T27/><D27/><U29/><E29/><V37/><F122/><W72/><G72/><T90/><D90/><U25/><E25/><V11/><F11/><W60/><G67/><T45/><D45/><N who="1" m="25783" /><E94/><AGARI ba="0,0" hai="36,39,52,56,60,61,64,70,88,94,98" m="42570" machi="94" ten="30,3900,0" yaku="14,1,54,2" doraHai="30" who="3" fromWho="1" sc="250,0,250,-39,250,0,250,39" /><INIT seed="1,0,0,5,1,90" ten="250,211,250,289" oya="1" hai0="15,59,28,46,117,13,85,27,109,107,108,58,48" hai1="50,61,57,132,79,41,17,25,127,68,88,70,100" hai2="47,29,5,36,115,8,113,49,131,129,125,114,44" hai3="130,3,86,45,9,118,19,60,94,80,51,87,67"/><U91/><E132/><V64/><F29/><W128/><G118/><T101/><D117/><U71/><E127/><V111/><F125/><W116/><G116/><T97/><D85/><U18/><E79/><V32/><F32/><W72/><G72/><T112/><D112/><U53/><E100/><V119/><F119/><W34/><G34/><T23/><D59/><U123/><E123/><V42/><F111/><N who="0" m="42570" /><D58/><U102/><E102/><V96/><F96/><W76/><G3/><T93/><D107/><U135/><E135/><V39/><F64/><W52/><G9/><T95/><D93/><U35/><E35/><V105/><F105/><W7/><G7/><T92/><D92/><U22/><REACH who="1" step="1"/><E18/><REACH who="1" ten="250,201,250,289" step="2"/><V33/><F33/><W77/><G19/><T120/><D120/><U133/><E133/><V55/><REACH who="2" step="1"/><F39/><REACH who="2" ten="250,201,240,289" step="2"/><W54/><G128/><T56/><D56/><U82/><E82/><V20/><F20/><W62/><G130/><T104/><D104/><U2/><E2/><AGARI ba="0,2" hai="2,5,8,36,42,44,47,49,55,113,114,115,129,131" machi="2" ten="40,5200,0" yaku="1,1,11,1,53,1" doraHai="90" doraHaiUra="1" who="2" fromWho="1" sc="250,0,201,-52,240,72,289,0" /><INIT seed="2,0,0,5,2,37" ten="250,149,312,289" oya="2" hai0="71,55,36,17,101,129,53,29,8,15,120,35,99" hai1="68,115,80,106,33,104,21,130,51,86,18,110,0" hai2="90,7,112,34,94,125,78,128,60,119,121,102,109" hai3="69,56,105,48,32,127,85,81,93,52,24,23,43"/><V16/><F112/><W103/><G105/><T22/><D120/><U89/><E115/><V126/><F119/><W6/><G69/><T13/><D36/><U108/><E33/><V4/><F121/><W134/><G134/><T62/><D129/><U88/><E130/><V84/><F128/><W58/><G127/><N who="2" m="48649" /><F34/><W12/><G32/><T41/><D35/><U40/><E68/><V63/><F109/><N who="1" m="42089" /><E0/><V87/><F102/><W95/><G103/><T100/><D71/><U61/><E61/><N who="2" m="23627" /><F16/><N who="3" m="12391" /><G58/><T28/><D101/><U98/><E98/><V2/><F2/><W38/><G38/><T27/><D99/><U14/><E89/><N who="2" m="53543" /><F78/><N who="3" m="46263" /><G43/><T76/><D41/><U65/><E65/><V20/><F20/><W70/><G70/><T59/><D100/><U19/><E19/><V30/><F30/><W122/><G122/><T73/><D29/><U83/><E83/><AGARI ba="0,0" hai="4,7,83,87,90" m="53543,23627,48649" machi="83" ten="30,1500,0" yaku="18,1" doraHai="37" who="2" fromWho="1" sc="250,0,149,-15,312,15,289,0" /><INIT seed="2,1,0,0,0,43" ten="250,134,327,289" oya="2" hai0="15,129,19,59,87,58,55,71,65,121,100,72,13" hai1="46,77,107,64,16,61,28,17,130,50,111,117,135" hai2="27,90,7,94,82,14,92,83,93,118,29,52,69" hai3="78,40,2,74,3,6,36,86,18,25,62,24,33"/><V4/><F118/><W133/><G133/><T32/><D72/><U57/><E117/><V124/><F69/><W105/><G86/><T41/><D121/><U134/><E107/><V11/><F124/><W76/><G105/><T53/><D32/><U45/><E111/><V101/><F101/><W103/><G103/><T108/><D108/><U97/><E130/><V80/><F52/><W99/><G99/><T8/><D129/><U109/><E109/><V63/><F63/><W91/><G91/><T48/><D41/><U84/><E97/><V22/><REACH who="2" step="1"/><F4/><REACH who="2" ten="250,134,317,289" step="2"/><W67/><G6/><T44/><D100/><U1/><E1/><V56/><F56/><W120/><G2/><T9/><D71/><U38/><E38/><V125/><F125/><W116/><G3/><T81/><D55/><N who="1" m="31991" /><E28/><V34/><F34/><W70/><G116/><T49/><D59/><N who="1" m="36927" /><E135/><V10/><F10/><W30/><G36/><T79/><D9/><U95/><E134/><V102/><F102/><W26/><G33/><T113/><D8/><U123/><E123/><V31/><F31/><W0/><G30/><T73/><D58/><U127/><E127/><V47/><F47/><N who="1" m="17929" /><E77/><V128/><F128/><W20/><G120/><T106/><D79/><N who="3" m="30249" /><G0/><T60/><D106/><U131/><E131/><V104/><F104/><W98/><G74/><T51/><D73/><U112/><E112/><V35/><F35/><W68/><G68/><T12/><D113/><U88/><AGARI ba="1,1" hai="16,17,84,88,95" m="17929,36927,31991" machi="88" ten="30,12000,2" yaku="8,1,52,3,54,2" doraHai="43" who="1" fromWho="1" sc="250,-31,134,133,317,-61,289,-31" /><INIT seed="3,0,0,2,4,22" ten="219,267,256,258" oya="3" hai0="106,21,61,125,135,99,73,103,131,34,68,97,88" hai1="4,40,5,66,110,51,37,38,112,60,117,83,87" hai2="76,44,81,24,86,14,52,3,71,80,63,104,13" hai3="35,114,47,123,11,105,26,59,92,49,39,128,82"/><W113/><G105/><T133/><D34/><U64/><E112/><V69/><F3/><W0/><G123/><T10/><D73/><U57/><E110/><V101/><F104/><W119/><G119/><T46/><D131/><U20/><E117/><V85/><F101/><W41/><G128/><T29/><D125/><U109/><E109/><V6/><F69/><W100/><G82/><T121/><D121/><U43/><E66/><V79/><F6/><N who="1" m="2665" /><E38/><V36/><F24/><W65/><G0/><T56/><D68/><U90/><E37/><V111/><F111/><W70/><G11/><T84/><D10/><U75/><E75/><V78/><F78/><W134/><G134/><N who="0" m="51211" /><D46/><N who="1" m="26055" /><E20/><V107/><F107/><W132/><G132/><T115/><D115/><U48/><E48/><V23/><F23/><W18/><G35/><T1/><D1/><U8/><E8/><V77/><F77/><W126/><G126/><T108/><D108/><U27/><E43/><V122/><F122/><W42/><G70/><T9/><D9/><U28/><E28/><V2/><F2/><W62/><G41/><T25/><D106/><U116/><E116/><V93/><F36/><W96/><G39/><T58/><D103/><U102/><E102/><V91/><F71/><W54/><G42/><T67/><D58/><U72/><E72/><V16/><F44/><W118/><G118/><T120/><D120/><U31/><E31/><V15/><F63/><W127/><G127/><T129/><D129/><U12/><E12/><V130/><F130/><W89/><G100/><T30/><D29/><U53/><E53/><RYUUKYOKU ba="0,0" sc="219,10,267,10,256,-30,258,10" hai0="21,25,30,56,61,67,84,88,97,99" hai1="27,57,60,64,83,87,90" hai3="18,26,47,49,54,59,62,65,89,92,96,113,114" /><INIT seed="3,1,0,5,2,73" ten="229,277,226,268" oya="3" hai0="51,2,133,119,34,120,128,112,28,52,9,96,75" hai1="110,23,59,33,49,18,104,69,89,25,116,8,66" hai2="103,106,22,95,87,20,111,84,10,50,114,67,79" hai3="85,117,5,6,27,41,46,135,30,80,61,56,127"/><W94/><G117/><T4/><D120/><U97/><E110/><V55/><F114/><W81/><G135/><T15/><D119/><U37/><E37/><V26/><F111/><W0/><G127/><T105/><D112/><U124/><E124/><V83/><F106/><W126/><G126/><T19/><D75/><U93/><E116/><V31/><F67/><W1/><G1/><T101/><D133/><U118/><E118/><V58/><F10/><W98/><G0/><T7/><D128/><U48/><E33/><V36/><F36/><W11/><G46/><T44/><REACH who="0" step="1"/><D2/><REACH who="0" ten="219,277,226,268" step="2"/><U129/><E129/><V123/><F123/><W43/><G5/><T100/><D100/><U53/><E104/><V12/><F103/><W64/><G6/><T132/><D132/><U47/><E69/><V13/><REACH who="2" step="1"/><F22/><REACH who="2" ten="219,277,216,268" step="2"/><N who="3" m="15735" /><G11/><T130/><D130/><U88/><E8/><V68/><F68/><W125/><G125/><T71/><D71/><U72/><E23/><V65/><F65/><W60/><G64/><T108/><D108/><U121/><E121/><V107/><F107/><W86/><G41/><T16/><D16/><U32/><E18/><V3/><F3/><W42/><G43/><T39/><D39/><U76/><E66/><V78/><F78/><W122/><G42/><T92/><D92/><U14/><E76/><V54/><F54/><W90/><G122/><T17/><D17/><U99/><E53/><V45/><F45/><W113/><G113/><T35/><D35/><U24/><E32/><V57/><F57/><W70/><G56/><T77/><D77/><U63/><E59/><RYUUKYOKU ba="1,2" sc="219,15,277,-15,216,15,268,-15" hai0="4,7,9,15,19,28,34,44,51,52,96,101,105" hai2="12,13,20,26,31,50,55,58,79,83,84,87,95" /><INIT seed="4,2,2,0,5,69" ten="234,262,231,253" oya="0" hai0="54,44,10,104,106,23,133,123,5,103,48,72,65" hai1="73,37,27,81,66,15,89,134,122,62,132,21,79" hai2="84,90,51,45,127,99,124,59,87,50,17,75,31" hai3="20,77,68,130,116,98,32,114,74,85,102,57,25"/><T33/><D123/><U129/><E122/><V108/><F108/><W96/><G116/><T109/><D33/><U12/><E89/><V128/><F75/><W3/><G68/><T105/><D72/><U88/><E37/><V8/><F128/><W43/><G3/><T101/><D109/><U26/><E26/><V36/><F31/><W100/><G32/><T38/><D65/><U58/><E88/><V112/><F112/><W2/><G2/><T41/><D23/><U24/><E24/><V97/><F59/><W56/><G74/><T7/><D133/><N who="1" m="51307" /><E129/><V29/><F29/><AGARI ba="2,2" hai="12,15,21,27,29,58,62,66,73,79,81" m="51307" machi="29" ten="30,1000,0" yaku="20,1" doraHai="69" who="1" fromWho="2" sc="234,0,262,36,231,-16,253,0" /><INIT seed="5,0,0,1,1,51" ten="234,298,215,253" oya="1" hai0="114,72,90,4,6,95,8,83,22,106,30,20,35" hai1="1,3,103,19,40,102,48,71,93,23,116,55,88" hai2="104,113,52,17,9,123,58,129,61,124,33,127,115" hai3="18,99,39,131,119,27,46,75,53,26,87,132,15"/><U81/><E71/><V63/><F123/><W5/><G75/><T32/><D106/><U76/><E40/><V112/><F129/><W60/><G131/><T122/><D122/><U41/><E41/><V62/><F33/><W134/><G119/><T128/><D35/><U56/><E3/><V98/><F17/><W12/><G39/><T42/><D6/><U0/><E0/><V10/><F104/><W109/><G109/><T100/><D42/><U108/><E1/><V2/><F98/><W37/><G37/><T16/><D100/><U64/><E64/><V126/><F2/><W34/><G99/><T43/><D43/><U69/><E69/><V7/><F7/><W118/><G118/><T117/><D117/><U89/><E108/><V66/><F66/><W36/><G36/><T130/><D4/><U38/><E38/><V92/><F92/><W73/><G34/><T79/><D32/><U94/><E76/><V125/><N who="2" m="31744" /><DORA hai="44" /><V80/><F80/><W24/><G5/><T110/><D110/><U107/><E81/><V21/><F21/><W74/><G18/><T97/><D8/><AGARI ba="0,0" hai="8,9,10,52,58,61,62,63,112,113,115" m="31744" machi="8" ten="80,8000,1" yaku="15,1,11,1,18,1,52,1,54,1" doraHai="51,44" who="2" fromWho="0" sc="234,-80,298,0,215,80,253,0" /><INIT seed="6,0,0,2,0,71" ten="154,298,295,253" oya="2" hai0="111,38,53,31,12,60,18,119,80,27,120,9,96" hai1="20,121,86,125,33,94,63,49,13,116,77,2,34" hai2="84,54,22,8,23,42,133,14,30,43,69,88,83" hai3="105,4,15,1,57,123,36,106,85,6,73,51,35"/><V99/><F69/><W112/><G123/><T16/><D111/><U114/><E116/><V58/><F133/><W76/><G35/><T37/><D119/><U132/><E2/><V98/><F98/><W68/><G68/><T64/><D120/><U3/><E3/><V11/><F99/><W97/><G1/><T61/><D80/><U113/><E63/><N who="2" m="36311" /><F8/><W47/><G73/><T75/><D75/><U59/><E125/><V103/><F103/><W7/><G112/><T45/><D18/><U90/><E77/><V115/><F115/><W118/><G118/><T56/><D96/><U129/><E121/><V48/><F48/><W101/><G106/><T62/><D45/><U107/><E107/><V41/><F30/><W26/><G26/><T17/><D17/><AGARI ba="0,0" hai="11,14,17,22,23,41,42,43,83,84,88" m="36311" machi="17" ten="30,2900,0" yaku="8,1,54,1" doraHai="71" who="2" fromWho="0" sc="154,-29,298,0,295,29,253,0" owari="125,-37.5,298,9.8,324,42.4,253,-14.7" /></mjloggm>