<mjloggm ver="2.3"><GO type="225" lobby="0"/><UN n0="%72%61%6B%33" n1="%E5%B0%8F%E9%B3%A5%E9%81%8A%E7%B7%B4%E7%84%A1%32%31%E6%AD%B3" n2="%E6%9D%B1%E9%A2%A8%E3%81%AE%E3%81%8D%E3%82%83%E3%81%B7%E3%81%95%E3%82%93" n3="%E3%83%A9%E3%83%96%E3%83%AC%E3%83%BC" dan="16,16,16,17" rate="2051.08,2150.59,2191.17,2160.33" sx="M,F,M,M"/><TAIKYOKU oya="0"/><INIT seed="0,0,0,3,3,62" ten="250,250,250,250" oya="0" hai0="29,25,88,81,87,107,28,18,21,120,6,32,74" hai1="54,93,3,4,27,46,17,121,126,85,99,115,39" hai2="23,47,113,102,133,71,119,73,105,13,124,26,43" hai3="51,31,34,49,84,80,129,59,103,60,36,116,12"/><T110/><D120/><U38/><E121/><V135/><F73/><W66/><G116/><T76/><D110/><U101/><E126/><V14/><F71/><W78/><G36/><T97/><D6/><U63/><E115/><V122/><F122/><W117/><G117/><T100/><REACH who="0" step="1"/><D32/><REACH who="0" ten="240,250,250,250" step="2"/><U98/><E4/><V75/><F119/><W37/><G34/><T83/><AGARI ba="0,1" hai="18,21,25,28,29,74,76,81,83,87,88,97,100,107" machi="83" ten="20,12000,1" yaku="1,1,2,1,0,1,7,1,54,1,53,0" doraHai="62" doraHaiUra="2" who="0" fromWho="0" sc="240,130,250,-40,250,-40,250,-40" /><INIT seed="0,1,0,3,0,9" ten="370,210,210,210" oya="0" hai0="62,71,30,114,15,33,122,54,28,124,63,119,115" hai1="61,78,32,91,23,74,102,103,2,43,12,134,40" hai2="35,36,7,121,110,18,88,56,55,77,50,19,41" hai3="97,22,120,107,135,95,4,123,75,104,82,26,101"/><T72/><D119/><U11/><E32/><V67/><F35/><W21/><G21/><T46/><D122/><N who="3" m="46633" /><G4/><T37/><D72/><U94/><E134/><V98/><F121/><W128/><G135/><T132/><D132/><U3/><E61/><V58/><F110/><W59/><G128/><T0/><D0/><U39/><E2/><V8/><F77/><N who="3" m="44351" /><G59/><T108/><D108/><U48/><E3/><V70/><F58/><W57/><G57/><T126/><D33/><U13/><E39/><V73/><F73/><W80/><G80/><T1/><D1/><U17/><E78/><V45/><F7/><W31/><AGARI ba="1,0" hai="22,26,31,95,97,101,104,107" m="44351,46633" machi="31" ten="30,1100,0" yaku="13,1" doraHai="9" who="3" fromWho="3" sc="370,-6,210,-4,210,-4,210,14" /><INIT seed="1,0,0,1,3,48" ten="364,206,206,224" oya="1" hai0="32,52,15,59,72,134,62,8,17,20,27,122,34" hai1="3,81,101,49,103,2,86,57,93,42,79,78,116" hai2="106,120,74,87,28,39,96,119,10,102,60,68,91" hai3="65,129,38,58,31,33,90,67,76,13,64,108,9"/><U92/><E116/><V22/><F74/><W46/><G108/><T112/><D112/><U110/><E110/><V123/><F39/><W63/><G129/><T82/><D134/><U83/><E42/><V12/><F119/><W18/><G76/><T73/><D122/><U121/><E121/><V115/><F115/><W47/><G33/><T100/><D100/><U24/><E24/><V80/><F22/><W55/><G31/><T37/><D37/><U40/><E40/><V0/><F28/><W77/><G77/><T69/><D69/><U88/><E2/><V133/><F0/><W4/><G38/><T41/><D41/><U26/><E26/><V30/><F30/><W45/><REACH who="3" step="1"/><G90/><REACH who="3" ten="364,206,206,214" step="2"/><T14/><D34/><U16/><E78/><V84/><F133/><W29/><G29/><T99/><D32/><U95/><E3/><V111/><F111/><W71/><G71/><T70/><D70/><U66/><E103/><V51/><F68/><W128/><G128/><T135/><D135/><U131/><E101/><V11/><F123/><W43/><G43/><T53/><D73/><U125/><E131/><V6/><F91/><W89/><G89/><T75/><D75/><U113/><E113/><V25/><F102/><W117/><G117/><T118/><D72/><U94/><E79/><V109/><F109/><W97/><G97/><T36/><D99/><U85/><E125/><V19/><F96/><W44/><N who="3" m="11264" /><DORA hai="132" /><W124/><G124/><T98/><D36/><U35/><E35/><V114/><F120/><W56/><G56/><T21/><D118/><U7/><E57/><RYUUKYOKU ba="0,1" sc="364,-10,206,-10,206,-10,214,30" hai3="4,9,13,18,55,58,63,64,65,67" /><INIT seed="2,1,1,2,2,86" ten="354,196,196,244" oya="2" hai0="5,19,26,44,49,130,74,31,65,47,108,1,129" hai1="118,99,116,119,90,107,134,57,68,114,41,88,61" hai2="45,34,98,24,4,11,59,80,94,75,79,124,123" hai3="82,56,12,50,9,40,67,18,121,85,92,28,103"/><V15/><F123/><W32/><G32/><T111/><D74/><U106/><E114/><V53/><F124/><W70/><G70/><T63/><D19/><U115/><E115/><V125/><F125/><W42/><G28/><T20/><D5/><U97/><E68/><V51/><F34/><W120/><G121/><T73/><D73/><U69/><E69/><V25/><REACH who="2" step="1"/><F45/><REACH who="2" ten="354,196,186,244" step="2"/><W128/><G120/><T62/><D44/><U2/><E134/><V13/><F13/><W101/><G12/><T8/><D47/><U95/><E2/><V96/><F96/><W33/><G33/><T27/><D1/><U43/><E107/><V30/><F30/><W60/><G42/><T110/><D31/><U83/><E106/><V113/><F113/><W38/><G40/><T35/><D35/><U58/><E83/><V29/><F29/><W22/><G82/><T77/><D111/><U100/><E99/><V122/><F122/><W48/><G92/><T105/><D105/><U81/><E81/><V87/><F87/><W89/><G85/><T54/><D110/><U16/><E41/><V127/><F127/><W23/><G128/><T55/><D129/><U112/><E43/><V64/><F64/><W0/><G67/><T126/><D65/><U39/><E112/><V104/><F104/><W66/><G66/><T117/><D126/><U10/><E118/><V132/><F132/><W76/><G0/><T91/><D130/><U7/><E119/><V133/><F133/><W17/><G56/><T36/><D117/><U78/><E116/><V21/><F21/><W131/><G23/><RYUUKYOKU ba="1,2" sc="354,-10,196,-10,186,30,244,-10" hai2="4,11,15,24,25,51,53,59,75,79,80,94,98" /><INIT seed="2,2,2,3,5,56" ten="344,186,216,234" oya="2" hai0="25,120,87,109,41,94,57,117,65,133,106,58,17" hai1="28,77,40,127,105,72,32,64,39,19,93,52,111" hai2="81,49,115,76,113,9,83,78,5,59,134,63,8" hai3="85,16,68,45,96,34,125,71,98,123,50,84,67"/><V114/><F49/><W62/><G34/><T80/><D106/><U103/><E111/><V108/><F108/><W101/><G71/><T122/><D109/><U91/><E127/><V3/><F9/><W88/><G123/><T104/><D104/><U11/><E64/><V23/><F23/><W1/><G85/><T132/><D41/><U24/><E40/><V73/><F134/><N who="0" m="51818" /><D94/><U51/><E39/><V131/><F131/><W86/><G84/><T69/><D69/><U37/><E37/><V70/><F70/><W61/><G1/><T27/><D117/><U107/><E103/><V53/><REACH who="2" step="1"/><F114/><REACH who="2" ten="344,186,206,234" step="2"/><W30/><G68/><T42/><D42/><U36/><E36/><V10/><F10/><W112/><G50/><T102/><D122/><U0/><E11/><V124/><F124/><W15/><G125/><T43/><D43/><U22/><E0/><V54/><F54/><W89/><G112/><T74/><D120/><U12/><E52/><V92/><F92/><W48/><G48/><T118/><D65/><U128/><E51/><V97/><F97/><W14/><G98/><T95/><D95/><U116/><E128/><V13/><F13/><W6/><G15/><T55/><D55/><U33/><E33/><V126/><F126/><W129/><G129/><T47/><D57/><U35/><E35/><V75/><AGARI ba="2,3" hai="3,5,8,53,59,63,73,75,76,78,81,83,113,115" machi="75" ten="20,12000,1" yaku="1,1,0,1,7,1,9,1,52,1,53,0" doraHai="56" doraHaiUra="44" who="2" fromWho="2" sc="344,-42,186,-42,206,156,234,-42" /><INIT seed="2,3,0,5,0,1" ten="302,144,362,192" oya="2" hai0="73,16,113,4,117,9,93,14,15,17,120,109,88" hai1="101,134,30,34,51,118,87,38,110,24,105,81,50" hai2="116,49,70,131,52,45,80,79,39,69,132,26,112" hai3="6,32,85,94,124,33,22,76,107,2,129,56,10"/><V91/><F116/><W111/><G107/><T60/><D113/><U41/><E118/><V59/><F112/><W7/><G111/><T90/><D117/><U58/><E110/><V82/><F132/><W53/><G124/><T62/><D109/><U83/><E134/><V54/><F131/><W119/><G119/><T126/><D120/><U11/><E38/><V102/><F102/><W127/><G127/><T78/><D126/><U77/><E83/><V42/><F26/><W68/><G68/><T3/><D3/><U100/><E105/><V123/><F123/><W122/><G129/><T133/><D133/><U20/><E34/><V57/><F91/><W115/><G33/><T29/><D29/><U35/><E35/><V135/><F135/><W128/><G32/><T86/><D17/><U19/><E51/><V40/><F82/><W130/><G2/><T48/><D48/><U108/><E108/><V8/><F8/><W95/><G122/><T47/><D47/><U0/><E0/><V114/><F42/><W55/><G115/><T13/><D13/><U92/><E92/><V21/><F21/><W37/><G37/><T89/><D73/><U103/><E58/><V99/><F99/><W5/><G130/><T31/><D31/><U104/><E104/><V12/><F12/><W43/><G128/><T65/><D78/><U97/><E97/><V121/><F121/><W25/><G43/><T63/><D65/><U64/><E64/><V71/><F114/><W74/><G74/><T61/><N who="0" m="15360" /><DORA hai="36" /><T67/><D67/><U72/><E72/><V28/><F39/><RYUUKYOKU ba="3,0" sc="302,30,144,-10,362,-10,192,-10" hai0="4,9,14,15,16,86,88,89,90,93" /><INIT seed="3,4,0,0,1,99" ten="332,134,352,182" oya="3" hai0="14,105,87,133,4,88,113,117,111,10,96,119,56" hai1="106,11,43,77,67,18,46,94,110,58,22,61,34" hai2="15,122,100,1,107,84,42,44,78,25,48,118,55" hai3="102,24,7,52,13,26,63,104,83,20,120,21,128"/><W75/><G120/><T8/><D111/><U123/><E110/><V121/><F1/><W129/><G7/><T97/><D133/><U114/><E114/><V16/><F25/><W17/><G75/><T31/><D113/><U92/><E34/><V9/><F118/><W5/><G5/><T53/><D31/><U47/><E123/><N who="2" m="47115" /><F100/><W49/><G63/><T91/><D91/><U86/><E11/><V66/><F66/><W125/><G83/><T23/><D23/><U27/><E106/><V62/><F107/><W38/><G38/><T40/><D40/><U50/><REACH who="1" step="1"/><E47/><REACH who="1" ten="332,124,352,182" step="2"/><V124/><F124/><W3/><G125/><T72/><D72/><U79/><E79/><V74/><F74/><W12/><G3/><T2/><D117/><U73/><E73/><V29/><F78/><W135/><G129/><T115/><D115/><U93/><E93/><V39/><F9/><W108/><G128/><T89/><D119/><U127/><E127/><V59/><F84/><W30/><G135/><T116/><D116/><U95/><E95/><V69/><F44/><W68/><G108/><T71/><D71/><U80/><AGARI ba="4,1" hai="18,22,27,43,46,50,58,61,67,77,80,86,92,94" machi="80" ten="30,7900,0" yaku="1,1,0,1,8,1,53,1" doraHai="99" doraHaiUra="57" who="1" fromWho="1" sc="332,-24,124,101,352,-24,182,-43" owari="308,10.8,225,-17.5,328,42.8,139,-36.1" /></mjloggm>