<mjloggm ver="2.3"><GO type="225" lobby="0"/><UN n0="%73%6C%69%63%6B%33%31%39" n1="%E3%83%AD%E3%83%83%E3%83%86%E9%9B%80%E7%90%83" n2="%E3%83%9F%E3%83%AA%E3%83%80%E3%81%97%E3%82%88" n3="%6D%75%75%6D%75%72%61" dan="17,17,16,17" rate="2170.14,2151.65,2080.69,2232.58" sx="M,M,M,F"/><TAIKYOKU oya="0"/><INIT seed="0,0,0,5,1,43" ten="250,250,250,250" oya="0" hai0="85,72,5,130,25,68,58,92,98,6,73,128,53" hai1="105,22,8,110,121,50,122,77,84,57,21,87,113" hai2="63,11,111,17,15,39,112,69,86,64,91,13,54" hai3="99,45,120,52,61,18,115,27,32,95,103,49,81"/><T104/><D68/><U131/><E105/><V117/><F112/><W132/><G115/><T23/><D85/><U116/><E116/><V20/><F117/><W60/><G132/><T71/><D71/><U36/><E36/><V102/><F102/><W10/><G120/><T34/><D34/><U74/><E110/><V107/><F107/><W51/><G32/><T101/><D104/><U83/><E131/><N who="0" m="50217" /><D72/><U123/><E8/><V78/><F111/><W1/><G1/><T9/><D73/><U33/><E33/><V66/><F66/><W40/><G81/><T62/><D9/><U108/><E108/><V26/><F78/><W79/><G79/><T59/><D59/><U29/><E113/><V55/><F39/><W47/><G27/><T4/><D5/><U38/><E87/><V48/><F15/><AGARI ba="0,0" hai="10,15,18,40,45,47,49,51,52,60,61,95,99,103" machi="15" ten="40,8000,1" yaku="8,1,52,2,54,1" doraHai="43" who="3" fromWho="2" sc="250,0,250,0,250,-80,250,80" /><INIT seed="1,0,0,3,4,76" ten="250,250,170,330" oya="1" hai0="38,43,62,123,4,108,122,58,110,81,11,53,125" hai1="106,40,80,52,119,109,94,133,120,86,65,124,1" hai2="26,3,59,16,135,18,63,114,121,72,32,54,134" hai3="17,33,0,15,47,56,50,68,113,30,97,104,74"/><U130/><E119/><V24/><F121/><N who="0" m="46090" /><D81/><U107/><E124/><V71/><F71/><W127/><G68/><T95/><D95/><U22/><E130/><V25/><F72/><W46/><G0/><N who="0" m="391" /><D125/><U44/><E133/><N who="2" m="50699" /><F114/><W126/><G74/><T23/><D23/><U70/><E109/><V100/><F100/><W87/><G113/><T8/><D8/><U102/><E22/><V82/><F3/><W132/><G132/><T14/><D14/><U6/><E107/><V84/><F32/><W48/><G33/><T21/><D21/><U88/><E106/><V64/><F64/><W118/><G104/><T66/><D53/><U73/><E52/><V28/><F28/><W5/><G30/><T78/><D78/><AGARI ba="0,0" hai="16,18,24,25,26,54,59,63,78,82,84" m="50699" machi="78" ten="30,3900,0" yaku="20,1,52,1,54,1" doraHai="76" who="2" fromWho="0" sc="250,-39,250,0,170,39,330,0" /><INIT seed="2,0,0,0,4,114" ten="211,250,209,330" oya="2" hai0="124,24,55,25,31,95,49,69,43,13,117,39,127" hai1="101,11,19,129,126,52,104,74,34,26,107,63,70" hai2="67,45,84,97,81,36,2,14,21,116,109,38,53" hai3="33,7,121,8,102,46,65,113,128,90,30,106,47"/><V80/><F2/><W135/><G121/><T88/><D69/><U134/><E74/><V77/><F116/><W123/><G123/><T94/><D117/><U99/><E126/><N who="0" m="48169" /><D13/><U79/><E129/><V98/><F109/><W64/><G102/><T71/><D71/><U73/><E134/><V35/><F35/><W56/><G106/><T87/><D43/><U40/><E40/><V66/><F38/><W103/><G30/><T15/><D15/><U118/><E118/><V62/><F36/><W28/><G56/><N who="0" m="32879" /><D39/><U108/><E107/><V54/><F54/><W20/><G65/><N who="2" m="24585" /><F80/><W76/><G33/><N who="0" m="20711" /><D25/><U119/><E108/><V27/><F14/><W85/><G113/><T132/><D132/><U83/><E119/><V48/><F62/><W68/><G135/><T50/><D50/><U23/><E34/><V125/><F125/><W120/><G128/><T42/><D42/><U75/><E70/><V78/><F78/><W110/><G76/><T131/><D131/><U93/><E104/><V91/><F77/><W61/><G110/><T57/><D57/><N who="1" m="35239" /><E75/><V112/><F112/><W86/><G120/><T130/><D130/><U32/><E32/><V100/><F100/><W22/><G103/><T105/><D105/><U9/><E73/><V18/><AGARI ba="0,0" hai="18,21,27,45,48,53,81,84,91,97,98" m="24585" machi="18" ten="30,1500,0" yaku="8,1" doraHai="114" who="2" fromWho="2" sc="211,-5,250,-5,209,15,330,-5" /><INIT seed="2,1,0,0,5,79" ten="206,245,224,325" oya="2" hai0="66,83,117,88,14,40,41,48,54,126,109,116,5" hai1="52,93,105,127,32,8,33,123,58,77,4,108,130" hai2="75,55,27,84,45,61,100,46,31,102,97,87,65" hai3="73,98,26,37,70,94,6,43,119,36,118,3,49"/><V25/><F75/><W34/><G73/><T35/><D35/><U74/><E105/><V16/><F31/><W114/><G70/><T11/><D109/><U85/><E108/><V121/><F121/><W39/><G3/><T78/><D126/><U47/><E127/><V122/><F122/><W106/><G106/><T103/><D66/><U125/><E125/><V90/><F55/><W38/><G6/><T128/><D128/><U22/><E130/><V133/><F133/><W82/><G39/><T42/><D103/><N who="2" m="39466" /><F61/><W67/><G34/><T96/><D96/><U50/><E22/><N who="2" m="13511" /><F27/><W1/><G26/><T28/><D28/><U95/><E123/><V135/><F65/><W92/><G67/><T29/><D29/><U17/><E74/><V80/><F97/><W104/><G1/><T20/><D20/><U81/><E33/><V86/><F135/><W124/><G104/><T132/><D132/><U51/><E32/><V71/><F71/><W44/><G124/><T89/><D117/><U59/><E17/><V30/><F30/><W18/><G98/><T13/><D13/><N who="1" m="5255" /><E59/><V113/><F113/><W112/><G18/><T56/><REACH who="0" step="1"/><D116/><REACH who="0" ten="196,245,224,325" step="2"/><U129/><E129/><V12/><F12/><W57/><G118/><T120/><D120/><U107/><E107/><V64/><F64/><W131/><G119/><T0/><D0/><U134/><E134/><V69/><F69/><W53/><G131/><T68/><D68/><U19/><E19/><V2/><F2/><W62/><G112/><T9/><D9/><U23/><E23/><V63/><F63/><N who="3" m="36271" /><G114/><T115/><D115/><RYUUKYOKU ba="1,1" sc="196,10,245,10,224,10,325,-30" hai0="5,11,14,40,41,42,48,54,56,78,83,88,89" hai1="47,50,51,52,58,77,81,85,93,95" hai2="45,46,80,84,86,87,90" /><INIT seed="2,2,1,3,0,50" ten="206,255,234,295" oya="2" hai0="130,93,132,99,72,97,10,52,14,48,63,39,62" hai1="84,131,59,9,38,15,17,90,121,120,7,108,12" hai2="71,44,95,13,103,117,109,65,28,16,80,6,43" hai3="55,26,30,64,41,129,91,36,47,32,126,45,18"/><V66/><F117/><W112/><G126/><T88/><D130/><U119/><E119/><V53/><F28/><W125/><G125/><T81/><D132/><U134/><E131/><V31/><F31/><W33/><G129/><T5/><D39/><U54/><E38/><V20/><F109/><W85/><G64/><T3/><D3/><U114/><E114/><V128/><F128/><W70/><G70/><T87/><D72/><U82/><E134/><V27/><F71/><W122/><G122/><T111/><D111/><U76/><E108/><V37/><F80/><W2/><G2/><T75/><D75/><U135/><E135/><V49/><F103/><W118/><G118/><T21/><D21/><U96/><E96/><N who="0" m="36937" /><D93/><U58/><E76/><V56/><REACH who="2" step="1"/><F95/><REACH who="2" ten="206,255,224,295" step="2"/><W116/><G116/><T115/><D115/><U23/><REACH who="1" step="1"/><E59/><AGARI ba="2,2" hai="5,10,14,48,52,59,62,63,81,87,88" m="36937" machi="59" ten="30,7700,0" yaku="8,1,52,1,54,2" doraHai="50" who="0" fromWho="1" sc="206,103,255,-83,224,0,295,0" /><INIT seed="3,0,0,2,5,43" ten="309,172,224,295" oya="3" hai0="2,31,88,4,91,46,37,120,96,116,15,7,67" hai1="38,19,71,76,104,132,98,13,86,114,103,42,122" hai2="21,74,80,36,27,85,35,17,99,62,108,79,87" hai3="55,83,118,110,14,58,41,117,66,34,11,53,47"/><W63/><G34/><T73/><D116/><U22/><E114/><V82/><F108/><W23/><G110/><T3/><D120/><U33/><E132/><V131/><F131/><W32/><G32/><T107/><D73/><U6/><E122/><V106/><F36/><W81/><G23/><T49/><D37/><U40/><E33/><V113/><F113/><W65/><G65/><T25/><D67/><U133/><E133/><V56/><F74/><W45/><G117/><T95/><D107/><U52/><E71/><V61/><F35/><W135/><G135/><T90/><D2/><U127/><E127/><V20/><F20/><W64/><G64/><T44/><D3/><U60/><E6/><V97/><F106/><W24/><G24/><T84/><D31/><U10/><E10/><V129/><F129/><W68/><G68/><T50/><D25/><U130/><E130/><V112/><F112/><W78/><G41/><N who="0" m="24719" /><D15/><U102/><E102/><V57/><F57/><N who="3" m="37231" /><G55/><N who="0" m="30167" /><D90/><U125/><E125/><V70/><F70/><W26/><G26/><T93/><AGARI ba="0,0" hai="4,7,84,88,91,93,95,96" m="30167,24719" machi="93" ten="30,7900,0" yaku="8,1,52,2,54,1" doraHai="43" who="0" fromWho="0" sc="309,79,172,-20,224,-20,295,-39" owari="388,48.8,152,-34.8,204,-19.6,256,5.6" /></mjloggm>