<mjloggm ver="2.3"><GO type="225" lobby="0"/><UN n0="%E5%AE%AE%E4%BF%9D%E9%B6%8F%E8%82%89" n1="%E9%89%A2%E5%B7%BB%E3%82%AC%E3%83%96" n2="%E9%A2%A8%E3%81%A7%E9%B3%B4%E3%81%8F" n3="%6D%75%75%6D%75%72%61" dan="16,16,16,16" rate="2125.16,2057.05,2159.28,2119.38" sx="M,M,M,F"/><TAIKYOKU oya="0"/><INIT seed="0,0,0,1,4,21" ten="250,250,250,250" oya="0" hai0="132,17,38,117,7,3,103,34,19,95,64,44,20" hai1="86,116,9,90,70,37,131,42,61,1,48,4,28" hai2="93,126,129,13,6,125,114,63,79,76,66,118,26" hai3="134,40,39,54,107,23,85,81,74,72,25,111,130"/><T104/><D117/><U29/><E116/><V53/><F114/><W120/><G111/><T67/><D34/><U124/><E124/><N who="2" m="47723" /><F118/><W18/><G130/><T49/><D38/><U60/><E37/><V73/><F73/><W65/><G134/><T15/><D104/><U123/><E123/><V133/><F133/><W2/><G120/><T14/><D7/><U78/><E78/><V71/><F129/><W11/><G107/><T119/><D3/><U10/><E10/><N who="2" m="4311" /><F53/><W51/><G65/><T8/><D132/><U55/><E131/><V57/><F71/><W113/><G113/><T99/><REACH who="0" step="1"/><D119/><REACH who="0" ten="240,250,250,250" step="2"/><U16/><E4/><V112/><F112/><W121/><G121/><T106/><D106/><U68/><E1/><V84/><F93/><W31/><G2/><T12/><D12/><U115/><E115/><V101/><F101/><W50/><G39/><T135/><D135/><U122/><E122/><V89/><F26/><W98/><G25/><T33/><D33/><U56/><E70/><V30/><F30/><W47/><G31/><T109/><D109/><U128/><E68/><V43/><F43/><AGARI ba="0,1" hai="8,14,15,17,19,20,43,44,49,64,67,95,99,103" machi="43" ten="30,11600,0" yaku="1,1,7,1,8,1,53,1" doraHai="21" doraHaiUra="5" who="0" fromWho="2" sc="240,126,250,0,250,-116,250,0" /><INIT seed="0,1,0,0,5,8" ten="366,250,134,250" oya="0" hai0="78,1,102,24,18,100,110,38,26,5,111,105,86" hai1="44,46,96,88,135,103,133,41,11,98,77,13,125" hai2="127,35,47,58,114,23,12,95,28,50,69,4,62" hai3="116,39,82,25,51,68,90,132,17,112,59,124,71"/><T118/><D118/><U14/><E125/><V42/><F127/><W0/><G124/><T104/><D38/><U10/><E77/><V36/><F114/><W2/><G39/><T20/><D1/><U126/><E126/><V16/><F4/><W119/><G112/><T89/><D5/><U6/><E103/><N who="0" m="39465" /><D78/><U9/><E6/><V27/><F95/><W45/><G2/><T87/><D24/><U33/><E33/><V70/><REACH who="2" step="1"/><F36/><REACH who="2" ten="366,250,124,250" step="2"/><W67/><G116/><T3/><D104/><U109/><E133/><V123/><F123/><W107/><G132/><T49/><D105/><U15/><E135/><V34/><F34/><W64/><G107/><T128/><D3/><U117/><E117/><V91/><F91/><W66/><G0/><T81/><D89/><U84/><E109/><V134/><F134/><W65/><G119/><T75/><D111/><U32/><E32/><V61/><F61/><W106/><G106/><T57/><D110/><U99/><E41/><V37/><F37/><W76/><G68/><T31/><D49/><U97/><N who="1" m="24576" /><DORA hai="54" /><U79/><REACH who="1" step="1"/><E79/><REACH who="1" ten="366,240,124,250" step="2"/><V129/><F129/><W55/><G76/><T52/><D128/><U48/><E48/><V72/><F72/><W113/><G51/><T83/><D75/><U101/><E101/><V80/><F80/><AGARI ba="1,2" hai="9,10,11,13,14,15,44,46,80,84,88" m="24576" machi="80" ten="60,16000,3" yaku="1,1,29,2,8,1,52,3,54,1,53,0" doraHai="8,54" doraHaiUra="30,53" who="1" fromWho="2" sc="366,0,240,183,124,-163,250,0" owari="366,16.6,423,52.3,-39,-53.9,250,-15.0" /></mjloggm>