<mjloggm ver="2.3"><GO type="225" lobby="0"/><UN n0="%E5%B8%86%E7%AB%8B%E5%A4%8F%E8%A1%A3" n1="%E5%8D%A0%E3%81%84%E5%B8%AB%E8%A3%8F%E3%81%AA%E3%81%84%E3%81%97" n2="%E4%BF%BA%E3%81%A8%E5%A6%96%E5%A4%A2" n3="%E3%81%90%E3%81%A1%E3%82%84%E3%81%BE" dan="17,17,16,16" rate="2162.30,2193.01,2146.05,2132.83" sx="M,M,F,M"/><TAIKYOKU oya="0"/><INIT seed="0,0,0,0,0,119" ten="250,250,250,250" oya="0" hai0="105,13,85,30,106,55,57,104,84,83,69,109,49" hai1="17,111,96,98,41,68,110,51,42,9,73,78,43" hai2="99,28,89,0,108,38,67,86,61,126,60,34,107" hai3="113,124,92,133,101,76,47,24,64,8,66,95,102"/><T123/><D123/><U33/><E33/><V62/><F38/><W72/><G113/><T103/><D109/><N who="1" m="41483" /><E68/><V74/><F108/><W131/><G66/><T63/><D30/><U50/><E78/><V122/><F74/><W80/><G64/><T32/><D32/><U2/><E73/><V79/><F0/><W118/><G47/><T70/><D103/><N who="3" m="39433" /><G24/><T127/><D127/><U27/><E27/><V4/><F4/><W56/><G56/><T19/><D63/><U129/><E129/><V81/><F107/><W22/><G22/><T45/><D57/><U90/><E90/><V112/><F60/><W48/><G48/><N who="1" m="18474" /><E17/><V130/><F61/><W5/><G131/><T132/><D84/><U10/><E2/><V3/><F3/><W121/><G118/><T52/><D55/><U21/><E21/><V87/><F34/><W94/><G124/><T117/><D117/><U7/><E7/><V91/><F62/><W39/><G39/><T88/><REACH who="0" step="1"/><D132/><REACH who="0" ten="240,250,250,250" step="2"/><U31/><E31/><V128/><F28/><W54/><G54/><T14/><D14/><U46/><E46/><V23/><F126/><W93/><G133/><T82/><D82/><U16/><E16/><V15/><F67/><W75/><G75/><T120/><D120/><U125/><E125/><V11/><F122/><W115/><G121/><T135/><D135/><U77/><E77/><V100/><F128/><W71/><G71/><T36/><D36/><U40/><N who="1" m="10240" /><DORA hai="6" /><U97/><AGARI ba="0,1" hai="9,10,96,97,98" m="10240,18474,41483" machi="97" ten="50,12000,2" yaku="4,1,28,2,14,1,52,2" doraHai="119,6" who="1" fromWho="1" sc="240,-60,250,130,250,-30,250,-30" /><INIT seed="1,0,0,3,5,88" ten="180,380,220,220" oya="1" hai0="34,116,40,9,98,75,51,38,21,43,93,120,86" hai1="104,13,61,10,45,27,15,101,80,131,60,125,47" hai2="97,106,107,119,100,81,79,117,115,32,92,16,28" hai3="36,18,122,134,2,41,113,33,0,7,54,111,78"/><U118/><E118/><V53/><F115/><W109/><G122/><T89/><D34/><U124/><E131/><V112/><F112/><W99/><G113/><T17/><D116/><U25/><E101/><V37/><F37/><W24/><G134/><T14/><D120/><U22/><E80/><V83/><F117/><W103/><G78/><T29/><D75/><U69/><E22/><V62/><F119/><W68/><G68/><T121/><D38/><U129/><E10/><V130/><F130/><W66/><G66/><T114/><D114/><U67/><E67/><V95/><F81/><W73/><G73/><T42/><D121/><U48/><E48/><V123/><F107/><W127/><G127/><T105/><D105/><U63/><E104/><V70/><F123/><W87/><G103/><T52/><D29/><U102/><E102/><V71/><F71/><W108/><G33/><T132/><D132/><U77/><E77/><V26/><F16/><W8/><G18/><T56/><D9/><U82/><E82/><V4/><F4/><W90/><G7/><T20/><D21/><U133/><E69/><V128/><F128/><W72/><G8/><T135/><D135/><U44/><E129/><V50/><F50/><W85/><G108/><T84/><AGARI ba="0,0" hai="14,17,20,40,42,43,51,52,56,84,86,89,93,98" machi="84" ten="30,7900,0" yaku="0,1,8,1,52,1,54,1" doraHai="88" who="0" fromWho="0" sc="180,79,380,-39,220,-20,220,-20" /><INIT seed="2,0,0,2,3,3" ten="259,341,200,200" oya="2" hai0="107,121,115,8,70,125,24,133,25,108,86,6,111" hai1="85,91,99,65,49,124,122,42,135,12,60,78,105" hai2="62,101,20,79,68,102,87,130,33,113,28,63,92" hai3="23,110,67,117,44,30,39,50,0,9,119,88,37"/><V35/><F113/><W112/><G112/><T73/><D73/><U109/><E109/><N who="0" m="42057" /><D115/><U41/><E124/><V11/><F130/><W57/><G110/><T94/><D107/><U90/><E135/><V45/><F68/><W5/><G67/><T29/><D70/><U15/><E78/><V80/><F33/><W14/><G57/><T74/><D74/><U129/><E129/><V55/><F35/><W51/><G51/><T131/><D131/><U103/><E122/><V106/><F106/><W81/><G119/><T17/><D125/><U66/><E66/><V128/><F128/><W77/><G117/><T48/><D121/><U84/><E84/><V93/><F11/><W69/><G69/><T10/><D29/><U32/><E32/><V22/><F45/><W54/><G88/><N who="0" m="53527" /><D48/><U95/><E90/><V61/><F28/><W126/><G126/><T134/><D10/><U75/><E75/><V114/><F114/><W104/><G104/><T40/><D40/><N who="1" m="15467" /><E49/><V16/><F55/><W96/><G96/><T59/><D59/><U43/><E43/><V53/><F53/><W27/><REACH who="3" step="1"/><G0/><REACH who="3" ten="259,341,200,190" step="2"/><N who="0" m="71" /><D17/><U52/><E65/><V7/><F16/><W98/><G98/><T83/><D83/><N who="1" m="49599" /><E105/><V100/><F92/><W82/><G82/><T47/><D47/><U116/><E116/><V71/><F93/><W13/><G13/><T34/><D134/><U64/><E64/><V56/><F71/><W97/><G97/><T123/><D133/><U89/><E89/><V2/><F56/><AGARI ba="0,1" hai="12,15,52,56,60,95,99,103" m="49599,15467" machi="56" ten="30,2000,0" yaku="8,1,54,1" doraHai="3" who="1" fromWho="2" sc="259,0,341,30,200,-20,190,0" /><INIT seed="3,0,0,5,4,55" ten="259,371,180,190" oya="3" hai0="7,0,99,64,101,88,47,98,81,133,84,77,120" hai1="127,82,67,115,96,97,35,102,17,21,42,22,58" hai2="34,46,72,122,50,105,27,104,131,69,23,93,65" hai3="117,51,90,57,48,87,92,74,16,52,10,119,103"/><W39/><G39/><T26/><D120/><U32/><E115/><V54/><F34/><W86/><G74/><T113/><D133/><U33/><E42/><V61/><F72/><W36/><G36/><T70/><D113/><U110/><E110/><V130/><F122/><W108/><G108/><T100/><D47/><U53/><E67/><V114/><F93/><W19/><G117/><T43/><D43/><U94/><E127/><V12/><F12/><N who="3" m="7191" /><G119/><T106/><D26/><U123/><E123/><V126/><F126/><W59/><G103/><T116/><D116/><U38/><E38/><V83/><F83/><W11/><G87/><T25/><D25/><U128/><E128/><N who="2" m="49195" /><F114/><W63/><G59/><T95/><D7/><U76/><E58/><V135/><F135/><W45/><G45/><T4/><D4/><U3/><E102/><V66/><F66/><W80/><G92/><T29/><D29/><AGARI ba="0,0" hai="23,27,29,46,50,54,61,65,69,104,105" m="49195" machi="29" ten="30,1000,0" yaku="19,1" doraHai="55" who="2" fromWho="0" sc="259,-10,371,0,180,10,190,0" owari="249,4.9,371,47.1,190,-21.0,190,-31.0" /></mjloggm>