<mjloggm ver="2.3"><GO type="225" lobby="0"/><UN n0="%45%6C%79%73%69%75%6D" n1="%E5%8F%AF%E5%85%90%E9%82%A3%E7%94%B1%E5%A4%9A" n2="%72%69%6F%75%63%68%61%6E" n3="%EF%BC%AE%EF%BC%A1%EF%BC%AF%33%33%39" dan="17,17,17,16" rate="2103.51,2250.30,2170.09,2051.68" sx="F,F,M,M"/><TAIKYOKU oya="0"/><INIT seed="0,0,0,3,0,133" ten="250,250,250,250" oya="0" hai0="74,130,134,122,61,111,96,121,76,25,9,84,60" hai1="33,41,57,112,92,77,54,26,31,87,64,108,79" hai2="62,72,75,43,7,114,131,89,80,40,81,69,132" hai3="47,120,86,10,104,14,99,98,23,78,68,129,71"/><T97/><D134/><U16/><E108/><V27/><F132/><W17/><G129/><T42/><D130/><U113/><E41/><V39/><F131/><W118/><G118/><T63/><D111/><U12/><E64/><V36/><F114/><N who="1" m="44137" /><E92/><V53/><F7/><W49/><G120/><T83/><D42/><N who="2" m="15914" /><F62/><W44/><G68/><T51/><D51/><N who="1" m="30943" /><E87/><V105/><F69/><W59/><G71/><T52/><D52/><U73/><E73/><N who="2" m="28235" /><F53/><N who="3" m="32175" /><G104/><T66/><D66/><U109/><E109/><V88/><F105/><W127/><G44/><T15/><D84/><U65/><E65/><V19/><F19/><W38/><G47/><T11/><D122/><U3/><E3/><V135/><F27/><W85/><G85/><T6/><D121/><U5/><E5/><V124/><F124/><W93/><G127/><T18/><REACH who="0" step="1"/><D25/><REACH who="0" ten="240,250,250,250" step="2"/><U34/><E34/><V107/><F135/><W123/><G123/><T56/><D56/><U32/><E32/><V28/><F28/><W126/><G86/><T106/><D106/><U50/><E50/><V94/><F107/><W116/><G126/><T82/><D82/><N who="2" m="31850" /><F94/><W48/><G93/><T101/><D101/><U45/><E45/><V29/><F29/><W91/><G48/><T55/><D55/><U21/><AGARI ba="0,1" hai="12,16,21,26,31,33,77,79" m="30943,44137" machi="21" ten="30,2000,0" yaku="11,1,54,1" doraHai="133" who="1" fromWho="1" sc="240,-10,250,30,250,-5,250,-5" /><INIT seed="1,0,0,1,3,4" ten="230,280,245,245" oya="1" hai0="31,49,17,32,94,37,54,2,109,74,95,55,102" hai1="20,128,11,23,111,71,90,26,65,116,16,15,112" hai2="124,92,70,7,24,35,85,56,5,10,28,30,103" hai3="104,9,33,126,72,99,123,69,34,106,118,78,77"/><U36/><E36/><V64/><F70/><W50/><G123/><T80/><D109/><U29/><E112/><V45/><F124/><W53/><G69/><T81/><D37/><U59/><E116/><V60/><F28/><W119/><G126/><T133/><D133/><U22/><E71/><V1/><F5/><W96/><G50/><T134/><D134/><U0/><E128/><V63/><F60/><W61/><G61/><T83/><D74/><U120/><E120/><V121/><F121/><W27/><G27/><T12/><D2/><U132/><E132/><V93/><F103/><W25/><G25/><T97/><D94/><U41/><E111/><V122/><F122/><W108/><G108/><T114/><D114/><U75/><E75/><V19/><F85/><W44/><G72/><T76/><D76/><U3/><E41/><V130/><F130/><W79/><G79/><T62/><D62/><N who="1" m="38111" /><E0/><V117/><F117/><W21/><G53/><T51/><D31/><U125/><E125/><V68/><F68/><W18/><G104/><T115/><D32/><N who="1" m="20535" /><E90/><V91/><F91/><W88/><G88/><T101/><D101/><U47/><E47/><V110/><F110/><W46/><G106/><T52/><REACH who="0" step="1"/><D115/><REACH who="0" ten="220,280,245,245" step="2"/><U58/><E3/><V84/><F84/><W13/><G118/><T105/><D105/><U39/><E39/><V86/><F86/><W135/><G135/><T107/><D107/><U73/><E73/><V43/><REACH who="2" step="1"/><F19/><REACH who="2" ten="220,280,235,245" step="2"/><W14/><G18/><T89/><D89/><U127/><E127/><V113/><F113/><W38/><G119/><T42/><D42/><RYUUKYOKU ba="0,2" sc="220,10,280,10,235,10,245,-30" hai0="12,17,49,51,52,54,55,80,81,83,95,97,102" hai1="11,15,16,20,22,23,58" hai2="1,7,10,24,30,35,43,45,56,63,64,92,93" /><INIT seed="1,1,2,3,1,86" ten="230,290,245,215" oya="1" hai0="27,26,119,4,94,81,123,24,5,55,112,111,109" hai1="128,19,72,51,11,96,60,79,85,88,48,67,8" hai2="76,41,95,54,87,65,56,84,83,14,99,23,69" hai3="74,102,127,34,121,110,80,52,113,28,89,33,77"/><U36/><E36/><V6/><F41/><W125/><G113/><T12/><D112/><U46/><E128/><V30/><F69/><W59/><G121/><T92/><D123/><U114/><E114/><V75/><F65/><W42/><G42/><T106/><D106/><U1/><E72/><V129/><F129/><W57/><G102/><T61/><D119/><U100/><E79/><V133/><F133/><W35/><G59/><N who="0" m="35071" /><D81/><U37/><E37/><V120/><F120/><W78/><G78/><T29/><D29/><U49/><E1/><V58/><F58/><W13/><G28/><T90/><D12/><U53/><E96/><V126/><F126/><N who="3" m="48139" /><G110/><N who="0" m="41995" /><D94/><U130/><E130/><V63/><F6/><W91/><G13/><T97/><AGARI ba="1,2" hai="4,5,24,26,27,90,92,97" m="41995,35071" machi="97" ten="30,2000,0" yaku="14,1,52,1" doraHai="86" who="0" fromWho="0" sc="230,43,290,-11,245,-6,215,-6" /><INIT seed="2,0,0,2,2,79" ten="273,279,239,209" oya="2" hai0="119,118,62,28,3,14,76,34,113,125,22,78,70" hai1="38,50,105,54,25,127,77,112,110,60,59,90,87" hai2="92,39,37,21,16,85,102,135,49,20,29,10,128" hai3="82,51,58,71,8,93,109,67,73,101,123,120,53"/><V104/><F128/><W35/><G35/><T99/><D113/><U108/><E112/><V47/><F135/><W129/><G129/><T56/><D125/><U131/><E38/><V52/><F104/><W24/><G24/><T86/><D3/><U114/><E114/><V19/><F29/><W116/><G116/><T115/><D70/><U89/><E131/><V30/><F30/><W65/><G109/><N who="1" m="42090" /><E105/><V95/><F10/><W97/><G8/><T91/><D99/><U61/><E127/><V9/><F9/><W124/><G124/><T63/><D34/><U75/><E75/><V126/><F126/><W121/><REACH who="3" step="1"/><G71/><REACH who="3" ten="273,279,239,199" step="2"/><T31/><D115/><U122/><E25/><N who="2" m="14471" /><F37/><W18/><G18/><T96/><D118/><U134/><E134/><V66/><F39/><W55/><G55/><T94/><D119/><U12/><E122/><V40/><F66/><W27/><G27/><T5/><D31/><U17/><E17/><V2/><F2/><W107/><G107/><T100/><D28/><U64/><E12/><N who="2" m="9447" /><F102/><W111/><G111/><T15/><D22/><U69/><E69/><V80/><F40/><W43/><G43/><T48/><D14/><U23/><E23/><V7/><F7/><W68/><G68/><T72/><D15/><U57/><E64/><V11/><F11/><W106/><G106/><T32/><D5/><U6/><E6/><V81/><F81/><W4/><G4/><T45/><D32/><U88/><E57/><V33/><F33/><W13/><G13/><T42/><D100/><U132/><E132/><V117/><F117/><W133/><G133/><RYUUKYOKU ba="0,1" sc="273,-30,279,10,239,10,199,10" hai1="50,54,59,60,61,77,87,88,89,90" hai2="47,49,52,80,85,92,95" hai3="51,53,58,65,67,73,82,93,97,101,120,121,123" /><INIT seed="2,1,1,0,3,54" ten="243,289,249,209" oya="2" hai0="99,14,134,37,129,47,128,75,63,113,109,100,32" hai1="115,80,84,20,19,117,124,68,39,78,122,57,29" hai2="70,8,34,12,52,77,130,114,55,23,102,91,133" hai3="6,25,131,26,76,97,4,105,11,112,28,101,107"/><V67/><F114/><W65/><G76/><T16/><D113/><U21/><E115/><V96/><F34/><W125/><G112/><T35/><D75/><U126/><E68/><V40/><F130/><N who="0" m="50282" /><D109/><U93/><E117/><V13/><F133/><W85/><G131/><T119/><D134/><U87/><E39/><V48/><F77/><W89/><G105/><N who="0" m="63647" /><D119/><U53/><E122/><V59/><F91/><W94/><G125/><N who="1" m="48234" /><E29/><V127/><F127/><W121/><G121/><T36/><D63/><N who="1" m="36271" /><E19/><N who="2" m="10727" /><F70/><W2/><G28/><T118/><D118/><U3/><E3/><V1/><F1/><W33/><G33/><N who="0" m="12875" /><D47/><U106/><E106/><V49/><F40/><W38/><G38/><T10/><AGARI ba="1,1" hai="10,14,16,36,37" m="12875,63647,50282" machi="10" ten="30,2000,0" yaku="19,1,54,1" doraHai="54" who="0" fromWho="0" sc="243,33,289,-6,249,-11,209,-6" /><INIT seed="3,0,0,5,3,8" ten="276,283,238,203" oya="3" hai0="72,81,33,124,86,125,13,105,96,111,32,41,20" hai1="63,10,92,104,30,60,67,25,133,78,85,88,131" hai2="119,116,15,134,87,28,16,66,102,118,73,24,93" hai3="70,44,11,74,135,76,56,9,45,95,117,54,47"/><W123/><G117/><T40/><D72/><U99/><E131/><V23/><F73/><W55/><G123/><T129/><D129/><U62/><E133/><V35/><F134/><W7/><G135/><T130/><D130/><U48/><E10/><V19/><F66/><W59/><G70/><T12/><D111/><U42/><E104/><V121/><F121/><W39/><G39/><T127/><D20/><N who="1" m="15655" /><E67/><V27/><F87/><W3/><G9/><T37/><D96/><U43/><E48/><V79/><F79/><W126/><G126/><T31/><D105/><U110/><E110/><V71/><F71/><W18/><G18/><T22/><D22/><U97/><E97/><V75/><F75/><W114/><G114/><T0/><D0/><U68/><E68/><V108/><F108/><W132/><G132/><T58/><D58/><U69/><E69/><V91/><F102/><W83/><G95/><T5/><D5/><U107/><E107/><V49/><F49/><W36/><G36/><T112/><D112/><U65/><E65/><V61/><F61/><W46/><N who="3" m="11264" /><DORA hai="38" /><W115/><REACH who="3" step="1"/><G115/><REACH who="3" ten="276,283,238,193" step="2"/><T64/><D37/><U50/><E92/><V128/><F128/><W17/><G17/><T1/><D124/><U53/><E42/><V120/><F120/><W80/><G80/><T4/><D81/><U89/><E43/><V6/><F6/><W106/><G106/><T113/><D4/><U34/><E99/><N who="2" m="57791" /><F19/><W100/><G100/><T2/><D125/><U26/><E85/><V90/><F90/><W51/><G51/><T84/><D127/><U82/><E89/><RYUUKYOKU ba="0,1" sc="276,-15,283,-15,238,15,193,15" hai2="15,16,23,24,27,28,35,116,118,119" hai3="3,7,11,54,55,56,59,74,76,83" /><INIT seed="3,1,1,4,5,132" ten="261,268,253,208" oya="3" hai0="3,17,31,113,64,5,86,13,122,45,75,79,1" hai1="37,100,58,106,99,77,15,55,72,66,101,68,119" hai2="120,111,51,105,104,98,38,35,73,126,4,0,47" hai3="84,16,129,54,34,12,107,59,114,130,102,50,63"/><W117/><G34/><T48/><D122/><U61/><E119/><V80/><F126/><W11/><G117/><T110/><D110/><U52/><E37/><V88/><F111/><W103/><G114/><T108/><D108/><U32/><E101/><V74/><F120/><W6/><G107/><T124/><D113/><U43/><E43/><N who="2" m="23031" /><F35/><W97/><G97/><T133/><D75/><U69/><E69/><V2/><F51/><W109/><G109/><T33/><D64/><U78/><E32/><V96/><F0/><W135/><G135/><T89/><D79/><U134/><E134/><V131/><F131/><N who="3" m="50187" /><G84/><T19/><D133/><U127/><E127/><V53/><F53/><N who="3" m="34287" /><G6/><T95/><D5/><U29/><E72/><V24/><F73/><W128/><N who="3" m="50195" /><W67/><DORA hai="56" /><G67/><T91/><D124/><U115/><E115/><V14/><F98/><W94/><G94/><T83/><D95/><U81/><E66/><V65/><F65/><W87/><G87/><T121/><D121/><U41/><E99/><V23/><F96/><W21/><G21/><T27/><D86/><U71/><E106/><V112/><F112/><W76/><G76/><T123/><D123/><U82/><E78/><N who="2" m="44119" /><F88/><W49/><G49/><T22/><D91/><U36/><E77/><V42/><F2/><W62/><G62/><T25/><D89/><U125/><E61/><V40/><F104/><W57/><AGARI ba="1,1" hai="11,12,16,50,54,57,102,103" m="34287,50195" machi="57" ten="40,7800,0" yaku="19,1,52,1,54,1" doraHai="132,56" who="3" fromWho="3" sc="261,-27,268,-27,253,-27,208,91" /><INIT seed="3,2,0,1,1,15" ten="234,241,226,299" oya="3" hai0="106,21,103,128,57,7,121,116,108,6,73,62,51" hai1="65,99,19,35,72,55,45,8,49,64,92,75,118" hai2="114,20,1,40,91,33,5,110,94,68,78,70,59" hai3="93,102,27,53,112,88,66,134,28,17,131,14,89"/><W76/><G112/><T101/><D116/><U61/><E35/><V126/><F114/><W10/><G66/><N who="0" m="39247" /><D106/><U60/><E118/><V119/><F119/><W30/><G76/><T122/><D73/><U36/><E36/><V63/><F33/><W31/><G131/><T26/><D128/><U54/><E75/><V16/><F110/><W95/><G134/><T41/><D108/><U82/><E82/><V42/><F126/><W69/><G69/><T117/><D117/><U9/><E72/><V46/><F78/><W81/><G81/><T98/><D121/><U109/><E109/><V18/><F5/><N who="0" m="1546" /><D98/><U97/><E97/><N who="2" m="57567" /><F1/><W129/><G129/><T58/><D122/><U12/><E8/><V100/><F100/><W130/><G130/><T0/><D0/><U47/><E61/><V132/><F132/><W113/><G113/><T22/><D22/><U11/><E11/><V84/><F84/><W83/><G102/><T104/><D104/><U37/><E37/><N who="2" m="21775" /><F42/><W124/><G124/><T32/><D32/><U105/><E105/><V125/><F125/><W24/><G83/><T4/><N who="0" m="1554" /><T23/><DORA hai="133" /><D23/><U107/><E107/><V56/><F18/><W13/><G53/><N who="0" m="32063" /><D41/><U71/><E71/><V85/><F85/><N who="3" m="52367" /><G13/><T111/><D111/><U39/><E39/><V50/><F50/><W67/><G67/><T77/><D77/><U127/><E127/><V3/><F3/><W115/><G115/><T29/><AGARI ba="2,0" hai="21,26,29,101,103" m="32063,1554,39247" machi="29" ten="30,1100,0" yaku="8,1" doraHai="15,133" who="0" fromWho="0" sc="234,17,241,-5,226,-5,299,-7" /><INIT seed="4,0,0,3,4,30" ten="251,236,221,292" oya="0" hai0="81,54,103,101,75,80,65,11,15,102,24,9,3" hai1="32,98,51,108,88,6,79,35,44,107,14,134,68" hai2="2,58,135,90,52,4,18,94,116,93,87,56,41" hai3="133,132,92,125,31,121,7,84,27,82,110,72,74"/><T100/><N who="0" m="25600" /><DORA hai="67" /><T39/><D39/><U12/><E108/><V99/><F135/><N who="3" m="51787" /><G110/><T123/><D123/><U104/><E68/><V131/><F131/><W97/><G7/><T60/><D54/><U120/><E134/><V76/><F116/><W124/><G121/><T62/><D3/><U86/><E120/><V61/><F41/><W26/><G92/><T45/><D45/><U115/><E115/><V119/><F119/><W129/><G97/><T117/><D117/><U78/><E98/><V28/><F28/><W89/><G27/><T130/><D130/><U53/><E104/><V114/><F114/><W25/><G26/><T105/><D105/><U0/><E0/><V5/><F2/><W40/><G40/><T37/><D37/><U66/><E107/><V77/><F18/><W112/><G112/><T13/><D24/><U127/><E6/><N who="2" m="2667" /><F94/><W10/><G10/><N who="0" m="3595" /><D65/><U21/><E66/><N who="2" m="39207" /><F99/><W46/><G46/><T16/><D75/><N who="3" m="28713" /><G129/><T122/><D122/><U55/><E12/><N who="0" m="4681" /><D16/><U20/><E14/><V38/><F38/><W70/><G70/><T83/><AGARI ba="0,0" hai="60,62,80,81,83" m="4681,3595,25600" machi="83" ten="50,9600,0" yaku="28,2,8,1" doraHai="30,67" who="0" fromWho="0" sc="251,96,236,-32,221,-32,292,-32" owari="347,44.7,204,-19.6,189,-31.1,260,6.0" /></mjloggm>