<mjloggm ver="2.3"><GO type="225" lobby="0"/><UN n0="%E6%81%A5%E6%99%92%E3%81%97" n1="%E4%BF%BA%E3%81%A8%E5%A6%96%E5%A4%A2" n2="%E3%83%A2%E3%83%B3%E3%82%AD%E3%83%BC%E3%83%88%E3%83%AA%E3%83%83%E3%82%AF" n3="%E3%83%81%E3%83%AF%E3%83%AF%E9%9A%8A%E9%95%B7" dan="16,16,16,17" rate="2079.03,2117.55,2175.63,2224.11" sx="M,F,M,M"/><TAIKYOKU oya="0"/><INIT seed="0,0,0,1,2,94" ten="250,250,250,250" oya="0" hai0="130,33,6,111,126,37,7,67,135,131,64,102,120" hai1="104,93,3,76,107,108,5,45,122,101,68,95,12" hai2="11,53,39,129,88,74,99,20,80,55,84,27,13" hai3="54,75,89,62,86,87,22,116,46,25,16,23,38"/><T49/><D120/><U100/><E3/><V117/><F39/><W79/><G116/><T83/><D37/><U60/><E122/><V118/><F129/><N who="0" m="49162" /><D126/><U21/><E108/><V42/><F42/><W0/><G0/><T28/><D135/><U26/><E45/><V65/><F65/><N who="0" m="25162" /><D111/><U71/><E76/><V125/><F74/><W35/><G75/><T31/><D102/><U72/><E72/><V57/><F125/><W90/><G35/><T92/><D92/><U41/><E95/><N who="2" m="56807" /><F57/><N who="3" m="35127" /><G38/><T127/><D127/><U10/><E93/><V18/><F118/><W1/><G1/><T132/><D132/><U121/><E121/><V56/><F56/><W114/><G114/><T43/><D83/><U52/><E101/><V81/><F117/><W96/><G96/><T61/><D61/><U70/><E100/><V82/><F84/><W119/><G86/><T8/><D33/><U34/><E34/><V124/><F124/><W66/><G119/><T4/><D8/><U29/><REACH who="1" step="1"/><E41/><REACH who="1" ten="250,240,250,250" step="2"/><V30/><AGARI ba="0,1" hai="11,13,18,20,27,30,53,55,80,81,82" m="56807" machi="30" ten="30,4000,0" yaku="8,1,52,1,54,1" doraHai="94" who="2" fromWho="2" sc="250,-20,240,-10,250,50,250,-10" /><INIT seed="1,0,0,2,5,85" ten="230,230,300,240" oya="1" hai0="26,49,34,46,73,101,11,83,9,60,126,27,109" hai1="0,123,16,12,28,89,76,127,67,62,91,105,95" hai2="18,72,94,82,110,57,54,39,124,48,128,52,79" hai3="44,31,47,115,133,63,122,108,118,130,33,66,20"/><U7/><E123/><V40/><F124/><W5/><G122/><T55/><D109/><U104/><E28/><V92/><F110/><W135/><G108/><T99/><D126/><U42/><E127/><V116/><F116/><W6/><G115/><T129/><D129/><U120/><E120/><V14/><F128/><W78/><G33/><T32/><D32/><U30/><E30/><V23/><F39/><W24/><G130/><T119/><D119/><U22/><E76/><V112/><F112/><W61/><G118/><T87/><D73/><U98/><E42/><V8/><F40/><W45/><G78/><T21/><D34/><U2/><E89/><V131/><F131/><W97/><G97/><T36/><D60/><U35/><E35/><V51/><REACH who="2" step="1"/><F8/><REACH who="2" ten="230,230,290,240" step="2"/><W88/><G135/><T13/><D36/><U68/><REACH who="1" step="1"/><E7/><REACH who="1" ten="230,220,290,240" step="2"/><V37/><F37/><W41/><G5/><T38/><D38/><U56/><E56/><AGARI ba="0,2" hai="14,18,23,48,51,52,54,56,57,72,79,82,92,94" machi="56" ten="30,7700,0" yaku="1,1,7,1,9,1,54,1,53,0" doraHai="85" doraHaiUra="64" who="2" fromWho="1" sc="230,0,220,-77,290,97,240,0" /><INIT seed="2,0,0,3,4,40" ten="230,143,387,240" oya="2" hai0="74,82,56,18,50,98,9,0,72,36,103,32,120" hai1="106,48,80,31,135,92,132,8,41,25,27,19,63" hai2="81,104,117,90,118,73,87,3,12,28,127,53,55" hai3="29,47,58,122,99,38,93,24,21,60,134,22,88"/><V65/><F104/><W91/><G122/><T107/><D120/><U84/><E106/><V1/><F65/><W14/><G134/><N who="1" m="51242" /><E92/><V133/><F133/><W115/><G115/><T89/><D32/><U123/><E123/><V16/><F28/><W57/><G91/><T59/><D36/><U128/><E128/><V97/><F127/><W111/><G111/><T62/><D50/><U100/><E100/><V86/><F73/><W67/><G58/><T52/><D59/><U5/><E19/><V43/><F43/><W78/><G78/><T26/><D26/><U70/><E63/><V112/><F112/><W83/><G83/><T34/><D34/><U76/><E70/><V68/><F68/><W42/><REACH who="3" step="1"/><G14/><REACH who="3" ten="230,143,387,230" step="2"/><T96/><D0/><N who="1" m="39" /><E31/><V131/><F3/><W4/><G4/><T49/><D82/><U95/><E95/><V61/><F1/><W114/><G114/><T35/><D107/><U33/><E33/><AGARI ba="0,1" hai="21,22,24,29,33,38,42,47,57,60,67,88,93,99" machi="33" ten="30,8000,1" yaku="1,1,7,1,52,1,54,1,53,1" doraHai="40" doraHaiUra="20" who="3" fromWho="1" sc="230,0,143,-80,387,0,230,90" /><INIT seed="3,0,0,1,2,2" ten="230,63,387,320" oya="3" hai0="37,127,61,77,24,103,120,100,34,4,111,64,109" hai1="14,73,74,56,118,102,105,83,58,130,112,87,125" hai2="5,44,124,36,95,78,22,33,7,17,116,41,55" hai3="63,133,88,59,79,42,65,27,93,135,85,107,106"/><W132/><G42/><T49/><D120/><U101/><E112/><V108/><F116/><W68/><G79/><T131/><D37/><U18/><E118/><V96/><F33/><W51/><G27/><T129/><D77/><U70/><E70/><V117/><F117/><W104/><REACH who="3" step="1"/><G51/><REACH who="3" ten="230,63,387,310" step="2"/><T69/><D49/><U75/><E130/><N who="0" m="49673" /><D127/><U53/><E125/><V21/><F124/><W99/><G99/><T57/><D24/><U20/><E75/><V50/><F78/><W54/><G54/><T40/><D40/><U10/><E74/><V15/><F108/><N who="0" m="41546" /><D34/><U12/><E73/><V123/><F123/><W23/><G23/><T113/><D113/><U0/><E53/><V89/><F21/><W98/><G98/><T28/><D28/><U121/><E121/><V62/><F62/><W13/><G13/><T43/><D43/><U90/><E0/><V47/><AGARI ba="0,1" hai="5,7,15,17,22,36,41,44,47,50,55,89,95,96" machi="47" ten="20,5200,0" yaku="0,1,7,1,52,2" doraHai="2" who="2" fromWho="2" sc="230,-13,63,-13,387,62,310,-26" owari="217,-18.3,50,-45.0,449,54.9,284,8.4" /></mjloggm>