<mjloggm ver="2.3"><GO type="225" lobby="0"/><UN n0="%45%6C%79%73%69%75%6D" n1="%E3%83%97%E3%83%AC%E3%83%B4%E3%82%A1%E3%83%86%E3%82%A3" n2="%E5%A4%9C%E3%81%AE%E3%82%AC%E3%82%B9%E3%83%91%E3%83%BC%E3%83%AB" n3="%E3%82%B2%E3%82%B9%E8%8C%82%E5%8B%9D" dan="17,16,16,16" rate="2116.45,2084.33,2110.78,2068.56" sx="F,F,M,F"/><TAIKYOKU oya="0"/><INIT seed="0,0,0,2,1,92" ten="250,250,250,250" oya="0" hai0="22,123,77,33,83,110,68,103,84,9,58,97,88" hai1="32,69,86,100,133,4,79,7,67,70,12,109,37" hai2="101,126,116,93,64,24,132,57,30,35,52,1,42" hai3="129,112,11,49,96,75,61,74,119,107,87,127,120"/><T36/><D68/><U10/><E32/><V134/><F1/><W76/><G61/><T55/><D33/><U108/><E37/><V53/><F126/><W73/><G49/><T63/><D123/><U65/><E133/><N who="2" m="51307" /><F42/><W23/><G23/><T66/><D110/><N who="1" m="42603" /><E100/><V91/><F101/><N who="3" m="62887" /><G11/><T19/><D36/><U71/><E4/><V34/><F116/><W6/><G6/><T99/><D9/><U25/><E25/><V82/><F35/><W115/><G127/><T54/><D77/><U85/><E79/><V125/><F125/><W47/><G47/><T40/><D40/><U39/><E39/><V95/><F64/><AGARI ba="0,0" hai="7,10,12,64,65,67,69,70,71,85,86" m="42603" machi="64" ten="40,1300,0" yaku="14,1" doraHai="92" who="1" fromWho="2" sc="250,0,250,13,250,-13,250,0" /><INIT seed="1,0,0,4,2,57" ten="250,263,237,250" oya="1" hai0="21,121,120,17,1,76,20,64,31,93,127,18,61" hai1="43,3,48,60,132,14,70,65,135,123,101,83,78" hai2="77,53,95,125,99,104,118,35,100,58,11,12,44" hai3="91,113,42,62,102,98,15,16,105,66,131,126,79"/><U24/><E3/><V67/><F125/><W29/><G126/><T108/><D127/><U133/><E123/><N who="0" m="47177" /><D1/><U85/><E14/><V89/><F118/><W103/><G131/><T7/><D7/><U26/><E101/><V46/><F35/><W6/><G113/><T122/><D108/><U106/><E106/><V110/><F67/><W134/><G134/><T94/><D76/><U128/><E128/><V47/><F77/><W86/><G79/><T96/><D31/><U50/><E43/><V9/><F110/><W39/><G6/><T34/><D34/><U10/><E10/><V22/><F22/><N who="0" m="8810" /><D122/><U107/><REACH who="1" step="1"/><E107/><REACH who="1" ten="250,253,237,250" step="2"/><V33/><F12/><W51/><G105/><T116/><D116/><U117/><E117/><V0/><F0/><W115/><G103/><N who="0" m="60815" /><D94/><U74/><E74/><V97/><REACH who="2" step="1"/><F33/><REACH who="2" ten="250,253,227,250" step="2"/><W8/><G115/><T130/><D130/><U87/><E87/><V30/><F30/><W109/><G29/><T119/><D119/><U92/><E92/><V19/><F19/><W52/><G86/><T73/><D73/><U82/><E82/><V56/><F56/><AGARI ba="0,2" hai="17,18,56,61,64" m="60815,8810,47177" machi="56" ten="30,2000,0" yaku="13,1,52,1" doraHai="57" who="0" fromWho="2" sc="250,40,253,0,227,-20,250,0" /><INIT seed="2,0,0,4,2,66" ten="290,253,207,250" oya="2" hai0="11,118,68,64,43,114,55,107,108,113,9,71,38" hai1="15,4,30,40,98,111,36,8,50,49,14,10,57" hai2="125,86,3,133,115,124,46,21,96,2,72,56,80" hai3="22,52,70,27,101,79,119,110,81,105,90,12,126"/><V42/><F115/><W132/><G119/><T65/><D107/><U34/><E111/><V41/><F72/><W51/><G110/><T33/><D33/><U19/><E36/><V61/><F133/><W6/><G126/><N who="2" m="48745" /><F96/><W122/><G132/><T78/><D78/><U20/><E40/><N who="2" m="15467" /><F46/><W26/><G122/><T97/><D97/><U28/><E34/><V128/><F21/><W104/><G90/><T94/><D108/><U82/><E98/><V134/><F134/><W25/><G101/><T31/><D118/><U7/><E82/><V53/><F128/><W69/><G104/><T23/><D43/><U95/><E95/><V32/><F32/><W24/><G105/><T103/><D38/><U5/><E5/><V47/><F47/><W120/><G120/><T106/><D106/><U117/><E117/><V60/><F60/><W44/><N who="3" m="6144" /><DORA hai="91" /><W112/><G112/><T74/><D74/><U54/><REACH who="1" step="1"/><E49/><REACH who="1" ten="290,243,207,250" step="2"/><V45/><F45/><W75/><REACH who="3" step="1"/><G6/><REACH who="3" ten="290,243,207,240" step="2"/><T58/><D113/><U88/><E88/><AGARI ba="0,2" hai="2,3,53,56,61,80,86,88" m="15467,48745" machi="88" ten="30,2900,0" yaku="18,1,54,1" doraHai="66,91" who="2" fromWho="1" sc="290,0,243,-29,207,49,240,0" /><INIT seed="2,1,0,0,3,83" ten="290,214,256,240" oya="2" hai0="13,115,97,108,84,123,119,90,47,135,21,133,131" hai1="39,49,33,117,64,112,26,120,40,53,118,111,116" hai2="93,124,92,81,41,43,32,27,55,114,132,134,69" hai3="10,30,25,54,36,77,56,4,46,105,1,99,29"/><V113/><F69/><W9/><G9/><T12/><D123/><U7/><E120/><V6/><F124/><W22/><G77/><T125/><D115/><U122/><E122/><V5/><F55/><W14/><G105/><T17/><D108/><U73/><E73/><V31/><F81/><W85/><G99/><T42/><D125/><U63/><E112/><V91/><F91/><W79/><G1/><T88/><D131/><U44/><E7/><V100/><F27/><W109/><G109/><T80/><D119/><U70/><E26/><V51/><F51/><W104/><G104/><T59/><D59/><U48/><E33/><V106/><F106/><W61/><G36/><T121/><D121/><U95/><E95/><V24/><F24/><W0/><G46/><T75/><D75/><U68/><E111/><V19/><F19/><N who="3" m="12511" /><G0/><T103/><D90/><U129/><E129/><V57/><F57/><W110/><G110/><T98/><D12/><U86/><E86/><V28/><F100/><W8/><G8/><T96/><REACH who="0" step="1"/><D103/><REACH who="0" ten="280,214,256,240" step="2"/><U37/><E70/><V71/><F71/><W38/><G79/><T101/><D101/><U66/><E66/><V102/><F102/><W128/><G128/><T65/><D65/><U2/><E2/><V52/><F32/><W11/><G56/><AGARI ba="1,1" hai="37,39,40,44,48,49,53,56,63,64,68,116,117,118" machi="56" ten="40,5200,0" yaku="34,3" doraHai="83" who="1" fromWho="3" sc="280,0,214,65,256,0,240,-55" /><INIT seed="3,0,0,3,5,82" ten="280,279,256,185" oya="3" hai0="13,59,14,84,133,101,32,128,30,25,31,1,134" hai1="126,80,11,5,6,63,123,46,22,61,132,92,88" hai2="120,4,64,122,29,51,20,56,27,3,108,121,111" hai3="110,112,87,91,89,10,7,44,127,57,99,104,68"/><W71/><G112/><T62/><D1/><U85/><E123/><V78/><F78/><W106/><G127/><T43/><D31/><U45/><E126/><V49/><F3/><W109/><G57/><T67/><D128/><U117/><E117/><V107/><F4/><N who="1" m="1641" /><E132/><N who="0" m="50793" /><D101/><U39/><E39/><V0/><F0/><N who="3" m="359" /><G44/><N who="1" m="17002" /><E11/><V35/><F107/><N who="3" m="41003" /><G99/><T105/><D105/><U70/><E70/><N who="3" m="26666" /><G87/><T69/><D69/><U48/><BYE who="0" /><E48/><N who="2" m="18507" /><F20/><W40/><G40/><T47/><D47/><U103/><E22/><V41/><F41/><W116/><G116/><T23/><D23/><U9/><E9/><V26/><F26/><W16/><G16/><T95/><D95/><U77/><E103/><UN n0="%45%6C%79%73%69%75%6D" /><V54/><F54/><W21/><G21/><T114/><D43/><U50/><E50/><V66/><F56/><W15/><G15/><T129/><D114/><U93/><E93/><V38/><F122/><W125/><G125/><T12/><D129/><U102/><E102/><V72/><F121/><W65/><G65/><T124/><D124/><U83/><E83/><V28/><F120/><W42/><G42/><T76/><D12/><U100/><E100/><V97/><F97/><AGARI ba="0,0" hai="61,63,77,80,85,88,92,97" m="17002,1641" machi="97" ten="30,3900,0" yaku="8,1,52,1,54,1" doraHai="82" who="1" fromWho="2" sc="280,0,279,39,256,-39,185,0" owari="280,8.0,318,41.8,217,-18.3,185,-31.5" /></mjloggm>