<mjloggm ver="2.3"><GO type="225" lobby="0"/><UN n0="%63%68%78%62%64" n1="%E3%81%8B%E3%82%8F%E3%81%A1%E3%82%83%E3%82%93%35%38" n2="%E7%99%BD%E6%97%A5%E9%9B%AA%E8%8F%9C" n3="%E7%89%B9%E6%9D%B1%E3%81%AF%E4%B8%96%E7%95%8C%E3%82%92%E6%95%91%E3%81%86" dan="16,16,16,16" rate="2126.96,2178.69,2125.81,2137.99" sx="M,M,F,M"/><TAIKYOKU oya="0"/><INIT seed="0,0,0,3,2,114" ten="250,250,250,250" oya="0" hai0="120,62,68,24,130,16,108,79,98,10,53,56,117" hai1="129,133,35,71,63,58,26,0,12,60,84,122,111" hai2="25,69,88,17,1,109,77,72,121,93,23,100,47" hai3="135,96,48,27,97,46,116,44,82,34,3,118,94"/><T78/><D117/><U13/><E0/><V7/><F121/><W57/><G3/><T99/><D120/><U95/><E122/><V101/><F69/><W76/><G135/><T134/><D134/><U92/><E133/><V89/><F109/><W45/><G96/><N who="0" m="36907" /><D68/><U124/><E71/><V113/><F113/><W49/><G34/><T11/><D130/><U18/><E129/><V110/><F110/><W127/><G127/><T131/><D108/><U91/><E111/><V85/><F89/><W4/><G4/><T50/><D131/><U8/><E124/><V36/><F77/><N who="0" m="29194" /><D62/><U30/><E92/><V37/><F72/><W75/><G27/><T33/><D33/><U21/><REACH who="1" step="1"/><E58/><REACH who="1" ten="250,240,250,250" step="2"/><V67/><F93/><W54/><REACH who="3" step="1"/><G49/><REACH who="3" ten="250,240,250,240" step="2"/><T86/><D50/><U128/><E128/><V81/><F1/><W80/><G80/><T15/><D56/><U52/><E52/><V125/><F81/><W112/><G112/><T31/><D53/><U83/><E83/><V32/><F125/><W40/><G40/><T64/><D64/><U132/><E132/><V87/><F67/><W70/><G70/><T66/><D66/><U20/><E20/><V39/><F23/><W103/><AGARI ba="0,2" hai="44,45,46,48,54,57,75,76,82,94,97,103,116,118" machi="103" ten="30,7900,0" yaku="1,1,0,1,52,2,53,0" doraHai="114" doraHaiUra="9" who="3" fromWho="3" sc="250,-39,240,-20,250,-20,240,99" /><INIT seed="1,0,0,4,2,118" ten="211,220,230,339" oya="1" hai0="131,9,24,57,64,34,101,77,37,47,40,134,93" hai1="128,90,12,103,27,10,76,66,17,55,119,85,29" hai2="1,105,61,54,88,42,52,50,38,72,19,71,96" hai3="51,116,115,104,92,59,44,60,8,4,100,3,91"/><U69/><E119/><V20/><F72/><W114/><G100/><T89/><D134/><U83/><E128/><V99/><F1/><W132/><G104/><T111/><D111/><U124/><E124/><V31/><F31/><W81/><G81/><T112/><D112/><U120/><E103/><V25/><F105/><W58/><G132/><T18/><D131/><U123/><E66/><V127/><F127/><W87/><G116/><T56/><D77/><U53/><E69/><V70/><F38/><W23/><G23/><T117/><D117/><U135/><E135/><V133/><F42/><W49/><G49/><T75/><D75/><U39/><E39/><V5/><F5/><W21/><G21/><T130/><D130/><U13/><E13/><V94/><F99/><W126/><G58/><T41/><D101/><U46/><E76/><V6/><F6/><W15/><G3/><T79/><D79/><U98/><E98/><V106/><F106/><W80/><G92/><T84/><D64/><U16/><E17/><V113/><F113/><W68/><G68/><T110/><D110/><U48/><E55/><V11/><F11/><W109/><G109/><T86/><D40/><U28/><E28/><V45/><F133/><W35/><G126/><T97/><D34/><AGARI ba="0,0" hai="10,12,16,27,29,34,46,48,53,83,85,90,120,123" machi="34" ten="30,18000,2" yaku="7,1,25,2,52,2,54,1" doraHai="118" who="1" fromWho="0" sc="211,-180,220,180,230,0,339,0" /><INIT seed="1,1,0,2,3,16" ten="31,400,230,339" oya="1" hai0="32,9,61,8,27,98,88,117,94,83,69,36,44" hai1="115,104,22,73,43,66,41,50,20,7,95,121,3" hai2="108,109,92,55,131,45,15,90,87,1,49,58,128" hai3="39,130,31,47,13,38,25,100,70,127,6,106,123"/><U64/><E104/><V134/><F1/><W30/><G123/><T52/><D117/><U63/><E73/><V86/><F134/><W112/><G112/><T0/><D0/><U76/><E115/><V34/><F34/><W53/><G70/><T23/><D32/><U77/><E121/><V11/><F86/><W93/><G106/><T72/><D36/><U14/><E3/><V135/><F135/><W114/><G130/><T68/><D68/><U125/><E125/><V105/><F105/><W26/><G127/><T79/><D69/><U57/><E66/><V126/><F126/><W101/><G53/><T21/><D21/><N who="1" m="8299" /><E95/><V116/><F116/><W84/><G93/><T107/><D107/><U103/><E103/><V122/><F122/><W124/><G101/><T81/><D81/><U37/><E37/><V80/><F92/><W74/><G100/><T2/><D2/><U85/><E50/><V129/><REACH who="2" step="1"/><F58/><REACH who="2" ten="31,400,220,339" step="2"/><W33/><G124/><T120/><D120/><U42/><E85/><V18/><AGARI ba="1,1" hai="11,15,18,45,49,55,80,87,90,108,109,128,129,131" machi="18" ten="40,12000,2" yaku="1,1,2,1,0,1,25,2,19,1,53,0" doraHai="16" doraHaiUra="96" who="2" fromWho="2" sc="31,-31,400,-61,220,133,339,-31" /><INIT seed="2,0,0,1,0,21" ten="0,339,353,308" oya="2" hai0="108,93,89,113,88,45,49,134,39,34,105,101,60" hai1="29,57,26,58,128,18,118,67,19,107,9,104,112" hai2="44,121,68,100,40,83,131,56,74,48,47,135,81" hai3="13,106,127,20,122,120,62,30,65,2,92,123,115"/><V64/><F121/><W84/><G106/><T11/><D113/><U50/><E112/><V109/><F68/><W87/><G115/><T38/><D108/><U41/><E118/><V94/><F109/><W75/><G75/><T114/><D114/><U10/><E107/><V96/><F131/><W76/><G2/><T85/><D134/><U125/><E104/><V80/><F135/><W98/><G127/><T97/><D34/><U90/><E125/><V15/><F74/><W124/><G124/><T129/><D129/><U111/><E111/><V33/><F33/><W110/><G76/><T37/><D60/><N who="1" m="38287" /><E128/><V4/><F44/><W103/><G110/><T3/><D89/><U95/><E29/><V43/><F43/><W8/><G8/><N who="1" m="3178" /><E26/><V14/><F4/><W51/><G51/><T126/><D126/><U79/><E79/><V102/><F102/><W17/><REACH who="3" step="1"/><G30/><REACH who="3" ten="0,339,353,298" step="2"/><T0/><D11/><U23/><E23/><V16/><F16/><W36/><G36/><T86/><D86/><N who="1" m="52695" /><E41/><V61/><AGARI ba="0,1" hai="14,15,40,47,48,56,61,64,80,81,83,94,96,100" machi="61" ten="30,3000,0" yaku="0,1,8,1" doraHai="21" who="2" fromWho="2" sc="0,-10,339,-10,353,40,298,-10" owari="-10,-51.0,329,12.9,393,49.3,288,-11.2" /></mjloggm>