<mjloggm ver="2.3"><GO type="225" lobby="0"/><UN n0="%54%4F%52" n1="%E6%97%A5%E6%9B%9C%E6%97%A5%E3%82%88%E3%82%8A%E3%81%AE%E4%BD%BF%E8%80%85" n2="%54%48%48%6C%68" n3="%45%6C%79%73%69%75%6D" dan="17,17,16,17" rate="2248.46,2127.56,2121.87,2112.29" sx="M,M,M,F"/><TAIKYOKU oya="0"/><INIT seed="0,0,0,2,2,74" ten="250,250,250,250" oya="0" hai0="91,119,41,87,94,6,24,125,116,52,95,89,93" hai1="117,79,83,42,10,98,112,68,101,121,45,114,102" hai2="57,110,130,115,123,106,39,17,69,16,15,120,30" hai3="96,122,126,56,59,80,63,37,7,64,31,44,29"/><T8/><D125/><U135/><E117/><V51/><F69/><W129/><G126/><T104/><D104/><U90/><E68/><V92/><F106/><W27/><G129/><T85/><D41/><U21/><E21/><V82/><F39/><W43/><G122/><T97/><D24/><U13/><E90/><V25/><F115/><N who="1" m="44073" /><E98/><V107/><F130/><W134/><G134/><T77/><D119/><U111/><E111/><V100/><F100/><BYE who="2" /><W132/><G132/><T55/><D116/><U133/><E121/><V46/><F46/><W128/><G128/><T81/><REACH who="0" step="1"/><D95/><REACH who="0" ten="240,250,250,250" step="2"/><U0/><E135/><V4/><F4/><W3/><G27/><T18/><D18/><N who="1" m="8503" /><E133/><V131/><F131/><W73/><G7/><T49/><D49/><N who="1" m="26807" /><E0/><AGARI ba="0,1" hai="0,6,8,52,55,77,81,85,87,89,91,93,94,97" machi="0" ten="30,18000,2" yaku="1,1,7,1,52,1,54,1,53,2" doraHai="74" doraHaiUra="48" who="0" fromWho="1" sc="240,190,250,-180,250,0,250,0" /><INIT seed="0,1,0,5,2,95" ten="430,70,250,250" oya="0" hai0="4,58,79,127,132,27,123,87,5,8,25,72,53" hai1="41,122,64,100,44,92,97,22,120,93,125,26,6" hai2="117,19,16,112,52,17,13,98,50,126,116,113,39" hai3="1,38,69,2,68,7,59,89,23,81,80,124,70"/><T134/><D123/><U57/><E125/><V30/><F30/><W32/><G32/><T76/><D72/><U49/><E6/><V66/><F66/><W135/><G124/><T94/><D127/><U84/><E84/><V35/><F35/><W109/><G38/><T48/><D5/><UN n2="%54%48%48%6C%68" /><U114/><E114/><V42/><F113/><W31/><G109/><T121/><D121/><U110/><E110/><V107/><F112/><W37/><G37/><T55/><D55/><U104/><E104/><V85/><F85/><W11/><G1/><T21/><D27/><U10/><E10/><V101/><F101/><W18/><BYE who="2" /><G31/><T111/><D111/><U75/><E93/><V91/><F91/><W102/><G102/><T129/><D129/><U36/><E75/><V128/><F128/><W86/><G135/><N who="0" m="51755" /><D94/><U14/><E14/><V106/><F106/><W119/><G119/><T45/><D45/><U108/><E108/><V33/><F33/><W96/><G80/><T29/><D87/><U20/><E20/><V0/><F0/><AGARI ba="1,0" hai="0,4,8,21,25,29,48,53,58,76,79" m="51755" machi="0" ten="30,1500,0" yaku="20,1" doraHai="95" who="0" fromWho="2" sc="430,18,70,0,250,-18,250,0" /><INIT seed="0,2,0,3,4,106" ten="448,70,232,250" oya="0" hai0="20,104,84,127,39,119,31,34,123,107,41,30,13" hai1="17,85,70,49,77,40,63,26,60,133,101,71,65" hai2="45,54,33,19,46,68,132,91,112,53,57,129,113" hai3="124,74,28,48,21,64,86,32,23,81,67,16,7"/><T95/><D119/><U56/><E133/><V98/><F98/><W105/><G105/><T90/><D123/><U42/><E101/><V18/><F18/><W103/><G103/><T116/><D116/><U27/><E49/><V73/><F73/><W35/><G124/><T122/><D122/><U69/><E63/><V128/><F128/><W38/><G38/><T37/><D127/><U100/><E100/><UN n2="%54%48%48%6C%68" /><V52/><F68/><W25/><G7/><T76/><D39/><U9/><E9/><V125/><F19/><W94/><G94/><T110/><D110/><U134/><E134/><V75/><F75/><W79/><G48/><T131/><D131/><U8/><E8/><V50/><F91/><W24/><REACH who="3" step="1"/><G86/><REACH who="3" ten="448,70,232,240" step="2"/><T44/><D107/><U6/><E6/><V12/><F125/><W130/><G130/><T55/><D104/><U92/><E92/><V66/><F50/><W99/><G99/><T135/><D135/><U3/><E85/><V118/><F129/><W87/><G87/><T108/><D37/><U102/><E102/><V126/><F126/><W62/><G62/><T59/><D95/><U97/><E97/><V93/><F93/><W0/><G0/><T89/><D84/><U117/><E3/><V83/><F132/><W80/><G80/><T72/><D72/><U96/><E96/><V1/><F1/><W115/><G115/><T47/><D90/><U88/><E88/><V120/><F113/><W14/><G14/><T43/><D13/><U111/><E60/><V5/><F112/><W4/><G4/><T29/><D89/><U109/><E117/><RYUUKYOKU ba="2,1" sc="448,-10,70,-10,232,-10,240,30" hai3="16,21,23,24,25,28,32,35,64,67,74,79,81" /><INIT seed="1,3,1,5,5,46" ten="438,60,222,270" oya="1" hai0="55,72,52,130,7,48,18,16,87,43,66,83,126" hai1="108,104,3,62,30,33,70,54,128,31,67,19,61" hai2="41,59,84,123,22,10,86,28,35,132,121,110,115" hai3="99,27,2,100,32,64,44,90,49,93,14,57,88"/><U113/><E113/><V107/><F107/><W75/><G2/><T105/><D105/><U81/><E3/><V134/><F35/><W96/><G75/><T13/><D72/><U125/><E104/><V56/><F115/><W73/><G73/><T65/><D130/><U71/><E33/><V114/><F114/><W9/><G27/><T12/><D126/><U82/><E128/><V23/><F41/><W0/><G0/><T118/><D118/><U58/><E125/><V109/><F10/><W42/><G32/><T89/><D43/><U47/><E108/><V60/><F60/><N who="3" m="37903" /><G99/><T124/><D124/><U69/><E47/><V20/><F22/><W97/><G97/><T85/><D7/><AGARI ba="3,1" hai="7,9,14,42,44,49,88,90,93,96,100" m="37903" machi="7" ten="30,3900,0" yaku="8,1,52,1,54,1" doraHai="46" who="3" fromWho="0" sc="438,-48,60,0,222,0,270,58" /><INIT seed="2,0,0,4,3,114" ten="390,60,222,328" oya="2" hai0="113,24,63,75,38,31,108,111,20,16,110,62,36" hai1="107,90,92,73,122,112,97,3,1,8,55,129,103" hai2="45,119,68,14,94,21,83,66,98,102,120,135,25" hai3="125,67,19,27,58,46,5,22,72,18,132,6,23"/><V123/><F135/><W74/><G132/><T54/><D113/><U15/><E112/><V9/><F83/><W50/><G125/><T49/><D75/><U76/><E129/><V70/><F119/><W78/><G72/><T89/><D89/><U34/><E34/><V43/><F66/><W59/><G78/><T106/><D106/><U101/><E122/><V30/><F120/><W57/><G67/><T77/><D77/><U127/><E127/><V134/><F134/><W7/><G74/><T40/><D40/><U131/><E131/><V56/><F56/><W52/><REACH who="3" step="1"/><G46/><REACH who="3" ten="390,60,222,318" step="2"/><N who="0" m="27959" /><D31/><U4/><E76/><V61/><F123/><W95/><G95/><T64/><D64/><U47/><E73/><V128/><F128/><W2/><G2/><T26/><D26/><AGARI ba="0,1" hai="5,6,7,18,19,22,23,26,27,50,52,57,58,59" machi="26" ten="40,8000,1" yaku="1,1,9,1,8,1,54,1,53,0" doraHai="114" doraHaiUra="42" who="3" fromWho="0" sc="390,-80,60,0,222,0,318,90" /><INIT seed="3,0,0,3,4,70" ten="310,60,222,408" oya="3" hai0="2,128,135,52,53,4,82,97,9,49,133,79,3" hai1="96,83,60,27,12,81,33,91,88,84,14,111,110" hai2="44,8,11,13,37,36,117,19,71,89,107,29,127" hai3="113,75,98,42,35,64,131,132,51,56,30,95,10"/><W112/><G75/><T31/><D128/><U23/><E33/><V87/><F117/><W16/><G131/><T1/><D31/><U108/><E60/><V59/><F71/><W78/><G78/><T40/><D40/><U100/><E27/><V121/><F107/><W114/><G132/><T69/><D69/><U94/><E23/><V55/><F127/><W86/><G86/><T38/><D38/><U116/><E12/><V5/><F29/><W134/><G134/><N who="0" m="51211" /><D97/><U58/><E58/><V102/><F102/><W90/><G30/><T76/><D76/><U21/><E21/><V57/><F121/><W61/><G35/><T99/><D99/><U109/><N who="1" m="27648" /><DORA hai="92" /><U66/><E66/><V118/><F118/><W39/><G39/><N who="2" m="14921" /><F5/><W34/><G34/><T7/><D7/><U123/><E14/><V77/><F77/><W125/><G125/><T124/><D124/><U74/><E116/><V0/><F8/><W48/><G42/><T43/><D43/><U106/><E123/><V20/><F20/><W65/><G10/><T115/><D115/><U32/><E32/><V46/><F46/><W130/><G130/><T101/><D101/><U15/><E15/><V22/><F22/><W93/><G113/><T103/><D103/><U129/><E129/><V80/><F0/><N who="0" m="106" /><D49/><AGARI ba="0,0" hai="11,13,19,44,49,55,57,59,80,87,89" m="14921" machi="49" ten="30,7700,0" yaku="25,1,52,3" doraHai="70,92" who="2" fromWho="0" sc="310,-77,60,0,222,77,408,0" owari="233,-16.7,60,-44.0,299,9.9,408,50.8" /></mjloggm>