<mjloggm ver="2.3"><GO type="225" lobby="0"/><UN n0="%E3%83%B4%E3%82%A3%E3%83%AF%E3%82%B3%E3%82%B0%E3%83%8B" n1="%73%73%6B%5F%66%72%65%65" n2="%E5%B8%86%E7%AB%8B%E5%A4%8F%E8%A1%A3" n3="%4D%6F%6E%61%6E%61" dan="16,16,16,16" rate="2168.36,2186.26,2157.83,2099.44" sx="M,M,M,F"/><TAIKYOKU oya="0"/><INIT seed="0,0,0,2,5,17" ten="250,250,250,250" oya="0" hai0="133,72,115,127,100,42,36,74,89,68,94,13,64" hai1="69,61,2,129,39,132,107,108,90,67,66,33,51" hai2="8,26,70,126,95,34,131,92,59,1,103,11,3" hai3="106,58,116,30,79,112,91,50,46,114,48,102,32"/><T49/><D115/><U83/><E129/><V88/><F70/><W101/><G79/><T5/><D100/><U45/><E45/><V19/><BYE who="1" /><F126/><UN n1="%73%73%6B%5F%66%72%65%65" /><W10/><G116/><T99/><D127/><U27/><E2/><V118/><F118/><W15/><G30/><T120/><D120/><U60/><E132/><V109/><F109/><W21/><G32/><T4/><D36/><U119/><E119/><V96/><F131/><W65/><G106/><T35/><D35/><U43/><E39/><V20/><F34/><W40/><G112/><T71/><D133/><U105/><E51/><V77/><F77/><W37/><G37/><T85/><D68/><U55/><E43/><V73/><F73/><N who="0" m="28266" /><D13/><U123/><E123/><V98/><F1/><W23/><G91/><T29/><D29/><U31/><E108/><V125/><F3/><W44/><G114/><T93/><D64/><U53/><E53/><V78/><F78/><W111/><G111/><T41/><D71/><U75/><E55/><V86/><F125/><W16/><G101/><N who="0" m="60655" /><D42/><U84/><E75/><V124/><F124/><W28/><G102/><T63/><D63/><U81/><E61/><V57/><F98/><W110/><G28/><T14/><D14/><U117/><E67/><V87/><F87/><W62/><G110/><T128/><D128/><U24/><E117/><V7/><F7/><N who="0" m="2634" /><D49/><U52/><E52/><AGARI ba="0,0" hai="10,15,16,21,23,40,44,46,48,50,52,58,62,65" machi="52" ten="30,12000,2" yaku="7,1,8,1,52,2,54,2" doraHai="17" who="3" fromWho="1" sc="250,0,250,-120,250,0,250,120" /><INIT seed="1,0,0,4,1,94" ten="250,130,250,370" oya="1" hai0="89,30,92,18,41,64,59,1,67,44,60,72,74" hai1="120,17,38,0,88,14,111,45,127,115,10,62,78" hai2="46,116,3,91,34,106,117,84,54,70,63,109,97" hai3="5,80,100,35,40,12,55,85,99,32,20,29,25"/><U27/><E115/><V49/><F3/><W98/><G40/><T93/><D1/><U95/><E120/><V90/><F34/><W61/><G32/><T113/><D113/><U101/><E127/><V47/><F109/><W135/><G135/><T75/><D30/><U52/><E111/><V28/><F28/><W50/><G100/><T42/><D92/><U53/><E0/><V19/><F47/><W37/><G61/><T86/><D18/><U33/><E78/><V2/><F2/><W73/><G73/><T65/><REACH who="0" step="1"/><D41/><REACH who="0" ten="240,130,250,370" step="2"/><U13/><E101/><V7/><F19/><W129/><G129/><T124/><D124/><U121/><E121/><V108/><F108/><W112/><G112/><T107/><D107/><U21/><E33/><V26/><F106/><W125/><G125/><T69/><D69/><U122/><E122/><V114/><F70/><W87/><G35/><T103/><D103/><U4/><E27/><V104/><F26/><W9/><G80/><T83/><D83/><U58/><E38/><AGARI ba="0,1" hai="38,42,44,59,60,64,65,67,72,74,75,86,89,93" machi="38" ten="40,1300,0" yaku="1,1,53,0" doraHai="94" doraHaiUra="51" who="0" fromWho="1" sc="240,23,130,-13,250,0,370,0" /><INIT seed="2,0,0,1,1,20" ten="263,117,250,370" oya="2" hai0="27,78,12,6,96,126,107,117,59,71,69,134,95" hai1="73,87,115,36,62,38,21,23,114,113,75,43,60" hai2="85,81,99,66,49,42,84,127,24,22,86,17,131" hai3="111,44,46,105,129,125,26,61,93,25,50,108,98"/><V90/><F127/><W11/><G105/><T101/><D126/><U13/><E87/><V120/><F131/><W106/><G106/><T67/><D134/><U72/><E13/><V124/><F124/><W103/><G129/><T79/><D117/><U112/><N who="1" m="28672" /><DORA hai="102" /><U47/><REACH who="1" step="1"/><E36/><REACH who="1" ten="263,107,250,370" step="2"/><V100/><F85/><W14/><G125/><T32/><D12/><U7/><E7/><V74/><F86/><W40/><G108/><T1/><D6/><U19/><E19/><V52/><F17/><N who="3" m="8415" /><G111/><T4/><D4/><U29/><E29/><V34/><F84/><W133/><G133/><T39/><D39/><U70/><E70/><V18/><F18/><W88/><G26/><T54/><D27/><U109/><E109/><V116/><F24/><W64/><G25/><T58/><D69/><U55/><E55/><V65/><F52/><W51/><G40/><T123/><D71/><U30/><E30/><V9/><F42/><W91/><G64/><T130/><D67/><U2/><E2/><V76/><F66/><W80/><G80/><T128/><D54/><U16/><E16/><V48/><F65/><W10/><G10/><T57/><D130/><U35/><E35/><V53/><F34/><W37/><G37/><T41/><D128/><U110/><E110/><V8/><F9/><W94/><G61/><AGARI ba="0,1" hai="21,23,38,43,47,60,61,62,72,73,75" m="28672" machi="61" ten="80,8000,1" yaku="1,1,53,3" doraHai="20,102" doraHaiUra="77,56" who="1" fromWho="3" sc="263,0,107,90,250,0,370,-80" /><INIT seed="3,0,0,3,3,81" ten="263,197,250,290" oya="3" hai0="6,0,13,127,31,80,11,4,1,15,73,90,3" hai1="133,89,79,132,41,110,57,92,52,135,23,107,69" hai2="102,50,43,24,115,72,67,114,49,44,130,121,129" hai3="39,83,64,84,18,34,14,45,128,40,122,62,47"/><W38/><G122/><T48/><D127/><U104/><E110/><V96/><F72/><W124/><G34/><T134/><D31/><U61/><E79/><V63/><F24/><W123/><G123/><T36/><D36/><U76/><E76/><V125/><F96/><W42/><G128/><N who="2" m="49257" /><F102/><W100/><G100/><T112/><D134/><N who="1" m="34307" /><U85/><DORA hai="21" /><E41/><N who="2" m="24719" /><F121/><W70/><G124/><T120/><D120/><U54/><E69/><N who="2" m="42239" /><F125/><W111/><G111/><T56/><D73/><U60/><E23/><V30/><F30/><W51/><G18/><T29/><D29/><U25/><E25/><V53/><F43/><W66/><G14/><T5/><D13/><U65/><E65/><V12/><F12/><W77/><G64/><T118/><D0/><U108/><E108/><V17/><F17/><W68/><G70/><T55/><D1/><U75/><E75/><V109/><F109/><W105/><G105/><N who="1" m="40522" /><E54/><V58/><AGARI ba="0,0" hai="50,53,58,114,115" m="42239,24719,49257" machi="58" ten="30,4000,0" yaku="19,1,34,2" doraHai="81,21" who="2" fromWho="2" sc="263,-10,197,-10,250,40,290,-20" /><INIT seed="4,0,0,2,0,109" ten="253,187,290,270" oya="0" hai0="105,99,24,56,98,111,118,108,1,12,112,114,32" hai1="18,129,103,6,13,28,19,87,34,15,119,132,10" hai2="23,77,84,44,83,70,4,133,135,81,97,74,104" hai3="107,2,35,38,52,0,100,36,45,7,71,29,106"/><T67/><D1/><N who="3" m="617" /><G52/><T122/><D118/><U90/><E119/><V128/><F4/><W121/><G121/><T65/><D122/><U62/><E132/><N who="2" m="50763" /><F128/><W131/><G131/><T82/><D12/><U53/><E129/><V59/><F70/><W92/><G92/><T25/><D82/><U60/><E103/><N who="2" m="62575" /><F59/><W126/><G7/><T5/><D5/><U101/><E101/><V8/><F8/><W61/><G126/><T20/><D32/><U102/><E102/><V68/><F68/><W66/><G45/><T46/><D46/><U85/><E6/><V73/><F23/><W51/><G51/><T93/><D105/><N who="3" m="39945" /><G100/><N who="0" m="60495" /><D99/><U64/><E64/><N who="0" m="24649" /><D56/><U79/><E62/><V16/><F44/><W17/><G17/><N who="0" m="12303" /><D25/><AGARI ba="0,0" hai="25,29,35,36,38,61,66,71" m="39945,617" machi="25" ten="30,2000,0" yaku="33,2" doraHai="109" who="3" fromWho="0" sc="253,-20,187,0,290,0,270,20" /><INIT seed="5,0,0,0,5,27" ten="233,187,290,290" oya="1" hai0="100,51,134,52,126,121,117,91,89,81,53,28,96" hai1="93,4,125,6,36,104,116,13,60,59,11,115,45" hai2="8,119,108,68,72,20,82,95,118,67,31,73,3" hai3="19,105,24,132,17,62,61,38,123,7,33,94,113"/><U135/><E116/><N who="2" m="44587" /><F20/><W114/><G105/><T39/><D39/><U14/><E115/><N who="3" m="44042" /><G132/><T130/><D117/><U69/><E135/><V35/><F95/><W75/><G123/><T15/><D134/><U2/><E104/><V58/><F58/><W46/><G75/><N who="2" m="28745" /><F82/><W49/><G38/><T43/><D81/><U16/><E125/><V66/><F66/><W55/><G7/><T25/><D126/><U122/><E122/><V84/><F84/><W103/><G94/><T65/><D121/><U9/><E69/><V90/><F90/><W48/><G103/><T42/><D65/><U29/><E29/><V63/><F108/><W32/><G49/><T111/><D111/><U5/><E93/><V124/><F124/><W131/><G131/><T37/><D130/><U110/><E110/><V129/><F129/><W12/><G19/><T97/><D37/><U41/><REACH who="1" step="1"/><E2/><REACH who="1" ten="233,177,290,290" step="2"/><V127/><F127/><W22/><G32/><T21/><D15/><U64/><AGARI ba="0,1" hai="4,5,6,9,11,13,14,16,36,41,45,59,60,64" machi="64" ten="20,12000,1" yaku="1,1,2,1,0,1,7,1,54,1,53,0" doraHai="27" doraHaiUra="78" who="1" fromWho="1" sc="233,-40,177,130,290,-40,290,-40" owari="193,-30.7,307,40.7,250,5.0,250,-15.0" /></mjloggm>