<mjloggm ver="2.3"><GO type="225" lobby="0"/><UN n0="%E7%B4%94%E6%BD%94%E3%83%94%E3%83%A9%E3%83%8B%E3%82%A2" n1="%E5%AE%AE%E4%BF%9D%E9%B6%8F%E8%82%89" n2="%E6%A1%9C%E8%8A%B1%E9%96%83%E3%80%85" n3="%72%69%6F%75%63%68%61%6E" dan="16,16,18,17" rate="2100.87,2145.20,2267.61,2227.79" sx="M,M,M,M"/><TAIKYOKU oya="0"/><INIT seed="0,0,0,2,1,96" ten="250,250,250,250" oya="0" hai0="43,131,135,44,10,39,61,14,42,68,120,72,19" hai1="105,103,81,0,57,21,5,25,71,15,93,113,118" hai2="22,52,34,122,50,16,20,48,124,132,46,35,13" hai3="85,59,106,117,37,110,98,67,99,91,7,107,112"/><T28/><D120/><U33/><E118/><V95/><F122/><W45/><G112/><T83/><D131/><U102/><E71/><V123/><F123/><W134/><G117/><T90/><D135/><U77/><E105/><V82/><F132/><W12/><G134/><T80/><D43/><U49/><E0/><V89/><F124/><W17/><G110/><T79/><D28/><U41/><E33/><V116/><F116/><W2/><G2/><T125/><D125/><U65/><E93/><V133/><F133/><W84/><G7/><T100/><D83/><U60/><E113/><V97/><F22/><W121/><G121/><T23/><D90/><U108/><E108/><V75/><REACH who="2" step="1"/><F48/><REACH who="2" ten="250,250,240,250" step="2"/><W76/><G37/><T127/><D127/><U78/><E49/><V87/><F87/><W130/><G84/><T27/><D61/><U128/><E128/><V1/><F1/><W114/><G130/><T8/><D68/><U11/><E41/><V55/><F55/><W66/><G114/><T62/><D62/><U101/><E81/><V119/><F119/><W56/><G85/><T94/><REACH who="0" step="1"/><D27/><REACH who="0" ten="240,250,240,250" step="2"/><U64/><E64/><V104/><F104/><W30/><G107/><T126/><D126/><U4/><E4/><V69/><F69/><W70/><G106/><T31/><D31/><AGARI ba="0,2" hai="5,11,15,21,25,31,57,60,65,77,78,101,102,103" machi="31" ten="40,8000,1" yaku="8,1,52,3" doraHai="96" who="1" fromWho="0" sc="240,-80,250,100,240,0,250,0" /><INIT seed="1,0,0,1,0,131" ten="160,350,240,250" oya="1" hai0="122,118,54,105,120,21,126,133,130,115,67,93,100" hai1="97,112,35,63,89,116,34,103,70,62,114,13,119" hai2="27,17,59,57,18,113,5,76,8,84,73,51,129" hai3="2,68,99,108,31,16,20,19,79,64,24,33,66"/><U52/><E89/><V71/><F71/><W135/><G135/><T0/><D67/><U47/><E13/><V75/><F129/><W42/><G108/><T117/><D54/><U22/><E22/><V11/><F113/><W61/><G2/><T49/><D49/><U107/><E114/><V96/><F96/><W48/><G66/><T106/><D21/><U82/><E112/><V92/><F51/><W43/><G79/><T65/><D65/><U56/><E47/><V41/><F41/><W12/><G48/><T60/><D60/><U80/><E70/><V81/><F11/><W1/><G1/><T25/><D25/><U39/><E39/><V40/><F40/><W36/><G36/><T124/><D0/><U10/><E10/><V91/><F73/><W30/><G31/><T46/><D46/><U90/><E62/><V94/><F94/><W7/><G7/><T121/><D115/><U26/><E26/><V53/><F27/><W69/><G69/><T111/><D111/><U86/><REACH who="1" step="1"/><E82/><REACH who="1" ten="160,340,240,250" step="2"/><V29/><F59/><W110/><G110/><T37/><D37/><U88/><E88/><V38/><F38/><W87/><G99/><N who="0" m="59503" /><D130/><U128/><E128/><V127/><F8/><W123/><G68/><T44/><D44/><U32/><AGARI ba="0,1" hai="32,34,35,52,56,63,80,86,90,97,103,107,116,119" machi="32" ten="30,6000,0" yaku="1,1,0,1,54,1,53,0" doraHai="131" doraHaiUra="23" who="1" fromWho="1" sc="160,-20,340,70,240,-20,250,-20" /><INIT seed="1,1,0,3,3,39" ten="140,410,220,230" oya="1" hai0="59,47,28,13,103,104,4,67,102,97,64,130,126" hai1="85,24,81,76,129,51,30,25,61,78,15,42,123" hai2="20,5,106,75,112,26,127,124,82,113,111,87,121" hai3="134,88,3,43,21,80,71,46,22,93,128,66,108"/><U32/><E123/><V36/><F121/><W53/><G3/><T109/><D109/><U73/><E129/><V9/><F75/><W69/><G108/><T41/><D130/><U92/><E15/><N who="2" m="5551" /><F106/><W110/><G110/><T117/><D117/><U131/><E131/><V98/><F98/><W45/><G128/><T62/><D126/><N who="2" m="48170" /><F36/><W83/><G134/><T38/><D102/><U84/><E73/><V74/><F74/><W122/><G122/><T55/><REACH who="0" step="1"/><D28/><REACH who="0" ten="130,410,220,230" step="2"/><U96/><E30/><N who="2" m="17735" /><F111/><W60/><G71/><T72/><D72/><U14/><E78/><AGARI ba="1,1" hai="78,82,87,112,113" m="17735,48170,5551" machi="78" ten="30,1000,0" yaku="18,1" doraHai="39" who="2" fromWho="1" sc="130,0,410,-13,220,23,230,0" /><INIT seed="2,0,0,5,0,106" ten="130,397,243,230" oya="2" hai0="46,103,47,16,84,131,8,28,89,115,13,72,52" hai1="51,56,90,62,11,54,29,112,74,82,133,111,26" hai2="7,65,83,36,25,113,124,42,14,61,45,48,30" hai3="127,77,130,55,66,67,53,3,122,38,75,119,32"/><V12/><F113/><W68/><RYUUKYOKU type="yao9" ba="0,0" sc="130,0,397,0,243,0,230,0" hai3="3,32,38,53,55,66,67,68,75,77,119,122,127,130" /><INIT seed="2,1,0,3,2,20" ten="130,397,243,230" oya="2" hai0="119,126,10,45,100,14,59,26,13,129,70,110,86" hai1="43,102,48,55,91,108,51,101,125,60,23,54,44" hai2="37,24,104,62,2,106,133,83,19,95,82,68,34" hai3="3,66,97,117,46,99,84,5,40,88,8,76,15"/><V61/><F37/><W11/><G117/><T17/><D70/><U105/><E105/><V115/><F115/><W81/><G66/><T49/><D119/><U109/><E125/><V77/><F2/><W89/><G99/><T56/><D126/><U38/><E38/><V1/><F1/><W58/><G58/><T112/><D112/><U69/><E91/><V4/><F4/><W79/><G79/><T111/><D129/><U134/><E23/><N who="2" m="13439" /><F34/><W16/><REACH who="3" step="1"/><G97/><REACH who="3" ten="130,397,243,220" step="2"/><T57/><D111/><U12/><E108/><V118/><F77/><W73/><G73/><T53/><D110/><U25/><E109/><V98/><F118/><W96/><G96/><T31/><D100/><U6/><E101/><N who="2" m="60639" /><F104/><W29/><G29/><T28/><D28/><U63/><E102/><V18/><F106/><W75/><G75/><T135/><D135/><U52/><E134/><V67/><F133/><W39/><AGARI ba="1,1" hai="3,5,8,11,15,16,39,40,46,76,81,84,88,89" machi="39" ten="20,12000,2" yaku="1,1,0,1,7,1,54,2,53,1" doraHai="20" doraHaiUra="72" who="3" fromWho="3" sc="130,-31,397,-31,243,-61,220,133" /><INIT seed="3,0,0,2,1,45" ten="99,366,182,353" oya="3" hai0="23,55,31,130,58,68,135,6,37,71,129,42,99" hai1="98,50,124,81,73,126,65,64,122,83,102,132,86" hai2="5,118,92,53,30,76,120,40,119,75,54,110,36" hai3="82,1,51,85,34,24,2,25,60,48,74,17,77"/><W22/><G60/><T59/><D23/><U96/><E122/><V39/><F120/><W108/><G108/><T70/><D31/><U94/><E132/><V84/><F110/><W46/><G51/><N who="0" m="31103" /><D6/><U9/><E73/><V123/><F84/><W117/><G117/><T113/><D99/><U61/><E50/><V38/><F92/><W66/><G66/><T125/><D135/><U19/><E98/><V101/><F101/><W95/><G34/><T4/><D4/><U80/><E86/><V12/><F30/><W79/><G24/><T69/><N who="0" m="17408" /><DORA hai="13" /><T28/><D28/><U88/><E102/><V49/><F12/><W121/><G121/><T43/><D113/><U62/><E62/><V15/><F76/><W112/><G112/><T7/><D7/><U72/><E72/><V8/><F75/><W3/><G95/><T114/><D114/><U0/><E61/><V90/><F90/><W78/><REACH who="3" step="1"/><G74/><REACH who="3" ten="99,366,182,343" step="2"/><T21/><D21/><U89/><E89/><V104/><F123/><W111/><G111/><T87/><D87/><U107/><E107/><V26/><F26/><W91/><G91/><T27/><D27/><U16/><E0/><V106/><F104/><W63/><G63/><T97/><D97/><U116/><E116/><V133/><F106/><W20/><G20/><T105/><D105/><U47/><E47/><N who="2" m="25831" /><F119/><W100/><G100/><T29/><D29/><U41/><E41/><AGARI ba="0,1" hai="1,2,3,17,22,25,41,46,48,77,78,79,82,85" machi="41" ten="40,18000,2" yaku="1,1,52,2,53,3" doraHai="45,13" doraHaiUra="33,115" who="3" fromWho="1" sc="99,0,366,-180,182,0,343,190" owari="99,-40.1,186,-1.4,182,-21.8,533,63.3" /></mjloggm>