<mjloggm ver="2.3"><GO type="225" lobby="0"/><UN n0="%E3%83%AB%E3%83%9B%E3%83%B3%E3%83%87%E3%82%A3%E3%82%A8" n1="%E3%81%A8%E3%82%93%E3%81%A8%E3%81%93%E3%81%A8%E3%82%93" n2="%72%65%6E%6B%75%6E" n3="%E3%81%BE%E3%81%A8%E3%81%9F" dan="17,16,17,16" rate="2219.26,2168.35,2259.42,2121.58" sx="M,F,M,M"/><TAIKYOKU oya="0"/><INIT seed="0,0,0,4,2,61" ten="250,250,250,250" oya="0" hai0="0,75,26,107,2,49,50,89,87,116,72,54,11" hai1="79,9,5,117,19,85,29,59,69,131,106,52,98" hai2="63,53,92,31,4,65,36,15,27,105,47,103,108" hai3="101,21,3,104,112,44,56,123,48,95,130,77,20"/><T100/><D116/><U28/><E69/><V90/><F108/><W97/><G3/><T67/><D107/><U14/><E117/><V10/><F105/><W119/><G119/><T86/><D100/><U18/><E106/><V81/><F81/><W129/><G112/><T73/><D26/><U114/><E98/><V66/><F103/><W13/><G77/><T127/><D127/><U120/><E120/><V111/><F111/><W96/><G56/><T125/><D125/><U99/><E99/><V32/><F63/><W124/><G124/><T82/><D11/><U68/><E68/><V51/><REACH who="2" step="1"/><F36/><REACH who="2" ten="250,250,240,250" step="2"/><W128/><G104/><T8/><D50/><N who="1" m="31127" /><E114/><V70/><F70/><W62/><G101/><T83/><D67/><U39/><E39/><V58/><F58/><W34/><G48/><T38/><D38/><U84/><E131/><V33/><F33/><W46/><G34/><T132/><D132/><U22/><E79/><V42/><F42/><W134/><G134/><T37/><D37/><U74/><E74/><V80/><F80/><W110/><G130/><T30/><D72/><U41/><E41/><V55/><F55/><W88/><G129/><T64/><D73/><U121/><E121/><V35/><F35/><W93/><G123/><T122/><D75/><U45/><E45/><V76/><F76/><W43/><G128/><T6/><D122/><U133/><E133/><V24/><F24/><W60/><G43/><T57/><D64/><U115/><E115/><V16/><F16/><N who="1" m="6185" /><E29/><V118/><F118/><W102/><G110/><T94/><D30/><U135/><E135/><RYUUKYOKU ba="0,1" sc="250,-15,250,15,240,15,250,-15" hai1="5,9,14,22,28,84,85" hai2="4,10,15,27,31,32,47,51,53,65,66,90,92" /><INIT seed="1,1,1,1,4,89" ten="235,265,255,235" oya="1" hai0="75,18,47,25,81,109,128,104,49,113,15,1,123" hai1="131,116,90,129,85,114,2,31,65,21,34,38,95" hai2="84,56,13,132,79,8,14,78,120,35,26,7,5" hai3="118,124,68,42,55,9,83,71,135,4,88,6,134"/><U36/><E114/><V130/><F120/><W51/><G42/><T30/><D104/><U69/><E2/><V48/><F132/><N who="3" m="50731" /><G124/><T11/><D109/><U127/><E34/><V39/><F39/><W40/><G40/><T17/><D1/><U70/><E116/><V86/><F130/><N who="1" m="49673" /><E127/><V91/><F35/><W96/><G118/><T98/><D128/><U45/><E45/><V105/><F105/><W43/><G43/><T60/><D60/><N who="1" m="40103" /><E70/><N who="3" m="26666" /><G9/><T27/><D11/><U106/><E106/><V80/><F26/><AGARI ba="1,1" hai="21,26,31,36,38,85,90,95" m="40103,49673" machi="26" ten="30,2900,0" yaku="19,1,52,1" doraHai="89" who="1" fromWho="2" sc="235,0,265,42,255,-32,235,0" /><INIT seed="1,2,0,5,3,95" ten="235,307,223,235" oya="1" hai0="121,115,112,80,11,111,42,43,10,19,24,44,106" hai1="69,32,70,76,31,102,113,108,60,4,62,7,54" hai2="85,94,5,96,92,1,52,82,22,55,88,124,0" hai3="20,61,23,81,130,98,128,17,73,64,101,33,13"/><U45/><E113/><V123/><F123/><W135/><G33/><T100/><D111/><U127/><E76/><V51/><F124/><W56/><G135/><T67/><D121/><U63/><E102/><V3/><F22/><W25/><G81/><T79/><D67/><U30/><E127/><V110/><F110/><W47/><G47/><T71/><D71/><U26/><E31/><V59/><F55/><W99/><G73/><T72/><D42/><U126/><E126/><V97/><F92/><W75/><G75/><T46/><D46/><U9/><E4/><V57/><F5/><W131/><REACH who="3" step="1"/><G101/><REACH who="3" ten="235,307,223,225" step="2"/><T2/><D112/><U18/><E108/><V48/><F82/><W83/><G83/><T77/><D80/><U15/><E45/><V78/><F78/><W34/><G34/><T84/><D44/><U91/><E32/><V90/><F90/><W50/><G50/><T87/><D79/><U38/><E38/><V117/><F117/><W118/><G118/><T107/><D77/><U36/><E36/><V40/><F40/><W35/><G35/><T16/><D43/><U41/><E41/><V39/><F39/><W86/><G86/><T132/><D100/><U114/><E91/><V66/><REACH who="2" step="1"/><F48/><REACH who="2" ten="235,307,213,225" step="2"/><W120/><G120/><T6/><D115/><U65/><E114/><V21/><F21/><W28/><AGARI ba="2,2" hai="13,17,20,23,25,28,56,61,64,98,99,128,130,131" machi="28" ten="30,12000,2" yaku="1,1,0,1,19,1,52,2,53,1" doraHai="95" doraHaiUra="8" who="3" fromWho="3" sc="235,-32,307,-62,213,-32,225,146" /><INIT seed="2,0,0,3,3,115" ten="203,245,181,371" oya="2" hai0="129,99,63,33,126,76,132,21,35,106,37,134,69" hai1="0,1,23,47,111,101,50,79,122,45,25,34,92" hai2="38,120,82,72,109,67,20,125,65,127,87,128,112" hai3="135,51,119,98,107,66,44,52,131,88,53,77,28"/><V75/><F38/><W80/><G119/><T2/><D2/><U113/><E34/><N who="0" m="12809" /><D37/><U10/><E113/><V22/><F112/><W89/><G135/><N who="0" m="51755" /><D21/><N who="2" m="8298" /><F120/><W40/><G28/><T12/><D12/><U91/><E122/><V17/><F17/><W31/><G131/><T68/><D76/><U74/><E111/><V41/><F41/><W93/><G107/><T62/><D129/><U48/><E101/><V4/><F4/><W105/><G105/><T64/><D126/><N who="2" m="48138" /><F109/><W94/><G66/><N who="2" m="25097" /><F128/><W18/><G18/><T83/><D64/><U71/><E79/><AGARI ba="0,0" hai="72,75,79,82,87" m="25097,48138,8298" machi="79" ten="30,1500,0" yaku="18,1" doraHai="115" who="2" fromWho="1" sc="203,0,245,-15,181,15,371,0" /><INIT seed="2,1,0,3,2,18" ten="203,230,196,371" oya="2" hai0="86,61,53,55,133,84,104,77,13,72,41,73,114" hai1="32,87,68,29,95,76,124,58,9,14,101,37,112" hai2="81,135,74,128,34,40,127,110,23,36,100,65,120" hai3="67,103,42,54,108,122,31,47,121,123,85,92,130"/><V118/><RYUUKYOKU type="yao9" ba="1,0" sc="203,0,230,0,196,0,371,0" hai2="23,34,36,40,65,74,81,100,110,118,120,127,128,135" /><INIT seed="2,2,0,4,2,117" ten="203,230,196,371" oya="2" hai0="37,103,3,35,100,92,108,50,1,36,112,2,27" hai1="76,39,23,55,10,65,54,51,115,132,118,11,88" hai2="109,15,91,97,71,34,43,129,82,110,26,46,5" hai3="33,121,58,40,12,126,127,84,41,131,107,66,73"/><V25/><F71/><W96/><G33/><T75/><D75/><U22/><E39/><V56/><F129/><W63/><G73/><T6/><D112/><U124/><E118/><V20/><F56/><W57/><G121/><T38/><D108/><N who="2" m="41578" /><F34/><W67/><G84/><T85/><D6/><U8/><E115/><V68/><F68/><W90/><G12/><T123/><D50/><U89/><E124/><N who="3" m="47658" /><G131/><T77/><D123/><U49/><E76/><V116/><F116/><W13/><G13/><T24/><D35/><U69/><E69/><V9/><F20/><N who="1" m="7721" /><E65/><V53/><F53/><N who="1" m="19977" /><E132/><V52/><F82/><W102/><G58/><T120/><D120/><U114/><E114/><V99/><F52/><W74/><G57/><T130/><D130/><U86/><E86/><V119/><F119/><W95/><G74/><T72/><D72/><U19/><E19/><V44/><F44/><W14/><G66/><T79/><D79/><U122/><E122/><V83/><F83/><W29/><G67/><T17/><D17/><U16/><E16/><V28/><F28/><W60/><G29/><T98/><D77/><U18/><E18/><V113/><F113/><W134/><G134/><T125/><D125/><U61/><E61/><V31/><F31/><W4/><G60/><T105/><D85/><U135/><E135/><V7/><F7/><W101/><G63/><T80/><D80/><U47/><E47/><V48/><F99/><W45/><G45/><T87/><D87/><U133/><E133/><V78/><F78/><W62/><G62/><T30/><D30/><U42/><E42/><RYUUKYOKU ba="2,0" sc="203,10,230,10,196,10,371,-30" hai0="1,2,3,24,27,36,37,38,92,98,100,103,105" hai1="8,10,11,49,51,88,89" hai2="5,9,15,25,26,43,46,48,91,97" /><INIT seed="2,3,0,5,1,96" ten="213,240,206,341" oya="2" hai0="98,119,48,40,76,65,51,125,79,28,86,39,33" hai1="115,105,43,49,87,104,111,93,52,25,121,97,127" hai2="17,5,61,38,131,0,112,63,4,106,94,53,88" hai3="15,59,42,110,80,124,66,50,11,77,116,128,103"/><V55/><F38/><W58/><G116/><T75/><D75/><U67/><E115/><V92/><F106/><W69/><G110/><T34/><D39/><U130/><E67/><V22/><F112/><W72/><G128/><T117/><D125/><U57/><E111/><V89/><F131/><W84/><G103/><T132/><D132/><U23/><E130/><V18/><REACH who="2" step="1"/><F22/><REACH who="2" ten="213,240,196,341" step="2"/><W9/><G124/><T74/><D119/><U36/><E127/><V29/><F29/><W120/><G120/><T90/><D28/><U54/><E104/><V35/><F35/><W37/><G37/><T30/><D30/><U46/><E105/><V16/><F16/><W109/><G109/><T21/><D21/><U2/><E36/><V44/><F44/><W56/><G9/><T133/><D33/><U118/><E46/><V108/><F108/><W129/><G11/><T107/><D34/><U99/><E23/><V135/><F135/><W13/><G129/><T70/><D117/><U101/><E118/><V114/><F114/><W60/><G72/><T134/><D74/><U82/><E121/><V91/><F91/><W123/><G123/><T45/><D133/><U7/><E7/><V64/><F64/><W78/><G78/><T100/><D134/><U14/><E101/><V8/><F8/><W24/><G77/><T113/><D113/><U32/><E32/><V102/><F102/><W1/><G66/><T81/><D51/><U20/><E49/><V6/><F6/><W126/><G50/><T12/><D12/><U27/><E14/><N who="3" m="5130" /><G126/><T68/><D65/><U26/><E2/><AGARI ba="3,1" hai="0,2,4,5,17,18,53,55,61,63,88,89,92,94" machi="2" ten="25,18000,2" yaku="1,1,6,1,22,2,54,1,53,2" doraHai="96" doraHaiUra="85" who="2" fromWho="1" sc="213,0,240,-189,196,199,341,0" /><INIT seed="2,4,0,0,4,81" ten="213,51,395,341" oya="2" hai0="80,21,43,98,115,73,37,96,94,113,70,114,130" hai1="93,45,10,50,127,107,89,1,3,97,34,13,75" hai2="119,118,122,48,30,126,121,135,57,79,110,103,49" hai3="51,69,88,67,41,17,27,25,84,60,26,72,54"/><V7/><F7/><W108/><G72/><T106/><D70/><U109/><E34/><V85/><F30/><W129/><G108/><T46/><D130/><U44/><E75/><V99/><F57/><W33/><G129/><T52/><D106/><U105/><E127/><V28/><F28/><W47/><G33/><T19/><D73/><U68/><E68/><V117/><F126/><W124/><G124/><T11/><D11/><U134/><E134/><V125/><F125/><W102/><G102/><T12/><D94/><U0/><E109/><V87/><F110/><W8/><G41/><T71/><D71/><U123/><E123/><V9/><F9/><W101/><G101/><T40/><D40/><U120/><E120/><N who="2" m="46187" /><F49/><W82/><G26/><T92/><D92/><U18/><REACH who="1" step="1"/><E44/><REACH who="1" ten="213,41,395,341" step="2"/><V128/><F128/><W95/><G95/><T66/><D46/><U63/><E63/><V22/><F135/><W100/><G100/><T39/><D113/><U56/><E56/><V20/><F103/><W42/><G42/><AGARI ba="4,1" hai="0,1,3,10,13,18,42,45,50,89,93,97,105,107" machi="42" ten="40,1300,0" yaku="1,1,53,0" doraHai="81" doraHaiUra="62" who="1" fromWho="3" sc="213,0,41,35,395,0,341,-25" /><INIT seed="3,0,0,3,0,74" ten="213,76,395,316" oya="3" hai0="64,14,67,105,49,129,36,12,75,76,130,118,10" hai1="23,85,9,62,124,19,82,68,41,60,51,92,93" hai2="61,5,117,120,102,116,121,96,122,25,8,70,103" hai3="26,31,135,18,71,56,54,53,78,113,107,40,6"/><W111/><G113/><T17/><D36/><U1/><E124/><V127/><F127/><W134/><G107/><T90/><D105/><U38/><E68/><V99/><F25/><W20/><G71/><T34/><D34/><U57/><E38/><V123/><F123/><W83/><G40/><T73/><D118/><N who="2" m="45674" /><F99/><W126/><G126/><T30/><D30/><U91/><E1/><N who="2" m="47" /><F96/><W27/><G6/><T132/><D132/><N who="3" m="50729" /><G56/><T48/><D10/><U33/><E33/><V52/><F52/><N who="3" m="20075" /><G111/><T97/><D97/><U58/><E9/><V88/><F88/><W77/><G83/><T59/><D90/><U37/><E37/><V72/><F72/><W114/><G114/><T35/><D59/><U98/><E57/><V16/><F70/><W29/><G29/><T2/><D73/><U15/><E92/><V65/><F65/><W81/><G81/><T7/><D75/><U119/><E119/><V66/><F66/><W28/><G28/><T47/><D64/><U86/><E98/><V21/><F61/><W45/><G45/><T84/><D67/><U22/><E22/><AGARI ba="0,0" hai="18,20,22,26,27,31,77,78" m="20075,50729" machi="22" ten="30,11600,0" yaku="20,1,52,2,54,1" doraHai="74" who="3" fromWho="1" sc="213,0,76,-116,395,0,316,116" owari="213,-18.7,-40,-54.0,395,19.5,432,53.2" /></mjloggm>