<mjloggm ver="2.3"><GO type="225" lobby="0"/><UN n0="%E3%81%9F%E3%81%93%E2%98%86%E7%84%BC%E3%81%8D" n1="%47%32%E9%BE%8D%E9%96%80" n2="%E3%81%95%E3%81%8D%E3%81%9F%E3%81%BE%E6%9E%97%E6%AA%8E" n3="%E3%81%82%E3%81%84%E3%81%82%E3%81%8A%E3%81%84" dan="16,16,16,18" rate="2126.73,2094.20,2077.39,2198.68" sx="M,M,M,M"/><TAIKYOKU oya="0"/><INIT seed="0,0,0,0,0,77" ten="250,250,250,250" oya="0" hai0="33,124,89,62,88,17,55,32,67,103,112,2,92" hai1="110,1,66,7,64,43,111,5,126,49,59,19,122" hai2="22,47,114,127,83,57,65,84,123,109,96,117,102" hai3="68,16,135,44,13,99,105,74,27,80,39,90,10"/><T85/><D2/><U21/><E122/><V48/><F109/><N who="1" m="41481" /><E126/><V86/><F114/><W38/><G68/><T52/><D112/><U129/><E129/><V53/><F127/><W12/><G135/><T63/><D103/><U101/><E101/><V104/><F123/><W69/><G69/><T40/><D40/><U23/><E23/><V25/><F117/><W125/><G125/><T14/><D32/><U41/><E1/><V113/><F113/><W45/><G105/><T60/><D33/><U26/><E41/><V56/><F65/><N who="1" m="25193" /><E59/><V9/><F9/><W28/><G99/><N who="0" m="57735" /><D67/><U108/><N who="1" m="41489" /><U11/><DORA hai="51" /><E11/><V24/><F24/><W120/><G120/><T37/><D37/><U134/><E134/><V31/><REACH who="2" step="1"/><F86/><REACH who="2" ten="250,250,240,250" step="2"/><N who="3" m="50503" /><G74/><T91/><D85/><U71/><E71/><V0/><F0/><W133/><G133/><T15/><D124/><U116/><E116/><V115/><F115/><W131/><G131/><T93/><D15/><U70/><E70/><V128/><F128/><W54/><G13/><T121/><D121/><U75/><E75/><V95/><F95/><W79/><G12/><T6/><D93/><U61/><E26/><V98/><F98/><W97/><G97/><T94/><D94/><U3/><E3/><V50/><F50/><W73/><G27/><T42/><D6/><U29/><E5/><V58/><F58/><W132/><G132/><T20/><D62/><U35/><E7/><V30/><F30/><W106/><G28/><T118/><D63/><U130/><E61/><V4/><F4/><W78/><G73/><T36/><D60/><RYUUKYOKU ba="0,1" sc="250,-10,250,-10,240,30,250,-10" hai2="22,25,31,47,48,53,56,57,83,84,96,102,104" /><INIT seed="1,1,1,5,5,58" ten="240,240,270,240" oya="1" hai0="39,79,21,3,116,15,131,108,97,76,26,111,46" hai1="45,118,30,68,33,37,100,66,109,124,23,35,17" hai2="80,12,75,81,91,57,1,126,53,20,62,114,59" hai3="14,69,74,6,107,28,95,16,5,113,78,89,99"/><U104/><E118/><V42/><F126/><W11/><G113/><T98/><D3/><U64/><E124/><V31/><F1/><W119/><G119/><T129/><D15/><U4/><E4/><V120/><F120/><W103/><G69/><T73/><D39/><U41/><E30/><V65/><F42/><W51/><G28/><T123/><D46/><U121/><E121/><V92/><F75/><W29/><G29/><T85/><D73/><U86/><E86/><N who="2" m="52343" /><F114/><W0/><G51/><T84/><D21/><U135/><E135/><V125/><F125/><W72/><G78/><N who="0" m="29739" /><D26/><U93/><E104/><V117/><F117/><W67/><G67/><T54/><D54/><U128/><E128/><N who="0" m="49225" /><D123/><U82/><E64/><V49/><F31/><W52/><G52/><T122/><D122/><U115/><E115/><V36/><F36/><W112/><G6/><T25/><D25/><U48/><E37/><V43/><F43/><W55/><G55/><T60/><D60/><U106/><E66/><V7/><F7/><W13/><G0/><T87/><D116/><U61/><E61/><V96/><F96/><AGARI ba="1,1" hai="84,85,87,96,97,98,108,111" m="49225,29739" machi="96" ten="40,8000,1" yaku="28,2,19,1,34,2" doraHai="58" who="0" fromWho="2" sc="240,93,240,0,270,-83,240,0" /><INIT seed="2,0,0,5,5,86" ten="333,240,187,240" oya="2" hai0="109,4,65,14,131,52,104,117,70,81,56,110,36" hai1="49,13,124,66,19,22,103,97,48,100,20,89,3" hai2="21,64,135,102,127,6,121,38,45,32,111,130,83" hai3="23,28,126,44,106,94,26,98,16,27,73,43,59"/><V69/><F121/><W92/><G126/><T84/><D36/><U8/><E124/><V47/><F127/><W2/><G2/><T7/><D104/><U125/><E125/><V46/><F32/><W71/><G71/><T107/><D107/><U78/><E78/><V67/><F135/><W79/><G59/><T91/><D131/><U9/><E66/><N who="2" m="25131" /><F130/><W93/><G73/><T62/><D14/><U123/><E123/><V80/><F69/><W113/><G79/><T85/><D84/><U99/><E3/><V10/><F38/><W105/><G113/><T1/><D117/><U34/><E34/><V54/><F111/><N who="0" m="42506" /><D1/><U55/><E55/><V30/><F102/><W112/><G112/><T39/><D39/><U29/><E29/><V24/><F54/><W116/><G116/><T101/><D101/><U128/><E128/><V114/><F114/><W12/><G27/><T42/><D42/><U134/><E134/><V31/><F31/><W115/><G115/><T76/><D76/><U15/><E19/><V118/><F118/><W17/><G17/><T35/><D35/><U63/><E63/><AGARI ba="0,0" hai="4,7,52,56,62,63,65,70,81,85,91" m="42506" machi="63" ten="30,3900,0" yaku="14,1,52,1,54,1" doraHai="86" who="0" fromWho="1" sc="333,39,240,-39,187,0,240,0" /><INIT seed="3,0,0,2,0,125" ten="372,201,187,240" oya="3" hai0="91,110,94,52,54,59,69,83,62,25,118,75,26" hai1="90,51,122,102,37,98,86,121,82,42,5,99,33" hai2="70,116,63,135,20,47,133,43,111,8,129,97,101" hai3="2,0,10,107,27,35,24,67,7,89,84,57,58"/><W19/><G107/><T4/><D118/><U30/><E37/><V38/><F116/><W87/><G35/><T92/><D69/><U78/><E5/><V31/><F111/><W49/><G19/><T76/><D94/><U29/><E122/><V104/><F8/><W22/><G22/><T32/><D4/><U50/><E121/><V41/><F41/><W46/><G0/><T117/><D110/><U126/><E126/><V74/><F74/><W115/><G115/><T56/><D32/><U16/><E33/><V15/><F15/><W96/><G96/><N who="1" m="36906" /><E102/><V23/><F31/><N who="1" m="11785" /><E42/><V71/><F23/><W134/><G87/><T113/><D117/><U9/><E78/><V61/><F20/><W131/><G24/><T128/><D113/><U40/><E40/><V112/><F112/><W36/><G27/><T48/><D25/><U124/><E124/><V18/><F18/><W95/><G36/><T72/><D75/><U79/><E79/><V85/><F85/><W106/><G106/><T6/><D6/><U13/><AGARI ba="0,0" hai="9,13,16,50,51,82,86,90" m="11785,36906" machi="13" ten="30,2000,0" yaku="8,1,54,1" doraHai="125" who="1" fromWho="1" sc="372,-5,201,20,187,-5,240,-10" owari="367,46.7,221,-17.9,182,-31.8,230,3.0" /></mjloggm>