<mjloggm ver="2.3"><GO type="225" lobby="0"/><UN n0="%E7%89%B9%E6%9D%B1%E3%81%AF%E4%B8%96%E7%95%8C%E3%82%92%E6%95%91%E3%81%86" n1="%E5%82%8D%E8%8B%A5%E7%84%A1%E4%BA%BA%35%31" n2="%E3%81%A1%E3%82%85%E3%81%86%E3%81%A9%E3%81%8F%E8%B1%A1%E3%81%95%E3%82%93" n3="%E3%81%AF%E3%82%88%E3%81%8A%E3%81%98%E3%81%95%E3%82%93" dan="16,16,17,16" rate="2157.36,2050.22,2174.00,2124.17" sx="M,M,M,M"/><TAIKYOKU oya="0"/><INIT seed="0,0,0,2,2,118" ten="250,250,250,250" oya="0" hai0="81,119,99,87,116,38,53,61,3,88,121,95,120" hai1="124,71,40,17,68,93,128,5,27,31,83,55,23" hai2="107,76,0,135,44,29,123,26,4,25,37,131,113" hai3="67,28,56,114,98,92,39,85,94,127,62,64,105"/><T47/><D3/><U32/><E128/><V1/><F113/><W2/><G114/><T108/><D38/><U101/><E124/><V48/><F107/><W11/><G127/><T65/><D108/><U117/><E117/><V134/><F37/><W59/><G39/><T12/><D119/><U97/><E40/><N who="2" m="24583" /><F131/><W20/><G105/><T36/><D116/><U125/><E125/><V70/><F76/><W103/><G2/><N who="2" m="1129" /><F4/><W109/><G109/><T69/><D12/><U57/><E5/><V111/><F70/><W19/><G11/><T10/><D10/><U34/><E83/><V15/><F15/><W58/><G64/><T122/><D53/><U72/><E72/><V54/><F54/><W30/><G30/><T133/><D133/><N who="2" m="50698" /><F111/><W21/><G67/><T16/><D16/><U6/><E6/><V8/><F8/><W51/><G62/><T100/><REACH who="0" step="1"/><D122/><REACH who="0" ten="240,250,250,250" step="2"/><U78/><E17/><V91/><F26/><W22/><G19/><T60/><D60/><U66/><E66/><V63/><F63/><W79/><G28/><T112/><D112/><U75/><E68/><V82/><F25/><W90/><G51/><T42/><AGARI ba="0,1" hai="36,42,47,61,65,69,81,87,88,95,99,100,120,121" machi="42" ten="30,18000,2" yaku="1,1,0,1,52,2,54,1,53,1" doraHai="118" doraHaiUra="96" who="0" fromWho="0" sc="240,190,250,-60,250,-60,250,-60" /><INIT seed="0,1,0,3,3,126" ten="430,190,190,190" oya="0" hai0="110,108,14,122,22,58,111,35,6,128,21,96,36" hai1="48,46,33,84,124,82,91,59,19,45,66,29,69" hai2="129,63,49,28,50,100,65,39,94,20,99,44,68" hai3="120,54,121,16,7,133,116,51,117,30,93,4,107"/><T3/><D122/><N who="3" m="47209" /><G107/><T114/><D114/><U67/><E124/><V130/><F39/><W105/><G105/><T5/><D36/><U113/><E113/><V87/><F87/><W86/><G30/><T123/><D123/><U41/><E69/><V89/><F89/><N who="3" m="53431" /><G133/><T31/><D3/><U132/><E132/><V0/><F0/><W56/><G16/><N who="0" m="10391" /><D35/><U70/><E70/><V61/><F61/><W57/><G56/><T81/><D128/><N who="2" m="49258" /><F44/><W11/><G4/><T79/><D5/><U42/><E59/><V72/><F72/><W76/><G76/><T131/><D6/><U2/><E2/><AGARI ba="1,0" hai="2,7,11,51,54,57,116,117" m="53431,47209" machi="2" ten="30,1000,0" yaku="13,1" doraHai="126" who="3" fromWho="1" sc="430,0,190,-13,190,0,190,13" /><INIT seed="1,0,0,0,0,109" ten="430,177,190,203" oya="1" hai0="78,71,23,54,7,38,107,52,132,33,42,55,59" hai1="125,66,64,75,19,106,126,69,1,63,18,94,58" hai2="112,14,122,93,44,40,29,123,101,17,135,28,50" hai3="103,115,76,73,16,31,119,74,117,36,110,87,32"/><U77/><E106/><V60/><F135/><W67/><G36/><T92/><D33/><U56/><E1/><V45/><F60/><W85/><G110/><T21/><D107/><U111/><E111/><V10/><F45/><W8/><G103/><T2/><D71/><U53/><E69/><V134/><F134/><W100/><G100/><T72/><D132/><U15/><E94/><V84/><F112/><W37/><G37/><T70/><D59/><U90/><E90/><V128/><F128/><W4/><G67/><T129/><D92/><U130/><E130/><V39/><F39/><W80/><G115/><T98/><D98/><U96/><E96/><V22/><F22/><W49/><G49/><T20/><D70/><U99/><E99/><V35/><F35/><W108/><G108/><T127/><D127/><N who="1" m="48651" /><E15/><V0/><F0/><W41/><G41/><T83/><D129/><U65/><E58/><V114/><F114/><W30/><G16/><N who="1" m="6186" /><E77/><V61/><F101/><W81/><G76/><T5/><REACH who="0" step="1"/><D2/><REACH who="0" ten="420,177,190,203" step="2"/><U51/><E75/><V79/><F123/><W34/><G74/><T11/><D11/><U118/><E118/><V97/><F122/><W25/><G73/><T68/><D68/><U89/><E89/><V48/><F10/><W47/><G8/><T82/><D82/><U57/><AGARI ba="0,1" hai="51,53,56,57,63,64,65,66" m="6186,48651" machi="57" ten="30,3000,0" yaku="18,1,54,1" doraHai="109" who="1" fromWho="1" sc="420,-10,177,40,190,-10,203,-10" /><INIT seed="1,1,0,4,0,101" ten="410,217,180,193" oya="1" hai0="26,18,43,124,131,31,106,72,25,113,21,22,80" hai1="15,32,91,42,77,41,64,9,94,116,78,118,92" hai2="44,56,87,33,34,37,2,4,107,24,46,52,111" hai3="19,122,7,30,38,40,16,54,120,130,59,123,12"/><U68/><E32/><V6/><F111/><W60/><G130/><T14/><D113/><U86/><E68/><V105/><F87/><W61/><G30/><T98/><D131/><U81/><E64/><V23/><F2/><W119/><G119/><T95/><D106/><U36/><E94/><V89/><F89/><W10/><REACH who="3" step="1"/><G60/><REACH who="3" ten="410,217,180,183" step="2"/><T13/><D31/><U109/><E118/><V115/><F115/><W63/><G63/><T114/><D114/><U82/><E116/><V103/><F33/><W84/><G84/><T102/><D72/><U49/><E109/><V97/><F34/><W79/><G79/><T88/><D124/><U134/><E78/><V62/><F105/><W47/><AGARI ba="1,1" hai="7,10,12,16,19,38,40,47,54,59,61,120,122,123" machi="47" ten="40,8000,1" yaku="1,1,0,1,54,1,53,1" doraHai="101" doraHaiUra="8" who="3" fromWho="3" sc="410,-21,217,-41,180,-21,183,93" /><INIT seed="2,0,0,5,3,109" ten="389,176,159,276" oya="2" hai0="32,4,133,104,21,114,29,79,68,128,49,39,98" hai1="76,111,77,18,92,78,72,7,130,87,0,55,6" hai2="56,8,107,80,20,91,9,67,125,112,42,99,124" hai3="81,36,33,64,85,34,58,113,45,66,35,120,30"/><V22/><F42/><W1/><G120/><T17/><D39/><U14/><E111/><V44/><F44/><W105/><G1/><T46/><D68/><U31/><E130/><V126/><F112/><W95/><G105/><T103/><D114/><U71/><E0/><V89/><F80/><W48/><G113/><T88/><D79/><U57/><E71/><V117/><F117/><W24/><G95/><T83/><D4/><U19/><E72/><V43/><F43/><W26/><G36/><T28/><D32/><U37/><E31/><V47/><F47/><W116/><G116/><T118/><D133/><U134/><E37/><V108/><F108/><W59/><G58/><T54/><D128/><U106/><E106/><V70/><F70/><W110/><G110/><T93/><D83/><U102/><E134/><V41/><F41/><W94/><G94/><T74/><D74/><U53/><E19/><V119/><F119/><W75/><G75/><T10/><D10/><N who="2" m="4202" /><F107/><W122/><G122/><T63/><D63/><U60/><E55/><V129/><F129/><W2/><G2/><T123/><D123/><U69/><E69/><V16/><F99/><W96/><G96/><T97/><D118/><U131/><E131/><V73/><F73/><W82/><G82/><T84/><D97/><N who="1" m="59687" /><E87/><V135/><F135/><W5/><G5/><T127/><D127/><U61/><E61/><N who="2" m="38311" /><F20/><AGARI ba="0,0" hai="6,7,14,18,20,53,57,60,76,77,78" m="59687" machi="20" ten="30,1000,0" yaku="8,1" doraHai="109" who="1" fromWho="2" sc="389,0,176,10,159,-10,276,0" /><INIT seed="3,0,0,5,5,123" ten="389,186,149,276" oya="3" hai0="46,70,43,116,94,63,7,34,96,6,40,83,38" hai1="72,58,12,67,115,49,104,64,39,25,54,42,127" hai2="120,45,121,100,93,19,13,14,77,98,32,37,105" hai3="57,51,109,50,8,90,41,101,47,75,86,118,56"/><W66/><G118/><T92/><D116/><U91/><BYE who="2" /><E104/><V110/><F110/><W76/><G75/><T88/><D34/><U106/><E106/><V107/><F107/><W59/><G101/><UN n2="%E3%81%A1%E3%82%85%E3%81%86%E3%81%A9%E3%81%8F%E8%B1%A1%E3%81%95%E3%82%93" /><T0/><D43/><U99/><E72/><V124/><F124/><W132/><G132/><T122/><D122/><U55/><E115/><V80/><F32/><W31/><G31/><T9/><D7/><U129/><E129/><V114/><F114/><W44/><G76/><T10/><D10/><U78/><E39/><V35/><F35/><W36/><G36/><T62/><D70/><U119/><E42/><V131/><F131/><W82/><G109/><T28/><D28/><U112/><E112/><V130/><F130/><W23/><G8/><T1/><D1/><U95/><E25/><V117/><F117/><W52/><REACH who="3" step="1"/><G23/><REACH who="3" ten="389,186,149,266" step="2"/><T126/><D126/><U53/><E127/><V87/><F37/><W113/><G113/><T128/><D128/><U71/><E78/><V15/><F120/><W69/><G69/><T60/><D38/><U74/><E74/><V48/><F121/><W5/><G5/><T11/><D11/><U84/><E71/><V108/><F108/><W17/><G17/><T73/><D73/><U135/><E135/><V26/><F105/><W21/><G21/><T111/><D111/><U102/><E119/><V33/><F33/><W133/><G133/><T125/><D125/><U16/><E58/><V134/><F134/><W79/><G79/><T22/><D22/><N who="1" m="11527" /><E49/><V27/><F19/><W4/><G4/><T3/><D6/><U20/><E20/><RYUUKYOKU ba="0,1" sc="389,-30,186,10,149,10,266,10" hai1="53,54,55,64,67,84,91,95,99,102" hai2="13,14,15,26,27,45,48,77,80,87,93,98,100" hai3="41,44,47,50,51,52,56,57,59,66,82,86,90" /><INIT seed="3,1,1,1,1,134" ten="359,196,159,276" oya="3" hai0="5,24,37,42,33,80,77,61,43,0,106,59,124" hai1="19,110,31,17,70,2,16,49,27,12,117,84,34" hai2="128,129,104,74,63,108,120,15,111,71,62,13,75" hai3="14,52,6,1,131,22,10,86,130,79,78,97,112"/><W94/><G112/><T51/><D106/><U66/><E110/><N who="2" m="42027" /><F104/><W126/><G126/><T25/><D37/><U115/><E115/><V100/><F100/><W91/><G1/><T87/><D124/><U58/><E117/><V30/><F30/><W72/><G72/><N who="2" m="27689" /><F120/><W109/><G109/><T7/><D33/><U95/><E2/><V69/><F62/><W48/><G22/><T99/><D99/><U113/><E70/><N who="2" m="26635" /><F63/><W125/><G125/><T45/><D43/><U76/><E113/><V123/><F123/><W4/><G4/><N who="0" m="1611" /><D0/><U20/><E66/><AGARI ba="1,1" hai="24,25,42,45,51,59,61,66,77,80,87" m="1611" machi="66" ten="30,1000,0" yaku="8,1" doraHai="134" who="0" fromWho="1" sc="359,23,196,-13,159,0,276,0" owari="382,48.2,183,-21.7,159,-34.1,276,7.6" /></mjloggm>