<mjloggm ver="2.3"><GO type="225" lobby="0"/><UN n0="%E3%83%9D%E3%83%B3%E3%83%9D%E3%82%B3%E5%95%86%E4%BA%8B" n1="%E3%81%BE%E3%81%A8%E3%81%9F" n2="%E3%82%BC%E3%83%AB%E3%83%80%E3%81%AE%E4%BC%9D%E8%AA%AC" n3="%6D%75%75%6D%75%72%61" dan="16,16,17,16" rate="2162.75,2132.89,2153.35,2131.97" sx="M,M,M,F"/><TAIKYOKU oya="0"/><INIT seed="0,0,0,2,1,21" ten="250,250,250,250" oya="0" hai0="66,89,105,17,19,120,67,41,51,77,52,88,106" hai1="28,23,7,57,14,15,109,8,128,13,69,48,104" hai2="135,129,53,6,92,70,131,45,124,33,126,127,5" hai3="44,22,112,59,130,10,0,113,94,3,133,99,73"/><T49/><D120/><U1/><E69/><V122/><F122/><W117/><G117/><T93/><D77/><U2/><E104/><V74/><F74/><W97/><G73/><T114/><D106/><U91/><E109/><V78/><F78/><W30/><G130/><N who="2" m="49673" /><F70/><W121/><G121/><T84/><D105/><U102/><E102/><V11/><F92/><W83/><G133/><T55/><D41/><U56/><E56/><V96/><F96/><W110/><G83/><T62/><D114/><U111/><E111/><V118/><F45/><W116/><G110/><T79/><D79/><U95/><E1/><N who="2" m="431" /><F53/><N who="0" m="20554" /><D89/><U63/><E128/><V75/><F75/><W47/><G116/><T64/><D62/><U9/><E63/><V134/><F118/><W58/><G44/><T119/><D119/><U108/><E108/><V24/><F6/><W80/><G47/><T4/><D4/><U101/><E7/><V54/><F54/><W38/><G58/><T35/><D35/><U107/><E57/><V42/><F42/><W132/><G59/><T25/><D19/><U72/><E72/><V85/><F85/><W81/><G113/><T103/><D103/><U86/><E2/><V87/><F87/><W61/><G112/><T36/><D36/><U98/><E48/><V39/><F39/><W43/><G38/><T90/><D90/><U31/><E31/><AGARI ba="0,0" hai="24,31,33,124,126,127,134,135" m="431,49673" machi="31" ten="40,16000,3" yaku="30,2,18,1,19,1,23,1,34,2,52,1" doraHai="21" who="2" fromWho="1" sc="250,0,250,-160,250,160,250,0" /><INIT seed="1,0,0,0,0,52" ten="250,90,410,250" oya="1" hai0="78,94,15,68,38,114,108,116,113,46,106,112,121" hai1="41,81,62,28,2,69,67,135,39,93,43,4,98" hai2="10,134,79,95,109,92,37,42,71,58,73,118,33" hai3="86,0,29,48,97,45,5,66,100,99,105,49,111"/><U25/><E135/><V18/><F71/><W126/><G111/><T14/><D106/><U20/><E81/><V54/><F33/><W7/><G126/><T122/><D68/><U129/><E129/><V63/><F118/><W22/><G0/><T9/><D78/><U31/><E39/><V70/><F109/><W107/><G86/><T56/><D94/><U12/><E2/><V102/><F102/><W88/><G66/><T60/><D108/><U35/><E35/><V84/><F73/><W11/><G11/><T40/><D116/><U65/><E31/><V21/><F10/><W82/><G48/><T104/><D104/><U6/><E67/><V124/><F70/><W110/><G110/><T130/><D130/><U80/><E12/><V83/><F124/><W120/><G120/><N who="0" m="46187" /><D9/><U1/><E1/><V51/><F37/><W64/><G64/><AGARI ba="0,0" hai="14,15,38,40,46,56,60,64,112,113,114" m="46187" machi="64" ten="40,2600,0" yaku="13,1,52,1" doraHai="52" who="0" fromWho="3" sc="250,26,90,0,410,0,250,-26" /><INIT seed="2,0,0,0,2,6" ten="276,90,410,224" oya="2" hai0="3,105,108,101,12,82,1,17,58,55,40,8,33" hai1="96,50,31,16,113,118,25,133,97,109,90,56,45" hai2="83,79,116,65,128,74,18,126,125,117,99,44,64" hai3="88,86,15,23,85,22,2,102,130,43,110,48,41"/><V20/><F44/><W14/><G2/><T53/><D108/><U80/><E113/><V135/><F99/><W38/><G38/><T24/><D40/><N who="3" m="15433" /><G85/><T35/><D55/><U9/><E118/><V5/><F5/><W123/><G123/><T121/><D121/><U67/><E109/><V103/><F103/><W134/><G110/><T30/><D82/><U42/><E133/><V94/><F94/><N who="3" m="54551" /><G130/><T28/><D101/><U111/><E111/><V19/><F128/><W7/><G134/><T127/><D105/><U61/><E80/><V26/><F83/><W21/><G102/><T122/><D122/><U95/><E96/><V89/><F74/><W106/><G106/><T93/><D93/><U60/><E60/><V10/><F135/><W119/><G119/><T77/><D77/><U47/><E47/><V104/><F79/><W34/><G34/><T69/><D69/><U66/><E66/><V51/><F65/><W54/><G7/><T98/><D98/><U84/><E97/><V29/><F89/><W78/><G78/><T75/><D75/><U13/><E25/><V129/><F26/><W59/><AGARI ba="0,0" hai="14,15,21,22,23,48,54,59" m="54551,15433" machi="59" ten="30,2000,0" yaku="8,1,54,1" doraHai="6" who="3" fromWho="3" sc="276,-5,90,-5,410,-10,224,20" /><INIT seed="3,0,0,1,4,121" ten="271,85,400,244" oya="3" hai0="127,73,122,117,41,14,90,87,129,51,70,25,30" hai1="103,104,105,38,31,119,130,128,82,47,37,52,4" hai2="95,60,134,75,118,77,101,72,99,131,57,8,123" hai3="109,110,85,62,107,54,22,1,50,92,9,6,71"/><W10/><G107/><T65/><D122/><U93/><E31/><V17/><F123/><W113/><G113/><T114/><D117/><U55/><E4/><V0/><F118/><W124/><G124/><T74/><D14/><U111/><E119/><V12/><F77/><W68/><G9/><T11/><D11/><U61/><E61/><V59/><F0/><W18/><G62/><T5/><D5/><U64/><E93/><V32/><F32/><W42/><G42/><T35/><D65/><U76/><E64/><V7/><F134/><W67/><G67/><T2/><D2/><U56/><E56/><V126/><F131/><W44/><G85/><T48/><D70/><U125/><E125/><V116/><F116/><W69/><REACH who="3" step="1"/><G92/><REACH who="3" ten="271,85,400,234" step="2"/><T115/><D127/><U112/><E112/><N who="0" m="43049" /><D129/><U91/><E128/><V20/><F60/><W43/><G43/><T98/><D41/><U26/><E130/><V39/><F126/><W100/><G100/><T13/><D74/><U89/><E103/><V45/><F75/><W21/><G21/><T135/><D73/><U66/><E66/><V96/><F72/><W80/><G80/><N who="0" m="49511" /><D98/><U106/><E82/><V29/><F20/><W34/><G34/><T108/><D35/><U49/><E105/><V94/><F101/><W28/><G28/><T58/><D30/><U23/><E23/><V36/><F29/><W132/><G132/><T24/><D135/><U15/><E55/><V83/><F83/><W16/><G16/><T33/><D33/><U40/><E40/><N who="2" m="22663" /><F17/><W88/><G88/><T79/><D51/><U19/><E49/><RYUUKYOKU ba="0,1" sc="271,-10,85,-10,400,-10,234,30" hai3="1,6,10,18,22,44,50,54,68,69,71,109,110" /><INIT seed="3,1,1,5,4,23" ten="261,75,390,264" oya="3" hai0="48,113,70,92,93,125,11,88,65,54,15,67,86" hai1="107,55,53,129,131,102,124,29,0,49,46,17,2" hai2="111,105,19,133,126,41,4,69,81,82,8,26,89" hai3="14,18,60,5,121,114,83,9,103,56,58,24,38"/><W13/><G114/><T32/><D125/><U123/><E123/><V77/><F126/><W117/><G121/><T119/><D119/><U134/><E124/><V85/><F69/><W122/><G122/><T12/><D32/><U116/><E116/><V74/><F111/><W36/><G117/><T96/><D70/><U109/><E109/><V101/><F133/><W21/><G103/><T115/><D15/><U127/><E127/><V16/><F26/><W110/><G110/><T128/><D128/><U28/><E102/><V108/><F108/><W1/><G83/><T68/><D68/><U47/><E49/><V52/><F52/><W99/><G99/><T64/><D93/><U98/><E98/><V120/><F120/><W118/><G118/><T34/><D34/><U104/><REACH who="1" step="1"/><E17/><REACH who="1" ten="261,65,390,264" step="2"/><V10/><F19/><W33/><G38/><T75/><D96/><U100/><E100/><V25/><F16/><W66/><G36/><T30/><D115/><U45/><E45/><V91/><F101/><W87/><G18/><N who="0" m="8479" /><D113/><U94/><E94/><V20/><F105/><W43/><G1/><T37/><D37/><U7/><E7/><V132/><F4/><W61/><G5/><T3/><D3/><U31/><E31/><V40/><F132/><W71/><G71/><T76/><D30/><U95/><E95/><V112/><F112/><W42/><G9/><T59/><D75/><U35/><E35/><V39/><F39/><W90/><G33/><T57/><D76/><U130/><E130/><V135/><F135/><W50/><G14/><T106/><D106/><U73/><E73/><RYUUKYOKU ba="1,2" sc="261,15,65,15,390,-15,264,-15" hai0="48,54,57,59,64,65,67,86,88,92" hai1="0,2,28,29,46,47,53,55,104,107,129,131,134" owari="276,7.6,80,-42.0,395,49.5,249,-15.1" /></mjloggm>