<mjloggm ver="2.3"><GO type="225" lobby="0"/><UN n0="%E8%B6%85%E7%B4%9A%E9%B3%B3%E5%87%B0" n1="%6D%75%75%6D%75%72%61" n2="%72%69%6F%75%63%68%61%6E" n3="%E3%81%BF%E3%81%BF%E3%81%9A" dan="16,16,17,16" rate="2145.12,2125.83,2127.02,2127.10" sx="M,F,M,M"/><TAIKYOKU oya="0"/><INIT seed="0,0,0,5,5,16" ten="250,250,250,250" oya="0" hai0="67,121,108,10,114,30,48,18,57,123,60,47,19" hai1="56,41,93,132,113,73,61,131,1,69,135,39,120" hai2="59,103,85,109,97,55,9,25,101,71,111,50,40" hai3="20,115,38,133,84,81,35,87,53,2,96,4,116"/><T91/><D114/><U52/><E1/><V127/><F127/><W75/><G35/><T36/><D108/><N who="2" m="41546" /><F71/><W8/><G115/><T5/><D36/><U110/><E73/><V65/><F65/><W62/><G116/><T22/><D30/><U26/><E110/><V15/><F40/><W46/><G133/><N who="1" m="51274" /><E113/><V63/><F85/><W11/><G11/><T118/><D118/><U21/><E69/><V14/><F25/><W37/><G96/><T100/><D100/><N who="2" m="38474" /><F97/><W64/><G75/><T90/><D123/><U66/><E120/><V29/><F29/><W105/><G84/><T80/><D121/><U54/><E131/><V7/><F63/><W128/><G128/><T95/><D80/><U51/><E93/><V72/><F72/><W119/><G119/><T31/><D31/><N who="1" m="17871" /><E39/><V28/><F28/><W6/><G105/><T32/><D32/><U49/><E49/><V13/><AGARI ba="0,0" hai="7,9,13,14,15,50,55,59" m="38474,41546" machi="13" ten="30,1100,0" yaku="14,1" doraHai="16" who="2" fromWho="2" sc="250,-5,250,-3,250,11,250,-3" /><INIT seed="1,0,0,5,4,46" ten="245,247,261,247" oya="1" hai0="116,36,53,73,38,112,113,93,34,18,122,23,8" hai1="129,101,33,9,26,126,88,97,60,2,104,28,29" hai2="55,62,54,106,14,10,94,103,72,48,64,87,66" hai3="89,7,35,63,96,77,59,109,99,67,5,135,128"/><U41/><E129/><V75/><F106/><W110/><G35/><T83/><D116/><U30/><E126/><V132/><F132/><W24/><G128/><T98/><D34/><U61/><E41/><V114/><F114/><W52/><G135/><T0/><D122/><U58/><E61/><V3/><F3/><W50/><G77/><T121/><D121/><U92/><E9/><V65/><F62/><W105/><G24/><T124/><D124/><U95/><E95/><V19/><F55/><W111/><G89/><T22/><D73/><U69/><E69/><V123/><F123/><W17/><G17/><T120/><D120/><U68/><E68/><V42/><F42/><W100/><REACH who="3" step="1"/><G96/><REACH who="3" ten="245,247,261,237" step="2"/><T74/><D18/><U70/><E33/><V133/><F133/><W90/><G90/><T81/><D98/><U130/><E26/><V44/><F87/><W85/><G85/><T108/><D113/><U107/><E130/><V37/><F75/><W57/><AGARI ba="0,1" hai="5,7,50,52,57,59,63,67,99,100,105,109,110,111" machi="57" ten="30,8000,1" yaku="1,1,0,1,14,1,52,1,54,1,53,0" doraHai="46" doraHaiUra="117" who="3" fromWho="3" sc="245,-20,247,-40,261,-20,237,90" /><INIT seed="2,0,0,5,5,9" ten="225,207,241,327" oya="2" hai0="82,113,48,90,112,22,94,27,119,114,59,73,20" hai1="86,76,38,77,117,34,87,32,95,61,107,35,134" hai2="41,8,51,1,131,14,68,96,99,21,17,100,11" hai3="67,3,64,33,84,12,58,127,123,85,118,47,70"/><V54/><F68/><W29/><G3/><T19/><D119/><U15/><E107/><V26/><F131/><W93/><G118/><T89/><D73/><U121/><E38/><V128/><F128/><W30/><G70/><T52/><D82/><U43/><E43/><V120/><F120/><W135/><G123/><T74/><D74/><U60/><E121/><V66/><F66/><W44/><G33/><T98/><REACH who="0" step="1"/><D22/><REACH who="0" ten="215,207,241,327" step="2"/><U80/><E117/><V50/><F1/><W103/><G135/><T108/><D108/><U116/><E134/><V62/><F8/><W10/><G127/><T133/><D133/><U49/><E116/><V31/><F41/><W91/><G85/><T130/><D130/><U125/><E125/><V7/><F99/><W63/><G67/><T6/><D6/><U97/><E35/><V55/><F7/><N who="3" m="3167" /><G103/><AGARI ba="0,1" hai="19,20,27,48,52,59,89,90,94,98,103,112,113,114" machi="103" ten="40,2600,0" yaku="1,1,54,1,53,0" doraHai="9" doraHaiUra="0" who="0" fromWho="3" sc="215,36,207,0,241,0,327,-26" /><INIT seed="3,0,0,0,1,34" ten="251,207,241,301" oya="3" hai0="45,114,82,107,4,33,112,50,6,14,134,9,72" hai1="57,76,62,96,65,86,118,25,77,120,85,88,22" hai2="48,95,126,73,99,10,55,90,51,97,47,44,119" hai3="103,53,43,92,49,106,108,30,80,15,75,132,94"/><W69/><G69/><T111/><D33/><U87/><E120/><V135/><F126/><W89/><G30/><T110/><D107/><U21/><E118/><V113/><F135/><W84/><G132/><T23/><D134/><U5/><E5/><V58/><F113/><N who="0" m="43626" /><D6/><U31/><REACH who="1" step="1"/><E22/><REACH who="1" ten="251,197,241,301" step="2"/><V36/><F119/><W102/><G108/><T32/><D23/><U115/><E115/><V39/><F10/><W42/><G75/><T40/><D32/><U24/><E24/><V70/><F73/><W122/><G122/><T26/><D26/><U35/><E35/><V105/><F36/><W41/><G15/><T7/><D4/><U91/><E91/><V8/><F8/><W38/><G38/><T121/><D121/><U67/><E67/><V116/><F39/><W27/><G27/><T52/><D40/><U130/><E130/><V19/><F116/><W2/><G2/><T12/><D14/><U133/><E133/><V59/><F19/><W124/><G124/><T0/><D12/><U61/><E61/><V74/><F74/><W79/><G89/><T11/><D9/><U125/><E125/><V71/><F90/><W83/><G42/><T104/><D72/><U54/><E54/><V128/><F128/><W123/><G123/><T131/><D131/><U16/><E16/><V109/><F109/><W17/><G41/><T3/><D0/><U81/><E81/><V64/><F64/><W60/><G80/><T56/><D82/><U18/><E18/><V93/><F55/><W100/><G83/><T20/><D110/><U29/><E29/><V117/><F117/><RYUUKYOKU ba="0,1" sc="251,-15,197,15,241,15,301,-15" hai1="21,25,31,57,62,65,76,77,85,86,87,88,96" hai2="44,47,48,51,58,59,70,71,93,95,97,99,105" /><INIT seed="4,1,1,5,1,9" ten="236,212,256,286" oya="0" hai0="110,2,113,132,33,29,18,125,127,135,67,130,38" hai1="71,95,126,11,13,93,81,25,5,87,62,12,98" hai2="112,65,133,26,108,80,116,60,15,56,68,6,1" hai3="91,86,20,97,134,45,40,78,35,104,64,59,131"/><T47/><D2/><U22/><E126/><N who="0" m="48137" /><D130/><U46/><E46/><V76/><F108/><W117/><G35/><T107/><D107/><U122/><E122/><V105/><F1/><W99/><G117/><T54/><D110/><U19/><E71/><V101/><F116/><W3/><G3/><T21/><D113/><U79/><E62/><V90/><F112/><W119/><G78/><T30/><D67/><U72/><E72/><V8/><F133/><N who="0" m="51274" /><D33/><U118/><E118/><V69/><F26/><W103/><G131/><T14/><D54/><U106/><REACH who="1" step="1"/><E25/><REACH who="1" ten="236,202,256,286" step="2"/><V42/><F68/><W27/><G119/><T44/><D44/><U39/><E39/><V85/><F69/><W48/><G134/><T66/><D66/><U115/><E115/><V34/><F42/><AGARI ba="1,2" hai="14,18,21,29,30,38,42,47" m="51274,48137" machi="42" ten="30,5800,0" yaku="18,1,20,1,52,1" doraHai="9" who="0" fromWho="2" sc="236,81,202,0,256,-61,286,0" owari="317,41.7,202,-19.8,195,-30.5,286,8.6" /></mjloggm>