<mjloggm ver="2.3"><GO type="225" lobby="0"/><UN n0="%E6%B4%BE%E9%81%A3%E3%81%AE%E3%82%B8%E3%83%A3%E3%83%83%E3%82%AF" n1="%E9%97%98%E5%B0%86%E3%81%A0%E3%82%93%E3%81%A7%E3%81%83" n2="%E3%82%BC%E3%83%AB%E3%83%80%E3%81%AE%E4%BC%9D%E8%AA%AC" n3="%33%74%72%65%65" dan="17,16,17,16" rate="2213.08,2124.04,2202.12,2138.65" sx="M,M,M,F"/><TAIKYOKU oya="0"/><INIT seed="0,0,0,0,0,18" ten="250,250,250,250" oya="0" hai0="73,13,83,10,84,96,75,4,60,135,61,0,17" hai1="1,19,105,126,49,97,129,24,41,118,43,67,130" hai2="44,34,6,47,3,59,77,113,39,95,52,68,27" hai3="103,5,8,11,70,112,2,111,107,54,115,23,117"/><T114/><D114/><U94/><E1/><V64/><F113/><W122/><G117/><T55/><D135/><U51/><E105/><V66/><F77/><W40/><G111/><T101/><D61/><U63/><E118/><V104/><F104/><W56/><G70/><T87/><D87/><U29/><E19/><V20/><F34/><W57/><G122/><T50/><D60/><U9/><E9/><V33/><F33/><W100/><G40/><T31/><D31/><U72/><E72/><V22/><F3/><W102/><G107/><T71/><D71/><U91/><E43/><V74/><F74/><W119/><G119/><T35/><D35/><U128/><E126/><V42/><F6/><W25/><G11/><T108/><D108/><U92/><E92/><V109/><F109/><W32/><G32/><T132/><D132/><U86/><E86/><V134/><F134/><W26/><G26/><T99/><D99/><U89/><E89/><V110/><F110/><W124/><G56/><T62/><D4/><U30/><E41/><V69/><F95/><W58/><G58/><T36/><D36/><U85/><E97/><V131/><F131/><W7/><G7/><T80/><D96/><U14/><E14/><V15/><F47/><W78/><G78/><T116/><D0/><U82/><E82/><V12/><F69/><W120/><G124/><T90/><D116/><U37/><E37/><V46/><F46/><W53/><G120/><T88/><D80/><U48/><E24/><V123/><F123/><W65/><G115/><T98/><D83/><U21/><E21/><RYUUKYOKU ba="0,0" sc="250,-10,250,30,250,-10,250,-10" hai1="29,30,48,49,51,63,67,85,91,94,128,129,130" /><INIT seed="1,1,0,2,3,50" ten="240,280,240,240" oya="1" hai0="88,101,130,62,87,54,53,86,10,67,103,113,21" hai1="73,65,98,63,35,16,36,124,114,134,49,117,119" hai2="3,11,27,78,131,47,68,42,30,52,15,70,19" hai3="71,76,132,112,44,58,13,20,80,102,59,46,41"/><U99/><E36/><V29/><F131/><W37/><G112/><T92/><D113/><U9/><E35/><V43/><F3/><W5/><G71/><T109/><D109/><U74/><E114/><V133/><F133/><W108/><G108/><T135/><D135/><U66/><E134/><V129/><F129/><W75/><G132/><T23/><D130/><U64/><E63/><V25/><F78/><W83/><G102/><N who="0" m="38923" /><D10/><U85/><E124/><V125/><F125/><W28/><G83/><T72/><D72/><U69/><E69/><V24/><F70/><W8/><REACH who="3" step="1"/><G44/><REACH who="3" ten="240,280,240,230" step="2"/><T1/><D1/><U79/><E117/><V126/><F68/><W118/><G118/><T115/><D115/><U22/><E119/><V56/><F126/><W31/><G31/><N who="2" m="11785" /><F47/><W116/><G116/><T0/><D0/><U97/><E74/><V96/><F96/><W51/><G51/><AGARI ba="1,1" hai="11,15,19,24,25,27,42,43,51,52,56" m="11785" machi="51" ten="30,3900,0" yaku="8,1,52,1,54,1" doraHai="50" who="2" fromWho="3" sc="240,0,280,0,240,52,230,-42" /><INIT seed="2,0,0,0,0,9" ten="240,280,292,188" oya="2" hai0="66,37,81,82,70,47,44,2,84,102,71,96,19" hai1="20,103,100,56,101,43,134,69,0,65,38,121,12" hai2="120,117,6,1,83,8,64,116,128,85,97,51,118" hai3="104,35,40,91,3,24,28,67,88,18,41,75,98"/><V5/><F120/><W90/><G75/><T122/><D122/><U107/><E0/><V135/><F135/><W16/><G3/><T87/><D2/><U27/><E107/><V13/><F128/><W74/><G74/><T86/><D66/><U68/><E121/><V89/><F64/><W36/><G67/><T126/><D126/><U22/><E134/><V11/><F51/><W26/><G26/><T30/><D30/><U46/><E20/><V61/><F61/><W124/><G124/><T50/><D37/><U108/><E108/><V115/><REACH who="2" step="1"/><F97/><REACH who="2" ten="240,280,282,188" step="2"/><W14/><G36/><T42/><D50/><U33/><E68/><V110/><F110/><W92/><G104/><T52/><D70/><U17/><E69/><V39/><F39/><W72/><G72/><T10/><D71/><U125/><E125/><V53/><F53/><W45/><G45/><T79/><D52/><U58/><E65/><V113/><AGARI ba="0,1" hai="1,5,6,8,11,13,83,85,89,113,115,116,117,118" machi="113" ten="40,12000,1" yaku="1,1,0,1,52,1,53,1" doraHai="9" doraHaiUra="77" who="2" fromWho="2" sc="240,-40,280,-40,282,130,188,-40" /><INIT seed="2,1,0,2,2,113" ten="200,240,412,148" oya="2" hai0="122,53,62,100,128,94,91,70,52,123,61,33,8" hai1="31,51,118,46,18,1,13,9,58,56,78,104,6" hai2="60,16,131,21,44,0,22,96,97,3,103,89,110" hai3="47,43,36,41,102,127,49,134,125,73,82,109,132"/><V59/><F131/><W67/><G102/><T129/><D33/><U92/><E118/><V108/><F44/><N who="3" m="25743" /><G82/><T2/><D100/><U57/><E104/><V35/><F35/><W19/><G73/><T119/><D8/><U69/><E69/><V83/><F22/><W7/><G7/><T87/><D2/><U20/><E78/><V98/><F103/><W124/><G19/><T95/><D70/><U72/><E72/><V23/><F23/><W24/><G24/><T74/><D74/><U66/><E92/><V135/><F135/><N who="3" m="51755" /><G67/><T11/><D11/><U26/><E66/><N who="2" m="39199" /><F89/><W34/><G34/><T120/><D120/><U117/><E1/><V101/><F83/><W14/><G14/><T111/><D91/><U38/><E31/><V77/><F77/><W12/><G12/><T45/><D87/><U30/><E30/><V63/><F101/><W54/><G54/><T29/><D29/><U105/><E105/><V10/><F10/><W106/><G106/><T116/><D45/><U112/><E26/><V28/><F28/><W68/><G68/><T75/><D75/><U64/><E64/><V81/><F3/><W99/><G99/><T90/><D90/><U114/><E20/><V121/><F97/><W76/><G76/><T80/><D80/><U93/><E93/><V86/><F0/><W85/><G85/><T130/><D130/><U17/><E112/><V27/><F98/><W32/><G32/><T133/><D133/><U71/><E114/><V84/><F96/><W4/><G4/><T37/><D37/><U40/><E38/><V55/><F81/><RYUUKYOKU ba="1,0" sc="200,15,240,-15,412,-15,148,15" hai0="52,53,61,62,94,95,111,116,119,122,123,128,129" hai3="36,43,47,109,124,125,127" /><INIT seed="3,2,0,5,4,111" ten="215,225,397,163" oya="3" hai0="5,83,60,125,59,61,49,35,121,115,119,127,8" hai1="0,101,2,90,7,20,16,76,88,23,70,19,117" hai2="74,85,97,30,112,65,48,77,47,50,100,103,55" hai3="84,81,114,32,63,95,17,57,68,106,6,124,108"/><W94/><G106/><T31/><D119/><U96/><E70/><V66/><F112/><W91/><G108/><T75/><D121/><U131/><E76/><V126/><F74/><W128/><G68/><T134/><D134/><U110/><E110/><V26/><F126/><N who="0" m="48138" /><D115/><U45/><E45/><V22/><F50/><W13/><G124/><T86/><D75/><U24/><E131/><V67/><F97/><W14/><G128/><T53/><D31/><U92/><E117/><V99/><F99/><W69/><G69/><T41/><D35/><U109/><E109/><V1/><F1/><W42/><G32/><T18/><D18/><U93/><E7/><V116/><F116/><W89/><G114/><T54/><D54/><U39/><E39/><V129/><F129/><W33/><G33/><T118/><D41/><U87/><E101/><V9/><F9/><N who="3" m="4279" /><G42/><T82/><D118/><U72/><E72/><V21/><F21/><N who="3" m="11447" /><G89/><N who="0" m="51415" /><D83/><AGARI ba="2,0" hai="22,26,30,47,48,55,65,66,67,77,83,85,100,103" machi="83" ten="40,1300,0" yaku="8,1" doraHai="111" who="2" fromWho="0" sc="215,-19,225,0,397,19,163,0" owari="196,-20.4,225,2.5,416,51.6,163,-33.7" /></mjloggm>