<mjloggm ver="2.3"><GO type="225" lobby="0"/><UN n0="%E3%82%BC%E3%83%AB%E3%83%80%E3%81%AE%E4%BC%9D%E8%AA%AC" n1="%E6%B8%A9%E2%98%85%E6%83%85%E2%98%85%E6%8E%AA%E2%98%85%E7%BD%AE" n2="%E3%81%AA%E3%81%A1%30%39%32%37" n3="%E4%B8%AD%E5%B9%B4%E3%81%AE%E5%8D%B1%E6%A9%9F" dan="17,16,16,17" rate="2246.67,2181.99,2094.77,2231.97" sx="M,M,M,M"/><TAIKYOKU oya="0"/><INIT seed="0,0,0,1,0,42" ten="250,250,250,250" oya="0" hai0="111,105,59,2,73,60,103,39,10,86,100,55,27" hai1="7,117,45,104,112,51,4,87,58,114,30,11,127" hai2="101,71,62,122,69,25,108,38,81,52,49,20,74" hai3="28,32,106,63,126,65,97,48,119,34,37,132,23"/><T72/><D39/><U24/><E117/><V123/><F108/><W9/><G48/><T75/><D111/><U15/><E104/><V113/><F113/><N who="1" m="43625" /><E127/><V91/><F38/><W53/><G53/><T135/><D135/><U125/><E125/><V50/><F101/><N who="3" m="62767" /><G23/><T70/><D105/><U79/><E87/><V124/><F124/><W29/><G29/><T121/><D121/><U26/><E79/><V56/><F50/><W93/><G93/><T47/><D70/><U68/><E68/><V12/><F12/><W84/><G84/><T83/><D27/><N who="1" m="10283" /><E30/><V21/><F69/><N who="3" m="42175" /><G28/><T133/><D133/><U96/><E96/><V85/><F74/><W22/><G22/><T46/><D100/><U36/><E58/><V67/><REACH who="2" step="1"/><F20/><REACH who="2" ten="250,250,240,250" step="2"/><W95/><G126/><T129/><D103/><U8/><E36/><V116/><F116/><W35/><G119/><T131/><D131/><U61/><E61/><V5/><F5/><N who="1" m="2121" /><E15/><V40/><F40/><AGARI ba="0,1" hai="8,11,40,45,51" m="2121,10283,43625" machi="40" ten="30,2000,0" yaku="11,1,52,1" doraHai="42" who="1" fromWho="2" sc="250,0,250,30,240,-20,250,0" /><INIT seed="1,0,0,4,3,129" ten="250,280,220,250" oya="1" hai0="37,60,122,125,54,49,55,2,130,104,48,42,116" hai1="57,1,52,97,40,20,71,76,58,103,46,43,99" hai2="84,7,119,80,72,73,45,113,47,121,115,100,12" hai3="34,91,65,30,35,25,118,62,106,56,51,132,89"/><U114/><E114/><N who="2" m="43531" /><F119/><W112/><G112/><T133/><D104/><U96/><E71/><V90/><F121/><W101/><G35/><T14/><D2/><U66/><E1/><V128/><F128/><W38/><G38/><T6/><D116/><U13/><E76/><V105/><F12/><W70/><G118/><T82/><D130/><U123/><E123/><V28/><F7/><W124/><G124/><T33/><D33/><U78/><E78/><V63/><F28/><W135/><G56/><N who="1" m="21610" /><E103/><V23/><F23/><W126/><G51/><T61/><D14/><U39/><E39/><V31/><F31/><W127/><G126/><T83/><D6/><U18/><E66/><V109/><F63/><W10/><G10/><T110/><D37/><U41/><E41/><V8/><F8/><W36/><G36/><T68/><D42/><U81/><E81/><V59/><F59/><W86/><G127/><T120/><D125/><U77/><E77/><V26/><F47/><W74/><G74/><N who="2" m="28777" /><F45/><W64/><G64/><T134/><REACH who="0" step="1"/><D68/><REACH who="0" ten="240,280,220,250" step="2"/><U27/><E13/><V93/><F26/><W3/><G3/><T21/><D21/><U108/><E43/><V75/><F105/><W11/><G11/><T98/><D98/><U16/><E40/><V107/><F107/><W67/><G67/><T5/><D5/><U24/><E24/><V111/><F75/><W79/><G106/><T9/><D9/><U32/><E32/><V102/><F102/><W69/><G101/><T22/><D22/><U0/><E0/><V131/><F131/><W95/><G70/><T19/><D19/><RYUUKYOKU ba="0,1" sc="240,15,280,-15,220,15,250,-15" hai0="48,49,54,55,60,61,82,83,110,120,122,133,134" hai2="80,84,90,93,100,109,111" /><INIT seed="2,1,1,1,1,80" ten="255,265,235,235" oya="2" hai0="117,105,110,42,95,123,17,7,66,67,13,9,119" hai1="14,3,10,19,4,32,16,132,46,36,86,91,12" hai2="35,68,23,55,40,134,37,129,100,26,78,74,54" hai3="83,39,21,47,0,5,135,77,131,1,57,30,43"/><V69/><F35/><W120/><G120/><T72/><D123/><U59/><E32/><V101/><F134/><W81/><G135/><T2/><D105/><U60/><E132/><V127/><F127/><W97/><G131/><T34/><D110/><U11/><E36/><V64/><F129/><W79/><G97/><T102/><D34/><U126/><E126/><V92/><F74/><W104/><G104/><T125/><D72/><U65/><E46/><V73/><F73/><N who="3" m="43183" /><G57/><T99/><D42/><U124/><E124/><V63/><F78/><W107/><G107/><T98/><D98/><U88/><E86/><V113/><F69/><W87/><G1/><T112/><D112/><U53/><E53/><V109/><F92/><W103/><G103/><T58/><D125/><U128/><E128/><V18/><F113/><W51/><G51/><T70/><D58/><U94/><E94/><V22/><F101/><W121/><G121/><T106/><D106/><U6/><E3/><V90/><F100/><W115/><G115/><T61/><REACH who="0" step="1"/><D66/><REACH who="0" ten="245,265,235,235" step="2"/><U108/><E108/><V41/><F109/><W71/><G71/><T85/><D85/><U8/><E8/><AGARI ba="1,2" hai="2,7,8,9,13,17,61,67,70,95,99,102,117,119" machi="8" ten="40,1300,0" yaku="1,1,53,0" doraHai="80" doraHaiUra="20" who="0" fromWho="1" sc="245,36,265,-16,235,0,235,0" /><INIT seed="3,0,0,3,1,34" ten="281,249,235,235" oya="3" hai0="37,96,63,118,62,106,75,8,121,126,57,39,46" hai1="85,128,69,6,86,83,111,74,71,77,42,51,109" hai2="116,18,91,38,72,80,70,99,103,131,25,76,30" hai3="135,47,68,7,59,58,0,22,82,127,102,29,10"/><W78/><G68/><N who="1" m="26186" /><E6/><V4/><F116/><W64/><G127/><T9/><D118/><U2/><E2/><V94/><F131/><W95/><G135/><T54/><D121/><U14/><E14/><V88/><F4/><W87/><G64/><T97/><D126/><U49/><E128/><V65/><F38/><W92/><G47/><T56/><D75/><U123/><E123/><V11/><F11/><W27/><REACH who="3" step="1"/><G92/><REACH who="3" ten="281,249,235,225" step="2"/><T133/><D46/><N who="1" m="25815" /><E51/><V61/><REACH who="2" step="1"/><F18/><REACH who="2" ten="281,249,225,225" step="2"/><W40/><G40/><T113/><D39/><U66/><E66/><V122/><F122/><W120/><G120/><T89/><D37/><U52/><E52/><V81/><F81/><W134/><G134/><T32/><D133/><U84/><E83/><V93/><F93/><W98/><AGARI ba="0,2" hai="0,7,10,22,27,29,58,59,78,82,87,95,98,102" machi="98" ten="30,11700,0" yaku="1,1,0,1,52,1,53,1" doraHai="34" doraHaiUra="26" who="3" fromWho="3" sc="281,-39,249,-39,225,-39,225,137" owari="242,4.2,210,-19.0,186,-31.4,362,46.2" /></mjloggm>