<mjloggm ver="2.3"><GO type="225" lobby="0"/><UN n0="%33%74%72%65%65" n1="%74%61%6B%75%61%6B%61" n2="%45%6C%79%73%69%75%6D" n3="%72%61%6B%33" dan="17,16,17,17" rate="2130.63,2161.01,2100.73,2287.27" sx="F,M,F,M"/><TAIKYOKU oya="0"/><INIT seed="0,0,0,1,5,129" ten="250,250,250,250" oya="0" hai0="11,91,117,85,15,19,10,118,35,51,103,26,34" hai1="92,127,105,5,21,82,83,53,99,134,109,64,46" hai2="59,66,98,25,120,79,24,40,1,45,58,49,55" hai3="108,110,23,101,4,65,100,77,96,69,13,130,112"/><T111/><D111/><U54/><E109/><V95/><F1/><W56/><G112/><T93/><D103/><U124/><E105/><V12/><F120/><W70/><G130/><T39/><D39/><U52/><E134/><V31/><F79/><W30/><G77/><T97/><D10/><U71/><E5/><V6/><F66/><W62/><G101/><T43/><D97/><U57/><E71/><V78/><F78/><W86/><G86/><T113/><D113/><U41/><E21/><V89/><F31/><W72/><G72/><T7/><D7/><U3/><E3/><V104/><F104/><W102/><G102/><T2/><D2/><U68/><E68/><V0/><F0/><W94/><G70/><T60/><D60/><N who="1" m="37903" /><E92/><V73/><F73/><W37/><G37/><T8/><D8/><U61/><E99/><V122/><F122/><W107/><G69/><T44/><REACH who="0" step="1"/><D26/><REACH who="0" ten="240,250,250,250" step="2"/><U48/><E61/><V114/><F114/><W128/><G128/><T135/><D135/><U27/><E27/><V38/><F24/><N who="3" m="16671" /><G107/><T121/><D121/><U14/><E14/><V36/><F25/><W20/><G4/><T88/><D88/><U133/><E133/><V76/><F6/><W132/><G132/><T87/><D87/><U119/><E119/><AGARI ba="0,1" hai="11,15,19,34,35,43,44,51,85,91,93,117,118,119" machi="119" ten="40,2000,0" yaku="1,1,53,0" doraHai="129" doraHaiUra="16" who="0" fromWho="1" sc="240,30,250,-20,250,0,250,0" /><INIT seed="0,1,0,1,1,88" ten="270,230,250,250" oya="0" hai0="11,74,43,10,90,31,129,78,65,60,45,58,72" hai1="77,121,26,113,96,122,49,131,80,25,112,36,73" hai2="53,6,103,68,8,50,44,69,18,85,35,76,64" hai3="126,81,86,0,66,79,116,82,46,98,134,48,2"/><T119/><D119/><U40/><E49/><V83/><F35/><W94/><G116/><T75/><D129/><U7/><E7/><V100/><F18/><W84/><G126/><T59/><D78/><U57/><E57/><V114/><F114/><N who="1" m="44137" /><E131/><V19/><F19/><W12/><G134/><T20/><D59/><U13/><E13/><V38/><F38/><W117/><G117/><T52/><D65/><U5/><E5/><V91/><F91/><W28/><G12/><T87/><D20/><U24/><E96/><V37/><F37/><W111/><G66/><T29/><D10/><U56/><E56/><V106/><F64/><W62/><G62/><T99/><D99/><U3/><E3/><V133/><F68/><W105/><G0/><T128/><D11/><U120/><E36/><V109/><F69/><W42/><G2/><T70/><D70/><U61/><E40/><V21/><F21/><W34/><G34/><T104/><D128/><U22/><E61/><V130/><F130/><W1/><G1/><T27/><D43/><U55/><E55/><V97/><F8/><W4/><G4/><T125/><D45/><U54/><E54/><V132/><F6/><W51/><G46/><T102/><D27/><U92/><E22/><V110/><F53/><W15/><G42/><T67/><D67/><U118/><E118/><V95/><F44/><W47/><G47/><T123/><D52/><U71/><E71/><V101/><F50/><W33/><G48/><T89/><D58/><U17/><E17/><V124/><F132/><W16/><G51/><T14/><D14/><RYUUKYOKU ba="1,0" sc="270,-10,230,30,250,-10,250,-10" hai1="24,25,26,73,77,80,92,120,121,122" /><INIT seed="1,2,0,4,4,116" ten="260,260,240,240" oya="1" hai0="78,128,28,97,80,58,31,66,39,95,60,47,130" hai1="71,9,127,62,108,44,36,109,55,96,122,94,72" hai2="37,48,14,45,88,77,29,132,63,43,98,23,114" hai3="18,24,3,40,5,67,99,91,32,25,82,19,81"/><U49/><E72/><V35/><F132/><W20/><G3/><T33/><D39/><U112/><E112/><V69/><F114/><W101/><G5/><T54/><D47/><U0/><E127/><V121/><F77/><W107/><G40/><T53/><D33/><U51/><E36/><V12/><F35/><W22/><G32/><T64/><D66/><N who="1" m="41431" /><E9/><V38/><F121/><W133/><G133/><T103/><D31/><U10/><E10/><V120/><F120/><W74/><G74/><T84/><REACH who="0" step="1"/><D28/><REACH who="0" ten="250,260,240,240" step="2"/><U115/><E115/><V26/><F37/><W7/><G67/><T76/><D76/><U85/><E44/><V113/><F113/><W75/><G75/><T21/><D21/><U100/><E122/><V42/><F38/><W11/><G11/><T90/><D90/><U135/><E135/><V105/><F42/><W68/><G91/><T73/><D73/><U57/><E109/><V126/><F88/><W110/><G110/><T27/><D27/><U56/><E108/><V131/><F29/><W119/><G24/><T70/><D70/><U6/><E55/><AGARI ba="2,1" hai="53,54,55,58,60,64,78,80,84,95,97,103,128,130" machi="55" ten="40,1300,0" yaku="1,1,53,0" doraHai="116" doraHaiUra="106" who="0" fromWho="1" sc="250,29,260,-19,240,0,240,0" /><INIT seed="2,0,0,0,1,84" ten="279,241,240,240" oya="2" hai0="85,76,122,55,32,43,128,45,14,123,41,108,53" hai1="16,133,18,38,75,102,42,1,0,100,63,131,118" hai2="35,73,117,36,113,50,74,33,111,130,119,62,39" hai3="49,107,116,86,109,5,110,71,46,98,65,80,48"/><V60/><F50/><W115/><G116/><N who="2" m="44617" /><F113/><W135/><G135/><T25/><D41/><U91/><E75/><N who="2" m="28683" /><F130/><W72/><G72/><T12/><D128/><U89/><E131/><V106/><F106/><W95/><G107/><T88/><D76/><U34/><E118/><V93/><F93/><W67/><G5/><T83/><D53/><U11/><E34/><N who="2" m="12811" /><F111/><W21/><G115/><T126/><D55/><U47/><E63/><AGARI ba="0,0" hai="36,39,60,62,63" m="12811,28683,44617" machi="63" ten="40,3900,0" yaku="28,2" doraHai="84" who="2" fromWho="1" sc="279,0,241,-39,240,39,240,0" /><INIT seed="2,1,0,5,4,73" ten="279,202,279,240" oya="2" hai0="37,10,27,42,4,103,116,70,18,0,123,83,64" hai1="118,96,84,14,68,2,22,134,48,105,88,34,44" hai2="129,112,91,9,11,7,107,24,78,41,128,36,124" hai3="8,56,106,54,89,63,99,108,3,20,95,122,45"/><V115/><F107/><W133/><G108/><T38/><D123/><U15/><E2/><V57/><F124/><W55/><G133/><T30/><D116/><U90/><E34/><V33/><F91/><W80/><G122/><T93/><D42/><U113/><E113/><V69/><F57/><W119/><G119/><T79/><D18/><U13/><E68/><V51/><F51/><W26/><G106/><T61/><D93/><N who="1" m="56359" /><E105/><V97/><F97/><W23/><G3/><T120/><D103/><U66/><E66/><V125/><F69/><W132/><G132/><T40/><D40/><N who="1" m="24583" /><E134/><V65/><F65/><W104/><G104/><T74/><D120/><U75/><E75/><V58/><F125/><W29/><G8/><T77/><D77/><U72/><E72/><V86/><F9/><W111/><G111/><T39/><D39/><U130/><E130/><V6/><F11/><W17/><G80/><T126/><D126/><U46/><E46/><V53/><F36/><W92/><G92/><T5/><D5/><U16/><E118/><V43/><F115/><W25/><REACH who="3" step="1"/><G45/><REACH who="3" ten="279,202,279,230" step="2"/><T131/><REACH who="0" step="1"/><D131/><REACH who="0" ten="269,202,279,230" step="2"/><U82/><AGARI ba="1,2" hai="13,14,15,16,22,82,84,90" m="24583,56359" machi="82" ten="30,4000,0" yaku="8,1,54,2" doraHai="73" who="1" fromWho="1" sc="269,-11,202,63,279,-21,230,-11" /><INIT seed="3,0,0,4,4,70" ten="258,265,258,219" oya="3" hai0="71,6,113,105,66,111,28,39,13,3,31,44,82" hai1="65,43,17,19,126,98,100,96,83,12,62,0,77" hai2="20,36,50,132,117,122,14,69,47,53,87,58,125" hai3="133,84,16,63,109,124,134,73,29,118,61,81,15"/><W78/><G118/><T18/><D111/><U60/><E0/><V22/><F69/><W135/><G109/><T102/><D113/><U119/><E126/><V75/><F75/><W68/><G124/><T40/><D6/><U130/><E130/><V11/><F117/><W48/><G68/><T121/><D3/><U41/><E119/><V30/><F125/><W91/><G29/><T32/><D32/><U80/><E12/><V107/><F107/><W114/><G114/><T37/><D37/><U101/><E77/><V74/><F74/><W128/><G128/><T104/><D82/><U129/><E129/><V89/><F132/><W45/><G78/><T116/><D121/><U9/><E9/><V42/><F30/><W95/><G95/><T99/><D104/><U103/><E103/><V90/><F122/><W2/><G2/><T8/><REACH who="0" step="1"/><D116/><REACH who="0" ten="248,265,258,219" step="2"/><U64/><AGARI ba="0,1" hai="17,19,41,43,60,62,64,65,80,83,96,98,100,101" machi="64" ten="25,6400,0" yaku="0,1,22,2,8,1" doraHai="70" who="1" fromWho="1" sc="248,-16,265,74,258,-16,219,-32" owari="232,-16.8,339,43.9,242,4.2,187,-31.3" /></mjloggm>