<mjloggm ver="2.3"><GO type="225" lobby="0"/><UN n0="%E3%81%BE%E3%81%A8%E3%81%9F" n1="%E3%82%8C%E3%81%99%E3%81%93" n2="%E6%98%93%E5%88%A9%E8%96%A9%E4%BC%AF" n3="%E5%91%A8%E6%9D%B1" dan="16,17,16,17" rate="2155.80,2221.57,2142.65,2159.67" sx="M,F,F,M"/><TAIKYOKU oya="0"/><INIT seed="0,0,0,1,4,104" ten="250,250,250,250" oya="0" hai0="134,45,34,31,83,22,33,93,73,88,18,112,68" hai1="61,107,84,66,119,125,11,90,96,15,69,8,27" hai2="55,72,128,86,94,38,80,100,101,32,98,44,108" hai3="50,26,17,6,21,91,106,12,14,16,87,57,122"/><T25/><D112/><U124/><E119/><V24/><F108/><W79/><G106/><T59/><D68/><U76/><E76/><V95/><F128/><W58/><G122/><T133/><D59/><U92/><E27/><V118/><F118/><W52/><G79/><N who="0" m="44527" /><D45/><U127/><REACH who="1" step="1"/><E15/><REACH who="1" ten="250,240,250,250" step="2"/><V56/><F24/><W114/><G114/><T51/><D31/><U29/><E29/><V78/><F32/><W41/><G41/><T30/><D30/><U71/><E71/><V0/><F0/><W77/><G77/><T103/><D103/><AGARI ba="0,1" hai="8,11,61,66,69,84,90,92,96,103,107,124,125,127" machi="103" ten="40,2600,0" yaku="1,1,18,1,53,0" doraHai="104" doraHaiUra="48" who="1" fromWho="0" sc="250,-26,240,36,250,0,250,0" /><INIT seed="1,0,0,1,5,132" ten="224,276,250,250" oya="1" hai0="98,28,81,49,4,3,126,26,104,35,135,134,25" hai1="64,17,119,91,114,100,74,36,130,111,106,57,19" hai2="37,120,11,88,50,61,22,116,78,29,30,43,6" hai3="23,97,102,70,90,133,14,85,105,58,76,127,33"/><U62/><E114/><V113/><F116/><W34/><G70/><T40/><D26/><U129/><E119/><V108/><F120/><W16/><G133/><T13/><D49/><U63/><E36/><V69/><F37/><W45/><G127/><T93/><D40/><U89/><E74/><V39/><F39/><W72/><G45/><T44/><D44/><U59/><E100/><V60/><F78/><W56/><G56/><T12/><D81/><U110/><REACH who="1" step="1"/><E106/><REACH who="1" ten="224,266,250,250" step="2"/><V115/><F115/><W86/><G72/><T92/><D134/><U96/><E96/><V121/><F113/><W21/><G85/><T52/><D135/><U123/><E123/><V20/><F121/><W80/><G76/><T32/><D104/><U27/><E27/><V15/><F88/><W24/><REACH who="3" step="1"/><G58/><REACH who="3" ten="224,266,250,240" step="2"/><T53/><D98/><U73/><E73/><V128/><F69/><W84/><G84/><T95/><D126/><U103/><E103/><V107/><F107/><W41/><G41/><T71/><D71/><U94/><E94/><V109/><F43/><W2/><G2/><T125/><D95/><U0/><E0/><V48/><F108/><W68/><G68/><T38/><D125/><U55/><E55/><V9/><F109/><W118/><G118/><T31/><D3/><U47/><E47/><V51/><F128/><W42/><G42/><T46/><D46/><U124/><E124/><V77/><F77/><W66/><G66/><AGARI ba="0,2" hai="17,19,57,59,62,63,64,66,89,91,110,111,129,130" machi="66" ten="25,4800,0" yaku="1,1,22,2,53,0" doraHai="132" doraHaiUra="101" who="1" fromWho="3" sc="224,0,266,68,250,0,240,-48" /><INIT seed="1,1,0,3,5,133" ten="224,334,250,192" oya="1" hai0="106,134,127,54,55,23,67,65,7,103,135,26,12" hai1="87,64,108,98,93,35,53,128,76,50,46,99,5" hai2="121,11,45,91,24,2,22,36,27,95,4,97,86" hai3="80,116,101,114,61,74,102,30,120,41,29,13,73"/><U123/><E123/><V118/><F118/><W131/><G120/><T66/><D103/><U1/><E35/><V33/><F33/><W52/><G114/><T89/><D106/><U104/><E104/><V132/><F132/><N who="0" m="50730" /><D89/><U113/><E113/><V85/><F121/><W47/><G116/><T39/><D39/><U43/><E128/><V10/><F10/><W8/><G131/><T48/><D12/><U72/><E64/><V81/><F86/><W59/><G74/><T38/><D38/><U90/><E108/><V75/><F22/><W0/><G0/><T71/><D7/><U92/><E1/><V70/><F70/><W94/><G80/><T40/><D127/><U79/><E5/><V107/><F107/><W105/><G73/><T60/><D54/><U109/><E72/><V19/><F19/><W100/><G94/><T6/><D40/><U122/><E109/><V125/><F125/><W83/><G83/><T25/><D25/><U124/><E124/><V78/><REACH who="2" step="1"/><F97/><REACH who="2" ten="224,334,240,192" step="2"/><W82/><G105/><T34/><D34/><U15/><E122/><V9/><F9/><W31/><G82/><T18/><D6/><U129/><E129/><V111/><F111/><W17/><REACH who="3" step="1"/><G30/><REACH who="3" ten="224,334,240,182" step="2"/><T51/><D71/><U37/><E99/><V115/><F115/><W88/><G88/><T44/><D44/><N who="1" m="23663" /><E98/><V32/><F32/><W84/><G84/><T69/><D69/><U110/><E110/><V62/><F62/><W57/><G57/><AGARI ba="1,2" hai="18,23,26,48,51,55,57,60,65,66,67" m="50730" machi="57" ten="30,1000,0" yaku="20,1" doraHai="133" who="0" fromWho="3" sc="224,33,334,0,240,0,182,-13" /><INIT seed="2,0,0,2,0,55" ten="257,334,240,169" oya="2" hai0="42,65,22,109,64,3,45,56,7,30,52,102,26" hai1="131,128,121,15,31,9,71,110,47,33,115,38,36" hai2="19,59,4,34,82,117,68,20,101,125,119,81,32" hai3="48,27,5,75,10,72,95,88,11,66,12,92,63"/><V107/><F68/><W1/><G92/><T6/><D109/><U25/><E115/><V67/><F125/><W100/><G100/><T127/><D127/><U39/><E110/><V62/><F4/><N who="0" m="1578" /><D3/><U129/><E71/><V122/><F122/><W23/><G11/><T98/><D45/><U16/><REACH who="1" step="1"/><E121/><REACH who="1" ten="257,324,240,169" step="2"/><V91/><F119/><W70/><G1/><T123/><D123/><U79/><E79/><V14/><F117/><W60/><G60/><N who="0" m="35847" /><D42/><AGARI ba="0,1" hai="9,15,16,25,31,33,36,38,39,42,47,128,129,131" machi="42" ten="40,5200,0" yaku="1,1,19,1,54,1,53,0" doraHai="55" doraHaiUra="134" who="1" fromWho="0" sc="257,-52,324,62,240,0,169,0" /><INIT seed="3,0,0,4,5,71" ten="205,386,240,169" oya="3" hai0="91,101,34,81,82,9,32,120,55,40,17,75,95" hai1="59,27,49,119,25,62,51,1,84,65,67,134,15" hai2="42,106,14,108,2,24,123,69,87,12,6,60,115" hai3="85,64,52,133,48,107,135,111,117,90,18,11,7"/><W113/><G117/><T30/><D40/><U68/><E1/><V29/><F115/><W58/><G107/><T121/><D101/><U131/><E131/><V66/><F42/><W26/><G113/><T37/><D55/><U89/><E134/><V74/><F74/><W132/><G64/><T38/><D75/><U76/><E119/><V98/><F108/><W56/><G111/><T4/><D17/><U122/><E122/><V102/><F87/><W125/><G125/><T96/><D120/><U8/><E76/><V31/><F31/><W0/><G58/><T20/><D20/><U124/><E68/><V47/><F47/><W3/><G26/><N who="1" m="9738" /><E67/><V103/><F103/><W93/><REACH who="3" step="1"/><G18/><REACH who="3" ten="205,386,240,159" step="2"/><T46/><D121/><U129/><E124/><V127/><F127/><W23/><G23/><T126/><D126/><U112/><E112/><V44/><F123/><W99/><G99/><T35/><D30/><U63/><E65/><V50/><F24/><W10/><G10/><T45/><D46/><U19/><E59/><V114/><F29/><W36/><G36/><T57/><D57/><U41/><E8/><V109/><F114/><W16/><G16/><T116/><D116/><U43/><E19/><V104/><F104/><W22/><G22/><T70/><D70/><U97/><E97/><V80/><F109/><W88/><G88/><T33/><N who="0" m="8192" /><DORA hai="13" /><T28/><D28/><U77/><E89/><V118/><F118/><W105/><G105/><T110/><D110/><U72/><E129/><V128/><F128/><W61/><G61/><T79/><D45/><N who="1" m="25775" /><E63/><V86/><F60/><RYUUKYOKU ba="0,1" sc="205,-10,386,-10,240,-10,159,30" hai3="0,3,7,11,48,52,56,85,90,93,132,133,135" /><INIT seed="3,1,1,3,3,64" ten="195,376,230,189" oya="3" hai0="24,17,123,23,127,59,58,5,44,118,93,75,26" hai1="82,120,31,70,131,9,10,129,125,108,66,121,20" hai2="74,78,100,19,27,16,14,97,11,55,84,40,54" hai3="111,60,81,76,77,6,29,113,133,61,122,37,98"/><W32/><G122/><T95/><D118/><U56/><E108/><V35/><F74/><W52/><G113/><T12/><D123/><U135/><E70/><V33/><F40/><W4/><G111/><T88/><D75/><U50/><E135/><V25/><F78/><W57/><G37/><T48/><D127/><U104/><E104/><V115/><F84/><W39/><G39/><T80/><D80/><U8/><E125/><V22/><F115/><W45/><G133/><T99/><D95/><U83/><E121/><V72/><F72/><W3/><G45/><T105/><D105/><U15/><E120/><V41/><F41/><W53/><G98/><T62/><D5/><U21/><E15/><V106/><F35/><W130/><G130/><T51/><D59/><U132/><E132/><V71/><F71/><W101/><G101/><T128/><D128/><U30/><E131/><V79/><F79/><W46/><G3/><T34/><D34/><U73/><E73/><V126/><F126/><W91/><G91/><T117/><D117/><U13/><E13/><V7/><F33/><W43/><G77/><T94/><D94/><U92/><E92/><V18/><REACH who="2" step="1"/><F27/><REACH who="2" ten="195,376,220,189" step="2"/><N who="0" m="10282" /><D44/><U103/><E129/><V86/><F86/><N who="3" m="48423" /><G32/><T112/><D112/><U96/><E83/><V49/><F49/><N who="3" m="26847" /><G29/><AGARI ba="1,2" hai="7,11,14,16,18,19,22,25,29,54,55,97,100,106" machi="29" ten="40,5200,0" yaku="1,1,54,1,53,1" doraHai="64" doraHaiUra="1" who="2" fromWho="3" sc="195,0,376,0,220,75,189,-55" owari="195,-20.5,376,47.6,295,9.5,134,-36.6" /></mjloggm>