<mjloggm ver="2.3"><GO type="225" lobby="0"/><UN n0="%74%2E%6F%2E%6F%2E%73" n1="%79%6B%66%35%35%33%38%39" n2="%E7%89%B9%E6%9D%B1%E5%96%B0%E8%B5%A4%E9%80%9F" n3="%E7%87%90%2E%2E" dan="17,16,16,16" rate="2112.90,2111.62,2060.09,2125.82" sx="M,M,M,M"/><TAIKYOKU oya="0"/><INIT seed="0,0,0,0,2,55" ten="250,250,250,250" oya="0" hai0="102,93,45,92,52,49,37,58,116,76,15,117,48" hai1="40,78,51,56,59,20,119,115,104,134,124,128,100" hai2="101,99,60,13,110,41,3,97,107,30,4,65,114" hai3="120,68,88,61,22,36,89,105,71,83,5,12,98"/><T112/><D112/><U23/><E119/><V18/><F114/><W50/><G36/><T14/><D37/><U21/><E115/><V108/><F41/><W73/><G120/><T135/><D135/><U66/><E134/><V133/><F30/><W81/><G50/><T9/><D76/><U123/><E123/><V2/><F97/><W54/><G71/><T17/><D102/><U28/><E128/><V86/><F86/><W126/><G126/><T127/><D127/><U46/><E124/><V94/><F107/><W39/><G39/><T125/><D125/><U24/><E104/><V77/><F77/><W84/><G73/><T72/><D72/><U90/><E100/><V87/><F87/><W121/><G121/><T62/><D48/><N who="1" m="26695" /><E78/><V44/><F44/><W53/><G105/><T33/><D33/><U1/><E1/><V7/><F2/><W109/><G109/><N who="2" m="42089" /><F3/><W16/><G5/><T26/><D26/><U69/><E69/><N who="2" m="42151" /><F133/><W106/><G83/><T57/><D45/><U91/><E66/><V34/><F34/><W95/><G106/><T70/><D70/><U11/><E11/><AGARI ba="0,0" hai="4,7,11,13,18,94,99,101" m="42151,42089" machi="11" ten="30,1000,0" yaku="14,1" doraHai="55" who="2" fromWho="1" sc="250,0,250,-10,250,10,250,0" /><INIT seed="1,0,0,3,1,2" ten="250,240,260,250" oya="1" hai0="80,127,98,13,12,0,81,22,56,6,26,106,31" hai1="57,4,126,88,23,103,74,117,124,93,119,3,43" hai2="71,16,60,14,18,111,20,125,94,109,65,34,62" hai3="87,45,105,50,42,75,48,113,120,47,8,24,64"/><U28/><E74/><V104/><F104/><W90/><G120/><T122/><D127/><N who="1" m="48683" /><E103/><V27/><F125/><W96/><G75/><T39/><D39/><U9/><E43/><V132/><F132/><W133/><G133/><T49/><D122/><U112/><E112/><V76/><F76/><W69/><G113/><T11/><D106/><U1/><E1/><V89/><F60/><W19/><G64/><T21/><D98/><N who="1" m="57639" /><E57/><V10/><REACH who="2" step="1"/><F34/><REACH who="2" ten="250,240,250,250" step="2"/><W53/><G105/><T82/><REACH who="0" step="1"/><D22/><REACH who="0" ten="240,240,250,250" step="2"/><U30/><E23/><V85/><AGARI ba="0,2" hai="10,14,16,18,20,27,62,65,71,85,89,94,109,111" machi="85" ten="30,7900,0" yaku="1,1,2,1,0,1,54,1,53,0" doraHai="2" doraHaiUra="101" who="2" fromWho="2" sc="240,-20,240,-39,250,99,250,-20" /><INIT seed="2,0,0,3,5,130" ten="220,201,349,230" oya="2" hai0="102,94,126,11,105,49,66,20,39,116,2,64,40" hai1="129,30,29,55,27,44,97,69,5,67,127,109,98" hai2="110,57,24,108,121,52,14,68,132,10,85,135,45" hai3="93,7,63,1,111,56,47,79,38,80,91,6,3"/><V15/><F121/><W4/><G111/><N who="2" m="42537" /><F68/><W87/><G38/><T62/><D105/><U21/><E109/><V124/><F124/><W76/><G47/><T88/><D39/><U122/><E127/><V84/><F45/><W32/><G32/><T106/><D126/><U34/><E129/><V61/><F14/><W12/><G12/><T95/><D106/><U65/><E122/><V22/><F84/><W134/><G134/><T118/><D118/><U86/><E86/><V60/><F61/><W125/><G125/><T46/><D62/><U103/><E44/><V18/><F85/><W9/><G3/><T59/><D2/><U58/><E69/><V133/><F133/><W77/><REACH who="3" step="1"/><G80/><REACH who="3" ten="220,201,349,220" step="2"/><T92/><D46/><U119/><E34/><V123/><F123/><W28/><G28/><AGARI ba="0,1" hai="10,15,18,22,24,28,52,57,60,132,135" m="42537" machi="28" ten="30,12000,1" yaku="14,1,10,1,52,2,54,1" doraHai="130" who="2" fromWho="3" sc="220,0,201,0,349,130,220,-120" /><INIT seed="2,1,0,0,0,47" ten="220,201,479,100" oya="2" hai0="126,15,83,131,113,28,48,44,127,133,58,77,80" hai1="116,75,41,129,118,23,13,66,100,132,93,74,33" hai2="42,50,54,40,107,104,69,1,130,96,115,52,43" hai3="70,123,60,38,51,78,108,18,39,122,45,82,56"/><V10/><F115/><W26/><G108/><T76/><D113/><U95/><E33/><V120/><F120/><W17/><G26/><T88/><D131/><U55/><E129/><V20/><F69/><W64/><G17/><T67/><D133/><U65/><E132/><V117/><F117/><W87/><G18/><T103/><D103/><U22/><E41/><V135/><F96/><W57/><G87/><N who="0" m="50279" /><D28/><U7/><E55/><V49/><F1/><W37/><G82/><T101/><D101/><U24/><E100/><V46/><F10/><W84/><G84/><T106/><D106/><U85/><E85/><V94/><F94/><W61/><G78/><T16/><D58/><N who="3" m="22633" /><G61/><T25/><D25/><U112/><E24/><V27/><F130/><W34/><G34/><T110/><D110/><U124/><E74/><V71/><F135/><W4/><G4/><T8/><D67/><U134/><E7/><V102/><F102/><W5/><G5/><T12/><D12/><U114/><E13/><V11/><F104/><W81/><G81/><T79/><D83/><U91/><E65/><V36/><F107/><W53/><AGARI ba="1,0" hai="37,38,39,45,51,53,60,64,70,122,123" m="22633" machi="53" ten="40,5200,0" yaku="34,2,52,1" doraHai="47" who="3" fromWho="3" sc="220,-14,201,-14,479,-27,100,55" /><INIT seed="3,0,0,5,1,135" ten="206,187,452,155" oya="3" hai0="124,52,116,75,123,90,24,88,28,3,98,5,127" hai1="38,35,18,19,120,99,126,60,117,67,64,112,132" hai2="118,9,66,7,33,62,94,39,107,73,14,74,10" hai3="72,80,83,128,79,129,63,70,41,96,103,105,50"/><W17/><G70/><T86/><D75/><U12/><E120/><V44/><F107/><W29/><G29/><T30/><D116/><U45/><E112/><V58/><F33/><W20/><G63/><T26/><D123/><U68/><E132/><V125/><F125/><N who="0" m="48202" /><D5/><U77/><E19/><V69/><F94/><W8/><G8/><T81/><D3/><U134/><E64/><V101/><F101/><W100/><G103/><T133/><D133/><U109/><E99/><V102/><F102/><W23/><G80/><T6/><D6/><U95/><E77/><V121/><F121/><W21/><REACH who="3" step="1"/><G17/><REACH who="3" ten="206,187,452,145" step="2"/><T76/><D30/><U84/><E18/><V49/><F69/><W115/><G115/><T130/><D28/><U56/><E60/><V114/><F114/><W31/><G31/><T51/><D130/><U54/><E68/><V48/><F9/><W65/><G65/><T53/><D76/><U85/><E67/><V119/><F66/><W91/><G91/><T37/><D90/><U71/><E71/><V42/><F10/><W1/><G1/><T25/><D88/><U108/><E126/><V106/><F62/><W78/><G78/><T104/><D81/><U97/><E134/><V82/><F82/><W57/><G57/><T15/><D104/><U87/><E56/><V111/><F106/><W59/><G59/><T34/><D34/><U93/><E35/><V122/><F58/><W55/><G55/><T0/><D53/><U46/><E54/><V43/><F122/><W113/><G113/><T131/><D52/><U32/><E32/><V16/><F16/><RYUUKYOKU ba="0,1" sc="206,-10,187,-10,452,-10,145,30" hai3="20,21,23,41,50,72,79,83,96,100,105,128,129" /><INIT seed="3,1,1,5,5,113" ten="196,177,442,175" oya="3" hai0="122,21,105,28,99,120,20,32,57,24,119,134,125" hai1="63,34,103,65,12,15,88,44,86,116,133,11,118" hai2="89,107,31,27,61,0,72,45,108,97,106,94,47" hai3="53,96,130,100,52,101,48,70,92,22,7,104,112"/><W58/><G112/><T123/><D57/><U111/><E111/><V82/><F0/><W3/><G70/><T4/><D105/><U19/><E133/><V55/><F108/><W41/><G130/><T62/><D62/><U129/><E129/><V90/><F106/><W110/><G110/><T26/><D99/><U93/><E34/><V14/><F14/><W6/><G41/><T132/><D119/><N who="1" m="45611" /><E103/><V127/><F127/><W64/><G64/><T37/><D37/><U124/><E124/><V46/><F107/><W83/><G3/><T102/><D102/><U71/><E15/><V23/><F72/><W36/><G36/><T76/><D76/><U8/><E44/><V126/><F126/><W50/><G83/><T115/><D115/><U59/><E8/><V81/><F89/><W73/><G73/><T16/><D125/><U75/><E75/><V131/><F131/><W68/><G68/><AGARI ba="1,1" hai="11,12,19,59,63,65,68,71,86,88,93" m="45611" machi="68" ten="30,8000,1" yaku="12,1,52,3,54,1" doraHai="113" who="1" fromWho="3" sc="196,0,177,93,442,0,175,-83" owari="196,-20.4,270,7.0,442,54.2,92,-40.8" /></mjloggm>