<mjloggm ver="2.3"><GO type="225" lobby="0"/><UN n0="%E6%97%A5%E6%9B%9C%E6%97%A5%E3%82%88%E3%82%8A%E3%81%AE%E4%BD%BF%E8%80%85" n1="%E3%82%A2%E3%83%BC%E3%83%A2%E3%83%AD%E3%83%BC%E3%83%B4%E3%82%A1" n2="%6C%61%6D%62" n3="%E9%9B%80%E6%A5%B5%E3%81%AE%E3%81%B8" dan="17,16,16,16" rate="2210.79,2113.54,2137.37,2097.87" sx="M,M,M,M"/><TAIKYOKU oya="0"/><INIT seed="0,0,0,1,3,41" ten="250,250,250,250" oya="0" hai0="16,55,20,90,10,112,22,74,85,130,127,124,95" hai1="119,45,133,131,114,102,80,70,120,128,82,78,6" hai2="81,96,83,103,93,72,86,17,84,26,29,34,122" hai3="24,1,105,104,46,66,3,11,36,53,58,100,47"/><T49/><D112/><U76/><E70/><V33/><F122/><W107/><G66/><T51/><D74/><U117/><E6/><V97/><F34/><W21/><G100/><T116/><D116/><N who="1" m="44619" /><E45/><V31/><F31/><W35/><G35/><T134/><D130/><N who="1" m="49707" /><E120/><V73/><F17/><W126/><G126/><N who="0" m="48171" /><D134/><U50/><E50/><N who="0" m="18953" /><D55/><U118/><N who="1" m="44627" /><U67/><DORA hai="44" /><E67/><V123/><F26/><W135/><G135/><T62/><D62/><U0/><E0/><V108/><F29/><W75/><G75/><N who="2" m="28745" /><F33/><W48/><G3/><T65/><D65/><U77/><E133/><V125/><F108/><W91/><G1/><T79/><D79/><U115/><E102/><N who="2" m="60687" /><F123/><W71/><G53/><T57/><D57/><U32/><E32/><V60/><F60/><W87/><G58/><T63/><D63/><U98/><E98/><V52/><F52/><W59/><G59/><T132/><D132/><U56/><E56/><V113/><F125/><W129/><G129/><T111/><D111/><U99/><E99/><V28/><F113/><AGARI ba="0,0" hai="76,77,78,80,82,113,114,115" m="49707,44627" machi="113" ten="50,12000,2" yaku="28,2,11,1,19,1,34,2" doraHai="41,44" who="1" fromWho="2" sc="250,0,250,120,250,-120,250,0" /><INIT seed="1,0,0,0,0,129" ten="250,370,130,250" oya="1" hai0="88,58,64,37,118,32,50,21,4,19,94,99,74" hai1="105,12,25,28,2,87,125,110,41,40,104,6,56" hai2="132,133,0,35,122,116,61,42,47,59,124,76,115" hai3="65,84,134,63,5,18,85,13,27,31,46,90,17"/><U123/><E123/><V24/><F0/><W128/><G128/><T97/><D118/><U10/><E125/><V55/><F116/><W3/><G3/><T11/><D32/><U1/><E110/><V111/><F122/><W130/><G130/><T106/><D37/><U83/><E1/><V30/><F111/><W57/><G46/><T113/><D74/><U92/><E92/><V126/><F76/><W119/><G85/><N who="0" m="52495" /><D106/><U78/><E2/><V109/><F109/><W39/><G39/><T33/><D33/><U70/><E70/><V52/><F55/><W103/><G103/><T114/><D114/><U60/><E104/><V43/><F43/><W9/><G119/><T117/><D117/><U49/><E49/><N who="2" m="26871" /><F115/><W44/><G44/><T68/><D68/><U66/><REACH who="1" step="1"/><E105/><REACH who="1" ten="250,360,130,250" step="2"/><V81/><F81/><W71/><G71/><T62/><D113/><U20/><AGARI ba="0,1" hai="6,10,12,20,25,28,40,41,56,60,66,78,83,87" machi="20" ten="20,12000,1" yaku="1,1,2,1,0,1,7,1,8,1,53,0" doraHai="129" doraHaiUra="107" who="1" fromWho="1" sc="250,-40,360,130,130,-40,250,-40" /><INIT seed="1,1,0,1,5,97" ten="210,490,90,210" oya="1" hai0="27,57,111,76,64,7,51,13,128,6,22,115,33" hai1="82,85,105,113,50,2,45,126,123,15,5,99,8" hai2="91,81,20,35,52,47,69,131,73,72,41,119,122" hai3="78,61,100,0,10,88,127,60,68,79,75,103,42"/><U86/><E123/><V54/><F119/><W11/><G127/><T21/><D115/><U132/><E113/><V109/><F35/><W67/><G42/><T125/><D33/><U84/><E126/><V16/><F69/><W29/><G29/><T135/><D76/><N who="1" m="46151" /><E2/><V40/><F122/><W130/><G130/><T74/><D74/><U49/><E49/><V43/><F131/><W55/><G88/><T30/><D13/><U38/><E38/><V44/><F109/><W87/><G75/><T32/><D51/><U65/><E65/><V110/><F110/><W4/><G10/><T134/><D64/><U18/><E18/><V26/><F72/><W31/><G31/><T83/><D125/><U93/><E105/><V62/><F73/><W12/><G0/><T25/><D111/><U124/><E132/><V70/><F70/><W92/><G92/><T95/><D95/><U1/><E1/><V80/><F91/><W63/><G63/><T36/><D36/><U118/><E118/><V53/><F62/><W46/><G79/><T89/><D128/><U116/><E116/><V107/><REACH who="2" step="1"/><F107/><REACH who="2" ten="210,490,80,210" step="2"/><W19/><G60/><T9/><D32/><U3/><E124/><V112/><F112/><W58/><G68/><T77/><D89/><N who="1" m="55727" /><E3/><V39/><F39/><W48/><G4/><T71/><D71/><U102/><E5/><V117/><F117/><W106/><G106/><T104/><D104/><U96/><E50/><V59/><F59/><W120/><G120/><T56/><D6/><N who="1" m="3479" /><E45/><AGARI ba="1,1" hai="16,20,26,40,41,43,44,45,47,52,53,54,80,81" machi="45" ten="40,8000,1" yaku="1,1,8,1,54,2,53,0" doraHai="97" doraHaiUra="24" who="2" fromWho="1" sc="210,0,490,-83,80,93,210,0" /><INIT seed="2,0,0,1,0,112" ten="210,407,173,210" oya="2" hai0="107,5,38,85,22,31,80,116,6,8,128,99,48" hai1="126,73,25,41,81,103,93,110,122,91,82,83,86" hai2="84,129,120,135,69,106,13,7,10,34,130,27,121" hai3="104,0,46,62,125,131,97,32,44,68,58,114,11"/><V96/><F69/><W95/><G32/><T26/><D38/><U43/><E110/><V21/><F84/><W115/><G104/><T79/><D128/><N who="2" m="49258" /><F106/><W50/><G68/><T89/><D116/><U57/><E126/><V75/><F75/><W2/><G125/><T45/><D8/><U56/><E122/><N who="2" m="47211" /><F96/><W42/><G44/><T37/><D37/><U64/><E73/><V24/><F135/><W72/><G72/><T1/><D1/><U49/><E103/><V94/><F94/><W55/><G131/><T98/><D107/><U65/><E25/><N who="2" m="9803" /><F21/><W88/><REACH who="3" step="1"/><G11/><REACH who="3" ten="210,407,173,200" step="2"/><T54/><D99/><U117/><E57/><V133/><F133/><W78/><G78/><T123/><D123/><U47/><E56/><V33/><AGARI ba="0,1" hai="7,10,13,33,34" m="9803,47211,49258" machi="33" ten="40,7800,0" yaku="19,1,34,2" doraHai="112" who="2" fromWho="2" sc="210,-26,407,-26,173,88,200,-26" /><INIT seed="2,1,0,4,4,57" ten="184,381,261,174" oya="2" hai0="116,132,10,125,1,27,62,44,19,29,47,14,54" hai1="92,48,65,41,79,5,24,9,71,37,38,105,4" hai2="119,2,46,43,39,31,131,121,122,6,72,68,53" hai3="133,80,135,20,91,35,55,126,23,3,13,110,88"/><V63/><F119/><W127/><G3/><T114/><D114/><U16/><E105/><V78/><F53/><W123/><G35/><T97/><D116/><U89/><E79/><V130/><F31/><W75/><G123/><N who="2" m="47113" /><F6/><W28/><G110/><T11/><D125/><N who="3" m="47625" /><G13/><T124/><D124/><U128/><E48/><V74/><F2/><W85/><G75/><N who="2" m="28713" /><F78/><N who="3" m="46231" /><G55/><T76/><D76/><U0/><E4/><V108/><F108/><W25/><G23/><T30/><D1/><U26/><E5/><V99/><F99/><W60/><G60/><T81/><D97/><U18/><E0/><V49/><F49/><W33/><G33/><T101/><D30/><U113/><E37/><V93/><F93/><W107/><G107/><T42/><D29/><U100/><E92/><V45/><F45/><W21/><G21/><T120/><D47/><U8/><E38/><V64/><AGARI ba="1,0" hai="39,43,46,63,64,68,130,131" m="28713,47113" machi="64" ten="40,3900,0" yaku="23,1,52,1" doraHai="57" who="2" fromWho="2" sc="184,-14,381,-14,261,42,174,-14" /><INIT seed="2,2,0,2,0,49" ten="170,367,303,160" oya="2" hai0="105,17,40,75,86,61,91,107,36,56,131,118,11" hai1="7,47,132,80,45,98,119,13,77,104,127,14,0" hai2="33,29,63,103,101,44,102,82,111,84,6,31,9" hai3="134,42,114,110,27,24,109,54,97,60,39,3,41"/><V116/><F116/><W128/><G3/><T32/><D75/><U106/><E119/><V48/><F111/><N who="3" m="42507" /><G134/><T57/><D32/><U125/><E0/><V124/><F124/><N who="1" m="47689" /><E132/><V62/><F33/><W51/><G128/><T8/><D118/><U108/><E108/><V73/><F73/><W34/><G114/><T58/><D131/><U28/><E28/><N who="2" m="10827" /><F9/><W81/><G34/><T94/><D8/><N who="1" m="4255" /><E14/><V15/><F15/><W16/><G39/><T89/><D11/><U72/><E106/><V78/><F6/><W117/><G117/><T112/><D107/><U22/><E22/><V126/><F126/><W74/><G60/><T1/><D105/><U2/><E2/><V65/><F65/><W70/><G70/><T46/><D1/><U120/><E120/><V85/><F85/><W100/><G81/><T12/><D112/><U122/><E122/><V67/><F67/><W10/><G74/><T52/><D12/><U38/><E38/><V88/><F78/><W20/><G24/><T66/><D17/><U19/><E19/><V96/><F96/><W87/><G87/><T5/><D5/><U4/><E4/><V99/><F99/><W90/><G10/><T64/><D64/><U37/><E37/><V130/><F130/><W92/><G100/><AGARI ba="2,0" hai="45,47,72,77,80,98,100,104" m="4255,47689" machi="100" ten="30,1000,0" yaku="18,1" doraHai="49" who="1" fromWho="3" sc="170,0,367,16,303,0,160,-16" /><INIT seed="3,0,0,0,5,8" ten="170,383,303,144" oya="3" hai0="134,129,101,108,40,48,109,15,71,41,91,86,92" hai1="10,110,29,26,16,49,57,46,120,66,90,122,65" hai2="33,44,133,87,50,39,62,69,59,31,43,125,38" hai3="4,63,105,17,58,127,12,80,32,114,73,93,99"/><W42/><G114/><T83/><D71/><U13/><E110/><N who="0" m="42601" /><D129/><U60/><E90/><V85/><F85/><W95/><G32/><T107/><D134/><U34/><E66/><N who="2" m="41175" /><F87/><W96/><G127/><T24/><D107/><U27/><E26/><V119/><F31/><W47/><G4/><T68/><D68/><U20/><E10/><V74/><F74/><W100/><G73/><T37/><D37/><U56/><E56/><V113/><F33/><W61/><G80/><T124/><D124/><U36/><E36/><N who="2" m="21607" /><F119/><W106/><G47/><T25/><D15/><U82/><E82/><V9/><F9/><W130/><G42/><AGARI ba="0,0" hai="13,16,20,27,29,34,42,46,49,57,60,65,120,122" machi="42" ten="30,3900,0" yaku="7,1,52,1,54,1" doraHai="8" who="1" fromWho="3" sc="170,0,383,39,303,0,144,-39" owari="170,-23.0,422,52.2,303,10.3,105,-39.5" /></mjloggm>