<mjloggm ver="2.3"><GO type="225" lobby="0"/><UN n0="%E3%81%A4%E3%81%A3%E3%81%B1%E3%82%8A%E3%83%9D%E3%83%BC%E3%83%AB" n1="%6C%61%6D%62" n2="%28%EF%BF%A3%E2%96%BD%EF%BF%A3%29%CE%B4%E2%8C%92%E3%83%BB" n3="%E6%98%93%E5%88%A9%E8%96%A9%E4%BC%AF" dan="17,16,17,16" rate="2165.68,2208.45,2241.08,2102.11" sx="M,M,M,F"/><TAIKYOKU oya="0"/><INIT seed="0,0,0,0,3,52" ten="250,250,250,250" oya="0" hai0="40,74,62,80,89,11,115,57,108,79,130,14,102" hai1="101,33,4,128,75,23,88,55,99,10,76,121,125" hai2="123,82,91,98,109,87,30,43,119,135,118,126,54" hai3="28,2,49,15,48,85,111,18,68,96,67,47,86"/><T95/><D115/><U31/><E121/><V110/><F30/><W113/><G2/><T50/><D130/><U22/><E128/><V73/><F43/><W46/><G111/><N who="2" m="42505" /><F54/><W132/><G132/><T71/><D108/><U38/><E33/><V94/><F123/><W59/><G68/><T25/><D102/><U13/><E31/><V133/><F73/><W0/><G0/><T51/><D25/><U41/><E41/><V17/><F126/><W7/><G7/><T63/><D63/><U77/><E38/><V16/><F16/><W58/><G96/><T60/><D71/><U39/><E39/><V78/><F17/><W70/><G70/><T97/><D62/><U116/><E75/><V64/><F64/><W1/><G1/><T42/><D42/><U103/><E55/><V134/><AGARI ba="0,0" hai="78,82,87,91,94,98,118,119,133,134,135" m="42505" machi="134" ten="40,8000,1" yaku="20,1,14,1,34,2" doraHai="52" who="2" fromWho="2" sc="250,-40,250,-20,250,80,250,-20" /><INIT seed="1,0,0,5,1,28" ten="210,230,330,230" oya="1" hai0="106,107,91,7,68,44,65,101,130,9,82,121,109" hai1="4,31,43,63,88,25,132,81,38,131,35,33,50" hai2="20,116,135,61,75,29,93,30,2,5,23,127,67" hai3="34,14,18,39,122,94,99,27,19,26,36,60,119"/><U52/><E131/><V83/><F116/><W6/><G122/><T98/><D130/><U97/><E4/><V74/><F5/><W117/><G60/><T86/><D121/><U62/><E132/><V73/><F2/><W103/><G6/><T69/><D109/><U108/><E108/><V96/><F135/><W37/><G19/><T111/><D111/><U59/><E35/><V47/><F83/><W46/><G46/><T114/><D114/><U128/><E128/><V13/><F47/><W1/><G1/><T71/><D44/><U124/><E124/><V45/><F45/><W110/><G110/><T72/><D72/><U3/><E3/><V115/><F115/><W58/><G58/><T49/><D49/><U10/><E10/><V92/><F92/><W95/><G95/><T54/><D54/><U21/><E33/><V16/><F23/><W17/><G17/><T113/><D113/><U79/><E38/><V126/><F126/><W56/><G56/><T57/><D57/><U32/><E32/><V78/><F78/><W11/><REACH who="3" step="1"/><G34/><REACH who="3" ten="210,230,330,220" step="2"/><T0/><REACH who="0" step="1"/><D107/><REACH who="0" ten="200,230,330,220" step="2"/><U48/><E48/><V42/><F127/><W118/><AGARI ba="0,2" hai="11,14,18,26,27,36,37,39,94,99,103,117,118,119" machi="118" ten="40,8000,1" yaku="1,1,2,1,0,1,12,1,53,0" doraHai="28" doraHaiUra="120" who="3" fromWho="3" sc="200,-20,230,-40,330,-20,220,100" /><INIT seed="2,0,0,4,1,41" ten="180,190,310,320" oya="2" hai0="115,33,77,62,59,28,75,52,14,2,43,71,74" hai1="0,21,19,38,100,126,99,114,85,76,125,25,49" hai2="65,72,54,134,90,1,67,132,68,47,120,20,10" hai3="22,51,128,96,122,18,123,129,133,106,113,73,31"/><V56/><F72/><W32/><G73/><T11/><D115/><U93/><E38/><V78/><F78/><W119/><G106/><T46/><D2/><U111/><E114/><V5/><F120/><N who="3" m="46123" /><G96/><T26/><D77/><U36/><E36/><V94/><F20/><W92/><G113/><T109/><D109/><U40/><E0/><V131/><F131/><N who="3" m="50251" /><G51/><T108/><D71/><U81/><REACH who="1" step="1"/><E111/><REACH who="1" ten="180,180,310,320" step="2"/><V86/><F1/><W8/><G119/><T88/><D108/><U48/><E48/><V50/><F50/><W87/><G133/><T53/><D53/><U3/><E3/><V103/><F134/><W98/><G32/><T97/><D43/><U4/><E4/><V127/><F132/><W37/><G37/><T84/><D46/><AGARI ba="0,1" hai="19,21,25,40,46,49,76,81,85,93,99,100,125,126" machi="46" ten="40,2600,0" yaku="1,1,52,1,53,0" doraHai="41" doraHaiUra="117" who="1" fromWho="0" sc="180,-26,180,36,310,0,320,0" /><INIT seed="3,0,0,3,0,19" ten="154,216,310,320" oya="3" hai0="127,33,17,123,3,50,86,64,110,104,125,77,57" hai1="58,99,89,42,25,45,106,1,8,4,60,63,117" hai2="20,41,69,61,13,128,114,95,47,66,131,135,31" hai3="5,115,84,133,43,67,2,56,27,93,88,100,48"/><W44/><G115/><T18/><D104/><U22/><E117/><V102/><F114/><W10/><G133/><T105/><D105/><U73/><E73/><V9/><F135/><W75/><G75/><T59/><D77/><U94/><E106/><V70/><F102/><W71/><G100/><T12/><D86/><U38/><REACH who="1" step="1"/><E58/><REACH who="1" ten="154,206,310,320" step="2"/><V87/><F70/><W126/><G56/><T103/><D64/><U53/><E53/><V55/><F55/><W91/><G71/><T129/><D50/><U51/><E51/><V108/><F69/><W130/><G67/><T112/><D112/><U132/><E132/><V11/><F66/><W14/><G48/><T74/><D74/><U121/><E121/><V124/><F41/><W111/><G43/><T92/><D103/><U16/><AGARI ba="0,1" hai="1,4,8,16,22,25,38,42,45,60,63,89,94,99" machi="16" ten="20,8000,1" yaku="1,1,0,1,7,1,52,1,54,1,53,0" doraHai="19" doraHaiUra="122" who="1" fromWho="1" sc="154,-20,206,90,310,-20,320,-40" /><INIT seed="4,0,0,2,1,128" ten="134,296,290,280" oya="0" hai0="92,36,86,102,100,89,43,46,38,63,88,64,125" hai1="66,120,55,110,83,74,47,81,48,62,135,57,10" hai2="44,85,91,0,96,16,50,70,134,42,53,60,109" hai3="3,23,126,17,104,99,112,15,35,2,82,94,78"/><T129/><D129/><U1/><E110/><V80/><F134/><W115/><G104/><T18/><D125/><U41/><E120/><V9/><F109/><W54/><G35/><T59/><D38/><U121/><E121/><V101/><F0/><W133/><G126/><T49/><D18/><U33/><E33/><V76/><F70/><W72/><G54/><T7/><D7/><U77/><E135/><V95/><F60/><W31/><G31/><T24/><D24/><U93/><E83/><V90/><F42/><W51/><G51/><T12/><D12/><AGARI ba="0,0" hai="9,12,16,44,50,53,76,80,85,90,91,95,96,101" machi="12" ten="40,2600,0" yaku="8,1,54,1" doraHai="128" who="2" fromWho="0" sc="134,-26,296,0,290,26,280,0" owari="108,-39.2,296,9.6,316,41.6,280,-12.0" /></mjloggm>