<mjloggm ver="2.3"><GO type="225" lobby="0"/><UN n0="%E6%A1%9C%E8%8A%B1%E9%96%83%E3%80%85" n1="%72%69%6F%75%63%68%61%6E" n2="%E3%81%B2%E3%81%AA%E3%81%AE%E3%82%8A%E3%81%8F" n3="%28%EF%BF%A3%E2%96%BD%EF%BF%A3%29%CE%B4%E2%8C%92%E3%83%BB" dan="16,17,17,16" rate="2143.16,2229.62,2198.76,2155.47" sx="M,M,M,M"/><TAIKYOKU oya="0"/><INIT seed="0,0,0,3,5,55" ten="250,250,250,250" oya="0" hai0="53,112,135,124,31,62,40,50,64,87,2,119,102" hai1="84,73,80,22,12,92,83,108,11,132,89,94,14" hai2="120,34,76,57,107,111,52,118,95,43,106,77,105" hai3="131,123,13,117,96,125,59,1,121,33,114,56,61"/><T88/><D112/><U133/><E108/><V39/><F120/><N who="3" m="46155" /><G1/><T130/><D119/><U17/><E80/><V29/><F111/><W85/><G117/><T122/><D122/><U71/><E71/><V19/><F118/><W74/><G74/><T49/><D130/><U38/><E38/><V4/><F4/><W66/><G33/><T30/><D2/><U10/><E22/><V24/><F19/><W48/><G114/><T0/><D0/><U54/><E54/><V101/><F43/><W93/><G85/><T68/><D124/><U9/><E73/><V21/><F34/><W100/><G131/><T25/><D135/><N who="1" m="51787" /><E9/><V36/><F36/><W15/><G125/><T60/><D31/><U81/><E83/><V32/><F39/><W129/><G129/><T126/><D126/><U7/><AGARI ba="0,0" hai="7,10,11,12,14,17,81,84,89,92,94" m="51787" machi="7" ten="30,1100,0" yaku="20,1" doraHai="55" who="1" fromWho="1" sc="250,-5,250,11,250,-3,250,-3" /><INIT seed="1,0,0,4,3,29" ten="245,261,247,247" oya="1" hai0="20,111,16,107,35,118,40,100,93,23,73,26,2" hai1="33,8,71,70,42,97,65,76,125,134,122,77,34" hai2="32,56,81,48,74,92,98,87,63,85,123,3,49" hai3="90,127,13,83,106,41,110,112,117,28,104,51,60"/><U21/><E122/><V114/><F123/><W109/><G112/><T53/><D118/><U30/><E42/><V80/><F3/><W94/><G117/><T124/><D107/><U86/><E8/><V55/><F74/><W132/><G83/><T4/><D73/><U95/><E125/><V0/><F0/><W130/><G132/><T82/><D40/><U52/><E134/><V14/><F14/><W119/><G130/><T67/><D67/><U131/><E131/><V103/><F32/><W45/><G127/><T37/><D111/><N who="3" m="42505" /><G28/><N who="0" m="19863" /><D23/><U121/><E121/><V108/><F114/><W61/><G13/><N who="0" m="9231" /><D37/><U69/><E65/><V31/><F31/><W50/><G50/><T115/><D115/><U12/><E52/><V36/><F36/><W62/><G119/><T24/><D24/><U19/><E30/><V38/><F38/><W113/><G113/><T1/><D124/><U135/><E135/><V102/><F108/><W25/><G25/><T5/><D82/><U54/><E54/><V96/><F81/><W59/><G59/><T58/><D2/><U10/><E21/><V89/><REACH who="2" step="1"/><F87/><AGARI ba="0,0" hai="41,45,51,60,61,62,87,90,94,104,106" m="42505" machi="87" ten="30,1000,0" yaku="14,1" doraHai="29" who="3" fromWho="2" sc="245,0,261,0,247,-10,247,10" /><INIT seed="2,0,0,2,0,95" ten="245,261,237,257" oya="2" hai0="73,121,104,122,96,4,71,34,119,28,135,48,129" hai1="41,12,108,105,63,132,22,44,30,79,120,13,47" hai2="11,106,31,32,3,36,117,58,100,97,25,93,118" hai3="86,110,107,38,24,130,72,65,131,75,109,8,0"/><V85/><F36/><W33/><G38/><T26/><D73/><N who="3" m="28233" /><G65/><T89/><D135/><U77/><E108/><N who="3" m="41578" /><G86/><T70/><D48/><U37/><E132/><V27/><F27/><W64/><G64/><T23/><D23/><U56/><E120/><V125/><F125/><W82/><G82/><T94/><D129/><N who="3" m="49161" /><G107/><T133/><D104/><U45/><E105/><V81/><F106/><W59/><G59/><T42/><D122/><U127/><E127/><V78/><REACH who="2" step="1"/><F58/><REACH who="2" ten="245,261,227,257" step="2"/><W35/><G24/><T128/><D26/><N who="1" m="16727" /><E37/><V43/><F43/><W6/><AGARI ba="0,1" hai="0,6,8,33,35" m="49161,41578,28233" machi="6" ten="40,5200,0" yaku="14,1,19,1,23,1" doraHai="95" who="3" fromWho="3" sc="245,-13,261,-13,227,-26,257,62" /><INIT seed="3,0,0,2,1,2" ten="232,248,201,319" oya="3" hai0="73,82,37,43,13,3,44,33,16,34,135,72,17" hai1="105,107,95,29,25,21,99,48,112,9,32,0,87" hai2="88,81,39,116,60,54,6,68,92,124,62,57,104" hai3="113,24,46,52,111,20,31,12,100,89,59,7,93"/><W18/><G111/><T84/><D3/><U83/><E112/><V22/><F116/><W14/><G113/><T128/><D128/><U64/><E64/><V53/><F104/><W30/><G100/><T123/><D123/><U117/><E117/><V133/><F39/><W109/><G46/><T103/><D103/><U67/><E67/><V74/><F124/><W66/><G66/><T65/><D65/><U10/><E32/><V8/><F68/><W28/><G7/><T106/><D106/><U76/><E0/><V101/><F133/><W51/><G109/><T71/><D71/><U102/><E107/><V58/><F101/><W121/><G121/><T127/><D17/><U1/><E1/><V97/><F22/><W79/><G79/><T126/><D135/><U130/><E130/><V91/><F74/><W114/><G114/><T77/><D72/><N who="1" m="43399" /><E48/><V49/><F49/><W69/><G69/><T15/><D73/><U56/><E56/><V134/><F134/><W115/><G115/><T36/><D36/><U35/><E35/><N who="0" m="13321" /><D16/><U132/><E132/><V26/><F26/><W4/><G4/><T63/><D63/><U94/><E94/><V98/><F81/><W78/><G78/><T96/><D127/><U108/><E108/><V45/><F45/><W85/><AGARI ba="0,0" hai="12,14,18,20,24,28,30,31,51,52,59,85,89,93" machi="85" ten="30,6000,0" yaku="0,1,8,1,54,1" doraHai="2" who="3" fromWho="3" sc="232,-20,248,-20,201,-20,319,60" owari="212,-18.8,228,2.8,181,-31.9,379,47.9" /></mjloggm>