<mjloggm ver="2.3"><GO type="225" lobby="0"/><UN n0="%E6%B4%BE%E9%81%A3%E3%81%AE%E3%82%B8%E3%83%A3%E3%83%83%E3%82%AF" n1="%E3%82%B2%E3%82%B9%E8%8C%82%E5%8B%9D" n2="%E5%A4%9C%E5%85%89%E5%A4%A9%E6%A5%BC" n3="%E3%82%8C%E3%81%99%E3%81%93" dan="17,16,16,16" rate="2228.37,2117.78,2075.70,2103.10" sx="M,F,M,F"/><TAIKYOKU oya="0"/><INIT seed="0,0,0,0,1,40" ten="250,250,250,250" oya="0" hai0="125,109,115,128,123,100,80,120,48,39,87,84,77" hai1="0,12,45,9,15,35,31,34,81,94,13,104,53" hai2="126,96,21,49,79,3,56,61,124,113,19,37,65" hai3="76,58,133,64,97,51,132,111,23,90,8,44,10"/><T47/><D39/><U98/><E104/><V73/><F113/><W36/><G36/><T108/><D115/><U27/><E81/><V54/><F37/><W42/><G111/><N who="0" m="42571" /><D125/><N who="2" m="48234" /><F3/><W102/><G76/><T118/><D118/><U82/><E82/><N who="2" m="45423" /><F96/><W105/><G90/><T121/><D100/><U88/><E35/><V63/><F65/><W89/><G89/><T117/><D117/><U22/><E34/><V6/><F6/><W92/><G105/><T46/><D128/><U26/><E26/><AGARI ba="0,0" hai="19,21,26,49,54,56,61,63" m="45423,48234" machi="26" ten="30,1000,0" yaku="18,1" doraHai="40" who="2" fromWho="1" sc="250,0,250,-10,250,10,250,0" /><INIT seed="1,0,0,3,0,81" ten="250,240,260,250" oya="1" hai0="74,122,26,55,85,49,79,61,62,76,98,57,56" hai1="87,100,121,14,51,92,111,15,39,106,77,127,31" hai2="30,17,11,131,70,88,94,96,6,22,10,114,32" hai3="3,124,16,45,132,20,133,102,80,97,9,7,129"/><U34/><E121/><V113/><F70/><W91/><G124/><T5/><D74/><U12/><E39/><V43/><F131/><W130/><G45/><T90/><D122/><U21/><E127/><V52/><F43/><W118/><G118/><T54/><D5/><U13/><E34/><V0/><F52/><W8/><G8/><T18/><D98/><N who="1" m="59463" /><E106/><V46/><F46/><W89/><G89/><T84/><D49/><U116/><E116/><V93/><F11/><W128/><G91/><T135/><D135/><U78/><E111/><V47/><F47/><W95/><REACH who="3" step="1"/><G80/><REACH who="3" ten="250,240,260,240" step="2"/><T99/><D99/><U68/><E77/><N who="0" m="29769" /><D90/><U35/><E78/><V75/><F75/><W37/><G37/><T19/><D19/><U134/><E134/><V60/><F17/><W125/><G125/><T4/><D4/><U115/><E115/><V42/><F113/><W2/><G2/><T73/><D73/><U119/><E119/><V41/><F114/><W110/><G110/><T33/><D33/><U117/><E117/><V25/><F32/><W69/><G69/><T120/><D120/><U63/><E35/><V108/><F108/><W67/><G67/><T72/><D72/><U65/><E65/><V40/><F88/><W48/><G48/><T1/><D1/><U23/><E51/><V28/><F0/><W126/><G126/><T82/><D82/><U105/><E68/><V38/><F38/><W58/><G58/><T107/><D107/><U64/><E64/><V66/><F66/><W123/><G123/><T59/><D56/><U36/><N who="1" m="3072" /><DORA hai="53" /><U86/><E36/><RYUUKYOKU ba="0,1" sc="250,15,240,-15,260,-15,240,15" hai0="18,26,54,55,57,59,61,62,84,85" hai3="3,7,9,16,20,95,97,102,128,129,130,132,133" /><INIT seed="2,1,1,2,5,24" ten="265,225,245,255" oya="2" hai0="99,22,125,71,2,53,67,81,63,16,58,7,49" hai1="55,109,73,108,5,69,34,113,82,72,54,106,87" hai2="97,100,118,126,46,121,0,44,112,96,61,48,76" hai3="114,25,37,60,135,8,79,102,131,41,30,32,65"/><V39/><F112/><W98/><G114/><T68/><D125/><U95/><E113/><V110/><F118/><W64/><G135/><T105/><D81/><U52/><E106/><V4/><F121/><W3/><G131/><T42/><D42/><U35/><E69/><V12/><F0/><W90/><G79/><T31/><D2/><U40/><E95/><V27/><F126/><W75/><G90/><T1/><D1/><U74/><E5/><V9/><F76/><W23/><G75/><T134/><D7/><U43/><E87/><V103/><F110/><N who="1" m="42601" /><E82/><V89/><F39/><W51/><G37/><T93/><D105/><U123/><E123/><V116/><F89/><W70/><G65/><T132/><D68/><U133/><E133/><V66/><F46/><W28/><G3/><T83/><D83/><U80/><E80/><V88/><F116/><W129/><G129/><T13/><REACH who="0" step="1"/><D31/><REACH who="0" ten="255,225,245,255" step="2"/><U18/><E18/><V85/><F4/><W128/><G30/><T84/><D84/><U120/><E120/><V117/><F85/><W62/><G128/><T124/><D124/><U50/><E50/><V92/><F48/><W86/><G86/><T91/><AGARI ba="1,2" hai="13,16,22,49,53,58,63,67,71,91,93,99,132,134" machi="91" ten="30,4000,0" yaku="1,1,0,1,54,1,53,0" doraHai="24" doraHaiUra="38" who="0" fromWho="0" sc="255,63,225,-11,245,-21,255,-11" /><INIT seed="3,0,0,2,3,130" ten="318,214,224,244" oya="3" hai0="129,28,1,122,95,99,66,58,133,45,40,46,15" hai1="0,19,135,71,86,4,14,134,123,89,35,85,37" hai2="88,65,73,12,132,111,56,72,31,87,11,80,16" hai3="21,33,91,116,93,76,26,36,125,39,34,124,53"/><W30/><G116/><T115/><D1/><U69/><E123/><V114/><F114/><W57/><G76/><T118/><D122/><U106/><E37/><V92/><F111/><W61/><G36/><T49/><D118/><U107/><E35/><V77/><F31/><W117/><G39/><T110/><D28/><U82/><E4/><V17/><F132/><N who="1" m="50729" /><E85/><N who="2" m="52239" /><F73/><W38/><G38/><T127/><D127/><N who="3" m="48713" /><G117/><T120/><D120/><U100/><E0/><V121/><F72/><W10/><G10/><T13/><D129/><U6/><E6/><N who="2" m="3191" /><F121/><W25/><G25/><T101/><D110/><U43/><E43/><V54/><F65/><W18/><G30/><T96/><D66/><U48/><E48/><AGARI ba="0,0" hai="16,17,48,54,56,77,80,87" m="3191,52239" machi="48" ten="30,3900,0" yaku="8,1,54,2" doraHai="130" who="2" fromWho="1" sc="318,0,214,-39,224,39,244,0" owari="318,41.8,175,-32.5,263,6.3,244,-15.6" /></mjloggm>