<mjloggm ver="2.3"><GO type="225" lobby="0"/><UN n0="%E3%81%B8%E3%82%80%E3%81%B8%E3%82%80%EF%BC%92%E5%8F%B7" n1="%70%68%65%6E%6F%6D%65" n2="%E7%89%B9%E6%9D%B1%E3%81%AF%E4%B8%96%E7%95%8C%E3%82%92%E6%95%91%E3%81%86" n3="%E3%82%BC%E3%83%AB%E3%83%80%E3%81%AE%E4%BC%9D%E8%AA%AC" dan="17,16,16,16" rate="2168.71,2158.49,2158.93,2117.18" sx="M,M,M,M"/><TAIKYOKU oya="0"/><INIT seed="0,0,0,2,1,80" ten="250,250,250,250" oya="0" hai0="129,73,2,52,102,9,113,119,62,100,37,33,103" hai1="61,5,7,85,118,104,67,57,101,75,28,11,78" hai2="36,22,45,124,63,84,135,97,122,16,93,59,14" hai3="55,8,17,19,48,29,126,18,46,95,94,114,21"/><T10/><D113/><U96/><E118/><V88/><F135/><W106/><G114/><T40/><D119/><U81/><E28/><V83/><F124/><W108/><G108/><T121/><D121/><U127/><E127/><V49/><F36/><W24/><G106/><T6/><D33/><U107/><E107/><V31/><F122/><W23/><G126/><T35/><D35/><U34/><E34/><V13/><F31/><W44/><G8/><T51/><D73/><U27/><E27/><N who="2" m="14791" /><F49/><W54/><G21/><T53/><D129/><U112/><E112/><V130/><F45/><W117/><G117/><T60/><D37/><U89/><REACH who="1" step="1"/><E11/><REACH who="1" ten="250,240,250,250" step="2"/><V1/><F130/><W77/><G77/><T42/><D9/><U50/><E50/><AGARI ba="0,1" hai="17,18,19,23,24,29,44,46,48,50,54,55,94,95" machi="50" ten="40,2600,0" yaku="9,1,8,1" doraHai="80" who="3" fromWho="1" sc="250,0,240,-26,250,0,250,36" /><INIT seed="1,0,0,0,2,78" ten="250,214,250,286" oya="1" hai0="111,97,96,62,8,36,84,129,41,91,21,99,83" hai1="58,101,61,20,29,66,64,77,130,72,54,25,113" hai2="86,112,71,17,39,53,94,7,4,80,132,104,46" hai3="116,48,5,16,68,6,110,32,14,43,67,47,59"/><U30/><E113/><V63/><F104/><W108/><G32/><T75/><D111/><N who="3" m="42537" /><G68/><T93/><D129/><U11/><E130/><V134/><F112/><W23/><G116/><T85/><D75/><U88/><E101/><V131/><F94/><W120/><G120/><T70/><D21/><U103/><E103/><V40/><F17/><W98/><G98/><T28/><D28/><U42/><E42/><V79/><F131/><W45/><G45/><T135/><D135/><N who="2" m="51754" /><F53/><N who="3" m="32167" /><G67/><AGARI ba="0,0" hai="4,7,39,40,46,63,67,71,79,80,86" m="51754" machi="67" ten="30,2000,0" yaku="20,1,52,1" doraHai="78" who="2" fromWho="3" sc="250,0,214,0,250,20,286,-20" /><INIT seed="2,0,0,3,3,46" ten="250,214,270,266" oya="2" hai0="90,31,75,132,27,94,8,121,115,62,80,42,120" hai1="56,36,124,12,116,117,24,76,99,21,58,7,50" hai2="2,57,43,23,52,45,11,130,28,105,54,29,5" hai3="85,91,65,14,61,134,127,129,10,100,18,79,84"/><V17/><F130/><W9/><G129/><T133/><D115/><U82/><E36/><V47/><F105/><W71/><G127/><T34/><D42/><U37/><E37/><V38/><F47/><W106/><G134/><N who="0" m="51819" /><D62/><U68/><E68/><V126/><F126/><W32/><G79/><N who="0" m="44159" /><D8/><U74/><E124/><V96/><F96/><AGARI ba="0,0" hai="27,31,34,90,94,96,120,121" m="44159,51819" machi="96" ten="30,1000,0" yaku="20,1" doraHai="46" who="0" fromWho="2" sc="250,10,214,0,270,-10,266,0" /><INIT seed="3,0,0,5,4,82" ten="260,214,260,266" oya="3" hai0="42,117,133,14,70,124,103,85,127,98,26,128,91" hai1="30,27,84,53,78,0,35,32,104,31,8,75,125" hai2="33,80,41,99,20,44,6,55,28,74,115,88,15" hai3="68,36,110,52,123,64,3,24,12,114,126,34,101"/><W109/><G114/><T13/><D117/><U118/><E118/><V106/><F33/><W57/><G123/><T58/><D70/><U107/><E125/><N who="0" m="48201" /><D42/><U94/><E53/><V73/><F115/><W65/><G3/><T89/><D58/><U60/><E60/><V72/><F55/><W23/><G126/><T119/><D119/><U56/><E56/><V29/><F106/><W48/><G36/><T49/><D49/><U37/><E37/><V105/><F105/><W120/><G120/><T76/><D26/><N who="1" m="18519" /><E84/><V86/><F99/><W5/><G101/><T71/><D128/><U51/><E94/><V96/><F96/><W112/><G112/><T25/><D133/><U38/><E51/><V2/><F2/><W129/><G129/><T121/><D25/><U47/><E78/><V90/><F90/><N who="0" m="34314" /><D71/><U122/><E75/><V19/><REACH who="2" step="1"/><F6/><REACH who="2" ten="260,214,250,266" step="2"/><W4/><G34/><T1/><D1/><U83/><E122/><V59/><F59/><W134/><G134/><T7/><D7/><N who="1" m="1127" /><E83/><V16/><F16/><N who="3" m="12391" /><G5/><T135/><D135/><U69/><E69/><V43/><F43/><AGARI ba="0,1" hai="27,31,35,38,43,47,104,107" m="1127,18519" machi="43" ten="30,2000,0" yaku="33,2" doraHai="82" who="1" fromWho="2" sc="260,0,214,30,250,-20,266,0" /><INIT seed="4,0,0,1,1,16" ten="260,244,230,266" oya="0" hai0="47,115,32,12,90,119,65,63,102,78,100,56,130" hai1="25,72,13,133,120,18,84,29,3,86,127,75,77" hai2="51,59,43,0,44,49,11,27,135,131,103,9,24" hai3="89,101,105,62,8,94,128,21,96,40,4,79,134"/><T91/><D119/><U95/><E120/><V132/><F103/><W87/><G134/><N who="2" m="51241" /><F131/><W126/><G126/><T17/><D130/><U113/><E3/><V31/><F0/><W30/><G128/><T125/><D125/><U111/><E111/><V88/><F27/><W34/><G34/><T1/><D1/><U20/><E127/><V118/><F118/><W14/><G40/><T123/><D32/><U39/><E39/><V67/><F88/><N who="0" m="33834" /><D115/><U55/><E113/><V58/><F67/><W69/><G79/><T28/><D28/><U36/><E36/><V2/><F2/><W23/><REACH who="3" step="1"/><G30/><REACH who="3" ten="260,244,230,256" step="2"/><T48/><D78/><U15/><E77/><V52/><F58/><W37/><G37/><T76/><D76/><U106/><E29/><V124/><F124/><W70/><G70/><T60/><D123/><U97/><E133/><V38/><F38/><W73/><G73/><T35/><D35/><AGARI ba="0,1" hai="9,11,24,31,35,43,44,49,51,52,59" m="51241" machi="35" ten="30,2000,0" yaku="20,1,54,1" doraHai="16" who="2" fromWho="0" sc="260,-20,244,0,230,30,256,0" /><INIT seed="5,0,0,2,1,129" ten="240,244,260,256" oya="1" hai0="30,27,77,46,60,114,38,47,126,37,43,95,117" hai1="111,59,109,64,85,106,44,22,41,2,52,25,73" hai2="110,19,67,3,61,36,51,1,39,101,124,81,97" hai3="107,34,55,18,21,128,98,8,125,15,23,9,56"/><U62/><E73/><V58/><F110/><N who="1" m="41993" /><E2/><V20/><F124/><W132/><G34/><T86/><D117/><U71/><E106/><V79/><F51/><W113/><G128/><T105/><D105/><U31/><E85/><V72/><F3/><W104/><G125/><T33/><D126/><U35/><E35/><V89/><F89/><W50/><G113/><T70/><D114/><U74/><E74/><V108/><F1/><W82/><G132/><T5/><D5/><U26/><E25/><V83/><F83/><W90/><G107/><T7/><D7/><U102/><E102/><V0/><F0/><W112/><G112/><T94/><D86/><U78/><E78/><V84/><F72/><W122/><G122/><T10/><D77/><U63/><E44/><V133/><F108/><W48/><G104/><T28/><D28/><U57/><E41/><V66/><F101/><W24/><G82/><T68/><D10/><U12/><E12/><V13/><F97/><W116/><G116/><T17/><D17/><U76/><E76/><V4/><F4/><W49/><G9/><T115/><D115/><U123/><E123/><V135/><F66/><W87/><G98/><T134/><D134/><AGARI ba="0,0" hai="13,19,20,36,39,58,61,67,79,81,84,133,134,135" machi="134" ten="40,8000,1" yaku="20,1,52,3" doraHai="129" who="2" fromWho="0" sc="240,-80,244,0,260,80,256,0" owari="160,-34.0,244,-15.6,340,44.0,256,5.6" /></mjloggm>