<mjloggm ver="2.3"><GO type="225" lobby="0"/><UN n0="%E8%90%BD%E6%97%A5" n1="%E3%81%8F%E3%82%89%E3%82%89" n2="%E7%99%BD%E6%97%A5%E9%9B%AA%E8%8F%9C" n3="%E3%83%89%E3%83%A9%E3%81%8F%E3%82%8C" dan="16,18,17,17" rate="2141.68,2260.35,2181.24,2239.94" sx="F,F,M,M"/><TAIKYOKU oya="0"/><INIT seed="0,0,0,0,3,32" ten="250,250,250,250" oya="0" hai0="126,103,48,54,116,69,51,110,113,91,130,29,98" hai1="75,73,23,134,106,24,125,89,108,58,114,82,99" hai2="49,127,20,10,46,120,6,53,4,12,15,61,86" hai3="57,2,66,94,83,42,9,55,81,85,18,44,112"/><T38/><D38/><U19/><E108/><V129/><F120/><W11/><G112/><T25/><D113/><U93/><E114/><V95/><F127/><W22/><G66/><T78/><D116/><U100/><E125/><V41/><F129/><W79/><G94/><T5/><D126/><U97/><E134/><V13/><F4/><W107/><G107/><T131/><D78/><U74/><REACH who="1" step="1"/><E58/><REACH who="1" ten="250,240,250,250" step="2"/><N who="2" m="35023" /><F20/><W7/><G57/><T80/><D69/><U118/><E118/><V68/><F68/><W62/><G44/><T17/><D110/><U52/><E52/><V56/><F56/><W47/><G55/><T31/><D130/><U39/><E39/><V121/><F121/><W34/><G47/><T104/><D131/><U40/><E40/><V92/><F41/><W26/><G42/><T101/><D54/><U65/><E65/><V27/><F46/><W45/><G45/><T14/><D51/><U119/><E119/><V67/><F49/><W105/><G62/><T35/><D48/><U3/><E3/><V63/><F63/><W28/><G105/><T96/><D104/><U115/><E115/><V76/><F67/><W90/><G2/><T36/><D36/><U64/><E64/><V87/><F95/><W84/><REACH who="3" step="1"/><G7/><REACH who="3" ten="250,240,250,240" step="2"/><T132/><D5/><U43/><E43/><V60/><F92/><W122/><G122/><T70/><D70/><U77/><AGARI ba="0,2" hai="19,23,24,73,74,75,77,82,89,93,97,99,100,106" machi="77" ten="30,2000,0" yaku="1,1,0,1,53,0" doraHai="32" doraHaiUra="1" who="1" fromWho="1" sc="250,-10,240,40,250,-5,240,-5" /><INIT seed="1,0,0,0,4,80" ten="240,280,245,235" oya="1" hai0="52,33,37,27,86,99,111,42,2,3,34,121,87" hai1="30,58,92,68,23,106,116,62,109,6,13,38,103" hai2="72,91,18,70,112,9,35,105,97,49,134,67,104" hai3="90,115,75,44,14,24,1,12,57,60,50,46,83"/><U45/><E116/><V40/><F72/><W74/><G1/><T61/><D42/><U10/><E106/><V56/><F134/><W39/><G115/><T77/><D37/><U59/><E109/><V120/><F120/><W73/><G39/><T32/><D111/><U17/><E30/><V118/><F118/><W100/><G100/><T129/><D121/><U71/><E58/><V95/><F35/><W107/><G24/><T43/><D43/><U41/><E92/><V48/><F70/><W113/><G107/><T19/><D99/><U11/><E103/><V21/><F9/><W81/><G81/><T101/><D101/><U51/><E11/><V128/><F128/><W124/><G124/><T89/><D77/><U22/><E22/><V25/><F112/><W110/><G113/><T53/><D129/><U5/><E5/><V122/><F122/><W0/><G0/><N who="0" m="43" /><D89/><U64/><REACH who="1" step="1"/><E38/><REACH who="1" ten="240,270,245,235" step="2"/><V117/><F117/><W130/><G110/><T82/><D34/><U66/><E66/><V84/><F105/><W127/><G130/><T47/><D33/><U76/><E76/><V108/><F104/><W16/><G127/><T131/><D131/><U26/><AGARI ba="0,1" hai="6,10,13,17,23,26,41,45,51,59,62,64,68,71" machi="26" ten="20,3900,0" yaku="1,1,0,1,7,1,53,0" doraHai="80" doraHaiUra="125" who="1" fromWho="1" sc="240,-13,270,49,245,-13,235,-13" /><INIT seed="1,1,0,2,5,1" ten="227,319,232,222" oya="1" hai0="119,83,4,41,89,98,123,99,110,45,18,14,133" hai1="105,36,33,109,112,55,107,84,11,2,76,44,75" hai2="57,10,81,126,67,130,50,61,124,34,71,30,135" hai3="111,56,20,82,37,87,108,46,23,25,63,8,79"/><U6/><E112/><V116/><F116/><W26/><G37/><T80/><D119/><U125/><E125/><N who="2" m="48235" /><F130/><W95/><G46/><T132/><D110/><N who="3" m="42025" /><G95/><N who="0" m="56687" /><D99/><U120/><E109/><V53/><F135/><N who="0" m="51786" /><D123/><U38/><E84/><V5/><F81/><W35/><G8/><N who="0" m="4359" /><D18/><U69/><E120/><V27/><F10/><W96/><G96/><T70/><D70/><U7/><E69/><V90/><F90/><W21/><G35/><T78/><D78/><U66/><E7/><AGARI ba="1,0" hai="5,7,27,30,34,50,53,57,61,67,71" m="48235" machi="7" ten="30,3900,0" yaku="18,1,52,2" doraHai="1" who="2" fromWho="1" sc="227,0,319,-42,232,42,222,0" /><INIT seed="2,0,0,5,3,82" ten="227,277,274,222" oya="2" hai0="70,24,45,3,90,44,52,91,0,99,121,123,68" hai1="98,77,105,42,76,19,128,75,88,21,72,4,10" hai2="14,48,110,9,133,111,107,124,73,115,64,65,87" hai3="130,67,40,36,126,25,118,108,46,81,102,18,66"/><V74/><F115/><W32/><G118/><T2/><D24/><U85/><E128/><V84/><F107/><W83/><G130/><T131/><D131/><U94/><E42/><V86/><F124/><W112/><G126/><T16/><D99/><U120/><E120/><V56/><F133/><W119/><G119/><T13/><D13/><U41/><E41/><V69/><F69/><W62/><G112/><T47/><D52/><U53/><E53/><N who="2" m="31783" /><F73/><W114/><G114/><T7/><D16/><U6/><E6/><N who="2" m="3383" /><F74/><W58/><G67/><T8/><D8/><U31/><E31/><V15/><F15/><W61/><G61/><T104/><D7/><U29/><E29/><V5/><F5/><W49/><G36/><T39/><D104/><U129/><E75/><V30/><F30/><W117/><G117/><T57/><D57/><U22/><E72/><V63/><F63/><W78/><G32/><T122/><REACH who="0" step="1"/><D39/><REACH who="0" ten="217,277,274,222" step="2"/><U28/><E129/><V134/><F134/><W34/><G58/><T51/><D51/><U20/><E28/><V43/><F43/><W113/><G40/><T97/><D97/><U35/><E19/><V127/><F127/><W71/><G18/><T50/><D50/><U89/><E105/><V27/><F27/><W23/><G25/><T79/><D79/><U106/><E106/><V93/><F65/><W54/><G66/><T92/><D92/><N who="1" m="54287" /><E77/><V12/><F64/><W26/><G78/><T96/><D96/><U38/><E76/><V37/><F37/><W80/><G26/><T116/><D116/><U60/><E38/><V109/><F93/><RYUUKYOKU ba="0,1" sc="217,15,277,-15,274,15,222,-15" hai0="0,2,3,44,45,47,68,70,90,91,121,122,123" hai2="12,84,86,87,109,110,111" /><INIT seed="2,1,1,4,3,124" ten="232,262,289,207" oya="2" hai0="76,98,90,132,67,24,43,35,2,58,15,47,32" hai1="84,66,130,77,33,75,5,105,113,81,120,102,18" hai2="59,40,0,89,83,41,37,61,71,125,63,22,92" hai3="25,94,49,122,23,108,19,101,127,70,107,123,134"/><V88/><F0/><W53/><G70/><T80/><D2/><U112/><E33/><V126/><F71/><W135/><G127/><N who="2" m="48649" /><F37/><W14/><G107/><T97/><D132/><N who="3" m="50729" /><G101/><T117/><D117/><U82/><E5/><V79/><F22/><N who="3" m="11639" /><G94/><T86/><D15/><U42/><E18/><V50/><F63/><W20/><G49/><T111/><D111/><U13/><E66/><N who="2" m="39231" /><F50/><W52/><G23/><T114/><D67/><U62/><E62/><V27/><F27/><W10/><G108/><T73/><D58/><U36/><E13/><V60/><F60/><W7/><G52/><T65/><D65/><U115/><E36/><V38/><F38/><W54/><G53/><T34/><D24/><U85/><E42/><N who="2" m="16491" /><F92/><W129/><G54/><T6/><D43/><U8/><E8/><V119/><F119/><W72/><G72/><AGARI ba="1,1" hai="72,79,83,88,89" m="16491,39231,48649" machi="72" ten="30,2900,0" yaku="18,1,54,1" doraHai="124" who="2" fromWho="3" sc="232,0,262,0,289,42,207,-32" /><INIT seed="2,2,0,0,1,117" ten="232,262,331,175" oya="2" hai0="41,101,133,74,5,53,48,107,89,62,113,118,124" hai1="95,60,42,45,122,127,52,85,87,71,112,56,46" hai2="93,125,43,51,132,17,6,82,99,105,10,128,24" hai3="97,121,100,15,31,44,21,47,59,123,18,8,35"/><V106/><F125/><W28/><G35/><T0/><D74/><U30/><E112/><V115/><F115/><W67/><G47/><T103/><D113/><U70/><E127/><V76/><F128/><W2/><G44/><T33/><D33/><U32/><E46/><N who="2" m="26079" /><F132/><W98/><G98/><T66/><D124/><U1/><E1/><V55/><F55/><W78/><G78/><T84/><D41/><U120/><E32/><V108/><F17/><W16/><G67/><T129/><D107/><U36/><E30/><V25/><F106/><W3/><G59/><T90/><D133/><U49/><E95/><V34/><F105/><W11/><G97/><T27/><D129/><U75/><E75/><V38/><F38/><W39/><G100/><T110/><D27/><U96/><E96/><V79/><F79/><W86/><G86/><N who="1" m="32778" /><E71/><V61/><F61/><W26/><G39/><T126/><D62/><U58/><E58/><V104/><F104/><W111/><G111/><T22/><D110/><U80/><E80/><V91/><F108/><W81/><G81/><T109/><D109/><U23/><E23/><V4/><F34/><W65/><G65/><AGARI ba="2,0" hai="36,42,45,49,52,56,60,65,70,120,122" m="32778" machi="65" ten="30,7700,0" yaku="24,1,52,2,54,1" doraHai="117" who="1" fromWho="3" sc="232,0,262,83,331,0,175,-83" /><INIT seed="3,0,0,5,2,71" ten="232,345,331,92" oya="3" hai0="110,16,100,20,97,21,2,67,56,115,26,0,85" hai1="38,75,127,111,49,117,122,22,83,70,30,18,99" hai2="39,33,58,37,121,101,44,63,109,132,4,62,84" hai3="95,102,43,94,42,55,91,133,9,12,125,107,65"/><W88/><G125/><T54/><D110/><U131/><E38/><V89/><F33/><W7/><G133/><T19/><D67/><U68/><E122/><V32/><F32/><W105/><G65/><T124/><D85/><U74/><E30/><V81/><F109/><W80/><G80/><T114/><D124/><U17/><E111/><V15/><F132/><W106/><G102/><T25/><D114/><U6/><E6/><V64/><F121/><W130/><G55/><T13/><D13/><U40/><E127/><V128/><F128/><W118/><G118/><T108/><D108/><U3/><E3/><V92/><F44/><W123/><G130/><T60/><REACH who="0" step="1"/><D115/><REACH who="0" ten="222,345,331,92" step="2"/><U14/><E14/><V104/><F64/><W47/><G123/><T129/><D129/><U96/><E131/><V51/><F15/><W86/><REACH who="3" step="1"/><G47/><REACH who="3" ten="222,345,331,82" step="2"/><T120/><D120/><U135/><E135/><V119/><F119/><W24/><G24/><T31/><D31/><U36/><E117/><V82/><F82/><W5/><G5/><T27/><D27/><U50/><E83/><V53/><F4/><W69/><G69/><T79/><D79/><U73/><E70/><V45/><F81/><W87/><AGARI ba="0,2" hai="7,9,12,42,43,86,87,88,91,94,95,105,106,107" machi="87" ten="30,11700,0" yaku="1,1,0,1,9,1,54,1,53,0" doraHai="71" doraHaiUra="41" who="3" fromWho="3" sc="222,-39,345,-39,331,-39,82,137" /><INIT seed="3,1,0,4,5,105" ten="183,306,292,219" oya="3" hai0="20,115,64,47,133,95,61,59,54,86,48,113,132" hai1="92,52,15,117,3,82,76,68,56,74,39,75,106" hai2="62,120,22,29,125,49,35,70,131,4,79,100,50" hai3="72,118,46,2,126,63,119,25,134,91,6,16,96"/><W60/><G134/><N who="0" m="51819" /><D95/><U18/><E39/><V88/><F35/><W53/><G126/><T87/><D20/><U32/><E68/><V122/><F125/><W112/><G112/><AGARI ba="1,0" hai="47,48,54,59,61,64,86,87,112,113,115" m="51819" machi="112" ten="30,2000,0" yaku="11,1,20,1" doraHai="105" who="0" fromWho="3" sc="183,23,306,0,292,0,219,-23" owari="206,-19.4,306,40.6,292,9.2,196,-30.4" /></mjloggm>