<mjloggm ver="2.3"><GO type="225" lobby="0"/><UN n0="%47%68%6F%73%74%55%30" n1="%E3%81%B5%E3%81%98%E3%81%8B%E3%81%A4" n2="%E6%A1%9C%E8%8A%B1%E9%96%83%E3%80%85" n3="%E9%B3%B3%E6%9D%B1%E3%81%AE%E3%81%BF%E3%81%91%E3%81%AB%E3%82%83%E3%82%93" dan="17,16,16,17" rate="2231.43,2202.28,2101.70,2138.51" sx="M,M,M,F"/><TAIKYOKU oya="0"/><INIT seed="0,0,0,1,1,125" ten="250,250,250,250" oya="0" hai0="94,126,111,11,83,2,123,114,48,9,82,27,25" hai1="53,31,20,62,7,106,76,108,77,34,75,89,41" hai2="104,105,37,33,74,13,38,128,66,3,64,35,45" hai3="124,60,58,32,61,121,36,22,30,91,51,40,99"/><T52/><D114/><U68/><E106/><N who="2" m="41067" /><F13/><W96/><G32/><N who="2" m="12361" /><F45/><W71/><G36/><N who="2" m="13929" /><F74/><W4/><G71/><T135/><D123/><U0/><E68/><V120/><F3/><W110/><G121/><T17/><D126/><U39/><E75/><V26/><F26/><N who="0" m="9738" /><D135/><U107/><E34/><V43/><F120/><W23/><G124/><T16/><D111/><U59/><E107/><V69/><F69/><W79/><G110/><T73/><D73/><U86/><E108/><V113/><F43/><W84/><G40/><T109/><D109/><U95/><E20/><V14/><F14/><W55/><G22/><T24/><D2/><U70/><E31/><V81/><F81/><N who="0" m="30730" /><D94/><U28/><E70/><V46/><F46/><W67/><G23/><N who="0" m="13415" /><D17/><U54/><E39/><V130/><F113/><W132/><G30/><T87/><D87/><U29/><E28/><V8/><F8/><W44/><G84/><T93/><D93/><U102/><E29/><V133/><F133/><W131/><G132/><T12/><D12/><U50/><E0/><V15/><F15/><W63/><G4/><T101/><D101/><U6/><E7/><V5/><F5/><W117/><G99/><T119/><D119/><U134/><E102/><V118/><F118/><W116/><G96/><T42/><D42/><U19/><E41/><V100/><F100/><W18/><G117/><T57/><AGARI ba="0,0" hai="9,11,48,52,57" m="13415,30730,9738" machi="57" ten="30,6000,0" yaku="8,1,54,2" doraHai="125" who="0" fromWho="0" sc="250,60,250,-20,250,-20,250,-20" /><INIT seed="0,1,0,2,4,63" ten="310,230,230,230" oya="0" hai0="131,91,78,52,6,86,80,2,104,38,135,106,68" hai1="53,8,119,71,130,10,40,81,126,39,101,49,0" hai2="22,103,105,72,123,29,32,60,46,37,57,62,27" hai3="14,23,87,43,42,116,127,107,92,110,98,26,20"/><T54/><D38/><U109/><E119/><V73/><F123/><W74/><G74/><T117/><D117/><U89/><E126/><V85/><F85/><W102/><G110/><T59/><D68/><U58/><E101/><V25/><F62/><W19/><G127/><T114/><D114/><U7/><E109/><V115/><F115/><W122/><G122/><T113/><D113/><U16/><E130/><V45/><F103/><W44/><G116/><T129/><D135/><U125/><E125/><V83/><F105/><W100/><G44/><T51/><D104/><U11/><E71/><V3/><F3/><W4/><G4/><T36/><D36/><U18/><E11/><V76/><F73/><W82/><G102/><T118/><D106/><U88/><E10/><V112/><F37/><W64/><G64/><T34/><D34/><U84/><REACH who="1" step="1"/><E89/><REACH who="1" ten="310,220,230,230" step="2"/><V132/><F112/><W41/><G107/><T79/><D118/><U124/><E124/><V69/><F69/><W56/><G56/><N who="0" m="32799" /><D129/><U28/><E28/><V21/><F132/><W9/><G26/><T66/><D131/><U96/><E96/><V31/><REACH who="2" step="1"/><F32/><REACH who="2" ten="310,220,220,230" step="2"/><W93/><REACH who="3" step="1"/><G93/><REACH who="3" ten="310,220,220,220" step="2"/><T55/><D2/><U65/><E65/><AGARI ba="1,3" hai="21,22,25,27,29,31,45,46,57,60,65,72,76,83" machi="65" ten="30,8000,1" yaku="1,1,2,1,7,1,9,1,52,1,53,0" doraHai="63" doraHaiUra="33" who="2" fromWho="1" sc="310,0,220,-83,220,113,220,0" /><INIT seed="1,0,0,5,3,50" ten="310,137,333,220" oya="1" hai0="122,78,99,96,118,9,20,46,3,48,68,67,128" hai1="94,119,76,42,21,104,58,14,89,25,98,81,83" hai2="44,29,123,71,125,109,93,120,80,92,54,43,32" hai3="56,61,84,100,132,95,103,11,74,111,90,77,5"/><U12/><E119/><V26/><F109/><W52/><G111/><T53/><D118/><U13/><E104/><V23/><F71/><W97/><G132/><T101/><D128/><U33/><E33/><V6/><F125/><W69/><G69/><T60/><D122/><U108/><E108/><V126/><F126/><W63/><G74/><T30/><D78/><U38/><E76/><V37/><F6/><W110/><G110/><T19/><D30/><U47/><REACH who="1" step="1"/><E58/><REACH who="1" ten="310,127,333,220" step="2"/><V130/><F32/><W64/><G77/><T115/><D115/><U116/><E116/><V75/><F123/><W17/><G17/><AGARI ba="0,1" hai="12,13,14,17,21,25,38,42,47,81,83,89,94,98" machi="17" ten="40,2000,0" yaku="1,1,53,0" doraHai="50" doraHaiUra="131" who="1" fromWho="3" sc="310,0,127,30,333,0,220,-20" /><INIT seed="1,1,0,1,1,5" ten="310,157,333,200" oya="1" hai0="24,19,10,91,42,22,54,12,119,4,129,51,58" hai1="97,47,115,6,63,93,79,55,82,81,105,18,49" hai2="116,52,123,17,60,132,36,2,90,84,110,57,100" hai3="70,48,102,106,77,68,8,118,0,128,121,9,124"/><U104/><E115/><V120/><F116/><W46/><G77/><T133/><D119/><U108/><E108/><V98/><F110/><W50/><G0/><T43/><D133/><U71/><E81/><V29/><F132/><W37/><G37/><T103/><D103/><U26/><E6/><V11/><F36/><W113/><G113/><T109/><D109/><U76/><E76/><V99/><F29/><W78/><G78/><T40/><D129/><U130/><E130/><V86/><F99/><W96/><G121/><T87/><REACH who="0" step="1"/><D42/><REACH who="0" ten="300,157,333,200" step="2"/><U95/><E105/><V83/><F120/><W15/><G128/><T75/><D75/><U134/><E104/><V31/><F100/><W7/><G118/><T114/><D114/><U85/><E134/><V101/><F101/><W135/><G135/><T66/><D66/><U32/><E97/><V112/><F98/><W88/><G102/><T59/><D59/><N who="1" m="35327" /><E71/><V89/><F112/><W126/><G106/><T74/><D74/><U64/><E64/><V20/><F123/><W33/><G68/><T44/><D44/><U35/><E35/><V25/><F86/><W117/><G33/><T14/><D14/><U53/><E32/><V111/><F111/><W72/><G70/><T94/><AGARI ba="1,1" hai="4,10,12,19,22,24,40,43,51,54,58,87,91,94" machi="94" ten="20,12000,2" yaku="1,1,0,1,7,1,8,1,52,1,53,2" doraHai="5" doraHaiUra="38" who="0" fromWho="0" sc="300,133,157,-61,333,-31,200,-31" /><INIT seed="2,0,0,3,5,85" ten="433,96,302,169" oya="2" hai0="42,53,40,99,95,1,50,110,3,44,37,15,130" hai1="54,43,129,11,27,55,13,89,103,66,16,125,101" hai2="98,61,17,78,133,107,77,34,122,2,58,31,116" hai3="65,30,94,14,52,38,73,96,102,131,46,29,32"/><V8/><F116/><W97/><G73/><T7/><D110/><U106/><E125/><V19/><F122/><W20/><G131/><T12/><D130/><U135/><E135/><V21/><F133/><W23/><G65/><T75/><D75/><U134/><E134/><V72/><F34/><W28/><G32/><T111/><D111/><U33/><E129/><V64/><F31/><W74/><G74/><T39/><D39/><U10/><E66/><V9/><F19/><W114/><G114/><T25/><D25/><U57/><E43/><V81/><F78/><W121/><G121/><T0/><D7/><U88/><E106/><V49/><F2/><W132/><G132/><T100/><REACH who="0" step="1"/><D42/><REACH who="0" ten="423,96,302,169" step="2"/><U48/><E33/><V86/><F72/><W41/><G41/><T5/><D5/><U62/><E27/><V59/><F107/><W56/><G38/><T6/><D6/><U104/><E104/><V92/><F49/><N who="3" m="28727" /><G14/><T84/><D84/><U4/><E4/><V69/><F69/><W80/><G56/><AGARI ba="0,1" hai="0,1,3,12,15,37,40,44,50,53,56,95,99,100" machi="56" ten="40,2600,0" yaku="1,1,53,1" doraHai="85" doraHaiUra="90" who="0" fromWho="3" sc="423,36,96,0,302,0,169,-26" /><INIT seed="3,0,0,1,3,59" ten="459,96,302,143" oya="3" hai0="25,86,100,33,78,66,37,98,73,28,114,32,52" hai1="85,65,21,2,125,120,20,102,82,68,64,134,115" hai2="38,62,36,119,71,27,117,10,41,7,63,77,123" hai3="11,107,112,9,61,24,12,75,84,44,104,91,128"/><W133/><G112/><T96/><D37/><U132/><E115/><V13/><F123/><W49/><G75/><T126/><D126/><U135/><BYE who="0" /><E120/><V0/><F13/><W22/><G133/><T131/><D131/><U94/><E125/><UN n0="%47%68%6F%73%74%55%30" /><V1/><F1/><W67/><G128/><T127/><D66/><U42/><E2/><V43/><F77/><W105/><G84/><T124/><D86/><U83/><E42/><V53/><F27/><W4/><G91/><T8/><D8/><U129/><E129/><V46/><F53/><W54/><G11/><T118/><D52/><U122/><E122/><V39/><F39/><W30/><REACH who="3" step="1"/><G105/><REACH who="3" ten="459,96,302,133" step="2"/><T121/><D114/><U79/><E83/><V57/><F10/><W70/><AGARI ba="0,1" hai="4,9,12,22,24,30,44,49,54,61,67,70,104,107" machi="70" ten="20,18000,2" yaku="1,1,2,1,0,1,7,1,52,1,53,1" doraHai="59" doraHaiUra="48" who="3" fromWho="3" sc="459,-60,96,-60,302,-60,133,190" /><INIT seed="3,1,0,2,2,26" ten="399,36,242,323" oya="3" hai0="1,33,15,52,101,2,111,53,13,8,24,47,131" hai1="105,135,127,55,106,54,16,0,44,25,115,112,27" hai2="60,129,109,50,95,123,81,3,30,39,14,107,43" hai3="35,93,20,71,78,83,90,23,121,62,124,89,9"/><W70/><G121/><T5/><D111/><U132/><E0/><V45/><F107/><W97/><G35/><T73/><D73/><U125/><E44/><V102/><F3/><W110/><G124/><T59/><D131/><U11/><E11/><V38/><F109/><W87/><G110/><T37/><D101/><U99/><E99/><V94/><F129/><W92/><G9/><T32/><D37/><U68/><E68/><V104/><F123/><W84/><G70/><T6/><D8/><U134/><E16/><V98/><F14/><W18/><G71/><T130/><D24/><U76/><E25/><V36/><F60/><W77/><G62/><T119/><D130/><U120/><E27/><V58/><F58/><W66/><G66/><T29/><D59/><U28/><E28/><V41/><F41/><W40/><G40/><T7/><D29/><U79/><E120/><V86/><F30/><W85/><G23/><T67/><D6/><U114/><E125/><V42/><F42/><W65/><G65/><T122/><D67/><U100/><E100/><V116/><F116/><W10/><G10/><T80/><D122/><U88/><E88/><V128/><F128/><W4/><G4/><T91/><D119/><U17/><E17/><V61/><F61/><W113/><G113/><T126/><D126/><U133/><N who="1" m="33792" /><DORA hai="69" /><U108/><E127/><V46/><REACH who="2" step="1"/><F46/><REACH who="2" ten="399,36,232,323" step="2"/><W56/><G56/><T74/><D1/><U96/><E108/><V72/><F72/><W63/><G63/><T31/><D2/><U49/><E114/><V19/><F19/><W51/><G18/><RYUUKYOKU ba="1,1" sc="399,-10,36,-10,232,30,323,-10" hai2="36,38,39,43,45,50,81,86,94,95,98,102,104" owari="399,49.9,26,-47.4,262,-13.8,313,11.3" /></mjloggm>