<mjloggm ver="2.3"><GO type="225" lobby="0"/><UN n0="%E3%81%AF%E3%82%88%E3%81%8A%E3%81%98%E3%81%95%E3%82%93" n1="%E8%81%B7%E6%A5%AD%E3%80%81%E9%A2%A8%32" n2="%E3%81%A9%E3%82%8F%E3%82%93%E3%81%94" n3="%E6%A1%9C%E8%8A%B1%E9%96%83%E3%80%85" dan="16,16,16,18" rate="2151.98,2078.52,2170.71,2218.78" sx="M,M,M,M"/><TAIKYOKU oya="0"/><BYE who="1" /><UN n1="%E8%81%B7%E6%A5%AD%E3%80%81%E9%A2%A8%32" /><INIT seed="0,0,0,0,3,97" ten="250,250,250,250" oya="0" hai0="59,6,43,135,69,119,39,87,81,61,123,62,100" hai1="14,80,122,50,41,118,85,4,129,73,128,94,72" hai2="5,46,28,30,53,108,31,132,49,22,20,110,40" hai3="134,101,84,35,77,55,56,92,127,131,93,70,48"/><T95/><D119/><U88/><E118/><V19/><F132/><W130/><G134/><T74/><D135/><U29/><E122/><V75/><F75/><W32/><G70/><T13/><D123/><U57/><E29/><V68/><F68/><W10/><G127/><T27/><D69/><U117/><E117/><V2/><F2/><W37/><G37/><T1/><D1/><U89/><E4/><V23/><F5/><W104/><G10/><N who="0" m="4311" /><D74/><U86/><E14/><V114/><F114/><W60/><G60/><T82/><D39/><U11/><E11/><V7/><F7/><W34/><G77/><T16/><D43/><U9/><E9/><V113/><F113/><W90/><REACH who="3" step="1"/><G104/><REACH who="3" ten="250,250,250,240" step="2"/><T44/><D62/><U63/><E128/><V91/><F110/><W64/><G64/><T109/><D109/><U54/><E129/><V8/><F108/><W65/><G65/><T112/><D112/><U58/><E41/><V15/><F40/><W107/><G107/><T126/><D126/><U12/><E73/><V71/><F71/><W79/><G79/><T26/><D61/><U76/><E72/><V42/><F42/><W98/><AGARI ba="0,1" hai="32,34,35,48,55,56,84,90,92,93,98,101,130,131" machi="98" ten="40,5200,0" yaku="1,1,0,1,52,1,53,0" doraHai="97" doraHaiUra="21" who="3" fromWho="3" sc="250,-26,250,-13,250,-13,240,62" /><INIT seed="1,0,0,3,2,8" ten="224,237,237,302" oya="1" hai0="64,75,58,38,84,63,106,117,36,102,66,61,20" hai1="6,18,24,125,99,112,110,44,92,34,80,29,21" hai2="9,35,111,119,74,59,19,39,50,60,133,89,10" hai3="53,81,49,13,114,5,91,105,135,70,71,40,96"/><U108/><E112/><V115/><F119/><W54/><G114/><T30/><D75/><U82/><E125/><V43/><F115/><W11/><G135/><T79/><D117/><U46/><E6/><V128/><F35/><W131/><G131/><T3/><D3/><U87/><E46/><V103/><F133/><W107/><G40/><T101/><D106/><U85/><E80/><V90/><F39/><W26/><G26/><N who="0" m="16711" /><D38/><U23/><E44/><N who="2" m="25887" /><F111/><N who="1" m="42537" /><E34/><V16/><F74/><W97/><G105/><T62/><D36/><U134/><E82/><V120/><F103/><N who="0" m="39434" /><D66/><U72/><E72/><V83/><F120/><W93/><G81/><AGARI ba="0,0" hai="58,61,62,63,64,79,81,84" m="39434,16711" machi="81" ten="30,1000,0" yaku="8,1" doraHai="8" who="0" fromWho="3" sc="224,10,237,0,237,0,302,-10" /><INIT seed="2,0,0,1,3,77" ten="234,237,237,292" oya="2" hai0="47,132,113,37,65,97,7,105,38,83,80,35,22" hai1="120,70,46,14,20,26,2,8,0,84,53,63,123" hai2="95,101,111,69,117,45,92,30,74,109,25,100,133" hai3="122,21,115,76,58,36,107,27,72,15,28,79,49"/><V43/><F117/><W82/><G122/><N who="1" m="46634" /><E84/><V59/><F69/><W94/><G107/><T48/><D35/><U66/><E53/><V127/><F74/><W60/><G36/><T41/><D113/><U62/><E63/><V108/><F133/><W98/><G115/><T61/><D132/><U71/><E46/><V50/><F127/><W67/><G79/><T128/><D128/><U4/><E70/><V81/><F59/><W73/><G73/><T119/><D119/><U9/><E9/><V78/><F101/><N who="3" m="60631" /><G15/><T110/><D110/><U86/><E86/><N who="2" m="48439" /><F100/><W57/><G57/><T12/><D38/><U13/><E2/><V32/><AGARI ba="0,0" hai="25,30,32,43,45,50,92,95,108,109,111" m="48439" machi="32" ten="30,6000,0" yaku="14,1,10,1,52,1" doraHai="77" who="2" fromWho="2" sc="234,-20,237,-20,237,60,292,-20" /><INIT seed="2,1,0,5,0,43" ten="214,217,297,272" oya="2" hai0="23,37,54,98,67,53,108,50,30,109,94,127,38" hai1="101,56,3,121,130,92,78,80,0,96,71,60,90" hai2="46,44,99,132,28,97,73,8,22,114,18,10,29" hai3="81,1,55,122,133,106,57,59,87,126,128,134,95"/><V31/><F114/><W85/><G122/><T21/><D127/><U24/><E71/><V58/><F132/><W20/><G106/><T62/><D38/><U115/><E115/><V47/><F73/><W34/><G34/><T63/><D37/><U120/><E130/><V26/><F58/><W116/><G116/><T2/><D2/><U86/><E24/><V113/><F113/><W110/><G110/><N who="0" m="42603" /><D30/><U103/><E103/><V102/><REACH who="2" step="1"/><F99/><REACH who="2" ten="214,217,287,272" step="2"/><W65/><G59/><N who="0" m="37343" /><D63/><U52/><E120/><V74/><F74/><W51/><G133/><T25/><D98/><U83/><REACH who="1" step="1"/><E121/><REACH who="1" ten="214,207,287,272" step="2"/><V41/><F41/><W75/><G134/><T104/><D104/><AGARI ba="1,2" hai="8,10,18,22,26,28,29,31,44,46,47,97,102,104" machi="104" ten="40,12000,1" yaku="1,1,52,3,53,0" doraHai="43" doraHaiUra="70" who="2" fromWho="0" sc="214,-123,207,0,287,143,272,0" /><INIT seed="2,2,0,3,4,19" ten="91,207,430,272" oya="2" hai0="34,5,1,31,46,25,53,63,77,18,40,36,85" hai1="111,81,15,131,50,119,87,69,76,84,83,56,126" hai2="91,101,104,109,10,121,58,57,65,100,26,52,12" hai3="13,27,22,108,9,130,7,90,59,106,2,70,64"/><V112/><F121/><W125/><G108/><T48/><D63/><U124/><E111/><V75/><F112/><W21/><G70/><T66/><D66/><U41/><E69/><V92/><F75/><W88/><G106/><T78/><D18/><U97/><E119/><V42/><F42/><W61/><G125/><N who="1" m="48234" /><E131/><V55/><F65/><W47/><G130/><T73/><D73/><U23/><E97/><V44/><F44/><W74/><G74/><T94/><D5/><U4/><E4/><N who="2" m="3143" /><F104/><W54/><G2/><T37/><D1/><U98/><E98/><N who="2" m="57631" /><F109/><W129/><G129/><T17/><D36/><U105/><E105/><V33/><F33/><W116/><G116/><T118/><D118/><U3/><E3/><V30/><F30/><N who="3" m="17775" /><G22/><T113/><D113/><U39/><E39/><V95/><F26/><W115/><G115/><T20/><D31/><U86/><E41/><V35/><F35/><W122/><G122/><T82/><D34/><U127/><E127/><V93/><F101/><W102/><G102/><T133/><D37/><U0/><E0/><V99/><F95/><W6/><G6/><T45/><D94/><U14/><E83/><V134/><F134/><W120/><G120/><T107/><D133/><U11/><E81/><V71/><F71/><W43/><G43/><T80/><D107/><U38/><E38/><V128/><F128/><W96/><G96/><T79/><D82/><U28/><E28/><V60/><F99/><W135/><G135/><T103/><D103/><U72/><E72/><V117/><F100/><W114/><G114/><T16/><D17/><RYUUKYOKU ba="2,0" sc="91,15,207,-15,430,-15,272,15" hai0="16,20,25,40,45,46,48,53,77,78,79,80,85" hai3="7,9,13,47,54,59,61,64,88,90" /><INIT seed="3,3,0,1,3,109" ten="106,192,415,287" oya="3" hai0="84,67,21,54,47,130,28,35,16,26,24,105,85" hai1="104,38,72,93,60,18,110,100,46,95,22,122,5" hai2="2,89,1,11,29,133,39,126,23,12,69,58,99" hai3="75,44,77,116,79,108,134,13,53,123,3,41,15"/><W0/><G116/><T51/><D105/><U121/><E72/><V37/><F69/><W117/><G117/><T65/><D130/><U48/><E110/><V102/><F89/><W81/><G108/><T43/><D85/><U94/><E38/><V34/><F58/><W76/><G123/><T119/><D119/><U8/><E60/><V107/><F133/><W30/><G30/><T96/><D96/><U17/><E17/><N who="2" m="10663" /><F2/><W42/><G77/><T62/><D84/><U128/><E104/><V63/><F63/><W74/><G44/><T59/><D35/><U19/><E19/><V73/><F73/><W98/><G98/><T66/><REACH who="0" step="1"/><D28/><REACH who="0" ten="96,192,415,287" step="2"/><U113/><E128/><V83/><F83/><W124/><G81/><T115/><D115/><U45/><E113/><V55/><F126/><W111/><G111/><T40/><D40/><U68/><E121/><V70/><F70/><W97/><G97/><T127/><D127/><U91/><E68/><V101/><F101/><W118/><G118/><T80/><D80/><U49/><E100/><V78/><F78/><W6/><G124/><T131/><D131/><U120/><E122/><V114/><F114/><W106/><G106/><T56/><D56/><U57/><E57/><V135/><F107/><W103/><G103/><T36/><D36/><U32/><E32/><V87/><F102/><W61/><G134/><T20/><D20/><U14/><E120/><V132/><F135/><W25/><G75/><T90/><D90/><U52/><E91/><V82/><F132/><W4/><G74/><T9/><D9/><U88/><E8/><RYUUKYOKU ba="3,1" sc="96,30,192,-10,415,-10,287,-10" hai0="16,21,24,26,43,47,51,54,59,62,65,66,67" owari="126,-37.4,182,-21.8,415,51.5,277,7.7" /></mjloggm>