<mjloggm ver="2.3"><GO type="225" lobby="0"/><UN n0="%6D%75%75%6D%75%72%61" n1="%E6%A1%9C%E8%8A%B1%E9%96%83%E3%80%85" n2="%E6%80%AA%E3%81%97%E3%81%99%E3%81%8E%E3%82%8B%E3%83%81%E3%83%BC" n3="%E3%81%8F%E3%82%8A%E3%83%94%E3%83%BC" dan="16,18,17,16" rate="2080.85,2269.12,2152.71,2087.40" sx="F,M,M,M"/><TAIKYOKU oya="0"/><INIT seed="0,0,0,0,5,26" ten="250,250,250,250" oya="0" hai0="44,129,53,111,17,96,45,106,108,28,119,105,57" hai1="125,95,73,87,56,14,114,0,112,80,23,27,48" hai2="101,12,65,66,40,24,41,54,127,29,49,107,43" hai3="135,47,82,32,62,1,63,61,133,58,109,46,131"/><T117/><D129/><U104/><E0/><V22/><F127/><W50/><G1/><T84/><D17/><U31/><E104/><N who="0" m="40041" /><D96/><U94/><E125/><V15/><F107/><W38/><G32/><T37/><D84/><U81/><E73/><V42/><N who="2" m="10240" /><DORA hai="6" /><V67/><REACH who="2" step="1"/><F101/><REACH who="2" ten="250,250,240,250" step="2"/><W60/><G109/><N who="0" m="42059" /><D37/><U128/><E128/><V126/><F126/><W13/><G131/><T74/><D74/><U34/><E112/><V132/><F132/><W68/><G135/><T91/><D91/><U103/><E114/><V79/><F79/><W76/><G76/><T33/><D119/><U83/><E103/><V99/><F99/><W36/><G36/><T88/><D117/><U93/><E87/><V92/><F92/><W9/><G38/><T16/><D88/><U7/><E94/><V10/><F10/><W20/><G9/><T8/><D8/><U97/><E97/><V52/><F52/><W116/><G133/><T70/><D53/><N who="1" m="31783" /><E95/><V69/><F69/><W134/><G68/><T55/><D70/><U89/><E93/><V90/><F90/><W124/><G124/><T122/><D122/><U3/><E89/><V78/><F78/><W98/><G116/><T123/><D123/><U18/><E83/><V121/><F121/><W64/><G98/><T21/><D55/><U102/><E102/><V115/><F115/><W59/><G134/><T72/><D57/><AGARI ba="0,1" hai="12,15,22,24,29,49,54,57,65,66,67" m="10240" machi="57" ten="50,8000,1" yaku="1,1,8,1,52,1,53,1" doraHai="26,6" doraHaiUra="25,118" who="2" fromWho="0" sc="250,-80,250,0,240,90,250,0" /><INIT seed="1,0,0,4,0,0" ten="170,250,330,250" oya="1" hai0="65,50,22,38,132,67,71,44,89,75,121,28,23" hai1="123,82,109,93,130,126,2,97,92,66,8,84,69" hai2="124,129,77,85,127,115,26,46,57,107,128,98,42" hai3="74,106,53,1,80,90,18,35,62,4,48,79,12"/><U51/><E123/><V37/><F115/><W27/><G106/><T40/><D132/><U19/><E126/><N who="2" m="48171" /><F57/><W7/><G1/><T114/><D114/><U60/><E130/><V41/><F41/><W9/><G62/><T81/><D121/><U31/><E31/><V111/><F111/><W21/><G90/><T112/><D112/><U49/><E93/><V13/><F26/><W91/><G91/><T43/><D71/><U5/><E19/><V39/><F13/><W72/><G35/><T47/><D28/><U58/><E69/><V78/><F39/><W32/><G32/><T25/><D25/><U83/><E83/><N who="2" m="47343" /><F78/><W15/><G74/><T133/><D133/><U125/><E109/><V110/><F110/><W135/><G135/><T11/><D75/><U108/><E108/><V118/><F118/><W30/><REACH who="3" step="1"/><G15/><REACH who="3" ten="170,250,330,240" step="2"/><T36/><D89/><U131/><E125/><V64/><F64/><W101/><G101/><AGARI ba="0,1" hai="37,42,46,98,101,107,128,129" m="47343,48171" machi="101" ten="30,1000,0" yaku="18,1" doraHai="0" who="2" fromWho="3" sc="170,0,250,0,330,20,240,-10" /><INIT seed="2,0,0,1,2,17" ten="170,250,350,230" oya="2" hai0="63,49,57,40,22,118,27,90,122,98,26,36,4" hai1="24,45,128,66,61,117,82,131,130,69,95,35,104" hai2="53,46,76,111,120,108,14,6,47,91,114,135,43" hai3="55,65,100,77,44,93,102,101,86,132,25,21,105"/><V72/><F114/><W59/><G132/><T115/><D122/><U84/><E104/><V112/><F112/><W107/><G107/><T19/><D115/><U68/><E117/><V12/><F120/><W97/><G105/><T28/><D118/><U124/><E124/><V121/><F135/><W81/><G44/><N who="2" m="16937" /><F43/><W78/><G78/><T30/><D36/><U88/><E45/><V52/><F91/><W62/><REACH who="3" step="1"/><G55/><REACH who="3" ten="170,250,350,220" step="2"/><T33/><D40/><U113/><E113/><V8/><F121/><W70/><G70/><T103/><D49/><U126/><E126/><V129/><F76/><W106/><G106/><T23/><D103/><U32/><E69/><V2/><F52/><W3/><G3/><T16/><D4/><U127/><E127/><V48/><F53/><W20/><G20/><T109/><D109/><U60/><E60/><V13/><F48/><W34/><G34/><T71/><D71/><U96/><REACH who="1" step="1"/><E24/><REACH who="1" ten="170,240,350,220" step="2"/><V119/><F119/><W75/><G75/><T80/><D33/><U85/><E85/><V92/><F72/><W56/><G56/><T74/><D74/><U54/><E54/><V31/><F111/><W51/><G51/><T15/><D26/><U5/><E5/><V89/><F6/><W134/><G134/><T94/><D80/><U42/><E42/><V123/><F108/><W64/><G64/><AGARI ba="0,2" hai="15,16,19,22,23,27,28,30,57,63,64,90,94,98" machi="64" ten="30,8000,1" yaku="7,1,8,1,52,2,54,1" doraHai="17" who="0" fromWho="3" sc="170,100,240,0,350,0,220,-80" /><INIT seed="3,0,0,2,2,2" ten="270,240,350,140" oya="3" hai0="83,96,15,34,47,27,103,102,111,112,85,69,18" hai1="77,74,68,48,55,82,37,75,3,81,88,45,95" hai2="84,14,9,131,42,65,118,60,49,40,50,110,56" hai3="134,132,29,51,78,115,41,5,98,106,70,31,128"/><W67/><G115/><T90/><D112/><U126/><E126/><V113/><F118/><W120/><G120/><T28/><D69/><U124/><E124/><V6/><F113/><W43/><G78/><T122/><D122/><U33/><E33/><V64/><F110/><W66/><G128/><T127/><D111/><U58/><E68/><V21/><F65/><N who="3" m="24587" /><G70/><T16/><D127/><U53/><E3/><V10/><F131/><W104/><G51/><N who="2" m="19465" /><F10/><W46/><G46/><T80/><D47/><U7/><E7/><V59/><F59/><W107/><G98/><T12/><D83/><U86/><E55/><V24/><F84/><W97/><G97/><T22/><REACH who="0" step="1"/><D96/><REACH who="0" ten="260,240,350,140" step="2"/><U87/><REACH who="1" step="1"/><E82/><REACH who="1" ten="260,230,350,140" step="2"/><V93/><F93/><W62/><G5/><T8/><AGARI ba="0,2" hai="8,12,15,16,18,22,27,28,34,80,85,90,102,103" machi="8" ten="20,12000,2" yaku="1,1,2,1,0,1,7,1,54,1,53,2" doraHai="2" doraHaiUra="13" who="0" fromWho="0" sc="260,140,230,-30,350,-30,140,-60" owari="400,50.0,200,-20.0,320,12.0,80,-42.0" /></mjloggm>