<mjloggm ver="2.3"><GO type="225" lobby="0"/><UN n0="%73%75%7A%75%72%61%6E%65" n1="%6D%75%75%6D%75%72%61" n2="%E6%B4%BE%E9%81%A3%E3%81%AE%E3%82%B8%E3%83%A3%E3%83%83%E3%82%AF" n3="%E6%A0%B9%E5%85%83%E3%81%8B%E3%82%89%E5%90%B9%E3%81%A3%E9%A3%9B%E3%81%B6" dan="16,16,16,17" rate="2078.95,2144.93,2164.87,2232.11" sx="M,F,M,F"/><TAIKYOKU oya="0"/><INIT seed="0,0,0,0,4,45" ten="250,250,250,250" oya="0" hai0="85,54,93,106,16,10,28,66,38,125,23,129,84" hai1="107,119,91,67,33,50,71,4,49,15,9,92,25" hai2="36,97,53,95,69,37,42,100,73,59,48,7,82" hai3="120,99,41,1,72,76,11,32,94,65,13,27,131"/><T19/><D106/><U60/><E119/><V112/><F112/><W115/><G115/><T126/><D38/><U68/><E68/><V24/><F69/><W110/><G110/><T114/><D114/><U75/><E107/><V20/><F7/><W80/><G131/><T34/><D66/><U130/><E75/><V5/><F5/><W29/><G120/><T108/><D129/><U31/><REACH who="1" step="1"/><E130/><REACH who="1" ten="250,240,250,250" step="2"/><V51/><F73/><W96/><G72/><T103/><D108/><U118/><E118/><V77/><F77/><W64/><G76/><T121/><D121/><U61/><E61/><V90/><F100/><W62/><G62/><T132/><D103/><U81/><E81/><V123/><F82/><W83/><G80/><T128/><D128/><U102/><E102/><V135/><F123/><W0/><G83/><T63/><D63/><U21/><E21/><V14/><F135/><W79/><G79/><T46/><D23/><U44/><E44/><V101/><F101/><W30/><G94/><T47/><D93/><U134/><E134/><V105/><F105/><W35/><G35/><T86/><D132/><U117/><E117/><V74/><F74/><W43/><G41/><T127/><D46/><U88/><E88/><V18/><F42/><W17/><G43/><T3/><D47/><U98/><AGARI ba="0,1" hai="4,9,15,25,31,33,49,50,60,67,71,91,92,98" machi="98" ten="20,8000,1" yaku="1,1,0,1,7,1,52,2,53,0" doraHai="45" doraHaiUra="78" who="1" fromWho="1" sc="250,-40,240,90,250,-20,250,-20" /><INIT seed="1,0,0,2,0,2" ten="210,330,230,230" oya="1" hai0="52,98,75,134,65,20,80,117,81,79,76,23,104" hai1="118,91,109,105,54,68,135,84,16,113,86,22,4" hai2="18,74,34,15,63,89,39,61,29,17,119,53,7" hai3="25,82,19,127,115,126,46,72,12,85,49,102,13"/><U71/><E113/><V83/><F39/><W51/><G72/><T43/><D117/><U132/><E118/><V27/><F119/><W116/><G115/><T73/><D65/><U33/><E33/><V92/><F74/><W56/><G102/><T0/><D0/><U14/><E105/><V125/><F83/><W120/><G120/><T97/><D43/><U67/><E54/><V28/><F125/><N who="3" m="47627" /><G56/><T69/><D134/><N who="1" m="51243" /><E109/><V124/><F124/><W38/><G38/><T10/><D10/><N who="1" m="4423" /><E67/><V35/><F53/><N who="3" m="29879" /><G51/><T122/><D52/><U128/><E128/><V112/><F112/><W57/><G57/><T77/><D77/><U8/><E8/><N who="2" m="4511" /><F34/><W106/><G106/><T110/><D104/><U44/><E44/><V99/><F35/><W64/><G64/><T40/><D40/><U70/><E91/><V66/><F66/><W103/><G103/><T90/><D90/><U62/><E62/><N who="2" m="23563" /><F18/><W55/><G55/><T30/><D122/><U6/><E6/><V130/><F130/><W37/><G37/><T36/><D36/><U93/><E93/><V60/><N who="2" m="23571" /><V50/><DORA hai="129" /><F50/><W1/><G19/><T96/><D69/><U32/><E32/><V31/><F17/><W9/><G116/><T59/><D59/><U94/><E94/><V87/><F89/><N who="3" m="51383" /><G1/><T121/><D121/><U42/><E42/><V24/><F92/><W114/><G114/><T133/><D133/><U123/><E123/><V131/><F131/><W3/><G3/><T100/><D100/><U21/><E16/><V11/><F11/><W78/><G9/><T88/><D80/><RYUUKYOKU ba="0,0" sc="210,-10,330,30,230,-10,230,-10" hai1="21,22,68,70,71,84,86" /><INIT seed="1,1,0,4,2,90" ten="200,360,220,220" oya="1" hai0="115,94,0,19,83,93,111,48,108,16,66,114,74" hai1="81,21,35,26,116,13,134,133,32,69,109,75,49" hai2="12,126,58,41,61,64,30,85,65,4,99,122,42" hai3="57,18,113,22,128,7,87,71,50,62,37,89,43"/><U28/><E116/><V79/><F122/><W127/><G113/><N who="0" m="43019" /><D0/><U34/><E69/><V70/><F126/><W80/><G127/><T88/><D66/><U100/><E109/><N who="0" m="42057" /><D48/><U98/><E49/><V104/><F30/><W101/><G128/><T38/><D38/><U117/><E13/><V40/><F104/><W124/><G124/><T123/><D123/><U20/><E20/><V92/><F70/><W54/><G7/><T76/><D93/><U106/><E117/><V82/><F64/><N who="3" m="41367" /><G101/><T2/><D2/><U112/><E112/><V91/><F12/><W135/><G37/><T131/><D131/><U68/><E68/><V31/><F31/><W60/><G50/><T27/><D27/><U6/><E6/><AGARI ba="1,0" hai="4,6,40,41,42,58,61,65,79,82,85,91,92,99" machi="6" ten="40,2600,0" yaku="8,1,52,1" doraHai="90" who="2" fromWho="1" sc="200,0,360,-29,220,29,220,0" /><INIT seed="2,0,0,5,1,100" ten="200,331,249,220" oya="2" hai0="57,70,78,72,64,2,15,129,134,97,18,6,29" hai1="45,9,67,35,52,3,21,95,55,106,96,93,108" hai2="115,54,7,83,41,53,1,32,102,98,118,104,43" hai3="128,110,63,62,122,126,89,65,113,12,90,39,73"/><V68/><F115/><W69/><G122/><T8/><D129/><U10/><E35/><V23/><F32/><W60/><G110/><T120/><D134/><U17/><E3/><V112/><F112/><W135/><G128/><T88/><D70/><U92/><E108/><V42/><F68/><W61/><G135/><T0/><D29/><U133/><E106/><V85/><F23/><W99/><G73/><T121/><D78/><U107/><E107/><V79/><REACH who="2" step="1"/><F118/><REACH who="2" ten="200,331,239,220" step="2"/><W71/><G113/><T33/><D33/><U28/><E133/><V44/><F44/><W19/><G69/><T94/><D121/><U117/><E117/><V116/><F116/><W31/><G71/><T13/><D120/><U14/><E45/><V127/><F127/><W11/><G126/><T123/><D123/><U77/><E21/><V105/><F105/><W76/><G65/><T40/><D72/><U34/><E67/><V22/><F22/><W26/><G31/><T111/><D111/><U51/><E28/><V75/><F75/><W50/><G26/><T131/><D131/><U37/><E34/><V86/><F86/><W101/><G11/><AGARI ba="0,1" hai="1,7,11,41,42,43,53,54,79,83,85,98,102,104" machi="11" ten="40,12000,1" yaku="1,1,52,1,53,3" doraHai="100" doraHaiUra="38" who="2" fromWho="3" sc="200,0,331,0,239,130,220,-120" /><INIT seed="2,1,0,0,1,42" ten="200,331,369,100" oya="2" hai0="128,80,66,102,89,28,52,134,133,58,129,122,87" hai1="79,54,71,75,6,91,39,9,78,105,55,123,97" hai2="96,27,104,85,94,13,83,34,60,88,65,86,53" hai3="21,74,84,120,36,19,98,82,106,92,103,118,77"/><V112/><F112/><W111/><G36/><T56/><D28/><U70/><E123/><V24/><F104/><W131/><G19/><T22/><D102/><U3/><E39/><V44/><F13/><W29/><G21/><T108/><D108/><U90/><E105/><V63/><F34/><W46/><G29/><T81/><D22/><U2/><E97/><V10/><F10/><W116/><G111/><T57/><D66/><U25/><E9/><V20/><F85/><W110/><G110/><T121/><D80/><U101/><E101/><N who="2" m="60567" /><F65/><W49/><G120/><N who="0" m="46187" /><D52/><U48/><E48/><N who="2" m="28807" /><F24/><W31/><G31/><AGARI ba="1,0" hai="20,27,31,60,63,83,86,88" m="28807,60567" machi="31" ten="30,5800,0" yaku="8,1,52,1,54,1" doraHai="42" who="2" fromWho="3" sc="200,0,331,0,369,61,100,-61" /><INIT seed="2,2,0,1,1,86" ten="200,331,430,39" oya="2" hai0="70,36,84,14,17,21,1,50,33,73,107,27,114" hai1="111,110,133,78,12,117,131,42,96,16,6,0,7" hai2="51,25,46,94,63,30,90,98,77,15,106,35,95" hai3="65,13,43,10,93,62,49,45,79,82,60,32,126"/><V76/><F106/><W58/><G126/><T89/><D73/><U69/><E117/><V18/><F63/><W101/><G32/><T100/><D36/><U44/><E0/><V135/><F135/><W20/><G20/><T38/><D38/><N who="1" m="21591" /><E133/><V122/><F122/><W56/><G101/><T112/><D70/><U64/><E78/><V37/><F37/><W47/><G93/><T54/><D1/><U104/><E64/><V68/><F68/><W3/><G3/><T34/><D100/><N who="1" m="62471" /><E69/><V129/><F129/><W55/><G47/><T102/><D102/><U26/><E26/><V28/><F28/><W8/><REACH who="3" step="1"/><G13/><REACH who="3" ten="200,331,430,29" step="2"/><T24/><D34/><U92/><E92/><V123/><F94/><W66/><G66/><T80/><D107/><U97/><E131/><V105/><F105/><W2/><G2/><T115/><D33/><U19/><E12/><V113/><F123/><W103/><G103/><T125/><D125/><U39/><E39/><V9/><F113/><W108/><G108/><T121/><D121/><U130/><E130/><V31/><F31/><W85/><AGARI ba="2,1" hai="8,10,43,45,49,55,56,58,60,62,65,79,82,85" machi="85" ten="20,12000,2" yaku="1,1,0,1,7,1,8,1,53,2" doraHai="86" doraHaiUra="52" who="3" fromWho="3" sc="200,-32,331,-32,430,-62,29,136" /><INIT seed="3,0,0,3,0,92" ten="168,299,368,165" oya="3" hai0="45,31,56,98,113,21,75,43,58,133,95,131,66" hai1="120,30,114,80,86,41,88,74,81,47,84,125,70" hai2="3,104,118,91,50,7,102,27,33,37,71,23,6" hai3="135,17,19,69,29,39,93,55,61,22,101,117,123"/><W68/><G117/><T96/><D75/><U49/><E120/><V34/><F118/><W83/><G39/><T42/><D131/><U78/><E125/><V128/><F37/><W82/><G123/><T134/><D66/><U64/><E114/><V44/><F71/><W63/><G101/><T106/><D106/><U8/><E30/><V112/><F112/><W25/><G93/><T10/><D10/><U12/><E70/><V129/><F91/><W62/><G135/><N who="0" m="51723" /><D98/><U77/><E64/><V9/><F7/><W90/><G69/><T110/><D113/><U107/><E107/><V85/><F85/><N who="3" m="50487" /><G68/><T116/><D116/><U115/><E115/><V54/><F102/><W119/><G119/><T94/><D94/><U13/><E8/><V97/><F97/><W57/><G83/><AGARI ba="0,0" hai="12,13,41,47,49,74,77,78,80,81,83,84,86,88" machi="83" ten="30,2000,0" yaku="7,1,54,1" doraHai="92" who="1" fromWho="3" sc="168,0,299,20,368,0,165,-20" owari="168,-23.2,319,11.9,368,46.8,145,-35.5" /></mjloggm>