<mjloggm ver="2.3"><GO type="225" lobby="0"/><UN n0="%E5%B0%8F%E9%B3%A5%E9%81%8A%E7%B7%B4%E7%84%A1%32%31%E6%AD%B3" n1="%E3%83%81%E3%83%AF%E3%83%AF%E9%9A%8A%E9%95%B7" n2="%E5%BA%97%E9%95%B7%4D" n3="%E6%9D%B1%E9%A2%A8%E3%81%AE%E3%81%8D%E3%82%83%E3%81%B7%E3%81%95%E3%82%93" dan="16,17,16,17" rate="2200.54,2174.32,2102.41,2183.60" sx="F,M,M,M"/><TAIKYOKU oya="0"/><INIT seed="0,0,0,5,4,67" ten="250,250,250,250" oya="0" hai0="90,112,99,130,85,37,116,131,48,103,93,108,101" hai1="2,74,52,133,60,120,94,4,127,97,98,102,78" hai2="57,100,25,49,132,36,69,19,12,59,53,34,9" hai3="126,31,76,13,26,88,87,11,7,65,45,125,29"/><T33/><D37/><U18/><E120/><V89/><F69/><W24/><G76/><T96/><D33/><U61/><E127/><N who="3" m="48650" /><G45/><T79/><D116/><U3/><E133/><V124/><F36/><W73/><G73/><T107/><D48/><U51/><E4/><V72/><F72/><W81/><G65/><T77/><D112/><U44/><E2/><V115/><F115/><W86/><G86/><T91/><D108/><U28/><E3/><V22/><F124/><W95/><G81/><N who="0" m="49455" /><D91/><U68/><E28/><AGARI ba="0,0" hai="7,11,13,24,26,28,29,31,87,88,95" m="48650" machi="28" ten="30,2000,0" yaku="18,1,54,1" doraHai="67" who="3" fromWho="1" sc="250,0,250,-20,250,0,250,20" /><INIT seed="1,0,0,4,1,116" ten="250,230,250,270" oya="1" hai0="67,51,47,117,86,53,35,74,71,94,64,25,98" hai1="133,62,78,135,84,81,99,46,114,60,55,22,102" hai2="50,134,77,126,90,118,115,110,38,5,52,80,40" hai3="73,131,127,37,57,29,24,76,16,44,128,91,69"/><U39/><E114/><V23/><F118/><W122/><G57/><T28/><D74/><U66/><E22/><V129/><F115/><W104/><G91/><T132/><D117/><U3/><E3/><V6/><F110/><W61/><G104/><T36/><D132/><N who="1" m="50763" /><E66/><V97/><F134/><W26/><G127/><T13/><D71/><U96/><E96/><V109/><F109/><W27/><G61/><T85/><D36/><U2/><E2/><V93/><F126/><W45/><G69/><T75/><D75/><U82/><E82/><V1/><F1/><W54/><G29/><T108/><D108/><U70/><E70/><V107/><F129/><W56/><G76/><T79/><D13/><U31/><E31/><V101/><F40/><W34/><G73/><T43/><D43/><N who="1" m="22911" /><E55/><V83/><F38/><W89/><G34/><T10/><D10/><U8/><E8/><V17/><F107/><AGARI ba="0,0" hai="60,62,78,81,84,99,102,107" m="22911,50763" machi="107" ten="30,1500,0" yaku="20,1" doraHai="116" who="1" fromWho="2" sc="250,0,230,15,250,-15,270,0" /><INIT seed="1,1,0,3,3,95" ten="250,245,235,270" oya="1" hai0="61,56,90,51,100,15,10,96,60,126,122,119,68" hai1="103,2,87,38,89,116,92,44,59,64,97,19,48" hai2="17,24,6,102,53,49,0,30,32,76,109,112,63" hai3="52,36,58,121,131,82,118,31,66,8,114,9,77"/><U91/><E116/><V113/><F109/><W55/><G36/><T33/><D122/><U127/><E2/><V42/><F76/><W13/><G121/><T86/><D119/><U133/><E127/><V117/><F117/><W120/><G118/><T98/><D33/><U39/><E133/><V107/><F42/><W65/><G120/><T67/><D126/><U23/><E64/><V134/><F134/><W69/><G55/><N who="0" m="31871" /><D68/><U50/><E59/><V4/><F63/><N who="0" m="24138" /><D100/><U101/><E38/><V128/><F128/><W115/><G131/><T3/><D67/><U130/><E39/><V85/><F85/><W72/><G65/><T46/><D46/><U43/><E48/><V75/><F75/><W135/><G135/><T54/><D54/><U47/><E47/><N who="2" m="27839" /><F0/><W105/><G66/><T18/><D3/><U16/><E130/><V45/><F45/><W12/><G69/><T74/><D74/><U104/><E104/><V79/><F79/><W81/><G105/><T37/><D37/><U80/><E19/><V41/><F17/><W14/><G31/><T99/><D86/><U73/><E73/><V84/><F84/><W123/><G123/><T125/><D125/><U25/><AGARI ba="1,0" hai="16,23,25,43,44,50,80,87,89,91,92,97,101,103" machi="25" ten="20,12000,1" yaku="0,1,7,1,8,1,52,1,54,1" doraHai="95" who="1" fromWho="1" sc="250,-41,245,123,235,-41,270,-41" /><INIT seed="1,2,0,3,3,38" ten="209,368,194,229" oya="1" hai0="18,32,74,101,122,7,84,114,109,83,107,44,75" hai1="68,88,61,94,135,90,134,69,118,36,121,110,108" hai2="48,64,11,15,97,62,106,103,49,57,1,123,82" hai3="67,0,96,45,128,28,5,24,56,6,131,87,59"/><U35/><E118/><V23/><F123/><W125/><G87/><T53/><D122/><U100/><E121/><V105/><F105/><W126/><G96/><T92/><D114/><U9/><E35/><V14/><F1/><W73/><G73/><T124/><D32/><U51/><E36/><V34/><F34/><N who="3" m="20743" /><G45/><T31/><D31/><U117/><E117/><V78/><F23/><W58/><G67/><T22/><D7/><N who="3" m="2569" /><G0/><T12/><D107/><U129/><E100/><V102/><F102/><W4/><N who="3" m="2577" /><W19/><DORA hai="20" /><G19/><T85/><D75/><U130/><E51/><V76/><F76/><W127/><AGARI ba="2,0" hai="56,58,59,125,126,127,128,131" m="2577,20743" machi="127" ten="50,3200,0" yaku="18,1,52,1" doraHai="38,20" who="3" fromWho="3" sc="209,-10,368,-18,194,-10,229,38" /><INIT seed="2,0,0,5,2,94" ten="199,350,184,267" oya="2" hai0="93,100,111,109,134,91,84,113,2,101,18,116,43" hai1="36,26,92,53,121,102,12,99,16,112,47,30,24" hai2="7,63,126,80,28,78,41,68,22,14,110,79,75" hai3="73,108,42,62,25,132,49,106,48,117,77,51,98"/><V27/><F126/><W107/><G117/><T88/><D2/><U127/><E112/><V58/><F58/><W89/><BYE who="2" /><G132/><UN n2="%E5%BA%97%E9%95%B7%4D" /><T72/><D43/><U61/><E127/><V90/><F110/><N who="0" m="41994" /><D113/><U45/><E121/><V31/><F41/><W85/><G108/><T125/><D125/><U64/><E36/><V76/><F31/><W65/><G25/><N who="1" m="9834" /><E30/><V115/><F115/><W66/><G42/><T33/><D33/><U39/><E64/><V59/><F68/><W67/><G62/><T6/><D6/><U124/><E39/><V50/><F50/><W40/><G40/><T74/><D18/><U105/><E105/><V131/><F131/><W57/><G57/><T17/><D17/><U19/><E19/><V20/><F20/><W95/><REACH who="3" step="1"/><G73/><REACH who="3" ten="199,350,184,257" step="2"/><N who="0" m="28267" /><D134/><U23/><E124/><V11/><REACH who="2" step="1"/><F90/><REACH who="2" ten="199,350,174,257" step="2"/><W10/><G10/><T119/><D91/><U96/><E47/><V44/><F44/><W129/><G129/><T34/><D34/><U54/><E45/><V83/><F83/><AGARI ba="0,2" hai="48,49,51,65,66,67,77,83,85,89,95,98,106,107" machi="83" ten="40,2600,0" yaku="1,1,52,1,53,0" doraHai="94" doraHaiUra="32" who="3" fromWho="2" sc="199,0,350,0,174,-26,257,46" /><INIT seed="3,0,0,2,1,58" ten="199,350,148,303" oya="3" hai0="98,87,33,80,28,131,86,48,82,57,32,106,40" hai1="55,105,119,60,127,43,74,114,81,46,78,123,26" hai2="75,95,102,2,29,76,115,113,135,39,8,118,21" hai3="62,110,70,63,112,59,84,109,117,97,37,96,41"/><W129/><G117/><T93/><D131/><U64/><E123/><V27/><F39/><W52/><G129/><T128/><D128/><U125/><E114/><V77/><F118/><W72/><G84/><T88/><D106/><U17/><E119/><V24/><F135/><W103/><G72/><T67/><D28/><U69/><E105/><V134/><F134/><W104/><G97/><T53/><D40/><U50/><E26/><V85/><F75/><W19/><G19/><T116/><D116/><U56/><REACH who="1" step="1"/><E17/><REACH who="1" ten="199,340,148,303" step="2"/><V9/><F27/><W20/><G112/><T16/><D16/><U31/><E31/><V49/><F115/><W61/><G20/><T65/><D32/><U68/><E68/><V47/><F113/><W130/><G130/><T6/><D33/><U83/><E83/><V126/><F126/><W124/><G124/><T25/><D25/><U4/><E4/><V71/><F71/><W22/><G22/><T36/><D6/><U51/><AGARI ba="0,1" hai="43,46,50,51,55,56,60,64,69,74,78,81,125,127" machi="51" ten="30,4000,0" yaku="1,1,0,1,52,1,53,0" doraHai="58" doraHaiUra="23" who="1" fromWho="1" sc="199,-10,340,50,148,-10,303,-20" owari="189,-21.1,390,49.0,138,-36.2,283,8.3" /></mjloggm>