<mjloggm ver="2.3"><GO type="225" lobby="0"/><UN n0="%67%61%79%75%6E%79" n1="%E6%97%A5%E6%9B%9C%E6%97%A5%E3%82%88%E3%82%8A%E3%81%AE%E4%BD%BF%E8%80%85" n2="%E5%84%AA%40%41%42%43" n3="%E9%89%A2%E5%B7%BB%E3%82%AC%E3%83%96" dan="16,18,17,16" rate="2163.32,2190.11,2235.89,2124.77" sx="M,M,M,M"/><TAIKYOKU oya="0"/><INIT seed="0,0,0,0,2,84" ten="250,250,250,250" oya="0" hai0="52,122,82,2,105,120,93,8,21,114,134,49,103" hai1="48,51,53,107,62,39,30,108,32,44,55,83,46" hai2="89,95,25,131,41,124,118,16,100,33,22,80,40" hai3="6,11,99,36,4,14,78,37,64,58,110,127,116"/><T27/><D114/><U74/><E107/><V92/><F131/><W13/><G116/><T117/><D117/><U102/><E102/><V28/><F118/><W106/><G110/><T69/><D69/><U47/><E30/><V72/><F124/><W112/><G112/><T31/><D134/><U86/><E32/><V10/><F72/><W121/><G78/><T15/><D2/><U3/><E3/><V85/><F33/><W133/><G133/><T125/><D125/><U109/><E74/><V45/><F100/><W1/><G1/><T126/><D105/><U38/><E62/><V35/><F10/><W9/><G127/><T60/><D60/><U75/><E75/><V70/><F70/><W76/><G76/><T135/><D135/><U0/><E0/><V50/><REACH who="2" step="1"/><F41/><REACH who="2" ten="250,250,240,250" step="2"/><W66/><G121/><T12/><D126/><U20/><E20/><V98/><F98/><W26/><G99/><N who="0" m="59887" /><D8/><U94/><E109/><V79/><F79/><W23/><G11/><T130/><D130/><U81/><E108/><V129/><F129/><W132/><G9/><T43/><D122/><U128/><E128/><V119/><F119/><W97/><G97/><T7/><D43/><U87/><E46/><V63/><F63/><W61/><G132/><T104/><D120/><U42/><E42/><V29/><F29/><W65/><G61/><T73/><D104/><U59/><E47/><V101/><F101/><W24/><G106/><T88/><D73/><U77/><E94/><V57/><F57/><W111/><G65/><T68/><D68/><U5/><E5/><V123/><F123/><RYUUKYOKU ba="0,1" sc="250,-15,250,15,240,15,250,-15" hai1="38,39,44,48,51,53,55,59,77,81,83,86,87" hai2="16,22,25,28,35,40,45,50,80,85,89,92,95" /><INIT seed="1,1,1,4,5,130" ten="235,265,255,235" oya="1" hai0="21,86,108,16,0,20,46,73,53,32,76,72,124" hai1="17,102,123,134,67,88,78,99,68,25,116,135,44" hai2="119,79,5,110,10,92,7,96,115,104,62,24,105" hai3="122,40,11,103,121,12,15,129,117,111,49,34,42"/><U101/><E116/><V85/><F119/><W30/><G117/><T33/><D0/><U60/><E123/><V8/><F110/><W133/><G129/><T70/><D70/><U56/><E78/><V54/><F115/><W23/><G111/><T9/><D108/><U74/><E74/><V31/><F79/><W6/><G103/><T57/><D124/><U3/><E3/><V63/><F85/><W94/><G94/><T38/><D33/><U127/><E44/><V48/><F104/><W98/><G98/><T132/><D32/><U126/><E68/><V13/><F105/><W45/><G42/><T61/><D9/><U29/><E17/><V112/><F112/><W97/><G97/><T2/><D21/><N who="1" m="15535" /><E88/><N who="2" m="55303" /><F24/><N who="3" m="18759" /><G49/><T93/><D2/><U91/><E91/><V58/><F31/><W43/><G45/><T77/><D73/><U120/><E120/><V59/><F59/><W89/><G89/><N who="0" m="53431" /><D72/><U69/><E69/><V100/><F100/><N who="1" m="38505" /><E99/><V83/><F83/><W66/><G43/><N who="0" m="22903" /><D77/><U107/><E107/><V84/><F84/><W50/><G40/><T52/><D76/><U95/><E95/><V106/><F106/><W64/><G121/><T55/><D57/><U87/><E87/><V109/><F109/><W125/><G122/><T75/><D75/><U39/><E39/><V22/><F22/><W4/><G23/><T27/><D61/><N who="2" m="23050" /><F10/><N who="3" m="4167" /><G50/><T18/><D18/><AGARI ba="1,1" hai="5,7,8,13,18,48,54,58" m="23050,55303" machi="18" ten="30,2000,0" yaku="8,1,54,1" doraHai="130" who="2" fromWho="0" sc="235,-23,265,0,255,33,235,0" /><INIT seed="2,0,0,2,1,104" ten="212,265,288,235" oya="2" hai0="75,37,25,61,114,31,120,82,127,92,129,124,19" hai1="84,102,106,2,21,14,64,74,119,88,116,101,58" hai2="96,16,71,73,33,45,123,128,110,125,133,10,62" hai3="9,27,81,79,115,91,121,42,118,34,4,28,41"/><V94/><F33/><W18/><G118/><T98/><D120/><U63/><E2/><V111/><F123/><W0/><G121/><T60/><D114/><U67/><E74/><V17/><F133/><W76/><G115/><T90/><D37/><U83/><E67/><N who="2" m="41463" /><F128/><W103/><G103/><T55/><D129/><U69/><E69/><V3/><F125/><N who="0" m="48202" /><D19/><U35/><E35/><V130/><F130/><W11/><G91/><T68/><D68/><U20/><E106/><V134/><F73/><W70/><G70/><T30/><D55/><U7/><E119/><V50/><F10/><W109/><G76/><N who="0" m="44319" /><D31/><U72/><E72/><V46/><F3/><W112/><G11/><T6/><D6/><U39/><E39/><V108/><F134/><W40/><G18/><N who="2" m="7273" /><F50/><W93/><G112/><T126/><N who="0" m="48210" /><T1/><DORA hai="77" /><D1/><U131/><E131/><V86/><F86/><W53/><G0/><T113/><D113/><U85/><E116/><V80/><F80/><W107/><G81/><T87/><D87/><U95/><E7/><V132/><F132/><W32/><G4/><T57/><D57/><U100/><E14/><V13/><F13/><W8/><G8/><T12/><D12/><U26/><E26/><V122/><F122/><W78/><G9/><T89/><D89/><AGARI ba="0,0" hai="20,21,58,63,64,83,84,85,88,89,95,100,101,102" machi="89" ten="40,5200,0" yaku="8,1,52,1,54,1" doraHai="104,77" who="1" fromWho="0" sc="212,-52,265,52,288,0,235,0" /><AGARI ba="0,0" hai="45,46,89,94,96,108,110,111" m="7273,41463" machi="89" ten="30,5800,0" yaku="14,1,10,1,54,1" doraHai="104,77" who="2" fromWho="0" sc="160,-58,317,0,288,58,235,0" /><INIT seed="2,1,0,3,3,80" ten="102,317,346,235" oya="2" hai0="62,117,123,104,57,67,14,17,25,66,88,131,91" hai1="121,8,135,106,5,27,60,26,92,15,114,110,93" hai2="116,129,115,6,36,63,30,128,38,79,75,133,65" hai3="29,58,55,124,7,45,96,46,56,68,53,84,34"/><V42/><F115/><W73/><G73/><T132/><D123/><U77/><E114/><V97/><F30/><W31/><G68/><T49/><D104/><U41/><E106/><V76/><F6/><W35/><G7/><T99/><D132/><U12/><E121/><V47/><F116/><W70/><G70/><T112/><D112/><U39/><E135/><V127/><F133/><W48/><G124/><T22/><D131/><N who="2" m="50250" /><F127/><W21/><G96/><T4/><D117/><U61/><E110/><V9/><F9/><W87/><G48/><T122/><D122/><U94/><E77/><N who="2" m="29771" /><F97/><W111/><G21/><T0/><D0/><U18/><E39/><N who="2" m="21983" /><F75/><W90/><REACH who="3" step="1"/><G90/><REACH who="3" ten="102,317,346,225" step="2"/><T69/><D99/><U109/><E109/><AGARI ba="1,1" hai="29,31,34,35,45,46,53,55,56,58,84,87,109,111" machi="109" ten="25,12000,2" yaku="1,1,2,1,22,2,52,2,53,0" doraHai="80" doraHaiUra="19" who="3" fromWho="1" sc="102,0,317,-123,346,0,225,133" /><INIT seed="3,0,0,0,3,42" ten="102,194,346,358" oya="3" hai0="125,119,86,85,88,92,63,36,32,10,35,2,118" hai1="64,40,22,122,27,90,3,59,18,50,107,114,120" hai2="34,79,106,108,82,124,69,33,7,31,56,71,51" hai3="81,11,30,28,62,77,97,55,44,84,116,38,113"/><W135/><G113/><T89/><D125/><U112/><E107/><V16/><F106/><W130/><G116/><T78/><D78/><U76/><E3/><V13/><F124/><W115/><G130/><T83/><D36/><U93/><E76/><V94/><F71/><W19/><G135/><T41/><D41/><U24/><E114/><V102/><F69/><W60/><G115/><T1/><D63/><N who="3" m="24105" /><G38/><T8/><REACH who="0" step="1"/><D92/><REACH who="0" ten="92,194,346,358" step="2"/><U0/><E112/><V95/><F51/><N who="3" m="29159" /><G97/><T39/><D39/><U70/><E93/><V101/><F95/><W66/><G66/><T134/><D134/><U98/><E64/><V127/><F94/><W99/><G99/><T20/><D20/><U104/><E22/><V72/><F127/><W6/><G6/><T91/><D91/><U121/><E90/><V74/><F7/><W132/><G132/><T25/><D25/><U111/><E27/><V123/><F34/><W26/><G26/><T47/><D47/><U87/><E24/><V54/><F33/><W96/><G96/><T9/><D9/><U21/><E98/><V45/><F45/><W14/><AGARI ba="0,1" hai="11,14,19,28,30,77,81,84" m="29159,24105" machi="14" ten="30,3000,0" yaku="8,1,52,1" doraHai="42" who="3" fromWho="3" sc="92,-10,194,-10,346,-10,358,40" owari="82,-41.8,184,-21.6,336,13.6,398,49.8" /></mjloggm>