<mjloggm ver="2.3"><GO type="225" lobby="0"/><UN n0="%73%61%6E%64%69%72%69%73" n1="%E3%81%9F%E3%81%93%E2%98%86%E7%84%BC%E3%81%8D" n2="%E3%82%82%E3%81%90%E3%82%89" n3="%70%68%65%6E%6F%6D%65" dan="16,16,17,17" rate="2110.36,2116.33,2222.74,2208.11" sx="M,M,M,M"/><TAIKYOKU oya="0"/><INIT seed="0,0,0,5,1,17" ten="250,250,250,250" oya="0" hai0="3,84,108,31,117,49,124,80,27,58,70,132,47" hai1="71,24,4,125,74,64,69,79,126,116,35,6,15" hai2="89,43,106,120,77,36,133,10,12,110,129,101,83" hai3="37,52,44,96,48,76,93,112,22,57,26,75,94"/><T130/><D70/><U2/><E116/><V128/><F120/><W21/><G112/><T98/><D3/><U30/><E79/><V114/><F114/><W111/><G111/><T119/><D124/><N who="1" m="47723" /><E74/><V73/><F110/><W32/><G32/><T29/><D108/><U66/><E2/><V67/><F133/><W97/><G75/><T95/><D132/><U7/><E15/><V54/><F67/><AGARI ba="0,0" hai="4,6,7,24,30,35,64,66,67,69,71" m="47723" machi="67" ten="30,1000,0" yaku="18,1" doraHai="17" who="1" fromWho="2" sc="250,0,250,10,250,-10,250,0" /><INIT seed="1,0,0,1,0,59" ten="250,260,240,250" oya="1" hai0="5,63,31,19,1,9,6,57,35,123,97,27,134" hai1="64,79,119,14,25,39,90,74,13,48,118,46,55" hai2="80,127,26,104,94,12,41,44,23,106,60,101,58" hai3="135,15,16,121,22,120,67,28,47,18,40,30,73"/><U4/><E39/><V7/><F127/><W34/><G135/><T84/><D6/><U51/><E90/><V75/><F75/><W107/><G107/><T130/><D130/><U54/><E25/><V72/><F72/><W117/><G117/><T88/><D134/><U24/><E24/><V100/><F80/><W81/><G67/><T8/><D123/><U85/><E74/><V91/><F12/><W69/><G69/><T52/><D97/><U125/><E119/><V11/><F106/><W50/><G18/><T95/><D9/><U76/><E125/><V38/><F104/><W37/><G37/><T70/><D19/><U116/><E64/><V92/><F11/><W33/><G30/><T87/><D70/><U128/><E85/><V49/><F92/><W78/><REACH who="3" step="1"/><G28/><REACH who="3" ten="250,260,240,240" step="2"/><T132/><D132/><U105/><E105/><V131/><F38/><W129/><G129/><T65/><D65/><U36/><E128/><V43/><F131/><W98/><G98/><T110/><D110/><U124/><E36/><V113/><F7/><W102/><G102/><T21/><REACH who="0" step="1"/><D87/><REACH who="0" ten="240,260,240,240" step="2"/><U82/><E124/><V89/><F101/><W108/><G108/><T93/><D93/><U2/><E118/><V126/><F126/><W115/><G115/><T83/><D83/><U66/><E82/><V56/><F94/><W133/><G133/><T20/><AGARI ba="0,2" hai="1,5,8,20,21,27,31,35,52,57,63,84,88,95" machi="20" ten="30,12000,2" yaku="1,1,0,1,52,1,54,2,53,1" doraHai="59" doraHaiUra="32" who="0" fromWho="0" sc="240,140,260,-60,240,-30,240,-30" /><INIT seed="2,0,0,4,2,21" ten="380,200,210,210" oya="2" hai0="20,91,48,79,61,85,126,25,47,94,127,49,40" hai1="60,34,32,119,117,23,98,113,16,81,105,17,84" hai2="120,56,53,55,36,63,10,7,52,12,130,31,6" hai3="111,92,114,123,75,104,54,44,116,96,3,101,103"/><V133/><F120/><W35/><G123/><T62/><D79/><U13/><E113/><V69/><F130/><W28/><G116/><T72/><D72/><U41/><E41/><V76/><F133/><W74/><G3/><T51/><D62/><U70/><E117/><V135/><F135/><W110/><G114/><T118/><D61/><U50/><E50/><V107/><F36/><W88/><G54/><T100/><D100/><N who="3" m="38473" /><G44/><T29/><REACH who="0" step="1"/><D118/><REACH who="0" ten="370,200,210,210" step="2"/><U102/><E119/><V125/><F69/><W14/><G104/><T33/><D33/><U1/><E60/><V106/><F107/><W122/><G122/><T95/><D95/><U18/><E70/><V0/><F106/><W11/><G35/><T83/><D83/><U78/><E32/><V59/><F76/><W121/><G121/><T37/><AGARI ba="0,1" hai="20,25,29,37,40,47,48,49,51,85,91,94,126,127" machi="37" ten="30,8000,1" yaku="1,1,0,1,52,1,53,2" doraHai="21" doraHaiUra="134" who="0" fromWho="0" sc="370,90,200,-20,210,-40,210,-20" /><INIT seed="3,0,0,2,1,61" ten="460,180,170,190" oya="3" hai0="78,129,102,85,17,107,127,19,135,24,119,49,82" hai1="131,83,35,117,70,103,134,23,123,30,45,26,73" hai2="80,115,132,52,47,28,59,6,7,1,64,50,44" hai3="68,76,121,67,108,116,15,16,125,122,20,0,53"/><W10/><G116/><T13/><D107/><U32/><E70/><V118/><F115/><W60/><G125/><T21/><D119/><U104/><E123/><V72/><F118/><W96/><G76/><T38/><D38/><U42/><E131/><V8/><F132/><W29/><G108/><T2/><D2/><U63/><E63/><V25/><F7/><W69/><G69/><T112/><D135/><U34/><E117/><V130/><F130/><W27/><G53/><T18/><D127/><U48/><E134/><V55/><F64/><W105/><REACH who="3" step="1"/><G0/><REACH who="3" ten="460,180,170,180" step="2"/><T12/><D129/><U81/><E73/><V51/><F72/><W75/><G75/><T33/><D112/><U88/><E88/><V56/><F80/><W89/><G89/><T31/><D102/><AGARI ba="0,1" hai="10,15,16,20,27,29,60,67,68,96,102,105,121,122" machi="102" ten="40,12000,1" yaku="1,1,52,1,54,1,53,1" doraHai="61" doraHaiUra="97" who="3" fromWho="0" sc="460,-120,180,0,170,0,180,130" /><INIT seed="3,1,0,2,1,19" ten="340,180,170,310" oya="3" hai0="5,106,127,56,27,107,22,44,94,26,70,21,6" hai1="95,108,88,13,84,39,83,35,45,120,29,53,129" hai2="131,123,133,86,3,10,93,111,77,98,119,25,7" hai3="100,51,14,50,4,48,18,96,89,80,87,109,9"/><W103/><G109/><T2/><D70/><U124/><E120/><V61/><F119/><W32/><G32/><T132/><D132/><U52/><E108/><V47/><F111/><W116/><G116/><T59/><D2/><U40/><E129/><V126/><F133/><W113/><G113/><T41/><D127/><U33/><E124/><V135/><F135/><W11/><REACH who="3" step="1"/><G96/><REACH who="3" ten="340,180,170,300" step="2"/><T69/><D69/><U90/><E33/><V102/><F126/><W67/><G67/><T72/><D72/><U130/><E130/><V101/><F131/><W54/><G54/><T79/><D79/><U16/><E35/><V15/><F123/><W43/><G43/><T49/><D106/><U63/><E63/><V0/><F61/><W57/><G57/><N who="0" m="22091" /><D107/><U105/><E105/><V104/><F47/><W68/><G68/><T118/><D118/><U20/><E29/><V65/><F65/><W74/><G74/><T78/><D78/><U125/><E125/><V81/><F104/><W30/><G30/><N who="0" m="17743" /><D94/><U110/><E110/><V28/><F102/><W112/><G112/><T71/><D71/><U117/><E117/><V62/><F62/><W99/><G99/><AGARI ba="1,1" hai="13,16,20,39,40,45,52,53,83,84,88,90,95,99" machi="99" ten="30,8000,1" yaku="7,1,52,1,54,3" doraHai="19" who="1" fromWho="3" sc="340,0,180,93,170,0,300,-83" owari="340,44.0,273,7.3,170,-33.0,217,-18.3" /></mjloggm>