<mjloggm ver="2.3"><GO type="225" lobby="0"/><UN n0="%30%2E%31%32%30" n1="%5C%28%E2%89%A7%E2%96%BD%E2%89%A6%29%2F" n2="%E5%A4%8F%E9%88%B4%E9%88%B4%E5%A4%8F" n3="%E3%81%A0%E3%81%8A" dan="16,16,16,16" rate="2067.55,2044.75,2131.59,2021.43" sx="M,M,M,M"/><TAIKYOKU oya="0"/><INIT seed="0,0,0,3,4,93" ten="250,250,250,250" oya="0" hai0="111,102,103,110,87,4,48,60,99,46,104,42,90" hai1="71,98,72,117,47,135,6,30,114,119,5,61,17" hai2="21,120,85,34,41,91,100,126,89,79,7,16,38" hai3="92,18,78,29,45,115,109,49,88,69,26,57,37"/><T13/><D103/><U96/><E72/><V63/><F34/><W70/><G115/><T67/><D4/><U123/><E123/><V124/><F120/><W58/><G37/><T62/><D13/><U95/><E30/><V22/><F7/><W106/><G109/><N who="0" m="41483" /><D67/><U112/><E47/><V76/><F100/><W14/><G106/><T20/><D20/><U55/><E95/><AGARI ba="0,0" hai="42,46,48,60,62,87,90,95,99,102,104" m="41483" machi="95" ten="30,5800,0" yaku="14,1,10,1,52,1" doraHai="93" who="0" fromWho="1" sc="250,58,250,-58,250,0,250,0" /><INIT seed="0,1,0,3,1,47" ten="308,192,250,250" oya="0" hai0="60,16,37,119,1,10,118,65,11,126,122,54,104" hai1="102,127,105,90,116,52,82,77,124,61,95,41,115" hai2="55,75,59,17,134,103,113,117,0,125,4,39,67" hai3="19,74,94,99,88,98,38,32,100,9,2,25,49"/><T110/><D122/><U135/><E116/><V128/><F75/><W48/><G38/><T34/><D34/><U51/><E41/><V129/><F103/><W35/><G74/><T70/><D104/><U92/><E105/><V91/><F67/><W87/><G98/><T71/><D71/><U14/><E102/><V97/><F39/><W83/><G25/><T31/><D31/><U107/><E107/><V50/><F113/><W42/><G42/><T96/><D96/><U69/><E115/><V131/><F125/><N who="1" m="48201" /><E135/><V62/><F134/><W112/><G112/><T53/><D126/><U5/><E90/><V89/><F117/><W63/><G63/><T109/><D37/><U121/><E121/><V3/><F91/><W56/><G56/><T64/><D60/><U46/><E5/><V13/><F4/><W57/><G2/><T29/><D29/><U120/><E120/><V133/><F133/><W44/><G44/><T43/><D43/><U114/><E14/><V132/><F132/><W26/><G9/><T68/><REACH who="0" step="1"/><D1/><REACH who="0" ten="298,192,250,250" step="2"/><U7/><E114/><V24/><F62/><W6/><G32/><T81/><D81/><U66/><E7/><V72/><F0/><W85/><G35/><T12/><D12/><U86/><AGARI ba="1,1" hai="46,51,52,61,66,69,77,82,86,92,95" m="48201" machi="86" ten="30,4000,0" yaku="18,1,52,1,54,1" doraHai="47" who="1" fromWho="1" sc="298,-21,192,53,250,-11,250,-11" /><INIT seed="1,0,0,4,2,109" ten="277,245,239,239" oya="1" hai0="33,111,55,110,47,92,79,116,0,121,86,54,51" hai1="124,48,31,84,75,6,117,58,85,23,96,99,72" hai2="11,112,26,76,69,103,57,135,83,62,29,101,133" hai3="9,126,39,125,5,27,113,42,74,30,104,118,45"/><U70/><E70/><V43/><F69/><W132/><G74/><T67/><D116/><U28/><E6/><V105/><F11/><W106/><G118/><T128/><D121/><U25/><E117/><V77/><F43/><W94/><G94/><T130/><D0/><U122/><E122/><V60/><F77/><W44/><G44/><T49/><D33/><U8/><E8/><V41/><F41/><W16/><G132/><N who="2" m="50761" /><F112/><W13/><G5/><T53/><D67/><U82/><E75/><N who="2" m="43423" /><F105/><W131/><G131/><N who="0" m="50219" /><D79/><U134/><E72/><V95/><F95/><W123/><G123/><T120/><D120/><U88/><E134/><V87/><F87/><W114/><G106/><T46/><D86/><U81/><E31/><V15/><F15/><W21/><REACH who="3" step="1"/><G104/><REACH who="3" ten="277,245,239,229" step="2"/><T40/><D92/><U100/><E100/><N who="2" m="38475" /><F57/><W115/><AGARI ba="0,1" hai="9,13,16,21,27,30,39,42,45,113,114,115,125,126" machi="115" ten="40,12000,2" yaku="1,1,0,1,52,3,54,1,53,0" doraHai="109" doraHaiUra="3" who="3" fromWho="3" sc="277,-30,245,-60,239,-30,229,130" /><INIT seed="2,0,0,3,1,35" ten="247,185,209,359" oya="2" hai0="81,126,5,101,131,56,85,66,6,89,52,41,100" hai1="53,61,125,19,1,129,124,86,105,27,26,112,47" hai2="79,130,55,48,3,54,23,83,42,67,76,31,29" hai3="108,62,57,121,104,90,59,37,16,60,43,119,128"/><V135/><F135/><W12/><G119/><T127/><D131/><U123/><E112/><V0/><F67/><W94/><G104/><T40/><D66/><U30/><E105/><V28/><F130/><W45/><G108/><T49/><D101/><U133/><E129/><V24/><F42/><N who="0" m="16490" /><D100/><U69/><E133/><V38/><F38/><W82/><G82/><T18/><D18/><U14/><E123/><V113/><F113/><W65/><G121/><T68/><D68/><U93/><E69/><V109/><F109/><W118/><G118/><T10/><D10/><U34/><E27/><V99/><F55/><W70/><G62/><T132/><D132/><U98/><E86/><V116/><F99/><W110/><G110/><T88/><D89/><N who="1" m="55599" /><E47/><V74/><F79/><W75/><G75/><T32/><D32/><U58/><E14/><V103/><F103/><W84/><G128/><T39/><D39/><U4/><E19/><V22/><F116/><W50/><G37/><T117/><D117/><U111/><E111/><V25/><F31/><W15/><G15/><T71/><D71/><U44/><E44/><AGARI ba="0,0" hai="0,3,22,23,24,25,28,29,44,48,54,74,76,83" machi="44" ten="30,11600,0" yaku="7,1,9,1,52,2" doraHai="35" who="2" fromWho="1" sc="247,0,185,-116,209,116,359,0" /><INIT seed="2,1,0,3,2,67" ten="247,69,325,359" oya="2" hai0="125,20,17,83,71,72,108,42,70,85,77,104,93" hai1="48,92,37,94,45,66,82,4,126,33,88,73,61" hai2="51,123,75,15,23,24,53,62,49,43,8,18,63" hai3="97,113,41,109,12,28,69,127,0,38,16,7,1"/><V98/><F75/><W36/><G109/><T39/><D125/><U10/><E33/><V47/><F98/><W30/><G127/><T13/><D108/><U27/><E126/><V2/><F2/><W40/><G12/><T54/><D104/><U133/><E37/><V132/><F132/><W134/><G97/><T114/><D114/><U115/><E133/><V6/><REACH who="2" step="1"/><F123/><REACH who="2" ten="247,69,315,359" step="2"/><W32/><G134/><T34/><D34/><U91/><E115/><V87/><F87/><W118/><G113/><T122/><D122/><U46/><E73/><V26/><F26/><W68/><G0/><T96/><D72/><U52/><E27/><V74/><F74/><W25/><G1/><T58/><D39/><U130/><E130/><V64/><F64/><W56/><G25/><T106/><D106/><U99/><E82/><V103/><F103/><W79/><G38/><T90/><REACH who="0" step="1"/><D42/><REACH who="0" ten="237,69,315,359" step="2"/><U80/><E80/><V119/><F119/><W55/><G36/><T101/><D101/><U9/><E92/><V84/><F84/><W105/><G40/><T111/><D111/><U124/><E124/><V128/><F128/><W59/><G41/><T129/><D129/><U14/><E94/><V86/><F86/><W112/><G105/><T107/><D107/><U110/><E110/><V21/><F21/><W76/><G32/><T102/><D102/><U60/><E99/><V44/><AGARI ba="1,2" hai="6,8,15,18,23,24,43,44,47,49,51,53,62,63" machi="44" ten="20,12000,1" yaku="1,1,0,1,7,1,8,1,53,1" doraHai="67" doraHaiUra="50" who="2" fromWho="2" sc="237,-41,69,-41,315,143,359,-41" /><INIT seed="2,2,0,0,5,11" ten="196,28,458,318" oya="2" hai0="42,12,71,106,41,22,57,94,84,47,46,122,134" hai1="62,1,26,18,50,93,40,81,92,96,33,34,4" hai2="7,85,131,20,102,35,103,15,67,119,23,64,123" hai3="63,127,116,88,38,5,58,21,69,24,101,87,72"/><V39/><F35/><W118/><G127/><T61/><D106/><U48/><E1/><V114/><F39/><W99/><G72/><T113/><D113/><U53/><E4/><V130/><F119/><W10/><G69/><T135/><D122/><U25/><E34/><V77/><F114/><W73/><G73/><T124/><D124/><U86/><E33/><V76/><F7/><W6/><G38/><T126/><D71/><U133/><E133/><N who="0" m="50697" /><D126/><U83/><E40/><N who="0" m="15465" /><D94/><U13/><E62/><V100/><F85/><W75/><G75/><T104/><D84/><U80/><E86/><V2/><F2/><W30/><G116/><T108/><D104/><U121/><E121/><V129/><F123/><W19/><G118/><T44/><D22/><N who="2" m="8234" /><F15/><W27/><G24/><T60/><D12/><U82/><N who="1" m="20480" /><DORA hai="8" /><U70/><E70/><V115/><F115/><W68/><G68/><T105/><D105/><U91/><E93/><V97/><F97/><W109/><G99/><T54/><D108/><U117/><E117/><V45/><F45/><N who="0" m="11522" /><T9/><DORA hai="43" /><D9/><N who="1" m="6447" /><E53/><V37/><F37/><W3/><G109/><T107/><D107/><U111/><E111/><V32/><F32/><W16/><G27/><AGARI ba="2,0" hai="25,26,27,48,50,91,92,96" m="6447,20480" machi="27" ten="40,5200,0" yaku="8,1,52,2" doraHai="11,8,43" who="1" fromWho="3" sc="196,0,28,58,458,0,318,-58" /><INIT seed="3,0,0,4,0,125" ten="196,86,458,260" oya="3" hai0="110,45,73,30,109,93,39,132,69,105,129,36,123" hai1="72,4,38,103,37,58,25,104,114,29,118,106,83" hai2="78,119,66,8,65,19,0,31,128,124,1,115,24" hai3="85,18,27,16,97,102,52,14,68,17,12,51,32"/><W9/><G68/><T96/><D93/><U34/><E114/><V57/><F0/><W126/><G126/><T43/><D96/><U133/><E118/><V89/><F78/><W10/><G85/><T5/><D30/><U63/><E133/><V101/><F101/><W15/><G27/><T67/><D5/><U91/><E91/><V92/><F119/><W50/><G32/><T95/><D95/><U79/><E58/><V2/><F2/><W86/><G86/><T130/><D67/><U62/><E63/><V80/><F80/><W108/><G108/><T117/><D45/><U35/><E35/><V107/><F107/><W74/><G74/><T76/><D76/><U94/><E94/><V81/><F81/><W60/><G60/><T56/><D56/><U98/><E106/><V49/><F1/><W48/><G51/><T120/><D43/><U116/><E116/><V111/><F115/><W7/><G50/><T61/><D61/><U26/><E26/><V28/><F111/><W77/><G77/><T64/><D64/><U113/><E113/><V131/><F124/><W122/><G48/><T55/><D55/><U90/><E90/><V46/><F24/><W88/><G52/><T82/><D82/><U54/><E54/><V3/><F49/><W71/><G88/><T121/><D69/><U87/><E87/><V23/><F89/><W42/><G71/><T21/><D21/><U100/><E100/><V112/><F28/><W22/><G102/><T20/><D20/><U13/><E62/><V53/><F31/><W127/><G22/><T99/><D130/><RYUUKYOKU ba="0,0" sc="196,-10,86,30,458,-10,260,-10" hai1="4,13,25,29,34,37,38,72,79,83,98,103,104" owari="186,-21.4,116,-38.4,448,54.8,250,5.0" /></mjloggm>