<mjloggm ver="2.3"><GO type="225" lobby="0"/><UN n0="%E4%BA%BA%E9%96%93%E3%83%81%E3%83%A3%E3%83%BC%E3%83%8F%E3%83%B3" n1="%4B%2E%32%2E%4B%2E" n2="%E7%94%9F%E5%BE%92%E4%BC%9A%E3%80%90%E5%BA%8F%E3%80%91" n3="%E5%A4%9C%E5%85%89%E5%A4%A9%E6%A5%BC" dan="16,16,16,17" rate="2169.31,2110.92,2177.32,2204.34" sx="M,M,M,M"/><TAIKYOKU oya="0"/><INIT seed="0,0,0,3,4,120" ten="250,250,250,250" oya="0" hai0="134,104,42,12,63,87,59,121,91,62,18,54,48" hai1="111,98,119,5,17,85,96,83,106,44,8,40,52" hai2="94,113,132,58,115,45,50,38,101,31,29,116,128" hai3="57,108,105,11,124,122,32,93,117,76,86,46,34"/><T82/><D134/><U64/><E119/><V13/><F132/><W41/><G117/><T65/><D121/><U20/><E64/><V77/><F116/><W47/><G105/><T79/><D104/><U7/><E106/><V100/><F38/><W6/><G122/><T66/><D42/><U84/><E84/><V67/><F128/><W97/><G57/><T123/><D123/><U4/><E8/><V81/><F113/><W103/><G47/><T125/><D125/><U78/><E52/><N who="2" m="29775" /><F115/><W107/><G124/><T55/><D79/><U35/><E35/><V30/><F13/><W27/><G27/><T126/><D126/><U39/><REACH who="1" step="1"/><E111/><REACH who="1" ten="250,240,250,250" step="2"/><V43/><F43/><W22/><G108/><T37/><D37/><U26/><AGARI ba="0,1" hai="4,5,7,17,20,26,39,40,44,78,83,85,96,98" machi="26" ten="30,12000,2" yaku="1,1,2,1,0,1,53,3" doraHai="120" doraHaiUra="0" who="1" fromWho="1" sc="250,-60,240,130,250,-30,250,-30" /><INIT seed="1,0,0,1,0,38" ten="190,370,220,220" oya="1" hai0="88,98,59,27,55,3,12,68,47,106,74,127,20" hai1="52,28,129,113,134,100,4,126,7,76,33,49,121" hai2="61,64,132,115,119,30,112,6,56,60,101,43,69" hai3="110,54,79,44,135,89,63,96,118,82,25,32,75"/><U50/><E113/><N who="2" m="43595" /><F101/><W11/><G110/><T66/><D3/><U35/><E121/><V97/><F97/><W17/><G135/><T67/><D74/><U123/><E123/><V9/><F30/><W31/><G118/><T0/><D0/><U102/><E126/><V48/><F132/><W116/><G116/><T85/><D127/><U22/><E129/><V45/><F119/><W58/><G11/><T72/><D72/><U122/><E76/><V34/><F34/><W40/><G17/><T26/><D68/><U133/><E122/><V65/><F9/><W83/><G96/><T36/><D36/><U53/><REACH who="1" step="1"/><E22/><REACH who="1" ten="190,360,220,220" step="2"/><V14/><F6/><W105/><G79/><T15/><D20/><U111/><E111/><V84/><F84/><W128/><G75/><T23/><D23/><U29/><AGARI ba="0,1" hai="4,7,28,29,33,35,49,50,52,53,100,102,133,134" machi="29" ten="25,12000,1" yaku="1,1,0,1,22,2,54,1,53,0" doraHai="38" doraHaiUra="104" who="1" fromWho="1" sc="190,-40,360,130,220,-40,220,-40" /><INIT seed="1,1,0,0,0,55" ten="150,490,180,180" oya="1" hai0="3,19,26,112,120,97,106,91,87,40,121,23,98" hai1="104,135,57,48,17,62,131,81,68,33,9,107,83" hai2="103,100,29,77,47,14,95,4,34,85,28,126,16" hai3="132,72,105,42,53,18,92,1,69,86,118,125,79"/><U130/><E33/><V93/><F126/><W111/><G105/><T43/><D112/><U124/><E68/><V38/><F38/><W117/><G125/><T63/><D3/><U66/><E124/><V84/><F47/><W56/><G111/><T61/><D106/><U64/><E64/><V90/><F4/><W116/><G132/><T52/><D120/><U94/><E135/><V51/><F51/><W24/><G1/><T45/><D121/><U73/><E94/><V115/><F115/><W129/><G42/><T113/><D113/><U11/><E17/><V119/><F119/><W37/><G37/><T96/><D45/><U58/><E66/><V101/><F34/><W25/><G69/><T39/><D39/><U21/><E21/><V78/><F93/><W46/><G46/><T36/><D36/><U7/><E73/><V67/><F67/><W6/><G6/><T123/><D123/><U12/><E48/><V20/><REACH who="2" step="1"/><F78/><REACH who="2" ten="150,490,170,180" step="2"/><W32/><G32/><T114/><D114/><U76/><E76/><V8/><F8/><W44/><G44/><T102/><D102/><U122/><E7/><V133/><F133/><W49/><G116/><T110/><D110/><U59/><E122/><V128/><F128/><W70/><G129/><T5/><D5/><U82/><E9/><V41/><F41/><N who="0" m="15946" /><D52/><U127/><E127/><V109/><F109/><W15/><G118/><T74/><D74/><U108/><E108/><V75/><F75/><W31/><G117/><T50/><D50/><U22/><E130/><V134/><F134/><W10/><G72/><T71/><D71/><RYUUKYOKU ba="1,1" sc="150,15,490,-15,170,15,180,-15" hai0="19,23,26,61,63,87,91,96,97,98" hai2="14,16,20,28,29,77,84,85,90,95,100,101,103" /><INIT seed="2,2,1,2,1,75" ten="165,475,185,165" oya="2" hai0="86,89,107,58,96,82,114,53,24,19,115,111,120" hai1="90,56,103,9,77,119,41,135,51,22,28,87,5" hai2="27,38,118,116,29,128,71,8,109,39,63,60,126" hai3="106,72,14,18,81,20,95,33,32,131,91,57,84"/><V50/><F126/><W34/><G131/><T47/><D120/><U43/><E77/><V132/><F8/><W78/><G106/><T68/><D68/><U123/><E103/><V134/><F128/><W102/><G102/><T85/><D111/><U65/><E43/><V98/><F98/><W4/><G4/><T70/><D70/><U113/><E41/><V59/><F109/><W133/><G133/><N who="2" m="51305" /><F50/><W125/><REACH who="3" step="1"/><G57/><REACH who="3" ten="165,475,185,155" step="2"/><T16/><D107/><U104/><E135/><V30/><F118/><W3/><G3/><T23/><D114/><U74/><E113/><V12/><F116/><W62/><G62/><N who="0" m="36175" /><D115/><U110/><E110/><V49/><F71/><W15/><G15/><T130/><D130/><U42/><E119/><V10/><F63/><W36/><G36/><N who="2" m="13865" /><F49/><W7/><G7/><T93/><D47/><U97/><E51/><V117/><F27/><W37/><G37/><T69/><D69/><U44/><E5/><N who="2" m="3151" /><F117/><W35/><N who="3" m="8192" /><DORA hai="105" /><W101/><G101/><N who="0" m="60559" /><D85/><U129/><E129/><V55/><AGARI ba="2,2" hai="29,30,55,59,60" m="3151,13865,51305" machi="55" ten="30,1500,0" yaku="20,1" doraHai="75,105" who="2" fromWho="2" sc="165,-7,475,-7,185,41,155,-7" /><INIT seed="2,3,0,3,2,110" ten="158,468,226,148" oya="2" hai0="84,103,114,24,81,125,109,74,72,79,21,80,5" hai1="86,82,111,26,51,121,58,68,113,4,54,76,3" hai2="127,117,118,60,70,27,18,132,15,20,73,34,77" hai3="37,14,48,62,1,135,17,65,106,100,6,28,49"/><V7/><F77/><W35/><G37/><T71/><D71/><U124/><E113/><V87/><F87/><W94/><G135/><T128/><D109/><U2/><E111/><V91/><F91/><W112/><G106/><T95/><D125/><U133/><E68/><V8/><F73/><N who="0" m="28266" /><D21/><U32/><E133/><V88/><F88/><W122/><G122/><T39/><D24/><U41/><E86/><V101/><F101/><W46/><G35/><T92/><D5/><U97/><E97/><V16/><F60/><W40/><G28/><T11/><D11/><U29/><E82/><N who="0" m="31849" /><D39/><U47/><E76/><V107/><F107/><W43/><G6/><T31/><D31/><U99/><E99/><V50/><F50/><W105/><G48/><T33/><D33/><U12/><E121/><V0/><F70/><W119/><G1/><T90/><D128/><U22/><E124/><V69/><F69/><W63/><G63/><T19/><D19/><U42/><E42/><V9/><F132/><W123/><G43/><T98/><D114/><U131/><E131/><V116/><F127/><W55/><G112/><T25/><D25/><U64/><E41/><V78/><F78/><AGARI ba="3,0" hai="78,79,84,90,92,95,98,103" m="31849,28266" machi="78" ten="30,8000,1" yaku="35,5" doraHai="110" who="0" fromWho="2" sc="158,89,468,0,226,-89,148,0" /><INIT seed="3,0,0,2,3,74" ten="247,468,137,148" oya="3" hai0="64,131,110,119,87,18,55,25,31,63,54,37,66" hai1="61,62,81,28,32,83,118,13,22,85,111,29,30" hai2="132,82,1,93,79,5,91,104,46,96,48,34,8" hai3="123,26,73,59,12,86,16,116,99,128,17,76,23"/><W53/><G123/><T102/><D119/><U134/><E32/><V49/><F34/><W112/><G112/><T65/><D37/><U130/><E111/><V125/><F104/><W56/><G116/><T11/><D110/><U41/><E41/><V2/><F132/><W52/><G128/><T121/><D121/><U97/><E97/><V89/><F125/><W38/><G73/><T40/><D40/><U24/><E81/><V58/><F58/><N who="3" m="22059" /><G99/><T35/><D63/><U114/><E114/><V120/><F120/><W6/><G6/><T95/><D131/><U21/><E134/><V27/><F27/><W3/><G3/><T129/><D129/><U135/><E135/><V133/><F133/><W39/><G39/><T51/><D51/><U44/><E44/><V50/><F2/><W88/><G76/><T67/><D67/><U71/><E71/><V33/><F33/><W127/><G38/><T113/><D113/><U84/><E84/><V75/><REACH who="2" step="1"/><F91/><REACH who="2" ten="247,468,127,148" step="2"/><W0/><G0/><T80/><D25/><U77/><E85/><V109/><F109/><W4/><G127/><T103/><D35/><U72/><E83/><V60/><F60/><N who="1" m="23145" /><E118/><V45/><AGARI ba="0,1" hai="1,5,8,45,46,48,49,50,75,79,82,89,93,96" machi="45" ten="30,7900,0" yaku="1,1,0,1,52,1,53,1" doraHai="74" doraHaiUra="105" who="2" fromWho="2" sc="247,-20,468,-20,127,89,148,-39" owari="227,2.7,448,54.8,216,-18.4,109,-39.1" /></mjloggm>