<mjloggm ver="2.3"><GO type="225" lobby="0"/><UN n0="%6D%75%75%73%61%6E%6D%75" n1="%4B%2E%32%2E%4B%2E" n2="%E3%81%8B%E3%82%8F%E3%81%A1%E3%82%83%E3%82%93%35%38" n3="%E6%B4%BE%E9%81%A3%E3%81%AE%E3%82%B8%E3%83%A3%E3%83%83%E3%82%AF" dan="16,16,16,17" rate="2136.61,2140.62,2114.32,2196.96" sx="F,M,M,M"/><TAIKYOKU oya="0"/><INIT seed="0,0,0,5,0,135" ten="250,250,250,250" oya="0" hai0="9,32,48,10,76,31,127,24,58,12,79,123,119" hai1="64,5,92,90,35,96,47,40,41,107,45,75,106" hai2="57,124,99,11,109,86,110,104,67,81,37,116,73" hai3="65,100,129,19,114,117,105,3,2,131,52,108,62"/><T97/><D119/><U82/><E35/><V78/><F37/><W69/><G69/><T61/><D123/><U68/><E5/><V125/><F116/><W16/><G16/><T133/><D133/><U88/><E64/><V59/><F11/><W85/><G85/><T23/><D127/><N who="2" m="48714" /><F73/><W91/><G91/><T103/><D48/><U38/><E68/><V56/><F67/><W126/><G126/><T60/><D32/><U26/><E26/><V74/><F74/><W43/><G43/><T25/><D25/><U50/><REACH who="1" step="1"/><E90/><REACH who="1" ten="250,240,250,250" step="2"/><V55/><F55/><W54/><G54/><T72/><D24/><U15/><E15/><V51/><F51/><W95/><G95/><T49/><D12/><U4/><E4/><V22/><F22/><W84/><G84/><T93/><D23/><U87/><E87/><V101/><AGARI ba="0,1" hai="56,57,59,78,81,86,99,101,104,109,110" m="48714" machi="101" ten="40,8000,1" yaku="18,1,52,3" doraHai="135" who="2" fromWho="2" sc="250,-40,240,-20,250,90,250,-20" /><INIT seed="1,0,0,5,4,65" ten="210,220,340,230" oya="1" hai0="15,8,6,13,17,130,5,22,92,55,121,108,118" hai1="126,24,124,41,43,128,7,36,4,105,32,120,103" hai2="100,60,115,93,74,52,21,2,54,33,48,70,99" hai3="50,110,127,85,86,84,77,67,113,122,116,95,56"/><U90/><E120/><V135/><F33/><W59/><G59/><T63/><D118/><U132/><E132/><V37/><F37/><W72/><G72/><T0/><D121/><U20/><E32/><V16/><F2/><W129/><G129/><T133/><D130/><U35/><E35/><V87/><F74/><W73/><G73/><T11/><D133/><U42/><E128/><V123/><F123/><W10/><G10/><T53/><D108/><U76/><E36/><V3/><F3/><W131/><G131/><T26/><D92/><U88/><E76/><V101/><F135/><W83/><G83/><T119/><D119/><U97/><E7/><V78/><F115/><W89/><G89/><T51/><D63/><U61/><E4/><V34/><F34/><W68/><G68/><T64/><D64/><U45/><E45/><N who="2" m="27663" /><F70/><W80/><G80/><T66/><D66/><U49/><E49/><V112/><F112/><W9/><G9/><T44/><REACH who="0" step="1"/><D0/><REACH who="0" ten="200,220,340,230" step="2"/><U58/><E124/><V91/><F60/><W134/><G134/><T46/><D46/><U25/><E126/><V125/><F125/><W38/><G38/><T30/><D30/><U102/><E102/><V18/><F101/><W75/><G75/><T40/><AGARI ba="0,1" hai="5,6,8,11,13,15,17,22,26,40,44,51,53,55" machi="40" ten="20,12000,2" yaku="1,1,0,1,7,1,9,1,8,1,53,1" doraHai="65" doraHaiUra="47" who="0" fromWho="0" sc="200,130,220,-60,340,-30,230,-30" /><INIT seed="2,0,0,5,3,66" ten="330,160,310,200" oya="2" hai0="16,118,19,116,29,91,42,94,68,115,128,112,33" hai1="26,107,57,60,34,14,43,132,25,49,99,24,110" hai2="7,9,32,134,56,41,120,31,114,23,53,3,12" hai3="38,119,122,121,100,15,35,22,30,59,17,127,82"/><V96/><F114/><N who="0" m="43562" /><D42/><U133/><E110/><V4/><F120/><W79/><G79/><T80/><D80/><U8/><E34/><V135/><F41/><W39/><G39/><T85/><D33/><U72/><E72/><V73/><F73/><W71/><G71/><T93/><D29/><U0/><E0/><V104/><F104/><W78/><G78/><T108/><D94/><U81/><E81/><V87/><F96/><W76/><G76/><T50/><D50/><U83/><E83/><V74/><F87/><W46/><G46/><T84/><D84/><U36/><E36/><V55/><F74/><W95/><G95/><T105/><D105/><U125/><E125/><V89/><F89/><W131/><G131/><T124/><D128/><U65/><E43/><V1/><F56/><W54/><G54/><T47/><D47/><U6/><REACH who="1" step="1"/><E49/><REACH who="1" ten="330,150,310,200" step="2"/><V64/><F32/><W130/><G130/><T10/><D124/><U101/><AGARI ba="0,1" hai="6,8,14,24,25,26,57,60,65,99,101,107,132,133" machi="101" ten="30,4000,0" yaku="1,1,2,1,0,1,53,0" doraHai="66" doraHaiUra="28" who="1" fromWho="1" sc="330,-10,150,50,310,-20,200,-10" /><INIT seed="3,0,0,0,0,57" ten="320,200,290,190" oya="3" hai0="121,87,114,58,66,8,32,46,77,89,69,43,91" hai1="0,96,36,35,22,9,110,101,44,52,125,26,50" hai2="85,34,93,120,19,55,16,13,67,118,132,38,53" hai3="63,62,68,112,82,126,47,90,28,111,122,27,113"/><W94/><G94/><T11/><D121/><U33/><E110/><V73/><F73/><W24/><G24/><T42/><D69/><U133/><E133/><V119/><F132/><W115/><G115/><T131/><D32/><U54/><E125/><V103/><F120/><W18/><G18/><T97/><D131/><U30/><E54/><V75/><F75/><W65/><G65/><T116/><D116/><U81/><E36/><V117/><F38/><W83/><G83/><N who="0" m="47599" /><D114/><U130/><E81/><V78/><F34/><W3/><G3/><T128/><D128/><U74/><E74/><V64/><F78/><W29/><G29/><T20/><D20/><U104/><REACH who="1" step="1"/><E130/><REACH who="1" ten="320,190,290,190" step="2"/><V21/><F118/><W4/><G4/><AGARI ba="0,1" hai="0,4,9,22,26,30,33,35,44,50,52,96,101,104" machi="4" ten="40,5200,0" yaku="1,1,2,1,54,1,53,0" doraHai="57" doraHaiUra="88" who="1" fromWho="3" sc="320,0,190,62,290,0,190,-52" owari="320,42.0,252,-14.8,290,9.0,138,-36.2" /></mjloggm>