<mjloggm ver="2.3"><GO type="225" lobby="0"/><UN n0="%72%61%6B%33" n1="%E7%B4%94%E6%BD%94%E3%83%94%E3%83%A9%E3%83%8B%E3%82%A2" n2="%E6%80%AA%E3%81%97%E3%81%99%E3%81%8E%E3%82%8B%E3%83%81%E3%83%BC" n3="%4B%2E%32%2E%4B%2E" dan="18,17,16,16" rate="2289.51,2226.04,2167.64,2089.55" sx="M,M,M,M"/><TAIKYOKU oya="0"/><INIT seed="0,0,0,1,3,108" ten="250,250,250,250" oya="0" hai0="22,23,130,70,64,35,118,31,104,74,95,47,17" hai1="56,129,77,135,82,113,40,97,42,38,75,2,19" hai2="48,115,122,16,109,84,123,15,63,121,76,103,49" hai3="0,102,20,6,90,79,12,127,87,86,50,67,13"/><T53/><D104/><U93/><E129/><V7/><F109/><W8/><G127/><T9/><D118/><U119/><E119/><V59/><F7/><W54/><G102/><T106/><D106/><U96/><E96/><V117/><F115/><W34/><G34/><T30/><D74/><U36/><E2/><V39/><F39/><W91/><G67/><T110/><D110/><U32/><E32/><V71/><F103/><W18/><G0/><T58/><D130/><U11/><E135/><V128/><F71/><W44/><REACH who="3" step="1"/><G87/><REACH who="3" ten="250,250,250,240" step="2"/><T46/><D64/><U55/><E75/><V132/><F128/><W133/><G133/><T107/><D35/><U131/><E131/><V33/><F132/><W60/><G60/><T65/><D65/><U116/><E116/><V98/><F33/><W24/><G24/><T41/><D107/><U81/><E97/><V3/><F98/><W78/><G78/><T10/><D70/><U85/><E85/><V73/><F3/><W125/><G125/><T14/><D95/><U52/><E93/><V94/><F117/><W89/><G89/><T27/><D27/><U4/><E77/><V114/><F94/><W57/><G57/><T92/><D92/><U66/><E66/><N who="2" m="39295" /><F73/><W72/><G72/><T29/><D58/><U124/><E56/><V26/><F26/><W101/><G101/><T1/><D1/><U68/><E68/><V83/><F114/><W43/><G43/><T21/><D41/><U28/><E113/><V62/><F62/><W37/><G37/><T5/><D53/><U69/><E124/><V61/><F61/><RYUUKYOKU ba="0,1" sc="250,10,250,-30,250,10,240,10" hai0="5,9,10,14,17,21,22,23,29,30,31,46,47" hai2="15,16,48,49,76,83,84,121,122,123" hai3="6,8,12,13,18,20,44,50,54,79,86,90,91" /><INIT seed="0,1,1,2,5,67" ten="260,220,260,250" oya="0" hai0="40,90,88,129,128,14,77,44,10,38,43,12,33" hai1="20,31,65,13,2,11,48,56,108,41,96,115,22" hai2="124,37,118,62,74,121,117,39,106,55,103,21,52" hai3="98,71,54,131,119,25,27,107,60,0,32,1,125"/><T46/><D77/><U70/><E108/><V101/><F121/><W58/><G119/><N who="2" m="45577" /><F74/><W51/><G125/><T23/><D23/><U35/><E2/><V36/><F124/><W83/><G131/><N who="0" m="50251" /><D33/><U57/><E115/><V28/><F106/><W93/><G107/><T16/><D12/><U17/><E96/><V87/><F87/><W30/><G27/><T24/><D24/><U64/><E35/><V102/><F62/><W109/><G109/><T8/><D8/><U49/><E31/><V134/><F134/><W29/><G29/><T61/><D61/><U111/><E111/><V78/><F78/><W89/><REACH who="3" step="1"/><G83/><REACH who="3" ten="260,220,260,240" step="2"/><T99/><D99/><U82/><E82/><V120/><F120/><W75/><G75/><T81/><D81/><U112/><E112/><V91/><F91/><W26/><G26/><AGARI ba="1,2" hai="21,26,28,36,37,39,52,55,101,102,103" m="45577" machi="26" ten="40,2600,0" yaku="12,1,54,1" doraHai="67" who="2" fromWho="3" sc="260,0,220,0,260,49,240,-29" /><INIT seed="1,0,0,1,5,115" ten="260,220,309,211" oya="1" hai0="1,34,19,29,131,71,85,23,10,74,27,122,7" hai1="83,90,89,22,126,69,98,2,112,11,121,123,105" hai2="16,35,75,111,51,82,21,84,54,32,15,56,47" hai3="36,33,124,24,86,113,5,60,39,103,63,52,53"/><U61/><E112/><V40/><F111/><W93/><G113/><T101/><D74/><U64/><E126/><V117/><F117/><W102/><G124/><T77/><D71/><U46/><E22/><V107/><F75/><W57/><G5/><T134/><D101/><N who="3" m="38409" /><G33/><T17/><D77/><U104/><E46/><V20/><F20/><W42/><G42/><T81/><D131/><U128/><E128/><V114/><F107/><W73/><G73/><T118/><D118/><U120/><E83/><V92/><F114/><W12/><G36/><T109/><D134/><U43/><E43/><V78/><REACH who="2" step="1"/><F92/><REACH who="2" ten="260,220,299,211" step="2"/><W30/><G93/><T130/><D130/><U55/><E105/><V26/><F26/><W133/><G133/><T8/><D109/><U132/><E132/><V127/><F127/><W41/><G24/><T9/><D122/><U38/><E104/><V97/><F97/><W87/><G87/><T116/><D116/><U6/><E98/><V13/><F13/><W99/><G99/><T50/><D85/><U135/><E135/><V45/><F45/><W72/><G72/><T14/><D81/><U0/><E0/><V65/><F65/><W3/><G86/><T79/><D79/><U25/><E25/><V88/><F88/><W28/><G3/><T76/><D76/><U80/><E80/><V66/><F66/><W96/><G12/><N who="0" m="9639" /><D50/><AGARI ba="0,1" hai="15,16,21,32,35,40,47,50,51,54,56,78,82,84" machi="50" ten="30,3900,0" yaku="1,1,7,1,54,1,53,0" doraHai="115" doraHaiUra="119" who="2" fromWho="0" sc="260,-39,220,0,299,49,211,0" /><INIT seed="2,0,0,2,1,112" ten="221,220,348,211" oya="2" hai0="41,29,123,116,106,120,61,71,132,94,17,75,50" hai1="69,84,130,47,48,131,95,46,57,72,32,0,56" hai2="16,59,52,110,91,4,13,36,30,128,6,101,22" hai3="45,55,53,93,7,96,40,83,129,5,82,73,63"/><V85/><F36/><W86/><G73/><T88/><D106/><U89/><E32/><V67/><F128/><N who="1" m="49193" /><E69/><V121/><F121/><W19/><G129/><T114/><D114/><U21/><E72/><V81/><F110/><W99/><G19/><T104/><D104/><U97/><E0/><V25/><F67/><W20/><G20/><T117/><D75/><U3/><E3/><V80/><F80/><W127/><G127/><T113/><D113/><U74/><E74/><V33/><REACH who="2" step="1"/><F101/><REACH who="2" ten="221,220,338,211" step="2"/><W14/><G82/><T108/><D108/><U122/><E122/><V51/><AGARI ba="0,1" hai="4,6,13,16,22,25,30,33,51,52,59,81,85,91" machi="51" ten="20,18000,2" yaku="1,1,2,1,0,1,7,1,54,2,53,0" doraHai="112" doraHaiUra="43" who="2" fromWho="2" sc="221,-60,220,-60,338,190,211,-60" /><INIT seed="2,1,0,1,4,69" ten="161,160,528,151" oya="2" hai0="40,74,66,126,8,122,43,39,24,56,82,65,16" hai1="86,17,72,75,38,77,108,44,11,51,31,94,84" hai2="133,12,99,27,22,117,49,104,91,37,118,21,131" hai3="121,34,15,132,90,103,53,81,102,2,134,61,92"/><V127/><F131/><W85/><G2/><T30/><D126/><U35/><E35/><V116/><F127/><W93/><G34/><T135/><D135/><N who="3" m="51753" /><G15/><T109/><D109/><U98/><E31/><V76/><F133/><W89/><G121/><T79/><D122/><U83/><E38/><V33/><F37/><W112/><G112/><T32/><D43/><U41/><E108/><V96/><F76/><N who="3" m="46247" /><G53/><T113/><D56/><U50/><E50/><V115/><F115/><W124/><G61/><T60/><D60/><U1/><E72/><V128/><F128/><W52/><G52/><T13/><REACH who="0" step="1"/><D113/><REACH who="0" ten="151,160,528,151" step="2"/><U68/><E68/><V58/><F58/><W78/><G124/><T130/><D130/><U70/><E70/><V0/><F116/><W73/><G73/><T28/><D28/><U4/><REACH who="1" step="1"/><E17/><REACH who="1" ten="151,150,528,151" step="2"/><V45/><F117/><W18/><G18/><T125/><D125/><U9/><E9/><V123/><F118/><W19/><G19/><T110/><D110/><U7/><E7/><V111/><F123/><W63/><G63/><T59/><D59/><U48/><E48/><V36/><F49/><W67/><G67/><T54/><D54/><U105/><E105/><V97/><F104/><W57/><G57/><T29/><D29/><U23/><E23/><V20/><F21/><W3/><G3/><T87/><D87/><U47/><E47/><AGARI ba="1,2" hai="8,13,16,24,30,32,39,40,47,65,66,74,79,82" machi="47" ten="40,5200,0" yaku="1,1,52,1,54,1,53,0" doraHai="69" doraHaiUra="80" who="0" fromWho="1" sc="151,75,150,-55,528,0,151,0" /><INIT seed="3,0,0,5,0,72" ten="226,95,528,151" oya="3" hai0="87,73,52,121,135,18,62,9,4,91,71,90,6" hai1="15,61,95,0,125,46,51,42,75,114,122,74,85" hai2="19,117,7,40,107,81,97,80,116,94,8,49,64" hai3="27,5,11,3,13,120,50,105,56,93,28,47,32"/><W119/><G120/><T33/><D73/><U45/><E0/><V22/><F107/><W132/><G119/><T98/><D33/><U111/><E114/><V34/><F34/><W78/><G105/><T77/><D135/><U24/><E111/><V108/><F108/><W103/><G132/><T44/><D71/><U35/><E125/><V2/><F64/><W115/><G115/><T57/><D44/><U10/><E122/><V63/><F63/><W134/><G134/><T36/><D36/><U26/><E74/><V12/><F81/><W30/><G30/><T131/><D131/><U104/><E75/><V126/><F80/><W99/><G56/><T124/><D124/><U123/><E104/><V100/><REACH who="2" step="1"/><F126/><REACH who="2" ten="226,95,518,151" step="2"/><W38/><G32/><T118/><D62/><U112/><E35/><V113/><F113/><W96/><G93/><T23/><D121/><U70/><E112/><V41/><F41/><W106/><G106/><T55/><D55/><U130/><E123/><V82/><F82/><W60/><G60/><T21/><D52/><U65/><E130/><V110/><F110/><W25/><G3/><T66/><D66/><U17/><REACH who="1" step="1"/><E46/><AGARI ba="0,1" hai="2,7,8,12,19,22,40,46,49,94,97,100,116,117" machi="46" ten="40,2600,0" yaku="1,1,53,1" doraHai="72" doraHaiUra="16" who="2" fromWho="1" sc="226,0,95,-26,518,36,151,0" owari="226,2.6,69,-43.1,554,65.4,151,-24.9" /></mjloggm>