<mjloggm ver="2.3"><GO type="225" lobby="0"/><UN n0="%E7%99%BD%E9%9B%AA%E4%B9%83%E6%84%9B" n1="%6D%75%75%6D%75%72%61" n2="%E3%82%B2%E3%82%B9%E8%8C%82%E5%8B%9D" n3="%E3%81%99%E3%81%84%E3%81%BE%E3%81%9B%E3%83%BC%E3%82%93" dan="16,16,16,17" rate="2053.60,2146.00,2048.09,2239.88" sx="F,F,F,M"/><TAIKYOKU oya="0"/><INIT seed="0,0,0,1,1,47" ten="250,250,250,250" oya="0" hai0="11,135,93,92,58,0,21,36,26,113,110,71,17" hai1="70,28,121,67,60,101,129,77,95,106,13,75,79" hai2="74,23,97,19,108,111,91,124,131,55,126,82,51" hai3="88,24,100,25,20,54,65,50,1,132,41,34,103"/><T43/><D113/><U107/><E121/><V32/><F32/><W33/><G132/><T45/><D71/><U119/><E119/><V27/><F131/><W102/><G1/><T109/><D135/><U31/><E129/><V118/><F118/><W120/><G65/><T30/><D58/><U9/><E95/><N who="2" m="56575" /><F82/><W64/><G64/><T94/><REACH who="0" step="1"/><D17/><REACH who="0" ten="240,250,250,250" step="2"/><U29/><E70/><V125/><F74/><W56/><G56/><AGARI ba="0,1" hai="19,23,27,51,55,56,108,111,124,125,126" m="56575" machi="56" ten="30,2000,0" yaku="18,1,52,1" doraHai="47" who="2" fromWho="3" sc="240,0,250,0,250,30,250,-20" /><INIT seed="1,0,0,2,1,113" ten="240,250,280,230" oya="1" hai0="70,83,91,7,115,17,134,61,52,106,59,78,65" hai1="40,122,29,100,101,15,0,127,54,48,5,88,20" hai2="23,95,108,117,98,74,94,24,85,33,69,26,72" hai3="99,1,135,129,49,19,125,126,128,97,6,60,77"/><U51/><E122/><V75/><F69/><W96/><G6/><T31/><D115/><U62/><E127/><N who="3" m="48650" /><G1/><T18/><D134/><U80/><E0/><V63/><F33/><W21/><G60/><T27/><D7/><U10/><E62/><V84/><F108/><W119/><G77/><T12/><D91/><U89/><E29/><V11/><F11/><W16/><G135/><T131/><D131/><N who="3" m="50249" /><G49/><T102/><D12/><U82/><E20/><V8/><F8/><W73/><G73/><T57/><D57/><U121/><E48/><V90/><F63/><W55/><G55/><T123/><D123/><U107/><E40/><V50/><F50/><W64/><G64/><T30/><D70/><U103/><E107/><V46/><F74/><W4/><G4/><T44/><D44/><U13/><E15/><V2/><F46/><W71/><G71/><T68/><D68/><U130/><E121/><V14/><F14/><N who="3" m="9367" /><G19/><T45/><D17/><U34/><E130/><V92/><F72/><W32/><G32/><T66/><D66/><U112/><E34/><V22/><F75/><W35/><G35/><T120/><D120/><U39/><E112/><V109/><F2/><W36/><G119/><T25/><D45/><N who="1" m="28015" /><E39/><AGARI ba="0,0" hai="36,39,96,97,99" m="9367,50249,48650" machi="39" ten="40,5200,0" yaku="18,1,19,1,54,1" doraHai="113" who="3" fromWho="1" sc="240,0,250,-52,280,0,230,52" /><INIT seed="2,0,0,3,3,0" ten="240,198,280,282" oya="2" hai0="66,78,9,48,33,22,56,60,130,7,103,128,28" hai1="68,86,40,98,118,85,14,97,104,119,71,107,79" hai2="92,75,29,76,61,93,101,45,124,132,109,62,120" hai3="21,83,131,37,96,13,73,20,23,38,24,52,134"/><V47/><F120/><W15/><G131/><N who="0" m="50219" /><D103/><U69/><E40/><V41/><F124/><W55/><G134/><T135/><D78/><U123/><E79/><V117/><F117/><W54/><G24/><N who="0" m="16407" /><D48/><U102/><E123/><V129/><F132/><W42/><G96/><N who="1" m="36970" /><E102/><V59/><F101/><W34/><G34/><T5/><D135/><U26/><E14/><N who="3" m="5130" /><G83/><T46/><D46/><U115/><E26/><V70/><F76/><W95/><G95/><T31/><D9/><U112/><E119/><V72/><F41/><W105/><G42/><T44/><D44/><U25/><E25/><AGARI ba="0,0" hai="5,7,25,31,33,56,60,66" m="16407,50219" machi="25" ten="30,3900,0" yaku="19,1,52,2" doraHai="0" who="0" fromWho="1" sc="240,39,198,-39,280,0,282,0" /><INIT seed="3,0,0,5,5,15" ten="279,159,280,282" oya="3" hai0="98,51,74,11,43,80,124,101,41,94,20,55,71" hai1="104,105,50,34,31,127,21,79,83,33,107,97,29" hai2="93,84,117,9,106,46,102,133,89,63,48,61,126" hai3="26,54,52,62,2,57,114,78,44,35,45,132,42"/><W70/><G114/><T92/><D71/><U112/><E112/><V68/><F117/><W23/><G2/><T100/><D124/><U24/><E127/><V12/><F126/><W96/><G35/><T99/><D11/><U7/><E7/><V86/><F133/><W121/><G121/><T30/><D74/><U91/><E50/><V32/><F32/><W73/><G132/><T64/><D64/><U49/><E49/><V111/><F111/><W129/><G129/><T85/><D20/><U4/><E4/><V113/><F113/><W3/><G3/><T47/><D30/><U108/><E108/><V76/><F68/><W134/><G70/><T39/><D39/><U56/><E56/><V37/><F37/><W88/><G134/><T81/><D81/><U6/><E6/><V118/><F118/><W5/><G5/><T122/><D122/><U103/><E91/><AGARI ba="0,0" hai="41,43,47,51,55,80,85,91,92,94,98,99,100,101" machi="91" ten="30,3900,0" yaku="7,1,9,1,8,1" doraHai="15" who="0" fromWho="1" sc="279,39,159,-39,280,0,282,0" owari="318,41.8,120,-38.0,280,-12.0,282,8.2" /></mjloggm>