<mjloggm ver="2.3"><GO type="225" lobby="0"/><UN n0="%E5%AE%AE%E4%BF%9D%E9%B6%8F%E8%82%89" n1="%E4%B8%89%E5%88%86%E5%B0%8F%E5%83%A7" n2="%E3%80%90%E3%83%88%E3%83%AA%E3%83%A5%E3%83%95%E3%80%91" n3="%E3%83%B4%E3%82%A3%E3%83%AF%E3%82%B3%E3%82%B0%E3%83%8B" dan="16,16,16,16" rate="2077.25,2090.80,2083.16,2209.41" sx="M,M,M,M"/><TAIKYOKU oya="0"/><INIT seed="0,0,0,5,3,36" ten="250,250,250,250" oya="0" hai0="68,119,21,67,46,12,117,44,37,118,55,52,94" hai1="8,47,63,61,113,124,121,3,99,56,92,35,122" hai2="49,6,116,123,88,104,19,27,66,18,91,29,38" hai3="110,7,0,86,135,102,43,5,101,83,25,53,28"/><T109/><D94/><U59/><E35/><V26/><F123/><W75/><G110/><T1/><D1/><U17/><E124/><V76/><F38/><W95/><G135/><T65/><D21/><U34/><E34/><V39/><F39/><W112/><G112/><T13/><D37/><U111/><E111/><V22/><F6/><W62/><G75/><T45/><D109/><U50/><E113/><V11/><F104/><W32/><G43/><T71/><D12/><N who="1" m="7303" /><E3/><V114/><F66/><N who="0" m="25098" /><D13/><U115/><E115/><V20/><F11/><W58/><G0/><T84/><D84/><U90/><E122/><V96/><F114/><W54/><G54/><AGARI ba="0,0" hai="44,45,46,52,54,55,68,71,117,118,119" m="25098" machi="54" ten="40,12000,1" yaku="28,2,34,2,54,1" doraHai="36" who="0" fromWho="3" sc="250,120,250,0,250,0,250,-120" /><INIT seed="0,1,0,3,5,94" ten="370,250,250,130" oya="0" hai0="3,100,54,133,78,86,104,42,120,99,38,19,84" hai1="37,44,22,67,89,79,35,81,11,103,7,31,109" hai2="91,68,33,87,32,65,27,25,111,40,26,97,52" hai3="90,92,55,129,8,131,113,72,126,18,115,63,69"/><T57/><D120/><U21/><E109/><V117/><F111/><W124/><G8/><T121/><D121/><U49/><E37/><V128/><F40/><W130/><G18/><T17/><D3/><U29/><E103/><V83/><F128/><W75/><G55/><T47/><D133/><U10/><E67/><V70/><F65/><W28/><G28/><N who="1" m="10826" /><E35/><V6/><F6/><W116/><G63/><T77/><D86/><N who="1" m="50383" /><E79/><V118/><F52/><W41/><G41/><T127/><D127/><N who="3" m="48681" /><G69/><T112/><D112/><N who="3" m="43081" /><G116/><N who="2" m="44649" /><F68/><W48/><G48/><T24/><D84/><AGARI ba="1,0" hai="72,75,84,90,92,129,130,131" m="43081,48681" machi="84" ten="40,8000,1" yaku="19,1,18,1,34,2" doraHai="94" who="3" fromWho="0" sc="370,-83,250,0,250,0,130,83" /><INIT seed="1,0,0,4,2,33" ten="287,250,250,213" oya="1" hai0="8,15,108,42,103,57,24,98,49,128,97,126,3" hai1="56,123,94,95,16,21,59,34,106,66,117,116,20" hai2="25,44,82,63,60,18,125,101,71,79,54,88,134" hai3="62,6,47,99,130,40,124,105,1,89,58,86,17"/><U43/><E123/><V112/><F134/><W74/><G74/><T37/><D108/><U96/><E34/><V50/><F125/><W78/><G124/><T132/><D126/><U114/><E114/><V83/><F101/><W91/><G130/><T129/><D37/><U76/><E76/><V131/><F131/><N who="0" m="50250" /><D132/><U85/><E106/><V38/><F112/><W31/><G31/><T41/><D24/><U10/><E43/><N who="0" m="16393" /><D3/><U9/><E116/><V11/><F38/><W28/><G28/><T64/><D103/><U5/><E117/><V122/><F71/><W12/><G6/><N who="0" m="3479" /><D49/><U14/><E85/><N who="2" m="48351" /><F122/><W35/><G35/><T110/><D110/><U55/><E66/><V26/><F26/><W119/><G119/><T118/><D118/><U36/><E36/><V109/><F109/><W135/><G135/><T120/><D120/><U115/><E115/><V81/><F81/><W67/><G1/><T30/><D30/><U29/><E29/><V121/><F121/><W93/><G105/><T90/><D90/><N who="1" m="55383" /><E95/><V19/><F19/><W127/><G127/><T45/><D45/><U84/><E84/><N who="2" m="50207" /><F25/><W2/><G2/><T102/><D102/><U113/><E113/><V133/><F133/><W92/><G78/><T100/><D100/><U39/><E39/><V73/><F73/><W70/><G70/><T32/><D32/><U75/><E75/><V48/><F48/><N who="3" m="26727" /><G17/><T7/><D7/><U65/><E5/><V22/><F22/><W104/><G104/><T80/><D80/><U61/><E21/><V77/><F77/><W4/><G4/><T68/><D68/><RYUUKYOKU ba="0,0" sc="287,0,250,0,250,0,213,0" hai0="57,64,97,98" hai1="9,10,14,16,20,55,56,59,61,65" hai2="11,18,44,50,54,60,63" hai3="12,58,62,67,86,89,91,92,93,99" /><INIT seed="1,1,0,1,2,56" ten="287,250,250,213" oya="1" hai0="36,128,64,125,34,86,102,48,119,61,127,77,122" hai1="75,62,74,55,108,67,114,5,2,101,116,44,131" hai2="71,65,85,69,16,68,117,80,92,31,46,30,10" hai3="124,76,82,18,32,89,42,41,94,45,104,13,109"/><U15/><E114/><V78/><F117/><W3/><G3/><T112/><D112/><U7/><E116/><V1/><F92/><W118/><G118/><T49/><D119/><U40/><E131/><V81/><F46/><W73/><G32/><T27/><D36/><U24/><E2/><V9/><F1/><W79/><G79/><T8/><D102/><U50/><E108/><V52/><F65/><W91/><G109/><T60/><D8/><U132/><E132/><V115/><F115/><W93/><G104/><T100/><D100/><U84/><E101/><V53/><F16/><W107/><G107/><T54/><D48/><U130/><E130/><V57/><F81/><W106/><G106/><T12/><D12/><U51/><E24/><V111/><F111/><W113/><G124/><N who="0" m="47691" /><D64/><U6/><E15/><V95/><F95/><W35/><G113/><T23/><D34/><U72/><E84/><V83/><F83/><W121/><G35/><T26/><D26/><U90/><E90/><V129/><F129/><W58/><G91/><T28/><D122/><U21/><E21/><V39/><F39/><W88/><G121/><T11/><D11/><U66/><REACH who="1" step="1"/><E51/><REACH who="1" ten="287,240,250,213" step="2"/><V123/><F123/><W103/><G103/><T96/><D128/><U0/><E0/><V47/><F9/><N who="3" m="6447" /><G93/><T126/><D126/><U22/><E22/><V14/><F10/><W59/><G89/><T19/><D96/><U87/><E87/><V17/><F14/><W63/><G88/><T98/><D98/><U4/><N who="1" m="1024" /><DORA hai="134" /><U99/><E99/><V25/><F85/><N who="3" m="48327" /><G94/><T105/><D105/><RYUUKYOKU ba="1,1" sc="287,-10,240,30,250,-10,213,-10" hai1="40,44,50,55,62,66,67,72,74,75" /><INIT seed="1,2,1,2,0,71" ten="277,270,240,203" oya="1" hai0="51,18,75,84,122,70,123,12,74,4,36,49,45" hai1="81,120,133,107,80,61,8,39,44,5,135,119,128" hai2="97,121,23,11,104,117,88,0,66,43,96,56,3" hai3="32,33,55,95,24,41,6,57,31,25,100,90,132"/><U38/><E119/><V30/><F117/><W50/><G132/><N who="1" m="50762" /><E120/><N who="0" m="46121" /><D70/><U129/><E107/><V42/><F121/><W106/><G6/><T37/><D4/><U72/><E61/><V20/><F104/><W118/><G118/><T54/><D84/><U77/><E81/><V35/><F35/><W40/><G100/><T116/><D116/><U21/><E21/><V28/><F56/><W111/><G111/><T15/><D51/><U47/><E47/><V91/><F66/><W26/><G106/><T115/><D115/><U60/><E60/><V82/><F82/><W86/><REACH who="3" step="1"/><G25/><REACH who="3" ten="277,270,240,193" step="2"/><T46/><D12/><N who="1" m="5135" /><E44/><V64/><F3/><W134/><G134/><T125/><D125/><U93/><E93/><V130/><F0/><W110/><G110/><T105/><D105/><U59/><E59/><V17/><F11/><W92/><G92/><T58/><D46/><U112/><E112/><V63/><F64/><W22/><G22/><N who="0" m="11615" /><D58/><U85/><E72/><AGARI ba="2,2" hai="36,37,45,49,54,72,74,75" m="11615,46121" machi="72" ten="30,3900,0" yaku="13,1,52,2" doraHai="71" who="0" fromWho="1" sc="277,65,270,-45,240,0,193,0" /><INIT seed="2,0,0,5,3,107" ten="342,225,240,193" oya="2" hai0="17,66,80,10,68,67,114,91,97,24,45,27,43" hai1="94,72,127,110,118,32,65,28,83,21,20,26,53" hai2="2,79,121,14,58,40,75,38,112,12,113,41,84" hai3="88,8,46,5,6,33,105,100,7,4,99,16,128"/><V131/><F121/><W117/><G128/><T0/><D114/><U85/><E118/><V39/><F2/><W76/><G117/><T69/><D69/><U15/><E110/><V101/><F101/><W106/><G33/><T77/><D68/><U36/><E36/><V49/><F58/><W109/><G109/><T9/><D97/><U13/><E127/><V103/><F49/><W61/><G76/><T57/><D91/><U44/><E65/><V22/><F22/><W55/><G106/><T82/><D0/><U73/><E94/><V102/><F79/><W23/><N who="3" m="1024" /><DORA hai="86" /><W123/><G8/><T129/><D129/><U64/><E64/><V50/><F50/><N who="3" m="29143" /><G123/><T70/><D77/><U78/><E32/><V124/><F131/><W115/><G115/><T125/><D70/><U51/><REACH who="1" step="1"/><E21/><REACH who="1" ten="342,215,240,193" step="2"/><V135/><F124/><W93/><G105/><T30/><D125/><U60/><E60/><V119/><F119/><W29/><G61/><T35/><D66/><U52/><E52/><V92/><F92/><W134/><G134/><T47/><D67/><U56/><E56/><V59/><F59/><W62/><G62/><T87/><D57/><U81/><E81/><V3/><F135/><W74/><G100/><T34/><D80/><U122/><E122/><V48/><F103/><W95/><G95/><T1/><D34/><U120/><E120/><V54/><F102/><W132/><G132/><T98/><D1/><U31/><E31/><V37/><F3/><W111/><G111/><T25/><D35/><U18/><E18/><V89/><F112/><W126/><G126/><RYUUKYOKU ba="0,1" sc="342,-10,215,30,240,-10,193,-10" hai1="13,15,20,26,28,44,51,53,72,73,78,83,85" /><INIT seed="3,1,1,2,3,76" ten="332,245,230,183" oya="3" hai0="133,90,6,63,68,120,93,81,61,88,126,45,26" hai1="119,96,89,67,2,23,47,30,66,0,69,92,124" hai2="31,20,42,5,28,51,102,85,46,18,128,79,9" hai3="73,36,65,17,74,25,60,3,131,39,22,48,108"/><W121/><G121/><T40/><D120/><U13/><E124/><V95/><F128/><W134/><G131/><T112/><D126/><U135/><E135/><V35/><F35/><W97/><G134/><T4/><D112/><U103/><E119/><V98/><F9/><W87/><G3/><T83/><D26/><U86/><E47/><V27/><F5/><W130/><G130/><T70/><D45/><U14/><E14/><V113/><F113/><W101/><G108/><T12/><D12/><U37/><E37/><V125/><F125/><W129/><G129/><T123/><D93/><U107/><E67/><V114/><F114/><W38/><G48/><T116/><D123/><U56/><E69/><V52/><F42/><W77/><G87/><T62/><D62/><U71/><E71/><V24/><F27/><W111/><G77/><T64/><D40/><U21/><E21/><V11/><F11/><W110/><G73/><T58/><D64/><U117/><E117/><V59/><F46/><W16/><G74/><T72/><D72/><U105/><E105/><V104/><F104/><N who="3" m="63535" /><G17/><T49/><D49/><U41/><E41/><V7/><F7/><W10/><G10/><T32/><D32/><U132/><E132/><V94/><F79/><W84/><G84/><T55/><D133/><U1/><E30/><V118/><F118/><W34/><G34/><T80/><D116/><U109/><E109/><N who="3" m="41482" /><G38/><T106/><D4/><U100/><E0/><V57/><F57/><AGARI ba="1,1" hai="16,22,25,36,39,57,60,65" m="41482,63535" machi="57" ten="30,5800,0" yaku="14,1,10,1,54,1" doraHai="76" who="3" fromWho="2" sc="332,0,245,0,230,-61,183,71" /><INIT seed="3,2,0,4,4,55" ten="332,245,169,254" oya="3" hai0="6,37,106,10,7,121,77,17,73,5,114,88,33" hai1="120,111,3,71,15,38,82,21,31,79,36,135,110" hai2="84,69,52,13,29,24,81,80,86,115,27,133,98" hai3="122,91,99,1,61,97,20,92,127,95,47,44,65"/><W67/><G122/><T9/><D121/><U126/><E120/><V118/><F118/><W64/><G1/><T119/><D119/><U16/><E3/><V78/><F115/><W42/><G127/><T59/><D33/><U68/><E126/><V23/><F69/><N who="1" m="26697" /><E31/><V48/><F133/><W123/><G123/><T26/><D37/><U100/><E100/><V103/><F13/><W131/><G131/><T41/><D106/><U30/><E30/><V66/><F66/><W22/><G61/><T89/><D41/><U2/><E2/><V109/><F109/><N who="1" m="41481" /><E135/><V124/><F124/><W74/><G74/><AGARI ba="2,0" hai="15,16,21,36,38,74,79,82" m="41481,26697" machi="74" ten="30,2000,0" yaku="14,1,54,1" doraHai="55" who="1" fromWho="3" sc="332,0,245,26,169,0,254,-26" owari="332,43.2,271,7.1,169,-33.1,228,-17.2" /></mjloggm>