<mjloggm ver="2.3"><GO type="225" lobby="0"/><UN n0="%E9%97%98%E5%B0%86%E3%81%A0%E3%82%93%E3%81%A7%E3%81%83" n1="%E6%A1%9C%E8%8A%B1%E9%96%83%E3%80%85" n2="%E3%81%8B%E3%82%8F%E3%81%A1%E3%82%83%E3%82%93%35%38" n3="%E6%B4%BE%E9%81%A3%E3%81%AE%E3%82%B8%E3%83%A3%E3%83%83%E3%82%AF" dan="16,16,17,17" rate="2142.86,2226.24,2180.76,2251.09" sx="M,M,M,M"/><TAIKYOKU oya="0"/><INIT seed="0,0,0,0,4,6" ten="250,250,250,250" oya="0" hai0="85,104,63,126,51,21,74,10,114,58,101,90,95" hai1="18,53,57,103,129,11,48,115,52,132,92,127,113" hai2="118,49,66,26,128,44,67,16,111,50,1,73,133" hai3="46,45,12,28,35,65,62,36,20,109,39,71,4"/><T131/><D114/><N who="1" m="43531" /><E132/><V55/><F73/><W34/><G109/><T9/><D131/><U64/><E129/><V60/><F128/><W134/><G134/><T68/><D126/><U69/><E127/><V96/><F133/><W97/><G97/><N who="0" m="59583" /><D74/><U86/><E69/><V15/><F1/><W17/><G36/><T14/><D68/><U84/><E64/><V72/><F72/><W106/><G106/><T2/><D51/><N who="1" m="30879" /><E92/><V125/><F125/><W23/><G39/><T54/><D2/><U112/><N who="1" m="43539" /><U89/><DORA hai="24" /><E89/><V99/><F111/><W135/><G135/><T123/><D104/><U32/><E32/><V121/><F67/><W116/><G116/><T93/><D123/><U124/><E103/><V107/><F121/><W13/><G35/><T117/><D117/><U79/><E79/><V42/><F118/><W105/><G105/><T91/><D90/><U30/><E30/><V41/><F107/><W87/><G34/><T100/><D100/><U81/><E81/><V8/><F42/><W108/><G108/><T82/><D82/><U43/><E43/><V122/><F122/><W94/><G94/><T59/><D59/><N who="1" m="33191" /><E124/><V31/><F41/><W78/><G78/><T76/><D76/><U88/><E88/><V33/><REACH who="2" step="1"/><F50/><REACH who="2" ten="250,250,240,250" step="2"/><W61/><G65/><T7/><D63/><U83/><E83/><V110/><F110/><W77/><G62/><T80/><D80/><U19/><E19/><V38/><F38/><W120/><G120/><T27/><D54/><U25/><E25/><V37/><F37/><W102/><G61/><T56/><D93/><RYUUKYOKU ba="0,1" sc="250,-15,250,15,240,15,250,-15" hai1="11,18,84,86" hai2="8,15,16,26,31,33,44,49,55,60,66,96,99" /><INIT seed="1,1,1,4,4,133" ten="235,265,255,235" oya="1" hai0="107,93,127,102,125,63,23,109,36,22,45,12,31" hai1="90,20,34,66,48,40,59,0,130,94,78,3,32" hai2="58,103,60,92,85,16,61,79,21,132,9,1,55" hai3="128,46,6,72,33,4,5,118,69,15,83,17,117"/><U105/><E105/><V134/><F1/><W42/><G69/><T113/><D107/><U75/><E0/><V26/><F9/><W19/><G33/><T121/><D113/><U91/><E3/><V86/><F61/><W41/><G128/><T98/><D109/><U56/><E130/><V81/><REACH who="2" step="1"/><F86/><REACH who="2" ten="235,265,245,235" step="2"/><W62/><G62/><T25/><D121/><U54/><E75/><V2/><F2/><W126/><G72/><T97/><D63/><U67/><E67/><V71/><F71/><W27/><G117/><T47/><D97/><AGARI ba="1,2" hai="16,21,26,55,58,60,79,81,85,92,97,103,132,134" machi="97" ten="40,8000,1" yaku="1,1,54,1,53,2" doraHai="133" doraHaiUra="129" who="2" fromWho="0" sc="235,-83,265,0,245,103,235,0" /><INIT seed="2,0,0,0,4,62" ten="152,265,348,235" oya="2" hai0="10,38,1,50,104,9,73,75,122,93,0,121,37" hai1="16,63,81,64,52,84,110,111,117,61,4,102,112" hai2="83,95,8,72,131,116,135,18,67,71,129,106,101" hai3="55,7,100,115,79,60,119,105,66,85,128,39,118"/><V40/><F40/><W114/><G39/><N who="0" m="14859" /><D93/><U80/><E117/><V46/><F46/><W28/><G128/><N who="2" m="49225" /><F18/><W77/><G28/><T68/><D104/><U109/><E112/><N who="3" m="43050" /><G7/><T126/><D50/><U132/><E132/><V88/><F8/><N who="0" m="3178" /><D68/><N who="1" m="41999" /><E4/><V58/><F58/><N who="3" m="37143" /><G55/><T113/><D113/><U87/><E102/><V12/><F101/><W56/><G56/><T36/><N who="0" m="14867" /><T22/><DORA hai="47" /><D22/><U3/><E3/><N who="0" m="1097" /><D126/><U14/><E52/><V76/><F71/><W65/><G105/><T120/><AGARI ba="0,0" hai="73,75,120,121,122" m="1097,3178,14867" machi="120" ten="60,4000,0" yaku="28,2" doraHai="62,47" who="0" fromWho="0" sc="152,40,265,-10,348,-20,235,-10" /><INIT seed="3,0,0,1,3,7" ten="192,255,328,225" oya="3" hai0="103,121,109,93,119,69,20,59,114,116,70,99,1" hai1="81,79,41,27,71,135,18,127,132,120,19,57,56" hai2="50,3,133,84,51,122,32,24,125,123,43,10,17" hai3="46,117,61,82,44,33,95,13,76,77,16,128,80"/><W89/><G117/><T126/><D121/><U38/><E71/><V28/><F133/><N who="1" m="51273" /><E127/><V101/><F101/><W52/><G33/><T62/><D126/><U78/><E120/><V11/><F125/><W134/><G128/><T66/><D70/><U88/><E88/><V40/><F84/><N who="3" m="52647" /><G134/><T36/><D114/><U63/><E27/><V58/><F32/><W22/><G46/><T92/><D69/><U102/><E102/><V4/><F58/><N who="1" m="22633" /><E63/><V115/><F115/><W39/><G39/><T91/><D36/><U100/><E100/><V113/><F113/><W96/><G96/><T29/><D109/><U31/><E31/><V37/><F37/><W73/><G73/><T21/><D116/><U30/><E30/><V67/><F123/><W97/><G97/><T105/><D119/><U26/><E26/><V110/><F110/><W98/><G98/><T45/><D29/><U94/><E94/><V112/><F112/><W118/><G118/><T42/><D93/><U65/><E65/><V54/><F122/><W111/><G111/><T23/><D91/><U131/><E131/><V107/><F107/><W85/><G61/><T49/><D105/><U47/><E79/><N who="3" m="30282" /><G85/><AGARI ba="0,0" hai="18,19,38,41,47,78,81,85" m="22633,51273" machi="85" ten="30,1000,0" yaku="20,1" doraHai="7" who="1" fromWho="3" sc="192,0,255,10,328,0,225,-10" owari="192,-30.8,265,6.5,328,42.8,215,-18.5" /></mjloggm>