<mjloggm ver="2.3"><GO type="225" lobby="0"/><UN n0="%E3%82%BC%E3%83%AB%E3%83%80%E3%81%AE%E4%BC%9D%E8%AA%AC" n1="%E3%82%A2%E3%82%A4%E3%82%B9%E3%83%86%E3%82%A3%E3%83%BC%E3%81%82%E3%81%B9" n2="%EF%BC%AE%EF%BC%A1%EF%BC%AF%33%33%39" n3="%E5%8F%AF%E5%85%90%E9%82%A3%E7%94%B1%E5%A4%9A" dan="17,16,16,17" rate="2258.17,2078.29,2055.38,2227.65" sx="M,M,M,F"/><TAIKYOKU oya="0"/><INIT seed="0,0,0,4,3,50" ten="250,250,250,250" oya="0" hai0="58,57,92,110,126,5,11,51,16,132,53,119,116" hai1="43,46,33,54,26,78,131,18,39,13,84,79,124" hai2="23,88,44,1,17,22,121,81,93,28,37,104,111" hai3="72,62,125,56,64,105,66,94,77,89,90,61,38"/><T128/><D126/><U0/><E0/><V101/><F1/><W100/><G125/><T75/><D75/><U118/><E118/><V21/><F121/><W15/><G38/><T133/><D128/><U107/><E107/><V12/><F28/><W129/><G129/><T73/><D73/><U31/><E131/><V70/><F70/><W3/><G3/><T87/><D5/><U49/><E84/><V42/><F81/><W117/><G117/><T135/><D110/><U98/><E98/><V35/><F35/><W9/><G105/><T97/><D87/><U63/><E63/><V41/><F41/><W76/><G100/><N who="0" m="60455" /><D58/><U14/><E14/><AGARI ba="0,0" hai="11,14,16,51,53,57,116,119,132,133,135" m="60455" machi="14" ten="30,5800,0" yaku="20,1,52,1,54,1" doraHai="50" who="0" fromWho="1" sc="250,58,250,-58,250,0,250,0" /><INIT seed="0,1,0,2,3,23" ten="308,192,250,250" oya="0" hai0="67,52,6,14,48,107,33,111,4,21,109,76,58" hai1="118,92,116,78,82,85,105,102,115,96,104,28,46" hai2="22,39,98,12,125,74,18,61,95,79,20,41,86" hai3="45,69,60,113,49,63,59,27,131,38,26,126,103"/><T9/><D33/><U37/><E28/><V70/><F74/><W50/><G113/><T68/><D107/><N who="1" m="41035" /><E46/><V32/><F32/><W2/><G2/><T54/><D76/><N who="1" m="46279" /><E37/><V94/><F41/><W135/><G135/><T5/><D21/><U119/><E78/><V43/><F43/><W8/><G131/><T44/><D67/><U15/><E15/><V35/><F35/><W100/><G126/><T117/><D117/><N who="1" m="29955" /><U73/><DORA hai="81" /><E73/><V101/><F39/><W87/><G38/><T66/><D66/><U30/><E30/><V40/><F40/><N who="3" m="24743" /><G69/><T34/><D68/><U120/><E115/><V133/><F70/><W3/><G3/><T91/><D34/><U89/><E120/><V47/><F47/><W64/><G8/><T10/><D10/><U24/><E24/><N who="3" m="9258" /><G60/><T75/><D75/><U84/><E102/><N who="3" m="38954" /><G50/><T80/><D9/><U17/><E17/><V112/><F61/><W11/><G11/><T124/><D48/><U108/><E108/><V53/><F18/><W56/><G56/><T55/><D58/><U129/><E129/><V7/><F112/><W13/><G13/><T127/><D14/><U0/><E0/><V121/><F12/><W72/><G72/><T122/><D122/><U16/><E16/><V99/><F121/><W57/><G57/><T42/><D109/><U128/><E128/><V71/><F71/><W90/><G90/><T25/><D111/><U88/><E89/><V77/><F101/><W93/><G93/><T65/><D25/><U29/><E29/><V51/><F51/><W110/><G110/><T36/><D91/><RYUUKYOKU ba="1,0" sc="308,-15,192,15,250,-15,250,15" hai1="84,88,92,96" hai3="59,63,64,87" /><INIT seed="1,2,0,4,3,42" ten="293,207,235,265" oya="1" hai0="22,83,114,65,105,89,39,13,110,61,44,74,49" hai1="4,134,45,124,133,11,51,52,57,68,111,116,40" hai2="85,63,21,54,9,43,97,76,80,82,69,17,121" hai3="26,118,12,32,37,60,99,29,103,48,38,131,106"/><U75/><E116/><V87/><F121/><W100/><G131/><T10/><D110/><U101/><E68/><V15/><F43/><W115/><G115/><T6/><D114/><U113/><E113/><V47/><F97/><W104/><G118/><T24/><D105/><U35/><E35/><V0/><F0/><W132/><G132/><N who="1" m="50794" /><E75/><V109/><F109/><W7/><G48/><T8/><D39/><N who="1" m="21663" /><E111/><V66/><F21/><W56/><G103/><T93/><D10/><U70/><E70/><V5/><F5/><W71/><G106/><T59/><D83/><U28/><E28/><V62/><F66/><N who="3" m="41415" /><G56/><T34/><D34/><U84/><E84/><V117/><F69/><W3/><G12/><T130/><D130/><U46/><E101/><V64/><F64/><W95/><G95/><T128/><D128/><U92/><E92/><V88/><F117/><W81/><G81/><T53/><D74/><U98/><E98/><V20/><F20/><W27/><G27/><T129/><D129/><U73/><E73/><V31/><F31/><W108/><G108/><T102/><D102/><U25/><E25/><V125/><F125/><W123/><G123/><T1/><D24/><U19/><E19/><V50/><AGARI ba="2,0" hai="9,15,17,47,50,54,62,63,76,80,82,85,87,88" machi="50" ten="30,12000,2" yaku="0,1,25,2,8,1,52,1,54,1" doraHai="42" who="2" fromWho="2" sc="293,-32,207,-62,235,126,265,-32" /><INIT seed="2,0,0,5,3,123" ten="261,145,361,233" oya="2" hai0="17,4,131,66,41,31,73,105,38,112,79,135,11" hai1="90,55,84,120,116,61,62,101,51,78,68,126,99" hai2="87,71,75,132,115,119,128,103,13,16,3,85,19" hai3="21,92,63,7,23,57,48,109,15,77,34,82,33"/><V94/><F75/><W69/><G69/><T0/><D112/><U6/><E116/><V53/><F3/><W12/><G48/><T130/><D135/><U29/><E120/><V46/><F71/><W127/><G127/><T81/><D105/><U118/><E118/><V125/><F119/><W50/><G50/><T86/><D31/><U52/><E78/><V18/><F115/><W27/><G92/><T106/><D106/><U134/><E134/><V110/><F132/><W5/><G57/><T32/><D32/><N who="3" m="12393" /><G63/><T25/><D66/><U95/><E29/><V72/><F72/><W93/><G93/><T20/><D86/><U40/><E126/><V88/><F103/><W64/><G64/><T28/><D28/><U37/><E37/><V76/><F125/><W83/><G77/><T14/><D25/><U100/><E6/><N who="3" m="2058" /><G83/><T49/><D49/><U44/><E101/><V89/><F76/><W111/><G82/><T117/><D117/><U8/><E8/><V121/><F121/><W2/><G2/><T108/><D41/><U42/><E68/><V70/><F70/><W54/><G54/><T24/><D38/><U65/><E65/><V22/><F53/><W26/><G26/><T122/><D24/><U60/><REACH who="1" step="1"/><E55/><REACH who="1" ten="261,135,361,233" step="2"/><V91/><F91/><W39/><G39/><T124/><D124/><U30/><E30/><V59/><F88/><W98/><G23/><T10/><D122/><U133/><E133/><V9/><F89/><W114/><G21/><T36/><D36/><U113/><E113/><V74/><F22/><W97/><G114/><T1/><D20/><RYUUKYOKU ba="0,1" sc="261,-10,135,30,361,-10,233,-10" hai1="40,42,44,51,52,60,61,62,84,90,95,99,100" /><INIT seed="3,1,1,5,2,111" ten="251,165,351,223" oya="3" hai0="63,52,48,59,76,16,38,1,19,27,112,135,87" hai1="104,45,13,57,0,21,42,106,86,37,32,11,91" hai2="102,26,40,66,97,83,109,100,79,9,134,92,22" hai3="51,118,60,107,36,24,55,114,2,28,90,93,119"/><W116/><G107/><T73/><D73/><U58/><E32/><V64/><F109/><W35/><G36/><T129/><D38/><U70/><E70/><V122/><F40/><W78/><G2/><T113/><D135/><U130/><E130/><V46/><F46/><W75/><G60/><T127/><D129/><U94/><E0/><V108/><F108/><W125/><G125/><T110/><D110/><U43/><E42/><V101/><F134/><W44/><G78/><T53/><D1/><U88/><E21/><V124/><F9/><W128/><G75/><T89/><D76/><U25/><E25/><V77/><F77/><W121/><G121/><T50/><D127/><U131/><E131/><V7/><F7/><W132/><G132/><T12/><D27/><U72/><E72/><V23/><F23/><W103/><G103/><N who="2" m="39497" /><F122/><W56/><G128/><T39/><D39/><U96/><E106/><V68/><F68/><W18/><G18/><N who="0" m="6699" /><D12/><U33/><E33/><V120/><F120/><W71/><G44/><T15/><D15/><U41/><E43/><V8/><F8/><W6/><G71/><T14/><D14/><U98/><E104/><V30/><F124/><W105/><G105/><T74/><D74/><U61/><E91/><V82/><F79/><W123/><G90/><T133/><D133/><U54/><REACH who="1" step="1"/><E58/><REACH who="1" ten="251,155,351,223" step="2"/><V10/><F10/><W117/><G123/><T20/><D20/><U67/><E67/><AGARI ba="1,2" hai="22,26,30,64,66,67,82,83,92,97,102" m="39497" machi="67" ten="30,1000,0" yaku="8,1" doraHai="111" who="2" fromWho="1" sc="251,0,155,-13,351,33,223,0" owari="251,5.1,142,-35.8,384,48.4,223,-17.7" /></mjloggm>