<mjloggm ver="2.3"><GO type="225" lobby="0"/><UN n0="%E3%81%A8%E3%82%93%E3%81%A8%E3%81%93%E3%81%A8%E3%82%93" n1="%E8%80%81%E6%A5%BD" n2="%E3%83%A9%E3%82%B9%E7%8E%87%EF%BC%93%E5%89%B2" n3="%E3%81%AA%E3%81%A1%30%39%32%37" dan="16,16,16,16" rate="2086.51,2114.99,2188.64,2095.70" sx="M,M,F,M"/><TAIKYOKU oya="0"/><INIT seed="0,0,0,0,0,90" ten="250,250,250,250" oya="0" hai0="80,94,99,23,39,67,8,3,74,120,73,33,132" hai1="29,15,40,17,60,13,130,24,56,43,50,123,108" hai2="25,59,30,21,121,127,37,38,35,109,131,76,20" hai3="77,71,134,10,66,116,28,63,12,48,89,98,11"/><T93/><D33/><U111/><E123/><V129/><F121/><W42/><G116/><T117/><D117/><U4/><E130/><N who="2" m="49675" /><F109/><N who="1" m="42057" /><E4/><V114/><F114/><W62/><G134/><T96/><D120/><U128/><E128/><V61/><F76/><W81/><G28/><T41/><D67/><N who="1" m="39303" /><E50/><V78/><F78/><W95/><G63/><T69/><D69/><U36/><E36/><N who="2" m="13931" /><F127/><W7/><G10/><T88/><D132/><U113/><E113/><V112/><F112/><W55/><G42/><N who="1" m="15914" /><E17/><V49/><F49/><W53/><REACH who="3" step="1"/><G48/><REACH who="3" ten="250,250,250,240" step="2"/><T54/><D41/><U126/><E126/><V87/><F61/><W19/><G19/><T9/><D39/><U124/><E124/><V6/><F6/><W133/><G133/><T14/><D9/><U68/><E68/><V104/><F30/><W70/><G70/><T34/><D8/><U119/><E119/><V31/><F31/><W5/><G5/><T125/><D125/><U27/><E27/><V52/><F25/><W86/><AGARI ba="0,1" hai="7,11,12,53,55,62,66,71,77,81,86,89,95,98" machi="86" ten="20,12000,2" yaku="1,1,0,1,7,1,52,1,53,2" doraHai="90" doraHaiUra="51" who="3" fromWho="3" sc="250,-60,250,-30,250,-30,240,130" /><INIT seed="1,0,0,0,0,42" ten="190,220,220,370" oya="1" hai0="11,96,130,132,57,91,99,13,131,20,125,94,40" hai1="10,86,105,79,38,109,110,60,117,52,23,58,88" hai2="48,29,15,14,56,82,115,18,129,1,134,16,39" hai3="103,51,128,97,53,21,37,8,25,111,69,98,62"/><U49/><E117/><V126/><F39/><W61/><G111/><N who="1" m="42506" /><E38/><V70/><F70/><W78/><G128/><T28/><D125/><U17/><E105/><V7/><F1/><W43/><G78/><T9/><D132/><U3/><E79/><V119/><F119/><W90/><G43/><T44/><D57/><U92/><E10/><V83/><F129/><N who="0" m="49162" /><D99/><U68/><E3/><V65/><F29/><W101/><G69/><T0/><D0/><U135/><E135/><V85/><F134/><W106/><G90/><T80/><D80/><U4/><E4/><V112/><F7/><W47/><G8/><N who="0" m="3147" /><D28/><U64/><E23/><V120/><F126/><W6/><G37/><N who="0" m="21519" /><D20/><U77/><E77/><V41/><F83/><W124/><G124/><T95/><D94/><U127/><E127/><V123/><F82/><W35/><G6/><T89/><D13/><U102/><E102/><AGARI ba="0,0" hai="89,91,95,96,102" m="21519,3147,49162" machi="102" ten="30,2000,0" yaku="19,1,52,1" doraHai="42" who="0" fromWho="1" sc="190,20,220,-20,220,0,370,0" /><INIT seed="2,0,0,1,5,59" ten="210,200,220,370" oya="2" hai0="119,99,23,84,13,21,132,135,78,97,36,10,63" hai1="62,106,46,91,6,98,127,64,43,123,49,37,54" hai2="48,107,61,88,72,9,58,71,124,129,12,121,87" hai3="66,5,110,76,90,101,24,20,19,55,51,69,26"/><V28/><F121/><W114/><G110/><T56/><D36/><U32/><E123/><V102/><F72/><W18/><G101/><T92/><D119/><U103/><E127/><V15/><F124/><W93/><G76/><T83/><D132/><U52/><E32/><V85/><F129/><W134/><G134/><T117/><D117/><U8/><E91/><V31/><F71/><W33/><G5/><T81/><D83/><U50/><E50/><V109/><F107/><W53/><G114/><T131/><D131/><U100/><E100/><V94/><F102/><W75/><G75/><T4/><D135/><U115/><E37/><V30/><F109/><W1/><G1/><T35/><D35/><U126/><E115/><V44/><F87/><W38/><G51/><T47/><D47/><U120/><E120/><V133/><F9/><W0/><G0/><T80/><D81/><U14/><REACH who="1" step="1"/><E126/><REACH who="1" ten="210,190,220,370" step="2"/><V29/><N who="2" m="7168" /><DORA hai="113" /><V128/><F133/><W74/><G38/><T70/><D70/><AGARI ba="0,1" hai="6,8,14,43,46,49,52,54,62,64,70,98,103,106" machi="70" ten="30,8000,1" yaku="1,1,7,1,52,1,54,1,53,1" doraHai="59,113" doraHaiUra="77,96" who="1" fromWho="0" sc="210,-80,190,90,220,0,370,0" /><INIT seed="3,0,0,2,2,126" ten="130,280,220,370" oya="3" hai0="14,86,123,73,58,106,83,92,20,32,44,25,31" hai1="117,62,16,61,134,55,120,98,60,131,122,97,115" hai2="108,9,6,93,76,135,84,39,100,95,42,127,27" hai3="2,45,110,26,105,113,40,75,38,10,107,17,30"/><W56/><G113/><T69/><D123/><U53/><E115/><V119/><F119/><W118/><G118/><T67/><D106/><U50/><E117/><V21/><F127/><W18/><G18/><T11/><D69/><U111/><E50/><V35/><F35/><W36/><G36/><T48/><D73/><U51/><E51/><V3/><F108/><W41/><G41/><T57/><D67/><U116/><E116/><V0/><F135/><W71/><G71/><T68/><D32/><U4/><E4/><V54/><F54/><N who="1" m="20489" /><E16/><V37/><F42/><W59/><G17/><T88/><D92/><U23/><E23/><V85/><F100/><W43/><G43/><T28/><D28/><U7/><E7/><V80/><F3/><W114/><G105/><T66/><D66/><U1/><E1/><V72/><F72/><W49/><G49/><T52/><D68/><U64/><E64/><V99/><F85/><W34/><G75/><T121/><D121/><N who="1" m="46699" /><E111/><V65/><F65/><W5/><G5/><AGARI ba="0,0" hai="5,11,14,20,25,31,44,48,52,57,58,83,86,88" machi="5" ten="30,7700,0" yaku="7,1,8,1,54,2" doraHai="126" who="0" fromWho="3" sc="130,77,280,0,220,0,370,-77" /><INIT seed="4,0,0,2,1,94" ten="207,280,220,293" oya="0" hai0="109,45,62,114,7,100,17,28,90,33,131,117,40" hai1="54,37,79,61,130,11,3,51,71,96,106,64,84" hai2="25,133,134,48,127,125,41,26,85,82,128,99,53" hai3="132,16,118,50,66,42,38,68,24,86,18,103,32"/><T89/><D117/><U36/><E130/><V30/><F41/><W35/><G118/><T83/><D7/><U77/><E3/><V69/><F69/><W1/><G1/><T12/><D131/><U59/><E11/><V112/><F112/><W29/><G35/><T58/><D114/><U22/><E22/><V13/><F13/><W120/><G38/><T75/><D109/><U123/><E123/><V44/><F99/><W81/><G50/><T115/><D115/><U104/><E104/><V129/><F26/><W97/><G42/><T95/><D33/><U110/><E110/><V121/><F121/><W92/><G132/><N who="2" m="50793" /><F85/><W6/><G6/><T70/><D28/><U46/><E84/><V0/><F82/><W60/><G120/><T63/><D70/><U39/><REACH who="1" step="1"/><E71/><REACH who="1" ten="207,270,220,293" step="2"/><V43/><F0/><W135/><G135/><T23/><D75/><U10/><E10/><V124/><F43/><W19/><G19/><T87/><D100/><AGARI ba="0,1" hai="36,37,39,46,51,54,59,61,64,77,79,96,100,106" machi="100" ten="40,5200,0" yaku="1,1,52,1,53,1" doraHai="94" doraHaiUra="56" who="1" fromWho="0" sc="207,-52,270,62,220,0,293,0" owari="155,-34.5,332,43.2,220,-18.0,293,9.3" /></mjloggm>