<mjloggm ver="2.3"><GO type="225" lobby="0"/><UN n0="%4C%4F%4C%49%54%41" n1="%E9%80%9F%E6%B0%B4%E5%87%9B%E9%A6%99" n2="%E3%81%BF%E3%82%84%E3%81%93%E3%82%93%EF%BC%91%EF%BC%90%E6%AD%B3" n3="%E5%B8%86%E7%AB%8B%E5%A4%8F%E8%A1%A3" dan="16,16,16,16" rate="2155.83,2127.14,2063.85,2088.74" sx="F,F,M,M"/><TAIKYOKU oya="0"/><INIT seed="0,0,0,2,4,20" ten="250,250,250,250" oya="0" hai0="40,47,41,79,110,64,77,0,45,95,75,21,94" hai1="38,23,69,17,57,63,111,29,7,91,11,96,3" hai2="70,130,104,119,99,73,25,34,56,74,92,54,135" hai3="134,9,37,80,66,107,124,108,105,68,14,86,1"/><T88/><D0/><U133/><E111/><V5/><F119/><W51/><G37/><T33/><D33/><U97/><E38/><V32/><F104/><W126/><G1/><T30/><D64/><U72/><E69/><V53/><F70/><W131/><G131/><T22/><D75/><U128/><E72/><V67/><F130/><W4/><G134/><T50/><D110/><U39/><E39/><V31/><F135/><W48/><G108/><T83/><D83/><U13/><E128/><V109/><F109/><W129/><G129/><T36/><D94/><U120/><E120/><V62/><F5/><W8/><G8/><T19/><D30/><U26/><E91/><V42/><F42/><W18/><G4/><T59/><D59/><U24/><E133/><V87/><F87/><W103/><G66/><T16/><D22/><N who="1" m="15511" /><E3/><V123/><F123/><W113/><G68/><T46/><D46/><U81/><E81/><V65/><F65/><AGARI ba="0,0" hai="7,11,13,17,23,26,57,63,65,96,97" m="15511" machi="65" ten="30,3900,0" yaku="8,1,52,2" doraHai="20" who="1" fromWho="2" sc="250,0,250,39,250,-39,250,0" /><INIT seed="1,0,0,5,3,114" ten="250,289,211,250" oya="1" hai0="104,38,131,88,23,81,74,82,26,90,84,127,14" hai1="96,87,19,70,25,103,21,40,129,20,59,4,112" hai2="66,123,121,5,41,49,34,54,122,108,29,12,92" hai3="63,27,72,85,117,0,100,33,60,10,115,69,22"/><U64/><E112/><V94/><F108/><W44/><G72/><T11/><D104/><U107/><E129/><V113/><F113/><W93/><G115/><T67/><D38/><U9/><E40/><V35/><F41/><W91/><G33/><T119/><D127/><U7/><E70/><V6/><F66/><W98/><G69/><T77/><D131/><U61/><E9/><V124/><F124/><W52/><G117/><T28/><D67/><U126/><E126/><V83/><F83/><W102/><G10/><T37/><D37/><U106/><E106/><V125/><F125/><W135/><G0/><T3/><D3/><U56/><E56/><V15/><F29/><W51/><G135/><T95/><D119/><U53/><E64/><V45/><F5/><W111/><G111/><T79/><REACH who="0" step="1"/><D95/><REACH who="0" ten="240,289,211,250" step="2"/><U58/><E107/><V99/><F94/><N who="3" m="54639" /><G102/><T31/><D31/><AGARI ba="0,1" hai="22,27,31,44,51,52,60,63,93,98,100" m="54639" machi="31" ten="30,2000,0" yaku="8,1,54,1" doraHai="114" who="3" fromWho="0" sc="240,-20,289,0,211,0,250,30" /><INIT seed="2,0,0,0,4,72" ten="220,289,211,280" oya="2" hai0="18,115,45,26,41,102,100,48,112,130,46,106,8" hai1="75,87,131,133,120,4,70,105,30,66,90,135,113" hai2="92,121,96,64,71,0,63,107,67,127,77,2,93" hai3="89,1,119,11,19,129,12,21,54,74,55,91,85"/><V81/><F121/><W27/><G74/><T33/><D130/><U57/><E105/><V5/><F127/><W116/><G129/><T23/><D33/><U43/><E75/><V110/><F110/><W44/><G1/><T104/><D106/><U117/><E131/><V62/><F107/><W6/><G116/><T111/><D111/><U38/><E70/><V97/><F5/><W40/><G91/><T15/><D104/><U128/><E117/><V32/><F32/><W16/><G6/><T53/><D112/><U31/><E4/><V114/><F114/><W13/><G27/><T124/><D124/><U61/><E113/><V9/><F9/><W108/><G108/><T122/><D122/><U88/><E90/><V37/><F37/><W14/><G13/><T52/><D115/><U101/><E101/><N who="0" m="39017" /><D45/><N who="1" m="23799" /><E128/><V94/><F0/><W109/><G109/><T86/><D86/><U29/><E29/><AGARI ba="0,0" hai="8,15,18,23,26,29,41,46,48,52,53" m="39017" machi="29" ten="30,2000,0" yaku="8,1,54,1" doraHai="72" who="0" fromWho="1" sc="220,20,289,-20,211,0,280,0" /><INIT seed="3,0,0,2,0,70" ten="240,269,211,280" oya="3" hai0="89,3,6,47,31,54,116,13,128,90,19,134,91" hai1="4,42,81,37,80,78,23,7,43,67,133,10,33" hai2="64,55,76,38,122,17,50,56,35,85,71,96,130" hai3="103,86,111,77,52,36,2,27,109,73,108,8,14"/><W28/><G36/><T120/><D120/><U131/><E33/><V119/><F119/><W46/><G2/><T0/><D116/><U20/><E133/><V95/><F122/><W61/><G103/><T26/><D128/><U129/><E67/><V126/><F130/><N who="1" m="49673" /><E4/><V25/><F126/><W30/><G73/><T48/><D6/><U29/><E29/><V124/><F124/><W117/><G117/><T24/><D134/><U97/><E97/><V72/><F72/><W135/><G135/><T87/><D87/><N who="1" m="48535" /><E81/><V123/><F123/><W125/><G125/><T92/><D92/><U62/><E62/><N who="2" m="40343" /><F38/><W21/><G30/><T110/><D31/><U132/><E132/><V101/><F85/><W99/><G99/><T41/><D3/><N who="1" m="383" /><E43/><V75/><F75/><W121/><G121/><T94/><D41/><U102/><E102/><V32/><F76/><W104/><G86/><T100/><D0/><U49/><E49/><V68/><F68/><W11/><G77/><T79/><D79/><U106/><E106/><N who="2" m="63783" /><F32/><N who="3" m="20511" /><G104/><T57/><D100/><U82/><E82/><V1/><F1/><W115/><G61/><T65/><D94/><U34/><E34/><V118/><F95/><W107/><G107/><T83/><D83/><U9/><E9/><V127/><F127/><W69/><G69/><T60/><REACH who="0" step="1"/><D110/><REACH who="0" ten="230,269,211,280" step="2"/><U113/><E42/><V12/><F118/><W63/><G109/><T45/><D45/><U88/><E88/><V40/><F40/><W105/><G111/><T44/><D44/><U51/><E37/><V59/><F35/><W98/><G108/><T58/><D58/><RYUUKYOKU ba="0,1" sc="230,30,269,-10,211,-10,280,-10" hai0="13,19,24,26,47,48,54,57,60,65,89,90,91" /><INIT seed="4,1,1,1,3,7" ten="260,259,201,270" oya="0" hai0="4,6,135,0,23,2,62,75,102,14,28,69,46" hai1="16,39,113,89,97,73,34,82,53,96,21,72,132" hai2="41,8,60,3,42,61,78,18,38,44,117,20,56" hai3="79,128,76,70,105,67,29,45,11,101,104,36,17"/><T55/><D75/><U83/><E34/><V133/><F133/><W126/><G29/><T52/><D135/><U85/><E39/><V103/><F117/><W127/><G128/><T80/><D0/><U91/><E132/><V129/><F129/><W24/><G67/><T31/><D2/><U118/><E118/><V58/><F42/><N who="3" m="22727" /><G24/><T71/><D102/><U27/><E113/><V68/><F103/><W88/><G70/><T131/><D131/><U63/><E72/><V122/><F122/><W125/><G88/><N who="1" m="33866" /><E73/><V86/><F68/><W115/><G115/><T22/><D46/><U49/><E63/><V9/><F3/><W15/><G101/><T32/><D62/><U37/><E37/><V25/><F61/><W12/><G15/><T59/><D14/><U130/><E130/><V108/><F108/><W33/><G33/><T124/><D32/><U112/><E112/><V47/><F47/><W106/><AGARI ba="1,1" hai="11,12,17,76,79,104,105,106,125,126,127" m="22727" machi="106" ten="40,2700,0" yaku="18,1,52,1" doraHai="7" who="3" fromWho="3" sc="260,-14,259,-8,201,-8,270,40" owari="246,-15.4,251,5.1,193,-30.7,310,41.0" /></mjloggm>