<mjloggm ver="2.3"><GO type="225" lobby="0"/><UN n0="%E7%AB%8B%E8%8A%B1%E9%9F%BF" n1="%E4%B8%89%E5%88%86%E5%B0%8F%E5%83%A7" n2="%E3%82%A2%E3%83%A1%E3%82%A2%E3%83%A9%E3%83%AC" n3="%E6%98%93%E5%88%A9%E8%96%A9%E4%BC%AF" dan="17,16,16,16" rate="2172.39,2094.49,2103.42,2098.22" sx="F,M,M,F"/><TAIKYOKU oya="0"/><INIT seed="0,0,0,4,5,38" ten="250,250,250,250" oya="0" hai0="58,134,36,10,27,121,107,91,56,37,21,95,17" hai1="122,119,103,66,109,125,129,98,48,79,124,52,96" hai2="25,14,92,71,77,93,115,89,28,97,117,50,24" hai3="54,68,131,33,47,13,31,8,73,59,108,127,57"/><T78/><D121/><U55/><E119/><V116/><F115/><W111/><G73/><T3/><D107/><U60/><E122/><V72/><F71/><W20/><G68/><T126/><D134/><U34/><E34/><V123/><F123/><W63/><G33/><T61/><D78/><U113/><E129/><V132/><F132/><W49/><G131/><T1/><D126/><N who="1" m="48747" /><E109/><V84/><F14/><W22/><G127/><T120/><D58/><N who="1" m="37143" /><E113/><V85/><F50/><W99/><G99/><N who="1" m="37930" /><E103/><V43/><F116/><W83/><G59/><T5/><D3/><U118/><E118/><V2/><F2/><W0/><G0/><T42/><D120/><U75/><E48/><V135/><F135/><W19/><G83/><AGARI ba="0,0" hai="52,55,75,79,83" m="37930,37143,48747" machi="83" ten="30,2000,0" yaku="18,1,54,1" doraHai="38" who="1" fromWho="3" sc="250,0,250,20,250,0,250,-20" /><INIT seed="1,0,0,0,1,64" ten="250,270,250,230" oya="1" hai0="87,106,92,114,89,24,131,97,59,5,25,14,80" hai1="17,54,61,86,37,21,49,44,84,50,113,28,96" hai2="45,63,117,46,74,62,31,123,119,77,26,41,47" hai3="48,52,129,7,72,103,58,79,4,112,18,2,30"/><U95/><E113/><V88/><F123/><W71/><G112/><T40/><D114/><U105/><E105/><V133/><F133/><W132/><G129/><T85/><D131/><U43/><E28/><V9/><F41/><W134/><G103/><T68/><D68/><U104/><E104/><V93/><F9/><W81/><G30/><T33/><D33/><U122/><E122/><V23/><F77/><W98/><G98/><T83/><D106/><U8/><E8/><V32/><F74/><W57/><G57/><T82/><D40/><U107/><E107/><V126/><F126/><W55/><G55/><T6/><D59/><U102/><E61/><V12/><F12/><W1/><G18/><T29/><D14/><U66/><E66/><V75/><F75/><W13/><G13/><T11/><D11/><U121/><E121/><V100/><F100/><W135/><REACH who="3" step="1"/><G71/><REACH who="3" ten="250,270,250,220" step="2"/><T130/><D130/><U22/><E22/><V20/><F20/><W73/><G73/><T108/><D29/><U27/><REACH who="1" step="1"/><E37/><REACH who="1" ten="250,260,250,220" step="2"/><V78/><F23/><W94/><G94/><T0/><D92/><U65/><E65/><V124/><F93/><W67/><G67/><T118/><D25/><U120/><E120/><V101/><F26/><W69/><G69/><T19/><D24/><U109/><E109/><V127/><F31/><W70/><G70/><T128/><D108/><U116/><E116/><V110/><F110/><W115/><G115/><T99/><D118/><U10/><E10/><V125/><F119/><W56/><G56/><AGARI ba="0,2" hai="17,21,27,43,44,49,50,54,56,84,86,95,96,102" machi="56" ten="30,5800,0" yaku="1,1,7,1,8,1,53,0" doraHai="64" doraHaiUra="60" who="1" fromWho="3" sc="250,0,260,78,250,0,220,-58" /><INIT seed="1,1,0,0,3,131" ten="250,338,250,162" oya="1" hai0="99,54,60,7,61,43,48,133,27,91,1,109,4" hai1="134,77,46,55,130,117,36,108,31,73,79,63,104" hai2="97,37,5,62,80,96,100,33,22,42,66,24,40" hai3="3,52,126,87,50,124,74,95,70,127,57,111,72"/><U81/><E117/><V12/><F33/><W49/><G70/><T135/><D43/><U115/><E115/><V122/><F122/><W39/><G39/><T114/><D114/><U123/><E123/><V93/><F80/><W28/><G111/><T132/><D109/><U34/><E108/><V125/><F125/><W82/><G3/><T14/><D27/><U118/><E118/><V11/><F96/><W68/><G68/><T128/><D1/><U92/><E104/><V71/><F37/><W102/><G28/><AGARI ba="1,0" hai="5,11,12,22,24,28,40,42,62,66,71,93,97,100" machi="28" ten="30,1000,0" yaku="7,1" doraHai="131" who="2" fromWho="3" sc="250,0,338,0,250,13,162,-13" /><INIT seed="2,0,0,1,4,54" ten="250,338,263,149" oya="2" hai0="47,38,58,101,107,76,113,98,2,111,82,32,24" hai1="25,50,60,103,19,133,70,102,30,68,13,73,112" hai2="43,126,105,66,78,44,108,81,95,53,97,130,31" hai3="56,34,14,59,37,118,127,16,57,51,4,41,64"/><V6/><F130/><W88/><G118/><T18/><D113/><U99/><E112/><V74/><F126/><W12/><G34/><T75/><D111/><U89/><E133/><V132/><F132/><W17/><G37/><T116/><D116/><U27/><E73/><V114/><F114/><W20/><G127/><T86/><D2/><U61/><E89/><V85/><F66/><W92/><G4/><T117/><D117/><U90/><E90/><V128/><F128/><W62/><G41/><T42/><D18/><U134/><E134/><V83/><F105/><W40/><G40/><T125/><D125/><U120/><E120/><V46/><F31/><W49/><G51/><T84/><REACH who="0" step="1"/><D58/><REACH who="0" ten="240,338,263,149" step="2"/><N who="3" m="22633" /><G49/><T23/><D23/><U48/><E70/><V55/><F108/><W15/><G17/><T129/><D129/><U0/><E68/><V3/><F3/><W93/><G93/><T110/><D110/><U9/><E0/><V71/><F71/><W94/><G94/><T11/><D11/><U69/><E69/><V104/><F104/><W10/><G10/><T106/><D106/><U5/><E19/><V96/><F95/><W131/><G131/><T28/><AGARI ba="0,1" hai="24,28,32,38,42,47,75,76,82,84,86,98,101,107" machi="28" ten="30,4000,0" yaku="1,1,0,1,53,1" doraHai="54" doraHaiUra="22" who="0" fromWho="0" sc="240,50,338,-10,263,-20,149,-10" /><INIT seed="3,0,0,5,0,45" ten="290,328,243,139" oya="3" hai0="90,125,97,30,82,81,94,42,88,22,56,16,65" hai1="98,28,71,51,6,113,119,124,83,52,58,99,5" hai2="31,72,10,89,115,8,126,21,128,69,121,108,73" hai3="110,11,13,3,130,86,135,70,14,67,46,79,44"/><W49/><G130/><T19/><D125/><U20/><E113/><V4/><F69/><W111/><G135/><T25/><D42/><U61/><E124/><V77/><F126/><W104/><G104/><T64/><D56/><N who="1" m="32799" /><E71/><V114/><F121/><W47/><G3/><T106/><D106/><U53/><E119/><V116/><F77/><W50/><G67/><N who="0" m="25675" /><D90/><U85/><E28/><V57/><F31/><W122/><G70/><T12/><D30/><U123/><E20/><AGARI ba="0,0" hai="12,16,19,20,22,25,81,82,88,94,97" m="25675" machi="20" ten="30,3900,0" yaku="8,1,54,2" doraHai="45" who="0" fromWho="1" sc="290,39,328,-39,243,0,139,0" owari="329,42.9,289,8.9,243,-15.7,139,-36.1" /></mjloggm>