<mjloggm ver="2.3"><GO type="225" lobby="0"/><UN n0="%E3%81%8F%E3%82%8A%E3%83%94%E3%83%BC" n1="%E3%81%9F%E3%81%93%E2%98%86%E7%84%BC%E3%81%8D" n2="%E3%83%B4%E3%83%A0%EF%BC%99%E3%81%A6" n3="%6D%75%75%6D%75%72%61" dan="16,16,17,16" rate="2102.69,2115.28,2173.36,2151.42" sx="M,M,M,F"/><TAIKYOKU oya="0"/><INIT seed="0,0,0,3,0,64" ten="250,250,250,250" oya="0" hai0="50,7,56,126,83,119,131,9,6,12,91,78,41" hai1="95,109,127,71,26,53,80,123,70,66,37,87,58" hai2="59,42,76,32,102,130,89,51,133,39,96,35,65" hai3="132,52,86,11,54,121,108,98,77,134,129,14,92"/><T104/><D119/><U2/><E123/><V0/><F0/><W3/><G121/><T46/><D104/><U44/><E2/><V135/><F76/><W67/><G108/><T16/><D131/><U84/><E26/><V101/><F130/><W82/><G129/><T4/><D126/><U72/><E127/><V28/><F39/><W99/><G67/><T97/><D56/><U115/><E115/><V79/><F79/><W15/><G3/><T100/><D91/><U38/><E72/><V62/><F42/><W47/><G98/><T20/><D97/><U22/><E22/><V36/><F36/><N who="1" m="13929" /><E95/><V110/><F110/><W111/><G111/><T23/><REACH who="0" step="1"/><D100/><REACH who="0" ten="240,250,250,250" step="2"/><U113/><E113/><V69/><F89/><W34/><G99/><T21/><D21/><U57/><E109/><V31/><F101/><W85/><G34/><T128/><D128/><U124/><E124/><V18/><F32/><W118/><G118/><T55/><D55/><U25/><E53/><V74/><F35/><W122/><G52/><T29/><D29/><U93/><E57/><V116/><F28/><W105/><G105/><T63/><D63/><U125/><E58/><V13/><F31/><W68/><G54/><T73/><AGARI ba="0,1" hai="4,6,7,9,12,16,20,23,41,46,50,73,78,83" machi="73" ten="30,6000,0" yaku="1,1,0,1,54,1,53,0" doraHai="64" doraHaiUra="61" who="0" fromWho="0" sc="240,70,250,-20,250,-20,250,-20" /><INIT seed="0,1,0,0,0,34" ten="310,230,230,230" oya="0" hai0="67,81,78,103,91,119,63,55,26,115,45,135,36" hai1="70,116,68,71,123,108,12,125,25,72,118,89,60" hai2="56,112,122,27,11,105,99,58,43,18,107,47,73" hai3="130,88,111,44,102,129,90,50,39,98,49,131,134"/><T79/><D115/><U128/><E25/><V76/><F122/><W21/><G111/><T57/><D119/><U92/><E72/><V2/><F112/><W61/><G134/><T5/><D135/><U14/><E123/><V83/><F27/><W17/><G39/><T109/><D109/><U46/><E108/><V59/><F18/><W33/><G61/><T42/><D103/><U132/><E132/><V95/><F95/><W41/><G50/><T117/><D117/><U106/><E106/><V29/><F29/><W121/><G33/><T9/><D26/><U24/><E24/><V31/><F31/><W82/><G121/><T51/><D91/><U16/><E12/><V37/><F99/><W94/><G82/><T97/><D97/><U1/><E1/><V40/><F40/><W75/><G75/><T0/><REACH who="0" step="1"/><D81/><REACH who="0" ten="300,230,230,230" step="2"/><U22/><E118/><V114/><F114/><W35/><G35/><T7/><D7/><AGARI ba="1,1" hai="2,7,11,37,43,47,56,58,59,73,76,83,105,107" machi="7" ten="40,5200,0" yaku="25,2,52,1" doraHai="34" who="2" fromWho="0" sc="300,-55,230,0,230,65,230,0" /><INIT seed="1,0,0,0,0,34" ten="245,230,295,230" oya="1" hai0="46,75,57,119,73,27,21,95,82,132,135,62,66" hai1="54,76,65,99,13,37,63,102,24,43,122,113,49" hai2="106,120,15,36,131,42,38,20,118,35,17,4,33" hai3="133,70,67,31,130,74,26,51,91,109,6,124,52"/><U114/><E122/><V64/><F106/><W81/><G109/><T12/><D119/><U29/><E76/><V121/><F118/><W98/><G130/><T16/><D82/><U19/><E43/><V44/><F131/><W55/><G124/><T126/><D126/><U68/><E37/><V30/><F36/><W41/><G133/><N who="0" m="51275" /><D46/><U71/><E71/><V23/><F64/><W100/><G6/><T87/><D27/><U94/><E13/><V116/><F116/><W108/><G108/><T92/><D87/><U104/><E94/><AGARI ba="0,0" hai="12,16,21,57,62,66,73,75,92,94,95" m="51275" machi="94" ten="30,2000,0" yaku="20,1,54,1" doraHai="34" who="0" fromWho="1" sc="245,20,230,-20,295,0,230,0" /><INIT seed="2,0,0,0,5,107" ten="265,210,295,230" oya="2" hai0="124,83,104,9,50,26,134,106,122,72,40,32,28" hai1="31,79,43,12,109,78,30,58,87,121,56,14,119" hai2="120,16,85,49,7,99,34,66,91,74,55,86,47" hai3="125,75,101,6,118,41,70,76,115,2,129,132,24"/><V133/><F120/><W45/><G118/><T127/><D122/><U102/><E119/><V38/><F34/><W25/><G129/><T54/><D40/><U131/><E121/><V17/><F133/><W111/><G111/><T128/><D9/><U59/><E43/><V114/><F114/><W77/><G70/><T93/><D93/><U81/><E102/><V21/><F74/><W135/><G125/><N who="0" m="48203" /><D128/><U62/><E109/><V29/><F7/><W112/><G101/><T3/><D3/><U113/><E113/><N who="3" m="43594" /><G6/><T94/><D94/><U67/><E131/><V80/><F38/><N who="3" m="21687" /><G2/><T1/><D1/><U90/><E67/><V97/><F66/><W108/><G108/><T23/><D32/><U51/><E62/><V44/><F44/><W82/><G76/><N who="1" m="29226" /><E51/><V19/><F85/><W100/><G100/><T36/><D36/><U46/><E46/><V69/><F69/><W61/><G61/><T4/><D50/><U64/><E64/><V39/><F39/><W10/><G10/><T88/><D134/><AGARI ba="0,0" hai="24,25,75,77,82,132,134,135" m="21687,43594" machi="134" ten="30,3900,0" yaku="20,1,11,1,52,1" doraHai="107" who="3" fromWho="0" sc="265,-39,210,0,295,0,230,39" /><INIT seed="3,0,0,2,3,14" ten="226,210,295,269" oya="3" hai0="55,29,70,80,111,91,67,60,92,48,97,10,129" hai1="69,51,3,15,88,12,78,32,103,39,34,35,20" hai2="47,44,99,19,16,5,8,108,6,11,83,110,94" hai3="13,113,109,118,2,1,98,53,124,128,36,31,52"/><W26/><G113/><T45/><D111/><N who="2" m="42538" /><F83/><W63/><G118/><T76/><D129/><U74/><E3/><N who="2" m="63" /><F44/><W100/><G109/><T105/><D29/><U90/><E39/><V117/><F47/><W42/><G128/><T71/><D10/><U107/><E69/><V126/><F126/><W86/><G124/><T24/><D24/><U135/><E135/><V87/><F87/><W116/><G116/><T125/><D125/><U65/><E65/><V114/><F117/><W64/><G36/><T82/><D71/><U120/><E120/><V28/><F28/><W18/><G42/><T17/><D105/><U72/><E51/><V62/><F62/><W132/><G86/><T30/><D30/><U102/><E78/><V46/><F46/><W123/><G132/><T85/><D82/><U106/><REACH who="1" step="1"/><E34/><REACH who="1" ten="226,200,295,269" step="2"/><V104/><F114/><W54/><G123/><T115/><REACH who="0" step="1"/><D115/><REACH who="0" ten="216,200,295,269" step="2"/><U122/><E122/><V68/><F68/><N who="3" m="42015" /><G1/><T37/><D37/><U21/><AGARI ba="0,2" hai="12,15,20,21,32,35,72,74,88,90,102,103,106,107" machi="21" ten="25,8000,1" yaku="1,1,0,1,22,2,54,1,53,0" doraHai="14" doraHaiUra="56" who="1" fromWho="1" sc="216,-20,200,100,295,-20,269,-40" owari="196,-30.4,300,40.0,275,7.5,229,-17.1" /></mjloggm>