<mjloggm ver="2.3"><GO type="225" lobby="0"/><UN n0="%E3%81%BF%E3%81%BF%E3%81%9A" n1="%72%69%6F%75%63%68%61%6E" n2="%E3%83%A9%E3%83%BC%E3%83%A1%E3%83%B3%E4%BA%94%E9%83%8E" n3="%E7%B4%94%E6%BD%94%E3%83%94%E3%83%A9%E3%83%8B%E3%82%A2" dan="17,16,16,16" rate="2250.70,2152.28,2083.82,2176.82" sx="M,M,M,M"/><TAIKYOKU oya="0"/><INIT seed="0,0,0,2,5,61" ten="250,250,250,250" oya="0" hai0="114,0,12,130,65,39,124,52,38,27,43,109,88" hai1="89,74,99,57,5,76,96,101,113,95,64,100,70" hai2="32,60,1,111,66,37,84,121,22,8,21,20,131" hai3="55,62,123,108,59,16,77,29,85,67,80,71,97"/><T18/><D114/><U36/><E113/><V133/><F121/><W14/><G123/><T24/><D0/><U35/><E35/><V53/><F32/><W119/><G119/><T10/><D124/><U68/><E36/><V75/><F75/><W49/><G108/><T107/><D107/><U23/><E5/><V63/><F111/><W40/><G97/><T41/><D109/><U69/><E23/><V82/><F133/><W46/><G29/><T117/><D117/><U13/><E13/><V83/><F131/><W9/><REACH who="3" step="1"/><G71/><REACH who="3" ten="250,250,250,240" step="2"/><T135/><D135/><U26/><E99/><V129/><F129/><W47/><G47/><T118/><D130/><U17/><E68/><V91/><F37/><W51/><G51/><T15/><D118/><U110/><E110/><V127/><F127/><W98/><G98/><T6/><D38/><U126/><E126/><V106/><F60/><W116/><G116/><T78/><D39/><U28/><E101/><V90/><F63/><W54/><AGARI ba="0,1" hai="9,14,16,40,46,49,54,55,59,62,67,77,80,85" machi="54" ten="30,8000,1" yaku="1,1,0,1,8,1,52,1,54,1,53,0" doraHai="61" doraHaiUra="3" who="3" fromWho="3" sc="250,-40,250,-20,250,-20,240,90" /><INIT seed="1,0,0,4,5,103" ten="210,230,230,330" oya="1" hai0="127,119,42,102,70,124,13,83,49,22,95,57,5" hai1="18,10,96,130,40,41,32,68,76,99,125,82,121" hai2="89,85,74,107,72,2,60,37,123,46,7,90,118" hai3="51,79,67,73,45,106,131,63,69,108,132,52,23"/><U31/><E121/><V3/><F118/><W27/><G108/><T86/><D70/><U111/><E111/><V133/><F123/><W122/><G122/><T53/><D119/><U61/><E125/><N who="0" m="48201" /><D42/><U84/><E130/><V77/><F133/><W128/><G132/><T47/><D47/><U16/><E31/><V98/><F72/><W55/><G106/><T93/><D102/><U4/><E32/><V54/><F74/><W64/><G64/><T29/><D5/><U120/><E120/><V38/><F7/><W117/><G117/><T126/><N who="0" m="48209" /><T94/><DORA hai="88" /><D29/><U25/><E41/><V66/><F46/><W50/><G79/><N who="0" m="46463" /><D13/><U91/><E40/><V44/><F44/><N who="3" m="27719" /><G73/><T34/><D22/><U15/><E25/><V59/><F2/><W134/><G134/><T113/><D113/><U105/><E105/><V43/><F107/><W116/><G116/><T129/><D129/><N who="3" m="49737" /><G23/><T30/><D30/><U65/><REACH who="1" step="1"/><E76/><REACH who="1" ten="210,220,230,330" step="2"/><V6/><F77/><W39/><G27/><T48/><D48/><U33/><E33/><AGARI ba="0,1" hai="33,34,49,53,57,93,94,95" m="46463,48209" machi="33" ten="50,8000,1" yaku="18,1,52,3" doraHai="103,88" who="0" fromWho="1" sc="210,90,220,-80,230,0,330,0" /><INIT seed="2,0,0,4,3,115" ten="300,140,230,330" oya="2" hai0="24,5,57,66,86,30,11,14,92,133,117,23,46" hai1="112,97,33,54,55,74,65,47,40,99,80,42,123" hai2="35,102,118,98,19,20,26,29,89,28,60,16,134" hai3="126,2,49,127,45,96,104,53,109,113,114,88,27"/><V110/><F134/><W72/><G2/><T101/><D133/><U62/><E112/><N who="3" m="43114" /><G72/><T76/><D117/><U41/><E123/><V4/><F118/><W131/><G109/><T7/><D46/><U56/><E33/><V108/><F4/><W81/><G131/><T85/><D76/><U90/><E74/><V77/><F77/><W52/><G53/><T120/><D120/><U129/><E129/><V67/><F89/><W73/><G27/><T34/><D34/><U103/><E47/><V124/><F124/><N who="3" m="47659" /><G73/><T119/><D119/><U91/><E91/><V100/><F100/><N who="3" m="62471" /><G88/><T18/><D86/><U130/><E130/><V36/><F108/><W3/><G3/><T107/><D107/><U106/><REACH who="1" step="1"/><E97/><REACH who="1" ten="300,130,230,330" step="2"/><V95/><F110/><W111/><G111/><T71/><D85/><AGARI ba="0,1" hai="40,41,42,54,55,56,62,65,80,85,90,99,103,106" machi="85" ten="40,8000,1" yaku="1,1,2,1,53,3" doraHai="115" doraHaiUra="39" who="1" fromWho="0" sc="300,-80,130,90,230,0,330,0" /><INIT seed="3,0,0,2,2,128" ten="220,220,230,330" oya="3" hai0="36,42,121,72,14,68,74,122,35,25,6,7,3" hai1="15,102,32,96,55,40,98,116,37,90,85,107,76" hai2="22,53,5,109,45,28,0,58,10,4,47,92,48" hai3="105,124,80,81,30,127,131,71,33,11,27,61,19"/><W101/><G131/><T134/><D14/><U46/><E32/><V104/><F104/><W57/><G71/><T56/><D56/><U120/><E120/><N who="0" m="46185" /><D68/><U29/><E29/><V130/><F130/><W31/><G31/><N who="0" m="19951" /><D7/><N who="2" m="2634" /><F0/><W69/><G69/><T106/><D106/><U115/><E115/><V114/><F114/><W112/><G112/><T50/><D50/><U54/><E116/><V77/><F109/><W2/><G2/><T39/><D134/><U43/><E43/><V21/><F10/><W63/><G63/><T86/><D86/><U62/><E62/><V70/><F70/><W16/><G101/><T65/><D65/><U8/><E76/><V26/><F77/><W34/><G34/><T51/><D51/><U97/><E97/><V100/><F21/><W111/><G105/><T135/><D135/><U1/><E98/><AGARI ba="0,0" hai="22,26,28,45,47,48,53,58,92,98,100" m="2634" machi="98" ten="30,1000,0" yaku="8,1" doraHai="128" who="2" fromWho="1" sc="220,0,220,-10,230,10,330,0" owari="220,-18.0,210,-29.0,240,4.0,330,43.0" /></mjloggm>