<mjloggm ver="2.3"><GO type="225" lobby="0"/><UN n0="%E3%81%AF%E3%82%88%E3%81%8A%E3%81%98%E3%81%95%E3%82%93" n1="%73%69%72%6F%75%74" n2="%E8%81%B7%E6%A5%AD%E3%80%81%E9%A2%A8%32" n3="%6D%75%75%6D%75%72%61" dan="16,16,16,16" rate="2193.62,2139.27,2088.78,2139.48" sx="M,M,M,F"/><TAIKYOKU oya="0"/><INIT seed="0,0,0,1,2,106" ten="250,250,250,250" oya="0" hai0="30,1,97,56,8,34,90,60,27,78,96,44,6" hai1="123,115,52,81,109,107,35,21,94,7,79,114,91" hai2="49,98,31,37,73,130,4,74,87,103,132,88,24" hai3="32,67,86,75,133,111,50,0,14,23,119,46,125"/><T40/><D78/><U63/><E35/><V20/><F37/><W38/><G0/><T135/><D135/><U12/><E107/><V26/><F132/><W57/><G119/><T120/><D120/><U95/><E123/><V53/><F130/><W84/><G133/><T118/><D90/><U117/><E117/><V5/><F4/><W18/><G32/><T134/><D118/><U100/><E100/><V66/><F5/><W116/><G116/><T36/><REACH who="0" step="1"/><D134/><REACH who="0" ten="240,250,250,250" step="2"/><U77/><E115/><V70/><F103/><W17/><G86/><T65/><AGARI ba="0,1" hai="1,6,8,27,30,34,36,40,44,56,60,65,96,97" machi="65" ten="20,7800,0" yaku="1,1,2,1,0,1,7,1,53,0" doraHai="106" doraHaiUra="19" who="0" fromWho="0" sc="240,88,250,-26,250,-26,250,-26" /><INIT seed="0,1,0,4,0,115" ten="328,224,224,224" oya="0" hai0="47,17,118,80,125,26,97,46,54,52,103,108,4" hai1="21,76,9,107,88,63,57,111,133,78,84,86,72" hai2="121,32,48,70,77,37,62,105,20,44,129,124,23" hai3="6,83,3,117,113,109,95,126,66,91,71,74,130"/><T110/><D125/><U51/><E133/><V85/><F32/><W67/><G113/><T112/><D118/><U98/><E111/><N who="0" m="42537" /><D112/><U73/><E51/><V50/><F105/><W53/><G109/><T29/><D4/><U92/><E9/><V15/><F124/><W5/><G126/><T35/><D17/><U75/><E21/><V134/><F134/><W100/><G130/><T38/><D80/><N who="1" m="49159" /><E57/><V12/><F129/><W132/><G132/><T65/><D65/><U27/><E63/><V90/><F62/><W0/><G83/><T116/><D116/><U33/><E33/><V120/><F70/><W49/><G117/><T135/><D135/><U87/><E27/><V102/><F120/><W31/><G74/><N who="1" m="28778" /><E107/><V64/><F121/><W24/><G71/><T16/><D16/><U122/><E122/><V94/><F64/><W131/><G131/><T106/><D47/><U8/><E8/><V61/><F44/><W89/><G66/><T127/><D127/><U69/><E69/><V2/><F15/><W7/><G67/><T41/><AGARI ba="1,0" hai="26,29,35,38,41,46,52,54,97,103,106" m="42537" machi="41" ten="30,6000,0" yaku="14,1,10,1,54,1" doraHai="115" who="0" fromWho="0" sc="328,63,224,-21,224,-21,224,-21" /><INIT seed="0,2,0,0,3,13" ten="391,203,203,203" oya="0" hai0="48,116,89,62,78,129,122,26,11,43,39,6,134" hai1="94,125,22,63,123,106,83,60,70,115,79,121,109" hai2="133,130,50,2,58,7,85,75,88,33,126,27,86" hai3="34,107,84,105,87,64,53,120,97,68,15,30,45"/><T112/><D112/><U101/><E106/><V95/><F75/><W113/><G113/><T76/><D116/><U28/><E115/><V19/><F126/><W23/><G120/><T110/><D122/><U127/><E121/><V73/><F73/><W12/><G107/><T66/><D39/><U49/><E123/><V99/><F130/><W8/><G53/><T104/><D104/><U117/><E117/><V118/><F118/><W9/><G45/><T37/><D37/><U5/><E70/><V47/><F133/><W69/><G105/><T44/><D134/><U56/><E5/><V0/><F58/><W65/><G97/><T72/><D72/><U114/><E114/><V17/><F33/><W124/><G34/><T98/><D129/><U108/><E49/><V38/><F38/><W81/><G81/><T77/><D26/><N who="1" m="16471" /><E83/><V4/><F2/><W25/><G124/><N who="1" m="47690" /><E79/><V93/><F0/><W102/><G68/><T80/><D80/><U61/><E101/><N who="2" m="60655" /><F27/><W67/><G102/><T10/><D6/><N who="2" m="2090" /><F86/><N who="3" m="32811" /><G69/><T119/><D119/><U46/><E46/><V42/><AGARI ba="2,0" hai="17,19,42,47,50,85,88,95" m="2090,60655" machi="42" ten="30,7900,0" yaku="8,1,52,2,54,1" doraHai="13" who="2" fromWho="2" sc="391,-41,203,-22,203,85,203,-22" /><INIT seed="1,0,0,4,0,39" ten="350,181,288,181" oya="1" hai0="25,61,77,111,68,53,51,10,120,109,112,65,17" hai1="2,48,41,87,18,76,131,80,85,104,57,115,81" hai2="95,75,42,133,89,28,103,37,119,122,4,96,44" hai3="6,8,24,91,132,127,101,126,30,130,125,40,129"/><U71/><E104/><V99/><F119/><W32/><G101/><T35/><D112/><U13/><E71/><V105/><F122/><W33/><G91/><T79/><D120/><U55/><E2/><V21/><F133/><W88/><G132/><T110/><D10/><N who="1" m="6455" /><E131/><N who="3" m="50186" /><G88/><T7/><D7/><U52/><E115/><V69/><F69/><W46/><G46/><T23/><REACH who="0" step="1"/><D35/><REACH who="0" ten="340,181,288,181" step="2"/><U116/><E116/><V14/><F4/><W64/><G33/><T47/><AGARI ba="0,1" hai="17,23,25,47,51,53,61,65,68,77,79,109,110,111" machi="47" ten="30,8000,1" yaku="1,1,2,1,0,1,14,1,53,1" doraHai="39" doraHaiUra="12" who="0" fromWho="0" sc="340,90,181,-40,288,-20,181,-20" /><INIT seed="2,0,0,2,1,12" ten="430,141,268,161" oya="2" hai0="40,104,1,93,3,102,99,68,57,67,6,52,82" hai1="128,48,47,43,95,92,59,131,20,64,123,76,126" hai2="103,45,13,74,120,122,115,91,109,50,98,134,56" hai3="111,79,88,112,31,55,96,9,116,106,61,18,65"/><V28/><F115/><W58/><G112/><T105/><D40/><U54/><E76/><V127/><F74/><W94/><G116/><T78/><D67/><U8/><E8/><V32/><F127/><W63/><G111/><T62/><D68/><U135/><E126/><V38/><F134/><W33/><G106/><T15/><D104/><U22/><E64/><V41/><F109/><W7/><G79/><T42/><D42/><U83/><E83/><V17/><F91/><W80/><G80/><T71/><D71/><U81/><E81/><V117/><F117/><W35/><G31/><T119/><D105/><U39/><E135/><V133/><F133/><W21/><G7/><T100/><D102/><U73/><E73/><V10/><F28/><W4/><G4/><T107/><D107/><U16/><E22/><V36/><F32/><W2/><G9/><T130/><D130/><N who="1" m="49707" /><E123/><V27/><F27/><AGARI ba="0,0" hai="16,20,27,39,43,47,48,54,59,92,95" m="49707" machi="27" ten="30,3900,0" yaku="19,1,52,1,54,1" doraHai="12" who="1" fromWho="2" sc="430,0,141,39,268,-39,161,0" /><INIT seed="3,0,0,1,3,58" ten="430,180,229,161" oya="3" hai0="40,48,4,59,112,51,65,104,134,69,6,0,80" hai1="106,89,78,32,35,61,39,56,45,38,46,87,82" hai2="103,118,111,126,74,127,63,91,18,109,86,25,3" hai3="135,107,23,50,84,64,101,17,30,102,128,24,2"/><W16/><G128/><T27/><D104/><U34/><E106/><V110/><F74/><W7/><G135/><T21/><D69/><U66/><REACH who="1" step="1"/><E78/><REACH who="1" ten="430,170,229,161" step="2"/><V73/><F111/><W92/><G107/><T131/><D112/><U28/><E28/><V124/><F110/><W43/><G64/><T5/><D51/><U95/><E95/><V121/><F109/><W20/><G2/><T75/><D6/><U117/><E117/><V14/><F3/><W115/><G7/><T130/><D59/><U8/><E8/><V22/><F118/><W100/><G115/><T29/><D75/><U9/><E9/><V94/><F73/><W54/><G43/><T93/><D27/><U122/><E122/><V44/><F121/><W119/><G119/><T108/><D21/><U116/><E116/><V97/><F22/><W41/><G41/><T12/><D12/><U1/><E1/><V98/><F25/><W67/><G67/><T72/><D80/><U99/><E99/><V53/><F98/><W26/><G30/><T70/><D70/><U71/><E71/><V120/><F97/><N who="3" m="59431" /><G84/><T132/><D72/><U62/><E62/><V114/><F120/><W77/><G77/><T15/><D0/><U11/><E11/><V79/><F86/><W85/><G85/><T13/><D131/><U57/><E57/><AGARI ba="0,1" hai="16,17,20,23,24,26,50,54,57,101,102" m="59431" machi="57" ten="30,2900,0" yaku="8,1,54,1" doraHai="58" who="3" fromWho="1" sc="430,0,170,-29,229,0,161,39" /><INIT seed="3,1,0,0,3,134" ten="430,141,229,200" oya="3" hai0="32,99,115,44,72,6,135,89,118,97,51,91,131" hai1="53,25,95,30,43,10,70,26,113,21,1,52,102" hai2="45,31,50,49,87,15,63,24,125,58,111,106,65" hai3="16,127,4,100,80,108,14,85,129,120,105,61,83"/><W126/><G120/><T9/><D32/><U128/><E70/><V82/><F111/><W39/><G108/><T41/><D72/><U35/><E113/><V119/><F106/><W27/><G39/><T54/><D118/><U18/><E128/><V107/><F107/><W11/><G129/><T132/><D131/><U69/><E69/><V75/><F75/><W57/><G105/><T19/><D115/><U34/><E43/><V96/><F96/><W2/><G100/><T98/><D19/><U38/><E38/><V40/><F119/><W12/><G27/><T36/><D54/><U130/><E130/><V17/><F50/><W0/><G0/><N who="0" m="199" /><D51/><U28/><E102/><V101/><F101/><W122/><G122/><T67/><D67/><U7/><E95/><V109/><F109/><W22/><G2/><T5/><D5/><U94/><E94/><V47/><F49/><W59/><G59/><T117/><D117/><U133/><E133/><AGARI ba="1,0" hai="36,41,44,89,91,97,98,99,132,133,135" m="199" machi="133" ten="30,1000,0" yaku="20,1" doraHai="134" who="0" fromWho="1" sc="430,13,141,-13,229,0,200,0" owari="443,54.3,128,-37.2,229,2.9,200,-20.0" /></mjloggm>