<mjloggm ver="2.3"><GO type="225" lobby="0"/><UN n0="%E5%AF%82%E5%AF%9E%E3%82%AE%E3%83%8D%E3%82%B9%E3%83%93%E3%83%BC%E3%83%AB" n1="%E6%B4%BE%E9%81%A3%E3%81%AE%E3%82%B8%E3%83%A3%E3%83%83%E3%82%AF" n2="%E3%83%AD%E3%83%83%E3%83%86%E9%9B%80%E7%90%83" n3="%E6%A1%9C%E8%8A%B1%E9%96%83%E3%80%85" dan="16,16,17,17" rate="2165.41,2138.51,2256.52,2139.97" sx="M,M,M,M"/><TAIKYOKU oya="0"/><INIT seed="0,0,0,0,3,4" ten="250,250,250,250" oya="0" hai0="126,131,28,92,23,94,118,105,114,89,134,69,48" hai1="34,41,110,20,88,116,33,80,18,115,39,83,10" hai2="62,6,106,129,15,97,2,63,17,3,102,107,27" hai3="90,14,42,54,128,38,19,7,79,12,49,24,93"/><T117/><D69/><U111/><E116/><V74/><F129/><W43/><G128/><T132/><D131/><U119/><E119/><N who="0" m="45577" /><D48/><U53/><E53/><V76/><F107/><W55/><G38/><T104/><D28/><U40/><E115/><V29/><F76/><W57/><G79/><T99/><D23/><U101/><E101/><V30/><F74/><W85/><G24/><T25/><D25/><U51/><E39/><V32/><F30/><W11/><G55/><T123/><D114/><U58/><E58/><V35/><F35/><W66/><G66/><T72/><D123/><U113/><E113/><V91/><F91/><W65/><G65/><T8/><D8/><AGARI ba="0,0" hai="7,8,11,12,14,19,42,43,49,54,57,85,90,93" machi="8" ten="30,7700,0" yaku="7,1,8,1,52,2" doraHai="4" who="3" fromWho="0" sc="250,-77,250,0,250,0,250,77" /><INIT seed="1,0,0,1,5,30" ten="173,250,250,327" oya="1" hai0="95,64,67,10,72,61,111,75,70,58,78,71,89" hai1="21,92,5,96,13,60,105,41,0,3,123,63,82" hai2="24,35,102,62,38,80,39,57,130,34,54,11,103" hai3="42,28,56,18,117,31,83,4,1,44,66,108,6"/><U12/><E123/><V91/><F130/><W122/><G122/><T48/><D111/><U76/><E105/><V29/><F35/><W132/><G108/><T88/><D78/><U52/><E41/><V53/><F11/><W131/><G131/><T74/><D10/><N who="1" m="4175" /><E0/><V110/><F110/><W19/><G132/><T14/><D14/><U77/><E3/><V116/><F116/><W2/><G2/><T20/><D20/><U8/><E21/><V46/><F54/><W125/><G125/><T68/><D48/><U87/><E76/><V94/><F80/><W98/><G1/><T113/><D113/><U99/><E52/><V121/><F121/><W40/><G40/><T79/><D79/><U37/><E37/><V109/><F109/><W112/><G42/><T65/><REACH who="0" step="1"/><D89/><REACH who="0" ten="163,250,250,327" step="2"/><N who="1" m="55311" /><E99/><AGARI ba="0,1" hai="58,61,64,65,67,68,70,71,72,74,75,88,95,99" machi="99" ten="50,3200,0" yaku="1,1,54,1,53,0" doraHai="30" doraHaiUra="135" who="0" fromWho="1" sc="163,42,250,-32,250,0,327,0" /><INIT seed="2,0,0,0,1,56" ten="205,218,250,327" oya="2" hai0="12,123,65,63,71,45,50,48,42,23,129,14,64" hai1="117,86,40,109,121,90,110,22,120,66,82,74,92" hai2="103,130,87,93,21,3,81,128,107,131,79,4,111" hai3="135,24,17,115,76,55,89,100,1,95,39,59,83"/><V105/><F21/><W20/><G135/><T113/><D123/><N who="1" m="47179" /><E40/><V96/><REACH who="2" step="1"/><F111/><REACH who="2" ten="205,218,240,327" step="2"/><N who="1" m="42505" /><E66/><V80/><F80/><W41/><G83/><T47/><D65/><U36/><E22/><V57/><F57/><W73/><G59/><T112/><D23/><U30/><E30/><V54/><F54/><W119/><G55/><T127/><D129/><U134/><E134/><V101/><F101/><W35/><G100/><T118/><D118/><U97/><E36/><V77/><F77/><W51/><G76/><T11/><D127/><U116/><E74/><V27/><F27/><W67/><G24/><T31/><D31/><U132/><E132/><V106/><F106/><W133/><G73/><T124/><D124/><U70/><E70/><V38/><F38/><W28/><G39/><T68/><D68/><U99/><E99/><V25/><F25/><W125/><G125/><T34/><D34/><U13/><E13/><V0/><F0/><W62/><G1/><T37/><D14/><U5/><E5/><V6/><F6/><W10/><G35/><T84/><D37/><U43/><E43/><V104/><F104/><W122/><G133/><T75/><D75/><U29/><E29/><V53/><F53/><W16/><G28/><T61/><D12/><U91/><AGARI ba="0,1" hai="82,86,90,91,92,97,116,117" m="42505,47179" machi="91" ten="30,7900,0" yaku="13,1,14,1,34,2" doraHai="56" who="1" fromWho="1" sc="205,-20,218,89,240,-39,327,-20" /><INIT seed="3,0,0,0,0,111" ten="185,307,201,307" oya="3" hai0="29,135,20,22,61,51,108,77,107,81,119,66,85" hai1="24,28,120,46,83,52,36,6,64,105,49,118,69" hai2="103,25,55,60,104,126,92,50,38,73,132,71,112" hai3="129,34,10,4,88,78,8,100,110,130,35,133,58"/><W54/><G100/><T121/><D121/><U125/><E120/><V91/><F112/><W128/><G133/><T79/><D119/><U31/><E105/><V13/><F73/><W96/><G78/><T23/><D108/><U37/><E6/><V15/><F38/><W134/><G134/><T116/><D116/><U97/><E97/><N who="2" m="59815" /><F71/><W7/><G110/><T122/><D122/><U93/><E93/><V3/><F3/><N who="3" m="31" /><G88/><N who="0" m="51247" /><D107/><U21/><E83/><V42/><F126/><W0/><G96/><T67/><D135/><U89/><E89/><V95/><F104/><W2/><G2/><T127/><D127/><U47/><E125/><V39/><F39/><W19/><G19/><T40/><D29/><U11/><E118/><V65/><F65/><N who="0" m="24586" /><D61/><AGARI ba="0,0" hai="0,7,10,34,35,54,58,61,128,129,130" m="31" machi="61" ten="30,1500,0" yaku="19,1" doraHai="111" who="3" fromWho="0" sc="185,-15,307,0,201,0,307,15" owari="170,-33.0,307,10.7,201,-19.9,322,42.2" /></mjloggm>