<mjloggm ver="2.3"><GO type="225" lobby="0"/><UN n0="%E6%80%AA%E3%81%97%E3%81%99%E3%81%8E%E3%82%8B%E3%83%81%E3%83%BC" n1="%43%68%65" n2="%33%74%72%65%65" n3="%E3%81%93%E3%81%8F%E3%82%89%E3%82%AB%E3%83%90%E8%94%B5" dan="16,16,17,17" rate="2147.62,2174.33,2128.83,2121.86" sx="M,M,F,M"/><TAIKYOKU oya="0"/><INIT seed="0,0,0,1,1,116" ten="250,250,250,250" oya="0" hai0="16,9,3,86,89,95,81,18,33,17,105,63,25" hai1="6,32,88,20,99,19,115,30,47,82,132,14,28" hai2="36,39,135,66,125,79,21,98,103,29,73,131,111" hai3="77,118,34,110,87,7,22,53,117,72,54,102,109"/><T113/><D113/><U68/><E132/><V59/><F135/><W12/><G34/><T106/><D63/><U1/><E115/><V97/><F111/><N who="3" m="42507" /><G72/><T75/><D3/><U124/><E68/><V67/><F131/><W69/><G69/><T46/><D46/><U120/><E124/><V114/><F114/><W45/><G102/><T100/><D9/><N who="1" m="2255" /><E30/><V42/><F97/><W90/><G77/><T133/><D133/><U101/><E47/><V119/><F79/><W130/><G130/><T65/><D65/><U26/><E82/><V64/><F73/><W94/><G45/><T48/><D48/><U96/><E96/><V38/><F38/><W127/><G127/><T104/><D100/><U11/><E11/><V41/><F103/><W76/><G76/><T57/><D57/><U93/><E101/><V4/><F59/><W84/><G87/><T126/><D126/><U71/><E71/><V49/><F39/><W107/><G107/><T23/><REACH who="0" step="1"/><D33/><REACH who="0" ten="240,250,250,250" step="2"/><U8/><E8/><V91/><F125/><W37/><G37/><T44/><D44/><U60/><E60/><V85/><F36/><W123/><G7/><T52/><D52/><N who="3" m="20073" /><G123/><AGARI ba="0,1" hai="14,19,20,26,28,32,88,93,99,120,123" m="2255" machi="123" ten="30,7700,0" yaku="24,1,52,2,54,1" doraHai="116" who="1" fromWho="3" sc="240,0,250,87,250,0,250,-77" /><INIT seed="1,0,0,1,2,69" ten="240,337,250,173" oya="1" hai0="39,57,70,120,28,99,110,23,21,54,6,71,127" hai1="61,16,5,73,56,47,2,46,63,19,94,104,111" hai2="97,125,25,105,128,7,80,37,1,45,77,116,84" hai3="115,22,119,51,135,24,15,131,121,17,8,31,41"/><U13/><E104/><V35/><F116/><W14/><G115/><T59/><D39/><U32/><E73/><V123/><F123/><W90/><G121/><T106/><D120/><U75/><E75/><V117/><F117/><W4/><G119/><T86/><D110/><U89/><E32/><V62/><F125/><W91/><G131/><T68/><D127/><U98/><E2/><V95/><F128/><W44/><REACH who="3" step="1"/><G135/><REACH who="3" ten="240,337,250,163" step="2"/><T132/><D132/><U72/><E111/><V11/><F105/><W129/><G129/><T49/><D106/><U108/><E108/><V83/><F83/><W66/><G66/><T103/><D71/><U88/><E72/><V18/><F80/><W36/><G36/><T114/><D70/><U29/><E29/><V67/><F37/><W38/><G38/><T96/><D68/><U126/><E126/><V102/><F67/><W78/><G78/><T87/><D28/><U133/><E133/><V64/><F77/><W82/><G82/><T26/><D114/><U92/><E5/><V55/><F7/><W0/><G0/><T34/><D6/><U40/><E19/><V50/><F18/><W118/><G118/><T65/><D65/><N who="1" m="39079" /><E40/><V33/><F1/><W76/><G76/><T10/><D54/><U112/><E112/><V107/><F55/><W124/><G124/><T43/><D43/><U81/><E81/><V27/><F64/><W74/><G74/><T3/><D3/><U42/><E42/><V93/><F35/><AGARI ba="0,1" hai="4,8,14,15,17,22,24,31,35,41,44,51,90,91" machi="35" ten="30,2000,0" yaku="1,1,7,1,53,0" doraHai="69" doraHaiUra="60" who="3" fromWho="2" sc="240,0,337,0,250,-20,163,30" /><INIT seed="2,0,0,2,3,123" ten="240,337,230,193" oya="2" hai0="97,37,88,41,107,3,42,118,27,50,55,126,79" hai1="100,35,5,127,53,120,83,33,51,92,44,28,134" hai2="61,22,116,108,24,45,14,87,30,66,84,36,82" hai3="13,63,64,7,17,132,57,104,78,31,58,23,11"/><V65/><F116/><W34/><G104/><T129/><D3/><U110/><E120/><V89/><F108/><W59/><G132/><T94/><D37/><U29/><E134/><V95/><F61/><W15/><G78/><T47/><D118/><U46/><E5/><V2/><F2/><W54/><G34/><T21/><D129/><U135/><E83/><V32/><F36/><W128/><G128/><T80/><D126/><U71/><E71/><V8/><F45/><W96/><G31/><T105/><D107/><U74/><E74/><V40/><F40/><W103/><G96/><T20/><D105/><U112/><E112/><V56/><F56/><N who="3" m="36967" /><G103/><T48/><D48/><AGARI ba="0,0" hai="7,11,13,15,17,23,48,54,57,58,59" m="36967" machi="48" ten="30,1000,0" yaku="8,1" doraHai="123" who="3" fromWho="0" sc="240,-10,337,0,230,0,193,10" /><INIT seed="3,0,0,0,1,62" ten="230,337,230,203" oya="3" hai0="4,111,77,46,100,55,29,45,57,107,9,21,115" hai1="37,25,94,134,53,50,15,13,87,73,126,5,76" hai2="31,99,14,96,20,114,92,33,135,68,65,89,41" hai3="30,117,98,120,49,74,132,36,59,131,80,0,32"/><W71/><RYUUKYOKU type="yao9" ba="0,0" sc="230,0,337,0,230,0,203,0" hai3="0,30,32,36,49,59,71,74,80,98,117,120,131,132" /><INIT seed="3,1,0,4,0,48" ten="230,337,230,203" oya="3" hai0="21,20,112,82,95,91,129,13,31,96,83,17,26" hai1="6,119,33,111,132,89,41,104,37,16,134,42,97" hai2="127,85,116,122,107,56,88,90,94,118,27,110,92" hai3="77,12,15,120,3,81,64,99,36,29,34,71,53"/><W14/><G36/><T62/><D129/><U2/><E33/><V114/><F114/><W113/><G113/><T38/><D112/><U68/><E68/><V126/><F110/><W57/><G120/><T30/><D38/><U50/><E37/><V1/><F122/><W115/><G3/><T47/><D47/><U58/><E119/><V63/><F107/><W44/><G115/><T59/><D30/><U69/><E69/><V109/><F27/><W87/><G44/><T51/><D51/><U23/><E6/><V5/><F5/><W52/><G71/><T128/><D128/><U67/><E2/><V73/><F73/><W55/><G99/><T72/><D72/><U24/><E111/><V18/><F18/><W10/><G34/><T54/><AGARI ba="1,0" hai="13,17,20,21,26,31,54,59,62,82,83,91,95,96" machi="54" ten="20,5200,0" yaku="0,1,7,1,8,1,52,1" doraHai="48" who="0" fromWho="0" sc="230,55,337,-14,230,-14,203,-27" owari="285,8.5,323,42.3,216,-18.4,176,-32.4" /></mjloggm>