<mjloggm ver="2.3"><GO type="225" lobby="0"/><UN n0="%E3%81%86%E3%81%A9%E3%82%93%E3%81%93" n1="%E3%81%B5%E3%81%98%E3%81%8B%E3%81%A4" n2="%E5%B0%8F%E9%B3%A5%E9%81%8A%E7%B7%B4%E7%84%A1%32%31%E6%AD%B3" n3="%63%68%78%62%64" dan="16,16,16,16" rate="2185.25,2149.41,2151.13,2142.53" sx="M,M,F,M"/><TAIKYOKU oya="0"/><INIT seed="0,0,0,0,3,126" ten="250,250,250,250" oya="0" hai0="109,121,31,79,89,66,60,71,84,26,13,15,91" hai1="37,50,128,68,3,12,63,90,92,21,123,6,9" hai2="104,133,67,86,106,25,36,43,80,119,39,111,114" hai3="27,130,73,28,22,132,19,10,53,7,87,14,110"/><T51/><D121/><U94/><E123/><V40/><F114/><W125/><G73/><T77/><D109/><U129/><E37/><V24/><F111/><W82/><G110/><T20/><D89/><U30/><E50/><V124/><F67/><W4/><G125/><T105/><D105/><U62/><E68/><V113/><F124/><W54/><G132/><T5/><D51/><U45/><E45/><V18/><F18/><W74/><G74/><T103/><D103/><U44/><E44/><V120/><F86/><W76/><G130/><N who="1" m="50282" /><E94/><V102/><F120/><W131/><G131/><T118/><D118/><U112/><E112/><V100/><F113/><W127/><G127/><T72/><D72/><U69/><E69/><V101/><F119/><W38/><G38/><T59/><D71/><U135/><E135/><V134/><F101/><W0/><REACH who="3" step="1"/><G7/><REACH who="3" ten="250,250,250,240" step="2"/><T70/><D70/><U115/><E115/><V61/><F36/><W49/><G49/><T33/><D5/><U57/><E3/><V93/><F39/><W65/><G65/><T64/><D64/><N who="1" m="38991" /><E63/><V95/><F61/><W58/><G58/><T16/><REACH who="0" step="1"/><D15/><REACH who="0" ten="240,250,250,240" step="2"/><U46/><E46/><V52/><F134/><W55/><G55/><T116/><D116/><U96/><E30/><V81/><F133/><W99/><G99/><T8/><D8/><AGARI ba="0,2" hai="0,4,8,10,14,19,22,27,28,53,54,76,82,87" machi="8" ten="30,3900,0" yaku="1,1,7,1,53,1" doraHai="126" doraHaiUra="78" who="3" fromWho="0" sc="240,-39,250,0,250,0,240,59" /><INIT seed="1,0,0,2,1,10" ten="201,250,250,299" oya="1" hai0="33,130,66,22,27,113,37,82,31,123,112,32,114" hai1="104,54,100,5,23,108,67,115,127,76,41,92,51" hai2="132,94,128,99,49,3,69,53,110,102,19,20,46" hai3="29,97,58,135,119,70,15,120,0,25,39,72,84"/><U14/><E115/><V9/><F110/><W95/><G70/><T133/><D37/><U55/><E108/><V13/><F69/><W63/><G0/><T106/><D106/><U87/><E104/><V18/><F132/><W105/><G72/><T2/><D66/><U90/><E127/><V44/><F128/><W50/><G120/><T134/><D82/><U35/><E35/><N who="0" m="13385" /><D130/><U52/><E67/><V68/><F68/><W89/><G39/><T30/><D2/><U107/><E107/><V6/><REACH who="2" step="1"/><F19/><REACH who="2" ten="201,250,240,299" step="2"/><W56/><G135/><N who="0" m="51723" /><D123/><U96/><E5/><V47/><AGARI ba="0,1" hai="3,6,9,13,18,20,44,46,47,49,53,94,99,102" machi="47" ten="20,5200,0" yaku="1,1,0,1,7,1,52,1,53,0" doraHai="10" doraHaiUra="71" who="2" fromWho="2" sc="201,-13,250,-26,240,62,299,-13" /><INIT seed="2,0,0,1,3,114" ten="188,224,302,286" oya="2" hai0="123,36,40,37,1,11,19,42,44,132,94,82,118" hai1="115,12,17,39,71,69,122,109,62,88,124,30,112" hai2="60,121,31,45,47,25,67,66,93,6,126,28,56" hai3="125,7,23,90,61,18,80,73,51,119,104,41,49"/><V43/><F121/><W68/><G119/><T5/><D123/><U76/><E122/><V35/><F126/><W33/><G33/><T10/><D132/><U77/><E39/><V22/><F6/><W117/><G117/><T34/><D34/><U98/><E124/><V91/><F67/><W74/><G104/><T101/><D118/><U15/><E30/><V81/><F81/><W108/><G108/><T85/><D94/><U65/><E109/><V78/><F78/><W116/><G116/><T79/><D101/><U89/><E65/><V48/><F47/><W131/><G7/><T38/><D42/><U26/><E62/><V134/><F134/><W95/><G131/><T103/><D103/><U52/><E26/><V86/><F35/><W20/><G41/><T87/><D87/><U32/><E32/><V135/><REACH who="2" step="1"/><F135/><REACH who="2" ten="188,224,292,286" step="2"/><W24/><G125/><T130/><D130/><U9/><E115/><V96/><F96/><W3/><G80/><T106/><D106/><U50/><E98/><V14/><F14/><W83/><G83/><T4/><REACH who="0" step="1"/><D19/><AGARI ba="0,1" hai="19,22,25,28,31,43,45,48,56,60,66,86,91,93" machi="19" ten="30,5800,0" yaku="1,1,7,1,8,1,53,0" doraHai="114" doraHaiUra="29" who="2" fromWho="0" sc="188,-58,224,0,292,68,286,0" /><INIT seed="2,1,0,2,2,66" ten="130,224,360,286" oya="2" hai0="98,73,111,45,27,50,115,80,48,94,31,79,83" hai1="33,127,1,124,11,76,65,125,89,69,14,108,131" hai2="25,6,78,3,112,29,0,63,8,15,23,114,4" hai3="95,88,106,121,113,61,123,13,126,110,51,62,84"/><V58/><F78/><W9/><G110/><T68/><D111/><U104/><E108/><V32/><F63/><W5/><G126/><T99/><D115/><U109/><E109/><V129/><F58/><W135/><G106/><T74/><D27/><U39/><E104/><V7/><F129/><W132/><G113/><T119/><D31/><U133/><E33/><V30/><F114/><W100/><G100/><T77/><D94/><U130/><E76/><V75/><F75/><W34/><G34/><T28/><D28/><N who="2" m="10858" /><F32/><W12/><G51/><T19/><D45/><U93/><E39/><V59/><F59/><W2/><G61/><T103/><D19/><N who="1" m="8671" /><E1/><N who="2" m="587" /><F112/><W117/><G62/><T101/><REACH who="0" step="1"/><D119/><REACH who="0" ten="120,224,360,286" step="2"/><U21/><E65/><V52/><F25/><W122/><G117/><T67/><D67/><U53/><E93/><V128/><F128/><W60/><G60/><T64/><D64/><U35/><E130/><V96/><F4/><W56/><G56/><T134/><D134/><AGARI ba="1,1" hai="2,5,9,12,13,84,88,95,121,122,123,132,134,135" machi="134" ten="50,3200,0" yaku="20,1,54,1" doraHai="66" who="3" fromWho="0" sc="120,-35,224,0,360,0,286,45" /><INIT seed="3,0,0,4,4,114" ten="85,224,360,331" oya="3" hai0="39,131,106,28,10,122,78,47,93,31,15,16,126" hai1="110,48,27,129,108,67,36,86,117,130,79,64,109" hai2="118,116,70,19,91,11,6,92,26,89,85,123,121" hai3="22,80,51,82,59,21,49,4,69,0,119,135,45"/><W125/><G119/><T105/><D122/><N who="2" m="46602" /><F70/><W68/><G135/><T72/><D131/><N who="1" m="50187" /><E27/><V77/><F77/><W87/><G125/><T81/><D126/><U32/><E86/><N who="2" m="52279" /><F19/><W8/><G68/><T101/><D106/><U2/><E79/><V50/><F50/><W100/><G69/><T133/><D133/><U37/><E2/><N who="2" m="471" /><F26/><W98/><G59/><T94/><D94/><AGARI ba="0,0" hai="85,91,94,116,118" m="471,52279,46602" machi="94" ten="30,3900,0" yaku="13,1,52,2" doraHai="114" who="2" fromWho="0" sc="85,-39,224,0,360,39,331,0" owari="46,-45.4,224,-17.6,399,49.9,331,13.1" /></mjloggm>