<mjloggm ver="2.3"><GO type="225" lobby="0"/><UN n0="%E3%81%B5%E3%81%98%E3%81%8B%E3%81%A4" n1="%E8%A8%88%E7%AE%97%E6%A9%9F%E8%87%AA%E7%84%B6" n2="%E5%B0%8F%E9%B3%A5%E9%81%8A%E7%B7%B4%E7%84%A1%32%31%E6%AD%B3" n3="%E4%BA%95%E5%B8%AF" dan="16,17,16,16" rate="2107.23,2183.50,2145.02,2061.10" sx="M,M,F,M"/><TAIKYOKU oya="0"/><INIT seed="0,0,0,2,5,33" ten="250,250,250,250" oya="0" hai0="129,38,76,130,119,6,55,1,82,106,113,87,110" hai1="27,120,134,64,90,67,80,47,9,68,94,88,54" hai2="26,124,52,51,101,57,18,121,116,73,118,114,60" hai3="92,107,2,34,25,71,44,132,23,103,79,98,66"/><T125/><D119/><U122/><E134/><V109/><F121/><W63/><G132/><T46/><D113/><U78/><E27/><V40/><F114/><W22/><G79/><T95/><D106/><U14/><E68/><V8/><F73/><W43/><G92/><T29/><D29/><U83/><E122/><V85/><F101/><W36/><REACH who="3" step="1"/><G2/><REACH who="3" ten="250,250,250,240" step="2"/><T127/><D95/><U11/><E120/><V35/><F116/><W70/><G70/><T135/><D135/><U28/><E78/><V3/><F118/><W123/><G123/><T69/><D69/><U131/><E94/><V31/><F3/><W74/><G74/><N who="0" m="43287" /><D110/><U45/><E131/><N who="0" m="50185" /><D87/><U30/><E14/><V48/><F85/><W7/><G7/><T133/><D133/><U17/><E17/><V53/><F109/><W32/><G32/><T108/><D108/><U24/><E24/><V97/><F18/><W12/><G12/><T15/><D15/><U75/><E75/><V42/><F26/><W37/><G37/><T99/><D99/><U104/><E104/><V117/><F97/><W112/><G112/><T10/><D55/><AGARI ba="0,1" hai="9,11,28,30,45,47,54,55,64,67,80,83,88,90" machi="55" ten="25,6400,0" yaku="22,2,8,1,54,1" doraHai="33" who="1" fromWho="0" sc="250,-64,250,74,250,0,240,0" /><INIT seed="1,0,0,4,0,36" ten="186,324,250,240" oya="1" hai0="79,33,66,10,129,95,126,107,25,101,34,69,58" hai1="3,59,11,30,15,13,41,133,70,65,64,19,117" hai2="105,53,6,38,20,94,114,4,88,92,83,127,60" hai3="56,54,85,108,23,104,14,99,128,76,8,81,5"/><U97/><E117/><V71/><F127/><W84/><G108/><T55/><D126/><U72/><E72/><V74/><F105/><W75/><G128/><T57/><D129/><U52/><E70/><V7/><F38/><W68/><G68/><T78/><D107/><U27/><E3/><V116/><F116/><W40/><G40/><T122/><D69/><U130/><E130/><V111/><F111/><W110/><G110/><T45/><D122/><U109/><E109/><V80/><F114/><W134/><G134/><T26/><D10/><U47/><E133/><V89/><F20/><W12/><G12/><T18/><D18/><U46/><E97/><N who="2" m="57479" /><F71/><W82/><G23/><T28/><D66/><U112/><E13/><V87/><F74/><W123/><G123/><T35/><D101/><U103/><E103/><V125/><F125/><W32/><G32/><T63/><D95/><U42/><E112/><V24/><F24/><W90/><G75/><T113/><D113/><U31/><E27/><V131/><F131/><W106/><REACH who="3" step="1"/><G99/><REACH who="3" ten="186,324,250,230" step="2"/><T132/><D132/><U49/><E30/><V61/><F53/><W1/><G1/><T39/><D26/><U119/><E31/><V102/><F102/><W17/><G17/><T50/><D39/><U51/><E119/><V21/><F21/><W86/><G86/><T29/><D29/><U62/><AGARI ba="0,1" hai="11,15,19,41,42,46,47,49,51,52,59,62,64,65" machi="62" ten="20,18000,2" yaku="0,1,7,1,9,1,8,1,52,2,54,1" doraHai="36" who="1" fromWho="1" sc="186,-60,324,190,250,-60,230,-60" /><INIT seed="1,1,0,0,3,89" ten="126,514,190,170" oya="1" hai0="8,1,78,91,98,121,100,25,70,133,120,42,10" hai1="65,28,107,5,103,59,63,27,43,30,46,86,76" hai2="127,113,122,22,94,97,20,72,106,53,130,66,88" hai3="0,125,11,84,111,74,54,60,80,126,134,21,17"/><U13/><E107/><V71/><F122/><N who="0" m="47210" /><D70/><U102/><E76/><V56/><F72/><W124/><G74/><T15/><D78/><U64/><E86/><V96/><F130/><W104/><G104/><T39/><D91/><U95/><E65/><V68/><F127/><W4/><G111/><T114/><D114/><U69/><E69/><V32/><F32/><W92/><G134/><T41/><D133/><U23/><E28/><V14/><F71/><W45/><G45/><T36/><D25/><U47/><E43/><N who="0" m="16393" /><D1/><U110/><E110/><V131/><F68/><W35/><G0/><T55/><D55/><U40/><E40/><V18/><F131/><W129/><G54/><T62/><D62/><U93/><E46/><V123/><F113/><W33/><G60/><T61/><D61/><U119/><E47/><V83/><F66/><W38/><G129/><T75/><D75/><U2/><E2/><V9/><F123/><W7/><G126/><T135/><D135/><U6/><E119/><V52/><F53/><W105/><G125/><T90/><D90/><U101/><E13/><V99/><F83/><W81/><G81/><T108/><D108/><U37/><E37/><N who="0" m="14409" /><D15/><U112/><E112/><V34/><F34/><W26/><G35/><T44/><D44/><U49/><E49/><N who="2" m="30735" /><F106/><AGARI ba="1,0" hai="8,10,98,100,106" m="14409,16393,47210" machi="106" ten="30,1000,0" yaku="13,1" doraHai="89" who="0" fromWho="2" sc="126,13,514,0,190,-13,170,0" /><INIT seed="2,0,0,2,5,112" ten="139,514,177,170" oya="2" hai0="41,49,61,84,81,1,28,92,123,95,127,101,130" hai1="76,18,63,27,102,14,66,46,12,118,82,93,77" hai2="106,74,29,30,58,11,133,36,85,131,72,50,45" hai3="100,116,80,87,104,122,78,57,64,10,89,71,31"/><V40/><F106/><W121/><G71/><T98/><D123/><U53/><E118/><V125/><F133/><W34/><G116/><T110/><D1/><U52/><E27/><V73/><F131/><W54/><G64/><T60/><D130/><U5/><E5/><V113/><F113/><W51/><G10/><T4/><D110/><U25/><E25/><V94/><F11/><W65/><G65/><T109/><D109/><U15/><E18/><V135/><F125/><W75/><G31/><T108/><D127/><U90/><E102/><V33/><F135/><W44/><G34/><T6/><D92/><U35/><E35/><V83/><F94/><N who="3" m="54591" /><G44/><N who="0" m="25743" /><D28/><U79/><E82/><V62/><F36/><W129/><G129/><T19/><D19/><U17/><E17/><V119/><F119/><W114/><G114/><T37/><D37/><U128/><E46/><V105/><F105/><W59/><G57/><T86/><D86/><N who="1" m="52439" /><E128/><V2/><F2/><W16/><G16/><T42/><D42/><U117/><E117/><V111/><F111/><W21/><G21/><T48/><D48/><U9/><E9/><V13/><F13/><W32/><G32/><T26/><D26/><U47/><E47/><V24/><F29/><W97/><AGARI ba="0,0" hai="51,54,59,75,78,80,97,100,104,121,122" m="54591" machi="97" ten="30,1100,0" yaku="24,1" doraHai="112" who="3" fromWho="3" sc="139,-3,514,-3,177,-5,170,11" /><INIT seed="3,0,0,3,5,12" ten="136,511,172,181" oya="3" hai0="23,96,74,43,104,101,117,92,121,69,8,108,2" hai1="115,0,135,126,41,124,28,46,50,26,17,19,45" hai2="103,76,34,15,52,70,21,93,87,71,61,58,97" hai3="82,9,118,130,13,18,105,16,68,56,1,89,111"/><W128/><G68/><T3/><D117/><U133/><E0/><V64/><F34/><W86/><G118/><T83/><D121/><U27/><E115/><V84/><F71/><W125/><G125/><N who="1" m="48234" /><E46/><V66/><F70/><W120/><G120/><T131/><D69/><U113/><E113/><V35/><F35/><W94/><G105/><T53/><D108/><U100/><E100/><V24/><F15/><W79/><G1/><T134/><D134/><N who="1" m="51211" /><E27/><V85/><F76/><W32/><G32/><AGARI ba="0,0" hai="17,19,26,28,32,41,45,50" m="51211,48234" machi="32" ten="30,7700,0" yaku="18,1,20,1,52,2" doraHai="12" who="1" fromWho="3" sc="136,0,511,77,172,0,181,-77" owari="136,-26.4,588,68.8,172,-2.8,104,-39.6" /></mjloggm>