<mjloggm ver="2.3"><GO type="225" lobby="0"/><UN n0="%E3%81%86%E3%81%A1%E3%83%BC" n1="%72%69%6F%75%63%68%61%6E" n2="%E3%81%A9%E3%82%8F%E3%82%93%E3%81%94" n3="%E3%82%B7%E3%83%B3%E5%A4%AA%E6%9C%97" dan="17,17,16,16" rate="2161.47,2155.51,2144.32,2138.75" sx="M,M,M,M"/><TAIKYOKU oya="0"/><INIT seed="0,0,0,5,4,20" ten="250,250,250,250" oya="0" hai0="8,38,0,129,85,48,59,39,80,82,112,134,100" hai1="28,98,106,54,108,22,115,3,117,92,118,114,2" hai2="64,74,71,120,96,132,17,13,128,7,122,36,60" hai3="27,40,31,51,49,57,126,86,62,63,68,84,97"/><T131/><D112/><N who="1" m="43051" /><E106/><V95/><F132/><W42/><G126/><T47/><D134/><U87/><E108/><V6/><F128/><N who="0" m="49226" /><D100/><U1/><E87/><V113/><F74/><W14/><G68/><T94/><D94/><U26/><E54/><V70/><F36/><N who="0" m="13866" /><D59/><U93/><E93/><V99/><F113/><W73/><G73/><T79/><D82/><U127/><E127/><V91/><F71/><W5/><G97/><T61/><D61/><U45/><E45/><V16/><F99/><W33/><G84/><T18/><D0/><N who="1" m="3" /><U101/><AGARI ba="0,0" hai="22,26,28,92,98,101,117,118" m="3,43051" machi="101" ten="50,6400,0" yaku="4,1,11,1,52,1" doraHai="20" who="1" fromWho="1" sc="250,-32,250,64,250,-16,250,-16" /><INIT seed="1,0,0,5,5,78" ten="218,314,234,234" oya="1" hai0="121,86,38,131,5,92,35,77,10,93,113,44,36" hai1="100,108,80,135,117,24,72,82,68,37,40,17,60" hai2="62,28,19,122,70,48,106,124,109,0,54,13,43" hai3="53,130,129,50,6,96,4,21,42,114,125,8,31"/><U47/><E117/><V45/><F122/><W133/><G114/><T76/><D113/><U34/><E135/><V110/><F0/><W1/><G133/><T128/><D35/><U85/><E72/><V104/><F28/><W91/><G42/><T95/><D121/><U61/><E100/><V11/><F124/><W63/><G63/><T33/><D33/><U90/><E108/><N who="2" m="41579" /><F54/><W73/><G73/><T2/><D44/><U116/><E116/><V41/><F43/><W27/><G125/><T134/><D134/><U107/><E107/><V51/><F48/><W65/><G65/><AGARI ba="0,0" hai="11,13,19,41,45,51,62,65,70,104,106" m="41579" machi="65" ten="30,1000,0" yaku="14,1" doraHai="78" who="2" fromWho="3" sc="218,0,314,0,234,10,234,-10" /><INIT seed="2,0,0,5,2,71" ten="218,314,244,224" oya="2" hai0="99,92,104,127,13,102,105,36,0,62,57,113,132" hai1="121,100,28,14,73,15,83,58,1,43,134,8,48" hai2="109,64,70,24,129,103,52,117,38,4,77,46,17" hai3="18,135,41,25,12,54,123,27,118,35,120,122,5"/><V9/><F117/><W112/><G118/><T2/><D113/><U131/><E131/><V56/><F129/><W63/><G112/><T72/><D72/><U31/><E134/><V44/><F77/><W11/><G135/><T86/><D132/><U85/><E73/><V95/><F109/><W81/><G41/><T82/><D36/><U87/><E121/><V91/><F103/><W128/><G128/><T78/><D127/><U67/><E1/><V84/><F38/><W53/><G81/><T130/><D130/><U10/><E100/><V96/><F64/><W37/><G37/><T20/><D13/><U97/><E97/><V60/><F84/><W32/><G63/><T21/><D21/><U33/><E33/><N who="3" m="12874" /><G54/><T51/><D51/><U29/><E14/><N who="2" m="5415" /><F70/><W106/><G53/><T69/><D69/><U19/><E8/><V119/><F119/><W89/><G89/><T3/><REACH who="0" step="1"/><D20/><AGARI ba="0,0" hai="17,20,24,44,46,52,56,60,91,95,96" m="5415" machi="20" ten="30,5800,0" yaku="25,1,8,1,54,1" doraHai="71" who="2" fromWho="0" sc="218,-58,314,0,244,58,224,0" /><INIT seed="2,1,0,4,4,20" ten="160,314,302,224" oya="2" hai0="92,55,15,72,93,88,66,61,106,13,44,122,23" hai1="33,105,12,108,113,63,62,84,0,132,135,46,30" hai2="95,128,124,86,71,82,59,114,64,119,1,76,6" hai3="47,9,35,5,43,97,67,103,99,83,60,29,32"/><V134/><F119/><W21/><G83/><T41/><D106/><U130/><E108/><V81/><F114/><W98/><G103/><T94/><D72/><U101/><E130/><V118/><F71/><W120/><G120/><T50/><D122/><U49/><E0/><V125/><F118/><W78/><G78/><T107/><D107/><U54/><E113/><V14/><F1/><W102/><G102/><T85/><D41/><U28/><E12/><V111/><F128/><W121/><G121/><T87/><D23/><U58/><E84/><V90/><F111/><W53/><G53/><T74/><D74/><U73/><E73/><V40/><F40/><W3/><G21/><T79/><D79/><U104/><E63/><N who="2" m="38015" /><F134/><N who="1" m="51241" /><E33/><V133/><F76/><W68/><REACH who="3" step="1"/><G29/><REACH who="3" ten="160,314,302,214" step="2"/><N who="1" m="11370" /><E101/><V8/><F133/><W100/><G100/><T48/><D88/><U4/><E4/><V116/><F116/><W131/><G131/><T70/><D87/><U126/><E126/><AGARI ba="1,1" hai="6,8,14,81,82,86,90,95,124,125,126" m="38015" machi="126" ten="30,1500,0" yaku="18,1" doraHai="20" who="2" fromWho="1" sc="160,0,314,-18,302,28,214,0" /><INIT seed="2,2,0,3,2,95" ten="160,296,330,214" oya="2" hai0="63,25,0,90,80,91,56,15,72,92,109,59,42" hai1="20,130,69,16,99,113,37,8,125,23,77,117,64" hai2="19,26,46,79,85,1,29,103,114,22,49,3,34" hai3="68,78,60,123,132,76,110,129,131,105,134,18,53"/><V41/><F114/><W112/><G18/><T62/><D0/><U58/><E113/><V100/><F3/><W121/><G105/><T89/><D109/><U66/><E117/><V9/><F79/><N who="3" m="30251" /><G53/><T87/><D72/><U31/><E37/><V81/><F85/><W4/><G4/><T57/><D42/><U17/><E69/><V93/><F81/><W11/><G11/><T127/><D127/><U115/><E115/><V30/><F30/><W88/><G60/><T61/><D15/><N who="1" m="7271" /><E125/><V96/><F1/><W104/><G68/><T32/><D32/><U50/><E130/><N who="3" m="49674" /><G112/><T97/><REACH who="0" step="1"/><D25/><REACH who="0" ten="150,296,330,214" step="2"/><N who="1" m="16807" /><E77/><AGARI ba="2,1" hai="56,57,59,61,62,63,77,80,87,89,90,91,92,97" machi="77" ten="40,5200,0" yaku="1,1,8,1,52,1,53,0" doraHai="95" doraHaiUra="24" who="0" fromWho="1" sc="150,68,296,-58,330,0,214,0" /><INIT seed="3,0,0,2,2,50" ten="218,238,330,214" oya="3" hai0="6,76,135,132,61,123,130,17,10,81,63,3,95" hai1="120,90,56,88,36,78,98,134,71,27,53,108,24" hai2="126,128,49,131,100,75,32,80,25,84,113,109,77" hai3="64,47,86,29,37,1,94,67,26,13,121,7,39"/><W21/><G121/><T43/><D123/><U107/><E120/><V101/><F113/><W42/><G37/><T93/><D130/><N who="2" m="49706" /><F109/><W23/><G1/><T129/><D43/><U44/><E71/><V68/><F126/><W103/><G103/><T105/><D105/><U45/><E108/><V72/><F68/><W33/><G33/><T114/><D129/><U119/><E134/><N who="0" m="51241" /><D114/><U30/><E119/><V127/><F127/><W97/><G86/><N who="0" m="48423" /><D17/><U89/><E78/><V62/><F62/><AGARI ba="0,0" hai="3,6,10,61,62,63,93,95" m="48423,51241" machi="62" ten="30,1000,0" yaku="20,1" doraHai="50" who="0" fromWho="2" sc="218,10,238,0,330,-10,214,0" owari="228,-17.2,238,3.8,320,42.0,214,-28.6" /></mjloggm>