<mjloggm ver="2.3"><GO type="225" lobby="0"/><UN n0="%72%65%6E%6B%75%6E" n1="%E3%81%B5%E3%81%98%E3%81%8B%E3%81%A4" n2="%E4%BF%BA%E3%81%A8%E5%A6%96%E5%A4%A2" n3="%E5%BA%97%E9%95%B7%4D" dan="17,16,17,16" rate="2235.00,2147.37,2179.16,2111.98" sx="M,M,F,M"/><TAIKYOKU oya="0"/><INIT seed="0,0,0,1,0,112" ten="250,250,250,250" oya="0" hai0="129,119,104,82,69,6,64,84,110,115,76,114,12" hai1="25,51,87,113,131,35,132,85,67,50,135,18,57" hai2="19,127,26,70,54,62,43,74,66,128,126,89,36" hai3="61,80,118,109,16,68,78,58,95,0,10,13,81"/><T71/><D104/><U103/><E113/><V56/><F74/><W92/><G68/><T133/><D119/><U37/><E131/><V30/><F128/><W24/><G118/><T39/><D39/><U120/><E37/><V125/><F19/><W52/><G0/><T116/><D116/><U111/><E120/><V72/><F72/><W38/><G38/><T48/><D129/><U101/><E111/><V23/><F89/><W11/><G109/><T106/><D106/><U5/><E5/><V117/><F117/><W27/><G11/><T47/><D110/><U42/><E35/><V108/><F108/><W93/><REACH who="3" step="1"/><G80/><REACH who="3" ten="250,250,250,240" step="2"/><T14/><D69/><U8/><E8/><V2/><F2/><W7/><G7/><T34/><D71/><U29/><E132/><V46/><REACH who="2" step="1"/><F125/><REACH who="2" ten="250,250,240,240" step="2"/><W124/><G124/><T83/><D115/><U121/><E135/><V44/><F44/><W63/><G63/><AGARI ba="0,2" hai="23,26,30,36,43,46,54,56,62,63,66,70,126,127" machi="63" ten="40,1300,0" yaku="1,1,53,0" doraHai="112" doraHaiUra="79" who="2" fromWho="3" sc="250,0,250,0,240,33,240,-13" /><INIT seed="1,0,0,0,3,131" ten="250,250,273,227" oya="1" hai0="93,83,79,76,100,120,82,70,125,19,32,33,17" hai1="18,15,124,52,97,116,54,117,129,64,77,126,31" hai2="26,16,104,60,35,107,71,43,53,101,110,13,12" hai3="87,66,72,10,49,90,135,2,130,105,28,132,24"/><U7/><E77/><V103/><F110/><W14/><G72/><T98/><D120/><U122/><E122/><V85/><F43/><W40/><G105/><T39/><D39/><U36/><E36/><V3/><F3/><W73/><G73/><T65/><D125/><N who="1" m="48235" /><E129/><V44/><F85/><W38/><G38/><T89/><D70/><U27/><E64/><V96/><F44/><N who="3" m="25735" /><G2/><T127/><D65/><U25/><E97/><V113/><F113/><W58/><G66/><T119/><D119/><N who="1" m="45643" /><E7/><V109/><F71/><W106/><G106/><T128/><D128/><U20/><E27/><V8/><F96/><W45/><G45/><T47/><D47/><U112/><E112/><V134/><F104/><W75/><G75/><T69/><D69/><U118/><N who="1" m="45651" /><U50/><DORA hai="42" /><E50/><V56/><F107/><W34/><G58/><T1/><D127/><U37/><E37/><V92/><F56/><W94/><G130/><T23/><D76/><U67/><E67/><V84/><F26/><W48/><G48/><T51/><D79/><U4/><E4/><V61/><F61/><W21/><G34/><AGARI ba="0,0" hai="15,18,20,25,31,34,52,54" m="45651,48235" machi="34" ten="40,3900,0" yaku="18,1,54,1" doraHai="131,42" who="1" fromWho="3" sc="250,0,250,39,273,0,227,-39" /><INIT seed="1,1,0,1,3,85" ten="250,289,273,188" oya="1" hai0="68,103,18,129,101,29,110,28,80,45,30,115,3" hai1="127,125,22,124,64,108,14,58,132,10,43,89,8" hai2="106,104,65,20,96,114,7,75,78,90,9,87,119" hai3="59,102,77,112,74,133,120,76,31,83,62,130,63"/><U128/><E132/><V116/><F65/><W97/><G120/><T123/><D115/><U109/><E43/><V94/><F114/><W107/><G112/><T82/><D68/><U48/><E128/><V21/><F106/><W55/><G130/><T2/><D129/><U79/><E79/><V56/><F56/><W69/><G133/><T16/><D45/><U15/><E64/><V54/><F54/><W38/><G38/><T49/><D49/><U51/><E58/><V26/><F75/><W93/><G77/><T33/><D33/><U42/><E42/><V19/><F21/><W60/><G69/><T5/><D5/><U13/><E22/><V91/><F78/><W32/><G31/><T67/><D67/><U40/><E89/><V81/><REACH who="2" step="1"/><F104/><REACH who="2" ten="250,289,263,188" step="2"/><W117/><G32/><T100/><D123/><U0/><E40/><V41/><F41/><W57/><G117/><T6/><D110/><N who="1" m="42603" /><E8/><V46/><F46/><W44/><G44/><T25/><D25/><U53/><E53/><V73/><F73/><W71/><G71/><T27/><D27/><U1/><E10/><V84/><F84/><W23/><G59/><T61/><D61/><U126/><E127/><V70/><F70/><W66/><G66/><T12/><D2/><AGARI ba="1,1" hai="0,1,2,13,14,15,48,51,124,125,126" m="42603" machi="2" ten="40,12000,1" yaku="28,2,18,1,14,1,10,1" doraHai="85" who="1" fromWho="0" sc="250,-123,289,133,263,0,188,0" /><AGARI ba="1,0" hai="2,7,9,19,20,26,81,87,90,91,94,96,116,119" machi="2" ten="30,7700,0" yaku="1,1,7,1,52,2,53,0" doraHai="85" doraHaiUra="131" who="2" fromWho="0" sc="127,-77,422,0,263,77,188,0" /><INIT seed="1,2,0,3,0,84" ten="50,422,340,188" oya="1" hai0="13,92,33,109,72,124,79,71,8,122,20,35,89" hai1="100,77,25,32,31,59,98,47,37,29,95,48,116" hai2="119,49,24,4,64,55,85,36,52,123,78,44,57" hai3="67,28,68,97,107,114,19,112,126,30,130,74,128"/><U113/><E116/><V65/><F119/><W121/><G74/><T103/><D71/><U70/><E113/><N who="3" m="43626" /><G67/><T102/><D122/><U34/><E70/><V1/><F123/><W106/><G68/><T75/><D109/><U104/><E77/><V7/><F24/><W76/><G76/><T73/><D79/><U27/><E59/><V53/><F36/><W87/><G121/><T43/><D43/><U16/><E37/><V80/><F1/><W50/><G50/><T81/><D81/><U93/><REACH who="1" step="1"/><E16/><REACH who="1" ten="50,412,340,188" step="2"/><V23/><F57/><W18/><G18/><T110/><D110/><U56/><E56/><V17/><F7/><W45/><G19/><T58/><D58/><U108/><E108/><V2/><F4/><W21/><G30/><T39/><D39/><U42/><AGARI ba="2,1" hai="25,27,29,31,32,34,42,47,48,93,95,98,100,104" machi="42" ten="20,7800,0" yaku="1,1,0,1,7,1,9,1,53,0" doraHai="84" doraHaiUra="6" who="1" fromWho="1" sc="50,-28,412,94,340,-28,188,-28" /><INIT seed="1,3,0,0,1,92" ten="22,506,312,160" oya="1" hai0="130,76,85,110,108,37,132,71,82,90,131,48,27" hai1="30,109,69,102,107,6,121,105,96,41,21,46,4" hai2="93,122,14,22,7,40,75,12,95,38,118,36,5" hai3="106,42,117,80,67,133,33,89,17,39,129,29,112"/><U50/><E121/><V65/><F122/><W126/><G112/><T91/><D37/><U47/><E69/><V115/><F115/><W13/><G106/><T98/><D71/><U44/><E109/><N who="0" m="42089" /><D48/><U20/><E41/><V66/><F40/><W55/><G126/><T72/><D132/><U113/><E50/><V24/><F24/><W58/><G133/><T64/><D64/><U63/><E63/><V134/><F134/><W54/><G129/><N who="0" m="49163" /><D27/><U16/><E113/><V57/><F75/><W25/><G117/><T84/><D98/><U0/><E0/><V35/><F35/><W43/><G67/><T49/><D49/><U123/><E123/><V31/><F31/><W99/><G39/><T135/><D135/><U97/><E30/><V87/><F22/><W11/><G55/><T104/><D104/><U81/><E81/><V73/><F73/><W18/><G18/><T125/><D125/><U62/><E62/><V45/><F57/><W1/><G1/><T101/><D101/><U68/><E68/><V2/><F2/><W103/><G103/><T51/><D51/><U19/><E46/><V26/><F26/><W59/><G54/><T52/><D52/><U61/><E61/><V128/><F128/><W28/><G28/><T120/><D120/><U100/><AGARI ba="3,0" hai="4,6,16,19,20,21,44,47,96,97,100,102,105,107" machi="100" ten="25,18000,2" yaku="0,1,22,2,52,2,54,1" doraHai="92" who="1" fromWho="1" sc="22,-63,506,189,312,-63,160,-63" owari="-41,-54.1,695,79.5,249,4.9,97,-30.3" /></mjloggm>