<mjloggm ver="2.3"><GO type="225" lobby="0"/><UN n0="%6D%75%75%6D%75%72%61" n1="%72%69%6F%75%63%68%61%6E" n2="%E5%B8%86%E7%AB%8B%E5%A4%8F%E8%A1%A3" n3="%E3%83%97%E3%83%AC%E3%83%B4%E3%82%A1%E3%83%86%E3%82%A3" dan="16,16,16,16" rate="2066.49,2137.69,2116.12,2150.83" sx="F,M,M,F"/><TAIKYOKU oya="0"/><INIT seed="0,0,0,1,3,76" ten="250,250,250,250" oya="0" hai0="51,33,126,25,94,8,22,20,6,79,122,116,47" hai1="19,26,97,108,57,98,45,124,105,133,81,80,69" hai2="106,86,87,17,46,114,52,123,125,73,30,84,35" hai3="117,110,59,74,41,56,38,72,83,96,42,68,9"/><T67/><D116/><U82/><E69/><V11/><F123/><W18/><G117/><T65/><D122/><U77/><E108/><V134/><F114/><W60/><G110/><T53/><D33/><U62/><E124/><V118/><F106/><W119/><G119/><T23/><D25/><U63/><E133/><V102/><F102/><W40/><G38/><T109/><D126/><U31/><E19/><V54/><F118/><W16/><G96/><N who="1" m="36970" /><E105/><V0/><F134/><W43/><N who="3" m="10240" /><DORA hai="88" /><W66/><G9/><T127/><D127/><U104/><E104/><V101/><F101/><W78/><G72/><T5/><D109/><U130/><E130/><V27/><F73/><W89/><G89/><T128/><D128/><U71/><E45/><V32/><F32/><W85/><G74/><T2/><D5/><U103/><E71/><V24/><F46/><W100/><G100/><T10/><D10/><U121/><E103/><V36/><F36/><W37/><G37/><T115/><D115/><U99/><N who="1" m="36978" /><U55/><DORA hai="50" /><E121/><V4/><REACH who="2" step="1"/><F125/><REACH who="2" ten="250,250,240,250" step="2"/><W34/><G34/><T95/><REACH who="0" step="1"/><D79/><REACH who="0" ten="240,250,240,250" step="2"/><U61/><E77/><V3/><F3/><W92/><G78/><T111/><D111/><U93/><E93/><AGARI ba="0,2" hai="2,6,8,20,22,23,47,51,53,65,67,93,94,95" machi="93" ten="40,24000,3" yaku="1,1,52,4,53,3" doraHai="76,88,50" doraHaiUra="64,75,91" who="0" fromWho="1" sc="240,260,250,-240,240,0,250,0" /><INIT seed="0,1,0,0,1,133" ten="500,10,240,250" oya="0" hai0="86,8,121,34,36,81,127,112,96,122,104,84,0" hai1="90,111,82,92,61,65,128,23,12,31,63,135,62" hai2="123,35,69,80,60,95,18,11,94,19,113,78,1" hai3="14,101,40,91,2,4,134,102,114,66,48,108,37"/><T83/><D112/><U45/><E135/><V41/><F113/><W57/><G114/><T49/><D36/><U88/><E128/><V115/><F115/><W77/><G134/><T20/><D34/><U118/><E118/><V107/><F123/><W27/><G2/><T32/><D32/><U126/><E111/><V39/><F107/><W6/><G108/><T68/><D68/><U125/><E65/><N who="2" m="41127" /><F19/><W53/><G77/><T5/><D20/><U10/><E45/><N who="2" m="23743" /><F18/><W129/><G129/><T47/><D104/><U93/><E82/><V55/><F55/><W26/><G66/><T85/><D81/><U38/><E38/><V25/><F25/><W105/><G105/><T132/><D83/><U16/><E93/><V59/><F59/><W15/><G91/><T89/><D132/><U28/><E90/><V98/><F98/><W87/><G87/><T58/><D96/><N who="1" m="57351" /><E23/><V43/><F43/><W52/><G40/><T120/><D89/><U51/><E51/><V73/><F35/><W116/><G37/><T70/><D120/><U42/><E42/><V29/><F29/><W30/><G30/><T54/><D121/><U97/><E97/><V46/><F46/><W79/><G79/><T9/><D122/><U56/><E56/><V76/><F76/><W44/><G44/><T131/><D131/><U67/><E67/><V106/><F106/><W3/><G57/><T109/><D109/><U75/><E75/><V103/><F103/><W119/><G3/><N who="0" m="63" /><D58/><U74/><E74/><V64/><F64/><W17/><G48/><T13/><D47/><U50/><E50/><RYUUKYOKU ba="1,0" sc="500,-30,10,10,240,10,250,10" hai1="10,12,16,28,31,61,62,63,125,126" hai2="1,11,73,78,80,94,95" hai3="4,6,14,15,17,26,27,52,53,101,102,116,119" /><INIT seed="1,2,0,3,2,1" ten="470,20,250,260" oya="1" hai0="90,135,112,92,111,107,51,17,110,47,70,12,114" hai1="132,87,104,42,66,65,116,59,48,16,29,67,127" hai2="14,133,109,81,0,46,30,108,73,134,88,45,82" hai3="97,7,62,28,105,32,49,52,33,25,3,6,37"/><U34/><E116/><V86/><F0/><W10/><G37/><T84/><D107/><U118/><E118/><V13/><F30/><W23/><G62/><T39/><D70/><U71/><E104/><V38/><F38/><W122/><G122/><T98/><D39/><U61/><E127/><V126/><F126/><W31/><G31/><T128/><D98/><U24/><E132/><N who="2" m="50795" /><F81/><W68/><G68/><T21/><D128/><U96/><E96/><V121/><F73/><W125/><G125/><T11/><D21/><U63/><E87/><V101/><F101/><W76/><G76/><T56/><D56/><U119/><E119/><V103/><F103/><W22/><G33/><T89/><D89/><U20/><E67/><V4/><F121/><W123/><G123/><T57/><D57/><U120/><E120/><V80/><F80/><W72/><G72/><T53/><REACH who="0" step="1"/><D135/><REACH who="0" ten="460,20,250,260" step="2"/><U5/><E5/><V102/><F102/><W26/><G105/><T69/><D69/><U78/><E78/><V50/><F4/><W18/><G97/><T40/><D40/><U8/><E42/><N who="2" m="24887" /><F46/><N who="3" m="27703" /><G3/><T113/><AGARI ba="2,1" hai="11,12,17,47,51,53,84,90,92,110,111,112,113,114" machi="113" ten="40,2700,0" yaku="1,1,0,1,53,0" doraHai="1" doraHaiUra="35" who="0" fromWho="0" sc="460,43,20,-15,250,-9,260,-9" /><INIT seed="2,0,0,5,0,70" ten="503,5,241,251" oya="2" hai0="110,127,119,39,58,13,109,1,112,57,21,12,24" hai1="25,2,113,8,9,73,22,80,7,0,43,122,131" hai2="79,93,85,106,98,81,76,99,68,19,45,125,17" hai3="84,123,100,82,27,41,38,107,18,108,105,115,60"/><V86/><F68/><W26/><G123/><T69/><D1/><U95/><E95/><V104/><F125/><W46/><G108/><T64/><D112/><U4/><E43/><V102/><F45/><W96/><G115/><T97/><D69/><U114/><E73/><V36/><F36/><W87/><G105/><N who="2" m="40553" /><F19/><W77/><G87/><N who="2" m="33289" /><F17/><W78/><G78/><N who="2" m="29737" /><F99/><W121/><G121/><T72/><D97/><U56/><E80/><AGARI ba="0,0" hai="80,81,93,98,102" m="29737,33289,40553" machi="80" ten="30,12000,1" yaku="35,5" doraHai="70" who="2" fromWho="1" sc="503,0,5,-120,241,120,251,0" owari="503,60.3,-115,-61.5,361,16.1,251,-14.9" /></mjloggm>