<mjloggm ver="2.3"><GO type="225" lobby="0"/><UN n0="%72%61%6B%33" n1="%48%61%61%61%6C%61%6E%64" n2="%E6%A0%B9%E5%85%83%E3%81%8B%E3%82%89%E5%90%B9%E3%81%A3%E9%A3%9B%E3%81%B6" n3="%E5%AF%82%E5%AF%9E%E3%82%AE%E3%83%8D%E3%82%B9%E3%83%93%E3%83%BC%E3%83%AB" dan="16,18,17,16" rate="2112.53,2238.11,2196.50,2120.12" sx="M,M,F,M"/><TAIKYOKU oya="0"/><INIT seed="0,0,0,3,2,114" ten="250,250,250,250" oya="0" hai0="28,53,118,67,44,61,48,119,89,72,109,31,49" hai1="123,47,52,133,32,98,127,5,79,88,7,70,74" hai2="73,19,25,81,90,86,129,101,97,18,71,128,2" hai3="125,103,10,33,108,94,132,46,27,126,122,26,1"/><T23/><D72/><U14/><E123/><V69/><F2/><W29/><G122/><T13/><D109/><U91/><E32/><V22/><F19/><W93/><G108/><T100/><D100/><U135/><E70/><V85/><F85/><W51/><G132/><N who="1" m="50762" /><E127/><N who="3" m="48650" /><G103/><T55/><D89/><N who="1" m="34379" /><E98/><V41/><F41/><N who="3" m="25039" /><G27/><T124/><D124/><U60/><E14/><V17/><F17/><W107/><G107/><T83/><D83/><N who="1" m="45559" /><E47/><V20/><F73/><W113/><G113/><T112/><D112/><U9/><E9/><V24/><F71/><W92/><G10/><T4/><D4/><U35/><E35/><V42/><F69/><W77/><G77/><T84/><D13/><U99/><E99/><V96/><F96/><W105/><G105/><T110/><D110/><U82/><E82/><V106/><F24/><W87/><G1/><T6/><D6/><U78/><E78/><V130/><F22/><W95/><G94/><T75/><D75/><U11/><E11/><V15/><F25/><W45/><G45/><N who="0" m="27791" /><D84/><AGARI ba="0,0" hai="26,29,33,84,87,92,93,95" m="25039,48650" machi="84" ten="30,1000,0" yaku="18,1" doraHai="114" who="3" fromWho="0" sc="250,-10,250,0,250,0,250,10" /><INIT seed="1,0,0,5,3,131" ten="240,250,250,260" oya="1" hai0="56,68,99,66,117,44,132,72,133,7,92,40,8" hai1="46,27,116,64,79,2,3,51,73,35,76,11,121" hai2="20,127,58,95,126,17,96,43,77,82,1,113,65" hai3="94,85,47,36,55,102,37,98,61,112,75,29,109"/><U104/><E116/><V15/><F1/><W118/><G112/><T9/><D72/><U16/><E121/><V30/><F113/><W123/><G123/><T62/><D68/><U53/><E104/><V122/><F122/><W108/><G75/><T31/><D31/><U34/><E64/><V125/><F43/><W110/><G118/><T39/><D117/><U50/><E73/><V103/><F30/><W97/><G29/><T81/><D81/><U120/><E120/><V32/><F32/><W0/><G0/><T100/><REACH who="0" step="1"/><D9/><REACH who="0" ten="230,250,250,260" step="2"/><U84/><E11/><V101/><F82/><W89/><G108/><T13/><AGARI ba="0,1" hai="7,8,13,39,40,44,56,62,66,92,99,100,132,133" machi="13" ten="30,12000,2" yaku="1,1,2,1,0,1,52,2,53,1" doraHai="131" doraHaiUra="63" who="0" fromWho="0" sc="230,130,250,-60,250,-30,260,-30" /><INIT seed="2,0,0,5,3,93" ten="360,190,220,230" oya="2" hai0="48,50,127,24,16,83,90,129,56,97,49,58,120" hai1="59,130,62,35,103,115,79,22,134,91,14,20,126" hai2="60,111,107,128,10,8,117,7,105,122,84,94,99" hai3="104,75,17,43,1,125,46,86,110,34,106,5,9"/><V21/><F117/><W123/><G123/><T70/><D120/><U108/><E115/><V66/><F122/><W42/><G75/><T11/><D70/><U135/><E35/><V109/><F128/><W28/><G110/><N who="2" m="41993" /><F84/><W2/><G2/><T87/><D127/><U88/><E108/><V133/><F21/><N who="1" m="8297" /><E130/><V45/><F45/><W89/><G17/><T102/><D129/><U39/><E126/><V112/><F112/><W76/><G76/><T113/><D113/><U0/><E79/><V13/><F10/><W19/><G19/><T68/><D68/><U65/><E39/><V73/><F73/><W36/><G43/><T101/><D24/><U6/><E0/><V51/><F51/><W23/><G23/><T78/><D56/><U4/><E135/><V30/><F30/><W82/><REACH who="3" step="1"/><G125/><REACH who="3" ten="360,190,220,220" step="2"/><T57/><D78/><U63/><E134/><V52/><F133/><W37/><G37/><T116/><D16/><U18/><E18/><V67/><F107/><W95/><G95/><T33/><D11/><U38/><E38/><V85/><F105/><W40/><G40/><T121/><D121/><U15/><E15/><V26/><F26/><AGARI ba="0,1" hai="1,5,9,26,28,34,36,42,46,82,86,89,104,106" machi="26" ten="40,1300,0" yaku="1,1,53,0" doraHai="93" doraHaiUra="61" who="3" fromWho="2" sc="360,0,190,0,220,-13,220,23" /><INIT seed="3,0,0,5,3,88" ten="360,190,207,243" oya="3" hai0="62,43,92,130,105,60,106,15,30,18,94,128,21" hai1="17,95,16,41,47,6,115,77,0,125,54,13,72" hai2="134,131,9,38,67,73,102,109,39,57,40,1,112" hai3="53,132,121,24,123,23,127,99,58,118,52,14,71"/><W90/><G71/><T86/><D43/><U116/><E115/><V3/><F109/><W4/><G118/><T101/><D30/><U80/><E116/><V110/><F110/><W32/><G132/><T5/><D5/><U78/><E125/><V7/><F131/><N who="0" m="50218" /><D92/><U56/><E78/><V35/><F134/><W96/><G53/><T46/><D46/><U74/><E74/><V117/><F117/><W124/><G14/><T108/><D108/><U129/><E13/><V113/><F35/><W11/><G11/><T81/><D94/><U61/><E129/><V122/><F73/><W93/><G99/><N who="0" m="61631" /><D106/><U76/><E76/><AGARI ba="0,0" hai="15,18,21,60,62,76,81,86" m="61631,50218" machi="76" ten="30,1000,0" yaku="19,1" doraHai="88" who="0" fromWho="1" sc="360,10,190,-10,207,0,243,0" owari="370,47.0,180,-32.0,207,-19.3,243,4.3" /></mjloggm>