<mjloggm ver="2.3"><GO type="225" lobby="0"/><UN n0="%E4%BA%BA%E9%96%93%E3%83%81%E3%83%A3%E3%83%BC%E3%83%8F%E3%83%B3" n1="%E7%89%B9%E6%9D%B1%E3%81%AF%E4%B8%96%E7%95%8C%E3%82%92%E6%95%91%E3%81%86" n2="%47%68%6F%73%74%55%30" n3="%E3%82%BC%E3%83%AB%E3%83%80%E3%81%AE%E4%BC%9D%E8%AA%AC" dan="16,16,17,18" rate="2136.39,2058.58,2139.27,2236.55" sx="M,M,M,M"/><TAIKYOKU oya="0"/><INIT seed="0,0,0,2,2,116" ten="250,250,250,250" oya="0" hai0="82,99,60,73,0,41,95,21,77,3,6,51,25" hai1="59,83,114,93,75,108,87,74,15,16,17,80,107" hai2="128,58,132,50,101,109,12,96,69,98,31,117,94" hai3="97,48,76,4,55,23,121,22,81,65,135,123,54"/><T111/><D111/><U19/><E107/><V120/><F69/><W112/><G112/><T62/><D6/><U133/><E108/><V61/><F109/><W30/><G135/><T103/><D103/><U27/><E133/><V32/><F132/><W106/><G65/><T42/><D3/><U47/><E114/><V115/><F115/><W13/><G106/><T24/><D0/><U89/><E47/><V8/><F128/><W113/><G97/><T10/><D10/><U40/><E40/><V79/><F79/><W11/><G113/><T68/><D68/><U29/><E59/><V124/><F124/><W72/><G54/><T134/><D134/><U7/><E7/><V102/><F50/><W104/><G104/><T53/><D95/><U44/><E44/><V33/><F31/><W14/><G14/><T34/><D34/><U2/><E15/><V119/><F120/><N who="3" m="46155" /><G30/><T66/><D99/><U57/><E2/><V28/><F28/><W118/><G118/><T36/><D36/><U56/><E29/><V9/><F117/><W78/><G78/><T37/><D37/><U85/><E27/><V130/><F130/><W35/><G35/><T90/><D25/><U122/><E122/><V45/><F119/><W38/><G38/><T131/><D131/><U26/><E26/><V129/><F129/><W110/><G110/><T126/><D126/><U39/><E39/><V43/><F12/><W71/><G71/><N who="0" m="42439" /><D62/><U125/><E125/><V18/><F32/><W1/><G1/><T64/><D64/><U5/><E5/><V67/><F33/><W52/><G48/><RYUUKYOKU ba="0,0" sc="250,-10,250,-10,250,-10,250,30" hai3="4,11,13,22,23,52,55,72,76,81" /><INIT seed="1,1,0,3,5,44" ten="240,240,240,280" oya="1" hai0="110,19,117,41,18,35,80,127,93,130,116,72,85" hai1="86,124,113,2,47,10,61,92,22,87,111,69,50" hai2="53,1,54,99,65,39,25,132,102,48,123,23,51" hai3="56,118,58,135,11,26,66,108,37,109,129,121,125"/><U134/><E113/><V119/><F119/><W21/><G121/><T6/><D35/><U59/><E69/><V95/><F39/><W7/><G118/><T3/><D110/><N who="3" m="42601" /><G125/><T107/><D107/><U104/><E104/><V45/><F123/><W131/><G37/><T62/><D127/><U27/><E111/><V31/><F1/><N who="3" m="495" /><G135/><T9/><D130/><N who="3" m="49673" /><G66/><T115/><D115/><U12/><E2/><V105/><F132/><W100/><G100/><T103/><D72/><U67/><E92/><V96/><F65/><W40/><G40/><T98/><D41/><N who="1" m="24943" /><E124/><V70/><F70/><W13/><G13/><T43/><D43/><U101/><E101/><V5/><F5/><W82/><G82/><T8/><D116/><U46/><E46/><N who="2" m="27799" /><F105/><W60/><G60/><T91/><D117/><U89/><E134/><V106/><F106/><W120/><G120/><T36/><D36/><U32/><E67/><V57/><F45/><W112/><G112/><T114/><D114/><U34/><E61/><V76/><F76/><W38/><G38/><T30/><D62/><U49/><E59/><V88/><F102/><W0/><G0/><T17/><REACH who="0" step="1"/><D30/><AGARI ba="1,0" hai="21,26,30,56,58" m="49673,495,42601" machi="30" ten="30,2000,0" yaku="14,1,19,1" doraHai="44" who="3" fromWho="0" sc="240,-23,240,0,240,0,280,23" /><INIT seed="2,0,0,1,1,39" ten="217,240,240,303" oya="2" hai0="69,71,60,135,81,80,120,126,118,2,41,96,47" hai1="44,1,20,77,42,98,76,24,64,52,62,114,84" hai2="109,11,34,15,129,35,133,110,10,13,119,115,3" hai3="107,33,9,66,67,85,53,8,45,100,57,29,73"/><V78/><F78/><W131/><G73/><T79/><D120/><U105/><E114/><V128/><F3/><W106/><G85/><T87/><D2/><U99/><E1/><V89/><F89/><W21/><G33/><T104/><D126/><U82/><E77/><V32/><F115/><W50/><G131/><N who="2" m="50249" /><F119/><W7/><G106/><T51/><D135/><U37/><E105/><V43/><F133/><W113/><G113/><T22/><D118/><U122/><E122/><V72/><F43/><N who="3" m="24895" /><G107/><T58/><D22/><U111/><E111/><N who="2" m="42507" /><F72/><W116/><G100/><T28/><D28/><U70/><REACH who="1" step="1"/><E52/><REACH who="1" ten="217,230,240,303" step="2"/><V49/><F49/><W16/><G53/><T46/><D104/><U18/><AGARI ba="0,1" hai="18,20,24,37,42,44,62,64,70,76,82,84,98,99" machi="18" ten="20,8000,1" yaku="1,1,2,1,0,1,7,1,52,1,53,0" doraHai="39" doraHaiUra="31" who="1" fromWho="1" sc="217,-20,230,90,240,-40,303,-20" /><INIT seed="3,0,0,5,3,106" ten="197,320,200,283" oya="3" hai0="20,40,99,94,82,63,113,61,53,45,0,101,67" hai1="26,18,22,112,111,85,122,124,108,97,104,72,131" hai2="66,110,78,71,19,14,1,100,126,44,89,60,69" hai3="50,39,12,5,102,119,117,128,4,34,132,33,23"/><W76/><G39/><T98/><D0/><U90/><E72/><V21/><F1/><W46/><G102/><N who="0" m="60759" /><D113/><U114/><E122/><V52/><F110/><N who="1" m="42025" /><E131/><V91/><F71/><W58/><G58/><N who="0" m="35023" /><D82/><N who="1" m="49463" /><E124/><V129/><F129/><W56/><G56/><N who="0" m="37351" /><D20/><U31/><E18/><V95/><F78/><W116/><G76/><T35/><D35/><N who="3" m="13321" /><G50/><N who="0" m="26919" /><D99/><U13/><E13/><V9/><F126/><W88/><G88/><T38/><D38/><U92/><E104/><V28/><F28/><W32/><G46/><T3/><D3/><U125/><E125/><V84/><F69/><W109/><G128/><T70/><D70/><U57/><E57/><V29/><F29/><W127/><G109/><T54/><D101/><AGARI ba="0,0" hai="22,26,31,92,97,101,112,114" m="49463,42025" machi="101" ten="30,1000,0" yaku="14,1" doraHai="106" who="1" fromWho="0" sc="197,-10,320,10,200,0,283,0" owari="187,-31.3,330,43.0,200,-20.0,283,8.3" /></mjloggm>