<mjloggm ver="2.3"><GO type="225" lobby="0"/><UN n0="%70%65%6E%74%6F%6C%61" n1="%6C%61%6D%62" n2="%E3%82%A2%E3%83%A1%E3%82%A2%E3%83%A9%E3%83%AC" n3="%E3%81%A4%E3%81%A3%E3%81%B1%E3%82%8A%E3%83%9D%E3%83%BC%E3%83%AB" dan="16,16,16,17" rate="2132.76,2151.45,2160.72,2268.40" sx="M,M,M,M"/><TAIKYOKU oya="0"/><INIT seed="0,0,0,5,4,120" ten="250,250,250,250" oya="0" hai0="103,126,65,101,74,18,8,35,72,109,91,60,129" hai1="79,84,81,68,66,90,87,42,50,30,56,24,96" hai2="47,121,110,77,14,94,28,92,31,71,17,102,21" hai3="54,1,116,34,130,22,10,113,118,97,52,108,100"/><T67/><D35/><U20/><E68/><V69/><F121/><W106/><G113/><T119/><D119/><U39/><E39/><V62/><F77/><W80/><G34/><T99/><D126/><U63/><E96/><V12/><F47/><W86/><G130/><T124/><D124/><U0/><E0/><V33/><F33/><W117/><G108/><T23/><D8/><U6/><E6/><V95/><F102/><W2/><G22/><T48/><D74/><U19/><E50/><V73/><F73/><W13/><G2/><T132/><D72/><U38/><E38/><V59/><F110/><W64/><G64/><T40/><D129/><U46/><E46/><V9/><F69/><W104/><G104/><T5/><D5/><U123/><E123/><V131/><F71/><W115/><G1/><T51/><D109/><U36/><E36/><V135/><F135/><W55/><G115/><T41/><D91/><U85/><E42/><N who="0" m="16489" /><D132/><U11/><REACH who="1" step="1"/><E79/><REACH who="1" ten="250,240,250,250" step="2"/><V76/><F76/><W26/><G118/><T49/><D99/><U58/><E58/><V78/><F78/><W125/><G125/><T37/><D37/><U4/><E4/><N who="2" m="3111" /><F131/><W134/><G134/><T107/><D107/><U88/><E88/><V127/><F127/><W16/><G117/><T45/><D45/><U15/><AGARI ba="0,1" hai="11,15,19,20,24,30,56,63,66,81,84,85,87,90" machi="15" ten="30,4000,0" yaku="1,1,0,1,8,1,53,0" doraHai="120" doraHaiUra="98" who="1" fromWho="1" sc="250,-20,240,50,250,-10,250,-10" /><INIT seed="1,0,0,1,1,29" ten="230,290,240,240" oya="1" hai0="100,42,5,85,47,62,39,66,90,18,57,67,52" hai1="74,73,26,111,71,118,32,55,1,38,75,131,8" hai2="110,83,79,114,122,7,30,134,0,116,104,60,135" hai3="54,43,97,113,48,132,4,12,37,63,88,36,19"/><U50/><E118/><V59/><F116/><W80/><G113/><T24/><D5/><U44/><E71/><V14/><F122/><W82/><G132/><N who="2" m="50729" /><F104/><W11/><G43/><T119/><D119/><U64/><E64/><V9/><F110/><W69/><G69/><T112/><D112/><U129/><E38/><V31/><F0/><W28/><G28/><T61/><D100/><U34/><E26/><V121/><F121/><W22/><G63/><T76/><D76/><U105/><E105/><V70/><F70/><W96/><G37/><T77/><D77/><U41/><E41/><V117/><F117/><W6/><G6/><T108/><D108/><U84/><E111/><V128/><F128/><N who="1" m="49225" /><E84/><N who="2" m="48255" /><F114/><W120/><G36/><T53/><D18/><U58/><E58/><V13/><F14/><W78/><G120/><T15/><D15/><U81/><E81/><V87/><F87/><N who="3" m="50295" /><G80/><T123/><D123/><U94/><E94/><V115/><F115/><W99/><G78/><T17/><D85/><U46/><E46/><V86/><F86/><W106/><G106/><T124/><D39/><U98/><E98/><V16/><F7/><AGARI ba="0,0" hai="1,7,8,32,34,44,50,55,73,74,75" m="49225" machi="7" ten="40,7700,0" yaku="19,1,52,2" doraHai="29" who="1" fromWho="2" sc="230,0,290,77,240,-77,240,0" /><INIT seed="1,1,0,3,5,87" ten="230,367,163,240" oya="1" hai0="132,14,131,107,45,88,118,105,130,133,8,1,62" hai1="9,127,110,23,104,27,40,55,3,112,19,106,32" hai2="26,7,71,43,96,123,30,126,98,84,117,47,102" hai3="41,134,6,64,51,2,15,48,76,94,52,65,33"/><U12/><E112/><V85/><F117/><W75/><G33/><T70/><D1/><U37/><E127/><V121/><F123/><W0/><G134/><N who="0" m="51819" /><D118/><U39/><E55/><V58/><F121/><W36/><G2/><T82/><D45/><U74/><E74/><V67/><F71/><W38/><G0/><T100/><D100/><U56/><E56/><V4/><F126/><W103/><G76/><T97/><D62/><U122/><E122/><V99/><F102/><W46/><G75/><T120/><D70/><U63/><E63/><V93/><F58/><N who="3" m="33031" /><G38/><T17/><D120/><U101/><E110/><V95/><F67/><W28/><G28/><T124/><D124/><U119/><E119/><V60/><F60/><W57/><G57/><T5/><D5/><N who="1" m="1215" /><E101/><V42/><F30/><W29/><G29/><T108/><D108/><U128/><E39/><V20/><F47/><W80/><G36/><T86/><D97/><U129/><E37/><V90/><F20/><W116/><G116/><T13/><D14/><U92/><E12/><V24/><REACH who="2" step="1"/><F98/><REACH who="2" ten="230,367,153,240" step="2"/><N who="3" m="59863" /><G65/><T16/><D17/><U34/><E19/><V83/><F83/><W114/><G80/><T109/><D109/><U89/><E32/><V11/><F11/><N who="3" m="4599" /><G64/><T68/><D68/><U49/><E34/><V81/><F81/><W66/><G66/><T50/><D50/><U53/><E49/><V54/><F54/><W135/><G135/><T61/><D61/><U91/><E53/><V10/><F10/><W77/><G114/><T79/><D79/><U73/><E23/><V25/><F25/><W22/><G77/><RYUUKYOKU ba="1,1" sc="230,10,367,-30,153,10,240,10" hai0="8,13,16,82,86,88,105,107,130,131" hai2="4,7,24,26,42,43,84,85,90,93,95,96,99" hai3="22,41,46,51" /><INIT seed="2,2,1,0,5,82" ten="240,337,163,250" oya="2" hai0="39,113,38,49,7,52,44,69,73,120,116,68,47" hai1="71,100,19,2,81,13,14,18,132,101,59,131,124" hai2="98,54,90,4,34,103,92,3,96,125,6,80,84" hai3="78,12,135,22,29,31,56,70,20,85,33,40,110"/><V37/><F125/><W51/><G70/><N who="0" m="27243" /><D73/><U95/><E71/><V134/><F134/><W66/><G33/><T11/><D11/><N who="1" m="6463" /><E131/><V87/><F34/><W99/><G135/><T122/><D7/><U118/><E2/><V35/><F35/><W45/><G110/><T58/><D113/><U23/><E118/><V53/><F37/><N who="0" m="13834" /><D116/><U133/><E124/><V77/><F98/><W48/><G99/><T26/><D26/><U111/><E111/><V1/><F1/><W24/><G12/><T32/><D32/><U130/><E130/><V107/><REACH who="2" step="1"/><F6/><REACH who="2" ten="240,337,153,250" step="2"/><W10/><G31/><T86/><D86/><U88/><E132/><V108/><F108/><W94/><G29/><T46/><AGARI ba="2,2" hai="44,46,47,49,52,58,120,122" m="13834,27243" machi="46" ten="40,5200,0" yaku="34,2,54,1" doraHai="82" who="0" fromWho="0" sc="240,78,337,-15,153,-28,250,-15" /><INIT seed="3,0,0,2,4,67" ten="318,322,125,235" oya="3" hai0="78,98,66,101,111,57,68,83,18,28,8,46,44" hai1="79,16,65,94,11,50,131,130,127,134,95,26,96" hai2="15,12,108,1,106,59,112,32,75,69,2,89,36" hai3="119,14,9,73,25,109,51,41,92,99,135,53,58"/><W123/><G123/><T128/><D68/><U90/><E127/><V27/><F106/><W84/><G119/><T125/><D125/><U70/><E134/><V40/><F75/><W126/><G73/><T71/><D71/><U122/><E122/><V85/><F36/><W118/><G126/><T7/><D28/><U54/><E79/><V86/><F40/><W74/><G74/><T87/><D18/><U110/><E110/><V120/><F120/><W34/><G118/><T33/><D33/><U48/><E65/><V77/><F32/><W56/><G109/><T64/><D111/><U124/><E70/><V82/><F108/><W19/><G135/><T129/><D46/><U35/><E124/><V0/><F69/><W6/><G84/><T4/><D44/><U104/><E104/><V52/><F27/><W88/><G41/><T10/><D57/><U30/><E94/><V97/><F97/><W23/><G34/><T62/><D62/><U21/><E11/><N who="0" m="4137" /><D66/><U121/><E121/><V61/><REACH who="2" step="1"/><F112/><REACH who="2" ten="318,322,115,235" step="2"/><W113/><G113/><T17/><D98/><U42/><E42/><V91/><F91/><W13/><G58/><T93/><D101/><U63/><E63/><V72/><F72/><W55/><G55/><T22/><D64/><U76/><E76/><V132/><F132/><W29/><G29/><T102/><D102/><U43/><E43/><V103/><F103/><W39/><G39/><T114/><D114/><U45/><E50/><V37/><F37/><W5/><G25/><N who="0" m="14543" /><D93/><U3/><E3/><V107/><F107/><W81/><G5/><N who="0" m="2123" /><D78/><U31/><E31/><RYUUKYOKU ba="0,1" sc="318,0,322,0,115,0,235,0" hai0="83,87,128,129" hai1="16,21,26,30,35,45,48,54,90,95,96,130,131" hai2="0,1,2,12,15,52,59,61,77,82,85,86,89" hai3="6,9,13,14,19,23,51,53,56,81,88,92,99" /><INIT seed="3,1,1,4,5,37" ten="318,322,115,235" oya="3" hai0="98,100,35,5,9,13,113,14,30,56,68,112,29" hai1="122,134,109,81,131,72,26,125,135,18,123,91,23" hai2="75,40,63,126,76,120,58,129,88,130,89,41,84" hai3="73,25,52,59,90,96,115,71,119,0,43,99,133"/><W124/><G115/><N who="0" m="44107" /><D68/><U34/><E109/><V45/><F126/><W16/><G119/><T3/><D56/><U62/><E125/><V33/><F33/><W121/><G124/><T77/><D77/><N who="1" m="44199" /><E131/><N who="2" m="50187" /><F120/><W95/><G121/><T48/><D48/><U127/><E127/><V87/><F45/><W8/><G73/><T46/><D46/><U106/><E106/><V28/><F28/><N who="0" m="10858" /><D35/><U82/><E34/><V102/><F102/><W128/><G71/><T64/><D64/><U24/><E24/><V11/><F11/><W57/><G128/><T65/><D65/><U70/><E62/><V118/><F76/><W94/><G57/><T66/><D66/><U69/><E69/><V107/><F107/><AGARI ba="1,1" hai="3,5,9,13,14,98,100,107" m="10858,44107" machi="107" ten="30,1000,0" yaku="11,1" doraHai="37" who="0" fromWho="2" sc="318,23,322,0,115,-13,235,0" owari="341,44.1,322,12.2,102,-39.8,235,-16.5" /></mjloggm>