<mjloggm ver="2.3"><GO type="225" lobby="0"/><UN n0="%E3%83%B4%E3%83%A0%EF%BC%99%E3%81%A6" n1="%6D%75%75%6D%75%72%61" n2="%E9%80%86%E9%80%A3%E5%B8%AF%E3%81%AE%E9%AC%BC" n3="%70%68%65%6E%6F%6D%65" dan="17,17,16,17" rate="2232.98,2193.77,2140.02,2164.99" sx="M,F,M,M"/><TAIKYOKU oya="0"/><INIT seed="0,0,0,1,2,58" ten="250,250,250,250" oya="0" hai0="19,123,116,17,70,106,110,65,26,28,41,95,121" hai1="12,13,84,125,61,126,117,89,55,112,80,40,22" hai2="7,10,4,97,93,8,64,103,118,73,62,54,2" hai3="135,33,119,120,105,82,122,16,11,49,18,20,3"/><T47/><D116/><U91/><E117/><V75/><F54/><W132/><G119/><T37/><D106/><U72/><E72/><V57/><REACH who="2" step="1"/><F118/><REACH who="2" ten="250,250,240,250" step="2"/><W36/><G122/><T78/><D121/><U101/><E55/><V85/><F85/><W115/><G120/><T104/><D123/><U48/><E84/><V113/><F113/><W6/><G115/><T102/><D110/><U87/><E112/><V63/><F63/><W131/><G132/><T34/><D78/><U27/><E61/><V44/><F44/><W21/><G135/><T52/><D52/><U124/><E125/><V77/><F77/><W74/><G74/><T56/><D56/><U68/><E124/><V0/><AGARI ba="0,1" hai="0,2,4,7,8,10,57,62,64,73,75,93,97,103" machi="0" ten="20,8000,1" yaku="1,1,0,1,7,1,9,1,52,1,53,0" doraHai="58" doraHaiUra="71" who="2" fromWho="2" sc="250,-40,250,-20,240,90,250,-20" /><INIT seed="1,0,0,4,0,121" ten="210,230,330,230" oya="1" hai0="34,58,108,42,88,116,2,114,46,54,129,107,18" hai1="19,130,56,52,47,50,31,118,120,78,106,93,73" hai2="87,21,41,89,3,37,91,119,60,68,29,81,35" hai3="16,115,10,9,45,15,83,44,32,36,117,57,80"/><U127/><E106/><V86/><F119/><W6/><G115/><T112/><D116/><U38/><E118/><V126/><F3/><W71/><G71/><T64/><D107/><U27/><E120/><V69/><F126/><W76/><G117/><T94/><D2/><U26/><E127/><V132/><F35/><W0/><G32/><T102/><D102/><U134/><E134/><V20/><F132/><W1/><G0/><T105/><D105/><U48/><E130/><V25/><F37/><W109/><G109/><T92/><D129/><U79/><E38/><V113/><F41/><W77/><G57/><T123/><D123/><U66/><E73/><V72/><F72/><W30/><G30/><T12/><D64/><U95/><E19/><V97/><F97/><W70/><G70/><T22/><D108/><U40/><E66/><V61/><F113/><W65/><G65/><T51/><D92/><N who="1" m="35403" /><E31/><V100/><F100/><W4/><G36/><T53/><D34/><U124/><E124/><V28/><F81/><W135/><G135/><T14/><D14/><U39/><E39/><V75/><F75/><W62/><G62/><T98/><REACH who="0" step="1"/><D42/><REACH who="0" ten="200,230,330,230" step="2"/><U96/><E96/><V17/><F69/><W103/><G103/><T82/><D82/><N who="3" m="31273" /><G6/><T104/><D104/><U131/><E131/><V84/><F68/><W99/><G99/><T101/><D101/><U24/><AGARI ba="0,1" hai="24,26,27,40,47,48,50,52,56,78,79" m="35403" machi="24" ten="30,3000,0" yaku="8,1,54,1" doraHai="121" who="1" fromWho="1" sc="200,-10,230,40,330,-10,230,-10" /><INIT seed="1,1,0,5,0,67" ten="190,270,320,220" oya="1" hai0="7,24,2,89,82,100,80,105,93,114,6,85,78" hai1="90,116,88,34,36,53,106,56,26,37,25,99,35" hai2="11,14,21,31,124,94,70,30,66,130,55,133,123" hai3="95,97,50,64,45,65,61,69,29,91,129,27,73"/><U19/><E116/><V1/><F123/><W28/><G129/><T13/><D114/><U104/><E19/><V59/><F133/><W83/><G65/><T62/><D2/><U74/><E74/><V0/><F124/><W44/><G29/><T20/><D13/><U32/><E99/><V22/><F130/><W115/><G115/><T60/><D100/><U107/><E53/><V77/><F77/><W18/><G18/><T49/><D49/><U96/><E56/><V42/><F42/><W23/><REACH who="3" step="1"/><G50/><REACH who="3" ten="190,270,320,210" step="2"/><T33/><D33/><U9/><E35/><V128/><F31/><W92/><G92/><T15/><D105/><U98/><E104/><V41/><F94/><W121/><G121/><T84/><D93/><U132/><E132/><V102/><F30/><W51/><G51/><T71/><D71/><U63/><E9/><V47/><F70/><W10/><G10/><N who="0" m="4567" /><D7/><U16/><E16/><AGARI ba="1,1" hai="16,20,24,60,62,78,80,82,84,85,89" m="4567" machi="16" ten="30,2000,0" yaku="8,1,54,1" doraHai="67" who="0" fromWho="1" sc="190,33,270,-23,320,0,210,0" /><INIT seed="2,0,0,3,3,105" ten="223,247,320,210" oya="2" hai0="70,122,56,46,36,10,126,21,98,97,74,125,73" hai1="101,24,115,19,60,120,44,128,45,43,110,127,0" hai2="134,72,104,22,33,68,8,84,135,95,41,83,118" hai3="91,35,99,48,15,38,28,63,42,85,39,82,77"/><V67/><F33/><W92/><G35/><T124/><D122/><U47/><E115/><V69/><F104/><W89/><G28/><T52/><D70/><U64/><E120/><V106/><F106/><W103/><G63/><N who="0" m="36231" /><D10/><U79/><E110/><V16/><F118/><W61/><G61/><T55/><D21/><U133/><E127/><V123/><F8/><W129/><G129/><T87/><D87/><U71/><E128/><V11/><F11/><W78/><G77/><T54/><D54/><U17/><E0/><V62/><F69/><W9/><G39/><T100/><D97/><U6/><E6/><V4/><F4/><N who="3" m="3495" /><G38/><T25/><D25/><U14/><E79/><V2/><F2/><W34/><G34/><T107/><D55/><U81/><E81/><V119/><F119/><W13/><G13/><T93/><D107/><U57/><E71/><V116/><F116/><W1/><G1/><T88/><D100/><U31/><E101/><V80/><F123/><W30/><G30/><T117/><D117/><U90/><E43/><AGARI ba="0,0" hai="36,43,46,73,74,88,93,98,124,125,126" m="36231" machi="43" ten="30,8000,1" yaku="18,1,52,2,54,2" doraHai="105" who="0" fromWho="1" sc="223,80,247,-80,320,0,210,0" /><INIT seed="3,0,0,1,5,109" ten="303,167,320,210" oya="3" hai0="67,70,9,3,39,48,78,127,114,122,18,133,134" hai1="116,88,28,111,45,15,91,89,44,53,36,104,54" hai2="69,56,71,26,124,68,12,130,85,43,5,47,99" hai3="96,13,6,31,64,50,79,86,87,8,119,14,126"/><W65/><G119/><T90/><D122/><U106/><E116/><V105/><F130/><W46/><G126/><T135/><D39/><U110/><E36/><V20/><F124/><W83/><G31/><T17/><D127/><U120/><E28/><V11/><F56/><W63/><G96/><T101/><D101/><U76/><E15/><V27/><F85/><W51/><G50/><T62/><D114/><U33/><E76/><V4/><F4/><W77/><G14/><T61/><D78/><U22/><E22/><V32/><F32/><W74/><G79/><T41/><D61/><U125/><E125/><V7/><F7/><W93/><G93/><T2/><D90/><U92/><E92/><V118/><F118/><W10/><G10/><T108/><D108/><N who="1" m="41515" /><E33/><V19/><F27/><W42/><REACH who="3" step="1"/><G65/><REACH who="3" ten="303,167,320,200" step="2"/><T128/><D128/><U132/><E120/><V29/><F99/><W115/><G115/><T112/><D112/><U98/><E132/><V107/><F29/><W37/><G37/><T82/><D82/><U80/><E80/><V57/><F107/><N who="1" m="41001" /><E98/><V59/><F105/><W66/><G66/><T34/><D34/><U73/><E73/><V81/><F81/><W117/><G117/><T38/><D38/><U75/><E75/><V97/><F97/><W102/><G102/><T16/><D9/><U30/><E30/><V52/><F12/><W95/><G95/><T100/><D100/><U24/><E24/><V0/><F11/><W121/><G121/><T94/><D94/><U131/><E131/><V58/><F26/><W49/><G49/><T35/><D35/><RYUUKYOKU ba="0,1" sc="303,10,167,10,320,-30,200,10" hai0="2,3,16,17,18,41,48,62,67,70,133,134,135" hai1="44,45,53,54,88,89,91" hai3="6,8,13,42,46,51,63,64,74,77,83,86,87" /><INIT seed="3,1,1,5,3,67" ten="313,177,290,210" oya="3" hai0="125,115,118,66,72,35,22,75,10,116,133,62,129" hai1="84,101,82,14,86,55,20,109,128,19,103,18,127" hai2="11,71,132,131,106,70,53,29,9,47,46,90,51" hai3="45,15,34,50,122,121,65,13,92,76,111,44,28"/><W123/><G76/><T119/><D35/><U87/><E109/><V105/><F132/><W96/><G111/><T17/><D133/><U104/><E127/><V24/><F131/><W12/><G65/><T79/><D125/><U0/><E0/><V33/><F90/><W31/><G34/><T54/><D129/><U107/><E128/><V73/><F73/><W8/><G8/><T63/><D10/><U64/><E82/><V60/><F47/><W77/><G77/><T80/><D75/><U69/><E55/><V97/><F106/><W23/><G23/><T93/><D93/><U134/><E134/><V110/><F110/><W48/><G45/><T83/><D83/><U56/><E56/><V89/><F89/><W113/><G113/><T135/><D135/><U3/><E3/><V37/><F37/><W43/><REACH who="3" step="1"/><G50/><REACH who="3" ten="313,177,290,200" step="2"/><T39/><D115/><U6/><E6/><V16/><F9/><W38/><G38/><T102/><D39/><U99/><E19/><V32/><F32/><W117/><G117/><T61/><D66/><U126/><E126/><V74/><F11/><W7/><G7/><T130/><D130/><U1/><E1/><V114/><F16/><W25/><G25/><T94/><D17/><U108/><E108/><V78/><F114/><W30/><G30/><T100/><D22/><U4/><E4/><V21/><F21/><W112/><G112/><T52/><D116/><U41/><E41/><V57/><F78/><W58/><G58/><T42/><D118/><U36/><E36/><V124/><F124/><W27/><G27/><T85/><D119/><RYUUKYOKU ba="1,2" sc="313,-10,177,-10,290,-10,200,30" hai3="12,13,15,28,31,43,44,48,92,96,121,122,123" /><INIT seed="3,2,2,1,4,9" ten="303,167,280,230" oya="3" hai0="81,108,94,121,2,105,119,6,59,57,128,10,39" hai1="28,133,91,124,102,127,76,3,77,130,43,64,67" hai2="42,27,1,89,96,53,58,100,116,47,17,90,114" hai3="29,72,83,50,51,25,97,21,18,109,22,74,112"/><W34/><G112/><T5/><D105/><U66/><E3/><V37/><F116/><W123/><G123/><T38/><D121/><U122/><E122/><V48/><F1/><W20/><G109/><T117/><D108/><U71/><E71/><V101/><F114/><W115/><G115/><T106/><D106/><U49/><E102/><V134/><F134/><W15/><G97/><T46/><D2/><U63/><E63/><V120/><F120/><W14/><G15/><T44/><D94/><U24/><E133/><V68/><F68/><W73/><REACH who="3" step="1"/><G83/><REACH who="3" ten="303,167,280,220" step="2"/><T12/><D81/><U65/><N who="1" m="16384" /><DORA hai="41" /><U99/><E130/><V31/><F101/><W35/><G35/><T30/><D12/><U7/><E7/><V80/><F80/><W75/><N who="3" m="18432" /><DORA hai="92" /><W95/><G95/><T33/><D33/><U78/><E127/><V85/><F85/><W70/><G70/><T93/><D128/><U135/><E124/><V56/><F100/><W13/><G13/><T87/><D5/><U61/><E135/><V111/><F96/><W11/><AGARI ba="2,3" hai="11,14,18,20,21,22,25,29,34,50,51" m="18432" machi="11" ten="60,24000,3" yaku="1,1,0,1,52,1,53,5" doraHai="9,41,92" doraHaiUra="132,4,107" who="3" fromWho="3" sc="303,-82,167,-82,280,-82,220,276" owari="221,2.1,85,-41.5,198,-20.2,496,59.6" /></mjloggm>