<mjloggm ver="2.3"><GO type="225" lobby="0"/><UN n0="%E3%83%8F%E3%82%AC%E3%82%BF%E3%82%AB%E3%81%AE%E3%81%88%E3%81%98%E3%81%8D" n1="%E3%82%A2%E3%83%BC%E3%83%A2%E3%83%AD%E3%83%BC%E3%83%B4%E3%82%A1" n2="%6D%75%75%6D%75%72%61" n3="%E5%A4%96%E5%B7%9D%E7%AB%9C%E6%88%90" dan="16,16,16,16" rate="2181.27,2191.19,2132.05,2198.40" sx="M,M,F,M"/><TAIKYOKU oya="0"/><INIT seed="0,0,0,5,0,38" ten="250,250,250,250" oya="0" hai0="29,24,36,27,102,64,132,21,0,53,128,99,107" hai1="80,55,43,127,103,93,15,63,95,25,83,26,60" hai2="89,112,87,35,44,47,129,69,28,115,16,110,8" hai3="81,133,85,104,119,62,114,121,118,58,3,125,117"/><T22/><D128/><U88/><E127/><V92/><F129/><W94/><G3/><T10/><D132/><U66/><E15/><V13/><F69/><W57/><G114/><T42/><D64/><U73/><E73/><V9/><F110/><W18/><G104/><T49/><D0/><U105/><E105/><V46/><REACH who="2" step="1"/><F8/><REACH who="2" ten="250,250,240,250" step="2"/><W91/><G119/><T48/><D10/><U7/><E7/><V101/><F101/><W96/><G118/><T14/><D14/><U30/><E103/><V111/><F111/><W82/><G117/><T51/><D36/><U109/><E109/><V59/><F59/><W2/><G58/><T50/><D42/><U130/><E43/><V19/><F19/><W100/><G2/><T11/><D11/><U52/><E130/><V33/><F33/><W65/><G18/><T37/><D37/><U54/><E30/><V126/><F126/><W1/><G125/><T74/><D74/><U34/><E34/><V77/><F77/><W134/><G1/><T79/><D79/><U113/><E113/><V86/><F86/><W120/><REACH who="3" step="1"/><G82/><REACH who="3" ten="250,250,240,240" step="2"/><T56/><REACH who="0" step="1"/><D29/><REACH who="0" ten="240,250,240,240" step="2"/><U45/><E25/><AGARI ba="0,3" hai="9,13,16,25,28,35,44,46,47,87,89,92,112,115" machi="25" ten="40,5200,0" yaku="1,1,54,1,53,1" doraHai="38" doraHaiUra="20" who="2" fromWho="1" sc="240,0,250,-52,240,82,240,0" /><AGARI ba="0,0" hai="21,22,24,25,27,48,49,50,51,53,56,99,102,107" machi="25" ten="40,12000,1" yaku="1,1,2,1,53,3" doraHai="38" doraHaiUra="20" who="0" fromWho="1" sc="240,120,198,-120,322,0,240,0" /><INIT seed="0,1,0,0,4,114" ten="360,78,322,240" oya="0" hai0="120,70,115,48,29,105,73,58,47,123,97,84,12" hai1="44,102,33,87,101,134,108,31,112,30,6,111,42" hai2="27,43,129,91,76,35,109,107,71,95,15,52,7" hai3="66,3,104,20,40,82,110,39,86,24,81,56,4"/><T45/><D73/><U131/><E112/><V65/><F107/><W59/><G104/><T67/><D115/><U93/><E134/><V8/><F109/><N who="1" m="42057" /><E131/><V13/><F129/><W83/><G40/><T36/><D29/><N who="1" m="10763" /><E6/><V38/><F35/><W99/><G39/><T124/><D12/><U128/><E33/><V55/><F27/><W62/><G4/><T69/><D105/><U133/><E128/><V16/><F76/><W85/><G3/><T5/><D5/><U119/><E133/><V60/><F38/><W2/><G2/><T10/><D10/><U26/><E26/><V77/><F77/><W25/><G110/><T28/><D28/><U78/><E119/><V100/><F100/><N who="1" m="38505" /><E78/><V23/><REACH who="2" step="1"/><F43/><REACH who="2" ten="360,78,312,240" step="2"/><W41/><G41/><N who="0" m="24623" /><D36/><U63/><E42/><V50/><F50/><W89/><G25/><T37/><D37/><U21/><E44/><V98/><AGARI ba="1,1" hai="7,8,13,15,16,23,52,55,60,65,71,91,95,98" machi="98" ten="20,8000,1" yaku="1,1,0,1,7,1,54,2,53,0" doraHai="114" doraHaiUra="75" who="2" fromWho="2" sc="360,-41,78,-21,312,93,240,-21" /><INIT seed="1,0,0,0,1,59" ten="319,57,405,219" oya="1" hai0="42,102,105,71,13,64,33,108,73,117,86,111,22" hai1="58,44,35,17,74,114,55,129,125,43,1,37,95" hai2="39,28,89,24,12,6,36,118,18,61,54,122,83" hai3="80,107,119,52,29,49,20,85,25,40,90,38,8"/><U101/><E114/><V113/><F113/><W9/><G107/><T87/><D33/><U70/><E129/><V11/><F118/><W96/><G38/><T5/><D42/><U60/><E125/><V48/><F122/><W72/><G40/><T2/><D2/><U134/><E134/><V104/><F104/><W30/><G119/><T57/><D71/><U79/><E35/><V77/><F6/><W76/><G30/><T3/><D73/><U106/><E106/><V63/><F39/><W97/><G72/><T41/><D41/><U124/><E124/><V0/><F0/><W130/><G130/><T66/><D3/><U100/><E1/><V19/><F19/><W67/><G67/><T120/><D120/><U103/><E70/><V110/><F110/><N who="0" m="42026" /><D105/><U123/><E123/><V62/><F36/><W98/><REACH who="3" step="1"/><G76/><REACH who="3" ten="319,57,405,209" step="2"/><T94/><D66/><U31/><E31/><V56/><F77/><W99/><N who="3" m="24576" /><DORA hai="14" /><W23/><G23/><T65/><D64/><U46/><E46/><AGARI ba="0,1" hai="8,9,20,25,29,46,49,52,80,85,90" m="24576" machi="46" ten="50,12000,2" yaku="1,1,8,1,54,1,53,3" doraHai="59,14" doraHaiUra="7,26" who="3" fromWho="1" sc="319,0,57,-120,405,0,209,130" owari="319,-8.1,-63,-56.3,405,50.5,339,13.9" /></mjloggm>