<mjloggm ver="2.3"><GO type="225" lobby="0"/><UN n0="%72%61%6B%33" n1="%28%EF%BF%A3%E2%96%BD%EF%BF%A3%29%CE%B4%E2%8C%92%E3%83%BB" n2="%E3%82%B7%E3%83%B3%E5%A4%AA%E6%9C%97" n3="%E5%B8%86%E7%AB%8B%E5%A4%8F%E8%A1%A3" dan="16,16,16,16" rate="2121.52,2099.32,2170.36,2139.70" sx="M,M,M,M"/><TAIKYOKU oya="0"/><INIT seed="0,0,0,3,2,112" ten="250,250,250,250" oya="0" hai0="64,50,61,4,44,23,41,46,19,27,108,128,107" hai1="1,67,118,12,63,53,77,43,33,119,132,101,32" hai2="49,133,74,85,47,104,116,36,5,75,89,113,21" hai3="98,28,7,114,14,69,79,115,22,9,72,80,26"/><T34/><D128/><U13/><E1/><V76/><F113/><W60/><REACH who="3" step="1"/><G98/><REACH who="3" ten="250,250,250,240" step="2"/><T91/><D108/><U66/><E132/><V20/><F133/><W59/><G59/><T62/><D107/><U45/><E101/><V134/><F104/><W100/><G100/><T93/><D34/><U17/><E33/><V127/><F134/><W99/><G99/><T73/><D73/><U2/><E32/><V16/><F74/><W70/><G70/><T95/><D4/><U83/><E2/><V123/><F75/><W103/><G103/><T126/><D126/><U3/><E3/><V97/><F127/><W8/><G8/><T125/><D125/><U68/><E68/><V29/><F97/><W81/><G81/><T87/><D64/><AGARI ba="0,1" hai="7,9,14,22,26,28,60,64,69,72,79,80,114,115" machi="64" ten="40,5200,0" yaku="21,2,53,1" doraHai="112" doraHaiUra="56" who="3" fromWho="0" sc="250,-52,250,0,250,0,240,62" /><INIT seed="1,0,0,0,1,30" ten="198,250,250,302" oya="1" hai0="91,45,90,100,34,36,97,93,65,23,83,105,120" hai1="96,39,122,84,64,68,35,71,95,70,42,126,80" hai2="124,117,19,6,41,85,29,14,55,18,0,134,112" hai3="114,49,2,60,113,99,109,94,28,57,32,15,11"/><U119/><E119/><V53/><F134/><W21/><G109/><T75/><D65/><U118/><E118/><V67/><F117/><W89/><G49/><T50/><D120/><U129/><E122/><V37/><F124/><W51/><G51/><T98/><D36/><U7/><E126/><V125/><F67/><W40/><G40/><T59/><D59/><U10/><E129/><V102/><F102/><W62/><G2/><T48/><D23/><U116/><E116/><V76/><F112/><W13/><G21/><T16/><D16/><U38/><E64/><V27/><F125/><W132/><G132/><T8/><D8/><U103/><E42/><V26/><F41/><W79/><G79/><T101/><D48/><U135/><E35/><V20/><F37/><W58/><G58/><T3/><D3/><U127/><E135/><V87/><F0/><W33/><G28/><T54/><REACH who="0" step="1"/><D34/><REACH who="0" ten="188,250,250,302" step="2"/><U4/><E127/><V66/><F66/><W128/><G57/><T133/><D133/><U107/><E38/><V5/><F6/><W31/><G11/><T82/><D82/><U81/><E39/><V92/><F5/><W121/><G121/><T43/><D43/><U123/><E123/><V108/><F19/><W131/><G33/><T9/><D9/><U106/><E4/><V78/><F18/><W24/><G32/><T111/><D111/><U77/><REACH who="1" step="1"/><E81/><REACH who="1" ten="188,240,250,302" step="2"/><V56/><F108/><W25/><G131/><T12/><D12/><AGARI ba="0,2" hai="7,10,12,68,70,71,77,80,84,95,96,103,106,107" machi="12" ten="40,3900,0" yaku="1,1,2,1,53,0" doraHai="30" doraHaiUra="110" who="1" fromWho="0" sc="188,-39,240,59,250,0,302,0" /><INIT seed="1,1,0,2,0,11" ten="149,299,250,302" oya="1" hai0="88,51,130,106,75,73,33,113,49,100,63,41,83" hai1="45,109,99,77,57,103,46,110,107,71,59,70,8" hai2="58,112,90,13,22,39,89,34,29,79,24,84,114" hai3="62,18,94,74,37,38,67,52,54,80,53,60,25"/><U126/><E77/><V5/><F39/><N who="3" m="14859" /><G18/><T120/><D113/><N who="2" m="43626" /><F58/><N who="1" m="22025" /><E126/><V4/><F79/><W28/><G94/><T61/><D33/><U131/><E8/><N who="2" m="4231" /><F5/><W68/><G25/><T0/><D0/><U19/><E19/><V76/><F34/><W20/><G20/><T115/><D115/><U15/><E15/><V91/><F76/><W128/><G80/><AGARI ba="1,0" hai="22,24,29,80,84,89,90,91" m="4231,43626" machi="80" ten="30,2000,0" yaku="11,1,52,1" doraHai="11" who="2" fromWho="3" sc="149,0,299,0,250,23,302,-23" /><INIT seed="2,0,0,1,0,24" ten="149,299,273,279" oya="2" hai0="130,12,99,100,121,75,40,21,65,98,134,17,114" hai1="11,129,5,95,106,43,41,29,120,73,101,82,64" hai2="84,126,83,116,18,63,76,124,111,30,8,3,102" hai3="32,55,110,2,16,39,50,26,67,105,88,79,90"/><V45/><F116/><W68/><G39/><T112/><D121/><U132/><E106/><V27/><F111/><W0/><G105/><T47/><D130/><U135/><E120/><V81/><F102/><W71/><G110/><T22/><D134/><N who="1" m="51243" /><E29/><V113/><F113/><W35/><G79/><T7/><D75/><U33/><E33/><V54/><F63/><W86/><G2/><T53/><D7/><U80/><E64/><V31/><F54/><W115/><G0/><T60/><D53/><U91/><E101/><V62/><F62/><W58/><G115/><T78/><D78/><N who="1" m="44111" /><E82/><V118/><F118/><W6/><G6/><T44/><D21/><U19/><E19/><V119/><F119/><W127/><G127/><N who="2" m="48681" /><F45/><W37/><G67/><T69/><D44/><U87/><E129/><V51/><F51/><W107/><G107/><T10/><D22/><U94/><E94/><V93/><F93/><N who="3" m="54423" /><G35/><T23/><D23/><U70/><E70/><V66/><F66/><W72/><G32/><T52/><D114/><U46/><E46/><V57/><F57/><W89/><G71/><T103/><D112/><U36/><E36/><V133/><F133/><W61/><G37/><T85/><D69/><U14/><AGARI ba="0,0" hai="5,11,14,41,43,87,91,95" m="44111,51243" machi="14" ten="30,1100,0" yaku="20,1" doraHai="24" who="1" fromWho="1" sc="149,-3,299,11,273,-5,279,-3" /><INIT seed="3,0,0,3,0,113" ten="146,310,268,276" oya="3" hai0="84,38,109,46,14,97,88,75,135,108,26,53,105" hai1="29,6,96,126,100,16,131,51,99,98,119,57,49" hai2="85,107,101,91,74,93,36,42,3,86,114,56,90" hai3="121,77,83,120,102,0,132,87,20,82,19,4,70"/><W58/><G70/><T15/><D75/><U125/><E119/><V89/><F3/><W116/><G116/><T129/><D135/><U71/><E71/><V50/><F36/><W59/><G132/><T12/><D129/><U24/><E131/><V127/><F114/><W35/><G35/><T68/><D68/><U81/><E6/><V60/><F74/><W10/><G59/><T18/><D105/><U117/><E117/><V43/><F127/><N who="1" m="48649" /><E16/><V67/><F107/><W54/><G83/><T39/><D97/><N who="1" m="37483" /><E57/><V106/><F106/><W64/><G102/><T2/><D2/><U27/><E81/><V134/><F134/><W65/><G120/><T73/><D73/><U32/><E27/><V8/><F8/><W122/><G122/><T7/><D7/><U69/><E69/><V110/><F110/><N who="0" m="42602" /><D53/><U17/><E17/><V62/><F101/><W34/><G121/><T48/><D26/><U124/><E124/><V45/><F90/><W80/><G80/><T118/><D18/><U1/><E1/><V52/><F62/><W30/><G58/><T103/><D103/><U111/><E111/><V94/><AGARI ba="0,0" hai="42,43,45,50,52,56,60,67,85,86,89,91,93,94" machi="94" ten="20,8000,1" yaku="0,1,7,1,9,1,8,1,54,1" doraHai="113" who="2" fromWho="2" sc="146,-20,310,-20,268,80,276,-40" owari="126,-37.4,290,9.0,348,44.8,236,-16.4" /></mjloggm>