<mjloggm ver="2.3"><GO type="225" lobby="0"/><UN n0="%E3%81%86%E3%82%8C%E3%81%9F%E3%82%93%E6%9E%95" n1="%E5%84%AA%40%41%42%43" n2="%E3%81%91%E3%83%BC%E3%81%9E%E3%81%88" n3="%72%61%6B%33" dan="16,18,16,18" rate="2073.69,2221.29,2168.99,2232.83" sx="F,M,F,M"/><TAIKYOKU oya="0"/><INIT seed="0,0,0,1,2,98" ten="250,250,250,250" oya="0" hai0="88,65,57,5,39,92,26,77,97,90,36,71,30" hai1="20,76,4,127,53,19,118,107,84,64,69,46,100" hai2="50,68,56,103,1,114,128,41,117,13,12,18,83" hai3="73,91,55,62,23,131,45,47,104,121,25,38,42"/><T80/><D71/><U75/><E118/><V125/><F1/><W59/><G131/><T11/><D90/><U111/><E75/><V70/><F114/><W119/><G121/><T7/><D65/><U35/><E35/><V6/><F128/><W31/><G119/><T129/><D57/><U43/><E4/><V96/><F125/><W85/><G73/><T101/><D101/><U135/><E53/><V0/><F0/><W51/><G104/><T122/><D122/><U2/><E2/><V105/><F117/><W34/><G34/><T16/><D129/><U44/><E44/><V134/><F134/><W52/><G38/><T3/><D5/><U110/><E64/><V17/><F6/><W8/><G8/><T32/><REACH who="0" step="1"/><D16/><REACH who="0" ten="240,250,250,250" step="2"/><U29/><E19/><V78/><F18/><W89/><G89/><T86/><AGARI ba="0,1" hai="3,7,11,26,30,32,36,39,77,80,86,88,92,97" machi="86" ten="20,12000,1" yaku="1,1,2,1,0,1,7,1,54,1,53,0" doraHai="98" doraHaiUra="113" who="0" fromWho="0" sc="240,130,250,-40,250,-40,250,-40" /><INIT seed="0,1,0,1,3,123" ten="370,210,210,210" oya="0" hai0="116,82,43,104,20,92,86,11,33,44,109,99,65" hai1="13,97,49,114,4,101,124,60,122,94,84,78,73" hai2="98,19,10,115,132,9,72,53,110,127,31,105,121" hai3="81,51,87,133,128,95,52,14,103,61,125,120,42"/><T76/><D116/><U21/><E122/><V58/><F72/><W119/><G119/><T85/><D33/><U56/><E124/><V64/><F127/><W102/><G120/><T59/><D104/><U30/><E114/><V50/><F132/><W6/><G128/><T117/><D117/><U34/><E73/><V46/><F121/><W40/><G133/><T18/><D11/><U32/><E49/><V62/><F115/><W79/><G125/><T68/><D68/><U57/><E56/><V41/><F31/><W2/><G2/><T112/><D86/><U1/><E1/><V17/><F105/><W134/><G134/><T108/><D59/><U106/><E4/><V100/><F100/><W93/><G61/><T12/><D65/><N who="1" m="39055" /><E13/><V107/><F107/><W113/><G113/><T39/><REACH who="0" step="1"/><D112/><REACH who="0" ten="360,210,210,210" step="2"/><U129/><E106/><V27/><F10/><N who="3" m="4439" /><G93/><T0/><D0/><U131/><E34/><V36/><F9/><W37/><G95/><T126/><D126/><U75/><E32/><V63/><F64/><W54/><G87/><T16/><D16/><U15/><E75/><V55/><F17/><W28/><G28/><T67/><D67/><U96/><E97/><V29/><F98/><W3/><G3/><T130/><D130/><U24/><E15/><V45/><F29/><W111/><G81/><AGARI ba="1,1" hai="21,24,30,78,81,84,94,96,101,129,131" m="39055" machi="81" ten="30,1000,0" yaku="25,1" doraHai="123" who="1" fromWho="3" sc="360,0,210,23,210,0,210,-13" /><INIT seed="1,0,0,5,3,80" ten="360,233,210,197" oya="1" hai0="100,15,132,35,68,102,87,86,85,129,27,77,133" hai1="126,6,0,25,38,124,94,9,57,14,39,97,91" hai2="110,125,75,30,58,79,82,12,130,33,106,64,99" hai3="46,115,88,21,44,20,42,16,134,119,92,71,1"/><U60/><E0/><V90/><F110/><W120/><G115/><T48/><D129/><U50/><E50/><V67/><F130/><W18/><G120/><T131/><D131/><U83/><E83/><V40/><F125/><N who="1" m="48233" /><E25/><V111/><F111/><W31/><G134/><N who="0" m="51819" /><D68/><U29/><E29/><V81/><F40/><W95/><G71/><T5/><D77/><U117/><E117/><V55/><F30/><W8/><G31/><N who="0" m="19967" /><D48/><U32/><E32/><V69/><F33/><W45/><G119/><T107/><D107/><U122/><E122/><V96/><F106/><W28/><G28/><T74/><D74/><U127/><N who="1" m="48241" /><U113/><DORA hai="65" /><E113/><V2/><F69/><W49/><G1/><T121/><D121/><U63/><E63/><V78/><F2/><W105/><G105/><T37/><D37/><U89/><E89/><V116/><F90/><W103/><G95/><T123/><D123/><U3/><E3/><V61/><F116/><W47/><G103/><N who="0" m="39467" /><D15/><U62/><E62/><V98/><REACH who="2" step="1"/><F12/><REACH who="2" ten="360,233,200,197" step="2"/><N who="3" m="7175" /><G18/><T73/><D73/><AGARI ba="0,1" hai="55,58,61,64,67,73,75,78,79,81,82,96,98,99" machi="73" ten="40,8000,1" yaku="1,1,9,1,53,2" doraHai="80,65" doraHaiUra="11,72" who="2" fromWho="0" sc="360,-80,233,0,200,90,197,0" /><INIT seed="2,0,0,1,1,1" ten="280,233,290,197" oya="2" hai0="14,104,39,6,26,70,61,82,55,114,77,21,122" hai1="105,97,103,34,10,99,131,63,85,13,83,44,78" hai2="120,68,0,116,106,43,35,18,8,40,48,29,12" hai3="93,94,20,22,58,98,2,62,100,25,107,109,54"/><V59/><F116/><W88/><G109/><T3/><D104/><U7/><E131/><V128/><F68/><W135/><G135/><T121/><D114/><U84/><E34/><V46/><F106/><W91/><G2/><T73/><D39/><U101/><E63/><V17/><F120/><W15/><G107/><T69/><D3/><U110/><E110/><V108/><F108/><W113/><G113/><T50/><D70/><U33/><E33/><V49/><F0/><W67/><G20/><T57/><D14/><U80/><E44/><V4/><F128/><W45/><G15/><T119/><D6/><U95/><REACH who="1" step="1"/><E83/><REACH who="1" ten="280,223,290,197" step="2"/><V38/><F46/><W60/><G94/><T133/><D119/><U28/><E28/><V75/><F29/><N who="3" m="17591" /><G62/><T76/><D122/><U111/><E111/><V112/><F35/><W79/><G79/><T92/><D77/><U27/><E27/><V56/><F112/><W90/><G45/><T130/><D121/><U9/><E9/><V134/><F8/><W16/><G16/><T5/><D130/><U52/><E52/><AGARI ba="0,1" hai="52,54,58,60,67,88,90,91,93,98,100" m="17591" machi="52" ten="30,7700,0" yaku="25,1,8,1,54,2" doraHai="1" who="3" fromWho="1" sc="280,0,223,-77,290,0,197,87" /><INIT seed="3,0,0,4,4,72" ten="280,146,290,284" oya="3" hai0="81,135,27,77,45,29,34,44,17,37,49,134,26" hai1="33,32,105,112,87,58,124,5,52,13,30,79,6" hai2="18,69,125,126,20,110,115,78,86,41,61,114,70" hai3="46,36,89,11,38,127,66,83,80,74,48,97,93"/><W95/><G127/><N who="2" m="48649" /><F110/><W39/><G66/><T43/><D26/><U67/><E112/><N who="2" m="43051" /><F41/><W98/><G11/><T64/><D17/><U28/><E105/><V111/><F111/><W101/><REACH who="3" step="1"/><G74/><REACH who="3" ten="280,146,290,274" step="2"/><T108/><D108/><U131/><E124/><V85/><F61/><W100/><G100/><T118/><D64/><U7/><E67/><V54/><F54/><AGARI ba="0,1" hai="36,38,39,46,48,54,80,83,89,93,95,97,98,101" machi="54" ten="40,7700,0" yaku="1,1,53,2" doraHai="72" doraHaiUra="88" who="3" fromWho="2" sc="280,0,146,0,290,-77,274,87" owari="280,8.0,146,-35.4,213,-18.7,361,46.1" /></mjloggm>