<mjloggm ver="2.3"><GO type="225" lobby="0"/><UN n0="%E3%83%A1%E3%82%AC%E3%83%87%E3%82%B8" n1="%E3%82%AF%E3%82%A3%E3%82%A6" n2="%E3%81%BE%E3%81%A8%E3%81%9F" n3="%E7%9C%9F%E4%B8%80" dan="16,16,16,17" rate="2095.48,2105.50,2109.54,2240.25" sx="F,M,M,M"/><TAIKYOKU oya="0"/><INIT seed="0,0,0,4,3,94" ten="250,250,250,250" oya="0" hai0="120,13,113,20,37,70,1,104,35,52,12,100,89" hai1="47,129,15,30,98,118,56,38,42,57,16,128,8" hai2="60,44,2,126,134,53,79,67,71,133,82,76,74" hai3="7,33,103,101,116,78,132,122,85,50,135,14,99"/><T48/><D35/><U124/><E118/><V108/><F108/><W93/><G33/><T9/><D37/><U75/><E124/><V114/><F126/><W117/><G50/><T31/><D70/><U62/><E75/><V40/><F114/><W0/><G0/><T3/><D113/><U130/><E30/><V66/><F2/><W125/><G125/><T22/><D120/><U68/><E68/><V23/><F79/><W26/><G26/><T59/><D13/><U87/><E62/><V64/><F53/><W5/><G7/><T111/><D111/><U84/><E84/><V51/><REACH who="2" step="1"/><F23/><REACH who="2" ten="250,250,240,250" step="2"/><W41/><G78/><T58/><D22/><U73/><E73/><V63/><F63/><W115/><G115/><T83/><D1/><U55/><E55/><V54/><F54/><W90/><G117/><T86/><D20/><U43/><E43/><V112/><F112/><W110/><G41/><T109/><D3/><U34/><E34/><V91/><F91/><W46/><G116/><T96/><D109/><U36/><E36/><V131/><F131/><W107/><G110/><T106/><D31/><U4/><E130/><V123/><F123/><W11/><G122/><T102/><D102/><U95/><E129/><V28/><F28/><W17/><G103/><T61/><D61/><U27/><E128/><V45/><F45/><W32/><G46/><N who="0" m="27671" /><D106/><U92/><E47/><V18/><F18/><AGARI ba="0,1" hai="9,12,18,58,59,83,86,89,96,100,104" m="27671" machi="18" ten="30,5800,0" yaku="25,1,52,1,54,1" doraHai="94" who="0" fromWho="2" sc="250,68,250,0,240,-58,250,0" /><INIT seed="0,1,0,5,0,67" ten="318,250,182,250" oya="0" hai0="15,117,83,62,125,84,60,4,86,8,7,128,91" hai1="51,63,37,49,46,9,102,81,107,28,44,39,72" hai2="85,97,68,64,54,80,35,132,75,126,78,38,123" hai3="134,127,36,129,124,50,31,10,120,98,2,6,71"/><T112/><D112/><U21/><E107/><V26/><F123/><W41/><G120/><T87/><D117/><U110/><E102/><V25/><F132/><W59/><G134/><T135/><D135/><U90/><E90/><V24/><F126/><N who="3" m="48171" /><G129/><T111/><D128/><U89/><E89/><V20/><F38/><W43/><G36/><T99/><D125/><U103/><E103/><V29/><F97/><W40/><G31/><T14/><D111/><U109/><E9/><V45/><F75/><W73/><G73/><T82/><D99/><U119/><E119/><V121/><F121/><W0/><G98/><T58/><D58/><U17/><E28/><V88/><F78/><W101/><G101/><T48/><D48/><N who="1" m="18507" /><E81/><N who="0" m="30729" /><D91/><U74/><E63/><N who="0" m="24105" /><D8/><U27/><E72/><V92/><F80/><W42/><G0/><T53/><D53/><U115/><E74/><V22/><F35/><W96/><G96/><T76/><D76/><U65/><E115/><V18/><F64/><W55/><N who="3" m="10240" /><DORA hai="130" /><W104/><G104/><T108/><D108/><N who="1" m="41579" /><E65/><V93/><F93/><W77/><G77/><T61/><D61/><U47/><AGARI ba="1,0" hai="17,21,27,37,39,44,46,47" m="41579,18507" machi="47" ten="40,1500,0" yaku="14,1" doraHai="67,130" who="1" fromWho="1" sc="318,-8,250,18,182,-5,250,-5" /><INIT seed="1,0,0,0,4,13" ten="310,268,177,245" oya="1" hai0="14,101,103,52,91,132,9,135,50,18,114,109,11" hai1="133,19,131,71,40,47,72,122,77,97,51,61,117" hai2="90,88,98,53,37,12,111,10,42,107,4,57,81" hai3="89,1,49,65,64,67,62,59,102,31,30,63,84"/><U118/><E122/><V128/><F111/><W15/><G1/><T68/><D109/><U116/><E77/><V41/><F128/><W3/><G3/><T55/><D114/><U95/><E72/><V43/><F37/><W22/><G102/><N who="0" m="38923" /><D68/><U130/><E133/><N who="0" m="51273" /><D91/><U16/><E71/><V60/><F107/><W8/><G49/><T73/><D73/><U7/><E7/><V80/><REACH who="2" step="1"/><F90/><REACH who="2" ten="310,268,167,245" step="2"/><W108/><G108/><T104/><D104/><U106/><E106/><V2/><F2/><W23/><G31/><T112/><D112/><U33/><E131/><V56/><F56/><W100/><G30/><T0/><D0/><U74/><E130/><V125/><F125/><W6/><G100/><T85/><D85/><U29/><E74/><V123/><F123/><W44/><G44/><N who="0" m="27719" /><D55/><U115/><E115/><V96/><F96/><W35/><G67/><T92/><D92/><AGARI ba="0,1" hai="4,10,12,41,42,43,53,57,60,80,81,88,92,98" machi="92" ten="40,5200,0" yaku="1,1,8,1,54,1,53,0" doraHai="13" doraHaiUra="24" who="2" fromWho="0" sc="310,-52,268,0,167,62,245,0" /><INIT seed="2,0,0,3,4,109" ten="258,268,229,245" oya="2" hai0="38,39,68,122,6,28,60,101,79,111,72,8,132" hai1="131,14,27,45,40,10,75,57,73,61,66,81,22" hai2="3,90,74,62,83,48,87,100,42,49,107,70,115" hai3="13,103,63,55,116,31,24,58,76,29,21,37,126"/><V12/><F3/><W34/><G116/><T50/><D50/><U110/><E131/><V128/><F128/><W65/><G37/><T32/><D111/><U123/><E123/><V71/><F115/><W56/><G126/><T120/><D132/><U23/><E110/><V99/><F49/><W2/><G2/><N who="0" m="87" /><D101/><U26/><E81/><V69/><F74/><W94/><G76/><T7/><D7/><U53/><E75/><V130/><F130/><W119/><G119/><T84/><D84/><U95/><E73/><V92/><F12/><W5/><G34/><T9/><D9/><U41/><E95/><V64/><REACH who="2" step="1"/><F92/><REACH who="2" ten="258,268,219,245" step="2"/><W25/><G13/><T43/><D39/><U134/><E27/><V19/><F19/><W124/><G25/><N who="0" m="18447" /><D38/><U133/><E26/><V78/><F78/><W113/><G113/><T106/><D106/><U85/><E14/><V18/><F18/><W105/><G105/><T129/><D129/><U125/><E125/><V44/><AGARI ba="0,1" hai="42,44,48,62,64,69,70,71,83,87,90,99,100,107" machi="44" ten="30,3000,0" yaku="1,1,0,1,53,0" doraHai="109" doraHaiUra="16" who="2" fromWho="2" sc="258,-10,268,-10,219,40,245,-10" /><INIT seed="2,1,0,5,2,47" ten="248,258,259,235" oya="2" hai0="29,75,126,73,45,57,117,49,130,111,21,63,22" hai1="51,96,66,1,55,19,86,50,97,37,89,93,2" hai2="3,74,92,107,79,6,119,27,76,67,113,52,5" hai3="99,46,123,110,112,23,68,60,108,28,104,106,105"/><V122/><F113/><W128/><G123/><T18/><D111/><N who="3" m="42537" /><G112/><T78/><D126/><U56/><E37/><V90/><F107/><W135/><G135/><T16/><D130/><U7/><E66/><V20/><F67/><N who="3" m="41063" /><G128/><T120/><D120/><U12/><E7/><V54/><F6/><W38/><G23/><T116/><D29/><U102/><E97/><V17/><F119/><N who="0" m="45642" /><D22/><N who="1" m="11623" /><E50/><V101/><F101/><N who="3" m="62527" /><G28/><T53/><D21/><U88/><E89/><V100/><F100/><W33/><G33/><T127/><D127/><U71/><E71/><V84/><F122/><W70/><G70/><T14/><D78/><U40/><E40/><AGARI ba="1,0" hai="38,40,46,105,106" m="62527,41063,42537" machi="40" ten="30,2000,0" yaku="14,1,23,1" doraHai="47" who="3" fromWho="1" sc="248,0,258,-23,259,0,235,23" /><INIT seed="3,0,0,5,4,132" ten="248,235,259,258" oya="3" hai0="14,83,91,15,101,79,4,120,122,16,35,65,96" hai1="106,115,121,123,108,28,67,78,73,46,128,0,109" hai2="70,11,19,119,18,81,102,41,127,9,27,29,111" hai3="2,117,62,56,54,113,26,38,37,55,5,61,30"/><W42/><G117/><T94/><D35/><U124/><E106/><V112/><F70/><W71/><G113/><T23/><D65/><U40/><E0/><V32/><F112/><W125/><G5/><T51/><D51/><U95/><E115/><V68/><F68/><W99/><G2/><T50/><D50/><U10/><E28/><V1/><F102/><W135/><G135/><T80/><D80/><N who="1" m="45135" /><E67/><V100/><F100/><W85/><G42/><T45/><D45/><U82/><E128/><V126/><F111/><N who="1" m="42569" /><E82/><V74/><F41/><W69/><G99/><T77/><D77/><U6/><E95/><V7/><F119/><W87/><G30/><T93/><D83/><U66/><E66/><V110/><F110/><W33/><G33/><T133/><D79/><U130/><E130/><V97/><F97/><W47/><G47/><T58/><D58/><U89/><E89/><V36/><F36/><W43/><G43/><T13/><D133/><U8/><E124/><N who="2" m="47659" /><F81/><W20/><G125/><T59/><D120/><N who="1" m="46155" /><E6/><N who="2" m="1231" /><F74/><W129/><G129/><T116/><D122/><U17/><E17/><V34/><F34/><W134/><G134/><T90/><D116/><U12/><E12/><AGARI ba="0,0" hai="7,11,12,18,19,27,29,32" m="1231,47659" machi="12" ten="30,12000,2" yaku="18,1,34,2,52,3" doraHai="132" who="2" fromWho="1" sc="248,0,235,-120,259,120,258,0" owari="248,-15.2,115,-38.5,379,47.9,258,5.8" /></mjloggm>