<mjloggm ver="2.3"><GO type="225" lobby="0"/><UN n0="%E6%98%93%E5%88%A9%E8%96%A9%E4%BC%AF" n1="%E8%A8%88%E7%AE%97%E6%A9%9F%E8%87%AA%E7%84%B6" n2="%73%6C%69%63%6B%33%31%39" n3="%61%69%73%79%6F" dan="16,17,16,17" rate="2118.69,2244.14,2201.44,2172.59" sx="F,M,M,M"/><TAIKYOKU oya="0"/><INIT seed="0,0,0,3,0,46" ten="250,250,250,250" oya="0" hai0="120,125,116,12,93,84,56,35,83,90,21,45,81" hai1="30,33,86,3,80,31,32,70,108,126,16,71,127" hai2="10,114,123,2,36,5,34,102,68,119,4,128,43" hai3="7,110,57,61,95,29,77,11,25,87,23,15,131"/><T20/><D116/><U104/><E104/><V69/><F123/><W18/><G110/><T105/><D120/><U40/><E3/><V76/><F114/><W17/><G131/><T94/><D105/><U6/><E6/><V22/><F128/><W1/><G77/><T58/><D35/><N who="1" m="13387" /><E40/><V134/><F134/><W9/><G87/><T107/><D107/><U0/><E0/><V85/><F119/><W65/><REACH who="3" step="1"/><G95/><REACH who="3" ten="250,250,250,240" step="2"/><T51/><D94/><U64/><E86/><V24/><F85/><W103/><G103/><T63/><D125/><U78/><E78/><V101/><F76/><W66/><G66/><T42/><D93/><U75/><E64/><V122/><F122/><W37/><G37/><T79/><D79/><U59/><E108/><V109/><F109/><W73/><G73/><T89/><D89/><U62/><E75/><V106/><F101/><W8/><G8/><T130/><D130/><U41/><E126/><V48/><F102/><W98/><G98/><T96/><D96/><U14/><E127/><V97/><F97/><W88/><G88/><T44/><D90/><U19/><E80/><V135/><F106/><W115/><G115/><T72/><D72/><U38/><E38/><V82/><F36/><W129/><G129/><T60/><D84/><U67/><E67/><V26/><F82/><W113/><G113/><T39/><D39/><U133/><E133/><V117/><F135/><W55/><G55/><T124/><D124/><U112/><E112/><V132/><F132/><W91/><G91/><T54/><D83/><U92/><E92/><V74/><F74/><RYUUKYOKU ba="0,1" sc="250,-10,250,-10,250,-10,240,30" hai3="1,7,9,11,15,17,18,23,25,29,57,61,65" /><INIT seed="1,1,1,2,2,114" ten="240,240,240,270" oya="1" hai0="54,25,133,51,44,130,11,45,107,111,12,109,31" hai1="113,52,131,49,71,90,67,74,17,14,46,94,59" hai2="19,77,93,10,115,91,116,66,72,118,8,86,50" hai3="13,73,2,98,48,80,122,82,38,88,40,30,22"/><U108/><E113/><V62/><F115/><W134/><G122/><T58/><D107/><U119/><E131/><V97/><F72/><W121/><G121/><T69/><D69/><U47/><E74/><V4/><F50/><W33/><G2/><T70/><D70/><U128/><E128/><V127/><F127/><W64/><G38/><T23/><D133/><U18/><E108/><N who="0" m="41545" /><D130/><U106/><E106/><V89/><F77/><W56/><G33/><T99/><D99/><U3/><E3/><V9/><F19/><AGARI ba="1,1" hai="11,12,19,23,25,31,44,45,51,54,58" m="41545" machi="19" ten="30,1000,0" yaku="14,1" doraHai="114" who="0" fromWho="2" sc="240,23,240,0,240,-13,270,0" /><INIT seed="2,0,0,3,4,26" ten="263,240,227,270" oya="2" hai0="126,46,132,8,66,42,79,58,57,31,67,105,95" hai1="73,39,131,78,35,10,109,2,127,0,28,99,91" hai2="135,17,94,89,87,88,49,20,14,62,53,116,92" hai3="13,106,45,37,41,96,21,100,110,16,6,119,71"/><V74/><F135/><W114/><G110/><T52/><D105/><U90/><E109/><V134/><F134/><W124/><G124/><T117/><D79/><U23/><E35/><V38/><F38/><W51/><G119/><T118/><D31/><U112/><E112/><V101/><F74/><W121/><G121/><T55/><D95/><U81/><E127/><V76/><F116/><N who="0" m="44650" /><D126/><U29/><E131/><V47/><F62/><W70/><G114/><T77/><D77/><U5/><E0/><V11/><F76/><W19/><G6/><T82/><D82/><U48/><E48/><V68/><F68/><W93/><G37/><N who="0" m="21839" /><D8/><U104/><E23/><V129/><F129/><W125/><G125/><T22/><D22/><U64/><E64/><N who="0" m="24617" /><D132/><U80/><E39/><V24/><F101/><W32/><G32/><T98/><D98/><U34/><E34/><V130/><F130/><W50/><G106/><T128/><D128/><U44/><E80/><N who="2" m="49255" /><F89/><W63/><G19/><AGARI ba="0,0" hai="11,14,17,19,20,24,47,49,53,92,94" m="49255" machi="19" ten="30,5800,0" yaku="25,1,8,1,54,1" doraHai="26" who="2" fromWho="3" sc="263,0,240,0,227,58,270,-58" /><INIT seed="2,1,0,4,1,9" ten="263,240,285,212" oya="2" hai0="32,118,3,46,13,30,20,102,8,28,89,68,50" hai1="127,19,14,17,0,124,122,10,51,60,128,98,24" hai2="100,64,119,94,48,53,55,38,40,45,42,113,129" hai3="78,116,81,18,82,66,95,56,63,59,110,115,80"/><V91/><F113/><W22/><G116/><T21/><D68/><U125/><E51/><V85/><F119/><W1/><G110/><T71/><D102/><U73/><E73/><V16/><F129/><W117/><G115/><T26/><D71/><U126/><N who="1" m="31744" /><DORA hai="97" /><U27/><E128/><V75/><F75/><W120/><G1/><T135/><D135/><U47/><E47/><V7/><F7/><W105/><G105/><T72/><D72/><U104/><E122/><V31/><F31/><W70/><G120/><T99/><D3/><U76/><E76/><V131/><F131/><W93/><G117/><T23/><D30/><U4/><E60/><V33/><F33/><W25/><G78/><T65/><D65/><U54/><E54/><V39/><F64/><W58/><AGARI ba="1,0" hai="18,22,25,56,58,59,63,66,70,80,81,82,93,95" machi="58" ten="30,1100,0" yaku="0,1" doraHai="9,97" who="3" fromWho="3" sc="263,-4,240,-4,285,-6,212,14" /><INIT seed="3,0,0,2,2,11" ten="259,236,279,226" oya="3" hai0="67,16,106,7,12,5,91,13,39,109,2,59,15" hai1="131,75,64,43,27,77,14,110,88,69,118,74,9" hai2="10,72,120,1,76,100,95,112,35,28,102,40,60" hai3="51,108,48,57,49,83,96,36,85,126,24,81,46"/><W62/><G126/><T50/><D39/><U114/><E114/><V122/><F112/><W116/><G116/><T18/><D106/><U105/><E105/><V103/><F40/><W107/><G108/><T99/><D2/><U52/><E43/><V4/><F60/><W115/><G115/><T33/><D33/><U92/><E110/><V56/><F56/><W98/><G36/><T8/><D109/><U68/><E64/><V44/><F44/><W79/><G107/><T32/><D32/><U70/><E131/><V19/><F95/><W38/><G38/><T89/><D99/><U37/><E37/><V53/><F53/><W90/><G24/><T3/><D7/><U54/><E27/><N who="2" m="18847" /><F76/><W128/><G128/><T23/><D3/><U97/><E118/><V22/><F72/><W63/><G63/><N who="0" m="38399" /><D50/><U80/><REACH who="1" step="1"/><E74/><REACH who="1" ten="259,226,279,226" step="2"/><V65/><F65/><N who="3" m="39119" /><G46/><T71/><D71/><U45/><E45/><V82/><F82/><N who="3" m="31243" /><G79/><T55/><D55/><U41/><E41/><V31/><F31/><W129/><G129/><T134/><D134/><U73/><E73/><V101/><N who="2" m="25600" /><DORA hai="117" /><V124/><F124/><W47/><G47/><T6/><D6/><AGARI ba="0,1" hai="6,9,14,52,54,68,69,70,75,77,80,88,92,97" machi="6" ten="40,8000,1" yaku="1,1,52,1,54,2,53,1" doraHai="11,117" doraHaiUra="119,0" who="1" fromWho="0" sc="259,-80,226,90,279,0,226,0" owari="179,-32.1,316,41.6,279,7.9,226,-17.4" /></mjloggm>