<mjloggm ver="2.3"><GO type="225" lobby="0"/><UN n0="%E8%A8%88%E7%AE%97%E6%A9%9F%E8%87%AA%E7%84%B6" n1="%E3%81%86%E3%81%A3%E3%81%97%E3%83%BC%30%30" n2="%E3%83%AD%E3%83%83%E3%83%86%E9%9B%80%E7%90%83" n3="%72%69%6F%75%63%68%61%6E" dan="17,16,17,17" rate="2176.72,2133.33,2184.61,2267.97" sx="M,M,M,M"/><TAIKYOKU oya="0"/><INIT seed="0,0,0,4,1,29" ten="250,250,250,250" oya="0" hai0="56,109,36,106,66,114,27,10,130,20,93,39,57" hai1="134,133,44,64,126,128,69,105,82,65,51,14,75" hai2="115,48,110,103,43,37,91,89,118,95,79,135,19" hai3="78,25,8,111,117,100,97,132,121,127,94,17,123"/><T129/><D106/><U86/><E75/><V68/><F115/><W13/><G111/><T107/><D107/><U42/><E105/><V73/><F68/><W59/><G127/><T22/><D114/><U34/><E126/><V9/><F37/><N who="0" m="14410" /><D66/><U124/><E124/><V18/><F135/><N who="1" m="51721" /><E128/><N who="0" m="49257" /><D109/><U83/><E83/><V88/><F118/><W92/><G132/><T77/><D77/><N who="1" m="46415" /><E69/><V108/><F79/><W11/><G117/><T1/><D93/><U71/><E71/><V0/><F73/><W104/><G78/><T122/><D122/><N who="3" m="46601" /><G25/><T50/><D50/><U84/><E84/><V5/><F110/><W61/><G8/><T45/><D45/><U47/><E47/><V55/><F108/><W74/><G74/><T98/><D98/><U28/><E14/><V85/><F85/><W32/><G32/><T76/><D76/><U62/><E62/><V7/><F95/><W31/><G31/><N who="0" m="17895" /><D22/><U38/><E38/><V99/><F99/><W113/><G113/><T15/><D1/><U70/><E70/><V41/><F103/><W46/><G46/><T35/><D35/><U63/><E63/><V3/><F43/><W49/><G49/><T12/><D15/><U6/><E65/><AGARI ba="0,0" hai="11,13,17,59,61,65,92,94,97,100,104" m="46601" machi="65" ten="30,1000,0" yaku="13,1" doraHai="29" who="3" fromWho="1" sc="250,0,250,-10,250,0,250,10" /><INIT seed="1,0,0,5,0,109" ten="250,240,250,260" oya="1" hai0="121,13,100,44,55,131,2,4,66,24,124,42,34" hai1="25,67,15,23,17,49,95,28,99,80,35,38,85" hai2="130,45,64,65,43,104,59,134,7,111,9,72,74" hai3="53,5,83,46,11,14,73,51,47,57,110,92,112"/><U98/><E38/><V75/><F104/><W108/><G112/><T61/><D131/><U135/><E135/><V3/><F111/><N who="3" m="42539" /><G92/><T0/><D124/><U76/><E67/><V54/><F130/><W114/><G114/><T113/><D55/><U132/><E132/><V82/><F134/><W69/><G69/><T122/><D100/><U133/><E133/><V12/><F12/><W39/><G39/><N who="0" m="21599" /><D13/><U30/><E30/><V37/><REACH who="2" step="1"/><F82/><REACH who="2" ten="250,240,240,260" step="2"/><W58/><G83/><T106/><D106/><U21/><E95/><V48/><AGARI ba="0,1" hai="3,7,9,37,43,45,48,54,59,64,65,72,74,75" machi="48" ten="30,4000,0" yaku="1,1,2,1,0,1,53,0" doraHai="109" doraHaiUra="125" who="2" fromWho="2" sc="250,-10,240,-20,240,50,260,-10" /><INIT seed="2,0,0,3,1,11" ten="240,220,290,250" oya="2" hai0="80,116,109,50,46,92,12,26,22,90,68,115,32" hai1="103,124,20,6,35,71,5,58,125,65,62,85,86" hai2="44,111,41,104,7,87,99,9,133,89,42,30,84" hai3="123,47,107,43,40,1,105,3,98,121,132,130,18"/><V38/><F133/><W15/><G130/><T110/><D68/><U59/><E35/><V129/><F129/><W88/><G132/><T13/><D115/><U23/><E103/><V97/><F111/><N who="0" m="42506" /><D80/><U24/><E71/><V61/><F30/><W66/><G66/><T102/><D102/><U10/><E10/><V31/><F31/><W83/><G1/><T94/><D32/><U113/><E24/><V91/><F61/><W69/><G3/><T67/><D67/><U100/><E100/><V76/><F76/><W70/><G69/><T77/><D77/><U33/><E33/><V25/><F25/><W0/><G0/><T8/><D8/><U119/><E65/><V51/><F104/><W74/><G70/><T120/><D92/><U64/><E64/><V93/><F41/><W72/><G40/><N who="0" m="24903" /><D120/><U39/><E62/><V128/><F38/><W114/><G114/><T16/><D116/><U131/><E131/><V57/><F57/><W106/><G83/><T118/><D118/><U19/><E119/><V108/><F128/><W21/><G98/><AGARI ba="0,0" hai="12,13,16,22,26,90,94,98" m="24903,42506" machi="98" ten="30,7700,0" yaku="14,1,52,2,54,1" doraHai="11" who="0" fromWho="3" sc="240,77,220,0,290,0,250,-77" /><INIT seed="3,0,0,2,0,90" ten="317,220,290,173" oya="3" hai0="11,67,66,55,42,21,118,112,80,47,70,130,61" hai1="125,35,17,109,14,10,27,72,93,101,111,20,24" hai2="85,99,29,102,58,135,127,44,121,54,76,40,60" hai3="110,113,25,133,122,105,13,43,18,73,94,129,91"/><W83/><G113/><T16/><D118/><U78/><E72/><V106/><F127/><W33/><G122/><T98/><D11/><U52/><E78/><V124/><F124/><W45/><G105/><T81/><D130/><U126/><E35/><V38/><F135/><W5/><G129/><T120/><D66/><U104/><E104/><V65/><F121/><W4/><G133/><T82/><D55/><U117/><E117/><V132/><F132/><W15/><G110/><N who="1" m="41994" /><E27/><V22/><F22/><N who="3" m="13527" /><G33/><T123/><D98/><N who="1" m="59599" /><E52/><V6/><F29/><AGARI ba="0,0" hai="10,14,17,20,24,29,125,126" m="59599,41994" machi="29" ten="30,2000,0" yaku="14,1,52,1" doraHai="90" who="1" fromWho="2" sc="317,0,220,20,290,-20,173,0" owari="317,41.7,240,-16.0,270,7.0,173,-32.7" /></mjloggm>