<mjloggm ver="2.3"><GO type="225" lobby="0"/><UN n0="%E5%AF%82%E5%AF%9E%E3%82%AE%E3%83%8D%E3%82%B9%E3%83%93%E3%83%BC%E3%83%AB" n1="%E9%89%A2%E5%B7%BB%E3%82%AC%E3%83%96" n2="%E8%A8%88%E7%AE%97%E6%A9%9F%E8%87%AA%E7%84%B6" n3="%72%61%6B%33" dan="16,16,17,18" rate="2153.11,2119.51,2231.06,2261.91" sx="M,M,M,M"/><TAIKYOKU oya="0"/><INIT seed="0,0,0,3,4,6" ten="250,250,250,250" oya="0" hai0="91,125,67,63,115,122,59,104,90,39,4,55,27" hai1="81,130,25,103,60,23,65,92,89,50,109,132,54" hai2="117,123,107,57,102,2,15,18,28,37,3,87,41" hai3="78,134,105,119,72,97,17,129,44,10,33,79,93"/><T29/><D115/><U82/><E109/><V66/><F123/><W51/><G119/><T5/><D122/><U52/><E130/><V96/><F117/><W34/><G129/><T116/><D104/><U120/><E103/><V74/><F74/><W118/><G105/><T124/><D39/><U0/><E0/><V100/><F100/><W16/><G134/><T77/><D77/><U26/><E26/><V126/><F126/><N who="0" m="48746" /><D116/><U12/><E12/><V127/><F28/><W36/><G36/><T95/><D67/><U32/><E32/><V133/><F133/><W85/><G72/><T31/><D31/><U98/><E132/><V61/><F87/><W48/><G118/><T64/><D64/><U7/><E7/><N who="0" m="2633" /><D95/><U58/><E120/><V14/><F127/><W121/><G121/><T101/><D101/><U76/><E76/><V24/><F2/><W68/><G68/><T94/><D94/><U112/><E112/><V47/><F3/><W99/><G93/><T70/><D70/><U69/><REACH who="1" step="1"/><E54/><REACH who="1" ten="250,240,250,250" step="2"/><V114/><F114/><W73/><G73/><T110/><D110/><U40/><E40/><V45/><F41/><W131/><G131/><T80/><D80/><U19/><AGARI ba="0,1" hai="19,23,25,50,52,58,60,65,69,81,82,89,92,98" machi="19" ten="20,5200,0" yaku="1,1,0,1,7,1,54,1,53,0" doraHai="6" doraHaiUra="75" who="1" fromWho="1" sc="250,-26,240,62,250,-13,250,-13" /><INIT seed="1,0,0,4,4,134" ten="224,302,237,237" oya="1" hai0="6,63,87,132,19,43,17,8,102,29,115,71,114" hai1="3,129,121,36,99,68,25,11,49,52,64,14,124" hai2="23,45,42,86,126,94,135,98,41,96,90,118,50" hai3="31,76,65,54,123,104,88,5,101,110,56,119,7"/><U127/><E121/><V95/><F135/><W117/><G123/><T83/><D132/><U93/><E36/><V0/><F118/><W130/><G110/><T38/><D102/><U53/><E3/><V58/><F0/><W122/><G122/><T112/><D29/><U30/><E64/><V125/><F58/><W105/><G76/><T108/><D108/><U4/><E68/><V28/><F41/><W72/><G72/><T133/><D133/><U70/><E70/><V12/><F12/><W85/><G65/><T55/><D43/><U10/><E10/><V62/><F62/><W66/><G31/><T57/><D38/><U131/><E93/><V100/><REACH who="2" step="1"/><F98/><REACH who="2" ten="224,302,227,237" step="2"/><W97/><G119/><T74/><D71/><U79/><E99/><V32/><F32/><W120/><G117/><T37/><D37/><U107/><E131/><V34/><F34/><W39/><G39/><T103/><D112/><U2/><E129/><V73/><F73/><W15/><G15/><N who="0" m="5527" /><D74/><U106/><E2/><V48/><F48/><W80/><G130/><T47/><D115/><U35/><E53/><V46/><F46/><W16/><G54/><T109/><D114/><U81/><E52/><V61/><F61/><W24/><G120/><T44/><D109/><U59/><E59/><V60/><F60/><W33/><G56/><T82/><D47/><U91/><E49/><V27/><AGARI ba="0,1" hai="23,27,28,42,45,50,86,90,94,95,96,100,125,126" machi="27" ten="30,7900,0" yaku="1,1,0,1,52,2,53,0" doraHai="134" doraHaiUra="78" who="2" fromWho="2" sc="224,-20,302,-39,227,89,237,-20" /><INIT seed="2,0,0,5,3,73" ten="204,263,316,217" oya="2" hai0="48,50,133,72,34,96,128,20,45,119,116,135,97" hai1="79,69,59,115,57,67,90,54,100,4,14,63,13" hai2="122,8,89,70,29,47,78,33,103,36,95,104,111" hai3="61,28,68,32,38,110,82,64,65,52,37,80,98"/><V56/><F122/><W31/><G110/><T6/><D34/><U17/><E115/><V83/><F70/><W75/><G98/><N who="0" m="37995" /><D128/><U109/><E109/><V114/><F104/><W130/><G130/><T112/><D112/><U91/><E100/><V1/><F103/><W51/><G65/><T85/><D72/><U5/><E69/><V126/><F126/><W44/><G82/><T87/><D20/><U21/><E79/><V40/><F56/><W124/><G124/><T101/><D6/><U39/><E39/><V58/><F58/><W22/><G32/><T71/><D101/><U42/><E42/><V18/><F18/><W77/><REACH who="3" step="1"/><G28/><REACH who="3" ten="204,263,316,207" step="2"/><T106/><D106/><U23/><E67/><V123/><F111/><W10/><G10/><T49/><D71/><U131/><E131/><V134/><F29/><W25/><AGARI ba="0,1" hai="22,25,31,37,38,44,51,52,61,64,68,75,77,80" machi="25" ten="30,8000,1" yaku="1,1,0,1,52,1,54,1,53,1" doraHai="73" doraHaiUra="43" who="3" fromWho="3" sc="204,-20,263,-20,316,-40,207,90" /><INIT seed="3,0,0,3,1,85" ten="184,243,276,297" oya="3" hai0="42,4,50,80,19,113,83,123,38,39,62,56,48" hai1="72,107,65,35,17,11,71,86,102,31,24,105,43" hai2="5,53,126,100,116,23,127,75,97,124,108,54,21" hai3="10,122,32,29,115,57,111,28,94,58,119,20,106"/><W63/><G106/><T27/><D123/><U95/><E72/><V51/><F116/><W92/><G119/><T69/><D113/><U81/><E43/><V3/><F75/><W9/><G32/><T79/><D69/><U76/><E17/><V34/><F34/><W121/><G63/><T8/><D19/><U59/><E11/><N who="2" m="2495" /><F108/><W134/><G20/><N who="2" m="7753" /><F51/><W96/><G96/><T109/><D27/><U37/><E59/><V15/><F15/><W18/><G18/><T131/><D109/><U60/><E37/><V70/><F70/><W13/><G13/><T125/><D125/><N who="2" m="32002" /><V6/><DORA hai="61" /><F6/><W0/><G111/><T44/><D131/><U67/><E105/><AGARI ba="0,0" hai="53,54,97,100,105" m="32002,7753,2495" machi="105" ten="40,1300,0" yaku="18,1" doraHai="85,61" who="2" fromWho="1" sc="184,0,243,-13,276,13,297,0" /><INIT seed="4,0,0,4,0,4" ten="184,230,289,297" oya="0" hai0="120,117,75,15,122,125,113,40,101,18,21,52,94" hai1="76,112,78,7,109,108,89,6,45,70,36,22,68" hai2="129,130,71,39,111,135,25,64,61,41,115,20,60" hai3="93,56,74,30,19,80,3,116,131,13,96,124,54"/><T23/><D117/><U59/><E59/><V44/><F111/><W17/><G3/><T105/><D105/><U58/><E58/><V97/><F115/><W106/><G106/><T103/><D113/><U79/><E22/><V2/><F2/><W43/><G124/><T65/><D75/><U50/><E78/><V26/><F135/><W107/><G107/><T32/><D32/><U0/><E89/><V104/><F60/><W12/><G131/><N who="2" m="50185" /><F20/><W133/><G133/><T99/><D125/><U127/><E50/><V9/><F9/><W47/><G30/><T66/><D40/><U90/><E45/><V100/><AGARI ba="0,0" hai="25,26,39,41,44,61,64,71,97,100,104" m="50185" machi="100" ten="30,1100,0" yaku="19,1" doraHai="4" who="2" fromWho="2" sc="184,-5,230,-3,289,11,297,-3" owari="179,-32.1,227,-17.3,300,40.0,294,9.4" /></mjloggm>