<mjloggm ver="2.3"><GO type="225" lobby="0"/><UN n0="%E5%B8%86%E7%AB%8B%E5%A4%8F%E8%A1%A3" n1="%E3%82%BC%E3%83%AB%E3%83%80%E3%81%AE%E4%BC%9D%E8%AA%AC" n2="%77%72%77%72%77%72%77%72" n3="%72%61%6B%33" dan="16,17,16,16" rate="2088.60,2155.87,2183.65,2042.41" sx="M,M,M,M"/><TAIKYOKU oya="0"/><INIT seed="0,0,0,2,1,77" ten="250,250,250,250" oya="0" hai0="88,121,96,110,98,30,21,46,78,18,103,111,76" hai1="107,120,131,9,7,12,92,108,25,6,45,15,70" hai2="115,8,113,118,62,42,1,135,2,64,17,112,79" hai3="20,93,27,58,66,23,57,99,40,104,13,132,89"/><T34/><D121/><U32/><E107/><V119/><F135/><W54/><G132/><T67/><D67/><U36/><E120/><V29/><F29/><W28/><G104/><T122/><D122/><U134/><E70/><V44/><F79/><W5/><G40/><T129/><D129/><U50/><E134/><V3/><F17/><W10/><G66/><T19/><D46/><U22/><E131/><V37/><REACH who="2" step="1"/><F8/><REACH who="2" ten="250,250,240,250" step="2"/><W91/><G23/><T47/><D18/><U53/><E32/><V87/><F87/><W72/><G72/><T71/><D30/><U56/><E108/><V73/><F73/><W130/><G130/><T11/><D34/><U86/><E7/><V33/><F33/><W102/><REACH who="3" step="1"/><G57/><AGARI ba="0,1" hai="1,2,3,37,42,44,57,62,64,112,113,115,118,119" machi="57" ten="50,8000,1" yaku="1,1,53,3" doraHai="77" doraHaiUra="35" who="2" fromWho="3" sc="250,0,250,0,240,90,250,-80" /><INIT seed="1,0,0,0,0,83" ten="250,250,330,170" oya="1" hai0="80,117,70,79,102,1,39,65,12,40,85,109,123" hai1="104,30,115,2,67,19,116,29,68,107,103,34,89" hai2="61,21,118,63,36,114,125,76,87,26,13,23,100" hai3="90,62,46,120,71,110,53,44,128,37,134,52,15"/><U96/><E115/><V97/><F118/><W75/><G75/><T6/><D117/><U54/><E116/><V10/><F36/><W60/><G15/><T66/><D109/><U135/><E135/><V55/><F125/><W11/><G11/><N who="0" m="2511" /><D70/><U48/><E2/><V3/><F3/><W129/><G90/><T69/><D69/><U99/><E19/><V101/><F114/><W91/><G91/><T25/><D25/><U49/><E54/><V132/><F132/><W88/><G88/><N who="0" m="51239" /><D12/><U7/><E7/><V131/><F55/><W94/><G94/><T81/><D102/><N who="1" m="62535" /><E89/><V108/><F101/><W17/><G17/><T8/><D8/><U95/><E29/><V78/><F10/><W106/><G106/><T38/><D38/><U82/><E82/><V18/><F100/><W27/><G27/><T98/><D98/><U74/><E95/><V86/><F97/><W105/><G105/><T47/><D123/><U92/><E92/><V113/><F113/><W124/><G37/><T84/><D66/><U43/><E74/><V51/><F26/><W112/><G112/><T121/><D121/><U14/><E14/><V9/><F13/><W4/><G4/><T72/><D65/><U16/><E67/><V126/><F9/><W24/><G24/><T0/><D0/><U127/><E68/><V77/><F77/><W93/><G71/><T32/><D32/><U28/><E34/><V35/><F35/><W133/><G120/><T33/><D33/><U41/><E103/><V73/><F78/><W122/><G122/><T42/><D42/><U130/><E43/><RYUUKYOKU ba="0,0" sc="250,30,250,-10,330,-10,170,-10" hai0="39,40,47,72,79,81,84" /><INIT seed="2,1,0,2,0,28" ten="280,240,320,160" oya="2" hai0="96,78,132,46,87,98,107,81,79,88,117,127,49" hai1="80,90,26,110,22,134,103,52,116,67,124,97,118" hai2="102,62,109,125,66,16,34,82,8,17,3,135,112" hai3="5,13,71,35,6,104,29,38,75,50,122,100,73"/><V108/><F112/><W10/><G38/><T126/><D132/><U91/><E134/><V31/><F135/><W43/><G122/><T128/><D128/><U115/><E115/><V25/><F125/><N who="0" m="47626" /><D117/><U59/><E124/><V60/><F60/><W48/><G71/><T58/><D58/><U15/><E110/><N who="2" m="42603" /><F82/><W86/><G5/><T84/><D107/><U11/><E67/><V131/><F102/><W9/><G9/><T24/><D24/><U42/><E80/><V0/><F131/><W20/><G86/><T37/><D37/><U40/><E116/><V94/><F94/><W119/><G119/><T55/><D84/><U2/><E118/><V72/><F72/><W51/><G43/><T39/><D39/><U123/><E42/><V129/><F129/><W65/><G65/><T130/><D130/><U99/><E40/><V19/><F8/><W12/><G104/><T1/><D1/><U120/><E2/><V111/><F111/><W85/><G75/><T63/><D63/><U93/><E120/><V7/><F7/><W77/><G73/><T64/><D64/><U4/><E123/><V95/><F95/><W70/><G6/><T36/><D36/><U133/><E133/><V92/><F92/><W68/><G68/><AGARI ba="1,0" hai="0,3,16,17,19,25,31,34,62,66,68" m="42603" machi="68" ten="30,11600,0" yaku="14,1,10,1,52,1,54,1" doraHai="28" who="2" fromWho="3" sc="280,0,240,0,320,119,160,-119" /><INIT seed="2,2,0,0,2,73" ten="280,240,439,41" oya="2" hai0="118,105,45,25,98,53,62,108,91,30,39,132,104" hai1="57,120,10,115,81,79,68,33,24,90,54,40,35" hai2="103,93,61,133,26,69,37,123,34,67,32,59,41" hai3="112,16,18,128,48,130,43,36,22,114,12,95,76"/><V51/><F123/><W82/><G36/><T99/><D108/><U44/><E115/><N who="3" m="44074" /><G95/><T65/><D132/><U4/><E68/><V97/><F133/><W6/><G6/><T58/><D118/><U23/><E90/><V19/><F19/><N who="3" m="10599" /><G48/><T96/><D91/><U14/><E120/><V86/><F26/><W113/><N who="3" m="44082" /><W46/><DORA hai="83" /><G46/><T125/><D125/><U52/><E57/><V129/><F129/><N who="3" m="49771" /><G43/><T119/><D45/><U74/><E40/><V70/><F51/><W1/><G1/><T92/><D39/><U107/><E107/><V13/><F93/><W38/><G38/><T110/><D92/><U72/><E44/><V102/><F41/><W7/><G7/><T80/><D104/><U15/><E4/><V27/><F37/><W55/><G55/><T8/><D53/><U117/><E52/><V3/><F3/><W20/><G20/><T9/><D105/><U121/><E23/><V2/><F2/><W106/><G106/><T87/><D8/><U71/><E10/><V11/><F11/><W77/><G77/><T0/><D9/><U94/><E79/><V101/><F32/><W84/><AGARI ba="2,0" hai="16,18,76,82,84" m="49771,10599,44082" machi="84" ten="50,8000,1" yaku="11,1,19,1,52,2,54,1" doraHai="73,83" who="3" fromWho="3" sc="280,-22,240,-22,439,-42,41,86" /><INIT seed="3,0,0,0,2,19" ten="258,218,397,127" oya="3" hai0="32,44,48,130,76,40,128,120,93,27,63,34,28" hai1="106,81,117,84,118,80,132,29,38,36,75,35,126" hai2="86,24,127,87,17,73,99,124,53,88,42,94,92" hai3="13,49,43,108,20,79,123,16,8,90,70,54,131"/><W82/><G123/><T9/><D120/><U78/><E106/><V113/><F73/><W37/><G131/><N who="0" m="50219" /><D76/><N who="1" m="46087" /><E126/><N who="2" m="48171" /><F113/><W10/><G108/><T85/><D63/><U33/><E132/><V15/><F24/><W125/><G125/><T97/><D9/><U6/><E6/><V60/><F42/><W71/><G90/><N who="0" m="55479" /><D85/><U100/><E100/><V21/><F94/><W119/><G119/><N who="1" m="45578" /><E29/><V22/><F22/><AGARI ba="0,0" hai="22,27,28,32,34,40,44,48" m="55479,50219" machi="22" ten="30,2000,0" yaku="19,1,52,1" doraHai="19" who="0" fromWho="2" sc="258,20,218,0,397,-20,127,0" owari="278,7.8,218,-18.2,377,47.7,127,-37.3" /></mjloggm>