<mjloggm ver="2.3"><GO type="225" lobby="0"/><UN n0="%E5%AE%AE%E4%BF%9D%E9%B6%8F%E8%82%89" n1="%E3%81%99%E3%81%84%E3%81%BE%E3%81%9B%E3%83%BC%E3%82%93" n2="%E3%81%AF%E3%82%88%E3%81%8A%E3%81%98%E3%81%95%E3%82%93" n3="%E3%81%86%E3%82%8B%E3%81%8A%E3%81%A1%E3%82%83" dan="16,16,16,16" rate="2128.32,2121.19,2104.84,2114.56" sx="M,M,M,F"/><TAIKYOKU oya="0"/><INIT seed="0,0,0,1,0,84" ten="250,250,250,250" oya="0" hai0="130,92,50,35,13,8,31,51,73,113,16,19,2" hai1="27,124,49,28,74,121,110,40,33,21,102,10,78" hai2="85,111,52,37,81,72,30,109,118,29,134,93,6" hai3="96,76,46,79,105,41,59,24,100,60,97,114,127"/><T57/><D113/><U14/><E121/><V0/><F37/><W22/><G114/><T39/><D39/><U11/><E110/><N who="2" m="41995" /><F134/><W62/><G97/><T123/><D123/><U112/><E112/><V135/><F135/><W94/><G105/><T3/><D73/><U66/><E124/><V82/><F118/><W122/><G127/><T20/><D130/><U42/><E66/><V103/><F6/><W64/><G62/><T115/><D31/><N who="2" m="11786" /><F0/><W119/><G119/><T70/><D35/><U108/><E108/><V131/><F72/><W44/><G122/><T65/><D70/><U128/><E128/><V101/><F131/><W120/><G120/><T95/><D2/><U38/><E38/><V12/><F12/><W91/><G100/><N who="2" m="38473" /><F52/><W86/><G96/><T17/><D3/><U43/><E74/><V116/><F116/><W54/><G54/><T117/><D117/><U53/><E102/><V56/><F56/><W90/><G41/><T45/><D115/><U107/><E107/><V18/><F18/><N who="3" m="12375" /><G46/><T23/><D19/><U7/><E33/><V25/><F25/><W129/><G44/><T133/><D133/><U34/><E34/><V77/><F77/><N who="3" m="29771" /><G129/><T61/><D20/><U69/><E69/><V75/><F75/><W104/><G104/><T15/><REACH who="0" step="1"/><D51/><REACH who="0" ten="240,250,250,250" step="2"/><U132/><E132/><V106/><F106/><W83/><G94/><T48/><D48/><U55/><E49/><V89/><AGARI ba="0,1" hai="81,82,85,89,93" m="38473,11786,41995" machi="89" ten="40,2700,0" yaku="14,1,52,1" doraHai="84" who="2" fromWho="2" sc="240,-13,250,-7,250,37,250,-7" /><INIT seed="1,0,0,0,1,41" ten="227,243,287,243" oya="1" hai0="133,75,77,15,118,83,18,72,54,94,58,125,131" hai1="29,56,65,96,98,5,110,109,86,121,50,87,26" hai2="61,25,57,92,2,97,82,47,27,42,129,67,11" hai3="91,10,45,39,105,9,52,24,35,49,90,111,104"/><U36/><E36/><V116/><F116/><W71/><G71/><T70/><D118/><U73/><E73/><V38/><F129/><W34/><G111/><N who="1" m="42506" /><E5/><V79/><F11/><W102/><G39/><T81/><D70/><U117/><E121/><V1/><F2/><W37/><G37/><T128/><D125/><U80/><E117/><V135/><F135/><W66/><G66/><T127/><D127/><U23/><E87/><V48/><F38/><W0/><G10/><T46/><D133/><U12/><E12/><V120/><F1/><W69/><G69/><T51/><D94/><U14/><E14/><V123/><F123/><W8/><G8/><T115/><D115/><U13/><E13/><V21/><F120/><W113/><G113/><T43/><D81/><U103/><E103/><V63/><F61/><W4/><G102/><T31/><D31/><U134/><E134/><V95/><F97/><W76/><G76/><T16/><D75/><U6/><E6/><V20/><F82/><W119/><G119/><T132/><D132/><U99/><E98/><V64/><F79/><W106/><REACH who="3" step="1"/><G24/><REACH who="3" ten="227,243,287,233" step="2"/><T44/><D15/><U59/><E65/><V33/><F67/><W100/><G100/><T17/><D131/><U88/><E56/><V114/><F114/><W55/><G55/><AGARI ba="0,1" hai="23,26,29,50,55,59,80,86,88,96,99" m="42506" machi="55" ten="30,5800,0" yaku="14,1,10,1,54,1" doraHai="41" who="1" fromWho="3" sc="227,0,243,68,287,0,233,-58" /><INIT seed="1,1,0,5,2,0" ten="227,311,287,175" oya="1" hai0="117,96,24,129,61,79,66,65,108,56,121,22,28" hai1="103,87,45,125,67,47,131,130,49,99,14,120,71" hai2="39,109,113,114,50,89,58,26,74,2,37,92,81" hai3="68,80,72,97,64,82,118,133,126,59,5,88,101"/><U123/><E125/><V6/><F109/><W91/><G68/><T32/><D108/><U128/><E87/><V29/><F81/><N who="3" m="31339" /><G72/><T48/><D117/><U63/><E14/><V111/><F74/><W110/><G110/><T69/><D79/><U78/><E78/><V83/><F83/><W42/><G42/><T52/><D129/><U23/><E23/><V119/><F119/><W51/><G118/><T90/><D121/><N who="1" m="46667" /><E49/><V135/><F135/><W17/><G133/><T16/><D66/><U102/><E102/><V9/><F111/><W116/><G126/><T127/><D127/><U77/><E77/><V8/><F9/><W20/><G116/><T73/><D73/><U104/><AGARI ba="1,0" hai="45,47,63,67,71,99,103,104,128,130,131" m="46667" machi="104" ten="40,2100,0" yaku="19,1" doraHai="0" who="1" fromWho="1" sc="227,-8,311,24,287,-8,175,-8" /><INIT seed="1,2,0,1,2,6" ten="219,335,279,167" oya="1" hai0="60,4,89,82,92,21,104,119,115,64,43,11,70" hai1="59,130,32,84,113,47,65,94,39,28,87,57,125" hai2="80,100,25,49,69,13,128,90,124,14,42,86,36" hai3="111,62,7,120,19,38,99,76,50,54,24,27,81"/><U52/><E113/><V75/><F69/><W72/><G38/><T16/><D115/><U108/><E28/><V122/><F122/><W88/><G120/><T12/><D119/><U97/><E32/><V116/><F116/><W5/><G111/><T135/><D135/><U44/><E108/><V1/><F1/><W18/><G27/><T20/><D104/><U117/><E130/><V109/><F36/><W26/><G26/><T131/><D131/><U114/><E125/><V98/><F128/><W77/><G77/><T2/><D43/><U40/><E114/><V123/><F123/><W30/><G5/><T46/><D46/><U17/><E47/><N who="2" m="25847" /><F75/><W126/><G7/><T37/><D37/><U133/><E133/><V68/><F68/><W103/><G62/><T45/><D45/><U78/><E78/><V107/><F109/><W9/><G126/><T3/><D82/><U55/><E117/><V132/><F124/><W66/><G66/><T110/><D110/><U95/><E65/><V48/><F48/><W10/><G19/><T118/><D118/><U79/><E17/><V0/><F0/><W112/><G18/><T31/><D2/><U93/><E79/><V71/><F71/><W56/><G112/><T35/><D35/><U73/><E73/><V63/><F63/><W102/><G88/><T23/><D31/><U101/><E87/><AGARI ba="2,0" hai="3,4,11,12,16,20,21,23,60,64,70,87,89,92" machi="87" ten="30,3900,0" yaku="7,1,52,1,54,1" doraHai="6" who="0" fromWho="1" sc="219,45,335,-45,279,0,167,0" /><INIT seed="2,0,0,5,5,55" ten="264,290,279,167" oya="2" hai0="52,96,104,98,7,108,113,134,124,81,20,11,120" hai1="9,30,38,14,29,111,51,84,122,105,95,101,48" hai2="5,43,107,23,112,123,27,3,133,42,125,85,63" hai3="8,88,56,73,91,130,21,59,66,87,72,80,106"/><V58/><F112/><W37/><G37/><T94/><D113/><U28/><E38/><V75/><F75/><W67/><G106/><T15/><D120/><U115/><E115/><V16/><F123/><W62/><G130/><T121/><D121/><U119/><E119/><V40/><F107/><W54/><G8/><T103/><D108/><U131/><E131/><V36/><F36/><W19/><G91/><T64/><D64/><U61/><E111/><V0/><F125/><W114/><G114/><T83/><D134/><U33/><E33/><V41/><F133/><W102/><G102/><T74/><D74/><U86/><E105/><V116/><F116/><W57/><G67/><T47/><D20/><U2/><E2/><V69/><F69/><W126/><G126/><T76/><D76/><U118/><E118/><V90/><N who="2" m="10240" /><DORA hai="12" /><V110/><F5/><W13/><REACH who="3" step="1"/><G59/><REACH who="3" ten="264,290,279,157" step="2"/><T17/><D124/><U127/><E127/><V26/><F110/><W77/><G77/><T117/><D117/><U31/><E101/><V6/><F6/><W129/><G129/><T100/><D7/><U78/><E78/><V44/><F44/><W18/><G18/><T10/><D11/><U49/><E9/><V68/><F68/><W89/><G89/><T109/><D109/><U60/><E122/><V65/><F0/><W45/><G45/><T46/><D46/><U25/><N who="1" m="7168" /><DORA hai="50" /><U128/><E128/><V39/><F3/><W4/><G4/><T70/><D70/><U82/><E82/><N who="2" m="49463" /><F39/><W34/><G34/><T22/><D10/><U135/><E135/><V92/><F92/><RYUUKYOKU ba="0,1" sc="264,10,290,-30,279,10,157,10" hai0="15,17,22,47,52,81,83,94,96,98,100,103,104" hai2="16,23,26,27,58,63,65" hai3="13,19,21,54,56,57,62,66,72,73,80,87,88" /><INIT seed="2,1,1,1,2,72" ten="274,260,289,167" oya="2" hai0="74,104,89,119,28,34,52,70,101,20,51,60,102" hai1="100,114,118,47,26,59,76,88,82,80,63,24,13" hai2="50,46,129,134,73,135,27,19,123,33,98,92,86" hai3="71,105,45,42,5,109,124,29,7,8,55,77,94"/><V6/><F73/><W81/><G105/><T121/><D121/><U1/><E1/><V39/><F123/><W131/><G109/><T127/><D34/><U93/><E114/><V113/><F113/><W108/><G108/><T84/><D74/><U21/><E100/><N who="0" m="38505" /><D70/><U66/><E118/><V17/><F39/><W85/><G124/><T25/><D104/><U128/><E128/><V110/><F129/><W43/><G131/><T4/><D4/><N who="3" m="1609" /><G71/><T106/><D106/><U49/><E13/><V44/><F110/><W23/><G8/><T16/><D119/><U58/><E58/><V117/><F117/><W32/><G32/><T69/><D69/><U3/><E3/><V130/><F130/><W90/><G55/><T53/><D127/><U91/><E26/><V18/><F6/><W12/><G45/><N who="0" m="27759" /><D53/><N who="1" m="29887" /><E76/><V31/><F46/><W87/><G29/><T75/><D75/><U40/><E40/><V22/><F33/><W112/><G112/><T126/><D126/><U103/><E103/><N who="2" m="60871" /><F44/><W41/><G12/><T36/><D36/><U96/><E91/><V78/><F50/><W125/><G125/><T79/><D60/><U48/><E48/><V35/><F35/><W10/><G10/><T54/><D54/><U99/><E99/><V37/><F37/><W116/><G116/><T64/><D64/><U65/><E66/><V97/><F97/><W95/><G23/><T57/><D57/><U133/><E133/><V67/><F67/><W15/><G15/><T61/><D61/><U111/><E111/><V62/><F62/><W14/><G14/><T132/><D132/><RYUUKYOKU ba="1,1" sc="274,-30,260,10,289,10,167,10" hai1="21,24,59,63,65,80,82,88,93,96" hai2="17,18,19,22,27,31,78,86,134,135" hai3="41,42,43,77,81,85,87,90,94,95" /><INIT seed="2,2,1,2,3,105" ten="244,270,299,177" oya="2" hai0="107,1,22,68,66,21,35,134,27,15,133,120,11" hai1="99,33,46,70,85,119,44,40,94,38,121,5,2" hai2="31,54,73,103,13,7,41,32,76,128,69,83,132" hai3="88,87,63,110,116,23,50,112,92,34,29,106,72"/><V80/><F69/><W78/><G116/><T71/><D107/><U96/><E119/><V79/><F128/><W97/><G34/><T62/><D68/><U127/><E33/><V95/><F132/><N who="0" m="50794" /><D120/><U56/><E70/><V81/><F41/><W48/><G110/><T53/><D1/><U59/><E127/><V101/><F32/><W55/><G112/><T37/><D37/><U115/><E115/><V0/><F0/><W16/><G29/><N who="0" m="19903" /><D53/><U100/><E121/><V52/><F31/><W14/><G72/><T3/><D3/><U93/><E85/><V129/><F129/><W91/><G78/><N who="2" m="29737" /><F73/><W122/><G122/><T67/><D67/><U111/><E111/><V124/><F124/><W75/><G75/><T6/><AGARI ba="2,1" hai="6,11,15,21,22,62,66,71" m="19903,50794" machi="6" ten="30,1100,0" yaku="20,1" doraHai="105" who="0" fromWho="0" sc="244,27,270,-5,299,-7,177,-5" /><INIT seed="3,0,0,1,5,96" ten="271,265,292,172" oya="3" hai0="35,117,118,61,110,102,0,98,114,1,85,126,123" hai1="44,67,4,132,57,60,74,75,37,62,124,53,108" hai2="45,8,63,46,28,70,64,129,27,135,91,103,2" hai3="111,18,104,127,24,83,15,30,93,89,31,99,22"/><W115/><G115/><T23/><D123/><U78/><E108/><V50/><F129/><W25/><G127/><T36/><D35/><U87/><E124/><V66/><F135/><W65/><G111/><T130/><D126/><U68/><E132/><V32/><F66/><W134/><G134/><T9/><D110/><U72/><E4/><V86/><F103/><W52/><G104/><T17/><D36/><U12/><E12/><V43/><F46/><W88/><G65/><T121/><D121/><U116/><E116/><V84/><F91/><W48/><G83/><T69/><D130/><U82/><E44/><V33/><F32/><W101/><G25/><T56/><D69/><U120/><E37/><V119/><F119/><W51/><G51/><T26/><D0/><U59/><REACH who="1" step="1"/><E120/><REACH who="1" ten="271,255,292,172" step="2"/><V39/><F39/><W11/><G31/><T113/><D118/><U29/><E29/><V122/><F122/><W109/><G109/><T107/><D117/><U106/><E106/><V79/><F79/><W94/><G94/><T14/><D1/><U34/><E34/><V125/><F125/><W76/><G76/><T7/><REACH who="0" step="1"/><D85/><REACH who="0" ten="261,255,292,172" step="2"/><U13/><E13/><V77/><F77/><W73/><G73/><T10/><D10/><U49/><E49/><V47/><F45/><AGARI ba="0,2" hai="11,15,18,22,24,30,45,48,52,88,89,93,99,101" machi="45" ten="30,12000,1" yaku="7,1,8,1,52,1,54,2" doraHai="96" who="3" fromWho="2" sc="261,0,255,0,292,-120,172,140" owari="261,6.1,255,-14.5,172,-32.8,312,41.2" /></mjloggm>