<mjloggm ver="2.3"><GO type="225" lobby="0"/><UN n0="%E7%99%BD%E6%97%A5%E9%9B%AA%E8%8F%9C" n1="%45%6C%79%73%69%75%6D" n2="%E3%81%8C%E3%81%9F" n3="%E5%8D%A0%E3%81%84%E5%B8%AB%E8%A3%8F%E3%81%AA%E3%81%84%E3%81%97" dan="16,17,17,16" rate="2132.12,2112.14,2190.13,2112.42" sx="M,F,F,M"/><TAIKYOKU oya="0"/><INIT seed="0,0,0,5,3,82" ten="250,250,250,250" oya="0" hai0="7,50,9,112,49,74,61,29,104,52,122,70,15" hai1="72,120,97,41,32,46,5,131,101,125,100,124,76" hai2="127,103,90,94,65,84,6,11,88,37,69,3,130" hai3="105,98,16,80,81,28,35,12,96,33,2,132,36"/><T40/><D112/><U87/><E120/><V62/><F37/><W109/><G2/><T23/><D122/><U17/><E32/><V117/><F130/><W54/><G109/><T116/><D116/><U92/><E131/><V8/><F117/><W47/><G132/><T67/><D74/><U22/><E5/><V111/><F111/><W128/><G128/><T64/><D104/><U45/><E72/><V56/><BYE who="3" /><F127/><N who="1" m="48713" /><E101/><UN n3="%E5%8D%A0%E3%81%84%E5%B8%AB%E8%A3%8F%E3%81%AA%E3%81%84%E3%81%97" /><V126/><F126/><W66/><G66/><T44/><D67/><U107/><E41/><V51/><F11/><W75/><G81/><T119/><D119/><U38/><E38/><V134/><F134/><W110/><G110/><T58/><REACH who="0" step="1"/><D23/><REACH who="0" ten="240,250,250,250" step="2"/><U0/><E0/><V30/><F3/><W19/><G33/><T114/><D114/><U34/><E34/><V133/><F65/><W48/><G105/><T113/><D113/><U83/><E107/><V93/><F133/><W95/><G35/><T21/><D21/><U85/><E22/><V118/><F118/><W78/><G75/><T59/><D59/><U57/><E57/><V68/><F56/><W4/><G47/><T63/><D63/><U89/><E45/><V53/><F62/><W135/><G135/><T24/><D24/><U25/><E46/><N who="2" m="27895" /><F68/><W99/><G12/><T129/><D129/><U14/><E25/><V20/><F69/><W43/><G36/><T86/><D86/><U77/><E14/><N who="2" m="5399" /><F20/><W55/><G28/><AGARI ba="0,1" hai="7,9,15,28,29,40,44,49,50,52,58,61,64,70" machi="28" ten="40,12000,1" yaku="1,1,54,1,53,2" doraHai="82" doraHaiUra="26" who="0" fromWho="3" sc="240,130,250,0,250,0,250,-120" /><INIT seed="0,1,0,5,3,132" ten="370,250,250,130" oya="0" hai0="1,15,124,91,77,3,2,127,46,88,62,100,112" hai1="69,29,48,111,64,6,23,74,66,19,98,7,114" hai2="131,65,122,44,103,95,133,130,14,120,52,129,73" hai3="51,20,8,12,37,75,96,86,85,134,42,24,59"/><T25/><D112/><U93/><E74/><V60/><F73/><W119/><G119/><T115/><D115/><U57/><E114/><V18/><F133/><W13/><G37/><T71/><D77/><U53/><E29/><V49/><F95/><W90/><G75/><T27/><D100/><N who="1" m="60495" /><E69/><N who="2" m="42151" /><F103/><W102/><G134/><T84/><D15/><N who="1" m="9727" /><E111/><V43/><F43/><W21/><G13/><T121/><D121/><U135/><E135/><V22/><AGARI ba="1,0" hai="14,18,22,44,49,52,120,122,129,130,131" m="42151" machi="22" ten="30,2000,0" yaku="19,1,54,1" doraHai="132" who="2" fromWho="2" sc="370,-11,250,-6,250,23,130,-6" /><INIT seed="1,0,0,2,0,86" ten="359,244,273,124" oya="1" hai0="133,17,85,44,90,72,12,39,118,27,64,132,51" hai1="111,113,94,40,79,3,24,104,66,75,116,81,134" hai2="2,59,14,112,84,36,91,120,48,16,73,5,63" hai3="107,53,70,130,42,58,76,119,117,47,67,97,19"/><U125/><E113/><V57/><F120/><W56/><G76/><T71/><D72/><U55/><E116/><V99/><F36/><W101/><G130/><T32/><D118/><N who="3" m="45065" /><G70/><T28/><D39/><U4/><E104/><V87/><F73/><W13/><G53/><T82/><D64/><U33/><E66/><V43/><F112/><W65/><G65/><T89/><D71/><U124/><E55/><N who="2" m="31975" /><F43/><W37/><G67/><T10/><REACH who="0" step="1"/><D90/><REACH who="0" ten="349,244,273,124" step="2"/><U78/><E75/><V105/><F91/><W15/><G15/><T46/><D46/><U129/><E129/><V103/><F59/><W80/><G80/><T135/><D135/><U11/><E81/><V123/><F123/><W38/><G38/><T7/><D7/><U77/><E4/><V31/><F5/><W126/><G126/><T95/><D95/><U45/><E94/><V23/><F105/><W1/><G1/><T50/><D50/><U34/><E3/><V0/><F2/><W41/><G41/><AGARI ba="0,1" hai="10,12,17,27,28,32,41,44,51,82,85,89,132,133" machi="41" ten="40,5200,0" yaku="1,1,52,1,53,1" doraHai="86" doraHaiUra="22" who="0" fromWho="3" sc="349,62,244,0,273,0,124,-52" /><INIT seed="2,0,0,1,2,95" ten="411,244,273,72" oya="2" hai0="106,79,107,37,119,64,39,112,11,61,35,84,67" hai1="33,4,45,40,124,101,113,129,14,2,93,9,82" hai2="125,56,118,69,48,62,50,17,8,13,38,105,114" hai3="103,110,81,88,5,83,75,42,126,52,3,27,108"/><V98/><F114/><W34/><G126/><T24/><D112/><U22/><E113/><V19/><F118/><W76/><G103/><T46/><D119/><U87/><E124/><V121/><F125/><W92/><G42/><T117/><D117/><U99/><E33/><V86/><F38/><W7/><G3/><T16/><D67/><U43/><E129/><V55/><F121/><W115/><G115/><T80/><D11/><U96/><E96/><V116/><F116/><W29/><G83/><T134/><D134/><U47/><E2/><V109/><F109/><W94/><G94/><T51/><D106/><U97/><E97/><V31/><F31/><W127/><G127/><T71/><D107/><U74/><E74/><V58/><F69/><W91/><G91/><T49/><D51/><U60/><E60/><V23/><F86/><W20/><G34/><T66/><D66/><U128/><E128/><V1/><F58/><W12/><G12/><T30/><D16/><U25/><E40/><AGARI ba="0,0" hai="24,30,35,37,39,40,46,49,61,64,71,79,80,84" machi="40" ten="30,1000,0" yaku="7,1" doraHai="95" who="0" fromWho="1" sc="411,10,244,-10,273,0,72,0" /><INIT seed="3,0,0,5,5,77" ten="421,234,273,72" oya="3" hai0="25,98,20,73,97,135,14,23,27,64,87,90,12" hai1="75,3,131,117,57,70,133,109,85,55,96,122,58" hai2="8,103,37,124,40,99,13,44,2,45,84,120,108" hai3="127,53,66,67,11,82,30,36,129,35,76,115,83"/><W32/><G115/><T80/><D135/><U71/><E3/><V39/><F2/><W61/><G36/><T121/><D121/><U102/><E75/><V72/><F72/><W46/><G127/><T9/><D73/><U59/><E122/><V119/><F119/><W113/><G113/><T79/><D64/><N who="3" m="24617" /><G32/><T106/><D106/><U81/><E117/><V17/><F120/><W16/><G35/><T78/><D9/><U42/><E133/><V56/><F124/><W116/><G116/><T62/><D62/><U31/><E42/><V89/><F56/><N who="3" m="34959" /><G129/><T132/><D132/><U95/><E131/><V54/><F37/><W43/><G76/><N who="0" m="29227" /><D27/><U38/><E38/><V60/><F39/><W74/><G74/><T47/><D47/><U7/><E70/><V6/><F45/><W15/><G30/><N who="0" m="17703" /><D23/><U134/><E31/><V28/><F28/><W33/><G33/><T114/><D114/><U100/><E71/><V94/><F44/><W110/><G110/><T34/><D34/><U10/><E109/><V128/><F108/><W126/><G126/><T88/><D90/><N who="1" m="51503" /><E134/><V101/><F128/><W111/><G111/><T5/><D14/><N who="1" m="5471" /><E55/><V118/><F54/><W86/><G86/><T19/><D5/><U4/><E4/><V0/><F118/><W22/><G22/><T93/><D87/><U21/><E21/><V112/><F84/><W41/><G46/><T123/><D123/><U69/><E69/><V107/><F112/><W49/><G49/><T50/><D50/><U26/><E26/><V48/><F48/><W68/><G68/><T18/><D98/><RYUUKYOKU ba="0,0" sc="421,-15,234,15,273,-15,72,15" hai1="57,58,59,95,96,100,102" hai3="11,15,16,41,43,82,83" /><INIT seed="3,1,0,3,4,126" ten="406,249,258,87" oya="3" hai0="92,50,64,54,10,106,78,52,57,118,135,37,46" hai1="67,39,81,22,2,59,16,94,61,70,48,38,14" hai2="84,116,26,34,4,19,89,97,107,76,21,102,45" hai3="113,44,60,28,133,17,110,24,131,69,23,129,74"/><W75/><G113/><T95/><D106/><U77/><E2/><V127/><F116/><W1/><G1/><T0/><D118/><U96/><E48/><V5/><F127/><W105/><G133/><T3/><D37/><U123/><E70/><V87/><F34/><W11/><G105/><T65/><D135/><U109/><E109/><V80/><F45/><W55/><G110/><T30/><D30/><U40/><E40/><V51/><F51/><N who="3" m="29159" /><G11/><T108/><D108/><U42/><E42/><V90/><F76/><W100/><G100/><T83/><D0/><U120/><E38/><V115/><F115/><W128/><G28/><T62/><D3/><U73/><E39/><V101/><F101/><AGARI ba="1,0" hai="14,16,22,59,61,67,73,77,81,94,96,101,120,123" machi="101" ten="30,2000,0" yaku="7,1,54,1" doraHai="126" who="1" fromWho="2" sc="406,0,249,23,258,-23,87,0" owari="406,50.6,272,7.2,235,-16.5,87,-41.3" /></mjloggm>