<mjloggm ver="2.3"><GO type="225" lobby="0"/><UN n0="%E6%B8%A9%E2%98%85%E6%83%85%E2%98%85%E6%8E%AA%E2%98%85%E7%BD%AE" n1="%E3%81%99%E3%81%84%E3%81%BE%E3%81%9B%E3%83%BC%E3%82%93" n2="%E3%83%B4%E3%82%A3%E3%83%AF%E3%82%B3%E3%82%B0%E3%83%8B" n3="%73%61%6E%64%69%72%69%73" dan="16,16,16,16" rate="2165.83,2209.41,2162.26,2164.98" sx="M,M,M,M"/><TAIKYOKU oya="0"/><INIT seed="0,0,0,5,4,89" ten="250,250,250,250" oya="0" hai0="131,98,50,111,0,92,67,123,117,19,122,68,27" hai1="45,6,69,12,100,114,108,40,113,17,127,81,79" hai2="8,94,87,28,132,125,66,86,4,53,130,54,109" hai3="10,90,103,11,63,70,95,126,97,77,119,21,29"/><T41/><D117/><U56/><E108/><V31/><F109/><W106/><G119/><T2/><D111/><U133/><E69/><V25/><F130/><W42/><G126/><T58/><D131/><U128/><E127/><V13/><F125/><W20/><G42/><T83/><D68/><U47/><E133/><V48/><F132/><W23/><G29/><T64/><D2/><U82/><E128/><V124/><F124/><W71/><G77/><T76/><D0/><U33/><E33/><V61/><F28/><W14/><G11/><T32/><D32/><U91/><E6/><V18/><F4/><W85/><REACH who="3" step="1"/><G63/><REACH who="3" ten="250,250,250,240" step="2"/><T1/><D123/><U5/><E79/><V34/><F48/><W16/><AGARI ba="0,1" hai="10,14,16,20,21,23,70,71,85,90,95,97,103,106" machi="16" ten="30,8000,1" yaku="1,1,2,1,0,1,52,1,54,1,53,0" doraHai="89" doraHaiUra="60" who="3" fromWho="3" sc="250,-40,250,-20,250,-20,240,90" /><INIT seed="1,0,0,5,2,124" ten="210,230,230,330" oya="1" hai0="48,68,120,29,21,53,81,43,2,76,91,31,64" hai1="17,78,49,96,73,108,127,109,74,65,24,86,39" hai2="101,90,40,61,105,47,98,77,25,131,51,83,20" hai3="14,44,54,38,60,99,135,130,106,114,66,80,111"/><U35/><E39/><V82/><F90/><W8/><G114/><T93/><D2/><U16/><E127/><V133/><F133/><W100/><G135/><T45/><D120/><U122/><E122/><V92/><F105/><W67/><G111/><N who="1" m="42570" /><E65/><V6/><F6/><W58/><G130/><T34/><D34/><U113/><E113/><V52/><F131/><W94/><G106/><T12/><D64/><U9/><E96/><V41/><F61/><W103/><G103/><T18/><D68/><U123/><E123/><V87/><REACH who="2" step="1"/><F83/><REACH who="2" ten="210,230,220,330" step="2"/><W63/><G80/><T129/><D129/><U62/><E62/><V11/><F11/><W55/><G63/><T72/><REACH who="0" step="1"/><D53/><REACH who="0" ten="200,230,220,330" step="2"/><U1/><E1/><V26/><F26/><W57/><G55/><T97/><AGARI ba="0,2" hai="12,18,21,29,31,43,45,48,72,76,81,91,93,97" machi="97" ten="20,5200,0" yaku="1,1,2,1,0,1,7,1,53,0" doraHai="124" doraHaiUra="56" who="0" fromWho="0" sc="200,72,230,-26,220,-13,330,-13" /><INIT seed="2,0,0,5,3,32" ten="272,204,207,317" oya="2" hai0="123,69,83,4,101,105,5,126,113,0,70,104,42" hai1="22,6,115,130,80,74,14,88,78,114,90,21,30" hai2="95,56,103,51,60,75,112,37,35,58,120,45,57" hai3="9,107,94,44,79,111,19,43,15,8,18,100,131"/><V63/><F35/><W124/><G111/><T82/><D123/><U24/><E130/><V135/><F75/><W106/><G131/><T49/><D49/><U133/><E133/><V61/><F120/><W11/><G124/><T73/><D101/><U17/><REACH who="1" step="1"/><E6/><REACH who="1" ten="272,194,207,317" step="2"/><V109/><F135/><W40/><G106/><T28/><D5/><U97/><E97/><N who="2" m="59839" /><F112/><AGARI ba="0,1" hai="14,17,21,22,24,30,74,78,80,88,90,112,114,115" machi="112" ten="40,5200,0" yaku="1,1,54,1,53,1" doraHai="32" doraHaiUra="26" who="1" fromWho="2" sc="272,0,194,62,207,-52,317,0" /><INIT seed="3,0,0,3,4,97" ten="272,256,155,317" oya="3" hai0="66,75,23,113,1,74,17,69,114,134,20,105,4" hai1="91,51,131,16,13,36,93,70,87,42,19,63,125" hai2="127,33,126,7,120,128,90,64,88,46,40,82,55" hai3="53,44,133,121,94,62,102,109,76,86,98,107,84"/><W26/><G121/><T48/><D105/><U135/><E36/><V0/><F33/><W27/><G107/><T34/><D34/><U56/><E125/><V111/><F0/><W108/><G133/><T24/><D134/><U9/><E135/><V50/><F7/><W68/><G44/><T95/><D48/><U58/><E131/><V5/><F5/><W104/><G104/><T31/><D95/><U122/><E122/><V124/><F120/><W67/><G53/><T8/><D66/><N who="1" m="39271" /><E70/><V15/><F128/><W37/><G37/><T22/><D69/><U10/><E58/><V80/><F64/><W89/><G76/><T81/><D81/><U100/><E100/><V59/><F15/><W41/><G41/><T35/><REACH who="0" step="1"/><D17/><REACH who="0" ten="262,256,155,317" step="2"/><N who="1" m="8367" /><E10/><V39/><REACH who="2" step="1"/><F111/><REACH who="2" ten="262,256,145,317" step="2"/><W30/><G108/><T110/><D110/><U78/><E78/><V45/><F45/><AGARI ba="0,2" hai="16,19,42,45,51,87,91,93" m="8367,39271" machi="45" ten="30,2000,0" yaku="8,1,54,1" doraHai="97" who="1" fromWho="2" sc="262,0,256,40,145,-20,317,0" owari="262,-13.8,296,9.6,125,-37.5,317,41.7" /></mjloggm>