<mjloggm ver="2.3"><GO type="225" lobby="0"/><UN n0="%E3%82%BC%E3%83%AB%E3%83%80%E3%81%AE%E4%BC%9D%E8%AA%AC" n1="%47%48%4F%53%54" n2="%54%4F%52" n3="%E5%B8%86%E7%AB%8B%E5%A4%8F%E8%A1%A3" dan="17,17,17,16" rate="2134.59,2289.66,2223.17,2115.34" sx="M,M,M,M"/><TAIKYOKU oya="0"/><INIT seed="0,0,0,1,4,29" ten="250,250,250,250" oya="0" hai0="97,105,125,122,11,67,81,27,101,91,76,50,96" hai1="124,74,45,42,88,39,17,49,64,95,83,77,130" hai2="116,73,43,28,40,123,102,63,128,25,26,129,85" hai3="32,113,110,107,52,8,16,41,34,127,89,131,35"/><T66/><D122/><U20/><E130/><N who="2" m="50283" /><F73/><W7/><G131/><T84/><D125/><U92/><E124/><V108/><F123/><W14/><G107/><T21/><D50/><U6/><E6/><V54/><F108/><W117/><G127/><T51/><D11/><U75/><E64/><V46/><F116/><W24/><G117/><T80/><D51/><U82/><E39/><N who="2" m="21791" /><F43/><W68/><G68/><T94/><REACH who="0" step="1"/><D80/><REACH who="0" ten="240,250,250,250" step="2"/><U118/><E118/><V114/><F114/><W70/><G110/><T37/><D37/><U13/><REACH who="1" step="1"/><E75/><REACH who="1" ten="240,240,250,250" step="2"/><V22/><F63/><W15/><G113/><T106/><D106/><U109/><E109/><V55/><F55/><W134/><G52/><T4/><D4/><U57/><E57/><V30/><F54/><W65/><G41/><T103/><D103/><U100/><E100/><V133/><F102/><W0/><G65/><T72/><D72/><U121/><E121/><V120/><F120/><W62/><G62/><T36/><D36/><U119/><E119/><V12/><F133/><W23/><G134/><T93/><D93/><U90/><E90/><V60/><F60/><W3/><G70/><T98/><D98/><U48/><E48/><V38/><F38/><W2/><REACH who="3" step="1"/><G89/><REACH who="3" ten="240,240,250,240" step="2"/><T111/><D111/><U44/><E44/><V61/><F61/><W135/><G135/><T104/><D104/><U86/><AGARI ba="0,3" hai="13,17,20,42,45,49,74,77,82,83,86,88,92,95" machi="86" ten="30,7900,0" yaku="1,1,0,1,54,1,53,1" doraHai="29" doraHaiUra="19" who="1" fromWho="1" sc="240,-39,240,109,250,-20,240,-20" /><INIT seed="1,0,0,3,5,93" ten="201,349,230,220" oya="1" hai0="63,15,77,47,36,84,132,125,82,135,42,129,60" hai1="106,43,31,69,41,22,14,85,65,11,51,75,10" hai2="30,1,91,33,119,92,9,100,16,40,24,112,54" hai3="0,32,90,64,72,44,8,98,23,37,128,62,104"/><U87/><E75/><V56/><F119/><W103/><G128/><T45/><D129/><U120/><E106/><V121/><F121/><W123/><G123/><T6/><D125/><U122/><E69/><V66/><F112/><W111/><G111/><T12/><D45/><U53/><E65/><V55/><F40/><N who="3" m="22543" /><G23/><T74/><D84/><U17/><E122/><V115/><F115/><W25/><G90/><T124/><D124/><U76/><E87/><V48/><F100/><W4/><G72/><T114/><D114/><U97/><E97/><V70/><F70/><N who="3" m="42263" /><G25/><T38/><D38/><U29/><E29/><V28/><F28/><W133/><G133/><N who="0" m="51275" /><D12/><U61/><E31/><V58/><F66/><W80/><G80/><T95/><D95/><U118/><E85/><V108/><F108/><W71/><G71/><T68/><D68/><U81/><E14/><V18/><F9/><AGARI ba="0,0" hai="6,9,15,36,42,47,60,63,74,77,82" m="51275" machi="9" ten="30,1000,0" yaku="20,1" doraHai="93" who="0" fromWho="2" sc="201,10,349,0,230,-10,220,0" /><INIT seed="2,0,0,1,1,103" ten="211,349,220,220" oya="2" hai0="33,83,1,44,80,117,54,27,58,22,34,111,20" hai1="49,110,89,13,40,10,5,93,55,18,14,42,8" hai2="87,38,105,97,7,9,79,102,24,88,124,101,122" hai3="82,113,28,90,59,92,47,72,26,3,4,125,36"/><V76/><F122/><W131/><G131/><T74/><D111/><U61/><E61/><V70/><F70/><W95/><G125/><T15/><D1/><U62/><E62/><V53/><F124/><W39/><G113/><T2/><D2/><U75/><E75/><V6/><F38/><W77/><G59/><T78/><D117/><U19/><E5/><V98/><F53/><W99/><G92/><T68/><D68/><U56/><E110/><V91/><F24/><W130/><G130/><T85/><D44/><U11/><E10/><V48/><F48/><W133/><G133/><T41/><D41/><U50/><E49/><V84/><REACH who="2" step="1"/><F9/><REACH who="2" ten="211,349,210,220" step="2"/><W81/><G39/><T12/><D27/><U100/><E11/><V123/><F123/><W134/><G36/><T127/><D127/><U45/><E8/><V115/><F115/><W104/><G26/><T66/><D66/><U52/><E55/><V73/><F73/><W46/><G72/><T21/><D54/><U107/><E52/><V60/><F60/><W118/><G118/><T94/><D58/><U30/><E56/><V65/><F65/><W71/><G71/><T29/><D74/><U135/><E50/><V126/><F126/><W17/><G47/><T37/><D37/><U109/><E45/><V108/><F108/><W25/><G46/><T32/><D32/><U112/><E109/><V86/><F86/><W121/><G25/><T23/><D34/><U96/><E112/><V43/><F43/><W106/><G121/><T0/><D33/><U128/><E42/><V129/><F129/><W116/><G116/><RYUUKYOKU ba="0,1" sc="211,-10,349,-10,210,30,220,-10" hai2="6,7,76,79,84,87,88,91,97,98,101,102,105" /><INIT seed="2,1,1,5,5,50" ten="201,339,240,210" oya="2" hai0="113,54,67,51,107,33,131,63,84,110,100,34,118" hai1="64,112,102,13,70,31,135,49,2,120,16,60,91" hai2="81,12,69,5,77,32,94,75,82,122,20,57,117" hai3="9,115,130,103,72,52,61,45,95,30,6,44,108"/><V22/><F69/><W88/><G72/><T1/><D113/><U29/><E112/><V86/><F32/><W35/><G115/><T55/><D1/><U46/><E2/><V42/><F117/><W78/><G78/><T133/><D118/><U36/><E36/><V124/><F122/><W116/><G116/><T98/><D110/><U21/><E102/><V119/><F119/><W11/><G130/><T101/><D131/><U23/><E135/><V17/><F124/><W127/><G127/><T73/><D73/><U92/><E23/><V71/><F71/><W41/><G103/><T37/><D37/><U111/><E111/><V74/><F42/><W38/><G108/><T24/><D133/><U15/><E15/><V132/><F132/><W8/><G30/><N who="0" m="19655" /><D34/><U96/><E120/><V80/><F5/><W106/><G106/><N who="0" m="63767" /><D51/><U48/><E48/><V99/><F75/><W89/><G35/><T123/><D84/><U85/><E85/><V65/><F74/><W109/><G109/><T83/><D83/><U62/><E62/><N who="2" m="38095" /><F22/><W3/><G44/><T10/><D10/><U14/><E14/><V76/><F76/><W4/><G3/><T28/><D28/><U7/><E7/><V126/><F126/><W56/><REACH who="3" step="1"/><G89/><AGARI ba="1,1" hai="12,17,20,77,80,81,82,86,89,94,99" m="38095" machi="89" ten="30,1500,0" yaku="8,1" doraHai="50" who="2" fromWho="3" sc="201,0,339,0,240,28,210,-18" /><INIT seed="2,2,0,2,4,131" ten="201,339,268,192" oya="2" hai0="116,32,31,49,0,51,135,82,106,57,3,110,15" hai1="37,53,6,91,21,7,84,4,26,63,12,35,99" hai2="41,94,61,77,96,111,133,27,43,23,80,22,103" hai3="60,38,83,127,81,93,117,67,126,19,1,34,71"/><V72/><F111/><W5/><G34/><T104/><D110/><U47/><E35/><V105/><F133/><W68/><G117/><T128/><D128/><U122/><E122/><V108/><F108/><W39/><G5/><T14/><D32/><U97/><E37/><N who="3" m="13834" /><G19/><T17/><D17/><N who="1" m="12591" /><E12/><V13/><F13/><W101/><G1/><T118/><D57/><N who="1" m="35247" /><E47/><V59/><F105/><W16/><G16/><T33/><D33/><U42/><E42/><V10/><F10/><W119/><G119/><T20/><D82/><AGARI ba="2,0" hai="4,6,7,82,84,91,97,99" m="35247,12591" machi="82" ten="30,1000,0" yaku="8,1" doraHai="131" who="1" fromWho="0" sc="201,-16,339,16,268,0,192,0" /><INIT seed="3,0,0,3,5,71" ten="185,355,268,192" oya="3" hai0="86,57,135,88,115,46,120,91,37,127,23,64,24" hai1="43,70,17,6,76,34,98,89,94,5,83,45,125" hai2="50,118,87,73,111,102,106,121,101,28,14,93,52" hai3="48,27,97,90,110,100,29,32,7,77,117,119,2"/><W126/><G90/><T132/><D120/><U49/><E70/><V36/><F73/><W19/><G48/><T4/><D127/><U22/><E125/><V61/><F36/><W69/><G126/><T26/><D115/><U25/><E34/><V130/><F106/><W72/><G19/><N who="0" m="12415" /><D4/><U66/><E66/><V79/><F118/><W122/><G122/><T40/><D26/><U96/><E96/><V85/><F28/><W13/><G13/><T60/><D86/><AGARI ba="0,0" hai="5,6,17,22,25,43,45,49,76,83,86,89,94,98" machi="86" ten="30,2000,0" yaku="7,1,8,1" doraHai="71" who="1" fromWho="0" sc="185,-20,355,20,268,0,192,0" owari="165,-33.5,375,47.5,268,6.8,192,-20.8" /></mjloggm>