<mjloggm ver="2.3"><GO type="225" lobby="0"/><UN n0="%E3%81%B5%E3%81%98%E3%81%8B%E3%81%A4" n1="%E9%B3%B3%E6%9D%B1%E3%81%AE%E3%81%86%E3%81%95%E3%81%8E%E3%81%95%E3%82%93" n2="%72%65%6E%6B%75%6E" n3="%E6%A1%9C%E8%8A%B1%E9%96%83%E3%80%85" dan="16,17,17,16" rate="2166.09,2302.68,2222.24,2126.52" sx="M,M,M,M"/><TAIKYOKU oya="0"/><INIT seed="0,0,0,3,2,93" ten="250,250,250,250" oya="0" hai0="11,73,131,109,48,113,120,30,74,102,61,108,62" hai1="33,24,135,69,121,20,72,106,50,10,31,54,89" hai2="29,60,79,40,71,80,96,39,38,36,67,13,114" hai3="34,85,64,98,103,117,87,76,52,16,65,59,124"/><T25/><D120/><U14/><E121/><V134/><F134/><W83/><G124/><T4/><D113/><U125/><E125/><V56/><F114/><W27/><G117/><T12/><D131/><U70/><E135/><V63/><F29/><W123/><G123/><T77/><D48/><U0/><E72/><N who="0" m="27753" /><D77/><U115/><E106/><V51/><F51/><W66/><G85/><T116/><D102/><U68/><E115/><V58/><F40/><W2/><G2/><T128/><D128/><U100/><E100/><V44/><F44/><W6/><G6/><T127/><D127/><U7/><E89/><V86/><F13/><W55/><G59/><T8/><D8/><U18/><REACH who="1" step="1"/><E69/><REACH who="1" ten="250,240,250,250" step="2"/><V90/><F71/><W132/><G132/><T81/><D116/><U118/><E118/><V22/><F90/><W110/><G110/><N who="0" m="42603" /><D81/><U32/><E32/><AGARI ba="0,1" hai="4,11,12,25,30,32,61,62" m="42603,27753" machi="32" ten="30,2900,0" yaku="14,1,10,1" doraHai="93" who="0" fromWho="1" sc="250,39,240,-29,250,0,250,0" /><INIT seed="0,1,0,0,3,63" ten="289,211,250,250" oya="0" hai0="133,1,45,119,30,117,43,72,15,108,0,104,38" hai1="122,67,94,61,124,131,127,37,32,68,120,90,70" hai2="13,97,58,83,4,110,66,11,17,71,105,57,29" hai3="107,101,130,54,27,26,92,56,115,75,87,129,47"/><T98/><D133/><U9/><E32/><V125/><F110/><W116/><G115/><T12/><D108/><U8/><E8/><V123/><F123/><N who="1" m="47145" /><E9/><V44/><F125/><N who="1" m="48201" /><E90/><V79/><F29/><W35/><G35/><T74/><D15/><U114/><E94/><V82/><F44/><W42/><G75/><N who="0" m="28715" /><D12/><U88/><E88/><V62/><F4/><W69/><G107/><T80/><D80/><U77/><E77/><V84/><REACH who="2" step="1"/><F82/><REACH who="2" ten="289,211,240,250" step="2"/><W113/><G47/><T7/><D30/><U135/><E135/><V10/><F10/><W19/><G113/><T106/><D7/><U6/><E6/><V111/><F111/><W85/><G129/><T21/><D21/><U20/><E20/><V132/><F132/><W33/><G130/><T81/><D81/><U89/><E131/><V109/><F109/><W59/><G33/><T46/><D46/><U49/><E114/><V118/><F118/><N who="0" m="45066" /><D106/><U103/><E37/><V2/><F2/><W3/><G116/><T60/><D1/><U53/><E103/><AGARI ba="1,1" hai="11,13,17,57,58,62,66,71,79,83,84,97,103,105" machi="103" ten="40,5200,0" yaku="1,1,52,1,53,1" doraHai="63" doraHaiUra="95" who="2" fromWho="1" sc="289,0,211,-55,240,65,250,0" /><INIT seed="1,0,0,4,1,17" ten="289,156,305,250" oya="1" hai0="124,84,21,105,127,5,6,26,97,94,20,116,52" hai1="10,25,18,85,1,108,73,19,103,71,7,8,119" hai2="9,128,15,107,22,24,45,79,132,50,82,3,110" hai3="46,135,126,113,62,77,101,111,4,55,69,27,112"/><U37/><E73/><V131/><F107/><W104/><G77/><T118/><D105/><U35/><E71/><V99/><F3/><W63/><G4/><N who="0" m="1643" /><D84/><U115/><E115/><V58/><F58/><N who="3" m="35167" /><G27/><T78/><D78/><U32/><E37/><V96/><F110/><W121/><G101/><T86/><D86/><U129/><E85/><N who="2" m="48351" /><F15/><W120/><G104/><T68/><D68/><U41/><E41/><N who="2" m="24879" /><F9/><W102/><G111/><T100/><D26/><U122/><E103/><V92/><F92/><W134/><G46/><T40/><D40/><U87/><E87/><V53/><F53/><W43/><G43/><T0/><D52/><U47/><E47/><V61/><F61/><W88/><G102/><T38/><D38/><U70/><E70/><V13/><F13/><W98/><G88/><N who="0" m="55495" /><D0/><U80/><E108/><V89/><F89/><W12/><G12/><T83/><D83/><U29/><E80/><V30/><F99/><W60/><G98/><T14/><D14/><N who="1" m="7511" /><E122/><N who="3" m="47210" /><G60/><T51/><D100/><U11/><E35/><V42/><F96/><W66/><G126/><N who="0" m="48171" /><D51/><U65/><E8/><V75/><F75/><W56/><G69/><T28/><D28/><U123/><E123/><V54/><F42/><W91/><G91/><T23/><AGARI ba="0,0" hai="20,21,23,116,118" m="48171,55495,1643" machi="23" ten="40,8000,1" yaku="18,1,52,3,54,1" doraHai="17" who="0" fromWho="0" sc="289,80,156,-40,305,-20,250,-20" /><INIT seed="2,0,0,1,0,100" ten="369,116,285,230" oya="2" hai0="46,17,124,33,37,41,135,129,92,93,85,24,125" hai1="108,58,105,78,68,80,40,54,121,2,69,113,4" hai2="95,13,91,38,106,82,79,67,70,7,51,98,44" hai3="110,132,83,64,60,74,86,76,71,120,52,87,122"/><V15/><F38/><W12/><G110/><T73/><D135/><U49/><E113/><V26/><F106/><W30/><G132/><T96/><D129/><U10/><E108/><V39/><F39/><W114/><G114/><T31/><D73/><U48/><E121/><V11/><F26/><W119/><G119/><T101/><D17/><U62/><E49/><V35/><F35/><W18/><G30/><T56/><D56/><U99/><E40/><V90/><F70/><W81/><G74/><T128/><D128/><U32/><E32/><V123/><F123/><W63/><G63/><T112/><D112/><U50/><E50/><V43/><F67/><W1/><G1/><T75/><D75/><U34/><E34/><V47/><F15/><W42/><G42/><T116/><D116/><U127/><E127/><N who="0" m="48713" /><D85/><U20/><E20/><V9/><F9/><W36/><G36/><T104/><AGARI ba="0,0" hai="24,31,33,37,41,46,92,93,96,101,104" m="48713" machi="104" ten="30,2000,0" yaku="18,1,52,1" doraHai="100" who="0" fromWho="0" sc="369,20,116,-5,285,-10,230,-5" /><INIT seed="3,0,0,2,1,18" ten="389,111,275,225" oya="3" hai0="98,104,41,56,28,96,42,100,8,31,89,46,74" hai1="99,131,44,51,16,58,102,24,62,33,25,126,3" hai2="35,6,111,130,55,117,11,119,73,49,123,114,110" hai3="68,34,90,7,40,0,10,20,48,81,82,77,37"/><W135/><G34/><T21/><D74/><U52/><E131/><V115/><F73/><N who="3" m="43183" /><G48/><T61/><D8/><U26/><E126/><V88/><F88/><W47/><G68/><T36/><D42/><U86/><E3/><V43/><F43/><W83/><G135/><T22/><D31/><U101/><E33/><V121/><F35/><W64/><G64/><T78/><D78/><U76/><E99/><V133/><F133/><W69/><G69/><T124/><D28/><U128/><E128/><V53/><F130/><W118/><G118/><N who="2" m="45065" /><F11/><W29/><G90/><T2/><D2/><U45/><E45/><N who="2" m="27823" /><F55/><W129/><G129/><T106/><D124/><U23/><E86/><V93/><F93/><W84/><G84/><T14/><D14/><N who="1" m="9623" /><E76/><V54/><F54/><W59/><G59/><T120/><D120/><N who="2" m="46154" /><F6/><W125/><G125/><T107/><D89/><U103/><E103/><V70/><F70/><W30/><G30/><T112/><D112/><AGARI ba="0,0" hai="110,111,112,114,115" m="46154,27823,45065" machi="112" ten="40,32000,5" yakuman="50" doraHai="18" who="2" fromWho="0" sc="389,-320,111,0,275,320,225,0" owari="69,-43.1,111,-28.9,595,69.5,225,2.5" /></mjloggm>