<mjloggm ver="2.3"><GO type="225" lobby="0"/><UN n0="%E9%9B%80%E6%A5%B5%E3%81%AE%E3%81%B8" n1="%E3%81%BF%E3%81%BF%E3%81%9A" n2="%E8%BE%9B%E5%8F%A3%E3%82%AB%E3%83%AC%E3%83%BC%E3%83%A9%E3%82%A4%E3%82%B9" n3="%E5%B3%B6%E7%94%B0%E7%9C%9F%E5%A4%A2" dan="16,17,17,16" rate="2149.59,2261.85,2264.03,2104.41" sx="M,M,M,F"/><TAIKYOKU oya="0"/><INIT seed="0,0,0,5,5,66" ten="250,250,250,250" oya="0" hai0="123,24,104,111,26,39,114,71,50,91,33,70,56" hai1="9,2,16,87,55,100,51,13,116,12,40,7,77" hai2="103,74,124,11,115,130,6,17,135,59,129,61,27" hai3="117,19,93,72,35,52,44,41,73,134,80,89,69"/><T79/><D114/><U60/><E116/><V98/><F115/><W102/><G35/><T83/><D123/><U99/><E2/><V38/><F74/><W95/><G117/><T23/><D39/><U112/><E112/><V3/><F38/><W15/><G134/><T82/><D104/><U62/><E40/><V34/><F135/><W0/><G0/><T29/><D111/><U128/><E128/><N who="2" m="49259" /><F124/><W75/><G102/><T126/><D126/><U31/><E31/><N who="2" m="19839" /><F17/><W45/><G41/><T22/><D91/><U90/><E77/><V110/><F110/><W10/><G69/><T108/><D108/><U1/><E99/><V65/><F98/><W122/><G122/><T113/><D113/><U47/><E1/><V53/><F103/><W67/><G67/><AGARI ba="0,0" hai="3,6,11,53,59,61,65,67" m="19839,49259" machi="67" ten="30,1000,0" yaku="19,1" doraHai="66" who="2" fromWho="3" sc="250,0,250,0,250,10,250,-10" /><INIT seed="1,0,0,2,1,70" ten="250,250,260,240" oya="1" hai0="82,62,109,25,77,135,129,1,110,16,131,8,104" hai1="5,49,123,91,94,134,89,126,55,48,102,22,18" hai2="23,103,124,58,83,51,46,108,113,86,3,12,19" hai3="33,95,117,78,73,47,50,40,90,56,14,11,43"/><U116/><E116/><V92/><F108/><N who="0" m="41578" /><D104/><U101/><E123/><V66/><F124/><W0/><G117/><T67/><D1/><U130/><E126/><V44/><F3/><W69/><G69/><N who="0" m="42231" /><D135/><U120/><E120/><V63/><F113/><W6/><G33/><T42/><D42/><U127/><E127/><V71/><F71/><W111/><G111/><T27/><D8/><U98/><E130/><N who="0" m="49673" /><D16/><U93/><E134/><V53/><F103/><W31/><G43/><T112/><D112/><U132/><E132/><V75/><F75/><AGARI ba="0,0" hai="25,27,75,77,82" m="49673,42231,41578" machi="75" ten="30,2000,0" yaku="14,1,19,1" doraHai="70" who="0" fromWho="2" sc="250,20,250,0,260,-20,240,0" /><INIT seed="2,0,0,3,5,86" ten="270,250,240,240" oya="2" hai0="106,119,43,19,92,98,67,129,84,81,108,58,34" hai1="121,123,8,7,9,72,118,102,74,73,33,38,117" hai2="78,61,2,101,103,50,37,40,31,41,53,110,6" hai3="28,82,69,1,62,126,63,23,109,80,88,59,32"/><V133/><F133/><W107/><G107/><T100/><D34/><U42/><E102/><V10/><F31/><W127/><G32/><T116/><D43/><U68/><E33/><V114/><F114/><W21/><G1/><T85/><D19/><U57/><E57/><N who="2" m="32951" /><F41/><W25/><G23/><T125/><D58/><U90/><E68/><V79/><F79/><W4/><G4/><T39/><D67/><U70/><E70/><V36/><F36/><W128/><G128/><T113/><D39/><U14/><E9/><V24/><F24/><W66/><G109/><T124/><D113/><U46/><REACH who="1" step="1"/><E90/><REACH who="1" ten="270,240,240,240" step="2"/><V115/><F115/><W76/><G88/><N who="0" m="53255" /><D108/><U5/><E5/><V27/><F110/><W75/><REACH who="3" step="1"/><G80/><REACH who="3" ten="270,240,240,230" step="2"/><T12/><D100/><U64/><E64/><AGARI ba="0,2" hai="21,25,28,59,62,63,64,66,69,75,76,82,126,127" machi="64" ten="40,5200,0" yaku="1,1,2,1,53,1" doraHai="86" doraHaiUra="54" who="3" fromWho="1" sc="270,0,240,-52,240,0,230,72" /><INIT seed="3,0,0,4,3,106" ten="270,188,240,302" oya="3" hai0="121,92,91,30,41,107,86,38,34,109,119,0,70" hai1="113,122,48,42,40,4,75,24,118,35,105,45,54" hai2="112,51,99,135,79,1,39,69,84,25,88,85,82" hai3="28,124,64,103,130,132,14,123,10,7,66,2,87"/><W8/><G123/><T16/><D121/><U27/><E122/><V89/><F39/><W129/><G124/><T53/><D119/><U21/><E113/><V72/><F69/><W50/><G132/><T81/><D107/><U62/><E105/><V12/><F1/><W47/><G28/><T49/><D0/><U83/><E118/><V97/><F112/><W19/><G103/><T128/><D70/><U116/><E116/><V5/><F25/><W96/><G96/><N who="2" m="36937" /><F12/><W11/><G87/><N who="2" m="33353" /><F5/><W111/><G8/><T18/><D38/><U102/><E102/><V37/><F51/><W61/><G111/><T29/><D49/><U127/><E127/><V13/><F13/><W73/><G73/><T104/><D109/><U120/><E120/><V68/><F68/><W90/><G90/><N who="2" m="34921" /><F37/><W9/><G9/><T31/><D104/><U67/><E4/><V100/><F100/><W93/><G61/><T108/><D31/><U22/><E35/><V115/><F115/><W80/><G64/><T131/><D30/><U114/><E114/><V57/><F57/><W125/><G66/><T60/><D29/><N who="1" m="17551" /><E22/><V63/><F63/><W74/><G125/><T59/><D60/><U58/><E27/><V6/><F6/><W26/><G26/><T43/><D59/><U65/><E67/><V117/><F117/><W71/><G71/><T15/><D15/><U44/><E45/><V33/><F33/><W32/><G32/><T126/><D34/><U110/><E110/><V76/><F76/><W134/><G47/><T56/><D108/><U52/><E65/><V36/><F36/><RYUUKYOKU ba="0,0" sc="270,-15,188,15,240,15,302,-15" hai1="40,42,44,48,52,54,58,62,75,83" hai2="72,79,82,135" /><INIT seed="4,1,0,1,2,126" ten="255,203,255,287" oya="0" hai0="63,65,66,131,62,34,24,74,124,75,20,17,94" hai1="0,25,108,18,42,96,121,111,135,40,37,50,113" hai2="123,53,69,68,10,99,51,82,77,71,134,3,89" hai3="102,109,58,52,103,116,6,49,9,33,88,60,100"/><T48/><D124/><U46/><E121/><V106/><F123/><W1/><G116/><T127/><D127/><U44/><E135/><V133/><F3/><W70/><G33/><T83/><D34/><U72/><E113/><V86/><F10/><W12/><G109/><T87/><D94/><U78/><E96/><V27/><F27/><W84/><G1/><T11/><D48/><U95/><E95/><V61/><F61/><W29/><G29/><T41/><D41/><U114/><E114/><V56/><REACH who="2" step="1"/><F77/><REACH who="2" ten="255,203,245,287" step="2"/><W2/><G2/><T115/><D11/><U79/><E0/><V120/><F120/><W4/><G60/><T19/><D24/><U57/><E79/><V64/><F64/><W47/><G70/><T15/><D65/><U119/><E119/><V16/><F16/><W35/><G6/><T91/><D62/><U97/><E97/><V13/><F13/><W130/><G4/><T80/><D19/><U39/><E25/><V85/><F85/><W28/><G12/><T93/><D15/><U122/><E18/><V22/><F22/><W5/><G9/><T76/><D17/><U81/><REACH who="1" step="1"/><E122/><REACH who="1" ten="255,193,245,287" step="2"/><V98/><F98/><W110/><G5/><T125/><D76/><U101/><E101/><AGARI ba="1,2" hai="51,53,56,68,69,71,82,86,89,99,101,106,133,134" machi="101" ten="50,1600,0" yaku="1,1,53,0" doraHai="126" doraHaiUra="117" who="2" fromWho="1" sc="255,0,193,-19,245,39,287,0" /><INIT seed="5,0,0,5,0,97" ten="255,174,284,287" oya="1" hai0="60,3,48,50,49,17,47,30,135,2,20,16,62" hai1="53,134,76,44,108,9,66,56,91,15,82,22,70" hai2="129,102,90,37,110,21,115,126,54,23,32,35,36" hai3="65,8,133,74,1,7,85,80,59,117,10,100,45"/><U68/><E134/><V46/><F110/><W13/><G133/><T121/><D135/><U19/><E108/><V43/><F37/><W88/><G74/><T57/><D121/><U52/><E91/><V109/><F109/><W81/><G45/><T96/><D3/><U31/><E66/><V61/><F129/><W107/><G117/><T93/><D2/><U26/><E44/><V122/><F122/><W12/><G81/><T67/><D62/><U128/><E128/><V95/><F126/><W111/><G111/><T42/><D30/><U132/><E132/><V101/><F35/><W131/><G131/><T4/><D4/><U118/><E118/><V5/><F5/><W87/><G87/><T33/><D33/><U34/><E34/><V106/><F32/><W116/><G116/><T123/><D123/><U75/><REACH who="1" step="1"/><E53/><REACH who="1" ten="255,164,284,287" step="2"/><V105/><F54/><W125/><G65/><T86/><D47/><U124/><E124/><V41/><F90/><W94/><G125/><T72/><D67/><U78/><E78/><V103/><F46/><W92/><G88/><T120/><D120/><U51/><AGARI ba="0,1" hai="9,15,19,22,26,31,51,52,56,68,70,75,76,82" machi="51" ten="20,12000,1" yaku="1,1,0,1,7,1,54,1,53,1" doraHai="97" doraHaiUra="24" who="1" fromWho="1" sc="255,-40,164,130,284,-40,287,-40" /><INIT seed="5,1,0,4,0,58" ten="215,294,244,247" oya="1" hai0="118,121,66,77,5,129,23,52,24,79,39,114,49" hai1="67,72,51,19,59,103,0,93,96,28,21,6,12" hai2="102,92,32,73,4,16,130,125,126,55,91,9,89" hai3="135,122,60,56,94,48,98,33,105,46,29,75,14"/><U69/><E72/><V84/><F73/><W116/><G75/><T85/><D118/><U70/><E0/><V22/><F32/><W3/><G122/><T101/><D39/><U111/><E6/><V2/><F130/><W99/><G3/><T71/><D129/><U104/><E111/><V44/><F102/><W57/><G57/><T17/><D121/><U134/><E134/><V31/><F31/><W120/><G120/><T133/><D133/><U38/><E38/><V8/><F8/><W68/><G68/><T95/><D114/><U47/><E28/><V11/><F11/><W62/><G105/><T20/><D5/><U87/><E67/><V107/><F107/><W30/><G56/><N who="0" m="32783" /><D71/><U53/><E47/><V113/><F113/><W18/><G33/><T65/><D23/><U80/><E104/><V82/><F55/><W109/><G99/><N who="0" m="59647" /><D85/><U54/><E54/><V132/><F44/><W128/><G116/><T106/><D106/><U15/><E70/><V50/><F132/><W34/><G135/><T41/><D41/><U13/><E69/><V90/><F50/><W110/><G128/><T37/><D37/><U10/><E21/><V108/><F108/><W119/><G119/><T25/><D25/><U117/><E117/><V81/><F81/><W78/><G110/><T131/><D131/><U42/><E42/><V124/><REACH who="2" step="1"/><F82/><REACH who="2" ten="215,294,234,247" step="2"/><W43/><G109/><T40/><D40/><U83/><E80/><V36/><F36/><W88/><G34/><T61/><D66/><U74/><E74/><V26/><AGARI ba="1,1" hai="2,4,9,16,22,26,84,89,90,91,92,124,125,126" machi="26" ten="30,7900,0" yaku="1,1,0,1,18,1,54,1,53,0" doraHai="58" doraHaiUra="76" who="2" fromWho="2" sc="215,-21,294,-40,234,92,247,-21" owari="194,-30.6,254,5.4,326,42.6,226,-17.4" /></mjloggm>