<mjloggm ver="2.3"><GO type="225" lobby="0"/><UN n0="%E4%BA%95%E5%B8%AF" n1="%E9%A2%A8%E3%81%A7%E9%B3%B4%E3%81%8F" n2="%E3%81%BF%E3%81%BF%E3%81%9A" n3="%E3%82%B3%E3%83%A2%E3%83%AA%E3%82%B9%E3%83%88" dan="16,16,16,16" rate="2055.47,2139.71,2249.71,2056.25" sx="M,M,M,M"/><TAIKYOKU oya="0"/><INIT seed="0,0,0,3,5,36" ten="250,250,250,250" oya="0" hai0="24,20,78,8,66,13,55,19,113,11,2,57,123" hai1="3,134,7,101,87,70,38,61,90,26,89,98,49" hai2="91,45,116,21,44,118,6,133,58,114,14,135,108" hai3="28,82,46,80,128,93,69,71,74,112,23,75,99"/><T83/><D123/><U103/><E38/><V18/><F114/><W131/><G112/><T124/><D113/><U127/><E127/><V129/><F108/><W41/><G28/><T121/><D121/><U96/><E134/><N who="2" m="51211" /><F129/><W120/><G23/><T125/><D66/><U64/><E3/><V102/><F102/><W126/><G120/><T31/><D8/><U110/><E7/><V76/><F76/><W17/><G17/><T107/><D107/><U85/><E110/><V53/><F91/><W81/><G126/><T73/><REACH who="0" step="1"/><D2/><REACH who="0" ten="240,250,250,250" step="2"/><U42/><E64/><V54/><F6/><W105/><G105/><T29/><D29/><U119/><E119/><N who="2" m="45611" /><F53/><W95/><G131/><T60/><AGARI ba="0,1" hai="11,13,19,20,24,31,55,57,60,73,78,83,124,125" machi="60" ten="30,6000,0" yaku="1,1,0,1,53,1" doraHai="36" doraHaiUra="51" who="0" fromWho="0" sc="240,70,250,-20,250,-20,250,-20" /><BYE who="2" /><UN n2="%E3%81%BF%E3%81%BF%E3%81%9A" /><INIT seed="0,1,0,0,3,120" ten="310,230,230,230" oya="0" hai0="3,106,135,20,95,10,50,8,67,118,85,21,60" hai1="86,1,90,11,94,132,78,91,62,24,79,17,71" hai2="2,73,97,125,7,30,110,108,109,9,128,105,63" hai3="115,35,36,111,26,102,104,127,47,70,114,123,31"/><T23/><D106/><U18/><E132/><V74/><F125/><W13/><G127/><T96/><D118/><U121/><E121/><V88/><F128/><W59/><G123/><T34/><D34/><U133/><E133/><V75/><F30/><W38/><G59/><T77/><D50/><U122/><E122/><V134/><F134/><W68/><G13/><T81/><D3/><U66/><E24/><V52/><F105/><W43/><G38/><T101/><REACH who="0" step="1"/><D135/><REACH who="0" ten="300,230,230,230" step="2"/><U25/><E1/><V15/><F2/><W98/><REACH who="3" step="1"/><G111/><REACH who="3" ten="300,230,230,220" step="2"/><T29/><D29/><U119/><E119/><V126/><F126/><W14/><G14/><T58/><AGARI ba="1,2" hai="8,10,20,21,23,58,60,67,77,81,85,95,96,101" machi="58" ten="30,18000,2" yaku="1,1,0,1,8,1,53,3" doraHai="120" doraHaiUra="16" who="0" fromWho="0" sc="300,203,230,-61,230,-61,220,-61" /><INIT seed="0,2,0,0,3,33" ten="503,169,169,159" oya="0" hai0="84,0,110,34,107,58,50,82,12,26,83,22,67" hai1="8,13,118,90,76,75,74,77,25,97,3,120,46" hai2="28,44,56,116,36,109,113,88,61,114,59,20,65" hai3="99,19,95,98,41,68,112,115,123,87,64,111,30"/><T127/><D127/><U96/><E3/><V135/><F109/><W11/><G30/><T92/><D107/><U124/><E118/><V128/><F116/><W9/><G111/><T21/><D0/><U52/><E120/><V89/><F135/><W55/><G41/><T48/><D34/><U117/><E117/><V79/><F79/><N who="1" m="30281" /><E75/><V35/><F35/><W80/><G99/><T18/><D92/><U66/><E74/><V102/><F102/><W108/><G108/><T73/><D73/><U62/><E25/><V54/><F128/><W49/><G64/><T24/><D12/><U37/><E37/><V27/><F113/><W105/><G68/><T38/><D22/><U51/><E124/><V7/><F114/><W63/><G63/><T121/><D58/><N who="1" m="37207" /><E90/><V106/><F106/><W70/><G70/><T101/><D24/><U1/><E1/><V103/><F103/><W47/><G123/><T10/><D101/><U130/><E130/><V15/><F44/><W91/><G105/><T81/><D26/><U85/><E85/><V131/><F36/><W119/><G119/><T29/><D84/><U40/><E40/><V43/><F43/><W78/><G115/><T132/><D38/><U71/><E71/><V126/><F131/><W6/><G112/><T45/><D121/><U134/><E134/><V32/><F126/><W5/><G78/><T86/><D86/><U57/><E46/><V23/><F59/><W93/><G47/><T133/><D132/><U122/><E122/><V125/><F125/><W42/><G42/><N who="0" m="24631" /><D110/><U104/><E104/><V129/><F129/><RYUUKYOKU ba="2,0" sc="503,-10,169,30,169,-10,159,-10" hai1="8,13,51,52,57,96,97" /><INIT seed="1,3,0,4,5,93" ten="493,199,159,149" oya="1" hai0="80,43,60,120,14,117,25,97,73,11,30,32,83" hai1="1,116,132,72,124,107,109,100,95,13,55,131,44" hai2="122,118,70,90,47,71,27,104,101,23,79,114,96" hai3="82,87,135,22,123,35,91,63,76,49,50,20,66"/><U98/><E1/><V36/><F118/><W99/><G35/><T89/><D117/><U127/><E116/><V21/><F122/><W0/><G0/><T37/><D120/><U111/><E72/><V102/><F114/><W2/><G2/><T68/><D73/><U108/><E132/><V74/><F90/><W41/><G135/><T110/><D110/><U40/><E131/><V69/><F101/><W34/><G34/><T62/><D43/><U38/><E55/><V39/><F47/><W26/><G123/><T48/><D48/><U128/><E128/><V45/><F45/><W46/><G50/><T4/><D37/><U56/><E56/><V106/><F106/><W19/><G22/><N who="0" m="15671" /><D68/><U7/><E95/><V65/><F65/><W24/><G24/><T134/><D32/><U58/><E58/><V133/><F21/><W103/><G76/><T81/><D134/><U112/><E112/><V105/><F104/><W57/><G103/><T31/><D31/><U115/><E115/><V113/><F133/><W77/><G77/><T29/><D29/><U15/><E7/><V17/><REACH who="2" step="1"/><F113/><REACH who="2" ten="493,199,149,149" step="2"/><W6/><G46/><T88/><D89/><U53/><E53/><V52/><F52/><W75/><G41/><T54/><D54/><U16/><E13/><V18/><F18/><W67/><G67/><T130/><D130/><U94/><E107/><V12/><F12/><W9/><G66/><T8/><D8/><AGARI ba="3,1" hai="8,15,16,38,40,44,94,98,100,108,109,111,124,127" machi="8" ten="40,12000,1" yaku="14,1,10,1,52,1,54,1" doraHai="93" who="1" fromWho="0" sc="493,-129,199,139,149,0,149,0" /><INIT seed="1,4,0,3,4,66" ten="364,338,149,149" oya="1" hai0="56,42,17,61,85,124,74,46,45,135,22,120,41" hai1="115,129,21,131,107,126,77,134,116,80,92,102,43" hai2="23,112,87,70,14,83,125,90,11,36,53,117,68" hai3="7,78,91,12,58,97,98,3,105,35,29,64,6"/><U99/><E43/><V8/><F117/><W118/><G118/><T103/><D74/><N who="1" m="43063" /><E21/><V44/><F125/><W65/><G3/><T121/><D103/><U109/><E116/><V31/><F112/><W82/><G98/><T18/><D124/><U4/><E4/><V75/><F75/><W27/><G12/><T79/><D135/><U28/><E28/><V127/><F127/><W49/><G65/><T69/><D69/><U111/><E126/><V67/><F67/><W13/><G13/><T72/><D72/><U10/><E10/><V71/><F53/><W108/><G49/><T24/><D17/><U0/><E0/><V39/><F44/><N who="0" m="17002" /><D121/><U119/><E119/><V5/><REACH who="2" step="1"/><F8/><REACH who="2" ten="364,338,139,149" step="2"/><W86/><G64/><N who="0" m="38951" /><D120/><U19/><E115/><V113/><F113/><W81/><G58/><T52/><D52/><U9/><E9/><V132/><F132/><W133/><G133/><T30/><D42/><U110/><E134/><V114/><F114/><W59/><G59/><T15/><D41/><U63/><E63/><V96/><F96/><W130/><G97/><T128/><D85/><U33/><E33/><V122/><F122/><W40/><G86/><T54/><D54/><U50/><E50/><V60/><F60/><W55/><G35/><T38/><D38/><U34/><E34/><V48/><F48/><W57/><G40/><T95/><D22/><U106/><E19/><V76/><F76/><W101/><G78/><T37/><D18/><U26/><E107/><V104/><F104/><W51/><G55/><T1/><D37/><U16/><E106/><V123/><F123/><RYUUKYOKU ba="4,1" sc="364,-15,338,15,139,15,149,-15" hai1="16,26,92,99,102,109,110,111,129,131" hai2="5,11,14,23,31,36,39,68,70,71,83,87,90" /><INIT seed="1,5,1,2,5,2" ten="349,353,154,134" oya="1" hai0="71,3,109,32,62,99,1,128,54,65,69,17,38" hai1="18,53,61,131,46,112,87,85,77,36,83,108,75" hai2="29,28,16,35,14,70,56,51,67,68,41,91,105" hai3="101,115,130,76,98,81,84,33,44,120,116,106,119"/><U100/><E112/><V9/><F105/><W74/><G33/><T125/><D109/><U107/><E108/><V103/><F103/><W72/><G44/><T27/><D125/><U12/><E131/><V0/><F0/><W95/><G115/><T21/><D128/><U118/><E118/><N who="3" m="45098" /><G130/><T23/><D32/><U135/><E135/><V124/><F124/><W6/><G6/><T123/><D123/><U82/><E75/><N who="3" m="28714" /><G106/><T31/><D38/><U117/><E117/><V122/><F122/><AGARI ba="5,1" hai="76,81,84,95,98,101,120,122" m="28714,45098" machi="122" ten="30,3900,0" yaku="12,1,34,2" doraHai="2" who="3" fromWho="2" sc="349,0,353,0,154,-54,134,64" /><INIT seed="2,0,0,3,5,63" ten="349,353,100,198" oya="2" hai0="97,123,77,42,79,1,33,105,95,65,66,127,68" hai1="34,29,86,80,87,67,18,69,9,62,110,28,16" hai2="135,7,27,55,81,84,56,48,19,38,58,118,113" hai3="102,49,76,59,64,17,94,122,4,108,78,111,12"/><V73/><F113/><W43/><G122/><T20/><D123/><U50/><E110/><V107/><F118/><W109/><G4/><T131/><D33/><U14/><E34/><V74/><F107/><W85/><G64/><N who="0" m="24683" /><D68/><U72/><E72/><V22/><F135/><W35/><G35/><T26/><D1/><U71/><E71/><V89/><F38/><W24/><G24/><T10/><D105/><U88/><E50/><V60/><REACH who="2" step="1"/><F7/><REACH who="2" ten="349,353,90,198" step="2"/><W57/><G111/><T37/><D37/><U93/><REACH who="1" step="1"/><E18/><REACH who="1" ten="349,343,90,198" step="2"/><V70/><F70/><W44/><G17/><T13/><D127/><U53/><E53/><AGARI ba="0,2" hai="19,22,27,48,53,55,56,58,60,73,74,81,84,89" machi="53" ten="30,2900,0" yaku="1,1,7,1,53,0" doraHai="63" doraHaiUra="119" who="2" fromWho="1" sc="349,0,343,-29,90,49,198,0" /><INIT seed="2,1,0,0,1,67" ten="349,314,139,198" oya="2" hai0="19,59,41,107,78,117,22,57,116,53,0,91,15" hai1="25,21,4,74,40,18,79,70,61,7,3,77,84" hai2="33,111,43,28,13,36,95,131,49,75,99,17,39" hai3="130,90,56,10,46,54,32,47,103,8,101,24,108"/><V34/><F75/><W20/><G108/><T76/><D0/><U31/><E40/><V9/><F111/><W60/><G32/><T81/><D107/><U105/><E105/><V89/><F131/><W29/><G130/><T129/><D41/><U45/><E45/><N who="3" m="16906" /><G90/><T134/><D59/><U125/><E125/><V109/><F109/><W98/><G98/><T82/><D134/><U100/><E100/><AGARI ba="1,0" hai="8,10,20,24,29,54,56,60,100,101,103" m="16906" machi="100" ten="30,1000,0" yaku="8,1" doraHai="67" who="3" fromWho="1" sc="349,0,314,-13,139,0,198,13" /><INIT seed="3,0,0,4,0,46" ten="349,301,139,211" oya="3" hai0="107,98,87,15,90,63,91,89,93,110,129,92,22" hai1="60,97,31,54,118,104,2,1,39,131,69,30,64" hai2="106,85,23,4,127,45,34,8,81,67,6,28,102" hai3="17,103,109,42,33,128,11,47,135,71,41,38,77"/><W16/><G135/><T58/><D110/><U3/><E39/><V76/><F127/><W96/><G71/><T121/><D129/><U120/><E120/><V21/><F34/><W44/><G128/><T53/><D107/><U124/><E131/><V48/><F67/><W36/><G109/><T101/><D121/><U130/><E130/><V74/><F74/><W105/><G33/><T26/><D15/><U52/><E124/><V18/><F28/><AGARI ba="0,0" hai="22,26,28,53,58,63,87,89,90,91,92,93,98,101" machi="28" ten="30,2000,0" yaku="7,1,8,1" doraHai="46" who="0" fromWho="2" sc="349,20,301,0,139,-20,211,0" owari="369,46.9,301,10.1,119,-38.1,211,-18.9" /></mjloggm>