<mjloggm ver="2.3"><GO type="225" lobby="0"/><UN n0="%77%72%77%72%77%72%77%72" n1="%28%EF%BF%A3%E2%96%BD%EF%BF%A3%29%CE%B4%E2%8C%92%E3%83%BB" n2="%E3%82%B3%E3%83%90%E3%83%AC%E3%82%A4" n3="%72%69%6F%75%63%68%61%6E" dan="17,16,16,16" rate="2163.89,2086.28,2104.29,2252.23" sx="M,M,M,M"/><TAIKYOKU oya="0"/><INIT seed="0,0,0,4,5,131" ten="250,250,250,250" oya="0" hai0="56,2,41,125,30,75,14,31,32,100,38,97,9" hai1="126,91,94,8,5,26,129,78,122,84,57,34,52" hai2="4,60,42,21,68,65,66,39,11,128,104,73,3" hai3="47,18,98,29,49,33,48,44,86,112,115,22,70"/><T105/><D125/><U71/><E71/><V117/><F117/><W121/><G70/><T106/><D75/><U43/><E129/><V133/><F128/><W90/><G121/><T111/><D111/><U62/><E122/><V6/><F21/><W95/><G33/><T123/><D123/><U7/><E126/><V87/><F87/><W114/><G29/><T54/><D2/><U0/><E7/><V25/><F25/><W36/><G44/><T61/><D106/><U135/><E43/><V102/><F6/><W59/><G59/><T89/><D32/><U81/><E135/><V10/><F10/><W53/><G48/><T88/><D41/><U82/><REACH who="1" step="1"/><E78/><REACH who="1" ten="250,240,250,250" step="2"/><V85/><F133/><W76/><G76/><T74/><D38/><U134/><E134/><V99/><F68/><W110/><G110/><T15/><D74/><U20/><E20/><V17/><F73/><W124/><G124/><T80/><D9/><U23/><E23/><V92/><F42/><W108/><G108/><T113/><D113/><U16/><E16/><V55/><F17/><W37/><REACH who="3" step="1"/><G86/><REACH who="3" ten="250,240,250,240" step="2"/><T12/><D30/><AGARI ba="0,2" hai="0,5,8,26,30,34,52,57,62,81,82,84,91,94" machi="30" ten="40,2600,0" yaku="1,1,54,1,53,0" doraHai="131" doraHaiUra="118" who="1" fromWho="0" sc="250,-26,240,46,250,0,240,0" /><INIT seed="1,0,0,2,1,45" ten="224,286,250,240" oya="1" hai0="87,39,8,4,22,64,129,123,40,68,28,92,84" hai1="18,21,128,1,53,89,104,47,29,55,102,116,15" hai2="107,0,13,43,37,30,113,88,32,125,126,70,69" hai3="91,105,124,101,71,42,54,94,36,59,99,33,118"/><U106/><E1/><V117/><F107/><W79/><G124/><N who="2" m="47721" /><F0/><W51/><G118/><T12/><D129/><U134/><E116/><V34/><F117/><W52/><G33/><T85/><D123/><U25/><E128/><V72/><F72/><W103/><G71/><T110/><D110/><U97/><E134/><V35/><F30/><W122/><G122/><T73/><D73/><U112/><E112/><V82/><F13/><W5/><G79/><T76/><D68/><U132/><E132/><V61/><F61/><W135/><G135/><T26/><D64/><U114/><E114/><V56/><F56/><W23/><G5/><T14/><D14/><U133/><E133/><V9/><F9/><W24/><G105/><T90/><REACH who="0" step="1"/><D76/><REACH who="0" ten="214,286,250,240" step="2"/><U65/><E65/><V93/><F113/><W78/><G78/><T50/><D50/><U130/><E130/><V127/><F127/><W27/><G27/><T20/><D20/><U109/><E109/><V49/><F37/><W3/><G3/><T77/><D77/><U11/><E15/><V17/><F70/><W131/><G131/><T46/><AGARI ba="0,1" hai="4,8,12,22,26,28,39,40,46,84,85,87,90,92" machi="46" ten="30,2000,0" yaku="1,1,0,1,53,0" doraHai="45" doraHaiUra="74" who="0" fromWho="0" sc="214,30,286,-10,250,-5,240,-5" /><INIT seed="2,0,0,5,3,65" ten="244,276,245,235" oya="2" hai0="112,0,55,122,43,67,24,22,80,105,26,3,23" hai1="49,123,59,11,76,46,66,25,34,10,61,94,33" hai2="20,1,6,133,135,51,124,37,89,110,39,84,8" hai3="81,28,52,21,27,18,4,116,96,103,45,30,118"/><V2/><F2/><W58/><G4/><T134/><D105/><U82/><E123/><V63/><F124/><W100/><G45/><T41/><D122/><U113/><E113/><V107/><F107/><W93/><G103/><T87/><D112/><U83/><E94/><V121/><F121/><W57/><G57/><T117/><D117/><U125/><E125/><V5/><F6/><W62/><REACH who="3" step="1"/><G81/><REACH who="3" ten="244,276,245,225" step="2"/><T108/><D80/><U75/><E83/><V53/><F135/><W13/><G13/><T9/><D134/><U64/><E82/><V72/><F133/><W120/><G120/><T16/><D0/><U73/><E59/><V48/><F72/><W78/><G78/><T71/><D3/><U31/><E76/><V132/><F132/><W131/><G131/><T99/><D43/><U32/><E46/><V47/><F39/><W130/><G130/><T127/><D41/><U106/><E73/><V77/><F77/><W98/><G98/><T92/><D99/><U69/><E75/><V111/><F37/><W102/><G102/><T74/><D74/><U70/><E106/><V38/><F38/><W60/><G60/><N who="0" m="40423" /><D127/><U14/><E14/><V15/><F63/><W90/><G90/><N who="0" m="53343" /><D55/><U88/><E61/><V119/><F51/><W85/><G85/><T68/><D68/><U12/><E70/><V128/><F128/><W104/><G104/><T101/><D101/><U7/><E69/><V19/><F119/><AGARI ba="0,1" hai="18,21,27,28,30,52,58,62,93,96,100,116,118,119" machi="119" ten="40,5200,0" yaku="1,1,54,1,53,1" doraHai="65" doraHaiUra="97" who="3" fromWho="2" sc="244,0,276,0,245,-52,225,62" /><INIT seed="3,0,0,2,4,42" ten="244,276,193,287" oya="3" hai0="25,6,118,26,60,19,131,105,8,95,112,75,69" hai1="92,64,102,20,129,113,57,55,51,99,91,128,81" hai2="78,109,130,82,111,98,84,24,40,134,108,123,70" hai3="56,85,14,116,29,36,33,23,10,18,49,127,22"/><W52/><G116/><T21/><D118/><U89/><E113/><V47/><F70/><W37/><G127/><T110/><D105/><U115/><E115/><V30/><F123/><W3/><G85/><T68/><D75/><U87/><E64/><V39/><F134/><W67/><G67/><T104/><D104/><U15/><E15/><V17/><F98/><W124/><G124/><T101/><D112/><U59/><E20/><V86/><F130/><N who="1" m="50281" /><E59/><V106/><F106/><W133/><G133/><T80/><D80/><U71/><E71/><V132/><F132/><W34/><G23/><T125/><D110/><U4/><E4/><V16/><REACH who="2" step="1"/><F86/><REACH who="2" ten="244,276,183,287" step="2"/><W88/><G34/><AGARI ba="0,1" hai="16,17,24,30,34,39,40,47,78,82,84,108,109,111" machi="34" ten="40,12000,2" yaku="1,1,2,1,14,1,52,1,54,1,53,1" doraHai="42" doraHaiUra="28" who="2" fromWho="3" sc="244,0,276,0,183,130,287,-120" owari="244,-15.6,276,7.6,313,41.3,167,-33.3" /></mjloggm>