<mjloggm ver="2.3"><GO type="225" lobby="0"/><UN n0="%E3%82%A2%E3%83%A1%E3%82%A2%E3%83%A9%E3%83%AC" n1="%E3%83%81%E3%83%AF%E3%83%AF%E9%9A%8A%E9%95%B7" n2="%E7%89%8C%E6%B5%81%E7%8A%B6%E6%85%8B%E9%BA%BB%E9%9B%80" n3="%E3%82%A4%E3%83%A2%E3%82%BF%E3%83%AC" dan="16,17,17,17" rate="2147.37,2220.14,2193.22,2215.92" sx="M,M,M,F"/><TAIKYOKU oya="0"/><INIT seed="0,0,0,4,0,33" ten="250,250,250,250" oya="0" hai0="122,79,72,88,76,12,41,128,126,131,35,53,31" hai1="109,96,11,58,129,121,50,43,110,7,34,71,52" hai2="47,28,98,56,127,22,10,80,111,120,115,1,30" hai3="105,63,49,15,54,89,135,6,44,18,81,125,123"/><T67/><D122/><U27/><E121/><V38/><F120/><W132/><G105/><T119/><D119/><U117/><E117/><V82/><F115/><W78/><G123/><T106/><D106/><U101/><E71/><V14/><F111/><N who="1" m="42505" /><E129/><N who="0" m="49737" /><D72/><U91/><E43/><V70/><F70/><W104/><G6/><T124/><D67/><U118/><E118/><V86/><F98/><W69/><G104/><T42/><D12/><U87/><E101/><V36/><F56/><W48/><G125/><N who="0" m="48235" /><D53/><U108/><E108/><V9/><F14/><W97/><G69/><T77/><D88/><U3/><E96/><V66/><F66/><W21/><G89/><T60/><D60/><U102/><E102/><V40/><F127/><W133/><G97/><T29/><D35/><U65/><E65/><V20/><F86/><W0/><G63/><T113/><D113/><U130/><E130/><V2/><F40/><AGARI ba="0,0" hai="29,31,40,41,42,76,77,79" m="48235,49737" machi="40" ten="40,12000,1" yaku="28,2,19,1,18,1" doraHai="33" who="0" fromWho="2" sc="250,120,250,0,250,-120,250,0" /><INIT seed="0,1,0,2,3,59" ten="370,250,130,250" oya="0" hai0="116,42,128,135,0,84,68,51,77,97,30,87,41" hai1="20,107,6,110,92,18,90,14,117,98,64,26,96" hai2="126,120,95,75,40,102,69,70,16,114,25,43,38" hai3="33,39,55,53,45,105,134,32,66,131,82,22,93"/><T23/><D116/><U115/><E117/><V57/><F114/><W99/><G105/><T62/><D0/><U15/><E115/><V100/><F120/><W27/><G131/><T21/><D128/><U130/><E130/><V81/><F126/><W46/><G134/><T129/><D129/><U78/><E110/><V133/><F133/><W85/><G66/><T47/><D135/><U2/><E78/><V94/><F57/><W121/><G33/><T101/><D41/><U86/><E64/><V37/><F25/><W79/><G32/><T5/><D5/><U74/><E74/><V31/><F81/><W104/><G104/><T3/><D3/><U106/><E106/><V60/><F75/><W9/><G9/><T73/><D30/><U35/><E107/><V113/><F113/><W24/><G24/><T63/><D73/><U83/><E83/><V13/><F13/><W125/><G125/><T54/><D68/><U4/><E14/><V7/><F31/><W36/><G36/><T88/><D77/><U44/><E6/><V67/><F67/><W127/><G127/><T11/><D11/><N who="1" m="2455" /><E44/><N who="3" m="17002" /><G39/><T17/><D47/><U58/><E58/><V56/><F56/><W118/><G118/><T119/><D119/><U29/><AGARI ba="1,0" hai="15,18,20,26,29,35,86,90,92,96,98" m="2455" machi="29" ten="30,1100,0" yaku="24,1" doraHai="59" who="1" fromWho="1" sc="370,-6,250,14,130,-4,250,-4" /><INIT seed="1,0,0,1,4,27" ten="364,264,126,246" oya="1" hai0="13,19,108,90,114,86,131,23,6,118,29,58,57" hai1="110,89,122,99,8,88,35,66,129,100,111,103,95" hai2="44,101,14,83,25,52,82,63,53,54,5,38,39" hai3="21,18,17,104,73,87,15,79,43,126,24,115,28"/><U68/><E122/><V93/><F63/><W123/><G123/><T75/><D118/><U45/><E129/><V1/><F1/><W85/><G104/><T37/><D75/><U112/><E112/><V81/><F44/><W105/><G105/><T116/><D116/><U133/><E133/><V59/><F59/><W107/><G107/><T78/><D108/><N who="1" m="41515" /><E35/><V55/><N who="2" m="13312" /><DORA hai="76" /><V0/><F0/><W34/><G115/><T77/><D37/><U61/><E45/><V50/><F50/><W120/><G120/><T125/><D125/><U16/><E89/><V47/><F47/><W62/><G43/><T117/><D131/><U74/><E74/><V32/><F14/><AGARI ba="0,0" hai="8,14,16,61,66,68,88,95,99,100,103" m="41515" machi="14" ten="30,11600,0" yaku="14,1,10,1,54,2" doraHai="27,76" who="1" fromWho="2" sc="364,0,264,116,126,-116,246,0" /><INIT seed="1,1,0,2,2,37" ten="364,380,10,246" oya="1" hai0="109,34,119,108,73,94,133,31,79,115,100,26,58" hai1="128,84,54,82,66,43,17,16,32,21,25,18,71" hai2="111,95,87,107,10,6,75,38,57,127,130,102,105" hai3="42,74,123,83,60,47,88,104,70,14,122,126,48"/><U124/><E128/><V131/><F38/><W103/><G126/><T64/><D115/><U59/><E124/><V39/><F127/><W112/><G112/><T5/><D119/><U15/><E43/><V89/><F39/><W4/><G104/><T129/><D129/><N who="2" m="49162" /><F111/><N who="0" m="42570" /><D133/><U69/><E32/><V40/><F75/><W52/><G103/><T55/><D5/><U65/><E69/><V106/><F57/><W61/><G70/><T116/><D64/><N who="1" m="24683" /><E71/><V97/><F40/><W45/><G74/><T12/><D12/><AGARI ba="1,0" hai="6,10,12,87,89,95,97,102,105,106,107" m="49162" machi="12" ten="30,1000,0" yaku="19,1" doraHai="37" who="2" fromWho="0" sc="364,-13,380,0,10,13,246,0" /><INIT seed="2,0,0,4,5,122" ten="351,380,23,246" oya="2" hai0="2,1,66,113,128,55,59,52,46,118,34,14,68" hai1="35,45,65,62,130,103,44,72,76,75,48,10,90" hai2="29,93,33,134,132,22,40,106,77,127,69,135,100" hai3="36,25,85,12,61,108,83,86,6,3,47,94,58"/><V89/><F33/><W5/><G3/><T120/><D113/><U13/><E35/><V53/><F69/><W28/><G108/><T126/><D120/><U129/><E103/><V15/><F127/><W73/><G73/><T38/><D126/><U98/><E44/><V109/><F77/><W37/><G94/><T16/><D34/><U105/><E105/><V51/><F40/><W133/><G86/><T70/><D128/><N who="1" m="49259" /><E76/><V102/><F106/><W71/><G71/><T74/><D74/><U7/><E90/><V79/><F79/><W87/><G87/><T9/><D70/><N who="1" m="42295" /><E98/><N who="2" m="57647" /><F109/><W101/><G101/><T78/><D78/><U4/><E4/><V95/><F95/><W81/><G81/><T116/><D68/><U104/><E104/><V54/><F54/><AGARI ba="0,0" hai="7,10,13,45,48,54,72,75" m="42295,49259" machi="54" ten="30,1000,0" yaku="19,1" doraHai="122" who="1" fromWho="2" sc="351,0,380,10,23,-10,246,0" /><INIT seed="3,0,0,3,3,127" ten="351,390,13,246" oya="3" hai0="6,73,77,69,62,50,106,44,109,61,63,19,3" hai1="92,78,102,114,112,58,22,135,37,15,31,130,94" hai2="108,81,104,86,27,66,79,129,128,119,125,111,67" hai3="42,54,1,93,96,12,84,64,59,107,65,4,48"/><W121/><G107/><T110/><D106/><U8/><E37/><V28/><F104/><W21/><G1/><T122/><D122/><U38/><E38/><V13/><F119/><W105/><G105/><T100/><D100/><U118/><E118/><V99/><F125/><W72/><G72/><T35/><D35/><U124/><E124/><V43/><F99/><W29/><G121/><T53/><D19/><U117/><E117/><V2/><F2/><W115/><G115/><T95/><D95/><U133/><E78/><V98/><F98/><W9/><G84/><T10/><REACH who="0" step="1"/><D69/><REACH who="0" ten="341,390,13,246" step="2"/><U68/><E68/><V30/><F43/><W97/><G42/><T5/><D5/><U46/><E102/><V11/><F108/><W116/><G116/><T14/><D14/><U49/><E15/><V120/><F111/><W39/><G39/><T132/><D132/><U91/><E135/><V103/><F120/><W90/><REACH who="3" step="1"/><G97/><REACH who="3" ten="341,390,13,236" step="2"/><T34/><D34/><U60/><E133/><V83/><F103/><W123/><G123/><T101/><D101/><U85/><E112/><V33/><F83/><AGARI ba="0,2" hai="3,6,10,44,50,53,61,62,63,73,77,83,109,110" machi="83" ten="40,1300,0" yaku="1,1,53,0" doraHai="127" doraHaiUra="23" who="0" fromWho="2" sc="341,33,390,0,13,-13,236,0" owari="374,17.4,390,49.0,0,-50.0,236,-16.4" /></mjloggm>