<mjloggm ver="2.3"><GO type="225" lobby="0"/><UN n0="%E3%81%99%E3%81%84%E3%81%BE%E3%81%9B%E3%83%BC%E3%82%93" n1="%73%6C%69%63%6B%33%31%39" n2="%E3%82%BD%E3%83%83%E3%82%AF%E3%82%B9%E2%99%AA" n3="%E3%81%9D%E3%81%8A%E3%81%9D%E3%81%9D" dan="16,16,16,16" rate="2203.85,2109.09,2059.84,2088.15" sx="M,M,M,M"/><TAIKYOKU oya="0"/><INIT seed="0,0,0,2,0,18" ten="250,250,250,250" oya="0" hai0="27,17,5,117,13,124,22,6,90,127,125,97,134" hai1="82,107,67,59,75,81,46,65,103,132,0,49,39" hai2="4,100,79,88,123,69,121,92,19,89,135,68,85" hai3="33,52,113,110,41,21,98,51,44,14,133,31,130"/><T99/><D117/><U104/><E0/><V32/><F32/><W36/><G113/><T56/><D134/><U37/><E132/><V9/><F135/><W61/><G133/><T15/><D56/><U26/><E75/><V11/><F100/><W63/><G110/><T128/><D128/><U16/><E39/><V70/><F79/><W30/><G130/><T23/><D15/><U29/><E37/><V76/><F76/><W122/><G122/><T83/><D83/><N who="1" m="31755" /><E107/><V57/><F89/><W12/><G33/><T119/><D119/><U78/><E78/><V38/><F38/><W91/><G91/><T116/><D116/><U102/><E104/><V80/><F80/><W96/><G98/><N who="0" m="37387" /><D90/><U35/><E29/><AGARI ba="0,0" hai="5,6,13,17,22,23,27,29,124,125,127" m="37387" machi="29" ten="30,5800,0" yaku="18,1,52,2" doraHai="18" who="0" fromWho="1" sc="250,58,250,-58,250,0,250,0" /><INIT seed="0,1,0,5,4,29" ten="308,192,250,250" oya="0" hai0="72,58,101,63,77,129,78,9,71,67,51,124,5" hai1="4,2,96,62,15,34,73,8,18,59,49,27,45" hai2="123,24,44,97,106,99,0,112,64,46,30,92,35" hai3="28,50,110,76,108,20,70,38,7,127,16,87,98"/><T10/><D124/><U130/><E73/><V48/><F123/><W36/><G127/><T55/><D129/><U60/><E130/><V122/><F122/><W89/><G70/><T126/><D126/><U12/><E96/><V133/><F133/><W117/><G117/><T94/><D72/><U43/><E2/><V95/><F112/><W111/><G76/><T79/><REACH who="0" step="1"/><D5/><REACH who="0" ten="298,192,250,250" step="2"/><U125/><E125/><V66/><F106/><W21/><G7/><T68/><D68/><U100/><E100/><V134/><F134/><W119/><G111/><T102/><D102/><U31/><REACH who="1" step="1"/><E59/><REACH who="1" ten="298,182,250,250" step="2"/><V91/><F0/><W3/><G3/><T90/><D90/><U113/><E113/><V135/><F135/><W80/><G89/><T11/><D11/><AGARI ba="1,2" hai="4,8,11,12,15,18,27,31,34,43,45,49,60,62" machi="11" ten="30,3900,0" yaku="1,1,7,1,52,1,53,0" doraHai="29" doraHaiUra="131" who="1" fromWho="0" sc="298,-42,182,62,250,0,250,0" /><INIT seed="1,0,0,3,1,86" ten="256,244,250,250" oya="1" hai0="130,128,21,33,82,92,93,31,29,34,18,48,5" hai1="40,122,124,53,88,110,133,2,52,0,12,114,75" hai2="121,77,59,38,90,6,70,47,9,11,28,23,97" hai3="79,15,111,103,42,129,69,87,25,89,57,22,132"/><U72/><E114/><V78/><F121/><W66/><G69/><T73/><D5/><U30/><E122/><V85/><F70/><W8/><G79/><N who="0" m="44399" /><D48/><U120/><E120/><V37/><F59/><W118/><G42/><T50/><D50/><U95/><E40/><V108/><F108/><W32/><G32/><N who="0" m="12395" /><D31/><U55/><E110/><V115/><F115/><W27/><G111/><T74/><D74/><U17/><E124/><V104/><F28/><W36/><G36/><T99/><D99/><U127/><E133/><V96/><F23/><W20/><G103/><T16/><D29/><U3/><E30/><V76/><F11/><W67/><G132/><T35/><D35/><U102/><E102/><V1/><F47/><W135/><G135/><T109/><D18/><U119/><E119/><V13/><F13/><W60/><G67/><T62/><D62/><U94/><E94/><V49/><F49/><W80/><G118/><T125/><D125/><U91/><E91/><V7/><F7/><N who="3" m="3487" /><G129/><N who="0" m="49771" /><D109/><U61/><E61/><V84/><F84/><W83/><G80/><T123/><D123/><U58/><E58/><V107/><F37/><W117/><G117/><T100/><D100/><U39/><E39/><V112/><F112/><W126/><G126/><T101/><D101/><U19/><E19/><V4/><F4/><W43/><G43/><T45/><D45/><U131/><E131/><V71/><F38/><W41/><G41/><T134/><D134/><U113/><E113/><V116/><F116/><W63/><G60/><T81/><D81/><U46/><E127/><V26/><F6/><RYUUKYOKU ba="0,0" sc="256,15,244,-15,250,-15,250,15" hai0="16,21,92,93" hai3="20,22,25,27,57,63,66,83,87,89" /><INIT seed="2,1,0,0,3,48" ten="271,229,235,265" oya="2" hai0="15,58,127,115,114,97,128,85,124,51,9,39,99" hai1="88,11,82,19,65,98,0,76,80,110,67,55,35" hai2="54,13,18,100,121,83,95,84,21,62,5,116,6" hai3="87,122,30,101,59,14,74,91,112,70,61,90,42"/><V133/><F116/><W108/><G122/><T123/><D123/><U32/><E110/><V27/><F121/><W120/><G120/><T2/><D2/><U111/><E111/><V50/><F133/><W68/><G74/><T8/><D39/><U118/><E118/><V107/><F107/><W45/><G108/><T52/><D128/><U12/><E0/><V22/><F62/><W38/><G112/><N who="0" m="43051" /><D85/><N who="1" m="48263" /><E32/><V113/><F113/><W132/><G132/><T94/><D99/><U47/><E35/><V23/><F100/><W130/><G130/><T125/><D15/><U131/><E131/><V57/><F95/><W79/><G79/><T105/><D105/><U16/><E19/><V81/><F81/><W78/><G78/><T73/><D73/><U31/><E31/><N who="2" m="17903" /><F22/><W92/><G101/><AGARI ba="1,0" hai="8,9,51,52,58,94,97,101,124,125,127" m="43051" machi="101" ten="40,5200,0" yaku="18,1,52,1,54,1" doraHai="48" who="0" fromWho="3" sc="271,55,229,0,235,0,265,-55" /><INIT seed="3,0,0,3,0,82" ten="326,229,235,210" oya="3" hai0="25,91,133,70,130,66,10,127,11,73,45,60,123" hai1="2,104,46,21,44,75,119,85,129,131,106,115,18" hai2="128,121,88,114,48,55,43,100,61,89,120,78,96" hai3="37,41,67,53,111,103,15,97,8,62,90,5,74"/><W12/><G74/><T118/><D118/><U112/><E75/><V22/><F114/><N who="1" m="43561" /><E2/><V124/><F124/><W29/><G111/><T72/><D130/><N who="1" m="49675" /><E85/><V116/><F128/><W81/><G29/><T107/><D107/><N who="1" m="41003" /><E119/><V105/><F116/><W56/><G37/><T135/><D73/><U31/><E31/><V28/><F61/><W4/><G41/><T57/><D60/><U63/><E63/><V125/><F125/><W30/><G30/><T68/><D127/><U132/><E132/><V16/><F78/><W1/><G5/><T40/><D72/><U3/><E3/><V84/><F43/><W93/><REACH who="3" step="1"/><G67/><REACH who="3" ten="326,229,235,200" step="2"/><T80/><D66/><U14/><AGARI ba="0,1" hai="14,18,21,44,46" m="41003,49675,43561" machi="14" ten="40,1500,0" yaku="19,1" doraHai="82" who="1" fromWho="1" sc="326,-4,229,25,235,-4,200,-7" owari="322,42.2,254,5.4,231,-16.9,193,-30.7" /></mjloggm>