<mjloggm ver="2.3"><GO type="225" lobby="0"/><UN n0="%33%74%72%65%65" n1="%61%6D%65%6B%69" n2="%E3%83%81%E3%83%AF%E3%83%AF%E9%9A%8A%E9%95%B7" n3="%E6%98%BC%E4%B8%8B%E3%81%8C%E3%82%8A%E3%81%AE%E5%9B%A3%E5%9C%B0%E5%A6%BB" dan="16,16,17,16" rate="2138.54,2076.10,2205.00,2166.54" sx="F,M,M,F"/><TAIKYOKU oya="0"/><INIT seed="0,0,0,2,0,104" ten="250,250,250,250" oya="0" hai0="110,103,84,40,72,36,92,76,99,106,62,135,96" hai1="133,91,68,54,39,17,132,82,18,114,93,105,89" hai2="69,10,55,80,1,60,23,51,134,16,109,31,37" hai3="50,61,57,97,77,49,0,52,122,98,11,81,107"/><T87/><D36/><U111/><E105/><V25/><F37/><W41/><G122/><T83/><D40/><U30/><E39/><V73/><F109/><W66/><G107/><T48/><D48/><U123/><E123/><V27/><F134/><N who="1" m="51817" /><E111/><V101/><F101/><W22/><G41/><T43/><D43/><U130/><E130/><V2/><F69/><W90/><G90/><N who="0" m="55319" /><D62/><U53/><E114/><V71/><F10/><W33/><G33/><T45/><D45/><U56/><E30/><V29/><F29/><W67/><G49/><T24/><D24/><U64/><E82/><V88/><F60/><W131/><G131/><T32/><D32/><U94/><E64/><V65/><F65/><W78/><G67/><T124/><D135/><U117/><E117/><V125/><F71/><W58/><G66/><T26/><D26/><U100/><E100/><V7/><F7/><W115/><G61/><T63/><D63/><U113/><E68/><V9/><F9/><W15/><G115/><T8/><D8/><U3/><E3/><V95/><F25/><W44/><G44/><T47/><D47/><U42/><E42/><V21/><F21/><W14/><G57/><T74/><D110/><U129/><E56/><N who="2" m="32895" /><F31/><W5/><G0/><T19/><D19/><N who="1" m="7179" /><E129/><V102/><F1/><W12/><G22/><T75/><D124/><U46/><E46/><V121/><F125/><W6/><G58/><T118/><D118/><U79/><E113/><V13/><F2/><W126/><G126/><T20/><D20/><U38/><E38/><V59/><F23/><W70/><G11/><RYUUKYOKU ba="0,0" sc="250,30,250,-10,250,-10,250,-10" hai0="72,74,75,76,83,84,87,99,103,106" /><INIT seed="0,1,0,2,4,38" ten="280,240,240,240" oya="0" hai0="90,21,130,39,64,57,123,15,108,121,97,47,43" hai1="132,77,135,72,2,22,7,30,4,73,62,75,104" hai2="20,84,96,70,14,109,50,120,67,126,9,118,111" hai3="27,29,63,37,54,114,51,46,23,103,61,24,91"/><T28/><D130/><U76/><E104/><V56/><F120/><W133/><G114/><T34/><D108/><U41/><E62/><V115/><F115/><W82/><G133/><N who="1" m="51274" /><E2/><V69/><F118/><W119/><G119/><T131/><D131/><U53/><E53/><V6/><F126/><W83/><G103/><T134/><D134/><U55/><E55/><N who="2" m="31863" /><F67/><W106/><G106/><T40/><D40/><U105/><E105/><V127/><F127/><W12/><G37/><T92/><D64/><U94/><E94/><V100/><F84/><N who="3" m="50583" /><G27/><T87/><D57/><U110/><E41/><V129/><F129/><W66/><G66/><T125/><D125/><U17/><E30/><V10/><F109/><W74/><G74/><T0/><D0/><U35/><E35/><V68/><F111/><W11/><G83/><T25/><REACH who="0" step="1"/><D87/><REACH who="0" ten="270,240,240,240" step="2"/><U101/><E110/><V93/><F69/><W52/><G54/><T71/><D71/><U60/><E75/><V113/><F68/><W78/><G78/><T122/><D122/><U31/><E73/><V13/><F70/><W86/><G86/><T85/><D85/><U8/><E72/><V42/><F113/><W33/><G33/><T19/><AGARI ba="1,1" hai="15,19,21,25,28,34,39,43,47,90,92,97,121,123" machi="19" ten="30,6000,0" yaku="1,1,0,1,52,1,53,0" doraHai="38" doraHaiUra="112" who="0" fromWho="0" sc="270,73,240,-21,240,-21,240,-21" /><INIT seed="0,2,0,2,0,62" ten="343,219,219,219" oya="0" hai0="16,51,6,110,8,46,112,59,125,118,90,82,100" hai1="69,77,129,26,14,61,121,38,43,114,111,5,10" hai2="18,119,50,135,132,55,3,126,122,117,81,130,87" hai3="22,109,65,115,31,36,84,106,108,34,19,54,12"/><T0/><D112/><U67/><E121/><V11/><F122/><W23/><G115/><T15/><D118/><N who="2" m="45066" /><F126/><W74/><G74/><T91/><D125/><U85/><E114/><V79/><F130/><W97/><G36/><T28/><D110/><N who="3" m="42601" /><G84/><T105/><D28/><U113/><E113/><V127/><F127/><W94/><G54/><T48/><D105/><U39/><E111/><V92/><F92/><W83/><G83/><T9/><D100/><U66/><E129/><V21/><F3/><W80/><G80/><T73/><D59/><U4/><E4/><V24/><F11/><W27/><G106/><T29/><D29/><U75/><E75/><V104/><F104/><W76/><G76/><T98/><D98/><U32/><E43/><V86/><F86/><W64/><G34/><T41/><REACH who="0" step="1"/><D51/><REACH who="0" ten="333,219,219,219" step="2"/><U52/><E39/><V93/><F93/><W30/><G30/><T13/><D13/><U2/><E38/><V78/><F78/><AGARI ba="2,1" hai="0,6,8,9,15,16,41,46,48,73,78,82,90,91" machi="78" ten="40,3900,0" yaku="1,1,54,1,53,0" doraHai="62" doraHaiUra="123" who="0" fromWho="2" sc="333,55,219,0,219,-45,219,0" /><INIT seed="0,3,0,3,0,113" ten="388,219,174,219" oya="0" hai0="73,52,68,34,75,41,121,26,6,1,70,134,92" hai1="0,107,108,24,7,35,82,91,60,51,77,132,94" hai2="25,87,90,50,11,23,65,33,46,114,79,135,57" hai3="101,83,30,86,118,16,88,97,61,62,21,39,76"/><T102/><D121/><U44/><E107/><V78/><F114/><W104/><G39/><T119/><D41/><U5/><E108/><V89/><F33/><W116/><G30/><N who="0" m="19799" /><D52/><U66/><E132/><V72/><F135/><W69/><G76/><T84/><D84/><U55/><E0/><V4/><F72/><W106/><G106/><T129/><D92/><U105/><E105/><V28/><F90/><W125/><G125/><T133/><D102/><U18/><E35/><V14/><F57/><W100/><G100/><T3/><D129/><U80/><E18/><V15/><F15/><W58/><G69/><T54/><D54/><U126/><E24/><V29/><F29/><W112/><G112/><T85/><D85/><U38/><E38/><V110/><F65/><W59/><G58/><T109/><D133/><U131/><E126/><V10/><F10/><W67/><G62/><T8/><D3/><U9/><E131/><V130/><F130/><W111/><G111/><T40/><D109/><U124/><E124/><V99/><F99/><W120/><G120/><T122/><D122/><U56/><E77/><V64/><F110/><W98/><G98/><T63/><D70/><U13/><REACH who="1" step="1"/><E7/><REACH who="1" ten="388,209,174,219" step="2"/><V53/><REACH who="2" step="1"/><F64/><REACH who="2" ten="388,209,164,219" step="2"/><W22/><REACH who="3" step="1"/><G22/><REACH who="3" ten="388,209,164,209" step="2"/><T37/><D134/><U19/><E19/><V71/><F71/><W96/><G96/><AGARI ba="3,3" hai="5,9,13,44,51,55,56,60,66,80,82,91,94,96" machi="96" ten="30,3900,0" yaku="1,1,7,1,8,1,53,0" doraHai="113" doraHaiUra="20" who="1" fromWho="3" sc="388,0,209,78,164,0,209,-48" /><INIT seed="1,0,0,2,5,61" ten="388,287,164,161" oya="1" hai0="2,104,127,120,60,86,125,90,50,13,19,89,56" hai1="67,82,129,48,31,66,81,12,18,76,10,57,40" hai2="106,122,59,58,24,27,111,102,128,79,112,119,84" hai3="44,16,9,49,85,47,124,93,36,77,135,100,121"/><U37/><E37/><V22/><F119/><W20/><G121/><T131/><D2/><U69/><E69/><V91/><F122/><W64/><G135/><T4/><D4/><U43/><E129/><V15/><F128/><W98/><G124/><N who="0" m="47691" /><D120/><U103/><E103/><V26/><F112/><W42/><G9/><T88/><D104/><U96/><E96/><V72/><F111/><W95/><G64/><N who="1" m="24618" /><E31/><V87/><F72/><W62/><G62/><T99/><D99/><U21/><E21/><V65/><F79/><W1/><G1/><T110/><D60/><U52/><E76/><V115/><F102/><W114/><G114/><T70/><D70/><U8/><E8/><V30/><F115/><W46/><G36/><T116/><D131/><U32/><E32/><V7/><F106/><W11/><G11/><T132/><D116/><U54/><E54/><V74/><F30/><W41/><G41/><AGARI ba="0,0" hai="10,12,18,40,41,43,48,52,57,81,82" m="24618" machi="41" ten="30,12000,1" yaku="8,1,52,3,54,1" doraHai="61" who="1" fromWho="3" sc="388,0,287,120,164,0,161,-120" /><INIT seed="1,1,0,0,4,34" ten="388,407,164,41" oya="1" hai0="12,88,59,54,56,9,84,49,108,39,121,75,37" hai1="18,126,16,112,111,81,63,103,86,130,96,99,11" hai2="33,92,36,26,94,66,76,57,53,0,44,71,106" hai3="134,67,122,15,14,102,110,65,55,58,115,62,40"/><U30/><E112/><V120/><F106/><W41/><G115/><T19/><D108/><U119/><E119/><V107/><F107/><W100/><G122/><T97/><D121/><U52/><E130/><V24/><F120/><W95/><G110/><T73/><D97/><N who="1" m="37451" /><E111/><V48/><F76/><W104/><G104/><T50/><D37/><U124/><E30/><N who="2" m="19655" /><F26/><W20/><G95/><T125/><D39/><U69/><E69/><V60/><F0/><W127/><G134/><T85/><D125/><N who="1" m="48235" /><E11/><V38/><F38/><W64/><G127/><T23/><D9/><U5/><E5/><V35/><F35/><W135/><G135/><T27/><D27/><U116/><E103/><N who="3" m="39466" /><G20/><T118/><D118/><U131/><E131/><V89/><F89/><W72/><G72/><T10/><D10/><U45/><E116/><V123/><F123/><W4/><G4/><T8/><D8/><U47/><E47/><V78/><F78/><W43/><AGARI ba="1,0" hai="14,15,40,41,43,55,58,62,64,65,67" m="39466" machi="43" ten="40,1500,0" yaku="8,1" doraHai="34" who="3" fromWho="3" sc="388,-5,407,-8,164,-5,41,18" /><INIT seed="2,0,0,1,0,106" ten="383,399,159,59" oya="2" hai0="28,109,37,91,113,2,32,132,47,96,31,35,135" hai1="64,29,56,124,97,53,122,48,43,46,95,114,40" hai2="75,57,100,33,80,85,34,86,83,51,61,7,94" hai3="15,105,77,23,102,68,20,103,71,131,24,117,128"/><V104/><F104/><W67/><G117/><T58/><D113/><U69/><E114/><V112/><F112/><W88/><G77/><T3/><D58/><U18/><E124/><V76/><F7/><W59/><G59/><T90/><D47/><U27/><E69/><V134/><F134/><N who="0" m="51242" /><D37/><U45/><E18/><V123/><F123/><W93/><G15/><T87/><D96/><U41/><E64/><V116/><F116/><W78/><G67/><T111/><D87/><U92/><E92/><V11/><F11/><W25/><G105/><T62/><D62/><U98/><E98/><V16/><F51/><W133/><G133/><T1/><D91/><U129/><E129/><V110/><F100/><W119/><G78/><T26/><D90/><N who="1" m="55543" /><E122/><V19/><F94/><W54/><G119/><T63/><D63/><U60/><E60/><V84/><F80/><W50/><G103/><T21/><D31/><U126/><E126/><V72/><F61/><W108/><G102/><T30/><D30/><U4/><E46/><V44/><F44/><W36/><G36/><T22/><D35/><U5/><E45/><V13/><F57/><W74/><G71/><T49/><D49/><U14/><E48/><V0/><F33/><W42/><G68/><T10/><D10/><N who="1" m="4423" /><E56/><V99/><F34/><W39/><G39/><T8/><D8/><U70/><E70/><V79/><F99/><W73/><G50/><T121/><D121/><U65/><E65/><V6/><F83/><W55/><G42/><T12/><D32/><N who="1" m="20543" /><E53/><V81/><F81/><W127/><G127/><T125/><D125/><RYUUKYOKU ba="0,0" sc="383,15,399,15,159,-15,59,-15" hai0="1,2,3,12,21,22,26,28,109,111" hai1="5,40,41,43" /><INIT seed="3,1,0,1,1,1" ten="398,414,144,44" oya="3" hai0="41,112,89,64,132,49,57,130,128,76,46,21,101" hai1="73,3,100,134,124,48,84,54,26,23,95,17,118" hai2="96,97,42,19,102,52,99,61,109,106,103,68,78" hai3="87,131,5,0,59,63,121,94,116,27,60,110,6"/><W25/><G121/><T125/><D125/><U2/><E73/><V104/><F109/><W29/><G116/><T45/><D132/><U62/><E134/><V111/><F111/><W93/><G110/><T50/><D112/><U79/><E124/><V108/><F108/><W85/><G0/><T40/><D76/><U22/><E62/><V75/><F42/><N who="0" m="16490" /><D101/><U51/><E51/><N who="0" m="19465" /><D89/><N who="1" m="53671" /><E118/><V86/><F75/><W115/><G29/><T56/><D21/><U32/><E32/><V91/><F78/><W114/><REACH who="3" step="1"/><G59/><REACH who="3" ten="398,414,144,34" step="2"/><N who="0" m="22603" /><D64/><U13/><E3/><V74/><F68/><W119/><G119/><T126/><D126/><U39/><E2/><V105/><F105/><W69/><G69/><T31/><D31/><U24/><E39/><V90/><F106/><W120/><G120/><T12/><D12/><U65/><E13/><V80/><F104/><W82/><G82/><T16/><D16/><U35/><E17/><V18/><F18/><W81/><G81/><T34/><D34/><U38/><E35/><V28/><F19/><W11/><G11/><T15/><D15/><U43/><E38/><V98/><F28/><W129/><AGARI ba="1,1" hai="5,6,25,27,60,63,85,87,93,94,114,115,129,131" machi="129" ten="25,24000,3" yaku="1,1,0,1,22,2,52,2,53,2" doraHai="1" doraHaiUra="58" who="3" fromWho="3" sc="398,-81,414,-81,144,-81,34,253" /><INIT seed="3,2,0,5,1,98" ten="317,333,63,287" oya="3" hai0="72,61,110,133,5,82,11,102,58,64,81,1,28" hai1="112,36,48,19,134,27,2,34,83,77,13,91,124" hai2="100,40,119,120,59,62,52,16,97,87,0,33,132" hai3="95,25,18,66,17,106,30,116,6,74,51,10,88"/><W90/><G116/><T31/><D110/><U29/><E36/><V47/><F119/><W125/><G106/><T96/><D133/><U35/><E2/><V7/><F132/><W78/><G125/><T76/><D82/><U63/><E134/><V84/><F120/><W71/><G51/><T15/><D1/><U75/><E112/><V38/><F33/><W115/><G115/><T113/><D113/><U114/><E114/><V23/><F7/><W111/><G111/><T126/><D126/><U86/><E35/><V105/><REACH who="2" step="1"/><F0/><REACH who="2" ten="317,333,53,287" step="2"/><W12/><G6/><T45/><D45/><U39/><E124/><V43/><F43/><W103/><G18/><T37/><D37/><U80/><E39/><V50/><F50/><W46/><G46/><T127/><D127/><U65/><E48/><V104/><F104/><AGARI ba="2,1" hai="5,11,15,28,31,58,61,64,72,76,81,96,102,104" machi="104" ten="30,2000,0" yaku="7,1,52,1" doraHai="98" who="0" fromWho="2" sc="317,36,333,0,53,-26,287,0" owari="353,45.3,333,13.3,27,-47.3,287,-11.3" /></mjloggm>