<mjloggm ver="2.3"><GO type="225" lobby="0"/><UN n0="%E4%B8%AD%E5%B9%B4%E3%81%AE%E5%8D%B1%E6%A9%9F" n1="%74%61%6B%65%2D%79%6F%75" n2="%E5%80%89%E6%A9%8B%EF%BC%A0%E4%BA%8B%E5%8B%99" n3="%E6%A1%9C%E8%8A%B1%E9%96%83%E3%80%85" dan="17,17,16,17" rate="2153.19,2227.76,2110.31,2240.21" sx="M,M,M,M"/><TAIKYOKU oya="0"/><INIT seed="0,0,0,0,5,100" ten="250,250,250,250" oya="0" hai0="78,22,17,113,73,117,36,91,33,11,53,135,58" hai1="55,75,80,86,37,35,94,65,56,127,125,66,28" hai2="121,30,43,16,98,64,6,60,20,39,42,8,76" hai3="1,124,134,50,40,15,70,18,12,13,10,111,57"/><T83/><D117/><U84/><E37/><V81/><F121/><W69/><G111/><T96/><D113/><U26/><E75/><V4/><F30/><W71/><G134/><T105/><D36/><U114/><E114/><V87/><F98/><W110/><G110/><T47/><D135/><U19/><E19/><V32/><F32/><W49/><G124/><N who="1" m="47690" /><E94/><V3/><F4/><W52/><REACH who="3" step="1"/><G1/><REACH who="3" ten="250,250,250,240" step="2"/><T7/><D33/><U103/><E35/><V131/><F131/><W106/><G106/><T77/><D105/><U5/><E5/><V122/><F122/><W51/><G51/><T14/><D47/><AGARI ba="0,1" hai="10,12,13,15,18,40,47,49,50,52,57,69,70,71" machi="47" ten="40,2600,0" yaku="1,1,54,1,53,0" doraHai="100" doraHaiUra="2" who="3" fromWho="0" sc="250,-26,250,0,250,0,240,36" /><INIT seed="1,0,0,0,2,135" ten="224,250,250,276" oya="1" hai0="9,58,74,99,55,116,92,31,73,101,126,113,119" hai1="90,72,30,28,25,114,56,4,34,37,64,23,69" hai2="132,19,121,41,77,96,3,103,97,98,67,94,6" hai3="93,12,80,134,54,39,14,75,36,118,70,0,125"/><U100/><E114/><V59/><F121/><W61/><G0/><T124/><D31/><U127/><E37/><V102/><F132/><W42/><G134/><T29/><D29/><U45/><E69/><V83/><F41/><W129/><G129/><T68/><D68/><U105/><E72/><N who="0" m="27753" /><D9/><U112/><E112/><V108/><F108/><W131/><G93/><T87/><D113/><U82/><E4/><V63/><F19/><W44/><G39/><T115/><D115/><U71/><E71/><V1/><F6/><W109/><G109/><T122/><D122/><U84/><E45/><V88/><F77/><W110/><G118/><N who="0" m="45099" /><D55/><U62/><E30/><V2/><REACH who="2" step="1"/><F83/><REACH who="2" ten="224,250,240,276" step="2"/><W123/><G123/><T38/><D38/><U130/><E82/><V5/><F5/><W128/><G110/><T24/><D24/><U60/><E25/><V49/><F49/><W51/><G80/><T20/><D20/><U10/><E23/><V8/><F8/><W52/><G51/><T86/><D58/><U117/><E56/><V17/><F17/><W57/><G70/><T35/><D35/><U79/><E34/><V85/><AGARI ba="0,1" hai="1,2,3,59,63,67,85,88,94,96,97,98,102,103" machi="85" ten="40,5200,0" yaku="1,1,0,1,54,1,53,0" doraHai="135" doraHaiUra="21" who="2" fromWho="2" sc="224,-13,250,-26,240,62,276,-13" /><INIT seed="2,0,0,2,0,15" ten="211,224,302,263" oya="2" hai0="86,32,43,133,17,125,21,110,48,49,97,102,94" hai1="54,74,41,60,71,7,116,29,109,81,75,101,23" hai2="22,40,65,47,78,73,95,28,89,80,31,98,122" hai3="67,0,27,72,24,61,57,55,5,130,37,88,120"/><V19/><F65/><W129/><G120/><T77/><D110/><U111/><E116/><V10/><F10/><N who="3" m="2343" /><G72/><T79/><D125/><U117/><E117/><V20/><F20/><W105/><G105/><T44/><D32/><U26/><E41/><V85/><F122/><W59/><G37/><T51/><D133/><U124/><E124/><V127/><F127/><W16/><G88/><T13/><REACH who="0" step="1"/><D86/><REACH who="0" ten="201,224,302,263" step="2"/><U36/><E74/><V134/><F134/><W18/><G27/><T14/><D14/><U121/><E26/><V106/><F73/><W34/><G24/><T62/><D62/><U83/><E60/><V56/><F85/><W38/><G34/><T92/><D92/><U8/><E75/><V45/><F95/><W53/><G67/><T100/><D100/><U115/><E101/><V82/><F106/><W93/><G93/><T2/><D2/><U132/><E109/><V90/><F82/><W123/><G123/><T91/><D91/><U50/><E83/><V99/><F89/><W25/><G25/><T64/><D64/><U126/><E81/><V76/><F90/><W113/><G61/><T1/><D1/><U63/><E111/><V103/><F80/><W35/><G35/><T9/><D9/><U119/><E8/><V52/><F103/><W118/><G118/><T66/><D66/><N who="1" m="41439" /><E119/><V114/><F78/><AGARI ba="0,1" hai="13,17,21,43,44,48,49,51,77,78,79,94,97,102" machi="78" ten="40,5200,0" yaku="1,1,8,1,52,1,53,0" doraHai="15" doraHaiUra="104" who="0" fromWho="2" sc="201,62,224,0,302,-52,263,0" /><INIT seed="3,0,0,5,5,21" ten="263,224,250,263" oya="3" hai0="10,50,2,18,69,37,133,46,63,11,8,58,126" hai1="64,76,56,78,23,25,57,67,110,117,105,6,28" hai2="44,9,111,81,134,17,116,104,109,14,89,114,72" hai3="20,48,75,16,29,82,121,135,108,83,115,113,43"/><W123/><G29/><T36/><D126/><U65/><E110/><N who="2" m="41995" /><F104/><W88/><G108/><T70/><D133/><U127/><E127/><V4/><F114/><W99/><G135/><T60/><D2/><U32/><E117/><V101/><F116/><W95/><G115/><T91/><D18/><U27/><E105/><V24/><F134/><W85/><G113/><T100/><D100/><U42/><E42/><V74/><F101/><W34/><G34/><T52/><D91/><U61/><E6/><V120/><F120/><W93/><G75/><N who="2" m="28713" /><F44/><N who="3" m="25631" /><G123/><T125/><D125/><U112/><E112/><V73/><N who="2" m="28721" /><V107/><DORA hai="94" /><F107/><W132/><G121/><T79/><D79/><U124/><E124/><V26/><F4/><W13/><G132/><T40/><REACH who="0" step="1"/><D63/><REACH who="0" ten="253,224,250,263" step="2"/><U128/><E128/><V97/><F81/><W3/><G3/><T90/><D90/><AGARI ba="0,1" hai="13,16,20,82,83,85,88,90,93,95,99" m="25631" machi="90" ten="30,11600,0" yaku="8,1,52,1,54,2" doraHai="21,94" who="3" fromWho="0" sc="253,-116,224,0,250,0,263,126" owari="137,-36.3,224,-17.6,250,5.0,389,48.9" /></mjloggm>