<mjloggm ver="2.3"><GO type="225" lobby="0"/><UN n0="%E5%B8%86%E7%AB%8B%E5%A4%8F%E8%A1%A3" n1="%E5%8D%A0%E3%81%84%E5%B8%AB%E8%A3%8F%E3%81%AA%E3%81%84%E3%81%97" n2="%33%74%72%65%65" n3="%6D%75%75%6D%75%72%61" dan="16,16,16,17" rate="2095.41,2139.17,2118.23,2186.46" sx="M,M,F,F"/><TAIKYOKU oya="0"/><INIT seed="0,0,0,3,3,33" ten="250,250,250,250" oya="0" hai0="51,58,90,68,119,134,26,41,114,74,87,10,102" hai1="21,127,45,35,91,7,56,5,94,112,128,34,109" hai2="1,36,105,84,11,60,86,20,101,31,125,57,50" hai3="131,14,66,99,132,98,42,79,117,123,95,93,53"/><T43/><D114/><U16/><E109/><V69/><F36/><W29/><G117/><T37/><D119/><U22/><E112/><V89/><F125/><W54/><G131/><T106/><D74/><U3/><E128/><V12/><F1/><W73/><G132/><T52/><D134/><U9/><E127/><V133/><F133/><W8/><G123/><T40/><D68/><U130/><E130/><V15/><F69/><W25/><G66/><T111/><D111/><U49/><E21/><V80/><F50/><W108/><G42/><T63/><D37/><U28/><E7/><V48/><F48/><W97/><G108/><T67/><D26/><U61/><E28/><V92/><F105/><W32/><G79/><T129/><D129/><U120/><E120/><V121/><F121/><W76/><G76/><T6/><D106/><U88/><E91/><N who="2" m="53351" /><F101/><W64/><G64/><T44/><D102/><U135/><E135/><V39/><F39/><W70/><G73/><T24/><D24/><N who="1" m="14407" /><E49/><V55/><F11/><W13/><G70/><T47/><D47/><U103/><E45/><V2/><F2/><W122/><G122/><T104/><D104/><U23/><E23/><V18/><F31/><W0/><G0/><T65/><D65/><U124/><E103/><V75/><F75/><W4/><G13/><AGARI ba="0,0" hai="12,13,15,18,20,55,57,60,80,86,89" m="53351" machi="13" ten="30,1000,0" yaku="8,1" doraHai="33" who="2" fromWho="3" sc="250,0,250,0,250,10,250,-10" /><INIT seed="1,0,0,3,0,66" ten="250,250,260,240" oya="1" hai0="33,100,16,107,25,34,117,21,124,26,44,118,10" hai1="126,18,59,127,75,31,47,111,82,96,61,9,110" hai2="13,131,109,51,23,63,86,43,103,52,125,19,77" hai3="78,68,93,87,91,28,134,81,39,53,129,56,49"/><U15/><E31/><V54/><F109/><N who="1" m="41481" /><E96/><V38/><F131/><W76/><G129/><T80/><D44/><U108/><N who="1" m="41489" /><U42/><DORA hai="120" /><E82/><N who="2" m="47439" /><F38/><W5/><G39/><T35/><D80/><U30/><E30/><V97/><F125/><N who="1" m="47625" /><E75/><V84/><F84/><W94/><G134/><T7/><D124/><U17/><E18/><V105/><F97/><W22/><G68/><T72/><D72/><U83/><E83/><V73/><F73/><W41/><G41/><T101/><D107/><U99/><E99/><V92/><F19/><W37/><G37/><T2/><D101/><U58/><E61/><V104/><F63/><W88/><G5/><T85/><D85/><U119/><E119/><N who="0" m="45577" /><D100/><U40/><E40/><V132/><F43/><W90/><G78/><T62/><D62/><U116/><E116/><V57/><F103/><W45/><G28/><AGARI ba="0,0" hai="2,7,10,16,21,25,26,28,33,34,35" m="45577" machi="28" ten="30,3900,0" yaku="34,2,54,1" doraHai="66,120" who="0" fromWho="3" sc="250,39,250,0,260,0,240,-39" /><INIT seed="2,0,0,4,3,53" ten="289,250,260,201" oya="2" hai0="54,76,120,14,10,30,5,117,96,75,67,9,33" hai1="51,131,59,60,35,3,39,28,91,104,58,82,85" hai2="121,128,56,43,126,23,133,19,68,25,98,86,92" hai3="101,93,108,102,80,78,97,7,41,123,13,34,63"/><V114/><F114/><W11/><G123/><T99/><D120/><U88/><E39/><V47/><F121/><W44/><G108/><T18/><D117/><U74/><E3/><V129/><F68/><W42/><G34/><T122/><D122/><U73/><E104/><V109/><F109/><W4/><G4/><T65/><D33/><U6/><E6/><V69/><F69/><W24/><G24/><T21/><D75/><U46/><E131/><N who="2" m="50251" /><F86/><W79/><G101/><T84/><D30/><U113/><E113/><V45/><F133/><W55/><G79/><T48/><D67/><U94/><E74/><V57/><F126/><W130/><G130/><T116/><D65/><U103/><E103/><N who="2" m="60871" /><F45/><W132/><G132/><T1/><D116/><U66/><E73/><V8/><F8/><N who="0" m="3178" /><D5/><U125/><E125/><V89/><F89/><W20/><G20/><T0/><D0/><U70/><E35/><V15/><F15/><W16/><G7/><T50/><D1/><U71/><E71/><V2/><F2/><W12/><G13/><T36/><D84/><U90/><E28/><V49/><AGARI ba="0,0" hai="19,23,25,43,47,49,56,57" m="60871,50251" machi="49" ten="30,6000,0" yaku="19,1,52,2" doraHai="53" who="2" fromWho="2" sc="289,-20,250,-20,260,60,201,-20" /><INIT seed="2,1,0,1,4,1" ten="269,230,320,181" oya="2" hai0="80,88,99,49,13,123,103,35,134,105,39,69,132" hai1="2,21,60,4,26,119,130,43,33,53,40,50,47" hai2="122,89,78,107,131,91,93,109,96,66,32,0,83" hai3="64,37,51,65,111,120,58,85,27,79,18,115,76"/><V22/><F32/><W68/><G120/><T24/><D39/><U116/><E33/><V11/><F122/><W71/><G37/><T121/><D49/><U129/><E2/><V9/><F131/><N who="1" m="50185" /><E4/><V31/><F66/><W124/><G111/><T15/><D69/><U7/><E7/><V28/><F107/><W23/><G124/><T128/><D128/><U5/><E5/><V135/><F0/><W97/><G115/><T19/><D121/><U125/><E125/><V8/><F135/><N who="0" m="51754" /><D123/><U12/><E12/><V44/><F109/><W82/><G68/><T110/><D110/><U6/><E6/><V61/><F61/><W42/><G71/><T57/><D57/><N who="1" m="34863" /><E21/><V20/><F89/><W72/><G72/><T10/><D15/><U52/><E26/><V127/><F127/><W45/><G76/><T74/><D74/><U133/><E133/><V59/><F20/><W98/><REACH who="3" step="1"/><G58/><REACH who="3" ten="269,230,320,171" step="2"/><T87/><D35/><U54/><E40/><V114/><F59/><W14/><G14/><T16/><D24/><U55/><AGARI ba="1,1" hai="43,47,50,52,54,55,116,119" m="34863,50185" machi="55" ten="30,7900,0" yaku="19,1,34,2,54,1" doraHai="1" who="1" fromWho="1" sc="269,-21,230,92,320,-40,171,-21" /><INIT seed="3,0,0,2,2,130" ten="248,322,280,150" oya="3" hai0="103,46,61,74,134,40,43,109,79,121,16,98,28" hai1="11,102,4,50,73,36,91,52,67,110,82,42,59" hai2="62,127,3,13,93,57,70,95,124,34,90,68,126" hai3="55,84,120,53,65,97,19,41,72,132,58,66,106"/><W78/><G72/><T92/><D121/><U22/><E110/><V85/><F3/><W54/><G120/><T111/><D28/><U86/><E73/><V23/><F34/><W8/><G41/><T76/><D61/><U35/><E35/><V129/><F129/><W105/><G132/><T114/><D114/><U26/><E102/><V71/><F23/><W6/><G19/><T10/><D134/><U112/><E112/><V17/><F17/><W39/><G39/><T1/><D43/><U25/><E67/><V48/><F48/><W108/><G108/><N who="0" m="41547" /><D74/><U87/><E22/><V49/><F49/><W15/><G58/><T12/><D1/><U7/><E7/><V104/><F104/><W14/><G14/><T128/><D128/><U101/><E36/><V9/><F13/><W116/><G116/><T117/><D117/><U89/><E101/><V69/><F69/><W47/><G47/><T131/><D131/><U122/><E42/><V45/><F45/><W38/><G38/><AGARI ba="0,0" hai="10,12,16,38,40,46,76,79,92,98,103" m="41547" machi="38" ten="30,2000,0" yaku="14,1,54,1" doraHai="130" who="0" fromWho="3" sc="248,20,322,0,280,0,150,-20" owari="268,-13.2,322,42.2,280,8.0,130,-37.0" /></mjloggm>