<mjloggm ver="2.3"><GO type="225" lobby="0"/><UN n0="%E3%82%82%E3%81%90%E3%82%89" n1="%E7%AD%89%E3%80%85%E5%8A%9B%E5%8A%87%E5%A0%B4" n2="%73%75%7A%75%72%61%6E%65" n3="%E4%B8%AD%E5%B9%B4%E3%81%AE%E5%8D%B1%E6%A9%9F" dan="17,16,16,17" rate="2228.29,2135.59,2086.21,2212.47" sx="M,M,M,M"/><TAIKYOKU oya="0"/><INIT seed="0,0,0,5,0,84" ten="250,250,250,250" oya="0" hai0="10,18,59,3,30,16,15,46,122,123,75,42,21" hai1="66,72,40,134,95,80,65,126,28,108,107,82,85" hai2="23,9,76,0,86,29,67,20,106,50,127,125,12" hai3="124,128,110,1,38,79,116,48,13,132,33,41,70"/><T118/><D75/><U25/><E107/><V27/><F106/><W112/><G41/><T87/><D118/><U101/><E108/><V129/><F67/><W77/><G48/><T71/><D71/><U7/><E134/><V22/><F50/><W49/><G49/><T93/><D30/><U51/><E126/><N who="2" m="48139" /><F76/><W121/><G13/><T6/><D59/><U5/><E72/><V99/><F99/><W11/><G11/><T26/><D87/><U39/><E39/><V35/><F86/><W117/><G79/><T63/><D93/><U97/><E82/><V92/><F92/><W69/><G69/><T88/><D88/><N who="1" m="51239" /><E28/><V37/><F37/><W114/><G117/><T43/><D63/><U44/><E25/><V61/><F61/><W103/><G103/><T64/><D64/><AGARI ba="0,0" hai="5,7,40,44,51,64,65,66,95,97,101" m="51239" machi="64" ten="30,3900,0" yaku="8,1,52,1,54,1" doraHai="84" who="1" fromWho="0" sc="250,-39,250,39,250,0,250,0" /><INIT seed="1,0,0,0,4,66" ten="211,289,250,250" oya="1" hai0="2,68,74,119,113,50,122,12,25,82,37,103,18" hai1="78,29,101,86,8,33,105,41,59,21,34,54,10" hai2="120,115,111,6,110,100,99,65,24,67,102,16,84" hai3="17,5,26,49,90,27,20,116,91,32,0,94,71"/><U64/><E41/><V79/><F120/><W123/><G123/><T53/><D37/><U57/><E34/><V69/><F6/><W127/><G116/><T70/><D2/><U62/><E33/><V108/><F115/><W107/><G107/><T134/><D119/><U117/><E117/><V129/><F129/><W112/><G112/><T85/><D113/><U38/><E38/><V93/><F102/><W47/><G127/><T133/><D74/><U75/><E75/><V89/><F79/><W76/><G76/><N who="0" m="46279" /><D25/><N who="1" m="16559" /><E101/><V131/><F131/><W125/><G125/><T118/><D103/><U22/><E105/><V31/><F69/><W43/><G71/><T88/><D122/><U124/><E124/><V30/><F30/><W11/><REACH who="3" step="1"/><G94/><REACH who="3" ten="211,289,250,240" step="2"/><T13/><D118/><U83/><E22/><N who="2" m="13383" /><F31/><AGARI ba="0,1" hai="0,5,11,17,20,26,27,31,32,43,47,49,90,91" machi="31" ten="40,2600,0" yaku="1,1,53,1" doraHai="66" doraHaiUra="45" who="3" fromWho="2" sc="211,0,289,0,250,-26,240,36" /><INIT seed="2,0,0,3,5,125" ten="211,289,224,276" oya="2" hai0="92,94,46,97,8,30,111,87,13,61,72,21,80" hai1="15,98,11,50,106,131,84,23,120,71,124,54,27" hai2="128,104,58,42,22,32,0,51,14,114,129,110,67" hai3="35,132,9,96,76,108,52,37,77,101,10,59,12"/><V3/><F114/><W44/><G35/><T75/><D111/><U116/><E116/><V91/><F32/><W41/><G108/><T31/><D61/><U4/><E71/><V123/><F123/><W85/><G132/><T28/><D21/><U117/><E117/><V29/><F104/><W45/><G45/><T65/><D65/><U81/><E124/><V53/><F67/><W26/><G26/><T83/><D46/><U70/><E70/><V20/><F42/><W73/><G85/><T135/><D135/><U130/><E120/><V55/><F91/><W39/><G39/><T40/><D40/><U82/><E98/><V134/><F134/><W17/><G9/><T121/><D121/><U36/><E106/><V95/><F95/><W56/><G56/><T86/><D75/><U109/><E36/><V103/><F103/><W48/><REACH who="3" step="1"/><G73/><REACH who="3" ten="211,289,224,266" step="2"/><T79/><D72/><U33/><E33/><V102/><F58/><W107/><AGARI ba="0,1" hai="10,12,17,37,41,44,48,52,59,76,77,96,101,107" machi="107" ten="20,8000,1" yaku="1,1,2,1,0,1,7,1,54,1,53,0" doraHai="125" doraHaiUra="90" who="3" fromWho="3" sc="211,-20,289,-20,224,-40,266,90" /><INIT seed="3,0,0,2,0,85" ten="191,269,184,356" oya="3" hai0="71,67,83,87,35,97,9,100,57,113,124,69,24" hai1="111,121,131,84,108,51,20,127,77,36,47,60,122" hai2="106,41,112,115,1,31,13,30,42,78,12,7,104" hai3="70,72,114,43,73,6,66,99,37,59,107,96,91"/><W29/><G114/><T44/><D113/><U48/><E77/><V68/><F78/><W128/><G59/><T50/><D124/><U76/><E76/><V21/><F21/><W74/><G91/><T27/><D9/><U39/><E20/><V49/><F49/><N who="1" m="19017" /><E84/><V86/><F86/><W38/><G99/><T79/><D57/><U95/><E95/><V4/><F68/><W105/><G128/><T56/><D56/><U10/><E10/><V119/><F119/><W0/><G29/><T55/><D35/><U18/><E18/><V90/><F1/><W2/><G43/><T34/><D34/><U65/><E131/><V116/><F116/><W15/><G15/><T103/><D103/><U58/><E127/><V22/><F22/><W135/><G96/><T19/><D19/><U26/><E26/><V46/><F46/><W94/><G94/><T75/><D75/><U14/><E14/><V126/><F126/><W11/><G135/><T109/><D71/><U40/><E36/><N who="3" m="13930" /><G0/><T54/><D27/><U120/><AGARI ba="0,0" hai="39,40,47,58,60,65,108,111,120,121,122" m="19017" machi="120" ten="40,2700,0" yaku="34,2" doraHai="85" who="1" fromWho="1" sc="191,-7,269,27,184,-7,356,-13" owari="184,-21.6,296,9.6,177,-32.3,343,44.3" /></mjloggm>