<mjloggm ver="2.3"><GO type="225" lobby="0"/><UN n0="%33%74%72%65%65" n1="%E6%A1%9C%E8%8A%B1%E9%96%83%E3%80%85" n2="%E6%9D%BE%E6%9C%AC%E5%81%A5%E7%94%B7" n3="%E9%A2%A8%E3%81%A7%E9%B3%B4%E3%81%8F" dan="16,16,16,16" rate="2147.97,2070.19,2174.90,2148.87" sx="F,M,M,M"/><TAIKYOKU oya="0"/><INIT seed="0,0,0,4,2,1" ten="250,250,250,250" oya="0" hai0="43,19,80,124,2,29,100,18,26,62,123,56,30" hai1="53,109,118,64,96,27,134,39,0,95,120,58,98" hai2="5,22,9,36,8,101,75,86,97,17,111,34,119" hai3="49,128,110,46,122,114,70,54,68,105,108,41,81"/><T78/><D123/><U131/><E118/><V93/><F111/><N who="3" m="42539" /><G105/><T21/><D124/><U32/><E109/><V6/><F75/><W11/><G81/><T61/><D2/><U106/><E39/><V15/><F119/><W103/><G103/><T63/><D100/><U69/><E0/><V23/><F34/><W76/><G76/><T47/><D56/><U126/><E98/><V67/><F36/><N who="3" m="21799" /><G11/><T73/><REACH who="0" step="1"/><D30/><REACH who="0" ten="240,250,250,250" step="2"/><U116/><E126/><V130/><F130/><W28/><G28/><T48/><AGARI ba="0,1" hai="18,19,21,26,29,43,47,48,61,62,63,73,78,80" machi="48" ten="30,6000,0" yaku="1,1,2,1,0,1,53,0" doraHai="1" doraHaiUra="133" who="0" fromWho="0" sc="240,70,250,-20,250,-20,250,-20" /><INIT seed="0,1,0,4,0,23" ten="310,230,230,230" oya="0" hai0="72,50,31,121,53,10,1,123,117,74,109,63,37" hai1="89,120,8,62,103,40,107,108,58,16,73,110,134" hai2="30,39,85,46,51,33,48,129,65,2,125,3,42" hai3="78,32,69,20,106,113,76,111,29,4,104,47,59"/><T22/><D117/><U12/><E120/><V116/><F125/><W41/><G69/><T52/><D37/><U36/><E73/><V102/><F129/><W94/><G113/><T126/><D126/><U131/><E131/><V70/><F116/><W19/><G111/><N who="1" m="42538" /><E134/><V92/><F65/><W13/><G4/><T49/><D109/><U56/><E89/><V99/><F70/><W17/><G104/><T84/><D63/><U55/><E40/><V6/><F85/><W25/><G106/><T9/><D84/><U68/><E36/><V14/><F14/><W91/><G59/><T130/><D130/><U71/><E58/><V81/><F81/><W118/><G19/><T95/><D95/><U105/><E105/><V45/><F6/><W93/><G93/><T66/><D66/><U115/><E115/><V97/><F39/><W43/><G118/><T57/><D57/><U26/><E26/><V133/><F133/><W98/><REACH who="3" step="1"/><G47/><REACH who="3" ten="310,230,230,220" step="2"/><T80/><D121/><U119/><E119/><V7/><F7/><W79/><AGARI ba="1,1" hai="13,17,20,25,29,32,41,43,76,78,79,91,94,98" machi="79" ten="30,7900,0" yaku="1,1,2,1,0,1,52,1,53,0" doraHai="23" doraHaiUra="135" who="3" fromWho="3" sc="310,-40,230,-21,230,-21,220,92" /><INIT seed="1,0,0,1,5,65" ten="270,209,209,312" oya="1" hai0="54,124,19,43,61,29,99,12,40,84,125,4,126" hai1="5,69,66,76,89,47,24,27,95,102,42,26,52" hai2="21,17,25,50,74,57,35,117,86,48,132,92,30" hai3="108,56,118,2,10,112,77,49,127,70,93,67,128"/><U32/><E76/><V130/><F117/><W22/><G112/><T72/><D72/><U113/><E113/><V23/><F74/><W28/><G118/><T106/><D4/><U75/><E75/><V123/><F123/><W14/><G2/><T83/><D29/><U120/><E120/><V34/><F130/><W64/><G108/><T129/><D129/><U44/><E102/><V38/><F38/><W62/><G127/><T115/><D115/><U33/><E5/><V79/><F132/><W78/><G128/><T20/><D99/><U59/><E66/><V6/><F6/><W60/><G49/><T101/><D101/><U51/><E69/><V9/><F9/><W71/><G56/><N who="0" m="34967" /><D106/><U116/><E116/><V135/><F135/><W133/><G133/><T121/><D121/><U114/><E114/><V94/><F48/><W63/><G63/><T90/><AGARI ba="0,0" hai="12,19,20,40,43,83,84,90,124,125,126" m="34967" machi="90" ten="30,1100,0" yaku="18,1" doraHai="65" who="0" fromWho="0" sc="270,11,209,-5,209,-3,312,-3" /><INIT seed="2,0,0,4,5,42" ten="281,204,206,309" oya="2" hai0="10,15,21,38,113,59,77,1,92,101,24,109,112" hai1="87,11,91,115,68,80,81,64,27,49,78,30,63" hai2="12,75,104,107,61,129,117,96,93,29,45,54,4" hai3="53,8,83,20,118,103,74,105,31,84,131,100,102"/><V13/><F117/><W123/><G123/><T65/><D109/><U67/><E115/><V99/><F129/><W17/><G131/><T50/><D1/><U130/><E130/><V7/><F75/><W36/><G36/><T5/><D38/><U135/><E135/><V33/><F29/><W122/><G122/><T70/><D70/><U76/><E67/><V52/><F33/><W132/><G118/><T110/><D110/><U133/><E133/><V32/><F32/><W44/><G132/><T2/><D2/><U111/><E111/><V95/><F61/><W22/><G74/><T120/><D120/><U86/><E11/><V85/><F85/><W48/><G105/><T69/><D69/><U0/><E0/><V88/><REACH who="2" step="1"/><F88/><REACH who="2" ten="281,204,196,309" step="2"/><N who="3" m="51231" /><G31/><T121/><D121/><U3/><E91/><V56/><F56/><W55/><G55/><T35/><D59/><U128/><E128/><V79/><F79/><W106/><G106/><T9/><D77/><U19/><E30/><V18/><F18/><W114/><G114/><T6/><D35/><U62/><E19/><V39/><F39/><W40/><G53/><T116/><D113/><U125/><E78/><V94/><F94/><W23/><G8/><T98/><D112/><U71/><E76/><V34/><F34/><W37/><G37/><T25/><D116/><U72/><E72/><V14/><F14/><AGARI ba="0,1" hai="14,17,20,22,23,40,44,48,100,102,103" m="51231" machi="14" ten="30,3900,0" yaku="8,1,52,1,54,1" doraHai="42" who="3" fromWho="2" sc="281,0,204,0,196,-39,309,49" /><INIT seed="3,0,0,4,2,89" ten="281,204,157,358" oya="3" hai0="90,134,71,10,108,16,22,60,44,24,124,131,46" hai1="100,127,37,120,48,70,118,7,129,103,59,40,98" hai2="81,135,99,27,8,66,14,49,20,12,19,92,122" hai3="117,56,3,104,4,45,115,0,29,119,102,11,69"/><W34/><G115/><T105/><D108/><U112/><E120/><V55/><F135/><W72/><G56/><T39/><D124/><U109/><E112/><V47/><F122/><W33/><G45/><T106/><D131/><U91/><E109/><V85/><F66/><W6/><G72/><T76/><D134/><U53/><E127/><V75/><F75/><W113/><G113/><T125/><D125/><U111/><E111/><V51/><F51/><W74/><G74/><T94/><D76/><U5/><E70/><V86/><F14/><W36/><G36/><T96/><D10/><U130/><E91/><V132/><F132/><W30/><G69/><T23/><D39/><U101/><E98/><V38/><F38/><W95/><G95/><T78/><D78/><U21/><E21/><V73/><F73/><W114/><G114/><T67/><REACH who="0" step="1"/><D22/><REACH who="0" ten="271,204,157,358" step="2"/><U123/><E123/><V41/><F41/><W116/><G104/><AGARI ba="0,1" hai="16,23,24,44,46,60,67,71,90,94,96,104,105,106" machi="104" ten="40,8000,1" yaku="1,1,2,1,52,1,54,1,53,0" doraHai="89" doraHaiUra="80" who="0" fromWho="3" sc="271,90,204,0,157,0,358,-80" owari="361,46.1,204,-19.6,157,-34.3,278,7.8" /></mjloggm>