<mjloggm ver="2.3"><GO type="225" lobby="0"/><UN n0="%E9%8A%80%E3%81%B0%E3%81%95%E3%81%BF" n1="%E3%83%97%E3%83%AC%E3%83%B4%E3%82%A1%E3%83%86%E3%82%A3" n2="%E8%80%81%E6%A5%BD" n3="%77%72%77%72%77%72%77%72" dan="17,16,16,16" rate="2176.39,2166.04,2121.33,2166.83" sx="M,F,M,M"/><TAIKYOKU oya="0"/><INIT seed="0,0,0,2,1,53" ten="250,250,250,250" oya="0" hai0="29,78,110,96,73,41,76,112,107,30,1,102,31" hai1="57,25,106,64,115,16,86,21,66,58,119,104,84" hai2="39,69,95,47,117,75,8,87,100,37,52,12,128" hai3="97,36,7,67,120,123,88,124,19,48,74,55,122"/><T63/><D112/><U18/><E119/><V0/><F75/><W6/><G124/><T54/><D1/><U116/><E116/><V68/><F0/><W35/><G36/><T70/><D73/><U17/><E115/><V14/><F117/><W61/><G74/><T23/><D41/><U92/><E92/><V133/><F14/><W4/><G35/><T51/><D110/><U20/><E18/><V82/><F68/><N who="3" m="42095" /><G19/><T38/><D38/><U59/><E58/><V71/><F69/><W109/><G109/><T56/><REACH who="0" step="1"/><D23/><REACH who="0" ten="240,250,250,250" step="2"/><U46/><REACH who="1" step="1"/><E25/><REACH who="1" ten="240,240,250,250" step="2"/><V32/><F37/><W130/><G123/><T132/><D132/><U134/><E134/><V5/><F39/><W99/><G122/><T42/><D42/><U114/><E114/><V44/><F133/><W10/><G120/><T40/><D40/><U45/><AGARI ba="0,2" hai="16,17,20,21,45,46,57,59,64,66,84,86,104,106" machi="45" ten="25,16000,3" yaku="1,1,0,1,22,2,52,2,54,1,53,2" doraHai="53" doraHaiUra="62" who="1" fromWho="1" sc="240,-80,240,180,250,-40,250,-40" /><INIT seed="1,0,0,1,3,131" ten="160,420,210,210" oya="1" hai0="108,52,87,93,43,84,114,57,17,132,99,91,27" hai1="117,92,86,90,22,89,58,42,124,46,69,119,4" hai2="28,59,85,66,53,83,61,134,81,40,55,80,16" hai3="73,39,7,122,31,10,82,78,5,130,0,32,113"/><U111/><E69/><V15/><F134/><W36/><G122/><T48/><D114/><U106/><E106/><V135/><F135/><W79/><G113/><T50/><D132/><U102/><E124/><V18/><F28/><W129/><G79/><T54/><D43/><U65/><E102/><V14/><F40/><W1/><G7/><T88/><D108/><U24/><E4/><V109/><F85/><W126/><G126/><T33/><D91/><U75/><E75/><V116/><F116/><W105/><G105/><T112/><D112/><U60/><E90/><V97/><F97/><W38/><REACH who="3" step="1"/><G0/><REACH who="3" ten="160,420,210,200" step="2"/><T64/><D64/><U34/><E111/><V95/><F109/><W121/><G121/><T21/><REACH who="0" step="1"/><D33/><REACH who="0" ten="150,420,210,200" step="2"/><U77/><E34/><V23/><REACH who="2" step="1"/><F95/><REACH who="2" ten="150,420,200,200" step="2"/><W51/><G51/><T25/><D25/><AGARI ba="0,3" hai="1,5,10,25,31,32,36,38,39,73,78,82,129,130" machi="25" ten="50,6400,0" yaku="1,1,23,2,53,0" doraHai="131" doraHaiUra="101" who="3" fromWho="0" sc="150,-64,420,0,200,0,200,94" /><INIT seed="2,0,0,1,1,41" ten="86,420,200,294" oya="2" hai0="5,31,17,30,28,101,14,46,69,75,58,117,35" hai1="21,115,74,67,81,107,66,53,85,73,10,27,106" hai2="62,133,131,8,68,110,18,87,79,76,134,32,7" hai3="26,3,95,90,112,4,63,50,132,45,6,57,125"/><V128/><F68/><W91/><G132/><N who="2" m="50793" /><F62/><W111/><G111/><T122/><D69/><U104/><E115/><V119/><F87/><W44/><G125/><T39/><D75/><U22/><E10/><V94/><F94/><W15/><G112/><T100/><D122/><U118/><E118/><V105/><F105/><W92/><G3/><T126/><D126/><U38/><E38/><V114/><F114/><W116/><G116/><T109/><D117/><U96/><E96/><V12/><F119/><W129/><G129/><N who="2" m="49737" /><F32/><W42/><G26/><T52/><D35/><U20/><E27/><V72/><F72/><W89/><G15/><T9/><D109/><U29/><E29/><V84/><F84/><W86/><G45/><T2/><D39/><U1/><E1/><N who="2" m="111" /><F110/><W11/><G86/><T78/><D78/><U80/><E74/><V98/><F98/><W108/><G108/><T103/><D2/><U88/><E73/><V54/><F54/><N who="3" m="34231" /><G95/><T36/><D36/><U19/><E80/><V135/><N who="2" m="50801" /><V34/><DORA hai="51" /><F34/><W59/><G92/><T102/><N who="0" m="25600" /><DORA hai="127" /><T82/><D82/><U83/><E53/><V65/><F65/><W0/><G59/><T13/><D46/><U33/><E33/><V24/><F24/><W61/><G61/><T47/><D47/><U123/><E83/><V124/><F124/><W130/><G130/><T93/><D93/><U16/><E123/><V37/><F37/><W113/><G113/><T48/><REACH who="0" step="1"/><D31/><REACH who="0" ten="76,420,200,294" step="2"/><U71/><E71/><V23/><AGARI ba="0,1" hai="12,18,23,76,79" m="111,49737,50801" machi="23" ten="50,12000,1" yaku="20,1,19,1,52,3" doraHai="41,51,127" who="2" fromWho="2" sc="76,-40,420,-40,200,130,294,-40" /><INIT seed="2,1,0,5,1,5" ten="36,380,330,254" oya="2" hai0="69,23,53,66,122,51,56,74,124,131,7,39,6" hai1="50,87,37,126,129,2,109,113,90,103,85,42,114" hai2="61,3,38,46,71,19,26,118,33,17,116,100,1" hai3="12,86,77,18,60,107,40,43,112,101,72,134,55"/><V8/><F100/><W96/><G134/><T16/><D122/><U64/><E2/><N who="2" m="523" /><F46/><W84/><G112/><T28/><D74/><U11/><E37/><V21/><F61/><W120/><G120/><T73/><D131/><U88/><E109/><V25/><F71/><W68/><G72/><T35/><D73/><U106/><E129/><V13/><F38/><W52/><G84/><T76/><D76/><U102/><E64/><V57/><F57/><W95/><G107/><T89/><D124/><U30/><E126/><V41/><F41/><N who="3" m="15947" /><G60/><T0/><D39/><U82/><E106/><V135/><F135/><W123/><G123/><T20/><D35/><U65/><E65/><V83/><F83/><N who="3" m="47471" /><G68/><T32/><D32/><U80/><E42/><V14/><F14/><W15/><G15/><T130/><D130/><U27/><E50/><V117/><F117/><W29/><G29/><AGARI ba="1,0" hai="8,13,17,19,21,25,26,29,33,116,118" m="523" machi="29" ten="30,5800,0" yaku="34,2,52,1" doraHai="5" who="2" fromWho="3" sc="36,0,380,0,330,61,254,-61" /><INIT seed="2,2,0,5,4,53" ten="36,380,391,193" oya="2" hai0="107,59,102,125,28,134,40,129,54,74,55,26,100" hai1="60,20,12,110,16,89,114,5,105,63,86,56,135" hai2="108,132,2,33,77,8,52,104,106,41,115,93,130" hai3="14,31,69,46,103,39,67,68,75,99,109,43,98"/><V126/><F33/><W83/><G109/><T9/><D74/><U71/><E105/><V133/><F41/><W85/><G67/><T119/><D119/><U120/><E114/><V58/><F115/><W128/><G128/><T95/><D129/><U1/><E110/><V15/><F108/><W48/><G75/><T118/><D118/><U64/><E120/><V61/><F2/><W13/><G31/><T0/><D107/><U88/><E135/><N who="2" m="51787" /><F130/><W6/><G98/><T62/><D134/><U10/><REACH who="1" step="1"/><E86/><REACH who="1" ten="36,370,391,193" step="2"/><V3/><F104/><W84/><G85/><T73/><D73/><U45/><E45/><V91/><F106/><W66/><G84/><T47/><D125/><U113/><E113/><V80/><F126/><W82/><G46/><T122/><D122/><U121/><E121/><V21/><F77/><W11/><G69/><T78/><D78/><U76/><E76/><V51/><F80/><W4/><G68/><T24/><D95/><U57/><E57/><V30/><F93/><W87/><G87/><T22/><D55/><AGARI ba="2,1" hai="1,5,10,12,16,20,55,56,60,63,64,71,88,89" machi="55" ten="30,12000,2" yaku="1,1,7,1,52,1,54,2,53,1" doraHai="53" doraHaiUra="17" who="1" fromWho="0" sc="36,-126,370,136,391,0,193,0" owari="-90,-59.0,506,60.6,391,19.1,193,-20.7" /></mjloggm>