<mjloggm ver="2.3"><GO type="225" lobby="0"/><UN n0="%54%4F%52" n1="%33%74%72%65%65" n2="%E6%97%A5%E6%9B%9C%E6%97%A5%E3%82%88%E3%82%8A%E3%81%AE%E4%BD%BF%E8%80%85" n3="%E6%80%AA%E3%81%97%E3%81%99%E3%81%8E%E3%82%8B%E3%83%81%E3%83%BC" dan="17,16,18,16" rate="2217.77,2088.91,2173.86,2146.04" sx="M,F,M,M"/><TAIKYOKU oya="0"/><INIT seed="0,0,0,5,3,39" ten="250,250,250,250" oya="0" hai0="124,37,31,74,118,18,32,106,55,98,34,99,107" hai1="41,82,125,10,111,113,49,3,122,104,134,56,14" hai2="1,105,66,22,80,127,23,109,19,76,86,60,70" hai3="89,78,8,135,130,100,126,115,90,116,73,0,128"/><T91/><D118/><U131/><E104/><V6/><F105/><W120/><G116/><T24/><D74/><U52/><E3/><V58/><F109/><W114/><G8/><T68/><D124/><U11/><E122/><V121/><F121/><W54/><G54/><T97/><D68/><U53/><E111/><V2/><F127/><W123/><G0/><T44/><D34/><U63/><E125/><V96/><F6/><W43/><G43/><T4/><D4/><U93/><E134/><V7/><F7/><W36/><G36/><T21/><D91/><N who="3" m="34825" /><G135/><T95/><D95/><U5/><E10/><V64/><F96/><W62/><G62/><T67/><D67/><U84/><E113/><N who="3" m="43018" /><G100/><T61/><D61/><U112/><E41/><V101/><F101/><W108/><G108/><T129/><D129/><N who="3" m="49769" /><G126/><T103/><D107/><U75/><E131/><V25/><F66/><W16/><G16/><T27/><REACH who="0" step="1"/><D37/><REACH who="0" ten="240,250,250,250" step="2"/><U26/><E63/><V17/><REACH who="2" step="1"/><F70/><REACH who="2" ten="240,250,240,250" step="2"/><W46/><G123/><T48/><AGARI ba="0,2" hai="18,21,24,27,31,32,44,48,55,97,98,99,103,106" machi="48" ten="30,6000,0" yaku="1,1,2,1,0,1,53,0" doraHai="39" doraHaiUra="133" who="0" fromWho="0" sc="240,80,250,-20,240,-20,250,-20" /><INIT seed="0,1,0,4,4,55" ten="320,230,220,230" oya="0" hai0="42,82,115,121,66,58,123,12,38,64,90,72,133" hai1="112,122,62,53,75,43,96,29,16,70,131,129,114" hai2="68,51,65,34,80,13,105,36,111,23,54,21,102" hai3="104,88,107,37,67,101,81,2,71,135,9,20,15"/><T87/><D115/><N who="1" m="44075" /><E122/><V19/><F36/><W35/><G135/><T98/><D133/><U89/><E75/><V3/><F34/><W57/><G37/><T5/><D72/><U50/><E29/><V91/><F3/><W33/><G71/><T49/><D38/><U11/><E43/><V52/><F111/><W127/><G2/><T60/><D123/><U73/><E73/><V56/><F68/><W14/><G127/><T79/><D121/><U17/><E96/><V128/><F128/><N who="1" m="49225" /><E89/><V27/><F105/><W130/><G33/><T22/><D66/><N who="1" m="41303" /><E11/><V106/><F106/><W84/><G35/><T117/><D117/><U26/><E26/><V108/><F108/><W118/><G118/><T126/><D126/><U77/><E77/><V100/><F91/><W97/><G107/><T32/><D32/><U94/><E94/><V85/><F80/><W44/><G130/><T125/><D125/><U63/><E63/><N who="2" m="38119" /><F85/><W25/><G9/><N who="0" m="4143" /><D98/><U47/><AGARI ba="1,0" hai="16,17,47,50,53" m="41303,49225,44075" machi="47" ten="30,4000,0" yaku="11,1,19,1,54,1" doraHai="55" who="1" fromWho="1" sc="320,-21,230,43,220,-11,230,-11" /><INIT seed="1,0,0,3,2,40" ten="299,273,209,219" oya="1" hai0="114,8,103,11,0,2,61,122,25,120,45,4,6" hai1="9,16,10,78,19,117,27,87,115,79,12,112,59" hai2="98,1,34,101,123,89,100,128,105,95,81,134,67" hai3="70,69,48,68,38,54,18,118,90,74,66,32,130"/><U63/><E117/><V80/><F34/><W15/><G38/><T56/><D114/><U43/><E115/><V127/><F1/><W14/><G74/><T92/><D25/><U57/><E112/><V135/><F67/><W76/><G76/><T23/><D23/><U21/><E9/><V99/><F123/><W126/><G32/><T107/><D107/><U93/><E43/><V55/><F55/><W72/><G72/><T20/><D20/><U88/><REACH who="1" step="1"/><E57/><REACH who="1" ten="299,263,209,219" step="2"/><V47/><F47/><W132/><G118/><T31/><D45/><U62/><E62/><V35/><F35/><W46/><G70/><T83/><D56/><U26/><E26/><V77/><F127/><W125/><G69/><T119/><D61/><U84/><E84/><N who="2" m="52647" /><F128/><W28/><G130/><T53/><D119/><U86/><E86/><N who="2" m="48399" /><F81/><W124/><G126/><T13/><D83/><U52/><AGARI ba="0,1" hai="10,12,16,19,21,27,52,59,63,78,79,87,88,93" machi="52" ten="20,18000,2" yaku="1,1,0,1,7,1,8,1,54,3,53,0" doraHai="40" doraHaiUra="131" who="1" fromWho="1" sc="299,-60,263,190,209,-60,219,-60" /><INIT seed="1,1,0,1,4,77" ten="239,453,149,159" oya="1" hai0="2,97,129,11,135,98,8,48,131,35,110,60,102" hai1="55,87,63,13,91,122,9,130,74,25,100,99,72" hai2="80,101,3,90,16,109,49,132,18,53,75,76,123" hai3="22,47,83,5,21,62,118,57,30,64,67,40,14"/><U105/><E122/><V43/><F123/><W51/><G118/><T119/><D119/><U17/><E130/><V121/><F121/><W19/><G5/><T4/><D35/><U116/><E116/><V86/><F3/><W26/><REACH who="3" step="1"/><G83/><REACH who="3" ten="239,453,149,149" step="2"/><T54/><D4/><U93/><REACH who="1" step="1"/><E25/><REACH who="1" ten="239,443,149,149" step="2"/><V33/><F132/><W114/><G114/><T65/><D135/><U78/><E78/><V31/><F76/><W0/><G0/><T120/><D2/><U89/><E89/><V44/><F90/><W1/><G1/><T82/><D120/><U68/><E68/><V115/><F115/><W79/><G79/><T32/><D129/><U106/><E106/><V127/><F127/><W94/><G94/><T27/><D27/><U103/><E103/><V71/><F101/><W124/><G124/><T6/><D102/><U92/><E92/><V38/><F71/><W42/><G42/><T95/><D95/><U7/><E7/><V73/><F43/><W15/><G15/><T81/><D6/><U56/><AGARI ba="1,2" hai="9,13,17,55,56,63,72,74,87,91,93,99,100,105" machi="56" ten="30,6000,0" yaku="1,1,0,1,53,1" doraHai="77" doraHaiUra="59" who="1" fromWho="1" sc="239,-21,443,83,149,-21,149,-21" /><INIT seed="1,2,0,2,2,34" ten="218,526,128,128" oya="1" hai0="114,84,106,18,130,29,46,101,25,70,121,118,32" hai1="54,71,123,23,16,27,80,13,112,53,35,132,94" hai2="104,128,85,10,40,61,37,103,57,64,5,19,119" hai3="31,1,11,82,89,124,48,49,55,96,65,38,14"/><U8/><E112/><V129/><F119/><W91/><G38/><T67/><D114/><U3/><E123/><V109/><F19/><W0/><G124/><T111/><D118/><U107/><E107/><V98/><F109/><W113/><G113/><T102/><D111/><U135/><E71/><V86/><F40/><W116/><G116/><T131/><D121/><U78/><E94/><V36/><F86/><N who="3" m="50391" /><G65/><T17/><D84/><U22/><E22/><V15/><REACH who="2" step="1"/><F85/><REACH who="2" ten="218,526,118,128" step="2"/><W50/><G31/><T56/><D29/><N who="1" m="19903" /><E135/><V4/><F4/><W7/><G7/><T87/><D17/><U90/><E132/><V133/><F133/><W30/><G30/><T52/><D18/><U41/><E41/><V79/><F79/><W75/><G75/><T69/><D87/><N who="1" m="50535" /><E78/><V2/><F2/><W33/><G0/><T76/><D76/><U95/><E3/><V83/><F83/><W100/><G1/><T44/><D131/><AGARI ba="2,1" hai="5,10,15,36,37,57,61,64,98,103,104,128,129,131" machi="131" ten="40,2600,0" yaku="1,1,19,1,53,0" doraHai="34" doraHaiUra="47" who="2" fromWho="0" sc="218,-32,526,0,118,42,128,0" /><INIT seed="2,0,0,4,2,11" ten="186,526,160,128" oya="2" hai0="91,130,23,80,103,44,17,20,29,5,96,115,28" hai1="111,10,58,63,0,33,53,51,37,30,94,113,82" hai2="59,121,85,27,118,47,83,8,81,13,133,67,120" hai3="46,74,127,71,32,78,50,26,19,35,87,107,126"/><V125/><F118/><W34/><G107/><T2/><D115/><U75/><E113/><V48/><F125/><N who="3" m="47627" /><G71/><T98/><D130/><U40/><E111/><V89/><F133/><W41/><G74/><T61/><D5/><U72/><E33/><N who="3" m="8450" /><W6/><DORA hai="38" /><G6/><T79/><D2/><U1/><E30/><V90/><F27/><W3/><G3/><T99/><D103/><U52/><E75/><V92/><F121/><W69/><G69/><T12/><D61/><U22/><E63/><N who="2" m="38399" /><F120/><W128/><G128/><T42/><D91/><U31/><E72/><V86/><F92/><W21/><G87/><N who="0" m="48543" /><D23/><U123/><E94/><V15/><F8/><W65/><G65/><T45/><D42/><AGARI ba="0,0" hai="13,15,42,47,48,81,83,85,86,89,90" m="38399" machi="42" ten="30,11600,0" yaku="8,1,52,3" doraHai="11,38" who="2" fromWho="0" sc="186,-116,526,0,160,116,128,0" /><INIT seed="2,1,0,1,5,83" ten="70,526,276,128" oya="2" hai0="45,51,85,47,127,78,20,101,97,135,29,106,18" hai1="10,79,92,66,113,91,46,108,42,132,100,56,109" hai2="30,44,115,120,89,12,7,75,25,61,59,1,58" hai3="112,130,110,119,81,84,33,16,77,4,114,67,21"/><V86/><F75/><W117/><G110/><T22/><D135/><U24/><E113/><N who="3" m="43626" /><G130/><T43/><D127/><U93/><E132/><V52/><F115/><W31/><G67/><T116/><D116/><N who="3" m="44617" /><G4/><T50/><D29/><U107/><E79/><V65/><F120/><W35/><G31/><T41/><D18/><U64/><E24/><AGARI ba="1,0" hai="16,21,24,33,35,77,81,84" m="44617,43626" machi="24" ten="30,3900,0" yaku="11,1,52,1,54,1" doraHai="83" who="3" fromWho="1" sc="70,0,526,-42,276,0,128,42" /><INIT seed="3,0,0,2,5,56" ten="70,484,276,170" oya="3" hai0="131,42,13,108,61,86,90,116,93,8,122,18,0" hai1="29,44,115,6,38,112,101,83,45,50,92,87,41" hai2="95,85,110,65,134,35,67,5,127,48,25,20,126" hai3="12,75,9,119,10,78,4,125,120,28,97,109,66"/><W103/><G120/><T30/><D122/><U22/><E6/><V46/><F35/><W43/><G119/><T94/><D116/><U133/><E133/><V47/><F5/><W124/><G43/><T89/><D108/><U104/><E104/><V58/><F110/><W52/><G28/><T36/><D131/><U14/><E92/><V91/><F134/><W7/><G78/><T27/><D0/><U105/><E101/><V121/><F121/><W113/><G75/><T71/><D42/><U59/><E59/><V24/><F24/><W37/><G37/><T111/><D36/><U11/><E105/><V40/><F47/><W81/><G81/><T34/><D111/><U15/><E22/><V55/><F127/><W80/><G80/><T96/><REACH who="0" step="1"/><D71/><REACH who="0" ten="60,484,276,170" step="2"/><U99/><E38/><V26/><F40/><W2/><G109/><T74/><D74/><U106/><E41/><V19/><F126/><W32/><G2/><T70/><D70/><U3/><E3/><V84/><F46/><W68/><G68/><T72/><D72/><U51/><E44/><V54/><F54/><W114/><G52/><T100/><D100/><U132/><E45/><V130/><F130/><W17/><G103/><T79/><D79/><U117/><E117/><V21/><F55/><W60/><G124/><T57/><D57/><U135/><E135/><V77/><F58/><N who="3" m="37143" /><G125/><T63/><AGARI ba="0,1" hai="8,13,18,27,30,34,61,63,86,89,90,93,94,96" machi="63" ten="30,7900,0" yaku="1,1,0,1,52,2,53,0" doraHai="56" doraHaiUra="128" who="0" fromWho="0" sc="60,89,484,-20,276,-20,170,-39" owari="149,-25.1,464,56.4,256,5.6,131,-36.9" /></mjloggm>