<mjloggm ver="2.3"><GO type="225" lobby="0"/><UN n0="%E3%81%B5%E3%81%98%E3%81%8B%E3%81%A4" n1="%E3%81%BF%E3%81%BF%E3%81%9A" n2="%E3%83%A9%E3%83%96%E3%83%AC%E3%83%BC" n3="%E9%B3%B3%E6%9D%B1%E3%81%AE%E3%81%86%E3%81%95%E3%81%8E%E3%81%95%E3%82%93" dan="16,17,17,17" rate="2195.17,2244.17,2119.92,2283.98" sx="M,M,M,M"/><TAIKYOKU oya="0"/><INIT seed="0,0,0,5,0,30" ten="250,250,250,250" oya="0" hai0="89,32,70,107,48,73,115,63,43,118,122,76,101" hai1="47,69,37,110,98,46,13,81,34,130,55,121,97" hai2="74,53,80,16,112,78,113,126,111,5,68,29,39" hai3="22,66,23,59,3,120,129,19,62,96,21,133,87"/><T91/><D115/><U83/><E121/><V65/><F39/><W123/><G129/><T41/><D122/><N who="3" m="46633" /><G133/><T51/><D118/><U2/><E2/><V40/><F40/><W31/><G3/><T64/><D73/><U7/><E69/><V94/><F5/><W10/><G87/><T54/><D76/><U44/><E37/><V84/><F29/><W67/><G96/><N who="1" m="36970" /><E34/><V36/><F36/><W135/><G135/><T79/><D79/><U75/><E75/><V86/><F65/><N who="3" m="39135" /><G31/><T11/><D107/><U132/><E110/><V71/><F111/><W1/><G19/><T57/><D101/><U25/><E132/><V108/><F108/><W114/><G114/><T18/><D32/><U131/><E25/><V45/><F71/><W124/><G124/><T61/><D48/><U105/><E105/><V102/><F68/><W50/><G50/><T90/><REACH who="0" step="1"/><D51/><REACH who="0" ten="240,250,250,250" step="2"/><N who="1" m="29159" /><E131/><V35/><F102/><W134/><G134/><T93/><D93/><U77/><E130/><V100/><F35/><W104/><G104/><T109/><D109/><U116/><E116/><V85/><F100/><W12/><G1/><T24/><D24/><U117/><E117/><V14/><F94/><W49/><G49/><T88/><N who="0" m="22528" /><DORA hai="20" /><T92/><D92/><U17/><E77/><V33/><F33/><W127/><G127/><T128/><D128/><U99/><N who="1" m="36978" /><U119/><DORA hai="56" /><E119/><V42/><F126/><W106/><G106/><T28/><D28/><U9/><E46/><V0/><F0/><W26/><G26/><T82/><D82/><N who="1" m="31243" /><E47/><V27/><F113/><W103/><G103/><RYUUKYOKU ba="0,1" sc="240,10,250,10,250,-30,250,10" hai0="11,18,41,43,54,57,61,63,64,70" hai1="7,9,13,17" hai3="10,12,21,22,23,66,67" /><INIT seed="0,1,1,0,4,117" ten="250,260,220,260" oya="0" hai0="39,93,118,43,2,92,14,12,135,113,75,31,35" hai1="29,72,23,25,110,132,82,61,52,85,74,104,122" hai2="130,87,111,76,58,71,59,63,125,115,83,56,8" hai3="91,11,6,123,69,3,95,88,67,48,112,0,131"/><T103/><D118/><U96/><E122/><V34/><F34/><W127/><G112/><T98/><D113/><U27/><E110/><V33/><F33/><W105/><G105/><T7/><D75/><U15/><E132/><V129/><F115/><W78/><G0/><T66/><D135/><U41/><E41/><V107/><F107/><W36/><G36/><T77/><D77/><U99/><E74/><V45/><F111/><W119/><G119/><T97/><D66/><U19/><E72/><V51/><F125/><W1/><G1/><T65/><D65/><U73/><E73/><V46/><F71/><W121/><G78/><T89/><D35/><U134/><E104/><V44/><F8/><W114/><G114/><T53/><D31/><U133/><E134/><V64/><F51/><W94/><G127/><T100/><D89/><N who="3" m="34377" /><G48/><T26/><D26/><N who="1" m="9739" /><E29/><V9/><REACH who="2" step="1"/><F9/><REACH who="2" ten="250,260,210,260" step="2"/><W40/><G69/><T16/><D39/><U4/><E133/><V54/><F54/><W57/><G40/><T124/><D43/><U80/><E4/><V13/><F13/><W49/><G49/><T90/><D124/><U32/><E32/><V120/><F120/><N who="3" m="46155" /><G131/><T55/><D2/><U86/><E80/><V50/><F50/><W68/><G68/><T30/><D12/><U38/><E82/><V22/><F22/><W116/><G116/><T37/><D37/><U28/><E38/><V102/><F102/><W79/><G79/><T24/><D103/><U20/><E20/><V70/><AGARI ba="1,2" hai="44,45,46,56,58,59,63,64,70,76,83,87,129,130" machi="70" ten="40,2700,0" yaku="1,1,0,1,53,0" doraHai="117" doraHaiUra="10" who="2" fromWho="2" sc="250,-14,260,-8,210,50,260,-8" /><INIT seed="1,0,0,2,0,118" ten="236,252,260,252" oya="1" hai0="77,59,86,105,52,60,42,21,133,22,23,88,34" hai1="9,55,25,45,47,64,99,11,123,54,75,132,1" hai2="120,91,112,128,134,103,117,101,130,46,7,37,85" hai3="92,48,44,107,125,30,26,61,83,116,135,89,24"/><U131/><E75/><V110/><F117/><W10/><G116/><T58/><D34/><U31/><E64/><V87/><F7/><W13/><G107/><T43/><D105/><U97/><E132/><V115/><F134/><W8/><G135/><T93/><D133/><U114/><E131/><N who="2" m="50219" /><F110/><W15/><G83/><T104/><D104/><U67/><E67/><V111/><F111/><W41/><G61/><N who="0" m="36039" /><D77/><U35/><E114/><N who="2" m="43563" /><F120/><W102/><G102/><N who="2" m="38921" /><F91/><W84/><G125/><T109/><D109/><U71/><E123/><V100/><N who="2" m="38929" /><V49/><DORA hai="80" /><F37/><W20/><REACH who="3" step="1"/><G26/><REACH who="3" ten="236,252,260,242" step="2"/><T32/><D32/><U129/><E25/><V57/><F57/><W126/><G126/><T6/><D6/><U79/><E35/><V96/><F96/><W12/><AGARI ba="0,1" hai="8,10,12,13,15,20,24,30,41,44,48,84,89,92" machi="12" ten="30,7900,0" yaku="1,1,0,1,8,1,52,1,53,0" doraHai="118,80" doraHaiUra="76,69" who="3" fromWho="3" sc="236,-20,252,-39,260,-20,242,89" /><INIT seed="2,0,0,3,0,112" ten="216,213,240,331" oya="2" hai0="100,50,86,34,21,43,64,16,114,127,38,106,74" hai1="37,95,93,59,67,128,15,41,77,54,70,105,10" hai2="65,5,123,7,124,83,103,18,2,113,76,89,23" hai3="12,62,78,88,118,35,17,48,91,26,80,24,61"/><V1/><F113/><W51/><G118/><T11/><D114/><U81/><E105/><V109/><F123/><W32/><G12/><T110/><D74/><U20/><E128/><V60/><F103/><W132/><G17/><T14/><D34/><U101/><E70/><V19/><F124/><W122/><G80/><T53/><D127/><U9/><E67/><V94/><F109/><W69/><G69/><T13/><D110/><U39/><E39/><V44/><F44/><W111/><G111/><T104/><D64/><U27/><E41/><V116/><F116/><W0/><G78/><T130/><D130/><U129/><E37/><V22/><F1/><W96/><G96/><T49/><D86/><N who="1" m="48431" /><E129/><V28/><F60/><W108/><G108/><T45/><D100/><U133/><E133/><V47/><F47/><W119/><G119/><T92/><D92/><N who="1" m="35403" /><E15/><N who="2" m="9567" /><F2/><W55/><G0/><T115/><D115/><U99/><E99/><N who="2" m="57807" /><F65/><W126/><G126/><T85/><D85/><U31/><E101/><V68/><F28/><W87/><G87/><T71/><D71/><U120/><E120/><V52/><F68/><W97/><G97/><T8/><D38/><U33/><E33/><V36/><F36/><W42/><G122/><T25/><D106/><U121/><E121/><V58/><F83/><W75/><G75/><T117/><D104/><U57/><E57/><V73/><F73/><W82/><G82/><T79/><D117/><U56/><E56/><V29/><F29/><W125/><G125/><T98/><D98/><U131/><E131/><V30/><F30/><W4/><G132/><RYUUKYOKU ba="0,0" sc="216,-10,213,30,240,-10,331,-10" hai1="9,10,20,27,31,54,59" /><INIT seed="3,1,0,0,0,75" ten="206,243,230,321" oya="3" hai0="5,26,56,99,46,12,105,45,107,43,74,4,47" hai1="57,117,51,101,84,27,87,113,110,25,30,68,66" hai2="64,80,32,50,0,3,88,1,70,119,135,33,118" hai3="71,72,36,15,94,21,38,104,67,81,61,96,121"/><W123/><G21/><T122/><D122/><N who="3" m="46601" /><G94/><T120/><D120/><U6/><E110/><V125/><F135/><W130/><G15/><T109/><D109/><U111/><E113/><V52/><F125/><W116/><G116/><T39/><D74/><U91/><E68/><V83/><F70/><W90/><G90/><T76/><D26/><U86/><E111/><V126/><F64/><W108/><G108/><T48/><D39/><U106/><E117/><V112/><F112/><W65/><G65/><T63/><D107/><U133/><E133/><V35/><F126/><W92/><G92/><T129/><D105/><U34/><E25/><V10/><F10/><W17/><G17/><T59/><D99/><U16/><E6/><N who="0" m="2665" /><D12/><U19/><E91/><V11/><F11/><W22/><G22/><T14/><D14/><U20/><E34/><V82/><F88/><W124/><G124/><T49/><D43/><U18/><E106/><V29/><F29/><W55/><G36/><T24/><D24/><U44/><E101/><V98/><F98/><W103/><G38/><T115/><D115/><U54/><REACH who="1" step="1"/><E66/><REACH who="1" ten="206,233,230,321" step="2"/><V79/><F119/><W131/><G67/><N who="0" m="39399" /><D129/><U132/><E132/><V128/><F128/><W2/><G71/><T69/><D69/><U40/><E40/><V95/><F118/><W114/><G114/><T102/><D102/><U60/><E60/><V97/><F95/><W23/><G131/><T7/><N who="0" m="2673" /><T9/><DORA hai="85" /><D76/><U127/><E127/><V8/><F8/><W42/><G130/><T73/><D73/><U28/><E28/><V31/><F31/><RYUUKYOKU ba="1,1" sc="206,-10,233,30,230,-10,321,-10" hai1="16,18,19,20,27,30,44,51,54,57,84,86,87" owari="196,-30.4,263,6.3,220,-18.0,321,42.1" /></mjloggm>