<mjloggm ver="2.3"><GO type="225" lobby="0"/><UN n0="%E3%81%BF%E3%81%BF%E3%81%9A" n1="%E9%B3%B3%E6%9D%B1%E3%81%AE%E3%81%86%E3%81%95%E3%81%8E%E3%81%95%E3%82%93" n2="%E3%81%B5%E3%81%98%E3%81%8B%E3%81%A4" n3="%E3%81%AF%E3%82%88%E3%81%8A%E3%81%98%E3%81%95%E3%82%93" dan="16,17,16,17" rate="2232.37,2257.54,2195.21,2158.34" sx="M,M,M,M"/><TAIKYOKU oya="0"/><INIT seed="0,0,0,2,0,0" ten="250,250,250,250" oya="0" hai0="112,29,6,60,41,10,123,73,1,110,40,21,38" hai1="53,88,79,107,63,125,66,95,103,52,5,135,3" hai2="104,81,102,7,16,70,96,68,118,92,42,71,86" hai3="117,119,14,55,58,109,17,2,51,34,54,50,80"/><T124/><D112/><U84/><E135/><V22/><F118/><W89/><G109/><T120/><D124/><U98/><E125/><V67/><F42/><W61/><G34/><T9/><D110/><U37/><E37/><V39/><F39/><W4/><G2/><T97/><D10/><U85/><E3/><V134/><F134/><W130/><G130/><T131/><D131/><U132/><E132/><V100/><F100/><W126/><G126/><T35/><D41/><U23/><E5/><V49/><F49/><W76/><G89/><T13/><D97/><U36/><E36/><V94/><F7/><W75/><G4/><T115/><D60/><U111/><E23/><V129/><F67/><W121/><G121/><T26/><D73/><U20/><E20/><V56/><F56/><W33/><G33/><T24/><D115/><U106/><E106/><V62/><F62/><W44/><REACH who="3" step="1"/><G61/><REACH who="3" ten="250,250,250,240" step="2"/><T12/><D38/><U128/><E111/><V113/><F113/><W31/><G31/><N who="0" m="19943" /><D40/><U116/><E128/><V77/><REACH who="2" step="1"/><F129/><REACH who="2" ten="250,250,240,240" step="2"/><W122/><G122/><AGARI ba="0,2" hai="1,6,9,12,13,21,26,29,120,122,123" m="19943" machi="122" ten="30,5800,0" yaku="34,2,52,1" doraHai="0" who="0" fromWho="3" sc="250,78,250,0,240,0,240,-58" /><INIT seed="0,1,0,3,1,82" ten="328,250,240,182" oya="0" hai0="52,40,97,131,124,108,27,89,85,110,58,3,127" hai1="114,23,30,35,20,132,83,9,50,87,121,4,43" hai2="75,68,38,57,102,42,105,18,1,59,94,10,106" hai3="44,107,117,130,78,129,84,70,60,123,21,90,125"/><T113/><D113/><U0/><E121/><V41/><F68/><W56/><G117/><T101/><D3/><U62/><E114/><V80/><F42/><W65/><G107/><N who="0" m="63919" /><D27/><U28/><E132/><V31/><F59/><W37/><G78/><T86/><D40/><U112/><E112/><V103/><F31/><W93/><G123/><T76/><D76/><U33/><E30/><V119/><F57/><W135/><G135/><T74/><D74/><U63/><E33/><V67/><F67/><W19/><G125/><N who="0" m="48203" /><D131/><U25/><E35/><V69/><F119/><W46/><G70/><T14/><D14/><U126/><E126/><V79/><F69/><W15/><REACH who="3" step="1"/><G37/><REACH who="3" ten="328,250,240,172" step="2"/><T99/><D110/><U32/><E32/><V118/><F118/><W6/><G6/><T95/><D108/><U36/><E36/><V98/><F103/><W133/><G133/><T39/><D39/><U88/><REACH who="1" step="1"/><E20/><REACH who="1" ten="328,240,240,172" step="2"/><V29/><F38/><W17/><G17/><T122/><D122/><U55/><E55/><V91/><F18/><W77/><G77/><T8/><D8/><U111/><E111/><V45/><F10/><W104/><G104/><T81/><D81/><U48/><E48/><AGARI ba="1,2" hai="48,52,58,85,86,89,95,99" m="48203,63919" machi="48" ten="30,11600,0" yaku="18,1,52,2,54,1" doraHai="82" who="0" fromWho="1" sc="328,139,240,-119,240,0,172,0" /><INIT seed="0,2,0,2,2,123" ten="467,121,240,172" oya="0" hai0="127,12,42,72,113,24,95,11,98,10,57,41,133" hai1="124,31,62,54,38,129,61,63,104,115,92,116,14" hai2="4,46,66,126,40,50,80,53,100,96,121,68,52" hai3="131,74,2,83,20,84,76,94,111,48,29,75,70"/><T112/><D72/><U3/><E116/><V93/><F121/><W27/><G70/><T45/><D41/><U71/><E3/><V5/><F126/><W110/><G2/><T132/><D24/><U47/><E104/><V49/><F68/><W97/><G131/><T23/><D57/><U9/><E129/><V19/><F66/><W60/><G60/><T90/><D23/><U56/><E124/><V73/><F40/><W18/><G48/><T32/><D32/><U25/><E115/><V117/><F117/><W69/><G69/><T37/><D10/><U67/><E92/><V30/><F30/><W26/><G75/><T51/><D37/><U1/><E1/><V86/><F73/><W39/><G39/><T28/><D28/><U65/><E38/><V8/><F19/><W13/><G74/><T109/><D127/><U135/><E135/><N who="0" m="51785" /><D112/><U0/><E0/><V33/><F8/><W21/><REACH who="3" step="1"/><G26/><REACH who="3" ten="467,121,240,162" step="2"/><T85/><D113/><U102/><E62/><V55/><F50/><W87/><G87/><T44/><D85/><U15/><E65/><V58/><F33/><W120/><G120/><T22/><D45/><U107/><E47/><V43/><REACH who="2" step="1"/><F58/><REACH who="2" ten="467,121,230,162" step="2"/><W81/><G81/><T105/><D51/><U108/><E71/><V125/><F125/><W89/><AGARI ba="2,2" hai="13,18,20,21,27,29,76,83,84,89,94,97,110,111" machi="89" ten="30,7900,0" yaku="1,1,0,1,52,2,53,0" doraHai="123" doraHaiUra="59" who="3" fromWho="3" sc="467,-41,121,-22,230,-22,162,105" /><INIT seed="1,0,0,5,5,105" ten="426,99,208,267" oya="1" hai0="12,135,8,0,38,125,26,107,119,18,3,83,90" hai1="121,63,87,32,25,120,88,44,130,68,17,7,65" hai2="4,41,128,6,85,23,16,132,52,123,27,10,30" hai3="126,21,113,109,61,48,96,116,102,34,9,127,106"/><U84/><E130/><V103/><F123/><W70/><G109/><T134/><D119/><U131/><E131/><V49/><F132/><N who="0" m="50730" /><D125/><N who="3" m="47625" /><G34/><T111/><D111/><U43/><E84/><V114/><F128/><W78/><G116/><T122/><D122/><U124/><E124/><V99/><F114/><W100/><G113/><T22/><D107/><U45/><E7/><V42/><F85/><W73/><G102/><T129/><D38/><U37/><E44/><V57/><F30/><W75/><G78/><T69/><D69/><U29/><REACH who="1" step="1"/><E17/><REACH who="1" ten="426,89,208,267" step="2"/><V66/><F4/><W92/><G75/><T31/><D129/><U20/><E20/><V39/><F39/><W67/><G21/><T24/><D83/><AGARI ba="0,1" hai="25,29,32,37,43,45,63,65,68,83,87,88,120,121" machi="83" ten="30,5800,0" yaku="1,1,7,1,54,1,53,0" doraHai="105" doraHaiUra="101" who="1" fromWho="0" sc="426,-58,89,68,208,0,267,0" /><INIT seed="1,1,0,0,2,135" ten="368,157,208,267" oya="1" hai0="18,49,6,72,36,124,48,21,126,125,57,117,34" hai1="82,67,119,8,27,65,52,105,69,3,131,2,23" hai2="84,31,60,110,32,88,38,128,11,120,98,115,133" hai3="101,54,90,113,102,77,35,93,74,63,89,95,56"/><U81/><E119/><V29/><F120/><W121/><G121/><T33/><D117/><U94/><E105/><V9/><F38/><W37/><G113/><T85/><D36/><U13/><E131/><V15/><F115/><W61/><G37/><T14/><D72/><U134/><E134/><V71/><F110/><W123/><G123/><T46/><D85/><U59/><E69/><V4/><F133/><W30/><G35/><T116/><D116/><U87/><E94/><V112/><F112/><W130/><G130/><T78/><D78/><U26/><E2/><V107/><F11/><W40/><G40/><N who="0" m="24647" /><D6/><N who="1" m="3223" /><E3/><V47/><F32/><W79/><G30/><T76/><D76/><N who="3" m="29257" /><G61/><T127/><N who="0" m="31744" /><DORA hai="51" /><T12/><D12/><U7/><E7/><V41/><F4/><W28/><G74/><T114/><D114/><U70/><E70/><V16/><F71/><W99/><G28/><T19/><D18/><N who="1" m="12663" /><E27/><V62/><F128/><W108/><G108/><T55/><AGARI ba="1,0" hai="14,19,21,33,34,49,55,57" m="31744,24647" machi="55" ten="60,12000,2" yaku="18,1,52,5" doraHai="135,51" who="0" fromWho="0" sc="368,123,157,-61,208,-31,267,-31" /><INIT seed="2,0,0,1,5,61" ten="491,96,177,236" oya="2" hai0="6,12,69,56,80,13,22,60,83,20,8,29,39" hai1="73,48,5,98,81,16,31,116,72,9,105,58,41" hai2="77,135,63,11,122,126,14,129,117,121,57,47,79" hai3="44,7,102,99,133,115,24,71,51,46,111,92,85"/><V3/><F117/><W67/><G111/><T120/><D39/><U36/><E116/><V130/><F3/><W21/><G133/><T100/><D69/><U91/><E36/><V90/><F47/><W114/><G7/><T52/><D120/><U43/><E31/><V0/><F0/><W87/><G67/><T68/><D68/><U70/><E70/><V134/><F90/><W103/><G71/><T113/><D113/><N who="3" m="43017" /><G103/><T97/><D20/><U45/><E41/><V127/><F77/><W27/><G44/><T34/><D34/><U101/><E5/><N who="2" m="3439" /><F57/><W108/><G108/><T106/><REACH who="0" step="1"/><D13/><REACH who="0" ten="481,96,177,236" step="2"/><U1/><E1/><V96/><F121/><W110/><G110/><T82/><D82/><U4/><E4/><V74/><F122/><W42/><G24/><AGARI ba="0,1" hai="6,8,12,22,24,29,52,56,60,80,83,97,100,106" machi="24" ten="40,5200,0" yaku="1,1,54,1,53,1" doraHai="61" doraHaiUra="93" who="0" fromWho="3" sc="481,62,96,0,177,0,236,-52" /><INIT seed="3,0,0,3,0,33" ten="543,96,177,184" oya="3" hai0="24,87,13,56,88,76,89,123,128,75,21,4,26" hai1="9,62,19,90,79,0,50,135,7,95,132,27,125" hai2="15,8,29,37,73,28,20,106,45,52,46,14,112" hai3="133,92,38,40,130,12,94,105,98,101,44,51,32"/><W107/><G32/><T118/><D118/><U63/><E79/><V83/><F106/><W120/><G120/><T61/><D123/><U72/><E72/><V30/><F37/><W131/><G133/><T99/><D75/><U3/><E125/><V43/><F73/><W55/><G12/><T57/><D128/><N who="3" m="49193" /><G94/><N who="0" m="56775" /><D76/><U11/><E50/><N who="2" m="26943" /><F112/><W82/><G82/><N who="0" m="49399" /><D57/><AGARI ba="0,0" hai="38,40,44,51,55,57,92,98,101,105,107" m="49193" machi="57" ten="30,1500,0" yaku="19,1" doraHai="33" who="3" fromWho="0" sc="543,-15,96,0,177,0,184,15" /><INIT seed="3,1,0,3,5,96" ten="528,96,177,199" oya="3" hai0="116,130,81,93,45,2,117,20,127,14,61,15,78" hai1="121,41,71,89,46,31,33,38,39,21,94,97,32" hai2="7,118,83,120,6,24,133,134,29,56,3,66,35" hai3="73,8,102,64,125,103,129,62,122,54,100,11,101"/><W49/><G122/><T88/><D2/><U50/><E121/><V111/><F120/><W23/><G73/><T108/><D45/><U67/><E21/><V84/><F111/><W25/><G125/><T124/><D108/><U28/><E33/><V90/><F118/><N who="0" m="45674" /><D61/><U105/><E105/><V1/><F56/><N who="3" m="36935" /><G102/><T126/><D20/><U85/><E32/><V42/><F66/><W104/><G129/><T115/><D130/><U53/><E39/><V30/><F42/><W132/><G132/><N who="2" m="50793" /><F30/><N who="3" m="17727" /><G104/><T47/><D47/><AGARI ba="1,0" hai="8,11,47,49,54,100,101,103" m="17727,36935" machi="47" ten="30,11600,0" yaku="8,1,52,3" doraHai="96" who="3" fromWho="0" sc="528,-119,96,0,177,0,199,119" /><INIT seed="3,2,0,5,2,24" ten="409,96,177,318" oya="3" hai0="42,93,122,128,64,66,124,115,125,114,97,30,112" hai1="83,4,86,134,35,39,72,23,50,28,17,129,89" hai2="71,102,74,70,135,132,8,62,67,34,26,3,2" hai3="110,84,79,37,119,111,131,53,0,46,82,44,55"/><W65/><G119/><T118/><D118/><U29/><E39/><V21/><F74/><W5/><G131/><T16/><D128/><U117/><E129/><V1/><F102/><W116/><G116/><T49/><D30/><N who="1" m="11883" /><E35/><V19/><F34/><W10/><G65/><N who="0" m="25195" /><D122/><U68/><E68/><N who="2" m="42103" /><F8/><W61/><G37/><T75/><D75/><U51/><E72/><V25/><F25/><W95/><G95/><T100/><D16/><U43/><E117/><V45/><F45/><AGARI ba="2,0" hai="42,45,49,93,97,100,112,114,115,124,125" m="25195" machi="45" ten="40,1300,0" yaku="11,1" doraHai="24" who="0" fromWho="2" sc="409,19,96,0,177,-19,318,0" owari="428,52.8,96,-40.4,158,-24.2,318,11.8" /></mjloggm>