<mjloggm ver="2.3"><GO type="225" lobby="0"/><UN n0="%E5%AE%AE%E4%BF%9D%E9%B6%8F%E8%82%89" n1="%E3%83%AD%E3%83%83%E3%83%86%E9%9B%80%E7%90%83" n2="%E7%89%B9%E6%9D%B1%E3%81%AF%E4%B8%96%E7%95%8C%E3%82%92%E6%95%91%E3%81%86" n3="%73%61%6E%64%69%72%69%73" dan="16,17,16,16" rate="2137.43,2233.50,2151.80,2201.45" sx="M,M,M,M"/><TAIKYOKU oya="0"/><INIT seed="0,0,0,3,5,37" ten="250,250,250,250" oya="0" hai0="132,28,7,101,33,117,121,123,14,119,46,45,36" hai1="13,34,85,95,105,88,92,89,32,94,115,81,4" hai2="111,91,74,104,87,102,113,97,118,106,86,125,103" hai3="108,56,60,17,42,69,2,3,68,70,30,31,38"/><T43/><D101/><N who="2" m="38410" /><F113/><W96/><G108/><T55/><D132/><U134/><E105/><N who="2" m="40555" /><F111/><W93/><G17/><T120/><D33/><U77/><E134/><V83/><F125/><W128/><G128/><T40/><D28/><U18/><E4/><V26/><F118/><N who="0" m="45066" /><D14/><U52/><E115/><V76/><F26/><W90/><G31/><T41/><D7/><U24/><E52/><V22/><F22/><W11/><G30/><T112/><D112/><U20/><REACH who="1" step="1"/><E24/><REACH who="1" ten="250,240,250,250" step="2"/><V19/><F19/><W0/><G60/><T50/><AGARI ba="0,1" hai="36,40,41,43,45,46,50,55,120,121,123" m="45066" machi="50" ten="40,12000,1" yaku="34,2,52,3" doraHai="37" who="0" fromWho="0" sc="250,130,240,-40,250,-40,250,-40" /><INIT seed="0,1,0,4,1,99" ten="380,200,210,210" oya="0" hai0="116,49,13,69,23,7,65,103,29,61,126,47,55" hai1="125,18,75,72,123,82,132,129,78,20,106,114,73" hai2="53,10,113,93,87,74,84,59,122,38,135,4,57" hai3="27,80,133,62,124,35,50,3,64,91,37,97,117"/><T19/><D126/><U16/><E123/><V115/><F122/><W66/><G37/><T33/><D116/><U111/><E111/><V121/><F121/><W9/><G117/><T15/><D33/><U0/><E129/><V12/><F74/><W30/><G133/><T101/><REACH who="0" step="1"/><D29/><REACH who="0" ten="370,200,210,210" step="2"/><U54/><E125/><V104/><F135/><W52/><G124/><T41/><D41/><U118/><E132/><V51/><F115/><W108/><G30/><T96/><D96/><U40/><E114/><V39/><F113/><W36/><G97/><T68/><D68/><U110/><E40/><V105/><F39/><W67/><G35/><T131/><D131/><U134/><E134/><V32/><F38/><W83/><G36/><T48/><D48/><U81/><E118/><V71/><F32/><W98/><G50/><T8/><AGARI ba="1,1" hai="7,8,13,15,19,23,47,49,55,61,65,69,101,103" machi="8" ten="30,12000,1" yaku="1,1,0,1,52,2,53,1" doraHai="99" doraHaiUra="42" who="0" fromWho="0" sc="370,133,200,-41,210,-41,210,-41" /><INIT seed="0,2,0,3,3,45" ten="503,159,169,169" oya="0" hai0="118,109,73,83,27,112,78,124,93,4,42,76,63" hai1="0,111,85,18,104,99,89,58,116,3,120,72,74" hai2="56,115,103,41,9,22,94,26,32,8,65,7,66" hai3="100,13,55,91,49,90,11,5,53,31,97,10,80"/><T62/><D112/><U40/><E116/><V69/><F115/><W86/><G31/><T129/><D118/><U70/><E120/><V95/><F32/><W106/><G55/><T38/><D129/><U1/><E70/><V132/><F69/><W75/><G75/><T71/><D124/><U47/><E111/><V113/><F113/><W52/><G53/><T28/><D109/><U43/><E58/><V23/><F132/><W51/><G11/><T123/><D123/><U16/><E43/><V24/><F103/><W25/><G25/><T102/><D4/><U59/><E59/><V21/><F56/><W87/><REACH who="3" step="1"/><G52/><REACH who="3" ten="503,159,169,159" step="2"/><T107/><D27/><N who="2" m="10282" /><F41/><W121/><G121/><T92/><D28/><U50/><E74/><V105/><F7/><W133/><G133/><T30/><D30/><U12/><E72/><V134/><F134/><W61/><G61/><T122/><D122/><U57/><E57/><V33/><F33/><W64/><G64/><N who="2" m="24681" /><F105/><W77/><G77/><T101/><D107/><U125/><E125/><V29/><F29/><W114/><G114/><T96/><D42/><U110/><E110/><V117/><F117/><W20/><G20/><T98/><D73/><U88/><E104/><V17/><F17/><W60/><G60/><T135/><D135/><U35/><E35/><V15/><F15/><W82/><AGARI ba="2,1" hai="5,10,13,49,51,80,82,86,87,90,91,97,100,106" machi="82" ten="20,12000,2" yaku="1,1,0,1,7,1,9,1,52,2,53,0" doraHai="45" doraHaiUra="68" who="3" fromWho="3" sc="503,-62,159,-32,169,-32,159,136" /><INIT seed="1,0,0,5,4,115" ten="441,127,137,295" oya="1" hai0="108,66,135,58,82,127,36,70,57,67,73,19,16" hai1="126,77,104,4,22,91,110,31,54,63,46,84,122" hai2="113,10,81,133,92,47,52,35,90,59,125,109,100" hai3="32,88,30,29,112,71,134,130,119,12,13,87,101"/><U38/><E122/><V114/><F109/><W86/><G112/><N who="2" m="43113" /><F133/><W3/><G3/><T105/><D105/><U60/><E104/><V39/><F35/><W97/><G71/><T6/><D36/><U23/><E126/><V107/><F125/><W55/><G130/><T45/><D6/><U44/><E110/><V93/><F10/><W9/><G134/><T96/><D96/><U40/><E77/><V75/><F107/><W102/><G32/><T116/><D45/><U8/><E44/><V56/><F100/><W48/><G119/><T33/><D33/><U14/><E54/><V120/><F120/><W124/><G87/><T7/><D7/><U83/><REACH who="1" step="1"/><E23/><REACH who="1" ten="441,117,137,295" step="2"/><V95/><F39/><W15/><G55/><T106/><D106/><U49/><E49/><N who="2" m="28735" /><F90/><W129/><G88/><T27/><D135/><U79/><E79/><AGARI ba="0,1" hai="56,59,75,79,81,92,93,95" m="28735,43113" machi="79" ten="30,2000,0" yaku="11,1,54,1" doraHai="115" who="2" fromWho="1" sc="441,0,117,-20,137,30,295,0" /><INIT seed="2,0,0,5,5,84" ten="441,97,167,295" oya="2" hai0="79,9,39,103,21,13,10,92,7,58,115,54,2" hai1="57,81,24,33,87,30,120,124,96,110,131,27,109" hai2="106,88,64,25,28,98,63,37,134,107,47,59,100" hai3="127,102,11,17,132,34,26,56,49,83,122,99,71"/><V105/><F134/><W51/><G71/><T61/><D115/><U73/><E124/><V53/><F37/><W104/><G122/><T67/><D39/><U29/><E131/><V94/><F47/><W14/><G127/><T101/><D79/><U20/><E120/><V95/><F53/><W66/><G132/><T126/><D126/><U130/><E130/><V43/><F43/><W86/><G34/><T19/><D92/><U93/><E73/><V118/><F118/><W85/><G85/><T31/><D31/><U117/><E117/><V70/><F70/><W97/><G26/><T45/><D45/><U36/><E36/><V38/><F38/><W72/><G99/><T116/><D116/><U18/><E18/><V44/><F44/><W129/><G72/><T46/><D46/><U35/><E20/><V5/><F5/><W128/><G128/><T125/><D125/><U32/><E57/><V74/><F74/><W6/><G6/><T108/><D108/><U69/><E69/><V90/><REACH who="2" step="1"/><F95/><REACH who="2" ten="441,97,157,295" step="2"/><N who="3" m="58687" /><G129/><T80/><D54/><U111/><E35/><AGARI ba="0,1" hai="25,28,35,59,63,64,88,90,94,98,100,105,106,107" machi="35" ten="40,12000,1" yaku="1,1,52,2,54,1,53,0" doraHai="84" doraHaiUra="1" who="2" fromWho="1" sc="441,0,97,-120,157,130,295,0" owari="441,54.1,-23,-52.3,287,-11.3,295,9.5" /></mjloggm>