<mjloggm ver="2.3"><GO type="225" lobby="0"/><UN n0="%33%74%72%65%65" n1="%E3%81%9F%E3%81%93%E2%98%86%E7%84%BC%E3%81%8D" n2="%72%69%6F%75%63%68%61%6E" n3="%E6%A0%B9%E5%85%83%E3%81%8B%E3%82%89%E5%90%B9%E3%81%A3%E9%A3%9B%E3%81%B6" dan="17,16,16,16" rate="2242.43,2122.06,2174.84,2171.51" sx="F,M,M,F"/><TAIKYOKU oya="0"/><INIT seed="0,0,0,3,2,11" ten="250,250,250,250" oya="0" hai0="65,96,93,130,51,67,129,7,14,43,40,4,103" hai1="83,37,38,41,106,61,63,35,69,95,18,117,134" hai2="120,15,0,1,107,108,42,30,80,62,86,78,70" hai3="54,100,13,87,23,73,135,116,115,9,33,64,112"/><T27/><D27/><U49/><E35/><V59/><F108/><W123/><G116/><T44/><D40/><U85/><E106/><V45/><F120/><W74/><G33/><T101/><D101/><U16/><E117/><V91/><F107/><W131/><G100/><T114/><D114/><U2/><E2/><V48/><F70/><W94/><G64/><T3/><D3/><U124/><E95/><V97/><F30/><W72/><G123/><T28/><D28/><U89/><E37/><V99/><F99/><W98/><G131/><N who="0" m="50187" /><D4/><U29/><E29/><V82/><F15/><W125/><G115/><T32/><D32/><U77/><E38/><V71/><F71/><W21/><G13/><T90/><D103/><U133/><E69/><V26/><F26/><W79/><G112/><T84/><D96/><U47/><E124/><V34/><F34/><W121/><G125/><T126/><D126/><U81/><E134/><V88/><F91/><W102/><G135/><T57/><D57/><U113/><E133/><V119/><F119/><W110/><G102/><T20/><D7/><U52/><E113/><V24/><F24/><W56/><G98/><T39/><D39/><U132/><E132/><V50/><F50/><W68/><G68/><T46/><D14/><U60/><E41/><V92/><REACH who="2" step="1"/><F80/><REACH who="2" ten="250,250,240,250" step="2"/><N who="3" m="47519" /><G121/><T105/><D105/><U58/><E81/><V76/><F76/><W12/><G12/><T10/><D90/><U128/><E128/><V75/><F75/><W118/><G74/><T111/><D111/><U127/><E127/><V104/><F104/><W55/><G110/><RYUUKYOKU ba="0,1" sc="250,-10,250,-10,240,30,250,-10" hai2="0,1,42,45,48,59,62,78,82,86,88,92,97" /><INIT seed="1,1,1,0,0,66" ten="240,240,270,240" oya="1" hai0="27,57,115,50,37,102,26,73,43,13,93,118,45" hai1="74,112,108,90,40,2,28,96,22,29,41,46,14" hai2="7,59,15,86,85,38,6,110,20,31,123,33,134" hai3="79,4,101,1,8,35,122,76,125,103,72,111,70"/><U39/><E112/><V130/><F123/><W127/><G122/><T18/><D115/><U67/><E2/><V24/><F110/><W58/><G111/><T53/><D73/><U21/><E74/><V30/><F130/><W47/><G35/><T65/><D118/><U81/><E41/><V17/><F134/><W51/><G58/><T119/><D119/><U16/><E67/><V120/><F120/><W3/><G3/><T104/><D104/><U83/><E108/><V114/><F114/><W116/><G116/><T62/><D93/><U126/><E126/><N who="3" m="48138" /><G70/><N who="0" m="42295" /><D102/><N who="3" m="38921" /><G72/><T82/><D82/><U109/><E83/><V133/><F133/><W12/><G1/><T84/><D84/><U99/><E81/><V77/><F38/><W95/><G95/><T19/><D19/><U52/><E90/><V61/><F77/><W23/><G23/><AGARI ba="1,1" hai="13,18,23,26,27,37,43,45,50,53,57" m="42295" machi="23" ten="30,2000,0" yaku="24,1,52,1" doraHai="66" who="0" fromWho="3" sc="240,33,240,0,270,0,240,-23" /><INIT seed="2,0,0,1,4,85" ten="273,240,270,217" oya="2" hai0="44,42,120,21,60,56,32,48,99,123,52,13,7" hai1="35,37,87,57,29,16,2,1,34,18,115,91,128" hai2="101,67,49,109,47,24,80,108,132,114,62,70,112" hai3="17,76,65,130,9,125,71,82,6,38,3,11,22"/><V134/><F101/><W93/><G125/><T36/><D32/><U25/><E37/><V46/><F80/><W0/><G130/><T86/><D99/><U118/><E118/><V92/><F92/><W127/><G127/><T30/><D30/><U111/><E35/><V39/><F39/><W33/><G33/><T28/><D28/><U83/><E115/><N who="2" m="44075" /><F46/><W105/><G105/><T69/><D86/><U107/><E111/><N who="2" m="42571" /><F24/><W81/><G38/><T104/><D104/><U66/><E107/><V4/><F4/><W117/><G82/><T15/><D7/><U89/><E1/><V53/><AGARI ba="0,0" hai="47,49,53,62,67,70,132,134" m="42571,44075" machi="53" ten="40,12000,1" yaku="14,1,10,1,34,2" doraHai="85" who="2" fromWho="2" sc="273,-40,240,-40,270,120,217,-40" /><INIT seed="2,1,0,2,4,32" ten="233,200,390,177" oya="2" hai0="22,83,18,10,98,29,111,127,134,130,95,109,122" hai1="5,133,71,128,30,104,57,92,80,20,89,17,44" hai2="70,75,113,86,115,108,121,93,120,66,103,91,38" hai3="21,62,9,4,24,48,135,25,58,14,63,54,6"/><V85/><F38/><W40/><G135/><T1/><D122/><N who="2" m="47210" /><F66/><W101/><G101/><T39/><D39/><U7/><E71/><V16/><F70/><W60/><G40/><T81/><D29/><U45/><E104/><V107/><F16/><W110/><G110/><N who="0" m="41995" /><D127/><U61/><E133/><V64/><F64/><W8/><REACH who="3" step="1"/><G21/><REACH who="3" ten="233,200,390,167" step="2"/><T100/><D134/><U36/><E20/><V34/><F103/><W87/><G87/><T82/><D130/><U124/><E128/><V76/><F85/><W67/><G67/><T117/><D117/><U118/><E118/><V15/><F86/><W43/><G43/><T28/><D22/><U50/><E124/><V23/><F23/><W73/><G73/><T131/><D131/><U88/><E80/><V11/><F75/><W78/><G78/><T37/><D82/><U102/><E102/><V13/><F76/><W114/><G114/><T72/><D72/><U132/><E89/><V112/><F113/><W3/><AGARI ba="1,1" hai="3,4,6,8,9,14,24,25,48,54,58,60,62,63" machi="3" ten="30,4000,0" yaku="1,1,0,1,52,1,53,0" doraHai="32" doraHaiUra="96" who="3" fromWho="3" sc="233,-11,200,-11,390,-21,167,53" /><INIT seed="3,0,0,2,3,71" ten="222,189,369,220" oya="3" hai0="23,88,17,65,135,30,89,52,79,18,104,76,64" hai1="20,86,33,112,123,7,4,83,25,130,53,47,12" hai2="22,38,61,72,124,70,6,118,16,42,69,10,110" hai3="134,62,128,11,57,5,91,27,34,8,55,60,77"/><W67/><G128/><T100/><D135/><U58/><E112/><V115/><F72/><W85/><G77/><N who="0" m="29771" /><D104/><U117/><E123/><V131/><F115/><W107/><G107/><T92/><D100/><U43/><E130/><V66/><F131/><W15/><G134/><T129/><D129/><U63/><E33/><V29/><F110/><W40/><G40/><T87/><D30/><U101/><E101/><V56/><F118/><W127/><G127/><T116/><D116/><U105/><E105/><V97/><F29/><W26/><G11/><T24/><D52/><U108/><E108/><V0/><F124/><W45/><G34/><T94/><D18/><U113/><E113/><V37/><F97/><AGARI ba="0,0" hai="17,23,24,64,65,87,88,89,92,94,97" m="29771" machi="97" ten="30,2000,0" yaku="8,1,54,1" doraHai="71" who="0" fromWho="2" sc="222,20,189,0,369,-20,220,0" owari="242,4.2,189,-31.1,349,44.9,220,-18.0" /></mjloggm>