<mjloggm ver="2.3"><GO type="225" lobby="0"/><UN n0="%E7%B4%94%E6%BD%94%E3%83%94%E3%83%A9%E3%83%8B%E3%82%A2" n1="%73%75%7A%75%72%61%6E%65" n2="%72%61%6B%33" n3="%E3%81%B2%E3%81%AA%E3%81%AE%E3%82%8A%E3%81%8F" dan="16,16,18,17" rate="2174.61,2096.96,2263.73,2206.16" sx="M,M,M,M"/><TAIKYOKU oya="0"/><INIT seed="0,0,0,1,5,27" ten="250,250,250,250" oya="0" hai0="123,86,15,110,80,99,120,43,124,132,25,78,20" hai1="5,49,113,121,16,18,134,10,88,96,0,39,3" hai2="71,53,35,108,48,17,28,1,87,89,79,105,14" hai3="58,55,31,76,9,67,93,30,42,60,21,12,44"/><T91/><D124/><U34/><E39/><V57/><F108/><W75/><G75/><T117/><D117/><U115/><E121/><V126/><F126/><W36/><G76/><T26/><D110/><U104/><E0/><V45/><F1/><W131/><G131/><T73/><D132/><U103/><E134/><V19/><F71/><W51/><G21/><T90/><D99/><U102/><E102/><V98/><F79/><W129/><G93/><T83/><D90/><U84/><E49/><V52/><F35/><W37/><G129/><T74/><D74/><U13/><E34/><V8/><F28/><W66/><G66/><T125/><D125/><U85/><E85/><V127/><F127/><W72/><G72/><T114/><D114/><N who="1" m="43531" /><E3/><V59/><F17/><W64/><G64/><T111/><D111/><U135/><E135/><V32/><F32/><W106/><G106/><T94/><D80/><AGARI ba="0,0" hai="5,10,13,16,18,80,84,88,96,103,104" m="43531" machi="80" ten="30,3900,0" yaku="11,1,54,2" doraHai="27" who="1" fromWho="0" sc="250,-39,250,39,250,0,250,0" /><INIT seed="1,0,0,5,3,109" ten="211,289,250,250" oya="1" hai0="128,56,46,49,3,83,93,114,2,27,118,62,123" hai1="38,51,11,45,42,119,85,32,19,89,22,48,101" hai2="105,9,103,92,73,131,94,37,53,68,34,80,120" hai3="63,16,0,50,91,90,115,134,4,113,79,47,7"/><U96/><E32/><V98/><F34/><W35/><G35/><T31/><D118/><U43/><E11/><V8/><F68/><W33/><G33/><T24/><D128/><U14/><E119/><V84/><F37/><W86/><G79/><T60/><D123/><U104/><REACH who="1" step="1"/><E42/><REACH who="1" ten="211,279,250,250" step="2"/><V70/><F8/><W88/><G134/><T15/><D2/><U77/><E77/><V17/><F9/><W122/><G0/><T65/><D3/><U58/><E58/><V30/><F120/><W10/><G122/><T102/><D56/><U121/><E121/><V39/><F70/><W13/><G7/><T71/><D71/><U41/><E41/><V135/><F135/><W28/><G4/><T106/><D46/><U99/><E99/><V116/><F98/><W117/><G117/><T6/><D6/><U112/><E112/><V100/><F116/><W127/><G113/><T18/><D114/><U40/><E40/><V44/><F44/><W52/><G115/><T20/><D20/><U81/><AGARI ba="0,1" hai="14,19,22,38,43,45,48,51,81,85,89,96,101,104" machi="81" ten="20,3900,0" yaku="1,1,0,1,7,1,53,0" doraHai="109" doraHaiUra="59" who="1" fromWho="1" sc="211,-13,279,49,250,-13,250,-13" /><INIT seed="1,1,0,4,1,128" ten="198,328,237,237" oya="1" hai0="62,4,12,46,103,106,98,33,118,26,123,105,66" hai1="45,84,75,0,13,85,49,117,102,122,32,1,83" hai2="34,115,109,41,24,72,60,69,110,119,134,97,5" hai3="22,9,91,133,15,47,10,130,86,30,125,88,89"/><U11/><E117/><V25/><F72/><W44/><G130/><T21/><D118/><U64/><E32/><V116/><F41/><W55/><G125/><T65/><D123/><U71/><E122/><V18/><F97/><W132/><G86/><T81/><D105/><U17/><E102/><V111/><F69/><W82/><G82/><T16/><D81/><U40/><E75/><V35/><F60/><W19/><G9/><T74/><D74/><U121/><E121/><V70/><F70/><W78/><G78/><T114/><D114/><U42/><E85/><V131/><F131/><W77/><G77/><T8/><D62/><U73/><E73/><V36/><F36/><W95/><G95/><T2/><D46/><U93/><E93/><V135/><F5/><W43/><G55/><T113/><D113/><U76/><E42/><V101/><F101/><W126/><G126/><T54/><D54/><U29/><E29/><AGARI ba="1,0" hai="2,4,8,12,16,21,26,29,33,65,66,98,103,106" machi="29" ten="40,5200,0" yaku="24,2,54,1" doraHai="128" who="0" fromWho="1" sc="198,55,328,-55,237,0,237,0" /><INIT seed="2,0,0,3,1,121" ten="253,273,237,237" oya="2" hai0="66,16,22,68,30,0,43,118,116,101,96,4,15" hai1="36,125,134,24,100,97,55,122,6,127,89,71,73" hai2="31,81,46,11,41,117,10,110,95,93,70,37,78" hai3="49,105,72,114,108,64,53,26,50,106,123,18,48"/><V51/><F117/><N who="0" m="45162" /><D43/><U109/><E122/><V29/><F70/><W8/><G123/><T47/><D47/><U39/><E71/><V94/><F110/><W25/><G72/><T45/><D45/><U62/><E73/><V13/><F37/><W77/><G77/><T52/><D68/><U3/><E134/><V61/><F61/><W76/><G76/><T74/><D66/><U102/><E89/><V120/><F120/><W9/><G114/><T7/><D74/><U75/><E75/><V103/><F103/><W57/><G64/><T133/><D133/><U67/><E24/><V91/><F91/><W92/><G108/><T131/><D131/><U79/><E109/><V33/><F33/><W84/><G105/><N who="0" m="63655" /><D30/><U44/><E67/><V28/><REACH who="2" step="1"/><F13/><REACH who="2" ten="253,273,227,237" step="2"/><W60/><G106/><T80/><D0/><U40/><E36/><V86/><AGARI ba="0,1" hai="10,11,28,29,31,41,46,51,78,81,86,93,94,95" machi="86" ten="30,11700,0" yaku="1,1,2,1,0,1,8,1,53,0" doraHai="121" doraHaiUra="132" who="2" fromWho="2" sc="253,-39,273,-39,227,127,237,-39" /><INIT seed="2,1,0,2,0,100" ten="214,234,354,198" oya="2" hai0="71,85,72,39,122,56,111,104,28,73,134,98,125" hai1="110,118,108,124,92,40,61,4,97,32,121,112,10" hai2="26,9,130,120,53,131,24,16,102,34,91,78,119" hai3="54,114,6,43,81,77,126,128,31,12,27,133,58"/><V135/><F119/><W33/><G128/><T11/><D28/><U90/><E112/><V38/><F120/><W1/><G114/><T62/><D85/><U29/><E118/><V113/><F38/><W45/><G133/><T66/><D56/><U88/><E40/><V41/><F41/><W14/><G126/><T79/><D122/><U30/><E121/><V46/><F78/><W8/><G54/><T116/><D116/><U132/><E132/><V123/><F9/><W115/><G58/><T21/><D21/><U67/><E124/><V55/><F102/><W75/><REACH who="3" step="1"/><G115/><REACH who="3" ten="214,234,354,188" step="2"/><T57/><D134/><U5/><E110/><V59/><F135/><W47/><G47/><T127/><D57/><U52/><E108/><V36/><F113/><W3/><G3/><T44/><D111/><U86/><E52/><V101/><F59/><W103/><G103/><T35/><D44/><U76/><E61/><V49/><F101/><W63/><G63/><T22/><D62/><U0/><E0/><V60/><F60/><W83/><G83/><T65/><D125/><U105/><E67/><V48/><F46/><W70/><G70/><T17/><D71/><U2/><E2/><V80/><F80/><W7/><G7/><T51/><D65/><U50/><E4/><V23/><F131/><W106/><G106/><T87/><D66/><U18/><E105/><V64/><F130/><W93/><G93/><T84/><D104/><U20/><E92/><V15/><F64/><W25/><G25/><N who="0" m="14543" /><D127/><U69/><E69/><V117/><F117/><W95/><G95/><T74/><D79/><RYUUKYOKU ba="1,1" sc="214,-10,234,-10,354,-10,188,30" hai3="1,6,8,12,14,27,31,33,43,45,75,77,81" /><INIT seed="3,2,1,2,4,63" ten="204,224,344,218" oya="3" hai0="21,58,54,39,126,65,26,47,10,8,18,85,24" hai1="0,74,29,36,46,97,105,133,118,66,115,123,14" hai2="84,92,134,33,75,69,135,128,22,2,93,60,77" hai3="19,111,107,30,89,12,131,5,104,57,72,81,23"/><W80/><G131/><T110/><D110/><U99/><E14/><V27/><F2/><W76/><G111/><T34/><D126/><U17/><E17/><V106/><F106/><W32/><G5/><T101/><D34/><U83/><E66/><V6/><F75/><W124/><G124/><T53/><D39/><U119/><E29/><V20/><F33/><W112/><G112/><T67/><D101/><U43/><E97/><V41/><F41/><W40/><G40/><T61/><D26/><U109/><E83/><V98/><F6/><W56/><G32/><T55/><D65/><U73/><E73/><V108/><F128/><W121/><G121/><T87/><D47/><U90/><E46/><V94/><F98/><W45/><G45/><T44/><D44/><U122/><E99/><V3/><F3/><W37/><G37/><T70/><D70/><U25/><E43/><V130/><F130/><W4/><G4/><T91/><D85/><U127/><E122/><V62/><F69/><W51/><G30/><T132/><D132/><U50/><E133/><V16/><F108/><W49/><G104/><T86/><D87/><U1/><E105/><V9/><F84/><N who="3" m="50319" /><G107/><T31/><D31/><U102/><E109/><V96/><F96/><W100/><G100/><T52/><N who="0" m="13312" /><DORA hai="120" /><T82/><AGARI ba="2,1" hai="8,10,18,21,24,58,61,67,82,86,91" m="13312" machi="82" ten="40,8000,1" yaku="4,1,0,1,8,1,52,1,54,1" doraHai="63,120" who="0" fromWho="0" sc="204,96,224,-22,344,-22,218,-42" owari="300,10.0,202,-19.8,322,42.2,176,-32.4" /></mjloggm>