<mjloggm ver="2.3"><GO type="225" lobby="0"/><UN n0="%E6%A0%B9%E5%85%83%E3%81%8B%E3%82%89%E5%90%B9%E3%81%A3%E9%A3%9B%E3%81%B6" n1="%E3%81%B5%E3%81%98%E3%81%8B%E3%81%A4" n2="%E3%81%AA%E3%82%81%E3%81%93%E9%9B%80%E5%A3%AB" n3="%72%69%6F%75%63%68%61%6E" dan="17,16,16,17" rate="2157.73,2153.79,2069.25,2267.03" sx="F,M,M,M"/><TAIKYOKU oya="0"/><INIT seed="0,0,0,0,2,28" ten="250,250,250,250" oya="0" hai0="22,119,133,94,35,86,75,21,25,36,115,127,54" hai1="78,128,76,42,104,39,24,65,100,33,99,110,113" hai2="123,126,72,90,38,91,135,105,102,64,0,85,87" hai3="32,103,51,109,40,60,61,7,129,83,96,41,45"/><T34/><D115/><U44/><E113/><V52/><F123/><W74/><G109/><T49/><D119/><U122/><E110/><V20/><F0/><W92/><G129/><T97/><D75/><U62/><E122/><V70/><F38/><W116/><G116/><T131/><D36/><U31/><REACH who="1" step="1"/><E128/><REACH who="1" ten="250,240,250,250" step="2"/><V68/><F135/><W53/><G32/><T73/><D131/><U17/><E17/><V125/><F125/><W56/><G7/><T57/><D127/><U79/><E79/><V98/><F126/><W12/><G12/><T11/><D133/><U107/><E107/><V108/><F108/><W5/><G5/><T69/><D35/><U27/><E27/><V29/><F72/><W82/><G74/><T48/><D34/><U59/><AGARI ba="0,1" hai="24,31,33,39,42,44,59,62,65,76,78,99,100,104" machi="59" ten="20,5200,0" yaku="1,1,0,1,7,1,52,1,53,0" doraHai="28" doraHaiUra="10" who="1" fromWho="1" sc="250,-26,240,62,250,-13,250,-13" /><INIT seed="1,0,0,5,5,57" ten="224,302,237,237" oya="1" hai0="24,28,82,8,112,80,47,7,60,87,50,48,84" hai1="102,89,12,26,15,134,127,75,120,100,53,13,41" hai2="59,27,121,44,2,83,4,77,129,65,31,71,88" hai3="68,42,90,30,56,91,110,105,35,33,72,97,66"/><U107/><E120/><V36/><F121/><W119/><G72/><T122/><D112/><U93/><E127/><V114/><F71/><W23/><G110/><T0/><D122/><U16/><E134/><V73/><F129/><W34/><G119/><T62/><D84/><U58/><E75/><V40/><F114/><W45/><G68/><T39/><D39/><U70/><E41/><V132/><F132/><W74/><G74/><T96/><D96/><N who="1" m="57391" /><E70/><V130/><F130/><W51/><G23/><T22/><D80/><U25/><E107/><V67/><F59/><W3/><G30/><T116/><D48/><N who="1" m="31015" /><E26/><V11/><REACH who="2" step="1"/><F88/><REACH who="2" ten="224,302,227,237" step="2"/><W94/><G91/><T128/><D128/><U133/><E133/><V64/><F64/><W95/><G90/><T18/><D116/><U118/><E118/><V43/><F43/><W103/><REACH who="3" step="1"/><G3/><REACH who="3" ten="224,302,227,227" step="2"/><T85/><D85/><U124/><E124/><V104/><F104/><W135/><G135/><T92/><D92/><U19/><E102/><V98/><F98/><W63/><AGARI ba="0,2" hai="33,34,35,42,45,51,56,63,66,94,95,97,103,105" machi="63" ten="40,8000,1" yaku="1,1,0,1,52,1,53,1" doraHai="57" doraHaiUra="46" who="3" fromWho="3" sc="224,-20,302,-40,227,-20,227,100" /><INIT seed="2,0,0,5,0,23" ten="204,262,207,327" oya="2" hai0="98,62,48,120,90,46,123,87,16,92,88,20,55" hai1="131,115,11,96,72,76,80,52,108,0,49,56,93" hai2="24,110,9,75,132,84,19,58,118,44,39,129,2" hai3="83,28,4,21,89,51,68,17,102,47,130,74,41"/><V95/><F118/><W33/><G130/><T3/><D3/><U113/><E131/><V32/><F129/><W40/><G68/><T1/><D1/><U133/><E108/><V15/><F75/><W12/><G102/><T38/><D38/><U27/><E133/><V36/><F132/><W25/><G4/><T94/><REACH who="0" step="1"/><D62/><REACH who="0" ten="194,262,207,327" step="2"/><U8/><E0/><V99/><F110/><W6/><G6/><T86/><D86/><U13/><E115/><V114/><F114/><W63/><G63/><T65/><D65/><U119/><E113/><V77/><F2/><W10/><G74/><T34/><D34/><U67/><E67/><V111/><F111/><W59/><G59/><T124/><D124/><U100/><E119/><V43/><F58/><W29/><G33/><T85/><D85/><U35/><E35/><V126/><F126/><W73/><G73/><T53/><D53/><U66/><E66/><V7/><F84/><N who="3" m="50335" /><G29/><T37/><D37/><U107/><E72/><V106/><F39/><W5/><G5/><T135/><D135/><U105/><E56/><V104/><F77/><W127/><G127/><T50/><D50/><U42/><E49/><V109/><F109/><W54/><AGARI ba="0,1" hai="10,12,17,21,25,28,40,41,47,51,54" m="50335" machi="54" ten="30,4000,0" yaku="25,1,8,1,52,1" doraHai="23" who="3" fromWho="3" sc="194,-10,262,-10,207,-20,327,50" /><INIT seed="3,0,0,2,2,87" ten="184,252,187,377" oya="3" hai0="106,20,3,73,42,84,22,51,46,41,2,131,39" hai1="110,5,14,85,65,63,111,126,113,59,29,12,76" hai2="56,15,23,77,18,108,104,134,62,89,114,9,127" hai3="13,124,103,35,10,61,102,107,74,135,38,57,81"/><W122/><G122/><T25/><D73/><U112/><E126/><V67/><F114/><W80/><G35/><T49/><D106/><U132/><E29/><V47/><F127/><W75/><G38/><T79/><D131/><U100/><E100/><V69/><F104/><W125/><G107/><T129/><D129/><U50/><E50/><N who="0" m="18953" /><D3/><U121/><E132/><V116/><F116/><W32/><G57/><T133/><D2/><U34/><E34/><V72/><F134/><W118/><G13/><N who="1" m="5226" /><E5/><V82/><F108/><N who="1" m="41513" /><E121/><V31/><F47/><W99/><G125/><T17/><D133/><U19/><E19/><V55/><F89/><W24/><G103/><T120/><D120/><U98/><E113/><V115/><F115/><W60/><G102/><T16/><D39/><U95/><E76/><V101/><F101/><W90/><G32/><T53/><D46/><U88/><E112/><V70/><REACH who="2" step="1"/><F67/><REACH who="2" ten="184,252,177,377" step="2"/><W1/><G118/><T11/><D11/><U92/><E65/><V58/><F58/><W83/><G10/><T43/><D53/><U33/><E59/><V119/><F119/><W91/><G124/><T28/><D22/><U36/><E33/><V6/><F6/><W40/><G135/><T128/><D128/><U8/><E8/><V26/><AGARI ba="0,1" hai="9,15,18,23,26,31,55,56,62,69,70,72,77,82" machi="26" ten="30,7900,0" yaku="1,1,0,1,53,2" doraHai="87" doraHaiUra="64" who="2" fromWho="2" sc="184,-20,252,-20,177,89,377,-39" owari="164,-33.6,232,-16.8,266,6.6,338,43.8" /></mjloggm>