<mjloggm ver="2.3"><GO type="225" lobby="0"/><UN n0="%68%6F%72%69%30%39%30%31" n1="%72%61%6B%33" n2="%E6%B0%B7%E5%B7%9D%E9%87%8C%E5%A5%88" n3="%E9%9B%80%E6%A5%B5%E3%81%AE%E3%81%B8" dan="16,17,16,16" rate="2041.18,2144.27,2121.49,2101.54" sx="M,M,F,M"/><TAIKYOKU oya="0"/><INIT seed="0,0,0,4,4,112" ten="250,250,250,250" oya="0" hai0="51,123,101,54,67,116,100,75,118,0,94,80,62" hai1="107,64,98,53,108,45,48,79,58,32,97,68,87" hai2="122,38,23,74,22,124,109,102,125,114,120,111,128" hai3="93,29,66,61,20,5,56,106,88,33,46,59,11"/><T52/><D0/><U85/><E108/><N who="2" m="41547" /><F38/><W57/><G106/><T13/><D123/><N who="2" m="47146" /><F74/><W6/><G33/><T10/><D75/><U47/><E32/><V2/><F102/><W127/><G127/><N who="2" m="48713" /><F114/><W91/><G46/><T105/><D80/><U26/><E45/><V133/><F133/><W27/><G6/><T84/><D105/><U95/><E47/><V21/><F128/><W72/><G72/><T69/><D101/><U115/><E107/><V129/><F129/><W8/><G91/><T4/><D54/><U41/><E53/><V43/><F43/><W19/><G29/><T90/><REACH who="0" step="1"/><D100/><REACH who="0" ten="240,250,250,250" step="2"/><U77/><E115/><V42/><F42/><W18/><G66/><T135/><D135/><U9/><E64/><V113/><F113/><W82/><G82/><T89/><D89/><U34/><E41/><V31/><F2/><W131/><G131/><T17/><D17/><U104/><E104/><V63/><F63/><W60/><G61/><T24/><D24/><AGARI ba="0,1" hai="21,22,23,24,31" m="48713,47146,41547" machi="24" ten="40,8000,1" yaku="14,1,18,1,34,2" doraHai="112" who="2" fromWho="0" sc="240,-80,250,0,250,90,250,0" /><INIT seed="1,0,0,3,4,82" ten="160,250,340,250" oya="1" hai0="95,67,36,17,49,60,118,37,110,51,124,44,48" hai1="33,28,15,92,112,126,77,3,27,84,58,109,14" hai2="107,113,53,97,108,45,123,6,25,72,20,119,96" hai3="31,75,12,54,83,106,71,104,105,68,116,41,125"/><U128/><E112/><V114/><F119/><W16/><G116/><T98/><D118/><U65/><E3/><V18/><F123/><W91/><G125/><T103/><D124/><U66/><E126/><V38/><F108/><W46/><G31/><T42/><D110/><U35/><E35/><V62/><F72/><W129/><G54/><T127/><D127/><U76/><E109/><V10/><F62/><W89/><G129/><T100/><D100/><U59/><E128/><V111/><F111/><W23/><G75/><T34/><D34/><U40/><E40/><V135/><F135/><W122/><G122/><T52/><D36/><U93/><E33/><V32/><F32/><W70/><REACH who="3" step="1"/><G83/><REACH who="3" ten="160,250,340,240" step="2"/><T101/><D17/><U24/><REACH who="1" step="1"/><E28/><REACH who="1" ten="160,240,340,240" step="2"/><V39/><F114/><W88/><G88/><T21/><D103/><U2/><E2/><V117/><F113/><W63/><G63/><T0/><D0/><U13/><E13/><V8/><F117/><W80/><G80/><T130/><D130/><U47/><E47/><V87/><F45/><W132/><G132/><T11/><D44/><U74/><E74/><V86/><F38/><AGARI ba="0,2" hai="12,16,23,38,41,46,68,70,71,89,91,104,105,106" machi="38" ten="50,3200,0" yaku="1,1,54,1,53,0" doraHai="82" doraHaiUra="22" who="3" fromWho="2" sc="160,0,240,0,340,-32,240,52" /><INIT seed="2,0,0,5,2,94" ten="160,240,308,292" oya="2" hai0="80,55,44,28,6,78,79,131,17,86,72,15,25" hai1="45,29,77,100,99,110,9,62,22,70,116,5,95" hai2="27,82,105,75,71,127,24,121,59,87,76,65,20" hai3="12,1,63,40,43,41,113,118,97,49,128,60,107"/><V4/><F121/><W122/><G1/><T134/><D134/><U56/><E116/><V26/><F71/><W126/><G118/><T120/><D120/><U64/><E110/><V98/><F127/><W108/><G108/><T34/><D131/><U57/><E77/><V58/><F4/><W18/><G126/><T130/><D130/><U36/><E36/><V7/><F7/><W39/><G39/><T88/><D6/><U111/><E111/><V103/><F65/><W61/><G113/><T19/><D72/><U16/><E45/><V30/><F26/><W69/><G122/><T125/><D19/><U73/><E29/><V85/><F85/><W101/><G128/><T2/><D2/><U90/><E100/><V83/><F27/><W68/><REACH who="3" step="1"/><G49/><REACH who="3" ten="160,240,308,282" step="2"/><N who="0" m="29095" /><D125/><U46/><E73/><V117/><F117/><W81/><G81/><T53/><D53/><U84/><E46/><V93/><F105/><W51/><G51/><T96/><D96/><U38/><E38/><V133/><F133/><W124/><G124/><T114/><D114/><U66/><E99/><V104/><F104/><W67/><G67/><T31/><D31/><U112/><E66/><V48/><F48/><W129/><G129/><T47/><D47/><U89/><E112/><V23/><F83/><W35/><G35/><T74/><D74/><U14/><E64/><V92/><F75/><W0/><G0/><T135/><D135/><U13/><E84/><V3/><F3/><W8/><AGARI ba="0,1" hai="8,12,18,40,41,43,60,61,63,68,69,97,101,107" machi="8" ten="30,4000,0" yaku="1,1,0,1,52,1,53,0" doraHai="94" doraHaiUra="33" who="3" fromWho="3" sc="160,-10,240,-10,308,-20,282,50" /><INIT seed="3,0,0,1,0,111" ten="150,230,288,332" oya="3" hai0="19,55,56,103,0,117,7,130,10,127,100,112,71" hai1="63,40,37,15,13,94,45,43,88,27,44,126,115" hai2="23,101,70,123,69,48,29,109,74,113,52,118,59" hai3="104,1,11,110,86,120,21,64,76,32,72,105,30"/><W134/><G86/><T91/><D117/><U102/><E126/><V87/><F74/><W106/><G21/><T81/><D71/><U125/><E125/><V33/><F33/><W18/><G18/><T114/><D127/><U42/><E115/><N who="0" m="44073" /><D130/><U82/><E102/><V6/><F109/><W90/><G110/><T89/><D19/><U39/><E42/><V50/><F123/><W2/><G120/><T16/><D16/><U80/><E27/><V26/><F118/><W99/><G30/><T67/><D67/><U129/><E129/><V131/><F131/><W14/><G64/><T97/><D81/><U53/><E82/><V12/><F70/><W60/><G104/><N who="0" m="63503" /><D103/><U28/><E80/><V49/><F69/><W65/><G105/><T17/><D17/><U122/><E122/><V73/><F101/><W35/><G106/><T4/><D4/><U62/><E28/><V83/><F113/><W25/><G65/><T75/><D75/><U34/><E94/><V38/><F73/><W93/><G72/><T9/><D9/><U47/><E88/><V79/><F6/><W96/><G90/><T135/><D135/><U57/><E37/><V95/><F38/><W133/><G134/><T46/><D46/><U66/><E47/><V3/><F95/><W84/><G133/><T20/><D20/><U77/><E44/><V5/><F79/><W8/><G76/><T128/><D128/><U68/><E77/><V124/><F124/><W54/><G11/><T108/><D108/><U98/><E45/><V121/><F83/><W36/><G8/><T58/><D58/><RYUUKYOKU ba="0,0" sc="150,30,230,-10,288,-10,332,-10" hai0="0,7,10,55,56,89,91" owari="180,-32.0,220,-18.0,278,7.8,322,42.2" /></mjloggm>