<mjloggm ver="2.3"><GO type="225" lobby="0"/><UN n0="%72%69%6F%75%63%68%61%6E" n1="%E7%AD%89%E3%80%85%E5%8A%9B%E5%8A%87%E5%A0%B4" n2="%E3%81%86%E3%83%BC%E3%81%B1%E3%83%BC" n3="%38%63%E3%81%AF%E3%81%A3%E3%81%97%E3%83%BC" dan="16,17,17,16" rate="2151.26,2141.88,2196.66,2131.72" sx="M,M,M,M"/><TAIKYOKU oya="0"/><INIT seed="0,0,0,5,0,23" ten="250,250,250,250" oya="0" hai0="119,5,80,124,129,33,77,34,70,14,15,121,66" hai1="134,2,67,118,27,20,9,82,22,74,57,31,52" hai2="111,39,98,88,89,40,24,106,104,86,12,132,42" hai3="19,83,128,116,35,108,32,126,120,62,63,76,127"/><T110/><D119/><U78/><E118/><V94/><F111/><W81/><G116/><T122/><D110/><U131/><E131/><V112/><F112/><W115/><G108/><T99/><D129/><U18/><E134/><V1/><F1/><W0/><G0/><T13/><D124/><U92/><E67/><V64/><F64/><W114/><G19/><T130/><D130/><U101/><E2/><V54/><F132/><W103/><G128/><T102/><D5/><U36/><E36/><V41/><F39/><W65/><G65/><T85/><D33/><U90/><E9/><V95/><F12/><W6/><G103/><T53/><D34/><U44/><E101/><V69/><F69/><W84/><G84/><T43/><D43/><U8/><E8/><V79/><F79/><W59/><G59/><T73/><D73/><U7/><E44/><V47/><REACH who="2" step="1"/><F24/><REACH who="2" ten="250,250,240,250" step="2"/><W105/><G76/><T38/><D38/><U28/><E7/><V109/><F109/><W91/><G6/><T96/><D66/><U37/><E37/><V49/><AGARI ba="0,1" hai="40,41,42,47,49,54,86,88,89,94,95,98,104,106" machi="49" ten="30,4000,0" yaku="1,1,0,1,54,1,53,0" doraHai="23" doraHaiUra="4" who="2" fromWho="2" sc="250,-20,250,-10,240,50,250,-10" /><INIT seed="1,0,0,3,3,123" ten="230,240,290,240" oya="1" hai0="89,94,5,13,15,17,119,45,27,111,44,24,39" hai1="54,37,71,135,126,78,107,76,124,101,0,32,16" hai2="64,1,116,19,49,105,133,73,127,65,52,108,4" hai3="8,66,33,63,58,28,125,92,6,82,109,12,57"/><U114/><E114/><V23/><F116/><W53/><G125/><T95/><D119/><U86/><E0/><V67/><F127/><N who="1" m="48681" /><E32/><V69/><F69/><W61/><G33/><T51/><D111/><U102/><E37/><V25/><F108/><W11/><G28/><T35/><D39/><U75/><E71/><V38/><F38/><W40/><G40/><T62/><D62/><U130/><E54/><V104/><F73/><W91/><G109/><T42/><D44/><U79/><E75/><V100/><F100/><N who="1" m="38505" /><E107/><V36/><F36/><W31/><G31/><T90/><D5/><U18/><E86/><V60/><F60/><W80/><REACH who="3" step="1"/><G8/><REACH who="3" ten="230,240,290,230" step="2"/><T97/><D35/><U93/><E130/><V2/><F133/><W3/><G3/><T9/><REACH who="0" step="1"/><D15/><REACH who="0" ten="220,240,290,230" step="2"/><U68/><E135/><V110/><F1/><W74/><G74/><T99/><AGARI ba="0,2" hai="9,13,17,24,27,42,45,51,89,90,94,95,97,99" machi="99" ten="20,12000,2" yaku="1,1,2,1,0,1,7,1,9,1,8,1,53,0" doraHai="123" doraHaiUra="132" who="0" fromWho="0" sc="220,140,240,-60,290,-30,230,-30" /><INIT seed="2,0,0,2,2,87" ten="360,180,260,200" oya="2" hai0="10,91,40,39,64,115,90,51,118,48,15,17,98" hai1="93,45,108,23,76,113,50,65,124,22,125,129,97" hai2="3,66,63,78,83,43,18,133,123,110,27,109,2" hai3="6,95,120,74,85,41,61,34,117,11,60,38,55"/><V19/><F133/><W42/><G74/><T54/><D115/><U32/><E113/><V5/><F123/><W127/><G120/><T35/><D35/><U21/><E32/><V86/><F43/><W134/><G34/><T99/><D118/><U57/><E76/><V100/><F100/><W105/><G105/><T114/><D114/><U107/><E107/><V26/><F5/><W79/><G117/><T58/><D39/><U131/><E108/><N who="2" m="41579" /><F26/><W103/><G134/><T46/><REACH who="0" step="1"/><D64/><REACH who="0" ten="350,180,260,200" step="2"/><U89/><E65/><V71/><F27/><W20/><G38/><T13/><D13/><U12/><E12/><V30/><F30/><W0/><G0/><AGARI ba="0,1" hai="0,2,3,18,19,63,66,71,78,83,86" m="41579" machi="0" ten="30,2900,0" yaku="14,1,10,1" doraHai="87" who="2" fromWho="3" sc="350,0,180,0,260,39,200,-29" /><INIT seed="2,1,0,0,5,125" ten="350,180,299,171" oya="2" hai0="51,26,37,75,36,43,117,7,65,33,14,80,3" hai1="50,98,45,12,35,54,41,127,52,42,61,4,55" hai2="62,90,74,77,121,22,21,29,81,9,53,76,99" hai3="118,58,134,44,57,8,60,24,123,25,87,95,70"/><V20/><F121/><W68/><G123/><T128/><D128/><U32/><E127/><V106/><F29/><W131/><G118/><T5/><D117/><U66/><E41/><V59/><F106/><W49/><G8/><N who="0" m="2111" /><D51/><U101/><E12/><V73/><F9/><W83/><G95/><T113/><D113/><U48/><E4/><V135/><F135/><W39/><G39/><T23/><D36/><U28/><E28/><V107/><F90/><W34/><G134/><T93/><D65/><U10/><E10/><V67/><F67/><W89/><G34/><T100/><D93/><U11/><E11/><V78/><REACH who="2" step="1"/><F81/><REACH who="2" ten="350,180,289,171" step="2"/><W0/><G89/><T130/><D7/><U102/><E102/><AGARI ba="1,1" hai="20,21,22,53,59,62,73,74,76,77,78,99,102,107" machi="102" ten="40,3900,0" yaku="1,1,2,1,53,0" doraHai="125" doraHaiUra="112" who="2" fromWho="1" sc="350,0,180,-42,289,52,171,0" /><INIT seed="2,2,0,4,3,128" ten="350,138,341,171" oya="2" hai0="85,0,17,40,48,32,92,56,67,130,112,109,97" hai1="8,103,133,5,90,19,73,6,71,35,115,122,113" hai2="64,102,116,22,123,80,24,110,20,25,1,11,93" hai3="114,86,117,82,43,104,34,105,36,52,54,77,108"/><V81/><F116/><W98/><G117/><T79/><D112/><U9/><E71/><V50/><F123/><W78/><G34/><T120/><D120/><U39/><E122/><V18/><F110/><W47/><G114/><N who="1" m="43530" /><E39/><V75/><F75/><W12/><G108/><T26/><D0/><N who="1" m="39" /><E90/><V129/><F129/><W7/><G7/><T72/><D130/><U87/><E87/><V42/><F64/><W100/><G12/><T131/><D131/><U135/><E103/><V13/><F1/><W29/><G29/><T124/><D124/><U51/><E51/><V23/><F42/><W57/><G78/><T41/><D32/><U76/><E19/><V63/><F63/><W88/><G105/><T21/><D72/><U10/><E35/><V94/><F50/><W118/><G118/><T83/><D109/><U65/><E65/><V31/><F93/><W14/><G14/><T37/><D37/><U30/><E30/><V58/><F58/><W125/><G125/><T53/><REACH who="0" step="1"/><D67/><REACH who="0" ten="340,138,341,171" step="2"/><U59/><E73/><V38/><F38/><W27/><G27/><N who="2" m="10313" /><F31/><W46/><G46/><T49/><D49/><U28/><E28/><V74/><F74/><W45/><G45/><T91/><AGARI ba="2,1" hai="17,21,26,40,41,48,53,56,79,83,85,91,92,97" machi="91" ten="20,8000,1" yaku="1,1,0,1,7,1,8,1,53,1" doraHai="128" doraHaiUra="84" who="0" fromWho="0" sc="340,96,138,-22,341,-42,171,-22" /><INIT seed="3,0,0,3,0,14" ten="436,116,299,149" oya="3" hai0="51,43,78,29,69,48,26,49,28,54,67,59,73" hai1="55,105,91,34,133,31,120,123,94,127,36,114,107" hai2="66,81,130,16,52,108,125,79,57,112,109,110,115" hai3="27,128,113,103,65,118,85,45,135,87,101,41,22"/><W86/><G118/><T53/><D69/><U56/><E36/><V3/><F3/><W99/><G113/><T20/><D29/><U82/><E34/><V5/><F5/><W10/><G135/><T12/><D73/><U129/><E31/><V102/><F102/><W60/><G10/><T61/><D78/><U33/><E33/><V88/><F66/><W46/><G128/><T104/><D104/><N who="1" m="40011" /><E55/><N who="0" m="21001" /><D12/><U35/><E56/><V21/><F125/><W96/><G103/><T4/><D4/><U19/><E19/><V93/><F81/><W9/><G9/><T13/><D13/><U30/><E30/><V42/><F42/><AGARI ba="0,0" hai="20,26,28,42,43,48,49,51,59,61,67" m="21001" machi="42" ten="30,1000,0" yaku="8,1" doraHai="14" who="0" fromWho="2" sc="436,10,116,0,299,-10,149,0" owari="446,54.6,116,-38.4,289,8.9,149,-25.1" /></mjloggm>