<mjloggm ver="2.3"><GO type="225" lobby="0"/><UN n0="%E3%83%A9%E3%83%96%E3%83%AC%E3%83%BC" n1="%2D%E8%B1%8A%E5%8F%A3%E3%82%81%E3%81%90%E3%81%BF%2D" n2="%E3%81%BF%E3%81%BF%E3%81%9A" n3="%E3%82%A2%E3%82%A4%E3%82%B9%E3%83%86%E3%82%A3%E3%83%BC%E3%81%82%E3%81%B9" dan="18,17,16,16" rate="2172.43,2113.52,2134.17,2109.11" sx="M,M,M,M"/><TAIKYOKU oya="0"/><INIT seed="0,0,0,2,2,63" ten="250,250,250,250" oya="0" hai0="25,58,112,13,36,101,49,91,54,40,117,129,120" hai1="11,42,124,116,24,134,69,126,76,75,60,52,79" hai2="68,5,57,28,118,110,122,88,90,9,100,77,131" hai3="65,16,105,106,32,125,17,108,127,61,43,2,53"/><T21/><D120/><U22/><E116/><V12/><F122/><W37/><G2/><T7/><D117/><U107/><E107/><V82/><F118/><W55/><G32/><T6/><D112/><U98/><E42/><V47/><F68/><W20/><G108/><T29/><D129/><U15/><E98/><V3/><F131/><W96/><G43/><T81/><D101/><U74/><E134/><V0/><F110/><W51/><G37/><T99/><D13/><U27/><E79/><V66/><F100/><W50/><G96/><T39/><D40/><U67/><E52/><N who="3" m="20042" /><G106/><T113/><D113/><U48/><E48/><N who="3" m="18474" /><G20/><T41/><D99/><U71/><E71/><V46/><F0/><W133/><G105/><T119/><D119/><U44/><E44/><N who="2" m="16939" /><F3/><W93/><G93/><T121/><D121/><U10/><E22/><V18/><F28/><W14/><G14/><T84/><REACH who="0" step="1"/><D41/><REACH who="0" ten="240,250,250,250" step="2"/><U45/><E15/><V89/><F5/><AGARI ba="0,1" hai="5,6,7,21,25,29,36,39,49,54,58,81,84,91" machi="5" ten="40,7700,0" yaku="1,1,2,1,53,1" doraHai="63" doraHaiUra="78" who="0" fromWho="2" sc="240,87,250,0,250,-77,250,0" /><INIT seed="0,1,0,4,0,52" ten="327,250,173,250" oya="0" hai0="6,1,73,86,104,26,28,23,114,118,79,102,133" hai1="123,30,34,96,20,45,89,128,129,24,108,51,97" hai2="112,109,57,77,105,14,12,54,31,125,44,46,8" hai3="4,124,11,78,95,87,113,98,80,0,61,16,42"/><T92/><D114/><U67/><E123/><V19/><F112/><W48/><G124/><T83/><D118/><U70/><E108/><V18/><F109/><W47/><G113/><T53/><D133/><U36/><E36/><V110/><F110/><W9/><G61/><T39/><D39/><U58/><E70/><V17/><F125/><W27/><G0/><T13/><D1/><U135/><E34/><V60/><F105/><W63/><G63/><T115/><D115/><U37/><E135/><V66/><F31/><W122/><G4/><T29/><D13/><U56/><E37/><V117/><F117/><W100/><REACH who="3" step="1"/><G122/><REACH who="3" ten="327,250,173,240" step="2"/><T68/><D6/><U7/><E7/><V103/><F103/><W25/><G25/><T111/><D26/><U101/><E101/><V106/><F106/><W81/><G81/><T72/><D83/><U21/><E24/><V32/><F32/><W2/><G2/><T33/><D33/><U5/><E5/><N who="2" m="3087" /><F14/><W22/><AGARI ba="1,1" hai="9,11,16,22,27,42,47,48,78,80,87,95,98,100" machi="22" ten="30,7900,0" yaku="1,1,0,1,8,1,54,1,53,0" doraHai="52" doraHaiUra="10" who="3" fromWho="3" sc="327,-40,250,-21,173,-21,240,92" /><INIT seed="1,0,0,0,0,50" ten="287,229,152,332" oya="1" hai0="78,125,126,16,133,114,118,40,29,110,86,32,21" hai1="43,51,71,83,7,87,76,112,73,74,134,131,104" hai2="59,115,6,93,24,9,84,4,97,65,0,15,79" hai3="52,116,102,128,13,135,101,62,37,1,120,124,69"/><U64/><E112/><V122/><F122/><W63/><G1/><T70/><D114/><U77/><E104/><V129/><F115/><W31/><G120/><T103/><D70/><U89/><E134/><V36/><F36/><W99/><G37/><T2/><D103/><U91/><E131/><V123/><F129/><W127/><G128/><T18/><D40/><U81/><E7/><V119/><F119/><W72/><G72/><T17/><D118/><U23/><E23/><V98/><F123/><W105/><G102/><T46/><D46/><U42/><E51/><V130/><F130/><W85/><G116/><T121/><D121/><U25/><E25/><V58/><F24/><W11/><G31/><T109/><D2/><U10/><E10/><V5/><F0/><W48/><G85/><T68/><D68/><U80/><REACH who="1" step="1"/><E91/><REACH who="1" ten="287,219,152,332" step="2"/><N who="2" m="53479" /><F79/><W12/><G135/><T61/><D21/><U47/><E47/><V108/><F108/><W34/><G34/><T27/><D133/><U26/><E26/><V107/><F107/><W111/><G111/><N who="0" m="42507" /><D61/><AGARI ba="0,1" hai="42,43,61,64,71,73,74,76,77,80,81,83,87,89" machi="61" ten="40,3900,0" yaku="1,1,9,1,53,0" doraHai="50" doraHaiUra="45" who="1" fromWho="0" sc="287,-39,219,49,152,0,332,0" /><INIT seed="1,1,0,2,2,93" ten="248,268,152,332" oya="1" hai0="34,110,85,56,23,95,134,35,5,132,107,69,28" hai1="7,41,21,111,99,89,66,86,47,19,74,126,122" hai2="80,123,133,105,54,128,55,64,61,78,92,108,39" hai3="9,58,72,131,60,120,116,15,109,113,36,22,97"/><U127/><E122/><V11/><F123/><W135/><G120/><T125/><D107/><U29/><E74/><V50/><F128/><W119/><G109/><T38/><D69/><U62/><E7/><V46/><F105/><W0/><G135/><N who="0" m="51755" /><D38/><U13/><E29/><V14/><F133/><W82/><G113/><T73/><D73/><U48/><E111/><V96/><F108/><W8/><G36/><T77/><D5/><U71/><REACH who="1" step="1"/><E99/><REACH who="1" ten="248,258,152,332" step="2"/><V2/><F2/><W83/><G97/><T67/><D110/><U75/><E75/><V112/><F112/><W43/><G72/><T24/><D125/><U65/><E65/><V63/><F64/><W84/><G119/><T6/><D6/><U30/><E30/><V81/><F39/><W130/><G116/><T1/><D1/><U40/><E40/><V18/><F55/><W104/><G43/><T32/><D32/><U124/><E124/><V16/><F18/><W100/><G0/><T90/><D77/><U26/><E26/><V114/><F114/><W118/><G118/><T59/><D67/><U91/><E91/><N who="2" m="55327" /><F78/><W42/><G42/><T87/><D85/><U115/><E115/><V3/><F3/><W20/><G84/><T88/><D90/><U129/><E129/><V76/><F76/><W53/><G53/><T27/><D35/><U117/><E117/><V45/><F45/><W68/><G131/><T31/><AGARI ba="1,1" hai="23,24,27,28,31,34,56,59,87,88,95" m="51755" machi="31" ten="30,2000,0" yaku="20,1,54,1" doraHai="93" who="0" fromWho="0" sc="248,33,258,-11,152,-6,332,-6" /><INIT seed="2,0,0,0,2,134" ten="281,247,146,326" oya="2" hai0="28,24,94,44,7,25,117,49,81,78,91,63,39" hai1="107,65,58,74,82,34,45,126,68,51,128,12,60" hai2="130,113,76,53,133,105,67,26,42,112,103,27,88" hai3="83,13,101,20,121,129,30,124,125,122,106,90,17"/><V95/><F133/><W37/><G37/><T21/><D39/><U38/><E107/><V89/><F67/><W75/><G129/><T14/><D117/><U3/><E3/><V2/><F2/><W9/><G101/><T16/><D63/><U62/><E34/><V93/><F42/><W46/><G106/><T127/><D127/><N who="3" m="48713" /><G46/><T120/><D7/><U35/><E128/><V85/><F130/><W123/><G90/><T114/><D114/><U131/><E45/><V18/><F53/><W41/><G41/><T110/><D110/><U8/><E38/><V70/><F70/><W52/><G52/><N who="0" m="29735" /><D120/><U96/><E68/><V119/><F119/><W47/><G47/><T115/><D115/><U59/><E131/><V66/><F66/><W11/><G30/><T72/><D72/><U84/><E74/><V10/><F76/><AGARI ba="0,0" hai="9,11,13,17,20,75,76,83,121,122,123" m="48713" machi="76" ten="40,8000,1" yaku="18,1,52,3" doraHai="134" who="3" fromWho="2" sc="281,0,247,0,146,-80,326,80" /><INIT seed="3,0,0,3,1,41" ten="281,247,66,406" oya="3" hai0="40,113,118,51,35,129,108,39,27,10,99,98,66" hai1="2,58,102,83,59,74,116,14,88,101,93,48,105" hai2="64,61,65,69,53,85,134,19,127,126,54,45,125" hai3="72,77,90,36,75,124,20,107,128,43,80,26,13"/><W122/><G122/><T49/><D118/><U25/><E2/><V115/><F85/><W1/><G1/><T3/><D66/><U11/><E116/><V32/><F32/><W97/><G13/><T55/><D39/><U6/><E25/><V70/><F19/><W82/><G124/><T62/><D129/><U12/><E12/><V22/><F22/><W71/><G71/><T73/><D73/><U92/><E105/><V96/><F96/><W31/><G36/><T56/><D108/><U21/><E21/><V30/><F30/><W34/><G43/><T103/><D99/><U38/><E38/><V106/><F106/><W15/><G15/><T29/><D40/><U44/><E83/><V17/><F17/><W132/><G132/><T120/><D113/><U117/><E74/><V81/><F81/><W47/><G90/><T8/><D120/><U46/><E117/><V9/><F9/><W87/><G20/><T23/><D35/><U50/><E50/><N who="0" m="18953" /><D3/><U86/><E48/><V100/><F100/><N who="1" m="38505" /><E93/><AGARI ba="0,0" hai="8,10,23,27,29,55,56,62,93,98,103" m="18953" machi="93" ten="30,1000,0" yaku="8,1" doraHai="41" who="0" fromWho="1" sc="281,10,247,-10,66,0,406,0" owari="291,9.1,237,-16.3,66,-43.4,406,50.6" /></mjloggm>