<mjloggm ver="2.3"><GO type="225" lobby="0"/><UN n0="%E3%81%BF%E3%81%BF%E3%81%9A" n1="%E5%8D%A0%E3%81%84%E5%B8%AB%E8%A3%8F%E3%81%AA%E3%81%84%E3%81%97" n2="%E7%89%B9%E6%9D%B1%E3%81%AF%E4%B8%96%E7%95%8C%E3%82%92%E6%95%91%E3%81%86" n3="%E6%B0%B7%E5%B7%9D%E9%87%8C%E5%A5%88" dan="16,16,16,16" rate="2151.37,2118.70,2073.49,2133.49" sx="M,M,M,F"/><TAIKYOKU oya="0"/><INIT seed="0,0,0,5,4,53" ten="250,250,250,250" oya="0" hai0="106,16,21,110,87,128,18,71,33,31,69,12,104" hai1="123,74,26,42,96,9,131,43,102,75,111,17,125" hai2="112,40,60,29,41,100,124,57,32,135,22,113,38" hai3="98,73,97,127,55,65,36,115,101,44,103,23,3"/><T77/><D128/><U37/><E123/><V0/><F32/><W109/><G115/><T8/><D110/><U25/><E111/><V121/><F0/><W56/><G109/><T46/><D33/><U54/><E131/><V126/><F100/><W90/><G127/><N who="2" m="48681" /><F29/><W133/><G133/><T134/><D31/><U15/><E125/><V6/><F6/><W93/><G73/><T14/><D134/><U105/><E37/><V91/><F91/><W30/><G3/><T79/><D46/><U20/><E25/><V85/><F85/><W67/><G44/><T39/><D39/><U35/><E35/><V61/><F22/><W114/><G36/><T4/><D4/><U27/><E27/><V10/><F10/><W86/><G114/><N who="2" m="44137" /><F135/><W51/><G30/><T19/><D87/><U5/><REACH who="1" step="1"/><E54/><REACH who="1" ten="250,240,250,250" step="2"/><N who="2" m="33847" /><F121/><W2/><G2/><T63/><D21/><U94/><E94/><V59/><F38/><W11/><G23/><T118/><D104/><U83/><E83/><V24/><F24/><W62/><G11/><T120/><D106/><U122/><E122/><V76/><F76/><W81/><REACH who="3" step="1"/><G51/><REACH who="3" ten="250,240,250,240" step="2"/><T1/><D8/><U107/><E107/><AGARI ba="0,2" hai="55,56,62,65,67,81,86,90,93,97,98,101,103,107" machi="107" ten="30,8000,1" yaku="1,1,2,1,7,1,52,1,53,1" doraHai="53" doraHaiUra="82" who="3" fromWho="1" sc="250,0,240,-80,250,0,240,100" /><INIT seed="1,0,0,2,3,26" ten="250,160,250,340" oya="1" hai0="93,27,68,24,134,43,46,52,106,85,121,133,69" hai1="13,42,51,84,17,23,22,56,6,95,126,130,131" hai2="29,62,128,83,19,119,14,99,5,16,116,86,34" hai3="25,66,90,32,88,49,78,102,40,101,132,87,65"/><U81/><E126/><V41/><F128/><N who="1" m="49193" /><E6/><V96/><F5/><W21/><G132/><N who="0" m="50795" /><D106/><U35/><E35/><V9/><F41/><W72/><G72/><T36/><D121/><U82/><E22/><V8/><F62/><W3/><G3/><T7/><D7/><U118/><E118/><V114/><F114/><W100/><G32/><T107/><D107/><U105/><E105/><V63/><F63/><W110/><G110/><T92/><D24/><U108/><E108/><V38/><F38/><W71/><G71/><N who="0" m="27211" /><D27/><U80/><E95/><V60/><F34/><W48/><G40/><T70/><N who="0" m="27219" /><T55/><DORA hai="73" /><D92/><U37/><E37/><V123/><F123/><W109/><G109/><T39/><D36/><U75/><E75/><V61/><F14/><W4/><G4/><T124/><D124/><U20/><E20/><V104/><F104/><W12/><G12/><T127/><D127/><U1/><E1/><V0/><F0/><W77/><G21/><T89/><AGARI ba="0,0" hai="39,43,46,52,55,85,89,93" m="27219,50795" machi="89" ten="50,3200,0" yaku="20,1,54,1" doraHai="26,73" who="0" fromWho="0" sc="250,32,160,-16,250,-8,340,-8" /><INIT seed="2,0,0,1,4,44" ten="282,144,242,332" oya="2" hai0="129,43,8,110,18,62,41,85,2,35,24,49,135" hai1="37,21,131,65,31,32,34,7,95,33,81,96,12" hai2="54,71,68,56,80,74,91,38,70,86,97,64,99" hai3="100,103,114,9,109,121,117,46,26,90,106,94,63"/><V104/><F38/><W120/><G117/><T134/><D110/><U98/><E37/><V28/><F74/><W59/><G109/><T40/><D129/><U132/><E131/><V45/><F28/><W52/><G114/><T75/><D75/><U47/><E132/><N who="0" m="50729" /><D62/><U57/><E96/><V116/><F116/><W102/><G106/><T55/><D85/><U66/><E81/><V39/><F64/><W125/><G125/><T67/><D67/><U14/><E7/><V3/><F3/><W36/><G9/><T108/><D108/><U89/><E65/><V48/><REACH who="2" step="1"/><F104/><REACH who="2" ten="282,144,232,332" step="2"/><W101/><G36/><T124/><D124/><U20/><E47/><V42/><AGARI ba="0,1" hai="39,42,45,48,54,56,68,70,71,80,86,91,97,99" machi="42" ten="40,12000,1" yaku="1,1,2,1,0,1,52,1,53,0" doraHai="44" doraHaiUra="10" who="2" fromWho="2" sc="282,-40,144,-40,232,130,332,-40" /><INIT seed="2,1,0,5,2,131" ten="242,104,362,292" oya="2" hai0="0,32,10,67,7,33,61,116,105,114,134,75,48" hai1="76,133,15,25,85,87,54,82,44,52,86,55,69" hai2="40,107,89,68,135,74,93,102,113,35,63,6,9" hai3="98,117,26,60,22,57,108,72,20,130,64,99,56"/><V51/><F113/><W12/><G117/><T29/><D114/><U42/><E69/><V111/><F35/><W77/><G108/><T16/><D116/><U28/><E15/><V96/><F74/><W43/><G130/><T19/><D75/><U24/><E28/><V104/><F111/><W101/><G43/><T84/><D48/><U125/><E125/><V103/><F103/><W39/><G39/><T100/><D84/><U94/><E94/><V47/><F135/><W38/><G38/><T31/><D31/><U120/><E120/><V8/><F8/><W46/><G46/><T18/><D134/><U123/><E123/><V119/><F119/><W71/><G77/><T53/><D53/><U1/><E1/><V122/><F122/><W124/><G72/><T21/><D21/><U66/><E66/><V83/><F68/><W65/><G124/><T49/><D49/><U127/><E127/><V34/><F63/><N who="3" m="37991" /><G101/><T132/><D132/><U91/><E133/><V58/><F58/><W126/><G71/><T4/><D4/><U17/><E17/><V79/><F102/><W88/><G88/><T97/><REACH who="0" step="1"/><D29/><REACH who="0" ten="232,104,362,292" step="2"/><U90/><E76/><V62/><F79/><W95/><G126/><T115/><D115/><U118/><E118/><V23/><F6/><W78/><G20/><T14/><D14/><U30/><E30/><V73/><F73/><W50/><G12/><T106/><D106/><U121/><E121/><V13/><F107/><W81/><G50/><T59/><AGARI ba="1,1" hai="0,7,10,16,18,19,32,33,59,61,67,97,100,105" machi="59" ten="30,4000,0" yaku="1,1,0,1,54,1,53,0" doraHai="131" doraHaiUra="45" who="0" fromWho="0" sc="232,53,104,-11,362,-21,292,-11" /><INIT seed="3,0,0,4,4,114" ten="285,93,341,281" oya="3" hai0="59,48,97,135,36,118,115,6,111,116,52,18,104" hai1="88,95,31,85,69,0,17,71,78,120,64,110,54" hai2="22,121,103,8,131,28,122,117,101,113,25,84,24" hai3="66,86,61,123,99,43,47,20,96,19,81,44,128"/><W56/><G123/><BYE who="1" /><N who="2" m="47113" /><F117/><W127/><G128/><T9/><D115/><U72/><E72/><V37/><F131/><W39/><G127/><T27/><D36/><U45/><E45/><V55/><F37/><W46/><G43/><T41/><D41/><U93/><E93/><V38/><F38/><W12/><REACH who="3" step="1"/><G39/><REACH who="3" ten="285,93,341,271" step="2"/><T90/><D111/><U60/><E60/><V34/><F113/><W49/><G49/><T94/><D135/><U75/><E75/><V65/><F65/><W30/><G30/><T73/><D73/><U35/><E35/><V79/><F55/><W68/><G68/><T14/><REACH who="0" step="1"/><D104/><REACH who="0" ten="275,93,341,271" step="2"/><U10/><E10/><V51/><F8/><W58/><G58/><T125/><D125/><U102/><E102/><V15/><F103/><W1/><G1/><T4/><D4/><U100/><E100/><V91/><F101/><W107/><G107/><T129/><D129/><U16/><E16/><V89/><F28/><W87/><G87/><T32/><D32/><U5/><E5/><V42/><F34/><W126/><G126/><T108/><D108/><U3/><E3/><V98/><F42/><UN n1="%E5%8D%A0%E3%81%84%E5%B8%AB%E8%A3%8F%E3%81%AA%E3%81%84%E3%81%97" /><W67/><G67/><T132/><D132/><U82/><E88/><AGARI ba="0,2" hai="12,19,20,44,46,47,56,61,66,81,86,88,96,99" machi="88" ten="40,18000,2" yaku="1,1,8,1,54,1,53,3" doraHai="114" doraHaiUra="40" who="3" fromWho="1" sc="275,0,93,-180,341,0,271,200" owari="275,-12.5,-87,-58.7,341,14.1,471,57.1" /></mjloggm>