<mjloggm ver="2.3"><GO type="225" lobby="0"/><UN n0="%E8%81%B7%E6%A5%AD%E3%80%81%E9%A2%A8%32" n1="%72%69%6F%75%63%68%61%6E" n2="%E6%A1%9C%E8%8A%B1%E9%96%83%E3%80%85" n3="%E3%82%B0%E3%83%AA%E3%82%B0%E3%83%AA%E6%A3%92" dan="16,17,17,16" rate="2170.49,2156.39,2121.96,2110.06" sx="M,M,M,M"/><TAIKYOKU oya="0"/><INIT seed="0,0,0,0,0,112" ten="250,250,250,250" oya="0" hai0="97,23,130,110,26,2,39,88,107,53,0,54,4" hai1="59,94,11,37,46,22,19,15,27,82,117,87,125" hai2="18,104,32,44,134,81,56,3,106,60,10,132,76" hai3="75,21,30,40,100,116,126,9,48,43,25,86,90"/><T108/><D130/><U16/><E117/><V135/><F32/><W33/><G75/><T103/><D39/><U93/><E125/><V74/><F44/><W114/><G126/><T63/><D4/><U72/><E72/><V13/><REACH who="2" step="1"/><F3/><REACH who="2" ten="250,250,240,250" step="2"/><W17/><G33/><T7/><D2/><U123/><E123/><V119/><F119/><W105/><G116/><T49/><D0/><U121/><E121/><V113/><F113/><W73/><G114/><T84/><D7/><U66/><E37/><V6/><F6/><W36/><G36/><T127/><D127/><U131/><E131/><V95/><F95/><W57/><G105/><T51/><D63/><N who="1" m="38271" /><E46/><V98/><F98/><W99/><G99/><T133/><D51/><U50/><E50/><V122/><F122/><W129/><G48/><T79/><D49/><U31/><E19/><V68/><F68/><W70/><G17/><N who="0" m="12655" /><D133/><U101/><E101/><V45/><F45/><W62/><G100/><T38/><D38/><U47/><E47/><V89/><F89/><AGARI ba="0,1" hai="11,15,16,22,27,31,82,87,89,93,94" m="38271" machi="89" ten="30,2000,0" yaku="8,1,54,1" doraHai="112" who="1" fromWho="2" sc="250,0,250,30,240,-20,250,0" /><INIT seed="1,0,0,1,1,50" ten="250,280,220,250" oya="1" hai0="53,60,108,48,114,103,54,112,57,74,12,56,69" hai1="31,26,33,104,70,73,61,77,121,41,86,38,46" hai2="96,11,118,5,9,95,35,129,52,135,99,43,45" hai3="100,94,85,116,106,8,0,37,84,88,82,97,65"/><U91/><E121/><V120/><F120/><W55/><G37/><T115/><D74/><U134/><E134/><V128/><F118/><W14/><G0/><T1/><D1/><U18/><E104/><V66/><F35/><W42/><G42/><T49/><D103/><U3/><E3/><V83/><F135/><W59/><G65/><N who="0" m="41127" /><D12/><U110/><E110/><AGARI ba="0,0" hai="48,49,53,54,56,57,108,110,112,114,115" m="41127" machi="110" ten="40,8000,1" yaku="34,2,52,2" doraHai="50" who="0" fromWho="1" sc="250,80,280,-80,220,0,250,0" /><INIT seed="2,0,0,4,3,126" ten="330,200,220,250" oya="2" hai0="63,116,49,13,134,54,88,129,20,107,29,38,5" hai1="55,10,76,32,8,43,132,59,103,15,4,7,85" hai2="118,111,84,30,58,135,78,95,23,37,70,22,101" hai3="9,50,14,69,83,86,72,122,41,75,35,0,48"/><V66/><F118/><W114/><G122/><T82/><D129/><U80/><E132/><V96/><F135/><W104/><G0/><T56/><D38/><U46/><E32/><V123/><F123/><W53/><G69/><T39/><D39/><U67/><E103/><V3/><F70/><W87/><G35/><T51/><D107/><U77/><E67/><V98/><F3/><W34/><G34/><T44/><D116/><U2/><E59/><V110/><F37/><W16/><G104/><T60/><D134/><U61/><E55/><V109/><F98/><W113/><G41/><T17/><D5/><U128/><E61/><N who="2" m="38199" /><F30/><W102/><G102/><T21/><D21/><U57/><E57/><V1/><F1/><W33/><G86/><N who="0" m="50263" /><D29/><U45/><E128/><V26/><F26/><W92/><G92/><T120/><D120/><U133/><E133/><V127/><F127/><W52/><G33/><T100/><D100/><U79/><REACH who="1" step="1"/><E46/><REACH who="1" ten="330,190,220,250" step="2"/><V89/><F78/><N who="3" m="46583" /><G53/><AGARI ba="0,1" hai="13,17,20,44,49,51,53,54,56,60,63" m="50263" machi="53" ten="30,2000,0" yaku="8,1,54,1" doraHai="126" who="0" fromWho="3" sc="330,30,190,0,220,0,250,-20" /><INIT seed="3,0,0,1,0,17" ten="360,190,220,230" oya="3" hai0="65,19,75,74,68,24,130,94,134,31,133,39,102" hai1="119,115,10,92,38,128,49,8,129,27,45,20,114" hai2="30,41,33,50,64,80,21,122,108,100,81,26,112" hai3="125,13,15,86,61,103,23,66,72,36,34,131,4"/><W0/><G36/><T59/><D130/><N who="1" m="50283" /><E38/><V32/><F112/><N who="1" m="43049" /><E92/><V98/><F108/><W90/><G34/><T5/><D5/><U95/><E95/><N who="2" m="58463" /><F33/><W101/><G72/><T97/><D68/><U79/><E79/><V52/><F32/><W84/><G131/><T25/><D19/><N who="1" m="12703" /><E119/><V43/><F122/><W16/><G101/><T96/><D39/><U118/><E118/><V42/><F64/><W77/><G77/><T12/><D94/><U89/><E89/><V124/><F124/><W110/><G125/><T35/><D102/><U1/><E1/><V127/><F127/><W60/><G103/><T123/><D65/><U44/><E44/><AGARI ba="0,0" hai="21,26,30,41,42,43,44,50,52,80,81" m="58463" machi="44" ten="30,3900,0" yaku="8,1,52,1,54,1" doraHai="17" who="2" fromWho="1" sc="360,0,190,-39,220,39,230,0" owari="360,46.0,151,-34.9,259,5.9,230,-17.0" /></mjloggm>