<mjloggm ver="2.3"><GO type="225" lobby="0"/><UN n0="%33%74%72%65%65" n1="%E9%B3%B3%E6%9D%B1%E3%81%AE%E3%81%86%E3%81%95%E3%81%8E%E3%81%95%E3%82%93" n2="%6E%69%63%6F%6E%74%6F" n3="%E8%A8%88%E7%AE%97%E6%A9%9F%E8%87%AA%E7%84%B6" dan="16,16,17,17" rate="2093.32,2250.46,2139.57,2245.59" sx="F,M,M,M"/><TAIKYOKU oya="0"/><INIT seed="0,0,0,0,1,33" ten="250,250,250,250" oya="0" hai0="115,32,128,129,36,54,10,114,21,66,106,58,7" hai1="97,72,91,48,73,6,29,111,28,92,3,42,4" hai2="101,71,12,51,100,8,108,87,22,112,45,63,30" hai3="38,60,68,80,107,90,86,40,126,11,81,96,57"/><T78/><D32/><U74/><E111/><V65/><F108/><W123/><G126/><T124/><D106/><U94/><E94/><V17/><F112/><W24/><G68/><T134/><D36/><U83/><E83/><V56/><F71/><W75/><G123/><T41/><D66/><U132/><E132/><V35/><F35/><W19/><G38/><T49/><D41/><U31/><REACH who="1" step="1"/><E3/><REACH who="1" ten="250,240,250,250" step="2"/><V46/><F46/><AGARI ba="0,1" hai="4,6,28,29,31,42,46,48,72,73,74,91,92,97" machi="46" ten="50,6400,0" yaku="1,1,2,1,53,1" doraHai="33" doraHaiUra="43" who="1" fromWho="2" sc="250,0,240,74,250,-64,250,0" /><INIT seed="1,0,0,4,5,133" ten="250,314,186,250" oya="1" hai0="52,10,26,57,63,97,87,99,92,47,46,123,82" hai1="125,130,115,58,55,120,84,42,31,68,116,66,113" hai2="35,13,69,122,59,56,107,96,75,83,32,22,54" hai3="124,14,9,104,91,119,11,109,101,127,16,121,70"/><U25/><E116/><V114/><F122/><W0/><G121/><T67/><D123/><U40/><E120/><V34/><F114/><N who="1" m="43529" /><E25/><V3/><F3/><W100/><G109/><T77/><D26/><U18/><E18/><V64/><F69/><W29/><G70/><T131/><D131/><U103/><E31/><V108/><F108/><W117/><G29/><T71/><D10/><U27/><E27/><V21/><F64/><W53/><G91/><T51/><REACH who="0" step="1"/><D99/><REACH who="0" ten="240,314,186,250" step="2"/><U28/><E130/><V72/><F96/><N who="3" m="61447" /><G101/><AGARI ba="0,1" hai="46,47,51,52,57,63,67,71,77,82,87,92,97,101" machi="101" ten="30,3900,0" yaku="1,1,7,1,54,1,53,0" doraHai="133" doraHaiUra="135" who="0" fromWho="3" sc="240,49,314,0,186,0,250,-39" /><INIT seed="2,0,0,1,2,23" ten="289,314,186,211" oya="2" hai0="48,27,67,129,40,135,18,95,106,71,5,112,70" hai1="77,62,102,32,63,65,118,53,14,69,101,74,51" hai2="35,87,39,24,41,123,38,133,105,73,78,93,42" hai3="83,33,110,80,12,30,25,82,109,8,88,52,21"/><V56/><F123/><W2/><G2/><T126/><D106/><U17/><E118/><V64/><F105/><W58/><G33/><T50/><D5/><U60/><E32/><V16/><F73/><W0/><G0/><T128/><D112/><U10/><E74/><V37/><F133/><W134/><G134/><T119/><D119/><U103/><REACH who="1" step="1"/><E77/><REACH who="1" ten="289,304,186,211" step="2"/><V100/><F35/><W86/><G110/><T98/><D135/><U96/><E96/><V125/><F125/><W26/><G109/><T76/><D76/><U1/><E1/><V108/><F108/><W122/><G122/><T124/><D98/><U104/><E104/><V49/><F78/><W116/><G116/><T114/><D114/><U59/><AGARI ba="0,1" hai="10,14,17,51,53,59,60,62,63,65,69,101,102,103" machi="59" ten="30,4000,0" yaku="1,1,0,1,53,1" doraHai="23" doraHaiUra="55" who="1" fromWho="1" sc="289,-10,304,50,186,-20,211,-10" /><INIT seed="3,0,0,4,3,67" ten="279,354,166,201" oya="3" hai0="73,14,51,38,98,79,27,78,88,15,43,108,128" hai1="19,46,59,4,28,75,9,0,115,42,33,82,120" hai2="95,6,54,71,53,129,12,105,112,55,25,99,92" hai3="109,91,103,121,61,41,17,127,124,56,107,1,118"/><W102/><G121/><T37/><D108/><U86/><E115/><V57/><F112/><W131/><G118/><T29/><D128/><U47/><E120/><V34/><F129/><W104/><G131/><T26/><D51/><U24/><E75/><V117/><F117/><W135/><G1/><T35/><D26/><U125/><E125/><N who="3" m="48202" /><G135/><T123/><D123/><U2/><E59/><V72/><F72/><W101/><G41/><T133/><D133/><U70/><E70/><V69/><F57/><W77/><G77/><T87/><D98/><U23/><E0/><V114/><F114/><W66/><G109/><T58/><D58/><U76/><E42/><V64/><F64/><W90/><G17/><T44/><D38/><U134/><E134/><V52/><N who="2" m="13312" /><DORA hai="94" /><V40/><F40/><W100/><N who="3" m="25600" /><DORA hai="81" /><W11/><G11/><T96/><D78/><U30/><E30/><V32/><F105/><AGARI ba="0,0" hai="56,61,66,90,91,104,105,107" m="25600,48202" machi="105" ten="50,2400,0" yaku="18,1" doraHai="67,94,81" who="3" fromWho="2" sc="279,0,354,0,166,-24,201,24" /><INIT seed="3,1,0,3,4,29" ten="279,354,142,225" oya="3" hai0="49,100,73,124,45,21,12,102,26,22,75,107,23" hai1="132,105,19,134,52,34,77,3,135,116,133,39,87" hai2="91,117,54,59,66,129,43,78,24,112,74,81,108" hai3="84,50,123,48,18,69,27,11,47,9,44,0,63"/><W86/><G123/><T118/><D118/><U101/><E116/><V35/><F112/><W6/><G69/><T106/><D124/><U5/><E133/><V127/><F108/><W62/><G27/><T80/><D12/><U57/><E34/><V76/><F127/><W8/><G18/><T58/><D58/><U82/><E39/><V65/><F129/><W94/><G0/><T114/><D114/><U122/><E122/><V2/><F117/><W31/><G31/><T10/><D10/><N who="1" m="2367" /><E19/><V25/><F2/><W40/><G6/><T85/><D100/><U93/><E93/><V119/><F119/><W4/><G4/><T90/><D26/><U30/><E30/><V7/><F7/><W97/><G62/><T17/><D17/><U111/><E111/><V130/><F130/><W115/><G63/><T88/><D90/><U120/><E120/><V38/><F25/><W51/><G115/><T89/><D89/><U99/><E52/><V33/><F24/><W41/><REACH who="3" step="1"/><G48/><REACH who="3" ten="279,354,142,215" step="2"/><T20/><D49/><U92/><E135/><V104/><F35/><W16/><G16/><T68/><D68/><U36/><E134/><V109/><F33/><W42/><G42/><T83/><D21/><U95/><E132/><V56/><F43/><W96/><G96/><T70/><D70/><U53/><E36/><V79/><F38/><W67/><G67/><T98/><D22/><U71/><E71/><V14/><F65/><W28/><G28/><T64/><D64/><U121/><E121/><V61/><F66/><W125/><G125/><T46/><D23/><U60/><AGARI ba="1,1" hai="53,57,60,77,82,87,92,95,99,101,105" m="2367" machi="60" ten="30,1100,0" yaku="5,1" doraHai="29" who="1" fromWho="1" sc="279,-4,354,24,142,-4,215,-6" owari="275,7.5,378,47.8,138,-36.2,209,-19.1" /></mjloggm>