<mjloggm ver="2.3"><GO type="225" lobby="0"/><UN n0="%E3%82%BF%E3%83%BC%E3%83%90%E3%83%B3%E9%87%8E%E5%8F%A3" n1="%E7%BD%AA%E5%88%91%E6%B3%95%E5%AE%9A%E4%B8%BB%E7%BE%A9" n2="%70%61%77%61" n3="%E6%B8%A9%E2%98%85%E6%83%85%E2%98%85%E6%8E%AA%E2%98%85%E7%BD%AE" dan="16,16,19,17" rate="2129.28,2108.43,2261.84,2198.26" sx="M,M,M,M"/><TAIKYOKU oya="0"/><INIT seed="0,0,0,4,4,69" ten="250,250,250,250" oya="0" hai0="78,89,43,57,53,72,130,122,9,133,101,58,56" hai1="105,70,37,88,123,61,108,47,111,81,4,67,120" hai2="20,17,126,110,16,14,42,132,27,0,52,59,41" hai3="39,74,100,65,134,3,48,24,93,107,127,83,92"/><T109/><D122/><U8/><E105/><V82/><F0/><W55/><G3/><T124/><D130/><U36/><E47/><V23/><F110/><N who="1" m="42025" /><E81/><V35/><F35/><W32/><G39/><N who="1" m="14922" /><E88/><V86/><F126/><W34/><G83/><T21/><D124/><U104/><E104/><V119/><F132/><W12/><G93/><T71/><D133/><U80/><E80/><V94/><F94/><W87/><G107/><T75/><D72/><U131/><E131/><V84/><F119/><W116/><G74/><T51/><D75/><U128/><E128/><V91/><REACH who="2" step="1"/><F86/><REACH who="2" ten="250,250,240,250" step="2"/><W54/><G87/><T115/><D109/><U63/><E63/><AGARI ba="0,1" hai="14,16,17,20,23,27,41,42,52,59,63,82,84,91" machi="63" ten="30,12000,2" yaku="1,1,2,1,7,1,8,1,54,2,53,0" doraHai="69" doraHaiUra="46" who="2" fromWho="1" sc="250,0,250,-120,240,130,250,0" /><INIT seed="1,0,0,5,5,79" ten="250,130,370,250" oya="1" hai0="25,62,82,1,5,104,67,0,76,134,35,18,129" hai1="50,59,68,39,128,103,63,66,118,116,107,96,38" hai2="93,86,98,74,6,122,65,44,34,89,94,108,52" hai3="72,16,99,57,53,4,28,123,11,71,77,30,23"/><U85/><E128/><V19/><F122/><W14/><G71/><N who="0" m="42487" /><D18/><U24/><E24/><V120/><F120/><W101/><G123/><T111/><D111/><U113/><E113/><V126/><F74/><W64/><G64/><T49/><D49/><U131/><E131/><V7/><F34/><W12/><G77/><T45/><D129/><U125/><E125/><V27/><F65/><W3/><G72/><N who="0" m="43271" /><D134/><U84/><E84/><V20/><F108/><W92/><G3/><N who="0" m="1099" /><D45/><U33/><E33/><V48/><REACH who="2" step="1"/><F126/><REACH who="2" ten="250,130,360,250" step="2"/><W55/><G55/><T17/><D5/><U117/><REACH who="1" step="1"/><E85/><REACH who="1" ten="250,120,360,250" step="2"/><V42/><F42/><W69/><G69/><T37/><D35/><U47/><E47/><V32/><F32/><W124/><G124/><T58/><D37/><U56/><E56/><V112/><F112/><W2/><G2/><T88/><D58/><U31/><E31/><V110/><F110/><W75/><G75/><T121/><D121/><U73/><E73/><V135/><F135/><W83/><G30/><T46/><D46/><U97/><E97/><V114/><F114/><W78/><G28/><T36/><D36/><U41/><E41/><V61/><F61/><W54/><G57/><T132/><D132/><U87/><E87/><V80/><F80/><W9/><G83/><T105/><D17/><U100/><E100/><AGARI ba="0,2" hai="6,7,19,20,27,44,48,52,86,89,93,94,98,100" machi="100" ten="30,7700,0" yaku="1,1,7,1,8,1,54,1,53,0" doraHai="79" doraHaiUra="133" who="2" fromWho="1" sc="250,0,120,-77,360,97,250,0" /><INIT seed="2,0,0,0,3,106" ten="250,43,457,250" oya="2" hai0="100,118,82,107,16,117,108,105,71,20,69,25,37" hai1="94,5,88,12,85,13,123,57,23,95,67,4,54" hai2="80,43,130,112,55,33,27,6,122,93,59,87,84" hai3="109,110,113,35,32,22,75,17,74,51,30,81,44"/><V116/><F112/><W46/><G113/><T28/><D37/><U64/><E123/><V49/><F122/><W11/><G11/><T96/><D108/><N who="3" m="41577" /><G81/><T56/><D107/><U0/><E95/><V92/><F116/><N who="0" m="44650" /><D82/><U1/><E1/><V65/><F130/><W120/><G120/><T40/><D40/><U119/><E119/><V60/><F43/><N who="3" m="24991" /><G46/><T21/><D56/><U50/><E12/><AGARI ba="0,0" hai="12,16,20,21,25,28,69,71,96,100,105" m="44650" machi="12" ten="30,2000,0" yaku="12,1,54,1" doraHai="106" who="0" fromWho="1" sc="250,20,43,-20,457,0,250,0" /><INIT seed="3,0,0,3,1,10" ten="270,23,457,250" oya="3" hai0="126,31,101,97,92,123,46,91,82,89,102,53,127" hai1="124,41,63,99,30,134,85,45,11,13,112,39,17" hai2="107,135,74,19,121,87,116,32,95,115,14,67,3" hai3="51,9,96,50,62,110,117,24,55,58,90,100,16"/><W33/><G117/><T86/><D123/><U47/><E112/><V34/><F74/><W8/><G110/><T20/><D31/><U64/><E124/><N who="0" m="47657" /><D20/><U114/><E134/><V81/><F107/><W75/><G75/><T120/><D120/><U26/><E114/><V2/><F121/><W129/><G129/><T15/><D15/><U93/><E85/><V56/><F115/><W80/><G33/><T106/><D106/><U35/><E41/><V49/><F116/><W28/><G28/><T0/><D0/><U59/><E39/><V6/><F135/><W73/><G73/><T131/><D131/><U43/><E43/><V44/><F3/><W48/><G100/><T29/><D29/><U130/><E130/><V108/><F108/><W60/><G60/><T70/><D70/><U37/><E37/><V72/><F72/><W66/><G66/><T119/><D119/><U128/><E128/><V57/><F95/><N who="3" m="56439" /><G80/><T113/><D113/><U103/><AGARI ba="0,0" hai="11,13,17,26,30,35,45,47,59,63,64,93,99,103" machi="103" ten="20,2700,0" yaku="0,1,7,1,52,1" doraHai="10" who="1" fromWho="1" sc="270,-7,23,27,457,-7,250,-13" owari="263,6.3,50,-45.0,450,55.0,237,-16.3" /></mjloggm>