<mjloggm ver="2.3"><GO type="225" lobby="0"/><UN n0="%E3%81%B5%E3%81%98%E3%81%8B%E3%81%A4" n1="%6E%69%63%6F%6E%74%6F" n2="%E5%A4%9C%E5%85%89%E5%A4%A9%E6%A5%BC" n3="%E3%81%93%E3%81%91%E6%A4%8D%E7%89%A9" dan="16,16,17,16" rate="2163.82,2116.20,2155.56,2100.25" sx="M,M,M,M"/><TAIKYOKU oya="0"/><INIT seed="0,0,0,3,5,61" ten="250,250,250,250" oya="0" hai0="119,69,5,104,28,49,10,6,66,7,23,21,20" hai1="25,3,53,12,63,134,103,27,123,105,16,122,31" hai2="54,89,52,96,38,51,87,41,124,43,26,59,108" hai3="125,33,56,32,30,36,35,76,0,127,83,132,133"/><T88/><D119/><U50/><E134/><N who="3" m="51818" /><G36/><T135/><D104/><U70/><E3/><V117/><F108/><W113/><G56/><T90/><D135/><U107/><E107/><V128/><F38/><W58/><G58/><T109/><D28/><U65/><E103/><V92/><F117/><W93/><G0/><T22/><D109/><U13/><E105/><V102/><F128/><W11/><G11/><T114/><D114/><U79/><E79/><V24/><F54/><W101/><G93/><T73/><D73/><U9/><E13/><V72/><F72/><N who="3" m="43399" /><G101/><T97/><N who="0" m="5120" /><DORA hai="85" /><T8/><D49/><U94/><E94/><N who="2" m="58647" /><F124/><N who="3" m="47691" /><G113/><T99/><D69/><U46/><REACH who="1" step="1"/><E31/><AGARI ba="0,0" hai="30,31,32,33,35" m="47691,43399,51818" machi="31" ten="40,2600,0" yaku="20,1,18,1" doraHai="61,85" who="3" fromWho="1" sc="250,0,250,-26,250,0,250,26" /><INIT seed="1,0,0,0,2,113" ten="250,224,250,276" oya="1" hai0="53,7,21,17,102,39,89,5,115,110,62,54,71" hai1="98,37,101,83,127,108,25,10,103,99,51,111,27" hai2="67,30,6,56,8,24,33,69,44,19,78,32,2" hai3="87,105,124,129,88,35,92,47,65,91,68,79,131"/><U9/><E37/><V36/><F78/><W122/><G105/><T97/><D115/><U40/><E51/><V77/><F77/><W20/><G35/><T85/><D110/><N who="1" m="42027" /><E83/><V80/><F80/><W86/><G79/><T22/><D39/><U81/><E81/><V29/><F69/><W70/><G122/><T49/><D71/><U128/><E40/><V118/><F36/><W126/><G20/><T123/><D62/><U133/><E133/><V28/><F44/><W75/><G47/><T1/><D1/><U100/><E128/><V130/><F67/><W46/><G46/><T12/><D22/><U84/><E84/><V109/><F56/><W120/><G120/><T13/><D13/><U3/><E127/><V119/><F130/><W96/><G92/><N who="0" m="54319" /><D123/><U59/><E59/><V90/><F90/><W125/><G125/><T50/><D50/><U106/><E106/><V58/><F58/><W14/><G14/><T52/><D49/><U45/><E45/><V72/><F72/><W48/><G48/><T18/><D18/><U93/><E93/><AGARI ba="0,0" hai="5,7,12,17,21,52,53,54,93,97,102" m="54319" machi="93" ten="30,2000,0" yaku="8,1,54,1" doraHai="113" who="0" fromWho="1" sc="250,20,224,-20,250,0,276,0" /><INIT seed="2,0,0,2,2,1" ten="270,204,250,276" oya="2" hai0="5,54,28,4,6,11,122,85,81,16,63,102,26" hai1="8,73,14,89,49,83,108,62,119,15,56,34,2" hai2="47,112,36,123,121,45,128,7,109,98,43,130,21" hai3="127,84,31,124,46,60,39,30,35,79,110,88,131"/><V97/><F112/><W17/><G79/><T106/><D122/><U90/><E119/><V115/><F115/><W111/><G131/><N who="2" m="50217" /><F109/><N who="3" m="41483" /><G60/><T68/><D106/><U133/><E108/><V32/><F32/><W67/><G67/><T78/><D102/><U86/><E133/><V101/><F47/><W125/><G17/><T18/><D68/><U118/><E34/><V116/><F116/><W37/><G35/><T27/><D11/><U93/><E118/><V104/><F21/><W91/><G91/><T99/><D99/><U51/><E2/><V25/><F25/><N who="0" m="9226" /><D28/><N who="3" m="10793" /><G46/><T129/><D129/><U74/><E15/><V23/><F23/><W126/><N who="3" m="31744" /><DORA hai="53" /><W57/><G57/><AGARI ba="0,0" hai="4,5,6,16,18,54,57,63,78,81,85" m="9226" machi="57" ten="30,12000,2" yaku="8,1,52,4,54,1" doraHai="1,53" who="0" fromWho="3" sc="270,120,204,0,250,0,276,-120" /><INIT seed="3,0,0,5,2,70" ten="390,204,250,156" oya="3" hai0="26,51,110,2,103,128,80,129,55,39,48,71,19" hai1="83,61,60,66,126,58,108,16,63,123,74,121,14" hai2="112,130,36,91,5,1,109,28,76,98,97,25,21" hai3="117,115,0,90,124,114,47,23,101,111,12,96,32"/><W133/><G117/><T127/><D39/><U125/><E108/><V41/><F112/><W95/><G32/><T69/><D2/><U88/><E74/><V15/><F109/><W46/><G0/><T106/><D110/><U120/><E58/><V8/><F130/><N who="0" m="50282" /><D51/><U104/><E104/><V38/><F76/><W10/><G111/><T59/><D127/><N who="1" m="48651" /><E66/><V67/><F67/><W35/><G35/><T53/><D53/><U100/><E100/><V84/><F1/><W93/><G124/><T57/><D80/><U89/><E83/><V135/><F38/><W75/><G75/><T81/><D81/><U34/><E34/><V99/><F135/><W31/><G133/><T29/><D19/><U62/><E62/><V11/><F11/><AGARI ba="0,0" hai="11,14,16,60,61,63,88,89,120,121,123" m="48651" machi="11" ten="40,5200,0" yaku="18,1,54,2" doraHai="70" who="1" fromWho="2" sc="390,0,204,52,250,-52,156,0" owari="390,49.0,256,5.6,198,-20.2,156,-34.4" /></mjloggm>