<mjloggm ver="2.3"><GO type="225" lobby="0"/><UN n0="%E3%82%82%E3%81%90%E3%82%89" n1="%E5%80%89%E6%A9%8B%EF%BC%A0%E4%BA%8B%E5%8B%99" n2="%E3%81%82%E3%81%84%E3%81%82%E3%81%8A%E3%81%84" n3="%33%74%72%65%65" dan="17,16,18,17" rate="2230.16,2070.10,2212.41,2211.96" sx="M,M,M,F"/><TAIKYOKU oya="0"/><INIT seed="0,0,0,3,2,91" ten="250,250,250,250" oya="0" hai0="99,21,66,45,50,83,78,20,60,122,80,28,42" hai1="40,116,118,110,77,18,55,23,31,90,121,131,134" hai2="84,106,9,113,24,112,115,117,81,1,126,72,76" hai3="101,128,109,56,61,88,11,69,44,58,111,62,13"/><T114/><D122/><U51/><E121/><V95/><F126/><W30/><G101/><T119/><D114/><U79/><E40/><V29/><F117/><W89/><G30/><T59/><D119/><U104/><E104/><V4/><F106/><W75/><G75/><T105/><D28/><U133/><E31/><V100/><F100/><W74/><G74/><T86/><D105/><U17/><E110/><N who="3" m="41994" /><G44/><T68/><D99/><U6/><E6/><V125/><F125/><W16/><G128/><T82/><D68/><U107/><E107/><V22/><REACH who="2" step="1"/><F72/><REACH who="2" ten="250,250,240,250" step="2"/><W3/><G3/><T34/><D34/><U98/><E116/><V53/><F53/><N who="3" m="33935" /><G69/><T46/><D46/><U47/><E55/><AGARI ba="0,1" hai="11,13,16,55,58,62,88,89" m="33935,41994" machi="55" ten="30,3900,0" yaku="14,1,54,2" doraHai="91" who="3" fromWho="1" sc="250,0,250,-39,240,0,250,49" /><INIT seed="1,0,0,4,2,21" ten="250,211,240,299" oya="1" hai0="23,97,95,94,4,115,18,110,29,62,65,48,3" hai1="126,104,10,17,59,31,89,68,42,24,71,108,20" hai2="79,127,51,47,78,107,14,98,50,67,25,35,119" hai3="46,114,80,90,88,130,99,27,15,74,0,49,9"/><U121/><E104/><V66/><F119/><W45/><G114/><T32/><D115/><U131/><E121/><V129/><F127/><W56/><G130/><T5/><D110/><U1/><E131/><V37/><F37/><W92/><G0/><T30/><D48/><U34/><E126/><V83/><F129/><W87/><G74/><T16/><D18/><U75/><E75/><V39/><F39/><W6/><REACH who="3" step="1"/><G27/><REACH who="3" ten="250,211,240,289" step="2"/><T69/><D3/><U41/><E108/><V63/><F25/><W61/><G61/><T116/><D116/><U105/><E1/><V64/><F63/><W43/><G43/><T118/><D118/><U86/><E41/><V70/><F70/><W132/><G132/><T84/><D69/><U102/><E42/><V134/><F134/><W11/><G11/><T125/><D62/><U55/><E10/><V82/><F67/><W111/><G111/><T7/><D65/><U113/><E113/><V73/><F66/><W60/><G60/><T128/><D128/><U13/><E71/><V122/><F64/><W36/><G36/><T76/><D125/><U91/><E68/><V33/><F122/><W85/><G85/><T54/><D84/><U57/><E55/><AGARI ba="0,1" hai="6,9,15,45,46,49,55,56,80,87,88,90,92,99" machi="55" ten="40,5200,0" yaku="1,1,8,1,54,1,53,0" doraHai="21" doraHaiUra="19" who="3" fromWho="1" sc="250,0,211,-52,240,0,289,62" /><INIT seed="2,0,0,5,4,43" ten="250,159,240,351" oya="2" hai0="61,44,16,78,91,81,115,9,101,57,20,53,116" hai1="95,46,110,45,135,29,123,40,96,119,19,30,24" hai2="100,99,2,31,18,33,38,1,112,63,8,129,86" hai3="97,121,67,92,68,4,42,28,102,120,15,84,21"/><V6/><F38/><W23/><G68/><T104/><D115/><U51/><E119/><V73/><F73/><W39/><G67/><T70/><D116/><U5/><E110/><V80/><F112/><W128/><G128/><T36/><D70/><U54/><E135/><V11/><F129/><W72/><G72/><T10/><D91/><U35/><E123/><V83/><F63/><W71/><G71/><T105/><D101/><U64/><E5/><V90/><F33/><W32/><G32/><T48/><D36/><U12/><E64/><V47/><F31/><W14/><G39/><T111/><D104/><U60/><E60/><V41/><F18/><W113/><G113/><T82/><D105/><U114/><E114/><V130/><F130/><W118/><G118/><T37/><D37/><U131/><E131/><V13/><F83/><N who="0" m="31754" /><D78/><U76/><E76/><V55/><F41/><W3/><G42/><N who="0" m="24599" /><D111/><U125/><E125/><V108/><F108/><W69/><G69/><T126/><D126/><U7/><E40/><V52/><F47/><N who="1" m="17929" /><E35/><V49/><F49/><W50/><G50/><T77/><D77/><U122/><E122/><V134/><F134/><W58/><G120/><T22/><D22/><N who="1" m="13407" /><E51/><V17/><F1/><W133/><G3/><T107/><D107/><AGARI ba="0,0" hai="2,6,8,11,13,17,52,55,80,86,90,99,100,107" machi="107" ten="30,2900,0" yaku="7,1,54,1" doraHai="43" who="2" fromWho="0" sc="250,-29,159,0,240,29,351,0" /><INIT seed="2,1,0,1,0,43" ten="221,159,269,351" oya="2" hai0="107,36,103,60,70,101,35,41,132,72,44,6,55" hai1="52,77,63,133,92,30,57,75,116,76,11,54,123" hai2="106,69,129,114,96,19,16,108,50,118,71,9,14" hai3="20,95,80,0,15,89,49,21,22,62,4,31,100"/><V104/><F114/><W73/><G0/><T27/><D72/><U24/><E116/><V25/><F118/><W83/><G73/><T119/><D119/><U131/><E133/><V117/><F117/><W8/><G100/><T102/><D132/><U37/><E131/><V113/><F113/><W40/><G31/><T1/><D6/><U85/><E75/><V48/><F129/><W10/><G10/><T12/><D12/><U28/><E37/><V134/><F134/><W68/><G68/><T61/><D1/><U42/><E42/><V128/><F128/><W33/><G33/><T74/><D74/><U58/><E123/><V32/><F32/><W59/><G49/><T82/><D82/><U51/><E11/><V66/><F66/><N who="3" m="39263" /><G40/><T90/><D61/><U53/><E24/><V124/><F25/><W79/><G79/><N who="1" m="30282" /><E92/><V38/><F9/><W115/><G115/><T130/><D107/><U110/><E110/><V94/><F94/><W125/><G125/><T65/><D130/><U26/><E85/><AGARI ba="1,0" hai="4,8,15,20,21,22,80,83,85,89,95" m="39263" machi="85" ten="30,1000,0" yaku="8,1" doraHai="43" who="3" fromWho="1" sc="221,0,159,-13,269,0,351,13" /><INIT seed="3,0,0,2,4,129" ten="221,146,269,364" oya="3" hai0="23,82,74,10,107,89,7,135,12,34,85,92,98" hai1="50,33,67,28,65,45,15,122,11,46,101,106,68" hai2="48,93,78,64,42,16,123,6,41,18,115,52,124" hai3="2,31,49,117,22,19,130,5,121,132,79,71,113"/><W30/><G132/><T35/><D135/><U77/><E122/><V116/><F115/><W133/><G133/><T75/><D23/><U102/><E77/><V43/><F116/><W90/><G71/><T56/><D56/><U47/><E50/><V88/><F124/><W24/><G79/><T58/><D58/><U96/><E101/><V80/><F64/><W76/><G76/><N who="0" m="44311" /><D75/><U70/><E67/><V60/><F60/><W119/><G22/><T108/><D108/><U81/><E68/><V69/><F69/><W25/><G49/><T105/><D105/><U36/><E81/><V131/><F6/><W111/><G5/><T13/><D13/><U17/><E36/><V134/><F123/><W20/><G20/><T91/><D91/><U87/><E87/><N who="2" m="48535" /><F134/><W55/><G111/><T126/><D126/><U38/><E38/><V66/><F66/><W29/><G117/><T26/><D26/><U0/><E0/><V63/><F63/><W114/><G25/><T9/><D9/><U3/><E3/><V97/><F131/><W110/><G24/><T27/><D27/><U14/><E33/><V37/><F37/><W128/><G2/><T1/><D1/><U95/><E106/><V112/><F112/><W4/><G119/><T57/><D57/><AGARI ba="0,0" hai="16,18,41,42,43,48,52,57,88,93,97" m="48535" machi="57" ten="30,7700,0" yaku="8,1,54,3" doraHai="129" who="2" fromWho="0" sc="221,-77,146,0,269,77,364,0" owari="144,-35.6,146,-25.4,346,14.6,364,46.4" /></mjloggm>