<mjloggm ver="2.3"><GO type="225" lobby="0"/><UN n0="%E3%81%BF%E3%81%BF%E3%81%9A" n1="%77%72%77%72%77%72%77%72" n2="%6D%75%75%6D%75%72%61" n3="%E3%81%A9%E3%82%8F%E3%82%93%E3%81%94" dan="17,16,16,16" rate="2232.43,2109.61,2154.11,2170.61" sx="M,M,F,M"/><TAIKYOKU oya="0"/><INIT seed="0,0,0,3,1,48" ten="250,250,250,250" oya="0" hai0="120,6,22,42,115,113,25,30,78,122,58,71,19" hai1="50,28,38,104,103,56,135,7,72,70,129,100,88" hai2="47,65,117,34,98,123,69,96,66,27,14,62,23" hai3="79,20,46,107,109,102,86,5,101,44,21,26,105"/><T108/><D71/><U111/><E38/><V10/><F123/><N who="0" m="47146" /><D42/><U110/><E70/><V45/><F117/><W84/><G5/><T64/><D78/><U35/><E72/><V127/><F34/><W49/><G49/><T12/><D58/><U132/><E7/><V31/><F66/><W0/><G26/><T24/><D64/><U1/><E1/><V116/><F127/><W41/><G79/><T91/><D91/><U67/><E129/><V16/><REACH who="2" step="1"/><F116/><REACH who="2" ten="250,250,240,250" step="2"/><W128/><G128/><T43/><D108/><U8/><E111/><V82/><F82/><W81/><G109/><T95/><D95/><U106/><E35/><V83/><F83/><W60/><G81/><T131/><D131/><U124/><E124/><V134/><F134/><W2/><G41/><T114/><D43/><U53/><E110/><V29/><F29/><W76/><G76/><T125/><D125/><U89/><E28/><V90/><F90/><W85/><G85/><T13/><D6/><U119/><E67/><V40/><F40/><W15/><REACH who="3" step="1"/><G15/><REACH who="3" ten="250,250,240,240" step="2"/><T92/><D12/><U4/><E4/><V61/><F61/><AGARI ba="0,2" hai="0,2,20,21,44,46,60,61,84,86,101,102,105,107" machi="61" ten="25,6400,0" yaku="1,1,2,1,22,2,53,0" doraHai="48" doraHaiUra="51" who="3" fromWho="2" sc="250,0,250,0,240,-64,240,84" /><INIT seed="1,0,0,1,2,3" ten="250,250,176,324" oya="1" hai0="41,121,77,54,111,86,74,108,92,37,133,109,40" hai1="123,89,50,55,10,104,27,4,105,78,52,126,76" hai2="13,21,35,103,38,58,93,135,29,88,72,25,43" hai3="87,128,6,26,101,53,62,81,20,66,119,2,56"/><U129/><E123/><V91/><F72/><W11/><G128/><T5/><D121/><U113/><E113/><V14/><F135/><W130/><G119/><T7/><D133/><U115/><E115/><V107/><F107/><W60/><G130/><T63/><D74/><U70/><E70/><V34/><F38/><W22/><G101/><T23/><D23/><U118/><E118/><V51/><F103/><W30/><G22/><T44/><D40/><U9/><E129/><V98/><F91/><W124/><G124/><T106/><D106/><U42/><E126/><V24/><F35/><W100/><G100/><T122/><D122/><U102/><E102/><V46/><REACH who="2" step="1"/><F58/><REACH who="2" ten="250,250,166,324" step="2"/><W112/><G112/><T16/><D77/><U117/><E105/><V28/><AGARI ba="0,1" hai="13,14,21,24,25,28,29,34,43,46,51,88,93,98" machi="28" ten="20,12000,2" yaku="1,1,2,1,0,1,7,1,54,1,53,1" doraHai="3" doraHaiUra="39" who="2" fromWho="2" sc="250,-30,250,-60,166,130,324,-30" /><INIT seed="2,0,0,2,2,38" ten="220,190,296,294" oya="2" hai0="24,42,133,15,57,23,117,4,129,108,67,130,58" hai1="65,75,59,7,12,103,64,89,85,55,131,34,45" hai2="80,0,41,35,10,88,120,26,62,118,102,104,91" hai3="28,2,25,50,69,111,18,8,128,115,126,82,36"/><V1/><F118/><W51/><G36/><T122/><D122/><U93/><E131/><N who="0" m="50185" /><D117/><U107/><E34/><V76/><F120/><W127/><G69/><T95/><D108/><U61/><E75/><V74/><F104/><W20/><G128/><T31/><D133/><U68/><E45/><V81/><F102/><W11/><G111/><T92/><D42/><U105/><E64/><V47/><F62/><W90/><G115/><T49/><D49/><U114/><E114/><V63/><F63/><W73/><G18/><N who="0" m="10719" /><D4/><U119/><E119/><V97/><F97/><W86/><G73/><T123/><D123/><U6/><E103/><V94/><F94/><N who="0" m="35882" /><D67/><U21/><E107/><V110/><F110/><W53/><G51/><T100/><D100/><U116/><E105/><V135/><F135/><W16/><G28/><T40/><D40/><U106/><E106/><V134/><F134/><W124/><G2/><T52/><D52/><U56/><E116/><V98/><F98/><W71/><G71/><T70/><D70/><U39/><E39/><N who="2" m="21951" /><F0/><W125/><N who="3" m="31744" /><DORA hai="30" /><W60/><G60/><T14/><D14/><U44/><E44/><AGARI ba="0,0" hai="8,11,16,20,25,44,50,53,82,86,90" m="31744" machi="44" ten="70,4500,0" yaku="18,1,54,1" doraHai="38,30" who="3" fromWho="1" sc="220,0,190,-45,296,0,294,45" /><INIT seed="3,0,0,2,4,69" ten="220,145,296,339" oya="3" hai0="99,124,70,7,106,57,119,93,32,108,116,49,17" hai1="26,31,111,74,82,42,101,127,6,90,43,29,28" hai2="14,97,87,105,41,114,25,131,117,62,104,8,39" hai3="35,95,113,36,24,59,89,110,73,103,129,54,72"/><W46/><G113/><T2/><D70/><U0/><E111/><V75/><F114/><W52/><G103/><T34/><D108/><U121/><E121/><V122/><F75/><W88/><G110/><T67/><D106/><U96/><E127/><V30/><F117/><W65/><G65/><T63/><D124/><U76/><E0/><V13/><F131/><W12/><G12/><T132/><D132/><U51/><E6/><V98/><F14/><W66/><G89/><T81/><D119/><U78/><E78/><V47/><F122/><W120/><G54/><T27/><D116/><U4/><E4/><V79/><F104/><W48/><G129/><T85/><D2/><U61/><E61/><V84/><F62/><W133/><G133/><T68/><D7/><U22/><E43/><V9/><F9/><W77/><G77/><T134/><D134/><U15/><E15/><V100/><F97/><W107/><G107/><T128/><D128/><U33/><E33/><V18/><REACH who="2" step="1"/><F79/><REACH who="2" ten="220,145,286,339" step="2"/><W60/><G60/><T125/><D99/><U3/><E3/><V135/><F135/><W126/><G73/><T1/><D63/><U45/><REACH who="1" step="1"/><E90/><REACH who="1" ten="220,135,286,339" step="2"/><V10/><F10/><W16/><G88/><T130/><D1/><U5/><E5/><V80/><F80/><W64/><G126/><T20/><D130/><U109/><E109/><V123/><F123/><W83/><G120/><T94/><D125/><U56/><E56/><V91/><F91/><W118/><G59/><T71/><D32/><AGARI ba="0,2" hai="8,13,18,25,30,32,39,41,47,84,87,98,100,105" machi="32" ten="30,7700,0" yaku="1,1,7,1,52,1,53,1" doraHai="69" doraHaiUra="102" who="2" fromWho="0" sc="220,-77,135,0,286,97,339,0" owari="143,-25.7,135,-36.5,383,48.3,339,13.9" /></mjloggm>