<mjloggm ver="2.3"><GO type="225" lobby="0"/><UN n0="%E3%82%BC%E3%83%AB%E3%83%80%E3%81%AE%E4%BC%9D%E8%AA%AC" n1="%E8%B6%85%E7%B4%9A%E9%B3%B3%E5%87%B0" n2="%E3%81%BF%E3%81%BF%E3%81%9A" n3="%E3%82%AF%E3%82%A3%E3%82%A6" dan="17,16,16,16" rate="2172.44,2117.76,2116.20,2082.12" sx="M,M,M,M"/><TAIKYOKU oya="0"/><INIT seed="0,0,0,5,3,126" ten="250,250,250,250" oya="0" hai0="28,76,122,132,55,39,109,53,103,14,42,67,106" hai1="32,99,75,129,20,51,19,121,2,116,108,21,79" hai2="80,15,46,98,57,69,49,3,88,11,62,52,89" hai3="71,112,13,90,60,119,96,94,48,117,35,107,56"/><T22/><D122/><U97/><E121/><V45/><F3/><W36/><G36/><T92/><D106/><U74/><E116/><V37/><F37/><W73/><G73/><T27/><D132/><U58/><E2/><V26/><F69/><W111/><G112/><T17/><D109/><U84/><E32/><V10/><F26/><W54/><G111/><T133/><D133/><U33/><E33/><V110/><F110/><W34/><G107/><T134/><D134/><U113/><E108/><V128/><F128/><W120/><G120/><T105/><D105/><U4/><E4/><V47/><F11/><W9/><G34/><T70/><D76/><U102/><E113/><V131/><F131/><W59/><G35/><T101/><D42/><U115/><E129/><V7/><F98/><W50/><G50/><T6/><D6/><U30/><E115/><V29/><F29/><W104/><G71/><T24/><D24/><U124/><E124/><V65/><F89/><W38/><G104/><T85/><D39/><U95/><E99/><V12/><F15/><W93/><G38/><T0/><D0/><U82/><E30/><V18/><F7/><N who="3" m="3263" /><G119/><T66/><D70/><U118/><E118/><V77/><F77/><W40/><G117/><T135/><D135/><U100/><E100/><N who="0" m="38473" /><D67/><U114/><E114/><V61/><F62/><W64/><G40/><T16/><D66/><U130/><E130/><V63/><F61/><W72/><G72/><N who="1" m="27690" /><E19/><N who="0" m="7241" /><D14/><U123/><E123/><V43/><F43/><W1/><G1/><T44/><D44/><U25/><E25/><V41/><F41/><RYUUKYOKU ba="0,0" sc="250,0,250,0,250,0,250,0" hai0="22,27,28,53,55,85,92" hai1="20,21,51,58,79,82,84,95,97,102" hai2="10,12,18,45,46,47,49,52,57,63,65,80,88" hai3="48,54,56,59,60,64,90,93,94,96" /><INIT seed="0,1,0,5,2,3" ten="250,250,250,250" oya="0" hai0="59,92,132,12,67,28,94,38,43,36,109,61,126" hai1="6,32,117,0,125,50,10,40,18,72,7,60,122" hai2="130,47,73,33,97,66,37,8,107,41,14,53,118" hai3="11,55,79,34,102,135,77,16,35,82,39,123,88"/><T119/><D119/><U74/><E117/><V100/><F118/><W113/><G113/><T91/><D126/><U101/><E122/><V63/><F130/><W9/><G39/><T52/><D132/><U112/><E32/><V90/><F73/><W51/><G123/><T80/><D109/><U65/><E125/><V98/><F53/><W58/><G135/><T128/><D128/><U30/><E112/><V75/><F75/><W24/><G35/><T106/><D106/><U54/><E30/><V133/><F133/><W13/><G102/><T87/><D28/><U44/><E101/><V27/><F97/><W20/><G34/><T49/><D12/><U70/><E18/><V114/><F90/><W120/><G120/><T110/><D110/><U15/><REACH who="1" step="1"/><E40/><REACH who="1" ten="250,240,250,250" step="2"/><V131/><F131/><W42/><G42/><T124/><D124/><U19/><E19/><V84/><F114/><W89/><G9/><AGARI ba="1,1" hai="0,6,7,9,10,15,44,50,54,60,65,70,72,74" machi="9" ten="40,5200,0" yaku="1,1,52,2,53,0" doraHai="3" doraHaiUra="29" who="1" fromWho="3" sc="250,0,240,65,250,0,250,-55" /><INIT seed="1,0,0,3,0,106" ten="250,305,250,195" oya="1" hai0="2,19,22,104,123,134,101,47,75,90,83,114,122" hai1="31,105,119,120,48,58,63,64,77,117,24,59,130" hai2="12,25,82,53,52,29,113,68,71,8,6,10,100" hai3="32,94,50,36,89,86,97,93,70,76,73,110,30"/><U125/><E120/><N who="0" m="46121" /><D114/><U45/><E105/><V54/><F113/><W108/><G36/><T81/><D134/><U131/><E125/><V115/><F115/><W124/><G70/><T18/><D2/><U42/><E77/><V46/><F100/><N who="3" m="60463" /><G50/><T132/><D132/><U66/><E31/><V127/><F127/><W99/><G124/><T56/><D56/><U84/><E84/><V17/><F82/><N who="3" m="45327" /><G30/><T33/><D33/><U3/><E24/><V109/><F109/><N who="3" m="42091" /><G32/><T44/><D18/><U80/><E80/><V102/><F102/><W37/><G37/><T15/><D83/><U135/><E3/><V27/><F46/><W4/><G4/><T38/><D38/><U133/><E133/><V40/><F40/><W51/><G51/><T14/><D14/><U62/><E135/><V20/><REACH who="2" step="1"/><F8/><REACH who="2" ten="250,305,240,195" step="2"/><W79/><G79/><N who="0" m="44287" /><D90/><U69/><E69/><V128/><F128/><AGARI ba="0,1" hai="42,45,48,58,59,62,63,64,66,117,119,128,130,131" machi="128" ten="40,12000,1" yaku="9,1,19,1,34,3" doraHai="106" who="1" fromWho="2" sc="250,0,305,130,240,-120,195,0" /><INIT seed="1,1,0,5,0,116" ten="250,435,120,195" oya="1" hai0="101,102,103,84,99,24,12,127,111,61,64,122,30" hai1="27,60,31,34,63,5,87,42,67,135,73,28,49" hai2="97,13,117,93,36,89,57,56,1,25,3,90,100" hai3="29,44,20,71,38,26,123,69,19,65,46,10,96"/><U105/><E73/><V77/><F117/><W76/><G76/><T7/><D111/><U14/><E105/><V41/><F77/><W82/><G82/><T74/><D74/><U131/><E131/><V107/><F90/><W72/><G72/><T11/><D127/><U21/><E135/><V15/><F1/><W4/><G65/><T78/><D122/><U22/><E87/><V66/><F3/><N who="3" m="287" /><G96/><T43/><D43/><U58/><E28/><V62/><F25/><W45/><G38/><T48/><D48/><U70/><E5/><V115/><F115/><W85/><G85/><T129/><D129/><U114/><E114/><V39/><F57/><W55/><G55/><T134/><D134/><U81/><E81/><V132/><F132/><W79/><G79/><T125/><D125/><U47/><REACH who="1" step="1"/><E14/><REACH who="1" ten="250,425,120,195" step="2"/><V108/><F108/><W0/><G0/><T124/><D124/><U33/><E33/><V23/><F13/><N who="3" m="9327" /><G123/><T6/><D84/><U75/><E75/><V133/><F133/><W18/><G18/><T110/><D110/><U59/><E59/><V109/><F109/><W32/><AGARI ba="1,1" hai="26,29,32,44,45,46,69,71" m="9327,287" machi="32" ten="30,1100,0" yaku="24,1" doraHai="116" who="3" fromWho="3" sc="250,-4,425,-6,120,-4,195,24" /><INIT seed="2,0,0,4,4,60" ten="246,419,116,219" oya="2" hai0="65,94,18,123,98,61,50,23,101,124,8,0,54" hai1="32,115,102,26,73,36,43,114,24,34,134,9,58" hai2="64,109,30,44,48,13,89,78,56,107,72,49,69" hai3="96,95,112,133,110,118,75,47,11,66,35,100,52"/><V120/><F120/><W40/><G118/><T19/><D123/><U39/><E73/><V70/><F107/><W121/><G121/><T38/><D38/><U86/><E134/><V93/><F30/><W10/><G112/><T76/><D124/><U21/><E102/><V71/><F109/><W68/><G75/><T132/><D76/><U126/><E126/><V77/><F13/><W20/><G110/><T22/><D132/><U131/><E131/><V127/><F127/><W6/><G133/><T83/><D83/><U59/><E21/><N who="0" m="7689" /><D0/><U12/><E12/><V67/><F56/><W85/><G35/><T15/><D61/><U17/><E17/><V130/><F130/><W116/><G116/><T31/><D65/><U80/><E80/><V88/><F71/><W74/><G74/><T119/><D119/><U106/><E106/><V3/><F72/><W129/><G66/><T117/><D117/><U46/><E46/><V33/><F44/><W90/><G68/><T1/><D1/><U4/><E43/><V5/><F3/><W99/><G129/><T103/><D103/><U63/><E63/><V111/><F111/><W51/><G100/><T91/><D101/><U7/><E86/><V128/><F128/><W62/><G20/><T14/><D31/><U25/><E25/><V97/><F33/><W135/><G135/><T122/><D122/><U81/><E81/><V113/><F113/><W2/><REACH who="3" step="1"/><G11/><AGARI ba="0,0" hai="4,7,9,11,24,26,32,34,36,39,58,59,114,115" machi="11" ten="25,1600,0" yaku="22,2" doraHai="60" who="1" fromWho="3" sc="246,0,419,16,116,0,219,-16" /><INIT seed="3,0,0,2,1,116" ten="246,435,116,203" oya="3" hai0="26,113,135,5,29,114,46,32,54,65,102,78,94" hai1="35,18,80,63,127,70,67,125,40,93,107,71,51" hai2="84,120,75,122,131,108,109,44,98,79,41,1,123" hai3="56,73,36,12,95,129,105,53,16,69,83,72,27"/><W132/><G69/><T106/><D135/><U8/><E35/><V61/><F131/><W13/><G129/><T97/><D5/><U52/><E107/><V31/><F1/><W77/><G105/><T14/><D14/><N who="1" m="7495" /><E71/><V62/><F31/><W17/><G132/><T7/><D7/><U2/><E2/><V121/><N who="2" m="30720" /><DORA hai="23" /><V57/><F98/><W39/><G95/><T91/><D78/><U99/><E80/><N who="2" m="47135" /><F75/><W15/><G72/><T76/><D29/><U4/><E4/><V42/><F42/><W74/><G74/><T103/><D97/><U38/><E38/><N who="2" m="21559" /><F62/><W85/><G73/><T48/><D106/><U43/><E99/><V124/><F124/><N who="1" m="47689" /><E93/><V28/><F28/><W81/><G81/><T68/><D94/><U134/><E134/><V9/><F9/><W60/><REACH who="3" step="1"/><G27/><REACH who="3" ten="246,435,116,193" step="2"/><T10/><D26/><U90/><E90/><V130/><F130/><W33/><G33/><T6/><D32/><U20/><E43/><V34/><F34/><W101/><G101/><T24/><D24/><U119/><E40/><V0/><F0/><W92/><G92/><T58/><D91/><U118/><E118/><V117/><F117/><W47/><G47/><T115/><D46/><N who="1" m="27767" /><E119/><V30/><F30/><W25/><G25/><T110/><D102/><U86/><E86/><V19/><F19/><AGARI ba="0,1" hai="12,13,15,16,17,19,36,39,53,56,60,77,83,85" machi="19" ten="40,7700,0" yaku="1,1,54,1,53,1" doraHai="116,23" doraHaiUra="128,55" who="3" fromWho="2" sc="246,0,435,0,116,-77,193,87" /><INIT seed="3,1,0,1,0,3" ten="246,435,39,280" oya="3" hai0="4,69,8,129,46,40,117,57,13,21,65,104,81" hai1="71,19,70,102,14,124,98,77,6,112,131,39,110" hai2="96,23,50,130,128,30,101,108,119,72,18,10,12" hai3="0,48,59,90,89,116,43,56,111,53,61,100,16"/><W84/><G0/><T134/><D117/><U68/><E112/><V126/><F119/><W55/><G116/><T32/><D32/><U11/><E39/><V88/><F72/><W31/><G111/><T5/><D104/><U83/><E110/><V17/><F108/><W99/><G31/><T24/><D69/><U54/><E131/><V47/><F126/><W36/><G36/><T22/><D129/><U86/><E54/><V118/><F118/><W80/><G43/><T76/><D134/><U127/><REACH who="1" step="1"/><E19/><REACH who="1" ten="246,425,39,280" step="2"/><V51/><F128/><W79/><REACH who="3" step="1"/><G16/><REACH who="3" ten="246,425,39,270" step="2"/><T28/><D40/><U29/><E29/><V37/><F130/><W106/><AGARI ba="1,2" hai="48,53,55,56,59,61,79,80,84,89,90,99,100,106" machi="106" ten="20,7800,0" yaku="1,1,2,1,0,1,7,1,53,0" doraHai="3" doraHaiUra="105" who="3" fromWho="3" sc="246,-27,425,-27,39,-27,270,101" /><INIT seed="3,2,0,1,1,60" ten="219,398,12,371" oya="3" hai0="134,88,4,35,107,27,13,38,1,78,34,16,108" hai1="126,100,114,52,56,22,105,28,120,72,79,113,96" hai2="54,133,20,57,102,70,99,61,21,116,40,5,103" hai3="24,36,69,76,66,121,91,30,64,123,7,110,93"/><W0/><G36/><T104/><D38/><U84/><E120/><V58/><F133/><W89/><G76/><T3/><D78/><U125/><E72/><V42/><F116/><W44/><G69/><T117/><D107/><U68/><E68/><V106/><F70/><W130/><G130/><T80/><D104/><U73/><E73/><V15/><F106/><W74/><G74/><T124/><D117/><U29/><E114/><V46/><F5/><W115/><G115/><T32/><D80/><N who="1" m="47135" /><E22/><V45/><F61/><W9/><G110/><T18/><D88/><U86/><E86/><V75/><F75/><W92/><G44/><T131/><D124/><N who="1" m="47723" /><E113/><V6/><F6/><W95/><G91/><T19/><D131/><U82/><E82/><V39/><F39/><W112/><G89/><T118/><D118/><U37/><E37/><V111/><F111/><W31/><G112/><T10/><D134/><U81/><E81/><V135/><F135/><W119/><G119/><T12/><D108/><U25/><E25/><V71/><F71/><W59/><G24/><T122/><D122/><N who="3" m="46601" /><G59/><T63/><D63/><AGARI ba="2,0" hai="28,29,52,56,63,96,100,105" m="47723,47135" machi="63" ten="30,2000,0" yaku="18,1,54,1" doraHai="60" who="1" fromWho="0" sc="219,-26,398,26,12,0,371,0" owari="193,-20.7,424,52.4,12,-48.8,371,17.1" /></mjloggm>