<mjloggm ver="2.3"><GO type="225" lobby="0"/><UN n0="%E9%B3%B3%E6%9D%B1%E3%81%AE%E3%81%86%E3%81%95%E3%81%8E%E3%81%95%E3%82%93" n1="%6D%75%75%6D%75%72%61" n2="%72%69%6F%75%63%68%61%6E" n3="%E3%83%B4%E3%83%A0%EF%BC%99%E3%81%A6" dan="16,16,17,16" rate="2102.12,2126.80,2161.42,2142.62" sx="M,F,M,M"/><TAIKYOKU oya="0"/><INIT seed="0,0,0,5,5,114" ten="250,250,250,250" oya="0" hai0="80,23,79,10,54,73,26,126,116,133,91,15,88" hai1="38,97,134,127,9,5,129,39,70,112,103,83,8" hai2="117,85,44,118,66,77,45,120,98,128,111,55,121" hai3="56,16,51,53,33,19,3,25,109,35,50,58,11"/><T82/><D133/><U13/><E112/><V89/><F111/><W124/><G109/><T68/><D126/><U69/><E127/><V99/><F128/><W75/><G124/><T101/><D68/><U4/><E134/><V1/><F1/><W93/><G75/><T110/><D110/><U119/><E129/><V78/><F66/><W37/><G37/><T102/><D116/><N who="2" m="44650" /><F55/><W49/><G3/><T24/><D24/><U41/><E119/><V21/><F21/><W67/><G67/><T2/><D2/><U7/><E70/><V132/><F132/><W46/><G53/><T86/><D91/><U52/><E69/><V43/><F99/><W100/><G35/><T84/><D73/><U40/><E52/><V6/><F98/><N who="3" m="59471" /><G33/><T105/><D105/><U14/><E97/><V27/><F27/><W64/><G64/><T95/><D54/><U74/><E41/><V63/><F63/><W31/><G46/><N who="2" m="18025" /><F6/><W92/><G31/><T131/><D131/><U57/><E5/><V96/><F96/><W36/><G36/><T76/><D26/><U32/><E40/><V65/><F65/><W135/><G135/><T87/><D23/><U104/><E32/><V62/><F62/><W18/><G25/><T81/><D15/><U71/><E39/><V17/><F17/><W90/><G11/><T94/><D10/><U61/><E38/><V22/><F22/><W48/><N who="3" m="12288" /><DORA hai="72" /><W47/><G47/><T130/><D130/><U29/><E8/><V115/><F43/><W34/><G34/><T113/><D113/><U122/><E9/><V107/><F115/><RYUUKYOKU ba="0,0" sc="250,15,250,-15,250,-15,250,15" hai0="76,79,80,81,82,84,86,87,88,94,95,101,102" hai3="16,18,19,56,58,90,92" /><INIT seed="0,1,0,1,0,70" ten="265,235,235,265" oya="0" hai0="35,13,135,42,2,15,85,108,67,120,55,127,97" hai1="1,83,75,24,4,114,90,29,19,80,10,52,3" hai2="102,41,23,28,63,126,39,8,92,5,128,84,31" hai3="7,69,74,101,33,40,43,131,32,30,73,9,109"/><T76/><D120/><U58/><E1/><V79/><F126/><W16/><G69/><T107/><D2/><U86/><E114/><V68/><F128/><W122/><G131/><T106/><D127/><U12/><E3/><V0/><F23/><W22/><G122/><T17/><D35/><U71/><E71/><V134/><F134/><W53/><G109/><T110/><D67/><U130/><E130/><V65/><F102/><W49/><G101/><T87/><D135/><U96/><E96/><V105/><F105/><N who="0" m="39946" /><D97/><U94/><E4/><V14/><F0/><W88/><G9/><T72/><D55/><U78/><E75/><V45/><REACH who="2" step="1"/><F92/><REACH who="2" ten="265,235,225,265" step="2"/><W60/><G32/><T125/><D125/><U61/><REACH who="1" step="1"/><E78/><REACH who="1" ten="265,225,225,265" step="2"/><V54/><F54/><W11/><G53/><T103/><D76/><U111/><E111/><V95/><F95/><W44/><G40/><T93/><D42/><U82/><E82/><AGARI ba="1,2" hai="5,8,14,28,31,39,41,45,63,65,68,79,82,84" machi="82" ten="40,2600,0" yaku="1,1,52,1,53,0" doraHai="70" doraHaiUra="89" who="2" fromWho="1" sc="265,0,225,-29,225,49,265,0" /><INIT seed="1,0,0,2,2,51" ten="265,196,274,265" oya="1" hai0="58,93,132,128,36,44,57,40,49,22,105,123,65" hai1="23,32,80,109,37,103,131,89,115,7,119,16,78" hai2="110,114,5,104,67,83,120,87,50,14,112,53,82" hai3="129,56,98,71,55,135,15,17,91,19,106,3,43"/><U99/><E115/><N who="2" m="44075" /><F110/><W0/><G71/><T92/><D105/><U20/><E119/><V126/><F120/><W54/><G43/><T118/><D118/><U85/><E32/><V11/><F126/><W10/><G129/><T100/><D128/><U6/><E131/><V69/><F104/><W88/><G135/><T66/><D132/><U74/><E109/><V60/><F87/><W45/><G0/><T86/><D123/><U62/><E37/><V2/><F2/><W8/><G45/><AGARI ba="0,0" hai="5,11,14,45,50,53,60,67,69,82,83" m="44075" machi="45" ten="30,2000,0" yaku="11,1,52,1" doraHai="51" who="2" fromWho="3" sc="265,0,196,0,274,20,265,-20" /><INIT seed="2,0,0,4,1,34" ten="265,196,294,245" oya="2" hai0="120,1,89,60,113,53,68,13,79,47,76,74,122" hai1="37,28,131,124,104,26,133,6,65,123,4,72,42" hai2="41,40,85,14,5,80,49,44,36,2,56,77,129" hai3="23,10,39,100,32,38,84,30,130,86,87,95,25"/><V3/><F129/><W128/><G32/><T46/><D113/><U45/><E131/><N who="3" m="50218" /><G10/><T19/><D1/><U75/><E133/><V29/><F29/><W99/><AGARI ba="0,0" hai="23,25,30,38,39,84,86,87,95,99,100" m="50218" machi="99" ten="40,1500,0" yaku="19,1" doraHai="34" who="3" fromWho="3" sc="265,-4,196,-4,294,-7,245,15" /><INIT seed="3,0,0,3,2,134" ten="261,192,287,260" oya="3" hai0="60,96,68,10,108,79,29,80,91,31,26,113,32" hai1="55,30,106,21,110,109,9,22,133,82,24,39,43" hai2="104,50,76,123,51,114,127,34,122,53,111,44,78" hai3="48,97,3,13,73,117,86,81,89,128,33,126,74"/><W105/><G3/><T18/><D108/><N who="1" m="41579" /><E133/><V35/><F127/><W98/><G33/><T66/><D113/><U54/><E106/><V47/><F104/><W67/><G67/><T75/><D31/><U77/><E9/><V36/><F111/><W102/><G13/><T107/><D10/><U99/><E99/><V19/><F36/><W121/><G48/><T124/><D18/><U90/><E90/><V69/><F69/><W27/><G27/><T65/><D65/><U17/><E43/><V11/><F11/><W7/><G7/><T59/><D59/><U58/><E39/><V61/><F61/><W120/><G128/><T63/><D63/><U118/><E118/><V5/><F5/><W119/><G97/><T87/><D96/><U49/><E54/><V125/><F125/><W93/><G126/><T2/><D107/><U83/><E77/><V41/><F19/><W15/><G15/><AGARI ba="0,0" hai="15,17,21,22,24,30,49,55,58,82,83" m="41579" machi="15" ten="30,1000,0" yaku="14,1" doraHai="134" who="1" fromWho="3" sc="261,0,192,10,287,0,260,-10" /><INIT seed="4,0,0,5,0,104" ten="261,202,287,250" oya="0" hai0="54,32,40,78,94,74,16,113,81,124,64,19,27" hai1="91,101,71,119,48,73,80,1,59,116,47,99,23" hai2="72,0,93,75,68,100,82,83,108,117,46,20,50" hai3="79,109,37,103,133,76,18,30,34,51,127,87,98"/><T112/><D124/><U105/><E71/><V131/><F108/><W49/><G37/><T102/><D40/><U21/><E1/><V3/><F68/><W31/><G109/><T61/><D54/><U125/><E125/><V4/><F4/><W7/><G133/><T115/><D102/><U111/><E59/><V69/><F69/><W57/><G127/><T90/><D61/><U45/><E111/><V22/><F100/><W95/><G7/><T134/><D64/><U126/><E126/><V114/><F93/><W58/><G18/><T88/><D134/><U5/><E5/><V107/><F107/><W52/><G34/><T6/><D6/><U36/><E36/><V28/><F28/><N who="3" m="10795" /><G87/><N who="0" m="52511" /><D32/><U70/><E70/><V44/><F50/><W85/><G85/><N who="0" m="50479" /><D27/><U53/><E91/><V12/><F12/><W67/><G49/><T56/><D56/><U26/><E45/><V8/><F117/><W55/><G55/><T41/><D41/><U97/><E26/><V10/><REACH who="2" step="1"/><F114/><REACH who="2" ten="261,202,277,250" step="2"/><W130/><G130/><AGARI ba="0,1" hai="0,3,8,10,20,22,44,46,72,75,82,83,130,131" machi="130" ten="25,12000,2" yaku="1,1,2,1,22,2,52,2,53,0" doraHai="104" doraHaiUra="122" who="2" fromWho="3" sc="261,0,202,0,277,130,250,-120" owari="261,6.1,202,-19.8,407,50.7,130,-37.0" /></mjloggm>