<mjloggm ver="2.3"><GO type="225" lobby="0"/><UN n0="%E6%A1%9C%E8%8A%B1%E9%96%83%E3%80%85" n1="%E5%AE%AE%E4%BF%9D%E9%B6%8F%E8%82%89" n2="%E3%81%82%E3%81%99%E3%81%AA%E3%82%8D%E3%83%A9%E3%82%A4%E3%83%80%E3%83%BC" n3="%4E%49%4A%49%49%52%4F" dan="18,16,16,16" rate="2199.11,2110.75,2093.30,2206.47" sx="M,M,M,M"/><TAIKYOKU oya="0"/><INIT seed="0,0,0,2,4,59" ten="250,250,250,250" oya="0" hai0="75,2,35,94,135,16,60,33,36,5,64,112,51" hai1="103,21,82,4,61,134,34,74,49,39,115,122,10" hai2="40,70,73,27,56,67,104,25,26,133,31,97,93" hai3="114,123,12,98,14,57,72,69,125,71,6,117,43"/><T54/><D112/><U0/><E122/><V38/><F133/><W81/><G123/><T84/><D75/><U15/><E39/><V111/><F73/><W95/><G117/><T45/><D135/><U78/><E34/><V105/><F111/><W131/><G114/><T132/><D132/><U118/><E134/><V23/><F70/><W8/><G125/><T79/><D36/><U32/><E32/><V124/><F124/><W62/><G131/><T50/><D50/><U91/><E118/><V7/><F7/><W19/><G43/><T92/><D92/><U28/><E103/><V129/><F129/><W1/><G81/><T66/><D66/><U11/><E49/><V127/><F127/><W68/><G72/><T119/><D16/><U100/><E100/><V85/><F85/><W47/><G47/><T30/><D30/><U88/><E61/><V76/><F76/><W20/><G1/><T87/><D87/><U48/><E48/><V58/><F40/><W37/><G37/><T96/><D5/><U53/><E53/><V24/><F38/><W116/><G116/><T110/><D2/><U86/><E74/><V90/><REACH who="2" step="1"/><F58/><REACH who="2" ten="250,250,240,250" step="2"/><W29/><G68/><N who="0" m="41991" /><D110/><U63/><E115/><V120/><F120/><W65/><REACH who="3" step="1"/><G29/><REACH who="3" ten="250,250,240,240" step="2"/><T41/><D41/><U108/><E108/><V52/><F52/><W83/><G83/><N who="0" m="47231" /><D119/><U22/><E28/><V9/><F9/><W89/><AGARI ba="0,2" hai="6,8,12,14,19,20,57,62,65,69,71,89,95,98" machi="89" ten="20,8000,1" yaku="1,1,0,1,7,1,52,1,53,1" doraHai="59" doraHaiUra="55" who="3" fromWho="3" sc="250,-40,250,-20,240,-20,240,100" /><INIT seed="1,0,0,2,5,2" ten="210,230,220,340" oya="1" hai0="32,100,19,77,83,37,123,12,21,121,0,57,80" hai1="64,101,122,33,48,30,134,4,127,34,44,97,131" hai2="5,54,116,60,111,6,104,95,76,81,69,119,106" hai3="113,109,7,105,93,115,41,20,82,75,126,90,91"/><U125/><E122/><N who="0" m="46601" /><D37/><U72/><E72/><V87/><F111/><W39/><G20/><T16/><D32/><U117/><E117/><V66/><F54/><W27/><G27/><T52/><D100/><U53/><E131/><V51/><F51/><W86/><G39/><T114/><D114/><U96/><E134/><V110/><F110/><W62/><G7/><T56/><D0/><U3/><E64/><V128/><F128/><W36/><G62/><N who="0" m="36103" /><D77/><U124/><E30/><V71/><F71/><W10/><G10/><N who="0" m="6167" /><D57/><U13/><E3/><V1/><F1/><W47/><G113/><T84/><D84/><U8/><REACH who="1" step="1"/><E96/><REACH who="1" ten="210,220,220,340" step="2"/><V73/><F119/><W135/><G115/><T79/><D79/><U112/><E112/><V102/><F116/><W63/><G135/><T92/><D92/><AGARI ba="0,1" hai="4,8,13,33,34,44,48,53,92,97,101,124,125,127" machi="92" ten="40,7700,0" yaku="1,1,18,1,52,1,53,0" doraHai="2" doraHaiUra="108" who="1" fromWho="0" sc="210,-77,220,87,220,0,340,0" /><INIT seed="1,1,0,3,5,23" ten="133,307,220,340" oya="1" hai0="9,38,8,99,35,89,106,25,33,131,46,64,115" hai1="20,130,17,95,0,82,70,135,55,4,76,80,91" hai2="133,111,119,60,128,26,77,11,56,30,61,42,123" hai3="41,124,32,49,53,97,129,69,24,87,88,36,96"/><U12/><E130/><V48/><F119/><W78/><G69/><T94/><D115/><U132/><E70/><V22/><F123/><W108/><G108/><T14/><D131/><U47/><E0/><V44/><F133/><N who="1" m="51273" /><E4/><V6/><F128/><W54/><G129/><T63/><D106/><U110/><E110/><V85/><F111/><W21/><G36/><T104/><D104/><U39/><E76/><V73/><F73/><W98/><G32/><T101/><D89/><U57/><E47/><V45/><F45/><N who="3" m="25775" /><G78/><T27/><D35/><U52/><E39/><V134/><F56/><W1/><G124/><T29/><D25/><U13/><E13/><N who="2" m="5367" /><F134/><W67/><G67/><T3/><D3/><U122/><E122/><V120/><F120/><W121/><G1/><T59/><REACH who="0" step="1"/><D14/><REACH who="0" ten="123,307,220,340" step="2"/><U125/><E91/><V74/><F74/><W62/><G121/><T50/><D50/><U66/><E12/><V118/><F118/><W90/><G90/><T37/><D37/><U15/><E15/><V16/><F30/><N who="3" m="17679" /><G62/><T116/><D116/><U19/><E20/><V83/><AGARI ba="1,1" hai="16,22,26,42,44,48,60,61,77,83,85" m="5367" machi="83" ten="30,7900,0" yaku="25,1,8,1,52,1,54,1" doraHai="23" who="2" fromWho="2" sc="123,-21,307,-40,220,92,340,-21" /><INIT seed="2,0,0,3,2,27" ten="102,267,312,319" oya="2" hai0="108,89,81,77,131,121,105,28,46,25,90,65,82" hai1="119,39,3,96,8,9,47,129,71,1,60,2,6" hai2="20,72,35,92,30,78,38,64,18,66,63,52,130" hai3="67,41,37,73,62,103,26,76,109,22,53,29,70"/><V69/><F130/><W134/><G109/><T87/><D121/><U126/><E119/><V100/><F38/><W43/><G134/><T127/><D108/><U95/><E126/><V91/><F100/><W51/><G103/><T54/><D127/><U135/><E135/><V111/><F66/><W114/><G114/><T86/><D131/><U33/><E33/><V49/><F111/><W93/><G37/><T58/><D105/><U112/><E112/><V14/><F78/><W124/><G124/><T113/><D113/><U57/><E71/><V102/><F102/><W79/><G93/><T115/><D115/><U117/><E117/><V83/><F83/><W133/><G133/><T31/><D77/><U116/><E116/><V94/><F72/><W40/><REACH who="3" step="1"/><G73/><REACH who="3" ten="102,267,312,309" step="2"/><T10/><D10/><U132/><E8/><V21/><F94/><W107/><G107/><T85/><D85/><U84/><E84/><V97/><F35/><W123/><G123/><T118/><D118/><U11/><E11/><V34/><F34/><W13/><G13/><T59/><D25/><U56/><E132/><V80/><F80/><W12/><G12/><T125/><D125/><U88/><E129/><V24/><F49/><W68/><G68/><T16/><D16/><U106/><E106/><V19/><F19/><W15/><G15/><T120/><D120/><U98/><E98/><V36/><F36/><W74/><G74/><T101/><D101/><U42/><REACH who="1" step="1"/><E60/><REACH who="1" ten="102,257,312,309" step="2"/><V32/><F32/><W17/><G17/><T0/><D87/><U4/><E4/><V50/><F50/><W7/><G7/><RYUUKYOKU ba="0,2" sc="102,-30,257,10,312,10,309,10" hai1="1,2,3,6,9,39,42,47,56,57,88,95,96" hai2="14,18,20,21,24,30,52,63,64,69,91,92,97" hai3="22,26,29,40,41,43,51,53,62,67,70,76,79" /><INIT seed="2,1,2,4,1,92" ten="72,267,322,319" oya="2" hai0="57,73,90,84,11,38,114,116,36,42,59,26,46" hai1="6,14,5,13,98,74,15,109,44,50,30,78,68" hai2="131,128,100,56,115,125,81,53,121,25,88,0,52" hai3="85,110,49,132,62,65,87,35,135,96,134,107,19"/><V24/><F115/><W112/><G110/><T113/><D73/><U47/><E68/><V103/><F121/><W117/><G117/><T27/><D116/><U16/><E109/><V89/><F0/><W122/><G122/><T28/><D11/><U32/><E74/><V64/><F64/><W93/><G112/><T7/><D7/><N who="1" m="2571" /><E32/><V66/><F66/><W129/><G129/><N who="2" m="49737" /><F53/><W101/><G35/><T102/><D102/><N who="2" m="38954" /><F125/><W124/><G124/><T43/><D84/><N who="3" m="32329" /><G49/><T94/><D94/><U17/><E78/><V83/><F83/><W91/><G19/><N who="1" m="7242" /><E30/><V97/><F81/><W133/><N who="3" m="33792" /><DORA hai="48" /><W22/><G22/><T61/><D90/><N who="2" m="34922" /><F97/><N who="3" m="61871" /><G65/><T127/><D127/><U41/><E47/><V82/><F82/><W111/><G111/><T39/><D39/><U99/><AGARI ba="1,2" hai="13,14,15,41,44,50,98,99" m="7242,2571" machi="99" ten="40,8000,1" yaku="8,1,52,2,54,1" doraHai="92,48" who="1" fromWho="1" sc="72,-21,267,103,322,-41,319,-21" /><INIT seed="3,0,0,5,2,38" ten="51,370,281,298" oya="3" hai0="72,12,27,122,35,58,37,26,88,6,56,102,13" hai1="62,22,120,34,128,96,32,43,116,111,134,74,45" hai2="77,108,118,107,30,61,25,131,65,135,76,106,18" hai3="7,84,17,70,47,86,90,50,20,94,41,105,132"/><W92/><G105/><BYE who="0" /><T57/><D57/><U67/><E120/><V16/><F118/><W82/><G70/><T130/><D130/><U87/><E74/><V60/><F131/><W68/><G68/><T8/><D8/><U59/><E128/><V49/><F108/><W33/><G33/><T104/><D104/><U112/><E112/><V110/><F110/><W100/><G132/><T73/><D73/><U14/><E111/><V36/><F135/><W44/><G7/><T3/><D3/><U1/><E1/><V133/><F133/><W69/><G69/><T91/><D91/><U9/><E22/><V85/><F36/><W23/><G44/><T4/><D4/><U81/><E96/><V113/><F113/><W126/><G126/><T0/><D0/><U103/><E103/><V75/><F75/><W39/><G39/><T24/><D24/><U78/><E116/><V98/><F49/><W109/><G109/><T121/><D121/><U125/><E125/><V117/><F117/><W2/><G2/><T31/><D31/><U63/><E63/><V29/><F85/><W97/><REACH who="3" step="1"/><G17/><REACH who="3" ten="51,370,281,288" step="2"/><T5/><D5/><N who="1" m="3375" /><E134/><V53/><F30/><W127/><G127/><T28/><D28/><U54/><E32/><V15/><F29/><W129/><G129/><T51/><D51/><N who="1" m="27071" /><E34/><V124/><F18/><W40/><G40/><T119/><D119/><U123/><E123/><V99/><F124/><W10/><G10/><T66/><D66/><AGARI ba="0,1" hai="54,59,62,66,67,78,81,87" m="27071,3375" machi="66" ten="30,3900,0" yaku="25,1,8,1,52,1" doraHai="38" who="1" fromWho="0" sc="51,-39,370,49,281,0,288,0" owari="12,-48.8,419,51.9,281,-11.9,288,8.8" /></mjloggm>