<mjloggm ver="2.3"><GO type="225" lobby="0"/><UN n0="%6A%70%74%77%61%32" n1="%E3%81%BF%E3%81%BF%E3%81%9A" n2="%E8%A8%88%E7%AE%97%E6%A9%9F%E8%87%AA%E7%84%B6" n3="%E3%81%B8%E3%82%80%E3%81%B8%E3%82%80%EF%BC%92%E5%8F%B7" dan="16,17,17,17" rate="2047.20,2168.49,2239.74,2137.54" sx="M,M,M,M"/><TAIKYOKU oya="0"/><INIT seed="0,0,0,2,2,41" ten="250,250,250,250" oya="0" hai0="113,121,27,54,36,128,58,85,5,38,72,52,46" hai1="133,42,26,22,59,65,123,69,116,25,120,129,80" hai2="45,134,21,56,82,53,117,78,39,102,23,126,8" hai3="20,37,98,91,71,60,74,57,3,81,31,67,112"/><T47/><D113/><U49/><E116/><V17/><F117/><W15/><G112/><T70/><D72/><U90/><E69/><V130/><F130/><W48/><G3/><T96/><D121/><U64/><E129/><V50/><F126/><W103/><G37/><N who="0" m="14443" /><D27/><U87/><E133/><V24/><F134/><W55/><G31/><T89/><D5/><U13/><E123/><V118/><F118/><W2/><G2/><T43/><D96/><U16/><E120/><V68/><F68/><W105/><G74/><T4/><D4/><U108/><E108/><V14/><F102/><W127/><G127/><T119/><D128/><U28/><E26/><V40/><REACH who="2" step="1"/><F24/><REACH who="2" ten="250,250,240,250" step="2"/><W101/><G101/><T84/><D119/><U0/><E0/><V109/><F109/><W18/><REACH who="3" step="1"/><G81/><REACH who="3" ten="250,250,240,240" step="2"/><T79/><D70/><U6/><E28/><V114/><F114/><W104/><G104/><T75/><D75/><AGARI ba="0,2" hai="8,14,17,21,23,39,40,45,50,53,56,75,78,82" machi="75" ten="30,7700,0" yaku="1,1,7,1,52,1,53,1" doraHai="41" doraHaiUra="107" who="2" fromWho="0" sc="250,-77,250,0,240,97,240,0" /><INIT seed="1,0,0,0,4,120" ten="173,250,337,240" oya="1" hai0="128,1,60,40,12,23,30,88,2,83,96,32,119" hai1="76,117,80,48,107,14,98,92,46,79,27,53,131" hai2="106,54,84,130,75,33,81,134,97,47,57,63,9" hai3="16,51,72,49,26,109,125,108,3,38,118,121,44"/><U13/><E117/><V61/><F33/><W104/><G118/><T132/><D119/><U89/><E131/><V110/><F130/><W126/><G121/><T68/><D128/><U66/><E107/><V112/><F134/><W91/><G3/><T94/><D132/><U74/><E66/><V123/><F75/><W25/><G104/><T82/><D32/><U100/><E76/><V114/><F123/><W101/><G101/><T55/><D40/><U70/><E70/><V62/><F47/><W21/><G72/><T35/><D35/><U19/><E27/><V11/><F97/><W15/><G91/><T103/><D68/><U5/><E5/><V90/><F106/><W58/><G25/><T39/><D39/><U45/><E13/><V124/><F124/><N who="3" m="47723" /><G26/><T36/><D36/><U24/><E24/><V116/><F116/><W73/><G73/><T37/><D37/><U6/><E6/><V129/><F129/><W115/><G115/><N who="2" m="44073" /><F110/><N who="3" m="42603" /><G58/><T99/><D1/><U77/><E45/><V71/><F71/><W64/><G64/><T50/><D2/><U111/><E111/><V85/><F85/><W4/><G4/><T56/><D103/><U41/><E77/><V28/><F28/><W17/><G17/><T7/><D56/><U65/><E65/><V52/><F57/><W135/><G135/><T8/><D7/><U86/><E74/><V34/><F34/><W102/><G102/><T133/><D133/><U31/><E31/><V78/><F78/><W20/><G20/><T127/><D30/><U87/><E79/><V18/><F18/><W105/><G105/><RYUUKYOKU ba="0,0" sc="173,-15,250,-15,337,15,240,15" hai2="9,11,52,54,61,62,63,81,84,90" hai3="15,16,21,38,44,49,51" /><INIT seed="2,1,0,3,2,54" ten="158,235,352,255" oya="2" hai0="127,23,16,91,115,114,49,64,105,79,45,68,104" hai1="11,41,118,92,101,55,34,66,60,103,30,121,32" hai2="94,135,35,53,97,39,110,108,102,28,128,8,29" hai3="106,3,18,63,61,17,1,122,113,126,43,38,47"/><V6/><F39/><W78/><G122/><T10/><D127/><U77/><E118/><V40/><F40/><W83/><G106/><T58/><D79/><U69/><E121/><V22/><F35/><W50/><G126/><T52/><D10/><U125/><E125/><V15/><F135/><W44/><G113/><T25/><D68/><U42/><E77/><V112/><F112/><W86/><G61/><T132/><D132/><U36/><E30/><V131/><F53/><W111/><G111/><N who="2" m="42537" /><F22/><W89/><G63/><N who="0" m="38007" /><D115/><U33/><E36/><V48/><F48/><W133/><G133/><T107/><D114/><U130/><E130/><AGARI ba="1,0" hai="6,8,15,28,29,94,97,102,128,130,131" m="42537" machi="130" ten="30,5800,0" yaku="19,1,14,1,10,1" doraHai="54" who="2" fromWho="1" sc="158,0,235,-61,352,61,255,0" /><INIT seed="2,2,0,0,4,95" ten="158,174,413,255" oya="2" hai0="123,104,108,52,87,86,98,4,83,25,44,97,36" hai1="55,8,1,65,66,64,79,96,62,122,32,72,93" hai2="85,13,135,103,112,22,31,114,101,26,68,17,127" hai3="111,48,20,129,92,82,60,12,15,61,54,133,134"/><V81/><F68/><W100/><G129/><T115/><D123/><U74/><E32/><V30/><F135/><N who="3" m="51723" /><G111/><T128/><D115/><U78/><E1/><V35/><F127/><W77/><G92/><T71/><D108/><U49/><E8/><V56/><F30/><W29/><G100/><T57/><D71/><U41/><E41/><V5/><F103/><W2/><G2/><T16/><D128/><U106/><E62/><N who="3" m="24170" /><G20/><N who="0" m="13447" /><D104/><U91/><E122/><V9/><F101/><W107/><G29/><T117/><D36/><U38/><E38/><V70/><F70/><W40/><G40/><T51/><D117/><U24/><E106/><V46/><F56/><N who="3" m="32839" /><G107/><T89/><D44/><U7/><E7/><V59/><F46/><W125/><G125/><T10/><D86/><AGARI ba="2,0" hai="12,15,77,82,86" m="32839,24170,51723" machi="86" ten="30,1000,0" yaku="20,1" doraHai="95" who="3" fromWho="0" sc="158,-16,174,0,413,0,255,16" /><INIT seed="3,0,0,4,4,130" ten="142,174,413,271" oya="3" hai0="4,28,91,120,72,23,18,51,69,49,122,63,114" hai1="100,76,134,5,44,118,21,64,121,102,75,42,131" hai2="89,31,132,135,17,90,83,12,133,57,107,48,55" hai3="41,85,53,0,62,119,15,103,19,108,115,65,74"/><W13/><G115/><T47/><D114/><U68/><E121/><V35/><F107/><W33/><G119/><T32/><D72/><U125/><E131/><V9/><F83/><W96/><G0/><T61/><D4/><U104/><E21/><V79/><F79/><W36/><G74/><T46/><D28/><U1/><E118/><V24/><AGARI ba="0,0" hai="9,12,17,24,31,35,48,55,57,89,90,132,133,135" machi="24" ten="40,8000,1" yaku="0,1,20,1,52,3" doraHai="130" who="2" fromWho="2" sc="142,-20,174,-20,413,80,271,-40" owari="122,-37.8,154,-24.6,493,59.3,231,3.1" /></mjloggm>