<mjloggm ver="2.3"><GO type="225" lobby="0"/><UN n0="%70%68%65%6E%6F%6D%65" n1="%E3%83%97%E3%83%AC%E3%83%B4%E3%82%A1%E3%83%86%E3%82%A3" n2="%E3%81%B2%E3%81%BE%E3%81%A4%E3%81%B6%E3%81%97" n3="%E5%8D%A0%E3%81%84%E5%B8%AB%E8%A3%8F%E3%81%AA%E3%81%84%E3%81%97" dan="16,16,17,16" rate="2133.06,2152.57,2175.74,2120.30" sx="M,F,M,M"/><TAIKYOKU oya="0"/><INIT seed="0,0,0,5,1,97" ten="250,250,250,250" oya="0" hai0="28,111,134,122,98,40,94,39,114,82,131,116,126" hai1="16,30,85,9,117,72,4,103,34,69,43,48,132" hai2="108,1,10,63,56,79,89,75,36,96,15,124,101" hai3="14,2,62,120,50,73,106,42,115,46,26,57,47"/><T54/><D114/><U90/><E72/><V78/><F108/><W70/><G2/><T87/><D116/><U102/><E117/><V24/><F124/><W11/><G115/><T99/><D122/><U83/><E69/><V121/><F121/><W18/><G120/><T123/><D123/><U133/><E34/><V23/><F36/><W19/><G73/><T91/><D126/><U64/><E30/><V38/><F38/><W55/><G106/><T84/><D131/><U88/><E64/><V113/><F89/><W52/><G70/><T58/><D134/><N who="1" m="51819" /><E90/><V12/><F1/><W112/><G112/><T135/><D28/><U59/><E16/><N who="2" m="12391" /><F75/><W61/><G26/><T80/><D135/><U3/><E59/><V37/><F37/><W51/><REACH who="3" step="1"/><G18/><REACH who="3" ten="250,250,250,240" step="2"/><T22/><D111/><U41/><E48/><AGARI ba="0,1" hai="11,14,19,42,46,47,48,50,51,52,55,57,61,62" machi="48" ten="30,8000,1" yaku="1,1,2,1,7,1,8,1,54,1,53,0" doraHai="97" doraHaiUra="129" who="3" fromWho="1" sc="250,0,250,-80,250,0,240,90" /><INIT seed="1,0,0,0,0,59" ten="250,170,250,330" oya="1" hai0="82,58,19,68,71,64,10,76,83,5,66,102,31" hai1="25,86,6,36,15,3,124,27,92,81,101,2,105" hai2="87,109,11,128,0,35,115,39,118,56,63,110,37" hai3="53,69,106,72,32,133,123,54,43,85,104,7,55"/><U125/><E36/><V62/><F118/><W14/><G72/><T24/><D102/><U84/><E105/><V96/><F115/><W120/><G32/><T127/><D19/><U79/><E15/><V49/><F35/><W97/><G69/><T130/><D130/><U38/><E38/><N who="2" m="14347" /><F128/><W107/><G133/><T9/><D127/><N who="1" m="48715" /><E6/><N who="2" m="1479" /><F96/><W77/><G43/><T129/><D129/><U98/><E86/><V108/><F87/><W18/><G7/><T4/><D58/><U89/><E89/><V100/><F100/><W73/><G73/><T23/><D76/><U95/><E95/><V65/><F65/><W50/><G85/><T57/><D57/><U60/><E60/><N who="2" m="23083" /><F56/><W29/><G77/><T22/><REACH who="0" step="1"/><D24/><AGARI ba="0,0" hai="2,3,24,25,27,79,81,84,92,98,101" m="48715" machi="24" ten="30,1500,0" yaku="18,1" doraHai="59" who="1" fromWho="0" sc="250,-15,170,15,250,0,330,0" /><INIT seed="1,1,0,0,1,104" ten="235,185,250,330" oya="1" hai0="135,13,112,77,17,49,84,41,58,101,69,126,82" hai1="4,0,23,131,128,129,40,29,106,122,36,50,21" hai2="27,61,90,15,93,47,64,30,42,111,72,86,98" hai3="81,118,133,39,113,28,54,114,96,108,62,68,55"/><U109/><E106/><V3/><F111/><W105/><G108/><T78/><D112/><U71/><E109/><V127/><F127/><W24/><G39/><T57/><D126/><U5/><E36/><V20/><F3/><W92/><G133/><T52/><D135/><U31/><E71/><V60/><F72/><W43/><G43/><T46/><D69/><U132/><E132/><V12/><F98/><W134/><G134/><T91/><D101/><U33/><E40/><V16/><F64/><N who="3" m="40983" /><G92/><T22/><REACH who="0" step="1"/><D58/><REACH who="0" ten="225,185,250,330" step="2"/><U124/><E124/><V74/><F74/><W85/><G114/><T115/><D115/><U99/><E50/><AGARI ba="1,1" hai="13,17,22,41,46,49,50,52,57,77,78,82,84,91" machi="50" ten="30,7700,0" yaku="1,1,7,1,8,1,54,1,53,0" doraHai="104" doraHaiUra="110" who="0" fromWho="1" sc="225,90,185,-80,250,0,330,0" /><INIT seed="2,0,0,4,0,30" ten="315,105,250,330" oya="2" hai0="62,91,86,64,55,87,125,53,33,96,81,23,9" hai1="24,99,26,40,97,83,11,100,0,103,82,60,112" hai2="74,58,69,108,13,122,113,28,93,92,75,15,46" hai3="39,84,2,38,70,78,77,127,22,6,117,121,106"/><V31/><F122/><W71/><G121/><T54/><D125/><U19/><E112/><V124/><F124/><W134/><G106/><T61/><D33/><U120/><E120/><V48/><F113/><W44/><G22/><T104/><D9/><U111/><E111/><V76/><F69/><W17/><G17/><T1/><D1/><U32/><E40/><V36/><F36/><W66/><G44/><T110/><D110/><U5/><E60/><V119/><F119/><W29/><G29/><N who="2" m="11337" /><F76/><W35/><G127/><T65/><D23/><U89/><E89/><V116/><F116/><W114/><G117/><T27/><D27/><U128/><E128/><V109/><F75/><W8/><G2/><T25/><D25/><U98/><E24/><V88/><F74/><W95/><G84/><T102/><REACH who="0" step="1"/><D87/><REACH who="0" ten="305,105,250,330" step="2"/><U85/><E85/><N who="2" m="52239" /><F109/><W4/><G114/><T20/><D20/><U73/><E73/><V101/><F108/><W21/><G21/><T50/><D50/><U34/><E26/><V63/><F15/><W129/><G35/><T80/><D80/><U56/><E19/><V133/><F13/><W18/><G18/><T51/><D51/><U105/><E105/><V126/><F126/><W59/><G129/><T68/><D68/><U47/><E34/><V130/><F130/><W135/><G70/><T41/><D41/><U12/><E32/><V118/><F118/><W42/><G71/><T132/><D132/><U94/><E0/><V7/><F133/><W131/><G135/><T107/><D107/><U45/><E11/><V90/><F48/><W72/><G134/><RYUUKYOKU ba="0,1" sc="305,30,105,-10,250,-10,330,-10" hai0="53,54,55,61,62,64,65,81,86,91,96,102,104" /><INIT seed="3,1,1,3,3,51" ten="335,95,240,320" oya="3" hai0="135,32,14,90,105,101,53,57,95,0,121,31,8" hai1="75,89,17,70,129,24,86,102,49,131,114,4,99" hai2="110,87,91,106,41,104,103,71,22,128,37,68,72" hai3="39,79,52,130,20,34,46,10,118,6,67,40,65"/><W119/><G34/><T38/><D121/><U13/><E70/><V48/><F37/><W82/><G20/><T116/><D116/><N who="3" m="44585" /><G52/><T85/><D0/><U45/><E114/><V28/><F72/><N who="3" m="43367" /><G130/><T81/><D135/><U59/><E75/><V7/><F7/><W76/><G76/><T88/><D38/><U9/><E131/><V47/><F128/><W84/><G84/><T80/><D32/><U107/><E129/><V132/><F132/><W19/><G19/><T74/><D31/><U127/><E127/><V54/><F110/><W16/><G16/><T5/><D74/><U43/><E24/><V83/><F103/><W124/><G124/><T115/><D115/><U62/><E107/><V69/><REACH who="2" step="1"/><F41/><REACH who="2" ten="335,95,230,320" step="2"/><W1/><AGARI ba="1,2" hai="1,6,10,39,40,46,65,67" m="43367,44585" machi="1" ten="30,1500,0" yaku="25,1" doraHai="51" who="3" fromWho="3" sc="335,-6,95,-6,230,-6,320,38" owari="329,12.9,89,-41.1,224,-17.6,358,45.8" /></mjloggm>