<mjloggm ver="2.3"><GO type="225" lobby="0"/><UN n0="%E6%A1%9C%E8%8A%B1%E9%96%83%E3%80%85" n1="%E9%B3%B3%E6%9D%B1%E3%81%AE%E3%81%86%E3%81%95%E3%81%8E%E3%81%95%E3%82%93" n2="%54%4F%52" n3="%E3%81%AA%E3%81%A1%30%39%32%37" dan="16,17,17,16" rate="2079.15,2186.65,2225.23,2060.54" sx="M,M,M,M"/><TAIKYOKU oya="0"/><INIT seed="0,0,0,2,4,95" ten="250,250,250,250" oya="0" hai0="76,3,62,9,116,39,125,27,102,58,133,121,49" hai1="106,43,98,40,88,87,113,30,32,127,53,18,28" hai2="132,22,6,104,120,63,33,73,38,112,68,93,119" hai3="60,135,34,51,94,12,67,74,79,1,100,54,72"/><T0/><D116/><U134/><E134/><V52/><RYUUKYOKU type="yao9" ba="0,0" sc="250,0,250,0,250,0,250,0" hai2="6,22,33,38,52,63,68,73,93,104,112,119,120,132" /><INIT seed="0,1,0,1,4,50" ten="250,250,250,250" oya="0" hai0="112,81,91,33,133,120,71,42,30,18,129,5,43" hai1="77,123,62,7,56,40,2,134,1,6,86,12,73" hai2="61,87,100,25,122,53,45,78,38,126,51,16,84" hai3="36,135,99,35,37,107,89,132,111,39,27,59,109"/><T69/><D120/><U54/><E123/><V128/><F122/><W58/><G35/><T124/><D112/><U117/><E117/><V114/><F114/><W119/><G27/><N who="0" m="18655" /><D5/><U72/><E134/><N who="3" m="51242" /><G89/><T23/><D91/><U20/><E20/><N who="2" m="13447" /><F38/><N who="3" m="14955" /><G99/><T96/><D81/><U67/><E77/><V80/><F128/><W125/><G107/><T92/><D92/><U121/><E121/><V106/><F106/><W63/><G119/><T103/><D96/><U115/><E115/><V95/><F126/><W52/><G125/><T11/><D11/><U28/><E1/><V127/><F127/><W85/><G85/><T83/><D83/><U113/><E2/><V17/><F87/><W60/><G39/><T32/><D103/><U0/><E0/><V13/><F61/><W15/><G15/><T70/><D32/><U29/><E62/><V98/><F13/><W4/><G4/><T79/><D124/><U110/><E6/><V131/><F131/><W57/><G57/><T105/><D105/><U24/><E56/><V44/><F17/><W76/><G76/><T94/><D79/><U19/><E7/><V9/><F9/><W102/><G102/><T49/><D129/><U46/><E12/><V31/><F31/><W64/><AGARI ba="1,0" hai="52,58,59,60,63,64,109,111" m="14955,51242" machi="64" ten="40,8000,1" yaku="20,1,34,2,52,1,54,1" doraHai="50" who="3" fromWho="3" sc="250,-41,250,-21,250,-21,250,83" /><INIT seed="1,0,0,1,3,1" ten="209,229,229,333" oya="1" hai0="34,7,67,114,69,127,129,133,64,112,123,68,102" hai1="30,105,99,76,53,13,40,78,80,4,57,117,45" hai2="61,126,84,65,48,2,79,124,71,39,128,109,121" hai3="36,28,25,62,120,77,100,41,50,38,89,31,0"/><U90/><E117/><V85/><F39/><W17/><G120/><T73/><D102/><U87/><E30/><V24/><F121/><W54/><G0/><T107/><D73/><U134/><E134/><V103/><F109/><W59/><G77/><T43/><D107/><U19/><E105/><V113/><F2/><W119/><G119/><T106/><D106/><U86/><E99/><V108/><F108/><W58/><G100/><T16/><D16/><U12/><E4/><V93/><F128/><W51/><G17/><T98/><D98/><U60/><E86/><V15/><F113/><W14/><G31/><T9/><D43/><U132/><E132/><V37/><F37/><W104/><G41/><T122/><D127/><N who="2" m="48682" /><F24/><W83/><G25/><T56/><D34/><U96/><E96/><N who="2" m="59791" /><F79/><W26/><G26/><T82/><D129/><U91/><E78/><V63/><F48/><W6/><G50/><T75/><D123/><U8/><E12/><V32/><F32/><W35/><G104/><T11/><D122/><U81/><REACH who="1" step="1"/><E80/><REACH who="1" ten="209,219,229,333" step="2"/><V88/><F15/><W70/><G28/><T52/><D133/><U47/><E47/><V66/><F88/><W27/><G89/><T29/><D29/><U72/><E72/><V115/><F115/><W111/><G83/><T131/><D112/><U33/><E33/><V22/><F85/><W116/><G14/><N who="0" m="5439" /><D114/><U46/><E46/><V92/><F84/><W23/><G35/><T18/><D75/><U3/><E3/><V74/><F74/><W135/><G135/><T44/><D44/><U20/><E20/><V101/><F22/><RYUUKYOKU ba="0,1" sc="209,-10,219,30,229,-10,333,-10" hai1="8,13,19,40,45,53,57,60,76,81,87,90,91" /><INIT seed="1,1,1,4,0,75" ten="199,249,219,323" oya="1" hai0="37,17,34,55,111,9,125,88,135,103,27,114,89" hai1="109,19,0,76,102,26,24,99,124,43,65,32,107" hai2="108,79,25,29,42,30,82,132,83,105,101,11,115" hai3="98,84,31,70,14,120,41,122,62,49,116,68,2"/><U96/><E0/><V100/><F108/><W6/><G2/><T130/><D114/><U112/><E112/><V22/><F115/><W23/><G116/><T54/><D111/><U59/><E124/><V48/><F132/><W119/><G119/><T92/><D37/><U51/><E109/><V8/><F30/><W57/><G98/><N who="0" m="59847" /><D34/><U71/><E71/><V1/><F83/><W80/><G31/><T81/><D130/><U63/><E32/><V133/><F133/><W61/><G68/><T95/><D135/><U127/><E127/><V15/><F1/><W60/><G70/><T64/><D64/><U58/><E96/><V94/><F105/><W50/><G23/><N who="0" m="13807" /><D9/><U134/><E134/><V13/><F94/><W16/><G6/><T47/><D47/><U39/><E19/><V131/><F131/><W77/><G57/><T118/><D118/><U66/><E39/><V113/><F113/><W5/><G16/><T91/><D125/><U78/><E66/><V56/><F101/><W104/><G50/><T72/><D72/><U40/><E58/><V10/><F100/><W85/><G104/><T69/><D81/><U129/><E129/><V44/><REACH who="2" step="1"/><F56/><REACH who="2" ten="199,249,209,323" step="2"/><W38/><G122/><T110/><D110/><U18/><E107/><V126/><F126/><W93/><G120/><T21/><D69/><U87/><E59/><V74/><AGARI ba="1,2" hai="8,10,11,13,15,22,25,29,42,44,48,74,79,82" machi="74" ten="30,4000,0" yaku="1,1,0,1,52,1,53,0" doraHai="75" doraHaiUra="33" who="2" fromWho="2" sc="199,-11,249,-21,209,63,323,-11" /><INIT seed="2,0,0,5,3,27" ten="188,228,272,312" oya="2" hai0="19,4,98,11,91,29,15,134,103,28,133,69,62" hai1="90,37,125,107,58,117,3,83,82,21,35,105,39" hai2="79,122,48,41,2,44,131,31,127,0,89,74,97" hai3="95,93,36,84,112,102,61,55,109,30,118,87,120"/><V13/><F122/><W38/><G118/><T121/><D121/><U115/><E115/><V32/><F131/><W5/><G120/><T100/><D91/><U110/><E117/><V64/><F127/><W70/><G5/><T119/><D119/><U45/><E35/><V135/><F135/><N who="0" m="51722" /><D4/><U9/><E125/><V123/><F123/><W76/><G55/><T67/><D100/><U43/><E39/><V81/><F64/><W7/><G7/><T85/><D85/><U92/><E9/><V80/><F13/><W130/><G61/><T53/><D53/><U18/><E3/><V14/><F14/><W50/><G50/><T94/><AGARI ba="0,0" hai="11,15,19,28,29,62,67,69,94,98,103" m="51722" machi="94" ten="30,4000,0" yaku="20,1,52,2" doraHai="27" who="0" fromWho="0" sc="188,40,228,-10,272,-20,312,-10" /><INIT seed="3,0,0,3,5,111" ten="228,218,252,302" oya="3" hai0="106,128,38,19,117,11,118,120,13,1,134,97,5" hai1="72,7,3,14,100,36,35,93,8,68,56,39,46" hai2="15,59,124,125,53,104,94,126,2,122,16,32,88" hai3="62,30,49,58,83,43,22,87,67,77,21,4,99"/><W76/><G4/><T85/><D38/><U98/><E68/><V90/><F104/><W81/><G30/><T91/><D120/><U71/><E71/><V44/><F2/><W135/><G135/><T95/><D134/><U130/><E130/><V17/><F122/><W10/><G10/><T79/><D128/><U84/><E35/><V55/><F32/><W113/><G113/><T127/><D127/><U101/><E72/><V61/><F90/><W129/><G129/><T75/><D75/><U63/><E101/><V116/><F116/><W89/><G99/><T82/><REACH who="0" step="1"/><D106/><REACH who="0" ten="218,218,252,302" step="2"/><U69/><E39/><V70/><F125/><W41/><G77/><T31/><D31/><U60/><E36/><V51/><F124/><W20/><G49/><T131/><D131/><U48/><E69/><V45/><F126/><W33/><G33/><T57/><D57/><U132/><E132/><V109/><F70/><W119/><G119/><T73/><D73/><U12/><E60/><V92/><F109/><W42/><G76/><T6/><D6/><U133/><E133/><V112/><F112/><W123/><G123/><T27/><D27/><U64/><REACH who="1" step="1"/><E84/><REACH who="1" ten="218,208,252,302" step="2"/><V9/><F61/><W29/><G29/><T52/><D52/><AGARI ba="0,2" hai="3,7,8,12,14,46,48,52,56,63,64,93,98,100" machi="52" ten="30,7700,0" yaku="1,1,2,1,7,1,54,1,53,0" doraHai="111" doraHaiUra="121" who="1" fromWho="0" sc="218,-77,208,97,252,0,302,0" owari="141,-35.9,305,40.5,252,-14.8,302,10.2" /></mjloggm>