<mjloggm ver="2.3"><GO type="225" lobby="0"/><UN n0="%E3%82%BC%E3%83%AB%E3%83%80%E3%81%AE%E4%BC%9D%E8%AA%AC" n1="%72%69%6F%75%63%68%61%6E" n2="%E3%83%A9%E3%83%96%E3%83%AC%E3%83%BC" n3="%72%61%6B%33" dan="16,17,18,17" rate="2105.98,2258.17,2243.55,2295.56" sx="M,M,M,M"/><TAIKYOKU oya="0"/><INIT seed="0,0,0,3,4,18" ten="250,250,250,250" oya="0" hai0="100,9,64,75,28,101,27,1,11,26,14,130,118" hai1="73,59,134,91,109,12,55,20,88,15,45,33,25" hai2="49,0,82,72,79,21,77,23,63,116,126,123,5" hai3="52,76,117,102,89,74,39,93,7,30,90,51,85"/><T132/><D118/><U22/><E73/><V92/><F123/><W113/><G39/><T48/><D75/><U13/><E109/><V2/><F116/><W128/><G128/><T24/><D130/><U34/><E134/><V17/><F126/><W43/><G113/><T127/><D127/><U6/><E45/><V67/><F79/><W103/><G43/><T86/><D132/><U129/><E129/><V46/><F92/><W60/><G60/><T40/><D1/><U57/><E6/><V121/><F121/><W32/><G7/><T29/><D86/><U104/><E104/><V105/><F105/><W44/><G117/><T110/><D110/><U124/><E124/><V122/><F17/><W98/><G32/><N who="1" m="12394" /><E25/><V47/><F47/><W120/><G120/><T106/><D106/><U68/><E55/><V50/><F50/><W135/><G30/><N who="0" m="11883" /><D64/><U58/><E68/><V66/><F66/><W31/><G31/><T107/><D107/><U125/><E125/><V53/><F122/><W4/><G4/><N who="0" m="3367" /><D11/><U10/><E10/><V97/><F5/><W42/><G135/><T19/><D19/><U87/><E87/><V78/><F77/><W54/><G76/><T114/><D114/><U119/><E119/><V111/><F111/><W35/><G74/><T71/><D71/><U83/><E83/><V94/><F0/><W37/><G35/><T81/><D81/><U56/><N who="1" m="14336" /><DORA hai="133" /><U38/><E38/><V36/><F36/><W70/><G70/><T65/><D65/><U95/><E95/><V112/><F112/><W8/><G37/><T96/><D96/><RYUUKYOKU ba="0,0" sc="250,15,250,15,250,-15,250,-15" hai0="24,26,27,40,48,100,101" hai1="12,13,15,20,22,88,91" /><INIT seed="0,1,0,2,4,19" ten="265,265,235,235" oya="0" hai0="14,63,46,50,122,1,127,31,106,126,62,9,96" hai1="116,75,49,73,133,68,69,23,29,85,52,128,60" hai2="51,125,98,66,84,92,12,58,40,91,25,74,17" hai3="57,42,11,15,90,27,87,64,44,79,101,81,18"/><T117/><D117/><U111/><E116/><V43/><F74/><W115/><G115/><T67/><D122/><U22/><E29/><V121/><F125/><N who="0" m="47626" /><D1/><U53/><E85/><V7/><F7/><W21/><G101/><N who="0" m="62759" /><D67/><U129/><E111/><V89/><F25/><W104/><G104/><T124/><N who="0" m="47634" /><T34/><DORA hai="54" /><D31/><U107/><E107/><V2/><F2/><W16/><G79/><T20/><D34/><U94/><E94/><V65/><F65/><W56/><REACH who="3" step="1"/><G64/><REACH who="3" ten="265,265,235,225" step="2"/><T28/><D28/><U32/><E133/><V39/><F121/><W0/><G0/><T135/><D135/><U102/><E102/><V10/><F66/><W132/><G132/><T70/><D70/><U100/><E100/><V78/><F78/><W33/><G33/><T77/><D77/><U71/><E32/><V120/><F120/><W24/><G24/><T82/><D82/><U47/><E75/><V41/><F39/><AGARI ba="1,1" hai="11,15,16,18,21,27,39,42,44,56,57,81,87,90" machi="39" ten="30,12000,2" yaku="1,1,7,1,52,3,54,1,53,0" doraHai="19,54" doraHaiUra="97,61" who="3" fromWho="2" sc="265,0,265,0,235,-123,225,133" /><INIT seed="1,0,0,1,2,108" ten="265,265,112,358" oya="1" hai0="101,26,104,93,74,92,82,59,115,76,134,125,71" hai1="9,33,103,37,58,120,69,17,16,86,78,27,105" hai2="124,34,91,39,102,118,112,10,55,70,8,43,28" hai3="20,2,131,12,64,19,135,62,46,79,29,66,98"/><U75/><E120/><V77/><F70/><W100/><G2/><T48/><D71/><U113/><E113/><V110/><F118/><W11/><G135/><T47/><D134/><U73/><E69/><V57/><F102/><W18/><G131/><T89/><D125/><U52/><E37/><V41/><F124/><W50/><G79/><T130/><D130/><U126/><E126/><V54/><F77/><W42/><G29/><T94/><D59/><U132/><E132/><V114/><F110/><W13/><REACH who="3" step="1"/><G62/><REACH who="3" ten="265,265,112,348" step="2"/><T109/><D109/><U88/><E78/><V53/><F57/><W80/><G80/><T30/><D82/><U22/><E33/><V25/><F91/><W67/><G67/><T106/><D89/><U123/><E123/><V56/><F56/><W87/><G87/><T61/><D61/><N who="1" m="36039" /><E73/><V36/><F36/><W68/><G68/><T15/><D76/><U72/><E75/><V60/><F60/><W23/><G23/><T65/><D65/><U32/><E32/><V122/><F122/><W111/><G111/><T6/><D74/><U1/><E1/><V51/><F51/><W21/><G21/><T129/><D129/><U99/><E72/><V40/><REACH who="2" step="1"/><F39/><REACH who="2" ten="265,265,102,348" step="2"/><W38/><G38/><T84/><D48/><U5/><E88/><V4/><F4/><W119/><G119/><T7/><D7/><U85/><E5/><V127/><F127/><W128/><G128/><T24/><D6/><U107/><E107/><AGARI ba="0,2" hai="11,12,13,18,19,20,42,46,50,64,66,98,100,107" machi="107" ten="30,3900,0" yaku="1,1,7,1,53,1" doraHai="108" doraHaiUra="45" who="3" fromWho="1" sc="265,0,265,-39,102,0,348,59" /><INIT seed="2,0,0,3,3,43" ten="265,226,102,407" oya="2" hai0="0,18,129,35,8,111,85,104,114,56,108,106,95" hai1="113,89,71,119,7,44,75,33,76,125,79,82,122" hai2="65,30,45,58,13,28,133,41,69,80,64,127,66" hai3="12,67,116,72,115,103,96,2,73,4,6,24,59"/><V83/><F69/><W126/><G116/><T135/><D114/><U29/><E113/><V47/><F127/><W17/><G115/><T31/><D135/><U53/><E119/><V93/><F133/><W91/><G126/><T55/><D129/><U49/><E125/><V39/><F39/><W124/><G24/><N who="0" m="18919" /><D85/><U57/><E71/><V77/><F41/><W42/><G91/><T68/><D95/><U132/><E132/><V118/><F118/><W46/><G2/><T102/><D102/><U63/><E122/><V131/><F131/><W100/><G73/><T5/><D68/><U84/><E7/><V34/><F34/><W1/><G72/><T27/><D27/><U26/><REACH who="1" step="1"/><E75/><REACH who="1" ten="265,216,102,407" step="2"/><V120/><F120/><W121/><G1/><T40/><D5/><U19/><E19/><V48/><F13/><W112/><G12/><T23/><D18/><U88/><E88/><V54/><F93/><W62/><G17/><T134/><D134/><U128/><E128/><V87/><F80/><W20/><G124/><T94/><D94/><U14/><E14/><V117/><REACH who="2" step="1"/><F117/><REACH who="2" ten="265,216,92,407" step="2"/><W38/><G121/><T52/><D0/><U37/><E37/><V50/><F50/><W78/><G38/><T21/><D104/><U81/><E81/><V15/><F15/><W11/><G112/><T51/><D106/><U86/><E86/><V36/><F36/><W74/><G74/><T10/><D51/><U110/><E110/><V61/><F61/><W105/><G105/><T92/><D92/><U3/><E3/><V16/><F16/><W109/><BYE who="2" /><G62/><T130/><D130/><RYUUKYOKU ba="0,2" sc="265,-15,216,15,92,15,407,-15" hai1="26,29,33,44,49,53,57,63,76,79,82,84,89" hai2="28,30,45,47,48,54,58,64,65,66,77,83,87" /><INIT seed="2,1,2,5,5,65" ten="250,231,107,392" oya="2" hai0="6,20,35,109,134,7,40,53,55,81,8,118,23" hai1="3,67,113,101,29,100,128,14,63,126,72,114,12" hai2="32,77,83,11,26,22,13,56,75,1,78,73,132" hai3="4,24,60,10,36,27,93,99,37,120,127,108,135"/><V115/><F115/><W71/><G120/><T18/><D35/><U49/><E3/><V34/><F34/><W133/><G108/><T119/><D109/><U61/><E72/><V43/><F43/><W44/><G127/><T129/><D134/><N who="3" m="51209" /><G60/><N who="1" m="23114" /><E67/><V102/><F102/><N who="1" m="39529" /><E49/><V82/><F82/><W124/><G71/><T50/><D129/><U66/><E66/><V91/><F91/><N who="3" m="55743" /><G124/><T0/><D6/><U5/><E126/><V87/><F87/><W90/><G90/><T21/><D18/><U96/><E5/><V45/><F45/><W103/><G103/><T47/><REACH who="0" step="1"/><D81/><REACH who="0" ten="240,231,107,392" step="2"/><U15/><E29/><UN n2="%E3%83%A9%E3%83%96%E3%83%AC%E3%83%BC" /><V70/><F70/><W123/><G4/><T64/><D64/><U69/><E69/><V86/><F132/><W30/><G30/><T110/><D110/><U94/><E128/><V92/><F32/><W28/><G28/><T122/><D122/><U131/><E131/><V79/><F1/><W88/><G123/><T121/><D121/><U46/><E113/><V38/><F75/><W33/><G33/><T85/><D85/><U111/><E114/><V51/><F73/><W9/><G27/><T41/><D41/><U97/><E111/><V112/><F112/><W68/><G24/><T106/><D106/><U16/><E94/><V84/><F92/><W107/><G107/><T19/><D19/><U116/><E116/><AGARI ba="1,3" hai="0,7,8,20,21,23,40,47,50,53,55,116,118,119" machi="116" ten="40,2600,0" yaku="1,1,12,1,53,0" doraHai="65" doraHaiUra="52" who="0" fromWho="1" sc="240,59,231,-29,107,0,392,0" /><INIT seed="3,0,0,1,5,16" ten="299,202,107,392" oya="3" hai0="15,58,36,56,23,11,34,102,76,32,41,97,60" hai1="4,112,99,92,0,6,17,105,44,59,66,21,129" hai2="118,25,50,39,14,108,3,31,10,18,35,45,109" hai3="126,53,134,49,40,33,38,20,5,123,96,24,42"/><W88/><G123/><T29/><D76/><U106/><E112/><V73/><F39/><W80/><G33/><T82/><D82/><U51/><E129/><V125/><F73/><W63/><G38/><T107/><D41/><U55/><E0/><V89/><F118/><W52/><G126/><T131/><D36/><U77/><E77/><V120/><F125/><W132/><G5/><T75/><D75/><U83/><E83/><V2/><F120/><W124/><G124/><T26/><D131/><U61/><E106/><V48/><F48/><W65/><G53/><T67/><REACH who="0" step="1"/><D56/><REACH who="0" ten="289,202,107,392" step="2"/><U93/><E105/><V100/><F100/><W104/><G104/><T62/><D62/><U94/><REACH who="1" step="1"/><E99/><REACH who="1" ten="289,192,107,392" step="2"/><V72/><F72/><W81/><G81/><T86/><D86/><U111/><E111/><V133/><F133/><W122/><G96/><T71/><D71/><U115/><E115/><V74/><F74/><W121/><G80/><T79/><D79/><U114/><E114/><V119/><F119/><W12/><G122/><T22/><D22/><U69/><E69/><V110/><REACH who="2" step="1"/><F89/><REACH who="2" ten="289,192,97,392" step="2"/><W128/><G88/><T116/><D116/><U9/><E9/><V127/><F127/><W90/><G121/><T91/><D91/><U47/><E47/><V95/><F95/><W57/><G90/><T37/><D37/><U68/><E68/><V113/><F113/><W78/><G132/><T43/><D43/><AGARI ba="0,3" hai="2,3,10,14,18,25,31,35,43,45,50,108,109,110" machi="43" ten="40,2600,0" yaku="1,1,14,1,53,0" doraHai="16" doraHaiUra="64" who="2" fromWho="0" sc="289,-26,192,0,97,56,392,0" owari="263,6.3,192,-20.8,153,-34.7,392,49.2" /></mjloggm>