<mjloggm ver="2.3"><GO type="225" lobby="0"/><UN n0="%72%69%6F%75%63%68%61%6E" n1="%77%72%77%72%77%72%77%72" n2="%E3%83%81%E3%83%AF%E3%83%AF%E9%9A%8A%E9%95%B7" n3="%E3%83%A9%E3%83%BC%E3%83%A1%E3%83%B3%E4%BA%94%E9%83%8E" dan="16,17,16,16" rate="2157.86,2195.01,2098.15,2089.55" sx="M,M,M,M"/><TAIKYOKU oya="0"/><INIT seed="0,0,0,0,3,15" ten="250,250,250,250" oya="0" hai0="119,89,41,64,0,134,17,3,107,32,77,75,28" hai1="11,113,46,74,61,122,36,81,20,53,37,26,49" hai2="87,128,96,72,10,40,60,22,56,27,103,16,91" hai3="114,2,14,33,129,5,127,65,101,99,9,106,73"/><T104/><D119/><U124/><E122/><V97/><F72/><W82/><G114/><T135/><D41/><U88/><E113/><V93/><F128/><W48/><G129/><T44/><D64/><U79/><E124/><V34/><F34/><W109/><G127/><T18/><D44/><U83/><E11/><V118/><F118/><W94/><G109/><T29/><D89/><U121/><E121/><V132/><F132/><N who="0" m="50730" /><D77/><U8/><E8/><V112/><F112/><W108/><G108/><T24/><D75/><U117/><E61/><V47/><F10/><W39/><G39/><T76/><D76/><U6/><E6/><V92/><F87/><W42/><G65/><T58/><D58/><U19/><REACH who="1" step="1"/><E117/><REACH who="1" ten="250,240,250,250" step="2"/><V43/><F47/><W4/><G4/><T68/><D68/><U116/><E116/><V23/><F23/><W105/><G5/><T123/><D123/><U130/><E130/><V115/><F115/><W51/><G2/><N who="0" m="555" /><D28/><U63/><E63/><V21/><F21/><W84/><G48/><T66/><D66/><AGARI ba="0,1" hai="16,22,27,40,43,56,60,66,91,92,93,96,97,103" machi="66" ten="30,7700,0" yaku="7,1,8,1,52,1,54,1" doraHai="15" who="2" fromWho="0" sc="250,-77,240,0,250,87,250,0" /><INIT seed="1,0,0,3,0,77" ten="173,240,337,250" oya="1" hai0="117,32,75,43,85,99,87,109,61,62,45,78,135" hai1="104,102,57,29,63,49,65,108,97,94,34,56,129" hai2="7,30,82,113,19,9,40,95,71,131,53,111,21" hai3="130,24,15,66,18,72,73,23,67,120,1,98,3"/><U13/><E129/><V20/><F71/><W39/><G120/><T8/><D117/><U37/><E37/><V36/><F113/><W11/><G130/><T119/><D119/><U123/><E123/><V25/><F131/><W33/><G39/><T83/><D109/><U48/><E108/><V47/><F111/><W88/><G72/><T84/><D135/><U26/><E13/><V6/><F9/><W93/><G73/><T44/><D32/><U89/><REACH who="1" step="1"/><E56/><REACH who="1" ten="173,230,337,250" step="2"/><V51/><F36/><W70/><G70/><T0/><D99/><AGARI ba="0,1" hai="26,29,34,48,49,57,63,65,89,94,97,99,102,104" machi="99" ten="30,5800,0" yaku="1,1,2,1,7,1,53,0" doraHai="77" doraHaiUra="106" who="1" fromWho="0" sc="173,-58,230,68,337,0,250,0" /><INIT seed="1,1,0,0,4,92" ten="115,298,337,250" oya="1" hai0="127,38,76,0,83,118,79,54,120,11,55,68,12" hai1="65,104,81,37,22,88,85,125,108,41,19,35,131" hai2="69,66,110,30,133,25,75,95,62,71,28,32,129" hai3="2,49,116,74,20,53,39,24,33,64,90,126,101"/><U122/><E122/><V89/><F75/><W77/><G39/><T47/><D127/><U6/><E125/><V123/><F123/><W117/><G126/><T13/><D120/><U4/><E35/><V91/><F129/><W60/><G2/><T82/><D118/><U27/><E131/><V72/><F72/><W128/><G33/><T111/><D111/><U134/><E108/><V29/><F110/><W15/><G101/><T96/><D68/><U102/><E134/><V8/><F133/><W94/><G15/><T36/><D0/><U14/><E65/><V121/><F121/><W40/><G40/><T43/><D11/><U48/><E37/><V5/><F69/><W63/><G77/><T16/><D43/><U78/><E78/><V51/><F51/><W23/><G74/><T56/><D56/><U67/><E67/><V70/><F89/><W73/><G73/><T106/><D106/><U109/><E109/><V21/><F70/><W31/><G20/><T98/><REACH who="0" step="1"/><D16/><REACH who="0" ten="105,298,337,250" step="2"/><N who="1" m="12743" /><E104/><V7/><F71/><W59/><G128/><T42/><D42/><U93/><E41/><V132/><F132/><W44/><G117/><T135/><D135/><U1/><E1/><V114/><F5/><W50/><G116/><T26/><D26/><U84/><E19/><V34/><F7/><W107/><G107/><T61/><D61/><U99/><E14/><V87/><F25/><W130/><G130/><T119/><D119/><U124/><E124/><V18/><F18/><W113/><G63/><T103/><D103/><N who="1" m="60911" /><E48/><V3/><F3/><W57/><G50/><T100/><D100/><RYUUKYOKU ba="1,1" sc="105,30,298,-10,337,-10,250,-10" hai0="12,13,36,38,47,54,55,76,79,82,83,96,98" /><INIT seed="2,2,1,5,1,17" ten="135,288,327,240" oya="2" hai0="97,10,79,26,1,130,54,32,63,56,93,43,118" hai1="73,21,27,65,35,16,128,23,127,90,102,132,80" hai2="88,70,72,2,114,66,83,107,134,29,34,8,135" hai3="85,19,122,131,123,46,60,39,99,91,55,104,129"/><V108/><F107/><W0/><G0/><T7/><D130/><N who="3" m="49673" /><G39/><T4/><D118/><U117/><E117/><V45/><F114/><W38/><G38/><T89/><D7/><U101/><E128/><V18/><F108/><W120/><G19/><T51/><D79/><U62/><E35/><V9/><F45/><W37/><G37/><T50/><REACH who="0" step="1"/><D43/><REACH who="0" ten="125,288,327,240" step="2"/><U69/><E132/><V13/><F135/><W41/><G41/><T116/><D116/><U119/><E119/><V28/><F134/><W77/><G77/><T36/><D36/><U96/><E127/><V86/><F2/><W15/><G122/><T20/><D20/><U78/><E23/><V61/><F34/><W14/><G123/><T31/><AGARI ba="2,2" hai="1,4,10,26,31,32,50,51,54,56,63,89,93,97" machi="31" ten="30,7900,0" yaku="1,1,0,1,53,2" doraHai="17" doraHaiUra="47" who="0" fromWho="0" sc="125,105,288,-22,327,-41,240,-22" /><INIT seed="3,0,0,5,1,48" ten="230,266,286,218" oya="3" hai0="53,11,6,15,76,93,3,115,82,44,9,63,113" hai1="117,50,12,43,91,75,33,122,31,29,107,97,134" hai2="84,125,18,106,130,73,57,36,61,74,55,56,16" hai3="129,49,103,78,104,110,52,34,132,118,66,24,1"/><W119/><G1/><T41/><D93/><U111/><E122/><V27/><F106/><W17/><G129/><T108/><D108/><U35/><E75/><V39/><F130/><W13/><G110/><T40/><D63/><U51/><E134/><V99/><F125/><W14/><G132/><T60/><D60/><U79/><E79/><V121/><F121/><W127/><G127/><T100/><D100/><U64/><E64/><V20/><F99/><W62/><G78/><T114/><D53/><U38/><E12/><V88/><F73/><W59/><G104/><T30/><D30/><U131/><E131/><V65/><F74/><W77/><G77/><T72/><REACH who="0" step="1"/><D44/><REACH who="0" ten="220,266,286,218" step="2"/><U46/><E46/><V10/><F55/><W54/><G103/><T5/><AGARI ba="0,1" hai="3,5,6,9,11,15,40,41,72,76,82,113,114,115" machi="5" ten="40,8000,1" yaku="1,1,2,1,0,1,11,1,53,0" doraHai="48" doraHaiUra="21" who="0" fromWho="0" sc="220,90,266,-20,286,-20,218,-40" owari="310,41.0,246,-15.4,266,6.6,178,-32.2" /></mjloggm>