<mjloggm ver="2.3"><GO type="225" lobby="0"/><UN n0="%E3%83%AB%E3%83%9B%E3%83%B3%E3%83%87%E3%82%A3%E3%82%A8" n1="%E6%B4%BE%E9%81%A3%E3%81%AE%E3%82%B8%E3%83%A3%E3%83%83%E3%82%AF" n2="%E3%82%AF%E3%82%A3%E3%82%A6" n3="%E3%81%BF%E3%81%BF%E3%81%9A" dan="17,17,16,17" rate="2189.09,2160.24,2068.28,2292.39" sx="M,M,M,M"/><TAIKYOKU oya="0"/><INIT seed="0,0,0,2,2,54" ten="250,250,250,250" oya="0" hai0="116,15,83,84,14,6,86,49,40,76,97,28,119" hai1="89,55,99,92,63,135,87,94,110,12,52,101,48" hai2="50,72,22,96,65,38,78,1,98,27,58,131,21" hai3="81,130,59,128,132,121,35,93,120,2,41,10,115"/><T67/><D67/><U33/><E110/><V62/><F131/><N who="3" m="50219" /><G41/><T5/><D28/><U68/><E135/><V53/><F38/><W113/><G81/><T23/><D97/><U74/><E74/><V122/><F1/><W36/><G36/><T61/><D61/><U47/><E33/><V60/><F122/><N who="3" m="47211" /><G93/><T118/><D86/><U3/><E3/><V31/><F72/><W20/><G132/><T26/><D6/><U9/><E68/><V69/><F78/><W133/><G133/><T44/><REACH who="0" step="1"/><D5/><REACH who="0" ten="240,250,250,250" step="2"/><N who="1" m="3119" /><E63/><V8/><F8/><W77/><G10/><T17/><AGARI ba="0,1" hai="14,15,17,23,26,40,44,49,76,83,84,116,118,119" machi="17" ten="30,3000,0" yaku="1,1,0,1,53,0" doraHai="54" doraHaiUra="117" who="0" fromWho="0" sc="240,40,250,-10,250,-10,250,-10" /><INIT seed="0,1,0,2,1,78" ten="280,240,240,240" oya="0" hai0="89,74,54,107,27,34,121,99,92,36,93,31,22" hai1="17,4,97,76,48,20,46,9,101,134,132,10,111" hai2="25,23,44,80,3,28,11,59,94,24,30,103,62" hai3="129,58,50,122,106,112,51,73,56,113,32,130,96"/><T6/><D121/><U87/><E111/><V1/><F44/><W98/><G73/><T60/><D36/><U79/><E79/><V14/><F80/><W52/><G32/><T116/><D116/><U88/><E76/><V70/><F70/><W72/><G72/><T40/><D40/><U71/><E71/><V38/><F38/><W91/><G106/><T119/><D119/><U128/><E128/><N who="3" m="49258" /><G122/><T82/><D6/><U29/><E29/><V61/><F14/><W42/><G91/><T65/><D54/><U83/><E20/><N who="2" m="15367" /><F11/><W81/><G81/><T43/><D43/><U15/><E97/><N who="3" m="37482" /><G42/><T21/><D93/><U77/><E101/><V102/><F3/><W135/><G135/><T69/><D74/><U117/><E77/><V13/><F1/><W133/><G133/><N who="1" m="51306" /><E117/><V86/><F102/><W45/><G50/><T84/><REACH who="0" step="1"/><D107/><REACH who="0" ten="270,240,240,240" step="2"/><U8/><E4/><V39/><F39/><W109/><G109/><T63/><D63/><U95/><E95/><V85/><F61/><W131/><N who="3" m="49266" /><W120/><DORA hai="41" /><G120/><T127/><D127/><U126/><E126/><V110/><F110/><W118/><G118/><T66/><D66/><U67/><E67/><N who="2" m="39391" /><F94/><W16/><G112/><T115/><D115/><U53/><AGARI ba="1,1" hai="8,9,10,15,17,46,48,53,83,87,88" m="51306" machi="53" ten="30,8000,1" yaku="25,1,20,1,52,2,54,1" doraHai="78,41" who="1" fromWho="1" sc="270,-41,240,93,240,-21,240,-21" /><INIT seed="1,0,0,3,2,80" ten="229,333,219,219" oya="1" hai0="122,32,75,109,14,8,5,91,46,58,54,17,31" hai1="84,50,129,45,30,99,70,49,98,51,4,47,117" hai2="74,110,36,125,63,78,121,33,72,57,12,1,44" hai3="43,85,21,27,86,118,127,113,13,81,120,29,24"/><U55/><E70/><V11/><F121/><W71/><G120/><T64/><D75/><U68/><E68/><V53/><F125/><W60/><G113/><T114/><D114/><U20/><E117/><V35/><F110/><W103/><G43/><T92/><D109/><U7/><E129/><V61/><F61/><W16/><G118/><T52/><D122/><U3/><E3/><V100/><F100/><W23/><G127/><T2/><D46/><U9/><E84/><V37/><F37/><W28/><G103/><T26/><D58/><U108/><E108/><V88/><F88/><W106/><G106/><T133/><D64/><U0/><E7/><V82/><F74/><W73/><G73/><T134/><D133/><U62/><E62/><V131/><F131/><W130/><G130/><T97/><REACH who="0" step="1"/><D134/><REACH who="0" ten="219,333,219,219" step="2"/><U107/><E47/><V18/><REACH who="2" step="1"/><F1/><REACH who="2" ten="219,333,209,219" step="2"/><W128/><G128/><T42/><D42/><AGARI ba="0,2" hai="11,12,18,33,35,36,42,44,53,57,63,72,78,82" machi="42" ten="40,2600,0" yaku="1,1,2,1,53,0" doraHai="80" doraHaiUra="25" who="2" fromWho="0" sc="219,-26,333,0,209,46,219,0" /><INIT seed="2,0,0,1,4,4" ten="193,333,255,219" oya="2" hai0="92,90,84,121,52,23,103,11,95,129,39,48,114" hai1="76,50,38,97,65,75,12,112,83,130,113,111,37" hai2="42,30,74,43,55,94,60,34,0,64,8,24,21" hai3="80,88,53,27,67,7,132,19,124,36,63,3,105"/><V96/><F74/><W115/><G105/><T85/><D114/><U81/><E111/><V87/><F87/><W51/><G36/><T72/><D39/><U79/><E65/><V77/><F77/><W2/><G115/><T133/><D72/><U134/><E134/><V70/><F55/><W109/><G109/><T102/><D121/><U78/><E50/><V1/><F34/><W91/><G132/><T9/><D129/><U45/><E130/><V89/><REACH who="2" step="1"/><F8/><REACH who="2" ten="193,333,245,219" step="2"/><N who="0" m="3146" /><D133/><U127/><E75/><V82/><F82/><W128/><G80/><T71/><D23/><U32/><E81/><V46/><F46/><W35/><G128/><T20/><D20/><U57/><E45/><V108/><F108/><W47/><G35/><T13/><D13/><U62/><E32/><V123/><F123/><W117/><G2/><AGARI ba="0,1" hai="0,1,2,21,24,30,42,43,60,64,70,89,94,96" machi="2" ten="40,3900,0" yaku="1,1,53,1" doraHai="4" doraHaiUra="61" who="2" fromWho="3" sc="193,0,333,0,245,49,219,-39" /><INIT seed="2,1,0,1,4,51" ten="193,333,294,180" oya="2" hai0="19,131,75,38,21,22,42,90,71,109,96,134,6" hai1="15,85,59,83,94,36,26,0,41,119,105,135,37" hai2="27,103,120,17,91,107,60,28,33,47,53,16,45" hai3="132,57,69,7,93,118,5,11,10,113,99,24,81"/><V3/><F120/><W73/><G69/><T2/><D71/><U58/><E105/><V114/><F114/><W48/><G118/><T70/><D70/><U14/><E0/><V102/><F107/><W72/><G113/><T110/><D75/><U106/><E106/><V88/><F3/><W77/><G132/><T126/><D42/><U68/><E68/><V82/><F33/><W124/><G124/><T62/><D62/><U79/><E119/><V116/><F116/><W43/><G24/><T40/><D40/><U133/><E94/><V23/><F28/><W12/><G73/><T9/><D38/><U130/><E26/><V117/><F117/><W129/><G129/><T39/><D39/><U34/><E34/><V65/><F17/><W25/><G25/><N who="0" m="14527" /><D90/><N who="2" m="34346" /><F82/><W76/><G76/><T13/><D96/><U98/><E130/><V56/><F65/><W63/><G48/><T86/><D86/><U95/><E37/><V8/><F8/><W100/><G43/><T66/><D66/><U115/><E115/><V18/><F18/><W128/><G128/><T74/><D74/><U127/><E127/><V112/><F112/><W4/><REACH who="3" step="1"/><G11/><REACH who="3" ten="193,333,294,170" step="2"/><N who="0" m="2519" /><D131/><U104/><E36/><V121/><F121/><W54/><AGARI ba="1,1" hai="4,5,7,10,12,54,57,63,72,77,81,93,99,100" machi="54" ten="20,5200,0" yaku="1,1,0,1,7,1,52,1,53,0" doraHai="51" doraHaiUra="61" who="3" fromWho="3" sc="193,-14,333,-14,294,-27,170,65" /><INIT seed="3,0,0,4,3,5" ten="179,319,267,235" oya="3" hai0="98,67,80,2,24,78,76,120,129,35,27,37,36" hai1="70,86,112,16,75,7,69,12,108,132,30,43,91" hai2="9,115,50,4,125,96,110,93,22,60,135,113,117" hai3="11,42,90,95,102,124,32,53,18,118,68,41,13"/><W28/><G118/><T134/><D120/><U65/><E75/><V23/><F117/><W62/><G124/><T71/><D76/><U0/><E112/><V47/><F110/><W49/><G102/><T87/><D27/><U84/><E30/><V88/><F125/><W111/><G111/><T38/><D129/><U130/><E43/><N who="2" m="24959" /><F135/><W114/><G114/><T72/><D87/><U33/><E86/><V74/><F74/><W79/><G79/><T21/><D134/><U8/><E65/><V73/><F73/><W31/><G62/><N who="0" m="40439" /><D21/><N who="2" m="7690" /><F115/><W40/><G68/><T85/><D85/><U20/><E33/><V44/><F113/><W101/><G101/><T106/><D2/><U55/><E108/><V89/><F44/><N who="3" m="27815" /><G32/><T105/><D98/><AGARI ba="0,0" hai="11,13,18,28,31,40,41,42,90,95,98" m="27815" machi="98" ten="30,2900,0" yaku="8,1,52,1" doraHai="5" who="3" fromWho="0" sc="179,-29,319,0,267,0,235,29" /><INIT seed="3,1,0,4,1,122" ten="150,319,267,264" oya="3" hai0="10,96,118,102,129,110,99,120,114,98,119,44,39" hai1="133,130,7,28,128,29,66,75,24,113,67,108,97" hai2="69,80,78,35,51,23,32,71,38,92,41,2,76" hai3="22,127,105,13,5,86,50,0,11,40,82,59,26"/><W33/><G105/><T37/><D120/><U126/><E108/><V115/><F2/><W117/><G127/><T16/><D129/><U14/><E113/><V89/><F115/><W62/><G117/><T1/><D114/><U83/><E29/><V74/><F76/><W15/><G33/><T109/><D102/><U72/><E97/><V21/><F38/><N who="0" m="14346" /><D44/><U58/><E126/><V131/><F131/><N who="1" m="50217" /><E133/><V95/><F95/><W93/><G93/><T49/><D49/><U56/><E14/><V64/><F41/><W43/><G13/><N who="0" m="7223" /><D1/><U9/><E9/><V18/><F51/><W17/><G0/><T73/><D73/><N who="1" m="28235" /><E83/><V36/><F36/><W19/><G50/><T61/><D61/><U3/><E7/><V81/><F81/><W31/><G43/><T65/><D65/><N who="1" m="24587" /><E3/><V91/><F91/><N who="3" m="51671" /><G40/><T101/><D101/><U125/><E125/><V124/><F124/><W8/><G11/><T88/><D88/><U132/><E132/><V6/><F6/><W42/><G42/><T60/><D60/><U63/><E63/><V12/><F64/><AGARI ba="1,0" hai="5,8,15,17,19,22,26,31,59,62,64" m="51671" machi="64" ten="30,1500,0" yaku="8,1" doraHai="122" who="3" fromWho="2" sc="150,0,319,0,267,-18,264,18" /><INIT seed="3,2,0,2,0,9" ten="150,319,249,282" oya="3" hai0="112,134,90,59,123,38,52,47,56,29,21,109,36" hai1="19,65,64,81,72,61,131,7,67,118,119,6,82" hai2="129,78,53,99,115,130,25,121,85,10,96,5,70" hai3="108,69,107,93,22,26,3,97,125,48,0,51,2"/><W101/><G69/><T74/><D123/><U43/><E131/><N who="2" m="50187" /><F115/><W127/><G107/><T34/><D34/><U76/><E43/><V42/><F121/><W128/><G128/><T110/><D74/><U98/><E61/><V55/><F70/><W44/><G108/><N who="0" m="41579" /><D90/><U117/><E98/><N who="2" m="37419" /><F42/><W92/><G92/><T30/><D21/><U63/><E63/><V104/><F104/><W103/><G103/><T71/><D71/><U40/><E40/><V12/><F25/><W120/><G120/><T20/><D20/><U46/><E46/><V1/><F1/><W77/><G77/><T41/><D29/><U83/><E19/><V57/><F57/><N who="0" m="22090" /><D30/><U49/><E49/><V116/><F116/><W135/><G48/><N who="0" m="28703" /><D112/><U80/><AGARI ba="2,0" hai="6,7,64,65,67,72,76,80,81,82,83,117,118,119" machi="80" ten="40,8000,1" yaku="0,1,29,2,12,1" doraHai="9" who="1" fromWho="1" sc="150,-22,319,86,249,-22,282,-42" owari="128,-37.2,405,50.5,227,-17.3,240,4.0" /></mjloggm>