<mjloggm ver="2.3"><GO type="225" lobby="0"/><UN n0="%33%74%72%65%65" n1="%E3%81%8B%E3%82%8F%E3%81%A1%E3%82%83%E3%82%93%35%38" n2="%72%69%6F%75%63%68%61%6E" n3="%E3%83%97%E3%83%AC%E3%83%B4%E3%82%A1%E3%83%86%E3%82%A3" dan="16,17,16,16" rate="2120.55,2119.06,2175.30,2091.27" sx="F,M,M,F"/><TAIKYOKU oya="0"/><INIT seed="0,0,0,3,0,58" ten="250,250,250,250" oya="0" hai0="89,14,108,63,82,43,0,24,80,45,16,119,18" hai1="7,27,15,92,79,91,113,94,6,25,23,93,13" hai2="130,77,62,55,11,46,123,12,48,31,67,40,83" hai3="114,29,78,2,64,56,88,21,61,90,9,68,131"/><T74/><D119/><U50/><E113/><V102/><F130/><W97/><G114/><T47/><D0/><U117/><E117/><V103/><F123/><W22/><G131/><T100/><D108/><U19/><E79/><V96/><F31/><W85/><G68/><T17/><D100/><U110/><E110/><V69/><F55/><W107/><G78/><T26/><D74/><U4/><E50/><V86/><REACH who="2" step="1"/><F96/><REACH who="2" ten="250,250,240,250" step="2"/><W84/><G29/><T38/><D45/><U106/><E106/><V72/><F72/><W125/><G97/><T44/><D44/><U99/><E15/><V51/><F51/><W134/><G107/><T42/><D14/><U133/><E133/><V20/><F20/><W132/><G125/><T36/><D36/><U76/><E76/><V121/><F121/><W54/><G54/><T35/><D47/><U8/><REACH who="1" step="1"/><E27/><REACH who="1" ten="250,240,240,250" step="2"/><V37/><F37/><W66/><G2/><T10/><D38/><U109/><E109/><V33/><F33/><W65/><G132/><T73/><D26/><U49/><E49/><V112/><F112/><W39/><G39/><T122/><D24/><U75/><E75/><V81/><F81/><N who="3" m="49167" /><G134/><T59/><D35/><U52/><E52/><V95/><F95/><AGARI ba="0,2" hai="4,6,7,8,13,19,23,25,91,92,93,94,95,99" machi="95" ten="40,2600,0" yaku="1,1,8,1,53,0" doraHai="58" doraHaiUra="128" who="1" fromWho="2" sc="250,0,240,46,240,-26,250,0" /><INIT seed="1,0,0,4,3,55" ten="250,286,214,250" oya="1" hai0="43,93,127,70,122,38,88,103,81,57,105,25,21" hai1="1,23,59,126,29,33,104,26,9,31,91,40,121" hai2="94,62,37,79,128,120,99,67,11,109,82,75,113" hai3="66,56,89,84,101,19,34,78,61,107,85,20,36"/><U117/><E117/><V41/><F128/><W15/><G34/><T28/><D70/><U42/><E121/><V123/><F109/><W3/><G3/><T74/><D122/><U125/><E104/><V18/><F113/><W106/><G36/><T45/><D127/><N who="1" m="48651" /><E91/><V124/><F124/><W30/><G30/><T98/><D74/><U16/><E31/><V72/><F75/><W7/><G7/><T60/><D81/><U32/><E32/><V65/><F67/><W73/><G73/><T86/><D105/><U92/><E92/><V44/><F11/><W102/><G107/><T47/><D47/><U68/><E68/><V12/><F12/><W63/><G106/><T135/><D135/><U115/><E115/><V48/><F18/><W118/><G118/><T116/><D116/><U14/><E59/><V133/><F37/><W49/><G78/><T39/><D39/><U97/><E97/><V58/><REACH who="2" step="1"/><F133/><REACH who="2" ten="250,286,204,250" step="2"/><W5/><G5/><AGARI ba="0,1" hai="1,5,9,14,16,23,26,29,33,40,42" m="48651" machi="5" ten="30,5800,0" yaku="24,1,18,1,54,1" doraHai="55" who="1" fromWho="3" sc="250,0,286,68,204,0,250,-58" /><INIT seed="1,1,0,4,5,64" ten="250,354,204,192" oya="1" hai0="78,107,59,129,99,58,115,97,7,0,53,110,134" hai1="120,119,117,9,92,49,116,24,23,14,56,13,127" hai2="102,71,112,57,86,93,68,22,124,6,123,36,73" hai3="60,11,31,52,114,48,45,29,63,1,72,79,25"/><U62/><E120/><V51/><F123/><W10/><G114/><T19/><D115/><U16/><E127/><V100/><F112/><W4/><G29/><T104/><D78/><U42/><E92/><V76/><F36/><W20/><G72/><T80/><D80/><U8/><E49/><V39/><F39/><W70/><G79/><T54/><D7/><N who="1" m="3231" /><E56/><V41/><F124/><W81/><G81/><T27/><D0/><U94/><E62/><V135/><F6/><W82/><G82/><T21/><D110/><U50/><E50/><V133/><F73/><W111/><G10/><T130/><D134/><N who="2" m="51210" /><F22/><W3/><G3/><T44/><D44/><U132/><E94/><V18/><F18/><W66/><REACH who="3" step="1"/><G60/><REACH who="3" ten="250,354,204,182" step="2"/><T34/><D34/><U103/><E132/><V105/><F76/><W33/><G33/><T95/><D21/><U108/><E23/><V43/><F105/><W109/><AGARI ba="1,1" hai="1,4,11,20,25,31,45,48,52,63,66,70,109,111" machi="109" ten="30,7900,0" yaku="1,1,0,1,52,1,54,1,53,0" doraHai="64" doraHaiUra="74" who="3" fromWho="3" sc="250,-21,354,-40,204,-21,182,92" /><INIT seed="2,0,0,2,2,9" ten="229,314,183,274" oya="2" hai0="106,92,124,53,90,122,65,35,11,113,134,131,71" hai1="49,129,8,85,36,82,47,22,7,27,41,81,96" hai2="95,77,5,44,126,104,107,105,99,1,14,2,40" hai3="45,89,110,120,108,132,117,73,102,83,15,116,16"/><V38/><F126/><W37/><G102/><T59/><D106/><U26/><E129/><V123/><F123/><W76/><G120/><T17/><D122/><U112/><E112/><V30/><F30/><W23/><G132/><T20/><D113/><U0/><E96/><V58/><F77/><W133/><G133/><T43/><D35/><U101/><E101/><V86/><F86/><W25/><G89/><T119/><D124/><U31/><E85/><V29/><F29/><W78/><G78/><T98/><D131/><U54/><REACH who="1" step="1"/><E27/><REACH who="1" ten="229,304,183,274" step="2"/><V94/><F94/><W67/><G25/><T87/><D98/><U32/><E32/><V4/><F4/><W61/><G110/><T28/><D87/><U103/><E103/><V19/><F5/><W12/><G108/><T125/><D92/><U39/><E39/><V79/><F79/><W118/><G37/><T93/><D93/><U66/><E66/><V70/><F70/><W62/><G67/><T42/><D65/><U80/><E80/><V51/><F95/><W91/><G91/><T135/><D71/><U56/><AGARI ba="0,1" hai="0,7,8,22,26,31,36,41,47,49,54,56,81,82" machi="56" ten="20,2700,0" yaku="1,1,0,1,7,1,53,0" doraHai="9" doraHaiUra="130" who="1" fromWho="1" sc="229,-7,304,37,183,-13,274,-7" /><INIT seed="3,0,0,5,3,45" ten="222,341,170,267" oya="3" hai0="129,80,118,66,89,107,87,116,3,67,5,110,47" hai1="106,120,46,32,77,27,108,13,6,15,131,113,100" hai2="122,127,84,31,78,111,25,105,132,11,51,134,76" hai3="48,96,18,114,24,88,58,72,115,41,10,14,126"/><W21/><G72/><T109/><D129/><U49/><E113/><V23/><F105/><W16/><G126/><T71/><D107/><U50/><E120/><V36/><F36/><W94/><G41/><T29/><D29/><U38/><E77/><V65/><F127/><W42/><REACH who="3" step="1"/><G58/><REACH who="3" ten="222,341,170,257" step="2"/><T61/><D116/><U28/><E131/><V64/><F122/><W130/><G130/><T101/><D118/><U17/><E46/><AGARI ba="0,1" hai="10,14,16,18,21,24,42,46,48,88,94,96,114,115" machi="46" ten="40,12000,1" yaku="1,1,52,1,54,2,53,1" doraHai="45" doraHaiUra="37" who="3" fromWho="1" sc="222,0,341,-120,170,0,257,130" owari="222,2.2,221,-17.9,170,-33.0,387,48.7" /></mjloggm>