<mjloggm ver="2.3"><GO type="225" lobby="0"/><UN n0="%E3%81%A0%E3%81%8A" n1="%E3%81%BF%E3%81%BF%E3%81%9A" n2="%45%6C%79%73%69%75%6D" n3="%5C%28%E2%89%A7%E2%96%BD%E2%89%A6%29%2F" dan="16,16,17,16" rate="2022.71,2157.75,2114.96,2034.82" sx="M,M,F,M"/><TAIKYOKU oya="0"/><INIT seed="0,0,0,0,3,10" ten="250,250,250,250" oya="0" hai0="73,99,127,31,30,43,130,9,129,119,96,84,24" hai1="58,87,8,16,13,128,124,56,3,57,111,108,0" hai2="102,125,117,38,27,115,44,66,15,17,55,53,2" hai3="116,32,39,7,81,50,85,95,89,79,21,91,62"/><T26/><D73/><U68/><E68/><V92/><F115/><W41/><G32/><T120/><D119/><U74/><E74/><V4/><F117/><W131/><G39/><T135/><D120/><U37/><E37/><V88/><F125/><W6/><G116/><T49/><D127/><U63/><E124/><V109/><F109/><N who="1" m="42057" /><E128/><N who="0" m="49257" /><D135/><U113/><E113/><V80/><F2/><N who="1" m="553" /><E87/><V51/><F38/><W46/><G131/><T114/><D84/><U82/><E82/><V60/><F80/><W121/><G121/><T35/><D114/><U12/><E12/><V29/><F4/><W48/><G62/><AGARI ba="0,0" hai="8,13,16,56,57,58,62,63" m="553,42057" machi="62" ten="40,5200,0" yaku="14,1,52,1,54,1" doraHai="10" who="1" fromWho="3" sc="250,0,250,52,250,0,250,-52" /><INIT seed="1,0,0,0,2,0" ten="250,302,250,198" oya="1" hai0="112,131,44,62,109,47,130,22,71,75,68,67,61" hai1="7,110,87,21,14,63,27,117,99,76,134,30,115" hai2="15,37,92,101,81,133,106,80,97,70,11,85,103" hai3="77,57,135,89,69,40,98,58,32,45,108,73,122"/><U59/><E115/><V83/><F70/><W72/><G122/><T36/><D75/><U60/><E117/><V132/><F37/><W84/><G69/><N who="0" m="42223" /><D22/><U79/><E110/><V65/><F65/><W4/><G32/><T3/><D3/><U8/><E134/><N who="2" m="51819" /><F15/><W102/><G135/><T53/><D112/><U16/><E99/><N who="2" m="61823" /><F11/><W50/><G108/><T39/><D109/><U42/><E42/><V123/><F123/><W93/><G72/><T104/><D104/><U118/><E118/><V55/><F55/><W90/><G90/><AGARI ba="0,0" hai="80,81,83,85,90,92,97,101" m="61823,51819" machi="90" ten="30,3900,0" yaku="20,1,34,2" doraHai="0" who="2" fromWho="3" sc="250,0,302,0,250,39,198,-39" /><INIT seed="2,0,0,5,1,117" ten="250,302,289,159" oya="2" hai0="85,105,3,84,69,20,33,93,61,41,57,91,40" hai1="128,106,134,114,72,53,108,111,73,92,118,6,19" hai2="119,116,135,113,89,107,31,74,28,124,25,103,12" hai3="24,50,29,55,82,49,100,127,133,10,8,75,123"/><V102/><F113/><W44/><G127/><T101/><D33/><U39/><E114/><V42/><F124/><W4/><G133/><T86/><D69/><U30/><E106/><V59/><F135/><W52/><G100/><T77/><D3/><U83/><E134/><V99/><F103/><W96/><G96/><T7/><D7/><U67/><E39/><V98/><F74/><W71/><G71/><T27/><D77/><U48/><E67/><V17/><F42/><W15/><G10/><T60/><D60/><U21/><E6/><V18/><F59/><W47/><G75/><T97/><D41/><U37/><E37/><V62/><F62/><W9/><G9/><T126/><D40/><U131/><E30/><V0/><F0/><W36/><G36/><T125/><D126/><U87/><E92/><V54/><F54/><W63/><G63/><T23/><D23/><U32/><E32/><V78/><F78/><W104/><G82/><T122/><D122/><U43/><E43/><V14/><F102/><W70/><G70/><T68/><D68/><U66/><E66/><V11/><F107/><W110/><G110/><N who="1" m="42026" /><E118/><V22/><F116/><W64/><G64/><T13/><D125/><U45/><E73/><V109/><F119/><W34/><G104/><T16/><D27/><N who="1" m="14783" /><E72/><V81/><F109/><W65/><G65/><AGARI ba="0,0" hai="13,16,20,57,61,65,84,85,86,91,93,97,101,105" machi="65" ten="30,2000,0" yaku="7,1,54,1" doraHai="117" who="0" fromWho="3" sc="250,20,302,0,289,0,159,-20" /><INIT seed="3,0,0,3,1,121" ten="270,302,289,139" oya="3" hai0="32,59,71,135,22,84,107,119,50,5,76,122,43" hai1="82,88,69,4,36,117,26,91,115,42,80,96,95" hai2="3,35,49,97,128,28,40,120,27,104,33,64,132" hai3="129,9,118,105,57,133,126,111,0,89,23,47,6"/><W67/><G118/><T62/><D107/><U65/><E115/><V10/><F120/><W70/><G105/><T56/><D32/><U102/><E117/><V106/><F128/><W114/><G114/><T72/><D72/><U31/><E4/><V12/><F132/><W30/><G129/><T13/><D135/><U87/><E36/><V100/><F3/><W98/><G133/><T46/><D119/><U110/><E42/><V34/><F104/><W14/><G70/><T99/><D99/><U51/><E110/><V73/><F73/><W134/><G134/><T7/><D7/><U37/><E37/><V124/><F124/><W45/><G126/><T24/><D122/><U127/><E127/><V83/><F83/><W53/><G67/><T54/><D71/><U8/><E8/><V125/><F125/><W16/><G30/><T38/><D13/><U15/><E51/><V116/><F116/><W101/><G111/><T60/><D5/><U77/><E15/><V11/><F64/><W113/><G113/><T108/><D108/><U55/><E55/><V21/><F12/><W1/><G1/><T66/><D66/><U17/><E17/><V61/><F61/><W86/><G101/><T18/><REACH who="0" step="1"/><D59/><REACH who="0" ten="260,302,289,139" step="2"/><U63/><E80/><AGARI ba="0,1" hai="18,22,24,38,43,46,50,54,56,60,62,76,80,84" machi="80" ten="40,2600,0" yaku="1,1,2,1,53,0" doraHai="121" doraHaiUra="29" who="0" fromWho="1" sc="260,36,302,-26,289,0,139,0" /><INIT seed="4,0,0,0,5,9" ten="296,276,289,139" oya="0" hai0="70,117,38,10,108,22,90,73,114,42,8,121,98" hai1="55,104,133,120,39,91,66,61,71,119,123,113,63" hai2="85,52,35,28,46,43,51,2,77,32,6,107,75" hai3="96,74,57,106,69,134,25,93,5,33,125,78,7"/><T102/><D73/><U60/><E104/><V0/><F107/><W94/><G69/><T124/><D117/><U84/><E119/><V128/><F128/><W129/><G129/><T115/><D70/><U23/><E39/><V79/><F75/><W12/><G125/><T86/><D121/><U110/><E110/><V11/><F0/><W14/><G106/><N who="0" m="63831" /><D124/><U59/><E133/><V31/><F31/><W15/><G134/><T126/><D126/><U112/><E23/><V68/><F68/><W65/><G74/><T81/><D22/><U92/><E61/><V49/><F28/><W130/><G130/><T19/><D19/><U48/><E63/><V127/><F127/><W62/><G78/><T103/><D103/><U131/><E131/><V4/><F4/><N who="3" m="1611" /><G33/><T135/><D108/><U41/><REACH who="1" step="1"/><E41/><REACH who="1" ten="296,266,289,139" step="2"/><V13/><F35/><W122/><G122/><AGARI ba="0,1" hai="48,55,59,60,66,71,84,91,92,112,113,120,122,123" machi="122" ten="40,2600,0" yaku="1,1,2,1,53,0" doraHai="9" doraHaiUra="3" who="1" fromWho="3" sc="296,0,266,36,289,0,139,-26" owari="296,9.6,302,40.2,289,-11.1,113,-38.7" /></mjloggm>