<mjloggm ver="2.3"><GO type="225" lobby="0"/><UN n0="%E3%81%B2%E3%81%AA%E3%81%AE%E3%82%8A%E3%81%8F" n1="%E6%81%A5%E6%99%92%E3%81%97" n2="%E6%A1%9C%E8%8A%B1%E9%96%83%E3%80%85" n3="%E3%81%86%E3%81%A9%E3%82%93%E3%81%93" dan="17,16,16,16" rate="2165.30,2134.09,2152.31,2072.48" sx="M,M,M,M"/><TAIKYOKU oya="0"/><INIT seed="0,0,0,3,3,121" ten="250,250,250,250" oya="0" hai0="96,12,22,31,48,100,93,71,104,75,89,29,117" hai1="119,112,7,118,23,56,26,8,5,63,82,97,42" hai2="49,46,45,74,84,87,53,64,13,86,120,105,102" hai3="21,113,55,57,50,1,24,88,34,103,30,111,61"/><T59/><D117/><U52/><E112/><V99/><F120/><W9/><G113/><T134/><D71/><U66/><E42/><V33/><F33/><W78/><G78/><T106/><D134/><U39/><E39/><V131/><F131/><W27/><G103/><T17/><D75/><U123/><E123/><V98/><F74/><W18/><G111/><T90/><D106/><U40/><E40/><V132/><F132/><W128/><G128/><T83/><D83/><U4/><E82/><V38/><F64/><W11/><G1/><T80/><D80/><U65/><E8/><V73/><F73/><W122/><G122/><T44/><D89/><U70/><E97/><V91/><F13/><W115/><G115/><T37/><D37/><U25/><E25/><V43/><REACH who="2" step="1"/><F99/><REACH who="2" ten="250,250,240,250" step="2"/><W10/><G34/><T129/><D129/><U127/><E66/><V35/><F35/><W36/><G24/><T3/><D3/><U58/><E70/><V67/><F67/><W124/><G27/><T130/><D130/><U116/><E127/><V135/><F135/><W81/><G124/><T69/><D69/><U62/><REACH who="1" step="1"/><E116/><REACH who="1" ten="250,240,240,250" step="2"/><V20/><F20/><W107/><G21/><T60/><D96/><U79/><E79/><V94/><AGARI ba="0,2" hai="38,43,45,46,49,53,84,86,87,91,94,98,102,105" machi="94" ten="20,2700,0" yaku="1,1,0,1,7,1,53,0" doraHai="121" doraHaiUra="28" who="2" fromWho="2" sc="250,-13,240,-7,240,47,250,-7" /><INIT seed="1,0,0,2,5,109" ten="237,233,287,243" oya="1" hai0="133,8,123,91,39,83,22,122,66,131,52,127,36" hai1="67,5,69,121,126,47,37,132,17,27,80,53,13" hai2="11,15,112,90,99,114,51,20,44,35,100,84,55" hai3="16,4,46,73,105,68,45,103,89,49,75,82,32"/><U98/><E121/><N who="0" m="46089" /><D133/><U74/><E132/><V92/><F35/><W24/><G68/><T102/><D66/><U108/><E108/><V129/><F129/><W63/><G4/><T23/><D102/><U3/><E126/><V1/><F20/><N who="0" m="7722" /><D131/><U54/><E27/><V106/><REACH who="2" step="1"/><F1/><REACH who="2" ten="237,233,277,243" step="2"/><W118/><G32/><T124/><D124/><U28/><E3/><V104/><F104/><W12/><G105/><T42/><D127/><U70/><E28/><V81/><F81/><W18/><G82/><T34/><D34/><U41/><E80/><V72/><F72/><W9/><G75/><T65/><D8/><U134/><E74/><V71/><F71/><W115/><G73/><T26/><D83/><U93/><E134/><V7/><AGARI ba="0,1" hai="7,11,15,44,51,55,84,90,92,99,100,106,112,114" machi="7" ten="30,12000,2" yaku="1,1,0,1,52,2,53,2" doraHai="109" doraHaiUra="110" who="2" fromWho="2" sc="237,-30,233,-60,277,130,243,-30" /><INIT seed="2,0,0,5,5,18" ten="207,173,407,213" oya="2" hai0="92,59,20,118,48,65,52,64,35,84,108,85,124" hai1="67,101,132,56,70,133,119,79,106,96,17,10,41" hai2="4,94,6,97,24,134,60,126,43,51,55,44,49" hai3="42,129,95,31,19,1,28,75,122,104,38,121,47"/><V111/><F134/><W109/><G104/><T116/><D35/><U117/><E70/><V40/><F126/><W27/><G75/><T99/><D124/><U78/><E41/><V120/><F120/><W103/><G1/><T36/><D36/><U11/><E56/><V45/><F111/><W69/><G69/><T90/><D108/><U100/><E17/><V107/><F107/><W88/><G109/><T87/><REACH who="0" step="1"/><D20/><REACH who="0" ten="197,173,407,213" step="2"/><U98/><REACH who="1" step="1"/><E106/><REACH who="1" ten="197,163,407,213" step="2"/><V26/><F4/><W105/><G105/><T15/><D15/><U21/><E21/><V82/><F6/><W114/><G121/><T74/><D74/><U14/><E14/><V62/><F24/><W57/><G122/><T72/><D72/><U123/><E123/><V115/><F26/><W66/><G27/><T0/><D0/><U37/><E37/><V68/><F43/><W7/><G42/><T80/><D80/><U3/><E3/><V50/><F82/><W2/><G2/><T54/><D54/><U73/><E73/><V63/><F55/><W58/><G38/><T93/><D93/><U110/><E110/><V25/><F25/><W5/><G95/><T102/><D102/><U23/><E23/><V53/><F53/><W113/><G103/><T86/><N who="0" m="21504" /><DORA hai="76" /><T39/><D39/><U46/><E46/><V8/><F45/><W83/><G47/><T22/><D22/><U112/><E112/><V131/><F115/><W61/><G114/><T12/><D12/><U128/><E128/><V125/><F44/><W30/><G113/><T89/><D89/><U13/><E13/><V33/><F40/><RYUUKYOKU ba="0,2" sc="197,15,163,15,407,-15,213,-15" hai0="48,52,59,64,65,90,92,99,116,118" hai1="10,11,67,78,79,96,98,100,101,117,119,132,133" /><INIT seed="3,1,2,5,2,23" ten="212,178,392,198" oya="3" hai0="13,54,52,122,30,121,111,94,123,58,48,42,56" hai1="43,133,29,1,2,36,69,106,34,87,132,40,57" hai2="26,14,131,70,33,47,114,45,127,62,105,89,39" hai3="10,41,100,90,71,67,20,95,109,83,65,120,61"/><W21/><G120/><T28/><D111/><U51/><E106/><V31/><F114/><W129/><G109/><T64/><D64/><U82/><E69/><V85/><F127/><W125/><G125/><T0/><D0/><N who="1" m="107" /><E36/><V86/><F131/><W44/><G129/><T124/><D124/><U130/><E130/><V115/><F115/><W93/><G65/><T108/><D108/><U8/><E8/><V27/><F105/><W53/><G53/><T17/><D42/><U12/><E12/><V78/><F27/><W66/><G66/><T60/><REACH who="0" step="1"/><D94/><REACH who="0" ten="202,178,392,198" step="2"/><U98/><E43/><V16/><F70/><W6/><G95/><T84/><D84/><U72/><E72/><V79/><F86/><W134/><G134/><N who="1" m="51818" /><E98/><V110/><F85/><W103/><G83/><T63/><D63/><U96/><E96/><V73/><F62/><W116/><G116/><T102/><D102/><U46/><E57/><V126/><F126/><W81/><G81/><T80/><D80/><U50/><E82/><V9/><F110/><W101/><G93/><T76/><D76/><U22/><E87/><V38/><F79/><W74/><G74/><T19/><D19/><U37/><E34/><V55/><F78/><W75/><G75/><T112/><D112/><U68/><E68/><V32/><F73/><W118/><G118/><T107/><D107/><U15/><E29/><V35/><F47/><W7/><G90/><T97/><D97/><U117/><E117/><V104/><F89/><W49/><G7/><T91/><D91/><U128/><E128/><V24/><F104/><W135/><G135/><RYUUKYOKU ba="1,3" sc="202,10,178,10,392,-30,198,10" hai0="13,17,28,30,48,52,54,56,58,60,121,122,123" hai1="15,22,37,40,46,50,51" hai3="6,10,20,21,41,44,49,61,67,71,100,101,103" /><INIT seed="3,2,3,5,2,59" ten="212,188,362,208" oya="3" hai0="85,36,14,41,74,73,88,93,125,42,2,62,126" hai1="11,100,26,35,13,110,101,69,50,113,3,98,7" hai2="17,131,19,72,96,54,95,49,15,87,53,84,116" hai3="108,81,52,39,80,28,97,119,86,89,65,117,104"/><W29/><G39/><T44/><D2/><U132/><E113/><V71/><F116/><W78/><G65/><T118/><D118/><U6/><E69/><V48/><F71/><W75/><G108/><T106/><D106/><U129/><E110/><V34/><F72/><W77/><G117/><T111/><D111/><U46/><E132/><V123/><F34/><W21/><G119/><T99/><D42/><U60/><E129/><V57/><F131/><W133/><G133/><T83/><D62/><U47/><E60/><V92/><F19/><W68/><G68/><T109/><D14/><N who="1" m="5495" /><E35/><V107/><F107/><W45/><G21/><T127/><D109/><U32/><E32/><V22/><F123/><W10/><G10/><T76/><AGARI ba="2,3" hai="36,41,44,73,74,76,83,85,88,93,99,125,126,127" machi="76" ten="30,4000,0" yaku="0,1,18,1,54,1" doraHai="59" who="0" fromWho="0" sc="212,76,188,-12,362,-12,208,-22" owari="288,8.8,176,-32.4,350,45.0,186,-21.4" /></mjloggm>