<mjloggm ver="2.3"><GO type="225" lobby="0"/><UN n0="%E3%81%A4%E3%81%A3%E3%81%B1%E3%82%8A%E3%83%9D%E3%83%BC%E3%83%AB" n1="%33%74%72%65%65" n2="%6D%61%74%69%67%75%73%61" n3="%E3%82%A2%E3%83%A1%E3%82%A2%E3%83%A9%E3%83%AC" dan="16,16,17,16" rate="2075.70,2117.56,2143.07,2080.58" sx="M,F,M,M"/><TAIKYOKU oya="0"/><INIT seed="0,0,0,3,3,32" ten="250,250,250,250" oya="0" hai0="61,87,135,8,109,72,21,129,114,70,126,11,6" hai1="74,27,65,110,28,53,130,34,38,45,97,4,123" hai2="78,62,89,31,12,77,39,116,47,15,1,88,58" hai3="84,93,73,122,92,90,14,36,71,106,69,2,102"/><T0/><D72/><U57/><E123/><V41/><F116/><W86/><G122/><T43/><D114/><U121/><E121/><V55/><F31/><W33/><G36/><T108/><D135/><U131/><E110/><N who="0" m="42601" /><D129/><N who="1" m="49163" /><E74/><V56/><F1/><W50/><G33/><T19/><D126/><U18/><E4/><V80/><F56/><W10/><G73/><T68/><D43/><N who="1" m="22775" /><E97/><V48/><F39/><W103/><G2/><N who="0" m="87" /><D87/><U22/><E65/><V49/><F49/><W99/><G50/><T118/><D61/><N who="1" m="36015" /><E18/><V66/><F41/><W125/><G125/><T85/><D85/><U96/><E96/><V113/><F113/><W133/><G133/><T76/><D76/><N who="2" m="29290" /><F80/><W63/><G63/><T95/><D95/><U134/><E134/><V120/><F120/><W100/><G84/><T105/><D105/><U37/><E37/><V64/><F64/><W91/><G106/><T51/><D51/><U107/><E107/><V111/><F111/><W44/><G86/><T54/><D54/><U5/><E5/><V29/><F66/><W112/><G112/><T25/><D118/><U81/><E81/><V20/><F62/><W46/><G92/><T115/><D115/><U17/><E17/><V67/><F67/><W98/><G98/><T13/><D0/><U60/><E60/><V52/><F55/><W117/><G117/><T83/><D83/><U16/><E16/><AGARI ba="0,0" hai="11,13,16,19,21,25,68,70" m="87,42601" machi="16" ten="30,11600,0" yaku="14,1,10,1,52,1,54,1" doraHai="32" who="0" fromWho="1" sc="250,116,250,-116,250,0,250,0" /><INIT seed="0,1,0,3,0,91" ten="366,134,250,250" oya="0" hai0="5,14,40,47,94,107,1,123,121,43,15,108,114" hai1="103,11,64,59,101,127,36,80,12,99,74,17,61" hai2="92,86,0,100,106,29,110,122,34,44,135,53,60" hai3="26,30,89,3,81,16,20,13,63,71,117,8,83"/><T73/><D114/><U120/><E120/><V96/><F122/><W111/><G111/><T67/><D107/><U116/><E116/><V85/><F0/><W70/><G117/><T50/><D108/><U27/><E127/><V98/><F110/><W128/><G128/><T69/><D73/><U37/><E103/><V65/><F135/><W112/><G112/><T95/><D1/><U93/><E74/><V10/><F10/><W66/><G71/><T115/><D115/><U56/><E80/><V49/><F29/><W31/><G31/><T58/><D69/><U55/><REACH who="1" step="1"/><E27/><REACH who="1" ten="366,124,250,250" step="2"/><V131/><F131/><W118/><G118/><T28/><D123/><U72/><E72/><V124/><F124/><W132/><G132/><T88/><D121/><U87/><E87/><V38/><F86/><W18/><G89/><T19/><D43/><U42/><E42/><V4/><F85/><W62/><G81/><T9/><D88/><U109/><E109/><V130/><F130/><W41/><G41/><T35/><D35/><U102/><E102/><V57/><F34/><W33/><G83/><T24/><D24/><U104/><E104/><V54/><F106/><W125/><G125/><T68/><D40/><U23/><E23/><V25/><F25/><W46/><G26/><T22/><D22/><U2/><E2/><V79/><F100/><W82/><G20/><T48/><D28/><U78/><E78/><V113/><F79/><W51/><G30/><T90/><D90/><U21/><E21/><V84/><F113/><W105/><G33/><T6/><D15/><U133/><E133/><RYUUKYOKU ba="1,1" sc="366,-10,124,30,250,-10,250,-10" hai1="11,12,17,36,37,55,56,59,61,64,93,99,101" /><INIT seed="1,2,1,4,2,68" ten="356,154,240,240" oya="1" hai0="2,126,85,77,10,94,91,51,62,74,7,48,111" hai1="4,6,20,71,44,81,118,104,127,31,131,1,106" hai2="40,119,57,8,52,79,58,26,49,21,12,90,39" hai3="114,63,83,120,60,124,23,14,25,28,108,102,72"/><U89/><E118/><V99/><F119/><W64/><G114/><T129/><D111/><U132/><E71/><V29/><F79/><W98/><G120/><T87/><D129/><U105/><E127/><V116/><F116/><W100/><G108/><T103/><D126/><U59/><E132/><V24/><F40/><W15/><G124/><T17/><D74/><U133/><E133/><V107/><F24/><W18/><G14/><T46/><D103/><U19/><E131/><V109/><F109/><W22/><G102/><T16/><D62/><U135/><E135/><V125/><F39/><W76/><REACH who="3" step="1"/><G64/><REACH who="3" ten="356,154,240,230" step="2"/><T69/><D2/><U66/><E1/><V0/><F0/><W82/><G82/><T110/><D110/><U56/><E105/><AGARI ba="2,2" hai="15,18,22,23,25,28,60,63,72,76,83,98,100,105" machi="105" ten="30,2000,0" yaku="1,1,7,1,53,0" doraHai="68" doraHaiUra="122" who="3" fromWho="1" sc="356,0,154,-26,240,0,230,46" /><INIT seed="2,0,0,3,3,37" ten="356,128,240,276" oya="2" hai0="97,57,60,22,91,38,68,36,119,42,115,15,74" hai1="100,67,10,55,71,19,2,27,35,104,118,32,103" hai2="34,50,125,108,13,111,132,128,106,54,80,63,84" hai3="117,113,123,89,25,1,17,21,0,5,61,85,88"/><V59/><F106/><W47/><G117/><T29/><D74/><U93/><E118/><V41/><F34/><W46/><G123/><T130/><D68/><U90/><E104/><V45/><F128/><W78/><G113/><T40/><D119/><U28/><E35/><V133/><F13/><W129/><G129/><T65/><D38/><U73/><E73/><V49/><F125/><W122/><G122/><T53/><D36/><U96/><E71/><V11/><F11/><W7/><G0/><T8/><D115/><U16/><E67/><V64/><F84/><W18/><G1/><T51/><D130/><U56/><E100/><V3/><F80/><N who="3" m="47255" /><G61/><T81/><D29/><U70/><E70/><N who="2" m="42271" /><F3/><W98/><G18/><N who="0" m="8551" /><D22/><U110/><E110/><AGARI ba="0,0" hai="41,45,49,50,54,59,108,110,111,132,133" m="42271" machi="110" ten="30,12000,1" yaku="14,1,10,1,34,2,52,1" doraHai="37" who="2" fromWho="1" sc="356,0,128,-120,240,120,276,0" /><INIT seed="2,1,0,5,2,108" ten="356,8,360,276" oya="2" hai0="113,47,57,61,39,23,75,122,29,82,2,5,119" hai1="30,120,6,125,65,8,83,96,35,80,41,16,72" hai2="55,22,11,89,59,99,51,118,34,84,90,127,121" hai3="95,129,13,49,10,63,26,68,110,31,17,53,86"/><V20/><F118/><W4/><G110/><T27/><D122/><U9/><E120/><V52/><F121/><W94/><G129/><T103/><D113/><U3/><E125/><V42/><F34/><W88/><G68/><T98/><D119/><U77/><E65/><V50/><F127/><W116/><G116/><T62/><D5/><U135/><E135/><V115/><F115/><W44/><G63/><T19/><D2/><U100/><E80/><N who="2" m="49287" /><F42/><W28/><G26/><T101/><D39/><U1/><E41/><V133/><F11/><W12/><REACH who="3" step="1"/><G95/><REACH who="3" ten="356,8,360,266" step="2"/><T18/><D62/><U111/><E111/><V71/><F71/><W45/><G45/><T66/><D47/><U0/><E35/><V21/><F133/><W36/><G36/><T33/><D33/><U46/><E46/><V14/><F14/><W32/><G32/><T91/><D75/><U104/><E30/><V102/><F102/><N who="0" m="38922" /><D82/><U24/><E24/><V81/><F81/><W92/><G92/><AGARI ba="1,1" hai="18,19,23,27,29,57,61,66,91,92,98" m="38922" machi="92" ten="30,1000,0" yaku="8,1" doraHai="108" who="0" fromWho="3" sc="356,23,8,0,360,0,266,-13" /><INIT seed="3,0,0,2,4,38" ten="379,8,360,253" oya="3" hai0="86,72,47,120,70,87,114,29,124,7,91,95,42" hai1="84,11,45,128,73,102,54,36,69,12,113,52,51" hai2="66,81,134,40,99,76,21,132,22,74,115,50,67" hai3="59,117,8,53,133,39,110,30,31,118,41,96,94"/><W43/><G133/><N who="2" m="51305" /><F99/><W127/><G127/><T23/><D120/><U17/><E73/><V19/><F115/><W130/><G130/><T16/><D70/><U97/><E128/><V90/><F90/><N who="3" m="55383" /><G39/><T135/><D72/><U103/><E113/><V123/><F123/><W71/><G71/><T79/><D135/><U48/><E69/><V61/><F61/><N who="3" m="36079" /><G117/><T75/><D75/><U85/><E36/><V14/><F21/><W35/><G35/><T106/><D106/><U10/><E10/><V131/><F131/><W46/><G118/><T0/><D124/><U116/><E116/><V108/><F108/><W101/><G110/><T83/><D114/><U89/><E97/><V107/><F107/><W5/><G101/><T58/><D0/><U104/><E104/><V129/><F129/><W4/><G46/><AGARI ba="0,0" hai="14,19,22,40,46,50,66,67,74,76,81" m="51305" machi="46" ten="30,2000,0" yaku="20,1,52,1" doraHai="38" who="2" fromWho="3" sc="379,0,8,0,360,20,253,-20" owari="379,17.9,8,-49.2,380,48.0,233,-16.7" /></mjloggm>