<mjloggm ver="2.3"><GO type="225" lobby="0"/><UN n0="%6D%75%75%6D%75%72%61" n1="%E6%B0%B7%E5%B7%9D%E9%87%8C%E5%A5%88" n2="%E5%8F%AF%E5%85%90%E9%82%A3%E7%94%B1%E5%A4%9A" n3="%E6%B8%A9%E2%98%85%E6%83%85%E2%98%85%E6%8E%AA%E2%98%85%E7%BD%AE" dan="17,16,16,16" rate="2179.61,2116.04,2192.12,2172.34" sx="F,F,F,M"/><TAIKYOKU oya="0"/><INIT seed="0,0,0,1,4,90" ten="250,250,250,250" oya="0" hai0="120,54,117,92,25,56,8,74,128,100,77,45,122" hai1="63,113,85,33,40,82,6,79,36,97,42,83,67" hai2="64,107,134,60,93,14,131,46,16,102,37,108,95" hai3="105,88,7,21,18,34,126,15,4,49,44,110,53"/><T89/><D117/><U26/><E113/><V94/><F108/><W119/><G119/><T32/><D128/><U27/><E6/><V10/><F131/><W48/><G110/><T98/><D45/><U99/><E36/><V86/><F134/><W125/><G105/><T121/><D8/><U57/><E33/><V47/><F37/><W41/><G34/><T116/><D116/><U133/><E133/><V115/><F115/><W76/><G76/><T50/><D74/><U103/><E83/><V69/><REACH who="2" step="1"/><F86/><REACH who="2" ten="250,250,240,250" step="2"/><W31/><G126/><T1/><D77/><U101/><E42/><V66/><F66/><W96/><G125/><T129/><D129/><U19/><E40/><V71/><F71/><W3/><G3/><T114/><D1/><U106/><REACH who="1" step="1"/><E19/><REACH who="1" ten="250,240,240,250" step="2"/><V43/><F43/><W35/><G18/><T72/><D114/><U51/><E51/><V20/><F20/><W13/><G48/><T5/><D5/><U9/><E9/><V124/><F124/><W135/><G41/><T81/><D120/><U75/><E75/><V30/><F30/><W87/><G135/><T38/><D38/><U78/><E78/><V58/><F58/><W12/><G21/><T59/><D121/><U17/><E17/><V23/><F23/><W62/><G4/><T11/><D122/><U0/><E0/><V109/><F109/><W132/><G7/><T2/><D2/><U123/><E123/><V29/><F29/><W127/><G132/><T52/><D11/><U73/><E73/><V55/><F55/><N who="3" m="30119" /><G127/><T111/><D111/><U112/><E112/><V80/><F80/><RYUUKYOKU ba="0,2" sc="250,-15,240,15,240,15,250,-15" hai1="26,27,57,63,67,79,82,85,97,99,101,103,106" hai2="10,14,16,46,47,60,64,69,93,94,95,102,107" /><INIT seed="1,1,2,4,4,85" ten="235,255,255,235" oya="1" hai0="91,52,40,105,60,80,62,95,31,112,14,119,19" hai1="6,107,87,32,34,99,70,124,43,83,133,113,89" hai2="3,106,76,15,108,46,56,78,122,12,118,55,126" hai3="115,116,44,24,104,61,27,49,53,103,114,81,125"/><U8/><E113/><V71/><F71/><W64/><G125/><T4/><D112/><U110/><E70/><V98/><F118/><W23/><G116/><T121/><D119/><U38/><E124/><V48/><F126/><W127/><G127/><T117/><D117/><U134/><E110/><V102/><F122/><W21/><G81/><T94/><D105/><U65/><E65/><V58/><F3/><W54/><G54/><T51/><D121/><U28/><E43/><V18/><F108/><W82/><G82/><T67/><D31/><U35/><E38/><V7/><F7/><W79/><G79/><T93/><D4/><U1/><REACH who="1" step="1"/><E28/><REACH who="1" ten="235,245,255,235" step="2"/><V22/><F55/><W41/><G53/><T90/><D40/><U26/><E26/><V66/><F66/><W45/><G115/><T135/><D67/><U0/><E0/><V97/><F12/><W128/><G114/><T11/><D135/><U73/><E73/><V101/><F15/><W36/><G27/><T132/><D132/><U5/><E5/><V37/><F37/><W57/><G24/><T120/><D120/><U109/><E109/><V111/><F111/><W86/><G36/><T92/><D62/><U96/><E96/><V39/><F39/><W100/><G61/><T13/><D60/><U30/><E30/><V10/><F98/><W129/><G64/><T77/><N who="0" m="23552" /><DORA hai="16" /><T74/><REACH who="0" step="1"/><D14/><REACH who="0" ten="225,245,255,235" step="2"/><U69/><E69/><V17/><F48/><W47/><G49/><T84/><D84/><U2/><E2/><V75/><F75/><W25/><G86/><T29/><D29/><U72/><E72/><RYUUKYOKU ba="1,4" sc="225,15,245,15,255,-15,235,-15" hai0="11,13,19,51,52,74,77,80,90,91" hai1="1,6,8,32,34,35,83,87,89,99,107,133,134" /><INIT seed="1,2,4,1,2,121" ten="240,260,240,220" oya="1" hai0="128,126,9,15,82,115,117,123,29,112,94,106,2" hai1="71,64,32,101,10,0,87,66,125,45,40,114,79" hai2="74,21,89,26,12,65,108,61,60,109,54,68,59" hai3="23,86,76,134,22,103,135,81,77,90,63,98,73"/><U39/><E114/><V122/><F122/><W50/><G63/><T8/><D106/><U75/><E32/><V67/><F74/><W28/><G50/><T14/><D117/><U95/><E125/><V52/><F12/><W132/><G28/><T96/><D123/><U70/><E87/><V78/><F78/><N who="3" m="30315" /><G73/><T102/><D2/><U47/><E47/><V110/><F89/><W83/><G83/><T113/><D126/><U27/><E27/><V80/><F80/><W25/><G25/><T1/><D1/><U53/><E53/><V5/><F5/><W56/><G56/><T91/><D128/><U30/><E30/><AGARI ba="2,4" hai="21,26,30,52,54,59,60,61,65,67,68,108,109,110" machi="30" ten="40,8000,1" yaku="14,1,52,3,54,1" doraHai="121" who="2" fromWho="1" sc="240,0,260,-86,240,126,220,0" /><INIT seed="2,0,0,0,4,133" ten="240,174,366,220" oya="2" hai0="19,101,66,45,59,102,109,5,48,2,105,67,44" hai1="114,61,4,118,83,124,81,129,31,86,75,47,57" hai2="128,135,7,119,93,78,1,85,123,82,23,53,49" hai3="131,6,91,112,99,74,35,8,117,27,120,11,0"/><V33/><F119/><W10/><G117/><T97/><D109/><U72/><E118/><V132/><F123/><W17/><G120/><T73/><D73/><U43/><E114/><V115/><F115/><W95/><G112/><T103/><D2/><U37/><E129/><V30/><F33/><W50/><G131/><T111/><D111/><U79/><E31/><V130/><F93/><W106/><G74/><T87/><D5/><U26/><E26/><N who="2" m="16735" /><F7/><W122/><G122/><T88/><D105/><U71/><E71/><V70/><F1/><W46/><G106/><T39/><D39/><U84/><E4/><V108/><F70/><W14/><G35/><T25/><D97/><U32/><E32/><V34/><F34/><W29/><G0/><T100/><D100/><U20/><E20/><V126/><F108/><W96/><G96/><T69/><D69/><U21/><E21/><V65/><F132/><W90/><G6/><T68/><D68/><U24/><E24/><V28/><F28/><W15/><G29/><T56/><D19/><U18/><E18/><V116/><F116/><W54/><G27/><T16/><D16/><U121/><E121/><V42/><F135/><W113/><G113/><T3/><D25/><U110/><E110/><V94/><F130/><W40/><G17/><T77/><D3/><U134/><E134/><V12/><F12/><N who="3" m="4651" /><G40/><N who="0" m="24583" /><D103/><AGARI ba="0,0" hai="8,10,11,46,50,54,90,91,95,99,103" m="4651" machi="103" ten="30,1000,0" yaku="8,1" doraHai="133" who="3" fromWho="0" sc="240,-10,174,0,366,0,220,10" /><INIT seed="3,0,0,1,2,123" ten="230,174,366,230" oya="3" hai0="41,54,111,25,53,14,12,83,73,82,112,2,86" hai1="101,58,23,39,72,20,49,0,68,1,4,129,27" hai2="21,85,98,3,15,29,40,121,79,75,120,24,99" hai3="10,59,106,30,8,108,87,107,47,62,63,110,52"/><W77/><G30/><T70/><D2/><U126/><E68/><V66/><F3/><W133/><G133/><T32/><D70/><U119/><E39/><V28/><F75/><W16/><G47/><T130/><D111/><N who="3" m="42537" /><G63/><T60/><D130/><U26/><E72/><V113/><F113/><W9/><G16/><T61/><D112/><U76/><E76/><V22/><F66/><W36/><G36/><T17/><D73/><U88/><E126/><V84/><F40/><W64/><G64/><T97/><D41/><U114/><E114/><V19/><F79/><W81/><AGARI ba="0,0" hai="8,9,10,52,59,62,77,81,87,106,107" m="42537" machi="81" ten="40,18000,2" yaku="14,1,10,1,52,3,54,1" doraHai="123" who="3" fromWho="3" sc="230,-60,174,-60,366,-60,230,180" owari="170,-23.0,114,-38.6,306,10.6,410,51.0" /></mjloggm>