<mjloggm ver="2.3"><GO type="225" lobby="0"/><UN n0="%72%61%6B%33" n1="%E3%81%99%E3%81%84%E3%81%BE%E3%81%9B%E3%83%BC%E3%82%93" n2="%E7%AD%89%E3%80%85%E5%8A%9B%E5%8A%87%E5%A0%B4" n3="%73%61%6E%64%69%72%69%73" dan="18,16,16,16" rate="2235.04,2100.40,2171.94,2129.50" sx="M,M,M,M"/><TAIKYOKU oya="0"/><INIT seed="0,0,0,1,1,20" ten="250,250,250,250" oya="0" hai0="45,65,61,130,91,115,98,23,35,134,58,100,41" hai1="11,25,72,73,14,124,112,71,31,80,85,6,53" hai2="4,84,68,8,127,119,36,97,54,92,3,51,133" hai3="67,96,135,43,63,17,50,110,60,117,118,27,44"/><T18/><D130/><U107/><E107/><V1/><F36/><W83/><G110/><T37/><D134/><U15/><E124/><V123/><F123/><W10/><G135/><T79/><D35/><U7/><E71/><V101/><F68/><W128/><G128/><T125/><D125/><U30/><E112/><V105/><F133/><W19/><G117/><T106/><D79/><U113/><E113/><V59/><F127/><W22/><G118/><T78/><D78/><U13/><E53/><V16/><F119/><W104/><G104/><T132/><D132/><U40/><E40/><V64/><F64/><W9/><G96/><T99/><D115/><U29/><E25/><V131/><F131/><W42/><G42/><T39/><D98/><U47/><E47/><V34/><F34/><W93/><G93/><T77/><D77/><U48/><E48/><V88/><REACH who="2" step="1"/><F16/><REACH who="2" ten="250,250,240,250" step="2"/><N who="3" m="6219" /><G67/><T90/><REACH who="0" step="1"/><D39/><REACH who="0" ten="240,250,240,250" step="2"/><U69/><E69/><V26/><F26/><AGARI ba="0,2" hai="18,23,26,37,41,45,58,61,65,90,91,99,100,106" machi="26" ten="30,11600,0" yaku="1,1,2,1,7,1,52,1,53,0" doraHai="20" doraHaiUra="120" who="0" fromWho="2" sc="240,136,250,0,240,-116,250,0" /><INIT seed="0,1,0,1,1,60" ten="376,250,124,250" oya="0" hai0="54,45,130,24,48,33,100,52,102,95,94,80,72" hai1="122,64,43,86,111,131,5,97,11,107,87,38,98" hai2="66,123,13,63,78,85,96,132,70,109,31,40,77" hai3="65,74,47,4,57,133,88,134,6,15,121,56,14"/><T49/><D130/><U116/><E116/><V93/><F123/><W115/><G115/><T90/><D72/><U113/><E122/><V112/><F112/><W124/><G121/><T127/><D127/><U27/><E113/><V17/><F109/><W83/><G124/><T50/><D33/><U39/><E27/><V37/><F132/><W34/><G34/><T3/><D3/><U103/><E111/><V9/><F31/><W99/><G47/><T120/><D120/><U26/><E26/><V101/><F40/><W58/><G74/><T106/><D106/><U30/><E30/><V79/><REACH who="2" step="1"/><F37/><REACH who="2" ten="376,250,114,250" step="2"/><W67/><G133/><T7/><D45/><U53/><E43/><V81/><AGARI ba="1,1" hai="9,13,17,63,66,70,77,78,79,81,85,93,96,101" machi="81" ten="30,7900,0" yaku="1,1,2,1,0,1,52,1,53,0" doraHai="60" doraHaiUra="0" who="2" fromWho="2" sc="376,-40,250,-21,114,92,250,-21" /><INIT seed="1,0,0,5,2,117" ten="336,229,206,229" oya="1" hai0="29,92,48,89,126,36,41,18,56,73,115,25,50" hai1="8,100,45,32,38,113,120,102,58,122,51,4,125" hai2="19,94,68,46,44,70,128,13,134,112,43,63,3" hai3="49,33,17,108,127,28,22,23,14,132,52,5,124"/><U69/><E69/><V39/><F3/><W90/><G108/><T78/><D126/><N who="3" m="48169" /><G132/><T21/><D115/><U80/><E125/><V79/><F128/><W27/><G5/><T15/><D73/><U118/><E118/><V67/><F134/><W81/><G81/><T64/><D78/><U10/><E32/><V99/><F112/><W40/><G90/><T74/><D74/><U77/><E113/><V12/><F79/><W135/><G40/><T6/><D6/><U66/><E10/><V130/><F130/><W35/><G135/><T109/><D36/><U2/><E102/><V83/><F83/><W119/><G119/><T87/><D41/><N who="1" m="22711" /><E100/><V24/><F70/><W57/><AGARI ba="0,0" hai="14,17,22,23,27,28,33,35,49,52,57" m="48169" machi="57" ten="30,2000,0" yaku="18,1,54,1" doraHai="117" who="3" fromWho="3" sc="336,-5,229,-10,206,-5,229,20" /><INIT seed="2,0,0,3,2,6" ten="331,219,201,249" oya="2" hai0="111,25,36,103,20,62,42,0,32,94,129,115,57" hai1="120,37,61,112,101,48,96,34,45,24,51,43,13" hai2="15,102,41,100,7,74,106,90,84,132,122,28,5" hai3="80,89,121,116,12,67,4,87,95,125,64,3,134"/><V77/><F122/><W35/><G121/><T65/><D0/><U98/><E112/><V82/><F132/><W21/><G116/><T83/><D111/><U52/><E120/><V99/><F102/><W38/><G38/><T107/><D129/><U50/><E13/><V29/><F41/><W40/><G35/><T76/><D32/><U109/><E109/><V114/><F114/><W8/><G125/><T118/><D107/><U31/><REACH who="1" step="1"/><E101/><REACH who="1" ten="331,209,201,249" step="2"/><V78/><F78/><W66/><G12/><T92/><D103/><U97/><E97/><V39/><F39/><W88/><G134/><T131/><D115/><U60/><E60/><V91/><F91/><W10/><G88/><T119/><D118/><U104/><E104/><V19/><F5/><W124/><G89/><T55/><D119/><U14/><E14/><V108/><F7/><W126/><G4/><T11/><D76/><U72/><E72/><V86/><F108/><W135/><G135/><T44/><D62/><U18/><E18/><V71/><F86/><W56/><G87/><T81/><D36/><U26/><E26/><V85/><F84/><W123/><G123/><T79/><D25/><U22/><E22/><V16/><F19/><W105/><G21/><T59/><D20/><U93/><E93/><N who="2" m="54479" /><F71/><W53/><G105/><T130/><D92/><U1/><E1/><V117/><F117/><W128/><G3/><T133/><D94/><U30/><E30/><V73/><F74/><W58/><G95/><T46/><D133/><U113/><E113/><V9/><AGARI ba="0,1" hai="9,15,16,28,29,73,77,82,99,100,106" m="54479" machi="9" ten="30,6000,0" yaku="24,1,52,1,54,1" doraHai="6" who="2" fromWho="2" sc="331,-20,209,-20,201,70,249,-20" /><INIT seed="2,1,0,3,0,53" ten="311,189,271,229" oya="2" hai0="20,97,73,19,128,98,21,89,83,14,74,64,129" hai1="16,51,117,76,94,54,79,17,61,78,13,31,124" hai2="22,58,29,62,104,85,93,41,86,34,118,82,112" hai3="11,130,67,52,99,103,91,48,134,84,28,2,71"/><V106/><F112/><W102/><G134/><T37/><D37/><U111/><E117/><V40/><F34/><W121/><G121/><T39/><D39/><U101/><E111/><V132/><F118/><W119/><G119/><T113/><D113/><U26/><E124/><V131/><F131/><W32/><G130/><T133/><D64/><U1/><E1/><V50/><F132/><W42/><G42/><T35/><D35/><U4/><E61/><V114/><F114/><W15/><G2/><T125/><D133/><U44/><E4/><V80/><F93/><W46/><G71/><T81/><D14/><U6/><E6/><V43/><F106/><W33/><G67/><T27/><D27/><U96/><REACH who="1" step="1"/><E13/><REACH who="1" ten="311,179,271,229" step="2"/><V87/><F62/><W110/><G110/><T120/><D125/><U105/><E105/><V55/><F104/><W116/><G116/><T75/><D129/><U126/><E126/><V107/><F107/><W5/><G15/><T56/><D128/><U8/><E8/><V127/><F127/><W68/><G11/><T57/><D120/><U108/><E108/><V59/><F82/><W38/><G5/><T77/><D83/><U90/><E90/><V122/><F80/><W47/><G91/><T100/><D89/><U3/><E3/><V36/><F36/><W92/><G38/><T10/><D81/><U69/><E69/><V72/><F122/><W88/><G68/><T95/><D10/><U23/><AGARI ba="1,1" hai="16,17,23,26,31,44,51,54,76,78,79,94,96,101" machi="23" ten="30,7900,0" yaku="1,1,0,1,8,1,54,1,53,0" doraHai="53" doraHaiUra="65" who="1" fromWho="1" sc="311,-21,179,92,271,-40,229,-21" /><INIT seed="3,0,0,0,0,116" ten="290,271,231,208" oya="3" hai0="110,21,4,63,119,42,89,88,80,9,58,22,74" hai1="133,92,122,103,105,71,59,81,94,32,2,93,10" hai2="30,128,87,108,8,114,86,107,68,100,62,27,104" hai3="43,56,50,66,25,98,79,38,18,24,20,123,14"/><W29/><G123/><T11/><D119/><U6/><E71/><V51/><F114/><W84/><G38/><T23/><D110/><U61/><E32/><V7/><F108/><W112/><G112/><T96/><D42/><U49/><E133/><V124/><F124/><W125/><G125/><T120/><D120/><U106/><E103/><V41/><F128/><W95/><G43/><T28/><D28/><U48/><E122/><V121/><F121/><W65/><G25/><T132/><D132/><U130/><E81/><V26/><F26/><W109/><G109/><T37/><D37/><U57/><E130/><V16/><F107/><W131/><G131/><T70/><D70/><U72/><E72/><V111/><F111/><W135/><G135/><T33/><D33/><U52/><REACH who="1" step="1"/><E49/><REACH who="1" ten="290,261,231,208" step="2"/><V78/><F51/><W77/><G50/><T64/><D74/><U82/><E82/><V47/><F100/><N who="3" m="60511" /><G84/><N who="0" m="50183" /><D4/><U54/><AGARI ba="0,1" hai="2,6,10,48,52,54,57,59,61,92,93,94,105,106" machi="54" ten="30,4000,0" yaku="1,1,0,1,54,1,53,0" doraHai="116" doraHaiUra="127" who="1" fromWho="1" sc="290,-10,261,50,231,-10,208,-20" owari="280,8.0,311,41.1,221,-17.9,188,-31.2" /></mjloggm>