<mjloggm ver="2.3"><GO type="225" lobby="0"/><UN n0="%E5%A4%96%E5%B7%9D%E7%AB%9C%E6%88%90" n1="%E3%81%86%E3%83%BC%E3%81%B1%E3%83%BC" n2="%E6%98%93%E5%88%A9%E8%96%A9%E4%BC%AF" n3="%E5%A4%8F%E9%88%B4%E9%88%B4%E5%A4%8F" dan="16,16,16,16" rate="2164.07,2148.61,2068.35,2132.68" sx="M,F,F,M"/><TAIKYOKU oya="0"/><INIT seed="0,0,0,5,4,32" ten="250,250,250,250" oya="0" hai0="43,74,111,107,16,27,49,59,134,93,85,98,29" hai1="44,30,110,66,79,128,46,118,42,0,72,70,130" hai2="97,67,104,25,78,56,3,102,90,47,84,119,51" hai3="38,121,4,58,132,17,133,135,52,125,18,35,9"/><T37/><D74/><U76/><E118/><V41/><F119/><W6/><G125/><T83/><D134/><U124/><E124/><V7/><F78/><W1/><G121/><T81/><D111/><U123/><E110/><V105/><F25/><W120/><G120/><T106/><D37/><U100/><E100/><V126/><F126/><W31/><G38/><T112/><D112/><U33/><E66/><V82/><F67/><W12/><G31/><T60/><D107/><U36/><E70/><V75/><F56/><W115/><G35/><T77/><D83/><N who="1" m="45447" /><E46/><V28/><F28/><W21/><G115/><T73/><D73/><U71/><E71/><V24/><F24/><W127/><G127/><T94/><D106/><U65/><E65/><V62/><F62/><W15/><REACH who="3" step="1"/><G1/><REACH who="3" ten="250,250,250,240" step="2"/><T63/><D29/><U109/><E123/><V80/><F3/><W50/><AGARI ba="0,1" hai="4,6,9,12,15,17,18,21,50,52,58,132,133,135" machi="50" ten="30,8000,1" yaku="1,1,2,1,0,1,20,1,54,1,53,0" doraHai="32" doraHaiUra="20" who="3" fromWho="3" sc="250,-40,250,-20,250,-20,240,90" /><INIT seed="1,0,0,4,2,79" ten="210,230,230,330" oya="1" hai0="123,124,9,53,23,13,87,54,72,130,28,116,90" hai1="86,74,81,105,76,69,68,8,115,18,35,73,107" hai2="48,20,61,17,6,109,46,52,2,39,66,77,93" hai3="132,103,31,95,22,131,59,120,4,27,82,11,101"/><U94/><E115/><V80/><F109/><W83/><G120/><T135/><D116/><U98/><E35/><V30/><F39/><W60/><G131/><T91/><D72/><U100/><E74/><V43/><F30/><W1/><G132/><T29/><D123/><U133/><E133/><V114/><F114/><W7/><G7/><T119/><D119/><U85/><E86/><V128/><F93/><W38/><G38/><T71/><D71/><U121/><E107/><V64/><F128/><W134/><G134/><T45/><D124/><U108/><E108/><V67/><F6/><W5/><G5/><T84/><D135/><U126/><E126/><V102/><F102/><W125/><G125/><T34/><D23/><U122/><E122/><V63/><F43/><W96/><REACH who="3" step="1"/><G103/><REACH who="3" ten="210,230,230,320" step="2"/><T88/><D130/><U36/><E36/><V50/><F2/><W32/><G32/><T40/><D34/><U127/><E127/><V51/><F63/><W62/><G62/><T14/><D29/><U99/><E121/><V106/><F61/><W47/><G47/><T44/><D28/><U113/><E113/><V25/><REACH who="2" step="1"/><F106/><REACH who="2" ten="210,230,220,320" step="2"/><W10/><G10/><T117/><D9/><U65/><E8/><V70/><F70/><W37/><G37/><T111/><D111/><U19/><E69/><V104/><F104/><W42/><G42/><T97/><D40/><U16/><E68/><V49/><F49/><W78/><G78/><T110/><D110/><U55/><E105/><V56/><F56/><W3/><G3/><T24/><D117/><U75/><E76/><V92/><F92/><RYUUKYOKU ba="0,2" sc="210,-15,230,-15,220,15,320,15" hai2="17,20,25,46,48,50,51,52,64,66,67,77,80" hai3="1,4,11,22,27,31,59,60,82,83,95,96,101" /><INIT seed="2,1,2,5,5,32" ten="195,215,235,335" oya="2" hai0="119,59,70,15,5,11,52,91,99,33,47,126,71" hai1="61,130,42,69,127,9,108,16,90,31,73,12,117" hai2="36,3,34,134,49,101,94,110,118,62,26,104,39" hai3="112,133,111,82,135,20,18,43,48,58,83,77,22"/><V38/><F118/><W81/><G111/><T113/><D113/><U86/><E117/><V74/><F94/><W102/><G112/><T67/><D119/><U7/><E73/><V51/><F134/><N who="3" m="51211" /><G102/><T65/><D33/><U50/><E31/><N who="2" m="19831" /><F51/><W66/><G22/><T4/><D4/><U129/><E108/><V125/><F49/><W64/><G77/><T97/><D47/><N who="1" m="25975" /><E61/><V41/><F62/><N who="3" m="37975" /><G66/><T84/><D67/><U60/><E60/><V45/><F125/><W8/><G8/><T46/><D126/><U78/><E78/><V13/><F13/><N who="3" m="9295" /><G81/><T123/><D65/><U92/><E69/><V76/><F110/><W56/><G56/><T122/><D59/><U79/><E79/><V54/><F54/><W109/><G109/><T19/><D70/><U116/><E127/><V132/><F132/><W100/><G100/><T29/><D71/><U106/><E116/><V25/><F25/><W95/><G95/><T120/><D120/><U37/><E37/><V53/><F53/><W121/><G121/><T88/><D123/><U105/><E105/><V21/><F21/><W28/><G28/><T98/><D29/><U131/><E106/><V114/><F114/><W115/><G115/><T68/><D122/><U85/><E131/><V72/><F3/><W23/><G23/><T35/><D35/><U6/><E130/><V14/><F14/><W44/><AGARI ba="1,2" hai="43,44,48,82,83" m="9295,37975,51211" machi="44" ten="30,1100,0" yaku="20,1" doraHai="32" who="3" fromWho="3" sc="195,-4,215,-4,235,-6,335,34" /><INIT seed="3,0,0,2,4,91" ten="191,211,229,369" oya="3" hai0="79,86,83,32,25,31,54,119,116,81,16,18,134" hai1="70,42,104,17,97,120,127,117,13,128,0,3,10" hai2="12,7,37,115,90,113,39,106,108,114,74,88,92" hai3="14,55,102,66,130,46,61,63,47,8,76,82,58"/><W29/><G102/><T11/><D134/><U105/><E70/><V23/><F106/><W38/><G29/><T21/><D54/><U57/><E120/><V110/><F74/><W69/><G38/><T34/><D34/><U96/><E42/><V103/><F103/><W9/><G9/><T5/><D83/><U98/><E105/><V2/><F90/><W64/><G64/><T80/><D80/><U111/><E104/><V28/><F2/><W33/><G33/><T131/><D131/><U24/><E24/><N who="2" m="16415" /><F12/><W100/><G100/><T107/><D107/><U1/><E128/><V89/><F89/><W94/><G14/><N who="0" m="9367" /><D18/><U112/><E0/><AGARI ba="0,0" hai="0,5,11,25,31,32,79,81,86,116,119" m="9367" machi="0" ten="30,2000,0" yaku="24,1,54,1" doraHai="91" who="0" fromWho="1" sc="191,20,211,-20,229,0,369,0" owari="211,-18.9,191,-30.9,229,2.9,369,46.9" /></mjloggm>