<mjloggm ver="2.3"><GO type="225" lobby="0"/><UN n0="%E3%80%93%E3%81%97%E3%83%BC%E3%82%89%E3%80%93" n1="%72%69%6F%75%63%68%61%6E" n2="%E3%81%8B%E3%82%8F%E3%81%A1%E3%82%83%E3%82%93%35%38" n3="%E5%A4%9C%E3%81%AE%E3%82%AC%E3%82%B9%E3%83%91%E3%83%BC%E3%83%AB" dan="16,16,17,16" rate="2170.70,2226.25,2211.29,2176.16" sx="M,M,M,M"/><TAIKYOKU oya="0"/><INIT seed="0,0,0,3,5,76" ten="250,250,250,250" oya="0" hai0="45,33,57,40,41,48,94,21,107,12,30,126,124" hai1="80,0,78,123,56,69,89,95,127,61,9,24,87" hai2="108,93,18,118,50,134,122,73,52,119,63,84,42" hai3="101,92,14,23,15,60,111,7,112,51,104,75,114"/><T105/><D33/><U88/><E123/><V128/><F73/><W43/><G104/><T133/><D133/><U115/><E127/><N who="0" m="48681" /><D41/><U125/><E125/><V135/><F18/><W10/><G111/><T121/><D121/><U130/><E130/><V31/><F31/><W129/><G129/><T132/><D132/><N who="2" m="50730" /><F122/><W81/><G60/><T28/><D12/><U131/><E131/><V36/><F128/><W99/><G15/><T47/><D47/><U70/><E115/><V103/><F63/><W37/><G23/><T26/><D30/><U102/><E24/><V62/><F62/><W77/><REACH who="3" step="1"/><G37/><REACH who="3" ten="250,250,250,240" step="2"/><T59/><D107/><U65/><E70/><V74/><F36/><W96/><G96/><T54/><D105/><U46/><E69/><V117/><F108/><W109/><G109/><T53/><D21/><U20/><E20/><V68/><F68/><W5/><G5/><T66/><D26/><U86/><E0/><V116/><F116/><W79/><G79/><T4/><D4/><U90/><E9/><V27/><F27/><W19/><G19/><T83/><D28/><U55/><E102/><V6/><F103/><W11/><G11/><T120/><D120/><U49/><AGARI ba="0,1" hai="46,49,55,56,61,65,78,80,86,87,88,89,90,95" machi="49" ten="30,7900,0" yaku="0,1,8,1,52,1,54,1" doraHai="76" who="1" fromWho="1" sc="250,-39,250,89,250,-20,240,-20" /><INIT seed="1,0,0,4,1,16" ten="211,339,230,220" oya="1" hai0="118,92,71,87,121,64,54,75,130,82,120,101,97" hai1="3,57,14,30,44,38,73,60,83,4,0,133,112" hai2="66,134,9,94,77,85,74,113,25,96,104,59,69" hai3="102,119,53,18,40,68,35,107,98,111,39,15,41"/><U86/><E112/><V42/><F69/><W80/><G111/><T117/><D71/><U8/><E133/><V51/><F134/><W99/><G68/><T109/><D64/><U127/><E127/><V37/><F37/><W45/><G35/><T128/><D75/><U13/><E30/><V27/><F74/><W93/><G119/><N who="0" m="45579" /><D54/><U20/><E0/><V91/><F104/><W55/><G41/><T131/><D109/><U21/><E13/><V36/><F36/><W28/><G80/><T6/><D6/><U26/><E26/><V122/><F122/><W22/><REACH who="3" step="1"/><G28/><REACH who="3" ten="211,339,230,210" step="2"/><T114/><D114/><U105/><E73/><V43/><F43/><W62/><G62/><T17/><D17/><U116/><E116/><V135/><F42/><W46/><G46/><T10/><D10/><U129/><E44/><V100/><F113/><W29/><G29/><T19/><D19/><U110/><E110/><V132/><F9/><W2/><G2/><T34/><D34/><U23/><E38/><V11/><F11/><W5/><G5/><T32/><D32/><U65/><E129/><V52/><F135/><W89/><AGARI ba="0,1" hai="15,18,22,39,40,45,53,55,89,93,98,99,102,107" machi="89" ten="20,8000,1" yaku="1,1,0,1,7,1,52,1,53,1" doraHai="16" doraHaiUra="12" who="3" fromWho="3" sc="211,-20,339,-40,230,-20,210,90" /><INIT seed="2,0,0,2,5,80" ten="191,299,210,300" oya="2" hai0="106,46,122,86,88,75,121,22,115,54,30,33,104" hai1="105,67,52,29,60,63,8,130,4,21,65,123,35" hai2="129,107,83,50,1,103,11,19,93,114,47,64,126" hai3="98,34,70,113,40,116,95,100,133,12,16,66,36"/><V127/><F114/><W26/><G116/><T15/><D75/><U43/><E35/><V61/><F107/><W87/><G113/><T59/><D115/><U55/><E130/><V32/><F32/><W56/><G70/><T90/><D46/><U71/><E105/><N who="0" m="40553" /><D33/><U132/><E132/><V120/><F120/><W125/><G125/><N who="2" m="47625" /><F129/><W27/><G133/><T79/><D79/><U17/><E29/><V10/><F1/><W124/><G124/><T74/><D90/><U91/><E43/><N who="2" m="24959" /><F19/><W81/><G34/><T39/><D30/><U112/><E112/><V85/><F93/><W37/><G40/><T135/><D39/><U92/><E123/><V117/><F103/><W28/><G37/><T102/><D102/><U77/><E17/><V110/><F117/><W44/><G28/><T109/><D135/><U111/><E21/><V6/><F6/><W94/><G94/><N who="0" m="54551" /><D74/><U3/><E77/><N who="2" m="46319" /><F110/><W13/><G36/><T24/><D109/><U48/><E111/><V96/><F96/><W76/><G100/><T89/><D24/><U108/><E108/><V23/><F23/><W51/><G27/><T68/><D89/><U128/><E128/><V7/><F7/><W49/><G26/><T42/><D42/><U25/><E25/><V97/><F97/><W69/><G98/><T9/><D22/><U0/><E0/><V38/><F38/><W5/><G95/><T78/><D78/><U41/><E92/><V84/><F84/><W101/><G101/><T31/><D31/><U14/><E3/><V58/><AGARI ba="0,0" hai="10,11,58,61,64" m="46319,24959,47625" machi="58" ten="30,3000,0" yaku="18,1,52,1" doraHai="80" who="2" fromWho="2" sc="191,-10,299,-10,210,30,300,-10" /><INIT seed="2,1,0,0,4,27" ten="181,289,240,290" oya="2" hai0="19,122,92,10,74,50,85,49,117,79,32,51,113" hai1="118,6,127,60,77,95,18,105,57,11,16,38,103" hai2="28,65,84,13,109,94,34,119,110,15,43,1,130" hai3="112,93,128,30,23,58,53,72,24,5,89,68,9"/><V97/><F1/><W86/><G128/><T121/><D113/><U45/><E118/><V44/><F119/><W124/><G124/><T135/><D117/><U29/><E105/><V39/><F130/><W59/><G112/><T3/><D135/><U20/><E127/><V76/><F65/><W54/><G72/><T129/><D129/><U83/><E38/><V66/><F66/><W41/><G41/><T90/><D32/><U12/><E45/><V96/><F96/><W91/><G91/><T100/><D100/><U123/><E123/><V17/><F17/><W22/><G68/><T33/><D33/><U48/><E48/><V102/><F76/><W125/><G23/><T21/><D79/><U108/><E108/><N who="2" m="41579" /><F84/><W25/><G25/><AGARI ba="1,0" hai="13,15,25,28,34,39,43,44,94,97,102" m="41579" machi="25" ten="30,5800,0" yaku="14,1,10,1,52,1" doraHai="27" who="2" fromWho="3" sc="181,0,289,0,240,61,290,-61" /><INIT seed="2,2,0,4,4,40" ten="181,289,301,229" oya="2" hai0="127,89,59,95,130,15,80,62,110,107,46,118,124" hai1="23,19,49,72,65,116,103,33,69,20,55,87,24" hai2="132,125,14,54,45,63,84,39,100,11,71,0,17" hai3="83,16,28,66,99,135,36,9,13,93,85,52,61"/><V123/><F123/><W98/><G135/><T113/><D107/><U53/><E116/><V25/><F132/><W91/><G28/><T7/><D113/><U29/><E72/><V92/><F125/><W51/><G36/><T64/><D118/><U104/><E87/><V88/><F0/><W121/><G121/><T32/><D32/><U48/><E49/><V12/><F100/><W101/><G99/><T73/><D130/><U77/><E77/><V76/><F76/><W5/><G5/><T67/><D110/><U37/><E37/><V86/><F25/><W82/><G61/><T108/><D108/><U94/><E94/><V109/><F109/><W35/><G66/><T97/><D64/><U78/><E78/><V70/><F84/><W57/><REACH who="3" step="1"/><G35/><REACH who="3" ten="181,289,301,219" step="2"/><T31/><D31/><U10/><E33/><V106/><F39/><W18/><G18/><T68/><D68/><U128/><E65/><V30/><F30/><W8/><G8/><N who="0" m="4511" /><D73/><U56/><E69/><V21/><F63/><W120/><G120/><T22/><D22/><U134/><E134/><V119/><F119/><W44/><G44/><T41/><D80/><AGARI ba="2,1" hai="9,13,16,51,52,57,80,82,83,85,91,93,98,101" machi="80" ten="30,8000,1" yaku="1,1,7,1,8,1,54,2,53,0" doraHai="40" doraHaiUra="133" who="3" fromWho="0" sc="181,-86,289,0,301,0,219,96" /><INIT seed="3,0,0,5,2,97" ten="95,289,301,315" oya="3" hai0="78,20,14,104,4,54,84,106,24,73,37,83,86" hai1="30,117,61,71,51,77,82,74,79,23,60,112,43" hai2="63,17,92,34,118,32,123,99,10,55,1,120,56" hai3="121,15,52,26,109,95,100,2,41,28,31,126,0"/><W49/><G121/><N who="2" m="46665" /><F118/><W62/><G109/><T96/><D37/><U13/><E112/><V102/><F17/><W40/><G126/><T94/><D106/><U81/><E117/><V134/><F134/><W72/><G72/><T19/><D104/><U11/><E71/><V38/><F38/><W89/><G100/><T50/><D4/><AGARI ba="0,0" hai="1,4,10,32,34,55,56,63,92,99,102" m="46665" machi="4" ten="30,2000,0" yaku="13,1,52,1" doraHai="97" who="2" fromWho="0" sc="95,-20,289,0,301,20,315,0" owari="75,-42.5,289,-11.1,321,42.1,315,11.5" /></mjloggm>