<mjloggm ver="2.3"><GO type="225" lobby="0"/><UN n0="%E6%B0%B7%E5%B7%9D%E9%87%8C%E5%A5%88" n1="%E3%81%A8%E3%82%93%E3%81%A8%E3%81%93%E3%81%A8%E3%82%93" n2="%E3%81%B5%E3%81%98%E3%81%8B%E3%81%A4" n3="%E6%B8%A9%E2%98%85%E6%83%85%E2%98%85%E6%8E%AA%E2%98%85%E7%BD%AE" dan="16,16,16,18" rate="2091.30,2115.90,2157.86,2247.99" sx="F,F,M,M"/><TAIKYOKU oya="0"/><INIT seed="0,0,0,3,0,130" ten="250,250,250,250" oya="0" hai0="28,98,42,35,54,67,76,108,97,131,9,24,114" hai1="125,73,0,88,103,72,64,18,120,113,107,10,49" hai2="50,102,7,44,104,3,133,77,51,92,132,30,12" hai3="93,70,99,68,22,2,81,112,74,69,36,26,86"/><T66/><D114/><U40/><E120/><V58/><F104/><W57/><G112/><T105/><D131/><U80/><E113/><V61/><F77/><W111/><G111/><T15/><D108/><U25/><E64/><V11/><F30/><W31/><G2/><T78/><D42/><U91/><E125/><V53/><F3/><W96/><G36/><T32/><D32/><U5/><E107/><V87/><F51/><W117/><G117/><T14/><D67/><U65/><E103/><V60/><F60/><W82/><G57/><T127/><D66/><U21/><E65/><V94/><F87/><W84/><G74/><T119/><D119/><U20/><E20/><V47/><F47/><W83/><REACH who="3" step="1"/><G99/><REACH who="3" ten="250,250,250,240" step="2"/><T59/><D127/><U43/><E73/><V90/><F102/><AGARI ba="0,1" hai="22,26,31,68,69,70,81,82,83,84,86,93,96,102" machi="102" ten="50,6400,0" yaku="1,1,2,1,53,1" doraHai="130" doraHaiUra="17" who="3" fromWho="2" sc="250,0,250,0,250,-64,240,74" /><INIT seed="1,0,0,3,5,127" ten="250,250,186,314" oya="1" hai0="99,34,6,18,31,81,29,84,23,67,115,53,54" hai1="87,117,4,133,0,130,14,7,72,3,25,51,95" hai2="33,8,74,61,112,73,86,10,11,24,104,111,109" hai3="43,90,16,125,2,96,13,64,36,113,59,91,49"/><U77/><E72/><N who="2" m="27755" /><F104/><W27/><G2/><T93/><D115/><U42/><E117/><V114/><F86/><W20/><G113/><N who="2" m="43625" /><F61/><N who="3" m="37951" /><G36/><T122/><D67/><U15/><E133/><V119/><F24/><W75/><G125/><T100/><D6/><U48/><E25/><V105/><F105/><W9/><G75/><T108/><D108/><N who="2" m="41546" /><F33/><W128/><G96/><T120/><D120/><U134/><E134/><V66/><F66/><W17/><G128/><T28/><D34/><U88/><E130/><V70/><F70/><W46/><AGARI ba="0,0" hai="9,13,16,17,20,27,43,46,49,90,91" m="37951" machi="46" ten="30,2000,0" yaku="8,1,54,1" doraHai="127" who="3" fromWho="3" sc="250,-5,250,-10,186,-5,314,20" /><INIT seed="2,0,0,5,1,68" ten="245,240,181,334" oya="2" hai0="127,7,1,85,114,100,113,2,104,26,44,131,77" hai1="37,116,99,108,59,15,128,70,79,27,36,130,71" hai2="11,51,117,112,92,103,95,115,94,62,87,21,24" hai3="122,107,98,82,102,61,41,48,69,63,43,35,31"/><V91/><F117/><W73/><G122/><T6/><D104/><U20/><E116/><V58/><F51/><W105/><G105/><T110/><D100/><U75/><E15/><V50/><F50/><W123/><G123/><T132/><D44/><U97/><E79/><V5/><F103/><W93/><G93/><T23/><D85/><U28/><E75/><V33/><F33/><W25/><G63/><T53/><D53/><U47/><E59/><V80/><F5/><N who="0" m="1546" /><D77/><U34/><E34/><V16/><REACH who="2" step="1"/><F11/><REACH who="2" ten="245,240,171,334" step="2"/><W19/><G48/><T29/><D114/><U12/><E108/><V74/><F74/><W22/><G73/><T49/><D113/><U39/><E47/><V124/><F124/><W106/><G106/><T67/><D49/><U120/><E120/><V4/><F4/><W89/><G107/><T13/><D110/><U45/><E45/><V88/><F88/><W40/><G102/><T135/><D127/><U81/><E128/><V38/><F38/><W76/><G89/><T14/><D131/><U54/><E130/><V109/><F109/><W55/><G35/><T90/><D90/><U121/><E121/><V125/><F125/><W129/><G129/><T10/><D10/><U111/><E111/><V86/><F86/><W46/><G46/><T118/><D118/><U64/><E37/><V17/><F17/><W8/><G8/><T96/><D96/><U32/><E97/><V65/><AGARI ba="0,1" hai="16,21,24,58,62,65,80,87,91,92,94,95,112,115" machi="65" ten="30,11700,0" yaku="1,1,0,1,54,1,53,1" doraHai="68" doraHaiUra="83" who="2" fromWho="2" sc="245,-39,240,-39,171,127,334,-39" /><INIT seed="2,1,0,4,5,128" ten="206,201,298,295" oya="2" hai0="73,71,38,26,102,44,63,70,100,87,31,90,19" hai1="131,129,34,62,77,83,17,51,78,80,2,42,13" hai2="57,91,127,110,14,94,115,15,30,36,119,28,117" hai3="25,27,52,105,0,125,124,69,54,95,84,112,97"/><V18/><F115/><W32/><G112/><T1/><D73/><U56/><E2/><V88/><F36/><W79/><G0/><T33/><D1/><U99/><E34/><V68/><F68/><W76/><G69/><T4/><D4/><U65/><E99/><V101/><F127/><N who="3" m="48715" /><G105/><T37/><D70/><U11/><E83/><V116/><F110/><W109/><G109/><T130/><D130/><N who="1" m="49675" /><E80/><V111/><F111/><W98/><G98/><T61/><D71/><U22/><E11/><V122/><F122/><W107/><G107/><T10/><D102/><U86/><E86/><V81/><F57/><W74/><G84/><T55/><D100/><U20/><E22/><V47/><F47/><AGARI ba="1,0" hai="13,17,20,42,47,51,56,62,65,77,78" m="49675" machi="47" ten="30,1000,0" yaku="19,1" doraHai="128" who="1" fromWho="2" sc="206,0,201,13,298,-13,295,0" /><INIT seed="3,0,0,5,5,93" ten="206,214,285,295" oya="3" hai0="113,27,57,58,105,10,48,112,82,89,12,95,111" hai1="69,119,107,0,71,8,7,60,37,115,125,26,100" hai2="129,77,117,128,65,46,103,9,15,42,121,14,97" hai3="85,122,53,19,45,33,59,131,54,79,70,5,134"/><W11/><G122/><T38/><D105/><U88/><E115/><N who="0" m="44105" /><D38/><U74/><E125/><V67/><F117/><W31/><G70/><T78/><D27/><U102/><E119/><V56/><F77/><W98/><G131/><N who="2" m="50249" /><F121/><W84/><G134/><T61/><D48/><U124/><E124/><V68/><F68/><W63/><G33/><T99/><D61/><U36/><E88/><V6/><F56/><W44/><G31/><T86/><D111/><U2/><E26/><V126/><F15/><N who="3" m="7679" /><G5/><AGARI ba="0,0" hai="5,10,12,57,58,78,82,86,89,95,99" m="44105" machi="5" ten="30,2000,0" yaku="11,1,52,1" doraHai="93" who="0" fromWho="3" sc="206,20,214,0,285,0,295,-20" /><INIT seed="4,0,0,4,3,53" ten="226,214,285,275" oya="0" hai0="15,86,40,130,28,76,121,47,32,102,84,118,42" hai1="111,107,113,58,10,31,129,108,8,4,34,126,120" hai2="19,2,69,71,52,100,23,14,62,17,114,122,11" hai3="128,21,89,94,70,55,104,132,54,50,6,49,51"/><T99/><D118/><U1/><E107/><V87/><F122/><W65/><G104/><T109/><D121/><U46/><E120/><V101/><F114/><W56/><G132/><T112/><D112/><U66/><E113/><V64/><F71/><W44/><G128/><T133/><D130/><U43/><E129/><V39/><F39/><W92/><G6/><T78/><D133/><U96/><E96/><V45/><F87/><N who="0" m="33322" /><D32/><U124/><E66/><V41/><F2/><W67/><G70/><T80/><D80/><U123/><E58/><N who="2" m="36951" /><F41/><N who="0" m="15978" /><D109/><N who="1" m="42059" /><E10/><V18/><F69/><W68/><G68/><T3/><D3/><U134/><E123/><V131/><F131/><W91/><G51/><T125/><D125/><N who="1" m="48235" /><E134/><V27/><F18/><W117/><G117/><T79/><D28/><U127/><N who="1" m="48243" /><U25/><DORA hai="135" /><E43/><V95/><F95/><W61/><G67/><T74/><D74/><U9/><E8/><V97/><F97/><W35/><G65/><T115/><D115/><U5/><E46/><V90/><F90/><W75/><G89/><T83/><D83/><U57/><E57/><V0/><F0/><W72/><G91/><T105/><D47/><U110/><N who="1" m="42067" /><U63/><DORA hai="12" /><E63/><V36/><F36/><W20/><G61/><T60/><D60/><U33/><E5/><V106/><F106/><W48/><G48/><AGARI ba="0,0" hai="11,14,17,19,23,27,45,48,52,100,101" m="36951" machi="48" ten="30,8000,1" yaku="8,1,52,3,54,1" doraHai="53,135,12" who="2" fromWho="3" sc="226,0,214,0,285,80,275,-80" owari="226,2.6,214,-18.6,365,46.5,195,-30.5" /></mjloggm>