<mjloggm ver="2.3"><GO type="225" lobby="0"/><UN n0="%72%69%6F%75%63%68%61%6E" n1="%73%6C%69%63%6B%33%31%39" n2="%E8%A8%88%E7%AE%97%E6%A9%9F%E8%87%AA%E7%84%B6" n3="%E3%81%82%E3%82%93%E3%81%AA%E3%81%A4" dan="17,16,17,16" rate="2274.81,2197.09,2215.68,2132.88" sx="M,M,M,M"/><TAIKYOKU oya="0"/><INIT seed="0,0,0,4,1,66" ten="250,250,250,250" oya="0" hai0="12,80,130,62,32,100,133,115,36,33,17,21,63" hai1="76,101,3,132,30,61,69,55,16,54,103,50,10" hai2="42,15,74,51,18,105,87,118,43,67,82,26,111" hai3="57,99,41,123,90,1,19,8,79,88,127,11,97"/><T64/><D115/><U102/><E132/><V31/><F105/><W9/><G1/><T68/><D130/><U89/><E30/><V92/><F111/><W40/><G127/><T117/><D117/><U83/><E89/><N who="3" m="34410" /><G123/><T129/><D129/><U48/><E3/><V5/><F74/><W14/><G79/><T72/><D133/><U98/><E98/><N who="3" m="37386" /><G57/><T24/><D36/><U29/><E29/><V37/><F37/><W60/><G60/><T49/><D100/><U85/><E69/><V75/><F75/><W45/><G45/><T2/><D2/><U95/><E95/><V70/><F92/><W77/><G77/><T81/><D62/><U59/><REACH who="1" step="1"/><E55/><REACH who="1" ten="250,240,250,250" step="2"/><V93/><F93/><W119/><G119/><T91/><D91/><U34/><E34/><V108/><F118/><W52/><G52/><T131/><D131/><U0/><E0/><V122/><F70/><W128/><G128/><T116/><D116/><U135/><E135/><V56/><F67/><W13/><G19/><T4/><D32/><U94/><E94/><V84/><F18/><W6/><G6/><T71/><D71/><U120/><E120/><V112/><F5/><W134/><G134/><T20/><D33/><U78/><E78/><V107/><F122/><W53/><G53/><T25/><D4/><U22/><E22/><V106/><F31/><W28/><G28/><T109/><D21/><U104/><E104/><V46/><F106/><W35/><G35/><T113/><D20/><U39/><E39/><V114/><F107/><W96/><G96/><T58/><D68/><U47/><E47/><RYUUKYOKU ba="0,1" sc="250,-15,240,15,250,-15,250,15" hai1="10,16,48,50,54,59,61,76,83,85,101,102,103" hai3="8,9,11,13,14,40,41" /><INIT seed="1,1,1,5,0,67" ten="235,255,235,265" oya="1" hai0="127,33,18,74,57,130,47,71,78,0,56,75,129" hai1="38,105,8,50,106,90,126,25,46,92,45,62,119" hai2="44,134,31,3,91,32,115,12,64,116,40,98,58" hai3="30,52,70,86,16,49,87,20,39,36,97,14,34"/><U125/><E119/><V100/><F3/><W108/><G108/><T79/><D33/><U109/><E109/><V121/><F116/><W123/><G123/><T63/><D0/><U4/><E25/><V111/><F111/><W69/><G39/><T93/><D127/><N who="1" m="48651" /><E38/><V60/><F121/><W117/><G36/><T59/><D47/><N who="1" m="17931" /><E50/><V19/><F134/><W41/><G41/><T6/><D6/><U88/><E62/><V120/><F120/><W82/><G97/><T114/><D114/><U99/><E90/><V27/><F91/><W132/><G132/><T15/><D93/><U23/><E23/><V48/><F115/><W77/><G117/><T11/><D78/><U29/><E29/><V1/><F1/><AGARI ba="1,1" hai="1,4,8,88,92,99,105,106" m="17931,48651" machi="1" ten="30,2900,0" yaku="18,1,54,1" doraHai="67" who="1" fromWho="2" sc="235,0,255,42,235,-32,265,0" /><INIT seed="1,2,0,4,3,62" ten="235,297,203,265" oya="1" hai0="40,52,117,123,57,86,34,8,81,50,30,115,6" hai1="71,7,15,122,93,1,33,85,135,28,65,39,24" hai2="56,16,129,3,131,41,69,116,104,125,12,97,91" hai3="126,47,46,99,106,18,63,17,92,102,76,113,75"/><U130/><E122/><V38/><F69/><W80/><G113/><T132/><D132/><U127/><E39/><V61/><F116/><W77/><G126/><T66/><D115/><U128/><E1/><V68/><F68/><W5/><G77/><T134/><D134/><U67/><E135/><V21/><F3/><W74/><G74/><T55/><D117/><U114/><E114/><V98/><F125/><W43/><G5/><T133/><D133/><U48/><E71/><V121/><F121/><W35/><G35/><T51/><D123/><U23/><E127/><V14/><F14/><W111/><G47/><T60/><D30/><U79/><E48/><N who="0" m="18473" /><D34/><U100/><E100/><V53/><F91/><W78/><G78/><N who="0" m="46391" /><D40/><U101/><E101/><V27/><F27/><W44/><G44/><T64/><D55/><U105/><E105/><V36/><F104/><W58/><G106/><T120/><D120/><U54/><E54/><V94/><F41/><W45/><G45/><T107/><D107/><U26/><E26/><V118/><F118/><W72/><G72/><T88/><D88/><N who="1" m="53391" /><E79/><V119/><F119/><W84/><G75/><T49/><N who="0" m="18481" /><T11/><DORA hai="70" /><D11/><N who="1" m="4607" /><E33/><V73/><F73/><W25/><G76/><T110/><D110/><U37/><E37/><N who="2" m="14443" /><F94/><W29/><G92/><T103/><D103/><U89/><E89/><V22/><F22/><W87/><G102/><T20/><D20/><U108/><E108/><V109/><F109/><W4/><G111/><T31/><D31/><U124/><E124/><V83/><F83/><W9/><G80/><T95/><D95/><RYUUKYOKU ba="2,0" sc="235,10,297,10,203,10,265,-30" hai0="6,8,52,57,60,64,66" hai1="23,24,28,65,67,128,130" hai2="12,16,21,53,56,61,97,98,129,131" /><INIT seed="1,3,0,2,0,84" ten="245,307,213,235" oya="1" hai0="116,55,6,51,109,0,100,115,56,98,32,35,97" hai1="1,93,124,49,50,28,40,21,66,29,10,75,99" hai2="104,78,59,113,69,76,63,131,71,57,125,111,121" hai3="108,88,105,67,30,24,102,42,118,53,46,129,54"/><U13/><E75/><V119/><F104/><W17/><G108/><T20/><D109/><U38/><E1/><V2/><F111/><W85/><G129/><T80/><D115/><U86/><E124/><V94/><F119/><W81/><G118/><T3/><D116/><U4/><E38/><V31/><F121/><W36/><G67/><T132/><D132/><U65/><E86/><V128/><F2/><W60/><G60/><T117/><D117/><U110/><E110/><V127/><F31/><N who="1" m="11849" /><E21/><V126/><F94/><W8/><G102/><T74/><D98/><U37/><E37/><V19/><F19/><W70/><G70/><N who="2" m="26633" /><F113/><W83/><G105/><T15/><D0/><U90/><E49/><V79/><F63/><W5/><G83/><T106/><D3/><U92/><E93/><V43/><F43/><W48/><G36/><T12/><D20/><U47/><AGARI ba="3,0" hai="4,10,13,40,47,50,65,66,90,92,99" m="11849" machi="47" ten="30,3000,0" yaku="8,1,52,1" doraHai="84" who="1" fromWho="1" sc="245,-13,307,39,213,-13,235,-13" /><INIT seed="1,4,0,4,1,104" ten="232,346,200,222" oya="1" hai0="127,7,110,68,135,126,87,63,58,55,131,64,56" hai1="70,65,89,79,109,61,71,121,28,4,41,62,132" hai2="25,9,119,46,30,29,15,129,66,102,124,51,34" hai3="39,3,107,105,134,98,91,2,108,49,73,74,60"/><U88/><E121/><V97/><F129/><W86/><G108/><T33/><D33/><U77/><E41/><V112/><F124/><N who="0" m="47658" /><D7/><U26/><E4/><V130/><F130/><W72/><G134/><T75/><D131/><U125/><E125/><V123/><F112/><W47/><G39/><T20/><D110/><U1/><E1/><V32/><F119/><W120/><G60/><T94/><D135/><U10/><E10/><V81/><F66/><W19/><G19/><T0/><D0/><U35/><E109/><V48/><F123/><W38/><G38/><T16/><D75/><U17/><E17/><V40/><F81/><W83/><G107/><T69/><D87/><U36/><E36/><V93/><F48/><W118/><G118/><T14/><D94/><U21/><E35/><V96/><F96/><W122/><G122/><T50/><AGARI ba="4,0" hai="14,16,20,50,55,56,58,63,64,68,69" m="47658" machi="50" ten="30,2000,0" yaku="18,1,54,1" doraHai="104" who="0" fromWho="0" sc="232,32,346,-14,200,-9,222,-9" /><INIT seed="2,0,0,2,3,69" ten="264,332,191,213" oya="2" hai0="28,55,89,57,110,16,59,77,92,36,25,22,106" hai1="30,35,87,40,37,129,64,45,21,78,101,58,5" hai2="43,85,79,0,103,50,123,7,74,133,56,14,4" hai3="82,112,54,10,88,108,23,119,33,72,132,130,2"/><V66/><F123/><W44/><G119/><T86/><D110/><U26/><E129/><V124/><F124/><W39/><G33/><T98/><D36/><U15/><E101/><V104/><F133/><W8/><G108/><T1/><D1/><U135/><E135/><V31/><F74/><W3/><G132/><T9/><D106/><U62/><E78/><V29/><F0/><W95/><G130/><T127/><D127/><U100/><E100/><V52/><F104/><W117/><G117/><T68/><D68/><U73/><E87/><V61/><F43/><W24/><G112/><T70/><D70/><U118/><E73/><V99/><F79/><W131/><G131/><T51/><D57/><U128/><E128/><V80/><F99/><W48/><G39/><T116/><D116/><U32/><REACH who="1" step="1"/><E118/><REACH who="1" ten="264,322,191,213" step="2"/><V125/><F103/><W109/><G109/><T111/><D111/><U76/><E76/><N who="2" m="46215" /><F125/><W134/><G134/><T94/><D77/><U105/><E105/><V63/><F4/><W115/><G72/><T11/><REACH who="0" step="1"/><D28/><REACH who="0" ten="254,322,191,213" step="2"/><N who="2" m="10826" /><F66/><W38/><G115/><T42/><D42/><U122/><E122/><V53/><F53/><W41/><G54/><T65/><D65/><U47/><E47/><V96/><F96/><W12/><G44/><T91/><AGARI ba="0,2" hai="9,11,16,22,25,51,55,59,86,89,91,92,94,98" machi="91" ten="20,12000,2" yaku="1,1,0,1,7,1,8,1,54,1,53,1" doraHai="69" doraHaiUra="46" who="0" fromWho="0" sc="254,140,322,-30,191,-60,213,-30" /><INIT seed="3,0,0,1,0,89" ten="394,292,131,183" oya="3" hai0="55,112,28,12,62,11,71,101,57,42,109,23,103" hai1="91,108,134,59,20,5,96,110,10,127,39,56,14" hai2="131,113,44,46,116,31,15,65,105,126,133,74,40" hai3="68,52,61,93,22,117,115,123,7,35,27,60,51"/><W77/><G115/><T18/><D112/><U49/><E39/><V25/><F113/><W86/><G117/><T26/><D109/><N who="1" m="42091" /><E134/><V67/><F116/><W79/><G35/><T16/><D71/><U111/><E111/><V9/><F105/><W87/><G7/><N who="0" m="3199" /><D42/><U82/><E127/><V1/><F133/><W29/><G87/><T107/><D107/><U58/><E20/><V94/><F131/><W119/><G51/><T88/><D88/><U130/><E130/><V81/><F126/><W129/><G52/><T63/><D62/><U45/><E96/><V73/><F1/><W66/><G22/><N who="0" m="13639" /><D28/><U64/><E91/><V69/><F69/><W120/><G61/><T132/><D132/><U3/><E14/><AGARI ba="0,0" hai="14,18,23,55,57,63,101,103" m="13639,3199" machi="14" ten="30,2000,0" yaku="8,1,54,1" doraHai="89" who="0" fromWho="1" sc="394,20,292,-20,131,0,183,0" owari="414,51.4,272,7.2,131,-36.9,183,-21.7" /></mjloggm>