<mjloggm ver="2.3"><GO type="225" lobby="0"/><UN n0="%E3%82%8C%E3%81%99%E3%81%93" n1="%E7%B4%94%E6%BD%94%E3%83%94%E3%83%A9%E3%83%8B%E3%82%A2" n2="%E6%98%93%E5%88%A9%E8%96%A9%E4%BC%AF" n3="%72%69%6F%75%63%68%61%6E" dan="17,17,16,16" rate="2253.60,2206.21,2141.67,2213.54" sx="F,M,F,M"/><TAIKYOKU oya="0"/><INIT seed="0,0,0,1,0,70" ten="250,250,250,250" oya="0" hai0="26,108,87,109,40,32,121,20,72,6,68,84,36" hai1="106,88,60,122,97,76,10,59,61,73,33,85,132" hai2="110,94,65,29,54,31,45,127,15,47,39,112,52" hai3="48,22,41,14,50,79,98,89,92,78,17,81,90"/><T25/><D121/><U67/><E33/><V43/><F112/><W63/><G78/><T62/><D72/><U116/><E122/><V46/><F110/><N who="0" m="42602" /><D32/><U99/><E132/><V44/><F127/><W100/><G63/><T114/><D114/><U38/><E116/><V113/><F113/><W103/><G90/><T18/><D6/><U130/><E130/><V49/><F65/><W64/><G64/><N who="0" m="40983" /><D26/><U115/><E73/><V58/><F94/><W19/><G19/><T1/><D1/><U134/><E106/><V107/><F107/><W42/><G48/><T28/><D28/><U128/><E60/><V57/><REACH who="2" step="1"/><F15/><REACH who="2" ten="250,250,240,250" step="2"/><W83/><G83/><T101/><D101/><U91/><E115/><V135/><F135/><W12/><G14/><T24/><D24/><U96/><E134/><V13/><F13/><W16/><G17/><T56/><D56/><U51/><E128/><V30/><F30/><W35/><G103/><T131/><D131/><U66/><E59/><V9/><F9/><W0/><G0/><T80/><D80/><U105/><E10/><V71/><F71/><W74/><G100/><T102/><D102/><U23/><E105/><V82/><F82/><W53/><REACH who="3" step="1"/><G35/><REACH who="3" ten="250,250,240,240" step="2"/><T11/><D11/><U75/><E67/><V93/><F93/><W117/><G117/><T118/><D118/><U133/><E66/><V21/><F21/><W125/><G125/><T111/><N who="0" m="42610" /><T124/><DORA hai="126" /><D124/><U7/><E23/><V5/><F5/><W77/><G77/><T3/><D3/><U8/><E133/><V55/><F55/><W123/><G123/><RYUUKYOKU ba="0,2" sc="250,10,250,-30,240,10,240,10" hai0="18,20,25,36,40,84,87" hai2="29,31,39,43,44,45,46,47,49,52,54,57,58" hai3="12,16,22,41,42,50,53,74,79,81,89,92,98" /><INIT seed="0,1,2,3,5,98" ten="260,220,250,250" oya="0" hai0="81,104,58,41,17,16,83,44,5,36,135,97,2" hai1="50,22,107,106,23,27,121,26,123,130,42,75,6" hai2="76,62,71,79,122,38,34,68,82,86,103,61,93" hai3="33,110,120,21,55,131,29,47,102,31,51,129,49"/><T12/><D135/><U48/><E75/><V60/><F38/><W88/><G110/><T64/><D2/><U56/><E56/><V94/><F122/><W39/><G120/><T8/><D64/><U134/><E42/><V74/><F34/><W46/><G39/><T43/><D43/><U35/><E35/><V133/><F133/><W25/><G102/><T84/><D58/><U101/><E134/><V10/><F74/><W119/><G119/><T14/><D83/><U53/><E53/><V91/><F10/><W57/><G88/><T89/><REACH who="0" step="1"/><D14/><REACH who="0" ten="250,220,250,250" step="2"/><U109/><E109/><V118/><F118/><W78/><G57/><T1/><D1/><U18/><E123/><V99/><REACH who="2" step="1"/><F82/><REACH who="2" ten="250,220,240,250" step="2"/><W105/><G131/><T32/><D32/><U90/><E121/><V80/><F80/><W11/><G129/><T37/><D37/><U9/><E130/><V40/><F40/><W116/><G116/><T52/><D52/><U124/><E124/><V114/><F114/><W65/><G55/><T125/><D125/><U115/><E115/><V126/><F126/><W112/><G112/><T73/><D73/><U87/><E9/><V100/><F100/><AGARI ba="1,4" hai="5,8,12,16,17,36,41,44,81,84,89,97,100,104" machi="100" ten="40,7700,0" yaku="1,1,52,1,54,1,53,0" doraHai="98" doraHaiUra="67" who="0" fromWho="2" sc="250,120,220,0,240,-80,250,0" /><INIT seed="0,2,0,2,3,94" ten="370,220,160,250" oya="0" hai0="113,122,22,105,104,7,72,87,56,58,13,44,70" hai1="37,49,83,135,14,125,117,55,28,38,78,43,93" hai2="61,15,132,76,30,35,88,5,64,66,17,74,115" hai3="42,86,119,24,3,20,91,36,52,103,23,68,98"/><T9/><D72/><U112/><E117/><V62/><F115/><W123/><G119/><T2/><D113/><U48/><E125/><V129/><F129/><W6/><G68/><T89/><D70/><U53/><E135/><V0/><F132/><W81/><G123/><T10/><D122/><U111/><E111/><V45/><F74/><W110/><G110/><T57/><D22/><U107/><E107/><V127/><F76/><W84/><G36/><T92/><REACH who="0" step="1"/><D44/><REACH who="0" ten="360,220,160,250" step="2"/><U29/><E112/><V54/><F127/><W67/><G20/><T106/><D106/><U114/><E114/><V101/><F35/><W120/><G23/><T27/><D27/><U60/><E28/><V85/><F45/><W134/><G24/><T19/><AGARI ba="2,1" hai="2,7,9,10,13,19,56,57,58,87,89,92,104,105" machi="19" ten="30,3000,0" yaku="1,1,0,1,53,0" doraHai="94" doraHaiUra="126" who="0" fromWho="0" sc="360,46,220,-12,160,-12,250,-12" /><INIT seed="0,3,0,0,2,55" ten="406,208,148,238" oya="0" hai0="128,3,9,32,79,41,124,125,15,131,109,86,91" hai1="112,97,28,38,123,1,43,74,65,110,104,22,30" hai2="73,115,94,83,50,47,111,20,18,120,48,54,12" hai3="29,67,121,31,98,34,60,8,45,24,129,10,35"/><T82/><D32/><U76/><E28/><V92/><F115/><W7/><G129/><N who="0" m="49739" /><D41/><U126/><E30/><V14/><F120/><W93/><G121/><T135/><D3/><U46/><E22/><V99/><F111/><W130/><G130/><T77/><D109/><U116/><E97/><V101/><F73/><W85/><G85/><T89/><D135/><U122/><E76/><N who="0" m="29257" /><D91/><U117/><E74/><V11/><F92/><W72/><G72/><T84/><D84/><U87/><E87/><V6/><REACH who="2" step="1"/><F50/><REACH who="2" ten="406,208,138,238" step="2"/><W105/><G93/><T80/><D80/><AGARI ba="3,1" hai="6,11,12,14,18,20,47,48,54,80,83,94,99,101" machi="80" ten="40,5200,0" yaku="1,1,2,1,8,1,53,0" doraHai="55" doraHaiUra="81" who="2" fromWho="0" sc="406,-61,208,0,138,71,238,0" /><INIT seed="1,0,0,4,1,36" ten="345,208,209,238" oya="1" hai0="131,48,126,128,49,23,7,8,25,68,29,130,54" hai1="104,51,10,59,33,78,39,102,111,123,95,80,67" hai2="58,34,20,22,84,129,41,60,12,79,17,13,24" hai3="61,62,50,14,105,42,72,32,21,82,73,43,121"/><U114/><E114/><V91/><F129/><W124/><G121/><T127/><D68/><U40/><E123/><V45/><F34/><W75/><G32/><T71/><D71/><U125/><E33/><V98/><F79/><W119/><G105/><T26/><D26/><U15/><E125/><N who="0" m="47625" /><D54/><U87/><E104/><V37/><F22/><W77/><G124/><T118/><D118/><U0/><E0/><AGARI ba="0,0" hai="0,7,8,23,25,29,48,49,128,130,131" m="47625" machi="0" ten="40,2600,0" yaku="19,1,18,1" doraHai="36" who="0" fromWho="1" sc="345,26,208,-26,209,0,238,0" /><INIT seed="2,0,0,1,0,39" ten="371,182,209,238" oya="2" hai0="69,68,49,50,41,132,81,56,129,38,115,89,79" hai1="124,76,131,62,5,135,52,59,104,78,71,34,40" hai2="53,10,12,88,45,44,122,92,32,42,31,126,3" hai3="51,97,25,1,113,23,100,29,107,102,19,128,112"/><V57/><F122/><W95/><G128/><T54/><D115/><N who="3" m="44105" /><G1/><T47/><D132/><U106/><E135/><V22/><F32/><N who="3" m="20527" /><G51/><T35/><D35/><U48/><E34/><V91/><F3/><W24/><G100/><T72/><D129/><U120/><E120/><V73/><F73/><W66/><G66/><T96/><D96/><U119/><E119/><V13/><F45/><W30/><G19/><T15/><D89/><U99/><E5/><V4/><F126/><W65/><G65/><T85/><D72/><U67/><E124/><V87/><F91/><W83/><G83/><T80/><D80/><U101/><E106/><AGARI ba="0,0" hai="23,24,30,95,97,102,106,107" m="20527,44105" machi="106" ten="30,1000,0" yaku="11,1" doraHai="39" who="3" fromWho="1" sc="371,0,182,-10,209,0,238,10" /><INIT seed="3,0,0,5,1,96" ten="371,172,209,248" oya="3" hai0="85,49,27,91,101,20,70,89,31,71,63,52,40" hai1="26,8,41,102,84,87,7,5,120,77,17,95,12" hai2="11,125,56,58,112,72,127,16,47,35,73,32,126" hai3="98,99,69,51,115,67,38,54,78,97,33,29,28"/><W9/><G115/><T100/><D40/><U92/><E120/><V22/><F11/><W0/><G38/><T48/><D71/><U123/><E123/><V13/><F47/><W90/><G33/><N who="2" m="12873" /><F112/><W23/><G78/><T36/><D36/><U3/><E3/><V79/><F79/><W25/><G69/><T94/><D49/><U128/><E128/><V21/><F21/><W129/><G129/><T93/><D63/><U37/><E37/><V45/><F45/><W44/><G67/><T111/><D111/><U50/><E26/><V1/><F1/><W66/><G66/><T103/><D70/><U62/><E62/><V30/><F30/><W60/><G60/><T39/><D39/><U14/><E84/><V59/><AGARI ba="0,0" hai="13,16,22,56,58,59,72,73,125,126,127" m="12873" machi="59" ten="40,2700,0" yaku="18,1,54,1" doraHai="96" who="2" fromWho="2" sc="371,-7,172,-7,209,27,248,-13" owari="364,46.4,165,-33.5,236,3.6,235,-16.5" /></mjloggm>