<mjloggm ver="2.3"><GO type="225" lobby="0"/><UN n0="%E6%B0%B4%E6%A8%B9%E5%A5%88%E5%A5%88" n1="%E3%81%95%E3%81%8D%E3%81%9F%E3%81%BE%E6%9E%97%E6%AA%8E" n2="%72%61%6B%33" n3="%E9%B3%B3%E6%9D%B1%E3%81%AE%E3%81%86%E3%81%95%E3%81%8E%E3%81%95%E3%82%93" dan="16,16,16,16" rate="2033.31,2139.24,2170.92,2117.67" sx="F,M,M,M"/><TAIKYOKU oya="0"/><INIT seed="0,0,0,1,5,113" ten="250,250,250,250" oya="0" hai0="82,86,44,23,16,91,85,22,124,63,108,130,116" hai1="49,72,61,17,95,110,31,36,55,90,125,122,73" hai2="83,133,15,129,77,46,97,70,76,64,28,115,19" hai3="56,134,43,21,69,51,48,119,41,106,80,60,47"/><T96/><D116/><U39/><E110/><V74/><F115/><W52/><G106/><T57/><D108/><U112/><E112/><V40/><F129/><W135/><G80/><T29/><D130/><U101/><E101/><V131/><F131/><W34/><G34/><T111/><D111/><U20/><E122/><V50/><F133/><N who="3" m="50699" /><G21/><T12/><D124/><U120/><E120/><V25/><F77/><W78/><G78/><T6/><D6/><U104/><E104/><V87/><F97/><W7/><G7/><T5/><D5/><U79/><E31/><V2/><F2/><W105/><G105/><T1/><D1/><U84/><E125/><V13/><F74/><W37/><G119/><T42/><D96/><U3/><E61/><V94/><F94/><W18/><G18/><T62/><D85/><U65/><E65/><V75/><F75/><W33/><G33/><T38/><REACH who="0" step="1"/><D57/><REACH who="0" ten="240,250,250,250" step="2"/><N who="1" m="33007" /><E3/><V89/><F87/><W53/><G69/><T68/><D68/><U45/><E73/><V114/><F70/><W128/><G128/><T118/><D118/><U27/><E72/><V54/><F114/><W103/><G103/><T107/><D107/><U4/><E4/><V98/><F98/><W71/><G37/><T26/><AGARI ba="0,1" hai="12,16,22,23,26,29,38,42,44,62,63,82,86,91" machi="26" ten="30,6000,0" yaku="1,1,0,1,54,1,53,0" doraHai="113" doraHaiUra="99" who="0" fromWho="0" sc="240,70,250,-20,250,-20,250,-20" /><INIT seed="0,1,0,5,0,120" ten="310,230,230,230" oya="0" hai0="122,15,39,72,9,35,106,62,113,13,134,49,117" hai1="77,98,43,86,90,33,112,115,60,24,84,54,99" hai2="23,116,94,107,88,125,70,57,100,126,128,65,121" hai3="81,17,109,3,53,40,45,36,64,6,75,91,34"/><T67/><D113/><N who="1" m="43595" /><E43/><V58/><F121/><W32/><G17/><T85/><D122/><U92/><E54/><V108/><F128/><W83/><G53/><T131/><D117/><U21/><E33/><V95/><F116/><W129/><G129/><T93/><D39/><U56/><E84/><V66/><F107/><W8/><G109/><T28/><D131/><U10/><E10/><V73/><F23/><W133/><G133/><T59/><D72/><U79/><E99/><N who="2" m="59511" /><F73/><W52/><G64/><N who="2" m="24681" /><F70/><W78/><G83/><T89/><D134/><U44/><E86/><N who="2" m="52631" /><F108/><W96/><G91/><T16/><D106/><U20/><E20/><V118/><F118/><W4/><G96/><T41/><D35/><U46/><E79/><V101/><F101/><W130/><G130/><T97/><D97/><U38/><E77/><V103/><F103/><W55/><G32/><T18/><D28/><N who="1" m="17423" /><E38/><V114/><F114/><W0/><G34/><T22/><D41/><U68/><E68/><V135/><F135/><W111/><G111/><T25/><D25/><U80/><E80/><V31/><F31/><W74/><G74/><T47/><D13/><U119/><E119/><V1/><F1/><W69/><G69/><T124/><D124/><AGARI ba="1,0" hai="57,58,124,125,126" m="52631,24681,59511" machi="124" ten="30,2000,0" yaku="18,1,54,1" doraHai="120" who="2" fromWho="0" sc="310,-23,230,0,230,23,230,0" /><INIT seed="1,0,0,1,4,20" ten="287,230,253,230" oya="1" hai0="7,127,93,24,0,78,19,109,34,73,91,100,126" hai1="60,46,11,58,130,43,83,38,50,14,66,53,30" hai2="64,55,97,47,2,23,96,63,115,135,1,21,65" hai3="128,70,26,112,110,132,69,89,87,75,57,120,105"/><U102/><E130/><V121/><F47/><W79/><G120/><T86/><D109/><U29/><E102/><V41/><F41/><W25/><G112/><T33/><D0/><U17/><REACH who="1" step="1"/><E83/><REACH who="1" ten="287,220,253,230" step="2"/><V122/><F115/><W5/><G128/><T3/><D100/><U74/><E74/><V27/><F135/><W101/><G132/><T68/><D73/><U129/><E129/><V16/><F121/><W48/><G101/><T42/><D126/><U8/><E8/><V40/><F122/><W81/><G75/><T90/><D127/><U18/><E18/><V61/><F16/><W111/><G81/><T35/><D19/><U82/><E82/><V98/><F1/><W31/><G111/><T107/><D3/><U51/><E51/><V94/><F2/><W62/><G48/><T114/><D114/><U44/><AGARI ba="0,1" hai="11,14,17,29,30,38,43,44,46,50,53,58,60,66" machi="44" ten="20,3900,0" yaku="1,1,0,1,7,1,53,0" doraHai="20" doraHaiUra="28" who="1" fromWho="1" sc="287,-13,220,49,253,-13,230,-13" /><INIT seed="1,1,0,2,4,68" ten="274,269,240,217" oya="1" hai0="29,5,58,21,33,49,69,12,77,28,75,126,105" hai1="97,44,18,112,15,17,100,93,85,4,52,98,119" hai2="120,67,86,37,54,23,72,96,134,84,90,60,36" hai3="82,104,0,25,110,109,11,63,80,48,83,6,3"/><U30/><E112/><V111/><F120/><W34/><G104/><T92/><D105/><U124/><E124/><V40/><F72/><W19/><G48/><T57/><D69/><U47/><E119/><V135/><F111/><N who="3" m="42507" /><G63/><T56/><D33/><U131/><E131/><V20/><F54/><W78/><G0/><T132/><D75/><U1/><E1/><V125/><F96/><W121/><G121/><T24/><D77/><U87/><E30/><V2/><F2/><W127/><G127/><T43/><D126/><U65/><E65/><V122/><F125/><W53/><G53/><T64/><D132/><N who="2" m="50730" /><F122/><W45/><G45/><N who="0" m="25791" /><D92/><N who="1" m="58407" /><E4/><V101/><F101/><W39/><G39/><N who="2" m="14921" /><F40/><W66/><G66/><T74/><D74/><U50/><E47/><V115/><F115/><W55/><G55/><T99/><D99/><U129/><E129/><V46/><F46/><W116/><G116/><T71/><D64/><U94/><E94/><N who="2" m="54599" /><F86/><N who="3" m="48407" /><G34/><T22/><D71/><AGARI ba="1,0" hai="20,23,60,67,71" m="54599,14921,50730" machi="71" ten="30,7700,0" yaku="20,1,52,3" doraHai="68" who="2" fromWho="0" sc="274,-80,269,0,240,80,217,0" /><INIT seed="2,0,0,4,2,1" ten="194,269,320,217" oya="2" hai0="98,69,88,117,116,43,114,71,8,110,118,9,106" hai1="16,85,40,54,22,130,119,49,12,29,53,95,14" hai2="3,87,80,91,66,84,23,120,34,19,132,61,31" hai3="38,128,123,74,20,101,113,17,73,72,93,48,99"/><V60/><F120/><W51/><G123/><T52/><D114/><U135/><E135/><V25/><F132/><W100/><G113/><T46/><D110/><U11/><E130/><V112/><F112/><W96/><G38/><T30/><D30/><U129/><E129/><V58/><F3/><W77/><G77/><T13/><D9/><U70/><E70/><V115/><F115/><W125/><G125/><T32/><D32/><U27/><E119/><V39/><F39/><W90/><G128/><T111/><D111/><U79/><E14/><V127/><F127/><W81/><G81/><T33/><D33/><U75/><E75/><V108/><F108/><W67/><G67/><T126/><D126/><U24/><E24/><V5/><F5/><W55/><G55/><T94/><D106/><U89/><E79/><V133/><F133/><W63/><G63/><T86/><D98/><U2/><E2/><V62/><F84/><W131/><G131/><T45/><D45/><AGARI ba="0,0" hai="11,12,16,22,27,29,40,45,49,53,54,85,89,95" machi="45" ten="40,2600,0" yaku="8,1,54,1" doraHai="1" who="1" fromWho="0" sc="194,-26,269,26,320,0,217,0" /><INIT seed="3,0,0,0,3,26" ten="168,295,320,217" oya="3" hai0="7,58,110,46,126,49,133,88,65,132,87,99,95" hai1="116,94,33,82,86,5,80,71,4,28,40,50,84" hai2="78,56,37,129,73,9,38,121,114,42,22,8,77" hai3="102,16,104,108,62,30,0,32,124,48,23,113,29"/><W41/><G113/><T60/><D110/><U57/><E116/><V112/><F22/><W66/><G32/><T106/><D126/><U31/><E33/><V103/><F56/><N who="3" m="37191" /><G0/><T131/><D131/><U100/><E71/><V2/><F2/><W12/><G104/><T72/><D72/><U91/><E100/><V130/><F103/><W3/><G3/><T36/><D36/><U34/><E34/><V98/><F73/><W89/><G102/><T111/><D111/><U97/><E97/><V76/><F98/><W52/><G124/><T109/><D7/><N who="1" m="2635" /><E80/><V15/><F121/><W45/><G108/><T19/><D109/><U117/><E117/><V55/><F55/><W107/><G107/><T35/><D35/><U122/><E122/><V27/><F42/><W51/><G89/><T92/><D106/><U18/><E18/><V125/><F125/><W63/><G63/><T118/><D118/><U74/><E74/><V20/><F77/><W24/><G24/><T11/><D11/><U53/><E40/><V25/><F15/><W67/><G67/><T101/><REACH who="0" step="1"/><D19/><REACH who="0" ten="158,295,320,217" step="2"/><U105/><E105/><V6/><F6/><W17/><G17/><T120/><D120/><U1/><E1/><V10/><F10/><W61/><G61/><T85/><D85/><U135/><E135/><V14/><F20/><W47/><AGARI ba="0,1" hai="12,16,23,29,30,41,45,47,48,51,52" m="37191" machi="47" ten="30,12000,1" yaku="8,1,52,2,54,2" doraHai="26" who="3" fromWho="3" sc="158,-40,295,-40,320,-40,217,130" owari="118,-38.2,255,-14.5,280,8.0,347,44.7" /></mjloggm>