<mjloggm ver="2.3"><GO type="225" lobby="0"/><UN n0="%6D%75%75%6D%75%72%61" n1="%73%6C%69%63%6B%33%31%39" n2="%E3%81%8F%E3%81%BE%E3%81%96%E3%82%8F" n3="%74%61%6B%75%61%6B%61" dan="17,16,16,16" rate="2189.58,2143.67,2053.34,2188.72" sx="F,M,M,M"/><TAIKYOKU oya="0"/><INIT seed="0,0,0,5,4,28" ten="250,250,250,250" oya="0" hai0="68,13,85,59,3,99,97,63,30,16,83,15,35" hai1="45,88,132,53,113,107,4,46,118,135,117,31,93" hai2="58,19,33,34,61,125,94,38,96,91,21,90,75" hai3="54,134,6,127,116,111,48,44,105,71,129,122,60"/><T42/><D68/><U17/><E107/><V11/><F125/><W29/><G6/><T76/><D3/><U98/><E4/><V81/><F38/><W108/><G29/><T10/><D42/><U36/><E113/><V9/><F11/><W18/><G18/><T1/><D1/><U32/><E17/><V124/><F9/><W126/><G105/><T102/><D15/><U0/><E0/><V131/><F131/><W37/><G116/><N who="1" m="44650" /><E53/><V26/><F124/><N who="3" m="47659" /><G129/><T80/><D80/><U24/><E36/><V95/><F81/><W112/><G112/><T115/><D115/><U79/><E79/><V69/><F75/><W119/><G119/><T106/><D99/><U8/><E8/><V67/><REACH who="2" step="1"/><F69/><REACH who="2" ten="250,250,240,250" step="2"/><W66/><G122/><T89/><D76/><U40/><E40/><V14/><F14/><W41/><G134/><AGARI ba="0,1" hai="24,31,32,45,46,88,93,98,132,134,135" m="44650" machi="134" ten="30,3900,0" yaku="20,1,52,1,54,1" doraHai="28" who="1" fromWho="3" sc="250,0,250,49,240,0,250,-39" /><INIT seed="1,0,0,4,4,34" ten="250,299,240,211" oya="1" hai0="6,132,50,61,109,122,67,80,103,64,99,21,111" hai1="131,75,129,74,57,126,60,58,19,31,100,86,95" hai2="56,15,91,45,130,62,14,22,49,104,66,25,39" hai3="52,78,119,90,33,114,107,5,70,20,46,10,112"/><U69/><E31/><V96/><F130/><N who="1" m="49673" /><E126/><V17/><F39/><W102/><G70/><T47/><D132/><U77/><E69/><V29/><F104/><W73/><G119/><T71/><D122/><U108/><E108/><V79/><F79/><W118/><G118/><T128/><D128/><U93/><E58/><V55/><F91/><W37/><G33/><T63/><D6/><U7/><E19/><V0/><F0/><N who="3" m="295" /><G20/><T88/><D21/><U113/><E7/><V105/><REACH who="2" step="1"/><F29/><REACH who="2" ten="250,299,230,211" step="2"/><W3/><G90/><T42/><D88/><N who="1" m="53399" /><E77/><V16/><F16/><W30/><G30/><T98/><D80/><U26/><E113/><V89/><F89/><W43/><G3/><T51/><D109/><U134/><E134/><V82/><F82/><N who="3" m="45391" /><G52/><T83/><D111/><U123/><E123/><V35/><F35/><W135/><G135/><T12/><D83/><U121/><E121/><V76/><F76/><W72/><G72/><T87/><D87/><U36/><E75/><V44/><F44/><W2/><G2/><T23/><D47/><U97/><E74/><V4/><F4/><W1/><G1/><T125/><D125/><U101/><E36/><V59/><F59/><W110/><G110/><T106/><D71/><U24/><E100/><AGARI ba="0,1" hai="14,15,17,22,25,45,49,55,56,62,66,96,100,105" machi="100" ten="40,1300,0" yaku="1,1,53,0" doraHai="34" doraHaiUra="133" who="2" fromWho="1" sc="250,0,299,-13,230,23,211,0" /><INIT seed="2,0,0,3,5,23" ten="250,286,253,211" oya="2" hai0="105,32,104,55,11,20,132,101,7,26,108,71,124" hai1="70,102,89,82,56,78,77,116,81,19,50,37,118" hai2="66,125,9,99,53,117,5,60,57,41,100,84,16" hai3="123,17,106,36,69,120,0,128,130,94,47,121,90"/><V93/><F117/><W110/><G0/><T1/><D108/><U29/><E37/><V40/><F125/><W68/><G17/><T13/><D124/><U59/><E70/><N who="3" m="27242" /><G94/><T22/><D132/><U49/><E19/><V92/><F66/><W76/><G90/><T38/><D71/><U31/><REACH who="1" step="1"/><E89/><REACH who="1" ten="250,276,253,211" step="2"/><N who="2" m="53287" /><F5/><W46/><G76/><T62/><D38/><U95/><E95/><V33/><F33/><W135/><G106/><T28/><D104/><U54/><E54/><V65/><F53/><W52/><G135/><T112/><D105/><U88/><E88/><V64/><F64/><W131/><G110/><T83/><D55/><U51/><E51/><V30/><F30/><W96/><G96/><T63/><D101/><AGARI ba="0,1" hai="29,31,49,50,56,59,77,78,81,82,101,102,116,118" machi="101" ten="25,3200,0" yaku="1,1,22,2,53,0" doraHai="23" doraHaiUra="21" who="1" fromWho="0" sc="250,-32,276,42,253,0,211,0" /><INIT seed="3,0,0,3,4,0" ten="218,318,253,211" oya="3" hai0="11,14,1,103,91,113,52,6,115,30,12,127,119" hai1="66,124,24,56,13,101,23,71,68,73,111,83,34" hai2="105,63,96,42,79,29,26,47,114,117,85,133,16" hai3="112,109,74,51,90,40,62,76,53,130,65,59,116"/><W38/><G116/><T97/><D119/><U33/><E101/><V4/><F117/><W21/><G112/><N who="0" m="43083" /><D127/><U100/><E100/><V87/><F114/><W10/><G130/><T17/><D30/><U126/><E13/><V37/><F4/><W134/><G134/><T32/><D32/><U61/><E111/><V67/><F79/><W75/><G109/><T27/><D91/><U5/><E5/><V125/><F125/><N who="1" m="48233" /><E83/><V70/><F16/><W99/><G10/><T2/><D27/><U54/><E73/><V31/><F31/><W57/><G76/><T123/><D123/><U121/><E121/><V58/><F133/><W86/><G99/><T50/><D14/><U7/><E7/><V77/><F77/><W43/><G21/><T98/><D103/><U102/><E102/><N who="2" m="62663" /><F58/><W69/><G57/><N who="0" m="32919" /><D2/><U108/><E108/><V36/><F26/><W82/><REACH who="3" step="1"/><G43/><REACH who="3" ten="218,318,253,201" step="2"/><T132/><D132/><U39/><E34/><V9/><F9/><AGARI ba="0,1" hai="1,6,9,11,12,17,97,98" m="32919,43083" machi="9" ten="30,3900,0" yaku="11,1,52,1,54,1" doraHai="0" who="0" fromWho="2" sc="218,49,318,0,253,-39,201,0" owari="267,6.7,318,41.8,214,-18.6,201,-29.9" /></mjloggm>