<mjloggm ver="2.3"><GO type="225" lobby="0"/><UN n0="%28%EF%BF%A3%E2%96%BD%EF%BF%A3%29%CE%B4%E2%8C%92%E3%83%BB" n1="%E7%99%BD%E5%92%B2%E8%8A%B1%E3%81%A1%E3%82%83%E3%82%93" n2="%E7%89%B9%E6%9D%B1%E3%81%AF%E4%B8%96%E7%95%8C%E3%82%92%E6%95%91%E3%81%86" n3="%E3%83%89%E3%83%A9%E3%81%8F%E3%82%8C" dan="16,16,16,17" rate="2107.60,2079.16,2068.46,2199.04" sx="M,F,M,M"/><TAIKYOKU oya="0"/><INIT seed="0,0,0,1,3,28" ten="250,250,250,250" oya="0" hai0="33,66,121,31,86,133,92,47,108,59,58,75,2" hai1="29,130,111,38,101,0,10,77,105,35,52,27,21" hai2="34,104,40,102,112,96,128,6,44,16,37,7,73" hai3="109,60,119,51,17,57,99,84,22,81,5,9,64"/><T68/><D75/><U46/><E111/><V45/><F128/><W12/><G109/><T14/><D2/><U131/><E77/><V39/><F112/><W125/><G125/><T41/><D108/><U126/><E126/><V129/><F129/><N who="1" m="49161" /><E101/><V78/><F34/><W107/><G119/><T89/><D121/><U11/><E105/><V74/><F16/><W50/><G99/><T63/><D133/><U88/><E0/><V53/><F53/><W24/><REACH who="3" step="1"/><G107/><REACH who="3" ten="250,250,250,240" step="2"/><T127/><D127/><U3/><E3/><V42/><REACH who="2" step="1"/><F73/><REACH who="2" ten="250,250,240,240" step="2"/><W82/><G82/><AGARI ba="0,2" hai="6,7,37,39,40,42,44,45,74,78,82,96,102,104" machi="82" ten="40,5200,0" yaku="1,1,2,1,9,1,53,0" doraHai="28" doraHaiUra="110" who="2" fromWho="3" sc="250,0,250,0,240,72,240,-52" /><INIT seed="1,0,0,5,2,42" ten="250,250,312,188" oya="1" hai0="81,133,25,99,1,17,11,55,128,88,77,75,68" hai1="49,32,93,72,98,2,41,125,102,108,76,53,110" hai2="135,5,70,60,134,78,13,85,111,54,109,103,117" hai3="51,92,64,52,101,67,18,94,89,79,100,8,73"/><U31/><E125/><V16/><F103/><W61/><G73/><T62/><D128/><U40/><E2/><V63/><F5/><W35/><G79/><T20/><D133/><N who="2" m="50698" /><F117/><W56/><G35/><T91/><D99/><U12/><E12/><V126/><F126/><W28/><G28/><T86/><D55/><U37/><E76/><V113/><F113/><W120/><G120/><T97/><D97/><U104/><E104/><V7/><F7/><W105/><G105/><T107/><D107/><U33/><E72/><V65/><F63/><W30/><G30/><T19/><D1/><U45/><E31/><V132/><F54/><W118/><G118/><T47/><D75/><U116/><E116/><V80/><N who="2" m="50706" /><V66/><DORA hai="122" /><F66/><W114/><G114/><T129/><D129/><U57/><REACH who="1" step="1"/><E41/><REACH who="1" ten="250,240,312,188" step="2"/><V69/><F69/><W59/><G67/><T29/><D68/><U34/><AGARI ba="0,1" hai="32,33,34,37,40,45,49,53,57,93,98,102,108,110" machi="34" ten="40,18000,2" yaku="1,1,2,1,0,1,52,3,53,0" doraHai="42,122" doraHaiUra="84,115" who="1" fromWho="1" sc="250,-60,240,190,312,-60,188,-60" /><INIT seed="1,1,0,1,0,64" ten="190,430,252,128" oya="1" hai0="57,97,35,16,52,117,88,135,102,30,26,3,130" hai1="1,126,59,91,42,39,34,25,120,14,22,55,84" hai2="109,4,85,101,96,62,122,100,8,124,118,99,17" hai3="115,80,15,113,114,98,92,90,76,73,6,86,50"/><U83/><E126/><V38/><F118/><W134/><G50/><T111/><D3/><U31/><E120/><V24/><F122/><W74/><G15/><T116/><D135/><U36/><E1/><V0/><F38/><W123/><G6/><T70/><D111/><U108/><E42/><V54/><F109/><W23/><G23/><T68/><D130/><U63/><REACH who="1" step="1"/><E108/><REACH who="1" ten="190,420,252,128" step="2"/><V75/><F124/><W28/><G123/><T11/><D117/><U81/><E81/><V40/><F40/><W128/><G128/><T20/><D116/><U104/><E104/><V103/><F0/><W9/><G134/><T60/><D11/><U82/><E82/><V43/><F43/><W47/><G9/><T51/><D51/><U125/><E125/><V72/><F8/><W93/><G28/><T46/><D46/><U44/><E44/><V95/><F95/><W21/><G47/><T107/><REACH who="0" step="1"/><D88/><REACH who="0" ten="180,420,252,128" step="2"/><U127/><E127/><V89/><F89/><W5/><G90/><T94/><D94/><U71/><E71/><V67/><F103/><W132/><G93/><T66/><D66/><U106/><E106/><V105/><F67/><W119/><G92/><T129/><D129/><U112/><E112/><V49/><F49/><W18/><G115/><T12/><AGARI ba="1,2" hai="12,16,20,26,30,35,52,57,60,68,70,97,102,107" machi="12" ten="20,12000,2" yaku="1,1,0,1,7,1,52,2,54,2,53,0" doraHai="64" doraHaiUra="41" who="0" fromWho="0" sc="180,143,420,-61,252,-31,128,-31" /><INIT seed="2,0,0,3,4,0" ten="323,359,221,97" oya="2" hai0="134,28,71,39,86,53,58,19,59,34,104,22,112" hai1="91,92,43,4,126,49,36,6,8,114,90,9,74" hai2="122,5,121,120,70,119,17,67,40,117,38,3,116" hai3="103,93,75,52,111,55,32,42,48,127,87,16,97"/><V106/><F17/><W72/><G32/><T101/><D39/><U76/><E114/><V110/><F106/><W133/><G111/><T68/><D59/><U123/><E123/><V88/><F88/><N who="1" m="33833" /><E74/><V50/><F110/><W60/><G133/><T105/><D112/><U31/><E36/><V56/><F5/><N who="1" m="2153" /><E126/><V81/><F81/><W65/><G127/><T94/><D134/><U21/><E92/><V131/><F3/><W130/><G87/><T102/><D71/><U99/><E99/><V20/><F20/><W73/><G130/><T128/><D68/><U33/><E33/><V7/><F7/><W46/><REACH who="3" step="1"/><G16/><REACH who="3" ten="323,359,221,87" step="2"/><T63/><D34/><U125/><E125/><V37/><F131/><W124/><G124/><T69/><D19/><U100/><E76/><V54/><REACH who="2" step="1"/><F40/><REACH who="2" ten="323,359,211,87" step="2"/><W89/><G89/><N who="0" m="53559" /><D128/><U78/><E43/><V79/><F79/><W10/><G10/><T15/><D105/><U24/><E78/><V30/><F30/><W12/><G12/><T82/><D104/><U118/><E9/><V115/><F115/><W27/><G27/><T29/><D29/><U18/><E8/><V47/><F47/><W26/><G26/><T61/><D28/><U96/><E31/><V80/><F80/><W113/><G113/><T83/><D82/><U85/><E24/><V13/><F13/><W41/><G41/><T51/><D83/><U84/><E18/><V23/><F23/><W109/><G109/><T132/><D22/><U108/><E21/><V77/><F77/><W1/><G1/><T11/><D15/><U107/><E108/><V64/><F64/><RYUUKYOKU ba="0,2" sc="323,-15,359,-15,211,15,87,15" hai2="37,38,50,54,56,67,70,116,117,119,120,121,122" hai3="42,46,48,52,55,60,65,72,73,75,93,97,103" /><INIT seed="2,1,2,4,2,97" ten="308,344,226,102" oya="2" hai0="12,53,85,106,122,4,39,43,52,19,75,69,78" hai1="84,115,89,32,2,76,40,94,112,45,130,47,26" hai2="83,127,99,28,90,92,15,34,66,27,134,62,72" hai3="31,88,55,86,56,123,125,22,109,117,107,18,41"/><V0/><F134/><W73/><G123/><T9/><D69/><U63/><E130/><V35/><F127/><W46/><G125/><T126/><D122/><U93/><E2/><V116/><F0/><W113/><G117/><T121/><D106/><U60/><E76/><V87/><F116/><W96/><G73/><T61/><D121/><U111/><E111/><V51/><F51/><W131/><G109/><T6/><D126/><U65/><E47/><V67/><F72/><W13/><G131/><T119/><D119/><U98/><E32/><V14/><F35/><W79/><G31/><T82/><D61/><U135/><E26/><V124/><F66/><W8/><G113/><T10/><D85/><U101/><E135/><V16/><F16/><W21/><G79/><T57/><D57/><U133/><E63/><V36/><F36/><W1/><G1/><N who="0" m="143" /><D6/><U44/><E44/><AGARI ba="1,2" hai="10,12,19,39,43,44,52,53,75,78,82" m="143" machi="44" ten="30,2000,0" yaku="25,1,54,1" doraHai="97" who="0" fromWho="1" sc="308,43,344,-23,226,0,102,0" /><INIT seed="3,0,0,0,4,108" ten="351,321,226,102" oya="3" hai0="15,135,80,131,73,112,34,14,88,83,48,5,56" hai1="30,104,107,45,122,101,59,10,125,46,117,66,129" hai2="111,44,93,37,62,128,60,85,106,27,1,121,28" hai3="53,19,91,126,39,99,20,89,118,110,29,124,54"/><W102/><G39/><T24/><D34/><U12/><E122/><V134/><F106/><W95/><G29/><T18/><D73/><U11/><E125/><N who="3" m="48234" /><G118/><T8/><D135/><U68/><E129/><V123/><F111/><W21/><G110/><T94/><D112/><U70/><E30/><V109/><F109/><W57/><G21/><N who="0" m="13367" /><D131/><U33/><E59/><V69/><F128/><W36/><G36/><T55/><D15/><U97/><E12/><V115/><F134/><W64/><G64/><T96/><AGARI ba="0,0" hai="5,8,14,48,55,56,80,83,88,94,96" m="13367" machi="96" ten="30,2000,0" yaku="8,1,54,1" doraHai="108" who="0" fromWho="0" sc="351,20,321,-5,226,-5,102,-10" owari="371,47.1,316,11.6,221,-17.9,92,-40.8" /></mjloggm>