<mjloggm ver="2.3"><GO type="225" lobby="0"/><UN n0="%65%2D%73%65%70%65%6E%3B" n1="%E3%82%A2%E3%83%BC%E3%83%A2%E3%83%AD%E3%83%BC%E3%83%B4%E3%82%A1" n2="%E3%81%A9%E3%82%8F%E3%82%93%E3%81%94" n3="%E3%83%97%E3%83%AC%E3%83%B4%E3%82%A1%E3%83%86%E3%82%A3" dan="16,16,16,16" rate="2137.80,2163.36,2118.43,2112.54" sx="M,M,M,F"/><TAIKYOKU oya="0"/><INIT seed="0,0,0,1,4,108" ten="250,250,250,250" oya="0" hai0="69,54,120,132,61,60,114,93,17,88,58,37,6" hai1="117,92,79,135,75,62,118,7,86,102,36,134,24" hai2="126,2,57,8,91,119,33,43,56,101,64,109,72" hai3="20,0,53,71,96,68,11,94,122,113,32,76,21"/><T3/><D114/><U116/><E36/><V9/><F33/><W130/><G32/><T83/><D120/><U129/><E129/><V63/><F72/><W44/><G122/><T5/><D37/><U59/><E7/><V131/><F109/><W74/><G130/><T42/><D132/><N who="1" m="50731" /><E24/><V38/><F131/><W70/><G74/><T18/><D42/><U84/><E75/><V25/><F101/><W99/><G76/><T28/><D28/><U48/><E48/><V14/><F25/><W22/><G0/><T34/><D34/><U80/><E86/><V12/><F38/><W67/><G11/><T35/><D35/><U115/><E115/><V65/><F2/><W90/><G113/><T100/><D3/><U111/><E111/><V98/><F43/><W87/><G67/><T78/><D100/><U51/><E51/><V105/><F9/><W31/><G31/><T46/><D69/><U47/><E47/><V41/><F8/><W121/><G121/><T30/><D30/><U82/><E82/><V106/><F41/><W13/><G13/><T85/><D46/><U49/><E49/><V10/><F10/><W89/><G44/><T1/><D61/><U107/><E107/><V73/><F106/><W97/><G53/><T133/><D133/><U55/><E116/><V29/><F105/><W104/><G104/><T23/><D1/><U15/><E15/><V127/><F14/><W81/><AGARI ba="0,0" hai="20,21,22,68,70,71,81,87,89,90,94,96,97,99" machi="81" ten="40,1500,0" yaku="0,1" doraHai="108" who="3" fromWho="3" sc="250,-7,250,-4,250,-4,250,15" /><INIT seed="1,0,0,0,1,77" ten="243,246,246,265" oya="1" hai0="94,133,26,45,67,19,30,21,18,28,125,65,98" hai1="34,55,38,118,39,99,6,104,66,3,70,90,124" hai2="60,91,37,114,40,73,116,97,134,47,5,83,62" hai3="33,132,105,75,88,16,74,131,110,35,108,129,42"/><U10/><E55/><V117/><F134/><W23/><G42/><T2/><D125/><U22/><E22/><V29/><F29/><N who="0" m="11370" /><D2/><U68/><E90/><V87/><F114/><W86/><G132/><T81/><D133/><U25/><E118/><V122/><F122/><W36/><G36/><N who="1" m="13866" /><E124/><V41/><F41/><W92/><G105/><T48/><D19/><U82/><E82/><V120/><F120/><W127/><G127/><T61/><D61/><U51/><E51/><V121/><F121/><W103/><G103/><N who="0" m="60887" /><D81/><U135/><E135/><V78/><F97/><W50/><G50/><T128/><D128/><N who="3" m="49225" /><G74/><T126/><D126/><U17/><E17/><V107/><F5/><W15/><G75/><T123/><D123/><U72/><E72/><V115/><F107/><W20/><G20/><T27/><D27/><U46/><E25/><V96/><F96/><W52/><G52/><AGARI ba="0,0" hai="18,21,26,45,48,52,65,67" m="60887,11370" machi="52" ten="30,2000,0" yaku="8,1,54,1" doraHai="77" who="0" fromWho="3" sc="243,20,246,0,246,0,265,-20" /><INIT seed="2,0,0,2,1,54" ten="263,246,246,245" oya="2" hai0="134,113,29,23,96,86,41,121,130,49,115,116,42" hai1="26,1,101,82,108,28,126,76,39,13,10,83,102" hai2="22,106,125,50,114,33,90,81,53,60,20,16,67" hai3="25,8,17,62,15,0,37,32,131,46,107,98,66"/><V35/><F125/><W93/><G131/><T85/><D121/><U12/><E39/><V77/><F106/><W45/><G107/><T14/><D130/><U122/><E126/><V123/><F114/><W73/><G73/><T78/><D134/><U30/><E122/><V34/><F123/><W89/><G37/><T51/><D116/><U133/><E133/><V103/><F90/><W48/><G0/><T70/><D70/><U87/><E108/><V109/><F103/><W56/><G32/><T124/><D124/><U65/><E1/><V127/><F127/><W74/><G74/><T40/><D96/><U3/><E3/><V7/><F7/><W36/><G36/><T21/><D14/><U97/><E65/><V88/><F109/><W59/><G25/><T55/><D78/><U79/><E26/><V75/><F88/><W5/><G5/><T19/><D29/><U4/><E13/><V64/><F60/><W52/><AGARI ba="0,0" hai="8,15,17,45,46,48,52,56,59,62,66,89,93,98" machi="52" ten="30,8000,1" yaku="0,1,8,1,52,2,54,1" doraHai="54" who="3" fromWho="3" sc="263,-20,246,-20,246,-40,245,80" /><INIT seed="3,0,0,2,3,58" ten="243,226,206,325" oya="3" hai0="85,19,71,76,94,130,2,116,101,48,29,63,92" hai1="124,31,49,70,56,11,77,53,88,135,89,119,7" hai2="12,129,133,61,111,95,90,14,112,8,118,60,131" hai3="5,79,35,108,93,117,52,59,68,39,128,121,114"/><W51/><G35/><T38/><D116/><U37/><E37/><V57/><F118/><W78/><G117/><T3/><D38/><U47/><E119/><V74/><F112/><W106/><G114/><T83/><D29/><U24/><E70/><V113/><F74/><W46/><G121/><T99/><D130/><N who="2" m="49674" /><F113/><W13/><G106/><T123/><D123/><U120/><E120/><V81/><F111/><W43/><G108/><T110/><D110/><U55/><E77/><V23/><F81/><W26/><G128/><T126/><D126/><U67/><E67/><V6/><F57/><W107/><G107/><T66/><D19/><U86/><E135/><V65/><F65/><W54/><G68/><T41/><D92/><U15/><E86/><N who="2" m="52695" /><F133/><W0/><G0/><T28/><D2/><U105/><E105/><V69/><F69/><W62/><G26/><T134/><D3/><U16/><E124/><V87/><F87/><W32/><G32/><T20/><D134/><U18/><E89/><V34/><F34/><W21/><G93/><T10/><D85/><U27/><E88/><V84/><F84/><W33/><G33/><T1/><D83/><U91/><E91/><V9/><F23/><W115/><G115/><T42/><D20/><N who="1" m="15847" /><E24/><V109/><F109/><W127/><G127/><T73/><D71/><U25/><E25/><V98/><F98/><W82/><G82/><T104/><D66/><U97/><E97/><V122/><F122/><W30/><G30/><T45/><D99/><U103/><E103/><V50/><F50/><AGARI ba="0,0" hai="7,11,15,16,18,47,49,50,53,55,56" m="15847" machi="50" ten="30,2000,0" yaku="8,1,54,1" doraHai="58" who="1" fromWho="2" sc="243,0,226,20,206,-20,325,0" owari="243,-15.7,246,4.6,186,-31.4,325,42.5" /></mjloggm>