<mjloggm ver="2.3"><GO type="225" lobby="0"/><UN n0="%72%65%6E%6B%75%6E" n1="%E3%81%8B%E3%82%8F%E3%81%A1%E3%82%83%E3%82%93%35%38" n2="%E9%BB%92%E9%89%84%E7%8F%A0%E9%9B%AB" n3="%E3%83%97%E3%83%AC%E3%83%B4%E3%82%A1%E3%83%86%E3%82%A3" dan="17,16,16,16" rate="2203.50,2160.41,2205.33,2099.43" sx="M,M,M,F"/><TAIKYOKU oya="0"/><INIT seed="0,0,0,1,5,5" ten="250,250,250,250" oya="0" hai0="89,13,11,81,95,32,108,63,118,58,47,107,129" hai1="66,24,68,29,34,102,133,26,99,36,51,122,25" hai2="120,82,78,113,59,126,100,101,17,135,75,69,67" hai3="55,98,4,62,9,74,104,3,116,39,97,127,40"/><T41/><D107/><N who="1" m="63967" /><E36/><V0/><F120/><W134/><G116/><T31/><D118/><U60/><E122/><V90/><F69/><W48/><G127/><T23/><D129/><U117/><E117/><V128/><F113/><W37/><G134/><T18/><D81/><U86/><E133/><V79/><F135/><W84/><G74/><T73/><D73/><U110/><E110/><V72/><F0/><W87/><G62/><T1/><D108/><U16/><E16/><V105/><F128/><W103/><G98/><T56/><D32/><U52/><E86/><N who="2" m="50519" /><F105/><W119/><G119/><T111/><D111/><U20/><E20/><V27/><F72/><W14/><G39/><T33/><D33/><U46/><AGARI ba="0,0" hai="24,25,26,29,34,46,51,52,60,66,68" m="63967" machi="46" ten="30,2000,0" yaku="25,1,54,1" doraHai="5" who="1" fromWho="1" sc="250,-10,250,20,250,-5,250,-5" /><INIT seed="1,0,0,0,5,52" ten="240,270,245,245" oya="1" hai0="29,130,120,64,57,72,126,125,79,99,83,81,119" hai1="107,73,97,124,38,22,94,132,21,5,58,45,66" hai2="78,74,111,121,36,31,63,17,32,26,35,37,89" hai3="56,12,2,3,6,34,133,19,50,71,118,55,100"/><U33/><E33/><V28/><F121/><W91/><G118/><T102/><D119/><U40/><E73/><V134/><F111/><W131/><G71/><T41/><D120/><U10/><E124/><N who="0" m="47721" /><D130/><U88/><E107/><V24/><F134/><W7/><G133/><T129/><D129/><U4/><E132/><V27/><F74/><W8/><G131/><T92/><D41/><U112/><E112/><V1/><F78/><W85/><G34/><T77/><D29/><U95/><E95/><V135/><F1/><W105/><G105/><T11/><D11/><U30/><E30/><V47/><F135/><W62/><G100/><T106/><D106/><U9/><E9/><V44/><F89/><W96/><G96/><T68/><D68/><U103/><E103/><V70/><F17/><W67/><G2/><T86/><D64/><U122/><E122/><V123/><F123/><W60/><G3/><T115/><D57/><U65/><E65/><V90/><F90/><W49/><G49/><T16/><D16/><U110/><E110/><V127/><F24/><W20/><G8/><T43/><D43/><U76/><E76/><V93/><F127/><W46/><REACH who="3" step="1"/><G60/><REACH who="3" ten="240,270,245,235" step="2"/><T116/><D116/><U25/><E10/><V108/><F108/><W42/><G42/><T69/><D69/><U80/><E40/><V104/><F104/><W113/><G113/><AGARI ba="0,1" hai="72,77,79,81,83,86,92,99,102,113,115" m="47721" machi="113" ten="30,3900,0" yaku="18,1,34,2" doraHai="52" who="0" fromWho="3" sc="240,49,270,0,245,0,235,-39" /><INIT seed="2,0,0,3,3,58" ten="289,270,245,196" oya="2" hai0="84,10,133,118,113,8,106,78,24,80,102,16,77" hai1="115,111,135,134,87,125,96,128,46,60,76,92,129" hai2="121,69,49,5,26,55,50,33,44,116,11,43,100" hai3="39,131,71,59,70,38,112,42,1,126,13,0,123"/><V14/><F116/><W94/><G123/><T47/><D113/><U30/><E30/><V35/><F121/><W51/><G112/><T54/><D118/><U28/><E28/><V23/><F100/><W37/><G126/><T63/><D133/><N who="1" m="50699" /><E46/><V104/><F104/><W12/><G94/><T103/><D78/><U31/><E31/><V68/><F35/><W18/><G42/><T109/><D109/><U3/><E3/><V53/><F33/><W65/><G51/><N who="0" m="29055" /><D106/><U7/><E7/><V110/><F110/><W6/><G6/><T124/><D124/><U48/><E48/><V61/><F43/><W120/><G120/><T73/><D73/><U19/><E115/><V83/><F83/><W2/><G131/><T132/><D132/><U114/><E114/><V36/><F36/><W88/><G88/><N who="0" m="51207" /><D63/><U81/><E125/><V91/><F61/><W119/><G119/><T79/><D102/><N who="1" m="60679" /><E111/><V27/><F91/><W4/><G4/><T130/><D103/><U34/><E34/><V117/><F117/><W85/><G85/><T41/><D41/><U25/><E60/><V72/><F72/><W22/><G59/><T56/><D56/><U20/><AGARI ba="0,0" hai="19,20,25,76,81,87,128,129" m="60679,50699" machi="20" ten="30,1100,0" yaku="20,1" doraHai="58" who="1" fromWho="1" sc="289,-3,270,11,245,-5,196,-3" /><INIT seed="3,0,0,5,1,125" ten="286,281,240,193" oya="3" hai0="56,108,104,118,77,14,72,113,107,126,88,97,93" hai1="111,42,127,73,101,61,59,0,89,109,53,68,100" hai2="38,58,6,64,24,98,94,40,105,60,5,15,120" hai3="12,78,43,128,130,91,67,50,102,8,70,34,22"/><W44/><G34/><T29/><D29/><U122/><E122/><V4/><F105/><N who="0" m="40522" /><D14/><U54/><E0/><V76/><F120/><W124/><G102/><N who="1" m="39530" /><E68/><V1/><F1/><W9/><G124/><T123/><D56/><U13/><E127/><V65/><F76/><W69/><G78/><T99/><D126/><U132/><E73/><V116/><F116/><W3/><G3/><T114/><D123/><U46/><E13/><V48/><F38/><W86/><G22/><T74/><D118/><U79/><E79/><V18/><F24/><W81/><G8/><T90/><D108/><N who="1" m="41547" /><E89/><N who="0" m="34409" /><D77/><U71/><E71/><V119/><F119/><W112/><G112/><N who="0" m="43115" /><D93/><U55/><E132/><V75/><F94/><W106/><G106/><T87/><D87/><U52/><E55/><N who="2" m="33887" /><F75/><AGARI ba="0,0" hai="72,74,75,97,99" m="43115,34409,40522" machi="75" ten="40,12000,2" yaku="28,2,11,1,34,2,54,1" doraHai="125" who="0" fromWho="2" sc="286,120,281,0,240,-120,193,0" owari="406,50.6,281,8.1,120,-38.0,193,-20.7" /></mjloggm>