<mjloggm ver="2.3"><GO type="225" lobby="0"/><UN n0="%E3%81%82%E3%83%BC%E3%81%97" n1="%E3%81%95%E3%81%8D%E3%81%9F%E3%81%BE%E6%9E%97%E6%AA%8E" n2="%E5%B8%86%E7%AB%8B%E5%A4%8F%E8%A1%A3" n3="%4D%50%43%32%38%30%30" dan="16,16,17,16" rate="2113.14,2148.18,2166.70,2116.93" sx="M,M,M,M"/><TAIKYOKU oya="0"/><INIT seed="0,0,0,1,4,48" ten="250,250,250,250" oya="0" hai0="101,105,93,64,13,6,37,88,65,23,44,109,100" hai1="117,96,38,52,21,89,63,22,7,60,20,70,95" hai2="30,86,27,130,116,4,15,62,122,123,121,97,17" hai3="79,41,53,119,78,0,75,120,73,133,28,81,74"/><T2/><D2/><U54/><E117/><V83/><F116/><W33/><G119/><T125/><D105/><U57/><E38/><V24/><F130/><W104/><G0/><T11/><D125/><U131/><E131/><V132/><F132/><W127/><G104/><T76/><D76/><U67/><E7/><V19/><F97/><W77/><G133/><T114/><D114/><U92/><E92/><V129/><F129/><W56/><G41/><T84/><D109/><U94/><E94/><V108/><F62/><W111/><G111/><T36/><D36/><U69/><REACH who="1" step="1"/><E70/><REACH who="1" ten="250,240,250,250" step="2"/><V43/><F108/><W25/><G127/><T66/><REACH who="0" step="1"/><D23/><REACH who="0" ten="240,240,250,250" step="2"/><U102/><E102/><V29/><F122/><W50/><REACH who="3" step="1"/><G120/><REACH who="3" ten="240,240,250,240" step="2"/><T3/><D3/><U107/><E107/><V82/><F123/><W71/><G71/><T90/><D90/><U115/><E115/><V40/><F121/><W8/><G8/><T58/><D58/><U55/><AGARI ba="0,3" hai="20,21,22,52,54,55,57,60,63,67,69,89,95,96" machi="55" ten="30,12000,2" yaku="1,1,0,1,52,3,54,1,53,0" doraHai="48" doraHaiUra="9" who="1" fromWho="1" sc="240,-60,240,150,250,-30,240,-30" /><INIT seed="1,0,0,3,3,7" ten="180,390,220,210" oya="1" hai0="10,111,47,38,9,86,130,93,109,30,81,89,27" hai1="132,20,87,29,44,33,6,0,4,54,125,34,12" hai2="114,112,28,127,100,14,108,35,67,120,32,36,2" hai3="126,19,39,122,128,43,97,46,84,83,113,21,23"/><U102/><E102/><V74/><F120/><W134/><G122/><T135/><D135/><U49/><E0/><V61/><F2/><W22/><G134/><T65/><D65/><U66/><E132/><V115/><F108/><N who="0" m="41546" /><D130/><U76/><E125/><V18/><F74/><W55/><G113/><T103/><D38/><U133/><E133/><V72/><F72/><W57/><G128/><T62/><D62/><U92/><E34/><V15/><F36/><W110/><G110/><T70/><D70/><U98/><E33/><N who="2" m="12875" /><F28/><W79/><G97/><N who="0" m="59823" /><D47/><U13/><E66/><V45/><F45/><W101/><G101/><T1/><D1/><U82/><E13/><N who="2" m="4619" /><F100/><W99/><G99/><T64/><D64/><U119/><E119/><V80/><F127/><W60/><REACH who="3" step="1"/><G126/><REACH who="3" ten="180,390,220,200" step="2"/><T25/><D30/><U75/><E98/><V121/><F121/><W123/><G123/><T31/><D31/><U37/><E75/><V59/><F18/><AGARI ba="0,1" hai="18,19,21,22,23,39,43,46,55,57,60,79,83,84" machi="18" ten="40,1300,0" yaku="1,1,53,0" doraHai="7" doraHaiUra="106" who="3" fromWho="2" sc="180,0,390,0,220,-13,200,23" /><INIT seed="2,0,0,4,1,112" ten="180,390,207,223" oya="2" hai0="38,134,64,43,135,118,36,58,2,23,77,9,120" hai1="14,61,87,13,99,113,122,49,90,88,20,45,65" hai2="96,116,91,16,24,11,62,100,53,126,85,81,108" hai3="52,57,48,123,98,59,63,21,76,8,115,3,66"/><V19/><F126/><W56/><G115/><T103/><D120/><U86/><E113/><V119/><F108/><W22/><G123/><T106/><D77/><U111/><E111/><V6/><F53/><W114/><G114/><T124/><D124/><U97/><E122/><V93/><F62/><W0/><G76/><T39/><D43/><U55/><E61/><V32/><F32/><W117/><G117/><T107/><D103/><U94/><E65/><V128/><F128/><W44/><G0/><T133/><D23/><U29/><E29/><V89/><F100/><W54/><G98/><N who="1" m="37386" /><E20/><V10/><F24/><W17/><G3/><T130/><D130/><U79/><E79/><V18/><REACH who="2" step="1"/><F11/><REACH who="2" ten="180,390,197,223" step="2"/><W40/><G54/><T15/><D118/><U71/><E71/><V27/><F27/><W109/><G109/><T104/><D2/><AGARI ba="0,1" hai="2,6,10,16,18,19,81,85,89,91,93,96,116,119" machi="2" ten="40,12000,1" yaku="1,1,52,2,54,1,53,1" doraHai="112" doraHaiUra="95" who="2" fromWho="0" sc="180,-120,390,0,197,130,223,0" /><INIT seed="2,1,0,4,4,135" ten="60,390,327,223" oya="2" hai0="103,71,78,7,127,129,119,92,133,8,79,99,36" hai1="91,32,43,25,114,16,28,128,48,115,65,54,15" hai2="10,117,18,134,27,105,74,24,111,68,4,95,102" hai3="37,53,83,45,5,69,87,50,89,38,30,84,49"/><V97/><F117/><W88/><G69/><T23/><D71/><U100/><E128/><V112/><F112/><W66/><G66/><T0/><D36/><U81/><E100/><V64/><F134/><W46/><G30/><T76/><D133/><U47/><E65/><V80/><F111/><W104/><G104/><T62/><D129/><U93/><E43/><V67/><F105/><W19/><G5/><T131/><D131/><U17/><E17/><V72/><F72/><W130/><G130/><T124/><D119/><U96/><E81/><V90/><F68/><W108/><G108/><T58/><REACH who="0" step="1"/><D23/><AGARI ba="1,0" hai="15,16,23,25,28,32,47,48,54,91,93,96,114,115" machi="23" ten="30,2000,0" yaku="7,1,54,1" doraHai="135" who="1" fromWho="0" sc="60,-23,390,23,327,0,223,0" /><INIT seed="3,0,0,0,0,127" ten="37,413,327,223" oya="3" hai0="20,69,51,34,40,57,3,13,17,130,27,66,10" hai1="38,61,16,128,94,22,28,105,99,86,35,135,81" hai2="65,115,73,77,1,14,101,133,58,83,6,76,120" hai3="49,102,104,7,0,37,42,9,63,52,75,18,109"/><W71/><G75/><T72/><D69/><U79/><E135/><V53/><F115/><W88/><G104/><T119/><D72/><U122/><E128/><V134/><F120/><W131/><G102/><T70/><D66/><U111/><E111/><V12/><F77/><W36/><G109/><T62/><D70/><U64/><E122/><V95/><F1/><W67/><G131/><T29/><D119/><U82/><E105/><V30/><F30/><W39/><G18/><T113/><D51/><U4/><E38/><V96/><F65/><W15/><G0/><T85/><D40/><U116/><E116/><V121/><F121/><W78/><G78/><T129/><D85/><U84/><E4/><V118/><F118/><W117/><G117/><T26/><D113/><U132/><E132/><N who="2" m="50795" /><F6/><W110/><G110/><T80/><D80/><U112/><E112/><V46/><F46/><W43/><REACH who="3" step="1"/><G88/><REACH who="3" ten="37,413,327,213" step="2"/><T19/><D57/><AGARI ba="0,1" hai="7,9,15,36,37,39,42,43,49,52,57,63,67,71" machi="57" ten="40,7700,0" yaku="1,1,2,1,54,1,53,0" doraHai="127" doraHaiUra="41" who="3" fromWho="0" sc="37,-77,413,0,327,0,213,87" owari="-40,-54.0,413,51.3,327,12.7,300,-10.0" /></mjloggm>