<mjloggm ver="2.3"><GO type="225" lobby="0"/><UN n0="%72%69%6F%75%63%68%61%6E" n1="%E9%80%9F%E6%B0%B4%E5%87%9B%E9%A6%99" n2="%E3%81%86%E3%81%A3%E3%81%97%E3%83%BC%30%30" n3="%E3%81%9F%E3%81%A3%E3%81%A1%E3%82%87" dan="17,16,16,16" rate="2210.92,2095.29,2075.61,2069.84" sx="M,F,M,M"/><TAIKYOKU oya="0"/><INIT seed="0,0,0,1,0,92" ten="250,250,250,250" oya="0" hai0="72,98,114,107,54,3,47,124,132,21,116,69,4" hai1="101,95,48,8,103,57,90,17,100,79,41,119,16" hai2="24,81,128,13,108,27,59,70,31,38,52,106,63" hai3="18,115,53,127,113,37,109,94,135,39,87,61,97"/><T43/><D114/><U40/><E119/><V75/><F108/><W22/><G109/><T23/><D116/><U66/><E79/><V5/><F128/><W71/><G127/><T110/><D110/><U133/><E133/><V118/><F106/><W117/><G87/><T99/><D72/><U9/><E41/><V0/><F0/><W20/><G20/><T56/><D69/><U67/><E40/><V50/><F38/><W104/><G104/><T76/><D76/><U42/><E42/><V131/><F131/><W51/><G135/><T15/><D132/><U102/><N who="1" m="25600" /><DORA hai="26" /><U88/><E90/><V19/><F5/><W129/><G129/><T89/><D107/><U12/><E48/><V58/><F70/><W134/><G134/><T10/><D124/><U82/><E82/><V30/><F81/><W126/><G126/><T1/><D1/><U14/><E57/><V93/><F93/><W65/><G117/><T125/><D125/><U60/><E60/><V2/><F2/><W55/><G37/><T122/><D122/><U35/><E35/><V111/><F75/><W44/><G39/><T11/><D89/><U74/><E74/><V123/><F123/><W45/><G45/><T49/><D21/><U62/><REACH who="1" step="1"/><E62/><REACH who="1" ten="250,240,250,250" step="2"/><V84/><F118/><W85/><G113/><T77/><D77/><U83/><E83/><V36/><F36/><W73/><G115/><T6/><D23/><U32/><E32/><V120/><F111/><W46/><G73/><T121/><D121/><U80/><E80/><V86/><F120/><W105/><G51/><AGARI ba="0,1" hai="3,4,6,10,11,15,43,47,49,51,54,56,98,99" machi="51" ten="30,5800,0" yaku="7,1,52,2" doraHai="92,26" who="0" fromWho="3" sc="250,68,240,0,250,0,250,-58" /><INIT seed="0,1,0,4,0,90" ten="318,240,250,192" oya="0" hai0="66,18,36,74,67,112,96,114,109,134,8,94,13" hai1="25,44,48,54,99,77,73,53,50,117,10,122,37" hai2="101,95,46,62,35,26,89,98,128,81,21,57,2" hai3="17,123,3,132,110,113,120,76,23,34,41,106,24"/><T11/><D36/><U42/><E122/><N who="3" m="46634" /><G106/><T31/><D74/><U97/><E117/><V19/><F128/><W22/><G41/><T49/><D134/><U103/><E97/><V65/><F2/><W14/><G76/><T124/><D124/><U59/><E25/><V80/><F35/><W119/><G119/><T0/><D109/><U56/><E10/><V51/><REACH who="2" step="1"/><F101/><REACH who="2" ten="318,240,240,192" step="2"/><W83/><G132/><T115/><D0/><U15/><E15/><V75/><F75/><W93/><G110/><T102/><D31/><U61/><E73/><V5/><F5/><W133/><G3/><T7/><D7/><U79/><REACH who="1" step="1"/><E61/><REACH who="1" ten="318,230,240,192" step="2"/><V30/><F30/><N who="3" m="17687" /><G133/><T1/><D1/><U33/><E33/><V27/><F27/><W29/><G34/><T39/><D115/><U43/><E43/><AGARI ba="1,2" hai="19,21,26,43,46,51,57,62,65,80,81,89,95,98" machi="43" ten="30,7700,0" yaku="1,1,7,1,8,1,52,1,53,0" doraHai="90" doraHaiUra="32" who="2" fromWho="1" sc="318,0,230,-80,240,100,192,0" /><INIT seed="1,0,0,0,1,57" ten="318,150,340,192" oya="1" hai0="2,60,133,37,32,132,4,22,70,107,54,73,87" hai1="6,88,58,29,68,8,78,67,51,48,41,109,97" hai2="44,77,126,28,20,125,25,63,53,129,26,111,85" hai3="56,127,14,104,123,69,35,128,80,91,65,64,112"/><U124/><E124/><N who="2" m="47723" /><F111/><W19/><G112/><T1/><D73/><U98/><E109/><V62/><F129/><W83/><G123/><T66/><D32/><U120/><E120/><V122/><F122/><W13/><G128/><T34/><D34/><U40/><E29/><V10/><F10/><W31/><G127/><T11/><D107/><U24/><E24/><V102/><F102/><W7/><G104/><T119/><D119/><U39/><E39/><V114/><F114/><W84/><G69/><T61/><D37/><U86/><E78/><V30/><F44/><W16/><G31/><T12/><D87/><U46/><E68/><V113/><F53/><W81/><G35/><T134/><REACH who="0" step="1"/><D22/><REACH who="0" ten="308,150,340,192" step="2"/><U21/><E21/><N who="2" m="15407" /><F113/><W99/><G84/><T42/><D42/><U38/><E38/><V18/><F30/><W131/><G131/><T55/><D55/><N who="1" m="32103" /><E40/><V96/><F96/><W135/><G99/><T45/><D45/><U103/><E103/><V59/><F59/><AGARI ba="0,1" hai="1,2,4,11,12,54,59,60,61,66,70,132,133,134" machi="59" ten="40,12000,2" yaku="1,1,20,1,52,2,53,3" doraHai="57" doraHaiUra="130" who="0" fromWho="2" sc="308,130,150,0,340,-120,192,0" /><INIT seed="2,0,0,4,0,57" ten="438,150,220,192" oya="2" hai0="105,41,33,81,69,104,47,14,7,120,59,100,0" hai1="110,12,38,79,128,114,56,103,118,32,44,111,54" hai2="122,89,43,66,30,49,27,52,68,123,63,34,117" hai3="112,45,19,72,130,24,35,133,98,50,135,17,6"/><V16/><F117/><W23/><G72/><T78/><D120/><U94/><E32/><V95/><F43/><W29/><G130/><T20/><D69/><U77/><E114/><V115/><F115/><W48/><G112/><T86/><D33/><U75/><E75/><V125/><F16/><N who="3" m="6219" /><G6/><T46/><D0/><U11/><E118/><V107/><F107/><W28/><G98/><T116/><D20/><U113/><E113/><V53/><F125/><W99/><G99/><T15/><D116/><U108/><E128/><V42/><F42/><N who="3" m="24631" /><G50/><N who="0" m="26959" /><D15/><U127/><E127/><V5/><F5/><W3/><G3/><T84/><D47/><U39/><E44/><V87/><REACH who="2" step="1"/><F49/><REACH who="2" ten="438,150,210,192" step="2"/><W70/><G29/><T36/><D36/><U129/><E38/><V65/><F65/><W74/><G74/><T61/><D104/><U13/><E39/><V126/><F126/><W83/><G28/><T4/><D105/><U67/><E67/><V119/><F119/><W106/><G106/><T82/><D14/><U10/><E13/><V88/><F88/><W97/><G24/><T25/><D25/><U134/><E12/><V2/><F2/><W101/><G101/><T60/><D100/><U22/><E103/><V85/><F85/><W8/><G133/><T71/><D71/><U96/><E134/><V26/><F26/><W90/><G70/><T62/><D59/><U73/><E73/><V18/><F18/><W124/><G135/><T51/><D51/><U102/><E102/><V9/><F9/><W76/><G8/><T64/><D64/><U91/><E91/><AGARI ba="0,1" hai="4,7,60,61,62,78,81,82,84,86,91" m="26959" machi="91" ten="30,7700,0" yaku="8,1,52,3" doraHai="57" who="0" fromWho="1" sc="438,87,150,-77,210,0,192,0" /><INIT seed="3,0,0,0,2,20" ten="525,73,210,192" oya="3" hai0="18,98,27,88,85,28,17,87,58,36,69,0,74" hai1="123,70,35,67,129,119,112,118,115,89,41,108,104" hai2="84,9,65,37,39,126,76,82,2,94,5,52,93" hai3="83,4,44,60,56,106,66,7,75,80,131,15,97"/><W46/><G131/><T103/><D36/><U122/><E41/><V125/><F65/><W42/><G75/><T48/><D74/><U120/><E35/><V114/><F114/><N who="1" m="43561" /><E104/><V3/><F52/><N who="3" m="33799" /><G106/><T111/><D111/><U47/><E89/><N who="2" m="53415" /><F94/><W105/><G105/><T116/><D116/><N who="1" m="44587" /><E47/><N who="3" m="17962" /><G66/><T34/><D0/><U134/><E129/><V30/><F30/><W8/><G42/><T110/><D110/><U25/><E25/><V117/><F2/><W135/><G135/><T1/><D69/><U11/><E11/><V54/><F54/><W100/><G100/><T19/><D1/><U40/><E40/><V124/><F117/><W16/><G97/><T43/><D43/><U21/><E134/><V68/><F68/><W132/><G132/><T13/><D103/><U109/><E21/><V51/><F51/><W49/><G49/><T63/><D48/><U81/><E81/><AGARI ba="0,0" hai="4,7,8,15,16,80,81,83" m="17962,33799" machi="81" ten="30,5800,0" yaku="8,1,54,2" doraHai="20" who="3" fromWho="1" sc="525,0,73,-58,210,0,192,58" /><INIT seed="3,1,0,0,4,104" ten="525,15,210,250" oya="3" hai0="40,23,125,135,64,120,55,43,84,48,26,44,78" hai1="53,12,30,33,114,98,112,29,88,24,73,68,31" hai2="75,14,69,123,132,94,74,95,113,8,108,134,121" hai3="118,59,124,7,27,93,22,77,4,96,32,92,62"/><W72/><G32/><T19/><D120/><N who="2" m="46154" /><F69/><W16/><G124/><T131/><D131/><U89/><E53/><V106/><F106/><W97/><G118/><T28/><D125/><U119/><E119/><V1/><F1/><W6/><G77/><T25/><D135/><N who="2" m="51754" /><F113/><W63/><G72/><N who="2" m="27689" /><F108/><W90/><REACH who="3" step="1"/><G59/><REACH who="3" ten="525,15,210,240" step="2"/><T52/><D78/><U83/><E12/><V20/><F20/><W5/><N who="3" m="1024" /><DORA hai="91" /><W58/><G58/><T50/><D64/><U82/><E68/><V17/><AGARI ba="1,1" hai="8,14,17,94,95" m="27689,51754,46154" machi="17" ten="40,12000,2" yaku="13,1,20,1,52,5" doraHai="104,91" who="2" fromWho="2" sc="525,-31,15,-31,210,133,240,-61" owari="494,59.4,-16,-51.6,343,14.3,179,-22.1" /></mjloggm>