<mjloggm ver="2.3"><GO type="225" lobby="0"/><UN n0="%6D%75%75%6D%75%72%61" n1="%E7%99%BD%E9%9B%AA%E4%B9%83%E6%84%9B" n2="%28%EF%BF%A3%E2%96%BD%EF%BF%A3%29%CE%B4%E2%8C%92%E3%83%BB" n3="%E6%B8%A9%E2%98%85%E6%83%85%E2%98%85%E6%8E%AA%E2%98%85%E7%BD%AE" dan="16,16,16,16" rate="2179.30,2065.99,2115.83,2139.70" sx="F,F,M,M"/><TAIKYOKU oya="0"/><INIT seed="0,0,0,1,4,39" ten="250,250,250,250" oya="0" hai0="16,89,31,60,129,107,61,12,0,110,76,50,113" hai1="66,36,72,130,117,6,124,106,52,99,42,1,102" hai2="38,64,3,94,81,11,98,17,112,90,125,68,123" hai3="101,7,87,135,65,34,59,85,82,23,132,8,121"/><T69/><D113/><U83/><E117/><V105/><F38/><W118/><G118/><T77/><D0/><U75/><E124/><V18/><F112/><W57/><G34/><T49/><D107/><U133/><E133/><N who="3" m="51274" /><G121/><T84/><D69/><U122/><E122/><V96/><F123/><W131/><G131/><T30/><D129/><U103/><E130/><V63/><F125/><W93/><G23/><T13/><D110/><U128/><E128/><V27/><F81/><W111/><G111/><T9/><D89/><U10/><E66/><V73/><F73/><W127/><G127/><T35/><D35/><U25/><E25/><V86/><F98/><N who="3" m="59599" /><G65/><T97/><D97/><U92/><E83/><V67/><F67/><W80/><G80/><T100/><D100/><U78/><E78/><V71/><F64/><W46/><G46/><T115/><D115/><U108/><E108/><V20/><F68/><W47/><G47/><T24/><D24/><U70/><E70/><V14/><F71/><W88/><G87/><T91/><D91/><U26/><E103/><V41/><F105/><W120/><G120/><T15/><D84/><U79/><E106/><V51/><F86/><W2/><AGARI ba="0,0" hai="2,7,8,57,59,82,85,88" m="59599,51274" machi="2" ten="30,2000,0" yaku="20,1,54,1" doraHai="39" who="3" fromWho="3" sc="250,-10,250,-5,250,-5,250,20" /><INIT seed="1,0,0,1,0,9" ten="240,245,245,270" oya="1" hai0="96,60,23,3,57,122,130,123,27,78,31,95,134" hai1="108,100,69,40,129,73,104,107,90,113,109,81,63" hai2="125,117,7,18,51,116,114,93,56,29,13,20,46" hai3="42,75,62,84,12,37,121,120,89,86,66,41,119"/><U105/><E113/><V2/><F114/><W4/><G75/><T126/><D126/><U83/><E129/><V44/><F125/><W115/><G115/><T52/><D130/><U8/><E40/><V15/><F2/><W118/><G4/><T47/><D3/><U10/><E100/><V49/><F117/><N who="3" m="44555" /><G12/><N who="2" m="4681" /><F116/><W70/><G86/><T26/><D134/><U133/><E133/><V16/><F7/><W43/><G37/><T21/><D47/><N who="2" m="17962" /><F93/><AGARI ba="0,0" hai="41,42,43,62,66,70,84,89,93,120,121" m="44555" machi="93" ten="30,1000,0" yaku="12,1" doraHai="9" who="3" fromWho="2" sc="240,0,245,0,245,-10,270,10" /><INIT seed="2,0,0,5,2,123" ten="240,245,235,280" oya="2" hai0="87,63,37,126,6,20,23,130,69,33,84,131,96" hai1="49,65,53,40,91,55,1,7,24,102,75,129,105" hai2="109,57,62,44,13,104,93,32,71,73,78,120,64" hai3="116,114,26,89,46,108,122,68,25,14,31,0,60"/><V36/><F104/><W110/><G0/><T29/><D37/><U117/><E117/><V51/><F32/><W132/><G116/><T19/><D6/><U113/><E113/><V133/><F120/><W38/><G122/><T35/><D96/><U22/><E75/><V42/><F133/><W134/><G114/><T9/><D9/><U106/><E65/><V119/><F119/><W77/><G77/><T28/><D63/><U41/><E129/><N who="0" m="49161" /><D69/><U27/><E102/><V82/><F93/><W99/><G14/><T103/><D103/><U66/><E66/><V52/><F13/><W45/><G60/><T10/><D10/><U88/><E49/><V125/><REACH who="2" step="1"/><F109/><REACH who="2" ten="240,245,225,280" step="2"/><W16/><G110/><T17/><D35/><U15/><E15/><V115/><F115/><W56/><G108/><T127/><D33/><U100/><E1/><V107/><F107/><W4/><G134/><T61/><D23/><U67/><E22/><V47/><F47/><W2/><G45/><T98/><D20/><U43/><E106/><V121/><F121/><W128/><G46/><T94/><D94/><U3/><E105/><V59/><F59/><W39/><G132/><T12/><D12/><U58/><E58/><V124/><AGARI ba="0,1" hai="36,42,44,51,52,57,62,64,71,73,78,82,124,125" machi="124" ten="30,18000,2" yaku="1,1,0,1,24,2,54,1,53,1" doraHai="123" doraHaiUra="79" who="2" fromWho="2" sc="240,-60,245,-60,225,190,280,-60" /><INIT seed="2,1,0,3,5,45" ten="180,185,415,220" oya="2" hai0="101,4,18,52,114,53,39,7,84,107,134,113,15" hai1="42,8,66,9,88,78,43,3,126,65,121,110,89" hai2="28,130,80,1,54,77,104,37,117,87,11,82,71" hai3="26,129,31,19,2,133,106,99,25,98,96,72,14"/><V38/><F104/><W64/><G133/><T41/><D134/><U48/><E110/><V93/><F71/><W67/><G129/><T70/><D70/><U69/><E69/><V124/><F28/><W46/><G106/><T58/><D84/><U132/><E132/><V79/><F93/><W17/><G2/><T119/><D119/><U76/><E3/><V116/><F124/><W20/><G72/><T125/><D125/><U94/><E94/><V40/><F54/><W86/><G46/><T12/><D39/><U92/><E92/><V49/><F38/><W123/><G123/><T10/><D41/><N who="1" m="15371" /><E48/><V109/><F49/><W29/><G86/><T81/><D81/><U75/><E75/><N who="2" m="43071" /><F130/><W95/><G95/><T59/><D107/><U128/><E121/><V24/><F24/><N who="3" m="9323" /><G19/><T105/><D105/><U5/><E5/><N who="2" m="1455" /><F109/><W57/><G57/><T118/><D118/><U27/><E27/><V51/><F51/><W100/><G100/><T85/><D85/><U33/><E33/><V103/><F103/><W60/><G60/><T127/><D127/><U0/><E0/><V56/><F56/><W55/><G55/><T63/><D101/><U73/><E73/><V120/><F120/><W112/><G31/><T13/><D4/><U111/><E111/><V32/><F117/><W16/><G29/><T34/><D34/><U135/><E135/><V115/><F116/><W91/><G67/><N who="1" m="25610" /><E128/><V23/><F32/><W36/><G36/><T102/><D102/><U50/><E126/><V74/><F37/><W131/><G131/><T35/><D35/><U47/><E47/><RYUUKYOKU ba="1,0" sc="180,0,185,0,415,0,220,0" /><INIT seed="3,2,0,5,5,78" ten="180,185,415,220" oya="3" hai0="67,121,87,97,7,60,52,94,69,116,93,47,18" hai1="20,125,124,23,95,114,62,127,134,0,82,115,46" hai2="2,22,122,80,128,99,49,110,34,29,85,44,126" hai3="16,75,109,98,43,84,35,65,33,132,88,102,71"/><W32/><G75/><T31/><D116/><U25/><E0/><V19/><F2/><W42/><G65/><T27/><D121/><U36/><E134/><V74/><F74/><W64/><G64/><T41/><D7/><U45/><E62/><V118/><F118/><W112/><G71/><T61/><D18/><N who="1" m="12439" /><E95/><V117/><F126/><W131/><G112/><N who="1" m="43050" /><E36/><V38/><F38/><W48/><G48/><T21/><D87/><U133/><E133/><V113/><F128/><W101/><G131/><T73/><D73/><U6/><E6/><V9/><F122/><W100/><G132/><T13/><D13/><U59/><E59/><V105/><F105/><W123/><G98/><T37/><REACH who="0" step="1"/><D97/><REACH who="0" ten="170,185,415,220" step="2"/><U8/><E8/><V17/><F9/><W30/><G84/><T120/><D120/><U89/><E23/><V55/><F85/><AGARI ba="2,1" hai="45,46,82,85,89,124,125,127" m="43050,12439" machi="85" ten="40,2600,0" yaku="18,1,52,1" doraHai="78" who="1" fromWho="2" sc="170,0,185,42,415,-32,220,0" owari="170,-33.0,227,2.7,383,48.3,220,-18.0" /></mjloggm>