<mjloggm ver="2.3"><GO type="225" lobby="0"/><UN n0="%6D%75%75%6D%75%72%61" n1="%E5%8F%AF%E5%85%90%E9%82%A3%E7%94%B1%E5%A4%9A" n2="%E6%A1%9C%E8%8A%B1%E9%96%83%E3%80%85" n3="%E7%AD%89%E3%80%85%E5%8A%9B%E5%8A%87%E5%A0%B4" dan="16,16,17,16" rate="2152.43,2165.24,2131.81,2133.26" sx="F,F,M,M"/><TAIKYOKU oya="0"/><INIT seed="0,0,0,5,5,134" ten="250,250,250,250" oya="0" hai0="106,114,54,13,58,109,42,105,60,17,99,67,131" hai1="103,70,113,86,81,122,34,118,69,128,97,40,72" hai2="93,132,115,96,129,32,35,84,63,79,89,51,74" hai3="21,77,124,73,26,117,23,127,9,44,64,133,19"/><T62/><D114/><U12/><E34/><V111/><F115/><W0/><G117/><T25/><D131/><U108/><E113/><V6/><F132/><W83/><G133/><T68/><D109/><U123/><E118/><V100/><F111/><W121/><G121/><T4/><D42/><U49/><E108/><V15/><F129/><W10/><G64/><T65/><D65/><U126/><E128/><V31/><F63/><W46/><G23/><T82/><D82/><U87/><E72/><V101/><F51/><W120/><G120/><T28/><D4/><U8/><E69/><V61/><F61/><W110/><G110/><T85/><D85/><U91/><E70/><V7/><F101/><W116/><G116/><T48/><D62/><U135/><E87/><V14/><F14/><W80/><G80/><T22/><REACH who="0" step="1"/><D99/><REACH who="0" ten="240,250,250,250" step="2"/><U71/><E135/><V78/><F6/><W37/><G73/><T90/><D90/><U57/><E123/><V1/><F74/><W33/><G83/><T30/><D30/><U36/><E122/><V41/><F41/><W47/><G77/><T92/><D92/><N who="1" m="58791" /><E40/><V50/><F31/><W18/><G37/><T130/><D130/><U3/><E36/><V43/><F79/><W66/><G66/><T119/><D119/><U102/><E81/><N who="2" m="49295" /><F78/><W95/><G95/><T20/><AGARI ba="0,1" hai="13,17,20,22,25,28,48,54,58,60,67,68,105,106" machi="20" ten="20,12000,1" yaku="1,1,0,1,7,1,53,2" doraHai="134" doraHaiUra="16" who="0" fromWho="0" sc="240,130,250,-40,250,-40,250,-40" /><INIT seed="0,1,0,3,3,135" ten="370,210,210,210" oya="0" hai0="88,12,46,23,15,56,100,0,30,87,125,104,62" hai1="35,1,84,105,71,38,94,36,130,89,73,115,29" hai2="67,106,48,121,76,54,28,68,128,112,127,33,124" hai3="59,108,31,95,116,11,70,47,53,4,41,18,90"/><T91/><D0/><U131/><E115/><V17/><F121/><W74/><G70/><T39/><D125/><N who="2" m="48202" /><F128/><N who="1" m="49193" /><E1/><V66/><F112/><W132/><G116/><T34/><D34/><U10/><E71/><V9/><F106/><W14/><G74/><T60/><D100/><U61/><E105/><V75/><F68/><W107/><G107/><T43/><D104/><U19/><E73/><V57/><F28/><W102/><G132/><T26/><D91/><U13/><E61/><V72/><F33/><W52/><G108/><T63/><REACH who="0" step="1"/><D56/><REACH who="0" ten="360,210,210,210" step="2"/><U110/><E110/><V96/><F96/><W114/><G59/><T103/><D103/><U93/><E93/><AGARI ba="1,1" hai="12,15,23,26,30,39,43,46,60,62,63,87,88,93" machi="93" ten="40,7700,0" yaku="1,1,54,1,53,1" doraHai="135" doraHaiUra="83" who="0" fromWho="1" sc="360,90,210,-80,210,0,210,0" /><INIT seed="0,2,0,5,0,50" ten="450,130,210,210" oya="0" hai0="108,124,25,59,134,18,107,13,47,40,55,77,79" hai1="12,120,37,16,89,48,60,119,86,85,31,53,94" hai2="1,74,115,8,78,22,72,17,106,129,36,14,32" hai3="38,88,34,117,112,111,64,56,131,15,4,10,127"/><T42/><D134/><U101/><E119/><V2/><F115/><W67/><G112/><T23/><D124/><U66/><E120/><V7/><F129/><W84/><G117/><T11/><D107/><U114/><E114/><V29/><F2/><W63/><G111/><T132/><D132/><U109/><E109/><V46/><F106/><W87/><G131/><T65/><D65/><U90/><E37/><V116/><F116/><W97/><G127/><T3/><D3/><U54/><E31/><V125/><F125/><W70/><G34/><T24/><D24/><U26/><E26/><N who="2" m="18487" /><F78/><W57/><G38/><T62/><D108/><U133/><E101/><V39/><F39/><W128/><G128/><T33/><D33/><U6/><E6/><V82/><F82/><W122/><G122/><T83/><D47/><U58/><E48/><V96/><F96/><W99/><G87/><T123/><D123/><U102/><E102/><V121/><F121/><W68/><G70/><T73/><REACH who="0" step="1"/><D77/><REACH who="0" ten="440,130,210,210" step="2"/><U44/><E44/><V105/><F105/><W45/><G45/><T27/><D27/><U76/><E76/><V92/><F46/><W35/><G35/><T30/><AGARI ba="2,1" hai="11,13,18,23,25,30,40,42,55,59,62,73,79,83" machi="30" ten="20,7800,0" yaku="1,1,0,1,7,1,52,1,53,0" doraHai="50" doraHaiUra="0" who="0" fromWho="0" sc="440,94,130,-28,210,-28,210,-28" /><INIT seed="0,3,0,0,0,83" ten="534,102,182,182" oya="0" hai0="26,29,4,79,102,91,55,58,28,42,108,23,3" hai1="119,78,126,98,77,27,17,88,118,81,72,74,56" hai2="40,63,94,90,99,100,125,57,69,117,31,109,18" hai3="38,134,104,48,64,50,34,82,41,130,85,9,59"/><T30/><D108/><U87/><E56/><V120/><F120/><W71/><G104/><T111/><D111/><U32/><E17/><V92/><F109/><W15/><G34/><T33/><D102/><U89/><E27/><V97/><F125/><W54/><G134/><T52/><D42/><U65/><E65/><V110/><F110/><W122/><G130/><T62/><D33/><U66/><E66/><V21/><F117/><N who="1" m="44553" /><E32/><V93/><F69/><W123/><G38/><T80/><D3/><U128/><E128/><V6/><F6/><W103/><G71/><T47/><D4/><U16/><E16/><V37/><F31/><W115/><G64/><T121/><D121/><U39/><E39/><V35/><F35/><W95/><G123/><T53/><D53/><U131/><E131/><V36/><F93/><W2/><G95/><T8/><D8/><U116/><N who="1" m="44561" /><U61/><DORA hai="1" /><E61/><V0/><F0/><W12/><G2/><T105/><D105/><U129/><E129/><V101/><F40/><W114/><G41/><T127/><D127/><U46/><E46/><V60/><F101/><W14/><G103/><T7/><D7/><U51/><E51/><V73/><F73/><N who="1" m="28265" /><E126/><V10/><F10/><W76/><G122/><T96/><D55/><U84/><E98/><V135/><F60/><W86/><G48/><T49/><D62/><U5/><E5/><V44/><F44/><W124/><G124/><T13/><D47/><U11/><E11/><V22/><F22/><W45/><G9/><T112/><D29/><U25/><E25/><N who="2" m="14519" /><F135/><W113/><G45/><RYUUKYOKU ba="3,0" sc="534,-30,102,10,182,10,182,10" hai1="77,78,81,84,87,88,89" hai2="36,37,57,63,90,92,94,97,99,100" hai3="12,14,15,50,54,59,76,82,85,86,113,114,115" /><INIT seed="1,4,0,3,0,119" ten="504,112,192,192" oya="1" hai0="118,64,75,9,132,12,107,39,41,99,134,61,126" hai1="115,79,19,7,85,103,52,98,59,53,22,86,133" hai2="93,129,116,97,122,105,72,78,102,27,40,34,46" hai3="90,8,130,15,54,4,89,37,13,106,57,91,60"/><U92/><E115/><V44/><F116/><W110/><G106/><T111/><D118/><U35/><E133/><N who="0" m="51305" /><D111/><U11/><E35/><V63/><F129/><W2/><G37/><T74/><D126/><U31/><E31/><N who="2" m="19839" /><F46/><W36/><G36/><T38/><D107/><U77/><E11/><V68/><F93/><W95/><G110/><T47/><D99/><U108/><E7/><V42/><F44/><W123/><G130/><T135/><D38/><U125/><E125/><V112/><F112/><W128/><G128/><T71/><D135/><U82/><E108/><V96/><F96/><W49/><G123/><T114/><D114/><U127/><E127/><V100/><F100/><W121/><G121/><T69/><D69/><U65/><E65/><N who="2" m="41023" /><F122/><W88/><REACH who="3" step="1"/><G60/><REACH who="3" ten="504,112,192,182" step="2"/><T3/><D3/><U6/><E6/><AGARI ba="4,1" hai="6,9,12,39,41,47,61,64,71,74,75" m="51305" machi="6" ten="30,1000,0" yaku="20,1" doraHai="119" who="0" fromWho="1" sc="504,32,112,-22,192,0,182,0" /><INIT seed="2,0,0,4,4,67" ten="536,90,192,182" oya="2" hai0="13,84,131,3,72,128,68,7,74,61,27,10,78" hai1="33,5,122,34,83,132,123,100,94,51,63,24,77" hai2="101,40,22,127,124,65,0,135,102,121,80,70,134" hai3="79,54,118,6,89,91,48,38,36,108,76,16,43"/><V98/><F121/><W12/><G118/><T107/><D107/><U90/><E100/><N who="2" m="38507" /><F0/><W117/><G117/><T9/><D27/><U129/><E5/><V21/><F98/><W69/><G108/><T23/><D23/><N who="2" m="8714" /><F40/><W8/><G43/><T99/><D99/><U130/><E51/><V125/><F80/><W93/><G38/><T87/><D68/><U115/><E115/><V32/><F32/><W26/><G36/><T58/><D78/><U103/><E77/><V126/><N who="2" m="31744" /><DORA hai="49" /><V64/><F70/><W45/><G69/><T73/><D3/><U50/><E83/><V85/><F85/><W82/><G82/><T42/><D42/><U59/><E33/><V20/><N who="2" m="8722" /><V120/><DORA hai="109" /><F120/><W75/><G79/><T133/><D84/><U106/><E122/><V86/><F86/><W41/><G76/><T55/><D87/><U11/><E34/><V39/><F39/><W56/><G41/><T25/><D73/><U119/><E123/><V112/><F112/><W60/><G75/><T19/><D72/><U47/><E119/><V105/><F105/><W35/><G35/><T81/><D74/><U14/><E106/><V114/><F114/><W28/><G26/><T92/><D25/><U17/><E24/><V97/><F97/><W18/><G91/><T29/><D81/><U53/><E103/><V95/><F95/><W44/><G89/><T1/><D92/><U15/><E94/><V111/><F111/><W66/><G93/><T46/><D1/><U116/><E90/><V113/><F113/><W52/><G28/><T57/><D29/><RYUUKYOKU ba="0,0" sc="536,-15,90,-15,192,15,182,15" hai2="64,65,134,135" hai3="6,8,12,16,18,44,45,48,52,54,56,60,66" /><INIT seed="2,1,0,0,3,93" ten="521,75,207,197" oya="2" hai0="56,113,50,109,125,75,78,91,55,0,17,115,20" hai1="26,60,65,103,68,124,92,100,84,128,22,134,36" hai2="88,4,49,37,119,59,122,1,76,97,6,96,120" hai3="34,53,94,25,19,35,66,105,71,135,107,13,48"/><V33/><F119/><W9/><G135/><T29/><D109/><U27/><E134/><V58/><F37/><W86/><G71/><T32/><D0/><U5/><E128/><V126/><F33/><W132/><G66/><T18/><D125/><U31/><E124/><V73/><F126/><W130/><G132/><T104/><D104/><U111/><E111/><V110/><F110/><W102/><G130/><T40/><D75/><U52/><E36/><V74/><F49/><W77/><G35/><T44/><D78/><U101/><E5/><V64/><F64/><W79/><G107/><T81/><D32/><U116/><E116/><V30/><F88/><W15/><G105/><T51/><D29/><U127/><E127/><V131/><F30/><W43/><G43/><T23/><D81/><U121/><E121/><V70/><F70/><W72/><G72/><T39/><D91/><U11/><E11/><V57/><F57/><W10/><G25/><T12/><D39/><U85/><E27/><AGARI ba="1,0" hai="12,17,18,20,23,27,40,44,50,51,55,56,113,115" machi="27" ten="30,1000,0" yaku="7,1" doraHai="93" who="0" fromWho="1" sc="521,13,75,-13,207,0,197,0" /><INIT seed="3,0,0,3,5,115" ten="534,62,207,197" oya="3" hai0="57,11,132,64,129,116,124,38,67,19,69,118,122" hai1="41,75,76,70,29,60,42,101,81,62,14,32,77" hai2="99,87,93,104,133,128,135,26,58,68,73,31,23" hai3="85,72,102,105,10,25,59,94,65,78,84,52,98"/><W111/><G111/><T108/><D108/><U16/><E77/><V36/><F68/><W71/><G71/><T3/><D38/><U21/><E60/><V61/><F73/><W56/><G105/><T0/><D122/><U47/><E101/><N who="2" m="60655" /><F104/><W121/><G121/><T106/><D106/><U46/><E32/><V109/><F109/><W8/><G72/><T112/><D112/><U22/><E70/><V130/><F87/><N who="3" m="33355" /><G78/><T9/><D69/><U4/><E4/><V103/><F103/><W49/><G25/><T90/><D0/><U27/><E62/><AGARI ba="0,0" hai="8,10,49,52,56,59,62,65,94,98,102" m="33355" machi="62" ten="30,2900,0" yaku="8,1,54,1" doraHai="115" who="3" fromWho="1" sc="534,0,62,-29,207,0,197,29" /><INIT seed="3,1,0,5,2,60" ten="534,33,207,226" oya="3" hai0="48,126,71,44,74,65,18,132,85,13,66,33,129" hai1="90,105,34,64,92,70,96,28,19,31,89,130,125" hai2="50,62,0,52,43,41,73,47,104,5,24,63,42" hai3="119,101,100,134,39,32,49,107,20,135,35,21,76"/><W108/><G39/><T16/><D74/><U123/><E123/><V11/><F73/><W14/><G107/><T40/><D33/><N who="3" m="12873" /><G76/><T1/><D1/><U102/><E130/><V112/><F112/><W29/><G49/><T120/><D120/><U115/><E115/><V3/><F104/><W55/><G55/><T58/><D129/><U2/><E125/><V23/><REACH who="2" step="1"/><F3/><REACH who="2" ten="534,33,197,226" step="2"/><W27/><G119/><T91/><D48/><U72/><E2/><V124/><F124/><W128/><G128/><T78/><D40/><U56/><E72/><V79/><F79/><W111/><G101/><T109/><D78/><U67/><E70/><V133/><F133/><N who="3" m="50699" /><G100/><T97/><D44/><U15/><E56/><V9/><F9/><W57/><G57/><T99/><D126/><U45/><E45/><V106/><F106/><W83/><G83/><T131/><D132/><U127/><E127/><V12/><F12/><W7/><G21/><T121/><D58/><U81/><E81/><V36/><F36/><W122/><G122/><T103/><D131/><U118/><E118/><V86/><F86/><W117/><G117/><T25/><D121/><U116/><E116/><V88/><F88/><N who="1" m="33897" /><E34/><V30/><AGARI ba="1,1" hai="0,5,11,23,24,30,41,42,43,47,50,52,62,63" machi="30" ten="30,4000,0" yaku="1,1,0,1,54,1,53,0" doraHai="60" doraHaiUra="10" who="2" fromWho="2" sc="534,-11,33,-11,197,53,226,-21" owari="523,62.3,22,-47.8,250,5.0,205,-19.5" /></mjloggm>