<mjloggm ver="2.3"><GO type="225" lobby="0"/><UN n0="%E7%B4%94%E6%BD%94%E3%83%94%E3%83%A9%E3%83%8B%E3%82%A2" n1="%E3%81%82%E3%81%99%E3%81%AB%E3%82%83%E3%82%80" n2="%6D%75%75%6D%75%72%61" n3="%E3%82%BC%E3%83%AB%E3%83%80%E3%81%AE%E4%BC%9D%E8%AA%AC" dan="16,16,16,16" rate="2120.55,2049.79,2128.37,2112.20" sx="M,F,F,M"/><TAIKYOKU oya="0"/><INIT seed="0,0,0,2,4,106" ten="250,250,250,250" oya="0" hai0="37,12,135,95,38,9,79,14,61,42,85,20,117" hai1="123,110,66,75,62,26,133,92,89,124,50,63,103" hai2="48,0,72,7,78,28,100,5,47,15,97,74,121" hai3="23,69,131,119,18,101,99,112,2,16,70,39,107"/><T51/><D117/><U134/><E123/><V43/><F121/><W65/><G119/><T71/><D135/><N who="1" m="51723" /><E110/><V98/><F0/><W86/><G112/><T8/><D71/><U24/><E124/><V27/><F78/><W88/><G39/><T52/><D61/><N who="1" m="23051" /><E66/><V21/><F98/><W105/><G2/><T34/><D34/><U76/><E103/><V67/><F67/><W118/><G118/><T83/><D95/><U30/><E50/><V45/><F45/><W25/><G107/><T102/><D102/><U93/><E93/><V114/><F114/><W31/><G65/><T104/><D104/><U22/><E24/><V73/><REACH who="2" step="1"/><F15/><REACH who="2" ten="250,250,240,250" step="2"/><W17/><REACH who="3" step="1"/><G131/><REACH who="3" ten="250,250,240,240" step="2"/><T90/><D38/><U32/><E76/><V84/><F84/><W127/><G127/><T55/><D37/><U41/><E75/><V19/><F19/><W82/><AGARI ba="0,2" hai="16,17,18,23,25,31,69,70,82,86,88,99,101,105" machi="82" ten="30,7900,0" yaku="1,1,0,1,54,2,53,0" doraHai="106" doraHaiUra="36" who="3" fromWho="3" sc="250,-39,250,-20,240,-20,240,99" /><INIT seed="1,0,0,2,0,132" ten="211,230,220,339" oya="1" hai0="51,11,83,17,1,127,56,121,101,33,59,104,47" hai1="10,41,125,92,55,29,9,5,46,80,22,98,50" hai2="76,89,49,84,58,99,31,69,45,85,123,8,103" hai3="4,32,18,117,43,60,0,72,111,126,129,20,15"/><U25/><E125/><V37/><F69/><W30/><G72/><T38/><D38/><U12/><E80/><V102/><F123/><W119/><G111/><T26/><D121/><U14/><E41/><V79/><F37/><W73/><G73/><T39/><D39/><U27/><E27/><V100/><F31/><W35/><G43/><T19/><D127/><U107/><E107/><V109/><F109/><W61/><G126/><T105/><D105/><U68/><E68/><V74/><F74/><W66/><G129/><T44/><D44/><U134/><E134/><V116/><F58/><N who="3" m="37143" /><G61/><T86/><D101/><U2/><REACH who="1" step="1"/><E10/><REACH who="1" ten="211,220,220,339" step="2"/><V77/><F116/><N who="3" m="44619" /><G30/><T113/><D11/><AGARI ba="0,1" hai="0,4,11,15,18,20,32,35" m="44619,37143" machi="11" ten="30,1000,0" yaku="12,1" doraHai="132" who="3" fromWho="0" sc="211,-10,220,0,220,0,339,20" /><INIT seed="2,0,0,5,2,57" ten="201,220,220,359" oya="2" hai0="20,101,26,58,30,77,106,71,84,34,2,116,100" hai1="96,53,102,55,73,99,94,51,62,127,27,113,59" hai2="130,56,122,65,28,133,81,16,64,37,61,21,12" hai3="85,33,54,105,82,11,5,13,92,112,15,78,119"/><V132/><F122/><W17/><G119/><T14/><D71/><U22/><E113/><V4/><F130/><W0/><G105/><T32/><D116/><U9/><E127/><V86/><F37/><W126/><G126/><T38/><D38/><U48/><E73/><V103/><F103/><W3/><G33/><T90/><D77/><U107/><E9/><V25/><F4/><W95/><G112/><T31/><D2/><U111/><E53/><V75/><F65/><W66/><G66/><T44/><D44/><U117/><E111/><V63/><F63/><W120/><G120/><T70/><D70/><U93/><E107/><V24/><F75/><W125/><G125/><T60/><D106/><U87/><E87/><V43/><F43/><W108/><G108/><T67/><D32/><U76/><E76/><N who="2" m="46375" /><F28/><W134/><G134/><AGARI ba="0,0" hai="12,16,21,24,25,56,61,64,132,133,134" m="46375" machi="134" ten="30,5800,0" yaku="20,1,52,1,54,1" doraHai="57" who="2" fromWho="3" sc="201,0,220,0,220,58,359,-58" /><INIT seed="2,1,0,1,3,53" ten="201,220,278,301" oya="2" hai0="74,71,115,10,4,94,95,78,106,100,114,87,43" hai1="17,76,37,80,42,96,60,12,25,68,41,27,127" hai2="44,56,112,31,102,8,88,9,47,57,85,55,34" hai3="45,38,103,50,59,107,130,108,14,39,79,70,54"/><V20/><F112/><W82/><G70/><T46/><D71/><U125/><E96/><V52/><F34/><W101/><G108/><T91/><D94/><U98/><E98/><V36/><F102/><W92/><G107/><T2/><D106/><U21/><E37/><V135/><F135/><W97/><G130/><T67/><D100/><U73/><E41/><V63/><F36/><W5/><G103/><T26/><D67/><U32/><E42/><V133/><F133/><W62/><G14/><T89/><D89/><U90/><E90/><V72/><F72/><W49/><G49/><T13/><D26/><U3/><E3/><V110/><F110/><W109/><G5/><T99/><D2/><U126/><REACH who="1" step="1"/><E32/><REACH who="1" ten="201,210,278,301" step="2"/><V129/><F129/><W29/><G109/><T83/><REACH who="0" step="1"/><D74/><REACH who="0" ten="191,210,278,301" step="2"/><U51/><E51/><AGARI ba="1,2" hai="4,10,13,43,46,51,78,83,87,91,95,99,114,115" machi="51" ten="30,12000,2" yaku="1,1,2,1,7,1,25,2,53,1" doraHai="53" doraHaiUra="40" who="0" fromWho="1" sc="191,143,210,-123,278,0,301,0" /><INIT seed="3,0,0,4,4,24" ten="334,87,278,301" oya="3" hai0="0,50,11,34,22,114,133,69,107,78,117,57,113" hai1="76,100,37,23,86,35,112,118,90,129,56,111,63" hai2="79,13,31,132,84,26,60,47,126,6,29,2,98" hai3="75,72,110,109,65,94,87,120,52,104,125,119,116"/><W4/><G120/><T127/><D34/><U27/><E37/><V25/><F2/><W82/><G104/><T43/><D69/><U97/><E111/><N who="3" m="42506" /><G65/><T14/><D107/><U130/><E112/><N who="0" m="43113" /><D117/><N who="3" m="45129" /><G125/><T131/><D127/><U105/><E118/><V38/><F126/><W17/><G4/><N who="0" m="1415" /><D131/><U45/><E45/><V21/><F132/><W67/><G67/><T89/><D133/><U103/><E103/><V48/><F38/><W41/><G41/><T36/><D36/><U102/><E102/><V83/><F60/><W53/><G17/><N who="0" m="10551" /><D89/><U40/><E40/><N who="2" m="24679" /><F98/><W39/><G39/><T73/><D57/><U59/><E59/><V8/><F25/><W49/><G94/><T135/><D135/><U9/><E9/><V54/><F54/><N who="3" m="21099" /><G49/><T80/><D43/><U7/><E7/><V88/><F31/><W66/><G66/><T3/><D3/><U74/><E130/><V85/><F85/><W18/><G18/><T92/><D92/><U106/><E129/><V32/><F32/><W10/><G10/><T124/><D124/><U99/><E35/><V12/><F12/><W68/><G68/><T81/><D50/><U91/><E106/><V20/><F20/><W77/><AGARI ba="0,0" hai="72,75,77,82,87" m="21099,45129,42506" machi="77" ten="40,7800,0" yaku="14,1,10,1,54,1" doraHai="24" who="3" fromWho="3" sc="334,-26,87,-26,278,-26,301,78" owari="308,10.8,61,-43.9,252,-14.8,379,47.9" /></mjloggm>