<mjloggm ver="2.3"><GO type="225" lobby="0"/><UN n0="%E6%A1%9C%E8%8A%B1%E9%96%83%E3%80%85" n1="%E3%81%AF%E3%82%88%E3%81%8A%E3%81%98%E3%81%95%E3%82%93" n2="%E5%B0%8F%E9%B3%A5%E9%81%8A%E7%B7%B4%E7%84%A1%32%31%E6%AD%B3" n3="%E5%8D%A0%E3%81%84%E5%B8%AB%E8%A3%8F%E3%81%AA%E3%81%84%E3%81%97" dan="16,17,16,17" rate="2183.53,2167.88,2169.75,2210.03" sx="M,M,F,M"/><TAIKYOKU oya="0"/><INIT seed="0,0,0,5,1,20" ten="250,250,250,250" oya="0" hai0="102,14,24,114,56,34,63,66,48,95,9,93,123" hai1="39,119,13,7,129,97,1,82,55,6,124,19,21" hai2="108,90,8,73,22,83,94,103,30,72,57,134,53" hai3="67,128,85,68,107,78,135,51,105,16,96,10,100"/><T29/><D114/><U26/><E119/><V130/><F108/><W112/><G112/><T64/><D123/><U71/><E71/><V44/><F134/><W81/><G135/><T46/><D66/><U27/><E39/><V104/><F44/><W32/><G128/><T18/><REACH who="0" step="1"/><D102/><REACH who="0" ten="240,250,250,250" step="2"/><U117/><E117/><V35/><F103/><W65/><G65/><T125/><D125/><U111/><E124/><V15/><F130/><W113/><G113/><T131/><D131/><U106/><E129/><V37/><F73/><W11/><G67/><T38/><D38/><U88/><E111/><V89/><F72/><W99/><G100/><T126/><D126/><U120/><E120/><V122/><F37/><W118/><G118/><T79/><D79/><U25/><E1/><V70/><F122/><W61/><G78/><T101/><D101/><U36/><E36/><V28/><F104/><W58/><G107/><T5/><D5/><U86/><E106/><V60/><F70/><W33/><G68/><T12/><D12/><U77/><E55/><AGARI ba="0,1" hai="9,14,18,24,29,34,46,48,55,56,63,64,93,95" machi="55" ten="30,5800,0" yaku="1,1,7,1,52,1,53,0" doraHai="20" doraHaiUra="84" who="0" fromWho="1" sc="240,68,250,-58,250,0,250,0" /><INIT seed="0,1,0,0,3,132" ten="308,192,250,250" oya="0" hai0="23,53,103,93,56,38,67,89,30,37,34,8,126" hai1="55,78,74,5,79,75,64,128,122,71,60,83,16" hai2="134,68,20,1,13,22,94,119,98,10,88,131,118" hai3="12,73,66,43,92,21,9,36,44,35,0,69,49"/><T58/><D34/><U129/><E122/><V115/><F115/><W7/><G35/><T110/><D103/><U113/><E113/><V27/><F1/><W39/><G73/><T96/><D110/><U52/><E5/><V45/><F134/><W48/><G0/><T133/><D133/><U31/><E31/><V54/><F68/><W107/><G107/><T108/><D108/><U91/><E91/><V116/><F131/><N who="1" m="50249" /><E79/><V102/><F102/><W4/><G4/><T14/><D126/><U127/><E75/><V2/><F2/><W6/><G6/><T95/><D95/><U59/><E16/><N who="2" m="8247" /><F27/><W105/><G105/><T57/><D30/><U99/><E99/><V29/><F29/><W62/><G21/><N who="2" m="8297" /><F45/><W120/><G120/><T104/><D23/><U19/><E19/><V42/><F54/><N who="1" m="20521" /><E71/><V33/><F33/><W123/><G123/><T47/><D104/><U81/><E81/><V101/><F101/><W51/><G92/><T90/><D93/><U63/><E60/><V124/><F42/><W80/><G80/><T85/><D8/><U86/><E74/><V72/><F72/><W25/><G25/><T28/><D14/><U84/><E84/><V26/><F26/><W135/><G135/><T17/><D28/><U32/><E32/><V100/><F100/><W76/><G76/><T61/><D17/><U111/><E111/><V112/><F112/><W65/><G12/><T121/><D121/><U11/><E11/><V87/><F87/><W50/><G9/><T114/><D85/><U15/><E15/><V117/><N who="2" m="29696" /><DORA hai="18" /><V40/><F40/><RYUUKYOKU ba="1,0" sc="308,-15,192,15,250,15,250,-15" hai1="59,63,64,78,83,86,127" hai2="88,94,98,124" /><INIT seed="1,2,0,3,2,45" ten="293,207,265,235" oya="1" hai0="61,79,133,64,15,60,112,52,115,113,24,57,17" hai1="124,127,131,97,51,23,65,16,26,11,5,46,19" hai2="126,38,117,47,49,29,56,86,83,129,28,84,4" hai3="116,67,135,43,37,42,31,41,22,99,81,44,125"/><U123/><E123/><V12/><F117/><W89/><G125/><N who="1" m="48202" /><E131/><V104/><F104/><W2/><G2/><T91/><D133/><U76/><E65/><V132/><F132/><W0/><G0/><T118/><D118/><U34/><E34/><V69/><F69/><W94/><G135/><T53/><D79/><U110/><E76/><V73/><F38/><W92/><G116/><T122/><D122/><U114/><E97/><V50/><F73/><W103/><G81/><T87/><D24/><U70/><E70/><V14/><F129/><W88/><G103/><T77/><D77/><U74/><E74/><V9/><F14/><W85/><REACH who="3" step="1"/><G67/><REACH who="3" ten="293,207,265,225" step="2"/><T36/><D64/><U107/><E107/><V40/><F126/><W128/><G128/><T6/><D113/><U105/><E105/><V18/><F4/><W95/><G95/><T54/><D6/><U102/><E102/><V21/><F83/><W108/><G108/><T8/><D115/><U134/><E114/><V39/><F39/><W59/><G59/><N who="0" m="34919" /><D112/><U30/><E110/><V75/><F75/><W96/><G96/><T20/><D57/><U90/><E134/><V119/><F119/><W27/><AGARI ba="2,1" hai="22,27,31,37,41,42,43,44,85,88,89,92,94,99" machi="27" ten="30,4000,0" yaku="1,1,0,1,54,1,53,0" doraHai="45" doraHaiUra="58" who="3" fromWho="3" sc="293,-12,207,-22,265,-12,225,56" /><INIT seed="2,0,0,0,5,59" ten="281,185,253,281" oya="2" hai0="129,23,3,90,84,74,111,135,122,114,69,85,81" hai1="124,50,79,12,61,91,64,42,14,51,8,62,16" hai2="36,107,13,128,55,24,34,112,123,125,100,126,27" hai3="26,1,17,9,99,15,73,72,133,40,109,46,80"/><V49/><F36/><W134/><G109/><T37/><RYUUKYOKU type="yao9" ba="0,0" sc="281,0,185,0,253,0,281,0" hai0="3,23,37,69,74,81,84,85,90,111,114,122,129,135" /><INIT seed="2,1,0,5,0,22" ten="281,185,253,281" oya="2" hai0="58,128,11,107,116,53,48,33,92,59,82,99,28" hai1="87,90,63,95,56,78,105,122,50,83,30,42,29" hai2="46,0,38,25,89,18,6,101,26,49,32,31,129" hai3="84,64,70,102,16,67,103,104,10,76,117,119,27"/><V135/><F38/><W74/><G74/><T55/><D128/><U115/><E115/><V68/><F129/><W45/><G104/><T19/><D107/><U118/><E118/><V24/><F68/><W106/><G106/><T21/><D116/><U1/><E1/><V130/><F130/><W112/><G70/><T121/><D121/><U80/><E122/><V85/><F101/><W93/><G112/><T111/><D111/><U94/><E105/><V52/><F135/><W126/><G126/><T5/><D82/><U20/><E83/><V44/><F44/><W110/><G110/><T98/><D28/><U62/><E94/><V100/><F100/><W97/><G102/><T132/><D33/><U51/><E62/><V15/><F6/><W66/><G10/><T75/><D92/><U2/><E2/><V34/><F0/><W134/><G134/><T36/><D36/><U39/><E39/><V125/><F34/><W86/><G76/><T17/><D75/><U37/><E37/><V127/><F127/><W14/><G14/><N who="0" m="7391" /><D5/><U60/><E63/><V109/><F125/><W8/><G8/><T81/><D81/><U47/><E50/><V91/><F91/><W41/><G119/><T108/><D108/><U23/><E30/><V7/><F7/><W61/><G61/><N who="0" m="36047" /><D132/><U13/><E29/><V3/><F3/><W57/><G57/><T35/><D35/><U4/><E4/><V40/><F109/><W65/><N who="3" m="16384" /><DORA hai="114" /><W71/><G71/><T133/><D133/><U120/><E120/><V9/><F40/><W77/><G117/><T79/><D79/><RYUUKYOKU ba="1,0" sc="281,15,185,-15,253,15,281,-15" hai0="19,21,48,55,59,98,99" hai2="9,15,18,24,25,26,31,32,46,49,52,85,89" /><INIT seed="2,2,0,5,1,61" ten="296,170,268,266" oya="2" hai0="70,49,117,29,54,82,15,51,133,122,89,87,44" hai1="5,105,11,59,91,125,69,99,20,7,110,97,53" hai2="34,111,14,18,64,56,24,74,86,135,101,67,46" hai3="103,114,112,118,33,0,52,113,120,43,60,116,126"/><V78/><F74/><W123/><G33/><T42/><D122/><N who="3" m="46633" /><G103/><T72/><D133/><U107/><E69/><V132/><F111/><W31/><G31/><T127/><D127/><U76/><E125/><V23/><F101/><W65/><G0/><T85/><D117/><N who="3" m="45161" /><G126/><T32/><D70/><U41/><E110/><V30/><F46/><W83/><G83/><T92/><D72/><U40/><E76/><V25/><F56/><N who="3" m="34823" /><G65/><N who="2" m="25161" /><F78/><W39/><G43/><T48/><D32/><U77/><E77/><V95/><F95/><W22/><G22/><T134/><D92/><U55/><E20/><V119/><F119/><W80/><G80/><T12/><D82/><U16/><E59/><V93/><F93/><W6/><G6/><T10/><D42/><U58/><E58/><V21/><F86/><W38/><AGARI ba="2,0" hai="38,39,112,113,114" m="34823,45161,46633" machi="38" ten="40,8000,1" yaku="11,1,34,2,54,1" doraHai="61" who="3" fromWho="3" sc="296,-22,170,-22,268,-42,266,86" /><INIT seed="3,0,0,2,5,120" ten="274,148,226,352" oya="3" hai0="102,40,100,122,51,130,34,128,48,50,74,123,23" hai1="93,118,88,22,134,33,131,12,27,17,113,6,57" hai2="3,18,59,5,42,132,13,124,107,63,26,115,83" hai3="66,44,78,121,14,67,79,36,37,87,10,7,47"/><W73/><G73/><T60/><D34/><U75/><E113/><V38/><F115/><W89/><G121/><N who="0" m="46091" /><D23/><U29/><E131/><N who="0" m="50217" /><D74/><U11/><E134/><V99/><F124/><W32/><G32/><T35/><D35/><U98/><E118/><V86/><F3/><W117/><G117/><T97/><D97/><U104/><E75/><V135/><F5/><W80/><G37/><T106/><D106/><U119/><E119/><V41/><F26/><W94/><G36/><T112/><D112/><U91/><E104/><V30/><F30/><W125/><G125/><T70/><D102/><U72/><E72/><V133/><F38/><W15/><G15/><T16/><D16/><U111/><E111/><V25/><F25/><W77/><G80/><T129/><D100/><U76/><E76/><V108/><F99/><W45/><AGARI ba="0,0" hai="7,10,14,44,45,47,66,67,77,78,79,87,89,94" machi="45" ten="30,3000,0" yaku="0,1,8,1" doraHai="120" who="3" fromWho="3" sc="274,-10,148,-10,226,-10,352,30" owari="264,6.4,138,-36.2,216,-18.4,382,48.2" /></mjloggm>