<mjloggm ver="2.3"><GO type="225" lobby="0"/><UN n0="%30%2E%31%32%30" n1="%E5%B8%86%E7%AB%8B%E5%A4%8F%E8%A1%A3" n2="%E3%83%B4%E3%83%A0%EF%BC%99%E3%81%A6" n3="%E6%A1%9C%E8%8A%B1%E9%96%83%E3%80%85" dan="16,16,17,17" rate="2098.89,2102.36,2246.99,2249.36" sx="M,M,M,M"/><TAIKYOKU oya="0"/><INIT seed="0,0,0,5,4,56" ten="250,250,250,250" oya="0" hai0="88,22,107,131,89,66,101,93,18,102,27,38,79" hai1="105,5,67,55,48,70,26,33,41,133,119,106,43" hai2="15,16,116,1,77,68,104,50,21,34,13,76,129" hai3="80,72,12,75,90,8,109,40,112,36,134,81,82"/><T125/><D38/><U87/><E119/><V85/><F1/><W39/><G112/><T59/><D107/><U65/><E133/><V94/><F104/><W0/><G0/><T61/><D131/><U2/><E105/><V60/><F129/><W46/><G134/><T110/><D110/><U47/><E106/><V17/><F34/><W117/><G117/><T97/><D125/><U11/><E87/><V111/><F111/><W118/><G118/><T52/><D79/><U115/><E115/><V30/><F30/><W49/><G109/><T53/><D89/><U103/><E103/><AGARI ba="0,0" hai="18,22,27,52,53,59,61,66,88,93,97,101,102,103" machi="103" ten="40,12000,1" yaku="8,1,52,1,54,2" doraHai="56" who="0" fromWho="1" sc="250,120,250,-120,250,0,250,0" /><INIT seed="0,1,0,1,1,73" ten="370,130,250,250" oya="0" hai0="4,56,104,48,30,8,85,110,52,106,88,57,67" hai1="12,68,51,29,91,132,25,31,26,82,6,95,50" hai2="3,129,22,35,128,69,54,75,124,9,42,7,98" hai3="107,16,103,33,77,20,83,97,112,40,18,115,131"/><T19/><D110/><U41/><E132/><V38/><F35/><W80/><G33/><T89/><D30/><U113/><E113/><V2/><F69/><W58/><G131/><N who="2" m="50249" /><F124/><W130/><G130/><T90/><D85/><U102/><E68/><V78/><F98/><W116/><G116/><T44/><D19/><U61/><E61/><V71/><F71/><W122/><G122/><T43/><D67/><U135/><E135/><V76/><F75/><W45/><G58/><T99/><D57/><U114/><E114/><V53/><F2/><W64/><G64/><T10/><D10/><U37/><E37/><V123/><F22/><W74/><G83/><T1/><REACH who="0" step="1"/><D99/><REACH who="0" ten="360,130,250,250" step="2"/><U92/><E31/><V23/><F123/><W27/><REACH who="3" step="1"/><G18/><REACH who="3" ten="360,130,250,240" step="2"/><T5/><D5/><U24/><E6/><V119/><F119/><W21/><G21/><T125/><D125/><U100/><E29/><V34/><F23/><W60/><G60/><AGARI ba="1,2" hai="1,4,8,43,44,48,52,56,60,88,89,90,104,106" machi="60" ten="40,7700,0" yaku="1,1,54,2,53,0" doraHai="73" doraHaiUra="79" who="0" fromWho="3" sc="360,100,130,0,250,0,240,-80" /><INIT seed="0,2,0,4,0,32" ten="460,130,250,160" oya="0" hai0="119,102,11,132,28,105,111,40,77,96,106,52,67" hai1="27,110,78,25,51,7,133,8,130,5,57,13,114" hai2="88,123,21,100,66,15,4,90,103,46,135,85,30" hai3="10,39,55,61,109,44,128,122,131,68,107,101,17"/><T0/><D119/><U59/><E130/><V129/><F129/><N who="3" m="49739" /><G109/><T76/><D111/><U75/><E110/><V86/><F123/><W2/><G122/><T84/><D132/><U36/><E36/><V126/><F126/><W134/><G134/><T83/><D77/><U113/><E133/><V48/><F135/><W60/><G17/><T124/><D124/><U35/><E5/><V26/><F66/><W62/><G101/><T41/><D106/><U42/><E35/><V19/><F4/><N who="3" m="1303" /><G107/><T94/><D67/><U74/><E74/><V65/><F65/><N who="3" m="40999" /><G55/><T87/><D28/><U115/><E75/><V47/><F30/><W89/><G89/><T45/><D105/><U81/><E78/><V34/><F34/><W91/><G91/><T23/><D87/><U14/><E14/><V24/><F15/><W56/><G56/><N who="1" m="21578" /><E27/><V6/><F6/><W38/><G38/><T73/><D84/><U64/><E25/><V108/><F108/><W53/><G53/><T58/><D52/><U9/><E64/><V16/><F21/><W121/><G121/><T80/><D96/><U120/><E120/><V71/><F71/><W3/><G3/><T70/><D70/><U97/><E97/><V95/><F95/><W72/><G72/><T82/><D73/><U43/><E9/><V29/><F29/><W20/><G20/><T117/><D76/><U92/><E92/><V79/><F79/><W49/><G39/><T127/><D94/><U33/><E33/><V99/><F99/><W93/><G93/><T116/><D127/><U18/><E18/><V104/><F104/><RYUUKYOKU ba="2,0" sc="460,-15,130,-15,250,15,160,15" hai2="16,19,24,26,46,47,48,85,86,88,90,100,103" hai3="44,49,61,62" /><INIT seed="1,3,0,4,5,15" ten="445,115,265,175" oya="1" hai0="88,124,34,85,116,21,47,63,29,68,122,22,6" hai1="126,86,127,3,102,134,39,10,128,67,14,98,40" hai2="7,42,93,81,49,18,104,101,75,109,73,99,115" hai3="77,129,78,51,26,33,36,60,117,37,90,23,114"/><U57/><E3/><V107/><F7/><W92/><G114/><T1/><D116/><U80/><E128/><V91/><F42/><W24/><G129/><T112/><D122/><U113/><E113/><V87/><F49/><W27/><G117/><T59/><D68/><U89/><E134/><V54/><F54/><W2/><G2/><T120/><D120/><U12/><E39/><V97/><F18/><W94/><G94/><T111/><D111/><U35/><E35/><V48/><F48/><W96/><G33/><T118/><D112/><U64/><E40/><V72/><F115/><W38/><G60/><T41/><D118/><U66/><E57/><V30/><F30/><W74/><G74/><T31/><D124/><U32/><E32/><V56/><F56/><W43/><REACH who="3" step="1"/><G23/><REACH who="3" ten="445,115,265,165" step="2"/><T70/><D21/><U103/><E103/><N who="2" m="62575" /><F109/><W61/><G61/><T19/><D22/><U121/><E121/><V76/><AGARI ba="3,1" hai="72,73,75,76,81,87,91,93,99,101,107" m="62575" machi="76" ten="30,12000,2" yaku="24,1,35,5" doraHai="15" who="2" fromWho="2" sc="445,-33,115,-63,265,139,165,-33" /><INIT seed="2,0,0,3,4,131" ten="412,52,404,132" oya="2" hai0="105,119,44,87,133,107,43,55,29,38,61,22,75" hai1="71,67,33,90,110,42,109,45,64,74,30,82,112" hai2="21,83,13,88,85,115,48,52,32,8,78,68,122" hai3="81,7,57,114,76,89,0,25,17,66,117,49,11"/><V116/><F115/><W5/><G117/><T101/><D75/><U132/><E112/><V130/><F116/><W60/><G114/><T65/><D119/><U125/><E90/><V62/><F122/><W73/><G7/><T46/><D133/><U135/><E125/><V80/><F32/><W20/><G89/><T102/><D87/><U15/><E15/><V123/><F123/><W106/><G49/><T100/><D55/><U56/><E56/><N who="2" m="35079" /><F68/><W35/><G35/><T3/><D3/><U113/><E113/><V1/><F1/><W27/><G106/><T19/><D29/><U36/><E30/><V99/><F130/><W39/><G39/><T69/><REACH who="0" step="1"/><D46/><REACH who="0" ten="402,52,404,132" step="2"/><U104/><E33/><V34/><F34/><W6/><G0/><T40/><D40/><U118/><E118/><V23/><F99/><W108/><G73/><T134/><D134/><N who="1" m="51243" /><E104/><V97/><F97/><W24/><G76/><T127/><D127/><U50/><E50/><V121/><F121/><W120/><G120/><T10/><D10/><U9/><E9/><V58/><F78/><W37/><G11/><T54/><D54/><U126/><E126/><V96/><F96/><W41/><G41/><T2/><D2/><U70/><E67/><V129/><F129/><W51/><G66/><T14/><AGARI ba="0,1" hai="14,19,22,38,43,44,61,65,69,100,101,102,105,107" machi="14" ten="30,2000,0" yaku="1,1,0,1,53,0" doraHai="131" doraHaiUra="47" who="0" fromWho="0" sc="402,30,52,-5,404,-10,132,-5" /><INIT seed="3,0,0,4,0,106" ten="432,47,394,127" oya="3" hai0="49,34,31,24,42,119,65,35,82,93,9,3,134" hai1="114,97,29,63,60,75,113,85,131,76,1,13,69" hai2="8,15,11,57,53,5,51,6,26,20,46,133,21" hai3="39,83,68,112,12,7,45,89,79,52,98,17,18"/><W38/><G68/><T28/><D119/><U25/><E131/><V105/><F105/><W91/><G112/><T10/><D134/><U101/><E85/><V118/><F118/><W27/><G7/><T36/><D36/><U66/><E13/><V128/><F128/><W4/><G4/><T84/><D3/><U14/><E14/><V73/><F133/><W130/><G130/><T80/><D65/><U54/><E1/><V95/><F73/><W70/><G27/><T77/><D93/><U117/><E117/><V86/><F26/><W32/><G89/><T124/><D124/><U102/><E102/><V125/><F125/><W22/><G45/><T108/><D108/><U121/><E54/><V92/><F92/><W120/><G52/><T115/><D115/><U59/><E59/><V94/><F94/><W122/><G18/><T37/><D37/><U0/><E63/><V100/><F46/><W71/><G91/><T107/><D107/><U62/><E62/><V30/><F30/><N who="0" m="11306" /><D34/><U72/><E0/><V19/><F86/><W109/><G12/><T58/><D35/><N who="1" m="20911" /><E121/><V123/><F123/><W87/><G122/><T103/><D103/><U23/><E23/><V16/><F5/><W2/><G120/><T99/><D99/><U33/><E33/><V47/><F47/><W48/><G87/><N who="0" m="48527" /><D24/><U50/><E50/><V78/><F78/><W81/><G48/><T74/><D84/><U111/><E111/><V44/><F44/><W55/><G109/><T88/><D42/><U64/><E64/><V40/><F40/><W90/><G32/><T43/><D43/><RYUUKYOKU ba="0,0" sc="432,0,47,0,394,0,127,0" owari="432,53.2,47,-45.3,394,19.4,127,-27.3" /></mjloggm>