<mjloggm ver="2.3"><GO type="225" lobby="0"/><UN n0="%E6%97%A5%E6%9B%9C%E6%97%A5%E3%82%88%E3%82%8A%E3%81%AE%E4%BD%BF%E8%80%85" n1="%6C%61%6D%62" n2="%E8%81%B7%E6%A5%AD%E3%80%81%E9%A2%A8%32" n3="%33%74%72%65%65" dan="17,16,16,17" rate="2151.95,2137.42,2096.26,2136.36" sx="M,M,M,F"/><TAIKYOKU oya="0"/><INIT seed="0,0,0,3,1,12" ten="250,250,250,250" oya="0" hai0="41,63,97,53,54,33,60,18,31,38,108,93,73" hai1="72,71,109,113,119,70,83,117,78,42,43,110,30" hai2="4,130,27,40,23,87,77,98,34,74,94,19,66" hai3="36,58,104,80,86,35,124,26,122,90,65,13,135"/><T9/><D73/><U1/><E1/><V123/><F123/><W59/><G122/><T7/><D33/><U50/><E30/><V32/><F130/><W120/><G120/><T46/><D31/><U134/><E134/><V96/><F74/><W116/><G116/><T85/><D85/><U128/><E128/><V84/><F98/><W100/><G36/><T10/><D108/><N who="1" m="41579" /><E113/><V115/><F115/><W25/><G124/><T24/><D63/><U57/><E57/><V48/><F66/><W62/><G35/><T2/><D60/><U47/><E43/><V55/><F40/><W68/><G135/><T67/><D67/><U44/><E44/><V15/><F84/><W114/><G114/><T126/><D126/><U92/><E92/><V3/><F3/><W82/><G82/><T127/><D127/><U112/><E112/><V95/><F4/><W91/><G59/><T102/><REACH who="0" step="1"/><D10/><REACH who="0" ten="240,250,250,250" step="2"/><U103/><E72/><V6/><F32/><W107/><G65/><T129/><D129/><U76/><E117/><V132/><F132/><W79/><G62/><T52/><D52/><U16/><E119/><V37/><F34/><W101/><G68/><T20/><AGARI ba="0,1" hai="2,7,9,18,20,24,38,41,46,53,54,93,97,102" machi="20" ten="30,6000,0" yaku="1,1,0,1,52,1,53,0" doraHai="12" doraHaiUra="64" who="0" fromWho="0" sc="240,70,250,-20,250,-20,250,-20" /><INIT seed="0,1,0,5,0,31" ten="310,230,230,230" oya="0" hai0="129,25,92,36,119,9,102,64,104,79,122,86,60" hai1="76,87,30,20,5,47,110,133,26,89,77,41,94" hai2="78,113,107,1,57,59,14,80,67,65,35,12,43" hai3="117,28,34,74,27,126,2,88,118,38,51,46,111"/><T6/><D119/><U68/><E68/><V40/><F107/><W15/><G111/><T7/><D122/><U17/><E110/><V134/><F1/><W115/><G115/><T22/><D36/><U53/><E133/><V96/><F96/><W125/><G2/><T49/><D129/><U127/><E127/><N who="3" m="48650" /><G74/><T131/><D131/><U16/><E53/><V33/><F80/><W39/><G15/><T108/><D108/><U121/><E5/><V58/><F59/><W106/><G106/><T73/><D73/><U18/><REACH who="1" step="1"/><E121/><REACH who="1" ten="310,220,230,230" step="2"/><V0/><F134/><W24/><G118/><T100/><D6/><U55/><E55/><V19/><F113/><W135/><G117/><T63/><D7/><U109/><E109/><V132/><F132/><W4/><G135/><T11/><D64/><U32/><E32/><V99/><F0/><W103/><G4/><T91/><D104/><U123/><E123/><V75/><F67/><W66/><G66/><T29/><D79/><U124/><E124/><V116/><F65/><W62/><G34/><T95/><D49/><AGARI ba="1,1" hai="16,17,18,20,26,30,41,47,49,76,77,87,89,94" machi="49" ten="40,5200,0" yaku="1,1,8,1,54,1,53,0" doraHai="31" doraHaiUra="10" who="1" fromWho="0" sc="310,-55,220,65,230,0,230,0" /><INIT seed="1,0,0,5,0,55" ten="255,285,230,230" oya="1" hai0="17,29,45,122,83,36,99,120,6,46,67,4,97" hai1="32,105,79,57,15,128,7,94,51,62,104,87,103" hai2="135,48,30,101,110,34,124,129,65,3,70,126,127" hai3="133,28,43,71,59,61,11,98,130,68,5,113,91"/><U21/><E32/><V81/><F110/><W63/><G113/><T90/><D29/><U50/><E105/><V41/><F3/><W49/><G133/><T115/><D115/><U14/><E104/><V100/><F135/><W95/><G130/><T37/><D67/><U106/><E106/><V132/><F132/><W18/><G18/><T1/><D17/><N who="1" m="10423" /><E128/><V96/><F129/><W13/><G28/><T66/><D66/><N who="1" m="39247" /><E79/><V89/><F34/><W114/><G114/><T24/><D24/><U26/><E26/><V116/><F116/><W33/><G33/><T44/><D1/><U73/><E73/><V111/><F111/><W35/><G35/><T60/><D37/><U102/><E87/><V22/><F70/><W52/><REACH who="3" step="1"/><G63/><REACH who="3" ten="255,285,230,220" step="2"/><T80/><D60/><U53/><E51/><V77/><F48/><W64/><G64/><T117/><D117/><U134/><E134/><V84/><F65/><W23/><G23/><T40/><D36/><U123/><E123/><V125/><F22/><W2/><G2/><T19/><D122/><U54/><E50/><V31/><F124/><W16/><G16/><T76/><D19/><U56/><E7/><V88/><F30/><W10/><G10/><T93/><D120/><U86/><E53/><V109/><F31/><W20/><G20/><T119/><D119/><U75/><E54/><V25/><F109/><W85/><G85/><T38/><D4/><U39/><E86/><N who="2" m="48431" /><F41/><W0/><G0/><T9/><D6/><U12/><E39/><V8/><F8/><W72/><G72/><N who="0" m="43015" /><D9/><U82/><E75/><V92/><F25/><RYUUKYOKU ba="0,1" sc="255,-15,285,-15,230,15,220,15" hai2="84,88,89,92,96,100,101,125,126,127" hai3="5,11,13,43,49,52,59,61,68,71,91,95,98" /><INIT seed="2,1,1,5,4,113" ten="240,270,245,235" oya="2" hai0="60,42,43,101,122,2,13,5,84,128,6,125,72" hai1="98,117,92,16,69,110,78,33,75,109,131,68,123" hai2="1,45,116,66,59,30,31,100,126,46,38,115,85" hai3="94,81,11,35,99,26,23,67,55,18,104,56,105"/><V132/><F116/><W130/><G130/><T134/><D72/><U0/><E0/><V114/><F1/><W88/><G35/><T107/><D2/><U82/><E33/><V12/><F126/><W120/><G120/><T79/><D122/><U3/><E3/><V7/><F132/><W121/><G121/><T29/><D107/><U51/><E123/><V48/><F38/><W127/><G127/><T87/><D125/><U34/><E34/><V95/><F114/><W119/><G119/><T41/><D134/><U91/><E117/><V63/><F46/><W90/><G67/><T74/><D128/><U106/><E131/><V129/><F129/><W28/><G11/><T52/><D74/><U50/><E106/><V25/><F115/><W64/><G64/><T53/><D101/><U24/><E51/><V86/><F7/><N who="0" m="2570" /><D29/><N who="2" m="10762" /><F12/><W37/><G28/><T54/><D79/><U124/><E50/><V61/><F61/><N who="3" m="35999" /><G37/><T21/><D60/><U8/><E124/><V49/><F25/><W47/><G47/><T89/><D89/><U77/><E77/><V44/><F44/><W40/><G40/><N who="0" m="10243" /><T118/><DORA hai="133" /><D118/><U93/><E24/><V9/><F9/><W32/><G32/><T36/><D36/><U15/><REACH who="1" step="1"/><E93/><REACH who="1" ten="240,260,245,235" step="2"/><V135/><F135/><W27/><G27/><T80/><D80/><U14/><E14/><V65/><F95/><N who="3" m="56807" /><G81/><T102/><D13/><U70/><AGARI ba="1,2" hai="8,15,16,68,69,70,75,78,82,91,92,98,109,110" machi="70" ten="40,5200,0" yaku="1,1,0,1,54,1,53,0" doraHai="113,133" doraHaiUra="71,112" who="1" fromWho="1" sc="240,-14,260,75,245,-27,235,-14" /><INIT seed="3,0,0,5,2,12" ten="226,335,218,221" oya="3" hai0="1,6,53,18,43,106,55,26,89,70,38,111,101" hai1="112,34,4,41,27,114,39,8,73,91,110,77,52" hai2="74,25,54,97,66,100,135,103,21,130,61,28,0" hai3="58,105,119,118,11,93,104,17,46,87,5,79,71"/><W20/><G71/><T68/><D106/><U42/><E91/><V107/><F74/><W63/><G46/><T129/><D101/><U36/><E52/><V48/><F0/><W78/><G105/><T67/><D6/><U44/><E41/><V121/><F103/><W56/><G104/><T126/><D1/><N who="1" m="15" /><E39/><V132/><F121/><W32/><G32/><T9/><D111/><U120/><E120/><V109/><F109/><W62/><G118/><T13/><D126/><U124/><E124/><V3/><F3/><W72/><G72/><T69/><D129/><U76/><E76/><N who="3" m="29226" /><G119/><T83/><D26/><U14/><E14/><V30/><F130/><W59/><G11/><T96/><D67/><U94/><E94/><V24/><F66/><W128/><G5/><T23/><D9/><U15/><E77/><V45/><REACH who="2" step="1"/><F61/><REACH who="2" ten="226,335,208,221" step="2"/><W99/><G128/><T88/><D38/><U117/><E73/><V22/><AGARI ba="0,1" hai="21,22,24,25,28,30,45,48,54,97,100,107,132,135" machi="22" ten="30,7900,0" yaku="1,1,2,1,0,1,9,1,53,0" doraHai="12" doraHaiUra="116" who="2" fromWho="2" sc="226,-20,335,-20,208,89,221,-39" owari="206,-19.4,315,41.5,297,9.7,182,-31.8" /></mjloggm>