<mjloggm ver="2.3"><GO type="225" lobby="0"/><UN n0="%E9%97%98%E5%B0%86%E3%81%A0%E3%82%93%E3%81%A7%E3%81%83" n1="%72%65%6E%6B%75%6E" n2="%E3%83%A9%E3%83%BC%E3%83%A1%E3%83%B3%E4%BA%94%E9%83%8E" n3="%E5%A4%9C%E3%81%AE%E3%82%AC%E3%82%B9%E3%83%91%E3%83%BC%E3%83%AB" dan="16,17,16,16" rate="2133.27,2211.16,2106.19,2119.95" sx="M,M,M,M"/><TAIKYOKU oya="0"/><INIT seed="0,0,0,0,2,33" ten="250,250,250,250" oya="0" hai0="126,17,111,13,124,44,12,68,134,85,135,2,36" hai1="88,100,86,23,130,71,76,109,79,97,123,83,37" hai2="29,4,41,129,53,8,16,110,81,99,127,90,9" hai3="58,21,91,65,57,62,55,77,49,66,98,50,47"/><T56/><D68/><U28/><E37/><V67/><F110/><W3/><G77/><T108/><D2/><U7/><E71/><V51/><F127/><N who="0" m="48682" /><D56/><U6/><E123/><V32/><F129/><W72/><G72/><T133/><D85/><U116/><E116/><V54/><F67/><N who="3" m="39375" /><G21/><N who="0" m="11431" /><D36/><U82/><E109/><N who="0" m="42057" /><D13/><U35/><E130/><V102/><F99/><W122/><G3/><T19/><D19/><U14/><E14/><V125/><F125/><W75/><G75/><T107/><D107/><U115/><E79/><V52/><F16/><W112/><G122/><T78/><D44/><U87/><E35/><V63/><F32/><W93/><G112/><T40/><D40/><AGARI ba="0,0" hai="40,47,49,50,55,58,65,66,91,93,98" m="39375" machi="40" ten="30,1000,0" yaku="8,1" doraHai="33" who="3" fromWho="0" sc="250,-10,250,0,250,0,250,10" /><INIT seed="1,0,0,5,2,89" ten="240,250,250,260" oya="1" hai0="14,91,40,11,20,49,126,17,59,69,83,55,118" hai1="19,39,108,22,81,93,75,30,42,132,133,115,95" hai2="10,101,33,57,23,85,125,68,107,99,123,5,53" hai3="100,7,50,62,41,120,73,135,72,106,74,45,29"/><U58/><E115/><V4/><F123/><W28/><G120/><T87/><D126/><U2/><E2/><V27/><F125/><W37/><G135/><N who="1" m="51786" /><E30/><V24/><F68/><W88/><G7/><T38/><D69/><U92/><E108/><V127/><F127/><W134/><G134/><T110/><D110/><U131/><E131/><V66/><F66/><W112/><G112/><T97/><D38/><U61/><E39/><V78/><F33/><W1/><G1/><T35/><D35/><U9/><E9/><V0/><F4/><W15/><G15/><T71/><D71/><U124/><E42/><V77/><F85/><W80/><G37/><T13/><D118/><U86/><E75/><V18/><REACH who="2" step="1"/><F27/><REACH who="2" ten="240,250,240,260" step="2"/><W104/><G73/><T130/><D130/><U3/><E124/><V8/><F8/><W21/><G74/><T67/><D67/><N who="1" m="39351" /><E3/><V25/><F25/><W32/><G72/><T63/><D11/><U12/><E81/><V128/><F128/><W26/><G80/><T129/><D129/><U113/><E113/><V122/><F122/><W16/><G32/><T56/><D13/><U121/><E121/><V47/><F47/><W60/><G45/><T70/><D70/><U117/><E86/><V96/><F96/><W94/><G26/><T90/><D97/><U6/><E6/><V102/><F102/><W114/><G100/><T82/><D82/><U105/><E117/><V34/><F34/><W84/><G114/><T119/><D119/><U111/><E111/><V51/><AGARI ba="0,1" hai="0,5,10,18,23,24,51,53,57,77,78,99,101,107" machi="51" ten="20,2700,0" yaku="1,1,0,1,7,1,53,0" doraHai="89" doraHaiUra="109" who="2" fromWho="2" sc="240,-7,250,-13,240,37,260,-7" /><INIT seed="2,0,0,4,5,25" ten="233,237,277,253" oya="2" hai0="129,7,58,20,26,120,124,113,84,43,72,33,93" hai1="30,14,27,8,104,82,105,13,116,99,22,2,134" hai2="119,28,101,16,23,92,56,65,74,32,94,71,10" hai3="4,55,54,35,6,38,62,133,40,96,39,125,90"/><V0/><F119/><W91/><G125/><T118/><D72/><U102/><E134/><V19/><F74/><W127/><G127/><T83/><D113/><U85/><E116/><V34/><F71/><W70/><G35/><T131/><D124/><U15/><E2/><V66/><F0/><W9/><G40/><T126/><D126/><U63/><E63/><V81/><F32/><W3/><G133/><T42/><D118/><U123/><E123/><V37/><F37/><W100/><G70/><T64/><D93/><N who="2" m="35946" /><F101/><W111/><G111/><T12/><D33/><U5/><REACH who="1" step="1"/><E105/><REACH who="1" ten="233,227,277,253" step="2"/><V106/><F106/><W17/><G62/><N who="0" m="37975" /><D120/><U57/><E57/><V45/><F56/><W18/><G3/><T50/><D131/><U121/><E121/><V44/><F45/><W31/><G100/><T67/><D129/><U46/><E46/><V89/><F44/><W49/><G39/><T132/><D132/><U97/><E97/><V53/><F66/><W122/><G38/><T107/><D67/><U68/><E68/><V52/><F65/><W36/><G36/><T24/><D107/><U47/><E47/><V76/><F53/><W115/><G122/><T79/><D50/><U86/><E86/><V80/><F52/><W95/><G54/><T114/><D114/><U48/><E48/><V1/><F1/><W29/><G115/><T109/><D109/><U108/><E108/><V51/><F51/><W112/><G112/><T41/><D7/><U73/><E73/><V21/><F76/><AGARI ba="0,1" hai="5,8,13,14,15,22,27,30,76,82,85,99,102,104" machi="76" ten="30,3900,0" yaku="1,1,7,1,52,1,53,0" doraHai="25" doraHaiUra="61" who="1" fromWho="2" sc="233,0,227,49,277,-39,253,0" /><INIT seed="3,0,0,0,0,94" ten="233,276,238,253" oya="3" hai0="108,47,73,101,116,122,33,38,114,56,87,16,46" hai1="42,34,67,131,25,123,82,5,69,55,15,53,86" hai2="28,30,9,36,93,112,97,103,20,4,85,0,84" hai3="24,100,98,127,10,63,125,106,65,109,7,59,133"/><W91/><G133/><T49/><D73/><U62/><E123/><V64/><F112/><W58/><G109/><T21/><D33/><U135/><E135/><V66/><F36/><W89/><G24/><T14/><D116/><U104/><E104/><V12/><F0/><W132/><G59/><T96/><D122/><U40/><E131/><V32/><F32/><W71/><G71/><T68/><D68/><U90/><E5/><V111/><F111/><W88/><REACH who="3" step="1"/><G132/><REACH who="3" ten="233,276,238,243" step="2"/><T70/><D70/><U107/><E25/><N who="2" m="16423" /><F30/><W41/><G41/><T31/><D108/><U117/><E42/><V92/><F92/><W77/><G77/><T23/><D114/><U120/><E40/><V35/><F35/><W72/><G72/><T105/><D31/><U124/><E34/><V1/><F1/><AGARI ba="0,1" hai="1,7,10,58,63,65,88,89,91,98,100,106,125,127" machi="1" ten="40,7700,0" yaku="1,1,52,1,54,1,53,0" doraHai="94" doraHaiUra="130" who="3" fromWho="2" sc="233,0,276,0,238,-77,243,87" owari="233,-16.7,276,7.6,161,-33.9,330,43.0" /></mjloggm>