<mjloggm ver="2.3"><GO type="225" lobby="0"/><UN n0="%E3%81%B5%E3%81%98%E3%81%8B%E3%81%A4" n1="%E5%BA%97%E9%95%B7%4D" n2="%E3%81%BF%E3%81%BF%E3%81%9A" n3="%E3%82%BC%E3%83%AB%E3%83%80%E3%81%AE%E4%BC%9D%E8%AA%AC" dan="17,16,18,17" rate="2207.38,2105.10,2244.80,2207.61" sx="M,M,M,M"/><TAIKYOKU oya="0"/><INIT seed="0,0,0,3,2,108" ten="250,250,250,250" oya="0" hai0="10,86,45,12,56,134,35,79,54,42,4,49,76" hai1="63,65,109,68,67,25,7,127,53,58,132,124,62" hai2="23,61,38,48,112,77,70,80,72,22,2,101,41" hai3="13,15,94,135,1,78,84,5,50,110,0,97,8"/><T96/><D35/><U99/><E7/><V73/><F101/><W119/><G119/><T27/><D134/><U60/><E99/><V82/><F2/><W126/><G110/><T71/><D71/><N who="1" m="42407" /><E25/><V59/><F38/><W93/><G126/><N who="1" m="48170" /><E109/><V64/><F112/><W115/><G115/><T83/><D96/><U114/><E132/><V29/><F29/><W39/><G39/><T20/><D79/><U88/><E88/><V36/><F80/><W30/><G135/><T129/><D129/><U75/><E75/><V107/><F72/><W31/><G0/><T18/><REACH who="0" step="1"/><D56/><REACH who="0" ten="240,250,250,250" step="2"/><U91/><E91/><V44/><REACH who="2" step="1"/><F107/><REACH who="2" ten="240,250,240,250" step="2"/><W34/><G34/><T9/><D9/><U74/><E74/><V120/><F120/><W51/><G8/><T21/><D21/><U40/><E40/><AGARI ba="0,2" hai="4,10,12,18,20,27,40,42,45,49,54,76,83,86" machi="40" ten="40,7700,0" yaku="1,1,8,1,53,1" doraHai="108" doraHaiUra="14" who="0" fromWho="1" sc="240,97,250,-77,240,0,250,0" /><INIT seed="0,1,0,0,1,70" ten="337,173,240,250" oya="0" hai0="95,44,69,6,30,109,14,20,116,93,134,15,33" hai1="63,117,108,118,4,98,11,2,130,110,59,90,55" hai2="123,88,41,45,97,119,42,91,56,78,127,16,120" hai3="75,122,135,10,76,87,132,53,49,58,60,113,72"/><T38/><D116/><U86/><E98/><V25/><F78/><W81/><G113/><T21/><D69/><U107/><E107/><V84/><F119/><W82/><G122/><T48/><D134/><N who="3" m="51241" /><G10/><T39/><D33/><U105/><E105/><V47/><F127/><W133/><N who="3" m="51249" /><W37/><DORA hai="111" /><G37/><T101/><D109/><N who="1" m="42091" /><E130/><V80/><F56/><N who="3" m="32815" /><G82/><AGARI ba="1,0" hai="2,4,11,55,59,63,82,86,90,117,118" m="42091" machi="82" ten="30,1000,0" yaku="14,1" doraHai="70,111" who="1" fromWho="3" sc="337,0,173,13,240,0,250,-13" /><INIT seed="1,0,0,4,5,52" ten="337,186,240,237" oya="1" hai0="4,126,71,7,119,115,48,134,57,8,14,2,111" hai1="83,130,53,45,65,9,41,29,32,58,72,100,104" hai2="106,78,51,25,28,37,17,103,55,24,135,46,11" hai3="117,69,74,85,90,10,30,101,98,22,27,49,40"/><U82/><E130/><V102/><F135/><W125/><G74/><T89/><D71/><U122/><E122/><V73/><F106/><W108/><G69/><T120/><D115/><U95/><E104/><V127/><F127/><W91/><G108/><T79/><D119/><U35/><E65/><V128/><F128/><W0/><G125/><T124/><D120/><U1/><E9/><V123/><F123/><W132/><G132/><T6/><D134/><U109/><E1/><V43/><F78/><W99/><G117/><T56/><D79/><U12/><E12/><V44/><F73/><W59/><G0/><T50/><D111/><U107/><E107/><V105/><F105/><W88/><G10/><T70/><D70/><U67/><E67/><V23/><REACH who="2" step="1"/><F11/><REACH who="2" ten="337,186,230,237" step="2"/><W86/><G99/><T13/><D2/><U26/><E109/><V38/><F38/><W47/><G47/><T33/><D126/><U36/><E72/><V80/><F80/><W114/><G98/><T112/><D124/><U97/><REACH who="1" step="1"/><E35/><AGARI ba="0,1" hai="17,23,24,25,28,35,37,43,44,46,51,55,102,103" machi="35" ten="30,2000,0" yaku="1,1,7,1,53,0" doraHai="52" doraHaiUra="81" who="2" fromWho="1" sc="337,0,186,-20,230,30,237,0" /><INIT seed="2,0,0,2,0,29" ten="337,166,260,237" oya="2" hai0="26,95,126,130,135,65,122,10,13,50,60,43,107" hai1="39,86,102,52,61,46,112,38,9,132,79,128,53" hai2="34,27,69,31,96,17,127,119,23,41,78,108,36" hai3="11,59,5,91,84,99,115,114,12,33,7,72,40"/><V20/><F119/><W35/><G72/><T101/><D122/><U121/><E102/><V80/><F127/><W120/><G120/><T85/><D126/><U1/><E121/><V64/><F108/><W57/><G99/><T56/><D107/><U117/><E112/><N who="3" m="43050" /><G40/><T133/><D130/><U77/><E117/><V58/><F69/><W54/><G5/><T82/><D26/><U113/><E113/><V68/><F68/><W8/><G8/><T110/><D95/><U73/><E128/><V92/><F36/><W62/><G57/><T66/><D101/><U100/><E100/><V28/><F41/><W18/><G7/><N who="0" m="3295" /><D110/><U45/><E132/><N who="0" m="50761" /><D50/><U134/><E134/><V125/><F125/><W129/><G129/><T97/><D97/><U25/><E25/><V75/><F31/><W55/><G55/><N who="0" m="33823" /><D43/><U63/><E9/><V4/><F4/><W88/><G91/><AGARI ba="0,0" hai="65,66,82,85,91" m="33823,50761,3295" machi="91" ten="30,1000,0" yaku="20,1" doraHai="29" who="0" fromWho="3" sc="337,10,166,0,260,0,237,-10" /><INIT seed="3,0,0,5,5,130" ten="347,166,260,227" oya="3" hai0="12,121,36,114,29,105,66,17,4,39,119,1,84" hai1="83,30,132,44,63,89,7,6,62,116,111,26,41" hai2="52,19,88,60,123,51,18,67,20,99,122,35,45" hai3="72,101,70,129,125,22,76,59,25,75,14,92,55"/><W71/><G14/><T28/><D105/><U131/><E111/><V124/><F35/><W73/><G76/><T23/><D84/><U100/><E131/><V87/><F99/><W112/><G129/><T115/><D119/><U8/><E100/><V24/><F124/><W5/><G5/><T9/><D66/><U97/><E116/><V53/><F53/><W128/><G112/><N who="0" m="43051" /><D121/><U48/><E7/><V120/><F20/><W11/><G11/><T13/><D13/><U90/><E97/><V21/><F21/><W110/><G22/><T68/><D68/><U2/><E132/><V57/><F24/><W81/><G59/><T49/><D49/><U50/><E50/><V15/><F15/><W0/><G55/><T113/><D113/><U58/><E83/><AGARI ba="0,0" hai="18,19,45,51,52,57,60,67,83,87,88,120,122,123" machi="83" ten="40,5200,0" yaku="13,1,54,2" doraHai="130" who="2" fromWho="1" sc="347,0,166,-52,260,52,227,0" owari="347,44.7,114,-38.6,312,11.2,227,-17.3" /></mjloggm>