<mjloggm ver="2.3"><GO type="225" lobby="0"/><UN n0="%E6%B0%B7%E5%B7%9D%E9%87%8C%E5%A5%88" n1="%E6%A1%9C%E8%8A%B1%E9%96%83%E3%80%85" n2="%E5%B8%86%E7%AB%8B%E5%A4%8F%E8%A1%A3" n3="%E4%B8%AD%E5%B9%B4%E3%81%AE%E5%8D%B1%E6%A9%9F" dan="16,16,16,17" rate="2105.99,2078.57,2081.51,2208.82" sx="F,M,M,M"/><TAIKYOKU oya="0"/><INIT seed="0,0,0,1,4,123" ten="250,250,250,250" oya="0" hai0="76,2,55,108,115,99,129,36,111,32,77,56,18" hai1="107,132,72,121,67,8,105,31,86,66,114,97,71" hai2="0,124,50,48,112,87,12,49,60,120,63,43,33" hai3="135,42,44,109,28,95,70,106,5,80,119,7,101"/><T92/><D115/><U47/><E121/><V21/><F0/><W126/><G70/><T51/><D36/><U61/><E72/><V11/><F112/><W53/><G106/><T52/><D2/><U103/><E114/><V62/><F33/><W90/><G119/><T125/><D125/><U41/><E132/><V37/><F124/><W25/><G53/><T110/><D129/><U94/><E67/><V82/><F120/><W20/><G135/><T23/><D32/><U14/><E31/><V134/><F134/><W17/><G126/><T102/><REACH who="0" step="1"/><D55/><REACH who="0" ten="240,250,250,250" step="2"/><U34/><E34/><V59/><F37/><W26/><G42/><T130/><D130/><U24/><E41/><V98/><F43/><W40/><G40/><T6/><D6/><U117/><E117/><V15/><F59/><W78/><G44/><T30/><D30/><U88/><E47/><V93/><F21/><W83/><G20/><T116/><D116/><U38/><E38/><V29/><F29/><W127/><G28/><T39/><D39/><U46/><E46/><V74/><F11/><W4/><G127/><T118/><D118/><U9/><E9/><V13/><F74/><W10/><G10/><T58/><D58/><U22/><E22/><V133/><F133/><W91/><G17/><T85/><D85/><U69/><E69/><V128/><F128/><W1/><G1/><T104/><D104/><U45/><E45/><V81/><F87/><W35/><G35/><T75/><D75/><U73/><E73/><V79/><F79/><W84/><G78/><T68/><D68/><U64/><E71/><RYUUKYOKU ba="0,1" sc="240,15,250,-15,250,15,250,-15" hai0="18,23,51,52,56,76,77,92,99,102,108,110,111" hai2="12,13,15,48,49,50,60,62,63,81,82,93,98" /><INIT seed="0,1,1,2,3,115" ten="255,235,265,235" oya="0" hai0="41,45,28,63,40,98,83,62,114,30,33,39,20" hai1="78,36,91,0,93,68,70,64,6,107,59,88,35" hai2="14,44,55,60,24,110,119,103,123,11,92,69,48" hai3="97,111,10,129,25,58,113,4,2,71,26,27,67"/><T13/><D114/><U74/><E107/><V29/><F123/><W105/><G113/><T118/><D118/><U3/><E35/><V94/><F110/><W86/><G111/><T32/><D41/><U1/><E36/><V131/><F131/><W51/><G129/><T38/><D38/><U100/><E100/><V80/><F119/><W85/><G71/><T56/><D83/><U31/><E31/><V106/><F80/><W54/><REACH who="3" step="1"/><G67/><REACH who="3" ten="255,235,265,225" step="2"/><T75/><D33/><U133/><E64/><V7/><F69/><W108/><G108/><T37/><D32/><U18/><E70/><V132/><F132/><W126/><G126/><T9/><D39/><U52/><E68/><V76/><F60/><W120/><G120/><T130/><D130/><U84/><E133/><V46/><F48/><W124/><G124/><T99/><D37/><U122/><E122/><V82/><F55/><W42/><G42/><T79/><D40/><U65/><E65/><V127/><F127/><W22/><G22/><T77/><D20/><U34/><E34/><V23/><F23/><W95/><G95/><T135/><D135/><U43/><E52/><V21/><F94/><W17/><G17/><T101/><D45/><U66/><E18/><V47/><F106/><W16/><G16/><T53/><D53/><U8/><E43/><V128/><F128/><W89/><G89/><T57/><D30/><U90/><E90/><V19/><F19/><W112/><G112/><T61/><D28/><U117/><E91/><V102/><F92/><W49/><G49/><T125/><D125/><U121/><E93/><RYUUKYOKU ba="1,2" sc="255,-15,235,-15,265,15,225,15" hai2="7,11,14,21,24,29,44,46,47,76,82,102,103" hai3="2,4,10,25,26,27,51,54,58,85,86,97,105" /><INIT seed="1,2,2,3,4,91" ten="240,220,280,240" oya="1" hai0="10,36,43,22,64,118,115,89,114,99,120,75,56" hai1="88,44,95,39,81,93,76,13,50,135,116,132,69" hai2="49,20,134,15,133,111,90,102,85,92,48,107,28" hai3="14,42,59,86,37,60,6,8,45,126,34,30,108"/><U33/><E116/><V124/><F111/><W103/><G108/><T83/><D118/><U46/><E33/><V35/><F35/><W21/><G126/><T4/><D120/><U119/><E119/><V128/><F128/><W112/><G112/><T79/><D22/><U40/><E69/><V61/><F124/><W65/><G34/><T122/><D122/><U1/><E1/><V41/><F41/><W84/><REACH who="3" step="1"/><G103/><REACH who="3" ten="240,220,280,230" step="2"/><T87/><D115/><U98/><E13/><V125/><F125/><W54/><G54/><T47/><D114/><U70/><E70/><V74/><F15/><W5/><G5/><T68/><D4/><U121/><E121/><V26/><F102/><W66/><G66/><T27/><D68/><U38/><E95/><V29/><F92/><W123/><G123/><T97/><D64/><U62/><E62/><V127/><F127/><W24/><AGARI ba="2,3" hai="6,8,14,21,24,30,37,42,45,59,60,65,84,86" machi="24" ten="30,7900,0" yaku="1,1,0,1,53,2" doraHai="91" doraHaiUra="82" who="3" fromWho="3" sc="240,-22,220,-41,280,-22,230,115" /><INIT seed="2,0,0,0,2,39" ten="218,179,258,345" oya="2" hai0="86,46,75,40,63,80,119,130,16,105,44,82,10" hai1="67,65,37,109,0,5,24,19,72,121,29,118,60" hai2="128,52,35,53,26,58,69,103,120,1,9,87,78" hai3="41,36,56,90,123,54,68,3,129,20,95,106,6"/><V114/><F114/><W47/><G123/><T88/><D105/><U132/><E118/><V131/><F69/><W107/><G129/><N who="2" m="49737" /><F120/><W98/><G68/><T49/><D130/><U70/><E109/><V59/><F103/><W110/><G110/><T73/><D119/><U45/><E121/><V127/><F127/><W61/><REACH who="3" step="1"/><G20/><REACH who="3" ten="218,179,258,335" step="2"/><T28/><D28/><U34/><E70/><V27/><F35/><W25/><G25/><N who="2" m="9225" /><F59/><W66/><G66/><T100/><D100/><U76/><E67/><V124/><F58/><W62/><G62/><T11/><D63/><U122/><E60/><V97/><F124/><W92/><G92/><T101/><D101/><U22/><E65/><V42/><F97/><W2/><G2/><T21/><D46/><U99/><E99/><V126/><F126/><W4/><G4/><T104/><D104/><U71/><E71/><V12/><F1/><W79/><G79/><T64/><D64/><U50/><E122/><V133/><F133/><W89/><G89/><T57/><D57/><U38/><E132/><V85/><F78/><W32/><G32/><T116/><D116/><U96/><E96/><V83/><F83/><W8/><AGARI ba="0,1" hai="3,6,8,36,41,47,54,56,61,90,95,98,106,107" machi="8" ten="30,7900,0" yaku="1,1,0,1,52,1,53,1" doraHai="39" doraHaiUra="93" who="3" fromWho="3" sc="218,-20,179,-20,258,-39,335,89" /><INIT seed="3,0,0,2,5,53" ten="198,159,219,424" oya="3" hai0="75,34,94,35,110,12,22,71,126,14,70,45,93" hai1="36,104,95,105,124,77,101,11,0,55,4,3,134" hai2="99,57,20,81,84,9,65,16,41,88,17,103,117" hai3="113,133,39,28,37,21,62,13,50,92,122,59,31"/><W87/><G59/><T120/><D120/><U67/><E134/><V69/><F69/><W76/><G21/><T40/><D75/><U106/><E124/><V97/><F117/><W38/><G92/><T68/><D110/><U58/><E36/><N who="3" m="9218" /><W8/><DORA hai="118" /><G50/><T121/><D121/><U73/><E67/><V7/><F41/><W1/><G13/><N who="0" m="5227" /><D22/><U33/><E33/><N who="0" m="12297" /><D45/><U44/><E44/><V114/><F114/><W54/><G87/><T132/><D40/><U2/><E77/><V27/><F17/><W135/><G62/><T125/><D132/><U25/><E25/><V74/><F74/><W64/><G54/><T51/><D51/><U30/><E30/><V129/><F129/><W10/><G64/><T119/><D119/><U15/><E73/><V102/><F65/><W96/><G76/><T80/><D80/><U107/><E95/><AGARI ba="0,0" hai="68,70,71,93,94,95,125,126" m="12297,5227" machi="95" ten="40,2600,0" yaku="28,2" doraHai="53,118" who="0" fromWho="1" sc="198,26,159,-26,219,0,424,0" owari="224,2.4,133,-36.7,219,-18.1,424,52.4" /></mjloggm>