<mjloggm ver="2.3"><GO type="225" lobby="0"/><UN n0="%4E%6F%2E%30%30%30%31" n1="%E3%82%82%E3%81%90%E3%82%89" n2="%E3%81%A1%E3%82%85%E3%81%86%E3%81%A9%E3%81%8F%E8%B1%A1%E3%81%95%E3%82%93" n3="%70%68%65%6E%6F%6D%65" dan="18,16,16,17" rate="2201.10,2157.74,2158.16,2221.27" sx="M,M,M,M"/><TAIKYOKU oya="0"/><INIT seed="0,0,0,0,3,58" ten="250,250,250,250" oya="0" hai0="98,100,59,50,83,120,28,63,90,36,124,128,45" hai1="47,114,24,23,10,35,11,14,62,127,135,43,9" hai2="108,93,1,12,65,130,81,5,0,115,34,71,99" hai3="80,112,75,3,20,73,4,26,66,79,109,22,97"/><T105/><D120/><U102/><E127/><V95/><F115/><W21/><G112/><T126/><D36/><U52/><E135/><V132/><F34/><W117/><G117/><T101/><D128/><U27/><E114/><V119/><F119/><W46/><G109/><T113/><D113/><U76/><E35/><V15/><F81/><W42/><G75/><T87/><D28/><U125/><E102/><V57/><F57/><W133/><G133/><T84/><D101/><U19/><E125/><V116/><F116/><W92/><G66/><T129/><D87/><U110/><E76/><V41/><F41/><W72/><G72/><T55/><REACH who="0" step="1"/><D129/><REACH who="0" ten="240,250,250,250" step="2"/><U37/><E110/><V68/><F130/><W56/><G73/><T78/><D78/><U61/><REACH who="1" step="1"/><E52/><AGARI ba="0,1" hai="45,50,52,55,59,63,83,84,90,98,100,105,124,126" machi="52" ten="40,7700,0" yaku="1,1,52,1,54,1,53,0" doraHai="58" doraHaiUra="18" who="0" fromWho="1" sc="240,87,250,-77,250,0,250,0" /><INIT seed="0,1,0,5,3,28" ten="327,173,250,250" oya="0" hai0="129,80,73,82,72,81,0,7,54,96,52,42,130" hai1="2,44,119,69,10,12,86,91,61,45,55,135,97" hai2="8,38,60,13,40,51,62,107,37,110,122,23,88" hai3="24,98,77,1,27,105,114,74,67,104,21,49,99"/><T95/><D42/><U18/><E119/><V9/><F107/><W93/><G114/><T116/><D116/><U134/><E2/><V53/><F122/><W15/><G1/><T11/><D73/><U71/><E97/><V57/><F110/><W46/><G67/><T20/><D72/><U131/><E131/><N who="0" m="50185" /><D20/><U17/><E17/><V25/><F88/><AGARI ba="1,0" hai="0,7,11,52,54,80,81,82,88,95,96" m="50185" machi="88" ten="30,5800,0" yaku="19,1,54,2" doraHai="28" who="0" fromWho="2" sc="327,61,173,0,250,-61,250,0" /><INIT seed="0,2,0,1,2,100" ten="388,173,189,250" oya="0" hai0="7,131,129,8,67,64,65,108,58,68,103,125,54" hai1="11,107,51,112,23,117,84,59,6,110,43,133,104" hai2="118,78,50,37,26,29,94,116,28,18,76,89,74" hai3="38,4,24,62,61,135,124,120,127,69,39,16,2"/><T111/><D103/><U114/><E117/><N who="2" m="45163" /><F37/><N who="3" m="13835" /><G69/><T48/><D125/><N who="3" m="48201" /><G135/><T73/><D73/><U49/><E110/><N who="0" m="42025" /><D68/><U30/><E133/><V34/><F28/><W25/><G120/><T128/><D67/><U20/><E84/><N who="2" m="52519" /><F74/><W99/><G99/><T121/><D121/><U45/><E59/><V21/><F50/><W40/><G40/><T102/><D102/><U80/><E80/><V71/><F71/><W52/><G52/><T47/><D47/><U95/><E95/><V85/><F85/><W130/><G130/><T57/><D58/><U31/><E51/><V22/><F34/><W113/><G113/><N who="1" m="43626" /><E31/><V105/><F105/><N who="1" m="40521" /><E30/><V72/><F72/><W19/><G61/><T36/><D36/><U42/><E42/><V3/><F3/><AGARI ba="2,0" hai="3,7,8,48,54,57,64,65,128,129,131" m="42025" machi="3" ten="40,7700,0" yaku="19,1,14,1,10,1" doraHai="100" who="0" fromWho="2" sc="388,83,173,0,189,-83,250,0" /><AGARI ba="2,0" hai="3,6,11,20,23,43,45,49" m="40521,43626" machi="3" ten="30,7700,0" yaku="11,1,52,3" doraHai="100" who="1" fromWho="2" sc="471,0,173,77,106,-77,250,0" /><INIT seed="0,3,0,0,4,110" ten="471,250,29,250" oya="0" hai0="18,102,122,71,55,51,105,78,64,23,87,30,48" hai1="108,114,8,133,24,44,45,134,112,76,4,37,20" hai2="10,61,21,130,49,74,50,72,80,3,124,129,31" hai3="100,17,117,1,39,26,22,118,99,79,92,107,2"/><T12/><D122/><U109/><E76/><V19/><F61/><W93/><G39/><T41/><D105/><U116/><E37/><V5/><F31/><W16/><G79/><T126/><D71/><U65/><E44/><V123/><F123/><W40/><G40/><T42/><D64/><U34/><E34/><V0/><F124/><W56/><G56/><T9/><D102/><U95/><E45/><V85/><F0/><W75/><G75/><T90/><D78/><U94/><E94/><V15/><F74/><W131/><G131/><T70/><D70/><U77/><E95/><V111/><F72/><W115/><G115/><N who="1" m="44074" /><E65/><V69/><F69/><W83/><G83/><T89/><D126/><U82/><E116/><V132/><F132/><N who="1" m="50793" /><E82/><V47/><F111/><W7/><G107/><T127/><D127/><U46/><E46/><V28/><F47/><W52/><G52/><T59/><D42/><U36/><E77/><V104/><F104/><W121/><G121/><T103/><D41/><U120/><E36/><V63/><F63/><W98/><G100/><T106/><D103/><U25/><E120/><V73/><F73/><W14/><G117/><T13/><D106/><U67/><E67/><V58/><F58/><W91/><G118/><T81/><D59/><U135/><N who="1" m="50801" /><U125/><DORA hai="35" /><E125/><V38/><F38/><W43/><G43/><T53/><D81/><U119/><E119/><V32/><F130/><W128/><G128/><T84/><D55/><U86/><E86/><V101/><F129/><W54/><G93/><N who="0" m="54439" /><D53/><U113/><N who="1" m="44082" /><U66/><DORA hai="27" /><E109/><RYUUKYOKU ba="3,0" sc="471,0,250,0,29,0,250,0" /><INIT seed="1,4,0,2,1,135" ten="471,250,29,250" oya="1" hai0="12,67,82,15,103,17,99,14,83,53,104,2,60" hai1="101,11,126,8,73,30,64,91,62,78,77,109,59" hai2="130,58,128,57,49,27,115,102,13,119,70,71,38" hai3="66,47,72,117,94,16,51,133,86,69,127,45,81"/><U54/><E126/><V79/><F79/><W44/><G127/><T22/><D2/><U20/><E109/><V114/><F102/><W84/><G133/><T21/><D53/><U88/><E101/><V4/><F27/><W105/><G105/><T36/><D36/><U134/><E73/><V129/><F13/><W92/><G117/><T25/><REACH who="0" step="1"/><D22/><REACH who="0" ten="461,250,29,250" step="2"/><U24/><E134/><V23/><F23/><W85/><G47/><T31/><D31/><U43/><E43/><V108/><F119/><W9/><G45/><T3/><D3/><U96/><E54/><N who="2" m="31951" /><F38/><W132/><G132/><T0/><D0/><U18/><E30/><V29/><F29/><W124/><G124/><T123/><D123/><U89/><E96/><V1/><F1/><W97/><G44/><T113/><D113/><N who="2" m="43018" /><F4/><W111/><G111/><T122/><D122/><U56/><REACH who="1" step="1"/><E56/><AGARI ba="4,1" hai="12,14,15,17,21,25,56,60,67,82,83,99,103,104" machi="56" ten="40,1300,0" yaku="1,1,53,0" doraHai="135" doraHaiUra="116" who="0" fromWho="1" sc="461,35,250,-25,29,0,250,0" /><INIT seed="2,0,0,5,0,121" ten="496,225,29,250" oya="2" hai0="75,13,105,10,1,5,44,100,118,62,113,98,90" hai1="111,67,63,120,24,30,31,70,72,34,61,38,74" hai2="56,43,108,99,19,84,102,135,42,89,52,46,131" hai3="134,25,40,36,17,32,86,69,2,133,88,81,11"/><V95/><F131/><W112/><G69/><T45/><D113/><U37/><E120/><V77/><F135/><N who="3" m="51723" /><G112/><T12/><D118/><U96/><E63/><V27/><F77/><W124/><G124/><T109/><D109/><U104/><E30/><V68/><F68/><W6/><G17/><T116/><D116/><U55/><E55/><V65/><F65/><W97/><G97/><T119/><D119/><U4/><E4/><V80/><F46/><N who="3" m="23815" /><G25/><T49/><D75/><N who="1" m="28715" /><E111/><V51/><REACH who="2" step="1"/><F108/><REACH who="2" ten="496,225,19,250" step="2"/><W83/><G32/><T106/><D45/><U123/><E123/><V50/><F50/><W114/><G114/><T101/><D49/><U16/><E38/><V8/><F8/><W35/><G35/><T127/><D44/><U9/><E9/><V122/><F122/><W29/><G29/><T85/><D127/><U22/><E37/><V33/><F33/><W48/><G48/><T132/><D132/><U78/><E78/><V92/><F92/><AGARI ba="0,1" hai="2,6,11,81,83,86,88,92" m="23815,51723" machi="92" ten="30,2000,0" yaku="20,1,54,1" doraHai="121" who="3" fromWho="2" sc="496,0,225,0,19,-20,250,30" owari="496,59.6,225,-17.5,-1,-50.1,280,8.0" /></mjloggm>