<mjloggm ver="2.3"><GO type="225" lobby="0"/><UN n0="%72%69%6F%75%63%68%61%6E" n1="%43%68%65" n2="%E3%82%B5%E3%83%AB%E3%82%B7%E3%83%B3" n3="%E9%80%9F%E6%B0%B4%E5%87%9B%E9%A6%99" dan="17,16,16,16" rate="2236.06,2160.16,2129.47,2125.98" sx="M,M,M,F"/><TAIKYOKU oya="0"/><INIT seed="0,0,0,3,2,102" ten="250,250,250,250" oya="0" hai0="88,86,40,46,135,0,99,76,93,65,32,1,85" hai1="18,3,127,91,27,73,29,117,8,59,101,9,14" hai2="60,79,25,118,39,70,126,78,81,75,110,19,36" hai3="123,48,51,112,69,43,24,128,44,66,80,68,38"/><T31/><D135/><U22/><E117/><V42/><F19/><W4/><G112/><T84/><D76/><U56/><E127/><V120/><F120/><W23/><G123/><T61/><D32/><U13/><E3/><V104/><F126/><W37/><G4/><T52/><D31/><U15/><E73/><V97/><F42/><N who="3" m="24599" /><G80/><T106/><D106/><U47/><E101/><N who="2" m="62511" /><F118/><W7/><G7/><T122/><D122/><U100/><E100/><V57/><F57/><N who="1" m="22089" /><E29/><V87/><F87/><W109/><G23/><T33/><D33/><U125/><E125/><V26/><F26/><W132/><G24/><T115/><D52/><U20/><E20/><V28/><F79/><W103/><G103/><T53/><D53/><U6/><E6/><V34/><F110/><W62/><G109/><T90/><D115/><U35/><E35/><V10/><F10/><N who="1" m="4201" /><E47/><V49/><F49/><W92/><G92/><T98/><D99/><U74/><E74/><V5/><F5/><W2/><G2/><T71/><REACH who="0" step="1"/><D90/><AGARI ba="0,0" hai="13,14,15,18,22,27,90,91" m="4201,22089" machi="90" ten="30,1000,0" yaku="8,1" doraHai="102" who="1" fromWho="0" sc="250,-10,250,10,250,0,250,0" /><INIT seed="1,0,0,2,4,24" ten="240,260,250,250" oya="1" hai0="133,127,3,104,4,13,82,94,57,96,95,22,107" hai1="41,103,90,64,116,72,118,26,42,59,110,11,0" hai2="56,77,109,68,85,20,79,119,1,15,6,16,52" hai3="71,18,44,38,83,78,130,132,126,14,9,129,131"/><U89/><E72/><V106/><F119/><W66/><G66/><T98/><D127/><U61/><E103/><V62/><F106/><W86/><G71/><T100/><D133/><U101/><E101/><V125/><F125/><W108/><G126/><T65/><D3/><U48/><E110/><V81/><F109/><W36/><G108/><T134/><D134/><U8/><E118/><V93/><F68/><W39/><REACH who="3" step="1"/><G132/><REACH who="3" ten="240,260,250,240" step="2"/><T29/><D65/><U28/><E116/><V25/><F93/><W63/><G63/><T60/><D107/><U121/><E121/><V58/><F58/><W112/><G112/><T31/><D104/><U19/><E64/><V46/><F46/><AGARI ba="0,1" hai="9,14,18,36,38,39,44,46,78,83,86,129,130,131" machi="46" ten="50,3200,0" yaku="1,1,19,1,53,0" doraHai="24" doraHaiUra="37" who="3" fromWho="2" sc="240,0,260,0,250,-32,240,42" /><INIT seed="2,0,0,5,2,18" ten="240,260,218,282" oya="2" hai0="129,122,37,25,90,46,77,126,54,98,28,107,72" hai1="102,76,27,9,50,132,120,124,92,131,3,47,123" hai2="93,111,108,89,82,0,19,65,55,35,43,110,23" hai3="86,26,67,95,75,70,83,12,5,87,15,42,85"/><V14/><F0/><W73/><G70/><T4/><D122/><U31/><E124/><V45/><F35/><W66/><G42/><T22/><D129/><U34/><E131/><V6/><F65/><W56/><G56/><T125/><D4/><U109/><E109/><V119/><F119/><W52/><G52/><T113/><D113/><U116/><E116/><V11/><F55/><W58/><G58/><T117/><D117/><U68/><E68/><V24/><F82/><W135/><G135/><T80/><D90/><U74/><E132/><V48/><F89/><W39/><G39/><T88/><D107/><U1/><E76/><V53/><F53/><W105/><G105/><T118/><D118/><U41/><E74/><V134/><F134/><W69/><G69/><T16/><D28/><U96/><E9/><V106/><F106/><W101/><G5/><T94/><REACH who="0" step="1"/><D37/><REACH who="0" ten="230,260,218,282" step="2"/><U97/><E123/><V63/><REACH who="2" step="1"/><F93/><REACH who="2" ten="230,260,208,282" step="2"/><W60/><G95/><T17/><D17/><U40/><E120/><V91/><F91/><W104/><G104/><T84/><D84/><U38/><E97/><V133/><F133/><W10/><G87/><T2/><D2/><U79/><E79/><V112/><F112/><W128/><G86/><T114/><D114/><U81/><E81/><V36/><F36/><W29/><G85/><T8/><D8/><U49/><E38/><V33/><F33/><W121/><G83/><T103/><D103/><U71/><E102/><V130/><F130/><W44/><G101/><T115/><D115/><U21/><E34/><V20/><F20/><W62/><G128/><RYUUKYOKU ba="0,2" sc="230,15,260,-15,208,15,282,-15" hai0="16,22,25,46,54,72,77,80,88,94,98,125,126" hai2="6,11,14,19,23,24,43,45,48,63,108,110,111" /><INIT seed="2,1,2,2,1,0" ten="245,245,223,267" oya="2" hai0="58,121,70,77,119,67,17,28,110,133,32,66,40" hai1="69,29,65,30,127,73,116,13,4,68,59,94,100" hai2="132,9,95,126,107,38,56,84,71,103,10,33,27" hai3="60,122,80,41,52,131,90,113,14,81,5,51,49"/><V15/><F71/><W3/><G3/><T108/><D121/><U88/><E116/><V54/><F38/><W55/><G131/><T53/><D133/><U120/><E73/><V92/><F132/><W82/><G122/><T62/><D119/><U57/><E120/><V85/><F126/><W12/><G113/><T8/><D77/><U2/><E2/><V36/><F36/><W74/><G74/><T76/><D76/><U123/><E100/><V109/><F107/><W44/><G60/><T24/><D40/><U98/><E123/><V46/><F46/><W91/><G41/><T89/><D89/><N who="3" m="33801" /><G5/><T105/><D105/><U83/><E83/><V61/><F109/><N who="0" m="42090" /><D70/><U117/><E117/><V34/><F34/><W63/><G63/><T16/><D8/><U1/><E127/><V35/><F9/><W130/><G130/><T64/><AGARI ba="1,2" hai="16,17,24,28,32,53,58,62,64,66,67" m="42090" machi="64" ten="30,2000,0" yaku="14,1,54,1" doraHai="0" who="0" fromWho="0" sc="245,43,245,-6,223,-11,267,-6" /><INIT seed="3,0,0,5,2,14" ten="288,239,212,261" oya="3" hai0="22,21,42,118,110,29,104,115,107,81,95,35,97" hai1="98,72,18,44,90,93,50,45,60,12,63,0,28" hai2="74,73,37,3,56,96,92,100,132,26,82,43,86" hai3="109,57,78,25,52,15,70,127,103,128,9,49,80"/><W125/><G70/><T20/><D118/><U119/><E119/><V4/><F132/><W101/><G25/><T117/><D117/><U33/><E0/><V133/><F133/><W58/><G58/><T64/><D110/><U30/><E72/><V48/><F37/><W17/><G128/><T41/><D115/><U65/><E45/><V123/><F123/><W135/><G135/><T79/><D64/><U120/><E120/><V114/><F114/><W61/><G61/><N who="1" m="23626" /><E33/><V24/><F73/><N who="3" m="43087" /><G109/><T62/><D62/><U85/><E98/><V116/><F74/><W126/><AGARI ba="0,0" hai="9,15,17,49,52,57,101,103,125,126,127" m="43087" machi="126" ten="30,6000,0" yaku="18,1,52,1,54,1" doraHai="14" who="3" fromWho="3" sc="288,-20,239,-20,212,-20,261,60" owari="268,6.8,219,-18.1,192,-30.8,321,42.1" /></mjloggm>