<mjloggm ver="2.3"><GO type="225" lobby="0"/><UN n0="%E8%81%B7%E6%A5%AD%E3%80%81%E9%A2%A8%32" n1="%E3%81%A9%E3%82%8F%E3%82%93%E3%81%94" n2="%E5%B8%86%E7%AB%8B%E5%A4%8F%E8%A1%A3" n3="%72%69%6F%75%63%68%61%6E" dan="16,16,16,17" rate="2080.17,2219.83,2111.50,2230.14" sx="M,M,M,M"/><TAIKYOKU oya="0"/><INIT seed="0,0,0,4,0,50" ten="250,250,250,250" oya="0" hai0="107,14,34,125,117,43,110,112,98,65,48,1,85" hai1="111,51,77,19,27,103,102,67,40,81,35,22,123" hai2="104,95,12,88,109,80,7,18,23,16,32,87,30" hai3="113,56,78,92,49,128,47,127,0,120,29,82,20"/><T59/><D1/><U60/><E111/><V129/><F109/><W71/><G113/><T31/><D117/><U28/><E123/><V115/><F129/><W90/><G127/><T132/><D112/><U108/><E108/><V94/><F115/><W114/><G114/><T89/><D110/><U100/><E40/><V83/><F104/><W126/><G126/><T53/><D125/><U121/><E121/><V10/><F32/><W64/><G128/><T124/><D124/><U76/><E51/><V26/><F30/><W46/><G0/><T57/><D132/><U55/><E81/><V86/><F7/><W99/><G120/><T4/><D34/><U58/><REACH who="1" step="1"/><E67/><REACH who="1" ten="250,240,250,250" step="2"/><V134/><F134/><W54/><G64/><T84/><D43/><U105/><E105/><V131/><F131/><W6/><G71/><T68/><D107/><U74/><E74/><V33/><F33/><W116/><G116/><T133/><D68/><U37/><E37/><V66/><F66/><W97/><G82/><T25/><D133/><U61/><E61/><V3/><F3/><W36/><G49/><T130/><D130/><U8/><E8/><V45/><F45/><W118/><G46/><T79/><D65/><U70/><E70/><V13/><F12/><AGARI ba="0,1" hai="12,19,22,27,28,35,55,58,60,76,77,100,102,103" machi="12" ten="40,5200,0" yaku="1,1,52,1,53,1" doraHai="50" doraHaiUra="24" who="1" fromWho="2" sc="250,0,240,62,250,-52,250,0" /><INIT seed="1,0,0,4,1,8" ten="250,302,198,250" oya="1" hai0="51,48,53,101,38,33,18,11,78,21,47,7,118" hai1="12,60,129,119,76,121,85,16,80,37,65,87,126" hai2="82,108,106,32,116,62,31,83,57,41,117,134,1" hai3="23,52,9,128,77,127,100,55,22,114,59,10,63"/><U86/><E121/><V135/><F106/><W20/><G114/><T66/><D33/><U97/><E119/><N who="2" m="45643" /><F1/><W72/><G127/><T42/><D118/><U74/><E126/><V29/><F41/><W39/><G128/><T14/><D101/><U3/><E3/><V64/><F108/><W99/><G39/><T75/><D66/><U122/><E37/><V6/><F6/><W81/><REACH who="3" step="1"/><G55/><REACH who="3" ten="250,302,198,240" step="2"/><T110/><D110/><U28/><E129/><V113/><F113/><W70/><G70/><T73/><D78/><U130/><E130/><V91/><F135/><W25/><G25/><T115/><D115/><U124/><E124/><V90/><F134/><W112/><G112/><T24/><REACH who="0" step="1"/><D38/><REACH who="0" ten="240,302,198,240" step="2"/><U123/><E76/><V88/><F90/><W102/><G102/><T0/><D0/><U17/><E123/><V103/><F91/><W125/><G125/><T27/><D27/><U84/><E122/><V94/><F88/><W68/><G68/><T132/><D132/><U50/><E65/><V26/><F103/><W61/><G61/><T105/><D105/><AGARI ba="0,2" hai="9,10,20,22,23,52,59,63,72,77,81,99,100,105" machi="105" ten="40,2600,0" yaku="1,1,54,1,53,0" doraHai="8" doraHaiUra="35" who="3" fromWho="0" sc="240,-26,302,0,198,0,240,46" /><INIT seed="2,0,0,5,2,17" ten="214,302,198,286" oya="2" hai0="116,4,110,42,18,5,131,58,24,23,36,79,97" hai1="77,0,16,93,65,25,37,10,82,127,1,101,88" hai2="64,135,60,48,7,124,55,68,27,89,130,133,86" hai3="14,33,63,103,78,12,66,112,52,81,31,106,128"/><V92/><F7/><W98/><G128/><T15/><D110/><U83/><E37/><V70/><F130/><W22/><G112/><T80/><D131/><U105/><E65/><V115/><F115/><W54/><G33/><T32/><D116/><U8/><E127/><V53/><F124/><W126/><G126/><T39/><D97/><U62/><E62/><V9/><F9/><W71/><G12/><T21/><D32/><U61/><E61/><V99/><F70/><W134/><G134/><T72/><D58/><U6/><E101/><V19/><F86/><W91/><G91/><T94/><D94/><U51/><E105/><V120/><F120/><W125/><G125/><T41/><D42/><U28/><E51/><V87/><F87/><W75/><G14/><T67/><D67/><U111/><E77/><V38/><F38/><W122/><G122/><T104/><D104/><U40/><E40/><V57/><REACH who="2" step="1"/><F55/><REACH who="2" ten="214,302,188,286" step="2"/><W34/><G22/><AGARI ba="0,1" hai="19,22,27,48,53,57,60,64,68,89,92,99,133,135" machi="22" ten="40,12000,1" yaku="1,1,2,1,52,1,53,1" doraHai="17" doraHaiUra="44" who="2" fromWho="3" sc="214,0,302,0,188,130,286,-120" /><INIT seed="2,1,0,0,4,120" ten="214,302,318,166" oya="2" hai0="97,133,90,79,82,49,88,132,86,14,103,17,61" hai1="127,108,92,54,91,73,4,26,35,13,74,126,109" hai2="69,68,81,118,89,134,47,39,96,2,5,122,85" hai3="9,62,65,29,64,11,123,7,30,15,12,75,93"/><V87/><F122/><W25/><G123/><T119/><D119/><U71/><E71/><V36/><F118/><W31/><G75/><T117/><D117/><U113/><E113/><V114/><F134/><N who="0" m="51818" /><D61/><U56/><E35/><V58/><F114/><W57/><G93/><N who="0" m="58799" /><D49/><U18/><E4/><V19/><F96/><W8/><G8/><AGARI ba="1,0" hai="8,14,17,79,82,86,88,90" m="58799,51818" machi="8" ten="30,2000,0" yaku="20,1,54,1" doraHai="120" who="0" fromWho="3" sc="214,23,302,0,318,0,166,-23" /><INIT seed="3,0,0,0,4,3" ten="237,302,318,143" oya="3" hai0="14,67,95,39,92,15,75,44,103,56,40,29,124" hai1="105,17,116,83,27,10,60,111,110,25,130,99,100" hai2="97,106,102,6,125,65,120,11,112,45,88,93,42" hai3="78,21,66,22,24,28,64,30,23,62,80,34,58"/><W113/><G113/><T109/><D109/><N who="1" m="41483" /><E130/><V74/><F112/><W114/><G114/><T26/><D75/><U134/><E134/><V101/><F125/><W59/><G28/><T86/><D124/><U36/><E36/><V81/><F120/><W4/><G4/><T108/><D95/><U46/><E116/><V127/><F127/><W77/><REACH who="3" step="1"/><G80/><REACH who="3" ten="237,302,318,133" step="2"/><T1/><D108/><U57/><E83/><V132/><F81/><W43/><G43/><T72/><D40/><U16/><E46/><V63/><F45/><W104/><G104/><T84/><D29/><U135/><E135/><V2/><F42/><W89/><G89/><T54/><D44/><U94/><E105/><V49/><F132/><W70/><G70/><T52/><D103/><U9/><E17/><V35/><F101/><W90/><G90/><T133/><D133/><U91/><E91/><V12/><F102/><W31/><G31/><T18/><D18/><U87/><E16/><V61/><F106/><W85/><G85/><T48/><D86/><U119/><E87/><V73/><F73/><W68/><G68/><T82/><D84/><U129/><E129/><V123/><F74/><W55/><G55/><T76/><D54/><N who="1" m="33847" /><E119/><V71/><F71/><W128/><G128/><T47/><D82/><U118/><E118/><V122/><F88/><W98/><G98/><T5/><D72/><U37/><E37/><V51/><F97/><W8/><G8/><AGARI ba="0,1" hai="8,9,10,25,27,94,99,100" m="33847,41483" machi="8" ten="30,1000,0" yaku="14,1" doraHai="3" who="1" fromWho="3" sc="237,0,302,20,318,0,133,-10" owari="237,-16.3,322,42.2,318,11.8,123,-37.7" /></mjloggm>