<mjloggm ver="2.3"><GO type="225" lobby="0"/><UN n0="%E3%80%93%E3%81%97%E3%83%BC%E3%82%89%E3%80%93" n1="%4B%2E%32%2E%4B%2E" n2="%79%75%72%69%6D%6F%67" n3="%6D%75%75%73%61%6E%6D%75" dan="16,16,17,16" rate="2185.77,2149.57,2165.01,2140.92" sx="M,M,F,F"/><TAIKYOKU oya="0"/><INIT seed="0,0,0,2,2,124" ten="250,250,250,250" oya="0" hai0="2,61,31,25,132,17,97,74,33,48,20,114,80" hai1="11,116,58,109,103,126,22,43,120,15,44,50,76" hai2="27,40,16,65,18,21,26,69,75,32,30,24,93" hai3="108,52,94,112,134,121,45,85,77,123,66,47,37"/><T72/><D114/><U28/><E116/><V53/><F75/><W13/><G112/><T6/><D132/><U122/><E126/><V98/><F40/><W113/><G113/><T100/><D80/><U117/><E117/><V19/><F65/><W29/><G134/><T5/><D48/><U99/><E109/><V34/><F69/><W127/><G127/><T96/><D61/><U54/><E76/><V91/><F34/><W70/><G108/><T46/><D46/><U64/><E64/><V57/><REACH who="2" step="1"/><F26/><REACH who="2" ten="250,250,240,250" step="2"/><W67/><G67/><T107/><D74/><U42/><E42/><V0/><F0/><W86/><G66/><T78/><D2/><U104/><E43/><V130/><F130/><W12/><G70/><T119/><D119/><U115/><E115/><V128/><F128/><W125/><G125/><T63/><D72/><U23/><E120/><V9/><F9/><W41/><G41/><T3/><D3/><U51/><E122/><V73/><F73/><W129/><G129/><T118/><D118/><U135/><E135/><V14/><F14/><W79/><G37/><T4/><D33/><U87/><E15/><V1/><F1/><W106/><G121/><T102/><D25/><U90/><E11/><V68/><F68/><W36/><G36/><T39/><D39/><U95/><E22/><V131/><F131/><W7/><G123/><T81/><D20/><U101/><E23/><V10/><F10/><W83/><G12/><T8/><D8/><U71/><E71/><V55/><F55/><W59/><G13/><T133/><D133/><U62/><E54/><RYUUKYOKU ba="0,1" sc="250,-10,250,-10,240,30,250,-10" hai2="16,18,19,21,24,27,30,32,53,57,91,93,98" /><INIT seed="1,1,1,5,2,130" ten="240,240,270,240" oya="1" hai0="76,27,45,99,114,73,94,112,21,63,96,74,38" hai1="50,55,10,6,117,0,123,133,52,83,20,93,42" hai2="119,92,95,35,9,122,77,32,67,8,97,116,41" hai3="19,24,89,98,72,34,4,121,43,108,78,44,28"/><U126/><E117/><V107/><F107/><W109/><G121/><T5/><D5/><U68/><E123/><V125/><F122/><W65/><G4/><T131/><D131/><U40/><E68/><V54/><F67/><W58/><G72/><T15/><D15/><U36/><E126/><V53/><F41/><W22/><G78/><T132/><D132/><U17/><E36/><V47/><F77/><W87/><G98/><T88/><D96/><U3/><E3/><V26/><F26/><W49/><G65/><T105/><D105/><U70/><E70/><V85/><F85/><W66/><G66/><T37/><D63/><U11/><E11/><V75/><F97/><W103/><G58/><T57/><D57/><U23/><E93/><V71/><F71/><W48/><G48/><T106/><D106/><U39/><E133/><V110/><F47/><W69/><G103/><T2/><D2/><U86/><E23/><V79/><F79/><W118/><G118/><T7/><D7/><U80/><E80/><V90/><F90/><W25/><REACH who="3" step="1"/><G69/><REACH who="3" ten="240,240,270,230" step="2"/><T60/><D76/><U30/><E39/><V61/><F75/><W16/><G16/><N who="0" m="12711" /><D38/><U115/><E17/><V111/><REACH who="2" step="1"/><F61/><REACH who="2" ten="240,240,260,230" step="2"/><W12/><G12/><T46/><D60/><U14/><E0/><V129/><F129/><W81/><AGARI ba="1,3" hai="19,22,24,25,28,34,43,44,49,81,87,89,108,109" machi="81" ten="30,2000,0" yaku="1,1,0,1,53,0" doraHai="130" doraHaiUra="101" who="3" fromWho="3" sc="240,-6,240,-11,260,-6,230,53" /><INIT seed="2,0,0,0,2,35" ten="234,229,254,283" oya="2" hai0="108,106,10,58,74,98,22,44,128,56,83,54,50" hai1="70,87,26,78,75,116,5,89,45,36,111,63,88" hai2="34,102,31,42,59,117,68,122,40,39,107,20,3" hai3="104,81,0,132,51,100,77,73,95,114,27,121,86"/><V21/><F117/><W71/><G71/><T109/><D128/><U38/><E116/><V2/><F122/><W29/><G121/><T30/><D10/><U101/><E111/><N who="0" m="42569" /><D30/><U123/><E123/><V124/><F68/><W43/><G132/><T112/><D22/><N who="2" m="8810" /><F107/><W6/><G29/><T90/><D112/><U84/><E101/><V8/><F102/><W37/><G27/><T28/><D28/><U65/><E26/><N who="2" m="18807" /><F59/><N who="0" m="22570" /><D106/><U16/><E5/><V135/><F42/><W94/><G43/><T57/><N who="0" m="22578" /><T127/><DORA hai="13" /><D127/><U119/><E119/><V14/><F40/><W64/><G104/><T33/><D33/><U97/><E45/><V103/><F39/><W76/><G37/><T61/><D61/><U130/><E130/><V55/><F55/><W80/><G114/><T25/><D25/><U11/><E38/><V67/><F103/><W18/><G100/><T41/><D41/><U62/><E62/><V79/><F79/><W126/><G77/><N who="0" m="44471" /><D90/><U19/><E36/><V48/><F48/><W52/><G76/><T4/><D4/><U66/><E66/><V69/><F67/><W24/><G64/><T131/><D131/><U82/><E89/><V120/><F69/><W134/><G73/><T110/><N who="0" m="42577" /><T47/><DORA hai="93" /><D47/><U60/><E60/><V105/><F105/><W46/><G46/><T9/><D9/><U118/><E118/><V49/><F49/><W23/><G51/><T125/><D125/><U115/><E115/><V96/><F120/><W91/><G126/><T15/><D15/><N who="1" m="7295" /><E19/><N who="2" m="8647" /><F124/><W133/><G52/><T53/><D54/><RYUUKYOKU ba="0,0" sc="234,15,229,15,254,-15,283,-15" hai0="44,50,53,98" hai1="63,65,70,75,78,82,84,87,88,97" /><INIT seed="3,1,0,3,5,2" ten="249,244,239,268" oya="3" hai0="40,109,44,85,132,112,48,78,33,84,122,124,15" hai1="27,77,47,108,35,75,119,114,95,11,71,76,13" hai2="70,86,19,106,115,17,28,120,23,10,63,41,110" hai3="57,68,79,21,22,104,31,134,121,39,12,83,62"/><W59/><G121/><T92/><D33/><U133/><E114/><V91/><F115/><W101/><G39/><T128/><D122/><U34/><E71/><V131/><F106/><W6/><G134/><T4/><D112/><U38/><E108/><V98/><F110/><W5/><G104/><T117/><D109/><U36/><E133/><V123/><F131/><W100/><G68/><T53/><D132/><U129/><E129/><V65/><F98/><W16/><G83/><N who="0" m="47223" /><D128/><U102/><E119/><V127/><F127/><W105/><G79/><T125/><D117/><U113/><E113/><V26/><F41/><W3/><G3/><T87/><D53/><U54/><E54/><V103/><F103/><N who="3" m="39499" /><G105/><T29/><D29/><U60/><E60/><V56/><F70/><W99/><G99/><T90/><D87/><U116/><E116/><V52/><F65/><N who="3" m="39119" /><G59/><T25/><D25/><AGARI ba="1,0" hai="5,6,12,16,21,22,25,31" m="39119,39499" machi="25" ten="30,11600,0" yaku="8,1,52,2,54,1" doraHai="2" who="3" fromWho="0" sc="249,-119,244,0,239,0,268,119" owari="130,-37.0,244,4.4,239,-16.1,387,48.7" /></mjloggm>