<mjloggm ver="2.3"><GO type="225" lobby="0"/><UN n0="%E3%81%BF%E3%81%BF%E3%81%9A" n1="%E6%A1%9C%E8%8A%B1%E9%96%83%E3%80%85" n2="%E5%AF%82%E5%AF%9E%E3%82%AE%E3%83%8D%E3%82%B9%E3%83%93%E3%83%BC%E3%83%AB" n3="%E3%81%86%E3%83%BC%E3%81%B1%E3%83%BC" dan="17,17,16,16" rate="2189.43,2158.57,2127.00,2141.25" sx="M,M,M,F"/><TAIKYOKU oya="0"/><INIT seed="0,0,0,2,5,132" ten="250,250,250,250" oya="0" hai0="5,77,85,92,17,115,126,88,73,94,106,18,7" hai1="110,21,43,26,59,120,70,40,121,10,15,68,71" hai2="61,81,102,74,19,39,111,35,34,24,28,97,47" hai3="79,99,113,86,32,37,93,9,45,75,127,114,16"/><T38/><D115/><U96/><E110/><V69/><F111/><W119/><G32/><T60/><D38/><U122/><E96/><V108/><F19/><W135/><G119/><T134/><D134/><U103/><E103/><V116/><F108/><W82/><G135/><T100/><D126/><U67/><E59/><V12/><F12/><W133/><G133/><T1/><D94/><U46/><E67/><N who="2" m="41199" /><F116/><W63/><G75/><T91/><D91/><U52/><E52/><V72/><F81/><W117/><G63/><T112/><D60/><U14/><E10/><V87/><F87/><W29/><G29/><T13/><D1/><U55/><E55/><V51/><F35/><W33/><G33/><T84/><D84/><U41/><REACH who="1" step="1"/><E46/><REACH who="1" ten="250,240,250,250" step="2"/><V125/><F97/><W76/><G99/><N who="0" m="61727" /><D112/><U123/><N who="1" m="30720" /><DORA hai="2" /><U131/><E131/><V66/><F102/><W78/><G114/><T98/><D98/><U23/><E23/><V4/><F34/><W54/><G113/><T22/><D17/><AGARI ba="0,1" hai="14,15,17,21,26,40,41,43,68,70,71" m="30720" machi="17" ten="80,8000,1" yaku="1,1,29,2,53,0" doraHai="132,2" doraHaiUra="104,130" who="1" fromWho="0" sc="250,-80,240,90,250,0,250,0" /><INIT seed="1,0,0,3,5,125" ten="170,330,250,250" oya="1" hai0="85,52,29,62,119,72,16,79,69,74,106,100,12" hai1="15,55,14,132,2,46,7,3,59,0,89,57,92" hai2="134,82,30,54,37,17,4,65,43,35,45,133,86" hai3="71,116,95,33,20,31,21,130,78,60,94,104,19"/><U126/><E126/><V84/><F4/><W38/><G38/><T81/><D119/><U32/><E32/><V87/><F65/><W6/><G33/><T28/><D106/><U40/><E132/><N who="2" m="50795" /><F17/><W50/><G104/><T111/><D111/><U41/><E7/><V22/><F54/><W53/><G6/><T117/><D117/><U112/><E112/><V9/><F9/><W120/><G120/><T25/><D100/><U127/><E127/><V88/><F22/><W10/><G78/><T115/><D115/><U8/><E8/><V63/><F63/><W24/><G10/><T11/><D69/><U5/><E5/><V42/><F42/><W98/><G116/><T67/><D67/><U105/><E105/><V108/><F108/><W39/><G39/><T48/><D62/><U70/><E70/><V73/><F73/><W49/><G95/><T64/><D64/><U51/><E57/><V13/><F13/><N who="3" m="9327" /><G130/><T110/><D110/><U83/><E41/><V90/><F82/><W97/><G71/><T80/><D25/><AGARI ba="0,0" hai="25,30,35,37,43,45,84,86,87,88,90" m="50795" machi="25" ten="30,2000,0" yaku="20,1,54,1" doraHai="125" who="2" fromWho="0" sc="170,-20,330,0,250,20,250,0" /><INIT seed="2,0,0,0,5,48" ten="150,330,270,250" oya="2" hai0="87,36,5,38,35,11,112,95,80,109,107,49,39" hai1="66,50,126,121,61,62,76,55,23,57,106,114,8" hai2="108,30,3,131,19,44,33,78,102,77,97,75,100" hai3="64,124,104,98,99,63,25,103,13,40,135,14,92"/><V12/><F3/><W7/><G135/><T101/><D112/><U22/><E114/><V129/><F108/><W96/><G124/><T16/><D35/><U72/><E126/><V37/><F30/><W73/><G73/><T58/><D109/><U93/><E106/><V28/><F28/><W132/><G132/><T54/><D107/><U113/><E113/><V88/><F33/><W51/><G25/><T120/><D120/><U21/><E121/><V125/><F125/><W105/><G105/><T60/><D101/><N who="2" m="39018" /><F75/><W71/><G104/><T123/><D95/><U24/><E93/><N who="2" m="56487" /><F44/><W65/><G65/><T18/><D123/><U56/><E8/><N who="2" m="6535" /><F37/><W91/><G103/><T130/><D130/><AGARI ba="0,0" hai="77,78,129,130,131" m="6535,56487,39018" machi="130" ten="30,2900,0" yaku="19,1,54,1" doraHai="48" who="2" fromWho="0" sc="150,-29,330,0,270,29,250,0" /><INIT seed="2,1,0,4,1,85" ten="121,330,299,250" oya="2" hai0="41,80,42,5,103,54,30,98,126,32,43,29,134" hai1="81,40,38,18,58,20,77,129,107,125,64,51,70" hai2="6,118,112,74,52,83,114,17,4,49,28,90,104" hai3="66,60,46,109,55,62,24,11,27,86,130,117,44"/><V59/><F118/><W69/><G117/><T71/><D71/><U111/><E107/><V94/><F104/><W92/><G109/><T102/><D134/><U133/><E111/><V63/><F28/><W53/><G130/><T56/><D126/><U124/><E133/><V120/><F120/><W84/><G69/><T127/><D127/><N who="1" m="48715" /><E38/><V135/><F135/><W72/><G72/><T108/><D108/><U82/><E129/><V12/><F83/><W105/><G105/><T91/><D5/><U93/><E93/><V97/><F74/><W15/><G66/><T26/><D30/><U65/><E82/><V75/><F75/><W128/><G128/><T1/><D1/><U8/><E8/><N who="2" m="6279" /><F114/><W100/><G100/><T101/><D80/><U113/><E40/><V39/><F39/><W25/><G86/><T115/><D115/><U88/><E77/><V116/><F116/><W23/><G23/><T67/><D67/><U119/><E113/><V33/><F33/><W10/><G10/><T121/><D121/><U21/><E21/><V132/><F132/><W47/><G84/><T89/><REACH who="0" step="1"/><D98/><REACH who="0" ten="111,330,299,250" step="2"/><U99/><E70/><V31/><F112/><W106/><G106/><T73/><D73/><U13/><E119/><V57/><F31/><W87/><G87/><T45/><D45/><U78/><E81/><V22/><F22/><W123/><G123/><T131/><D131/><U48/><E78/><V68/><F68/><W2/><G2/><T76/><D76/><U61/><E64/><AGARI ba="1,1" hai="4,6,49,52,57,59,63,64,90,94,97" m="6279" machi="64" ten="30,5800,0" yaku="8,1,52,1,54,1" doraHai="85" who="2" fromWho="1" sc="111,0,330,-61,299,71,250,0" /><INIT seed="2,2,0,2,0,50" ten="111,269,370,250" oya="2" hai0="15,48,134,129,79,49,94,21,55,3,8,4,110" hai1="57,113,65,23,47,43,76,125,123,85,103,90,119" hai2="82,45,26,73,53,13,28,100,18,22,35,36,86" hai3="133,30,84,39,12,44,37,41,32,69,117,6,67"/><V46/><F73/><W1/><G117/><T87/><D110/><U81/><E119/><V33/><F100/><W66/><G133/><T54/><D134/><U124/><E113/><V63/><F36/><W135/><G135/><T34/><D34/><U14/><E103/><V114/><F35/><W102/><G39/><T31/><D129/><U64/><E123/><V72/><F72/><W126/><G126/><N who="1" m="48746" /><E90/><V27/><F27/><N who="3" m="18527" /><G84/><T93/><D3/><U116/><E116/><V132/><F114/><W120/><G120/><T17/><D31/><U128/><E128/><V16/><F18/><W107/><G12/><T62/><D62/><U95/><E95/><N who="0" m="36361" /><D48/><N who="1" m="26751" /><E57/><N who="2" m="35247" /><F33/><W52/><G1/><T91/><D49/><U61/><E61/><V92/><F92/><W104/><G104/><T19/><D91/><U29/><E29/><V60/><F60/><N who="3" m="40135" /><G107/><T38/><D38/><U10/><E65/><V80/><F132/><W11/><G102/><T56/><D56/><U70/><E64/><V78/><F82/><W89/><G67/><T121/><D121/><U98/><E70/><V74/><F74/><W42/><G89/><T118/><D118/><U105/><E105/><V77/><F77/><W88/><G88/><T0/><D0/><U68/><E68/><V96/><F96/><W112/><G112/><T131/><D131/><U97/><E98/><V108/><F28/><W109/><G109/><T40/><D40/><U7/><E97/><V51/><F108/><W130/><G130/><T58/><D58/><U24/><E76/><V20/><F51/><N who="3" m="28775" /><G37/><T75/><D75/><U83/><E85/><RYUUKYOKU ba="2,0" sc="111,-30,269,10,370,10,250,10" hai1="7,10,14,23,24,81,83" hai2="13,16,20,22,26,45,46,78,80,86" hai3="6,11,41,42" /><INIT seed="2,3,0,4,4,13" ten="81,279,380,260" oya="2" hai0="114,17,8,135,31,38,109,111,18,16,53,101,21" hai1="35,77,78,44,129,39,55,75,14,47,86,29,119" hai2="22,113,4,27,132,74,120,122,19,97,134,125,15" hai3="69,88,90,54,98,68,123,11,67,24,1,126,106"/><V94/><F74/><W80/><G123/><N who="2" m="47145" /><F113/><W37/><G37/><T3/><D38/><U12/><E119/><V25/><F125/><W110/><G126/><T71/><D71/><U96/><E86/><V104/><F104/><W36/><G36/><T63/><D101/><U89/><E89/><N who="2" m="55503" /><F4/><W41/><G41/><T2/><D114/><U10/><E96/><V82/><F82/><W32/><G67/><T121/><D121/><U103/><E14/><V85/><F85/><W93/><G54/><T65/><D53/><U73/><E12/><V91/><F91/><W72/><G106/><T5/><D135/><AGARI ba="3,0" hai="15,19,22,25,27,132,134,135" m="55503,47145" machi="135" ten="30,2900,0" yaku="20,1,52,1" doraHai="13" who="2" fromWho="0" sc="81,-38,279,0,380,38,260,0" /><INIT seed="2,4,0,0,2,117" ten="43,279,418,260" oya="2" hai0="21,90,13,67,130,45,25,105,89,99,118,73,94" hai1="18,124,122,37,78,35,9,51,81,116,5,133,80" hai2="19,53,107,10,82,31,47,95,93,61,43,83,70" hai3="39,121,100,62,125,112,119,79,30,87,86,115,42"/><V14/><F107/><W102/><G119/><T77/><D118/><U66/><E116/><V22/><F70/><W68/><G125/><T50/><D130/><U97/><E37/><V11/><F43/><W57/><G68/><T98/><D67/><U7/><E35/><V75/><F75/><W63/><G30/><T12/><D73/><U59/><E133/><V113/><F113/><N who="3" m="43595" /><G121/><T15/><D77/><U33/><E33/><V60/><F47/><N who="3" m="24031" /><G63/><N who="2" m="24137" /><F53/><N who="3" m="34095" /><G79/><T64/><D64/><U91/><E66/><V54/><F54/><W85/><AGARI ba="4,0" hai="85,86,87,100,102" m="34095,24031,43595" machi="85" ten="30,1100,0" yaku="11,1" doraHai="117" who="3" fromWho="3" sc="43,-7,279,-7,418,-9,260,23" /><INIT seed="3,0,0,2,4,109" ten="36,272,409,283" oya="3" hai0="110,13,135,57,67,97,51,43,9,81,71,88,17" hai1="25,44,77,130,92,96,56,93,95,66,12,36,29" hai2="100,118,27,1,5,14,87,127,3,0,119,116,102" hai3="58,8,131,2,121,117,98,128,75,132,52,59,86"/><W15/><G117/><T84/><D110/><U101/><E130/><N who="3" m="49706" /><G132/><T11/><D135/><U22/><E77/><V39/><F39/><W46/><G75/><T18/><D71/><U26/><E12/><V32/><F127/><W60/><G121/><T35/><D35/><U28/><E36/><V76/><F76/><W53/><G2/><T112/><D67/><U65/><E44/><V37/><F37/><W45/><G86/><T50/><D43/><U69/><E69/><V91/><F5/><N who="3" m="3471" /><G98/><T73/><D73/><U20/><REACH who="1" step="1"/><E66/><REACH who="1" ten="36,262,409,283" step="2"/><V4/><F3/><W61/><AGARI ba="0,1" hai="45,46,52,53,58,59,60,61" m="3471,49706" machi="61" ten="30,3000,0" yaku="19,1,54,1" doraHai="109" who="3" fromWho="3" sc="36,-10,262,-10,409,-10,283,40" /><INIT seed="3,1,0,1,5,38" ten="26,252,399,323" oya="3" hai0="121,39,37,64,20,29,103,4,73,70,55,65,108" hai1="24,23,40,67,8,104,57,43,54,58,31,16,25" hai2="102,78,117,115,36,45,13,30,100,106,49,99,130" hai3="112,75,19,97,87,105,113,50,76,72,17,48,71"/><W68/><G87/><T41/><D73/><U53/><E104/><V116/><F115/><W120/><G105/><T60/><D4/><U33/><E67/><V93/><F36/><W74/><G97/><T7/><D7/><U69/><E69/><N who="3" m="26698" /><G76/><T35/><D20/><U91/><E8/><V92/><F78/><W126/><G120/><T128/><D65/><U9/><E9/><V26/><F13/><W122/><G122/><T133/><D121/><U80/><E80/><V15/><F15/><W32/><G32/><T82/><D82/><U124/><E124/><V14/><F14/><W18/><G126/><T134/><D108/><U2/><E91/><V84/><F106/><W123/><G123/><T22/><D22/><N who="1" m="13383" /><E33/><V42/><F84/><W77/><G77/><T5/><D5/><U119/><E119/><V1/><F1/><W83/><G83/><T127/><D127/><U66/><E66/><V79/><F79/><W0/><G0/><T114/><D114/><AGARI ba="1,0" hai="17,18,19,48,50,72,74,75,112,113,114" m="26698" machi="114" ten="40,3900,0" yaku="28,2" doraHai="38" who="3" fromWho="0" sc="26,-42,252,0,399,0,323,42" owari="-16,-51.6,252,-14.8,399,49.9,365,16.5" /></mjloggm>