<mjloggm ver="2.3"><GO type="225" lobby="0"/><UN n0="%E5%80%89%E6%A9%8B%EF%BC%A0%E4%BA%8B%E5%8B%99" n1="%6E%65%6F%E3%82%BD%E3%83%83%E3%82%AF%E3%82%B9%E2%99%AA" n2="%48%61%61%61%6C%61%6E%64" n3="%41%54%53%4D" dan="16,16,17,16" rate="2114.40,2156.73,2168.59,2093.49" sx="M,M,M,M"/><TAIKYOKU oya="0"/><INIT seed="0,0,0,1,4,112" ten="250,250,250,250" oya="0" hai0="39,6,75,8,87,110,98,93,54,65,88,22,128" hai1="105,127,12,96,130,109,113,21,107,19,53,100,133" hai2="70,117,116,80,69,14,55,111,64,134,16,131,135" hai3="32,9,17,13,28,59,29,30,73,60,91,99,124"/><T49/><D39/><U115/><E109/><V33/><F111/><W122/><G73/><T1/><D75/><U11/><E130/><V40/><F131/><W5/><G124/><T79/><D110/><U106/><E127/><V35/><F40/><W3/><G122/><T76/><D128/><U46/><E133/><N who="2" m="50699" /><F55/><W119/><G119/><N who="2" m="45641" /><F80/><W58/><G32/><N who="2" m="12361" /><F64/><W72/><G72/><T10/><D65/><U85/><E53/><V44/><F44/><W126/><G126/><T78/><D10/><AGARI ba="0,0" hai="10,14,16,69,70" m="12361,45641,50699" machi="10" ten="40,12000,2" yaku="20,1,12,1,52,3,54,1" doraHai="112" who="2" fromWho="0" sc="250,-120,250,0,250,120,250,0" /><INIT seed="1,0,0,5,1,54" ten="130,250,370,250" oya="1" hai0="40,39,113,8,18,1,23,64,83,79,57,114,100" hai1="121,58,127,62,7,70,14,43,117,49,71,20,93" hai2="96,48,126,51,125,6,133,82,17,29,97,92,9" hai3="2,11,128,74,75,0,33,67,26,28,52,42,46"/><U22/><E117/><V56/><F133/><W90/><G128/><T85/><D100/><U110/><E121/><V108/><F108/><W103/><G67/><T27/><D40/><U109/><E127/><N who="2" m="48651" /><F29/><W44/><G103/><T73/><D39/><U80/><E93/><V69/><F69/><W3/><G11/><T45/><D45/><N who="1" m="25791" /><E80/><V105/><F17/><W37/><REACH who="3" step="1"/><G90/><REACH who="3" ten="130,250,370,240" step="2"/><T88/><D8/><N who="1" m="4383" /><E71/><V25/><F9/><W77/><G77/><T134/><D134/><U135/><E70/><V87/><F6/><W16/><G16/><T13/><D1/><U41/><E135/><V111/><F111/><N who="1" m="42505" /><E41/><V120/><F120/><W61/><G61/><T129/><D129/><U81/><E81/><V98/><F82/><W47/><G47/><T102/><D102/><U65/><AGARI ba="0,1" hai="20,22,58,62,65" m="42505,4383,25791" machi="65" ten="30,6000,0" yaku="14,1,10,1,52,1" doraHai="54" who="1" fromWho="1" sc="130,-20,250,70,370,-20,240,-20" /><INIT seed="1,1,0,4,4,98" ten="110,320,350,220" oya="1" hai0="48,4,114,129,78,93,112,117,99,132,9,120,67" hai1="35,20,65,116,1,21,10,101,6,76,44,87,128" hai2="7,103,126,50,32,46,8,80,130,123,113,18,64" hai3="3,62,59,91,52,14,127,81,77,121,31,135,26"/><U58/><E116/><V5/><F123/><W57/><G121/><T16/><D117/><U40/><E35/><V49/><F126/><W111/><G3/><T24/><D120/><U61/><E128/><V131/><F32/><W89/><G127/><T51/><D129/><N who="2" m="49162" /><F113/><W13/><G111/><T90/><D132/><U0/><E0/><V56/><F103/><W23/><G135/><T134/><D134/><U25/><E101/><V110/><F110/><W94/><G89/><T85/><D67/><U34/><E34/><V63/><F80/><W119/><G119/><T53/><D78/><U75/><E75/><V73/><F73/><W86/><REACH who="3" step="1"/><G59/><REACH who="3" ten="110,320,350,210" step="2"/><T47/><D99/><AGARI ba="1,1" hai="13,14,23,26,31,52,57,62,77,81,86,91,94,99" machi="99" ten="30,8000,1" yaku="1,1,2,1,7,1,8,1,54,1,53,0" doraHai="98" doraHaiUra="109" who="3" fromWho="0" sc="110,-83,320,0,350,0,210,93" /><INIT seed="2,0,0,4,3,18" ten="27,320,350,303" oya="2" hai0="80,89,15,32,135,116,14,59,43,21,107,111,54" hai1="125,128,35,62,85,106,30,134,110,118,61,112,60" hai2="90,55,74,84,67,7,130,50,41,66,53,28,2" hai3="27,13,129,117,19,77,44,94,4,82,131,34,126"/><V83/><F130/><W12/><G117/><T56/><D32/><U37/><RYUUKYOKU type="yao9" ba="0,0" sc="27,0,320,0,350,0,303,0" hai1="30,35,37,60,61,62,85,106,110,112,118,125,128,134" /><INIT seed="2,1,0,4,2,1" ten="27,320,350,303" oya="2" hai0="57,115,72,36,100,44,51,106,86,45,7,47,48" hai1="116,17,13,85,96,9,42,62,114,20,98,19,95" hai2="83,120,24,49,84,135,58,69,82,14,33,94,31" hai3="122,39,56,128,123,99,74,53,118,127,107,37,8"/><V64/><F120/><W23/><G118/><T15/><D72/><U121/><E114/><V63/><F135/><W34/><G34/><T30/><D115/><U110/><E110/><V108/><F108/><W133/><G74/><T55/><D106/><U129/><E129/><V132/><F132/><W111/><G133/><T16/><D100/><U130/><E130/><V90/><F69/><W97/><G128/><T11/><D30/><U38/><E121/><V65/><F65/><W59/><G111/><T124/><D124/><U113/><E116/><V40/><REACH who="2" step="1"/><F14/><REACH who="2" ten="27,320,340,303" step="2"/><W12/><G12/><T109/><D109/><U43/><E113/><V52/><F52/><W104/><G53/><T102/><D36/><U10/><E38/><V5/><F5/><W91/><G127/><T27/><D102/><U41/><E13/><V0/><F0/><W105/><G123/><T117/><D117/><U101/><E101/><V68/><F68/><W25/><G122/><T79/><D48/><U71/><E71/><V67/><F67/><W54/><G54/><T134/><D134/><U50/><E50/><V92/><F92/><W32/><G37/><T81/><REACH who="0" step="1"/><D27/><REACH who="0" ten="17,320,340,303" step="2"/><U73/><E73/><V61/><F61/><W3/><G39/><T112/><D112/><U26/><E62/><V70/><F70/><W21/><G105/><T125/><D125/><U131/><E131/><V75/><F75/><W87/><G107/><T29/><D29/><U22/><E26/><V77/><F77/><W4/><G104/><T103/><D103/><U2/><E95/><V60/><F60/><W88/><G25/><RYUUKYOKU ba="1,2" sc="17,15,320,-15,340,15,303,-15" hai0="7,11,15,16,44,45,47,51,55,57,79,81,86" hai2="24,31,33,40,49,58,63,64,82,83,84,90,94" /><INIT seed="2,2,2,1,1,85" ten="32,305,355,288" oya="2" hai0="17,16,48,123,24,122,77,83,129,65,54,8,27" hai1="47,128,64,32,75,79,116,12,19,9,50,98,90" hai2="52,93,20,6,7,96,115,78,56,3,120,102,38" hai3="103,110,91,66,92,73,31,112,133,106,37,81,99"/><V13/><F115/><W63/><G37/><T28/><D129/><U49/><E116/><V55/><F120/><W114/><G112/><T39/><D39/><U44/><E128/><V72/><F38/><W70/><G114/><T25/><D28/><U36/><E32/><V59/><F3/><W117/><G117/><T34/><D34/><U41/><E64/><V125/><F125/><W18/><G110/><T121/><D65/><U88/><E98/><V80/><F56/><W118/><G118/><T45/><REACH who="0" step="1"/><D8/><REACH who="0" ten="22,305,355,288" step="2"/><U57/><E36/><V108/><F108/><W0/><G31/><T40/><D40/><U15/><E9/><V113/><F113/><W100/><G133/><T69/><D69/><U101/><E41/><V105/><F55/><W132/><G132/><T126/><D126/><U74/><E74/><AGARI ba="2,3" hai="16,17,24,25,27,45,48,54,74,77,83,121,122,123" machi="74" ten="50,3200,0" yaku="1,1,54,1,53,0" doraHai="85" doraHaiUra="26" who="0" fromWho="1" sc="22,68,305,-38,355,0,288,0" /><INIT seed="3,0,0,5,2,125" ten="90,267,355,288" oya="3" hai0="6,20,103,91,98,36,74,29,38,66,109,32,64" hai1="67,97,89,60,128,12,41,7,84,42,123,108,69" hai2="99,19,33,135,110,76,134,115,40,111,86,129,0" hai3="73,1,122,130,55,70,46,5,68,113,44,45,52"/><W14/><G1/><T127/><D74/><U24/><E123/><V87/><F129/><W79/><G122/><T50/><D32/><U96/><E108/><N who="2" m="41515" /><F115/><W30/><G113/><T119/><D119/><U132/><E132/><V47/><F33/><W71/><G130/><T39/><D91/><U101/><E128/><V49/><F0/><W62/><G30/><T23/><D6/><U25/><E24/><V16/><F99/><W4/><G79/><T88/><D127/><U102/><E25/><V61/><F61/><W22/><G73/><T105/><D109/><U104/><E12/><V81/><F86/><W34/><G34/><T56/><D29/><U9/><E9/><V35/><F35/><W18/><REACH who="3" step="1"/><G62/><REACH who="3" ten="90,267,355,278" step="2"/><T28/><D28/><U78/><E78/><V31/><F31/><W26/><G26/><T126/><D126/><U21/><E7/><AGARI ba="0,1" hai="4,5,7,14,18,22,44,45,46,52,55,68,70,71" machi="7" ten="50,4800,0" yaku="1,1,54,1,53,0" doraHai="125" doraHaiUra="59" who="3" fromWho="1" sc="90,0,267,-48,355,0,278,58" /><INIT seed="3,1,0,5,2,8" ten="90,219,355,336" oya="3" hai0="49,15,60,135,100,5,3,32,31,26,25,59,19" hai1="90,79,128,65,119,37,130,7,27,0,35,23,48" hai2="6,86,126,30,112,78,14,68,101,50,133,66,80" hai3="54,102,39,72,103,38,124,117,77,64,131,97,107"/><W40/><G117/><T118/><D49/><U75/><E119/><V74/><F112/><W125/><G131/><N who="1" m="50218" /><E37/><N who="3" m="13834" /><G40/><T115/><D100/><U95/><E35/><V63/><F126/><N who="3" m="48747" /><G103/><T71/><D59/><U4/><E0/><V58/><F133/><W132/><G132/><T134/><D60/><U127/><E127/><V53/><F101/><W81/><G54/><T1/><D71/><U110/><E110/><V46/><F30/><W122/><G64/><T120/><D118/><U76/><E65/><V36/><F74/><N who="3" m="43191" /><G122/><T12/><D120/><U99/><E48/><V17/><F6/><N who="1" m="2089" /><E75/><AGARI ba="1,0" hai="72,75,97,102,107" m="43191,48747,13834" machi="75" ten="30,2900,0" yaku="18,1,23,1" doraHai="8" who="3" fromWho="1" sc="90,0,219,-32,355,0,336,32" owari="90,-41.0,187,-21.3,355,15.5,368,46.8" /></mjloggm>