<mjloggm ver="2.3"><GO type="225" lobby="0"/><UN n0="%E6%B4%BE%E9%81%A3%E3%81%AE%E3%82%B8%E3%83%A3%E3%83%83%E3%82%AF" n1="%E5%A4%96%E5%B7%9D%E7%AB%9C%E6%88%90" n2="%E7%AD%89%E3%80%85%E5%8A%9B%E5%8A%87%E5%A0%B4" n3="%E3%82%A2%E3%82%A4%E3%82%B9%E3%83%86%E3%82%A3%E3%83%BC%E3%81%82%E3%81%B9" dan="16,16,16,16" rate="2166.88,2257.24,2142.94,2081.44" sx="M,M,M,M"/><TAIKYOKU oya="0"/><INIT seed="0,0,0,2,1,69" ten="250,250,250,250" oya="0" hai0="109,75,131,112,68,134,83,64,110,20,31,132,52" hai1="124,60,92,67,12,107,55,103,133,7,71,15,96" hai2="114,105,39,29,42,97,70,113,93,50,27,121,17" hai3="94,9,45,127,100,82,74,78,123,18,49,43,22"/><T6/><D6/><U66/><E133/><N who="0" m="51305" /><D112/><U88/><E124/><V4/><F121/><W116/><G127/><T40/><D131/><U72/><E72/><V47/><F70/><W58/><G123/><T76/><D40/><U73/><E73/><V14/><F105/><W101/><G116/><T135/><N who="0" m="51313" /><T54/><DORA hai="102" /><D64/><U126/><E126/><V122/><F4/><W79/><G79/><T59/><D68/><U129/><E129/><V81/><F122/><W26/><G94/><T36/><D36/><U62/><E55/><N who="0" m="21033" /><D59/><U21/><E7/><V37/><F81/><W34/><G58/><T80/><D80/><U0/><E0/><V130/><F130/><W77/><G78/><T5/><D5/><U38/><E38/><V46/><F114/><W98/><G9/><T91/><D91/><U117/><E117/><V118/><F118/><W30/><REACH who="3" step="1"/><G98/><REACH who="3" ten="250,250,250,240" step="2"/><T111/><D111/><U86/><E62/><V11/><F113/><W65/><G65/><T2/><D2/><U128/><E67/><V28/><F47/><W63/><G63/><T99/><D99/><U13/><REACH who="1" step="1"/><E128/><REACH who="1" ten="250,240,250,240" step="2"/><V90/><REACH who="2" step="1"/><F29/><REACH who="2" ten="250,240,240,240" step="2"/><W51/><G51/><T23/><D31/><U44/><E44/><V41/><F41/><W3/><G3/><T89/><D110/><U108/><E108/><V25/><F25/><AGARI ba="0,3" hai="18,22,25,26,30,34,43,45,49,74,77,82,100,101" machi="25" ten="30,2000,0" yaku="1,1,7,1,53,0" doraHai="69,102" doraHaiUra="115,33" who="3" fromWho="2" sc="250,0,240,0,240,-20,240,50" /><INIT seed="1,0,0,2,5,108" ten="250,240,220,290" oya="1" hai0="23,30,113,118,21,0,8,110,49,96,84,115,63" hai1="78,72,76,34,68,120,123,66,129,48,89,81,1" hai2="97,109,4,20,35,98,62,69,71,117,3,43,25" hai3="5,32,114,124,22,85,67,80,59,128,83,104,31"/><U37/><E34/><V40/><F117/><W100/><G32/><T45/><D118/><U133/><E37/><V29/><F109/><W70/><G114/><T11/><D96/><U131/><E1/><V39/><F35/><W64/><G128/><N who="1" m="49226" /><E48/><V13/><F3/><W90/><G70/><T79/><D110/><U7/><E7/><V92/><F98/><W103/><G104/><T116/><D116/><U41/><E41/><V73/><F73/><W24/><G124/><T91/><D79/><N who="1" m="44263" /><E66/><N who="3" m="25130" /><G5/><T46/><D63/><U53/><E53/><V125/><F125/><W33/><G33/><T60/><D60/><U101/><E68/><V74/><F74/><W10/><G10/><T77/><D77/><N who="1" m="29803" /><E101/><N who="3" m="38986" /><G59/><T106/><D0/><U28/><E28/><V95/><F29/><W12/><G12/><T75/><D75/><U112/><E89/><V47/><F13/><W56/><G56/><T19/><D30/><U54/><E54/><V50/><F4/><W102/><N who="3" m="38994" /><W51/><DORA hai="122" /><G51/><T6/><D6/><U58/><E58/><V127/><F50/><W121/><G31/><T87/><D49/><U99/><E112/><V15/><F71/><W88/><G90/><T130/><D130/><U17/><E17/><V44/><F69/><W52/><G52/><T119/><D119/><U57/><E57/><V94/><F62/><W38/><G38/><T9/><D91/><U135/><E99/><V65/><F97/><W42/><G42/><T61/><D61/><U132/><AGARI ba="0,0" hai="120,123,132,133,135" m="29803,44263,49226" machi="132" ten="40,12000,1" yaku="20,1,19,1,34,2" doraHai="108,122" who="1" fromWho="1" sc="250,-40,240,120,220,-40,290,-40" /><INIT seed="1,1,0,3,1,26" ten="210,360,180,250" oya="1" hai0="75,12,8,78,104,134,42,2,36,81,52,117,97" hai1="11,47,96,51,23,41,24,40,44,119,50,13,132" hai2="116,107,101,84,29,16,130,15,46,20,38,83,114" hai3="76,66,17,3,56,35,61,99,89,128,124,87,110"/><U125/><E132/><V95/><F116/><W113/><G110/><T91/><D117/><U131/><E119/><V70/><F70/><W32/><G3/><T57/><D2/><U63/><E125/><V0/><F0/><W102/><G113/><T18/><D134/><U39/><E131/><V80/><F107/><W55/><G76/><T28/><D36/><U34/><E34/><V65/><F65/><W123/><G123/><T100/><D42/><U82/><E96/><V14/><F130/><W111/><G111/><T94/><D28/><U115/><E115/><V37/><F114/><W135/><G135/><T67/><D67/><U48/><E63/><V120/><F120/><W108/><G124/><T129/><D129/><U30/><REACH who="1" step="1"/><E82/><REACH who="1" ten="210,350,180,250" step="2"/><V53/><F83/><W98/><G98/><T112/><D112/><U73/><E73/><V71/><F80/><W58/><G128/><T1/><D1/><U31/><E31/><V27/><F29/><W127/><G127/><T105/><REACH who="0" step="1"/><D100/><REACH who="0" ten="200,350,180,250" step="2"/><U74/><E74/><V92/><F101/><W126/><G102/><T19/><D19/><AGARI ba="1,2" hai="11,13,19,23,24,30,39,40,41,44,47,48,50,51" machi="19" ten="30,11600,0" yaku="1,1,7,1,52,1,53,1" doraHai="26" doraHaiUra="5" who="1" fromWho="0" sc="200,-119,350,139,180,0,250,0" /><INIT seed="1,2,0,5,4,100" ten="81,489,180,250" oya="1" hai0="87,107,44,70,11,7,111,85,68,94,45,128,54" hai1="104,112,19,6,92,61,64,12,18,98,130,42,8" hai2="102,57,40,78,123,97,93,39,114,34,126,35,135" hai3="71,58,56,67,84,65,103,4,131,83,73,53,116"/><U30/><E112/><V49/><F123/><W108/><G108/><T41/><D111/><U20/><E104/><V59/><F39/><W129/><G71/><T14/><D128/><N who="3" m="49225" /><G73/><T38/><D107/><U16/><E42/><V51/><F135/><W9/><G103/><T132/><D132/><U62/><E130/><V46/><F126/><W106/><G106/><T82/><D94/><U50/><E50/><V115/><F78/><N who="3" m="46199" /><G58/><T31/><D31/><U122/><E122/><V37/><F59/><W133/><G116/><T76/><REACH who="0" step="1"/><D87/><REACH who="0" ten="71,489,180,250" step="2"/><U33/><E92/><V23/><F93/><W75/><G133/><T29/><D29/><U66/><E98/><V60/><F97/><W88/><G75/><T124/><D124/><U72/><E72/><V5/><F115/><W121/><G121/><T79/><D79/><U2/><E30/><V120/><F114/><W96/><G96/><T105/><D105/><U22/><E33/><V118/><F35/><W69/><G88/><T109/><D109/><U110/><E110/><V86/><F34/><W43/><G69/><T63/><D63/><U27/><E62/><V0/><F60/><N who="3" m="35855" /><G43/><T89/><D89/><U10/><E61/><V74/><F40/><W28/><G28/><T91/><D91/><U36/><E36/><V119/><F37/><W127/><G127/><T17/><D17/><U25/><AGARI ba="2,1" hai="2,6,8,10,12,16,18,19,20,22,25,27,64,66" machi="25" ten="20,7800,0" yaku="0,1,7,1,9,1,54,1" doraHai="100" who="1" fromWho="1" sc="71,-28,489,94,180,-28,250,-28" /><INIT seed="1,3,0,2,1,118" ten="43,583,152,222" oya="1" hai0="22,16,23,38,55,101,119,1,34,112,21,51,111" hai1="30,6,104,82,9,88,93,124,52,114,85,102,50" hai2="83,97,3,126,65,10,91,47,19,8,60,26,5" hai3="95,132,11,130,77,92,78,53,44,49,99,0,79"/><U7/><E114/><V70/><F126/><W61/><G132/><T75/><D75/><U58/><E124/><V81/><F47/><W116/><G130/><T72/><D72/><U66/><E30/><V125/><F125/><W35/><G35/><T117/><D38/><U105/><E66/><V68/><F68/><W2/><G116/><T84/><D34/><U25/><E25/><V100/><F91/><W96/><G61/><T37/><D37/><U128/><E128/><V115/><F115/><W109/><G109/><T74/><D74/><U39/><E39/><V40/><F40/><W135/><G135/><T36/><D36/><U69/><E69/><V107/><F10/><W57/><G57/><T43/><D1/><U90/><E102/><V131/><F131/><W31/><G31/><T29/><D112/><U42/><E42/><V17/><F19/><W32/><G32/><T24/><D111/><U129/><E129/><V103/><F100/><W13/><G2/><T127/><D127/><U89/><E89/><V59/><F17/><N who="3" m="8383" /><G0/><T71/><D71/><U110/><E110/><V56/><F26/><W98/><AGARI ba="3,0" hai="44,49,53,77,78,79,92,95,96,98,99" m="8383" machi="98" ten="30,1100,0" yaku="8,1" doraHai="118" who="3" fromWho="3" sc="43,-6,583,-8,152,-6,222,20" /><INIT seed="2,0,0,2,1,45" ten="37,575,146,242" oya="2" hai0="1,10,22,124,31,87,24,30,133,60,48,80,58" hai1="64,36,113,79,119,20,40,54,46,84,65,0,134" hai2="39,99,85,108,70,71,49,122,18,102,68,66,28" hai3="72,32,75,12,19,95,69,62,76,77,117,2,135"/><V42/><F122/><W5/><G117/><T17/><D124/><U96/><E0/><V37/><F66/><W55/><G32/><T15/><D133/><U63/><E96/><V26/><F18/><W129/><G129/><T74/><D74/><U115/><E20/><V59/><F85/><W132/><G2/><T35/><D60/><U4/><E4/><V61/><F108/><W21/><G5/><T56/><D48/><U27/><E27/><V53/><F42/><W11/><G95/><T116/><D116/><U114/><E119/><V8/><F8/><W29/><G75/><T86/><D86/><U100/><E100/><V128/><F128/><W44/><G72/><T83/><D83/><U57/><E134/><N who="3" m="51242" /><G44/><T25/><REACH who="0" step="1"/><D1/><REACH who="0" ten="27,575,146,242" step="2"/><U13/><E84/><V109/><F61/><W112/><G62/><T81/><D81/><U105/><E63/><V41/><F70/><W88/><G69/><T98/><D98/><U101/><E114/><V43/><F71/><W127/><G127/><T89/><AGARI ba="0,1" hai="10,15,17,22,24,25,30,31,35,56,58,80,87,89" machi="89" ten="20,2700,0" yaku="1,1,0,1,7,1,53,0" doraHai="45" doraHaiUra="121" who="0" fromWho="0" sc="27,37,575,-7,146,-13,242,-7" /><INIT seed="3,0,0,5,3,88" ten="64,568,133,235" oya="3" hai0="34,38,24,65,87,84,115,18,77,36,40,57,101" hai1="37,22,62,47,106,58,135,92,110,113,12,128,78" hai2="107,10,25,51,30,23,45,116,96,122,120,119,83" hai3="21,31,82,26,100,121,67,79,14,8,35,95,112"/><W32/><G121/><N who="2" m="46697" /><F83/><W69/><G112/><T15/><D115/><U109/><E128/><V70/><F70/><W93/><G100/><T114/><D114/><U19/><E135/><V86/><F86/><W102/><G102/><T46/><D38/><U4/><E106/><V74/><F74/><W53/><G53/><T127/><D127/><U59/><E59/><V72/><F72/><W73/><G35/><T39/><D39/><U5/><E113/><V11/><F107/><W130/><G32/><T94/><D65/><U33/><E33/><V60/><F60/><W105/><G105/><T89/><D57/><U55/><E78/><V56/><F56/><W66/><G130/><T129/><D101/><U17/><E47/><V125/><F96/><W134/><G134/><T16/><D129/><U61/><E37/><V90/><F90/><W27/><G27/><T42/><D42/><U111/><E62/><V97/><F97/><W91/><G69/><T52/><D52/><U54/><E54/><N who="2" m="30063" /><F125/><W108/><G67/><T28/><REACH who="0" step="1"/><D15/><REACH who="0" ten="54,568,133,235" step="2"/><N who="1" m="9535" /><E92/><V126/><F126/><W48/><G95/><T49/><D49/><U68/><E68/><V132/><F132/><W9/><G93/><T44/><D44/><U20/><AGARI ba="0,1" hai="4,5,12,19,20,55,58,61,109,110,111" m="9535" machi="20" ten="30,1100,0" yaku="14,1" doraHai="88" who="1" fromWho="1" sc="54,-3,568,21,133,-3,235,-5" owari="51,-44.9,589,68.9,130,-27.0,230,3.0" /></mjloggm>