<mjloggm ver="2.3"><GO type="225" lobby="0"/><UN n0="%E3%81%86%E3%81%A9%E3%82%93%E3%81%93" n1="%E6%9D%B1%E9%A2%A8%E3%81%AE%E3%81%8D%E3%82%83%E3%81%B7%E3%81%95%E3%82%93" n2="%E4%BF%BA%E3%81%A8%E5%A6%96%E5%A4%A2" n3="%6D%75%75%73%61%6E%6D%75" dan="16,17,17,16" rate="2173.62,2192.05,2216.46,2098.01" sx="M,M,F,F"/><TAIKYOKU oya="0"/><INIT seed="0,0,0,2,3,95" ten="250,250,250,250" oya="0" hai0="67,65,39,125,105,98,43,87,79,9,86,12,126" hai1="11,6,93,77,37,69,60,129,4,42,2,16,24" hai2="17,81,101,18,100,80,31,51,68,38,111,91,128" hai3="96,85,90,29,44,113,132,34,76,122,88,7,71"/><T131/><D39/><U70/><E129/><V5/><F38/><W46/><G113/><T14/><D43/><U61/><E6/><V36/><F36/><W53/><G71/><T73/><D73/><U49/><E37/><V15/><F68/><W119/><G119/><T130/><D79/><U62/><E77/><V84/><F128/><N who="0" m="49194" /><D105/><U78/><E78/><V54/><F111/><W99/><G132/><T89/><D89/><N who="3" m="34409" /><G34/><T3/><D3/><U25/><E93/><V28/><F5/><W110/><G110/><T97/><D87/><U47/><REACH who="1" step="1"/><E25/><REACH who="1" ten="250,240,250,250" step="2"/><V124/><F80/><N who="3" m="47239" /><G122/><T32/><D125/><U57/><E57/><V40/><F124/><W109/><G109/><T116/><D126/><U22/><AGARI ba="0,1" hai="2,4,11,16,22,24,42,47,49,60,61,62,69,70" machi="22" ten="30,4000,0" yaku="1,1,0,1,54,1,53,0" doraHai="95" doraHaiUra="10" who="1" fromWho="1" sc="250,-20,240,50,250,-10,250,-10" /><INIT seed="1,0,0,4,1,133" ten="230,290,240,240" oya="1" hai0="106,66,118,17,135,38,4,5,46,28,51,13,48" hai1="37,112,117,95,49,134,39,16,124,52,123,132,0" hai2="15,121,79,53,19,73,74,92,97,32,98,64,81" hai3="69,61,26,107,56,94,130,55,41,12,84,68,91"/><U58/><E0/><V128/><F121/><W127/><G130/><T116/><D106/><U103/><E117/><V75/><F32/><W63/><G107/><T109/><D135/><N who="1" m="51755" /><E112/><V9/><F128/><W80/><G127/><T59/><D38/><N who="1" m="14347" /><E123/><V126/><F126/><W7/><G41/><T34/><D109/><U25/><E124/><V45/><F64/><W11/><G26/><T43/><D34/><U24/><E16/><V77/><F77/><W100/><G63/><T85/><D28/><U40/><E40/><V113/><F113/><W72/><G72/><T62/><D116/><U78/><E78/><V23/><F97/><AGARI ba="0,0" hai="24,25,49,52,58,95,97,103" m="14347,51755" machi="97" ten="30,2900,0" yaku="20,1,54,1" doraHai="133" who="1" fromWho="2" sc="230,0,290,29,240,-29,240,0" /><INIT seed="1,1,0,3,1,15" ten="230,319,211,240" oya="1" hai0="97,65,70,61,93,60,22,2,52,107,77,14,49" hai1="108,105,48,63,132,128,21,85,71,120,42,25,88" hai2="28,54,81,73,116,127,7,17,118,16,69,41,32" hai3="122,4,40,72,84,86,91,96,74,12,13,64,75"/><U125/><E105/><V111/><F69/><W3/><G122/><T20/><D107/><U126/><E120/><V11/><F41/><W103/><G3/><T119/><D2/><U34/><E34/><V55/><F73/><W82/><G40/><T92/><D119/><N who="2" m="45610" /><F81/><W134/><G134/><T68/><D77/><U8/><E132/><V38/><F38/><W117/><G117/><T50/><D14/><U45/><E8/><V53/><F32/><W95/><G64/><T114/><D97/><U110/><E63/><V100/><F28/><W47/><G47/><T19/><D65/><U35/><E71/><V58/><F100/><W112/><G112/><T0/><D0/><U135/><E35/><V133/><F133/><W31/><G31/><T106/><D106/><U9/><E9/><V36/><F36/><W90/><REACH who="3" step="1"/><G4/><REACH who="3" ten="230,319,211,230" step="2"/><T101/><D114/><U89/><E135/><V79/><F7/><W1/><G1/><T78/><D70/><U26/><E42/><V104/><F111/><W6/><G6/><T129/><D68/><U59/><E45/><V18/><F58/><W33/><G33/><T27/><D129/><U66/><E128/><V131/><F131/><W39/><G39/><T115/><D115/><U130/><E130/><V109/><F109/><W30/><G30/><T99/><D52/><U24/><E108/><V123/><F53/><W113/><G113/><T23/><D27/><U37/><E37/><V76/><F54/><W62/><G62/><T43/><D43/><U80/><E110/><V56/><F55/><W67/><G67/><T98/><D61/><RYUUKYOKU ba="1,1" sc="230,-10,319,-10,211,-10,230,30" hai3="12,13,72,74,75,82,84,86,90,91,95,96,103" /><BYE who="0" /><INIT seed="2,2,1,0,1,123" ten="220,309,201,260" oya="2" hai0="122,72,24,111,99,42,78,134,37,109,3,85,107" hai1="82,130,71,55,60,114,66,58,8,57,59,102,5" hai2="115,12,124,61,14,53,65,104,47,51,67,90,118" hai3="27,29,73,13,92,98,44,64,46,15,35,48,39"/><V112/><F118/><UN n0="%E3%81%86%E3%81%A9%E3%82%93%E3%81%93" /><W63/><G73/><T22/><D122/><U119/><E119/><V26/><F124/><W87/><G39/><T56/><D3/><U117/><E117/><V23/><F104/><W30/><G30/><T105/><D72/><U80/><E114/><V17/><F90/><W68/><G87/><T116/><D116/><U18/><E130/><V120/><F120/><W41/><REACH who="3" step="1"/><G46/><REACH who="3" ten="220,309,201,250" step="2"/><N who="0" m="23887" /><D134/><U81/><E102/><AGARI ba="2,2" hai="13,15,27,29,35,41,44,48,63,64,68,92,98,102" machi="102" ten="30,2000,0" yaku="1,1,7,1,53,0" doraHai="123" doraHaiUra="70" who="3" fromWho="1" sc="220,0,309,-26,201,0,250,46" /><INIT seed="3,0,0,2,1,70" ten="220,283,201,296" oya="3" hai0="59,79,119,98,24,34,69,134,49,6,15,16,126" hai1="18,48,53,35,80,75,121,29,3,81,110,62,82" hai2="120,112,106,61,123,124,89,10,32,68,91,39,58" hai3="129,7,21,46,117,83,86,60,131,52,135,26,87"/><W45/><G117/><T103/><D69/><U74/><E3/><V5/><F112/><W4/><G135/><T65/><D119/><U90/><E121/><N who="2" m="46667" /><F68/><W85/><G83/><T88/><D134/><U28/><E110/><V20/><F32/><W0/><G0/><T33/><D6/><N who="3" m="2089" /><G60/><T36/><D36/><U19/><E35/><V94/><F106/><W17/><G52/><T50/><D103/><U125/><E125/><V84/><F124/><W47/><G131/><T57/><D33/><U97/><E62/><V63/><F39/><W113/><G113/><T8/><D126/><U40/><E40/><V71/><F71/><W114/><G114/><T101/><D79/><U30/><E75/><V23/><F89/><W73/><G73/><T93/><D101/><U127/><E74/><V12/><F61/><W104/><G104/><T31/><REACH who="0" step="1"/><D65/><AGARI ba="0,0" hai="5,10,12,20,23,58,63,65,84,91,94" m="46667" machi="65" ten="30,1000,0" yaku="13,1" doraHai="70" who="2" fromWho="0" sc="220,-10,283,0,201,10,296,0" /><INIT seed="4,0,0,3,5,26" ten="210,283,211,296" oya="0" hai0="100,53,69,22,89,43,129,13,113,73,15,19,97" hai1="12,58,56,130,123,99,27,122,25,37,6,10,118" hai2="46,116,39,126,47,86,127,117,59,21,31,114,14" hai3="88,49,34,45,11,57,66,64,38,65,60,70,128"/><T110/><D113/><U52/><E37/><V101/><F114/><W79/><G34/><T134/><D129/><U2/><E58/><V112/><F112/><W92/><G128/><T121/><D121/><U133/><E130/><V96/><F86/><N who="3" m="52247" /><G70/><T42/><D73/><U91/><E118/><N who="2" m="45675" /><F59/><W67/><G38/><T83/><D69/><U115/><E133/><V48/><F39/><W72/><G72/><T7/><D134/><U8/><E115/><V28/><F14/><N who="0" m="5130" /><D7/><U24/><E91/><V61/><F61/><W104/><G104/><T9/><D9/><U75/><E99/><V16/><F16/><W76/><G11/><T93/><D53/><AGARI ba="0,0" hai="45,49,53,57,60,64,65,66,67,76,79" m="52247" machi="53" ten="30,2000,0" yaku="8,1,54,1" doraHai="26" who="3" fromWho="0" sc="210,-20,283,0,211,0,296,20" owari="190,-31.0,283,8.3,211,-18.9,316,41.6" /></mjloggm>