<mjloggm ver="2.3"><GO type="225" lobby="0"/><UN n0="%E7%89%B9%E6%9D%B1%E3%81%AF%E4%B8%96%E7%95%8C%E3%82%92%E6%95%91%E3%81%86" n1="%72%69%6F%75%63%68%61%6E" n2="%E5%8D%A0%E3%81%84%E5%B8%AB%E8%A3%8F%E3%81%AA%E3%81%84%E3%81%97" n3="%E3%81%82%E3%81%99%E3%81%AB%E3%82%83%E3%82%80" dan="16,17,16,16" rate="2049.25,2174.78,2121.23,2120.71" sx="M,M,M,F"/><TAIKYOKU oya="0"/><INIT seed="0,0,0,0,3,127" ten="250,250,250,250" oya="0" hai0="13,11,43,129,60,80,19,7,17,121,76,71,3" hai1="102,23,119,29,126,21,27,28,52,46,86,101,44" hai2="77,16,64,130,132,124,0,34,20,59,88,18,120" hai3="108,2,128,65,56,63,97,112,78,51,91,114,38"/><T25/><D121/><U111/><E119/><V105/><F120/><W42/><G2/><T61/><D43/><U79/><E111/><V107/><F124/><W81/><G108/><T74/><D71/><U133/><E126/><V83/><F34/><W131/><G38/><T100/><D100/><U103/><E133/><V12/><F132/><W39/><G39/><T26/><D129/><N who="3" m="49737" /><G97/><T70/><D19/><U10/><E10/><V62/><F0/><W30/><G91/><T32/><D70/><U106/><E106/><V31/><F31/><W47/><G30/><N who="0" m="19535" /><D26/><N who="1" m="16463" /><E52/><N who="2" m="34151" /><F107/><W41/><G41/><T36/><D36/><U95/><E79/><V69/><F69/><W90/><G90/><AGARI ba="0,0" hai="23,27,29,44,46,86,90,95,101,102,103" m="16463" machi="90" ten="30,1000,0" yaku="8,1" doraHai="127" who="1" fromWho="3" sc="250,0,250,10,250,0,250,-10" /><INIT seed="1,0,0,3,3,54" ten="250,260,250,240" oya="1" hai0="32,47,123,36,22,117,87,98,3,129,105,102,113" hai1="19,82,40,7,9,107,65,88,94,106,5,59,128" hai2="13,17,131,116,26,57,78,68,1,99,108,133,69" hai3="104,101,77,72,49,79,42,76,48,43,126,109,27"/><U50/><E128/><V11/><F116/><W132/><G109/><T112/><D117/><U114/><E114/><V110/><F131/><W18/><G72/><T127/><D129/><U100/><E100/><V52/><F1/><W35/><G132/><T96/><D127/><U93/><E19/><V34/><F78/><W33/><G126/><T15/><D32/><N who="3" m="12361" /><G101/><T66/><D3/><U24/><E24/><V25/><F133/><W37/><G18/><T10/><D123/><U45/><E82/><V80/><F80/><W6/><G27/><N who="2" m="10249" /><F34/><W67/><G67/><T62/><D22/><U119/><E119/><V60/><F99/><W16/><G16/><T61/><D96/><U38/><E94/><V85/><F85/><W97/><G97/><T95/><D87/><U74/><E74/><V4/><F4/><W46/><G46/><T130/><D130/><U64/><E107/><V20/><F20/><W118/><G118/><T115/><D105/><U103/><E103/><V56/><F56/><W111/><G104/><T124/><D124/><U14/><E106/><V92/><F92/><W55/><G6/><T90/><D102/><U0/><E5/><V73/><F73/><W84/><G84/><T23/><D23/><U120/><E0/><V28/><F28/><W83/><G79/><T44/><D36/><U75/><E120/><V39/><F39/><W12/><G37/><T125/><D125/><U91/><E75/><V89/><F89/><N who="1" m="34377" /><E93/><V2/><F2/><W21/><G77/><T53/><D115/><U122/><E122/><V135/><F135/><W31/><G76/><RYUUKYOKU ba="0,0" sc="250,-15,260,15,250,15,240,-15" hai1="7,9,14,38,40,45,50,59,64,65" hai2="11,13,17,52,57,60,68,69,108,110" /><INIT seed="1,1,0,4,4,51" ten="235,275,265,225" oya="1" hai0="40,120,124,54,125,67,32,34,2,111,7,94,130" hai1="103,117,96,36,81,132,122,95,101,92,128,98,47" hai2="59,3,50,53,15,97,87,89,56,17,105,10,118" hai3="80,107,8,91,41,24,76,33,19,52,20,88,85"/><U60/><E117/><V61/><F3/><W1/><G107/><T79/><D40/><U58/><E122/><V57/><F118/><W133/><G41/><T86/><D67/><U22/><E128/><V135/><F135/><W72/><G133/><T44/><D130/><U9/><E132/><V42/><F105/><W63/><G33/><T62/><D120/><U18/><E9/><V100/><F100/><W73/><G73/><T28/><D111/><U31/><E81/><V25/><F97/><W45/><G72/><T65/><D7/><U29/><E47/><N who="2" m="25975" /><F25/><W46/><G46/><T64/><D2/><U110/><E36/><V109/><F109/><W99/><G99/><T116/><D116/><U77/><E77/><V5/><F5/><W90/><G45/><T83/><D94/><AGARI ba="1,0" hai="10,15,17,53,56,57,59,61,87,89,94" m="25975" machi="94" ten="30,2000,0" yaku="8,1,52,1" doraHai="51" who="2" fromWho="0" sc="235,-23,275,0,265,23,225,0" /><INIT seed="2,0,0,1,5,46" ten="212,275,288,225" oya="2" hai0="18,69,125,91,134,17,99,117,3,102,58,25,132" hai1="53,13,55,74,51,120,36,122,30,52,75,81,27" hai2="68,38,130,41,11,108,87,24,126,23,21,48,26" hai3="44,113,33,131,70,86,61,15,9,78,60,64,32"/><V82/><F38/><W14/><G131/><T1/><D69/><U73/><E36/><V101/><F68/><W66/><G113/><T47/><D125/><U90/><E13/><V42/><F126/><W110/><G110/><T54/><D47/><N who="1" m="27775" /><E90/><V119/><F119/><W19/><G44/><T22/><D91/><U39/><E81/><V16/><F130/><W20/><G86/><T115/><D115/><U45/><E39/><V111/><F11/><W31/><G31/><T35/><D35/><N who="1" m="20959" /><E45/><V0/><F0/><W97/><G78/><T118/><D18/><U59/><E59/><V135/><F101/><W114/><G97/><T116/><D3/><U50/><E50/><V89/><F48/><W65/><G65/><T84/><D84/><U5/><E5/><V79/><F89/><W8/><G114/><T123/><D1/><U63/><E63/><V103/><F103/><W109/><G109/><N who="2" m="42057" /><F41/><W98/><G98/><T133/><D102/><U93/><E93/><V92/><F92/><W29/><G29/><T6/><D6/><U56/><E56/><V12/><F42/><W49/><G49/><N who="0" m="31055" /><D99/><U71/><E71/><V77/><F77/><W40/><G40/><T80/><D80/><U67/><E67/><V76/><F76/><W112/><G112/><T57/><D57/><U62/><E62/><V7/><F7/><N who="3" m="3359" /><G9/><T127/><D127/><U72/><N who="1" m="18432" /><DORA hai="105" /><U107/><E107/><V106/><F106/><W88/><G88/><T94/><D94/><U85/><E85/><V124/><F87/><W34/><G70/><T104/><D104/><U83/><E83/><RYUUKYOKU ba="0,0" sc="212,10,275,10,288,-30,225,10" hai0="17,22,25,116,117,118,123,132,133,134" hai1="53,55,120,122" hai3="15,19,20,32,33,34,60,61,64,66" /><INIT seed="3,1,0,5,4,37" ten="222,285,258,235" oya="3" hai0="98,115,103,6,105,20,77,11,69,94,117,47,57" hai1="2,89,63,51,26,16,30,13,48,104,108,22,41" hai2="50,21,34,86,70,128,68,62,112,28,106,29,126" hai3="38,84,110,97,52,87,60,45,19,95,1,123,9"/><W61/><G123/><T83/><D117/><U53/><E104/><V67/><F112/><W132/><G132/><T82/><D69/><U4/><E108/><V75/><F75/><W14/><G110/><T124/><D124/><U131/><E131/><V71/><F126/><W129/><G129/><T66/><D115/><U17/><E89/><V133/><F128/><W25/><G1/><T73/><D82/><U59/><E41/><V102/><F133/><W55/><G25/><T81/><D83/><U99/><E99/><N who="2" m="61791" /><F28/><W56/><G38/><T35/><D35/><N who="1" m="20951" /><E17/><V119/><F21/><W3/><G3/><T10/><D105/><U23/><E22/><V74/><F74/><W24/><G24/><T130/><D130/><U54/><E53/><V15/><F15/><W32/><G32/><T5/><D20/><U40/><E40/><V121/><F119/><W31/><G31/><T135/><D135/><U8/><AGARI ba="1,0" hai="2,4,8,13,16,23,48,51,54,59,63" m="20951" machi="8" ten="30,2000,0" yaku="24,1,54,1" doraHai="37" who="1" fromWho="1" sc="222,-6,285,23,258,-6,235,-11" owari="216,-28.4,308,40.8,252,5.2,224,-17.6" /></mjloggm>