<mjloggm ver="2.3"><GO type="225" lobby="0"/><UN n0="%E7%99%BD%E9%9B%AA%E4%B9%83%E6%84%9B" n1="%E3%81%A9%E3%82%8F%E3%82%93%E3%81%94" n2="%E9%87%8E%E3%80%85%E5%AE%AE%E8%97%8D" n3="%E5%B0%8F%E9%B3%A5%E9%81%8A%E7%B7%B4%E7%84%A1%32%31%E6%AD%B3" dan="16,16,16,16" rate="2065.68,2063.96,2118.19,2209.92" sx="F,M,F,F"/><TAIKYOKU oya="0"/><INIT seed="0,0,0,5,5,46" ten="250,250,250,250" oya="0" hai0="113,79,89,15,130,25,129,118,1,69,8,126,9" hai1="0,83,23,52,20,85,28,71,110,103,104,64,127" hai2="134,97,56,16,76,57,7,99,19,29,106,108,94" hai3="30,17,10,12,4,80,120,66,6,87,135,116,78"/><T125/><D69/><U102/><E0/><V3/><F108/><W62/><G116/><T31/><D79/><U98/><E110/><V67/><F134/><W70/><G135/><T42/><D89/><U36/><E36/><V81/><F29/><W11/><G120/><T18/><D42/><U75/><E75/><V119/><F119/><W55/><G30/><T128/><D118/><U38/><E38/><V34/><F34/><W49/><REACH who="3" step="1"/><G10/><REACH who="3" ten="250,250,250,240" step="2"/><T61/><D113/><U58/><E28/><V107/><F3/><W48/><G48/><T51/><D51/><U37/><E37/><V35/><F35/><W111/><G111/><T96/><D61/><U43/><E23/><V65/><F7/><W53/><G53/><T41/><D41/><U21/><E43/><V13/><F67/><W86/><G86/><T27/><D96/><U59/><E64/><V109/><F65/><W47/><AGARI ba="0,1" hai="4,6,11,12,17,47,49,55,62,66,70,78,80,87" machi="47" ten="20,5200,0" yaku="1,1,0,1,7,1,52,1,53,0" doraHai="46" doraHaiUra="132" who="3" fromWho="3" sc="250,-26,250,-13,250,-13,240,62" /><INIT seed="1,0,0,0,0,78" ten="224,237,237,302" oya="1" hai0="124,84,97,86,46,66,3,114,89,42,0,14,96" hai1="62,80,90,17,106,128,127,123,79,28,94,73,22" hai2="132,38,115,82,122,74,16,21,68,131,24,116,52" hai3="88,43,26,101,47,37,4,63,34,61,57,25,40"/><U105/><E123/><V10/><F122/><W109/><G109/><T30/><D114/><U110/><E128/><V9/><F116/><W32/><G101/><T85/><D124/><U92/><E127/><V83/><F68/><W117/><G4/><T111/><D111/><U39/><E39/><V5/><F38/><W102/><G102/><T44/><D66/><U126/><E126/><V23/><F131/><W93/><G40/><T20/><D30/><U100/><E28/><N who="2" m="17423" /><F74/><W27/><G117/><T121/><D121/><U1/><E1/><V11/><F115/><W75/><G75/><T134/><D134/><U54/><E100/><V103/><F103/><W6/><G6/><T67/><D67/><U113/><E94/><V133/><F5/><W72/><G72/><T120/><D120/><U130/><E130/><V91/><F91/><W125/><G125/><T95/><D96/><N who="1" m="57367" /><E113/><V77/><F77/><W19/><G19/><N who="0" m="10359" /><D0/><U15/><E110/><V76/><F76/><W50/><G37/><T51/><D3/><U12/><E106/><V108/><F108/><W31/><G34/><T35/><D35/><U41/><E41/><V65/><F65/><W135/><G135/><N who="2" m="51785" /><F52/><W29/><G32/><T60/><D60/><N who="3" m="23113" /><G57/><T33/><D33/><U2/><E105/><V71/><F71/><W99/><AGARI ba="0,0" hai="25,26,27,29,31,43,47,50,88,93,99" m="23113" machi="99" ten="30,2000,0" yaku="8,1,54,1" doraHai="78" who="3" fromWho="3" sc="224,-5,237,-10,237,-5,302,20" /><INIT seed="2,0,0,0,3,39" ten="219,227,232,322" oya="2" hai0="48,55,24,89,29,88,85,56,105,34,53,43,66" hai1="35,62,83,11,87,5,121,114,13,108,118,78,113" hai2="123,51,103,1,64,134,26,104,61,70,19,65,9" hai3="94,99,127,124,67,38,74,111,28,132,16,91,102"/><V110/><F123/><W50/><G38/><T18/><D105/><U7/><E118/><V60/><F134/><W46/><G111/><T8/><D66/><U71/><E108/><V93/><F110/><W131/><G28/><T44/><D55/><U77/><E121/><V63/><F93/><W22/><G74/><T58/><D58/><U100/><E35/><V68/><F51/><W130/><G67/><T37/><REACH who="0" step="1"/><D85/><REACH who="0" ten="209,227,232,322" step="2"/><U31/><E71/><V96/><F63/><W122/><G122/><T97/><D97/><U27/><E62/><V0/><REACH who="2" step="1"/><F9/><REACH who="2" ten="209,227,222,322" step="2"/><W115/><G132/><T92/><D92/><U23/><E11/><V2/><F2/><W119/><G119/><T49/><D49/><U4/><E114/><V75/><F75/><W21/><G115/><T30/><D30/><U59/><E113/><V25/><F25/><W81/><G50/><T32/><D32/><U101/><E59/><V79/><F79/><W17/><G94/><T52/><D52/><U47/><E77/><V128/><F128/><W12/><G131/><T120/><D120/><U69/><E69/><V36/><F36/><W15/><G130/><T54/><D54/><U41/><E13/><AGARI ba="0,2" hai="8,13,18,24,29,34,37,43,44,48,53,56,88,89" machi="13" ten="40,8000,1" yaku="1,1,52,1,54,1,53,1" doraHai="39" doraHaiUra="42" who="0" fromWho="1" sc="209,100,227,-80,222,0,322,0" /><INIT seed="3,0,0,5,4,82" ten="309,147,222,322" oya="3" hai0="8,35,69,92,106,119,129,103,4,23,71,39,15" hai1="98,13,127,62,108,43,131,110,65,61,70,87,21" hai2="51,59,94,99,88,96,63,134,101,27,36,124,2" hai3="28,73,114,56,100,75,60,0,115,79,122,1,78"/><W42/><G122/><T123/><D119/><U5/><E5/><V50/><F36/><W67/><G100/><T130/><D35/><U74/><E74/><V90/><F2/><W31/><G42/><T14/><D123/><U68/><E98/><V55/><F124/><W46/><G46/><T80/><D39/><U91/><E127/><V112/><F134/><W107/><G107/><T34/><D34/><U104/><E104/><V121/><F112/><W126/><G126/><T22/><D106/><U93/><E43/><V18/><F121/><W20/><G20/><N who="0" m="7723" /><D15/><U128/><E21/><N who="2" m="13751" /><F90/><W54/><G67/><T17/><D4/><U53/><E13/><V32/><F32/><W9/><G0/><T25/><D25/><U117/><E117/><V48/><F48/><W118/><G118/><T57/><D57/><U66/><REACH who="1" step="1"/><E53/><REACH who="1" ten="309,137,222,322" step="2"/><V26/><F26/><W6/><G75/><T111/><D111/><AGARI ba="0,1" hai="61,62,65,66,68,70,87,91,93,108,110,111,128,131" machi="111" ten="40,8000,1" yaku="1,1,2,1,9,1,14,1,52,1,53,0" doraHai="82" doraHaiUra="113" who="1" fromWho="0" sc="309,-80,137,90,222,0,322,0" owari="229,2.9,227,-17.3,222,-27.8,322,42.2" /></mjloggm>