<mjloggm ver="2.3"><GO type="225" lobby="0"/><UN n0="%E7%BD%AA%E5%88%91%E6%B3%95%E5%AE%9A%E4%B8%BB%E7%BE%A9" n1="%E3%81%95%E3%81%8D%E3%81%9F%E3%81%BE%E6%9E%97%E6%AA%8E" n2="%E3%81%99%E3%81%84%E3%81%BE%E3%81%9B%E3%83%BC%E3%82%93" n3="%E9%B3%B3%E6%9D%B1%E3%81%AE%E3%81%86%E3%81%95%E3%81%8E%E3%81%95%E3%82%93" dan="16,16,16,16" rate="2136.85,2134.24,2149.13,2153.09" sx="M,M,M,M"/><TAIKYOKU oya="0"/><INIT seed="0,0,0,2,0,15" ten="250,250,250,250" oya="0" hai0="4,104,93,68,52,34,122,125,11,130,118,115,85" hai1="96,135,64,18,65,102,107,72,43,10,49,67,30" hai2="128,116,108,26,9,111,74,98,63,54,44,87,3" hai3="24,48,89,69,127,5,88,106,40,91,78,25,103"/><T45/><D104/><U100/><E135/><V86/><F116/><W2/><G69/><T83/><D34/><U119/><E119/><V101/><F74/><W76/><G127/><T71/><D118/><U92/><E72/><V61/><F128/><W21/><G2/><T12/><D115/><U50/><E30/><V7/><F26/><W1/><G1/><T20/><D122/><U113/><E113/><V75/><F75/><W29/><G5/><T94/><D125/><U129/><E129/><V77/><F44/><N who="3" m="25607" /><G106/><T62/><D130/><U27/><E107/><N who="2" m="63927" /><F54/><W41/><G41/><T114/><D114/><U17/><E43/><V132/><F132/><W79/><G24/><T97/><D20/><N who="1" m="13711" /><E102/><AGARI ba="0,0" hai="21,25,29,76,78,79,88,89,91,102,103" m="25607" machi="102" ten="30,2000,0" yaku="8,1,54,1" doraHai="15" who="3" fromWho="1" sc="250,0,250,-20,250,0,250,20" /><INIT seed="1,0,0,5,3,22" ten="250,230,250,270" oya="1" hai0="118,129,113,76,26,27,46,92,90,122,58,31,115" hai1="10,41,104,7,68,102,52,9,20,106,25,107,96" hai2="15,50,117,18,82,131,134,101,35,126,43,116,79" hai3="13,114,93,74,21,19,16,44,132,33,36,80,59"/><U98/><E68/><V133/><F126/><W123/><G123/><T135/><D118/><U62/><E41/><V5/><F35/><W91/><G114/><T86/><D122/><U54/><E10/><V8/><F131/><W12/><G33/><T1/><D129/><U130/><E130/><V71/><F101/><W121/><G121/><T70/><D70/><U69/><E69/><V88/><F71/><W89/><G132/><N who="2" m="50793" /><F88/><W66/><G36/><T103/><D1/><U81/><E81/><V94/><F94/><W3/><G44/><T67/><D135/><U110/><E110/><V97/><F97/><W64/><G3/><T24/><D31/><U77/><E77/><V56/><F18/><W34/><G34/><T4/><D103/><U32/><E32/><V53/><F43/><W30/><G30/><T63/><D4/><U23/><E23/><V28/><F28/><W47/><G21/><T128/><D128/><U120/><E120/><V99/><F99/><W125/><G93/><T39/><REACH who="0" step="1"/><D76/><REACH who="0" ten="240,230,250,270" step="2"/><U95/><E7/><V87/><AGARI ba="0,1" hai="5,8,15,50,53,56,79,82,87,116,117" m="50793" machi="87" ten="30,1100,0" yaku="20,1" doraHai="22" who="2" fromWho="2" sc="240,-3,230,-5,250,21,270,-3" /><INIT seed="2,0,0,0,4,23" ten="237,225,271,267" oya="2" hai0="65,56,68,27,88,104,53,112,130,109,38,131,33" hai1="18,15,73,106,108,48,51,11,66,19,120,41,16" hai2="123,86,90,22,17,92,43,114,96,31,4,25,63" hai3="94,79,37,60,110,59,46,1,6,127,44,101,64"/><V77/><F114/><W102/><G110/><T36/><D112/><U125/><E108/><V10/><F123/><W82/><G127/><T40/><D109/><U9/><E125/><V134/><F134/><W14/><G1/><T91/><D104/><U61/><E73/><V135/><F135/><W57/><G57/><T116/><D65/><U89/><E106/><V74/><F74/><W76/><G37/><N who="0" m="14443" /><D68/><U28/><E28/><V52/><F43/><W20/><G79/><T47/><D47/><N who="3" m="17961" /><G94/><T124/><D40/><U45/><E120/><V55/><F31/><W69/><G69/><T70/><D70/><U121/><E121/><V42/><F42/><W85/><G20/><T29/><D124/><U111/><E111/><V129/><F129/><N who="0" m="49162" /><D116/><U81/><E51/><AGARI ba="0,0" hai="27,29,33,51,53,56,88,91" m="49162,14443" machi="51" ten="30,3900,0" yaku="19,1,52,1,54,1" doraHai="23" who="0" fromWho="1" sc="237,39,225,-39,271,0,267,0" /><INIT seed="3,0,0,5,3,0" ten="276,186,271,267" oya="3" hai0="103,14,111,58,27,86,20,112,1,42,67,63,13" hai1="125,41,133,113,12,61,100,3,104,110,135,90,83" hai2="31,117,40,115,122,19,39,30,119,25,128,134,101" hai3="11,55,26,92,72,69,98,123,73,52,80,131,89"/><W38/><G123/><T33/><D33/><U109/><E3/><V28/><F101/><W77/><G38/><T102/><D111/><N who="1" m="42507" /><E113/><V16/><F40/><W47/><G69/><T75/><D75/><U50/><E125/><V94/><F39/><W23/><G131/><T66/><D1/><U78/><E90/><V53/><F94/><W87/><G11/><T51/><D112/><U22/><E61/><V45/><F115/><W105/><G47/><N who="0" m="26103" /><D67/><U7/><E104/><V76/><F76/><W99/><G72/><T24/><D24/><U9/><E22/><V96/><F128/><W8/><G8/><T116/><D116/><U60/><E60/><V2/><F2/><W43/><G43/><T97/><D103/><U126/><E126/><V118/><F122/><W70/><G70/><T18/><D86/><N who="1" m="48503" /><E100/><V21/><F96/><N who="3" m="57359" /><G105/><T4/><D97/><N who="3" m="36873" /><G73/><T120/><D102/><U95/><E95/><V56/><F118/><W34/><G34/><T59/><D120/><U130/><E130/><V81/><F119/><W35/><G35/><T57/><D27/><U127/><E127/><V5/><F25/><W64/><G64/><T129/><D129/><U65/><E65/><V44/><F117/><W107/><G107/><T88/><D88/><U71/><E71/><V15/><F81/><W93/><G93/><T132/><D66/><U48/><E41/><V79/><F79/><W10/><G10/><N who="0" m="4295" /><D63/><U62/><E62/><V106/><F106/><W54/><G26/><T37/><D37/><U74/><E74/><V46/><F21/><AGARI ba="0,0" hai="21,23,52,54,55,77,80,87" m="36873,57359" machi="21" ten="30,2900,0" yaku="8,1,54,1" doraHai="0" who="3" fromWho="2" sc="276,0,186,0,271,-29,267,29" /><INIT seed="3,1,0,2,5,123" ten="276,186,242,296" oya="3" hai0="22,125,52,8,44,48,53,76,36,89,32,109,27" hai1="73,23,116,119,7,77,135,124,69,127,46,10,68" hai2="57,110,14,45,84,88,113,64,92,120,87,33,74" hai3="134,63,24,78,67,4,122,105,1,42,102,130,2"/><W9/><G122/><T118/><D118/><N who="1" m="45099" /><E23/><V56/><F113/><W83/><G130/><T132/><D32/><U93/><E93/><V81/><F33/><W16/><G134/><T133/><D36/><U114/><E114/><V3/><F3/><W65/><G1/><T103/><D103/><U54/><E54/><V21/><F74/><W96/><G42/><T12/><D76/><U59/><E59/><V39/><F120/><W25/><G16/><N who="0" m="12743" /><D109/><U50/><E135/><N who="0" m="51785" /><D89/><U112/><E112/><V86/><F110/><W85/><G67/><T66/><D66/><U108/><E108/><V35/><F35/><W75/><G75/><T40/><D125/><N who="1" m="48203" /><E77/><V107/><F57/><AGARI ba="1,0" hai="2,4,9,24,25,57,63,65,78,83,85,96,102,105" machi="57" ten="30,1500,0" yaku="7,1" doraHai="123" who="3" fromWho="2" sc="276,0,186,0,242,-18,296,18" owari="276,7.6,186,-31.4,224,-17.6,314,41.4" /></mjloggm>