<mjloggm ver="2.3"><GO type="225" lobby="0"/><UN n0="%E6%B4%BE%E9%81%A3%E3%81%AE%E3%82%B8%E3%83%A3%E3%83%83%E3%82%AF" n1="%E5%B8%86%E7%AB%8B%E5%A4%8F%E8%A1%A3" n2="%E7%8D%A3%E8%87%AD%E3%81%84%E8%82%89%E7%90%83" n3="%E3%83%A9%E3%83%BC%E3%83%A1%E3%83%B3%E4%BA%94%E9%83%8E" dan="17,17,16,16" rate="2199.59,2186.90,2116.73,2147.44" sx="M,M,M,M"/><TAIKYOKU oya="0"/><INIT seed="0,0,0,1,1,70" ten="250,250,250,250" oya="0" hai0="23,80,94,53,86,14,1,33,36,26,108,16,124" hai1="114,107,46,64,113,30,45,123,13,72,79,76,56" hai2="125,6,122,82,19,5,101,49,43,10,40,74,102" hai3="77,11,129,130,62,54,134,95,111,135,78,110,84"/><T37/><D124/><U17/><E123/><V85/><F122/><W0/><G0/><T2/><D94/><U35/><E107/><V115/><F74/><W52/><G11/><T87/><D53/><N who="3" m="20585" /><G62/><T63/><D63/><N who="1" m="37991" /><E30/><V105/><F115/><N who="1" m="44041" /><E35/><V99/><F102/><W128/><G95/><T91/><D87/><U15/><E15/><V100/><F100/><W67/><G67/><T31/><REACH who="0" step="1"/><D108/><REACH who="0" ten="240,250,250,250" step="2"/><N who="3" m="41513" /><G84/><T116/><D116/><U106/><E106/><V57/><F125/><W51/><G51/><T58/><D58/><U27/><E72/><V55/><F85/><W121/><G121/><T20/><D20/><U98/><E98/><V132/><F105/><W29/><G29/><T109/><D109/><U65/><E65/><V81/><F99/><W44/><G44/><T41/><D41/><U127/><E127/><V47/><F43/><W61/><G61/><T69/><D69/><U120/><E120/><V7/><F40/><W12/><G12/><T89/><D89/><U96/><E96/><V75/><F75/><W118/><G118/><T39/><AGARI ba="0,1" hai="1,2,14,16,23,26,31,33,36,37,39,80,86,91" machi="39" ten="30,18000,2" yaku="1,1,0,1,52,3,54,1,53,1" doraHai="70" doraHaiUra="28" who="0" fromWho="0" sc="240,190,250,-60,250,-60,250,-60" /><INIT seed="0,1,0,5,3,112" ten="430,190,190,190" oya="0" hai0="22,8,72,87,60,17,27,69,90,62,100,107,57" hai1="120,50,7,96,117,2,119,128,127,52,70,9,64" hai2="63,74,93,82,56,99,110,101,1,41,12,121,108" hai3="73,43,86,91,26,102,44,51,83,15,65,38,79"/><T132/><D72/><U88/><E120/><V76/><F121/><W46/><G65/><T71/><D132/><U58/><E128/><V14/><F1/><W77/><G102/><T67/><D107/><U104/><E127/><V78/><F41/><W118/><G118/><T6/><D100/><U24/><E104/><V105/><F78/><W61/><G61/><T54/><D69/><U10/><E10/><V29/><F29/><W92/><G77/><T23/><D23/><U113/><E113/><V135/><F135/><W81/><G15/><T42/><D42/><U3/><E3/><V106/><F106/><W33/><G33/><T18/><D18/><U48/><E48/><V59/><F59/><W68/><G26/><T55/><D55/><U39/><E39/><V35/><F35/><W133/><G133/><T37/><D37/><U97/><E24/><V126/><F126/><W66/><G66/><T28/><D28/><U116/><REACH who="1" step="1"/><E88/><REACH who="1" ten="430,180,190,190" step="2"/><V25/><F25/><W98/><G38/><T94/><D8/><U111/><E111/><N who="2" m="42539" /><F105/><W47/><G51/><T75/><D90/><U45/><E45/><V40/><F40/><W130/><G43/><T103/><D27/><U122/><E122/><V36/><F36/><W131/><G68/><T30/><D71/><U32/><E32/><V4/><F4/><W11/><G11/><T84/><D6/><U53/><E53/><AGARI ba="1,1" hai="12,14,53,56,63,74,76,82,93,99,101" m="42539" machi="53" ten="30,1000,0" yaku="14,1" doraHai="112" who="2" fromWho="1" sc="430,0,180,-13,190,23,190,0" /><INIT seed="1,0,0,5,2,119" ten="430,167,213,190" oya="1" hai0="77,128,58,67,9,25,63,132,85,66,69,97,57" hai1="73,61,16,30,104,29,12,55,32,94,93,43,33" hai2="44,78,38,71,101,24,54,88,95,91,60,2,19" hai3="107,45,37,22,131,130,36,84,92,100,112,18,40"/><U31/><E104/><V68/><F2/><W70/><G70/><T59/><D128/><N who="3" m="49193" /><G107/><T20/><D132/><U21/><E73/><V5/><F5/><W113/><G36/><T46/><D97/><U76/><E76/><V125/><F125/><W8/><G8/><T106/><D106/><U4/><E43/><V62/><F78/><W52/><G52/><T47/><D9/><N who="1" m="4135" /><E33/><V114/><F114/><W26/><G100/><T3/><D3/><U74/><E74/><V120/><F120/><W99/><G99/><T117/><D117/><U41/><E32/><V135/><F135/><W79/><G92/><N who="1" m="35434" /><E41/><V75/><F75/><W98/><G98/><T10/><D10/><U35/><E35/><V126/><F126/><W134/><G134/><T13/><D69/><U81/><E81/><AGARI ba="0,0" hai="18,22,26,37,40,45,79,81,84,112,113" m="49193" machi="81" ten="30,1000,0" yaku="19,1" doraHai="119" who="3" fromWho="1" sc="430,0,167,-10,213,0,190,10" /><INIT seed="2,0,0,1,1,4" ten="430,157,213,200" oya="2" hai0="47,112,108,135,107,0,125,90,94,115,5,75,6" hai1="44,58,24,95,116,20,23,111,102,66,128,92,50" hai2="73,53,123,32,38,83,89,63,93,120,31,60,22" hai3="88,3,133,68,55,48,126,106,1,62,39,104,13"/><V113/><F113/><W54/><G39/><T2/><D107/><U56/><E111/><V110/><F38/><W57/><G126/><T71/><D108/><U96/><E128/><V18/><F110/><W122/><G122/><T98/><D71/><U21/><E116/><V109/><F109/><W101/><G133/><T28/><D28/><U132/><E132/><V87/><F31/><W67/><G106/><T81/><D47/><U52/><E95/><V105/><F32/><W74/><G74/><T7/><D135/><U121/><E121/><V43/><F43/><W100/><G55/><T59/><D59/><U124/><E124/><V14/><F105/><W134/><G134/><T70/><D70/><U26/><REACH who="1" step="1"/><E44/><REACH who="1" ten="430,147,213,200" step="2"/><V46/><F123/><W41/><G104/><T10/><D125/><U85/><E85/><V78/><F120/><W40/><G1/><T35/><D2/><U131/><E131/><V25/><F46/><W130/><G3/><T64/><D0/><U45/><E45/><V99/><F73/><W42/><G130/><T82/><D75/><U29/><E29/><N who="2" m="17591" /><F53/><W77/><G54/><T118/><D118/><U86/><E86/><V119/><F119/><W34/><G67/><T16/><D64/><U12/><E12/><V79/><F14/><W36/><G13/><N who="0" m="7223" /><D115/><U51/><E51/><V33/><F18/><W97/><G48/><T117/><D117/><U37/><E37/><V65/><F65/><N who="3" m="39119" /><G36/><T76/><D112/><U9/><E9/><V84/><F84/><W103/><G41/><T27/><D76/><N who="2" m="29226" /><F87/><W72/><G72/><T91/><D5/><RYUUKYOKU ba="0,1" sc="430,-10,147,30,213,-10,200,-10" hai1="20,21,23,24,26,50,52,56,58,66,92,96,102" /><INIT seed="3,1,1,3,5,14" ten="420,177,203,190" oya="3" hai0="94,42,135,17,128,62,40,51,32,45,10,77,43" hai1="22,63,66,81,70,16,86,24,28,21,124,99,121" hai2="2,79,132,123,50,30,120,134,41,84,89,44,7" hai3="112,87,4,69,97,31,83,71,6,80,109,92,49"/><W127/><G112/><T57/><D32/><U88/><E124/><V73/><F30/><W118/><G118/><T5/><D135/><N who="2" m="51754" /><F79/><W55/><G127/><T106/><D106/><U65/><E121/><N who="2" m="46667" /><F73/><W9/><G109/><T90/><D77/><N who="1" m="46383" /><E70/><V58/><F58/><N who="3" m="33135" /><G69/><T23/><D128/><U8/><E8/><N who="2" m="2167" /><F89/><N who="3" m="55439" /><G71/><T56/><D10/><U1/><E1/><V12/><F12/><N who="3" m="5159" /><G31/><T60/><D5/><U101/><E101/><V18/><F84/><W68/><G68/><T119/><D119/><U91/><E91/><V104/><F104/><W129/><G129/><T52/><D57/><N who="1" m="37103" /><E88/><V3/><F3/><W38/><G87/><N who="0" m="52575" /><D56/><U114/><E99/><V110/><F110/><W59/><G59/><T36/><D36/><U131/><E131/><V107/><F107/><W37/><G37/><T39/><D39/><U26/><E114/><V116/><F116/><W100/><G38/><T0/><D0/><U13/><E13/><AGARI ba="1,1" hai="13,17,23,40,42,43,45,51,52,60,62" m="52575" machi="13" ten="30,3900,0" yaku="8,1,52,1,54,1" doraHai="14" who="0" fromWho="1" sc="420,52,177,-42,203,0,190,0" owari="472,57.2,135,-36.5,203,0.3,190,-21.0" /></mjloggm>