<mjloggm ver="2.3"><GO type="225" lobby="0"/><UN n0="%E3%81%86%E3%82%8C%E3%81%9F%E3%82%93%E6%9E%95" n1="%70%65%6E%74%6F%6C%61" n2="%E5%86%B7%E5%87%8D%E3%82%AE%E3%83%A7%E3%83%BC%E3%82%B6" n3="%E3%81%8B%E3%82%8F%E3%81%A1%E3%82%83%E3%82%93%35%38" dan="16,16,16,16" rate="2092.67,2098.97,2104.57,2129.37" sx="F,M,M,M"/><TAIKYOKU oya="0"/><INIT seed="0,0,0,1,5,55" ten="250,250,250,250" oya="0" hai0="58,130,88,104,20,98,9,26,12,84,61,38,69" hai1="115,19,127,32,99,36,75,125,78,135,18,3,37" hai2="80,27,56,60,93,111,117,29,106,24,33,114,66" hai3="44,62,10,71,113,43,63,123,11,8,122,23,120"/><T133/><D38/><U45/><E32/><V72/><F106/><W85/><G113/><T39/><D39/><U0/><E78/><V68/><F114/><W22/><G85/><T94/><D130/><U73/><E115/><V107/><F107/><W54/><G71/><T17/><D133/><U21/><E21/><N who="3" m="7690" /><G54/><T2/><D2/><U129/><E45/><V31/><F117/><W64/><G64/><N who="0" m="38967" /><D69/><U1/><E1/><V59/><F93/><W134/><G134/><T82/><D104/><U4/><E99/><V16/><F16/><W53/><G53/><T6/><D98/><U42/><E4/><V57/><F111/><W89/><G89/><T108/><D108/><U46/><E135/><V51/><F51/><AGARI ba="0,0" hai="8,10,11,43,44,51,62,63,120,122,123" m="7690" machi="51" ten="40,1300,0" yaku="13,1" doraHai="55" who="3" fromWho="2" sc="250,0,250,0,250,-13,250,13" /><INIT seed="1,0,0,4,2,133" ten="250,250,237,263" oya="1" hai0="55,31,68,81,113,87,51,103,14,75,17,11,9" hai1="90,119,58,70,44,77,19,126,18,16,1,112,46" hai2="88,83,42,65,125,79,38,5,57,120,94,7,96" hai3="114,10,6,64,106,41,78,60,35,105,73,115,76"/><U25/><E70/><V37/><F120/><W84/><G84/><T62/><D113/><U109/><E112/><V66/><F125/><W93/><G93/><T34/><D75/><U121/><E1/><V97/><F97/><W135/><G41/><T71/><D103/><U8/><E119/><V72/><F42/><W74/><G35/><T100/><D100/><U59/><E121/><V2/><F2/><W82/><G10/><T117/><D117/><U102/><E102/><V69/><F69/><N who="3" m="42119" /><G6/><T33/><D9/><U128/><E77/><V21/><F21/><W15/><G15/><T4/><D4/><U28/><E8/><V43/><F37/><W12/><G12/><T52/><D55/><U123/><E123/><V23/><F66/><W54/><G54/><T89/><D62/><U13/><E13/><V130/><F65/><W95/><G95/><T0/><D0/><U61/><E59/><V91/><F57/><W127/><G135/><T131/><D131/><U67/><E128/><V80/><F130/><W36/><G36/><T122/><D122/><U101/><E101/><V32/><F32/><N who="0" m="12394" /><D31/><U27/><E28/><V56/><F56/><W22/><G22/><T40/><D40/><U29/><E29/><V3/><F23/><W20/><G20/><T39/><D39/><U111/><E27/><V45/><REACH who="2" step="1"/><F3/><REACH who="2" ten="250,250,227,263" step="2"/><W26/><G115/><T99/><D99/><U107/><E67/><V98/><F98/><W129/><G114/><T104/><D104/><N who="3" m="40041" /><G129/><T86/><D86/><AGARI ba="0,1" hai="5,7,38,43,45,72,79,80,83,86,88,91,94,96" machi="86" ten="40,2600,0" yaku="1,1,54,1,53,0" doraHai="133" doraHaiUra="118" who="2" fromWho="0" sc="250,-26,250,0,227,36,263,0" /><INIT seed="2,0,0,3,1,36" ten="224,250,263,263" oya="2" hai0="46,123,47,3,44,120,87,84,23,7,20,48,135" hai1="126,108,31,72,51,116,38,16,122,9,74,125,118" hai2="66,10,11,109,29,127,131,71,55,129,4,30,102" hai3="15,27,68,67,24,107,85,110,18,17,25,98,121"/><V45/><F127/><N who="1" m="48649" /><E38/><V56/><F109/><W95/><G121/><T37/><D135/><U101/><E31/><V0/><F102/><W103/><G110/><T62/><D37/><U114/><E108/><V82/><F82/><W93/><G18/><T81/><D62/><U39/><E39/><V43/><F66/><W64/><G68/><T90/><D48/><U22/><E9/><V128/><F11/><N who="3" m="6399" /><G107/><T133/><D133/><U28/><E28/><V40/><F71/><W14/><G14/><T89/><D7/><U12/><E114/><V79/><F79/><W92/><G92/><T115/><D3/><U106/><E122/><V104/><F104/><W113/><G113/><T75/><D75/><N who="1" m="28715" /><E51/><N who="2" m="27047" /><F43/><W50/><G50/><AGARI ba="0,0" hai="0,4,10,29,30,50,55,56,128,129,131" m="27047" machi="50" ten="30,2900,0" yaku="19,1,52,1" doraHai="36" who="2" fromWho="3" sc="224,0,250,0,263,29,263,-29" /><INIT seed="2,1,0,1,5,116" ten="224,250,292,234" oya="2" hai0="75,135,102,10,118,43,126,124,1,28,94,34,101" hai1="132,128,61,33,99,98,133,70,77,130,88,17,92" hai2="14,110,68,67,31,109,65,71,54,35,27,95,125" hai3="19,18,111,58,53,0,104,8,5,41,60,87,2"/><V55/><F125/><N who="0" m="48234" /><D75/><U6/><E33/><V115/><F95/><W11/><G104/><T24/><D118/><U30/><E30/><V78/><F78/><W107/><G107/><T81/><D43/><U129/><E6/><V29/><F14/><W45/><G111/><N who="2" m="42505" /><F115/><W105/><G105/><T69/><D69/><N who="2" m="26698" /><F31/><W117/><G117/><T93/><D81/><U76/><E17/><V74/><F74/><W32/><G32/><T86/><D135/><N who="1" m="51787" /><E70/><V80/><F80/><W106/><G106/><T108/><D108/><U89/><E61/><V3/><F3/><W122/><G87/><T25/><D25/><U26/><E26/><V79/><F79/><N who="1" m="30281" /><E99/><V51/><F55/><W73/><G53/><T103/><D86/><U84/><E84/><V4/><F4/><AGARI ba="1,0" hai="1,4,10,24,28,34,93,94,101,102,103" m="48234" machi="4" ten="30,1000,0" yaku="18,1" doraHai="116" who="0" fromWho="2" sc="224,13,250,0,292,-13,234,0" /><INIT seed="3,0,0,2,4,54" ten="237,250,279,234" oya="3" hai0="101,8,129,95,96,13,5,90,17,10,62,61,7" hai1="115,51,82,130,66,22,24,132,65,110,79,80,6" hai2="36,109,2,42,63,19,14,120,33,58,105,135,1" hai3="15,3,26,133,121,104,117,75,111,40,86,48,46"/><W84/><G117/><T70/><D129/><U74/><E115/><V68/><F109/><W25/><G121/><T78/><D78/><U76/><E110/><V23/><F135/><W122/><G3/><T31/><D31/><U57/><E6/><V131/><F131/><W116/><G75/><T94/><D70/><U64/><E130/><V88/><F33/><W102/><G122/><T43/><D43/><U85/><E132/><V0/><F68/><W89/><G116/><T38/><D38/><U34/><E34/><V81/><F105/><W99/><G111/><T27/><D27/><U91/><E79/><V126/><F126/><W118/><G118/><T18/><D5/><U112/><E112/><V107/><F107/><W49/><G133/><T52/><D10/><U32/><E32/><V103/><F103/><W37/><G86/><T35/><D35/><U127/><E127/><V77/><F77/><W39/><G15/><T59/><REACH who="0" step="1"/><D61/><REACH who="0" ten="227,250,279,234" step="2"/><U47/><E76/><V16/><F42/><W55/><G39/><T97/><AGARI ba="0,1" hai="7,8,13,17,18,52,59,62,90,94,95,96,97,101" machi="97" ten="20,16000,3" yaku="1,1,2,1,0,1,7,1,8,1,52,1,54,1,53,1" doraHai="54" doraHaiUra="56" who="0" fromWho="0" sc="227,170,250,-40,279,-40,234,-80" owari="397,49.7,210,-19.0,239,3.9,154,-34.6" /></mjloggm>