<mjloggm ver="2.3"><GO type="225" lobby="0"/><UN n0="%E8%B6%85%E7%B4%9A%E9%B3%B3%E5%87%B0" n1="%E3%81%99%E3%81%84%E3%81%BE%E3%81%9B%E3%83%BC%E3%82%93" n2="%72%61%6B%33" n3="%E6%98%93%E5%88%A9%E8%96%A9%E4%BC%AF" dan="16,17,16,16" rate="2174.17,2181.87,2146.93,2061.84" sx="M,M,M,F"/><TAIKYOKU oya="0"/><INIT seed="0,0,0,2,3,17" ten="250,250,250,250" oya="0" hai0="24,117,125,3,50,63,38,134,41,34,42,26,77" hai1="119,118,124,51,111,60,101,84,49,54,97,67,95" hai2="37,15,128,96,92,10,115,105,127,123,94,28,120" hai3="30,56,13,7,103,86,16,88,73,8,57,90,75"/><T59/><D59/><U19/><E111/><V69/><F115/><W122/><G122/><T6/><D117/><U20/><E124/><V21/><F37/><W112/><G112/><T114/><D114/><U23/><E84/><V43/><F43/><W61/><G30/><T71/><D125/><U85/><E85/><V4/><F127/><W31/><G31/><T47/><D41/><U93/><E93/><V36/><F36/><W116/><G116/><T1/><D34/><U82/><E82/><V14/><F69/><W27/><G103/><T109/><D38/><U39/><E39/><V25/><F128/><W66/><G57/><T46/><D47/><U132/><E132/><V33/><F105/><W106/><G106/><T68/><D134/><U55/><E119/><V0/><F94/><W18/><G90/><T44/><D42/><U102/><E102/><V98/><F98/><W62/><G62/><T22/><D77/><U87/><E87/><V65/><F65/><W99/><G99/><T126/><D126/><U135/><E135/><V79/><F79/><W130/><G130/><T40/><D109/><U70/><E19/><N who="2" m="10487" /><F15/><W129/><G129/><T108/><D108/><U76/><E76/><V74/><F74/><W58/><G58/><T89/><D89/><AGARI ba="0,0" hai="0,4,10,25,28,33,89,92,96,120,123" m="10487" machi="89" ten="30,2000,0" yaku="24,1,52,1" doraHai="17" who="2" fromWho="0" sc="250,-20,250,0,250,20,250,0" /><INIT seed="1,0,0,3,2,114" ten="230,250,270,250" oya="1" hai0="3,98,18,38,93,33,121,59,110,41,65,103,62" hai1="61,120,6,58,15,42,1,5,96,16,130,133,71" hai2="27,26,67,100,48,79,7,20,84,43,28,118,89" hai3="37,44,83,111,31,46,101,21,81,56,29,88,30"/><U60/><E120/><V39/><F39/><W68/><G68/><T10/><D33/><U49/><E130/><V69/><F7/><W124/><G111/><T63/><D110/><U53/><E133/><V54/><F100/><W50/><G101/><T45/><D62/><N who="1" m="24171" /><E1/><V40/><F67/><W25/><G124/><T107/><D121/><U77/><E71/><V108/><F79/><W11/><G37/><T119/><D107/><U117/><E117/><V85/><F118/><W72/><G56/><T97/><D97/><U57/><E77/><V51/><F85/><W9/><G46/><T115/><D115/><U0/><E0/><V125/><F125/><W90/><G72/><T12/><REACH who="0" step="1"/><D3/><REACH who="0" ten="220,250,270,250" step="2"/><U122/><E122/><V70/><F108/><W128/><G128/><T134/><D134/><U113/><E96/><V131/><F131/><W112/><G112/><T8/><D8/><N who="1" m="6247" /><E113/><V66/><F70/><W109/><G9/><T35/><D35/><U23/><E23/><V82/><F69/><W52/><G11/><T102/><D102/><U73/><E73/><V92/><F20/><W24/><G109/><T86/><D86/><U22/><E22/><V135/><F84/><W106/><G106/><T80/><D80/><N who="3" m="30793" /><G25/><T64/><D64/><U104/><E104/><V19/><F66/><W116/><G116/><AGARI ba="0,1" hai="10,12,18,38,41,45,59,63,65,93,98,103,116,119" machi="116" ten="40,8000,1" yaku="1,1,52,2,53,1" doraHai="114" doraHaiUra="94" who="0" fromWho="3" sc="220,90,250,0,270,0,250,-80" /><INIT seed="2,0,0,3,4,43" ten="310,250,270,170" oya="2" hai0="5,59,33,48,31,86,70,49,12,132,42,24,29" hai1="69,111,39,41,30,90,84,21,109,58,22,28,104" hai2="6,103,134,87,125,129,94,23,11,83,102,89,114" hai3="0,91,64,88,52,10,26,101,85,127,27,38,78"/><V54/><F114/><W45/><G127/><T95/><D70/><U113/><E69/><V57/><F125/><W1/><G64/><T36/><D132/><U107/><E113/><V108/><F134/><W53/><G101/><T32/><D59/><U124/><E124/><V7/><F129/><W82/><G1/><T46/><D5/><U47/><E58/><V14/><F108/><N who="1" m="41545" /><E22/><V18/><F83/><W92/><G0/><T96/><D86/><U133/><E133/><V80/><F80/><W79/><G10/><T15/><D15/><U121/><E121/><V34/><F34/><W105/><G105/><N who="1" m="40522" /><E21/><V115/><F115/><W61/><G38/><T8/><D12/><U72/><E72/><V35/><F35/><W119/><G119/><T122/><D8/><U44/><E47/><V76/><F76/><W135/><G135/><T93/><D122/><U63/><E63/><V16/><F6/><W4/><G4/><T130/><D130/><U126/><E126/><V62/><REACH who="2" step="1"/><F18/><REACH who="2" ten="310,250,260,170" step="2"/><W17/><G17/><T9/><D32/><U99/><E99/><V50/><F50/><N who="3" m="28751" /><G79/><T74/><D36/><U106/><N who="1" m="40530" /><U56/><DORA hai="60" /><E39/><V2/><AGARI ba="0,1" hai="2,7,11,14,16,23,54,57,62,87,89,94,102,103" machi="2" ten="20,7800,0" yaku="1,1,0,1,7,1,54,1,53,0" doraHai="43,60" doraHaiUra="73,40" who="2" fromWho="2" sc="310,-26,250,-26,260,88,170,-26" /><INIT seed="2,1,0,3,2,90" ten="284,224,348,144" oya="2" hai0="50,33,55,119,76,20,75,60,127,106,47,103,92" hai1="18,104,79,88,53,70,87,59,10,64,134,131,26" hai2="17,25,2,46,54,107,13,135,62,44,48,57,97" hai3="108,93,11,34,85,110,30,66,4,78,118,45,123"/><V5/><F135/><W77/><G118/><T37/><D33/><U1/><E134/><V56/><F25/><W80/><G123/><T68/><D119/><U95/><E131/><V27/><F27/><W22/><G34/><T129/><D129/><U51/><E104/><V82/><F5/><W6/><G66/><T21/><D127/><U41/><E41/><V126/><F2/><W116/><G116/><T100/><D37/><U15/><E1/><V113/><F113/><W9/><G45/><T16/><D106/><U63/><E26/><V49/><F126/><W28/><G22/><T105/><D105/><U7/><REACH who="1" step="1"/><E79/><REACH who="1" ten="284,214,348,144" step="2"/><V42/><F107/><W12/><G78/><T101/><D76/><U35/><E35/><V114/><F114/><W36/><G36/><T40/><D40/><U8/><E8/><V0/><F0/><W122/><G122/><T133/><D133/><U125/><E125/><V120/><F120/><W115/><G115/><T111/><D21/><U132/><E132/><V24/><F24/><W109/><G11/><T69/><D20/><U31/><E31/><V124/><F124/><W112/><G112/><T71/><D111/><U128/><E128/><V19/><F42/><W84/><REACH who="3" step="1"/><G6/><AGARI ba="1,1" hai="6,7,10,15,18,51,53,59,63,64,70,87,88,95" machi="6" ten="40,8000,1" yaku="1,1,52,1,54,1,53,1" doraHai="90" doraHaiUra="58" who="1" fromWho="3" sc="284,0,214,93,348,0,144,-83" /><INIT seed="3,0,0,3,2,122" ten="284,307,348,61" oya="3" hai0="92,91,83,88,86,19,36,100,31,58,133,51,12" hai1="45,120,89,56,130,72,63,118,134,18,40,90,116" hai2="87,23,21,79,42,119,55,47,103,115,33,65,8" hai3="95,96,107,48,25,64,24,59,80,106,37,94,4"/><W129/><G37/><T46/><D36/><U20/><E120/><V50/><F33/><W6/><G129/><T9/><D133/><U57/><E72/><V85/><F115/><W44/><G80/><T11/><D31/><U15/><E134/><V111/><F119/><N who="1" m="45609" /><E130/><V29/><F103/><W62/><G106/><T81/><D100/><U84/><E84/><V41/><F65/><W110/><G107/><T69/><D69/><U43/><E57/><V16/><F8/><W82/><G82/><N who="0" m="49239" /><D58/><U2/><E2/><V121/><F79/><W13/><G95/><T67/><D67/><N who="1" m="39399" /><E43/><V49/><F41/><W131/><G131/><T104/><D9/><U32/><E32/><V39/><F42/><W113/><G113/><T34/><D34/><U71/><E71/><V26/><F121/><W14/><G110/><T0/><D0/><U98/><E98/><V7/><F111/><W5/><G48/><AGARI ba="0,0" hai="15,18,20,40,45,48,89,90" m="39399,45609" machi="48" ten="30,1000,0" yaku="12,1" doraHai="122" who="1" fromWho="3" sc="284,0,307,10,348,0,61,-10" owari="284,-11.6,317,11.7,348,44.8,51,-44.9" /></mjloggm>