<mjloggm ver="2.3"><GO type="225" lobby="0"/><UN n0="%E7%89%B9%E6%9D%B1%E5%96%B0%E8%B5%A4%E9%80%9F" n1="%74%2E%6F%2E%6F%2E%73" n2="%6D%75%75%73%61%6E%6D%75" n3="%E6%98%93%E5%88%A9%E8%96%A9%E4%BC%AF" dan="16,17,17,16" rate="2057.85,2121.04,2156.61,2082.32" sx="M,M,F,F"/><TAIKYOKU oya="0"/><INIT seed="0,0,0,3,2,60" ten="250,250,250,250" oya="0" hai0="56,64,55,117,104,7,11,116,9,4,76,101,37" hai1="110,59,6,47,131,113,118,61,112,40,50,135,70" hai2="132,21,80,20,83,115,0,1,62,63,17,51,111" hai3="30,124,71,39,84,53,82,121,126,106,108,13,18"/><T69/><D37/><U10/><E118/><V19/><F115/><N who="1" m="44105" /><E110/><V130/><F111/><W73/><G73/><T75/><D101/><U105/><E105/><V97/><F130/><W103/><G39/><T8/><D104/><U32/><E32/><V74/><F132/><W92/><G106/><T42/><D42/><U16/><E131/><V24/><F51/><W45/><G30/><T58/><D69/><U93/><E93/><V44/><F44/><W68/><G121/><T134/><D134/><U57/><E135/><V31/><F97/><W67/><G108/><T86/><D75/><U94/><E94/><V65/><F31/><W14/><G14/><T23/><D23/><U3/><E16/><V107/><F107/><W95/><G95/><T46/><D116/><U120/><E120/><V81/><F74/><W85/><G85/><T89/><D76/><U77/><E77/><V27/><REACH who="2" step="1"/><F62/><REACH who="2" ten="250,250,240,250" step="2"/><W38/><G45/><T2/><D46/><U43/><E43/><V90/><F90/><W125/><G103/><T33/><D117/><U25/><E61/><V26/><F26/><W54/><G125/><T79/><D89/><U96/><E96/><V48/><F48/><W41/><G124/><T72/><D72/><U127/><E50/><V91/><F91/><W12/><G41/><T99/><D99/><U22/><E47/><V5/><F5/><W88/><G88/><T122/><D4/><U98/><E40/><V36/><F36/><W123/><G38/><T129/><D129/><U100/><E127/><V87/><F87/><W15/><G126/><T109/><D86/><RYUUKYOKU ba="0,1" sc="250,-10,250,-10,240,30,250,-10" hai2="0,1,17,19,20,21,24,27,63,65,80,81,83" /><INIT seed="1,1,1,4,1,80" ten="240,240,270,240" oya="1" hai0="126,121,56,83,91,109,89,12,38,3,46,120,104" hai1="68,1,14,31,81,98,21,74,40,24,86,73,37" hai2="0,30,128,93,77,39,45,87,132,82,103,114,10" hai3="94,71,47,79,41,22,5,129,85,100,105,7,29"/><U4/><E68/><V34/><F128/><W44/><G71/><T49/><D3/><U53/><E1/><V26/><F132/><W90/><G129/><T59/><D109/><U113/><E113/><V106/><F114/><W115/><G115/><T88/><D104/><U36/><E98/><V72/><F106/><W15/><G79/><T9/><D126/><U50/><E4/><N who="2" m="1287" /><F103/><W78/><G78/><T20/><D38/><U118/><E118/><V51/><F51/><W18/><G29/><T127/><D20/><U110/><E14/><V25/><F25/><W63/><G63/><T69/><D69/><U23/><E110/><V32/><F93/><W108/><G108/><T75/><D127/><U92/><E21/><N who="2" m="15695" /><F87/><W16/><G18/><N who="0" m="8463" /><D75/><U64/><E64/><V6/><F6/><W124/><G124/><T96/><D96/><U11/><E92/><V54/><F54/><W17/><G17/><T99/><D99/><U95/><E95/><V111/><F111/><W130/><G130/><T119/><D119/><U27/><E27/><V48/><F48/><W65/><G65/><T133/><D133/><U97/><E97/><V70/><F70/><W135/><G135/><T8/><D8/><U67/><E11/><V134/><F134/><W116/><G116/><T55/><D83/><U61/><E73/><V35/><F35/><W123/><G123/><AGARI ba="1,1" hai="46,49,55,56,59,88,89,91,120,121,123" m="8463" machi="123" ten="30,2000,0" yaku="13,1,54,1" doraHai="80" who="0" fromWho="3" sc="240,33,240,0,270,0,240,-23" /><INIT seed="2,0,0,0,1,24" ten="273,240,270,217" oya="2" hai0="119,3,106,85,66,18,68,5,72,50,101,129,125" hai1="14,8,70,48,36,133,127,108,82,115,116,107,47" hai2="10,40,117,45,102,67,91,71,77,7,35,52,55" hai3="74,103,17,59,2,22,94,135,30,78,28,89,62"/><V19/><F117/><W90/><G2/><T37/><D72/><U110/><E115/><V0/><F35/><W93/><G135/><T97/><D50/><U33/><E116/><V118/><F118/><W105/><G105/><T44/><D18/><U38/><E107/><V39/><F102/><W34/><G34/><T113/><D85/><U124/><E70/><V98/><F77/><W83/><G103/><T65/><D65/><U132/><E33/><V100/><F91/><W26/><G94/><T56/><D56/><U114/><E14/><V112/><F112/><W60/><G60/><N who="0" m="40007" /><D119/><U130/><E8/><V32/><F67/><W88/><REACH who="3" step="1"/><G93/><REACH who="3" ten="273,240,270,207" step="2"/><T46/><D101/><U134/><E114/><V11/><F32/><W15/><G15/><T128/><D113/><U58/><E130/><V49/><F71/><W81/><G81/><T29/><D106/><U9/><E82/><V95/><F39/><W76/><G76/><T122/><D37/><U54/><E36/><V43/><F0/><W53/><AGARI ba="0,1" hai="17,22,26,28,30,53,59,62,74,78,83,88,89,90" machi="53" ten="30,8000,1" yaku="1,1,0,1,52,2,54,1,53,0" doraHai="24" doraHaiUra="61" who="3" fromWho="3" sc="273,-20,240,-20,270,-40,207,90" /><INIT seed="3,0,0,2,5,51" ten="253,220,230,297" oya="3" hai0="129,58,52,26,92,94,0,40,73,109,50,133,85" hai1="28,128,111,86,31,15,121,55,67,119,101,77,96" hai2="118,71,35,110,78,95,88,60,120,23,131,45,134" hai3="68,43,39,70,81,106,93,44,16,100,9,82,27"/><W127/><G106/><T49/><D73/><U19/><E121/><V135/><F118/><W130/><G130/><T103/><D0/><U42/><E111/><V122/><F35/><W37/><G37/><T56/><D109/><U8/><E128/><V11/><F110/><W29/><G127/><T124/><D129/><U102/><E119/><V72/><F131/><W22/><G100/><T117/><D117/><U125/><E125/><V116/><F116/><W33/><G9/><T107/><D133/><N who="2" m="50698" /><F11/><W91/><G70/><T115/><D115/><U76/><E67/><N who="2" m="41447" /><F23/><W65/><G65/><T113/><D113/><U79/><E42/><V114/><F114/><W54/><G54/><N who="0" m="31823" /><D107/><U74/><E74/><V83/><F45/><W14/><G68/><T108/><D108/><U75/><E75/><V24/><F24/><W25/><G25/><T47/><D26/><U7/><E7/><V34/><F34/><W69/><G69/><T53/><D124/><U63/><E86/><AGARI ba="0,0" hai="72,78,83,86,88,95,120,122" m="41447,50698" machi="86" ten="30,2000,0" yaku="20,1,54,1" doraHai="51" who="2" fromWho="1" sc="253,0,220,-20,230,20,297,0" /><AGARI ba="0,0" hai="14,16,22,27,29,33,39,43,44,81,82,86,91,93" machi="86" ten="30,2900,0" yaku="7,1,54,1" doraHai="51" who="3" fromWho="1" sc="253,0,200,-29,250,0,297,29" owari="253,5.3,171,-32.9,250,-15.0,326,42.6" /></mjloggm>