<mjloggm ver="2.3"><GO type="225" lobby="0"/><UN n0="%E3%81%A9%E3%82%8F%E3%82%93%E3%81%94" n1="%E3%81%B8%E3%82%80%E3%81%B8%E3%82%80%EF%BC%92%E5%8F%B7" n2="%72%69%6F%75%63%68%61%6E" n3="%E8%A8%88%E7%AE%97%E6%A9%9F%E8%87%AA%E7%84%B6" dan="16,17,17,17" rate="2204.09,2157.41,2266.99,2200.55" sx="M,M,M,M"/><TAIKYOKU oya="0"/><INIT seed="0,0,0,3,3,53" ten="250,250,250,250" oya="0" hai0="33,98,67,46,64,108,58,102,100,3,41,66,118" hai1="88,86,35,2,14,119,48,24,97,57,9,76,60" hai2="43,123,82,39,93,92,115,51,112,36,121,107,25" hai3="91,59,61,44,105,50,79,54,7,11,42,47,77"/><T52/><D118/><U62/><E119/><V83/><F25/><W113/><G113/><N who="2" m="43593" /><F51/><W45/><G105/><T15/><D3/><U10/><E2/><V17/><F17/><W129/><G129/><T90/><D33/><U106/><E76/><V31/><F43/><W127/><G127/><T101/><D108/><U96/><E106/><V0/><F107/><W74/><G91/><T72/><D72/><U84/><E35/><V134/><F31/><W8/><G8/><N who="1" m="3178" /><E14/><V78/><F0/><W13/><G74/><T89/><D15/><U1/><E24/><V23/><F23/><W104/><G104/><T18/><D18/><U131/><E1/><V56/><F56/><N who="3" m="32855" /><G42/><T80/><D80/><N who="2" m="30762" /><F78/><W65/><AGARI ba="0,0" hai="7,11,13,44,45,47,59,61,65,77,79" m="32855" machi="65" ten="30,4000,0" yaku="8,1,52,2" doraHai="53" who="3" fromWho="3" sc="250,-20,250,-10,250,-10,250,40" /><INIT seed="1,0,0,2,4,95" ten="230,240,240,290" oya="1" hai0="1,86,135,10,100,56,134,54,68,41,128,71,82" hai1="65,33,72,124,107,47,38,108,93,55,57,90,97" hai2="127,73,76,3,35,31,9,37,58,63,77,89,131" hai3="117,125,106,114,45,104,75,111,85,48,20,40,67"/><U24/><E72/><V112/><F37/><W126/><G75/><T99/><D41/><U18/><E124/><N who="3" m="47722" /><G114/><T53/><D128/><U83/><E108/><V46/><F127/><W27/><G111/><T29/><D29/><U115/><E115/><V87/><F131/><W36/><G117/><T133/><D10/><U81/><E107/><V7/><F112/><W129/><G67/><T25/><D25/><U16/><E33/><V78/><F46/><N who="3" m="23815" /><G85/><T23/><D23/><N who="1" m="13415" /><E38/><V66/><F31/><N who="3" m="17895" /><G129/><T98/><D1/><U130/><E130/><V49/><F35/><W50/><G50/><N who="0" m="30775" /><D54/><AGARI ba="0,0" hai="45,48,54,104,106" m="17895,23815,47722" machi="54" ten="30,1000,0" yaku="18,1" doraHai="95" who="3" fromWho="0" sc="230,-10,240,0,240,0,290,10" /><INIT seed="2,0,0,3,4,122" ten="220,240,240,300" oya="2" hai0="36,55,90,15,89,125,53,4,30,83,120,23,127" hai1="31,104,57,130,2,87,49,18,108,28,45,73,25" hai2="93,114,75,81,86,65,128,33,77,0,116,10,97" hai3="117,16,113,101,56,126,59,107,98,47,39,85,35"/><V11/><F114/><W96/><G35/><T99/><D120/><U43/><E73/><V12/><F128/><W71/><G71/><T7/><D36/><U66/><E2/><V41/><F116/><W9/><G117/><T20/><D99/><U74/><E74/><V26/><F65/><W8/><G85/><T34/><D34/><U121/><E104/><V52/><F41/><W105/><G47/><T78/><D15/><U106/><E106/><V1/><F75/><W76/><G76/><T68/><D78/><U42/><E42/><V5/><F52/><W134/><G126/><T84/><D84/><U69/><E69/><V29/><REACH who="2" step="1"/><F10/><REACH who="2" ten="220,240,230,300" step="2"/><W19/><G113/><T48/><D68/><U13/><E130/><V124/><F124/><W79/><G8/><T91/><D127/><U100/><E121/><V82/><F82/><W133/><G9/><T22/><D83/><U112/><E43/><V115/><F115/><W61/><G61/><T72/><D72/><U24/><E66/><V54/><F54/><N who="0" m="20490" /><D125/><U63/><E112/><V88/><AGARI ba="0,1" hai="0,1,5,11,12,26,29,33,77,81,86,88,93,97" machi="88" ten="20,12000,1" yaku="1,1,0,1,7,1,54,1,53,1" doraHai="122" doraHaiUra="80" who="2" fromWho="2" sc="220,-40,240,-40,230,130,300,-40" /><INIT seed="2,1,0,4,1,6" ten="180,200,360,260" oya="2" hai0="133,39,35,84,88,19,31,43,40,124,67,96,77" hai1="95,25,121,71,10,53,129,69,28,20,70,26,111" hai2="94,17,125,0,11,81,106,29,108,8,49,14,61" hai3="46,48,9,51,102,50,101,23,38,99,47,27,90"/><V7/><F106/><W92/><G38/><T55/><D39/><U112/><E112/><V24/><F125/><W98/><G9/><T66/><D124/><U33/><E111/><V109/><F81/><W56/><G56/><T15/><D35/><U57/><E129/><V82/><F82/><W93/><REACH who="3" step="1"/><G90/><REACH who="3" ten="180,200,360,250" step="2"/><T22/><D133/><U1/><E121/><V72/><F109/><W122/><G122/><T36/><D36/><U73/><E10/><V119/><F108/><W89/><G89/><T64/><D77/><U4/><E1/><V18/><F119/><W44/><G44/><T32/><D96/><U134/><E134/><V87/><F0/><W83/><G83/><N who="0" m="49183" /><D32/><U110/><E110/><V3/><F8/><W126/><G126/><T107/><D107/><U63/><E4/><V34/><F3/><W120/><G120/><T65/><D65/><U86/><E95/><V13/><F94/><W132/><G132/><T68/><D68/><U91/><E70/><V37/><F37/><W114/><G114/><T59/><D31/><AGARI ba="1,1" hai="23,27,31,46,47,48,50,51,92,93,98,99,101,102" machi="31" ten="40,5200,0" yaku="1,1,9,1,8,1,53,0" doraHai="6" doraHaiUra="80" who="3" fromWho="0" sc="180,-55,200,0,360,0,250,65" /><INIT seed="3,0,0,1,3,58" ten="125,200,360,315" oya="3" hai0="37,30,112,134,59,106,13,0,86,64,34,10,69" hai1="95,14,12,80,60,135,16,108,116,88,54,40,100" hai2="8,82,20,11,45,24,122,39,93,19,21,113,67" hai3="126,77,46,109,119,115,42,23,32,66,78,71,7"/><W130/><G115/><T74/><D134/><U73/><E108/><V22/><F113/><W2/><G32/><T26/><D112/><U5/><E116/><V28/><F122/><W56/><G119/><T120/><D74/><U49/><E73/><V57/><F82/><W96/><G71/><T121/><D37/><U104/><E104/><V31/><F93/><W123/><G123/><T132/><D132/><U99/><E40/><V89/><F89/><W87/><G96/><T51/><D0/><U6/><E12/><N who="2" m="9319" /><F39/><W4/><G130/><T83/><D69/><U55/><E55/><V90/><F45/><W36/><G126/><T47/><D106/><U48/><E48/><V131/><F131/><W27/><G109/><T128/><D128/><U133/><E133/><V97/><F90/><W43/><G43/><T105/><D105/><U70/><E70/><V61/><F97/><W65/><G65/><T1/><D1/><U124/><E124/><V38/><F38/><W85/><G87/><T91/><D59/><N who="1" m="34935" /><E49/><V41/><F41/><W50/><G2/><T25/><D25/><AGARI ba="0,0" hai="8,11,21,22,24,25,28,31,57,61,67" m="9319" machi="25" ten="30,2000,0" yaku="8,1,52,1" doraHai="58" who="2" fromWho="0" sc="125,-20,200,0,360,20,315,0" owari="105,-39.5,200,-20.0,380,48.0,315,11.5" /></mjloggm>