<mjloggm ver="2.3"><GO type="225" lobby="0"/><UN n0="%E3%81%AA%E3%82%81%E3%81%93%E9%9B%80%E5%A3%AB" n1="%E5%8B%95%E7%89%A9%E5%9C%92%E3%81%AE%E3%81%8F%E3%82%8D" n2="%33%74%72%65%65" n3="%E3%81%8B%E3%82%8F%E3%81%A1%E3%82%83%E3%82%93%35%38" dan="16,16,16,17" rate="2043.90,2171.70,2183.00,2236.27" sx="M,M,F,M"/><TAIKYOKU oya="0"/><INIT seed="0,0,0,5,1,133" ten="250,250,250,250" oya="0" hai0="5,28,40,123,37,21,0,101,112,120,90,69,126" hai1="25,44,77,59,62,20,83,84,58,119,110,29,105" hai2="24,60,75,33,132,64,117,52,79,99,4,104,108" hai3="85,66,67,73,47,103,74,111,93,39,97,6,87"/><T95/><D112/><U36/><E119/><V65/><F132/><W8/><G111/><T80/><D69/><U34/><E110/><V16/><F108/><W134/><G134/><T43/><D101/><U22/><E105/><V1/><F117/><W48/><G39/><T91/><D91/><U70/><E70/><V121/><F121/><W54/><G74/><T127/><D80/><U23/><REACH who="1" step="1"/><E62/><REACH who="1" ten="250,240,250,250" step="2"/><V72/><F60/><W122/><G122/><T15/><D120/><U3/><E3/><V12/><F1/><W106/><G106/><T42/><D123/><U27/><E27/><V109/><F24/><W9/><G73/><T32/><D0/><U113/><E113/><V13/><F75/><W10/><G6/><T56/><D5/><U118/><E118/><V41/><F72/><W53/><G53/><T131/><D15/><U125/><E125/><N who="0" m="47625" /><D131/><U78/><E78/><V7/><F12/><W46/><G46/><N who="0" m="23823" /><D56/><U102/><E102/><V55/><F7/><W96/><G103/><T11/><D32/><U135/><E135/><V14/><F4/><W31/><G47/><T86/><D11/><U35/><E35/><V98/><F33/><W76/><G9/><T92/><D92/><U88/><E88/><V89/><F89/><W2/><G2/><T63/><D63/><U50/><E50/><V61/><F61/><W30/><G48/><T71/><D71/><U45/><E45/><V129/><F109/><W26/><G93/><T116/><D116/><U124/><E124/><V114/><F114/><W38/><G76/><T107/><D107/><U81/><E81/><RYUUKYOKU ba="0,1" sc="250,15,240,15,250,-15,250,-15" hai0="21,28,42,43,86,90,95" hai1="20,22,23,25,29,34,36,44,58,59,77,83,84" /><INIT seed="0,1,1,5,5,71" ten="265,255,235,235" oya="0" hai0="42,88,29,129,43,70,40,117,108,130,26,57,86" hai1="99,33,62,63,47,122,5,80,22,128,111,77,98" hai2="49,11,36,21,18,104,135,131,10,124,59,65,75" hai3="83,126,119,30,46,60,1,68,121,27,92,69,109"/><T15/><D117/><U4/><E122/><V72/><F104/><W94/><G119/><T85/><D70/><U90/><E33/><V73/><F135/><W100/><G1/><T101/><D101/><U118/><E118/><V3/><F131/><N who="0" m="50186" /><D15/><U44/><E128/><V51/><F124/><W96/><G126/><T134/><D134/><U67/><E111/><V14/><F3/><W35/><G109/><T61/><D86/><U82/><E22/><V84/><F84/><W28/><G121/><T19/><D19/><U116/><E116/><V74/><F74/><W93/><G30/><T37/><D108/><U58/><E58/><V55/><F75/><W56/><G83/><N who="0" m="49215" /><D61/><U89/><REACH who="1" step="1"/><E67/><REACH who="1" ten="265,245,235,235" step="2"/><V48/><F65/><W13/><G69/><T114/><D57/><U91/><E91/><V20/><F59/><W76/><G68/><T107/><D114/><U6/><E6/><V79/><F79/><AGARI ba="1,2" hai="4,5,44,47,62,63,77,79,80,82,89,90,98,99" machi="79" ten="25,6400,0" yaku="1,1,22,2,8,1,53,0" doraHai="71" doraHaiUra="81" who="1" fromWho="2" sc="265,0,245,87,235,-67,235,0" /><INIT seed="1,0,0,3,5,33" ten="265,332,168,235" oya="1" hai0="28,90,108,1,115,83,45,46,20,104,5,106,27" hai1="43,59,15,54,57,4,127,97,19,39,26,10,42" hai2="126,23,101,65,96,79,117,41,84,130,14,113,102" hai3="120,61,78,86,124,131,35,116,50,8,48,82,118"/><U64/><E127/><V24/><F117/><N who="3" m="45163" /><G120/><T69/><D69/><U80/><E39/><V29/><F126/><W77/><G124/><T71/><D71/><U31/><E64/><V107/><F130/><W3/><G35/><T94/><D108/><U40/><E4/><V0/><F113/><W74/><G131/><T134/><D134/><U44/><E80/><V133/><F133/><W63/><G78/><T47/><D83/><U55/><E97/><V81/><F102/><W73/><G50/><T119/><D115/><U121/><E121/><V60/><F41/><W32/><G32/><T128/><D119/><U66/><E66/><V9/><F0/><W36/><G48/><T123/><D128/><U2/><E2/><V111/><F111/><W53/><G36/><T129/><D123/><U110/><E110/><V87/><F79/><W6/><G53/><N who="1" m="19978" /><E44/><V16/><REACH who="2" step="1"/><F81/><REACH who="2" ten="265,332,158,235" step="2"/><W58/><G77/><T114/><D114/><U68/><E68/><AGARI ba="0,1" hai="9,14,16,23,24,29,60,65,68,84,87,96,101,107" machi="68" ten="30,8000,1" yaku="1,1,2,1,7,1,54,1,53,1" doraHai="33" doraHaiUra="21" who="2" fromWho="1" sc="265,0,332,-80,158,90,235,0" /><INIT seed="2,0,0,1,3,8" ten="265,252,248,235" oya="2" hai0="134,114,71,108,57,87,53,79,116,117,73,103,125" hai1="23,5,72,115,124,29,13,50,4,58,132,52,74" hai2="98,49,127,35,7,80,37,77,46,25,9,105,0" hai3="22,67,83,113,66,31,120,128,110,81,64,102,43"/><V104/><F127/><W118/><G120/><T36/><D114/><U2/><E115/><V133/><F133/><W20/><G118/><T76/><D71/><U14/><E124/><V63/><F63/><W16/><G113/><T78/><D125/><U28/><E132/><V70/><F70/><W51/><G110/><T94/><D36/><U41/><E2/><V68/><F68/><W97/><G128/><T42/><D42/><U54/><E41/><V100/><F37/><W89/><G89/><N who="0" m="53567" /><D103/><U17/><E74/><V26/><F104/><W99/><G22/><T85/><D85/><U34/><E72/><V11/><F11/><W27/><G31/><N who="1" m="11850" /><E34/><V39/><F35/><W90/><G90/><T91/><D91/><U93/><E93/><V96/><F96/><N who="3" m="36939" /><G102/><T123/><D73/><U38/><E38/><V101/><F101/><W130/><G130/><T40/><D40/><U3/><E3/><V30/><F39/><W21/><G21/><T119/><D134/><U106/><E106/><V45/><F30/><W65/><N who="3" m="16384" /><DORA hai="61" /><W92/><G92/><T47/><D108/><U19/><E54/><V112/><F112/><W15/><G27/><T88/><D88/><U75/><E75/><N who="2" m="43071" /><F25/><W121/><G121/><T48/><D123/><U84/><E84/><V82/><F26/><W95/><G95/><T62/><D79/><U131/><E131/><V55/><F82/><W12/><G12/><T24/><D24/><U10/><AGARI ba="0,0" hai="4,5,10,13,14,17,19,23,50,52,58" m="11850" machi="10" ten="30,7900,0" yaku="8,1,52,2,54,1" doraHai="8,61" who="1" fromWho="1" sc="265,-20,252,79,248,-39,235,-20" /><INIT seed="3,0,0,5,4,88" ten="245,331,209,215" oya="3" hai0="93,54,74,87,107,92,99,119,49,46,6,3,121" hai1="115,30,33,2,106,131,41,133,126,0,112,11,34" hai2="31,72,19,118,47,60,75,132,22,63,56,100,80" hai3="57,14,1,24,108,71,38,110,68,127,78,97,29"/><W15/><G1/><T95/><D119/><U83/><E41/><V48/><F118/><W8/><G38/><T44/><D74/><U122/><E83/><V10/><F75/><W104/><G78/><T16/><D6/><U58/><E58/><V20/><F72/><W9/><G57/><T84/><D3/><U96/><E96/><V86/><F132/><W5/><G127/><T66/><D66/><U45/><E45/><V13/><F100/><N who="3" m="62479" /><G14/><T32/><D32/><U117/><E30/><V116/><F116/><W51/><G51/><N who="0" m="29031" /><D107/><U25/><E25/><N who="2" m="16807" /><F22/><N who="3" m="15511" /><G9/><T91/><D121/><U42/><E11/><V135/><F135/><W55/><G55/><N who="0" m="30135" /><D16/><U23/><E23/><V128/><F128/><W81/><G71/><T76/><D76/><U18/><E126/><V69/><F69/><W85/><G68/><T123/><D123/><U35/><E133/><V125/><F125/><W73/><G73/><T89/><D99/><U36/><E122/><V50/><F47/><W109/><G85/><AGARI ba="0,0" hai="84,85,87,89,91,92,93,95" m="30135,29031" machi="85" ten="30,7700,0" yaku="8,1,52,3" doraHai="88" who="0" fromWho="3" sc="245,77,331,0,209,0,215,-77" owari="322,12.2,331,43.1,209,-19.1,138,-36.2" /></mjloggm>