<mjloggm ver="2.3"><GO type="225" lobby="0"/><UN n0="%E9%95%B7%E5%B3%B6%E3%83%B3%E3%82%AC%E3%83%B3" n1="%E3%83%AC%E3%82%A4%E3%83%88%E3%83%B3%E5%87%86%E6%95%99%E6%8E%88" n2="%72%61%6B%33" n3="%E9%BB%92%E9%89%84%E7%8F%A0%E9%9B%AB" dan="17,18,16,16" rate="2135.22,2228.18,2174.70,2190.20" sx="M,M,M,F"/><TAIKYOKU oya="0"/><INIT seed="0,0,0,5,2,38" ten="250,250,250,250" oya="0" hai0="109,34,28,35,36,79,71,75,121,13,55,95,122" hai1="9,41,133,120,76,131,77,87,84,80,66,78,58" hai2="2,100,20,51,42,82,74,102,39,33,50,118,27" hai3="97,69,17,7,21,22,123,115,119,30,86,103,129"/><T93/><D36/><U16/><E120/><V91/><F2/><W96/><G69/><T43/><D71/><U56/><E131/><V19/><F118/><W53/><G119/><T40/><D28/><U89/><E133/><V134/><F134/><W105/><G115/><T6/><D55/><U44/><E66/><V26/><F39/><W113/><G113/><T52/><D52/><U11/><E84/><N who="2" m="50583" /><F74/><W110/><G110/><T117/><D117/><U29/><E29/><V10/><F33/><W116/><G116/><T101/><D101/><N who="2" m="39018" /><F10/><W99/><G129/><T132/><D132/><U114/><E114/><V0/><F0/><W24/><G123/><T112/><D112/><U108/><E108/><V48/><F27/><W62/><G103/><T130/><D109/><U31/><E31/><V83/><F83/><W54/><G30/><T3/><D3/><U94/><E80/><V64/><F64/><W72/><G24/><T37/><D37/><U65/><E65/><V111/><F111/><W45/><G105/><T63/><D130/><U125/><E9/><V98/><F98/><W18/><G97/><T59/><D121/><U49/><E125/><V67/><F67/><W8/><G8/><N who="0" m="4247" /><D35/><U92/><E92/><N who="0" m="35401" /><D34/><U106/><E106/><V81/><F81/><W135/><G135/><T61/><D122/><U14/><AGARI ba="0,0" hai="11,14,16,41,44,49,56,58,76,77,78,87,89,94" machi="14" ten="30,7900,0" yaku="0,1,8,1,52,1,54,1" doraHai="38" who="1" fromWho="1" sc="250,-39,250,79,250,-20,250,-20" /><INIT seed="1,0,0,1,4,118" ten="211,329,230,230" oya="1" hai0="129,3,113,0,21,8,13,70,71,53,105,123,112" hai1="127,132,9,73,1,40,27,63,101,46,47,22,20" hai2="98,35,15,68,44,66,95,39,25,76,16,41,89" hai3="18,88,87,106,58,83,59,109,2,131,6,97,102"/><U49/><E132/><V134/><F134/><W56/><G109/><T69/><D105/><U94/><E127/><V121/><F121/><W38/><G38/><T42/><D42/><U84/><E73/><V36/><F76/><W72/><G131/><T60/><D129/><U62/><E20/><V26/><F39/><W33/><G33/><T50/><D60/><U17/><E47/><V64/><F68/><W90/><G72/><T75/><D75/><U14/><E1/><V57/><F57/><W133/><G133/><T52/><D21/><U32/><E32/><V120/><F120/><W74/><G74/><T30/><D30/><U61/><E84/><V34/><F34/><W81/><G18/><T37/><D37/><U48/><E48/><V12/><F12/><W125/><G125/><T23/><D23/><U130/><E130/><V65/><REACH who="2" step="1"/><F35/><REACH who="2" ten="211,329,220,230" step="2"/><W45/><G2/><T99/><D123/><U78/><E78/><V31/><F31/><W111/><G111/><T122/><D122/><U91/><E14/><V55/><F55/><W96/><G45/><N who="0" m="27727" /><D53/><U115/><E46/><V28/><F28/><W86/><G6/><N who="0" m="3223" /><D3/><U19/><E27/><V82/><F82/><W117/><G117/><T80/><D0/><U85/><E40/><V110/><F110/><W43/><G43/><T135/><D135/><U79/><E79/><V67/><N who="2" m="16384" /><DORA hai="93" /><V7/><F7/><W92/><G56/><T103/><D80/><U54/><E54/><V124/><F124/><W119/><G119/><T108/><D108/><U11/><E62/><V4/><F4/><W107/><G107/><RYUUKYOKU ba="0,1" sc="211,10,329,-30,220,10,230,10" hai0="69,70,71,99,103,112,113" hai2="15,16,25,26,36,41,44,89,95,98" hai3="58,59,81,83,86,87,88,90,92,96,97,102,106" /><INIT seed="2,1,1,4,0,94" ten="221,299,230,240" oya="2" hai0="107,131,23,77,133,6,14,33,134,16,4,119,113" hai1="49,116,91,20,17,90,12,108,61,100,79,112,19" hai2="104,97,18,123,38,47,15,89,41,22,93,29,98" hai3="28,1,125,76,110,66,126,109,10,78,118,71,95"/><V37/><F123/><W36/><G36/><T73/><D113/><U9/><E112/><V102/><F29/><W105/><G105/><T44/><D131/><U3/><E116/><V114/><F114/><W57/><G71/><T5/><D119/><U8/><E108/><N who="3" m="41578" /><G118/><T34/><D107/><U122/><E122/><V81/><F81/><W130/><G130/><T46/><D77/><U96/><E79/><V2/><F2/><W59/><G28/><T51/><D73/><U103/><E61/><V39/><AGARI ba="1,1" hai="15,18,22,37,38,39,41,47,89,93,97,98,102,104" machi="39" ten="20,7800,0" yaku="0,1,7,1,52,2" doraHai="94" who="2" fromWho="2" sc="221,-27,299,-27,230,91,240,-27" /><INIT seed="2,2,0,0,4,91" ten="194,272,321,213" oya="2" hai0="110,60,74,100,2,25,76,17,46,51,8,114,101" hai1="97,77,133,56,20,48,35,107,98,0,54,70,63" hai2="33,135,118,67,116,24,65,32,16,89,21,11,72" hai3="40,122,14,134,102,124,106,128,96,18,27,69,90"/><V121/><F72/><W109/><G122/><T50/><D114/><U62/><E35/><N who="2" m="13387" /><F67/><W83/><G69/><T82/><D110/><U127/><E127/><V78/><F78/><W39/><G109/><T22/><D60/><U36/><E36/><V9/><F89/><W111/><G27/><T104/><D104/><U112/><E112/><V115/><F65/><W73/><G111/><T3/><D50/><U4/><E133/><V75/><F75/><W103/><G134/><T44/><D46/><U43/><E77/><V93/><F93/><W126/><G103/><T95/><D8/><N who="2" m="3146" /><F135/><W68/><G68/><T12/><D100/><U71/><E43/><V130/><F115/><W88/><G40/><T99/><REACH who="0" step="1"/><D25/><REACH who="0" ten="184,272,321,213" step="2"/><U81/><E107/><V105/><F105/><W49/><G49/><T58/><D58/><U86/><E48/><V92/><F121/><W53/><G39/><T117/><D117/><U79/><E63/><V31/><F118/><W59/><G59/><T120/><D120/><U94/><E71/><V57/><F57/><W45/><G45/><T52/><AGARI ba="2,1" hai="2,3,12,17,22,44,51,52,74,76,82,95,99,101" machi="52" ten="20,8000,1" yaku="1,1,0,1,7,1,52,1,54,1,53,0" doraHai="91" doraHaiUra="7" who="0" fromWho="0" sc="184,96,272,-22,321,-42,213,-22" /><INIT seed="3,0,0,5,5,45" ten="280,250,279,191" oya="3" hai0="20,69,94,75,82,7,111,104,88,128,131,99,135" hai1="78,134,1,37,101,23,77,74,56,43,6,42,102" hai2="39,100,105,91,13,21,52,18,59,8,132,34,15" hai3="49,116,11,63,12,97,47,53,44,98,36,41,118"/><W92/><G63/><T48/><D111/><U119/><E134/><V72/><F132/><W96/><REACH who="3" step="1"/><G92/><REACH who="3" ten="280,250,279,181" step="2"/><T79/><D135/><U26/><E119/><V31/><F105/><W62/><G62/><T76/><D104/><U22/><E101/><V87/><F100/><W81/><G81/><T83/><D82/><U2/><E102/><V121/><F121/><W27/><G27/><T115/><D83/><U58/><E26/><N who="2" m="16847" /><F72/><W124/><G124/><T57/><D75/><U113/><E74/><V126/><F126/><W60/><G60/><T89/><D94/><U80/><E80/><N who="2" m="49639" /><F34/><W46/><G46/><T117/><D117/><U70/><E77/><V84/><F39/><W71/><G71/><T51/><D69/><U50/><E78/><V10/><F84/><W66/><G66/><T123/><D123/><U73/><E70/><V17/><F59/><W33/><G33/><T65/><D57/><U19/><E73/><V14/><F14/><W110/><G110/><T108/><D108/><U4/><E37/><V32/><F32/><W67/><G67/><T40/><D65/><U107/><E107/><V24/><F24/><W106/><G106/><T0/><D79/><U16/><E50/><V29/><F29/><W130/><G130/><T64/><D51/><U85/><E85/><V54/><AGARI ba="0,1" hai="8,10,13,15,17,18,52,54" m="49639,16847" machi="54" ten="30,2000,0" yaku="8,1,54,1" doraHai="45" who="2" fromWho="2" sc="280,-5,250,-5,279,30,181,-10" owari="275,7.5,245,-15.5,309,40.9,171,-32.9" /></mjloggm>