<mjloggm ver="2.3"><GO type="225" lobby="0"/><UN n0="%E2%91%A3%E9%81%BF%E9%81%8A%E6%88%AF%E3%80%90%E6%9D%B1%E5%8D%97%E3%80%91" n1="%4D%50%43%32%38%30%30" n2="%E5%AE%AE%E4%BF%9D%E9%B6%8F%E8%82%89" n3="%E3%82%B5%E3%83%AB%E3%82%B7%E3%83%B3" dan="16,16,16,16" rate="2112.09,2077.60,2099.11,2124.17" sx="M,M,M,M"/><TAIKYOKU oya="0"/><INIT seed="0,0,0,3,1,132" ten="250,250,250,250" oya="0" hai0="55,73,124,122,19,1,34,94,106,95,64,51,103" hai1="9,108,109,127,120,91,52,117,130,41,30,69,59" hai2="8,104,33,43,49,23,128,100,85,89,113,54,22" hai3="96,84,58,16,32,61,36,76,80,65,5,92,46"/><T45/><D122/><U119/><E120/><V70/><F113/><W17/><G32/><T79/><D34/><U57/><E30/><V66/><F33/><W44/><G5/><T134/><D134/><U83/><E69/><V90/><F43/><W60/><G60/><T47/><D1/><U71/><E71/><V126/><F70/><W56/><G56/><T28/><D64/><U48/><E130/><V135/><F66/><W125/><G125/><T2/><D124/><U53/><E127/><V78/><F126/><W27/><G36/><T25/><D2/><U26/><E26/><V31/><F104/><W29/><G29/><T38/><D28/><U12/><E41/><V18/><F100/><W72/><G72/><T11/><D106/><U24/><E24/><N who="2" m="16791" /><F8/><W15/><G27/><T133/><D133/><U35/><E35/><V21/><F21/><N who="3" m="11423" /><G17/><T123/><D123/><U93/><E83/><N who="2" m="47351" /><F128/><W39/><G39/><T63/><D38/><U98/><E119/><V87/><F87/><W14/><G14/><T115/><D73/><U13/><E117/><V20/><F20/><W42/><G42/><T88/><D11/><U62/><REACH who="1" step="1"/><E13/><REACH who="1" ten="250,240,250,250" step="2"/><N who="2" m="9679" /><F135/><W82/><G82/><T102/><D115/><U99/><E99/><V105/><F105/><W0/><G0/><T6/><D6/><AGARI ba="0,1" hai="6,9,12,48,52,53,57,59,62,91,93,98,108,109" machi="6" ten="40,2600,0" yaku="1,1,54,1,53,0" doraHai="132" doraHaiUra="77" who="1" fromWho="0" sc="250,-26,240,36,250,0,250,0" /><INIT seed="1,0,0,2,2,95" ten="224,276,250,250" oya="1" hai0="29,98,44,14,5,124,113,108,132,130,83,79,84" hai1="3,109,107,34,13,110,58,24,50,62,114,45,61" hai2="72,7,111,120,121,8,123,117,118,131,52,32,26" hai3="119,2,78,91,101,77,11,16,133,90,103,129,134"/><U68/><E3/><V122/><N who="2" m="30720" /><DORA hai="89" /><V59/><F72/><W39/><G39/><T40/><D113/><U76/><E107/><V53/><F131/><W36/><G36/><T100/><D130/><U104/><E104/><V67/><F111/><N who="1" m="42505" /><E76/><N who="3" m="29290" /><G129/><T43/><D108/><U94/><E13/><V81/><F81/><W87/><G2/><T23/><D124/><U92/><E114/><V135/><F67/><W37/><G37/><T128/><D132/><N who="3" m="50793" /><G119/><T85/><D29/><N who="1" m="19751" /><E68/><V126/><F126/><W64/><G64/><T47/><D128/><U48/><E48/><V86/><F135/><W54/><G54/><T105/><D43/><N who="1" m="24895" /><E62/><V18/><F117/><W33/><G33/><T25/><D40/><U42/><E42/><V9/><F118/><W22/><G11/><T60/><D60/><U71/><E71/><V63/><F9/><W115/><G115/><T31/><REACH who="0" step="1"/><D85/><REACH who="0" ten="214,276,250,250" step="2"/><U19/><E19/><V65/><F86/><W82/><G91/><T88/><D88/><U73/><E73/><V27/><F18/><W10/><G10/><AGARI ba="0,1" hai="5,10,14,23,25,31,44,47,79,83,84,98,100,105" machi="10" ten="40,8000,1" yaku="1,1,52,1,53,2" doraHai="95,89" doraHaiUra="75,6" who="0" fromWho="3" sc="214,90,276,0,250,0,250,-80" /><INIT seed="2,0,0,4,3,76" ten="304,276,250,170" oya="2" hai0="107,61,89,86,95,28,126,75,50,46,24,128,93" hai1="12,85,104,133,91,32,0,2,79,135,64,5,129" hai2="27,130,87,125,25,59,54,40,45,99,8,94,116" hai3="17,29,34,74,122,7,105,67,38,84,109,121,70"/><V110/><F116/><W20/><G74/><T73/><D107/><U97/><E32/><V41/><F125/><W100/><G38/><T33/><D126/><U53/><E129/><V44/><F130/><W52/><G109/><T13/><D128/><U37/><E37/><V80/><F8/><W56/><G7/><T124/><D124/><U90/><E64/><V134/><F134/><N who="1" m="51209" /><E53/><V48/><F110/><W66/><G34/><T98/><D61/><U39/><E39/><V77/><F45/><W123/><G29/><T26/><D26/><U101/><E79/><V36/><REACH who="2" step="1"/><F41/><REACH who="2" ten="304,276,240,170" step="2"/><W127/><G127/><T117/><D117/><U83/><E91/><AGARI ba="0,1" hai="25,27,36,40,44,48,54,59,77,80,87,91,94,99" machi="91" ten="30,11600,0" yaku="1,1,2,1,7,1,52,1,53,0" doraHai="76" doraHaiUra="63" who="2" fromWho="1" sc="304,0,276,-116,240,126,170,0" /><INIT seed="2,1,0,2,1,109" ten="304,160,366,170" oya="2" hai0="101,115,107,52,83,118,15,75,3,29,108,53,113" hai1="80,82,4,99,128,110,38,10,18,62,17,92,120" hai2="124,19,106,5,129,27,93,14,22,60,56,64,134" hai3="47,63,24,132,69,8,84,85,78,31,123,21,61"/><V33/><F106/><W20/><G123/><T68/><D3/><U103/><E110/><V51/><F129/><W111/><G111/><T32/><D108/><U117/><E117/><V59/><F134/><W70/><G132/><T57/><D118/><U102/><E120/><V65/><F124/><W48/><G8/><T9/><D68/><U67/><E38/><V0/><F0/><W37/><G37/><T25/><D53/><U112/><E128/><V121/><F121/><W119/><G119/><T55/><D55/><U35/><E35/><V98/><F33/><W135/><G135/><T97/><D83/><U40/><E40/><V49/><F5/><W131/><G131/><T88/><D75/><U44/><E44/><V39/><F39/><W95/><G78/><T1/><D88/><N who="1" m="55687" /><E4/><V26/><F65/><W94/><G47/><T114/><D1/><U7/><E112/><V30/><F59/><W125/><G125/><T127/><D127/><U6/><E6/><V36/><F36/><W96/><G96/><T89/><D89/><U81/><E7/><V104/><F104/><W100/><G100/><N who="1" m="38442" /><E10/><V73/><F73/><W71/><G71/><T72/><D9/><U77/><E77/><V122/><F122/><W87/><G87/><T90/><D72/><U45/><E45/><V130/><F130/><W74/><G74/><T46/><D46/><U43/><E43/><V12/><F98/><W66/><G48/><N who="2" m="18505" /><F93/><N who="3" m="35339" /><G20/><T91/><REACH who="0" step="1"/><D15/><REACH who="0" ten="294,160,366,170" step="2"/><U16/><E82/><V42/><F42/><W34/><G34/><T28/><D28/><U126/><E126/><V54/><F30/><RYUUKYOKU ba="1,1" sc="294,10,160,10,366,-30,170,10" hai0="25,29,32,52,57,90,91,97,101,107,113,114,115" hai1="16,17,18,62,67,80,81" hai3="21,24,31,61,63,66,69,70,84,85" /><INIT seed="3,2,1,2,4,86" ten="304,170,336,180" oya="3" hai0="43,106,89,66,26,97,135,29,41,80,57,121,109" hai1="134,92,45,122,3,84,78,63,76,11,130,88,131" hai2="117,126,60,73,62,14,113,94,20,119,58,19,103" hai3="87,6,85,74,99,54,50,90,52,2,16,42,36"/><W56/><G74/><T53/><D109/><U83/><E122/><V24/><F113/><W25/><G36/><T34/><D121/><U71/><E134/><V101/><F73/><W21/><G2/><T23/><D135/><U110/><E110/><V96/><F126/><W67/><G6/><T98/><D34/><U4/><E45/><V107/><F62/><N who="3" m="38343" /><G42/><N who="0" m="15883" /><D66/><N who="1" m="41439" /><E92/><V129/><F129/><AGARI ba="2,1" hai="3,4,11,76,78,83,84,88,129,130,131" m="41439" machi="129" ten="30,3900,0" yaku="19,1,52,1,54,1" doraHai="86" who="1" fromWho="2" sc="304,0,170,55,336,-45,180,0" owari="304,40.4,225,-17.5,291,9.1,180,-32.0" /></mjloggm>