<mjloggm ver="2.3"><GO type="225" lobby="0"/><UN n0="%E3%82%82%E3%81%90%E3%82%89" n1="%E5%A4%96%E5%B7%9D%E7%AB%9C%E6%88%90" n2="%54%4F%52" n3="%72%69%6F%75%63%68%61%6E" dan="17,16,17,17" rate="2214.79,2231.76,2219.55,2188.23" sx="M,M,M,M"/><TAIKYOKU oya="0"/><INIT seed="0,0,0,4,1,20" ten="250,250,250,250" oya="0" hai0="47,50,14,132,78,66,123,73,99,15,9,33,100" hai1="127,131,7,38,46,80,104,108,110,119,101,45,18" hai2="51,59,96,49,0,68,65,37,111,76,36,133,70" hai3="81,62,71,35,86,10,103,5,28,34,121,63,11"/><T6/><D123/><U94/><E119/><V19/><F0/><W83/><G121/><T58/><D33/><U124/><E104/><V64/><F76/><W92/><G11/><T98/><D132/><U16/><E7/><V23/><F96/><W75/><G75/><T87/><D73/><U30/><E131/><V130/><F23/><W91/><G71/><N who="2" m="27177" /><F19/><N who="1" m="7209" /><E80/><V27/><F27/><W61/><G103/><T135/><D135/><U79/><E79/><V56/><F111/><N who="1" m="42537" /><E30/><V60/><F130/><W106/><G106/><T102/><D15/><U54/><E101/><V109/><F133/><W120/><G120/><T1/><D1/><U13/><E94/><V122/><F122/><W74/><G74/><T82/><D102/><U52/><E13/><V89/><F89/><W129/><G129/><T97/><D100/><U118/><E118/><V112/><F112/><W88/><G28/><T32/><D32/><U77/><E77/><V40/><F109/><W115/><G115/><T85/><D85/><U25/><E25/><V48/><F40/><W67/><G81/><T12/><D12/><U105/><E105/><V116/><F116/><W134/><G134/><T22/><D22/><U43/><E46/><V126/><F126/><AGARI ba="0,0" hai="38,43,45,52,54,124,126,127" m="42537,7209" machi="126" ten="30,7700,0" yaku="18,1,14,1,54,2" doraHai="20" who="1" fromWho="2" sc="250,0,250,77,250,-77,250,0" /><INIT seed="1,0,0,3,0,13" ten="250,327,173,250" oya="1" hai0="110,125,43,86,89,1,96,14,32,95,34,47,59" hai1="69,126,74,52,0,37,135,51,93,62,50,63,117" hai2="24,53,9,124,72,90,4,18,46,21,82,54,17" hai3="23,103,75,81,2,26,83,116,65,22,61,56,118"/><U70/><E0/><V85/><F124/><W10/><G103/><T67/><D1/><U5/><E5/><V25/><F72/><W49/><G75/><T57/><D125/><U132/><E74/><V20/><REACH who="2" step="1"/><F46/><REACH who="2" ten="250,327,163,250" step="2"/><W97/><G118/><T119/><D47/><U102/><E126/><V11/><F11/><W64/><G116/><T111/><D119/><U3/><E117/><V58/><F58/><W76/><G10/><T87/><D59/><U7/><E70/><V31/><F31/><W55/><G2/><AGARI ba="0,1" hai="2,4,9,17,18,20,21,24,25,53,54,82,85,90" machi="2" ten="30,12000,2" yaku="1,1,7,1,9,1,52,2,53,2" doraHai="13" doraHaiUra="48" who="2" fromWho="3" sc="250,0,327,0,163,130,250,-120" /><INIT seed="2,0,0,2,5,79" ten="250,327,293,130" oya="2" hai0="92,98,101,76,84,94,126,110,5,40,97,96,45" hai1="73,121,52,129,39,128,61,51,123,28,37,29,77" hai2="109,0,15,30,106,74,132,48,10,16,65,38,86" hai3="78,1,69,104,25,21,135,134,17,4,31,27,127"/><V99/><F38/><N who="1" m="14345" /><E77/><V103/><F74/><W47/><G69/><T81/><D110/><U119/><E73/><V130/><F109/><W131/><G104/><T8/><D126/><U115/><E115/><V22/><F132/><N who="3" m="50731" /><G47/><T3/><D94/><U7/><E7/><V9/><F130/><N who="1" m="50281" /><E61/><V117/><F117/><W64/><G64/><T11/><REACH who="0" step="1"/><D8/><REACH who="0" ten="240,327,293,130" step="2"/><U122/><E119/><V34/><F9/><N who="3" m="2191" /><G131/><T66/><D66/><U36/><E36/><AGARI ba="0,1" hai="3,5,11,36,40,45,76,81,84,92,96,97,98,101" machi="36" ten="30,7700,0" yaku="1,1,7,1,52,1,53,1" doraHai="79" doraHaiUra="71" who="0" fromWho="1" sc="240,87,327,-77,293,0,130,0" /><INIT seed="3,0,0,0,3,56" ten="327,250,293,130" oya="3" hai0="89,54,111,135,73,13,71,118,52,81,0,34,114" hai1="61,23,113,74,101,59,29,21,83,3,99,77,95" hai2="92,63,116,128,55,106,10,126,44,27,14,80,79" hai3="84,5,36,30,50,2,88,107,134,87,105,110,125"/><W39/><G87/><T12/><D0/><U104/><E3/><V25/><F116/><W102/><G30/><T130/><D118/><U1/><E1/><V121/><F106/><N who="3" m="40459" /><G102/><T8/><D34/><U32/><E113/><V22/><F128/><W112/><G112/><T64/><D130/><U108/><E108/><V33/><F126/><W82/><G5/><T131/><D111/><U15/><E15/><V85/><F121/><W20/><G110/><T57/><D71/><U124/><E124/><V16/><F33/><W91/><G125/><T51/><D131/><U67/><REACH who="1" step="1"/><E104/><REACH who="1" ten="327,240,293,130" step="2"/><V18/><F27/><AGARI ba="0,1" hai="21,23,27,29,32,59,61,67,74,77,83,95,99,101" machi="27" ten="40,8000,1" yaku="1,1,2,1,52,1,53,1" doraHai="56" doraHaiUra="93" who="1" fromWho="2" sc="327,0,240,90,293,-80,130,0" owari="327,12.7,330,43.0,213,-18.7,130,-37.0" /></mjloggm>