<mjloggm ver="2.3"><GO type="225" lobby="0"/><UN n0="%E5%8D%A0%E3%81%84%E5%B8%AB%E8%A3%8F%E3%81%AA%E3%81%84%E3%81%97" n1="%45%6C%79%73%69%75%6D" n2="%70%68%65%6E%6F%6D%65" n3="%47%48%4F%53%54" dan="16,17,16,17" rate="2134.78,2135.73,2121.96,2279.23" sx="M,F,M,M"/><TAIKYOKU oya="0"/><INIT seed="0,0,0,4,3,119" ten="250,250,250,250" oya="0" hai0="125,44,109,103,30,108,41,31,28,100,60,80,9" hai1="7,17,83,43,77,82,4,89,37,85,107,102,65" hai2="29,68,79,12,75,122,36,115,3,48,130,55,133" hai3="104,110,66,14,8,134,1,70,27,99,96,117,114"/><T123/><D125/><U13/><E65/><V116/><RYUUKYOKU type="yao9" ba="0,0" sc="250,0,250,0,250,0,250,0" hai2="3,12,29,36,48,55,68,75,79,115,116,122,130,133" /><INIT seed="0,1,0,3,3,12" ten="250,250,250,250" oya="0" hai0="48,117,31,112,21,96,63,26,110,0,115,124,51" hai1="47,99,43,42,1,121,85,107,7,134,9,93,73" hai2="89,113,127,87,15,122,44,135,82,11,111,129,108" hai3="38,2,118,90,35,24,97,101,16,91,29,126,34"/><T68/><D117/><U56/><E121/><V80/><F122/><W123/><G118/><T70/><D0/><U60/><E73/><V75/><F113/><W132/><G123/><T74/><D74/><U109/><E109/><V39/><F127/><W133/><G126/><T40/><D124/><U100/><E134/><N who="3" m="51818" /><G38/><T6/><D6/><U86/><E107/><V106/><F106/><N who="3" m="63791" /><G2/><T103/><D110/><N who="2" m="42026" /><F129/><W53/><G35/><T130/><D130/><U78/><E78/><N who="2" m="44127" /><F135/><W79/><G79/><T76/><D76/><U49/><REACH who="1" step="1"/><E42/><REACH who="1" ten="250,240,250,250" step="2"/><V105/><F105/><W71/><G71/><T59/><D68/><U98/><E98/><V119/><F119/><W37/><G37/><T84/><D70/><U77/><E77/><V30/><F39/><W116/><G116/><T57/><D40/><U64/><AGARI ba="1,1" hai="1,7,9,43,47,49,56,60,64,85,86,93,99,100" machi="64" ten="20,2700,0" yaku="1,1,0,1,7,1,53,0" doraHai="12" doraHaiUra="10" who="1" fromWho="1" sc="250,-14,240,40,250,-8,250,-8" /><INIT seed="1,0,0,4,2,40" ten="236,280,242,242" oya="1" hai0="32,80,30,118,116,96,39,6,89,104,12,88,17" hai1="109,50,65,48,129,51,107,134,71,83,10,1,93" hai2="62,52,29,102,74,4,99,87,55,59,72,100,19" hai3="37,69,127,22,115,14,114,9,105,110,46,130,108"/><U38/><E107/><V49/><F4/><N who="3" m="3367" /><G105/><T8/><D39/><U122/><E93/><V119/><F119/><W26/><G69/><T15/><D116/><U21/><E83/><V60/><F29/><N who="3" m="17623" /><G37/><T18/><D118/><U113/><E21/><V7/><F7/><W82/><G82/><T75/><D32/><U106/><E10/><V132/><F132/><W5/><G5/><T97/><D30/><U112/><E1/><V92/><F100/><W20/><G46/><T67/><D104/><U57/><E106/><V33/><F33/><W111/><G130/><T43/><D43/><U101/><E101/><V47/><F19/><W86/><G86/><T23/><D6/><U77/><E77/><V64/><REACH who="2" step="1"/><F87/><REACH who="2" ten="236,280,232,242" step="2"/><W103/><G103/><T34/><D34/><U42/><E134/><V79/><F79/><W126/><G20/><T90/><D75/><U58/><E129/><V3/><F3/><W45/><G45/><T94/><D23/><U70/><E112/><AGARI ba="0,1" hai="108,110,111,112,114,115,126,127" m="17623,3367" machi="112" ten="40,5200,0" yaku="14,1,34,2" doraHai="40" who="3" fromWho="1" sc="236,0,280,-52,232,0,242,62" /><INIT seed="2,0,0,2,3,94" ten="236,228,232,304" oya="2" hai0="42,32,17,7,67,97,117,4,90,124,54,126,19" hai1="79,113,0,27,16,107,118,53,33,114,20,109,74" hai2="30,103,132,75,72,41,73,84,96,13,100,120,39" hai3="31,43,49,130,98,45,78,61,82,93,22,35,115"/><V66/><F120/><W11/><G130/><T85/><D32/><U131/><E107/><V89/><F132/><W38/><G115/><T29/><D29/><U60/><E118/><V92/><F66/><W83/><G35/><T70/><D117/><U91/><E131/><V88/><F30/><W101/><G38/><T25/><D42/><U48/><E0/><V55/><F55/><W129/><G129/><T34/><D54/><U77/><E109/><V40/><F13/><W26/><G78/><T112/><D112/><U28/><E60/><V128/><F128/><W52/><G11/><T87/><D34/><U63/><E63/><V47/><REACH who="2" step="1"/><F41/><REACH who="2" ten="236,228,222,304" step="2"/><W116/><G116/><T9/><D67/><U135/><E135/><V24/><F24/><W122/><G122/><T15/><D25/><U8/><E8/><V50/><F50/><N who="3" m="26943" /><G61/><T121/><D15/><N who="1" m="9247" /><E114/><V127/><F127/><W57/><AGARI ba="0,1" hai="22,26,31,49,52,57,82,83,93,98,101" m="26943" machi="57" ten="30,4000,0" yaku="8,1,52,1,54,1" doraHai="94" who="3" fromWho="3" sc="236,-10,228,-10,222,-20,304,50" /><INIT seed="3,0,0,0,4,114" ten="226,218,202,354" oya="3" hai0="42,113,72,78,82,19,100,112,21,24,99,7,3" hai1="98,76,133,48,95,39,9,80,2,68,87,130,94" hai2="23,135,51,53,85,125,122,79,59,36,116,61,108" hai3="83,115,121,8,77,66,93,62,92,10,18,29,102"/><W119/><G18/><T86/><D42/><U110/><E39/><V41/><F116/><W35/><G93/><N who="0" m="58479" /><D7/><U103/><E110/><V64/><F108/><W11/><G10/><T44/><D44/><U105/><E68/><V69/><F125/><W118/><G62/><T56/><D56/><U50/><E130/><V65/><F135/><W4/><G83/><T104/><D104/><U12/><E133/><V13/><F122/><W67/><G29/><T131/><D3/><U38/><E2/><V14/><F65/><W20/><G67/><T0/><D0/><U60/><E38/><V17/><F14/><W25/><G20/><T34/><D34/><U37/><E37/><V5/><F5/><W91/><G25/><T22/><D21/><U84/><E60/><V97/><F97/><W111/><G11/><T106/><D106/><U73/><E73/><V15/><F15/><W109/><G8/><T101/><D101/><U32/><E32/><V71/><F71/><W47/><G102/><T96/><D96/><U49/><E84/><V70/><F69/><W88/><G35/><T46/><D131/><U107/><E107/><V132/><F132/><W1/><G1/><T57/><D57/><U26/><E26/><V124/><F124/><W117/><G111/><T134/><D134/><U6/><AGARI ba="0,0" hai="6,9,12,48,49,50,76,80,87,94,95,98,103,105" machi="6" ten="30,1100,0" yaku="0,1" doraHai="114" who="1" fromWho="1" sc="226,-3,218,11,202,-3,354,-5" owari="223,-17.7,229,2.9,199,-30.1,349,44.9" /></mjloggm>