<mjloggm ver="2.3"><GO type="225" lobby="0"/><UN n0="%70%68%65%6E%6F%6D%65" n1="%E6%B4%BE%E9%81%A3%E3%81%AE%E3%82%B8%E3%83%A3%E3%83%83%E3%82%AF" n2="%E3%82%BC%E3%83%AB%E3%83%80%E3%81%AE%E4%BC%9D%E8%AA%AC" n3="%E6%B8%A9%E2%98%85%E6%83%85%E2%98%85%E6%8E%AA%E2%98%85%E7%BD%AE" dan="16,16,17,16" rate="2124.07,2220.95,2241.55,2173.91" sx="M,M,M,M"/><TAIKYOKU oya="0"/><INIT seed="0,0,0,2,1,107" ten="250,250,250,250" oya="0" hai0="115,67,62,72,44,32,129,116,108,109,19,82,33" hai1="54,132,45,95,6,53,68,110,121,39,105,98,112" hai2="91,66,124,4,135,60,34,58,122,126,111,2,41" hai3="118,21,101,55,31,47,56,12,17,102,86,61,38"/><T70/><D115/><U77/><E68/><V76/><F122/><W114/><G114/><T26/><D116/><U128/><E112/><V37/><F34/><W120/><G118/><T85/><D129/><U11/><E105/><V117/><F117/><W27/><G120/><T123/><D123/><U88/><E121/><V18/><F111/><N who="0" m="42570" /><D44/><U1/><E110/><V30/><F30/><W24/><G38/><T93/><D93/><U73/><E128/><V0/><F135/><W130/><G130/><T131/><D131/><U74/><E132/><V50/><F4/><W81/><G47/><T113/><D113/><U69/><E69/><V15/><F37/><W36/><G36/><T99/><D99/><U87/><E87/><V51/><F76/><W63/><G63/><T92/><D92/><U46/><E46/><N who="2" m="25935" /><F91/><W35/><REACH who="3" step="1"/><G27/><REACH who="3" ten="250,250,250,240" step="2"/><T14/><D26/><U49/><E39/><V75/><F51/><W96/><G96/><T83/><D72/><U3/><E3/><V90/><F2/><W106/><G106/><T8/><D85/><U94/><E74/><V10/><F0/><W5/><G5/><T100/><D100/><U127/><E73/><V13/><F75/><W104/><G104/><T89/><D89/><AGARI ba="0,1" hai="12,17,21,24,31,35,55,56,61,81,86,89,101,102" machi="89" ten="30,2000,0" yaku="1,1,7,1,53,0" doraHai="107" doraHaiUra="71" who="3" fromWho="0" sc="250,-20,250,0,250,0,240,30" /><INIT seed="1,0,0,0,5,20" ten="230,250,250,270" oya="1" hai0="101,68,6,86,133,134,62,78,12,127,15,0,10" hai1="131,34,93,19,94,61,2,121,45,52,64,70,73" hai2="128,114,81,116,38,24,55,106,135,87,60,46,122" hai3="11,83,100,51,18,90,50,71,111,47,129,8,3"/><U123/><E73/><V63/><F116/><W92/><G71/><T118/><D118/><U37/><E2/><V40/><F122/><W53/><G111/><T22/><D101/><U110/><E131/><V21/><F128/><W72/><G129/><T108/><D108/><U102/><E110/><V49/><F135/><N who="0" m="51722" /><D127/><U66/><E34/><V89/><F106/><W44/><G3/><T13/><D22/><U9/><E102/><V14/><F14/><W80/><G100/><T54/><D54/><U23/><E9/><N who="3" m="3658" /><G18/><T74/><D74/><U57/><E66/><V75/><F114/><W25/><G25/><T77/><D86/><U115/><E115/><V112/><F75/><W17/><G17/><T98/><D98/><U117/><E117/><V36/><F112/><W31/><G31/><T35/><D35/><U32/><E32/><V16/><REACH who="2" step="1"/><F38/><REACH who="2" ten="230,250,240,270" step="2"/><W69/><G72/><T42/><D42/><N who="1" m="22735" /><E123/><V95/><F95/><W65/><G92/><T67/><AGARI ba="0,1" hai="0,6,10,12,13,15,62,67,68,77,78" m="51722" machi="67" ten="40,1500,0" yaku="20,1" doraHai="20" who="0" fromWho="0" sc="230,25,250,-7,240,-4,270,-4" /><INIT seed="2,0,0,0,5,23" ten="255,243,236,266" oya="2" hai0="32,15,69,117,39,3,47,114,116,122,11,36,41" hai1="76,45,106,27,64,111,46,77,135,7,70,113,0" hai2="93,130,21,59,33,16,60,25,34,118,14,50,40" hai3="80,53,105,58,63,79,57,4,12,10,31,38,126"/><V18/><F118/><N who="0" m="45674" /><D122/><U115/><E106/><V87/><F130/><W52/><G126/><T78/><D114/><U131/><E131/><V75/><F75/><W127/><G127/><T37/><D69/><U66/><E111/><V96/><F87/><N who="3" m="48543" /><G38/><N who="0" m="21943" /><D32/><U19/><E135/><V6/><F6/><W107/><G107/><T94/><D78/><U123/><E123/><V97/><F33/><W103/><G105/><T28/><D28/><U65/><E70/><V22/><F34/><W20/><G103/><T67/><D67/><U43/><E66/><N who="2" m="39199" /><F93/><W51/><G20/><T95/><D3/><U30/><E0/><V26/><F14/><W90/><G31/><T100/><D100/><U83/><E30/><V85/><F85/><W1/><G1/><T49/><D49/><U61/><E113/><V84/><F84/><W89/><AGARI ba="0,0" hai="4,10,12,51,52,53,57,58,63,89,90" m="48543" machi="89" ten="30,2000,0" yaku="8,1,54,1" doraHai="23" who="3" fromWho="3" sc="255,-5,243,-5,236,-10,266,20" /><INIT seed="3,0,0,0,5,75" ten="250,238,226,286" oya="3" hai0="23,106,72,117,85,55,22,10,107,38,15,57,13" hai1="129,112,29,88,9,122,40,63,39,53,21,73,4" hai2="68,34,104,83,96,81,102,84,132,47,69,111,125" hai3="35,37,2,77,1,36,49,43,62,94,116,101,31"/><W128/><G116/><T67/><D72/><U8/><E122/><V87/><F34/><W44/><G128/><T109/><D117/><U131/><E112/><V12/><F111/><W48/><G62/><T133/><D38/><U78/><E40/><V32/><F32/><W6/><G37/><T98/><D109/><U45/><E39/><V27/><F125/><W80/><G2/><T124/><D124/><U71/><E45/><V114/><F114/><W33/><G94/><T20/><D133/><U26/><E88/><V19/><F132/><W92/><G92/><T118/><D67/><U90/><E90/><V105/><F27/><N who="3" m="18687" /><G101/><T59/><D118/><U126/><E126/><V79/><F47/><W46/><G35/><T7/><D57/><U51/><E131/><V42/><F42/><W121/><G44/><T0/><D85/><U50/><E129/><V113/><F104/><W16/><G16/><T103/><REACH who="0" step="1"/><D107/><REACH who="0" ten="240,238,226,286" step="2"/><U56/><E56/><V61/><F113/><W97/><G121/><T24/><D24/><U17/><E26/><V89/><REACH who="2" step="1"/><F61/><AGARI ba="0,1" hai="0,7,10,13,15,20,22,23,55,59,61,98,103,106" machi="61" ten="40,2600,0" yaku="1,1,53,1" doraHai="75" doraHaiUra="52" who="0" fromWho="2" sc="240,36,238,0,226,-26,286,0" /><INIT seed="4,0,0,0,3,74" ten="276,238,200,286" oya="0" hai0="56,9,102,127,47,123,76,48,120,32,27,81,4" hai1="124,2,38,10,84,53,110,130,87,118,117,68,107" hai2="135,58,63,71,94,6,12,91,22,40,90,30,45" hai3="31,101,64,16,54,132,106,37,116,86,1,98,88"/><T41/><D102/><U0/><E68/><V23/><F135/><W115/><G116/><T3/><D127/><U25/><E38/><V26/><F71/><W97/><G37/><T42/><D42/><U80/><E107/><V51/><F94/><W66/><G1/><T103/><D103/><U126/><E110/><V122/><F122/><W21/><G132/><T83/><D83/><U62/><E25/><V89/><F6/><W15/><G115/><T85/><REACH who="0" step="1"/><D56/><REACH who="0" ten="266,238,200,286" step="2"/><U8/><E80/><V113/><F113/><W14/><G101/><T108/><D108/><U73/><E124/><V72/><F72/><W105/><G105/><T79/><D79/><U69/><E73/><V36/><F36/><W5/><G106/><T29/><AGARI ba="0,1" hai="3,4,9,27,29,32,41,47,48,76,81,85,120,123" machi="29" ten="30,6000,0" yaku="1,1,0,1,52,1,53,0" doraHai="74" doraHaiUra="131" who="0" fromWho="0" sc="266,70,238,-20,200,-20,286,-20" owari="336,43.6,218,-18.2,180,-32.0,266,6.6" /></mjloggm>