<mjloggm ver="2.3"><GO type="225" lobby="0"/><UN n0="%E5%8D%A0%E3%81%84%E5%B8%AB%E8%A3%8F%E3%81%AA%E3%81%84%E3%81%97" n1="%77%72%77%72%77%72%77%72" n2="%E3%81%B5%E3%81%98%E3%81%8B%E3%81%A4" n3="%E3%81%B2%E3%81%AA%E3%81%AE%E3%82%8A%E3%81%8F" dan="17,17,16,17" rate="2160.87,2188.00,2178.17,2209.64" sx="M,M,M,M"/><TAIKYOKU oya="0"/><INIT seed="0,0,0,2,4,34" ten="250,250,250,250" oya="0" hai0="77,83,55,53,17,102,128,120,75,82,61,96,57" hai1="113,134,111,13,105,26,65,106,0,131,90,119,95" hai2="70,103,1,101,133,109,19,89,78,63,42,100,46" hai3="66,121,23,36,62,11,132,125,45,37,7,93,129"/><T51/><D120/><U72/><E119/><V74/><F133/><W47/><G132/><T115/><D128/><U16/><E134/><V110/><F89/><W29/><G129/><T98/><D115/><U8/><E131/><V12/><F1/><W80/><G121/><T22/><D83/><U67/><E113/><V126/><F78/><W21/><G125/><T91/><D91/><U59/><E72/><V114/><F74/><W18/><G80/><T92/><D98/><U130/><E130/><V79/><F79/><W31/><G62/><T116/><D116/><U81/><E81/><V32/><F32/><W28/><G66/><T27/><REACH who="0" step="1"/><D51/><REACH who="0" ten="240,250,250,250" step="2"/><U69/><E90/><V124/><F114/><W94/><G37/><T117/><D117/><U25/><E111/><N who="2" m="42507" /><F63/><W84/><G36/><T135/><D135/><U68/><E68/><V10/><F70/><W48/><G48/><AGARI ba="0,1" hai="10,12,19,42,46,48,100,101,103,124,126" m="42507" machi="48" ten="30,1000,0" yaku="14,1" doraHai="34" who="2" fromWho="3" sc="240,0,250,0,250,20,250,-10" /><INIT seed="1,0,0,5,3,20" ten="240,250,270,240" oya="1" hai0="57,96,115,25,120,92,97,5,93,105,89,44,84" hai1="94,100,64,119,87,70,126,125,29,116,73,66,88" hai2="63,86,62,69,133,30,52,113,32,101,51,55,80" hai3="83,13,53,90,47,1,50,124,33,74,108,71,56"/><U14/><E29/><V61/><F133/><W21/><G1/><T60/><D115/><U59/><E70/><V134/><F134/><W68/><G33/><T15/><D120/><U41/><E41/><V31/><F69/><W17/><G108/><T110/><D110/><U129/><E73/><V91/><F113/><W4/><G124/><N who="1" m="47722" /><E129/><V123/><F123/><W111/><G111/><T114/><D114/><U99/><E14/><V24/><F30/><W35/><G35/><T58/><D44/><U118/><E59/><V43/><REACH who="2" step="1"/><F101/><REACH who="2" ten="240,250,260,240" step="2"/><W19/><G71/><T11/><D105/><AGARI ba="0,1" hai="64,66,87,88,94,99,100,105,116,118,119" m="47722" machi="105" ten="40,3900,0" yaku="18,1,54,1" doraHai="20" who="1" fromWho="0" sc="240,-39,250,49,260,0,240,0" /><INIT seed="1,1,0,2,0,31" ten="201,299,260,240" oya="1" hai0="126,91,8,56,27,3,13,129,11,26,113,19,128" hai1="108,81,103,72,104,39,97,5,135,29,114,42,78" hai2="50,88,89,69,15,17,111,127,38,92,86,46,68" hai3="12,1,54,110,55,84,51,96,43,57,36,67,2"/><U21/><E114/><V100/><F111/><W132/><G110/><T90/><D56/><U9/><E108/><V28/><F127/><W34/><G132/><T48/><D48/><U64/><E64/><V6/><F38/><W63/><G55/><T62/><D62/><U22/><E135/><V115/><F115/><W53/><G53/><T37/><D37/><U14/><REACH who="1" step="1"/><E29/><REACH who="1" ten="201,289,260,240" step="2"/><V18/><F28/><W109/><G67/><T107/><D113/><U123/><E123/><V99/><F69/><W47/><G109/><T74/><D128/><U10/><E10/><N who="2" m="4567" /><F68/><W66/><G66/><T60/><D129/><U80/><E80/><N who="2" m="49223" /><F100/><W61/><G1/><T49/><D3/><U131/><E131/><V73/><F73/><W112/><G2/><T76/><D74/><U130/><E130/><V79/><F79/><W41/><G112/><T71/><D76/><U77/><E77/><V133/><F133/><W58/><G36/><T40/><D8/><U124/><E124/><V45/><F45/><AGARI ba="1,1" hai="5,9,14,21,22,39,42,45,72,78,81,97,103,104" machi="45" ten="40,3900,0" yaku="1,1,53,1" doraHai="31" doraHaiUra="0" who="1" fromWho="2" sc="201,0,289,52,260,-42,240,0" /><INIT seed="1,2,0,5,5,44" ten="201,341,218,240" oya="1" hai0="9,2,0,120,88,135,86,82,124,17,105,49,121" hai1="22,119,87,18,91,66,31,123,47,33,94,85,78" hai2="128,89,62,38,101,107,134,72,111,109,104,73,113" hai3="27,80,59,92,76,5,64,10,4,35,7,131,48"/><U126/><E119/><V110/><F38/><W81/><G131/><T115/><D105/><N who="2" m="40522" /><F62/><W93/><G10/><T34/><D115/><U133/><E123/><N who="0" m="47177" /><D34/><U24/><E133/><V83/><F134/><W74/><G81/><T14/><D135/><U50/><E126/><V97/><F128/><W41/><G64/><T56/><D124/><U20/><E66/><V53/><F53/><AGARI ba="2,0" hai="0,2,9,14,17,49,53,56,82,86,88" m="47177" machi="53" ten="30,3900,0" yaku="13,1,52,1,54,1" doraHai="44" who="0" fromWho="2" sc="201,45,341,0,218,-45,240,0" /><INIT seed="2,0,0,4,2,96" ten="246,341,173,240" oya="2" hai0="122,38,10,121,15,34,51,46,18,53,114,108,39" hai1="120,8,117,98,56,12,109,2,91,128,22,93,105" hai2="55,13,119,116,70,97,82,4,5,113,125,42,6" hai3="95,83,41,100,107,30,65,69,129,104,92,17,50"/><V29/><F113/><W0/><G0/><T54/><D114/><U89/><E117/><V47/><F70/><W102/><G30/><T130/><D108/><U20/><E120/><V26/><F125/><W99/><G129/><T45/><D34/><U57/><E2/><V94/><F82/><W60/><G17/><T73/><D73/><U16/><E105/><V61/><F13/><W118/><G118/><T37/><D130/><U110/><E128/><V132/><F132/><W32/><G32/><T111/><D111/><N who="1" m="42507" /><E89/><V64/><F55/><W59/><G83/><T63/><D63/><U126/><E126/><V76/><F76/><W81/><G81/><T135/><D135/><U3/><E3/><V106/><F106/><W66/><G66/><T87/><D87/><U9/><E20/><V52/><F64/><W36/><G36/><T101/><D121/><U62/><E56/><N who="2" m="34951" /><F119/><W134/><G134/><T78/><D78/><U40/><E40/><V112/><F112/><W74/><G74/><T48/><D122/><U24/><E12/><V127/><F127/><W72/><G72/><T58/><D58/><U28/><E28/><V21/><F116/><W85/><G85/><T14/><D14/><U35/><E35/><V131/><F131/><W1/><G1/><T27/><D27/><U31/><E31/><V75/><F75/><W88/><G69/><T80/><D80/><U90/><E90/><N who="2" m="55511" /><F47/><N who="3" m="25967" /><G88/><T71/><D71/><U133/><E133/><V67/><F67/><AGARI ba="0,0" hai="8,9,16,22,24,57,62,67,91,93,98" m="42507" machi="67" ten="30,2000,0" yaku="14,1,54,1" doraHai="96" who="1" fromWho="2" sc="246,0,341,20,173,-20,240,0" /><INIT seed="3,0,0,1,4,69" ten="246,361,153,240" oya="3" hai0="43,71,108,32,13,3,134,73,49,61,56,90,117" hai1="62,100,109,127,50,81,126,132,116,31,83,52,57" hai2="75,58,128,15,130,89,33,30,85,77,36,63,1" hai3="27,93,92,102,121,120,118,10,24,42,70,94,135"/><W133/><G70/><T80/><D3/><U20/><E109/><V124/><F1/><W9/><G42/><T26/><D117/><U78/><E116/><V39/><F124/><N who="1" m="47657" /><E132/><V67/><F75/><W115/><G102/><T44/><D13/><U129/><E129/><N who="2" m="49771" /><F77/><W12/><G12/><T88/><D71/><U16/><E100/><V74/><F74/><W45/><G45/><T21/><D32/><U64/><E31/><V84/><F15/><W7/><G7/><T125/><D108/><U68/><E78/><V104/><F104/><W122/><G115/><T96/><D96/><U19/><E19/><V34/><F30/><W47/><G47/><T55/><D134/><N who="3" m="51209" /><G118/><T111/><D111/><U79/><E79/><V8/><F8/><AGARI ba="0,0" hai="8,9,10,24,27,92,93,94,120,121,122" m="51209" machi="8" ten="40,7700,0" yaku="28,2,20,1" doraHai="69" who="3" fromWho="2" sc="246,0,361,0,153,-77,240,77" /><INIT seed="3,1,0,0,2,96" ten="246,361,76,317" oya="3" hai0="10,103,7,104,41,84,15,107,73,22,94,20,48" hai1="76,31,43,112,36,9,126,86,92,133,87,97,35" hai2="4,56,95,19,32,1,72,60,46,38,65,21,26" hai3="78,131,25,105,116,30,132,106,17,134,0,111,129"/><W69/><G0/><T99/><D73/><U11/><E112/><V50/><F38/><W127/><G116/><T29/><D107/><N who="3" m="40969" /><G69/><T68/><D68/><U85/><E36/><V124/><F32/><N who="3" m="20559" /><G78/><T27/><D104/><U61/><E43/><V83/><F72/><W100/><G100/><T14/><D84/><U44/><E44/><V13/><F124/><W33/><G33/><T58/><D20/><U117/><E126/><V18/><F83/><W66/><G66/><T77/><D77/><U114/><E114/><V121/><F1/><W91/><G127/><T59/><D15/><U82/><E117/><V57/><F4/><W3/><G3/><T34/><REACH who="0" step="1"/><D34/><REACH who="0" ten="236,361,76,317" step="2"/><U70/><E35/><V102/><F121/><W75/><G75/><T115/><D115/><U39/><E85/><V5/><F5/><W88/><G111/><T63/><D63/><U55/><E61/><V8/><F56/><W2/><G2/><T108/><D108/><U110/><E86/><V80/><F80/><W24/><G24/><T23/><D23/><U101/><E82/><V81/><F81/><W109/><G109/><T122/><D122/><U12/><E87/><V67/><F67/><W125/><G125/><T40/><D40/><U113/><E76/><V118/><F118/><W128/><G17/><T54/><D54/><U123/><E113/><V74/><F74/><W45/><G45/><AGARI ba="1,1" hai="7,10,14,22,27,29,41,45,48,58,59,94,99,103" machi="45" ten="40,8000,1" yaku="1,1,8,1,52,1,53,1" doraHai="96" doraHaiUra="93" who="0" fromWho="3" sc="236,93,361,0,76,0,317,-83" owari="329,12.9,361,46.1,76,-42.4,234,-16.6" /></mjloggm>