<mjloggm ver="2.3"><GO type="225" lobby="0"/><UN n0="%33%74%72%65%65" n1="%E7%AD%89%E3%80%85%E5%8A%9B%E5%8A%87%E5%A0%B4" n2="%4E%49%4A%49%49%52%4F" n3="%E3%83%96%E3%83%A9%E3%82%B6%E3%83%BC" dan="16,16,16,16" rate="2124.69,2131.78,2217.07,2096.30" sx="F,M,M,M"/><TAIKYOKU oya="0"/><INIT seed="0,0,0,0,4,17" ten="250,250,250,250" oya="0" hai0="34,92,98,13,125,134,71,28,51,65,130,79,119" hai1="88,15,66,29,3,20,132,12,113,21,0,38,83" hai2="31,64,7,25,55,74,59,72,117,11,39,40,56" hai3="131,45,112,22,27,135,95,120,61,108,37,26,127"/><T43/><BYE who="2" /><D119/><U105/><E105/><V118/><F118/><W128/><G112/><UN n2="%4E%49%4A%49%49%52%4F" /><T76/><D134/><U49/><E38/><V124/><F124/><W48/><G37/><T77/><D125/><U126/><E126/><V91/><F64/><W60/><G127/><T100/><D130/><N who="3" m="49705" /><G108/><T90/><D71/><U41/><E132/><V42/><F117/><W103/><G27/><T52/><D65/><U93/><E113/><V106/><F106/><W69/><G69/><T54/><D34/><U102/><E0/><V62/><F56/><W46/><G46/><N who="0" m="26079" /><D28/><U68/><E3/><V73/><F91/><W23/><G120/><T30/><D30/><U80/><E102/><V104/><F104/><W101/><G135/><T16/><D100/><N who="3" m="38473" /><G95/><T1/><D1/><U133/><E133/><V107/><F107/><W53/><G26/><T85/><D98/><N who="1" m="57639" /><E29/><V35/><REACH who="2" step="1"/><F39/><REACH who="2" ten="250,250,240,250" step="2"/><W97/><G97/><T81/><D92/><U122/><E68/><V8/><F8/><AGARI ba="0,1" hai="8,13,16,52,54,76,77,79,81,85,90" m="26079" machi="8" ten="30,5800,0" yaku="8,1,54,2" doraHai="17" who="0" fromWho="2" sc="250,68,250,0,240,-58,250,0" /><INIT seed="0,1,0,0,2,6" ten="318,250,182,250" oya="0" hai0="16,90,118,9,104,50,59,21,36,10,89,53,0" hai1="20,58,63,97,1,13,132,44,3,77,8,22,82" hai2="131,66,130,75,88,41,93,7,25,19,96,106,61" hai3="134,121,91,26,79,72,28,14,62,135,100,73,83"/><T17/><D118/><U107/><E132/><N who="3" m="50730" /><G121/><T48/><D36/><U57/><E1/><V103/><F41/><W71/><G100/><T33/><D33/><U70/><E3/><V92/><F25/><W98/><G14/><N who="0" m="9367" /><D0/><U27/><E70/><V112/><F19/><W52/><G91/><N who="0" m="34827" /><D104/><U54/><E107/><V5/><F112/><W105/><G98/><T51/><D17/><U76/><E97/><V29/><F29/><W99/><G99/><T108/><D108/><U49/><E58/><V11/><F75/><N who="3" m="43519" /><G71/><T37/><D37/><U127/><E127/><V120/><F120/><W111/><G111/><T56/><D56/><U123/><E123/><V124/><F124/><W60/><G105/><T12/><D12/><U129/><E27/><V69/><F106/><W78/><G73/><T110/><D110/><U113/><E13/><V122/><F122/><W24/><G24/><T109/><D109/><U86/><E113/><V85/><REACH who="2" step="1"/><F11/><AGARI ba="1,0" hai="9,10,11,48,50,51,53,59" m="34827,9367" machi="11" ten="30,12000,1" yaku="8,1,52,3,54,1" doraHai="6" who="0" fromWho="2" sc="318,123,250,0,182,-123,250,0" /><INIT seed="0,2,0,3,3,80" ten="441,250,59,250" oya="0" hai0="5,129,56,30,135,40,21,68,116,112,0,132,37" hai1="106,47,128,122,94,9,34,44,32,79,118,78,130" hai2="41,59,110,74,120,81,76,73,22,71,109,113,127" hai3="70,38,27,69,125,50,18,8,62,85,111,102,77"/><T45/><D112/><U101/><E94/><V95/><F113/><W51/><G38/><T7/><D116/><U115/><E9/><V98/><F120/><W107/><G111/><N who="2" m="42505" /><F71/><W16/><G125/><T31/><D68/><U119/><E101/><N who="2" m="60639" /><F41/><W92/><G107/><T48/><D129/><U90/><E90/><V19/><F59/><W55/><G69/><T66/><D0/><U104/><REACH who="1" step="1"/><E115/><REACH who="1" ten="441,240,59,250" step="2"/><V67/><F127/><W103/><G92/><T114/><D114/><U65/><E65/><V108/><N who="2" m="42513" /><V42/><DORA hai="20" /><F67/><W105/><G103/><T93/><D93/><U2/><E2/><V100/><F100/><W83/><G102/><T89/><D66/><U87/><E87/><N who="2" m="48551" /><F42/><W97/><G85/><T88/><D40/><U43/><E43/><V117/><F117/><W121/><G121/><AGARI ba="2,1" hai="32,34,44,47,78,79,104,106,118,119,121,122,128,130" machi="121" ten="25,8000,1" yaku="1,1,22,2,53,2" doraHai="80,20" doraHaiUra="29,91" who="1" fromWho="3" sc="441,0,240,96,59,0,250,-86" /><INIT seed="1,0,0,1,2,0" ten="441,336,59,164" oya="1" hai0="11,121,89,3,38,6,18,109,77,31,27,132,80" hai1="56,83,10,106,51,66,46,131,117,14,35,114,33" hai2="110,4,22,112,42,96,12,76,62,65,68,75,55" hai3="116,72,70,85,50,45,88,98,104,115,123,44,13"/><U87/><E114/><V122/><F110/><W40/><G115/><T64/><D109/><U97/><E117/><V102/><F112/><W74/><G123/><T101/><D121/><U108/><E108/><V1/><F122/><W120/><G120/><T107/><D132/><U135/><E131/><V73/><F42/><W41/><G70/><T95/><D38/><U129/><E129/><V90/><F90/><W61/><G61/><T128/><D64/><U37/><E135/><V125/><F125/><W113/><G116/><T63/><D63/><U17/><E37/><V79/><F1/><W43/><G113/><T93/><D18/><U124/><E124/><V23/><F55/><W54/><G13/><T58/><D58/><U19/><E56/><V134/><F134/><W92/><REACH who="3" step="1"/><G45/><REACH who="3" ten="441,336,59,154" step="2"/><T39/><D128/><U53/><E66/><V100/><F12/><W24/><G24/><T60/><D60/><U20/><E14/><V9/><F62/><W69/><G69/><T8/><D27/><U36/><E46/><V84/><F65/><W29/><G29/><T49/><D31/><U82/><E35/><V28/><F28/><W15/><G15/><T47/><D47/><U127/><E33/><V91/><F68/><W86/><G86/><T71/><D71/><U57/><E87/><V130/><F84/><W48/><G48/><T78/><D49/><U30/><E51/><V67/><F130/><W21/><G21/><T99/><D39/><U81/><E20/><V133/><F67/><W25/><G25/><T94/><D11/><U111/><E10/><V5/><F133/><RYUUKYOKU ba="0,1" sc="441,15,336,-15,59,-15,154,15" hai0="3,6,8,77,78,80,89,93,94,95,99,101,107" hai3="40,41,43,44,50,54,72,74,85,88,92,98,104" /><INIT seed="2,1,1,3,4,127" ten="456,321,44,169" oya="2" hai0="108,26,88,94,112,124,66,96,18,52,28,61,120" hai1="48,29,53,58,129,85,32,135,60,8,16,105,71" hai2="103,23,98,49,107,67,10,82,62,1,56,91,133" hai3="44,4,102,104,100,90,39,116,24,42,5,110,72"/><V27/><F133/><W114/><G116/><T57/><D120/><U70/><E105/><V111/><F111/><W25/><G110/><T64/><D108/><U30/><E135/><V131/><F49/><W73/><G114/><T113/><D124/><U59/><E129/><V78/><F91/><W126/><G126/><T9/><D112/><U122/><E122/><V36/><F36/><W132/><G132/><T125/><D125/><U87/><E71/><V15/><F1/><W54/><G54/><T128/><D128/><U119/><E70/><V2/><F2/><W134/><G134/><T101/><D113/><U35/><E32/><V37/><F37/><W75/><G90/><T14/><D101/><U38/><E35/><AGARI ba="1,1" hai="9,14,18,26,28,35,52,57,61,64,66,88,94,96" machi="35" ten="30,3900,0" yaku="7,1,54,2" doraHai="127" who="0" fromWho="1" sc="456,52,321,-42,44,0,169,0" /><INIT seed="3,0,0,2,2,36" ten="508,279,44,169" oya="3" hai0="106,43,80,62,118,7,93,31,114,102,37,23,54" hai1="134,6,115,44,26,94,51,40,90,72,18,48,67" hai2="96,91,89,130,110,99,79,69,113,61,83,71,19" hai3="14,25,97,50,76,64,105,135,123,2,126,86,73"/><W131/><G73/><T60/><D106/><U63/><E115/><V117/><F113/><W66/><G2/><T132/><D7/><U77/><E134/><V56/><F117/><W58/><G123/><T59/><D118/><U81/><E6/><V30/><F130/><W39/><G39/><T38/><D38/><U46/><E26/><V124/><F110/><W92/><G105/><T103/><D103/><U29/><E29/><V57/><F124/><W95/><G95/><T17/><D31/><U88/><E18/><V5/><F5/><W70/><G14/><T104/><D104/><U82/><E82/><V87/><F30/><W24/><G70/><T111/><D111/><U10/><E10/><V116/><F116/><W128/><G126/><T33/><D33/><U28/><E28/><V133/><F133/><W45/><G135/><T9/><D93/><U129/><E129/><V120/><F120/><W101/><G64/><T121/><D37/><U100/><E100/><V42/><F19/><W85/><G128/><T16/><D121/><U13/><E13/><V52/><F71/><W4/><G25/><T41/><D132/><U65/><E63/><V12/><F69/><W11/><G24/><N who="0" m="14439" /><D60/><U68/><E68/><V22/><F12/><W127/><G4/><T49/><D62/><U47/><E47/><V107/><F22/><W55/><G127/><T122/><D122/><U74/><E74/><V112/><F112/><W3/><G131/><T78/><D114/><U53/><E90/><V8/><F107/><W21/><G21/><T75/><D102/><U32/><E32/><RYUUKYOKU ba="0,0" sc="508,15,279,15,44,-15,169,-15" hai0="9,17,41,43,49,54,59,75,78,80" hai1="40,44,46,48,51,53,65,67,72,77,81,88,94" owari="523,62.3,294,9.4,29,-47.1,154,-24.6" /></mjloggm>