<mjloggm ver="2.3"><GO type="225" lobby="0"/><UN n0="%72%69%6F%75%63%68%61%6E" n1="%E9%B3%B3%E6%9D%B1%E3%81%AE%E3%81%86%E3%81%95%E3%81%8E%E3%81%95%E3%82%93" n2="%E8%83%83%E3%81%A8%E8%85%B8" n3="%E3%81%AA%E3%81%8A%E3%81%A8%4E%4D%42" dan="16,17,17,16" rate="2160.15,2237.03,2203.99,2122.24" sx="M,M,M,M"/><TAIKYOKU oya="0"/><INIT seed="0,0,0,0,0,25" ten="250,250,250,250" oya="0" hai0="90,108,107,36,22,78,57,105,98,126,95,1,101" hai1="92,128,117,130,71,17,121,46,116,51,39,56,88" hai2="114,73,102,33,65,18,129,134,63,49,40,55,86" hai3="76,16,80,127,0,48,5,3,87,14,106,61,64"/><T104/><D36/><U26/><E71/><V115/><F73/><W13/><G106/><N who="0" m="41067" /><D57/><U96/><E39/><V31/><F102/><W12/><G127/><T35/><D22/><N who="1" m="13647" /><E121/><V113/><F40/><W84/><G48/><T89/><D1/><U62/><E51/><V72/><F72/><W44/><G44/><T75/><D35/><U11/><E11/><V28/><F33/><W120/><G120/><T21/><D21/><U132/><E46/><V43/><F43/><W125/><G125/><T6/><D6/><U60/><E60/><V103/><F18/><W93/><G5/><T53/><D53/><N who="1" m="34063" /><E132/><V15/><F134/><W109/><G109/><T99/><D126/><U81/><E81/><V111/><F111/><W24/><G24/><T54/><D54/><U4/><E4/><V94/><F15/><W74/><G74/><T59/><D59/><U110/><E110/><V8/><F8/><W23/><G0/><T82/><D108/><U2/><E2/><V38/><F38/><W45/><G45/><T52/><D52/><U37/><E37/><V83/><F55/><W9/><G9/><T133/><D133/><U77/><E77/><N who="2" m="46447" /><F49/><W20/><G20/><T32/><D32/><U30/><E30/><N who="2" m="11307" /><F63/><W91/><REACH who="3" step="1"/><G3/><REACH who="3" ten="250,250,250,240" step="2"/><T112/><D112/><U85/><E85/><V41/><F41/><W131/><G131/><AGARI ba="0,1" hai="88,92,96,116,117,128,130,131" m="34063,13647" machi="131" ten="30,3900,0" yaku="25,1,19,1,54,1" doraHai="25" who="1" fromWho="3" sc="250,0,250,49,250,0,240,-39" /><INIT seed="1,0,0,5,5,126" ten="250,299,250,201" oya="1" hai0="109,100,21,27,79,32,31,39,68,87,124,97,55" hai1="77,122,128,14,123,72,114,132,58,37,116,74,41" hai2="115,36,67,133,111,113,71,19,12,62,90,22,95" hai3="9,52,106,94,30,61,38,11,51,34,91,57,56"/><U88/><E37/><V46/><F111/><W82/><G38/><T105/><D124/><U45/><E114/><V130/><F133/><W134/><G106/><T119/><D109/><U80/><E116/><V76/><F76/><W43/><G134/><T69/><D119/><U107/><E132/><V125/><F125/><W53/><G43/><T20/><D39/><U26/><E74/><V63/><F63/><W120/><G120/><T3/><D3/><U92/><E107/><V50/><F36/><W75/><G30/><T60/><D55/><U23/><E14/><V103/><F103/><W121/><G34/><T48/><D48/><U0/><E0/><V93/><F130/><W2/><G2/><T131/><D131/><U64/><E128/><V118/><F118/><W35/><G35/><T86/><D68/><U47/><E58/><V40/><REACH who="2" step="1"/><F95/><REACH who="2" ten="250,299,240,201" step="2"/><W54/><G121/><T110/><D110/><U4/><E92/><V66/><F66/><N who="3" m="39207" /><G82/><N who="0" m="47455" /><D87/><AGARI ba="0,1" hai="12,19,22,40,46,50,62,67,71,87,90,93,113,115" machi="87" ten="40,5200,0" yaku="1,1,53,2" doraHai="126" doraHaiUra="108" who="2" fromWho="0" sc="250,-52,299,0,240,62,201,0" /><INIT seed="2,0,0,4,3,61" ten="198,299,302,201" oya="2" hai0="83,120,109,22,29,78,121,50,52,5,38,119,36" hai1="56,28,133,132,85,54,99,31,41,8,15,67,106" hai2="27,114,77,108,39,72,86,95,100,40,96,73,34" hai3="107,26,110,46,128,102,13,49,7,10,135,48,88"/><V65/><F114/><W59/><G110/><T64/><D109/><U104/><E41/><V82/><F108/><W1/><G128/><T125/><D125/><U84/><E67/><V89/><F40/><W21/><G135/><N who="1" m="51786" /><E85/><V9/><F9/><W37/><G1/><T117/><D5/><N who="1" m="3471" /><E84/><V98/><F39/><N who="0" m="14890" /><D64/><U42/><E42/><V93/><F34/><W66/><G37/><T97/><D97/><U17/><E17/><V123/><F27/><W33/><G33/><T74/><D22/><U60/><E99/><N who="2" m="59503" /><F65/><W113/><G113/><T122/><D29/><AGARI ba="0,0" hai="28,29,31,54,56,60,104,106" m="3471,51786" machi="29" ten="30,1000,0" yaku="20,1" doraHai="61" who="1" fromWho="0" sc="198,-10,299,10,302,0,201,0" /><INIT seed="3,0,0,1,1,46" ten="188,309,302,201" oya="3" hai0="10,9,101,78,64,130,63,26,56,47,37,98,121" hai1="122,18,135,36,6,100,115,42,17,23,133,12,118" hai2="85,61,119,4,39,25,15,59,92,60,68,109,27" hai3="1,75,51,104,2,35,77,127,43,105,34,33,65"/><W103/><G127/><T129/><D121/><U0/><E122/><V114/><F119/><W66/><G77/><T123/><D123/><U95/><E115/><V48/><F39/><W116/><G75/><T111/><D111/><U72/><E118/><V8/><F68/><W74/><G74/><T79/><D26/><N who="2" m="9738" /><F109/><W110/><G110/><T81/><D37/><U124/><E124/><V45/><F59/><W67/><G116/><T107/><D47/><N who="1" m="24007" /><E17/><V3/><F3/><W102/><G51/><T106/><D107/><N who="3" m="41033" /><G43/><T20/><D20/><U24/><E24/><V97/><F85/><W38/><G38/><T83/><D78/><U13/><E13/><V41/><F114/><W14/><G14/><T112/><D112/><U132/><E72/><V131/><F131/><N who="0" m="50186" /><D79/><U16/><E18/><V126/><F126/><W117/><G117/><T70/><D70/><U69/><E69/><V29/><F29/><W32/><N who="3" m="8192" /><DORA hai="21" /><W94/><G94/><T53/><D64/><U44/><E44/><V80/><F80/><W128/><G128/><T31/><D31/><U84/><E0/><AGARI ba="0,0" hai="0,1,2,65,66,67,102,103" m="8192,41033" machi="0" ten="70,6800,0" yaku="28,2" doraHai="46,21" who="3" fromWho="1" sc="188,0,309,-68,302,0,201,68" /><INIT seed="3,1,0,4,3,86" ten="188,241,302,269" oya="3" hai0="105,32,100,104,18,102,82,10,30,112,89,37,74" hai1="111,51,107,63,131,68,39,55,13,67,40,78,49" hai2="46,92,43,52,122,87,132,9,91,75,119,123,114" hai3="60,4,71,94,83,64,57,126,128,58,14,25,11"/><W108/><G126/><T6/><D37/><U56/><E107/><V117/><F114/><W120/><G120/><N who="2" m="46121" /><F75/><W8/><G128/><T81/><D112/><U85/><E131/><V54/><F132/><W101/><G83/><T53/><D18/><U36/><E13/><V98/><F9/><W27/><G108/><T130/><D130/><U121/><E121/><V2/><F2/><W17/><G71/><T96/><D74/><U127/><E127/><V31/><F31/><W95/><G57/><T99/><D53/><N who="2" m="20586" /><F87/><W134/><G134/><T77/><D77/><U33/><E33/><V80/><F80/><W19/><G101/><T16/><D89/><U26/><E26/><N who="3" m="9738" /><G4/><T20/><D30/><U118/><E78/><V110/><F110/><W135/><G135/><T69/><D69/><U79/><E111/><V129/><F129/><W70/><G70/><T7/><D32/><U109/><E109/><V45/><F45/><W72/><G72/><T0/><REACH who="0" step="1"/><D6/><REACH who="0" ten="178,241,302,269" step="2"/><U5/><E5/><V12/><F12/><AGARI ba="1,1" hai="8,11,12,14,17,19,58,60,64,94,95" m="9738" machi="12" ten="30,1500,0" yaku="8,1" doraHai="86" who="3" fromWho="2" sc="178,0,241,0,302,-18,269,28" /><AGARI ba="1,0" hai="0,7,10,12,16,20,81,82,96,99,100,102,104,105" machi="12" ten="30,8000,1" yaku="1,1,2,1,7,1,9,1,54,1,53,0" doraHai="86" doraHaiUra="29" who="0" fromWho="2" sc="178,80,241,0,284,-80,297,0" /><INIT seed="3,2,0,5,4,71" ten="258,241,204,297" oya="3" hai0="33,75,102,41,66,34,20,99,19,64,15,32,77" hai1="5,11,119,40,51,56,16,65,118,58,30,124,84" hai2="112,67,60,79,97,88,36,44,110,9,82,43,24" hai3="96,95,55,104,132,81,47,106,115,25,38,76,101"/><W26/><G115/><T70/><D70/><U39/><E30/><V135/><F112/><W61/><G132/><T18/><D41/><U134/><E134/><V111/><F135/><W3/><G3/><T4/><D4/><U46/><E124/><V91/><F24/><W90/><G106/><T109/><D109/><N who="2" m="41482" /><F9/><W100/><G100/><T10/><D77/><U125/><E125/><V22/><F22/><W45/><G45/><T2/><D75/><U12/><E84/><N who="2" m="48223" /><F97/><W48/><G38/><T93/><REACH who="0" step="1"/><D2/><REACH who="0" ten="248,241,204,297" step="2"/><U108/><E108/><V29/><F29/><W0/><G0/><T13/><AGARI ba="2,1" hai="10,13,15,18,19,20,32,33,34,64,66,93,99,102" machi="13" ten="40,5200,0" yaku="1,1,2,1,0,1,53,0" doraHai="71" doraHaiUra="23" who="0" fromWho="0" sc="248,68,241,-15,204,-15,297,-28" owari="316,41.6,226,-17.4,189,-31.1,269,6.9" /></mjloggm>