<mjloggm ver="2.3"><GO type="225" lobby="0"/><UN n0="%6D%75%75%6D%75%72%61" n1="%E6%80%AA%E3%81%97%E3%81%99%E3%81%8E%E3%82%8B%E3%83%81%E3%83%BC" n2="%E3%83%AD%E3%83%83%E3%83%86%E9%9B%80%E7%90%83" n3="%E3%81%A1%E3%82%85%E3%81%86%E3%81%A9%E3%81%8F%E8%B1%A1%E3%81%95%E3%82%93" dan="16,17,17,16" rate="2091.19,2192.07,2233.84,2111.18" sx="F,M,M,M"/><TAIKYOKU oya="0"/><INIT seed="0,0,0,1,5,80" ten="250,250,250,250" oya="0" hai0="48,131,68,125,47,23,34,116,96,44,117,91,86" hai1="37,74,104,103,67,10,135,21,92,71,90,43,51" hai2="63,82,107,81,13,26,52,99,24,128,87,102,130" hai3="54,93,1,40,132,105,31,4,79,20,101,62,17"/><T53/><D34/><U50/><E135/><V126/><F126/><W73/><G132/><T55/><D125/><U106/><E74/><V134/><F134/><W77/><G105/><T8/><D131/><N who="2" m="50218" /><F13/><W6/><G31/><T60/><D23/><U18/><E10/><V123/><F123/><W45/><G62/><T12/><D96/><U29/><E29/><V36/><F36/><W120/><G54/><T133/><D133/><U94/><E37/><V70/><F82/><W78/><G120/><T27/><D27/><U22/><E67/><N who="2" m="41343" /><F52/><W89/><G101/><T100/><D100/><U88/><E103/><V42/><F42/><W112/><G112/><T98/><D68/><U108/><E71/><V118/><F118/><W2/><G73/><T28/><D116/><U110/><E18/><V69/><F69/><W109/><G109/><T59/><D28/><U14/><E14/><V114/><F114/><W66/><G66/><T64/><D47/><U57/><E57/><V127/><F127/><W0/><G45/><T119/><D64/><U46/><E46/><V115/><F115/><W16/><G40/><AGARI ba="0,0" hai="21,22,40,43,50,51,88,90,92,94,104,106,108,110" machi="40" ten="25,3200,0" yaku="22,2,54,1" doraHai="80" who="1" fromWho="3" sc="250,0,250,32,250,0,250,-32" /><INIT seed="1,0,0,4,2,60" ten="250,282,250,218" oya="1" hai0="98,125,106,85,96,74,2,70,33,107,82,7,121" hai1="122,30,32,4,21,3,132,38,63,99,48,16,117" hai2="111,56,80,5,25,39,0,35,127,15,67,86,18" hai3="69,8,57,1,93,66,6,55,94,45,123,41,87"/><U102/><E38/><V20/><F39/><W108/><G108/><T109/><D33/><U14/><E117/><V133/><F111/><W64/><G123/><T76/><D2/><U124/><E122/><V28/><F127/><W83/><G69/><T12/><D12/><U95/><E124/><V54/><F133/><W50/><G94/><T58/><D7/><U19/><E132/><V120/><F120/><W62/><REACH who="3" step="1"/><G93/><REACH who="3" ten="250,282,250,208" step="2"/><T126/><D121/><U37/><E95/><V131/><F131/><W129/><G129/><T68/><D109/><U114/><E114/><V29/><F29/><W11/><G11/><T134/><D134/><U104/><E30/><V110/><F110/><W46/><G46/><T27/><D70/><U115/><E115/><V44/><F44/><W31/><G31/><T71/><D71/><U100/><E104/><V47/><F47/><W113/><G113/><T128/><D68/><U53/><E100/><V135/><F135/><W26/><G26/><T119/><D128/><U81/><E102/><V116/><F116/><W72/><G72/><T130/><D119/><U89/><E99/><N who="0" m="37929" /><D130/><U23/><E32/><V105/><F105/><N who="0" m="39946" /><D74/><U101/><E101/><V77/><F35/><W88/><AGARI ba="0,1" hai="1,6,8,41,45,50,55,57,62,64,66,83,87,88" machi="88" ten="20,12000,2" yaku="1,1,0,1,7,1,52,2,54,1,53,0" doraHai="60" doraHaiUra="90" who="3" fromWho="3" sc="250,-30,282,-60,250,-30,208,130" /><INIT seed="2,0,0,2,2,31" ten="220,222,220,338" oya="2" hai0="107,101,57,39,37,131,109,79,20,2,99,86,18" hai1="80,115,95,34,93,68,113,62,71,98,4,7,89" hai2="10,88,35,5,77,94,122,132,19,64,102,103,117" hai3="14,61,69,83,22,108,96,130,28,110,3,42,84"/><V121/><F117/><W25/><G3/><T76/><D109/><N who="3" m="42089" /><G130/><T43/><D131/><U45/><E34/><V133/><F77/><N who="3" m="46191" /><G42/><T106/><D2/><U123/><E123/><N who="2" m="47115" /><F19/><W46/><G46/><T56/><D107/><U17/><E45/><V82/><F64/><N who="3" m="41103" /><G14/><T104/><D43/><U38/><E17/><V120/><F120/><W90/><G90/><T52/><D56/><U24/><E89/><V63/><F63/><W9/><G9/><T59/><D59/><U51/><E62/><V85/><F10/><W49/><G96/><T16/><D39/><U112/><E38/><V23/><F23/><W105/><G49/><T26/><D37/><U124/><E51/><V119/><F35/><W72/><G105/><T8/><D106/><U54/><E98/><N who="2" m="57671" /><F5/><W44/><G44/><T13/><D86/><U58/><E115/><V55/><F55/><W60/><G60/><AGARI ba="0,0" hai="8,13,16,18,20,26,52,57,60,76,79,99,101,104" machi="60" ten="30,3900,0" yaku="7,1,54,2" doraHai="31" who="0" fromWho="3" sc="220,39,222,0,220,0,338,-39" /><INIT seed="3,0,0,3,2,112" ten="259,222,220,299" oya="3" hai0="43,36,71,67,61,119,42,8,22,101,13,96,24" hai1="46,45,121,80,122,32,39,135,50,4,41,9,2" hai2="77,60,127,65,30,10,12,106,37,76,111,117,115" hai3="59,55,109,14,126,47,120,129,66,38,62,89,69"/><W104/><G120/><T103/><D119/><U97/><E135/><V15/><F115/><W99/><G126/><T57/><D71/><U102/><E80/><V48/><F37/><W98/><G129/><T25/><D36/><U128/><E32/><V21/><F106/><W85/><G14/><T29/><D25/><U58/><E58/><N who="2" m="37015" /><F117/><W70/><G104/><T134/><D134/><U27/><E27/><N who="2" m="16751" /><F111/><W133/><G133/><T86/><D86/><U75/><E75/><V88/><F127/><W93/><G109/><T107/><REACH who="0" step="1"/><D101/><REACH who="0" ten="249,222,220,299" step="2"/><U110/><E110/><V105/><F105/><W18/><G70/><T78/><D78/><N who="2" m="30314" /><F10/><W35/><G85/><T124/><D124/><U95/><E128/><V52/><F88/><W40/><G89/><T91/><D91/><U130/><E130/><V87/><F87/><W3/><G69/><T63/><D63/><U72/><E72/><V53/><F53/><AGARI ba="0,1" hai="2,4,9,39,41,45,46,50,53,95,97,102,121,122" machi="53" ten="30,1000,0" yaku="7,1" doraHai="112" who="1" fromWho="2" sc="249,0,222,20,220,-10,299,0" /><INIT seed="4,0,0,2,5,103" ten="249,242,210,299" oya="0" hai0="112,104,0,8,47,2,98,81,77,57,33,126,32" hai1="116,132,29,71,118,59,63,45,133,50,51,96,25" hai2="16,60,108,89,130,101,44,30,7,117,87,46,55" hai3="61,11,102,135,26,124,88,121,31,42,73,1,4"/><T80/><D112/><U54/><E116/><V27/><F108/><W86/><G73/><T106/><D126/><U19/><E19/><V70/><F117/><W84/><G124/><T79/><D57/><U115/><E96/><V58/><F130/><W90/><G102/><T34/><D47/><U75/><E75/><V78/><F78/><W92/><G135/><N who="1" m="51786" /><E118/><V65/><F7/><W53/><G42/><T6/><D0/><U114/><E71/><V94/><F101/><W5/><G121/><T127/><D127/><U119/><E119/><V43/><F43/><W105/><G105/><T72/><REACH who="0" step="1"/><D98/><REACH who="0" ten="239,242,210,299" step="2"/><U122/><E122/><V21/><REACH who="2" step="1"/><F30/><REACH who="2" ten="239,242,200,299" step="2"/><W110/><G110/><T41/><D41/><U120/><E120/><V9/><F9/><W14/><G11/><T134/><D134/><U69/><E29/><V129/><F129/><W93/><G31/><T67/><D67/><U37/><E114/><V17/><F17/><W22/><G1/><T83/><D83/><U35/><E115/><V15/><F15/><W91/><G14/><T62/><D62/><AGARI ba="0,2" hai="16,21,27,44,46,55,58,60,62,65,70,87,89,94" machi="62" ten="30,3900,0" yaku="1,1,7,1,54,1,53,0" doraHai="103" doraHaiUra="24" who="2" fromWho="0" sc="239,-39,242,0,200,59,299,0" /><INIT seed="5,0,0,1,0,64" ten="200,242,259,299" oya="1" hai0="101,123,53,30,8,116,118,86,129,56,84,87,38" hai1="73,31,76,44,12,90,62,108,48,66,130,35,106" hai2="95,51,18,93,114,111,109,24,34,13,54,46,69" hai3="88,135,80,37,78,107,99,23,100,25,122,119,104"/><U19/><E130/><V27/><F69/><W42/><G122/><T120/><D129/><U105/><E108/><V7/><F7/><W26/><G135/><T94/><D38/><U61/><E90/><V71/><F71/><W50/><G37/><T9/><D30/><U77/><E62/><V67/><F67/><W124/><G124/><T40/><D40/><U21/><E31/><V60/><F60/><W55/><G42/><T39/><D39/><U63/><E35/><V11/><F114/><W28/><G119/><N who="0" m="45611" /><D101/><U45/><E61/><V117/><F117/><W82/><G25/><N who="2" m="9801" /><F34/><W92/><G78/><T17/><D17/><U75/><E76/><V81/><F111/><W98/><G107/><T57/><D53/><U96/><E77/><V79/><F109/><W14/><G14/><T133/><D94/><U89/><E105/><V70/><F70/><W59/><AGARI ba="0,0" hai="23,26,28,50,55,59,80,82,88,92,98,99,100,104" machi="59" ten="20,2700,0" yaku="0,1,7,1,54,1" doraHai="64" who="3" fromWho="3" sc="200,-7,242,-13,259,-7,299,27" owari="193,-30.7,229,-17.1,252,5.2,326,42.6" /></mjloggm>