<mjloggm ver="2.3"><GO type="225" lobby="0"/><UN n0="%E6%98%93%E5%88%A9%E8%96%A9%E4%BC%AF" n1="%E4%B8%89%E5%86%A0%E7%8E%8B%E3%83%BB%E5%B1%B1%E7%94%B0%E5%93%B2%E4%BA%BA" n2="%E9%80%9F%E6%B0%B4%E5%87%9B%E9%A6%99" n3="%4D%50%43%32%38%30%30" dan="16,16,16,16" rate="2147.03,2161.92,2155.28,2117.46" sx="F,M,F,M"/><TAIKYOKU oya="0"/><INIT seed="0,0,0,0,4,108" ten="250,250,250,250" oya="0" hai0="68,121,95,54,13,129,112,80,24,43,89,17,62" hai1="57,3,77,92,5,105,10,113,47,19,9,69,103" hai2="93,12,49,88,91,1,21,11,41,101,60,59,124" hai3="20,45,125,46,50,79,82,30,55,96,90,51,107"/><T23/><D121/><U111/><E69/><V27/><F1/><W2/><G2/><T134/><D129/><U78/><E105/><V127/><F49/><W120/><G125/><T97/><D134/><U76/><E111/><V114/><F41/><W39/><G39/><T133/><D133/><U52/><E47/><V73/><F73/><W67/><G120/><T99/><D43/><U86/><E113/><V33/><F33/><W72/><G67/><T126/><D126/><U100/><E19/><N who="2" m="8607" /><F114/><W84/><G30/><T18/><D112/><U29/><E29/><N who="2" m="17647" /><F127/><W94/><G20/><T119/><D119/><U135/><E10/><V122/><F122/><W132/><G132/><T128/><D128/><U109/><E109/><V15/><F15/><W118/><G118/><T115/><D115/><U31/><E31/><V44/><F44/><W65/><G65/><T130/><D130/><U28/><E28/><V22/><F22/><W58/><REACH who="3" step="1"/><G51/><REACH who="3" ten="250,250,250,240" step="2"/><T14/><D23/><U48/><E135/><V116/><F116/><W131/><G131/><T36/><D36/><U81/><E3/><V56/><F124/><W87/><G87/><T26/><D13/><U25/><E86/><V53/><F56/><W38/><G38/><T98/><D14/><U106/><E57/><V110/><F110/><W75/><G75/><T37/><D37/><U123/><E48/><V85/><F85/><W71/><G71/><T83/><D68/><U63/><E123/><V4/><F4/><W35/><G35/><T66/><D66/><U8/><E5/><V117/><F117/><W16/><G16/><RYUUKYOKU ba="0,1" sc="250,-15,250,-15,250,15,240,15" hai2="53,59,60,88,91,93,101" hai3="45,46,50,55,58,72,79,82,84,90,94,96,107" /><INIT seed="1,1,1,2,0,57" ten="235,235,265,255" oya="1" hai0="36,115,8,53,33,109,95,26,129,2,131,99,5" hai1="85,100,20,70,11,49,1,19,58,76,104,103,118" hai2="59,106,83,41,77,90,60,94,117,68,44,121,3" hai3="17,112,93,31,9,114,12,66,74,23,80,51,38"/><U128/><E70/><V127/><F106/><W96/><G38/><T14/><D115/><U13/><E118/><V88/><F3/><W108/><G108/><T82/><D36/><U81/><E128/><V61/><F117/><W25/><G66/><T37/><D37/><U42/><E104/><V27/><F121/><W75/><G51/><T18/><D82/><U40/><E1/><V124/><F68/><W125/><G125/><T55/><D109/><U89/><E89/><V0/><F0/><W105/><G105/><T110/><D110/><U84/><E84/><V73/><F90/><W119/><G119/><T122/><D122/><U65/><E20/><V10/><F10/><W71/><G71/><T102/><D131/><U135/><E135/><V24/><F59/><W98/><G98/><T92/><D92/><U45/><REACH who="1" step="1"/><E40/><REACH who="1" ten="235,225,265,255" step="2"/><V72/><F72/><W48/><G75/><T62/><D129/><U30/><E30/><V113/><F113/><W28/><G28/><T7/><D2/><U34/><E34/><V97/><F127/><W87/><G74/><T107/><D33/><U91/><E91/><V4/><F124/><W56/><G87/><T69/><D107/><U79/><E79/><V15/><F41/><W123/><G123/><T54/><D26/><U22/><E22/><V120/><F120/><W52/><G80/><T43/><D43/><U6/><E6/><N who="0" m="2057" /><D69/><U64/><E64/><V32/><F24/><W50/><G112/><T132/><D132/><U134/><E134/><V130/><F130/><W101/><G114/><T47/><D18/><U126/><E126/><RYUUKYOKU ba="1,2" sc="235,-15,225,15,265,-15,255,15" hai1="11,13,19,42,45,49,58,65,76,81,85,100,103" hai3="9,12,17,23,25,31,48,50,52,56,93,96,101" /><INIT seed="1,2,2,3,1,124" ten="220,240,250,270" oya="1" hai0="23,74,13,121,4,3,112,123,31,20,29,54,25" hai1="127,135,2,9,46,16,58,134,0,76,38,109,26" hai2="94,27,133,96,108,130,125,67,107,90,131,10,99" hai3="41,19,92,111,36,47,33,102,73,75,91,122,88"/><U64/><E127/><V129/><F125/><W120/><G33/><T110/><D74/><U72/><E109/><V119/><F108/><W52/><G111/><T87/><D110/><U62/><E76/><V126/><F126/><W24/><G75/><T104/><D104/><U32/><E72/><V128/><F119/><W40/><G73/><T43/><D43/><N who="3" m="16457" /><G36/><T79/><D112/><U6/><E38/><V11/><F133/><N who="1" m="50697" /><E46/><V98/><F67/><W113/><G113/><T105/><D105/><U68/><E58/><V28/><N who="2" m="32768" /><DORA hai="65" /><V95/><F107/><W118/><G118/><T106/><D106/><U61/><E61/><V42/><F42/><W89/><G120/><N who="0" m="46155" /><D54/><U1/><E16/><V71/><F71/><W66/><G66/><T80/><D31/><AGARI ba="2,2" hai="0,1,2,6,9,26,31,32,62,64,68" m="50697" machi="31" ten="30,5800,0" yaku="20,1,23,1,52,1" doraHai="124,65" who="1" fromWho="0" sc="220,-64,240,84,250,0,270,0" /><INIT seed="1,3,0,2,1,79" ten="156,324,250,270" oya="1" hai0="123,39,132,83,29,84,17,104,18,5,93,22,16" hai1="48,56,99,51,69,126,119,31,103,76,120,97,47" hai2="66,27,101,0,34,32,43,37,133,115,116,124,65" hai3="23,114,68,52,135,87,92,15,26,71,63,42,77"/><U80/><E69/><V61/><F0/><W59/><G114/><T95/><D104/><U105/><E119/><V94/><F116/><W128/><G135/><T74/><D39/><U33/><E120/><V55/><F133/><W121/><G121/><T111/><D132/><U35/><E126/><V134/><F134/><W75/><G128/><T40/><D40/><U89/><E31/><V58/><F124/><W130/><G130/><T46/><D123/><U21/><E21/><V72/><F72/><W108/><G108/><T78/><D5/><U70/><E70/><V53/><F115/><W8/><G42/><T57/><D46/><U96/><E56/><V113/><F113/><W86/><G75/><T1/><D1/><U41/><E51/><V13/><F13/><W73/><G73/><T107/><D107/><U12/><E97/><V4/><F4/><W127/><G127/><T50/><D74/><U10/><E96/><V6/><F6/><W54/><G54/><N who="0" m="31959" /><D111/><U125/><E35/><V102/><F43/><W62/><G62/><T131/><D131/><U38/><E33/><V118/><F37/><W9/><G71/><T82/><D82/><U36/><E125/><V30/><F34/><W109/><G109/><T49/><D49/><U3/><E38/><V110/><F110/><W117/><G68/><T2/><D2/><U67/><E3/><V45/><F118/><W14/><G117/><T81/><D81/><U24/><E36/><V7/><F7/><W112/><G112/><T90/><D78/><U11/><E41/><V20/><F32/><W91/><G77/><RYUUKYOKU ba="3,0" sc="156,30,324,-10,250,-10,270,-10" hai0="16,17,18,22,29,83,84,90,93,95" /><INIT seed="2,4,0,3,5,8" ten="186,314,240,260" oya="2" hai0="48,89,123,121,15,109,28,125,5,14,1,59,127" hai1="105,34,126,26,98,110,96,51,60,77,94,83,36" hai2="55,17,44,107,38,24,95,134,70,2,21,11,4" hai3="71,88,81,75,90,112,69,7,119,46,57,37,40"/><V93/><F107/><W130/><G119/><T118/><D89/><U102/><E36/><V78/><F70/><W120/><G120/><N who="0" m="46155" /><D59/><U54/><E110/><V122/><F122/><W85/><G130/><T132/><D48/><U29/><E126/><N who="0" m="48137" /><D118/><U100/><E60/><V61/><F134/><W117/><G117/><T103/><D103/><U124/><E124/><V133/><F133/><W92/><G112/><T74/><D74/><U42/><E42/><V13/><F78/><W25/><G75/><T35/><D132/><U135/><E135/><V16/><F61/><W20/><G7/><T66/><D66/><U41/><E41/><V23/><REACH who="2" step="1"/><F55/><REACH who="2" ten="186,314,230,260" step="2"/><W87/><REACH who="3" step="1"/><G57/><REACH who="3" ten="186,314,230,250" step="2"/><T52/><D109/><U3/><E105/><V62/><F62/><W27/><G27/><N who="0" m="18847" /><D52/><U12/><E54/><V114/><F114/><W64/><G64/><T113/><D113/><U19/><E26/><V43/><AGARI ba="4,2" hai="2,4,11,13,16,17,21,23,24,38,43,44,93,95" machi="43" ten="30,12000,1" yaku="1,1,0,1,52,1,54,1,53,1" doraHai="8" doraHaiUra="22" who="2" fromWho="2" sc="186,-44,314,-44,230,152,250,-44" /><INIT seed="2,5,0,0,2,82" ten="142,270,382,206" oya="2" hai0="109,39,125,25,47,97,104,93,86,55,78,19,88" hai1="105,100,127,56,76,63,24,0,5,7,126,117,116" hai2="26,6,65,133,33,27,41,95,106,81,2,3,38" hai3="131,10,31,94,42,130,74,44,30,135,22,107,84"/><V8/><F106/><W99/><G74/><T36/><D109/><U85/><E24/><V98/><F2/><W102/><G135/><T20/><D125/><U87/><E76/><V60/><F33/><W58/><G10/><T121/><D121/><U54/><E100/><V90/><F133/><W113/><G113/><T18/><D18/><U134/><E105/><V37/><F37/><W43/><G58/><T46/><D78/><U115/><E63/><V32/><F32/><W89/><G42/><T66/><D66/><U119/><E119/><V69/><F41/><W112/><G112/><T51/><REACH who="0" step="1"/><D46/><REACH who="0" ten="132,270,382,206" step="2"/><U29/><E127/><V132/><F132/><W123/><G123/><T83/><D83/><U34/><E126/><V57/><F81/><W35/><G35/><T49/><D49/><U118/><E134/><V50/><F38/><W75/><G75/><T48/><D48/><U59/><E117/><V28/><F28/><W73/><G73/><T4/><D4/><U70/><E29/><V111/><F111/><W91/><G31/><T96/><D96/><U1/><E34/><V9/><F50/><N who="3" m="26911" /><G30/><T124/><D124/><U52/><E115/><V68/><F6/><W67/><G67/><T11/><D11/><U108/><E108/><V13/><F3/><W129/><G22/><T77/><D77/><U61/><E61/><V15/><F8/><W80/><G107/><T103/><AGARI ba="5,1" hai="19,20,25,36,39,47,51,55,86,88,93,97,103,104" machi="103" ten="30,8000,1" yaku="1,1,0,1,52,1,54,1,53,1" doraHai="82" doraHaiUra="21" who="0" fromWho="0" sc="132,105,270,-25,382,-45,206,-25" /><INIT seed="3,0,0,0,3,58" ten="237,245,337,181" oya="3" hai0="40,12,20,116,108,66,46,121,135,14,43,55,100" hai1="65,61,125,82,68,124,132,119,54,39,9,62,8" hai2="63,128,81,1,84,74,127,91,34,60,33,67,133" hai3="15,21,45,42,87,120,10,57,117,19,107,130,7"/><W131/><G107/><T36/><D116/><U103/><E39/><V104/><F1/><W77/><G117/><T115/><D121/><U93/><E119/><V22/><F74/><W114/><G120/><T64/><D108/><U83/><E132/><V88/><F104/><W35/><G35/><T47/><D115/><U94/><E65/><V129/><F133/><W71/><G71/><T86/><D100/><U112/><E54/><V80/><F127/><W32/><G32/><T113/><D55/><U6/><E6/><V49/><F49/><W27/><G114/><T0/><D0/><U13/><E13/><V23/><F84/><W70/><G70/><T24/><D113/><U90/><E112/><V59/><F59/><W51/><REACH who="3" step="1"/><G57/><REACH who="3" ten="237,245,337,171" step="2"/><T122/><D122/><U111/><E68/><V29/><F33/><W18/><G18/><T73/><D135/><U69/><E69/><V72/><F34/><W50/><G50/><T44/><D36/><U52/><E124/><V17/><F17/><W26/><G26/><T4/><D24/><U37/><E125/><V2/><F29/><W3/><G3/><T98/><D66/><U102/><E37/><V99/><F2/><W95/><G95/><T109/><D64/><U105/><E105/><V106/><F67/><W31/><G31/><T97/><D109/><U25/><E111/><V85/><F106/><W134/><G134/><T5/><D5/><U110/><E110/><V126/><F126/><W78/><G78/><T53/><D4/><U96/><E25/><V56/><F56/><W101/><G101/><T16/><D16/><RYUUKYOKU ba="0,1" sc="237,-10,245,-10,337,-10,171,30" hai3="7,10,15,19,21,27,42,45,51,77,87,130,131" /><INIT seed="3,1,1,1,2,32" ten="227,235,327,201" oya="3" hai0="33,56,99,118,127,30,117,24,92,31,94,109,13" hai1="131,28,10,45,67,100,57,21,51,60,41,96,29" hai2="27,62,3,4,7,91,43,65,86,14,83,2,49" hai3="66,123,107,125,89,47,119,35,55,38,124,75,76"/><W110/><G119/><T18/><D31/><U53/><E131/><V132/><F132/><W130/><G123/><T23/><D109/><U72/><E72/><V133/><F2/><W70/><G130/><T52/><D127/><N who="3" m="48713" /><G35/><T48/><D94/><N who="1" m="58391" /><E10/><V104/><F3/><W112/><G112/><T9/><D33/><U8/><E8/><V15/><F104/><W11/><G110/><T97/><D97/><U63/><E21/><V34/><F34/><W126/><N who="3" m="48721" /><W129/><DORA hai="87" /><G129/><T135/><D135/><U114/><E114/><V16/><F133/><W42/><G107/><T39/><D39/><U74/><E74/><V36/><F36/><W26/><G26/><T1/><D1/><U111/><E111/><V78/><F78/><W116/><G116/><T82/><D82/><U108/><E108/><V61/><F14/><W115/><G115/><T81/><D81/><U19/><E19/><V98/><F27/><W128/><G128/><T113/><D113/><U20/><E20/><V68/><F15/><W54/><G11/><T44/><D44/><U103/><E103/><AGARI ba="1,1" hai="9,13,18,23,24,30,48,52,56,92,99,103,117,118" machi="103" ten="30,2000,0" yaku="7,1,54,1" doraHai="32,87" who="0" fromWho="1" sc="227,33,235,-23,327,0,201,0" owari="260,6.0,212,-18.8,327,42.7,201,-29.9" /></mjloggm>