<mjloggm ver="2.3"><GO type="225" lobby="0"/><UN n0="%E3%81%BF%E3%81%BF%E3%81%9A" n1="%72%65%6E%6B%75%6E" n2="%E3%83%81%E3%83%AF%E3%83%AF%E9%9A%8A%E9%95%B7" n3="%73%73%6B%5F%66%72%65%65" dan="18,17,16,16" rate="2282.21,2182.75,2073.33,2077.98" sx="M,M,M,M"/><TAIKYOKU oya="0"/><INIT seed="0,0,0,1,4,3" ten="250,250,250,250" oya="0" hai0="34,115,104,38,120,42,118,28,5,51,125,105,18" hai1="109,76,112,47,133,86,135,7,102,123,23,39,20" hai2="30,78,10,14,103,88,85,63,52,121,94,106,8" hai3="44,92,114,126,32,66,21,72,93,83,131,69,111"/><T128/><D115/><U95/><E123/><V48/><F121/><W132/><G32/><T57/><D120/><U113/><E109/><V124/><F124/><W2/><G2/><T4/><D118/><U9/><E102/><V117/><F117/><W15/><G69/><T26/><D125/><U89/><E76/><V16/><F30/><W100/><G72/><T6/><D128/><U99/><E99/><N who="2" m="59895" /><F106/><W49/><G114/><N who="1" m="44138" /><E47/><N who="2" m="27679" /><F78/><W41/><G126/><T79/><D79/><U127/><E39/><V70/><F70/><W130/><G111/><T53/><REACH who="0" step="1"/><D18/><REACH who="0" ten="240,250,250,250" step="2"/><U98/><E127/><V37/><F37/><W119/><G131/><T0/><D0/><N who="1" m="231" /><E98/><V60/><F8/><W82/><G130/><T61/><D61/><U110/><E110/><V96/><F96/><W62/><G119/><T35/><D35/><U77/><E77/><V75/><F75/><W22/><G62/><T107/><D107/><U1/><E1/><V108/><F108/><W129/><G129/><T116/><D116/><U12/><E12/><V54/><F54/><W33/><G15/><T74/><D74/><U25/><E20/><V11/><F10/><W31/><G21/><T56/><D56/><U73/><E73/><V29/><F29/><AGARI ba="0,1" hai="23,25,29,86,89,95,133,135" m="231,44138" machi="29" ten="30,2000,0" yaku="11,1,52,1" doraHai="3" who="1" fromWho="2" sc="240,0,250,30,250,-20,250,0" /><INIT seed="1,0,0,4,4,78" ten="240,280,230,250" oya="1" hai0="114,62,57,14,92,103,94,124,122,106,88,2,89" hai1="54,104,56,123,39,95,44,48,101,132,22,38,53" hai2="71,1,31,46,10,110,131,20,133,49,76,58,125" hai3="17,98,109,59,26,68,83,86,91,40,134,127,52"/><U63/><E123/><V34/><F71/><W87/><G109/><T55/><D114/><U32/><E32/><V12/><F110/><W60/><G127/><T66/><D2/><U43/><E104/><V115/><F125/><W108/><G108/><T28/><D124/><U85/><E132/><V13/><F115/><W135/><G68/><T30/><D122/><U128/><E128/><V18/><F133/><N who="3" m="50699" /><G40/><T84/><D103/><U42/><E22/><V105/><F105/><W69/><G69/><T25/><D106/><U111/><E111/><V3/><F131/><W93/><G87/><N who="0" m="52255" /><D25/><U112/><E112/><V35/><F58/><W6/><G6/><T4/><D66/><N who="1" m="39271" /><E85/><V81/><F34/><W16/><G26/><T5/><D14/><U27/><E95/><V8/><F35/><W121/><G121/><T33/><D33/><U7/><E101/><AGARI ba="0,0" hai="16,17,52,59,60,83,86,91,93,98,101" m="50699" machi="101" ten="30,7700,0" yaku="20,1,52,1,54,2" doraHai="78" who="3" fromWho="1" sc="240,0,280,-77,230,0,250,77" /><INIT seed="2,0,0,2,3,22" ten="240,203,230,327" oya="2" hai0="61,132,94,123,7,126,124,91,12,80,55,100,16" hai1="20,73,133,111,108,3,57,98,119,11,92,115,93" hai2="19,56,95,40,81,9,68,78,4,14,59,96,1" hai3="32,67,71,6,84,113,58,79,17,15,77,13,33"/><V76/><F68/><W83/><G71/><T109/><D123/><U129/><E73/><V125/><F125/><N who="0" m="48234" /><D109/><N who="1" m="42059" /><E57/><V128/><F128/><W69/><G79/><T8/><D132/><U86/><E20/><V43/><F76/><W10/><G69/><T64/><D100/><N who="1" m="60487" /><E11/><V29/><F29/><W31/><G31/><T120/><D120/><U131/><E3/><V75/><F56/><W63/><G113/><T50/><D80/><U51/><E51/><V52/><F1/><W85/><G85/><N who="0" m="52591" /><D64/><U36/><E36/><V90/><REACH who="2" step="1"/><F4/><REACH who="2" ten="240,203,220,327" step="2"/><W107/><G58/><N who="0" m="33143" /><D61/><AGARI ba="0,1" hai="9,14,19,40,43,52,59,61,75,78,81,90,95,96" machi="61" ten="30,5800,0" yaku="1,1,7,1,54,1,53,0" doraHai="22" doraHaiUra="25" who="2" fromWho="0" sc="240,-58,203,0,220,68,327,0" /><INIT seed="2,1,0,1,5,102" ten="182,203,288,327" oya="2" hai0="110,123,124,69,82,38,131,2,21,50,62,59,8" hai1="46,70,80,23,122,65,72,5,39,87,56,89,66" hai2="113,81,4,44,118,26,112,63,13,115,17,100,33" hai3="35,83,40,60,15,128,134,27,75,96,101,45,6"/><V78/><F118/><W1/><G128/><T10/><D38/><U31/><E122/><V114/><N who="2" m="28672" /><DORA hai="97" /><V91/><F4/><W99/><G99/><T73/><D123/><U77/><E5/><V90/><F100/><W54/><G15/><T22/><D110/><U43/><E70/><V11/><F44/><W67/><G54/><T86/><D73/><U104/><E104/><V61/><F33/><W48/><G134/><T16/><D131/><U68/><E68/><V52/><F26/><W7/><G83/><T14/><D124/><U106/><E106/><V92/><F52/><W93/><G75/><T130/><D130/><U18/><E31/><V133/><F133/><W0/><G0/><T34/><D34/><U135/><E56/><V88/><REACH who="2" step="1"/><F92/><REACH who="2" ten="182,203,278,327" step="2"/><W127/><G127/><T132/><D132/><U24/><REACH who="1" step="1"/><E135/><REACH who="1" ten="182,193,278,327" step="2"/><V58/><F58/><W71/><G1/><T9/><D69/><U108/><E108/><V94/><F94/><AGARI ba="1,2" hai="18,23,24,39,43,46,65,66,72,77,80,87,89,94" machi="94" ten="30,7700,0" yaku="1,1,7,1,53,2" doraHai="102,97" doraHaiUra="74,12" who="1" fromWho="2" sc="182,0,193,100,278,-80,327,0" /><INIT seed="3,0,0,5,5,91" ten="182,293,198,327" oya="3" hai0="129,7,5,28,132,93,76,64,80,130,112,18,85" hai1="6,103,79,81,62,24,43,46,134,125,108,45,115" hai2="54,75,135,56,114,97,100,106,2,39,52,20,30" hai3="41,126,133,14,105,26,98,12,95,123,66,121,32"/><W67/><G126/><T94/><D28/><U101/><E115/><V107/><F75/><W78/><G105/><T83/><D112/><U51/><E125/><V65/><F114/><W116/><G78/><N who="0" m="46231" /><D64/><U122/><E122/><V111/><F2/><W25/><G32/><T33/><D33/><U58/><E108/><V8/><F39/><W57/><G133/><T31/><D31/><U127/><E134/><V50/><F135/><W88/><G116/><T87/><D132/><U86/><E127/><V15/><F111/><W124/><G124/><T90/><D18/><U71/><E71/><V13/><F107/><W44/><G57/><T10/><D10/><U102/><E45/><V40/><F40/><W68/><G68/><T63/><D63/><U61/><E6/><N who="0" m="2057" /><D76/><U37/><E37/><V70/><F8/><W96/><G67/><T29/><D29/><U23/><REACH who="1" step="1"/><E58/><REACH who="1" ten="182,283,198,327" step="2"/><V16/><F70/><W9/><G121/><T21/><D21/><U89/><E89/><V49/><F56/><W131/><G88/><T3/><D3/><U72/><E72/><V34/><F100/><W19/><G123/><T22/><D22/><U120/><E120/><V38/><F34/><W77/><G44/><T99/><D99/><U0/><E0/><V128/><F97/><W84/><G96/><T17/><D17/><AGARI ba="0,1" hai="17,23,24,43,46,51,61,62,79,81,86,101,102,103" machi="17" ten="40,2600,0" yaku="1,1,8,1,53,0" doraHai="91" doraHaiUra="53" who="1" fromWho="0" sc="182,-26,283,36,198,0,327,0" owari="156,-34.4,319,11.9,198,-20.2,327,42.7" /></mjloggm>