<mjloggm ver="2.3"><GO type="225" lobby="0"/><UN n0="%4D%50%43%32%38%30%30" n1="%72%69%6F%75%63%68%61%6E" n2="%E3%81%8F%E3%81%BE%E3%81%96%E3%82%8F" n3="%E6%80%AA%E3%81%97%E3%81%99%E3%81%8E%E3%82%8B%E3%83%81%E3%83%BC" dan="16,17,16,16" rate="2163.85,2248.66,2043.70,2171.31" sx="M,M,M,M"/><TAIKYOKU oya="0"/><INIT seed="0,0,0,2,0,83" ten="250,250,250,250" oya="0" hai0="63,28,133,76,16,18,88,66,127,87,51,5,8" hai1="108,85,69,20,86,74,38,7,101,27,102,33,89" hai2="11,52,71,120,58,37,113,112,115,10,30,117,26" hai3="29,68,78,130,129,79,106,17,44,94,34,4,32"/><T125/><D133/><U0/><E74/><V49/><F120/><W135/><G106/><T82/><D28/><U64/><E38/><V53/><F117/><W103/><G68/><T14/><D51/><U9/><E108/><V126/><F126/><N who="0" m="48138" /><D76/><U61/><E33/><V131/><F131/><N who="3" m="50187" /><G135/><T60/><D60/><U111/><E111/><V50/><F37/><W118/><G118/><T22/><D22/><U55/><E55/><V81/><F81/><W15/><G4/><T45/><D45/><U3/><E3/><V93/><F93/><W43/><G29/><T114/><D114/><U100/><REACH who="1" step="1"/><E89/><REACH who="1" ten="250,240,250,250" step="2"/><V54/><F54/><W23/><G34/><T2/><D2/><U75/><E75/><V91/><F91/><W90/><G32/><T124/><N who="0" m="48146" /><T104/><DORA hai="99" /><D104/><U119/><E119/><V123/><F113/><W77/><G90/><T12/><D12/><U41/><E41/><V97/><F115/><W31/><G79/><T1/><D1/><U35/><E35/><V98/><F112/><W95/><G78/><T47/><D47/><U42/><E42/><V6/><F53/><W21/><G77/><T84/><D84/><U13/><E13/><V70/><F50/><W132/><G132/><T40/><D40/><U92/><E92/><V96/><F123/><W105/><G44/><T116/><D116/><U24/><E24/><V128/><F128/><W73/><G43/><T57/><AGARI ba="0,1" hai="5,8,14,16,18,57,63,66,82,87,88" m="48146" machi="57" ten="40,12000,1" yaku="18,1,52,1,54,2" doraHai="83,99" who="0" fromWho="0" sc="250,130,240,-40,250,-40,250,-40" /><INIT seed="0,1,0,0,1,42" ten="380,200,210,210" oya="0" hai0="28,130,57,48,108,128,10,55,7,17,96,46,125" hai1="79,8,117,66,73,1,9,61,35,59,91,120,50" hai2="116,112,23,47,115,69,98,38,102,20,14,93,53" hai3="39,22,5,19,31,77,78,121,99,113,15,127,67"/><T68/><D68/><U60/><E117/><V62/><F116/><W105/><G113/><T45/><D125/><U52/><E120/><V26/><F14/><W43/><G127/><T13/><D28/><U114/><E114/><V71/><F20/><W132/><G121/><T30/><D30/><U25/><E1/><V56/><F112/><W97/><G132/><T54/><D108/><U49/><E91/><V63/><F63/><W3/><G67/><T134/><D134/><U109/><E109/><V135/><F115/><W103/><G31/><T101/><D17/><U82/><E25/><V65/><F135/><W100/><G5/><T70/><D70/><U126/><E35/><V72/><F72/><W129/><G3/><T18/><D18/><U58/><REACH who="1" step="1"/><E126/><REACH who="1" ten="380,190,210,210" step="2"/><V133/><F133/><W27/><G27/><T2/><D2/><U85/><E85/><V21/><F26/><W92/><REACH who="3" step="1"/><G129/><REACH who="3" ten="380,190,210,200" step="2"/><T123/><D123/><U95/><E95/><V4/><F93/><W119/><G119/><T84/><D130/><U111/><E111/><V40/><F4/><W122/><G122/><T94/><D128/><U41/><E41/><V33/><F40/><W51/><G51/><AGARI ba="1,2" hai="8,9,49,50,51,52,58,59,60,61,66,73,79,82" machi="51" ten="40,2600,0" yaku="1,1,54,1,53,0" doraHai="42" doraHaiUra="83" who="1" fromWho="3" sc="380,0,190,49,210,0,200,-29" /><INIT seed="1,0,0,1,0,44" ten="380,239,210,171" oya="1" hai0="17,33,21,105,28,76,3,58,66,84,88,106,74" hai1="95,12,117,62,15,29,13,116,67,4,120,83,7" hai2="104,82,14,50,30,34,25,125,6,112,27,135,65" hai3="47,24,11,124,126,70,127,114,91,45,39,118,26"/><U87/><E120/><V10/><F125/><W79/><G114/><T130/><D3/><U86/><E29/><V97/><F112/><W98/><G70/><T108/><D108/><U20/><E20/><V69/><F135/><W37/><G118/><T42/><D130/><U18/><E18/><V38/><F38/><N who="3" m="14347" /><G79/><T80/><D42/><U102/><E117/><V131/><F82/><W9/><G91/><T68/><D68/><U96/><E116/><V16/><F27/><N who="3" m="10283" /><G98/><T85/><D74/><U41/><E41/><V0/><F131/><W19/><G19/><T109/><D33/><U59/><REACH who="1" step="1"/><E87/><REACH who="1" ten="380,229,210,171" step="2"/><V63/><F16/><W40/><G40/><T77/><D28/><U89/><AGARI ba="0,1" hai="4,7,12,13,15,59,62,67,83,86,89,95,96,102" machi="89" ten="30,12000,1" yaku="1,1,2,1,0,1,8,1,53,1" doraHai="44" doraHaiUra="53" who="1" fromWho="1" sc="380,-40,229,130,210,-40,171,-40" /><INIT seed="1,1,0,3,0,135" ten="340,359,170,131" oya="1" hai0="13,101,62,78,109,61,71,33,88,127,90,66,76" hai1="1,47,69,114,87,46,68,108,113,57,42,6,17" hai2="73,117,14,112,100,40,80,38,3,53,15,106,131" hai3="134,4,85,96,86,20,103,34,49,99,59,43,77"/><U130/><E17/><V133/><F117/><W8/><G34/><T118/><D118/><U81/><E130/><V9/><F53/><W89/><G134/><T63/><D33/><U7/><E1/><V83/><F83/><W56/><G20/><T98/><D109/><U25/><E25/><V97/><F133/><W0/><G77/><N who="0" m="29803" /><D127/><U29/><E29/><V52/><F131/><W91/><G43/><T2/><D2/><U95/><E81/><V41/><F112/><N who="1" m="43113" /><E87/><V64/><F64/><W48/><G0/><T128/><D128/><U94/><E42/><V111/><F41/><W110/><G110/><T28/><D71/><N who="1" m="27211" /><E57/><V65/><F3/><W132/><G132/><T126/><D126/><U21/><E21/><V54/><F111/><W37/><G37/><T45/><D66/><U10/><E10/><V115/><F65/><W19/><G19/><T107/><D107/><U60/><E60/><V70/><F115/><W104/><G104/><T120/><D28/><U129/><E108/><V35/><F70/><W105/><G105/><T30/><D30/><U50/><E50/><V93/><F106/><W72/><G8/><T31/><D31/><U24/><E24/><V58/><F35/><W36/><G36/><T55/><D63/><U44/><E129/><V26/><F26/><W5/><REACH who="3" step="1"/><G103/><REACH who="3" ten="340,359,170,121" step="2"/><T116/><D101/><U67/><E67/><V125/><F125/><W75/><AGARI ba="1,1" hai="4,5,48,49,56,59,72,75,85,86,89,91,96,99" machi="75" ten="25,8000,1" yaku="1,1,2,1,0,1,22,2,53,0" doraHai="135" doraHaiUra="123" who="3" fromWho="3" sc="340,-21,359,-41,170,-21,121,93" /><INIT seed="2,0,0,2,3,69" ten="319,318,149,214" oya="2" hai0="48,112,46,36,35,32,13,100,53,15,127,28,61" hai1="20,97,0,87,45,133,55,81,106,64,4,108,104" hai2="129,121,71,72,37,107,130,99,6,31,54,110,62" hai3="66,65,58,91,38,24,34,89,1,14,19,124,41"/><V9/><F121/><W18/><G1/><T94/><D112/><U77/><E108/><V42/><F72/><W26/><G124/><T25/><D32/><U92/><E133/><V10/><F31/><W3/><G3/><T33/><D33/><U128/><E128/><N who="2" m="49259" /><F110/><W52/><G38/><T88/><D127/><U113/><E113/><V67/><F54/><W30/><G41/><T8/><D36/><U135/><E135/><V75/><F75/><W17/><G14/><T22/><D35/><U116/><E116/><V60/><F60/><N who="3" m="35911" /><G34/><T78/><D78/><U96/><E64/><N who="3" m="24682" /><G30/><T59/><D100/><U114/><E114/><V5/><F5/><W119/><G119/><T93/><D93/><U40/><E55/><V29/><F29/><W49/><G49/><T125/><D8/><U80/><E20/><V90/><F6/><W7/><G7/><T21/><D21/><U50/><E80/><V76/><F76/><W56/><G56/><T120/><D120/><U111/><E111/><V2/><F2/><W115/><G115/><T122/><D122/><U79/><E77/><V84/><F42/><W117/><G117/><T74/><D74/><U63/><E63/><V39/><F9/><W105/><G105/><N who="1" m="40554" /><E4/><V132/><F132/><W134/><G134/><T44/><D125/><U16/><E0/><V118/><F118/><W43/><G43/><N who="0" m="24607" /><D46/><U86/><E16/><N who="3" m="4098" /><W85/><DORA hai="131" /><G91/><T12/><D12/><U57/><E57/><V102/><F10/><W103/><G103/><T98/><AGARI ba="0,0" hai="13,15,22,25,28,53,59,61,88,94,98" m="24607" machi="98" ten="30,2000,0" yaku="8,1,54,1" doraHai="69,131" who="0" fromWho="0" sc="319,20,318,-5,149,-10,214,-5" /><INIT seed="3,0,0,5,2,129" ten="339,313,139,209" oya="3" hai0="46,69,18,77,132,27,63,76,73,103,65,100,2" hai1="113,130,102,14,42,88,134,116,70,38,54,22,20" hai2="117,4,12,127,92,35,10,78,61,49,29,84,126" hai3="55,66,64,118,122,94,62,98,40,47,58,37,124"/><W112/><G118/><T32/><D2/><U86/><E134/><V0/><F117/><W43/><G122/><T101/><D132/><U110/><E113/><V80/><F61/><W125/><G112/><T83/><D77/><U36/><E116/><V67/><F67/><N who="3" m="25643" /><G94/><T108/><D108/><U93/><E110/><V17/><F49/><N who="3" m="26855" /><G98/><T45/><REACH who="0" step="1"/><D18/><REACH who="0" ten="329,313,139,209" step="2"/><U109/><E109/><V21/><REACH who="2" step="1"/><F92/><REACH who="2" ten="329,313,129,209" step="2"/><W24/><G125/><T19/><D19/><U48/><E93/><V121/><F121/><W25/><G124/><T90/><D90/><U74/><E88/><V91/><F91/><W120/><G120/><T133/><D133/><U79/><E48/><V95/><F95/><W5/><G62/><T96/><D96/><U44/><E36/><V114/><F114/><W9/><G37/><T53/><D53/><U60/><E38/><V34/><F34/><W123/><G123/><T89/><D89/><U104/><E60/><V50/><F50/><N who="3" m="31095" /><G43/><T26/><D26/><AGARI ba="0,2" hai="0,4,10,12,17,21,26,29,35,78,80,84,126,127" machi="26" ten="40,5200,0" yaku="1,1,24,2,53,0" doraHai="129" doraHaiUra="106" who="2" fromWho="0" sc="329,-52,313,0,129,72,209,0" owari="277,7.7,313,41.3,201,-29.9,209,-19.1" /></mjloggm>