<mjloggm ver="2.3"><GO type="225" lobby="0"/><UN n0="%E2%91%A3%E9%81%BF%E9%81%8A%E6%88%AF%E3%80%90%E6%9D%B1%E5%8D%97%E3%80%91" n1="%E3%81%AF%E3%82%88%E3%81%8A%E3%81%98%E3%81%95%E3%82%93" n2="%6D%75%75%6D%75%72%61" n3="%E9%80%9F%E6%B0%B4%E5%87%9B%E9%A6%99" dan="16,16,16,16" rate="2066.56,2081.90,2159.23,2125.87" sx="M,M,F,F"/><TAIKYOKU oya="0"/><INIT seed="0,0,0,1,4,66" ten="250,250,250,250" oya="0" hai0="52,10,18,79,4,83,105,55,22,25,6,101,19" hai1="87,8,44,28,11,59,75,42,15,38,67,29,109" hai2="118,45,32,117,132,33,17,104,122,119,54,91,64" hai3="2,0,1,130,99,39,61,81,43,124,46,62,3"/><T60/><D6/><U121/><E109/><V103/><F122/><W97/><N who="3" m="0" /><DORA hai="110" /><W26/><G130/><T86/><D105/><U92/><E121/><V84/><F132/><W131/><G131/><T134/><D134/><U34/><E75/><V49/><F64/><W57/><G124/><T82/><D101/><U37/><E38/><V76/><F76/><W129/><G129/><T68/><D83/><U14/><E34/><V41/><F17/><W30/><G81/><T94/><D94/><U63/><E14/><V35/><F103/><W89/><G89/><T51/><D4/><U71/><E8/><V36/><F104/><W98/><REACH who="3" step="1"/><G57/><REACH who="3" ten="250,250,250,240" step="2"/><T93/><D82/><U65/><E59/><N who="2" m="33231" /><F35/><AGARI ba="0,1" hai="26,30,35,39,43,46,61,62,97,98,99" m="0" machi="35" ten="70,2300,0" yaku="1,1,53,0" doraHai="66,110" doraHaiUra="74,128" who="3" fromWho="2" sc="250,0,250,0,250,-23,240,33" /><INIT seed="1,0,0,0,5,21" ten="250,250,227,273" oya="1" hai0="92,120,79,114,8,22,39,60,85,96,118,57,36" hai1="115,123,88,74,95,18,63,24,66,25,103,29,46" hai2="112,44,56,62,127,38,59,75,101,71,82,113,23" hai3="33,126,111,52,73,28,100,61,98,45,64,108,31"/><U15/><E115/><V17/><F127/><W80/><G80/><T69/><D114/><N who="2" m="44138" /><F101/><W1/><G1/><T83/><D69/><U30/><E123/><V122/><F122/><W53/><G73/><T27/><D8/><U68/><E74/><V70/><F38/><W86/><G86/><T125/><D125/><U4/><E103/><V132/><F44/><W97/><G97/><T65/><D120/><U54/><E4/><V90/><F132/><W48/><G53/><T117/><D39/><U2/><E2/><V76/><F90/><W14/><G14/><T104/><D36/><U20/><E54/><N who="2" m="34071" /><F59/><W37/><G37/><T107/><D117/><U133/><E46/><V0/><F0/><W6/><G6/><T41/><D41/><U26/><REACH who="1" step="1"/><E133/><REACH who="1" ten="250,240,227,273" step="2"/><V89/><F89/><W106/><G126/><T7/><D7/><U87/><AGARI ba="0,1" hai="15,18,20,24,25,26,29,30,63,66,68,87,88,95" machi="87" ten="30,18000,2" yaku="1,1,2,1,0,1,52,3,54,1,53,0" doraHai="21" doraHaiUra="129" who="1" fromWho="1" sc="250,-60,240,190,227,-60,273,-60" /><INIT seed="1,1,0,4,4,106" ten="190,430,167,213" oya="1" hai0="36,73,75,121,64,100,32,28,30,51,21,46,120" hai1="22,60,11,107,7,91,93,15,126,79,37,39,19" hai2="63,33,130,50,71,47,18,9,110,58,5,14,99" hai3="6,77,109,45,84,81,10,119,83,92,31,86,111"/><U80/><E107/><V104/><F110/><W34/><G119/><T2/><D36/><U94/><E126/><V133/><F130/><W78/><G92/><T118/><D118/><U55/><E55/><V87/><F133/><W123/><G123/><N who="0" m="47179" /><D32/><U69/><E60/><V24/><F71/><W57/><G57/><T0/><D64/><U103/><E103/><V74/><F87/><W98/><G98/><T54/><D100/><U38/><E69/><V56/><F74/><N who="0" m="28170" /><D21/><U88/><E79/><V12/><F104/><W122/><G122/><T52/><D54/><U43/><E43/><V13/><F99/><W125/><G125/><T113/><D113/><U101/><E101/><V17/><F33/><W62/><G34/><T59/><D59/><U108/><E108/><V66/><F58/><W129/><G129/><T95/><D95/><U23/><E23/><N who="2" m="13423" /><F18/><W3/><G31/><AGARI ba="1,0" hai="0,2,28,30,31,46,51,52" m="28170,47179" machi="31" ten="30,8000,1" yaku="13,1,52,3,54,1" doraHai="106" who="0" fromWho="3" sc="190,83,430,0,167,0,213,-83" /><INIT seed="2,0,0,5,2,33" ten="273,430,167,130" oya="2" hai0="95,14,66,54,34,23,84,27,135,127,65,56,25" hai1="46,83,112,77,88,0,20,40,87,70,103,12,122" hai2="1,94,111,5,114,92,90,15,104,118,60,6,36" hai3="115,8,39,131,68,76,81,48,101,64,37,35,49"/><V96/><F114/><W74/><G35/><T120/><D120/><U67/><E0/><V93/><F118/><W109/><G115/><T119/><D119/><U130/><E112/><V31/><F36/><W61/><G109/><T2/><D2/><U128/><E122/><V97/><F111/><W107/><G131/><N who="1" m="50218" /><E103/><V10/><F31/><W9/><G49/><T63/><D34/><U121/><E121/><V42/><F42/><W7/><G8/><T26/><D135/><U28/><E67/><V123/><F123/><W53/><G53/><T24/><D127/><U21/><E70/><V22/><F60/><W47/><G48/><T4/><D4/><U19/><E77/><V117/><F117/><W80/><G47/><T106/><D106/><U86/><E86/><V11/><REACH who="2" step="1"/><F22/><REACH who="2" ten="273,430,157,130" step="2"/><W44/><G44/><T98/><D23/><N who="1" m="11751" /><E28/><V89/><F89/><W99/><REACH who="3" step="1"/><G80/><REACH who="3" ten="273,430,157,120" step="2"/><T43/><D43/><U108/><E108/><V58/><F58/><W73/><G73/><T72/><D56/><U91/><E91/><V134/><F134/><W116/><G116/><T51/><D72/><U3/><E20/><V71/><F71/><W38/><G38/><T52/><D63/><U129/><E21/><V124/><F124/><W32/><G32/><T50/><D50/><N who="1" m="26951" /><E129/><V82/><F82/><W57/><G57/><T105/><D51/><U18/><E88/><V13/><F13/><AGARI ba="0,2" hai="7,9,13,37,39,61,64,68,74,76,81,99,101,107" machi="13" ten="30,2000,0" yaku="1,1,7,1,53,0" doraHai="33" doraHaiUra="17" who="3" fromWho="2" sc="273,0,430,0,157,-20,120,40" /><INIT seed="3,0,0,5,2,60" ten="273,430,137,160" oya="3" hai0="114,23,14,103,10,9,80,92,122,127,11,135,73" hai1="44,1,41,133,15,48,115,7,38,52,49,96,63" hai2="131,20,66,50,27,126,86,116,83,109,46,16,24" hai3="101,13,87,21,29,51,71,110,85,113,76,37,130"/><W19/><G37/><T53/><D122/><U128/><E115/><V39/><F116/><W90/><G113/><T69/><D114/><U104/><E1/><V112/><F112/><W68/><G130/><T111/><D69/><U22/><E128/><V58/><F131/><W91/><G110/><T98/><D111/><U74/><E74/><V129/><F109/><W32/><G101/><T125/><D135/><U82/><E133/><V31/><F129/><W62/><G76/><N who="0" m="44047" /><D53/><U106/><E82/><V18/><F39/><W81/><G51/><T77/><D23/><U64/><E96/><V67/><F126/><N who="0" m="48138" /><D77/><U108/><E48/><V70/><F70/><W79/><G79/><T36/><D36/><U132/><E132/><V25/><F58/><W30/><G32/><T56/><D56/><N who="1" m="32783" /><E108/><V89/><F27/><W28/><REACH who="3" step="1"/><G62/><REACH who="3" ten="273,430,137,150" step="2"/><T95/><D103/><U59/><E63/><V35/><F18/><W45/><G45/><T88/><D92/><AGARI ba="0,1" hai="13,19,21,28,29,30,68,71,81,85,87,90,91,92" machi="92" ten="40,2000,0" yaku="1,1,53,0" doraHai="60" doraHaiUra="99" who="3" fromWho="0" sc="273,-20,430,0,137,0,150,30" /><INIT seed="3,1,0,2,4,52" ten="253,430,137,180" oya="3" hai0="104,20,97,71,56,54,111,5,8,127,133,38,33" hai1="132,21,68,134,29,109,39,115,72,35,1,103,41" hai2="91,113,89,4,16,102,76,73,51,117,50,7,78" hai3="74,31,6,75,12,81,25,83,70,105,2,24,17"/><W14/><G70/><T135/><D71/><U40/><E1/><V95/><F113/><W94/><G105/><T34/><D38/><U58/><E68/><V118/><F102/><W11/><G94/><T45/><D45/><U125/><E115/><V96/><F73/><W86/><G81/><T43/><D43/><U0/><E0/><V131/><F95/><W121/><G14/><T60/><D20/><U123/><E123/><V59/><F131/><W82/><G82/><T49/><D49/><U119/><E35/><V122/><F96/><W32/><G25/><T64/><D54/><U9/><E72/><V90/><F90/><W108/><G108/><T13/><D111/><U10/><E39/><V30/><F30/><W124/><G124/><T47/><D47/><U99/><E119/><V65/><F65/><W120/><G120/><T114/><D114/><U23/><E125/><V98/><F98/><W116/><G116/><T18/><D5/><U112/><E112/><V44/><F44/><W126/><G126/><T84/><D84/><U55/><E109/><V48/><F48/><W128/><G128/><T46/><D46/><U61/><E40/><V69/><F69/><W42/><G121/><T26/><D26/><U106/><E41/><V3/><F122/><W67/><G67/><T110/><D110/><U92/><E106/><V129/><F129/><W66/><G66/><T53/><D64/><U93/><E92/><V100/><F3/><W77/><G42/><T80/><D127/><U62/><E93/><V22/><F100/><W88/><G74/><T63/><D104/><RYUUKYOKU ba="1,0" sc="253,0,430,0,137,0,180,0" owari="253,5.3,430,53.0,137,-36.3,180,-22.0" /></mjloggm>