<mjloggm ver="2.3"><GO type="225" lobby="0"/><UN n0="%72%69%6F%75%63%68%61%6E" n1="%61%69%73%79%6F" n2="%E3%81%A9%E3%82%8F%E3%82%93%E3%81%94" n3="%E3%83%88%E3%83%A9%E3%83%9E%E3%83%AB" dan="16,17,16,16" rate="2182.39,2242.05,2114.07,2105.74" sx="M,M,M,M"/><TAIKYOKU oya="0"/><INIT seed="0,0,0,1,1,14" ten="250,250,250,250" oya="0" hai0="30,105,39,127,107,62,5,25,18,125,71,42,53" hai1="92,32,123,76,75,54,69,114,121,21,87,51,73" hai2="23,16,116,4,37,56,94,52,13,22,132,128,83" hai3="96,46,88,38,110,3,60,64,31,63,109,12,106"/><T103/><D5/><U85/><E69/><V55/><F132/><W81/><G3/><T24/><D18/><U79/><E32/><V44/><F128/><W40/><G31/><T1/><D1/><U84/><E21/><V126/><F126/><N who="0" m="48138" /><D103/><U43/><E51/><N who="2" m="28775" /><F37/><W36/><G36/><T98/><D98/><U72/><E54/><V29/><F116/><W89/><G106/><N who="0" m="40459" /><D53/><U34/><E43/><V97/><F83/><W115/><G115/><T58/><D71/><U80/><E34/><V120/><F120/><N who="1" m="46153" /><E114/><V15/><F4/><W112/><G63/><T86/><D86/><N who="1" m="33387" /><E92/><V108/><F108/><N who="3" m="41579" /><G81/><AGARI ba="0,0" hai="72,73,75,76,79,80,81,87" m="33387,46153" machi="81" ten="30,2000,0" yaku="34,2" doraHai="14" who="1" fromWho="3" sc="250,0,250,20,250,0,250,-20" /><INIT seed="1,0,0,4,0,112" ten="250,270,250,230" oya="1" hai0="33,20,83,11,96,135,57,77,103,120,99,27,24" hai1="34,19,131,25,88,23,92,44,128,95,29,47,127" hai2="13,101,122,0,97,43,30,53,76,6,22,100,74" hai3="117,55,75,64,123,109,82,65,59,35,49,125,18"/><U31/><E127/><V73/><F122/><W14/><G123/><T111/><D111/><U9/><E9/><V134/><F134/><W72/><G35/><T16/><D135/><U91/><E34/><V41/><F0/><W102/><G125/><T121/><D57/><U60/><E60/><V46/><F53/><W39/><G39/><T79/><D79/><U4/><E4/><V116/><F116/><W67/><G109/><T2/><D96/><U52/><E52/><V119/><F119/><W124/><G124/><T106/><D2/><U84/><E131/><V1/><F43/><W130/><G130/><T68/><D68/><U94/><E94/><V12/><F12/><W118/><G102/><T36/><D36/><U10/><E128/><V133/><F133/><W70/><G70/><T66/><D66/><U38/><E38/><V114/><F114/><W93/><G93/><T98/><D11/><U104/><E104/><V37/><F73/><W26/><G26/><T61/><D61/><U108/><E108/><V126/><F97/><W115/><G115/><T50/><D50/><U86/><E10/><N who="2" m="2383" /><F126/><W3/><G3/><T32/><D99/><U28/><AGARI ba="0,0" hai="19,23,25,28,29,31,44,47,84,86,88,91,92,95" machi="28" ten="30,11700,0" yaku="0,1,9,1,8,1,54,1" doraHai="112" who="1" fromWho="1" sc="250,-39,270,117,250,-39,230,-39" /><INIT seed="1,1,0,3,4,54" ten="211,387,211,191" oya="1" hai0="8,4,27,61,103,121,23,48,92,132,73,107,64" hai1="105,79,123,101,29,35,66,5,46,104,34,14,38" hai2="63,90,50,135,28,115,10,43,128,45,87,130,99" hai3="91,40,6,70,12,116,57,51,118,94,53,117,33"/><U26/><E123/><V72/><F72/><W67/><G33/><T109/><D109/><U62/><E35/><V88/><F135/><W3/><G3/><T80/><D132/><U131/><E131/><N who="2" m="50219" /><F115/><W9/><G40/><T15/><D121/><U120/><E120/><V56/><F28/><W65/><REACH who="3" step="1"/><G70/><REACH who="3" ten="211,387,211,181" step="2"/><T93/><D107/><U100/><E104/><V32/><F32/><W52/><G52/><T98/><D92/><U17/><E105/><V111/><F111/><W77/><G77/><T85/><D73/><U127/><E79/><V114/><F114/><W68/><G68/><T125/><D125/><U96/><E127/><V58/><F99/><AGARI ba="1,1" hai="6,9,12,51,53,57,65,67,91,94,99,116,117,118" machi="99" ten="40,5200,0" yaku="1,1,12,1,52,1,53,0" doraHai="54" doraHaiUra="122" who="3" fromWho="2" sc="211,0,387,0,211,-55,181,65" /><INIT seed="2,0,0,0,5,80" ten="211,387,156,246" oya="2" hai0="46,45,20,49,28,66,105,25,78,117,134,82,124" hai1="107,6,116,70,113,3,106,23,8,24,13,38,18" hai2="97,22,12,31,48,101,76,109,135,65,86,1,114" hai3="120,81,61,88,121,43,89,0,54,26,111,103,126"/><V72/><F72/><W129/><G0/><T44/><D124/><U57/><E113/><V16/><F1/><W62/><G126/><T51/><D134/><U7/><E70/><V19/><F135/><W4/><G4/><T58/><D105/><U50/><E38/><V92/><F114/><W74/><G103/><T130/><D130/><U47/><E116/><V42/><F109/><W87/><G43/><T10/><D117/><U29/><E57/><V69/><F69/><W93/><G111/><T108/><D108/><U119/><E7/><V96/><F65/><W125/><G125/><T84/><REACH who="0" step="1"/><D10/><REACH who="0" ten="201,387,156,246" step="2"/><U30/><E119/><V11/><F31/><W100/><G129/><T41/><D41/><N who="1" m="24943" /><E29/><V73/><F73/><W52/><G121/><T55/><D55/><U34/><AGARI ba="0,1" hai="3,6,8,13,18,23,24,30,34,106,107" m="24943" machi="34" ten="30,1100,0" yaku="24,1" doraHai="80" who="1" fromWho="1" sc="201,-3,387,21,156,-5,246,-3" /><INIT seed="3,0,0,5,4,21" ten="198,408,151,243" oya="3" hai0="57,6,104,119,89,4,22,101,50,117,74,80,98" hai1="48,110,51,1,95,24,49,132,38,5,54,40,67" hai2="77,134,65,97,14,109,113,83,78,90,7,25,39" hai3="55,70,92,116,105,94,9,87,100,36,33,121,118"/><W135/><G121/><T2/><D2/><U71/><E1/><V128/><F109/><W16/><G105/><T8/><D22/><U82/><E5/><V107/><F134/><W63/><G36/><T91/><D4/><U124/><E110/><V37/><F128/><W66/><G135/><T62/><D50/><U84/><E124/><V59/><F113/><W56/><G33/><T76/><D89/><U123/><E123/><V64/><F107/><W60/><G94/><T93/><D8/><U122/><E95/><V29/><F39/><W133/><G133/><T42/><D42/><U130/><E130/><V30/><F37/><W27/><G9/><T99/><REACH who="0" step="1"/><D6/><REACH who="0" ten="188,408,151,243" step="2"/><U17/><E49/><V72/><F78/><W58/><G100/><T34/><D34/><U125/><E51/><V0/><F0/><W112/><G112/><T103/><D103/><U102/><E102/><V44/><F44/><W75/><G118/><T26/><D26/><U85/><E24/><V115/><F115/><W20/><G116/><T108/><D108/><U11/><E48/><V131/><F131/><W126/><G126/><T35/><D35/><U19/><E125/><V79/><F79/><W127/><G127/><T96/><D96/><U69/><E40/><V106/><F106/><W15/><G27/><T31/><D31/><U47/><E132/><V23/><F30/><W88/><REACH who="3" step="1"/><G75/><REACH who="3" ten="188,408,151,233" step="2"/><T81/><D81/><U129/><E82/><V13/><F72/><W12/><G12/><T68/><D68/><AGARI ba="0,2" hai="15,16,20,55,56,58,60,63,66,68,70,87,88,92" machi="68" ten="40,12000,1" yaku="1,1,54,2,53,1" doraHai="21" doraHaiUra="18" who="3" fromWho="0" sc="188,-120,408,0,151,0,233,140" /><INIT seed="3,1,0,5,0,135" ten="68,408,151,373" oya="3" hai0="38,122,46,130,9,125,81,88,75,56,44,101,6" hai1="61,13,134,80,52,78,32,25,66,96,117,43,128" hai2="47,17,99,60,120,71,3,30,108,111,119,23,118" hai3="57,76,84,133,129,113,93,36,65,74,110,2,5"/><W35/><G113/><T123/><D130/><U107/><E128/><V49/><F3/><W72/><G129/><T31/><D101/><N who="1" m="62887" /><E43/><V100/><F30/><W19/><G35/><T94/><D31/><N who="1" m="19567" /><E52/><N who="2" m="29759" /><F120/><W28/><G28/><T82/><D56/><U14/><E117/><V62/><F71/><W104/><G104/><T21/><D21/><U54/><E54/><V121/><F121/><W83/><G36/><T68/><D68/><N who="1" m="42063" /><E134/><V42/><F42/><W95/><G133/><T63/><D63/><U73/><AGARI ba="1,0" hai="13,14,73,78,80" m="42063,19567,62887" machi="73" ten="30,1100,0" yaku="25,1" doraHai="135" who="1" fromWho="1" sc="68,-4,408,14,151,-4,373,-6" owari="64,-43.6,422,52.2,147,-25.3,367,16.7" /></mjloggm>