<mjloggm ver="2.3"><GO type="225" lobby="0"/><UN n0="%E5%91%A8%E6%9D%B1" n1="%E9%BB%99%E8%81%B4%E3%81%AE%E3%81%99%E3%82%9D%E3%82%81" n2="%72%69%6F%75%63%68%61%6E" n3="%E3%80%90%E3%83%88%E3%83%AA%E3%83%A5%E3%83%95%E3%80%91" dan="17,16,16,16" rate="2115.44,2156.66,2201.39,2110.12" sx="M,M,M,M"/><TAIKYOKU oya="0"/><INIT seed="0,0,0,2,4,37" ten="250,250,250,250" oya="0" hai0="59,134,42,80,34,25,92,32,24,83,49,129,9" hai1="73,113,110,41,108,124,39,67,17,57,96,35,43" hai2="99,75,2,78,19,116,64,6,31,15,65,89,45" hai3="105,5,133,90,131,40,103,130,101,120,135,47,66"/><T38/><D134/><N who="3" m="51209" /><G5/><T125/><D125/><U121/><E121/><V127/><F127/><W119/><G119/><T87/><D129/><N who="3" m="49161" /><G66/><T77/><D38/><U132/><E132/><V68/><F116/><W0/><G0/><T12/><D34/><U63/><E124/><V117/><F117/><W91/><G120/><T86/><D92/><U28/><E73/><V72/><F31/><W48/><G105/><T16/><D32/><U54/><E28/><V58/><F68/><W93/><G91/><N who="0" m="51655" /><D59/><N who="1" m="37375" /><E35/><V104/><F6/><W112/><G112/><T13/><D12/><U11/><E39/><V7/><F7/><W4/><G4/><T111/><D111/><N who="1" m="42539" /><E96/><AGARI ba="0,0" hai="40,47,48,90,93,96,101,103" m="49161,51209" machi="96" ten="30,3900,0" yaku="20,1,19,1,52,1" doraHai="37" who="3" fromWho="1" sc="250,0,250,-39,250,0,250,39" /><INIT seed="1,0,0,1,5,17" ten="250,211,250,289" oya="1" hai0="131,88,97,79,47,117,21,104,120,59,26,76,78" hai1="123,109,93,70,30,5,125,56,115,116,127,106,119" hai2="28,101,31,68,122,20,54,45,49,19,73,52,112" hai3="33,62,118,128,94,132,89,40,0,77,110,121,100"/><U83/><E70/><V38/><F122/><W126/><G62/><T103/><D117/><N who="1" m="45131" /><E56/><V12/><F73/><W15/><G15/><T42/><D120/><U135/><E30/><V92/><F112/><W10/><G10/><T107/><D131/><U96/><E5/><V130/><F130/><W22/><G94/><T98/><D59/><U74/><E123/><V36/><F68/><W58/><G58/><T113/><D113/><U66/><E66/><V81/><F81/><W48/><G48/><T1/><D1/><U80/><E115/><V23/><F38/><W35/><G35/><T85/><D107/><U2/><E2/><V9/><F36/><W133/><G40/><T99/><D104/><U4/><E4/><V65/><F65/><W51/><G51/><N who="0" m="27127" /><D103/><N who="1" m="62823" /><E74/><V41/><F28/><W91/><G0/><T86/><D86/><U63/><E63/><V111/><F111/><W13/><G110/><T108/><D108/><U75/><E109/><V25/><F9/><W71/><G71/><T67/><D67/><U3/><E3/><V39/><F39/><W64/><G64/><T18/><D99/><AGARI ba="0,0" hai="12,19,20,23,25,31,41,45,49,52,54,92,99,101" machi="99" ten="40,8000,1" yaku="8,1,52,2,54,1" doraHai="17" who="2" fromWho="0" sc="250,-80,211,0,250,80,289,0" /><INIT seed="2,0,0,0,1,12" ten="170,211,330,289" oya="2" hai0="100,57,126,132,13,134,52,17,80,111,18,65,122" hai1="94,123,51,88,32,27,19,62,33,39,45,72,121" hai2="24,90,8,86,135,16,9,36,11,61,112,83,15" hai3="56,114,84,37,81,44,43,124,106,1,98,130,10"/><V116/><F112/><W46/><G130/><T75/><D122/><N who="1" m="46603" /><E39/><V42/><F116/><W14/><G124/><T89/><D126/><U102/><E102/><V87/><F135/><N who="0" m="51754" /><D111/><U125/><E72/><V99/><F36/><W103/><G1/><T76/><D100/><U77/><E77/><N who="2" m="46447" /><F42/><W70/><G114/><T6/><D65/><U92/><E92/><N who="2" m="56727" /><F61/><W69/><G46/><T34/><D34/><U31/><E62/><V58/><F58/><W49/><G56/><T91/><D89/><U131/><E131/><V47/><F47/><W73/><G37/><T118/><D91/><U71/><E71/><V108/><F108/><W109/><G109/><T40/><D40/><N who="1" m="24999" /><E125/><V59/><F59/><W127/><G127/><T48/><D118/><U95/><E95/><V38/><F38/><W66/><G66/><T101/><D101/><U22/><E31/><V2/><F2/><W120/><G120/><T5/><D5/><U119/><E119/><V20/><F87/><AGARI ba="0,0" hai="19,22,27,32,33,87,88,94" m="24999,46603" machi="87" ten="30,3900,0" yaku="13,1,52,1,54,1" doraHai="12" who="1" fromWho="2" sc="170,0,211,39,330,-39,289,0" /><INIT seed="3,0,0,5,2,29" ten="170,250,291,289" oya="3" hai0="127,46,119,19,60,112,40,124,67,35,7,21,62" hai1="120,118,99,81,90,79,103,20,55,27,80,72,89" hai2="122,95,41,83,63,17,75,33,128,85,15,5,30" hai3="42,101,16,24,66,10,38,54,134,22,12,132,126"/><W110/><G110/><T65/><D7/><U59/><E80/><V6/><F75/><W135/><G66/><N who="0" m="25099" /><D35/><U70/><E70/><V49/><F128/><W100/><G54/><T73/><D73/><U25/><E120/><V50/><F122/><W97/><G126/><N who="0" m="48171" /><D119/><U1/><E1/><V133/><F133/><W64/><G64/><T45/><D112/><U96/><E118/><V18/><F63/><N who="0" m="24106" /><D21/><U109/><E109/><V69/><F69/><W32/><G32/><T39/><D19/><U71/><E71/><V56/><F95/><W52/><G97/><T129/><D46/><U82/><E82/><V117/><F117/><W78/><G78/><T3/><D3/><U51/><E99/><V77/><F33/><W44/><G100/><T14/><D14/><U111/><E111/><V53/><F30/><N who="3" m="17687" /><G101/><T57/><D57/><U61/><E25/><V0/><F0/><W94/><G94/><T115/><D115/><U93/><E103/><V91/><F77/><W48/><G44/><T2/><D2/><U37/><E90/><V86/><F86/><W23/><G23/><T102/><D102/><U36/><E20/><N who="2" m="11327" /><F18/><W11/><G11/><T121/><D121/><U105/><E105/><V87/><F85/><W43/><G135/><T106/><D106/><U113/><E113/><V8/><F8/><W74/><G74/><T84/><D84/><U47/><E27/><V58/><F56/><N who="3" m="32775" /><G134/><T88/><D88/><U114/><E114/><V104/><F104/><W28/><G132/><T31/><D31/><U68/><E68/><V26/><F26/><W116/><G116/><RYUUKYOKU ba="0,0" sc="170,10,250,10,291,10,289,-30" hai0="39,40,45,129" hai1="36,37,47,51,55,59,61,72,79,81,89,93,96" hai2="5,6,41,49,50,53,58,83,87,91" owari="180,-32.0,260,6.0,301,40.1,259,-14.1" /></mjloggm>