<mjloggm ver="2.3"><GO type="225" lobby="0"/><UN n0="%73%69%72%6F%75%74" n1="%E3%81%9F%E3%81%8C%E3%82%84%E3%81%99" n2="%72%69%6F%75%63%68%61%6E" n3="%43%68%65" dan="16,16,17,16" rate="2040.26,2103.57,2252.80,2154.17" sx="M,M,M,M"/><TAIKYOKU oya="0"/><INIT seed="0,0,0,0,4,113" ten="250,250,250,250" oya="0" hai0="4,24,78,57,20,60,56,115,25,1,65,91,31" hai1="87,118,34,19,71,63,22,8,76,27,53,74,100" hai2="73,43,48,3,41,35,70,127,72,96,132,81,5" hai3="120,88,59,33,37,7,134,13,77,92,93,82,50"/><T11/><D115/><U69/><E74/><V6/><F70/><W108/><G37/><T32/><D78/><U129/><E34/><V112/><F112/><W124/><G33/><T135/><D135/><U97/><E129/><V10/><F35/><W105/><G105/><T119/><D91/><U46/><E8/><V68/><F68/><W40/><G134/><T131/><D131/><U130/><E130/><V106/><F132/><W109/><G124/><T47/><D47/><U79/><E69/><V58/><F127/><W80/><G120/><T21/><D119/><U17/><E118/><V89/><F6/><W2/><G2/><T49/><D49/><U126/><E126/><V39/><F39/><W9/><G82/><T123/><D123/><U125/><E125/><V83/><F81/><W111/><G88/><T75/><D75/><U23/><E87/><V51/><F51/><W52/><REACH who="3" step="1"/><G40/><REACH who="3" ten="250,250,250,240" step="2"/><T16/><D32/><U133/><E133/><V26/><F41/><W30/><G30/><T110/><D110/><U85/><E79/><V61/><F106/><W12/><G12/><T28/><D28/><U67/><E100/><V101/><F101/><W122/><G122/><T107/><D107/><U18/><E97/><V42/><F42/><W121/><G121/><T62/><REACH who="0" step="1"/><D65/><REACH who="0" ten="240,250,250,240" step="2"/><U38/><E38/><V55/><F89/><W45/><G45/><T102/><D102/><U94/><E76/><V114/><F114/><W117/><G117/><T98/><D98/><U64/><E64/><V14/><F96/><W36/><G36/><T103/><D103/><U116/><E116/><RYUUKYOKU ba="0,2" sc="240,15,250,-15,250,-15,240,15" hai0="1,4,11,16,20,21,24,25,31,56,57,60,62" hai3="7,9,13,50,52,59,77,80,92,93,108,109,111" /><INIT seed="0,1,2,4,1,87" ten="255,235,235,255" oya="0" hai0="39,134,12,65,109,52,8,32,46,7,21,133,56" hai1="43,42,57,90,132,131,23,59,129,122,96,118,108" hai2="124,16,50,13,83,68,22,40,114,80,101,33,130" hai3="63,3,75,91,27,78,98,112,17,31,25,97,4"/><T28/><D32/><U88/><E23/><V121/><F121/><W86/><G112/><T24/><D109/><U38/><E122/><V15/><F114/><W36/><G36/><T77/><D77/><U128/><E118/><V18/><F124/><W19/><G78/><T79/><D79/><U45/><E108/><V125/><F125/><W126/><G75/><T82/><D82/><U1/><E1/><V110/><F110/><W104/><G126/><T48/><REACH who="0" step="1"/><D65/><REACH who="0" ten="245,235,235,255" step="2"/><U10/><E132/><V111/><F111/><W51/><G104/><T67/><D67/><U115/><E115/><V113/><F33/><W76/><G76/><T44/><D44/><N who="1" m="23639" /><E10/><V120/><F113/><W73/><G73/><T66/><D66/><U70/><E70/><V106/><F68/><W100/><G98/><T0/><D0/><U49/><E96/><V92/><F120/><W58/><G3/><T62/><D62/><U72/><E72/><V74/><F74/><W127/><G63/><T95/><D95/><U11/><E11/><N who="2" m="6207" /><F106/><W102/><G127/><T69/><D69/><U71/><E71/><V53/><F83/><W30/><G97/><T2/><D2/><U20/><E20/><V116/><F80/><W103/><G103/><T81/><D81/><U47/><E47/><N who="2" m="25959" /><F101/><W61/><G102/><T105/><D105/><U84/><E84/><V14/><F92/><W85/><G100/><T117/><D117/><U135/><E135/><V35/><F116/><W64/><G86/><T6/><D6/><U34/><E34/><V107/><F107/><W89/><G4/><T119/><D119/><RYUUKYOKU ba="1,3" sc="245,15,235,15,235,-15,255,-15" hai0="7,8,12,21,24,28,39,46,48,52,56,133,134" hai1="43,45,49,57,59,88,90,128,129,131" /><INIT seed="0,2,3,2,5,25" ten="260,250,220,240" oya="0" hai0="120,75,27,87,103,44,45,126,91,46,34,96,115" hai1="23,15,10,104,70,30,16,131,83,2,14,39,61" hai2="89,95,67,37,1,93,54,12,109,94,66,108,24" hai3="41,69,32,36,56,68,79,13,28,97,133,58,125"/><T100/><D115/><U84/><E39/><V5/><F1/><W21/><G79/><T53/><D120/><U4/><E104/><V22/><F37/><W3/><G3/><T114/><D75/><U60/><E131/><V132/><F132/><W20/><G32/><T62/><D114/><U129/><E129/><V92/><F54/><W121/><G97/><T50/><D126/><U57/><E70/><V49/><F49/><W43/><G13/><T86/><D62/><U82/><E61/><V101/><F101/><N who="0" m="38986" /><D34/><U38/><E38/><V52/><F52/><W63/><G36/><T73/><D73/><U80/><E2/><V17/><F5/><W64/><G63/><T42/><D27/><U123/><E123/><V74/><F74/><W134/><G121/><T7/><D7/><U98/><E98/><V35/><F35/><W55/><G55/><T107/><D107/><U76/><REACH who="1" step="1"/><E30/><REACH who="1" ten="260,240,220,240" step="2"/><N who="2" m="17687" /><F109/><W119/><G28/><T33/><D96/><U65/><AGARI ba="2,4" hai="4,10,14,15,16,23,57,60,65,76,80,82,83,84" machi="65" ten="20,8000,1" yaku="1,1,0,1,7,1,8,1,54,1,53,0" doraHai="25" doraHaiUra="85" who="1" fromWho="1" sc="260,-42,240,126,220,-22,240,-22" /><INIT seed="1,0,0,1,1,18" ten="218,366,198,218" oya="1" hai0="26,14,131,32,19,66,48,56,98,82,77,133,6" hai1="105,127,73,25,85,11,86,27,58,74,59,106,9" hai2="62,40,57,99,51,88,60,129,28,101,44,114,110" hai3="20,17,130,41,46,22,12,45,78,97,112,126,115"/><U107/><REACH who="1" step="1"/><E107/><REACH who="1" ten="218,356,198,218" step="2"/><V76/><F114/><W92/><G115/><T30/><D133/><U135/><E135/><V37/><F129/><W75/><G130/><T24/><D131/><U70/><E70/><V31/><F110/><W116/><G112/><T111/><D111/><U36/><E36/><V4/><F76/><W67/><G78/><T68/><D68/><U71/><E71/><V1/><F37/><W103/><G116/><T52/><D77/><U35/><E35/><V10/><F88/><W81/><G126/><AGARI ba="0,1" hai="9,11,25,27,58,59,73,74,85,86,105,106,126,127" machi="126" ten="25,9600,0" yaku="21,2,22,2,53,0" doraHai="18" doraHaiUra="128" who="1" fromWho="3" sc="218,0,356,106,198,0,218,-96" /><INIT seed="1,1,0,0,3,39" ten="218,462,198,122" oya="1" hai0="71,134,78,4,108,83,46,98,31,99,58,62,79" hai1="3,60,100,132,106,107,43,104,11,81,10,75,40" hai2="76,34,35,18,95,32,101,68,1,9,133,113,29" hai3="69,135,6,13,123,102,23,89,36,14,37,48,70"/><U28/><E28/><V55/><F68/><W56/><G123/><T130/><D71/><U44/><E132/><V47/><F133/><W30/><G135/><T80/><D108/><U52/><E100/><V65/><F65/><W85/><G102/><T41/><D31/><U88/><E75/><V17/><F113/><W16/><G30/><T5/><D130/><U64/><E3/><V22/><F76/><N who="0" m="29226" /><D134/><U57/><E10/><V117/><F117/><W121/><G121/><T26/><D26/><U72/><E11/><V129/><F129/><W59/><G70/><T8/><D8/><U131/><E131/><V127/><F127/><W120/><G69/><T33/><D33/><N who="2" m="12906" /><F95/><W93/><G120/><T7/><D83/><U110/><E110/><V54/><F101/><W38/><REACH who="3" step="1"/><G48/><REACH who="3" ten="218,462,198,112" step="2"/><N who="0" m="26703" /><D80/><U61/><E81/><V115/><F115/><W111/><G111/><T73/><D73/><U67/><E72/><V66/><F29/><W49/><G49/><T118/><D118/><U77/><E107/><V51/><F51/><W87/><G87/><T103/><D103/><U97/><E106/><V91/><F35/><W25/><G25/><T74/><D74/><U96/><E104/><V114/><F114/><W19/><G19/><T53/><AGARI ba="1,1" hai="4,5,7,53,58,62,98,99" m="26703,29226" machi="53" ten="30,2000,0" yaku="8,1,52,1" doraHai="39" who="0" fromWho="0" sc="218,33,462,-11,198,-6,112,-6" /><INIT seed="2,0,0,1,0,53" ten="251,451,192,106" oya="2" hai0="128,104,94,75,52,85,84,72,55,0,114,21,30" hai1="99,34,36,64,78,38,96,32,81,39,125,9,29" hai2="119,122,93,71,61,25,31,27,42,112,5,19,37" hai3="33,91,74,113,8,23,120,130,51,70,35,103,69"/><V50/><F112/><W83/><G120/><T105/><D0/><U40/><E64/><V121/><F119/><W54/><G113/><T131/><D114/><U88/><E40/><V14/><F37/><W133/><G103/><T1/><D1/><U97/><E9/><V57/><F5/><W116/><G116/><T60/><D30/><U129/><E129/><V17/><F71/><W107/><G107/><T101/><D21/><U45/><E45/><N who="2" m="25911" /><F122/><W58/><G130/><T11/><D11/><U86/><E125/><V63/><F121/><W20/><G133/><T73/><D94/><U100/><E100/><V132/><F132/><W68/><G8/><T90/><D101/><U2/><E2/><V102/><F31/><W115/><G115/><T79/><D73/><U92/><REACH who="1" step="1"/><E29/><REACH who="1" ten="251,441,192,106" step="2"/><V111/><F111/><W49/><G70/><T135/><D131/><U7/><E7/><V127/><F127/><W10/><G69/><T106/><D128/><U67/><E67/><N who="2" m="39343" /><F17/><W48/><G68/><T6/><D135/><U98/><AGARI ba="0,1" hai="32,34,36,38,39,78,81,86,88,92,96,97,98,99" machi="98" ten="40,5200,0" yaku="1,1,0,1,54,1,53,0" doraHai="53" doraHaiUra="47" who="1" fromWho="1" sc="251,-13,441,62,192,-26,106,-13" /><INIT seed="3,0,0,1,4,83" ten="238,503,166,93" oya="3" hai0="122,84,13,36,99,127,82,115,134,25,90,100,53" hai1="55,75,8,50,81,130,113,9,26,112,27,70,43" hai2="87,132,16,30,135,0,38,58,89,94,93,128,46" hai3="18,73,133,65,28,34,17,119,107,54,101,71,121"/><W47/><G121/><T67/><D122/><U78/><E70/><V62/><F0/><W22/><G73/><T126/><D36/><U79/><E43/><N who="2" m="22903" /><F30/><W69/><G119/><T77/><D134/><N who="2" m="51242" /><F128/><W86/><G133/><T6/><D53/><U52/><E55/><N who="2" m="34143" /><F16/><W14/><G18/><T41/><D13/><U19/><E79/><V15/><F15/><W32/><G86/><T72/><D25/><U61/><E81/><AGARI ba="0,0" hai="81,87,89,93,94" m="34143,51242,22903" machi="81" ten="30,2000,0" yaku="20,1,52,1" doraHai="83" who="2" fromWho="1" sc="238,0,503,-20,166,20,93,0" owari="238,3.8,483,58.3,186,-21.4,93,-40.7" /></mjloggm>