<mjloggm ver="2.3"><GO type="225" lobby="0"/><UN n0="%72%61%6B%33" n1="%4C%4F%4C%49%54%41" n2="%E7%AD%89%E3%80%85%E5%8A%9B%E5%8A%87%E5%A0%B4" n3="%E7%B4%94%E6%BD%94%E3%83%94%E3%83%A9%E3%83%8B%E3%82%A2" dan="17,16,16,17" rate="2171.17,2149.54,2157.42,2193.36" sx="M,F,M,M"/><TAIKYOKU oya="0"/><INIT seed="0,0,0,2,0,3" ten="250,250,250,250" oya="0" hai0="127,25,42,114,59,107,128,131,43,123,87,129,108" hai1="48,112,92,63,17,70,15,2,13,93,100,94,104" hai2="117,23,4,77,85,120,91,130,73,32,54,30,83" hai3="5,76,49,61,16,50,41,22,0,90,106,1,132"/><T38/><D114/><U19/><E2/><V37/><F120/><W68/><G132/><T103/><D123/><U64/><E112/><V113/><F32/><W28/><G106/><T74/><D74/><U36/><E36/><V8/><F37/><W40/><G76/><T55/><D127/><U9/><E104/><V75/><F113/><W24/><G1/><T62/><D108/><U96/><REACH who="1" step="1"/><E48/><REACH who="1" ten="250,240,250,250" step="2"/><V98/><F117/><W7/><G0/><T60/><D38/><U34/><E34/><V101/><F130/><W31/><G50/><T11/><D107/><U10/><AGARI ba="0,1" hai="9,10,13,15,17,19,63,64,70,92,93,94,96,100" machi="10" ten="20,5200,0" yaku="1,1,0,1,7,1,9,1,53,0" doraHai="3" doraHaiUra="79" who="1" fromWho="1" sc="250,-26,240,62,250,-13,250,-13" /><INIT seed="1,0,0,5,3,25" ten="224,302,237,237" oya="1" hai0="46,113,74,86,83,3,52,4,104,97,99,64,94" hai1="58,18,117,35,130,111,110,118,101,51,119,66,65" hai2="124,41,70,9,24,73,122,1,135,89,107,69,128" hai3="47,38,98,59,85,127,54,131,96,91,53,114,36"/><U134/><E35/><V79/><F70/><W7/><G114/><T71/><D113/><U10/><E101/><V115/><F89/><W11/><G127/><T80/><D104/><U67/><E10/><V87/><F87/><W90/><G131/><T48/><D74/><U37/><E18/><V78/><F78/><W108/><G108/><N who="1" m="41514" /><E134/><V63/><F41/><W33/><G33/><T132/><D132/><U103/><E103/><V29/><F115/><W28/><G47/><T84/><D4/><U92/><E92/><V126/><F107/><W50/><G54/><T26/><D3/><U133/><E133/><V22/><F135/><W27/><G38/><T68/><D94/><U32/><E32/><V88/><F128/><W56/><G36/><T12/><D12/><U39/><E130/><V31/><F1/><W105/><G105/><T123/><D123/><U125/><E125/><V95/><F122/><W30/><G27/><T61/><D26/><U15/><E15/><V2/><F2/><W34/><G34/><T57/><D97/><N who="3" m="37481" /><G56/><T20/><D99/><U16/><E16/><V6/><F24/><W106/><G106/><T13/><D13/><U60/><E51/><V77/><F126/><W76/><G11/><T45/><D20/><U109/><N who="1" m="41522" /><U19/><DORA hai="14" /><E19/><V44/><F22/><W112/><G112/><T5/><D5/><U43/><E37/><V81/><F6/><W116/><G7/><T102/><D102/><U8/><E8/><V100/><F9/><W120/><G120/><T62/><D48/><U42/><E39/><V23/><F100/><RYUUKYOKU ba="0,0" sc="224,-10,302,30,237,-10,237,-10" hai1="42,43,58,60,65,66,67,117,118,119" /><INIT seed="1,1,0,3,5,75" ten="214,332,227,227" oya="1" hai0="12,48,125,131,41,106,5,16,122,30,47,69,4" hai1="86,116,85,79,34,11,82,46,76,6,97,1,108" hai2="135,65,61,94,2,102,110,45,111,93,128,24,117" hai3="95,36,42,74,20,58,98,49,129,121,50,0,23"/><U99/><E116/><V67/><F2/><W90/><G121/><T104/><D122/><U43/><E34/><V25/><F45/><W33/><G0/><T126/><D69/><U101/><E108/><V133/><F61/><W19/><G33/><T103/><D30/><U26/><E26/><N who="2" m="10347" /><F102/><W132/><G74/><T37/><D37/><U84/><E101/><V112/><F117/><W100/><G129/><T10/><D131/><U52/><E52/><V14/><F14/><W28/><G132/><N who="2" m="50761" /><F128/><W68/><G68/><T56/><D56/><U27/><E27/><V29/><F29/><W134/><G28/><T114/><D114/><U40/><E40/><V55/><F55/><N who="3" m="32111" /><G36/><T15/><D103/><U39/><REACH who="1" step="1"/><E76/><REACH who="1" ten="214,322,227,227" step="2"/><V80/><F112/><W3/><G134/><T77/><D77/><U17/><E17/><V57/><F111/><W115/><G115/><T109/><D109/><U44/><E44/><V73/><F110/><W21/><G100/><T32/><D32/><U83/><E83/><V54/><F80/><W8/><G19/><T59/><D4/><U118/><E118/><V60/><F54/><W71/><G42/><T9/><REACH who="0" step="1"/><D59/><REACH who="0" ten="204,322,227,227" step="2"/><U70/><E70/><V38/><F57/><W113/><G71/><T124/><AGARI ba="1,2" hai="5,9,10,12,15,16,41,47,48,104,106,124,125,126" machi="124" ten="30,8000,1" yaku="1,1,2,1,0,1,18,1,54,1,53,0" doraHai="75" doraHaiUra="87" who="0" fromWho="0" sc="204,103,322,-41,227,-21,227,-21" /><INIT seed="2,0,0,4,3,49" ten="307,281,206,206" oya="2" hai0="102,24,6,124,118,11,67,2,91,25,74,7,83" hai1="45,35,77,38,15,20,23,31,5,128,55,52,54" hai2="82,29,4,26,92,97,123,56,69,105,90,132,44" hai3="125,98,27,36,57,87,76,126,0,63,85,113,133"/><V50/><F69/><W16/><G36/><T10/><D124/><N who="3" m="47721" /><G0/><T101/><D118/><U108/><E108/><V114/><F114/><W14/><G113/><T22/><D67/><U100/><E128/><V59/><F123/><W42/><G42/><T61/><D61/><U58/><E100/><V104/><F132/><W3/><G3/><T71/><D71/><U117/><E117/><V79/><F4/><W129/><G133/><T51/><D91/><U48/><E77/><V72/><F105/><W18/><G129/><T47/><D83/><U37/><E35/><V110/><F104/><W17/><G98/><T78/><D74/><U127/><E127/><V1/><F1/><W95/><G95/><T119/><D78/><U89/><E89/><V62/><F62/><W116/><G116/><T68/><D68/><U111/><E111/><V93/><F93/><W130/><G130/><T88/><D88/><U32/><E32/><V94/><F94/><W21/><G76/><T33/><D33/><U134/><E38/><V103/><F103/><W43/><G43/><T8/><D119/><U131/><E134/><V81/><F81/><W80/><G80/><T60/><D2/><U86/><E37/><V84/><F72/><W73/><G73/><T107/><D107/><U109/><E109/><V122/><F122/><W53/><G14/><T9/><D102/><U34/><E34/><N who="2" m="20791" /><F110/><W64/><G64/><T121/><D101/><U99/><E131/><V46/><F46/><W65/><G65/><T39/><D39/><U66/><E45/><V70/><F70/><W19/><AGARI ba="0,0" hai="16,17,18,19,21,27,53,57,63,85,87" m="47721" machi="19" ten="30,7900,0" yaku="5,1,18,1,52,1,54,1" doraHai="49" who="3" fromWho="3" sc="307,-20,281,-20,206,-39,206,79" /><INIT seed="3,0,0,2,2,73" ten="287,261,167,285" oya="3" hai0="59,127,124,72,79,119,69,66,118,58,101,32,107" hai1="98,43,10,9,126,57,70,95,51,42,76,35,2" hai2="134,109,23,38,113,34,94,5,37,123,64,128,24" hai3="135,86,1,84,102,125,63,45,83,99,7,132,115"/><W18/><G115/><T104/><D32/><U120/><E120/><V50/><F113/><W56/><G125/><N who="0" m="48203" /><D69/><U81/><E70/><V62/><F34/><W90/><G84/><T74/><D74/><U13/><E35/><V129/><F5/><W28/><G28/><T21/><D21/><U0/><E126/><V82/><F109/><W60/><G45/><T105/><D101/><U121/><E121/><V25/><F123/><W29/><G29/><T133/><D133/><N who="3" m="51273" /><G18/><T122/><D122/><U112/><E112/><V111/><F134/><W19/><G19/><T44/><D44/><U46/><E57/><N who="0" m="21513" /><D66/><U4/><E10/><V48/><F111/><W11/><G56/><T75/><D75/><U106/><E106/><AGARI ba="0,0" hai="1,7,11,60,63,83,86,90,99,102,106" m="51273" machi="106" ten="30,1500,0" yaku="20,1" doraHai="73" who="3" fromWho="1" sc="287,0,261,-15,167,0,285,15" owari="287,8.7,246,-15.4,167,-33.3,300,40.0" /></mjloggm>