<mjloggm ver="2.3"><GO type="225" lobby="0"/><UN n0="%E5%B5%90%E9%9B%B2%E3%81%AE%E3%82%AB%E3%83%A9%E3%82%B9" n1="%E3%81%B5%E3%81%98%E3%81%8B%E3%81%A4" n2="%E5%B8%86%E7%AB%8B%E5%A4%8F%E8%A1%A3" n3="%E7%99%BD%E6%97%A5%E9%9B%AA%E8%8F%9C" dan="16,16,16,16" rate="2069.87,2105.80,2094.55,2207.33" sx="F,M,M,M"/><TAIKYOKU oya="0"/><INIT seed="0,0,0,2,1,38" ten="250,250,250,250" oya="0" hai0="50,116,5,62,102,133,113,24,65,28,30,8,134" hai1="115,19,49,90,11,1,94,26,22,61,118,114,60" hai2="15,108,9,96,34,3,77,125,64,10,55,83,29" hai3="2,129,106,7,72,14,43,53,52,40,63,18,119"/><T12/><D113/><N who="1" m="43019" /><E118/><V127/><F64/><W82/><G119/><T93/><D116/><U48/><E1/><V122/><F96/><W36/><G106/><T21/><D50/><N who="1" m="19563" /><E11/><V54/><F122/><W130/><G36/><T78/><D78/><U73/><E73/><V42/><F108/><W98/><G98/><AGARI ba="0,0" hai="19,22,26,60,61,90,94,98" m="19563,43019" machi="98" ten="30,1000,0" yaku="11,1" doraHai="38" who="1" fromWho="3" sc="250,0,250,10,250,0,250,-10" /><INIT seed="1,0,0,5,4,43" ten="250,260,250,240" oya="1" hai0="130,41,35,55,125,61,93,116,106,1,128,132,46" hai1="34,44,114,49,94,118,96,102,6,19,24,82,72" hai2="124,135,77,133,117,89,47,7,2,38,29,12,80" hai3="92,68,90,73,88,115,63,32,23,104,21,16,129"/><U79/><E114/><V113/><F12/><W123/><G123/><T74/><D106/><U107/><E118/><V87/><F117/><W8/><G115/><T50/><D35/><U108/><E108/><V112/><F29/><W97/><G73/><T13/><D1/><U76/><E76/><V11/><F124/><W48/><G32/><T3/><D3/><U20/><E34/><V109/><F109/><W111/><G111/><T54/><D74/><U65/><E65/><V86/><F113/><W98/><G129/><N who="0" m="49771" /><D116/><U28/><E6/><V110/><F110/><W36/><G36/><T15/><D125/><U25/><E107/><V95/><REACH who="2" step="1"/><F112/><REACH who="2" ten="250,260,240,240" step="2"/><W71/><G8/><T18/><D13/><U119/><E119/><V26/><F26/><W78/><G23/><T10/><D132/><U4/><E4/><V91/><F91/><W14/><G90/><T127/><D127/><U33/><REACH who="1" step="1"/><E49/><REACH who="1" ten="250,250,240,240" step="2"/><V126/><F126/><W60/><G48/><T51/><D50/><U22/><E22/><V27/><F27/><W81/><G21/><T40/><D40/><AGARI ba="0,2" hai="2,7,11,38,40,47,77,80,86,87,89,95,133,135" machi="40" ten="40,5200,0" yaku="1,1,52,1,53,1" doraHai="43" doraHaiUra="69" who="2" fromWho="0" sc="250,-52,250,0,240,72,240,0" /><INIT seed="2,0,0,1,1,44" ten="198,250,312,240" oya="2" hai0="25,86,82,98,105,43,109,5,106,100,2,124,18" hai1="28,21,135,38,48,73,41,129,125,70,93,89,78" hai2="14,99,131,62,114,76,74,40,68,27,12,19,80" hai3="55,71,102,22,63,32,29,103,108,111,133,107,79"/><V46/><F131/><W91/><G133/><T87/><D109/><N who="3" m="42057" /><G32/><T50/><D124/><U11/><E129/><V24/><F114/><W65/><G107/><T120/><D106/><U7/><E135/><V61/><F99/><W123/><G123/><T112/><D120/><U59/><E70/><V94/><F94/><W35/><G35/><T134/><D112/><U53/><E21/><V96/><F96/><W90/><G79/><T69/><D69/><U3/><E28/><V10/><F14/><W34/><G34/><T37/><D134/><U115/><E115/><V30/><F68/><W88/><G55/><T121/><D121/><U122/><E125/><V26/><REACH who="2" step="1"/><F30/><REACH who="2" ten="198,250,302,240" step="2"/><W0/><G0/><T97/><D98/><U66/><E122/><V9/><F9/><W52/><G29/><T56/><D2/><U15/><E3/><V130/><F130/><W8/><G8/><T75/><D97/><U83/><E93/><V101/><F101/><W58/><G103/><T117/><D100/><U54/><E15/><V36/><AGARI ba="0,1" hai="10,12,19,24,26,27,36,40,46,61,62,74,76,80" machi="36" ten="30,3000,0" yaku="1,1,0,1,53,0" doraHai="44" doraHaiUra="85" who="2" fromWho="2" sc="198,-10,250,-10,302,40,240,-10" /><INIT seed="2,1,0,1,2,115" ten="188,240,342,230" oya="2" hai0="44,135,77,102,118,121,28,91,35,87,130,72,25" hai1="57,98,110,78,66,73,93,64,63,74,36,50,56" hai2="14,27,60,131,100,83,122,46,106,21,90,29,61" hai3="15,23,13,119,96,71,97,0,9,48,39,38,127"/><V49/><F122/><W5/><G71/><T55/><D121/><U88/><E110/><V117/><F131/><W128/><G128/><T32/><D130/><U75/><E36/><V59/><F106/><W30/><G119/><T37/><D135/><U6/><E6/><V108/><F100/><W84/><G127/><T125/><D125/><U114/><E114/><V16/><F117/><W45/><G0/><T12/><D102/><U112/><E112/><V62/><F108/><W47/><G84/><T116/><D35/><U51/><REACH who="1" step="1"/><E78/><REACH who="1" ten="188,230,342,230" step="2"/><V94/><F83/><W120/><G39/><T99/><D37/><U52/><E52/><N who="2" m="29751" /><F90/><W53/><G38/><T76/><D76/><U134/><E134/><V111/><F111/><W105/><G120/><T70/><D77/><U81/><E81/><V42/><F42/><W7/><G7/><T34/><D116/><U43/><E43/><V22/><F94/><W1/><G105/><T103/><D118/><U86/><E86/><V101/><F101/><W95/><G53/><AGARI ba="1,1" hai="14,16,21,22,27,29,53,59,60,61,62" m="29751" machi="53" ten="30,5800,0" yaku="8,1,54,2" doraHai="115" who="2" fromWho="3" sc="188,0,230,0,342,71,230,-61" /><INIT seed="2,2,0,2,3,74" ten="188,230,413,169" oya="2" hai0="86,131,85,128,51,41,43,133,40,6,33,48,67" hai1="89,134,78,46,39,76,98,5,38,88,123,61,17" hai2="27,37,68,108,101,0,114,65,45,19,110,42,53" hai3="8,56,126,77,16,104,119,121,11,64,91,83,116"/><V97/><F0/><W82/><G121/><T81/><D33/><U18/><E123/><V92/><F114/><W63/><G104/><T52/><D6/><U96/><E46/><V34/><F53/><W94/><G126/><T129/><D133/><U132/><E5/><V120/><F19/><W102/><G102/><T20/><D67/><U109/><REACH who="1" step="1"/><E61/><REACH who="1" ten="188,220,413,169" step="2"/><V122/><F122/><W130/><G119/><T62/><D62/><U106/><E106/><V127/><F120/><W13/><G116/><T9/><D48/><U93/><E93/><V105/><F92/><W10/><G130/><T118/><D118/><U28/><E28/><N who="2" m="19743" /><F127/><W124/><G124/><T90/><D131/><U79/><E79/><V21/><F45/><W30/><G30/><T22/><D129/><U66/><E66/><V100/><F65/><W36/><G36/><T3/><D128/><U84/><E84/><V125/><F105/><W14/><G77/><T1/><D86/><U107/><E107/><V57/><F125/><W115/><G115/><T135/><D135/><U112/><E112/><V71/><F37/><W47/><G47/><N who="0" m="27775" /><D1/><U44/><E44/><V60/><F60/><W80/><G14/><T50/><D50/><U87/><E87/><AGARI ba="2,1" hai="8,10,11,13,16,56,63,64,80,82,83,87,91,94" machi="87" ten="40,2600,0" yaku="8,1,54,1" doraHai="74" who="3" fromWho="1" sc="188,0,220,-32,413,0,169,42" /><INIT seed="3,0,0,3,2,39" ten="188,188,413,211" oya="3" hai0="30,130,18,101,131,97,50,104,36,4,53,40,33" hai1="12,122,57,92,80,135,105,106,52,37,2,21,67" hai2="87,64,16,27,79,63,65,109,15,58,90,44,55" hai3="23,76,9,74,86,51,93,72,24,32,56,1,25"/><W10/><G32/><T132/><D132/><U69/><E122/><V46/><F109/><W49/><G1/><T43/><D36/><U113/><E2/><V3/><F27/><W75/><G25/><N who="0" m="18639" /><D18/><U102/><E135/><V59/><F79/><W98/><G86/><T62/><D62/><U116/><E37/><V125/><F125/><W20/><G76/><T6/><D6/><U77/><E113/><V78/><F78/><W94/><G56/><N who="0" m="32823" /><D4/><U112/><E112/><V117/><F117/><W129/><G24/><T17/><D17/><N who="1" m="10407" /><E69/><V70/><F70/><W115/><G115/><T47/><D47/><N who="2" m="17962" /><F59/><W0/><G0/><T128/><AGARI ba="0,0" hai="40,43,97,101,104,128,130,131" m="32823,18639" machi="128" ten="30,4000,0" yaku="19,1,52,2" doraHai="39" who="0" fromWho="0" sc="188,40,188,-10,413,-10,211,-20" owari="228,2.8,178,-32.2,403,50.3,191,-20.9" /></mjloggm>