<mjloggm ver="2.3"><GO type="225" lobby="0"/><UN n0="%E3%81%BF%E3%81%BF%E3%81%9A" n1="%E3%81%AA%E3%82%81%E3%81%93%E9%9B%80%E5%A3%AB" n2="%E3%81%B5%E3%81%98%E3%81%8B%E3%81%A4" n3="%E3%83%8F%E3%83%B3%E3%83%89%E3%83%A9%E3%83%BC%E3%83%BB%E3%83%AF%E3%83%B3" dan="18,16,16,17" rate="2256.98,2053.72,2168.07,2223.49" sx="M,M,M,M"/><TAIKYOKU oya="0"/><INIT seed="0,0,0,4,5,12" ten="250,250,250,250" oya="0" hai0="122,34,50,54,45,133,21,4,11,98,14,53,81" hai1="73,39,112,51,24,28,18,131,82,75,66,46,79" hai2="117,64,119,13,130,67,30,1,16,97,126,101,135" hai3="27,20,9,129,49,113,8,63,128,62,19,95,91"/><T32/><D122/><U26/><E131/><N who="3" m="50250" /><G113/><T92/><D133/><U48/><E75/><V65/><F130/><W118/><G118/><N who="2" m="45065" /><F135/><W104/><G104/><T134/><D134/><U71/><E112/><V114/><F126/><W2/><G49/><T35/><D81/><U102/><E102/><V72/><F114/><W15/><G2/><T69/><D69/><U10/><E39/><V107/><F72/><W127/><G8/><T93/><D98/><U6/><E66/><V78/><F1/><W70/><G70/><T96/><D96/><U86/><E71/><V85/><F30/><N who="3" m="17767" /><G127/><T60/><D21/><U37/><E73/><V74/><F74/><W40/><G40/><T5/><D4/><U108/><E37/><V23/><F85/><AGARI ba="0,0" hai="9,15,19,62,63,85,91,95" m="17767,50250" machi="85" ten="30,2000,0" yaku="19,1,52,1" doraHai="12" who="3" fromWho="2" sc="250,0,250,0,250,-20,250,20" /><INIT seed="1,0,0,1,1,99" ten="250,250,230,270" oya="1" hai0="28,23,130,48,128,10,44,6,60,110,80,67,85" hai1="34,83,32,96,82,120,53,8,19,115,134,57,4" hai2="15,102,14,17,72,126,22,129,75,108,29,69,92" hai3="94,64,27,119,46,81,106,114,21,118,59,84,26"/><U107/><E115/><V3/><F126/><W25/><G114/><T123/><D110/><U31/><E120/><V124/><F108/><W98/><G106/><T104/><D104/><U121/><E83/><V54/><F124/><W5/><G5/><T45/><D123/><U70/><E70/><V9/><F129/><N who="0" m="49770" /><D23/><U116/><E134/><V36/><F69/><W79/><G46/><T49/><D28/><U47/><E19/><V113/><F36/><W105/><G105/><T40/><D60/><U55/><E31/><V50/><F113/><W87/><G87/><T66/><D10/><U90/><E116/><N who="3" m="44586" /><G59/><T77/><D6/><U20/><E20/><V89/><F3/><W62/><G62/><T135/><D135/><U76/><E47/><N who="2" m="27999" /><F72/><W100/><G64/><T91/><D77/><U37/><E121/><V61/><F75/><W86/><G86/><T111/><D111/><U125/><E125/><V74/><F61/><W93/><G93/><T95/><D80/><U65/><E76/><V39/><F39/><W97/><G97/><T1/><D1/><N who="1" m="15" /><E37/><V58/><F74/><W68/><G68/><T51/><D51/><U35/><E82/><V7/><F58/><W88/><G21/><T63/><D63/><N who="1" m="38127" /><E107/><V71/><F71/><W43/><G43/><AGARI ba="0,0" hai="40,43,44,45,48,49,66,67,85,91,95" m="49770" machi="43" ten="30,1000,0" yaku="19,1" doraHai="99" who="0" fromWho="3" sc="250,10,250,0,230,0,270,-10" /><INIT seed="2,0,0,0,2,122" ten="260,250,230,260" oya="2" hai0="69,7,36,68,119,80,132,0,22,78,10,26,67" hai1="104,49,111,106,134,52,47,11,87,25,117,129,92" hai2="89,21,4,34,82,103,121,61,101,90,55,130,64" hai3="114,50,58,60,94,24,17,112,123,107,37,105,116"/><V79/><F121/><W81/><G37/><T126/><D132/><U18/><E117/><V30/><F34/><W27/><G116/><T28/><D119/><U62/><E134/><V95/><F130/><W75/><G123/><T16/><D126/><U85/><E111/><V97/><F4/><W35/><G50/><T9/><D67/><U29/><E129/><V127/><F127/><W43/><G43/><T109/><D109/><U8/><E106/><V70/><F55/><W102/><G17/><T84/><D36/><U32/><E104/><V108/><F108/><W19/><G94/><T12/><AGARI ba="0,0" hai="0,7,9,10,12,16,22,26,28,68,69,78,80,84" machi="12" ten="30,2000,0" yaku="0,1,54,1" doraHai="122" who="0" fromWho="0" sc="260,20,250,-5,230,-10,260,-5" /><INIT seed="3,0,0,5,3,51" ten="280,245,220,255" oya="3" hai0="75,27,3,53,20,54,56,38,106,14,77,86,73" hai1="44,10,127,81,129,42,71,100,80,57,116,9,46" hai2="4,55,34,15,47,36,130,50,90,94,68,113,104" hai3="78,1,82,22,114,61,45,66,49,120,102,35,43"/><W25/><G114/><T110/><D3/><U64/><E71/><V119/><F113/><W87/><G120/><T41/><D106/><U18/><E129/><V21/><F119/><W23/><G1/><T109/><D14/><U7/><E100/><V98/><F130/><W91/><G102/><T97/><D97/><U128/><E127/><V2/><F34/><W13/><G13/><T29/><D86/><U115/><E18/><N who="2" m="10463" /><F2/><W19/><G23/><T96/><D96/><U83/><E42/><V125/><F68/><W11/><G35/><T58/><D41/><U24/><E115/><V112/><F36/><W48/><G11/><N who="1" m="4106" /><E7/><V133/><F112/><W60/><G49/><N who="0" m="30767" /><D77/><U17/><E116/><V123/><F125/><W67/><G78/><T88/><D88/><U52/><E128/><V79/><F104/><W117/><G117/><T124/><D38/><U132/><E64/><AGARI ba="0,0" hai="19,22,25,43,45,48,60,61,64,66,67,82,87,91" machi="64" ten="40,2000,0" yaku="8,1" doraHai="51" who="3" fromWho="1" sc="280,0,245,-20,220,0,255,20" /><INIT seed="3,1,0,2,1,33" ten="280,225,220,275" oya="3" hai0="51,14,20,39,23,114,55,8,123,42,126,15,109" hai1="82,12,91,16,75,74,57,50,125,81,99,47,112" hai2="92,18,131,56,116,7,89,21,87,2,98,105,40" hai3="121,124,110,104,60,52,79,129,24,84,78,1,9"/><W85/><G121/><T100/><D123/><U83/><E112/><V31/><F116/><W118/><G118/><T63/><D114/><U61/><E125/><V97/><F131/><W71/><G104/><T130/><D126/><U43/><E99/><V76/><F40/><W46/><G124/><T73/><D73/><U29/><E29/><V69/><F69/><W103/><G103/><T49/><D39/><U108/><E108/><V59/><F31/><W45/><G129/><T117/><D117/><U53/><REACH who="1" step="1"/><E91/><REACH who="1" ten="280,215,220,275" step="2"/><V0/><F98/><W101/><G110/><T65/><D109/><U111/><E111/><V93/><F105/><W64/><G101/><T95/><D100/><U68/><E68/><V70/><F70/><W37/><G71/><T127/><D130/><U34/><E34/><V135/><F97/><W22/><G37/><T26/><D127/><U72/><E72/><V3/><F135/><W41/><G85/><T19/><D95/><U32/><E32/><V102/><F93/><W88/><G84/><T80/><D80/><U62/><E62/><V27/><F102/><W96/><G60/><T120/><D120/><U25/><E25/><V30/><F76/><W54/><G79/><T134/><D134/><U106/><E106/><V28/><F28/><W38/><G78/><T35/><D35/><U17/><E17/><V107/><F107/><W48/><G38/><T94/><D94/><U6/><E6/><V67/><F7/><W36/><G36/><T86/><D26/><U119/><E119/><V4/><F4/><W133/><G133/><T11/><D86/><RYUUKYOKU ba="1,1" sc="280,-10,215,30,220,-10,275,-10" hai1="12,16,43,47,50,53,57,61,74,75,81,82,83" /><INIT seed="4,2,1,2,4,4" ten="270,245,210,265" oya="0" hai0="16,8,42,124,85,1,30,28,23,73,122,113,64" hai1="66,112,27,108,103,29,39,40,47,91,111,65,56" hai2="52,57,11,13,130,9,35,63,54,127,119,97,37" hai3="109,116,74,110,118,10,101,50,93,81,38,22,86"/><T46/><D122/><U59/><E103/><V25/><F37/><W24/><G38/><T83/><D73/><U121/><E91/><V71/><F71/><W92/><G50/><N who="0" m="26967" /><D1/><U55/><E121/><V132/><F132/><W114/><G74/><T45/><D113/><U78/><E78/><V43/><F127/><W48/><G48/><T80/><D45/><U36/><E112/><V34/><F130/><W0/><G114/><T76/><D124/><U125/><E125/><V69/><F119/><W106/><G106/><T5/><D64/><U49/><E27/><V33/><F69/><W95/><G101/><T134/><D134/><U104/><E29/><V89/><F43/><W61/><G61/><T117/><D83/><U120/><E104/><V128/><F128/><W21/><G118/><T14/><D117/><U41/><E120/><V135/><F135/><W88/><G116/><T19/><D5/><U60/><E65/><V53/><F25/><AGARI ba="2,1" hai="8,14,16,19,23,25,28,30,76,80,85" m="26967" machi="25" ten="30,5800,0" yaku="8,1,52,1,54,1" doraHai="4" who="0" fromWho="2" sc="270,74,245,0,210,-64,265,0" owari="344,44.4,245,-15.5,146,-35.4,265,6.5" /></mjloggm>