<mjloggm ver="2.3"><GO type="225" lobby="0"/><UN n0="%E3%81%B2%E3%81%AA%E3%81%AE%E3%82%8A%E3%81%8F" n1="%54%4F%52" n2="%72%69%6F%75%63%68%61%6E" n3="%E3%83%B4%E3%82%A3%E3%83%AF%E3%82%B3%E3%82%B0%E3%83%8B" dan="17,17,16,16" rate="2221.13,2246.36,2148.54,2175.20" sx="M,M,M,M"/><TAIKYOKU oya="0"/><INIT seed="0,0,0,2,4,102" ten="250,250,250,250" oya="0" hai0="116,68,48,132,118,45,127,19,134,2,3,109,25" hai1="78,106,97,4,84,59,12,10,14,71,87,76,107" hai2="17,96,123,85,67,64,56,94,135,41,28,69,31" hai3="99,24,113,114,79,32,131,58,18,108,53,119,50"/><T7/><D68/><U51/><E71/><V35/><F123/><W83/><G108/><T73/><D73/><U26/><E26/><V20/><F135/><N who="0" m="51754" /><D109/><U124/><E124/><V60/><F35/><W57/><G119/><N who="0" m="45611" /><D7/><U88/><E12/><V37/><F85/><W23/><G131/><T30/><D19/><U46/><E59/><V38/><F38/><W22/><G32/><N who="0" m="20559" /><D127/><U70/><E70/><V6/><F6/><W0/><G0/><T43/><AGARI ba="0,0" hai="2,3,43,45,48" m="20559,45611,51754" machi="43" ten="30,1500,0" yaku="20,1" doraHai="102" who="0" fromWho="0" sc="250,15,250,-5,250,-5,250,-5" /><INIT seed="0,1,0,0,4,66" ten="265,245,245,245" oya="0" hai0="45,3,120,123,53,58,81,104,83,94,132,38,73" hai1="86,67,71,125,23,76,28,134,85,64,74,31,16" hai2="101,80,91,46,82,90,21,100,8,119,122,51,128" hai3="48,111,129,29,54,112,18,14,79,1,95,30,47"/><T106/><D3/><U55/><E74/><V34/><F122/><W89/><G111/><T26/><D132/><U116/><E116/><V42/><F34/><W40/><G1/><T32/><D94/><U72/><E72/><V93/><F119/><W131/><G79/><T92/><D92/><U50/><E134/><V17/><F128/><N who="3" m="49227" /><G40/><T130/><D130/><U33/><E125/><V27/><F8/><N who="3" m="6471" /><G112/><T127/><D127/><U11/><E11/><V114/><F114/><W6/><G6/><T41/><D106/><U115/><E115/><V113/><F113/><W43/><G43/><T25/><D104/><U88/><E76/><V19/><F19/><W121/><G121/><T39/><D39/><U75/><E75/><V77/><F91/><W63/><G63/><T96/><D73/><U107/><E107/><V117/><F117/><W49/><G49/><T7/><D7/><U0/><E0/><V65/><F77/><W10/><G10/><T105/><D120/><U103/><E103/><N who="2" m="39499" /><F65/><W24/><G24/><T118/><D123/><U2/><E2/><V13/><F27/><W36/><G36/><T70/><D118/><U84/><E33/><V22/><F22/><W69/><G69/><T5/><D32/><U44/><E64/><V52/><F42/><W12/><G12/><T60/><D70/><U126/><E126/><V35/><F35/><W15/><G15/><T135/><D135/><U108/><E108/><V4/><F4/><W87/><AGARI ba="1,0" hai="29,30,47,48,54,87,89,95" m="6471,49227" machi="87" ten="30,1100,0" yaku="19,1" doraHai="66" who="3" fromWho="3" sc="265,-6,245,-4,245,-4,245,14" /><INIT seed="1,0,0,3,2,38" ten="259,241,241,259" oya="1" hai0="60,42,117,123,74,25,30,32,27,7,84,88,63" hai1="95,20,67,126,115,121,128,113,97,31,129,1,76" hai2="50,19,90,94,47,135,44,118,80,55,56,49,39" hai3="8,73,3,18,100,26,5,112,12,82,89,4,134"/><U70/><E1/><V66/><F118/><W77/><G112/><N who="1" m="43082" /><E70/><V29/><F135/><W133/><G100/><T23/><D74/><U104/><E67/><V24/><F39/><W61/><G89/><T68/><D117/><U57/><E57/><V14/><F80/><W108/><G108/><T35/><D123/><U33/><E33/><V111/><F111/><W40/><G40/><T92/><D7/><U21/><E104/><V132/><F132/><N who="3" m="50795" /><G3/><T54/><D68/><U15/><E121/><V6/><F6/><N who="3" m="3095" /><G61/><T103/><D35/><U36/><E36/><V91/><F91/><W59/><G59/><T17/><D103/><N who="1" m="60863" /><E76/><V131/><F50/><W69/><G69/><T101/><D101/><U52/><E52/><V11/><F66/><W28/><G18/><T122/><D122/><U0/><E0/><V34/><REACH who="2" step="1"/><F131/><REACH who="2" ten="259,241,231,259" step="2"/><W96/><G4/><T65/><D65/><U87/><E128/><V107/><F107/><W72/><G5/><T99/><D63/><U109/><E129/><V58/><F58/><W45/><G45/><T75/><D60/><U9/><E109/><V10/><F10/><W2/><G2/><T86/><D75/><U127/><E9/><V22/><F22/><N who="3" m="15447" /><G96/><AGARI ba="0,1" hai="11,14,19,24,29,34,44,47,49,55,56,90,94,96" machi="96" ten="30,2000,0" yaku="1,1,7,1,53,0" doraHai="38" doraHaiUra="105" who="2" fromWho="3" sc="259,0,241,0,231,30,259,-20" /><INIT seed="2,0,0,2,0,31" ten="259,241,261,239" oya="2" hai0="107,50,98,120,75,8,9,126,96,4,48,69,59" hai1="26,17,110,12,22,37,42,133,111,88,116,81,55" hai2="105,103,25,52,30,113,84,93,135,43,114,14,102" hai3="49,71,51,39,13,29,83,132,99,73,131,89,62"/><V74/><F74/><W129/><G39/><T46/><D120/><U40/><E116/><V79/><F135/><W47/><G132/><T106/><D69/><U90/><E133/><V77/><F43/><W91/><G29/><T87/><D75/><U95/><E55/><V101/><F105/><W125/><G125/><T1/><D126/><U0/><E0/><V119/><F119/><W70/><G13/><T23/><D59/><U54/><E54/><V2/><F2/><W19/><G19/><T128/><D128/><N who="3" m="49225" /><G62/><T68/><D68/><N who="3" m="26153" /><G99/><T24/><D1/><U65/><E65/><V21/><F14/><W6/><G6/><T86/><D4/><U36/><E36/><V58/><F114/><W27/><G27/><T38/><D38/><U82/><E37/><V104/><F104/><W16/><G16/><T67/><D24/><U41/><E26/><V117/><F117/><W72/><G49/><T10/><D67/><U60/><E60/><V122/><F113/><W85/><G89/><T33/><D8/><U127/><E127/><V56/><F122/><W134/><G134/><T94/><D106/><U45/><E90/><N who="2" m="53447" /><F56/><W11/><G11/><T108/><D107/><U18/><E45/><V28/><F30/><W121/><G121/><T115/><D46/><U118/><E18/><V64/><F64/><W53/><AGARI ba="0,0" hai="47,51,53,72,73,83,85,91" m="26153,49225" machi="53" ten="30,1100,0" yaku="19,1" doraHai="31" who="3" fromWho="3" sc="259,-3,241,-3,261,-5,239,11" /><INIT seed="3,0,0,0,4,124" ten="256,238,256,250" oya="3" hai0="48,51,49,107,71,0,77,40,42,18,97,3,95" hai1="74,68,114,38,50,108,85,78,56,91,12,110,116" hai2="103,41,125,94,11,26,109,55,72,65,2,35,27" hai3="43,37,131,100,76,32,16,75,39,36,8,126,5"/><W129/><G126/><T62/><D107/><U63/><E38/><V69/><F125/><W73/><G32/><T6/><D77/><U130/><E114/><V134/><F72/><W121/><G121/><T81/><D81/><N who="1" m="45271" /><E68/><V54/><F109/><N who="1" m="42089" /><E116/><V17/><F134/><W33/><G43/><T67/><D18/><U113/><E113/><V22/><F41/><W105/><G33/><T93/><D93/><N who="1" m="54511" /><E12/><V15/><F69/><W92/><G92/><T101/><D3/><U10/><E10/><V14/><F65/><W9/><G16/><T57/><D71/><U29/><E29/><N who="2" m="19895" /><F14/><W34/><G8/><T112/><D112/><U88/><E88/><V13/><F15/><W102/><G34/><T119/><D119/><U47/><E130/><N who="3" m="49674" /><G76/><T127/><D127/><U120/><E120/><V21/><F22/><W118/><G118/><T45/><D0/><U83/><E83/><V60/><F2/><N who="3" m="183" /><G102/><T59/><D101/><U123/><E123/><V99/><F13/><W80/><G80/><T20/><D95/><U117/><E117/><V30/><F11/><W28/><G28/><T84/><D6/><U98/><E98/><AGARI ba="0,0" hai="36,37,39,73,75,98,100,105" m="183,49674" machi="98" ten="40,12000,1" yaku="19,1,23,1,52,3" doraHai="124" who="3" fromWho="1" sc="256,0,238,-120,256,0,250,120" owari="256,5.6,118,-38.2,256,-14.4,370,47.0" /></mjloggm>