<mjloggm ver="2.3"><GO type="225" lobby="0"/><UN n0="%E3%81%A0%E3%81%8A" n1="%E3%81%B5%E3%81%98%E3%81%8B%E3%81%A4" n2="%E5%86%B7%E5%87%8D%E3%82%AE%E3%83%A7%E3%83%BC%E3%82%B6" n3="%E3%83%97%E3%83%AC%E3%83%B4%E3%82%A1%E3%83%86%E3%82%A3" dan="16,16,17,16" rate="2031.65,2093.85,2197.53,2066.48" sx="M,M,M,F"/><TAIKYOKU oya="0"/><INIT seed="0,0,0,5,2,126" ten="250,250,250,250" oya="0" hai0="25,118,98,54,114,130,120,19,69,81,106,135,122" hai1="111,103,128,17,10,6,39,90,45,74,70,59,12" hai2="42,11,63,96,82,41,133,57,108,83,40,102,48" hai3="91,4,75,0,49,26,16,33,21,127,84,124,53"/><T56/><D69/><U58/><E111/><V85/><F108/><W93/><G75/><T31/><D114/><U94/><E70/><V44/><F133/><W92/><G33/><T2/><D118/><U76/><E103/><V87/><F11/><W134/><G134/><T104/><D135/><U72/><E128/><V107/><F87/><W66/><G66/><T23/><D2/><U89/><E89/><V36/><F36/><W65/><G65/><T115/><D115/><U109/><E109/><V8/><F8/><W20/><G4/><T29/><D130/><U101/><E101/><V5/><F5/><W55/><G0/><T131/><D131/><U43/><E74/><V121/><F121/><W50/><G92/><T110/><D110/><U132/><E132/><V46/><F46/><W47/><REACH who="3" step="1"/><G21/><REACH who="3" ten="250,250,250,240" step="2"/><T15/><D23/><U27/><E6/><V62/><F82/><W37/><G37/><T9/><D106/><U129/><E129/><V119/><F119/><W68/><G68/><T51/><D104/><U125/><E125/><V95/><F107/><W1/><G1/><T30/><D120/><U24/><E72/><V14/><F14/><W13/><G13/><T99/><D15/><U67/><E67/><V22/><F22/><W100/><G100/><T73/><D122/><U79/><E27/><V64/><REACH who="2" step="1"/><F63/><REACH who="2" ten="250,250,240,240" step="2"/><W52/><G52/><T97/><D54/><U32/><E32/><V88/><AGARI ba="0,2" hai="40,41,42,44,48,57,62,64,83,85,88,95,96,102" machi="88" ten="20,12000,2" yaku="1,1,2,1,0,1,7,1,8,1,54,1,53,1" doraHai="126" doraHaiUra="77" who="2" fromWho="2" sc="250,-60,250,-30,240,140,240,-30" /><INIT seed="1,0,0,1,0,7" ten="190,220,380,210" oya="1" hai0="3,81,12,9,118,132,53,84,86,51,82,48,52" hai1="112,121,100,96,104,66,14,19,128,34,58,57,61" hai2="30,123,120,76,129,106,117,68,29,64,130,105,97" hai3="60,59,0,70,125,36,87,93,35,45,10,11,119"/><U5/><E121/><N who="2" m="46667" /><F76/><W116/><G0/><T127/><D118/><N who="3" m="45097" /><G35/><T107/><D107/><N who="2" m="40970" /><F97/><W27/><G70/><T25/><D127/><U108/><E112/><V71/><F64/><N who="3" m="38943" /><G27/><T92/><D132/><U98/><E128/><N who="2" m="49259" /><F117/><W73/><G73/><T33/><D3/><U114/><E114/><V20/><F20/><W4/><G4/><T32/><D33/><U6/><E98/><V75/><F75/><W65/><G65/><T79/><D32/><U78/><E34/><V39/><F39/><W83/><G93/><T40/><D92/><U28/><E78/><V43/><F43/><N who="3" m="22759" /><G125/><T62/><D79/><AGARI ba="0,0" hai="10,11,79,83,87" m="22759,38943,45097" machi="79" ten="30,3900,0" yaku="12,1,52,2" doraHai="7" who="3" fromWho="0" sc="190,-39,220,0,380,0,210,39" /><INIT seed="2,0,0,3,3,23" ten="151,220,380,249" oya="2" hai0="116,120,133,47,58,19,91,15,73,14,6,114,78" hai1="26,130,118,121,40,51,33,109,117,38,32,7,102" hai2="134,36,25,55,63,89,122,57,86,64,106,111,110" hai3="92,90,70,50,71,94,62,22,4,129,131,77,24"/><V20/><F122/><W98/><G77/><T61/><D120/><U56/><E38/><V37/><F106/><W3/><G50/><T105/><D114/><U1/><E121/><V65/><F134/><W21/><G21/><T43/><D116/><U66/><E102/><V68/><F36/><W74/><G74/><T124/><D105/><U119/><E109/><N who="2" m="41483" /><F37/><W126/><G126/><T12/><D124/><U123/><E123/><V81/><F68/><W135/><G135/><T82/><D133/><U39/><E39/><V103/><F103/><W2/><G94/><T101/><D91/><U34/><E66/><V11/><F11/><W88/><G90/><T113/><D6/><U83/><E83/><V44/><F44/><W76/><G76/><T85/><D73/><U100/><E100/><V49/><F63/><W108/><G108/><T125/><D101/><U10/><E130/><N who="3" m="49674" /><G4/><T13/><D125/><U60/><E60/><V5/><F5/><W17/><G62/><T132/><D132/><U96/><E96/><V128/><F128/><W16/><G17/><AGARI ba="0,0" hai="17,20,25,49,55,57,64,65,81,86,89" m="41483" machi="17" ten="30,5800,0" yaku="14,1,10,1,52,1" doraHai="23" who="2" fromWho="3" sc="151,0,220,0,380,58,249,-58" /><INIT seed="2,1,0,3,0,54" ten="151,220,438,191" oya="2" hai0="32,81,61,98,27,2,86,34,53,97,14,126,21" hai1="22,129,35,5,47,4,105,121,31,38,125,45,84" hai2="41,120,16,59,68,111,70,62,78,115,71,135,15" hai3="30,91,24,39,25,55,36,65,95,75,104,58,73"/><V37/><F115/><W100/><G65/><T88/><D126/><U116/><E105/><V72/><F120/><W99/><G39/><T103/><D2/><U56/><E35/><V128/><F128/><W89/><G36/><T10/><D61/><U109/><E116/><V9/><F135/><W20/><G25/><T114/><D53/><U90/><E38/><V117/><F117/><W26/><G26/><T130/><D130/><U66/><E109/><V51/><F37/><W87/><REACH who="3" step="1"/><G89/><REACH who="3" ten="151,220,438,181" step="2"/><T101/><D114/><U48/><E129/><V11/><F111/><W110/><G110/><T52/><D32/><U12/><E66/><V131/><F131/><W102/><G102/><N who="0" m="38923" /><D34/><U132/><E90/><V33/><F33/><W76/><G76/><T127/><D127/><U18/><E125/><V64/><F78/><W133/><G133/><T40/><D27/><U23/><E132/><V8/><F72/><W7/><G7/><N who="0" m="3423" /><D21/><U85/><E23/><V6/><F6/><W44/><G44/><T93/><D40/><U107/><E4/><V83/><F41/><W106/><G106/><T122/><D122/><U124/><E107/><V118/><F118/><W17/><G17/><T82/><D52/><N who="1" m="31751" /><E5/><V60/><F64/><W42/><G42/><T77/><D77/><U28/><E121/><V112/><F112/><W92/><G92/><T50/><D50/><AGARI ba="1,1" hai="20,24,30,50,55,58,73,75,87,91,95,99,100,104" machi="50" ten="30,3900,0" yaku="1,1,7,1,52,1,53,0" doraHai="54" doraHaiUra="134" who="3" fromWho="0" sc="151,-42,220,0,438,0,181,52" /><INIT seed="3,0,0,2,2,56" ten="109,220,438,233" oya="3" hai0="30,83,40,102,20,71,31,70,105,127,34,11,7" hai1="103,19,29,133,2,9,91,121,88,123,10,73,46" hai2="125,98,48,0,8,112,33,66,106,22,5,131,28" hai3="84,92,4,68,24,81,78,23,107,59,74,89,124"/><W26/><G124/><T72/><D127/><U52/><E73/><V82/><F112/><W62/><G68/><T119/><D119/><U60/><E103/><V104/><F131/><W3/><G107/><T65/><D40/><U43/><E29/><V85/><F33/><W27/><G3/><T120/><D20/><U134/><E2/><V42/><F66/><W117/><G4/><T14/><D120/><U99/><E121/><V54/><F42/><W87/><G117/><T32/><D65/><U36/><E99/><V17/><F98/><W41/><G41/><T94/><D94/><U25/><E25/><V35/><F35/><W77/><G74/><T55/><D55/><U16/><E9/><V132/><F28/><W18/><G77/><T6/><D72/><U122/><E122/><V108/><F132/><N who="1" m="50793" /><E123/><V21/><F108/><W75/><G75/><T100/><D83/><U53/><E53/><AGARI ba="0,0" hai="18,23,24,26,27,53,59,62,78,81,84,87,89,92" machi="53" ten="30,5800,0" yaku="7,1,8,1,52,1" doraHai="56" who="3" fromWho="1" sc="109,0,220,-58,438,0,233,58" /><INIT seed="3,1,0,0,4,76" ten="109,162,438,291" oya="3" hai0="5,65,134,123,48,114,87,40,39,125,93,103,94" hai1="126,21,131,127,128,20,75,70,34,61,46,62,57" hai2="118,7,107,120,26,71,58,38,79,17,10,3,56" hai3="96,55,90,68,122,85,80,11,102,16,43,110,69"/><W60/><G122/><T25/><D125/><N who="1" m="47627" /><E75/><V53/><F71/><W32/><G32/><T104/><D134/><U129/><E34/><V106/><F38/><W41/><G110/><T67/><D114/><U9/><E9/><V133/><F118/><W23/><G11/><T22/><D5/><U72/><E72/><V91/><F79/><W83/><G69/><T29/><D123/><U54/><E46/><V28/><F56/><N who="3" m="34847" /><G68/><T92/><D104/><U73/><E73/><V52/><F53/><W36/><G36/><T132/><D132/><U1/><E1/><V42/><F42/><N who="3" m="15883" /><G96/><T97/><D97/><U78/><E78/><V50/><F133/><W95/><G102/><T59/><D103/><U64/><AGARI ba="1,0" hai="20,21,54,57,61,62,64,70,128,129,131" m="47627" machi="64" ten="40,2700,0" yaku="19,1,18,1" doraHai="76" who="1" fromWho="1" sc="109,-8,162,30,438,-8,291,-14" owari="101,-39.9,192,-20.8,430,53.0,277,7.7" /></mjloggm>