<mjloggm ver="2.3"><GO type="225" lobby="0"/><UN n0="%E6%A0%B9%E5%85%83%E3%81%8B%E3%82%89%E5%90%B9%E3%81%A3%E9%A3%9B%E3%81%B6" n1="%72%61%6B%33" n2="%E8%A8%88%E7%AE%97%E6%A9%9F%E8%87%AA%E7%84%B6" n3="%E4%B8%AD%E5%B9%B4%E3%81%AE%E5%8D%B1%E6%A9%9F" dan="17,17,17,17" rate="2241.36,2171.90,2203.49,2190.95" sx="F,M,M,M"/><TAIKYOKU oya="0"/><INIT seed="0,0,0,4,4,30" ten="250,250,250,250" oya="0" hai0="54,113,111,62,38,77,129,87,41,89,17,60,40" hai1="135,37,92,117,53,15,58,80,98,96,26,8,20" hai2="21,120,2,10,119,56,110,19,94,118,93,9,105" hai3="0,88,133,132,86,35,25,76,51,90,61,63,31"/><T79/><D113/><U131/><E135/><N who="3" m="51786" /><G0/><T57/><D129/><U121/><E131/><V103/><F120/><W83/><G51/><T100/><D100/><U72/><E37/><V101/><F110/><W74/><G90/><T67/><D111/><U91/><E117/><N who="2" m="44555" /><F56/><W65/><G65/><T52/><D17/><U123/><E98/><N who="2" m="61623" /><F2/><W95/><AGARI ba="0,0" hai="25,31,35,61,63,74,76,83,86,88,95" m="51786" machi="95" ten="30,4000,0" yaku="20,1,52,1,54,1" doraHai="30" who="3" fromWho="3" sc="250,-20,250,-10,250,-10,250,40" /><INIT seed="1,0,0,4,4,105" ten="230,240,240,290" oya="1" hai0="128,116,99,119,93,62,21,59,41,66,125,102,65" hai1="18,42,115,118,126,83,77,19,96,57,33,13,11" hai2="28,30,60,124,63,46,23,69,110,31,112,50,73" hai3="14,91,44,131,32,122,56,64,6,9,88,81,101"/><U2/><E115/><V104/><F104/><W24/><G122/><T89/><D125/><U54/><E126/><V135/><F124/><W26/><G131/><T53/><D128/><U90/><E118/><V27/><F112/><W113/><G113/><T43/><D119/><U97/><E33/><V29/><F110/><W12/><G101/><T70/><D116/><U20/><E42/><N who="0" m="15881" /><D70/><U103/><E90/><N who="3" m="34346" /><G32/><T107/><D107/><U82/><E103/><V98/><F98/><W121/><G121/><T5/><D5/><U79/><E2/><V100/><F100/><W86/><G44/><T74/><D74/><U40/><E40/><N who="2" m="24903" /><F73/><W76/><G14/><T114/><D114/><U129/><E129/><V34/><F69/><W1/><G1/><T39/><D39/><U68/><E68/><V49/><F135/><W10/><G10/><T16/><D102/><U3/><E3/><V47/><F34/><W95/><G95/><T15/><AGARI ba="0,0" hai="15,16,21,53,59,62,65,66,89,93,99" m="15881" machi="15" ten="30,2000,0" yaku="8,1,54,1" doraHai="105" who="0" fromWho="0" sc="230,20,240,-10,240,-5,290,-5" /><INIT seed="2,0,0,1,5,65" ten="250,230,235,285" oya="2" hai0="103,133,123,131,42,32,66,64,80,36,43,1,28" hai1="30,108,8,57,92,120,121,13,60,124,81,24,56" hai2="35,68,118,101,132,84,87,89,55,100,54,97,109" hai3="90,31,114,48,130,72,63,129,7,23,113,135,76"/><V9/><F118/><W115/><G135/><T88/><D123/><U116/><E116/><V39/><F35/><W122/><G122/><T91/><D1/><U70/><E108/><V102/><F39/><W17/><G7/><T106/><D32/><U127/><E92/><N who="2" m="56463" /><F68/><W52/><G31/><T5/><D36/><U3/><E3/><V10/><F132/><W26/><G63/><T22/><D106/><U27/><E81/><V69/><F69/><W83/><REACH who="3" step="1"/><G90/><REACH who="3" ten="250,230,235,275" step="2"/><T12/><D88/><U37/><E60/><V98/><F109/><W11/><G11/><N who="2" m="4105" /><F98/><W119/><G119/><T128/><D5/><U95/><E121/><V77/><F87/><W34/><G34/><T74/><D133/><U93/><E120/><V21/><F21/><W125/><G125/><T96/><D96/><U46/><E8/><V6/><F6/><W44/><AGARI ba="0,1" hai="17,23,26,44,48,52,72,76,83,113,114,115,129,130" machi="44" ten="40,8000,1" yaku="1,1,0,1,11,1,54,1,53,0" doraHai="65" doraHaiUra="38" who="3" fromWho="3" sc="250,-20,230,-20,235,-40,275,90" /><INIT seed="3,0,0,1,4,121" ten="230,210,195,365" oya="3" hai0="68,117,125,122,106,0,75,44,22,123,134,65,46" hai1="6,25,4,95,56,85,111,107,81,19,53,62,129" hai2="116,61,57,32,45,100,77,119,40,42,113,48,1" hai3="43,89,73,7,33,88,99,2,102,91,28,36,23"/><W34/><G73/><T115/><D22/><N who="1" m="13535" /><E111/><V86/><F1/><W24/><G36/><T27/><D46/><U114/><E107/><V9/><F32/><W12/><G43/><T47/><D44/><U96/><E129/><V76/><F113/><W128/><G128/><T109/><D47/><U93/><E114/><V11/><F40/><W72/><G72/><T3/><D65/><U135/><E135/><V29/><F29/><W63/><G63/><T97/><D97/><U118/><E118/><V18/><F100/><W103/><G103/><T55/><D27/><U92/><E96/><V112/><F112/><W66/><G66/><T83/><D83/><U52/><E53/><V59/><F59/><W21/><G2/><T13/><D55/><U87/><E87/><V37/><F37/><W74/><G74/><T70/><D70/><U101/><E101/><V38/><F38/><W127/><G127/><T17/><D0/><U79/><AGARI ba="0,0" hai="4,6,52,56,62,79,81,85,92,93,95" m="13535" machi="79" ten="30,2000,0" yaku="8,1,54,1" doraHai="121" who="1" fromWho="1" sc="230,-5,210,20,195,-5,365,-10" owari="225,-17.5,230,3.0,190,-31.0,355,45.5" /></mjloggm>