<mjloggm ver="2.3"><GO type="225" lobby="0"/><UN n0="%E6%A1%9C%E8%8A%B1%E9%96%83%E3%80%85" n1="%E9%B3%B3%E6%9D%B1%E3%81%AE%E3%81%86%E3%81%95%E3%81%8E%E3%81%95%E3%82%93" n2="%6D%75%75%6D%75%72%61" n3="%E3%83%AB%E3%83%9B%E3%83%B3%E3%83%87%E3%82%A3%E3%82%A8" dan="17,16,17,17" rate="2197.02,2155.35,2196.42,2173.86" sx="M,M,F,M"/><TAIKYOKU oya="0"/><INIT seed="0,0,0,4,4,66" ten="250,250,250,250" oya="0" hai0="130,53,99,131,7,118,22,67,40,97,105,82,13" hai1="37,83,71,103,87,69,98,2,133,34,114,74,129" hai2="0,134,27,116,115,68,19,95,56,92,52,11,35" hai3="86,32,20,33,93,48,123,102,124,135,65,90,121"/><T57/><D118/><U128/><E133/><V51/><F116/><W38/><G38/><T84/><D40/><U54/><E74/><V85/><F134/><W10/><G135/><T88/><D67/><U1/><E37/><V60/><F115/><W106/><G124/><T91/><D105/><N who="1" m="63735" /><E54/><V76/><F35/><W89/><G10/><N who="0" m="4319" /><D22/><U59/><E59/><V125/><F125/><W23/><G48/><N who="0" m="30887" /><D91/><N who="1" m="51711" /><E34/><V78/><F0/><N who="1" m="105" /><E114/><V73/><F73/><W43/><G43/><T39/><D39/><U108/><E108/><V132/><F132/><W64/><G106/><T58/><D58/><U24/><E24/><V119/><F119/><W31/><G102/><T77/><D77/><U14/><E14/><V36/><F36/><W104/><G104/><T47/><D47/><U109/><E109/><V17/><F11/><W4/><G4/><T26/><D26/><U15/><E15/><V63/><F76/><W110/><G110/><T6/><D6/><U94/><E94/><V72/><F72/><W21/><G31/><T8/><D8/><U80/><E80/><N who="2" m="47255" /><F27/><W117/><G117/><T70/><D70/><U46/><E46/><N who="2" m="27767" /><F68/><W101/><G101/><T30/><D30/><U16/><E16/><N who="2" m="6219" /><F60/><W5/><G5/><T28/><D28/><U45/><E45/><V29/><F29/><W25/><G25/><T62/><D62/><U96/><E71/><V44/><F44/><W100/><G100/><T41/><D41/><U113/><E69/><V42/><F42/><W127/><G127/><T79/><D79/><U81/><E113/><V61/><F61/><W55/><G33/><RYUUKYOKU ba="0,0" sc="250,15,250,-15,250,15,250,-15" hai0="82,84,88,97,99,130,131" hai2="56,63,92,95" /><INIT seed="0,1,0,5,4,56" ten="265,235,265,235" oya="0" hai0="120,33,24,8,57,105,96,92,34,7,98,110,95" hai1="108,121,37,79,107,80,70,4,133,11,9,20,53" hai2="0,48,100,118,109,117,93,21,44,116,81,38,84" hai3="106,26,50,114,82,60,113,75,22,126,85,35,99"/><T129/><D120/><U62/><E121/><V102/><F109/><W52/><G35/><T101/><D129/><U78/><E108/><V16/><F0/><W115/><G126/><T3/><D110/><U65/><E133/><V2/><F38/><W10/><G75/><T19/><D105/><U132/><E132/><V90/><F2/><W47/><G10/><T40/><D40/><U86/><E37/><V131/><F131/><W135/><G135/><T30/><D34/><U25/><E107/><V76/><F48/><W23/><G106/><T125/><D125/><U87/><E53/><V58/><F58/><W1/><G1/><T32/><D32/><U36/><E36/><V29/><F29/><W55/><G99/><T94/><D96/><U97/><E97/><V104/><F44/><W134/><G134/><T18/><D18/><U49/><E49/><V12/><REACH who="2" step="1"/><F104/><REACH who="2" ten="265,235,255,235" step="2"/><W28/><G115/><T73/><D57/><U59/><E70/><V88/><F88/><N who="3" m="51255" /><G114/><T63/><D3/><U45/><E45/><V5/><F5/><W64/><G113/><T51/><D7/><U54/><E4/><V124/><F124/><W14/><G64/><T89/><D51/><U83/><E65/><V91/><F91/><W69/><G69/><T71/><D89/><U31/><AGARI ba="1,1" hai="9,11,20,25,31,54,59,62,78,79,80,83,86,87" machi="31" ten="20,8000,1" yaku="0,1,7,1,9,1,8,1,52,1" doraHai="56" who="1" fromWho="1" sc="265,-41,235,93,255,-21,235,-21" /><INIT seed="1,0,0,4,1,41" ten="224,328,234,214" oya="1" hai0="65,90,24,102,79,93,135,110,7,10,68,116,64" hai1="125,63,80,127,114,84,31,70,106,133,51,67,61" hai2="113,48,129,36,53,28,47,76,95,73,89,132,94" hai3="105,72,74,14,17,97,120,4,40,83,82,3,5"/><U33/><E114/><V77/><F113/><W98/><G120/><T87/><D116/><U117/><E117/><V88/><F129/><W12/><G40/><T13/><D110/><U39/><E39/><V112/><F36/><W18/><REACH who="3" step="1"/><G3/><REACH who="3" ten="224,328,234,204" step="2"/><T118/><D118/><U45/><E127/><V16/><F112/><W107/><AGARI ba="0,1" hai="4,5,12,14,17,18,72,74,82,83,97,98,105,107" machi="107" ten="25,8000,1" yaku="1,1,2,1,0,1,22,2,53,0" doraHai="41" doraHaiUra="108" who="3" fromWho="3" sc="224,-20,328,-40,234,-20,204,90" /><INIT seed="2,0,0,3,4,97" ten="204,288,214,294" oya="2" hai0="4,65,82,49,111,67,7,88,123,96,122,57,25" hai1="68,53,74,60,10,24,66,127,129,103,0,100,2" hai2="116,38,104,31,105,77,48,118,26,94,43,55,61" hai3="124,87,28,51,69,35,64,89,56,20,128,18,106"/><V5/><F77/><W121/><G106/><T135/><D111/><U99/><E74/><V98/><F61/><W75/><G75/><T9/><D135/><U71/><E71/><V12/><F38/><W3/><G3/><T80/><D25/><U101/><E129/><V6/><F43/><W108/><G121/><T62/><D67/><U131/><E131/><V120/><F120/><W39/><G39/><T52/><D123/><U126/><E99/><V19/><F105/><W83/><G35/><T107/><D122/><U109/><E109/><V45/><F104/><W34/><G34/><T102/><D88/><U23/><E53/><V46/><F46/><W79/><G69/><T119/><D119/><U27/><E27/><V115/><F115/><W50/><G28/><T110/><D110/><U113/><E113/><V133/><F133/><W8/><G8/><T1/><REACH who="0" step="1"/><D7/><REACH who="0" ten="194,288,214,294" step="2"/><U41/><E24/><V47/><F116/><W13/><G108/><T70/><AGARI ba="0,1" hai="1,4,9,49,52,57,62,65,70,80,82,96,102,107" machi="70" ten="20,12000,2" yaku="1,1,2,1,0,1,7,1,52,1,54,1,53,1" doraHai="97" doraHaiUra="44" who="0" fromWho="0" sc="194,130,288,-30,214,-60,294,-30" /><INIT seed="3,0,0,3,5,102" ten="324,258,154,264" oya="3" hai0="131,116,133,96,50,64,80,109,122,44,86,91,34" hai1="24,126,37,10,74,57,134,90,31,42,45,35,127" hai2="49,79,55,123,130,85,62,11,43,23,65,20,0" hai3="63,94,71,70,3,60,92,8,100,108,40,78,14"/><W107/><G3/><T104/><D122/><U28/><E134/><V112/><F112/><W81/><G108/><T84/><D116/><U16/><E74/><V12/><F130/><W32/><G32/><T7/><D34/><U135/><E135/><V13/><F0/><W4/><G71/><T110/><D133/><U82/><E28/><V95/><F123/><W33/><G33/><T61/><D7/><U75/><E57/><V51/><F12/><W115/><G115/><T87/><D131/><U27/><E10/><V120/><F120/><W93/><G70/><N who="0" m="42255" /><D104/><U59/><E59/><V39/><F39/><W98/><REACH who="3" step="1"/><G40/><REACH who="3" ten="324,258,154,254" step="2"/><T128/><D128/><U99/><E127/><V117/><F117/><W105/><G105/><T66/><D110/><U67/><E126/><V29/><F43/><W9/><G9/><T72/><D109/><U69/><E69/><V111/><F111/><W83/><G83/><T18/><D80/><U17/><E82/><V38/><F11/><W106/><G106/><T77/><D77/><U114/><E114/><V53/><F79/><W125/><G125/><T56/><D72/><AGARI ba="0,1" hai="4,8,14,60,63,72,78,81,92,93,94,98,100,107" machi="72" ten="40,12000,1" yaku="1,1,52,1,53,3" doraHai="102" doraHaiUra="88" who="3" fromWho="0" sc="324,-120,258,0,154,0,254,130" owari="204,-19.6,258,5.8,154,-34.6,384,48.4" /></mjloggm>