<mjloggm ver="2.3"><GO type="225" lobby="0"/><UN n0="%E8%90%BD%E6%97%A5" n1="%E3%81%82%E3%83%BC%E3%81%97" n2="%E3%81%9F%E3%81%93%E2%98%86%E7%84%BC%E3%81%8D" n3="%E3%81%AA%E3%81%A1%30%39%32%37" dan="19,16,16,16" rate="2237.05,2101.14,2065.38,2033.11" sx="F,M,M,M"/><TAIKYOKU oya="0"/><INIT seed="0,0,0,2,3,37" ten="250,250,250,250" oya="0" hai0="118,17,18,24,47,93,101,94,48,16,108,0,82" hai1="32,69,112,106,76,71,125,81,15,64,78,68,39" hai2="127,10,115,8,2,60,31,124,131,111,90,61,67" hai3="59,135,55,56,43,26,103,72,74,36,86,46,110"/><T65/><D118/><U109/><E106/><V53/><F115/><W92/><G110/><T83/><D0/><U99/><E109/><V33/><F111/><W42/><G135/><T114/><D108/><U28/><E39/><V51/><F131/><W95/><G26/><T128/><D114/><U97/><E112/><V49/><F31/><W122/><G122/><T29/><D128/><U13/><E64/><V100/><F33/><W104/><G104/><T116/><D65/><U20/><E32/><V85/><F100/><W121/><G121/><T91/><D101/><U1/><E1/><V98/><F98/><W133/><G86/><T132/><D132/><U38/><E38/><V11/><F49/><W5/><G36/><T73/><D116/><U19/><E28/><V3/><F67/><W66/><G66/><T14/><D14/><U120/><E125/><N who="2" m="48203" /><F2/><W126/><G103/><T134/><D134/><U22/><E120/><V9/><N who="2" m="2048" /><DORA hai="63" /><V4/><F4/><W23/><G5/><T12/><D12/><U70/><N who="1" m="17408" /><DORA hai="41" /><U89/><E89/><V117/><F117/><W35/><G35/><T107/><D107/><U77/><E81/><N who="0" m="30729" /><D73/><U27/><E27/><V96/><F96/><W87/><G74/><T130/><D91/><U84/><E84/><V119/><F119/><W58/><G72/><T45/><D130/><U34/><E34/><V62/><F3/><W88/><G126/><T75/><D75/><U105/><E105/><V30/><F90/><W52/><G133/><T102/><D102/><U21/><E15/><V113/><F113/><W80/><G88/><RYUUKYOKU ba="0,0" sc="250,-10,250,30,250,-10,250,-10" hai1="13,19,20,21,22,76,77,78,97,99" /><INIT seed="1,1,0,3,0,71" ten="240,280,240,240" oya="1" hai0="66,0,20,44,81,61,109,85,114,2,6,32,23" hai1="10,95,31,50,65,104,89,12,58,74,94,42,63" hai2="52,48,111,97,4,80,82,18,75,67,70,128,86" hai3="8,47,28,25,60,127,56,29,11,122,118,124,107"/><U96/><E74/><V77/><F111/><W64/><G122/><T22/><D114/><U7/><E104/><V135/><F128/><W88/><G118/><T72/><D109/><U17/><E31/><V14/><F4/><W59/><G107/><T57/><D32/><U26/><E42/><V16/><F135/><W92/><G47/><T91/><D6/><U24/><E50/><V43/><F43/><W78/><G59/><T37/><REACH who="0" step="1"/><D72/><REACH who="0" ten="230,280,240,240" step="2"/><U5/><E5/><V76/><F97/><W123/><G123/><T62/><D62/><U51/><E7/><V131/><F131/><W46/><G60/><T130/><D130/><U115/><E115/><V34/><F34/><W100/><G127/><T49/><D49/><U33/><E33/><V129/><F129/><W132/><G124/><T13/><D13/><U87/><REACH who="1" step="1"/><E51/><REACH who="1" ten="230,270,240,240" step="2"/><V108/><F48/><W83/><G132/><T102/><D102/><AGARI ba="1,2" hai="10,12,17,24,26,58,63,65,87,89,94,95,96,102" machi="102" ten="30,11600,0" yaku="1,1,2,1,7,1,8,1,53,0" doraHai="71" doraHaiUra="79" who="1" fromWho="0" sc="230,-119,270,139,240,0,240,0" /><INIT seed="1,2,0,2,0,71" ten="111,409,240,240" oya="1" hai0="33,108,32,104,37,86,77,53,28,20,131,27,51" hai1="114,96,42,9,63,6,89,30,83,14,122,45,129" hai2="64,124,125,7,111,73,105,41,67,70,58,74,92" hai3="76,88,121,132,134,46,1,13,24,40,18,61,34"/><U2/><E114/><V5/><F70/><W133/><G121/><T8/><D104/><U75/><E122/><V16/><F41/><W69/><G76/><T15/><D108/><U47/><E30/><V93/><F105/><W72/><G72/><T98/><D131/><U117/><E117/><V68/><F68/><W50/><G1/><T126/><D126/><U95/><E129/><V110/><F58/><W115/><G115/><T60/><D60/><U56/><E14/><V11/><F11/><W135/><G135/><T3/><D98/><U36/><E47/><V0/><F0/><W82/><G61/><T49/><D49/><U102/><E89/><V55/><F55/><W54/><G69/><T90/><D77/><U44/><E44/><V23/><F23/><W103/><G103/><T120/><D120/><U118/><E118/><V21/><F21/><W99/><G40/><T78/><D78/><N who="1" m="44511" /><E56/><V22/><REACH who="2" step="1"/><F22/><REACH who="2" ten="111,409,230,240" step="2"/><W100/><G134/><T66/><D3/><U107/><E107/><V85/><F85/><N who="3" m="50231" /><G24/><T101/><D27/><U29/><E63/><V10/><F10/><N who="3" m="6455" /><G34/><T12/><D33/><U57/><E57/><V84/><F84/><W17/><G17/><AGARI ba="2,1" hai="5,7,16,17,64,67,73,74,92,93,110,111,124,125" machi="17" ten="25,6400,0" yaku="1,1,22,2,54,1,53,0" doraHai="71" doraHaiUra="113" who="2" fromWho="3" sc="111,0,409,0,230,80,240,-70" /><INIT seed="2,0,0,2,5,118" ten="111,409,310,170" oya="2" hai0="110,126,46,7,47,82,55,115,59,132,90,73,134" hai1="63,78,70,130,9,107,117,12,38,39,131,116,35" hai2="99,62,121,100,33,6,54,65,83,106,50,76,44" hai3="114,64,71,113,127,119,52,2,103,75,86,74,28"/><V45/><F33/><W13/><G2/><T36/><D115/><U21/><E35/><V125/><F125/><W56/><G119/><T16/><D126/><U72/><E107/><V120/><F6/><W95/><G127/><T11/><D110/><U37/><E21/><V14/><F14/><W128/><G128/><N who="1" m="49194" /><E78/><V4/><F4/><W10/><G28/><T49/><D7/><N who="1" m="3135" /><E72/><V108/><F108/><W104/><G104/><T18/><D11/><U105/><E105/><V67/><F44/><N who="0" m="16938" /><D36/><U102/><E102/><V92/><F106/><W43/><G13/><T94/><D73/><U80/><E80/><V133/><F133/><N who="0" m="51306" /><D82/><U1/><E1/><V101/><F100/><W123/><G10/><T22/><D22/><U20/><E20/><V109/><F109/><W112/><G74/><T23/><D23/><U135/><E135/><V15/><F15/><W24/><G75/><T32/><D32/><U85/><E85/><AGARI ba="0,0" hai="16,18,49,55,59,85,90,94" m="51306,16938" machi="85" ten="30,2000,0" yaku="20,1,54,1" doraHai="118" who="0" fromWho="1" sc="111,20,409,-20,310,0,170,0" /><INIT seed="3,0,0,2,2,14" ten="131,389,310,170" oya="3" hai0="66,2,81,113,21,111,134,122,47,13,39,120,126" hai1="26,101,55,54,34,52,15,82,51,68,7,106,119" hai2="41,96,65,27,30,77,114,116,46,8,73,93,71" hai3="23,70,86,57,135,123,130,36,105,115,33,53,92"/><W5/><G33/><T79/><D2/><U69/><E101/><V49/><F114/><W43/><G115/><T97/><D113/><U87/><E106/><V48/><F8/><W56/><G70/><T84/><D111/><U110/><E51/><V61/><F116/><W35/><G35/><T76/><D126/><U99/><E99/><V19/><F77/><W63/><G105/><T85/><D134/><U128/><E110/><V28/><F73/><W89/><G123/><T83/><D66/><U58/><E58/><V10/><F49/><W72/><G72/><T131/><D131/><U4/><E128/><V45/><F46/><W6/><G135/><T117/><D97/><U74/><E74/><V50/><F48/><W80/><G130/><T20/><D117/><U109/><E109/><V98/><F98/><W31/><G56/><T59/><D59/><U108/><E108/><V125/><F125/><W91/><G43/><T3/><D3/><U127/><E127/><V40/><F41/><W118/><G36/><T88/><D88/><N who="1" m="51319" /><E4/><V78/><F78/><W129/><G129/><T24/><D47/><U60/><E60/><V124/><F124/><W29/><G91/><T44/><D44/><U17/><E7/><V64/><F65/><W102/><G80/><T38/><D13/><U67/><E67/><V18/><F10/><W75/><G102/><T95/><D95/><U11/><E119/><V12/><F12/><W104/><G104/><T107/><D107/><U103/><E103/><N who="2" m="60815" /><F27/><N who="3" m="16639" /><G75/><T132/><D132/><U25/><E34/><V22/><F22/><W32/><G118/><RYUUKYOKU ba="0,0" sc="131,0,389,0,310,0,170,0" hai0="20,21,24,38,39,76,79,81,83,84,85,120,122" hai1="11,15,17,25,26,52,54,55,68,69" hai2="18,19,28,30,40,45,50,61,64,71" hai3="5,6,31,32,53,57,63,86,89,92" /><INIT seed="3,1,0,2,3,45" ten="131,389,310,170" oya="3" hai0="123,74,43,107,40,53,70,85,42,106,84,29,2" hai1="72,52,105,95,46,108,133,62,112,130,19,109,51" hai2="111,86,87,83,11,3,101,121,18,92,100,8,61" hai3="102,66,34,10,119,21,80,98,122,23,71,89,63"/><W32/><G119/><T41/><N who="0" m="10240" /><DORA hai="47" /><T81/><D123/><U131/><E105/><V73/><F3/><W33/><G122/><T12/><D2/><U91/><E72/><V128/><F61/><W37/><G37/><T115/><D70/><U31/><E31/><V132/><F111/><N who="1" m="42569" /><E112/><V68/><F68/><W97/><G10/><T39/><D39/><U36/><E36/><V6/><F73/><W4/><G4/><T114/><D29/><U30/><E30/><V49/><F128/><W103/><G80/><T16/><D74/><U76/><E76/><V129/><F129/><W22/><REACH who="3" step="1"/><G89/><REACH who="3" ten="131,389,310,160" step="2"/><N who="0" m="51343" /><D85/><U69/><E131/><V116/><F83/><W113/><G113/><N who="0" m="43019" /><D53/><U88/><E52/><V57/><F6/><W127/><G127/><T25/><D25/><U55/><E55/><V96/><F121/><W1/><G1/><T67/><D67/><U44/><E130/><V94/><F116/><W35/><N who="3" m="8192" /><DORA hai="54" /><W56/><G56/><T14/><D14/><U124/><E124/><V125/><F57/><W93/><G93/><T65/><D65/><U0/><E95/><V104/><F125/><W110/><G110/><T26/><D26/><U9/><E0/><V13/><F13/><W58/><G58/><T77/><D77/><U17/><E69/><V90/><F94/><W75/><G75/><T20/><AGARI ba="1,1" hai="12,16,20,106,107" m="43019,51343,10240" machi="20" ten="50,3200,0" yaku="11,1,54,1" doraHai="45,47,54" who="0" fromWho="0" sc="131,45,389,-9,310,-9,160,-17" owari="176,-22.4,380,48.0,301,10.1,143,-35.7" /></mjloggm>