<mjloggm ver="2.3"><GO type="225" lobby="0"/><UN n0="%E3%81%9F%E3%81%8C%E3%82%84%E3%81%99" n1="%33%74%72%65%65" n2="%E3%83%AD%E3%83%83%E3%83%86%E9%9B%80%E7%90%83" n3="%E9%A2%A8%E3%81%A7%E9%B3%B4%E3%81%8F" dan="16,17,17,16" rate="2110.75,2146.23,2179.98,2130.51" sx="M,F,M,M"/><TAIKYOKU oya="0"/><INIT seed="0,0,0,1,3,29" ten="250,250,250,250" oya="0" hai0="3,84,50,131,78,72,114,117,7,2,13,109,95" hai1="96,48,16,65,104,97,31,46,22,83,80,61,51" hai2="81,127,8,132,107,135,69,91,118,28,74,44,41" hai3="68,21,66,133,52,89,35,76,23,75,45,56,5"/><T63/><D72/><U47/><E31/><V17/><F69/><W101/><G101/><T12/><D117/><U32/><E32/><V11/><F107/><W24/><G133/><N who="2" m="51273" /><F127/><W42/><G5/><T18/><D114/><U82/><E104/><V88/><F118/><W43/><G43/><T34/><D34/><U54/><E65/><V105/><F105/><W102/><G89/><N who="2" m="34377" /><F17/><W125/><G102/><T93/><D18/><U38/><E38/><N who="2" m="21559" /><F28/><N who="3" m="19847" /><G76/><AGARI ba="0,0" hai="8,11,74,76,81" m="21559,34377,51273" machi="76" ten="30,2000,0" yaku="20,1,54,1" doraHai="29" who="2" fromWho="3" sc="250,0,250,0,250,20,250,-20" /><INIT seed="1,0,0,4,5,45" ten="250,250,270,230" oya="1" hai0="126,74,96,129,68,118,90,20,80,38,130,104,61" hai1="111,115,82,46,44,27,29,6,39,40,132,17,9" hai2="63,32,56,101,99,91,13,31,98,109,48,24,124" hai3="131,55,5,4,121,28,107,113,135,123,3,79,88"/><U49/><E115/><V85/><F109/><W70/><G107/><T125/><D38/><U95/><E111/><V86/><F124/><N who="0" m="47722" /><D20/><U60/><E132/><V67/><F13/><W103/><G103/><N who="0" m="62567" /><D61/><U0/><E17/><V1/><F1/><W64/><G113/><T51/><D68/><U23/><E60/><V42/><F101/><W7/><G64/><T53/><D118/><U8/><E8/><V19/><F19/><W133/><G70/><T66/><D66/><U12/><E95/><V22/><F32/><W43/><G43/><T93/><D80/><U21/><E82/><N who="2" m="49591" /><F86/><W57/><G79/><T54/><D54/><U105/><E105/><V2/><F2/><W108/><G28/><T65/><D65/><U128/><E0/><V78/><F78/><W72/><G108/><T97/><D74/><U50/><E39/><V36/><F36/><W25/><G72/><T30/><D30/><U15/><E15/><V41/><F41/><W52/><G25/><T73/><D73/><U117/><E117/><V87/><F87/><W83/><G3/><T89/><D90/><U120/><E29/><V11/><F11/><W114/><G88/><T100/><D89/><U76/><E40/><V77/><F77/><W110/><G83/><T33/><D33/><U18/><E76/><V69/><F69/><W92/><G110/><T134/><D134/><U94/><E9/><V58/><F58/><AGARI ba="0,0" hai="51,53,58,93,97,100,129,130" m="62567,47722" machi="58" ten="30,2000,0" yaku="18,1,52,1" doraHai="45" who="0" fromWho="2" sc="250,20,250,0,270,-20,230,0" /><INIT seed="2,0,0,3,4,71" ten="270,250,250,230" oya="2" hai0="24,103,3,119,31,132,115,52,89,55,111,44,95" hai1="57,86,38,110,122,9,61,54,97,11,56,43,42" hai2="27,8,18,79,96,126,88,53,64,135,104,32,100" hai3="34,90,58,10,45,117,6,81,134,67,112,77,63"/><V29/><F126/><W123/><G134/><T50/><D3/><U118/><E118/><V62/><F135/><W124/><G117/><T0/><D0/><U19/><E110/><V48/><F79/><W4/><G34/><T73/><D73/><U107/><E122/><V125/><F125/><W127/><G123/><T26/><D132/><U74/><E74/><V99/><F8/><W23/><G112/><T82/><D119/><U98/><E107/><V41/><F18/><W5/><G10/><N who="1" m="3594" /><E38/><V129/><F41/><N who="1" m="15369" /><E19/><V65/><F129/><W78/><G45/><T102/><D115/><U131/><E131/><V133/><F133/><W121/><G121/><T120/><D111/><U7/><E7/><V59/><REACH who="2" step="1"/><F48/><REACH who="2" ten="270,250,240,230" step="2"/><W20/><G127/><T46/><D50/><N who="1" m="30807" /><E86/><V51/><F51/><W12/><G124/><T40/><D120/><U92/><E92/><AGARI ba="0,1" hai="27,29,32,53,59,62,64,65,88,92,96,99,100,104" machi="92" ten="40,3900,0" yaku="1,1,54,1,53,0" doraHai="71" doraHaiUra="16" who="2" fromWho="1" sc="270,0,250,-39,240,49,230,0" /><INIT seed="2,1,0,5,5,12" ten="270,211,289,230" oya="2" hai0="17,87,20,48,81,46,106,39,9,51,112,19,14" hai1="109,31,33,82,8,59,88,29,38,98,49,119,28" hai2="54,0,85,30,102,111,104,83,79,84,94,50,110" hai3="58,116,107,100,80,63,74,16,86,34,66,91,52"/><V135/><F0/><W56/><G116/><T95/><D106/><U75/><E119/><V23/><F104/><W78/><G34/><T69/><D69/><U24/><E38/><V4/><F4/><W89/><G74/><T57/><D112/><U5/><E109/><N who="2" m="41483" /><F135/><W35/><G35/><T25/><D39/><U55/><E75/><N who="2" m="43519" /><F102/><W65/><G65/><T120/><D120/><U108/><E108/><V133/><F94/><W127/><G127/><T77/><D57/><U42/><E42/><V93/><F93/><W72/><G72/><T73/><REACH who="0" step="1"/><D46/><REACH who="0" ten="260,211,289,230" step="2"/><U67/><E67/><V47/><F133/><W10/><G107/><T26/><D26/><AGARI ba="1,1" hai="23,26,30,47,50,54,84,85" m="43519,41483" machi="26" ten="30,2900,0" yaku="14,1,10,1" doraHai="12" who="2" fromWho="0" sc="260,-32,211,0,289,42,230,0" /><INIT seed="2,2,0,0,2,105" ten="228,211,331,230" oya="2" hai0="30,135,31,24,54,113,9,44,69,6,17,84,85" hai1="112,73,34,100,78,4,95,93,27,86,62,131,82" hai2="68,55,52,133,83,22,79,11,14,45,1,48,77" hai3="67,65,15,70,98,53,92,56,26,41,57,118,124"/><V122/><F122/><W71/><G118/><T90/><D69/><U97/><E112/><V109/><F68/><W33/><G71/><T32/><D113/><U49/><E131/><V16/><F133/><W63/><G70/><T120/><D120/><U106/><E4/><N who="2" m="3431" /><F1/><W121/><G121/><T130/><D130/><U76/><E62/><V132/><F109/><W64/><G124/><T28/><D135/><U75/><E49/><N who="2" m="28719" /><F83/><W114/><G114/><T23/><D32/><U127/><E127/><V94/><F94/><N who="1" m="35849" /><E27/><N who="2" m="14791" /><F132/><W128/><G33/><T10/><D6/><U134/><E34/><V66/><F66/><W129/><G67/><T80/><D54/><U96/><E134/><V107/><F107/><W110/><G65/><T87/><D44/><AGARI ba="2,0" hai="44,48,55,77,79" m="14791,28719,3431" machi="44" ten="30,5800,0" yaku="8,1,54,2" doraHai="105" who="2" fromWho="0" sc="228,-64,211,0,331,64,230,0" /><INIT seed="2,3,0,5,1,20" ten="164,211,395,230" oya="2" hai0="11,9,112,80,115,127,92,98,7,58,96,43,103" hai1="114,91,128,72,34,21,56,99,16,57,70,93,41" hai2="24,46,61,30,68,122,90,38,1,26,0,106,124" hai3="12,37,55,121,130,107,18,75,36,65,17,101,88"/><V14/><F14/><W59/><G75/><T63/><D43/><U35/><E114/><V126/><F30/><W113/><G65/><T10/><D127/><N who="2" m="48682" /><F106/><W66/><G66/><T134/><D134/><U81/><E70/><V45/><F122/><W62/><G121/><T119/><D119/><U71/><E71/><V51/><F61/><W73/><G73/><T44/><D44/><U54/><E34/><V28/><F28/><W74/><G74/><T123/><D123/><U111/><E72/><V42/><F90/><W19/><G12/><T85/><D98/><U86/><E99/><V116/><F68/><W40/><G88/><T48/><D48/><U53/><E35/><V31/><F31/><W8/><G107/><T4/><D115/><U105/><E91/><V23/><F23/><W22/><G22/><T131/><D131/><U118/><E21/><V27/><F116/><W32/><G32/><T89/><REACH who="0" step="1"/><D112/><REACH who="0" ten="154,211,395,230" step="2"/><U3/><E128/><V39/><F39/><W117/><G130/><T6/><D6/><U76/><E118/><V104/><F104/><W125/><G113/><T109/><D109/><U129/><E111/><V120/><F120/><W102/><G125/><T69/><D69/><U67/><E129/><V5/><F5/><W25/><G117/><T87/><D87/><U77/><E86/><V100/><F46/><W132/><G37/><T94/><D94/><U110/><E93/><V49/><F49/><W84/><G36/><T97/><D97/><U135/><E105/><V133/><F51/><W33/><G62/><T29/><D29/><U64/><E110/><RYUUKYOKU ba="3,1" sc="154,30,211,-10,395,-10,230,-10" hai0="4,7,9,10,11,58,63,80,85,89,92,96,103" /><INIT seed="3,4,1,3,2,49" ten="184,201,385,220" oya="3" hai0="129,53,100,108,10,37,65,18,32,3,55,89,115" hai1="17,109,36,91,116,66,96,61,83,79,80,113,16" hai2="77,58,121,39,85,67,68,56,135,6,5,43,123" hai3="124,15,110,51,22,92,130,12,13,4,9,52,19"/><W125/><G130/><T111/><D32/><U84/><E113/><V112/><F135/><W132/><G132/><T104/><D37/><U88/><E109/><N who="0" m="42057" /><D129/><U71/><E36/><V72/><F72/><W7/><G110/><T50/><D115/><U48/><E116/><V93/><F68/><W126/><G92/><T54/><D65/><U70/><E70/><V28/><F67/><W74/><G74/><T128/><D128/><U63/><E63/><V134/><F93/><W62/><G62/><T87/><D100/><U27/><E96/><V11/><F85/><W78/><G78/><T133/><D104/><U107/><E107/><V117/><F77/><W95/><G95/><N who="0" m="54719" /><D133/><U59/><E27/><V82/><F39/><W24/><G4/><N who="0" m="1311" /><D18/><U131/><E131/><V75/><F5/><W81/><G81/><T64/><D64/><U26/><E26/><V105/><F6/><W118/><G118/><T120/><D120/><U60/><E60/><V8/><F75/><W57/><AGARI ba="4,1" hai="7,9,12,13,15,19,22,24,51,52,57,124,125,126" machi="57" ten="30,11700,0" yaku="0,1,18,1,52,1,54,1" doraHai="49" who="3" fromWho="3" sc="184,-43,201,-43,385,-43,220,139" owari="141,-35.9,158,-24.2,342,14.2,359,45.9" /></mjloggm>