<mjloggm ver="2.3"><GO type="225" lobby="0"/><UN n0="%E3%80%90%E3%83%88%E3%83%AA%E3%83%A5%E3%83%95%E3%80%91" n1="%E3%82%A2%E3%83%A1%E3%82%A2%E3%83%A9%E3%83%AC" n2="%E3%82%8F%E3%81%A3%E3%81%97%E3%82%87%E3%81%84%E5%90%9B%32%E5%8F%B7" n3="%E9%BB%99%E8%81%B4%E3%81%AE%E3%81%99%E3%82%9D%E3%82%81" dan="16,16,20,16" rate="2066.83,2094.68,2210.23,2120.68" sx="M,M,M,M"/><TAIKYOKU oya="0"/><INIT seed="0,0,0,5,3,121" ten="250,250,250,250" oya="0" hai0="31,35,18,34,117,16,116,88,3,26,61,125,25" hai1="43,122,63,41,6,55,99,81,98,38,42,48,94" hai2="78,127,102,101,62,111,120,68,32,97,112,135,74" hai3="40,77,13,53,115,36,29,126,72,132,105,23,56"/><T12/><D61/><U93/><E122/><V17/><F17/><N who="0" m="6762" /><D3/><U7/><E38/><V133/><F120/><W45/><G132/><N who="2" m="50761" /><F32/><W4/><G126/><T57/><D125/><U50/><E81/><N who="2" m="45271" /><F127/><W83/><G105/><T130/><D57/><U80/><E80/><V0/><F0/><W44/><G115/><T71/><D71/><U20/><E63/><V59/><F68/><W51/><G29/><N who="0" m="19759" /><D88/><N who="1" m="55591" /><E20/><V27/><F112/><W103/><G103/><T22/><D130/><U33/><E33/><V124/><F124/><W37/><G45/><T90/><D90/><N who="1" m="55767" /><E50/><V114/><F114/><W39/><REACH who="3" step="1"/><G23/><REACH who="3" ten="250,250,250,240" step="2"/><T67/><D67/><U128/><E128/><V87/><F101/><W118/><G118/><N who="0" m="45675" /><D22/><U65/><E65/><V123/><F102/><W9/><AGARI ba="0,1" hai="4,9,13,36,37,39,40,44,51,53,56,72,77,83" machi="9" ten="30,2000,0" yaku="1,1,0,1,53,0" doraHai="121" doraHaiUra="14" who="3" fromWho="3" sc="250,-10,250,-5,250,-5,240,30" /><INIT seed="1,0,0,1,5,27" ten="240,245,245,270" oya="1" hai0="106,97,48,7,53,41,42,19,84,89,126,9,16" hai1="100,28,104,73,61,1,112,115,101,4,36,96,98" hai2="40,107,66,111,18,30,50,54,44,72,127,65,14" hai3="85,24,26,33,91,63,94,35,46,37,90,123,74"/><U81/><E36/><V75/><F107/><W114/><G74/><T49/><D126/><U132/><E132/><V109/><F127/><W71/><G114/><T133/><D133/><U83/><E61/><V39/><F75/><W56/><G71/><T31/><D97/><U52/><E28/><V103/><F72/><W68/><G68/><T129/><D106/><N who="1" m="63751" /><E52/><V13/><F103/><W21/><G24/><T105/><D105/><U80/><E4/><V0/><F0/><W22/><G22/><T60/><D31/><U108/><E1/><V32/><F14/><W113/><G113/><N who="1" m="43594" /><E108/><N who="2" m="41547" /><F32/><W124/><G123/><T34/><D34/><U62/><E62/><V118/><F118/><W55/><G124/><T11/><D60/><U128/><E128/><V3/><F3/><W82/><G46/><T110/><D110/><U51/><E51/><V88/><F30/><W93/><G82/><T135/><D135/><U58/><E58/><N who="2" m="33111" /><F88/><W5/><G37/><T119/><D119/><U120/><E120/><V79/><F79/><AGARI ba="0,0" hai="73,79,80,81,83,98,101,104" m="43594,63751" machi="79" ten="30,2900,0" yaku="34,2" doraHai="27" who="1" fromWho="2" sc="240,0,245,29,245,-29,270,0" /><INIT seed="1,1,0,4,2,78" ten="240,274,216,270" oya="1" hai0="103,62,32,16,112,130,65,102,113,21,100,76,99" hai1="54,59,86,30,126,124,72,10,93,87,97,13,15" hai2="33,114,105,134,39,27,88,94,34,70,25,5,14" hai3="68,11,1,66,67,117,89,19,12,17,80,131,119"/><U115/><E115/><V98/><F114/><W22/><G131/><T26/><D130/><U92/><E72/><V128/><F128/><W95/><G80/><T9/><D76/><U53/><E30/><V82/><F134/><W91/><G91/><T31/><D9/><U3/><E10/><N who="2" m="4431" /><F39/><W125/><G125/><T38/><D38/><U135/><E59/><V132/><F70/><W106/><G106/><T57/><REACH who="0" step="1"/><D99/><REACH who="0" ten="230,274,216,270" step="2"/><U81/><E97/><V48/><F132/><W64/><G119/><T58/><D58/><U8/><E8/><V36/><F36/><W77/><G77/><T49/><D49/><U129/><E129/><V20/><F33/><W24/><G117/><T108/><D108/><U0/><E135/><V111/><F34/><W18/><G68/><T121/><D121/><U60/><E60/><V101/><F111/><W90/><G1/><T51/><D51/><U118/><E118/><V4/><F48/><W50/><G50/><T47/><D47/><U123/><E123/><V104/><F4/><N who="3" m="3175" /><G90/><T122/><D122/><U79/><E79/><V2/><F2/><W96/><AGARI ba="1,1" hai="17,18,19,22,24,64,66,67,89,95,96" m="3175" machi="96" ten="30,1100,0" yaku="8,1" doraHai="78" who="3" fromWho="3" sc="230,-4,274,-6,216,-4,270,24" /><INIT seed="2,0,0,4,3,53" ten="226,268,212,294" oya="2" hai0="24,48,6,65,124,0,11,75,103,10,30,120,121" hai1="81,116,27,43,114,15,34,135,128,14,38,117,85" hai2="64,104,92,46,18,133,91,80,118,101,31,19,102" hai3="25,37,28,83,42,69,99,129,97,74,132,8,110"/><V22/><F118/><W63/><G110/><T2/><D124/><U94/><E114/><V93/><F104/><W67/><G129/><T20/><D75/><U17/><E128/><V45/><F133/><W89/><G37/><T16/><D103/><N who="2" m="39434" /><F64/><W49/><G8/><T96/><D96/><U12/><E135/><V44/><F80/><W125/><G125/><T47/><D65/><U130/><E94/><N who="2" m="36459" /><F91/><W90/><G74/><T122/><D0/><U5/><E130/><V106/><F106/><W4/><G4/><T108/><D108/><U59/><E5/><V71/><F71/><W50/><G90/><T107/><D107/><U35/><E81/><V115/><F115/><W55/><G42/><T9/><REACH who="0" step="1"/><D30/><REACH who="0" ten="216,268,212,294" step="2"/><U33/><E116/><V41/><F41/><AGARI ba="0,1" hai="2,6,9,10,11,16,20,24,41,47,48,120,121,122" machi="41" ten="40,5200,0" yaku="1,1,2,1,54,1,53,0" doraHai="53" doraHaiUra="51" who="0" fromWho="2" sc="216,62,268,0,212,-52,294,0" /><INIT seed="3,0,0,4,3,104" ten="278,268,160,294" oya="3" hai0="68,72,37,44,56,71,55,83,48,108,64,38,40" hai1="58,11,10,123,125,99,9,133,49,128,91,107,27" hai2="1,78,18,90,43,132,33,60,0,31,35,101,114" hai3="8,129,7,19,80,69,97,103,39,24,50,118,45"/><W79/><G129/><T34/><D34/><N who="2" m="12810" /><F60/><W28/><G69/><N who="0" m="26699" /><D72/><U124/><E123/><V102/><F43/><W32/><G19/><T89/><D89/><U59/><E128/><V134/><F90/><W93/><G39/><N who="0" m="21535" /><D83/><U76/><E76/><V66/><F114/><W29/><G29/><T30/><D108/><U63/><E91/><V70/><F31/><W113/><G118/><T23/><D23/><U120/><E120/><V84/><F70/><W26/><G26/><T51/><D30/><U46/><E99/><V92/><F66/><W81/><G79/><T130/><D130/><U14/><E107/><V74/><F18/><W98/><G98/><T96/><D96/><U20/><E63/><V36/><F36/><N who="0" m="13930" /><D64/><U41/><E58/><V117/><F117/><W85/><G85/><T110/><D110/><U75/><E59/><V42/><F42/><N who="3" m="24887" /><G81/><T52/><D51/><U67/><E67/><V121/><F121/><W127/><G80/><T21/><D21/><U122/><E122/><V57/><F84/><W12/><G32/><T109/><D109/><U73/><E73/><V25/><F25/><W131/><G131/><T62/><D62/><U13/><E75/><V112/><F74/><W95/><G24/><T4/><D4/><U126/><E27/><V88/><F78/><W47/><G28/><T105/><D105/><U116/><E116/><V61/><F1/><W87/><G87/><T111/><D111/><U65/><E65/><N who="2" m="39087" /><F0/><W15/><G15/><N who="1" m="5642" /><E20/><V100/><F112/><W94/><G113/><T82/><D82/><U53/><E41/><V22/><F22/><RYUUKYOKU ba="0,0" sc="278,10,268,10,160,10,294,-30" hai0="48,52,55,56" hai1="9,10,11,46,49,53,124,125,126,133" hai2="88,92,100,101,102,132,134" /><INIT seed="4,1,0,1,4,88" ten="288,278,170,264" oya="0" hai0="73,9,11,55,132,110,62,1,3,131,51,43,70" hai1="133,61,52,102,50,66,74,112,22,125,80,47,34" hai2="37,27,25,40,64,90,32,108,29,78,134,135,117" hai3="39,26,97,87,48,7,49,76,75,104,45,83,96"/><T68/><D73/><U69/><E34/><V16/><F108/><W58/><G7/><T77/><D77/><U53/><E133/><N who="2" m="50699" /><F117/><W93/><G26/><T79/><D79/><U82/><E125/><V121/><F121/><W15/><G15/><T56/><D132/><U60/><E74/><V130/><F130/><W122/><G122/><T114/><D131/><U46/><E112/><V21/><F78/><W54/><G39/><T57/><D110/><U42/><E102/><V99/><F64/><W127/><G127/><T8/><D114/><U67/><E22/><V36/><F40/><W101/><G75/><T14/><D14/><U91/><E91/><V113/><F113/><W86/><G86/><T10/><D10/><U20/><E20/><V44/><F44/><W59/><REACH who="3" step="1"/><G49/><REACH who="3" ten="288,278,170,254" step="2"/><T103/><D1/><U6/><E6/><V94/><AGARI ba="1,1" hai="16,21,25,27,29,32,36,37,90,94,99" m="50699" machi="94" ten="30,4000,0" yaku="20,1,52,1,54,1" doraHai="88" who="2" fromWho="2" sc="288,-21,278,-11,170,53,254,-11" /><INIT seed="5,0,0,3,2,32" ten="267,267,223,243" oya="1" hai0="118,97,132,102,10,94,36,62,25,43,17,85,3" hai1="81,79,27,120,12,56,87,22,131,54,119,95,41" hai2="129,47,48,15,127,66,31,98,26,103,61,80,113" hai3="60,121,68,8,86,46,23,72,53,1,83,115,89"/><U58/><E119/><V11/><F127/><W7/><G115/><T6/><D118/><U100/><E120/><V69/><F129/><W135/><G135/><T70/><D132/><U82/><E131/><V9/><F113/><W128/><G128/><T126/><D126/><U52/><E41/><V110/><F110/><W108/><G108/><T24/><D85/><U107/><E107/><V35/><F80/><W63/><G68/><T123/><D123/><U34/><E34/><V40/><REACH who="2" step="1"/><F15/><REACH who="2" ten="267,267,213,243" step="2"/><W30/><G121/><T44/><D70/><U29/><E12/><V67/><F67/><W49/><REACH who="3" step="1"/><G72/><REACH who="3" ten="267,267,213,233" step="2"/><T77/><D25/><AGARI ba="0,2" hai="1,7,8,23,25,30,46,49,53,60,63,83,86,89" machi="25" ten="40,5200,0" yaku="1,1,2,1,52,1,53,0" doraHai="32" doraHaiUra="38" who="3" fromWho="0" sc="267,-52,267,0,213,0,233,72" owari="215,-18.5,267,6.7,213,-28.7,305,40.5" /></mjloggm>