<mjloggm ver="2.3"><GO type="225" lobby="0"/><UN n0="%E6%80%AA%E3%81%97%E3%81%99%E3%81%8E%E3%82%8B%E3%83%81%E3%83%BC" n1="%E8%81%B7%E6%A5%AD%E3%80%81%E9%A2%A8%32" n2="%E9%BB%92%E9%89%84%E7%8F%A0%E9%9B%AB" n3="%72%61%6B%33" dan="17,16,16,17" rate="2160.17,2098.18,2176.44,2249.77" sx="M,M,F,M"/><TAIKYOKU oya="0"/><INIT seed="0,0,0,2,3,60" ten="250,250,250,250" oya="0" hai0="35,83,118,22,45,88,105,72,46,59,98,10,130" hai1="101,120,117,3,81,97,44,110,134,54,16,116,57" hai2="124,69,100,23,121,30,115,24,111,61,14,31,36" hai3="43,20,102,65,90,32,133,2,131,13,128,1,76"/><T38/><D118/><U71/><E110/><V106/><F121/><W40/><G32/><T78/><D35/><U34/><E71/><V85/><F36/><W126/><G126/><T91/><D130/><U135/><E120/><V15/><F115/><W58/><G76/><T94/><D105/><U80/><E3/><V7/><F111/><W86/><G102/><T129/><D129/><U96/><E44/><V125/><F31/><W56/><G13/><T114/><D114/><U93/><E34/><V107/><F7/><W4/><G20/><T17/><D10/><U39/><E39/><V53/><F85/><W73/><G86/><T49/><D38/><U75/><E97/><N who="2" m="61711" /><F107/><W74/><G4/><T82/><D91/><U112/><E112/><V47/><F47/><W99/><G99/><T84/><D98/><U52/><E54/><V68/><F53/><W12/><G12/><N who="2" m="4649" /><F61/><W0/><G0/><T63/><D83/><N who="1" m="31819" /><E16/><V66/><F69/><W79/><G79/><T9/><D9/><U103/><E75/><V109/><F109/><W28/><G28/><T33/><D33/><U70/><E70/><V127/><F68/><W50/><G1/><T64/><REACH who="0" step="1"/><D49/><REACH who="0" ten="240,250,250,250" step="2"/><N who="1" m="30863" /><E103/><V19/><F125/><W55/><G131/><T21/><D21/><U25/><E117/><V77/><F127/><W62/><G128/><T37/><D37/><U89/><E116/><V48/><F124/><W18/><G90/><T51/><D51/><U6/><E101/><V113/><F48/><W95/><G50/><T87/><D87/><U119/><E119/><V8/><F113/><W92/><G74/><RYUUKYOKU ba="0,1" sc="240,30,250,-10,250,-10,250,-10" hai0="17,22,45,46,59,63,64,72,78,82,84,88,94" /><INIT seed="0,1,1,1,5,105" ten="270,240,240,240" oya="0" hai0="2,129,12,6,18,100,79,44,17,3,90,51,52" hai1="15,26,116,109,135,20,87,64,60,125,62,38,67" hai2="10,71,77,5,111,113,133,74,0,93,59,123,16" hai3="69,53,72,1,127,22,24,14,19,63,131,31,83"/><T89/><D129/><U106/><E109/><V9/><F113/><W66/><G131/><T50/><D79/><U35/><E116/><V40/><F123/><W112/><G127/><T4/><D100/><U58/><E38/><V92/><F71/><W33/><G112/><T56/><D3/><U73/><E125/><V134/><F111/><W48/><G1/><T130/><D2/><U78/><E106/><V86/><F40/><W115/><G115/><T122/><D122/><U97/><E35/><V75/><F59/><W8/><G83/><T124/><D124/><U29/><E135/><N who="2" m="51723" /><F77/><W88/><G88/><N who="0" m="33899" /><D130/><U82/><E97/><V27/><F86/><W104/><G104/><T28/><D28/><U101/><E101/><V7/><F93/><W25/><G72/><N who="2" m="27689" /><F92/><W70/><G70/><T96/><D96/><U110/><E110/><V118/><F118/><W42/><G42/><N who="0" m="24855" /><D17/><U103/><E103/><V128/><F128/><W126/><G126/><T41/><D41/><U84/><REACH who="1" step="1"/><E15/><REACH who="1" ten="270,230,240,240" step="2"/><N who="2" m="5551" /><F27/><W102/><G24/><T120/><D120/><U94/><E94/><V30/><F30/><W85/><G102/><T45/><D56/><AGARI ba="1,2" hai="20,26,29,56,58,60,62,64,67,73,78,82,84,87" machi="56" ten="30,7700,0" yaku="1,1,7,1,9,1,52,1,53,0" doraHai="105" doraHaiUra="32" who="1" fromWho="0" sc="270,-80,230,100,240,0,240,0" /><INIT seed="1,0,0,4,0,53" ten="190,330,240,240" oya="1" hai0="91,113,22,29,0,115,128,31,32,39,77,87,67" hai1="127,76,109,49,8,99,102,103,52,61,132,38,13" hai2="107,114,130,84,134,12,2,10,104,6,93,106,94" hai3="129,100,118,3,62,98,66,112,70,117,28,63,123"/><U124/><E132/><V92/><F134/><W121/><G3/><T48/><D39/><U125/><E38/><V25/><F130/><W101/><G129/><T110/><D128/><U116/><E116/><V15/><F114/><W131/><G131/><T73/><D110/><U111/><E76/><V79/><F25/><W105/><G112/><T69/><D0/><U72/><E61/><V26/><F26/><W20/><G20/><T78/><D32/><U122/><E72/><V4/><F79/><W68/><G28/><T44/><D73/><U47/><E122/><V24/><F24/><W88/><G88/><T95/><D113/><U16/><E103/><V60/><F84/><W35/><G35/><T18/><D115/><U74/><E74/><V120/><F120/><N who="3" m="46155" /><G100/><T51/><D69/><U108/><E127/><V56/><REACH who="2" step="1"/><F6/><REACH who="2" ten="190,330,230,240" step="2"/><W42/><G118/><T65/><D78/><U64/><E64/><AGARI ba="0,1" hai="2,4,10,12,15,56,60,64,92,93,94,104,106,107" machi="64" ten="50,8000,1" yaku="1,1,2,1,52,1,53,1" doraHai="53" doraHaiUra="54" who="2" fromWho="1" sc="190,0,330,-80,230,90,240,0" /><INIT seed="2,0,0,5,3,95" ten="190,250,320,240" oya="2" hai0="46,115,111,100,105,25,49,48,132,117,45,17,84" hai1="119,9,93,8,22,0,83,125,103,3,50,63,91" hai2="60,87,11,47,24,135,92,15,69,13,26,33,96" hai3="1,40,53,32,59,19,97,31,5,18,76,54,99"/><V70/><F135/><W23/><G40/><T66/><D115/><U98/><E119/><V130/><F130/><W77/><G32/><T64/><D132/><U118/><E118/><V51/><F87/><W57/><G1/><T109/><D117/><U94/><E125/><V42/><F15/><W133/><G133/><T124/><D124/><U27/><E83/><V65/><F70/><W30/><G23/><T10/><D84/><U56/><E50/><N who="0" m="19561" /><D25/><U127/><E0/><V68/><F68/><W12/><G12/><T71/><D17/><N who="1" m="12751" /><E3/><V123/><F33/><W106/><G106/><T104/><D10/><U79/><E79/><V29/><F29/><W89/><G89/><T108/><D71/><U114/><E127/><V2/><F123/><W43/><G43/><T14/><D14/><U116/><E114/><V113/><F2/><W121/><REACH who="3" step="1"/><G121/><REACH who="3" ten="190,250,320,230" step="2"/><T73/><D100/><U34/><E34/><V28/><F113/><W128/><G128/><T90/><D90/><U72/><E116/><V4/><F28/><W20/><G20/><T58/><D58/><U36/><E91/><AGARI ba="0,1" hai="4,11,13,24,26,42,47,51,60,65,69,91,92,96" machi="91" ten="30,2900,0" yaku="7,1,52,1" doraHai="95" who="2" fromWho="1" sc="190,0,250,-29,320,39,230,0" /><INIT seed="2,1,0,2,5,128" ten="190,221,359,230" oya="2" hai0="6,110,57,88,8,65,49,84,60,129,121,31,74" hai1="116,71,55,47,7,10,113,114,50,42,52,28,102" hai2="48,112,44,104,37,0,11,51,99,75,67,9,38" hai3="97,134,46,66,94,56,101,122,35,43,64,98,4"/><V130/><F112/><W40/><G134/><T72/><D121/><U79/><E116/><V25/><F75/><W36/><G122/><T62/><D110/><U12/><E71/><V77/><F77/><W125/><G125/><T73/><D129/><U81/><E102/><V34/><F51/><W107/><G35/><T83/><D31/><U135/><E28/><V76/><F76/><W80/><G43/><T23/><D23/><U120/><E135/><V96/><F67/><W93/><G107/><T108/><D108/><U27/><E27/><V106/><F34/><W87/><G4/><T131/><D131/><U68/><E68/><V3/><F25/><W39/><G39/><T82/><D49/><U118/><E118/><V61/><F48/><W22/><G22/><T18/><D18/><U58/><E120/><V20/><F20/><W85/><G56/><T63/><REACH who="0" step="1"/><D82/><REACH who="0" ten="180,221,359,230" step="2"/><U17/><E17/><V54/><F130/><W117/><G117/><T53/><D53/><U123/><E123/><V105/><F54/><W70/><G80/><T95/><D95/><U29/><E29/><V109/><F109/><W124/><G124/><T30/><D30/><U111/><E111/><V69/><F106/><W59/><G94/><T33/><D33/><U91/><E55/><V92/><F105/><W41/><G93/><T119/><D119/><U19/><E19/><V14/><F92/><W2/><G40/><T21/><D21/><U103/><E103/><V133/><F104/><W90/><G101/><T78/><D78/><U26/><E79/><V86/><F38/><W15/><G36/><RYUUKYOKU ba="1,1" sc="180,30,221,-10,359,-10,230,-10" hai0="6,8,57,60,62,63,65,72,73,74,83,84,88" /><INIT seed="3,2,1,2,2,84" ten="210,211,349,220" oya="3" hai0="83,2,8,46,37,13,91,100,93,19,82,22,109" hai1="12,73,36,79,54,32,75,96,65,94,48,9,15" hai2="30,60,18,49,110,45,104,74,102,121,131,129,124" hai3="126,53,63,78,23,55,117,113,26,127,86,115,33"/><W44/><G33/><T51/><D109/><U130/><E36/><V99/><F74/><W88/><G117/><T28/><D37/><U21/><E32/><V116/><F116/><W134/><G78/><T10/><D100/><U72/><E79/><V25/><F110/><W106/><G106/><T111/><D111/><U81/><E81/><N who="0" m="30729" /><D28/><U133/><E133/><V31/><F124/><N who="3" m="47659" /><G134/><T122/><D2/><U101/><E130/><V24/><F131/><W118/><G118/><T50/><D122/><U61/><E21/><V132/><F129/><W71/><G71/><T62/><D62/><U52/><E9/><N who="0" m="3689" /><D46/><U16/><E16/><V41/><F121/><W108/><G108/><T57/><D57/><U14/><REACH who="1" step="1"/><E48/><REACH who="1" ten="210,201,349,220" step="2"/><V123/><F49/><N who="3" m="28839" /><G23/><T56/><D56/><AGARI ba="2,2" hai="12,14,15,52,54,56,61,65,72,73,75,94,96,101" machi="56" ten="50,3200,0" yaku="1,1,54,1,53,0" doraHai="84" doraHaiUra="29" who="1" fromWho="0" sc="210,-38,201,58,349,0,220,0" owari="172,-32.8,259,5.9,349,44.9,220,-18.0" /></mjloggm>