<mjloggm ver="2.3"><GO type="225" lobby="0"/><UN n0="%E5%8D%A0%E3%81%84%E5%B8%AB%E8%A3%8F%E3%81%AA%E3%81%84%E3%81%97" n1="%E3%83%81%E3%83%AF%E3%83%AF%E9%9A%8A%E9%95%B7" n2="%E6%98%93%E5%88%A9%E8%96%A9%E4%BC%AF" n3="%E5%BA%97%E9%95%B7%4D" dan="17,16,16,16" rate="2201.62,2104.23,2087.71,2065.90" sx="M,M,F,M"/><TAIKYOKU oya="0"/><INIT seed="0,0,0,1,5,65" ten="250,250,250,250" oya="0" hai0="61,132,56,80,126,99,88,76,119,74,77,69,104" hai1="4,60,94,37,47,135,67,8,106,100,53,19,103" hai2="14,129,113,9,116,27,18,121,31,62,66,107,85" hai3="39,130,71,117,54,52,16,109,26,5,23,42,95"/><T96/><D119/><U87/><E106/><V98/><F113/><W48/><G117/><T57/><D132/><U101/><E135/><V44/><F116/><W12/><G130/><T93/><D126/><U123/><E123/><V3/><F129/><W58/><G71/><T7/><D7/><U25/><E37/><V84/><F3/><W46/><G109/><T82/><D104/><U90/><E47/><V134/><F121/><W32/><G95/><T111/><D99/><U75/><E75/><V0/><F0/><W81/><G81/><T68/><D56/><U17/><E53/><V35/><F44/><W125/><G125/><T102/><D102/><U128/><E25/><V112/><F112/><W133/><G133/><T11/><D11/><U131/><E131/><V86/><F134/><W1/><G54/><T91/><D91/><U89/><E89/><V30/><F30/><W127/><G127/><T79/><D111/><U21/><E21/><V70/><REACH who="2" step="1"/><F85/><REACH who="2" ten="250,250,240,250" step="2"/><W2/><REACH who="3" step="1"/><G5/><REACH who="3" ten="250,250,240,240" step="2"/><T108/><D108/><U115/><E128/><V59/><F59/><W43/><G43/><T40/><D40/><U124/><E124/><V51/><F51/><W92/><G92/><T114/><D114/><U38/><E115/><V20/><F20/><W6/><G6/><T22/><D22/><U105/><E4/><V24/><F24/><W15/><G15/><T10/><D10/><U49/><E49/><V29/><F29/><AGARI ba="0,2" hai="1,2,12,16,23,26,29,32,39,42,46,48,52,58" machi="29" ten="40,5200,0" yaku="1,1,54,2,53,0" doraHai="65" doraHaiUra="118" who="3" fromWho="2" sc="250,0,250,0,240,-52,240,72" /><INIT seed="1,0,0,4,5,28" ten="250,250,188,312" oya="1" hai0="64,132,6,82,9,74,0,65,17,23,101,85,58" hai1="56,100,72,43,51,95,25,106,55,11,69,127,14" hai2="122,53,10,75,7,29,98,114,87,135,107,129,133" hai3="2,78,124,38,40,97,13,30,115,76,39,131,108"/><U49/><E69/><V34/><F75/><W57/><G115/><T93/><D132/><N who="2" m="50762" /><F122/><W12/><G2/><T32/><D74/><U83/><E106/><V22/><F114/><W4/><G124/><T96/><D58/><U105/><E105/><V50/><F22/><W84/><G131/><T94/><D93/><U109/><E127/><V88/><F129/><W66/><G108/><T24/><REACH who="0" step="1"/><D32/><REACH who="0" ten="240,250,188,312" step="2"/><U42/><E72/><V125/><F125/><W21/><G57/><T120/><D120/><U44/><E56/><N who="2" m="32823" /><F107/><W48/><G66/><T118/><D118/><U62/><E95/><N who="2" m="54687" /><F98/><W92/><G97/><T112/><D112/><U91/><E109/><V54/><F54/><W126/><G126/><T59/><D59/><U89/><E55/><V37/><F37/><W1/><G39/><T73/><D73/><U79/><E42/><V86/><F86/><W123/><G84/><T68/><D68/><U5/><E43/><V60/><F60/><W99/><G48/><T128/><D128/><U61/><E51/><V15/><F29/><W41/><G41/><T121/><D121/><U111/><E61/><V52/><F52/><W3/><G99/><T103/><D103/><U130/><E100/><V31/><F31/><W33/><G30/><T27/><D27/><U90/><E25/><V113/><F113/><W67/><G40/><T70/><D70/><U119/><E130/><V20/><F20/><W102/><G38/><T80/><D80/><U8/><E62/><V63/><F63/><W19/><G21/><T104/><D104/><U45/><E49/><V134/><F34/><RYUUKYOKU ba="0,1" sc="240,15,250,-15,188,15,312,-15" hai0="0,6,9,17,23,24,64,65,82,85,94,96,101" hai2="7,10,15,134" /><INIT seed="2,1,1,3,0,117" ten="255,235,203,297" oya="2" hai0="88,75,23,46,7,104,63,24,69,83,99,90,36" hai1="116,97,9,30,60,0,82,74,107,22,113,55,12" hai2="130,47,50,14,18,53,49,98,39,45,29,114,67" hai3="64,120,59,94,77,52,92,80,76,84,131,2,37"/><V20/><F114/><W27/><G2/><T95/><D104/><U71/><E113/><V21/><F130/><W1/><G1/><T102/><D7/><U128/><E116/><V106/><F39/><W72/><G120/><T8/><D8/><U85/><E74/><V31/><F67/><W65/><G37/><T111/><D111/><U109/><E109/><V86/><F86/><W62/><G131/><T32/><D32/><U135/><E128/><V48/><F48/><W93/><G72/><T73/><D69/><U81/><E135/><V126/><F126/><W28/><REACH who="3" step="1"/><G76/><REACH who="3" ten="255,235,203,287" step="2"/><T105/><D73/><U91/><E0/><V121/><F121/><W119/><G119/><T15/><D75/><U41/><E82/><V125/><F125/><W110/><G110/><T17/><D83/><U112/><E81/><V57/><F47/><W132/><G132/><T124/><D124/><U122/><E122/><V115/><F115/><W54/><G54/><T134/><D134/><U68/><E55/><V58/><F50/><W3/><G3/><T79/><D79/><U38/><E112/><V78/><F78/><W16/><G16/><T51/><D36/><U40/><E38/><V26/><REACH who="2" step="1"/><F31/><REACH who="2" ten="255,235,193,287" step="2"/><W10/><G10/><T96/><D51/><U89/><E9/><V35/><F35/><AGARI ba="1,3" hai="27,28,35,52,59,62,64,65,77,80,84,92,93,94" machi="35" ten="40,2600,0" yaku="1,1,54,1,53,0" doraHai="117" doraHaiUra="33" who="3" fromWho="2" sc="255,0,235,0,193,-29,287,59" /><INIT seed="3,0,0,1,4,23" ten="255,235,164,346" oya="3" hai0="15,82,61,113,58,83,122,65,26,68,102,22,80" hai1="89,37,45,5,59,101,97,0,54,92,69,123,33" hai2="18,67,76,57,118,115,78,124,106,134,107,130,10" hai3="108,34,36,90,109,9,135,52,110,74,119,132,133"/><W60/><G36/><T98/><D122/><U96/><E123/><V94/><F115/><W93/><G74/><T29/><D113/><U35/><E69/><V111/><F118/><W41/><G34/><T28/><D15/><U103/><E89/><V17/><F111/><W51/><G9/><T128/><D128/><U87/><E87/><V126/><F130/><W21/><G21/><T38/><D38/><U131/><E131/><V44/><F44/><N who="3" m="27751" /><G60/><T2/><D2/><U46/><E46/><V117/><F117/><W47/><G119/><T13/><D13/><U3/><E3/><V127/><F134/><W24/><G24/><T105/><D68/><U11/><E37/><V7/><F94/><W19/><G19/><T8/><D8/><U20/><E20/><V125/><N who="2" m="31744" /><DORA hai="48" /><V71/><F71/><W77/><G77/><T81/><N who="0" m="20480" /><DORA hai="25" /><T99/><D29/><U4/><E4/><V120/><F120/><W100/><G100/><T104/><D102/><U84/><E103/><V88/><F88/><W56/><G56/><T79/><D79/><U64/><E101/><V114/><F114/><W32/><G32/><T43/><D105/><U50/><E35/><V85/><F85/><N who="3" m="52431" /><G47/><T66/><D104/><N who="2" m="39978" /><F78/><W72/><G135/><T91/><D91/><U16/><E45/><V112/><F76/><W42/><G133/><T62/><D99/><U116/><E97/><V53/><F112/><W39/><G132/><T1/><D98/><U27/><E96/><V12/><F67/><W75/><G39/><T121/><D121/><U31/><E116/><V6/><F6/><RYUUKYOKU ba="0,0" sc="255,-15,235,-15,164,15,346,15" hai2="7,10,12,17,18,53,57" hai3="41,42,72,75,108,109,110" owari="240,4.0,220,-18.0,179,-32.1,361,46.1" /></mjloggm>