<mjloggm ver="2.3"><GO type="225" lobby="0"/><UN n0="%E3%81%8B%E3%82%8F%E3%81%A1%E3%82%83%E3%82%93%35%38" n1="%E6%98%93%E5%88%A9%E8%96%A9%E4%BC%AF" n2="%72%61%6B%33" n3="%E3%82%A2%E3%82%A4%E3%82%B9%E3%83%86%E3%82%A3%E3%83%BC%E3%81%82%E3%81%B9" dan="17,16,16,16" rate="2131.81,2064.77,2157.18,2096.93" sx="M,F,M,M"/><TAIKYOKU oya="0"/><INIT seed="0,0,0,3,4,0" ten="250,250,250,250" oya="0" hai0="115,122,51,118,7,79,130,112,121,85,37,76,97" hai1="39,44,103,59,111,43,56,120,77,4,49,11,89" hai2="5,82,119,20,21,100,55,106,32,109,48,16,33" hai3="45,87,96,88,53,66,14,80,91,3,102,65,131"/><T40/><D51/><U117/><E111/><V24/><F109/><W41/><G3/><T93/><D40/><U99/><E117/><V35/><F119/><W78/><G131/><T17/><D118/><U129/><E120/><N who="0" m="46185" /><D7/><U61/><E129/><V9/><F82/><W62/><G53/><T134/><D17/><U12/><E77/><N who="0" m="29769" /><D37/><U42/><E89/><V132/><F132/><W126/><G126/><T57/><D57/><U1/><E43/><V92/><F106/><W63/><G14/><T52/><D52/><U90/><E90/><V73/><F73/><W133/><G133/><T50/><D50/><U125/><E125/><V47/><F20/><W31/><G31/><T46/><D46/><U15/><E39/><V22/><F21/><W64/><G63/><T25/><D25/><U6/><E6/><V127/><F127/><W38/><REACH who="3" step="1"/><G62/><REACH who="3" ten="250,250,250,240" step="2"/><T128/><D134/><U60/><E61/><V86/><F55/><W72/><G72/><T94/><D130/><U71/><E71/><V124/><F124/><W104/><AGARI ba="0,1" hai="38,41,45,64,65,66,78,80,87,88,91,96,102,104" machi="104" ten="30,4000,0" yaku="1,1,0,1,54,1,53,0" doraHai="0" doraHaiUra="30" who="3" fromWho="3" sc="250,-20,250,-10,250,-10,240,50" /><INIT seed="1,0,0,4,2,86" ten="230,240,240,290" oya="1" hai0="84,79,92,15,123,107,32,37,53,18,17,45,75" hai1="95,118,85,90,10,124,42,40,70,110,88,36,76" hai2="57,103,106,134,89,3,130,58,52,9,67,100,8" hai3="126,80,54,81,22,41,68,127,112,44,59,116,20"/><U83/><E118/><V38/><F38/><W56/><G68/><T28/><D107/><U131/><E70/><V121/><F121/><W11/><G112/><T65/><D123/><U66/><E131/><V47/><F130/><W29/><G116/><T98/><D75/><U6/><E124/><N who="3" m="47658" /><G11/><T91/><D65/><U72/><E110/><V133/><F47/><W125/><N who="3" m="47666" /><W34/><DORA hai="55" /><G34/><T50/><D37/><U19/><E66/><V4/><F8/><W87/><G54/><T23/><D32/><U117/><E117/><V93/><F106/><W109/><G109/><T30/><D79/><U43/><E19/><V97/><F67/><W61/><G61/><T108/><D108/><U7/><E36/><V24/><F24/><N who="3" m="16519" /><G22/><T101/><REACH who="0" step="1"/><D18/><REACH who="0" ten="220,240,240,290" step="2"/><U16/><REACH who="1" step="1"/><E90/><REACH who="1" ten="220,230,240,290" step="2"/><V26/><F89/><N who="3" m="51431" /><G81/><T77/><D77/><U78/><E78/><V14/><F134/><W31/><G31/><T113/><D113/><U48/><E48/><AGARI ba="0,2" hai="41,44,48,56,59" m="51431,16519,47666" machi="48" ten="40,8000,1" yaku="18,1,52,3" doraHai="86,55" who="3" fromWho="1" sc="220,0,230,-80,240,0,290,100" /><INIT seed="2,0,0,2,1,52" ten="220,150,240,390" oya="2" hai0="105,59,108,74,97,3,82,122,86,77,51,125,65" hai1="130,78,40,20,70,42,99,72,35,83,94,89,68" hai2="57,12,63,30,24,10,85,104,53,93,15,0,23" hai3="119,4,62,134,8,64,21,129,66,84,28,22,87"/><V25/><F104/><W18/><G119/><T107/><D3/><U135/><E35/><V95/><F0/><W14/><G134/><T36/><D36/><U2/><E135/><V128/><F128/><W102/><G129/><T90/><D122/><U56/><E130/><V61/><F15/><N who="3" m="5511" /><G102/><T69/><D108/><U43/><E2/><V131/><F131/><W33/><G33/><T49/><D125/><U16/><REACH who="1" step="1"/><E56/><REACH who="1" ten="220,140,240,390" step="2"/><V60/><F24/><AGARI ba="0,1" hai="16,20,24,40,42,43,68,70,72,78,83,89,94,99" machi="24" ten="40,5200,0" yaku="1,1,2,1,54,1,53,0" doraHai="52" doraHaiUra="121" who="1" fromWho="2" sc="220,0,140,62,240,-52,390,0" /><INIT seed="3,0,0,0,1,45" ten="220,202,188,390" oya="3" hai0="51,25,123,119,27,50,76,33,103,64,62,111,110" hai1="70,101,121,86,128,127,73,0,125,38,135,61,59" hai2="115,6,66,46,57,85,23,14,132,39,78,1,89" hai3="21,17,55,11,49,48,124,63,93,107,120,37,131"/><W100/><G120/><T28/><D119/><U56/><E121/><V96/><F115/><W5/><G37/><T106/><D123/><U20/><E73/><V98/><F132/><W87/><G124/><N who="1" m="47690" /><E0/><V129/><F129/><W71/><G107/><T91/><D76/><U72/><E72/><V79/><F1/><W113/><G131/><T58/><D91/><U12/><E128/><V134/><F134/><W116/><G71/><N who="0" m="42391" /><D25/><U32/><E32/><V35/><F35/><W109/><G109/><N who="0" m="41483" /><D58/><U31/><E101/><V36/><F79/><W117/><G113/><T8/><D8/><U122/><E122/><V2/><F78/><W80/><G93/><T75/><D75/><U95/><E95/><V40/><F57/><N who="3" m="35263" /><G100/><T68/><D68/><U7/><E70/><V52/><F96/><AGARI ba="0,0" hai="27,28,33,50,51,96,103,106" m="41483,42391" machi="96" ten="30,7700,0" yaku="25,1,14,1,52,2" doraHai="45" who="0" fromWho="2" sc="220,77,202,0,188,-77,390,0" owari="297,9.7,202,-19.8,111,-38.9,390,49.0" /></mjloggm>