<mjloggm ver="2.3"><GO type="225" lobby="0"/><UN n0="%E9%8A%80%E3%81%B0%E3%81%95%E3%81%BF" n1="%72%69%6F%75%63%68%61%6E" n2="%E9%B3%B3%E6%9D%B1%E3%81%AE%E3%81%86%E3%81%95%E3%81%8E%E3%81%95%E3%82%93" n3="%6D%75%75%6D%75%72%61" dan="17,16,16,16" rate="2219.93,2144.71,2125.53,2111.68" sx="M,M,M,F"/><TAIKYOKU oya="0"/><INIT seed="0,0,0,3,1,65" ten="250,250,250,250" oya="0" hai0="49,107,73,121,72,41,42,94,128,116,75,134,34" hai1="7,14,101,26,5,38,13,91,44,86,37,131,88" hai2="84,64,68,32,76,70,40,103,47,104,45,115,89" hai3="56,77,1,92,67,102,93,36,60,16,135,133,111"/><T52/><D107/><U109/><E109/><V8/><F115/><W30/><G133/><T28/><D116/><U50/><E131/><V19/><F32/><W108/><G1/><T118/><D118/><U6/><E101/><V117/><F117/><W122/><G30/><T100/><D121/><U54/><E26/><V31/><F31/><W62/><G36/><T95/><D128/><U74/><E74/><V63/><F76/><W23/><G135/><T80/><D134/><U27/><E27/><V48/><F45/><W15/><G122/><T87/><D28/><U53/><E53/><V9/><F70/><W0/><G0/><T29/><D29/><U22/><E91/><V124/><F19/><W112/><G77/><T39/><D39/><U132/><E132/><V126/><F103/><W125/><G125/><N who="2" m="48233" /><F104/><W105/><G112/><T79/><D34/><U119/><E119/><V33/><F33/><W114/><G114/><T17/><D17/><N who="1" m="10543" /><E38/><V59/><F59/><W51/><G105/><T35/><D35/><U61/><E37/><V58/><F58/><W129/><G129/><T25/><D25/><U71/><E71/><V2/><F2/><W113/><G113/><T85/><D100/><U81/><E61/><V120/><F120/><W24/><G102/><T69/><D69/><U43/><E54/><V97/><F97/><W55/><G24/><T57/><REACH who="0" step="1"/><D87/><REACH who="0" ten="240,250,250,250" step="2"/><U11/><AGARI ba="0,1" hai="5,6,7,11,14,43,44,50,81,86,88" m="10543" machi="11" ten="30,2000,0" yaku="8,1,54,1" doraHai="65" who="1" fromWho="1" sc="240,-10,250,30,250,-5,250,-5" /><INIT seed="1,0,0,2,1,38" ten="230,280,245,245" oya="1" hai0="34,75,133,64,132,103,47,80,116,31,27,115,87" hai1="13,105,78,124,120,53,123,29,101,89,97,98,68" hai2="14,37,106,19,117,110,74,125,36,6,43,54,51" hai3="127,2,91,90,113,56,94,60,65,122,22,17,84"/><U134/><E68/><V59/><F117/><W70/><G122/><T77/><D116/><U7/><E124/><V88/><F125/><W21/><G127/><T112/><D64/><U96/><E134/><N who="0" m="51817" /><D103/><U35/><E78/><V25/><F74/><W99/><G2/><T108/><D108/><U62/><E97/><V26/><F106/><W41/><G113/><N who="0" m="43595" /><D47/><U135/><E135/><V32/><F110/><W11/><G70/><T58/><D58/><U10/><E62/><V33/><F59/><W69/><G69/><T131/><D131/><U83/><E53/><V86/><F54/><W57/><G57/><T8/><D8/><U67/><E67/><V130/><F130/><W111/><G111/><T16/><D16/><U40/><E40/><V23/><F19/><W48/><G11/><T42/><D87/><U71/><E71/><V102/><F86/><W30/><G17/><T95/><D95/><U121/><E83/><V79/><F102/><W85/><G85/><T3/><D3/><U109/><E109/><V66/><F66/><W129/><G129/><T119/><D119/><U46/><E46/><V28/><F43/><AGARI ba="0,0" hai="27,31,34,42,43,75,77,80" m="43595,51817" machi="43" ten="30,3900,0" yaku="20,1,52,2" doraHai="38" who="0" fromWho="2" sc="230,39,280,0,245,-39,245,0" /><INIT seed="2,0,0,1,0,132" ten="269,280,206,245" oya="2" hai0="72,45,97,7,28,130,128,68,107,36,17,31,18" hai1="61,39,13,0,89,120,4,33,134,86,1,22,20" hai2="41,15,47,58,29,93,66,51,96,90,122,81,49" hai3="3,24,115,85,59,133,88,34,125,121,102,95,123"/><V99/><F122/><W11/><G133/><T44/><D72/><U63/><E134/><V10/><F29/><N who="0" m="11338" /><D68/><U103/><E39/><V108/><F108/><W19/><G34/><T38/><D7/><U6/><E33/><V71/><F71/><W131/><G131/><N who="0" m="50219" /><D97/><U109/><E109/><V5/><F81/><W32/><G32/><T101/><D101/><U40/><E120/><V75/><F75/><W9/><G102/><T135/><D107/><U83/><E103/><V8/><F8/><W74/><G74/><T69/><D69/><U127/><E127/><V25/><F25/><W114/><G125/><T126/><D126/><U73/><E73/><V42/><F99/><W60/><G11/><T118/><D118/><U35/><E35/><V43/><REACH who="2" step="1"/><F66/><REACH who="2" ten="269,280,196,245" step="2"/><N who="3" m="39199" /><G24/><T12/><D135/><U52/><E83/><V124/><F124/><W84/><G84/><T110/><D110/><U105/><E86/><V14/><F14/><N who="3" m="7631" /><G3/><T37/><D17/><U16/><E16/><V113/><F113/><AGARI ba="0,1" hai="85,88,95,113,114,115,121,123" m="7631,39199" machi="113" ten="30,2000,0" yaku="11,1,54,1" doraHai="132" who="3" fromWho="2" sc="269,0,280,0,196,-20,245,30" /><INIT seed="3,0,0,3,4,47" ten="269,280,176,275" oya="3" hai0="84,22,133,44,18,39,87,25,91,83,117,132,64" hai1="15,104,0,70,105,85,43,21,6,56,35,76,33" hai2="97,58,134,66,107,129,103,130,109,67,80,16,99" hai3="61,119,31,72,13,71,49,98,10,59,81,77,48"/><W90/><G119/><T78/><D117/><U54/><E70/><V74/><F134/><N who="0" m="51818" /><D64/><U106/><E43/><V114/><F114/><W65/><G31/><T38/><D44/><U27/><E0/><V28/><F28/><W37/><G37/><T1/><D1/><U131/><E131/><N who="2" m="50187" /><F109/><W5/><G71/><T88/><D78/><U40/><E40/><V96/><F16/><W50/><G90/><T102/><D102/><U41/><E41/><V124/><F67/><W53/><G98/><N who="2" m="37993" /><F58/><W93/><G93/><AGARI ba="0,0" hai="18,22,25,38,39,83,84,87,88,91,93" m="51818" machi="93" ten="30,2000,0" yaku="20,1,54,1" doraHai="47" who="0" fromWho="3" sc="269,20,280,0,176,0,275,-20" /><INIT seed="4,0,0,1,2,44" ten="289,280,176,255" oya="0" hai0="120,104,109,56,84,134,73,16,13,66,30,40,38" hai1="108,4,88,60,11,92,117,126,59,102,69,6,41" hai2="23,5,81,63,10,87,76,131,2,94,72,80,0" hai3="135,46,91,3,93,113,124,110,32,116,31,33,8"/><T25/><D73/><U12/><E108/><V114/><F114/><W129/><G110/><T67/><D109/><U85/><E117/><V9/><F131/><W14/><G116/><T36/><D104/><U45/><E126/><V34/><F34/><W90/><G3/><T57/><D120/><U48/><E69/><V70/><F94/><W71/><G71/><T42/><D38/><U22/><E102/><V78/><F23/><W100/><G135/><T99/><D99/><U68/><E68/><V112/><F112/><W95/><G100/><T58/><D134/><U118/><E118/><V105/><F105/><W123/><G129/><T1/><D1/><U133/><E133/><V115/><F115/><W28/><G124/><T61/><D84/><U111/><E111/><V103/><F103/><W50/><G123/><T79/><D79/><U39/><E22/><V35/><F35/><W19/><G33/><T97/><D97/><U21/><E21/><V101/><F101/><W26/><G31/><T51/><D36/><U15/><E39/><V62/><REACH who="2" step="1"/><F70/><REACH who="2" ten="289,280,166,255" step="2"/><W43/><G113/><T128/><D128/><U75/><E75/><V77/><F77/><W82/><G93/><T37/><D30/><U96/><E96/><V17/><F17/><W89/><REACH who="3" step="1"/><G95/><REACH who="3" ten="289,280,166,245" step="2"/><T24/><D24/><U119/><E119/><V64/><F64/><W7/><G7/><AGARI ba="0,2" hai="0,2,5,7,9,10,62,63,72,76,78,80,81,87" machi="7" ten="40,2600,0" yaku="1,1,9,1,53,0" doraHai="44" doraHaiUra="122" who="2" fromWho="3" sc="289,0,280,0,166,46,245,-26" /><INIT seed="5,0,0,3,5,10" ten="289,280,212,219" oya="1" hai0="32,46,135,124,111,64,43,75,106,71,31,123,131" hai1="56,109,33,0,30,104,6,52,36,34,82,41,112" hai2="117,5,118,100,11,83,62,130,29,21,90,88,121" hai3="58,122,116,115,110,19,39,78,98,50,99,76,48"/><U28/><E104/><V94/><F121/><W95/><G39/><T80/><RYUUKYOKU type="yao9" ba="0,0" sc="289,0,280,0,212,0,219,0" hai0="31,32,43,46,64,71,75,80,106,111,123,124,131,135" /><INIT seed="5,1,0,1,4,3" ten="289,280,212,219" oya="1" hai0="72,129,55,29,16,113,9,17,46,45,20,73,42" hai1="87,115,116,31,64,75,128,85,127,62,30,69,84" hai2="19,27,88,61,41,89,54,26,58,123,38,49,76" hai3="12,0,59,74,68,65,1,124,40,34,105,7,56"/><U100/><E116/><V11/><F123/><W5/><G34/><T92/><D113/><U94/><E75/><V135/><F135/><W107/><G74/><T111/><D111/><U63/><E115/><V134/><F134/><W48/><G68/><T53/><D129/><U79/><E128/><V91/><F38/><W71/><G71/><T70/><D70/><U43/><E127/><V120/><F120/><W101/><G12/><N who="0" m="7311" /><D72/><U2/><E2/><V117/><F76/><W119/><G65/><T95/><D29/><U98/><E43/><V37/><F37/><W80/><G80/><T25/><D73/><U24/><E63/><V126/><F126/><W118/><G48/><N who="0" m="26679" /><D46/><U121/><E121/><V122/><F117/><W60/><G40/><T33/><D33/><U18/><REACH who="1" step="1"/><E79/><REACH who="1" ten="289,270,212,219" step="2"/><V23/><F122/><W8/><G124/><T110/><D110/><U132/><E132/><V109/><F109/><W93/><G60/><T131/><D131/><U13/><E13/><N who="2" m="7615" /><F41/><W47/><G118/><T21/><D21/><AGARI ba="1,1" hai="18,21,24,30,31,62,64,69,84,85,87,94,98,100" machi="21" ten="40,2000,0" yaku="1,1,53,0" doraHai="3" doraHaiUra="133" who="1" fromWho="0" sc="289,-23,270,33,212,0,219,0" owari="266,6.6,303,40.3,212,-28.8,219,-18.1" /></mjloggm>