<mjloggm ver="2.3"><GO type="225" lobby="0"/><UN n0="%50%65%74%65%72%50%61%6E" n1="%E5%A4%9C%E5%85%89%E5%A4%A9%E6%A5%BC" n2="%E3%83%81%E3%83%AF%E3%83%AF%E9%9A%8A%E9%95%B7" n3="%E3%81%8B%E3%82%8F%E3%81%A1%E3%82%83%E3%82%93%35%38" dan="16,17,16,17" rate="2174.79,2170.12,2094.36,2209.88" sx="M,F,M,M"/><TAIKYOKU oya="0"/><INIT seed="0,0,0,0,2,119" ten="250,250,250,250" oya="0" hai0="58,5,35,10,66,17,50,6,16,18,101,98,48" hai1="40,54,107,53,21,14,86,84,92,103,123,42,13" hai2="22,73,77,79,116,65,34,12,105,71,9,20,110" hai3="82,108,27,44,93,4,49,97,96,132,117,100,78"/><T74/><D74/><U81/><E123/><V25/><F105/><W55/><G117/><T104/><D35/><U76/><E107/><V87/><F116/><W19/><G108/><T99/><D99/><N who="1" m="59879" /><E86/><V24/><F73/><W56/><G132/><T59/><D5/><U1/><E1/><V102/><F34/><W3/><G3/><T32/><D32/><U67/><E67/><V118/><F118/><W70/><G70/><T61/><REACH who="0" step="1"/><D59/><REACH who="0" ten="240,250,250,250" step="2"/><U52/><E14/><AGARI ba="0,1" hai="6,10,14,16,17,18,48,50,58,61,66,98,101,104" machi="14" ten="40,12000,1" yaku="1,1,2,1,54,1,53,1" doraHai="119" doraHaiUra="8" who="0" fromWho="1" sc="240,130,250,-120,250,0,250,0" /><INIT seed="0,1,0,1,0,70" ten="370,130,250,250" oya="0" hai0="17,90,96,13,0,2,78,33,102,110,91,60,129" hai1="114,51,61,113,29,115,124,32,11,52,122,127,63" hai2="135,133,48,112,8,56,43,54,42,88,75,34,58" hai3="104,76,7,95,9,24,23,55,50,15,94,44,39"/><T97/><D33/><U22/><E32/><V99/><F75/><W132/><G104/><T86/><D129/><U93/><E122/><V98/><F34/><W20/><G132/><N who="2" m="50761" /><F112/><W30/><G76/><T121/><D121/><U73/><E73/><V12/><F56/><W131/><G131/><T57/><D78/><U64/><E93/><N who="2" m="56615" /><F99/><W14/><REACH who="3" step="1"/><G39/><REACH who="3" ten="370,130,250,240" step="2"/><T79/><D79/><U111/><E11/><V120/><F120/><W27/><G27/><T45/><D110/><U116/><E22/><V82/><F82/><W65/><G65/><T118/><D102/><U84/><E84/><V10/><F10/><W37/><G37/><T71/><D86/><U85/><E85/><V134/><F134/><W128/><G128/><T66/><D66/><U31/><E64/><V47/><F47/><W46/><G46/><T108/><D45/><N who="1" m="27759" /><E111/><V21/><F21/><W40/><G40/><T3/><D108/><U18/><E18/><AGARI ba="1,1" hai="8,12,18,42,43,48,54,58" m="56615,50761" machi="18" ten="30,2000,0" yaku="20,1,54,1" doraHai="70" who="2" fromWho="1" sc="370,0,130,-23,250,33,240,0" /><AGARI ba="1,0" hai="7,9,14,15,18,20,23,24,30,44,50,55,94,95" machi="18" ten="40,2600,0" yaku="1,1,8,1,53,0" doraHai="70" doraHaiUra="126" who="3" fromWho="1" sc="370,0,107,-26,283,0,240,26" /><INIT seed="1,0,0,2,2,36" ten="370,81,283,266" oya="1" hai0="85,100,27,18,23,48,133,55,42,22,119,99,76" hai1="37,56,92,39,105,89,64,113,30,93,97,32,87" hai2="35,24,60,118,103,49,68,6,4,109,127,25,77" hai3="121,41,3,7,66,46,10,72,86,135,26,131,130"/><U83/><E113/><V19/><F118/><W54/><G121/><T98/><D119/><U111/><E105/><V128/><F128/><W47/><G72/><T31/><D133/><U12/><E32/><V9/><F127/><W73/><G73/><T5/><D5/><U58/><E30/><V21/><F109/><W84/><G135/><T44/><D55/><U90/><E111/><V74/><F103/><W108/><G66/><T120/><D120/><U1/><E1/><V11/><F49/><N who="3" m="28983" /><G26/><N who="0" m="14679" /><D100/><U82/><E12/><V63/><F68/><W132/><G132/><T79/><D79/><U52/><E64/><V104/><F104/><W34/><G34/><T8/><D8/><U81/><REACH who="1" step="1"/><E58/><REACH who="1" ten="370,71,283,266" step="2"/><V112/><F112/><W67/><G67/><T71/><D71/><U62/><AGARI ba="0,1" hai="37,39,52,56,62,81,82,83,87,89,90,92,93,97" machi="62" ten="30,12000,1" yaku="1,1,2,1,0,1,54,1,53,1" doraHai="36" doraHaiUra="57" who="1" fromWho="1" sc="370,-40,71,130,283,-40,266,-40" /><INIT seed="1,1,0,4,3,116" ten="330,201,243,226" oya="1" hai0="8,12,43,103,10,121,65,11,39,5,127,101,21" hai1="122,80,45,69,52,23,13,53,118,41,124,90,85" hai2="98,20,93,24,2,92,132,74,128,62,110,120,63" hai3="30,29,26,115,60,40,68,126,97,133,77,36,34"/><U114/><E114/><V100/><F2/><W28/><G115/><T64/><D127/><U134/><E118/><V78/><F128/><W88/><G77/><T108/><D108/><U117/><E117/><V130/><F130/><W99/><G99/><T119/><D119/><U1/><E1/><V73/><F110/><W76/><G76/><T3/><D21/><U109/><E109/><V49/><F132/><W9/><G40/><T87/><D87/><U6/><E69/><V56/><F120/><W14/><G36/><T4/><D10/><N who="1" m="4311" /><E122/><V94/><F73/><W75/><G75/><T125/><D125/><U70/><E70/><V135/><F135/><W46/><G133/><T66/><D121/><U86/><E134/><V59/><F49/><W67/><G46/><T113/><D113/><U106/><E106/><V58/><F78/><W79/><G79/><T71/><D71/><U51/><E124/><V107/><REACH who="2" step="1"/><F74/><REACH who="2" ten="330,201,233,226" step="2"/><W27/><G126/><T82/><D3/><U84/><E80/><V7/><F7/><W31/><G34/><T129/><D82/><U44/><E90/><V131/><F131/><W37/><G37/><T81/><D81/><U48/><E23/><V17/><AGARI ba="1,1" hai="17,20,24,56,58,59,62,63,92,93,94,98,100,107" machi="17" ten="30,2000,0" yaku="1,1,0,1,53,0" doraHai="116" doraHaiUra="105" who="2" fromWho="2" sc="330,-6,201,-11,233,33,226,-6" /><INIT seed="2,0,0,2,2,59" ten="324,190,266,220" oya="2" hai0="37,95,72,123,76,71,87,30,17,66,94,56,112" hai1="124,117,26,40,80,0,85,11,28,21,60,67,16" hai2="126,6,90,129,22,45,82,18,25,42,128,106,32" hai3="68,115,98,62,108,101,65,130,116,55,97,111,135"/><V15/><F106/><W127/><G116/><T74/><D37/><U10/><E117/><V41/><F126/><W122/><G122/><T9/><D112/><U20/><E124/><V99/><F41/><W1/><G127/><T48/><D71/><U114/><E40/><V44/><F44/><W51/><G1/><T57/><D30/><U132/><E0/><V96/><F32/><W53/><G115/><T133/><D133/><U107/><E107/><V36/><F82/><W12/><G135/><T103/><D74/><U47/><E47/><V13/><F13/><W105/><G130/><N who="2" m="50281" /><F90/><W81/><G98/><T83/><D72/><U8/><E114/><V77/><F77/><W29/><G81/><T33/><D33/><U34/><E132/><V7/><F7/><W70/><G70/><T79/><D79/><N who="1" m="46239" /><E34/><V131/><F131/><W39/><G39/><T49/><D123/><U113/><E113/><V120/><F120/><W119/><G119/><T121/><D121/><U23/><E28/><N who="2" m="17463" /><F6/><W109/><G29/><T46/><D46/><U52/><E67/><V125/><F125/><W61/><G12/><N who="0" m="7311" /><D66/><U50/><E26/><V91/><F91/><W69/><G69/><T75/><D75/><U38/><E38/><V19/><F19/><W43/><G43/><T27/><D27/><U134/><E134/><V5/><F5/><W100/><G111/><T73/><D73/><U2/><E16/><V110/><F110/><W92/><G105/><T64/><D64/><U78/><E78/><V63/><F63/><W31/><G109/><T93/><D103/><N who="3" m="39497" /><G108/><T54/><D76/><RYUUKYOKU ba="0,0" sc="324,-10,190,-10,266,30,220,-10" hai2="15,18,36,42,45,96,99" /><INIT seed="2,1,0,3,4,41" ten="314,180,296,210" oya="2" hai0="70,87,85,98,94,28,53,92,20,108,83,26,103" hai1="14,40,0,75,65,46,99,79,84,45,91,49,109" hai2="50,58,88,57,13,124,11,10,66,95,121,81,43" hai3="47,52,30,115,33,69,97,112,23,100,130,89,113"/><V17/><F121/><W24/><G69/><T4/><D108/><U104/><E109/><V93/><F124/><W16/><G130/><T5/><D70/><U22/><E0/><V7/><F81/><W96/><G89/><N who="0" m="53311" /><D53/><U82/><E65/><V61/><F88/><AGARI ba="1,0" hai="4,5,20,26,28,83,85,88,94,98,103" m="53311" machi="88" ten="30,2000,0" yaku="8,1,54,1" doraHai="41" who="0" fromWho="2" sc="314,23,180,0,296,-23,210,0" /><INIT seed="3,0,0,1,2,62" ten="337,180,273,210" oya="3" hai0="47,70,12,26,78,75,52,24,25,60,59,3,41" hai1="81,57,109,17,34,130,126,107,124,45,46,6,83" hai2="65,23,129,14,92,118,117,101,38,99,7,30,48" hai3="104,51,113,72,86,69,134,49,44,121,68,90,15"/><W10/><G113/><T96/><D3/><U84/><E107/><V71/><F38/><W85/><G121/><T18/><D70/><U106/><E106/><V132/><F129/><W80/><G72/><T5/><D5/><U93/><E34/><V77/><F132/><W28/><G134/><T33/><D33/><U27/><E6/><V98/><F77/><W42/><G104/><T114/><D114/><U56/><E93/><V19/><F30/><W103/><G103/><T119/><D119/><U79/><E130/><V53/><F7/><W116/><G116/><T20/><D75/><U112/><E112/><V97/><F118/><W105/><G105/><T74/><D74/><U128/><E128/><V21/><F21/><W37/><G28/><T32/><D32/><U123/><E123/><V58/><REACH who="2" step="1"/><F117/><REACH who="2" ten="337,180,263,210" step="2"/><W110/><G110/><T22/><D78/><U11/><E109/><V43/><F43/><W35/><G35/><T100/><D22/><N who="1" m="13775" /><E11/><V127/><F127/><N who="1" m="48681" /><E83/><V89/><F89/><N who="3" m="51367" /><G68/><T61/><D100/><U40/><E40/><V76/><F76/><W16/><G69/><T2/><D41/><U66/><E66/><V29/><F29/><W4/><G4/><T9/><D2/><U133/><E133/><V31/><F31/><W120/><G120/><T36/><D36/><U91/><E79/><V54/><F54/><W95/><G37/><T1/><D52/><U67/><E67/><V82/><F82/><W135/><G135/><T8/><D1/><U50/><E50/><N who="3" m="18954" /><G42/><T63/><D20/><U87/><E87/><V131/><F131/><W0/><G0/><RYUUKYOKU ba="0,1" sc="337,-30,180,10,263,10,210,10" hai1="45,46,56,57,81,84,91" hai2="14,19,23,48,53,58,65,71,92,97,98,99,101" hai3="10,15,16,44,86,90,95" /><INIT seed="3,1,1,0,3,83" ten="307,190,273,220" oya="3" hai0="50,53,72,66,95,26,70,100,91,119,113,64,48" hai1="114,122,12,121,93,16,107,9,110,28,98,31,19" hai2="131,105,21,25,3,124,42,49,51,129,10,15,75" hai3="86,118,69,55,59,133,112,34,108,23,20,56,41"/><W99/><G118/><T24/><D119/><U30/><E107/><V134/><F75/><W125/><G112/><T58/><D72/><U115/><E98/><V7/><F105/><W0/><G69/><T135/><D100/><U62/><E62/><V11/><F124/><W97/><G34/><T102/><D102/><U40/><E93/><V87/><F134/><W103/><G0/><T67/><D70/><U88/><E40/><V116/><F116/><W18/><G41/><T54/><D135/><U78/><E78/><V130/><F42/><W81/><G133/><T132/><D113/><N who="1" m="43019" /><E88/><V57/><F57/><W128/><G125/><T43/><D43/><U6/><E110/><V85/><F49/><N who="3" m="30831" /><G108/><T61/><D132/><U60/><E60/><V22/><F51/><N who="0" m="19498" /><D54/><U101/><E101/><V29/><F22/><N who="3" m="8235" /><G103/><T47/><D47/><U123/><AGARI ba="1,1" hai="6,9,12,16,19,28,30,31,121,122,123" m="43019" machi="123" ten="40,5200,0" yaku="34,2,54,1" doraHai="83" who="1" fromWho="1" sc="307,-14,190,65,273,-14,220,-27" /><INIT seed="4,0,0,4,5,64" ten="293,255,259,193" oya="0" hai0="83,20,65,35,94,8,128,103,51,72,55,41,12" hai1="107,87,129,133,105,124,100,92,25,19,23,131,104" hai2="57,2,26,63,125,98,88,29,84,118,37,21,74" hai3="9,54,32,31,130,102,82,18,99,110,108,70,67"/><T58/><D35/><U122/><E122/><V49/><F37/><W56/><G82/><T44/><D128/><N who="1" m="49227" /><E87/><V127/><F74/><W40/><G40/><T42/><D20/><U16/><E124/><N who="2" m="47691" /><F2/><W121/><G130/><T59/><D83/><U4/><E4/><V85/><F118/><W39/><G39/><T14/><D72/><U97/><E133/><V75/><F75/><W24/><G121/><T68/><D68/><U36/><E36/><V79/><F79/><W15/><G67/><T45/><D12/><U96/><E19/><V10/><F10/><W62/><REACH who="3" step="1"/><G70/><REACH who="3" ten="293,255,259,183" step="2"/><T78/><D65/><U91/><AGARI ba="0,1" hai="16,23,25,91,92,96,97,100,104,105,107" m="49227" machi="91" ten="30,2000,0" yaku="19,1,54,1" doraHai="64" who="1" fromWho="1" sc="293,-10,255,30,259,-5,183,-5" /><INIT seed="5,0,0,3,0,15" ten="283,285,254,178" oya="1" hai0="38,118,27,133,83,127,107,63,22,65,75,23,49" hai1="40,135,60,0,90,25,129,61,53,54,31,7,47" hai2="6,99,72,110,115,2,24,80,48,26,130,29,124" hai3="67,103,125,20,101,70,37,33,92,35,8,42,44"/><U111/><E0/><V11/><F110/><W108/><G108/><T13/><D118/><U12/><E111/><V43/><F124/><W84/><G125/><T55/><D38/><U41/><E135/><V94/><F130/><W77/><G70/><T131/><D127/><U113/><E113/><V98/><F115/><W116/><G116/><T102/><D131/><U76/><E76/><V10/><F10/><W5/><G67/><T88/><D133/><U66/><E90/><V62/><F62/><W30/><G20/><T21/><D102/><U59/><E54/><V69/><F69/><W16/><G5/><T119/><D107/><U86/><E86/><V28/><F28/><W51/><G37/><T14/><D119/><U117/><E129/><V79/><F26/><W18/><G8/><T4/><D27/><U50/><E61/><V132/><F132/><W128/><G128/><T85/><D4/><U64/><E64/><V73/><F73/><W134/><G134/><T126/><D75/><U89/><E89/><V104/><F104/><W122/><G122/><T34/><D34/><N who="3" m="12809" /><G30/><T121/><D126/><U105/><E105/><V39/><F48/><W52/><G42/><T120/><D120/><U78/><E78/><V82/><F82/><N who="3" m="47183" /><G103/><T74/><D74/><U123/><E123/><V68/><F68/><W17/><G101/><T19/><D121/><U87/><E117/><V32/><REACH who="2" step="1"/><F94/><REACH who="2" ten="283,285,244,178" step="2"/><W1/><G92/><T45/><D63/><U96/><E60/><V46/><AGARI ba="0,1" hai="2,6,11,24,29,32,39,43,46,72,79,80,98,99" machi="46" ten="30,12000,2" yaku="1,1,2,1,0,1,25,2,53,2" doraHai="15" doraHaiUra="93" who="2" fromWho="2" sc="283,-30,285,-60,244,130,178,-30" owari="253,5.3,225,-17.5,374,47.4,148,-35.2" /></mjloggm>