<mjloggm ver="2.3"><GO type="225" lobby="0"/><UN n0="%E8%A8%88%E7%AE%97%E6%A9%9F%E8%87%AA%E7%84%B6" n1="%E3%81%99%E3%81%84%E3%81%BE%E3%81%9B%E3%83%BC%E3%82%93" n2="%E3%81%B2%E3%81%AA%E3%81%AE%E3%82%8A%E3%81%8F" n3="%E3%81%9F%E3%81%8C%E3%82%84%E3%81%99" dan="17,16,16,16" rate="2190.69,2151.87,2165.38,2131.69" sx="M,M,M,M"/><TAIKYOKU oya="0"/><INIT seed="0,0,0,5,2,68" ten="250,250,250,250" oya="0" hai0="32,97,7,24,85,60,93,54,125,121,130,91,52" hai1="76,109,29,112,50,104,124,63,71,39,43,11,95" hai2="40,28,129,27,100,90,61,1,66,21,18,73,10" hai3="16,0,47,17,119,80,79,42,25,72,6,107,15"/><T51/><D121/><U94/><E104/><V55/><F73/><W5/><G107/><T103/><D130/><U88/><E124/><V56/><F100/><W26/><G119/><T65/><D125/><U118/><E118/><V115/><F115/><W13/><G13/><T8/><D32/><U37/><E76/><V31/><F129/><W2/><G2/><T96/><D24/><U84/><E112/><V74/><F74/><W20/><G0/><T46/><D54/><U106/><E106/><V98/><F40/><W30/><G17/><T12/><REACH who="0" step="1"/><D103/><REACH who="0" ten="240,250,250,250" step="2"/><U132/><E132/><V133/><F133/><W113/><G26/><T77/><D77/><U82/><E109/><V127/><F127/><W4/><G113/><T44/><D44/><U89/><E89/><V33/><F33/><W35/><REACH who="3" step="1"/><G5/><REACH who="3" ten="240,250,250,240" step="2"/><T34/><D34/><U36/><E29/><V81/><F31/><W69/><G69/><AGARI ba="0,2" hai="7,8,12,46,51,52,60,65,69,85,91,93,96,97" machi="69" ten="30,5800,0" yaku="1,1,7,1,54,1,53,0" doraHai="68" doraHaiUra="38" who="0" fromWho="3" sc="240,78,250,0,250,0,240,-58" /><INIT seed="0,1,0,3,4,75" ten="318,250,250,182" oya="0" hai0="66,95,78,131,19,127,124,13,26,80,72,58,22" hai1="133,54,104,134,20,116,25,42,31,32,10,8,110" hai2="63,107,84,112,50,37,23,61,67,105,21,60,74" hai3="94,33,17,49,132,111,30,64,88,36,113,7,117"/><T87/><D131/><U83/><E104/><V69/><F37/><W11/><G36/><T35/><D66/><U109/><E42/><V135/><F74/><W76/><G113/><T123/><D123/><U97/><E97/><V100/><F112/><W52/><G117/><T2/><D2/><U12/><E54/><V40/><F135/><N who="1" m="51721" /><E83/><V15/><F69/><W57/><G132/><T70/><D70/><U99/><E99/><V1/><F67/><W119/><G119/><T90/><D58/><U128/><E128/><V71/><F71/><W106/><G106/><T103/><D103/><U29/><E116/><V28/><F1/><W47/><G111/><N who="1" m="42506" /><E29/><V85/><F100/><W41/><G64/><T39/><D39/><U130/><E130/><V65/><F65/><W91/><G76/><T115/><D115/><U81/><E81/><V53/><F40/><W43/><G43/><T18/><D95/><U82/><E82/><V27/><F105/><W89/><G94/><T93/><D93/><U122/><E122/><V73/><F73/><W129/><G129/><T56/><D56/><U0/><E0/><V55/><F107/><W68/><G68/><T101/><D101/><U4/><E8/><V121/><F121/><W62/><G30/><N who="0" m="19927" /><D72/><U48/><E48/><V24/><F55/><W59/><G59/><T3/><D3/><U120/><E120/><V96/><F28/><W114/><G114/><T118/><D118/><U125/><E125/><N who="0" m="48201" /><D90/><U102/><E102/><V34/><F63/><W6/><G33/><AGARI ba="1,0" hai="4,10,12,20,25,31,32,33" m="42506,51721" machi="33" ten="30,7700,0" yaku="20,1,14,1,34,2" doraHai="75" who="1" fromWho="3" sc="318,0,250,80,250,0,182,-80" /><INIT seed="1,0,0,2,0,117" ten="318,330,250,102" oya="1" hai0="123,105,52,128,20,126,60,62,5,104,21,87,69" hai1="25,121,71,37,47,26,111,113,98,55,46,19,43" hai2="92,36,73,97,127,85,28,0,3,80,86,68,130" hai3="38,9,106,93,22,27,120,74,8,44,131,122,18"/><U107/><E113/><V129/><F68/><W24/><G106/><T51/><D128/><N who="2" m="49258" /><F36/><W67/><G131/><T17/><D126/><U42/><E71/><V101/><F127/><W84/><G74/><T59/><D5/><U70/><E70/><V77/><F28/><W108/><G67/><T124/><D124/><U39/><E121/><N who="3" m="46698" /><G93/><T94/><D123/><U11/><E111/><V50/><F50/><W4/><G84/><AGARI ba="0,0" hai="0,3,73,77,80,84,85,86,92,97,101" m="49258" machi="84" ten="30,1000,0" yaku="19,1" doraHai="117" who="2" fromWho="3" sc="318,0,330,0,250,10,102,-10" /><INIT seed="2,0,0,5,2,106" ten="318,330,260,92" oya="2" hai0="81,37,77,108,69,10,59,97,93,3,99,31,51" hai1="67,89,52,1,54,32,133,0,73,6,87,76,115" hai2="92,88,5,114,129,90,71,100,109,112,57,80,83" hai3="94,98,111,61,127,96,82,119,50,105,46,55,78"/><V11/><F71/><W70/><G105/><T43/><D69/><U118/><E115/><V48/><F129/><W135/><G119/><T33/><D108/><U120/><E118/><V40/><F100/><W24/><G111/><T38/><D33/><U15/><E32/><V20/><F109/><W7/><G135/><T104/><D31/><U28/><E28/><V110/><F110/><W27/><G127/><T64/><D104/><U126/><E133/><V16/><F112/><W14/><G70/><T122/><D122/><U60/><E126/><V13/><F90/><W34/><G61/><T74/><D99/><U18/><E120/><V65/><F65/><W45/><G45/><T30/><D30/><U132/><E132/><V49/><F114/><W128/><G98/><T47/><D64/><U121/><E121/><V101/><F101/><W107/><G107/><T56/><D51/><N who="2" m="19530" /><F57/><W41/><G55/><T19/><D37/><U4/><E0/><V103/><F103/><W95/><G128/><T79/><D79/><U72/><E76/><V102/><F102/><W62/><G62/><T58/><D3/><U21/><E1/><V12/><F40/><W123/><G123/><T35/><D35/><U42/><E42/><V84/><AGARI ba="0,0" hai="5,11,12,13,16,20,80,83,84,88,92" m="19530" machi="84" ten="30,6000,0" yaku="8,1,54,2" doraHai="106" who="2" fromWho="2" sc="318,-20,330,-20,260,60,92,-20" /><INIT seed="2,1,0,2,4,29" ten="298,310,320,72" oya="2" hai0="69,33,27,23,127,132,67,133,92,85,46,61,73" hai1="51,48,96,5,91,12,126,128,26,17,120,1,28" hai2="31,37,100,24,56,25,43,59,19,50,81,99,105" hai3="103,71,9,135,87,119,0,20,34,42,35,90,8"/><V2/><F2/><W118/><G71/><T57/><D73/><U125/><E128/><V84/><F37/><W124/><G103/><T55/><D127/><N who="1" m="48651" /><E120/><V79/><F19/><W82/><G124/><T72/><D72/><U32/><E5/><V74/><F25/><W16/><G42/><T21/><D46/><U94/><E1/><V40/><F74/><W60/><G60/><N who="0" m="35903" /><D92/><U7/><E7/><V65/><F65/><W47/><G47/><T4/><D85/><U63/><E63/><V41/><REACH who="2" step="1"/><F50/><REACH who="2" ten="298,310,310,72" step="2"/><W122/><G122/><T44/><D4/><U113/><E113/><V11/><F11/><AGARI ba="1,1" hai="11,12,17,26,28,32,48,51,91,94,96" m="48651" machi="11" ten="30,2000,0" yaku="18,1,52,1" doraHai="29" who="1" fromWho="2" sc="298,0,310,33,310,-23,72,0" /><INIT seed="3,0,0,3,1,106" ten="298,343,287,72" oya="3" hai0="131,15,120,71,134,52,53,11,74,49,78,122,69" hai1="22,42,99,87,13,62,105,36,47,94,72,73,3" hai2="25,8,100,27,97,101,2,55,79,127,111,61,68" hai3="19,10,44,16,121,1,118,46,90,29,51,133,115"/><W57/><G29/><T85/><D85/><U107/><E3/><V75/><F101/><W59/><G115/><T92/><D92/><U50/><E87/><V132/><F111/><W5/><G121/><T14/><D131/><U88/><E62/><V41/><F41/><W109/><G118/><T123/><D134/><U77/><E36/><V119/><F119/><W104/><G133/><T110/><D110/><U108/><E108/><V129/><F132/><W81/><G104/><T6/><D14/><U34/><E34/><V66/><F127/><W18/><G109/><T31/><D31/><U7/><E73/><V91/><F91/><W60/><G59/><T0/><D0/><U64/><E64/><V17/><F55/><W35/><G35/><T63/><D63/><U135/><E135/><V93/><F129/><W56/><G56/><T58/><REACH who="0" step="1"/><D53/><REACH who="0" ten="288,343,287,72" step="2"/><U33/><E107/><V24/><F2/><W76/><G90/><T39/><D39/><U43/><E105/><V30/><F30/><W124/><G124/><T117/><D117/><U9/><E33/><V89/><F89/><W82/><G51/><T125/><D125/><U45/><E50/><V37/><F37/><W32/><G32/><T48/><D48/><U116/><E116/><V12/><REACH who="2" step="1"/><F79/><REACH who="2" ten="288,343,277,72" step="2"/><W126/><G126/><T86/><D86/><U67/><E77/><V98/><F98/><W130/><G130/><T26/><D26/><U95/><E99/><V84/><F84/><N who="3" m="48167" /><G82/><AGARI ba="0,2" hai="6,11,15,49,52,58,69,71,74,78,82,120,122,123" machi="82" ten="40,5200,0" yaku="1,1,52,1,54,1,53,0" doraHai="106" doraHaiUra="21" who="0" fromWho="3" sc="288,72,343,0,277,0,72,-52" owari="360,46.0,343,14.3,277,-12.3,20,-48.0" /></mjloggm>