<mjloggm ver="2.3"><GO type="225" lobby="0"/><UN n0="%E3%80%93%E3%81%97%E3%83%BC%E3%82%89%E3%80%93" n1="%EF%BC%AE%EF%BC%A1%EF%BC%AF%33%33%39" n2="%E6%97%A5%E6%9B%9C%E6%97%A5%E3%82%88%E3%82%8A%E3%81%AE%E4%BD%BF%E8%80%85" n3="%E3%81%BF%E3%81%BF%E3%81%9A" dan="16,17,17,17" rate="2110.51,2192.52,2136.53,2279.78" sx="M,M,M,M"/><TAIKYOKU oya="0"/><INIT seed="0,0,0,1,0,52" ten="250,250,250,250" oya="0" hai0="107,113,13,129,94,73,29,36,119,45,55,91,101" hai1="99,90,2,114,83,26,11,38,111,108,22,65,3" hai2="105,97,133,100,46,41,44,68,92,130,42,21,123" hai3="57,20,89,53,132,127,110,7,34,8,49,66,43"/><T104/><D73/><U124/><E38/><V72/><F123/><W103/><G34/><T18/><D113/><U35/><E35/><V59/><F68/><W125/><G110/><T56/><D119/><U75/><E65/><V80/><F130/><W87/><G132/><T60/><D101/><U109/><E11/><V47/><F133/><W71/><G103/><T32/><D129/><U1/><E114/><V12/><F105/><W5/><G20/><T77/><D77/><U64/><E64/><V95/><F95/><W50/><G66/><T76/><D76/><U63/><E63/><V54/><F80/><W15/><G71/><T121/><D121/><U28/><E124/><N who="3" m="47690" /><G43/><T112/><D112/><U135/><E135/><V120/><F72/><W131/><G131/><T51/><D36/><U69/><E69/><V115/><F115/><W17/><G49/><T24/><D45/><U128/><E128/><V134/><F134/><W118/><G118/><T106/><D60/><U98/><E75/><V78/><F78/><W82/><AGARI ba="0,0" hai="5,7,8,15,17,50,53,57,82,87,89" m="47690" machi="82" ten="30,2000,0" yaku="18,1,52,1" doraHai="52" who="3" fromWho="3" sc="250,-10,250,-5,250,-5,250,20" /><INIT seed="1,0,0,0,3,2" ten="240,245,245,270" oya="1" hai0="43,29,15,93,91,24,11,135,26,64,92,95,34" hai1="6,5,72,58,46,121,20,35,119,76,70,51,55" hai2="86,33,116,104,109,52,54,85,125,27,42,17,75" hai3="74,9,10,130,37,14,0,102,30,112,88,79,101"/><U45/><E35/><V28/><F75/><W80/><G112/><T4/><D135/><U77/><E70/><V113/><F104/><W59/><G130/><T120/><D120/><U94/><E121/><V89/><F116/><W3/><G30/><T114/><D114/><U19/><E119/><V84/><F113/><W12/><G37/><T87/><D64/><U115/><E115/><V68/><F68/><W108/><G108/><T107/><D107/><U69/><E69/><V100/><F100/><W41/><G41/><T73/><D73/><U32/><E32/><V48/><F125/><W21/><G21/><T117/><D117/><U123/><E123/><V60/><F60/><W118/><G118/><T103/><D103/><U122/><E122/><V56/><F42/><W16/><G0/><T81/><D43/><U98/><E72/><V23/><F54/><W65/><G3/><T67/><D67/><U90/><E46/><V124/><F124/><W62/><REACH who="3" step="1"/><G88/><REACH who="3" ten="240,245,245,260" step="2"/><T53/><D26/><N who="1" m="14623" /><E45/><V39/><F39/><W7/><AGARI ba="0,1" hai="7,9,10,12,14,16,59,62,65,74,79,80,101,102" machi="7" ten="20,12000,2" yaku="1,1,0,1,7,1,52,1,54,1,53,1" doraHai="2" doraHaiUra="63" who="3" fromWho="3" sc="240,-30,245,-60,245,-30,260,130" /><INIT seed="2,0,0,0,3,73" ten="210,185,215,390" oya="2" hai0="72,121,92,93,133,44,49,7,64,40,77,45,10" hai1="81,6,18,125,82,98,70,23,69,26,28,38,56" hai2="2,94,14,17,75,12,46,39,13,105,90,54,112" hai3="109,32,80,131,88,91,65,110,9,68,16,84,59"/><V87/><F2/><W36/><G131/><T100/><D121/><U30/><E38/><V52/><F112/><W33/><G36/><T115/><D115/><U60/><E6/><V85/><F75/><W123/><G123/><T102/><D133/><U114/><E114/><V15/><F105/><W95/><G68/><T29/><D64/><U107/><E69/><V48/><F39/><W31/><G59/><T47/><D29/><U118/><E70/><V104/><F104/><W50/><G50/><T19/><D19/><U1/><E1/><V122/><F122/><W116/><G65/><T101/><D93/><U117/><E117/><V113/><F113/><W128/><G128/><T24/><D92/><U132/><E132/><V129/><F129/><W5/><G16/><T58/><D24/><U61/><E61/><V130/><F130/><W35/><G31/><T126/><D58/><U20/><E118/><V99/><REACH who="2" step="1"/><F54/><REACH who="2" ten="210,185,205,390" step="2"/><W127/><G116/><T27/><D126/><U63/><E125/><V97/><F97/><W22/><G127/><T55/><D55/><U74/><E74/><V83/><F83/><W42/><G42/><T66/><D66/><U34/><E107/><V108/><F108/><W8/><G110/><T96/><D96/><U119/><E98/><V71/><F71/><W0/><G109/><T103/><N who="0" m="25600" /><DORA hai="124" /><T21/><D72/><U111/><E111/><V51/><F51/><W62/><G80/><T120/><D120/><U89/><E119/><V25/><F25/><W78/><G0/><N who="0" m="359" /><D49/><U76/><E81/><V53/><F53/><W134/><G134/><RYUUKYOKU ba="0,1" sc="210,-10,185,-10,205,30,390,-10" hai2="12,13,14,15,17,46,48,52,85,87,90,94,99" /><INIT seed="2,1,1,1,3,66" ten="200,175,235,380" oya="2" hai0="133,69,50,90,85,104,107,30,77,130,126,49,64" hai1="122,80,124,97,55,22,125,41,42,102,24,93,111" hai2="110,121,48,3,123,2,73,37,53,115,128,56,51" hai3="98,32,57,7,72,25,23,33,44,82,101,89,29"/><V21/><F73/><W117/><G117/><T62/><D126/><N who="1" m="48747" /><E111/><V76/><F76/><W79/><G7/><T134/><D77/><U0/><E0/><V129/><F37/><W68/><G68/><T108/><D108/><U10/><E10/><V95/><F110/><W39/><G89/><T65/><D30/><N who="1" m="17687" /><E122/><N who="2" m="46603" /><F115/><W100/><G100/><T5/><D5/><U9/><E9/><V63/><F95/><W6/><G6/><T96/><D130/><N who="2" m="50282" /><F21/><W38/><G57/><T113/><D65/><U83/><E55/><V132/><F132/><N who="0" m="50794" /><D113/><U61/><E61/><V112/><F112/><W1/><G1/><AGARI ba="1,1" hai="1,2,3,48,51,53,56,63" m="50282,46603" machi="1" ten="40,2000,0" yaku="19,1" doraHai="66" who="2" fromWho="3" sc="200,0,175,0,235,33,380,-23" /><INIT seed="2,2,0,3,1,127" ten="200,175,268,357" oya="2" hai0="86,67,7,116,46,88,80,23,131,133,101,104,111" hai1="45,43,50,20,68,27,126,99,41,100,39,124,30" hai2="122,84,108,8,82,107,113,17,102,19,94,1,61" hai3="74,132,135,103,14,57,128,79,31,77,34,93,48"/><V13/><F113/><W87/><G128/><T123/><D123/><U10/><E68/><V63/><F107/><W49/><G74/><T118/><D67/><U110/><E110/><V72/><F72/><W55/><G14/><T4/><D111/><U15/><E39/><V92/><F1/><W75/><G75/><T66/><D66/><U85/><E43/><V18/><F122/><W83/><G79/><T60/><D60/><N who="2" m="23114" /><F108/><W58/><G31/><T38/><D133/><N who="3" m="51273" /><G34/><T12/><D131/><U21/><E21/><V119/><F119/><N who="0" m="45610" /><D46/><U115/><E115/><V89/><F102/><W33/><G33/><T52/><D52/><U37/><E37/><V24/><F24/><W47/><G49/><T22/><D38/><U25/><E25/><V53/><F53/><W40/><G55/><T96/><D7/><AGARI ba="2,0" hai="7,8,13,17,18,19,82,84,89,92,94" m="23114" machi="7" ten="30,1500,0" yaku="8,1" doraHai="127" who="2" fromWho="0" sc="200,-21,175,0,268,21,357,0" /><INIT seed="2,3,0,5,5,104" ten="179,175,289,357" oya="2" hai0="47,74,122,72,16,25,5,75,0,1,66,98,48" hai1="10,94,20,77,99,92,24,128,106,123,110,59,107" hai2="34,69,54,31,4,27,133,62,14,68,82,117,120" hai3="84,129,71,83,105,19,88,109,89,45,37,63,43"/><V42/><F117/><W118/><G109/><T32/><D122/><U52/><E110/><V113/><F113/><W39/><G118/><T29/><D66/><U28/><E123/><V40/><F120/><W53/><G129/><T80/><D5/><U101/><E128/><V38/><F133/><W114/><G114/><T17/><D80/><U119/><E119/><V21/><F38/><W22/><G105/><T50/><D98/><U86/><E10/><N who="2" m="4423" /><F68/><W13/><G39/><T102/><D102/><U58/><E58/><N who="2" m="35159" /><F34/><W124/><G124/><T127/><D127/><U130/><E130/><V26/><F69/><W93/><G53/><T57/><D57/><U33/><E33/><V87/><F27/><W81/><REACH who="3" step="1"/><G89/><AGARI ba="3,0" hai="21,26,31,40,42,82,87,89" m="35159,4423" machi="89" ten="30,1500,0" yaku="8,1" doraHai="104" who="2" fromWho="3" sc="179,0,175,0,289,24,357,-24" /><INIT seed="2,4,0,3,2,48" ten="179,175,313,333" oya="2" hai0="29,17,85,93,134,102,127,94,10,66,53,5,77" hai1="104,103,6,100,89,123,14,62,75,25,108,46,36" hai2="55,11,40,47,114,128,52,24,71,27,56,88,97" hai3="117,34,130,90,28,7,110,44,122,50,43,124,9"/><V2/><F114/><W35/><G117/><T107/><D127/><U86/><E75/><V115/><F71/><W58/><G122/><T78/><D134/><U129/><E104/><V72/><F72/><W31/><G124/><T83/><D78/><U116/><E116/><V22/><F115/><W70/><G70/><T73/><D66/><U74/><E74/><V68/><F68/><W8/><G110/><T113/><D113/><U99/><E99/><V87/><F2/><W18/><G130/><T65/><D65/><U80/><E108/><V15/><F97/><W30/><G90/><T32/><D17/><U3/><E3/><V54/><F56/><W98/><G98/><T135/><D135/><U61/><E36/><V23/><F128/><W26/><G58/><T51/><D107/><U84/><E129/><V91/><F23/><W67/><G67/><T111/><D102/><N who="1" m="38955" /><E46/><V109/><F109/><W64/><G64/><T59/><D111/><U13/><E25/><N who="2" m="9803" /><F22/><W60/><G26/><T69/><D69/><U92/><E123/><V120/><F120/><W101/><G101/><T0/><D32/><U41/><E41/><V19/><F87/><W42/><G42/><T20/><D29/><U49/><E14/><V126/><F126/><W121/><G121/><T106/><D106/><U63/><E13/><V57/><F57/><W119/><G119/><T112/><D112/><U12/><E12/><V76/><F76/><W1/><G60/><T105/><D105/><U132/><E132/><V81/><F81/><W82/><G82/><N who="0" m="45359" /><D20/><U95/><E80/><V133/><F133/><RYUUKYOKU ba="4,0" sc="179,10,175,-30,313,10,333,10" hai0="0,5,10,51,53,59,83,85,93,94" hai2="11,15,19,40,47,52,54,55,88,91" hai3="1,7,8,9,18,28,30,31,34,35,43,44,50" /><INIT seed="2,5,0,0,3,60" ten="189,145,323,343" oya="2" hai0="3,8,33,55,83,27,61,28,125,26,133,48,1" hai1="25,58,14,90,72,105,32,34,41,86,63,76,88" hai2="22,67,82,110,0,98,50,127,15,121,10,38,75" hai3="29,68,116,65,21,135,69,13,17,104,134,39,132"/><V24/><F38/><W30/><G116/><T128/><D125/><U111/><E105/><V16/><F121/><W117/><G117/><T123/><D123/><U40/><E72/><V84/><F75/><W120/><G120/><T97/><D133/><U4/><E111/><V101/><F127/><W2/><G104/><T122/><D122/><U6/><E32/><V44/><F0/><W59/><G39/><T74/><D128/><U52/><E34/><V95/><F110/><W106/><G106/><T77/><D8/><N who="1" m="4359" /><E6/><V91/><F67/><W80/><G80/><T79/><D79/><U115/><E115/><V7/><F50/><W99/><G99/><T71/><D27/><U107/><E107/><V131/><F131/><W31/><G2/><T23/><D97/><U92/><E76/><V102/><REACH who="2" step="1"/><F44/><REACH who="2" ten="189,145,313,343" step="2"/><W35/><G35/><T112/><D33/><U9/><E9/><V108/><F108/><W81/><G81/><T114/><D112/><U18/><E90/><AGARI ba="5,1" hai="7,10,15,16,22,24,82,84,90,91,95,98,101,102" machi="90" ten="30,11600,0" yaku="1,1,7,1,8,1,54,1,53,0" doraHai="60" doraHaiUra="37" who="2" fromWho="1" sc="189,0,145,-131,313,141,343,0" /><INIT seed="2,6,0,0,5,16" ten="189,14,454,343" oya="2" hai0="100,76,49,20,95,4,69,61,39,108,13,27,109" hai1="51,118,50,121,71,63,57,107,98,112,132,3,103" hai2="28,125,32,88,128,53,14,23,83,17,33,42,70" hai3="30,101,73,113,26,12,122,8,56,22,72,99,134"/><V92/><F70/><W46/><G122/><T131/><D39/><U96/><E3/><V29/><F33/><W19/><G134/><T24/><D131/><U105/><E71/><V126/><F128/><W82/><G113/><T15/><D76/><U31/><E112/><V25/><F42/><W115/><G115/><T106/><D106/><U127/><E118/><V68/><F68/><W44/><G56/><T87/><D49/><U120/><E31/><N who="2" m="19567" /><F83/><W65/><G65/><N who="0" m="41135" /><D27/><U110/><E132/><V6/><F53/><W86/><G73/><T62/><D62/><U74/><E74/><V58/><F58/><W93/><REACH who="3" step="1"/><G72/><REACH who="3" ten="189,14,454,333" step="2"/><T36/><D109/><U130/><E110/><V47/><F47/><W34/><G34/><T91/><D108/><U41/><E130/><V78/><F78/><AGARI ba="6,1" hai="8,12,19,22,26,30,44,46,78,82,86,93,99,101" machi="78" ten="30,7700,0" yaku="1,1,7,1,8,1,52,1,53,0" doraHai="16" doraHaiUra="133" who="3" fromWho="2" sc="189,0,14,0,454,-95,333,105" /><INIT seed="3,0,0,4,3,129" ten="189,14,359,438" oya="3" hai0="65,105,17,59,67,125,3,39,1,51,69,91,8" hai1="62,85,61,25,27,71,33,130,119,108,135,18,94" hai2="76,2,120,36,5,41,104,54,88,56,109,38,112" hai3="31,60,77,99,42,43,111,21,133,100,96,134,47"/><W80/><G60/><T44/><D105/><U107/><E107/><V66/><F104/><W114/><G114/><T64/><D39/><U12/><E130/><V106/><F106/><W79/><G111/><T9/><D69/><U78/><E108/><V4/><F112/><W50/><G42/><T34/><D34/><U126/><E71/><V90/><F109/><W83/><G83/><T132/><D125/><U63/><E33/><V14/><F2/><W87/><G79/><T70/><D59/><U13/><E126/><V0/><F0/><W40/><G40/><T49/><D91/><U24/><E119/><V6/><F120/><W86/><G86/><T74/><D17/><U84/><E78/><V37/><F76/><W97/><REACH who="3" step="1"/><G100/><REACH who="3" ten="189,14,359,428" step="2"/><T53/><D74/><U93/><E18/><V20/><F66/><W52/><G52/><T19/><D67/><U116/><E116/><V7/><F41/><W95/><G95/><T113/><D53/><U22/><E22/><V102/><F102/><W92/><G92/><T30/><D64/><U73/><E73/><V28/><N who="2" m="1024" /><DORA hai="48" /><V101/><F101/><W26/><AGARI ba="0,1" hai="21,26,31,43,47,50,77,80,87,96,97,99,133,134" machi="26" ten="30,12000,1" yaku="1,1,0,1,52,2,53,1" doraHai="129,48" doraHaiUra="118,16" who="3" fromWho="3" sc="189,-40,14,-40,359,-40,428,130" owari="149,-25.1,-26,-52.6,319,11.9,558,65.8" /></mjloggm>