<mjloggm ver="2.3"><GO type="225" lobby="0"/><UN n0="%6C%61%6D%62" n1="%30%2E%31%32%30" n2="%6D%75%75%73%61%6E%6D%75" n3="%E7%B4%94%E6%BD%94%E3%83%94%E3%83%A9%E3%83%8B%E3%82%A2" dan="16,16,16,17" rate="2205.85,2113.59,2066.02,2223.17" sx="M,M,F,M"/><TAIKYOKU oya="0"/><INIT seed="0,0,0,2,2,81" ten="250,250,250,250" oya="0" hai0="31,23,111,59,50,118,120,61,117,21,4,10,34" hai1="22,3,0,110,126,47,84,56,78,57,99,62,53" hai2="74,134,24,128,105,106,132,73,65,25,102,104,72" hai3="98,45,122,13,101,129,91,109,58,76,44,1,96"/><T40/><D120/><U36/><E110/><V112/><F112/><W123/><G1/><T71/><D71/><U119/><E119/><V90/><F102/><W43/><G76/><T18/><D111/><U54/><E126/><V85/><F65/><W35/><G35/><T100/><D100/><U9/><E99/><V92/><REACH who="2" step="1"/><F128/><REACH who="2" ten="250,250,240,250" step="2"/><W52/><G101/><T49/><D117/><U64/><E64/><V51/><F51/><W41/><G129/><T37/><D49/><U46/><E36/><V33/><F33/><W94/><G109/><T11/><D50/><U97/><E62/><V16/><F16/><W130/><G130/><T63/><D34/><U75/><E0/><V127/><F127/><W83/><G122/><T77/><D18/><U125/><E3/><V121/><F121/><W42/><G123/><T93/><D37/><U135/><E125/><V88/><F88/><W66/><G66/><T19/><D19/><U5/><E5/><V2/><F2/><W95/><G91/><T107/><D4/><U26/><E135/><AGARI ba="0,1" hai="24,25,72,73,74,85,90,92,104,105,106,132,134,135" machi="135" ten="50,6400,0" yaku="1,1,20,1,52,1,53,0" doraHai="81" doraHaiUra="39" who="2" fromWho="1" sc="250,0,250,-64,240,74,250,0" /><INIT seed="1,0,0,2,1,129" ten="250,186,314,250" oya="1" hai0="40,74,105,125,30,3,27,106,53,77,97,11,38" hai1="88,56,20,63,102,49,81,42,135,86,120,24,45" hai2="5,57,32,115,93,122,68,107,15,119,34,23,72" hai3="0,66,44,7,78,85,79,61,37,111,43,10,118"/><U70/><E120/><V62/><F107/><W47/><G111/><T132/><D53/><U117/><E117/><V64/><F122/><W80/><G44/><N who="0" m="23575" /><D125/><U110/><E110/><V41/><F119/><W65/><G118/><T83/><D97/><U127/><E70/><V73/><F115/><W121/><G121/><T12/><D12/><U123/><E127/><V36/><F41/><W82/><REACH who="3" step="1"/><G61/><REACH who="3" ten="250,186,314,240" step="2"/><T92/><D132/><U130/><E123/><V134/><F62/><W46/><G46/><T98/><D106/><U76/><E130/><V6/><F134/><W29/><G29/><T31/><D31/><U19/><E135/><V51/><F36/><W84/><AGARI ba="0,1" hai="0,7,10,37,43,47,65,66,78,79,80,82,84,85" machi="84" ten="20,5200,0" yaku="1,1,0,1,7,1,9,1,53,0" doraHai="129" doraHaiUra="91" who="3" fromWho="3" sc="250,-13,186,-26,314,-13,240,62" /><INIT seed="2,0,0,5,2,125" ten="237,160,301,302" oya="2" hai0="75,104,112,119,30,31,29,49,8,41,115,27,135" hai1="58,71,18,37,0,3,43,23,17,70,97,45,40" hai2="134,80,1,32,20,101,111,102,81,129,123,39,114" hai3="90,85,128,100,109,86,69,92,65,35,11,51,117"/><V26/><F114/><N who="0" m="43562" /><D104/><U28/><E28/><N who="0" m="10857" /><D75/><U133/><E133/><V94/><F123/><W116/><G11/><T59/><D41/><U12/><E58/><V52/><F32/><W124/><G35/><T113/><D49/><U47/><E97/><V56/><F134/><W64/><G51/><T38/><D59/><U91/><E91/><V127/><F39/><W2/><G2/><T60/><D60/><U61/><E18/><V76/><F1/><W46/><G46/><T42/><D42/><U34/><E34/><V77/><F94/><W106/><G90/><T87/><D87/><U19/><E19/><V66/><F66/><W120/><G92/><T15/><D38/><U96/><E96/><V22/><F56/><W9/><G9/><T126/><D135/><U67/><REACH who="1" step="1"/><E71/><REACH who="1" ten="237,150,301,302" step="2"/><V36/><F102/><W105/><G100/><T110/><D113/><U53/><E53/><V89/><F52/><W108/><G69/><T24/><D31/><U74/><E74/><V122/><F101/><W5/><G5/><T44/><D27/><U21/><E21/><V25/><F89/><W88/><G88/><T57/><D57/><U84/><E84/><V14/><F26/><W33/><G33/><T54/><D24/><U72/><E72/><V78/><F25/><W68/><G68/><T79/><D54/><U62/><E62/><V10/><F22/><W16/><G16/><T99/><D8/><U6/><E6/><V131/><F10/><W55/><G55/><T132/><D99/><U93/><E93/><V107/><F20/><W13/><G86/><T95/><D132/><RYUUKYOKU ba="0,1" sc="237,-10,150,30,301,-10,302,-10" hai1="0,3,12,17,23,37,40,43,45,47,61,67,70" /><INIT seed="3,1,1,0,1,13" ten="227,180,291,292" oya="3" hai0="52,125,99,57,10,97,90,2,86,47,14,58,27" hai1="62,130,124,108,35,127,93,115,80,38,44,3,41" hai2="103,17,31,65,43,9,39,15,0,87,132,6,33" hai3="20,91,117,70,18,74,82,55,134,37,50,23,83"/><W1/><G1/><T69/><D2/><U49/><E35/><V92/><F65/><W121/><G117/><T116/><D69/><U81/><E3/><V63/><F63/><W73/><G37/><T85/><D125/><N who="1" m="48203" /><E115/><V59/><F59/><N who="0" m="22538" /><D27/><U26/><E108/><V30/><F132/><W114/><G70/><T16/><D116/><U22/><E62/><V29/><F43/><W8/><G114/><T32/><D32/><U107/><E107/><V19/><F39/><W21/><G134/><T67/><D67/><U120/><E120/><V100/><F33/><W135/><G121/><T71/><D71/><U79/><E130/><V119/><F0/><W56/><G135/><T40/><D40/><U84/><E38/><V28/><N who="2" m="7168" /><DORA hai="102" /><V61/><F61/><W53/><G53/><T111/><D111/><U109/><E109/><V5/><F119/><W131/><G131/><T48/><D86/><U75/><E93/><AGARI ba="1,1" hai="10,14,16,47,48,52,85,90,93,97,99" m="22538" machi="93" ten="30,7700,0" yaku="8,1,52,1,54,2" doraHai="13,102" who="0" fromWho="1" sc="227,90,180,-80,291,0,292,0" owari="317,41.7,100,-40.0,291,-10.9,292,9.2" /></mjloggm>