<mjloggm ver="2.3"><GO type="225" lobby="0"/><UN n0="%6D%75%75%73%61%6E%6D%75" n1="%E3%83%A9%E3%82%A4%E3%83%B3%E3%81%AE%E8%99%8E" n2="%E3%81%8B%E3%82%8F%E3%81%A1%E3%82%83%E3%82%93%35%38" n3="%E5%8D%A0%E3%81%84%E5%B8%AB%E8%A3%8F%E3%81%AA%E3%81%84%E3%81%97" dan="17,16,16,17" rate="2153.42,2100.49,2164.29,2198.83" sx="F,M,M,M"/><TAIKYOKU oya="0"/><INIT seed="0,0,0,1,3,2" ten="250,250,250,250" oya="0" hai0="121,45,91,32,123,58,120,36,122,60,78,92,66" hai1="26,129,55,100,39,101,20,90,63,29,83,76,21" hai2="102,13,8,16,134,74,62,14,80,41,109,49,135" hai3="126,44,113,106,77,114,37,124,22,27,12,31,105"/><T67/><N who="0" m="30720" /><DORA hai="87" /><T34/><D78/><U97/><E39/><V65/><F109/><W54/><G77/><T61/><D45/><U50/><E63/><V17/><F102/><W99/><G12/><T95/><D36/><U128/><E20/><V84/><F74/><W48/><G37/><T93/><REACH who="0" step="1"/><D91/><REACH who="0" ten="240,250,250,250" step="2"/><U18/><E90/><V81/><F41/><W47/><G44/><T108/><D108/><U30/><E128/><V118/><F135/><W107/><REACH who="3" step="1"/><G99/><REACH who="3" ten="240,250,250,240" step="2"/><T127/><D127/><AGARI ba="0,2" hai="22,27,31,47,48,54,105,106,107,113,114,124,126,127" machi="127" ten="50,8000,1" yaku="1,1,2,1,18,1,53,1" doraHai="2,87" doraHaiUra="25,94" who="3" fromWho="0" sc="240,-80,250,0,250,0,240,100" /><INIT seed="1,0,0,0,1,13" ten="160,250,250,340" oya="1" hai0="114,83,7,128,120,74,77,97,66,118,106,30,117" hai1="123,0,115,12,82,125,81,20,53,58,73,101,116" hai2="112,4,56,23,39,84,108,90,45,131,75,122,18" hai3="10,37,78,127,6,52,59,47,38,130,16,95,119"/><U109/><E115/><V133/><F122/><W111/><G111/><T105/><D114/><U110/><E0/><V40/><F112/><W64/><G127/><T19/><D120/><U65/><E123/><V79/><F108/><N who="1" m="41577" /><E116/><V27/><F131/><W32/><G32/><T132/><D128/><U9/><E125/><V33/><F133/><W2/><G130/><T22/><D132/><U89/><E101/><V25/><F4/><W54/><G119/><T11/><D117/><U21/><E65/><V76/><F75/><W55/><G78/><T46/><D118/><U69/><E69/><V63/><F33/><W88/><G47/><T100/><D66/><U14/><E14/><V72/><F27/><W85/><REACH who="3" step="1"/><G16/><REACH who="3" ten="160,250,250,330" step="2"/><T68/><D68/><U31/><E31/><V62/><F72/><W26/><G26/><T60/><D30/><U24/><E73/><V43/><F79/><W96/><G96/><T35/><D35/><U48/><E24/><V28/><F76/><W44/><G44/><T1/><D46/><U17/><E89/><V121/><F121/><W61/><AGARI ba="0,1" hai="2,6,10,37,38,52,54,55,59,61,64,85,88,95" machi="61" ten="30,12000,2" yaku="1,1,0,1,54,2,53,3" doraHai="13" doraHaiUra="51" who="3" fromWho="3" sc="160,-30,250,-60,250,-30,330,130" /><INIT seed="2,0,0,2,5,12" ten="130,190,220,460" oya="2" hai0="8,91,88,47,110,53,131,105,68,132,41,33,29" hai1="81,124,37,107,6,92,93,63,72,56,78,119,36" hai2="127,66,61,100,70,135,43,102,87,115,79,11,24" hai3="116,28,134,38,50,9,51,108,71,58,54,94,52"/><V83/><F115/><W128/><G116/><T97/><D68/><U13/><E119/><V82/><F135/><W125/><G134/><T65/><D132/><U95/><E107/><V44/><F127/><W21/><G38/><T17/><D110/><U117/><E117/><V85/><F24/><W84/><G108/><T4/><D131/><U80/><E124/><V130/><F11/><W122/><G71/><T26/><D65/><U86/><E6/><V113/><F130/><W129/><G122/><T74/><D74/><U96/><E96/><V15/><F15/><W62/><G125/><T112/><D112/><U10/><E10/><V42/><F113/><W34/><G34/><T18/><D53/><U2/><E13/><V99/><F44/><W45/><G9/><T69/><D69/><U64/><REACH who="1" step="1"/><E2/><REACH who="1" ten="130,180,220,460" step="2"/><V133/><F133/><W55/><G129/><T118/><D118/><U59/><E59/><V77/><F100/><W14/><G14/><T22/><D105/><AGARI ba="0,1" hai="42,43,61,66,70,77,79,82,83,85,87,99,102,105" machi="105" ten="30,2900,0" yaku="7,1,9,1" doraHai="12" who="2" fromWho="0" sc="130,-29,180,0,220,39,460,0" /><INIT seed="2,1,0,5,3,44" ten="101,180,259,460" oya="2" hai0="46,114,100,132,15,6,26,3,86,20,38,49,63" hai1="73,107,54,27,115,105,21,2,119,39,98,93,66" hai2="91,123,70,111,101,80,127,69,42,106,13,67,45" hai3="9,37,1,82,7,33,55,71,116,28,134,61,94"/><V34/><F123/><W22/><G116/><T59/><D3/><U76/><E2/><V95/><F34/><W48/><G134/><T79/><D114/><U96/><E96/><V99/><F127/><W65/><G37/><T23/><D132/><U103/><E119/><V31/><F31/><W83/><G33/><T30/><D38/><U62/><E39/><V72/><F111/><W129/><G129/><T40/><D100/><U43/><E43/><V126/><F126/><W5/><G5/><T58/><D63/><U74/><E54/><V81/><F13/><W35/><G35/><T104/><D104/><U85/><E85/><N who="2" m="52719" /><F67/><W112/><G112/><T131/><D131/><U108/><E108/><V75/><F81/><W88/><G22/><T51/><D51/><U56/><E115/><V8/><F8/><W87/><G28/><T84/><D84/><U50/><E50/><N who="2" m="26935" /><F75/><N who="1" m="28681" /><E76/><AGARI ba="1,0" hai="69,70,72,76,80,99,101,106" m="26935,52719" machi="76" ten="30,2900,0" yaku="24,1,52,1" doraHai="44" who="2" fromWho="1" sc="101,0,180,-32,259,32,460,0" /><INIT seed="2,2,0,4,4,32" ten="101,148,291,460" oya="2" hai0="110,20,117,50,5,11,134,6,53,33,124,15,112" hai1="2,10,121,25,93,31,64,16,119,114,29,39,73" hai2="92,130,94,58,96,70,77,65,127,86,90,89,88" hai3="26,18,37,23,27,22,84,44,59,54,56,41,42"/><V122/><F70/><W48/><G84/><T80/><D112/><U78/><E114/><V46/><F122/><W3/><G3/><T103/><D33/><U7/><E119/><V126/><F46/><W28/><G37/><T49/><D117/><U113/><E113/><V9/><F65/><W52/><G44/><T132/><D110/><U108/><E108/><V118/><F118/><W62/><AGARI ba="2,0" hai="18,22,23,26,27,28,41,42,48,52,54,56,59,62" machi="62" ten="20,5200,0" yaku="0,1,7,1,8,1,54,1" doraHai="32" who="3" fromWho="3" sc="101,-15,148,-15,291,-28,460,58" /><INIT seed="3,0,0,5,2,102" ten="86,133,263,518" oya="3" hai0="53,85,126,18,25,51,38,124,54,121,22,81,117" hai1="120,116,83,119,12,3,60,67,112,66,132,131,33" hai2="55,36,91,96,2,122,24,31,108,111,130,80,19" hai3="104,73,65,89,34,47,62,14,57,8,39,118,78"/><W106/><G118/><N who="1" m="45098" /><E3/><V105/><F36/><W42/><G34/><T110/><D117/><U123/><E112/><V56/><F2/><W77/><G89/><T93/><D121/><U103/><E131/><V100/><F130/><W127/><G127/><T109/><D38/><U35/><E132/><V90/><F19/><W7/><REACH who="3" step="1"/><G73/><REACH who="3" ten="86,133,263,508" step="2"/><T0/><D0/><U43/><E33/><V113/><F91/><W88/><G88/><N who="0" m="53391" /><D81/><U92/><E35/><V69/><F90/><W10/><G10/><T114/><D114/><U128/><E83/><V29/><F113/><W63/><G63/><T97/><D97/><U82/><E60/><V9/><F9/><W41/><G41/><T61/><D61/><U21/><E43/><V134/><F96/><W71/><G71/><T16/><D126/><U115/><E82/><V4/><F69/><W59/><G59/><N who="0" m="33215" /><D124/><U28/><E115/><V107/><F80/><W32/><G32/><T23/><D54/><U5/><E128/><V72/><F55/><W27/><G27/><T11/><D11/><U86/><E120/><V70/><F122/><W49/><G49/><T30/><D22/><U84/><E21/><V58/><F70/><W74/><G74/><T17/><D110/><U26/><E123/><V87/><F72/><W98/><G98/><T6/><D109/><U64/><E26/><V46/><F108/><W79/><AGARI ba="0,1" hai="7,8,14,39,42,47,57,62,65,77,78,79,104,106" machi="79" ten="30,11700,0" yaku="1,1,0,1,52,2,53,0" doraHai="102" doraHaiUra="129" who="3" fromWho="3" sc="86,-39,133,-39,263,-39,508,127" owari="47,-45.3,94,-30.6,224,2.4,635,73.5" /></mjloggm>