<mjloggm ver="2.3"><GO type="225" lobby="0"/><UN n0="%E8%BE%9B%E5%8F%A3%E3%82%AB%E3%83%AC%E3%83%BC%E3%83%A9%E3%82%A4%E3%82%B9" n1="%37%2F%32%E3%81%AB%E7%94%9F%E3%81%BE%E3%82%8C%E3%81%A6" n2="%E5%A4%9C%E3%81%AE%E3%82%AC%E3%82%B9%E3%83%91%E3%83%BC%E3%83%AB" n3="%E3%82%A2%E3%82%A4%E3%82%B9%E3%83%86%E3%82%A3%E3%83%BC%E3%81%82%E3%81%B9" dan="17,16,16,16" rate="2199.89,2142.62,2114.35,2105.25" sx="M,M,M,M"/><TAIKYOKU oya="0"/><INIT seed="0,0,0,0,4,14" ten="250,250,250,250" oya="0" hai0="74,31,13,132,4,41,112,38,115,0,120,83,71" hai1="12,61,50,126,68,16,102,133,49,109,80,15,28" hai2="45,36,76,2,40,84,94,101,119,99,60,59,52" hai3="104,114,92,43,93,22,21,9,48,91,85,18,73"/><T110/><D120/><U78/><E109/><V77/><F2/><W25/><G104/><T39/><D31/><U108/><E108/><V96/><F119/><W70/><G73/><T97/><D110/><U87/><E126/><V95/><REACH who="2" step="1"/><F84/><REACH who="2" ten="250,250,240,250" step="2"/><W27/><G114/><T3/><D3/><U53/><E133/><V20/><F20/><W82/><G9/><T37/><D0/><U5/><E28/><V81/><F81/><W130/><G130/><T17/><D132/><U124/><E124/><V125/><F125/><W62/><G70/><T121/><D83/><U100/><E68/><V51/><F51/><W129/><G129/><T113/><D71/><U6/><E61/><V65/><F65/><W98/><G62/><T64/><D64/><U79/><E80/><V131/><F131/><W106/><G106/><T24/><D113/><U30/><E87/><V117/><F117/><W72/><G72/><T8/><D74/><U10/><E30/><V57/><F57/><W69/><G69/><T46/><D115/><U89/><E10/><V128/><F128/><W111/><G111/><T19/><D112/><U58/><E58/><V56/><F56/><W35/><G35/><T88/><D38/><U67/><E67/><V135/><F135/><W127/><G127/><T42/><D37/><U47/><E47/><V7/><F7/><W55/><G82/><T103/><D46/><U123/><E123/><V118/><F118/><W134/><G134/><T63/><D39/><U1/><E1/><V23/><F23/><W32/><G32/><T86/><D4/><U116/><E116/><RYUUKYOKU ba="0,1" sc="250,-10,250,-10,240,30,250,-10" hai2="36,40,45,52,59,60,76,77,94,95,96,99,101" /><INIT seed="1,1,1,0,5,120" ten="240,240,270,240" oya="1" hai0="63,30,70,51,34,16,85,60,133,59,132,54,73" hai1="53,27,17,33,100,103,98,50,106,67,3,24,5" hai2="42,40,36,32,109,87,66,7,28,31,125,123,88" hai3="18,84,114,11,128,1,14,64,68,55,72,0,122"/><U62/><E103/><V44/><F123/><W83/><G122/><T107/><D73/><U2/><E5/><V119/><F119/><W29/><G114/><T71/><D107/><U92/><E27/><V43/><F125/><W116/><G116/><T38/><D34/><U99/><E17/><V61/><F109/><W131/><G72/><T80/><D30/><U82/><E82/><V65/><F7/><W111/><G111/><T118/><D118/><U108/><E108/><V135/><F135/><N who="0" m="51786" /><D16/><U81/><E81/><V104/><F104/><W113/><G113/><T112/><D112/><U115/><E115/><V10/><F10/><W39/><G39/><T23/><D23/><U134/><E134/><V22/><F32/><W94/><G94/><T105/><D105/><U79/><E79/><V93/><F36/><W97/><G97/><T127/><D38/><U13/><E13/><V12/><F44/><W35/><G29/><N who="2" m="11337" /><F61/><N who="0" m="23626" /><D127/><U57/><E24/><V56/><F56/><W129/><G35/><T126/><D126/><U8/><E8/><V75/><F75/><W26/><G26/><T9/><D9/><U15/><E15/><V78/><F78/><AGARI ba="1,1" hai="51,54,59,70,71,78,80,85" m="23626,51786" machi="78" ten="30,1000,0" yaku="20,1" doraHai="120" who="0" fromWho="2" sc="240,23,240,0,270,-13,240,0" /><INIT seed="2,0,0,5,2,132" ten="263,240,257,240" oya="2" hai0="51,5,82,48,33,74,75,116,108,130,72,126,37" hai1="4,131,66,41,6,18,78,83,124,9,120,90,32" hai2="129,57,2,79,111,25,59,105,96,49,3,68,26" hai3="99,89,12,81,135,11,65,69,50,123,13,110,31"/><V114/><F114/><W46/><G123/><T7/><D37/><U125/><E32/><V34/><F68/><W92/><G135/><T87/><D108/><U76/><E120/><V119/><F119/><W44/><G110/><T54/><D116/><U39/><E131/><V63/><F129/><W47/><G31/><T62/><D130/><U128/><E128/><V8/><F111/><W0/><G0/><T19/><D33/><U95/><E66/><V88/><F79/><W67/><G69/><T17/><D62/><U97/><E18/><V106/><F34/><W118/><G118/><T115/><D115/><U27/><E27/><V40/><F8/><W112/><G112/><T102/><D102/><U29/><E29/><V55/><F40/><W21/><G21/><T85/><D126/><N who="1" m="48747" /><E76/><V100/><F26/><W109/><G109/><T107/><D19/><U122/><E122/><V24/><F24/><W103/><G50/><T53/><D17/><U98/><E97/><V101/><F25/><W14/><G11/><T30/><D30/><U35/><E35/><V127/><F127/><W15/><N who="3" m="3072" /><DORA hai="20" /><W60/><G60/><T104/><D74/><N who="1" m="43479" /><E9/><V10/><F10/><W113/><G113/><T28/><D28/><U22/><E22/><V77/><F77/><W80/><G80/><AGARI ba="0,0" hai="5,7,48,51,53,54,72,75,80,82,85,87,104,107" machi="80" ten="25,1600,0" yaku="22,2" doraHai="132,20" who="0" fromWho="3" sc="263,16,240,0,257,0,240,-16" /><INIT seed="3,0,0,2,3,63" ten="279,240,257,224" oya="3" hai0="65,120,1,114,14,57,30,119,37,19,102,86,89" hai1="129,75,15,128,100,68,123,61,18,58,27,4,36" hai2="48,80,101,53,50,56,109,133,92,127,35,94,95" hai3="43,104,110,44,42,117,31,60,84,76,47,69,72"/><W8/><G117/><T85/><D119/><U67/><E123/><V108/><F35/><W66/><G104/><T13/><D120/><U122/><E122/><V21/><F127/><W113/><G113/><T106/><D1/><U32/><E36/><V126/><F126/><W116/><G116/><T79/><D37/><U29/><E75/><V20/><F133/><W118/><G118/><T25/><D106/><U59/><E4/><V74/><F101/><W16/><G72/><T24/><D102/><U70/><E59/><V52/><F80/><W26/><G110/><N who="2" m="42601" /><F74/><W34/><G76/><T91/><D79/><U0/><E0/><V115/><F115/><W7/><G84/><T49/><D30/><U135/><E100/><V87/><F87/><W28/><G31/><T88/><D13/><U5/><E5/><V111/><N who="2" m="42609" /><V98/><DORA hai="2" /><F98/><W103/><G103/><T134/><D134/><U3/><E3/><V78/><F78/><W93/><G93/><N who="0" m="54415" /><D91/><U23/><REACH who="1" step="1"/><E135/><REACH who="1" ten="279,230,257,224" step="2"/><V12/><F12/><W121/><G121/><T124/><D124/><U96/><E96/><V73/><F73/><W83/><G83/><T125/><D125/><U40/><E40/><V45/><AGARI ba="0,1" hai="20,21,45,48,50,52,53,56,92,94,95" m="42609" machi="45" ten="50,3200,0" yaku="14,1,54,1" doraHai="63,2" who="2" fromWho="2" sc="279,-8,230,-8,257,42,224,-16" /><INIT seed="4,0,0,1,4,135" ten="271,222,299,208" oya="0" hai0="27,70,13,58,73,44,83,111,132,64,79,96,26" hai1="67,37,66,43,107,74,106,134,92,93,34,0,118" hai2="49,99,101,97,116,25,52,28,122,115,100,128,98" hai3="81,85,87,18,21,62,104,23,113,77,22,15,20"/><T6/><D70/><U59/><E134/><V129/><F115/><W47/><G113/><T56/><D132/><U117/><E59/><N who="2" m="33167" /><F122/><W8/><G104/><T35/><D35/><U5/><E5/><V131/><F116/><W103/><G103/><T31/><D31/><U1/><E43/><V14/><F14/><W46/><N who="3" m="5120" /><DORA hai="19" /><W32/><G32/><AGARI ba="0,0" hai="25,28,32,97,98,99,100,101,128,129,131" m="33167" machi="32" ten="40,2600,0" yaku="19,1,54,1" doraHai="135,19" who="2" fromWho="3" sc="271,0,222,0,299,26,208,-26" owari="271,7.1,222,-17.8,325,42.5,182,-31.8" /></mjloggm>