<mjloggm ver="2.3"><GO type="225" lobby="0"/><UN n0="%E3%81%8B%E3%82%8F%E3%81%A1%E3%82%83%E3%82%93%35%38" n1="%4B%2E%32%2E%4B%2E" n2="%72%69%6F%75%63%68%61%6E" n3="%E3%82%BC%E3%83%AB%E3%83%80%E3%81%AE%E4%BC%9D%E8%AA%AC" dan="17,17,17,17" rate="2128.66,2173.08,2202.00,2124.93" sx="M,M,M,M"/><TAIKYOKU oya="0"/><INIT seed="0,0,0,4,1,6" ten="250,250,250,250" oya="0" hai0="97,15,71,51,52,20,38,9,11,88,7,91,67" hai1="23,121,105,27,134,36,70,17,130,13,37,10,60" hai2="53,100,92,93,111,28,21,116,8,62,55,81,118" hai3="18,69,109,12,120,39,14,131,78,129,58,59,123"/><T65/><D38/><U57/><E121/><N who="3" m="46666" /><G69/><T106/><D20/><U98/><E70/><V61/><F111/><W5/><G39/><T56/><D71/><U103/><E130/><N who="3" m="49674" /><G78/><T127/><D127/><U126/><E134/><V63/><F81/><W77/><G77/><T72/><D72/><U32/><E32/><V94/><F100/><W33/><G109/><T24/><D24/><U4/><REACH who="1" step="1"/><E126/><REACH who="1" ten="250,240,250,250" step="2"/><V95/><N who="2" m="23552" /><DORA hai="19" /><V113/><F113/><W43/><G33/><T45/><D97/><U102/><E102/><V117/><F8/><N who="0" m="3146" /><D106/><U46/><E46/><V34/><F34/><W84/><G59/><T119/><D119/><U76/><E76/><V16/><F28/><W133/><G58/><T128/><D128/><U90/><E90/><N who="0" m="34345" /><D45/><U0/><E0/><V30/><REACH who="2" step="1"/><F30/><REACH who="2" ten="250,240,240,250" step="2"/><W22/><G133/><T1/><D1/><U79/><E79/><V135/><F135/><W124/><G124/><T47/><D7/><U107/><E107/><V125/><F125/><W2/><G2/><T44/><D44/><U31/><E31/><V99/><F99/><W112/><G5/><T73/><D73/><U48/><E48/><V54/><F54/><AGARI ba="0,2" hai="4,10,13,17,23,27,36,37,54,57,60,98,103,105" machi="54" ten="30,12000,2" yaku="1,1,7,1,52,2,53,2" doraHai="6,19" doraHaiUra="101,3" who="1" fromWho="2" sc="250,0,240,140,240,-120,250,0" /><INIT seed="1,0,0,4,4,118" ten="250,380,120,250" oya="1" hai0="7,52,90,116,24,9,57,48,79,76,115,114,23" hai1="131,117,93,58,67,78,123,43,47,49,71,20,94" hai2="3,100,127,55,132,124,12,38,105,125,34,41,32" hai3="122,111,108,5,102,72,6,2,106,110,18,44,29"/><U95/><E117/><V60/><F132/><W26/><G72/><T8/><D116/><U87/><E131/><V101/><F3/><W16/><G44/><T83/><D114/><U17/><E71/><V4/><F4/><N who="3" m="1643" /><G102/><N who="2" m="39529" /><F105/><W81/><G81/><T36/><D36/><U91/><E123/><V85/><F85/><W88/><G106/><T98/><D115/><U80/><E58/><N who="2" m="34911" /><F12/><W64/><G64/><T30/><D8/><U103/><E67/><V56/><F56/><W0/><G88/><T40/><D40/><U113/><E103/><V22/><F22/><N who="3" m="15575" /><G122/><T21/><D21/><U53/><E113/><V121/><F41/><W59/><G59/><T104/><D104/><U84/><REACH who="1" step="1"/><E43/><REACH who="1" ten="250,370,120,250" step="2"/><V109/><F109/><W73/><G73/><T66/><D66/><U61/><E61/><V10/><F121/><W120/><G120/><T119/><D119/><U45/><E45/><V107/><F107/><W11/><G111/><T31/><D57/><U54/><E54/><V89/><F124/><W25/><G110/><T75/><D52/><U92/><E92/><V37/><F125/><W97/><G108/><T14/><D83/><U130/><E130/><V128/><F127/><W28/><G97/><T69/><D69/><U99/><E99/><V63/><F128/><W19/><G11/><T39/><D98/><U129/><E129/><V13/><F63/><W112/><G112/><T65/><D65/><U46/><E46/><V33/><F89/><W134/><G134/><T135/><D90/><U35/><E35/><AGARI ba="0,1" hai="0,2,16,18,19,25,28,35" m="15575,1643" machi="35" ten="30,12000,2" yaku="35,5,54,1" doraHai="118" who="3" fromWho="1" sc="250,0,370,-120,120,0,250,130" /><INIT seed="2,0,0,5,2,121" ten="250,250,120,380" oya="2" hai0="72,41,79,61,73,112,18,17,0,8,3,53,64" hai1="118,125,68,71,40,134,113,29,47,31,74,88,96" hai2="81,127,115,114,7,87,116,124,26,60,67,120,135" hai3="110,97,117,99,95,133,56,66,35,59,57,10,129"/><V52/><F116/><W32/><G117/><T45/><D112/><U104/><E118/><V106/><F120/><W34/><G110/><T83/><D73/><U14/><E113/><V28/><F106/><W122/><G122/><T5/><D53/><U126/><E74/><V19/><F7/><W128/><G133/><T24/><D24/><U69/><E134/><V20/><F135/><W13/><G66/><T132/><D0/><U98/><E14/><V62/><F60/><W105/><G105/><T27/><D27/><U58/><E58/><N who="2" m="35143" /><F67/><W77/><G77/><T16/><D132/><U39/><E104/><V46/><F46/><W130/><G95/><T63/><REACH who="0" step="1"/><D64/><REACH who="0" ten="240,250,120,380" step="2"/><U76/><E29/><V48/><F28/><W15/><G15/><T91/><D91/><U103/><E31/><V89/><F48/><AGARI ba="0,1" hai="3,5,8,16,17,18,41,45,48,61,63,72,79,83" machi="48" ten="40,5200,0" yaku="1,1,54,1,53,1" doraHai="121" doraHaiUra="6" who="0" fromWho="2" sc="240,62,250,0,120,-52,380,0" /><INIT seed="3,0,0,4,1,59" ten="302,250,68,380" oya="3" hai0="8,24,92,3,60,53,63,119,115,39,72,54,37" hai1="10,14,86,5,87,47,101,4,33,75,93,96,18" hai2="113,88,65,71,56,83,73,89,61,55,74,80,94" hai3="31,84,135,66,91,127,103,68,122,35,48,43,29"/><W28/><G122/><T34/><D119/><U130/><E75/><V102/><F113/><W76/><G76/><T9/><D92/><U23/><E33/><V11/><F102/><W6/><G6/><T21/><D34/><U1/><E130/><V100/><F100/><W107/><G48/><T104/><D72/><U108/><E108/><V128/><F128/><W116/><G43/><T81/><D81/><U42/><REACH who="1" step="1"/><E5/><REACH who="1" ten="302,240,68,380" step="2"/><V124/><F124/><W134/><G35/><T45/><D115/><U121/><E121/><V132/><F132/><W118/><G127/><T70/><D39/><AGARI ba="0,1" hai="1,4,10,14,18,23,39,42,47,86,87,93,96,101" machi="39" ten="30,2000,0" yaku="1,1,7,1,53,0" doraHai="59" doraHaiUra="51" who="1" fromWho="0" sc="302,-20,240,30,68,0,380,0" owari="282,8.2,270,-13.0,68,-43.2,380,48.0" /></mjloggm>