<mjloggm ver="2.3"><GO type="225" lobby="0"/><UN n0="%4C%4F%4C%49%54%41" n1="%6D%75%75%6D%75%72%61" n2="%E3%81%99%E3%81%84%E3%81%BE%E3%81%9B%E3%83%BC%E3%82%93" n3="%E8%81%B7%E6%A5%AD%E3%80%81%E9%A2%A8%32" dan="16,16,16,16" rate="2196.46,2209.89,2113.71,2173.61" sx="F,F,M,M"/><TAIKYOKU oya="0"/><INIT seed="0,0,0,2,5,25" ten="250,250,250,250" oya="0" hai0="55,27,11,129,9,111,79,52,135,73,85,82,32" hai1="33,63,119,46,83,78,41,18,62,0,104,19,35" hai2="58,15,14,91,53,121,1,21,8,60,72,54,12" hai3="87,42,123,122,22,101,113,66,102,107,124,88,30"/><T75/><D129/><U5/><E119/><V98/><F121/><N who="3" m="46091" /><G113/><T6/><D135/><U70/><E104/><V132/><F72/><W39/><G107/><T95/><D111/><U74/><E33/><V106/><F132/><W114/><G114/><T29/><D9/><N who="1" m="2215" /><E35/><V118/><F118/><W23/><G23/><T56/><D95/><U109/><E109/><V76/><F76/><W65/><G42/><T40/><D40/><U64/><E63/><V93/><F106/><W16/><G39/><AGARI ba="0,0" hai="18,19,39,41,46,62,64,70,74,78,83" m="2215" machi="39" ten="30,1000,0" yaku="25,1" doraHai="25" who="1" fromWho="3" sc="250,0,250,10,250,0,250,-10" /><INIT seed="1,0,0,4,3,17" ten="250,260,250,240" oya="1" hai0="119,67,59,27,104,121,120,73,4,94,9,117,28" hai1="84,108,109,103,3,79,78,55,122,88,31,16,69" hai2="87,125,98,5,29,13,35,105,118,68,132,51,42" hai3="89,44,97,39,54,43,18,23,14,32,129,74,72"/><U62/><E122/><N who="0" m="47209" /><D104/><U135/><E3/><V66/><F118/><W38/><G38/><T86/><D73/><U82/><E135/><V7/><F132/><W25/><G129/><T101/><D67/><U80/><E31/><V100/><F125/><W81/><G32/><T53/><D101/><U15/><E103/><V77/><F13/><W60/><G14/><N who="0" m="5415" /><D86/><U115/><E115/><V11/><F11/><W6/><G6/><T30/><D94/><U8/><E80/><V110/><F110/><N who="1" m="42601" /><E69/><V56/><F68/><W83/><G83/><T61/><D30/><U114/><E114/><V2/><F2/><W37/><G37/><T58/><D59/><AGARI ba="0,0" hai="8,15,16,55,59,62,78,79,82,84,88" m="42601" machi="59" ten="30,11600,0" yaku="14,1,10,1,54,2" doraHai="17" who="1" fromWho="0" sc="250,-116,260,116,250,0,240,0" /><INIT seed="1,1,0,4,2,118" ten="134,376,250,240" oya="1" hai0="80,114,72,101,117,59,79,123,128,51,61,71,24" hai1="103,31,41,37,57,46,30,109,131,76,39,93,19" hai2="70,53,56,42,112,127,105,9,35,66,44,69,122" hai3="64,126,58,81,116,74,3,0,132,134,129,130,90"/><U50/><E131/><N who="3" m="50186" /><G116/><T113/><D128/><U99/><E109/><V36/><F105/><W96/><G64/><T54/><D117/><U20/><E76/><V15/><F35/><W1/><G58/><T2/><D2/><U48/><E39/><V115/><F127/><W17/><G17/><T119/><D119/><U95/><E95/><V5/><F122/><W77/><G90/><T62/><D101/><U107/><E107/><V40/><F40/><W11/><G11/><T82/><D82/><U98/><E98/><V7/><F7/><W14/><G14/><T27/><D123/><U6/><E6/><V106/><F106/><W84/><G96/><T110/><D110/><U52/><REACH who="1" step="1"/><E37/><REACH who="1" ten="134,366,250,240" step="2"/><V16/><F5/><W8/><G126/><T135/><D79/><U28/><E28/><V121/><F121/><W133/><G74/><T83/><D72/><U4/><E4/><V67/><F70/><W87/><G87/><T65/><D71/><U29/><E29/><V47/><F69/><W97/><G97/><T49/><D114/><U18/><E18/><V23/><F115/><W94/><G94/><T86/><D113/><U85/><E85/><V25/><F112/><W45/><G84/><T120/><D86/><U78/><E78/><V91/><F36/><W26/><G77/><T10/><D120/><U88/><E88/><V33/><F91/><W75/><G75/><T73/><D73/><U60/><E60/><V89/><F89/><W68/><G81/><T111/><D83/><U124/><E124/><V34/><F16/><W108/><G108/><T21/><D111/><RYUUKYOKU ba="1,1" sc="134,-10,366,30,250,-10,240,-10" hai1="19,20,30,31,41,46,48,50,52,57,93,99,103" /><INIT seed="1,2,1,4,5,16" ten="124,396,240,230" oya="1" hai0="118,93,97,34,10,123,134,4,62,86,27,6,111" hai1="75,129,120,13,63,49,57,12,121,46,122,95,85" hai2="106,117,133,44,15,72,109,8,89,92,26,101,110" hai3="83,19,64,66,48,98,23,76,1,67,3,14,130"/><U96/><E75/><V80/><F117/><W94/><G130/><T11/><D118/><U82/><E129/><V135/><F44/><W68/><G68/><T74/><D74/><U84/><E63/><V116/><F116/><W115/><G115/><T9/><D111/><N who="2" m="42506" /><F26/><W55/><G83/><T30/><D134/><U87/><E57/><V126/><F126/><W51/><G76/><T17/><D123/><U28/><E82/><V73/><F101/><W107/><G107/><T78/><D78/><U105/><E105/><V59/><F59/><W79/><G79/><T36/><D86/><U2/><E28/><V99/><F106/><W132/><G132/><N who="2" m="50761" /><F80/><W71/><G71/><T90/><D36/><U53/><REACH who="1" step="1"/><E2/><REACH who="1" ten="124,386,240,230" step="2"/><V81/><F81/><W104/><G104/><T37/><D62/><U40/><E40/><V20/><F73/><W100/><G1/><T54/><D54/><U69/><E69/><V0/><F72/><W58/><G3/><T33/><D30/><U45/><E45/><V102/><F0/><W60/><AGARI ba="2,2" hai="14,19,23,48,51,55,58,60,64,66,67,94,98,100" machi="60" ten="30,4000,0" yaku="0,1,8,1,52,1" doraHai="16" who="3" fromWho="3" sc="124,-12,386,-22,240,-12,230,66" /><INIT seed="2,0,0,3,5,64" ten="112,364,228,296" oya="2" hai0="4,96,10,11,41,17,24,104,87,115,127,94,73" hai1="59,106,75,118,105,27,130,18,52,92,7,66,40" hai2="72,134,19,68,21,100,48,2,14,3,91,82,132" hai3="119,22,31,43,20,126,5,103,86,63,50,55,23"/><V98/><F68/><W61/><G119/><T112/><D127/><U88/><E118/><V67/><F67/><W101/><G126/><T51/><D73/><U0/><E75/><V60/><F60/><N who="3" m="23115" /><G43/><T129/><D129/><U110/><E66/><V54/><F91/><W113/><G113/><T83/><D104/><U90/><E130/><V85/><F72/><W46/><G5/><T125/><D125/><U1/><E40/><V102/><F85/><W47/><G47/><T28/><D115/><U62/><E90/><V33/><F82/><W74/><G74/><T84/><D112/><U13/><E1/><V9/><F33/><W16/><G31/><T8/><D17/><U120/><E0/><V111/><F111/><W122/><G122/><T76/><D84/><U57/><E57/><V77/><F77/><W78/><G16/><T114/><D114/><U69/><E69/><V124/><F124/><W49/><G50/><T56/><D56/><U133/><E120/><V108/><F108/><W32/><G32/><T34/><D51/><U128/><E110/><V12/><F2/><W25/><G25/><T81/><D41/><U89/><E128/><V6/><F3/><W42/><G42/><T45/><D45/><U135/><E105/><V65/><F65/><W53/><G55/><T131/><D131/><U70/><E70/><V95/><REACH who="2" step="1"/><F100/><REACH who="2" ten="112,364,218,296" step="2"/><W99/><G78/><T109/><D109/><U26/><E89/><V29/><F29/><W39/><G86/><T35/><D34/><U71/><E71/><V79/><F79/><W80/><G80/><N who="0" m="47495" /><D4/><U117/><E7/><RYUUKYOKU ba="0,1" sc="112,15,364,-15,218,15,296,-15" hai0="8,10,11,24,28,35,81,83,94,96" hai2="6,9,12,14,19,21,48,54,95,98,102,132,134" /><INIT seed="2,1,1,4,0,77" ten="127,349,233,281" oya="2" hai0="13,95,135,82,85,42,124,102,122,25,134,18,54" hai1="113,5,3,49,70,125,60,71,94,89,11,40,10" hai2="53,55,73,58,69,117,2,28,37,68,62,132,1" hai3="74,15,100,98,81,130,57,63,72,19,127,26,110"/><V24/><F117/><W38/><G110/><T129/><D122/><U79/><E113/><V59/><F37/><W75/><G38/><T23/><D124/><U21/><E125/><V111/><F111/><W7/><G127/><T4/><D129/><U43/><E79/><V109/><F109/><W56/><G56/><T83/><D42/><U52/><E11/><V27/><F73/><W107/><G26/><T6/><D134/><U12/><E3/><V0/><F132/><W29/><G29/><T9/><D135/><U31/><E70/><V86/><F86/><W65/><G7/><T45/><D6/><U8/><E71/><V67/><F67/><W41/><G41/><N who="1" m="15946" /><E60/><V66/><F66/><W126/><G130/><T103/><D85/><N who="1" m="52527" /><E5/><V105/><F105/><W61/><G61/><T16/><D4/><U92/><E92/><V123/><F123/><W106/><G106/><T90/><D90/><U30/><E21/><V17/><F17/><W96/><G96/><N who="0" m="59679" /><D103/><U78/><E78/><V39/><F39/><W133/><G133/><T104/><D104/><U101/><E101/><V115/><F0/><W116/><G126/><T118/><D118/><U50/><E30/><V80/><F28/><W46/><G116/><T84/><D84/><U91/><E31/><V22/><F115/><W108/><G108/><T88/><D88/><U36/><E36/><V20/><F62/><W97/><G75/><T44/><D54/><U76/><E76/><V47/><F47/><AGARI ba="1,1" hai="9,13,16,18,23,25,44,45,47,82,83" m="59679" machi="47" ten="30,7700,0" yaku="8,1,52,2,54,1" doraHai="77" who="0" fromWho="2" sc="127,90,349,0,233,-80,281,0" /><INIT seed="3,0,0,1,1,91" ten="217,349,153,281" oya="3" hai0="30,36,45,118,11,106,46,61,103,120,59,35,130" hai1="119,64,87,75,58,52,127,23,134,14,111,116,17" hai2="66,73,67,72,49,21,63,115,16,38,56,57,100" hai3="101,131,96,84,81,60,9,20,29,110,82,132,10"/><W85/><G131/><T6/><D120/><U98/><E111/><V70/><F115/><W0/><G132/><T27/><D118/><N who="1" m="45099" /><E134/><V93/><F38/><W121/><G121/><T94/><D106/><U51/><E127/><V55/><F67/><W123/><G123/><T83/><D130/><U133/><E133/><V15/><REACH who="2" step="1"/><F70/><REACH who="2" ten="217,349,143,281" step="2"/><W79/><G110/><T129/><D36/><U77/><E64/><V40/><F40/><W102/><G0/><T95/><D129/><U48/><E52/><V53/><F53/><W25/><G60/><T78/><D61/><U3/><E51/><V37/><F37/><W24/><G24/><T124/><D27/><U113/><E48/><V18/><F18/><W69/><G69/><T32/><D124/><U2/><E17/><V22/><F22/><W105/><G20/><T34/><D32/><U19/><E23/><V117/><F117/><W126/><G25/><T89/><D35/><U43/><E19/><V122/><F122/><W76/><G126/><T5/><D34/><U74/><E43/><V50/><F50/><W90/><G29/><T92/><D30/><U99/><E113/><V54/><F54/><W97/><G10/><T65/><D11/><U108/><E3/><V80/><F80/><W109/><G9/><T8/><D8/><U44/><E2/><V39/><F39/><W104/><G109/><T68/><D68/><U125/><E108/><V31/><F31/><W107/><G82/><T47/><D83/><U114/><E125/><V12/><F12/><W4/><G81/><T71/><D71/><U62/><E14/><RYUUKYOKU ba="0,1" sc="217,-10,349,-10,143,30,281,-10" hai2="15,16,21,49,55,56,57,63,66,72,73,93,100" owari="207,-19.3,349,44.9,173,-32.7,271,7.1" /></mjloggm>