<mjloggm ver="2.3"><GO type="225" lobby="0"/><UN n0="%E5%80%89%E6%A9%8B%EF%BC%A0%E4%BA%8B%E5%8B%99" n1="%73%75%7A%75%6D%65%33" n2="%72%61%6B%33" n3="%E9%89%A2%E5%B7%BB%E3%82%AC%E3%83%96" dan="16,17,18,16" rate="2101.17,2194.82,2273.73,2087.39" sx="M,M,M,M"/><TAIKYOKU oya="0"/><INIT seed="0,0,0,1,1,84" ten="250,250,250,250" oya="0" hai0="96,25,56,124,83,101,102,6,49,47,94,95,114" hai1="45,60,35,88,30,135,20,8,75,1,70,90,110" hai2="97,116,91,14,13,81,24,66,103,19,112,67,99" hai3="55,32,104,92,21,106,37,7,128,33,28,80,34"/><T44/><D114/><U123/><E123/><V86/><F112/><W17/><G37/><T109/><D124/><U108/><E75/><V61/><F116/><W41/><G41/><T132/><D132/><U107/><E107/><V134/><F134/><W85/><G28/><T22/><D6/><N who="1" m="1103" /><E45/><V29/><F66/><W72/><G7/><T51/><D83/><U52/><E35/><V40/><F40/><W16/><G17/><T121/><D121/><U64/><E135/><V122/><F122/><W127/><G55/><N who="0" m="31855" /><D109/><N who="1" m="42091" /><E52/><V42/><F42/><W115/><G115/><T113/><D113/><U15/><E15/><V125/><F125/><W119/><G127/><T98/><D51/><U126/><E126/><V71/><F19/><AGARI ba="0,0" hai="19,22,25,44,47,94,95,96,98,101,102" m="31855" machi="19" ten="30,1500,0" yaku="8,1" doraHai="84" who="0" fromWho="2" sc="250,15,250,0,250,-15,250,0" /><INIT seed="0,1,0,0,1,120" ten="265,250,235,250" oya="0" hai0="7,15,31,113,115,59,135,25,43,24,29,107,132" hai1="19,57,124,37,100,6,131,122,12,44,121,118,28" hai2="91,9,62,74,90,23,72,16,129,114,40,95,110" hai3="48,94,119,61,38,105,49,46,34,86,130,41,104"/><T101/><D43/><U117/><E100/><V66/><F110/><W79/><G119/><T98/><D59/><U17/><E37/><V108/><F108/><W80/><G130/><T112/><D15/><U65/><E65/><V52/><F114/><W0/><G34/><T70/><D7/><U36/><E57/><V96/><F129/><W32/><G32/><T73/><D73/><U4/><E44/><V102/><F40/><W69/><G0/><T111/><D70/><U128/><E36/><V30/><F74/><W20/><G20/><T84/><D84/><U33/><E33/><V123/><F72/><W133/><G133/><N who="0" m="51275" /><D111/><U56/><E56/><N who="2" m="35079" /><F123/><W45/><G38/><T39/><D39/><U64/><E64/><V127/><F66/><W35/><G61/><T2/><D2/><U103/><E103/><V75/><F75/><W76/><G69/><T8/><D8/><U126/><E12/><N who="2" m="7183" /><F127/><W26/><G104/><T60/><D60/><U88/><E126/><V42/><F42/><W47/><G105/><T21/><D115/><U5/><E124/><V81/><F81/><W89/><G80/><T58/><D58/><U116/><E116/><V125/><F125/><W54/><G46/><T78/><D78/><U71/><E71/><V134/><F134/><W87/><G87/><T109/><D109/><U67/><E67/><V92/><F92/><W14/><G14/><T11/><D11/><U51/><E118/><V93/><F93/><W22/><G79/><T82/><D82/><U27/><E117/><V99/><F99/><W77/><G76/><T10/><D10/><RYUUKYOKU ba="1,0" sc="265,15,250,-15,235,15,250,-15" hai0="21,24,25,29,31,98,101,107,112,113" hai2="23,30,90,91,95,96,102" /><INIT seed="0,2,0,3,4,106" ten="280,235,250,235" oya="0" hai0="113,15,122,19,4,131,133,108,25,42,117,127,83" hai1="92,62,121,8,129,11,45,94,40,54,61,12,35" hai2="89,90,124,29,7,70,123,24,66,84,63,135,93" hai3="56,41,126,30,116,86,10,91,105,50,48,120,101"/><T72/><D42/><U39/><E121/><V119/><F123/><W85/><G116/><T77/><D122/><U58/><E35/><V53/><F119/><W16/><G120/><T78/><D117/><U102/><E129/><V46/><F124/><W57/><G126/><T9/><D127/><U23/><E62/><V21/><F135/><W36/><G36/><T20/><D133/><U125/><E125/><V14/><F90/><W87/><G30/><T114/><D131/><U65/><E65/><V96/><F84/><W59/><G105/><T75/><REACH who="0" step="1"/><D108/><REACH who="0" ten="270,235,250,235" step="2"/><U73/><E40/><V115/><F115/><W69/><G41/><T82/><AGARI ba="2,1" hai="4,9,15,19,20,25,72,75,77,78,82,83,113,114" machi="82" ten="30,18000,2" yaku="1,1,2,1,0,1,9,1,52,2,53,1" doraHai="106" doraHaiUra="17" who="0" fromWho="0" sc="270,196,235,-62,250,-62,235,-62" /><INIT seed="0,3,0,5,5,135" ten="466,173,188,173" oya="0" hai0="50,101,13,133,14,81,127,49,122,38,63,8,134" hai1="2,115,78,131,20,6,103,121,105,75,87,28,66" hai2="107,27,30,47,65,62,89,97,112,71,72,85,74" hai3="100,55,54,67,113,88,43,36,119,45,61,48,3"/><T123/><D38/><U68/><E121/><N who="0" m="46089" /><D81/><U4/><E131/><V32/><F112/><W53/><G3/><T80/><D80/><U11/><E6/><V56/><F56/><W17/><G113/><T59/><D101/><U7/><E7/><V22/><F22/><W118/><G100/><T12/><D8/><U82/><E115/><V83/><REACH who="2" step="1"/><F47/><REACH who="2" ten="466,173,178,173" step="2"/><W96/><G118/><T111/><D59/><U125/><E20/><V34/><F34/><W37/><G119/><T1/><D134/><U18/><E68/><V40/><F40/><W5/><G43/><T29/><D133/><U60/><E2/><V129/><F129/><W104/><G45/><T52/><D1/><U93/><E11/><V130/><F130/><W124/><G37/><T10/><D10/><U44/><E44/><V94/><F94/><W84/><G36/><T0/><D0/><U21/><E93/><V95/><F95/><W102/><G48/><T15/><D50/><U69/><E21/><V90/><F90/><W73/><G88/><T92/><D49/><U76/><E69/><V86/><F86/><W51/><G84/><T42/><D92/><U132/><E87/><V120/><F120/><W39/><G51/><T116/><D42/><U31/><E132/><V26/><F26/><W25/><G39/><T33/><D116/><U9/><E9/><V57/><F57/><W41/><G41/><T70/><D70/><U79/><E82/><V91/><F91/><W23/><G5/><T24/><D24/><U58/><E58/><V35/><F35/><W16/><G25/><T109/><D33/><RYUUKYOKU ba="3,1" sc="466,-10,173,-10,178,30,173,-10" hai2="27,30,32,62,65,71,72,74,83,85,89,97,107" /><INIT seed="1,4,1,0,3,24" ten="456,163,208,163" oya="1" hai0="74,20,80,4,115,92,40,91,104,43,93,39,16" hai1="33,56,45,48,17,7,70,122,89,78,19,120,65" hai2="105,26,12,94,11,1,90,29,135,64,49,88,60" hai3="127,53,32,10,111,42,102,63,67,108,18,133,73"/><U47/><E33/><V130/><F135/><W37/><G32/><T5/><D104/><U21/><E70/><V125/><F105/><W77/><G133/><T119/><D115/><U81/><E7/><N who="0" m="2633" /><D74/><U118/><E118/><V59/><F125/><W126/><G102/><T85/><D39/><U6/><E6/><V13/><F130/><W14/><G77/><N who="0" m="46223" /><D119/><U99/><E45/><V107/><F107/><W3/><G73/><T8/><D8/><U87/><E17/><V55/><F1/><W75/><G75/><T83/><D83/><U61/><E99/><V34/><F11/><W30/><G53/><T116/><D116/><U113/><E113/><V52/><F55/><W97/><G97/><N who="0" m="57503" /><D93/><U112/><E112/><V57/><REACH who="2" step="1"/><F90/><REACH who="2" ten="456,163,198,163" step="2"/><W54/><G54/><T106/><D106/><U100/><E89/><V51/><F51/><W128/><G3/><T36/><D36/><U129/><E129/><V72/><F72/><W121/><G128/><T9/><D9/><U101/><E120/><V109/><F109/><N who="3" m="42059" /><G121/><T41/><D43/><N who="1" m="24703" /><E122/><V27/><F27/><AGARI ba="4,2" hai="16,20,27,40,41" m="57503,46223,2633" machi="27" ten="30,2000,0" yaku="8,1,54,1" doraHai="24" who="0" fromWho="2" sc="456,52,163,0,198,-32,163,0" /><AGARI ba="4,0" hai="19,21,27,56,61,65,78,81,87,100,101" m="24703" machi="27" ten="30,1500,0" yaku="8,1" doraHai="24" who="1" fromWho="2" sc="508,0,163,15,166,-15,163,0" /><INIT seed="1,5,0,0,0,33" ten="508,178,151,163" oya="1" hai0="44,58,119,65,122,32,21,98,80,85,28,115,90" hai1="126,36,6,52,92,87,11,13,118,43,134,1,56" hai2="29,12,97,26,20,130,133,120,74,17,69,31,35" hai3="16,89,46,75,93,60,110,84,132,121,103,15,0"/><U101/><E118/><V53/><F74/><W39/><G121/><T102/><D119/><U100/><E134/><V109/><F69/><W55/><G110/><T95/><D115/><U61/><E126/><V8/><F120/><W59/><G132/><T128/><D122/><U131/><E131/><V125/><F133/><W47/><G75/><T66/><D32/><U41/><E13/><V127/><F97/><W63/><G39/><T88/><D128/><U81/><E92/><V22/><F130/><W107/><G0/><T5/><D5/><U49/><E36/><V24/><F53/><W18/><G18/><T108/><D108/><U40/><REACH who="1" step="1"/><E61/><REACH who="1" ten="508,168,151,163" step="2"/><V57/><F109/><W113/><G63/><T124/><D124/><N who="2" m="47690" /><F57/><W30/><G113/><T7/><D58/><U62/><E62/><V3/><F3/><W91/><G46/><T50/><D95/><U111/><E111/><V123/><F123/><W42/><G47/><T45/><D45/><U72/><E72/><V9/><AGARI ba="5,1" hai="8,9,12,17,20,22,24,26,29,31,35" m="47690" machi="9" ten="30,4000,0" yaku="18,1,34,2" doraHai="33" who="2" fromWho="2" sc="508,-15,168,-25,151,65,163,-15" /><INIT seed="2,0,0,3,1,74" ten="493,143,216,148" oya="2" hai0="39,134,66,99,95,63,135,103,89,87,50,30,93" hai1="92,78,38,80,132,90,53,25,27,40,117,15,68" hai2="72,96,58,37,85,65,1,18,0,31,129,54,7" hai3="4,123,64,104,113,51,28,47,24,94,119,130,32"/><V49/><F72/><W127/><G119/><T35/><D39/><U6/><E117/><V12/><F37/><W41/><G123/><T91/><D50/><U17/><E68/><V110/><F129/><W71/><G104/><T133/><D30/><U131/><E131/><V100/><F110/><W2/><G127/><T102/><D35/><U61/><E132/><V88/><F31/><W48/><G113/><T118/><D118/><U122/><E6/><V26/><F26/><N who="1" m="9737" /><E38/><V83/><F65/><W107/><G107/><T70/><AGARI ba="0,0" hai="63,66,70,87,89,91,93,95,99,102,103,133,134,135" machi="70" ten="30,2000,0" yaku="0,1,20,1" doraHai="74" who="0" fromWho="0" sc="493,20,143,-5,216,-10,148,-5" /><INIT seed="3,0,0,2,2,43" ten="513,138,206,143" oya="3" hai0="62,72,15,96,87,2,32,49,47,107,104,124,5" hai1="89,19,57,135,26,85,45,53,112,44,36,126,25" hai2="24,29,74,41,69,110,37,84,101,127,40,55,67" hai3="122,38,11,33,97,77,94,125,82,34,65,93,88"/><W58/><G122/><T59/><D72/><U86/><E112/><V103/><F74/><W13/><G38/><T64/><D32/><U66/><E135/><V30/><F69/><W63/><G94/><T52/><D124/><U22/><E126/><V111/><F67/><W134/><G134/><T3/><D87/><N who="1" m="33291" /><E36/><V106/><F84/><W118/><G118/><T95/><D15/><N who="1" m="9599" /><E89/><V83/><F37/><W108/><G125/><T132/><D132/><U51/><E66/><V121/><F106/><W99/><G99/><T71/><D71/><U130/><E130/><V28/><F83/><W27/><G82/><T133/><D133/><U128/><E128/><V76/><F76/><W105/><G77/><T23/><D23/><U123/><E123/><V129/><F129/><W54/><G105/><T98/><D5/><U14/><E14/><V109/><F121/><W131/><G131/><T1/><REACH who="0" step="1"/><D96/><REACH who="0" ten="503,138,206,143" step="2"/><U80/><E80/><V116/><F127/><W61/><G108/><T9/><D9/><U6/><E6/><V20/><F111/><W79/><G79/><T35/><D35/><U75/><E75/><V31/><F110/><W73/><G73/><T17/><D17/><U18/><E18/><V10/><F109/><W81/><G81/><T8/><D8/><U12/><E12/><V68/><F10/><W39/><G39/><T114/><D114/><U113/><E113/><V117/><F68/><W70/><REACH who="3" step="1"/><G27/><AGARI ba="0,1" hai="25,26,27,44,45,51,53,57" m="9599,33291" machi="27" ten="30,3900,0" yaku="8,1,52,2" doraHai="43" who="1" fromWho="3" sc="503,0,138,49,206,0,143,-39" owari="503,60.3,187,-21.3,206,0.6,104,-39.6" /></mjloggm>