<mjloggm ver="2.3"><GO type="225" lobby="0"/><UN n0="%E9%B4%A8%4E%45%47%49" n1="%E5%8D%A0%E3%81%84%E5%B8%AB%E8%A3%8F%E3%81%AA%E3%81%84%E3%81%97" n2="%E5%8F%AF%E5%85%90%E9%82%A3%E7%94%B1%E5%A4%9A" n3="%E3%81%8B%E3%82%8F%E3%81%A1%E3%82%83%E3%82%93%35%38" dan="16,17,16,16" rate="2128.96,2222.01,2092.95,2146.29" sx="M,M,F,M"/><TAIKYOKU oya="0"/><INIT seed="0,0,0,0,4,103" ten="250,250,250,250" oya="0" hai0="26,125,29,134,38,20,86,19,46,82,12,58,74" hai1="127,30,33,122,119,1,17,133,96,4,60,113,51" hai2="114,106,24,43,44,35,78,52,111,47,45,99,40" hai3="97,124,117,53,25,85,72,76,112,22,93,108,54"/><T69/><D69/><U132/><E119/><V42/><F114/><W92/><G112/><T121/><D121/><U13/><E113/><V83/><F111/><W62/><G117/><T71/><D71/><U104/><E122/><V8/><F8/><W61/><G72/><T59/><D74/><U31/><E127/><V6/><F6/><W41/><G41/><T79/><D125/><U98/><E4/><V5/><F5/><W80/><G108/><T87/><D134/><N who="1" m="51819" /><E1/><V49/><F35/><W95/><G124/><T9/><D38/><U116/><E116/><V50/><F24/><W130/><G130/><T102/><D87/><U107/><E60/><N who="3" m="23146" /><G97/><N who="1" m="37482" /><E51/><V120/><F120/><W105/><G105/><N who="1" m="40522" /><E33/><V100/><REACH who="2" step="1"/><F50/><REACH who="2" ten="250,250,240,250" step="2"/><W28/><AGARI ba="0,1" hai="22,25,28,53,54,76,80,85,92,93,95" m="23146" machi="28" ten="30,1100,0" yaku="8,1" doraHai="103" who="3" fromWho="3" sc="250,-5,250,-3,240,-3,250,21" /><INIT seed="1,0,0,2,0,45" ten="245,247,237,271" oya="1" hai0="119,115,62,4,83,131,1,69,65,5,101,112,36" hai1="86,27,55,95,17,72,85,96,30,124,43,87,9" hai2="103,74,28,0,25,56,127,123,80,12,66,49,23" hai3="68,122,14,31,38,15,117,13,93,70,77,41,3"/><U26/><E72/><V29/><F123/><W11/><G93/><T102/><D119/><U91/><E124/><V57/><F0/><W71/><G122/><T61/><D131/><U39/><E39/><V94/><F127/><W105/><G105/><T10/><D5/><U59/><E43/><V73/><F29/><W24/><G77/><T78/><D36/><U128/><E128/><V108/><F108/><W135/><G41/><T133/><D133/><U82/><E30/><V58/><F66/><W110/><G38/><T125/><D62/><U130/><E130/><V126/><F126/><W19/><G110/><T132/><D132/><U46/><E46/><V18/><F80/><W40/><G40/><T34/><D34/><U50/><REACH who="1" step="1"/><E82/><REACH who="1" ten="245,237,237,271" step="2"/><V97/><F74/><W16/><G135/><T76/><D125/><U6/><E6/><V63/><F73/><W99/><G117/><T60/><D83/><U114/><E114/><V116/><F116/><W106/><G31/><T129/><D115/><U90/><E90/><V52/><REACH who="2" step="1"/><F63/><REACH who="2" ten="245,237,227,271" step="2"/><W109/><G109/><T113/><D61/><U120/><E120/><V67/><F67/><W121/><G121/><T21/><D129/><U107/><E107/><V84/><F84/><W35/><G106/><T7/><D113/><U89/><E89/><V37/><F37/><W64/><G64/><T75/><D112/><U98/><E98/><V22/><AGARI ba="0,2" hai="12,18,22,23,25,28,49,52,56,57,58,94,97,103" machi="22" ten="20,12000,2" yaku="1,1,0,1,7,1,8,1,52,1,54,1,53,1" doraHai="45" doraHaiUra="44" who="2" fromWho="2" sc="245,-30,237,-60,227,140,271,-30" /><INIT seed="2,0,0,2,5,23" ten="215,177,367,241" oya="2" hai0="113,8,11,128,62,124,34,114,107,54,103,67,12" hai1="51,79,68,44,112,71,17,37,4,64,15,116,41" hai2="104,123,29,77,82,0,48,24,70,115,60,32,10" hai3="90,105,129,94,45,38,111,133,22,91,109,40,19"/><V35/><F115/><W18/><G105/><T53/><D34/><U132/><E112/><V78/><F123/><W98/><G129/><T97/><D114/><U89/><E116/><V13/><F0/><W120/><G120/><T117/><D113/><U83/><E132/><V118/><F118/><W135/><G91/><T122/><D122/><U106/><E106/><V102/><F35/><W36/><G36/><T125/><D117/><U50/><E89/><V73/><F48/><W85/><G98/><T99/><D128/><U65/><E37/><V63/><F78/><W25/><REACH who="3" step="1"/><G18/><REACH who="3" ten="215,177,367,231" step="2"/><T66/><D99/><U2/><E17/><V26/><F104/><W55/><G55/><T14/><D54/><U42/><E65/><V39/><F39/><W3/><G3/><T5/><D62/><U130/><E64/><V126/><F60/><W47/><G47/><T87/><D53/><U101/><E2/><V119/><F63/><W121/><G121/><T86/><D67/><U16/><E130/><V7/><F119/><W96/><G96/><T20/><D66/><U134/><E101/><V28/><F102/><W49/><G49/><T31/><D97/><U43/><E50/><V88/><F88/><W84/><G84/><N who="0" m="32299" /><D103/><U75/><E134/><AGARI ba="0,1" hai="19,22,25,38,40,45,85,90,94,109,111,133,134,135" machi="134" ten="40,5200,0" yaku="1,1,20,1,52,1,53,0" doraHai="23" doraHaiUra="56" who="3" fromWho="1" sc="215,0,177,-52,367,0,231,62" /><INIT seed="3,0,0,5,3,105" ten="215,125,367,293" oya="3" hai0="42,73,27,92,22,71,20,76,49,9,2,112,13" hai1="37,115,118,66,90,54,55,132,52,124,17,75,102" hai2="128,53,61,131,21,81,91,78,16,133,121,85,8" hai3="44,77,34,62,97,122,113,117,5,31,33,120,4"/><W26/><G77/><T83/><D112/><U103/><E115/><V106/><F106/><W32/><G113/><T60/><D2/><U68/><E37/><V93/><F133/><W40/><G117/><T130/><D130/><N who="2" m="49706" /><F121/><W50/><G97/><T41/><D92/><U87/><E118/><V80/><F8/><W56/><G4/><T109/><D109/><U79/><E132/><V18/><F21/><W95/><G95/><T104/><D104/><U82/><E124/><V89/><F81/><W57/><G57/><T51/><D22/><U123/><E123/><V67/><F53/><W69/><G69/><T25/><D25/><U125/><E125/><V65/><F91/><W30/><G5/><T12/><D12/><U36/><E36/><V1/><F1/><W96/><G96/><T48/><D20/><U116/><E116/><V126/><F126/><W114/><G114/><T134/><D27/><U99/><E99/><N who="2" m="57775" /><F67/><W100/><G100/><T94/><D94/><U86/><E17/><V39/><F39/><W63/><G63/><T72/><D134/><U135/><E135/><V110/><F110/><W98/><G98/><T11/><D60/><U43/><E43/><V15/><F15/><W7/><G7/><T119/><D11/><U108/><E108/><V58/><AGARI ba="0,0" hai="16,18,58,61,65,78,80,85" m="57775,49706" machi="58" ten="30,2000,0" yaku="19,1,54,1" doraHai="105" who="2" fromWho="2" sc="215,-5,125,-5,367,20,293,-10" owari="210,-19.0,120,-38.0,387,48.7,283,8.3" /></mjloggm>