<mjloggm ver="2.3"><GO type="225" lobby="0"/><UN n0="%54%4F%52" n1="%E5%B0%8F%E9%B3%A5%E9%81%8A%E7%B7%B4%E7%84%A1%32%31%E6%AD%B3" n2="%6D%75%75%6D%75%72%61" n3="%E5%87%BA%E6%B0%B4" dan="17,16,16,16" rate="2219.84,2178.97,2135.95,2104.12" sx="M,F,F,F"/><TAIKYOKU oya="0"/><INIT seed="0,0,0,5,0,81" ten="250,250,250,250" oya="0" hai0="6,13,85,132,61,34,16,76,15,79,17,131,73" hai1="67,135,84,40,24,63,115,121,64,51,27,106,98" hai2="42,38,48,93,87,108,8,77,118,59,2,120,78" hai3="100,37,0,55,14,18,91,123,19,45,74,83,113"/><T56/><D34/><U69/><E121/><V30/><F120/><W97/><G113/><T127/><D73/><U109/><E109/><V65/><F108/><W103/><G123/><T116/><D116/><U92/><E135/><V47/><F118/><W102/><G0/><T36/><D36/><U99/><E115/><V62/><F30/><W129/><G129/><T33/><D33/><U39/><E39/><V110/><F110/><W128/><G128/><T66/><D131/><U104/><E40/><V57/><F38/><W89/><G74/><T20/><D127/><U21/><E51/><V119/><F119/><W75/><G75/><T53/><D132/><U111/><E111/><V133/><F57/><W10/><G37/><T1/><D1/><U105/><E67/><V82/><F133/><W31/><G31/><T49/><D6/><U112/><E112/><V126/><F126/><W86/><G19/><T88/><D17/><U50/><E50/><V70/><F93/><N who="3" m="56495" /><G103/><T22/><D22/><U35/><E35/><V41/><F70/><W72/><G72/><T95/><REACH who="0" step="1"/><D13/><REACH who="0" ten="240,250,250,250" step="2"/><U125/><E125/><V43/><REACH who="2" step="1"/><F77/><REACH who="2" ten="240,250,240,250" step="2"/><W52/><G10/><T60/><D60/><U96/><REACH who="1" step="1"/><E21/><REACH who="1" ten="240,240,240,250" step="2"/><V23/><F23/><N who="3" m="11735" /><G55/><T134/><D134/><U80/><E80/><V71/><F71/><AGARI ba="0,3" hai="15,16,20,49,53,56,61,66,71,76,79,85,88,95" machi="71" ten="30,18000,2" yaku="1,1,7,1,25,2,52,1,54,2,53,0" doraHai="81" doraHaiUra="3" who="0" fromWho="2" sc="240,210,240,0,240,-180,250,0" /><INIT seed="0,1,0,5,0,125" ten="450,240,60,250" oya="0" hai0="106,21,9,118,123,36,73,124,44,72,109,100,26" hai1="95,19,23,27,67,55,83,29,41,120,20,111,4" hai2="96,10,30,61,11,32,69,133,13,116,130,88,85" hai3="34,132,64,16,63,68,12,28,82,112,40,38,77"/><T104/><D118/><U78/><E111/><V0/><F116/><W81/><G132/><T105/><D123/><U14/><E120/><V66/><F133/><W15/><G112/><T87/><D124/><U6/><E67/><V135/><F135/><W39/><G40/><T84/><D100/><U107/><E107/><V31/><F130/><W86/><G12/><T122/><D122/><U92/><E41/><V5/><F96/><W53/><G53/><T50/><D36/><U102/><E55/><V80/><REACH who="2" step="1"/><F32/><REACH who="2" ten="450,240,50,250" step="2"/><W51/><G34/><T103/><D109/><U94/><REACH who="1" step="1"/><E102/><REACH who="1" ten="450,230,50,250" step="2"/><V131/><F131/><W49/><G38/><T110/><D103/><U1/><E1/><V45/><F45/><W93/><G39/><T24/><D44/><U79/><E79/><V71/><F71/><W48/><G68/><T76/><D76/><U52/><E52/><V119/><F119/><W114/><G77/><T56/><D110/><U128/><E128/><V75/><F75/><AGARI ba="1,2" hai="4,6,14,19,20,23,27,29,75,78,83,92,94,95" machi="75" ten="40,1300,0" yaku="1,1,53,0" doraHai="125" doraHaiUra="33" who="1" fromWho="2" sc="450,0,230,36,50,-16,250,0" /><INIT seed="1,0,0,0,5,118" ten="450,266,34,250" oya="1" hai0="62,105,88,128,54,127,101,52,77,111,112,29,66" hai1="93,30,0,57,113,107,2,109,82,73,11,31,108" hai2="16,47,121,79,90,34,78,49,7,94,85,19,43" hai3="117,102,83,9,122,120,106,133,68,70,69,87,95"/><U134/><E107/><V115/><F34/><W27/><G117/><T38/><D112/><U65/><E113/><V125/><F115/><W56/><G133/><T123/><D38/><U55/><E65/><V44/><F125/><W91/><G106/><T5/><D77/><N who="1" m="44335" /><E93/><V71/><F71/><W119/><G119/><T53/><D5/><N who="1" m="1447" /><E2/><V96/><F7/><W97/><G9/><T124/><D29/><U40/><E40/><V23/><F121/><W132/><G132/><T12/><D12/><U41/><E41/><V99/><F44/><W59/><REACH who="3" step="1"/><G27/><REACH who="3" ten="450,266,34,240" step="2"/><T8/><D105/><U81/><E134/><V45/><F45/><W32/><G32/><T51/><D124/><U4/><E4/><V50/><F50/><W89/><G89/><T35/><D88/><U75/><E30/><V98/><REACH who="2" step="1"/><F19/><REACH who="2" ten="450,266,24,240" step="2"/><W1/><G1/><T131/><D127/><U15/><E31/><V114/><F114/><W42/><G42/><T60/><D51/><U46/><E46/><V6/><F6/><W21/><G21/><T20/><D20/><U3/><E3/><V39/><F39/><W110/><G110/><T48/><D111/><U135/><E109/><V92/><F92/><W26/><G26/><AGARI ba="0,2" hai="16,23,26,43,47,49,78,79,85,90,94,96,98,99" machi="26" ten="40,5200,0" yaku="1,1,8,1,54,1,53,0" doraHai="118" doraHaiUra="129" who="2" fromWho="3" sc="450,0,266,0,24,72,240,-52" /><INIT seed="2,0,0,0,5,99" ten="450,266,96,188" oya="2" hai0="101,134,8,5,135,27,67,31,126,115,40,14,4" hai1="32,11,107,47,63,39,2,37,129,58,80,104,70" hai2="86,12,110,83,78,71,87,36,103,82,105,60,64" hai3="15,3,43,121,79,9,41,106,90,128,133,53,76"/><V108/><F36/><W62/><G121/><T24/><D115/><U26/><E70/><V69/><F69/><W46/><G3/><T88/><D126/><U17/><E80/><V22/><F22/><W92/><G133/><N who="0" m="50699" /><D40/><N who="3" m="15433" /><G128/><T81/><D67/><U102/><E129/><V65/><F65/><W10/><G106/><T33/><D24/><U56/><E47/><V118/><F118/><W97/><G9/><T94/><D81/><U120/><E11/><V112/><F112/><W16/><G46/><T21/><D101/><U59/><E2/><V98/><REACH who="2" step="1"/><F12/><REACH who="2" ten="450,266,86,188" step="2"/><W1/><G1/><T116/><D116/><U84/><E37/><V127/><F127/><W111/><G111/><T95/><D21/><U48/><E39/><V51/><F51/><W18/><G15/><T89/><D4/><U124/><E48/><V125/><F125/><W35/><G35/><T0/><D0/><U93/><E32/><V49/><F49/><W96/><G10/><T85/><D14/><U119/><E124/><V91/><AGARI ba="0,1" hai="60,64,71,78,82,83,86,87,91,98,103,105,108,110" machi="91" ten="30,6000,0" yaku="1,1,0,1,52,1,53,0" doraHai="99" doraHaiUra="131" who="2" fromWho="2" sc="450,-20,266,-20,86,70,188,-20" /><INIT seed="2,1,0,2,0,109" ten="430,246,156,168" oya="2" hai0="39,56,113,115,116,84,69,82,24,10,94,46,133" hai1="11,73,81,93,30,127,33,119,35,108,95,27,4" hai2="51,61,66,43,124,55,23,101,77,60,96,88,9" hai3="75,50,49,74,38,70,59,100,72,128,16,112,29"/><V85/><F124/><W90/><G70/><T41/><D69/><U117/><E108/><V80/><F43/><W19/><G128/><T28/><D133/><U58/><E35/><V86/><F66/><W32/><G38/><T114/><D116/><U71/><E58/><V68/><F68/><W83/><G100/><T105/><D105/><U2/><E71/><V54/><F23/><W15/><G112/><T98/><D56/><U110/><E127/><V76/><F9/><W20/><G32/><T42/><D42/><U44/><E110/><V121/><F121/><W125/><G125/><T91/><D10/><U78/><E44/><V3/><F3/><W45/><G29/><T123/><D123/><U5/><E5/><V64/><F64/><W99/><G59/><T48/><D39/><U120/><E120/><V126/><F126/><W79/><G19/><T131/><D131/><U62/><E62/><N who="2" m="24171" /><F85/><W134/><G134/><T40/><D40/><U102/><REACH who="1" step="1"/><E102/><REACH who="1" ten="430,236,156,168" step="2"/><V132/><F132/><W36/><G36/><T103/><D114/><U87/><E87/><V37/><F37/><W52/><REACH who="3" step="1"/><G50/><REACH who="3" ten="430,236,156,158" step="2"/><T65/><D65/><U31/><E31/><V67/><F67/><W34/><G34/><AGARI ba="1,2" hai="24,28,34,41,46,48,82,84,91,94,98,103,113,115" machi="34" ten="30,3900,0" yaku="7,1,52,2" doraHai="109" who="0" fromWho="3" sc="430,62,236,0,156,0,158,-42" /><INIT seed="3,0,0,1,3,129" ten="492,236,156,116" oya="3" hai0="7,73,48,72,92,128,31,69,81,91,84,22,86" hai1="10,40,53,9,106,85,34,90,68,135,30,56,1" hai2="95,59,78,124,46,35,112,108,33,110,82,25,61" hai3="104,100,109,18,94,58,119,99,29,83,64,42,13"/><W50/><G119/><T16/><D69/><U93/><E106/><V26/><F112/><W132/><G109/><N who="2" m="42089" /><F46/><W14/><G104/><T52/><D7/><U20/><E68/><V122/><F95/><W66/><G29/><T44/><D31/><U67/><E67/><N who="2" m="39359" /><F124/><W97/><G97/><T39/><D39/><U32/><E20/><V15/><F15/><W54/><G132/><T123/><D123/><U12/><E135/><V74/><F122/><W107/><G107/><T28/><D28/><U51/><E40/><V105/><F105/><W23/><G42/><T125/><D128/><U21/><E1/><V8/><F8/><N who="1" m="3177" /><E30/><V118/><F118/><W87/><REACH who="3" step="1"/><G13/><REACH who="3" ten="492,236,156,106" step="2"/><T24/><D125/><U19/><AGARI ba="0,1" hai="12,19,21,32,34,51,53,56,85,90,93" m="3177" machi="19" ten="30,1100,0" yaku="25,1" doraHai="129" who="1" fromWho="1" sc="492,-3,236,21,156,-3,106,-5" owari="489,58.9,257,5.7,153,-24.7,101,-39.9" /></mjloggm>