<mjloggm ver="2.3"><GO type="225" lobby="0"/><UN n0="%6D%75%75%73%61%6E%6D%75" n1="%E3%81%B5%E3%81%98%E3%81%8B%E3%81%A4" n2="%72%69%6F%75%63%68%61%6E" n3="%E3%81%BF%E3%81%BF%E3%81%9A" dan="16,17,16,18" rate="2073.24,2244.03,2182.53,2289.15" sx="F,M,M,M"/><TAIKYOKU oya="0"/><INIT seed="0,0,0,4,2,74" ten="250,250,250,250" oya="0" hai0="76,122,2,64,85,123,89,125,132,106,115,96,28" hai1="119,66,88,32,62,8,130,116,111,95,110,120,0" hai2="1,92,101,15,60,100,117,23,37,47,20,17,26" hai3="102,46,38,53,34,29,63,108,78,48,81,72,114"/><T83/><D2/><U71/><E32/><V22/><F1/><W105/><G114/><T16/><D115/><U9/><E120/><V133/><F133/><W112/><G112/><T61/><D28/><U49/><E130/><V67/><F117/><N who="1" m="45129" /><E0/><V55/><F92/><W124/><G108/><N who="1" m="41514" /><E49/><N who="2" m="29119" /><F37/><W135/><G124/><T65/><D125/><U7/><E7/><V80/><F80/><W31/><G135/><T30/><D30/><U4/><E4/><V129/><F129/><W82/><G34/><T13/><D132/><U131/><E131/><V6/><F6/><W33/><G33/><T109/><D109/><U77/><E77/><V73/><F73/><W134/><G134/><T3/><D3/><U59/><E71/><V97/><F97/><AGARI ba="0,0" hai="8,9,59,62,66,88,95,97" m="41514,45129" machi="97" ten="30,2000,0" yaku="14,1,54,1" doraHai="74" who="1" fromWho="2" sc="250,0,250,20,250,-20,250,0" /><INIT seed="1,0,0,3,3,23" ten="250,270,230,250" oya="1" hai0="26,36,134,12,68,35,88,52,66,38,59,108,82" hai1="51,5,90,102,45,107,17,49,123,69,46,70,47" hai2="101,29,104,14,71,124,93,0,21,125,109,100,8" hai3="133,27,31,57,9,99,73,43,129,117,97,7,42"/><U106/><E123/><V24/><F109/><W116/><G73/><T126/><D108/><U105/><E5/><V53/><F71/><W15/><G129/><T65/><D68/><U54/><E102/><V13/><F104/><W81/><G81/><T1/><D1/><U28/><E28/><V11/><F0/><W41/><G133/><T34/><D134/><U62/><E90/><V77/><F77/><W94/><G57/><T112/><D112/><U135/><E135/><V32/><F32/><W87/><G87/><T84/><D126/><N who="2" m="48746" /><F53/><W6/><G7/><T85/><D12/><N who="2" m="4714" /><F93/><W58/><G58/><T61/><D35/><U130/><E130/><V131/><F131/><W74/><G74/><T40/><D84/><U4/><E4/><V3/><F3/><W67/><G67/><T80/><D80/><U76/><E76/><V121/><F121/><W115/><G115/><T72/><D72/><U55/><E46/><V110/><F110/><W127/><G127/><T20/><D34/><U103/><E103/><AGARI ba="0,0" hai="8,11,21,24,29,100,101,103" m="4714,48746" machi="103" ten="30,2000,0" yaku="18,1,52,1" doraHai="23" who="2" fromWho="1" sc="250,0,270,-20,230,20,250,0" /><INIT seed="2,0,0,0,0,36" ten="250,250,250,250" oya="2" hai0="48,131,10,66,13,135,78,58,62,72,11,102,47" hai1="16,29,35,107,34,57,99,105,42,61,22,74,68" hai2="121,8,49,40,43,123,130,76,33,59,37,77,9" hai3="86,80,93,117,50,71,5,112,87,129,103,111,3"/><V126/><F33/><W70/><G117/><T100/><D131/><U69/><E74/><V67/><F37/><W51/><G129/><T20/><D135/><U124/><E124/><V89/><F130/><W90/><G111/><T114/><D114/><U17/><E29/><V52/><F126/><W63/><G112/><T53/><D72/><U55/><E42/><N who="2" m="15915" /><F123/><W12/><G3/><T32/><D78/><N who="2" m="30314" /><F121/><W109/><G109/><T7/><D32/><U127/><E35/><V64/><F89/><W92/><G63/><T54/><D11/><AGARI ba="0,0" hai="8,9,11,49,52,59,64,67" m="30314,15915" machi="11" ten="30,12000,1" yaku="8,1,52,3,54,1" doraHai="36" who="2" fromWho="0" sc="250,-120,250,0,250,120,250,0" /><INIT seed="2,1,0,3,0,56" ten="130,250,370,250" oya="2" hai0="72,125,22,12,38,120,92,114,7,60,37,129,28" hai1="57,78,46,49,79,52,26,19,54,32,9,99,96" hai2="53,115,63,23,41,113,104,106,70,68,17,101,48" hai3="14,75,123,44,133,85,131,80,4,135,35,20,122"/><V100/><F41/><W51/><G35/><T108/><D72/><U50/><E32/><V5/><F5/><W1/><G1/><T45/><D114/><U2/><E2/><V111/><F111/><W90/><G75/><T18/><D120/><U33/><E33/><V27/><F100/><W132/><G131/><T91/><D129/><U8/><E26/><V69/><F63/><W95/><G95/><T117/><D108/><U74/><E74/><V83/><F83/><W76/><G90/><T130/><D130/><U97/><E9/><V47/><REACH who="2" step="1"/><F101/><REACH who="2" ten="130,250,360,250" step="2"/><W16/><G4/><T134/><D60/><U102/><E102/><V109/><F109/><W112/><G112/><AGARI ba="1,1" hai="17,23,27,47,48,53,68,69,70,104,106,112,113,115" machi="112" ten="50,2400,0" yaku="1,1,53,0" doraHai="56" doraHaiUra="59" who="2" fromWho="3" sc="130,0,250,0,360,37,250,-27" /><INIT seed="2,2,0,1,5,20" ten="130,250,397,223" oya="2" hai0="125,75,10,86,89,113,120,36,100,126,15,118,16" hai1="93,105,7,26,95,112,94,49,129,3,18,53,74" hai2="70,6,25,80,119,9,110,133,72,2,97,130,17" hai3="107,99,8,83,21,33,111,61,101,27,40,127,13"/><V57/><F119/><W96/><G111/><T30/><D120/><U47/><E105/><V116/><F116/><W58/><G127/><T135/><D118/><U104/><E104/><V52/><F70/><W87/><G33/><T51/><D36/><U46/><E112/><V102/><F130/><W65/><G40/><T69/><D113/><U73/><E129/><V121/><F121/><W117/><G117/><T123/><D123/><U37/><E37/><V62/><F133/><W128/><G128/><T54/><D75/><U66/><E66/><V132/><F132/><W38/><G38/><T23/><D135/><U34/><E47/><V71/><F71/><W29/><G101/><T88/><D69/><U98/><E98/><V39/><F39/><W43/><G43/><T115/><D100/><U35/><E35/><V50/><F110/><W77/><REACH who="3" step="1"/><G107/><REACH who="3" ten="130,250,397,213" step="2"/><T124/><D115/><U81/><E34/><V78/><F50/><W106/><G106/><T85/><D51/><U11/><REACH who="1" step="1"/><E81/><REACH who="1" ten="130,240,397,213" step="2"/><V60/><F80/><W19/><AGARI ba="2,2" hai="8,13,19,21,27,29,58,61,65,77,83,87,96,99" machi="19" ten="20,8000,1" yaku="1,1,0,1,7,1,8,1,52,1,53,0" doraHai="20" doraHaiUra="28" who="3" fromWho="3" sc="130,-22,240,-22,397,-42,213,106" /><INIT seed="3,0,0,5,5,66" ten="108,218,355,319" oya="3" hai0="20,5,121,21,91,31,127,36,123,107,82,67,99" hai1="47,29,34,135,76,104,22,55,120,87,8,63,59" hai2="130,95,106,114,11,88,128,42,19,12,24,64,15" hai3="3,38,4,125,93,118,77,124,61,0,50,48,52"/><W90/><G118/><T110/><D36/><U25/><E120/><V89/><F114/><W45/><G77/><T78/><D110/><U46/><E104/><V30/><F106/><W60/><G38/><T73/><D127/><N who="3" m="48713" /><G48/><T86/><D5/><U111/><E135/><V14/><F42/><W39/><G39/><T134/><D134/><U1/><E111/><V105/><F105/><W18/><G18/><T51/><D51/><U112/><E112/><V133/><F133/><W7/><G7/><T35/><D20/><U57/><E1/><N who="3" m="586" /><G4/><T40/><D21/><U102/><E76/><V79/><F79/><W37/><G37/><T103/><D40/><U43/><E43/><V75/><F75/><W101/><G101/><T126/><D126/><U97/><E102/><V13/><F89/><W132/><G132/><T33/><D67/><U68/><E22/><V119/><F64/><W115/><G115/><T17/><D17/><U92/><E8/><V44/><F44/><W26/><G26/><T108/><D108/><U27/><E47/><V53/><F53/><W54/><G54/><T96/><D96/><U69/><E46/><V65/><F65/><W28/><G28/><T84/><D84/><U113/><E87/><N who="2" m="52639" /><F119/><W56/><G56/><T122/><REACH who="0" step="1"/><D31/><REACH who="0" ten="98,218,355,319" step="2"/><N who="1" m="19823" /><E97/><AGARI ba="0,1" hai="45,50,52,60,61,90,93,97" m="586,48713" machi="97" ten="30,2900,0" yaku="18,1,54,1" doraHai="66" who="3" fromWho="1" sc="98,0,218,-29,355,0,319,39" owari="98,-40.2,189,-21.1,355,15.5,358,45.8" /></mjloggm>