<mjloggm ver="2.3"><GO type="225" lobby="0"/><UN n0="%E3%83%A9%E3%83%B3%E3%83%8A%E3%83%BC%E3%83%A9%E3%83%B3%E3%83%8A%E3%83%BC" n1="%E6%80%AA%E3%81%97%E3%81%99%E3%81%8E%E3%82%8B%E3%83%81%E3%83%BC" n2="%E3%82%A2%E3%83%BC%E3%83%A2%E3%83%AD%E3%83%BC%E3%83%B4%E3%82%A1" n3="%E8%A8%88%E7%AE%97%E6%A9%9F%E8%87%AA%E7%84%B6" dan="16,16,16,17" rate="2121.68,2107.03,2154.09,2225.92" sx="M,M,M,M"/><TAIKYOKU oya="0"/><INIT seed="0,0,0,2,3,46" ten="250,250,250,250" oya="0" hai0="121,132,125,62,70,99,48,86,44,28,42,71,36" hai1="127,24,118,75,126,102,111,18,65,80,87,123,130" hai2="96,0,5,6,47,9,16,27,10,77,104,52,41" hai3="34,59,25,13,100,109,1,129,122,37,98,90,119"/><T63/><D28/><U83/><E123/><V26/><F77/><W33/><G1/><T14/><D99/><U4/><E118/><V88/><F52/><W76/><G37/><T85/><D14/><U110/><E130/><V69/><F69/><N who="0" m="26122" /><D86/><U112/><E65/><V40/><F40/><W8/><G119/><T2/><D85/><U68/><E68/><V120/><F120/><W43/><G129/><T133/><D2/><U116/><E116/><V12/><F5/><W55/><G76/><T72/><D72/><U57/><E57/><V94/><REACH who="2" step="1"/><F104/><REACH who="2" ten="250,250,240,250" step="2"/><W66/><G55/><N who="0" m="30087" /><D121/><U7/><E4/><V21/><F21/><W89/><G122/><T19/><D19/><U114/><E7/><V31/><F31/><W134/><G8/><T103/><D125/><N who="1" m="47627" /><E18/><V107/><F107/><W79/><G79/><T74/><D74/><U56/><E75/><V78/><F78/><W67/><G33/><T32/><D32/><U73/><E73/><V84/><F84/><W58/><G34/><T35/><D35/><U81/><E87/><V39/><AGARI ba="0,1" hai="0,6,9,10,12,16,26,27,39,41,47,88,94,96" machi="39" ten="20,12000,2" yaku="1,1,0,1,7,1,54,2,53,1" doraHai="46" doraHaiUra="92" who="2" fromWho="2" sc="250,-60,250,-30,240,130,250,-30" /><INIT seed="1,0,0,2,0,66" ten="190,220,370,220" oya="1" hai0="101,114,90,104,89,98,97,37,93,64,44,56,117" hai1="11,112,24,21,27,106,34,116,35,82,42,125,6" hai2="26,43,99,135,7,47,0,63,36,12,131,88,4" hai3="31,61,129,51,18,49,83,94,91,79,48,57,103"/><U84/><E112/><V39/><F0/><W115/><G115/><T107/><D114/><U16/><E116/><V33/><F36/><W67/><G129/><T13/><D117/><U40/><E125/><V119/><F119/><W41/><G31/><T126/><D126/><U110/><E106/><V134/><F131/><W68/><G103/><T45/><D37/><U108/><E42/><V80/><F63/><W53/><G41/><T81/><D104/><U105/><E40/><V46/><F46/><W60/><G18/><T87/><D64/><U54/><E54/><V58/><F58/><W122/><G122/><T10/><REACH who="0" step="1"/><D56/><REACH who="0" ten="180,220,370,220" step="2"/><U52/><E105/><V128/><F128/><W74/><REACH who="3" step="1"/><G48/><REACH who="3" ten="180,220,370,210" step="2"/><T95/><D95/><U30/><E108/><V76/><F39/><W113/><G113/><T85/><D85/><AGARI ba="0,2" hai="49,51,53,57,60,61,67,68,74,79,83,85,91,94" machi="85" ten="30,7700,0" yaku="1,1,7,1,52,1,53,1" doraHai="66" doraHaiUra="72" who="3" fromWho="0" sc="180,-77,220,0,370,0,210,97" /><INIT seed="2,0,0,0,2,110" ten="103,220,370,307" oya="2" hai0="4,69,3,67,97,84,72,12,79,132,30,94,60" hai1="38,9,78,114,96,119,51,121,13,10,122,83,0" hai2="90,118,28,115,120,87,42,104,40,55,27,44,24" hai3="103,57,29,26,7,111,50,99,135,46,47,71,113"/><V70/><F118/><W6/><G71/><T95/><D132/><U77/><E38/><V131/><F120/><N who="1" m="46185" /><E119/><V5/><F70/><W80/><G111/><T20/><D72/><U25/><E25/><V92/><F104/><W23/><G135/><T129/><D129/><U39/><E39/><V54/><F5/><W73/><G57/><T17/><D3/><U116/><E116/><V32/><F24/><W21/><G21/><T127/><D127/><U75/><E78/><V19/><F19/><W56/><G56/><T102/><D30/><U93/><E0/><V15/><F15/><W128/><G46/><T49/><D4/><U11/><E51/><V31/><F31/><W85/><G73/><T134/><D134/><U98/><E114/><V37/><F42/><W16/><G113/><T91/><D79/><U100/><E96/><V105/><F105/><W2/><G128/><T109/><D109/><U126/><E126/><V82/><F131/><W59/><G59/><T22/><REACH who="0" step="1"/><D49/><REACH who="0" ten="93,220,370,307" step="2"/><U65/><E77/><V66/><F28/><W117/><G29/><T1/><D1/><U130/><E75/><V18/><F37/><W86/><G117/><T101/><D101/><U68/><E130/><V14/><F115/><W52/><G2/><T43/><D43/><U45/><E100/><V74/><F40/><W107/><REACH who="3" step="1"/><G85/><REACH who="3" ten="93,220,370,297" step="2"/><T36/><D36/><U53/><E98/><V125/><F125/><W108/><G108/><T88/><D88/><AGARI ba="0,2" hai="6,7,16,23,26,47,50,52,80,86,88,99,103,107" machi="88" ten="30,8000,1" yaku="1,1,7,1,54,3,53,0" doraHai="110" doraHaiUra="112" who="3" fromWho="0" sc="93,-80,220,0,370,0,297,100" /><INIT seed="3,0,0,4,5,42" ten="13,220,370,397" oya="3" hai0="106,56,119,124,52,48,50,113,76,83,133,15,100" hai1="118,130,95,6,64,7,33,57,102,26,23,59,99" hai2="12,18,84,107,62,30,112,68,43,22,2,14,97" hai3="132,74,128,127,125,67,121,0,55,120,28,114,78"/><W122/><G114/><T58/><D119/><U10/><E33/><V88/><F112/><W36/><G36/><T115/><D100/><U72/><E72/><V82/><F2/><W38/><G38/><T61/><D106/><U69/><E130/><V123/><F123/><W111/><G128/><T51/><D15/><U3/><E118/><V77/><F43/><W86/><G132/><T70/><D83/><U31/><E7/><V60/><F30/><W98/><G111/><T93/><D76/><U37/><E37/><V19/><F68/><W79/><G0/><T40/><D93/><U126/><E126/><N who="3" m="48138" /><G74/><T110/><D124/><U108/><E108/><V53/><F53/><W29/><G67/><T94/><D94/><U8/><E8/><V81/><F107/><W103/><G55/><T44/><D133/><U75/><E75/><V32/><F32/><W27/><G86/><T91/><D91/><U90/><E90/><V21/><F97/><W1/><G1/><T117/><D117/><U96/><E96/><V54/><F54/><W92/><G28/><T20/><D20/><AGARI ba="0,0" hai="20,27,29,78,79,92,98,103,120,121,122" m="48138" machi="20" ten="40,2000,0" yaku="18,1" doraHai="42" who="3" fromWho="0" sc="13,-20,220,0,370,0,397,20" owari="-7,-50.7,220,-18.0,370,17.0,417,51.7" /></mjloggm>