<mjloggm ver="2.3"><GO type="225" lobby="0"/><UN n0="%E4%B8%8B%E6%AE%B5%E3%83%81%E3%82%A7%E3%83%AA%E3%83%BC" n1="%E3%81%86%E3%81%A9%E3%82%93%E3%81%93" n2="%E8%91%89%E5%B1%B1%E9%99%BD%E5%92%8C" n3="%E6%A0%B9%E5%85%83%E3%81%8B%E3%82%89%E5%90%B9%E3%81%A3%E9%A3%9B%E3%81%B6" dan="16,16,16,16" rate="2117.61,2162.81,2110.90,2173.49" sx="M,M,M,F"/><TAIKYOKU oya="0"/><INIT seed="0,0,0,3,5,13" ten="250,250,250,250" oya="0" hai0="130,80,27,44,126,49,96,58,68,50,124,25,71" hai1="43,65,1,98,41,89,88,115,76,53,45,59,95" hai2="84,8,113,118,108,120,110,79,22,83,16,17,4" hai3="67,6,19,20,125,78,121,93,135,28,57,47,14"/><T94/><D80/><U0/><E115/><V61/><F113/><W3/><G125/><N who="0" m="48235" /><D58/><U123/><E123/><V112/><F112/><W133/><G121/><T127/><N who="0" m="48243" /><T42/><DORA hai="46" /><D50/><U52/><E76/><V87/><F120/><W100/><G78/><T85/><D85/><U35/><E35/><V9/><F9/><N who="3" m="2271" /><G47/><T82/><D82/><U106/><E106/><V81/><F61/><W107/><G93/><T29/><D130/><U63/><E1/><N who="2" m="15" /><F22/><W12/><G100/><N who="0" m="60439" /><D25/><U90/><E0/><V66/><F66/><W24/><G107/><T23/><AGARI ba="0,0" hai="23,27,29,42,44,49,68,71" m="60439,48243" machi="23" ten="40,3900,0" yaku="18,1,52,1" doraHai="13,46" who="0" fromWho="0" sc="250,39,250,-13,250,-13,250,-13" /><INIT seed="0,1,0,1,3,3" ten="289,237,237,237" oya="0" hai0="109,52,55,62,94,47,124,63,61,15,80,45,69" hai1="13,103,35,93,73,21,79,82,39,34,57,6,88" hai2="31,67,119,85,96,9,66,0,86,16,98,76,1" hai3="106,130,75,12,64,115,51,105,54,19,132,32,117"/><T8/><D124/><U50/><E39/><V43/><F119/><W89/><G115/><T53/><D69/><U23/><E103/><V90/><F31/><W107/><G117/><T22/><D109/><U84/><E21/><V91/><F76/><W118/><G118/><T83/><D22/><U131/><E131/><V25/><F43/><W4/><G130/><T135/><D135/><U5/><E35/><V123/><F123/><W78/><G132/><T108/><D94/><U24/><E34/><V121/><F121/><W70/><G32/><T129/><D108/><U101/><E101/><V49/><F49/><W113/><G113/><T42/><D129/><U46/><E13/><V58/><F58/><W60/><G89/><T116/><D116/><U71/><E57/><V112/><F112/><W10/><G78/><T92/><D92/><U134/><E71/><V99/><F9/><W41/><G41/><T27/><D27/><U133/><E133/><V17/><REACH who="2" step="1"/><F96/><REACH who="2" ten="289,237,227,237" step="2"/><W38/><G38/><T37/><REACH who="0" step="1"/><D47/><REACH who="0" ten="279,237,227,237" step="2"/><U77/><E134/><V125/><F125/><W68/><G70/><T114/><D114/><U28/><E79/><V81/><F81/><W29/><G68/><T14/><D14/><U127/><E127/><V72/><F72/><W111/><G75/><T120/><D120/><U2/><E2/><V11/><F11/><W100/><G111/><T104/><D104/><U18/><E73/><V7/><F7/><AGARI ba="1,2" hai="7,8,15,37,42,45,52,53,55,61,62,63,80,83" machi="7" ten="40,7700,0" yaku="1,1,52,1,54,1,53,0" doraHai="3" doraHaiUra="30" who="0" fromWho="2" sc="279,100,237,0,227,-80,237,0" /><INIT seed="0,2,0,5,4,73" ten="379,237,147,237" oya="0" hai0="116,128,54,23,25,103,77,83,74,21,106,108,121" hai1="79,20,84,64,18,12,133,76,115,31,129,11,91" hai2="124,19,123,0,104,47,2,29,58,42,122,75,68" hai3="66,89,43,16,96,51,8,126,9,62,48,46,105"/><T56/><D116/><U114/><E129/><V87/><F75/><W32/><G126/><T110/><D121/><U55/><E133/><V36/><F68/><W98/><G32/><T94/><D106/><U37/><E37/><V86/><F104/><W61/><G105/><T69/><D69/><U90/><E64/><V65/><F29/><W39/><G39/><T41/><D41/><U135/><E135/><V63/><F124/><W17/><G89/><N who="1" m="33802" /><E84/><V10/><F0/><W118/><G118/><T53/><D128/><U50/><E31/><V38/><F38/><W33/><G33/><T100/><D53/><U92/><E92/><V80/><F19/><W101/><G46/><T52/><D54/><U99/><E99/><V4/><REACH who="2" step="1"/><F87/><REACH who="2" ten="379,237,137,237" step="2"/><W35/><G16/><N who="0" m="12455" /><D23/><U102/><E20/><V60/><F60/><W93/><G17/><T70/><D70/><U40/><E114/><V57/><F57/><W24/><G35/><T111/><D94/><U117/><E115/><V14/><F14/><W3/><G3/><T120/><D120/><U112/><E112/><V26/><F26/><W113/><G24/><T6/><D6/><U95/><E117/><V15/><F15/><W28/><G113/><T131/><D131/><U34/><E12/><V59/><F59/><W67/><G93/><T5/><D5/><U27/><E18/><V45/><F45/><W72/><G72/><T81/><D74/><U22/><E27/><V82/><F82/><W109/><G28/><T134/><D134/><U130/><E130/><V1/><F1/><W119/><G119/><T13/><D13/><RYUUKYOKU ba="2,1" sc="379,-10,237,-10,137,30,237,-10" hai2="2,4,10,36,42,47,58,63,65,80,86,122,123" /><INIT seed="1,3,1,5,1,99" ten="369,227,167,227" oya="1" hai0="125,88,114,123,72,39,4,50,62,112,78,66,16" hai1="103,49,17,97,7,33,61,64,41,118,10,89,44" hai2="8,34,48,43,93,120,53,84,32,22,18,94,126" hai3="107,116,133,6,56,115,131,19,130,38,109,127,24"/><U67/><E118/><V104/><F120/><W0/><RYUUKYOKU type="yao9" ba="3,1" sc="369,0,227,0,167,0,227,0" hai3="0,6,19,24,38,56,107,109,115,116,127,130,131,133" /><INIT seed="1,4,1,4,4,106" ten="369,227,167,227" oya="1" hai0="100,87,104,3,121,55,126,0,86,28,90,50,124" hai1="1,133,22,70,125,111,49,23,115,71,69,103,132" hai2="58,24,18,34,130,97,78,8,13,35,67,118,52" hai3="84,54,39,105,16,81,63,60,98,40,110,74,64"/><U47/><E115/><V43/><F118/><W68/><G110/><T94/><D121/><U42/><E111/><V89/><F130/><W45/><G74/><T113/><D113/><U92/><E125/><N who="0" m="48233" /><D28/><U26/><E1/><N who="0" m="585" /><D100/><U7/><E7/><V20/><F67/><W83/><G83/><T61/><D61/><U135/><REACH who="1" step="1"/><E26/><REACH who="1" ten="369,217,167,227" step="2"/><V10/><F24/><W56/><G105/><T25/><D25/><U101/><E101/><V82/><F13/><W14/><G98/><AGARI ba="4,2" hai="22,23,42,47,49,69,70,71,92,98,103,132,133,135" machi="98" ten="50,9600,0" yaku="1,1,20,1,53,1" doraHai="106" doraHaiUra="88" who="1" fromWho="3" sc="369,0,217,128,167,0,227,-108" /><INIT seed="1,5,0,3,0,67" ten="369,345,167,119" oya="1" hai0="23,96,24,104,98,61,95,122,126,60,59,44,93" hai1="65,20,21,70,47,79,73,90,15,100,116,19,109" hai2="120,105,32,127,94,87,128,5,42,48,108,135,6" hai3="39,71,27,110,45,33,114,35,112,102,82,62,86"/><U22/><E116/><V76/><F105/><W81/><G110/><T89/><D104/><U134/><E134/><V107/><F107/><W18/><G102/><T30/><D122/><U97/><E109/><V26/><F120/><W72/><G82/><T54/><D126/><U85/><E79/><V103/><F128/><W34/><G18/><T58/><D44/><U43/><E73/><V80/><F108/><W28/><G86/><T57/><D61/><U3/><E3/><V119/><F119/><W88/><G88/><AGARI ba="5,0" hai="23,24,30,54,57,58,59,60,88,89,93,95,96,98" machi="88" ten="30,7700,0" yaku="7,1,9,1,8,1,54,1" doraHai="67" who="0" fromWho="3" sc="369,92,345,0,167,0,119,-92" /><INIT seed="2,0,0,4,1,93" ten="461,345,167,27" oya="2" hai0="22,60,55,132,97,8,71,20,117,100,51,89,130" hai1="48,53,35,39,92,34,75,54,95,105,56,17,86" hai2="10,70,104,27,7,133,123,24,68,134,33,64,76" hai3="125,1,50,5,127,78,111,110,67,0,6,52,119"/><V19/><F76/><W109/><G67/><T25/><D117/><U58/><E105/><V120/><F104/><W43/><G43/><T29/><D132/><U121/><E75/><V44/><F44/><W14/><G50/><T124/><D124/><N who="3" m="47689" /><G52/><T36/><D36/><U85/><E39/><V81/><F64/><W11/><G119/><T59/><D130/><U80/><E121/><V135/><F70/><W98/><G98/><T77/><D77/><U63/><E17/><V83/><F68/><W2/><G78/><T107/><D89/><U41/><E41/><V13/><F120/><W91/><G91/><T3/><D3/><U115/><E115/><V116/><F123/><W15/><G11/><T126/><D8/><U9/><E9/><V31/><F116/><W73/><G73/><T112/><D112/><U4/><E4/><AGARI ba="0,0" hai="0,1,2,4,5,6,14,15,109,110,111" m="47689" machi="4" ten="50,12000,2" yaku="28,2,14,1,18,1,34,2" doraHai="93" who="3" fromWho="1" sc="461,0,345,-120,167,0,27,120" /><INIT seed="3,0,0,1,2,6" ten="461,225,167,147" oya="3" hai0="41,30,74,19,87,115,109,130,127,28,131,73,0" hai1="106,88,81,39,135,34,1,100,133,55,96,50,97" hai2="71,18,72,54,48,53,20,64,107,2,123,46,129" hai3="90,122,118,15,44,23,85,132,3,9,36,17,26"/><W104/><G118/><T113/><D0/><U65/><E39/><V56/><F2/><W57/><G122/><T11/><D41/><U49/><E1/><V92/><F107/><W98/><G132/><N who="1" m="50762" /><E34/><V16/><F72/><N who="0" m="27754" /><D127/><U119/><E119/><V105/><F129/><N who="0" m="49162" /><D109/><U52/><E65/><V13/><F64/><W83/><G3/><T84/><D11/><U42/><E42/><V27/><F123/><W24/><G36/><T38/><D38/><U4/><E4/><V70/><F105/><W93/><G44/><T22/><D84/><N who="1" m="50191" /><E97/><V110/><F110/><W66/><G104/><T112/><D87/><U43/><E43/><V59/><F46/><W77/><REACH who="3" step="1"/><G23/><REACH who="3" ten="461,225,167,137" step="2"/><T25/><AGARI ba="0,1" hai="19,22,25,28,30,112,113,115" m="49162,27754" machi="25" ten="40,2700,0" yaku="11,1,19,1" doraHai="6" who="0" fromWho="0" sc="461,37,225,-7,167,-7,137,-13" owari="498,59.8,218,1.8,160,-24.0,124,-37.6" /></mjloggm>