<mjloggm ver="2.3"><GO type="225" lobby="0"/><UN n0="%E3%81%86%E3%81%A3%E3%81%97%E3%83%BC%30%30" n1="%6A%79%75%6E%6F%68" n2="%73%69%72%6F%75%74" n3="%E6%97%A5%E6%9B%9C%E6%97%A5%E3%82%88%E3%82%8A%E3%81%AE%E4%BD%BF%E8%80%85" dan="16,16,16,17" rate="2143.91,2141.94,2120.96,2194.75" sx="M,M,M,M"/><TAIKYOKU oya="0"/><INIT seed="0,0,0,0,0,85" ten="250,250,250,250" oya="0" hai0="83,40,81,73,77,95,130,112,80,22,67,53,87" hai1="100,19,35,133,92,9,15,24,37,74,115,18,11" hai2="23,16,70,104,90,109,116,117,60,123,33,17,82" hai3="3,50,78,99,55,10,84,7,32,62,2,54,118"/><T105/><D112/><U61/><E115/><V14/><F33/><W126/><G118/><N who="2" m="45673" /><F104/><W31/><G126/><T134/><D105/><U106/><E37/><V69/><F109/><W76/><G2/><T128/><D40/><U132/><E74/><V4/><F4/><W41/><G41/><T42/><D42/><U94/><E106/><V59/><F123/><W93/><G62/><T68/><D67/><U131/><E61/><V12/><F82/><W107/><G107/><T96/><D68/><U1/><E100/><V44/><F44/><W20/><G32/><T64/><D64/><U57/><E57/><V114/><F114/><W119/><G119/><T36/><D36/><U103/><E103/><V79/><F90/><W46/><G3/><T111/><D83/><U56/><E56/><V5/><F79/><W25/><G7/><T43/><D81/><U89/><E94/><V120/><F5/><W28/><G78/><T97/><D80/><U58/><E58/><V34/><F34/><W86/><G76/><T65/><D95/><U113/><E113/><V91/><F91/><W21/><G46/><T26/><D77/><U38/><E35/><V63/><F120/><W108/><G108/><T124/><D111/><U49/><E1/><V45/><F45/><W72/><G93/><T102/><D102/><U0/><E92/><V75/><F75/><W98/><G72/><T6/><D6/><U121/><E0/><V110/><F110/><W52/><G99/><T39/><D97/><U13/><E121/><V48/><F70/><W29/><G98/><T47/><D73/><RYUUKYOKU ba="0,0" sc="250,0,250,0,250,0,250,0" /><INIT seed="1,1,0,3,2,93" ten="250,250,250,250" oya="1" hai0="25,15,31,58,68,41,27,5,112,69,9,14,135" hai1="24,43,125,97,105,62,124,47,114,6,3,17,100" hai2="11,57,109,72,118,56,103,7,81,131,74,130,2" hai3="76,53,12,19,18,104,110,70,36,75,82,90,94"/><U71/><E114/><V116/><F109/><W80/><G70/><T44/><D112/><U129/><E129/><N who="2" m="49163" /><F103/><W38/><G110/><T65/><D135/><U84/><E84/><V87/><F57/><W1/><G1/><T20/><D15/><U10/><E17/><V42/><F56/><W77/><G104/><T83/><D83/><U111/><E24/><V29/><F42/><W88/><G53/><T13/><D13/><U99/><E99/><V91/><F29/><W66/><G66/><T133/><D133/><U55/><E111/><V46/><F46/><W51/><G51/><T48/><REACH who="0" step="1"/><D27/><REACH who="0" ten="240,250,250,250" step="2"/><U40/><E125/><V108/><F108/><W23/><G12/><T127/><D127/><U78/><E124/><V8/><F8/><W122/><G82/><T61/><AGARI ba="1,1" hai="5,9,14,20,25,31,41,44,48,58,61,65,68,69" machi="61" ten="30,4000,0" yaku="1,1,0,1,53,1" doraHai="93" doraHaiUra="21" who="0" fromWho="0" sc="240,53,250,-21,250,-11,250,-11" /><INIT seed="2,0,0,5,3,50" ten="293,229,239,239" oya="2" hai0="20,102,63,95,115,29,71,14,48,124,118,117,3" hai1="75,5,106,8,55,21,11,131,105,96,79,67,42" hai2="46,58,24,12,51,7,92,87,128,108,77,113,25" hai3="59,41,38,68,103,56,17,85,36,100,97,69,66"/><V123/><F113/><W19/><G85/><T65/><D3/><U125/><E67/><V10/><F123/><W26/><G66/><T45/><D115/><U121/><E42/><N who="2" m="25047" /><F128/><W61/><G61/><T1/><D1/><U99/><E21/><V2/><F2/><W134/><G26/><T89/><D102/><U0/><E131/><V18/><F108/><W133/><G97/><T6/><D124/><U116/><E125/><V135/><F135/><W23/><G23/><T120/><D120/><U90/><E121/><V130/><F130/><W91/><G91/><T54/><D6/><U16/><E116/><V22/><F58/><W9/><REACH who="3" step="1"/><G41/><REACH who="3" ten="293,229,239,229" step="2"/><T37/><D20/><U60/><E90/><N who="2" m="53343" /><F25/><W127/><G127/><T72/><D63/><U129/><E99/><V112/><F112/><W43/><G43/><T104/><D65/><U94/><E129/><V4/><F77/><W93/><G93/><T81/><D95/><U74/><E79/><V122/><F122/><W34/><G34/><T73/><D89/><U57/><E94/><V53/><F53/><W132/><G132/><T88/><D54/><U126/><E126/><V44/><F24/><W52/><G52/><T27/><D27/><U62/><E62/><V78/><F78/><W107/><G107/><T111/><D104/><U13/><REACH who="1" step="1"/><E106/><REACH who="1" ten="293,219,239,229" step="2"/><V83/><F83/><W86/><G86/><T82/><D82/><U84/><E84/><V40/><F22/><W30/><G30/><T15/><D29/><U70/><E70/><V28/><F28/><W64/><G64/><T101/><D81/><U49/><E49/><AGARI ba="0,2" hai="4,7,10,12,18,40,44,49" m="53343,25047" machi="49" ten="30,2900,0" yaku="6,1,8,1" doraHai="50" who="2" fromWho="1" sc="293,0,219,-29,239,49,229,0" /><INIT seed="2,1,0,4,5,20" ten="293,190,288,229" oya="2" hai0="12,111,135,90,81,30,108,23,56,6,93,19,9" hai1="92,119,106,37,26,61,46,115,34,16,63,1,58" hai2="85,18,51,47,109,15,29,88,101,59,40,126,52" hai3="54,35,123,122,121,113,73,82,128,80,131,89,66"/><V13/><F126/><W124/><G35/><T27/><D135/><U65/><E115/><V22/><F109/><N who="0" m="42058" /><D56/><U24/><E119/><V78/><F78/><N who="3" m="44111" /><G54/><T5/><D81/><U67/><E106/><V4/><F101/><W10/><G10/><T2/><D2/><U95/><E1/><V14/><F29/><W48/><G48/><T72/><D72/><U69/><E34/><V97/><F97/><AGARI ba="1,0" hai="5,6,9,12,19,23,27,30,90,93,97" m="42058" machi="97" ten="30,2000,0" yaku="14,1,52,1" doraHai="20" who="0" fromWho="2" sc="293,23,190,0,288,-23,229,0" /><INIT seed="3,0,0,5,5,96" ten="316,190,265,229" oya="3" hai0="59,111,36,26,45,71,66,99,43,102,10,27,125" hai1="28,11,37,106,84,32,76,85,74,123,20,128,83" hai2="135,64,70,86,40,91,110,75,15,80,0,87,57" hai3="30,127,22,108,25,81,38,9,49,95,107,109,73"/><W12/><G107/><T56/><D111/><N who="3" m="42569" /><G38/><T48/><D125/><U92/><E123/><V34/><F34/><W44/><G127/><T78/><D78/><U13/><E128/><V88/><F75/><W118/><G118/><T54/><D59/><U122/><E122/><V101/><F70/><W124/><G124/><T68/><D10/><U117/><E117/><V23/><F0/><W130/><G130/><T29/><D66/><U134/><E134/><V53/><F64/><W90/><G81/><T47/><D47/><U113/><E113/><V19/><F40/><N who="3" m="24711" /><G73/><T6/><D6/><U61/><E106/><V126/><F135/><W7/><G95/><T72/><D72/><U17/><E37/><V62/><F126/><W18/><G90/><T115/><D115/><U58/><E32/><V51/><F110/><W39/><G39/><T63/><D36/><U129/><E129/><V65/><F87/><W46/><G46/><T8/><D45/><U24/><REACH who="1" step="1"/><E92/><REACH who="1" ten="316,180,265,229" step="2"/><V114/><F114/><W4/><AGARI ba="0,1" hai="4,7,9,12,18,22,25,30" m="24711,42569" machi="4" ten="30,3000,0" yaku="14,1,10,1" doraHai="96" who="3" fromWho="3" sc="316,-10,180,-10,265,-10,229,40" /><INIT seed="3,1,0,1,5,9" ten="306,170,255,269" oya="3" hai0="125,109,127,19,12,90,117,103,80,52,99,27,94" hai1="89,73,100,35,115,83,92,24,87,8,44,49,110" hai2="72,51,16,88,67,131,36,121,13,25,133,63,59" hai3="3,85,81,11,128,71,126,111,55,93,21,105,48"/><W78/><G105/><T45/><D117/><U17/><E110/><V32/><F72/><W98/><G71/><T75/><D27/><U97/><E115/><V46/><F36/><W77/><G111/><T120/><D120/><U82/><E35/><V116/><F116/><W101/><G126/><N who="0" m="48139" /><D109/><U39/><E39/><V54/><F133/><W18/><G128/><T118/><D118/><U58/><E73/><V38/><F38/><W7/><G81/><T6/><D6/><U43/><E58/><V28/><F131/><W130/><G85/><N who="0" m="50471" /><D75/><U47/><E47/><V107/><F107/><W124/><G130/><T132/><D132/><U30/><E30/><V5/><F5/><W4/><G4/><T42/><D52/><U135/><E135/><V69/><F121/><W102/><G102/><T64/><D64/><U84/><E24/><V20/><REACH who="2" step="1"/><F88/><REACH who="2" ten="306,170,245,269" step="2"/><W14/><REACH who="3" step="1"/><G124/><REACH who="3" ten="306,170,245,259" step="2"/><T29/><D103/><U10/><REACH who="1" step="1"/><E17/><REACH who="1" ten="306,160,245,259" step="2"/><V50/><F50/><W60/><G60/><T76/><D19/><U134/><E134/><V62/><F62/><W34/><G34/><T2/><D2/><U119/><E119/><V40/><F40/><W68/><G68/><AGARI ba="1,3" hai="13,16,20,25,28,32,46,51,54,59,63,67,68,69" machi="68" ten="40,5200,0" yaku="1,1,52,1,54,1,53,0" doraHai="9" doraHaiUra="112" who="2" fromWho="3" sc="306,0,160,0,245,85,259,-55" owari="306,10.6,160,-34.0,330,43.0,204,-19.6" /></mjloggm>