<mjloggm ver="2.3"><GO type="225" lobby="0"/><UN n0="%4E%49%4A%49%49%52%4F" n1="%E3%83%87%E3%83%A9%E3%82%B3%E3%83%83%E3%82%B3" n2="%E7%89%B9%E6%9D%B1%E3%81%AF%E4%B8%96%E7%95%8C%E3%82%92%E6%95%91%E3%81%86" n3="%43%68%65" dan="17,16,16,16" rate="2206.55,2144.90,2133.89,2159.28" sx="M,M,M,M"/><TAIKYOKU oya="0"/><INIT seed="0,0,0,5,4,30" ten="250,250,250,250" oya="0" hai0="89,86,111,43,54,134,81,125,122,126,41,32,1" hai1="68,82,47,7,60,59,87,13,121,83,14,22,104" hai2="42,120,77,62,20,107,39,84,56,79,26,18,11" hai3="109,65,55,74,46,95,128,10,70,130,44,116,61"/><T123/><D1/><U119/><E119/><V113/><F120/><W28/><G116/><T49/><D134/><U129/><E121/><V16/><F113/><W132/><G74/><T0/><D0/><U93/><E104/><V100/><F39/><W23/><G132/><T4/><D4/><U114/><E68/><V118/><F118/><W88/><G10/><T103/><D103/><U19/><E129/><N who="3" m="49770" /><G55/><T64/><D64/><U133/><E114/><V37/><F37/><W5/><G5/><T131/><D131/><U98/><E47/><V97/><F42/><N who="0" m="15882" /><D32/><U99/><E133/><V106/><F84/><N who="3" m="52615" /><G109/><T72/><D72/><U75/><E75/><V63/><F106/><W6/><G6/><T8/><D8/><N who="1" m="4255" /><E87/><V58/><F58/><W112/><G112/><T76/><D111/><U78/><E78/><V12/><REACH who="2" step="1"/><F62/><REACH who="2" ten="250,250,240,250" step="2"/><W53/><G53/><AGARI ba="0,1" hai="11,12,16,18,20,26,53,56,63,77,79,97,100,107" machi="53" ten="30,7700,0" yaku="1,1,2,1,7,1,54,1,53,0" doraHai="30" doraHaiUra="45" who="2" fromWho="3" sc="250,0,250,0,240,87,250,-77" /><INIT seed="1,0,0,1,3,113" ten="250,250,327,173" oya="1" hai0="114,135,72,130,83,6,105,47,133,43,66,23,86" hai1="126,120,1,88,131,117,78,41,11,58,49,50,64" hai2="13,39,42,107,106,94,122,52,132,101,26,48,73" hai3="44,29,57,33,17,16,77,15,8,18,127,115,74"/><U100/><E120/><V81/><F122/><W5/><G115/><T51/><D114/><U118/><E131/><V129/><F129/><W10/><G44/><T89/><D130/><U63/><E126/><V36/><F132/><N who="0" m="50762" /><D105/><U20/><E100/><V82/><F42/><W92/><G127/><T53/><D72/><U30/><E78/><V109/><F109/><W38/><G38/><T19/><D66/><U128/><E128/><V119/><F119/><W40/><G40/><T75/><D75/><U97/><E1/><V67/><F67/><W90/><G77/><T61/><D6/><U3/><E3/><V32/><F32/><W31/><G74/><T28/><D28/><N who="3" m="10825" /><G33/><T56/><D19/><N who="3" m="7241" /><G57/><T21/><AGARI ba="0,0" hai="21,23,43,47,51,53,56,61,83,86,89" m="50762" machi="21" ten="30,1100,0" yaku="20,1" doraHai="113" who="0" fromWho="0" sc="250,11,250,-5,327,-3,173,-3" /><INIT seed="2,0,0,3,1,58" ten="261,245,324,170" oya="2" hai0="74,88,22,46,81,124,33,112,131,106,40,105,41" hai1="89,120,26,125,87,32,51,0,108,90,5,94,82" hai2="104,123,54,75,110,57,114,117,98,121,4,86,103" hai3="23,31,134,56,64,62,107,45,93,16,27,19,49"/><V11/><F114/><W43/><G107/><T128/><D112/><U38/><E108/><V21/><F117/><W130/><G134/><T60/><D33/><U113/><E113/><V13/><F75/><W84/><G130/><N who="0" m="49707" /><D124/><U76/><E38/><V70/><F70/><W35/><G35/><T6/><D6/><U85/><E125/><V15/><F110/><W66/><G66/><T119/><D119/><U92/><E120/><V129/><F129/><W126/><G126/><T47/><D22/><U14/><E0/><V122/><F86/><W28/><G28/><T97/><D74/><U17/><E51/><V109/><F109/><W24/><G24/><T10/><D10/><U30/><E5/><V80/><F80/><W91/><AGARI ba="0,0" hai="16,19,23,27,31,43,45,49,56,62,64,84,91,93" machi="91" ten="30,7900,0" yaku="0,1,8,1,52,1,54,1" doraHai="58" who="3" fromWho="3" sc="261,-20,245,-20,324,-39,170,79" /><INIT seed="3,0,0,2,1,104" ten="241,225,285,249" oya="3" hai0="37,101,1,122,80,93,17,110,69,70,107,92,91" hai1="51,134,57,59,54,74,111,7,32,52,81,85,19" hai2="64,72,56,11,94,53,44,120,102,130,71,131,78" hai3="66,77,31,99,100,127,63,113,60,117,49,83,45"/><W8/><G113/><T47/><D122/><U14/><E32/><V73/><F120/><W9/><G117/><T42/><D107/><U29/><E111/><V88/><F102/><W23/><G127/><T135/><D110/><U0/><E134/><V126/><F126/><W6/><G23/><T5/><D135/><U26/><E0/><V10/><F44/><W121/><G31/><T40/><D40/><U20/><E7/><V97/><F64/><W46/><G121/><T124/><D124/><U21/><E74/><N who="2" m="28779" /><F78/><W28/><G28/><T62/><D17/><U2/><E2/><V106/><F106/><W36/><G36/><T4/><D101/><U103/><E103/><V33/><F71/><W30/><G30/><T12/><D1/><U129/><E129/><N who="2" m="49163" /><F33/><W18/><G46/><T24/><D70/><U43/><E43/><V39/><F39/><W65/><G65/><T41/><D41/><U55/><REACH who="1" step="1"/><E59/><REACH who="1" ten="241,215,285,249" step="2"/><V22/><F22/><W61/><G6/><T133/><D4/><U67/><E67/><V115/><F115/><W96/><G66/><N who="0" m="41175" /><D133/><U112/><E112/><V68/><F68/><W119/><G119/><T108/><D108/><U48/><E48/><AGARI ba="0,1" hai="10,11,48,53,56,88,94,97" m="49163,28779" machi="48" ten="30,8000,1" yaku="19,1,52,3,54,1" doraHai="104" who="2" fromWho="1" sc="241,0,215,-80,285,90,249,0" owari="241,-15.9,135,-36.5,375,47.5,249,4.9" /></mjloggm>