<mjloggm ver="2.3"><GO type="225" lobby="0"/><UN n0="%54%4F%52" n1="%E8%81%B7%E6%A5%AD%E3%80%81%E9%A2%A8%32" n2="%E6%81%AC%E6%B7%A1%E5%AF%82%E5%AF%9E" n3="%72%69%6F%75%63%68%61%6E" dan="17,16,16,17" rate="2245.43,2132.83,2119.05,2252.87" sx="M,M,M,M"/><TAIKYOKU oya="0"/><INIT seed="0,0,0,3,2,63" ten="250,250,250,250" oya="0" hai0="22,50,132,131,39,14,92,68,19,56,23,129,52" hai1="126,104,135,13,89,106,24,32,57,75,21,100,67" hai2="96,45,48,31,107,127,38,134,124,119,35,9,61" hai3="66,95,81,20,18,83,60,115,30,110,70,43,42"/><T55/><D39/><U53/><E126/><N who="2" m="48171" /><F38/><W113/><G110/><T17/><D68/><U33/><E135/><V86/><F134/><W54/><G30/><T111/><D132/><U10/><E75/><V44/><F9/><W71/><G70/><T121/><D121/><U73/><E73/><V133/><F133/><W5/><G5/><T91/><D111/><U98/><E106/><V76/><F48/><W101/><G54/><T74/><D74/><U28/><E89/><V120/><F120/><W117/><G117/><T125/><D55/><U0/><E0/><V62/><F119/><W93/><G115/><T105/><D105/><U79/><E79/><V69/><F62/><W40/><G113/><T99/><REACH who="0" step="1"/><D125/><REACH who="0" ten="240,250,250,250" step="2"/><U37/><E37/><V80/><F107/><W41/><G41/><T25/><D25/><U123/><E123/><V64/><F96/><W94/><REACH who="3" step="1"/><G101/><REACH who="3" ten="240,250,250,240" step="2"/><T72/><D72/><U16/><E53/><V77/><F77/><W112/><G112/><T7/><D7/><U84/><E100/><V3/><F3/><W87/><G87/><T49/><D49/><U51/><E51/><V82/><F86/><W114/><G114/><T27/><AGARI ba="0,2" hai="14,17,19,22,23,27,50,52,56,91,92,99,129,131" machi="27" ten="30,6000,0" yaku="1,1,0,1,54,1,53,0" doraHai="63" doraHaiUra="34" who="0" fromWho="0" sc="240,80,250,-20,250,-20,240,-20" /><INIT seed="0,1,0,4,2,73" ten="320,230,230,220" oya="0" hai0="80,6,134,19,15,132,62,23,112,32,63,12,96" hai1="98,99,69,123,20,65,13,44,54,83,106,76,2" hai2="55,129,26,82,58,131,116,120,21,17,64,90,97" hai3="30,38,125,107,53,33,104,126,39,43,31,127,25"/><T35/><D112/><U36/><E2/><V22/><F120/><W48/><G43/><T59/><D96/><U56/><E123/><V93/><F116/><W128/><G128/><T91/><D6/><U28/><E69/><V111/><F111/><W34/><G48/><T89/><D12/><U24/><E106/><N who="3" m="40490" /><G53/><T51/><D51/><U40/><E65/><V109/><F109/><W70/><G70/><T42/><D42/><U86/><REACH who="1" step="1"/><E13/><REACH who="1" ten="320,220,230,220" step="2"/><V130/><F64/><W103/><G103/><T135/><D135/><U121/><E121/><V8/><F22/><W94/><G94/><T7/><D132/><U41/><E41/><V133/><F133/><W92/><G92/><T74/><D134/><U110/><E110/><V88/><F8/><W81/><G81/><T124/><D15/><U119/><E119/><V45/><F82/><W50/><G50/><AGARI ba="1,1" hai="20,24,28,36,40,44,50,54,56,76,83,86,98,99" machi="50" ten="30,3900,0" yaku="1,1,7,1,52,1,53,0" doraHai="73" doraHaiUra="4" who="1" fromWho="3" sc="320,0,220,52,230,0,220,-42" /><INIT seed="1,0,0,4,3,120" ten="320,272,230,178" oya="1" hai0="73,36,63,95,34,40,23,133,29,82,96,25,62" hai1="84,8,42,132,59,123,24,1,101,86,50,109,94" hai2="4,119,20,0,135,49,7,58,33,22,32,126,16" hai3="98,97,57,77,129,80,51,68,114,43,55,104,66"/><U53/><E123/><V46/><F119/><W21/><G129/><T56/><D133/><U88/><E132/><V17/><F135/><W116/><G114/><T37/><D34/><N who="2" m="13418" /><F58/><W12/><G116/><T117/><D117/><U111/><E101/><V91/><F49/><W89/><G104/><T134/><D134/><U93/><E42/><V75/><F46/><W2/><G2/><T65/><D40/><U47/><E24/><N who="2" m="14343" /><F91/><W39/><G89/><T87/><D73/><U52/><E8/><N who="2" m="2055" /><F75/><W67/><G67/><T113/><D113/><U28/><E1/><V105/><F105/><W13/><G21/><T45/><D45/><U99/><E28/><V60/><F60/><N who="3" m="40007" /><G98/><T83/><D63/><U102/><REACH who="1" step="1"/><E86/><REACH who="1" ten="320,262,230,178" step="2"/><V110/><F7/><W70/><G97/><T3/><D29/><U108/><E108/><V19/><F110/><W90/><G43/><T92/><D96/><U6/><E6/><V30/><F126/><W72/><G39/><T48/><D37/><U15/><E15/><V130/><F130/><W85/><G72/><T61/><D36/><U11/><E11/><V118/><F118/><W125/><G125/><T44/><D87/><U131/><E131/><V78/><F78/><W38/><G77/><T14/><D3/><U18/><E18/><V124/><F124/><W100/><G38/><T112/><D14/><N who="3" m="5737" /><G100/><T103/><D103/><U26/><E26/><AGARI ba="0,1" hai="17,19,22,26,30" m="2055,14343,13418" machi="26" ten="30,12000,2" yaku="35,5,54,1" doraHai="120" who="2" fromWho="1" sc="320,0,262,-120,230,130,178,0" /><INIT seed="2,0,0,4,1,28" ten="320,142,360,178" oya="2" hai0="59,69,25,93,84,105,124,68,52,121,33,99,118" hai1="3,78,30,0,112,5,123,125,29,62,18,119,42" hai2="88,83,73,96,100,80,1,31,101,6,97,109,51" hai3="47,50,95,81,70,72,77,122,116,106,40,107,38"/><V131/><F131/><W12/><G116/><T63/><D121/><U104/><E104/><V67/><F67/><W71/><G122/><T27/><D118/><U57/><E123/><V26/><F51/><W103/><G12/><T39/><D39/><U117/><E112/><V37/><F37/><W60/><G38/><T17/><D124/><U128/><E42/><V102/><F109/><W20/><G20/><T32/><D84/><U127/><E78/><V8/><F73/><W41/><G41/><T45/><D105/><U48/><E48/><V58/><F58/><W85/><G60/><T36/><D68/><U55/><E18/><V54/><F54/><W23/><G23/><T135/><D135/><U86/><E86/><V92/><REACH who="2" step="1"/><F96/><REACH who="2" ten="320,142,350,178" step="2"/><N who="3" m="61799" /><G107/><T108/><D108/><U82/><E119/><V10/><F10/><W7/><G70/><T34/><D69/><U16/><E117/><V13/><F13/><W130/><G71/><T129/><D129/><U113/><E55/><V46/><F46/><W44/><G47/><T22/><D36/><U43/><E128/><V11/><F11/><W53/><G130/><T98/><D45/><U89/><E57/><V76/><F76/><W91/><G53/><T61/><D61/><U19/><E43/><V66/><F66/><W87/><G72/><T4/><D4/><U110/><E5/><V120/><F120/><W111/><G7/><T56/><D99/><U64/><E62/><V126/><F126/><W2/><G111/><T35/><D59/><U133/><E110/><V90/><F90/><N who="3" m="53711" /><G77/><T114/><D114/><U24/><E113/><RYUUKYOKU ba="0,1" sc="320,-15,142,-15,350,15,178,15" hai2="1,6,8,26,31,80,83,88,92,97,100,101,102" hai3="2,40,44,50,81,87,91" /><INIT seed="2,1,1,5,1,68" ten="305,127,365,193" oya="2" hai0="128,57,131,10,70,60,88,21,130,110,76,113,89" hai1="14,58,104,129,106,23,1,63,108,112,59,22,24" hai2="50,16,125,121,117,135,77,100,123,47,84,83,19" hai3="39,45,124,96,92,64,80,38,109,111,53,134,46"/><V65/><F117/><W132/><G124/><T105/><D113/><U86/><E112/><V69/><F125/><W114/><G114/><T32/><D32/><U31/><E1/><V4/><F135/><N who="3" m="51755" /><G64/><T75/><D110/><N who="3" m="41993" /><G80/><N who="0" m="45087" /><D105/><U56/><E108/><V2/><F100/><N who="3" m="60423" /><G46/><T81/><D70/><U8/><E129/><V122/><F65/><W67/><G67/><N who="0" m="39311" /><D81/><U71/><E63/><V44/><F69/><W78/><G78/><T95/><D95/><U79/><E71/><V40/><REACH who="2" step="1"/><F44/><REACH who="2" ten="305,127,355,193" step="2"/><W51/><AGARI ba="1,2" hai="38,39,45,51,53" m="60423,41993,51755" machi="51" ten="40,8000,1" yaku="20,1,14,1,52,2" doraHai="68" who="3" fromWho="3" sc="305,-21,127,-21,355,-41,193,103" /><INIT seed="3,0,0,4,2,18" ten="284,106,314,296" oya="3" hai0="83,16,54,124,93,34,89,105,80,51,131,99,32" hai1="88,107,109,84,66,132,106,41,50,120,55,6,28" hai2="85,25,11,45,43,71,60,15,76,87,24,118,56" hai3="26,100,62,65,8,125,68,35,36,19,122,77,27"/><W110/><G122/><T37/><D37/><U108/><E120/><V103/><F71/><W74/><G125/><T38/><D38/><U47/><E66/><N who="2" m="39175" /><F103/><W21/><G36/><T2/><D124/><U91/><E6/><N who="2" m="3575" /><F118/><W117/><G117/><T82/><D2/><U46/><E132/><V13/><F13/><W98/><G110/><T90/><D131/><U64/><E64/><V22/><F76/><W111/><G111/><T17/><D105/><U40/><E28/><N who="2" m="17431" /><F25/><W23/><G35/><T101/><D34/><U135/><E135/><V52/><F43/><W126/><G126/><T95/><D32/><U133/><E133/><V7/><F7/><W53/><G8/><T104/><D104/><U119/><E119/><V9/><F9/><W12/><G23/><T128/><D128/><U114/><E114/><V112/><F112/><W5/><G5/><T59/><D101/><U39/><E39/><V31/><F31/><W121/><G121/><T4/><D4/><U92/><E50/><AGARI ba="0,0" hai="45,50,52,85,87" m="17431,3575,39175" machi="50" ten="30,3900,0" yaku="8,1,52,1,54,1" doraHai="18" who="2" fromWho="1" sc="284,0,106,-39,314,39,296,0" owari="284,-11.6,67,-43.3,353,45.3,296,9.6" /></mjloggm>