<mjloggm ver="2.3"><GO type="225" lobby="0"/><UN n0="%E3%82%B7%E3%83%B3%E5%A4%AA%E6%9C%97" n1="%E3%81%8C%E3%81%9F" n2="%E3%81%8B%E3%82%8F%E3%81%A1%E3%82%83%E3%82%93%35%38" n3="%54%4F%52" dan="16,16,16,17" rate="2131.49,2134.82,2094.36,2268.89" sx="M,F,M,M"/><TAIKYOKU oya="0"/><INIT seed="0,0,0,5,5,35" ten="250,250,250,250" oya="0" hai0="3,13,71,92,72,100,65,2,14,116,50,119,77" hai1="62,126,80,31,108,135,27,20,1,129,103,74,51" hai2="67,127,29,112,28,58,86,117,22,7,53,55,93" hai3="37,94,11,30,42,4,25,85,96,121,107,88,76"/><T81/><D65/><U40/><E108/><V120/><F120/><W70/><G121/><T19/><D71/><U79/><E129/><V124/><F112/><W46/><G70/><T10/><D50/><U21/><E126/><N who="2" m="48171" /><F117/><W109/><G109/><T59/><D59/><U115/><E115/><V75/><F75/><W110/><G110/><T36/><D36/><U82/><E135/><V63/><F7/><W45/><G45/><T132/><D132/><U24/><E103/><V128/><F128/><W102/><G76/><T90/><D100/><U118/><E118/><V12/><F12/><W0/><G25/><T123/><D123/><U73/><E62/><V8/><F8/><W114/><REACH who="3" step="1"/><G30/><REACH who="3" ten="250,250,250,240" step="2"/><T78/><D78/><U57/><E79/><V98/><F29/><W61/><G61/><T134/><D134/><U89/><E57/><V54/><F28/><W33/><G33/><T125/><D125/><U16/><E74/><V83/><F63/><W111/><G111/><T26/><D26/><U47/><E73/><V60/><F67/><W18/><G18/><T130/><D130/><U49/><E31/><V34/><F34/><W5/><G5/><T69/><D69/><U131/><E27/><V39/><F60/><W15/><G15/><T99/><REACH who="0" step="1"/><D14/><REACH who="0" ten="240,250,250,240" step="2"/><U48/><E24/><V84/><F58/><W38/><G38/><T64/><D64/><U101/><E131/><V106/><F39/><W113/><AGARI ba="0,2" hai="0,4,11,37,42,46,85,88,94,96,102,107,113,114" machi="113" ten="30,8000,1" yaku="1,1,0,1,52,1,54,1,53,1" doraHai="35" doraHaiUra="91" who="3" fromWho="3" sc="240,-40,250,-20,250,-20,240,100" /><INIT seed="1,0,0,2,0,111" ten="200,230,230,340" oya="1" hai0="87,10,120,79,83,105,21,122,9,57,70,102,97" hai1="11,33,98,55,64,93,74,63,68,116,39,38,32" hai2="23,8,49,1,72,104,110,88,67,4,29,59,124" hai3="62,100,128,99,96,107,42,77,101,15,125,126,66"/><U22/><E116/><V30/><F110/><W69/><G128/><T95/><D70/><U123/><E123/><V28/><F104/><W109/><G109/><T89/><D57/><U34/><E74/><V103/><F72/><W17/><G42/><T61/><D61/><U135/><E135/><V44/><F103/><W131/><G131/><T35/><D35/><U20/><E11/><V113/><F124/><W19/><G77/><T12/><D21/><U91/><REACH who="1" step="1"/><E55/><REACH who="1" ten="200,220,230,340" step="2"/><V73/><F73/><W43/><G126/><T78/><D9/><U81/><E81/><V75/><F75/><W114/><G125/><T16/><REACH who="0" step="1"/><D78/><REACH who="0" ten="190,220,230,340" step="2"/><U121/><E121/><V26/><F8/><W80/><G107/><T6/><D6/><U3/><E3/><V76/><F1/><W25/><G80/><T134/><D134/><U132/><E132/><V52/><F4/><W51/><G66/><T48/><D48/><U129/><E129/><V58/><F76/><W41/><G51/><T2/><D2/><U0/><E0/><V54/><F67/><W46/><G62/><T18/><D18/><U50/><E50/><V108/><F108/><W112/><G19/><T86/><AGARI ba="0,2" hai="10,12,16,79,83,86,87,89,95,97,102,105,120,122" machi="86" ten="30,4000,0" yaku="1,1,0,1,54,1,53,0" doraHai="111" doraHaiUra="24" who="0" fromWho="0" sc="190,60,220,-20,230,-10,340,-10" /><INIT seed="2,0,0,3,5,31" ten="250,200,220,330" oya="2" hai0="118,86,119,3,81,18,42,105,114,101,123,38,55" hai1="98,48,6,77,19,30,16,2,125,14,110,128,15" hai2="126,94,22,97,132,39,58,60,129,102,89,109,52" hai3="49,51,75,108,46,26,122,104,83,134,130,24,79"/><V133/><F39/><W36/><G122/><T64/><D114/><U68/><E68/><V11/><F126/><W13/><G104/><T62/><D123/><U17/><E77/><V25/><F129/><W131/><G108/><T87/><D3/><U69/><E69/><V100/><F109/><W113/><G113/><T45/><D55/><U74/><E110/><V59/><F11/><W44/><G13/><T35/><D35/><U124/><E74/><V33/><F33/><W76/><G36/><T61/><D18/><N who="1" m="6667" /><E48/><V116/><F116/><N who="0" m="44586" /><D81/><U63/><E63/><N who="0" m="24073" /><D64/><U5/><E98/><AGARI ba="0,0" hai="38,42,45,86,87,98,101,105" m="24073,44586" machi="98" ten="30,1000,0" yaku="12,1" doraHai="31" who="0" fromWho="1" sc="250,10,200,-10,220,0,330,0" /><INIT seed="3,0,0,2,1,130" ten="260,190,220,330" oya="3" hai0="23,73,61,15,60,49,109,7,97,92,133,87,41" hai1="35,8,45,131,100,112,120,29,31,89,96,30,94" hai2="13,107,80,58,53,93,24,48,44,74,126,19,54" hai3="104,113,55,2,64,116,20,79,83,111,34,59,43"/><W134/><G34/><T119/><D73/><U3/><E120/><V103/><F126/><W36/><G2/><T62/><D109/><U10/><E112/><V39/><F107/><W11/><G104/><T135/><D119/><U129/><E35/><V26/><F74/><W88/><G11/><N who="0" m="4607" /><D23/><U125/><E125/><V76/><F39/><W101/><G64/><T32/><D32/><U50/><E3/><V122/><F122/><W42/><G101/><N who="0" m="60583" /><D87/><U52/><REACH who="1" step="1"/><E100/><REACH who="1" ten="260,180,220,330" step="2"/><V37/><F103/><W95/><G113/><T63/><D135/><U110/><E110/><V6/><F6/><W27/><G134/><T66/><D133/><U102/><E102/><V38/><F38/><W75/><G36/><T28/><D66/><U99/><E99/><V69/><F69/><W127/><G127/><T105/><D105/><U51/><E51/><N who="2" m="31039" /><F37/><W81/><G111/><T115/><D115/><U46/><E46/><V128/><F128/><AGARI ba="0,1" hai="8,10,29,30,31,45,50,52,89,94,96,128,129,131" machi="128" ten="40,5200,0" yaku="1,1,19,1,54,1,53,0" doraHai="130" doraHaiUra="123" who="1" fromWho="2" sc="260,0,180,62,220,-52,330,0" owari="260,6.0,242,-15.8,168,-33.2,330,43.0" /></mjloggm>