<mjloggm ver="2.3"><GO type="225" lobby="0"/><UN n0="%E7%89%B9%E6%9D%B1%E3%81%AF%E4%B8%96%E7%95%8C%E3%82%92%E6%95%91%E3%81%86" n1="%43%E3%82%A8%E3%83%BC%E3%82%B8%E3%82%A7%E3%83%B3%E3%83%88" n2="%E6%9D%B1%E9%A2%A8%E3%81%AE%E3%81%8D%E3%82%83%E3%81%B7%E3%81%95%E3%82%93" n3="%E3%82%BC%E3%83%AB%E3%83%80%E3%81%AE%E4%BC%9D%E8%AA%AC" dan="16,16,17,18" rate="2053.56,2119.49,2162.96,2251.70" sx="M,M,M,M"/><TAIKYOKU oya="0"/><INIT seed="0,0,0,0,1,13" ten="250,250,250,250" oya="0" hai0="127,19,60,114,52,54,2,23,118,92,93,14,74" hai1="107,135,6,29,123,91,15,80,103,78,73,129,121" hai2="68,95,22,32,76,84,43,79,61,108,81,51,0" hai3="119,89,64,40,126,53,120,115,21,88,67,66,45"/><T20/><D114/><U39/><E39/><V62/><F32/><W56/><G115/><T94/><D118/><U36/><E36/><V24/><F0/><W11/><G119/><T17/><D127/><U125/><E29/><V46/><F108/><W72/><G126/><T116/><D116/><U7/><E7/><V122/><F122/><W112/><G112/><T130/><D130/><U58/><E58/><V1/><F1/><W69/><G72/><T98/><D74/><U111/><E125/><V77/><F95/><N who="0" m="36426" /><D60/><U97/><E111/><V27/><F27/><W4/><G69/><T57/><D57/><U44/><E44/><V132/><F132/><W124/><G120/><T41/><D41/><U28/><E28/><V55/><F68/><W113/><G113/><T10/><D2/><U59/><E59/><V117/><F117/><W18/><G124/><T70/><D70/><U49/><E49/><V63/><REACH who="2" step="1"/><F43/><REACH who="2" ten="250,250,240,250" step="2"/><W83/><G40/><T8/><D23/><U110/><E110/><V12/><F12/><W90/><G83/><T100/><D8/><N who="1" m="4503" /><E135/><V3/><F3/><W26/><G11/><T47/><D47/><U106/><E129/><V71/><F71/><W99/><G45/><T86/><D86/><U85/><E107/><V37/><F37/><W87/><G87/><T34/><D34/><U50/><E123/><V35/><F35/><W75/><G75/><T65/><D65/><U30/><E121/><V128/><F128/><W101/><G66/><T109/><D109/><U48/><E106/><V134/><F134/><W104/><G67/><T131/><D131/><RYUUKYOKU ba="0,1" sc="250,15,250,-15,240,15,250,-15" hai0="10,14,17,19,20,52,54,94,98,100" hai2="22,24,46,51,55,61,62,63,76,77,79,81,84" /><INIT seed="0,1,1,2,0,133" ten="265,235,255,235" oya="0" hai0="15,43,58,54,14,66,3,130,70,21,101,46,90" hai1="76,13,25,49,94,34,53,63,2,51,114,79,81" hai2="40,60,74,12,78,37,45,27,17,62,96,47,72" hai3="52,67,65,112,64,59,110,98,88,77,106,119,93"/><T102/><D3/><U8/><E2/><V117/><F117/><W35/><G112/><T22/><D130/><U135/><E114/><V36/><F27/><W99/><G119/><T24/><D66/><U28/><E135/><V75/><F96/><W30/><G110/><T91/><D70/><U129/><E129/><V61/><F78/><W107/><G77/><T85/><D46/><U125/><E94/><V121/><F121/><W7/><G7/><T84/><D24/><U0/><E0/><V128/><F128/><W31/><G35/><T111/><D58/><U116/><E79/><V71/><F71/><W132/><G132/><T89/><D111/><U118/><E51/><V68/><F68/><W1/><G1/><T20/><D54/><U9/><E9/><V83/><F83/><W134/><G134/><T86/><D43/><U103/><E103/><AGARI ba="1,1" hai="14,15,20,21,22,84,85,86,89,90,91,101,102,103" machi="103" ten="50,12000,1" yaku="29,2,28,2,8,1" doraHai="133" who="0" fromWho="1" sc="265,133,235,-123,255,0,235,0" /><INIT seed="0,2,0,4,3,64" ten="398,112,255,235" oya="0" hai0="77,60,57,13,51,105,43,10,106,53,129,125,103" hai1="25,67,135,80,46,78,133,47,9,82,75,56,15" hai2="116,1,37,110,50,118,42,23,121,120,35,66,70" hai3="63,65,58,18,68,41,99,113,0,52,3,122,59"/><T128/><D77/><U19/><E82/><V107/><F35/><W86/><G113/><T2/><D2/><U114/><E114/><V21/><F1/><W29/><G122/><N who="2" m="47209" /><F107/><W62/><G29/><T98/><D125/><U17/><E67/><V22/><F22/><W91/><G41/><T111/><D111/><U4/><E56/><V81/><F81/><W24/><G59/><T76/><D76/><U130/><E130/><N who="0" m="50281" /><D106/><U30/><E47/><N who="2" m="24015" /><F110/><W36/><G36/><T48/><D43/><U79/><E46/><V101/><F101/><W31/><G18/><AGARI ba="2,0" hai="10,13,18,48,51,53,57,60,98,103,105" m="50281" machi="18" ten="30,1500,0" yaku="19,1" doraHai="64" who="0" fromWho="3" sc="398,21,112,0,255,0,235,-21" /><INIT seed="0,3,0,1,5,62" ten="419,112,255,214" oya="0" hai0="78,135,30,92,83,45,122,98,15,17,25,69,128" hai1="0,10,8,73,127,37,120,23,61,117,56,12,125" hai2="104,81,2,75,54,34,42,39,112,95,9,36,29" hai3="19,126,133,106,18,123,52,85,105,94,38,114,99"/><T14/><D122/><U82/><E117/><V51/><F95/><W97/><G114/><T107/><D107/><U129/><E37/><V116/><F112/><W87/><G38/><T76/><D128/><U57/><E120/><V49/><F116/><W70/><G123/><T93/><D135/><U43/><E43/><V134/><F104/><W41/><G94/><T59/><D69/><U55/><E129/><V101/><F101/><W63/><G41/><T1/><D1/><U110/><E110/><V46/><F134/><W16/><G133/><T58/><D45/><U80/><E0/><V28/><F34/><W115/><G115/><T21/><D14/><U109/><E109/><V68/><F68/><W5/><G5/><T91/><D92/><U24/><E8/><V124/><F124/><N who="1" m="47689" /><E57/><V53/><F36/><W113/><G113/><T86/><REACH who="0" step="1"/><D76/><REACH who="0" ten="409,112,255,214" step="2"/><U64/><E12/><V72/><F2/><W31/><G126/><T33/><AGARI ba="3,1" hai="15,17,21,25,30,33,58,59,78,83,86,91,93,98" machi="33" ten="20,7800,0" yaku="1,1,2,1,0,1,7,1,53,0" doraHai="62" doraHaiUra="66" who="0" fromWho="0" sc="409,97,112,-29,255,-29,214,-29" /><INIT seed="0,4,0,3,0,119" ten="506,83,226,185" oya="0" hai0="120,128,49,82,8,113,33,68,135,115,79,40,5" hai1="36,0,31,14,132,70,106,109,77,11,117,48,130" hai2="30,52,13,45,126,32,60,34,93,101,125,44,107" hai3="96,103,71,3,83,104,26,58,80,47,129,134,105"/><T121/><D68/><U88/><E36/><V22/><F107/><W108/><G71/><T53/><D33/><U90/><E0/><V131/><F131/><W12/><G3/><T46/><D128/><U25/><E117/><V1/><F1/><W27/><G129/><T91/><D91/><U84/><E106/><V76/><F76/><W59/><G12/><N who="0" m="5135" /><D53/><U98/><E70/><V50/><F60/><W100/><G47/><T55/><D55/><U19/><E132/><V17/><F44/><W95/><G95/><T51/><D51/><U78/><E48/><V61/><F61/><W123/><G96/><T69/><D69/><U24/><E24/><V29/><F32/><W39/><G39/><T73/><D73/><U7/><E7/><V89/><F101/><W6/><G6/><T37/><D135/><U9/><E9/><V85/><REACH who="2" step="1"/><F34/><REACH who="2" ten="506,83,216,185" step="2"/><W127/><G134/><T86/><D37/><U110/><E130/><V10/><F10/><W66/><G100/><T112/><AGARI ba="4,1" hai="40,46,49,79,82,86,112,113,115,120,121" m="5135" machi="112" ten="30,6000,0" yaku="25,1,52,2" doraHai="119" who="0" fromWho="0" sc="506,82,83,-24,216,-24,185,-24" /><INIT seed="0,5,0,5,3,102" ten="588,59,192,161" oya="0" hai0="21,101,110,43,24,20,23,125,111,48,6,70,11" hai1="91,53,52,113,15,85,33,105,39,61,25,60,94" hai2="30,97,31,47,116,19,18,41,17,29,98,126,92" hai3="12,88,127,104,75,129,119,59,69,4,22,64,13"/><T58/><D70/><U79/><E113/><V73/><F73/><W40/><G119/><T28/><D125/><U56/><E39/><V32/><F126/><W71/><G75/><T134/><D101/><U96/><E79/><V114/><F116/><W45/><G127/><T3/><D134/><U72/><E72/><V81/><F114/><W109/><G104/><T100/><D100/><U66/><E15/><V90/><F32/><W36/><G109/><N who="0" m="41483" /><D43/><U93/><E105/><V62/><F62/><W2/><G129/><T7/><D7/><U63/><E25/><V122/><F122/><W99/><G2/><T50/><D58/><N who="1" m="37143" /><E33/><AGARI ba="5,0" hai="3,6,11,20,21,23,24,28,33,48,50" m="41483" machi="33" ten="30,2900,0" yaku="14,1,10,1" doraHai="102" who="0" fromWho="1" sc="588,44,59,-44,192,0,161,0" /><INIT seed="0,6,0,1,3,120" ten="632,15,192,161" oya="0" hai0="36,125,124,89,129,71,11,123,54,111,81,107,85" hai1="82,105,30,48,95,98,31,106,80,42,102,62,126" hai2="52,64,68,132,12,135,17,55,110,59,84,5,94" hai3="103,51,18,15,37,97,53,24,41,99,114,47,134"/><T65/><D123/><U7/><E126/><N who="0" m="48745" /><D36/><U10/><E62/><N who="2" m="39959" /><F110/><W72/><G114/><T40/><D40/><U20/><E106/><V101/><F5/><W57/><G134/><N who="2" m="51241" /><F59/><W60/><G72/><T33/><D33/><U86/><E105/><V46/><F46/><W38/><G24/><T108/><D129/><U73/><E73/><V67/><F67/><W127/><G127/><T39/><D39/><U16/><E48/><V74/><F74/><W2/><G2/><T118/><D118/><U1/><E42/><V23/><F101/><W26/><G26/><T112/><D112/><U133/><E133/><V50/><F50/><W96/><REACH who="3" step="1"/><G103/><REACH who="3" ten="632,15,192,151" step="2"/><T25/><D25/><U29/><REACH who="1" step="1"/><E86/><REACH who="1" ten="632,5,192,151" step="2"/><V27/><F84/><W34/><G34/><T43/><D85/><U130/><E130/><V49/><F49/><W119/><G119/><T44/><D108/><U109/><E109/><V91/><F91/><W28/><G28/><T0/><D111/><U113/><E113/><V8/><F94/><W92/><G92/><T76/><D89/><U115/><E115/><V79/><F79/><W104/><G104/><T78/><D107/><U117/><E117/><V83/><F83/><W122/><G122/><T21/><D81/><U88/><E88/><V56/><F55/><W77/><G77/><T116/><D54/><U3/><E3/><V90/><F90/><W58/><G58/><T63/><D116/><U4/><E4/><N who="2" m="3079" /><F52/><W70/><G70/><N who="0" m="42303" /><D78/><U87/><E87/><V61/><F56/><W66/><G66/><T45/><D76/><U75/><E75/><V9/><F61/><RYUUKYOKU ba="6,2" sc="632,-30,5,10,192,10,151,10" hai1="1,7,10,16,20,29,30,31,80,82,95,98,102" hai2="9,17,23,27" hai3="15,18,37,38,41,47,51,53,57,60,96,97,99" /><INIT seed="1,7,2,3,2,116" ten="602,15,202,161" oya="1" hai0="111,4,20,95,65,36,43,73,6,67,49,17,3" hai1="1,38,30,10,110,66,103,56,23,75,108,60,59" hai2="37,130,19,9,78,48,133,41,22,93,68,72,53" hai3="0,85,89,35,76,118,39,101,27,122,127,16,87"/><U84/><E75/><V63/><F133/><W5/><G122/><T25/><D36/><U42/><E103/><V98/><F130/><W105/><G39/><T52/><D73/><U131/><E131/><V113/><F113/><W24/><G118/><T97/><D43/><U44/><E84/><V91/><F9/><W119/><G119/><T109/><D3/><U77/><E77/><V86/><F72/><W50/><G35/><T83/><D83/><U13/><E59/><V121/><F121/><W134/><G134/><T33/><D33/><U40/><E42/><V21/><F37/><W15/><G0/><T132/><D132/><U61/><E61/><V62/><F41/><W47/><G5/><N who="0" m="2155" /><D109/><N who="1" m="42091" /><E1/><V34/><F68/><W32/><G101/><N who="0" m="60607" /><D111/><U71/><E71/><V11/><F63/><W88/><G105/><T14/><D14/><U115/><E115/><V102/><F78/><W104/><G104/><T2/><D2/><U69/><E69/><V82/><F62/><W7/><G7/><T45/><AGARI ba="7,2" hai="17,20,25,45,49,52,65,67" m="60607,2155" machi="45" ten="30,2000,0" yaku="8,1,54,1" doraHai="116" who="0" fromWho="0" sc="602,61,15,-17,202,-12,161,-12" owari="663,76.3,-2,-50.2,190,-1.0,149,-25.1" /></mjloggm>