<mjloggm ver="2.3"><GO type="225" lobby="0"/><UN n0="%E3%81%AF%E3%82%88%E3%81%8A%E3%81%98%E3%81%95%E3%82%93" n1="%E3%81%9F%E3%81%8B%E3%80%82" n2="%E3%81%B2%E3%81%AA%E3%81%AE%E3%82%8A%E3%81%8F" n3="%E6%81%A5%E6%99%92%E3%81%97" dan="17,16,16,16" rate="2185.75,2092.57,2113.08,2100.84" sx="M,M,M,M"/><TAIKYOKU oya="0"/><INIT seed="0,0,0,5,2,95" ten="250,250,250,250" oya="0" hai0="43,76,83,45,11,108,57,59,44,68,39,127,133" hai1="37,34,134,67,51,36,62,96,48,31,131,26,112" hai2="129,9,109,113,65,61,105,40,53,69,10,29,117" hai3="1,111,73,89,130,8,15,120,118,24,22,16,110"/><T126/><D68/><U104/><E112/><V90/><F113/><W14/><G73/><T55/><D133/><U56/><E134/><V49/><F109/><N who="3" m="41483" /><G118/><T74/><D108/><U35/><E35/><V121/><F121/><W78/><G78/><T63/><D45/><U88/><E131/><V116/><F129/><W17/><G130/><T41/><D41/><U84/><E104/><V32/><F105/><W70/><G70/><T123/><D123/><U79/><E37/><V114/><F114/><W87/><G120/><T6/><REACH who="0" step="1"/><D57/><REACH who="0" ten="240,250,250,250" step="2"/><U107/><E36/><V81/><F40/><W12/><G1/><AGARI ba="0,1" hai="1,6,11,39,43,44,55,59,63,74,76,83,126,127" machi="1" ten="40,12000,1" yaku="1,1,2,1,25,2,53,1" doraHai="95" doraHaiUra="50" who="0" fromWho="3" sc="240,130,250,0,250,0,250,-120" /><INIT seed="0,1,0,5,3,85" ten="370,250,250,130" oya="0" hai0="7,54,24,75,112,84,40,21,120,134,2,113,50" hai1="45,106,125,12,23,13,70,47,111,107,65,131,15" hai2="90,56,26,14,35,41,74,81,60,22,55,80,110" hai3="20,115,89,100,63,0,5,33,101,93,78,42,123"/><T3/><D75/><U95/><E125/><V76/><F110/><W133/><G115/><T27/><D120/><U129/><E95/><V83/><F41/><W79/><G33/><T99/><D134/><U18/><E70/><V109/><F109/><W4/><G133/><T67/><D40/><U38/><E65/><V82/><F35/><W94/><G123/><T126/><D126/><U118/><E118/><V10/><F74/><W58/><G42/><T16/><D67/><U91/><E111/><V86/><F76/><W19/><G0/><T17/><D99/><U51/><E38/><V68/><F68/><W105/><G105/><T44/><D84/><U114/><E114/><V9/><REACH who="2" step="1"/><F14/><REACH who="2" ten="370,250,240,130" step="2"/><W66/><G79/><T88/><D2/><U25/><E129/><V36/><F36/><W53/><G78/><T52/><D112/><U64/><E131/><V119/><F119/><W43/><G43/><T72/><D72/><U77/><E77/><V11/><F11/><W128/><G128/><T102/><D113/><U116/><E116/><V48/><F48/><W104/><G104/><T103/><D3/><U96/><E107/><V34/><F34/><W59/><G101/><T97/><D102/><U1/><E1/><V135/><F135/><W130/><G130/><T121/><D103/><U31/><E106/><V124/><F124/><W30/><G100/><T127/><D127/><U62/><E51/><V37/><F37/><W49/><G49/><T69/><D69/><U39/><E39/><V71/><F71/><W28/><G63/><T132/><D132/><U98/><E62/><RYUUKYOKU ba="1,1" sc="370,-10,250,-10,240,30,130,-10" hai2="9,10,22,26,55,56,60,80,81,82,83,86,90" /><INIT seed="1,2,1,2,0,53" ten="360,240,270,120" oya="1" hai0="69,42,120,15,61,51,134,121,74,21,70,26,41" hai1="13,133,102,8,127,109,28,6,34,5,20,101,66" hai2="90,64,48,107,62,46,76,95,18,35,73,113,91" hai3="85,9,129,71,45,86,68,88,37,25,72,24,84"/><U124/><E66/><V89/><F107/><W110/><G72/><T44/><D74/><U105/><E105/><V65/><F35/><W0/><G110/><T3/><D3/><N who="1" m="63" /><E102/><V58/><F113/><W27/><G129/><T104/><D104/><U47/><E47/><V135/><F135/><W32/><G32/><T112/><D112/><U39/><E101/><V55/><F65/><W115/><G115/><T63/><D41/><U10/><E39/><V87/><REACH who="2" step="1"/><F18/><REACH who="2" ten="360,240,260,120" step="2"/><W123/><G123/><T14/><D134/><U54/><E133/><V114/><F114/><W22/><G71/><T116/><D70/><U119/><E119/><V38/><F38/><W92/><G68/><T17/><D116/><U117/><E117/><V36/><F36/><W81/><G37/><T23/><D69/><U12/><E109/><V97/><F97/><W2/><G2/><T106/><D106/><U56/><E34/><V57/><F57/><W78/><G0/><T82/><D121/><U122/><E122/><V7/><F7/><W128/><G128/><T40/><D120/><U111/><E111/><V19/><F19/><W43/><G45/><T132/><D44/><U108/><E108/><V59/><F59/><W16/><G16/><T50/><D132/><U125/><E28/><V33/><F33/><W99/><G99/><T96/><D96/><U93/><E56/><V126/><F126/><W11/><G78/><T30/><D30/><U49/><E125/><V80/><AGARI ba="2,2" hai="46,48,55,58,62,64,73,76,80,87,89,90,91,95" machi="80" ten="30,4000,0" yaku="1,1,0,1,52,1,53,0" doraHai="53" doraHaiUra="118" who="2" fromWho="2" sc="360,-12,240,-22,260,66,120,-12" /><INIT seed="2,0,0,5,2,125" ten="348,218,326,108" oya="2" hai0="99,58,92,117,130,38,73,26,52,80,44,27,57" hai1="1,15,62,51,20,95,105,21,127,8,49,87,24" hai2="53,42,115,84,106,96,7,74,103,123,132,4,65" hai3="89,70,131,81,60,98,79,122,119,110,34,124,59"/><V111/><F123/><W2/><G119/><T0/><D0/><U31/><E105/><V93/><F115/><W46/><G122/><T69/><D69/><U77/><E1/><V13/><F65/><W35/><G124/><T107/><D107/><U50/><E127/><V112/><F112/><W32/><G70/><T85/><D73/><U75/><E75/><V55/><F132/><W19/><G2/><T108/><D108/><U116/><E116/><V129/><F74/><W67/><G110/><T5/><D5/><U6/><E62/><V54/><F111/><W12/><G46/><T86/><D117/><U28/><E28/><V3/><F3/><W109/><G109/><T100/><D86/><U133/><E133/><V97/><F84/><W102/><G89/><T114/><D114/><U14/><E14/><V33/><F33/><W48/><G48/><N who="0" m="28679" /><D38/><U120/><E120/><V30/><F30/><W83/><G131/><T66/><D130/><U91/><REACH who="1" step="1"/><E77/><REACH who="1" ten="348,208,326,108" step="2"/><V78/><F78/><W104/><REACH who="3" step="1"/><G79/><REACH who="3" ten="348,208,326,98" step="2"/><N who="0" m="46239" /><D58/><U72/><E72/><V18/><F129/><W88/><G88/><T64/><D57/><U41/><E41/><V126/><F42/><W68/><G68/><T61/><D61/><U16/><E16/><V23/><REACH who="2" step="1"/><F126/><REACH who="2" ten="348,208,316,98" step="2"/><W40/><G40/><T118/><D118/><U36/><E36/><V94/><F94/><W47/><G47/><T29/><D29/><U56/><E56/><V135/><F135/><W43/><G43/><T63/><D92/><U22/><AGARI ba="0,3" hai="6,8,15,20,21,22,24,31,49,50,51,87,91,95" machi="22" ten="30,12000,2" yaku="1,1,0,1,8,1,53,3" doraHai="125" doraHaiUra="17" who="1" fromWho="1" sc="348,-30,208,150,316,-60,98,-30" /><INIT seed="3,0,0,4,3,76" ten="318,358,256,68" oya="3" hai0="42,41,24,25,52,95,82,44,55,132,102,127,2" hai1="30,27,3,53,36,20,18,14,128,73,65,58,33" hai2="64,78,135,29,101,94,7,114,83,39,8,12,110" hai3="81,99,15,40,100,105,47,104,6,80,71,37,107"/><W56/><G71/><T111/><D2/><U106/><E106/><V79/><F110/><W31/><G31/><T49/><D111/><U48/><E36/><V131/><F39/><W92/><REACH who="3" step="1"/><G56/><REACH who="3" ten="318,358,256,58" step="2"/><T38/><D127/><U21/><E58/><V115/><F29/><W70/><G70/><T97/><D132/><U120/><E30/><V13/><F135/><W59/><G59/><T124/><D124/><U86/><E120/><V122/><F122/><W34/><G34/><T51/><D38/><U61/><E33/><V121/><F121/><W125/><G125/><T90/><D42/><U96/><E128/><V60/><F131/><W117/><G117/><T112/><D112/><U133/><E133/><V66/><F115/><W130/><G130/><T116/><D116/><U67/><E65/><V88/><F66/><W26/><G26/><T123/><D123/><U75/><E67/><V103/><F114/><W84/><G84/><N who="0" m="50455" /><D41/><U77/><E86/><V129/><F129/><W113/><G113/><T45/><AGARI ba="0,1" hai="24,25,44,45,49,51,52,55,95,97,102" m="50455" machi="45" ten="30,4000,0" yaku="8,1,52,1,54,1" doraHai="76" who="0" fromWho="0" sc="318,50,358,-10,256,-10,58,-20" owari="368,46.8,348,14.8,246,-15.4,38,-46.2" /></mjloggm>