<mjloggm ver="2.3"><GO type="225" lobby="0"/><UN n0="%6D%75%75%6D%75%72%61" n1="%38%63%E3%81%AF%E3%81%A3%E3%81%97%E3%83%BC" n2="%73%6C%69%63%6B%33%31%39" n3="%72%61%6B%33" dan="16,16,16,17" rate="2153.67,2113.16,2130.67,2215.98" sx="F,M,M,M"/><TAIKYOKU oya="0"/><INIT seed="0,0,0,2,1,6" ten="250,250,250,250" oya="0" hai0="24,98,131,27,17,55,21,7,75,89,117,110,125" hai1="57,14,33,18,60,46,40,111,0,11,133,29,22" hai2="44,34,106,74,52,122,51,94,63,8,84,62,10" hai3="42,3,5,81,47,128,121,108,26,100,13,102,45"/><T58/><D117/><U61/><E111/><V85/><F74/><W16/><G108/><T23/><D110/><U15/><E133/><V37/><F106/><W79/><G128/><T30/><D131/><U90/><E0/><V39/><F34/><W76/><G121/><T119/><D119/><U48/><E33/><V68/><F122/><W97/><G47/><T92/><D125/><U112/><E112/><V126/><F126/><W73/><G79/><T54/><D75/><U120/><E120/><V115/><F115/><W109/><G26/><T43/><D43/><U67/><E29/><V93/><F39/><W19/><G109/><T113/><D113/><U105/><E105/><V41/><F37/><N who="3" m="21711" /><G13/><T59/><D7/><U86/><E60/><N who="2" m="23083" /><F41/><W129/><G129/><T130/><REACH who="0" step="1"/><D130/><REACH who="0" ten="240,250,250,250" step="2"/><U91/><REACH who="1" step="1"/><E86/><REACH who="1" ten="240,240,250,250" step="2"/><N who="2" m="33387" /><F68/><W36/><G73/><T101/><D101/><U103/><E103/><V69/><F69/><W65/><G102/><T123/><D123/><U4/><AGARI ba="0,2" hai="4,11,14,15,18,22,40,46,48,57,61,67,90,91" machi="4" ten="20,8000,1" yaku="1,1,0,1,7,1,8,1,52,1,53,0" doraHai="6" doraHaiUra="134" who="1" fromWho="1" sc="240,-40,240,100,250,-20,250,-20" /><INIT seed="1,0,0,3,0,100" ten="200,340,230,230" oya="1" hai0="70,0,59,43,16,88,30,115,96,64,128,41,56" hai1="1,94,7,50,99,102,83,107,106,120,46,67,76" hai2="86,130,15,31,84,13,112,72,77,37,113,135,22" hai3="54,101,51,10,5,2,49,81,91,23,82,68,93"/><U3/><E120/><V122/><F122/><W79/><G68/><T24/><D115/><N who="2" m="44106" /><F37/><W11/><G11/><T90/><D128/><U124/><E124/><V58/><F130/><W133/><G133/><T95/><D70/><U65/><E67/><V118/><F118/><W114/><G114/><T125/><D0/><U63/><E1/><V52/><F135/><W35/><G35/><T92/><D125/><U25/><E25/><N who="2" m="16823" /><F72/><W21/><G101/><T57/><D64/><U8/><E65/><V109/><F109/><W40/><G40/><T61/><D61/><U27/><E63/><N who="2" m="36295" /><F77/><W123/><G123/><T69/><D69/><U55/><REACH who="1" step="1"/><E27/><REACH who="1" ten="200,330,230,230" step="2"/><V108/><F108/><W47/><G2/><T132/><D132/><U103/><E103/><V53/><F53/><W38/><G54/><T134/><D134/><U48/><E48/><V9/><F13/><W36/><G51/><T117/><D117/><U26/><E26/><V71/><F71/><W20/><G49/><T60/><D60/><U116/><E116/><V78/><F78/><W75/><G79/><T44/><D30/><U80/><E80/><V127/><F127/><W42/><G82/><T98/><D44/><U74/><AGARI ba="0,1" hai="3,7,8,46,50,55,74,76,83,94,99,102,106,107" machi="74" ten="20,18000,2" yaku="1,1,0,1,7,1,52,2,53,1" doraHai="100" doraHaiUra="33" who="1" fromWho="1" sc="200,-60,330,190,230,-60,230,-60" /><INIT seed="1,1,0,1,4,3" ten="140,520,170,170" oya="1" hai0="5,66,1,132,70,17,109,8,44,48,56,84,39" hai1="11,87,86,81,121,64,119,37,88,61,75,78,6" hai2="26,77,12,108,120,60,91,74,116,14,33,21,71" hai3="95,7,111,49,101,99,100,107,40,15,129,131,67"/><U2/><E121/><V69/><F116/><W127/><G111/><T79/><D109/><U106/><E119/><V16/><F120/><W45/><G127/><T9/><D132/><U72/><E106/><V83/><F108/><W130/><G67/><T24/><D39/><U122/><E37/><V58/><F91/><W34/><G34/><T89/><D70/><U27/><E27/><V41/><F41/><W118/><G118/><T25/><D79/><U113/><E113/><V10/><F33/><W93/><REACH who="3" step="1"/><G100/><REACH who="3" ten="140,520,170,160" step="2"/><T125/><D125/><U57/><REACH who="1" step="1"/><E122/><REACH who="1" ten="140,510,170,160" step="2"/><V126/><F126/><W98/><G98/><T65/><D65/><U117/><E117/><V112/><F112/><W80/><G80/><AGARI ba="1,2" hai="2,6,11,57,61,64,72,75,78,80,81,86,87,88" machi="80" ten="30,11600,0" yaku="1,1,7,1,52,1,54,1,53,0" doraHai="3" doraHaiUra="18" who="1" fromWho="3" sc="140,0,510,139,170,0,160,-119" /><INIT seed="1,2,0,0,2,121" ten="140,649,170,41" oya="1" hai0="108,120,130,104,122,72,25,67,62,22,89,106,74" hai1="92,61,79,38,28,99,39,77,50,53,96,71,129" hai2="118,135,117,84,64,21,11,59,85,17,112,116,110" hai3="31,14,102,68,63,51,6,93,43,69,30,48,127"/><U76/><E129/><V35/><F35/><W49/><G127/><T3/><D3/><U32/><E28/><V103/><F135/><W88/><G102/><T19/><D130/><U123/><E32/><V29/><F103/><W109/><G43/><T75/><D89/><U40/><E123/><N who="0" m="47145" /><D108/><U73/><E73/><V78/><F110/><W20/><G109/><T94/><D94/><U87/><E87/><V45/><F45/><W98/><G63/><T34/><D34/><U66/><E40/><V41/><F41/><W12/><G6/><T27/><D27/><U70/><E70/><AGARI ba="2,0" hai="19,22,25,62,67,70,72,74,75,104,106" m="47145" machi="70" ten="40,1300,0" yaku="13,1" doraHai="121" who="0" fromWho="1" sc="140,19,649,-19,170,0,41,0" /><INIT seed="2,0,0,1,0,74" ten="159,630,170,41" oya="2" hai0="97,48,72,61,96,127,115,51,106,89,123,59,94" hai1="32,68,30,102,7,105,85,104,33,69,126,86,14" hai2="0,87,1,21,70,98,84,83,12,57,10,91,40" hai3="76,16,26,55,43,93,13,24,79,71,119,42,25"/><V124/><F70/><W88/><G119/><T107/><D123/><U103/><E14/><V38/><F124/><W77/><G55/><T67/><D115/><U90/><E7/><V44/><F98/><N who="3" m="57639" /><G71/><T64/><D127/><U116/><E126/><V133/><F133/><W17/><G17/><T47/><D67/><U82/><E30/><V128/><F128/><W109/><G109/><T37/><D72/><U11/><E11/><AGARI ba="0,0" hai="11,13,16,24,25,26,42,43,76,77,79" m="57639" machi="11" ten="30,12000,2" yaku="8,1,52,3,54,2" doraHai="74" who="3" fromWho="1" sc="159,0,630,-120,170,0,41,120" /><INIT seed="3,0,0,0,2,109" ten="159,510,170,161" oya="3" hai0="46,29,114,104,105,124,128,54,130,118,51,44,93" hai1="62,129,25,126,3,101,86,10,35,77,131,85,90" hai2="5,18,45,107,121,117,39,8,71,42,96,12,14" hai3="87,41,81,43,119,72,99,82,55,57,15,34,89"/><W95/><G119/><T17/><D118/><U74/><E74/><V113/><F117/><W123/><G123/><T26/><D124/><U98/><E126/><V23/><F121/><W9/><G34/><N who="0" m="20791" /><D114/><U31/><E77/><V83/><F113/><W120/><G120/><T40/><D93/><U53/><E53/><V100/><F83/><W80/><G72/><T0/><D0/><U64/><E10/><V38/><F71/><W79/><G43/><T125/><D17/><U68/><E3/><V102/><F102/><W63/><REACH who="3" step="1"/><G41/><REACH who="3" ten="159,510,170,151" step="2"/><T21/><D125/><U36/><E36/><AGARI ba="0,1" hai="5,8,12,14,18,23,36,38,39,42,45,96,100,107" machi="36" ten="30,1000,0" yaku="7,1" doraHai="109" who="2" fromWho="1" sc="159,0,510,-10,170,20,151,0" owari="159,-24.1,500,60.0,190,-1.0,151,-34.9" /></mjloggm>