<mjloggm ver="2.3"><GO type="225" lobby="0"/><UN n0="%E6%B4%BE%E9%81%A3%E3%81%AE%E3%82%B8%E3%83%A3%E3%83%83%E3%82%AF" n1="%E5%8F%AF%E5%85%90%E9%82%A3%E7%94%B1%E5%A4%9A" n2="%E6%B0%B7%E5%B7%9D%E9%87%8C%E5%A5%88" n3="%E3%81%AF%E3%82%88%E3%81%8A%E3%81%98%E3%81%95%E3%82%93" dan="17,17,16,17" rate="2175.94,2220.76,2129.56,2159.97" sx="M,F,F,M"/><TAIKYOKU oya="0"/><INIT seed="0,0,0,0,2,46" ten="250,250,250,250" oya="0" hai0="55,27,32,111,8,123,3,85,16,59,38,126,65" hai1="129,109,57,12,23,0,29,125,33,53,39,36,113" hai2="25,61,97,88,19,31,68,6,74,89,28,66,56" hai3="121,49,119,115,135,124,45,104,47,43,50,116,108"/><T69/><D123/><U26/><E0/><V35/><F74/><W79/><G104/><T37/><D126/><U81/><E125/><V98/><F6/><W54/><G124/><T72/><D72/><U96/><E109/><V112/><F112/><W73/><G73/><T58/><D111/><U120/><E120/><V9/><F68/><W30/><G108/><T14/><D69/><U67/><E113/><V91/><REACH who="2" step="1"/><F31/><REACH who="2" ten="250,250,240,250" step="2"/><W42/><G115/><T7/><D7/><U107/><E29/><V99/><F99/><W41/><G121/><T133/><D85/><U78/><E96/><V92/><F92/><W131/><G30/><T21/><D3/><U1/><E1/><V24/><F24/><W95/><G95/><T82/><D82/><U62/><E26/><V94/><F94/><W105/><G105/><T22/><D27/><U17/><E107/><V130/><F130/><W5/><G5/><T90/><D14/><AGARI ba="0,1" hai="9,14,19,25,28,35,56,61,66,88,89,91,97,98" machi="14" ten="40,2600,0" yaku="1,1,54,1,53,0" doraHai="46" doraHaiUra="122" who="2" fromWho="0" sc="250,-26,250,0,240,36,250,0" /><INIT seed="1,0,0,3,3,76" ten="224,250,276,250" oya="1" hai0="43,88,63,51,26,109,92,121,105,1,111,94,45" hai1="115,80,0,99,107,104,101,60,47,86,7,75,119" hai2="33,5,84,120,15,38,114,55,34,25,56,12,19" hai3="131,90,74,42,96,103,132,28,82,6,69,118,21"/><U29/><E115/><V57/><F120/><W113/><G69/><T65/><D105/><U23/><E119/><V110/><F38/><W49/><G113/><T135/><D1/><U134/><E134/><V44/><F114/><W35/><G35/><T133/><D26/><U72/><E107/><V81/><F110/><N who="0" m="41994" /><D121/><U126/><E126/><V108/><F108/><W17/><G132/><N who="0" m="50763" /><D88/><U67/><E47/><V70/><F70/><AGARI ba="0,0" hai="43,45,51,63,65,70,92,94" m="50763,41994" machi="70" ten="30,2000,0" yaku="14,1,20,1" doraHai="76" who="0" fromWho="2" sc="224,20,250,0,276,-20,250,0" /><INIT seed="2,0,0,2,2,93" ten="244,250,256,250" oya="2" hai0="84,13,18,20,0,32,119,74,40,61,50,62,69" hai1="65,31,78,35,12,85,29,112,80,21,22,68,101" hai2="6,24,98,97,123,75,9,89,115,105,88,26,47" hai3="114,57,111,132,122,53,19,72,110,54,28,83,37"/><V5/><F115/><W95/><G122/><T94/><D74/><U16/><E112/><V87/><F75/><W131/><G114/><T41/><D0/><U96/><E35/><V92/><F123/><W60/><G37/><T118/><D32/><U33/><E33/><V70/><F70/><W124/><G28/><T127/><D127/><U14/><E68/><V44/><F105/><W108/><G124/><T109/><D109/><U135/><E65/><V106/><F106/><W128/><G132/><T64/><D61/><U126/><E126/><V133/><F133/><W86/><G19/><T125/><D125/><U15/><E135/><V71/><F71/><W36/><G36/><T39/><D39/><U102/><E102/><V121/><F121/><W49/><G95/><T2/><D2/><U134/><E134/><V7/><F9/><W4/><G4/><T79/><D50/><U104/><REACH who="1" step="1"/><E22/><REACH who="1" ten="244,240,256,250" step="2"/><V113/><F113/><W56/><REACH who="3" step="1"/><G72/><REACH who="3" ten="244,240,256,240" step="2"/><T130/><D118/><U103/><E103/><V81/><REACH who="2" step="1"/><F97/><REACH who="2" ten="244,240,246,240" step="2"/><W99/><G99/><T91/><D119/><U73/><E73/><V11/><F11/><W59/><G59/><T38/><D69/><U51/><E51/><V129/><F129/><W66/><G66/><T76/><D130/><U117/><E117/><V8/><F8/><W100/><G100/><T107/><D38/><U17/><E17/><V120/><F120/><W34/><G34/><T67/><D67/><U27/><AGARI ba="0,3" hai="12,14,15,16,21,27,29,31,78,80,85,96,101,104" machi="27" ten="30,7900,0" yaku="1,1,0,1,52,1,54,1,53,0" doraHai="93" doraHaiUra="42" who="1" fromWho="1" sc="244,-20,240,109,246,-39,240,-20" /><INIT seed="3,0,0,5,3,44" ten="224,349,207,220" oya="3" hai0="101,8,129,95,3,85,94,73,17,59,128,9,77" hai1="107,16,19,134,96,97,75,111,103,11,65,34,21" hai2="31,42,79,104,45,12,86,102,89,26,0,56,84" hai3="37,126,99,92,36,74,46,54,71,122,48,76,15"/><W49/><G122/><T80/><D59/><U1/><E34/><V10/><F0/><W2/><G2/><T125/><D125/><U53/><E75/><V118/><F118/><W67/><G126/><T135/><D135/><U124/><E124/><V127/><F127/><W51/><G15/><N who="0" m="7407" /><D101/><U108/><E134/><V25/><F102/><W39/><G76/><T68/><D68/><U55/><E65/><V105/><F56/><W132/><G74/><T109/><D73/><U61/><E97/><V57/><F57/><W100/><REACH who="3" step="1"/><G132/><REACH who="3" ten="224,349,207,210" step="2"/><T90/><D77/><U91/><E1/><V116/><F116/><W112/><G112/><T47/><D3/><U6/><E111/><V63/><F79/><W50/><G50/><T52/><D109/><U38/><E108/><V58/><F12/><W62/><AGARI ba="0,1" hai="36,37,39,46,48,49,51,54,62,67,71,92,99,100" machi="62" ten="40,12000,1" yaku="1,1,0,1,52,3,53,0" doraHai="44" doraHaiUra="131" who="3" fromWho="3" sc="224,-40,349,-40,207,-40,210,130" owari="184,-21.6,309,10.9,167,-33.3,340,44.0" /></mjloggm>