<mjloggm ver="2.3"><GO type="225" lobby="0"/><UN n0="%E3%81%B5%E3%81%98%E3%81%8B%E3%81%A4" n1="%E3%81%BF%E3%81%BF%E3%81%9A" n2="%E6%9D%B1%E9%A2%A8%E3%81%AE%E3%81%8D%E3%82%83%E3%81%B7%E3%81%95%E3%82%93" n3="%77%72%77%72%77%72%77%72" dan="17,18,17,17" rate="2183.46,2267.62,2212.12,2198.71" sx="M,M,M,M"/><TAIKYOKU oya="0"/><INIT seed="0,0,0,1,4,114" ten="250,250,250,250" oya="0" hai0="70,88,90,13,63,66,18,91,93,100,80,97,126" hai1="123,129,98,81,111,60,120,3,9,61,92,57,121" hai2="52,38,78,31,22,103,95,110,94,86,28,112,10" hai3="53,107,113,134,30,124,26,119,116,89,44,37,19"/><T42/><D126/><U64/><E111/><V69/><F38/><W99/><G113/><T109/><D109/><U117/><E129/><V71/><F112/><W4/><G124/><T47/><D80/><U2/><E117/><V48/><F110/><W85/><G4/><T6/><D6/><U58/><E81/><N who="2" m="47415" /><F69/><W132/><G19/><T14/><REACH who="0" step="1"/><D18/><REACH who="0" ten="240,250,250,250" step="2"/><U118/><E118/><V29/><F71/><W43/><G119/><T127/><D127/><U11/><E2/><V17/><F103/><W46/><G116/><T36/><AGARI ba="0,1" hai="13,14,36,42,47,63,66,70,88,90,91,93,97,100" machi="36" ten="30,6000,0" yaku="1,1,0,1,54,1,53,0" doraHai="114" doraHaiUra="122" who="0" fromWho="0" sc="240,70,250,-20,250,-20,250,-20" /><INIT seed="0,1,0,4,1,117" ten="310,230,230,230" oya="0" hai0="23,45,14,92,51,135,68,53,26,29,11,57,128" hai1="61,25,69,65,93,73,72,88,56,42,55,24,124" hai2="80,99,96,59,31,37,107,119,36,18,78,32,44" hai3="40,6,94,77,110,21,84,98,106,129,126,2,134"/><T3/><D135/><U13/><E124/><V89/><F119/><W85/><G126/><T50/><D128/><U52/><E42/><V34/><F59/><W43/><G134/><T20/><D68/><U10/><E73/><V5/><F18/><W12/><G129/><T33/><D3/><U102/><E102/><V123/><F123/><W91/><G2/><T17/><REACH who="0" step="1"/><D92/><REACH who="0" ten="300,230,230,230" step="2"/><U39/><E69/><V115/><F115/><W30/><G94/><T58/><D58/><U63/><E72/><V82/><F107/><W60/><G106/><T130/><D130/><U111/><E111/><V9/><F44/><W62/><G110/><T76/><D76/><U127/><E127/><V97/><F78/><W19/><G77/><T54/><AGARI ba="1,1" hai="11,14,17,20,23,26,29,33,45,50,51,53,54,57" machi="54" ten="20,3900,0" yaku="1,1,0,1,7,1,53,0" doraHai="117" doraHaiUra="100" who="0" fromWho="0" sc="300,52,230,-14,230,-14,230,-14" /><INIT seed="0,2,0,3,1,130" ten="352,216,216,216" oya="0" hai0="30,115,19,14,1,69,63,40,3,128,54,20,77" hai1="76,60,21,79,124,119,96,103,6,47,41,42,50" hai2="0,61,114,90,132,81,7,83,107,46,25,71,13" hai3="23,15,80,108,89,104,31,84,95,112,74,27,120"/><T37/><D128/><U68/><E119/><V122/><F0/><W113/><G108/><T91/><D115/><U73/><E124/><V133/><F107/><W64/><G104/><T17/><D77/><U29/><E6/><V38/><F25/><W67/><G120/><T121/><D121/><U135/><E135/><N who="2" m="51787" /><F122/><W10/><G113/><T78/><D3/><U18/><E29/><V48/><F38/><W117/><G117/><T97/><D30/><U102/><E41/><V2/><F2/><W22/><G22/><T125/><D40/><U110/><E110/><V92/><F114/><W16/><G112/><T49/><D37/><U58/><E68/><V131/><F131/><W24/><G24/><T57/><D69/><U51/><E51/><V88/><F7/><W111/><G111/><T123/><D1/><U129/><E129/><V65/><F13/><W36/><G36/><T12/><D12/><N who="1" m="9415" /><E73/><V62/><F62/><W59/><G59/><T106/><D57/><U93/><E103/><V94/><F94/><W28/><G28/><T9/><D63/><U98/><E96/><N who="2" m="57351" /><F90/><N who="3" m="51463" /><G74/><T11/><D123/><U85/><E85/><AGARI ba="2,0" hai="10,15,16,23,27,31,64,67,85,89,95" m="51463" machi="85" ten="30,2000,0" yaku="8,1,54,1" doraHai="130" who="3" fromWho="1" sc="352,0,216,-26,216,0,216,26" /><INIT seed="1,0,0,0,1,105" ten="352,190,216,242" oya="1" hai0="13,68,46,103,49,42,90,16,98,51,37,41,111" hai1="75,116,64,99,89,55,83,77,34,8,93,26,112" hai2="74,108,45,43,22,67,118,129,28,63,6,56,123" hai3="100,115,92,40,39,119,86,1,61,32,30,18,33"/><U21/><E112/><V109/><F123/><W12/><G115/><T53/><D111/><N who="2" m="42570" /><F118/><W96/><G1/><T102/><D68/><U65/><E116/><V81/><F6/><W70/><G119/><T69/><D37/><U87/><E34/><V97/><F97/><W126/><G126/><T35/><D35/><U27/><E8/><V134/><F134/><W54/><G30/><T72/><D69/><U17/><E27/><N who="2" m="16503" /><F129/><W66/><G54/><T79/><D90/><U124/><E124/><V24/><F24/><W85/><G40/><T76/><D72/><U128/><E128/><V25/><F25/><W2/><G39/><T132/><D103/><U95/><REACH who="1" step="1"/><E55/><REACH who="1" ten="352,180,216,242" step="2"/><V62/><F62/><W3/><G32/><T127/><D127/><U57/><E57/><V114/><F114/><W135/><G33/><T31/><D53/><U23/><E23/><V0/><F0/><W125/><G125/><T71/><D71/><U19/><E19/><V91/><F56/><W110/><G2/><T121/><D16/><U107/><E107/><V101/><F63/><W106/><G3/><T80/><D121/><U131/><E131/><V88/><F67/><W59/><G110/><T60/><D60/><U38/><E38/><N who="2" m="21751" /><F101/><AGARI ba="0,1" hai="17,21,26,64,65,75,77,83,87,89,93,95,99,101" machi="101" ten="30,11600,0" yaku="1,1,7,1,52,1,53,1" doraHai="105" doraHaiUra="104" who="1" fromWho="2" sc="352,0,180,126,216,-116,242,0" /><INIT seed="1,1,0,4,2,19" ten="352,306,100,242" oya="1" hai0="133,70,89,124,23,25,100,131,87,111,49,130,107" hai1="10,134,104,32,17,20,12,50,16,67,127,113,82" hai2="92,101,77,11,78,34,105,128,63,37,62,9,47" hai3="56,90,31,38,15,85,132,44,66,8,73,110,55"/><U53/><E113/><V64/><F34/><W112/><G112/><T96/><D70/><U29/><E104/><V106/><F128/><N who="0" m="49194" /><D111/><U65/><E127/><V75/><F92/><W59/><G73/><T103/><D133/><U114/><E114/><V129/><F75/><W60/><G132/><T58/><D124/><U13/><E134/><V135/><F135/><W83/><G110/><T54/><D96/><U2/><E2/><V48/><F129/><W91/><G31/><N who="0" m="17855" /><D107/><U116/><E116/><V6/><F37/><W84/><G38/><T52/><D54/><U68/><E68/><V97/><F106/><W72/><G72/><T39/><D39/><U108/><E108/><V71/><F62/><W76/><G85/><T93/><AGARI ba="1,0" hai="49,52,58,87,89,93,100,103" m="17855,49194" machi="93" ten="30,4000,0" yaku="19,1,52,1,54,1" doraHai="19" who="0" fromWho="0" sc="352,43,306,-21,100,-11,242,-11" /><INIT seed="2,0,0,3,2,55" ten="395,285,89,231" oya="2" hai0="16,133,107,43,63,29,23,128,45,135,113,26,84" hai1="48,126,89,47,3,115,60,32,87,97,90,111,134" hai2="12,0,46,40,99,30,20,42,10,112,76,79,73" hai3="117,98,34,22,9,75,27,95,24,1,52,14,31"/><V5/><F112/><W44/><G75/><T11/><D107/><U106/><E115/><V54/><F99/><W72/><G72/><T8/><D128/><U4/><E32/><V28/><F54/><W127/><G127/><T125/><D125/><U74/><E126/><V116/><F116/><W132/><G132/><N who="0" m="50763" /><D113/><U53/><E74/><V91/><F91/><W104/><G104/><T39/><D84/><U105/><E134/><V118/><F118/><W67/><G1/><T7/><D63/><U131/><E131/><V129/><F129/><W86/><G67/><T38/><D7/><U82/><E111/><V61/><F61/><W88/><G117/><T68/><D68/><U124/><E124/><V65/><F65/><W71/><G71/><T25/><D39/><U18/><E60/><V36/><F42/><W51/><G86/><T57/><D57/><U93/><E4/><V21/><F79/><W56/><G44/><T2/><D2/><U121/><E3/><V94/><F94/><W59/><G59/><T17/><D17/><U102/><E121/><V58/><F58/><W66/><G66/><T114/><D114/><U64/><E64/><V81/><REACH who="2" step="1"/><F12/><REACH who="2" ten="395,285,79,231" step="2"/><W37/><G14/><T6/><D43/><U130/><E130/><V13/><F13/><W108/><G37/><T96/><D38/><U110/><E105/><V100/><F100/><W77/><G77/><T122/><D96/><U62/><E62/><V15/><F15/><W49/><G98/><T119/><D119/><U80/><E106/><V70/><F70/><W123/><G95/><T92/><D92/><RYUUKYOKU ba="0,1" sc="395,-10,285,-10,79,30,231,-10" hai2="0,5,10,20,21,28,30,36,40,46,73,76,81" /><INIT seed="2,1,1,1,4,40" ten="385,275,109,221" oya="2" hai0="39,52,86,108,110,82,16,24,17,133,134,45,42" hai1="73,65,125,61,114,67,50,113,25,47,104,72,84" hai2="100,85,11,122,103,107,98,116,91,96,55,58,3" hai3="115,68,0,101,120,92,117,78,30,44,99,7,131"/><V76/><F122/><W105/><G120/><T13/><D24/><U41/><E104/><V119/><F76/><W130/><G117/><T69/><D69/><U94/><E125/><V38/><F38/><W9/><G115/><T129/><D129/><N who="3" m="49161" /><G68/><T18/><D13/><U109/><E109/><N who="0" m="42089" /><D52/><U49/><E25/><V34/><F34/><W66/><G66/><T60/><D60/><U89/><E67/><V32/><F32/><W15/><G30/><T26/><D26/><U56/><REACH who="1" step="1"/><E49/><REACH who="1" ten="385,265,109,221" step="2"/><V74/><F74/><AGARI ba="1,2" hai="41,47,50,56,61,65,72,73,74,84,89,94,113,114" machi="74" ten="40,5200,0" yaku="1,1,2,1,52,1,53,0" doraHai="40" doraHaiUra="124" who="1" fromWho="2" sc="385,0,265,75,109,-55,221,0" /><INIT seed="3,0,0,0,2,56" ten="385,340,54,221" oya="3" hai0="12,27,75,80,105,13,73,102,50,116,107,127,59" hai1="29,104,51,123,64,118,1,129,34,103,22,2,62" hai2="54,122,97,70,95,92,43,117,99,3,4,21,20" hai3="72,38,61,11,79,19,10,45,125,0,83,26,53"/><W89/><G125/><T94/><D116/><U49/><E123/><V25/><F70/><W126/><G126/><T66/><D127/><U35/><E118/><V68/><F68/><W93/><G38/><T15/><D27/><U84/><E129/><V110/><F122/><W71/><G0/><T6/><D6/><U55/><E22/><V39/><F117/><W131/><G131/><T69/><D69/><N who="1" m="42135" /><E84/><V111/><F39/><W37/><G37/><T63/><D50/><U78/><E78/><V28/><F43/><W42/><G42/><T114/><D114/><U36/><E34/><V108/><F54/><W115/><G115/><T47/><D47/><U113/><E113/><V135/><F135/><W134/><G45/><T130/><D130/><U30/><E30/><V90/><F4/><W133/><G71/><T82/><D75/><U33/><E33/><V52/><F3/><W86/><G26/><T112/><D112/><U100/><E100/><V17/><F52/><W9/><G19/><T32/><D32/><U121/><E51/><V40/><F40/><W7/><G7/><T46/><D46/><N who="1" m="28087" /><E121/><V98/><F90/><W14/><G14/><T16/><D16/><U106/><E106/><N who="0" m="40457" /><D73/><U120/><E120/><V65/><F65/><W101/><G53/><T128/><D128/><U132/><E132/><N who="3" m="50794" /><G61/><T57/><D57/><U74/><E36/><V48/><F48/><W88/><G89/><T91/><D91/><U87/><E1/><V44/><F44/><W58/><G58/><T85/><D102/><AGARI ba="0,0" hai="9,10,11,72,79,83,86,88,93,101,102" m="50794" machi="102" ten="30,2900,0" yaku="20,1,54,1" doraHai="56" who="3" fromWho="0" sc="385,-29,340,0,54,0,221,29" /><INIT seed="3,1,0,4,0,49" ten="356,340,54,250" oya="3" hai0="108,33,22,67,88,75,39,6,134,10,98,40,95" hai1="1,31,112,113,51,29,78,94,76,30,90,61,62" hai2="71,72,64,103,58,123,65,19,91,37,43,96,42" hai3="104,13,60,70,52,131,23,25,63,26,87,24,86"/><W46/><G104/><T3/><D33/><U119/><E1/><V124/><F72/><W18/><G131/><T93/><D75/><U28/><N who="1" m="7168" /><DORA hai="101" /><U107/><E107/><V44/><F19/><W56/><G70/><T53/><D108/><U21/><E112/><V110/><F91/><W16/><G46/><T116/><D116/><U2/><E2/><V117/><F110/><W74/><G74/><T128/><D128/><U20/><E113/><V102/><F117/><W54/><G18/><T5/><D134/><U47/><E119/><V127/><F71/><W50/><G50/><T121/><D121/><U57/><E78/><V17/><F123/><W129/><G129/><T132/><D132/><U9/><E76/><V100/><F17/><W73/><G73/><T85/><D6/><U125/><E125/><V27/><F27/><W38/><G38/><T105/><D105/><U83/><E83/><V97/><F58/><AGARI ba="1,0" hai="13,16,23,24,25,26,52,54,56,58,60,63,86,87" machi="58" ten="40,18000,2" yaku="9,1,8,1,52,2,54,2" doraHai="49,101" who="3" fromWho="2" sc="356,0,340,0,54,-183,250,183" owari="356,15.6,340,-6.0,-129,-62.9,433,53.3" /></mjloggm>