<mjloggm ver="2.3"><GO type="225" lobby="0"/><UN n0="%E5%A4%9C%E3%81%AE%E3%82%AC%E3%82%B9%E3%83%91%E3%83%BC%E3%83%AB" n1="%E3%81%BF%E3%81%BF%E3%81%9A" n2="%E3%83%A9%E3%83%BC%E3%83%A1%E3%83%B3%E4%BA%94%E9%83%8E" n3="%E3%80%93%E3%81%97%E3%83%BC%E3%82%89%E3%80%93" dan="16,17,16,16" rate="2134.39,2225.57,2046.13,2090.04" sx="M,M,M,M"/><TAIKYOKU oya="0"/><INIT seed="0,0,0,4,3,32" ten="250,250,250,250" oya="0" hai0="18,46,115,25,81,74,22,97,78,41,100,67,10" hai1="73,17,130,121,106,82,48,117,53,42,107,61,58" hai2="8,94,3,103,11,135,114,60,24,38,113,119,7" hai3="102,124,88,14,16,126,77,27,111,83,116,55,110"/><T128/><D128/><U44/><E117/><V122/><F122/><W64/><G116/><T66/><D115/><U109/><E121/><V133/><F119/><W84/><G64/><T23/><D23/><U4/><E130/><V36/><F60/><W85/><G27/><T112/><D10/><U54/><E109/><N who="3" m="41482" /><G55/><T5/><D5/><U87/><E73/><V125/><F125/><N who="3" m="48235" /><G102/><T26/><D26/><U92/><E92/><V72/><F24/><W62/><G62/><T57/><D57/><U9/><E17/><V13/><F94/><N who="3" m="54535" /><G14/><T91/><D112/><U69/><E69/><V118/><F103/><W1/><G16/><T12/><D25/><U20/><E20/><V89/><F118/><W132/><G1/><T70/><D70/><U29/><E29/><V52/><F52/><W43/><G43/><T63/><D63/><U105/><E54/><V71/><F113/><W120/><G132/><T28/><D28/><U108/><E108/><V68/><F114/><W51/><G51/><T39/><REACH who="0" step="1"/><D91/><REACH who="0" ten="240,250,250,250" step="2"/><U19/><E19/><N who="2" m="8615" /><F89/><W98/><G120/><T90/><D90/><N who="1" m="51575" /><E4/><V101/><F7/><W86/><G98/><T15/><D15/><U21/><E21/><V80/><F68/><W59/><G59/><T30/><D30/><U6/><E6/><V33/><F71/><W75/><AGARI ba="0,1" hai="75,77,83,85,86" m="54535,48235,41482" machi="75" ten="30,8000,1" yaku="14,1,18,1,34,2,54,1" doraHai="32" who="3" fromWho="3" sc="240,-40,250,-20,250,-20,250,90" /><INIT seed="1,0,0,5,5,92" ten="200,230,230,340" oya="1" hai0="49,75,117,46,100,5,22,0,102,9,73,35,31" hai1="104,72,20,101,131,91,24,29,16,13,124,94,57" hai2="34,120,42,30,109,77,27,32,111,19,40,93,23" hai3="115,89,134,119,125,71,114,3,74,68,123,26,105"/><U11/><E124/><V107/><F107/><W82/><RYUUKYOKU type="yao9" ba="0,0" sc="200,0,230,0,230,0,340,0" hai3="3,26,68,71,74,82,89,105,114,115,119,123,125,134" /><INIT seed="1,1,0,3,0,84" ten="200,230,230,340" oya="1" hai0="8,7,33,0,69,17,120,107,111,41,126,6,37" hai1="99,14,46,21,40,51,94,23,118,80,108,112,78" hai2="44,132,90,114,125,91,54,60,130,119,52,63,88" hai3="11,55,104,64,115,25,49,109,127,102,3,87,101"/><U93/><E112/><V28/><F119/><W61/><G115/><T58/><D69/><U95/><E118/><V72/><F114/><W133/><G109/><T116/><D116/><U45/><E108/><V71/><F72/><W12/><G3/><T30/><D111/><U5/><E45/><V26/><F132/><W73/><G73/><T106/><D126/><U77/><E99/><V74/><F74/><W123/><G104/><T19/><D120/><U13/><E13/><V47/><F125/><W43/><G43/><T20/><D58/><U32/><E32/><V85/><F130/><W76/><G25/><T50/><D37/><U65/><E65/><V121/><F121/><W79/><G127/><T67/><D67/><U39/><E39/><V9/><F85/><W68/><G133/><T135/><D135/><U16/><E5/><V56/><F9/><W48/><G48/><T110/><D110/><U10/><REACH who="1" step="1"/><E80/><REACH who="1" ten="200,220,230,340" step="2"/><V53/><F53/><W15/><G15/><T27/><D7/><U24/><E24/><V81/><F81/><W83/><G123/><T31/><D33/><U89/><E89/><V57/><REACH who="2" step="1"/><F71/><REACH who="2" ten="200,220,220,340" step="2"/><W103/><G68/><T96/><D8/><U100/><E100/><V4/><F4/><W92/><G103/><T62/><D6/><U97/><E97/><V38/><F38/><W124/><G102/><T129/><D96/><U42/><E42/><V66/><F66/><W1/><G101/><T128/><D128/><U34/><E34/><AGARI ba="1,2" hai="26,28,34,44,47,52,54,56,57,60,63,88,90,91" machi="34" ten="40,12000,2" yaku="1,1,9,1,52,3,54,2,53,0" doraHai="84" doraHaiUra="2" who="2" fromWho="1" sc="200,0,220,-123,220,143,340,0" /><INIT seed="2,0,0,0,3,89" ten="200,97,363,340" oya="2" hai0="98,85,43,109,49,34,110,53,92,106,25,0,7" hai1="55,50,30,94,115,100,75,31,114,29,12,121,48" hai2="116,3,14,135,9,132,133,66,64,127,68,17,131" hai3="122,44,39,42,58,118,11,63,47,126,18,125,120"/><V19/><F116/><W102/><G102/><T51/><D106/><U76/><E121/><N who="3" m="46698" /><G18/><T105/><D105/><U117/><E117/><V4/><F127/><N who="3" m="48651" /><G11/><T113/><D113/><U1/><E1/><V104/><F104/><W70/><G118/><T37/><D85/><U108/><E108/><V21/><F131/><W15/><G15/><T82/><D82/><U36/><E36/><V20/><REACH who="2" step="1"/><F68/><REACH who="2" ten="200,97,353,340" step="2"/><W24/><G70/><T134/><D109/><U111/><E111/><V86/><F86/><W124/><G124/><T33/><D110/><U88/><E114/><V40/><F40/><W97/><G97/><T103/><D98/><N who="1" m="57671" /><E115/><V91/><F91/><W83/><G42/><T80/><D43/><U72/><E76/><V6/><F6/><W60/><G39/><T112/><D7/><U90/><E100/><V65/><F65/><W38/><G38/><T5/><D37/><U81/><E75/><V59/><F59/><W69/><G69/><T95/><D112/><U57/><E72/><V52/><F52/><W10/><G58/><T23/><D53/><U128/><E128/><V2/><F2/><W93/><G83/><T54/><D54/><N who="1" m="31943" /><E81/><V78/><F78/><W79/><G79/><T16/><D80/><U56/><E90/><V74/><F74/><W8/><G47/><T73/><D73/><U107/><E107/><V28/><F28/><W45/><G44/><T99/><D0/><U84/><E84/><V35/><F35/><W119/><G45/><T129/><D129/><U130/><E130/><V101/><F101/><W27/><G119/><T46/><D103/><RYUUKYOKU ba="0,1" sc="200,-15,97,15,353,15,340,-15" hai1="12,29,30,31,50,55,56" hai2="3,4,9,14,17,19,20,21,64,66,132,133,135" /><INIT seed="2,1,1,5,5,57" ten="185,112,368,325" oya="2" hai0="85,76,71,116,19,88,26,129,84,133,18,103,4" hai1="53,117,59,67,87,35,69,8,74,134,51,63,47" hai2="15,118,93,120,24,126,49,44,86,60,22,73,10" hai3="105,96,122,36,83,33,91,109,104,81,92,1,97"/><V11/><F118/><W45/><G33/><T55/><D116/><U77/><E117/><V132/><F120/><W80/><G1/><T56/><D71/><U43/><E35/><V12/><F73/><W9/><G9/><N who="2" m="3081" /><F132/><W64/><G64/><T125/><D133/><U95/><E134/><V17/><F126/><W100/><G36/><T70/><D70/><U127/><E127/><V112/><F112/><W128/><G45/><T31/><D125/><U21/><E21/><V102/><F60/><W41/><G41/><T7/><D129/><U25/><E25/><V58/><F58/><W52/><G52/><T34/><D103/><U79/><E74/><V2/><F2/><W32/><G32/><T28/><D28/><U107/><E107/><N who="3" m="41034" /><G122/><T29/><D29/><U135/><E135/><V40/><F102/><W130/><G109/><T37/><D37/><U68/><E8/><V38/><F38/><W82/><N who="3" m="20480" /><DORA hai="42" /><W54/><G54/><T124/><D124/><U90/><REACH who="1" step="1"/><E69/><REACH who="1" ten="185,102,368,325" step="2"/><V78/><F78/><W111/><G111/><T66/><D76/><U110/><E110/><V20/><F20/><W46/><G130/><T48/><D34/><U115/><E115/><V5/><F5/><W65/><G128/><T119/><D4/><U99/><E99/><V113/><F113/><W72/><G97/><T89/><D7/><U75/><E75/><V106/><F106/><W30/><G72/><T98/><D98/><U14/><E14/><V108/><F108/><W50/><G96/><T94/><D26/><U13/><E13/><V23/><F23/><W0/><G100/><RYUUKYOKU ba="1,2" sc="185,-15,102,15,368,15,325,-15" hai1="43,47,51,53,59,63,67,68,77,79,87,90,95" hai2="12,15,17,22,24,40,44,49,86,93" /><INIT seed="2,2,2,2,2,127" ten="170,117,383,310" oya="2" hai0="37,119,49,47,65,39,9,57,85,81,84,107,45" hai1="126,82,104,31,18,118,32,0,124,94,78,41,43" hai2="33,96,10,125,12,61,58,79,109,113,28,52,11" hai3="93,116,54,44,25,80,103,132,16,27,67,73,83"/><V106/><F113/><W87/><G116/><T55/><D107/><U14/><E118/><V122/><F122/><W36/><G132/><T95/><D119/><U89/><E104/><V30/><F125/><N who="1" m="48233" /><E0/><V50/><F109/><W129/><G129/><T91/><D39/><U53/><E53/><N who="2" m="33999" /><F33/><W97/><G73/><T13/><D65/><U51/><E51/><V76/><F106/><W68/><G68/><T99/><D37/><U130/><E31/><N who="2" m="11819" /><F96/><W34/><G67/><T62/><D49/><U29/><E29/><V74/><F74/><W110/><G34/><T133/><D133/><U131/><E32/><V5/><F10/><W19/><G110/><T48/><D48/><U70/><E70/><V15/><F15/><W134/><G134/><T35/><D35/><U40/><E89/><V101/><F101/><W77/><G83/><T17/><REACH who="0" step="1"/><D85/><REACH who="0" ten="160,117,383,310" step="2"/><N who="1" m="48343" /><E94/><V22/><F22/><AGARI ba="2,3" hai="14,18,22,40,41,43,130,131" m="48343,48233" machi="22" ten="30,3900,0" yaku="18,1,52,2" doraHai="127" who="1" fromWho="2" sc="160,0,117,75,383,-45,310,0" /><INIT seed="3,0,0,1,3,5" ten="160,192,338,310" oya="3" hai0="50,74,120,22,131,99,81,62,26,0,15,46,61" hai1="132,33,71,92,27,72,80,52,10,111,102,29,114" hai2="31,25,60,16,117,112,75,73,85,44,63,77,79" hai3="59,7,93,65,70,78,104,87,113,67,96,13,130"/><W36/><G36/><T89/><D120/><U109/><E114/><V125/><F112/><W91/><G70/><T103/><D0/><U115/><E115/><V58/><F117/><W47/><G113/><T76/><D131/><U56/><E71/><V118/><F118/><W6/><G130/><T18/><D89/><U106/><E106/><V126/><F44/><W20/><G104/><T28/><D99/><N who="1" m="59751" /><E10/><V38/><F16/><N who="3" m="10255" /><G47/><T107/><D103/><U94/><E94/><V40/><F38/><W45/><G45/><T3/><D3/><U121/><E121/><V4/><F4/><N who="3" m="1579" /><G59/><T55/><REACH who="0" step="1"/><D107/><REACH who="0" ten="150,192,338,310" step="2"/><U12/><E132/><V43/><F77/><W135/><G135/><T54/><D54/><U90/><E90/><V129/><F79/><W37/><G37/><T101/><D101/><U123/><E123/><V34/><F129/><W119/><G119/><T66/><D66/><N who="3" m="25097" /><G78/><T105/><D105/><U41/><E52/><V128/><F128/><W68/><G68/><T53/><D53/><U124/><E109/><V49/><F126/><W8/><G8/><AGARI ba="0,1" hai="8,15,18,22,26,28,46,50,55,61,62,74,76,81" machi="8" ten="30,3900,0" yaku="1,1,7,1,52,1,53,0" doraHai="5" doraHaiUra="84" who="0" fromWho="3" sc="150,49,192,0,338,0,310,-39" owari="199,-20.1,192,-30.8,338,43.8,271,7.1" /></mjloggm>