<mjloggm ver="2.3"><GO type="225" lobby="0"/><UN n0="%72%69%6F%75%63%68%61%6E" n1="%4C%4F%4C%49%54%41" n2="%E3%81%8B%E3%82%8F%E3%81%A1%E3%82%83%E3%82%93%35%38" n3="%E3%83%8F%E3%83%B3%E3%83%89%E3%83%A9%E3%83%BC%E3%83%BB%E3%83%AF%E3%83%B3" dan="16,16,16,16" rate="2133.24,2140.66,2163.77,2170.58" sx="M,F,M,M"/><TAIKYOKU oya="0"/><INIT seed="0,0,0,3,4,87" ten="250,250,250,250" oya="0" hai0="38,21,88,106,3,85,60,135,134,50,112,57,43" hai1="94,15,74,61,101,51,90,54,120,124,35,28,64" hai2="7,107,36,111,52,47,49,55,62,72,83,126,6" hai3="1,75,0,12,56,30,69,27,20,116,2,39,81"/><T79/><D112/><U8/><E120/><V42/><F107/><W99/><G116/><T23/><D38/><U66/><E124/><V104/><F104/><W58/><G69/><T40/><D106/><U17/><E74/><V114/><F114/><W10/><G39/><T89/><D3/><U121/><E121/><V129/><F126/><W46/><G46/><N who="0" m="25927" /><D43/><U133/><E133/><N who="0" m="50697" /><D79/><U92/><E92/><V44/><F129/><W53/><G99/><T26/><D85/><U91/><E28/><V98/><F111/><W123/><G123/><T18/><D21/><U95/><E35/><V13/><F98/><W110/><G110/><T78/><D78/><U24/><E24/><V93/><F13/><W59/><G75/><T84/><D84/><N who="1" m="52551" /><E101/><V33/><F33/><W96/><G81/><T31/><D31/><U109/><E109/><V115/><F115/><W70/><G96/><T11/><D11/><U97/><E61/><V103/><F83/><W29/><G29/><T131/><D131/><U86/><E97/><N who="2" m="59823" /><F72/><W127/><G127/><T67/><AGARI ba="0,0" hai="18,23,26,57,60,67,88,89" m="50697,25927" machi="67" ten="30,11700,0" yaku="20,1,52,2,54,1" doraHai="87" who="0" fromWho="0" sc="250,117,250,-39,250,-39,250,-39" /><INIT seed="0,1,0,0,5,20" ten="367,211,211,211" oya="0" hai0="135,10,12,125,99,120,9,4,42,19,50,54,134" hai1="41,40,80,77,13,6,35,131,26,71,127,118,76" hai2="104,68,25,15,5,102,105,132,86,79,133,84,43" hai3="126,37,67,122,72,45,38,0,107,95,7,97,101"/><T92/><D120/><U88/><E118/><V52/><F68/><W14/><G72/><T121/><D121/><U70/><E127/><V34/><F43/><W124/><G122/><T91/><D125/><N who="3" m="48233" /><G0/><T116/><D116/><U33/><E131/><V1/><F1/><W113/><G113/><T23/><D42/><U8/><E71/><V55/><F15/><W129/><G129/><T29/><D29/><U94/><E70/><V39/><F5/><W53/><G67/><T47/><REACH who="0" step="1"/><D10/><REACH who="0" ten="357,211,211,211" step="2"/><U85/><E41/><V123/><F123/><W21/><G38/><T96/><D96/><U61/><E40/><V93/><F39/><W109/><G37/><T75/><D75/><U58/><E8/><V27/><F34/><W128/><G128/><T114/><D114/><U111/><E35/><V49/><F86/><W74/><G74/><T48/><D48/><U28/><E85/><V119/><F84/><W106/><G21/><T18/><D18/><U82/><E33/><V60/><F49/><N who="3" m="28847" /><G109/><T44/><D44/><U100/><E111/><V78/><F119/><W59/><G59/><T36/><D36/><U90/><E58/><V57/><F57/><W56/><G56/><T65/><D65/><U110/><E110/><V2/><F60/><W16/><G16/><T89/><D89/><U63/><E90/><V87/><F87/><W112/><G112/><T46/><D46/><U98/><E88/><V115/><F115/><W103/><G103/><T32/><D32/><N who="1" m="20503" /><E63/><V17/><F17/><W66/><G66/><T31/><D31/><U81/><E61/><V11/><F102/><RYUUKYOKU ba="1,1" sc="357,10,211,10,211,-30,211,10" hai0="4,9,12,19,23,47,50,54,91,92,99,134,135" hai1="6,13,76,77,80,81,82,94,98,100" hai3="7,14,95,97,101,106,107" /><INIT seed="0,2,1,1,3,46" ten="367,221,181,221" oya="0" hai0="47,95,25,102,90,127,84,1,85,81,97,113,83" hai1="39,7,93,33,125,128,14,31,70,135,35,115,54" hai2="87,130,134,5,72,20,104,17,37,67,18,8,29" hai3="92,61,121,126,53,74,34,124,119,66,28,36,40"/><T11/><D113/><U108/><E70/><V50/><F72/><W123/><G74/><T99/><D127/><N who="3" m="48681" /><G119/><T48/><D25/><U60/><E125/><V4/><F37/><W88/><G53/><T55/><D1/><U118/><E39/><V24/><F104/><W73/><G73/><T32/><D32/><U82/><E82/><V62/><F130/><W79/><G79/><T133/><D133/><U132/><E115/><V111/><F134/><N who="1" m="51241" /><E108/><V68/><F111/><W19/><G19/><T49/><D11/><N who="1" m="4479" /><E31/><V23/><F87/><N who="3" m="52255" /><G28/><T101/><D55/><U45/><E128/><V52/><F8/><W57/><G34/><T6/><D6/><U59/><E118/><V109/><F109/><W13/><G13/><T112/><D47/><AGARI ba="2,1" hai="36,40,47,57,61,66,121,123" m="52255,48681" machi="47" ten="30,2000,0" yaku="18,1,54,1" doraHai="46" who="3" fromWho="0" sc="367,-26,221,0,181,0,221,36" /><INIT seed="1,0,0,5,4,11" ten="341,221,181,257" oya="1" hai0="6,50,46,123,16,48,53,106,77,75,14,10,134" hai1="30,43,23,67,27,80,20,109,82,95,71,104,21" hai2="92,119,115,116,108,135,76,2,58,99,112,131,118" hai3="101,78,102,86,124,94,12,17,130,98,83,0,44"/><U81/><E104/><V41/><F2/><W25/><G130/><T33/><D33/><U128/><E128/><V55/><F131/><W49/><G124/><T122/><D106/><U89/><E109/><V117/><N who="2" m="29696" /><DORA hai="54" /><V40/><F76/><W87/><G0/><T7/><D134/><U38/><E71/><V113/><F108/><W103/><G86/><T28/><D28/><U110/><E67/><V1/><F1/><W9/><REACH who="3" step="1"/><G25/><REACH who="3" ten="341,221,181,247" step="2"/><T132/><D132/><U24/><E110/><V93/><F135/><W96/><G96/><T73/><D73/><U5/><E27/><V125/><F125/><W29/><G29/><T59/><D75/><U64/><E24/><V69/><F69/><W45/><G45/><T47/><D47/><U88/><E30/><V35/><F35/><W22/><G22/><T60/><D77/><U52/><E20/><V100/><REACH who="2" step="1"/><F93/><REACH who="2" ten="341,221,171,247" step="2"/><W85/><G85/><T3/><D3/><U34/><E95/><V68/><F68/><W63/><G63/><AGARI ba="0,2" hai="40,41,55,58,63,92,99,100,112,113,115" m="29696" machi="63" ten="70,8000,1" yaku="1,1,11,1,52,1,53,0" doraHai="11,54" doraHaiUra="120,19" who="2" fromWho="3" sc="341,0,221,0,171,100,247,-80" /><INIT seed="2,0,0,3,3,112" ten="341,221,271,167" oya="2" hai0="77,7,34,23,96,65,129,49,41,3,68,106,116" hai1="69,128,64,24,78,6,103,37,87,99,58,47,27" hai2="20,62,95,29,115,46,102,57,135,11,131,45,86" hai3="88,76,83,122,52,85,113,22,40,73,81,26,28"/><V60/><F115/><W82/><G113/><T91/><D34/><U111/><E69/><V2/><F135/><W5/><G122/><T43/><D129/><U16/><E111/><V105/><F105/><W127/><G127/><T80/><D49/><U48/><E37/><V55/><F131/><W134/><G134/><T109/><D109/><U4/><E128/><V30/><F2/><W31/><G40/><T18/><D116/><U114/><E114/><V110/><F110/><W120/><G120/><T130/><D130/><U92/><E64/><V51/><F11/><W8/><G52/><T66/><D7/><U119/><E58/><V101/><F60/><W35/><G82/><T118/><D118/><U93/><E119/><V9/><F9/><W14/><REACH who="3" step="1"/><G35/><REACH who="3" ten="341,221,271,157" step="2"/><T1/><D41/><U108/><E108/><V56/><F46/><W10/><G10/><T67/><D43/><U61/><E47/><V72/><F45/><W36/><G36/><T44/><D44/><U90/><E48/><V89/><F72/><W25/><G25/><T54/><D54/><U124/><E124/><V107/><F107/><W123/><G123/><T42/><D106/><U94/><E27/><N who="2" m="16615" /><F30/><AGARI ba="0,1" hai="5,8,14,22,26,28,30,31,73,76,81,83,85,88" machi="30" ten="30,3900,0" yaku="1,1,7,1,54,1,53,0" doraHai="112" doraHaiUra="132" who="3" fromWho="2" sc="341,0,221,0,271,-39,157,49" /><INIT seed="3,0,0,0,1,132" ten="341,221,232,206" oya="3" hai0="0,29,94,127,17,8,77,39,1,75,19,110,80" hai1="41,93,135,133,68,44,105,55,116,49,54,59,2" hai2="36,42,76,52,20,81,64,18,24,25,87,63,45" hai3="104,21,111,31,56,73,65,50,97,112,27,71,13"/><W129/><G112/><T4/><D127/><U14/><E105/><V114/><F114/><W88/><G73/><T16/><D110/><U35/><E2/><V43/><F43/><W15/><G129/><T109/><D109/><U100/><E68/><V78/><F52/><N who="1" m="20009" /><E35/><V96/><F96/><W70/><G111/><T123/><D123/><U26/><E26/><V122/><F122/><W10/><G50/><T101/><D29/><U106/><E106/><V62/><F62/><W95/><G104/><T22/><D0/><U60/><E14/><V134/><F134/><N who="1" m="51209" /><E116/><V98/><F98/><W12/><REACH who="3" step="1"/><G10/><REACH who="3" ten="341,221,232,196" step="2"/><T57/><D8/><U7/><E7/><V32/><F32/><W83/><G83/><T91/><D4/><U125/><E125/><V85/><F81/><W37/><G37/><T92/><D39/><U28/><E60/><AGARI ba="0,1" hai="12,13,15,21,27,31,56,60,65,70,71,88,95,97" machi="60" ten="40,12000,1" yaku="1,1,54,1,53,3" doraHai="132" doraHaiUra="9" who="3" fromWho="1" sc="341,0,221,-120,232,0,196,130" /><INIT seed="3,1,0,0,1,133" ten="341,101,232,326" oya="3" hai0="86,104,98,12,125,15,21,2,33,42,39,107,112" hai1="29,115,111,35,99,66,14,48,110,31,67,83,127" hai2="9,69,46,1,23,116,134,60,58,97,43,122,34" hai3="74,73,0,16,30,75,6,71,49,13,54,18,51"/><W24/><G71/><T27/><D125/><U108/><E115/><V50/><F34/><W135/><G135/><T88/><D112/><U128/><E128/><V56/><F134/><W96/><G96/><T37/><D2/><U70/><E70/><V22/><F116/><W41/><G41/><T72/><D72/><U84/><E35/><V3/><F122/><W129/><G129/><T11/><D33/><U94/><E14/><V119/><F119/><W123/><G123/><T17/><D15/><U8/><E8/><V102/><F69/><W40/><G40/><T20/><D20/><U76/><E48/><V113/><F113/><W120/><G120/><T59/><D59/><U68/><E68/><V87/><F3/><W79/><G79/><T45/><D98/><U109/><N who="1" m="27648" /><DORA hai="65" /><U28/><REACH who="1" step="1"/><E127/><REACH who="1" ten="341,91,232,326" step="2"/><V90/><F1/><W36/><G0/><T121/><D121/><U77/><E77/><V78/><F78/><W38/><G51/><T118/><D118/><U101/><AGARI ba="1,1" hai="28,29,31,66,67,76,83,84,94,99,101" m="27648" machi="101" ten="60,7900,0" yaku="1,1,0,1,14,1,53,0" doraHai="133,65" doraHaiUra="117,100" who="1" fromWho="1" sc="341,-21,91,92,232,-21,326,-40" owari="320,42.0,183,-31.7,211,-18.9,286,8.6" /></mjloggm>