<mjloggm ver="2.3"><GO type="225" lobby="0"/><UN n0="%E3%83%A9%E3%83%96%E3%83%AC%E3%83%BC" n1="%6D%75%75%6D%75%72%61" n2="%E3%81%86%E3%81%A3%E3%81%97%E3%83%BC%30%30" n3="%E3%81%86%E3%81%A9%E3%82%93%E3%81%93" dan="18,16,16,16" rate="2232.34,2163.23,2133.67,2119.45" sx="M,F,M,M"/><TAIKYOKU oya="0"/><INIT seed="0,0,0,2,2,19" ten="250,250,250,250" oya="0" hai0="54,111,14,57,66,89,34,69,121,134,96,79,125" hai1="39,49,25,28,59,72,50,103,11,95,75,114,81" hai2="63,6,110,44,129,105,100,76,51,112,80,36,17" hai3="126,48,102,77,2,46,26,115,117,85,8,68,94"/><T21/><D34/><U31/><E39/><V74/><F112/><W20/><G115/><T30/><D121/><U120/><E120/><V78/><F110/><W42/><G117/><T55/><D79/><U131/><E114/><V99/><F36/><W40/><G68/><T123/><D69/><U109/><E109/><V22/><F129/><W133/><G133/><T101/><D123/><U23/><E131/><V47/><F6/><W124/><G40/><T4/><D134/><U88/><E31/><V37/><F37/><W33/><G33/><T93/><D89/><U127/><E127/><V27/><F78/><W113/><G113/><T82/><D82/><U119/><E119/><V62/><REACH who="2" step="1"/><F47/><REACH who="2" ten="250,250,240,250" step="2"/><W107/><G77/><T73/><D111/><U108/><E108/><V97/><F97/><W118/><G46/><T45/><D45/><U29/><E75/><V32/><F32/><W35/><G35/><T98/><D96/><N who="1" m="59807" /><E72/><V104/><F104/><W56/><G118/><T12/><D73/><U0/><E0/><V24/><F24/><W106/><G107/><T70/><D125/><U86/><E29/><V71/><F71/><W43/><G106/><T91/><D70/><U135/><E135/><V84/><F84/><W53/><G85/><T52/><D4/><U16/><E59/><V83/><F83/><W3/><G124/><T128/><D128/><U132/><E132/><V9/><F9/><W15/><G126/><T87/><D87/><U67/><E67/><V18/><F18/><W90/><G56/><T60/><D101/><U7/><E28/><V130/><F130/><RYUUKYOKU ba="0,1" sc="250,10,250,10,240,10,250,-30" hai0="12,14,21,30,52,54,55,57,60,66,91,93,98" hai1="7,11,16,23,25,49,50,81,86,88" hai2="17,22,27,44,51,62,63,74,76,80,99,100,105" /><INIT seed="0,1,1,3,4,126" ten="260,260,250,220" oya="0" hai0="107,64,63,93,92,105,88,68,86,29,23,19,26" hai1="95,0,130,7,3,65,42,40,106,47,50,76,133" hai2="96,59,127,72,11,122,20,70,74,111,87,120,22" hai3="80,28,57,15,39,60,103,10,1,34,97,89,83"/><T69/><D69/><U38/><E106/><V9/><F70/><W129/><G1/><T33/><REACH who="0" step="1"/><D92/><REACH who="0" ten="250,260,250,220" step="2"/><U73/><E95/><V115/><F122/><W98/><G129/><T123/><D123/><U71/><E130/><V46/><F120/><W61/><G83/><T43/><D43/><U99/><E42/><V14/><F127/><W25/><G80/><T53/><D53/><U90/><E40/><V79/><F115/><W16/><G39/><T134/><D134/><U24/><E38/><V124/><F124/><W66/><G89/><T117/><D117/><U35/><E133/><V85/><F111/><W6/><G103/><T114/><D114/><U55/><E90/><V51/><F79/><W75/><G75/><T32/><D32/><U78/><E73/><V12/><F74/><W48/><G48/><T67/><D67/><U37/><E37/><V108/><F72/><W81/><G81/><T49/><D49/><U125/><E125/><V110/><F51/><W116/><G116/><T104/><D104/><U82/><E76/><V4/><F110/><W91/><G91/><T52/><D52/><U77/><E77/><V2/><F108/><W109/><G109/><T58/><D58/><U27/><E78/><V112/><F59/><W45/><G60/><T94/><D94/><U62/><E82/><V119/><F112/><W44/><REACH who="3" step="1"/><G6/><REACH who="3" ten="250,260,250,210" step="2"/><T8/><D8/><U36/><E36/><V54/><F4/><W132/><G132/><T21/><D21/><U102/><E7/><V113/><F20/><W17/><G17/><T13/><AGARI ba="1,3" hai="13,19,23,26,29,33,63,64,68,86,88,93,105,107" machi="13" ten="20,18000,2" yaku="1,1,0,1,7,1,54,1,53,2" doraHai="126" doraHaiUra="100" who="0" fromWho="0" sc="250,213,260,-61,250,-61,210,-61" /><INIT seed="0,2,0,4,3,12" ten="463,199,189,149" oya="0" hai0="107,84,85,129,75,21,118,51,22,0,18,133,114" hai1="78,131,115,112,44,50,68,104,62,120,9,31,46" hai2="94,99,32,39,42,95,65,10,116,117,86,83,36" hai3="87,126,26,35,121,125,14,119,77,8,108,124,4"/><T122/><D107/><U103/><E120/><V128/><F32/><W69/><G69/><T1/><D75/><U90/><E131/><V100/><F128/><W19/><G77/><T64/><D129/><U11/><E78/><V24/><F24/><W3/><G87/><T70/><D70/><U55/><E31/><V48/><F65/><W27/><G121/><T123/><D64/><N who="1" m="40983" /><E44/><N who="2" m="25623" /><F95/><W34/><G108/><T92/><D92/><U23/><E90/><N who="2" m="51551" /><F10/><N who="3" m="2335" /><G119/><AGARI ba="2,0" hai="36,39,94,99,100,116,117,119" m="51551,25623" machi="119" ten="30,1000,0" yaku="12,1" doraHai="12" who="2" fromWho="3" sc="463,0,199,0,189,16,149,-16" /><INIT seed="1,0,0,5,4,79" ten="463,199,205,133" oya="1" hai0="50,70,112,63,54,47,11,32,48,1,31,125,33" hai1="78,46,88,24,13,91,7,101,67,97,56,45,39" hai2="53,89,36,21,0,85,35,116,114,19,34,121,73" hai3="9,69,99,27,64,126,66,3,14,95,29,61,58"/><U122/><E122/><V23/><F73/><W115/><G126/><T75/><D125/><U96/><E78/><V5/><F36/><W80/><G3/><T68/><D75/><U17/><E39/><V77/><F77/><W118/><G115/><T71/><D31/><U38/><E38/><V100/><F100/><W60/><G118/><T30/><D30/><U28/><E7/><V55/><F89/><N who="1" m="34377" /><E28/><V105/><F19/><W119/><G119/><T103/><D1/><U81/><E24/><V123/><F105/><W120/><G120/><T93/><D71/><U106/><E106/><V92/><F0/><W22/><G95/><T108/><D70/><U74/><E74/><V49/><F5/><W2/><G2/><T104/><D104/><U130/><E130/><V90/><F114/><W76/><G99/><N who="1" m="37962" /><E101/><V72/><F72/><W44/><G44/><T18/><D103/><U135/><E135/><V12/><F116/><W133/><G133/><T52/><D33/><U65/><E81/><V8/><F34/><W110/><G110/><T94/><D32/><U40/><E40/><V41/><F41/><W82/><REACH who="3" step="1"/><G76/><REACH who="3" ten="463,199,205,123" step="2"/><T42/><D108/><U86/><E46/><V111/><F111/><W134/><G134/><T83/><D47/><U15/><E45/><V127/><F123/><W6/><AGARI ba="0,1" hai="6,9,14,22,27,29,58,60,61,64,66,69,80,82" machi="6" ten="20,8000,1" yaku="1,1,0,1,7,1,52,2,53,0" doraHai="79" doraHaiUra="113" who="3" fromWho="3" sc="463,-20,199,-40,205,-20,123,90" /><INIT seed="2,0,0,3,5,69" ten="443,159,185,213" oya="2" hai0="94,30,100,22,27,37,33,0,124,29,42,109,112" hai1="123,77,61,50,35,48,113,78,133,21,105,12,81" hai2="24,125,13,67,49,52,115,23,54,2,111,96,132" hai3="126,32,74,135,43,108,90,89,44,87,107,10,8"/><V73/><F2/><W9/><G74/><T91/><D112/><U128/><E113/><V131/><F115/><W83/><G108/><T34/><D109/><U15/><E35/><V38/><F73/><W36/><G32/><T106/><D106/><U104/><E123/><V110/><F131/><W59/><G135/><T134/><D100/><U64/><E128/><V63/><F38/><W3/><G107/><T18/><D124/><U39/><E133/><V6/><F125/><W76/><G126/><T114/><D0/><U60/><E21/><V99/><F132/><W116/><G116/><T28/><D114/><U71/><E81/><V53/><F49/><W127/><G127/><T130/><D130/><U129/><E129/><V51/><F51/><W7/><G59/><T45/><D134/><U46/><E71/><V86/><F86/><W40/><G40/><T102/><D102/><U47/><E64/><V97/><F13/><W70/><G70/><T5/><D5/><U4/><E4/><V20/><F6/><W16/><G9/><T55/><D55/><U118/><E118/><V11/><F11/><W17/><G10/><T66/><D66/><U92/><E92/><V31/><REACH who="2" step="1"/><F23/><REACH who="2" ten="443,159,175,213" step="2"/><W1/><G1/><T68/><D34/><U120/><E120/><V98/><N who="2" m="24576" /><DORA hai="57" /><V65/><F65/><W19/><AGARI ba="0,1" hai="3,7,8,16,17,19,36,43,44,76,83,87,89,90" machi="19" ten="30,4000,0" yaku="0,1,52,1,54,1" doraHai="69,57" who="3" fromWho="3" sc="443,-10,159,-10,175,-20,213,50" /><INIT seed="3,0,0,2,2,87" ten="433,149,155,263" oya="3" hai0="80,8,91,126,121,47,94,70,32,35,21,7,135" hai1="89,42,63,68,34,69,107,112,97,59,88,52,48" hai2="29,5,40,37,132,127,1,60,92,12,57,98,62" hai3="73,56,81,84,3,22,82,106,26,27,103,64,33"/><W117/><G3/><T93/><D70/><U71/><E112/><V58/><F1/><W78/><G117/><T111/><D80/><U65/><E34/><V134/><F29/><W77/><G33/><T41/><D121/><U55/><E42/><V13/><F127/><W109/><G109/><T75/><D94/><U10/><E10/><N who="2" m="4175" /><F13/><W129/><G129/><T85/><D135/><N who="2" m="51754" /><F40/><W108/><G108/><T24/><D75/><U96/><E65/><V2/><F2/><W30/><G27/><T17/><D126/><U90/><REACH who="1" step="1"/><E107/><REACH who="1" ten="433,139,155,263" step="2"/><V6/><F37/><W19/><G64/><T53/><D111/><U18/><E18/><V74/><F6/><W67/><G19/><T46/><D53/><U25/><E25/><V23/><F74/><W131/><G131/><T110/><D110/><U20/><E20/><V100/><F23/><W14/><G67/><T113/><D113/><U15/><E15/><V104/><F104/><W76/><G14/><T119/><D119/><U72/><E72/><V123/><F123/><W66/><G66/><T51/><D7/><U128/><E128/><V11/><F11/><W38/><G38/><T16/><D17/><U83/><E83/><V61/><AGARI ba="0,1" hai="57,58,60,61,62,92,98,100" m="51754,4175" machi="61" ten="30,1100,0" yaku="20,1" doraHai="87" who="2" fromWho="2" sc="433,-3,139,-3,155,21,263,-5" owari="430,53.0,136,-36.4,176,-22.4,258,5.8" /></mjloggm>