<mjloggm ver="2.3"><GO type="225" lobby="0"/><UN n0="%E3%81%AF%E3%82%88%E3%81%8A%E3%81%98%E3%81%95%E3%82%93" n1="%E7%B4%94%E6%BD%94%E3%83%94%E3%83%A9%E3%83%8B%E3%82%A2" n2="%6D%75%75%6D%75%72%61" n3="%48%61%61%61%6C%61%6E%64" dan="16,16,16,17" rate="2160.31,2088.40,2136.12,2224.79" sx="M,M,F,M"/><TAIKYOKU oya="0"/><INIT seed="0,0,0,1,2,133" ten="250,250,250,250" oya="0" hai0="118,91,1,87,9,129,125,42,110,17,130,60,31" hai1="106,41,38,7,55,97,32,51,112,131,89,58,61" hai2="123,20,10,86,127,24,34,4,115,67,2,33,116" hai3="119,117,99,27,132,107,65,29,36,103,80,104,109"/><T0/><D118/><U3/><E32/><V90/><F116/><W15/><G132/><T35/><D42/><U100/><E131/><N who="0" m="50185" /><D60/><U64/><E112/><V28/><F115/><W82/><G36/><T77/><D77/><U12/><E3/><N who="0" m="1097" /><D87/><U95/><E7/><V122/><F67/><W108/><G65/><T53/><D53/><U85/><E12/><V68/><F68/><W126/><G117/><T88/><D110/><U98/><E38/><V39/><F39/><W66/><G66/><T43/><D43/><U22/><E22/><V111/><F111/><W128/><G119/><T105/><D105/><U96/><REACH who="1" step="1"/><E41/><REACH who="1" ten="250,240,250,250" step="2"/><V56/><F34/><W124/><G128/><T45/><D35/><U120/><E120/><V8/><F33/><W25/><G109/><T46/><D31/><U26/><E26/><V54/><F122/><W18/><G27/><T5/><D17/><U48/><E48/><V40/><F123/><W69/><G108/><T94/><D5/><U72/><E72/><V81/><F40/><W63/><G29/><T102/><D9/><U23/><E23/><V62/><REACH who="2" step="1"/><F10/><REACH who="2" ten="250,240,240,250" step="2"/><W44/><G69/><AGARI ba="0,2" hai="51,55,58,61,64,69,85,89,95,96,97,98,100,106" machi="69" ten="30,2000,0" yaku="1,1,7,1,53,0" doraHai="133" doraHaiUra="74" who="1" fromWho="3" sc="250,0,240,40,240,0,250,-20" /><INIT seed="1,0,0,4,4,74" ten="250,280,240,230" oya="1" hai0="121,118,17,100,49,78,110,122,65,108,55,1,73" hai1="30,71,50,54,52,70,116,23,96,64,102,97,89" hai2="88,8,93,84,91,53,31,0,33,9,21,46,47" hai3="34,28,127,57,6,51,5,128,82,44,13,130,42"/><U79/><E116/><V61/><F33/><W32/><G127/><T83/><D118/><U2/><E2/><V134/><F134/><W126/><G126/><T59/><D1/><U103/><E64/><V125/><F125/><W77/><G57/><T90/><D100/><U85/><E70/><V120/><F120/><N who="0" m="46186" /><D65/><U117/><E71/><V129/><F129/><N who="3" m="49771" /><G28/><T16/><D90/><U20/><E117/><V104/><F104/><W67/><G67/><T76/><D78/><U15/><E15/><V95/><F0/><W43/><G43/><T24/><D24/><N who="1" m="16647" /><E23/><V62/><F21/><W4/><G13/><T132/><D132/><U123/><E54/><V72/><F31/><W25/><G25/><T12/><D17/><U41/><E41/><V98/><F72/><AGARI ba="0,0" hai="4,5,6,32,34,42,44,51,72,77,82" m="49771" machi="72" ten="30,2000,0" yaku="19,1,52,1" doraHai="74" who="3" fromWho="2" sc="250,0,280,0,240,-20,230,20" /><INIT seed="2,0,0,1,2,32" ten="250,280,220,250" oya="2" hai0="108,116,63,14,117,59,131,46,29,92,52,86,42" hai1="101,104,106,129,21,34,50,87,24,47,126,22,27" hai2="66,31,81,113,6,36,102,15,69,72,122,70,99" hai3="95,37,45,114,0,33,20,130,78,2,75,100,38"/><V83/><F113/><W49/><G33/><T88/><D108/><U48/><E34/><V96/><F122/><W120/><G120/><T80/><D131/><U132/><E126/><V54/><F36/><W77/><G130/><T103/><D29/><U61/><E61/><V125/><F31/><W133/><G114/><T68/><D68/><U79/><E101/><V57/><F125/><W89/><G100/><T121/><D121/><U105/><E132/><V16/><F6/><W56/><G133/><T128/><D128/><U109/><E109/><V84/><F72/><W8/><G20/><T85/><D14/><U76/><E87/><V67/><F70/><W41/><G8/><T124/><D124/><U55/><E129/><V73/><F73/><W17/><G17/><T82/><D103/><U58/><E22/><N who="2" m="11551" /><F69/><W93/><G38/><T98/><D86/><U19/><REACH who="1" step="1"/><E24/><REACH who="1" ten="250,270,220,250" step="2"/><V135/><F135/><W111/><G111/><T97/><D85/><U11/><E11/><V62/><F83/><W123/><G123/><T10/><D10/><U9/><E9/><V60/><F60/><W51/><G75/><T25/><D25/><U4/><E4/><V12/><F102/><W134/><G134/><T44/><D98/><N who="2" m="37418" /><F12/><W5/><G5/><T18/><D80/><U7/><E7/><V40/><F40/><AGARI ba="0,1" hai="19,21,27,40,47,48,50,55,58,76,79,104,105,106" machi="40" ten="40,1300,0" yaku="1,1,53,0" doraHai="32" doraHaiUra="118" who="1" fromWho="2" sc="250,0,270,23,220,-13,250,0" /><INIT seed="3,0,0,4,5,35" ten="250,293,207,250" oya="3" hai0="66,60,93,76,28,100,129,32,135,73,101,126,87" hai1="107,13,55,3,128,58,33,117,94,44,123,120,8" hai2="102,54,108,82,110,49,122,88,24,43,95,114,74" hai3="11,47,21,23,57,105,72,26,70,83,31,96,121"/><W51/><G70/><T6/><D126/><U30/><E107/><V71/><F114/><W12/><G121/><T132/><D129/><U39/><E3/><V133/><F71/><W27/><G57/><T62/><D6/><U46/><E128/><V124/><F122/><W16/><G72/><T78/><D32/><U5/><E117/><V80/><F124/><W56/><G56/><T29/><D87/><U65/><E65/><V113/><F113/><W75/><G75/><T69/><D93/><U106/><E106/><V38/><F74/><W116/><G83/><T37/><D73/><U130/><E130/><V84/><F133/><N who="0" m="51274" /><D37/><U91/><E39/><V10/><F102/><N who="0" m="39530" /><D66/><U53/><E53/><V36/><F24/><W125/><G125/><T86/><D86/><U61/><E123/><V41/><F36/><W18/><G105/><T25/><D25/><U111/><E33/><V17/><F38/><W97/><G116/><T85/><D85/><N who="1" m="52591" /><E30/><N who="0" m="11881" /><D69/><U115/><E115/><V34/><F34/><W79/><G79/><AGARI ba="0,0" hai="60,62,76,78,79" m="11881,39530,51274" machi="79" ten="30,3900,0" yaku="28,2,20,1" doraHai="35" who="0" fromWho="3" sc="250,39,293,0,207,0,250,-39" /><INIT seed="4,0,0,1,5,27" ten="289,293,207,211" oya="0" hai0="135,73,51,122,5,80,77,56,98,104,10,126,60" hai1="129,76,94,14,52,87,93,26,123,133,0,43,125" hai2="40,53,18,105,88,47,58,72,12,117,119,4,116" hai3="61,49,113,15,17,130,8,128,45,118,109,107,85"/><T78/><D122/><U90/><E0/><V96/><F72/><W65/><G107/><T71/><D126/><U22/><E123/><V55/><F4/><W37/><G109/><T69/><D135/><U63/><E133/><V95/><F105/><W134/><G134/><T132/><D132/><U28/><E125/><V1/><F1/><W83/><G37/><T38/><D38/><U41/><E129/><V34/><F34/><W86/><G113/><T82/><D51/><U114/><E114/><V79/><F79/><W115/><G118/><T19/><D19/><U46/><E14/><V7/><F7/><W124/><G115/><T102/><D56/><N who="1" m="35207" /><E46/><V100/><F100/><W70/><G124/><T66/><D60/><U111/><E111/><V112/><F112/><W31/><G128/><T64/><D66/><U67/><E67/><V11/><REACH who="2" step="1"/><F58/><REACH who="2" ten="289,293,197,211" step="2"/><W29/><G130/><T91/><D91/><N who="1" m="53503" /><E76/><V84/><F84/><AGARI ba="0,1" hai="22,26,28,41,43,84,90,94" m="53503,35207" machi="84" ten="30,3900,0" yaku="8,1,52,1,54,1" doraHai="27" who="1" fromWho="2" sc="289,0,293,49,197,-39,211,0" owari="289,8.9,342,44.2,158,-34.2,211,-18.9" /></mjloggm>