<mjloggm ver="2.3"><GO type="225" lobby="0"/><UN n0="%E3%81%86%E3%82%8C%E3%81%9F%E3%82%93%E6%9E%95" n1="%E3%83%99%E3%83%AB%E3%83%A2%E3%83%83%E3%83%88" n2="%E3%81%B5%E3%81%98%E3%81%8B%E3%81%A4" n3="%77%72%77%72%77%72%77%72" dan="16,16,16,16" rate="2088.46,2101.66,2189.81,2228.12" sx="F,M,M,M"/><TAIKYOKU oya="0"/><INIT seed="0,0,0,1,0,113" ten="250,250,250,250" oya="0" hai0="91,121,80,126,36,60,104,75,94,23,55,96,40" hai1="117,135,5,21,64,90,88,76,44,15,16,28,61" hai2="69,84,56,6,4,119,46,73,39,59,130,74,34" hai3="114,103,10,110,128,100,122,78,20,107,98,106,22"/><T66/><D121/><U7/><E76/><V24/><F69/><W86/><G114/><T2/><D2/><U93/><E117/><V47/><F119/><W1/><G122/><T97/><D126/><U124/><E135/><V30/><F130/><W52/><G128/><T72/><D40/><U17/><E44/><V54/><F39/><W95/><G110/><T109/><D36/><U26/><E90/><V116/><F116/><W0/><G78/><T3/><D3/><U134/><E134/><V123/><F123/><W31/><G31/><T83/><D109/><U85/><E17/><V49/><F84/><W19/><G86/><T14/><D55/><U37/><E37/><V32/><F30/><W29/><G29/><T99/><D104/><U108/><E124/><V51/><REACH who="2" step="1"/><F54/><REACH who="2" ten="250,250,240,250" step="2"/><W62/><G52/><T67/><D75/><U57/><REACH who="1" step="1"/><E108/><REACH who="1" ten="250,240,240,250" step="2"/><V33/><F33/><AGARI ba="0,2" hai="5,7,15,16,21,26,28,33,57,61,64,85,88,93" machi="33" ten="30,8000,1" yaku="1,1,2,1,7,1,54,2,53,0" doraHai="113" doraHaiUra="38" who="1" fromWho="2" sc="250,0,240,100,240,-80,250,0" /><INIT seed="1,0,0,4,0,5" ten="250,340,160,250" oya="1" hai0="38,9,27,61,53,113,17,66,35,112,3,81,103" hai1="104,97,135,73,65,4,23,88,76,102,49,117,98" hai2="40,95,14,96,44,121,126,110,132,51,48,20,63" hai3="39,89,41,0,45,78,94,34,86,54,59,52,79"/><U2/><E135/><V13/><F121/><W133/><G133/><T36/><D103/><U118/><E65/><V15/><F132/><W70/><G70/><T87/><D53/><U21/><E49/><V116/><F116/><W84/><G34/><T57/><D3/><U58/><E58/><V25/><F126/><W60/><G0/><T37/><D35/><U101/><E117/><V125/><F110/><W74/><G74/><T10/><D27/><U109/><E118/><V72/><F72/><W128/><G128/><T6/><D17/><U42/><E42/><V105/><F105/><W131/><G131/><T124/><D124/><U85/><E73/><V115/><F115/><W67/><REACH who="3" step="1"/><G86/><REACH who="3" ten="250,340,160,240" step="2"/><T106/><D113/><U130/><E130/><V77/><F125/><W69/><G69/><T32/><D112/><U68/><E109/><V50/><F77/><AGARI ba="0,1" hai="39,41,45,52,54,59,60,67,77,78,79,84,89,94" machi="77" ten="40,5200,0" yaku="1,1,54,1,53,1" doraHai="5" doraHaiUra="62" who="3" fromWho="2" sc="250,0,340,0,160,-52,240,62" /><INIT seed="2,0,0,0,2,73" ten="250,340,108,302" oya="2" hai0="74,100,53,125,129,23,76,68,81,57,13,64,105" hai1="134,67,5,111,80,77,78,11,102,106,20,131,7" hai2="85,130,17,87,95,121,132,58,89,33,98,19,99" hai3="46,48,93,29,84,45,107,79,83,38,31,66,124"/><V15/><F121/><W97/><G107/><T61/><D129/><U116/><E111/><V34/><F130/><W63/><G124/><T42/><D125/><U59/><E131/><V133/><F58/><N who="3" m="37239" /><G38/><T50/><D42/><U123/><E80/><V88/><REACH who="2" step="1"/><F15/><REACH who="2" ten="250,340,98,302" step="2"/><W10/><G45/><T86/><D13/><U27/><E123/><V108/><F108/><W18/><G46/><T126/><D126/><U135/><E116/><V56/><F56/><W110/><G110/><T32/><D57/><U43/><E59/><V119/><F119/><W14/><G48/><T122/><D50/><U103/><E134/><V104/><F104/><W70/><G70/><T65/><D122/><U21/><E106/><V96/><F96/><W22/><G10/><T39/><D105/><U49/><E11/><V109/><F109/><W69/><G69/><T41/><D68/><U90/><E49/><V91/><F91/><AGARI ba="0,1" hai="14,18,22,29,31,79,83,84,91,93,97" m="37239" machi="91" ten="30,2000,0" yaku="8,1,52,1" doraHai="73" who="3" fromWho="2" sc="250,0,340,0,98,-20,302,30" /><INIT seed="3,0,0,3,4,50" ten="250,340,78,332" oya="3" hai0="7,31,48,29,6,28,18,117,92,20,99,88,82" hai1="93,57,74,109,1,89,27,83,42,51,46,121,47" hai2="105,112,68,96,78,102,113,134,67,8,34,43,75" hai3="38,10,77,84,123,54,73,64,133,40,2,86,15"/><W119/><G123/><T128/><D128/><U120/><E1/><V26/><F134/><W107/><G119/><T95/><D117/><U81/><E109/><V70/><F8/><W24/><G107/><T90/><D82/><U21/><E57/><V58/><F58/><W25/><G64/><T39/><D39/><U72/><E72/><V65/><F113/><W91/><G133/><T125/><D48/><U71/><E71/><V115/><F115/><W32/><G2/><T111/><D125/><U62/><E62/><V49/><F112/><W130/><G130/><T114/><D111/><U63/><E63/><V61/><F49/><W3/><G3/><T126/><D126/><U122/><E47/><V12/><F12/><W30/><G24/><N who="0" m="14359" /><D114/><U52/><E42/><V87/><F43/><W59/><G40/><T97/><AGARI ba="0,0" hai="6,7,28,29,31,88,90,92,95,97,99" m="14359" machi="97" ten="30,2000,0" yaku="8,1,54,1" doraHai="50" who="0" fromWho="0" sc="250,20,340,-5,78,-5,332,-10" owari="270,-13.0,335,43.5,73,-42.7,322,12.2" /></mjloggm>