<mjloggm ver="2.3"><GO type="225" lobby="0"/><UN n0="%E3%81%A4%E3%81%A3%E3%81%B1%E3%82%8A%E3%83%9D%E3%83%BC%E3%83%AB" n1="%E6%97%A5%E6%9B%9C%E6%97%A5%E3%82%88%E3%82%8A%E3%81%AE%E4%BD%BF%E8%80%85" n2="%E6%81%A5%E6%99%92%E3%81%97" n3="%E6%98%93%E5%88%A9%E8%96%A9%E4%BC%AF" dan="16,16,16,16" rate="2116.47,2106.68,2123.06,2051.25" sx="M,M,M,F"/><TAIKYOKU oya="0"/><INIT seed="0,0,0,1,5,130" ten="250,250,250,250" oya="0" hai0="93,108,26,78,119,60,124,49,39,56,46,101,80" hai1="18,64,74,88,24,34,36,110,29,126,41,89,118" hai2="94,9,42,31,98,45,129,128,27,90,85,14,86" hai3="25,91,54,113,73,112,8,38,83,71,0,81,62"/><T17/><D119/><U122/><E118/><V22/><F128/><W103/><G38/><T19/><D39/><U10/><E122/><V65/><F65/><W106/><G25/><T40/><D124/><U12/><E74/><V68/><F129/><W21/><G21/><T51/><D108/><U1/><E110/><V48/><REACH who="2" step="1"/><F68/><REACH who="2" ten="250,250,240,250" step="2"/><W114/><G71/><T82/><D26/><U13/><E126/><V84/><F84/><W59/><G73/><T67/><D51/><U132/><E64/><V123/><F123/><W99/><REACH who="3" step="1"/><G91/><REACH who="3" ten="250,250,240,240" step="2"/><T15/><D78/><U72/><E72/><V33/><F33/><W76/><G76/><T135/><D67/><U43/><E89/><V58/><F58/><W20/><G20/><T53/><D56/><U32/><E88/><V115/><F115/><W109/><G109/><T92/><D46/><U102/><E34/><V105/><F105/><W87/><G87/><T69/><D69/><U104/><E32/><V61/><F61/><W35/><G35/><T133/><D60/><U127/><E104/><V44/><F44/><W96/><G96/><T107/><D107/><U77/><E77/><V79/><F79/><W95/><G95/><T50/><D93/><U75/><E75/><V111/><F111/><W23/><G23/><T121/><D92/><U7/><E127/><V100/><F100/><W2/><G2/><T117/><D101/><U30/><E102/><V37/><F37/><W6/><AGARI ba="0,2" hai="0,6,8,54,59,62,81,83,99,103,106,112,113,114" machi="6" ten="40,5200,0" yaku="1,1,0,1,53,1" doraHai="130" doraHaiUra="97" who="3" fromWho="3" sc="250,-26,250,-13,240,-13,240,72" /><INIT seed="1,0,0,4,1,109" ten="224,237,227,312" oya="1" hai0="102,72,75,89,99,37,134,51,25,59,94,12,21" hai1="39,8,28,78,135,29,85,91,68,48,3,10,107" hai2="64,57,54,67,13,90,9,1,61,44,66,130,26" hai3="49,36,71,47,121,5,118,17,84,122,33,103,114"/><U7/><E39/><V45/><F130/><W40/><G114/><T76/><D37/><U117/><E117/><V74/><F1/><W133/><G118/><T97/><D134/><U27/><E107/><V111/><F111/><W14/><G71/><T82/><D75/><U123/><E123/><V93/><F74/><W19/><G133/><T43/><D12/><U77/><E68/><V16/><REACH who="2" step="1"/><F26/><REACH who="2" ten="224,237,217,312" step="2"/><W30/><G122/><T6/><D6/><U106/><E135/><V131/><F131/><W128/><G5/><T81/><D72/><U32/><E7/><V127/><F127/><W2/><G128/><T120/><D120/><U98/><E3/><V15/><F15/><W105/><G14/><T73/><D73/><U96/><E27/><V46/><F46/><W31/><G47/><T58/><D25/><U34/><E34/><V87/><AGARI ba="0,1" hai="9,13,16,44,45,54,57,61,64,66,67,87,90,93" machi="87" ten="30,8000,1" yaku="1,1,0,1,8,1,54,1,53,1" doraHai="109" doraHaiUra="50" who="2" fromWho="2" sc="224,-20,237,-40,217,90,312,-20" /><INIT seed="2,0,0,1,3,135" ten="204,197,307,292" oya="2" hai0="107,89,90,8,104,130,17,47,50,106,46,44,80" hai1="1,38,115,99,6,88,43,68,53,42,21,4,83" hai2="40,5,74,37,75,108,59,18,62,87,76,82,20" hai3="35,122,112,111,64,45,127,33,118,109,72,100,14"/><V91/><F108/><N who="3" m="41547" /><G72/><T71/><D71/><U66/><E115/><V63/><F5/><N who="1" m="2153" /><E68/><V60/><F37/><W26/><G100/><T86/><D130/><U124/><E38/><V12/><F40/><N who="1" m="15401" /><E1/><V2/><F2/><W27/><G45/><T51/><REACH who="0" step="1"/><D90/><REACH who="0" ten="194,197,307,292" step="2"/><U128/><E128/><V48/><F91/><W98/><G112/><T120/><D120/><U131/><E131/><V114/><F114/><W52/><G122/><T30/><D30/><U0/><E0/><V81/><F75/><W3/><G3/><T70/><D70/><U23/><E124/><V132/><F74/><W113/><G127/><T117/><D117/><U54/><E66/><V73/><F73/><W102/><G64/><T92/><D92/><N who="1" m="56711" /><E83/><V96/><F82/><W95/><G118/><T134/><D134/><U121/><E121/><V15/><F132/><W133/><G133/><T69/><D69/><U61/><E61/><V29/><F63/><W110/><G110/><T10/><D10/><U85/><E85/><V125/><F62/><W77/><G113/><T56/><D56/><U58/><E58/><V36/><F60/><W11/><G11/><T7/><D7/><U34/><E34/><V79/><F87/><W97/><G35/><T116/><D116/><U78/><E78/><V28/><F79/><W49/><G33/><T119/><D119/><U84/><E84/><V24/><F125/><W41/><G77/><T94/><D94/><U31/><E31/><V103/><F29/><W55/><G95/><T39/><D39/><U105/><E105/><V32/><F28/><W25/><G98/><RYUUKYOKU ba="0,1" sc="194,15,197,15,307,-15,292,-15" hai0="8,17,44,46,47,50,51,80,86,89,104,106,107" hai1="21,23,53,54" /><INIT seed="3,1,1,3,5,135" ten="209,212,292,277" oya="3" hai0="76,33,5,4,37,68,40,53,48,65,127,77,102" hai1="2,41,22,1,46,60,69,115,134,110,80,104,17" hai2="47,11,88,6,75,111,3,126,118,91,35,84,112" hai3="133,52,0,107,81,130,44,16,82,73,109,56,128"/><W74/><G107/><T124/><D33/><U120/><E115/><V12/><F112/><W87/><G0/><T42/><D102/><U57/><E104/><V78/><F118/><W45/><G109/><T19/><D37/><U119/><E69/><V116/><F126/><N who="0" m="48170" /><D19/><U43/><E120/><V27/><F111/><W26/><G133/><T66/><D42/><U59/><E110/><V72/><F116/><W90/><G26/><T122/><D40/><U38/><E134/><V21/><F75/><W25/><G74/><T121/><D77/><U9/><E119/><V89/><F35/><W94/><G25/><T50/><D76/><U83/><E43/><V129/><F78/><W86/><G16/><T106/><D106/><U132/><E132/><V55/><F72/><W117/><G73/><T123/><D50/><U23/><E23/><V30/><F129/><N who="3" m="49771" /><G117/><T61/><D66/><U29/><E29/><V98/><F30/><W64/><G64/><T24/><D24/><U51/><E38/><V108/><F27/><W34/><G34/><T28/><D28/><U7/><E51/><N who="2" m="29183" /><F108/><W36/><G36/><T63/><D63/><U39/><E60/><V95/><F21/><W131/><G131/><T54/><D54/><U101/><E101/><V85/><F91/><W18/><G18/><T96/><D96/><U105/><E105/><V99/><F99/><W113/><G113/><T114/><D114/><U15/><REACH who="1" step="1"/><E1/><REACH who="1" ten="209,202,292,277" step="2"/><V14/><F3/><W49/><G87/><N who="2" m="33353" /><F14/><W20/><G20/><T103/><D103/><U58/><AGARI ba="1,2" hai="2,7,9,15,17,22,39,41,46,57,58,59,80,83" machi="58" ten="30,4000,0" yaku="1,1,0,1,53,1" doraHai="135" doraHaiUra="8" who="1" fromWho="1" sc="209,-11,202,63,292,-11,277,-21" /><INIT seed="4,0,0,1,1,55" ten="198,265,281,256" oya="0" hai0="127,22,100,21,8,93,24,20,42,59,134,1,70" hai1="121,6,90,103,104,84,7,18,78,91,49,125,107" hai2="128,44,122,114,37,19,73,109,77,89,129,74,118" hai3="95,0,119,60,16,48,13,97,43,15,120,33,63"/><T28/><D70/><U50/><E121/><V110/><F122/><W23/><G33/><T56/><D134/><U124/><E78/><V108/><F19/><W62/><G0/><T105/><D105/><U135/><E103/><V53/><F89/><W3/><G3/><T67/><D127/><U81/><E81/><N who="2" m="45231" /><F114/><W35/><G35/><T68/><D68/><U47/><E47/><V10/><F118/><W65/><G119/><T58/><D42/><U64/><E84/><V92/><F92/><W130/><G130/><N who="2" m="50281" /><F74/><W12/><G120/><T4/><REACH who="0" step="1"/><D67/><REACH who="0" ten="188,265,281,256" step="2"/><U94/><E64/><V9/><F108/><W132/><G132/><T39/><D39/><U96/><E135/><V131/><F131/><W30/><G65/><T86/><D86/><U66/><E66/><V45/><F37/><W133/><G133/><T126/><D126/><U76/><E107/><V38/><F109/><W2/><G2/><T98/><AGARI ba="0,1" hai="1,4,8,20,21,22,24,28,56,58,59,93,98,100" machi="98" ten="30,18000,2" yaku="1,1,0,1,52,3,53,1" doraHai="55" doraHaiUra="26" who="0" fromWho="0" sc="188,190,265,-60,281,-60,256,-60" owari="378,47.8,205,-19.5,221,2.1,196,-30.4" /></mjloggm>