<mjloggm ver="2.3"><GO type="225" lobby="0"/><UN n0="%E3%82%A2%E3%83%BC%E3%83%A2%E3%83%AD%E3%83%BC%E3%83%B4%E3%82%A1" n1="%72%61%6B%33" n2="%E3%81%A9%E3%82%8F%E3%82%93%E3%81%94" n3="%E3%83%9D%E3%83%B3%E3%83%9D%E3%82%B3%E5%95%86%E4%BA%8B" dan="16,16,16,16" rate="2178.88,2083.09,2077.16,2137.83" sx="M,M,M,M"/><TAIKYOKU oya="0"/><INIT seed="0,0,0,3,0,36" ten="250,250,250,250" oya="0" hai0="7,39,26,95,80,19,17,134,23,50,9,118,52" hai1="116,131,2,27,100,48,90,5,108,47,132,113,91" hai2="29,102,35,56,83,3,0,31,57,69,84,94,111" hai3="61,105,24,110,93,63,6,103,86,96,15,14,4"/><T82/><D118/><U81/><E116/><V98/><F69/><W55/><G110/><T112/><D112/><U33/><E108/><V133/><F111/><W10/><G24/><T54/><D39/><U101/><E131/><V121/><F133/><W18/><G6/><T16/><D134/><U99/><E113/><V45/><F121/><W42/><G105/><T66/><D66/><U40/><E132/><V125/><F125/><W78/><G42/><T135/><D135/><U53/><E101/><V122/><F122/><W46/><G46/><T11/><D95/><U77/><E5/><V124/><F0/><W59/><G63/><T62/><D62/><U67/><E2/><V49/><F3/><W75/><G75/><T20/><D7/><U32/><E67/><V30/><F35/><W73/><G73/><T123/><D123/><U72/><E53/><N who="0" m="20585" /><D50/><U68/><E68/><V107/><F107/><W64/><G64/><T43/><D43/><U79/><E32/><V129/><F129/><W34/><G34/><T70/><D70/><U1/><E1/><V130/><F124/><W51/><G61/><T104/><D104/><U41/><E41/><N who="2" m="24751" /><F130/><W38/><G38/><T65/><D65/><U28/><REACH who="1" step="1"/><E79/><AGARI ba="0,0" hai="29,30,31,56,57,79,83,84,94,98,102" m="24751" machi="79" ten="30,2000,0" yaku="8,1,52,1" doraHai="36" who="2" fromWho="1" sc="250,0,250,-20,250,20,250,0" /><INIT seed="1,0,0,2,1,61" ten="250,230,270,250" oya="1" hai0="33,132,129,22,14,131,40,80,59,102,93,3,48" hai1="66,105,100,31,90,125,6,0,41,127,24,85,135" hai2="126,49,123,58,32,9,122,96,89,86,52,70,71" hai3="134,28,116,53,106,23,118,83,120,51,30,82,50"/><U73/><E73/><V81/><F32/><W92/><G106/><T64/><D3/><U36/><E135/><V88/><F126/><W11/><G120/><T57/><D33/><U10/><E90/><V103/><F89/><W43/><G134/><T19/><D132/><U55/><E55/><V112/><F112/><W34/><G34/><T63/><D80/><U121/><E85/><V16/><F123/><W110/><G11/><T74/><D74/><U130/><E130/><N who="0" m="49673" /><D40/><U45/><E121/><V56/><F122/><W77/><G92/><T17/><D17/><U76/><E76/><V4/><F58/><W69/><G69/><N who="0" m="42143" /><D48/><U27/><E66/><V29/><F29/><W79/><G43/><T84/><D84/><U101/><E27/><V38/><F16/><W13/><G13/><T124/><D124/><N who="1" m="47691" /><E105/><V20/><F38/><W25/><G25/><T1/><D1/><U12/><E0/><V42/><F42/><W107/><G107/><T87/><D87/><U113/><E113/><V60/><F86/><W133/><G133/><T7/><D7/><U91/><E91/><V62/><F88/><W47/><G53/><T18/><D18/><U119/><E119/><V114/><F52/><W35/><G35/><AGARI ba="0,0" hai="6,10,12,24,31,35,36,41,45,100,101" m="47691" machi="35" ten="30,1500,0" yaku="18,1" doraHai="61" who="1" fromWho="3" sc="250,0,230,15,270,0,250,-15" /><INIT seed="1,1,0,0,3,55" ten="250,245,270,235" oya="1" hai0="63,59,67,111,123,54,21,114,88,49,81,113,2" hai1="0,83,135,50,4,85,16,28,74,11,78,52,86" hai2="6,128,65,58,75,24,61,51,5,101,15,53,70" hai3="129,45,132,97,64,105,77,93,62,131,98,104,57"/><U14/><E135/><V73/><F128/><N who="3" m="49227" /><G132/><T103/><D2/><U60/><E60/><V102/><F24/><W10/><G77/><T82/><D111/><U1/><E28/><V25/><F25/><W115/><G115/><T44/><D123/><U95/><E95/><V125/><F125/><W3/><G45/><T30/><D103/><U122/><E122/><V76/><F15/><W90/><G98/><T48/><D114/><U130/><E130/><V47/><F76/><W41/><G41/><T91/><D113/><U22/><E0/><V87/><F87/><W39/><G39/><T31/><D49/><U120/><E120/><V94/><F94/><W119/><G119/><T12/><D81/><U112/><REACH who="1" step="1"/><E112/><REACH who="1" ten="250,235,270,235" step="2"/><V127/><F127/><W118/><G118/><T110/><D110/><U89/><E89/><N who="0" m="34377" /><D82/><U108/><E108/><V35/><F102/><W66/><G64/><T9/><D21/><U27/><E27/><V46/><F101/><W96/><G97/><T107/><D107/><U23/><E23/><V106/><F106/><W18/><G3/><T38/><D38/><U7/><E7/><AGARI ba="1,1" hai="7,9,12,30,31,44,48,54,59,63,67" m="34377" machi="7" ten="30,3900,0" yaku="8,1,52,1,54,1" doraHai="55" who="0" fromWho="1" sc="250,52,235,-42,270,0,235,0" /><INIT seed="2,0,0,2,3,97" ten="302,193,270,235" oya="2" hai0="89,54,93,30,14,92,78,67,79,2,36,1,123" hai1="82,23,51,107,27,64,88,116,22,24,122,45,131" hai2="52,96,119,47,76,126,46,94,71,8,34,74,90" hai3="11,85,68,40,133,43,6,73,0,130,41,95,72"/><V65/><F119/><W118/><G118/><T129/><D123/><U62/><E116/><V86/><F34/><W134/><G68/><T120/><D120/><U33/><E122/><V112/><F112/><W15/><G130/><T100/><D36/><U110/><E131/><V84/><F126/><W7/><G7/><T125/><D129/><U50/><E110/><V63/><F8/><W121/><G121/><T91/><D67/><U75/><E107/><V66/><F66/><W111/><G0/><T101/><D14/><U17/><E33/><V19/><F19/><W60/><G60/><T83/><D54/><U98/><E75/><V56/><F74/><W39/><G39/><T109/><D83/><U53/><E50/><V108/><F108/><W61/><G61/><T26/><D26/><U102/><E82/><V4/><F4/><W18/><G6/><T132/><D30/><U21/><E24/><V113/><F113/><W87/><G87/><T127/><D109/><U115/><E115/><V114/><F114/><W35/><G35/><T57/><D57/><U135/><E135/><AGARI ba="0,0" hai="1,2,78,79,89,91,92,93,100,101,125,127,132,135" machi="135" ten="25,6400,0" yaku="22,2,52,2" doraHai="97" who="0" fromWho="1" sc="302,64,193,-64,270,0,235,0" /><INIT seed="3,0,0,0,3,86" ten="366,129,270,235" oya="3" hai0="54,97,12,59,47,114,25,129,100,80,84,94,74" hai1="119,10,22,90,43,18,76,123,133,29,130,134,112" hai2="95,98,23,41,63,48,82,73,17,30,33,103,7" hai3="124,108,115,36,132,92,8,4,88,60,50,61,87"/><W16/><G36/><T135/><D74/><U26/><E43/><V69/><F33/><W89/><G115/><T11/><D135/><N who="1" m="51723" /><E76/><V19/><F7/><W15/><G132/><T38/><D129/><U2/><E112/><V42/><F73/><W121/><G121/><T81/><D114/><U71/><E71/><V52/><F82/><N who="3" m="49271" /><G124/><T102/><D102/><U28/><E90/><V32/><F32/><W83/><G83/><T20/><D47/><U58/><E58/><N who="2" m="35271" /><F69/><W66/><G108/><T106/><D84/><U39/><E39/><V1/><F1/><W21/><G50/><N who="0" m="31191" /><D106/><U45/><E45/><N who="2" m="25647" /><F42/><W127/><G127/><T72/><D72/><U126/><E126/><V49/><F49/><W111/><G111/><T122/><D122/><U104/><E104/><V34/><F34/><W118/><G118/><T107/><D107/><U3/><E123/><V64/><F64/><W62/><G66/><T78/><D78/><U37/><E37/><V57/><F57/><W85/><G62/><T131/><D131/><U44/><E44/><V67/><F67/><W9/><G9/><T27/><D38/><U5/><E130/><V53/><F53/><W31/><G31/><N who="1" m="11850" /><E2/><V24/><AGARI ba="0,0" hai="17,19,23,24,30,95,98,103" m="25647,35271" machi="24" ten="30,2000,0" yaku="8,1,54,1" doraHai="86" who="2" fromWho="2" sc="366,-5,129,-5,270,20,235,-10" owari="361,46.1,124,-37.6,290,9.0,225,-17.5" /></mjloggm>