<mjloggm ver="2.3"><GO type="225" lobby="0"/><UN n0="%E9%87%8E%E3%80%85%E5%AE%AE%E8%97%8D" n1="%E5%86%B7%E5%87%8D%E3%82%AE%E3%83%A7%E3%83%BC%E3%82%B6" n2="%E3%81%99%E3%81%84%E3%81%BE%E3%81%9B%E3%83%BC%E3%82%93" n3="%E3%82%B2%E3%82%B9%E8%8C%82%E5%8B%9D" dan="16,17,17,16" rate="2185.91,2214.02,2245.59,2091.58" sx="F,M,M,F"/><TAIKYOKU oya="0"/><INIT seed="0,0,0,3,2,34" ten="250,250,250,250" oya="0" hai0="28,97,63,133,9,43,131,23,61,30,125,83,121" hai1="1,15,101,79,110,67,55,113,82,54,106,93,115" hai2="68,77,126,58,27,46,51,87,117,104,37,119,38" hai3="71,105,53,107,96,42,47,50,2,130,72,74,95"/><T14/><D121/><U3/><E106/><V69/><F104/><W39/><G130/><T11/><D131/><U21/><E67/><V91/><F77/><W135/><G135/><T100/><D133/><U120/><E110/><V86/><F126/><W12/><G2/><N who="1" m="522" /><E120/><V20/><F58/><W70/><G105/><T16/><D43/><U114/><E93/><V134/><F134/><W122/><G107/><T52/><D125/><U98/><E98/><V41/><F69/><W99/><G99/><T57/><D83/><U8/><E21/><V13/><F13/><W80/><G122/><T24/><D63/><U112/><E101/><V40/><F68/><W116/><G12/><T94/><D9/><U66/><E66/><V6/><F6/><AGARI ba="0,0" hai="6,11,14,16,23,24,28,30,52,57,61,94,97,100" machi="6" ten="30,11600,0" yaku="7,1,8,1,54,2" doraHai="34" who="0" fromWho="2" sc="250,116,250,0,250,-116,250,0" /><INIT seed="0,1,0,2,5,117" ten="366,250,134,250" oya="0" hai0="122,123,113,10,57,59,30,82,11,76,126,0,128" hai1="72,118,89,111,130,71,121,92,93,28,96,5,86" hai2="2,112,20,25,56,37,107,7,60,135,47,9,106" hai3="108,42,99,53,109,79,114,124,46,54,18,102,13"/><T81/><D113/><U58/><E71/><V45/><F112/><W8/><G114/><T62/><D30/><U3/><E118/><V90/><F135/><W12/><G124/><T65/><D126/><U48/><E72/><V100/><F90/><W127/><G127/><T91/><D128/><U101/><E130/><V26/><F26/><W19/><G79/><T33/><D33/><U16/><E111/><N who="3" m="42570" /><G18/><T64/><D91/><U104/><E28/><V43/><F47/><W17/><G19/><T103/><D103/><U61/><E48/><V34/><F100/><W75/><G75/><T41/><D41/><U50/><E50/><V85/><F85/><W116/><G12/><T73/><D82/><U70/><E70/><V44/><F44/><W32/><G32/><T23/><D23/><U77/><E77/><V22/><F34/><W131/><G116/><T120/><D0/><U55/><E5/><V133/><F133/><W67/><G67/><T125/><D125/><U97/><E3/><V83/><F83/><W38/><G131/><T21/><D21/><U69/><E69/><V1/><F1/><W66/><G66/><T36/><D36/><U134/><E134/><V6/><F6/><W84/><G84/><T87/><D87/><U132/><E132/><V40/><F22/><W94/><AGARI ba="1,0" hai="8,13,17,38,42,46,53,54,94,99,102" m="42570" machi="94" ten="30,1100,0" yaku="14,1" doraHai="117" who="3" fromWho="3" sc="366,-6,250,-4,134,-4,250,14" /><INIT seed="1,0,0,1,5,19" ten="360,246,130,264" oya="1" hai0="119,107,31,129,32,15,85,60,121,27,131,91,40" hai1="16,13,126,30,77,117,111,112,7,38,23,83,17" hai2="50,5,86,33,87,24,48,44,14,6,73,56,113" hai3="71,95,65,104,125,80,106,51,100,74,130,114,81"/><U66/><E112/><V108/><F113/><W42/><G65/><T88/><D119/><U118/><E38/><V69/><F69/><W34/><G71/><T10/><D107/><U0/><E126/><V76/><F108/><W102/><G34/><T97/><D121/><U93/><E111/><V120/><F120/><W110/><G110/><T59/><D97/><U75/><E66/><V101/><F101/><W105/><G51/><T124/><D40/><U52/><E30/><V103/><F103/><N who="3" m="39467" /><G42/><T12/><D124/><U116/><E93/><V8/><F5/><W128/><G125/><T35/><D35/><U36/><E36/><V20/><F33/><W132/><G114/><T39/><D39/><U21/><E52/><N who="2" m="31751" /><F73/><W46/><G46/><T4/><D15/><U53/><E53/><N who="2" m="29895" /><F76/><N who="3" m="44055" /><G132/><T135/><D135/><U28/><E28/><AGARI ba="0,0" hai="6,8,14,20,24,28,86,87" m="29895,31751" machi="28" ten="30,3900,0" yaku="8,1,52,1,54,1" doraHai="19" who="2" fromWho="1" sc="360,0,246,-39,130,39,264,0" /><INIT seed="2,0,0,0,2,12" ten="360,207,169,264" oya="2" hai0="105,128,1,60,92,90,82,78,63,127,79,125,16" hai1="10,36,7,32,18,109,35,80,0,129,119,71,69" hai2="34,19,2,111,77,29,65,102,85,38,135,116,112" hai3="134,37,106,110,133,81,53,40,83,31,96,57,123"/><V107/><F112/><W100/><G110/><T47/><D105/><U14/><E119/><V44/><F116/><W75/><G123/><T46/><D1/><U76/><E109/><V62/><F111/><W25/><G40/><T122/><D122/><U5/><E36/><V87/><F2/><W11/><G11/><T20/><D128/><U66/><E129/><V86/><F135/><N who="3" m="51723" /><G37/><T115/><D115/><U74/><E7/><V103/><F77/><N who="0" m="29194" /><D82/><U3/><E3/><V41/><F107/><W21/><G75/><T95/><D95/><U51/><E51/><AGARI ba="0,0" hai="21,25,31,51,53,57,81,83,96,100,106" m="51723" machi="51" ten="30,1000,0" yaku="20,1" doraHai="12" who="3" fromWho="1" sc="360,0,207,-10,169,0,264,10" /><INIT seed="3,0,0,4,2,4" ten="360,197,169,274" oya="3" hai0="31,13,12,116,5,53,113,9,52,21,78,131,0" hai1="1,63,100,26,99,46,101,39,28,75,59,106,71" hai2="127,62,91,37,29,112,48,34,114,30,132,32,38" hai3="89,90,115,65,47,27,8,22,88,50,74,97,11"/><W85/><G115/><N who="2" m="44073" /><F48/><W81/><G74/><T69/><D69/><U3/><E100/><V6/><F62/><W57/><G57/><T98/><D116/><U58/><E75/><V19/><F91/><N who="3" m="34891" /><G65/><T94/><D113/><U119/><E59/><V107/><F107/><W10/><G97/><T134/><D131/><U118/><E119/><V124/><F6/><W102/><G102/><T72/><D72/><U14/><E14/><V110/><F110/><W82/><G82/><T121/><D78/><U105/><E105/><V128/><F128/><W25/><G22/><T16/><D0/><U68/><E118/><V33/><F19/><W80/><G80/><T20/><D5/><U40/><E68/><V86/><F86/><W129/><G129/><T51/><D98/><U120/><E120/><V56/><F56/><W111/><G111/><T93/><D93/><U103/><E103/><V122/><F122/><W60/><G60/><T104/><D94/><U73/><E73/><V43/><F43/><AGARI ba="0,0" hai="8,10,11,25,27,43,47,50,81,85,90" m="34891" machi="43" ten="30,12000,1" yaku="8,1,52,3,54,1" doraHai="4" who="3" fromWho="2" sc="360,0,197,0,169,-120,274,120" owari="360,16.0,197,-20.3,49,-45.1,394,49.4" /></mjloggm>