<mjloggm ver="2.3"><GO type="225" lobby="0"/><UN n0="%E8%AB%B8%E8%91%9B%E4%BA%AE" n1="%E7%99%BD%E6%97%A5%E9%9B%AA%E8%8F%9C" n2="%E5%B0%8F%37%34" n3="%E3%81%82%E3%81%B9%E3%81%99%E3%81%91" dan="16,16,16,16" rate="2140.33,2138.54,2129.07,2121.77" sx="M,M,M,M"/><TAIKYOKU oya="0"/><INIT seed="0,0,0,5,0,5" ten="250,250,250,250" oya="0" hai0="121,53,8,61,69,52,114,83,23,18,90,21,63" hai1="113,19,118,88,51,87,119,30,49,106,46,37,9" hai2="47,124,33,100,20,77,78,27,102,7,131,50,56" hai3="3,94,12,1,38,129,29,75,66,117,97,25,72"/><T135/><D121/><U109/><E106/><V98/><F33/><W132/><G117/><T62/><D114/><U14/><E113/><V57/><F124/><W130/><G38/><T80/><D69/><U17/><E109/><V40/><F131/><N who="3" m="50187" /><G132/><T43/><D43/><U82/><E30/><V15/><F77/><W96/><G66/><T44/><D135/><U116/><REACH who="1" step="1"/><E17/><REACH who="1" ten="250,240,250,250" step="2"/><V122/><F122/><W45/><G1/><T91/><D18/><U126/><E126/><V26/><F26/><W105/><G3/><T133/><D133/><U60/><E60/><V68/><F27/><W67/><G105/><T112/><D112/><U70/><E70/><V65/><F68/><W123/><G25/><T39/><D39/><U73/><E73/><V81/><F7/><W104/><G104/><T79/><D63/><U93/><E93/><V110/><F110/><W48/><G94/><T58/><D62/><U36/><E36/><V24/><F24/><W92/><G92/><T32/><D61/><U2/><E2/><V95/><F95/><W107/><G107/><T115/><D115/><U22/><E22/><V42/><F20/><W125/><G125/><T10/><D23/><U128/><E128/><V89/><F65/><W120/><G29/><T41/><D21/><U101/><E101/><V35/><F102/><W55/><G67/><T85/><D32/><U16/><E16/><V99/><F35/><W71/><G71/><T59/><D80/><U34/><E34/><V13/><F100/><W54/><G123/><T11/><D83/><U64/><E64/><V4/><F81/><RYUUKYOKU ba="0,1" sc="250,-10,240,30,250,-10,250,-10" hai1="9,14,19,37,46,49,51,82,87,88,116,118,119" /><INIT seed="1,1,1,1,0,82" ten="240,270,240,240" oya="1" hai0="58,31,45,50,87,86,80,63,20,72,69,10,41" hai1="117,27,53,134,70,74,46,35,16,105,19,43,106" hai2="5,118,28,9,49,90,48,113,102,57,68,6,47" hai3="130,132,44,108,89,11,33,116,77,14,17,81,121"/><U3/><E117/><V124/><F118/><W67/><G121/><T135/><D69/><U40/><E74/><V95/><F68/><W99/><G33/><T110/><D110/><U88/><E70/><V112/><F124/><W127/><G108/><T128/><D128/><U23/><E3/><V107/><F28/><W73/><G130/><T104/><D104/><U24/><E134/><V42/><F6/><W1/><G127/><T61/><D135/><U59/><E105/><V25/><F25/><W100/><G132/><T109/><D109/><U26/><E106/><V22/><F22/><W119/><G67/><N who="0" m="39351" /><D72/><U52/><E35/><V4/><F4/><W71/><G44/><T18/><D80/><U131/><E131/><V64/><F107/><W38/><G38/><T97/><D97/><U62/><E88/><V84/><F102/><W54/><G1/><T122/><D122/><U94/><E94/><V65/><F57/><W34/><G100/><T96/><D96/><U114/><E114/><N who="2" m="44139" /><F49/><W92/><G71/><T125/><D125/><U7/><E7/><V66/><F66/><W91/><G34/><T2/><D2/><AGARI ba="1,1" hai="2,5,9,42,47,48,64,65,84,90,95" m="44139" machi="2" ten="30,2000,0" yaku="11,1,52,1" doraHai="82" who="2" fromWho="0" sc="240,-23,270,0,240,33,240,0" /><INIT seed="2,0,0,3,3,129" ten="217,270,273,240" oya="2" hai0="12,96,112,107,79,80,20,11,78,5,84,98,38" hai1="32,7,18,103,104,40,118,39,130,106,90,35,61" hai2="31,69,41,88,28,0,42,56,122,86,123,93,10" hai3="4,60,24,47,16,82,1,76,58,101,114,73,33"/><V36/><F69/><W134/><G134/><T45/><D112/><U121/><E118/><V13/><F0/><W57/><G114/><T22/><D107/><U25/><E130/><V100/><F36/><W74/><G47/><T131/><D131/><U68/><E7/><V126/><F126/><W128/><G128/><T81/><D38/><U132/><E90/><V117/><F117/><W59/><G74/><T92/><D45/><N who="1" m="23711" /><E18/><V19/><F100/><W53/><G101/><T115/><D115/><U95/><E95/><V135/><F135/><W75/><G75/><T14/><D14/><U37/><E37/><V50/><F123/><W62/><G62/><T71/><D71/><U49/><E49/><V72/><F72/><W110/><G33/><N who="1" m="12874" /><E25/><V27/><F27/><W94/><G94/><T125/><D125/><U51/><E51/><V23/><F122/><W17/><G24/><T63/><D63/><U44/><E44/><V70/><F70/><W46/><G46/><T83/><D98/><N who="1" m="61559" /><E106/><V99/><F99/><W87/><G87/><T97/><D97/><U85/><E85/><V15/><F15/><W127/><G127/><T64/><D84/><U26/><E26/><V133/><F10/><N who="3" m="2319" /><G60/><T54/><D54/><U111/><E121/><V55/><F133/><W8/><G53/><T108/><D64/><N who="1" m="40975" /><E132/><V124/><F124/><W65/><G65/><T34/><D34/><U66/><E66/><V48/><F48/><W91/><G91/><N who="0" m="55327" /><D108/><AGARI ba="0,0" hai="108,111" m="40975,61559,12874,23711" machi="108" ten="30,1000,0" yaku="23,1" doraHai="129" who="1" fromWho="0" sc="217,-10,270,10,273,0,240,0" /><INIT seed="3,0,0,4,2,5" ten="207,280,273,240" oya="3" hai0="119,124,42,15,108,36,132,59,126,123,71,4,89" hai1="87,98,91,25,43,17,84,28,52,67,1,40,13" hai2="53,61,6,114,134,104,69,72,23,39,77,107,100" hai3="8,127,96,21,97,99,35,75,29,117,48,122,0"/><W90/><G117/><T110/><D119/><U103/><E1/><V101/><F114/><W112/><G112/><T60/><D123/><U44/><E67/><V12/><F39/><W2/><G75/><T38/><D89/><U58/><E91/><V19/><F72/><W14/><G35/><T51/><D15/><U20/><E44/><V56/><F77/><W129/><G129/><T133/><D71/><U68/><E68/><V79/><F79/><W73/><G73/><T3/><D4/><U30/><E87/><V74/><F74/><W54/><G127/><N who="0" m="48683" /><D51/><N who="1" m="31007" /><E84/><V115/><F115/><W64/><G122/><T22/><D22/><N who="1" m="11567" /><E30/><V76/><F69/><W93/><G90/><T7/><D7/><U80/><E80/><V85/><F6/><W102/><G93/><AGARI ba="0,0" hai="20,25,28,40,43,93,98,103" m="11567,31007" machi="93" ten="30,2000,0" yaku="8,1,54,1" doraHai="5" who="1" fromWho="3" sc="207,0,280,20,273,0,240,-20" owari="207,-29.3,300,40.0,273,7.3,220,-18.0" /></mjloggm>