<mjloggm ver="2.3"><GO type="225" lobby="0"/><UN n0="%28%EF%BF%A3%E2%96%BD%EF%BF%A3%29%CE%B4%E2%8C%92%E3%83%BB" n1="%E3%81%99%E3%81%84%E3%81%BE%E3%81%9B%E3%83%BC%E3%82%93" n2="%E3%83%AD%E3%83%83%E3%83%86%E9%9B%80%E7%90%83" n3="%E7%AB%8B%E8%8A%B1%E9%9F%BF" dan="16,18,16,17" rate="2182.08,2203.92,2181.59,2137.58" sx="M,M,M,F"/><TAIKYOKU oya="0"/><INIT seed="0,0,0,0,1,103" ten="250,250,250,250" oya="0" hai0="122,117,52,29,57,10,36,38,32,14,94,42,33" hai1="82,83,107,132,51,110,8,66,15,134,24,0,84" hai2="69,23,81,22,9,106,73,98,11,111,44,37,71" hai3="12,28,102,116,115,6,95,105,77,104,126,91,2"/><T88/><D117/><U86/><E110/><V68/><F111/><W74/><G2/><T78/><D122/><U70/><E0/><V113/><F113/><W48/><G28/><T118/><D78/><U135/><E107/><N who="3" m="41034" /><G12/><T127/><D118/><U100/><E100/><V47/><F106/><W40/><G6/><T30/><D127/><U130/><E130/><V53/><F98/><N who="3" m="59743" /><G48/><T1/><D1/><U26/><E51/><V72/><F81/><N who="1" m="30729" /><E66/><V35/><F35/><W121/><G40/><T101/><D101/><U58/><E58/><V41/><F53/><W4/><G4/><T87/><D33/><U108/><E70/><V97/><F97/><W119/><G115/><T128/><D128/><U17/><E108/><V92/><F92/><W25/><G25/><AGARI ba="0,0" hai="8,15,17,24,25,26,84,86,132,134,135" m="30729" machi="25" ten="40,1300,0" yaku="20,1" doraHai="103" who="1" fromWho="3" sc="250,0,250,13,250,0,250,-13" /><INIT seed="1,0,0,0,1,126" ten="250,263,250,237" oya="1" hai0="22,53,42,121,80,98,83,104,81,0,48,30,87" hai1="118,39,35,45,85,82,103,62,28,9,57,49,74" hai2="70,51,76,33,60,95,116,107,54,117,71,4,78" hai3="8,41,84,58,13,111,131,20,133,18,65,5,15"/><U61/><E118/><V134/><F107/><W10/><G111/><T44/><D0/><U68/><E74/><V112/><F33/><W7/><G133/><T59/><D121/><U96/><E39/><V23/><F134/><W34/><G34/><T89/><D104/><U56/><E9/><V2/><F112/><W19/><G41/><T26/><REACH who="0" step="1"/><D98/><REACH who="0" ten="240,263,250,237" step="2"/><U97/><E97/><V50/><F2/><W66/><G131/><T29/><D29/><U100/><E96/><V21/><F117/><W27/><G18/><T110/><D110/><U102/><E28/><V99/><F99/><W93/><G58/><N who="1" m="22634" /><E68/><V109/><F71/><W46/><G46/><T1/><D1/><U127/><E127/><V106/><F70/><W120/><G120/><T125/><D125/><U43/><E35/><V123/><F109/><W73/><G73/><T113/><D113/><U94/><E103/><V31/><F106/><W63/><REACH who="3" step="1"/><G63/><AGARI ba="0,1" hai="22,26,30,42,44,48,53,59,63,80,81,83,87,89" machi="63" ten="30,7700,0" yaku="1,1,7,1,8,1,53,1" doraHai="126" doraHaiUra="24" who="0" fromWho="3" sc="240,87,263,0,250,0,237,-77" /><INIT seed="2,0,0,3,2,4" ten="327,263,250,160" oya="2" hai0="64,28,101,107,2,73,1,103,68,110,19,7,120" hai1="29,125,87,32,49,118,47,15,70,36,135,50,72" hai2="9,132,58,123,52,105,10,63,16,39,129,85,95" hai3="0,34,27,86,92,113,94,33,111,6,5,54,18"/><V74/><F74/><W31/><G111/><T13/><D73/><U131/><E72/><V57/><F123/><W30/><G113/><T26/><D120/><U44/><E70/><V96/><F39/><W109/><G109/><T40/><D40/><U97/><E36/><V35/><F35/><W56/><G18/><T126/><D126/><U59/><E29/><V77/><F105/><W8/><G6/><T83/><D83/><U89/><E32/><V93/><F132/><W112/><G112/><T134/><D134/><U79/><E118/><V127/><F129/><W20/><G86/><T71/><D7/><U12/><E131/><V75/><F75/><W100/><G100/><T41/><D41/><N who="1" m="24719" /><E59/><V66/><F127/><W38/><G20/><T82/><D82/><N who="1" m="47583" /><E125/><V106/><F106/><W80/><G80/><T42/><D42/><N who="1" m="24951" /><E135/><V98/><F77/><W130/><G130/><T88/><D68/><U76/><E76/><V99/><F85/><W114/><G114/><T48/><D71/><U128/><E128/><V43/><F43/><W69/><G69/><T14/><D107/><U25/><E25/><V124/><F124/><W117/><G117/><T67/><D26/><U51/><E51/><N who="2" m="30879" /><F95/><AGARI ba="0,0" hai="12,15,89,95,97" m="24951,47583,24719" machi="95" ten="30,1000,0" yaku="8,1" doraHai="4" who="1" fromWho="2" sc="327,0,263,10,250,-10,160,0" /><INIT seed="3,0,0,4,0,11" ten="327,273,240,160" oya="3" hai0="39,37,2,78,8,63,110,47,117,120,59,107,101" hai1="10,127,118,97,40,73,99,89,81,25,124,54,72" hai2="87,80,130,15,92,111,7,20,1,42,126,9,68" hai3="116,133,82,57,43,56,115,66,109,33,135,17,121"/><W36/><G33/><T45/><D78/><U71/><E118/><V51/><F111/><W88/><G115/><T53/><D101/><U31/><E71/><V16/><F126/><W119/><G121/><T34/><D8/><U102/><E40/><V64/><F130/><W103/><G103/><T44/><D47/><U74/><E10/><V52/><F42/><W62/><G109/><T28/><D53/><U32/><E54/><V4/><F92/><W70/><G17/><T69/><D28/><U49/><E49/><V76/><F7/><W77/><G77/><T65/><D59/><N who="3" m="22601" /><G88/><T5/><D34/><U86/><REACH who="1" step="1"/><E99/><REACH who="1" ten="327,263,240,160" step="2"/><V27/><F68/><W50/><G36/><T83/><D39/><U85/><E85/><V58/><REACH who="2" step="1"/><F64/><REACH who="2" ten="327,263,230,160" step="2"/><W108/><G108/><T12/><D65/><U104/><AGARI ba="0,2" hai="25,31,32,72,73,74,81,86,89,97,102,104,124,127" machi="104" ten="40,2700,0" yaku="1,1,0,1,53,0" doraHai="11" doraHaiUra="38" who="1" fromWho="1" sc="327,-7,263,47,230,-7,160,-13" owari="320,42.0,310,11.0,223,-17.7,147,-35.3" /></mjloggm>