<mjloggm ver="2.3"><GO type="225" lobby="0"/><UN n0="%E5%B8%86%E7%AB%8B%E5%A4%8F%E8%A1%A3" n1="%E3%81%BD%E3%81%A1%E3%81%9F%E3%81%93%E3%82%84" n2="%E3%81%82%E3%81%84%E3%81%82%E3%81%8A%E3%81%84" n3="%73%7A%2E%64%31" dan="16,17,18,16" rate="2118.71,2162.70,2182.16,2109.57" sx="M,M,M,M"/><TAIKYOKU oya="0"/><INIT seed="0,0,0,0,4,130" ten="250,250,250,250" oya="0" hai0="6,55,33,31,122,4,95,0,79,18,56,96,11" hai1="54,44,66,40,52,81,45,12,121,132,35,94,128" hai2="88,73,26,20,85,135,9,93,23,110,114,87,100" hai3="111,101,71,113,34,63,80,32,83,29,129,24,8"/><T69/><D122/><U86/><E128/><V22/><F110/><W119/><G129/><T15/><D69/><U125/><E121/><V58/><F73/><W1/><G119/><T115/><D115/><U49/><E35/><V37/><F37/><W59/><G111/><T120/><D120/><U106/><E106/><V13/><F114/><W60/><G113/><T97/><D79/><U61/><E125/><V134/><F100/><W28/><G101/><T75/><D75/><U98/><E132/><N who="2" m="50731" /><F58/><W41/><G41/><T30/><D33/><U127/><E127/><V116/><F116/><W65/><G1/><T74/><D74/><U46/><E12/><V107/><F107/><W76/><G8/><T5/><D0/><U43/><E46/><V67/><F67/><W53/><G76/><T25/><D25/><AGARI ba="0,0" hai="24,25,28,29,32,34,53,59,60,63,65,71,80,83" machi="25" ten="40,1300,0" yaku="9,1" doraHai="130" who="3" fromWho="0" sc="250,-13,250,0,250,0,250,13" /><INIT seed="1,0,0,5,4,19" ten="237,250,250,263" oya="1" hai0="90,97,81,116,114,124,57,82,118,13,63,69,21" hai1="61,100,9,20,3,33,66,106,35,108,133,2,55" hai2="60,8,125,56,64,76,87,88,98,58,113,107,45" hai3="74,16,94,109,126,65,26,11,86,121,51,53,18"/><U31/><E133/><V49/><F125/><W134/><G74/><T22/><D69/><N who="1" m="42191" /><E20/><N who="0" m="7785" /><D114/><U122/><E122/><V50/><F113/><W30/><G134/><T112/><D112/><U67/><E55/><V25/><F25/><W42/><G121/><T0/><D0/><N who="1" m="43" /><E9/><V95/><F8/><W47/><G126/><T83/><D124/><U46/><E67/><V39/><F58/><W40/><G65/><N who="0" m="39151" /><D118/><U62/><E62/><V24/><F24/><W6/><G26/><T14/><D116/><U92/><E92/><AGARI ba="0,0" hai="13,14,81,82,83,90,92,97" m="39151,7785" machi="92" ten="30,7700,0" yaku="8,1,52,3" doraHai="19" who="0" fromWho="1" sc="237,77,250,-77,250,0,263,0" /><INIT seed="2,0,0,0,0,135" ten="314,173,250,263" oya="2" hai0="26,33,119,121,62,37,27,58,70,16,25,6,63" hai1="0,81,89,4,38,123,66,54,5,118,109,15,61" hai2="133,49,90,69,73,2,115,48,50,132,36,113,67" hai3="52,116,79,83,99,31,82,96,105,44,102,47,57"/><V91/><F2/><W10/><G116/><T125/><D125/><U30/><E118/><V100/><F73/><W106/><G31/><T110/><D37/><U29/><E0/><V23/><F100/><W127/><G127/><T32/><D119/><U111/><E38/><V20/><F36/><W131/><G131/><T17/><D121/><U92/><E81/><V40/><F40/><W41/><G10/><T60/><D110/><N who="1" m="41995" /><E54/><V64/><REACH who="2" step="1"/><F49/><REACH who="2" ten="314,173,240,263" step="2"/><W14/><G41/><T104/><D104/><U46/><E123/><V68/><AGARI ba="0,1" hai="20,23,48,50,64,67,68,69,90,91,113,115,132,133" machi="68" ten="25,12000,1" yaku="1,1,2,1,0,1,22,2,53,0" doraHai="135" doraHaiUra="3" who="2" fromWho="2" sc="314,-40,173,-40,240,130,263,-40" /><INIT seed="2,1,0,3,2,49" ten="274,133,370,223" oya="2" hai0="55,69,109,13,42,129,31,47,123,56,121,116,125" hai1="22,68,60,131,114,50,122,72,20,10,75,130,32" hai2="62,70,81,33,53,57,76,90,36,59,87,82,67" hai3="2,73,120,84,78,54,45,101,26,17,83,89,118"/><V21/><F33/><W24/><G2/><T134/><D109/><U23/><E32/><V66/><F36/><W5/><G120/><N who="0" m="46155" /><D13/><U6/><E122/><V39/><F39/><W108/><G5/><T18/><D18/><U46/><E114/><V63/><F21/><W80/><G118/><T4/><D4/><U71/><E60/><V96/><F96/><W110/><G101/><T1/><D1/><U133/><E133/><V43/><F43/><W79/><G17/><T113/><D31/><U34/><E34/><V107/><F107/><W97/><G97/><T7/><D7/><U132/><E132/><V119/><F119/><W100/><G100/><T74/><D74/><N who="1" m="28203" /><E6/><V38/><F38/><W52/><G89/><T8/><D8/><U12/><E10/><V92/><REACH who="2" step="1"/><F76/><REACH who="2" ten="274,133,360,223" step="2"/><W27/><REACH who="3" step="1"/><G45/><REACH who="3" ten="274,133,360,213" step="2"/><T105/><D47/><U58/><E46/><V93/><F93/><W112/><G112/><T14/><D113/><U85/><E12/><V106/><F106/><W86/><G86/><T135/><D14/><U124/><E85/><V19/><F19/><W30/><G30/><T44/><D105/><U35/><E130/><V99/><F99/><W115/><G115/><T28/><D129/><U51/><E131/><V61/><AGARI ba="1,2" hai="53,57,59,61,62,63,66,67,70,81,82,87,90,92" machi="61" ten="20,7800,0" yaku="1,1,0,1,7,1,52,1,53,0" doraHai="49" doraHaiUra="103" who="2" fromWho="2" sc="274,-27,133,-27,360,101,213,-27" /><INIT seed="2,2,0,4,1,26" ten="247,106,461,186" oya="2" hai0="110,122,124,9,14,39,55,96,119,11,51,112,115" hai1="66,21,44,10,86,103,46,102,73,129,41,72,62" hai2="13,82,83,45,81,35,76,74,17,23,101,60,15" hai3="97,131,91,106,57,127,132,118,20,3,71,98,27"/><V32/><F101/><W12/><G3/><T90/><D39/><U80/><E129/><V50/><F13/><W34/><G118/><T8/><D110/><U133/><E133/><V49/><F49/><W7/><G131/><T52/><D124/><U64/><E21/><V93/><F93/><W123/><G71/><T87/><D122/><U58/><E10/><V40/><F82/><W100/><G34/><T92/><D119/><U95/><E95/><V94/><F94/><W68/><G68/><T47/><D96/><U105/><E80/><V56/><REACH who="2" step="1"/><F81/><REACH who="2" ten="247,106,451,186" step="2"/><W75/><G100/><T22/><D115/><U28/><E62/><V59/><F59/><W53/><G57/><T111/><D112/><U107/><E58/><V61/><F61/><W65/><G12/><T117/><D117/><U126/><E41/><V99/><F99/><W5/><G97/><T85/><D14/><U25/><E25/><V84/><F84/><W6/><G98/><T113/><D85/><U24/><E24/><V78/><F78/><W0/><G27/><T54/><D87/><U77/><E86/><V70/><F70/><W114/><G114/><T31/><D113/><U36/><E77/><V89/><F89/><W67/><G91/><T108/><D90/><U30/><REACH who="1" step="1"/><E36/><REACH who="1" ten="247,96,451,186" step="2"/><V1/><F1/><W135/><G0/><T79/><D92/><U2/><E2/><V48/><F48/><W125/><G125/><AGARI ba="2,2" hai="28,30,44,46,64,66,72,73,102,103,105,107,125,126" machi="125" ten="25,8000,1" yaku="1,1,22,2,52,2,53,0" doraHai="26" doraHaiUra="29" who="1" fromWho="3" sc="247,0,96,106,451,0,186,-86" /><INIT seed="3,0,0,4,0,87" ten="247,202,451,100" oya="3" hai0="70,50,8,96,21,94,75,78,107,119,123,130,28" hai1="98,13,69,39,82,101,103,65,60,25,33,62,44" hai2="54,43,61,23,6,56,59,131,133,83,9,88,40" hai3="113,66,63,58,5,109,84,4,116,19,100,120,106"/><W1/><G116/><T93/><D70/><U24/><E82/><V81/><F133/><W53/><G120/><T77/><D119/><U67/><E13/><N who="2" m="5303" /><F131/><W91/><G113/><T7/><D123/><U132/><E132/><V108/><F108/><W18/><G109/><T20/><D107/><U57/><E33/><V48/><F23/><W10/><G4/><T105/><D105/><U124/><E124/><V3/><F3/><W16/><G106/><T14/><D130/><U71/><E57/><V122/><F122/><W47/><G100/><T127/><D127/><U134/><E134/><V51/><F88/><W42/><G66/><T135/><D50/><N who="2" m="18986" /><F59/><W79/><G79/><T128/><D94/><U85/><E85/><V27/><F27/><W52/><G53/><T114/><D96/><U35/><E98/><V104/><F104/><W73/><G73/><T31/><D31/><U55/><E55/><V110/><F110/><W121/><G121/><T115/><D135/><U111/><E111/><V26/><F26/><W22/><G22/><T46/><D46/><U126/><E126/><V45/><F45/><W32/><G32/><T17/><D128/><U117/><E117/><V15/><F15/><W97/><G97/><T72/><D17/><U90/><E90/><V76/><F76/><W38/><G19/><T86/><D75/><U0/><E0/><V89/><F89/><W64/><G64/><T99/><D72/><U92/><E35/><V118/><F118/><W74/><REACH who="3" step="1"/><G74/><REACH who="3" ten="247,202,451,90" step="2"/><T49/><D21/><U34/><E34/><V30/><F54/><W80/><AGARI ba="0,1" hai="1,5,10,16,18,38,42,47,52,58,63,80,84,91" machi="80" ten="20,24000,3" yaku="1,1,2,1,5,1,0,1,7,1,52,1,54,2,53,0" doraHai="87" doraHaiUra="29" who="3" fromWho="3" sc="247,-80,202,-80,451,-80,90,250" /><INIT seed="3,1,0,0,1,96" ten="167,122,371,340" oya="3" hai0="35,81,34,57,93,127,100,23,111,19,29,48,16" hai1="88,13,26,40,54,3,69,28,44,71,86,107,56" hai2="8,125,83,129,22,37,33,24,101,114,135,94,79" hai3="52,14,106,98,46,130,6,85,49,68,25,47,39"/><W84/><G130/><T120/><D111/><U12/><E3/><V117/><F37/><W7/><G68/><T2/><D2/><U91/><E107/><V87/><F114/><W45/><G39/><T1/><D1/><U131/><E131/><V109/><F117/><W50/><G106/><T55/><D120/><U123/><E123/><V17/><F109/><W31/><G98/><N who="0" m="59471" /><D35/><U36/><E71/><V53/><F129/><W43/><G46/><N who="0" m="28055" /><D34/><U59/><E69/><V64/><F33/><W18/><G25/><N who="0" m="16575" /><D127/><U20/><E59/><V122/><F125/><W76/><G31/><T134/><D134/><U10/><E86/><N who="3" m="33386" /><G76/><T92/><D81/><U38/><E38/><V97/><F83/><W58/><G58/><T113/><D113/><U110/><E110/><V118/><F79/><W112/><G112/><T80/><D80/><U61/><REACH who="1" step="1"/><E13/><REACH who="1" ten="167,112,371,340" step="2"/><V90/><F122/><W41/><G41/><T21/><D57/><U102/><E102/><V95/><F101/><W121/><G121/><T63/><D63/><U115/><E115/><V73/><F73/><W103/><G103/><T128/><D128/><U72/><E72/><V89/><F87/><W15/><G15/><N who="0" m="9375" /><D92/><U66/><E66/><V67/><F95/><W70/><G70/><T116/><D116/><U105/><E105/><V74/><F94/><W4/><G14/><T11/><D11/><U108/><E108/><V42/><F118/><W99/><G99/><T5/><D5/><AGARI ba="1,1" hai="5,10,12,20,26,28,36,40,44,54,56,61,88,91" machi="5" ten="30,7700,0" yaku="1,1,7,1,54,1,53,1" doraHai="96" doraHaiUra="51" who="1" fromWho="0" sc="167,-80,112,90,371,0,340,0" owari="87,-41.3,202,-19.8,371,47.1,340,14.0" /></mjloggm>