<mjloggm ver="2.3"><GO type="225" lobby="0"/><UN n0="%4B%2E%32%2E%4B%2E" n1="%72%61%6B%33" n2="%E3%81%AF%E3%82%88%E3%81%8A%E3%81%98%E3%81%95%E3%82%93" n3="%E7%AD%89%E3%80%85%E5%8A%9B%E5%8A%87%E5%A0%B4" dan="16,18,17,16" rate="2212.94,2179.12,2202.99,2140.48" sx="M,M,M,M"/><TAIKYOKU oya="0"/><INIT seed="0,0,0,1,0,104" ten="250,250,250,250" oya="0" hai0="111,8,38,108,7,37,33,26,90,84,86,27,65" hai1="95,56,61,19,129,39,11,107,55,15,12,57,103" hai2="25,74,4,54,20,85,46,44,63,1,64,14,60" hai3="127,58,62,36,81,2,42,73,29,6,88,89,121"/><T13/><D65/><U106/><E129/><V3/><F14/><W126/><G29/><N who="0" m="19639" /><D27/><U69/><E39/><N who="0" m="14857" /><D90/><U9/><E69/><V43/><F85/><W83/><G121/><T70/><D70/><U16/><REACH who="1" step="1"/><E57/><REACH who="1" ten="250,240,250,250" step="2"/><V53/><F46/><W114/><G58/><T101/><D101/><U102/><E102/><V109/><F44/><W22/><G36/><T78/><D78/><U76/><E76/><V118/><F118/><W0/><G89/><T17/><D7/><U120/><E120/><V32/><F4/><W30/><G88/><T45/><D45/><U99/><AGARI ba="0,1" hai="9,11,12,15,16,19,55,56,61,95,99,103,106,107" machi="99" ten="30,7900,0" yaku="1,1,0,1,9,1,54,1,53,0" doraHai="104" doraHaiUra="124" who="1" fromWho="1" sc="250,-39,240,89,250,-20,250,-20" /><INIT seed="1,0,0,0,5,104" ten="211,329,230,230" oya="1" hai0="69,59,49,83,28,38,12,120,76,130,84,57,37" hai1="94,115,34,58,122,128,27,129,1,132,119,100,105" hai2="61,110,125,2,62,18,135,108,93,75,29,44,42" hai3="97,48,41,24,102,126,10,78,81,72,40,21,16"/><U121/><E58/><V95/><F2/><W133/><G133/><T96/><D69/><U9/><E94/><V99/><F135/><W4/><G126/><T86/><D130/><U46/><E46/><V103/><F125/><W50/><G48/><T43/><D120/><U53/><E53/><V74/><F29/><W0/><REACH who="3" step="1"/><G50/><REACH who="3" ten="211,329,230,220" step="2"/><T80/><D37/><U106/><E132/><V118/><F44/><W82/><G82/><T68/><D49/><U92/><E122/><V107/><F42/><W67/><G67/><T101/><D43/><U7/><E121/><V89/><F118/><W17/><G17/><T90/><D38/><U65/><E119/><V5/><F18/><W56/><G56/><T25/><D68/><U134/><E65/><V77/><F5/><W39/><G39/><T22/><REACH who="0" step="1"/><D12/><REACH who="0" ten="201,329,230,220" step="2"/><U79/><E134/><V13/><F13/><W111/><G111/><T124/><D124/><U11/><E129/><V8/><F108/><W52/><G52/><T113/><D113/><U30/><E115/><V55/><F110/><W15/><G15/><T64/><D64/><U26/><E128/><V117/><F55/><W98/><G98/><T60/><D60/><U35/><E1/><V114/><F117/><W66/><G66/><T71/><D71/><U33/><E7/><V23/><F114/><W70/><G70/><T51/><D51/><U87/><E27/><V20/><F62/><W88/><G88/><T32/><D32/><U85/><E34/><V3/><F61/><W6/><G6/><T127/><D127/><U91/><E35/><V112/><F112/><RYUUKYOKU ba="0,2" sc="201,15,329,-15,230,-15,220,15" hai0="22,25,28,57,59,76,80,83,84,86,90,96,101" hai3="0,4,10,16,21,24,40,41,72,78,81,97,102" /><INIT seed="2,1,2,0,0,25" ten="216,314,215,235" oya="2" hai0="5,123,59,79,20,60,12,104,78,39,42,26,107" hai1="132,8,101,125,69,50,2,18,87,49,34,17,7" hai2="13,23,47,56,97,19,38,46,88,10,108,21,91" hai3="15,89,3,99,98,66,121,64,75,16,122,109,134"/><V124/><F124/><W119/><G119/><T90/><D123/><U61/><E34/><V130/><F130/><W72/><G3/><T96/><D39/><U31/><E31/><V63/><F108/><W95/><G134/><T100/><D42/><U57/><E69/><V45/><F38/><W67/><G109/><T131/><D107/><U51/><E101/><V11/><F21/><W1/><G1/><T103/><D131/><U62/><E62/><V111/><F111/><W6/><G6/><T37/><D37/><U68/><E68/><V116/><F116/><W126/><G126/><T43/><D43/><U48/><E125/><V118/><F118/><W36/><G36/><T30/><D90/><N who="2" m="34346" /><F97/><W65/><G99/><T73/><D73/><U86/><E132/><V129/><F129/><W81/><N who="3" m="16384" /><DORA hai="33" /><W92/><G92/><T94/><D103/><U105/><E61/><V74/><F74/><W127/><G127/><T84/><D84/><U93/><E93/><V83/><F83/><W115/><G115/><T120/><D120/><U128/><E105/><V114/><F114/><W0/><G0/><T80/><D80/><U9/><E87/><V106/><F106/><W14/><G75/><T133/><D133/><U32/><E32/><V58/><F63/><W27/><G122/><T24/><D104/><U76/><E128/><V71/><F71/><W44/><G121/><T117/><D117/><U52/><E9/><AGARI ba="1,2" hai="9,10,11,13,19,23,45,46,47,56,58" m="34346" machi="9" ten="30,2900,0" yaku="8,1,54,1" doraHai="25,33" who="2" fromWho="1" sc="216,0,314,-32,215,52,235,0" /><INIT seed="2,2,0,4,2,94" ten="216,282,267,235" oya="2" hai0="131,123,62,31,55,43,77,64,95,38,117,26,28" hai1="57,24,106,132,135,7,6,48,18,9,21,54,10" hai2="134,82,79,118,84,104,61,100,129,23,59,45,60" hai3="12,14,98,15,121,81,36,19,69,32,5,101,65"/><V127/><F118/><W78/><G121/><T109/><D123/><U124/><E106/><V47/><F127/><W75/><G36/><T22/><D117/><U29/><E124/><V74/><F129/><W66/><G32/><T102/><D131/><U87/><E87/><V56/><F134/><N who="1" m="51241" /><E10/><V44/><F74/><W128/><G128/><T46/><D109/><U92/><E92/><V13/><F104/><W107/><G69/><T113/><D113/><U67/><E67/><V27/><F13/><AGARI ba="2,0" hai="6,7,9,13,18,21,24,29,48,54,57" m="51241" machi="13" ten="30,1000,0" yaku="20,1" doraHai="94" who="1" fromWho="2" sc="216,0,282,16,267,-16,235,0" /><INIT seed="3,0,0,3,0,26" ten="216,298,251,235" oya="3" hai0="52,21,81,0,60,34,61,84,95,16,44,36,12" hai1="78,4,28,102,66,38,56,88,65,53,124,100,118" hai2="103,109,110,73,31,57,123,67,51,117,8,1,30" hai3="135,113,76,93,9,129,24,104,37,126,17,7,127"/><W106/><G37/><T125/><D0/><U40/><E78/><V116/><F73/><W98/><G113/><T75/><D34/><U134/><E4/><N who="2" m="1039" /><F103/><W5/><G135/><T6/><D125/><N who="3" m="47625" /><G129/><T13/><D75/><U45/><E124/><V94/><F94/><W121/><G121/><T82/><D36/><U132/><E28/><N who="2" m="10795" /><F123/><W90/><G76/><T86/><D95/><U20/><E88/><V79/><F79/><W72/><G72/><T119/><D119/><U71/><E118/><V19/><F19/><W33/><G33/><T83/><D86/><U64/><E71/><V99/><F99/><W80/><G80/><T23/><D84/><U122/><E122/><V131/><F131/><W58/><G58/><T128/><D128/><U59/><E59/><V70/><F70/><W69/><G69/><T92/><D92/><U29/><E102/><V2/><F2/><N who="3" m="183" /><G7/><T63/><D6/><U87/><E87/><V107/><F107/><W48/><G106/><T41/><D81/><U25/><REACH who="1" step="1"/><E100/><REACH who="1" ten="216,288,251,235" step="2"/><V74/><F74/><W14/><G90/><T49/><D82/><U105/><E105/><V96/><F117/><W111/><G104/><T50/><D83/><U3/><E3/><V115/><F116/><W15/><G93/><T47/><REACH who="0" step="1"/><D12/><REACH who="0" ten="206,288,251,235" step="2"/><U120/><E120/><V68/><F96/><W101/><G98/><T35/><D35/><U46/><E46/><V55/><F115/><W39/><G14/><T133/><D133/><U11/><E11/><AGARI ba="0,2" hai="11,13,16,21,23,41,44,47,49,50,52,60,61,63" machi="11" ten="40,8000,1" yaku="1,1,8,1,54,2,53,0" doraHai="26" doraHaiUra="89" who="0" fromWho="1" sc="206,100,288,-80,251,0,235,0" owari="306,40.6,208,-29.2,251,5.1,235,-16.5" /></mjloggm>