<mjloggm ver="2.3"><GO type="225" lobby="0"/><UN n0="%E4%B8%AD%E5%B9%B4%E3%81%AE%E5%8D%B1%E6%A9%9F" n1="%E3%81%95%E3%81%8D%E3%81%9F%E3%81%BE%E6%9E%97%E6%AA%8E" n2="%6D%75%75%6D%75%72%61" n3="%72%61%6B%33" dan="17,16,16,16" rate="2117.22,2085.74,2166.40,2148.75" sx="M,M,F,M"/><TAIKYOKU oya="0"/><INIT seed="0,0,0,3,3,117" ten="250,250,250,250" oya="0" hai0="121,53,0,134,116,135,64,75,57,88,119,87,114" hai1="12,38,107,15,39,16,17,128,60,23,3,19,85" hai2="133,30,50,82,24,111,4,46,51,97,132,33,59" hai3="25,22,52,37,112,8,47,36,69,81,63,130,90"/><T113/><D0/><U123/><E107/><V56/><F111/><W1/><G112/><N who="0" m="43115" /><D64/><U102/><E3/><V11/><F82/><W35/><G35/><T32/><D32/><U18/><E102/><V106/><F97/><W72/><G130/><T104/><D57/><U100/><E100/><V21/><F33/><W31/><G69/><T78/><D104/><U34/><E34/><V14/><F106/><W44/><G44/><T6/><D6/><U86/><E128/><V80/><F80/><W109/><G109/><T131/><D53/><U73/><E73/><V124/><F124/><W101/><G101/><T62/><D62/><U20/><E19/><V65/><F50/><W126/><G126/><T67/><D67/><U98/><E18/><V77/><F77/><W96/><G96/><T9/><D9/><U103/><E60/><V27/><F27/><W120/><G47/><T93/><D131/><U2/><E2/><V74/><F74/><W58/><G90/><T84/><D75/><U127/><E127/><V99/><F99/><W92/><G92/><T89/><D78/><U108/><E98/><V115/><F115/><W105/><G105/><T7/><D7/><U129/><E103/><V26/><F26/><W110/><G110/><T70/><D70/><U49/><E108/><V125/><F125/><W61/><G61/><T10/><D10/><U94/><E129/><V54/><F65/><W43/><G72/><T55/><D55/><U79/><E79/><V42/><F54/><W29/><G52/><T28/><D28/><U13/><E94/><V66/><F66/><RYUUKYOKU ba="0,0" sc="250,-10,250,-10,250,30,250,-10" hai2="4,11,14,21,24,30,42,46,51,56,59,132,133" /><INIT seed="1,1,0,2,1,32" ten="240,240,280,240" oya="1" hai0="60,123,27,100,76,82,95,98,19,21,80,45,134" hai1="8,122,58,14,93,59,29,130,117,91,72,119,114" hai2="96,111,118,38,48,13,88,103,40,107,101,12,11" hai3="26,97,62,61,106,115,55,127,84,109,120,90,7"/><U54/><E114/><V128/><F118/><W129/><G115/><T6/><D134/><U83/><E122/><V81/><F38/><W0/><G120/><T68/><D123/><U74/><E130/><V44/><F128/><W25/><G129/><T23/><D6/><U70/><E70/><V49/><F111/><W51/><G109/><T9/><D45/><U65/><E29/><V86/><F101/><W41/><G41/><T104/><D9/><U67/><E119/><V112/><F112/><W10/><G127/><T20/><D104/><U43/><E43/><V22/><F22/><W132/><G132/><T64/><REACH who="0" step="1"/><D80/><REACH who="0" ten="230,240,280,240" step="2"/><U87/><E117/><V110/><F110/><W15/><G106/><T50/><D50/><U85/><E74/><AGARI ba="1,1" hai="19,20,21,23,27,60,64,68,74,76,82,95,98,100" machi="74" ten="30,2000,0" yaku="1,1,7,1,53,0" doraHai="32" doraHaiUra="52" who="0" fromWho="1" sc="230,33,240,-23,280,0,240,0" /><INIT seed="2,0,0,3,0,35" ten="263,217,280,240" oya="2" hai0="69,73,25,99,62,95,98,124,108,134,60,66,17" hai1="90,116,89,121,32,125,91,36,46,26,18,6,74" hai2="13,113,27,123,33,40,79,2,45,72,92,21,109" hai3="16,126,44,14,81,19,129,127,63,34,80,42,41"/><V9/><F113/><W67/><G34/><T100/><D73/><U5/><E116/><V84/><F123/><W31/><G31/><T30/><D108/><U29/><E74/><V1/><F109/><W10/><G19/><T65/><D124/><N who="3" m="47657" /><G129/><T52/><D134/><U112/><E125/><V48/><F33/><W56/><G41/><T43/><D43/><U78/><E78/><V22/><F72/><W85/><G85/><T103/><D17/><U128/><E128/><V38/><F38/><AGARI ba="0,0" hai="10,14,16,38,42,44,56,63,67,80,81" m="47657" machi="38" ten="30,2000,0" yaku="18,1,54,1" doraHai="35" who="3" fromWho="2" sc="263,0,217,0,280,-20,240,20" /><INIT seed="3,0,0,3,3,84" ten="263,217,260,260" oya="3" hai0="75,70,128,124,83,73,11,81,8,22,27,14,7" hai1="100,18,92,43,69,40,61,13,54,119,29,108,94" hai2="64,80,122,86,74,125,16,67,76,117,88,135,87" hai3="107,96,115,77,30,109,12,85,9,0,112,62,35"/><W110/><G0/><T28/><D70/><U4/><E108/><N who="3" m="41578" /><G62/><T58/><D124/><U105/><E119/><V49/><F117/><W45/><G45/><T127/><D127/><U90/><E105/><V21/><F125/><W57/><G57/><T50/><D128/><U104/><E104/><V113/><F113/><W106/><G30/><T126/><D126/><U10/><E69/><V95/><F135/><W34/><G106/><T93/><D11/><U1/><E29/><V33/><F33/><N who="3" m="12299" /><G107/><T48/><D75/><U101/><E1/><V114/><F114/><W53/><G53/><T99/><D73/><U6/><E94/><V98/><F122/><W111/><N who="3" m="41586" /><W19/><DORA hai="41" /><G96/><T25/><D25/><U63/><E43/><V89/><F49/><W36/><G36/><T52/><D50/><U134/><E40/><V118/><F74/><W131/><G131/><T121/><D121/><U59/><E61/><V39/><F39/><W51/><G51/><T97/><D97/><N who="1" m="57495" /><E134/><V31/><F31/><W20/><G20/><T24/><D24/><U3/><E3/><V102/><F118/><W15/><G15/><T42/><D42/><U132/><E132/><V60/><F60/><W78/><G78/><T46/><D58/><U133/><E133/><V123/><F123/><W2/><G2/><T5/><D5/><AGARI ba="0,0" hai="4,5,6,10,13,18,54,59,63,100,101" m="57495" machi="5" ten="30,2000,0" yaku="8,1,52,1" doraHai="84,41" who="1" fromWho="0" sc="263,-20,217,20,260,0,260,0" /><INIT seed="4,0,0,5,4,55" ten="243,237,260,260" oya="0" hai0="0,108,24,58,91,27,101,7,77,81,106,134,59" hai1="89,79,73,85,25,47,94,9,17,33,104,115,96" hai2="107,82,46,84,23,109,119,8,51,13,63,93,75" hai3="130,103,68,135,86,41,29,133,114,69,78,112,45"/><T128/><D91/><U120/><E120/><V1/><F107/><W62/><G29/><T48/><D48/><U32/><E115/><N who="3" m="44074" /><G103/><T74/><D7/><U118/><E118/><V61/><F109/><W19/><G19/><T10/><D10/><U15/><E25/><V98/><F75/><W36/><G86/><T90/><D90/><U57/><E47/><V111/><F23/><W123/><G78/><T42/><D0/><U11/><E11/><V64/><F1/><W49/><G123/><T22/><D42/><U88/><E89/><V38/><F38/><W99/><G99/><T121/><D121/><U4/><E4/><V18/><F119/><W131/><G36/><T40/><D40/><U31/><E31/><V60/><F111/><W6/><G6/><T71/><D108/><U34/><E73/><V132/><F132/><N who="3" m="50763" /><G62/><T110/><D110/><U16/><E17/><V102/><F84/><W12/><G12/><T3/><D3/><U80/><E104/><V30/><F82/><W92/><G92/><T117/><D117/><U14/><E14/><V87/><F87/><W83/><G83/><T116/><D116/><U5/><E5/><V67/><REACH who="2" step="1"/><F30/><REACH who="2" ten="243,237,250,260" step="2"/><W54/><G41/><AGARI ba="0,1" hai="8,13,18,41,46,51,60,61,63,64,67,93,98,102" machi="41" ten="40,8000,1" yaku="1,1,2,1,8,1,53,1" doraHai="55" doraHaiUra="95" who="2" fromWho="3" sc="243,0,237,0,250,90,260,-80" owari="243,4.3,237,-16.3,340,44.0,180,-32.0" /></mjloggm>