<mjloggm ver="2.3"><GO type="225" lobby="0"/><UN n0="%57%69%73%68%61%72%74" n1="%E3%81%B5%E3%81%98%E3%81%8B%E3%81%A4" n2="%E3%81%8B%E3%82%8F%E3%81%A1%E3%82%83%E3%82%93%35%38" n3="%5C%28%E2%89%A7%E2%96%BD%E2%89%A6%29%2F" dan="16,16,16,16" rate="2067.82,2091.63,2133.12,2038.20" sx="F,M,M,M"/><TAIKYOKU oya="0"/><INIT seed="0,0,0,5,4,112" ten="250,250,250,250" oya="0" hai0="8,6,5,47,79,96,119,123,105,108,76,63,9" hai1="71,10,135,87,14,66,52,75,60,54,84,101,113" hai2="103,56,27,1,33,109,129,42,121,53,118,114,82" hai3="130,126,65,94,107,40,111,34,25,22,45,21,11"/><T23/><D123/><U64/><E113/><V133/><F82/><W0/><G107/><T28/><D47/><U4/><E75/><V26/><F103/><W15/><G0/><T24/><D63/><U7/><E135/><V19/><F53/><N who="1" m="20585" /><E71/><V44/><F56/><W62/><G34/><T69/><D69/><U99/><E60/><V125/><F42/><W110/><G126/><T18/><D96/><U29/><E29/><N who="2" m="19639" /><F44/><W106/><G106/><T30/><D105/><U68/><E68/><V77/><F1/><W17/><G130/><T90/><D90/><U36/><E36/><V85/><F114/><W70/><G94/><T16/><D24/><U88/><E4/><V13/><F129/><W132/><G132/><T59/><D59/><U115/><E115/><V127/><F27/><W37/><REACH who="3" step="1"/><G22/><REACH who="3" ten="250,250,250,240" step="2"/><T117/><D23/><U12/><E66/><V116/><F133/><W93/><G93/><T50/><D50/><U98/><E64/><V3/><F3/><W43/><G43/><T91/><D108/><U89/><E101/><V100/><F100/><W57/><G57/><T41/><D91/><N who="1" m="34891" /><E14/><V61/><F109/><W31/><AGARI ba="0,1" hai="11,15,17,21,25,31,37,40,45,62,65,70,110,111" machi="31" ten="30,2000,0" yaku="1,1,0,1,53,0" doraHai="112" doraHaiUra="134" who="3" fromWho="3" sc="250,-10,250,-5,250,-5,240,30" /><INIT seed="1,0,0,5,1,6" ten="240,245,245,270" oya="1" hai0="28,8,111,20,50,4,2,116,53,25,10,57,135" hai1="23,26,71,13,60,81,54,58,69,96,29,105,132" hai2="82,70,107,104,100,86,92,16,46,80,85,51,31" hai3="76,120,106,84,108,48,103,9,3,30,14,77,87"/><U64/><E132/><V131/><F70/><W24/><G3/><T39/><D116/><U35/><E81/><V38/><F38/><W56/><G120/><T36/><D135/><U110/><E110/><V119/><F119/><W37/><G37/><T66/><D111/><U62/><E13/><V122/><F122/><W47/><G108/><T7/><REACH who="0" step="1"/><D66/><REACH who="0" ten="230,245,245,270" step="2"/><U115/><E115/><V75/><F131/><W12/><G77/><T101/><D101/><N who="1" m="62631" /><E71/><V130/><F100/><W43/><G76/><T21/><D21/><AGARI ba="0,1" hai="21,23,26,29,35,54,58,60,62,64,69" m="62631" machi="21" ten="30,1500,0" yaku="25,1" doraHai="6" who="1" fromWho="0" sc="230,-15,245,25,245,0,270,0" /><INIT seed="1,1,0,1,4,102" ten="215,270,245,270" oya="1" hai0="128,82,20,15,75,132,31,64,4,87,30,59,74" hai1="134,13,91,93,95,92,83,68,14,60,88,61,99" hai2="53,90,25,85,36,78,120,42,122,72,119,135,33" hai3="26,49,28,23,32,96,100,6,123,9,127,56,66"/><U81/><E134/><V27/><F53/><W57/><G123/><T71/><D132/><U109/><E68/><V24/><F33/><W51/><G127/><T40/><D71/><U39/><E39/><V98/><F119/><W70/><G32/><T46/><D128/><U0/><E0/><V21/><F21/><W44/><G70/><T7/><D75/><U45/><E45/><N who="2" m="23751" /><F98/><W63/><G57/><T107/><D74/><U126/><E126/><V94/><F135/><W108/><G44/><T112/><D112/><U47/><E47/><V43/><F43/><W67/><G67/><T84/><D107/><U113/><E113/><V41/><F41/><W16/><G108/><T34/><D34/><U131/><E131/><V18/><F18/><W48/><G28/><T133/><D133/><U118/><E118/><V79/><F79/><W22/><G22/><T130/><D130/><U11/><E109/><V38/><F38/><W115/><G115/><T62/><D31/><U103/><E103/><V35/><F35/><W76/><G76/><T52/><D64/><U2/><E2/><V125/><F125/><W89/><G89/><N who="1" m="34378" /><E99/><V80/><F122/><W17/><G17/><N who="0" m="10303" /><D30/><U73/><E73/><N who="2" m="43087" /><F120/><W117/><G117/><T69/><D69/><U77/><E77/><V110/><F110/><W105/><G48/><N who="0" m="26695" /><D87/><U121/><E121/><V10/><F72/><W111/><G111/><T37/><D37/><U55/><E55/><V29/><F29/><W54/><G54/><T101/><D101/><U12/><E11/><V65/><F65/><W124/><G124/><T3/><D3/><AGARI ba="1,0" hai="3,6,9,16,23,26,49,51,56,63,66,96,100,105" machi="3" ten="30,7700,0" yaku="6,1,7,1,52,1,54,1" doraHai="102" who="3" fromWho="0" sc="215,-80,270,0,245,0,270,80" /><INIT seed="2,0,0,0,4,56" ten="135,270,245,350" oya="2" hai0="58,68,81,34,70,18,1,36,93,95,17,65,55" hai1="114,59,27,100,48,87,102,92,106,116,130,10,37" hai2="85,31,71,35,96,7,110,89,16,84,50,11,80" hai3="47,103,79,5,43,2,15,104,13,94,86,132,38"/><V32/><F71/><W133/><G104/><T129/><D34/><U42/><E114/><V74/><F74/><W122/><G122/><T119/><D119/><U22/><E116/><V26/><F110/><W91/><G103/><T112/><D112/><U20/><E106/><V134/><F134/><N who="3" m="51819" /><G79/><T118/><D118/><U125/><E125/><V6/><F35/><W12/><G2/><T127/><D36/><U101/><E37/><V128/><F128/><W54/><G54/><T60/><D129/><U39/><E39/><V73/><F73/><W41/><G41/><T111/><D127/><U121/><E121/><V63/><F96/><W98/><G98/><T9/><D111/><U33/><E33/><V14/><F63/><W135/><G135/><T49/><D70/><U99/><E10/><AGARI ba="0,0" hai="5,10,12,13,15,38,43,47,86,91,94" m="51819" machi="10" ten="30,1000,0" yaku="20,1" doraHai="56" who="3" fromWho="1" sc="135,0,270,-10,245,0,350,10" /><INIT seed="3,0,0,5,1,28" ten="135,260,245,360" oya="3" hai0="49,101,66,98,6,84,4,51,95,41,115,59,78" hai1="2,16,82,72,30,100,113,89,81,27,13,57,124" hai2="93,22,56,8,37,3,65,32,55,58,50,19,0" hai3="11,134,127,23,29,128,36,12,60,47,117,67,18"/><W133/><G117/><T123/><D123/><U130/><E113/><V69/><F37/><W106/><G106/><T24/><D115/><U73/><E124/><V40/><F69/><W26/><G127/><T102/><D102/><U5/><E130/><V14/><F40/><N who="3" m="22919" /><G128/><T103/><D103/><U10/><E100/><V48/><F32/><W64/><G60/><T20/><D49/><U43/><E43/><V9/><F0/><W111/><G111/><T33/><D33/><U108/><E57/><V91/><F3/><W38/><G38/><T71/><D71/><U92/><E73/><V46/><F46/><W97/><G97/><T83/><D41/><U45/><E45/><V17/><F17/><W80/><G80/><T99/><D99/><U120/><E72/><V1/><F1/><W132/><AGARI ba="0,0" hai="11,12,18,23,26,29,64,67,132,133,134" m="22919" machi="132" ten="30,1500,0" yaku="20,1" doraHai="28" who="3" fromWho="3" sc="135,-5,260,-5,245,-5,360,15" owari="130,-37.0,255,5.5,240,-16.0,375,47.5" /></mjloggm>