<mjloggm ver="2.3"><GO type="225" lobby="0"/><UN n0="%E3%82%BC%E3%83%AB%E3%83%80%E3%81%AE%E4%BC%9D%E8%AA%AC" n1="%E5%84%AA%40%41%42%43" n2="%E9%B3%B3%E6%9D%B1%E3%81%AE%E3%81%86%E3%81%95%E3%81%8E%E3%81%95%E3%82%93" n3="%E7%B4%94%E6%BD%94%E3%83%94%E3%83%A9%E3%83%8B%E3%82%A2" dan="16,17,16,16" rate="2158.97,2255.57,2253.72,2182.91" sx="M,M,M,M"/><TAIKYOKU oya="0"/><INIT seed="0,0,0,2,5,97" ten="250,250,250,250" oya="0" hai0="6,30,70,58,1,74,54,71,52,18,113,124,129" hai1="62,11,67,82,55,29,77,41,59,118,123,86,95" hai2="21,45,61,27,108,4,122,114,16,26,89,9,115" hai3="100,76,105,88,81,80,5,49,12,3,37,87,112"/><T31/><D113/><U69/><E118/><V132/><F122/><W25/><G37/><T73/><D18/><U72/><E123/><V8/><F108/><W7/><G112/><T125/><D58/><U47/><E29/><N who="0" m="10761" /><D6/><U36/><E11/><V35/><F132/><W2/><G3/><T46/><D46/><U50/><REACH who="1" step="1"/><E95/><REACH who="1" ten="250,240,250,250" step="2"/><V83/><F8/><W75/><G105/><T53/><D129/><U23/><E23/><V126/><F9/><W119/><G119/><T34/><D34/><U109/><E109/><V78/><F35/><W20/><G2/><T104/><D104/><U131/><E131/><V24/><F21/><W22/><G22/><T0/><D0/><U102/><E102/><V10/><F10/><W120/><G100/><T116/><D1/><U121/><E121/><V94/><F4/><W111/><G111/><T38/><D116/><U44/><E44/><V14/><F45/><W98/><G120/><T96/><D38/><U106/><E106/><V110/><F110/><W15/><G7/><T65/><D125/><U91/><E91/><V101/><F101/><W13/><G5/><T39/><D39/><U90/><E90/><V68/><F126/><W93/><G20/><T56/><D124/><U134/><E134/><V103/><F103/><W92/><G92/><T28/><D28/><U43/><E43/><V133/><F133/><W135/><G135/><T64/><D74/><AGARI ba="0,1" hai="36,41,47,50,55,59,62,67,69,72,74,77,82,86" machi="74" ten="40,8000,1" yaku="1,1,24,2,53,1" doraHai="97" doraHaiUra="48" who="1" fromWho="0" sc="250,-80,240,90,250,0,250,0" /><INIT seed="1,0,0,1,1,98" ten="170,330,250,250" oya="1" hai0="34,14,110,24,120,29,69,87,42,76,51,2,0" hai1="16,74,60,81,41,89,11,63,67,68,83,1,106" hai2="27,117,135,111,6,52,38,91,32,40,103,130,36" hai3="54,126,49,70,125,20,18,121,93,112,107,109,84"/><U133/><E106/><V127/><F117/><W104/><G70/><T115/><D115/><U43/><E133/><V118/><F118/><W72/><G72/><T114/><D114/><U48/><E60/><V131/><F135/><W80/><G93/><T12/><D69/><U56/><E43/><V7/><F111/><W25/><G109/><T53/><D110/><U66/><E67/><V86/><F103/><W50/><G121/><T92/><D120/><U129/><E74/><V97/><F97/><W4/><G4/><N who="2" m="1577" /><F40/><W55/><G50/><T85/><D42/><U105/><E105/><N who="3" m="40522" /><G49/><T10/><D14/><U30/><E1/><V75/><F75/><W77/><G112/><T37/><D37/><U82/><E129/><N who="2" m="49163" /><F52/><W61/><G61/><T94/><D0/><U28/><E41/><V3/><F3/><W33/><G33/><T5/><D2/><U8/><E48/><V101/><F101/><W44/><G44/><T78/><D85/><U46/><E46/><V59/><F59/><W62/><G62/><T73/><D73/><U95/><E56/><V122/><F122/><W45/><G45/><N who="0" m="27887" /><D87/><U39/><E39/><V19/><F32/><W99/><G99/><T35/><D35/><U31/><E63/><V23/><F38/><W17/><G55/><T113/><D113/><U134/><E68/><V102/><F36/><W22/><G54/><T65/><D65/><U9/><E66/><V119/><F119/><W124/><G124/><T116/><D116/><U47/><E47/><V26/><F127/><W21/><G25/><T79/><D34/><U108/><E108/><RYUUKYOKU ba="0,0" sc="170,15,330,-15,250,-15,250,15" hai0="5,10,12,24,29,76,78,79,92,94" hai3="17,18,20,21,22,77,80,84,125,126" /><INIT seed="2,1,0,3,5,13" ten="185,315,235,265" oya="2" hai0="65,97,15,100,108,27,2,51,29,17,81,20,121" hai1="107,1,124,101,28,132,85,113,25,104,105,116,55" hai2="129,19,33,52,109,127,77,54,74,59,49,22,53" hai3="48,98,93,92,94,57,106,47,79,114,80,91,10"/><V118/><F118/><W126/><G126/><T69/><D108/><U95/><E113/><V18/><F33/><W86/><G114/><T37/><D37/><U70/><E1/><V64/><F127/><W72/><G57/><T112/><D112/><U102/><E116/><V44/><F109/><W119/><G119/><T58/><D2/><U6/><E6/><V67/><F129/><W40/><REACH who="3" step="1"/><G10/><REACH who="3" ten="185,315,235,255" step="2"/><T71/><D121/><U66/><E124/><V42/><F59/><W130/><G130/><T3/><D71/><U38/><E70/><V87/><F74/><W8/><G8/><T21/><D69/><U78/><E66/><N who="2" m="25131" /><F22/><W32/><G32/><T123/><D123/><U45/><E45/><V62/><F62/><W0/><G0/><T122/><D3/><U7/><E132/><V34/><F34/><W63/><G63/><T133/><D133/><U50/><E107/><V9/><F9/><W128/><G128/><T68/><D68/><U61/><E105/><V120/><F120/><W82/><G82/><AGARI ba="1,1" hai="18,19,42,44,49,52,53,54,77,82,87" m="25131" machi="82" ten="30,11600,0" yaku="8,1,52,2,54,1" doraHai="13" who="2" fromWho="3" sc="185,0,315,0,235,129,255,-119" /><INIT seed="2,2,0,3,5,19" ten="185,315,364,136" oya="2" hai0="81,12,11,30,78,18,131,7,17,109,64,124,119" hai1="92,88,77,110,127,55,129,104,51,89,38,87,71" hai2="14,72,20,45,135,100,94,41,36,32,23,79,15" hai3="59,90,108,26,121,8,70,34,117,5,50,66,106"/><V48/><F32/><W4/><G106/><T120/><D120/><U125/><E38/><V96/><F135/><W35/><G121/><T1/><D109/><U49/><E104/><V123/><F123/><W115/><G108/><T67/><D124/><N who="1" m="47691" /><E110/><V98/><F36/><W65/><G70/><T85/><D131/><U22/><E71/><V76/><F96/><W133/><G133/><T86/><D119/><U52/><E129/><V111/><F111/><W107/><G107/><T29/><D86/><N who="1" m="52247" /><E77/><N who="2" m="29771" /><F72/><W84/><G117/><T31/><REACH who="0" step="1"/><D18/><REACH who="0" ten="175,315,364,136" step="2"/><U63/><E63/><V101/><F101/><W116/><G116/><T6/><D6/><U16/><E51/><V37/><F37/><W93/><G5/><T40/><D40/><U102/><E49/><V91/><F100/><W74/><G74/><T73/><D73/><U130/><E102/><V21/><AGARI ba="2,1" hai="14,15,20,21,23,41,45,48,91,94,98" m="29771" machi="21" ten="30,11700,0" yaku="8,1,52,3" doraHai="19" who="2" fromWho="2" sc="175,-41,315,-41,364,133,136,-41" /><INIT seed="2,3,0,3,1,72" ten="134,274,497,95" oya="2" hai0="41,35,102,129,81,90,44,19,86,95,65,36,49" hai1="59,92,119,30,91,38,96,68,110,3,71,50,82" hai2="25,121,77,52,79,32,78,80,111,8,108,39,126" hai3="75,130,14,60,115,15,69,122,53,116,104,76,83"/><V66/><F121/><W23/><G116/><T20/><D129/><U45/><E3/><V99/><F126/><W70/><G130/><T24/><D35/><U87/><E38/><V113/><F113/><W57/><G115/><T56/><D36/><U112/><E119/><V37/><F66/><W100/><G122/><T85/><D102/><U94/><E94/><V31/><F80/><W22/><G100/><T134/><D134/><U6/><E6/><V21/><F8/><W125/><G104/><T9/><D9/><U133/><E110/><N who="2" m="42027" /><F99/><W73/><G125/><T135/><D135/><U47/><E82/><V17/><F52/><W106/><G106/><T51/><D65/><U48/><E96/><V123/><F123/><W109/><G109/><T63/><D63/><U67/><E67/><V74/><F74/><W88/><G73/><T117/><D117/><U34/><E112/><V124/><F124/><W4/><G4/><T62/><D62/><U132/><E132/><V97/><F97/><W0/><G0/><T105/><D105/><U127/><E127/><V93/><F93/><W61/><G61/><T58/><D51/><U114/><E92/><V29/><F29/><W2/><G2/><T89/><AGARI ba="3,0" hai="19,20,24,41,44,49,56,58,81,85,86,89,90,95" machi="89" ten="20,2700,0" yaku="0,1,7,1,8,1" doraHai="72" who="0" fromWho="0" sc="134,36,274,-10,497,-16,95,-10" /><INIT seed="3,0,0,5,0,34" ten="170,264,481,85" oya="3" hai0="96,119,132,97,11,85,9,38,113,74,131,3,90" hai1="86,31,112,130,67,87,48,54,51,60,19,6,65" hai2="37,23,82,27,73,59,5,28,129,26,103,40,7" hai3="134,79,128,107,109,1,42,127,115,135,52,62,104"/><W123/><G115/><T13/><D74/><U45/><E112/><V69/><F69/><W58/><G123/><T17/><D38/><U43/><E130/><V133/><F103/><W44/><G128/><T125/><D113/><U81/><E31/><V118/><F118/><W91/><G127/><T105/><D131/><U94/><E6/><V120/><F129/><W22/><G79/><T20/><D119/><U0/><E0/><V33/><F120/><W92/><G1/><T89/><D125/><U53/><E60/><V95/><F95/><W41/><G109/><T29/><D132/><N who="3" m="50729" /><G22/><T55/><D3/><U36/><E36/><V32/><F133/><W111/><G111/><T117/><D117/><U12/><E94/><V93/><F93/><W15/><G15/><T101/><D96/><U102/><E102/><V63/><F82/><W100/><G100/><T126/><D126/><U84/><E81/><V49/><F73/><W50/><G42/><T122/><D122/><U47/><E43/><V18/><F32/><W98/><AGARI ba="0,0" hai="41,44,50,52,58,62,91,92,98,104,107" m="50729" machi="98" ten="30,3000,0" yaku="20,1,54,1" doraHai="34" who="3" fromWho="3" sc="170,-10,264,-10,481,-10,85,30" /><INIT seed="3,1,0,3,5,47" ten="160,254,471,115" oya="3" hai0="38,106,23,131,39,98,37,116,24,72,74,107,43" hai1="71,25,8,21,5,36,112,32,61,124,14,126,51" hai2="115,121,90,120,92,113,28,79,86,30,68,56,109" hai3="129,40,42,85,93,94,31,46,63,15,69,89,101"/><W132/><G129/><T96/><D43/><U122/><E36/><V9/><F68/><W22/><G132/><T125/><D116/><U57/><E112/><V59/><F109/><W33/><G33/><T111/><D111/><U73/><E73/><N who="0" m="28265" /><D23/><U119/><E122/><N who="2" m="47211" /><F79/><W110/><G110/><T54/><D54/><U10/><E51/><V18/><F56/><W45/><G69/><T117/><D117/><U2/><E32/><V134/><F59/><W49/><G63/><T53/><D53/><U104/><E104/><N who="0" m="39977" /><D24/><U114/><E71/><V77/><F77/><W97/><G31/><N who="2" m="11817" /><F134/><W70/><G70/><T84/><D84/><U13/><E14/><AGARI ba="1,0" hai="9,14,18,86,90,92,113,115" m="11817,47211" machi="14" ten="30,1000,0" yaku="13,1" doraHai="47" who="2" fromWho="1" sc="160,0,254,-13,471,13,115,0" owari="160,-24.0,241,4.1,484,58.4,115,-38.5" /></mjloggm>