<mjloggm ver="2.3"><GO type="225" lobby="0"/><UN n0="%70%68%65%6E%6F%6D%65" n1="%6D%75%75%6D%75%72%61" n2="%E3%81%95%E3%81%8D%E3%81%9F%E3%81%BE%E6%9E%97%E6%AA%8E" n3="%E3%81%86%E3%81%A9%E3%82%93%E3%81%93" dan="17,17,16,16" rate="2185.82,2177.27,2113.58,2155.20" sx="M,F,M,M"/><TAIKYOKU oya="0"/><INIT seed="0,0,0,4,5,25" ten="250,250,250,250" oya="0" hai0="129,114,67,53,45,126,124,107,70,48,75,44,106" hai1="77,2,37,113,33,36,135,120,96,14,35,56,62" hai2="104,121,0,39,132,59,28,52,24,21,1,29,81" hai3="94,7,55,117,51,26,91,17,133,66,110,58,69"/><T47/><D75/><U108/><E120/><V61/><F121/><W20/><G117/><T122/><D122/><U49/><E2/><V112/><F112/><W127/><G110/><T5/><D5/><U11/><E113/><V3/><F104/><W12/><G133/><T22/><D114/><U40/><E108/><V100/><F39/><W73/><G127/><N who="0" m="48683" /><D22/><U87/><E135/><V68/><F132/><W76/><G76/><T19/><D19/><U131/><E131/><V9/><F100/><W101/><G101/><T103/><D129/><U64/><E96/><V18/><F68/><W116/><G73/><T90/><D90/><U54/><E36/><V42/><F42/><W98/><G116/><T60/><D103/><U10/><E37/><V88/><REACH who="2" step="1"/><F9/><REACH who="2" ten="250,250,240,250" step="2"/><N who="3" m="4159" /><G69/><T6/><D6/><U111/><E40/><V105/><F105/><AGARI ba="0,1" hai="44,45,47,48,53,60,67,70,105,106,107" m="48683" machi="105" ten="30,1500,0" yaku="18,1" doraHai="25" who="0" fromWho="2" sc="250,25,250,0,240,-15,250,0" /><INIT seed="0,1,0,4,3,120" ten="275,250,225,250" oya="0" hai0="81,97,118,0,129,17,122,59,89,79,61,19,39" hai1="54,72,12,42,63,92,121,99,31,93,28,94,53" hai2="117,71,41,24,6,57,49,37,44,68,66,132,107" hai3="98,5,128,112,131,29,95,135,104,134,22,1,87"/><T103/><D122/><U75/><E121/><V8/><F107/><W123/><G123/><T127/><D118/><U38/><E99/><V106/><F106/><W85/><G5/><T124/><D39/><U74/><E12/><V2/><F132/><N who="3" m="50731" /><G1/><T119/><D89/><U25/><E63/><V76/><F117/><W80/><G29/><T65/><D0/><U26/><E42/><V109/><F24/><N who="1" m="9321" /><E38/><V88/><F88/><N who="3" m="53647" /><G22/><T21/><D129/><N who="3" m="49737" /><G112/><T46/><D119/><U130/><E130/><V3/><F3/><W40/><G40/><T32/><D32/><U52/><AGARI ba="1,0" hai="28,31,52,53,54,72,74,75,92,93,94" m="9321" machi="52" ten="40,8000,1" yaku="29,2,28,2,54,1" doraHai="120" who="1" fromWho="1" sc="275,-41,250,83,225,-21,250,-21" /><INIT seed="1,0,0,3,5,4" ten="234,333,204,229" oya="1" hai0="117,34,73,65,19,89,83,126,111,17,69,109,92" hai1="82,31,123,0,120,5,76,72,67,7,116,39,135" hai2="53,91,74,22,112,46,106,6,54,100,121,113,3" hai3="103,80,101,88,99,64,75,114,25,10,104,45,122"/><U41/><E116/><V26/><F121/><W60/><G122/><T102/><D34/><U40/><E135/><V20/><F74/><W48/><G114/><N who="2" m="44137" /><F106/><W1/><G101/><T32/><D32/><U49/><E7/><V9/><F100/><W12/><G25/><T127/><D65/><U8/><E40/><V118/><F118/><W70/><G1/><T27/><D69/><U97/><E49/><V93/><F26/><W30/><G30/><T35/><D117/><U37/><E37/><V134/><F134/><W119/><G119/><T50/><D50/><U129/><E129/><V131/><F131/><W98/><G75/><T132/><D132/><U130/><E130/><V107/><F107/><W95/><G80/><T85/><D35/><U105/><E67/><V51/><F53/><W63/><G64/><T55/><D55/><U78/><E78/><V11/><F11/><W44/><G70/><T15/><D27/><U33/><E31/><V94/><F94/><W36/><G36/><T79/><D102/><N who="1" m="62671" /><E33/><V38/><F38/><W52/><G45/><AGARI ba="0,0" hai="0,5,8,39,41,45,72,76,82,120,123" m="62671" machi="45" ten="30,5800,0" yaku="25,1,23,1,52,1" doraHai="4" who="1" fromWho="3" sc="234,0,333,58,204,0,229,-58" /><INIT seed="1,1,0,3,1,7" ten="234,391,204,171" oya="1" hai0="89,100,72,109,121,135,44,105,116,78,47,49,6" hai1="22,81,115,17,86,41,40,33,122,95,18,8,39" hai2="102,97,53,107,69,30,45,19,110,131,46,38,82" hai3="108,77,12,85,26,37,130,15,75,60,13,25,34"/><U55/><E115/><V132/><F110/><W36/><G75/><T10/><D116/><U67/><E33/><V54/><F131/><W114/><G114/><T62/><D109/><U119/><E119/><V11/><F132/><W123/><G123/><T28/><D135/><U126/><E126/><V118/><F118/><W59/><G108/><T51/><D121/><U0/><E67/><V14/><F69/><W91/><G77/><T21/><D62/><U31/><E39/><V5/><F30/><W74/><G74/><T27/><D105/><U92/><E31/><V9/><F82/><W90/><G130/><T94/><D100/><U2/><E55/><V29/><F29/><W103/><G103/><T112/><D112/><U88/><E122/><V117/><F117/><W16/><G34/><T23/><D21/><U101/><E0/><V99/><F99/><W48/><G48/><N who="0" m="18507" /><D78/><U65/><E65/><V120/><F120/><W70/><G70/><T124/><D72/><U93/><E101/><V98/><F98/><W64/><G90/><T66/><D66/><U79/><E79/><V35/><F35/><W42/><G42/><T57/><D57/><U129/><E129/><V32/><F32/><W134/><G134/><T133/><D124/><U4/><REACH who="1" step="1"/><E18/><REACH who="1" ten="234,381,204,171" step="2"/><V43/><F45/><W84/><G37/><T61/><D133/><U63/><E63/><V80/><F80/><N who="3" m="49543" /><G36/><T113/><D61/><U24/><AGARI ba="1,1" hai="2,4,8,17,22,24,40,41,81,86,88,92,93,95" machi="24" ten="30,11700,0" yaku="1,1,0,1,52,1,54,1,53,0" doraHai="7" doraHaiUra="104" who="1" fromWho="1" sc="234,-40,381,130,204,-40,171,-40" /><INIT seed="1,2,0,5,5,4" ten="194,511,164,131" oya="1" hai0="81,5,63,37,92,104,125,40,35,65,62,54,126" hai1="116,12,64,68,73,55,32,97,39,102,3,103,21" hai2="123,106,16,31,111,98,59,130,52,113,115,86,1" hai3="13,25,78,133,69,20,131,122,127,56,36,50,83"/><U41/><E116/><V99/><F111/><W11/><G69/><T22/><D104/><U72/><E32/><V46/><F130/><W117/><G36/><T74/><D35/><U14/><E3/><V60/><F123/><W42/><G122/><T79/><D92/><U0/><E0/><V129/><F129/><W119/><G131/><T33/><D33/><U9/><E55/><V53/><F1/><W108/><G108/><T57/><D5/><U84/><E84/><V10/><F31/><W94/><G133/><T58/><REACH who="0" step="1"/><D22/><REACH who="0" ten="184,511,164,131" step="2"/><U34/><E21/><V105/><F105/><W19/><G127/><T100/><D100/><U93/><E103/><V90/><F106/><W120/><G94/><T107/><D107/><U24/><E34/><V76/><F115/><W132/><G120/><T75/><D75/><U29/><E73/><V121/><F113/><W80/><G132/><T85/><D85/><U30/><E72/><V49/><F121/><W2/><G83/><T28/><D28/><U47/><E29/><V45/><F76/><W8/><G117/><T95/><D95/><U96/><E93/><V77/><F77/><W18/><G119/><T17/><D17/><U88/><E102/><V61/><F86/><N who="3" m="48407" /><G2/><T27/><D27/><U6/><E24/><V89/><F99/><W23/><G42/><T101/><D101/><U71/><E30/><V118/><F118/><W44/><G44/><AGARI ba="2,1" hai="37,40,44,54,57,58,62,63,65,74,79,81,125,126" machi="44" ten="40,1300,0" yaku="1,1,53,0" doraHai="4" doraHaiUra="87" who="0" fromWho="3" sc="184,29,511,0,164,0,131,-19" /><INIT seed="2,0,0,1,0,72" ten="213,511,164,112" oya="2" hai0="117,25,29,4,104,124,80,51,103,35,125,55,12" hai1="59,87,79,107,81,128,9,82,49,37,94,1,31" hai2="76,39,131,96,127,2,7,15,105,68,95,110,64" hai3="3,48,66,10,90,86,130,8,53,99,57,114,83"/><V106/><F39/><W34/><G130/><T71/><D71/><U73/><E107/><V121/><F121/><W119/><G119/><T135/><D117/><U40/><E128/><V52/><F131/><W92/><G114/><T50/><D135/><U21/><E94/><V63/><F2/><W85/><G34/><T58/><D103/><U100/><E100/><V44/><F127/><N who="0" m="48714" /><D104/><U129/><E129/><V36/><F36/><W27/><G66/><T54/><D80/><U61/><E37/><V14/><F14/><W67/><G3/><T120/><D120/><U134/><E134/><V30/><F30/><W33/><G67/><T69/><D69/><U28/><E21/><V6/><F6/><W108/><G108/><T122/><D122/><U41/><E9/><V77/><F105/><W56/><G56/><N who="0" m="32855" /><D12/><U98/><E98/><V116/><F116/><W75/><G75/><T84/><D84/><U118/><E1/><V123/><F123/><W113/><G113/><T109/><D4/><U74/><E118/><V62/><F110/><AGARI ba="0,0" hai="25,29,35,51,55,58,109,110" m="32855,48714" machi="110" ten="30,1000,0" yaku="18,1" doraHai="72" who="0" fromWho="2" sc="213,10,511,0,164,-10,112,0" /><INIT seed="3,0,0,2,1,125" ten="223,511,154,112" oya="3" hai0="22,4,115,131,103,12,120,86,30,46,60,48,1" hai1="94,135,116,68,47,38,23,61,58,124,31,54,15" hai2="65,57,33,77,85,95,73,10,129,104,89,75,28" hai3="69,32,132,52,128,114,29,37,17,101,41,20,27"/><W126/><G114/><T108/><D120/><U62/><E124/><V19/><F104/><W72/><G126/><T93/><D108/><U18/><E135/><V67/><F33/><W134/><G72/><T79/><D1/><U109/><E109/><V130/><F28/><W105/><G69/><T45/><D60/><U76/><E116/><V83/><F75/><W106/><G128/><N who="2" m="49257" /><F57/><W43/><G52/><T102/><D115/><U3/><E3/><V50/><F50/><W55/><G55/><T59/><D59/><U49/><E38/><V117/><F117/><W25/><G37/><T127/><D30/><U6/><E68/><V122/><F122/><W90/><G90/><T8/><D127/><U111/><E111/><V81/><F81/><W119/><G119/><T11/><D48/><N who="1" m="31047" /><E76/><V100/><F100/><W42/><REACH who="3" step="1"/><G101/><REACH who="3" ten="223,511,154,102" step="2"/><T88/><D131/><U123/><E123/><V113/><F113/><W118/><G118/><T35/><D102/><U112/><E112/><V51/><F51/><W97/><G97/><T87/><D103/><U14/><E49/><V64/><F64/><W92/><G92/><T74/><D74/><U56/><E94/><V16/><F67/><W2/><G2/><T91/><D46/><U121/><E47/><V84/><F65/><W21/><G21/><T66/><D66/><U98/><E98/><V13/><F73/><W107/><AGARI ba="0,1" hai="17,20,25,27,29,32,41,42,43,105,106,107,132,134" machi="107" ten="40,3900,0" yaku="1,1,0,1,53,0" doraHai="125" doraHaiUra="99" who="3" fromWho="3" sc="223,-13,511,-13,154,-13,102,49" /><INIT seed="3,1,0,0,4,36" ten="210,498,141,151" oya="3" hai0="27,38,79,96,97,99,120,7,124,60,16,119,17" hai1="69,18,64,132,24,83,74,59,40,117,85,95,98" hai2="128,55,123,89,0,125,102,121,71,103,67,46,11" hai3="112,113,84,65,130,110,51,87,58,42,57,63,5"/><W106/><G106/><T2/><D120/><N who="2" m="46154" /><F128/><W122/><G122/><T23/><D119/><U34/><E69/><V88/><F125/><W127/><G130/><T82/><D38/><U31/><E74/><V45/><F71/><W111/><G5/><T19/><D124/><U29/><E132/><V33/><F33/><W134/><G127/><T22/><D60/><N who="1" m="37919" /><E34/><V41/><F67/><W92/><G134/><T100/><D100/><N who="2" m="38442" /><F55/><N who="3" m="31999" /><G92/><T20/><D7/><U108/><E95/><V75/><F75/><W116/><G116/><T107/><D2/><U73/><E117/><V126/><F126/><W135/><G135/><T12/><D107/><U104/><E104/><V93/><F93/><W78/><G42/><T86/><D12/><U101/><E40/><V6/><F46/><W109/><G78/><T61/><D61/><U72/><E72/><V90/><F90/><W47/><G47/><T76/><D79/><N who="1" m="46335" /><E73/><V94/><F94/><W43/><G43/><T77/><D77/><U30/><E101/><V70/><F70/><W8/><G8/><T52/><D52/><U50/><E50/><AGARI ba="1,0" hai="0,6,11,41,45,50,88,89" m="38442,46154" machi="50" ten="30,3900,0" yaku="13,1,52,1,54,1" doraHai="36" who="2" fromWho="1" sc="210,0,498,-42,141,42,151,0" owari="210,1.0,456,55.6,183,-21.7,151,-34.9" /></mjloggm>