<mjloggm ver="2.3"><GO type="225" lobby="0"/><UN n0="%E3%81%8D%E3%82%83%E3%83%BC%E3%82%8D%E3%82%93" n1="%E3%82%A2%E3%83%A1%E3%82%A2%E3%83%A9%E3%83%AC" n2="%33%74%72%65%65" n3="%E6%A1%9C%E8%8A%B1%E9%96%83%E3%80%85" dan="16,16,16,16" rate="2135.12,2153.68,2140.52,2189.11" sx="M,M,F,M"/><TAIKYOKU oya="0"/><INIT seed="0,0,0,1,0,38" ten="250,250,250,250" oya="0" hai0="68,53,11,127,126,123,8,135,97,113,48,105,64" hai1="14,5,93,129,108,45,131,51,44,60,133,91,24" hai2="40,89,102,85,36,119,130,42,56,34,61,4,59" hai3="99,95,107,92,12,55,86,32,84,104,80,128,87"/><T70/><D113/><U23/><E108/><V114/><F114/><W96/><G32/><T31/><D123/><U98/><E133/><V71/><F71/><W26/><G26/><T75/><D75/><U35/><E35/><V74/><F74/><W25/><G25/><T79/><D79/><U116/><E116/><V50/><F36/><W77/><G12/><T18/><D31/><U39/><E60/><V6/><F34/><W121/><G55/><T115/><D115/><U111/><E111/><V27/><F130/><N who="1" m="49673" /><E39/><V117/><F102/><N who="3" m="60703" /><G121/><T118/><D118/><N who="2" m="45066" /><F27/><W49/><G49/><T67/><D135/><U69/><E69/><V13/><F50/><W54/><G54/><T94/><D105/><N who="3" m="40521" /><G128/><T132/><D132/><U10/><E51/><V83/><F59/><W1/><G1/><T73/><D70/><U106/><E106/><V62/><F62/><W29/><G29/><AGARI ba="0,0" hai="5,10,14,23,24,29,44,45,91,93,98" m="49673" machi="29" ten="30,1000,0" yaku="19,1" doraHai="38" who="1" fromWho="3" sc="250,0,250,10,250,0,250,-10" /><INIT seed="1,0,0,1,5,123" ten="250,260,250,240" oya="1" hai0="104,124,102,132,27,69,9,21,20,51,125,45,114" hai1="134,10,74,17,91,122,11,43,30,101,6,127,117" hai2="33,86,72,88,1,85,128,19,3,75,95,61,133" hai3="26,46,96,54,14,76,47,106,44,37,53,22,118"/><U42/><E117/><V109/><F128/><W92/><G106/><T135/><D114/><U120/><E74/><V60/><F133/><N who="0" m="51274" /><D69/><U65/><E134/><V110/><F33/><W111/><G37/><T82/><D9/><U18/><E101/><V73/><F19/><W56/><G118/><T58/><D58/><U97/><E30/><V52/><F85/><W29/><G76/><T81/><D21/><U87/><E97/><V28/><F28/><W108/><G14/><T39/><D39/><U77/><E77/><V131/><F131/><W49/><REACH who="3" step="1"/><G54/><REACH who="3" ten="250,260,250,230" step="2"/><N who="0" m="30063" /><D104/><U129/><E129/><V68/><F52/><W103/><AGARI ba="0,1" hai="22,26,29,44,46,47,49,53,56,92,96,103,108,111" machi="103" ten="30,7900,0" yaku="1,1,0,1,52,2,53,0" doraHai="123" doraHaiUra="13" who="3" fromWho="3" sc="250,-20,260,-39,250,-20,230,89" /><INIT seed="2,0,0,2,1,89" ten="230,221,230,319" oya="2" hai0="22,54,101,90,69,0,97,55,17,130,60,34,50" hai1="49,28,108,13,104,43,46,33,88,134,114,83,84" hai2="25,38,53,63,124,125,107,56,19,105,98,21,132" hai3="70,103,116,1,45,36,14,47,115,20,100,102,62"/><V42/><F132/><W58/><G1/><T26/><D0/><U27/><E108/><V78/><F78/><W6/><G70/><T18/><D130/><U122/><E134/><V127/><F38/><W93/><G116/><T119/><D119/><U12/><E114/><V2/><F42/><W121/><G121/><T32/><D90/><U94/><E104/><V15/><F2/><W7/><G115/><T11/><D11/><U3/><E3/><V23/><REACH who="2" step="1"/><F98/><REACH who="2" ten="230,221,220,319" step="2"/><W110/><G36/><T5/><D97/><U96/><REACH who="1" step="1"/><E122/><REACH who="1" ten="230,211,220,319" step="2"/><V99/><F99/><W41/><G110/><T48/><D101/><AGARI ba="0,2" hai="12,13,27,28,33,43,46,49,83,84,88,94,96,101" machi="101" ten="30,8000,1" yaku="1,1,2,1,7,1,52,1,54,1,53,0" doraHai="89" doraHaiUra="135" who="1" fromWho="0" sc="230,-80,211,100,220,0,319,0" /><INIT seed="3,0,0,0,4,57" ten="150,311,220,319" oya="3" hai0="20,49,82,103,107,14,2,124,100,116,130,85,33" hai1="75,96,15,54,26,18,113,28,80,56,73,47,31" hai2="12,51,120,134,5,59,125,16,102,131,43,127,23" hai3="95,128,50,129,87,93,40,37,60,55,48,101,64"/><W17/><G37/><T44/><D116/><U66/><E113/><V122/><F102/><W19/><G40/><T70/><D33/><U88/><E73/><V8/><F43/><W99/><G87/><T115/><D2/><U1/><E1/><N who="2" m="47" /><F51/><N who="3" m="19499" /><G55/><T58/><D115/><U114/><E114/><V10/><F59/><N who="3" m="36895" /><G93/><T98/><D70/><U62/><E26/><N who="2" m="14695" /><F134/><W35/><G35/><T21/><D103/><U94/><E47/><V123/><F131/><AGARI ba="0,0" hai="17,19,95,99,101,128,129,131" m="36895,19499" machi="131" ten="30,2900,0" yaku="19,1,52,1" doraHai="57" who="3" fromWho="2" sc="150,0,311,0,220,-29,319,29" owari="150,-35.0,311,11.1,191,-20.9,348,44.8" /></mjloggm>