<mjloggm ver="2.3"><GO type="225" lobby="0"/><UN n0="%E3%81%A4%E3%81%A3%E3%81%B1%E3%82%8A%E3%83%9D%E3%83%BC%E3%83%AB" n1="%E6%81%A5%E6%99%92%E3%81%97" n2="%E6%98%93%E5%88%A9%E8%96%A9%E4%BC%AF" n3="%E6%A1%9C%E8%8A%B1%E9%96%83%E3%80%85" dan="16,16,16,16" rate="2159.22,2074.61,2042.14,2170.00" sx="M,M,F,M"/><TAIKYOKU oya="0"/><INIT seed="0,0,0,0,0,37" ten="250,250,250,250" oya="0" hai0="106,86,111,45,72,5,132,108,26,109,100,40,60" hai1="81,99,15,54,55,30,28,88,7,134,46,118,10" hai2="122,44,119,32,27,73,112,77,31,57,87,50,25" hai3="63,98,18,128,103,64,117,0,8,130,80,97,11"/><T56/><D72/><U67/><E134/><V105/><F112/><W69/><G117/><T129/><D132/><U4/><E118/><V9/><F122/><W84/><G18/><T39/><D129/><N who="3" m="49769" /><G0/><T35/><D5/><U102/><E67/><V62/><F105/><N who="3" m="63727" /><G98/><N who="0" m="61719" /><D86/><N who="1" m="50255" /><E7/><V70/><F70/><W47/><G47/><T2/><D2/><U101/><E99/><V125/><F125/><W24/><G24/><T123/><D123/><U58/><E46/><V12/><F73/><W21/><G21/><T127/><D127/><U65/><E65/><V91/><F77/><AGARI ba="0,0" hai="8,11,63,64,69,77,80,84" m="63727,49769" machi="77" ten="30,1000,0" yaku="19,1" doraHai="37" who="3" fromWho="2" sc="250,0,250,0,250,-10,250,10" /><INIT seed="1,0,0,5,0,2" ten="250,250,240,260" oya="1" hai0="9,44,6,131,108,33,52,117,73,51,82,24,111" hai1="99,95,126,72,23,116,20,112,101,50,120,121,113" hai2="88,122,13,46,87,135,49,19,107,104,38,109,119" hai3="62,83,11,67,102,3,105,54,91,80,30,21,81"/><U123/><E126/><V86/><F119/><W42/><G42/><T39/><D117/><U7/><E72/><V129/><F122/><W1/><G54/><T70/><D70/><U43/><E116/><V76/><F38/><W124/><G124/><T66/><D131/><U31/><E7/><V17/><F109/><N who="0" m="42058" /><D66/><U115/><REACH who="1" step="1"/><E31/><REACH who="1" ten="250,240,240,260" step="2"/><V18/><F129/><W53/><G30/><N who="0" m="19655" /><D39/><U61/><E61/><V57/><F135/><W48/><G62/><T64/><D64/><U27/><E27/><V56/><F19/><W92/><G67/><T118/><D118/><U65/><E65/><V128/><F18/><W68/><G68/><T93/><D73/><U41/><E41/><V79/><F17/><W60/><G60/><T106/><D106/><U125/><E125/><V45/><F107/><W0/><G105/><T89/><D6/><U28/><E28/><V132/><F104/><W77/><G0/><T133/><D133/><U130/><E130/><V103/><F128/><W15/><G1/><T37/><D37/><U10/><E10/><V36/><F36/><W5/><G11/><T40/><D9/><U110/><E110/><V12/><F132/><W85/><G3/><T4/><D4/><U74/><E74/><V69/><F69/><W63/><G5/><T29/><D29/><U59/><E59/><V34/><F57/><W35/><G63/><T47/><D40/><U16/><E16/><V84/><F56/><W22/><G35/><T97/><D47/><AGARI ba="0,1" hai="20,23,43,47,50,95,99,101,112,113,115,120,121,123" machi="47" ten="50,4800,0" yaku="1,1,53,1" doraHai="2" doraHaiUra="94" who="1" fromWho="0" sc="250,-48,240,58,240,0,260,0" /><INIT seed="1,1,0,4,5,77" ten="202,298,240,260" oya="1" hai0="124,123,104,64,121,72,61,108,44,100,54,10,65" hai1="9,120,25,31,55,111,38,91,51,0,76,110,1" hai2="35,63,99,32,90,80,133,112,83,107,5,67,81" hai3="11,4,16,27,131,62,94,28,26,71,115,92,18"/><U40/><E120/><N who="0" m="46153" /><D72/><U60/><E38/><V13/><F133/><W14/><G115/><T102/><D104/><U49/><E91/><V127/><F127/><W103/><G131/><T17/><D124/><U75/><E60/><V52/><F52/><W50/><G50/><N who="0" m="28999" /><D108/><N who="1" m="41515" /><E40/><V33/><F112/><W74/><G74/><T134/><D134/><U78/><E51/><V39/><F39/><W129/><G129/><T56/><D65/><U2/><E9/><V19/><F5/><W70/><G62/><T21/><D10/><U68/><E68/><V45/><F45/><W125/><G71/><T46/><D46/><N who="1" m="28087" /><E75/><V86/><F63/><W7/><G70/><T23/><D64/><U41/><E41/><V48/><F48/><W12/><G125/><T93/><D56/><U66/><E66/><V58/><F58/><W116/><G11/><T69/><D69/><U73/><E73/><V3/><F3/><W117/><G28/><T36/><D36/><U89/><E89/><V30/><F30/><W37/><G37/><T87/><D61/><U20/><AGARI ba="1,0" hai="0,1,2,20,25,31,76,78" m="28087,41515" machi="20" ten="40,3900,0" yaku="14,1,10,1" doraHai="77" who="1" fromWho="1" sc="202,-14,298,42,240,-14,260,-14" /><INIT seed="1,2,0,4,3,114" ten="188,340,226,246" oya="1" hai0="66,77,116,70,87,14,34,120,126,82,127,47,46" hai1="102,21,117,54,123,28,83,111,30,29,31,100,17" hai2="65,89,48,90,7,69,8,92,91,107,33,44,61" hai3="15,18,130,81,122,97,40,22,93,68,10,124,50"/><U5/><E123/><V78/><F107/><W38/><G122/><T128/><D34/><U135/><E135/><V76/><F33/><W0/><G38/><T109/><D120/><U39/><E39/><V88/><N who="2" m="22528" /><DORA hai="19" /><V134/><F92/><W64/><G130/><T59/><D70/><U106/><E31/><V41/><REACH who="2" step="1"/><F134/><REACH who="2" ten="188,340,216,246" step="2"/><W63/><G93/><T108/><D128/><U75/><E106/><V112/><F112/><W26/><G97/><T55/><D116/><U125/><E117/><V74/><F74/><W99/><G99/><T119/><D119/><U49/><E102/><V52/><F52/><W37/><G124/><N who="0" m="47659" /><D66/><U56/><E100/><V24/><F24/><W95/><G95/><T96/><D96/><U85/><E125/><V62/><F62/><W104/><G104/><T101/><D101/><U79/><E75/><V1/><AGARI ba="2,1" hai="1,7,8,41,44,48,61,65,69,76,78" m="22528" machi="1" ten="40,8000,1" yaku="1,1,0,1,54,1,53,1" doraHai="114,19" doraHaiUra="43,71" who="2" fromWho="2" sc="188,-22,340,-42,216,96,246,-22" /><INIT seed="2,0,0,0,4,8" ten="166,298,312,224" oya="2" hai0="82,99,35,0,98,43,112,60,12,114,31,74,101" hai1="65,106,77,1,127,36,26,27,22,84,5,111,131" hai2="92,88,25,9,123,11,59,19,118,51,134,54,41" hai3="7,57,81,125,119,49,18,21,94,116,63,4,68"/><V53/><F118/><W87/><G125/><T55/><D0/><U95/><E127/><V69/><F69/><W30/><G68/><T83/><D43/><U100/><E36/><V45/><F134/><W2/><G30/><T16/><D74/><U50/><E111/><V133/><F123/><W105/><G105/><T72/><D72/><U52/><E131/><V86/><F133/><W75/><G75/><T70/><D35/><U66/><E1/><V76/><F76/><W48/><G94/><N who="0" m="58583" /><D70/><U62/><E5/><N who="3" m="2122" /><G2/><T28/><D112/><U61/><E106/><V85/><F85/><W34/><G34/><T64/><D64/><N who="1" m="24683" /><E27/><V126/><F126/><W122/><G122/><T15/><D99/><N who="1" m="59519" /><E84/><V24/><F54/><N who="3" m="34231" /><G119/><T73/><D73/><U110/><E77/><V32/><F32/><W10/><G10/><N who="0" m="6167" /><D114/><U14/><E110/><V38/><F38/><W29/><G29/><N who="0" m="11339" /><D15/><U115/><E115/><V20/><REACH who="2" step="1"/><F25/><REACH who="2" ten="166,298,302,224" step="2"/><N who="3" m="14519" /><G116/><T80/><D80/><U103/><E26/><V40/><F40/><W90/><AGARI ba="0,1" hai="48,49,81,87,90" m="14519,34231,2122" machi="90" ten="30,1100,0" yaku="8,1" doraHai="8" who="3" fromWho="3" sc="166,-3,298,-3,302,-5,224,21" /><INIT seed="3,0,0,1,1,61" ten="163,295,297,245" oya="3" hai0="50,73,2,25,113,46,118,117,98,92,17,39,75" hai1="102,69,63,107,33,106,51,84,109,85,86,88,59" hai2="81,76,116,8,26,4,89,0,16,77,79,67,64" hai3="37,134,27,22,66,20,57,62,3,135,128,1,52"/><W103/><G37/><T123/><D123/><U60/><E33/><V11/><F116/><W5/><G103/><T114/><D2/><U115/><E115/><N who="0" m="44041" /><D39/><U48/><E109/><V87/><REACH who="2" step="1"/><F26/><REACH who="2" ten="163,295,287,245" step="2"/><W32/><G128/><T15/><D25/><U38/><E107/><V108/><F108/><W127/><G127/><T91/><D118/><U58/><E106/><V101/><F101/><W10/><G3/><T6/><D117/><U124/><E102/><V43/><F43/><W95/><G95/><T34/><D34/><U104/><E104/><V121/><F121/><W97/><G97/><T119/><D6/><U65/><E124/><V71/><F71/><W42/><G42/><N who="0" m="24919" /><D119/><U28/><E38/><V24/><F24/><W23/><G32/><T126/><D126/><U68/><E28/><V132/><F132/><N who="3" m="50731" /><G27/><T70/><D70/><U80/><E69/><V35/><F35/><W82/><G82/><T47/><D47/><U9/><E68/><V54/><F54/><AGARI ba="0,1" hai="1,5,10,20,22,23,52,54,57,62,66" m="50731" machi="54" ten="30,5800,0" yaku="20,1,52,1,54,1" doraHai="61" who="3" fromWho="2" sc="163,0,295,0,287,-58,245,68" owari="163,-33.7,295,9.5,229,-17.1,313,41.3" /></mjloggm>