<mjloggm ver="2.3"><GO type="225" lobby="0"/><UN n0="%E3%81%B8%E3%82%80%E3%81%B8%E3%82%80%EF%BC%92%E5%8F%B7" n1="%E3%81%B5%E3%81%98%E3%81%8B%E3%81%A4" n2="%70%6E%64%73%6E%67" n3="%E3%81%8B%E3%82%8F%E3%81%A1%E3%82%83%E3%82%93%35%38" dan="16,16,16,16" rate="2126.06,2099.22,2094.50,2160.83" sx="M,M,M,M"/><TAIKYOKU oya="0"/><INIT seed="0,0,0,5,1,128" ten="250,250,250,250" oya="0" hai0="118,3,14,129,107,21,1,39,94,2,61,53,75" hai1="4,108,65,54,90,74,55,17,100,110,78,60,5" hai2="24,29,103,28,92,43,126,88,49,86,69,16,79" hai3="68,48,66,111,121,15,45,25,127,115,117,36,101"/><T89/><D107/><U67/><E100/><V80/><F69/><W11/><G101/><T72/><D118/><U37/><E37/><V122/><F122/><W102/><G102/><T23/><D39/><U33/><E33/><V133/><F126/><W31/><G36/><T113/><D113/><U8/><E74/><V64/><F103/><W95/><G95/><T41/><D41/><U40/><E78/><V10/><F64/><N who="1" m="24649" /><E40/><V38/><F38/><W84/><G84/><T112/><D112/><U22/><E90/><V62/><F62/><W85/><G85/><T123/><D129/><U116/><E116/><V44/><F133/><W0/><G0/><T59/><D123/><U52/><E60/><V91/><F91/><W42/><G117/><T76/><D76/><U27/><E8/><V109/><F109/><AGARI ba="0,0" hai="4,5,17,22,27,52,54,55,108,109,110" m="24649" machi="109" ten="30,2000,0" yaku="14,1,54,1" doraHai="128" who="1" fromWho="2" sc="250,0,250,20,250,-20,250,0" /><INIT seed="1,0,0,2,3,23" ten="250,270,230,250" oya="1" hai0="113,100,75,56,42,92,99,82,91,106,71,12,43" hai1="2,114,62,134,53,87,31,98,131,9,10,26,27" hai2="73,68,36,96,44,19,124,1,90,39,61,101,18" hai3="49,15,67,93,118,35,25,85,103,37,64,120,60"/><U79/><E114/><V78/><F124/><W65/><G37/><T20/><D71/><U55/><E2/><V105/><F90/><W86/><G120/><T34/><D34/><U24/><E31/><V38/><F44/><W48/><G118/><T29/><D113/><U119/><E119/><V7/><F18/><W102/><G35/><T6/><D56/><N who="1" m="35087" /><E134/><V110/><F19/><W97/><G103/><T129/><D129/><U89/><E131/><V127/><F110/><W70/><G70/><T81/><D6/><U32/><E32/><V117/><F117/><W109/><G109/><T135/><D135/><U123/><E123/><V63/><F63/><W30/><G60/><T59/><D59/><U17/><E17/><V112/><F112/><W14/><G25/><N who="1" m="6402" /><U21/><DORA hai="57" /><E21/><V130/><F130/><W116/><G30/><T122/><D29/><U54/><E79/><V3/><F127/><W45/><G116/><T94/><D106/><U47/><E98/><V11/><F11/><N who="1" m="4105" /><E47/><V125/><F125/><W77/><G77/><T108/><D75/><U74/><E74/><V13/><F13/><N who="3" m="4619" /><G45/><T111/><D122/><U88/><E88/><V76/><F76/><W133/><G133/><T72/><D111/><U41/><E41/><N who="0" m="15369" /><D72/><U83/><AGARI ba="0,0" hai="54,55,83,87,89" m="4105,6402,35087" machi="83" ten="40,18000,2" yaku="8,1,52,5" doraHai="23,57" who="1" fromWho="1" sc="250,-60,270,180,230,-60,250,-60" /><INIT seed="1,1,0,3,0,18" ten="190,450,170,190" oya="1" hai0="54,30,6,123,45,87,23,96,56,78,120,61,113" hai1="92,17,134,51,77,126,14,99,90,41,40,58,80" hai2="127,19,32,91,3,129,109,86,68,12,37,102,85" hai3="69,25,59,122,66,63,1,52,93,5,38,135,10"/><U76/><E134/><V34/><F3/><W108/><G122/><N who="0" m="46635" /><D113/><U55/><E126/><V53/><F37/><W111/><G135/><T43/><D6/><U94/><E94/><V67/><F109/><W57/><G38/><T75/><D75/><U98/><E98/><V62/><F129/><W106/><G106/><T117/><D117/><U22/><REACH who="1" step="1"/><E77/><REACH who="1" ten="190,440,170,190" step="2"/><V44/><F127/><W33/><G93/><T82/><D96/><U31/><E31/><V89/><F102/><W115/><G111/><T125/><D125/><U124/><E124/><V71/><F91/><W130/><G108/><T133/><D133/><U15/><E15/><V24/><F89/><W21/><G115/><T105/><D105/><U0/><E0/><V2/><F2/><W116/><G116/><T20/><D30/><U36/><E36/><AGARI ba="1,1" hai="20,23,36,43,45,54,56,61,78,82,87" m="46635" machi="36" ten="30,3900,0" yaku="13,1,52,2" doraHai="18" who="0" fromWho="1" sc="190,52,440,-42,170,0,190,0" /><INIT seed="2,0,0,5,5,53" ten="242,398,170,190" oya="2" hai0="99,64,38,96,72,59,73,56,102,106,85,52,123" hai1="44,112,134,23,30,113,66,2,131,47,91,14,7" hai2="50,37,39,95,54,129,86,68,42,132,83,76,36" hai3="119,69,118,13,107,127,108,1,3,103,124,12,90"/><V25/><F129/><W126/><G69/><T49/><D123/><U15/><E66/><V110/><F132/><W20/><G90/><T114/><D114/><U0/><E91/><V33/><F68/><W27/><G103/><T4/><D38/><U109/><E30/><V105/><F105/><W9/><G107/><T116/><D116/><N who="3" m="44585" /><G108/><T45/><D4/><U63/><E7/><V135/><F135/><W65/><G65/><T6/><D6/><U120/><E23/><V18/><F110/><W29/><G9/><T21/><D96/><U35/><E35/><V41/><F95/><W40/><G40/><T70/><D85/><U8/><E8/><V133/><F133/><W62/><G62/><T57/><REACH who="0" step="1"/><D21/><REACH who="0" ten="232,398,170,190" step="2"/><U111/><E120/><V60/><F33/><W58/><G58/><T130/><D130/><U48/><E134/><V88/><F39/><W87/><G87/><T125/><D125/><N who="3" m="32001" /><W79/><DORA hai="55" /><G79/><T77/><D77/><U11/><E131/><V128/><F128/><W117/><N who="3" m="44593" /><W51/><DORA hai="81" /><G51/><T61/><AGARI ba="0,1" hai="45,49,52,56,57,59,61,64,70,72,73,99,102,106" machi="61" ten="30,16000,3" yaku="1,1,0,1,52,6,54,1,53,1" doraHai="53,55,81" doraHaiUra="46,78,121" who="0" fromWho="0" sc="232,170,398,-40,170,-80,190,-40" /><INIT seed="3,0,0,2,4,131" ten="402,358,90,150" oya="3" hai0="52,81,25,87,74,18,51,134,86,98,88,0,61" hai1="15,119,69,32,48,109,12,6,39,106,49,110,123" hai2="107,103,101,40,71,85,27,105,53,128,111,102,59" hai3="24,8,112,62,44,68,90,135,31,91,66,50,73"/><W41/><G73/><T38/><D134/><U14/><E123/><V33/><F71/><W115/><G135/><T118/><D38/><U79/><E39/><V133/><F133/><W82/><G8/><T57/><D0/><U125/><E106/><V65/><F65/><W9/><G9/><T47/><D74/><U124/><E69/><V130/><F40/><W20/><G82/><T60/><D118/><U35/><E119/><V17/><F85/><W28/><G91/><N who="0" m="51663" /><D98/><U30/><E30/><V29/><F17/><W55/><G90/><T76/><D76/><U36/><E79/><V11/><F11/><W16/><G28/><T34/><D34/><N who="1" m="12843" /><E6/><V100/><N who="2" m="25600" /><DORA hai="83" /><V120/><F120/><W99/><G99/><T21/><D47/><U2/><E2/><V45/><F45/><W19/><G19/><T63/><D63/><U95/><E95/><AGARI ba="0,0" hai="18,21,25,51,52,57,60,61,87,88,95" m="51663" machi="95" ten="30,8000,1" yaku="8,1,52,2,54,2" doraHai="131,83" who="0" fromWho="1" sc="402,80,358,-80,90,0,150,0" owari="482,58.2,278,7.8,90,-41.0,150,-25.0" /></mjloggm>