<mjloggm ver="2.3"><GO type="225" lobby="0"/><UN n0="%E3%83%AC%E3%82%A4%E3%83%88%E3%83%B3%E5%87%86%E6%95%99%E6%8E%88" n1="%E3%82%BC%E3%83%AB%E3%83%80%E3%81%AE%E4%BC%9D%E8%AA%AC" n2="%E5%B0%8F%E9%B3%A5%E9%81%8A%E7%B7%B4%E7%84%A1%32%31%E6%AD%B3" n3="%72%61%6B%33" dan="19,17,16,16" rate="2297.14,2152.87,2210.24,2138.56" sx="M,M,F,M"/><TAIKYOKU oya="0"/><INIT seed="0,0,0,3,3,126" ten="250,250,250,250" oya="0" hai0="84,111,50,74,32,18,55,120,75,59,49,38,117" hai1="93,121,4,80,65,115,17,79,76,78,34,51,91" hai2="3,36,44,40,7,19,37,70,125,52,46,85,103" hai3="102,53,15,67,105,54,86,89,131,12,98,97,82"/><T14/><D117/><U45/><E121/><V87/><F70/><W72/><G131/><T113/><D113/><U39/><E115/><V2/><F103/><W29/><G29/><T118/><D118/><U135/><E34/><V122/><F122/><W62/><G97/><T95/><D38/><U96/><E135/><V90/><F19/><W106/><G106/><T134/><D32/><U5/><E39/><V42/><F90/><W92/><G53/><T81/><D134/><U132/><E132/><V60/><F125/><W16/><G54/><T119/><D119/><U61/><E17/><V13/><F13/><W94/><G72/><T35/><D35/><U69/><REACH who="1" step="1"/><E80/><REACH who="1" ten="250,240,250,250" step="2"/><V31/><F31/><W43/><G43/><AGARI ba="0,1" hai="4,5,43,45,51,61,65,69,76,78,79,91,93,96" machi="43" ten="40,8000,1" yaku="1,1,2,1,53,2" doraHai="126" doraHaiUra="0" who="1" fromWho="3" sc="250,0,240,90,250,0,250,-80" /><INIT seed="1,0,0,2,0,77" ten="250,330,250,170" oya="1" hai0="80,135,43,35,12,18,66,20,42,121,49,1,16" hai1="82,78,22,41,132,124,85,38,19,102,67,92,100" hai2="81,126,118,54,99,11,75,133,88,114,89,70,17" hai3="29,109,58,108,87,84,14,125,33,104,134,44,21"/><U86/><E124/><V119/><F126/><W94/><G125/><T8/><D135/><U52/><E132/><V96/><F70/><W130/><G104/><T106/><D106/><U24/><BYE who="3" /><E67/><UN n3="%72%61%6B%33" /><V111/><F133/><W36/><G36/><T55/><BYE who="3" /><D35/><UN n3="%72%61%6B%33" /><U73/><E73/><V26/><F54/><W110/><G134/><T120/><D66/><U90/><REACH who="1" step="1"/><E52/><REACH who="1" ten="250,320,250,170" step="2"/><V79/><F118/><W2/><G58/><T95/><D120/><U15/><E15/><V93/><F119/><W115/><G14/><T97/><D121/><U5/><E5/><V47/><F114/><W37/><G115/><T3/><D3/><U39/><E39/><V45/><F45/><AGARI ba="0,1" hai="19,22,24,38,41,45,78,82,85,86,90,92,100,102" machi="45" ten="40,3900,0" yaku="1,1,52,1,53,0" doraHai="77" doraHaiUra="10" who="1" fromWho="2" sc="250,0,320,49,250,-39,170,0" /><INIT seed="1,1,0,0,1,99" ten="250,369,211,170" oya="1" hai0="19,92,15,107,123,25,23,85,11,96,121,46,1" hai1="102,111,117,47,127,118,9,135,53,82,21,51,76" hai2="35,114,8,131,12,81,36,39,134,105,24,18,125" hai3="108,126,10,74,2,16,78,113,33,84,95,34,115"/><U43/><E127/><V129/><F125/><W0/><G126/><T68/><D68/><U13/><E135/><V87/><F134/><W90/><G108/><T122/><D1/><U41/><E111/><V77/><F105/><W7/><G2/><T20/><D107/><U83/><E21/><V133/><F133/><W67/><G67/><T31/><D85/><U5/><E82/><V132/><F132/><W6/><G6/><T88/><REACH who="0" step="1"/><D46/><REACH who="0" ten="240,369,211,170" step="2"/><U120/><E47/><V28/><REACH who="2" step="1"/><F114/><REACH who="2" ten="240,369,201,170" step="2"/><W97/><G115/><T27/><D27/><U57/><E118/><V14/><F14/><W94/><G113/><T42/><D42/><U45/><E43/><V44/><F44/><W101/><G0/><T75/><D75/><U40/><E40/><V104/><F104/><W30/><G74/><T22/><AGARI ba="1,2" hai="11,15,19,20,22,23,25,31,88,92,96,121,122,123" machi="22" ten="40,8000,1" yaku="1,1,0,1,13,1,54,1,53,0" doraHai="99" doraHaiUra="60" who="0" fromWho="0" sc="240,103,369,-41,201,-21,170,-21" /><INIT seed="2,0,0,1,4,102" ten="343,328,180,149" oya="2" hai0="66,0,100,42,116,118,61,79,101,121,19,96,39" hai1="29,23,77,3,47,24,60,132,131,2,90,123,52" hai2="91,46,81,109,103,126,114,104,17,55,135,67,110" hai3="59,115,71,128,95,45,64,40,86,85,84,49,58"/><V57/><F114/><W72/><G72/><T1/><D121/><U8/><E123/><V120/><F120/><W117/><G117/><N who="0" m="45163" /><D79/><U37/><E132/><V93/><F67/><W62/><G115/><T124/><D124/><U89/><E131/><V9/><F46/><W111/><G128/><T88/><D42/><U78/><E37/><V133/><F81/><W36/><G111/><N who="2" m="42505" /><F126/><W73/><G73/><T92/><D19/><U34/><E47/><V74/><F74/><W80/><G95/><N who="0" m="58399" /><D101/><U33/><E77/><V70/><F70/><W68/><REACH who="3" step="1"/><G80/><REACH who="3" ten="343,328,180,139" step="2"/><T15/><D92/><U14/><E3/><V50/><F93/><W35/><G35/><T75/><D1/><U63/><E2/><V56/><F135/><W30/><G30/><T27/><D75/><U107/><E29/><V28/><F28/><W87/><N who="3" m="21504" /><DORA hai="94" /><W13/><G13/><T53/><D15/><U25/><E14/><N who="2" m="7375" /><F133/><W130/><G130/><T127/><D0/><U41/><E78/><V10/><F91/><W119/><G119/><T48/><D88/><U51/><E89/><V20/><F10/><W122/><G122/><T125/><D125/><U43/><E90/><V129/><F129/><W32/><G32/><T54/><D127/><U22/><E8/><V83/><F83/><W76/><G76/><T6/><D27/><U82/><E34/><V69/><F20/><W44/><G44/><T21/><D21/><U16/><E33/><V11/><F11/><W5/><G5/><T4/><D4/><U134/><E134/><V31/><F31/><W7/><G7/><T98/><D6/><RYUUKYOKU ba="0,1" sc="343,-10,328,-10,180,-10,139,30" hai3="36,40,45,49,58,59,62,64,68,71" /><INIT seed="3,1,1,5,4,13" ten="333,318,170,169" oya="3" hai0="72,108,60,32,82,43,68,42,127,77,27,129,53" hai1="5,23,102,97,89,37,100,0,44,125,55,132,120" hai2="25,15,87,84,74,63,133,111,73,110,30,58,67" hai3="103,2,52,98,80,70,71,134,112,59,28,94,36"/><W76/><G112/><T90/><D108/><N who="2" m="41514" /><F15/><W93/><G134/><T92/><D127/><U135/><E120/><V35/><F133/><N who="1" m="51273" /><E125/><V11/><F11/><W31/><G36/><T33/><D129/><U41/><E55/><V50/><F50/><W48/><G2/><T46/><D53/><U116/><E116/><V26/><F26/><W95/><G71/><T10/><D27/><U45/><E45/><V107/><F107/><W21/><G70/><T20/><D10/><N who="1" m="2343" /><E23/><V81/><F84/><W24/><REACH who="3" step="1"/><G28/><REACH who="3" ten="333,318,170,159" step="2"/><T22/><D68/><U39/><E37/><V57/><F57/><W19/><G19/><T69/><D69/><U34/><E34/><V123/><F123/><W91/><G91/><AGARI ba="1,2" hai="25,30,35,58,63,67,73,74,81,87,91" m="41514" machi="91" ten="30,1000,0" yaku="14,1" doraHai="13" who="2" fromWho="3" sc="333,0,318,0,170,33,159,-13" owari="333,43.3,318,11.8,203,-19.7,146,-35.4" /></mjloggm>