<mjloggm ver="2.3"><GO type="225" lobby="0"/><UN n0="%43%68%65" n1="%E7%B4%94%E6%BD%94%E3%83%94%E3%83%A9%E3%83%8B%E3%82%A2" n2="%48%61%61%61%6C%61%6E%64" n3="%E8%81%B7%E6%A5%AD%E3%80%81%E9%A2%A8%32" dan="16,16,17,16" rate="2155.16,2090.79,2251.60,2090.86" sx="M,M,M,M"/><TAIKYOKU oya="0"/><INIT seed="0,0,0,3,5,59" ten="250,250,250,250" oya="0" hai0="36,124,58,111,24,65,19,18,79,62,33,93,46" hai1="17,0,27,66,135,35,85,14,77,60,8,76,134" hai2="49,30,56,23,34,128,74,131,31,64,122,61,108" hai3="41,103,100,90,47,80,7,107,72,102,68,43,104"/><T69/><D124/><U57/><E0/><V48/><F122/><W112/><G112/><T132/><D132/><N who="1" m="50731" /><E85/><V87/><F74/><W114/><G114/><T129/><D129/><N who="2" m="49738" /><F108/><W110/><G110/><T32/><D111/><U37/><E37/><V5/><F34/><W25/><G68/><T78/><D78/><N who="1" m="30315" /><E27/><N who="2" m="16767" /><F31/><W98/><G7/><T71/><D79/><U92/><E92/><V9/><F87/><W11/><G11/><T10/><D93/><U28/><E28/><V21/><F21/><W50/><G72/><T84/><D84/><U82/><E35/><V86/><F86/><W121/><G121/><T51/><D33/><U42/><E42/><V38/><F38/><W89/><G80/><AGARI ba="0,0" hai="8,14,17,57,60,66,80,82" m="30315,50731" machi="80" ten="30,2000,0" yaku="20,1,52,1" doraHai="59" who="1" fromWho="3" sc="250,0,250,20,250,0,250,-20" /><INIT seed="1,0,0,2,1,5" ten="250,270,250,230" oya="1" hai0="37,80,60,18,0,57,32,78,111,81,126,125,113" hai1="133,28,101,97,27,102,63,131,91,33,88,30,17" hai2="8,16,4,66,35,40,65,34,128,23,74,108,99" hai3="51,6,95,79,25,93,73,53,55,61,68,39,77"/><U100/><E131/><V1/><F128/><W98/><G39/><T110/><D37/><U87/><E133/><V50/><F74/><W54/><G73/><T3/><D32/><U104/><E91/><V11/><F108/><N who="0" m="41514" /><D113/><U90/><E90/><V31/><F99/><W123/><G123/><T64/><D18/><U59/><E28/><V44/><F11/><W83/><G68/><T94/><D94/><N who="3" m="35849" /><G61/><T29/><D29/><U89/><E89/><V82/><F82/><N who="0" m="31850" /><D78/><N who="3" m="29705" /><G83/><T9/><D9/><U75/><E75/><V7/><F7/><W38/><G38/><T127/><AGARI ba="0,0" hai="0,3,57,60,64,125,126,127" m="31850,41514" machi="127" ten="40,2700,0" yaku="18,1,14,1" doraHai="5" who="0" fromWho="0" sc="250,27,270,-13,250,-7,230,-7" /><INIT seed="2,0,0,0,3,129" ten="277,257,243,223" oya="2" hai0="48,34,16,0,84,115,104,106,27,103,96,97,26" hai1="47,69,32,68,86,135,18,116,44,78,28,35,80" hai2="21,90,88,114,67,31,45,14,54,55,70,111,117" hai3="12,49,125,132,112,56,23,101,85,52,46,59,71"/><V100/><F114/><W122/><G122/><T33/><D115/><U64/><E116/><V38/><F117/><W102/><G71/><T74/><D74/><U8/><E28/><V98/><F111/><W58/><G112/><T134/><D0/><U76/><E18/><V93/><F70/><W131/><G131/><T133/><D48/><U95/><E8/><V92/><F67/><W79/><G125/><T24/><D84/><U63/><E76/><V5/><F38/><W42/><G132/><N who="0" m="50795" /><D16/><U75/><E86/><V50/><F5/><W17/><REACH who="3" step="1"/><G42/><REACH who="3" ten="277,257,243,213" step="2"/><T40/><D40/><U57/><E69/><V9/><F9/><W53/><G53/><T66/><D66/><U51/><E68/><V1/><F54/><W81/><AGARI ba="0,1" hai="12,17,23,46,49,52,56,58,59,79,81,85,101,102" machi="81" ten="30,8000,1" yaku="1,1,0,1,8,1,54,1,53,1" doraHai="129" doraHaiUra="73" who="3" fromWho="3" sc="277,-20,257,-20,243,-40,213,90" /><INIT seed="3,0,0,0,3,42" ten="257,237,203,303" oya="3" hai0="9,11,47,6,105,83,135,2,98,67,43,44,19" hai1="118,111,51,52,96,101,36,100,132,89,104,41,82" hai2="18,7,127,123,80,107,116,61,46,78,90,75,124" hai3="103,129,66,131,117,53,59,58,93,99,31,122,40"/><W79/><G122/><T32/><D32/><U68/><E111/><V13/><F116/><W73/><G117/><T63/><D135/><U20/><E132/><V130/><F123/><W29/><G40/><T16/><D83/><U23/><E118/><V121/><F121/><W133/><G133/><T128/><D128/><N who="3" m="49225" /><G66/><T35/><D35/><U88/><E68/><V34/><F34/><W71/><G71/><T17/><D11/><U60/><E60/><V126/><F130/><W108/><G108/><T27/><D27/><U26/><E100/><V119/><F119/><W109/><G109/><T87/><D87/><U12/><E82/><V55/><F107/><W125/><G125/><T95/><D43/><U45/><E12/><V74/><F7/><W57/><G53/><T33/><D33/><U25/><E26/><V69/><F90/><W70/><G70/><T10/><D10/><U72/><E20/><N who="2" m="11343" /><F69/><W54/><G54/><T14/><D2/><U39/><E72/><N who="2" m="43079" /><F61/><W15/><G73/><T56/><D105/><U94/><E104/><V120/><F120/><W134/><G134/><T3/><D3/><U102/><E89/><AGARI ba="0,0" hai="6,9,14,16,17,19,44,47,56,63,67,89,95,98" machi="89" ten="40,8000,1" yaku="8,1,52,2,54,1" doraHai="42" who="0" fromWho="1" sc="257,80,237,-80,203,0,303,0" owari="337,43.7,157,-34.3,203,-19.7,303,10.3" /></mjloggm>