<mjloggm ver="2.3"><GO type="225" lobby="0"/><UN n0="%E9%BA%BB%E9%9B%80%4D%41%50%E5%9B%BD%E5%88%86%E5%AF%BA" n1="%6D%75%75%6D%75%72%61" n2="%E3%81%82%E3%81%99%E3%81%AB%E3%82%83%E3%82%80" n3="%E9%89%A2%E5%B7%BB%E3%82%AC%E3%83%96" dan="16,16,16,16" rate="2133.95,2209.86,2040.67,2110.94" sx="F,M,F,M"/><TAIKYOKU oya="0"/><INIT seed="0,0,0,0,5,92" ten="250,250,250,250" oya="0" hai0="132,129,67,126,125,72,80,15,47,53,56,112,52" hai1="48,68,124,103,30,3,77,105,11,19,9,38,131" hai2="22,63,39,16,42,91,93,49,55,96,123,94,85" hai3="24,28,35,62,43,128,51,90,32,127,41,26,111"/><T57/><D112/><U1/><E38/><V18/><F123/><W33/><G111/><T107/><D107/><U117/><E117/><V104/><F104/><W73/><G73/><T97/><D132/><U12/><E68/><V2/><F2/><W10/><G128/><T87/><D72/><U134/><E77/><V0/><F0/><N who="1" m="73" /><E48/><V82/><F39/><W115/><G115/><T88/><D67/><U66/><E103/><N who="2" m="60815" /><F42/><W116/><G116/><T102/><D129/><U106/><E66/><V113/><F63/><W109/><G10/><N who="1" m="3594" /><E105/><V54/><F113/><W60/><G33/><T135/><D135/><U70/><E70/><V36/><F36/><W100/><G51/><N who="0" m="28799" /><D53/><N who="2" m="19978" /><F49/><W31/><G109/><T76/><D76/><U65/><E65/><V61/><F61/><W99/><G100/><T34/><D34/><U58/><E106/><V71/><F71/><W122/><G122/><T40/><D40/><U110/><E134/><V86/><F22/><W50/><G50/><T130/><D130/><U89/><E110/><V114/><F114/><W64/><G64/><T101/><D57/><U119/><E58/><V6/><F6/><W84/><G62/><T118/><D56/><U25/><E119/><V75/><F75/><W81/><G60/><T46/><D118/><U95/><E131/><V98/><F86/><W83/><G84/><T17/><D46/><U74/><E74/><V4/><F4/><W7/><G7/><T59/><D59/><U45/><E45/><V21/><F21/><W133/><G133/><T108/><D108/><U5/><E5/><V78/><AGARI ba="0,0" hai="16,18,78,82,85,91,94,98" m="19978,60815" machi="78" ten="30,8000,1" yaku="5,1,8,1,52,2,54,1" doraHai="92" who="2" fromWho="2" sc="250,-40,250,-20,250,80,250,-20" /><INIT seed="1,0,0,5,0,39" ten="210,230,330,230" oya="1" hai0="134,6,74,67,36,86,108,1,60,4,8,80,117" hai1="135,53,16,104,81,82,21,93,3,29,95,110,92" hai2="91,44,31,94,123,126,70,23,57,54,55,116,41" hai3="13,112,102,59,130,25,129,65,115,127,105,84,52"/><U124/><E104/><V101/><F116/><W107/><G65/><T38/><D117/><U66/><E124/><V90/><F126/><W46/><G127/><T14/><D134/><U98/><E135/><V58/><F70/><W9/><G25/><T20/><D108/><U77/><E3/><V42/><F123/><W37/><G84/><T5/><D74/><U71/><E110/><V100/><F44/><W128/><G105/><T131/><D131/><U45/><E29/><V133/><F133/><W11/><G102/><N who="2" m="39529" /><F23/><W10/><G13/><T106/><D20/><U32/><E32/><V28/><F57/><W114/><G107/><T111/><D111/><U62/><E98/><N who="2" m="57687" /><F91/><W132/><G132/><T2/><D106/><U78/><E78/><V48/><F54/><W97/><G97/><T12/><D1/><U34/><E34/><V119/><F119/><W85/><G85/><T64/><D2/><U83/><E77/><V50/><F50/><N who="3" m="31127" /><G46/><T75/><D75/><U120/><E120/><V87/><F87/><W26/><G26/><T56/><D67/><U96/><E96/><V19/><F19/><W27/><G27/><T99/><D99/><U35/><E35/><V89/><F89/><W30/><G37/><T22/><D22/><U7/><E53/><V73/><F73/><W121/><G121/><T103/><D103/><U72/><E72/><V43/><AGARI ba="0,0" hai="28,31,41,42,43,48,55,58" m="57687,39529" machi="43" ten="30,7900,0" yaku="8,1,52,3" doraHai="39" who="2" fromWho="2" sc="210,-20,230,-39,330,79,230,-20" /><INIT seed="2,0,0,4,2,7" ten="190,191,409,210" oya="2" hai0="121,20,21,119,100,91,101,78,23,50,111,75,64" hai1="115,13,85,66,42,108,70,37,67,51,41,43,62" hai2="104,107,110,117,53,63,118,72,22,76,74,81,35" hai3="61,89,56,130,82,19,134,126,135,9,98,84,112"/><V92/><F35/><W15/><G126/><T57/><D121/><U65/><E85/><V102/><F22/><W93/><G130/><T128/><D111/><U96/><E96/><N who="2" m="59655" /><F53/><W105/><G105/><N who="2" m="40521" /><F63/><W39/><G39/><T103/><D119/><N who="2" m="45578" /><F110/><W33/><G33/><T3/><D128/><U68/><E108/><V109/><F109/><W73/><G73/><AGARI ba="0,0" hai="72,73,74,76,81" m="45578,40521,59655" machi="73" ten="30,2900,0" yaku="34,2" doraHai="7" who="2" fromWho="3" sc="190,0,191,0,409,29,210,-29" /><INIT seed="2,1,0,1,3,127" ten="190,191,438,181" oya="2" hai0="12,108,45,69,23,43,0,94,24,46,125,85,129" hai1="121,39,52,15,16,102,66,87,11,103,62,135,58" hai2="35,9,67,104,77,3,118,74,93,26,73,57,97" hai3="116,14,110,90,7,17,37,56,113,22,51,122,28"/><V84/><F104/><W82/><G116/><T114/><D114/><U21/><E135/><V40/><F40/><W83/><G122/><T49/><D108/><U92/><E39/><V71/><F71/><W109/><G37/><T117/><D69/><U119/><E119/><V53/><F67/><W1/><G113/><T31/><D125/><U63/><E121/><V111/><F118/><W120/><G120/><T124/><D124/><U50/><E21/><V132/><F132/><W10/><G90/><T107/><D107/><U78/><E92/><V75/><F111/><N who="3" m="42507" /><G28/><T20/><D0/><U86/><E86/><V30/><F9/><W100/><G100/><N who="1" m="38442" /><E66/><V98/><F3/><W70/><G70/><T34/><D117/><U6/><E6/><V8/><F8/><W68/><G68/><T42/><D12/><U64/><E64/><V115/><F115/><W60/><G51/><T2/><D2/><U106/><E106/><V65/><F65/><AGARI ba="1,0" hai="1,7,10,14,17,22,56,60,65,82,83" m="42507" machi="65" ten="30,1000,0" yaku="14,1" doraHai="127" who="3" fromWho="2" sc="190,0,191,0,438,-13,181,13" /><INIT seed="3,0,0,5,0,100" ten="190,191,425,194" oya="3" hai0="4,123,103,80,81,67,131,51,74,109,63,62,32" hai1="7,37,117,97,101,38,29,14,85,16,135,110,92" hai2="95,50,78,82,33,91,121,130,104,43,11,2,61" hai3="6,122,129,71,113,108,19,44,79,128,116,21,0"/><W125/><G71/><T111/><D123/><U41/><E110/><N who="0" m="41993" /><D131/><N who="3" m="50249" /><G108/><T46/><D32/><U52/><E135/><V22/><F33/><W107/><G122/><T56/><D74/><U88/><E117/><V73/><F61/><W83/><G116/><T25/><D25/><U112/><E112/><V124/><F22/><W134/><G113/><T31/><D31/><U53/><E29/><V75/><F43/><W24/><G134/><T13/><D103/><U127/><E7/><V89/><F50/><W17/><G125/><T114/><D62/><U23/><E127/><V9/><F2/><W69/><G69/><T70/><D114/><U57/><E41/><V106/><F82/><N who="0" m="31850" /><D4/><U65/><E38/><V98/><F130/><W3/><G6/><T42/><D13/><U36/><E36/><V35/><F75/><N who="3" m="43519" /><G44/><T58/><AGARI ba="0,0" hai="42,46,51,56,58,63,67,70" m="31850,41993" machi="58" ten="30,1100,0" yaku="14,1" doraHai="100" who="0" fromWho="0" sc="190,11,191,-3,425,-3,194,-5" owari="201,0.1,188,-31.2,422,52.2,189,-21.1" /></mjloggm>