<mjloggm ver="2.3"><GO type="225" lobby="0"/><UN n0="%E5%B0%8F%E9%B3%A5%E9%81%8A%E7%B7%B4%E7%84%A1%32%31%E6%AD%B3" n1="%E5%86%B7%E5%87%8D%E3%82%AE%E3%83%A7%E3%83%BC%E3%82%B6" n2="%E3%81%BF%E3%81%BF%E3%81%9A" n3="%E6%B8%A9%E2%98%85%E6%83%85%E2%98%85%E6%8E%AA%E2%98%85%E7%BD%AE" dan="16,17,16,17" rate="2151.10,2234.31,2176.03,2269.07" sx="F,M,M,M"/><TAIKYOKU oya="0"/><INIT seed="0,0,0,2,5,52" ten="250,250,250,250" oya="0" hai0="81,50,46,58,42,4,71,130,128,10,29,80,90" hai1="113,86,45,12,9,109,65,49,8,101,133,129,30" hai2="94,27,93,108,54,89,5,6,31,115,35,18,47" hai3="122,61,23,26,32,44,72,2,73,36,3,62,60"/><T120/><D71/><U96/><E109/><V95/><F115/><W98/><G32/><T43/><D120/><U105/><E113/><V1/><F108/><W56/><G122/><T17/><D29/><U33/><E129/><N who="0" m="49769" /><D17/><U127/><E127/><V51/><F18/><W106/><G36/><T55/><D90/><U0/><E133/><V118/><F118/><W64/><G44/><T78/><D78/><U87/><E0/><V53/><F1/><W121/><G121/><T40/><D46/><U38/><E65/><V75/><F75/><W74/><G2/><AGARI ba="0,0" hai="2,4,10,40,42,43,50,55,58,80,81" m="49769" machi="2" ten="30,2900,0" yaku="19,1,52,1" doraHai="52" who="0" fromWho="3" sc="250,29,250,0,250,0,250,-29" /><INIT seed="0,1,0,3,0,108" ten="279,250,250,221" oya="0" hai0="49,116,3,44,54,76,102,87,27,73,5,56,78" hai1="122,25,107,115,135,111,98,86,61,71,60,43,131" hai2="101,23,88,45,105,99,84,89,133,29,83,129,82" hai3="15,11,9,4,24,81,28,33,92,21,66,106,31"/><T52/><D73/><U1/><E111/><V8/><F129/><W20/><G106/><T112/><D112/><U126/><E122/><V22/><F133/><W85/><G66/><T134/><D134/><U110/><E110/><V109/><F109/><W94/><G31/><T35/><D116/><U7/><E131/><V30/><F8/><W69/><G69/><T97/><D87/><U42/><E135/><V74/><F45/><W13/><G21/><T48/><D5/><U67/><E126/><V114/><F114/><W121/><G33/><T17/><D3/><U124/><E124/><V38/><F38/><W91/><REACH who="3" step="1"/><G121/><REACH who="3" ten="279,250,250,211" step="2"/><T16/><D35/><U119/><E119/><V26/><F23/><W95/><G95/><N who="0" m="58687" /><D27/><U36/><E36/><V2/><BYE who="1" /><F29/><UN n1="%E5%86%B7%E5%87%8D%E3%82%AE%E3%83%A7%E3%83%BC%E3%82%B6" /><W53/><G53/><T18/><AGARI ba="1,1" hai="16,17,18,44,48,49,52,54,56,76,78" m="58687" machi="18" ten="30,6000,0" yaku="8,1,54,2" doraHai="108" who="0" fromWho="0" sc="279,73,250,-21,250,-21,211,-21" /><INIT seed="0,2,0,3,1,87" ten="352,229,229,190" oya="0" hai0="6,27,127,29,85,18,16,99,68,1,106,78,118" hai1="123,119,9,90,105,55,86,58,93,28,94,56,109" hai2="59,43,52,124,36,104,103,49,97,120,76,115,20" hai3="102,73,91,3,23,95,112,101,4,126,51,5,81"/><T63/><D118/><U19/><E119/><V24/><F120/><W67/><G112/><T110/><D127/><U117/><E117/><V89/><F124/><W7/><G126/><T57/><D6/><U54/><E123/><V12/><F115/><W88/><G3/><T108/><D1/><U25/><E105/><V128/><F128/><W38/><G38/><T21/><D68/><U131/><E131/><V121/><F121/><W45/><G67/><T37/><D37/><U130/><E109/><N who="0" m="42089" /><D78/><U39/><E39/><V92/><F76/><W69/><G69/><T72/><D72/><U60/><E94/><V33/><F12/><W26/><G73/><T50/><D50/><U0/><E0/><V113/><F33/><W79/><G79/><T66/><D85/><U42/><E42/><V8/><F8/><W125/><G125/><T116/><D116/><U132/><E130/><V2/><F2/><W34/><G34/><T53/><D53/><U122/><E122/><V74/><F74/><W84/><G51/><T46/><D46/><U17/><E132/><V13/><F113/><W11/><G11/><T62/><D62/><N who="1" m="36119" /><E9/><V135/><F36/><W98/><G45/><T65/><D65/><U61/><E60/><V134/><F43/><W114/><G114/><T100/><AGARI ba="2,0" hai="16,18,21,27,29,57,63,66,99,100,106" m="42089" machi="100" ten="30,6000,0" yaku="14,1,10,1,54,1" doraHai="87" who="0" fromWho="0" sc="352,66,229,-22,229,-22,190,-22" /><INIT seed="0,3,0,4,1,46" ten="418,207,207,168" oya="0" hai0="100,112,129,49,65,32,95,61,60,82,76,108,135" hai1="7,68,3,17,36,77,6,120,56,69,10,87,107" hai2="80,59,126,51,105,43,66,70,25,62,22,21,44" hai3="34,73,122,132,114,42,20,39,102,8,127,31,124"/><T28/><D112/><U101/><E120/><V14/><F126/><N who="3" m="48171" /><G114/><T47/><D129/><U15/><E36/><V103/><F80/><W29/><G122/><T64/><D135/><U117/><E117/><V67/><F14/><W134/><G73/><T71/><D108/><U26/><E26/><V40/><F40/><W33/><G102/><T78/><D28/><N who="3" m="10825" /><G42/><T86/><D32/><N who="3" m="12393" /><G39/><T121/><D121/><U45/><E45/><V123/><F123/><W118/><G118/><T18/><D100/><U38/><E38/><V58/><F70/><W11/><G20/><T55/><D95/><U12/><E101/><V128/><F128/><W13/><G11/><T30/><D78/><U94/><E94/><V1/><F103/><W130/><G130/><T57/><D30/><U37/><E77/><V96/><F96/><W92/><G92/><T93/><D93/><U113/><E113/><V0/><F105/><W89/><G89/><T41/><D65/><U9/><E107/><V2/><F25/><W125/><N who="3" m="48179" /><W81/><DORA hai="106" /><G81/><T75/><D75/><U19/><E37/><V63/><AGARI ba="3,0" hai="0,1,2,21,22,43,44,51,58,59,62,63,66,67" machi="63" ten="40,5200,0" yaku="0,1,9,1,52,1" doraHai="46,106" who="2" fromWho="2" sc="418,-29,207,-16,207,61,168,-16" /><INIT seed="1,0,0,2,2,59" ten="389,191,268,152" oya="1" hai0="119,16,69,116,61,8,70,24,103,89,77,66,47" hai1="37,25,15,63,64,17,88,48,57,96,23,45,79" hai2="109,26,82,117,44,73,68,14,76,126,12,41,51" hai3="43,31,19,94,84,29,122,102,130,114,127,53,40"/><U28/><E37/><V58/><F117/><W72/><G72/><T135/><D77/><U13/><E79/><V123/><F68/><W129/><G114/><T110/><D110/><U27/><E96/><V34/><F123/><W134/><G122/><T92/><D70/><U86/><E13/><V60/><F126/><W0/><G0/><T131/><D103/><U121/><E121/><V39/><F109/><W118/><G127/><T106/><D106/><U99/><E99/><V100/><F100/><W10/><G118/><T1/><D135/><U3/><E3/><V101/><F101/><W95/><G53/><T67/><D67/><U21/><E25/><V7/><F39/><W74/><G74/><T5/><D131/><N who="3" m="50185" /><G102/><T91/><D47/><U97/><E97/><V115/><F7/><W50/><G50/><T56/><D69/><U105/><E105/><V62/><F115/><W78/><G134/><T124/><D124/><U36/><E36/><V2/><F2/><W71/><G71/><T113/><D113/><U87/><REACH who="1" step="1"/><E88/><REACH who="1" ten="389,181,268,152" step="2"/><V33/><F26/><W46/><G78/><T9/><D91/><U52/><AGARI ba="0,1" hai="15,17,21,23,27,28,45,48,52,57,63,64,86,87" machi="52" ten="20,18000,2" yaku="1,1,2,1,0,1,7,1,8,1,52,1,54,1,53,0" doraHai="59" doraHaiUra="128" who="1" fromWho="1" sc="389,-60,181,190,268,-60,152,-60" /><INIT seed="1,1,0,3,5,41" ten="329,371,208,92" oya="1" hai0="103,33,56,117,100,25,86,115,24,76,7,134,98" hai1="59,66,118,51,57,60,4,111,79,13,36,131,123" hai2="69,64,20,46,99,80,44,2,114,109,49,37,104" hai3="54,92,135,29,11,91,17,43,132,15,121,102,21"/><U48/><E118/><V30/><F2/><W35/><G121/><T50/><D115/><U77/><E123/><V106/><F114/><W39/><G102/><T112/><D112/><U16/><E131/><V96/><F80/><W120/><G120/><T128/><D128/><U62/><E36/><V82/><F82/><W130/><G130/><T84/><D76/><N who="1" m="29259" /><E4/><V23/><F109/><W10/><G54/><T47/><D33/><U65/><E111/><V87/><F49/><W133/><G35/><T107/><D7/><U31/><E31/><V110/><F87/><W126/><G29/><T6/><D6/><U42/><E42/><V72/><F30/><W9/><G126/><T0/><D0/><U108/><E108/><V5/><F110/><W78/><G78/><T38/><D38/><U71/><E71/><V45/><F5/><W58/><G58/><T93/><D117/><U70/><E70/><V14/><F37/><W63/><G63/><T26/><D56/><U83/><E83/><V18/><F72/><W52/><G52/><N who="0" m="29791" /><D107/><N who="2" m="41002" /><F69/><W125/><G125/><T61/><D61/><U12/><E12/><V28/><F64/><W85/><REACH who="3" step="1"/><G10/><AGARI ba="1,0" hai="10,13,16,48,51,57,59,60,62,65,66" m="29259" machi="10" ten="30,2900,0" yaku="8,1,54,1" doraHai="41" who="1" fromWho="3" sc="329,0,371,32,208,0,92,-32" /><INIT seed="1,2,0,3,4,47" ten="329,403,208,60" oya="1" hai0="22,126,61,39,92,90,107,62,42,105,58,63,100" hai1="23,118,36,45,37,119,96,4,64,30,38,133,79" hai2="18,103,26,14,65,50,102,86,109,135,53,48,117" hai3="24,95,110,101,41,43,49,40,75,13,31,131,77"/><U111/><E133/><V8/><F117/><W91/><G110/><T81/><D126/><U73/><E111/><V19/><F109/><W114/><G114/><T55/><D100/><U32/><E23/><N who="2" m="13687" /><F135/><W11/><G131/><T125/><D81/><U10/><E96/><V34/><F65/><W54/><G101/><N who="2" m="38409" /><F34/><W76/><G75/><T128/><D128/><U97/><E97/><V3/><F3/><W5/><G24/><T1/><D1/><U66/><E66/><V2/><F2/><W120/><G31/><T33/><D33/><U57/><E57/><V85/><F50/><W44/><REACH who="3" step="1"/><G120/><REACH who="3" ten="329,403,208,50" step="2"/><T129/><D129/><U0/><E73/><V70/><F70/><W59/><G59/><AGARI ba="2,1" hai="8,14,19,48,53,59,85,86" m="38409,13687" machi="59" ten="30,2000,0" yaku="8,1,52,1" doraHai="47" who="2" fromWho="3" sc="329,0,403,0,208,36,50,-26" /><INIT seed="2,0,0,4,4,25" ten="329,403,244,24" oya="2" hai0="81,31,78,6,86,135,114,67,45,5,104,65,99" hai1="26,64,113,18,61,70,82,4,79,122,131,59,118" hai2="108,33,95,32,53,9,77,10,62,80,130,13,127" hai3="109,134,54,21,43,123,83,128,23,42,133,102,85"/><V22/><F127/><W47/><G123/><T103/><D135/><N who="3" m="51721" /><G102/><T56/><D114/><U11/><E113/><V52/><F130/><W92/><G92/><T119/><D119/><U87/><E118/><V112/><F112/><W115/><G115/><T48/><D56/><U72/><E131/><V35/><F108/><W117/><G117/><T84/><D84/><U90/><E122/><V57/><F95/><W49/><G128/><T36/><D36/><U12/><E70/><V27/><F53/><W94/><G94/><T91/><D67/><U17/><E26/><V2/><F13/><W19/><G109/><T38/><D65/><U100/><E100/><V66/><F2/><W93/><G93/><AGARI ba="0,0" hai="4,11,12,17,18,59,61,64,72,79,82,87,90,93" machi="93" ten="30,1000,0" yaku="7,1" doraHai="25" who="1" fromWho="3" sc="329,0,403,10,244,0,24,-10" /><INIT seed="3,0,0,1,4,41" ten="329,413,244,14" oya="3" hai0="122,66,23,24,56,110,22,13,96,26,92,119,11" hai1="104,82,67,63,17,135,112,45,3,100,49,124,86" hai2="5,83,106,10,107,18,121,118,74,103,116,95,128" hai3="94,16,127,84,73,53,8,38,7,65,72,111,90"/><W115/><G115/><T42/><D110/><U61/><E112/><V6/><F128/><W2/><G127/><T20/><D122/><U105/><E135/><V0/><F121/><W48/><G111/><T114/><D119/><U97/><E3/><V46/><F18/><W36/><G65/><T75/><D75/><U88/><E124/><V57/><F57/><W70/><G70/><T44/><D114/><U52/><E105/><V109/><F109/><W60/><G60/><T51/><D56/><U15/><E67/><V98/><F6/><W54/><G54/><T64/><D66/><U117/><E117/><V40/><F95/><W29/><G29/><T99/><D64/><U125/><E125/><V80/><F80/><W87/><G87/><T27/><REACH who="0" step="1"/><D92/><REACH who="0" ten="319,413,244,14" step="2"/><U34/><E34/><V123/><F107/><W14/><G73/><T19/><AGARI ba="0,1" hai="11,13,19,20,22,23,24,26,27,42,44,51,96,99" machi="19" ten="30,12000,2" yaku="1,1,2,1,0,1,8,1,52,1,53,1" doraHai="41" doraHaiUra="4" who="0" fromWho="0" sc="319,130,413,-30,244,-30,14,-60" owari="449,54.9,383,18.3,214,-18.6,-46,-54.6" /></mjloggm>