<mjloggm ver="2.3"><GO type="225" lobby="0"/><UN n0="%E3%81%86%E3%81%A3%E3%81%97%E3%83%BC%30%30" n1="%E3%81%82%E3%81%99%E3%81%AB%E3%82%83%E3%82%80" n2="%E7%BD%AA%E5%88%91%E6%B3%95%E5%AE%9A%E4%B8%BB%E7%BE%A9" n3="%E6%AF%9B%E8%8D%92%E3%82%8C%E3%83%BB%E3%82%B9%E3%83%9F%E3%82%B9" dan="16,16,16,16" rate="2117.27,2141.46,2127.56,2068.22" sx="M,F,M,F"/><TAIKYOKU oya="0"/><INIT seed="0,0,0,3,3,108" ten="250,250,250,250" oya="0" hai0="80,8,33,116,53,113,23,5,109,96,43,1,49" hai1="124,11,120,86,135,104,129,100,31,3,30,97,88" hai2="123,24,14,26,114,62,52,15,78,74,105,45,84" hai3="10,6,117,107,4,7,21,110,42,122,35,61,54"/><T66/><D33/><U36/><E120/><V119/><F123/><W44/><G117/><T92/><D116/><U68/><E36/><V70/><F119/><W60/><G122/><T91/><D109/><U2/><E68/><V56/><F105/><W125/><G35/><T19/><D66/><U47/><E129/><V87/><F70/><W40/><G110/><T95/><D43/><U13/><E135/><V0/><F0/><W128/><G107/><T37/><D37/><U17/><E124/><V25/><F114/><W18/><G128/><T12/><D95/><U106/><E106/><V118/><F118/><W32/><G32/><T130/><D130/><U93/><REACH who="1" step="1"/><E47/><REACH who="1" ten="250,240,250,250" step="2"/><V85/><REACH who="2" step="1"/><F45/><REACH who="2" ten="250,240,240,250" step="2"/><W121/><G121/><T9/><D113/><U90/><E90/><V27/><N who="2" m="6144" /><DORA hai="99" /><V73/><F73/><W34/><G44/><T64/><D91/><U76/><E76/><V103/><F103/><W102/><G102/><T83/><D1/><AGARI ba="0,2" hai="1,2,3,11,13,17,30,31,86,88,93,97,100,104" machi="1" ten="40,5200,0" yaku="1,1,52,1,54,1,53,0" doraHai="108,99" doraHaiUra="126,48" who="1" fromWho="0" sc="250,-52,240,72,240,0,250,0" /><INIT seed="1,0,0,0,0,67" ten="198,312,240,250" oya="1" hai0="62,77,36,59,95,109,61,110,89,88,96,26,86" hai1="90,24,115,76,125,20,38,99,47,71,72,78,132" hai2="114,9,105,134,6,49,80,128,43,39,79,41,94" hai3="84,65,55,45,117,1,131,122,5,98,101,48,133"/><U27/><E115/><V16/><F105/><W120/><G131/><T91/><D36/><U34/><E71/><V13/><F128/><W31/><G133/><T130/><D130/><U25/><E132/><V23/><F134/><W29/><G117/><T103/><D26/><U30/><E125/><V18/><F114/><W60/><G84/><T54/><REACH who="0" step="1"/><D62/><REACH who="0" ten="188,312,240,250" step="2"/><U2/><E27/><V123/><F39/><W14/><G122/><T17/><D17/><U87/><E38/><V21/><F123/><W92/><G120/><T4/><D4/><U58/><E25/><V37/><F37/><W127/><G127/><T111/><D111/><U28/><E24/><N who="2" m="14375" /><F49/><W68/><REACH who="3" step="1"/><G1/><REACH who="3" ten="188,312,240,240" step="2"/><T11/><D11/><AGARI ba="0,2" hai="5,11,14,29,31,45,48,55,60,65,68,92,98,101" machi="11" ten="40,8000,1" yaku="1,1,2,1,52,1,53,1" doraHai="67" doraHaiUra="63" who="3" fromWho="0" sc="188,-80,312,0,240,0,240,100" /><INIT seed="2,0,0,2,3,69" ten="108,312,240,340" oya="2" hai0="10,14,111,45,12,109,115,116,47,70,1,52,28" hai1="91,94,121,2,24,76,103,29,60,54,126,67,38" hai2="34,22,36,96,99,81,105,95,65,93,43,119,64" hai3="112,84,80,131,120,50,98,125,11,114,62,110,135"/><V20/><F119/><W57/><G120/><T113/><D28/><U82/><E2/><V68/><F34/><W23/><G110/><N who="0" m="41995" /><D1/><U8/><E121/><V37/><F105/><W21/><G125/><T123/><D10/><U6/><E126/><V71/><F81/><W90/><G131/><T30/><D30/><U19/><E38/><V124/><F43/><W53/><G135/><T86/><D86/><U78/><E54/><V7/><F124/><W104/><G11/><T130/><D123/><U40/><E40/><V4/><AGARI ba="0,0" hai="4,7,20,22,36,37,64,65,68,71,93,95,96,99" machi="4" ten="25,12000,1" yaku="0,1,22,2,52,2" doraHai="69" who="2" fromWho="2" sc="108,-40,312,-40,240,120,340,-40" /><INIT seed="2,1,0,3,1,21" ten="68,272,360,300" oya="2" hai0="131,130,11,66,16,54,31,92,93,3,133,17,24" hai1="27,22,42,132,78,124,50,96,65,59,14,84,109" hai2="44,87,58,129,80,19,121,1,34,35,116,75,106" hai3="79,119,48,94,102,40,101,2,103,113,68,4,64"/><V105/><F116/><W107/><G119/><T62/><D54/><U81/><E109/><V25/><F121/><W114/><G107/><T56/><D133/><U13/><E132/><V74/><F1/><W128/><G128/><T91/><D3/><U90/><E124/><V57/><F129/><W69/><G79/><T28/><D11/><U82/><E42/><V29/><F44/><N who="3" m="25607" /><G64/><T45/><D45/><U26/><E96/><V100/><F35/><W117/><G117/><T86/><D131/><U52/><E65/><V61/><F58/><W88/><G4/><T51/><D51/><U126/><E126/><V20/><F75/><W47/><G47/><T120/><D120/><U67/><E67/><V6/><F6/><W122/><G2/><T41/><D41/><U10/><E22/><V127/><F74/><W104/><G104/><T38/><D38/><U15/><REACH who="1" step="1"/><E10/><REACH who="1" ten="68,262,360,300" step="2"/><V112/><F127/><W77/><G122/><T111/><D111/><U71/><E71/><V12/><F112/><N who="3" m="43115" /><G77/><T83/><D130/><U7/><E7/><V8/><F34/><W123/><G123/><T49/><D49/><U53/><E53/><V118/><F118/><W30/><G30/><N who="0" m="11307" /><D17/><U9/><E9/><V72/><F8/><W85/><AGARI ba="1,1" hai="68,69,85,88,94,101,102,103" m="43115,25607" machi="85" ten="30,2000,0" yaku="11,1,54,1" doraHai="21" who="3" fromWho="3" sc="68,-6,262,-6,360,-11,300,33" /><INIT seed="3,0,0,1,0,81" ten="62,256,349,333" oya="3" hai0="69,128,45,71,133,12,56,36,115,102,38,57,92" hai1="11,28,20,87,61,6,131,88,2,118,125,114,53" hai2="13,55,10,17,130,111,123,109,48,100,43,79,95" hai3="23,110,65,93,101,113,5,46,96,1,58,22,126"/><W39/><G113/><T83/><D83/><U74/><E114/><V41/><F130/><W99/><G126/><T68/><D92/><U50/><E74/><V49/><F79/><W19/><G110/><N who="2" m="41993" /><F123/><W89/><G1/><T31/><D12/><U84/><E125/><V54/><F48/><W73/><G73/><T108/><D31/><U16/><E131/><V44/><F55/><W97/><G5/><T4/><D102/><U60/><E118/><V105/><F105/><W21/><G39/><N who="0" m="14891" /><D4/><U135/><E135/><V37/><F37/><W72/><G72/><T124/><D124/><U75/><E75/><V116/><F116/><W70/><G70/><N who="0" m="17923" /><T18/><DORA hai="121" /><D128/><U122/><E122/><V129/><F129/><W63/><G46/><T103/><D18/><U27/><E28/><V42/><F42/><W106/><REACH who="3" step="1"/><G97/><AGARI ba="0,0" hai="10,13,17,41,43,44,49,54,95,97,100" m="41993" machi="97" ten="30,7700,0" yaku="14,1,52,3" doraHai="81,121" who="2" fromWho="3" sc="62,0,256,0,349,77,333,-77" owari="62,-43.8,256,5.6,426,52.6,256,-14.4" /></mjloggm>