<mjloggm ver="2.3"><GO type="225" lobby="0"/><UN n0="%72%61%6B%33" n1="%E5%8F%AF%E5%85%90%E9%82%A3%E7%94%B1%E5%A4%9A" n2="%E8%B6%85%E7%B4%9A%E9%B3%B3%E5%87%B0" n3="%6D%75%75%6D%75%72%61" dan="16,17,16,16" rate="2076.83,2131.09,2120.87,2158.25" sx="M,F,M,F"/><TAIKYOKU oya="0"/><INIT seed="0,0,0,5,5,91" ten="250,250,250,250" oya="0" hai0="20,46,43,23,5,21,128,39,64,110,78,55,96" hai1="88,30,124,94,3,17,31,105,125,130,68,85,49" hai2="115,83,95,82,80,127,16,6,35,25,13,117,32" hai3="106,116,71,99,52,133,47,126,28,107,113,48,53"/><T59/><D128/><U135/><E130/><V62/><F115/><W102/><G113/><T26/><D110/><U24/><E135/><V56/><F127/><N who="1" m="48713" /><E68/><V58/><F117/><W109/><G126/><T70/><D5/><U2/><E105/><V129/><F129/><W97/><G133/><T9/><D9/><U54/><E17/><V75/><F75/><W14/><G71/><T1/><D1/><N who="1" m="11" /><E24/><V103/><F6/><W15/><G109/><T40/><D40/><U93/><E93/><V27/><F27/><W123/><G123/><T57/><D70/><U18/><E18/><V69/><F69/><W84/><G116/><T0/><D0/><U12/><E12/><V81/><N who="2" m="20480" /><DORA hai="22" /><V132/><F132/><W131/><G28/><T90/><D78/><U89/><E89/><V67/><F58/><AGARI ba="0,0" hai="30,31,49,54,58,85,88,94" m="11,48713" machi="58" ten="30,3900,0" yaku="18,1,52,1,54,1" doraHai="91,22" who="1" fromWho="2" sc="250,0,250,39,250,-39,250,0" /><INIT seed="1,0,0,3,5,25" ten="250,289,211,250" oya="1" hai0="83,112,40,37,27,100,106,91,125,131,17,39,16" hai1="127,103,36,48,73,52,6,54,26,58,72,95,32" hai2="117,107,128,10,61,115,63,9,93,76,53,124,126" hai3="51,105,96,88,79,46,0,66,118,89,20,14,5"/><U134/><E36/><V108/><F117/><W84/><G118/><T102/><D112/><U35/><E134/><V104/><F115/><W24/><G0/><T68/><D68/><U60/><E127/><N who="2" m="48683" /><F108/><W1/><G1/><T7/><D125/><U69/><E6/><V62/><F76/><W64/><G105/><N who="2" m="40521" /><F53/><W31/><G96/><T111/><D7/><U74/><E26/><V45/><F45/><W109/><G79/><T71/><D106/><U99/><REACH who="1" step="1"/><E69/><REACH who="1" ten="250,279,211,250" step="2"/><V41/><F128/><W92/><G109/><T18/><D71/><U82/><E82/><V22/><F22/><W94/><G14/><T87/><D131/><U56/><AGARI ba="0,1" hai="32,35,48,52,54,56,58,60,72,73,74,95,99,103" machi="56" ten="40,7800,0" yaku="1,1,0,1,54,1,53,0" doraHai="25" doraHaiUra="129" who="1" fromWho="1" sc="250,-26,279,88,211,-26,250,-26" /><INIT seed="1,1,0,2,4,39" ten="224,367,185,224" oya="1" hai0="61,74,34,57,113,106,43,45,70,8,12,124,93" hai1="41,92,104,67,98,35,1,135,21,115,53,55,30" hai2="42,54,107,3,119,9,59,86,83,62,19,117,84" hai3="132,100,133,25,120,26,75,69,125,24,66,110,40"/><U16/><E115/><V87/><F107/><W78/><G120/><T96/><D124/><U127/><E127/><V129/><F129/><W36/><G125/><T90/><D113/><U20/><E1/><V81/><F19/><W60/><G110/><T99/><D34/><U44/><E104/><V80/><F9/><W128/><G100/><T118/><D74/><U27/><E135/><N who="3" m="51786" /><G128/><T56/><D118/><U33/><E67/><V51/><REACH who="2" step="1"/><F3/><REACH who="2" ten="224,367,175,224" step="2"/><W10/><G10/><T116/><D106/><U105/><E105/><V46/><AGARI ba="1,1" hai="42,46,51,54,59,62,80,81,83,84,86,87,117,119" machi="46" ten="40,8000,1" yaku="1,1,2,1,0,1,52,1,53,1" doraHai="39" doraHaiUra="47" who="2" fromWho="2" sc="224,-21,367,-41,175,93,224,-21" /><INIT seed="2,0,0,1,2,81" ten="203,326,268,203" oya="2" hai0="8,101,83,40,87,127,49,71,86,111,89,98,21" hai1="67,95,79,104,57,135,131,37,93,17,48,100,109" hai2="92,24,28,62,35,90,77,70,18,91,42,108,0" hai3="116,46,106,72,5,3,97,73,123,32,29,103,6"/><V10/><F108/><W43/><G116/><T74/><D71/><U53/><E37/><V7/><F42/><W47/><G123/><T78/><D111/><U15/><E109/><V31/><F77/><W59/><G59/><T16/><D127/><U63/><E131/><V112/><F112/><W115/><G47/><T60/><D8/><U65/><E135/><V4/><F4/><W80/><G115/><T105/><D60/><U25/><E25/><V76/><F76/><W117/><G117/><T2/><D2/><U52/><E79/><V58/><F70/><W128/><G128/><T113/><D113/><U11/><E104/><V82/><F82/><W132/><G132/><T26/><REACH who="0" step="1"/><D89/><REACH who="0" ten="193,326,268,203" step="2"/><U68/><E68/><V130/><F0/><W124/><G124/><T75/><D75/><U19/><E100/><V56/><F10/><W14/><G3/><T20/><D20/><U84/><E11/><V96/><F90/><W55/><G73/><T44/><AGARI ba="0,1" hai="16,21,26,40,44,49,74,78,83,86,87,98,101,105" machi="44" ten="30,12000,2" yaku="1,1,0,1,52,2,54,1,53,1" doraHai="81" doraHaiUra="12" who="0" fromWho="0" sc="193,130,326,-30,268,-60,203,-30" /><INIT seed="3,0,0,4,0,71" ten="323,296,208,173" oya="3" hai0="21,40,126,61,5,87,82,104,88,3,1,4,70" hai1="83,17,109,63,97,19,107,29,9,24,43,127,26" hai2="25,114,96,66,73,98,38,49,0,64,48,116,118" hai3="72,120,62,119,42,93,113,59,90,45,134,52,115"/><W6/><G119/><T95/><D104/><U131/><E109/><V55/><F114/><W89/><G134/><T32/><D32/><U27/><E127/><V41/><F0/><W108/><G120/><T39/><D126/><U11/><E131/><V35/><F73/><W33/><G108/><T135/><D135/><U28/><E43/><V75/><F75/><W94/><G72/><T122/><D122/><U44/><E44/><V13/><F13/><W128/><G128/><T60/><D3/><U65/><E83/><V106/><F41/><W85/><G6/><T18/><D1/><U133/><E133/><V74/><F74/><W79/><G79/><N who="0" m="46559" /><D39/><U124/><E124/><V15/><F15/><W130/><G33/><T53/><D70/><U123/><E123/><V81/><F35/><W23/><G23/><T68/><D68/><U77/><E77/><V111/><F106/><W112/><G130/><T92/><D40/><U22/><E107/><V57/><F38/><W69/><G69/><T67/><D67/><U132/><E97/><V117/><F111/><W20/><G20/><T121/><D95/><U129/><E129/><V37/><F37/><W80/><REACH who="3" step="1"/><G90/><REACH who="3" ten="323,296,208,163" step="2"/><T31/><D121/><U46/><E132/><V7/><F116/><W2/><G2/><T56/><D4/><U47/><E22/><V34/><F117/><W103/><G103/><T99/><D5/><U84/><E9/><V50/><F118/><W86/><G86/><T76/><D76/><U10/><E10/><V8/><F34/><W125/><G125/><T91/><D21/><U100/><E11/><RYUUKYOKU ba="0,1" sc="323,-10,296,-10,208,-10,163,30" hai3="42,45,52,59,62,80,85,89,93,94,112,113,115" /><INIT seed="3,1,1,5,1,48" ten="313,286,198,193" oya="3" hai0="69,62,34,132,89,0,57,118,117,13,68,110,31" hai1="95,55,111,129,112,61,90,101,76,104,113,6,87" hai2="12,71,32,86,134,79,58,35,73,80,128,17,20" hai3="40,96,27,121,127,21,75,16,15,115,97,52,26"/><W7/><G115/><T9/><D0/><U38/><E38/><V46/><F71/><W60/><G121/><T8/><D8/><U131/><E6/><V103/><F128/><N who="1" m="49225" /><E111/><V5/><F134/><W108/><G75/><T25/><D132/><U130/><E130/><V119/><F119/><W11/><G108/><T66/><D110/><U67/><E76/><V64/><F5/><W126/><G40/><T82/><D69/><U83/><E104/><V43/><F103/><W109/><G27/><T2/><D68/><U135/><E67/><V102/><F102/><W39/><G39/><T125/><D2/><U42/><E42/><V36/><F73/><W28/><G7/><T72/><D125/><N who="3" m="47625" /><G109/><T19/><REACH who="0" step="1"/><D89/><REACH who="0" ten="303,286,198,193" step="2"/><U50/><E135/><V85/><F32/><W99/><G99/><T1/><D1/><U56/><E61/><V29/><F35/><W91/><G91/><T3/><D3/><U77/><E101/><V63/><F63/><W70/><G70/><T30/><D30/><U37/><E37/><V92/><F36/><W49/><G60/><T33/><D33/><U88/><E88/><V122/><F29/><W106/><G106/><T74/><D74/><AGARI ba="1,2" hai="50,55,56,74,77,83,87,90,95,112,113" m="49225" machi="74" ten="30,2000,0" yaku="19,1,52,1" doraHai="48" who="1" fromWho="0" sc="303,-23,286,43,198,0,193,0" owari="280,8.0,329,42.9,198,-20.2,193,-30.7" /></mjloggm>