<mjloggm ver="2.3"><GO type="225" lobby="0"/><UN n0="%73%6C%69%63%6B%33%31%39" n1="%E3%81%B7%E3%82%8A%E3%82%93%E8%81%96%E4%BA%BA" n2="%43%68%65" n3="%72%69%6F%75%63%68%61%6E" dan="16,16,16,17" rate="2189.30,2146.17,2152.27,2275.65" sx="M,M,M,M"/><TAIKYOKU oya="0"/><INIT seed="0,0,0,2,5,52" ten="250,250,250,250" oya="0" hai0="91,70,93,61,0,72,42,113,104,28,29,74,8" hai1="84,111,55,49,27,33,69,101,50,90,38,88,18" hai2="45,23,25,108,10,135,19,32,9,53,99,98,36" hai3="131,123,124,127,44,58,17,133,103,39,67,48,30"/><T95/><D113/><U3/><E3/><V13/><F108/><W85/><G30/><T26/><D104/><U86/><E69/><V109/><F109/><W1/><G1/><T119/><D119/><U105/><E38/><V117/><F117/><W102/><G131/><T75/><D42/><U128/><E111/><V43/><F135/><W2/><G2/><T31/><D26/><U122/><E122/><V66/><F66/><W15/><G133/><T118/><D118/><U114/><E128/><V64/><F64/><W120/><G39/><T129/><D129/><U110/><E110/><V35/><F10/><W81/><G103/><T116/><D116/><U106/><E101/><V22/><F22/><W21/><G102/><T34/><D34/><U37/><E37/><V78/><F78/><W97/><G97/><T6/><D70/><U126/><E114/><V60/><F35/><W14/><G14/><T115/><D115/><U112/><E112/><V57/><REACH who="2" step="1"/><F32/><REACH who="2" ten="250,250,240,250" step="2"/><W5/><G123/><T63/><REACH who="0" step="1"/><D95/><REACH who="0" ten="240,250,240,250" step="2"/><U77/><E33/><V40/><F40/><N who="3" m="24583" /><G120/><T76/><D76/><U71/><E77/><V89/><F89/><N who="3" m="51375" /><G127/><T20/><D20/><N who="1" m="13719" /><E126/><V68/><F68/><W100/><G124/><T94/><D94/><N who="1" m="54599" /><E71/><V83/><F83/><W24/><G100/><T134/><D134/><U79/><E79/><V51/><F51/><N who="1" m="19465" /><E55/><V82/><F82/><W130/><G130/><T46/><D46/><U41/><E41/><V59/><F59/><W73/><G58/><T54/><D54/><U96/><E106/><V62/><F62/><W56/><G56/><T87/><AGARI ba="0,2" hai="0,6,8,28,29,31,61,63,72,74,75,87,91,93" machi="87" ten="40,12000,1" yaku="1,1,5,1,0,1,53,1" doraHai="52" doraHaiUra="80" who="0" fromWho="0" sc="240,140,250,-40,240,-40,250,-40" /><INIT seed="0,1,0,4,5,18" ten="380,210,200,210" oya="0" hai0="42,65,50,70,64,85,107,49,23,112,24,131,15" hai1="92,120,48,114,10,132,96,31,47,135,77,20,58" hai2="73,27,61,63,102,128,124,81,98,104,116,30,39" hai3="29,3,72,76,117,71,108,34,121,0,94,12,16"/><T83/><D112/><U35/><E35/><V40/><F124/><W115/><G115/><T106/><D131/><U21/><E114/><V118/><F128/><W100/><G117/><N who="2" m="45161" /><F40/><W60/><G108/><T122/><D122/><U130/><E77/><N who="2" m="44207" /><F39/><W127/><G127/><T19/><D107/><U133/><E130/><V95/><F104/><W66/><G121/><T44/><D106/><U88/><E31/><V113/><F113/><W26/><G76/><T67/><D70/><U22/><E10/><V28/><F28/><W111/><G72/><T17/><D50/><U119/><E119/><V1/><F1/><W126/><G111/><T59/><D59/><U56/><E120/><V7/><F7/><W6/><G6/><T52/><D42/><AGARI ba="1,0" hai="20,21,22,42,47,48,56,58,88,92,96,132,133,135" machi="42" ten="50,8000,1" yaku="20,1,52,3,54,1" doraHai="18" who="1" fromWho="0" sc="380,-83,210,83,200,0,210,0" /><INIT seed="1,0,0,5,1,50" ten="297,293,200,210" oya="1" hai0="78,131,42,121,124,1,92,100,77,107,126,60,12" hai1="132,39,16,116,113,89,69,57,70,41,25,3,36" hai2="18,135,9,55,54,21,95,81,85,130,86,79,90" hai3="73,127,53,117,133,111,22,43,109,122,62,65,28"/><U30/><E113/><V17/><F130/><W112/><G122/><T75/><D1/><U83/><E3/><V4/><F135/><W114/><G73/><T110/><D121/><U93/><E83/><V59/><F59/><BYE who="2" /><N who="3" m="35183" /><G28/><T106/><D42/><UN n2="%43%68%65" /><U134/><E116/><V68/><F68/><W91/><G22/><T24/><D24/><U14/><E57/><V2/><REACH who="2" step="1"/><F18/><REACH who="2" ten="297,293,190,210" step="2"/><W96/><G133/><N who="1" m="51306" /><E69/><V0/><F0/><W49/><G117/><T115/><D131/><U58/><E58/><V101/><F101/><W84/><G127/><T74/><D100/><U128/><E128/><V37/><F37/><W7/><G114/><T94/><D115/><U102/><E102/><V71/><F71/><W20/><G112/><T6/><D126/><U19/><E70/><V32/><F32/><W61/><G111/><T108/><D124/><U99/><E19/><V125/><F125/><W8/><G109/><T33/><D33/><N who="1" m="20687" /><E41/><V66/><F66/><W5/><G43/><T26/><D110/><U119/><E119/><V80/><F80/><N who="3" m="49543" /><G49/><T82/><D108/><U29/><E29/><V129/><F129/><W45/><G45/><T76/><D82/><U46/><E46/><V72/><F72/><W52/><G65/><T35/><D35/><U40/><E40/><V105/><F105/><W104/><G104/><T31/><D106/><U67/><E67/><V88/><F88/><W48/><G48/><T23/><D107/><U87/><E39/><V13/><AGARI ba="0,1" hai="2,4,9,13,17,21,54,55,79,81,85,86,90,95" machi="13" ten="20,12000,2" yaku="1,1,0,1,7,1,52,2,53,1" doraHai="50" doraHaiUra="15" who="2" fromWho="2" sc="297,-30,293,-60,190,130,210,-30" /><INIT seed="2,0,0,4,4,90" ten="267,233,320,180" oya="2" hai0="80,74,54,76,10,23,37,40,132,130,17,72,49" hai1="124,44,95,75,101,65,123,78,30,114,94,34,18" hai2="117,39,8,42,50,133,36,48,84,3,73,85,19" hai3="56,11,122,129,58,59,15,103,83,1,32,115,128"/><V125/><F73/><W28/><G122/><T63/><D130/><U66/><E114/><V112/><F112/><W107/><G115/><T51/><D132/><U110/><E123/><V70/><F70/><W13/><G1/><T27/><D74/><U60/><E110/><V91/><F117/><W134/><G134/><T79/><D79/><U82/><E101/><V88/><F125/><W131/><G83/><T77/><D77/><U55/><E66/><V116/><F116/><W118/><G118/><T22/><D10/><U104/><E104/><V86/><F133/><W7/><G15/><T41/><D37/><U99/><E99/><V68/><F68/><W21/><G32/><T69/><D51/><U87/><E75/><V25/><F25/><W47/><G47/><T105/><D105/><U97/><E97/><V67/><F67/><W45/><G45/><T121/><D121/><U16/><E30/><V111/><F111/><W135/><G135/><T98/><D98/><U127/><E34/><V102/><F102/><W9/><G9/><T24/><D63/><U62/><E62/><V100/><F100/><W71/><G103/><T29/><REACH who="0" step="1"/><D69/><REACH who="0" ten="257,233,320,180" step="2"/><U93/><E124/><V57/><F39/><W46/><G71/><T2/><D2/><U33/><E127/><V113/><F36/><W31/><G107/><T35/><D35/><U4/><E33/><V26/><F3/><N who="3" m="511" /><G46/><AGARI ba="0,1" hai="17,22,23,24,27,29,40,41,46,49,54,72,76,80" machi="46" ten="30,2000,0" yaku="1,1,7,1,53,0" doraHai="90" doraHaiUra="119" who="0" fromWho="3" sc="257,30,233,0,320,0,180,-20" /><INIT seed="3,0,0,4,4,1" ten="287,233,320,160" oya="3" hai0="125,114,7,45,105,67,90,108,22,86,39,123,9" hai1="126,96,98,101,100,5,43,36,23,83,47,0,70" hai2="88,74,129,15,68,60,130,14,99,8,27,135,4" hai3="31,19,54,56,91,37,71,41,122,97,42,112,79"/><W32/><G112/><T95/><D123/><U121/><E121/><V72/><F135/><W131/><G122/><T3/><D105/><U111/><E111/><V24/><F15/><W12/><G71/><T44/><D108/><U80/><E70/><V17/><F99/><W128/><G79/><T106/><D106/><U35/><E35/><V58/><F68/><W66/><G66/><T33/><D33/><U133/><E133/><V93/><F17/><W81/><G37/><T53/><D39/><U127/><E23/><V107/><F107/><W120/><G120/><T63/><D125/><U59/><E59/><V18/><F93/><N who="3" m="56511" /><G81/><T69/><D114/><U16/><E16/><V62/><F88/><W115/><G115/><T57/><REACH who="0" step="1"/><D22/><REACH who="0" ten="277,233,320,160" step="2"/><U92/><E126/><V110/><F110/><W76/><G76/><T134/><D134/><U51/><E127/><V104/><F104/><W87/><G87/><T89/><D89/><U94/><E36/><V78/><F78/><W85/><G85/><T20/><D20/><U116/><E116/><V132/><F132/><W84/><G84/><T34/><D34/><U61/><E100/><V46/><F74/><W48/><G32/><T52/><D52/><U2/><E101/><V118/><F72/><W65/><G65/><T124/><D124/><U6/><E43/><N who="3" m="16394" /><G31/><T55/><D55/><U49/><E47/><V109/><F109/><W30/><G30/><T102/><D102/><U77/><E77/><V73/><F73/><W50/><G50/><AGARI ba="0,1" hai="3,7,9,44,45,50,53,57,63,67,69,86,90,95" machi="50" ten="30,7700,0" yaku="1,1,7,1,52,1,53,1" doraHai="1" doraHaiUra="64" who="0" fromWho="3" sc="277,87,233,0,320,0,160,-77" owari="364,46.4,233,-16.7,320,12.0,83,-41.7" /></mjloggm>