<mjloggm ver="2.3"><GO type="225" lobby="0"/><UN n0="%48%61%61%61%6C%61%6E%64" n1="%E5%8F%AF%E5%85%90%E9%82%A3%E7%94%B1%E5%A4%9A" n2="%E3%83%B4%E3%82%A3%E3%83%AF%E3%82%B3%E3%82%B0%E3%83%8B" n3="%E3%82%82%E3%81%90%E3%82%89" dan="18,16,16,17" rate="2196.21,2240.47,2119.82,2202.62" sx="M,F,M,F"/><TAIKYOKU oya="0"/><INIT seed="0,0,0,0,0,107" ten="250,250,250,250" oya="0" hai0="99,9,125,1,127,33,32,8,2,96,111,49,64" hai1="52,44,39,106,114,3,126,68,123,36,54,74,89" hai2="97,81,42,23,35,90,21,56,84,112,70,122,108" hai3="17,43,95,65,29,102,100,41,12,119,116,85,98"/><T16/><D49/><U87/><E3/><N who="0" m="1033" /><D64/><U88/><E106/><V4/><F70/><W93/><G65/><T25/><D96/><U135/><E123/><V38/><F4/><W61/><G61/><T128/><D99/><U115/><E68/><V105/><F56/><W104/><G104/><T53/><D53/><U124/><E87/><V129/><F42/><W27/><G102/><T50/><D50/><U24/><E24/><V75/><F38/><W40/><G85/><T20/><D128/><U37/><E135/><V18/><F129/><W77/><G77/><T130/><D130/><U67/><E67/><V131/><F131/><W26/><G95/><T62/><D62/><U79/><E79/><V86/><F86/><W110/><G93/><T57/><D57/><U76/><E76/><V72/><F105/><W80/><G80/><T91/><D91/><N who="1" m="34891" /><E74/><V117/><F75/><W19/><G100/><T83/><D83/><U0/><E0/><V10/><F72/><W46/><G98/><T11/><D111/><U120/><E120/><V82/><F122/><W134/><G110/><T51/><D51/><N who="1" m="28775" /><E54/><V63/><F108/><W78/><G78/><T101/><D101/><U69/><E69/><V14/><F84/><W132/><G43/><T94/><D94/><U5/><E5/><V7/><F7/><W103/><G103/><T55/><D55/><U121/><E121/><V34/><F81/><W45/><G12/><T22/><D32/><N who="2" m="12330" /><F82/><W15/><G15/><N who="0" m="9247" /><D33/><U109/><E109/><V113/><F90/><W58/><G58/><T30/><AGARI ba="0,0" hai="8,9,11,22,25,30,125,127" m="9247,1033" machi="30" ten="40,7800,0" yaku="34,2,54,1" doraHai="107" who="0" fromWho="0" sc="250,78,250,-26,250,-26,250,-26" /><INIT seed="0,1,0,4,1,121" ten="328,224,224,224" oya="0" hai0="107,65,67,56,27,48,95,118,77,104,73,133,53" hai1="86,19,12,61,89,54,51,74,64,106,72,26,60" hai2="11,66,22,10,80,44,7,24,99,13,113,2,100" hai3="127,25,28,70,34,62,1,33,135,123,36,79,125"/><T81/><D118/><U124/><E106/><V9/><F113/><W116/><G116/><T97/><D133/><U59/><E124/><N who="3" m="47690" /><G135/><T102/><REACH who="0" step="1"/><D27/><REACH who="0" ten="318,224,224,224" step="2"/><U98/><E26/><V71/><F24/><W130/><G25/><T94/><D94/><U0/><E0/><V39/><F2/><W112/><G1/><T31/><D31/><U85/><E74/><V108/><F13/><W96/><G28/><T128/><D128/><U87/><E72/><V41/><F9/><W50/><G130/><T115/><D115/><U6/><E6/><V20/><F10/><W110/><G112/><T132/><D132/><U37/><E12/><V75/><F11/><W88/><G123/><T90/><D90/><U134/><E134/><V69/><F7/><W40/><G88/><T18/><D18/><U68/><E19/><V93/><F93/><W109/><G79/><T46/><D46/><U92/><REACH who="1" step="1"/><E37/><REACH who="1" ten="318,214,224,224" step="2"/><V114/><F114/><W101/><G36/><T21/><D21/><U129/><E129/><V38/><F38/><W29/><G29/><T52/><D52/><U119/><E119/><V63/><F20/><W4/><G4/><T82/><D82/><U117/><E117/><V58/><F22/><W23/><G23/><T47/><D47/><U32/><E32/><V30/><F30/><W105/><G34/><T83/><D83/><U8/><E8/><V126/><F126/><W17/><G33/><T122/><D122/><U49/><AGARI ba="1,2" hai="49,51,54,59,60,61,64,68,85,86,87,89,92,98" machi="49" ten="30,2000,0" yaku="1,1,0,1,53,0" doraHai="121" doraHaiUra="131" who="1" fromWho="1" sc="318,-11,214,43,224,-6,224,-6" /><INIT seed="1,0,0,5,4,93" ten="307,257,218,218" oya="1" hai0="101,103,76,22,104,135,45,127,61,110,0,134,62" hai1="81,39,35,87,75,51,72,13,48,132,83,47,46" hai2="10,1,3,42,30,121,16,79,21,106,33,67,126" hai3="114,50,116,88,4,12,53,123,119,128,130,7,38"/><U109/><E35/><V15/><F106/><W17/><G38/><T133/><D110/><U102/><E39/><V8/><F79/><W124/><G123/><T24/><D127/><U20/><E109/><V63/><F42/><W26/><G114/><T40/><D0/><N who="2" m="74" /><F63/><N who="0" m="24074" /><D76/><U131/><E131/><N who="3" m="50218" /><G124/><T86/><D86/><U113/><E113/><V64/><F64/><W97/><G26/><T9/><D9/><N who="2" m="3690" /><F67/><W89/><G89/><T82/><D82/><U60/><E60/><V55/><F55/><W34/><G34/><T52/><D52/><U108/><E108/><V70/><F70/><W91/><G91/><T98/><D101/><U73/><E102/><V23/><F126/><W85/><G85/><T92/><D40/><N who="1" m="24647" /><E87/><V129/><F129/><W11/><G119/><T95/><D45/><U5/><E83/><V65/><F65/><W27/><G27/><T49/><D49/><U118/><E81/><V58/><F58/><N who="3" m="33079" /><G116/><T14/><D14/><U43/><E118/><V28/><F121/><W66/><G66/><T19/><AGARI ba="0,0" hai="19,22,24,92,95,98,103,104,133,134,135" m="24074" machi="19" ten="40,2700,0" yaku="20,1,52,1" doraHai="93" who="0" fromWho="0" sc="307,27,257,-13,218,-7,218,-7" /><INIT seed="2,0,0,2,2,96" ten="334,244,211,211" oya="2" hai0="131,101,127,33,77,57,102,43,60,108,37,32,50" hai1="78,111,27,124,42,115,66,49,24,119,83,22,3" hai2="113,4,67,47,98,30,16,1,90,134,88,41,55" hai3="14,89,5,45,103,20,133,85,87,0,35,23,120"/><V51/><F134/><W61/><G120/><T2/><D2/><U129/><E115/><V69/><F113/><W76/><G133/><T91/><D37/><U36/><E119/><V123/><F123/><W25/><G35/><T79/><D108/><U59/><E3/><V122/><F122/><W21/><G0/><T10/><D127/><U92/><E124/><V15/><F30/><W73/><G73/><T62/><D131/><U58/><E36/><V97/><F69/><W80/><G61/><T26/><D10/><U48/><E111/><V52/><F67/><W39/><G39/><T9/><D9/><U28/><E129/><V94/><F4/><W64/><G64/><T31/><D32/><U34/><E92/><N who="2" m="56455" /><F1/><W100/><G45/><T112/><D112/><U71/><E71/><V8/><AGARI ba="0,0" hai="8,15,16,41,47,51,52,55,90,94,98" m="56455" machi="8" ten="30,11700,0" yaku="8,1,54,3" doraHai="96" who="2" fromWho="2" sc="334,-39,244,-39,211,117,211,-39" /><INIT seed="2,1,0,5,2,13" ten="295,205,328,172" oya="2" hai0="111,89,28,76,81,46,60,9,42,135,29,92,25" hai1="132,115,63,75,58,96,32,12,125,39,85,74,124" hai2="122,112,21,43,23,44,61,95,59,6,15,38,88" hai3="34,129,113,36,72,100,134,17,0,127,49,108,30"/><V24/><F122/><W82/><RYUUKYOKU type="yao9" ba="1,0" sc="295,0,205,0,328,0,172,0" hai3="0,17,30,34,36,49,72,82,100,108,113,127,129,134" /><INIT seed="2,2,0,3,0,23" ten="295,205,328,172" oya="2" hai0="8,20,67,86,57,18,92,45,66,107,61,28,56" hai1="122,70,102,111,0,58,33,81,108,10,47,114,95" hai2="77,14,63,93,17,26,6,88,90,50,36,79,31" hai3="103,76,112,38,32,62,9,129,37,4,27,11,5"/><V120/><F120/><W89/><G129/><T113/><D107/><U46/><E114/><V49/><F36/><W12/><G112/><T65/><D113/><U21/><E33/><V127/><F6/><W80/><G103/><T83/><D92/><U109/><E70/><V126/><F63/><W115/><G89/><T69/><D69/><U105/><E105/><V82/><F50/><W7/><G62/><T96/><D96/><N who="1" m="59679" /><E122/><V94/><F49/><W135/><G135/><T119/><D119/><U51/><E81/><V29/><F14/><W44/><G115/><T48/><D28/><U34/><E34/><V22/><F17/><W87/><G44/><T117/><D117/><U72/><E72/><V40/><F40/><W84/><G84/><T43/><D8/><U39/><E39/><V25/><F22/><W132/><G132/><T15/><REACH who="0" step="1"/><D56/><REACH who="0" ten="285,205,328,172" step="2"/><U116/><E116/><V2/><F82/><W121/><G121/><T123/><D123/><U101/><E58/><V71/><F71/><W68/><G68/><T55/><D55/><U74/><E10/><V134/><F2/><W97/><G97/><T110/><D110/><U133/><E0/><V3/><F3/><W75/><G5/><T78/><AGARI ba="2,1" hai="15,18,20,43,45,48,57,61,65,66,67,78,83,86" machi="78" ten="20,5200,0" yaku="1,1,0,1,7,1,8,1,53,0" doraHai="23" doraHaiUra="85" who="0" fromWho="0" sc="285,68,205,-15,328,-28,172,-15" /><INIT seed="3,0,0,3,2,97" ten="353,190,300,157" oya="3" hai0="10,89,77,126,100,37,92,130,120,24,15,67,107" hai1="27,116,124,98,103,85,44,123,48,134,8,79,23" hai2="26,59,4,22,62,28,133,76,55,90,54,3,106" hai3="72,42,128,11,96,57,82,119,93,121,35,135,36"/><W47/><G121/><T16/><D120/><U33/><E123/><V75/><F133/><W34/><G119/><T21/><D37/><U127/><E33/><V73/><F106/><W32/><G135/><T46/><D126/><N who="1" m="48171" /><E134/><V80/><F90/><W68/><G68/><T118/><D46/><U63/><E116/><V125/><F125/><W101/><G128/><T31/><D77/><U61/><E8/><V131/><F131/><W6/><G57/><T1/><D67/><U110/><E110/><V81/><F4/><W20/><G20/><T122/><D92/><N who="1" m="58823" /><E85/><V43/><F3/><W7/><REACH who="3" step="1"/><G11/><REACH who="3" ten="353,190,300,147" step="2"/><N who="0" m="6271" /><D118/><U56/><E56/><V52/><F59/><W71/><G71/><T105/><D21/><U60/><E79/><AGARI ba="0,1" hai="6,7,32,34,35,36,42,47,72,79,82,93,96,101" machi="79" ten="40,7700,0" yaku="1,1,52,1,53,1" doraHai="97" doraHaiUra="41" who="3" fromWho="1" sc="353,0,190,-77,300,0,147,87" /><INIT seed="3,1,0,5,1,34" ten="353,113,300,234" oya="3" hai0="76,26,105,54,6,11,133,5,98,40,79,37,125" hai1="74,69,14,85,39,61,131,104,106,27,80,124,119" hai2="58,18,57,8,73,13,32,87,123,111,91,108,126" hai3="33,130,59,101,51,46,53,121,9,66,20,88,44"/><W56/><G121/><T128/><D37/><U90/><E124/><V60/><F73/><W102/><G130/><T36/><D36/><U48/><E131/><V47/><F32/><W4/><G33/><T15/><D40/><U122/><E122/><V28/><F123/><W52/><G66/><T99/><D128/><U109/><E109/><V7/><F126/><W96/><G20/><T135/><D125/><U81/><E39/><V97/><F97/><N who="0" m="36874" /><D105/><U65/><E119/><V75/><F75/><W1/><G101/><T83/><D26/><U117/><E117/><V22/><F28/><W31/><G31/><T64/><D64/><U30/><E14/><V62/><F47/><W67/><G67/><T93/><D93/><U132/><E132/><N who="0" m="50761" /><D54/><U129/><E129/><V43/><F43/><W77/><G77/><N who="0" m="29771" /><D83/><U10/><E80/><V42/><F42/><W16/><G16/><AGARI ba="1,0" hai="5,6,11,15,16" m="29771,50761,36874" machi="16" ten="30,2000,0" yaku="20,1,54,1" doraHai="34" who="0" fromWho="3" sc="353,23,113,0,300,0,234,-23" owari="376,47.6,113,-38.7,300,10.0,211,-18.9" /></mjloggm>