<mjloggm ver="2.3"><GO type="225" lobby="0"/><UN n0="%E3%81%BE%E3%81%A8%E3%81%9F" n1="%E6%A1%9C%E8%8A%B1%E9%96%83%E3%80%85" n2="%45%6C%79%73%69%75%6D" n3="%72%69%6F%75%63%68%61%6E" dan="16,18,17,17" rate="2165.59,2229.05,2146.39,2268.38" sx="M,M,F,M"/><TAIKYOKU oya="0"/><INIT seed="0,0,0,0,1,80" ten="250,250,250,250" oya="0" hai0="31,43,35,20,34,116,5,10,83,29,18,65,125" hai1="6,33,108,68,69,114,81,11,130,96,131,49,104" hai2="94,39,26,120,50,44,27,74,134,107,103,36,70" hai3="75,92,51,32,30,76,109,15,71,4,57,67,62"/><T8/><D43/><U105/><E108/><V16/><F120/><W106/><G109/><T12/><D65/><U85/><E49/><V91/><F74/><W111/><G111/><T73/><D83/><U1/><E33/><N who="0" m="12297" /><D73/><U110/><E110/><V84/><F70/><N who="1" m="27241" /><E96/><V102/><F134/><W118/><G118/><T121/><D121/><U123/><E123/><V64/><F64/><W89/><G106/><T13/><D125/><U55/><E55/><V90/><F107/><W122/><G122/><T115/><D115/><U41/><E41/><V112/><F112/><W58/><G32/><T17/><D116/><U23/><E23/><N who="2" m="13671" /><F36/><W56/><G30/><T9/><D9/><U113/><E113/><V40/><F39/><W38/><G38/><T100/><D100/><N who="2" m="38442" /><F91/><W101/><G101/><T133/><D133/><U124/><E124/><V129/><F27/><AGARI ba="0,0" hai="5,8,10,12,13,17,18,20,27,29,31" m="12297" machi="27" ten="30,12000,1" yaku="35,5" doraHai="80" who="0" fromWho="2" sc="250,120,250,0,250,-120,250,0" /><INIT seed="0,1,0,5,5,75" ten="370,250,130,250" oya="0" hai0="66,51,55,126,6,77,9,89,111,98,128,127,10" hai1="30,54,80,60,117,106,13,132,12,94,103,5,48" hai2="131,39,29,81,72,121,22,7,86,64,47,43,59" hai3="125,76,4,62,35,38,129,49,40,100,113,65,24"/><T108/><D128/><U87/><E117/><V84/><F121/><W15/><G113/><T130/><D66/><U25/><E106/><V91/><F131/><W42/><G125/><N who="0" m="47627" /><D130/><U53/><E132/><V61/><F72/><W63/><G129/><T33/><D33/><U79/><E60/><V85/><F7/><W124/><G124/><T21/><D21/><N who="1" m="15663" /><E5/><V41/><F41/><W133/><G133/><T34/><D34/><U45/><E54/><V19/><REACH who="2" step="1"/><F29/><REACH who="2" ten="370,250,120,250" step="2"/><W14/><G40/><T135/><D135/><U92/><E103/><V71/><F71/><W44/><G42/><T8/><D6/><U2/><E2/><V90/><F90/><W20/><G4/><T104/><D89/><U50/><E50/><V36/><F36/><W28/><G49/><T26/><D51/><U93/><AGARI ba="1,1" hai="12,13,45,48,53,79,80,87,92,93,94" m="15663" machi="93" ten="30,2000,0" yaku="8,1,52,1" doraHai="75" who="1" fromWho="1" sc="370,-11,250,33,120,-6,250,-6" /><INIT seed="1,0,0,5,5,14" ten="359,283,114,244" oya="1" hai0="17,23,33,90,54,119,98,108,56,44,79,96,32" hai1="125,81,38,6,15,75,102,74,121,103,70,22,100" hai2="28,116,132,105,34,82,126,2,135,39,64,47,77" hai3="10,68,27,46,21,114,18,71,94,3,63,95,20"/><U131/><E121/><V93/><F105/><W72/><G114/><T12/><D119/><U30/><E125/><V111/><F116/><W45/><G72/><T129/><D108/><U42/><E70/><V86/><F111/><W8/><G3/><T52/><D79/><U25/><E131/><V104/><F104/><W85/><G85/><T19/><D90/><U87/><E38/><V118/><F118/><W58/><G71/><T65/><D65/><U97/><E42/><V92/><F126/><W50/><G68/><T59/><D44/><N who="3" m="17001" /><G50/><N who="0" m="30743" /><D33/><U49/><E49/><V130/><F130/><W99/><G21/><N who="0" m="11431" /><D32/><U29/><E29/><V124/><F2/><W26/><G27/><N who="0" m="14847" /><D129/><U43/><E75/><V40/><F64/><N who="3" m="39031" /><G94/><T88/><D88/><AGARI ba="0,0" hai="8,10,18,20,26,88,95,99" m="39031,17001" machi="88" ten="30,3900,0" yaku="8,1,52,1,54,1" doraHai="14" who="3" fromWho="0" sc="359,-39,283,0,114,0,244,39" /><INIT seed="2,0,0,4,1,63" ten="320,283,114,283" oya="2" hai0="68,67,83,129,57,76,114,77,98,89,115,62,33" hai1="28,41,109,1,79,112,36,0,46,113,54,73,72" hai2="94,111,81,40,85,130,123,20,8,26,87,44,13" hai3="75,24,29,110,45,91,32,9,135,7,58,48,64"/><V78/><F123/><W51/><G110/><T74/><D33/><U16/><E109/><V131/><F111/><W37/><G75/><N who="1" m="28746" /><E16/><N who="2" m="12551" /><F94/><W66/><G135/><T5/><D77/><U120/><E54/><V122/><F122/><W65/><G91/><T12/><D129/><N who="2" m="49162" /><F78/><W25/><G25/><T22/><D76/><U27/><E120/><V2/><F81/><W38/><G58/><T86/><D83/><U128/><E79/><V4/><F2/><N who="1" m="1129" /><E128/><V42/><F42/><W84/><G84/><T134/><D86/><U119/><E119/><V3/><F3/><W132/><G132/><T99/><D134/><U92/><E92/><V104/><F104/><W10/><G51/><AGARI ba="0,0" hai="4,8,13,40,44,51,85,87" m="49162,12551" machi="51" ten="30,2900,0" yaku="19,1,54,1" doraHai="63" who="2" fromWho="3" sc="320,0,283,0,114,29,283,-29" /><INIT seed="2,1,0,5,2,135" ten="320,283,143,254" oya="2" hai0="80,77,117,63,78,86,38,95,29,76,62,22,52" hai1="57,9,23,7,8,72,36,70,120,21,89,82,31" hai2="18,114,111,71,85,104,133,126,67,75,118,50,17" hai3="124,43,125,123,84,73,90,41,42,64,113,25,44"/><V6/><F118/><W115/><G123/><T2/><D2/><U49/><E70/><V74/><F114/><N who="3" m="43531" /><G73/><T100/><D38/><U39/><E9/><V1/><F104/><W69/><G25/><N who="0" m="16567" /><D117/><U88/><E23/><V68/><F133/><W65/><G44/><T48/><D95/><U47/><E57/><V83/><F1/><W26/><G26/><T128/><D100/><U30/><E21/><V94/><F6/><W101/><G101/><T102/><D102/><U129/><E129/><V119/><F119/><W116/><G116/><T3/><D3/><U99/><E31/><V91/><F111/><W98/><G98/><T58/><D128/><U11/><E30/><V45/><F74/><W53/><G53/><T15/><D15/><U130/><E47/><V46/><F46/><W5/><G5/><T20/><D20/><U109/><E99/><V10/><F10/><W14/><G14/><T134/><D134/><U28/><E120/><V4/><F4/><W54/><G54/><T32/><D32/><U19/><E28/><V24/><F24/><W0/><G0/><T81/><D81/><U35/><E35/><V87/><F75/><W107/><G107/><T12/><D12/><U122/><E122/><V56/><F17/><W59/><G59/><T106/><D106/><U16/><E19/><V127/><F18/><W112/><N who="3" m="43539" /><W79/><DORA hai="108" /><G79/><AGARI ba="1,0" hai="48,52,58,62,63,76,77,78,79,80,86" m="16567" machi="79" ten="30,2000,0" yaku="8,1,54,1" doraHai="135,108" who="0" fromWho="3" sc="320,23,283,0,143,0,254,-23" /><INIT seed="3,0,0,5,1,6" ten="343,283,143,231" oya="3" hai0="31,120,100,133,7,75,66,35,116,130,24,18,27" hai1="83,80,30,104,56,64,0,70,102,19,12,50,53" hai2="114,36,101,131,121,1,13,22,89,118,115,3,61" hai3="77,47,28,51,4,69,82,128,58,108,29,10,96"/><W90/><G128/><T49/><D75/><U43/><E0/><V33/><F36/><W86/><G69/><T32/><D116/><U74/><E30/><V45/><F118/><W85/><G108/><T5/><D120/><U113/><E113/><V16/><F131/><W62/><G96/><T78/><D130/><U2/><E2/><V60/><F121/><W68/><G68/><T37/><D37/><U34/><E34/><V99/><F33/><W105/><G105/><T79/><D100/><U26/><E26/><V23/><F1/><W124/><G124/><T112/><D133/><U63/><E74/><V72/><F3/><W9/><G4/><T94/><D94/><U134/><E134/><V106/><F72/><W95/><G28/><T39/><D39/><U38/><E102/><V107/><F107/><W92/><G29/><T98/><D7/><U119/><E119/><V42/><F89/><W123/><G95/><T110/><D5/><U127/><E127/><V55/><F42/><N who="3" m="25079" /><G123/><T103/><D35/><U41/><E104/><V126/><F126/><W54/><AGARI ba="0,0" hai="9,10,54,58,62,77,82,85,86,90,92" m="25079" machi="54" ten="30,6000,0" yaku="8,1,52,2" doraHai="6" who="3" fromWho="3" sc="343,-20,283,-20,143,-20,231,60" /><INIT seed="3,1,0,3,5,84" ten="323,263,123,291" oya="3" hai0="78,25,46,102,96,110,44,50,30,29,122,115,83" hai1="95,87,9,3,61,65,108,22,119,124,125,106,77" hai2="40,130,82,15,129,93,64,28,4,6,131,0,109" hai3="69,66,20,94,47,72,132,49,126,21,118,121,85"/><W127/><G118/><T123/><D110/><U14/><E106/><V17/><F109/><W12/><G121/><T103/><D115/><U36/><E108/><V39/><F64/><W62/><G132/><T53/><D46/><U13/><E36/><V135/><F135/><W112/><G72/><T79/><D30/><U90/><E119/><V11/><F82/><W57/><G112/><T68/><D68/><N who="1" m="42031" /><E77/><V97/><F28/><W105/><G105/><T120/><D96/><U70/><E70/><V74/><F74/><W111/><G111/><T31/><D31/><U35/><E22/><V99/><F99/><W104/><G104/><T32/><REACH who="0" step="1"/><D79/><REACH who="0" ten="313,263,123,291" step="2"/><U101/><E35/><V81/><F81/><W24/><G69/><T27/><D27/><U52/><E101/><V100/><REACH who="2" step="1"/><F0/><REACH who="2" ten="313,263,113,291" step="2"/><W92/><G66/><T86/><AGARI ba="1,2" hai="25,29,32,44,50,53,78,83,86,102,103,120,122,123" machi="86" ten="30,4000,0" yaku="1,1,0,1,53,1" doraHai="84" doraHaiUra="42" who="0" fromWho="0" sc="313,63,263,-11,113,-11,291,-21" owari="376,47.6,252,-14.8,102,-39.8,270,7.0" /></mjloggm>