<mjloggm ver="2.3"><GO type="225" lobby="0"/><UN n0="%E9%80%9F%E6%B0%B4%E5%87%9B%E9%A6%99" n1="%E3%81%BE%E3%81%A8%E3%81%9F" n2="%41%54%53%4D" n3="%E6%A1%9C%E8%8A%B1%E9%96%83%E3%80%85" dan="16,16,16,17" rate="2092.02,2128.53,2094.92,2243.52" sx="F,M,M,M"/><TAIKYOKU oya="0"/><INIT seed="0,0,0,4,1,40" ten="250,250,250,250" oya="0" hai0="60,28,135,36,110,21,107,96,26,124,6,49,17" hai1="70,82,0,44,71,104,106,101,50,74,132,4,128" hai2="117,116,108,37,103,41,10,48,64,98,15,112,47" hai3="109,93,91,34,113,8,55,3,130,84,115,46,129"/><T68/><D36/><U111/><E111/><V45/><F112/><W20/><G34/><T95/><D110/><U121/><E121/><V99/><F64/><W134/><G109/><T53/><D135/><U65/><E132/><V69/><F69/><W62/><G134/><T76/><D124/><U114/><E128/><N who="3" m="49258" /><G20/><T118/><D118/><N who="2" m="45674" /><F108/><W13/><G3/><T94/><D6/><U9/><E114/><V59/><F59/><N who="3" m="35199" /><G46/><T38/><D38/><U75/><E65/><V29/><F29/><W25/><G25/><T1/><D76/><U27/><E27/><V73/><F73/><W61/><G61/><T5/><D5/><AGARI ba="0,0" hai="5,8,13,84,91,93,113,115" m="35199,49258" machi="5" ten="30,1000,0" yaku="19,1" doraHai="40" who="3" fromWho="0" sc="250,-10,250,0,250,0,250,10" /><INIT seed="1,0,0,3,2,70" ten="240,250,250,260" oya="1" hai0="44,102,91,1,40,56,125,120,134,59,90,71,96" hai1="122,65,68,94,6,135,9,131,104,58,105,15,42" hai2="47,87,52,130,97,18,116,27,86,51,17,62,108" hai3="129,11,24,83,118,23,3,32,8,121,14,4,20"/><U112/><E112/><V127/><F108/><W128/><G83/><T109/><D71/><U26/><E122/><V60/><F130/><N who="3" m="50283" /><G121/><T92/><D1/><U67/><E68/><V93/><F127/><W55/><G55/><T111/><D125/><U46/><E135/><V123/><F116/><W76/><G76/><T107/><D120/><U95/><E26/><V81/><F123/><W49/><G49/><T39/><D134/><U61/><E67/><V66/><F87/><W37/><G37/><T30/><D30/><U126/><E126/><V106/><F106/><W72/><G72/><T117/><D117/><U2/><E131/><V29/><F62/><W25/><G118/><T50/><D91/><U75/><E75/><V54/><F54/><W0/><G0/><T31/><D31/><U28/><E28/><V82/><F82/><W89/><G89/><T84/><REACH who="0" step="1"/><D50/><REACH who="0" ten="230,250,250,260" step="2"/><U119/><E119/><V79/><F29/><N who="3" m="19503" /><G24/><T73/><D73/><U115/><E2/><V5/><F27/><W98/><G98/><T132/><D132/><U21/><E115/><V114/><F114/><W12/><G3/><T35/><D35/><U80/><E104/><V38/><F38/><W48/><G48/><T100/><D100/><U34/><E105/><V110/><F110/><AGARI ba="0,1" hai="39,40,44,56,59,84,90,92,96,102,107,109,110,111" machi="110" ten="40,5200,0" yaku="1,1,14,1,52,1,53,0" doraHai="70" doraHaiUra="16" who="0" fromWho="2" sc="230,62,250,0,250,-52,260,0" /><INIT seed="2,0,0,2,2,92" ten="292,250,198,260" oya="2" hai0="112,14,24,90,31,55,86,135,32,1,42,16,85" hai1="3,89,131,72,52,105,34,17,28,58,40,75,15" hai2="78,25,46,111,127,47,124,82,110,57,79,69,23" hai3="5,128,43,26,121,94,29,13,132,67,96,61,64"/><V83/><F69/><W8/><G128/><T54/><D112/><U97/><E3/><V41/><F57/><W99/><G132/><T118/><D135/><U108/><E108/><N who="2" m="41515" /><F23/><N who="3" m="15583" /><G121/><T120/><D120/><U38/><E131/><V56/><F56/><N who="3" m="36903" /><G67/><T80/><D118/><U12/><E12/><V106/><F25/><W102/><G99/><T71/><D1/><U103/><E28/><V68/><F106/><W50/><G50/><T77/><D42/><AGARI ba="0,0" hai="5,8,13,42,43,94,96,102" m="36903,15583" machi="42" ten="30,3900,0" yaku="25,1,8,1,52,1" doraHai="92" who="3" fromWho="0" sc="292,-39,250,0,198,0,260,39" /><INIT seed="3,0,0,4,2,24" ten="253,250,198,299" oya="3" hai0="56,14,128,12,121,113,25,68,71,86,83,101,49" hai1="58,23,87,15,35,16,9,60,27,11,1,63,65" hai2="123,97,94,135,36,74,61,99,26,53,76,39,28" hai3="90,62,72,91,111,38,17,125,43,126,5,32,105"/><W108/><G32/><T104/><D121/><U85/><E35/><V110/><F123/><W42/><G105/><T127/><D128/><U124/><E124/><N who="3" m="47722" /><G72/><T59/><D127/><U40/><E40/><N who="3" m="15402" /><G38/><T67/><D113/><U130/><E130/><V34/><F110/><N who="3" m="42027" /><G5/><T132/><D132/><U95/><E95/><V116/><F135/><W117/><G117/><T18/><D104/><U19/><E1/><V13/><F116/><W88/><G17/><T55/><D18/><U0/><E0/><V84/><F13/><W92/><G62/><T31/><D12/><N who="1" m="7183" /><E63/><V48/><F61/><W75/><G75/><T41/><D14/><U52/><E65/><V133/><F133/><W44/><G44/><T37/><D67/><U115/><E115/><V131/><F131/><W100/><G100/><T22/><D101/><U30/><AGARI ba="0,0" hai="11,15,19,23,27,30,52,58,60,85,87" m="7183" machi="30" ten="30,7900,0" yaku="8,1,52,1,54,2" doraHai="24" who="1" fromWho="1" sc="253,-20,250,79,198,-20,299,-39" owari="233,-16.7,329,42.9,178,-32.2,260,6.0" /></mjloggm>