<mjloggm ver="2.3"><GO type="225" lobby="0"/><UN n0="%6D%75%75%6D%75%72%61" n1="%67%61%79%75%6E%79" n2="%E3%81%91%E3%83%BC%E3%81%9E%E3%81%88" n3="%E3%82%89%E3%81%84%E3%81%82%E3%82%93%E3%81%98%E3%82%83%E3%82%93" dan="16,16,16,17" rate="2204.01,2111.90,2167.06,2178.68" sx="F,M,M,M"/><TAIKYOKU oya="0"/><INIT seed="0,0,0,1,2,31" ten="250,250,250,250" oya="0" hai0="6,38,67,8,23,0,73,79,71,29,50,131,10" hai1="70,133,20,43,59,27,49,48,95,57,85,121,84" hai2="56,41,123,80,24,65,13,53,22,63,75,100,98" hai3="117,69,9,107,45,93,64,104,96,21,1,132,44"/><T83/><D131/><U108/><E70/><V87/><F123/><W128/><G117/><T5/><D38/><U14/><E121/><V125/><F125/><W135/><G128/><T91/><D71/><U120/><E120/><V62/><F75/><W66/><G21/><T4/><D67/><N who="3" m="25641" /><G69/><T52/><D91/><N who="1" m="53735" /><E108/><V35/><F35/><W16/><G16/><T90/><D90/><U58/><E133/><N who="3" m="51274" /><G9/><T92/><D92/><U74/><E74/><V99/><F41/><W126/><G1/><T37/><D37/><U118/><E118/><V105/><F99/><W34/><G34/><T112/><D112/><U119/><E119/><V82/><F13/><W40/><G126/><T18/><D29/><N who="1" m="17639" /><E43/><V106/><F106/><N who="3" m="40491" /><G40/><T51/><D52/><U102/><E102/><AGARI ba="0,0" hai="44,45,93,96,102" m="40491,51274,25641" machi="102" ten="30,1000,0" yaku="20,1" doraHai="31" who="3" fromWho="1" sc="250,0,250,-10,250,0,250,10" /><INIT seed="1,0,0,2,2,116" ten="250,240,250,260" oya="1" hai0="92,48,64,38,18,15,91,104,132,37,122,77,11" hai1="46,7,27,98,78,21,43,0,52,88,79,82,44" hai2="58,8,73,134,10,119,32,54,42,117,127,51,74" hai3="76,106,33,39,102,2,53,50,80,96,72,69,71"/><U113/><E113/><V118/><F32/><W16/><G39/><T34/><D104/><U28/><E0/><V107/><F107/><W99/><G33/><T126/><D132/><U97/><E7/><V84/><F127/><W24/><G2/><T57/><D126/><U128/><E128/><V3/><F134/><W133/><G96/><T36/><D34/><U70/><E70/><V19/><F3/><W111/><G133/><T45/><D77/><U47/><E43/><V83/><F42/><W87/><G72/><T13/><D13/><U35/><E35/><V101/><F101/><W109/><G16/><T49/><D122/><U94/><E98/><V62/><F62/><W20/><G20/><T115/><D115/><U108/><E108/><N who="3" m="41546" /><G24/><T60/><REACH who="0" step="1"/><D45/><AGARI ba="0,0" hai="45,50,53,69,71,76,80,87,99,102,106" m="41546" machi="45" ten="30,1000,0" yaku="14,1" doraHai="116" who="3" fromWho="0" sc="250,-10,240,0,250,0,260,10" /><INIT seed="2,0,0,0,5,55" ten="240,240,250,270" oya="2" hai0="95,49,107,36,13,9,94,124,61,47,19,17,130" hai1="76,38,4,113,59,74,85,45,8,7,44,106,66" hai2="10,112,52,69,115,24,23,25,70,14,123,67,71" hai3="48,125,11,105,32,110,40,90,60,91,80,98,35"/><V132/><F123/><W68/><G110/><T127/><D107/><U46/><E113/><V99/><F132/><W120/><G120/><T111/><D111/><U72/><E106/><V65/><F99/><W103/><G125/><N who="0" m="48203" /><D36/><U100/><E100/><V21/><F10/><W135/><G135/><T133/><D133/><U119/><E119/><V129/><F14/><W102/><G102/><T118/><D118/><U33/><E33/><V31/><F129/><W30/><G11/><T5/><D130/><U96/><E96/><V20/><F52/><W114/><G114/><T26/><D61/><U0/><E4/><V83/><F83/><W41/><G80/><T62/><D62/><U108/><E108/><V58/><F58/><W89/><G48/><T87/><D26/><N who="2" m="10346" /><F31/><W3/><G30/><T57/><D57/><U121/><E121/><V92/><F92/><N who="0" m="35370" /><D87/><U122/><E122/><V86/><F86/><W64/><G32/><T2/><D2/><U43/><E85/><V78/><F115/><W16/><G35/><T126/><N who="0" m="48211" /><T97/><DORA hai="75" /><D97/><U109/><E109/><V29/><F29/><W27/><G3/><T131/><D131/><U81/><E74/><V50/><F50/><W79/><G27/><T28/><D28/><U51/><E51/><V101/><F101/><W6/><G6/><T56/><D56/><U53/><E53/><AGARI ba="0,0" hai="5,9,13,17,19,47,49,53" m="35370,48211" machi="53" ten="40,1300,0" yaku="18,1" doraHai="55,75" who="0" fromWho="1" sc="240,13,240,-13,250,0,270,0" /><INIT seed="3,0,0,0,0,35" ten="253,227,250,270" oya="3" hai0="20,93,53,65,134,15,49,88,50,64,38,135,4" hai1="23,51,74,32,19,131,111,100,110,22,95,54,18" hai2="1,104,48,3,109,121,99,57,102,44,103,47,61" hai3="30,36,125,78,29,94,120,69,101,66,9,71,80"/><W39/><G120/><T87/><D38/><U127/><E74/><V43/><F121/><W12/><G125/><T70/><D70/><U46/><E32/><V67/><F109/><W42/><G71/><T58/><D49/><U108/><E127/><V11/><F103/><W114/><G114/><T116/><D116/><U118/><E131/><V113/><F113/><W17/><G42/><T85/><D85/><U72/><E72/><V81/><F11/><W60/><G36/><T13/><D4/><U2/><E118/><V90/><REACH who="2" step="1"/><F47/><REACH who="2" ten="253,227,240,270" step="2"/><W63/><G9/><T112/><D112/><U130/><E130/><V62/><F62/><W128/><G60/><T5/><D5/><U68/><E68/><V91/><F91/><W132/><G63/><T122/><D122/><U86/><E2/><V105/><F105/><W124/><G69/><T133/><D20/><N who="1" m="7723" /><E100/><V83/><F83/><W45/><G101/><T16/><D16/><U40/><E40/><V77/><F77/><W79/><G17/><T96/><D135/><U6/><E6/><V34/><F34/><W41/><G132/><T97/><D134/><U117/><E117/><V59/><F59/><W107/><G107/><T37/><D133/><U126/><E126/><V10/><F10/><W73/><G124/><T7/><D7/><U106/><E106/><V33/><F33/><W25/><G79/><T27/><D58/><U119/><E119/><V84/><AGARI ba="0,1" hai="1,3,43,44,48,57,61,67,81,84,90,99,102,104" machi="84" ten="30,7900,0" yaku="1,1,0,1,52,2,53,0" doraHai="35" doraHaiUra="21" who="2" fromWho="2" sc="253,-20,227,-20,240,89,270,-39" owari="233,3.3,207,-29.3,329,42.9,231,-16.9" /></mjloggm>