<mjloggm ver="2.3"><GO type="225" lobby="0"/><UN n0="%E5%B8%86%E7%AB%8B%E5%A4%8F%E8%A1%A3" n1="%72%69%6F%75%63%68%61%6E" n2="%E6%97%A5%E6%9B%9C%E6%97%A5%E3%82%88%E3%82%8A%E3%81%AE%E4%BD%BF%E8%80%85" n3="%E5%8F%AF%E5%85%90%E9%82%A3%E7%94%B1%E5%A4%9A" dan="17,16,16,16" rate="2154.53,2211.35,2150.30,2121.75" sx="M,M,M,F"/><TAIKYOKU oya="0"/><INIT seed="0,0,0,1,0,69" ten="250,250,250,250" oya="0" hai0="105,115,106,111,58,73,0,103,45,66,116,64,122" hai1="96,129,35,109,119,87,2,124,125,70,112,40,33" hai2="31,28,27,110,20,47,131,108,37,79,9,6,12" hai3="82,15,59,54,88,126,52,38,77,43,5,42,83"/><T60/><D115/><U34/><E119/><V29/><F79/><W44/><G126/><N who="1" m="48746" /><E112/><V3/><F131/><W133/><G133/><T48/><D116/><U23/><E70/><V50/><F37/><W121/><G121/><T78/><D122/><U61/><E2/><V130/><F130/><W68/><G68/><T25/><D0/><U100/><E129/><V7/><F50/><W11/><G43/><T75/><D111/><N who="2" m="42538" /><F47/><W91/><G83/><T56/><D25/><U49/><E109/><V128/><F128/><W65/><G65/><T30/><D30/><N who="2" m="11882" /><F3/><W24/><G24/><T123/><D123/><U55/><E87/><V51/><F51/><W14/><G14/><T32/><D32/><U4/><E4/><AGARI ba="0,0" hai="4,6,7,9,12,20,27,31" m="11882,42538" machi="4" ten="30,3900,0" yaku="14,1,34,2" doraHai="69" who="2" fromWho="1" sc="250,0,250,-39,250,39,250,0" /><INIT seed="1,0,0,0,5,92" ten="250,211,289,250" oya="1" hai0="120,94,33,47,87,68,65,67,53,112,115,84,32" hai1="100,130,106,79,52,116,11,109,0,81,76,12,88" hai2="72,135,23,85,69,18,42,51,121,71,98,117,91" hai3="19,96,10,122,97,75,26,22,2,25,48,5,59"/><U108/><E116/><V55/><F72/><W80/><G122/><T15/><D120/><U38/><E130/><V78/><F121/><W105/><G105/><T20/><D68/><U9/><E38/><V1/><F1/><W66/><G26/><T114/><D15/><U125/><E125/><V27/><F117/><W113/><G113/><T123/><D123/><U133/><E133/><V62/><F135/><W77/><REACH who="3" step="1"/><G48/><REACH who="3" ten="250,211,289,240" step="2"/><T103/><D115/><U21/><E106/><V127/><F27/><W7/><G7/><T56/><D114/><U129/><E129/><V57/><F127/><W4/><G4/><T95/><D112/><U50/><E0/><V63/><F51/><W90/><G90/><T36/><D103/><U74/><E100/><V119/><F91/><W60/><AGARI ba="0,1" hai="2,5,10,19,22,25,59,60,66,75,77,80,96,97" machi="60" ten="30,7900,0" yaku="1,1,0,1,52,2,53,0" doraHai="92" doraHaiUra="86" who="3" fromWho="3" sc="250,-20,211,-39,289,-20,240,89" /><INIT seed="2,0,0,3,0,72" ten="230,172,269,329" oya="2" hai0="36,96,31,115,80,84,121,21,119,111,12,126,33" hai1="92,123,116,131,65,118,48,67,58,106,40,30,13" hai2="49,66,1,89,20,54,94,82,125,62,79,32,37" hai3="71,57,61,130,69,101,14,43,55,38,133,10,108"/><V68/><F125/><W11/><G108/><T104/><D115/><U93/><E106/><V132/><F132/><W9/><G133/><T60/><D36/><U86/><E131/><V64/><F32/><W35/><G130/><T45/><D111/><U102/><E123/><V128/><F128/><W85/><G35/><T15/><D126/><U27/><E13/><V98/><F1/><W99/><G14/><T34/><D119/><U17/><E17/><V95/><F37/><W127/><G127/><T70/><D45/><U87/><E118/><V52/><F66/><N who="1" m="25097" /><E116/><V120/><F120/><W90/><G43/><T50/><D121/><U5/><E5/><V97/><F20/><W124/><G38/><T76/><D50/><U44/><E58/><V103/><REACH who="2" step="1"/><F49/><REACH who="2" ten="230,172,259,329" step="2"/><W81/><REACH who="3" step="1"/><G124/><REACH who="3" ten="230,172,259,319" step="2"/><T78/><D34/><U47/><E48/><V63/><F63/><W3/><G3/><T46/><D33/><U107/><E40/><V28/><F28/><W2/><G2/><T16/><D31/><U110/><E110/><V42/><F42/><W26/><G26/><T109/><D109/><U25/><E30/><V19/><F19/><W75/><G75/><AGARI ba="0,2" hai="52,54,62,64,68,75,79,82,89,94,95,97,98,103" machi="75" ten="30,12000,1" yaku="1,1,7,1,52,1,54,1,53,1" doraHai="72" doraHaiUra="56" who="2" fromWho="3" sc="230,0,172,0,259,140,319,-120" /><INIT seed="2,1,0,0,2,43" ten="230,172,399,199" oya="2" hai0="42,25,60,67,134,62,47,126,49,63,46,125,12" hai1="76,69,111,61,64,66,129,128,118,92,85,5,59" hai2="71,2,110,100,133,102,9,93,38,98,68,58,97" hai3="127,99,27,36,16,95,119,83,3,40,50,116,24"/><V80/><F38/><W10/><G36/><N who="0" m="21831" /><D12/><U115/><E118/><V94/><F133/><W84/><G127/><N who="0" m="48651" /><D25/><U130/><E111/><V30/><F110/><W32/><G119/><T103/><D103/><U23/><E115/><V11/><F30/><W109/><G109/><T70/><D134/><U26/><E5/><V41/><F41/><AGARI ba="1,0" hai="41,47,49,60,62,63,67,70" m="48651,21831" machi="41" ten="30,8000,1" yaku="18,1,34,2,52,2" doraHai="43" who="0" fromWho="2" sc="230,83,172,0,399,-83,199,0" /><INIT seed="3,0,0,1,1,105" ten="313,172,316,199" oya="3" hai0="19,68,30,127,65,119,29,91,95,46,133,2,57" hai1="130,110,60,128,52,99,45,129,80,28,51,78,6" hai2="102,0,47,5,7,86,83,1,103,33,35,69,109" hai3="89,25,32,66,55,56,132,23,31,20,17,125,62"/><W64/><G132/><T77/><D119/><U38/><E110/><V134/><F69/><W97/><G125/><T81/><D127/><U13/><E38/><V112/><F112/><W101/><G32/><T126/><D126/><U87/><E28/><N who="0" m="10857" /><D68/><U76/><E99/><V120/><F47/><W4/><G4/><T111/><D2/><U40/><E76/><V90/><F120/><W24/><G101/><N who="2" m="38409" /><F1/><W100/><G100/><T88/><D111/><U27/><E27/><V108/><F0/><W44/><G44/><T18/><D133/><U59/><E129/><V131/><F35/><W75/><G75/><T85/><D46/><U98/><E98/><V92/><F33/><W116/><G116/><T36/><D36/><U135/><E135/><V71/><F71/><W114/><G114/><T41/><D41/><U122/><E122/><V53/><F134/><W12/><G12/><T67/><D77/><U37/><E37/><V16/><F131/><W73/><G73/><T115/><D115/><U42/><E42/><V54/><F109/><W82/><G82/><T63/><D67/><U21/><E21/><V79/><F108/><W74/><G74/><T15/><D15/><U49/><E49/><V84/><F16/><W94/><AGARI ba="0,0" hai="17,20,23,24,25,31,55,56,62,64,66,89,94,97" machi="94" ten="30,11700,0" yaku="0,1,25,2,8,1" doraHai="105" who="3" fromWho="3" sc="313,-39,172,-39,316,-39,199,117" owari="274,-12.6,133,-36.7,277,7.7,316,41.6" /></mjloggm>