<mjloggm ver="2.3"><GO type="225" lobby="0"/><UN n0="%E3%81%A9%E3%82%8F%E3%82%93%E3%81%94" n1="%E3%82%82%E3%81%86%E3%81%93%E3%82%8A%E3%81%94%E3%82%8A%E3%82%89" n2="%E7%B4%94%E6%BD%94%E3%83%94%E3%83%A9%E3%83%8B%E3%82%A2" n3="%6D%75%75%6D%75%72%61" dan="16,16,18,16" rate="2137.37,2133.14,2196.65,2176.73" sx="M,M,M,F"/><TAIKYOKU oya="0"/><INIT seed="0,0,0,1,4,109" ten="250,250,250,250" oya="0" hai0="38,30,14,77,96,40,86,98,134,29,115,50,72" hai1="6,80,130,15,78,0,124,66,22,61,27,67,79" hai2="128,43,116,18,28,92,121,112,114,36,120,35,62" hai3="25,85,46,55,84,81,7,32,108,76,23,57,93"/><T131/><D72/><U2/><E130/><V102/><F18/><W111/><G32/><T44/><D131/><U8/><E124/><V20/><F20/><W100/><G7/><T97/><D134/><U106/><E106/><V105/><F92/><W104/><G104/><T21/><D115/><N who="2" m="44074" /><F62/><W49/><G57/><T26/><D38/><U47/><E47/><N who="2" m="24039" /><F128/><W118/><G118/><T132/><D132/><U64/><E61/><V73/><F73/><W13/><G13/><T51/><D50/><U69/><E69/><V31/><F31/><W117/><G117/><T58/><D14/><U5/><E5/><V17/><F17/><W91/><REACH who="3" step="1"/><G100/><REACH who="3" ten="250,250,250,240" step="2"/><T33/><D33/><U71/><E71/><V56/><F56/><W11/><G11/><T119/><D58/><U12/><E12/><V1/><F1/><W16/><AGARI ba="0,1" hai="16,23,25,46,49,55,76,81,84,85,91,93,108,111" machi="16" ten="30,4000,0" yaku="1,1,0,1,54,1,53,0" doraHai="109" doraHaiUra="94" who="3" fromWho="3" sc="250,-20,250,-10,250,-10,240,50" /><INIT seed="1,0,0,3,0,132" ten="230,240,240,290" oya="1" hai0="9,134,45,126,82,47,34,76,2,56,75,73,22" hai1="24,62,61,102,119,5,3,70,128,46,91,10,95" hai2="59,77,99,16,17,87,111,55,88,124,53,11,36" hai3="63,31,121,86,8,108,57,92,101,110,35,85,30"/><U106/><E119/><V27/><F111/><N who="3" m="42539" /><G121/><T37/><D34/><U93/><E128/><V120/><F120/><W29/><G35/><T48/><D134/><U43/><E106/><V116/><F36/><W67/><G8/><T118/><D118/><U18/><E102/><V51/><F116/><W94/><G94/><T84/><D56/><U71/><E95/><V15/><F124/><W123/><G123/><T100/><D100/><U20/><E71/><V79/><F99/><AGARI ba="0,0" hai="29,30,31,57,63,67,85,86,92,99,101" m="42539" machi="99" ten="30,1000,0" yaku="14,1" doraHai="132" who="3" fromWho="2" sc="230,0,240,0,240,-10,290,10" /><INIT seed="2,0,0,0,0,82" ten="230,240,230,300" oya="2" hai0="61,125,120,106,28,95,37,81,63,18,94,83,122" hai1="96,36,41,79,111,49,42,55,62,107,13,130,87" hai2="90,4,6,26,52,65,53,105,85,35,92,113,64" hai3="93,116,23,114,134,99,66,39,34,3,73,19,123"/><V22/><F35/><W128/><RYUUKYOKU type="yao9" ba="0,0" sc="230,0,240,0,230,0,300,0" hai3="3,19,23,34,39,66,73,93,99,114,116,123,128,134" /><INIT seed="2,1,0,2,4,131" ten="230,240,230,300" oya="2" hai0="98,111,30,27,81,135,119,67,105,118,56,77,22" hai1="107,14,41,70,112,10,32,3,45,87,68,57,49" hai2="109,78,11,93,34,55,89,75,33,71,15,44,42" hai3="20,128,99,123,23,6,36,94,66,122,129,59,61"/><V62/><F75/><W19/><G36/><T25/><D111/><U124/><E112/><V63/><F78/><W40/><G40/><T117/><D105/><U28/><E3/><V2/><F2/><W103/><G6/><T121/><D121/><U113/><E113/><V85/><F109/><W79/><G79/><T26/><D98/><U53/><E107/><V106/><F106/><W91/><G103/><T50/><D135/><U21/><E32/><V24/><F55/><W74/><G74/><N who="0" m="43191" /><D50/><U31/><E124/><V100/><F100/><W95/><G95/><T72/><D72/><U110/><E110/><V1/><F1/><W92/><G20/><T80/><D80/><U104/><E104/><V133/><F133/><W39/><G39/><T84/><D84/><U47/><E47/><V86/><F85/><W116/><G92/><T69/><D69/><U132/><E132/><V48/><F24/><N who="3" m="14463" /><G116/><N who="0" m="29699" /><T46/><DORA hai="130" /><D46/><U13/><E68/><V37/><F37/><W0/><G129/><T38/><D38/><U64/><E87/><V5/><REACH who="2" step="1"/><F71/><REACH who="2" ten="230,240,220,300" step="2"/><W17/><G128/><T108/><D108/><U4/><E70/><V18/><F18/><W7/><G17/><T88/><D88/><U114/><E114/><V43/><F43/><W90/><G90/><T120/><D120/><U60/><E41/><V58/><F58/><W73/><G73/><T12/><D12/><U101/><E101/><V9/><F9/><N who="3" m="2279" /><G123/><T134/><D134/><U125/><E125/><V8/><F8/><W127/><G122/><T115/><D115/><U102/><E102/><V35/><AGARI ba="1,1" hai="5,11,15,33,34,35,42,44,48,62,63,86,89,93" machi="35" ten="30,11700,0" yaku="1,1,5,1,0,1,53,1" doraHai="131,130" doraHaiUra="16,82" who="2" fromWho="2" sc="230,-40,240,-40,220,130,300,-40" /><INIT seed="2,2,0,4,5,59" ten="190,200,350,260" oya="2" hai0="98,13,107,85,36,2,58,49,48,94,130,24,96" hai1="22,113,40,134,86,118,41,31,78,25,15,39,91" hai2="35,37,0,124,105,52,30,42,14,81,72,75,6" hai3="46,57,128,17,71,77,47,123,125,10,61,89,9"/><V126/><F105/><W38/><G123/><T34/><D130/><U8/><E113/><V56/><F0/><W3/><G128/><T82/><D2/><U67/><E118/><V65/><F65/><W32/><G125/><N who="2" m="48233" /><F81/><W100/><G71/><T116/><D36/><U18/><E134/><V16/><F6/><W104/><G32/><T99/><D107/><U43/><E67/><V109/><F109/><W19/><G77/><N who="0" m="46287" /><D34/><U20/><E78/><V76/><F76/><W79/><G79/><T129/><D129/><U115/><E115/><V108/><F108/><W95/><G100/><N who="0" m="60439" /><D116/><U111/><E111/><V51/><F30/><W90/><G38/><T135/><D135/><U92/><REACH who="1" step="1"/><E39/><REACH who="1" ten="190,190,350,260" step="2"/><V80/><F37/><W88/><G89/><T33/><D33/><AGARI ba="2,1" hai="8,15,18,20,22,25,31,33,40,41,43,86,91,92" machi="33" ten="40,2600,0" yaku="1,1,2,1,53,0" doraHai="59" doraHaiUra="1" who="1" fromWho="0" sc="190,-32,190,42,350,0,260,0" /><INIT seed="3,0,0,0,2,78" ten="158,232,350,260" oya="3" hai0="64,14,62,52,120,128,2,126,24,73,85,79,11" hai1="47,105,127,132,103,68,42,134,48,82,44,28,45" hai2="3,66,97,40,19,119,86,5,116,30,41,23,17" hai3="98,100,9,32,133,114,21,80,104,57,83,112,1"/><W102/><G32/><T58/><D128/><U131/><E68/><V13/><F30/><W56/><G133/><N who="1" m="51306" /><E131/><V99/><F66/><W20/><G9/><T71/><D126/><U22/><E127/><V25/><F3/><W55/><G1/><T53/><D120/><U110/><E110/><V43/><F5/><W125/><G125/><T46/><D2/><U111/><E111/><V129/><F129/><W90/><G90/><T76/><D73/><U106/><E103/><V130/><F130/><W60/><G55/><T31/><D46/><N who="1" m="18027" /><E82/><V65/><F65/><W121/><G98/><T95/><D95/><U101/><E101/><V123/><F123/><W39/><G121/><T59/><D71/><U10/><E10/><V54/><F54/><W16/><G60/><T70/><D70/><U63/><E63/><V122/><F122/><W35/><G35/><T61/><D64/><U109/><E109/><V89/><F119/><W77/><G77/><T36/><D36/><U18/><E28/><V26/><F116/><W34/><G34/><T135/><D135/><U96/><E96/><N who="2" m="36939" /><F19/><W27/><G16/><T72/><D72/><U92/><E92/><AGARI ba="0,0" hai="13,17,23,25,26,40,41,43,86,89,92" m="36939" machi="92" ten="30,1000,0" yaku="8,1" doraHai="78" who="2" fromWho="1" sc="158,0,232,-10,350,10,260,0" owari="158,-34.2,222,-17.8,360,46.0,260,6.0" /></mjloggm>