<mjloggm ver="2.3"><GO type="225" lobby="0"/><UN n0="%6B%69%72%61%64%6F%6B%69" n1="%E6%B4%BE%E9%81%A3%E3%81%AE%E3%82%B8%E3%83%A3%E3%83%83%E3%82%AF" n2="%E3%80%93%E3%81%97%E3%83%BC%E3%82%89%E3%80%93" n3="%E3%83%A9%E3%83%BC%E3%83%A1%E3%83%B3%E4%BA%94%E9%83%8E" dan="16,17,16,16" rate="2113.23,2202.86,2115.95,2089.56" sx="M,M,M,M"/><TAIKYOKU oya="0"/><INIT seed="0,0,0,2,2,48" ten="250,250,250,250" oya="0" hai0="9,41,106,127,73,62,123,95,5,20,53,72,69" hai1="78,118,93,15,44,125,68,87,133,124,64,28,42" hai2="121,113,120,83,54,38,57,65,7,114,2,108,35" hai3="29,100,60,36,134,50,109,16,19,98,63,91,21"/><T55/><D106/><U33/><E118/><V51/><F83/><W31/><G36/><T49/><D123/><N who="2" m="47178" /><F35/><W52/><G109/><T110/><D110/><U26/><E133/><V10/><F10/><W11/><G134/><T39/><D20/><U61/><E15/><V90/><F7/><W4/><G91/><T102/><D39/><U46/><E78/><V130/><F90/><W80/><G80/><T116/><D116/><U22/><E33/><V3/><F3/><W122/><G122/><T18/><D127/><N who="1" m="48715" /><E42/><V112/><F2/><W12/><G19/><T67/><D18/><U132/><E132/><V8/><F8/><W77/><G77/><T32/><D32/><U135/><E135/><V107/><F107/><W126/><G126/><T24/><D24/><U6/><E6/><V13/><F13/><N who="3" m="5351" /><G98/><T103/><D72/><U23/><E23/><V47/><F108/><W131/><G100/><T89/><D73/><U74/><E74/><V117/><F117/><W14/><G14/><N who="0" m="5423" /><D103/><U45/><E87/><V25/><F25/><W88/><G88/><T79/><D102/><U129/><E93/><V94/><F94/><W99/><G99/><N who="0" m="57839" /><D79/><U70/><E70/><V85/><F85/><W82/><G82/><T96/><D96/><U104/><E104/><V43/><F130/><AGARI ba="0,0" hai="22,26,28,44,45,46,61,64,68,129,130" m="48715" machi="130" ten="40,1300,0" yaku="18,1" doraHai="48" who="1" fromWho="2" sc="250,0,250,13,250,-13,250,0" /><INIT seed="1,0,0,3,5,125" ten="250,263,237,250" oya="1" hai0="113,47,127,58,101,129,0,93,95,54,24,68,2" hai1="4,94,91,44,69,100,97,53,128,105,37,66,20" hai2="56,133,61,9,118,130,3,26,39,106,60,51,11" hai3="67,32,29,88,38,76,135,40,15,45,82,86,33"/><U102/><E4/><V6/><F106/><W31/><G135/><T17/><D113/><U90/><E69/><V111/><F39/><W27/><G67/><T36/><D127/><U48/><E66/><V73/><F73/><W131/><G15/><T117/><D117/><U81/><E37/><V126/><F126/><W19/><G19/><T8/><D68/><U13/><E105/><V23/><F118/><W98/><G131/><T114/><D114/><U43/><E128/><V104/><F104/><W112/><G112/><T74/><D74/><U64/><E64/><V30/><F130/><W77/><REACH who="3" step="1"/><G98/><REACH who="3" ten="250,263,237,240" step="2"/><T22/><D129/><U50/><E13/><V122/><F133/><W121/><G121/><T28/><D17/><U89/><E20/><V132/><F132/><W108/><G108/><T80/><D22/><U1/><E1/><V21/><F122/><W79/><G79/><T119/><D0/><U120/><E120/><V84/><F111/><W70/><G70/><T115/><D2/><U52/><E81/><V87/><F11/><W124/><G124/><T18/><D80/><U34/><E34/><V107/><F9/><W63/><G63/><N who="0" m="36311" /><D115/><U71/><E71/><V14/><F3/><W12/><G12/><N who="0" m="7431" /><D119/><U78/><E78/><V65/><F60/><W25/><AGARI ba="0,1" hai="25,27,29,31,32,33,38,40,45,76,77,82,86,88" machi="25" ten="30,12000,2" yaku="1,1,0,1,9,1,54,1,53,2" doraHai="125" doraHaiUra="75" who="3" fromWho="3" sc="250,-30,263,-60,237,-30,240,130" /><INIT seed="2,0,0,1,3,86" ten="220,203,207,370" oya="2" hai0="66,101,88,36,37,48,110,104,38,33,123,119,114" hai1="23,102,70,58,60,132,39,29,112,99,108,105,71" hai2="20,67,61,92,55,5,103,47,42,53,80,9,63" hai3="85,109,74,113,125,127,8,121,77,11,87,49,44"/><V40/><F80/><N who="3" m="45111" /><G121/><T129/><D123/><U94/><E112/><V100/><F20/><W76/><G109/><T78/><D114/><U69/><E39/><V89/><F103/><W98/><G98/><T56/><D33/><U43/><E43/><V97/><F100/><W117/><G117/><T21/><D78/><U135/><E108/><V126/><F126/><N who="3" m="48139" /><G113/><T46/><D110/><U34/><E34/><V3/><F42/><N who="3" m="24727" /><G76/><T1/><D119/><U134/><E105/><V14/><F3/><W124/><G124/><T4/><D1/><U120/><E120/><V62/><REACH who="2" step="1"/><F67/><REACH who="2" ten="220,203,197,370" step="2"/><W116/><G116/><T133/><D66/><N who="1" m="39191" /><E23/><V83/><F83/><W96/><G8/><T2/><D21/><U54/><E29/><V118/><F118/><W22/><G11/><T17/><D2/><U10/><E10/><V68/><F68/><W7/><G22/><T130/><D101/><U79/><E79/><V82/><F82/><W75/><G75/><T50/><D104/><U122/><E122/><V81/><F81/><W64/><G64/><T52/><D129/><U93/><E93/><V106/><F106/><W91/><G7/><T107/><D130/><U59/><E69/><V28/><F28/><W95/><AGARI ba="0,1" hai="85,87,91,95,96" m="24727,48139,45111" machi="95" ten="30,2000,0" yaku="18,1,52,1" doraHai="86" who="3" fromWho="3" sc="220,-5,203,-5,197,-10,370,30" /><INIT seed="3,0,0,0,0,42" ten="215,198,187,400" oya="3" hai0="80,135,43,1,89,36,47,86,51,95,14,30,66" hai1="94,41,11,93,4,110,88,19,8,45,96,54,108" hai2="24,52,10,111,20,33,62,103,34,58,65,112,23" hai3="53,31,73,120,109,132,15,76,77,105,50,17,128"/><W37/><G105/><T87/><D1/><U68/><E68/><V133/><F112/><W81/><G37/><T7/><D135/><U21/><E54/><V57/><F133/><W116/><G116/><T46/><D30/><U49/><E94/><V125/><F125/><W75/><G109/><N who="1" m="42090" /><E4/><V104/><F111/><W101/><G120/><T91/><D66/><U28/><E28/><V13/><F103/><W74/><G101/><T26/><D26/><AGARI ba="0,0" hai="8,11,19,21,26,41,45,49,88,93,96" m="42090" machi="26" ten="30,3900,0" yaku="14,1,52,1,54,1" doraHai="42" who="1" fromWho="0" sc="215,-39,198,39,187,0,400,0" owari="176,-32.4,237,3.7,187,-21.3,400,50.0" /></mjloggm>