<mjloggm ver="2.3"><GO type="225" lobby="0"/><UN n0="%E6%97%A5%E6%9B%9C%E6%97%A5%E3%82%88%E3%82%8A%E3%81%AE%E4%BD%BF%E8%80%85" n1="%E3%82%A2%E3%83%BC%E3%83%A2%E3%83%AD%E3%83%BC%E3%83%B4%E3%82%A1" n2="%E6%80%AA%E3%81%97%E3%81%99%E3%81%8E%E3%82%8B%E3%83%81%E3%83%BC" n3="%72%61%6B%33" dan="17,16,16,17" rate="2174.34,2143.98,2104.61,2270.23" sx="M,M,M,M"/><TAIKYOKU oya="0"/><INIT seed="0,0,0,2,3,75" ten="250,250,250,250" oya="0" hai0="48,27,0,42,11,89,34,15,7,102,46,113,38" hai1="132,84,80,104,39,4,87,64,77,120,56,121,135" hai2="65,133,101,103,23,69,70,106,31,98,130,71,57" hai3="52,110,53,29,55,109,17,59,115,58,118,9,79"/><T127/><D113/><U93/><E39/><V22/><F133/><N who="1" m="51273" /><E4/><V45/><F130/><W62/><G115/><T105/><D127/><U97/><E56/><V90/><F103/><W40/><G118/><T114/><D114/><U33/><E64/><V134/><F134/><W43/><G29/><T85/><D48/><U24/><E24/><V32/><F90/><W1/><G79/><T107/><D102/><N who="1" m="62543" /><E33/><V54/><F45/><W60/><G55/><T119/><D119/><U112/><E112/><V6/><F6/><W82/><G82/><T122/><D122/><N who="1" m="47211" /><E93/><V86/><F65/><W99/><G1/><T3/><D3/><U67/><E67/><V126/><F32/><W35/><G35/><T73/><D0/><U12/><E12/><V25/><F23/><W68/><G68/><T78/><D27/><U61/><E61/><V41/><F41/><W13/><REACH who="3" step="1"/><G99/><REACH who="3" ten="250,250,250,240" step="2"/><T2/><D34/><U20/><E20/><V50/><F69/><W124/><G124/><T44/><D2/><U95/><E95/><V111/><F126/><W94/><G94/><N who="0" m="54575" /><D107/><U30/><E30/><V128/><F70/><W116/><G116/><T123/><D105/><U14/><E14/><V16/><F71/><W18/><G18/><T96/><D123/><U28/><E28/><V131/><F31/><W5/><G5/><T49/><D96/><U47/><E87/><V37/><F86/><W63/><G63/><T83/><D46/><AGARI ba="0,1" hai="46,47,77,80,84" m="47211,62543,51273" machi="46" ten="30,2000,0" yaku="20,1,52,1" doraHai="75" who="1" fromWho="0" sc="250,-20,250,30,250,0,240,0" /><INIT seed="1,0,0,4,3,125" ten="230,280,250,240" oya="1" hai0="107,119,72,95,7,120,10,64,45,114,73,100,50" hai1="60,32,33,106,76,12,61,17,42,85,96,103,124" hai2="23,65,68,122,82,88,26,36,49,92,11,15,52" hai3="30,132,66,130,115,29,87,133,21,70,41,43,86"/><U129/><E124/><V135/><F122/><W123/><G21/><T0/><D119/><U16/><E42/><V128/><F128/><W3/><G3/><T90/><D114/><U59/><E129/><V51/><F135/><W67/><G70/><T24/><D120/><U118/><E118/><V53/><F36/><W74/><G74/><T31/><D64/><U22/><E61/><V38/><F38/><W91/><G123/><T55/><D100/><U1/><E1/><V99/><F68/><W44/><G91/><T63/><D63/><U77/><E17/><N who="2" m="8447" /><F65/><W94/><G94/><T27/><D107/><U54/><REACH who="1" step="1"/><E85/><REACH who="1" ten="230,270,250,240" step="2"/><N who="2" m="50231" /><F49/><W28/><G130/><T34/><REACH who="0" step="1"/><D27/><REACH who="0" ten="220,270,250,240" step="2"/><U9/><E9/><V14/><F26/><W101/><G133/><T108/><D108/><U83/><E83/><V56/><F51/><W134/><G132/><T89/><D89/><U8/><E8/><V75/><F75/><W105/><G134/><T57/><D57/><U5/><E5/><V79/><F56/><W39/><G39/><T84/><AGARI ba="0,2" hai="0,7,10,24,31,34,45,50,55,72,73,84,90,95" machi="84" ten="20,2700,0" yaku="1,1,0,1,7,1,53,0" doraHai="125" doraHaiUra="97" who="0" fromWho="0" sc="220,47,270,-13,250,-7,240,-7" /><INIT seed="2,0,0,0,0,123" ten="267,257,243,233" oya="2" hai0="24,39,48,128,56,106,18,85,78,105,71,86,22" hai1="23,87,46,15,7,130,127,132,36,93,76,37,11" hai2="14,1,109,60,6,129,9,13,62,84,57,12,134" hai3="107,30,58,104,102,114,61,100,70,103,77,51,44"/><V115/><F115/><W98/><G114/><T40/><D71/><U88/><E130/><V95/><F129/><W131/><G131/><T45/><D128/><U65/><E132/><V21/><F134/><W112/><G112/><T42/><D78/><U121/><E127/><V110/><F21/><W90/><G70/><T54/><REACH who="0" step="1"/><D42/><REACH who="0" ten="257,257,243,233" step="2"/><U80/><E121/><V116/><F57/><W63/><G77/><T122/><D122/><U31/><E46/><V25/><F116/><W10/><G58/><T96/><D96/><U33/><E65/><V101/><F109/><W41/><G98/><T113/><D113/><U92/><E76/><V59/><F110/><W5/><G41/><T19/><D19/><U108/><E108/><V47/><F59/><W0/><G44/><T66/><D66/><U68/><E68/><V83/><F47/><W73/><G73/><T2/><D2/><U29/><E87/><AGARI ba="0,1" hai="18,22,24,39,40,45,48,54,56,85,86,87,105,106" machi="87" ten="40,1300,0" yaku="1,1,53,0" doraHai="123" doraHaiUra="64" who="0" fromWho="1" sc="257,23,257,-13,243,0,233,0" /><INIT seed="3,0,0,3,0,54" ten="280,244,243,233" oya="3" hai0="122,106,113,109,29,115,99,16,36,25,67,133,127" hai1="47,8,124,10,34,5,14,30,114,31,111,43,0" hai2="7,42,108,134,110,123,79,44,33,132,130,35,37" hai3="116,84,51,70,23,81,78,105,94,135,71,118,117"/><W2/><G2/><T62/><D122/><U46/><E114/><N who="0" m="43529" /><D109/><N who="2" m="42090" /><F123/><W131/><G105/><T66/><D127/><U92/><E111/><V39/><F130/><W126/><G131/><T100/><D133/><N who="2" m="51306" /><F37/><W85/><G135/><T82/><D36/><U103/><E34/><N who="2" m="12811" /><F79/><W57/><G126/><T49/><D82/><U104/><E124/><V89/><F7/><W90/><REACH who="3" step="1"/><G23/><REACH who="3" ten="280,244,243,223" step="2"/><T18/><D106/><U1/><E104/><V119/><F89/><W73/><G73/><T125/><D125/><U11/><E0/><V50/><F39/><W58/><G58/><T96/><D100/><U98/><E1/><V87/><F87/><W38/><G38/><T64/><D99/><U83/><E98/><V80/><F80/><W65/><G65/><T59/><D96/><U128/><E128/><V60/><F119/><W22/><G22/><N who="0" m="15543" /><D49/><U91/><E83/><V55/><F60/><W61/><G61/><T41/><D41/><AGARI ba="0,1" hai="41,42,44,50,55" m="12811,51306,42090" machi="41" ten="40,2600,0" yaku="14,1,20,1" doraHai="54" who="2" fromWho="0" sc="280,-26,244,0,243,36,223,0" /><INIT seed="4,0,0,5,3,95" ten="254,244,279,223" oya="0" hai0="45,102,104,60,47,8,0,118,39,132,18,106,49" hai1="92,19,98,31,135,74,70,36,33,6,129,94,41" hai2="27,64,87,48,103,72,89,23,10,3,110,50,30" hai3="123,121,108,100,115,122,68,16,63,44,29,88,127"/><T96/><D118/><U37/><E70/><V128/><F72/><W13/><G108/><T59/><D132/><U14/><E74/><V51/><F110/><W42/><G115/><T25/><D39/><U40/><E6/><V116/><F116/><W22/><G127/><T32/><D106/><U93/><E135/><V90/><F128/><W28/><G100/><T114/><D114/><U55/><E129/><V77/><F30/><W38/><REACH who="3" step="1"/><G88/><REACH who="3" ten="254,244,279,213" step="2"/><T15/><D0/><U56/><E92/><V52/><F103/><W76/><G76/><T67/><REACH who="0" step="1"/><D49/><REACH who="0" ten="244,244,279,213" step="2"/><U111/><E111/><V57/><F48/><W79/><G79/><T125/><D125/><U133/><E133/><V75/><F50/><W4/><G4/><T86/><D86/><U134/><E134/><V113/><F51/><W43/><G43/><T21/><D21/><U84/><E37/><V80/><F23/><W78/><G78/><T58/><D58/><U5/><E5/><V126/><F57/><W66/><AGARI ba="0,2" hai="13,16,22,28,29,38,42,44,63,66,68,121,122,123" machi="66" ten="40,8000,1" yaku="1,1,0,1,13,1,54,1,53,0" doraHai="95" doraHaiUra="105" who="3" fromWho="3" sc="244,-40,244,-20,279,-20,213,100" owari="204,-29.6,224,-17.6,259,5.9,313,41.3" /></mjloggm>