<mjloggm ver="2.3"><GO type="225" lobby="0"/><UN n0="%E3%82%B2%E3%82%B9%E8%8C%82%E5%8B%9D" n1="%E8%B6%85%E7%B4%9A%E9%B3%B3%E5%87%B0" n2="%72%61%6B%33" n3="%E9%98%BF%E9%83%A8%E5%AF%9B%EF%BC%A0%E9%B3%B3%E5%8D%93" dan="16,16,16,16" rate="2044.57,2107.30,2068.34,2130.74" sx="F,M,M,F"/><TAIKYOKU oya="0"/><INIT seed="0,0,0,5,4,59" ten="250,250,250,250" oya="0" hai0="42,5,127,89,41,83,71,126,107,33,75,40,88" hai1="44,85,8,18,1,86,82,74,50,69,134,63,35" hai2="79,135,112,29,12,2,15,36,72,26,37,114,16" hai3="27,122,58,7,49,68,81,31,105,47,125,80,93"/><T23/><D33/><U21/><E35/><V0/><F79/><W3/><G105/><T51/><D107/><U119/><E119/><V95/><F72/><W106/><G68/><T9/><D71/><U19/><E134/><V57/><F95/><W76/><G106/><T132/><D132/><U45/><E74/><V39/><F135/><W108/><G108/><T121/><D121/><U43/><E45/><V61/><F12/><W38/><G38/><T118/><D23/><U97/><E97/><V4/><F4/><W99/><G7/><T30/><D30/><U91/><E21/><V62/><F2/><W53/><G3/><T103/><D103/><U6/><REACH who="1" step="1"/><E86/><REACH who="1" ten="250,240,250,250" step="2"/><V28/><F114/><W124/><G122/><T11/><D118/><U73/><E73/><V94/><F112/><W104/><G47/><T96/><D96/><U52/><E52/><V65/><F36/><W66/><G125/><T20/><D126/><U109/><E109/><V101/><F37/><W32/><G124/><T92/><D20/><U100/><E100/><V115/><F39/><W111/><G111/><T129/><D127/><U64/><AGARI ba="0,1" hai="1,6,8,18,19,43,44,50,63,64,69,82,85,91" machi="64" ten="30,4000,0" yaku="1,1,0,1,52,1,53,0" doraHai="59" doraHaiUra="116" who="1" fromWho="1" sc="250,-20,240,50,250,-10,250,-10" /><INIT seed="1,0,0,5,5,96" ten="230,290,240,240" oya="1" hai0="123,68,12,30,66,98,71,36,118,86,10,104,47" hai1="50,61,117,100,111,57,3,129,116,106,29,44,122" hai2="109,130,15,128,93,107,79,38,13,108,126,52,62" hai3="99,40,87,31,102,25,37,119,18,19,34,127,56"/><U58/><E122/><V53/><F107/><W84/><G127/><T80/><D118/><U48/><E3/><V28/><F126/><W46/><G119/><T81/><D123/><U125/><E125/><V76/><F38/><W78/><G56/><T65/><D30/><U49/><E129/><N who="2" m="49771" /><F28/><W90/><G78/><N who="2" m="29737" /><F93/><W39/><G37/><T112/><D112/><U32/><E111/><N who="2" m="42571" /><F62/><W70/><G31/><T27/><D104/><U9/><E61/><V1/><F1/><W33/><G39/><T95/><D36/><U101/><E29/><V91/><F91/><W94/><G90/><T8/><D95/><U77/><E106/><V103/><F103/><W114/><G102/><T67/><D71/><U24/><E101/><V60/><F60/><W42/><G70/><T11/><D68/><U64/><E100/><V110/><N who="2" m="42579" /><V23/><DORA hai="35" /><F23/><W5/><G94/><T63/><D63/><U41/><E116/><V83/><F83/><W2/><G2/><T7/><D80/><U133/><E117/><V4/><F4/><W113/><G5/><T45/><D67/><U6/><E64/><V51/><F53/><W131/><G131/><T54/><D66/><U22/><E6/><V75/><F75/><W134/><G34/><T82/><D65/><U124/><E22/><V72/><F72/><W115/><G33/><T69/><D54/><U121/><E32/><V85/><F85/><W43/><G114/><T17/><D69/><U0/><E124/><V74/><F74/><W135/><G113/><T89/><D81/><U88/><E0/><V21/><F21/><RYUUKYOKU ba="0,0" sc="230,-10,290,-10,240,30,240,-10" hai2="13,15,51,52" /><INIT seed="2,1,0,5,3,78" ten="220,280,270,230" oya="2" hai0="125,49,66,87,29,14,12,53,114,13,47,127,57" hai1="35,22,83,94,32,129,20,9,88,5,110,96,17" hai2="27,104,42,4,23,25,126,11,81,79,64,120,67" hai3="24,3,70,77,56,124,93,48,18,52,108,135,72"/><V111/><F120/><W76/><G108/><T106/><D114/><U65/><E110/><V71/><F111/><W92/><G124/><N who="0" m="47691" /><D106/><U100/><E129/><V103/><F126/><W98/><G135/><T102/><D102/><U46/><E65/><V86/><F42/><W89/><G3/><T36/><D29/><U122/><E122/><V10/><F10/><W28/><G70/><T61/><D36/><U116/><E116/><V7/><F7/><W80/><G77/><T91/><D14/><U134/><E134/><V95/><F104/><W16/><REACH who="3" step="1"/><G92/><AGARI ba="1,0" hai="12,13,47,49,53,57,61,66,87,91,92" m="47691" machi="92" ten="30,1000,0" yaku="18,1" doraHai="78" who="0" fromWho="3" sc="220,13,280,0,270,0,230,-13" /><INIT seed="3,0,0,5,2,8" ten="233,280,270,217" oya="3" hai0="22,73,52,120,91,7,0,111,68,34,23,106,33" hai1="123,95,55,77,4,100,86,20,18,93,21,113,83" hai2="42,70,41,13,27,17,1,40,26,134,62,53,94" hai3="121,30,25,11,6,16,10,114,37,79,99,60,103"/><W116/><G114/><T57/><D68/><U96/><E113/><V135/><F1/><W63/><G116/><T122/><D73/><U2/><E123/><V39/><F39/><W104/><G121/><T69/><D69/><U124/><E124/><V29/><F94/><W118/><G118/><T87/><D106/><U71/><E71/><V36/><F36/><W35/><G37/><T45/><D45/><U105/><E20/><V3/><F3/><W51/><G79/><T128/><D120/><U127/><E127/><V76/><F76/><W12/><REACH who="3" step="1"/><G51/><REACH who="3" ten="233,280,270,207" step="2"/><T97/><D122/><U115/><E115/><V109/><F135/><W28/><G28/><T59/><D128/><U31/><E31/><V108/><F134/><W85/><G85/><T101/><D87/><U24/><E77/><V48/><F29/><W133/><G133/><T47/><D34/><U64/><E86/><V65/><F109/><W119/><G119/><T38/><D111/><U126/><E126/><V61/><F108/><W130/><G130/><T50/><D33/><U14/><E96/><V112/><F112/><W15/><AGARI ba="0,1" hai="6,10,11,12,15,16,25,30,35,60,63,99,103,104" machi="15" ten="20,18000,2" yaku="1,1,0,1,7,1,52,2,54,1,53,1" doraHai="8" doraHaiUra="92" who="3" fromWho="3" sc="233,-60,280,-60,270,-60,207,190" owari="173,-32.7,220,2.0,210,-19.0,397,49.7" /></mjloggm>