<mjloggm ver="2.3"><GO type="225" lobby="0"/><UN n0="%28%EF%BF%A3%E2%96%BD%EF%BF%A3%29%CE%B4%E2%8C%92%E3%83%BB" n1="%33%74%72%65%65" n2="%4C%4F%4C%49%54%41" n3="%72%69%6F%75%63%68%61%6E" dan="16,16,16,17" rate="2145.97,2171.80,2181.33,2262.99" sx="M,F,F,M"/><TAIKYOKU oya="0"/><INIT seed="0,0,0,2,5,62" ten="250,250,250,250" oya="0" hai0="65,130,16,118,11,58,32,53,23,69,90,29,36" hai1="97,96,37,10,57,6,4,60,88,19,82,107,18" hai2="116,77,5,95,129,89,87,52,98,81,108,44,34" hai3="79,120,68,2,78,114,94,13,21,47,133,66,49"/><T0/><D36/><U59/><E37/><V70/><F34/><W73/><G114/><T122/><D122/><U126/><E126/><V80/><F70/><W119/><G119/><T101/><D118/><U26/><E107/><V12/><F108/><W40/><G120/><T27/><D130/><U61/><E26/><V56/><F116/><W85/><G133/><T25/><D101/><U127/><E127/><V46/><F129/><W111/><G111/><T103/><D103/><U42/><E42/><V67/><F67/><W102/><G2/><T24/><D69/><U125/><E125/><V3/><F3/><W99/><G73/><T50/><D90/><U64/><E96/><V113/><F113/><W15/><G21/><T134/><D134/><U41/><E41/><V75/><F12/><W63/><REACH who="3" step="1"/><G78/><REACH who="3" ten="250,250,250,240" step="2"/><T22/><D0/><U112/><E112/><V43/><F43/><W8/><G8/><T93/><D11/><U17/><E10/><V91/><REACH who="2" step="1"/><F5/><REACH who="2" ten="250,250,240,240" step="2"/><W105/><G105/><T54/><D29/><U115/><E115/><V100/><F100/><W121/><G121/><T9/><D32/><U86/><REACH who="1" step="1"/><E97/><REACH who="1" ten="250,240,240,240" step="2"/><V28/><F28/><W14/><G14/><T38/><D9/><U117/><E117/><V71/><F71/><W106/><G106/><T30/><D23/><U51/><E51/><AGARI ba="0,3" hai="44,46,51,52,56,75,77,80,81,87,89,91,95,98" machi="51" ten="30,7700,0" yaku="1,1,7,1,54,1,53,1" doraHai="62" doraHaiUra="55" who="2" fromWho="1" sc="250,0,240,-77,240,107,240,0" /><INIT seed="1,0,0,3,3,85" ten="250,163,347,240" oya="1" hai0="2,58,40,133,103,128,129,31,86,8,5,87,119" hai1="101,16,127,99,30,97,116,93,96,1,121,81,25" hai2="66,120,48,28,24,132,59,39,18,104,113,94,82" hai3="60,130,107,118,21,123,125,105,75,43,92,32,89"/><U109/><E116/><V122/><F104/><W7/><G123/><T38/><D119/><U98/><E121/><V62/><F39/><W65/><G118/><T102/><D133/><U100/><E1/><V63/><F132/><W47/><G32/><T108/><D31/><U22/><E127/><V4/><F113/><W0/><G75/><T111/><D58/><U72/><E109/><N who="0" m="42057" /><D40/><U26/><E72/><V36/><F36/><W33/><G130/><N who="0" m="50283" /><D38/><U51/><E81/><V54/><F82/><W29/><G33/><T68/><D68/><U34/><REACH who="1" step="1"/><E51/><REACH who="1" ten="250,153,347,240" step="2"/><V77/><F48/><W76/><G125/><T27/><D2/><U131/><E131/><V74/><F120/><W3/><G3/><N who="0" m="63" /><D27/><U10/><E10/><V90/><F24/><W95/><G0/><T53/><D53/><U71/><E71/><V73/><F54/><W112/><G43/><T19/><D19/><U124/><E124/><V49/><F18/><W42/><G42/><T115/><D115/><U57/><E57/><V80/><F59/><W46/><G112/><T79/><D79/><U11/><E11/><V88/><F77/><W35/><G76/><T106/><D106/><AGARI ba="0,1" hai="16,22,25,26,30,34,93,96,97,98,99,100,101,106" machi="106" ten="30,11600,0" yaku="1,1,7,1,54,1,53,1" doraHai="85" doraHaiUra="17" who="1" fromWho="0" sc="250,-116,153,126,347,0,240,0" /><INIT seed="1,1,0,0,1,76" ten="134,279,347,240" oya="1" hai0="109,101,113,11,26,29,23,5,49,79,53,32,9" hai1="135,40,110,112,69,104,126,45,108,8,24,22,51" hai2="90,133,95,20,127,56,86,37,130,2,0,118,66" hai3="74,52,57,92,17,93,116,55,3,30,18,120,39"/><U27/><E112/><V64/><F118/><W34/><G120/><T35/><D113/><U84/><E135/><V58/><F37/><W43/><G116/><T73/><D109/><N who="1" m="42091" /><E126/><V48/><F133/><W59/><G74/><T103/><D32/><U124/><E124/><V61/><F127/><W71/><G71/><T81/><D35/><U19/><E104/><V100/><F130/><W15/><G3/><T16/><D29/><U41/><E69/><V117/><F117/><W80/><G34/><T1/><REACH who="0" step="1"/><D11/><REACH who="0" ten="124,279,347,240" step="2"/><U77/><E8/><V38/><F20/><W134/><G30/><T47/><AGARI ba="1,1" hai="1,5,9,16,23,26,47,49,53,73,79,81,101,103" machi="47" ten="20,12000,2" yaku="1,1,2,1,0,1,7,1,52,1,54,1,53,1" doraHai="76" doraHaiUra="33" who="0" fromWho="0" sc="124,133,279,-61,347,-31,240,-31" /><INIT seed="2,0,0,3,5,114" ten="257,218,316,209" oya="2" hai0="65,81,0,37,68,16,71,46,22,116,47,52,97" hai1="89,94,72,14,120,83,102,82,59,125,121,98,76" hai2="64,3,42,86,55,21,67,107,26,49,91,127,60" hai3="103,7,20,63,36,93,17,130,105,56,74,23,110"/><V106/><F3/><W131/><G110/><T31/><D0/><U96/><E14/><V129/><F42/><W75/><G105/><T84/><D31/><U132/><E59/><V77/><F127/><W57/><G36/><T43/><D65/><U51/><E51/><V15/><F15/><W134/><G134/><T90/><D116/><U88/><E132/><V109/><F77/><W119/><G7/><T2/><D2/><U39/><E39/><V113/><F129/><N who="3" m="49163" /><G119/><T101/><D47/><U54/><E54/><V124/><F113/><W126/><G126/><T135/><D52/><U24/><E24/><V80/><F64/><N who="3" m="39015" /><G57/><T5/><D5/><U32/><E32/><V41/><F109/><W53/><G53/><T87/><D87/><N who="1" m="50295" /><E125/><V12/><F41/><W13/><G20/><T122/><D122/><U25/><E25/><V33/><F33/><W118/><G118/><T34/><D34/><U4/><E4/><V100/><F26/><W128/><N who="3" m="49171" /><W95/><DORA hai="1" /><G103/><T115/><D115/><U133/><E133/><V19/><F100/><W45/><G45/><T85/><D85/><U8/><E8/><V58/><F124/><W108/><G108/><T40/><D40/><U28/><E28/><V11/><F21/><W27/><G27/><N who="0" m="14791" /><D135/><U29/><E29/><V35/><F35/><W38/><G38/><T10/><D10/><U111/><E111/><V61/><F61/><W50/><G50/><T112/><D112/><U92/><AGARI ba="0,0" hai="72,76,83,89,92,94,96,98,102,120,121" m="50295" machi="92" ten="30,4000,0" yaku="34,2,54,1" doraHai="114,1" who="1" fromWho="1" sc="257,-10,218,40,316,-20,209,-10" /><INIT seed="3,0,0,5,2,81" ten="247,258,296,199" oya="3" hai0="63,61,116,92,82,10,134,15,97,50,17,130,38" hai1="16,53,133,129,109,102,21,58,55,45,131,33,48" hai2="76,46,104,49,44,84,25,3,2,78,41,106,75" hai3="19,7,26,118,4,64,22,107,89,60,51,28,54"/><W96/><G118/><T128/><D38/><U34/><E102/><V1/><F75/><W42/><G42/><T94/><D116/><U40/><E109/><V100/><F25/><W125/><G125/><T124/><D124/><U112/><E112/><V119/><F119/><W108/><G108/><T113/><D113/><U30/><E133/><V14/><F14/><W59/><G28/><T132/><D82/><U5/><E5/><V20/><F20/><W121/><G121/><T126/><D50/><U57/><E30/><V79/><F100/><W37/><G37/><T83/><D83/><U71/><E71/><V123/><F123/><W11/><G11/><T120/><D120/><U68/><E68/><V117/><F117/><W111/><G111/><T67/><D126/><U47/><E40/><V9/><F84/><W6/><G107/><T105/><D105/><U87/><E87/><V93/><F93/><N who="0" m="35946" /><D97/><U85/><E85/><V115/><F115/><W43/><G43/><T72/><D72/><U32/><E47/><V80/><F80/><W69/><REACH who="3" step="1"/><G89/><REACH who="3" ten="247,258,296,189" step="2"/><T114/><D114/><U31/><E31/><V99/><F106/><W74/><G74/><T18/><D10/><U0/><E0/><V35/><F9/><W39/><G39/><T70/><D134/><U103/><E103/><N who="2" m="62591" /><F2/><W65/><G65/><T66/><D132/><U62/><REACH who="1" step="1"/><E45/><REACH who="1" ten="247,248,296,189" step="2"/><N who="2" m="25775" /><F1/><W13/><G13/><AGARI ba="0,2" hai="13,16,21,32,33,34,48,53,55,57,58,62,129,131" machi="13" ten="40,5200,0" yaku="1,1,54,1,53,1" doraHai="81" doraHaiUra="8" who="1" fromWho="3" sc="247,0,248,72,296,0,189,-52" owari="247,-15.3,320,42.0,296,9.6,137,-36.3" /></mjloggm>