<mjloggm ver="2.3"><GO type="225" lobby="0"/><UN n0="%48%61%61%61%6C%61%6E%64" n1="%4C%4F%4C%49%54%41" n2="%77%72%77%72%77%72%77%72" n3="%E3%82%B7%E3%83%B3%E5%A4%AA%E6%9C%97" dan="18,16,17,16" rate="2274.90,2147.47,2234.03,2145.89" sx="M,F,M,M"/><TAIKYOKU oya="0"/><INIT seed="0,0,0,4,3,66" ten="250,250,250,250" oya="0" hai0="81,63,39,21,28,17,59,6,23,108,126,3,75" hai1="73,128,48,36,130,12,100,88,72,55,119,2,42" hai2="76,85,117,46,70,38,22,89,52,98,104,125,111" hai3="115,8,61,33,71,15,0,129,35,25,124,78,44"/><T114/><D114/><U102/><E2/><V93/><F111/><W62/><G129/><N who="1" m="49770" /><E119/><V107/><F117/><W83/><G124/><T74/><D126/><U122/><E122/><V41/><F125/><W91/><G0/><T103/><D39/><U77/><E42/><V40/><F40/><W37/><G115/><T53/><D108/><U95/><E36/><V64/><F22/><W84/><G62/><T94/><D28/><U113/><E12/><V1/><F1/><W121/><G121/><T68/><D81/><N who="1" m="45223" /><E113/><V96/><F52/><W18/><G25/><T26/><D21/><U9/><E9/><V90/><F76/><W45/><G45/><T13/><D3/><U56/><E73/><V58/><F58/><W80/><G44/><T57/><D57/><U5/><E5/><V109/><F109/><W4/><G4/><T7/><D7/><U105/><E105/><V67/><F67/><W14/><G14/><T92/><D75/><U101/><E101/><V82/><REACH who="2" step="1"/><F98/><AGARI ba="0,0" hai="48,55,56,88,95,98,100,102" m="45223,49770" machi="98" ten="30,2000,0" yaku="19,1,54,1" doraHai="66" who="1" fromWho="2" sc="250,0,250,20,250,-20,250,0" /><INIT seed="1,0,0,0,4,26" ten="250,270,230,250" oya="1" hai0="16,99,130,64,23,55,94,5,28,111,42,87,119" hai1="88,126,131,59,1,40,58,110,44,121,115,51,65" hai2="100,13,11,54,133,52,135,98,116,67,36,14,66" hai3="12,25,33,2,35,31,120,61,124,47,62,114,129"/><U103/><E1/><V79/><F36/><W24/><G120/><T118/><D111/><U107/><E115/><V37/><F37/><W81/><G114/><T97/><D130/><U30/><E121/><V128/><F116/><W132/><G129/><T112/><D112/><U102/><E126/><V74/><F128/><W91/><G124/><T75/><D75/><U123/><E123/><V106/><F79/><W113/><G2/><T109/><D109/><U32/><E110/><V50/><F74/><W38/><G113/><T73/><D73/><U29/><E32/><V17/><F14/><W108/><G108/><T117/><D5/><U90/><E131/><V56/><REACH who="2" step="1"/><F54/><REACH who="2" ten="250,270,220,250" step="2"/><W105/><G38/><T27/><D55/><U7/><E40/><V96/><F96/><W18/><G12/><T77/><D42/><U46/><E7/><V43/><F43/><W104/><G132/><AGARI ba="0,1" hai="11,13,17,50,52,56,66,67,98,100,106,132,133,135" machi="132" ten="40,8000,1" yaku="1,1,20,1,54,1,53,1" doraHai="26" doraHaiUra="6" who="2" fromWho="3" sc="250,0,270,0,220,90,250,-80" /><INIT seed="2,0,0,4,3,69" ten="250,270,310,170" oya="2" hai0="85,74,76,75,115,43,14,68,30,37,31,24,41" hai1="113,98,18,105,96,51,118,86,108,92,100,6,59" hai2="61,53,122,17,102,38,111,89,3,29,42,82,131" hai3="64,47,133,83,81,106,80,97,35,121,72,10,112"/><V66/><F122/><W127/><G121/><T99/><D68/><U40/><E113/><V36/><F3/><W0/><G112/><T11/><D115/><U44/><E118/><V87/><F42/><W124/><G133/><T15/><D99/><U19/><E108/><V132/><F111/><W125/><G72/><T48/><D37/><U71/><E71/><V56/><F132/><W116/><G116/><T109/><D109/><U117/><E117/><V78/><F131/><W93/><G106/><T9/><D85/><U26/><E6/><V58/><F102/><W79/><G64/><T135/><D135/><U20/><E86/><V73/><F17/><W21/><G35/><T55/><D76/><U13/><E59/><V34/><F29/><N who="0" m="10762" /><D24/><U123/><E123/><V5/><F5/><W52/><G21/><T2/><D2/><U49/><E49/><V27/><F27/><W28/><G28/><T65/><D65/><U91/><E19/><V33/><F33/><W67/><G67/><T134/><D134/><U50/><E50/><V119/><F34/><W39/><G79/><T90/><D90/><U104/><E26/><V63/><F119/><W110/><G110/><T23/><D75/><U88/><E91/><V84/><F73/><W95/><G97/><T128/><D74/><U103/><E103/><V62/><F62/><W60/><G39/><T77/><D77/><U25/><E25/><V22/><F22/><W45/><G60/><T1/><D23/><U120/><E120/><V129/><F129/><W107/><G125/><T4/><D128/><U46/><E104/><RYUUKYOKU ba="0,0" sc="250,-15,270,15,310,15,170,-15" hai1="13,18,20,40,44,46,51,88,92,96,98,100,105" hai2="36,38,53,56,58,61,63,66,78,82,84,87,89" /><INIT seed="2,1,0,3,3,106" ten="235,285,325,155" oya="2" hai0="10,45,85,38,3,132,89,58,122,17,5,70,31" hai1="19,78,32,115,98,8,20,68,135,104,133,1,21" hai2="41,126,100,108,93,47,90,131,127,110,35,82,123" hai3="24,9,109,0,13,60,71,94,80,22,121,42,95"/><V77/><F35/><W23/><G109/><N who="2" m="42089" /><F123/><W18/><G121/><T50/><D70/><U124/><E115/><V12/><F131/><W30/><G42/><T67/><D122/><U36/><E32/><V62/><F62/><W49/><G49/><T105/><D105/><U107/><E36/><V53/><F53/><W61/><G0/><T64/><D31/><U117/><E117/><V37/><F12/><W52/><G71/><T15/><D38/><U55/><E68/><V7/><F100/><W44/><G80/><T4/><D132/><U75/><E55/><V56/><F56/><W130/><G130/><T43/><D58/><U40/><E133/><V73/><F7/><N who="0" m="2634" /><D3/><U57/><E1/><V76/><F76/><W2/><G2/><T39/><D39/><U81/><E57/><V120/><F120/><W72/><G72/><T46/><D46/><U88/><E135/><V54/><F54/><W74/><G74/><T84/><D89/><U51/><E88/><V118/><F118/><W79/><G79/><T65/><AGARI ba="1,0" hai="10,15,17,43,45,50,64,65,67,84,85" m="2634" machi="65" ten="30,1100,0" yaku="8,1" doraHai="106" who="0" fromWho="0" sc="235,14,285,-4,325,-6,155,-4" /><INIT seed="3,0,0,1,5,133" ten="249,281,319,151" oya="3" hai0="45,37,12,122,74,126,81,23,17,39,118,134,16" hai1="40,86,121,66,62,46,105,53,1,108,100,109,69" hai2="120,58,54,115,57,32,116,93,35,5,22,128,25" hai3="111,107,14,48,132,112,26,8,41,51,3,52,80"/><W106/><G132/><T123/><D134/><U7/><E121/><V30/><F116/><W47/><G112/><T92/><D118/><U15/><E15/><V2/><F115/><W34/><G3/><T125/><D92/><U96/><E53/><V9/><F120/><W101/><G111/><N who="1" m="42570" /><E86/><V110/><F128/><W85/><G101/><T91/><D123/><U36/><E7/><V11/><F11/><W24/><G34/><T82/><D122/><U83/><E83/><V117/><F117/><W78/><G106/><T79/><D17/><U90/><E90/><V124/><F124/><N who="0" m="47722" /><D45/><U88/><E88/><V67/><F110/><W42/><G107/><T98/><D98/><U119/><E119/><V63/><F93/><W135/><G135/><T99/><D99/><U71/><E1/><V72/><F72/><W28/><G28/><T6/><D6/><U43/><E43/><V50/><AGARI ba="0,0" hai="2,5,9,22,25,30,32,35,50,54,57,58,63,67" machi="50" ten="20,1500,0" yaku="0,1,7,1" doraHai="133" who="2" fromWho="2" sc="249,-4,281,-4,319,15,151,-7" owari="245,-15.5,277,7.7,334,43.4,144,-35.6" /></mjloggm>