<mjloggm ver="2.3"><GO type="225" lobby="0"/><UN n0="%73%6C%69%63%6B%33%31%39" n1="%E7%BD%AA%E5%88%91%E6%B3%95%E5%AE%9A%E4%B8%BB%E7%BE%A9" n2="%E3%81%9F%E3%81%A3%E3%81%A1%E3%82%87" n3="%4D%50%43%32%38%30%30" dan="17,16,16,16" rate="2156.70,2152.09,2065.82,2128.52" sx="M,M,M,M"/><TAIKYOKU oya="0"/><INIT seed="0,0,0,5,1,86" ten="250,250,250,250" oya="0" hai0="76,128,4,23,129,14,63,43,17,108,75,98,116" hai1="18,34,87,93,101,120,45,94,133,123,65,0,57" hai2="37,83,79,36,51,121,113,32,46,126,64,107,97" hai3="6,66,90,56,131,29,42,124,135,106,92,2,119"/><T8/><D43/><U132/><E0/><V73/><F113/><W10/><G119/><T62/><D75/><U25/><E45/><V1/><F126/><W22/><G106/><T54/><D76/><U110/><E110/><V117/><F121/><W39/><G124/><T44/><D116/><U31/><E18/><V80/><F32/><W61/><G135/><N who="1" m="51786" /><E101/><V104/><F1/><W127/><G127/><T109/><D98/><U60/><E94/><V49/><F97/><W105/><G105/><T41/><D54/><U85/><E85/><V69/><F117/><W81/><G81/><T84/><D84/><U5/><E5/><V13/><F83/><W35/><G131/><N who="0" m="50251" /><D44/><U48/><E48/><V20/><F49/><W134/><G134/><T118/><D41/><U72/><E72/><V59/><F104/><W89/><G42/><T9/><D118/><U38/><E38/><V3/><F107/><W47/><G47/><T95/><D95/><U78/><E78/><V58/><F36/><W91/><G39/><T67/><D62/><U15/><E15/><V28/><F13/><W74/><G74/><T24/><D63/><U21/><E34/><V102/><F37/><W77/><G77/><T96/><D96/><U7/><E7/><V26/><F3/><W130/><G130/><T125/><D125/><U88/><AGARI ba="0,0" hai="21,25,31,57,60,65,87,88,93,120,123" m="51786" machi="88" ten="30,4000,0" yaku="20,1,52,1,54,1" doraHai="86" who="1" fromWho="1" sc="250,-20,250,40,250,-10,250,-10" /><INIT seed="1,0,0,1,0,133" ten="230,290,240,240" oya="1" hai0="4,17,3,44,43,95,33,84,127,73,74,60,85" hai1="45,20,56,129,32,128,97,61,134,75,27,35,98" hai2="72,46,6,2,62,69,120,26,39,110,31,131,113" hai3="109,9,22,41,47,76,90,65,68,132,93,119,11"/><U107/><E75/><V19/><F19/><W87/><G132/><T104/><D104/><U14/><E14/><V64/><F110/><W118/><G109/><T115/><D115/><U24/><E45/><V114/><F72/><W58/><G68/><T103/><D33/><N who="1" m="12875" /><E107/><V117/><F131/><N who="1" m="50249" /><E134/><V1/><F117/><N who="3" m="44555" /><G76/><T7/><D73/><U86/><E86/><V18/><F120/><W112/><G112/><N who="2" m="43113" /><F6/><W126/><G126/><T53/><D74/><U25/><E20/><N who="2" m="15815" /><F18/><W88/><G22/><T116/><D116/><U66/><AGARI ba="0,0" hai="24,25,27,56,61,66,97,98" m="50249,12875" machi="66" ten="40,2100,0" yaku="19,1" doraHai="133" who="1" fromWho="1" sc="230,-7,290,21,240,-7,240,-7" /><INIT seed="1,1,0,0,2,121" ten="223,311,233,233" oya="1" hai0="0,8,49,10,63,52,26,46,135,114,133,85,27" hai1="13,80,118,68,83,60,39,25,3,7,97,82,47" hai2="58,41,12,102,65,115,42,104,107,77,94,19,90" hai3="128,1,134,88,38,105,96,103,40,75,87,24,31"/><U120/><E120/><V33/><F33/><W59/><G1/><T6/><D114/><U125/><E118/><V98/><F115/><W35/><G134/><N who="0" m="51211" /><D85/><U73/><E73/><V9/><F77/><W106/><G128/><T122/><D122/><U11/><E125/><V18/><F104/><W79/><G106/><T15/><D63/><U76/><E76/><V55/><F65/><W34/><G34/><T91/><D91/><U45/><E3/><V127/><F18/><AGARI ba="1,0" hai="0,6,8,10,15,18,26,27,46,49,52" m="51211" machi="18" ten="30,2000,0" yaku="20,1,54,1" doraHai="121" who="0" fromWho="2" sc="223,23,311,0,233,-23,233,0" /><INIT seed="2,0,0,2,2,74" ten="246,311,210,233" oya="2" hai0="46,39,32,128,77,91,122,58,100,41,49,42,134" hai1="64,12,61,60,1,101,127,84,17,120,75,53,73" hai2="131,83,123,48,14,118,103,62,4,132,6,21,80" hai3="69,33,135,116,126,2,99,86,65,40,130,107,52"/><V108/><F118/><W87/><G116/><T85/><D122/><U3/><E127/><V43/><F123/><W117/><G117/><T15/><D32/><U129/><E120/><V35/><F35/><W81/><G2/><T50/><D39/><U11/><E129/><V115/><F115/><W5/><G5/><N who="2" m="2153" /><F131/><W7/><G7/><T23/><D128/><U109/><E109/><V20/><F132/><W97/><G40/><T82/><D100/><U31/><E31/><V96/><F108/><W22/><G126/><T89/><D134/><U124/><E124/><V57/><F103/><N who="3" m="62959" /><G22/><N who="2" m="8809" /><F96/><W121/><G121/><T26/><D15/><U9/><E1/><V102/><F14/><W71/><G99/><T88/><D58/><U72/><E3/><V112/><F102/><W24/><G71/><T79/><D79/><U125/><E101/><V94/><F94/><W92/><G92/><T0/><D0/><U44/><E125/><V16/><F16/><W113/><G113/><T34/><D34/><U76/><E9/><V119/><F119/><W8/><G8/><T27/><D23/><U104/><E104/><V54/><F112/><W133/><G130/><T38/><D38/><U111/><E111/><V106/><F106/><W10/><G10/><T37/><D37/><U93/><E93/><V19/><F19/><W67/><G135/><T68/><D68/><U63/><E17/><V114/><F114/><W59/><G133/><T98/><D98/><U30/><E11/><V18/><F18/><W13/><G69/><T110/><D110/><U47/><E12/><V78/><F78/><RYUUKYOKU ba="0,0" sc="246,15,311,-15,210,15,233,-15" hai0="26,27,41,42,46,49,50,77,82,85,88,89,91" hai2="43,48,54,57,62,80,83" /><INIT seed="2,1,0,5,2,4" ten="261,296,225,218" oya="2" hai0="93,50,49,86,89,100,26,9,56,1,90,72,18" hai1="43,123,11,55,39,127,32,28,106,60,135,109,40" hai2="71,59,16,33,116,68,27,5,67,97,44,77,120" hai3="91,61,82,94,30,96,121,34,8,87,29,114,101"/><V65/><F116/><W47/><G121/><T105/><D72/><U110/><E106/><V14/><F120/><W37/><G114/><T22/><D105/><U48/><E123/><V81/><F68/><W80/><G37/><T23/><D100/><U115/><E115/><V126/><F71/><W42/><G34/><T3/><D1/><U83/><E135/><V113/><F113/><W99/><G61/><T64/><D3/><U54/><E127/><V7/><F126/><W79/><G47/><T98/><D9/><U124/><E124/><V12/><F97/><W117/><G42/><T104/><D104/><U20/><E32/><V107/><F107/><W51/><G51/><T103/><D103/><U76/><E60/><N who="2" m="38047" /><F33/><W58/><G58/><T52/><D23/><U25/><E55/><V38/><F67/><W131/><G131/><T24/><D64/><U0/><E39/><V15/><F44/><W63/><G63/><N who="0" m="36231" /><D24/><U46/><E0/><V111/><F38/><W41/><G41/><T125/><D125/><U118/><E118/><V13/><N who="2" m="3072" /><DORA hai="102" /><V17/><F17/><W92/><G117/><T45/><D45/><U85/><REACH who="1" step="1"/><E11/><REACH who="1" ten="261,286,225,218" step="2"/><V134/><F134/><W36/><G36/><T35/><D35/><U78/><E78/><V129/><F5/><W88/><G8/><T130/><D130/><U69/><E69/><V119/><F129/><W70/><REACH who="3" step="1"/><G70/><REACH who="3" ten="261,286,225,208" step="2"/><T66/><D66/><U31/><E31/><V84/><F119/><W132/><G132/><T57/><D57/><U95/><E95/><AGARI ba="1,2" hai="18,22,26,49,50,86,89,90,93,95,98" m="36231" machi="95" ten="30,3900,0" yaku="25,1,8,1,54,1" doraHai="4,102" who="0" fromWho="1" sc="261,62,286,-42,225,0,208,0" /><INIT seed="3,0,0,4,0,82" ten="323,244,225,208" oya="3" hai0="12,100,93,122,54,41,74,118,68,115,15,44,10" hai1="87,78,124,31,95,120,26,91,80,126,4,105,11" hai2="97,102,69,98,28,13,113,51,75,101,72,132,85" hai3="112,129,106,47,6,0,123,67,34,60,99,2,108"/><W29/><G112/><T110/><D74/><U84/><E105/><V77/><F69/><N who="3" m="42215" /><G123/><T107/><D68/><U43/><E43/><V128/><F113/><W22/><G22/><T27/><D107/><U125/><E120/><V46/><F28/><W109/><G129/><T81/><D115/><U103/><E103/><N who="2" m="39435" /><F128/><W30/><G106/><T114/><D122/><U1/><E26/><V133/><F72/><W17/><G99/><T62/><D27/><U73/><E31/><N who="3" m="11786" /><G17/><T134/><D114/><U45/><E45/><V52/><F75/><AGARI ba="0,0" hai="1,4,11,73,75,78,80,84,87,91,95,124,125,126" machi="75" ten="40,5200,0" yaku="18,1,52,2" doraHai="82" who="1" fromWho="2" sc="323,0,244,52,225,-52,208,0" owari="323,42.3,296,9.6,173,-32.7,208,-19.2" /></mjloggm>