<mjloggm ver="2.3"><GO type="225" lobby="0"/><UN n0="%E3%81%8D%E3%82%83%E3%83%BC%E3%82%8D%E3%82%93" n1="%54%4F%52" n2="%33%74%72%65%65" n3="%E3%82%8C%E3%81%99%E3%81%93" dan="16,17,16,16" rate="2032.75,2174.27,2105.74,2122.98" sx="M,M,F,F"/><TAIKYOKU oya="0"/><INIT seed="0,0,0,0,3,107" ten="250,250,250,250" oya="0" hai0="15,95,131,74,39,20,104,63,54,56,121,33,53" hai1="82,36,50,16,113,105,25,100,29,19,119,38,125" hai2="75,117,127,2,0,129,98,11,68,109,81,37,86" hai3="67,51,27,115,17,99,108,83,65,80,112,101,35"/><T60/><D121/><U32/><E119/><V42/><F117/><W18/><G108/><T26/><D39/><U1/><E1/><V130/><F109/><W12/><G35/><T114/><D104/><U87/><E125/><V41/><F127/><W30/><G51/><T57/><D114/><U61/><E113/><V133/><F133/><W52/><G30/><T97/><D131/><N who="2" m="50186" /><F75/><W72/><G12/><T62/><D33/><U76/><E50/><V28/><F68/><W123/><G99/><T40/><D40/><N who="2" m="15466" /><F37/><W71/><G71/><T7/><D74/><U48/><E48/><V111/><F111/><W49/><G72/><T58/><D7/><U24/><E61/><N who="0" m="23657" /><D15/><U59/><E59/><V132/><F132/><W88/><G49/><T128/><D128/><U118/><E118/><V110/><F110/><W46/><G123/><T85/><D85/><U103/><E38/><V77/><F28/><W96/><G115/><T31/><N who="0" m="23665" /><T134/><DORA hai="66" /><D134/><U102/><E36/><V9/><F98/><W92/><G96/><T93/><D93/><U44/><E105/><V6/><F6/><W47/><G112/><T69/><D69/><U55/><E32/><V43/><N who="2" m="15474" /><V70/><DORA hai="5" /><F70/><W89/><G92/><T90/><AGARI ba="0,0" hai="20,26,31,53,54,56,57,58,90,95,97" m="23665" machi="90" ten="40,2100,0" yaku="8,1" doraHai="107,66,5" who="0" fromWho="0" sc="250,21,250,-7,250,-7,250,-7" /><INIT seed="0,1,0,5,5,104" ten="271,243,243,243" oya="0" hai0="130,88,129,133,80,1,111,121,2,5,73,57,15" hai1="113,16,53,112,68,24,44,58,125,110,134,70,9" hai2="120,89,96,56,29,62,69,127,14,128,118,30,102" hai3="94,32,109,67,36,115,39,48,79,132,18,21,82"/><T106/><D106/><U99/><E110/><V8/><F120/><W49/><G115/><N who="1" m="44106" /><E134/><V63/><F128/><N who="0" m="49258" /><D121/><U97/><E125/><V52/><F127/><W34/><G109/><T95/><D133/><U116/><E44/><V122/><F122/><W64/><G132/><T45/><D111/><U135/><E116/><V33/><F118/><W61/><G94/><T59/><D45/><U6/><E135/><V123/><F123/><W43/><G43/><T81/><D81/><U55/><E55/><V20/><F33/><W78/><G82/><T85/><D15/><N who="1" m="7279" /><E24/><V98/><F102/><W23/><G61/><T90/><D90/><U60/><E6/><V126/><F126/><W119/><G119/><T31/><D31/><U114/><N who="1" m="44114" /><U11/><DORA hai="66" /><E11/><V92/><F20/><W108/><G108/><T101/><D5/><U71/><AGARI ba="1,0" hai="53,58,60,68,70,71,97,99" m="7279,44114" machi="71" ten="50,8000,1" yaku="11,1,52,3,54,1" doraHai="104,66" who="1" fromWho="1" sc="271,-41,243,83,243,-21,243,-21" /><INIT seed="1,0,0,1,0,14" ten="230,326,222,222" oya="1" hai0="39,72,25,13,47,134,50,17,130,89,116,38,49" hai1="95,46,96,1,37,103,131,87,110,74,98,45,135" hai2="59,65,88,7,132,54,105,56,120,118,34,12,109" hai3="26,22,75,81,33,82,30,19,73,129,2,85,92"/><U61/><E74/><V99/><F120/><W29/><G129/><T69/><D116/><U36/><E1/><V104/><F118/><W70/><G70/><T42/><D69/><U20/><E131/><V117/><F117/><W114/><G114/><T113/><D113/><U123/><E123/><V11/><F34/><W4/><G30/><T21/><D130/><U94/><E135/><V43/><F132/><W18/><G92/><T90/><D72/><U125/><E125/><V68/><F109/><W64/><G64/><T127/><D127/><U76/><E110/><V9/><F68/><W128/><G128/><T15/><D134/><U78/><E61/><N who="2" m="38055" /><F105/><W6/><G82/><T40/><D39/><U91/><E20/><V44/><F104/><W32/><G32/><T10/><D15/><U122/><E122/><V79/><F79/><W52/><G52/><N who="0" m="29759" /><D38/><U97/><E37/><V63/><F11/><N who="3" m="2455" /><G6/><N who="0" m="3287" /><D50/><U111/><E111/><V48/><F43/><AGARI ba="0,0" hai="17,21,25,40,42,43,89,90" m="3287,29759" machi="43" ten="30,3900,0" yaku="8,1,52,1,54,1" doraHai="14" who="0" fromWho="2" sc="230,39,326,0,222,-39,222,0" /><INIT seed="2,0,0,2,2,64" ten="269,326,183,222" oya="2" hai0="35,58,16,86,119,88,38,60,94,62,112,89,124" hai1="4,92,114,27,127,123,11,110,26,122,104,8,80" hai2="115,105,83,40,71,82,130,96,107,131,55,29,46" hai3="116,32,19,78,13,12,120,79,10,81,17,125,41"/><V75/><F71/><W77/><G120/><N who="1" m="46122" /><E104/><N who="2" m="40011" /><F55/><W84/><G116/><T34/><D112/><U28/><E114/><V57/><F57/><W59/><G32/><T103/><D38/><U101/><E110/><V56/><F56/><W108/><G108/><T7/><D7/><U6/><E80/><N who="2" m="30763" /><F29/><W134/><G134/><T68/><D119/><U65/><E65/><V51/><F75/><W70/><G70/><T5/><D5/><U76/><E27/><V121/><F115/><W3/><G3/><T36/><D68/><U2/><E8/><V33/><F33/><W73/><G73/><T95/><D36/><U42/><E6/><V67/><F67/><W85/><G41/><T53/><D62/><U66/><E66/><V111/><F111/><W30/><G30/><T99/><D16/><U50/><E50/><V48/><F48/><W39/><G39/><T117/><D117/><U129/><E42/><V90/><F121/><W135/><G19/><T118/><D118/><U20/><E28/><V128/><F90/><W109/><G17/><T23/><D89/><U132/><E26/><V61/><F96/><W14/><G109/><T106/><D23/><U113/><E20/><V72/><F72/><W37/><G37/><T100/><D35/><U87/><E11/><V31/><F31/><W22/><G22/><T97/><REACH who="0" step="1"/><D34/><REACH who="0" ten="259,326,183,222" step="2"/><U91/><E4/><V18/><F18/><W1/><G78/><T102/><D102/><U47/><E101/><V126/><F61/><W21/><G77/><T9/><D9/><U45/><E76/><V43/><F126/><AGARI ba="0,1" hai="53,58,60,86,88,94,95,97,99,100,103,106,124,126" machi="126" ten="40,5200,0" yaku="1,1,54,1,53,1" doraHai="64" doraHaiUra="52" who="0" fromWho="2" sc="259,62,326,0,183,-52,222,0" /><INIT seed="3,0,0,1,2,64" ten="321,326,131,222" oya="3" hai0="63,122,125,16,17,71,135,25,62,50,33,0,120" hai1="97,32,11,9,101,107,114,38,40,105,55,93,54" hai2="78,74,99,15,95,129,28,48,118,127,8,82,134" hai3="115,44,94,65,12,2,56,79,4,132,108,90,14"/><W53/><G115/><T41/><D0/><U59/><E114/><V98/><F118/><W49/><G132/><T112/><D112/><U51/><E32/><V66/><F134/><W92/><G2/><T91/><D135/><U10/><E38/><V60/><F129/><W103/><G4/><T106/><D106/><U68/><E68/><V100/><F127/><W57/><G108/><T117/><D117/><U7/><E40/><V67/><F28/><W75/><G79/><T83/><D125/><U87/><E87/><V85/><F99/><N who="3" m="59895" /><G75/><T72/><D71/><U45/><REACH who="1" step="1"/><E7/><REACH who="1" ten="321,316,131,222" step="2"/><V119/><F119/><W31/><G31/><N who="0" m="19695" /><D122/><U84/><E84/><V124/><F124/><W18/><G65/><T37/><D120/><U126/><E126/><V116/><F116/><W36/><G36/><T21/><D37/><U131/><E131/><V47/><F74/><W42/><G42/><T133/><D133/><U58/><E58/><N who="3" m="22634" /><G18/><N who="0" m="7275" /><D21/><U104/><E104/><V110/><F110/><W113/><G113/><T3/><D3/><U46/><E46/><V102/><F102/><W77/><G77/><N who="0" m="44455" /><D91/><U35/><E35/><V121/><F121/><W39/><G39/><T1/><D1/><U123/><E123/><V109/><F109/><W5/><G5/><T19/><D19/><U20/><E20/><V111/><F111/><W43/><G43/><T70/><D70/><U30/><E30/><V52/><REACH who="2" step="1"/><F60/><AGARI ba="0,1" hai="9,10,11,45,51,54,55,59,60,93,97,101,105,107" machi="60" ten="40,2600,0" yaku="1,1,53,1" doraHai="64" doraHaiUra="89" who="1" fromWho="2" sc="321,0,316,36,131,-26,222,0" owari="321,12.1,352,45.2,105,-39.5,222,-17.8" /></mjloggm>