<mjloggm ver="2.3"><GO type="225" lobby="0"/><UN n0="%47%48%4F%53%54" n1="%6D%75%75%6D%75%72%61" n2="%E5%8F%AF%E5%85%90%E9%82%A3%E7%94%B1%E5%A4%9A" n3="%E3%82%82%E3%81%90%E3%82%89" dan="17,16,17,17" rate="2278.51,2079.37,2169.41,2205.12" sx="M,F,F,F"/><TAIKYOKU oya="0"/><INIT seed="0,0,0,2,0,36" ten="250,250,250,250" oya="0" hai0="63,13,23,90,99,38,50,30,35,59,106,24,11" hai1="125,55,62,78,39,114,96,20,112,134,130,79,109" hai2="97,123,80,116,10,94,27,44,43,98,104,73,69" hai3="21,95,14,42,26,126,52,120,67,92,17,1,121"/><T82/><D38/><U18/><E39/><V32/><F123/><N who="3" m="47179" /><G126/><T87/><D106/><U56/><E125/><V54/><F69/><W84/><G1/><T46/><D99/><U31/><E109/><V28/><F116/><W115/><G115/><T86/><D86/><U53/><E31/><V12/><F54/><W117/><G117/><T41/><D35/><U111/><E111/><V76/><F104/><W25/><G67/><T51/><D51/><U70/><E70/><V89/><F98/><W81/><G52/><T128/><D128/><U49/><E134/><V101/><F101/><W34/><G42/><T124/><D124/><U33/><E33/><V68/><F68/><W19/><G34/><T47/><D47/><U58/><E96/><V16/><REACH who="2" step="1"/><F44/><REACH who="2" ten="250,250,240,250" step="2"/><W22/><G25/><T100/><D100/><U4/><E130/><V129/><F129/><W74/><G74/><T5/><D59/><U113/><REACH who="1" step="1"/><E4/><REACH who="1" ten="250,240,240,250" step="2"/><V15/><F15/><AGARI ba="0,2" hai="15,18,20,49,53,55,56,58,62,78,79,112,113,114" machi="15" ten="40,5200,0" yaku="1,1,2,1,11,1,53,0" doraHai="36" doraHaiUra="85" who="1" fromWho="2" sc="250,0,240,72,240,-52,250,0" /><INIT seed="1,0,0,3,4,68" ten="250,312,188,250" oya="1" hai0="134,10,104,121,108,21,15,9,43,125,85,129,64" hai1="38,123,2,35,80,70,57,33,31,112,98,23,67" hai2="5,48,47,73,66,58,133,92,83,79,7,11,91" hai3="34,63,115,90,16,42,87,61,116,119,1,30,113"/><U8/><E112/><V122/><F122/><W97/><G1/><T107/><D121/><U77/><E70/><V74/><F133/><W4/><G4/><T88/><D134/><U17/><E123/><V78/><F66/><W50/><G97/><T111/><D125/><U109/><E38/><V13/><F58/><W55/><G30/><T46/><D129/><U94/><E2/><V0/><F0/><W22/><G34/><T41/><D21/><U75/><E8/><N who="0" m="3177" /><D15/><U120/><E120/><V25/><F25/><W118/><G115/><T86/><D64/><U18/><E35/><V54/><F5/><W93/><G42/><N who="0" m="15883" /><D46/><U59/><E109/><N who="0" m="42057" /><D88/><U76/><E33/><V28/><F28/><W14/><REACH who="3" step="1"/><G113/><REACH who="3" ten="250,312,188,240" step="2"/><T106/><AGARI ba="0,1" hai="85,86,104,106,107" m="42057,15883,3177" machi="106" ten="40,5200,0" yaku="28,2,14,1" doraHai="68" who="0" fromWho="0" sc="250,62,312,-26,188,-13,240,-13" /><INIT seed="2,0,0,3,0,22" ten="312,286,175,227" oya="2" hai0="93,81,57,128,119,34,51,27,55,69,79,101,40" hai1="86,30,76,97,72,12,0,98,92,84,43,112,125" hai2="64,123,132,88,6,116,75,3,118,31,61,11,121" hai3="13,77,83,120,52,5,10,48,17,25,19,73,135"/><V131/><F75/><W21/><G135/><T74/><D128/><U113/><E0/><V104/><F104/><W44/><REACH who="3" step="1"/><G120/><REACH who="3" ten="312,286,175,217" step="2"/><T67/><D119/><U9/><E112/><V54/><F132/><W42/><G42/><T117/><D40/><U53/><E43/><V108/><F123/><W130/><G130/><T35/><D117/><U39/><E113/><V129/><F121/><W126/><G126/><T41/><D41/><U78/><E125/><V46/><F131/><W66/><G66/><T122/><D67/><U63/><E39/><V96/><F129/><W82/><G82/><T50/><D81/><U60/><E53/><V102/><F116/><W18/><AGARI ba="0,1" hai="5,10,13,17,18,19,21,25,44,48,52,73,77,83" machi="18" ten="20,8000,1" yaku="1,1,0,1,7,1,52,1,54,1,53,0" doraHai="22" doraHaiUra="111" who="3" fromWho="3" sc="312,-20,286,-20,175,-40,217,90" /><INIT seed="3,0,0,1,2,118" ten="292,266,135,307" oya="3" hai0="67,16,110,3,65,133,26,100,88,49,125,109,39" hai1="41,59,29,94,48,51,34,68,112,131,54,113,45" hai2="78,126,91,35,20,122,115,46,5,119,22,105,60" hai3="12,62,19,98,81,117,95,85,90,0,99,38,77"/><W70/><G117/><T17/><D39/><U1/><E1/><V82/><F119/><W42/><G0/><T84/><D125/><U13/><E34/><V14/><F115/><W107/><G107/><T103/><D133/><U55/><E29/><V52/><F35/><W130/><G130/><T124/><D124/><U64/><E94/><V87/><F105/><W89/><G42/><T9/><D3/><U108/><E13/><V129/><F126/><W69/><G38/><T83/><D49/><N who="1" m="31183" /><E131/><V32/><F32/><W106/><G62/><T18/><D9/><U31/><E31/><V116/><F116/><W74/><G74/><T134/><D134/><U21/><E21/><N who="2" m="8299" /><F129/><W80/><G106/><T33/><D26/><U6/><E6/><V114/><F114/><W10/><G81/><T76/><D33/><U30/><E30/><V25/><F25/><W123/><G123/><T47/><D47/><N who="1" m="28063" /><E108/><N who="0" m="41577" /><D76/><U15/><E15/><V120/><F78/><W93/><AGARI ba="0,0" hai="10,12,19,69,70,77,80,85,89,90,93,95,98,99" machi="93" ten="30,3000,0" yaku="0,1,9,1" doraHai="118" who="3" fromWho="3" sc="292,-10,266,-10,135,-10,307,30" owari="282,8.2,256,-14.4,125,-37.5,337,43.7" /></mjloggm>