<mjloggm ver="2.3"><GO type="225" lobby="0"/><UN n0="%E5%A4%9C%E3%81%AE%E3%82%AC%E3%82%B9%E3%83%91%E3%83%BC%E3%83%AB" n1="%45%6C%79%73%69%75%6D" n2="%E6%B8%A9%E2%98%85%E6%83%85%E2%98%85%E6%8E%AA%E2%98%85%E7%BD%AE" n3="%E6%A1%9C%E8%8A%B1%E9%96%83%E3%80%85" dan="16,16,17,16" rate="2114.35,2088.81,2228.90,2117.32" sx="M,F,M,M"/><TAIKYOKU oya="0"/><INIT seed="0,0,0,4,0,125" ten="250,250,250,250" oya="0" hai0="46,26,64,21,35,88,27,24,102,4,131,49,118" hai1="89,74,103,8,43,96,112,68,117,61,101,128,40" hai2="29,57,77,62,28,132,34,72,56,91,38,6,109" hai3="45,44,135,130,52,66,119,126,99,19,14,121,37"/><T32/><D118/><U53/><E117/><V12/><F38/><W94/><G119/><T115/><D115/><U18/><E74/><V1/><F1/><W42/><G126/><T79/><D79/><U11/><E112/><V83/><F109/><W3/><G3/><T22/><D102/><U98/><E89/><V69/><F132/><W123/><G66/><T104/><D104/><U124/><E124/><V50/><F69/><W92/><G135/><T31/><D131/><U84/><E84/><V113/><F113/><W87/><G87/><T0/><D64/><U76/><E76/><V23/><F34/><W67/><G67/><T122/><D122/><N who="3" m="46601" /><G99/><T47/><D27/><U93/><E68/><V2/><F2/><W78/><G78/><T106/><D106/><U48/><E61/><V97/><F50/><N who="3" m="28751" /><G130/><T36/><D36/><U5/><E128/><V55/><F57/><W58/><G58/><T71/><D47/><U65/><E65/><V120/><F120/><W95/><G95/><T10/><D71/><U60/><E60/><V20/><F97/><W134/><G134/><T100/><D100/><U108/><E98/><V111/><F91/><W127/><G127/><T59/><D59/><N who="1" m="33191" /><E101/><V82/><F82/><W41/><G41/><T73/><D73/><U54/><E54/><V16/><F83/><W51/><G37/><T85/><D85/><U63/><E63/><V133/><F133/><W86/><G86/><T90/><D90/><U105/><E105/><V7/><F72/><W81/><G81/><T80/><D80/><U25/><E103/><V33/><F62/><RYUUKYOKU ba="0,0" sc="250,-10,250,-10,250,-10,250,30" hai3="14,19,42,44,51,92,94" /><INIT seed="1,1,0,0,4,33" ten="240,240,240,280" oya="1" hai0="9,115,128,104,27,92,48,24,29,1,38,0,109" hai1="80,133,19,46,20,117,110,125,124,52,129,5,113" hai2="4,6,3,12,111,98,28,83,2,39,45,30,40" hai3="95,35,18,16,73,88,102,67,127,44,49,55,41"/><U25/><E117/><V119/><F119/><W14/><G127/><N who="1" m="48714" /><E113/><V65/><F111/><W42/><G35/><T32/><D115/><U60/><E110/><V81/><F65/><W108/><G108/><T59/><D109/><U58/><E129/><V105/><F12/><W70/><G73/><T21/><D104/><U63/><E133/><V122/><F122/><W99/><G70/><T71/><D38/><U112/><E112/><V37/><F98/><W100/><G67/><T23/><D71/><U87/><E46/><V36/><F105/><W93/><G18/><T91/><D128/><U17/><E5/><N who="2" m="2155" /><F40/><N who="3" m="15467" /><G95/><T56/><D9/><AGARI ba="1,0" hai="9,14,16,44,49,55,88,93,99,100,102" m="15467" machi="9" ten="30,3900,0" yaku="8,1,54,2" doraHai="33" who="3" fromWho="0" sc="240,-42,240,0,240,0,280,42" /><INIT seed="2,0,0,2,1,51" ten="198,240,240,322" oya="2" hai0="101,16,70,111,113,91,57,3,22,9,96,119,77" hai1="121,99,26,5,4,59,35,2,131,11,115,133,42" hai2="12,110,71,43,54,106,105,85,67,102,104,135,95" hai3="29,126,38,123,25,17,44,107,90,84,19,97,53"/><V124/><F135/><W89/><G123/><T52/><D113/><U108/><E115/><V1/><F1/><W63/><G126/><T32/><D70/><U66/><E4/><V39/><F124/><W68/><G90/><T31/><D111/><U60/><E133/><V13/><F110/><W76/><G76/><T114/><D114/><U103/><E108/><V62/><F43/><W88/><G89/><T93/><D119/><U73/><E73/><V112/><F39/><W69/><G97/><T80/><D32/><U74/><E74/><V125/><F112/><W34/><G107/><T83/><D91/><U18/><E131/><V109/><F109/><W87/><G87/><T15/><D77/><U58/><E42/><V55/><F125/><W120/><G120/><T50/><D3/><U127/><E127/><V117/><F85/><W134/><G68/><T6/><D6/><U41/><E41/><V92/><F117/><W33/><G33/><T0/><D0/><U56/><E121/><V10/><F12/><W75/><G75/><T79/><D79/><U122/><E122/><V47/><F47/><W49/><G38/><T23/><D23/><N who="1" m="13687" /><E35/><V94/><REACH who="2" step="1"/><F102/><REACH who="2" ten="198,240,230,322" step="2"/><W46/><G46/><T7/><D7/><AGARI ba="0,1" hai="7,10,13,54,55,62,67,71,92,94,95,104,105,106" machi="7" ten="50,12000,1" yaku="1,1,2,1,52,2,53,0" doraHai="51" doraHaiUra="30" who="2" fromWho="0" sc="198,-120,240,0,230,130,322,0" /><INIT seed="2,1,0,5,2,117" ten="78,240,360,322" oya="2" hai0="28,98,131,89,69,86,108,129,80,87,30,114,126" hai1="106,45,61,36,133,128,9,56,79,60,122,57,21" hai2="97,49,23,94,22,14,39,50,0,24,54,34,47" hai3="19,17,105,65,110,116,38,43,37,96,123,81,55"/><V102/><F0/><W64/><G116/><T84/><D69/><U11/><E106/><V112/><F112/><W77/><G110/><T91/><D30/><U127/><E79/><V75/><F75/><W90/><G55/><T42/><D28/><U121/><E21/><V13/><F39/><W8/><G17/><T113/><D42/><N who="1" m="22727" /><E9/><V46/><F34/><W67/><G43/><T120/><D108/><U10/><E10/><V104/><F104/><W15/><G90/><T20/><D20/><U111/><E11/><V134/><F134/><W82/><G82/><T52/><D52/><N who="1" m="33799" /><E111/><V93/><F93/><W27/><G27/><T44/><D44/><U29/><E29/><V32/><F32/><W100/><REACH who="3" step="1"/><G123/><REACH who="3" ten="78,240,360,312" step="2"/><N who="1" m="47114" /><E128/><N who="0" m="49225" /><D120/><U72/><E72/><AGARI ba="1,1" hai="8,15,19,37,38,64,65,67,72,77,81,96,100,105" machi="72" ten="40,1300,0" yaku="1,1,53,0" doraHai="117" doraHaiUra="31" who="3" fromWho="1" sc="78,0,240,-16,360,0,312,26" /><INIT seed="3,0,0,5,2,132" ten="78,224,360,338" oya="3" hai0="85,77,59,100,10,40,91,131,126,66,116,65,49" hai1="119,90,92,22,43,47,122,16,130,98,55,135,8" hai2="24,44,27,124,48,50,46,61,41,4,51,129,120" hai3="97,5,105,128,87,58,38,15,9,18,89,63,94"/><W113/><G113/><T134/><D116/><U13/><E119/><V45/><F124/><W96/><G128/><T70/><D134/><U79/><E130/><V106/><F106/><W21/><G38/><T123/><D131/><U31/><E135/><V25/><F129/><W52/><G105/><T84/><D100/><U7/><E122/><V35/><F35/><W34/><G34/><T6/><D123/><U112/><E112/><V99/><F120/><W121/><G121/><T75/><D70/><U88/><E31/><V32/><F32/><W101/><G101/><T0/><D85/><U107/><E107/><V53/><F4/><W103/><G103/><T37/><D49/><U42/><E79/><V26/><F26/><AGARI ba="0,0" hai="5,9,15,18,21,26,52,58,63,87,89,94,96,97" machi="26" ten="30,5800,0" yaku="7,1,8,1,54,1" doraHai="132" who="3" fromWho="2" sc="78,0,224,0,360,-58,338,58" owari="78,-42.2,224,-17.6,302,10.2,396,49.6" /></mjloggm>