<mjloggm ver="2.3"><GO type="225" lobby="0"/><UN n0="%E3%82%BC%E3%83%AB%E3%83%80%E3%81%AE%E4%BC%9D%E8%AA%AC" n1="%E3%83%81%E3%83%AF%E3%83%AF%E9%9A%8A%E9%95%B7" n2="%E3%82%89%E3%81%84%E3%81%B5%E3%81%8C%E3%83%BC%E3%81%A9%E3%81%99%E3%81%8D" n3="%6D%75%75%73%61%6E%6D%75" dan="17,16,17,17" rate="2185.89,2105.43,2150.55,2154.35" sx="M,M,M,F"/><TAIKYOKU oya="0"/><INIT seed="0,0,0,1,0,88" ten="250,250,250,250" oya="0" hai0="123,44,6,14,50,129,78,133,79,25,34,16,59" hai1="120,26,56,35,64,51,134,5,23,70,110,4,47" hai2="46,121,2,128,28,104,119,58,115,77,87,29,32" hai3="37,61,53,103,31,7,76,20,72,91,109,10,92"/><T62/><D123/><U86/><E120/><V113/><F58/><W27/><G37/><T11/><D133/><U12/><E70/><V89/><F46/><W30/><G109/><T125/><D125/><U124/><E110/><V38/><F29/><W130/><G130/><T73/><D129/><U18/><E124/><V101/><F28/><W22/><G103/><T43/><D73/><U84/><E134/><V114/><F32/><W112/><G112/><T105/><D105/><U122/><E122/><V55/><F55/><W33/><G72/><T67/><D34/><U85/><E35/><V8/><F8/><W3/><G76/><T0/><REACH who="0" step="1"/><D25/><REACH who="0" ten="240,250,250,250" step="2"/><U82/><E26/><V102/><F104/><W1/><G31/><T90/><D90/><U40/><E82/><V71/><F121/><W81/><G81/><T54/><D54/><U65/><E65/><V42/><F128/><W108/><G108/><T98/><D98/><U52/><REACH who="1" step="1"/><E64/><REACH who="1" ten="240,240,250,250" step="2"/><V57/><F115/><W9/><G33/><T63/><D63/><AGARI ba="0,2" hai="4,5,12,18,23,40,47,51,52,56,63,84,85,86" machi="63" ten="40,8000,1" yaku="1,1,2,1,8,1,54,1,53,0" doraHai="88" doraHaiUra="99" who="1" fromWho="0" sc="240,-80,240,100,250,0,250,0" /><INIT seed="1,0,0,5,0,85" ten="160,340,250,250" oya="1" hai0="36,112,59,60,91,13,96,43,45,123,18,70,79" hai1="88,32,82,71,100,117,103,67,42,81,1,92,94" hai2="93,11,97,129,114,77,101,116,21,47,46,55,49" hai3="121,128,106,99,5,54,126,48,51,110,95,35,7"/><U113/><E113/><V130/><F114/><W83/><G121/><T6/><D112/><U50/><E117/><V25/><F116/><W68/><G35/><T33/><D33/><U27/><E1/><V10/><F77/><W133/><G106/><T23/><D123/><U98/><E103/><V118/><F47/><W56/><G68/><T111/><D111/><U76/><E76/><V34/><F34/><W84/><G110/><T74/><D70/><U131/><E131/><N who="2" m="50187" /><F118/><W57/><G128/><T108/><D108/><U134/><E134/><V107/><F107/><W2/><G133/><T80/><D6/><U105/><E94/><V78/><F78/><W127/><G51/><T31/><D31/><AGARI ba="0,0" hai="10,11,21,25,31,46,49,55,93,97,101" m="50187" machi="31" ten="30,1000,0" yaku="19,1" doraHai="85" who="2" fromWho="0" sc="160,-10,340,0,250,10,250,0" /><INIT seed="2,0,0,3,3,67" ten="150,340,260,250" oya="2" hai0="83,9,64,132,25,120,63,87,32,69,84,16,130" hai1="21,22,127,52,53,19,78,11,3,135,77,39,118" hai2="96,99,68,97,1,124,50,55,42,134,108,106,13" hai3="125,36,113,126,82,80,95,115,103,105,119,110,33"/><V5/><F1/><W49/><G36/><T43/><D120/><U70/><E118/><V133/><F124/><N who="3" m="47723" /><G33/><T17/><D132/><N who="2" m="50794" /><F108/><W60/><G49/><T12/><D130/><U10/><E135/><V94/><F106/><W38/><G38/><T59/><D43/><U89/><E127/><V85/><F42/><W58/><G119/><T51/><D83/><N who="3" m="31785" /><G105/><T90/><D90/><U27/><E39/><V41/><F41/><W44/><G44/><T122/><D122/><U62/><E3/><V45/><F68/><W93/><G110/><T18/><D32/><U54/><E77/><V104/><F104/><W7/><G7/><T121/><D121/><U14/><E78/><V116/><F116/><W117/><G117/><T34/><D34/><U71/><E89/><N who="2" m="53551" /><F99/><N who="3" m="59887" /><G95/><T129/><D129/><U92/><E92/><V46/><F46/><W47/><G47/><T74/><D74/><U40/><E40/><V101/><F101/><W123/><G123/><T24/><D87/><U30/><REACH who="1" step="1"/><E71/><REACH who="1" ten="150,330,260,250" step="2"/><V35/><F35/><W86/><G86/><T57/><D84/><U20/><E20/><V4/><F97/><W102/><G102/><T98/><D98/><U8/><E8/><N who="2" m="4231" /><F96/><W2/><G2/><T23/><REACH who="0" step="1"/><D51/><REACH who="0" ten="140,330,260,250" step="2"/><U112/><E112/><V26/><F50/><W75/><G75/><T111/><D111/><U131/><E131/><V88/><F88/><W61/><G115/><T81/><D81/><U107/><E107/><V100/><F100/><W48/><G113/><T0/><D0/><U109/><E109/><V56/><F5/><W15/><G48/><T37/><D37/><RYUUKYOKU ba="0,2" sc="140,15,330,15,260,-15,250,-15" hai0="9,12,16,17,18,23,24,25,57,59,63,64,69" hai1="10,11,14,19,21,22,27,30,52,53,54,62,70" /><INIT seed="3,1,2,3,4,115" ten="155,345,245,235" oya="3" hai0="95,90,10,27,76,122,125,1,101,84,19,16,91" hai1="12,88,52,111,87,41,106,5,113,92,55,94,11" hai2="75,79,25,131,116,62,103,86,73,50,134,31,104" hai3="33,34,61,23,4,46,47,48,83,107,13,18,17"/><W6/><G107/><T42/><D122/><U123/><E106/><V57/><F116/><W22/><G61/><T126/><D101/><U70/><E113/><V64/><F131/><W0/><G0/><T127/><D76/><U8/><E123/><V68/><F134/><W35/><G83/><T24/><D42/><U89/><E70/><V14/><F14/><W29/><G29/><T114/><D114/><U69/><E69/><V130/><F130/><W129/><G129/><T60/><D60/><U58/><E111/><V65/><F65/><W109/><G109/><T43/><D43/><U133/><E133/><V28/><F28/><W108/><G108/><T96/><D1/><U36/><E36/><V82/><F57/><W66/><G66/><T105/><D105/><U63/><E41/><V78/><F50/><W3/><G3/><T38/><D38/><U77/><E11/><V37/><F37/><W45/><REACH who="3" step="1"/><G48/><REACH who="3" ten="155,345,245,225" step="2"/><T121/><D121/><U21/><E63/><V97/><REACH who="2" step="1"/><F79/><REACH who="2" ten="155,345,235,225" step="2"/><W9/><G9/><T112/><D112/><U74/><E8/><V81/><F81/><W120/><G120/><T30/><D10/><U132/><E77/><V128/><F128/><W85/><G85/><T99/><D84/><U72/><E87/><V44/><F44/><W124/><G124/><T80/><D80/><U98/><E132/><V49/><F49/><W100/><G100/><T53/><D125/><U71/><E72/><V117/><F117/><W56/><G56/><T119/><D119/><U20/><E58/><V15/><F15/><AGARI ba="1,4" hai="4,6,13,15,17,18,22,23,33,34,35,45,46,47" machi="15" ten="50,4800,0" yaku="1,1,9,1,53,0" doraHai="115" doraHaiUra="26" who="3" fromWho="2" sc="155,0,345,0,235,-51,225,91" /><INIT seed="3,2,0,1,2,30" ten="155,345,184,316" oya="3" hai0="84,94,53,117,63,46,55,77,98,81,45,70,91" hai1="54,19,51,47,24,34,110,11,71,32,13,109,15" hai2="130,66,82,79,48,75,113,115,41,1,28,14,23" hai3="125,17,106,102,118,135,57,111,29,107,35,25,64"/><W128/><G118/><T49/><D117/><U74/><E71/><V72/><F1/><W39/><G39/><T104/><D104/><U83/><E15/><V86/><F66/><W85/><G125/><T122/><D122/><U59/><E59/><V56/><F130/><W43/><G128/><T124/><D124/><U133/><E133/><V37/><F37/><W131/><G131/><T101/><D70/><U67/><E67/><V69/><F69/><W50/><G135/><T65/><D65/><U132/><E132/><V10/><F75/><W121/><G121/><T78/><D63/><U12/><E12/><V31/><F72/><W103/><G111/><N who="1" m="42506" /><E24/><N who="2" m="16415" /><F31/><W18/><G85/><T61/><D61/><U44/><E44/><N who="2" m="25615" /><F56/><W88/><G64/><T6/><D6/><AGARI ba="2,0" hai="6,10,14,79,82,86,113,115" m="25615,16415" machi="6" ten="30,1000,0" yaku="25,1" doraHai="30" who="2" fromWho="0" sc="155,-16,345,0,184,16,316,0" owari="139,-36.1,345,44.5,200,-20.0,316,11.6" /></mjloggm>