<mjloggm ver="2.3"><GO type="225" lobby="0"/><UN n0="%33%74%72%65%65" n1="%E3%83%A9%E3%83%BC%E3%83%A1%E3%83%B3%E4%BA%94%E9%83%8E" n2="%6D%75%75%73%61%6E%6D%75" n3="%6B%69%72%61%64%6F%6B%69" dan="16,16,16,16" rate="2143.91,2084.64,2106.23,2123.18" sx="F,M,F,M"/><TAIKYOKU oya="0"/><INIT seed="0,0,0,3,3,67" ten="250,250,250,250" oya="0" hai0="84,24,62,42,128,43,5,85,131,79,87,91,77" hai1="135,93,71,65,121,10,70,103,56,88,100,19,105" hai2="38,35,63,4,125,76,54,98,46,106,14,21,112" hai3="13,81,126,96,129,7,101,119,12,99,20,113,122"/><T72/><D72/><U108/><E121/><V80/><F35/><W120/><G113/><T123/><D123/><N who="3" m="47145" /><G119/><T33/><D91/><U83/><E105/><V25/><F112/><W73/><G129/><N who="0" m="49739" /><D62/><U124/><E83/><V89/><F125/><W116/><G116/><T90/><D90/><U111/><E124/><V9/><F89/><W34/><G34/><T39/><D5/><U115/><E115/><V11/><F4/><W109/><G109/><N who="1" m="42058" /><E135/><V32/><F63/><W49/><G126/><T64/><D64/><U94/><E56/><V41/><F32/><W82/><G73/><T55/><D55/><U114/><E114/><V0/><F54/><W18/><G49/><T48/><D48/><U86/><E65/><V61/><F61/><W104/><G99/><T1/><D42/><U95/><E95/><V60/><F60/><W130/><G130/><T15/><D43/><U59/><E59/><V132/><F132/><W53/><G53/><T17/><D77/><U58/><E58/><V50/><F50/><W118/><G118/><T78/><D78/><U69/><E94/><V127/><F127/><W27/><G7/><T28/><D79/><U52/><E52/><V47/><F41/><W117/><G117/><T75/><D75/><U2/><E2/><V16/><F0/><W36/><G36/><T74/><D74/><U97/><E97/><V45/><F38/><W66/><G66/><T44/><D1/><U29/><E29/><N who="2" m="17583" /><F98/><W134/><G134/><T8/><D39/><U26/><E26/><V107/><F76/><W92/><G92/><T57/><D57/><RYUUKYOKU ba="0,0" sc="250,10,250,10,250,-30,250,10" hai0="8,15,17,24,28,33,44,84,85,87" hai1="10,19,69,70,71,86,88,93,100,103" hai3="12,13,18,20,27,81,82,96,101,104" /><INIT seed="0,1,0,5,5,45" ten="260,260,220,260" oya="0" hai0="121,96,72,3,46,99,33,13,43,40,90,39,97" hai1="101,27,30,98,86,108,56,18,78,131,42,117,114" hai2="74,7,65,81,85,105,41,29,15,110,132,68,129" hai3="60,12,32,23,61,113,1,49,126,31,53,4,71"/><T2/><D121/><U21/><E117/><V5/><F74/><W52/><G113/><T66/><D72/><U116/><E116/><V89/><F105/><W135/><G71/><T109/><D109/><U122/><E122/><V75/><F110/><W106/><G106/><T84/><D33/><U94/><E108/><V104/><F129/><W24/><G126/><T36/><D66/><U130/><E114/><V115/><F115/><W35/><G35/><T82/><REACH who="0" step="1"/><D13/><REACH who="0" ten="250,260,220,260" step="2"/><U70/><E130/><V59/><F75/><W80/><G32/><T57/><D57/><U54/><E131/><V47/><F68/><W83/><G12/><T123/><D123/><U95/><E70/><V34/><F15/><W58/><G1/><T64/><D64/><U127/><E56/><V6/><F65/><W91/><G4/><T19/><D19/><U8/><E18/><V0/><F0/><W102/><G58/><T50/><D50/><U120/><E120/><V20/><F34/><W69/><G49/><T9/><D9/><U48/><E8/><V88/><F59/><W87/><G69/><T28/><D28/><U119/><E119/><V51/><F7/><W26/><G31/><T118/><D118/><U25/><E30/><V16/><F6/><W22/><G60/><T103/><D103/><U17/><E101/><V14/><F5/><W93/><G102/><T112/><D112/><U37/><E17/><V133/><F29/><W63/><G61/><T134/><D134/><N who="2" m="51818" /><F104/><W10/><G63/><T100/><D100/><U128/><E128/><V62/><F62/><W11/><G135/><RYUUKYOKU ba="1,1" sc="250,15,260,-15,220,15,260,-15" hai0="2,3,36,39,40,43,46,82,84,90,96,97,99" hai2="14,16,20,41,47,51,81,85,88,89" /><INIT seed="0,2,1,0,4,48" ten="265,245,235,245" oya="0" hai0="23,119,105,130,27,70,123,44,132,88,37,36,100" hai1="29,41,56,82,1,52,131,20,83,72,76,11,40" hai2="129,30,24,62,13,43,7,87,18,64,25,93,78" hai3="109,104,95,2,58,35,59,67,122,127,26,108,97"/><T75/><D119/><U112/><E131/><V53/><F129/><W47/><G2/><T124/><D123/><U12/><E1/><V86/><F43/><W55/><G122/><T33/><D88/><U106/><E106/><V121/><F7/><W66/><G104/><T94/><D94/><U65/><E65/><N who="3" m="24586" /><G35/><T79/><D23/><U116/><E116/><V125/><F125/><W80/><G26/><T133/><D124/><U31/><E112/><V126/><F126/><W6/><G6/><T54/><D70/><U51/><E83/><V113/><F113/><W14/><G80/><N who="0" m="45183" /><D130/><U38/><E38/><N who="0" m="14953" /><D54/><U45/><E20/><V34/><F121/><W10/><G127/><T63/><D44/><U42/><REACH who="1" step="1"/><E45/><REACH who="1" ten="265,235,235,245" step="2"/><V89/><F34/><W17/><G47/><T60/><D33/><U99/><E99/><V16/><F86/><W57/><G97/><T135/><D105/><U69/><E69/><V71/><F71/><W4/><G95/><T85/><D132/><U61/><E61/><V103/><F64/><W115/><G115/><T46/><D60/><U77/><E77/><V50/><F62/><W91/><G108/><T111/><D63/><U9/><E9/><V81/><F78/><W73/><G109/><T110/><D46/><U22/><E22/><V15/><F81/><W101/><G10/><T92/><D135/><U68/><E68/><V117/><F117/><W114/><G114/><T102/><D133/><U0/><E0/><V39/><F39/><W96/><G96/><T107/><D111/><U134/><E134/><V74/><F87/><W98/><G98/><RYUUKYOKU ba="2,2" sc="265,-10,235,30,235,-10,245,-10" hai1="11,12,29,31,40,41,42,51,52,56,72,76,82" /><INIT seed="1,3,2,4,0,101" ten="255,265,225,235" oya="1" hai0="72,71,30,100,76,134,120,114,95,44,110,42,96" hai1="130,49,6,5,129,88,66,28,87,93,33,118,126" hai2="125,8,75,16,70,102,89,37,21,20,27,14,122" hai3="53,23,51,40,121,131,61,45,57,7,116,19,86"/><U113/><E113/><V109/><F122/><W82/><G121/><T29/><D114/><U4/><E118/><V115/><F115/><W80/><G116/><T10/><D110/><U34/><E126/><V81/><F70/><W43/><G131/><N who="1" m="50186" /><E66/><V103/><F37/><W38/><G7/><T112/><D71/><U90/><E28/><V78/><F109/><W55/><G38/><T9/><D120/><U13/><E13/><V83/><F125/><W62/><G62/><T128/><D112/><U92/><E49/><V67/><F67/><W35/><G35/><N who="1" m="13322" /><E87/><V64/><F64/><W60/><G60/><T46/><D29/><U56/><E56/><V77/><F21/><W3/><G3/><T11/><D30/><U54/><E54/><V107/><F20/><W91/><G80/><T85/><D85/><U22/><E22/><V94/><F27/><AGARI ba="3,2" hai="19,23,27,40,43,45,51,53,55,57,61,82,86,91" machi="27" ten="30,2000,0" yaku="7,1,8,1" doraHai="101" who="3" fromWho="2" sc="255,0,265,0,225,-29,235,49" /><INIT seed="2,0,0,5,5,8" ten="255,265,196,284" oya="2" hai0="27,30,34,107,24,16,90,2,99,18,133,10,91" hai1="131,89,46,45,26,104,102,122,41,95,129,92,55" hai2="54,37,121,134,47,44,40,22,60,61,78,53,117" hai3="120,112,17,114,130,72,132,73,7,93,21,69,19"/><V87/><F117/><W5/><G69/><T113/><D113/><N who="3" m="43625" /><G93/><T116/><D116/><U29/><E122/><V68/><F121/><W108/><G120/><T52/><D133/><U65/><E65/><V82/><F134/><W49/><G132/><T38/><D38/><U100/><E104/><V67/><F61/><W32/><G32/><T109/><D109/><U57/><E100/><V128/><F128/><N who="1" m="49225" /><E102/><V77/><F77/><W31/><G130/><T81/><D107/><U14/><E14/><V88/><F44/><N who="1" m="17001" /><E89/><V50/><F37/><W51/><G108/><T71/><D90/><U126/><E41/><V85/><REACH who="2" step="1"/><F22/><REACH who="2" ten="255,265,186,284" step="2"/><W125/><G21/><T119/><D119/><U36/><E36/><V86/><F86/><W101/><G72/><T12/><D34/><N who="1" m="20791" /><E126/><V42/><F42/><W84/><G73/><T20/><D20/><U33/><E33/><V70/><F70/><W59/><G125/><T106/><D71/><U110/><E110/><V56/><F56/><W96/><G59/><T0/><D99/><U118/><E118/><V74/><F74/><W25/><G84/><T97/><D97/><U15/><E57/><V35/><F35/><W64/><G96/><T75/><D75/><U123/><E123/><V63/><F63/><W6/><G49/><T111/><D111/><U3/><E55/><V115/><F115/><W9/><G51/><T58/><D52/><U11/><E3/><V23/><F23/><N who="3" m="15807" /><G64/><T98/><D58/><U66/><E66/><V83/><AGARI ba="0,1" hai="40,47,50,53,54,60,67,68,78,82,83,85,87,88" machi="83" ten="20,7800,0" yaku="1,1,0,1,7,1,54,1,53,0" doraHai="8" doraHaiUra="94" who="2" fromWho="2" sc="255,-26,265,-26,186,88,284,-26" /><INIT seed="2,1,0,1,3,117" ten="229,239,274,258" oya="2" hai0="26,7,100,72,135,106,1,77,124,99,126,58,60" hai1="134,20,9,101,56,13,46,119,3,36,2,98,93" hai2="130,84,128,38,86,12,105,23,31,116,122,87,70" hai3="15,21,57,17,59,0,43,55,110,109,34,32,33"/><V68/><F116/><W95/><G0/><T45/><D135/><U5/><E119/><V127/><F105/><W4/><G43/><T133/><D133/><U50/><E134/><V19/><F38/><W54/><G4/><T104/><D104/><U41/><REACH who="1" step="1"/><E20/><REACH who="1" ten="229,229,274,258" step="2"/><V96/><F23/><W121/><G121/><T8/><D126/><U123/><E123/><V112/><F122/><W28/><G28/><T74/><D124/><U30/><E30/><V71/><F31/><W78/><G21/><T49/><D26/><U120/><E120/><V52/><F127/><W67/><G32/><T131/><D131/><U44/><E44/><V111/><F128/><W75/><G33/><T91/><D77/><U103/><E103/><V90/><F130/><W63/><G34/><T125/><D125/><U39/><E39/><V76/><F76/><W37/><G37/><T94/><D100/><U107/><E107/><V65/><F112/><W81/><G95/><T27/><D106/><U51/><E51/><V62/><F90/><W42/><G78/><T18/><D49/><U79/><E79/><V10/><F111/><W22/><G109/><T83/><D45/><U108/><E108/><V64/><F10/><W85/><G110/><T97/><D83/><U16/><E16/><V132/><F132/><W14/><G17/><T29/><D18/><U47/><E47/><V73/><F19/><W11/><G22/><T61/><D29/><U35/><E35/><V118/><F118/><W113/><G11/><T66/><D8/><U24/><E24/><V115/><F115/><W102/><G113/><RYUUKYOKU ba="1,1" sc="229,-10,229,30,274,-10,258,-10" hai1="2,3,5,9,13,36,41,46,50,56,93,98,101" /><INIT seed="3,2,1,1,3,83" ten="219,259,264,248" oya="3" hai0="113,106,61,112,98,101,119,80,2,89,45,17,56" hai1="63,86,96,129,19,34,71,52,28,134,29,23,121" hai2="20,36,74,57,0,16,81,5,22,58,118,115,50" hai3="64,123,132,87,11,76,43,85,116,93,21,78,12"/><W124/><G116/><T31/><D119/><U70/><E121/><V95/><F118/><W110/><G123/><T117/><D117/><U3/><E3/><V122/><F36/><W25/><G124/><T48/><D2/><U62/><E34/><V39/><F39/><W75/><G132/><T54/><D31/><N who="1" m="11851" /><E70/><V41/><F115/><N who="0" m="44106" /><D17/><U14/><E71/><V35/><F35/><W135/><G75/><T108/><D108/><U114/><E114/><V127/><F127/><W104/><G104/><T38/><D38/><U97/><E134/><V51/><F16/><N who="3" m="12455" /><G135/><T47/><D48/><U27/><E129/><V130/><F122/><W66/><G43/><T15/><D15/><U37/><E37/><V88/><F41/><W60/><G110/><T126/><D126/><U26/><E26/><V7/><F0/><W44/><G44/><T91/><D91/><U59/><E27/><V13/><F130/><W103/><G60/><N who="1" m="23082" /><E86/><AGARI ba="2,1" hai="45,47,54,56,61,80,86,89,98,101,106" m="44106" machi="86" ten="30,2000,0" yaku="11,1,52,1" doraHai="83" who="0" fromWho="1" sc="219,36,259,-26,264,0,248,0" /><INIT seed="4,0,0,1,4,91" ten="255,233,264,248" oya="0" hai0="131,68,35,108,7,56,33,10,38,62,23,98,120" hai1="127,55,77,132,66,85,93,121,125,19,99,49,48" hai2="104,28,13,26,40,36,2,113,63,134,81,129,21" hai3="61,126,31,20,0,15,65,29,5,101,70,135,110"/><T67/><D120/><U84/><E121/><V18/><F2/><W58/><G110/><T16/><D131/><U116/><E116/><V22/><F104/><W92/><G135/><T72/><D108/><U119/><E119/><V123/><F123/><W105/><G126/><N who="1" m="48138" /><E132/><V95/><F134/><W69/><G105/><T6/><D38/><U118/><E118/><V8/><F129/><W52/><G0/><T94/><D72/><U109/><E109/><V37/><F113/><W24/><G31/><T83/><D83/><N who="1" m="47215" /><E66/><V64/><F40/><W90/><G101/><T96/><D68/><U133/><E133/><V122/><F81/><W3/><G3/><T45/><D33/><U17/><E85/><V47/><F122/><W34/><G65/><T54/><D35/><U102/><E49/><V1/><F1/><W88/><G90/><N who="0" m="55383" /><D98/><U107/><E107/><V53/><F37/><W82/><G82/><T27/><D10/><U71/><E71/><V100/><F36/><W89/><G89/><T32/><D32/><U50/><E50/><AGARI ba="0,0" hai="6,7,16,23,27,45,50,54,56,62,67" m="55383" machi="50" ten="30,5800,0" yaku="8,1,52,1,54,1" doraHai="91" who="0" fromWho="1" sc="255,58,233,-58,264,0,248,0" owari="313,41.3,175,-32.5,264,6.4,248,-15.2" /></mjloggm>