<mjloggm ver="2.3"><GO type="225" lobby="0"/><UN n0="%77%72%77%72%77%72%77%72" n1="%E5%8D%A0%E3%81%84%E5%B8%AB%E8%A3%8F%E3%81%AA%E3%81%84%E3%81%97" n2="%E3%83%A9%E3%83%BC%E3%83%A1%E3%83%B3%E4%BA%94%E9%83%8E" n3="%E3%81%BF%E3%81%BF%E3%81%9A" dan="17,16,16,16" rate="2237.14,2191.42,2046.63,2184.28" sx="M,M,M,M"/><TAIKYOKU oya="0"/><INIT seed="0,0,0,5,1,38" ten="250,250,250,250" oya="0" hai0="116,51,50,117,81,125,44,71,80,8,86,62,103" hai1="11,36,66,111,65,32,105,89,21,106,69,42,78" hai2="75,18,26,91,54,72,10,16,25,23,49,129,84" hai3="4,112,64,2,56,31,82,120,119,43,47,90,107"/><T123/><D123/><U134/><E32/><V46/><F129/><W113/><G119/><T110/><D125/><U133/><E111/><V39/><F39/><W53/><G107/><T96/><D110/><U35/><E35/><V77/><F77/><W95/><G64/><T60/><D80/><U102/><E78/><V79/><F79/><W76/><G31/><T115/><D115/><U15/><E21/><V24/><F10/><W40/><G120/><T70/><D8/><U22/><E22/><V97/><F97/><W9/><G47/><T128/><D128/><U108/><E89/><V132/><F132/><N who="1" m="50793" /><E108/><V0/><F0/><W28/><G28/><T135/><D135/><U45/><E102/><V68/><F68/><W6/><G6/><T37/><D37/><U58/><E58/><V13/><REACH who="2" step="1"/><F18/><REACH who="2" ten="250,250,240,250" step="2"/><W55/><G113/><T114/><D114/><U27/><E69/><V99/><F99/><W73/><G112/><T7/><D70/><U63/><E11/><V34/><F34/><W92/><G90/><N who="0" m="51535" /><D71/><U20/><E36/><V61/><F61/><N who="0" m="23658" /><D7/><U100/><E65/><V30/><F30/><W93/><REACH who="3" step="1"/><G56/><REACH who="3" ten="250,250,240,240" step="2"/><T19/><D19/><U130/><E66/><V87/><F87/><W104/><G104/><T88/><D117/><U48/><E105/><V14/><F14/><W118/><G118/><T5/><D116/><U127/><E15/><V121/><F121/><W3/><G3/><T98/><D5/><U109/><E106/><V41/><F41/><AGARI ba="0,2" hai="2,4,9,40,41,43,53,55,73,76,82,92,93,95" machi="41" ten="40,8000,1" yaku="1,1,52,3,53,0" doraHai="38" doraHaiUra="94" who="3" fromWho="2" sc="250,0,250,0,240,-80,240,100" /><INIT seed="1,0,0,4,5,26" ten="250,250,160,340" oya="1" hai0="132,131,129,9,88,68,2,111,110,75,18,39,5" hai1="32,56,60,15,81,53,58,130,21,113,49,43,127" hai2="63,27,72,64,85,94,105,50,118,25,104,51,73" hai3="8,65,66,12,55,6,37,48,19,42,78,46,92"/><U71/><E113/><V67/><F94/><W24/><G78/><T82/><D68/><U3/><E32/><V108/><F85/><W1/><G92/><T17/><D39/><U10/><E130/><N who="0" m="49673" /><D132/><U97/><E127/><V28/><F63/><W134/><G134/><T95/><D82/><U0/><E71/><V117/><REACH who="2" step="1"/><F108/><REACH who="2" ten="250,250,150,340" step="2"/><N who="0" m="41514" /><D75/><U125/><E60/><V83/><F83/><W100/><G100/><T33/><D33/><U116/><E81/><V74/><F74/><W126/><G126/><T106/><D106/><U59/><E125/><V123/><F123/><W38/><G66/><T35/><D35/><U112/><E97/><AGARI ba="0,1" hai="2,5,9,17,18,88,95,97" m="41514,49673" machi="97" ten="30,3900,0" yaku="19,1,14,1,54,1" doraHai="26" who="0" fromWho="1" sc="250,49,250,-39,150,0,340,0" /><INIT seed="2,0,0,1,5,121" ten="299,211,150,340" oya="2" hai0="6,117,28,72,114,41,86,1,125,134,80,85,102" hai1="17,47,15,127,61,53,128,32,40,131,106,19,29" hai2="84,39,48,115,76,112,37,3,33,14,77,27,58" hai3="68,87,108,96,4,21,122,31,93,49,20,12,83"/><V16/><F3/><W74/><G74/><T11/><D114/><U42/><E106/><V92/><F112/><W69/><G122/><T7/><D134/><U67/><E127/><V99/><F115/><W10/><G108/><T70/><D125/><U46/><E53/><V24/><F37/><W82/><G69/><T35/><D70/><U50/><E29/><V94/><F39/><W78/><G68/><T111/><D111/><U90/><E32/><V2/><F2/><W133/><G133/><T113/><D113/><U63/><E90/><N who="2" m="53319" /><F33/><W71/><G71/><T66/><D7/><U101/><E101/><N who="2" m="60663" /><F58/><W25/><G83/><T103/><D117/><U130/><E67/><V110/><F48/><W22/><G49/><T65/><D66/><U123/><E123/><V18/><F18/><N who="1" m="6665" /><E15/><V54/><F54/><W88/><AGARI ba="0,0" hai="4,10,12,20,21,22,25,31,78,82,87,88,93,96" machi="88" ten="20,5200,0" yaku="0,1,7,1,8,1,54,1" doraHai="121" who="3" fromWho="3" sc="299,-13,211,-13,150,-26,340,52" /><INIT seed="3,0,0,0,2,0" ten="286,198,124,392" oya="3" hai0="14,19,29,1,46,94,135,100,24,91,127,25,128" hai1="107,132,105,99,114,18,64,47,134,15,11,57,17" hai2="75,44,118,2,90,125,104,98,65,70,108,122,45" hai3="59,8,48,86,16,117,31,66,35,115,102,87,123"/><W28/><G115/><T129/><D100/><U97/><E114/><V67/><F90/><W61/><G117/><T74/><D74/><U27/><E47/><V72/><F98/><N who="1" m="37385" /><E64/><V79/><F79/><W60/><G123/><T126/><D46/><U40/><E40/><V53/><F53/><W106/><G35/><T68/><D68/><U109/><E109/><V116/><F122/><W50/><G106/><T84/><D1/><U92/><E92/><V76/><F76/><W119/><G61/><T37/><D37/><U83/><E57/><V89/><F89/><W113/><G119/><T49/><D49/><N who="3" m="19049" /><G113/><T20/><D94/><U55/><E55/><V34/><F2/><W101/><G101/><T133/><D84/><N who="3" m="32297" /><G102/><T23/><D25/><U77/><E83/><V43/><F43/><W5/><G16/><T33/><D33/><U120/><E77/><V103/><F103/><W12/><AGARI ba="0,0" hai="5,8,12,28,31,59,60,66" m="32297,19049" machi="12" ten="30,3000,0" yaku="8,1,52,1" doraHai="0" who="3" fromWho="3" sc="286,-10,198,-10,124,-10,392,30" owari="276,7.6,188,-21.2,114,-38.6,422,52.2" /></mjloggm>