<mjloggm ver="2.3"><GO type="225" lobby="0"/><UN n0="%72%69%6F%75%63%68%61%6E" n1="%E3%80%93%E3%81%97%E3%83%BC%E3%82%89%E3%80%93" n2="%E3%81%A9%E3%82%8F%E3%82%93%E3%81%94" n3="%E6%B8%A9%E2%98%85%E6%83%85%E2%98%85%E6%8E%AA%E2%98%85%E7%BD%AE" dan="16,16,16,17" rate="2134.02,2075.02,2105.82,2230.25" sx="M,M,M,M"/><TAIKYOKU oya="0"/><INIT seed="0,0,0,4,4,11" ten="250,250,250,250" oya="0" hai0="22,0,31,21,52,55,122,54,42,74,26,62,72" hai1="58,48,40,119,23,9,106,3,25,24,85,37,89" hai2="30,7,104,121,110,88,114,16,113,33,35,44,64" hai3="82,130,51,87,93,120,124,96,8,68,97,17,103"/><T125/><D122/><U115/><E106/><V47/><F121/><W10/><G120/><T117/><D117/><U133/><E119/><V129/><F104/><W94/><G130/><T20/><D125/><U57/><E115/><V108/><F64/><W14/><G124/><T53/><D0/><U15/><E3/><V132/><F7/><W65/><G68/><T56/><REACH who="0" step="1"/><D42/><REACH who="0" ten="240,250,250,250" step="2"/><U18/><E133/><V28/><F132/><W116/><G116/><T128/><D128/><U50/><E37/><V5/><F129/><W39/><G39/><T95/><D95/><N who="1" m="54703" /><E25/><V59/><F114/><W61/><G94/><T112/><D112/><U86/><E40/><V4/><F113/><W60/><G93/><T70/><D70/><U105/><E105/><V69/><F69/><W45/><G96/><T6/><D6/><N who="1" m="3511" /><E86/><V135/><F135/><W101/><G87/><T84/><D84/><U118/><E118/><V83/><F83/><W36/><G82/><T134/><D134/><U75/><E75/><AGARI ba="0,1" hai="20,21,22,26,31,52,53,54,55,56,62,72,74,75" machi="75" ten="40,3900,0" yaku="1,1,54,1,53,0" doraHai="11" doraHaiUra="38" who="0" fromWho="1" sc="240,49,250,-39,250,0,250,0" /><INIT seed="0,1,0,2,2,3" ten="289,211,250,250" oya="0" hai0="38,36,125,41,121,46,47,8,9,73,100,105,87" hai1="20,25,15,122,108,40,97,71,21,16,74,55,96" hai2="117,4,129,65,83,43,113,64,0,101,32,90,99" hai3="111,49,29,92,62,115,19,119,6,94,133,127,134"/><T72/><D121/><U10/><E74/><N who="0" m="28777" /><D87/><U34/><E71/><V56/><F113/><W52/><G115/><T75/><N who="0" m="28785" /><T106/><DORA hai="79" /><D100/><U66/><E34/><V2/><F32/><W89/><G119/><T7/><D125/><U120/><E66/><V51/><F117/><W130/><G127/><T60/><D60/><U17/><E108/><V50/><F43/><W118/><G111/><T80/><D80/><U11/><E40/><V128/><F90/><W98/><G62/><T107/><D41/><U88/><E55/><N who="2" m="31863" /><F51/><W1/><G118/><T31/><D31/><U109/><E109/><V78/><F2/><W39/><G29/><T68/><D7/><U110/><E110/><V70/><F70/><W26/><G6/><T59/><D59/><U58/><E58/><V61/><F61/><W102/><G1/><T95/><D95/><U81/><E122/><V93/><F4/><W126/><G126/><T132/><D68/><U44/><E44/><N who="0" m="16937" /><D132/><U82/><E120/><V35/><F35/><W54/><G49/><T45/><N who="0" m="16945" /><T23/><DORA hai="124" /><D23/><U103/><E103/><V57/><F0/><W53/><G133/><T135/><D135/><U116/><E116/><V18/><F57/><W22/><G134/><T48/><D48/><U112/><E112/><V5/><F5/><W131/><REACH who="3" step="1"/><G39/><AGARI ba="1,0" hai="8,9,36,38,39,105,106,107" m="16945,28785" machi="39" ten="60,5800,0" yaku="28,2" doraHai="3,79,124" who="0" fromWho="3" sc="289,61,211,0,250,0,250,-61" /><INIT seed="0,2,0,1,4,35" ten="350,211,250,189" oya="0" hai0="40,135,101,19,132,25,50,99,120,87,0,72,82" hai1="27,3,112,41,44,111,24,126,78,15,64,119,65" hai2="129,1,23,104,75,36,16,33,29,81,46,114,70" hai3="97,86,53,42,131,91,102,94,117,20,100,88,51"/><T66/><D120/><U71/><E119/><V103/><F114/><W62/><G117/><T7/><D72/><U83/><E112/><V127/><F23/><W56/><G131/><T45/><D66/><U110/><E126/><V80/><F16/><W121/><G121/><T105/><D19/><U2/><E15/><V123/><F123/><W115/><G115/><T77/><REACH who="0" step="1"/><D25/><REACH who="0" ten="340,211,250,189" step="2"/><N who="1" m="9803" /><E64/><V84/><F75/><W85/><G20/><T8/><AGARI ba="2,1" hai="0,7,8,40,45,50,77,82,87,99,101,105,132,135" machi="8" ten="30,11700,0" yaku="1,1,0,1,52,1,53,1" doraHai="35" doraHaiUra="34" who="0" fromWho="0" sc="340,133,211,-41,250,-41,189,-41" /><INIT seed="0,3,0,0,0,9" ten="473,170,209,148" oya="0" hai0="47,121,34,80,87,98,51,112,64,113,52,36,85" hai1="72,60,11,92,17,120,20,81,111,19,15,29,40" hai2="94,22,114,62,8,48,43,21,101,127,88,67,123" hai3="106,86,90,0,68,100,91,132,78,119,65,45,31"/><T49/><D121/><U89/><E111/><V54/><F127/><W56/><G119/><T105/><D34/><U117/><E117/><V131/><F114/><W2/><G132/><T135/><D135/><U12/><E120/><V46/><F131/><W59/><G68/><T99/><D36/><U25/><E40/><V73/><F73/><W16/><G31/><T124/><D124/><U96/><E72/><V10/><F101/><W23/><G78/><T97/><D105/><U69/><E81/><V13/><F43/><W129/><G129/><T24/><D64/><U82/><E82/><V42/><F42/><W76/><G76/><T6/><D6/><U95/><E95/><V50/><F50/><W26/><G45/><T108/><D108/><U134/><E134/><V39/><F8/><W75/><G75/><T71/><D71/><U128/><E128/><V66/><F39/><W110/><G110/><T125/><D125/><U53/><E69/><V32/><F32/><W35/><G35/><T3/><D3/><U84/><E84/><N who="2" m="52487" /><F123/><W33/><G33/><T18/><D49/><U7/><REACH who="1" step="1"/><E15/><REACH who="1" ten="473,160,209,148" step="2"/><V118/><F118/><W28/><G0/><T70/><D70/><U115/><E115/><V44/><F44/><W104/><G2/><T77/><D87/><U63/><E63/><V5/><F62/><N who="3" m="38087" /><G106/><T102/><D113/><U4/><E4/><V58/><F46/><W126/><G126/><T103/><D112/><U57/><AGARI ba="3,1" hai="7,11,12,17,19,20,25,29,53,57,60,89,92,96" machi="57" ten="30,8000,1" yaku="1,1,0,1,8,1,52,1,53,1" doraHai="9" doraHaiUra="93" who="1" fromWho="1" sc="473,-43,160,99,209,-23,148,-23" /><INIT seed="1,0,0,0,4,59" ten="430,259,186,125" oya="1" hai0="71,57,42,109,44,6,90,99,78,108,119,114,11" hai1="123,4,31,39,96,24,27,117,120,133,8,77,53" hai2="98,16,76,82,89,58,124,2,10,69,1,62,121" hai3="29,132,23,55,131,47,128,94,52,65,116,12,118"/><U80/><E39/><V19/><F121/><W100/><G100/><T86/><D71/><U15/><E117/><N who="3" m="45162" /><G94/><N who="0" m="56791" /><D119/><U7/><E133/><V45/><F69/><W0/><G0/><T32/><D32/><U112/><E112/><V5/><F1/><W51/><G132/><T73/><D73/><U48/><E96/><V64/><F124/><W110/><G110/><N who="0" m="42603" /><D114/><U84/><E7/><V79/><F79/><W3/><G3/><N who="0" m="479" /><D57/><U85/><E85/><V30/><F30/><W127/><G127/><T107/><D107/><U97/><E97/><V113/><F113/><W91/><G91/><T134/><D134/><U18/><E4/><V92/><REACH who="2" step="1"/><F45/><REACH who="2" ten="430,259,176,125" step="2"/><W13/><G131/><T72/><D72/><AGARI ba="0,1" hai="2,5,10,16,19,58,62,64,72,76,82,89,92,98" machi="72" ten="30,12000,2" yaku="1,1,2,1,7,1,52,1,54,1,53,1" doraHai="59" doraHaiUra="87" who="2" fromWho="0" sc="430,-120,259,0,176,130,125,0" /><INIT seed="2,0,0,1,2,20" ten="310,259,306,125" oya="2" hai0="53,58,61,38,0,87,16,64,130,59,132,6,56" hai1="33,90,94,131,39,68,41,2,63,22,96,62,7" hai2="24,123,107,88,109,42,69,47,66,35,72,108,117" hai3="134,67,93,95,79,73,18,81,74,119,36,104,11"/><V44/><F123/><W17/><G119/><T113/><D113/><U77/><E33/><V99/><F117/><W28/><G104/><T60/><D38/><U76/><E131/><V45/><F72/><W102/><G36/><T4/><D130/><U57/><E68/><V100/><F42/><W15/><G134/><T8/><D132/><U70/><E70/><V128/><F128/><W9/><G67/><T103/><D103/><U54/><E63/><N who="2" m="40159" /><F88/><W29/><G102/><T118/><D118/><U50/><E39/><V82/><F82/><W31/><REACH who="3" step="1"/><G74/><REACH who="3" ten="310,259,306,115" step="2"/><T75/><D75/><U25/><E41/><V21/><F107/><W27/><G27/><T92/><D64/><U34/><E34/><V14/><F35/><W126/><G126/><T114/><D114/><U89/><E89/><V78/><F100/><W124/><G124/><T46/><D61/><U65/><E62/><V129/><F129/><W135/><G135/><T49/><D60/><U86/><E65/><V106/><F106/><W127/><G127/><T133/><D133/><U101/><E90/><V80/><F24/><W115/><G115/><T1/><D92/><U26/><E94/><V112/><F112/><W122/><G122/><T83/><D83/><U32/><E26/><V43/><F80/><W48/><G48/><T116/><D116/><U40/><E25/><V121/><F121/><W120/><G120/><T91/><D49/><U55/><E50/><V71/><F71/><W3/><G3/><T37/><D0/><U12/><E101/><V13/><F13/><AGARI ba="0,1" hai="9,11,13,15,17,18,28,29,31,73,79,81,93,95" machi="13" ten="40,2600,0" yaku="1,1,9,1,53,0" doraHai="20" doraHaiUra="19" who="3" fromWho="2" sc="310,0,259,0,306,-26,115,36" /><INIT seed="3,0,0,0,5,11" ten="310,259,280,151" oya="3" hai0="27,0,133,66,125,86,104,36,126,42,105,31,135" hai1="6,70,67,5,97,13,58,113,12,114,44,30,38" hai2="51,7,20,59,10,118,25,92,108,26,88,76,131" hai3="24,95,87,75,9,34,65,55,8,49,72,69,71"/><W112/><G112/><T78/><D0/><U37/><E70/><V18/><F118/><W110/><G110/><T60/><D42/><U39/><E44/><V64/><F108/><W101/><G71/><N who="0" m="42439" /><D36/><U56/><E30/><V17/><F131/><W32/><G65/><T80/><D104/><U62/><E97/><V109/><F76/><W84/><G69/><T43/><D43/><U91/><E91/><V1/><F109/><W82/><G8/><T134/><D105/><U124/><E124/><V23/><F64/><W132/><G9/><T83/><D83/><U73/><E73/><V117/><F117/><W115/><G115/><N who="1" m="44042" /><E62/><V116/><F116/><W81/><G81/><T16/><D16/><U111/><E67/><V28/><F28/><N who="3" m="19463" /><G34/><AGARI ba="0,0" hai="27,31,34,78,80,86,125,126,133,134,135" m="42439" machi="34" ten="30,1000,0" yaku="20,1" doraHai="11" who="0" fromWho="3" sc="310,10,259,0,280,0,151,-10" owari="320,42.0,259,-14.1,280,8.0,141,-35.9" /></mjloggm>