<mjloggm ver="2.3"><GO type="225" lobby="0"/><UN n0="%72%61%6B%33" n1="%E7%B4%94%E6%BD%94%E3%83%94%E3%83%A9%E3%83%8B%E3%82%A2" n2="%E6%97%A5%E6%9B%9C%E6%97%A5%E3%82%88%E3%82%8A%E3%81%AE%E4%BD%BF%E8%80%85" n3="%E6%A1%9C%E8%8A%B1%E9%96%83%E3%80%85" dan="17,16,17,18" rate="2302.07,2078.51,2151.93,2266.33" sx="M,M,M,M"/><TAIKYOKU oya="0"/><INIT seed="0,0,0,4,0,110" ten="250,250,250,250" oya="0" hai0="102,89,132,84,17,37,25,60,18,105,53,7,116" hai1="124,103,55,97,118,10,106,26,122,52,1,22,73" hai2="38,81,47,95,101,131,69,70,50,49,98,79,64" hai3="117,83,76,28,19,51,43,39,75,90,100,72,13"/><T44/><D116/><U88/><E122/><V34/><F34/><W104/><G117/><T68/><D132/><U120/><E120/><V61/><F131/><W33/><G39/><T74/><D74/><U46/><E124/><V23/><F70/><W12/><G75/><T24/><D7/><U9/><E73/><V108/><F108/><W113/><G28/><T91/><D105/><U126/><E126/><V29/><F38/><W85/><G33/><T65/><D102/><U78/><E78/><V59/><F69/><W20/><G12/><T57/><D24/><U92/><E118/><V119/><F119/><W48/><G43/><T15/><D25/><U109/><E109/><V41/><F50/><W71/><G71/><T8/><D17/><U134/><E134/><V35/><F35/><W54/><G54/><T27/><D27/><U86/><E1/><V2/><F2/><W31/><G31/><T135/><D135/><U67/><E67/><V121/><F121/><W30/><G30/><T4/><D4/><U6/><E6/><V0/><F0/><W80/><G113/><T66/><D84/><U40/><E10/><V128/><F128/><W82/><REACH who="3" step="1"/><G83/><REACH who="3" ten="250,250,250,240" step="2"/><T36/><D36/><U87/><E26/><N who="2" m="16607" /><F81/><W130/><G130/><T77/><D68/><U112/><E112/><V14/><F14/><W32/><G32/><T3/><D3/><U129/><E129/><V11/><F11/><W123/><G123/><T58/><D37/><U114/><E9/><V42/><F41/><W63/><G63/><N who="0" m="38127" /><D77/><AGARI ba="0,1" hai="42,47,49,59,61,64,77,79,95,98,101" m="16607" machi="77" ten="30,2000,0" yaku="25,1,8,1" doraHai="110" who="2" fromWho="0" sc="250,-20,250,0,250,30,240,0" /><INIT seed="1,0,0,2,1,58" ten="230,250,280,240" oya="1" hai0="46,114,60,103,47,105,109,24,120,61,22,27,112" hai1="44,126,99,135,130,29,11,65,68,40,32,30,123" hai2="50,117,34,108,53,110,42,6,111,83,51,10,88" hai3="2,95,119,28,129,90,56,104,26,4,96,33,124"/><U116/><E123/><V25/><F117/><W132/><G119/><T0/><D0/><U59/><E116/><V84/><F42/><W43/><G124/><T35/><D120/><U113/><E126/><V31/><REACH who="2" step="1"/><F53/><REACH who="2" ten="230,250,270,240" step="2"/><W67/><G43/><T38/><D114/><U14/><E113/><V12/><AGARI ba="0,1" hai="6,10,12,25,31,34,50,51,83,84,88,108,110,111" machi="12" ten="30,8000,1" yaku="1,1,2,1,0,1,14,1,54,1,53,0" doraHai="58" doraHaiUra="62" who="2" fromWho="2" sc="230,-20,250,-40,270,90,240,-20" /><INIT seed="2,0,0,1,4,86" ten="210,210,360,220" oya="2" hai0="9,43,62,35,10,8,91,108,56,99,19,94,20" hai1="105,95,24,25,37,23,77,61,87,127,76,49,126" hai2="55,123,124,48,33,26,67,89,116,60,3,18,78" hai3="57,114,128,21,12,110,44,40,85,74,14,83,81"/><V117/><F123/><W63/><G110/><T115/><D108/><U122/><E105/><V118/><F3/><W100/><G128/><T72/><D115/><U31/><E37/><V51/><F124/><N who="1" m="47657" /><E122/><V29/><F78/><W103/><G74/><T28/><D72/><U107/><E107/><V111/><F111/><W112/><G83/><T47/><D35/><N who="1" m="20967" /><E61/><V97/><F18/><N who="3" m="10439" /><G14/><T113/><D113/><N who="3" m="43625" /><G44/><T39/><D28/><N who="1" m="17471" /><E49/><V93/><REACH who="2" step="1"/><F55/><REACH who="2" ten="210,210,350,220" step="2"/><N who="3" m="34239" /><G40/><T70/><D43/><U129/><E129/><V92/><F92/><W38/><G38/><T65/><D39/><U27/><E27/><V125/><F125/><W135/><G135/><T66/><D94/><U98/><E87/><V13/><F13/><W6/><G6/><T59/><D19/><U17/><E17/><V68/><AGARI ba="0,1" hai="26,29,33,48,51,60,67,68,89,93,97,116,117,118" machi="68" ten="30,11700,0" yaku="1,1,0,1,52,1,53,1" doraHai="86" doraHaiUra="58" who="2" fromWho="2" sc="210,-39,210,-39,350,127,220,-39" /><INIT seed="2,1,0,5,5,2" ten="171,171,477,181" oya="2" hai0="101,66,77,112,55,18,135,74,132,72,76,104,86" hai1="80,94,108,68,51,127,23,99,58,6,14,113,54" hai2="7,4,1,129,42,61,62,131,69,46,105,75,79" hai3="123,95,8,115,48,84,56,37,82,31,19,98,59"/><V45/><F105/><W0/><G123/><T83/><D66/><U87/><E68/><V103/><F103/><N who="3" m="60895" /><G0/><T28/><D28/><U12/><E108/><V17/><F17/><W24/><G37/><T11/><D55/><U5/><E127/><V109/><F109/><W64/><G115/><T20/><D112/><U107/><E107/><V93/><F93/><W125/><G125/><T130/><D11/><U22/><E113/><V30/><F30/><W36/><G36/><T33/><D33/><U70/><E70/><V116/><F116/><W96/><G96/><N who="0" m="61479" /><D20/><N who="1" m="7723" /><E94/><V52/><F1/><W38/><G38/><T100/><D18/><U63/><E99/><V106/><F106/><W60/><G31/><T39/><D39/><U134/><E134/><N who="0" m="51241" /><D130/><N who="2" m="49674" /><F69/><W16/><G8/><T53/><D53/><U90/><E63/><N who="2" m="24075" /><F42/><W110/><G110/><T47/><D47/><N who="2" m="17930" /><F52/><N who="3" m="31751" /><G24/><T85/><D100/><U35/><E35/><V71/><F71/><W32/><G32/><T126/><D126/><U34/><E34/><V102/><F102/><W111/><G111/><T21/><D21/><U91/><E91/><AGARI ba="1,0" hai="16,19,59,60,64,82,84,91" m="31751,60895" machi="91" ten="30,3900,0" yaku="8,1,54,2" doraHai="2" who="3" fromWho="1" sc="171,0,171,-42,477,0,181,42" /><INIT seed="3,0,0,2,1,103" ten="171,129,477,223" oya="3" hai0="122,41,88,19,57,30,2,7,82,130,131,47,50" hai1="121,100,49,102,123,120,119,52,5,36,115,125,73" hai2="101,68,124,128,129,46,83,106,105,126,34,8,35" hai3="111,61,25,93,63,65,6,43,92,56,9,74,113"/><W99/><G113/><T54/><D122/><U48/><E115/><V67/><F46/><W22/><G74/><T3/><D30/><U42/><E73/><V84/><F8/><W21/><G111/><T55/><D19/><U114/><E114/><V95/><F95/><W10/><G43/><T70/><D70/><U59/><E119/><V79/><F67/><W15/><G63/><T44/><D44/><U18/><E125/><N who="2" m="48235" /><F68/><W76/><G76/><T117/><D117/><U27/><E36/><V16/><F16/><W133/><G133/><T28/><D28/><U77/><E77/><V4/><F4/><W118/><G118/><T60/><D41/><U86/><E86/><V53/><F53/><W37/><G10/><T109/><D109/><U40/><E5/><V89/><F89/><W1/><G21/><T134/><D134/><U75/><E75/><V12/><F12/><W29/><G37/><T127/><D127/><U20/><REACH who="1" step="1"/><E42/><REACH who="1" ten="171,119,477,223" step="2"/><V32/><F101/><W11/><G6/><T78/><D7/><U23/><E23/><V110/><F110/><W39/><G39/><T97/><D2/><U0/><E0/><V72/><F72/><W107/><G1/><T14/><D3/><U33/><E33/><V58/><F58/><W38/><G38/><T85/><D78/><U108/><E108/><V132/><F132/><W104/><G56/><T96/><D57/><U112/><E112/><V66/><F66/><W62/><G65/><T24/><D47/><AGARI ba="0,1" hai="18,20,27,40,47,48,49,52,59,100,102,120,121,123" machi="47" ten="40,2600,0" yaku="1,1,54,1,53,0" doraHai="103" doraHaiUra="87" who="1" fromWho="0" sc="171,-26,119,36,477,0,223,0" owari="145,-35.5,155,-24.5,477,57.7,223,2.3" /></mjloggm>