<mjloggm ver="2.3"><GO type="225" lobby="0"/><UN n0="%E6%9C%AA%E6%9D%A5%E5%B0%91%E5%B9%B4" n1="%74%61%6B%75%61%6B%61" n2="%6D%75%75%6D%75%72%61" n3="%61%67%65%48%61" dan="16,17,16,16" rate="2177.61,2204.32,2153.38,2052.12" sx="M,M,F,M"/><TAIKYOKU oya="0"/><INIT seed="0,0,0,0,0,114" ten="250,250,250,250" oya="0" hai0="107,54,95,26,12,22,129,59,60,123,122,61,16" hai1="55,19,45,38,120,97,133,32,2,87,42,117,72" hai2="81,69,23,57,88,70,35,24,40,77,37,83,116" hai3="78,99,91,66,101,4,84,135,27,128,130,14,63"/><T98/><D107/><U93/><E120/><V125/><F35/><W105/><G135/><T90/><D129/><N who="3" m="49769" /><G27/><T131/><D131/><U11/><E72/><V13/><F125/><W118/><G78/><T96/><D96/><U100/><E133/><V73/><F37/><W124/><G124/><T29/><REACH who="0" step="1"/><D61/><REACH who="0" ten="240,250,250,250" step="2"/><U36/><E97/><V30/><F40/><W65/><G63/><T112/><D112/><U127/><E42/><V56/><F70/><W25/><G105/><T39/><D39/><U132/><E36/><V31/><F69/><W104/><G104/><T18/><D18/><U80/><E19/><V103/><F31/><W92/><G99/><T58/><D58/><U64/><E38/><V111/><F57/><W33/><G4/><T43/><D43/><U119/><E132/><V68/><F56/><W20/><G66/><T7/><D7/><U74/><E64/><V134/><F68/><W108/><G65/><T15/><D15/><U86/><E127/><V113/><F13/><W0/><G14/><T9/><AGARI ba="0,1" hai="9,12,16,22,26,29,54,59,60,90,95,98,122,123" machi="9" ten="20,7800,0" yaku="1,1,0,1,7,1,54,1,53,0" doraHai="114" doraHaiUra="46" who="0" fromWho="0" sc="240,88,250,-26,250,-26,250,-26" /><BYE who="2" /><UN n2="%6D%75%75%6D%75%72%61" /><INIT seed="0,1,0,3,0,98" ten="328,224,224,224" oya="0" hai0="29,25,79,32,75,31,122,13,59,54,57,116,81" hai1="2,53,40,7,64,128,3,68,78,105,109,35,126" hai2="49,22,74,6,12,56,67,15,135,106,18,111,46" hai3="70,89,42,61,65,131,8,114,95,121,47,123,83"/><T4/><D116/><U101/><E53/><V112/><F112/><W58/><G114/><T9/><D122/><N who="3" m="46601" /><G8/><T52/><REACH who="0" step="1"/><D31/><REACH who="0" ten="318,224,224,224" step="2"/><U1/><E126/><V21/><F135/><W134/><G134/><T62/><D62/><U110/><E128/><V41/><F111/><W93/><G131/><T48/><D48/><U133/><E133/><V77/><F49/><W43/><G61/><T96/><D96/><U23/><E110/><V14/><F18/><W20/><G70/><T86/><D86/><U115/><E109/><V91/><F74/><W100/><G65/><T11/><D11/><U19/><E64/><V55/><F67/><W92/><G100/><T5/><D5/><U27/><E7/><V82/><F6/><W73/><G73/><T90/><D90/><U124/><E68/><V37/><F91/><W129/><G89/><T80/><D80/><U36/><E115/><V102/><F82/><W88/><G83/><T33/><D33/><U60/><E35/><V0/><F102/><W113/><G88/><T34/><D34/><U30/><E60/><V130/><F130/><W76/><G113/><T87/><D87/><U39/><E30/><V103/><F103/><W66/><G66/><T71/><D71/><U108/><E108/><V10/><F10/><W44/><G129/><T72/><D72/><U132/><E132/><V85/><F85/><W45/><G20/><T117/><D117/><U104/><E101/><V107/><F22/><W38/><G38/><T99/><D99/><U118/><E118/><V16/><F21/><W50/><G50/><T28/><D28/><RYUUKYOKU ba="1,1" sc="318,30,224,-10,224,-10,224,-10" hai0="4,9,13,25,29,32,52,54,57,59,75,79,81" /><INIT seed="0,2,1,1,1,117" ten="348,214,214,214" oya="0" hai0="5,54,122,98,135,127,67,14,121,17,4,105,50" hai1="18,134,88,103,78,124,63,65,38,53,34,31,35" hai2="81,104,19,3,72,45,129,73,97,13,82,80,109" hai3="69,106,41,86,2,57,46,102,61,114,0,16,28"/><T99/><D127/><U110/><E124/><V128/><F3/><W21/><G69/><T113/><D113/><U48/><E38/><V44/><F109/><W111/><G114/><T59/><D135/><U74/><E110/><V71/><F71/><W27/><G111/><T126/><D126/><U96/><E134/><V25/><F25/><W51/><G86/><T47/><D5/><U1/><E1/><V77/><F104/><W49/><G49/><T92/><D4/><U93/><E18/><V100/><F100/><W115/><G115/><T116/><D105/><U64/><E103/><V107/><F97/><W112/><G112/><T79/><D79/><U123/><E123/><V11/><F107/><W55/><REACH who="3" step="1"/><G28/><REACH who="3" ten="348,214,214,204" step="2"/><T52/><D116/><U68/><E31/><V62/><F73/><W87/><G87/><T85/><D85/><U130/><E130/><V30/><F30/><W132/><G132/><T58/><D99/><AGARI ba="2,2" hai="0,2,16,21,27,41,46,51,55,57,61,99,102,106" machi="99" ten="40,2600,0" yaku="1,1,54,1,53,0" doraHai="117" doraHaiUra="125" who="3" fromWho="0" sc="348,-32,214,0,214,0,204,52" /><INIT seed="1,0,0,2,2,124" ten="316,214,214,256" oya="1" hai0="75,128,90,7,37,38,118,99,78,60,109,17,3" hai1="87,129,92,42,54,53,21,18,131,33,113,5,108" hai2="41,44,103,46,95,85,1,47,101,91,100,130,89" hai3="28,35,4,127,65,34,111,31,66,61,13,102,45"/><U110/><E33/><V48/><F1/><W123/><G127/><T120/><D118/><U63/><E113/><V133/><F133/><W73/><G73/><T27/><D109/><N who="1" m="42091" /><E5/><V117/><F117/><W39/><G111/><T80/><D7/><U30/><E30/><V24/><F130/><N who="1" m="49673" /><E42/><V76/><F76/><W107/><G61/><T70/><D128/><U126/><E126/><V40/><F40/><W119/><G13/><T79/><D79/><U97/><E87/><N who="2" m="52671" /><F24/><W96/><G119/><T106/><D3/><U57/><E63/><V122/><F122/><W10/><G123/><T93/><D120/><U19/><E57/><V0/><F0/><W2/><G34/><T9/><D60/><U68/><E68/><V132/><F132/><W56/><G56/><T112/><D70/><U114/><E114/><V71/><F71/><W84/><G84/><N who="0" m="52423" /><D112/><U135/><E135/><V115/><F115/><W67/><G35/><T82/><D38/><U104/><E104/><V105/><F105/><W50/><G39/><T83/><D37/><U116/><E116/><V55/><F41/><W86/><G86/><T77/><D77/><U62/><E62/><V125/><F125/><W11/><G107/><T58/><D58/><U59/><E59/><V94/><AGARI ba="0,0" hai="44,46,47,48,55,85,91,94,100,101,103" m="52671" machi="94" ten="30,1100,0" yaku="8,1" doraHai="124" who="2" fromWho="2" sc="316,-3,214,-5,214,11,256,-3" /><INIT seed="2,0,0,3,1,132" ten="313,209,225,253" oya="2" hai0="68,73,95,111,93,112,17,69,66,0,84,57,23" hai1="134,103,60,55,58,9,5,107,18,30,54,15,65" hai2="8,117,46,10,116,94,4,118,122,61,71,126,37" hai3="91,83,45,100,24,124,38,89,26,127,135,29,50"/><V1/><F122/><W131/><G135/><T87/><D112/><U123/><E134/><V85/><F10/><W74/><G38/><T88/><D73/><U63/><E123/><V86/><F126/><N who="3" m="48171" /><G131/><T101/><D0/><U70/><E30/><V114/><F114/><W104/><G104/><T35/><D35/><U36/><E36/><V64/><REACH who="2" step="1"/><F94/><REACH who="2" ten="313,209,215,253" step="2"/><W53/><G100/><T72/><D101/><U48/><E103/><V52/><F52/><W33/><G24/><T41/><D95/><U77/><E107/><V121/><F121/><W20/><G33/><T76/><D93/><U110/><E110/><V14/><F14/><W59/><G45/><T31/><D111/><U105/><E105/><V78/><F78/><AGARI ba="0,1" hai="20,26,29,50,53,59,74,78,83,89,91" m="48171" machi="78" ten="30,7700,0" yaku="18,1,52,3" doraHai="132" who="3" fromWho="2" sc="313,0,209,0,215,-77,253,87" /><INIT seed="3,0,0,1,4,16" ten="313,209,138,340" oya="3" hai0="129,12,34,90,69,103,125,38,10,106,75,81,109" hai1="37,89,44,84,5,55,70,88,91,59,124,24,95" hai2="123,32,36,48,117,7,29,65,101,6,18,2,99" hai3="111,41,9,127,104,119,30,39,63,47,77,51,15"/><W68/><G119/><T110/><D34/><U85/><E124/><V13/><F36/><W11/><G104/><T67/><D38/><U45/><E70/><V56/><F117/><W114/><G114/><T0/><D0/><U82/><E37/><V49/><F123/><W107/><G107/><T21/><D125/><U52/><E5/><V80/><F80/><W108/><G127/><T83/><D129/><U27/><E89/><V92/><F2/><W71/><G30/><T31/><D75/><U42/><E42/><V116/><F116/><W35/><G35/><T54/><D54/><U94/><E82/><V22/><F49/><W62/><G77/><T43/><D43/><U23/><E59/><V4/><F65/><W60/><G39/><T8/><D103/><U102/><E102/><V113/><F113/><W134/><G9/><N who="0" m="3691" /><D90/><U130/><REACH who="1" step="1"/><E23/><REACH who="1" ten="313,199,138,340" step="2"/><V50/><REACH who="2" step="1"/><F56/><REACH who="2" ten="313,199,128,340" step="2"/><W25/><G68/><T126/><D126/><U74/><E74/><V17/><F17/><W64/><G71/><T87/><D69/><U98/><E98/><V28/><F28/><W73/><G73/><T115/><D31/><U128/><AGARI ba="0,2" hai="24,27,44,45,52,55,84,85,88,91,94,95,128,130" machi="128" ten="25,12000,2" yaku="1,1,0,1,22,2,54,2,53,0" doraHai="16" doraHaiUra="57" who="1" fromWho="1" sc="313,-30,199,140,128,-30,340,-60" owari="283,8.3,339,43.9,98,-40.2,280,-12.0" /></mjloggm>