<mjloggm ver="2.3"><GO type="225" lobby="0"/><UN n0="%73%61%6E%64%69%72%69%73" n1="%E3%81%9F%E3%81%93%E2%98%86%E7%84%BC%E3%81%8D" n2="%E3%81%95%E3%81%8D%E3%81%9F%E3%81%BE%E6%9E%97%E6%AA%8E" n3="%E9%80%9F%E6%B0%B4%E5%87%9B%E9%A6%99" dan="16,16,16,16" rate="2117.16,2076.49,2060.84,2133.40" sx="M,M,M,F"/><TAIKYOKU oya="0"/><INIT seed="0,0,0,3,1,9" ten="250,250,250,250" oya="0" hai0="45,38,134,112,93,80,92,90,3,87,23,64,19" hai1="52,12,2,22,99,115,68,16,131,66,57,65,114" hai2="0,50,109,102,125,103,117,127,95,78,18,13,62" hai3="67,89,101,36,28,116,21,40,82,27,15,104,39"/><T129/><D112/><N who="1" m="43051" /><E68/><V46/><F109/><W105/><G116/><T88/><D134/><U135/><E135/><V133/><F133/><W43/><G67/><N who="1" m="25610" /><E2/><V123/><F123/><W47/><G101/><T5/><D129/><U84/><E131/><V97/><F117/><W122/><G122/><T31/><D31/><U81/><E99/><V10/><F78/><W20/><G82/><T128/><D128/><U120/><E120/><V113/><F0/><W59/><G89/><T73/><D64/><U77/><E57/><V111/><F111/><W26/><G59/><T74/><D5/><U76/><E52/><N who="2" m="29783" /><F62/><W17/><REACH who="3" step="1"/><G27/><REACH who="3" ten="250,250,250,240" step="2"/><T85/><D80/><U30/><E77/><V119/><F119/><W56/><G56/><T110/><D110/><U29/><AGARI ba="0,1" hai="12,16,22,29,30,76,81,84" m="25610,43051" machi="29" ten="30,4000,0" yaku="11,1,52,1,54,1" doraHai="9" who="1" fromWho="1" sc="250,-20,250,50,250,-10,240,-10" /><INIT seed="1,0,0,0,1,123" ten="230,300,240,230" oya="1" hai0="62,120,8,42,83,92,30,11,4,101,114,61,15" hai1="43,94,68,88,32,77,91,97,98,45,7,44,99" hai2="35,125,87,109,129,64,59,23,95,85,75,116,128" hai3="131,46,17,80,20,19,110,69,3,5,40,135,50"/><U60/><E32/><V28/><F109/><W25/><G69/><T54/><D114/><U119/><E119/><V133/><F116/><W130/><G135/><T1/><D120/><U37/><E7/><V16/><F133/><W103/><G103/><T78/><D42/><U38/><E77/><V52/><F125/><W47/><G3/><T48/><D30/><U66/><E91/><V134/><F75/><W36/><G5/><T53/><D101/><U24/><E24/><N who="2" m="14439" /><F64/><W6/><G6/><T12/><D92/><U96/><REACH who="1" step="1"/><E44/><REACH who="1" ten="230,290,240,230" step="2"/><V82/><F134/><W34/><G34/><T29/><D78/><U72/><E72/><V86/><F35/><W65/><G46/><T122/><D4/><U14/><E14/><V39/><F28/><W106/><G47/><T31/><D31/><U2/><E2/><V102/><F129/><W111/><G130/><T13/><D29/><U21/><E21/><V58/><F128/><W126/><G131/><T74/><D74/><U81/><E81/><V73/><F73/><W71/><G80/><T107/><D83/><U124/><E124/><V57/><F82/><W115/><G20/><T76/><D76/><U67/><E67/><V10/><F10/><W113/><G25/><T79/><D79/><U100/><E100/><V104/><F102/><W41/><G126/><T127/><D127/><U49/><AGARI ba="0,1" hai="37,38,43,45,49,60,66,68,88,94,96,97,98,99" machi="49" ten="30,6000,0" yaku="1,1,0,1,54,1,53,0" doraHai="123" doraHaiUra="121" who="1" fromWho="1" sc="230,-20,290,70,240,-20,230,-20" /><INIT seed="1,1,0,2,4,6" ten="210,360,220,210" oya="1" hai0="86,45,30,2,116,121,19,33,27,39,20,95,55" hai1="118,10,34,57,50,106,49,64,108,110,8,92,48" hai2="1,65,28,91,115,83,84,122,47,21,107,87,63" hai3="104,54,131,102,24,17,119,41,11,60,72,90,78"/><U69/><E34/><V46/><F122/><W51/><G131/><T85/><D116/><U22/><E106/><V0/><F107/><W23/><G119/><T59/><D121/><U82/><E118/><V98/><F115/><W88/><G72/><T53/><D2/><U44/><E69/><V13/><F0/><W89/><G78/><T130/><D130/><U111/><E22/><V99/><F1/><W94/><G104/><T93/><D93/><U9/><E82/><V73/><F73/><W81/><G81/><T113/><D113/><U42/><E92/><V14/><F87/><W56/><G41/><T112/><D112/><U124/><E124/><V38/><F38/><W12/><G102/><T37/><D37/><N who="1" m="21583" /><E64/><V40/><F40/><W31/><G51/><T80/><D95/><AGARI ba="1,0" hai="11,12,17,23,24,31,54,56,60,88,89,90,94,95" machi="95" ten="40,5200,0" yaku="8,1,52,1,54,1" doraHai="6" who="3" fromWho="0" sc="210,-55,360,0,220,0,210,55" /><INIT seed="2,0,0,1,5,120" ten="155,360,220,265" oya="2" hai0="46,42,47,114,36,73,17,59,23,103,77,41,31" hai1="67,44,117,55,99,88,91,128,39,133,15,66,50" hai2="105,35,112,37,11,53,29,19,86,9,40,69,68" hai3="16,75,60,130,43,1,32,95,76,81,85,33,113"/><V90/><F112/><W48/><G1/><T45/><D114/><U108/><E39/><V24/><F105/><W87/><G130/><T129/><D129/><U26/><E117/><V80/><F37/><W122/><G122/><T101/><D31/><U8/><E26/><V49/><F40/><W71/><G71/><T6/><D59/><U72/><E72/><V109/><F11/><W115/><G60/><T4/><D73/><U56/><E133/><V83/><F83/><W92/><G48/><T124/><D77/><U97/><E108/><V14/><REACH who="2" step="1"/><F109/><REACH who="2" ten="155,360,210,265" step="2"/><W118/><G43/><T70/><D36/><U119/><E128/><V20/><F20/><W135/><G81/><T5/><D42/><U58/><E119/><V30/><F30/><W54/><G118/><T3/><D41/><U104/><E104/><V63/><F63/><W79/><G135/><T34/><D34/><U51/><E8/><V126/><F126/><W102/><G115/><T94/><D124/><U12/><E50/><V78/><F78/><W93/><G113/><T18/><D23/><U131/><E51/><V89/><F89/><W28/><G28/><T100/><D3/><U22/><E22/><V7/><F7/><W132/><G132/><T106/><D106/><U98/><E131/><V62/><F62/><W2/><G2/><T82/><D82/><U121/><E91/><V134/><F134/><W123/><G33/><T0/><D0/><U21/><E88/><V107/><F107/><W111/><G32/><T61/><D94/><U57/><E21/><V110/><F110/><W74/><G111/><RYUUKYOKU ba="0,1" sc="155,15,360,-15,210,15,265,-15" hai0="4,5,6,17,18,45,46,47,61,70,100,101,103" hai2="9,14,19,24,29,35,49,53,68,69,80,86,90" /><INIT seed="2,1,1,0,1,120" ten="170,345,225,250" oya="2" hai0="20,92,21,40,60,37,34,134,100,124,55,44,42" hai1="125,11,94,85,123,15,49,108,10,12,66,13,26" hai2="99,65,58,127,33,68,82,129,91,29,133,69,83" hai3="119,24,1,56,57,36,19,4,53,95,102,73,67"/><V86/><F127/><W6/><G36/><T64/><D34/><U72/><E72/><V28/><F133/><W122/><G73/><T97/><D134/><U38/><E38/><V130/><F99/><N who="3" m="59775" /><G1/><T39/><D124/><U112/><E112/><V17/><F83/><W96/><G122/><T105/><D105/><U22/><E66/><V90/><F90/><W113/><G113/><T35/><D35/><U47/><E108/><V16/><F58/><W30/><G30/><N who="2" m="11881" /><F33/><W128/><G119/><T18/><D55/><U76/><E22/><V114/><F114/><W117/><G117/><T7/><D7/><U89/><E26/><V48/><F48/><W9/><G4/><T32/><D32/><U0/><E0/><V135/><F135/><W51/><G57/><T71/><REACH who="0" step="1"/><D18/><REACH who="0" ten="160,345,225,250" step="2"/><N who="2" m="7274" /><F65/><W61/><G67/><T88/><D88/><U98/><E125/><V126/><F126/><W25/><G25/><T3/><D3/><U81/><E123/><V46/><F46/><AGARI ba="1,2" hai="20,21,37,39,40,42,44,46,60,64,71,92,97,100" machi="46" ten="40,2600,0" yaku="1,1,9,1,53,0" doraHai="120" doraHaiUra="14" who="0" fromWho="2" sc="160,49,345,0,225,-29,250,0" /><INIT seed="3,0,0,1,1,106" ten="209,345,196,250" oya="3" hai0="49,30,103,8,19,66,77,109,29,23,20,88,55" hai1="40,122,38,44,99,71,116,83,128,28,24,68,67" hai2="127,123,91,70,125,93,15,11,54,126,42,115,22" hai3="26,7,17,31,3,129,48,59,10,45,124,64,74"/><W89/><G129/><T76/><D109/><U51/><E122/><V110/><F110/><W2/><G124/><N who="2" m="31745" /><V87/><DORA hai="133" /><F115/><W73/><G89/><T104/><D66/><U111/><E67/><V134/><F134/><W61/><G17/><T102/><D8/><U135/><E68/><V6/><F123/><W33/><REACH who="3" step="1"/><G2/><REACH who="3" ten="209,345,196,240" step="2"/><T13/><D88/><U118/><E128/><V80/><F70/><W43/><AGARI ba="0,1" hai="3,7,10,26,31,33,43,45,48,59,61,64,73,74" machi="43" ten="20,24000,3" yaku="1,1,2,1,0,1,7,1,52,2,53,2" doraHai="106,133" doraHaiUra="75,107" who="3" fromWho="3" sc="209,-80,345,-80,196,-80,240,250" owari="129,-27.1,265,6.5,116,-38.4,490,59.0" /></mjloggm>