<mjloggm ver="2.3"><GO type="225" lobby="0"/><UN n0="%E5%B8%86%E7%AB%8B%E5%A4%8F%E8%A1%A3" n1="%38%63%E3%81%AF%E3%81%A3%E3%81%97%E3%83%BC" n2="%E7%AD%89%E3%80%85%E5%8A%9B%E5%8A%87%E5%A0%B4" n3="%E3%81%8B%E3%82%8F%E3%81%A1%E3%82%83%E3%82%93%35%38" dan="16,16,17,16" rate="2065.56,2108.91,2144.64,2138.26" sx="M,M,M,M"/><TAIKYOKU oya="0"/><INIT seed="0,0,0,2,4,37" ten="250,250,250,250" oya="0" hai0="92,76,30,55,64,29,22,102,2,96,69,122,72" hai1="49,63,65,100,3,103,45,44,15,51,121,67,12" hai2="11,28,53,19,133,118,43,40,120,93,78,62,117" hai3="87,8,0,7,16,97,71,126,134,104,74,81,82"/><T14/><D122/><U38/><E38/><V127/><F120/><W35/><G35/><T84/><D2/><U58/><E3/><V54/><F28/><W48/><G71/><T112/><D112/><U80/><E80/><V17/><F78/><W111/><G111/><T18/><D69/><U86/><E86/><V124/><F93/><W68/><G68/><T131/><D131/><U70/><E70/><V125/><F133/><W52/><G134/><T132/><D132/><U66/><E121/><V36/><F36/><W61/><G61/><T94/><D64/><U113/><E113/><V90/><F90/><W24/><G74/><T105/><D92/><U108/><E58/><N who="2" m="35151" /><F54/><W83/><G126/><T130/><D55/><U123/><E63/><V47/><F47/><W1/><G1/><T73/><D130/><U41/><E123/><V114/><F114/><W91/><G97/><T31/><REACH who="0" step="1"/><D76/><REACH who="0" ten="240,250,250,250" step="2"/><U42/><E108/><V33/><F127/><W106/><G104/><T135/><D135/><U79/><E79/><V115/><F125/><W60/><G106/><T25/><D25/><U85/><E85/><V110/><F124/><W23/><REACH who="3" step="1"/><G60/><REACH who="3" ten="240,250,250,240" step="2"/><T46/><D46/><AGARI ba="0,2" hai="0,7,8,16,23,24,46,48,52,81,82,83,87,91" machi="46" ten="30,12000,2" yaku="1,1,2,1,7,1,54,2,53,1" doraHai="37" doraHaiUra="34" who="3" fromWho="0" sc="240,-120,250,0,250,0,240,140" /><INIT seed="1,0,0,2,3,91" ten="120,250,250,380" oya="1" hai0="4,104,6,59,88,96,13,53,129,114,9,82,47" hai1="54,55,12,35,11,46,57,76,16,58,10,14,122" hai2="49,103,48,124,86,43,45,33,89,5,67,110,25" hai3="120,102,2,125,127,70,79,20,63,80,92,109,15"/><U130/><E122/><V94/><F110/><W100/><G2/><T19/><D129/><U112/><E112/><V7/><F124/><W108/><G120/><T37/><D114/><U24/><E130/><V3/><F3/><W26/><G15/><T106/><D106/><U68/><E68/><V81/><F67/><N who="3" m="41343" /><G92/><N who="0" m="56327" /><D104/><U0/><E0/><V105/><F105/><W18/><G100/><T93/><D37/><U34/><E76/><V65/><F103/><W73/><G102/><T87/><D47/><U115/><E46/><V17/><F33/><W28/><G28/><T40/><D40/><U74/><E115/><V72/><F45/><W61/><G61/><N who="0" m="36079" /><D82/><U22/><E74/><V128/><F81/><W42/><G42/><T107/><D107/><U69/><E69/><V113/><F43/><W56/><G56/><T116/><D116/><U8/><E34/><V132/><F72/><W21/><G125/><T44/><D44/><U62/><REACH who="1" step="1"/><E35/><REACH who="1" ten="120,240,250,380" step="2"/><V30/><F128/><W90/><G127/><T29/><D29/><U133/><E133/><V126/><F30/><N who="3" m="17735" /><G109/><T95/><D87/><U31/><E31/><V75/><F86/><W77/><G108/><T41/><D41/><U50/><AGARI ba="0,1" hai="8,10,11,12,14,16,22,24,50,54,55,57,58,62" machi="50" ten="30,11700,0" yaku="1,1,0,1,8,1,54,1,53,0" doraHai="91" doraHaiUra="27" who="1" fromWho="1" sc="120,-39,240,127,250,-39,380,-39" /><INIT seed="1,1,0,2,4,8" ten="81,367,211,341" oya="1" hai0="125,56,123,39,127,114,59,97,64,54,129,115,92" hai1="10,66,86,84,29,3,110,44,116,88,4,30,2" hai2="55,85,6,81,109,34,28,119,76,135,38,100,99" hai3="27,87,50,117,41,48,0,15,57,113,22,103,101"/><U24/><E116/><V20/><F119/><W35/><G0/><T98/><D92/><U16/><E2/><V111/><F38/><W91/><G113/><N who="0" m="43019" /><D97/><U120/><E120/><V131/><F34/><W75/><G75/><T18/><D18/><U25/><E66/><V1/><F135/><W60/><G35/><T51/><D98/><U79/><E110/><V5/><F131/><W67/><G117/><T134/><D39/><U73/><E73/><V89/><F76/><W122/><G122/><T106/><D106/><U74/><E74/><V43/><F99/><W11/><G41/><T9/><D9/><U19/><E44/><V7/><F100/><N who="3" m="38475" /><G22/><T65/><D123/><U90/><E79/><V53/><F43/><W37/><G27/><T130/><D134/><U94/><E25/><N who="2" m="16423" /><F1/><W112/><G37/><T14/><D14/><U82/><REACH who="1" step="1"/><E30/><REACH who="1" ten="81,357,211,341" step="2"/><V61/><F111/><W32/><G112/><T47/><D47/><U105/><E105/><V36/><F109/><W96/><G67/><N who="0" m="25675" /><D59/><U107/><E107/><V71/><F36/><W133/><G57/><T108/><D108/><U21/><AGARI ba="1,1" hai="3,4,10,16,19,21,24,29,82,84,86,88,90,94" machi="21" ten="20,12000,1" yaku="1,1,0,1,7,1,54,2,53,0" doraHai="8" doraHaiUra="95" who="1" fromWho="1" sc="81,-41,357,133,211,-41,341,-41" /><INIT seed="1,2,0,3,2,30" ten="40,490,170,300" oya="1" hai0="92,103,79,37,94,1,16,112,135,68,127,128,124" hai1="62,98,53,21,3,114,86,42,45,87,85,26,77" hai2="49,60,72,117,58,7,52,59,107,69,123,41,73" hai3="113,89,108,64,78,100,88,96,95,32,61,39,4"/><U75/><E114/><V35/><F123/><W110/><G39/><T101/><D112/><U125/><E3/><V97/><F117/><W126/><G113/><T17/><D37/><U36/><E125/><N who="0" m="48201" /><D68/><U131/><E131/><V90/><F69/><W65/><G126/><T120/><D1/><U8/><E8/><V23/><F35/><W55/><G78/><T34/><D120/><U133/><E133/><V102/><F7/><W104/><G4/><T71/><D71/><U91/><E75/><V130/><F130/><W70/><G64/><T119/><D128/><U10/><E10/><V106/><F106/><W5/><G5/><T84/><D119/><U44/><E77/><V27/><F90/><W15/><G15/><T29/><D135/><U82/><E98/><V40/><F73/><W129/><G129/><T48/><D48/><U134/><E134/><V46/><F72/><W111/><G55/><T121/><D121/><U22/><E22/><V13/><F13/><W57/><G57/><T63/><D63/><U99/><E99/><V2/><F2/><W28/><G95/><N who="0" m="36395" /><D84/><U6/><E6/><V81/><F59/><W105/><G105/><T66/><D66/><U18/><E62/><V116/><F116/><W24/><AGARI ba="2,0" hai="24,28,32,61,65,70,88,89,96,100,104,108,110,111" machi="24" ten="40,12000,2" yaku="0,1,25,2,14,1,52,1,54,1" doraHai="30" who="3" fromWho="3" sc="40,-32,490,-62,170,-32,300,126" /><INIT seed="2,0,0,3,1,73" ten="8,428,138,426" oya="2" hai0="33,35,30,105,63,117,4,126,59,26,20,99,42" hai1="44,60,87,64,102,83,15,129,127,41,17,27,76" hai2="133,130,32,77,90,95,125,9,75,88,78,65,57" hai3="38,113,18,80,46,67,16,62,40,74,109,6,22"/><V121/><F32/><W107/><G107/><T31/><D126/><U106/><E127/><V91/><F125/><W115/><G109/><T58/><D117/><U14/><E129/><V56/><F121/><W134/><G134/><T112/><D112/><N who="3" m="43081" /><G6/><T111/><D111/><U132/><E132/><V23/><F133/><W49/><G38/><T51/><D4/><U118/><E118/><V0/><F75/><W98/><G98/><T5/><D5/><U61/><E102/><V85/><F130/><W34/><G34/><T24/><D20/><U48/><E106/><V122/><F122/><W128/><G128/><T103/><D42/><U120/><E120/><V84/><F0/><W7/><G7/><T96/><D51/><U19/><E27/><V71/><F71/><N who="3" m="42487" /><G22/><T28/><D28/><U36/><E36/><V43/><F9/><W52/><G40/><T119/><D119/><U10/><E64/><V104/><F104/><W123/><G123/><T97/><D97/><U82/><E82/><N who="2" m="49175" /><F43/><W2/><G2/><T47/><D99/><U45/><E45/><V93/><F23/><AGARI ba="0,0" hai="10,14,15,17,19,23,41,44,48,60,61,76,83,87" machi="23" ten="30,3900,0" yaku="7,1,8,1,52,1" doraHai="73" who="1" fromWho="2" sc="8,0,428,39,138,-39,426,0" /><INIT seed="3,0,0,0,4,86" ten="8,467,99,426" oya="3" hai0="2,50,30,100,124,131,78,107,63,55,93,41,110" hai1="74,97,64,49,85,25,112,32,15,72,89,38,3" hai2="118,121,1,65,120,46,108,94,113,98,48,114,135" hai3="129,28,44,84,67,43,76,111,91,0,23,39,77"/><W45/><G0/><T79/><D2/><U37/><E3/><V62/><F108/><W125/><G129/><T101/><D30/><U61/><E112/><V18/><F118/><W40/><G125/><T92/><D63/><U4/><E97/><V71/><F18/><W12/><G67/><T27/><D27/><U88/><E49/><V109/><F109/><W53/><G111/><T104/><D110/><U51/><E51/><V105/><F105/><N who="0" m="40522" /><D50/><U58/><E89/><N who="2" m="55631" /><F1/><W99/><G99/><N who="0" m="59495" /><D55/><U6/><E32/><V20/><F20/><W115/><G53/><T21/><D21/><U35/><E25/><V36/><F36/><W17/><G115/><T24/><D24/><U126/><E35/><V8/><F8/><W82/><G28/><T75/><D41/><U87/><E126/><V68/><F68/><W70/><G70/><T69/><D69/><U57/><E57/><V95/><F48/><W96/><G96/><N who="0" m="59535" /><D124/><U16/><E37/><AGARI ba="0,0" hai="12,17,23,37,39,40,43,44,45,76,77,82,84,91" machi="37" ten="30,5800,0" yaku="7,1,9,1,52,1" doraHai="86" who="3" fromWho="1" sc="8,0,467,-58,99,0,426,58" owari="8,-49.2,409,20.9,99,-30.1,484,58.4" /></mjloggm>