<mjloggm ver="2.3"><GO type="225" lobby="0"/><UN n0="%E3%83%B4%E3%82%A3%E3%83%AF%E3%82%B3%E3%82%B0%E3%83%8B" n1="%33%74%72%65%65" n2="%E3%81%9F%E3%81%93%E2%98%86%E7%84%BC%E3%81%8D" n3="%E8%90%BD%E6%97%A5" dan="16,17,16,19" rate="2175.50,2241.02,2096.09,2243.86" sx="M,F,M,F"/><TAIKYOKU oya="0"/><INIT seed="0,0,0,5,5,0" ten="250,250,250,250" oya="0" hai0="18,57,77,11,125,39,132,83,107,70,115,130,33" hai1="99,8,117,128,81,112,97,29,32,118,111,7,54" hai2="104,6,45,56,95,120,58,73,124,34,86,61,44" hai3="89,28,114,53,26,108,2,25,5,49,123,13,19"/><T21/><D70/><U127/><E111/><V134/><F34/><W78/><G114/><T76/><D33/><U38/><E112/><V14/><F73/><W106/><G106/><T17/><D107/><U75/><E128/><V43/><F120/><W69/><G69/><T110/><D39/><U109/><E109/><V9/><F134/><W131/><G108/><T85/><D115/><U42/><E54/><V126/><F104/><W74/><G131/><T92/><D132/><U84/><E127/><N who="2" m="48683" /><F86/><W68/><G68/><T12/><D125/><U51/><E51/><N who="2" m="27039" /><F95/><W37/><G37/><T102/><D130/><U62/><E84/><V40/><F61/><W48/><G48/><AGARI ba="0,0" hai="6,9,14,40,45,48,56,58" m="27039,48683" machi="48" ten="30,2000,0" yaku="18,1,52,1" doraHai="0" who="2" fromWho="3" sc="250,0,250,0,250,20,250,-20" /><INIT seed="1,0,0,0,5,50" ten="250,250,270,230" oya="1" hai0="36,92,117,76,9,6,3,37,23,54,45,133,61" hai1="86,18,115,74,78,81,14,27,77,110,46,5,73" hai2="41,33,64,105,68,51,65,102,2,67,111,52,82" hai3="70,10,90,122,97,66,119,109,43,40,128,44,16"/><U17/><E115/><V34/><F2/><W75/><G122/><T31/><D117/><U79/><E110/><V11/><F11/><W132/><G75/><T29/><D133/><U69/><E69/><V112/><F82/><W101/><G132/><T39/><D76/><N who="1" m="46375" /><E74/><V0/><F0/><W107/><G109/><T100/><D23/><N who="1" m="13807" /><E73/><V25/><F41/><W58/><G128/><T7/><D7/><U60/><E60/><V53/><F51/><W21/><G70/><T125/><D125/><U19/><E46/><V42/><F42/><W38/><G119/><T1/><D1/><U93/><E93/><V113/><F111/><W57/><G43/><T8/><D6/><U20/><E20/><V129/><F129/><W87/><G10/><AGARI ba="0,0" hai="5,10,14,18,19,77,78,79" m="13807,46375" machi="10" ten="30,1500,0" yaku="8,1" doraHai="50" who="1" fromWho="3" sc="250,0,250,15,270,0,230,-15" /><INIT seed="1,1,0,2,3,133" ten="250,265,270,215" oya="1" hai0="130,60,27,21,3,39,129,6,12,64,23,33,54" hai1="135,63,71,87,52,59,13,85,122,134,96,32,51" hai2="117,19,35,114,20,112,81,46,53,74,80,67,66" hai3="73,34,10,89,102,57,76,9,82,41,110,24,40"/><U123/><E32/><V55/><F117/><W75/><G110/><T48/><D39/><U65/><E96/><V47/><F35/><W131/><G131/><N who="0" m="50187" /><D3/><U94/><E13/><V125/><F20/><W97/><G75/><T31/><D6/><U106/><E106/><V38/><F38/><W50/><G89/><T8/><D8/><U28/><E28/><V36/><F36/><W111/><G111/><T56/><D12/><U44/><E94/><V79/><F19/><W115/><G115/><T105/><D105/><U77/><E87/><V62/><F62/><W42/><G34/><T11/><D11/><U16/><E16/><V93/><F93/><W5/><G24/><T98/><D98/><U58/><E85/><V124/><F79/><W92/><REACH who="3" step="1"/><G5/><REACH who="3" ten="250,265,270,205" step="2"/><T68/><AGARI ba="1,1" hai="21,23,27,31,33,48,54,56,60,64,68" m="50187" machi="68" ten="30,1100,0" yaku="19,1" doraHai="133" who="0" fromWho="0" sc="250,24,265,-6,270,-4,205,-4" /><INIT seed="2,0,0,5,3,93" ten="274,259,266,201" oya="2" hai0="10,119,20,69,75,63,105,122,78,52,83,103,57" hai1="1,108,74,38,95,18,32,49,16,71,116,58,44" hai2="45,89,104,12,7,114,35,97,53,22,25,28,34" hai3="117,61,81,111,80,77,79,14,19,55,107,3,125"/><V98/><F104/><W6/><G117/><T106/><D122/><U60/><E116/><V51/><F114/><W23/><G111/><T24/><D119/><U87/><E74/><V90/><F35/><W134/><G125/><T8/><D69/><U126/><E126/><V68/><F68/><W70/><G134/><T15/><D103/><U123/><E108/><V64/><F64/><W59/><G70/><T133/><D133/><U88/><E1/><V73/><F73/><W30/><G107/><T86/><D75/><U128/><E32/><V135/><F34/><W47/><G30/><T11/><REACH who="0" step="1"/><D15/><REACH who="0" ten="264,259,266,201" step="2"/><U66/><E123/><V40/><F135/><W43/><G3/><T62/><D62/><U120/><E120/><V41/><F12/><W82/><REACH who="3" step="1"/><G6/><REACH who="3" ten="264,259,266,191" step="2"/><T50/><D50/><AGARI ba="0,2" hai="14,19,23,43,47,50,55,59,61,77,79,80,81,82" machi="50" ten="40,5200,0" yaku="1,1,2,1,8,1,53,0" doraHai="93" doraHaiUra="0" who="3" fromWho="0" sc="264,-52,259,0,266,0,191,72" /><INIT seed="3,0,0,1,1,110" ten="212,259,266,263" oya="3" hai0="48,86,54,7,127,116,69,44,107,3,50,60,34" hai1="47,2,20,40,118,81,6,64,119,4,24,15,42" hai2="111,80,43,27,22,97,63,113,78,5,79,132,71" hai3="0,92,124,1,122,26,51,25,52,21,102,70,59"/><W99/><G122/><T108/><D34/><U130/><E64/><V73/><F79/><W133/><G133/><T95/><D107/><U12/><E81/><V84/><F111/><W58/><G70/><T135/><D108/><U19/><E47/><V56/><F43/><W13/><G124/><T49/><D116/><N who="1" m="44587" /><E40/><V105/><F5/><N who="1" m="2153" /><E42/><V45/><F45/><W31/><G13/><N who="1" m="5194" /><E2/><V30/><F132/><W53/><REACH who="3" step="1"/><G26/><REACH who="3" ten="212,259,266,253" step="2"/><T128/><D69/><U117/><E117/><V114/><F71/><W66/><G66/><T101/><D3/><U83/><E83/><V46/><F27/><W36/><G36/><T89/><D127/><U96/><E96/><V93/><F97/><W65/><G65/><T29/><D135/><U121/><E121/><V23/><F80/><W129/><G129/><AGARI ba="0,1" hai="19,20,24,129,130" m="5194,2153,44587" machi="129" ten="40,5200,0" yaku="12,1,34,2" doraHai="110" who="1" fromWho="3" sc="212,0,259,62,266,0,253,-52" owari="212,-18.8,321,42.1,266,6.6,201,-29.9" /></mjloggm>