<mjloggm ver="2.3"><GO type="225" lobby="0"/><UN n0="%E3%81%BF%E3%81%BF%E3%81%9A" n1="%E3%81%B5%E3%81%98%E3%81%8B%E3%81%A4" n2="%E6%9D%B1%E9%A2%A8%E3%81%AE%E3%81%8D%E3%82%83%E3%81%B7%E3%81%95%E3%82%93" n3="%E8%90%BD%E6%97%A5" dan="18,17,17,16" rate="2268.33,2213.92,2210.08,2174.93" sx="M,M,M,F"/><TAIKYOKU oya="0"/><INIT seed="0,0,0,2,1,3" ten="250,250,250,250" oya="0" hai0="12,90,98,135,39,24,104,59,117,71,112,87,11" hai1="88,110,72,75,1,27,119,121,122,34,30,14,102" hai2="60,56,68,8,108,25,57,79,86,100,78,91,26" hai3="17,32,29,44,37,58,82,47,4,43,77,74,113"/><T115/><D117/><U116/><E102/><V31/><F108/><W125/><G113/><T48/><D71/><U131/><E110/><V15/><F100/><W52/><G125/><T35/><D39/><U84/><E131/><V81/><F68/><W89/><G47/><T133/><D98/><U126/><E126/><V103/><F103/><W53/><G17/><T95/><D104/><U41/><E41/><V76/><F31/><W21/><G32/><T118/><D118/><U49/><E1/><V65/><REACH who="2" step="1"/><F56/><REACH who="2" ten="250,250,240,250" step="2"/><W67/><G58/><T99/><D59/><U80/><E119/><V51/><F51/><W69/><G69/><T96/><D48/><U33/><E49/><V54/><F54/><W127/><G127/><T92/><D115/><U36/><E116/><V61/><F61/><W73/><G53/><T62/><D62/><U97/><E36/><V70/><F70/><W38/><G52/><T63/><D63/><U13/><E122/><V23/><F23/><W19/><G38/><T16/><D112/><U20/><E121/><V83/><F83/><W2/><G37/><T46/><D46/><U40/><E33/><V109/><F109/><W123/><G44/><T66/><D66/><U132/><E34/><V105/><F105/><W6/><G123/><T120/><D120/><U45/><E80/><V130/><F130/><W93/><G67/><T10/><D95/><N who="1" m="56551" /><E45/><V28/><F28/><W18/><G43/><T134/><D10/><U124/><E40/><V128/><F128/><W9/><G9/><T64/><D64/><U55/><E124/><V106/><F106/><RYUUKYOKU ba="0,1" sc="250,15,250,-15,240,15,250,-15" hai0="11,12,16,24,35,87,90,92,96,99,133,134,135" hai2="8,15,25,26,57,60,65,76,78,79,81,86,91" /><INIT seed="0,1,1,3,2,94" ten="265,235,255,235" oya="0" hai0="77,96,82,34,69,64,117,53,134,67,54,135,60" hai1="131,18,109,63,89,13,114,81,39,36,123,12,0" hai2="57,79,132,93,48,45,91,32,20,76,87,99,120" hai3="116,78,66,51,124,25,5,47,119,107,112,80,2"/><T128/><D117/><U56/><E123/><V4/><F32/><W65/><G112/><T30/><D128/><U55/><E0/><V42/><F132/><N who="0" m="50730" /><D67/><U10/><E114/><V125/><F125/><W29/><G124/><T9/><D9/><U17/><E109/><V7/><F120/><W102/><G2/><T106/><D30/><U74/><E131/><V101/><F20/><W16/><G5/><T83/><D34/><U127/><E127/><V73/><F57/><W95/><G107/><T85/><D82/><U110/><E110/><V37/><F37/><W84/><G116/><T133/><N who="0" m="50738" /><T49/><DORA hai="130" /><D49/><U118/><E118/><V68/><F68/><W111/><G111/><T113/><D113/><U72/><E36/><V104/><F76/><W15/><G119/><T90/><D106/><U41/><E39/><V75/><F73/><W14/><G29/><T31/><D31/><U126/><E72/><V33/><F33/><W26/><G66/><T8/><D8/><U35/><E74/><V40/><F40/><W19/><G65/><T1/><D1/><U92/><E35/><V61/><F61/><W50/><G50/><T59/><D69/><U98/><E126/><V97/><F97/><N who="3" m="59711" /><G19/><T115/><D115/><U71/><E71/><V70/><F70/><W100/><G16/><T58/><D59/><U28/><E28/><V46/><F46/><W11/><G11/><T122/><D122/><U23/><E81/><AGARI ba="1,1" hai="4,7,42,45,48,75,79,81,87,91,93,99,101,104" machi="81" ten="40,5200,0" yaku="24,2,52,1" doraHai="94,130" who="2" fromWho="1" sc="265,0,235,-55,255,65,235,0" /><INIT seed="1,0,0,1,0,11" ten="265,180,320,235" oya="1" hai0="69,76,21,17,123,35,64,129,47,49,67,100,50" hai1="44,97,63,30,108,87,10,51,103,78,86,124,14" hai2="16,112,105,85,96,33,95,130,56,24,5,111,122" hai3="102,48,41,89,109,77,26,116,126,20,125,80,58"/><U32/><E124/><N who="3" m="47722" /><G109/><T101/><D35/><U15/><E108/><V71/><F130/><W107/><G116/><T18/><D129/><U39/><E39/><V104/><F122/><W74/><G89/><T88/><D123/><U13/><E32/><V42/><F71/><W19/><G102/><N who="0" m="39531" /><D69/><U38/><E38/><V8/><F42/><W1/><G1/><T37/><D76/><U72/><E30/><V92/><F33/><W6/><G6/><T3/><D3/><U9/><E72/><V22/><F112/><W94/><G94/><T98/><D37/><U68/><E68/><V127/><F111/><W83/><G83/><T46/><D49/><U55/><E63/><V106/><F127/><W40/><G107/><T91/><D46/><U135/><E135/><V99/><F56/><W73/><G73/><T45/><D47/><U43/><E43/><V121/><F121/><W110/><G110/><T93/><D91/><U29/><E29/><V0/><REACH who="2" step="1"/><F85/><REACH who="2" ten="265,180,310,235" step="2"/><N who="1" m="32265" /><E78/><V120/><F120/><W128/><G128/><T131/><D131/><U133/><E133/><V118/><F118/><W115/><G115/><T90/><D90/><U75/><E75/><V2/><F2/><W66/><G48/><T132/><D132/><U82/><E82/><V54/><F54/><W57/><G58/><T4/><D64/><U53/><E53/><V25/><F25/><W31/><G57/><T70/><D67/><U61/><E61/><V117/><F117/><W59/><G59/><T27/><D70/><U113/><E113/><V65/><F65/><W79/><G66/><T62/><D62/><RYUUKYOKU ba="0,1" sc="265,-15,180,15,310,15,235,-15" hai1="9,10,13,14,15,44,51,55,97,103" hai2="0,5,8,16,22,24,92,95,96,99,104,105,106" /><INIT seed="1,1,1,5,0,118" ten="250,195,325,220" oya="1" hai0="11,70,26,81,88,66,17,35,75,76,101,96,0" hai1="54,67,122,10,127,36,60,34,51,84,8,1,131" hai2="64,32,69,121,83,43,23,107,52,124,58,90,103" hai3="106,20,116,82,49,7,133,63,91,4,25,42,33"/><U55/><E122/><V24/><F32/><W125/><G116/><T98/><D66/><U89/><E34/><V74/><F121/><W53/><G106/><T50/><D70/><U62/><E127/><V130/><F43/><W15/><G125/><T46/><D35/><U114/><E114/><V29/><F130/><W93/><G133/><T128/><D128/><U40/><E131/><V5/><F124/><W100/><G100/><T22/><D101/><U78/><E78/><V105/><F5/><W111/><G82/><T104/><D104/><U48/><E36/><V19/><F29/><W56/><G111/><T113/><D113/><U38/><E38/><V129/><F129/><W112/><G15/><T16/><D88/><U57/><E40/><V94/><F103/><W126/><G112/><T39/><D39/><U44/><E1/><V6/><F6/><W71/><G126/><T135/><D135/><U110/><E110/><V109/><F109/><W97/><G33/><T117/><D117/><U73/><E73/><V85/><F64/><W132/><G132/><T115/><D115/><U21/><E21/><V13/><F69/><W31/><G71/><T86/><D75/><U45/><E62/><V47/><F47/><AGARI ba="1,1" hai="4,7,20,25,31,42,47,49,53,56,63,91,93,97" machi="47" ten="40,1300,0" yaku="8,1" doraHai="118" who="3" fromWho="2" sc="250,0,195,0,325,-16,220,26" /><INIT seed="2,0,0,2,4,72" ten="250,195,309,246" oya="2" hai0="106,35,8,5,41,16,99,108,80,132,121,134,79" hai1="123,42,55,107,114,0,53,69,74,93,65,125,86" hai2="117,45,94,91,105,37,9,87,10,110,13,34,57" hai3="77,127,4,116,26,23,27,38,70,24,33,64,68"/><V109/><F34/><W30/><G38/><T76/><D121/><U18/><E114/><V28/><F105/><W52/><G116/><T51/><D108/><N who="2" m="41578" /><F28/><W81/><G127/><T49/><D35/><U32/><E107/><V126/><F117/><W20/><G4/><T15/><D80/><U88/><E125/><V61/><F126/><W129/><G129/><T102/><D5/><U17/><E123/><V66/><F13/><W101/><G101/><T1/><D1/><U60/><E42/><AGARI ba="0,0" hai="9,10,37,42,45,57,61,66,87,91,94" m="41578" machi="42" ten="30,2900,0" yaku="14,1,10,1" doraHai="72" who="2" fromWho="1" sc="250,0,195,-29,309,29,246,0" /><INIT seed="2,1,0,0,5,73" ten="250,166,338,246" oya="2" hai0="71,68,113,36,66,111,116,64,41,26,99,84,72" hai1="38,35,50,79,75,80,131,103,130,53,17,29,107" hai2="92,32,55,37,126,3,27,82,1,65,59,11,119" hai3="48,108,120,54,118,60,58,49,20,51,104,52,18"/><V122/><F37/><W87/><G118/><T129/><D72/><U74/><E38/><V133/><F133/><W132/><G120/><T28/><D113/><U62/><E62/><V61/><F126/><W114/><G108/><T5/><D5/><U31/><E17/><V78/><F122/><W67/><G104/><T77/><D99/><U7/><E7/><V12/><F119/><W85/><G132/><T13/><D116/><U123/><E123/><V63/><F92/><W124/><G114/><T112/><D13/><U45/><E74/><V102/><F102/><W33/><G33/><T101/><D101/><U128/><REACH who="1" step="1"/><E35/><REACH who="1" ten="250,156,338,246" step="2"/><V40/><F32/><W83/><G124/><T47/><D112/><U127/><E127/><V21/><F1/><W117/><G117/><T25/><D111/><U109/><E109/><V86/><F3/><W6/><G6/><T96/><D71/><U43/><E43/><V10/><F40/><W90/><REACH who="3" step="1"/><G87/><REACH who="3" ten="250,156,338,236" step="2"/><T8/><D84/><U98/><AGARI ba="1,2" hai="29,31,45,50,53,75,79,80,98,103,107,128,130,131" machi="98" ten="40,8000,1" yaku="1,1,0,1,19,1,52,1,53,0" doraHai="73" doraHaiUra="39" who="1" fromWho="1" sc="250,-21,156,103,338,-41,236,-21" /><INIT seed="3,0,0,4,4,108" ten="229,259,297,215" oya="3" hai0="49,90,2,70,124,8,86,31,118,107,77,132,94" hai1="133,129,43,9,111,135,6,114,55,85,96,5,13" hai2="125,27,81,87,117,68,80,106,47,66,24,59,83" hai3="71,42,10,7,82,69,14,39,120,126,65,116,93"/><W119/><G120/><T38/><D38/><U97/><E111/><V112/><F106/><W19/><G126/><T32/><D70/><U25/><E43/><V113/><F68/><W110/><G110/><T57/><D124/><U78/><E129/><V104/><F104/><W50/><G39/><T54/><D118/><U101/><E55/><V62/><F125/><W56/><G116/><T26/><D132/><N who="1" m="50763" /><E5/><V73/><F117/><W30/><G119/><T48/><D107/><U60/><E60/><V131/><F73/><W102/><G30/><T11/><D2/><U20/><E114/><V123/><F123/><W1/><G102/><T16/><D77/><U76/><E85/><V134/><F134/><W79/><G93/><T18/><REACH who="0" step="1"/><D49/><REACH who="0" ten="219,259,297,215" step="2"/><U44/><E44/><V64/><F47/><N who="3" m="25975" /><G1/><T72/><D72/><U61/><E61/><V98/><F62/><N who="3" m="38087" /><G71/><T29/><D29/><N who="1" m="17575" /><E78/><V28/><F131/><W122/><G69/><T95/><D95/><U33/><E76/><V36/><F36/><W75/><G122/><T84/><D84/><U121/><E121/><V100/><F87/><W37/><G37/><T12/><D12/><U22/><E97/><V103/><F98/><W92/><G92/><T17/><AGARI ba="0,1" hai="8,11,16,17,18,26,31,32,48,54,57,86,90,94" machi="17" ten="30,7900,0" yaku="1,1,0,1,54,1,53,1" doraHai="108" doraHaiUra="88" who="0" fromWho="0" sc="219,89,259,-20,297,-20,215,-39" owari="308,40.8,239,-16.1,277,7.7,176,-32.4" /></mjloggm>