<mjloggm ver="2.3"><GO type="225" lobby="0"/><UN n0="%E3%82%B2%E3%82%B9%E8%8C%82%E5%8B%9D" n1="%77%72%77%72%77%72%77%72" n2="%E5%B0%8F%E9%B3%A5%E9%81%8A%E7%B7%B4%E7%84%A1%32%31%E6%AD%B3" n3="%E7%99%BD%E6%97%A5%E9%9B%AA%E8%8F%9C" dan="16,16,16,17" rate="2082.33,2236.34,2149.14,2249.61" sx="F,M,F,M"/><TAIKYOKU oya="0"/><INIT seed="0,0,0,0,0,90" ten="250,250,250,250" oya="0" hai0="5,61,15,10,33,9,82,132,115,2,129,74,113" hai1="81,87,49,101,70,19,95,24,80,106,37,13,47" hai2="18,98,111,45,31,118,12,84,0,123,58,14,94" hai3="85,133,43,86,110,134,124,105,39,44,1,7,66"/><T75/><D129/><U22/><E70/><V122/><F111/><W102/><G110/><T83/><D132/><N who="3" m="50793" /><G124/><T92/><D33/><U130/><E130/><V99/><F0/><W51/><G66/><T27/><D27/><U114/><E37/><V135/><F135/><W109/><G109/><T107/><D107/><U76/><E106/><V79/><F31/><W96/><G51/><T25/><D25/><U59/><E59/><V54/><F45/><W127/><G127/><T100/><D61/><U48/><E114/><V3/><F3/><W52/><G52/><T38/><D38/><U120/><E120/><V65/><F65/><W8/><AGARI ba="0,0" hai="1,7,8,39,43,44,85,86,96,102,105" m="50793" machi="8" ten="30,1100,0" yaku="20,1" doraHai="90" who="3" fromWho="3" sc="250,-5,250,-3,250,-3,250,11" /><INIT seed="1,0,0,3,2,40" ten="245,247,247,261" oya="1" hai0="92,81,5,132,130,97,53,68,2,13,23,69,122" hai1="82,65,15,46,47,125,24,54,45,64,131,42,91" hai2="76,43,102,93,7,79,39,106,34,60,109,51,21" hai3="110,63,83,41,50,62,78,85,119,57,56,18,30"/><U59/><E131/><V103/><F34/><W44/><G110/><T35/><D130/><U20/><E125/><V49/><F106/><W73/><G119/><T111/><D132/><U101/><E101/><V115/><F109/><W36/><G30/><T11/><D111/><U98/><E15/><V134/><F7/><W121/><G121/><T3/><D122/><U120/><E120/><V58/><F134/><W80/><G18/><T126/><D126/><U89/><E42/><V55/><F21/><W37/><G37/><T1/><BYE who="3" /><D35/><U127/><E127/><V100/><F93/><W75/><G75/><T105/><D105/><U27/><E27/><V0/><F0/><W128/><G128/><T113/><D113/><UN n3="%E7%99%BD%E6%97%A5%E9%9B%AA%E8%8F%9C" /><U72/><E72/><V48/><REACH who="2" step="1"/><F115/><REACH who="2" ten="245,247,237,261" step="2"/><W117/><G117/><T12/><D1/><U129/><E129/><V94/><F94/><W123/><G123/><T108/><D2/><U88/><E82/><V14/><F14/><W124/><G124/><T118/><D108/><U17/><E98/><V112/><F112/><W26/><G80/><T67/><D81/><U86/><E86/><V19/><F19/><W99/><G99/><T8/><D118/><U28/><E17/><V52/><F52/><W114/><G114/><T70/><D53/><U107/><E107/><V9/><F9/><W71/><G73/><T74/><D3/><U29/><E29/><V95/><F95/><W135/><G135/><T10/><D74/><U87/><E87/><V32/><F32/><W104/><G85/><T31/><D31/><U77/><E77/><V90/><F90/><RYUUKYOKU ba="0,1" sc="245,-15,247,15,237,15,261,-15" hai1="20,24,28,45,46,47,54,59,64,65,88,89,91" hai2="39,43,48,49,51,55,58,60,76,79,100,102,103" /><INIT seed="1,1,1,0,5,50" ten="230,262,252,246" oya="1" hai0="114,112,87,4,59,115,113,40,125,119,0,64,78" hai1="93,118,111,5,2,20,15,89,96,132,39,81,26" hai2="122,135,121,68,8,77,22,101,28,54,108,99,48" hai3="21,65,85,52,63,56,105,79,128,127,129,90,31"/><U43/><E118/><V107/><F68/><W75/><G105/><T45/><D125/><U86/><E132/><V73/><F108/><W97/><G127/><T60/><D119/><U53/><E111/><V10/><F135/><W69/><G97/><T29/><D29/><U1/><E43/><V120/><F77/><W18/><G31/><T3/><N who="0" m="28672" /><DORA hai="92" /><T23/><D4/><U12/><E39/><V84/><F84/><W124/><G75/><T134/><D23/><U13/><E5/><V46/><REACH who="2" step="1"/><F73/><REACH who="2" ten="230,262,242,246" step="2"/><W35/><G79/><T33/><D134/><U44/><E86/><V11/><F11/><W37/><G124/><T30/><D87/><U41/><E81/><V61/><F61/><W6/><G85/><T116/><D78/><U91/><E1/><V62/><F62/><W25/><G69/><T24/><REACH who="0" step="1"/><D116/><REACH who="0" ten="220,262,242,246" step="2"/><U36/><E2/><V83/><F83/><W32/><G128/><T110/><D110/><U27/><E20/><V126/><F126/><W130/><G130/><T19/><D19/><U76/><E76/><V98/><F98/><W102/><G18/><T16/><D16/><U106/><E96/><V74/><F74/><W34/><G21/><T109/><D109/><U88/><E93/><V51/><F51/><AGARI ba="1,3" hai="0,3,24,30,33,40,45,51,59,60,64" m="28672" machi="51" ten="70,4500,0" yaku="1,1,53,1" doraHai="50,92" doraHaiUra="42,49" who="0" fromWho="2" sc="220,78,262,0,242,-48,246,0" /><INIT seed="2,0,0,5,5,109" ten="298,262,194,246" oya="2" hai0="89,8,56,100,55,115,85,25,53,60,54,102,9" hai1="120,63,95,41,4,34,131,78,37,91,97,132,27" hai2="52,79,111,103,122,57,39,76,65,80,29,82,61" hai3="30,19,44,88,104,18,105,67,117,70,20,81,129"/><V84/><F122/><W87/><G117/><T11/><D115/><U83/><E120/><V69/><F39/><W133/><G133/><T74/><D74/><U96/><E132/><V3/><F3/><W72/><G129/><T106/><D25/><U112/><E112/><V128/><F128/><W75/><G30/><T121/><D121/><U13/><E131/><V21/><F103/><N who="0" m="39466" /><D106/><U126/><E126/><V40/><F40/><W113/><G113/><T1/><D1/><U50/><E37/><V73/><F111/><W127/><G127/><T99/><D99/><U77/><E63/><V5/><F5/><W28/><G28/><T66/><D8/><U62/><E97/><V35/><F35/><W68/><G75/><T22/><D22/><U108/><E62/><V42/><F42/><W124/><G72/><T123/><D123/><U92/><E27/><V98/><F98/><W130/><G124/><T135/><D135/><U49/><E34/><V43/><F43/><W118/><G130/><T12/><D12/><U125/><E41/><V107/><F107/><W86/><G104/><T114/><D114/><U32/><E32/><V48/><F29/><W116/><G20/><T31/><D31/><U110/><E125/><V17/><REACH who="2" step="1"/><F21/><REACH who="2" ten="298,262,184,246" step="2"/><W90/><G105/><T7/><D7/><U15/><E4/><V6/><F6/><W10/><G116/><T45/><D45/><U46/><E46/><V26/><F26/><W101/><G44/><T33/><D33/><U0/><E96/><V134/><F134/><W16/><G118/><T93/><AGARI ba="0,1" hai="9,11,53,54,55,56,60,66,85,89,93" m="39466" machi="93" ten="30,1100,0" yaku="8,1" doraHai="109" who="0" fromWho="0" sc="298,21,262,-3,184,-5,246,-3" /><INIT seed="3,0,0,1,1,30" ten="319,259,179,243" oya="3" hai0="8,90,75,4,21,6,97,44,0,92,39,121,19" hai1="84,11,122,80,100,7,130,110,38,95,28,52,131" hai2="13,81,69,10,45,66,68,23,58,89,63,96,29" hai3="71,72,105,34,67,118,24,77,83,22,135,37,2"/><W73/><G118/><T126/><D126/><U120/><E38/><V9/><F45/><W82/><G37/><T102/><D121/><U133/><E28/><V103/><F81/><W55/><G55/><T115/><D115/><U48/><E110/><V127/><F127/><W91/><G105/><T42/><D75/><U112/><E112/><V40/><F40/><W79/><G135/><T36/><D6/><U116/><E116/><V20/><F89/><W47/><G47/><T124/><D124/><U114/><E114/><V99/><F99/><W98/><G2/><T46/><D46/><N who="1" m="27671" /><E95/><V18/><F68/><W31/><G98/><T117/><D117/><U16/><E100/><V101/><F101/><W74/><G91/><T33/><D33/><U111/><E133/><V35/><F69/><W60/><REACH who="3" step="1"/><G22/><REACH who="3" ten="319,259,179,233" step="2"/><T59/><D102/><U113/><E113/><V26/><REACH who="2" step="1"/><F35/><REACH who="2" ten="319,259,169,233" step="2"/><W64/><G64/><T53/><D44/><U85/><E120/><V15/><F15/><W27/><G27/><T54/><D42/><U1/><E122/><V17/><F17/><W76/><AGARI ba="0,2" hai="24,31,34,60,67,71,72,73,74,76,77,79,82,83" machi="76" ten="40,7800,0" yaku="1,1,0,1,52,1,53,0" doraHai="30" doraHaiUra="86" who="3" fromWho="3" sc="319,-26,259,-26,169,-26,233,98" owari="293,9.3,233,-16.7,143,-35.7,331,43.1" /></mjloggm>