<mjloggm ver="2.3"><GO type="225" lobby="0"/><UN n0="%E3%81%A9%E3%82%8F%E3%82%93%E3%81%94" n1="%6B%79%6F%6E%6B%6F%31%31" n2="%72%69%6F%75%63%68%61%6E" n3="%E3%81%9F%E3%81%93%E2%98%86%E7%84%BC%E3%81%8D" dan="16,17,16,16" rate="2205.52,2206.99,2216.49,2096.75" sx="M,M,M,M"/><TAIKYOKU oya="0"/><INIT seed="0,0,0,4,4,15" ten="250,250,250,250" oya="0" hai0="112,55,54,119,135,44,65,77,4,132,122,41,42" hai1="29,83,5,111,67,66,91,120,26,13,53,82,100" hai2="52,128,24,89,3,20,30,114,47,36,43,116,61" hai3="28,49,73,96,1,19,103,124,68,10,90,38,40"/><T57/><D77/><U0/><E120/><V95/><F128/><W86/><G73/><T94/><D4/><U18/><E111/><V64/><F116/><W72/><G72/><T102/><D102/><U46/><E100/><V14/><F3/><W32/><G38/><T70/><D94/><U123/><E123/><V101/><F114/><W74/><G74/><T63/><D112/><U56/><E46/><V39/><F101/><W110/><G124/><T113/><D113/><U115/><E115/><V85/><F14/><W106/><G68/><T121/><D119/><U78/><E91/><V8/><F8/><W33/><G28/><T27/><D27/><U80/><E78/><V79/><F79/><W16/><G10/><T131/><D131/><U59/><E5/><V84/><F52/><N who="0" m="20010" /><D57/><U133/><E0/><V109/><F109/><W108/><G1/><T34/><D34/><U45/><E45/><V17/><F36/><W37/><G37/><N who="0" m="21551" /><D42/><U107/><E107/><V93/><F95/><W88/><G40/><T69/><D69/><U23/><E59/><V97/><REACH who="2" step="1"/><F30/><REACH who="2" ten="250,250,240,250" step="2"/><W11/><G103/><T129/><D129/><U117/><E117/><V127/><F127/><W134/><G108/><T75/><D75/><U12/><E12/><V31/><F31/><W92/><G110/><T71/><D71/><AGARI ba="0,1" hai="17,20,24,39,43,47,61,64,71,84,85,89,93,97" machi="71" ten="30,3900,0" yaku="1,1,7,1,52,1,53,0" doraHai="15" doraHaiUra="125" who="2" fromWho="0" sc="250,-39,250,0,240,49,250,0" /><INIT seed="1,0,0,5,4,85" ten="211,250,289,250" oya="1" hai0="111,56,131,72,130,29,53,31,84,125,47,80,102" hai1="81,15,135,88,90,65,20,97,66,55,76,59,49" hai2="8,38,124,33,60,58,7,78,37,94,10,109,83" hai3="68,114,43,50,71,101,87,132,44,133,40,57,4"/><U122/><E122/><V107/><F109/><W9/><G101/><T0/><D111/><U89/><E135/><N who="3" m="51786" /><G87/><T64/><D0/><U95/><E15/><V77/><F124/><W46/><G114/><T14/><D72/><U113/><E113/><V98/><F33/><W106/><G106/><T3/><D3/><U126/><E126/><V110/><F110/><W134/><N who="3" m="51794" /><W30/><DORA hai="82" /><G30/><T32/><D125/><U118/><E118/><V67/><F107/><W91/><G91/><N who="1" m="34890" /><E20/><V75/><F77/><W104/><G104/><T96/><D32/><U11/><E11/><V70/><F70/><W36/><G57/><T105/><D47/><U42/><E42/><V5/><F10/><W34/><G34/><T35/><D35/><U93/><E93/><V6/><REACH who="2" step="1"/><F8/><REACH who="2" ten="211,250,279,250" step="2"/><W13/><AGARI ba="0,1" hai="4,9,13,36,40,43,44,46,50,68,71" m="51794" machi="13" ten="40,1500,0" yaku="20,1" doraHai="85,82" who="3" fromWho="3" sc="211,-4,250,-7,279,-4,250,25" /><INIT seed="2,0,0,4,3,79" ten="207,243,275,275" oya="2" hai0="2,14,0,117,95,125,67,24,130,11,8,74,102" hai1="72,61,73,88,94,9,30,113,51,46,71,89,31" hai2="52,65,114,85,49,41,60,55,4,20,70,110,119" hai3="116,122,129,80,34,59,42,108,16,96,115,62,132"/><V23/><F114/><W35/><G116/><T112/><D112/><U91/><E113/><V50/><F119/><W56/><G122/><T27/><D74/><U86/><E73/><V124/><F124/><W90/><G108/><T87/><D67/><U29/><E72/><V68/><F4/><W93/><G129/><T22/><D130/><U17/><E61/><V98/><F98/><W107/><G42/><T38/><D38/><U103/><E71/><N who="2" m="27179" /><F85/><W3/><G3/><T26/><D125/><U83/><E103/><V12/><F12/><W7/><G132/><T84/><D117/><U15/><REACH who="1" step="1"/><E94/><REACH who="1" ten="207,233,275,275" step="2"/><V120/><F120/><W100/><G62/><T44/><D102/><U121/><E121/><V37/><F110/><W127/><G115/><T18/><D95/><U126/><E126/><V47/><F20/><W99/><G127/><T101/><D101/><U69/><E69/><N who="2" m="42151" /><F23/><W64/><G93/><T1/><REACH who="0" step="1"/><D44/><REACH who="0" ten="197,233,275,275" step="2"/><U135/><E135/><V45/><F37/><W123/><G100/><T25/><N who="0" m="6144" /><DORA hai="128" /><T75/><D75/><U105/><E105/><V78/><F78/><W40/><G107/><T39/><D39/><U48/><E48/><V104/><F104/><W5/><G123/><T32/><D32/><U131/><E131/><V13/><F47/><W106/><G106/><T66/><D66/><U43/><AGARI ba="0,2" hai="9,15,17,29,30,31,43,46,51,83,86,88,89,91" machi="43" ten="30,8000,1" yaku="1,1,0,1,8,1,52,1,54,1,53,0" doraHai="79,128" doraHaiUra="92,118" who="1" fromWho="1" sc="197,-20,233,100,275,-40,275,-20" /><INIT seed="3,0,0,4,5,72" ten="177,333,235,255" oya="3" hai0="1,75,9,38,132,107,89,100,112,59,70,124,131" hai1="62,77,6,0,15,96,128,99,14,85,11,44,12" hai2="113,68,87,105,83,104,43,39,30,41,71,86,53" hai3="48,126,37,98,135,97,69,46,54,5,4,81,80"/><W103/><G69/><T73/><D89/><U34/><E34/><V76/><F113/><W45/><G98/><N who="1" m="37418" /><E0/><V35/><F53/><W64/><G64/><T7/><D59/><U115/><E115/><V67/><F87/><W8/><G4/><T129/><D9/><U47/><E128/><V57/><F57/><W58/><G135/><T40/><D40/><U31/><E31/><V118/><F118/><W51/><G126/><T24/><D24/><U55/><E62/><V50/><F39/><W106/><G37/><T95/><D95/><U101/><E101/><V90/><F90/><W117/><G117/><T66/><D66/><U17/><E55/><V82/><F82/><W10/><G10/><T123/><D7/><U91/><E77/><V32/><F30/><W26/><G26/><T109/><D100/><U2/><E2/><V111/><F67/><W65/><G65/><T88/><D88/><U130/><E130/><V42/><F50/><W36/><G36/><T78/><D78/><U93/><E15/><V27/><F111/><W122/><G122/><T127/><D131/><U56/><E56/><V120/><F120/><W133/><G133/><T19/><D19/><U29/><E29/><V119/><F119/><W110/><G110/><T25/><D25/><U3/><E3/><V79/><F79/><W22/><G58/><T116/><D127/><U108/><E108/><V74/><F74/><W21/><G81/><T92/><D92/><U125/><E125/><V28/><REACH who="2" step="1"/><F35/><AGARI ba="0,0" hai="1,35,38,70,73,75,107,109,112,116,123,124,129,132" machi="35" ten="0,32000,5" yakuman="47" doraHai="72" who="0" fromWho="2" sc="177,320,333,0,235,-320,255,0" owari="497,59.7,333,13.3,-85,-58.5,255,-14.5" /></mjloggm>