<mjloggm ver="2.3"><GO type="225" lobby="0"/><UN n0="%E3%83%94%E3%83%B3%E3%82%B5%E3%83%AD%E5%BA%97%E5%93%A1" n1="%E6%81%A5%E6%99%92%E3%81%97" n2="%E3%80%90%E3%83%88%E3%83%AA%E3%83%A5%E3%83%95%E3%80%91" n3="%6D%75%75%73%61%6E%6D%75" dan="16,16,16,17" rate="2147.10,2144.94,2060.35,2168.02" sx="M,M,M,F"/><TAIKYOKU oya="0"/><INIT seed="0,0,0,2,5,62" ten="250,250,250,250" oya="0" hai0="113,104,119,40,61,71,109,29,49,107,18,132,101" hai1="45,4,21,1,69,46,64,124,44,52,115,134,33" hai2="58,54,2,43,100,79,126,50,80,105,20,63,95" hai3="24,121,102,47,8,65,125,86,5,19,97,28,133"/><T7/><D113/><U37/><E33/><V88/><F126/><W108/><G125/><T12/><D119/><U130/><E124/><V6/><F20/><W14/><G108/><T48/><D132/><U16/><E134/><V117/><F117/><W123/><G133/><T66/><D7/><U78/><E115/><V13/><F2/><W42/><G86/><T127/><D127/><U30/><E130/><V106/><F100/><W110/><G110/><T135/><D135/><U68/><E30/><V23/><F105/><W131/><G5/><T116/><D116/><U70/><E78/><V93/><F106/><W129/><G65/><T9/><D109/><U15/><E37/><V10/><F23/><N who="3" m="15391" /><G97/><T99/><D104/><U22/><E22/><V72/><F88/><W118/><G102/><T34/><D40/><U89/><E89/><V53/><REACH who="2" step="1"/><F43/><REACH who="2" ten="250,250,240,250" step="2"/><W111/><G118/><T55/><D55/><U77/><E77/><V128/><F128/><N who="3" m="49227" /><G111/><T59/><D59/><AGARI ba="0,1" hai="6,10,13,50,53,54,58,59,63,72,79,80,93,95" machi="59" ten="30,2000,0" yaku="1,1,7,1,53,0" doraHai="62" doraHaiUra="84" who="2" fromWho="0" sc="250,-20,250,0,240,30,250,0" /><INIT seed="1,0,0,3,1,28" ten="230,250,270,250" oya="1" hai0="15,111,100,60,51,50,40,89,93,78,43,76,108" hai1="124,53,19,56,71,128,55,97,20,38,98,23,75" hai2="6,21,29,106,107,99,135,47,61,58,45,67,121" hai3="119,46,96,24,94,34,69,127,131,73,118,90,133"/><U101/><E71/><V72/><F121/><W44/><G69/><T49/><D100/><U74/><E38/><V92/><F72/><W65/><G65/><T116/><D116/><N who="3" m="44585" /><G73/><T8/><D60/><U91/><E124/><V39/><F6/><W16/><G127/><T68/><D68/><U70/><E70/><V83/><F83/><W27/><G131/><T52/><D111/><U54/><E128/><V113/><F135/><W110/><G133/><T80/><D108/><U82/><E75/><V7/><F7/><W132/><G132/><T109/><D109/><U26/><E23/><V12/><F113/><W31/><G110/><T122/><D122/><U134/><E134/><V84/><F84/><W123/><G123/><T81/><D81/><U126/><E126/><V41/><F47/><W117/><N who="3" m="44593" /><W87/><DORA hai="17" /><G96/><N who="0" m="57391" /><D52/><N who="1" m="20075" /><E74/><V9/><F9/><W1/><G1/><T66/><D66/><U85/><E101/><N who="2" m="60647" /><F12/><W13/><G27/><AGARI ba="0,0" hai="21,27,29,39,41,45,58,61,67,106,107" m="60647" machi="27" ten="30,2000,0" yaku="25,1,52,1" doraHai="28,17" who="2" fromWho="3" sc="230,0,250,0,270,20,250,-20" /><INIT seed="2,0,0,5,5,24" ten="230,250,290,230" oya="2" hai0="12,96,116,86,109,8,117,25,35,65,58,92,26" hai1="73,128,98,104,89,18,1,68,120,33,29,83,39" hai2="69,43,55,111,56,22,34,122,38,135,54,41,3" hai3="87,48,91,71,52,110,94,60,134,101,11,20,107"/><V16/><F122/><W79/><G110/><T61/><D109/><U6/><E120/><V123/><F123/><W99/><G134/><T64/><D86/><U103/><E128/><V126/><F111/><W100/><G11/><T4/><D65/><U88/><E68/><V50/><F3/><W130/><G130/><T57/><D57/><U121/><E121/><V81/><F34/><W124/><G124/><T67/><D67/><U23/><E39/><V5/><F5/><W46/><G71/><T27/><REACH who="0" step="1"/><D35/><REACH who="0" ten="220,250,290,230" step="2"/><U72/><E33/><V113/><F56/><N who="3" m="34823" /><G107/><T13/><D13/><U105/><E104/><V9/><F69/><W132/><G132/><T131/><D131/><U7/><E1/><V125/><F135/><W102/><G79/><T114/><D114/><U63/><E105/><V129/><F113/><W84/><G20/><T53/><D53/><AGARI ba="0,1" hai="46,48,53,84,87,91,94,99,100,101,102" m="34823" machi="53" ten="30,2000,0" yaku="8,1,54,1" doraHai="24" who="3" fromWho="0" sc="220,-20,250,0,290,0,230,30" /><INIT seed="3,0,0,3,2,41" ten="200,250,290,260" oya="3" hai0="100,56,66,18,6,15,13,77,128,65,98,49,63" hai1="89,3,133,29,17,28,22,93,69,79,30,46,4" hai2="5,126,9,21,110,114,82,33,109,50,135,73,76" hai3="84,45,131,95,120,105,25,125,42,91,80,7,37"/><W16/><G120/><T52/><D128/><U97/><E133/><V36/><F135/><W74/><G131/><T23/><D77/><U117/><E69/><V134/><F134/><W78/><G125/><T24/><D6/><U71/><E71/><V64/><F33/><W47/><G105/><T108/><D108/><N who="2" m="41578" /><F114/><W68/><G68/><T26/><D26/><U92/><E117/><V31/><F64/><W122/><G122/><T81/><D81/><U70/><E70/><V51/><F36/><W102/><G102/><T90/><D90/><N who="1" m="55447" /><E3/><N who="2" m="191" /><F126/><W0/><G0/><T121/><D121/><U54/><E79/><V39/><F39/><W85/><G7/><T1/><D1/><U38/><E38/><V57/><F57/><W130/><G130/><T127/><D127/><U20/><E4/><V53/><F53/><W67/><G37/><T99/><D66/><U19/><E22/><V116/><F116/><W101/><G67/><T34/><D34/><U94/><E89/><V124/><F124/><W72/><G101/><T62/><D62/><U44/><E54/><V58/><F58/><W12/><G42/><T75/><D75/><U40/><E40/><V27/><AGARI ba="0,0" hai="21,27,31,50,51,73,76,82" m="191,41578" machi="27" ten="30,1100,0" yaku="14,1" doraHai="41" who="2" fromWho="2" sc="200,-3,250,-3,290,11,260,-5" owari="197,-30.3,247,-15.3,301,40.1,255,5.5" /></mjloggm>