<mjloggm ver="2.3"><GO type="225" lobby="0"/><UN n0="%E3%81%86%E3%83%BC%E3%81%B1%E3%83%BC" n1="%6D%75%75%6D%75%72%61" n2="%30%2E%31%32%30" n3="%6C%61%6D%62" dan="17,17,16,16" rate="2210.31,2197.98,2105.55,2131.06" sx="F,F,M,M"/><TAIKYOKU oya="0"/><INIT seed="0,0,0,3,4,31" ten="250,250,250,250" oya="0" hai0="65,82,133,70,5,11,121,120,68,99,84,119,131" hai1="29,50,118,122,46,25,18,129,19,110,0,76,80" hai2="9,7,21,2,128,75,12,47,30,8,3,83,94" hai3="55,17,34,62,54,43,1,91,53,108,77,38,101"/><T86/><D119/><U116/><E118/><V96/><F128/><W32/><G1/><T117/><D117/><U72/><E0/><V37/><F8/><W73/><G101/><T66/><D131/><U45/><E129/><V16/><F30/><W92/><G108/><T112/><D112/><U69/><E116/><V44/><F37/><W132/><G132/><T127/><D99/><U113/><E69/><V123/><F123/><W40/><G17/><T90/><D133/><U100/><E122/><V63/><F63/><W33/><G38/><T49/><D127/><U10/><E113/><V57/><F57/><W124/><G124/><T98/><D98/><U126/><E110/><V64/><F64/><W88/><G62/><T111/><D111/><U130/><E126/><V52/><F52/><W87/><REACH who="3" step="1"/><G91/><REACH who="3" ten="250,250,250,240" step="2"/><N who="0" m="51607" /><D121/><U95/><E130/><V134/><F134/><W71/><G71/><T36/><D70/><U41/><E18/><V28/><F2/><W23/><G23/><T104/><D68/><U115/><E115/><V103/><F28/><W27/><G27/><T58/><D120/><U107/><E19/><V97/><F3/><W6/><G6/><T109/><D36/><U125/><E125/><V26/><F7/><W79/><G79/><T89/><D109/><U15/><E29/><V74/><F26/><W13/><G13/><N who="0" m="5359" /><D89/><U135/><E135/><V39/><F39/><W20/><G20/><T24/><D24/><U93/><E25/><V78/><F21/><W51/><G51/><T81/><D104/><U106/><E50/><V56/><F12/><W102/><G102/><RYUUKYOKU ba="0,1" sc="250,15,250,-15,250,-15,240,15" hai0="49,58,65,66,81,86,90" hai3="32,33,34,40,43,53,54,55,73,77,87,88,92" /><INIT seed="0,1,1,4,2,118" ten="265,235,235,255" oya="0" hai0="70,108,1,8,26,106,93,74,98,9,54,128,15" hai1="71,87,126,24,105,5,89,100,35,51,13,27,102" hai2="16,122,30,40,34,76,119,116,3,112,46,32,114" hai3="109,12,56,132,131,135,19,22,111,77,120,78,21"/><T18/><D74/><U123/><E71/><V41/><F76/><N who="3" m="29291" /><G131/><T63/><D106/><U66/><E123/><V115/><F46/><W14/><G56/><N who="0" m="35223" /><D70/><U55/><E126/><V91/><F3/><W81/><G81/><T134/><D1/><U65/><E105/><V17/><F30/><W80/><G80/><T10/><D128/><U73/><E73/><V110/><F110/><N who="3" m="41995" /><G120/><T83/><D108/><U117/><E117/><V104/><F104/><W29/><G29/><T31/><D83/><N who="1" m="49407" /><E35/><V33/><F91/><W103/><G103/><N who="1" m="39466" /><E13/><N who="3" m="5226" /><G19/><N who="2" m="7241" /><F122/><W23/><AGARI ba="1,1" hai="21,22,23,132,135" m="5226,41995,29291" machi="23" ten="40,5200,0" yaku="28,2,14,1" doraHai="118" who="3" fromWho="3" sc="265,-27,235,-14,235,-14,255,65" /><INIT seed="1,0,0,0,1,95" ten="238,221,221,320" oya="1" hai0="78,109,116,53,83,6,107,115,9,130,64,21,4" hai1="66,59,86,114,40,68,128,101,26,54,91,56,73" hai2="110,25,132,39,17,80,79,31,125,113,58,63,52" hai3="119,105,129,97,45,72,90,135,112,120,57,127,14"/><U38/><E114/><V29/><F110/><W92/><G112/><T118/><D115/><U70/><E73/><V98/><F113/><W19/><G120/><T76/><D109/><U42/><E128/><V65/><F125/><W94/><G129/><T67/><D130/><U60/><E101/><V106/><F39/><W7/><G135/><T30/><D53/><U62/><E26/><V3/><F3/><W88/><G127/><T77/><D83/><U2/><E2/><V108/><F108/><W69/><G69/><N who="1" m="26730" /><E91/><V55/><F132/><W20/><G72/><T10/><D78/><U71/><E86/><N who="2" m="48415" /><F106/><W36/><G105/><T102/><D107/><U44/><E40/><V89/><F17/><W87/><G119/><T133/><D133/><U24/><E24/><V85/><F85/><W134/><G134/><T103/><D21/><U15/><E15/><V47/><F25/><W81/><G7/><T34/><D30/><N who="2" m="11274" /><F47/><W43/><REACH who="3" step="1"/><G57/><AGARI ba="0,0" hai="38,42,44,54,56,57,59,60,62,66,71" m="26730" machi="57" ten="30,12000,1" yaku="35,5" doraHai="95" who="1" fromWho="3" sc="238,0,221,120,221,0,320,-120" /><INIT seed="1,1,0,2,3,34" ten="238,341,221,200" oya="1" hai0="75,94,78,76,121,29,73,105,8,26,104,17,128" hai1="101,58,42,60,16,82,43,91,99,44,27,59,126" hai2="20,119,116,6,122,1,5,81,110,129,3,63,71" hai3="0,13,25,88,117,124,113,18,41,123,96,72,134"/><U65/><E126/><V131/><F81/><W98/><G113/><T28/><D121/><U2/><E2/><N who="2" m="523" /><F63/><W111/><G123/><T127/><D127/><U51/><E59/><V125/><F122/><W11/><G124/><T61/><D94/><U62/><E62/><V70/><F20/><W79/><G0/><T12/><D61/><U66/><E101/><V114/><F125/><W33/><G117/><N who="2" m="45129" /><F110/><W86/><G111/><T48/><D48/><U19/><E82/><V45/><F45/><W24/><G33/><T7/><D75/><U35/><E66/><V32/><F32/><W30/><G72/><T50/><D50/><U118/><E118/><V57/><F57/><W74/><G74/><T38/><D73/><U49/><E49/><V55/><F55/><W14/><G79/><T120/><D78/><U77/><E35/><V4/><F114/><W95/><G41/><T130/><D76/><U64/><E64/><V97/><F97/><W53/><G53/><T112/><D112/><U54/><E77/><V93/><F93/><W31/><G96/><T9/><D120/><U22/><E42/><V106/><F106/><W135/><G98/><T21/><D105/><U107/><E43/><V67/><F67/><W37/><G14/><N who="0" m="5407" /><D104/><U85/><E107/><V89/><F89/><W68/><G68/><AGARI ba="1,0" hai="4,5,6,68,70,71,129,131" m="45129,523" machi="68" ten="40,8000,1" yaku="28,2,52,3" doraHai="34" who="2" fromWho="3" sc="238,0,341,0,221,83,200,-83" /><INIT seed="2,0,0,0,4,1" ten="238,341,304,117" oya="2" hai0="19,77,104,22,108,130,102,24,63,74,107,64,62" hai1="8,127,96,34,39,75,52,78,90,118,17,14,56" hai2="33,89,50,103,134,71,51,32,26,13,92,65,40" hai3="31,49,16,88,9,81,58,133,128,76,87,69,83"/><V10/><F134/><W7/><G133/><T53/><D108/><U131/><E118/><V93/><F71/><W4/><G128/><T61/><D130/><U37/><E131/><V117/><F65/><W3/><G69/><T115/><D115/><U47/><E34/><V59/><F117/><W29/><G7/><T66/><D77/><U23/><E127/><V67/><F67/><W114/><G114/><T105/><D74/><U124/><E124/><V11/><F103/><W120/><G120/><T126/><D126/><U100/><E90/><V119/><F119/><W70/><G70/><T121/><D121/><U44/><E37/><V6/><F93/><W99/><G99/><T84/><D102/><U38/><E38/><V15/><F26/><W42/><G16/><T106/><N who="0" m="26624" /><DORA hai="122" /><T54/><D84/><U5/><E39/><V132/><F51/><W12/><G3/><T36/><D36/><U94/><E78/><V21/><F21/><W68/><G68/><T45/><D45/><U101/><E75/><V95/><F95/><W73/><REACH who="3" step="1"/><G58/><REACH who="3" ten="238,341,304,107" step="2"/><T111/><D111/><U46/><E56/><V123/><F132/><W18/><G18/><T2/><D2/><U25/><E101/><V125/><F123/><W98/><G98/><T85/><D85/><U57/><E57/><V86/><F125/><W48/><G48/><AGARI ba="0,1" hai="5,8,14,17,23,25,44,46,47,48,52,94,96,100" machi="48" ten="40,5200,0" yaku="8,1,52,1,54,1" doraHai="1,122" who="1" fromWho="3" sc="238,0,341,62,304,0,107,-52" /><INIT seed="3,0,0,5,3,131" ten="238,403,304,55" oya="3" hai0="4,22,97,36,6,57,52,73,104,54,85,105,23" hai1="61,121,88,86,91,20,76,59,41,34,5,26,115" hai2="124,56,122,75,40,120,109,107,108,134,27,92,45" hai3="127,25,126,74,15,10,32,58,87,133,114,96,95"/><W47/><G74/><T135/><D73/><U44/><E34/><V63/><F107/><W83/><G114/><T19/><D36/><U31/><E115/><V7/><F75/><W128/><G128/><T106/><D97/><U13/><E121/><N who="2" m="46699" /><F7/><W30/><G47/><T46/><D135/><U33/><E33/><V24/><F24/><W118/><G118/><T49/><D85/><U48/><E76/><V35/><F27/><W37/><G37/><T89/><D89/><U9/><E86/><V8/><F8/><W62/><G87/><T94/><D94/><U66/><AGARI ba="0,0" hai="5,9,13,20,26,31,41,44,48,59,61,66,88,91" machi="66" ten="20,5200,0" yaku="0,1,7,1,8,1,54,1" doraHai="131" who="1" fromWho="1" sc="238,-13,403,52,304,-13,55,-26" owari="225,-17.5,455,55.5,291,9.1,29,-47.1" /></mjloggm>