<mjloggm ver="2.3"><GO type="225" lobby="0"/><UN n0="%E7%B4%94%E6%BD%94%E3%83%94%E3%83%A9%E3%83%8B%E3%82%A2" n1="%6D%61%74%69%67%75%73%61" n2="%E7%8D%A3%E8%87%AD%E3%81%84%E8%82%89%E7%90%83" n3="%E9%B3%B3%E6%9D%B1%E3%81%AE%E3%81%BF%E3%81%91%E3%81%AB%E3%82%83%E3%82%93" dan="17,17,16,16" rate="2248.59,2127.07,2126.68,2098.95" sx="M,M,M,F"/><TAIKYOKU oya="0"/><INIT seed="0,0,0,2,2,69" ten="250,250,250,250" oya="0" hai0="117,64,56,77,84,42,46,103,83,81,121,5,70" hai1="32,129,76,2,90,108,102,48,6,24,123,7,72" hai2="118,112,10,44,131,97,27,22,94,127,128,17,71" hai3="52,99,67,53,87,66,18,80,28,41,20,95,85"/><T61/><D117/><U25/><E90/><V74/><F112/><W96/><G28/><T106/><D121/><U50/><E102/><V12/><F118/><W116/><G116/><T37/><D5/><U113/><E76/><V125/><F74/><W58/><G41/><T105/><D103/><U51/><E72/><V26/><F71/><W101/><G96/><T9/><D9/><U111/><E123/><V29/><F44/><W133/><G133/><T91/><REACH who="0" step="1"/><D70/><REACH who="0" ten="240,250,250,250" step="2"/><U55/><E6/><N who="2" m="3159" /><F97/><W110/><G110/><T30/><D30/><U0/><E7/><V62/><F127/><W39/><G101/><T21/><D21/><U104/><E111/><V13/><F125/><W86/><G20/><T124/><D124/><U45/><E108/><V36/><F29/><W65/><G18/><T89/><D89/><U73/><E0/><V59/><F17/><W119/><G119/><T122/><D122/><U16/><E2/><V68/><F68/><W82/><G39/><T54/><D54/><N who="3" m="21097" /><G58/><T132/><D132/><U120/><E16/><V126/><F36/><W114/><G114/><T115/><D115/><U60/><E113/><V47/><F126/><W79/><G79/><T1/><D1/><U100/><E120/><V109/><F59/><W130/><G130/><T135/><D135/><U63/><E129/><V78/><F128/><W88/><AGARI ba="0,1" hai="65,66,67,80,82,85,86,87,88,95,99" m="21097" machi="88" ten="40,5200,0" yaku="8,1,54,2" doraHai="69" who="3" fromWho="3" sc="240,-26,250,-13,250,-13,250,62" /><INIT seed="1,0,0,0,0,131" ten="214,237,237,312" oya="1" hai0="62,126,34,41,58,42,86,132,123,108,114,16,91" hai1="67,55,9,26,61,57,76,94,93,70,116,69,63" hai2="47,60,50,81,46,39,90,72,28,33,68,11,96" hai3="84,40,134,23,75,109,88,104,85,6,102,64,4"/><U20/><E116/><V122/><F122/><W83/><G109/><T5/><D114/><U48/><E76/><V115/><F115/><W18/><G64/><T56/><D108/><U19/><REACH who="1" step="1"/><E9/><REACH who="1" ten="214,227,237,312" step="2"/><V82/><F11/><W37/><G75/><T44/><D123/><U52/><E52/><V103/><F72/><W112/><G112/><T127/><D127/><U89/><E89/><V113/><F90/><W1/><G88/><T45/><D126/><U36/><E36/><V79/><F113/><W128/><G37/><T38/><D38/><U66/><AGARI ba="0,1" hai="19,20,26,48,55,57,61,63,66,67,69,70,93,94" machi="66" ten="30,6000,0" yaku="1,1,0,1,9,1,53,0" doraHai="131" doraHaiUra="74" who="1" fromWho="1" sc="214,-20,227,70,237,-20,312,-20" /><INIT seed="1,1,0,3,3,116" ten="194,297,217,292" oya="1" hai0="52,20,58,104,35,44,89,63,2,79,85,84,8" hai1="69,135,101,64,42,33,95,105,46,21,59,48,76" hai2="129,96,83,62,4,112,43,28,17,37,56,39,66" hai3="6,54,19,110,9,74,90,78,132,93,127,125,3"/><U11/><E33/><V73/><F129/><W23/><G110/><T49/><D35/><U45/><E105/><V77/><F112/><W130/><G130/><T97/><D79/><U106/><E106/><V47/><F28/><W123/><G132/><T10/><D2/><U67/><E69/><V16/><F39/><W22/><G54/><T38/><D38/><U124/><E76/><V108/><F108/><W99/><G123/><T61/><D61/><U60/><E124/><N who="3" m="47690" /><G19/><T131/><D131/><U36/><E135/><V75/><F75/><W55/><G55/><T72/><D72/><U88/><E101/><V25/><F25/><W71/><G71/><T31/><D104/><U81/><E81/><AGARI ba="1,0" hai="3,6,9,22,23,74,78,81,90,93,99" m="47690" machi="81" ten="30,1000,0" yaku="18,1" doraHai="116" who="3" fromWho="1" sc="194,0,297,-13,217,0,292,13" /><INIT seed="2,0,0,0,2,50" ten="194,284,217,305" oya="2" hai0="74,61,105,11,15,91,16,51,113,9,69,94,125" hai1="70,1,19,28,38,77,23,36,107,8,48,55,116" hai2="0,109,52,59,86,118,64,4,90,92,3,81,49" hai3="84,32,124,54,13,68,46,93,56,58,21,34,98"/><V60/><F118/><W73/><G73/><T128/><D113/><U112/><E70/><V53/><F109/><W29/><G68/><T5/><D105/><U57/><E107/><V42/><F4/><W133/><G133/><T18/><D74/><U27/><E112/><V104/><F104/><W114/><G124/><T96/><D125/><U2/><E77/><V115/><F115/><W26/><G84/><T82/><D128/><U66/><E66/><V44/><F0/><W103/><G114/><T39/><D39/><U99/><E99/><N who="2" m="57751" /><F3/><W79/><G79/><AGARI ba="0,0" hai="42,44,49,52,53,59,60,64,79,81,86" m="57751" machi="79" ten="30,11600,0" yaku="8,1,52,2,54,1" doraHai="50" who="2" fromWho="3" sc="194,0,284,0,217,116,305,-116" /><INIT seed="2,1,0,3,3,18" ten="194,284,333,189" oya="2" hai0="116,4,128,22,17,32,70,87,129,71,40,43,122" hai1="66,84,120,57,46,92,47,54,14,121,135,82,107" hai2="51,23,117,1,101,114,81,93,37,31,0,74,109" hai3="26,132,58,89,72,112,113,48,127,64,110,108,8"/><V85/><F117/><W16/><G72/><T6/><D32/><U119/><E107/><V13/><F37/><W80/><G132/><T21/><D17/><U41/><E119/><V39/><F39/><W30/><G127/><T69/><D116/><U28/><E66/><V24/><F114/><N who="3" m="44139" /><G80/><T105/><D87/><U76/><E135/><V124/><F74/><W67/><G89/><T35/><D35/><U25/><E14/><V55/><F124/><W98/><G98/><T19/><D19/><U91/><E41/><N who="0" m="15945" /><D105/><U99/><E120/><V97/><F13/><N who="3" m="7207" /><G48/><T63/><D63/><U61/><REACH who="1" step="1"/><E121/><REACH who="1" ten="194,274,333,189" step="2"/><V29/><F0/><W88/><G67/><T65/><D65/><U100/><E100/><V115/><F1/><W86/><G64/><T123/><D122/><U5/><E5/><N who="0" m="2153" /><D123/><U59/><E59/><V44/><F115/><W133/><G58/><T94/><D94/><U96/><E96/><V49/><F97/><W79/><G133/><T3/><D3/><U12/><E12/><V10/><F93/><N who="3" m="54423" /><G79/><T62/><D62/><U73/><E73/><V130/><F85/><W106/><G106/><T125/><D125/><U56/><E56/><V126/><F126/><W75/><G75/><T78/><D78/><U38/><E38/><V53/><F101/><W11/><G11/><T90/><D90/><U95/><E95/><V2/><F10/><W15/><G15/><T111/><D70/><U118/><E118/><V50/><F2/><W104/><G104/><T131/><D71/><U7/><E7/><V45/><F45/><W60/><G60/><T77/><D77/><RYUUKYOKU ba="1,1" sc="194,-15,274,15,333,-15,189,15" hai1="25,28,46,47,54,57,61,76,82,84,91,92,99" hai3="26,30,108,110" /><INIT seed="3,2,1,3,2,9" ten="179,289,318,204" oya="3" hai0="30,20,28,31,17,86,51,22,102,104,57,5,71" hai1="18,48,55,68,131,35,83,96,109,60,101,85,14" hai2="73,34,58,65,25,128,121,116,126,47,124,88,72" hai3="107,87,74,8,32,23,127,108,3,49,50,93,130"/><W11/><G32/><T16/><D71/><U110/><E35/><V120/><F116/><W134/><G74/><N who="2" m="28777" /><F128/><W39/><G39/><T91/><D104/><U13/><E131/><V100/><F100/><W77/><G107/><T12/><D102/><U75/><E75/><V129/><F129/><W132/><G130/><T119/><D5/><U89/><E60/><N who="2" m="38039" /><F88/><N who="3" m="53407" /><G127/><N who="2" m="48681" /><F47/><W21/><G77/><T43/><D119/><U56/><E68/><V106/><F106/><W67/><G67/><T62/><D43/><U123/><E123/><V90/><F90/><W105/><G105/><T99/><D99/><U94/><REACH who="1" step="1"/><E13/><REACH who="1" ten="179,279,318,204" step="2"/><V26/><F34/><W19/><G3/><T79/><D51/><U118/><E118/><V95/><F95/><W42/><G49/><T69/><D69/><U0/><E0/><V92/><F92/><W117/><G50/><T4/><D4/><U63/><E63/><V84/><F84/><W111/><G117/><T38/><D38/><U24/><E24/><AGARI ba="2,2" hai="24,25,26,120,121" m="48681,38039,28777" machi="24" ten="40,1300,0" yaku="18,1" doraHai="9" who="2" fromWho="1" sc="179,0,279,-19,318,39,204,0" owari="179,-32.1,260,6.0,357,45.7,204,-19.6" /></mjloggm>