<mjloggm ver="2.3"><GO type="225" lobby="0"/><UN n0="%E3%81%B5%E3%81%98%E3%81%8B%E3%81%A4" n1="%E6%9D%B1%E9%A2%A8%E3%81%AE%E3%81%8D%E3%82%83%E3%81%B7%E3%81%95%E3%82%93" n2="%E3%81%AF%E3%82%88%E3%81%8A%E3%81%98%E3%81%95%E3%82%93" n3="%77%72%77%72%77%72%77%72" dan="16,17,17,17" rate="2228.01,2245.48,2173.08,2238.38" sx="M,M,M,M"/><TAIKYOKU oya="0"/><INIT seed="0,0,0,1,1,99" ten="250,250,250,250" oya="0" hai0="5,110,115,125,128,13,40,47,85,57,51,86,48" hai1="4,123,117,62,120,45,107,42,7,63,132,35,58" hai2="44,25,31,72,104,64,34,116,50,41,10,93,100" hai3="60,75,71,21,12,74,0,2,127,102,89,84,8"/><T11/><D115/><U70/><E117/><V130/><F72/><W61/><G127/><T91/><D125/><U94/><E132/><V77/><F77/><W14/><G102/><T37/><D128/><U56/><E107/><V49/><F130/><W113/><G113/><T68/><D68/><U33/><E70/><V1/><F116/><W111/><G111/><T90/><D110/><U114/><E114/><V30/><F64/><W24/><G71/><T119/><D119/><U67/><E94/><V26/><F104/><W129/><G129/><T122/><D122/><U17/><E17/><V39/><F10/><W59/><G61/><T87/><REACH who="0" step="1"/><D37/><REACH who="0" ten="240,250,250,250" step="2"/><U92/><E123/><V32/><F1/><W52/><G0/><T78/><D78/><U124/><E124/><V29/><F29/><W82/><G2/><T15/><D15/><U79/><E79/><V22/><F32/><W36/><G36/><T54/><AGARI ba="0,1" hai="5,11,13,40,47,48,51,54,57,85,86,87,90,91" machi="54" ten="30,6000,0" yaku="1,1,0,1,8,1,53,0" doraHai="99" doraHaiUra="65" who="0" fromWho="0" sc="240,70,250,-20,250,-20,250,-20" /><INIT seed="0,1,0,2,3,64" ten="310,230,230,230" oya="0" hai0="55,115,45,99,103,23,60,88,16,78,91,40,36" hai1="135,102,7,52,75,131,93,58,41,110,57,46,122" hai2="54,39,87,61,119,134,127,20,81,24,43,12,109" hai3="73,70,37,72,63,79,47,2,68,83,108,120,74"/><T25/><D115/><U67/><E75/><N who="3" m="28746" /><G108/><T125/><D125/><U32/><E32/><V0/><F0/><W82/><G82/><T105/><D78/><U30/><E30/><V44/><F109/><W11/><G63/><T126/><D126/><U117/><E7/><V114/><F114/><W38/><G120/><T130/><D130/><U15/><E110/><V94/><F127/><W18/><G18/><T121/><D121/><U28/><E15/><V31/><F134/><W42/><G38/><T107/><REACH who="0" step="1"/><D105/><REACH who="0" ten="300,230,230,230" step="2"/><U13/><E122/><V128/><F128/><W90/><G90/><T129/><D129/><U123/><E131/><V6/><F119/><W1/><G1/><T104/><D104/><U95/><E117/><V19/><F39/><W51/><G51/><T26/><D26/><U124/><E123/><V69/><F24/><W5/><AGARI ba="1,1" hai="2,5,11,37,42,47,68,70,74,79,83" m="28746" machi="5" ten="30,8000,1" yaku="25,1,33,2,52,2" doraHai="64" who="3" fromWho="3" sc="300,-41,230,-21,230,-21,230,93" /><INIT seed="1,0,0,2,4,70" ten="259,209,209,323" oya="1" hai0="42,13,23,41,87,58,8,1,82,24,45,107,78" hai1="130,21,71,31,120,106,22,103,11,43,37,39,92" hai2="85,47,112,133,15,124,98,113,51,28,105,35,20" hai3="48,128,49,104,72,34,127,73,93,62,79,61,56"/><U75/><E120/><V30/><F124/><W80/><G104/><T54/><D107/><U118/><E43/><V91/><F133/><W95/><G128/><T50/><D1/><U111/><E71/><V17/><F98/><W123/><G123/><T12/><D8/><U55/><E75/><V135/><F105/><W2/><G2/><T59/><D42/><U132/><E106/><V108/><F108/><W131/><G34/><T110/><D110/><U33/><E111/><V0/><F0/><W57/><G80/><T7/><D7/><U86/><E11/><V90/><F135/><W76/><REACH who="3" step="1"/><G131/><REACH who="3" ten="259,209,209,313" step="2"/><T63/><REACH who="0" step="1"/><D58/><REACH who="0" ten="249,209,209,313" step="2"/><U32/><E130/><V29/><F113/><W96/><G96/><T99/><D99/><N who="1" m="59879" /><E132/><V89/><F112/><W83/><G83/><T52/><D52/><U40/><E55/><N who="2" m="30207" /><F35/><W116/><G116/><T94/><D94/><AGARI ba="0,2" hai="15,17,20,28,29,30,85,89,90,91,94" m="30207" machi="94" ten="30,1000,0" yaku="8,1" doraHai="70" who="2" fromWho="0" sc="249,-10,209,0,209,30,313,0" /><INIT seed="2,0,0,1,4,65" ten="239,209,239,313" oya="2" hai0="102,96,86,76,109,129,46,7,128,6,73,78,0" hai1="112,30,13,27,49,90,42,25,2,8,29,3,88" hai2="119,83,120,75,32,126,106,91,11,122,70,4,15" hai3="14,85,104,59,1,111,33,134,130,54,72,82,24"/><V98/><F119/><W93/><G1/><T110/><D0/><U64/><E112/><V9/><F32/><W68/><G68/><T23/><D46/><U21/><E64/><V84/><F126/><W53/><G104/><N who="0" m="63559" /><D23/><U26/><E2/><V67/><F75/><W58/><G111/><N who="0" m="42507" /><D73/><U17/><E3/><V35/><F35/><W63/><G72/><T44/><D44/><N who="1" m="25751" /><E21/><V50/><F50/><W37/><G37/><T55/><D55/><U79/><E79/><N who="0" m="30249" /><D86/><U118/><E118/><V132/><F9/><W94/><G85/><T105/><D105/><U95/><E90/><V66/><F66/><W124/><G53/><T34/><D34/><U97/><AGARI ba="0,0" hai="8,13,17,25,26,27,29,30,88,95,97" m="25751" machi="97" ten="30,2000,0" yaku="8,1,54,1" doraHai="65" who="1" fromWho="1" sc="239,-5,209,20,239,-10,313,-5" /><INIT seed="3,0,0,1,2,104" ten="234,229,229,308" oya="3" hai0="87,6,52,1,133,45,49,98,81,106,100,42,109" hai1="119,26,128,97,131,108,73,68,85,53,14,72,7" hai2="135,115,48,10,70,107,11,93,67,60,88,90,66" hai3="105,17,79,78,113,32,126,134,59,130,121,61,111"/><W75/><RYUUKYOKU type="yao9" ba="0,0" sc="234,0,229,0,229,0,308,0" hai3="17,32,59,61,75,78,79,105,111,113,121,126,130,134" /><INIT seed="3,1,0,1,2,93" ten="234,229,229,308" oya="3" hai0="35,27,74,5,49,114,62,37,132,104,116,100,6" hai1="17,130,86,81,117,21,99,2,54,64,123,135,119" hai2="88,61,122,14,113,30,133,90,75,79,51,11,112" hai3="47,58,131,59,80,34,60,18,32,96,85,56,8"/><W38/><G131/><T68/><D116/><N who="1" m="44619" /><E130/><V121/><F30/><W1/><G1/><T42/><D49/><U109/><E2/><V25/><F25/><W94/><G38/><T84/><D84/><U15/><E123/><N who="2" m="47115" /><F133/><W26/><G47/><N who="0" m="24015" /><D132/><U89/><E135/><V111/><F111/><W7/><G7/><T23/><D23/><U66/><E109/><V40/><F61/><W22/><G8/><T44/><D44/><U13/><E54/><V103/><F103/><N who="3" m="60823" /><G32/><T24/><D74/><U39/><E39/><V33/><F33/><W105/><G105/><T4/><D114/><N who="2" m="44138" /><F51/><W76/><G34/><T118/><D118/><U55/><E55/><AGARI ba="1,0" hai="18,22,26,55,56,58,59,60,76,80,85" m="60823" machi="55" ten="30,2900,0" yaku="8,1,52,1" doraHai="93" who="3" fromWho="1" sc="234,0,229,-32,229,0,308,32" owari="234,3.4,197,-30.3,229,-17.1,340,44.0" /></mjloggm>