<mjloggm ver="2.3"><GO type="225" lobby="0"/><UN n0="%E3%82%88%E3%82%8D%E3%81%97%E3%81%8F%E3%81%A7%E3%81%99%E2%99%AA" n1="%6D%75%75%73%61%6E%6D%75" n2="%E6%B4%BE%E9%81%A3%E3%81%AE%E3%82%B8%E3%83%A3%E3%83%83%E3%82%AF" n3="%33%74%72%65%65" dan="16,17,17,16" rate="2127.97,2162.58,2194.82,2117.24" sx="F,F,M,F"/><TAIKYOKU oya="0"/><INIT seed="0,0,0,2,0,129" ten="250,250,250,250" oya="0" hai0="63,46,45,44,114,86,65,132,120,30,93,127,116" hai1="94,109,124,49,13,134,41,125,24,82,119,130,75" hai2="25,7,106,83,14,77,5,88,113,68,35,61,16" hai3="100,36,33,101,102,95,57,91,48,17,105,39,55"/><T53/><D114/><U1/><E1/><V51/><F113/><W54/><G105/><T62/><D116/><U23/><E119/><V12/><F106/><W21/><G33/><T97/><D120/><U50/><E130/><V66/><F51/><W72/><G72/><T0/><D127/><N who="1" m="48715" /><E109/><V92/><F14/><W115/><G55/><T103/><D0/><U80/><E13/><V99/><F25/><W126/><G115/><T60/><D132/><U4/><E4/><V3/><F35/><W117/><G117/><T27/><D86/><U118/><E118/><V38/><F38/><W107/><G107/><T79/><D79/><N who="1" m="44159" /><E82/><V110/><F110/><W67/><G126/><T87/><D87/><U34/><E34/><V108/><F3/><W52/><G67/><T56/><D53/><U22/><E41/><V69/><F69/><W10/><G54/><T2/><D2/><U71/><E71/><V26/><F26/><W133/><G133/><T111/><D111/><U135/><E94/><V121/><F121/><W104/><G104/><T123/><D123/><U43/><E23/><AGARI ba="0,0" hai="23,27,30,44,45,46,56,60,62,63,65,93,97,103" machi="23" ten="40,7700,0" yaku="25,2,8,1" doraHai="129" who="0" fromWho="1" sc="250,77,250,-77,250,0,250,0" /><INIT seed="0,1,0,4,0,126" ten="327,173,250,250" oya="0" hai0="133,81,60,28,43,59,30,5,13,17,132,123,46" hai1="9,76,66,27,18,31,90,4,61,45,15,97,67" hai2="20,40,79,49,124,116,77,82,87,53,48,129,105" hai3="95,73,2,135,55,107,22,70,36,41,12,44,25"/><T78/><D123/><U26/><E76/><V94/><F105/><W93/><G2/><T112/><D112/><U7/><E45/><V39/><F39/><W47/><G107/><T131/><D5/><U86/><E97/><V80/><F124/><W3/><G3/><T6/><D6/><U104/><E104/><V32/><F32/><W117/><G117/><T114/><D114/><U83/><E27/><V122/><F122/><W98/><G73/><T50/><D131/><U34/><REACH who="1" step="1"/><E66/><REACH who="1" ten="327,163,250,250" step="2"/><V54/><F116/><W92/><G25/><T64/><D133/><U8/><E8/><V134/><F134/><W0/><G135/><T57/><D132/><U63/><E63/><V38/><F77/><W35/><G98/><T125/><D125/><U72/><E72/><V69/><F79/><W24/><G24/><T85/><REACH who="0" step="1"/><D59/><AGARI ba="1,1" hai="4,7,9,15,18,26,31,34,59,61,67,83,86,90" machi="59" ten="30,3900,0" yaku="1,1,7,1,53,1" doraHai="126" doraHaiUra="23" who="1" fromWho="0" sc="327,-42,163,52,250,0,250,0" /><INIT seed="1,0,0,2,4,23" ten="285,215,250,250" oya="1" hai0="80,128,41,48,90,113,81,42,78,74,116,95,14" hai1="37,130,125,56,26,111,20,28,36,89,133,103,70" hai2="77,99,8,16,17,126,39,82,30,11,61,52,35" hai3="92,10,94,3,62,79,24,64,49,88,43,131,87"/><U84/><E70/><V60/><F126/><W22/><G131/><T75/><D113/><U7/><E130/><V50/><F39/><W123/><G123/><T72/><D116/><U104/><E125/><V115/><F115/><W47/><G79/><T63/><D128/><U129/><E129/><V65/><F99/><W114/><G114/><T51/><D63/><N who="2" m="24138" /><F35/><W38/><G38/><T19/><D19/><N who="2" m="7242" /><F30/><W96/><G3/><T54/><D14/><U12/><E133/><V1/><F65/><W59/><G10/><T6/><D6/><U110/><E12/><V93/><F1/><W124/><G124/><T135/><D135/><U5/><E5/><V69/><F93/><N who="3" m="54431" /><G96/><T4/><D4/><U122/><E7/><V102/><F102/><W118/><G118/><T67/><D67/><U105/><E122/><V83/><F69/><W27/><G22/><T58/><D72/><U9/><E9/><N who="2" m="3659" /><F77/><W109/><G109/><N who="1" m="41482" /><E103/><V71/><F71/><W25/><AGARI ba="0,0" hai="24,25,27,43,47,49,59,62,64,92,94" m="54431" machi="25" ten="30,8000,1" yaku="8,1,52,3,54,1" doraHai="23" who="3" fromWho="3" sc="285,-20,215,-40,250,-20,250,80" /><INIT seed="2,0,0,2,1,57" ten="265,175,230,330" oya="2" hai0="131,91,105,53,89,119,71,9,80,88,19,35,106" hai1="123,15,65,17,125,101,76,79,104,28,132,58,69" hai2="7,13,6,8,118,92,5,20,77,93,109,61,44" hai3="14,114,0,54,86,4,33,1,112,96,21,60,78"/><V81/><F118/><W100/><G33/><T63/><D35/><U117/><E117/><V10/><F44/><W70/><G78/><T59/><D131/><U68/><E125/><V24/><F109/><W99/><G86/><T31/><D119/><U62/><E132/><V129/><F129/><W120/><G120/><T87/><D31/><U73/><E123/><V130/><F130/><W135/><G135/><T111/><D111/><U66/><E28/><V46/><F46/><W108/><G108/><T64/><D19/><U49/><E49/><V113/><F113/><W55/><G21/><T11/><D9/><U29/><E29/><V22/><F81/><W74/><G74/><T30/><D11/><N who="2" m="4138" /><F77/><W39/><G39/><T41/><D41/><U25/><E25/><V26/><F13/><W42/><G14/><T23/><D23/><N who="2" m="8746" /><F61/><W36/><G60/><T95/><D30/><U94/><E104/><V2/><F2/><W116/><G116/><T18/><D18/><U115/><E115/><V38/><F38/><W107/><G36/><T110/><D110/><U82/><E76/><V47/><F47/><W51/><G42/><T84/><D89/><U127/><E15/><V32/><F32/><W103/><G107/><T128/><D128/><U124/><E17/><V98/><F98/><W45/><G45/><T43/><D43/><U50/><E50/><AGARI ba="0,0" hai="50,53,59,63,64,71,80,84,87,88,91,95,105,106" machi="50" ten="30,3900,0" yaku="7,1,52,1,54,1" doraHai="57" who="0" fromWho="1" sc="265,39,175,-39,230,0,330,0" /><INIT seed="3,0,0,5,1,107" ten="304,136,230,330" oya="3" hai0="113,119,20,36,30,37,54,112,19,42,9,3,84" hai1="12,24,115,73,76,130,45,87,70,5,8,25,61" hai2="50,32,28,27,43,66,108,63,65,81,56,10,77" hai3="38,49,74,55,117,96,22,99,125,95,21,85,64"/><W18/><G117/><T133/><D119/><U131/><E115/><N who="0" m="44105" /><D42/><U72/><E45/><V26/><F108/><W68/><G38/><T13/><D84/><U51/><E51/><V59/><F10/><W2/><G74/><T17/><D54/><U106/><E106/><V88/><F26/><W91/><G125/><T102/><D102/><U0/><E25/><V53/><F43/><W120/><G120/><T135/><D30/><U23/><E70/><V80/><F66/><W29/><G64/><T127/><D127/><U16/><E61/><V118/><F118/><W109/><G68/><T83/><D83/><N who="1" m="47591" /><E24/><V62/><F50/><W122/><G122/><T7/><D17/><U79/><E79/><V105/><F105/><W97/><G109/><T89/><D89/><U116/><E116/><V67/><F53/><W110/><G110/><T92/><D92/><U44/><E44/><V48/><F48/><W57/><G29/><T100/><D100/><U114/><E114/><V40/><F40/><W4/><G18/><T78/><D78/><U33/><E33/><V123/><F123/><W52/><G55/><T46/><D46/><U6/><E6/><V39/><F39/><W104/><G104/><T69/><D69/><U15/><E15/><V129/><F67/><W126/><G126/><T41/><D41/><U14/><E12/><V11/><F65/><W86/><G4/><T121/><D121/><U75/><E23/><N who="3" m="8714" /><G2/><T31/><D31/><U132/><E132/><V60/><F28/><W82/><G95/><T128/><D128/><U111/><E111/><V35/><F35/><RYUUKYOKU ba="0,0" sc="304,10,136,10,230,-30,330,10" hai0="3,7,9,13,19,20,36,37,133,135" hai1="0,5,8,14,16,72,73,75,130,131" hai3="49,52,57,82,85,86,91,96,97,99" owari="314,11.4,146,-35.4,200,-20.0,340,44.0" /></mjloggm>