<mjloggm ver="2.3"><GO type="225" lobby="0"/><UN n0="%E6%81%A5%E6%99%92%E3%81%97" n1="%E7%89%B9%E6%9D%B1%E3%81%AF%E4%B8%96%E7%95%8C%E3%82%92%E6%95%91%E3%81%86" n2="%77%72%77%72%77%72%77%72" n3="%E3%83%81%E3%83%AF%E3%83%AF%E9%9A%8A%E9%95%B7" dan="16,16,17,17" rate="2131.23,2177.49,2220.56,2216.60" sx="M,M,M,M"/><TAIKYOKU oya="0"/><INIT seed="0,0,0,4,2,95" ten="250,250,250,250" oya="0" hai0="125,81,2,114,54,118,32,51,13,60,90,77,113" hai1="21,105,48,107,100,94,117,70,130,135,115,31,102" hai2="92,20,52,83,10,124,134,109,15,40,106,78,71" hai3="82,47,76,38,67,46,80,49,65,23,5,66,89"/><T133/><D118/><U121/><E70/><V119/><F106/><W84/><G38/><T108/><D2/><U85/><E48/><V111/><F119/><W72/><G5/><T97/><D32/><U62/><E62/><V34/><F34/><W91/><G91/><T53/><D125/><U30/><E21/><V74/><F124/><W93/><G23/><T3/><D3/><U43/><E43/><V101/><F71/><W0/><G0/><T64/><D133/><U104/><E117/><V103/><F40/><W110/><G110/><N who="2" m="41993" /><F20/><W112/><G112/><T127/><D108/><U73/><E121/><V18/><F134/><W126/><G126/><T116/><D116/><U42/><E42/><V61/><F92/><W7/><G7/><T75/><D13/><U37/><E37/><V16/><F18/><W99/><REACH who="3" step="1"/><G49/><REACH who="3" ten="250,250,250,240" step="2"/><T122/><D51/><U131/><E115/><V14/><F14/><W123/><G123/><T55/><D122/><U96/><E131/><V45/><F45/><W25/><G25/><T86/><D127/><U28/><E130/><V69/><F69/><W56/><G56/><AGARI ba="0,1" hai="10,15,16,52,56,61,74,78,83,101,103" m="41993" machi="56" ten="30,3900,0" yaku="14,1,54,2" doraHai="95" who="2" fromWho="3" sc="250,0,250,0,250,49,240,-39" /><INIT seed="1,0,0,0,2,135" ten="250,250,299,201" oya="1" hai0="22,131,12,1,52,61,88,23,29,9,31,38,98" hai1="47,56,25,17,128,122,134,19,33,8,66,125,63" hai2="82,102,24,34,124,41,126,43,81,65,96,117,46" hai3="80,110,71,99,97,104,50,59,30,68,109,118,133"/><U93/><E122/><V130/><F117/><W69/><G118/><T21/><D131/><U27/><E134/><V85/><F130/><W111/><G133/><T45/><D1/><U79/><E128/><V74/><F65/><W127/><G104/><T87/><D98/><N who="3" m="37385" /><G30/><T55/><D38/><U7/><E125/><N who="2" m="48235" /><F74/><W62/><G127/><T91/><D91/><U84/><E47/><V18/><F81/><W64/><G80/><N who="0" m="49255" /><D61/><U70/><E70/><V48/><F18/><W53/><AGARI ba="0,0" hai="50,53,59,62,64,68,69,71,109,110,111" m="37385" machi="53" ten="40,1500,0" yaku="14,1" doraHai="135" who="3" fromWho="3" sc="250,-4,250,-7,299,-4,201,15" /><INIT seed="2,0,0,2,4,98" ten="246,243,295,216" oya="2" hai0="21,86,18,93,130,24,63,57,131,84,69,88,38" hai1="5,2,25,47,26,96,49,52,121,101,36,55,3" hai2="22,13,11,54,39,10,113,110,50,133,17,37,46" hai3="134,45,0,92,81,120,122,126,41,67,118,6,8"/><V83/><F113/><W34/><G118/><T124/><D38/><U59/><E121/><V51/><F133/><W66/><G34/><T85/><D69/><U75/><E75/><V128/><F128/><N who="0" m="49194" /><D124/><U20/><E5/><V32/><F32/><W1/><G126/><T91/><D91/><U100/><E26/><V129/><F129/><W65/><G134/><T116/><D116/><U73/><E73/><V127/><F127/><W14/><G81/><T43/><D43/><U106/><E100/><V115/><F115/><W71/><G71/><T78/><D78/><U44/><E44/><V105/><F105/><W56/><G56/><T123/><D123/><U114/><E114/><V94/><F110/><W77/><G77/><T103/><D103/><U40/><REACH who="1" step="1"/><E55/><AGARI ba="0,0" hai="18,21,24,55,57,63,84,85,86,88,93" m="49194" machi="55" ten="30,2000,0" yaku="19,1,54,1" doraHai="98" who="0" fromWho="1" sc="246,20,243,-20,295,0,216,0" /><INIT seed="3,0,0,2,0,10" ten="266,223,295,216" oya="3" hai0="74,57,65,105,33,109,79,113,60,38,41,15,80" hai1="52,70,29,121,25,134,95,133,76,91,14,30,78" hai2="88,4,130,112,72,18,45,106,49,17,2,36,19" hai3="7,116,73,55,90,84,8,131,16,69,81,98,47"/><W1/><G116/><T48/><D33/><U22/><E70/><V103/><F112/><W43/><G69/><T11/><D113/><U82/><E30/><V44/><F72/><W27/><G131/><T92/><D109/><U53/><E121/><V5/><F130/><W126/><G126/><T0/><D105/><U68/><E68/><V93/><F2/><W87/><G55/><T127/><D127/><U67/><E67/><V46/><F36/><N who="3" m="21991" /><G98/><T135/><D135/><N who="1" m="51723" /><E14/><V104/><F103/><W86/><G90/><T75/><D92/><U101/><E101/><V71/><F71/><W83/><G83/><T132/><D0/><U89/><E76/><V28/><F28/><W37/><G37/><T9/><D38/><U31/><E31/><V122/><F122/><W110/><G110/><T94/><D94/><U39/><E89/><V13/><F106/><W26/><G16/><N who="2" m="6249" /><F49/><W54/><G54/><T118/><D132/><U96/><E39/><V102/><F102/><W40/><G40/><T66/><D41/><U77/><E77/><AGARI ba="0,0" hai="1,7,8,26,27,73,77,81,84,86,87" m="21991" machi="77" ten="30,1500,0" yaku="25,1" doraHai="10" who="3" fromWho="1" sc="266,0,223,-15,295,0,216,15" /><INIT seed="3,1,0,3,4,102" ten="266,208,295,231" oya="3" hai0="122,29,60,75,124,44,52,63,24,96,57,18,79" hai1="6,53,61,118,111,101,87,49,84,72,2,76,51" hai2="98,66,78,130,10,104,91,120,12,31,92,62,50" hai3="5,127,89,40,113,131,34,126,133,21,112,55,115"/><W14/><G34/><T81/><D122/><U64/><E111/><V114/><F114/><W17/><G40/><T107/><D124/><N who="3" m="47657" /><G131/><T7/><D7/><U121/><E121/><V58/><F120/><W9/><G55/><T71/><D44/><U134/><E118/><V26/><F104/><W117/><G89/><T35/><D18/><U32/><E32/><V36/><F36/><W3/><G133/><T28/><D28/><U99/><E53/><V42/><F130/><W119/><AGARI ba="1,0" hai="3,5,9,14,17,21,112,113,115,117,119" m="47657" machi="119" ten="40,7800,0" yaku="18,1,34,2" doraHai="102" who="3" fromWho="3" sc="266,-27,208,-27,295,-27,231,81" owari="239,-16.1,181,-31.9,268,6.8,312,41.2" /></mjloggm>