<mjloggm ver="2.3"><GO type="225" lobby="0"/><UN n0="%E3%82%A2%E3%83%BC%E3%83%A2%E3%83%AD%E3%83%BC%E3%83%B4%E3%82%A1" n1="%E3%83%A9%E3%83%B3%E3%83%8A%E3%83%BC%E3%83%A9%E3%83%B3%E3%83%8A%E3%83%BC" n2="%E8%81%B7%E6%A5%AD%E3%80%81%E9%A2%A8%32" n3="%6D%75%75%6D%75%72%61" dan="16,16,16,16" rate="2156.09,2115.84,2138.91,2147.80" sx="M,M,M,F"/><TAIKYOKU oya="0"/><INIT seed="0,0,0,2,2,40" ten="250,250,250,250" oya="0" hai0="20,108,58,116,8,60,86,71,113,25,56,80,7" hai1="82,14,6,131,9,49,110,0,121,88,15,84,36" hai2="33,112,123,28,43,114,94,1,27,52,129,126,77" hai3="29,50,16,35,100,54,117,78,59,38,118,99,41"/><T55/><D113/><U66/><E110/><V115/><F123/><W95/><G78/><T90/><D116/><U22/><E131/><V57/><F1/><W103/><G35/><T70/><D108/><U96/><E36/><V109/><F109/><W11/><G29/><T4/><D58/><U64/><E121/><V92/><F129/><W122/><G122/><T30/><REACH who="0" step="1"/><D4/><REACH who="0" ten="240,250,250,250" step="2"/><U18/><E96/><V21/><F115/><W83/><G117/><T106/><D106/><U132/><E132/><V63/><F114/><W5/><G118/><T44/><D44/><U134/><E134/><V31/><F112/><W10/><G5/><T79/><D79/><U51/><E0/><AGARI ba="0,1" hai="0,7,8,20,25,30,55,56,60,70,71,80,86,90" machi="0" ten="30,2900,0" yaku="1,1,7,1,53,0" doraHai="40" doraHaiUra="12" who="0" fromWho="1" sc="240,39,250,-29,250,0,250,0" /><INIT seed="0,1,0,1,0,62" ten="279,221,250,250" oya="0" hai0="116,129,99,84,135,69,86,127,63,60,102,112,104" hai1="87,71,54,15,2,4,47,64,43,13,48,96,70" hai2="11,59,121,25,0,128,126,78,108,113,3,26,41" hai3="28,12,46,36,77,101,51,45,21,119,67,35,117"/><T124/><D112/><U82/><E96/><V109/><F113/><W90/><G35/><T93/><D116/><U79/><E2/><N who="2" m="555" /><F78/><W98/><G77/><T125/><D129/><U8/><E54/><V91/><F41/><W44/><G36/><T50/><D135/><U27/><E27/><N who="2" m="10251" /><F91/><W111/><G28/><T132/><D132/><U74/><E74/><V17/><F59/><W118/><G90/><N who="0" m="53463" /><D69/><U97/><E97/><V29/><F121/><W107/><G51/><T122/><D122/><U16/><REACH who="1" step="1"/><E64/><REACH who="1" ten="279,211,250,250" step="2"/><V22/><F128/><W103/><G67/><T114/><D114/><U7/><E7/><V58/><F108/><W83/><G111/><T33/><D84/><U42/><E42/><V133/><F109/><W131/><G131/><T76/><D99/><U88/><E88/><V38/><F133/><W57/><G101/><T5/><D76/><U95/><E95/><V130/><F130/><W34/><G83/><T75/><D5/><U72/><E72/><V9/><F29/><W66/><G34/><T6/><D33/><U10/><AGARI ba="1,1" hai="4,8,10,13,15,16,43,47,48,70,71,79,82,87" machi="10" ten="20,12000,2" yaku="1,1,0,1,7,1,25,2,54,1,53,0" doraHai="62" doraHaiUra="85" who="1" fromWho="1" sc="279,-61,211,133,250,-31,250,-31" /><INIT seed="1,0,0,5,1,46" ten="218,344,219,219" oya="1" hai0="71,54,70,15,107,35,121,123,92,85,24,105,52" hai1="106,55,128,13,14,69,63,130,126,41,82,1,77" hai2="122,118,116,112,65,29,0,72,83,114,38,75,20" hai3="31,125,132,113,81,80,22,9,42,10,44,88,7"/><U117/><E106/><N who="0" m="40457" /><D15/><U8/><E117/><N who="2" m="45163" /><F0/><W17/><G113/><N who="2" m="43625" /><F38/><W87/><G125/><T73/><D73/><N who="2" m="28234" /><F65/><W67/><G132/><T100/><D24/><U43/><E1/><V58/><F58/><W120/><G120/><N who="0" m="46155" /><D35/><U131/><E69/><N who="0" m="26121" /><D85/><N who="1" m="48335" /><E14/><V104/><F122/><W39/><G67/><T93/><D100/><U26/><E13/><V133/><F104/><W33/><G33/><T95/><AGARI ba="0,0" hai="52,54,92,93,95" m="26121,46155,40457" machi="95" ten="40,8000,1" yaku="28,2,13,1,54,1" doraHai="46" who="0" fromWho="0" sc="218,80,344,-40,219,-20,219,-20" /><INIT seed="2,0,0,1,5,66" ten="298,304,199,199" oya="2" hai0="115,76,103,135,129,44,84,61,80,98,17,53,19" hai1="41,57,90,134,10,122,63,130,60,18,16,109,102" hai2="69,12,15,96,104,123,2,132,25,79,68,118,14" hai3="77,70,13,99,29,23,33,47,95,28,124,7,22"/><V116/><F123/><W55/><G124/><T59/><D115/><U0/><E109/><V62/><F2/><W119/><G119/><N who="2" m="45609" /><F62/><W108/><G108/><T88/><D135/><U21/><E122/><V101/><F132/><W45/><G33/><T125/><D129/><U78/><E130/><V83/><F25/><W126/><G126/><T105/><D125/><U111/><E111/><V114/><F15/><W35/><G35/><T85/><REACH who="0" step="1"/><D44/><REACH who="0" ten="288,304,199,199" step="2"/><U8/><E134/><V71/><F14/><W40/><G47/><T72/><D72/><U75/><E75/><N who="2" m="43519" /><F12/><W52/><G13/><T43/><D43/><U4/><E41/><V94/><F94/><AGARI ba="0,1" hai="17,19,53,59,61,76,80,84,85,88,94,98,103,105" machi="94" ten="30,7700,0" yaku="1,1,7,1,54,1,53,1" doraHai="66" doraHaiUra="48" who="0" fromWho="2" sc="288,87,304,0,199,-77,199,0" /><INIT seed="3,0,0,0,2,27" ten="375,304,122,199" oya="3" hai0="59,132,127,61,120,6,8,105,126,93,2,70,134" hai1="90,44,114,75,29,32,110,41,1,87,77,47,42" hai2="18,50,82,46,71,63,112,58,78,68,85,45,51" hai3="131,28,101,115,116,55,95,96,57,38,25,0,19"/><W111/><G115/><T24/><D120/><U123/><E1/><V20/><F112/><W83/><G116/><T53/><D105/><U122/><E114/><V31/><F68/><W103/><G0/><T102/><D70/><U121/><E110/><V30/><F71/><W66/><G38/><T104/><D104/><U79/><E75/><V124/><F124/><N who="0" m="47658" /><D24/><U117/><E117/><V72/><F72/><W64/><G131/><T88/><D102/><U62/><E62/><V22/><F51/><W52/><G19/><T91/><D91/><U89/><E87/><AGARI ba="0,0" hai="2,6,8,53,59,61,87,88,93,132,134" m="47658" machi="87" ten="30,2000,0" yaku="18,1,54,1" doraHai="27" who="0" fromWho="1" sc="375,20,304,-20,122,0,199,0" owari="395,49.5,284,8.4,122,-37.8,199,-20.1" /></mjloggm>