<mjloggm ver="2.3"><GO type="225" lobby="0"/><UN n0="%E3%82%A2%E3%83%A1%E3%82%A2%E3%83%A9%E3%83%AC" n1="%E6%A1%9C%E8%8A%B1%E9%96%83%E3%80%85" n2="%E5%B8%86%E7%AB%8B%E5%A4%8F%E8%A1%A3" n3="%E3%80%93%E3%81%97%E3%83%BC%E3%82%89%E3%80%93" dan="16,16,16,17" rate="2143.73,2227.88,2159.68,2209.95" sx="M,M,M,M"/><TAIKYOKU oya="0"/><INIT seed="0,0,0,3,3,32" ten="250,250,250,250" oya="0" hai0="27,62,69,135,54,85,34,105,125,114,24,39,42" hai1="113,116,0,29,96,23,18,120,1,65,99,35,81" hai2="44,123,19,130,112,82,108,127,49,72,6,48,37" hai3="75,131,89,76,9,79,10,8,111,11,126,121,41"/><T103/><D114/><U119/><E65/><V129/><F112/><W47/><G111/><T110/><D135/><U106/><E113/><V74/><F123/><W26/><G126/><T2/><D2/><N who="1" m="1131" /><E99/><V52/><F6/><W97/><G131/><N who="2" m="50185" /><F127/><W55/><G121/><T98/><D110/><U78/><E120/><V59/><F108/><W61/><G75/><N who="2" m="28713" /><F19/><W13/><G26/><T21/><D27/><N who="1" m="18879" /><E23/><V91/><F37/><W16/><G89/><T66/><D125/><U7/><E18/><V70/><F70/><W28/><G28/><N who="0" m="19719" /><D21/><U115/><E7/><V128/><N who="2" m="50193" /><V109/><DORA hai="45" /><F109/><W107/><G97/><T12/><D12/><U64/><E64/><V14/><F14/><W57/><REACH who="3" step="1"/><G107/><REACH who="3" ten="250,250,250,240" step="2"/><T68/><D105/><U36/><E115/><V88/><F82/><W31/><G31/><T50/><D98/><U118/><E118/><V93/><F93/><W30/><G30/><T40/><D103/><N who="1" m="62823" /><E36/><AGARI ba="0,1" hai="8,9,10,11,13,16,36,41,47,55,57,61,76,79" machi="36" ten="40,2600,0" yaku="1,1,54,1,53,0" doraHai="32,45" doraHaiUra="25,3" who="3" fromWho="1" sc="250,0,250,-26,250,0,240,36" /><INIT seed="1,0,0,0,0,82" ten="250,224,250,276" oya="1" hai0="60,69,14,30,47,22,3,113,1,2,6,25,132" hai1="67,59,19,73,94,83,76,18,81,21,40,16,86" hai2="117,33,17,13,12,99,49,110,122,20,28,78,29" hai3="109,121,98,101,41,125,114,43,52,129,77,58,105"/><U112/><E112/><V102/><F117/><W124/><G114/><T71/><D113/><U65/><E40/><V8/><F122/><W120/><G109/><T46/><D132/><U31/><E94/><V45/><F110/><W62/><G129/><T89/><D89/><U97/><E97/><V42/><F33/><W54/><G54/><T36/><D36/><U134/><E134/><V56/><F78/><W53/><G53/><T5/><D71/><U75/><E59/><V55/><F13/><W126/><REACH who="3" step="1"/><G77/><REACH who="3" ten="250,224,250,266" step="2"/><T48/><D46/><U57/><E73/><V104/><REACH who="2" step="1"/><F20/><REACH who="2" ten="250,224,240,266" step="2"/><W84/><G84/><T50/><D22/><U103/><E75/><V80/><F80/><W32/><G32/><T128/><D128/><U74/><E83/><V44/><F44/><W51/><G51/><AGARI ba="0,2" hai="8,12,17,28,29,42,45,49,51,55,56,99,102,104" machi="51" ten="30,2000,0" yaku="1,1,7,1,53,0" doraHai="82" doraHaiUra="130" who="2" fromWho="3" sc="250,0,224,0,240,40,266,-20" /><INIT seed="2,0,0,3,4,85" ten="250,224,280,246" oya="2" hai0="124,22,73,20,1,79,54,115,118,5,112,127,99" hai1="26,36,58,18,132,27,45,131,134,41,97,11,66" hai2="88,67,38,52,119,68,75,23,3,101,81,102,51" hai3="55,103,128,110,113,34,76,50,120,13,106,31,43"/><V10/><F119/><W59/><G120/><T29/><D118/><U12/><E131/><V65/><F38/><W126/><G128/><T48/><D99/><U33/><E33/><V24/><F3/><W63/><G110/><T2/><D79/><U35/><E35/><V39/><F39/><W42/><G126/><N who="0" m="48171" /><D73/><U122/><E122/><V53/><F10/><W129/><G129/><T28/><D48/><U107/><E66/><N who="2" m="25099" /><F75/><W70/><G113/><N who="0" m="43595" /><D54/><N who="2" m="21098" /><F51/><W109/><G109/><T44/><D44/><U30/><E58/><V57/><F57/><W94/><G50/><T6/><D2/><U117/><E117/><V49/><F49/><W32/><G59/><T72/><D72/><U125/><E125/><V90/><F68/><W98/><G70/><T96/><D1/><U83/><E36/><V4/><F4/><N who="0" m="1642" /><D96/><U69/><E69/><V46/><F46/><W86/><G98/><T116/><D116/><U95/><E45/><V60/><F60/><W105/><G63/><T7/><D7/><U25/><E97/><V71/><F71/><W130/><G130/><T133/><D133/><U91/><E132/><V114/><F114/><W82/><G55/><T14/><D14/><U121/><E134/><V92/><F81/><W87/><G82/><T93/><D93/><U84/><E83/><V19/><F92/><W61/><G94/><T108/><D108/><U17/><E95/><V16/><F101/><W74/><G103/><T9/><D9/><U0/><E11/><V64/><N who="2" m="25107" /><V15/><DORA hai="62" /><F102/><W40/><G74/><T89/><D89/><U111/><E91/><RYUUKYOKU ba="0,0" sc="250,15,224,-15,280,15,246,-15" hai0="20,22,28,29" hai2="15,16,19,23,24,88,90" /><INIT seed="2,1,0,0,0,8" ten="265,209,295,231" oya="2" hai0="78,12,122,118,83,19,129,2,9,76,115,126,89" hai1="0,3,43,104,108,14,30,25,134,88,110,128,51" hai2="100,52,111,73,70,103,57,13,40,53,68,132,79" hai3="77,92,58,10,91,1,62,99,27,112,17,98,46"/><V101/><F40/><W72/><G112/><T29/><D122/><U75/><E75/><V113/><F113/><W47/><G72/><T130/><D115/><U94/><E104/><V106/><F106/><W71/><G71/><T81/><D126/><U80/><E80/><N who="0" m="30793" /><D118/><U21/><E128/><N who="0" m="49257" /><D29/><U55/><E43/><V86/><F73/><W18/><G77/><N who="0" m="29803" /><D89/><U97/><E134/><V50/><F132/><W11/><G98/><T38/><D2/><U95/><E95/><V45/><F111/><N who="1" m="42537" /><E14/><V102/><F102/><W82/><G82/><T117/><D117/><U28/><E28/><V114/><F79/><W135/><G135/><T16/><D38/><U120/><E120/><V37/><F86/><W64/><G1/><T124/><D124/><U65/><E65/><V33/><F114/><W49/><G47/><AGARI ba="1,0" hai="0,3,21,25,30,47,51,55,88,94,97" m="42537" machi="47" ten="30,2000,0" yaku="14,1,54,1" doraHai="8" who="1" fromWho="3" sc="265,0,209,23,295,0,231,-23" /><INIT seed="3,0,0,5,5,49" ten="265,232,295,208" oya="3" hai0="47,76,101,35,122,26,126,111,30,39,50,41,28" hai1="18,10,4,57,22,33,11,80,27,2,93,91,66" hai2="16,85,103,45,7,75,133,46,19,51,0,14,108" hai3="89,9,8,17,88,77,105,100,82,21,121,6,97"/><W31/><G31/><T25/><D111/><U109/><E109/><V73/><F108/><W114/><G114/><T90/><D122/><U115/><E115/><V23/><F133/><W32/><G32/><T37/><D126/><U56/><E80/><V53/><F0/><W43/><G43/><T127/><D127/><U119/><E119/><V72/><F103/><W132/><G132/><T40/><D76/><U44/><E33/><V61/><F7/><W86/><G121/><T38/><D101/><U116/><E116/><V34/><F34/><W131/><G131/><T135/><D135/><U15/><E44/><V110/><F110/><W87/><G6/><T36/><N who="0" m="9216" /><DORA hai="117" /><T24/><D90/><U104/><E66/><V55/><F85/><W29/><G29/><T68/><D68/><U52/><E104/><V83/><F19/><W42/><G42/><T62/><D62/><U128/><E128/><V67/><F83/><W58/><G58/><T112/><D112/><U120/><E120/><V59/><REACH who="2" step="1"/><F46/><REACH who="2" ten="265,232,285,208" step="2"/><W70/><G70/><T3/><D3/><U54/><E2/><V92/><F92/><W74/><G74/><T94/><D94/><U124/><E124/><V113/><F113/><W79/><G79/><T5/><D5/><U107/><E107/><V99/><F99/><W106/><G106/><T98/><D98/><N who="1" m="57663" /><E11/><N who="3" m="4170" /><G87/><T96/><D96/><U102/><E102/><V84/><F84/><W130/><G130/><T69/><D35/><U60/><E60/><V118/><F118/><W65/><G65/><AGARI ba="0,1" hai="14,16,23,45,51,53,55,59,61,65,67,72,73,75" machi="65" ten="40,8000,1" yaku="1,1,52,2,54,1,53,0" doraHai="49,117" doraHaiUra="81,78" who="2" fromWho="3" sc="265,0,232,0,285,90,208,-80" owari="265,6.5,232,-16.8,375,47.5,128,-37.2" /></mjloggm>