<mjloggm ver="2.3"><GO type="225" lobby="0"/><UN n0="%E6%98%93%E5%88%A9%E8%96%A9%E4%BC%AF" n1="%E3%81%BF%E3%81%BF%E3%81%9A" n2="%77%72%77%72%77%72%77%72" n3="%E3%83%B4%E3%83%A0%EF%BC%99%E3%81%A6" dan="16,17,16,17" rate="2127.90,2230.11,2103.90,2189.90" sx="F,M,M,M"/><TAIKYOKU oya="0"/><INIT seed="0,0,0,1,2,4" ten="250,250,250,250" oya="0" hai0="70,131,113,64,129,54,29,20,46,102,73,19,24" hai1="72,26,105,37,109,100,45,63,121,94,59,124,8" hai2="81,99,41,23,97,61,62,95,65,43,83,40,1" hai3="71,17,135,27,119,60,44,66,134,22,108,14,85"/><T132/><D113/><U103/><E121/><V90/><F1/><W82/><G119/><T11/><D73/><U69/><E72/><V34/><F34/><W48/><G108/><T56/><D132/><U128/><E69/><V106/><F23/><W84/><G27/><T88/><D102/><U74/><E74/><V5/><F5/><W115/><G115/><T2/><D46/><U112/><E112/><V79/><F79/><W96/><G96/><T15/><D2/><U76/><E76/><V127/><F127/><W35/><G35/><T87/><D64/><U10/><E105/><V18/><F18/><W98/><G98/><T47/><D70/><U42/><E109/><V50/><F50/><W58/><G71/><T110/><D110/><U67/><E124/><V118/><F118/><W6/><G6/><T68/><D68/><U49/><E128/><V117/><F117/><W57/><G57/><T36/><D36/><U86/><E26/><V130/><F130/><W133/><REACH who="3" step="1"/><G82/><REACH who="3" ten="250,250,250,240" step="2"/><N who="2" m="31241" /><F106/><W92/><G92/><T126/><D126/><U122/><E122/><V31/><F31/><W21/><G21/><T101/><D101/><N who="1" m="38987" /><E37/><V12/><F12/><W32/><G32/><T25/><D25/><U125/><E125/><V16/><F99/><W3/><G3/><T7/><D7/><U75/><E75/><V0/><F0/><W123/><G123/><T89/><D56/><U77/><E94/><V38/><F16/><W116/><G116/><T78/><D131/><U52/><E67/><V114/><F114/><W33/><G33/><T9/><D129/><U120/><E120/><RYUUKYOKU ba="0,1" sc="250,-15,250,15,250,-15,240,15" hai1="8,10,42,45,49,52,59,63,77,86" hai3="14,17,22,44,48,58,60,66,84,85,133,134,135" /><INIT seed="1,1,1,4,4,105" ten="235,265,235,255" oya="1" hai0="21,84,35,52,130,83,127,27,115,107,112,5,38" hai1="1,11,48,97,119,47,55,87,109,134,64,85,120" hai2="15,108,78,49,72,125,89,100,18,66,116,31,114" hai3="42,76,75,40,39,50,102,56,22,13,90,82,68"/><U117/><E120/><V25/><F116/><W80/><G68/><T51/><D38/><U74/><E74/><V65/><F108/><W37/><G102/><T86/><D35/><U4/><E109/><V61/><F125/><W99/><G56/><T113/><D127/><U124/><E124/><V23/><F114/><W123/><G123/><T19/><D130/><U45/><E134/><V43/><F100/><W110/><G110/><T70/><D70/><U32/><E32/><V2/><F2/><W92/><G50/><T71/><D71/><U63/><E45/><V6/><F6/><W94/><G94/><T122/><D107/><U69/><REACH who="1" step="1"/><E97/><REACH who="1" ten="235,255,235,255" step="2"/><V41/><F72/><W8/><G39/><T14/><D122/><U9/><E9/><V16/><F43/><W104/><G37/><T59/><D5/><U29/><E29/><V28/><F31/><W88/><G40/><T7/><D112/><U98/><E98/><V57/><F28/><W46/><G46/><T121/><D121/><U10/><E10/><V3/><F41/><W67/><G42/><T95/><D7/><U135/><E135/><V129/><F129/><W17/><G8/><T101/><D115/><U20/><E20/><V58/><F23/><W26/><G75/><T79/><D113/><U118/><AGARI ba="1,2" hai="1,4,11,47,48,55,63,64,69,85,87,117,118,119" machi="118" ten="30,3000,0" yaku="1,1,0,1,53,0" doraHai="105" doraHaiUra="111" who="1" fromWho="1" sc="235,-11,255,53,235,-11,255,-11" /><INIT seed="1,2,0,5,4,8" ten="224,308,224,244" oya="1" hai0="56,130,3,0,123,53,93,104,115,33,94,37,15" hai1="23,19,24,28,11,124,5,67,42,68,72,113,127" hai2="125,96,111,65,45,87,44,27,133,54,58,30,107" hai3="95,12,81,74,17,102,69,134,98,40,49,99,120"/><U76/><E42/><V7/><F111/><W47/><G120/><T78/><D115/><U20/><E67/><V105/><F133/><W73/><G134/><T82/><D104/><U86/><E68/><V122/><F122/><W22/><G69/><T112/><D37/><U14/><E72/><V60/><F125/><N who="1" m="48201" /><E86/><V121/><F121/><W109/><G109/><T31/><D112/><U2/><E76/><V43/><F7/><W52/><G81/><T84/><D130/><U100/><E100/><V63/><F87/><W108/><G108/><T59/><D59/><U90/><E90/><V1/><F1/><W9/><G9/><T91/><D93/><U32/><E113/><V110/><F110/><W4/><G4/><T117/><D117/><U35/><AGARI ba="2,0" hai="2,5,11,14,19,20,23,24,28,32,35" m="48201" machi="35" ten="30,11700,0" yaku="18,1,34,2,52,1" doraHai="8" who="1" fromWho="1" sc="224,-41,308,123,224,-41,244,-41" /><INIT seed="1,3,0,5,0,59" ten="183,431,183,203" oya="1" hai0="114,22,10,100,32,94,86,106,74,3,97,46,63" hai1="68,58,48,131,87,34,24,56,79,35,25,53,41" hai2="95,132,11,126,40,117,90,80,61,116,99,51,104" hai3="26,67,112,88,14,105,55,84,124,85,18,72,38"/><U102/><E68/><V62/><F104/><W125/><G112/><T71/><D32/><U27/><E102/><V101/><F132/><W47/><G72/><T107/><D74/><U13/><E131/><V65/><F126/><N who="3" m="48747" /><G105/><T120/><D114/><U44/><E58/><V6/><F117/><W64/><G26/><T30/><D46/><U130/><E130/><V108/><F108/><W16/><G84/><T31/><D22/><U109/><E109/><V45/><F65/><N who="3" m="25163" /><G14/><T92/><D71/><U4/><E35/><V54/><F40/><N who="3" m="22935" /><G55/><T96/><D86/><U2/><E2/><V29/><F29/><W75/><G75/><T52/><D106/><U127/><E127/><V37/><F116/><W113/><G113/><T28/><D107/><U128/><E34/><V123/><F37/><W69/><G69/><T50/><D3/><U115/><E128/><V7/><F123/><W110/><G110/><T135/><D120/><U49/><E115/><V33/><F33/><W20/><G20/><T83/><D83/><AGARI ba="3,0" hai="16,18,83,85,88" m="22935,25163,48747" machi="83" ten="30,3900,0" yaku="18,1,54,2" doraHai="59" who="3" fromWho="0" sc="183,-48,431,0,183,0,203,48" /><INIT seed="2,0,0,1,5,104" ten="135,431,183,251" oya="2" hai0="23,80,67,14,70,58,114,61,35,60,88,15,77" hai1="103,12,75,71,85,116,96,51,129,112,107,120,43" hai2="49,34,7,97,74,108,113,87,52,123,28,110,26" hai3="68,17,39,11,128,131,89,3,81,133,102,40,59"/><V65/><F113/><W101/><G68/><T38/><D114/><U50/><E112/><V63/><F123/><W30/><G30/><T99/><D35/><U22/><E116/><V69/><F7/><N who="3" m="1535" /><G133/><T122/><D38/><U0/><E0/><V109/><F87/><N who="3" m="50415" /><G59/><T13/><D122/><U124/><E129/><N who="3" m="49738" /><G17/><T66/><D23/><U5/><E71/><V76/><F97/><W105/><G105/><T41/><D41/><U27/><E43/><V117/><F117/><W111/><G111/><T1/><D1/><U84/><E27/><V57/><F76/><W24/><G24/><T29/><D29/><U2/><E85/><V126/><F126/><W4/><G4/><T91/><REACH who="0" step="1"/><D99/><REACH who="0" ten="125,431,183,251" step="2"/><U55/><E22/><V92/><F34/><W72/><G40/><T82/><D82/><U25/><E96/><V18/><F28/><W121/><G121/><T21/><D21/><U47/><E2/><V62/><F26/><W56/><G39/><T10/><D10/><U44/><E25/><V127/><F110/><W6/><G6/><T132/><D132/><U95/><E5/><V36/><F109/><W31/><G31/><T64/><D64/><U33/><E120/><V46/><F108/><W125/><G125/><T93/><D93/><U73/><E124/><V118/><F127/><W115/><G115/><T94/><D94/><U42/><E33/><V32/><F32/><W16/><G16/><T48/><D48/><U37/><E37/><V106/><F18/><W83/><G83/><T86/><AGARI ba="0,1" hai="13,14,15,58,60,61,66,67,70,77,80,86,88,91" machi="86" ten="30,4000,0" yaku="1,1,0,1,54,1,53,0" doraHai="104" doraHaiUra="19" who="0" fromWho="0" sc="125,50,431,-10,183,-20,251,-10" /><INIT seed="3,0,0,2,4,99" ten="175,421,163,241" oya="3" hai0="71,35,104,64,59,117,61,116,55,82,20,101,88" hai1="9,102,126,121,134,3,12,73,53,38,93,113,110" hai2="34,25,80,86,39,85,129,133,98,75,48,105,74" hai3="132,65,21,18,16,4,5,41,89,72,47,77,69"/><W79/><G132/><T91/><D20/><U135/><E121/><V96/><F39/><W29/><G29/><T24/><D55/><U49/><E113/><V26/><F133/><N who="1" m="50697" /><E110/><V114/><F114/><W131/><G131/><T19/><D59/><U108/><E108/><V36/><F36/><W17/><G21/><T40/><D40/><U11/><E38/><V14/><F129/><W56/><G69/><T22/><D35/><U92/><E73/><V2/><F2/><W31/><G31/><T94/><D82/><U119/><E126/><V124/><F124/><W23/><G23/><T28/><D19/><N who="1" m="8591" /><E102/><V81/><F14/><W57/><G89/><T84/><REACH who="0" step="1"/><D91/><REACH who="0" ten="165,421,163,241" step="2"/><U46/><E119/><V83/><F34/><W97/><G56/><T1/><D1/><U66/><E66/><V51/><F80/><W44/><G18/><T52/><D52/><U10/><E10/><V107/><AGARI ba="0,1" hai="25,26,48,51,74,75,81,83,85,86,96,98,105,107" machi="107" ten="25,3200,0" yaku="0,1,22,2" doraHai="99" who="2" fromWho="2" sc="165,-8,421,-8,163,42,241,-16" owari="157,-34.3,413,51.3,205,-19.5,225,2.5" /></mjloggm>