<mjloggm ver="2.3"><GO type="225" lobby="0"/><UN n0="%6D%75%75%6D%75%72%61" n1="%E5%8F%AF%E5%85%90%E9%82%A3%E7%94%B1%E5%A4%9A" n2="%E3%81%AF%E3%82%88%E3%81%8A%E3%81%98%E3%81%95%E3%82%93" n3="%E5%86%B7%E5%87%8D%E3%82%AE%E3%83%A7%E3%83%BC%E3%82%B6" dan="17,17,17,16" rate="2256.15,2256.26,2144.71,2123.36" sx="F,F,M,M"/><TAIKYOKU oya="0"/><INIT seed="0,0,0,4,5,66" ten="250,250,250,250" oya="0" hai0="43,29,22,88,115,36,132,16,86,44,130,25,99" hai1="122,50,47,33,56,13,40,113,2,20,3,79,83" hai2="15,133,77,106,1,35,98,48,55,63,65,116,76" hai3="10,11,119,93,51,27,19,128,112,24,62,123,104"/><T0/><D115/><U109/><E122/><V124/><F1/><W58/><G112/><T121/><D121/><U38/><E113/><V118/><F35/><W91/><G104/><T7/><D130/><U32/><E109/><V74/><F124/><W12/><G119/><N who="2" m="45609" /><F74/><W92/><G123/><T34/><D132/><U42/><E2/><V6/><F133/><W17/><G128/><T9/><D99/><U69/><E3/><V61/><F61/><W111/><G111/><T31/><REACH who="0" step="1"/><D34/><REACH who="0" ten="240,250,250,250" step="2"/><U57/><E32/><V70/><F98/><W5/><G24/><T89/><D89/><U21/><E33/><V78/><F106/><W94/><G91/><T75/><D75/><U97/><E97/><V114/><F114/><W59/><G27/><T82/><AGARI ba="0,1" hai="0,7,9,16,22,25,29,31,36,43,44,82,86,88" machi="82" ten="20,18000,2" yaku="1,1,0,1,7,1,54,2,53,1" doraHai="66" doraHaiUra="84" who="0" fromWho="0" sc="240,190,250,-60,250,-60,250,-60" /><INIT seed="0,1,0,0,3,109" ten="430,190,190,190" oya="0" hai0="107,71,94,111,124,65,33,86,72,17,1,78,132" hai1="77,21,99,14,87,67,131,54,37,116,89,74,92" hai2="118,84,57,24,60,123,83,135,27,9,115,10,125" hai3="103,43,80,75,15,35,97,25,61,4,56,82,12"/><T34/><D107/><U45/><E116/><V22/><F115/><W38/><G4/><T48/><D72/><U120/><E120/><V69/><F123/><W76/><G82/><T2/><D111/><U64/><E131/><V85/><F69/><W117/><G117/><T129/><D129/><U130/><E130/><V101/><F118/><W47/><G25/><T26/><D71/><U114/><E114/><V102/><F125/><W79/><G79/><T121/><D121/><U128/><E128/><V40/><F40/><W5/><G5/><T98/><D124/><U58/><E74/><V127/><F135/><W88/><G35/><T105/><D105/><U49/><E37/><V108/><F127/><W112/><G112/><T52/><D132/><U63/><E77/><V66/><F27/><W6/><G6/><T23/><D65/><U110/><E110/><V42/><F42/><W106/><REACH who="3" step="1"/><G88/><REACH who="3" ten="430,190,190,180" step="2"/><T81/><D33/><U90/><E90/><N who="2" m="51487" /><F108/><W46/><G46/><T19/><D34/><U29/><E99/><V3/><F3/><W11/><G11/><N who="2" m="4105" /><F85/><W41/><G41/><T20/><D2/><U68/><E87/><V104/><F104/><W50/><G50/><T51/><D1/><U13/><E89/><V18/><AGARI ba="1,1" hai="18,22,24,57,60,66,101,102" m="4105,51487" machi="18" ten="30,1100,0" yaku="8,1" doraHai="109" who="2" fromWho="2" sc="430,-6,190,-4,190,24,180,-4" /><INIT seed="1,0,0,3,4,31" ten="424,186,214,176" oya="1" hai0="55,23,29,56,67,53,122,48,76,52,109,47,22" hai1="14,20,95,26,101,57,1,27,117,87,97,94,111" hai2="0,33,108,5,90,116,128,11,17,72,133,42,63" hai3="3,58,60,7,85,39,40,107,59,104,83,92,44"/><U64/><E117/><V10/><F116/><W130/><G130/><T49/><D109/><U69/><E1/><V51/><F72/><W127/><G127/><T121/><D76/><U78/><E69/><V126/><F108/><W8/><G92/><T65/><D29/><U102/><E111/><V30/><F128/><W73/><G73/><T103/><D53/><U74/><E74/><V4/><F126/><W9/><G9/><T79/><D79/><U41/><E41/><V70/><F133/><W82/><G59/><T84/><D84/><U50/><E14/><V98/><F17/><W129/><G129/><T80/><D80/><N who="1" m="47511" /><E20/><N who="0" m="7721" /><D103/><U99/><E50/><V135/><F135/><W115/><G115/><T105/><D105/><U43/><E43/><V89/><F98/><W12/><G3/><T36/><D36/><U91/><E102/><V86/><F86/><W114/><G114/><T81/><D81/><U110/><E110/><V54/><F42/><W113/><G113/><T100/><D100/><U93/><E93/><V125/><F125/><W119/><G119/><T106/><D106/><U38/><E38/><V71/><F71/><W62/><G83/><T45/><D45/><U123/><E123/><AGARI ba="0,0" hai="47,48,49,52,55,56,65,67,121,122,123" m="7721" machi="123" ten="30,2000,0" yaku="13,1,54,1" doraHai="31" who="0" fromWho="1" sc="424,20,186,-20,214,0,176,0" /><INIT seed="2,0,0,4,2,78" ten="444,166,214,176" oya="2" hai0="116,68,120,56,54,49,47,61,35,66,108,23,3" hai1="43,72,18,41,133,109,112,111,134,135,52,123,91" hai2="85,119,37,81,40,87,101,125,58,20,22,62,89" hai3="7,45,96,83,33,2,131,10,36,44,88,38,11"/><V9/><F119/><W46/><G131/><T127/><D35/><U13/><E72/><V70/><F70/><W55/><G33/><T65/><D120/><U32/><E32/><V128/><F125/><W48/><G11/><T53/><D3/><U129/><E112/><V100/><F128/><W122/><G122/><T67/><D23/><N who="2" m="8746" /><F37/><W103/><G38/><T63/><D108/><N who="1" m="41547" /><E129/><V102/><F40/><W95/><REACH who="3" step="1"/><G36/><REACH who="3" ten="444,166,214,166" step="2"/><T118/><D127/><U110/><N who="1" m="41555" /><U121/><DORA hai="113" /><E121/><V90/><F9/><W21/><G21/><T28/><D28/><U59/><E123/><V104/><F104/><W1/><G1/><T79/><D79/><U24/><E24/><V27/><F27/><W124/><G124/><T29/><D29/><U126/><E126/><V39/><F39/><W34/><G34/><T0/><D0/><U114/><E114/><V14/><F14/><W92/><G92/><T64/><AGARI ba="0,1" hai="47,49,53,54,56,61,63,64,65,66,67,68,116,118" machi="64" ten="30,12000,2" yaku="0,1,34,3,52,2" doraHai="78,113" who="0" fromWho="0" sc="444,130,166,-30,214,-60,166,-30" /><INIT seed="3,0,0,5,3,102" ten="574,136,154,136" oya="3" hai0="31,26,127,1,68,90,129,23,110,12,98,71,101" hai1="97,111,9,2,44,20,126,62,59,125,100,67,87" hai2="64,0,94,16,117,46,32,131,28,73,51,80,128" hai3="39,77,135,75,33,112,96,11,54,36,123,108,8"/><W119/><G112/><T106/><D1/><U76/><E111/><V7/><F117/><W69/><G119/><T50/><D110/><U81/><E20/><V24/><F64/><W116/><G108/><T56/><D129/><N who="2" m="49738" /><F16/><W113/><G113/><T58/><D127/><N who="1" m="48651" /><E44/><V48/><F94/><W55/><G116/><T18/><D90/><U49/><E49/><V83/><F73/><W37/><G123/><T41/><D58/><U109/><E109/><V118/><F48/><W14/><G135/><T21/><D41/><U63/><E63/><V85/><F85/><W6/><G69/><T70/><D50/><U74/><E74/><V104/><F104/><W34/><G96/><T99/><D56/><U93/><E9/><N who="2" m="2279" /><F118/><W61/><G11/><T103/><D71/><U45/><E45/><V3/><F3/><AGARI ba="0,0" hai="2,3,59,62,67,76,81,87,93,97,100" m="48651" machi="3" ten="30,1000,0" yaku="18,1" doraHai="102" who="1" fromWho="2" sc="574,0,136,10,154,-10,136,0" owari="574,67.4,146,-5.4,144,-25.6,136,-36.4" /></mjloggm>