<mjloggm ver="2.3"><GO type="225" lobby="0"/><UN n0="%48%61%61%61%6C%61%6E%64" n1="%E3%83%89%E3%83%A9%E3%81%8F%E3%82%8C" n2="%E3%81%B5%E3%81%98%E3%81%8B%E3%81%A4" n3="%E8%B6%85%E7%B4%9A%E9%B3%B3%E5%87%B0" dan="18,17,16,17" rate="2194.24,2208.24,2144.46,2139.33" sx="M,M,M,F"/><TAIKYOKU oya="0"/><INIT seed="0,0,0,1,4,70" ten="250,250,250,250" oya="0" hai0="31,29,68,78,4,132,55,10,17,74,104,58,126" hai1="9,5,115,72,38,116,127,43,27,124,119,113,122" hai2="11,37,105,12,46,56,65,44,102,13,57,23,41" hai3="114,1,118,35,34,88,100,85,129,8,123,111,24"/><T121/><D121/><U14/><E72/><V25/><F65/><W49/><G114/><N who="1" m="43530" /><E43/><V125/><F125/><N who="1" m="48201" /><E38/><V110/><F110/><W69/><G118/><N who="1" m="45098" /><E27/><V47/><F105/><W98/><G24/><T19/><D104/><U2/><E122/><V84/><F102/><W120/><G100/><T60/><D126/><U42/><E42/><V108/><F108/><W94/><G111/><T32/><D74/><U59/><E59/><N who="2" m="22603" /><F37/><W18/><G120/><T109/><D109/><U33/><E33/><V50/><F84/><W80/><G123/><T90/><D32/><U135/><E135/><V128/><F41/><W93/><G85/><T21/><D132/><U71/><E71/><V76/><F25/><W130/><G69/><T82/><D68/><U103/><E103/><V112/><F112/><W30/><G34/><T92/><D58/><U79/><E79/><V62/><F76/><W3/><G35/><T99/><D78/><U20/><E20/><V117/><F23/><W83/><G129/><T61/><D21/><U97/><E97/><V28/><F128/><W77/><G98/><T51/><D99/><U131/><E131/><V75/><F117/><W87/><G77/><T45/><D45/><N who="2" m="17514" /><F75/><W39/><G39/><T89/><D60/><U15/><AGARI ba="0,0" hai="2,5,9,14,15" m="45098,48201,43530" machi="15" ten="40,8000,1" yaku="11,1,18,1,34,2" doraHai="70" who="1" fromWho="1" sc="250,-40,250,80,250,-20,250,-20" /><INIT seed="1,0,0,4,3,36" ten="210,330,230,230" oya="1" hai0="122,106,18,111,84,112,110,100,58,105,30,109,41" hai1="91,108,89,54,28,74,8,117,68,3,135,7,86" hai2="123,33,13,51,78,127,16,45,29,11,9,19,6" hai3="26,131,46,35,102,10,92,93,23,128,40,59,25"/><U63/><E117/><V103/><F123/><W70/><G70/><T119/><D119/><U97/><E74/><V24/><F127/><W66/><G10/><T44/><D112/><U121/><E121/><V96/><F78/><W118/><G118/><T94/><D122/><U85/><E135/><V5/><F103/><W34/><G102/><T99/><D30/><U76/><E76/><V95/><F95/><N who="3" m="36427" /><G66/><T4/><D4/><U17/><E97/><V132/><F96/><W71/><G71/><T90/><D58/><U60/><E68/><V31/><F132/><W75/><G75/><T52/><D18/><U125/><E17/><V37/><F37/><W38/><G59/><T55/><D106/><U88/><E125/><V101/><F101/><W77/><G77/><T1/><D1/><U56/><E28/><V65/><F65/><W12/><G12/><T80/><D105/><U73/><E73/><V113/><F113/><W107/><G107/><T48/><AGARI ba="0,0" hai="41,44,48,52,55,80,84,90,94,99,100,109,110,111" machi="48" ten="30,7900,0" yaku="0,1,14,1,52,1,54,1" doraHai="36" who="0" fromWho="0" sc="210,79,330,-39,230,-20,230,-20" /><INIT seed="2,0,0,1,0,71" ten="289,291,210,210" oya="2" hai0="40,81,112,22,66,78,19,126,16,29,131,11,10" hai1="125,87,18,60,51,94,31,133,117,47,91,62,92" hai2="102,1,84,105,123,120,98,52,129,108,115,127,7" hai3="23,59,35,99,4,114,63,45,58,8,134,21,70"/><V69/><F69/><W46/><G35/><T54/><D112/><U43/><E117/><V86/><F115/><W34/><G34/><T128/><D66/><U132/><E125/><V83/><F127/><W111/><G114/><T14/><D126/><U101/><E31/><V42/><F42/><W65/><G111/><T24/><D40/><U2/><E2/><V33/><F33/><W27/><G134/><N who="1" m="51818" /><E18/><V41/><F41/><W36/><G21/><T97/><D54/><U12/><E12/><V55/><F108/><W44/><G99/><AGARI ba="0,0" hai="43,47,51,60,62,87,91,92,94,99,101" m="51818" machi="99" ten="30,1000,0" yaku="20,1" doraHai="71" who="1" fromWho="3" sc="289,0,291,10,210,0,210,-10" /><INIT seed="3,0,0,2,3,27" ten="289,301,210,200" oya="3" hai0="1,8,30,74,103,121,11,79,102,92,98,47,66" hai1="33,117,5,113,71,124,17,135,93,45,120,38,87" hai2="116,53,10,104,34,44,119,107,31,126,57,63,9" hai3="127,65,84,69,99,110,64,80,51,89,97,54,118"/><W96/><G118/><T42/><D121/><U58/><E71/><V36/><F126/><W82/><G127/><T39/><D66/><N who="3" m="25705" /><G69/><T68/><D68/><U49/><E33/><V78/><F78/><W2/><G2/><T108/><D108/><U13/><E5/><V86/><F107/><W75/><G75/><T46/><D103/><U26/><E26/><V134/><F34/><W81/><G110/><T76/><D30/><U40/><E113/><V6/><F104/><W128/><G128/><T25/><D25/><U129/><E129/><V115/><F115/><W83/><G83/><T88/><D74/><U21/><E124/><V22/><F119/><W101/><G101/><T95/><D46/><AGARI ba="0,0" hai="46,51,54,80,81,82,84,89,96,97,99" m="25705" machi="46" ten="30,1500,0" yaku="8,1" doraHai="27" who="3" fromWho="0" sc="289,-15,301,0,210,0,200,15" /><INIT seed="3,1,0,1,0,112" ten="274,301,210,215" oya="3" hai0="73,45,24,69,71,121,27,99,51,128,60,40,59" hai1="114,132,6,84,22,86,100,25,105,101,56,83,28" hai2="115,67,34,17,64,66,106,72,33,74,89,124,103" hai3="26,7,123,65,21,15,49,63,118,52,120,87,61"/><W41/><G118/><T116/><D116/><U57/><E114/><V29/><F115/><W97/><G41/><T35/><D121/><U122/><E122/><V81/><F17/><W38/><G38/><T76/><D128/><U18/><E132/><V19/><F19/><W39/><G39/><T37/><D99/><U92/><E6/><V77/><F124/><W127/><G127/><T134/><D134/><U82/><E105/><V13/><F13/><W133/><G133/><T80/><D35/><U85/><E18/><V62/><F72/><W117/><G117/><T93/><D93/><U53/><E57/><V30/><F89/><W91/><G97/><T125/><D125/><U43/><E43/><V9/><F9/><N who="3" m="4543" /><G120/><T131/><D131/><U47/><E47/><V111/><F111/><W70/><G65/><N who="0" m="41127" /><D71/><U3/><E3/><V98/><REACH who="2" step="1"/><F62/><REACH who="2" ten="274,301,200,215" step="2"/><W2/><G123/><T11/><D11/><U23/><E100/><V48/><F48/><W96/><G2/><T88/><D88/><U20/><E101/><V126/><F126/><W94/><G70/><T68/><D68/><U8/><E8/><V1/><F1/><W55/><G49/><T4/><D4/><U95/><E83/><V16/><F16/><N who="3" m="12583" /><G63/><T12/><D12/><U14/><E82/><V79/><F79/><W54/><G61/><T78/><D76/><U104/><E14/><V10/><F10/><W46/><G96/><T135/><D135/><U58/><E28/><AGARI ba="1,1" hai="28,29,30,33,34,64,66,67,74,77,81,98,103,106" machi="28" ten="40,1300,0" yaku="1,1,53,0" doraHai="112" doraHaiUra="129" who="2" fromWho="1" sc="274,0,301,-16,200,26,215,0" /><INIT seed="4,0,0,4,5,60" ten="274,285,226,215" oya="0" hai0="93,121,46,112,58,33,11,3,31,35,133,30,39" hai1="123,131,109,8,27,42,45,89,23,18,124,61,82" hai2="119,110,132,63,10,94,17,129,68,66,114,51,52" hai3="75,7,107,91,21,13,128,4,134,101,135,29,0"/><T77/><D121/><U85/><E109/><V72/><F110/><W16/><G75/><T32/><D77/><U98/><E123/><V125/><F72/><W25/><G107/><T102/><D112/><U116/><E116/><V67/><F114/><W81/><G101/><T38/><D133/><N who="3" m="50697" /><G128/><T97/><D3/><U115/><E115/><V122/><F122/><W41/><G41/><T6/><D58/><U80/><E131/><V96/><F132/><W84/><G0/><T88/><D46/><U48/><E124/><V90/><F129/><W100/><G100/><T15/><REACH who="0" step="1"/><D102/><REACH who="0" ten="264,285,226,215" step="2"/><U43/><E45/><V2/><F2/><W127/><G127/><T20/><D20/><AGARI ba="0,1" hai="4,7,13,16,20,21,25,29,81,84,91" m="50697" machi="20" ten="30,2000,0" yaku="20,1,54,1" doraHai="60" who="3" fromWho="0" sc="264,-20,285,0,226,0,215,30" /><INIT seed="5,0,0,2,4,90" ten="244,285,226,245" oya="1" hai0="23,49,64,93,6,117,18,60,27,20,86,131,14" hai1="2,125,128,8,9,66,37,54,102,89,35,77,67" hai2="127,82,13,110,84,48,11,0,34,26,115,75,74" hai3="91,78,69,76,30,55,112,73,10,25,70,50,51"/><U122/><E122/><V79/><F110/><W100/><G112/><T111/><D111/><U68/><E37/><V97/><F115/><W103/><G10/><T29/><D117/><U80/><E35/><V4/><F127/><W113/><G113/><T5/><D49/><U58/><E125/><V123/><F123/><W38/><G38/><T21/><D131/><U28/><E28/><V81/><F0/><W39/><G39/><T121/><D121/><U59/><E68/><V63/><F63/><W133/><G133/><T40/><D40/><U72/><E128/><V118/><F118/><W53/><G91/><N who="0" m="53495" /><D21/><U85/><E102/><V1/><F1/><W108/><G30/><T12/><D14/><U120/><E120/><V19/><F34/><W31/><G31/><T42/><D42/><U17/><E59/><AGARI ba="0,0" hai="5,6,12,18,20,23,27,29,59,60,64" m="53495" machi="59" ten="30,2000,0" yaku="8,1,52,1" doraHai="90" who="0" fromWho="1" sc="244,20,285,-20,226,0,245,0" /><INIT seed="6,0,0,4,5,71" ten="264,265,226,245" oya="2" hai0="83,75,46,76,72,41,20,55,118,115,26,112,9" hai1="51,38,54,97,132,107,0,23,37,98,106,47,116" hai2="103,119,73,92,43,110,95,2,82,101,99,34,90" hai3="48,27,80,25,66,21,28,127,96,93,22,24,60"/><V40/><F34/><W130/><G130/><T11/><D118/><U10/><E116/><V87/><F119/><W63/><G127/><T45/><D72/><U12/><E132/><V126/><F2/><W68/><G80/><T30/><D55/><U117/><E117/><V84/><F126/><W19/><G60/><T31/><D31/><U67/><E67/><V113/><F113/><N who="0" m="43594" /><D45/><U49/><E0/><V15/><F110/><W114/><G114/><T39/><AGARI ba="0,0" hai="9,11,20,26,30,39,41,46,75,76,83" m="43594" machi="39" ten="30,2000,0" yaku="15,1,52,1" doraHai="71" who="0" fromWho="0" sc="264,20,265,-5,226,-10,245,-5" /><INIT seed="7,0,0,1,3,58" ten="284,260,216,240" oya="3" hai0="40,11,77,80,16,135,122,76,67,48,116,92,56" hai1="31,86,94,97,75,104,53,21,14,113,130,46,91" hai2="96,109,106,78,29,32,117,38,45,84,55,18,49" hai3="50,118,57,73,114,33,129,28,93,69,126,103,23"/><W105/><G118/><T120/><D116/><U119/><E119/><V44/><F117/><RYUUKYOKU type="kaze4" ba="0,0" sc="284,0,260,0,216,0,240,0" /><INIT seed="7,1,0,5,4,1" ten="284,260,216,240" oya="3" hai0="26,53,3,79,119,10,33,132,73,60,8,95,114" hai1="112,126,129,88,27,22,91,9,61,7,107,35,92" hai2="133,58,109,90,63,45,86,4,19,12,17,69,43" hai3="115,122,105,47,97,48,34,11,120,128,76,37,121"/><W102/><G34/><T39/><D39/><U52/><E112/><V108/><F69/><W116/><G116/><T68/><D3/><U71/><E107/><V40/><F133/><W29/><G115/><T98/><D119/><U135/><E135/><V56/><F109/><W30/><G128/><T2/><D2/><U127/><E35/><V5/><F108/><W78/><G37/><T83/><D132/><U59/><E71/><V44/><F63/><W87/><G11/><T0/><D0/><N who="1" m="231" /><E129/><V84/><F12/><W49/><G49/><T99/><D99/><N who="1" m="57735" /><E91/><AGARI ba="1,0" hai="4,5,17,19,40,43,44,45,56,58,84,86,90,91" machi="91" ten="25,8000,1" yaku="22,2,8,1,52,2" doraHai="1" who="2" fromWho="1" sc="284,0,260,-83,216,83,240,0" owari="284,8.4,177,-32.3,299,39.9,240,-16.0" /></mjloggm>