<mjloggm ver="2.3"><GO type="225" lobby="0"/><UN n0="%72%61%6B%33" n1="%E3%82%B7%E3%83%A5%E3%83%9E%E3%82%A4%E3%82%B1%E3%83%AB" n2="%E3%81%BE%E3%81%A8%E3%81%9F" n3="%E2%91%A3%E9%81%BF%E9%81%8A%E6%88%AF%E3%80%90%E6%9D%B1%E5%8D%97%E3%80%91" dan="16,17,16,16" rate="2231.99,2250.79,2170.48,2109.47" sx="M,M,M,M"/><TAIKYOKU oya="0"/><INIT seed="0,0,0,0,4,1" ten="250,250,250,250" oya="0" hai0="116,80,32,128,10,130,123,115,48,3,39,98,57" hai1="33,118,14,82,108,21,63,99,59,121,109,126,106" hai2="22,13,54,49,20,26,97,53,134,46,88,19,64" hai3="40,81,77,110,23,73,92,5,76,122,18,83,42"/><T61/><D39/><U31/><E118/><V7/><F134/><W50/><G122/><T93/><D123/><U133/><E121/><V66/><F54/><W124/><G124/><T100/><D116/><U16/><E133/><V79/><F79/><W67/><G110/><T4/><D115/><U27/><E126/><V28/><F7/><W96/><G67/><T111/><D111/><N who="1" m="42571" /><E82/><V71/><REACH who="2" step="1"/><F71/><REACH who="2" ten="250,250,240,250" step="2"/><W72/><G50/><T85/><D48/><U38/><E38/><V104/><F104/><W56/><G5/><T74/><D74/><U47/><E47/><V91/><F91/><W2/><G56/><T25/><D57/><U107/><E99/><V62/><F62/><W58/><G58/><T127/><D61/><U131/><E131/><V15/><F15/><W78/><G2/><T60/><D60/><U119/><E119/><V101/><F101/><W11/><G78/><T103/><D127/><U36/><E36/><V132/><F132/><W30/><G30/><T86/><D103/><U24/><E14/><V135/><F135/><W55/><G55/><AGARI ba="0,1" hai="16,21,24,27,31,33,55,59,63,106,107" m="42571" machi="55" ten="30,2000,0" yaku="14,1,54,1" doraHai="1" who="1" fromWho="3" sc="250,0,250,30,240,0,250,-20" /><INIT seed="1,0,0,2,4,58" ten="250,280,240,230" oya="1" hai0="71,76,110,29,107,104,54,64,4,74,19,122,32" hai1="78,7,55,57,99,62,68,40,0,83,125,8,120" hai2="52,115,11,22,38,2,34,100,37,50,91,121,53" hai3="80,49,114,44,35,13,81,69,59,93,117,36,101"/><U24/><E120/><V10/><F34/><W17/><G114/><T118/><D19/><U33/><E125/><V94/><F121/><W96/><G69/><T131/><D54/><U41/><E68/><V128/><F128/><W3/><G3/><T5/><D122/><U18/><E99/><V66/><F66/><W72/><G35/><T106/><D118/><U23/><REACH who="1" step="1"/><E33/><REACH who="1" ten="250,270,240,230" step="2"/><V129/><F115/><W95/><G117/><T51/><D32/><U75/><AGARI ba="0,1" hai="0,7,8,18,23,24,40,41,55,57,62,75,78,83" machi="75" ten="20,12000,1" yaku="1,1,2,1,0,1,7,1,52,1,53,0" doraHai="58" doraHaiUra="116" who="1" fromWho="1" sc="250,-40,270,130,240,-40,230,-40" /><INIT seed="1,1,0,1,3,93" ten="210,400,200,190" oya="1" hai0="75,99,36,104,56,126,37,83,41,42,82,107,25" hai1="39,5,40,66,15,103,0,96,88,129,74,127,16" hai2="26,80,69,120,72,45,28,87,132,123,47,44,35" hai3="106,81,8,23,9,94,60,115,13,134,65,38,58"/><U12/><E74/><V31/><F72/><W21/><G115/><T78/><D56/><U59/><E0/><V33/><F69/><W50/><G106/><T112/><D25/><U86/><E5/><V76/><F132/><W117/><G38/><T116/><D75/><U121/><E121/><V71/><F71/><W131/><G134/><T62/><D62/><U10/><E127/><V4/><F4/><W53/><G117/><T48/><D48/><U73/><E73/><V102/><F102/><W64/><G64/><T125/><D78/><U7/><E40/><V32/><REACH who="2" step="1"/><F28/><REACH who="2" ten="210,400,190,190" step="2"/><W119/><G119/><T2/><D116/><U1/><E7/><V114/><F114/><W63/><G131/><T11/><D112/><U49/><E103/><V98/><F98/><W91/><G65/><T68/><D68/><U29/><E96/><V109/><F109/><W6/><G81/><T14/><D99/><U79/><E29/><V130/><F130/><W46/><G94/><T90/><D125/><U133/><E129/><V17/><F17/><W101/><G101/><T19/><D126/><U124/><E124/><V113/><F113/><W24/><G6/><T85/><D83/><U128/><E133/><V27/><F27/><W43/><G24/><T122/><D2/><U84/><E16/><V20/><AGARI ba="1,1" hai="20,26,31,32,33,35,44,45,47,76,80,87,120,123" machi="20" ten="40,2700,0" yaku="1,1,0,1,53,0" doraHai="93" doraHaiUra="3" who="2" fromWho="2" sc="210,-8,400,-14,190,40,190,-8" /><INIT seed="2,0,0,5,4,42" ten="202,386,230,182" oya="2" hai0="103,79,52,55,54,12,3,5,108,19,34,47,26" hai1="39,74,134,18,98,56,21,90,125,132,75,109,17" hai2="114,63,32,44,41,73,127,7,35,99,101,135,115" hai3="113,124,68,111,107,110,95,93,31,92,46,78,33"/><V104/><F127/><W64/><G124/><T121/><D121/><U71/><E71/><V82/><F135/><N who="1" m="51753" /><E109/><N who="3" m="41482" /><G107/><T48/><D108/><U118/><E39/><V61/><F7/><W36/><G113/><T86/><D103/><U128/><E128/><V77/><F114/><W10/><G10/><N who="0" m="4175" /><D34/><U83/><E118/><V45/><F115/><W9/><G9/><T129/><D3/><U62/><E17/><V60/><REACH who="2" step="1"/><F45/><REACH who="2" ten="202,386,220,182" step="2"/><W80/><G46/><T120/><D120/><U51/><E125/><V37/><AGARI ba="0,1" hai="32,35,37,41,44,60,61,63,73,77,82,99,101,104" machi="37" ten="30,11700,0" yaku="1,1,2,1,0,1,52,1,53,0" doraHai="42" doraHaiUra="25" who="2" fromWho="2" sc="202,-39,386,-39,220,127,182,-39" /><INIT seed="2,1,0,0,5,54" ten="163,347,347,143" oya="2" hai0="100,20,84,133,58,114,66,19,34,105,130,123,72" hai1="60,44,71,12,93,24,110,7,50,78,36,104,127" hai2="38,115,64,65,85,98,49,43,48,135,67,83,122" hai3="27,132,79,55,125,91,14,96,15,59,131,2,89"/><V108/><F122/><W102/><G2/><T90/><D34/><U51/><E104/><V45/><F115/><W1/><G1/><T26/><D123/><U57/><E71/><V39/><F98/><W37/><G37/><T70/><D114/><U95/><E36/><V97/><F97/><W8/><G125/><T68/><D72/><U86/><E127/><V113/><F113/><W3/><G3/><T109/><D109/><U124/><E24/><V33/><F33/><W128/><G79/><T76/><D76/><U0/><E0/><V32/><F32/><W92/><G27/><T9/><D133/><U23/><E124/><V11/><F11/><W118/><G132/><T13/><D130/><N who="3" m="49705" /><G118/><T53/><D66/><U31/><E110/><V99/><F99/><N who="3" m="57759" /><G89/><T22/><D100/><U88/><E78/><V35/><F35/><W16/><G15/><T111/><D105/><U126/><E126/><V25/><F25/><W119/><G119/><T52/><D111/><U82/><E31/><V63/><F135/><W81/><G81/><T107/><D107/><U74/><E74/><V42/><F108/><W21/><G96/><T62/><D22/><U77/><E23/><V101/><F101/><W41/><G102/><T94/><REACH who="0" step="1"/><D53/><REACH who="0" ten="153,347,347,143" step="2"/><U73/><E73/><V129/><F67/><W17/><G21/><T120/><D120/><U5/><E77/><V40/><F65/><W87/><G87/><T80/><D80/><U103/><E82/><V4/><F83/><W28/><G8/><T6/><AGARI ba="1,1" hai="6,9,13,19,20,26,52,58,62,68,70,84,90,94" machi="6" ten="20,8000,1" yaku="1,1,0,1,7,1,52,1,54,1,53,0" doraHai="54" doraHaiUra="116" who="0" fromWho="0" sc="153,93,347,-21,347,-41,143,-21" /><INIT seed="3,0,0,0,1,58" ten="246,326,306,122" oya="3" hai0="15,2,107,92,123,40,84,131,12,67,70,73,63" hai1="115,95,110,17,77,128,41,81,93,89,102,61,53" hai2="134,31,47,126,65,76,26,133,3,82,68,60,66" hai3="37,55,98,4,0,101,104,87,13,97,51,38,117"/><W32/><G117/><T1/><D123/><U129/><E115/><V27/><F3/><W6/><G32/><T79/><D131/><N who="1" m="50251" /><E110/><V20/><F66/><W48/><G0/><T46/><D107/><U122/><E122/><V130/><F130/><W132/><G132/><T75/><D2/><U57/><E102/><V43/><F27/><W103/><G87/><T121/><D121/><U24/><E41/><V88/><F88/><W25/><G25/><T135/><D135/><N who="2" m="51722" /><F126/><W111/><G111/><T90/><D1/><U109/><E109/><V42/><F47/><W9/><G4/><T120/><D120/><U11/><E89/><V44/><F44/><W33/><G33/><T35/><D35/><U105/><E105/><V106/><F106/><W113/><G113/><T14/><REACH who="0" step="1"/><D79/><REACH who="0" ten="236,326,306,122" step="2"/><U91/><E77/><V50/><F50/><AGARI ba="0,1" hai="12,14,15,40,46,50,63,67,70,73,75,84,90,92" machi="50" ten="40,5200,0" yaku="1,1,2,1,52,1,53,0" doraHai="58" doraHaiUra="96" who="0" fromWho="2" sc="236,62,326,0,306,-52,122,0" owari="298,9.8,326,42.6,254,-14.6,122,-37.8" /></mjloggm>