<mjloggm ver="2.3"><GO type="225" lobby="0"/><UN n0="%6D%75%75%73%61%6E%6D%75" n1="%E5%BA%97%E9%95%B7%4D" n2="%E3%81%8B%E3%82%8F%E3%81%A1%E3%82%83%E3%82%93%35%38" n3="%E3%82%B7%E3%83%A5%E3%83%9E%E3%82%A4%E3%82%B1%E3%83%AB" dan="17,16,16,16" rate="2164.80,2075.20,2110.39,2131.97" sx="F,M,M,M"/><TAIKYOKU oya="0"/><INIT seed="0,0,0,2,1,50" ten="250,250,250,250" oya="0" hai0="39,88,130,97,93,51,38,37,83,129,44,89,61" hai1="103,0,21,77,11,79,1,134,121,82,56,55,114" hai2="23,16,105,30,48,26,107,43,19,32,28,87,59" hai3="12,92,113,81,116,99,117,14,66,85,119,41,67"/><T133/><D133/><U10/><E121/><V20/><F32/><W131/><G113/><T34/><D34/><U91/><E134/><V118/><F118/><W42/><G131/><N who="0" m="50187" /><D61/><U29/><E114/><V112/><F112/><W45/><G66/><T70/><D70/><U124/><E124/><V18/><F87/><W69/><G67/><T125/><D125/><U5/><E103/><V78/><F78/><W95/><G69/><T126/><D126/><U127/><E127/><V86/><F86/><W115/><G115/><T80/><D89/><U68/><E68/><V76/><F76/><W15/><G99/><T6/><D6/><U102/><E102/><V64/><F43/><AGARI ba="0,0" hai="37,38,39,43,44,51,80,83,88,93,97" m="50187" machi="43" ten="40,3900,0" yaku="19,1,54,1" doraHai="50" who="0" fromWho="2" sc="250,39,250,0,250,-39,250,0" /><INIT seed="0,1,0,4,3,69" ten="289,250,211,250" oya="0" hai0="34,85,125,63,134,115,26,27,102,46,39,53,21" hai1="24,94,58,4,49,99,60,57,124,17,28,44,133" hai2="121,13,97,89,25,71,16,19,54,79,104,77,10" hai3="88,38,73,9,18,114,108,31,62,55,100,98,83"/><T109/><D115/><U91/><E124/><V14/><F121/><W90/><G114/><T64/><D125/><U112/><E112/><V128/><F128/><W119/><G119/><T86/><D134/><U30/><E133/><V111/><F111/><W96/><G108/><T3/><D109/><U82/><E4/><V110/><F110/><W48/><G38/><T23/><D3/><U126/><E126/><V123/><F123/><W87/><G31/><T11/><D11/><U66/><E58/><V117/><F71/><W107/><G73/><T41/><D34/><U93/><E82/><V36/><F117/><W45/><G62/><T106/><D53/><U43/><E93/><N who="2" m="56495" /><F36/><W1/><G96/><T56/><D102/><U135/><E135/><V65/><F104/><W116/><G116/><T81/><D106/><U95/><E95/><V67/><F25/><W20/><G90/><T32/><D27/><U35/><E35/><V50/><F79/><W2/><REACH who="3" step="1"/><G9/><REACH who="3" ten="289,250,211,240" step="2"/><T12/><D85/><U37/><E37/><V0/><F77/><W76/><G76/><T101/><D101/><U40/><E40/><V118/><F118/><W131/><G131/><T5/><D39/><U33/><E33/><V47/><F0/><W113/><G113/><T84/><D32/><U122/><E122/><V59/><F47/><W80/><G80/><T42/><D81/><U6/><E6/><V127/><F127/><W22/><G22/><AGARI ba="1,1" hai="17,22,24,28,30,43,44,49,57,60,66,91,94,99" machi="22" ten="40,1300,0" yaku="8,1" doraHai="69" who="1" fromWho="3" sc="289,0,250,26,211,0,240,-16" /><AGARI ba="1,0" hai="10,13,14,16,19,22,50,54,59,65,67" m="56495" machi="22" ten="30,2000,0" yaku="8,1,54,1" doraHai="69" who="2" fromWho="3" sc="289,0,276,0,211,20,224,-20" /><INIT seed="1,0,0,0,2,131" ten="289,276,231,204" oya="1" hai0="35,80,87,95,125,29,102,4,38,114,9,39,40" hai1="49,21,117,61,55,26,36,84,104,103,51,122,25" hai2="108,63,77,43,98,42,100,110,74,96,37,134,111" hai3="54,78,15,76,44,118,89,5,27,24,101,20,6"/><U23/><E36/><V33/><F33/><W99/><G118/><T22/><D114/><U109/><E117/><V92/><F37/><W128/><G128/><T132/><D35/><U67/><E122/><V71/><F134/><W85/><G27/><T82/><D125/><U30/><E109/><V130/><F130/><W2/><G2/><T65/><D65/><U0/><E0/><V97/><F63/><W106/><G5/><T126/><D126/><U18/><E104/><V8/><F71/><W57/><G44/><T34/><D34/><U59/><E103/><V45/><F8/><W94/><G6/><T91/><D132/><U3/><E3/><V79/><F74/><W112/><G112/><T83/><D102/><U93/><E67/><V113/><F113/><W73/><G73/><T32/><D32/><U88/><AGARI ba="0,0" hai="18,21,23,25,26,30,49,51,55,59,61,84,88,93" machi="88" ten="30,6000,0" yaku="0,1,8,1,54,1" doraHai="131" who="1" fromWho="1" sc="289,-20,276,60,231,-20,204,-20" /><INIT seed="1,1,0,0,0,10" ten="269,336,211,184" oya="1" hai0="68,65,16,78,118,28,4,87,101,134,96,55,2" hai1="23,62,36,63,72,116,90,18,35,47,5,88,1" hai2="33,29,85,83,45,37,51,53,121,60,95,80,98" hai3="48,117,30,6,73,32,19,113,8,61,79,82,133"/><U128/><E116/><V70/><F121/><W130/><G113/><T57/><D118/><U135/><E35/><V25/><F37/><W12/><G117/><T43/><D134/><U42/><E135/><V115/><F115/><W110/><G133/><T75/><D75/><U13/><E128/><V120/><F120/><W46/><G130/><T26/><D43/><U39/><E39/><V126/><F126/><W104/><G104/><T91/><D78/><U9/><E62/><V132/><F132/><W77/><G110/><T112/><D112/><U34/><E72/><V21/><F33/><W17/><G77/><T94/><D2/><U114/><E114/><V102/><F70/><W105/><G105/><T52/><D4/><U15/><E34/><V129/><F129/><W11/><G61/><N who="0" m="38063" /><D68/><U38/><E38/><V131/><F131/><W76/><G76/><T97/><D28/><U3/><REACH who="1" step="1"/><E63/><REACH who="1" ten="269,326,211,184" step="2"/><V106/><F60/><W54/><G32/><T69/><D69/><U100/><E100/><V27/><F102/><W14/><REACH who="3" step="1"/><G30/><REACH who="3" ten="269,326,211,174" step="2"/><T108/><D108/><U107/><E107/><V86/><F106/><W41/><G41/><T0/><D55/><U74/><E74/><V109/><F109/><W81/><G81/><T7/><D52/><U127/><E127/><V124/><F124/><W31/><G31/><T20/><D101/><U66/><E66/><V84/><F83/><W22/><G22/><T123/><D123/><U59/><E59/><V122/><F122/><W93/><G93/><T92/><D94/><U99/><E99/><V67/><F98/><W71/><G71/><RYUUKYOKU ba="1,2" sc="269,10,326,10,211,-30,174,10" hai0="0,7,16,20,26,87,91,92,96,97" hai1="1,3,5,9,13,15,18,23,36,42,47,88,90" hai3="6,8,11,12,14,17,19,46,48,54,73,79,82" /><INIT seed="1,2,2,5,5,75" ten="279,336,181,184" oya="1" hai0="34,132,55,115,73,81,120,91,122,23,24,99,82" hai1="102,41,12,6,4,118,72,50,35,93,30,31,8" hai2="111,79,116,42,28,62,19,109,2,64,87,107,37" hai3="76,84,58,71,40,46,126,69,83,65,51,29,125"/><U101/><E72/><V67/><F116/><W77/><G29/><N who="1" m="10762" /><E35/><V38/><F107/><W14/><G14/><T92/><D115/><U86/><E118/><V3/><F28/><W13/><G13/><T85/><D34/><U45/><E4/><V134/><F134/><W133/><G133/><T112/><D112/><U0/><E0/><N who="2" m="43" /><F19/><W63/><REACH who="3" step="1"/><G77/><REACH who="3" ten="279,336,181,174" step="2"/><N who="0" m="44207" /><D132/><U114/><E114/><V11/><F11/><W15/><G15/><T130/><D130/><U110/><E110/><N who="2" m="41995" /><F42/><W32/><G32/><T66/><D24/><U103/><E86/><V7/><F7/><W22/><G22/><T47/><D23/><U131/><E131/><V105/><F105/><W43/><G43/><T9/><D85/><U100/><N who="1" m="25600" /><DORA hai="18" /><U60/><E12/><V20/><F20/><W123/><G123/><T119/><D120/><U121/><E8/><V135/><F135/><W57/><G57/><T129/><D9/><U78/><E78/><V128/><F128/><W25/><G25/><T33/><D122/><U74/><E6/><V56/><F64/><W96/><G96/><T44/><D129/><U108/><E74/><V80/><AGARI ba="2,3" hai="37,38,56,62,67,79,80,87" m="41995,43" machi="80" ten="40,2700,0" yaku="14,1,52,1" doraHai="75,18" who="2" fromWho="2" sc="279,-9,336,-15,181,63,174,-9" /><INIT seed="2,0,0,5,4,80" ten="270,321,244,165" oya="2" hai0="122,36,54,2,65,9,75,29,120,27,20,32,47" hai1="124,62,5,38,63,53,116,12,97,131,60,52,129" hai2="107,74,4,110,114,82,86,123,26,33,64,57,17" hai3="105,0,24,44,41,119,77,55,37,68,115,92,72"/><V103/><F114/><W125/><G119/><T39/><D75/><U93/><E38/><V49/><F123/><W28/><G105/><T11/><D65/><U10/><E116/><V15/><F110/><W95/><G68/><T43/><D39/><U45/><E124/><V121/><F121/><W16/><G115/><T87/><D32/><U18/><E5/><V1/><F74/><W128/><G125/><T109/><D109/><U101/><E45/><V100/><F107/><W42/><G42/><T89/><D54/><U79/><REACH who="1" step="1"/><E79/><REACH who="1" ten="270,311,244,165" step="2"/><V70/><F4/><W50/><G128/><AGARI ba="0,1" hai="10,12,18,52,53,60,62,63,93,97,101,128,129,131" machi="128" ten="40,8000,1" yaku="1,1,2,1,19,1,54,1,53,0" doraHai="80" doraHaiUra="118" who="1" fromWho="3" sc="270,0,311,90,244,0,165,-80" /><INIT seed="3,0,0,3,0,132" ten="270,401,244,85" oya="3" hai0="81,6,47,41,80,93,33,95,60,55,20,43,56" hai1="4,46,40,11,88,129,71,13,108,91,79,44,17" hai2="100,28,104,83,62,1,9,96,102,23,66,64,39" hai3="107,35,24,12,74,72,53,92,38,59,21,89,63"/><W112/><G107/><T87/><D33/><U42/><E71/><V18/><F39/><W121/><G112/><T85/><D6/><U27/><E108/><V114/><F114/><W126/><G121/><T10/><D10/><U15/><E129/><V128/><F128/><W50/><G38/><T68/><D68/><U54/><E79/><V52/><F83/><W48/><G35/><T22/><D81/><U109/><E27/><V118/><F118/><W34/><G34/><T29/><D85/><U30/><E30/><V125/><F28/><W76/><G12/><T5/><D5/><U130/><E130/><V133/><F133/><W2/><G2/><T75/><D75/><U36/><E109/><V31/><F31/><W49/><G76/><T70/><D70/><U98/><E98/><V105/><F125/><W7/><G7/><T84/><D84/><U0/><E0/><V106/><F9/><W45/><G126/><T90/><D47/><N who="1" m="17963" /><E54/><V110/><F1/><W32/><G32/><T120/><D120/><U61/><E61/><V67/><F110/><W119/><G119/><T123/><D123/><U37/><E37/><V124/><F124/><W65/><G74/><T101/><D29/><U26/><E26/><N who="2" m="14711" /><F96/><N who="3" m="57359" /><G72/><T86/><D101/><U122/><E122/><V103/><F62/><W51/><G51/><T94/><D86/><U78/><E78/><V25/><F25/><W111/><G111/><T19/><D19/><AGARI ba="0,0" hai="19,21,24,45,48,49,50,53,59,63,65" m="57359" machi="19" ten="30,1500,0" yaku="8,1" doraHai="132" who="3" fromWho="0" sc="270,-15,401,0,244,0,85,15" /><INIT seed="3,1,0,3,5,109" ten="255,401,244,100" oya="3" hai0="135,95,119,116,59,77,65,35,89,17,133,112,45" hai1="131,24,90,107,94,114,75,12,66,28,118,3,68" hai2="73,105,53,108,11,88,44,10,43,124,6,125,15" hai3="103,80,102,48,69,27,49,61,31,110,8,1,106"/><W71/><G110/><T120/><D35/><U115/><E3/><V36/><F108/><W74/><G106/><T84/><D120/><U57/><E75/><V47/><F105/><W91/><G1/><T132/><D112/><U21/><E107/><V0/><F73/><W128/><G128/><T55/><D17/><U52/><E131/><V51/><REACH who="2" step="1"/><F88/><REACH who="2" ten="255,401,234,100" step="2"/><W19/><G74/><T64/><D77/><U104/><E104/><V2/><F2/><W60/><G91/><T4/><D4/><AGARI ba="1,1" hai="0,4,6,10,11,15,36,43,44,47,51,53,124,125" machi="4" ten="40,1300,0" yaku="1,1,53,0" doraHai="109" doraHaiUra="56" who="2" fromWho="0" sc="255,-16,401,0,234,26,100,0" owari="239,-16.1,401,50.1,260,6.0,100,-40.0" /></mjloggm>