<mjloggm ver="2.3"><GO type="225" lobby="0"/><UN n0="%E5%80%89%E6%A9%8B%EF%BC%A0%E4%BA%8B%E5%8B%99" n1="%E2%91%A3%E9%81%BF%E9%81%8A%E6%88%AF%E3%80%90%E6%9D%B1%E5%8D%97%E3%80%91" n2="%66%67%67%68%68%64%66" n3="%E3%81%A1%E3%82%85%E3%81%86%E3%81%A9%E3%81%8F%E8%B1%A1%E3%81%95%E3%82%93" dan="16,16,16,17" rate="2113.04,2085.77,2055.60,2254.29" sx="M,M,M,M"/><TAIKYOKU oya="0"/><INIT seed="0,0,0,5,2,47" ten="250,250,250,250" oya="0" hai0="7,127,122,25,86,29,116,17,57,63,115,31,87" hai1="2,117,51,90,126,104,100,6,83,125,132,38,27" hai2="33,129,37,65,0,42,135,92,105,20,94,74,131" hai3="118,30,99,119,59,34,130,58,77,78,9,73,22"/><T56/><D115/><U68/><E38/><V32/><F105/><W102/><G130/><N who="2" m="49673" /><F135/><W70/><G34/><T62/><D116/><U8/><E68/><V82/><F0/><W10/><G70/><T109/><D122/><U114/><E117/><V113/><F113/><W21/><G99/><T39/><D39/><U123/><E114/><V16/><F65/><W52/><G102/><T91/><D127/><N who="1" m="48651" /><E123/><V98/><F42/><W44/><G44/><T19/><D7/><U75/><E27/><N who="2" m="14727" /><F37/><W88/><G30/><T40/><D109/><U3/><E3/><V54/><F54/><W41/><G41/><T124/><D124/><U112/><E112/><V72/><F92/><W97/><G97/><T84/><D40/><U66/><E66/><V1/><F1/><W15/><G52/><T108/><D108/><U103/><E132/><V80/><F82/><W46/><G46/><T50/><D86/><N who="1" m="50527" /><E75/><N who="2" m="28715" /><F80/><W49/><G73/><T89/><REACH who="0" step="1"/><D25/><REACH who="0" ten="240,250,250,250" step="2"/><U101/><E104/><V93/><F93/><W45/><G119/><T43/><D43/><U71/><E71/><V60/><F60/><W26/><G118/><T61/><D61/><U133/><E133/><V79/><F79/><W69/><G26/><T5/><D5/><U81/><E81/><V106/><F106/><W55/><G78/><T85/><D85/><U48/><AGARI ba="0,1" hai="2,6,8,48,51,100,101,103" m="50527,48651" machi="48" ten="40,5200,0" yaku="18,1,52,2" doraHai="47" who="1" fromWho="1" sc="240,-26,250,62,250,-13,250,-13" /><INIT seed="1,0,0,2,1,38" ten="214,312,237,237" oya="1" hai0="2,67,113,129,30,68,5,105,3,85,117,72,1" hai1="28,8,15,57,93,108,102,66,22,110,65,95,70" hai2="27,62,33,107,31,134,46,0,60,43,122,111,58" hai3="89,126,69,133,12,21,114,56,96,36,79,80,109"/><U41/><E70/><V74/><F122/><W48/><G114/><T131/><D72/><U18/><E102/><V52/><F107/><W124/><G69/><T84/><D105/><U14/><E57/><V132/><F74/><W24/><G36/><T127/><D113/><U23/><E28/><V128/><F0/><W4/><G109/><T29/><D117/><U19/><REACH who="1" step="1"/><E8/><REACH who="1" ten="214,302,237,237" step="2"/><V123/><F123/><W25/><G56/><T63/><D127/><U90/><E90/><V115/><F115/><W118/><G89/><T49/><D29/><U45/><E45/><V11/><F11/><W97/><G118/><T51/><D30/><U17/><E17/><V55/><F111/><W6/><G124/><T135/><D135/><N who="2" m="51754" /><F128/><N who="0" m="49226" /><D5/><U99/><E99/><V40/><F62/><W116/><G133/><T32/><D32/><U75/><E75/><V88/><F88/><W121/><G126/><T61/><D61/><U73/><E73/><V9/><F9/><W44/><G116/><T54/><D51/><AGARI ba="0,1" hai="27,31,33,40,43,46,51,52,55,58,60" m="51754" machi="51" ten="30,7700,0" yaku="20,1,52,2,54,1" doraHai="38" who="2" fromWho="0" sc="214,-77,302,0,237,87,237,0" /><INIT seed="2,0,0,4,5,79" ten="137,302,324,237" oya="2" hai0="69,45,106,68,102,88,24,33,57,51,84,118,91" hai1="107,98,40,25,28,49,129,133,12,35,73,1,48" hai2="128,113,22,50,116,87,130,7,30,80,54,42,77" hai3="111,96,95,119,58,38,115,114,127,13,20,18,120"/><V104/><F113/><N who="3" m="43019" /><G120/><T10/><D118/><U43/><E1/><V29/><F116/><W17/><G119/><T39/><D39/><U53/><E73/><V44/><F104/><W86/><G38/><T37/><D37/><U105/><E133/><V21/><F7/><W0/><G0/><T125/><D57/><U93/><E129/><N who="2" m="49771" /><F42/><W123/><G123/><T72/><D72/><U36/><E36/><V60/><F60/><W81/><G58/><T82/><D125/><U5/><E49/><V15/><F15/><W112/><G17/><T103/><D106/><U65/><E65/><V4/><F4/><W71/><G127/><T14/><D91/><U89/><E43/><V9/><F9/><W64/><G112/><T31/><D68/><U132/><E40/><V26/><F21/><W52/><G64/><T66/><D66/><U67/><E67/><V110/><F110/><W126/><G71/><T75/><D75/><U55/><E55/><V46/><F44/><W109/><G126/><T11/><D69/><U3/><E3/><V122/><F122/><W100/><G52/><N who="0" m="29807" /><D10/><U131/><E105/><V99/><F99/><W70/><G70/><T34/><D34/><U63/><E107/><V121/><F121/><W108/><G108/><T27/><D27/><U134/><E63/><V16/><AGARI ba="0,0" hai="16,22,26,29,30,46,50,54,77,80,87" m="49771" machi="16" ten="30,6000,0" yaku="19,1,52,1,54,1" doraHai="79" who="2" fromWho="2" sc="137,-20,302,-20,324,60,237,-20" /><INIT seed="2,1,0,5,3,31" ten="117,282,384,217" oya="2" hai0="44,85,88,133,59,83,42,37,25,43,106,36,108" hai1="26,48,13,2,74,82,121,19,135,113,15,103,111" hai2="75,14,70,17,0,51,63,29,27,77,1,64,68" hai3="60,46,98,38,126,115,47,20,114,73,118,61,93"/><V129/><F129/><W134/><G73/><T39/><D106/><U89/><E113/><N who="3" m="43018" /><G20/><T52/><D108/><U87/><E74/><V23/><F70/><W127/><G93/><T72/><D133/><U32/><E121/><V10/><F77/><W65/><G98/><T5/><D72/><U102/><E135/><V116/><F75/><W97/><G97/><T50/><D5/><U122/><E2/><V28/><F116/><W123/><G123/><T41/><REACH who="0" step="1"/><D25/><REACH who="0" ten="107,282,384,217" step="2"/><U66/><E122/><V76/><F27/><W117/><G134/><T30/><D30/><U57/><E111/><V95/><F29/><W112/><G112/><T21/><D21/><U91/><E26/><V53/><F23/><W45/><G38/><AGARI ba="1,1" hai="36,37,38,39,41,42,43,44,50,52,59,83,85,88" machi="38" ten="40,5200,0" yaku="1,1,54,2,53,0" doraHai="31" doraHaiUra="12" who="0" fromWho="3" sc="107,65,282,0,384,0,217,-55" /><INIT seed="3,0,0,3,1,41" ten="172,282,384,162" oya="3" hai0="11,74,98,79,78,107,22,35,113,80,55,133,7" hai1="128,89,103,31,86,111,110,62,56,66,129,36,37" hai2="63,120,131,108,24,124,12,60,32,34,1,75,54" hai3="87,47,84,53,38,134,96,101,29,102,59,40,3"/><W127/><G3/><T18/><D35/><U6/><E103/><V100/><F1/><W23/><G134/><T114/><D133/><U90/><E31/><V30/><F75/><W85/><G127/><T82/><D55/><U68/><E6/><V88/><F108/><N who="1" m="41513" /><E90/><V9/><F131/><N who="1" m="50249" /><E89/><V117/><F34/><W65/><G65/><T106/><D7/><U2/><E86/><V95/><F100/><W121/><G121/><T44/><D11/><U14/><E14/><V97/><F120/><W116/><G116/><T92/><D22/><U72/><E72/><V28/><F117/><W105/><G101/><N who="0" m="60615" /><D18/><U69/><E2/><V25/><F30/><W81/><G29/><T8/><D8/><U13/><E13/><V17/><F24/><W64/><G64/><T122/><D122/><U0/><E0/><V135/><F12/><W73/><G23/><T52/><D80/><U51/><E51/><V70/><F9/><W126/><G126/><T130/><D79/><U10/><E10/><V45/><F28/><W20/><G20/><T77/><D78/><U5/><E5/><V104/><F32/><W43/><G73/><T50/><D130/><U15/><E15/><V21/><F21/><W61/><G81/><T125/><D125/><U132/><E132/><V42/><F135/><W91/><G91/><T115/><AGARI ba="0,0" hai="44,50,52,74,77,82,106,107,113,114,115" m="60615" machi="115" ten="30,4000,0" yaku="11,1,52,1,54,1" doraHai="41" who="0" fromWho="0" sc="172,40,282,-10,384,-10,162,-20" owari="212,-18.8,272,7.2,374,47.4,142,-35.8" /></mjloggm>