<mjloggm ver="2.3"><GO type="225" lobby="0"/><UN n0="%72%69%6F%75%63%68%61%6E" n1="%6E%65%6F%E3%82%BD%E3%83%83%E3%82%AF%E3%82%B9%E2%99%AA" n2="%6D%75%75%6D%75%72%61" n3="%E3%81%A1%E3%82%85%E3%81%86%E3%81%A9%E3%81%8F%E8%B1%A1%E3%81%95%E3%82%93" dan="17,16,16,16" rate="2266.10,2156.23,2107.84,2097.01" sx="M,M,F,M"/><TAIKYOKU oya="0"/><INIT seed="0,0,0,3,3,102" ten="250,250,250,250" oya="0" hai0="106,64,47,60,95,21,125,29,103,104,87,127,79" hai1="22,80,101,69,2,34,59,20,109,13,51,134,94" hai2="15,77,16,124,37,50,112,7,24,25,89,17,121" hai3="30,53,62,3,71,93,83,123,122,49,130,28,43"/><T55/><D79/><U99/><E109/><V52/><F121/><N who="3" m="46091" /><G3/><T18/><D29/><N who="3" m="11369" /><G130/><T65/><D55/><N who="1" m="32255" /><E69/><V126/><F112/><W117/><G117/><T67/><D47/><U116/><E34/><V40/><F37/><W39/><G83/><T107/><D60/><U98/><E2/><V68/><F68/><W86/><G39/><T61/><D61/><U118/><E134/><V92/><F40/><W45/><G71/><T58/><D58/><U6/><E118/><V1/><F77/><W84/><G93/><T44/><D44/><U66/><E66/><V91/><F1/><W54/><G62/><T120/><D120/><U23/><E116/><V90/><F92/><W96/><G96/><T26/><REACH who="0" step="1"/><D87/><AGARI ba="0,0" hai="43,45,49,53,54,84,86,87" m="11369,46091" machi="87" ten="30,1000,0" yaku="13,1" doraHai="102" who="3" fromWho="0" sc="250,-10,250,0,250,0,250,10" /><INIT seed="1,0,0,1,3,52" ten="240,250,250,260" oya="1" hai0="21,65,135,35,57,40,25,27,124,12,69,99,105" hai1="75,115,89,36,85,8,41,19,88,100,111,55,117" hai2="103,119,34,98,92,76,134,22,30,120,2,83,28" hai3="91,62,31,47,87,79,113,4,45,60,90,93,133"/><U108/><E117/><V97/><F119/><W56/><G113/><T122/><D124/><U58/><E115/><V0/><F120/><W131/><G4/><T121/><D135/><U86/><E75/><V14/><F134/><W127/><G127/><T72/><D72/><U17/><E100/><V132/><F34/><W118/><G118/><T71/><D40/><U16/><E36/><V64/><F132/><W67/><G133/><T102/><D12/><U110/><E41/><V73/><F97/><W20/><G79/><T33/><D69/><U106/><E106/><V130/><F130/><W96/><G131/><T68/><D68/><U125/><E8/><V1/><REACH who="2" step="1"/><F64/><REACH who="2" ten="240,250,240,260" step="2"/><W61/><G61/><N who="0" m="40367" /><D33/><U109/><E125/><V3/><N who="2" m="0" /><DORA hai="50" /><V15/><F15/><W44/><G60/><T23/><D35/><U95/><E110/><V84/><F84/><N who="1" m="32361" /><E95/><V9/><F9/><W51/><G87/><T63/><D21/><U43/><E43/><V29/><F29/><W123/><G31/><T10/><D10/><U128/><E128/><V116/><F116/><W112/><G20/><T77/><D23/><U11/><E11/><V5/><F5/><W70/><G112/><T39/><D77/><U53/><E53/><V78/><F78/><W114/><G114/><T49/><D122/><U129/><E129/><V24/><F24/><N who="0" m="9290" /><D121/><U74/><E74/><V104/><F104/><W18/><G123/><T80/><D80/><U6/><E6/><V107/><F107/><W81/><G67/><N who="0" m="39407" /><D39/><U46/><E111/><V59/><F59/><W48/><G70/><T66/><D66/><RYUUKYOKU ba="0,1" sc="240,15,250,-15,240,15,260,-15" hai0="49,99,102,105" hai2="14,22,28,30,73,76,83,92,98,103" /><INIT seed="2,1,1,4,1,105" ten="255,235,255,245" oya="2" hai0="13,3,135,55,44,1,85,82,115,130,125,45,94" hai1="35,111,74,27,39,50,83,68,63,41,107,51,8" hai2="25,113,88,58,6,46,64,43,98,95,77,18,84" hai3="131,17,61,4,118,128,101,110,78,96,112,108,76"/><V47/><F113/><W10/><G118/><T73/><D115/><U49/><E111/><N who="3" m="42538" /><G112/><T114/><D114/><U129/><E129/><N who="3" m="49738" /><G17/><T20/><D125/><U103/><E8/><V9/><F18/><W87/><G61/><T11/><D135/><U134/><E134/><V127/><F25/><W123/><G123/><T72/><D130/><U54/><E39/><V23/><F23/><W120/><G120/><T100/><D20/><U81/><E41/><V14/><F127/><W56/><G56/><T109/><D109/><U38/><E38/><V15/><F15/><N who="3" m="5575" /><G87/><T90/><D1/><U80/><E35/><V37/><F46/><W124/><G124/><T29/><D3/><U91/><E27/><V92/><F58/><W97/><G97/><N who="0" m="59447" /><D44/><U42/><E42/><V70/><F70/><W67/><G67/><T31/><D31/><U75/><E68/><V99/><F64/><W122/><G122/><T126/><D29/><U106/><E63/><V104/><F99/><W102/><G102/><T16/><D126/><U62/><E103/><V60/><F60/><W89/><G89/><T116/><D116/><U26/><E91/><V48/><F77/><W71/><G71/><T133/><D133/><U30/><E62/><V19/><F19/><W69/><G69/><T93/><D93/><AGARI ba="1,1" hai="76,78,93,96,101" m="5575,49738,42538" machi="93" ten="30,2000,0" yaku="14,1,19,1" doraHai="105" who="3" fromWho="0" sc="255,-23,235,0,255,0,245,33" /><INIT seed="3,0,0,1,2,11" ten="232,235,255,278" oya="3" hai0="30,124,62,127,129,92,132,44,6,41,133,117,13" hai1="94,74,53,90,109,81,78,69,60,45,126,73,100" hai2="70,104,61,116,91,75,88,101,24,114,99,5,7" hai3="67,125,40,134,119,38,82,83,50,54,46,26,21"/><W59/><G119/><T120/><D120/><U25/><E109/><V93/><F116/><W19/><G134/><N who="0" m="51819" /><D117/><U79/><E126/><N who="0" m="48169" /><D30/><U106/><E106/><V87/><F114/><W76/><G125/><T113/><D113/><U14/><E100/><V43/><F75/><W86/><G82/><T58/><D92/><U16/><E25/><V85/><F43/><W95/><G95/><T135/><N who="0" m="51827" /><T63/><DORA hai="0" /><D58/><U115/><E115/><V8/><F24/><W71/><G71/><T9/><D129/><U72/><E69/><V51/><F51/><AGARI ba="0,0" hai="6,9,13,41,44,51,62,63" m="48169,51827" machi="51" ten="40,8000,1" yaku="20,1,18,1,52,2" doraHai="11,0" who="0" fromWho="2" sc="232,80,235,0,255,-80,278,0" owari="312,41.2,235,-16.5,175,-32.5,278,7.8" /></mjloggm>