<mjloggm ver="2.3"><GO type="225" lobby="0"/><UN n0="%6D%75%75%73%61%6E%6D%75" n1="%E5%B8%86%E7%AB%8B%E5%A4%8F%E8%A1%A3" n2="%6B%79%6F%6E%6B%6F%31%31" n3="%6D%61%74%69%67%75%73%61" dan="16,17,16,17" rate="2129.27,2131.71,2141.04,2172.45" sx="F,M,M,M"/><TAIKYOKU oya="0"/><INIT seed="0,0,0,1,4,128" ten="250,250,250,250" oya="0" hai0="56,44,114,17,103,89,42,116,72,46,10,123,104" hai1="60,71,65,132,97,82,135,81,75,105,58,40,24" hai2="38,32,14,86,121,78,106,87,18,12,41,25,113" hai3="127,54,11,70,1,20,68,108,48,45,66,43,95"/><T131/><D114/><U63/><E40/><V27/><F113/><W15/><G1/><T37/><D116/><U76/><E81/><V130/><F121/><W34/><G34/><T100/><D123/><U79/><E76/><V85/><F106/><W111/><G20/><T73/><D131/><U119/><E119/><V126/><F130/><W50/><G95/><T133/><D56/><U52/><REACH who="1" step="1"/><E24/><REACH who="1" ten="250,240,250,250" step="2"/><V69/><F78/><W93/><G43/><T28/><D42/><U23/><E23/><V74/><F25/><W129/><G129/><T19/><D37/><U92/><E92/><V115/><F27/><W98/><G93/><T47/><D104/><U84/><E84/><V88/><F86/><W49/><G111/><T55/><D72/><U21/><E21/><V36/><F41/><W22/><G22/><T120/><D73/><U90/><E90/><V125/><F74/><W99/><G108/><T83/><D89/><U30/><E30/><V8/><F38/><W91/><G91/><T4/><D83/><U101/><AGARI ba="0,1" hai="52,58,60,63,65,71,75,79,82,97,101,105,132,135" machi="101" ten="30,8000,1" yaku="1,1,0,1,52,2,54,1,53,0" doraHai="128" doraHaiUra="109" who="1" fromWho="1" sc="250,-40,240,90,250,-20,250,-20" /><INIT seed="1,0,0,1,0,37" ten="210,330,230,230" oya="1" hai0="71,86,43,6,110,97,116,68,27,82,14,66,17" hai1="117,72,9,20,4,108,101,115,36,12,130,24,29" hai2="105,94,83,7,39,8,26,79,93,38,61,11,120" hai3="30,40,32,65,23,119,15,13,62,18,28,80,88"/><U92/><E36/><V75/><F120/><W57/><G32/><T2/><D116/><U99/><E72/><V113/><F105/><W50/><G119/><T5/><D2/><U131/><E117/><V19/><F113/><W1/><G1/><T77/><D110/><U51/><E115/><V70/><F39/><W89/><G13/><T104/><D27/><U64/><E108/><V103/><F8/><W109/><G109/><T107/><D43/><U44/><REACH who="1" step="1"/><E64/><REACH who="1" ten="210,320,230,230" step="2"/><V34/><F38/><W33/><G33/><T102/><D66/><U78/><E78/><V84/><F75/><W85/><G89/><T56/><D77/><U134/><E134/><V47/><F34/><W55/><REACH who="3" step="1"/><G40/><AGARI ba="0,1" hai="4,9,12,20,24,29,40,44,51,92,99,101,130,131" machi="40" ten="40,3900,0" yaku="1,1,52,1,53,0" doraHai="37" doraHaiUra="31" who="1" fromWho="3" sc="210,0,320,49,230,0,230,-39" /><INIT seed="1,1,0,2,4,53" ten="210,369,230,191" oya="1" hai0="95,81,100,62,92,107,44,16,31,117,22,34,25" hai1="77,102,63,52,94,42,47,125,49,73,54,135,39" hai2="71,114,9,28,45,99,5,80,7,55,124,126,20" hai3="72,79,112,127,78,97,24,98,1,64,36,46,50"/><U130/><E125/><N who="2" m="48235" /><F71/><W118/><G112/><T128/><D117/><U51/><E135/><V23/><F114/><W43/><G1/><T133/><D133/><U120/><E120/><V121/><F121/><W106/><G127/><T11/><D128/><U33/><E33/><V68/><F68/><W96/><G106/><T132/><D132/><U10/><E130/><V27/><F99/><W90/><G118/><T17/><D62/><U60/><E77/><V56/><F45/><W59/><G72/><T67/><D67/><U134/><E73/><V105/><F80/><W74/><G74/><T88/><D44/><N who="1" m="27687" /><E10/><V89/><F89/><W38/><G38/><T13/><D107/><U32/><E32/><N who="2" m="20511" /><F105/><W75/><G75/><T91/><D100/><U26/><E134/><V30/><F30/><W6/><G36/><T76/><D76/><U29/><E39/><V66/><F66/><W93/><G79/><T110/><D91/><U41/><E102/><V69/><F69/><W35/><G78/><T84/><REACH who="0" step="1"/><D110/><REACH who="0" ten="200,369,230,191" step="2"/><U2/><E94/><V108/><F108/><W123/><G123/><T119/><D119/><U70/><E70/><V18/><F5/><W109/><G6/><T40/><D40/><U57/><E42/><V14/><F7/><W104/><G109/><T58/><D58/><U101/><E101/><V87/><F87/><W115/><G104/><T122/><D122/><U129/><E129/><V48/><AGARI ba="1,1" hai="9,14,18,20,23,48,55,56" m="20511,48235" machi="48" ten="30,2000,0" yaku="18,1,52,1" doraHai="53" who="2" fromWho="2" sc="200,-6,369,-11,230,33,191,-6" /><INIT seed="2,0,0,1,5,4" ten="194,358,263,185" oya="2" hai0="22,106,84,10,38,67,128,99,35,9,28,58,104" hai1="95,122,54,121,20,115,133,82,14,60,131,110,102" hai2="37,56,124,108,76,40,11,31,27,63,113,112,17" hai3="73,129,36,47,72,120,77,116,43,117,79,45,91"/><V123/><F123/><N who="1" m="47113" /><E110/><V66/><F124/><W86/><G120/><T75/><D75/><U96/><E133/><V44/><F108/><W74/><G129/><T32/><D38/><U103/><E131/><V132/><F132/><W114/><G114/><T64/><D128/><U13/><E115/><V134/><F76/><W51/><G79/><T24/><D84/><U69/><E103/><V111/><F111/><W83/><REACH who="3" step="1"/><G77/><REACH who="3" ten="194,358,263,175" step="2"/><T8/><D99/><U68/><E82/><V18/><F134/><W81/><G81/><T48/><D104/><U30/><E69/><V50/><F113/><W70/><G70/><T85/><D106/><U26/><E68/><V3/><F112/><W126/><G126/><T100/><D85/><U46/><E60/><V125/><F125/><W23/><G23/><T94/><D35/><U57/><E57/><V93/><F93/><W78/><G78/><T119/><D32/><U127/><E127/><V29/><F63/><W61/><G61/><T39/><D119/><U12/><E95/><V59/><F59/><W101/><G101/><T34/><D34/><U5/><E102/><V98/><F56/><W15/><G15/><T88/><D100/><U109/><E109/><V135/><F135/><W7/><G7/><T65/><D94/><U92/><E5/><V53/><F98/><W90/><G90/><T6/><D88/><N who="1" m="55303" /><E12/><V107/><F107/><W41/><AGARI ba="0,1" hai="36,41,43,45,47,51,72,73,74,83,86,91,116,117" machi="41" ten="40,2700,0" yaku="1,1,0,1,53,0" doraHai="4" doraHaiUra="1" who="3" fromWho="3" sc="194,-7,358,-7,263,-13,175,37" /><INIT seed="3,0,0,3,3,131" ten="187,351,250,212" oya="3" hai0="52,2,119,71,19,1,31,53,42,97,5,100,117" hai1="84,60,134,56,22,80,69,21,41,112,34,87,25" hai2="115,14,120,46,103,35,86,93,70,109,37,72,108" hai3="77,64,89,40,20,32,30,122,48,58,27,65,81"/><W8/><G122/><T45/><D71/><U129/><E134/><V75/><F35/><W59/><G89/><T98/><D31/><U82/><E112/><V11/><F115/><W106/><G106/><T50/><D19/><U96/><E69/><V43/><F70/><W95/><G95/><T83/><D83/><U135/><E135/><V114/><F114/><W94/><G94/><T13/><D13/><U99/><E129/><V3/><F3/><W128/><G128/><T17/><D17/><U7/><E7/><V23/><F23/><N who="1" m="8713" /><E41/><V33/><F33/><W44/><G32/><T110/><D110/><N who="2" m="42602" /><F120/><W66/><REACH who="3" step="1"/><G8/><REACH who="3" ten="187,351,250,202" step="2"/><T102/><D102/><U105/><E105/><V91/><F103/><W73/><AGARI ba="0,1" hai="20,27,30,40,44,48,58,59,64,65,66,73,77,81" machi="73" ten="30,6000,0" yaku="1,1,2,1,0,1,53,0" doraHai="131" doraHaiUra="111" who="3" fromWho="3" sc="187,-20,351,-20,250,-20,202,70" /><INIT seed="3,1,0,1,3,59" ten="167,331,230,272" oya="3" hai0="22,90,111,117,110,46,79,135,134,108,124,3,48" hai1="69,71,43,10,104,42,77,91,64,11,122,97,116" hai2="9,105,118,102,53,96,15,33,123,54,100,17,34" hai3="66,14,70,13,38,57,7,23,27,130,81,88,29"/><W95/><G38/><T36/><D3/><U107/><E122/><V21/><F118/><W120/><G70/><T113/><D79/><U1/><E77/><V63/><F123/><W51/><G120/><T76/><D76/><U20/><E116/><V37/><F37/><W40/><G130/><T93/><D117/><U18/><E91/><V65/><F102/><W99/><G81/><T25/><D36/><U129/><E129/><V115/><F115/><W75/><G75/><T73/><D73/><U19/><E1/><V131/><F131/><W94/><G7/><T44/><D113/><U119/><E119/><V6/><F33/><W28/><G29/><T56/><D124/><U80/><E80/><V114/><F34/><W32/><G32/><T101/><D101/><U127/><E127/><V112/><F112/><W41/><G95/><T47/><D56/><U61/><E97/><V133/><F133/><W82/><G82/><T49/><D49/><U121/><E121/><V58/><REACH who="2" step="1"/><F114/><REACH who="2" ten="167,331,220,272" step="2"/><W35/><G35/><T50/><D134/><U5/><E107/><V68/><F68/><W125/><G125/><T2/><D135/><U52/><E104/><V92/><F92/><W45/><G41/><T0/><D0/><AGARI ba="1,1" hai="0,6,9,15,17,21,53,54,58,63,65,96,100,105" machi="0" ten="30,7700,0" yaku="1,1,7,1,52,1,53,1" doraHai="59" doraHaiUra="98" who="2" fromWho="0" sc="167,-80,331,0,220,90,272,0" owari="87,-41.3,331,43.1,310,11.0,272,-12.8" /></mjloggm>