<mjloggm ver="2.3"><GO type="225" lobby="0"/><UN n0="%72%69%6F%75%63%68%61%6E" n1="%6D%75%75%73%61%6E%6D%75" n2="%E4%B8%89%E5%88%86%E5%B0%8F%E5%83%A7" n3="%E3%81%AF%E3%82%88%E3%81%8A%E3%81%98%E3%81%95%E3%82%93" dan="16,17,16,17" rate="2216.06,2135.26,2087.50,2135.62" sx="M,F,M,M"/><TAIKYOKU oya="0"/><INIT seed="0,0,0,2,1,91" ten="250,250,250,250" oya="0" hai0="125,30,63,60,22,55,97,120,88,95,78,134,7" hai1="54,130,103,32,17,13,108,62,112,80,15,19,35" hai2="38,56,76,99,24,37,98,89,73,3,66,46,49" hai3="14,58,123,105,131,93,65,85,40,52,72,25,18"/><T1/><D120/><U115/><E108/><V50/><F3/><W57/><G72/><T94/><D125/><U127/><E80/><V79/><F73/><W124/><G105/><T117/><D117/><U42/><E42/><V45/><F24/><W31/><G124/><T102/><D134/><U70/><E103/><V68/><F56/><W23/><G131/><T84/><D78/><U20/><E54/><V74/><F74/><W10/><G123/><T75/><D75/><U87/><E87/><V48/><F89/><N who="3" m="53423" /><G40/><T119/><D119/><U47/><E47/><V135/><F50/><N who="3" m="30871" /><G58/><T116/><D116/><U36/><E36/><V128/><F66/><AGARI ba="0,0" hai="10,14,18,23,25,31,65,66" m="30871,53423" machi="66" ten="30,3900,0" yaku="8,1,52,1,54,1" doraHai="91" who="3" fromWho="2" sc="250,0,250,0,250,-39,250,39" /><INIT seed="1,0,0,4,2,122" ten="250,250,211,289" oya="1" hai0="106,19,49,107,125,72,135,48,124,105,15,18,80" hai1="117,127,90,16,62,56,61,93,4,25,69,114,85" hai2="36,101,26,94,84,50,128,46,70,77,1,17,134" hai3="29,65,120,86,75,20,103,23,64,123,12,37,54"/><U118/><E114/><V95/><F128/><W126/><G75/><T28/><D135/><U2/><E127/><N who="0" m="48713" /><D28/><U24/><E69/><V45/><F134/><W14/><G126/><T82/><D72/><U42/><E2/><V71/><F1/><W112/><G29/><T30/><D30/><U131/><E4/><V79/><F36/><W13/><G37/><T33/><D33/><U0/><E0/><V43/><F71/><W78/><G103/><T21/><D18/><U66/><E131/><V63/><F46/><W81/><G112/><T121/><D121/><U132/><E132/><V129/><F129/><W133/><G133/><T91/><D91/><U3/><E3/><V57/><F70/><W10/><G10/><T68/><D68/><U5/><E5/><V67/><F101/><W8/><G8/><T98/><D98/><U58/><E42/><V11/><F11/><W44/><G123/><T108/><D108/><U87/><E87/><V100/><F100/><W97/><G97/><T41/><D48/><U34/><E34/><V104/><F104/><N who="0" m="26626" /><T88/><DORA hai="96" /><D88/><U40/><E40/><V27/><F27/><W22/><G120/><T7/><D7/><U83/><E25/><V113/><F113/><W38/><G38/><T109/><D109/><U115/><E93/><N who="2" m="35339" /><F84/><W39/><G39/><T76/><D76/><U119/><E115/><V130/><F130/><W9/><G9/><T73/><D73/><U52/><REACH who="1" step="1"/><E117/><REACH who="1" ten="250,240,211,289" step="2"/><V116/><F116/><W102/><G86/><T74/><D74/><U60/><E60/><V99/><F99/><W111/><G111/><RYUUKYOKU ba="0,1" sc="250,10,240,10,211,10,289,-30" hai0="15,19,21,41,49,80,82" hai1="16,24,52,56,58,61,62,66,83,85,90,118,119" hai2="17,26,43,45,50,57,63,67,77,79" /><INIT seed="1,1,1,2,5,94" ten="260,250,221,259" oya="1" hai0="36,18,62,75,3,53,88,58,113,25,8,82,96" hai1="104,101,111,47,27,4,80,70,9,109,16,0,115" hai2="20,22,38,126,114,30,118,130,83,123,28,37,90" hai3="44,74,2,50,134,46,119,78,127,102,43,120,48"/><U95/><E115/><V10/><F118/><W73/><G120/><T116/><D113/><U7/><E70/><V107/><F123/><W84/><G2/><T39/><D116/><U129/><E104/><V6/><F114/><W29/><G119/><T33/><D75/><U60/><E129/><V21/><F130/><W11/><G11/><T121/><D121/><U105/><E105/><V59/><F107/><W49/><G102/><T97/><D33/><U71/><E47/><V79/><F126/><W125/><G29/><T132/><D132/><U117/><E80/><V61/><F90/><W133/><G84/><N who="0" m="50199" /><D3/><U14/><E117/><V91/><F91/><W68/><G68/><T31/><D36/><U35/><E35/><V135/><F135/><N who="3" m="51723" /><G78/><T99/><D39/><U63/><E27/><V108/><F38/><N who="3" m="21623" /><G46/><T67/><D31/><U92/><E71/><V54/><F37/><W69/><G69/><T112/><D112/><U77/><E77/><V15/><REACH who="2" step="1"/><F108/><REACH who="2" ten="260,250,211,259" step="2"/><N who="1" m="41545" /><E101/><V124/><F124/><AGARI ba="1,2" hai="48,49,50,73,74,124,125,127" m="21623,51723" machi="124" ten="40,2600,0" yaku="18,1,20,1" doraHai="94" who="3" fromWho="2" sc="260,0,250,0,211,-29,259,49" /><INIT seed="2,0,0,2,2,37" ten="260,250,182,308" oya="2" hai0="53,61,107,51,13,63,18,30,106,135,22,15,115" hai1="102,74,110,64,85,112,2,62,3,99,113,68,109" hai2="7,10,23,93,131,79,4,91,33,0,78,16,36" hai3="6,117,45,86,38,132,17,11,77,32,58,124,76"/><V5/><F33/><W98/><G117/><T128/><D115/><N who="1" m="44107" /><E85/><V19/><F131/><W26/><G124/><T120/><D135/><U35/><E74/><V70/><F70/><W31/><G132/><T40/><D120/><U105/><E35/><V82/><F36/><W127/><G127/><T60/><D128/><U72/><E72/><V100/><F100/><W29/><G29/><T67/><D30/><U75/><E75/><V56/><F56/><W88/><G17/><T27/><D67/><U47/><E47/><V104/><F104/><W59/><G98/><T52/><D107/><U83/><E83/><V125/><F125/><W25/><G25/><T28/><D106/><U90/><E90/><V101/><F101/><W12/><G77/><T108/><D108/><AGARI ba="0,0" hai="2,3,62,64,68,99,102,105,108,109,110" m="44107" machi="108" ten="30,2000,0" yaku="14,1,23,1" doraHai="37" who="1" fromWho="0" sc="260,-20,250,20,182,0,308,0" /><INIT seed="3,0,0,1,4,22" ten="240,270,182,308" oya="3" hai0="38,72,16,85,101,134,121,34,19,59,4,32,77" hai1="110,44,46,123,84,56,0,97,15,88,64,128,37" hai2="65,129,18,41,12,31,50,96,87,66,90,55,48" hai3="10,40,49,127,71,89,79,24,27,67,29,82,126"/><W5/><G89/><T105/><D121/><U61/><E0/><V135/><F129/><W131/><G131/><T124/><D38/><U73/><E123/><V100/><F135/><W63/><G29/><T8/><D134/><U45/><E73/><V9/><F41/><W7/><G7/><T3/><D124/><N who="3" m="47657" /><G49/><T58/><D72/><U47/><E128/><V118/><F118/><W20/><G20/><T39/><D39/><U30/><E110/><V91/><F50/><W115/><G40/><T14/><D19/><U83/><E37/><V23/><F31/><W26/><G115/><T69/><D69/><U36/><E36/><V119/><F119/><W103/><G103/><T52/><D59/><U53/><E30/><V42/><F42/><W117/><G117/><T86/><D77/><U130/><E130/><V60/><F23/><W28/><G28/><T33/><D105/><U120/><E120/><V109/><F109/><W133/><G133/><T106/><D106/><U114/><E114/><V112/><F112/><W57/><G71/><T2/><D101/><U1/><E1/><V70/><F87/><N who="3" m="48607" /><G26/><T11/><REACH who="0" step="1"/><D2/><AGARI ba="0,0" hai="2,5,10,24,27,57,63,67" m="48607,47657" machi="2" ten="30,5800,0" yaku="18,1,52,2" doraHai="22" who="3" fromWho="0" sc="240,-58,270,0,182,0,308,58" owari="182,-21.8,270,7.0,182,-31.8,366,46.6" /></mjloggm>