<mjloggm ver="2.3"><GO type="225" lobby="0"/><UN n0="%E3%81%BD%E3%81%A1%E3%81%9F%E3%81%93%E3%82%84" n1="%E5%B8%86%E7%AB%8B%E5%A4%8F%E8%A1%A3" n2="%E4%BF%BA%E3%81%A8%E5%A6%96%E5%A4%A2" n3="%E3%81%BE%E3%81%A8%E3%81%9F" dan="17,17,16,16" rate="2217.21,2172.42,2143.92,2139.45" sx="M,M,F,M"/><TAIKYOKU oya="0"/><INIT seed="0,0,0,2,0,63" ten="250,250,250,250" oya="0" hai0="55,12,87,108,52,79,22,59,57,111,54,60,77" hai1="100,121,65,1,71,73,39,61,32,38,51,43,47" hai2="25,106,36,2,99,49,34,28,89,20,27,96,104" hai3="133,70,13,8,85,68,86,78,30,94,45,88,114"/><T3/><D3/><U31/><E121/><V23/><F2/><W127/><G114/><T69/><D69/><U53/><E73/><V112/><F36/><W42/><G133/><T75/><D75/><U48/><E1/><V9/><F112/><W107/><G107/><T116/><D116/><U117/><E117/><V62/><F9/><W17/><G127/><T84/><D12/><U46/><E100/><V4/><F4/><W132/><G132/><T58/><D22/><U83/><E83/><V91/><F62/><W101/><G101/><T16/><D16/><U90/><E90/><V6/><F6/><W125/><G125/><T67/><D60/><N who="1" m="40359" /><E31/><V74/><F49/><W81/><REACH who="3" step="1"/><G30/><REACH who="3" ten="250,250,250,240" step="2"/><T130/><D67/><U66/><E32/><V134/><F134/><W5/><G5/><T18/><D18/><U35/><E35/><V72/><F28/><W135/><G135/><T15/><D130/><U10/><E10/><V41/><F34/><W113/><G113/><T37/><D37/><AGARI ba="0,1" hai="8,13,17,37,42,45,68,70,78,81,85,86,88,94" machi="37" ten="30,3900,0" yaku="1,1,7,1,54,1,53,0" doraHai="63" doraHaiUra="110" who="3" fromWho="0" sc="250,-39,250,0,250,0,240,49" /><INIT seed="1,0,0,4,4,118" ten="211,250,250,289" oya="1" hai0="45,99,2,13,51,59,104,37,42,81,83,122,84" hai1="128,29,70,47,34,22,114,9,5,19,85,103,56" hai2="111,82,0,6,27,80,39,109,96,77,69,97,16" hai3="67,52,127,126,62,98,133,12,30,110,32,10,107"/><U108/><E70/><V17/><F69/><N who="3" m="42231" /><G110/><N who="2" m="41993" /><F39/><W53/><G133/><T132/><D2/><U65/><E108/><V88/><F27/><N who="3" m="18527" /><G98/><N who="2" m="37993" /><F6/><N who="3" m="3159" /><G107/><T125/><D132/><U63/><E114/><V130/><F130/><W113/><G113/><T4/><D122/><U135/><E128/><V94/><F0/><W101/><G101/><T8/><D37/><U35/><E103/><V60/><F60/><W61/><G61/><T95/><D104/><U90/><E135/><V24/><F24/><W79/><G79/><T78/><D83/><N who="2" m="31786" /><F77/><W115/><G115/><T58/><REACH who="0" step="1"/><D125/><AGARI ba="0,0" hai="52,53,125,126,127" m="3159,18527,42231" machi="125" ten="30,2000,0" yaku="18,1,54,1" doraHai="118" who="3" fromWho="0" sc="211,-20,250,0,250,0,289,20" /><INIT seed="2,0,0,5,4,9" ten="191,250,250,309" oya="2" hai0="114,28,92,91,88,70,121,120,2,16,27,1,17" hai1="4,100,85,101,134,113,112,29,95,18,98,65,40" hai2="86,66,39,10,76,55,110,131,57,22,23,105,106" hai3="44,107,122,34,111,102,84,6,127,89,41,74,35"/><V87/><F39/><W128/><G122/><T53/><D70/><U48/><E134/><V117/><F117/><W96/><G74/><T123/><D114/><U132/><E132/><V37/><F37/><W115/><G115/><T33/><D53/><U56/><E4/><V58/><F131/><W3/><G128/><T108/><D108/><U77/><E29/><V103/><F110/><W32/><G127/><T36/><D36/><U78/><E101/><V63/><F103/><W61/><G61/><T135/><D135/><U13/><E113/><V24/><F22/><W62/><G62/><T20/><D17/><U64/><E112/><V21/><F21/><W46/><G41/><T5/><D5/><U94/><E94/><V68/><F10/><W97/><G102/><T69/><D69/><U99/><E99/><N who="3" m="37962" /><G107/><T133/><D133/><U82/><E78/><V50/><F68/><W7/><G3/><T43/><D43/><U30/><E30/><V79/><F105/><W12/><G6/><T126/><D126/><U60/><E40/><V90/><F106/><W109/><G111/><T129/><D129/><U19/><E48/><V54/><F66/><W119/><G119/><T11/><D11/><N who="1" m="6463" /><E65/><V104/><F104/><W124/><G124/><T130/><D130/><U73/><E73/><V26/><F50/><W71/><G71/><T125/><D125/><U45/><E19/><V72/><F72/><W116/><G116/><T81/><D16/><U14/><E14/><V25/><F23/><W52/><G109/><T67/><D121/><U93/><E93/><N who="2" m="54487" /><F87/><W49/><G49/><RYUUKYOKU ba="0,0" sc="191,-15,250,15,250,15,309,-15" hai1="45,56,60,64,77,82,85,95,98,100" hai2="24,25,26,54,55,57,58,63,76,79" /><INIT seed="2,1,0,1,0,26" ten="176,265,265,294" oya="2" hai0="104,77,115,37,36,50,119,22,76,47,89,78,43" hai1="65,129,112,68,110,3,128,51,55,126,123,29,12" hai2="46,100,124,40,66,91,86,74,45,103,52,121,116" hai3="120,114,105,122,25,64,1,95,133,69,102,57,132"/><V8/><F116/><W92/><G1/><T60/><D119/><U88/><E3/><V10/><F121/><N who="3" m="46699" /><G57/><T94/><D115/><U23/><E112/><V54/><F74/><W59/><G59/><T17/><D104/><U82/><E123/><V42/><F124/><W13/><G13/><T67/><D94/><N who="3" m="35881" /><G25/><T27/><REACH who="0" step="1"/><D89/><REACH who="0" ten="166,265,265,294" step="2"/><U31/><E126/><V75/><F91/><W0/><G114/><T87/><D87/><N who="1" m="50295" /><E110/><V80/><F86/><W79/><G105/><T21/><D21/><U108/><E108/><V81/><F75/><W2/><G102/><T63/><D63/><N who="1" m="39999" /><E23/><V49/><F49/><W62/><G79/><T4/><D4/><U19/><E19/><V56/><F100/><W16/><G16/><T125/><D125/><U101/><E101/><V41/><F103/><W15/><G62/><T7/><D7/><U107/><E107/><V83/><F83/><W24/><G132/><T134/><D134/><U84/><E84/><V5/><F81/><W97/><G133/><T127/><D127/><U99/><E99/><V106/><F80/><W6/><G97/><T9/><D9/><U30/><E12/><V61/><F106/><W39/><G15/><T109/><D109/><U70/><E70/><AGARI ba="1,1" hai="17,22,27,36,37,43,47,50,60,67,70,76,77,78" machi="70" ten="40,2600,0" yaku="1,1,53,1" doraHai="26" doraHaiUra="38" who="0" fromWho="1" sc="166,39,265,-29,265,0,294,0" /><INIT seed="3,0,0,4,2,1" ten="205,236,265,294" oya="3" hai0="73,35,45,40,74,15,110,83,113,90,130,106,27" hai1="96,97,117,53,64,105,88,37,95,59,77,51,6" hai2="24,16,38,23,55,21,50,115,34,19,104,48,92" hai3="93,75,25,8,76,42,112,56,131,129,43,127,87"/><W100/><G112/><T44/><D113/><U86/><E37/><V26/><F115/><W17/><G127/><T30/><D110/><U12/><E117/><V46/><F104/><W80/><G56/><T2/><D2/><U67/><E105/><V116/><F116/><W125/><G125/><T101/><D130/><N who="3" m="49673" /><G100/><T84/><D44/><U126/><E126/><V119/><F119/><W3/><G3/><T29/><D29/><U63/><E77/><V82/><F34/><W107/><G107/><T120/><D120/><U41/><E41/><N who="3" m="15370" /><G93/><T108/><D108/><U70/><E67/><V114/><F114/><W52/><G52/><T69/><D69/><U68/><E68/><V134/><F82/><W54/><G54/><T128/><D128/><U10/><AGARI ba="0,0" hai="6,10,12,51,53,59,63,64,70,86,88,95,96,97" machi="10" ten="30,4000,0" yaku="0,1,52,1,54,1" doraHai="1" who="1" fromWho="1" sc="205,-10,236,40,265,-10,294,-20" /><INIT seed="4,0,0,3,0,102" ten="195,276,255,274" oya="0" hai0="75,128,16,87,51,125,68,94,69,38,20,9,43" hai1="132,33,53,83,66,108,54,8,73,101,81,91,7" hai2="110,67,127,25,0,107,22,61,39,109,119,48,47" hai3="80,135,62,32,3,117,76,26,126,111,90,2,113"/><T71/><D75/><U92/><E33/><V45/><F0/><W99/><G111/><T14/><D128/><U13/><E108/><V36/><F127/><W56/><G117/><T50/><D125/><U41/><E132/><V58/><F119/><W85/><G113/><T4/><D38/><U103/><E41/><V88/><F107/><W19/><G135/><T133/><D133/><U28/><E28/><V59/><F59/><W86/><G99/><T112/><D112/><U74/><E66/><V130/><F130/><W72/><G72/><T49/><D43/><U35/><E35/><V10/><F10/><W64/><G126/><T95/><REACH who="0" step="1"/><D87/><REACH who="0" ten="185,276,255,274" step="2"/><U84/><E74/><V114/><F114/><W100/><G85/><T98/><D98/><U134/><E73/><V118/><F118/><W77/><G86/><T131/><D131/><U24/><E134/><V1/><F110/><W122/><G122/><T46/><D46/><U82/><E83/><V31/><F45/><W12/><G80/><T78/><D78/><U65/><E82/><V6/><F109/><W70/><G77/><T44/><D44/><U11/><E81/><V40/><F36/><W60/><G76/><T55/><D55/><U96/><E84/><V129/><F39/><W5/><G64/><T63/><D63/><U15/><E65/><V93/><F129/><W17/><G62/><T105/><D105/><U124/><E124/><V89/><F93/><W116/><G60/><T29/><D29/><U104/><E104/><V120/><F120/><W34/><G116/><T121/><D121/><U106/><E106/><RYUUKYOKU ba="0,1" sc="185,15,276,-15,255,15,274,-15" hai0="4,9,14,16,20,49,50,51,68,69,71,94,95" hai2="1,6,22,25,31,40,47,48,58,61,67,88,89" /><INIT seed="4,1,1,0,3,102" ten="200,261,270,259" oya="0" hai0="79,134,47,23,69,70,28,131,88,60,19,115,67" hai1="76,101,83,44,18,113,91,39,94,4,42,77,26" hai2="82,100,0,24,87,63,99,106,89,120,114,121,109" hai3="33,104,29,13,1,74,119,61,20,130,32,11,49"/><T117/><D115/><U34/><E113/><V103/><F0/><W31/><G74/><T129/><D117/><U21/><E34/><N who="3" m="13418" /><G119/><T71/><D28/><N who="3" m="10825" /><G49/><T43/><D79/><U50/><E39/><V10/><F10/><W41/><G61/><T56/><D134/><U6/><E101/><N who="2" m="62783" /><F24/><W72/><G41/><T57/><D88/><U25/><E25/><V54/><F54/><W14/><G104/><T35/><D35/><U78/><REACH who="1" step="1"/><E83/><REACH who="1" ten="200,251,270,259" step="2"/><V59/><F114/><W12/><G130/><T51/><REACH who="0" step="1"/><D57/><REACH who="0" ten="190,251,270,259" step="2"/><U36/><E36/><V80/><F59/><W68/><G68/><T38/><D38/><U122/><E122/><V37/><F37/><W27/><G72/><T73/><D73/><U133/><E133/><V132/><F132/><W118/><G118/><T124/><D124/><U15/><E15/><AGARI ba="1,3" hai="15,19,23,43,47,51,56,60,67,69,70,71,129,131" machi="15" ten="40,2000,0" yaku="1,1,53,0" doraHai="102" doraHaiUra="123" who="0" fromWho="1" sc="190,53,251,-23,270,0,259,0" /><INIT seed="4,2,0,5,2,25" ten="243,228,270,259" oya="0" hai0="100,62,113,72,90,50,61,64,5,38,71,32,57" hai1="49,125,80,18,21,58,129,30,132,122,110,60,45" hai2="41,7,23,118,135,43,92,74,33,16,85,128,75" hai3="11,42,116,109,73,82,105,8,0,54,89,119,19"/><T24/><D38/><U51/><E122/><V84/><F33/><W44/><G105/><T4/><D113/><U93/><E110/><V46/><F7/><W130/><G109/><T56/><D72/><U66/><E125/><V112/><F112/><W121/><G130/><T31/><D100/><U123/><E132/><V36/><F135/><W126/><G126/><T26/><D26/><N who="1" m="16719" /><E123/><V55/><F41/><W101/><G121/><T102/><D102/><U15/><E129/><V83/><F55/><W3/><G101/><T67/><REACH who="0" step="1"/><D90/><REACH who="0" ten="233,228,270,259" step="2"/><U117/><E117/><V103/><F118/><W98/><G89/><T40/><D40/><U131/><E131/><V6/><F128/><W52/><G42/><T96/><D96/><U70/><E70/><V78/><F74/><W48/><G73/><T88/><D88/><U95/><E80/><V1/><F103/><W77/><G98/><T94/><D94/><N who="1" m="35851" /><E45/><V29/><F92/><W28/><G82/><T97/><D97/><U134/><E134/><V47/><F46/><W106/><G44/><T35/><D35/><U133/><E133/><V13/><F84/><W120/><G120/><T53/><AGARI ba="2,1" hai="4,5,24,31,32,50,53,56,57,61,62,64,67,71" machi="53" ten="30,11700,0" yaku="1,1,0,1,52,1,53,1" doraHai="25" doraHaiUra="20" who="0" fromWho="0" sc="233,133,228,-41,270,-41,259,-41" owari="366,46.6,187,-31.3,229,2.9,218,-18.2" /></mjloggm>