<mjloggm ver="2.3"><GO type="225" lobby="0"/><UN n0="%E6%B4%BE%E9%81%A3%E3%81%AE%E3%82%B8%E3%83%A3%E3%83%83%E3%82%AF" n1="%E3%81%A4%E3%81%A3%E3%81%B1%E3%82%8A%E3%83%9D%E3%83%BC%E3%83%AB" n2="%28%EF%BF%A3%E2%96%BD%EF%BF%A3%29%CE%B4%E2%8C%92%E3%83%BB" n3="%77%72%77%72%77%72%77%72" dan="17,16,16,17" rate="2245.91,2122.39,2219.54,2210.37" sx="M,M,M,M"/><TAIKYOKU oya="0"/><INIT seed="0,0,0,1,1,48" ten="250,250,250,250" oya="0" hai0="64,27,17,113,42,62,43,73,13,51,20,114,133" hai1="79,7,1,32,76,8,118,46,81,74,112,5,98" hai2="68,82,99,95,124,110,115,41,72,107,67,90,11" hai3="85,55,109,123,56,120,21,97,66,6,33,4,53"/><T49/><D73/><U3/><E118/><V91/><F41/><W105/><G33/><T35/><D133/><U31/><E112/><V94/><F67/><W111/><G85/><T26/><D35/><U30/><E32/><V130/><F68/><W15/><G21/><T45/><D113/><U39/><E98/><N who="2" m="57687" /><F11/><N who="3" m="4583" /><G6/><T57/><REACH who="0" step="1"/><D114/><REACH who="0" ten="240,250,250,250" step="2"/><U24/><E74/><V132/><F115/><W47/><G123/><T127/><D127/><U89/><E1/><V119/><F124/><W22/><G120/><T106/><D106/><U18/><E3/><V38/><F132/><W50/><G105/><T14/><D14/><U19/><E24/><V59/><F107/><W129/><G129/><T65/><D65/><U122/><E122/><V10/><F72/><W101/><G66/><T52/><D52/><U121/><E121/><V126/><F126/><W58/><G55/><T9/><D9/><U88/><E8/><V75/><F10/><W69/><G22/><T54/><D54/><U125/><E125/><V117/><F130/><W2/><G2/><T0/><D0/><U28/><E5/><V60/><F117/><W102/><G53/><T44/><AGARI ba="0,1" hai="13,17,20,26,27,42,43,44,45,49,51,57,62,64" machi="44" ten="30,18000,2" yaku="1,1,0,1,9,1,8,1,53,2" doraHai="48" doraHaiUra="40" who="0" fromWho="0" sc="240,190,250,-60,250,-60,250,-60" /><INIT seed="0,1,0,1,3,17" ten="430,190,190,190" oya="0" hai0="57,2,14,89,110,24,131,118,121,107,108,70,66" hai1="132,61,23,9,26,21,38,40,101,30,59,84,97" hai2="95,55,72,4,46,45,114,129,79,117,102,119,52" hai3="91,77,27,60,42,58,88,28,78,41,25,22,63"/><T67/><D2/><U124/><E132/><V120/><F114/><W19/><G28/><T130/><D121/><U6/><E124/><V103/><F120/><W83/><G27/><T39/><D39/><U53/><E38/><V48/><F129/><N who="0" m="49162" /><D118/><N who="2" m="45066" /><F4/><W104/><G104/><T100/><D70/><U43/><E84/><V15/><F15/><W37/><G60/><T98/><D89/><N who="3" m="34377" /><G37/><T16/><D24/><U10/><E23/><V133/><F133/><W65/><G83/><T80/><D80/><U51/><E61/><V44/><F95/><W5/><G5/><T86/><D86/><U116/><E116/><V47/><F55/><W76/><AGARI ba="1,0" hai="19,22,25,41,42,58,63,65,76,77,78" m="34377" machi="76" ten="30,4000,0" yaku="8,1,52,1,54,1" doraHai="17" who="3" fromWho="3" sc="430,-21,190,-11,190,-11,190,43" /><INIT seed="1,0,0,1,5,111" ten="409,179,179,233" oya="1" hai0="76,83,17,98,64,103,56,60,59,124,32,28,58" hai1="95,31,69,36,71,112,78,55,102,77,114,8,131" hai2="15,48,6,91,11,53,96,97,18,133,50,75,74" hai3="119,134,110,7,101,61,37,43,86,88,47,9,23"/><U79/><E131/><V104/><F133/><W115/><G115/><T118/><D118/><U39/><E31/><V81/><F50/><W14/><G110/><T92/><D124/><U120/><E55/><V113/><F113/><N who="1" m="43625" /><E95/><V100/><F6/><W40/><G134/><T33/><D33/><U19/><E19/><V68/><F68/><N who="1" m="26185" /><E8/><V63/><F63/><W106/><G119/><T82/><D32/><U108/><E102/><V34/><F34/><W51/><G61/><T25/><D28/><U22/><E108/><V85/><REACH who="2" step="1"/><F97/><REACH who="2" ten="409,179,169,233" step="2"/><W109/><G109/><T4/><D4/><U20/><E120/><V65/><F65/><W107/><G51/><T52/><D64/><U29/><E29/><V122/><F122/><W57/><G43/><T117/><D98/><U35/><E35/><V3/><F3/><W87/><G40/><T132/><D60/><U135/><E135/><V72/><F72/><W24/><G7/><T94/><D132/><U1/><E1/><V30/><F30/><W127/><G57/><AGARI ba="0,1" hai="11,15,18,48,53,57,74,75,81,85,91,96,100,104" machi="57" ten="30,2000,0" yaku="1,1,7,1,53,0" doraHai="111" doraHaiUra="70" who="2" fromWho="3" sc="409,0,179,0,169,30,233,-20" /><INIT seed="2,0,0,3,5,32" ten="409,179,199,213" oya="2" hai0="95,91,98,5,112,61,119,43,113,81,92,64,85" hai1="57,7,104,49,67,50,118,107,65,26,101,63,77" hai2="82,33,20,94,73,96,22,27,24,42,54,19,16" hai3="78,53,6,70,46,30,72,86,100,11,117,3,106"/><V36/><F33/><W135/><G117/><T56/><D43/><U121/><E118/><V34/><F34/><W116/><G116/><T18/><D119/><U21/><E121/><V99/><F54/><W14/><G70/><T110/><D110/><U17/><E77/><V15/><F15/><W74/><G135/><T37/><D37/><U88/><E67/><V133/><F133/><W87/><G30/><T97/><D5/><U59/><E7/><V0/><F0/><W127/><G127/><T52/><D18/><U8/><E8/><V115/><F115/><W31/><G31/><T120/><D64/><U109/><E109/><V83/><F73/><W25/><G25/><T108/><D120/><U58/><E107/><V131/><F131/><W55/><G14/><T13/><D13/><U41/><E101/><V38/><F42/><W12/><G12/><T66/><D66/><U45/><E104/><V132/><F132/><W123/><G123/><T10/><D10/><U68/><REACH who="1" step="1"/><E88/><REACH who="1" ten="409,169,199,213" step="2"/><V69/><REACH who="2" step="1"/><F69/><REACH who="2" ten="409,169,189,213" step="2"/><W124/><G74/><T126/><D108/><U122/><E122/><V102/><F102/><W39/><G100/><N who="0" m="60455" /><D112/><U4/><E4/><V47/><F47/><W75/><G75/><T90/><D113/><U84/><E84/><V62/><F62/><W129/><G87/><T2/><D2/><U130/><E130/><V134/><F134/><W51/><G129/><T9/><D9/><U40/><E40/><V105/><F105/><W93/><G106/><T128/><D128/><U76/><E76/><V71/><F71/><W23/><G78/><T28/><D85/><RYUUKYOKU ba="0,2" sc="409,-15,169,15,189,15,213,-15" hai1="17,21,26,41,45,49,50,57,58,59,63,65,68" hai2="16,19,20,22,24,27,36,38,82,83,94,96,99" /><INIT seed="2,1,2,4,2,128" ten="394,184,204,198" oya="2" hai0="7,89,107,47,56,100,21,124,51,65,12,40,134" hai1="110,95,44,72,8,54,63,133,126,9,38,114,73" hai2="102,90,13,80,104,33,83,55,57,5,27,17,77" hai3="30,52,24,61,94,68,60,70,76,45,59,2,28"/><V20/><F104/><W75/><G2/><T25/><D89/><U58/><E114/><V36/><F36/><W66/><G30/><T96/><D124/><U118/><E118/><V32/><F102/><W112/><G112/><T122/><D122/><U103/><E126/><V123/><F123/><W115/><G115/><T99/><D99/><U14/><E110/><V0/><F0/><W29/><G29/><T125/><D125/><U111/><E111/><V48/><F90/><W50/><G94/><T135/><D65/><U15/><E133/><N who="0" m="50697" /><D56/><U62/><E62/><V98/><F98/><W69/><G76/><T37/><D7/><U101/><E95/><V88/><F88/><W132/><G75/><T43/><D12/><U4/><E73/><V91/><F91/><W79/><G79/><T64/><D64/><U130/><E72/><V109/><F109/><W97/><G97/><T113/><D113/><U18/><REACH who="1" step="1"/><E130/><REACH who="1" ten="394,174,204,198" step="2"/><V82/><REACH who="2" step="1"/><F77/><REACH who="2" ten="394,174,194,198" step="2"/><W120/><G132/><T49/><D100/><U117/><E117/><V131/><F131/><W121/><G121/><T93/><D93/><U84/><E84/><V86/><F86/><W46/><G120/><T35/><D96/><U85/><E85/><V3/><F3/><W127/><G127/><T22/><D107/><U81/><E81/><V116/><F116/><W106/><G106/><T26/><D37/><U39/><E39/><V23/><F23/><N who="3" m="15391" /><G60/><T74/><D74/><U105/><E105/><V87/><F87/><W42/><G68/><T119/><D119/><U31/><E31/><V19/><F19/><W78/><G78/><RYUUKYOKU ba="1,4" sc="394,-30,174,10,194,10,198,10" hai1="4,8,9,14,15,18,38,44,54,58,63,101,103" hai2="5,13,17,20,27,32,33,48,55,57,80,82,83" hai3="42,45,46,50,52,59,61,66,69,70" /><INIT seed="2,2,4,4,3,41" ten="364,184,204,208" oya="2" hai0="125,24,30,120,2,126,110,39,15,95,17,5,82" hai1="32,63,91,46,127,81,76,42,113,129,128,22,131" hai2="97,106,75,78,28,3,60,71,43,59,27,68,119" hai3="117,132,87,70,9,54,57,107,80,67,65,86,124"/><V101/><F3/><W73/><G117/><T135/><D110/><U66/><E113/><V90/><F119/><W74/><G107/><T10/><D120/><U23/><E127/><V84/><F43/><W111/><G124/><T35/><D39/><N who="1" m="21855" /><E91/><V36/><F36/><W122/><G111/><T103/><D135/><U53/><E53/><V118/><F118/><W7/><G132/><T38/><D38/><U115/><E32/><V105/><F106/><W55/><G122/><T99/><D82/><U33/><E33/><V13/><F13/><N who="3" m="5311" /><G70/><T83/><D83/><U12/><E12/><V102/><F101/><W11/><G73/><T26/><D26/><U133/><E115/><V34/><F78/><N who="3" m="46359" /><G74/><T48/><D48/><U47/><E47/><V61/><F75/><W112/><G112/><T58/><D58/><N who="1" m="37239" /><E133/><V64/><F61/><N who="3" m="36023" /><G11/><T108/><D108/><U92/><E92/><AGARI ba="2,4" hai="27,28,34,59,60,64,68,71,84,90,92,97,102,105" machi="92" ten="30,1500,0" yaku="7,1" doraHai="41" who="2" fromWho="1" sc="364,0,184,-21,204,61,208,0" /><INIT seed="2,3,0,1,3,37" ten="364,163,265,208" oya="2" hai0="58,19,38,134,18,104,31,68,85,20,99,54,47" hai1="22,126,27,23,130,29,67,39,115,108,49,13,50" hai2="109,92,62,114,133,63,91,8,97,35,64,106,124" hai3="116,75,111,82,127,40,5,24,10,21,71,7,89"/><V12/><F35/><W9/><G116/><T129/><D68/><U60/><E115/><V110/><F114/><W81/><G71/><T2/><D2/><U30/><E108/><N who="2" m="41579" /><F133/><W88/><G111/><T119/><D119/><U100/><E130/><V15/><F124/><W3/><G127/><T59/><D85/><U79/><E126/><V61/><F106/><W94/><G75/><T70/><D70/><U102/><E39/><V77/><F77/><W103/><G103/><T87/><D87/><U121/><E121/><V125/><F125/><W56/><G56/><T122/><D122/><U113/><E113/><V118/><F118/><W34/><G40/><T45/><D38/><U107/><E79/><V93/><F93/><W78/><G78/><T72/><D104/><U28/><E107/><V90/><F90/><W76/><G34/><T52/><D72/><U0/><E0/><V120/><F120/><W16/><G76/><T84/><D84/><U26/><E30/><V33/><F33/><W73/><G73/><T69/><D31/><U11/><E102/><V57/><F15/><W105/><G105/><T4/><D134/><U32/><E100/><V101/><F101/><W55/><G55/><T1/><D52/><U65/><E32/><V6/><AGARI ba="3,0" hai="6,8,12,57,61,62,63,64,91,92,97" m="41579" machi="6" ten="30,3000,0" yaku="14,1,10,1" doraHai="37" who="2" fromWho="2" sc="364,-13,163,-13,265,39,208,-13" /><INIT seed="2,4,0,4,5,14" ten="351,150,304,195" oya="2" hai0="94,23,98,15,35,124,12,63,107,96,66,45,109" hai1="21,122,72,33,26,6,103,50,121,42,3,68,34" hai2="19,73,99,16,58,86,7,2,85,84,53,44,8" hai3="81,43,75,10,55,56,31,135,77,40,70,101,36"/><V62/><F73/><W120/><G120/><N who="1" m="46186" /><E72/><V119/><F119/><W134/><G70/><T88/><D35/><N who="1" m="13323" /><E68/><V28/><F28/><W57/><G31/><T130/><D109/><U129/><E103/><V105/><REACH who="2" step="1"/><F44/><REACH who="2" ten="351,150,294,195" step="2"/><W60/><G135/><T29/><D29/><N who="1" m="17615" /><E129/><V106/><F106/><W54/><G134/><T61/><D107/><U11/><E50/><V133/><F133/><W22/><G36/><T78/><D130/><U83/><E42/><V25/><F25/><W37/><G37/><T30/><D30/><U51/><E51/><V17/><F17/><W123/><G123/><T131/><D131/><U126/><E83/><V24/><F24/><W115/><G40/><T46/><D46/><U92/><E92/><V67/><F67/><W127/><G43/><T9/><D66/><U112/><E112/><V49/><F49/><W110/><G115/><T79/><D45/><U48/><E48/><V132/><F132/><W108/><G81/><T118/><D118/><U102/><E102/><AGARI ba="4,1" hai="2,7,8,16,19,53,58,62,84,85,86,99,102,105" machi="102" ten="40,12000,1" yaku="1,1,52,2,54,1,53,0" doraHai="14" doraHaiUra="125" who="2" fromWho="1" sc="351,0,150,-132,294,142,195,0" /><INIT seed="2,5,0,4,3,88" ten="351,18,436,195" oya="2" hai0="47,72,74,82,62,133,32,52,14,129,49,86,28" hai1="103,15,44,92,96,112,107,80,123,31,90,130,56" hai2="1,51,0,124,54,83,134,75,66,105,43,22,26" hai3="116,118,110,70,76,57,53,109,61,94,131,127,125"/><V13/><F105/><W111/><G76/><T16/><D133/><U97/><E112/><V85/><F75/><W3/><G3/><T93/><D129/><U55/><E130/><V99/><F134/><W89/><G131/><T84/><D62/><U9/><E123/><V78/><F124/><N who="3" m="47691" /><G70/><T122/><D122/><U132/><E132/><V29/><F43/><W114/><G114/><T19/><D19/><U119/><E119/><V37/><F37/><W79/><G79/><T69/><D69/><U121/><E121/><V27/><F66/><W11/><G11/><N who="0" m="6239" /><D32/><U91/><E31/><V17/><F99/><AGARI ba="5,0" hai="53,57,61,89,94,99,109,110,111,116,118" m="47691" machi="99" ten="40,5200,0" yaku="14,1,18,1,52,1" doraHai="88" who="3" fromWho="2" sc="351,0,18,0,436,-67,195,67" /><INIT seed="3,0,0,2,3,20" ten="351,18,369,262" oya="3" hai0="1,34,81,100,94,84,61,83,44,70,25,6,31" hai1="103,15,87,90,23,91,2,43,93,40,110,125,72" hai2="38,66,102,33,79,82,128,121,54,130,119,105,5" hai3="71,106,63,22,117,67,0,48,7,132,78,131,111"/><W57/><G117/><T116/><D116/><U65/><E2/><V36/><F33/><W68/><G106/><T62/><D44/><U49/><E72/><V27/><F119/><W26/><G131/><N who="2" m="50217" /><F121/><W123/><G123/><T98/><D70/><U59/><E110/><V17/><F5/><W37/><G111/><T85/><D6/><U11/><E125/><V80/><F66/><W8/><G37/><N who="2" m="14441" /><F54/><W133/><G78/><T124/><D1/><U53/><E65/><V73/><F82/><W64/><G48/><T21/><D34/><U19/><E103/><V39/><F39/><W9/><G9/><T50/><D50/><U29/><REACH who="1" step="1"/><E91/><REACH who="1" ten="351,8,369,262" step="2"/><V51/><F102/><W115/><G64/><T88/><D124/><U118/><E118/><V12/><F105/><W104/><G104/><T13/><D13/><U112/><E112/><V24/><F51/><W46/><G115/><T107/><D107/><U4/><E4/><V35/><F35/><W108/><G108/><T120/><D120/><U134/><E134/><N who="3" m="51818" /><G46/><T69/><D69/><U127/><E127/><V30/><F30/><AGARI ba="0,1" hai="0,7,8,22,26,30,57,63,67,68,71" m="51818" machi="30" ten="30,2900,0" yaku="20,1,52,1" doraHai="20" who="3" fromWho="2" sc="351,0,8,0,369,-29,262,39" /><INIT seed="3,1,0,4,3,23" ten="351,8,340,301" oya="3" hai0="88,83,18,50,66,134,124,68,21,63,54,31,39" hai1="61,7,48,41,0,44,15,105,84,81,119,78,94" hai2="49,17,86,32,10,120,115,36,118,34,82,16,5" hai3="73,13,122,77,8,102,87,107,90,101,108,28,106"/><W109/><G28/><T60/><D39/><U12/><E105/><N who="3" m="39946" /><G13/><T20/><D124/><U95/><E119/><V99/><F36/><W57/><G8/><T131/><D134/><U127/><E127/><V98/><F118/><W71/><G57/><N who="0" m="32983" /><D131/><U53/><E0/><V26/><F120/><W22/><G22/><T80/><D68/><U37/><E37/><V30/><F115/><W4/><G4/><T116/><D116/><U59/><E15/><V62/><F34/><W74/><G71/><T55/><D66/><U51/><E51/><V132/><F132/><W104/><N who="3" m="39954" /><W64/><DORA hai="72" /><G64/><T110/><D110/><N who="3" m="42601" /><G77/><T103/><D31/><U96/><E96/><V2/><F99/><W65/><G65/><T14/><D21/><U133/><E133/><V35/><F98/><W67/><G67/><T40/><D60/><U46/><E46/><V126/><F62/><W56/><G56/><T24/><D14/><U11/><AGARI ba="1,0" hai="7,11,12,41,44,48,53,59,61,78,81,84,94,95" machi="11" ten="30,8000,1" yaku="0,1,25,2,8,1,52,1" doraHai="23,72" who="1" fromWho="1" sc="351,-21,8,83,340,-21,301,-41" owari="330,43.0,91,-40.9,319,11.9,260,-14.0" /></mjloggm>