<mjloggm ver="2.3"><GO type="225" lobby="0"/><UN n0="%E3%82%A2%E3%83%A1%E3%82%A2%E3%83%A9%E3%83%AC" n1="%68%75%69%68%75%69" n2="%E3%83%A2%E3%83%B3%E3%82%AD%E3%83%BC%E3%83%88%E3%83%AA%E3%83%83%E3%82%AF" n3="%72%69%6F%75%63%68%61%6E" dan="16,16,17,16" rate="2148.85,2086.49,2193.25,2167.59" sx="M,M,M,M"/><TAIKYOKU oya="0"/><INIT seed="0,0,0,0,2,69" ten="250,250,250,250" oya="0" hai0="27,95,38,82,114,68,102,75,79,133,103,92,65" hai1="124,135,5,111,53,77,100,86,29,96,66,32,122" hai2="8,31,63,24,88,84,14,57,17,30,128,42,106" hai3="50,0,15,26,13,99,78,87,37,97,109,54,4"/><T6/><D68/><U127/><E122/><V44/><F106/><W11/><G109/><T21/><D65/><U41/><E5/><V51/><F24/><W74/><G74/><T23/><D114/><U93/><E66/><V81/><REACH who="2" step="1"/><F128/><REACH who="2" ten="250,250,240,250" step="2"/><W115/><G115/><T9/><D27/><U58/><E124/><V90/><F90/><W129/><G129/><T39/><D103/><U55/><E100/><V119/><F119/><W120/><G120/><T46/><D133/><U19/><E127/><V47/><F47/><W18/><G26/><T12/><D46/><U62/><E135/><V101/><F101/><W28/><G28/><T113/><D113/><U94/><E29/><V61/><F61/><W130/><G130/><T67/><D102/><U110/><E110/><V83/><F83/><N who="3" m="47607" /><G37/><T64/><D92/><U3/><E94/><V22/><F22/><N who="3" m="11599" /><G0/><T10/><D95/><U48/><E3/><V76/><F76/><W1/><G1/><T123/><D123/><U91/><E111/><V73/><F73/><W134/><G134/><T70/><D79/><U107/><E77/><V72/><F72/><W80/><G80/><T33/><D82/><U35/><E107/><V126/><F126/><W104/><G104/><T60/><D75/><U98/><E62/><V16/><F16/><W89/><G89/><T125/><D60/><N who="1" m="35919" /><E19/><V7/><F7/><W105/><G105/><T71/><D125/><U121/><E121/><V36/><F36/><W116/><G116/><T117/><D6/><U34/><E96/><V25/><F25/><W85/><G85/><T108/><D117/><RYUUKYOKU ba="0,1" sc="250,-15,250,-15,240,15,250,15" hai2="8,14,17,30,31,42,44,51,57,63,81,84,88" hai3="4,11,15,50,54,97,99" /><INIT seed="1,1,1,4,3,49" ten="235,235,255,265" oya="1" hai0="56,31,69,68,45,33,92,5,41,70,72,115,130" hai1="17,95,52,98,122,87,38,99,102,133,125,27,6" hai2="101,46,43,10,76,16,44,100,59,107,121,81,55" hai3="135,29,40,14,61,53,34,113,20,22,84,24,23"/><U89/><E122/><V62/><F121/><W37/><G113/><T9/><D115/><U19/><E38/><V36/><F107/><W126/><G126/><T18/><D130/><U8/><E125/><V94/><F94/><W7/><G135/><T82/><D18/><U73/><E73/><V30/><F30/><W109/><G109/><T13/><D92/><U120/><E133/><V132/><F132/><W131/><G131/><T71/><N who="0" m="17408" /><DORA hai="124" /><T85/><D72/><U112/><E112/><V75/><REACH who="2" step="1"/><F44/><REACH who="2" ten="235,235,245,265" step="2"/><W117/><G29/><T111/><D111/><U39/><E120/><V3/><F3/><W60/><G34/><T110/><D110/><U103/><E103/><V58/><F58/><W79/><G117/><T80/><D56/><U15/><E99/><V26/><F26/><W0/><G0/><T127/><D127/><U91/><E27/><V28/><F28/><W134/><G24/><T128/><D128/><U66/><E102/><V11/><F11/><N who="3" m="4479" /><G134/><T32/><D31/><U48/><E98/><V88/><F88/><W2/><G2/><T129/><D129/><U54/><E91/><V97/><F97/><W63/><G20/><T67/><D33/><U104/><E104/><V77/><F77/><W21/><G79/><N who="0" m="46239" /><D32/><U50/><E95/><V105/><F105/><W4/><G21/><T78/><D78/><U106/><E106/><V51/><F51/><N who="1" m="19497" /><E39/><V118/><F118/><W35/><G35/><T123/><D123/><U25/><E25/><V90/><F90/><W74/><G22/><T64/><D82/><N who="1" m="49399" /><E66/><V108/><F108/><W116/><G116/><RYUUKYOKU ba="1,2" sc="235,10,235,10,245,10,265,-30" hai0="5,9,13,41,45,64,67" hai1="6,8,15,17,19,52,54" hai2="10,16,36,43,46,55,59,62,75,76,81,100,101" /><INIT seed="1,2,2,1,0,3" ten="245,245,255,235" oya="1" hai0="0,101,81,105,103,82,32,1,109,6,117,10,74" hai1="53,41,14,22,95,19,118,13,65,46,28,5,83" hai2="21,127,104,134,84,76,89,52,15,54,37,34,63" hai3="26,50,129,42,66,135,93,96,60,23,86,47,116"/><U29/><E118/><V24/><F104/><W132/><G116/><T99/><D117/><U102/><E65/><V49/><F37/><W16/><G129/><T30/><D109/><U85/><E53/><V90/><F34/><W94/><G86/><T130/><D130/><U77/><E102/><V17/><F127/><W31/><G31/><T98/><D0/><U2/><E2/><V133/><F63/><W8/><G8/><T87/><D74/><U70/><E95/><V108/><F76/><W75/><G75/><T62/><D62/><U119/><E70/><V36/><F36/><W58/><REACH who="3" step="1"/><G93/><REACH who="3" ten="245,245,255,225" step="2"/><T72/><D72/><U100/><E119/><V20/><F108/><W107/><G107/><T64/><D87/><U128/><E128/><V4/><F133/><W48/><G48/><T115/><D115/><U38/><REACH who="1" step="1"/><E100/><AGARI ba="2,3" hai="16,23,26,42,47,50,58,60,66,94,96,100,132,135" machi="100" ten="40,2600,0" yaku="1,1,54,1,53,0" doraHai="3" doraHaiUra="114" who="3" fromWho="1" sc="245,0,245,-32,255,0,225,62" /><INIT seed="2,0,0,0,4,73" ten="245,213,255,287" oya="2" hai0="91,70,0,78,5,129,8,117,30,38,19,51,75" hai1="26,101,132,103,124,123,36,57,113,12,92,10,96" hai2="95,69,4,27,47,100,18,86,61,35,131,64,22" hai3="50,72,3,31,94,88,49,54,23,99,120,121,126"/><V6/><F131/><W24/><G3/><T84/><D38/><U37/><E113/><V104/><F104/><W79/><G126/><T111/><D70/><U97/><E124/><V116/><F116/><W46/><REACH who="3" step="1"/><G50/><REACH who="3" ten="245,213,255,277" step="2"/><T11/><D51/><U17/><E132/><V45/><F35/><W102/><G102/><T119/><D0/><U25/><E123/><V135/><F135/><W29/><G29/><T42/><D30/><U105/><E36/><V59/><F100/><W85/><G85/><T82/><D84/><U112/><E37/><V32/><F32/><W1/><G1/><T40/><D117/><U55/><REACH who="1" step="1"/><E112/><REACH who="1" ten="245,203,255,277" step="2"/><V41/><F69/><W34/><G34/><T68/><D119/><U109/><E109/><V107/><F107/><W67/><G67/><T2/><D68/><U133/><E133/><V53/><F64/><W90/><G90/><T15/><D91/><U77/><E77/><V60/><F60/><AGARI ba="0,2" hai="10,12,17,25,26,55,57,60,92,96,97,101,103,105" machi="60" ten="30,2000,0" yaku="1,1,7,1,53,0" doraHai="73" doraHaiUra="108" who="1" fromWho="2" sc="245,0,203,40,255,-20,277,0" /><INIT seed="3,0,0,0,2,50" ten="245,243,235,277" oya="3" hai0="49,98,55,58,75,71,104,32,61,53,27,96,11" hai1="128,87,42,16,92,36,134,14,89,113,93,38,102" hai2="0,70,108,2,69,99,8,95,80,125,19,106,107" hai3="126,133,45,82,121,135,43,63,47,129,77,7,127"/><W4/><G121/><T18/><D75/><U52/><E113/><V91/><F108/><W74/><G129/><T97/><D104/><U6/><E128/><V85/><F125/><N who="3" m="47627" /><G63/><T1/><D71/><U31/><E31/><V115/><F115/><W23/><G23/><N who="0" m="13815" /><D1/><U124/><E6/><N who="3" m="2090" /><G43/><T112/><D32/><U59/><E42/><V119/><F119/><W10/><G10/><T5/><D112/><U131/><E134/><AGARI ba="0,0" hai="45,47,74,77,82,133,134,135" m="2090,47627" machi="134" ten="30,2900,0" yaku="20,1,18,1" doraHai="50" who="3" fromWho="1" sc="245,0,243,-29,235,0,277,29" owari="245,4.5,214,-28.6,235,-16.5,306,40.6" /></mjloggm>