<mjloggm ver="2.3"><GO type="225" lobby="0"/><UN n0="%E3%83%B4%E3%83%A0%EF%BC%99%E3%81%A6" n1="%E6%9D%B1%E9%A2%A8%E3%81%AE%E3%81%8D%E3%82%83%E3%81%B7%E3%81%95%E3%82%93" n2="%E3%82%BC%E3%83%AB%E3%83%80%E3%81%AE%E4%BC%9D%E8%AA%AC" n3="%E3%81%B2%E3%81%AA%E3%81%AE%E3%82%8A%E3%81%8F" dan="17,17,18,17" rate="2118.01,2176.95,2195.98,2205.03" sx="M,M,M,M"/><TAIKYOKU oya="0"/><INIT seed="0,0,0,5,3,18" ten="250,250,250,250" oya="0" hai0="104,24,79,74,120,48,42,119,4,86,17,10,7" hai1="26,14,132,37,121,20,56,19,102,63,73,70,110" hai2="97,133,71,33,22,93,49,13,30,46,64,82,28" hai3="122,124,81,111,38,3,109,123,72,125,88,15,58"/><T36/><D36/><U134/><BYE who="0" /><E37/><V128/><F133/><N who="1" m="51305" /><E73/><V52/><F128/><W131/><G3/><UN n0="%E3%83%B4%E3%83%A0%EF%BC%99%E3%81%A6" /><T113/><D113/><U78/><E121/><N who="3" m="46090" /><G38/><T116/><D120/><U91/><E78/><V106/><F106/><W12/><G131/><T35/><D74/><U75/><E75/><V40/><F33/><W114/><G114/><T85/><D104/><U53/><E102/><V31/><F71/><W103/><G103/><T57/><D35/><U65/><E110/><N who="3" m="41994" /><G58/><T135/><D135/><U68/><E65/><V66/><F82/><W45/><G45/><T6/><D57/><U60/><E60/><V69/><F40/><W62/><G62/><T41/><D41/><U67/><E67/><N who="2" m="25643" /><F69/><N who="1" m="26729" /><E91/><N who="2" m="55487" /><F13/><AGARI ba="0,0" hai="13,14,19,20,26,53,56,63" m="26729,51305" machi="13" ten="30,2000,0" yaku="20,1,52,1" doraHai="18" who="1" fromWho="2" sc="250,0,250,20,250,-20,250,0" /><INIT seed="1,0,0,5,5,56" ten="250,270,230,250" oya="1" hai0="87,79,99,48,15,11,57,118,65,111,101,60,44" hai1="69,67,53,81,50,16,28,4,131,21,122,32,66" hai2="110,2,70,34,1,88,134,86,103,113,126,89,3" hai3="112,108,42,125,120,7,0,62,18,5,119,128,43"/><U82/><E122/><V96/><F34/><W90/><G120/><T71/><D118/><U51/><E131/><V129/><F70/><W91/><G112/><T22/><D111/><U23/><E4/><V49/><F110/><W107/><G108/><T68/><D22/><U92/><E32/><V135/><F129/><W35/><G128/><T13/><D87/><U85/><E28/><V123/><F123/><W78/><G35/><T36/><D79/><U58/><E23/><V41/><F113/><W98/><G78/><T24/><D24/><U29/><E29/><V47/><F126/><W106/><G18/><T73/><D36/><U27/><E50/><V39/><F39/><W46/><G98/><T83/><D83/><N who="1" m="31755" /><E69/><V93/><REACH who="2" step="1"/><F86/><REACH who="2" ten="250,270,220,250" step="2"/><W105/><G125/><T59/><D71/><U54/><E85/><V20/><F20/><W114/><G114/><T31/><D68/><U115/><E115/><V132/><AGARI ba="0,1" hai="1,2,3,41,47,49,88,89,93,96,103,132,134,135" machi="132" ten="40,8000,1" yaku="1,1,0,1,20,1,54,1,53,0" doraHai="56" doraHaiUra="55" who="2" fromWho="2" sc="250,-20,270,-40,220,90,250,-20" /><INIT seed="2,0,0,5,2,99" ten="230,230,310,230" oya="2" hai0="112,13,78,111,48,51,134,41,91,45,14,43,36" hai1="4,38,53,85,103,101,83,54,93,23,108,18,58" hai2="77,109,57,130,133,27,90,104,69,135,40,106,64" hai3="33,37,125,126,86,87,118,81,123,120,100,67,114"/><V19/><F69/><W50/><G37/><T21/><D112/><U82/><E38/><V55/><F64/><W11/><G33/><T88/><D111/><U10/><E108/><V80/><F109/><W7/><G114/><T42/><D134/><N who="2" m="51210" /><F40/><W49/><G67/><T70/><D70/><U98/><E101/><V96/><F130/><W95/><G118/><T89/><D36/><U132/><E132/><V56/><F90/><W30/><G30/><T3/><D3/><U32/><E32/><V62/><F96/><W20/><G20/><T102/><D78/><U110/><E110/><V9/><F57/><W113/><G113/><T97/><D21/><U59/><E59/><V73/><F27/><W76/><G120/><T5/><D5/><U15/><E58/><V131/><F131/><W39/><G39/><T26/><D26/><U128/><E128/><V74/><F74/><W121/><G121/><T84/><D84/><U44/><E44/><V2/><F19/><W65/><G65/><T1/><D1/><U24/><REACH who="1" step="1"/><E83/><REACH who="1" ten="230,220,310,230" step="2"/><V8/><F80/><W6/><G81/><T105/><D43/><U68/><E68/><V124/><F56/><W75/><G123/><T79/><D79/><AGARI ba="0,1" hai="4,10,15,18,23,24,53,54,79,82,85,93,98,103" machi="79" ten="30,8000,1" yaku="1,1,7,1,8,1,52,1,53,1" doraHai="99" doraHaiUra="17" who="1" fromWho="0" sc="230,-80,220,90,310,0,230,0" /><INIT seed="3,0,0,0,1,11" ten="150,310,310,230" oya="3" hai0="13,110,60,82,108,24,113,94,73,46,83,93,109" hai1="51,37,43,69,50,75,81,61,42,62,65,78,57" hai2="118,25,16,48,56,47,116,124,28,20,127,41,132" hai3="84,117,123,29,70,102,5,27,130,88,79,22,91"/><W33/><G117/><T39/><D113/><U64/><REACH who="1" step="1"/><E37/><REACH who="1" ten="150,300,310,230" step="2"/><V6/><F132/><W26/><G123/><T131/><D131/><U3/><E3/><V12/><F6/><W67/><G130/><T112/><D112/><U36/><E36/><V106/><F106/><W89/><G5/><T96/><D24/><U68/><E68/><V66/><F66/><W90/><G67/><T32/><D32/><U53/><E53/><V134/><F134/><W97/><G70/><T1/><D1/><U40/><AGARI ba="0,1" hai="40,42,43,50,51,57,61,62,64,65,69,75,78,81" machi="40" ten="30,4000,0" yaku="21,2,0,1,53,0" doraHai="11" doraHaiUra="4" who="1" fromWho="1" sc="150,-10,300,50,310,-10,230,-20" owari="140,-36.0,350,45.0,300,10.0,210,-19.0" /></mjloggm>