<mjloggm ver="2.3"><GO type="225" lobby="0"/><UN n0="%61%69%73%79%6F" n1="%E8%A6%9A%E9%86%92%E3%81%97%E3%81%9F%E3%81%A8%E3%81%BE%E3%81%A8" n2="%E3%81%86%E3%83%BC%E3%81%B1%E3%83%BC" n3="%E3%83%B4%E3%83%A0%EF%BC%99%E3%81%A6" dan="17,18,16,17" rate="2200.56,2206.30,2149.70,2187.83" sx="M,M,F,M"/><TAIKYOKU oya="0"/><INIT seed="0,0,0,3,0,132" ten="250,250,250,250" oya="0" hai0="16,30,5,36,3,43,81,98,52,8,69,32,50" hai1="133,46,115,49,122,35,134,72,94,31,42,51,13" hai2="27,34,86,99,83,117,70,95,7,4,90,45,12" hai3="58,53,61,56,24,123,93,120,66,92,65,106,91"/><T59/><D69/><U80/><E122/><N who="3" m="46634" /><G106/><T48/><D32/><U57/><E115/><V62/><F117/><W73/><G73/><T128/><D30/><U116/><E116/><V2/><F2/><W68/><G66/><T88/><D128/><U126/><E94/><V102/><F45/><W55/><G24/><T107/><D36/><U41/><E13/><V129/><F129/><W6/><G6/><T29/><D29/><U135/><E126/><V131/><F131/><W79/><G79/><T103/><D43/><U101/><E101/><V19/><F27/><W22/><G22/><T21/><D81/><U54/><E31/><V110/><F110/><W40/><G40/><T105/><D88/><U82/><E35/><V130/><F34/><W125/><G125/><T113/><D113/><U25/><E25/><V47/><F47/><W109/><G109/><T28/><D28/><U78/><E80/><V39/><F39/><W75/><G75/><T71/><D71/><U17/><E17/><V67/><REACH who="2" step="1"/><F130/><REACH who="2" ten="250,250,240,250" step="2"/><W104/><G104/><T76/><D107/><U38/><REACH who="1" step="1"/><E41/><REACH who="1" ten="250,240,240,250" step="2"/><V100/><F100/><W0/><G0/><T85/><D105/><U87/><E87/><V89/><F89/><W63/><G91/><T127/><D85/><U97/><E97/><V15/><F15/><W33/><G33/><T64/><D98/><U74/><E74/><V26/><F26/><W119/><G119/><T108/><D103/><U77/><E77/><V114/><F114/><W118/><G118/><T111/><D76/><U18/><E18/><V9/><AGARI ba="0,2" hai="4,7,9,12,19,62,67,70,83,86,90,95,99,102" machi="9" ten="20,5200,0" yaku="1,1,0,1,7,1,53,1" doraHai="132" doraHaiUra="14" who="2" fromWho="2" sc="250,-26,240,-13,240,72,250,-13" /><INIT seed="1,0,0,1,3,114" ten="224,227,312,237" oya="1" hai0="53,92,1,79,67,84,38,102,46,13,33,10,19" hai1="18,130,106,36,109,7,122,37,119,16,65,101,15" hai2="93,52,97,113,14,34,48,62,3,105,43,127,82" hai3="68,27,99,40,17,2,76,8,123,117,6,124,120"/><U30/><E122/><V24/><F3/><W72/><G68/><T112/><D33/><U110/><E130/><V125/><F105/><W111/><G40/><T69/><D112/><U63/><E30/><V91/><F62/><W5/><G99/><T100/><D69/><N who="1" m="42175" /><E7/><V66/><F66/><W96/><G96/><T22/><D67/><U95/><E106/><V29/><F43/><W50/><G50/><N who="0" m="28887" /><D1/><U90/><E101/><N who="0" m="39017" /><D38/><N who="1" m="14955" /><E15/><V61/><F61/><W89/><G2/><T73/><D73/><U9/><E9/><V44/><F113/><W86/><G72/><T4/><D4/><U39/><E119/><V94/><F94/><W132/><G8/><T131/><D131/><U41/><E41/><V59/><F82/><W77/><G5/><T21/><D92/><U60/><E60/><V104/><F104/><W56/><G6/><T54/><D54/><U51/><E51/><V81/><F81/><AGARI ba="0,0" hai="10,13,19,21,22,79,81,84" m="39017,28887" machi="81" ten="30,1000,0" yaku="8,1" doraHai="114" who="0" fromWho="2" sc="224,10,227,0,312,-10,237,0" /><INIT seed="2,0,0,3,0,132" ten="234,227,302,237" oya="2" hai0="95,91,102,15,111,88,32,90,131,107,117,47,109" hai1="64,30,84,125,1,8,49,97,27,73,4,135,106" hai2="43,113,134,13,38,93,98,35,123,122,124,108,104" hai3="116,56,112,25,96,60,127,114,86,55,115,59,29"/><V87/><F113/><W130/><G116/><T50/><D32/><U33/><E135/><V24/><F134/><W105/><G130/><T82/><D131/><U81/><E73/><V80/><F104/><W94/><G105/><T78/><D117/><U16/><E64/><V100/><F108/><N who="0" m="41546" /><D15/><U54/><E125/><V58/><F124/><W45/><G86/><N who="0" m="48471" /><D102/><U31/><E30/><V126/><F126/><W76/><G76/><T133/><D107/><U0/><E0/><V34/><F58/><N who="3" m="34911" /><G45/><T22/><D22/><U53/><E49/><V69/><F13/><W7/><G7/><T70/><D70/><U40/><E40/><V103/><F103/><N who="3" m="60823" /><G127/><T121/><D121/><U18/><E106/><V65/><F65/><W83/><G83/><T74/><D74/><U20/><E97/><V21/><F69/><W77/><G77/><T23/><D133/><U36/><E36/><V6/><F6/><W61/><G61/><T119/><D119/><U39/><E39/><V2/><F2/><W48/><G48/><T9/><D95/><U28/><E31/><N who="2" m="17807" /><F123/><W75/><G75/><T10/><D47/><U71/><E71/><V42/><F122/><W51/><G51/><T14/><D50/><U68/><E68/><V67/><F38/><W26/><G26/><T63/><D63/><U128/><E128/><V79/><F67/><W52/><G52/><N who="1" m="20074" /><E33/><AGARI ba="0,0" hai="25,29,33,56,59,112,114,115" m="60823,34911" machi="33" ten="30,1000,0" yaku="11,1" doraHai="132" who="3" fromWho="1" sc="234,0,227,-10,302,0,237,10" /><INIT seed="3,0,0,0,0,50" ten="234,217,302,247" oya="3" hai0="40,3,107,69,84,14,60,62,112,61,99,133,5" hai1="17,28,125,96,58,126,118,67,116,13,121,117,30" hai2="103,21,101,0,132,82,72,76,29,55,59,75,89" hai3="27,57,130,8,105,23,86,64,68,37,2,77,4"/><W38/><G68/><T9/><D133/><U123/><E96/><V33/><F0/><W56/><G105/><T90/><D112/><U92/><E92/><V7/><F33/><W127/><G127/><N who="1" m="48650" /><E58/><V15/><F75/><W115/><G115/><T1/><D40/><U83/><E83/><V87/><F132/><W6/><G6/><T44/><D44/><U95/><E95/><V129/><F129/><W74/><G74/><T11/><D69/><U12/><E67/><V42/><F42/><W114/><G114/><T32/><D107/><U122/><E12/><V48/><F29/><W49/><G130/><T19/><D99/><U79/><E79/><V109/><F109/><W65/><G65/><T93/><D1/><U124/><N who="1" m="48658" /><U97/><DORA hai="71" /><E97/><V104/><F104/><W73/><G73/><T131/><D131/><U18/><E18/><N who="2" m="10463" /><F7/><W66/><G66/><T134/><D134/><U119/><N who="1" m="29696" /><DORA hai="110" /><U20/><AGARI ba="0,0" hai="13,17,20,28,30,121,122,123" m="29696,48658" machi="20" ten="80,8000,1" yaku="4,1,18,1,12,1,34,2" doraHai="50,71,110" who="1" fromWho="1" sc="234,-20,217,80,302,-20,247,-40" /><INIT seed="4,0,0,2,4,56" ten="214,297,282,207" oya="0" hai0="81,18,113,66,32,135,8,80,77,38,96,45,6" hai1="26,93,116,121,51,71,17,105,76,133,49,53,120" hai2="127,0,10,52,98,44,36,122,2,123,119,131,37" hai3="90,34,86,3,101,102,114,61,42,115,103,30,82"/><T91/><D113/><N who="3" m="43017" /><G3/><T62/><D135/><U109/><E105/><V97/><F131/><W106/><G42/><T13/><D32/><U59/><E116/><V69/><F69/><W112/><N who="3" m="43025" /><W111/><DORA hai="20" /><G111/><T70/><D96/><U124/><E109/><V29/><F29/><W64/><G30/><T46/><D91/><U16/><E71/><V95/><F98/><N who="3" m="61751" /><G34/><T74/><D81/><U84/><E133/><V100/><F127/><W55/><G55/><T25/><REACH who="0" step="1"/><D38/><REACH who="0" ten="204,297,282,207" step="2"/><U85/><E124/><V43/><F37/><W21/><G21/><AGARI ba="0,1" hai="6,8,13,18,21,25,45,46,62,66,70,74,77,80" machi="21" ten="40,12000,1" yaku="1,1,2,1,52,2,53,1" doraHai="56,20" doraHaiUra="89,1" who="0" fromWho="3" sc="204,130,297,0,282,0,207,-120" owari="334,43.4,297,9.7,282,-11.8,87,-41.3" /></mjloggm>