<mjloggm ver="2.3"><GO type="225" lobby="0"/><UN n0="%E5%BA%97%E9%95%B7%4D" n1="%E3%81%BF%E3%81%BF%E3%81%9A" n2="%4C%4F%4C%49%54%41" n3="%E3%83%89%E3%83%A9%E3%81%8F%E3%82%8C" dan="16,17,16,16" rate="2115.81,2285.35,2167.26,2177.02" sx="M,M,F,M"/><TAIKYOKU oya="0"/><INIT seed="0,0,0,4,2,135" ten="250,250,250,250" oya="0" hai0="57,92,24,55,89,14,1,133,22,117,26,8,69" hai1="103,32,94,85,81,50,87,27,53,107,37,52,80" hai2="97,95,118,93,120,114,20,123,122,9,35,63,102" hai3="108,109,10,70,100,56,96,98,7,48,6,88,4"/><T127/><D69/><U34/><E37/><V49/><F35/><W44/><G70/><T42/><D117/><U68/><E68/><V128/><F114/><W29/><G29/><T40/><D133/><U72/><E107/><V11/><F128/><W31/><G31/><N who="0" m="17815" /><D1/><U66/><E66/><V51/><F118/><W105/><G56/><T77/><D77/><U130/><E130/><V30/><F63/><W33/><G33/><T74/><D26/><U18/><E72/><V83/><F83/><W99/><G10/><T54/><D74/><U71/><E71/><V47/><F95/><W5/><N who="3" m="1024" /><DORA hai="91" /><W115/><G115/><T62/><D54/><U101/><E27/><V79/><F79/><W21/><G21/><T116/><D127/><U104/><E104/><V129/><F129/><W131/><G131/><T132/><D132/><U28/><E28/><V106/><F30/><W16/><G16/><N who="0" m="8263" /><D116/><U76/><E76/><V23/><F23/><W67/><G67/><T58/><D58/><U12/><E12/><V113/><F20/><W46/><G46/><T61/><D61/><U60/><E60/><V45/><F113/><W126/><G126/><T121/><D121/><U112/><E112/><V65/><F65/><W0/><G0/><T90/><D90/><U2/><E2/><V119/><F119/><W59/><G59/><T125/><D125/><U73/><E73/><V110/><F122/><W36/><G36/><T39/><D39/><U17/><E50/><V86/><F120/><W134/><G134/><T84/><AGARI ba="0,0" hai="40,42,55,57,62,84,89,92" m="8263,17815" machi="84" ten="30,6000,0" yaku="8,1,52,1,54,1" doraHai="135,91" who="0" fromWho="0" sc="250,60,250,-20,250,-20,250,-20" /><INIT seed="0,1,0,0,5,71" ten="310,230,230,230" oya="0" hai0="46,51,97,101,49,13,113,65,58,48,76,56,64" hai1="119,24,95,134,18,2,103,69,20,3,7,50,44" hai2="54,40,126,26,67,16,130,108,89,102,93,53,60" hai3="37,35,74,1,59,98,43,75,107,41,110,80,21"/><T117/><D113/><U105/><E119/><V118/><F108/><W88/><G110/><T77/><D117/><U36/><E69/><V122/><F118/><W42/><G35/><T82/><D13/><U9/><E105/><V112/><F112/><W52/><G1/><T123/><D46/><U70/><E70/><V72/><F72/><W100/><G37/><T19/><D19/><U79/><E134/><V22/><F122/><W78/><G21/><T85/><D77/><U23/><E79/><V120/><F120/><W30/><G30/><T62/><D123/><U83/><E83/><V31/><F126/><W39/><G88/><T57/><REACH who="0" step="1"/><D62/><REACH who="0" ten="300,230,230,230" step="2"/><U68/><E3/><V32/><F40/><W11/><G11/><T61/><D61/><U124/><E9/><V12/><F130/><W90/><G75/><T99/><D99/><U87/><E124/><V0/><F0/><W4/><G4/><T25/><D25/><U91/><E7/><V94/><F60/><W132/><G132/><T114/><D114/><U34/><E2/><V45/><F45/><W47/><REACH who="3" step="1"/><G90/><REACH who="3" ten="300,230,230,220" step="2"/><T38/><D38/><U84/><E36/><V115/><F115/><W81/><G81/><T135/><D135/><U116/><E116/><V55/><F89/><W109/><G109/><T129/><D129/><U33/><E84/><V5/><F5/><W104/><G104/><AGARI ba="1,2" hai="48,49,51,56,57,58,64,65,76,82,85,97,101,104" machi="104" ten="40,2000,0" yaku="1,1,53,0" doraHai="71" doraHaiUra="121" who="0" fromWho="3" sc="300,43,230,0,230,0,220,-23" /><INIT seed="0,2,0,4,4,28" ten="343,230,230,197" oya="0" hai0="94,115,69,90,109,14,74,31,95,67,121,107,68" hai1="117,3,112,48,36,100,82,118,73,10,92,19,76" hai2="132,85,126,27,49,12,33,20,99,45,13,63,52" hai3="105,130,0,59,39,9,129,38,103,133,54,7,111"/><T35/><D107/><U71/><E71/><V42/><F126/><W32/><G111/><T79/><D115/><U26/><E112/><V21/><F132/><W135/><G103/><T81/><D121/><U123/><E123/><V25/><F33/><W131/><G105/><T72/><D72/><U114/><E114/><V86/><F99/><W66/><G66/><T122/><D122/><U128/><E36/><V116/><F116/><W98/><G98/><T88/><D109/><U22/><E128/><V6/><F63/><W75/><G75/><T30/><D14/><N who="2" m="5738" /><F6/><W101/><G101/><T106/><D106/><U91/><E100/><V93/><F42/><W125/><G32/><T84/><D67/><U97/><REACH who="1" step="1"/><E48/><REACH who="1" ten="343,220,230,197" step="2"/><V108/><F108/><W16/><G125/><T24/><D31/><U47/><E47/><V4/><F45/><W104/><G104/><T60/><D60/><U5/><AGARI ba="2,1" hai="3,5,10,19,22,26,73,76,82,91,92,97,117,118" machi="5" ten="30,4000,0" yaku="1,1,0,1,53,1" doraHai="28" doraHaiUra="18" who="1" fromWho="1" sc="343,-22,220,56,230,-12,197,-12" /><INIT seed="1,0,0,4,0,28" ten="321,276,218,185" oya="1" hai0="8,11,14,21,131,1,73,58,40,0,37,75,72" hai1="24,76,57,20,125,59,117,110,104,77,86,34,53" hai2="112,51,48,45,134,126,106,2,26,130,6,62,69" hai3="133,17,32,108,71,99,95,135,78,85,98,7,55"/><U89/><E117/><V124/><F106/><W114/><G71/><T101/><D131/><U119/><E119/><V103/><F103/><W116/><G114/><T87/><D101/><U9/><E104/><V4/><F112/><W61/><G116/><T121/><D121/><U81/><E125/><N who="2" m="48235" /><F134/><N who="3" m="51211" /><G108/><T3/><D58/><U68/><E68/><V96/><F96/><W100/><G7/><T128/><D87/><U42/><E110/><V80/><F130/><W107/><G17/><T33/><D128/><U31/><E42/><V35/><F80/><N who="3" m="47255" /><G55/><T122/><D122/><U88/><E9/><N who="2" m="2199" /><F45/><W39/><G61/><T44/><D21/><U52/><E77/><V47/><F6/><W18/><G18/><T41/><D41/><U113/><E113/><V92/><F47/><W12/><G12/><T90/><D90/><U67/><E67/><N who="2" m="41207" /><F92/><W13/><G39/><T94/><D94/><U111/><E111/><V46/><F46/><W27/><G13/><T82/><D82/><U25/><E57/><V63/><F63/><W102/><G27/><T105/><D105/><U23/><E53/><V65/><F65/><W127/><G127/><T120/><D120/><U36/><E36/><V64/><F64/><W97/><G97/><T132/><D132/><U10/><E10/><V109/><F109/><W49/><G49/><T74/><N who="0" m="18432" /><DORA hai="123" /><T30/><D14/><U118/><E118/><V22/><F22/><W50/><G50/><T15/><D15/><U29/><E20/><V5/><F5/><W43/><G43/><T70/><D70/><U19/><E19/><V115/><F115/><RYUUKYOKU ba="0,0" sc="321,0,276,0,218,0,185,0" hai0="0,1,3,8,11,30,33,37,40,44" hai1="23,24,25,29,31,34,52,59,76,81,86,88,89" hai2="26,35,48,51" hai3="32,95,98,99,100,102,107" /><INIT seed="1,1,0,5,3,97" ten="321,276,218,185" oya="1" hai0="76,16,91,50,59,46,52,33,103,48,87,80,34" hai1="25,71,129,32,134,111,77,126,54,119,24,2,124" hai2="82,61,85,88,116,75,8,120,65,56,44,14,133" hai3="113,39,5,49,31,109,19,10,12,41,3,62,37"/><U121/><RYUUKYOKU type="yao9" ba="1,0" sc="321,0,276,0,218,0,185,0" hai1="2,24,25,32,54,71,77,111,119,121,124,126,129,134" /><INIT seed="1,2,0,0,4,12" ten="321,276,218,185" oya="1" hai0="97,128,64,5,61,32,76,62,85,29,84,99,37" hai1="22,118,131,127,109,65,26,19,17,60,63,20,30" hai2="91,66,39,126,9,16,120,89,69,55,36,31,98" hai3="117,104,13,35,45,18,80,54,14,121,81,106,58"/><U115/><E115/><V119/><F119/><W0/><G0/><T103/><D37/><U53/><E118/><V93/><F120/><W123/><G117/><T130/><D5/><U11/><E127/><V132/><F126/><W42/><G35/><T101/><D29/><U102/><E131/><N who="0" m="50217" /><D32/><U34/><E109/><V94/><F132/><W40/><G45/><T113/><D113/><U96/><E53/><V6/><F31/><W83/><G54/><T38/><D38/><U8/><E34/><V44/><F69/><W2/><G2/><T48/><D48/><U72/><E72/><V114/><F114/><W100/><G58/><N who="0" m="36919" /><D76/><U105/><E30/><V68/><F68/><W28/><G28/><T125/><D62/><U1/><E1/><V52/><F66/><W41/><G100/><T77/><D77/><U51/><E51/><N who="2" m="28775" /><F39/><W90/><G90/><T67/><D67/><U88/><E88/><V25/><F36/><W112/><G112/><T129/><D125/><U33/><E33/><V27/><F6/><W71/><G71/><T74/><D74/><U92/><E105/><N who="3" m="40554" /><G18/><N who="1" m="6666" /><E65/><V21/><F55/><W7/><G7/><T56/><D129/><U79/><E79/><V133/><F133/><W50/><G50/><T108/><D108/><U47/><E47/><V59/><F9/><N who="1" m="3657" /><E20/><V43/><F43/><W24/><G24/><T3/><D3/><U73/><E73/><V10/><F10/><W134/><G134/><T86/><D56/><U87/><E22/><V95/><F59/><W57/><G57/><T135/><D135/><U78/><E26/><N who="2" m="14631" /><F95/><W15/><AGARI ba="2,0" hai="13,14,15,40,41,42,80,81,83,121,123" m="40554" machi="15" ten="40,8000,1" yaku="5,1,29,2,28,2" doraHai="12" who="3" fromWho="3" sc="321,-22,276,-42,218,-22,185,86" /><INIT seed="2,0,0,0,3,97" ten="299,234,196,271" oya="2" hai0="62,116,135,7,10,30,65,131,35,109,63,12,9" hai1="20,54,69,32,15,60,39,86,27,26,88,87,134" hai2="71,129,6,123,94,120,72,51,90,18,111,127,115" hai3="93,1,99,11,107,124,95,33,76,3,117,91,2"/><V108/><F71/><W19/><G117/><T58/><D116/><U83/><E39/><V34/><F34/><W38/><G33/><T50/><D109/><N who="2" m="42058" /><F6/><W47/><G124/><T22/><D131/><U125/><E125/><V70/><F70/><W66/><G66/><T112/><D112/><U44/><E134/><V46/><F127/><W78/><G107/><T68/><D135/><U132/><E132/><V8/><F72/><W17/><G38/><T103/><D103/><U121/><E121/><V118/><F118/><W64/><G47/><T40/><D35/><U128/><E128/><V100/><F115/><W74/><G64/><T14/><D50/><N who="1" m="28999" /><E69/><V52/><F129/><W5/><G74/><T45/><D45/><U106/><E60/><V81/><F81/><W85/><G3/><T21/><D40/><U36/><E36/><V119/><F119/><W42/><G42/><T55/><D30/><U122/><E122/><V4/><F18/><AGARI ba="0,0" hai="7,9,10,12,14,18,21,22,55,58,62,63,65,68" machi="18" ten="30,1000,0" yaku="7,1" doraHai="97" who="0" fromWho="2" sc="299,10,234,0,196,-10,271,0" /><INIT seed="3,0,0,1,3,47" ten="309,234,186,271" oya="3" hai0="36,28,10,83,19,103,57,6,45,121,27,32,63" hai1="116,66,15,44,106,49,87,113,86,131,135,105,94" hai2="92,117,41,17,20,99,79,43,34,13,122,73,96" hai3="89,4,60,8,115,111,114,37,24,112,80,25,42"/><W39/><G111/><T130/><D121/><U118/><E113/><V56/><F117/><N who="1" m="45161" /><E66/><V102/><F34/><W128/><G128/><T126/><D130/><U26/><E131/><V31/><F122/><W78/><G89/><T61/><D103/><U109/><E109/><V91/><F31/><W95/><G95/><T9/><D126/><U51/><E135/><V64/><F73/><W123/><G123/><T74/><D19/><U22/><E15/><V125/><F79/><W55/><G42/><N who="0" m="22727" /><D10/><U2/><E2/><V53/><F64/><W11/><G11/><T110/><D57/><U75/><E44/><V93/><REACH who="2" step="1"/><F125/><REACH who="2" ten="309,234,176,271" step="2"/><W69/><G115/><T21/><D32/><U5/><E75/><V1/><F1/><W35/><G35/><T12/><D110/><U52/><E5/><V33/><F33/><W50/><G114/><T76/><D6/><U46/><E106/><V40/><F40/><W100/><G112/><T38/><D28/><U85/><E105/><V84/><F84/><W124/><G124/><T134/><D74/><U16/><E49/><AGARI ba="0,1" hai="13,17,20,41,43,49,53,56,91,92,93,96,99,102" machi="49" ten="30,7700,0" yaku="1,1,7,1,8,1,52,1,53,0" doraHai="47" doraHaiUra="30" who="2" fromWho="1" sc="309,0,234,-77,176,87,271,0" owari="309,40.9,157,-34.3,263,-13.7,271,7.1" /></mjloggm>