<mjloggm ver="2.3"><GO type="225" lobby="0"/><UN n0="%E6%98%93%E5%88%A9%E8%96%A9%E4%BC%AF" n1="%4C%4F%4C%49%54%41" n2="%6D%61%74%69%67%75%73%61" n3="%E3%80%90%E3%83%88%E3%83%AA%E3%83%A5%E3%83%95%E3%80%91" dan="16,16,17,16" rate="2111.77,2188.51,2170.55,2113.44" sx="F,F,M,M"/><TAIKYOKU oya="0"/><INIT seed="0,0,0,3,5,102" ten="250,250,250,250" oya="0" hai0="9,55,93,40,53,57,110,21,88,96,63,51,65" hai1="115,6,84,95,19,50,20,106,24,132,129,83,28" hai2="130,117,91,127,64,17,77,59,66,41,18,54,133" hai3="7,61,23,69,82,111,134,5,14,74,85,101,120"/><T98/><D110/><U36/><E36/><V49/><F130/><W105/><G134/><T52/><D9/><U128/><E132/><V31/><F133/><W47/><G74/><T131/><D131/><N who="1" m="50251" /><E115/><V16/><F127/><W42/><G120/><T97/><D21/><U80/><E6/><V32/><F117/><W3/><G3/><T99/><REACH who="0" step="1"/><D40/><REACH who="0" ten="240,250,250,250" step="2"/><U79/><E20/><V81/><F41/><W113/><G111/><T104/><D104/><U87/><E106/><V15/><F15/><W27/><G14/><T11/><D11/><U94/><E24/><V100/><F32/><W73/><G113/><T119/><D119/><U114/><E114/><V37/><F31/><W0/><G0/><T75/><D75/><U8/><E28/><V103/><F17/><W38/><G73/><T34/><D34/><U10/><E19/><V70/><F16/><W4/><G23/><T76/><D76/><N who="1" m="46087" /><E8/><V78/><F18/><W109/><G109/><T92/><D92/><U121/><E10/><V26/><F26/><W107/><G27/><T68/><AGARI ba="0,1" hai="51,52,53,55,57,63,65,68,88,93,96,97,98,99" machi="68" ten="30,11700,0" yaku="1,1,0,1,54,2,53,0" doraHai="102" doraHaiUra="122" who="0" fromWho="0" sc="240,127,250,-39,250,-39,250,-39" /><INIT seed="0,1,0,1,4,41" ten="367,211,211,211" oya="0" hai0="132,73,78,59,92,90,7,77,101,108,64,83,2" hai1="122,16,86,115,76,57,5,31,24,96,123,79,99" hai2="53,135,30,74,102,93,95,128,18,49,37,63,4" hai3="3,48,61,72,58,34,13,110,112,33,10,54,85"/><T9/><D132/><U22/><E115/><V0/><F37/><W98/><G72/><T94/><D108/><U14/><E5/><V51/><F74/><W134/><G112/><T107/><D78/><U82/><E79/><V25/><F128/><W47/><G3/><T126/><D126/><U124/><E124/><V28/><F4/><W109/><G98/><T119/><D119/><U129/><E129/><V97/><F0/><W125/><G134/><T1/><D1/><U88/><E57/><N who="2" m="35247" /><F93/><W56/><G56/><T103/><D94/><U65/><E65/><V81/><F81/><W62/><G125/><T106/><D64/><U35/><REACH who="1" step="1"/><E76/><REACH who="1" ten="367,201,211,211" step="2"/><V19/><F135/><W80/><G109/><T100/><REACH who="0" step="1"/><D59/><REACH who="0" ten="357,201,211,211" step="2"/><U75/><E75/><V26/><F102/><W127/><G127/><T17/><D17/><U120/><AGARI ba="1,2" hai="14,16,22,24,31,35,82,86,88,96,99,120,122,123" machi="120" ten="30,7900,0" yaku="1,1,0,1,54,2,53,0" doraHai="41" doraHaiUra="68" who="1" fromWho="1" sc="357,-40,201,102,211,-21,211,-21" /><INIT seed="1,0,0,1,1,99" ten="317,303,190,190" oya="1" hai0="43,85,59,48,107,91,94,97,44,62,104,128,71" hai1="113,75,130,11,14,68,40,92,127,4,16,55,89" hai2="129,116,56,131,53,83,79,1,58,60,45,50,7" hai3="100,64,51,27,98,12,9,31,87,0,70,114,54"/><U34/><E113/><V21/><F1/><W84/><G0/><T123/><D128/><N who="2" m="49226" /><F7/><W35/><G114/><T111/><D111/><U117/><E117/><V63/><F21/><W33/><G33/><T19/><D71/><U37/><E68/><V42/><F83/><W38/><G38/><T6/><D6/><U29/><E75/><V5/><F5/><W47/><G64/><T23/><D85/><U52/><E130/><V122/><F79/><W17/><REACH who="3" step="1"/><G70/><REACH who="3" ten="317,303,190,180" step="2"/><T96/><D123/><U10/><E34/><V133/><F122/><W66/><G66/><T118/><D118/><U65/><E65/><N who="2" m="39047" /><F116/><W125/><G125/><T120/><D120/><U119/><E127/><V73/><F73/><W80/><G80/><T135/><D135/><AGARI ba="0,1" hai="42,45,50,53,58,63,133,135" m="39047,49226" machi="135" ten="30,3900,0" yaku="19,1,34,2" doraHai="99" who="2" fromWho="0" sc="317,-39,303,0,190,49,180,0" /><INIT seed="2,0,0,4,0,101" ten="278,303,239,180" oya="2" hai0="12,8,66,128,7,74,40,61,113,4,78,34,117" hai1="104,9,76,65,46,119,13,110,67,38,69,102,26" hai2="47,131,71,133,64,111,77,30,89,87,88,5,32" hai3="93,17,72,75,3,50,107,55,11,18,20,79,81"/><V48/><F71/><W24/><G72/><T96/><D113/><U90/><E119/><V95/><F64/><W63/><G18/><T86/><D34/><U129/><E76/><V14/><F131/><W62/><G93/><T10/><D74/><U92/><E129/><V56/><F133/><W42/><G42/><T45/><D117/><U27/><E110/><V84/><F56/><W83/><G83/><T35/><D35/><U2/><E2/><V70/><F70/><W0/><G107/><T127/><D127/><U82/><E82/><V124/><F32/><W15/><G0/><T134/><D134/><U23/><E102/><V97/><F111/><W6/><REACH who="3" step="1"/><G3/><REACH who="3" ten="278,303,239,170" step="2"/><T122/><D40/><U91/><E104/><V60/><F124/><W112/><G112/><T99/><D128/><U54/><E92/><V130/><F130/><W37/><G37/><T103/><D122/><U120/><E38/><V85/><F77/><W58/><AGARI ba="0,1" hai="6,11,15,17,20,24,50,55,58,62,63,75,79,81" machi="58" ten="20,5200,0" yaku="1,1,0,1,7,1,53,1" doraHai="101" doraHaiUra="44" who="3" fromWho="3" sc="278,-13,303,-13,239,-26,170,62" /><INIT seed="3,0,0,1,3,86" ten="265,290,213,232" oya="3" hai0="8,13,117,100,50,10,119,130,22,44,90,36,125" hai1="87,107,76,70,92,99,54,75,7,24,108,132,60" hai2="68,15,38,57,133,62,106,53,37,69,65,52,104" hai3="67,79,6,84,59,4,31,121,123,128,42,28,63"/><W105/><G105/><T98/><D36/><N who="2" m="13930" /><F15/><W11/><G128/><T12/><D125/><U88/><E108/><V127/><F106/><W2/><G42/><T23/><D130/><U27/><E132/><V49/><F104/><W51/><G51/><T82/><D100/><N who="1" m="62879" /><E7/><V114/><F114/><W1/><G79/><T111/><D111/><U5/><E5/><V48/><F127/><W102/><G102/><T40/><D119/><U118/><E118/><V120/><F120/><W47/><G47/><T83/><D83/><N who="1" m="45471" /><E54/><N who="2" m="21099" /><F133/><W113/><G113/><T95/><D82/><U41/><E41/><V131/><F131/><W19/><G19/><N who="0" m="8583" /><D117/><U0/><E0/><V77/><F77/><W103/><G121/><T34/><D34/><U126/><E126/><V25/><F25/><W30/><G123/><T116/><D116/><U16/><E16/><AGARI ba="0,0" hai="10,13,16,22,23,40,44,50,90,95,98" m="8583" machi="16" ten="30,3900,0" yaku="8,1,52,1,54,1" doraHai="86" who="0" fromWho="1" sc="265,39,290,-39,213,0,232,0" owari="304,40.4,251,5.1,213,-28.7,232,-16.8" /></mjloggm>