<mjloggm ver="2.3"><GO type="225" lobby="0"/><UN n0="%E5%A4%96%E5%B7%9D%E7%AB%9C%E6%88%90" n1="%6D%75%75%73%61%6E%6D%75" n2="%E3%81%A9%E3%82%93%E3%82%88%E3%81%8F%4D%6B%2E%32" n3="%E3%81%B2%E3%81%AA%E3%81%AE%E3%82%8A%E3%81%8F" dan="16,16,16,16" rate="2075.01,2142.62,2157.82,2103.23" sx="M,F,M,M"/><TAIKYOKU oya="0"/><INIT seed="0,0,0,0,4,111" ten="250,250,250,250" oya="0" hai0="74,108,129,47,124,43,122,112,96,61,93,19,40" hai1="95,54,17,99,12,110,11,79,132,91,29,109,97" hai2="126,24,1,115,30,84,58,81,16,5,46,83,14" hai3="70,116,121,94,128,68,86,2,127,75,64,85,120"/><T45/><D122/><U6/><E132/><V34/><F126/><W28/><G75/><T53/><D124/><U98/><E79/><V41/><F115/><W22/><G127/><T13/><D74/><U67/><E29/><V80/><F58/><W130/><G2/><T73/><D73/><U106/><E67/><V63/><F63/><W82/><G94/><T87/><D129/><N who="3" m="49769" /><G64/><T8/><D87/><N who="3" m="33289" /><G82/><T56/><D112/><U33/><E33/><V42/><F1/><W55/><G55/><T92/><D108/><N who="1" m="41579" /><E106/><V15/><F5/><W31/><G22/><T102/><REACH who="0" step="1"/><D92/><REACH who="0" ten="240,250,250,250" step="2"/><U119/><E119/><V36/><F42/><AGARI ba="0,1" hai="8,13,19,40,42,43,45,47,53,56,61,93,96,102" machi="42" ten="40,7700,0" yaku="1,1,2,1,8,1,53,0" doraHai="111" doraHaiUra="105" who="0" fromWho="2" sc="240,87,250,0,250,-77,250,0" /><INIT seed="0,1,0,3,3,24" ten="327,250,173,250" oya="0" hai0="132,84,8,124,80,87,5,115,20,75,2,53,26" hai1="16,128,131,33,31,83,11,43,72,68,112,46,110" hai2="7,0,41,42,25,9,118,82,103,45,32,119,13" hai3="71,129,58,40,97,134,29,116,88,28,73,23,47"/><T17/><D115/><U44/><E68/><V96/><F42/><W106/><G71/><T93/><D124/><U4/><E112/><V27/><F13/><W76/><G116/><T78/><D132/><U36/><E110/><V81/><F81/><W133/><G129/><T55/><D93/><U108/><E108/><V89/><F89/><W127/><G127/><T104/><D104/><U37/><E16/><V135/><F135/><N who="3" m="51723" /><G73/><T77/><D75/><U34/><E46/><V65/><F65/><W57/><G76/><T6/><D6/><U52/><E52/><V50/><F82/><AGARI ba="1,0" hai="2,5,8,17,20,26,53,55,77,78,80,82,84,87" machi="82" ten="40,2000,0" yaku="9,1" doraHai="24" who="0" fromWho="2" sc="327,23,250,0,173,-23,250,0" /><INIT seed="0,2,0,1,1,41" ten="350,250,150,250" oya="0" hai0="33,91,117,83,101,98,121,82,103,48,107,120,124" hai1="111,89,3,31,58,21,70,20,27,106,16,4,71" hai2="134,36,80,10,88,73,74,105,46,18,67,86,75" hai3="45,90,35,63,5,114,38,79,92,127,68,29,23"/><T13/><D33/><U69/><E111/><V78/><F67/><W122/><G114/><T50/><D13/><U76/><E106/><V84/><F134/><W118/><G118/><T6/><D6/><U87/><E3/><V8/><F105/><W131/><G35/><T7/><D7/><U119/><E4/><V72/><N who="2" m="18432" /><DORA hai="108" /><V93/><REACH who="2" step="1"/><F18/><REACH who="2" ten="350,250,140,250" step="2"/><W110/><G110/><T102/><D107/><U94/><E16/><V17/><F17/><W25/><G5/><T62/><D120/><U99/><E119/><V104/><F104/><W26/><G122/><T64/><D121/><U0/><E71/><V53/><F53/><W43/><G68/><T132/><D117/><U60/><E70/><V81/><F81/><W123/><G123/><T24/><D132/><U14/><E69/><V116/><F116/><W129/><G131/><T65/><D83/><U133/><E133/><V54/><F54/><W51/><G129/><T128/><D128/><U77/><E94/><V44/><F44/><W66/><G45/><T95/><D82/><U61/><E58/><V56/><F56/><W2/><G92/><T59/><D65/><U49/><E0/><V97/><F97/><W22/><G66/><T42/><D64/><U39/><E99/><V28/><F28/><W109/><G29/><T115/><D59/><U15/><E31/><V37/><F37/><W57/><G38/><T96/><D95/><U12/><E39/><V30/><F30/><W126/><G57/><T130/><D130/><U19/><E19/><V32/><F32/><W112/><G109/><T113/><D98/><RYUUKYOKU ba="2,1" sc="350,-10,250,-10,140,30,250,-10" hai2="8,10,36,46,78,80,84,86,88,93" /><INIT seed="1,3,1,3,1,67" ten="340,240,170,240" oya="1" hai0="127,51,1,117,92,9,69,123,126,74,116,98,39" hai1="12,65,52,23,114,62,28,115,7,49,57,119,76" hai2="5,124,133,82,59,42,131,4,58,3,109,95,81" hai3="44,21,24,100,108,63,99,35,48,91,61,26,13"/><U53/><E119/><V36/><F109/><W87/><G108/><T25/><D39/><U134/><E134/><V101/><F133/><W11/><G35/><T45/><D74/><U0/><E76/><V17/><F124/><N who="0" m="47658" /><D69/><U47/><E0/><V29/><F29/><W103/><G63/><T66/><D66/><U30/><E30/><V64/><F131/><W15/><G61/><T80/><D80/><U121/><E121/><V104/><F104/><W8/><G21/><T18/><D25/><U107/><E107/><V6/><F3/><W86/><G99/><T105/><D105/><U97/><E97/><N who="2" m="59583" /><F36/><W94/><G100/><N who="0" m="60487" /><D123/><U111/><E111/><V112/><F112/><W79/><G79/><T68/><D68/><U2/><E2/><V102/><F102/><W19/><G86/><T130/><D130/><U34/><E34/><V31/><F64/><W129/><G103/><T37/><D37/><U40/><E114/><V122/><F122/><W38/><G38/><T85/><D85/><U32/><E32/><V22/><F82/><W33/><G33/><T96/><D96/><U60/><E115/><V78/><F81/><W120/><G120/><T27/><D1/><U75/><E75/><V14/><F78/><W125/><G125/><T55/><D9/><N who="1" m="4159" /><E62/><V93/><F93/><W20/><G129/><T84/><D84/><U73/><E73/><V10/><F42/><N who="3" m="24599" /><G11/><T113/><D113/><U135/><E135/><V54/><F54/><W46/><G8/><T90/><D90/><U88/><E88/><V71/><F71/><W77/><G91/><T83/><D83/><RYUUKYOKU ba="3,1" sc="340,10,240,10,170,10,240,-30" hai0="18,27,45,51,55,116,117" hai1="23,28,40,47,49,52,53,57,60,65" hai2="4,5,6,10,14,17,22,31,58,59" /><INIT seed="1,4,1,5,1,80" ten="350,250,180,210" oya="1" hai0="29,15,52,89,12,62,73,113,37,120,130,57,95" hai1="123,22,28,91,38,11,21,119,86,55,117,78,32" hai2="2,74,77,87,18,31,104,108,59,65,134,118,76" hai3="132,25,8,58,16,61,64,116,4,125,5,99,17"/><U36/><E32/><V84/><F118/><W112/><G112/><T33/><D73/><U71/><E123/><V96/><F2/><W126/><G116/><T83/><D37/><U79/><E71/><V102/><F31/><W34/><G132/><T127/><D113/><U129/><E117/><V24/><F134/><W66/><G66/><T72/><D127/><N who="3" m="48649" /><G4/><T94/><D130/><U49/><E119/><V121/><F121/><W106/><G106/><T44/><D44/><U13/><E38/><V107/><F65/><W43/><G43/><T14/><D120/><U128/><E36/><V50/><F59/><W135/><G99/><T60/><D60/><U26/><E22/><V82/><F50/><W97/><G135/><T109/><D109/><U20/><E20/><V111/><F18/><W67/><G67/><T100/><D100/><U39/><E39/><V48/><F48/><W98/><G98/><T47/><D47/><N who="1" m="28095" /><E129/><V101/><F24/><W122/><G122/><T131/><D131/><U75/><E75/><V90/><F77/><W70/><G70/><T46/><D46/><U7/><E128/><V30/><F30/><N who="3" m="19791" /><G97/><T6/><D72/><U93/><AGARI ba="4,1" hai="7,11,13,21,26,28,78,79,86,91,93" m="28095" machi="93" ten="30,3000,0" yaku="8,1,52,1" doraHai="80" who="1" fromWho="1" sc="350,-14,250,52,180,-14,210,-14" /><INIT seed="1,5,0,3,0,66" ten="336,302,166,196" oya="1" hai0="37,102,3,64,21,9,98,103,110,39,114,6,54" hai1="135,78,111,24,73,44,108,67,13,52,51,35,22" hai2="69,31,10,62,49,132,121,99,0,93,1,117,79" hai3="46,42,129,63,106,87,12,55,57,48,2,53,30"/><U14/><E35/><V7/><F121/><W72/><G72/><T61/><D114/><U68/><E73/><V59/><F117/><W8/><G2/><T56/><D110/><N who="1" m="42027" /><E78/><V29/><F1/><W70/><G106/><T131/><D131/><U18/><E135/><V71/><F132/><W43/><G129/><T28/><D54/><U128/><E128/><V85/><F49/><W23/><G70/><T112/><D112/><U45/><E45/><V58/><F79/><W76/><G23/><T120/><D120/><U4/><E4/><V100/><F85/><W38/><G30/><T125/><D125/><U60/><AGARI ba="5,0" hai="13,14,18,22,24,44,51,52,60,67,68" m="42027" machi="60" ten="30,11700,0" yaku="14,1,10,1,52,1,54,1" doraHai="66" who="1" fromWho="1" sc="336,-44,302,132,166,-44,196,-44" /><INIT seed="1,6,0,4,3,34" ten="292,434,122,152" oya="1" hai0="123,30,101,96,2,74,61,98,14,110,35,6,59" hai1="125,62,52,132,112,56,65,66,13,99,108,131,102" hai2="64,114,100,86,69,79,103,77,10,20,80,113,0" hai3="134,97,4,115,105,93,116,54,45,126,67,28,124"/><U82/><E112/><N who="2" m="43115" /><F77/><W51/><G105/><T19/><D74/><U118/><E118/><V22/><F64/><W21/><G115/><T130/><D110/><U71/><E108/><V43/><F43/><W106/><G106/><T92/><D130/><U135/><E131/><V18/><F69/><W38/><G116/><T16/><D123/><U31/><E125/><N who="3" m="48234" /><G134/><N who="1" m="51242" /><E71/><V17/><F17/><W49/><G38/><T39/><D39/><U27/><E13/><N who="2" m="9295" /><F22/><W3/><G67/><T104/><D14/><U83/><E66/><V46/><F46/><W57/><G21/><T44/><D44/><U84/><E65/><V120/><F120/><W42/><G28/><T11/><D30/><U63/><E63/><V23/><F23/><W47/><G47/><T129/><D35/><U85/><E27/><V70/><F70/><W73/><G73/><T12/><D129/><U121/><E31/><V25/><F25/><W90/><G4/><AGARI ba="6,0" hai="0,4,10,79,80,86,100,103" m="9295,43115" machi="4" ten="30,2000,0" yaku="11,1,52,1" doraHai="34" who="2" fromWho="3" sc="292,0,434,0,122,38,152,-38" /><INIT seed="2,0,0,4,0,39" ten="292,434,160,114" oya="2" hai0="33,133,99,74,131,124,14,2,92,109,18,45,103" hai1="30,42,70,134,17,15,23,122,117,26,104,22,87" hai2="68,36,121,135,93,129,91,52,78,3,63,94,119" hai3="98,101,80,89,5,126,84,31,110,29,19,127,85"/><V86/><F121/><W41/><G110/><T100/><D109/><U83/><E104/><V66/><F119/><W128/><G5/><T57/><D33/><U56/><E70/><V97/><F3/><W46/><G128/><T35/><D35/><U50/><E117/><V58/><F129/><W82/><G19/><T59/><D74/><U37/><E134/><V95/><F135/><W34/><G34/><T114/><D114/><U40/><E37/><V71/><F36/><W8/><G8/><T113/><D113/><U79/><E122/><V55/><F71/><W67/><G67/><T9/><D2/><U105/><E105/><V90/><F78/><W108/><G108/><T111/><D131/><U88/><E79/><V106/><F106/><W24/><G24/><T1/><D1/><U64/><E50/><V112/><F112/><W16/><G16/><T60/><D133/><U75/><E75/><V62/><F55/><W61/><G61/><AGARI ba="0,0" hai="15,17,22,23,26,30,40,42,56,61,64,83,87,88" machi="61" ten="40,8000,1" yaku="8,1,52,2,54,1" doraHai="39" who="1" fromWho="3" sc="292,0,434,80,160,0,114,-80" /><INIT seed="3,0,0,0,2,23" ten="292,514,160,34" oya="3" hai0="30,84,134,68,49,86,9,39,66,14,101,118,108" hai1="33,8,13,82,17,37,4,106,83,2,114,89,102" hai2="105,43,123,104,112,72,124,129,36,1,3,74,65" hai3="61,38,0,128,98,15,110,109,46,31,107,45,29"/><W99/><G0/><N who="2" m="73" /><F65/><W64/><G128/><T103/><D39/><U119/><E33/><V62/><F62/><W125/><G125/><T10/><D30/><U90/><E114/><V126/><F112/><W27/><G15/><T18/><D118/><U58/><E17/><V135/><F129/><W121/><G121/><T80/><D86/><U73/><E106/><N who="2" m="41067" /><F123/><W70/><G31/><T42/><D66/><U93/><E82/><V11/><F11/><W77/><G77/><T26/><D9/><U48/><E73/><N who="2" m="28267" /><F135/><W6/><G6/><T41/><D134/><U113/><E4/><V76/><F76/><W96/><G107/><T69/><D101/><U63/><E93/><V20/><F20/><W92/><G92/><T132/><D103/><U34/><E58/><V22/><F22/><W25/><G38/><T57/><D132/><U91/><E37/><V28/><F28/><W52/><G29/><T79/><D57/><U5/><E8/><V71/><F71/><W133/><G133/><T111/><D49/><U51/><E51/><V47/><AGARI ba="0,0" hai="36,43,47,124,126" m="28267,41067,73" machi="47" ten="40,1500,0" yaku="23,1" doraHai="23" who="2" fromWho="2" sc="292,-4,514,-4,160,15,34,-7" owari="288,8.8,510,61.0,175,-22.5,27,-47.3" /></mjloggm>