<mjloggm ver="2.3"><GO type="225" lobby="0"/><UN n0="%33%74%72%65%65" n1="%E3%80%93%E3%81%97%E3%83%BC%E3%82%89%E3%80%93" n2="%E6%A1%9C%E8%8A%B1%E9%96%83%E3%80%85" n3="%E3%83%A9%E3%83%BC%E3%83%A1%E3%83%B3%E4%BA%94%E9%83%8E" dan="16,16,16,16" rate="2105.44,2185.43,2231.39,2105.71" sx="F,M,M,M"/><TAIKYOKU oya="0"/><INIT seed="0,0,0,3,0,28" ten="250,250,250,250" oya="0" hai0="68,112,85,54,31,81,111,59,109,58,24,101,78" hai1="135,14,57,7,60,45,18,118,46,56,29,9,67" hai2="76,129,133,70,63,11,93,42,103,80,23,108,72" hai3="48,107,125,64,12,134,127,114,50,53,32,49,90"/><T0/><D112/><U33/><E135/><V115/><F115/><W26/><G114/><T13/><D0/><U2/><E118/><V84/><F133/><W116/><G116/><T38/><D68/><U62/><E29/><V66/><F108/><N who="0" m="41546" /><D38/><U79/><E79/><V126/><F126/><N who="3" m="48139" /><G134/><T121/><D121/><U122/><E33/><V16/><F129/><W102/><G64/><T6/><D101/><U47/><E122/><V86/><F42/><W27/><G90/><T91/><D91/><U100/><E100/><V98/><REACH who="2" step="1"/><F11/><REACH who="2" ten="250,250,240,250" step="2"/><W119/><G119/><T120/><D120/><U117/><E117/><V92/><F92/><W88/><G107/><T25/><D54/><N who="1" m="33815" /><E2/><V89/><F89/><W131/><G88/><T113/><D113/><U97/><E97/><V5/><F5/><AGARI ba="0,1" hai="5,7,9,14,18,45,46,47,57,62,67" m="33815" machi="5" ten="30,1000,0" yaku="8,1" doraHai="28" who="1" fromWho="2" sc="250,0,250,20,240,-10,250,0" /><INIT seed="1,0,0,0,4,126" ten="250,270,230,250" oya="1" hai0="59,13,119,75,69,41,34,130,50,98,107,2,110" hai1="114,67,113,25,9,45,1,55,39,71,26,82,101" hai2="91,7,64,85,122,92,63,60,21,0,52,28,14" hai3="35,100,120,65,123,115,3,33,102,44,17,37,132"/><U18/><E101/><V108/><F122/><W125/><G115/><T80/><D69/><U22/><E26/><N who="2" m="16463" /><F0/><W81/><G3/><T53/><D2/><U135/><E135/><V70/><F70/><W131/><G125/><T31/><D119/><U89/><E67/><V105/><F105/><W29/><G132/><T74/><D110/><U76/><E71/><V20/><F108/><W93/><G65/><T19/><D41/><U79/><E89/><V15/><F64/><W117/><G117/><T48/><D48/><U96/><E96/><V78/><F78/><W27/><G17/><T57/><D57/><U127/><E79/><V111/><F111/><W83/><G35/><T134/><D80/><N who="3" m="30793" /><G44/><T99/><D134/><U10/><E127/><V58/><F7/><W6/><G6/><T23/><D107/><U97/><E97/><V95/><F63/><W106/><G37/><T109/><D99/><U12/><E1/><V30/><F92/><W73/><G73/><T24/><D98/><U11/><E39/><V49/><F60/><W54/><G106/><T118/><D118/><U121/><E121/><N who="3" m="46666" /><G93/><T72/><REACH who="0" step="1"/><D109/><REACH who="0" ten="240,270,230,250" step="2"/><U40/><E114/><V47/><F58/><W4/><G100/><T103/><D103/><U112/><E113/><V36/><F36/><W5/><G102/><T104/><D104/><U133/><E112/><V84/><F84/><W51/><G51/><T66/><D66/><U46/><E133/><V88/><F91/><W116/><G116/><T129/><AGARI ba="0,1" hai="13,19,23,24,31,34,50,53,59,72,74,75,129,130" machi="129" ten="40,8000,1" yaku="1,1,0,1,52,2,53,0" doraHai="126" doraHaiUra="87" who="0" fromWho="0" sc="240,90,270,-40,230,-20,250,-20" /><INIT seed="2,0,0,1,3,20" ten="330,230,210,230" oya="2" hai0="54,18,63,98,107,132,68,0,42,118,73,30,37" hai1="123,105,12,10,8,71,72,16,49,96,84,78,29" hai2="41,2,134,133,22,109,117,62,66,39,70,31,111" hai3="13,40,50,121,104,94,19,23,61,114,44,102,6"/><V14/><F2/><W47/><G121/><T128/><D73/><U115/><E71/><V26/><F117/><W77/><G104/><T15/><D0/><U21/><E72/><V28/><F28/><W112/><G77/><T81/><D81/><N who="1" m="47159" /><E105/><V59/><F59/><W27/><G61/><T87/><D87/><U93/><E123/><V48/><F48/><W113/><G47/><T57/><D30/><U33/><E33/><V76/><F76/><W83/><G83/><T1/><D1/><U130/><E130/><V99/><F99/><N who="3" m="59767" /><G6/><T34/><D34/><U91/><E115/><V69/><F69/><W60/><G60/><T82/><D82/><U108/><E108/><N who="2" m="41547" /><F14/><AGARI ba="0,0" hai="13,14,19,23,27,40,44,50,112,113,114" m="59767" machi="14" ten="30,2000,0" yaku="11,1,52,1" doraHai="20" who="3" fromWho="2" sc="330,0,230,0,210,-20,230,20" /><INIT seed="3,0,0,4,2,46" ten="330,230,190,250" oya="3" hai0="41,118,6,16,27,122,65,92,96,8,23,124,89" hai1="42,62,12,14,48,83,13,123,71,64,104,70,73" hai2="129,74,111,88,29,36,32,19,68,22,103,102,93" hai3="117,132,10,94,95,39,101,28,100,112,107,80,45"/><W116/><G112/><T40/><D122/><U61/><E104/><V110/><F36/><W75/><G28/><T38/><D118/><N who="3" m="45673" /><G10/><T11/><D124/><U84/><E123/><V34/><F68/><W17/><G17/><T37/><D65/><U54/><E73/><V5/><F74/><W126/><G45/><T18/><D38/><U50/><E42/><N who="0" m="16489" /><D37/><U58/><REACH who="1" step="1"/><E71/><REACH who="1" ten="330,220,190,250" step="2"/><V81/><F81/><W25/><G80/><T3/><D3/><U26/><E26/><N who="2" m="14687" /><F29/><W87/><G25/><T55/><D6/><U115/><E115/><V57/><F5/><W97/><G75/><T51/><D18/><U47/><E47/><AGARI ba="0,1" hai="8,11,16,23,27,47,51,55,89,92,96" m="16489" machi="47" ten="30,3900,0" yaku="8,1,52,1,54,1" doraHai="46" who="0" fromWho="1" sc="330,49,220,-39,190,0,250,0" owari="379,47.9,181,-31.9,190,-21.0,250,5.0" /></mjloggm>