<mjloggm ver="2.3"><GO type="225" lobby="0"/><UN n0="%E3%81%B5%E3%81%98%E3%81%8B%E3%81%A4" n1="%E6%A1%9C%E8%8A%B1%E9%96%83%E3%80%85" n2="%E6%9D%B1%E9%A2%A8%E3%81%AE%E3%81%8D%E3%82%83%E3%81%B7%E3%81%95%E3%82%93" n3="%E3%83%97%E3%83%92" dan="16,16,17,17" rate="2204.36,2102.26,2265.61,2157.49" sx="M,M,M,M"/><TAIKYOKU oya="0"/><INIT seed="0,0,0,2,1,55" ten="250,250,250,250" oya="0" hai0="33,40,57,21,83,123,24,96,15,65,103,86,132" hai1="37,59,100,31,18,127,74,14,35,0,71,126,4" hai2="105,17,131,79,7,73,34,112,41,85,60,3,92" hai3="90,67,48,84,58,117,43,101,72,19,77,69,97"/><T26/><D123/><U125/><E71/><V51/><F34/><W106/><G117/><T42/><D132/><U28/><E37/><V110/><F3/><W87/><G69/><T50/><D33/><U23/><E74/><V70/><F7/><W113/><G113/><T68/><D68/><U46/><E46/><V124/><F105/><W27/><G72/><T66/><D15/><U53/><E100/><V102/><F73/><W47/><G77/><T104/><D26/><U98/><E98/><V64/><F110/><W99/><G99/><T119/><D119/><U32/><E32/><V80/><F124/><W129/><G129/><T10/><D10/><N who="1" m="2311" /><E35/><V12/><F131/><W135/><G135/><T111/><D111/><U20/><E20/><V107/><F107/><W82/><G84/><T44/><D40/><U2/><E2/><V49/><F41/><W39/><G67/><T118/><D118/><U122/><E122/><V109/><F109/><W54/><G19/><T94/><D104/><U75/><E75/><V133/><F133/><W91/><G91/><N who="0" m="51679" /><D57/><U29/><E29/><AGARI ba="0,0" hai="21,24,29,42,44,50,65,66,94,96,103" m="51679" machi="29" ten="30,1500,0" yaku="8,1" doraHai="55" who="0" fromWho="1" sc="250,15,250,-15,250,0,250,0" /><INIT seed="0,1,0,3,4,10" ten="265,235,250,250" oya="0" hai0="51,59,7,82,0,134,118,52,130,24,107,78,74" hai1="13,89,42,106,22,113,86,126,79,15,18,21,11" hai2="114,105,66,27,54,125,112,102,6,95,35,30,58" hai3="72,4,62,29,77,63,81,99,80,2,49,44,8"/><T90/><D118/><U26/><E126/><V33/><F105/><W128/><G128/><T25/><D134/><U19/><E113/><V127/><F6/><W91/><G29/><T36/><D130/><U5/><E106/><V75/><F66/><W109/><G109/><T48/><D107/><U68/><E68/><V108/><F75/><W104/><G80/><T46/><D90/><U32/><E32/><V12/><F35/><W70/><G70/><T87/><D74/><U28/><E42/><V14/><F108/><W38/><G38/><T34/><D34/><U16/><E79/><V96/><F112/><W41/><REACH who="3" step="1"/><G91/><REACH who="3" ten="265,235,250,240" step="2"/><T83/><D36/><U17/><E28/><V100/><F114/><W31/><G31/><T53/><REACH who="0" step="1"/><D82/><AGARI ba="1,1" hai="5,11,13,15,16,17,18,19,21,22,26,82,86,89" machi="82" ten="30,8000,1" yaku="7,1,8,1,52,2,54,1" doraHai="10" who="1" fromWho="0" sc="265,-83,235,93,250,0,240,0" /><INIT seed="1,0,0,1,1,46" ten="182,328,250,240" oya="1" hai0="128,132,57,55,22,114,97,101,70,117,126,50,100" hai1="59,64,44,39,45,60,11,83,102,20,85,79,23" hai2="34,1,71,26,120,89,127,14,10,72,122,56,80" hai3="8,61,124,112,63,91,0,27,3,129,30,47,15"/><U21/><E39/><V82/><F71/><W33/><G112/><T77/><D114/><U92/><REACH who="1" step="1"/><E11/><REACH who="1" ten="182,318,250,240" step="2"/><V105/><F10/><W96/><G124/><T106/><D126/><U13/><E13/><V78/><F14/><W31/><G129/><T40/><D117/><U123/><E123/><V6/><F127/><W66/><G0/><T19/><D128/><U107/><E107/><V115/><F1/><W88/><G3/><T4/><D132/><U69/><E69/><V104/><F105/><W93/><G8/><T81/><D70/><U53/><E53/><V113/><F104/><W98/><G15/><T87/><D40/><U67/><E67/><V84/><F122/><W28/><G66/><T75/><D75/><U42/><E42/><V24/><F120/><W134/><G134/><T29/><D29/><U54/><E54/><V51/><F115/><W131/><G131/><T7/><REACH who="0" step="1"/><D101/><REACH who="0" ten="172,318,250,240" step="2"/><U43/><E43/><V36/><F113/><W116/><G116/><T95/><D95/><U125/><E125/><V73/><F73/><W130/><G130/><T38/><D38/><U2/><E2/><V41/><F36/><W58/><G31/><T48/><D48/><U68/><E68/><V76/><F51/><W17/><G30/><T94/><D94/><U103/><E103/><V32/><F41/><W133/><G133/><T111/><D111/><U37/><E37/><V108/><F72/><W12/><G93/><T119/><D119/><U99/><AGARI ba="0,2" hai="20,21,23,44,45,59,60,64,79,83,85,92,99,102" machi="99" ten="30,6000,0" yaku="1,1,0,1,8,1,53,0" doraHai="46" doraHaiUra="121" who="1" fromWho="1" sc="172,-20,318,80,250,-20,240,-20" /><INIT seed="1,1,0,4,3,70" ten="152,398,230,220" oya="1" hai0="45,21,14,111,27,33,37,97,106,15,67,71,101" hai1="78,128,7,125,85,107,132,89,47,65,95,38,103" hai2="64,131,109,50,104,73,40,35,100,93,57,96,94" hai3="123,53,6,49,36,52,61,48,79,2,23,83,25"/><U90/><E125/><V84/><F35/><W13/><G123/><T98/><D111/><U115/><E115/><V86/><F73/><W134/><G2/><T19/><D98/><U32/><E132/><V62/><F109/><W113/><G134/><T92/><D106/><U87/><E128/><V77/><F131/><W99/><G36/><T42/><REACH who="0" step="1"/><D33/><REACH who="0" ten="142,398,230,220" step="2"/><U120/><E32/><V69/><F104/><W82/><G99/><T72/><D72/><U76/><E107/><V80/><F96/><W4/><G113/><T55/><D55/><U118/><E87/><V127/><F86/><W81/><G53/><T39/><D39/><U34/><E38/><V9/><F127/><W75/><G75/><T59/><D59/><U63/><E34/><V124/><F124/><W129/><G129/><T68/><D68/><U41/><E85/><V130/><F130/><W108/><G108/><T126/><D126/><U43/><E120/><V56/><F69/><W20/><G79/><T121/><D121/><U1/><E78/><V88/><F77/><W22/><G25/><T51/><D51/><N who="3" m="19529" /><G13/><T29/><D29/><U112/><E76/><V31/><F31/><W46/><G46/><T102/><D102/><U10/><E112/><V114/><F100/><W17/><G52/><T44/><D44/><U119/><E47/><N who="2" m="25959" /><F114/><W18/><G61/><AGARI ba="1,1" hai="14,15,19,21,27,37,42,45,61,67,71,92,97,101" machi="61" ten="40,2600,0" yaku="1,1,52,1,53,0" doraHai="70" doraHaiUra="24" who="0" fromWho="3" sc="142,39,398,0,230,0,220,-29" /><INIT seed="2,0,0,1,4,108" ten="181,398,230,191" oya="2" hai0="18,35,40,85,27,82,92,65,117,7,132,105,28" hai1="55,131,63,78,30,90,64,110,34,124,4,50,23" hai2="36,61,14,121,45,79,115,19,87,42,73,126,125" hai3="56,2,100,98,107,17,6,62,77,21,106,1,102"/><V46/><F121/><W123/><G123/><T95/><D105/><U116/><E116/><V54/><F73/><W31/><G77/><T75/><D117/><U20/><E110/><V81/><F115/><W112/><G31/><T86/><D75/><U76/><E124/><V114/><F114/><W99/><G6/><T93/><D132/><U71/><E131/><V67/><F46/><W22/><G112/><T133/><D133/><U130/><E130/><V41/><F41/><W103/><G103/><T12/><D7/><U8/><E34/><V80/><F80/><W94/><G94/><T33/><D65/><U47/><E90/><V57/><REACH who="2" step="1"/><F67/><REACH who="2" ten="181,398,220,191" step="2"/><W53/><REACH who="3" step="1"/><G22/><AGARI ba="0,1" hai="14,19,22,36,42,45,54,57,61,79,81,87,125,126" machi="22" ten="40,3900,0" yaku="1,1,2,1,53,0" doraHai="108" doraHaiUra="109" who="2" fromWho="3" sc="181,0,398,0,220,49,191,-39" /><INIT seed="2,1,0,1,1,98" ten="181,398,269,152" oya="2" hai0="58,104,5,15,31,73,118,92,51,17,35,72,65" hai1="2,53,38,7,110,87,125,111,3,100,22,97,76" hai2="60,55,107,96,122,113,108,124,16,70,28,45,36" hai3="109,0,78,1,68,81,77,93,131,129,9,94,13"/><V62/><F122/><W121/><G121/><T127/><D104/><U39/><E125/><V71/><F113/><W86/><G68/><T24/><D127/><U33/><E33/><V132/><F28/><W105/><G105/><T8/><D118/><U85/><E53/><V21/><F124/><W40/><G109/><N who="1" m="41482" /><E22/><V117/><F132/><W130/><G77/><T27/><D27/><U50/><E50/><V19/><F117/><W42/><G42/><T120/><D120/><U18/><E18/><V84/><F84/><N who="1" m="32329" /><E7/><V115/><F115/><W46/><G0/><N who="1" m="42" /><E76/><V23/><F108/><W106/><G1/><T112/><D112/><U29/><E29/><V102/><F71/><W83/><G83/><T95/><D51/><U34/><E34/><V79/><F79/><W41/><G106/><AGARI ba="1,0" hai="38,39,97,100,106" m="42,32329,41482" machi="106" ten="30,2000,0" yaku="14,1,52,1" doraHai="98" who="1" fromWho="3" sc="181,0,398,23,269,0,152,-23" /><INIT seed="3,0,0,3,2,9" ten="181,421,269,129" oya="3" hai0="123,113,28,105,79,15,85,10,35,43,20,114,42" hai1="6,1,30,0,99,133,67,48,117,134,91,34,122" hai2="95,27,98,40,106,100,61,132,7,126,118,125,77" hai3="88,107,101,96,121,29,80,14,90,57,46,49,82"/><W72/><G121/><T92/><D105/><U76/><E76/><V65/><F118/><W116/><G116/><T17/><D123/><U73/><E73/><V52/><F77/><W131/><G131/><T119/><D119/><U115/><E115/><N who="0" m="44041" /><D35/><U78/><E78/><V8/><F40/><N who="0" m="15402" /><D79/><U33/><E48/><V38/><F38/><W69/><G69/><T110/><D110/><U2/><E67/><V93/><F27/><W74/><G29/><T31/><D85/><U51/><E51/><V84/><F52/><W39/><G39/><T127/><D127/><N who="2" m="48650" /><F84/><W16/><G57/><T60/><D60/><U103/><E30/><N who="0" m="11305" /><D92/><U108/><E108/><V56/><F132/><W111/><G111/><T47/><D47/><U13/><E117/><V54/><F54/><W68/><G68/><T124/><D124/><U26/><E122/><V45/><F45/><W71/><G71/><T53/><D53/><U104/><E133/><V21/><F21/><AGARI ba="0,0" hai="10,15,17,20,21" m="11305,15402,44041" machi="21" ten="30,2000,0" yaku="11,1,52,1" doraHai="9" who="0" fromWho="2" sc="181,20,421,0,269,-20,129,0" owari="201,-19.9,421,52.1,249,4.9,129,-37.1" /></mjloggm>