<mjloggm ver="2.3"><GO type="225" lobby="0"/><UN n0="%E3%80%93%E3%81%97%E3%83%BC%E3%82%89%E3%80%93" n1="%E3%81%B5%E3%81%98%E3%81%8B%E3%81%A4" n2="%E3%81%BF%E3%81%BF%E3%81%9A" n3="%E9%B3%B3%E6%9D%B1%E3%81%AE%E3%81%86%E3%81%95%E3%81%8E%E3%81%95%E3%82%93" dan="16,16,17,17" rate="2083.65,2156.00,2286.10,2302.67" sx="M,M,M,M"/><TAIKYOKU oya="0"/><INIT seed="0,0,0,5,0,80" ten="250,250,250,250" oya="0" hai0="54,44,94,105,63,106,121,33,50,85,35,42,15" hai1="132,93,97,79,69,53,103,48,45,41,6,57,81" hai2="116,52,117,83,118,37,58,29,76,101,70,38,126" hai3="92,18,30,9,0,100,66,65,68,122,104,3,19"/><T130/><D121/><U125/><E132/><V95/><F70/><W22/><G104/><T14/><D130/><U27/><E125/><V11/><F29/><W89/><G122/><T4/><D106/><U8/><E69/><V96/><F11/><W112/><G112/><T46/><D105/><U62/><E27/><V20/><F20/><W2/><G100/><T86/><D35/><U133/><E133/><V25/><F25/><W114/><G114/><T16/><D33/><U28/><E28/><V77/><F126/><W59/><G30/><T110/><D110/><U90/><E103/><V36/><REACH who="2" step="1"/><F83/><REACH who="2" ten="250,250,240,250" step="2"/><W64/><G9/><N who="0" m="4391" /><D94/><U91/><E81/><V108/><F108/><W7/><G68/><T26/><D26/><U31/><E31/><V124/><F124/><W102/><G22/><N who="0" m="11551" /><D46/><U5/><E8/><V135/><F135/><W113/><G113/><T49/><D49/><AGARI ba="0,1" hai="36,37,38,49,52,58,76,77,95,96,101,116,117,118" machi="49" ten="50,6400,0" yaku="1,1,12,1,54,1,53,0" doraHai="80" doraHaiUra="123" who="2" fromWho="0" sc="250,-64,250,0,240,74,250,0" /><INIT seed="1,0,0,2,5,55" ten="186,250,314,250" oya="1" hai0="95,88,73,110,56,28,129,109,8,38,65,10,76" hai1="40,3,103,113,81,94,37,82,7,126,100,122,30" hai2="90,62,6,131,125,14,116,32,16,111,22,106,13" hai3="118,20,134,119,60,104,45,78,54,47,66,19,31"/><U77/><E113/><V51/><F106/><W130/><G130/><T27/><D38/><U48/><E122/><V71/><F116/><N who="3" m="44587" /><G134/><T12/><D129/><U105/><E126/><V4/><F32/><W84/><G31/><T11/><D76/><U85/><E105/><V29/><F131/><W61/><G104/><T124/><D73/><U69/><E69/><V112/><F29/><W57/><G84/><T25/><D124/><U70/><E70/><V42/><F125/><W24/><G78/><T50/><D12/><U101/><E37/><V64/><F111/><N who="0" m="42506" /><D50/><U33/><E82/><V35/><F35/><W74/><G74/><T36/><D36/><U114/><E114/><V67/><F67/><W26/><G26/><N who="0" m="9739" /><D28/><U115/><E115/><V1/><F1/><W79/><G79/><T117/><D117/><U135/><E135/><V39/><F39/><W132/><G132/><T75/><D75/><U44/><E30/><V46/><F112/><W107/><G107/><T123/><D123/><U49/><E33/><V15/><F15/><W128/><G128/><T68/><D68/><AGARI ba="0,0" hai="19,20,24,45,47,54,57,60,61,66,68" m="44587" machi="68" ten="30,2000,0" yaku="12,1,52,1" doraHai="55" who="3" fromWho="0" sc="186,-20,250,0,314,0,250,20" /><INIT seed="2,0,0,5,2,6" ten="166,250,314,270" oya="2" hai0="10,61,64,43,19,60,22,2,132,69,109,72,134" hai1="40,5,41,89,13,15,91,48,73,119,66,131,85" hai2="83,87,110,36,102,82,98,79,117,127,0,7,16" hai3="128,70,14,46,123,71,133,99,121,4,111,11,34"/><V51/><F117/><W26/><G71/><T118/><D72/><U77/><E119/><V81/><F36/><W18/><G70/><T126/><D118/><U80/><E131/><V115/><F115/><W97/><G128/><T3/><D109/><U112/><E112/><V125/><F110/><W130/><G130/><T33/><D33/><U65/><E15/><V29/><F29/><W45/><G111/><T21/><D126/><N who="2" m="48138" /><F51/><W9/><G133/><T55/><D43/><N who="1" m="16459" /><E73/><V68/><F68/><W38/><G38/><T31/><D31/><U44/><E44/><V50/><F50/><W129/><G129/><T105/><D105/><U23/><E48/><V30/><F30/><W28/><G46/><T32/><D32/><U56/><E56/><V100/><F100/><W52/><G52/><T86/><D86/><U93/><E23/><V122/><F122/><W62/><G62/><T120/><D120/><U94/><E94/><N who="2" m="58711" /><F16/><W49/><G49/><T39/><D39/><U24/><E24/><V95/><F95/><W42/><G45/><T37/><D37/><U47/><E47/><V135/><F135/><N who="0" m="51754" /><D55/><U27/><E27/><V124/><F124/><W58/><G42/><T53/><D53/><U107/><E107/><V108/><F108/><W35/><G123/><T20/><D60/><U54/><E54/><V63/><F63/><W106/><G121/><T12/><AGARI ba="0,0" hai="2,3,10,12,19,20,21,22,61,64,69" m="51754" machi="12" ten="40,2700,0" yaku="20,1,52,1" doraHai="6" who="0" fromWho="0" sc="166,27,250,-7,314,-13,270,-7" /><INIT seed="3,0,0,1,1,73" ten="193,243,301,263" oya="3" hai0="63,123,28,49,116,102,3,39,30,92,72,8,115" hai1="91,11,18,40,15,103,16,22,33,108,57,61,79" hai2="53,86,119,55,45,117,69,105,84,13,48,56,2" hai3="126,110,34,25,44,107,21,134,97,9,51,111,94"/><W23/><G107/><T17/><D39/><U65/><E108/><N who="3" m="41514" /><G9/><T67/><D116/><U42/><E33/><V7/><F69/><W114/><G114/><T64/><D123/><U38/><E103/><V43/><F2/><W46/><G134/><T101/><D115/><U10/><E10/><N who="2" m="4319" /><F105/><W82/><G126/><T113/><D113/><U83/><E91/><V27/><F119/><W132/><G132/><T47/><D72/><U41/><E38/><V50/><F117/><W89/><G82/><T122/><D122/><U76/><E83/><V120/><F120/><W52/><G44/><T77/><D77/><U62/><E62/><N who="2" m="36111" /><F27/><AGARI ba="0,0" hai="11,15,16,18,22,27,40,41,42,57,61,65,76,79" machi="27" ten="40,8000,1" yaku="8,1,52,2,54,1" doraHai="73" who="1" fromWho="2" sc="193,0,243,80,301,-80,263,0" owari="193,-30.7,323,42.3,221,-17.9,263,6.3" /></mjloggm>