<mjloggm ver="2.3"><GO type="225" lobby="0"/><UN n0="%E3%81%A4%E3%81%A3%E3%81%B1%E3%82%8A%E3%83%9D%E3%83%BC%E3%83%AB" n1="%E5%A4%9C%E3%81%AE%E3%82%AC%E3%82%B9%E3%83%91%E3%83%BC%E3%83%AB" n2="%E6%9D%B1%E9%A2%A8%E3%81%AE%E3%81%8D%E3%82%83%E3%81%B7%E3%81%95%E3%82%93" n3="%E3%81%8B%E3%82%8F%E3%81%A1%E3%82%83%E3%82%93%35%38" dan="17,17,17,16" rate="2189.39,2188.81,2176.30,2146.83" sx="M,M,M,M"/><TAIKYOKU oya="0"/><INIT seed="0,0,0,2,5,25" ten="250,250,250,250" oya="0" hai0="45,127,90,38,112,24,26,81,27,114,124,14,34" hai1="55,133,5,47,107,65,52,58,9,79,108,100,85" hai2="88,16,92,123,98,51,110,39,66,113,18,129,64" hai3="70,17,57,105,29,71,53,60,99,109,56,33,72"/><T78/><D90/><U15/><E108/><V96/><F110/><W76/><G109/><T4/><D38/><U93/><E133/><V73/><F73/><W59/><G17/><N who="2" m="6761" /><F39/><W101/><G70/><T119/><D45/><U49/><E107/><V75/><F75/><W132/><G132/><T106/><D106/><U68/><E68/><V69/><F69/><W61/><G71/><T115/><D81/><N who="1" m="47295" /><E65/><N who="2" m="25195" /><F123/><W12/><G12/><T21/><D78/><U74/><E74/><V37/><F37/><W63/><G53/><T28/><D119/><U48/><E93/><V89/><F129/><W41/><G41/><T30/><D27/><U50/><E100/><N who="2" m="60423" /><F113/><W36/><G36/><T22/><D34/><U84/><E84/><V43/><F98/><W35/><G35/><T94/><D94/><U118/><E118/><V80/><F80/><W54/><G54/><T128/><D128/><U7/><E7/><V32/><F32/><W6/><G6/><T40/><D40/><U91/><E91/><N who="2" m="34891" /><F43/><W86/><G72/><T134/><D134/><U117/><E117/><V126/><F126/><W10/><G86/><T0/><D0/><U87/><E87/><V82/><F82/><W104/><G104/><T111/><D111/><U11/><E11/><AGARI ba="0,0" hai="4,11,14,21,22,24,26,28,30,112,114,115,124,127" machi="11" ten="50,18000,2" yaku="9,1,34,3,52,2" doraHai="25" who="0" fromWho="1" sc="250,180,250,-180,250,0,250,0" /><INIT seed="0,1,0,1,4,28" ten="430,70,250,250" oya="0" hai0="94,89,53,12,63,125,116,112,124,15,70,2,135" hai1="134,33,106,52,38,60,41,34,20,93,84,43,7" hai2="0,87,32,42,19,111,130,49,98,8,58,6,48" hai3="86,11,129,123,88,78,39,35,36,45,133,127,102"/><T3/><D112/><U65/><E106/><V57/><F111/><W5/><G127/><N who="0" m="48715" /><D116/><U103/><E134/><V31/><F130/><W68/><G68/><T91/><D135/><U81/><E7/><V50/><F98/><W109/><G133/><T118/><D118/><U79/><E20/><V104/><F104/><W75/><G109/><T82/><D82/><U9/><E9/><V115/><F115/><W27/><G129/><T99/><D91/><U131/><E131/><V51/><F87/><W54/><G102/><T37/><D37/><U122/><E122/><V114/><F114/><W126/><G123/><T117/><D117/><U72/><E43/><V30/><F30/><W69/><G78/><T100/><D100/><U1/><E1/><N who="0" m="9" /><D53/><U24/><E24/><V26/><REACH who="2" step="1"/><F19/><REACH who="2" ten="430,70,240,250" step="2"/><W80/><G126/><T97/><D99/><U61/><E103/><V96/><F96/><W55/><G86/><T110/><D110/><U90/><E38/><V74/><F74/><W121/><G75/><T25/><D25/><U62/><E41/><V40/><F40/><W10/><G27/><T101/><D101/><U77/><E77/><V14/><F14/><W21/><G36/><T105/><D105/><U119/><E119/><V83/><F83/><W71/><G39/><T59/><D15/><U16/><E16/><V23/><F23/><W18/><G21/><T120/><D12/><U17/><E17/><V92/><F92/><W95/><G95/><T56/><D120/><U73/><E73/><V46/><AGARI ba="1,1" hai="0,6,8,26,31,32,42,46,48,49,50,51,57,58" machi="46" ten="30,4000,0" yaku="1,1,0,1,52,1,53,0" doraHai="28" doraHaiUra="76" who="2" fromWho="2" sc="430,-21,70,-11,240,53,250,-11" /><INIT seed="1,0,0,4,4,5" ten="409,59,293,239" oya="1" hai0="113,66,21,103,88,79,87,128,19,11,62,125,93" hai1="46,17,47,37,131,124,104,58,89,1,67,57,24" hai2="121,39,76,29,83,130,0,6,27,84,56,45,134" hai3="61,36,40,127,35,25,43,120,101,97,132,99,3"/><U34/><E104/><V18/><F121/><W2/><G120/><T64/><D113/><U23/><E124/><V111/><F134/><W92/><G127/><T42/><D125/><U71/><E131/><V81/><F111/><W75/><G75/><T98/><D128/><U135/><E135/><V110/><F110/><W12/><G132/><T26/><D42/><U33/><E1/><V107/><F107/><W59/><G2/><T114/><D114/><U30/><E37/><V9/><F130/><W78/><G3/><T85/><D79/><U122/><E122/><V13/><F56/><W14/><G78/><T53/><D11/><U102/><E102/><V28/><F81/><W105/><G35/><T123/><D123/><U72/><E72/><V108/><F108/><W4/><G25/><T65/><D103/><U32/><E71/><V119/><F119/><W63/><G63/><T16/><D19/><U129/><E129/><V22/><F27/><W60/><G60/><T69/><D69/><U90/><E67/><V51/><F39/><W116/><G116/><T82/><D82/><U109/><E109/><V106/><F106/><W41/><G4/><T70/><D70/><U31/><E58/><AGARI ba="0,0" hai="16,21,26,53,58,62,64,65,66,85,87,88,93,98" machi="58" ten="40,8000,1" yaku="25,2,8,1,54,2" doraHai="5" who="0" fromWho="1" sc="409,80,59,-80,293,0,239,0" owari="489,58.9,-21,-52.1,293,9.3,239,-16.1" /></mjloggm>