<mjloggm ver="2.3"><GO type="225" lobby="0"/><UN n0="%E6%B8%A9%E2%98%85%E6%83%85%E2%98%85%E6%8E%AA%E2%98%85%E7%BD%AE" n1="%E7%B4%94%E6%BD%94%E3%83%94%E3%83%A9%E3%83%8B%E3%82%A2" n2="%E3%83%94%E3%83%B3%E3%82%B5%E3%83%AD%E5%BA%97%E5%93%A1" n3="%E3%81%A9%E3%82%8F%E3%82%93%E3%81%94" dan="17,16,16,16" rate="2247.34,2205.35,2190.73,2105.74" sx="M,M,M,M"/><TAIKYOKU oya="0"/><INIT seed="0,0,0,3,1,112" ten="250,250,250,250" oya="0" hai0="22,12,128,78,47,62,8,109,119,30,45,81,106" hai1="10,105,46,97,31,61,94,42,135,5,113,24,34" hai2="49,85,75,102,29,15,14,98,33,92,116,23,126" hai3="118,28,6,88,134,2,90,55,80,44,40,4,37"/><T111/><D106/><U41/><E135/><V74/><F33/><W103/><G134/><T25/><D128/><U110/><E110/><N who="0" m="41993" /><D62/><U96/><E113/><V83/><F126/><W127/><G127/><T51/><D51/><U86/><E105/><V93/><F75/><W101/><G28/><T77/><D119/><U79/><E61/><V120/><F74/><W13/><G118/><T122/><D122/><U76/><E42/><V125/><F120/><W89/><G2/><T32/><D32/><U19/><E19/><V66/><F66/><W39/><G39/><T48/><D81/><U107/><E107/><V67/><F67/><W87/><G55/><N who="0" m="30095" /><D47/><U27/><E46/><V132/><F132/><W7/><REACH who="3" step="1"/><G13/><REACH who="3" ten="250,250,250,240" step="2"/><T18/><AGARI ba="0,1" hai="8,12,18,22,25,30,77,78" m="30095,41993" machi="18" ten="30,3000,0" yaku="14,1,10,1" doraHai="112" who="0" fromWho="0" sc="250,40,250,-10,250,-10,240,-10" /><INIT seed="0,1,0,0,4,93" ten="290,240,240,230" oya="0" hai0="95,10,72,78,14,88,113,63,17,40,57,32,41" hai1="115,119,135,82,66,74,43,47,8,70,50,94,44" hai2="91,45,22,107,67,38,121,122,31,16,9,11,132" hai3="68,48,106,134,30,25,2,28,126,29,15,111,112"/><T36/><D113/><U64/><E135/><V114/><F114/><W108/><G112/><T124/><D124/><U58/><E119/><V20/><F107/><W51/><G68/><T49/><D32/><U35/><E35/><V101/><F101/><W104/><G2/><T110/><D36/><U96/><E70/><V59/><F132/><W5/><G134/><T87/><D110/><N who="3" m="42025" /><G25/><T76/><D72/><U24/><E115/><V133/><F133/><W1/><G1/><T81/><D49/><N who="3" m="19017" /><G126/><T52/><REACH who="0" step="1"/><D78/><REACH who="0" ten="280,240,240,230" step="2"/><U109/><E109/><V3/><F38/><W54/><G54/><T84/><AGARI ba="1,1" hai="10,14,17,40,41,52,57,63,76,81,84,87,88,95" machi="84" ten="20,18000,2" yaku="1,1,2,1,0,1,7,1,8,1,54,2,53,0" doraHai="93" doraHaiUra="71" who="0" fromWho="0" sc="280,193,240,-61,240,-61,230,-61" /><INIT seed="0,2,0,2,0,89" ten="473,179,179,169" oya="0" hai0="82,37,13,38,96,69,41,62,114,7,63,133,47" hai1="71,29,132,45,18,135,11,78,74,12,129,32,43" hai2="121,127,9,28,22,134,92,80,113,103,66,116,77" hai3="46,115,21,125,123,36,34,81,20,8,15,48,25"/><T90/><D114/><U51/><E71/><V76/><F121/><W106/><G125/><T79/><D133/><N who="1" m="51275" /><E129/><V87/><F113/><W72/><G106/><T99/><D38/><U67/><E67/><V88/><F134/><W120/><G36/><T2/><D13/><U109/><E109/><V56/><F127/><W30/><G115/><T40/><D40/><U68/><E68/><V42/><F116/><W24/><G34/><T85/><D69/><U53/><E29/><V70/><F70/><W39/><G39/><T130/><D130/><U26/><E26/><N who="2" m="16471" /><F42/><W0/><G0/><T101/><D90/><U107/><E107/><V83/><F9/><W104/><G104/><T57/><D57/><U102/><E102/><V94/><F103/><W97/><G123/><T93/><REACH who="0" step="1"/><D99/><REACH who="0" ten="463,179,179,169" step="2"/><U64/><E43/><V117/><F117/><W119/><G97/><T126/><D126/><U65/><E32/><V10/><F10/><AGARI ba="2,1" hai="2,7,10,37,41,47,62,63,79,82,85,93,96,101" machi="10" ten="40,3900,0" yaku="1,1,52,1,53,0" doraHai="89" doraHaiUra="124" who="0" fromWho="2" sc="463,55,179,0,179,-45,169,0" /><INIT seed="0,3,0,0,5,111" ten="518,179,134,169" oya="0" hai0="34,9,48,121,85,101,131,124,18,90,55,53,122" hai1="63,11,61,96,13,42,135,118,105,69,73,25,84" hai2="7,64,32,86,91,52,12,128,109,36,49,119,116" hai3="133,114,15,33,17,30,60,70,95,80,44,10,47"/><T16/><D34/><U39/><E73/><V75/><F36/><W26/><G133/><T113/><D113/><U37/><E118/><N who="2" m="45099" /><F75/><W50/><G114/><T117/><D117/><U129/><E129/><V123/><F123/><W28/><G28/><T2/><D131/><U3/><E3/><V5/><F128/><W112/><G112/><T76/><D101/><U82/><E25/><V127/><F32/><W54/><G95/><T68/><D76/><U98/><E135/><V6/><F109/><W27/><G27/><T62/><D124/><U46/><E39/><V71/><F127/><W77/><G60/><T99/><D99/><U93/><E105/><V132/><F132/><W115/><G70/><T89/><D62/><U4/><E69/><V41/><F41/><W22/><G115/><T38/><D38/><U56/><E93/><N who="2" m="54519" /><F64/><W0/><G0/><T51/><D2/><U19/><E4/><V83/><F83/><W65/><G65/><T58/><D68/><U100/><E100/><V79/><F79/><W57/><REACH who="3" step="1"/><G33/><REACH who="3" ten="518,179,134,159" step="2"/><T20/><D122/><U94/><E94/><V81/><F71/><W97/><G97/><T104/><D121/><U130/><E130/><V120/><F120/><W66/><G66/><T110/><D110/><U23/><E61/><V78/><F12/><W43/><G43/><T134/><D134/><U35/><E35/><V45/><F81/><W29/><G29/><T72/><D104/><U102/><E102/><V21/><F21/><W108/><G108/><T107/><D107/><U24/><E23/><V103/><F103/><W40/><G40/><RYUUKYOKU ba="3,1" sc="518,-15,179,-15,134,15,159,15" hai2="5,6,7,45,49,52,78" hai3="10,15,17,22,26,30,44,47,50,54,57,77,80" /><INIT seed="1,4,1,3,4,48" ten="503,164,149,174" oya="1" hai0="93,94,16,110,134,123,46,97,117,25,84,18,61" hai1="59,40,9,64,51,126,130,35,114,66,55,129,78" hai2="52,106,20,135,32,128,3,58,80,131,30,5,65" hai3="76,86,0,60,63,19,38,82,100,120,91,71,41"/><U54/><E114/><V105/><F32/><W77/><G120/><T121/><D117/><U72/><E35/><V132/><F65/><N who="1" m="25193" /><E72/><V50/><F80/><W125/><G0/><T15/><D110/><U107/><E107/><N who="2" m="40971" /><F5/><W85/><G71/><T116/><D134/><N who="2" m="51242" /><F3/><W90/><G100/><T47/><D116/><U37/><E78/><V29/><F20/><W53/><G38/><T34/><D34/><U89/><E89/><V98/><F98/><W108/><G41/><T1/><D1/><U14/><E126/><V81/><F81/><N who="3" m="49487" /><G125/><T11/><D123/><U96/><E96/><V118/><F118/><W44/><G19/><T87/><D121/><U24/><E24/><V73/><F73/><W12/><G12/><T62/><D97/><U79/><E79/><N who="3" m="30282" /><G108/><T69/><D15/><U57/><E14/><V101/><F101/><W43/><G43/><T22/><D25/><U102/><E102/><V104/><N who="2" m="40979" /><V127/><DORA hai="27" /><F127/><W39/><G39/><T4/><D69/><U75/><E75/><V133/><N who="2" m="51250" /><V2/><DORA hai="13" /><F2/><W74/><G74/><T103/><D103/><U21/><E21/><V92/><F92/><W88/><G91/><T7/><D22/><U122/><E122/><V124/><F124/><W6/><G6/><T109/><D109/><U95/><E95/><V28/><AGARI ba="4,1" hai="28,29,30,50,52,58,128,131" m="51250,40979" machi="28" ten="60,12000,2" yaku="20,1,52,4,54,1" doraHai="48,27,13" who="2" fromWho="2" sc="503,-34,164,-64,149,142,174,-34" /><INIT seed="2,0,0,5,2,3" ten="469,100,291,140" oya="2" hai0="115,45,0,32,120,75,85,96,84,74,123,110,35" hai1="89,60,101,42,116,27,40,7,92,107,50,127,54" hai2="87,94,38,36,88,47,102,2,41,90,22,130,33" hai3="104,16,135,72,69,125,53,80,21,64,39,99,117"/><V18/><F33/><W52/><G117/><T14/><D14/><U86/><E116/><V44/><F130/><W65/><G39/><T57/><D57/><U12/><E127/><V5/><F102/><W28/><G125/><T78/><D0/><U118/><E118/><V67/><F67/><N who="3" m="25675" /><G72/><T122/><D45/><U6/><E107/><V55/><F90/><W97/><G104/><T77/><D115/><U62/><E101/><V48/><F38/><W114/><G69/><T17/><D17/><U61/><E27/><V133/><F133/><W24/><G135/><T31/><D31/><U108/><E108/><V109/><F109/><W49/><G80/><T131/><D110/><U4/><E12/><V82/><F82/><W10/><G114/><T8/><D8/><U98/><E98/><N who="3" m="37386" /><G49/><T129/><D123/><U70/><E70/><V46/><F46/><AGARI ba="0,0" hai="4,6,7,40,42,46,50,54,60,61,62,86,89,92" machi="46" ten="40,8000,1" yaku="8,1,52,3" doraHai="3" who="1" fromWho="2" sc="469,0,100,80,291,-80,140,0" /><INIT seed="3,0,0,3,5,7" ten="469,180,211,140" oya="3" hai0="130,69,13,129,55,124,76,37,2,133,28,126,56" hai1="79,112,16,46,123,115,75,35,74,20,85,36,53" hai2="122,68,57,39,73,34,23,26,103,128,98,108,135" hai3="88,93,120,4,5,104,27,22,96,118,10,86,117"/><W3/><G120/><T33/><D2/><U84/><E35/><V58/><F39/><W17/><REACH who="3" step="1"/><G5/><REACH who="3" ten="469,180,211,130" step="2"/><T30/><D130/><U15/><E123/><V105/><F128/><W6/><G6/><T110/><D129/><U51/><E112/><V63/><F122/><W42/><G42/><T49/><D126/><U102/><E115/><V21/><F135/><W19/><G19/><T131/><D124/><U0/><E0/><V12/><F108/><W44/><G44/><T52/><D131/><U47/><E47/><V101/><F101/><AGARI ba="0,1" hai="3,4,10,17,22,27,86,88,93,96,101,104,117,118" machi="101" ten="40,7700,0" yaku="1,1,52,1,54,1,53,0" doraHai="7" doraHaiUra="127" who="3" fromWho="2" sc="469,0,180,0,211,-77,130,87" /><INIT seed="3,1,0,5,4,45" ten="469,180,134,217" oya="3" hai0="53,41,130,48,80,24,66,77,113,70,120,124,96" hai1="81,49,128,17,119,121,36,18,42,60,9,12,83" hai2="39,97,0,43,103,28,85,23,33,29,32,133,104" hai3="123,71,92,58,129,27,134,131,63,13,74,59,55"/><W68/><G123/><T72/><D120/><U117/><E36/><V57/><F0/><W111/><G74/><T26/><D130/><U105/><E128/><N who="3" m="49226" /><G134/><T88/><D124/><U106/><E60/><V30/><F133/><W15/><G27/><T50/><D113/><U61/><E61/><V90/><F23/><W118/><G118/><N who="1" m="45066" /><E18/><V101/><F101/><W87/><G111/><T11/><D88/><U4/><E17/><V31/><N who="2" m="7168" /><DORA hai="122" /><V5/><F5/><W47/><G47/><T67/><D96/><U16/><E4/><V115/><F115/><W91/><G59/><T14/><D70/><AGARI ba="1,0" hai="13,15,55,58,63,68,70,71,87,91,92" m="49226" machi="70" ten="30,1500,0" yaku="19,1" doraHai="45,122" who="3" fromWho="0" sc="469,-18,180,0,134,0,217,18" /><INIT seed="3,2,0,4,4,20" ten="451,180,134,235" oya="3" hai0="109,45,57,6,40,133,116,34,134,51,123,86,1" hai1="41,11,119,48,67,110,63,132,106,104,75,19,66" hai2="84,118,28,72,37,98,9,76,70,135,10,130,5" hai3="83,69,55,111,36,95,60,101,22,91,53,35,26"/><W126/><G36/><T114/><D123/><U97/><E75/><V32/><F118/><W54/><G35/><T12/><D116/><U108/><E119/><V62/><F130/><W30/><G83/><T94/><D34/><U129/><E129/><V29/><F135/><N who="0" m="51722" /><D109/><N who="1" m="42091" /><E132/><V82/><F37/><W71/><G101/><T38/><D1/><U93/><E48/><V44/><F44/><W7/><G7/><T58/><D114/><U13/><E41/><V8/><F5/><W85/><G111/><T80/><D94/><U46/><E46/><V33/><F72/><W124/><REACH who="3" step="1"/><G60/><REACH who="3" ten="451,180,134,225" step="2"/><T17/><D6/><U121/><E121/><V89/><F33/><W100/><G100/><T125/><D38/><U115/><E115/><V103/><F76/><W127/><AGARI ba="2,1" hai="22,26,30,53,54,55,69,71,85,91,95,124,126,127" machi="127" ten="40,12000,1" yaku="1,1,0,1,18,1,52,1,53,0" doraHai="20" doraHaiUra="122" who="3" fromWho="3" sc="451,-42,180,-42,134,-42,225,136" /><INIT seed="3,3,0,5,1,95" ten="409,138,92,361" oya="3" hai0="57,39,74,56,9,133,98,51,85,3,21,23,19" hai1="6,94,115,120,81,13,116,87,17,44,62,2,36" hai2="93,32,40,30,1,26,101,77,24,18,76,69,42" hai3="43,72,38,128,33,67,131,52,70,135,0,103,132"/><W27/><G0/><T124/><D74/><U47/><E120/><V75/><F69/><W25/><G72/><T71/><D39/><U10/><E115/><V64/><F64/><W97/><G67/><T108/><D71/><U96/><E62/><V91/><F1/><W16/><G70/><T100/><D133/><N who="3" m="51273" /><G52/><T55/><D124/><U130/><E36/><V49/><F101/><W48/><G38/><T80/><D108/><U35/><E35/><V92/><F92/><N who="3" m="58791" /><G16/><T84/><D57/><U79/><E116/><V86/><F75/><W37/><G37/><T4/><D80/><U7/><E130/><N who="3" m="49706" /><G33/><T90/><D90/><U54/><E54/><V68/><F68/><W20/><G20/><T106/><D23/><U114/><E114/><V5/><F5/><W117/><G117/><T15/><AGARI ba="3,0" hai="3,4,9,15,19,21,51,55,56,84,85,98,100,106" machi="15" ten="20,2700,0" yaku="0,1,7,1,52,1" doraHai="95" who="0" fromWho="0" sc="409,36,138,-10,92,-10,361,-16" owari="445,54.5,128,-27.2,82,-41.8,345,14.5" /></mjloggm>