<mjloggm ver="2.3"><GO type="225" lobby="0"/><UN n0="%E3%81%97%E3%82%93%E3%81%97%E3%82%93%E3%81%97%E3%82%93" n1="%E5%AF%82%E5%AF%9E%E3%82%AE%E3%83%8D%E3%82%B9%E3%83%93%E3%83%BC%E3%83%AB" n2="%4B%2E%32%2E%4B%2E" n3="%E3%83%AD%E3%83%83%E3%83%86%E9%9B%80%E7%90%83" dan="16,16,16,17" rate="2082.09,2129.08,2066.35,2204.78" sx="F,M,M,M"/><TAIKYOKU oya="0"/><INIT seed="0,0,0,5,3,86" ten="250,250,250,250" oya="0" hai0="71,124,114,95,112,12,135,41,122,36,84,79,105" hai1="49,109,127,78,1,34,106,55,91,131,51,11,9" hai2="53,3,25,66,116,48,70,58,88,8,15,108,21" hai3="6,43,130,85,47,7,121,76,99,73,29,0,133"/><T111/><D71/><U82/><E34/><V123/><F123/><W110/><G110/><T57/><D41/><U64/><E106/><V27/><F3/><W46/><G73/><T68/><D36/><U38/><E38/><V87/><F108/><W19/><G0/><T18/><D68/><U33/><E109/><V50/><F116/><W81/><G133/><T83/><D105/><U14/><E33/><V40/><F70/><W60/><G130/><T119/><D111/><U52/><E64/><V24/><F66/><W100/><G121/><T126/><D119/><U32/><E32/><V5/><F40/><W56/><G19/><T97/><D122/><U17/><E131/><V134/><F134/><W59/><G29/><T96/><D135/><U44/><E127/><N who="0" m="48681" /><D57/><N who="1" m="32911" /><E1/><V39/><F39/><W69/><G59/><T120/><D120/><U90/><E9/><V2/><F48/><N who="3" m="26719" /><G47/><T13/><D13/><U28/><E28/><N who="2" m="17423" /><F2/><W128/><G69/><T113/><D95/><AGARI ba="0,0" hai="5,8,15,25,27,50,53,58,87,88,95" m="17423" machi="95" ten="30,3900,0" yaku="8,1,52,1,54,1" doraHai="86" who="2" fromWho="0" sc="250,-39,250,0,250,39,250,0" /><INIT seed="1,0,0,1,5,38" ten="211,250,289,250" oya="1" hai0="89,11,135,18,102,44,37,105,122,96,119,132,51" hai1="0,115,9,110,128,48,129,5,109,69,26,47,13" hai2="4,91,6,75,14,50,53,103,1,78,24,66,86" hai3="64,107,32,123,10,42,118,101,111,127,100,8,31"/><U84/><E69/><V2/><F103/><W41/><G123/><T124/><D119/><U65/><E65/><V15/><F66/><W81/><G118/><T63/><D37/><U93/><E115/><V33/><F75/><W36/><G36/><T62/><D124/><U116/><E116/><V25/><F78/><W106/><G64/><T61/><D122/><U55/><E26/><N who="2" m="10347" /><F1/><W131/><G31/><T130/><D130/><N who="1" m="50283" /><E0/><V35/><F2/><W120/><G131/><T125/><D125/><U20/><E20/><V85/><F85/><W52/><G120/><T76/><D76/><U98/><E84/><V80/><F33/><W77/><G77/><T83/><D83/><U113/><E113/><V30/><F30/><W7/><G81/><T82/><D82/><U3/><E3/><V92/><F35/><W49/><G32/><T39/><D89/><AGARI ba="0,0" hai="5,9,13,47,48,55,89,93,98,109,110" m="50283" machi="89" ten="30,1500,0" yaku="19,1" doraHai="38" who="1" fromWho="0" sc="211,-15,250,15,289,0,250,0" /><INIT seed="1,1,0,0,5,86" ten="196,265,289,250" oya="1" hai0="30,24,66,43,69,98,12,87,13,40,42,8,106" hai1="50,32,99,39,133,108,104,90,16,31,5,53,36" hai2="113,110,11,14,60,88,51,20,6,33,29,80,64" hai3="101,41,22,100,56,93,97,95,121,19,132,78,105"/><U128/><E128/><V49/><F33/><W4/><G132/><T77/><D77/><U84/><E133/><V62/><F110/><W27/><G121/><T67/><D87/><U45/><E5/><V123/><F123/><W28/><G4/><T109/><D109/><U70/><E70/><V96/><F113/><W52/><G41/><T112/><D112/><U35/><E108/><V9/><F9/><W102/><G78/><T134/><D134/><U119/><E119/><V7/><F7/><W135/><G135/><T37/><D37/><U15/><E99/><V68/><F80/><W44/><G44/><T74/><D74/><U130/><E104/><V1/><F1/><W82/><G82/><T94/><D106/><U59/><E130/><V58/><F29/><W117/><G117/><T3/><D3/><U2/><E2/><V76/><F20/><N who="3" m="15463" /><G95/><T125/><D125/><U72/><E72/><V63/><F76/><W122/><G105/><T127/><D127/><U92/><E45/><V91/><F62/><N who="3" m="36103" /><G122/><T71/><D69/><U38/><REACH who="1" step="1"/><E31/><REACH who="1" ten="196,255,289,250" step="2"/><V103/><F68/><W131/><G131/><T55/><D71/><U0/><E0/><V21/><F6/><W89/><G102/><T17/><D13/><AGARI ba="1,1" hai="13,19,22,89,93,97,100,101" m="36103,15463" machi="13" ten="30,3900,0" yaku="8,1,52,1,54,1" doraHai="86" who="3" fromWho="0" sc="196,-42,255,0,289,0,250,52" /><INIT seed="2,0,0,4,3,13" ten="154,255,289,302" oya="2" hai0="28,106,107,63,33,46,20,41,8,1,110,75,99" hai1="101,66,105,37,42,95,6,96,38,78,73,129,79" hai2="94,91,5,11,12,116,98,118,31,55,84,4,64" hai3="44,47,58,16,56,50,80,7,70,9,127,60,89"/><V18/><F64/><W104/><G104/><T109/><D75/><U36/><E129/><V115/><F115/><W43/><G127/><T67/><D20/><U122/><E122/><V53/><F31/><W19/><G70/><T103/><D106/><U48/><E66/><V87/><F116/><W81/><G47/><T117/><D117/><U3/><E95/><V133/><F133/><W54/><G58/><T65/><D65/><U124/><E124/><V30/><F30/><W71/><G71/><T34/><D46/><U88/><E48/><V52/><F118/><W68/><G68/><T15/><D41/><U119/><E42/><V121/><F121/><W92/><G81/><T132/><D132/><U17/><E119/><V85/><AGARI ba="0,0" hai="4,5,11,12,18,52,53,55,84,85,87,91,94,98" machi="85" ten="30,11700,0" yaku="0,1,8,1,52,1,54,1" doraHai="13" who="2" fromWho="2" sc="154,-39,255,-39,289,117,302,-39" /><INIT seed="2,1,0,4,1,98" ten="115,216,406,263" oya="2" hai0="20,7,134,53,124,37,80,109,122,25,29,6,13" hai1="48,106,49,120,12,135,116,56,67,4,16,34,111" hai2="100,99,131,68,38,88,71,8,85,110,52,42,18" hai3="44,36,82,78,104,117,87,91,107,96,108,74,60"/><V79/><F79/><W101/><G108/><T114/><D37/><U128/><E116/><V54/><F110/><W130/><G130/><T43/><D43/><U24/><E111/><V94/><F131/><W112/><G112/><T64/><D64/><U89/><E128/><V61/><F42/><W102/><G60/><T75/><D109/><U33/><E106/><N who="3" m="40490" /><G44/><T113/><D53/><U72/><E72/><V27/><F38/><W26/><G26/><T51/><D51/><U5/><E120/><V105/><F27/><W65/><G65/><T9/><D80/><U30/><E33/><V95/><F105/><W40/><G40/><T35/><D75/><U83/><E135/><V22/><F22/><W15/><G15/><T123/><D134/><U59/><E49/><V28/><F28/><W1/><G1/><T39/><D39/><U126/><E59/><V31/><F31/><W132/><G36/><T125/><D7/><U11/><E67/><V127/><F61/><W32/><G32/><T73/><D73/><U47/><E56/><V21/><F21/><W45/><G45/><T58/><D58/><U81/><E48/><V86/><F68/><W57/><G57/><T63/><D63/><U84/><E47/><V23/><F23/><W62/><G62/><T46/><D46/><U119/><E81/><V97/><F54/><W14/><G132/><T0/><D114/><U115/><E115/><V92/><F52/><W10/><G117/><T118/><D113/><U55/><E119/><V121/><F71/><W77/><G74/><T19/><D118/><U93/><E55/><RYUUKYOKU ba="1,0" sc="115,30,216,-10,406,-10,263,-10" hai0="0,6,9,13,19,20,25,29,35,122,123,124,125" /><INIT seed="3,2,0,0,0,113" ten="145,206,396,253" oya="3" hai0="105,40,63,35,47,53,22,9,128,119,7,4,45" hai1="37,29,12,107,66,61,1,38,72,120,15,54,43" hai2="71,114,85,133,6,135,21,26,8,18,109,101,25" hai3="42,97,98,78,89,76,132,24,121,60,110,32,116"/><W99/><G60/><T82/><D128/><U46/><E1/><N who="2" m="79" /><F71/><W13/><G13/><T134/><D105/><U111/><E120/><V44/><F114/><W48/><G48/><T51/><D35/><U75/><E107/><V123/><F123/><W2/><G24/><T39/><D134/><N who="2" m="51210" /><F109/><W80/><G42/><T87/><D22/><U125/><E75/><V124/><F124/><W59/><G59/><T49/><D63/><U68/><E72/><V27/><F101/><W30/><G30/><T86/><D86/><U104/><E29/><V79/><F44/><W3/><G3/><T20/><D20/><U73/><E73/><V106/><F106/><W64/><G64/><T126/><D126/><U83/><E66/><V90/><F79/><W34/><G2/><T77/><D39/><U56/><E38/><V96/><F96/><W93/><G98/><T23/><D119/><U10/><E37/><V31/><F31/><W65/><G116/><T33/><D33/><U131/><E125/><V55/><F55/><W5/><G99/><T102/><D102/><U115/><E54/><V127/><F127/><W122/><G97/><T28/><D9/><U91/><E111/><V17/><F21/><W67/><G110/><T0/><D0/><U36/><E10/><V57/><F57/><W108/><G34/><T19/><REACH who="0" step="1"/><D28/><REACH who="0" ten="135,206,396,253" step="2"/><U11/><E11/><V88/><F85/><W62/><G32/><T118/><D118/><U14/><E36/><V84/><F84/><W16/><G132/><T58/><D58/><U129/><E56/><V70/><F70/><W100/><G108/><RYUUKYOKU ba="2,1" sc="135,15,206,-15,396,15,253,-15" hai0="4,7,19,23,40,45,47,49,51,53,77,82,87" hai2="17,18,25,26,27,88,90" owari="150,-35.0,191,-20.9,421,52.1,238,3.8" /></mjloggm>