<mjloggm ver="2.3"><GO type="225" lobby="0"/><UN n0="%E3%81%A8%E3%82%93%E3%81%A8%E3%81%93%E3%81%A8%E3%82%93" n1="%6D%75%75%6D%75%72%61" n2="%E3%82%AD%E3%83%B3%E3%82%B0%E3%81%82%E3%81%A4%E3%81%97" n3="%E5%B8%86%E7%AB%8B%E5%A4%8F%E8%A1%A3" dan="16,17,17,16" rate="2067.61,2197.40,2186.22,2130.42" sx="M,F,M,M"/><TAIKYOKU oya="0"/><INIT seed="0,0,0,4,4,39" ten="250,250,250,250" oya="0" hai0="29,76,68,9,88,123,27,95,34,83,49,111,116" hai1="108,98,0,10,104,70,85,91,121,38,25,100,120" hai2="102,119,30,3,42,62,37,106,66,122,63,127,24" hai3="41,4,74,54,125,51,5,115,19,97,94,36,28"/><T21/><D116/><U35/><E108/><V78/><F122/><W107/><G107/><T129/><D123/><U45/><E70/><V7/><F127/><W1/><G115/><T59/><D68/><U135/><E135/><V96/><F119/><W75/><G125/><T117/><D117/><U47/><E0/><V113/><F113/><W11/><G5/><T134/><D129/><U26/><E10/><N who="2" m="2431" /><F63/><W48/><G28/><T56/><D134/><U6/><E6/><V50/><F50/><W65/><G65/><T81/><D111/><U15/><E15/><V109/><F78/><W46/><G19/><T40/><D34/><U72/><E72/><V131/><F109/><W43/><G36/><T130/><D9/><U99/><E99/><V69/><F131/><W57/><REACH who="3" step="1"/><G43/><REACH who="3" ten="250,250,250,240" step="2"/><T114/><D114/><U58/><E38/><V22/><F42/><W14/><G14/><T82/><D130/><U8/><E120/><V52/><F37/><W33/><G33/><T32/><D32/><U93/><E121/><V71/><F66/><W89/><AGARI ba="0,1" hai="1,4,11,41,46,48,51,54,57,74,75,89,94,97" machi="89" ten="20,5200,0" yaku="1,1,0,1,7,1,52,1,53,0" doraHai="39" doraHaiUra="31" who="3" fromWho="3" sc="250,-26,250,-13,250,-13,240,62" /><INIT seed="1,0,0,1,2,48" ten="224,237,237,302" oya="1" hai0="61,119,103,24,112,31,47,70,109,54,36,8,29" hai1="135,9,101,64,42,43,72,121,14,21,110,117,96" hai2="71,74,66,7,65,0,125,118,84,10,12,116,28" hai3="6,133,127,115,76,30,27,2,79,78,62,56,81"/><U58/><E117/><V44/><F74/><W5/><G115/><T1/><D112/><U33/><E121/><V82/><F125/><W18/><G133/><T55/><D119/><U134/><E33/><V59/><F71/><W83/><G127/><T104/><D109/><U32/><E32/><V102/><F28/><W11/><G18/><T85/><D85/><U114/><E72/><V39/><F102/><W126/><G126/><T34/><D31/><U19/><E114/><V17/><F39/><W46/><G46/><T69/><D36/><U132/><E110/><V107/><F44/><W113/><G113/><T49/><D1/><U35/><E35/><V130/><F107/><W41/><G41/><T128/><D8/><U120/><E120/><V40/><F40/><W20/><REACH who="3" step="1"/><G6/><REACH who="3" ten="224,237,237,292" step="2"/><T25/><D128/><U94/><E42/><V53/><F130/><W92/><G92/><T77/><D77/><U97/><E43/><V37/><F37/><W23/><G23/><T95/><D95/><U22/><REACH who="1" step="1"/><E97/><REACH who="1" ten="224,227,237,292" step="2"/><V50/><F116/><W60/><G60/><AGARI ba="0,2" hai="9,14,19,21,22,58,60,64,94,96,101,132,134,135" machi="60" ten="40,7700,0" yaku="1,1,2,1,20,1,53,0" doraHai="48" doraHaiUra="38" who="1" fromWho="3" sc="224,0,227,97,237,0,292,-77" /><INIT seed="1,1,0,1,5,35" ten="224,324,237,215" oya="1" hai0="18,50,57,75,131,17,11,27,28,67,81,40,65" hai1="93,30,33,26,122,25,71,97,79,8,51,23,111" hai2="34,133,124,101,61,49,7,39,16,80,94,36,114" hai3="73,99,117,12,106,108,70,14,123,110,31,76,77"/><U126/><E122/><V9/><F34/><W68/><G31/><T112/><D112/><U127/><E71/><N who="3" m="27178" /><G123/><T125/><D125/><U55/><E111/><N who="3" m="42538" /><G117/><T63/><D131/><U44/><E79/><N who="3" m="30282" /><G73/><T2/><D67/><U119/><E119/><V62/><F124/><W59/><G59/><T134/><D75/><U102/><REACH who="1" step="1"/><E8/><REACH who="1" ten="224,314,237,215" step="2"/><V130/><F9/><W60/><G60/><T82/><D11/><U53/><E53/><V113/><F62/><W24/><G24/><T98/><D27/><U15/><E15/><N who="3" m="5674" /><G99/><T84/><D98/><U46/><E46/><V115/><F61/><W52/><G52/><T91/><D63/><U41/><E41/><V43/><F43/><W78/><G78/><T74/><D40/><U42/><E42/><V29/><F114/><W109/><G109/><T58/><D74/><U121/><E121/><V116/><F113/><W10/><G10/><T66/><D65/><U45/><E45/><V88/><F115/><W21/><G21/><T3/><D66/><U118/><E118/><V120/><F116/><W19/><G19/><AGARI ba="1,1" hai="19,23,25,26,30,33,44,51,55,93,97,102,126,127" machi="19" ten="40,3900,0" yaku="1,1,53,1" doraHai="35" doraHaiUra="13" who="1" fromWho="3" sc="224,0,314,52,237,0,215,-42" /><INIT seed="1,2,0,2,0,134" ten="224,366,237,173" oya="1" hai0="86,56,6,97,125,83,23,68,0,119,115,9,39" hai1="13,107,15,36,79,37,59,90,3,120,121,26,112" hai2="99,20,84,5,2,105,114,116,122,24,58,42,100" hai3="19,34,108,51,103,67,93,81,53,29,104,94,10"/><U109/><E112/><V49/><F122/><W17/><G108/><T129/><D68/><U133/><E133/><V12/><F116/><W41/><G104/><T73/><D119/><U72/><E3/><V96/><F114/><W80/><G34/><T135/><D115/><U131/><E109/><V102/><F2/><W71/><G71/><T7/><D135/><U45/><E107/><V118/><F118/><W43/><G67/><T106/><D39/><U14/><E131/><V127/><F84/><W63/><G63/><T78/><D129/><U130/><E130/><V75/><F75/><W55/><G29/><T54/><D7/><U31/><E59/><V77/><F77/><W92/><G103/><T52/><D23/><U27/><E90/><V28/><F127/><W22/><G22/><T91/><D56/><U21/><E27/><V61/><F49/><W128/><G128/><T62/><D62/><U87/><E72/><V132/><F42/><N who="3" m="15883" /><G51/><T69/><D69/><U8/><E45/><V25/><F25/><W32/><G32/><T95/><D125/><U35/><E35/><V82/><F132/><W46/><G46/><T117/><D117/><U124/><E124/><V50/><F50/><W11/><G55/><T123/><D123/><U48/><E48/><V126/><F126/><W57/><G57/><T98/><D98/><N who="2" m="37418" /><F105/><W65/><G65/><T74/><D73/><U33/><E120/><V101/><F101/><AGARI ba="2,0" hai="0,6,9,52,54,74,78,83,86,91,95,97,101,106" machi="101" ten="40,5200,0" yaku="24,2,54,1" doraHai="134" who="0" fromWho="2" sc="224,58,366,0,237,-58,173,0" /><INIT seed="2,0,0,4,5,73" ten="282,366,179,173" oya="2" hai0="99,17,121,94,125,60,51,108,31,5,135,27,54" hai1="7,16,61,45,50,64,78,124,23,8,57,87,109" hai2="6,119,126,46,4,92,95,89,96,128,1,44,33" hai3="43,21,100,91,14,107,32,55,118,81,116,115,13"/><V101/><F119/><W22/><G32/><T105/><D121/><U117/><E117/><V53/><F33/><W74/><G43/><T48/><D105/><U56/><E109/><V30/><F30/><W84/><G115/><T68/><D108/><U58/><E124/><V132/><F126/><W103/><G74/><T63/><D125/><U65/><E65/><V41/><F128/><W75/><G75/><T37/><D37/><U133/><E133/><V123/><F132/><W19/><G55/><T98/><D5/><N who="2" m="2154" /><F1/><W71/><G71/><T127/><D127/><U59/><E7/><V3/><F3/><W42/><G42/><T26/><D135/><U90/><E8/><V24/><F123/><W40/><G40/><T12/><D68/><U35/><E35/><V10/><F24/><W70/><G70/><T0/><D0/><U34/><E34/><V20/><F20/><W77/><G107/><T104/><D104/><U52/><E23/><V79/><F10/><W88/><G118/><T72/><D72/><U18/><E78/><V83/><F41/><W15/><G116/><T129/><D129/><U111/><E111/><V80/><F79/><W97/><G77/><T114/><D114/><U25/><E25/><V131/><F131/><W66/><G66/><T62/><D27/><U47/><E47/><N who="2" m="17963" /><F53/><W106/><G106/><T93/><D54/><U36/><E36/><V9/><F9/><W69/><G69/><T112/><D112/><U2/><E2/><V85/><AGARI ba="0,0" hai="80,83,85,89,92,95,96,101" m="17963,2154" machi="85" ten="30,1500,0" yaku="8,1" doraHai="73" who="2" fromWho="2" sc="282,-5,366,-5,179,15,173,-5" /><INIT seed="2,1,0,0,0,21" ten="277,361,194,168" oya="2" hai0="62,69,66,59,109,68,23,135,131,47,5,12,67" hai1="112,125,119,82,78,55,81,73,36,54,83,44,11" hai2="57,29,127,34,123,86,51,31,96,17,98,130,101" hai3="110,85,15,19,65,87,132,56,22,102,106,18,71"/><V75/><F75/><W122/><G122/><T1/><D109/><U93/><E112/><V7/><F123/><W90/><G71/><T37/><D131/><U95/><E119/><V116/><F116/><W76/><G110/><T114/><D114/><U48/><E36/><V20/><F34/><W79/><G132/><T77/><D135/><U41/><E125/><V10/><F127/><W6/><G102/><T39/><D1/><U43/><E73/><V97/><F130/><W89/><G106/><T2/><D2/><U117/><E117/><V27/><F101/><W25/><G6/><T100/><D77/><U38/><E38/><V129/><F86/><W40/><G40/><N who="1" m="15434" /><E78/><V103/><F103/><W52/><G65/><T63/><D100/><U26/><E11/><V94/><F94/><N who="1" m="35849" /><E54/><N who="2" m="31967" /><F129/><W64/><G64/><T13/><D47/><U14/><E14/><AGARI ba="1,0" hai="7,10,14,17,20,27,29,31,96,97,98" m="31967" machi="14" ten="30,2900,0" yaku="8,1,52,1" doraHai="21" who="2" fromWho="1" sc="277,0,361,-32,194,32,168,0" /><INIT seed="2,2,0,4,0,106" ten="277,329,226,168" oya="2" hai0="42,23,65,69,10,66,86,29,18,45,59,49,44" hai1="8,52,97,51,129,123,81,131,73,110,60,41,83" hai2="92,94,116,108,90,35,98,126,117,96,24,135,34" hai3="128,47,5,79,104,6,4,122,58,102,76,26,13"/><V89/><F24/><W22/><G122/><T134/><D134/><U78/><E123/><V82/><F135/><W57/><G128/><N who="1" m="49226" /><E110/><V40/><F40/><W14/><G104/><T16/><D69/><U48/><E81/><V74/><F126/><W32/><G32/><T99/><D99/><U11/><E97/><V103/><F108/><W33/><G33/><T93/><D45/><N who="1" m="25647" /><E60/><V9/><F9/><W95/><G47/><AGARI ba="2,0" hai="8,11,47,51,52,73,78,83" m="25647,49226" machi="47" ten="30,3900,0" yaku="19,1,52,1,54,1" doraHai="106" who="1" fromWho="3" sc="277,0,329,45,226,0,168,-45" /><INIT seed="3,0,0,4,2,2" ten="277,374,226,123" oya="3" hai0="61,57,127,121,71,17,118,60,81,114,85,11,8" hai1="129,34,23,35,45,115,36,65,126,5,21,30,15" hai2="134,95,72,16,105,111,112,52,79,9,43,64,26" hai3="103,37,19,67,20,10,50,42,4,62,31,77,101"/><W98/><G37/><T70/><D118/><U123/><E115/><V88/><F112/><W48/><G31/><T100/><D121/><U75/><E123/><V40/><F105/><W109/><G109/><T0/><D114/><U120/><E75/><V93/><F134/><W68/><G77/><T91/><D127/><U6/><E120/><V89/><F72/><W102/><G98/><T32/><D32/><U13/><E126/><V86/><F79/><W76/><G76/><T132/><D100/><U84/><E129/><V28/><F64/><W39/><G39/><T14/><D61/><U82/><E35/><V83/><F83/><W66/><G66/><T69/><D132/><U38/><E34/><V90/><F90/><W54/><G42/><T104/><D104/><U130/><E36/><V7/><F52/><W78/><G78/><T49/><D49/><U125/><E130/><V122/><F111/><W113/><G113/><T44/><D44/><U1/><E1/><V47/><F47/><W56/><G50/><T128/><D128/><U33/><E33/><V53/><F53/><W106/><G106/><T24/><D0/><U18/><E125/><V133/><F133/><W110/><G110/><T46/><D46/><U12/><E65/><V3/><F122/><W135/><G135/><T63/><D63/><U59/><E59/><V124/><F124/><W97/><G97/><T22/><D24/><N who="1" m="16655" /><E45/><V58/><F58/><W94/><G94/><T27/><D27/><N who="1" m="14839" /><E38/><V116/><F116/><W107/><G107/><T73/><D73/><U41/><E41/><V131/><F131/><RYUUKYOKU ba="0,0" sc="277,15,374,15,226,-15,123,-15" hai0="8,11,14,17,22,57,60,69,70,71,81,85,91" hai1="5,6,12,13,15,82,84" owari="292,9.2,389,48.9,211,-18.9,108,-39.2" /></mjloggm>