<mjloggm ver="2.3"><GO type="225" lobby="0"/><UN n0="%E6%98%93%E5%88%A9%E8%96%A9%E4%BC%AF" n1="%E3%82%BC%E3%83%AB%E3%83%80%E3%81%AE%E4%BC%9D%E8%AA%AC" n2="%E3%81%B2%E3%81%AA%E3%81%AE%E3%82%8A%E3%81%8F" n3="%E3%83%8F%E3%82%A4%E3%83%91%E3%83%BC%E3%83%84%E3%83%8A%E7%BC%B6" dan="16,17,17,16" rate="2070.66,2150.76,2154.05,2085.49" sx="F,M,M,M"/><TAIKYOKU oya="0"/><INIT seed="0,0,0,4,5,34" ten="250,250,250,250" oya="0" hai0="63,61,126,1,106,29,8,7,11,119,33,125,113" hai1="59,132,93,76,67,134,43,56,99,40,42,31,51" hai2="133,25,100,36,55,97,102,131,28,85,9,112,66" hai3="135,104,83,41,32,10,92,73,120,70,15,80,116"/><T89/><D113/><U107/><E107/><V129/><F112/><W5/><G104/><T124/><D106/><U117/><E117/><V30/><F36/><W2/><G116/><T37/><D37/><U127/><E76/><V39/><F39/><W130/><G70/><T68/><D119/><U123/><E123/><V19/><F133/><N who="1" m="51305" /><E31/><V53/><F66/><W110/><G32/><T44/><D44/><U0/><E127/><V74/><F74/><W77/><G135/><T88/><D11/><U108/><E108/><V38/><F85/><W114/><G114/><T54/><D54/><N who="1" m="31839" /><E0/><V118/><F38/><W90/><G110/><T52/><D68/><U17/><E17/><V101/><F97/><W21/><G120/><T115/><D115/><U84/><E84/><V105/><F105/><W81/><G41/><T62/><D52/><N who="2" m="20042" /><F118/><W72/><G72/><T65/><D65/><U69/><E69/><V98/><F98/><W87/><G130/><N who="2" m="49673" /><F9/><W3/><REACH who="3" step="1"/><G21/><AGARI ba="0,0" hai="19,21,25,28,30,100,101,102" m="49673,20042" machi="21" ten="40,2600,0" yaku="19,1,54,1" doraHai="34" who="2" fromWho="3" sc="250,0,250,0,250,26,250,-26" /><INIT seed="1,0,0,3,2,115" ten="250,250,276,224" oya="1" hai0="88,81,123,90,42,67,36,104,71,26,77,44,70" hai1="132,56,108,82,113,2,38,68,117,126,48,64,93" hai2="23,131,124,9,27,111,21,19,105,29,53,14,58" hai3="40,135,107,84,134,5,47,3,129,43,31,60,110"/><U80/><E113/><V91/><F111/><W118/><G107/><T11/><D123/><U100/><E2/><V46/><F131/><W8/><G110/><T22/><D104/><U35/><E108/><V59/><F105/><W74/><G74/><T20/><D11/><U76/><E35/><V112/><F112/><W45/><G129/><T99/><D22/><U12/><E126/><V121/><F121/><W75/><G75/><T69/><D67/><U101/><E38/><V28/><F124/><W6/><G31/><T55/><D55/><U102/><E132/><V39/><F91/><W120/><G120/><T122/><D99/><U25/><E117/><V63/><F59/><W98/><G98/><T57/><D57/><U79/><E68/><V92/><F92/><W65/><G84/><T15/><D15/><U89/><E25/><V37/><F46/><W106/><G106/><T41/><D41/><U4/><E93/><V73/><F73/><W0/><G65/><T87/><REACH who="0" step="1"/><D122/><REACH who="0" ten="240,250,276,224" step="2"/><U18/><E56/><V78/><F23/><W1/><G1/><T50/><D50/><U130/><E48/><V95/><F29/><AGARI ba="0,1" hai="20,26,29,36,42,44,69,70,71,77,81,87,88,90" machi="29" ten="40,5200,0" yaku="1,1,54,1,53,1" doraHai="115" doraHaiUra="16" who="0" fromWho="2" sc="240,62,250,0,276,-52,224,0" /><INIT seed="2,0,0,1,1,90" ten="302,250,224,224" oya="2" hai0="24,106,4,117,101,72,134,9,66,128,67,14,115" hai1="53,93,57,16,85,76,13,55,47,127,37,43,48" hai2="7,69,1,78,46,88,31,133,39,30,32,86,109" hai3="111,44,61,92,116,125,62,97,77,10,102,45,124"/><V18/><F133/><W119/><G10/><T29/><D115/><U73/><E127/><N who="3" m="48714" /><G77/><T6/><D72/><U120/><E120/><V83/><F69/><W135/><G135/><T56/><D128/><U17/><E73/><V114/><F114/><W84/><G84/><T110/><D110/><U64/><E64/><V121/><F121/><W75/><G75/><T21/><D117/><N who="3" m="45129" /><G111/><T65/><D134/><U68/><E68/><V80/><F109/><W113/><G113/><T8/><D106/><U63/><E13/><V89/><F32/><W42/><G44/><T25/><D25/><U130/><E130/><V70/><F70/><W26/><G26/><T3/><REACH who="0" step="1"/><D101/><REACH who="0" ten="292,250,224,224" step="2"/><U104/><E104/><V51/><F31/><W41/><G41/><T79/><D79/><U15/><E76/><V81/><F30/><W112/><G112/><T95/><D95/><U94/><E94/><V36/><F78/><W22/><G22/><T49/><D49/><AGARI ba="0,1" hai="42,45,49,61,62,92,97,102" m="45129,48714" machi="49" ten="30,2000,0" yaku="18,1,52,1" doraHai="90" who="3" fromWho="0" sc="292,-20,250,0,224,0,224,30" /><INIT seed="3,0,0,1,3,0" ten="272,250,224,254" oya="3" hai0="124,61,24,81,71,115,98,45,114,1,7,109,111" hai1="14,93,6,97,118,57,15,35,19,16,88,42,119" hai2="132,94,22,54,38,74,82,51,89,9,62,39,52" hai3="47,31,13,112,134,58,11,117,76,30,122,49,17"/><W32/><G76/><T129/><D129/><U43/><E35/><V36/><F132/><W60/><G112/><N who="0" m="43051" /><D81/><U55/><E118/><V123/><F123/><W4/><G122/><T29/><D98/><U33/><E33/><V85/><F62/><W125/><G125/><T113/><D45/><U108/><E108/><N who="0" m="41545" /><D113/><U63/><E119/><V10/><F22/><W130/><G134/><T64/><D124/><U26/><E26/><V20/><F20/><W126/><G126/><T107/><D107/><U66/><E66/><V18/><F54/><N who="3" m="33879" /><G32/><N who="0" m="20519" /><D7/><U67/><E6/><V87/><F74/><W72/><G72/><T75/><D75/><U86/><E97/><V99/><F85/><W68/><G130/><T5/><D5/><U21/><E67/><V79/><REACH who="2" step="1"/><F18/><REACH who="2" ten="272,250,214,254" step="2"/><W2/><G2/><AGARI ba="0,1" hai="1,2,61,64,71" m="20519,41545,43051" machi="2" ten="30,3900,0" yaku="11,1,14,1,23,1" doraHai="0" who="0" fromWho="3" sc="272,49,250,0,214,0,254,-39" owari="321,42.1,250,5.0,214,-28.6,215,-18.5" /></mjloggm>