<mjloggm ver="2.3"><GO type="225" lobby="0"/><UN n0="%E5%8F%AF%E5%85%90%E9%82%A3%E7%94%B1%E5%A4%9A" n1="%E6%AB%BB%E4%BA%95%E5%A5%8F" n2="%E3%81%AF%E3%82%88%E3%81%8A%E3%81%98%E3%81%95%E3%82%93" n3="%E3%81%8C%E3%81%9F" dan="17,17,17,17" rate="2247.56,2215.92,2160.66,2193.17" sx="F,M,M,F"/><TAIKYOKU oya="0"/><INIT seed="0,0,0,4,2,22" ten="250,250,250,250" oya="0" hai0="132,1,52,61,93,44,46,98,13,9,35,64,99" hai1="89,51,107,101,115,75,119,134,10,110,33,6,42" hai2="100,2,60,26,70,59,78,68,5,111,88,21,112" hai3="45,43,116,108,11,90,39,19,122,62,24,3,7"/><T123/><D123/><U79/><E119/><V4/><F112/><W37/><G116/><T14/><D132/><U104/><E33/><V15/><F2/><W29/><G122/><T76/><D35/><U41/><E110/><V103/><F111/><W77/><G108/><T91/><D76/><U17/><E115/><V133/><F133/><W48/><G77/><T18/><D1/><U118/><E118/><V53/><F78/><W23/><G90/><T102/><D13/><U97/><E134/><V54/><F70/><W117/><G117/><T16/><D18/><U0/><E107/><V80/><F68/><W84/><G84/><T69/><REACH who="0" step="1"/><D52/><REACH who="0" ten="240,250,250,250" step="2"/><N who="2" m="20074" /><F15/><W66/><REACH who="3" step="1"/><G19/><REACH who="3" ten="240,250,250,240" step="2"/><T124/><D124/><U67/><E17/><N who="2" m="12591" /><F4/><W8/><G8/><T125/><D125/><U32/><E10/><V106/><F5/><W85/><G85/><T73/><D73/><U71/><E6/><V126/><F126/><W113/><G113/><T20/><D20/><U114/><E75/><V129/><F129/><W72/><G72/><T30/><D30/><U120/><E79/><V36/><F36/><W58/><AGARI ba="0,2" hai="3,7,11,23,24,29,37,39,43,45,48,58,62,66" machi="58" ten="20,8000,1" yaku="1,1,0,1,7,1,52,1,53,1" doraHai="22" doraHaiUra="63" who="3" fromWho="3" sc="240,-40,250,-20,250,-20,240,100" /><INIT seed="1,0,0,2,0,133" ten="200,230,230,340" oya="1" hai0="43,3,94,51,135,124,118,82,8,37,74,38,90" hai1="36,46,72,126,83,110,108,85,80,61,20,22,114" hai2="96,35,79,89,41,109,97,44,122,21,29,17,121" hai3="86,112,127,26,33,60,73,129,113,12,93,119,92"/><U71/><E114/><V76/><F109/><N who="1" m="42089" /><E126/><V128/><F128/><W28/><G73/><T66/><D118/><U98/><E72/><V54/><F35/><W103/><G129/><T24/><D135/><U15/><E98/><V27/><F54/><W132/><G132/><T123/><D123/><U106/><E106/><V50/><F122/><W47/><G119/><T0/><D66/><N who="1" m="41423" /><E15/><V64/><F121/><W120/><G120/><T57/><D124/><U134/><E134/><V115/><F115/><W117/><G117/><T16/><D74/><U30/><E30/><V19/><F64/><W39/><G127/><T69/><D0/><U6/><E6/><V9/><F97/><W40/><G12/><T131/><D3/><U105/><E105/><V53/><F29/><W4/><G4/><T56/><D131/><U23/><E85/><V62/><F19/><W42/><G86/><T31/><D16/><U91/><E91/><V77/><F9/><W49/><G103/><T70/><D8/><U125/><E125/><V102/><F89/><W100/><G100/><T75/><D31/><U65/><E65/><V11/><F11/><W45/><G112/><T48/><D90/><U5/><E5/><V13/><F13/><W95/><G113/><T2/><D2/><U10/><E10/><V68/><F68/><W63/><AGARI ba="0,0" hai="26,28,33,39,40,42,45,47,49,60,63,92,93,95" machi="63" ten="30,1100,0" yaku="0,1" doraHai="133" who="3" fromWho="3" sc="200,-3,230,-5,230,-3,340,11" /><INIT seed="2,0,0,0,1,97" ten="197,225,227,351" oya="2" hai0="5,125,102,104,13,80,62,134,132,42,85,17,99" hai1="36,54,1,35,119,45,116,87,109,120,3,51,110" hai2="6,69,65,23,40,83,84,47,18,92,126,135,133" hai3="50,27,56,96,93,94,31,127,15,26,124,117,114"/><V28/><F126/><N who="3" m="48171" /><G117/><N who="1" m="45130" /><E35/><V123/><F123/><W33/><G114/><T73/><D125/><U105/><E105/><V68/><F92/><W48/><G15/><T66/><D73/><U98/><E98/><V115/><F28/><N who="3" m="19607" /><G56/><T22/><D42/><N who="1" m="22727" /><E87/><V4/><F115/><W121/><G121/><T59/><REACH who="0" step="1"/><D5/><REACH who="0" ten="187,225,227,351" step="2"/><U10/><E120/><V16/><F4/><W38/><G38/><T78/><AGARI ba="0,1" hai="13,17,22,59,62,66,78,80,85,99,102,104,132,134" machi="78" ten="30,12000,2" yaku="1,1,2,1,0,1,52,1,53,2" doraHai="97" doraHaiUra="129" who="0" fromWho="0" sc="187,130,225,-30,227,-60,351,-30" /><INIT seed="3,0,0,1,1,93" ten="317,195,167,321" oya="3" hai0="23,8,2,53,78,38,80,119,19,103,129,11,49" hai1="24,122,1,25,30,133,14,58,99,95,81,4,45" hai2="50,20,83,109,41,51,29,7,62,100,76,43,114" hai3="128,66,26,64,59,85,73,79,42,72,110,28,9"/><W102/><G128/><T0/><D119/><U46/><E122/><V52/><F114/><W40/><G110/><T67/><D38/><U22/><E133/><V91/><F109/><W121/><G121/><T55/><D129/><U132/><E132/><V65/><F7/><W6/><G102/><T98/><D67/><N who="3" m="25641" /><G72/><T124/><D124/><U33/><E1/><V84/><F100/><W34/><G73/><T54/><D2/><U39/><E81/><V123/><F123/><W116/><G116/><T90/><D0/><U3/><E3/><V125/><F125/><W31/><G59/><T127/><D127/><U115/><E115/><V27/><F76/><W130/><G130/><T92/><D103/><U86/><E39/><V107/><F107/><W18/><G6/><T10/><D80/><U35/><E58/><N who="2" m="37079" /><F50/><W63/><G63/><T101/><D78/><U89/><E33/><V126/><F126/><W15/><G28/><T134/><D101/><N who="1" m="60671" /><E35/><V135/><F135/><W61/><G61/><T117/><D117/><U87/><E25/><V17/><F29/><W56/><G56/><N who="0" m="32815" /><D134/><U47/><E89/><V97/><F97/><W60/><G60/><T77/><D77/><U82/><E82/><V75/><F75/><W32/><G32/><T68/><D68/><U94/><E94/><V108/><F108/><W88/><G79/><T118/><D118/><U112/><E112/><V106/><F106/><W105/><G105/><T13/><AGARI ba="0,0" hai="8,10,11,13,19,23,54,55,90,92,98" m="32815" machi="13" ten="30,2000,0" yaku="8,1,52,1" doraHai="93" who="0" fromWho="0" sc="317,20,195,-5,167,-5,321,-10" owari="337,43.7,190,-21.0,162,-33.8,311,11.1" /></mjloggm>