<mjloggm ver="2.3"><GO type="225" lobby="0"/><UN n0="%E3%81%B2%E3%81%AA%E3%81%AE%E3%82%8A%E3%81%8F" n1="%E3%82%B2%E3%82%B9%E8%8C%82%E5%8B%9D" n2="%65%6B%61%72%75%74%65" n3="%E6%B8%A9%E2%98%85%E6%83%85%E2%98%85%E6%8E%AA%E2%98%85%E7%BD%AE" dan="17,16,16,17" rate="2218.49,2087.82,2113.20,2268.20" sx="M,F,M,M"/><TAIKYOKU oya="0"/><INIT seed="0,0,0,5,0,20" ten="250,250,250,250" oya="0" hai0="21,9,45,113,1,4,41,105,8,23,104,75,124" hai1="35,26,80,36,63,5,42,84,127,98,121,115,74" hai2="132,14,64,48,69,90,81,3,43,34,128,130,57" hai3="51,6,53,85,133,112,65,116,123,73,49,120,54"/><T15/><D113/><U55/><E115/><V62/><F3/><W13/><G73/><T19/><D124/><U60/><E127/><V108/><F14/><W109/><G112/><T61/><D75/><U58/><E74/><V59/><F34/><W46/><G116/><T71/><D71/><U91/><E121/><N who="3" m="46666" /><G109/><T100/><D61/><U2/><E63/><V76/><F90/><W29/><G133/><T37/><REACH who="0" step="1"/><D100/><REACH who="0" ten="240,250,250,250" step="2"/><U122/><E122/><V10/><F69/><W77/><G65/><T70/><D70/><U106/><E60/><V40/><F62/><W97/><G54/><T28/><D28/><U30/><E55/><V78/><F64/><W107/><G29/><T12/><D12/><U50/><E30/><V31/><F31/><W82/><G13/><T18/><D18/><U94/><E2/><V7/><F132/><W111/><G111/><T66/><D66/><U114/><E114/><V67/><F67/><W83/><G53/><T92/><D92/><U38/><E94/><V27/><F108/><W135/><G135/><T117/><D117/><U101/><E5/><V119/><F7/><W17/><G17/><T0/><D0/><U79/><E42/><V33/><F119/><W47/><G6/><T86/><D86/><U96/><E84/><V93/><F93/><W129/><G85/><T131/><D131/><U89/><E101/><V68/><F68/><W125/><G129/><T126/><D126/><U102/><E102/><V87/><F130/><W95/><G125/><T24/><D24/><U16/><E26/><V11/><F27/><W72/><G72/><RYUUKYOKU ba="0,1" sc="240,30,250,-10,250,-10,250,-10" hai0="1,4,8,9,15,19,21,23,37,41,45,104,105" /><INIT seed="0,1,1,3,1,99" ten="270,240,240,240" oya="0" hai0="58,29,110,1,74,70,102,16,34,103,106,49,94" hai1="64,26,75,81,14,76,2,37,50,53,78,17,45" hai2="47,122,6,60,98,43,123,18,28,30,54,12,85" hai3="134,125,65,42,40,27,63,129,72,21,83,73,32"/><T93/><D74/><U120/><E120/><V48/><F6/><W89/><G32/><T35/><D70/><U8/><E76/><V118/><F118/><W57/><G134/><T68/><D68/><U22/><E37/><V38/><F123/><W86/><G129/><T117/><D117/><U105/><E105/><V126/><F126/><W113/><G113/><T3/><D106/><U121/><E121/><V31/><F122/><W15/><G125/><T82/><D82/><U101/><E64/><V84/><F98/><W87/><G15/><T13/><D29/><U55/><E101/><V92/><F92/><W96/><G96/><T67/><D67/><U116/><E116/><V124/><F60/><W59/><G59/><T111/><D58/><U119/><E119/><V5/><F5/><W10/><G10/><T61/><D61/><U24/><E2/><V107/><F107/><W133/><G133/><T109/><D49/><U19/><REACH who="1" step="1"/><E26/><REACH who="1" ten="270,230,240,240" step="2"/><V0/><F0/><N who="0" m="74" /><D94/><U108/><E108/><V127/><F124/><W23/><G73/><T25/><D93/><U66/><E66/><V91/><F127/><W115/><G72/><T132/><D132/><U52/><AGARI ba="1,2" hai="8,14,17,19,22,24,45,50,52,53,55,75,78,81" machi="52" ten="20,8000,1" yaku="1,1,0,1,7,1,54,1,53,1" doraHai="99" doraHaiUra="11" who="1" fromWho="1" sc="270,-41,230,103,240,-21,240,-21" /><INIT seed="1,0,0,3,0,54" ten="229,333,219,219" oya="1" hai0="104,66,28,70,0,63,55,43,2,106,44,131,67" hai1="33,76,123,31,71,100,127,117,34,135,60,118,19" hai2="69,120,112,79,45,91,96,77,18,113,116,15,58" hai3="29,101,94,9,74,86,130,10,68,93,89,41,26"/><U59/><E123/><V129/><F116/><W1/><G68/><T103/><D131/><U5/><E127/><V36/><F69/><W52/><G130/><T42/><D67/><U115/><E115/><N who="2" m="44107" /><F120/><W27/><G74/><T97/><D106/><U62/><E135/><V111/><F111/><W48/><G41/><T98/><D98/><U134/><E134/><V40/><F129/><W16/><G1/><T78/><D78/><U122/><E122/><V82/><F58/><N who="3" m="33031" /><G29/><T84/><D84/><U35/><E5/><V90/><F96/><N who="3" m="59543" /><G27/><T49/><D2/><U12/><E71/><V53/><F53/><W72/><G72/><T119/><D119/><U39/><E39/><V8/><F79/><W83/><G83/><T73/><D0/><U3/><E3/><V85/><AGARI ba="0,0" hai="8,15,18,36,40,45,77,82,85,90,91" m="44107" machi="85" ten="30,1100,0" yaku="11,1" doraHai="54" who="2" fromWho="2" sc="229,-3,333,-5,219,11,219,-3" /><INIT seed="2,0,0,5,4,22" ten="226,328,230,216" oya="2" hai0="8,103,52,73,81,74,110,111,14,87,59,56,82" hai1="2,80,25,101,75,30,83,125,40,90,123,91,57" hai2="105,47,70,129,11,67,55,118,41,106,78,39,72" hai3="134,31,84,37,77,130,135,19,89,48,35,104,86"/><V13/><F118/><W121/><G121/><T108/><D103/><U54/><E125/><V20/><F129/><W26/><G37/><T27/><D27/><U33/><E2/><V58/><F72/><W0/><G130/><T109/><N who="0" m="27648" /><DORA hai="93" /><T6/><D59/><U9/><E9/><V34/><F78/><W43/><G0/><T50/><REACH who="0" step="1"/><D81/><REACH who="0" ten="216,328,230,216" step="2"/><U7/><E123/><V120/><F120/><W68/><G68/><T4/><D4/><U24/><E7/><V44/><F58/><W128/><G128/><T122/><D122/><U23/><E101/><V131/><F70/><W1/><G104/><T64/><D64/><U29/><E83/><V98/><F67/><W71/><G71/><T95/><D95/><U21/><E80/><V66/><F66/><W63/><G26/><T12/><D12/><U133/><E57/><V46/><F106/><W49/><G1/><T88/><AGARI ba="0,1" hai="6,8,14,50,52,56,73,74,82,87,88" m="27648" machi="88" ten="60,12000,2" yaku="1,1,0,1,14,1,54,2,53,1" doraHai="22,93" doraHaiUra="38,5" who="0" fromWho="0" sc="216,130,328,-30,230,-60,216,-30" /><INIT seed="3,0,0,5,2,109" ten="346,298,170,186" oya="3" hai0="114,42,91,23,8,94,102,47,58,40,45,20,77" hai1="13,82,2,15,127,93,105,3,5,132,110,66,0" hai2="86,24,9,33,7,39,75,46,89,31,63,55,70" hai3="60,59,62,17,106,44,19,30,10,37,85,25,126"/><W103/><G126/><T112/><D102/><U65/><E105/><V128/><F128/><W76/><G106/><T135/><D77/><U69/><E110/><V122/><F75/><W49/><G37/><T26/><D8/><U125/><E82/><V16/><F122/><W116/><G116/><T115/><D58/><U108/><E108/><V71/><F39/><W28/><G103/><T130/><D135/><U53/><E132/><V32/><F32/><W100/><G100/><T68/><D68/><U79/><E79/><V131/><F131/><W4/><G85/><N who="0" m="52591" /><D130/><U121/><E121/><V64/><F64/><N who="1" m="24681" /><E53/><V48/><F63/><N who="3" m="24107" /><G59/><T123/><D123/><U22/><E93/><V34/><F34/><W41/><G76/><T92/><D92/><U124/><E69/><V96/><F96/><W67/><G67/><T56/><D56/><U29/><E5/><V73/><F73/><W83/><G83/><T72/><D72/><U84/><E84/><V57/><F57/><W35/><G35/><T12/><D12/><N who="1" m="4683" /><E22/><N who="0" m="8233" /><D26/><U80/><E80/><N who="2" m="49351" /><F7/><W98/><G25/><T14/><D14/><AGARI ba="0,0" hai="9,14,16,24,31,33,46,48,55,70,71" m="49351" machi="14" ten="30,2000,0" yaku="25,1,54,1" doraHai="109" who="2" fromWho="0" sc="346,-20,298,0,170,20,186,0" owari="326,42.6,298,9.8,190,-21.0,186,-31.4" /></mjloggm>