<mjloggm ver="2.3"><GO type="225" lobby="0"/><UN n0="%E5%8F%AF%E5%85%90%E9%82%A3%E7%94%B1%E5%A4%9A" n1="%E3%82%B7%E3%83%B3%E5%A4%AA%E6%9C%97" n2="%E8%AB%B8%E8%91%9B%E4%BA%AE" n3="%E3%81%BF%E3%81%BF%E3%81%9A" dan="17,16,16,16" rate="2132.68,2156.68,2118.99,2178.19" sx="F,M,M,M"/><TAIKYOKU oya="0"/><INIT seed="0,0,0,3,3,83" ten="250,250,250,250" oya="0" hai0="10,76,126,34,99,86,65,110,90,64,62,112,81" hai1="24,113,6,107,75,69,15,13,28,16,55,85,51" hai2="33,130,105,73,54,72,120,26,45,88,29,104,134" hai3="93,46,84,119,57,27,124,87,121,116,4,36,22"/><T20/><D112/><U52/><E75/><V47/><F120/><W43/><G4/><T131/><D34/><U71/><E113/><V94/><F130/><W60/><G121/><T108/><D131/><U19/><E107/><V111/><F111/><N who="0" m="42538" /><D126/><U7/><E51/><V66/><F134/><W50/><G124/><T5/><D20/><U127/><E24/><V30/><F66/><W35/><G35/><T8/><D8/><U118/><E28/><V44/><F30/><W9/><G9/><T12/><D62/><U21/><E118/><V14/><F14/><W56/><G116/><T74/><D99/><U79/><E127/><V78/><F54/><N who="1" m="20521" /><E71/><V101/><F101/><W92/><G36/><T115/><D115/><U95/><E69/><V128/><F128/><W61/><G119/><T70/><D70/><U63/><E63/><N who="3" m="24138" /><G57/><T32/><D32/><U11/><E79/><V38/><F38/><W18/><G56/><T122/><D122/><U125/><E125/><V123/><F123/><W23/><G22/><T103/><D103/><U41/><E41/><V109/><F109/><W96/><G96/><T3/><D3/><U40/><E40/><V58/><F58/><W135/><G135/><T67/><D67/><U1/><E1/><V17/><F78/><W77/><G77/><T25/><D25/><U49/><E49/><V106/><REACH who="2" step="1"/><F17/><REACH who="2" ten="250,250,240,250" step="2"/><W82/><G18/><T117/><D117/><U132/><E132/><V37/><F37/><N who="3" m="21871" /><G27/><T114/><D114/><U2/><E2/><V91/><F91/><AGARI ba="0,1" hai="6,7,11,13,15,16,19,21,85,91,95" m="20521" machi="91" ten="30,7700,0" yaku="8,1,52,1,54,2" doraHai="83" who="1" fromWho="2" sc="250,0,250,87,240,-77,250,0" /><INIT seed="1,0,0,3,2,35" ten="250,337,163,250" oya="1" hai0="5,116,24,27,76,71,6,84,79,108,97,13,56" hai1="36,22,130,44,29,119,133,52,89,34,78,72,63" hai2="15,86,12,16,121,54,91,90,88,2,33,26,109" hai3="125,94,39,129,107,17,23,87,134,11,114,55,113"/><U80/><E133/><V127/><F121/><W103/><G39/><T40/><D71/><U47/><E130/><V19/><F109/><W82/><G129/><T30/><D116/><U85/><E119/><V126/><F86/><W3/><G134/><T48/><D108/><U67/><E34/><V60/><F33/><W122/><G122/><T61/><D97/><U70/><E36/><V102/><F102/><W32/><G32/><T96/><D96/><U120/><E120/><V75/><F75/><W104/><G94/><T14/><D48/><U99/><E99/><V21/><F2/><W117/><G103/><T18/><D40/><U73/><E73/><V41/><F41/><W100/><G100/><T64/><D30/><U49/><E29/><V77/><F77/><N who="0" m="29770" /><D84/><U112/><E22/><V37/><F37/><W74/><G117/><T45/><D45/><U51/><E112/><V38/><F38/><W28/><G74/><T101/><D101/><U8/><E8/><V43/><F43/><W7/><G28/><T20/><D13/><U93/><E49/><V58/><REACH who="2" step="1"/><F26/><AGARI ba="0,0" hai="5,6,14,18,20,24,26,27,56,61,64" m="29770" machi="26" ten="30,1000,0" yaku="8,1" doraHai="35" who="0" fromWho="2" sc="250,10,337,0,163,-10,250,0" /><INIT seed="2,0,0,2,0,60" ten="260,337,153,250" oya="2" hai0="126,106,68,122,119,80,132,73,56,38,94,90,1" hai1="49,97,3,76,118,78,130,131,135,96,39,91,85" hai2="75,100,79,113,27,44,72,117,104,52,74,110,59" hai3="129,46,54,64,121,34,16,93,6,15,22,41,92"/><V43/><F113/><W28/><G121/><T115/><D56/><U24/><E39/><V11/><F117/><W4/><G129/><N who="1" m="49162" /><E3/><V108/><F79/><N who="1" m="30249" /><E118/><V13/><F27/><W83/><G64/><T40/><D94/><N who="1" m="54639" /><E135/><V18/><F100/><W37/><G83/><T26/><D90/><U87/><E49/><V25/><F104/><W133/><G133/><T89/><D89/><U5/><E5/><V9/><F25/><W35/><G54/><T124/><D40/><U51/><E51/><V70/><F70/><W114/><G114/><T128/><D26/><U84/><E24/><V107/><F107/><W116/><G28/><T86/><D86/><AGARI ba="0,0" hai="84,86,87,96,97" m="54639,30249,49162" machi="86" ten="30,3900,0" yaku="19,1,34,2" doraHai="60" who="1" fromWho="0" sc="260,-39,337,39,153,0,250,0" /><INIT seed="3,0,0,0,0,44" ten="221,376,153,250" oya="3" hai0="13,47,29,117,96,104,109,59,133,108,78,105,12" hai1="98,101,25,26,85,125,28,99,135,84,81,91,35" hai2="120,37,126,42,73,58,10,49,115,107,112,27,30" hai3="119,100,82,77,89,103,39,22,34,50,6,18,45"/><W114/><G114/><T65/><D117/><U43/><E43/><V97/><F73/><W48/><G34/><T56/><D133/><U4/><E135/><V40/><F126/><W86/><G119/><T110/><D29/><U116/><E116/><V90/><F120/><W7/><G39/><T95/><D78/><U51/><E125/><V16/><F37/><W106/><G89/><T66/><D47/><U75/><E75/><V38/><F38/><W122/><G122/><T118/><D118/><U113/><E113/><V11/><F107/><N who="0" m="41034" /><D96/><U3/><E51/><N who="3" m="19498" /><G45/><T17/><D95/><U80/><E25/><V134/><F134/><W52/><G52/><T131/><D131/><U102/><E3/><V46/><F42/><W19/><G19/><T1/><D1/><U9/><E102/><N who="3" m="38954" /><G106/><T57/><D17/><U69/><E101/><V41/><F41/><W124/><G124/><T20/><D20/><U72/><E69/><V129/><F129/><W62/><G62/><T88/><D88/><U87/><E99/><V23/><F58/><W70/><G70/><T54/><D54/><U21/><E98/><V0/><F0/><W24/><AGARI ba="0,0" hai="6,7,18,22,24,77,82,86" m="38954,19498" machi="24" ten="30,11700,0" yaku="8,1,52,3" doraHai="44" who="3" fromWho="3" sc="221,-39,376,-39,153,-39,250,117" owari="182,-21.8,337,13.7,114,-38.6,367,46.7" /></mjloggm>