<mjloggm ver="2.3"><GO type="225" lobby="0"/><UN n0="%E7%89%B9%E6%9D%B1%E3%81%AF%E4%B8%96%E7%95%8C%E3%82%92%E6%95%91%E3%81%86" n1="%E3%81%B5%E3%81%98%E3%81%8B%E3%81%A4" n2="%E6%B4%BE%E9%81%A3%E3%81%AE%E3%82%B8%E3%83%A3%E3%83%83%E3%82%AF" n3="%E3%81%B2%E3%81%AA%E3%81%AE%E3%82%8A%E3%81%8F" dan="16,16,17,17" rate="2132.92,2173.25,2232.95,2211.21" sx="M,M,M,M"/><TAIKYOKU oya="0"/><INIT seed="0,0,0,5,2,89" ten="250,250,250,250" oya="0" hai0="45,2,11,130,52,132,88,21,31,51,85,9,42" hai1="53,81,69,27,116,54,119,59,71,14,17,111,131" hai2="80,1,129,106,10,133,102,77,98,47,18,28,128" hai3="92,3,118,135,91,90,30,65,121,115,24,76,124"/><T5/><D130/><U50/><E131/><N who="2" m="50251" /><F133/><W109/><G3/><T103/><D132/><U38/><E111/><V113/><F113/><W33/><G135/><T96/><D11/><U108/><E38/><V66/><F66/><W43/><G115/><T29/><D21/><U104/><E108/><V34/><F47/><W40/><G118/><T16/><D16/><U84/><E104/><V61/><F61/><W35/><G124/><T20/><D20/><U73/><E73/><N who="2" m="43055" /><F18/><W37/><G65/><T79/><D79/><U110/><E110/><V41/><F41/><W55/><G76/><T8/><D8/><U83/><E27/><N who="2" m="18719" /><F10/><W74/><G40/><T67/><D67/><U44/><E119/><V6/><F6/><W112/><G109/><T63/><D63/><U97/><E116/><V70/><F1/><W120/><G120/><T87/><D42/><U23/><E83/><V48/><F48/><W75/><G43/><T117/><D117/><U122/><E122/><V19/><F19/><W25/><G121/><T134/><D134/><U12/><E12/><V78/><F78/><W127/><G112/><T93/><D87/><U22/><E22/><V39/><F39/><W57/><G37/><T13/><D2/><U72/><E72/><V114/><F114/><W99/><G74/><T123/><D123/><U68/><E97/><V15/><F15/><W101/><G75/><T0/><D0/><U36/><E36/><V126/><F126/><W49/><G127/><T58/><D45/><U107/><E107/><AGARI ba="0,0" hai="5,9,13,29,31,51,52,58,85,88,93,96,103,107" machi="107" ten="30,11600,0" yaku="7,1,52,1,54,2" doraHai="89" who="0" fromWho="1" sc="250,116,250,-116,250,0,250,0" /><INIT seed="0,1,0,4,2,106" ten="366,134,250,250" oya="0" hai0="90,79,114,36,113,8,100,1,35,51,123,25,78" hai1="122,67,54,46,41,130,109,87,26,124,55,61,48" hai2="121,44,86,60,68,32,17,117,63,56,5,6,104" hai3="45,103,57,59,133,97,102,4,111,31,119,24,50"/><T99/><D123/><U98/><E122/><V131/><F121/><W120/><G119/><T82/><D36/><U89/><E124/><V7/><F104/><W22/><G133/><T18/><D90/><U118/><E118/><V52/><F32/><W84/><G111/><T72/><D79/><U76/><E109/><V62/><F117/><W10/><G84/><T108/><D108/><U110/><E110/><V128/><F86/><W38/><G38/><T134/><D134/><U47/><E130/><N who="2" m="49707" /><F17/><W0/><G120/><T27/><D51/><U42/><E76/><V91/><F91/><W64/><G64/><T93/><D1/><U23/><E98/><V12/><F44/><W135/><G135/><T16/><D18/><U58/><E23/><V33/><F33/><W73/><G73/><T129/><D129/><U92/><REACH who="1" step="1"/><E26/><REACH who="1" ten="366,124,250,250" step="2"/><V19/><F68/><W112/><G112/><T37/><D27/><U49/><AGARI ba="1,1" hai="41,42,46,47,48,49,54,55,58,61,67,87,89,92" machi="49" ten="20,12000,2" yaku="1,1,2,1,0,1,7,1,9,1,8,1,53,0" doraHai="106" doraHaiUra="9" who="1" fromWho="1" sc="366,-61,124,133,250,-31,250,-31" /><INIT seed="1,0,0,2,2,71" ten="305,257,219,219" oya="1" hai0="105,11,6,5,90,22,77,97,111,74,64,69,130" hai1="128,50,0,4,76,117,121,87,16,126,17,123,8" hai2="129,49,127,51,55,57,115,109,65,119,103,66,63" hai3="33,21,24,100,47,18,135,28,42,53,98,30,14"/><U54/><E117/><V25/><F119/><W91/><G135/><T36/><D36/><U35/><E35/><V60/><F103/><W118/><G118/><T72/><D111/><U52/><E126/><V75/><F75/><W61/><G30/><T124/><D124/><U34/><E34/><V70/><F127/><W79/><G79/><T92/><D130/><U44/><E128/><V67/><F25/><W96/><G91/><T80/><D6/><U93/><E54/><N who="2" m="31967" /><F129/><W20/><G53/><T59/><D69/><U39/><E39/><V110/><F115/><W89/><G89/><T62/><D22/><U12/><E93/><V56/><F70/><W26/><G61/><AGARI ba="0,0" hai="49,55,56,60,61,63,65,66,67,109,110" m="31967" machi="61" ten="30,2000,0" yaku="34,2" doraHai="71" who="2" fromWho="3" sc="305,0,257,0,219,20,219,-20" /><INIT seed="2,0,0,0,4,15" ten="305,257,239,199" oya="2" hai0="57,128,4,97,16,61,32,58,81,31,73,122,126" hai1="41,103,30,84,34,27,49,127,109,115,22,28,47" hai2="108,11,78,67,83,39,96,2,107,69,42,114,131" hai3="120,56,18,43,129,99,1,37,14,17,90,94,74"/><V9/><F114/><W48/><G120/><T95/><D122/><U86/><E115/><V19/><F131/><W23/><G1/><T76/><D128/><U60/><E127/><V8/><F108/><W24/><G74/><T79/><D126/><U54/><E109/><V125/><F125/><W59/><G37/><T3/><D76/><U13/><E103/><V132/><F132/><W38/><G38/><T5/><D3/><U53/><E30/><V82/><F82/><W25/><G129/><T33/><D57/><N who="1" m="34871" /><E34/><V65/><F69/><W112/><G112/><T35/><D31/><U80/><E80/><V118/><F118/><W10/><G25/><T98/><D98/><U117/><E117/><V92/><F107/><W40/><G40/><T111/><D111/><U55/><E13/><N who="2" m="7615" /><F42/><W12/><G12/><T21/><D97/><U88/><E86/><N who="2" m="48503" /><F39/><W123/><G123/><T124/><D95/><N who="1" m="54663" /><E41/><V72/><F72/><W121/><G121/><T36/><D36/><U116/><E116/><V91/><F2/><W100/><G100/><T52/><REACH who="0" step="1"/><D124/><REACH who="0" ten="295,257,239,199" step="2"/><U134/><E134/><V70/><F70/><W105/><G105/><T71/><D71/><U130/><E130/><V46/><F46/><AGARI ba="0,1" hai="10,14,17,18,23,24,43,46,48,56,59,90,94,99" machi="46" ten="40,5200,0" yaku="8,1,52,2" doraHai="15" who="3" fromWho="2" sc="295,0,257,0,239,-52,199,62" /><INIT seed="3,0,0,2,0,38" ten="295,257,187,261" oya="3" hai0="28,46,93,60,54,129,29,90,5,27,22,80,58" hai1="21,10,81,108,130,39,31,24,70,92,102,61,134" hai2="19,45,52,72,111,65,37,18,76,69,17,110,113" hai3="79,101,126,122,59,11,74,40,16,105,88,73,71"/><W9/><G71/><T115/><D129/><U6/><E130/><V14/><F113/><W12/><G122/><T67/><D115/><U30/><E39/><V23/><F69/><W98/><G126/><T128/><D128/><U36/><E36/><V53/><F65/><W42/><G11/><T91/><D5/><U96/><E108/><N who="2" m="41515" /><F76/><W132/><G132/><T123/><D123/><U15/><E134/><V104/><F104/><W1/><G1/><T131/><D131/><U103/><E81/><V114/><F72/><W26/><G26/><T56/><D46/><U3/><E3/><V25/><F114/><W121/><G121/><T62/><D80/><U50/><E50/><V86/><F86/><W117/><G117/><T35/><D35/><U4/><E4/><V0/><F0/><W84/><G79/><T44/><D44/><U75/><E75/><V135/><F135/><W43/><REACH who="3" step="1"/><G59/><REACH who="3" ten="295,257,187,251" step="2"/><T85/><D91/><U120/><E120/><V124/><F124/><W95/><AGARI ba="0,1" hai="9,12,16,40,42,43,73,74,84,88,95,98,101,105" machi="95" ten="30,24000,3" yaku="1,1,2,1,0,1,52,3,54,2,53,0" doraHai="38" doraHaiUra="66" who="3" fromWho="3" sc="295,-80,257,-80,187,-80,251,250" owari="215,1.5,177,-22.3,107,-39.3,501,60.1" /></mjloggm>