<mjloggm ver="2.3"><GO type="225" lobby="0"/><UN n0="%77%72%77%72%77%72%77%72" n1="%E3%81%99%E3%81%84%E3%81%BE%E3%81%9B%E3%83%BC%E3%82%93" n2="%E3%83%94%E3%83%B3%E3%82%B5%E3%83%AD%E5%BA%97%E5%93%A1" n3="%E5%8D%A0%E3%81%84%E5%B8%AB%E8%A3%8F%E3%81%AA%E3%81%84%E3%81%97" dan="16,17,16,16" rate="2229.25,2249.48,2176.49,2162.47" sx="M,M,M,M"/><TAIKYOKU oya="0"/><INIT seed="0,0,0,2,5,52" ten="250,250,250,250" oya="0" hai0="77,35,88,106,7,12,90,45,62,66,13,120,46" hai1="80,76,50,0,89,111,110,98,75,121,59,131,95" hai2="115,33,24,25,114,5,17,107,124,47,20,49,132" hai3="14,125,53,11,101,71,3,42,32,36,31,51,109"/><T84/><D120/><U129/><E0/><V27/><F107/><W73/><G109/><N who="1" m="41482" /><E121/><V108/><F108/><W133/><G71/><T15/><D35/><U87/><E50/><V67/><F132/><W18/><G133/><T55/><D106/><U23/><E23/><V128/><F128/><N who="1" m="49225" /><E59/><V8/><F124/><W96/><G3/><T29/><D29/><U22/><E22/><V26/><F67/><W58/><G125/><T68/><D7/><U78/><E78/><V82/><F82/><W100/><G31/><T85/><D77/><U83/><E83/><V63/><F63/><W116/><G32/><T113/><D113/><U126/><E126/><V74/><F33/><W34/><G34/><T119/><D119/><U39/><E39/><V4/><F4/><W54/><G36/><T92/><REACH who="0" step="1"/><D55/><REACH who="0" ten="240,250,250,250" step="2"/><U21/><E21/><V2/><REACH who="2" step="1"/><F74/><AGARI ba="0,1" hai="74,75,76,80,87,89,95,98" m="49225,41482" machi="74" ten="30,7700,0" yaku="14,1,19,1,34,2" doraHai="52" who="1" fromWho="2" sc="240,0,250,87,250,-77,250,0" /><INIT seed="1,0,0,1,4,111" ten="240,337,173,250" oya="1" hai0="102,113,55,20,85,86,1,42,97,129,93,16,35" hai1="30,99,23,44,72,114,69,67,51,110,98,62,66" hai2="32,58,6,77,78,116,12,8,109,41,91,48,128" hai3="7,135,46,65,115,17,57,24,31,117,38,130,43"/><U9/><E114/><V105/><F116/><W112/><G117/><T123/><D113/><U13/><E72/><V15/><F109/><W37/><G130/><T29/><D129/><U95/><E110/><V63/><F32/><W14/><G135/><T49/><D1/><U27/><E67/><V73/><F105/><W28/><G7/><T59/><D123/><U2/><E95/><V126/><F126/><W11/><G37/><T101/><D101/><U133/><E2/><V131/><F131/><W120/><G28/><T132/><D132/><U87/><E87/><V25/><F73/><W82/><G120/><T125/><D125/><U122/><E133/><V94/><F25/><W83/><G83/><T75/><D75/><U104/><E104/><V34/><F34/><W36/><G36/><T47/><D29/><U127/><E127/><V79/><F15/><W53/><G82/><T108/><D35/><U81/><E81/><V18/><F128/><W26/><G65/><T39/><REACH who="0" step="1"/><D108/><REACH who="0" ten="230,337,173,250" step="2"/><U92/><E122/><V121/><F121/><W134/><G134/><T54/><D54/><U107/><E107/><V45/><F6/><W80/><G80/><T90/><D90/><U33/><E33/><V52/><REACH who="2" step="1"/><F79/><REACH who="2" ten="230,337,163,250" step="2"/><W21/><REACH who="3" step="1"/><G26/><AGARI ba="0,2" hai="16,20,26,39,42,47,49,55,59,85,86,93,97,102" machi="26" ten="30,3900,0" yaku="1,1,7,1,54,1,53,0" doraHai="111" doraHaiUra="84" who="0" fromWho="3" sc="230,59,337,0,163,0,250,-39" /><INIT seed="2,0,0,0,1,124" ten="289,337,163,211" oya="2" hai0="57,34,135,27,53,112,30,66,126,97,117,96,11" hai1="116,69,40,60,120,47,49,48,83,99,1,111,80" hai2="7,72,20,71,45,130,82,77,43,81,68,94,121" hai3="59,101,35,118,15,67,64,33,79,88,17,125,133"/><V93/><F121/><W134/><G125/><T123/><D126/><U42/><E116/><V122/><F122/><W28/><G118/><T110/><D112/><U128/><E1/><V3/><F20/><W51/><G101/><T131/><D117/><U21/><E111/><V44/><F82/><W107/><G107/><T4/><D123/><U113/><E113/><V63/><F45/><W86/><G79/><T22/><D110/><U25/><E120/><V98/><F130/><W52/><G64/><T74/><D135/><N who="3" m="51721" /><G67/><T31/><D74/><U62/><E128/><V84/><F84/><W89/><G28/><T29/><D66/><U75/><E99/><N who="0" m="37961" /><D34/><N who="3" m="12809" /><G86/><T6/><D131/><U10/><E75/><V16/><F63/><W5/><G5/><N who="0" m="2155" /><D11/><AGARI ba="0,0" hai="11,15,17,51,52,59,88,89" m="12809,51721" machi="11" ten="30,3900,0" yaku="20,1,54,2" doraHai="124" who="3" fromWho="0" sc="289,-39,337,0,163,0,211,39" /><INIT seed="3,0,0,4,2,102" ten="250,337,163,250" oya="3" hai0="12,110,31,74,123,30,40,43,28,57,83,117,71" hai1="114,56,86,103,35,104,90,19,9,77,131,127,113" hai2="48,58,6,67,22,69,49,119,135,51,46,17,93" hai3="15,115,121,54,34,108,96,61,29,47,128,16,88"/><W27/><G115/><T105/><D71/><U87/><E35/><V38/><F119/><W109/><G121/><T134/><D123/><U84/><E127/><V68/><F6/><W82/><G128/><T4/><D105/><U13/><E131/><V10/><F10/><N who="3" m="6263" /><G61/><T101/><D110/><N who="3" m="42601" /><G54/><T41/><D117/><U112/><E77/><V1/><F1/><W0/><G0/><T7/><D134/><U63/><E104/><V26/><F135/><W33/><G47/><T132/><D132/><U44/><E44/><V55/><F67/><W120/><G120/><T59/><D40/><U72/><E114/><V118/><F118/><W20/><G96/><T64/><D41/><U2/><E2/><V116/><F116/><W42/><G42/><T106/><D43/><U98/><E113/><V3/><F3/><W39/><G39/><T94/><D64/><U37/><E37/><V97/><F38/><W45/><G45/><T52/><D57/><U92/><E56/><V91/><REACH who="2" step="1"/><F46/><REACH who="2" ten="250,337,153,250" step="2"/><W89/><G82/><T8/><D83/><U133/><E133/><V75/><F75/><W70/><G70/><T129/><D74/><U36/><E72/><V125/><F125/><W78/><G78/><T80/><D80/><N who="1" m="49415" /><E36/><V25/><F25/><W5/><G5/><T85/><D4/><U130/><E112/><V60/><AGARI ba="0,1" hai="17,22,26,48,49,51,55,58,60,68,69,91,93,97" machi="60" ten="30,8000,1" yaku="1,1,0,1,25,2,53,1" doraHai="102" doraHaiUra="53" who="2" fromWho="2" sc="250,-20,337,-20,153,90,250,-40" owari="230,-17.0,317,41.7,243,4.3,210,-29.0" /></mjloggm>