<mjloggm ver="2.3"><GO type="225" lobby="0"/><UN n0="%E3%81%86%E3%83%BC%E3%81%B1%E3%83%BC" n1="%72%69%6F%75%63%68%61%6E" n2="%E5%8F%AF%E5%85%90%E9%82%A3%E7%94%B1%E5%A4%9A" n3="%E9%B3%B3%E6%9D%B1%E3%81%AE%E3%81%86%E3%81%95%E3%81%8E%E3%81%95%E3%82%93" dan="17,17,17,17" rate="2163.92,2170.88,2243.35,2219.34" sx="F,M,F,M"/><TAIKYOKU oya="0"/><INIT seed="0,0,0,1,1,106" ten="250,250,250,250" oya="0" hai0="127,63,93,11,100,123,84,43,70,37,16,98,120" hai1="129,95,19,92,105,58,99,85,57,115,79,5,118" hai2="8,104,65,35,75,54,119,80,91,82,56,4,28" hai3="101,76,26,50,49,2,40,72,133,86,44,9,116"/><T52/><D127/><U125/><E118/><V103/><F119/><W47/><G116/><T18/><D43/><U60/><E129/><V111/><F111/><W6/><G133/><T109/><D37/><U3/><E125/><V17/><F65/><W23/><G101/><T81/><D109/><U66/><E115/><V112/><F112/><W38/><G86/><T29/><D29/><U39/><E39/><V55/><F17/><W68/><G68/><T45/><D70/><U31/><E31/><V51/><F91/><W102/><G102/><T90/><D63/><U83/><E105/><V67/><F67/><W24/><G23/><T71/><D71/><U121/><E121/><V25/><F75/><W59/><G59/><T108/><D108/><U14/><E99/><V126/><F126/><W97/><G97/><T135/><D135/><U62/><E5/><V117/><F117/><W7/><G7/><T15/><D18/><U110/><E3/><V78/><F78/><W64/><G64/><T0/><D0/><U124/><E110/><V53/><F103/><W89/><G89/><T41/><D41/><U13/><E124/><V73/><F104/><W30/><G47/><T87/><D84/><U107/><E107/><V27/><F27/><N who="3" m="10283" /><G30/><T34/><D34/><U113/><E113/><V10/><F4/><W21/><G21/><T74/><D74/><U33/><E33/><V130/><F73/><W69/><G69/><T94/><D93/><N who="1" m="35915" /><E19/><V88/><F35/><W134/><G134/><T96/><D96/><U61/><E66/><V131/><F54/><W1/><G1/><RYUUKYOKU ba="0,0" sc="250,10,250,10,250,-30,250,10" hai0="11,15,16,45,52,81,87,90,94,98,100,120,123" hai1="13,14,57,58,60,61,62,79,83,85" hai3="2,6,9,38,40,44,49,50,72,76" /><INIT seed="0,1,0,2,0,125" ten="260,260,220,260" oya="0" hai0="93,67,86,16,63,71,112,68,82,45,43,7,58" hai1="121,29,59,10,116,64,102,126,52,22,3,56,17" hai2="78,66,40,50,124,111,46,95,89,113,30,1,127" hai3="100,55,14,119,105,6,13,35,110,108,41,118,122"/><T28/><D112/><U62/><E126/><N who="2" m="48171" /><F113/><W48/><G105/><T0/><D28/><U2/><E116/><N who="3" m="44586" /><G100/><T75/><D75/><U109/><E109/><N who="3" m="42090" /><G41/><T120/><D93/><U72/><E121/><V25/><F111/><W32/><G48/><T115/><D120/><U23/><E72/><V12/><F1/><W76/><G55/><T97/><D97/><U69/><E102/><V38/><F78/><W131/><G76/><T34/><D34/><N who="3" m="12841" /><G122/><T85/><D85/><U94/><E69/><V73/><F73/><W33/><N who="3" m="12849" /><W70/><DORA hai="87" /><G70/><T104/><D104/><U44/><E44/><V5/><F66/><W65/><G65/><T20/><D115/><U37/><E37/><V53/><F38/><W96/><G96/><T9/><D43/><U83/><E83/><V49/><F49/><W92/><G92/><T61/><D61/><U31/><E94/><V123/><F123/><W132/><G132/><T106/><D106/><U90/><E90/><V99/><F53/><W77/><G77/><T39/><D39/><U133/><E133/><V128/><F50/><W42/><G42/><T74/><D74/><U134/><E134/><V19/><F40/><W84/><G84/><T57/><D71/><U91/><E91/><V21/><F46/><W24/><G6/><T11/><D45/><U79/><E79/><V98/><F5/><W36/><G36/><T27/><D68/><U15/><E64/><V51/><F51/><W103/><G103/><T114/><D114/><U4/><E59/><V88/><F99/><W80/><G80/><T54/><D82/><RYUUKYOKU ba="1,0" sc="260,0,260,0,220,0,260,0" /><INIT seed="1,2,0,3,1,17" ten="260,260,220,260" oya="1" hai0="88,37,61,45,0,116,76,103,10,110,7,26,34" hai1="83,41,29,89,90,49,133,36,130,84,32,80,59" hai2="13,44,97,109,107,47,98,106,96,99,122,48,57" hai3="100,65,124,38,51,58,91,92,16,82,3,108,50"/><U126/><E126/><V23/><F122/><W56/><G38/><T73/><D116/><U129/><E133/><V43/><F109/><W15/><G108/><T14/><D103/><U66/><E36/><V64/><N who="2" m="24576" /><DORA hai="111" /><V42/><F57/><N who="3" m="22123" /><G3/><T104/><D104/><U40/><E29/><V5/><F64/><W114/><G114/><T67/><D88/><N who="1" m="33899" /><E32/><V39/><REACH who="2" step="1"/><F5/><REACH who="2" ten="260,260,210,260" step="2"/><W118/><G65/><T70/><D110/><U79/><E66/><V119/><F119/><W105/><G118/><T81/><D45/><U60/><E60/><V85/><F85/><W121/><G121/><T93/><D93/><U127/><E127/><V2/><F2/><W22/><G92/><T115/><D0/><U68/><E68/><V21/><F21/><N who="3" m="11423" /><G124/><T62/><D62/><U9/><E9/><V120/><F120/><W102/><G105/><T20/><D34/><U25/><E59/><V63/><F63/><W72/><G22/><T11/><D11/><U113/><E84/><V86/><F86/><N who="3" m="50647" /><G72/><T112/><REACH who="0" step="1"/><D37/><REACH who="0" ten="250,260,210,260" step="2"/><U24/><E130/><V8/><F8/><W75/><G102/><T19/><AGARI ba="2,2" hai="7,10,14,19,20,26,61,67,70,73,76,81,112,115" machi="19" ten="20,12000,2" yaku="1,1,2,1,0,1,7,1,52,3,53,0" doraHai="17,111" doraHaiUra="94,128" who="0" fromWho="0" sc="250,146,260,-62,210,-32,260,-32" /><INIT seed="2,0,0,1,1,121" ten="396,198,178,228" oya="2" hai0="118,122,64,48,40,7,39,45,4,87,58,3,109" hai1="53,57,67,25,23,124,135,38,106,108,112,51,103" hai2="128,130,120,92,17,62,32,36,43,111,94,72,82" hai3="22,26,56,75,73,27,61,65,79,101,6,134,80"/><V97/><F120/><W104/><G134/><T1/><D122/><U59/><E108/><V35/><F111/><W63/><G75/><T60/><D109/><U18/><E112/><V16/><F62/><W85/><G6/><T2/><D118/><U42/><E124/><V105/><F105/><W96/><G22/><T132/><D132/><U91/><E135/><V33/><F43/><W99/><G99/><T20/><D87/><U110/><E110/><V47/><F47/><W71/><REACH who="3" step="1"/><G73/><REACH who="3" ten="396,198,178,218" step="2"/><T10/><D7/><U117/><E117/><V123/><F123/><W100/><G100/><T126/><D20/><U49/><E103/><V107/><F97/><W41/><G41/><T37/><D126/><U84/><E42/><V44/><F107/><W74/><G74/><T93/><D39/><U11/><E38/><V68/><F36/><W115/><G115/><T77/><D37/><U54/><E106/><V131/><F72/><W114/><G114/><T15/><D1/><U24/><E11/><V8/><F8/><W21/><G21/><T78/><D2/><U30/><E30/><V95/><F44/><W69/><G69/><T88/><D3/><U12/><REACH who="1" step="1"/><E67/><AGARI ba="0,1" hai="26,27,56,61,63,65,67,71,79,80,85,96,101,104" machi="67" ten="30,2000,0" yaku="1,1,7,1,53,0" doraHai="121" doraHaiUra="31" who="3" fromWho="1" sc="396,0,198,-20,178,0,218,30" /><INIT seed="3,0,0,5,3,73" ten="396,178,178,248" oya="3" hai0="58,34,35,14,62,118,108,64,0,102,94,19,85" hai1="113,87,133,46,65,54,25,104,75,83,122,3,123" hai2="80,135,131,88,110,41,57,111,39,6,56,50,120" hai3="134,81,21,86,60,49,100,128,24,121,26,74,52"/><W43/><G121/><T114/><D0/><U27/><E113/><V132/><F120/><W68/><G128/><T77/><D118/><U51/><E104/><V126/><F131/><W84/><G134/><N who="2" m="51241" /><F126/><W63/><G74/><T33/><D114/><U98/><E133/><V93/><F39/><W28/><G100/><T12/><D108/><N who="2" m="41514" /><F80/><W119/><G119/><T4/><D4/><U31/><E75/><V106/><F106/><W125/><G125/><T69/><D69/><U116/><E116/><V7/><F41/><W29/><G43/><T129/><D129/><U103/><E3/><V127/><F127/><W90/><G68/><T8/><D12/><U95/><E65/><V2/><F50/><W105/><G84/><T76/><D102/><U44/><E44/><V67/><F67/><W23/><G105/><T53/><D53/><U70/><E70/><V109/><N who="2" m="41522" /><V96/><DORA hai="66" /><F2/><W42/><G42/><T130/><D130/><U82/><E82/><V40/><F40/><W45/><AGARI ba="0,0" hai="21,23,24,26,28,29,45,49,52,60,63,81,86,90" machi="45" ten="20,12000,1" yaku="0,1,7,1,9,1,8,1,54,1" doraHai="73,66" who="3" fromWho="3" sc="396,-40,178,-40,178,-40,248,120" owari="356,15.6,138,-26.2,138,-36.2,368,46.8" /></mjloggm>