<mjloggm ver="2.3"><GO type="225" lobby="0"/><UN n0="%E3%81%A8%E3%82%93%E3%81%A8%E3%81%93%E3%81%A8%E3%82%93" n1="%73%6C%69%63%6B%33%31%39" n2="%6E%69%63%6F%6E%74%6F" n3="%E5%A4%96%E5%B7%9D%E7%AB%9C%E6%88%90" dan="16,16,17,16" rate="2133.01,2114.46,2125.59,2161.36" sx="M,M,M,M"/><TAIKYOKU oya="0"/><INIT seed="0,0,0,0,5,28" ten="250,250,250,250" oya="0" hai0="60,8,86,120,46,109,130,20,135,117,100,110,50" hai1="98,116,41,119,79,106,104,26,93,72,91,4,68" hai2="81,99,103,14,38,87,113,124,30,5,56,73,40" hai3="69,36,29,122,92,127,32,126,112,101,102,132,83"/><T133/><D117/><N who="1" m="45131" /><E26/><V89/><F124/><N who="3" m="47659" /><G112/><T15/><D120/><U7/><E41/><V128/><F128/><W82/><G69/><T55/><D130/><U37/><E4/><V2/><F113/><W1/><G1/><T80/><D100/><N who="3" m="38505" /><G36/><T90/><D20/><U74/><E7/><V57/><F30/><W85/><G122/><T111/><REACH who="0" step="1"/><D60/><REACH who="0" ten="240,250,250,250" step="2"/><U66/><E104/><V52/><F103/><W105/><G105/><T129/><D129/><U61/><E106/><V75/><F75/><W49/><G132/><T39/><D39/><U125/><E61/><V21/><F73/><W6/><G49/><T123/><D123/><U9/><E37/><V16/><F38/><W94/><G29/><T67/><D67/><U114/><E66/><V0/><F21/><W78/><G32/><T62/><D62/><U64/><E64/><V25/><F25/><W17/><G6/><AGARI ba="0,1" hai="6,8,15,46,50,55,80,86,90,109,110,111,133,135" machi="6" ten="40,12000,1" yaku="1,1,14,1,10,1,53,1" doraHai="28" doraHaiUra="43" who="0" fromWho="3" sc="240,130,250,0,250,0,250,-120" /><INIT seed="0,1,0,0,0,108" ten="370,250,250,130" oya="0" hai0="115,98,97,15,66,101,82,89,54,117,91,100,120" hai1="79,122,6,12,116,78,8,33,46,47,37,1,92" hai2="126,38,23,124,133,28,13,53,111,99,57,112,125" hai3="41,121,61,127,95,135,59,7,110,102,93,42,0"/><T87/><D66/><U65/><E116/><V62/><F111/><W96/><G110/><T83/><D54/><U75/><E122/><V48/><F133/><W105/><G121/><T68/><D68/><U45/><E33/><V76/><F38/><W63/><G127/><T130/><D120/><U104/><E104/><V131/><F131/><W94/><G135/><T49/><D49/><U31/><E37/><V74/><F74/><W71/><G7/><T26/><D26/><U35/><E75/><V40/><F76/><W72/><G0/><T64/><D64/><U4/><E65/><V25/><F99/><W39/><G72/><T128/><D15/><U30/><E35/><V70/><F13/><W119/><G119/><T134/><D134/><U84/><E4/><V22/><F70/><W77/><G77/><N who="1" m="29194" /><E1/><V85/><F85/><W114/><G71/><T19/><D19/><U109/><E109/><V129/><F129/><W55/><G63/><T132/><D132/><U14/><E14/><V73/><F73/><W88/><G39/><T81/><D117/><U56/><E56/><V11/><F11/><W2/><G2/><T50/><D87/><U9/><E9/><V43/><F23/><W27/><G27/><T86/><D86/><U52/><E52/><V113/><REACH who="2" step="1"/><F62/><REACH who="2" ten="370,250,240,130" step="2"/><W44/><G61/><T29/><D50/><U17/><E6/><V60/><F60/><W123/><G123/><T10/><D10/><U107/><E84/><V58/><F58/><W67/><G59/><T16/><D128/><U80/><E8/><V106/><F106/><W21/><G105/><RYUUKYOKU ba="1,1" sc="370,-10,250,-10,240,30,130,-10" hai2="22,25,28,40,43,48,53,57,112,113,124,125,126" /><INIT seed="1,2,1,2,0,93" ten="360,240,270,120" oya="1" hai0="130,56,90,85,89,51,36,39,41,114,122,115,135" hai1="9,120,63,6,60,15,95,100,8,58,37,46,7" hai2="64,68,14,97,69,31,78,128,4,119,33,125,66" hai3="2,73,22,108,74,55,86,71,30,124,38,59,76"/><U79/><E120/><V52/><F119/><W99/><G108/><T94/><D130/><U113/><E113/><V116/><F116/><W112/><G112/><T80/><D115/><U13/><E37/><V107/><F128/><W34/><G71/><T10/><D114/><U104/><E104/><V16/><F4/><W126/><G38/><T57/><D135/><U91/><E46/><V35/><F125/><W3/><G34/><T87/><D122/><U44/><E44/><V61/><F78/><W121/><G121/><T67/><D39/><U62/><E100/><N who="2" m="62863" /><F66/><W32/><G32/><T101/><D36/><U117/><E79/><V48/><F69/><W98/><G86/><T11/><D101/><U77/><E77/><V29/><F29/><W1/><G22/><T75/><D75/><N who="3" m="28681" /><G30/><T0/><D0/><U84/><REACH who="1" step="1"/><E117/><REACH who="1" ten="360,230,270,120" step="2"/><V23/><F35/><W21/><G76/><T102/><D102/><U43/><E43/><V72/><F72/><W17/><G126/><T54/><D41/><U106/><E106/><V49/><F52/><AGARI ba="2,2" hai="6,7,8,9,13,15,52,58,60,62,63,84,91,95" machi="52" ten="30,12000,1" yaku="1,1,7,1,9,1,8,1,54,1,53,0" doraHai="93" doraHaiUra="118" who="1" fromWho="2" sc="360,0,230,146,270,-126,120,0" /><INIT seed="1,3,0,2,3,123" ten="360,376,144,120" oya="1" hai0="134,113,86,8,112,116,91,122,128,31,36,17,107" hai1="92,124,27,65,68,83,98,76,90,77,105,54,130" hai2="37,109,40,118,28,75,18,127,115,12,110,21,14" hai3="95,24,19,25,93,52,33,47,102,51,29,9,121"/><U70/><E65/><V132/><F118/><W16/><G121/><T49/><D36/><U104/><E68/><V69/><F69/><W64/><G64/><T111/><D116/><U30/><E70/><V44/><F115/><W22/><G102/><T38/><D38/><U60/><E130/><V79/><F132/><W32/><G32/><T59/><D122/><U131/><E131/><V55/><F127/><W0/><REACH who="3" step="1"/><G19/><REACH who="3" ten="360,376,144,110" step="2"/><T20/><D17/><U66/><E66/><V45/><F28/><W74/><G74/><T120/><D120/><U5/><E30/><V87/><F75/><W13/><G13/><T39/><D128/><U78/><E124/><V125/><F125/><W46/><G46/><T89/><D113/><U119/><E119/><V117/><F117/><W88/><G88/><T35/><D91/><U103/><E90/><V81/><REACH who="2" step="1"/><F14/><REACH who="2" ten="360,376,134,110" step="2"/><W94/><G94/><T23/><D31/><U10/><E92/><V61/><F61/><W129/><G129/><T97/><D112/><U7/><E60/><V80/><F80/><W1/><G1/><T126/><D126/><U48/><E83/><V3/><F3/><W100/><G100/><T2/><D2/><U42/><E103/><V135/><F135/><W41/><G41/><T72/><D134/><U99/><E42/><V73/><F73/><W11/><G11/><T34/><D8/><U84/><E10/><V56/><F56/><W58/><G58/><T133/><D59/><U63/><E63/><V101/><F101/><W43/><G43/><T106/><D133/><U26/><E105/><V6/><F6/><AGARI ba="3,2" hai="0,6,9,16,22,24,25,29,33,47,51,52,93,95" machi="6" ten="40,8000,1" yaku="1,1,6,1,54,2,53,0" doraHai="123" doraHaiUra="53" who="3" fromWho="2" sc="360,0,376,0,134,-89,110,109" /><INIT seed="2,0,0,5,4,117" ten="360,376,45,219" oya="2" hai0="36,135,99,95,50,33,69,120,82,91,56,21,2" hai1="92,65,46,94,71,89,122,111,35,112,51,20,64" hai2="31,10,60,118,108,66,113,83,47,129,70,74,132" hai3="48,79,106,73,1,67,38,104,78,40,72,109,76"/><V44/><F118/><W55/><G1/><T103/><D33/><U37/><E35/><V85/><F113/><W45/><G67/><T0/><D120/><U131/><E112/><V77/><F129/><W123/><G123/><T98/><D36/><U54/><E122/><V114/><F114/><W11/><G11/><T22/><D69/><U57/><E131/><V87/><F132/><W53/><G109/><T86/><D135/><U30/><E111/><V75/><F108/><W93/><G93/><N who="0" m="58831" /><D2/><U105/><E105/><V28/><F75/><W59/><G106/><T23/><D0/><U12/><E71/><V80/><F74/><W17/><G104/><T32/><D32/><U34/><E34/><V49/><F10/><W121/><G121/><T3/><D3/><U107/><E107/><V14/><F14/><W19/><G73/><T39/><D39/><U63/><E37/><V133/><F133/><W16/><G72/><T61/><D50/><U127/><E94/><V18/><F18/><W97/><G97/><T116/><D116/><U62/><E62/><V15/><F15/><W25/><G25/><T8/><D8/><U88/><E89/><V128/><F128/><W6/><G6/><T134/><D134/><U42/><E127/><V68/><F68/><W126/><G126/><T41/><D41/><U52/><E42/><N who="2" m="24727" /><F47/><W26/><G26/><T124/><D124/><U115/><E115/><V5/><F5/><W7/><G7/><T84/><D82/><U125/><E125/><V96/><F96/><W58/><G19/><T81/><D81/><U119/><E119/><RYUUKYOKU ba="0,0" sc="360,10,376,-30,45,10,219,10" hai0="21,22,23,56,61,84,86,91,95,99" hai2="28,31,60,66,70,77,80,83,85,87" hai3="16,17,38,40,45,48,53,55,58,59,76,78,79" /><INIT seed="2,1,0,2,1,63" ten="370,346,55,229" oya="2" hai0="85,91,35,106,78,112,1,34,13,121,94,98,87" hai1="100,56,72,25,117,84,67,123,82,43,14,125,5" hai2="74,105,90,119,101,109,54,73,40,111,124,16,134" hai3="8,30,26,20,132,12,83,59,32,68,52,97,130"/><V19/><F119/><W92/><G130/><T103/><D1/><U122/><E117/><V115/><F115/><W64/><G132/><T47/><D121/><N who="1" m="46091" /><E72/><N who="2" m="27755" /><F134/><W116/><G116/><T113/><D13/><U50/><E100/><V11/><F124/><W120/><G120/><T129/><D47/><N who="1" m="25983" /><E125/><V127/><F127/><W22/><G83/><N who="0" m="47351" /><D34/><U38/><E38/><V86/><F40/><W58/><G68/><T81/><D35/><U135/><E25/><V10/><F54/><W36/><G36/><T28/><D28/><U9/><E135/><V62/><F62/><N who="3" m="37975" /><G32/><T41/><D41/><U102/><E102/><V96/><F11/><W110/><G30/><T126/><D126/><U55/><E67/><V4/><F10/><W60/><G26/><T33/><D33/><U108/><E108/><N who="2" m="41547" /><F4/><N who="3" m="3079" /><G110/><T45/><D45/><U77/><E56/><V37/><F37/><W133/><G133/><T42/><D42/><U95/><E95/><AGARI ba="1,0" hai="16,19,86,90,95,96,101,105" m="41547,27755" machi="95" ten="30,5800,0" yaku="14,1,10,1,54,1" doraHai="63" who="2" fromWho="1" sc="370,0,346,-61,55,61,229,0" /><INIT seed="2,2,0,4,4,120" ten="370,285,116,229" oya="2" hai0="75,83,102,47,65,57,87,128,5,80,129,111,101" hai1="55,84,81,105,76,90,33,18,42,91,126,96,109" hai2="26,67,73,45,4,121,1,107,53,44,35,106,74" hai3="72,104,71,56,63,123,34,115,118,32,61,9,52"/><V88/><F121/><W82/><G123/><T8/><D111/><U58/><E126/><V92/><F74/><W2/><G104/><T112/><D112/><U93/><E33/><V100/><F73/><W50/><G118/><T36/><D65/><U132/><E132/><V48/><F67/><W49/><G115/><T24/><D57/><U110/><E42/><V116/><F116/><W79/><G49/><T124/><D24/><U69/><E69/><V95/><F1/><W16/><G71/><T113/><D113/><U135/><E135/><V66/><F66/><W28/><G16/><T15/><D75/><U6/><E6/><V131/><F4/><W20/><G20/><T85/><D124/><U21/><E76/><V64/><F64/><W134/><G9/><T31/><D31/><U97/><E97/><N who="2" m="59431" /><F131/><W78/><G78/><N who="0" m="46231" /><D47/><U40/><E40/><V119/><F119/><W13/><G52/><T77/><D36/><U68/><E105/><V19/><F35/><W98/><G13/><T43/><D43/><U3/><E3/><V17/><F107/><W30/><G28/><T94/><D94/><U60/><REACH who="1" step="1"/><E68/><REACH who="1" ten="370,275,116,229" step="2"/><V70/><F70/><W27/><G98/><T38/><D38/><U11/><E11/><V7/><F106/><W29/><G79/><T14/><D128/><U0/><E0/><V108/><F7/><W51/><G134/><T130/><D129/><U37/><E37/><V62/><F108/><W125/><G125/><T23/><D130/><U133/><E133/><V54/><F95/><W22/><G2/><N who="0" m="55" /><D23/><U117/><E117/><V86/><F19/><RYUUKYOKU ba="2,1" sc="370,15,275,15,116,-15,229,-15" hai0="14,15,77,83,87,101,102" hai1="18,21,55,58,60,81,84,90,91,93,96,109,110" /><INIT seed="3,3,1,4,3,29" ten="385,290,101,214" oya="3" hai0="44,91,60,74,72,100,118,116,47,111,120,41,42" hai1="11,69,39,93,34,119,86,98,110,55,68,80,18" hai2="63,78,30,2,97,79,123,124,15,32,10,103,50" hai3="92,71,126,135,45,96,84,35,25,73,56,101,102"/><W113/><G113/><T106/><D120/><U130/><E39/><V121/><F124/><W16/><G71/><T114/><D91/><U51/><E110/><V24/><F123/><W49/><G73/><N who="0" m="28267" /><D60/><U94/><E34/><V129/><F129/><W21/><G126/><T59/><D59/><U117/><E130/><V67/><F121/><W90/><G135/><T65/><D65/><U61/><E18/><V40/><F2/><W112/><G112/><T23/><D23/><U128/><E11/><V3/><F3/><W33/><G56/><T12/><D12/><U104/><E104/><V88/><F50/><W14/><G25/><T83/><D83/><U22/><E22/><V58/><F40/><W26/><G26/><T4/><D4/><U19/><E19/><V70/><F58/><W87/><G87/><T108/><D114/><U46/><E128/><V76/><F88/><W43/><G102/><T85/><D85/><U48/><E48/><V38/><F38/><W64/><G64/><T52/><D41/><U75/><E75/><V7/><F79/><W125/><G125/><T54/><D42/><U89/><E61/><V8/><F8/><W107/><AGARI ba="3,1" hai="14,16,21,33,35,43,45,49,84,90,92,96,101,107" machi="107" ten="20,12000,1" yaku="0,1,7,1,52,2,54,1" doraHai="29" who="3" fromWho="3" sc="385,-43,290,-43,101,-43,214,139" owari="342,14.2,247,-15.3,58,-44.2,353,45.3" /></mjloggm>