<mjloggm ver="2.3"><GO type="225" lobby="0"/><UN n0="%E3%81%A1%E3%82%85%E3%81%86%E3%81%A9%E3%81%8F%E8%B1%A1%E3%81%95%E3%82%93" n1="%E3%82%BC%E3%83%AB%E3%83%80%E3%81%AE%E4%BC%9D%E8%AA%AC" n2="%E3%81%8F%E3%82%8A%E3%83%94%E3%83%BC" n3="%45%6C%79%73%69%75%6D" dan="16,16,16,17" rate="2100.11,2118.23,2089.85,2121.25" sx="M,M,M,F"/><TAIKYOKU oya="0"/><INIT seed="0,0,0,5,2,39" ten="250,250,250,250" oya="0" hai0="119,22,19,30,66,102,34,48,11,69,117,80,51" hai1="56,128,59,6,84,96,44,103,76,105,16,92,68" hai2="111,132,65,9,116,18,126,78,77,88,8,13,113" hai3="123,89,122,35,87,93,115,63,125,82,5,104,15"/><T79/><D102/><U86/><E68/><V99/><F113/><W107/><G35/><T98/><D98/><U2/><E128/><V95/><F111/><W27/><G115/><T33/><D11/><U131/><E131/><V67/><F132/><W43/><G125/><T109/><D109/><U83/><E2/><V4/><F116/><W74/><G27/><T7/><D7/><U40/><E6/><V118/><F126/><W12/><G63/><T135/><D135/><U110/><E110/><V62/><F118/><W72/><G5/><T94/><D94/><U60/><E60/><V73/><F73/><W17/><G17/><T121/><D121/><N who="3" m="46089" /><G15/><T54/><D66/><U64/><E64/><V23/><F9/><W28/><G28/><T46/><D69/><U100/><E16/><V31/><F31/><W24/><G24/><T124/><D124/><U57/><E103/><V38/><F38/><W90/><G12/><T53/><D30/><U45/><E45/><V114/><F114/><W1/><G1/><T81/><D19/><U50/><REACH who="1" step="1"/><E86/><REACH who="1" ten="250,240,250,250" step="2"/><V49/><F67/><W112/><G112/><T120/><D120/><U97/><E97/><V26/><REACH who="2" step="1"/><F49/><REACH who="2" ten="250,240,240,250" step="2"/><W29/><G29/><T91/><D117/><U134/><E134/><V25/><F25/><W3/><G74/><T41/><D119/><U70/><E70/><AGARI ba="0,2" hai="4,8,13,18,23,26,62,65,70,77,78,88,95,99" machi="70" ten="30,3900,0" yaku="1,1,7,1,54,1,53,0" doraHai="39" doraHaiUra="52" who="2" fromWho="1" sc="250,0,240,-39,240,59,250,0" /><INIT seed="1,0,0,3,2,49" ten="250,201,299,250" oya="1" hai0="22,47,130,18,110,90,41,62,85,123,23,65,104" hai1="92,99,108,57,53,126,79,103,58,48,69,117,73" hai2="34,67,61,17,24,93,134,30,114,75,32,20,133" hai3="95,82,124,37,21,88,107,102,14,11,39,80,109"/><U83/><E117/><V106/><F106/><W52/><G107/><T91/><D104/><U10/><E126/><V28/><F75/><W59/><G102/><T6/><D110/><U72/><E108/><V46/><F114/><W45/><G109/><T2/><D130/><U78/><E69/><V4/><F4/><W27/><G124/><T26/><D123/><U60/><E10/><V56/><F46/><W86/><G45/><T128/><D128/><U31/><E31/><N who="2" m="11819" /><F93/><W1/><G1/><T40/><D2/><U54/><REACH who="1" step="1"/><E79/><REACH who="1" ten="250,191,299,250" step="2"/><V51/><F32/><W74/><G11/><T25/><D22/><U105/><E105/><V63/><F34/><W81/><G21/><T120/><D23/><U38/><E38/><V96/><F20/><W42/><G39/><T70/><D120/><U76/><E76/><V122/><F134/><W0/><G37/><T33/><D33/><U113/><E113/><V131/><F133/><W132/><G132/><T66/><D70/><U127/><E127/><V97/><F131/><W119/><G119/><T36/><D36/><U9/><E9/><V29/><F29/><W8/><G8/><T44/><D6/><U135/><E135/><V94/><F122/><W16/><G27/><T89/><D25/><U87/><AGARI ba="0,1" hai="48,53,54,57,58,60,72,73,78,83,87,92,99,103" machi="87" ten="20,12000,1" yaku="1,1,0,1,7,1,52,2,53,0" doraHai="49" doraHaiUra="115" who="1" fromWho="1" sc="250,-40,191,130,299,-40,250,-40" /><INIT seed="1,1,0,2,4,82" ten="210,321,259,210" oya="1" hai0="89,86,28,17,33,107,12,80,66,68,9,121,119" hai1="132,133,76,72,25,125,57,49,56,21,124,6,74" hai2="32,79,113,47,130,14,94,92,73,96,23,128,36" hai3="65,55,44,112,7,127,70,129,62,42,40,24,120"/><U117/><E6/><V135/><F32/><W84/><G112/><T88/><D121/><U27/><E49/><V8/><F113/><W101/><G120/><T123/><D123/><U63/><E76/><V16/><F135/><N who="1" m="51785" /><E117/><V13/><F79/><W106/><G7/><T59/><D107/><U87/><E87/><V98/><F73/><N who="1" m="28265" /><E63/><V102/><F47/><W2/><G84/><T126/><D126/><N who="1" m="48747" /><E21/><V46/><F46/><W37/><G44/><T39/><D119/><U34/><E34/><V64/><F23/><W38/><G127/><T31/><D33/><U71/><E71/><V104/><F104/><W122/><G106/><T29/><D68/><U78/><E78/><V67/><F94/><W131/><G122/><T134/><D134/><U77/><E77/><V100/><F92/><W45/><G70/><T1/><D1/><U69/><E69/><V35/><F35/><W91/><G2/><T20/><D66/><U108/><E108/><V75/><F75/><W85/><G65/><T26/><D59/><AGARI ba="1,0" hai="25,27,56,57,59" m="48747,28265,51785" machi="59" ten="40,12000,1" yaku="28,2,20,1,18,1" doraHai="82" who="1" fromWho="0" sc="210,-123,321,123,259,0,210,0" /><INIT seed="1,2,0,1,5,101" ten="87,444,259,210" oya="1" hai0="65,45,31,34,98,125,128,16,58,48,102,91,56" hai1="33,126,92,88,121,76,130,42,93,95,36,9,63" hai2="51,111,64,135,81,23,46,19,10,62,85,11,133" hai3="15,38,90,57,123,17,107,25,47,30,70,118,1"/><U115/><E115/><V114/><F111/><W124/><G70/><T60/><D128/><U4/><E121/><V0/><F0/><W74/><G1/><T5/><D125/><U27/><E126/><V39/><F39/><W94/><G74/><T99/><D5/><U105/><E130/><V7/><F7/><W83/><G123/><T67/><D91/><U71/><E76/><V28/><F28/><W104/><G83/><T59/><D99/><U100/><E36/><V55/><F114/><W66/><G124/><T21/><D34/><U29/><E42/><V103/><F103/><W116/><G47/><T41/><D31/><U82/><E82/><V22/><F22/><N who="3" m="11583" /><G38/><T6/><D6/><U77/><E77/><V78/><F133/><W68/><G57/><T89/><D67/><N who="1" m="41471" /><E4/><V106/><F106/><W24/><G66/><T2/><D2/><U80/><E9/><V122/><F135/><W40/><G40/><T37/><D37/><U108/><E108/><V112/><F112/><W117/><G68/><T87/><D87/><N who="1" m="52255" /><E80/><V132/><F132/><W26/><G30/><T134/><D134/><U113/><E113/><V61/><F122/><W129/><G129/><T127/><D127/><U75/><E75/><V20/><F20/><W96/><AGARI ba="2,0" hai="24,25,26,90,94,96,104,107,116,117,118" m="11583" machi="96" ten="40,5200,0" yaku="12,1,52,2" doraHai="101" who="3" fromWho="3" sc="87,-15,444,-28,259,-15,210,58" /><INIT seed="2,0,0,0,3,75" ten="72,416,244,268" oya="2" hai0="90,32,62,125,92,1,87,121,23,123,70,55,4" hai1="56,77,99,43,110,124,21,106,79,84,68,72,58" hai2="52,33,96,2,40,9,80,105,38,63,60,111,69" hai3="118,39,42,7,8,10,18,81,134,93,25,120,127"/><V64/><F33/><W107/><G107/><T3/><D32/><U119/><E68/><V49/><F60/><W128/><G120/><T59/><D125/><U22/><E119/><V50/><F50/><W88/><G118/><T48/><D1/><U101/><E124/><V109/><F80/><W13/><G81/><T26/><D4/><U74/><E43/><V95/><F105/><W82/><G82/><T135/><D3/><U122/><E122/><V46/><F9/><W115/><G127/><T104/><D104/><U24/><E110/><N who="2" m="41995" /><F2/><W15/><G128/><T61/><D135/><U85/><E106/><V53/><F49/><W112/><G134/><T11/><D11/><U27/><E99/><V100/><AGARI ba="0,0" hai="38,40,46,52,53,63,64,69,95,96,100" m="41995" machi="100" ten="30,6000,0" yaku="14,1,10,1,54,1" doraHai="75" who="2" fromWho="2" sc="72,-20,416,-20,244,60,268,-20" /><INIT seed="2,1,0,2,4,123" ten="52,396,304,248" oya="2" hai0="64,79,100,130,135,4,29,127,82,46,18,87,76" hai1="89,131,128,2,134,8,97,90,52,94,86,96,83" hai2="44,81,112,48,102,106,33,98,32,22,49,115,109" hai3="27,25,31,122,15,16,65,99,132,28,80,39,56"/><V103/><F81/><W59/><G122/><T114/><D114/><U41/><E41/><V38/><F22/><W57/><G39/><T1/><D130/><N who="1" m="49707" /><E134/><V92/><F92/><W78/><G132/><T6/><D135/><U42/><E42/><V111/><F38/><W3/><G3/><T104/><D127/><U17/><E52/><N who="2" m="29703" /><F49/><W43/><G43/><T125/><D125/><U23/><E2/><V9/><F9/><W93/><G65/><T88/><D64/><U50/><E50/><V21/><F21/><W61/><G61/><T51/><D29/><U53/><E53/><V24/><F102/><W77/><G80/><T126/><D126/><U12/><E8/><V55/><F55/><W85/><G31/><T47/><D18/><U60/><E60/><V20/><F33/><W117/><G117/><T119/><D119/><U36/><E36/><V70/><F32/><W73/><G73/><T63/><D63/><U0/><E0/><V69/><F70/><W13/><G78/><T45/><D51/><U68/><E68/><V91/><F91/><W120/><G120/><T26/><D26/><U118/><E118/><V72/><F72/><W30/><G30/><T19/><D19/><U108/><E97/><V116/><F69/><W133/><G133/><T40/><D40/><U14/><E14/><V66/><F66/><W35/><G25/><T129/><D129/><U67/><E67/><V34/><F34/><W105/><G16/><T95/><D1/><U71/><E71/><V107/><F116/><W62/><G62/><T54/><D54/><U37/><E37/><RYUUKYOKU ba="1,0" sc="52,-10,396,30,304,-10,248,-10" hai1="12,17,23,83,86,89,90,94,96,108" /><INIT seed="3,2,0,4,4,129" ten="42,426,294,238" oya="3" hai0="84,7,65,26,42,107,24,57,124,25,93,12,116" hai1="86,134,41,99,62,23,6,115,133,82,20,114,33" hai2="32,81,125,111,85,39,110,0,68,38,52,127,27" hai3="66,56,22,89,21,120,5,47,130,128,11,3,94"/><W9/><G120/><T103/><D116/><U2/><E33/><V51/><F68/><W92/><G47/><T119/><D124/><N who="2" m="47690" /><F0/><W19/><G11/><T132/><D119/><U126/><E126/><V54/><F27/><W96/><G92/><T46/><D107/><U98/><E98/><V13/><F13/><W105/><G105/><T49/><D65/><U79/><E41/><V40/><F40/><W44/><G44/><T80/><D57/><U8/><E99/><V61/><F61/><N who="3" m="38183" /><G19/><T122/><D122/><U75/><E75/><V106/><F106/><W135/><G21/><N who="1" m="8266" /><E62/><V71/><F32/><W78/><G22/><T35/><D35/><U67/><E67/><V18/><F18/><W70/><G78/><T63/><D63/><U108/><E79/><N who="2" m="46271" /><F71/><W50/><G50/><T31/><D31/><U118/><E118/><V131/><F131/><N who="3" m="50219" /><G70/><T55/><D55/><N who="2" m="21034" /><F51/><W34/><G34/><T60/><D60/><U102/><E82/><V58/><F58/><W72/><G72/><T59/><D59/><U73/><E73/><V74/><F74/><W90/><G90/><T113/><D113/><U43/><E8/><V30/><F30/><W123/><G123/><T10/><D93/><U76/><E76/><V29/><F29/><W121/><G121/><T48/><D103/><U104/><E102/><V15/><F15/><W117/><G117/><T37/><D37/><AGARI ba="2,0" hai="37,38,39,110,111" m="21034,46271,47690" machi="37" ten="40,2600,0" yaku="18,1,54,1" doraHai="129" who="2" fromWho="0" sc="42,-32,426,0,294,32,238,0" owari="10,-49.0,426,52.6,326,12.6,238,-16.2" /></mjloggm>