<mjloggm ver="2.3"><GO type="225" lobby="0"/><UN n0="%E3%81%A1%E3%82%85%E3%81%86%E3%81%A9%E3%81%8F%E8%B1%A1%E3%81%95%E3%82%93" n1="%6D%75%75%6D%75%72%61" n2="%70%68%65%6E%6F%6D%65" n3="%65%2D%73%65%70%65%6E%3B" dan="17,17,17,17" rate="2132.29,2188.68,2175.96,2154.20" sx="M,F,M,M"/><TAIKYOKU oya="0"/><INIT seed="0,0,0,5,3,49" ten="250,250,250,250" oya="0" hai0="119,33,100,70,75,15,101,118,25,107,2,122,103" hai1="93,40,128,106,109,31,27,73,76,10,51,54,132" hai2="44,108,98,30,78,131,19,87,28,95,72,32,120" hai3="60,13,45,61,123,63,134,38,90,43,80,124,4"/><T115/><D122/><U102/><E109/><V52/><F120/><W20/><G123/><T86/><D115/><U125/><E128/><V14/><F72/><W91/><G134/><T21/><D2/><U48/><E132/><V74/><F74/><W94/><G124/><T35/><D75/><U46/><E125/><V59/><F108/><W53/><G80/><T69/><D107/><U7/><E106/><V83/><F44/><W26/><G94/><T114/><D114/><U58/><E93/><V17/><F131/><W0/><G0/><T36/><D36/><U113/><E102/><N who="2" m="60767" /><F32/><N who="0" m="12362" /><D15/><U18/><E113/><V82/><F82/><W55/><G13/><T8/><D8/><U116/><E116/><N who="0" m="44585" /><D21/><U111/><E111/><V96/><F96/><W47/><G4/><T84/><D25/><U50/><E7/><V89/><F89/><N who="3" m="33803" /><G38/><T117/><N who="0" m="44593" /><T3/><DORA hai="135" /><D3/><U68/><E10/><N who="2" m="6359" /><F19/><N who="3" m="12575" /><G43/><T57/><D57/><U97/><E18/><V16/><F16/><W12/><G12/><T126/><D126/><U129/><E129/><V6/><F6/><W34/><G34/><T29/><D29/><U1/><E1/><V110/><F110/><W5/><G5/><T9/><D9/><U56/><E97/><V22/><F22/><W23/><G23/><T81/><D81/><U39/><E31/><V112/><F112/><W121/><G121/><T37/><D37/><U104/><E104/><V99/><F99/><W24/><G24/><T88/><D88/><U133/><E27/><V71/><F71/><AGARI ba="0,0" hai="69,70,71,84,86,100,101,103" m="44593,12362" machi="71" ten="50,4800,0" yaku="28,2" doraHai="49,135" who="0" fromWho="2" sc="250,48,250,0,250,-48,250,0" /><INIT seed="0,1,0,0,3,15" ten="298,250,202,250" oya="0" hai0="14,128,16,11,86,13,105,98,89,35,69,77,119" hai1="21,51,120,56,24,104,74,118,27,42,81,103,132" hai2="124,47,52,36,4,53,125,54,99,79,100,3,28" hai3="1,58,63,135,59,95,39,82,46,38,19,34,20"/><T102/><D119/><U83/><E118/><V41/><F28/><W31/><G1/><T94/><D128/><U25/><E120/><V6/><F79/><W101/><G135/><T8/><D69/><U37/><E132/><V122/><F122/><W134/><G134/><T133/><D133/><U84/><E37/><V130/><F130/><W108/><G108/><T73/><D35/><U62/><E104/><V111/><F111/><W65/><G82/><N who="0" m="45359" /><D13/><U126/><E103/><V75/><F75/><W71/><G34/><T110/><D110/><U80/><E74/><V91/><F91/><W40/><G39/><T114/><D114/><U61/><E126/><N who="2" m="48747" /><F3/><W96/><REACH who="3" step="1"/><G31/><REACH who="3" ten="298,250,202,240" step="2"/><T67/><D67/><U26/><E80/><V45/><F45/><W123/><G123/><T78/><D78/><U18/><E83/><V17/><F17/><W131/><G131/><T107/><D107/><AGARI ba="1,1" hai="4,6,36,41,47,52,53,54,99,100,107" m="48747" machi="107" ten="30,2000,0" yaku="18,1,54,1" doraHai="15" who="2" fromWho="0" sc="298,-23,250,0,202,33,240,0" /><INIT seed="1,0,0,5,5,110" ten="275,250,235,240" oya="1" hai0="31,6,135,133,0,3,76,46,50,35,92,101,29" hai1="48,108,27,72,119,62,53,114,43,57,78,130,106" hai2="115,104,39,99,34,20,85,66,28,134,54,97,131" hai3="113,103,123,84,75,102,93,87,17,16,60,26,128"/><U42/><E119/><V51/><F39/><W10/><G123/><T82/><D101/><U7/><E106/><V8/><F34/><W118/><G75/><T23/><D92/><U63/><E108/><V124/><F124/><W90/><G118/><T77/><D35/><U91/><E7/><V64/><F131/><W47/><G128/><T120/><D120/><U117/><E130/><V79/><F134/><N who="0" m="51210" /><D6/><U24/><E117/><V18/><F28/><N who="0" m="10826" /><D23/><U80/><E91/><V55/><F8/><W89/><G113/><T132/><N who="0" m="51218" /><T19/><DORA hai="96" /><D19/><N who="3" m="7241" /><G26/><T25/><D25/><U49/><E114/><V107/><F115/><W21/><G21/><T105/><D105/><U13/><E13/><V4/><F18/><W126/><G10/><T100/><D100/><N who="3" m="38441" /><G126/><T59/><D59/><U2/><E2/><N who="0" m="553" /><D82/><U81/><E81/><V65/><F20/><W68/><G47/><T111/><D111/><U109/><E109/><V122/><F122/><W86/><G68/><T129/><D129/><U71/><E24/><V73/><F4/><W61/><G87/><T15/><D15/><U32/><E27/><V74/><F85/><W30/><G30/><T69/><D69/><U67/><REACH who="1" step="1"/><E32/><REACH who="1" ten="275,240,235,240" step="2"/><V83/><F104/><W88/><G90/><T94/><D94/><AGARI ba="0,1" hai="60,61,84,86,88,89,93,94" m="38441,7241" machi="94" ten="30,12000,2" yaku="8,1,52,3,54,2" doraHai="110,96" who="3" fromWho="0" sc="275,-120,240,0,235,0,240,130" /><INIT seed="2,0,0,0,1,112" ten="155,240,235,370" oya="2" hai0="71,109,60,43,3,31,134,101,11,86,37,65,7" hai1="113,40,116,17,18,10,39,70,83,73,36,33,68" hai2="19,75,117,90,104,54,133,135,88,95,106,129,2" hai3="32,126,9,26,74,30,105,80,52,91,77,13,69"/><V115/><F115/><W132/><G105/><T130/><D86/><U99/><E113/><V67/><F2/><W123/><G69/><T45/><D109/><U4/><E33/><V23/><F75/><W42/><G123/><T58/><D134/><N who="2" m="51210" /><F129/><W6/><G126/><T78/><D130/><U38/><E40/><V128/><F128/><W102/><G102/><T16/><D101/><U44/><E44/><V72/><F72/><W125/><G125/><T0/><D78/><U21/><E99/><N who="2" m="57831" /><F67/><W110/><G110/><T35/><D16/><U46/><E46/><V107/><F90/><W84/><G42/><T111/><D58/><U48/><E18/><V114/><F114/><W56/><G132/><T98/><D98/><U64/><E64/><V47/><F117/><W61/><REACH who="3" step="1"/><G74/><REACH who="3" ten="155,240,235,360" step="2"/><T79/><D111/><U57/><E70/><V122/><F122/><W89/><AGARI ba="0,1" hai="6,9,13,26,30,32,52,56,61,77,80,84,89,91" machi="89" ten="30,8000,1" yaku="1,1,2,1,0,1,54,1,53,1" doraHai="112" doraHaiUra="49" who="3" fromWho="3" sc="155,-20,240,-20,235,-40,360,90" /><INIT seed="3,0,0,2,0,79" ten="135,220,195,450" oya="3" hai0="44,134,72,31,115,83,93,42,69,67,89,32,129" hai1="52,34,88,41,6,15,10,51,127,111,14,119,73" hai2="107,75,64,61,70,30,113,128,106,2,130,65,122" hai3="99,102,60,131,124,100,85,101,5,96,36,12,19"/><W53/><G36/><T98/><D129/><N who="2" m="49770" /><F113/><W40/><G124/><T1/><D134/><U3/><E111/><V56/><F2/><W105/><G40/><T135/><D135/><U54/><E3/><V22/><F75/><W74/><G74/><T123/><D123/><U117/><E73/><V118/><F118/><W23/><G5/><T94/><D115/><U68/><E127/><V103/><F122/><W37/><G37/><T116/><D116/><U92/><E34/><V43/><F43/><W33/><G33/><T16/><D1/><U90/><E41/><V71/><F65/><W27/><G131/><T120/><D120/><U84/><E54/><V4/><F4/><W59/><G105/><N who="2" m="39945" /><F103/><W25/><G85/><T8/><D72/><U47/><E68/><V46/><F46/><W57/><G57/><T9/><D9/><U17/><E90/><V132/><F132/><W86/><G27/><AGARI ba="0,0" hai="22,27,30,56,61,64,70,71" m="39945,49770" machi="27" ten="30,1000,0" yaku="19,1" doraHai="79" who="2" fromWho="3" sc="135,0,220,0,195,10,450,-10" owari="135,-36.5,220,2.0,205,-19.5,440,54.0" /></mjloggm>