<mjloggm ver="2.3"><GO type="225" lobby="0"/><UN n0="%E8%81%B7%E6%A5%AD%E3%80%81%E9%A2%A8%32" n1="%E7%AD%89%E3%80%85%E5%8A%9B%E5%8A%87%E5%A0%B4" n2="%4B%2E%32%2E%4B%2E" n3="%E3%83%A9%E3%83%96%E3%83%AC%E3%83%BC" dan="16,16,16,18" rate="2133.20,2134.10,2079.54,2249.26" sx="M,M,M,M"/><TAIKYOKU oya="0"/><INIT seed="0,0,0,1,2,121" ten="250,250,250,250" oya="0" hai0="117,37,126,95,82,81,128,20,104,74,11,60,10" hai1="73,85,77,127,4,9,115,111,58,103,97,17,124" hai2="16,44,100,93,57,27,123,110,101,98,78,118,79" hai3="84,135,63,24,28,23,18,125,46,76,120,50,56"/><T133/><D117/><U64/><E73/><V91/><F123/><W53/><G120/><T66/><D104/><U29/><E29/><V55/><F118/><W51/><G135/><T59/><D37/><U99/><E17/><V114/><F114/><W52/><G125/><T68/><D126/><N who="1" m="48171" /><E115/><V72/><F44/><W39/><G39/><T132/><D128/><U32/><E32/><V65/><F65/><W30/><G63/><T19/><D68/><U107/><E99/><V34/><F110/><W90/><REACH who="3" step="1"/><G76/><REACH who="3" ten="250,250,250,240" step="2"/><T131/><D132/><U69/><E77/><V1/><F79/><W96/><G96/><T116/><D133/><U112/><E97/><V113/><F113/><W88/><G88/><T67/><D60/><U61/><E61/><N who="2" m="36031" /><F78/><W25/><G25/><T14/><D74/><U43/><E112/><V2/><F72/><W94/><AGARI ba="0,1" hai="18,23,24,28,30,46,50,51,52,53,56,84,90,94" machi="94" ten="20,8000,1" yaku="1,1,0,1,7,1,8,1,54,1,53,0" doraHai="121" doraHaiUra="108" who="3" fromWho="3" sc="250,-40,250,-20,250,-20,240,90" /><INIT seed="1,0,0,2,1,80" ten="210,230,230,330" oya="1" hai0="120,122,117,65,38,131,16,44,14,114,83,78,90" hai1="9,30,21,26,33,18,63,96,110,112,0,23,123" hai2="51,94,84,121,134,56,45,67,22,119,133,92,99" hai3="69,52,129,40,82,115,35,25,111,50,132,34,1"/><U13/><E112/><V46/><F119/><W76/><G115/><T98/><D117/><U7/><E123/><N who="0" m="47145" /><D114/><U10/><E63/><N who="2" m="38375" /><F121/><W8/><G129/><T59/><D131/><U70/><E70/><V77/><F22/><N who="1" m="8201" /><E96/><V15/><F15/><W103/><G103/><T89/><D98/><U128/><E128/><V58/><F58/><W101/><G101/><T118/><D118/><U60/><E60/><V27/><F27/><W37/><G25/><T32/><D32/><N who="1" m="20567" /><E110/><V104/><F104/><W127/><G111/><T85/><D59/><U74/><E74/><V100/><F51/><W31/><G40/><N who="0" m="22551" /><D65/><U2/><E33/><V126/><F45/><W29/><G37/><T125/><D125/><U135/><E135/><N who="2" m="51723" /><F46/><W47/><G127/><T55/><D55/><U20/><E10/><AGARI ba="0,0" hai="10,14,16,78,83,85,89,90" m="22551,47145" machi="10" ten="30,3900,0" yaku="13,1,52,1,54,1" doraHai="80" who="0" fromWho="1" sc="210,39,230,-39,230,0,330,0" /><INIT seed="2,0,0,2,0,103" ten="249,191,230,330" oya="2" hai0="11,76,125,8,38,9,54,92,117,71,96,91,29" hai1="72,44,81,128,61,108,59,118,107,13,78,16,105" hai2="88,70,47,109,57,116,114,56,66,74,34,132,82" hai3="41,111,40,23,18,104,73,31,121,89,99,87,83"/><V79/><F114/><W122/><G31/><T86/><D71/><U69/><E118/><V6/><F116/><W55/><G111/><T35/><D38/><U46/><E69/><V133/><F34/><W19/><G19/><T15/><D125/><U60/><E108/><V100/><F109/><W97/><G97/><T52/><D117/><U77/><E128/><V63/><F100/><N who="3" m="62495" /><G41/><T25/><D15/><U115/><E115/><V84/><F6/><W131/><G55/><T112/><D112/><U21/><E78/><V68/><F68/><W43/><G43/><T126/><D126/><U27/><E61/><V67/><F67/><W17/><G17/><T24/><D24/><U42/><E27/><V120/><F120/><W1/><G40/><T39/><D39/><U37/><E46/><V51/><F57/><W58/><G58/><T93/><REACH who="0" step="1"/><D76/><REACH who="0" ten="239,191,230,330" step="2"/><U98/><REACH who="1" step="1"/><E98/><REACH who="1" ten="239,181,230,330" step="2"/><V110/><F70/><W5/><G122/><T32/><D32/><U102/><E102/><AGARI ba="0,2" hai="8,9,11,25,29,35,52,54,86,91,92,93,96,102" machi="102" ten="40,2600,0" yaku="1,1,54,1,53,0" doraHai="103" doraHaiUra="62" who="0" fromWho="1" sc="239,46,181,-26,230,0,330,0" /><INIT seed="3,0,0,1,2,103" ten="285,155,230,330" oya="3" hai0="79,8,38,108,59,36,14,3,35,70,90,106,87" hai1="113,104,109,132,15,10,117,56,69,17,45,110,114" hai2="18,50,22,68,105,34,92,86,44,95,60,85,33" hai3="131,134,91,46,26,52,16,30,47,76,40,12,63"/><W83/><G131/><T121/><D108/><N who="1" m="41579" /><E69/><V20/><F105/><W48/><G91/><T7/><D35/><U51/><E56/><V57/><F68/><W123/><G134/><T72/><D121/><U11/><E45/><V0/><F0/><W67/><G26/><T77/><D59/><U98/><E51/><V9/><F9/><N who="1" m="3081" /><E98/><V61/><F50/><W29/><G123/><T133/><D133/><U19/><E132/><V58/><F18/><N who="1" m="6665" /><E104/><V135/><F135/><W39/><G67/><T2/><D106/><U97/><E97/><V93/><F95/><W128/><G63/><T100/><D38/><U75/><E75/><V89/><F89/><W28/><G83/><T42/><D72/><U124/><E15/><V80/><F80/><W21/><G76/><T84/><D14/><U78/><E78/><V120/><F120/><W122/><G122/><T111/><D79/><U130/><E124/><V24/><REACH who="2" step="1"/><F44/><REACH who="2" ten="285,155,220,330" step="2"/><W65/><G48/><T13/><D70/><U6/><E6/><V71/><F71/><W127/><G47/><T25/><D7/><U4/><E4/><V41/><F41/><W74/><G46/><T118/><D42/><U107/><E107/><V31/><F31/><W88/><G30/><T37/><D111/><U112/><E130/><V81/><F81/><W102/><G128/><T32/><D90/><U82/><E82/><V116/><F116/><AGARI ba="0,1" hai="112,113,114,116,117" m="6665,3081,41579" machi="116" ten="40,8000,1" yaku="28,2,14,1,34,2" doraHai="103" who="1" fromWho="2" sc="285,0,155,90,220,-80,330,0" owari="285,8.5,245,-15.5,140,-36.0,330,43.0" /></mjloggm>