<mjloggm ver="2.3"><GO type="225" lobby="0"/><UN n0="%E4%B8%89%E5%86%A0%E7%8E%8B%E3%83%BB%E5%B1%B1%E7%94%B0%E5%93%B2%E4%BA%BA" n1="%E3%81%86%E3%82%8C%E3%81%9F%E3%82%93%E6%9E%95" n2="%E3%83%B4%E3%83%A0%EF%BC%99%E3%81%A6" n3="%E3%81%9F%E3%81%93%E2%98%86%E7%84%BC%E3%81%8D" dan="16,16,17,16" rate="2149.66,2185.41,2180.82,2118.48" sx="M,F,M,M"/><TAIKYOKU oya="0"/><INIT seed="0,0,0,1,5,72" ten="250,250,250,250" oya="0" hai0="12,44,78,83,5,100,84,120,35,105,61,73,101" hai1="47,115,2,135,20,116,109,75,32,82,97,7,27" hai2="119,104,81,94,76,63,58,67,69,51,23,102,9" hai3="131,111,10,22,134,130,25,15,96,46,4,89,34"/><T3/><D120/><U90/><E116/><V70/><F119/><W113/><G46/><T54/><D35/><U114/><E109/><V122/><F104/><W39/><G39/><T18/><D3/><U107/><E135/><V74/><F122/><W118/><G111/><T85/><D5/><U53/><E32/><V57/><F9/><W24/><G96/><T80/><D105/><U55/><E7/><V88/><F102/><W42/><G42/><T112/><D112/><N who="1" m="43051" /><E2/><V59/><F23/><W77/><G89/><T127/><D127/><U124/><E47/><V87/><REACH who="2" step="1"/><F69/><REACH who="2" ten="250,250,240,250" step="2"/><W121/><G118/><T30/><D30/><N who="1" m="17767" /><E124/><V19/><F19/><W108/><G134/><T123/><D123/><U13/><E107/><V26/><F26/><W29/><G108/><T43/><D43/><U0/><E0/><V62/><F62/><W49/><G121/><T110/><D110/><U65/><E13/><V41/><F41/><W126/><G126/><T86/><D83/><U103/><E103/><V14/><F14/><W40/><G40/><T1/><D1/><U21/><E21/><V95/><F95/><W36/><G113/><T98/><D61/><U106/><E106/><V71/><F71/><W91/><G22/><T28/><D101/><U8/><E8/><V6/><F6/><W129/><G10/><N who="0" m="6423" /><D28/><U33/><E33/><V45/><F45/><W132/><G34/><T66/><D100/><U60/><E82/><V50/><AGARI ba="0,1" hai="50,51,57,58,59,63,67,70,74,76,81,87,88,94" machi="50" ten="30,7900,0" yaku="1,1,0,1,52,1,54,1,53,0" doraHai="72" doraHaiUra="99" who="2" fromWho="2" sc="250,-39,250,-20,240,89,250,-20" /><INIT seed="1,0,0,3,4,49" ten="211,230,329,230" oya="1" hai0="104,48,18,90,102,133,74,0,68,73,94,84,57" hai1="37,86,72,135,115,34,91,50,70,82,59,20,16" hai2="40,97,17,88,61,92,63,26,11,31,32,127,55" hai3="30,47,89,106,132,71,69,107,21,23,95,78,39"/><U62/><E115/><V27/><F127/><W96/><G78/><T129/><D68/><U118/><E118/><V56/><F40/><W113/><G132/><T58/><D0/><U19/><E135/><V46/><F46/><W76/><G76/><T98/><D133/><U29/><E37/><V10/><F61/><W24/><G71/><T5/><D5/><U14/><E72/><V13/><REACH who="2" step="1"/><F26/><REACH who="2" ten="211,230,319,230" step="2"/><W130/><G47/><T60/><D129/><U6/><E70/><V65/><F65/><W9/><G24/><T83/><D104/><U117/><E117/><V15/><F15/><W85/><G107/><T41/><D18/><U22/><E62/><V116/><F116/><W100/><G106/><T77/><D41/><U119/><E119/><V109/><F109/><W87/><G69/><T121/><D121/><U3/><E3/><V4/><F4/><W110/><G110/><T52/><REACH who="0" step="1"/><D77/><REACH who="0" ten="201,230,319,230" step="2"/><U36/><E6/><V12/><F12/><W2/><G130/><T28/><D28/><U43/><E29/><V101/><F101/><W38/><G100/><T134/><D134/><U93/><E43/><V51/><F51/><W33/><G30/><T108/><D108/><U126/><E36/><V114/><F114/><W103/><G38/><T99/><D99/><N who="1" m="57791" /><E126/><V54/><F54/><AGARI ba="0,2" hai="48,52,54,57,58,60,73,74,83,84,90,94,98,102" machi="54" ten="30,12000,2" yaku="1,1,7,1,52,2,54,1,53,1" doraHai="49" doraHaiUra="79" who="0" fromWho="2" sc="201,140,230,0,319,-120,230,0" /><INIT seed="2,0,0,5,3,58" ten="341,230,199,230" oya="2" hai0="133,12,69,70,36,20,95,89,102,57,66,25,48" hai1="47,80,79,19,75,26,123,64,33,27,104,39,49" hai2="61,44,43,92,38,28,32,122,121,22,54,15,96" hai3="4,91,7,131,110,85,107,134,0,8,135,21,30"/><V86/><F32/><W17/><G107/><T62/><D36/><U125/><E104/><V97/><F86/><W23/><G110/><T14/><D133/><N who="3" m="50697" /><G91/><T1/><D1/><U72/><E125/><V132/><F132/><W118/><G85/><T40/><D102/><U56/><E123/><V115/><F115/><W82/><G82/><T6/><D6/><U94/><E94/><V46/><F96/><W45/><G45/><N who="0" m="25639" /><D70/><U67/><E75/><V41/><F41/><W2/><G118/><T71/><D71/><U119/><E119/><V126/><F126/><W83/><G83/><T51/><D51/><U112/><E39/><V63/><F44/><W101/><G101/><T13/><D69/><U59/><E112/><V111/><F111/><W114/><G131/><T55/><D66/><U120/><E120/><V84/><F84/><W108/><G108/><T10/><D10/><U129/><E129/><V53/><F121/><W99/><G99/><N who="0" m="57839" /><D12/><U35/><E35/><V74/><F122/><W37/><G37/><T124/><D124/><U105/><E105/><V116/><F116/><W18/><G7/><T90/><D90/><U65/><E33/><V5/><F74/><W68/><G68/><T77/><D77/><U87/><E72/><V130/><F130/><W16/><G114/><T31/><AGARI ba="0,0" hai="13,14,20,25,31,55,57,62" m="57839,25639" machi="31" ten="30,2000,0" yaku="8,1,52,1" doraHai="58" who="0" fromWho="0" sc="341,20,230,-5,199,-10,230,-5" /><INIT seed="3,0,0,2,0,73" ten="361,225,189,225" oya="3" hai0="124,133,106,11,109,14,130,20,32,70,90,5,0" hai1="120,64,111,58,114,83,110,77,89,15,131,98,112" hai2="21,79,13,9,28,47,91,101,76,118,31,87,37" hai3="8,85,128,18,34,99,129,38,25,19,125,35,26"/><W12/><G38/><T80/><D90/><U1/><E1/><V53/><F118/><W41/><G99/><T57/><D70/><U104/><E120/><V72/><F72/><W22/><G41/><T127/><D32/><N who="3" m="12329" /><G85/><T74/><D57/><U51/><E15/><V108/><F108/><N who="1" m="41513" /><E131/><N who="3" m="50250" /><G125/><T2/><D80/><U42/><E42/><V33/><F33/><W116/><G116/><T117/><D106/><U68/><E68/><V88/><F101/><W107/><G107/><T92/><D92/><N who="1" m="56591" /><E104/><V93/><F91/><W10/><G26/><T135/><D124/><U39/><E39/><V63/><F37/><W69/><G69/><T121/><D127/><U96/><E96/><V30/><F21/><AGARI ba="0,0" hai="8,10,12,18,19,21,22,25" m="50250,12329" machi="21" ten="30,5800,0" yaku="19,1,34,2" doraHai="73" who="3" fromWho="2" sc="361,0,225,0,189,-58,225,58" /><INIT seed="3,1,0,5,5,85" ten="361,225,131,283" oya="3" hai0="128,130,44,39,26,109,57,69,86,34,63,15,100" hai1="21,127,133,68,131,19,14,73,74,23,64,0,91" hai2="7,82,58,33,122,83,121,4,9,62,35,102,118" hai3="114,50,105,110,54,123,71,61,27,120,88,89,28"/><W41/><G105/><T129/><D109/><U22/><E131/><V24/><F118/><W40/><G114/><T18/><D100/><U111/><E133/><V93/><F102/><W72/><G72/><T67/><D86/><U115/><E127/><V76/><F76/><W32/><G110/><T36/><D57/><U94/><E115/><V56/><F93/><W126/><G126/><T17/><D44/><U79/><E0/><V12/><F24/><W53/><G53/><T11/><D18/><U104/><E104/><V38/><F38/><W51/><G41/><T46/><D46/><U66/><E111/><V10/><REACH who="2" step="1"/><F12/><REACH who="2" ten="361,225,121,283" step="2"/><W119/><G119/><T48/><D39/><U59/><E79/><V49/><F49/><W117/><G50/><T125/><D48/><U3/><E3/><V13/><F13/><W99/><G117/><T8/><D36/><U37/><E37/><V6/><F6/><W134/><G51/><T112/><D15/><U81/><E94/><V103/><F103/><W43/><G27/><T96/><D26/><U31/><E14/><V55/><F55/><W113/><G54/><T135/><D129/><U107/><E107/><V42/><F42/><W84/><G113/><T90/><D112/><U25/><E25/><V80/><F80/><W108/><G40/><T47/><D128/><U132/><E81/><V97/><F97/><W30/><G99/><T98/><D98/><U45/><E74/><V95/><F95/><W106/><G43/><T2/><D96/><U16/><E73/><V70/><F70/><W78/><G71/><T1/><D130/><RYUUKYOKU ba="1,1" sc="361,-10,225,-10,121,30,283,-10" hai2="4,7,9,10,33,35,56,58,62,82,83,121,122" owari="361,46.1,215,-18.5,151,-34.9,273,7.3" /></mjloggm>