<mjloggm ver="2.3"><GO type="225" lobby="0"/><UN n0="%E3%82%A2%E3%82%A4%E3%82%B9%E3%83%86%E3%82%A3%E3%83%BC%E3%81%82%E3%81%B9" n1="%E9%9B%80%E6%A5%B5%E3%81%AE%E3%81%B8" n2="%4E%6F%2E%30%30%30%31" n3="%E7%BD%AA%E5%88%91%E6%B3%95%E5%AE%9A%E4%B8%BB%E7%BE%A9" dan="16,16,19,16" rate="2124.77,2127.64,2231.67,2132.54" sx="M,M,M,M"/><TAIKYOKU oya="0"/><INIT seed="0,0,0,2,4,84" ten="250,250,250,250" oya="0" hai0="123,91,36,76,61,124,31,20,130,37,50,47,39" hai1="42,83,16,117,32,127,94,23,128,60,49,65,88" hai2="86,51,132,10,69,82,66,38,15,99,89,70,7" hai3="44,52,17,11,113,3,90,118,2,97,73,95,54"/><T24/><D124/><U55/><E32/><V122/><F122/><W85/><G113/><T129/><D123/><U25/><E127/><V8/><F38/><W12/><G73/><T6/><D76/><U27/><E128/><V135/><F51/><W41/><G118/><T48/><D6/><U93/><E117/><V103/><F66/><W75/><G75/><T64/><D91/><U18/><E42/><V106/><REACH who="2" step="1"/><F10/><REACH who="2" ten="250,250,240,250" step="2"/><W28/><G28/><T105/><D50/><U79/><E65/><V102/><F102/><W111/><G111/><T133/><D133/><AGARI ba="0,1" hai="7,8,15,69,70,82,86,89,99,103,106,132,133,135" machi="133" ten="40,5200,0" yaku="1,1,20,1,52,1,53,0" doraHai="84" doraHaiUra="68" who="2" fromWho="0" sc="250,-52,250,0,240,62,250,0" /><INIT seed="1,0,0,0,4,93" ten="198,250,302,250" oya="1" hai0="41,42,117,132,64,29,99,105,128,62,44,55,40" hai1="98,27,92,51,21,9,2,80,84,31,112,53,104" hai2="32,18,135,5,106,116,26,129,113,47,86,63,79" hai3="8,126,17,100,125,13,59,54,101,133,119,56,46"/><U122/><E122/><V77/><F116/><W130/><G119/><T24/><D117/><U103/><E112/><V16/><F106/><W124/><G133/><T71/><D132/><U3/><E104/><V23/><F135/><W65/><G130/><T7/><D7/><U87/><E9/><V95/><F32/><W74/><G74/><T43/><D128/><U11/><E11/><V108/><F129/><W134/><G134/><T72/><D72/><U91/><REACH who="1" step="1"/><E84/><REACH who="1" ten="198,240,302,250" step="2"/><V36/><F113/><W37/><G126/><T96/><D105/><U61/><E61/><V10/><F63/><W49/><G125/><T69/><D71/><U19/><E19/><V22/><F10/><W39/><G124/><T75/><D75/><U38/><E38/><V83/><F5/><W94/><G39/><T109/><D109/><U34/><E34/><V73/><F108/><W66/><G37/><T12/><N who="0" m="10240" /><DORA hai="60" /><T48/><REACH who="0" step="1"/><D12/><REACH who="0" ten="188,240,302,250" step="2"/><U57/><AGARI ba="0,2" hai="2,3,21,27,31,51,53,57,80,87,91,92,98,103" machi="57" ten="20,12000,1" yaku="1,1,0,1,7,1,52,1,53,1" doraHai="93,60" doraHaiUra="78,14" who="1" fromWho="1" sc="188,-40,240,140,302,-40,250,-40" /><INIT seed="1,1,0,5,2,53" ten="148,380,262,210" oya="1" hai0="27,62,11,58,113,18,91,118,85,68,123,51,104" hai1="84,1,71,22,40,126,54,39,131,82,14,129,50" hai2="20,4,31,115,119,103,76,121,128,74,12,114,120" hai3="10,86,97,5,109,0,98,38,55,41,75,60,106"/><U134/><E1/><V13/><F103/><W89/><G109/><T100/><D113/><N who="2" m="43018" /><F76/><W21/><G75/><T23/><D118/><U24/><E71/><V26/><F74/><W64/><G106/><T49/><D68/><U52/><E134/><V116/><F128/><N who="1" m="49225" /><E39/><V81/><F81/><W36/><G55/><T43/><D123/><N who="2" m="47178" /><F4/><W16/><G41/><T69/><D69/><U99/><E99/><V15/><AGARI ba="1,0" hai="12,13,15,20,26,31,116,119" m="47178,43018" machi="15" ten="40,5200,0" yaku="11,1,34,2" doraHai="53" who="2" fromWho="2" sc="148,-14,380,-27,262,55,210,-14" /><INIT seed="2,0,0,0,3,45" ten="134,353,317,196" oya="2" hai0="53,109,92,17,56,129,59,48,77,110,47,54,34" hai1="67,12,60,115,74,0,36,64,5,40,49,75,126" hai2="3,30,39,84,122,117,65,22,106,15,87,28,101" hai3="52,127,26,130,102,89,80,97,128,96,88,61,82"/><V86/><F117/><W29/><G127/><T66/><D34/><U132/><E0/><V81/><F122/><W42/><G42/><T7/><D7/><U114/><E5/><V70/><F3/><W116/><G116/><T119/><D119/><U135/><E36/><V121/><F121/><W85/><G89/><T112/><D77/><U118/><E12/><V16/><F39/><W71/><G82/><T123/><D123/><U1/><E1/><V19/><F81/><W41/><G41/><N who="0" m="24687" /><D92/><U63/><E118/><V69/><F106/><W62/><G71/><T124/><D17/><U73/><E126/><V120/><F101/><W8/><G8/><T14/><D14/><U72/><E75/><V134/><F134/><N who="1" m="51241" /><E114/><V2/><F2/><W21/><G97/><T44/><D124/><U125/><E115/><V37/><F37/><W78/><G78/><T95/><D95/><U27/><E27/><V90/><F120/><W25/><G25/><T50/><D112/><U24/><E24/><V133/><F133/><W108/><G108/><N who="0" m="41579" /><D129/><U6/><E6/><V35/><F15/><W113/><G113/><T46/><D66/><N who="1" m="25131" /><E125/><V107/><F19/><W51/><G130/><T79/><D79/><U91/><E91/><V98/><F90/><W38/><G128/><T83/><D83/><U111/><E111/><V33/><F16/><W99/><G99/><T43/><D43/><U103/><E103/><V11/><F98/><W9/><G9/><T10/><D10/><U104/><E104/><V68/><F11/><W32/><G32/><N who="2" m="12361" /><F107/><W4/><G102/><T100/><D100/><RYUUKYOKU ba="0,0" sc="134,15,353,15,317,-15,196,-15" hai0="44,46,50,53,54,56,59" hai1="40,49,60,63,72,73,74" /><INIT seed="3,1,0,2,4,57" ten="149,368,302,181" oya="3" hai0="123,39,4,89,40,58,118,101,112,108,65,125,50" hai1="90,9,8,19,117,21,28,99,134,46,94,88,83" hai2="79,121,77,127,48,84,37,61,17,78,71,74,54" hai3="103,10,59,47,111,52,130,87,119,30,0,5,3"/><W18/><G119/><T73/><D123/><U69/><E69/><V11/><F74/><W100/><G130/><T20/><D118/><U115/><E115/><V44/><F121/><W55/><G3/><T120/><D120/><U93/><E134/><V68/><F127/><W34/><G111/><T26/><D73/><U97/><E117/><V29/><F37/><W98/><G18/><T51/><D125/><U36/><E28/><V92/><F29/><W116/><G116/><T2/><D101/><U114/><E114/><V109/><F109/><W22/><G34/><T43/><D112/><U70/><E70/><V7/><F17/><W42/><G87/><T25/><D39/><U86/><E46/><V32/><F32/><W56/><G56/><T14/><D2/><U135/><E36/><V53/><F71/><W110/><G110/><T33/><D33/><U126/><E135/><V129/><F129/><W107/><G103/><T23/><D108/><U1/><E1/><V76/><N who="2" m="19456" /><DORA hai="27" /><V62/><F54/><W96/><G96/><T104/><D104/><U31/><E31/><V131/><F68/><W105/><G105/><T63/><D89/><U15/><E126/><V128/><F128/><W12/><G59/><T85/><D85/><U41/><E41/><N who="0" m="15945" /><D25/><U24/><E24/><V13/><REACH who="2" step="1"/><F131/><REACH who="2" ten="149,368,292,181" step="2"/><W49/><G30/><N who="0" m="17735" /><D23/><U106/><E21/><V80/><F80/><W124/><G124/><T45/><D45/><U82/><E83/><V91/><AGARI ba="1,1" hai="7,11,13,44,48,53,61,62,84,91,92" m="19456" machi="91" ten="40,8000,1" yaku="1,1,0,1,8,1,52,2,53,0" doraHai="57,27" doraHaiUra="132,16" who="2" fromWho="2" sc="149,-21,368,-21,292,93,181,-41" owari="128,-37.2,347,14.7,385,48.5,140,-26.0" /></mjloggm>