<mjloggm ver="2.3"><GO type="225" lobby="0"/><UN n0="%E8%B6%85%E7%B4%9A%E9%B3%B3%E5%87%B0" n1="%E7%89%B9%E6%9D%B1%E3%81%AF%E4%B8%96%E7%95%8C%E3%82%92%E6%95%91%E3%81%86" n2="%E3%81%BF%E3%81%BF%E3%81%9A" n3="%E5%A4%9C%E5%85%89%E5%A4%A9%E6%A5%BC" dan="17,16,18,17" rate="2140.91,2052.65,2220.00,2189.32" sx="F,M,M,M"/><TAIKYOKU oya="0"/><INIT seed="0,0,0,1,2,1" ten="250,250,250,250" oya="0" hai0="16,40,132,82,4,103,51,44,41,118,73,110,105" hai1="21,98,78,90,31,127,104,32,55,24,18,56,111" hai2="99,113,47,37,22,13,85,91,74,7,33,75,30" hai3="106,38,68,48,63,94,71,79,100,123,121,64,10"/><T14/><D118/><U87/><E111/><V112/><F99/><N who="3" m="59511" /><G38/><T43/><D132/><U93/><E127/><V102/><F102/><W131/><G106/><T84/><D110/><U120/><E120/><N who="3" m="46154" /><G131/><T25/><D73/><U39/><E39/><V0/><F47/><W133/><G133/><T135/><D135/><U15/><E104/><V129/><F37/><W81/><G48/><T45/><D45/><U8/><E78/><V9/><F129/><W60/><G10/><T107/><D103/><U28/><E32/><V57/><F57/><N who="3" m="36879" /><G63/><T130/><D130/><U114/><E114/><V101/><F101/><W34/><G34/><T115/><D115/><U35/><E35/><V49/><F49/><W11/><G11/><N who="0" m="4455" /><D105/><U92/><E92/><N who="2" m="54383" /><F113/><W126/><G126/><T86/><D107/><U67/><E67/><V50/><F50/><W36/><G36/><T52/><D82/><U76/><E76/><V54/><F54/><W72/><AGARI ba="0,0" hai="68,71,72,79,81" m="36879,46154,59511" machi="72" ten="30,1100,0" yaku="13,1" doraHai="1" who="3" fromWho="3" sc="250,-5,250,-3,250,-3,250,11" /><INIT seed="1,0,0,3,1,5" ten="245,247,247,261" oya="1" hai0="119,39,14,47,48,126,26,81,12,57,133,96,15" hai1="24,104,44,117,45,132,0,49,101,73,103,59,87" hai2="7,135,123,8,37,65,46,67,76,88,99,9,105" hai3="83,91,2,78,6,90,38,43,31,22,13,62,63"/><U70/><E117/><V110/><F123/><W25/><G13/><T107/><D119/><U1/><E73/><V35/><F35/><W56/><G63/><T128/><D128/><U115/><E115/><V36/><F76/><W61/><G61/><T58/><D126/><U4/><E70/><V33/><F33/><W97/><G97/><T20/><D39/><U116/><E116/><V114/><F114/><W55/><G43/><T79/><D133/><U125/><E132/><V84/><F135/><W112/><G38/><T102/><D47/><U68/><E68/><V118/><F118/><W109/><G112/><T120/><D48/><U30/><E125/><V106/><F7/><W18/><G31/><T108/><D108/><U92/><E104/><V23/><F23/><W95/><G95/><T66/><D66/><U64/><E45/><V60/><F46/><W34/><G34/><T82/><D120/><U51/><E87/><V16/><F60/><W29/><G29/><T113/><D113/><U19/><E19/><V11/><F16/><W71/><G71/><T98/><D98/><N who="1" m="59591" /><E4/><V54/><F110/><W17/><G17/><T21/><D82/><U121/><E121/><V129/><F129/><W32/><G32/><T111/><D111/><U93/><E64/><N who="2" m="24651" /><F54/><W86/><G109/><T127/><D127/><U28/><E28/><V27/><F27/><W10/><AGARI ba="0,0" hai="2,6,10,18,22,25,55,56,62,78,83,86,90,91" machi="10" ten="30,2000,0" yaku="0,1,52,1" doraHai="5" who="3" fromWho="3" sc="245,-5,247,-10,247,-5,261,20" /><INIT seed="2,0,0,1,3,131" ten="240,237,242,281" oya="2" hai0="24,13,83,1,96,26,106,43,89,68,86,90,51" hai1="7,10,14,95,15,84,76,123,80,11,56,16,93" hai2="107,104,85,102,36,44,6,41,29,103,87,37,101" hai3="124,126,60,115,42,34,9,59,50,91,116,78,39"/><V109/><F29/><W2/><G116/><T55/><D1/><U18/><E123/><V88/><F6/><N who="3" m="1239" /><G34/><T130/><D68/><U49/><E7/><V38/><F109/><W35/><G35/><T114/><D114/><U118/><E118/><V31/><F31/><W53/><G91/><T125/><D130/><U110/><E110/><V99/><F87/><W62/><G78/><T112/><D112/><U21/><E21/><V121/><F121/><W0/><G0/><T69/><D69/><U23/><E23/><V77/><F77/><W22/><G22/><T105/><D125/><N who="3" m="48233" /><G115/><T57/><D43/><U135/><E135/><V67/><F67/><W75/><G75/><T64/><D64/><U72/><E72/><V25/><F25/><W120/><G120/><T48/><D48/><U65/><E49/><V40/><F40/><W133/><G133/><T3/><D3/><U17/><E18/><V33/><F33/><W63/><G39/><T12/><D106/><U129/><E129/><V73/><F73/><W8/><G8/><T113/><D113/><U127/><E127/><V45/><F41/><AGARI ba="0,0" hai="41,42,50,53,59,60,62,63" m="48233,1239" machi="41" ten="30,1000,0" yaku="18,1" doraHai="131" who="3" fromWho="2" sc="240,0,237,0,242,-10,281,10" /><INIT seed="3,0,0,4,5,1" ten="240,237,232,291" oya="3" hai0="125,72,41,63,9,47,44,98,19,132,65,32,35" hai1="52,118,66,114,3,115,64,126,111,28,43,73,12" hai2="97,70,89,50,10,82,56,42,121,62,127,34,49" hai3="95,36,20,61,45,16,7,122,124,25,107,29,79"/><W90/><G122/><T6/><D72/><U77/><E3/><V112/><F112/><W30/><G107/><T92/><D132/><U11/><E43/><V22/><F34/><W18/><G7/><T69/><D125/><U0/><E0/><V21/><F127/><W109/><G124/><T13/><D19/><N who="3" m="7209" /><G36/><T81/><D81/><N who="1" m="45231" /><E28/><V39/><F121/><W8/><G79/><T71/><D71/><U51/><E126/><V119/><F119/><W134/><G134/><T74/><D74/><U59/><E64/><N who="2" m="41239" /><F10/><W31/><G8/><T67/><D67/><U57/><E57/><V101/><F82/><W113/><G113/><T37/><D47/><U105/><E66/><V91/><F91/><AGARI ba="0,0" hai="6,9,13,32,35,37,41,44,63,65,69,91,92,98" machi="91" ten="30,2000,0" yaku="7,1,52,1" doraHai="1" who="0" fromWho="2" sc="240,20,237,0,232,-20,291,0" /><INIT seed="4,0,0,4,0,48" ten="260,237,212,291" oya="0" hai0="116,42,35,41,73,129,11,106,100,3,34,128,19" hai1="7,65,112,57,59,62,84,37,131,74,111,12,135" hai2="20,22,105,104,103,47,18,121,32,1,114,110,29" hai3="24,75,33,109,43,49,83,78,124,119,52,17,14"/><T0/><D116/><U9/><E111/><V16/><F110/><W90/><G109/><T4/><D73/><U120/><E74/><V134/><F121/><W21/><G119/><T67/><D67/><U127/><E120/><V133/><F1/><W53/><G124/><T45/><D19/><N who="2" m="7210" /><F103/><W58/><G43/><T118/><D118/><U81/><E37/><V87/><F87/><N who="3" m="50559" /><G33/><N who="0" m="12299" /><D3/><U66/><E131/><N who="0" m="50249" /><D45/><U61/><E135/><N who="2" m="51723" /><F114/><W15/><G78/><T76/><D76/><U6/><E127/><V77/><F77/><W46/><G75/><T79/><D79/><N who="1" m="46143" /><E112/><V68/><F68/><W8/><G8/><T25/><D25/><U51/><E51/><AGARI ba="0,0" hai="14,15,17,21,24,46,49,51,52,53,58" m="50559" machi="51" ten="30,7700,0" yaku="8,1,52,2,54,1" doraHai="48" who="3" fromWho="1" sc="260,0,237,-77,212,0,291,77" owari="260,6.0,160,-34.0,212,-18.8,368,46.8" /></mjloggm>