<mjloggm ver="2.3"><GO type="225" lobby="0"/><UN n0="%E7%89%B9%E6%9D%B1%E3%81%AF%E4%B8%96%E7%95%8C%E3%82%92%E6%95%91%E3%81%86" n1="%E3%81%82%E3%82%93%E3%81%AA%E3%81%A4" n2="%E8%BE%9B%E5%8F%A3%E3%82%AB%E3%83%AC%E3%83%BC%E3%83%A9%E3%82%A4%E3%82%B9" n3="%54%4F%52" dan="16,16,16,17" rate="2167.45,2116.76,2175.59,2246.42" sx="M,M,M,M"/><TAIKYOKU oya="0"/><INIT seed="0,0,0,1,0,16" ten="250,250,250,250" oya="0" hai0="85,59,33,6,98,124,24,71,102,67,12,51,93" hai1="87,57,73,74,55,2,126,10,128,49,94,50,35" hai2="79,52,37,101,107,77,103,53,47,110,68,70,83" hai3="15,130,25,31,60,121,114,20,34,7,97,78,14"/><T19/><D124/><U30/><E126/><V40/><F110/><W122/><G114/><T86/><D71/><U89/><E128/><V113/><F113/><W28/><G130/><T39/><D39/><U95/><E95/><V92/><F107/><W109/><G109/><T56/><D33/><U22/><E35/><V11/><F11/><N who="3" m="4479" /><G78/><T63/><D24/><U129/><E129/><V64/><F79/><W84/><G84/><T3/><D6/><U13/><E2/><V104/><F104/><W96/><G60/><T32/><D32/><U1/><E50/><V119/><F119/><W100/><G100/><T8/><REACH who="0" step="1"/><D3/><REACH who="0" ten="240,250,250,250" step="2"/><U43/><E1/><V61/><F70/><W117/><G117/><T62/><D62/><U48/><E49/><V46/><F68/><W81/><G25/><T45/><D45/><U27/><REACH who="1" step="1"/><E43/><REACH who="1" ten="240,240,250,250" step="2"/><V65/><F40/><W135/><G34/><T66/><D66/><U133/><E133/><V21/><F64/><W115/><G135/><T132/><D132/><U123/><E123/><V38/><F65/><W106/><G115/><T99/><D99/><U18/><AGARI ba="0,2" hai="10,13,18,22,27,30,48,55,57,73,74,87,89,94" machi="18" ten="20,5200,0" yaku="1,1,0,1,7,1,52,1,53,0" doraHai="16" doraHaiUra="41" who="1" fromWho="1" sc="240,-26,240,72,250,-13,250,-13" /><INIT seed="1,0,0,3,3,9" ten="214,312,237,237" oya="1" hai0="4,72,2,30,49,58,127,60,91,119,56,87,29" hai1="117,69,27,10,19,53,73,115,84,7,80,16,12" hai2="134,129,40,78,25,92,41,22,100,48,47,126,90" hai3="86,131,89,79,97,120,26,105,20,111,130,32,39"/><U77/><E115/><V135/><F129/><N who="3" m="49163" /><G39/><T121/><D72/><U82/><E117/><V6/><F126/><W71/><G71/><T52/><D119/><U55/><E69/><V45/><F78/><W66/><G66/><T104/><D104/><U102/><E102/><V46/><F100/><N who="3" m="62607" /><G111/><T95/><D127/><U61/><E61/><V94/><F6/><W23/><G79/><T114/><D114/><U14/><E27/><V107/><F107/><W132/><G132/><N who="2" m="50729" /><F90/><W125/><G120/><T67/><REACH who="0" step="1"/><D121/><REACH who="0" ten="204,312,237,237" step="2"/><U123/><E123/><V116/><F116/><W34/><G125/><T83/><D83/><U38/><E82/><V36/><F46/><W88/><G34/><T128/><D128/><U101/><E73/><V17/><AGARI ba="0,1" hai="17,22,25,36,40,41,45,47,48,92,94" m="50729" machi="17" ten="30,1100,0" yaku="20,1" doraHai="9" who="2" fromWho="2" sc="204,-3,312,-5,237,21,237,-3" /><INIT seed="2,0,0,1,2,37" ten="201,307,258,234" oya="2" hai0="73,114,107,98,30,68,6,111,133,67,99,101,115" hai1="26,75,4,103,31,44,96,126,122,24,32,80,79" hai2="69,74,9,135,71,40,81,7,18,47,117,116,54" hai3="48,130,41,45,56,46,63,127,106,112,58,109,64"/><V17/><F135/><W66/><G106/><T52/><D111/><U105/><E126/><V5/><F54/><N who="3" m="31815" /><G109/><T89/><D133/><U39/><E26/><V62/><F17/><W104/><G104/><T35/><D73/><U94/><E4/><V38/><F18/><W13/><G13/><T3/><D52/><U120/><E94/><V25/><F5/><W87/><G87/><T59/><D59/><U76/><E76/><N who="2" m="44183" /><F25/><W78/><G78/><T83/><D83/><U20/><E20/><V12/><F12/><W121/><G121/><T15/><D15/><U42/><AGARI ba="0,0" hai="24,31,32,39,42,44,75,79,80,96,103,105,120,122" machi="42" ten="30,7900,0" yaku="0,1,23,2,52,1" doraHai="37" who="1" fromWho="1" sc="201,-20,307,79,258,-39,234,-20" /><INIT seed="3,0,0,3,5,76" ten="181,386,219,214" oya="3" hai0="129,116,13,130,106,42,4,91,75,117,41,120,86" hai1="101,11,133,31,72,73,92,44,33,100,21,40,110" hai2="127,39,57,55,9,19,49,60,121,43,124,132,6" hai3="47,77,61,56,45,14,108,35,51,64,8,79,30"/><W34/><G108/><T20/><D4/><U24/><E110/><V95/><F132/><W3/><G3/><T112/><D13/><U68/><E68/><V84/><F121/><W105/><G105/><T119/><D20/><U115/><E115/><V15/><F39/><W81/><G77/><T67/><D67/><U128/><E128/><N who="0" m="49257" /><D42/><U48/><E133/><V25/><F84/><W54/><G45/><T80/><D41/><U29/><E11/><V50/><F95/><W134/><G134/><T52/><D112/><U12/><E92/><V1/><F25/><W122/><G30/><T131/><N who="0" m="49265" /><T89/><DORA hai="66" /><D120/><U88/><E31/><V70/><F70/><W38/><G38/><T32/><D32/><U59/><E59/><V36/><F36/><W17/><REACH who="3" step="1"/><G122/><REACH who="3" ten="181,386,219,204" step="2"/><T7/><D106/><U118/><E44/><V93/><F1/><W65/><G65/><T74/><D7/><U114/><E29/><V0/><F6/><W96/><G96/><T69/><D69/><U26/><E114/><V109/><F0/><W123/><G123/><T99/><D52/><U111/><E111/><V18/><F55/><W78/><G78/><T83/><D80/><U62/><E73/><AGARI ba="0,1" hai="8,14,17,34,35,47,51,54,56,61,64,73,79,81" machi="73" ten="30,5800,0" yaku="1,1,7,1,52,1,53,0" doraHai="76,66" doraHaiUra="82,37" who="3" fromWho="1" sc="181,0,386,-58,219,0,204,68" /><INIT seed="3,1,0,4,5,103" ten="181,328,219,272" oya="3" hai0="51,8,83,85,71,29,123,4,118,14,126,72,77" hai1="48,46,2,26,99,67,0,109,40,82,122,30,112" hai2="133,96,65,110,79,13,107,121,119,63,87,90,101" hai3="111,57,17,3,5,69,116,124,39,64,33,37,19"/><W117/><G69/><T129/><D118/><U81/><E122/><V56/><F119/><W31/><G124/><T50/><D123/><U125/><E112/><V11/><F121/><W25/><G111/><T22/><D126/><U80/><E125/><V91/><F110/><W7/><G116/><T113/><D113/><U49/><E109/><V73/><F133/><W105/><G105/><T78/><D71/><U58/><E99/><V135/><F135/><W32/><G32/><T130/><D78/><U98/><E98/><V68/><F73/><W42/><G117/><T108/><D108/><U10/><E10/><V34/><F34/><W9/><G7/><T28/><D72/><U23/><REACH who="1" step="1"/><E49/><REACH who="1" ten="181,318,219,272" step="2"/><V102/><F96/><W6/><G39/><T52/><D51/><U131/><E131/><N who="0" m="50185" /><D22/><U55/><E55/><V59/><F11/><W106/><G37/><T100/><D100/><U41/><E41/><V93/><F102/><W38/><G42/><T35/><D35/><U36/><E36/><V47/><F101/><W132/><G38/><T134/><D134/><U21/><E21/><V16/><F65/><W75/><G132/><T1/><D1/><U66/><E66/><V88/><F63/><AGARI ba="1,1" hai="0,2,23,26,30,40,46,48,58,63,67,80,81,82" machi="63" ten="40,2600,0" yaku="1,1,53,1" doraHai="103" doraHaiUra="20" who="1" fromWho="2" sc="181,0,318,39,219,-29,272,0" owari="181,-31.9,357,45.7,190,-21.0,272,7.2" /></mjloggm>