<mjloggm ver="2.3"><GO type="225" lobby="0"/><UN n0="%E3%81%B8%E3%82%80%E3%81%B8%E3%82%80%EF%BC%92%E5%8F%B7" n1="%E3%82%BC%E3%83%AB%E3%83%80%E3%81%AE%E4%BC%9D%E8%AA%AC" n2="%EF%BC%81%E3%81%BC%E3%81%9F%E3%82%82%E3%81%A1%EF%BC%81" n3="%33%74%72%65%65" dan="16,16,17,16" rate="2112.03,2164.29,2212.10,2104.52" sx="M,M,M,F"/><TAIKYOKU oya="0"/><INIT seed="0,0,0,4,3,19" ten="250,250,250,250" oya="0" hai0="73,130,24,27,20,88,21,54,56,82,126,47,28" hai1="34,5,11,112,29,39,46,115,57,133,124,70,14" hai2="97,118,91,79,30,9,51,25,65,71,42,101,37" hai3="36,95,31,81,116,40,84,23,67,16,22,98,13"/><T35/><D126/><U61/><E124/><V127/><F37/><W120/><G116/><T66/><D130/><U33/><E70/><V100/><F127/><W58/><G120/><T109/><D109/><U96/><E133/><V129/><F118/><W63/><G36/><T1/><D1/><U90/><E90/><V107/><F129/><W2/><G2/><T83/><D73/><U102/><E46/><V59/><F79/><N who="3" m="46143" /><G40/><T111/><D111/><U114/><E29/><V18/><F100/><N who="3" m="60511" /><G31/><N who="0" m="17799" /><D35/><U110/><E39/><V32/><F91/><W105/><G105/><T72/><D72/><U8/><E8/><AGARI ba="0,0" hai="8,13,16,22,23,58,63,67" m="60511,46143" machi="8" ten="30,7700,0" yaku="8,1,52,2,54,1" doraHai="19" who="3" fromWho="1" sc="250,0,250,-77,250,0,250,77" /><INIT seed="1,0,0,5,3,58" ten="250,173,250,327" oya="1" hai0="87,57,126,20,99,89,107,33,68,103,104,81,18" hai1="32,125,77,131,29,78,39,12,4,28,97,98,1" hai2="111,17,9,6,52,46,74,119,123,19,38,82,49" hai3="30,127,48,50,93,13,117,56,130,135,25,86,69"/><U59/><E39/><V102/><F119/><W110/><G69/><T45/><D126/><U113/><E113/><V21/><F123/><W22/><G127/><T90/><D68/><U64/><E125/><V101/><F111/><W84/><G110/><T2/><D33/><U92/><E131/><V0/><F38/><W105/><G105/><T95/><D2/><U108/><E1/><V66/><F66/><W134/><G130/><T31/><D31/><N who="1" m="11851" /><E32/><V54/><F19/><W10/><G117/><T72/><D45/><U73/><E73/><V24/><REACH who="2" step="1"/><F54/><REACH who="2" ten="250,173,240,327" step="2"/><W71/><G134/><T70/><D70/><U91/><E108/><V23/><F23/><W75/><G22/><T118/><D118/><U61/><E98/><V112/><F112/><W42/><G135/><T53/><D20/><U26/><E26/><V132/><F132/><W94/><G25/><T128/><D18/><U120/><E120/><V116/><F116/><W106/><G71/><T79/><D128/><U36/><E36/><V88/><F88/><W60/><G30/><T43/><D43/><U85/><E97/><V115/><F115/><W67/><G42/><T100/><D90/><U83/><E83/><V124/><F124/><W76/><G76/><AGARI ba="0,1" hai="0,6,9,17,21,24,46,49,52,74,76,82,101,102" machi="76" ten="40,5200,0" yaku="1,1,54,1,53,1" doraHai="58" doraHaiUra="35" who="2" fromWho="3" sc="250,0,173,0,240,62,327,-52" /><INIT seed="2,0,0,3,0,106" ten="250,173,302,275" oya="2" hai0="49,18,61,64,115,23,47,94,77,135,75,70,20" hai1="128,21,121,35,0,59,55,102,8,110,101,44,53" hai2="86,132,66,5,60,14,30,109,103,10,63,79,99" hai3="122,36,112,117,123,65,50,3,28,127,19,4,134"/><V7/><F132/><W78/><G36/><T54/><D115/><U85/><E35/><V9/><F109/><W130/><G65/><T119/><D135/><U13/><E110/><V37/><F37/><W73/><G134/><T25/><D119/><U51/><E128/><V93/><F30/><W46/><G117/><T113/><D113/><U114/><E114/><V48/><F66/><W126/><G28/><T12/><D94/><U129/><E129/><V100/><F100/><W57/><G57/><T71/><D71/><U124/><E124/><N who="3" m="47658" /><G19/><T125/><D125/><U24/><E0/><V68/><F68/><W88/><G130/><T89/><D89/><U83/><E121/><V52/><F86/><W131/><G131/><T92/><D92/><U62/><E21/><V43/><F43/><N who="3" m="24927" /><G88/><T74/><REACH who="0" step="1"/><D77/><REACH who="0" ten="240,173,302,275" step="2"/><N who="1" m="46319" /><E24/><V34/><F79/><W82/><G112/><T133/><D133/><U15/><E15/><N who="2" m="5551" /><F34/><W81/><G81/><T118/><D118/><U87/><E87/><V105/><F105/><W108/><G108/><T111/><D111/><U104/><E104/><V31/><F31/><AGARI ba="0,1" hai="12,18,20,23,25,31,47,49,54,61,64,70,74,75" machi="31" ten="30,8000,1" yaku="1,1,7,1,52,2,53,1" doraHai="106" doraHaiUra="67" who="0" fromWho="2" sc="240,90,173,0,302,-80,275,0" /><INIT seed="3,0,0,3,1,53" ten="330,173,222,275" oya="3" hai0="4,34,65,118,23,28,49,13,10,112,26,19,43" hai1="125,89,27,30,95,63,123,62,58,115,22,51,83" hai2="84,121,102,5,47,25,124,57,71,29,94,130,126" hai3="33,110,81,38,133,116,101,135,100,56,113,0,117"/><W105/><G33/><T60/><D118/><U42/><E123/><V86/><F71/><W14/><G0/><N who="0" m="263" /><D112/><U17/><E125/><V59/><F5/><W46/><G113/><T50/><D43/><U41/><E115/><V87/><F130/><W77/><G14/><T132/><D132/><N who="3" m="50761" /><G46/><T8/><D8/><U106/><E106/><V93/><F121/><W92/><G38/><T120/><D120/><U55/><E83/><V66/><F47/><W72/><G56/><AGARI ba="0,0" hai="13,19,23,26,28,34,49,50,56,60,65" m="263" machi="56" ten="30,2000,0" yaku="24,1,52,1" doraHai="53" who="0" fromWho="3" sc="330,20,173,0,222,0,275,-20" owari="350,45.0,173,-32.7,222,-17.8,255,5.5" /></mjloggm>