<mjloggm ver="2.3"><GO type="225" lobby="0"/><UN n0="%33%74%72%65%65" n1="%E3%81%86%E3%83%BC%E3%81%B1%E3%83%BC" n2="%73%75%7A%75%72%61%6E%65" n3="%E4%BE%BF%E6%89%80" dan="16,16,16,16" rate="2136.50,2135.84,2037.45,2071.07" sx="F,F,M,M"/><TAIKYOKU oya="0"/><INIT seed="0,0,0,2,1,14" ten="250,250,250,250" oya="0" hai0="39,7,51,77,5,3,46,27,76,103,102,16,4" hai1="31,87,62,50,124,15,53,83,30,10,44,118,116" hai2="112,135,131,55,104,121,37,120,122,110,113,21,6" hai3="89,119,47,40,90,101,18,75,52,13,19,12,34"/><T8/><D39/><U134/><E124/><V57/><F104/><W125/><G119/><T2/><D2/><U80/><E134/><V29/><F135/><W59/><G75/><T130/><D130/><U92/><E116/><V82/><F131/><W20/><G34/><T42/><D3/><U48/><E62/><V79/><F37/><W84/><G101/><N who="0" m="38411" /><D8/><U43/><E92/><V45/><F45/><W58/><G125/><T49/><D49/><U78/><E83/><V81/><F6/><N who="0" m="1538" /><T32/><DORA hai="127" /><D32/><U22/><E22/><AGARI ba="0,0" hai="16,22,27,42,46,51,76,77" m="1538,38411" machi="22" ten="40,7700,0" yaku="8,1,52,1,54,1" doraHai="14,127" who="0" fromWho="1" sc="250,77,250,-77,250,0,250,0" /><INIT seed="0,1,0,3,3,95" ten="327,173,250,250" oya="0" hai0="1,33,55,78,74,69,5,16,57,14,116,71,101" hai1="80,11,20,93,106,52,114,70,2,123,43,50,73" hai2="113,44,79,103,112,51,37,30,15,133,122,98,100" hai3="130,0,68,135,31,19,40,99,48,81,72,105,87"/><T108/><D116/><U46/><E123/><V45/><F122/><W34/><G68/><T85/><D74/><U25/><E106/><V127/><F133/><W89/><G0/><T82/><D33/><U64/><E114/><V6/><F79/><W17/><G135/><T61/><D108/><U129/><E129/><V23/><F127/><W28/><G130/><T63/><D1/><U96/><E73/><V35/><F35/><W36/><G36/><T104/><D5/><U117/><E117/><V58/><F37/><W115/><G115/><T47/><D47/><U56/><E80/><V49/><F58/><W22/><G72/><T9/><REACH who="0" step="1"/><D63/><REACH who="0" ten="317,173,250,250" step="2"/><N who="1" m="37991" /><E2/><V128/><F6/><W83/><G34/><T18/><D18/><N who="1" m="12439" /><E70/><V60/><F60/><W7/><G17/><T10/><D10/><U84/><E11/><V88/><F113/><W107/><G7/><T75/><D75/><U42/><E84/><V94/><F112/><W53/><G19/><T3/><D3/><U118/><E118/><V66/><F128/><W54/><G87/><T111/><D111/><U29/><E29/><V26/><F30/><W126/><G28/><T8/><D8/><U32/><E32/><V119/><F119/><W97/><G31/><T102/><D102/><AGARI ba="1,1" hai="42,43,46,50,52,93,96,102" m="12439,37991" machi="102" ten="30,3900,0" yaku="8,1,52,1,54,1" doraHai="95" who="1" fromWho="0" sc="317,-42,173,52,250,0,250,0" /><INIT seed="1,0,0,0,5,97" ten="275,225,250,250" oya="1" hai0="128,89,28,61,15,22,72,134,87,122,131,75,98" hai1="91,4,103,11,24,119,100,3,129,12,60,23,104" hai2="101,74,2,45,80,130,123,94,102,93,135,56,20" hai3="26,62,43,108,114,8,42,30,95,126,1,40,67"/><U88/><E119/><V33/><F123/><W82/><G114/><T58/><D122/><U109/><E104/><V50/><F33/><W27/><G108/><T78/><D134/><U70/><E109/><V48/><F2/><W49/><G126/><T25/><D15/><U86/><E3/><V71/><F71/><W37/><G37/><T121/><D121/><U41/><E129/><N who="0" m="49737" /><D78/><U68/><E41/><V16/><F130/><W7/><G82/><N who="0" m="49399" /><D98/><U84/><E60/><V124/><F124/><W83/><G83/><T13/><D13/><U79/><E70/><V14/><F80/><W39/><G39/><T9/><D9/><U51/><E68/><V29/><F74/><W34/><G26/><T55/><AGARI ba="0,0" hai="22,25,28,55,58,61,72,75" m="49399,49737" machi="55" ten="30,1100,0" yaku="19,1" doraHai="97" who="0" fromWho="0" sc="275,11,225,-5,250,-3,250,-3" /><INIT seed="2,0,0,4,0,37" ten="286,220,247,247" oya="2" hai0="15,46,11,42,52,81,28,126,27,10,35,31,73" hai1="43,110,97,86,89,59,14,34,30,53,48,117,105" hai2="64,22,13,0,128,121,70,33,2,104,116,50,45" hai3="92,57,132,39,123,77,80,115,17,84,36,118,24"/><V26/><F116/><W9/><G118/><T114/><D114/><U124/><E117/><V41/><F121/><W129/><G123/><T99/><D126/><U8/><E124/><V90/><F104/><W112/><G129/><T40/><D31/><U127/><E110/><V21/><F128/><W109/><G109/><T95/><D73/><U103/><E127/><V113/><F113/><N who="3" m="43595" /><G132/><T65/><D65/><U62/><E34/><V72/><F72/><W60/><G92/><T16/><D81/><U68/><E30/><V63/><F90/><W130/><G130/><T55/><D10/><U54/><E43/><V131/><F131/><W96/><G96/><T71/><D71/><U120/><E68/><V67/><F33/><W32/><G9/><T44/><D44/><U25/><E25/><V106/><F106/><W49/><G49/><T91/><D40/><U133/><E133/><V82/><F82/><W1/><G1/><T102/><D102/><U135/><E120/><V61/><F13/><W47/><G47/><T87/><D99/><U6/><E135/><V12/><F12/><W101/><G101/><T4/><D4/><U7/><E6/><V119/><F119/><W83/><G83/><T23/><D11/><U98/><E103/><V74/><F74/><W51/><G51/><AGARI ba="0,0" hai="15,16,23,27,28,35,42,46,51,52,55,87,91,95" machi="51" ten="30,7700,0" yaku="7,1,52,1,54,2" doraHai="37" who="0" fromWho="3" sc="286,77,220,0,247,0,247,-77" /><INIT seed="3,0,0,5,4,91" ten="363,220,247,170" oya="3" hai0="108,9,16,120,96,83,46,75,81,98,99,95,29" hai1="20,87,33,62,39,28,5,89,105,66,132,127,23" hai2="85,48,70,13,19,47,55,53,64,26,50,117,69" hai3="68,2,100,71,38,92,54,30,114,115,74,79,135"/><W86/><G30/><T61/><D120/><U103/><E39/><V124/><F117/><W116/><G116/><T113/><D108/><U109/><E5/><V133/><F133/><W111/><G135/><T84/><D113/><U80/><E109/><V123/><F123/><W35/><G35/><T45/><D29/><U22/><E127/><V131/><F131/><W51/><G38/><T56/><D75/><U129/><E129/><V4/><F124/><W52/><G111/><T93/><D16/><U128/><E128/><V43/><F64/><W112/><G2/><T31/><D9/><U82/><E82/><N who="0" m="31241" /><D84/><U8/><E8/><V94/><F26/><W15/><G74/><T110/><D31/><U25/><E132/><V32/><F4/><W11/><G79/><T78/><D78/><U21/><N who="1" m="5120" /><DORA hai="130" /><U18/><E18/><V125/><F32/><W37/><G37/><T134/><D110/><U42/><E42/><V44/><F43/><W0/><G0/><T14/><D14/><U107/><REACH who="1" step="1"/><E103/><REACH who="1" ten="363,210,247,170" step="2"/><V7/><F19/><W101/><G101/><T72/><D134/><U102/><E102/><V3/><F125/><W57/><G54/><N who="0" m="33943" /><D72/><U73/><E73/><V126/><F126/><W17/><REACH who="3" step="1"/><G100/><REACH who="3" ten="363,210,247,160" step="2"/><T41/><D41/><U122/><E122/><V77/><F55/><W63/><G63/><T27/><D27/><U24/><E24/><V118/><F53/><W6/><G6/><T119/><D119/><U36/><E36/><V76/><F7/><W65/><G65/><T88/><D88/><AGARI ba="0,2" hai="11,15,17,51,52,57,68,71,86,88,92,112,114,115" machi="88" ten="40,12000,1" yaku="1,1,52,1,54,2,53,0" doraHai="91,130" doraHaiUra="59,106" who="3" fromWho="0" sc="363,-120,210,0,247,0,160,140" owari="243,-15.7,210,-29.0,247,4.7,300,40.0" /></mjloggm>