<mjloggm ver="2.3"><GO type="225" lobby="0"/><UN n0="%E6%9A%87%E4%BA%BA%EF%BC%A0%E9%85%8D%E4%BF%A1%E5%9E%A2" n1="%E3%81%BF%E3%81%BF%E3%81%9A" n2="%48%61%61%61%6C%61%6E%64" n3="%6D%75%75%6D%75%72%61" dan="17,16,18,16" rate="2194.72,2137.52,2202.35,2098.72" sx="F,M,M,F"/><TAIKYOKU oya="0"/><INIT seed="0,0,0,0,4,77" ten="250,250,250,250" oya="0" hai0="70,11,18,8,116,131,45,28,33,60,129,40,109" hai1="49,47,43,50,26,65,10,57,39,1,17,119,9" hai2="90,81,2,46,42,59,91,51,82,21,63,13,68" hai3="130,83,7,35,72,38,135,106,92,87,120,75,41"/><T73/><D116/><U61/><E119/><V71/><F2/><W126/><G106/><T80/><D109/><U79/><E79/><V95/><F71/><W3/><G35/><T127/><D127/><U31/><E17/><N who="2" m="10415" /><F68/><W99/><G126/><T124/><D124/><U103/><E103/><V66/><F91/><W123/><G130/><N who="0" m="49675" /><D28/><U76/><E76/><V93/><F93/><W94/><G135/><T24/><D33/><U128/><E128/><V110/><F110/><W108/><G108/><T5/><D73/><N who="3" m="28233" /><G41/><T133/><D133/><U118/><E118/><V4/><F4/><W48/><G48/><T132/><D132/><U62/><E61/><V78/><F78/><N who="3" m="46583" /><G38/><T84/><D60/><U44/><E1/><V104/><F104/><W19/><G99/><AGARI ba="0,0" hai="42,46,51,59,63,66,81,82,90,95,99" m="10415" machi="99" ten="30,3900,0" yaku="8,1,52,2" doraHai="77" who="2" fromWho="3" sc="250,0,250,0,250,39,250,-39" /><INIT seed="1,0,0,3,4,12" ten="250,250,289,211" oya="1" hai0="135,96,10,99,113,55,21,6,14,111,58,45,119" hai1="38,1,44,84,92,100,9,80,11,72,95,129,128" hai2="51,110,121,64,32,123,87,5,79,8,77,126,22" hai3="117,69,59,70,41,134,97,17,29,90,62,112,26"/><U115/><E115/><V81/><F32/><W34/><G112/><T118/><D113/><U39/><E72/><V7/><F110/><W60/><G134/><T16/><D111/><U102/><E44/><V125/><F64/><W103/><G117/><T27/><D135/><U86/><REACH who="1" step="1"/><E80/><REACH who="1" ten="250,240,289,211" step="2"/><V82/><F82/><W37/><G37/><T91/><D119/><U56/><E56/><V68/><F81/><W66/><G41/><T49/><D118/><U46/><E46/><V83/><F83/><W89/><G69/><T116/><D116/><U73/><E73/><V40/><F40/><W3/><G3/><AGARI ba="0,1" hai="1,3,9,11,38,39,84,86,92,95,100,102,128,129" machi="3" ten="25,4800,0" yaku="1,1,22,2,53,0" doraHai="12" doraHaiUra="0" who="1" fromWho="3" sc="250,0,240,58,289,0,211,-48" /><INIT seed="1,1,0,0,1,106" ten="250,298,289,163" oya="1" hai0="18,6,43,62,98,117,35,16,41,81,65,110,132" hai1="102,129,27,34,26,126,80,120,91,121,124,52,24" hai2="38,118,67,111,4,20,100,36,63,2,42,135,86" hai3="31,11,74,101,79,103,53,39,51,47,40,64,56"/><U107/><E34/><V49/><F118/><W96/><G31/><T70/><D117/><U45/><E107/><V61/><F111/><W84/><G84/><T66/><D110/><U5/><E102/><V83/><F135/><W7/><G64/><T12/><D35/><U10/><E129/><V14/><F2/><W125/><G96/><T88/><D132/><U69/><E69/><V119/><F119/><W78/><G78/><T44/><D66/><U73/><E45/><N who="2" m="25783" /><F100/><W112/><G125/><N who="1" m="48234" /><E52/><V23/><F38/><W90/><G90/><T46/><D6/><U22/><E22/><N who="2" m="8235" /><F36/><W68/><G68/><T85/><D43/><U50/><E50/><V133/><F133/><W71/><G71/><T75/><D41/><U128/><E128/><V95/><F67/><W122/><G112/><T55/><D55/><U21/><E21/><V127/><F127/><W0/><REACH who="3" step="1"/><G122/><REACH who="3" ten="250,298,289,153" step="2"/><T28/><D70/><U130/><E91/><V93/><F86/><W30/><G30/><T37/><D85/><U8/><E130/><V94/><F83/><AGARI ba="1,1" hai="0,7,11,39,40,47,51,53,56,74,79,83,101,103" machi="83" ten="40,8000,1" yaku="1,1,25,2,52,1,53,0" doraHai="106" doraHaiUra="108" who="3" fromWho="2" sc="250,0,298,0,289,-83,153,93" /><INIT seed="2,0,0,3,5,109" ten="250,298,206,246" oya="2" hai0="100,113,8,32,64,15,0,73,61,110,76,82,74" hai1="118,112,40,120,79,18,124,77,90,47,88,111,19" hai2="25,28,66,57,130,94,5,121,72,78,85,60,27" hai3="48,41,132,115,9,26,126,45,89,36,92,30,80"/><V55/><F121/><W103/><G126/><T59/><D110/><U20/><E118/><V50/><F130/><W95/><G132/><T22/><D32/><U98/><E120/><V107/><F107/><W117/><G117/><T16/><D100/><U10/><E111/><V17/><F5/><W105/><G115/><T44/><D113/><U87/><E124/><V128/><F128/><W14/><G36/><T101/><D101/><U122/><E122/><V6/><F6/><W125/><G125/><T114/><D114/><U86/><E112/><V54/><F72/><W37/><G37/><T102/><D102/><U7/><E98/><V68/><F28/><W91/><G103/><T93/><D93/><N who="3" m="35913" /><G80/><T1/><D73/><U123/><E123/><V13/><F55/><W34/><G34/><T58/><D44/><U46/><E7/><V52/><F54/><W67/><G67/><T71/><REACH who="0" step="1"/><D22/><REACH who="0" ten="240,298,206,246" step="2"/><U131/><E20/><N who="2" m="11311" /><F78/><W97/><G105/><T81/><D81/><U84/><E131/><V24/><F24/><W62/><G26/><T3/><AGARI ba="0,1" hai="0,1,3,8,15,16,58,59,61,64,71,74,76,82" machi="3" ten="30,4000,0" yaku="1,1,0,1,54,1,53,0" doraHai="109" doraHaiUra="38" who="0" fromWho="0" sc="240,50,298,-10,206,-20,246,-10" /><INIT seed="3,0,0,0,1,48" ten="290,288,186,236" oya="3" hai0="119,124,107,105,108,50,29,94,79,41,74,122,4" hai1="71,46,125,9,123,88,59,31,115,2,40,100,39" hai2="56,27,43,73,102,132,116,7,83,32,63,128,96" hai3="135,66,98,20,112,118,36,89,0,81,6,61,109"/><W13/><G112/><T104/><D119/><U121/><E71/><V45/><F116/><W120/><G118/><T106/><D122/><U37/><E115/><V16/><F128/><W91/><G36/><T87/><D107/><U14/><E100/><V76/><F7/><W24/><G0/><T47/><D108/><U17/><E125/><V78/><F78/><W19/><G120/><T64/><D124/><U99/><E37/><V113/><F132/><W130/><G130/><T62/><D29/><U44/><E46/><V92/><F113/><W58/><G135/><T38/><D4/><U90/><E90/><V70/><F70/><W93/><G109/><T34/><D34/><U51/><E31/><V111/><F111/><W67/><G67/><T86/><D38/><U84/><E99/><V54/><F32/><W42/><G42/><T60/><D94/><U126/><E2/><V103/><F103/><N who="3" m="60879" /><G81/><T21/><D21/><U69/><E69/><V28/><F28/><W49/><G49/><T53/><D41/><U101/><E126/><V55/><F43/><W30/><G6/><T82/><REACH who="0" step="1"/><D62/><REACH who="0" ten="280,288,186,236" step="2"/><U77/><E39/><V1/><F1/><W85/><G30/><T114/><D114/><U95/><E101/><V129/><F129/><W35/><G35/><T10/><D10/><U133/><E133/><V110/><F110/><W12/><G61/><T68/><AGARI ba="0,1" hai="47,50,53,60,64,68,74,79,82,86,87,104,105,106" machi="68" ten="30,4000,0" yaku="1,1,0,1,52,1,53,0" doraHai="48" doraHaiUra="8" who="0" fromWho="0" sc="280,50,288,-10,186,-10,236,-20" owari="330,43.0,278,7.8,176,-32.4,216,-18.4" /></mjloggm>