<mjloggm ver="2.3"><GO type="225" lobby="0"/><UN n0="%77%72%77%72%77%72%77%72" n1="%4C%4F%4C%49%54%41" n2="%E4%BA%95%E5%B8%AF" n3="%E3%83%A9%E3%83%BC%E3%83%A1%E3%83%B3%E4%BA%94%E9%83%8E" dan="16,16,16,16" rate="2227.77,2140.79,2076.27,2045.22" sx="M,F,M,M"/><TAIKYOKU oya="0"/><INIT seed="0,0,0,0,4,21" ten="250,250,250,250" oya="0" hai0="28,107,9,103,58,30,104,68,111,78,135,96,16" hai1="14,116,51,45,127,23,7,6,49,38,130,92,54" hai2="1,93,84,32,76,110,40,120,115,66,117,119,73" hai3="8,34,44,94,89,99,42,71,97,108,47,122,105"/><T131/><D68/><U85/><E116/><N who="2" m="44619" /><F1/><W2/><G71/><T13/><D131/><U134/><E38/><V86/><F66/><W10/><G34/><T33/><D135/><U26/><E127/><V48/><F40/><W72/><G72/><T79/><D111/><U87/><E130/><V81/><F48/><W75/><G75/><T70/><D70/><U112/><E112/><V109/><F32/><W35/><G35/><T50/><D107/><U11/><E6/><V118/><F118/><W98/><G108/><N who="2" m="41577" /><F115/><W133/><G2/><T77/><REACH who="0" step="1"/><D33/><REACH who="0" ten="240,250,250,250" step="2"/><U67/><E134/><V124/><F124/><W64/><G133/><T123/><D123/><U132/><E132/><V4/><F120/><W62/><G122/><T90/><D90/><U52/><E67/><V31/><F4/><W25/><G105/><T57/><D57/><N who="1" m="32975" /><E92/><V65/><F65/><W100/><G64/><T36/><D36/><U106/><E106/><V102/><F31/><AGARI ba="0,1" hai="7,11,14,23,26,31,45,51,52,85,87" m="32975" machi="31" ten="30,3900,0" yaku="8,1,52,1,54,1" doraHai="21" who="1" fromWho="2" sc="240,0,250,49,250,-39,250,0" /><INIT seed="1,0,0,4,4,26" ten="240,299,211,250" oya="1" hai0="14,95,22,30,61,62,31,58,85,18,80,37,87" hai1="105,109,45,33,63,108,135,116,131,8,102,39,43" hai2="118,41,57,32,117,50,91,55,36,21,28,74,38" hai3="48,19,106,86,114,94,70,104,84,113,112,71,88"/><U119/><E33/><V93/><F74/><W79/><G70/><T129/><D129/><U56/><E131/><V89/><F32/><W24/><G71/><T60/><D37/><U78/><E135/><V82/><F82/><W76/><G48/><T127/><D127/><U107/><E78/><N who="3" m="29738" /><G19/><T73/><D73/><U132/><E132/><V40/><F91/><N who="3" m="53607" /><G24/><T92/><D87/><U35/><E35/><V0/><F0/><W67/><G67/><T25/><D58/><U27/><E27/><V11/><F11/><W15/><G15/><T4/><D4/><U59/><E8/><V29/><F38/><W2/><G2/><T120/><D120/><U100/><E63/><V44/><F41/><W110/><G110/><N who="1" m="42602" /><E102/><V68/><F68/><W124/><G124/><T72/><D72/><U12/><E12/><V23/><F23/><W47/><G47/><T20/><REACH who="0" step="1"/><D30/><REACH who="0" ten="230,299,211,250" step="2"/><U125/><E125/><V77/><F77/><AGARI ba="0,1" hai="14,18,20,22,25,31,60,61,62,77,80,85,92,95" machi="77" ten="40,8000,1" yaku="1,1,2,1,8,1,52,1,53,0" doraHai="26" doraHaiUra="69" who="0" fromWho="2" sc="230,90,299,0,211,-80,250,0" /><INIT seed="2,0,0,5,0,126" ten="320,299,131,250" oya="2" hai0="7,32,91,96,113,89,98,10,60,46,119,131,34" hai1="74,77,88,75,56,82,38,48,86,101,84,15,79" hai2="26,110,37,103,132,36,124,118,52,63,43,0,27" hai3="108,3,130,12,59,11,134,61,104,62,70,54,114"/><V85/><F118/><W125/><G104/><T39/><D113/><U2/><E2/><V105/><F0/><W122/><G122/><T107/><D119/><U45/><E38/><V68/><F124/><W22/><G125/><T116/><D116/><U21/><E101/><V16/><F132/><W44/><G3/><T49/><D39/><U109/><E109/><V30/><F110/><W135/><G108/><T112/><D112/><U42/><E75/><V9/><F85/><W17/><G114/><T129/><D60/><U4/><E74/><V33/><F43/><W35/><G35/><T65/><D65/><U72/><E72/><V53/><F37/><W83/><G83/><T18/><D18/><N who="1" m="10463" /><E4/><V117/><F36/><W50/><G70/><T94/><D107/><U51/><E84/><V8/><F117/><W99/><G99/><T67/><D67/><U87/><E87/><V90/><F90/><W97/><G97/><T133/><D91/><U69/><E69/><V64/><F9/><W58/><G11/><T57/><D98/><U31/><E31/><V76/><F76/><W100/><G100/><T5/><D5/><U23/><E23/><N who="2" m="13671" /><F8/><W29/><G29/><T14/><D133/><U123/><E123/><V115/><F115/><W81/><G135/><T78/><D78/><U80/><E82/><V92/><F92/><W40/><G81/><T121/><D121/><U127/><E127/><V41/><F41/><W95/><G134/><T102/><D102/><U24/><E24/><V20/><F20/><W106/><G22/><T47/><D32/><U71/><E71/><RYUUKYOKU ba="0,0" sc="320,-15,299,15,131,15,250,-15" hai1="42,45,48,51,56,77,79,80,86,88" hai2="27,30,33,52,53,63,64,68,103,105" /><INIT seed="2,1,0,3,5,103" ten="305,314,146,235" oya="2" hai0="28,56,128,49,60,69,129,133,79,41,36,13,131" hai1="76,3,130,88,117,47,55,111,87,71,93,135,18" hai2="63,31,62,40,107,70,9,46,80,65,54,92,109" hai3="75,127,29,10,21,99,26,121,83,42,27,96,106"/><V104/><F109/><W33/><G121/><T91/><D133/><U34/><E117/><V39/><F80/><W124/><G10/><T23/><D79/><U61/><E3/><V74/><F74/><W90/><G42/><T11/><D91/><U122/><E34/><V15/><F31/><W102/><G75/><T86/><D86/><U68/><E130/><V123/><F123/><W22/><G83/><T1/><D1/><U77/><E122/><V24/><F24/><W98/><G90/><T16/><D36/><U45/><E135/><V35/><F35/><W113/><G113/><T8/><D69/><U112/><E111/><V6/><REACH who="2" step="1"/><F92/><REACH who="2" ten="305,314,136,235" step="2"/><W17/><G33/><T81/><D28/><U44/><E93/><V50/><F50/><W32/><G32/><T20/><D81/><U52/><E112/><V72/><F72/><W59/><G29/><T89/><D49/><U78/><E76/><V132/><F132/><W38/><G27/><T0/><D129/><U110/><E110/><V30/><F30/><W53/><G26/><T5/><D131/><U116/><E77/><V97/><F97/><W4/><G96/><T115/><D128/><U51/><E78/><V119/><F119/><W108/><G98/><T120/><D115/><U85/><E116/><V73/><F73/><W114/><G108/><T118/><D120/><U82/><E51/><V94/><F94/><W57/><G114/><T66/><D118/><U25/><E82/><V125/><F125/><W43/><G99/><T14/><D89/><U101/><E88/><V2/><F2/><W126/><G124/><RYUUKYOKU ba="1,1" sc="305,-10,314,-10,136,30,235,-10" hai2="6,9,15,39,40,46,54,62,63,65,70,104,107" /><INIT seed="2,2,1,0,2,95" ten="295,304,166,225" oya="2" hai0="26,72,83,88,76,50,78,77,0,70,128,114,124" hai1="132,3,9,109,13,56,84,17,115,60,10,65,134" hai2="24,81,5,80,118,135,36,102,61,54,55,30,41" hai3="43,29,96,104,51,103,4,33,21,99,105,8,34"/><V52/><F118/><W120/><G120/><T116/><D114/><U68/><E115/><V71/><F135/><N who="1" m="51753" /><E109/><V121/><F121/><W131/><G131/><T2/><D70/><U100/><E100/><V129/><F129/><W91/><G21/><T107/><D128/><U79/><E68/><V49/><F36/><W39/><G39/><T64/><D107/><U44/><E44/><N who="2" m="25743" /><F71/><W122/><G122/><T40/><D124/><U69/><E69/><V27/><F5/><W108/><G108/><T58/><D72/><U92/><E79/><V59/><F102/><W57/><G29/><T119/><D40/><U133/><E133/><V113/><F113/><W32/><G105/><T22/><D64/><U66/><E65/><N who="2" m="39103" /><F30/><W87/><G33/><T18/><D50/><U73/><E73/><V74/><F74/><W37/><G37/><T82/><D58/><U28/><E28/><V16/><F27/><W23/><G34/><T31/><D31/><U25/><E25/><V14/><F24/><W98/><G32/><T117/><D0/><U38/><E3/><V85/><F85/><W110/><G110/><T123/><D2/><U93/><E84/><V101/><F101/><W11/><G103/><T42/><D123/><U89/><E38/><V19/><F19/><W6/><G104/><T47/><D42/><U46/><E17/><V112/><F112/><W75/><G75/><N who="0" m="43295" /><D47/><U126/><E46/><V127/><F127/><W1/><G1/><T106/><D106/><U7/><E126/><V111/><F111/><W125/><G125/><T94/><D119/><U86/><E7/><RYUUKYOKU ba="2,1" sc="295,-10,304,-10,166,30,225,-10" hai2="14,16,52,54,55,80,81" /><INIT seed="2,3,1,4,3,75" ten="285,294,196,215" oya="2" hai0="128,89,81,71,115,52,10,1,86,39,33,132,85" hai1="108,88,12,2,66,130,34,78,29,129,51,125,87" hai2="17,68,57,62,4,42,100,99,117,24,31,69,124" hai3="30,0,45,61,98,14,119,58,104,22,60,65,126"/><V46/><F117/><W64/><G119/><T79/><D115/><U38/><E38/><V114/><F17/><W111/><G0/><T106/><D106/><U80/><E2/><V11/><F124/><W37/><G126/><T97/><D33/><U41/><E125/><V23/><F114/><W134/><G111/><T133/><D71/><U9/><E108/><V120/><F120/><W3/><G3/><T95/><D39/><U54/><E66/><V35/><F35/><W92/><G104/><T6/><D128/><N who="1" m="49259" /><E41/><V135/><F135/><N who="0" m="51786" /><D52/><U103/><E103/><V91/><F91/><W73/><G73/><AGARI ba="3,1" hai="1,6,10,73,79,81,85,86,89,95,97" m="51786" machi="73" ten="30,2000,0" yaku="20,1,52,1" doraHai="75" who="0" fromWho="3" sc="285,39,294,0,196,0,215,-29" /><INIT seed="3,0,0,4,1,46" ten="324,294,196,186" oya="3" hai0="91,86,118,72,53,126,70,48,62,17,120,104,63" hai1="77,12,64,0,58,18,31,20,61,97,19,1,39" hai2="109,89,15,16,128,123,94,74,11,2,29,34,114" hai3="87,36,82,125,3,103,41,117,28,130,81,40,111"/><W107/><G117/><T5/><D118/><U66/><E39/><V54/><F114/><W4/><G125/><T108/><D72/><U65/><E31/><V7/><F74/><W75/><G75/><T96/><D120/><U106/><E77/><V32/><F109/><W115/><G115/><T51/><D5/><U68/><E68/><V79/><F79/><W35/><G111/><T133/><D108/><U116/><E116/><V76/><F76/><W45/><G130/><T98/><D133/><U84/><E84/><V33/><F123/><W121/><G121/><T95/><D104/><U9/><E97/><N who="0" m="37481" /><D70/><U105/><E106/><V22/><F54/><W132/><G132/><T113/><D126/><U23/><E105/><V92/><F128/><W37/><G107/><T73/><D73/><U100/><E100/><V56/><F56/><W69/><G103/><T122/><D113/><U124/><E124/><V83/><F83/><W43/><G69/><T129/><D129/><U67/><REACH who="1" step="1"/><E9/><REACH who="1" ten="324,284,196,186" step="2"/><V102/><F102/><W127/><G127/><T134/><D122/><U26/><AGARI ba="0,1" hai="0,1,12,18,19,20,23,26,58,61,64,65,66,67" machi="26" ten="30,7900,0" yaku="1,1,2,1,0,1,53,1" doraHai="46" doraHaiUra="52" who="1" fromWho="1" sc="324,-20,284,89,196,-20,186,-39" owari="304,10.4,373,47.3,176,-22.4,147,-35.3" /></mjloggm>