<mjloggm ver="2.3"><GO type="225" lobby="0"/><UN n0="%4C%4F%4C%49%54%41" n1="%72%69%6F%75%63%68%61%6E" n2="%E3%83%A9%E3%82%B9%E7%8E%87%EF%BC%93%E5%89%B2" n3="%E7%AD%89%E3%80%85%E5%8A%9B%E5%8A%87%E5%A0%B4" dan="16,16,16,17" rate="2151.56,2158.33,2099.64,2146.78" sx="F,M,F,M"/><TAIKYOKU oya="0"/><INIT seed="0,0,0,1,1,51" ten="250,250,250,250" oya="0" hai0="1,106,58,129,40,114,85,107,12,99,6,53,77" hai1="134,27,47,10,33,70,122,94,91,123,82,73,83" hai2="102,4,115,22,62,96,60,13,44,65,23,8,11" hai3="132,59,37,76,67,43,29,36,86,79,88,49,57"/><T18/><D114/><U38/><E134/><V130/><F115/><W78/><G132/><T72/><D72/><U81/><E73/><V19/><F130/><W64/><G29/><T119/><D119/><U3/><E70/><V7/><F44/><N who="3" m="25759" /><G36/><T109/><D129/><U95/><E95/><V48/><F48/><W133/><G37/><T105/><D40/><U14/><E3/><V31/><F62/><W42/><G42/><T97/><D109/><U63/><E38/><V39/><F39/><W52/><G59/><T104/><D6/><U120/><E47/><V111/><F111/><W55/><G133/><T113/><D1/><U69/><E27/><V35/><F35/><W127/><G127/><T5/><D5/><U32/><E63/><V15/><F19/><W30/><G30/><T16/><D113/><U25/><E25/><V0/><F31/><W131/><G131/><T118/><D118/><U112/><E69/><V28/><F28/><W45/><G45/><T61/><N who="0" m="26624" /><DORA hai="126" /><T84/><D18/><U100/><E100/><V125/><F125/><W128/><G128/><T89/><D77/><U135/><E135/><V87/><F0/><W34/><G34/><T74/><D74/><U98/><REACH who="1" step="1"/><E112/><REACH who="1" ten="250,240,250,250" step="2"/><V121/><F102/><W108/><G108/><T90/><D85/><U9/><E9/><V75/><F87/><W93/><G57/><T117/><D84/><U26/><E26/><V2/><F75/><W110/><G110/><T101/><D117/><U66/><E66/><AGARI ba="0,1" hai="52,55,64,66,67,76,78,79,86,88,93" m="25759" machi="66" ten="30,8000,1" yaku="8,1,52,2,54,2" doraHai="51,126" who="3" fromWho="1" sc="250,0,240,-80,250,0,250,90" /><INIT seed="1,0,0,3,1,53" ten="250,160,250,340" oya="1" hai0="28,18,131,13,59,76,42,39,27,91,104,4,127" hai1="100,38,68,0,80,15,3,117,83,14,9,43,61" hai2="70,10,50,111,58,40,93,122,65,31,6,108,124" hai3="118,123,25,110,46,21,34,78,12,41,106,5,92"/><U60/><E117/><V51/><F122/><W54/><G106/><T129/><D104/><U67/><E100/><V81/><F70/><W36/><G123/><T23/><D127/><U62/><E68/><V64/><F31/><W8/><G110/><N who="2" m="42025" /><F124/><W96/><G118/><T71/><D71/><U88/><E67/><N who="2" m="25675" /><F40/><W26/><G34/><T98/><D76/><U63/><N who="1" m="15360" /><DORA hai="19" /><U55/><E55/><V135/><F135/><W48/><G78/><T22/><D4/><U37/><E43/><V74/><F58/><W130/><G130/><N who="0" m="49675" /><D59/><U87/><E80/><V79/><F93/><W114/><G114/><T75/><D75/><U126/><E126/><V120/><F120/><W121/><G121/><T101/><D39/><U107/><E107/><V1/><AGARI ba="0,0" hai="1,6,10,50,51,74,79,81" m="25675,42025" machi="1" ten="30,1100,0" yaku="14,1" doraHai="53,19" who="2" fromWho="2" sc="250,-3,160,-5,250,11,340,-3" /><INIT seed="2,0,0,3,1,8" ten="247,155,261,337" oya="2" hai0="46,117,107,131,72,130,23,98,70,42,132,30,48" hai1="106,9,63,19,129,103,39,108,62,110,57,64,84" hai2="78,69,94,3,79,77,134,45,75,118,43,26,54" hai3="20,10,0,55,16,91,93,92,1,53,50,127,2"/><V97/><F118/><W83/><G127/><T82/><D70/><U67/><E129/><N who="0" m="49161" /><D132/><U87/><E39/><V18/><F3/><W115/><G115/><T40/><D117/><U65/><E103/><V60/><F134/><W76/><G10/><T12/><D40/><U133/><E106/><V135/><F135/><W109/><G109/><N who="1" m="42090" /><E133/><V47/><F75/><W124/><G124/><T102/><D72/><U17/><E9/><V100/><F43/><W85/><G50/><T44/><D44/><U73/><E73/><V80/><F80/><W58/><G58/><T111/><D82/><U6/><E6/><V74/><F74/><W36/><G36/><T25/><D111/><U105/><E105/><V5/><F5/><W95/><REACH who="3" step="1"/><G76/><REACH who="3" ten="247,155,261,327" step="2"/><T24/><D48/><U41/><E41/><V28/><F78/><W61/><G61/><N who="1" m="23050" /><E57/><V21/><F69/><W89/><G89/><T86/><D42/><U35/><E35/><V13/><F79/><W27/><AGARI ba="0,1" hai="0,1,2,16,20,27,53,55,83,85,91,92,93,95" machi="27" ten="40,5200,0" yaku="1,1,0,1,54,1,53,0" doraHai="8" doraHaiUra="121" who="3" fromWho="3" sc="247,-13,155,-13,261,-26,327,62" /><INIT seed="3,0,0,1,2,107" ten="234,142,235,389" oya="3" hai0="131,41,65,69,79,71,111,81,3,99,22,115,118" hai1="82,13,101,53,37,63,45,100,128,6,127,77,30" hai2="103,64,123,104,89,91,125,35,40,31,113,102,85" hai3="23,95,105,67,11,72,126,51,60,92,68,83,20"/><W29/><G105/><T135/><D118/><U43/><E127/><V32/><F64/><W73/><G51/><T58/><D3/><U116/><E128/><V62/><F62/><W61/><G11/><T56/><D41/><U39/><E116/><V27/><F40/><W106/><G106/><T10/><D10/><U26/><E37/><V21/><F104/><W109/><G83/><T74/><D131/><U112/><E112/><V119/><F113/><W19/><G29/><T133/><D111/><U34/><E6/><V46/><F46/><W0/><G19/><T129/><D129/><U88/><E13/><V55/><F125/><W96/><G96/><T14/><D115/><U76/><E76/><V59/><F123/><W86/><G86/><T66/><D99/><U75/><REACH who="1" step="1"/><E88/><REACH who="1" ten="234,132,235,389" step="2"/><V7/><F89/><W24/><G126/><T80/><D14/><U48/><E48/><N who="2" m="31207" /><F7/><W5/><G5/><T121/><D79/><U15/><E15/><V122/><F119/><W8/><G0/><T97/><D121/><U9/><E9/><V49/><F122/><W98/><G8/><T28/><D133/><U93/><E93/><V36/><F49/><W134/><G95/><T54/><D135/><U84/><E84/><V78/><F36/><W47/><G92/><T124/><D124/><U117/><E117/><V108/><F78/><W50/><G50/><T16/><D97/><U94/><E94/><V4/><F4/><W1/><G98/><T132/><D132/><U57/><AGARI ba="0,1" hai="26,30,34,39,43,45,53,57,63,75,77,82,100,101" machi="57" ten="30,4000,0" yaku="1,1,0,1,52,1,53,0" doraHai="107" doraHaiUra="114" who="1" fromWho="1" sc="234,-10,132,50,235,-10,389,-20" owari="224,-17.6,182,-31.8,225,2.5,369,46.9" /></mjloggm>