<mjloggm ver="2.3"><GO type="225" lobby="0"/><UN n0="%E3%80%93%E3%81%97%E3%83%BC%E3%82%89%E3%80%93" n1="%E3%81%AF%E3%82%88%E3%81%8A%E3%81%98%E3%81%95%E3%82%93" n2="%E6%81%A5%E6%99%92%E3%81%97" n3="%E5%8D%A0%E3%81%84%E5%B8%AB%E8%A3%8F%E3%81%AA%E3%81%84%E3%81%97" dan="16,17,16,17" rate="2156.67,2188.48,2141.97,2161.03" sx="M,M,M,M"/><TAIKYOKU oya="0"/><INIT seed="0,0,0,3,1,21" ten="250,250,250,250" oya="0" hai0="103,81,79,132,66,99,118,14,122,111,63,73,44" hai1="27,86,97,8,110,20,17,49,31,59,67,56,68" hai2="50,88,34,135,129,91,57,128,130,100,84,12,52" hai3="87,108,116,15,32,83,123,78,71,6,28,112,102"/><T115/><D132/><U104/><E110/><V47/><F135/><W35/><G112/><T39/><D115/><U38/><E38/><V33/><F100/><W18/><G116/><T10/><D111/><U113/><E113/><V41/><F12/><W93/><G108/><T37/><D44/><U72/><E72/><V30/><F30/><W109/><G123/><T77/><D77/><U125/><E125/><V98/><F98/><W40/><G28/><T0/><D122/><U127/><E127/><V23/><F23/><W80/><G71/><T133/><D133/><U101/><E68/><V61/><REACH who="2" step="1"/><F91/><REACH who="2" ten="250,250,240,250" step="2"/><W70/><G15/><T120/><D120/><U11/><E97/><V76/><F76/><W75/><G78/><T53/><D118/><U126/><E101/><V22/><F22/><W5/><G102/><T13/><D13/><U62/><E126/><V9/><F9/><W106/><G109/><T131/><D99/><U25/><E104/><V82/><AGARI ba="0,1" hai="33,34,41,47,50,52,57,61,82,84,88,128,129,130" machi="82" ten="30,8000,1" yaku="1,1,0,1,19,1,54,2,53,0" doraHai="21" doraHaiUra="94" who="2" fromWho="2" sc="250,-40,250,-20,240,90,250,-20" /><INIT seed="1,0,0,2,3,19" ten="210,230,330,230" oya="1" hai0="61,28,58,85,115,25,55,17,48,36,40,39,73" hai1="68,46,74,91,78,53,12,88,14,5,122,75,76" hai2="87,119,22,32,31,52,16,89,35,118,30,29,4" hai3="50,121,135,66,129,94,82,0,54,133,117,37,98"/><U77/><E122/><V64/><F64/><W114/><G121/><T84/><D73/><U109/><E68/><V62/><F4/><W126/><G0/><T125/><D115/><U132/><E132/><N who="3" m="50762" /><G114/><T112/><D112/><U8/><E109/><V41/><F41/><W124/><G117/><T101/><D125/><N who="3" m="48233" /><G82/><T103/><D17/><U38/><E38/><V86/><F86/><N who="0" m="33386" /><D39/><U44/><E74/><V67/><F32/><W57/><G37/><T97/><D36/><U13/><E75/><V60/><F35/><W3/><G66/><N who="0" m="39223" /><D97/><U90/><E53/><V93/><F52/><W96/><G3/><AGARI ba="0,0" hai="3,5,8,12,13,14,44,46,76,77,78,88,90,91" machi="3" ten="50,9600,0" yaku="29,2,54,1" doraHai="19" who="1" fromWho="3" sc="210,0,230,96,330,0,230,-96" /><INIT seed="1,1,0,3,3,133" ten="210,326,330,134" oya="1" hai0="81,50,65,10,73,93,0,45,74,60,14,28,127" hai1="106,128,43,20,100,34,24,61,111,5,53,70,109" hai2="57,47,104,86,30,88,132,49,98,79,51,103,113" hai3="94,18,39,120,97,105,135,112,62,22,115,4,121"/><U15/><E128/><V37/><F132/><W77/><G135/><T11/><D0/><U42/><E34/><V33/><F113/><W1/><G39/><T58/><D127/><U114/><E114/><V101/><F101/><W52/><G105/><T26/><D93/><U76/><E76/><V71/><F71/><W23/><G77/><T96/><D96/><U48/><E100/><V92/><F57/><W19/><G1/><T67/><D67/><U38/><E106/><V31/><F79/><W129/><G4/><T56/><D56/><N who="1" m="32807" /><E15/><V35/><F37/><W110/><G110/><N who="1" m="41994" /><E5/><V75/><F75/><W80/><G129/><T3/><D3/><U89/><E89/><V44/><F33/><W68/><G68/><T91/><D91/><U72/><E72/><V46/><REACH who="2" step="1"/><F35/><REACH who="2" ten="210,326,320,134" step="2"/><W130/><G130/><T126/><D74/><U13/><E38/><V17/><F17/><W119/><G115/><T64/><D73/><U102/><E102/><V90/><F90/><W59/><G112/><T95/><D58/><U36/><E36/><V25/><F25/><W29/><G29/><AGARI ba="1,1" hai="29,30,31,44,46,47,49,51,86,88,92,98,103,104" machi="29" ten="40,5200,0" yaku="1,1,54,1,53,1" doraHai="133" doraHaiUra="84" who="2" fromWho="3" sc="210,0,326,0,320,65,134,-55" /><INIT seed="2,0,0,4,2,55" ten="210,326,385,79" oya="2" hai0="84,35,50,5,121,12,65,133,14,111,28,98,16" hai1="36,48,116,108,41,85,118,75,51,20,22,91,7" hai2="0,99,9,25,135,11,76,129,24,126,6,39,38" hai3="29,56,2,123,71,52,60,57,45,43,61,107,68"/><V112/><F112/><W77/><G29/><T96/><D121/><U34/><E34/><V88/><F76/><W74/><G107/><T120/><D120/><U70/><E75/><V104/><F104/><W73/><G2/><T17/><D133/><U3/><E70/><N who="3" m="26666" /><G77/><T103/><D65/><U101/><E36/><V122/><F122/><W130/><G74/><T97/><D28/><U30/><E108/><V127/><F11/><W82/><G82/><T114/><D111/><U44/><E101/><V59/><F129/><W131/><G73/><T18/><D35/><U89/><E3/><V80/><F135/><W95/><G95/><T40/><D114/><U79/><E7/><V54/><F24/><W115/><G123/><T110/><D110/><U27/><E79/><V47/><F25/><W105/><G105/><T53/><D40/><U100/><E100/><V64/><F99/><W66/><G115/><T119/><D103/><U78/><E78/><V33/><F33/><W125/><G125/><T37/><D5/><U87/><E51/><AGARI ba="0,0" hai="43,45,51,52,56,57,60,61,66,130,131" m="26666" machi="51" ten="30,8000,1" yaku="34,2,52,2,54,1" doraHai="55" who="3" fromWho="1" sc="210,0,326,-80,385,0,79,80" /><INIT seed="3,0,0,1,2,28" ten="210,246,385,159" oya="3" hai0="6,43,14,42,7,113,98,57,131,5,0,15,36" hai1="49,21,110,83,88,60,96,74,2,123,129,121,108" hai2="119,1,9,59,61,86,103,32,135,30,125,76,105" hai3="53,77,50,81,56,52,115,20,63,107,18,10,87"/><W41/><G107/><T78/><D0/><U72/><E2/><V46/><F119/><W89/><G115/><T85/><D113/><U128/><E21/><V67/><F125/><W102/><G102/><T54/><D131/><N who="1" m="50251" /><E49/><V64/><F46/><W133/><G133/><T34/><D34/><U37/><E60/><V80/><F32/><W65/><G77/><T134/><D134/><U106/><E37/><V8/><F103/><W33/><G33/><T62/><D98/><U84/><E96/><V11/><F30/><W44/><REACH who="3" step="1"/><G10/><REACH who="3" ten="210,246,385,149" step="2"/><T47/><D78/><U124/><E106/><V51/><F105/><W58/><G58/><T24/><D57/><U3/><E124/><V69/><F135/><W25/><AGARI ba="0,1" hai="18,20,25,41,44,50,52,53,56,63,65,81,87,89" machi="25" ten="20,12000,1" yaku="1,1,0,1,7,1,8,1,54,1,53,0" doraHai="28" doraHaiUra="91" who="3" fromWho="3" sc="210,-40,246,-40,385,-40,149,130" /><INIT seed="3,1,0,5,1,18" ten="170,206,345,279" oya="3" hai0="70,59,67,48,85,56,118,32,21,104,77,129,105" hai1="125,61,29,25,19,122,47,68,106,99,128,80,41" hai2="44,2,5,58,53,37,130,65,24,51,8,76,79" hai3="133,134,87,73,49,27,121,126,88,0,113,31,57"/><W34/><G113/><T15/><D32/><N who="1" m="20527" /><E122/><V114/><F130/><W82/><G121/><T115/><D118/><U20/><E128/><V17/><F114/><W107/><G126/><T45/><D129/><U26/><E125/><V100/><F100/><W90/><G73/><T81/><D115/><U9/><E9/><V11/><F37/><W38/><G38/><T33/><D33/><U124/><E80/><V14/><F24/><W116/><G116/><T97/><D70/><U42/><E47/><V6/><F65/><W66/><G0/><T16/><D67/><N who="1" m="41071" /><E124/><V46/><F46/><W40/><G40/><T102/><D105/><U35/><E35/><V84/><F84/><W62/><G107/><T94/><D104/><U123/><E123/><V109/><F109/><W120/><G120/><T117/><D117/><U12/><E26/><V30/><F30/><W7/><G7/><T3/><D3/><U72/><E72/><V10/><F44/><W78/><G49/><T4/><D4/><U69/><E69/><V52/><F53/><AGARI ba="1,0" hai="15,16,21,45,48,53,56,59,77,81,85,94,97,102" machi="53" ten="30,7700,0" yaku="7,1,8,1,52,1,54,1" doraHai="18" who="0" fromWho="2" sc="170,80,206,0,345,-80,279,0" /><INIT seed="4,0,0,2,5,82" ten="250,206,265,279" oya="0" hai0="49,37,67,102,5,85,114,100,43,120,64,124,79" hai1="51,132,74,7,98,107,76,94,16,25,47,75,36" hai2="112,52,56,58,45,22,33,97,134,110,3,80,10" hai3="15,14,39,13,99,18,34,66,84,44,38,133,115"/><T116/><D37/><U8/><E132/><V105/><F110/><W126/><G133/><T83/><D116/><U11/><E107/><V111/><F111/><W20/><G34/><T103/><D120/><U9/><E36/><V19/><F112/><W53/><G115/><T86/><D114/><U135/><E135/><V89/><F134/><W128/><G38/><T95/><D5/><U96/><E7/><V24/><F105/><W69/><G128/><T93/><D124/><U46/><E76/><V78/><F33/><W12/><G126/><T109/><D109/><U0/><E0/><V4/><F97/><W113/><G99/><T50/><D95/><U42/><E46/><V123/><F89/><W27/><G69/><T77/><D43/><U129/><E129/><V28/><F28/><W61/><G39/><T17/><D17/><U32/><E98/><V88/><F123/><W119/><G119/><T54/><D50/><U73/><E32/><V81/><F88/><W68/><G113/><T92/><D92/><U108/><E108/><V70/><F70/><W2/><G2/><T60/><D60/><U30/><E30/><V104/><F104/><W131/><G131/><T23/><D23/><U55/><E42/><V125/><F125/><W63/><G63/><T121/><D121/><U65/><E65/><V40/><F78/><W1/><G1/><T72/><D72/><U71/><E71/><V130/><F130/><W31/><N who="3" m="3072" /><DORA hai="106" /><W122/><G122/><T62/><D62/><U127/><E127/><V57/><F40/><W35/><G35/><T21/><D79/><RYUUKYOKU ba="0,0" sc="250,-10,206,-10,265,30,279,-10" hai2="3,4,10,19,22,24,45,52,56,57,58,80,81" /><INIT seed="5,1,0,1,2,119" ten="240,196,295,269" oya="1" hai0="19,24,107,60,93,8,35,130,104,88,85,16,134" hai1="96,56,95,84,54,12,66,89,2,61,83,17,69" hai2="64,18,22,65,32,11,30,48,124,71,58,62,72" hai3="109,63,133,101,46,1,120,52,125,6,5,67,50"/><U128/><E128/><V122/><F122/><W33/><G109/><T106/><D130/><U111/><E111/><V112/><F72/><W53/><G120/><T105/><D134/><U10/><E2/><V90/><F124/><W15/><G33/><T114/><D114/><U115/><E115/><V132/><F112/><W78/><G1/><T55/><N who="0" m="26624" /><DORA hai="31" /><T37/><D37/><U34/><E34/><V92/><F32/><W9/><G101/><T118/><D118/><U77/><REACH who="1" step="1"/><E69/><REACH who="1" ten="240,186,295,269" step="2"/><V4/><F71/><W41/><G133/><T117/><D117/><U13/><E13/><V126/><F132/><W81/><G125/><T99/><D35/><U45/><E45/><V57/><F126/><W113/><G113/><T38/><D24/><U40/><E40/><V28/><F28/><W131/><G131/><T49/><D38/><U39/><E39/><V51/><F30/><W36/><G36/><T26/><D26/><U76/><E76/><V43/><F43/><W87/><G5/><T129/><D129/><U82/><E82/><V20/><F51/><W94/><G94/><T44/><D60/><U127/><E127/><V47/><F4/><W75/><G75/><T79/><D79/><U110/><E110/><V86/><F47/><W100/><G100/><T14/><REACH who="0" step="1"/><D19/><REACH who="0" ten="230,186,295,269" step="2"/><U27/><E27/><V59/><F62/><W73/><G73/><T98/><AGARI ba="1,2" hai="8,14,16,44,49,55,85,88,93,98,99" m="26624" machi="98" ten="60,12000,2" yaku="1,1,2,1,0,1,54,2,53,1" doraHai="119,31" doraHaiUra="97,91" who="0" fromWho="0" sc="230,143,186,-61,295,-31,269,-31" owari="373,47.3,125,-37.5,264,6.4,238,-16.2" /></mjloggm>