<mjloggm ver="2.3"><GO type="225" lobby="0"/><UN n0="%E5%B8%86%E7%AB%8B%E5%A4%8F%E8%A1%A3" n1="%E3%81%A1%E3%82%85%E3%81%86%E3%81%A9%E3%81%8F%E8%B1%A1%E3%81%95%E3%82%93" n2="%E9%80%9F%E6%B0%B4%E5%87%9B%E9%A6%99" n3="%E4%B8%89%E5%86%A0%E7%8E%8B%E3%83%BB%E5%B1%B1%E7%94%B0%E5%93%B2%E4%BA%BA" dan="17,17,16,16" rate="2146.66,2145.34,2155.20,2129.79" sx="M,M,F,M"/><TAIKYOKU oya="0"/><INIT seed="0,0,0,0,4,24" ten="250,250,250,250" oya="0" hai0="11,107,25,124,135,133,106,80,110,66,86,75,82" hai1="98,54,90,47,116,42,89,72,117,78,53,77,44" hai2="100,0,85,48,97,39,40,99,132,83,28,87,33" hai3="15,88,17,59,131,64,126,2,104,120,79,103,96"/><T111/><D66/><U41/><REACH who="1" step="1"/><E98/><REACH who="1" ten="250,240,250,250" step="2"/><V31/><F99/><W34/><G96/><T16/><D124/><U134/><E134/><N who="0" m="51209" /><D75/><AGARI ba="0,1" hai="41,42,44,47,53,54,72,75,77,78,89,90,116,117" machi="75" ten="25,6400,0" yaku="21,2,22,2,53,0" doraHai="24" doraHaiUra="109" who="1" fromWho="0" sc="250,-64,240,74,250,0,250,0" /><INIT seed="1,0,0,5,1,71" ten="186,314,250,250" oya="1" hai0="132,0,21,30,32,98,126,105,25,128,41,102,125" hai1="45,52,68,31,88,108,59,1,10,103,74,58,80" hai2="51,5,33,94,56,76,120,78,3,7,134,50,93" hai3="36,65,99,127,46,17,107,110,133,114,131,27,113"/><U23/><E68/><V111/><F33/><W91/><G110/><T20/><D128/><U117/><E117/><V89/><F120/><W26/><G131/><T39/><D132/><U64/><E103/><V121/><F121/><W72/><G133/><T84/><D0/><U130/><E74/><V61/><F134/><W95/><G72/><T70/><D84/><N who="1" m="50183" /><E130/><V19/><F3/><W62/><G107/><T119/><D119/><U60/><E1/><V69/><F69/><W115/><G127/><N who="0" m="48651" /><D70/><U48/><E108/><V92/><F111/><W38/><G46/><AGARI ba="0,0" hai="20,21,25,30,32,39,41,46,98,102,105" m="48651" machi="46" ten="30,2000,0" yaku="18,1,52,1" doraHai="71" who="0" fromWho="3" sc="186,20,314,0,250,0,250,-20" /><INIT seed="2,0,0,1,0,114" ten="206,314,250,230" oya="2" hai0="47,87,41,106,86,19,92,127,95,39,35,130,22" hai1="42,33,97,103,52,30,29,12,101,121,10,3,113" hai2="20,26,67,7,124,25,49,55,45,57,123,17,4" hai3="128,104,2,85,46,83,0,43,24,51,131,59,15"/><V40/><F123/><W84/><G104/><T76/><D127/><U34/><E113/><V99/><F124/><W11/><G24/><T78/><D130/><N who="3" m="49705" /><G59/><T37/><D106/><U8/><E42/><V32/><F67/><W74/><G74/><T107/><D107/><U70/><E70/><V36/><F32/><W1/><G83/><T63/><D35/><U89/><E89/><V135/><F135/><W88/><G88/><T120/><D120/><U6/><E121/><V98/><REACH who="2" step="1"/><F25/><REACH who="2" ten="206,314,240,230" step="2"/><W105/><G105/><T119/><D39/><U54/><E33/><V117/><F117/><W129/><N who="3" m="49713" /><W118/><DORA hai="64" /><G118/><T68/><D119/><U60/><E34/><V133/><F133/><W125/><G125/><T58/><D37/><U53/><E60/><V93/><F93/><W90/><G90/><T27/><D95/><U96/><E103/><V134/><F134/><W13/><G13/><T79/><D92/><U38/><E38/><V14/><F14/><W56/><G0/><T115/><D115/><U102/><E102/><V16/><F16/><N who="3" m="8319" /><G1/><T110/><D110/><U91/><E91/><V44/><F44/><W112/><G2/><T108/><D108/><U65/><E101/><V21/><F21/><W109/><G109/><T61/><D47/><U82/><E3/><V75/><F75/><W18/><G112/><T77/><D77/><U81/><E12/><V48/><F48/><N who="3" m="26719" /><G18/><T94/><D94/><U132/><E132/><V62/><F62/><W122/><G122/><T126/><D126/><U50/><E65/><V116/><F116/><W69/><G69/><RYUUKYOKU ba="0,1" sc="206,-15,314,-15,240,15,230,15" hai2="4,7,17,20,26,36,40,45,49,55,57,98,99" hai3="51,56,84,85" /><INIT seed="2,1,1,2,2,55" ten="191,299,255,245" oya="2" hai0="103,84,75,56,42,14,117,128,36,74,80,73,26" hai1="125,20,108,81,64,31,22,32,11,104,111,113,106" hai2="122,127,82,60,115,12,59,19,7,90,30,97,94" hai3="105,5,130,57,112,98,27,37,16,9,121,100,96"/><V134/><F115/><W35/><G121/><T52/><D128/><U89/><E113/><V50/><F122/><W71/><G112/><T34/><D117/><U133/><E133/><V4/><F134/><W3/><G130/><T38/><D103/><U83/><E125/><V76/><F30/><W65/><G37/><T101/><D101/><U15/><E64/><V10/><F50/><W43/><G43/><T116/><D116/><U126/><E126/><V85/><REACH who="2" step="1"/><F127/><REACH who="2" ten="191,299,245,245" step="2"/><W49/><G49/><T69/><D38/><U114/><E31/><V24/><F24/><W132/><G132/><T62/><D26/><U44/><E114/><V66/><AGARI ba="1,2" hai="4,7,10,12,19,59,60,66,76,82,85,90,94,97" machi="66" ten="20,18000,2" yaku="1,1,0,1,7,1,8,1,52,1,53,1" doraHai="55" doraHaiUra="79" who="2" fromWho="2" sc="191,-61,299,-61,245,203,245,-61" /><INIT seed="2,2,0,0,5,82" ten="130,238,448,184" oya="2" hai0="42,97,50,45,91,73,59,96,7,109,17,120,76" hai1="134,99,27,80,14,70,55,28,21,127,92,123,49" hai2="11,114,63,32,15,9,40,64,26,111,43,34,74" hai3="20,75,10,119,1,61,65,22,121,29,68,23,124"/><V77/><F114/><W57/><G119/><T104/><D109/><U36/><E36/><V8/><F15/><W19/><G75/><T86/><D120/><U78/><E70/><V132/><F111/><W3/><G121/><T46/><D7/><U67/><E67/><V122/><F122/><W126/><G29/><T128/><D128/><U47/><E123/><V105/><F105/><W130/><G130/><T84/><D59/><U112/><E112/><V133/><F77/><W95/><G68/><T30/><D30/><U101/><E134/><N who="2" m="51819" /><F74/><W2/><G95/><N who="0" m="54759" /><D73/><U110/><E110/><V12/><F12/><W56/><G56/><T51/><D17/><U54/><E127/><N who="3" m="48682" /><G19/><T115/><D104/><U38/><E38/><V37/><F37/><W16/><G16/><T60/><D60/><U41/><REACH who="1" step="1"/><E14/><REACH who="1" ten="130,228,448,184" step="2"/><V72/><F64/><W135/><G135/><T0/><D115/><U100/><E100/><V89/><F26/><W44/><G1/><T71/><D71/><U62/><E62/><V31/><F63/><W33/><G2/><T18/><D0/><U5/><E5/><V129/><F129/><W102/><G102/><T53/><D18/><U25/><E25/><V90/><F31/><W103/><G103/><T98/><D76/><U24/><E24/><V93/><F34/><W117/><G33/><T83/><D83/><U69/><E69/><V106/><F32/><W66/><G66/><T39/><D39/><U79/><E79/><V131/><F131/><W52/><G65/><T58/><D58/><U13/><E13/><V35/><F35/><W81/><G3/><RYUUKYOKU ba="2,1" sc="130,15,228,15,448,-15,184,-15" hai0="42,45,46,50,51,53,86,96,97,98" hai1="21,27,28,41,47,49,54,55,78,80,92,99,101" /><INIT seed="3,3,1,5,5,96" ten="145,243,433,169" oya="3" hai0="23,19,44,41,115,47,83,122,28,67,24,36,16" hai1="72,8,29,62,118,6,11,86,113,105,106,97,51" hai2="5,126,127,78,12,48,26,103,32,94,89,73,57" hai3="101,66,104,56,88,13,35,114,128,54,92,77,50"/><W60/><G114/><T68/><D115/><U25/><E113/><V111/><F111/><W38/><G35/><T70/><D122/><U80/><E72/><V58/><F78/><W134/><G38/><T98/><D44/><U27/><E118/><V71/><F71/><W91/><G104/><T1/><D1/><U21/><E62/><V31/><F73/><W22/><G134/><T18/><D67/><U64/><E64/><V87/><F48/><W109/><G109/><T129/><D129/><U42/><E97/><N who="2" m="59831" /><F12/><W4/><G77/><T110/><D110/><U132/><E132/><V84/><F5/><W0/><G0/><T131/><D131/><U52/><E42/><V61/><F61/><W117/><G117/><T125/><D125/><N who="2" m="47626" /><F87/><W95/><G128/><T3/><D3/><U69/><E80/><AGARI ba="3,1" hai="26,31,32,57,58,80,84,89" m="47626,59831" machi="80" ten="30,2000,0" yaku="18,1,52,1" doraHai="96" who="2" fromWho="1" sc="145,0,243,-29,433,39,169,0" owari="145,-35.5,214,1.4,472,57.2,169,-23.1" /></mjloggm>