<mjloggm ver="2.3"><GO type="225" lobby="0"/><UN n0="%73%61%6E%64%69%72%69%73" n1="%E5%8C%97%E6%AC%A7%E3%81%AE%E3%82%82%E3%81%93%E3%81%86" n2="%E3%81%82%E3%81%99%E3%81%AB%E3%82%83%E3%82%80" n3="%E3%83%AD%E3%83%83%E3%83%86%E9%9B%80%E7%90%83" dan="16,17,16,17" rate="2106.00,2158.87,2019.71,2186.47" sx="M,M,F,M"/><TAIKYOKU oya="0"/><INIT seed="0,0,0,1,0,110" ten="250,250,250,250" oya="0" hai0="3,25,11,119,134,101,39,74,8,43,53,125,77" hai1="69,32,34,92,48,58,129,133,60,127,33,5,131" hai2="117,20,118,116,126,14,52,21,83,93,87,88,22" hai3="72,50,86,62,55,15,103,99,7,78,90,89,26"/><T37/><D53/><U70/><E127/><V13/><F126/><W80/><G62/><T85/><D85/><U114/><E133/><V113/><F113/><W100/><G26/><T102/><D25/><U64/><E114/><V59/><REACH who="2" step="1"/><F83/><REACH who="2" ten="250,250,240,250" step="2"/><W18/><G72/><T120/><D74/><U36/><E131/><V97/><F97/><W104/><G103/><T45/><D102/><U56/><E129/><V31/><F31/><W38/><G100/><T30/><D30/><U75/><E75/><V84/><F84/><W29/><G86/><T42/><D101/><U10/><E33/><V128/><F128/><W2/><G99/><T0/><D125/><U98/><E32/><V81/><F81/><W54/><G80/><T17/><D134/><U96/><E34/><V16/><F16/><W1/><G18/><T63/><D17/><U27/><E98/><V4/><F4/><W24/><G7/><T107/><D107/><U40/><E96/><V105/><F105/><W35/><G29/><T95/><D95/><U123/><E92/><V71/><F71/><W79/><G35/><T109/><D120/><U68/><E123/><V111/><F111/><W82/><G82/><T73/><D73/><U61/><E69/><V121/><F121/><W108/><G108/><T65/><D109/><U112/><E112/><V41/><F41/><W132/><G132/><T49/><D43/><U19/><E70/><V67/><F67/><W9/><G104/><T57/><D65/><U130/><E68/><V47/><F47/><W51/><G79/><T23/><D77/><U28/><E130/><RYUUKYOKU ba="0,1" sc="250,-10,250,-10,240,30,250,-10" hai2="13,14,20,21,22,52,59,87,88,93,116,117,118" /><INIT seed="1,1,1,0,0,5" ten="240,240,270,240" oya="1" hai0="31,104,102,83,90,75,87,8,6,92,107,84,3" hai1="52,68,117,74,121,22,7,10,17,123,4,103,131" hai2="82,48,14,2,96,97,99,55,125,58,39,37,80" hai3="49,60,135,127,108,89,124,63,38,66,33,98,51"/><U81/><E117/><V85/><F2/><W54/><G33/><T24/><D75/><U64/><E131/><V18/><F125/><N who="3" m="48203" /><G38/><T59/><D59/><U45/><E103/><V109/><F82/><W73/><G73/><T120/><D120/><U129/><E129/><V111/><F37/><W15/><G108/><T101/><D101/><U25/><E68/><V26/><F26/><W132/><G15/><T34/><REACH who="0" step="1"/><D102/><REACH who="0" ten="230,240,270,240" step="2"/><U115/><E115/><V9/><REACH who="2" step="1"/><F39/><REACH who="2" ten="230,240,260,240" step="2"/><W91/><G135/><T36/><D36/><U118/><E123/><V53/><F53/><W126/><G132/><T119/><D119/><U106/><E121/><V76/><AGARI ba="1,3" hai="9,14,18,48,55,58,76,80,85,96,97,99,109,111" machi="76" ten="30,4000,0" yaku="1,1,0,1,52,1,53,0" doraHai="5" doraHaiUra="62" who="2" fromWho="2" sc="230,-11,240,-21,260,73,240,-11" /><INIT seed="2,0,0,2,3,17" ten="219,219,333,229" oya="2" hai0="31,130,34,42,39,125,22,25,95,126,51,104,68" hai1="114,13,50,48,16,29,124,87,89,120,63,90,10" hai2="55,81,73,76,117,115,9,45,65,32,94,74,44" hai3="67,24,113,43,7,122,20,112,52,97,53,100,98"/><V37/><F115/><N who="3" m="44107" /><G122/><T75/><D104/><U61/><E124/><N who="0" m="47721" /><D130/><U91/><E114/><V135/><F117/><W60/><G7/><T129/><D129/><U23/><E120/><V132/><F32/><W59/><G43/><T18/><D75/><U5/><E29/><V121/><F121/><W2/><G2/><T49/><D68/><U15/><E87/><V107/><F107/><N who="3" m="63887" /><G98/><T71/><D71/><U127/><E127/><V69/><F73/><W80/><G80/><T56/><D56/><U6/><E6/><V103/><F37/><W54/><G67/><T134/><D134/><U40/><E40/><V83/><F83/><W116/><G116/><T131/><D131/><U38/><E38/><V3/><F55/><W111/><G111/><T118/><D118/><U88/><N who="1" m="22528" /><DORA hai="62" /><U105/><E105/><V85/><F103/><W47/><G47/><N who="0" m="24031" /><D95/><U96/><REACH who="1" step="1"/><E96/><REACH who="1" ten="219,209,333,229" step="2"/><V46/><F132/><W66/><G54/><T128/><D128/><U64/><E64/><V79/><F65/><W30/><AGARI ba="0,1" hai="20,24,30,52,53,59,60,66" m="63887,44107" machi="30" ten="30,7900,0" yaku="11,1,52,2,54,1" doraHai="17,62" who="3" fromWho="3" sc="219,-20,209,-20,333,-39,229,89" /><INIT seed="3,0,0,2,0,69" ten="199,189,294,318" oya="3" hai0="71,58,123,42,96,39,103,130,104,54,15,93,25" hai1="121,19,51,115,68,35,13,101,21,100,24,119,10" hai2="65,88,82,98,108,50,57,102,32,12,59,120,46" hai3="33,78,107,36,133,132,106,55,79,126,20,83,70"/><W2/><G33/><T48/><D123/><U94/><E121/><V75/><F120/><W8/><G126/><T37/><D130/><U85/><E115/><V97/><F32/><W45/><G70/><T44/><D71/><U31/><E119/><V41/><F108/><W73/><G79/><T40/><D15/><U134/><E134/><N who="3" m="51818" /><G20/><T124/><D124/><U91/><E68/><V74/><F12/><W67/><G67/><T129/><D129/><U23/><E23/><V16/><F16/><W122/><G122/><T89/><D25/><U28/><E28/><V26/><F26/><W64/><G64/><T86/><D42/><U1/><REACH who="1" step="1"/><E51/><AGARI ba="0,0" hai="37,39,40,44,48,51,54,58,86,89,93,96,103,104" machi="51" ten="30,3900,0" yaku="7,1,52,2" doraHai="69" who="0" fromWho="1" sc="199,39,189,-39,294,0,318,0" owari="238,-16.2,150,-35.0,294,9.4,318,41.8" /></mjloggm>