<mjloggm ver="2.3"><GO type="225" lobby="0"/><UN n0="%E9%9B%80%E6%A5%B5%E3%81%AE%E3%81%B8" n1="%6D%75%75%73%61%6E%6D%75" n2="%E6%B4%BE%E9%81%A3%E3%81%AE%E3%82%B8%E3%83%A3%E3%83%83%E3%82%AF" n3="%E3%81%BF%E3%81%BF%E3%81%9A" dan="16,16,17,17" rate="2130.09,2085.95,2203.29,2282.02" sx="M,F,M,M"/><TAIKYOKU oya="0"/><INIT seed="0,0,0,5,3,69" ten="250,250,250,250" oya="0" hai0="28,7,38,96,53,41,45,33,1,67,119,50,0" hai1="57,89,51,23,39,106,47,10,11,72,13,90,55" hai2="126,59,103,125,73,134,109,100,44,22,78,40,94" hai3="117,35,81,9,75,121,48,116,129,30,95,130,118"/><T107/><D119/><U127/><E106/><V15/><F109/><W124/><G124/><N who="2" m="47721" /><F134/><W114/><G114/><T37/><D67/><U74/><E127/><V24/><F15/><W62/><G121/><T76/><D76/><U122/><E122/><V17/><F94/><W61/><G48/><T54/><D54/><U56/><E23/><V70/><F70/><W64/><G95/><T77/><D77/><U46/><E13/><V27/><F27/><N who="3" m="18911" /><G9/><T80/><D80/><U99/><E51/><V104/><F104/><W92/><G92/><T58/><D7/><U101/><E55/><V98/><F98/><W2/><G2/><T19/><D19/><U82/><E82/><N who="2" m="45391" /><F59/><W8/><G8/><T128/><D38/><AGARI ba="0,0" hai="17,22,24,38,40,44,100,103" m="45391,47721" machi="38" ten="30,2000,0" yaku="18,1,52,1" doraHai="69" who="2" fromWho="0" sc="250,-20,250,0,250,20,250,0" /><INIT seed="1,0,0,2,1,4" ten="230,250,270,250" oya="1" hai0="35,87,102,134,48,110,106,17,9,88,112,29,42" hai1="116,71,59,51,2,67,13,101,23,24,103,16,104" hai2="83,14,129,117,90,65,36,81,64,68,52,76,69" hai3="26,56,6,130,54,82,119,125,75,50,15,57,111"/><U122/><E122/><V62/><F36/><W10/><G111/><T113/><D110/><U11/><E116/><V123/><F123/><W107/><G107/><T121/><D121/><U97/><E2/><V46/><F117/><W37/><G119/><T80/><D134/><U49/><E71/><V22/><F129/><W133/><G130/><T31/><D106/><U93/><E104/><V66/><F90/><W34/><G133/><T73/><D73/><U5/><E101/><V40/><F40/><W91/><G37/><T108/><D108/><U43/><E43/><V115/><F115/><W28/><G125/><T44/><D102/><U131/><E131/><V63/><F66/><W41/><G41/><T61/><D61/><AGARI ba="0,0" hai="5,11,13,16,23,24,49,51,59,61,67,93,97,103" machi="61" ten="40,7700,0" yaku="8,1,52,1,54,1" doraHai="4" who="1" fromWho="0" sc="230,-77,250,77,270,0,250,0" /><INIT seed="1,1,0,4,4,50" ten="153,327,270,250" oya="1" hai0="76,52,28,89,105,3,116,69,123,118,46,21,87" hai1="120,66,5,99,121,84,91,56,11,27,29,70,44" hai2="45,57,81,13,75,16,39,63,14,1,134,8,74" hai3="32,38,77,30,40,12,133,25,132,85,68,65,88"/><U92/><E70/><V48/><F39/><W4/><G77/><T20/><D3/><U90/><E44/><V86/><F1/><W119/><G119/><T78/><D105/><U17/><E17/><V109/><F109/><W108/><G108/><T53/><D69/><U124/><E124/><V82/><F134/><N who="3" m="51819" /><G68/><T112/><D112/><U34/><E66/><V117/><F117/><W2/><G65/><T43/><D123/><U26/><E26/><V67/><F14/><W72/><G72/><T102/><D102/><U93/><E56/><V104/><F104/><W55/><G2/><AGARI ba="1,0" hai="2,5,11,27,29,34,84,90,91,92,93,99,120,121" machi="2" ten="30,1500,0" yaku="7,1" doraHai="50" who="1" fromWho="3" sc="153,0,327,18,270,0,250,-18" /><INIT seed="1,2,0,5,2,79" ten="153,345,270,232" oya="1" hai0="83,133,75,23,131,72,130,57,110,100,82,30,96" hai1="50,114,7,63,44,41,92,21,125,45,18,88,9" hai2="66,70,123,115,4,42,73,105,49,106,109,121,0" hai3="80,39,120,12,20,28,53,3,26,128,112,124,132"/><U19/><E114/><V90/><F109/><W134/><G112/><T87/><D57/><U35/><E35/><V59/><F73/><N who="0" m="28234" /><D23/><U62/><E125/><V71/><F4/><W118/><G3/><T24/><D24/><U111/><E111/><V54/><F0/><W40/><G124/><T119/><D30/><U65/><E45/><V97/><F42/><W89/><G39/><T117/><D110/><U43/><E43/><V85/><F115/><W129/><G40/><T22/><D22/><U46/><E46/><V68/><F66/><W56/><G118/><N who="0" m="45067" /><D133/><N who="3" m="51305" /><G12/><T102/><D82/><U91/><E65/><V113/><F113/><W95/><G80/><T15/><D15/><U64/><E64/><V78/><F70/><W27/><G26/><T77/><D100/><U34/><E41/><V11/><F71/><W48/><G120/><T103/><D103/><U16/><E34/><V55/><F68/><W108/><G108/><T107/><AGARI ba="2,0" hai="77,83,87,96,102,107,130,131" m="45067,28234" machi="107" ten="40,5200,0" yaku="34,2,52,1" doraHai="79" who="0" fromWho="0" sc="153,58,345,-28,270,-15,232,-15" /><INIT seed="2,0,0,1,4,71" ten="211,317,255,217" oya="2" hai0="9,109,110,81,89,7,86,77,100,85,122,53,76" hai1="119,27,23,72,20,0,48,25,60,41,62,105,15" hai2="45,40,106,12,31,134,113,127,79,38,91,123,21" hai3="22,74,75,133,115,3,68,84,6,30,128,36,65"/><V64/><F113/><W78/><G84/><T29/><D122/><U90/><E0/><V103/><F123/><W97/><G22/><T56/><D100/><U131/><E119/><V108/><F79/><W55/><G55/><T44/><D29/><U121/><E105/><V51/><F64/><W33/><G115/><T70/><D70/><U117/><E117/><V46/><F127/><W135/><G97/><T13/><D44/><U16/><E121/><V59/><F59/><W96/><G96/><T120/><D120/><U104/><E104/><V125/><F125/><W92/><G92/><T35/><D35/><U28/><E72/><N who="3" m="27690" /><G78/><T39/><D39/><U42/><E131/><V18/><F31/><W32/><G36/><T37/><D37/><U87/><E25/><V61/><F106/><W111/><G111/><N who="0" m="42507" /><D85/><U43/><REACH who="1" step="1"/><E48/><AGARI ba="0,0" hai="7,9,13,48,53,56,76,77,81,86,89" m="42507" machi="48" ten="30,1000,0" yaku="14,1" doraHai="71" who="0" fromWho="1" sc="211,10,317,-10,255,0,217,0" /><INIT seed="3,0,0,0,1,105" ten="221,307,255,217" oya="3" hai0="36,127,65,46,120,72,98,108,76,7,48,68,93" hai1="21,79,92,74,3,61,43,82,40,26,128,41,37" hai2="62,116,95,91,126,57,133,69,132,97,90,45,9" hai3="125,99,33,23,18,60,56,17,70,84,86,96,24"/><W2/><G2/><T101/><D36/><U34/><E3/><V20/><F116/><W83/><G70/><T30/><D30/><U4/><E4/><V53/><F126/><W44/><G125/><T87/><D120/><U117/><E34/><V42/><F9/><W64/><G33/><T1/><D108/><U25/><E117/><V35/><F35/><W15/><G44/><T38/><D127/><U16/><E128/><V59/><F69/><W29/><G86/><T80/><D65/><U121/><E121/><V129/><F129/><W22/><REACH who="3" step="1"/><G29/><REACH who="3" ten="221,307,255,207" step="2"/><T32/><D68/><U94/><E37/><V8/><F45/><W49/><G49/><T19/><D32/><U130/><E130/><V118/><F118/><W58/><G58/><T88/><D38/><U113/><E113/><V115/><F59/><W107/><G107/><T6/><D1/><U109/><E109/><V114/><F114/><W28/><G28/><T14/><D72/><U122/><E122/><V55/><F115/><W13/><G13/><T111/><D111/><U73/><E73/><V102/><F57/><W119/><G119/><T85/><D87/><U124/><E124/><V39/><F39/><W131/><G131/><T47/><D46/><U77/><E74/><V66/><F62/><W0/><G0/><T110/><D110/><U52/><E61/><V75/><F75/><W50/><G50/><T10/><D76/><AGARI ba="0,1" hai="15,17,18,22,23,24,56,60,64,76,83,84,96,99" machi="76" ten="30,12000,1" yaku="1,1,7,1,8,1,53,2" doraHai="105" doraHaiUra="12" who="3" fromWho="0" sc="221,-120,307,0,255,0,207,130" owari="101,-39.9,307,10.7,255,-14.5,337,43.7" /></mjloggm>