<mjloggm ver="2.3"><GO type="225" lobby="0"/><UN n0="%33%74%72%65%65" n1="%E4%BA%BA%E9%96%93%E3%83%81%E3%83%A3%E3%83%BC%E3%83%8F%E3%83%B3" n2="%E4%BA%95%E5%B8%AF" n3="%E3%83%AD%E3%83%83%E3%83%86%E9%9B%80%E7%90%83" dan="16,16,16,16" rate="2156.37,2127.14,2038.05,2165.11" sx="F,M,M,M"/><TAIKYOKU oya="0"/><INIT seed="0,0,0,3,1,53" ten="250,250,250,250" oya="0" hai0="46,60,36,17,88,77,92,105,84,113,133,41,21" hai1="81,22,6,26,29,70,115,58,15,65,10,129,74" hai2="79,43,130,75,13,86,5,23,0,73,69,131,16" hai3="97,103,91,25,76,116,68,27,127,101,112,117,119"/><T34/><D113/><U108/><E108/><V132/><F69/><W98/><G68/><T100/><D133/><U52/><E129/><N who="2" m="49163" /><F43/><W64/><G64/><T102/><D34/><U55/><E115/><V89/><F79/><W9/><G112/><T95/><D105/><U121/><E121/><V122/><F122/><W135/><G9/><T18/><D77/><U87/><E74/><V44/><F44/><W83/><G25/><T85/><D60/><N who="1" m="38039" /><E70/><V78/><F78/><AGARI ba="0,0" hai="6,10,15,22,26,29,52,55,78,81,87" m="38039" machi="78" ten="30,3900,0" yaku="8,1,52,1,54,1" doraHai="53" who="1" fromWho="2" sc="250,0,250,39,250,-39,250,0" /><INIT seed="1,0,0,1,3,6" ten="250,289,211,250" oya="1" hai0="82,116,3,110,19,94,56,83,85,1,7,99,133" hai1="35,79,34,64,23,105,41,69,93,97,57,33,25" hai2="125,131,112,81,130,118,120,44,102,114,24,75,39" hai3="98,78,21,124,54,96,42,26,104,12,84,121,53"/><U40/><E105/><V61/><F24/><W58/><G121/><T80/><D116/><U36/><E69/><V71/><F102/><W52/><G124/><T5/><D110/><U49/><E36/><V126/><F81/><N who="0" m="31338" /><D1/><U15/><E79/><V59/><F71/><W28/><G84/><T22/><D56/><U122/><E122/><V92/><F92/><W111/><G78/><N who="0" m="46327" /><D3/><U43/><E15/><V134/><F75/><W103/><G111/><T119/><D133/><U70/><E70/><V55/><F120/><W128/><G128/><N who="2" m="49193" /><F134/><W87/><G87/><T115/><D115/><N who="2" m="44074" /><F118/><W88/><G98/><T11/><D119/><U109/><E109/><V73/><F73/><W67/><G88/><N who="0" m="55751" /><D11/><U38/><E38/><V13/><F13/><AGARI ba="0,0" hai="5,7,13,19,22" m="55751,46327,31338" machi="13" ten="30,2000,0" yaku="8,1,54,1" doraHai="6" who="0" fromWho="2" sc="250,20,289,0,211,-20,250,0" /><INIT seed="2,0,0,5,5,73" ten="270,289,191,250" oya="2" hai0="30,41,93,43,50,11,19,116,15,45,53,106,101" hai1="108,34,28,21,75,85,86,36,47,131,134,33,107" hai2="94,83,4,37,18,39,24,99,119,48,51,12,29" hai3="129,88,66,0,26,126,59,125,133,121,122,63,76"/><V9/><F119/><W113/><G0/><T84/><D116/><U130/><E107/><V64/><F64/><W14/><G133/><T68/><D68/><U5/><E75/><V124/><F124/><N who="3" m="47723" /><G129/><N who="1" m="49162" /><E134/><V49/><F83/><W44/><G113/><T98/><D30/><U132/><E132/><V40/><F40/><W23/><G76/><T78/><REACH who="0" step="1"/><D106/><REACH who="0" ten="260,289,191,250" step="2"/><U123/><E123/><V56/><F56/><W77/><G59/><T58/><D58/><U111/><E111/><V31/><F31/><W118/><G122/><T57/><D57/><U25/><E108/><V69/><F69/><W103/><G121/><T120/><D120/><U102/><E33/><V13/><F29/><W127/><G118/><T1/><D1/><U7/><E34/><V55/><F55/><W82/><G127/><T20/><D20/><U6/><E102/><V65/><F65/><W16/><G103/><T112/><D112/><U109/><E109/><V79/><F79/><W110/><G110/><T10/><D10/><U27/><E21/><V52/><F52/><W22/><G77/><T42/><D42/><N who="1" m="22983" /><E28/><V62/><F62/><W128/><G128/><T114/><D114/><U97/><E97/><V72/><F72/><W38/><G63/><T117/><D117/><U2/><E2/><V8/><REACH who="2" step="1"/><F24/><AGARI ba="0,1" hai="5,6,7,24,25,27,85,86" m="22983,49162" machi="24" ten="30,1000,0" yaku="19,1" doraHai="73" who="1" fromWho="2" sc="260,0,289,20,191,-10,250,0" /><INIT seed="3,0,0,3,1,74" ten="260,309,181,250" oya="3" hai0="75,103,128,27,12,43,98,70,83,38,91,119,86" hai1="40,89,88,52,129,118,71,2,1,35,65,31,127" hai2="48,17,25,97,79,122,10,41,32,121,5,21,132" hai3="4,45,50,15,80,81,67,124,64,39,20,112,8"/><W9/><G124/><T68/><D119/><U11/><E40/><V99/><F132/><W85/><G112/><T58/><D128/><U101/><E127/><V22/><F99/><W60/><G39/><T69/><D38/><U6/><E2/><V76/><F97/><W114/><G114/><T126/><D43/><U24/><E129/><V66/><F66/><W96/><G20/><T37/><D37/><U34/><E118/><V13/><F32/><W108/><G108/><T106/><D27/><U95/><E35/><V125/><F125/><W56/><G67/><T7/><D58/><U55/><E101/><V109/><F109/><W62/><G62/><T53/><D53/><U61/><E88/><V18/><F48/><W30/><G30/><T123/><D123/><U78/><E78/><V113/><F41/><W133/><G133/><T115/><D115/><U72/><E72/><V14/><REACH who="2" step="1"/><F113/><REACH who="2" ten="260,309,171,250" step="2"/><W36/><G36/><T26/><D126/><U100/><E100/><V0/><F0/><W111/><G111/><T63/><D103/><U29/><E34/><V49/><F49/><W105/><G96/><T77/><D98/><U82/><E65/><V107/><F107/><W90/><G105/><T73/><D106/><U47/><E71/><V44/><F44/><W3/><G45/><T110/><D69/><U104/><E47/><V93/><F93/><N who="3" m="54479" /><G50/><T19/><D110/><U42/><E104/><V57/><F57/><W23/><G56/><T87/><D70/><U117/><E117/><V135/><F135/><W46/><G46/><T94/><D68/><U16/><E61/><RYUUKYOKU ba="0,1" sc="260,-10,309,-10,171,30,250,-10" hai2="5,10,13,14,17,18,21,22,25,76,79,121,122" /><INIT seed="4,1,1,5,3,104" ten="250,299,201,240" oya="0" hai0="4,56,110,123,32,21,14,23,29,120,99,12,39" hai1="100,68,105,73,97,131,36,28,134,38,27,75,26" hai2="77,118,67,18,127,44,25,61,10,63,74,48,0" hai3="71,87,19,64,52,115,41,108,81,130,112,42,55"/><T22/><D39/><N who="1" m="14891" /><E27/><V53/><F127/><W125/><G130/><T84/><D56/><U91/><E91/><V102/><F118/><W47/><G108/><T20/><D84/><U116/><E131/><V113/><F113/><N who="3" m="43595" /><G125/><T95/><D95/><U82/><E116/><V51/><F102/><W33/><G33/><T109/><D99/><U2/><E134/><V132/><F132/><W93/><G93/><T101/><D101/><U85/><E85/><V17/><F51/><N who="3" m="27127" /><G41/><T124/><D124/><U69/><E2/><V8/><F61/><N who="3" m="40335" /><G19/><N who="0" m="10343" /><D32/><N who="1" m="20503" /><E82/><V111/><F111/><N who="0" m="42506" /><D29/><U1/><E1/><V24/><F0/><W121/><G121/><N who="0" m="46667" /><D4/><U62/><E62/><V96/><F96/><W30/><G30/><T78/><D78/><AGARI ba="1,1" hai="52,55,78,81,87" m="40335,27127,43595" machi="78" ten="30,2000,0" yaku="15,1,54,1" doraHai="104" who="3" fromWho="0" sc="250,-23,299,0,201,0,240,33" /><INIT seed="5,0,0,1,3,38" ten="227,299,201,273" oya="1" hai0="15,134,5,35,13,94,132,25,72,112,19,118,105" hai1="84,48,32,117,71,77,99,79,89,55,82,113,8" hai2="23,29,57,20,60,68,109,124,24,85,12,95,3" hai3="2,45,116,127,42,34,103,37,98,78,104,63,121"/><U30/><E117/><V97/><F109/><W106/><G121/><T33/><D105/><U70/><E113/><V51/><F124/><W101/><G127/><T120/><D72/><U115/><E115/><V80/><F3/><W4/><G116/><T43/><D112/><U21/><E32/><N who="0" m="12361" /><D118/><U66/><E70/><V111/><F51/><W22/><G34/><T41/><D120/><U31/><E71/><V88/><F68/><W91/><G63/><T18/><D94/><N who="1" m="56783" /><E66/><V53/><F111/><W59/><G59/><T67/><D67/><U110/><E110/><V0/><F0/><W44/><G91/><T36/><D36/><U27/><E8/><V40/><F40/><N who="0" m="15434" /><D5/><U108/><E108/><V133/><F133/><N who="0" m="51306" /><D25/><U14/><E14/><AGARI ba="0,0" hai="13,14,15,18,19" m="51306,15434,12361" machi="14" ten="40,12000,2" yaku="28,2,20,1,52,3" doraHai="38" who="0" fromWho="1" sc="227,120,299,-120,201,0,273,0" owari="347,44.7,179,-32.1,201,-19.9,273,7.3" /></mjloggm>