<mjloggm ver="2.3"><GO type="225" lobby="0"/><UN n0="%E5%B8%86%E7%AB%8B%E5%A4%8F%E8%A1%A3" n1="%E5%8D%A0%E3%81%84%E5%B8%AB%E8%A3%8F%E3%81%AA%E3%81%84%E3%81%97" n2="%E8%90%BD%E6%97%A5" n3="%72%69%6F%75%63%68%61%6E" dan="16,17,16,17" rate="2167.37,2145.61,2136.05,2192.11" sx="M,M,F,M"/><TAIKYOKU oya="0"/><INIT seed="0,0,0,4,0,129" ten="250,250,250,250" oya="0" hai0="83,105,100,74,85,99,115,104,122,54,63,45,94" hai1="133,14,35,47,116,121,103,65,41,101,68,56,31" hai2="107,5,80,123,102,113,72,111,128,93,8,131,6" hai3="76,1,3,26,27,50,28,114,91,118,0,10,71"/><T130/><D115/><U92/><E116/><V97/><F113/><W9/><G114/><T70/><D122/><U67/><E121/><V82/><F123/><W64/><G118/><T87/><D70/><U53/><E68/><V7/><F111/><W55/><G76/><N who="0" m="44439" /><D54/><U46/><E35/><V58/><F8/><W12/><G91/><N who="0" m="53615" /><D45/><U120/><E120/><V21/><F21/><W18/><G27/><T57/><D57/><U30/><E133/><V37/><F37/><W126/><G126/><T78/><D63/><N who="1" m="36239" /><E14/><V44/><F44/><N who="1" m="16937" /><E92/><V109/><F109/><W110/><G110/><T16/><D16/><U79/><E79/><V127/><F127/><W51/><G10/><T84/><D130/><N who="2" m="49706" /><F72/><W90/><G90/><T2/><D2/><U24/><E24/><V89/><F58/><W61/><REACH who="3" step="1"/><G55/><REACH who="3" ten="250,250,250,240" step="2"/><T119/><D119/><U73/><E41/><V52/><F52/><W108/><G108/><T42/><D42/><U33/><E33/><AGARI ba="0,1" hai="0,1,3,9,12,18,26,28,33,50,51,61,64,71" machi="33" ten="40,2600,0" yaku="1,1,53,1" doraHai="129" doraHaiUra="60" who="3" fromWho="1" sc="250,0,250,-26,250,0,240,36" /><INIT seed="1,0,0,2,3,106" ten="250,224,250,276" oya="1" hai0="66,39,83,0,90,94,127,69,19,44,14,135,43" hai1="120,88,36,101,8,21,96,11,74,64,133,65,114" hai2="30,56,63,99,85,58,12,92,22,89,126,13,102" hai3="108,29,103,111,40,118,124,91,86,46,79,3,62"/><U48/><E114/><V113/><F126/><W110/><G124/><T115/><D127/><U131/><E120/><V41/><F41/><W27/><G118/><T80/><D115/><U57/><E36/><V1/><F1/><W33/><G3/><T59/><D0/><U51/><E133/><V75/><F113/><W125/><G125/><T98/><D69/><U67/><E131/><V32/><F32/><W53/><G103/><T55/><D66/><U81/><E21/><V95/><F75/><W129/><G129/><T104/><D104/><U119/><E119/><V112/><F112/><W134/><G134/><T6/><D6/><U4/><E57/><V38/><F38/><W87/><G79/><T109/><D109/><U31/><E31/><V24/><REACH who="2" step="1"/><F58/><REACH who="2" ten="250,224,240,276" step="2"/><N who="3" m="35151" /><G91/><T2/><D2/><U16/><E74/><V54/><AGARI ba="0,1" hai="12,13,22,24,30,54,56,63,85,89,92,95,99,102" machi="54" ten="20,5200,0" yaku="1,1,0,1,7,1,8,1,53,0" doraHai="106" doraHaiUra="78" who="2" fromWho="2" sc="250,-13,224,-26,240,62,276,-13" /><INIT seed="2,0,0,1,2,78" ten="237,198,302,263" oya="2" hai0="133,120,12,58,101,14,125,3,123,103,95,107,104" hai1="83,23,35,19,122,106,115,110,117,100,111,42,128" hai2="46,75,76,50,74,34,127,17,130,113,57,93,22" hai3="80,0,48,69,62,132,126,84,36,6,4,28,99"/><V97/><F34/><W79/><G36/><T65/><D3/><U73/><E115/><V5/><F113/><W60/><G126/><T96/><D125/><U30/><E117/><V18/><F127/><W112/><G112/><T24/><D133/><U131/><E30/><V15/><F130/><N who="1" m="49705" /><E35/><V88/><F5/><N who="3" m="2155" /><G69/><T90/><D65/><U26/><E42/><V31/><F31/><W68/><G68/><T40/><D40/><U81/><E73/><V8/><F57/><W20/><G132/><T53/><D24/><U63/><E122/><V72/><F76/><W27/><G0/><T86/><D123/><U129/><N who="1" m="49713" /><U29/><DORA hai="21" /><E29/><V43/><REACH who="2" step="1"/><F74/><REACH who="2" ten="237,198,292,263" step="2"/><W56/><G99/><T32/><D32/><U85/><E63/><V39/><F39/><W47/><G56/><T94/><D120/><U92/><E106/><V1/><F1/><W71/><G71/><T37/><D37/><U2/><E2/><V38/><F38/><W82/><G82/><N who="1" m="31242" /><E85/><V61/><F61/><W118/><G118/><T109/><D107/><U135/><E135/><V124/><F124/><W116/><G116/><T64/><D104/><U44/><E44/><V7/><F7/><W91/><G79/><T77/><D77/><U51/><E51/><V41/><F41/><AGARI ba="0,1" hai="20,27,28,41,47,48,60,62,80,84,91" m="2155" machi="41" ten="30,3900,0" yaku="8,1,52,2" doraHai="78,21" who="3" fromWho="2" sc="237,0,198,0,292,-39,263,49" /><INIT seed="3,0,0,5,2,39" ten="237,198,253,312" oya="3" hai0="48,60,8,16,65,119,61,14,123,21,128,71,6" hai1="78,98,22,90,94,131,66,81,32,13,3,70,0" hai2="36,95,52,44,126,57,25,83,62,54,17,33,130" hai3="59,121,86,106,82,2,42,89,46,18,118,67,55"/><W45/><G118/><T91/><D123/><U68/><E32/><V26/><F126/><W1/><G121/><T77/><D128/><U117/><E131/><V122/><F122/><W114/><G114/><T5/><D119/><U79/><E117/><V129/><F26/><W19/><G106/><T4/><D77/><U50/><E78/><V111/><F111/><W76/><G67/><T108/><D108/><U41/><E0/><V9/><F33/><W93/><G1/><T110/><D110/><U28/><E3/><V64/><F64/><W113/><G2/><T69/><D69/><U37/><E37/><V124/><F124/><W125/><G125/><T73/><D61/><U47/><E66/><V7/><F7/><W87/><G113/><T102/><D102/><U20/><E20/><V107/><F107/><W11/><G11/><T127/><D73/><U101/><E101/><V29/><F29/><W24/><G24/><T10/><D127/><U132/><E132/><V100/><F83/><W56/><G56/><T15/><D10/><U40/><E40/><N who="2" m="22535" /><F54/><W51/><G46/><T88/><D48/><AGARI ba="0,0" hai="18,19,42,45,48,51,55,59,76,82,86,87,89,93" machi="48" ten="30,5800,0" yaku="7,1,8,1,52,1" doraHai="39" who="3" fromWho="0" sc="237,-58,198,0,253,0,312,58" owari="179,-32.1,198,-20.2,253,5.3,370,47.0" /></mjloggm>