<mjloggm ver="2.3"><GO type="225" lobby="0"/><UN n0="%E7%99%BD%E6%97%A5%E9%9B%AA%E8%8F%9C" n1="%72%69%6F%75%63%68%61%6E" n2="%E8%BE%9B%E5%8F%A3%E3%82%AB%E3%83%AC%E3%83%BC%E3%83%A9%E3%82%A4%E3%82%B9" n3="%E3%81%B5%E3%81%98%E3%81%8B%E3%81%A4" dan="17,16,17,17" rate="2211.57,2226.25,2259.35,2212.71" sx="M,M,M,M"/><TAIKYOKU oya="0"/><INIT seed="0,0,0,2,4,105" ten="250,250,250,250" oya="0" hai0="65,21,77,64,5,69,40,115,13,131,14,112,107" hai1="1,122,68,59,79,93,95,16,49,110,27,126,127" hai2="90,18,75,100,82,94,103,15,106,83,62,46,130" hai3="3,60,51,125,91,66,70,72,88,67,26,38,80"/><T30/><D107/><U76/><E122/><V61/><F130/><W57/><G125/><N who="1" m="47626" /><E68/><V89/><F46/><W86/><G3/><T129/><D69/><U123/><E1/><V102/><F106/><W99/><G38/><T63/><D40/><U48/><E123/><V33/><F33/><W97/><G26/><N who="0" m="16719" /><D77/><N who="1" m="29771" /><E110/><V132/><F132/><W116/><G116/><T55/><D55/><N who="1" m="32231" /><E49/><V22/><F75/><W43/><G67/><N who="0" m="25675" /><D63/><N who="2" m="24074" /><F90/><W56/><G43/><T31/><D31/><U117/><E117/><V50/><F50/><W52/><G70/><T84/><D112/><U111/><E111/><V98/><AGARI ba="0,0" hai="15,18,22,82,83,89,94,98,100,102,103" m="24074" machi="98" ten="30,1100,0" yaku="8,1" doraHai="105" who="2" fromWho="2" sc="250,-5,250,-3,250,11,250,-3" /><INIT seed="1,0,0,1,0,131" ten="245,247,261,247" oya="1" hai0="127,61,46,76,134,99,50,100,71,21,92,105,84" hai1="27,45,59,2,107,90,128,119,8,117,22,135,5" hai2="55,43,126,70,125,44,12,67,64,66,47,75,32" hai3="29,86,24,133,40,110,124,77,36,114,35,17,98"/><U108/><E135/><V91/><F32/><W49/><G114/><T94/><D127/><N who="2" m="48650" /><F75/><W96/><G124/><T122/><D122/><U95/><E128/><V11/><F91/><W62/><G110/><T14/><D134/><U34/><E108/><V130/><F130/><W13/><G133/><T20/><D105/><U85/><E107/><V104/><F104/><W9/><G36/><T101/><D14/><U42/><E34/><V118/><F118/><W25/><G62/><T26/><D71/><U63/><E63/><N who="2" m="40223" /><F55/><W6/><G25/><T15/><D61/><U41/><E59/><V73/><F73/><W89/><G17/><N who="0" m="10303" /><D76/><U69/><E69/><V16/><F47/><N who="3" m="25831" /><G89/><N who="0" m="53287" /><D101/><U87/><E87/><V120/><F120/><W1/><G1/><T132/><D132/><U30/><REACH who="1" step="1"/><E41/><REACH who="1" ten="245,237,261,247" step="2"/><V93/><F93/><W54/><G54/><N who="0" m="30039" /><D26/><U80/><E80/><AGARI ba="0,1" hai="6,9,13,24,29,35,77,80,86,96,98" m="25831" machi="80" ten="30,1000,0" yaku="25,1" doraHai="131" who="3" fromWho="1" sc="245,0,237,-10,261,0,247,20" /><INIT seed="2,0,0,3,2,117" ten="245,227,261,267" oya="2" hai0="126,56,123,33,13,58,78,90,76,67,72,77,86" hai1="107,63,131,42,119,79,39,36,106,134,25,69,93" hai2="101,94,124,99,114,81,37,9,127,11,128,17,12" hai3="52,51,97,40,87,55,41,130,129,111,7,95,14"/><V125/><F114/><W74/><G74/><T98/><D33/><U48/><E119/><V91/><F128/><N who="3" m="49259" /><G87/><T132/><D72/><U18/><E131/><V102/><F37/><W24/><G24/><T21/><D132/><U8/><E134/><V120/><F120/><W103/><G111/><T34/><D34/><U61/><E79/><V104/><F81/><W96/><G55/><T35/><D35/><U26/><E93/><V122/><F122/><W6/><G97/><T38/><D38/><N who="1" m="14379" /><E48/><V85/><REACH who="2" step="1"/><F102/><REACH who="2" ten="245,227,251,267" step="2"/><W66/><G103/><T116/><D123/><U0/><E0/><V118/><F118/><W71/><G6/><T112/><D116/><U16/><E18/><V1/><F1/><W75/><G7/><T23/><D112/><U110/><E16/><V44/><F44/><W50/><G75/><T70/><D76/><U82/><E82/><V109/><F109/><W30/><G30/><T73/><D77/><U84/><E110/><V22/><AGARI ba="0,1" hai="9,11,12,17,22,85,91,94,99,101,104,124,125,127" machi="22" ten="30,6000,0" yaku="1,1,0,1,18,1,53,0" doraHai="117" doraHaiUra="32" who="2" fromWho="2" sc="245,-20,227,-20,251,70,267,-20" /><INIT seed="2,1,0,4,0,82" ten="225,207,321,247" oya="2" hai0="75,22,67,57,97,133,19,119,28,0,44,105,70" hai1="86,68,61,7,80,38,2,42,120,93,37,30,96" hai2="1,101,48,84,49,130,123,3,94,23,21,83,16" hai3="78,125,60,32,54,74,12,18,71,36,104,100,117"/><V29/><F123/><W118/><G125/><T40/><D75/><U102/><E120/><V114/><F114/><W91/><G36/><T76/><D0/><U110/><E110/><V81/><F130/><W47/><G32/><T88/><D70/><U8/><E30/><V53/><F3/><W35/><G35/><T15/><D133/><U121/><E121/><V46/><F1/><W33/><G33/><T69/><D69/><U43/><E42/><V72/><F72/><W92/><G71/><T116/><D76/><U51/><E51/><V113/><F113/><W126/><G47/><T89/><D28/><U14/><E43/><V134/><F134/><W25/><G25/><T11/><D11/><U108/><E108/><V99/><F49/><W17/><G54/><T59/><D105/><U128/><E128/><V107/><F107/><W132/><G60/><N who="0" m="38287" /><D97/><U127/><E127/><V122/><F122/><W4/><G126/><T55/><D55/><U115/><E115/><V87/><F29/><W129/><G129/><T9/><D59/><U103/><E2/><V106/><F106/><W63/><G63/><T10/><D10/><U109/><E109/><V27/><F23/><N who="3" m="11687" /><G4/><T45/><D22/><U50/><E50/><V90/><F101/><N who="1" m="38409" /><E61/><V85/><AGARI ba="1,0" hai="16,21,27,46,48,53,81,83,84,85,87,90,94,99" machi="85" ten="30,18000,2" yaku="0,1,8,1,52,3,54,1" doraHai="82" who="2" fromWho="2" sc="225,-61,207,-61,321,183,247,-61" /><INIT seed="2,2,0,3,2,99" ten="164,146,504,186" oya="2" hai0="40,35,47,44,127,108,67,119,23,29,122,38,96" hai1="82,90,19,80,66,121,114,110,57,74,11,103,132" hai2="12,111,9,120,83,102,131,6,126,73,52,54,97" hai3="61,69,113,101,91,10,8,134,68,39,33,4,16"/><V92/><F120/><W93/><G33/><T63/><D122/><U60/><E114/><V24/><F126/><W59/><G39/><T117/><D35/><U37/><E121/><V48/><F131/><W89/><G134/><T53/><D127/><U107/><E37/><V65/><F111/><W34/><G34/><T50/><D108/><U78/><E110/><V81/><F65/><W109/><G109/><T13/><D96/><U95/><E132/><V64/><F64/><W125/><G125/><T27/><REACH who="0" step="1"/><D13/><REACH who="0" ten="154,146,504,186" step="2"/><U104/><E103/><V98/><F98/><N who="3" m="59599" /><G113/><T30/><D30/><U43/><E107/><V105/><F105/><W135/><G135/><T130/><D130/><U22/><E104/><V84/><F24/><W31/><G31/><T26/><D26/><U124/><E124/><V128/><F128/><W18/><G69/><AGARI ba="2,1" hai="23,27,29,38,40,44,47,50,53,63,67,69,117,119" machi="69" ten="40,1300,0" yaku="1,1,53,0" doraHai="99" doraHaiUra="72" who="0" fromWho="3" sc="154,29,146,0,504,0,186,-19" /><INIT seed="3,0,0,2,3,24" ten="183,146,504,167" oya="3" hai0="14,8,103,70,60,126,30,105,38,5,124,86,20" hai1="18,16,1,35,130,47,23,68,84,76,32,9,113" hai2="85,97,63,48,59,83,36,15,87,11,108,19,112" hai3="54,109,73,49,96,99,3,37,104,67,72,45,53"/><W62/><G37/><T111/><D38/><U82/><E68/><V89/><F108/><W118/><G118/><T2/><D111/><U135/><E113/><V28/><F36/><W65/><G109/><T50/><D86/><U81/><E130/><V27/><F112/><W64/><G3/><T128/><D128/><U88/><E135/><V21/><F48/><W57/><REACH who="3" step="1"/><G104/><REACH who="3" ten="183,146,504,157" step="2"/><T42/><D105/><U90/><E1/><V77/><F97/><AGARI ba="0,1" hai="45,49,53,54,57,62,64,65,67,72,73,96,97,99" machi="97" ten="40,3900,0" yaku="1,1,2,1,53,0" doraHai="24" doraHaiUra="122" who="3" fromWho="2" sc="183,0,146,0,504,-39,157,49" /><INIT seed="3,1,0,5,5,134" ten="183,146,465,206" oya="3" hai0="3,59,13,27,125,76,45,94,53,95,96,78,133" hai1="123,16,9,12,66,49,97,107,2,91,111,128,37" hai2="17,127,121,56,26,126,72,115,29,110,6,44,50" hai3="15,86,112,61,52,90,68,83,58,124,108,135,19"/><W36/><G112/><T75/><D3/><U43/><E123/><V84/><F110/><W1/><G135/><T120/><D120/><U64/><E111/><V100/><F72/><W57/><G1/><T20/><D75/><U101/><E128/><V32/><F115/><W42/><G68/><T38/><D133/><U14/><E2/><V60/><F121/><W87/><G124/><N who="2" m="47657" /><F6/><W116/><G116/><T63/><D13/><U34/><E34/><V28/><F100/><W33/><G108/><T114/><D114/><U69/><E69/><V109/><F109/><W54/><G15/><T99/><D125/><U106/><E37/><V47/><F29/><W129/><G36/><T8/><D8/><U48/><E107/><V130/><F130/><W65/><G129/><T104/><D104/><U40/><E91/><V118/><F118/><W74/><G90/><T4/><D4/><U85/><E85/><V0/><F0/><W113/><G87/><T122/><D122/><U30/><E30/><V92/><F17/><W35/><G19/><N who="0" m="12703" /><D99/><U5/><E48/><V81/><F92/><W98/><G74/><T93/><D96/><U7/><E7/><V132/><F50/><W103/><G98/><T22/><D38/><U46/><REACH who="1" step="1"/><E40/><REACH who="1" ten="183,136,465,206" step="2"/><V21/><F32/><W11/><G33/><T70/><D70/><U80/><E80/><V67/><F132/><W117/><G35/><T88/><D88/><AGARI ba="1,1" hai="21,26,28,44,47,56,60,67,81,84,88" m="47657" machi="88" ten="30,8000,1" yaku="18,1,52,3,54,1" doraHai="134" who="2" fromWho="0" sc="183,-83,136,0,465,93,206,0" owari="100,-40.0,136,-26.4,558,65.8,206,0.6" /></mjloggm>