<mjloggm ver="2.3"><GO type="225" lobby="0"/><UN n0="%E3%81%BD%E3%81%A1%E3%81%9F%E3%81%93%E3%82%84" n1="%E3%83%B4%E3%83%A0%EF%BC%99%E3%81%A6" n2="%E8%81%B7%E6%A5%AD%E3%80%81%E9%A2%A8%32" n3="%6A%79%75%6E%6F%68" dan="17,17,16,16" rate="2182.55,2184.58,2131.27,2139.41" sx="M,M,M,M"/><TAIKYOKU oya="0"/><INIT seed="0,0,0,1,1,90" ten="250,250,250,250" oya="0" hai0="115,21,28,77,131,93,101,36,84,8,26,40,54" hai1="130,109,46,71,31,117,116,15,42,59,113,78,61" hai2="66,129,124,2,86,134,5,45,105,56,16,79,25" hai3="96,73,39,111,126,22,74,108,119,58,52,51,55"/><T100/><D115/><U34/><E34/><V110/><F105/><W95/><G119/><T63/><D131/><U83/><E31/><V48/><F110/><N who="3" m="42027" /><G39/><T127/><D127/><U98/><E109/><V102/><F124/><W125/><G125/><T20/><D8/><U33/><E33/><V50/><F2/><W135/><G126/><T94/><D20/><U24/><E24/><V1/><F1/><W41/><G41/><T37/><D37/><U69/><E113/><V72/><F72/><W47/><G22/><T82/><D40/><U12/><E130/><V97/><F129/><W18/><G18/><T10/><D10/><U133/><E133/><V70/><F134/><W53/><G135/><T87/><D36/><U107/><E69/><V85/><F5/><W67/><G67/><T122/><D122/><U32/><E71/><V104/><F70/><W92/><G53/><T62/><D87/><U121/><E32/><V106/><F106/><W68/><G92/><N who="0" m="35435" /><D54/><U6/><E42/><V49/><F86/><W89/><G68/><T60/><AGARI ba="0,0" hai="21,26,28,60,62,63,77,82,84,100,101" m="35435" machi="60" ten="30,11700,0" yaku="8,1,52,3" doraHai="90" who="0" fromWho="0" sc="250,117,250,-39,250,-39,250,-39" /><INIT seed="0,1,0,4,5,97" ten="367,211,211,211" oya="0" hai0="111,78,28,5,100,6,125,113,77,123,73,98,134" hai1="83,86,19,65,131,32,133,99,90,30,126,69,93" hai2="82,15,103,92,44,119,109,115,66,8,96,51,124" hai3="0,101,95,59,89,118,16,122,26,55,50,94,68"/><T22/><D113/><U91/><E91/><BYE who="1" /><V81/><F109/><W130/><G118/><T2/><D123/><UN n1="%E3%83%B4%E3%83%A0%EF%BC%99%E3%81%A6" /><U129/><E19/><V14/><F115/><W114/><G114/><T45/><D111/><U31/><E126/><V43/><F124/><W38/><G0/><T75/><D134/><U12/><E133/><V54/><F119/><W117/><G38/><T9/><D6/><U70/><E12/><V18/><F66/><W47/><G68/><T107/><D125/><U56/><E56/><V63/><F15/><W110/><G130/><N who="1" m="49674" /><E65/><V84/><F84/><W24/><G122/><T60/><D60/><U71/><E32/><V17/><F17/><W72/><G72/><T46/><D78/><U112/><E112/><V85/><F85/><W11/><G117/><T61/><D61/><U132/><E132/><V76/><F76/><W88/><G59/><AGARI ba="1,0" hai="8,14,18,43,44,51,54,59,63,81,82,92,96,103" machi="59" ten="40,2600,0" yaku="8,1,52,1" doraHai="97" who="2" fromWho="3" sc="367,0,211,0,211,29,211,-29" /><INIT seed="1,0,0,4,5,83" ten="367,211,240,182" oya="1" hai0="108,99,60,76,90,34,6,103,20,44,127,63,112" hai1="16,62,39,19,3,121,71,47,77,54,10,14,64" hai2="55,119,87,67,122,0,69,102,126,86,37,107,73" hai3="80,68,133,46,131,97,9,128,109,2,72,129,74"/><U85/><E121/><V116/><F37/><W5/><G109/><T15/><D34/><U82/><E3/><V56/><F73/><W125/><G125/><T118/><D112/><U13/><E54/><V96/><F122/><W98/><G68/><T41/><D118/><U25/><E25/><V92/><F0/><W51/><G133/><T113/><D113/><U79/><E79/><V43/><F43/><W24/><G24/><T38/><D76/><U66/><E66/><V30/><F126/><W111/><G111/><T48/><D90/><U45/><REACH who="1" step="1"/><E39/><REACH who="1" ten="367,201,240,182" step="2"/><V134/><F67/><W18/><G131/><T115/><D38/><U22/><AGARI ba="0,1" hai="10,13,14,16,19,22,45,47,62,64,71,77,82,85" machi="22" ten="20,24000,3" yaku="1,1,2,1,0,1,7,1,52,1,54,1,53,2" doraHai="83" doraHaiUra="11" who="1" fromWho="1" sc="367,-80,201,250,240,-80,182,-80" /><INIT seed="1,1,0,5,1,119" ten="287,451,160,102" oya="1" hai0="44,6,96,58,0,77,60,70,1,56,23,9,37" hai1="13,27,84,2,50,100,62,39,47,66,34,57,107" hai2="78,55,40,43,10,111,74,61,87,124,8,129,85" hai3="18,54,88,102,28,26,134,91,5,31,20,16,108"/><U15/><E2/><V81/><F111/><W131/><G108/><T68/><D0/><U22/><E34/><V101/><F124/><W3/><G131/><T64/><D96/><U35/><E35/><V89/><F74/><W128/><G128/><T135/><D135/><U38/><E38/><V90/><F101/><W65/><G134/><T79/><D70/><U67/><E67/><V116/><F129/><W99/><G65/><T92/><D92/><U46/><E46/><V72/><F72/><W45/><G3/><T113/><D113/><U21/><E21/><V82/><F78/><W30/><G5/><T53/><D23/><U130/><E39/><V132/><F116/><W112/><G112/><T83/><D79/><U41/><E130/><V12/><F10/><W94/><G18/><T36/><D44/><U121/><E84/><V19/><REACH who="2" step="1"/><F132/><REACH who="2" ten="287,451,150,102" step="2"/><W48/><AGARI ba="1,1" hai="16,20,26,28,30,31,45,48,54,88,91,94,99,102" machi="48" ten="30,7900,0" yaku="0,1,8,1,54,2" doraHai="119" who="3" fromWho="3" sc="287,-21,451,-40,150,-21,102,92" /><INIT seed="2,0,0,2,3,79" ten="266,411,129,194" oya="2" hai0="116,34,102,97,3,70,133,80,42,68,129,109,26" hai1="27,9,52,50,40,69,84,71,122,98,124,17,20" hai2="82,103,29,77,46,66,4,121,35,43,95,38,90" hai3="114,63,30,72,47,33,23,105,107,126,74,113,31"/><V12/><F121/><W7/><G7/><T111/><D3/><U65/><E122/><V110/><F110/><N who="0" m="41994" /><D42/><U76/><E40/><V108/><F108/><W73/><G23/><T119/><D129/><U115/><E115/><N who="3" m="44042" /><G126/><T83/><D133/><U120/><E120/><V85/><F66/><W28/><G33/><T118/><D34/><U36/><E36/><V94/><F35/><W135/><G135/><T41/><D41/><U55/><E124/><V45/><F29/><W16/><G47/><T15/><D26/><U51/><E98/><V22/><F46/><W112/><N who="3" m="44050" /><W91/><DORA hai="78" /><G16/><T89/><D15/><U18/><E65/><V106/><F22/><W87/><G63/><T93/><D102/><U96/><E69/><AGARI ba="0,0" hai="68,69,70,80,83,89,93,97,116,118,119" m="41994" machi="69" ten="40,12000,2" yaku="12,1,14,1,52,4" doraHai="79,78" who="0" fromWho="1" sc="266,120,411,-120,129,0,194,0" /><INIT seed="3,0,0,2,5,124" ten="386,291,129,194" oya="3" hai0="88,96,42,77,6,17,37,10,8,117,82,43,64" hai1="40,92,99,123,76,130,75,12,24,69,38,56,23" hai2="32,85,90,20,104,3,48,21,109,116,115,84,59" hai3="2,72,134,4,87,18,89,98,133,119,127,7,67"/><W34/><G72/><T66/><D117/><U35/><E123/><V47/><F3/><W120/><G119/><T61/><D17/><U54/><E69/><V103/><F32/><W15/><G120/><T94/><D10/><U31/><E38/><V27/><F115/><W128/><G34/><T65/><D61/><U45/><E75/><V100/><F116/><W105/><G127/><T14/><REACH who="0" step="1"/><D37/><REACH who="0" ten="376,291,129,194" step="2"/><U97/><E76/><V55/><F109/><W121/><G121/><T131/><D131/><U73/><E73/><AGARI ba="0,1" hai="6,8,14,42,43,64,65,66,73,77,82,88,94,96" machi="73" ten="40,2600,0" yaku="1,1,54,1,53,0" doraHai="124" doraHaiUra="52" who="0" fromWho="1" sc="376,36,291,-26,129,0,194,0" owari="412,51.2,265,6.5,129,-37.1,194,-20.6" /></mjloggm>