<mjloggm ver="2.3"><GO type="225" lobby="0"/><UN n0="%E5%8D%A0%E3%81%84%E5%B8%AB%E8%A3%8F%E3%81%AA%E3%81%84%E3%81%97" n1="%E5%90%91%E4%BA%95%E7%A7%80%E5%BE%B3" n2="%6C%61%6D%62" n3="%E6%A1%9C%E8%8A%B1%E9%96%83%E3%80%85" dan="17,16,16,17" rate="2198.68,2039.37,2207.35,2206.44" sx="M,M,M,M"/><TAIKYOKU oya="0"/><INIT seed="0,0,0,5,0,86" ten="250,250,250,250" oya="0" hai0="104,96,19,14,128,132,103,15,95,123,60,38,79" hai1="54,49,70,73,69,106,65,31,34,53,122,131,129" hai2="101,21,24,127,26,90,17,130,121,20,27,28,92" hai3="0,85,11,58,94,62,75,118,22,47,36,10,55"/><T91/><D123/><U43/><E73/><V44/><F130/><N who="1" m="49673" /><E106/><V89/><F127/><W51/><G118/><T63/><D128/><U87/><E34/><V33/><F121/><W88/><G75/><T100/><D38/><U77/><E31/><V5/><F5/><W41/><G0/><T68/><D132/><U119/><E122/><V78/><F78/><W98/><G36/><T135/><D135/><U76/><E119/><V74/><F74/><W8/><G22/><T82/><D68/><N who="1" m="26219" /><E65/><V72/><F72/><W67/><REACH who="3" step="1"/><G85/><REACH who="3" ten="250,250,250,240" step="2"/><N who="0" m="48351" /><D104/><U110/><E87/><V50/><F101/><N who="0" m="38986" /><D14/><U12/><E12/><V30/><REACH who="2" step="1"/><F92/><REACH who="2" ten="250,250,240,240" step="2"/><W42/><AGARI ba="0,2" hai="8,10,11,41,42,47,51,55,58,62,67,88,94,98" machi="42" ten="30,8000,1" yaku="1,1,0,1,8,1,52,1,54,1,53,0" doraHai="86" doraHaiUra="29" who="3" fromWho="3" sc="250,-40,250,-20,240,-20,240,100" /><INIT seed="1,0,0,5,0,135" ten="210,230,220,340" oya="1" hai0="71,93,81,84,104,12,117,74,68,99,79,113,38" hai1="1,56,5,132,76,17,63,39,67,69,96,118,120" hai2="88,60,115,133,106,72,36,122,31,83,23,92,82" hai3="94,66,33,87,48,30,55,124,41,75,129,26,32"/><U114/><E114/><V0/><F122/><W8/><G75/><T111/><D113/><U102/><E120/><V35/><F115/><W59/><G124/><T107/><D117/><U131/><E118/><V95/><F106/><W46/><G129/><T78/><D38/><U103/><E132/><V22/><F36/><W62/><G33/><T3/><D3/><U98/><E39/><V2/><F95/><W119/><G119/><T53/><D111/><U130/><E76/><V49/><F35/><W85/><G8/><T100/><D53/><U25/><E5/><V9/><F60/><W10/><G10/><T27/><D27/><U121/><E1/><V134/><F49/><W45/><G94/><T47/><D12/><U15/><E25/><V4/><F2/><W108/><G108/><T97/><D47/><U57/><E121/><V44/><F44/><W54/><G54/><T20/><D20/><N who="2" m="7722" /><F31/><W13/><G13/><T101/><D68/><U112/><E112/><V16/><F16/><W110/><G110/><T64/><D64/><U19/><E69/><V116/><F116/><W42/><G66/><T127/><D71/><U14/><REACH who="1" step="1"/><E67/><REACH who="1" ten="210,220,220,340" step="2"/><V73/><F133/><W28/><G28/><T128/><D128/><U80/><E80/><N who="2" m="30763" /><F134/><W105/><G30/><T6/><D6/><U34/><E34/><V43/><F72/><W91/><G32/><T70/><D70/><U109/><E109/><V61/><F73/><W89/><G26/><T58/><D78/><U21/><E21/><V77/><F77/><W29/><G29/><T7/><D7/><U125/><E125/><RYUUKYOKU ba="0,1" sc="210,-10,220,30,220,-10,340,-10" hai1="14,15,17,19,56,57,63,96,98,102,103,130,131" /><INIT seed="1,1,1,2,2,50" ten="200,250,210,330" oya="1" hai0="48,28,70,67,27,5,14,126,2,88,115,29,17" hai1="121,64,62,8,110,78,55,120,66,134,73,90,21" hai2="36,86,39,6,106,41,89,100,34,68,133,114,99" hai3="11,80,103,61,60,40,49,63,33,54,93,52,113"/><U112/><E112/><V69/><F34/><W19/><G113/><T107/><D115/><U127/><E127/><V128/><F114/><W3/><G33/><T104/><D126/><U95/><E134/><V108/><F133/><W20/><G80/><T135/><D135/><U51/><E73/><V45/><F39/><W74/><G74/><T24/><D5/><U97/><E78/><V26/><F108/><W4/><G103/><T42/><D2/><U101/><E110/><V7/><F128/><W30/><G30/><T82/><D67/><U53/><E8/><V47/><F47/><W81/><G93/><T92/><D70/><U84/><E121/><V56/><F26/><N who="0" m="9770" /><D82/><U23/><E120/><V91/><F91/><W94/><G94/><T43/><D107/><U77/><E77/><V111/><F111/><W13/><REACH who="3" step="1"/><G81/><REACH who="3" ten="200,250,210,320" step="2"/><T15/><D104/><U117/><E117/><V44/><F100/><W31/><G31/><T85/><D28/><U125/><E125/><V35/><F35/><W71/><G71/><T79/><D29/><U124/><E124/><V46/><F68/><W75/><G75/><T25/><D79/><U12/><E101/><V96/><F69/><W87/><G87/><T122/><D122/><U38/><E84/><V9/><F86/><W16/><G16/><T76/><D76/><U116/><E116/><V1/><F106/><W72/><G72/><T37/><D17/><U22/><E95/><V18/><F18/><W57/><G57/><T129/><D92/><U0/><E97/><V98/><F98/><W123/><G123/><T65/><D85/><RYUUKYOKU ba="1,2" sc="200,-10,250,-10,210,-10,320,30" hai3="3,4,11,13,19,20,40,49,52,54,60,61,63" /><INIT seed="2,2,2,5,2,29" ten="190,240,200,350" oya="2" hai0="77,68,34,32,97,13,112,133,117,94,11,0,124" hai1="86,85,58,15,60,20,110,22,21,40,12,75,129" hai2="6,93,43,27,64,7,128,95,135,90,52,126,123" hai3="55,16,72,73,30,91,88,8,100,4,121,71,1"/><V119/><F119/><W98/><G121/><T31/><D112/><U99/><E75/><V62/><F123/><W108/><G71/><T92/><D68/><U28/><E110/><V33/><F135/><W76/><G108/><T54/><D133/><U130/><E28/><V23/><F128/><N who="1" m="49257" /><E40/><V3/><F126/><W103/><G30/><T118/><D124/><U42/><E42/><V39/><F33/><W19/><G100/><T80/><D0/><U36/><E36/><V83/><F3/><W18/><G55/><T78/><D54/><N who="1" m="33879" /><E99/><V24/><F43/><W96/><G96/><T89/><D31/><U53/><E53/><V122/><F52/><W26/><G26/><T125/><D125/><U106/><E106/><V51/><F39/><W10/><G10/><T63/><D63/><U107/><E107/><V65/><F51/><W45/><G45/><T56/><D56/><U61/><E61/><V134/><F134/><W69/><G69/><T14/><D80/><U66/><E66/><N who="2" m="25707" /><F62/><W79/><G73/><T113/><D113/><U5/><E5/><N who="2" m="1547" /><F122/><W59/><G59/><T70/><D70/><U67/><E67/><V9/><F9/><W116/><G116/><N who="0" m="44651" /><D11/><U41/><E41/><V87/><F27/><W48/><G8/><T104/><D104/><U132/><E132/><V115/><F115/><W74/><G4/><T44/><D44/><U82/><E82/><V25/><F24/><W131/><G1/><T2/><D2/><U81/><E81/><V105/><F105/><W127/><G131/><T46/><D46/><U37/><E37/><V101/><F101/><RYUUKYOKU ba="2,2" sc="190,-15,240,15,200,15,350,-15" hai1="12,15,20,21,22,85,86" hai2="23,25,83,87,90,93,95" /><INIT seed="2,3,2,2,5,1" ten="175,255,215,335" oya="2" hai0="86,40,60,46,110,16,87,52,73,13,124,19,117" hai1="34,74,111,103,135,42,38,55,6,134,126,132,109" hai2="18,83,61,104,114,44,50,98,90,68,65,10,82" hai3="119,11,93,9,15,89,113,118,37,122,96,59,121"/><V77/><F114/><W120/><G113/><T67/><D110/><N who="1" m="41995" /><E74/><V5/><F18/><W28/><G37/><T0/><D0/><U35/><E126/><V76/><F104/><W108/><G108/><T78/><D124/><U85/><E103/><V4/><F98/><W116/><G28/><T36/><D117/><U58/><E85/><V91/><F77/><W101/><G59/><T41/><D73/><U3/><E42/><N who="0" m="16489" /><D36/><U69/><E69/><V23/><F23/><W95/><REACH who="3" step="1"/><G15/><REACH who="3" ten="175,255,215,325" step="2"/><T81/><D13/><U54/><E38/><V31/><F31/><W99/><AGARI ba="3,3" hai="9,11,89,93,95,96,99,101,116,118,119,120,121,122" machi="99" ten="40,12000,2" yaku="1,1,2,1,0,1,53,3" doraHai="1" doraHaiUra="115" who="3" fromWho="3" sc="175,-33,255,-33,215,-63,325,159" /><INIT seed="3,0,0,5,5,7" ten="142,222,152,484" oya="3" hai0="53,4,95,63,81,122,65,92,126,45,111,70,93" hai1="113,20,78,82,128,38,101,96,116,56,59,67,106" hai2="1,36,90,39,71,103,100,114,18,133,120,75,73" hai3="64,80,61,109,123,84,89,51,83,5,6,112,104"/><W130/><G123/><T26/><D122/><U25/><E113/><V40/><F120/><W55/><G112/><T50/><D111/><U74/><E128/><V102/><F114/><W54/><G130/><T85/><D126/><U42/><E116/><V127/><F71/><W3/><G109/><T68/><D4/><N who="3" m="1641" /><G104/><T115/><D115/><U135/><E67/><V105/><F90/><W32/><G32/><T24/><REACH who="0" step="1"/><D70/><REACH who="0" ten="132,222,152,484" step="2"/><U57/><E135/><V88/><F127/><W11/><G3/><T58/><D58/><U35/><E56/><V62/><F1/><W10/><G83/><T2/><D2/><U99/><E57/><V66/><F133/><W129/><G129/><T9/><D9/><N who="3" m="3081" /><G51/><T12/><D12/><U52/><E82/><V131/><F131/><W132/><G132/><T37/><D37/><U47/><E38/><V49/><F39/><W86/><G86/><T107/><D107/><U76/><E106/><V23/><F36/><W118/><G118/><T77/><AGARI ba="0,1" hai="24,26,45,50,53,63,65,68,77,81,85,92,93,95" machi="77" ten="30,7900,0" yaku="1,1,0,1,53,2" doraHai="7" doraHaiUra="21" who="0" fromWho="0" sc="132,89,222,-20,152,-20,484,-39" owari="221,2.1,202,-19.8,132,-36.8,445,54.5" /></mjloggm>