<mjloggm ver="2.3"><GO type="225" lobby="0"/><UN n0="%E3%81%BF%E3%81%BF%E3%81%9A" n1="%E9%BB%99%E8%81%B4%E3%81%AE%E3%81%99%E3%82%9D%E3%82%81" n2="%E3%81%8B%E3%82%8F%E3%81%A1%E3%82%83%E3%82%93%35%38" n3="%E3%83%B4%E3%83%A0%EF%BC%99%E3%81%A6" dan="18,16,16,16" rate="2256.98,2101.13,2151.66,2134.35" sx="M,M,M,M"/><TAIKYOKU oya="0"/><INIT seed="0,0,0,3,5,7" ten="250,250,250,250" oya="0" hai0="56,85,77,23,73,113,71,47,42,57,76,19,135" hai1="120,34,43,129,51,110,44,59,78,21,111,4,8" hai2="24,63,69,91,3,104,112,93,82,29,58,60,117" hai3="5,27,61,25,38,36,2,89,84,130,95,55,122"/><T99/><D113/><U53/><E34/><V28/><F112/><W45/><G130/><T64/><D71/><U37/><E120/><V67/><F104/><W20/><G122/><T118/><D118/><U126/><E126/><V102/><F117/><W13/><G2/><T10/><D76/><U100/><E129/><V54/><F3/><W124/><G124/><T66/><D73/><U50/><E100/><V128/><F128/><W134/><G134/><T103/><D135/><U1/><E78/><V15/><F102/><W31/><G38/><T119/><D119/><U22/><REACH who="1" step="1"/><E37/><REACH who="1" ten="250,240,250,250" step="2"/><V0/><F91/><W109/><G36/><T41/><D77/><U107/><E107/><V75/><F75/><W26/><G109/><AGARI ba="0,1" hai="1,4,8,21,22,43,44,50,51,53,59,109,110,111" machi="109" ten="40,5200,0" yaku="1,1,14,1,52,1,53,0" doraHai="7" doraHaiUra="68" who="1" fromWho="3" sc="250,0,240,62,250,0,250,-52" /><INIT seed="1,0,0,4,1,50" ten="250,302,250,198" oya="1" hai0="84,26,131,85,2,74,68,112,52,118,88,29,69" hai1="126,133,76,73,16,56,97,63,37,132,53,100,82" hai2="23,86,46,105,116,129,121,80,98,83,62,47,38" hai3="6,24,120,64,59,4,75,7,122,5,71,107,77"/><U14/><E37/><V95/><F116/><W15/><G71/><T61/><D112/><U55/><E126/><V117/><F121/><W22/><G107/><T42/><D74/><U8/><REACH who="1" step="1"/><E55/><REACH who="1" ten="250,292,250,198" step="2"/><V39/><F39/><W10/><G122/><T81/><D118/><U103/><E103/><V13/><F117/><W119/><G119/><T12/><D42/><U130/><E130/><V72/><F38/><W90/><G120/><T93/><D131/><U0/><E0/><V48/><F129/><W91/><G4/><T87/><D2/><U25/><E25/><V1/><F1/><W54/><G5/><T123/><D123/><U36/><E36/><V51/><F13/><W57/><G6/><T102/><D102/><U34/><E34/><V70/><F48/><W92/><G15/><T27/><D69/><U18/><E18/><V31/><F51/><W66/><G7/><T45/><D68/><U21/><E21/><V89/><F23/><W67/><G22/><T20/><D45/><U9/><E9/><V3/><F3/><W109/><G10/><T35/><D12/><U124/><E124/><V110/><F46/><W65/><G24/><T41/><D41/><U28/><E28/><V106/><F47/><W79/><G54/><T19/><REACH who="0" step="1"/><D81/><REACH who="0" ten="240,292,250,198" step="2"/><U114/><E114/><V135/><F70/><W43/><G43/><T115/><D115/><U108/><E108/><V104/><F110/><W32/><G109/><T40/><D40/><U33/><E33/><V96/><F80/><W78/><G32/><T125/><D125/><U44/><E44/><V49/><F83/><RYUUKYOKU ba="0,2" sc="240,15,292,15,250,-15,198,-15" hai0="19,20,26,27,29,35,52,61,84,85,87,88,93" hai1="8,14,16,53,56,63,73,76,82,97,100,132,133" /><INIT seed="1,1,2,2,0,121" ten="255,307,235,183" oya="1" hai0="49,101,57,44,17,12,30,87,129,21,58,89,67" hai1="9,84,5,82,73,16,55,29,111,119,103,95,123" hai2="107,22,50,59,72,86,19,108,14,3,64,41,120" hai3="51,100,43,36,132,117,75,83,90,40,85,113,13"/><U28/><E119/><V133/><F72/><W69/><G113/><T56/><D129/><U122/><E73/><V78/><F120/><W42/><G117/><T68/><D101/><U10/><E123/><V23/><F107/><W77/><G132/><T15/><D68/><U124/><E122/><V34/><F34/><W8/><G69/><T66/><D30/><N who="1" m="11883" /><E5/><V47/><F3/><W110/><G100/><T35/><D15/><U98/><E124/><V31/><F133/><W94/><G36/><T118/><D35/><U45/><E16/><V61/><F108/><W52/><G110/><T18/><D118/><U99/><E99/><V7/><F7/><W65/><G65/><T93/><REACH who="0" step="1"/><D18/><REACH who="0" ten="245,307,235,183" step="2"/><U27/><E111/><V53/><F31/><W0/><G0/><T2/><D2/><U131/><E131/><V115/><F115/><W38/><G38/><T11/><D11/><U109/><E109/><V32/><F32/><W33/><G33/><T92/><D92/><U76/><E27/><V97/><F22/><W39/><G39/><T106/><D106/><U71/><E71/><V126/><F126/><W127/><G127/><T70/><D70/><U63/><E9/><V54/><F97/><W24/><G24/><T25/><D25/><U105/><E10/><V116/><F116/><W60/><G13/><T1/><D1/><U104/><E105/><V4/><F4/><W135/><G8/><T91/><D91/><U81/><E104/><V79/><F79/><W26/><G26/><T74/><D74/><U48/><E82/><AGARI ba="1,3" hai="14,19,23,41,47,50,53,54,59,61,64,78,82,86" machi="82" ten="40,1300,0" yaku="8,1" doraHai="121" who="2" fromWho="1" sc="245,0,307,-16,235,46,183,0" /><INIT seed="2,0,0,3,2,17" ten="245,291,281,183" oya="2" hai0="55,31,134,47,6,48,7,127,131,116,12,70,59" hai1="87,108,19,99,73,101,86,52,75,43,13,104,62" hai2="128,0,114,46,68,129,38,66,54,81,27,79,97" hai3="34,16,91,30,121,135,107,125,71,63,61,117,9"/><V21/><F114/><W3/><G117/><T2/><D70/><U95/><E43/><V77/><F0/><W1/><G121/><T37/><D127/><U60/><E108/><V98/><F66/><W51/><G125/><T110/><D116/><U106/><E106/><V25/><F68/><W22/><G107/><T105/><D105/><U88/><E87/><N who="2" m="48559" /><F79/><W120/><G120/><T15/><D134/><U26/><E26/><V5/><F5/><N who="3" m="1199" /><G3/><T35/><D110/><U11/><REACH who="1" step="1"/><E52/><REACH who="1" ten="245,281,281,183" step="2"/><V103/><F27/><N who="3" m="18783" /><G135/><T122/><D122/><U67/><E67/><V76/><F54/><W64/><G51/><T78/><D131/><U23/><E23/><V130/><F38/><W92/><G64/><T65/><D37/><U83/><E83/><V84/><F46/><W58/><G58/><T44/><D6/><U45/><E45/><V40/><F40/><W10/><G71/><T69/><D7/><U39/><E39/><V132/><F132/><W14/><G10/><T4/><D4/><U115/><E115/><V29/><F84/><AGARI ba="0,1" hai="14,16,22,61,63,84,91,92" m="18783,1199" machi="84" ten="30,3900,0" yaku="24,1,52,1,54,1" doraHai="17" who="3" fromWho="2" sc="245,0,281,0,281,-39,183,49" /><INIT seed="3,0,0,4,4,38" ten="245,281,242,232" oya="3" hai0="18,47,77,95,128,99,28,41,68,81,61,8,72" hai1="33,9,90,114,24,10,113,3,73,132,102,98,0" hai2="87,20,119,120,35,116,96,21,29,2,25,101,89" hai3="109,45,5,76,92,51,74,1,104,40,88,19,49"/><W34/><G104/><T52/><D128/><U54/><E73/><V66/><F2/><N who="1" m="553" /><E90/><V118/><F120/><W122/><G122/><T85/><D28/><N who="1" m="19591" /><E54/><V70/><F70/><W75/><G34/><T121/><D121/><U26/><E98/><V6/><F6/><W37/><G19/><T110/><D110/><U27/><E102/><V94/><REACH who="2" step="1"/><F66/><REACH who="2" ten="245,281,232,232" step="2"/><W44/><G109/><T12/><D72/><U57/><E114/><V135/><F135/><W91/><G74/><T7/><D7/><U83/><E113/><V93/><AGARI ba="0,1" hai="20,21,25,29,35,87,89,93,94,96,101,116,118,119" machi="93" ten="30,2000,0" yaku="1,1,0,1,53,0" doraHai="38" doraHaiUra="14" who="2" fromWho="2" sc="245,-5,281,-5,232,30,232,-10" /><INIT seed="4,0,0,2,5,85" ten="240,276,262,222" oya="0" hai0="88,84,17,117,82,120,34,63,18,98,97,15,71" hai1="72,94,13,16,79,68,90,78,106,104,96,81,107" hai2="8,89,93,4,5,124,50,76,44,43,101,86,41" hai3="45,3,80,58,105,23,69,6,53,40,103,59,111"/><T19/><D117/><U24/><E68/><V57/><F124/><W32/><G69/><T21/><D34/><U61/><E61/><V52/><F76/><W92/><G32/><T135/><D135/><U66/><E66/><V126/><F126/><W22/><G105/><T37/><D37/><U48/><E78/><V65/><F101/><W29/><G111/><T91/><D120/><U114/><E114/><V2/><F4/><W95/><G80/><T10/><D71/><U55/><E24/><V49/><F65/><W12/><G3/><T74/><D63/><U125/><E125/><V51/><F43/><W132/><G132/><T73/><D73/><U134/><E134/><V35/><F35/><W128/><G128/><T0/><D0/><U31/><E31/><V121/><F121/><W70/><G70/><T77/><D74/><U99/><E99/><V36/><AGARI ba="0,0" hai="2,5,8,36,41,44,49,50,51,52,57,86,89,93" machi="36" ten="20,5200,0" yaku="0,1,7,1,52,1,54,1" doraHai="85" who="2" fromWho="2" sc="240,-26,276,-13,262,52,222,-13" owari="214,-18.6,263,6.3,314,41.4,209,-29.1" /></mjloggm>