<mjloggm ver="2.3"><GO type="225" lobby="0"/><UN n0="%E8%A8%88%E7%AE%97%E6%A9%9F%E8%87%AA%E7%84%B6" n1="%E3%81%9F%E3%81%A3%E3%81%A1%E3%82%87" n2="%37%2F%32%E3%81%AB%E7%94%9F%E3%81%BE%E3%82%8C%E3%81%A6" n3="%E6%A1%9C%E8%8A%B1%E9%96%83%E3%80%85" dan="17,16,17,18" rate="2214.92,2059.24,2182.75,2280.02" sx="M,M,M,M"/><TAIKYOKU oya="0"/><INIT seed="0,0,0,2,4,33" ten="250,250,250,250" oya="0" hai0="84,55,126,30,61,32,57,19,81,59,48,17,80" hai1="20,93,90,65,87,99,102,130,113,21,72,112,64" hai2="117,34,31,14,28,83,114,36,95,0,24,9,45" hai3="41,73,68,4,123,51,107,54,56,98,96,108,124"/><T7/><D126/><U10/><E130/><V85/><F114/><W53/><G124/><T119/><D119/><U38/><E72/><V22/><F117/><W105/><G68/><T110/><D110/><U132/><E132/><V104/><F104/><W79/><G108/><T101/><D101/><U40/><E10/><V42/><F95/><W52/><G123/><T46/><D32/><U111/><E111/><V74/><F74/><W44/><G4/><T62/><D30/><U35/><E35/><V1/><F31/><W92/><G56/><T77/><D7/><U125/><E38/><V91/><REACH who="2" step="1"/><F34/><REACH who="2" ten="250,250,240,250" step="2"/><W67/><G92/><T131/><D131/><U75/><E125/><V16/><AGARI ba="0,1" hai="0,1,9,14,16,22,24,28,36,42,45,83,85,91" machi="16" ten="20,12000,2" yaku="1,1,2,1,0,1,7,1,52,2,54,1,53,0" doraHai="33" doraHaiUra="49" who="2" fromWho="2" sc="250,-60,250,-30,240,130,250,-30" /><INIT seed="1,0,0,3,1,75" ten="190,220,370,220" oya="1" hai0="111,18,32,86,113,17,79,126,109,93,87,125,42" hai1="47,25,120,134,91,30,96,83,123,5,15,118,29" hai2="22,48,58,34,110,116,23,76,26,73,106,100,112" hai3="107,50,92,131,135,97,39,52,103,65,35,121,74"/><U31/><E118/><V10/><F116/><W61/><G121/><N who="1" m="46666" /><E47/><V56/><F112/><W63/><G131/><T117/><D117/><U21/><E96/><V84/><F73/><W94/><G135/><T68/><D113/><U27/><E83/><V108/><F10/><W16/><G39/><T115/><D115/><U14/><E91/><V98/><F23/><W132/><G132/><T60/><D32/><N who="1" m="20527" /><E134/><V11/><F11/><W89/><G35/><T36/><D42/><U55/><E55/><V81/><F34/><W57/><G74/><T70/><D36/><U128/><E128/><V28/><REACH who="2" step="1"/><F48/><REACH who="2" ten="190,220,360,220" step="2"/><W4/><G4/><T8/><D8/><N who="1" m="4367" /><E15/><V7/><F7/><W71/><G50/><T119/><D119/><U127/><E127/><V20/><F20/><W33/><G33/><T41/><D126/><U38/><E38/><V6/><F6/><W69/><G69/><T133/><D125/><U46/><E46/><V66/><F66/><W99/><G107/><T37/><D133/><U12/><E12/><V122/><F122/><W53/><G71/><T72/><D68/><U54/><E54/><N who="3" m="21098" /><G63/><T62/><D72/><U64/><E64/><V67/><F67/><W124/><G124/><T43/><D70/><U101/><E31/><V129/><F129/><W2/><G2/><T13/><D37/><U104/><E30/><V0/><F0/><W85/><G16/><T77/><D13/><U90/><E21/><V88/><F88/><W40/><G40/><T95/><AGARI ba="0,1" hai="17,18,41,43,60,62,77,79,86,87,93,95,109,111" machi="95" ten="25,8000,1" yaku="0,1,22,2,52,2" doraHai="75" who="0" fromWho="0" sc="190,90,220,-40,360,-20,220,-20" /><INIT seed="2,0,0,2,3,9" ten="280,180,340,200" oya="2" hai0="92,39,78,61,37,23,0,72,83,112,90,16,64" hai1="10,57,51,41,82,73,134,85,97,44,122,46,1" hai2="38,65,58,15,102,40,80,105,30,111,12,14,117" hai3="89,99,81,94,75,56,71,18,32,109,70,48,77"/><V7/><F117/><W68/><G32/><T60/><D0/><U104/><E134/><V103/><F7/><W119/><G109/><T13/><D112/><U43/><E122/><V8/><F8/><W4/><G4/><T24/><D24/><U129/><E129/><V118/><F118/><W126/><G119/><T3/><D3/><U131/><E131/><V2/><F2/><W123/><G126/><T36/><REACH who="0" step="1"/><D64/><REACH who="0" ten="270,180,340,200" step="2"/><U84/><E1/><V115/><F115/><W11/><G123/><T25/><D25/><U107/><E10/><V114/><F114/><W27/><G27/><T53/><D53/><U76/><E41/><V52/><F65/><W96/><G11/><T95/><D95/><U62/><E43/><V124/><F105/><W133/><G133/><T132/><D132/><U17/><E104/><V28/><F111/><W42/><G42/><T21/><D21/><U127/><E17/><V110/><F110/><W88/><G18/><T5/><D5/><U31/><E31/><N who="2" m="11819" /><F124/><W35/><G35/><T113/><D113/><U6/><E6/><V47/><F38/><W63/><G94/><T106/><D106/><U29/><E29/><V67/><F40/><W50/><G96/><AGARI ba="0,1" hai="13,16,23,36,37,39,60,61,72,78,83,90,92,96" machi="96" ten="40,5200,0" yaku="1,1,52,1,54,1,53,0" doraHai="9" doraHaiUra="98" who="0" fromWho="3" sc="270,62,180,0,340,0,200,-52" /><INIT seed="3,0,0,4,3,5" ten="332,180,340,148" oya="3" hai0="127,48,12,87,61,11,67,114,63,73,30,128,53" hai1="31,118,111,3,15,80,27,106,8,122,131,32,133" hai2="40,45,2,65,17,49,97,79,76,70,57,64,93" hai3="75,35,4,1,86,129,0,47,43,91,84,107,83"/><W77/><G129/><T81/><D128/><U6/><E131/><V109/><F70/><W34/><G107/><T59/><D127/><U132/><E106/><V98/><F2/><W90/><G0/><T24/><D73/><U101/><E122/><V113/><F109/><W23/><G23/><N who="0" m="15647" /><D67/><N who="2" m="25674" /><F113/><W94/><G4/><N who="0" m="3175" /><D114/><U18/><E80/><V20/><F57/><W38/><REACH who="3" step="1"/><G1/><REACH who="3" ten="332,180,340,138" step="2"/><T10/><D10/><N who="1" m="2399" /><E118/><V103/><F98/><W115/><G115/><T130/><D130/><U58/><E111/><V55/><F40/><W125/><G125/><T108/><D108/><U78/><E101/><V62/><F62/><W124/><G124/><T21/><D21/><N who="1" m="11487" /><E78/><AGARI ba="0,1" hai="48,53,59,61,63,78,81,87" m="3175,15647" machi="78" ten="30,2000,0" yaku="8,1,52,1" doraHai="5" who="0" fromWho="1" sc="332,30,180,-20,340,0,138,0" owari="362,46.2,160,-24.0,340,14.0,138,-36.2" /></mjloggm>