<mjloggm ver="2.3"><GO type="225" lobby="0"/><UN n0="%E6%97%A5%E6%9B%9C%E6%97%A5%E3%82%88%E3%82%8A%E3%81%AE%E4%BD%BF%E8%80%85" n1="%E4%B8%89%E6%A7%93%E5%AD%90" n2="%E3%81%8F%E3%82%8A%E3%83%94%E3%83%BC" n3="%E6%80%AA%E3%81%97%E3%81%99%E3%81%8E%E3%82%8B%E3%83%81%E3%83%BC" dan="17,16,16,16" rate="2168.21,2050.82,2111.36,2104.93" sx="M,F,M,M"/><TAIKYOKU oya="0"/><INIT seed="0,0,0,1,5,129" ten="250,250,250,250" oya="0" hai0="78,100,1,51,83,4,31,135,95,124,94,92,130" hai1="70,27,36,79,56,54,21,58,82,25,106,66,77" hai2="10,68,80,108,46,13,24,113,0,19,104,123,3" hai3="35,84,2,12,99,97,98,18,14,47,86,133,23"/><T5/><D130/><U28/><E106/><V7/><F104/><W109/><G2/><T89/><D124/><U72/><E36/><V120/><F68/><W69/><G69/><T22/><D100/><U20/><E77/><V63/><F63/><W39/><G35/><T17/><D31/><U45/><E70/><V81/><F46/><W105/><G105/><T16/><D135/><U65/><E45/><V115/><F81/><W9/><G109/><T122/><D122/><U114/><E58/><V26/><F80/><W88/><G133/><T119/><D119/><U59/><E59/><V61/><F61/><W60/><G60/><T38/><D38/><U33/><E33/><V34/><F108/><W117/><G117/><T40/><D89/><U32/><E32/><V75/><F75/><W49/><G39/><T101/><D101/><U43/><E43/><V6/><F34/><W55/><REACH who="3" step="1"/><G88/><REACH who="3" ten="250,250,250,240" step="2"/><T50/><D50/><U93/><E114/><N who="2" m="43531" /><F0/><W11/><G11/><T90/><D90/><U111/><E111/><V132/><F123/><W125/><G125/><T48/><D48/><U57/><E93/><V44/><F120/><W53/><G53/><T110/><D110/><U134/><E134/><V128/><F132/><W96/><N who="3" m="24576" /><DORA hai="30" /><W91/><G91/><T41/><D51/><U131/><E131/><V42/><F128/><W102/><G102/><T52/><D52/><U29/><E57/><V127/><F127/><W112/><G112/><T87/><D1/><U103/><E103/><V121/><F121/><W15/><G15/><T85/><D95/><U71/><E71/><RYUUKYOKU ba="0,1" sc="250,-15,250,15,250,-15,240,15" hai1="20,21,25,27,28,29,54,56,65,66,72,79,82" hai3="9,12,14,18,23,47,49,55,84,86" /><INIT seed="1,1,1,5,4,123" ten="235,265,235,255" oya="1" hai0="19,39,104,51,116,85,100,32,15,81,24,30,47" hai1="44,118,33,62,67,107,89,122,115,98,91,46,14" hai2="112,5,134,108,11,109,7,95,65,18,80,40,64" hai3="52,101,12,128,50,131,114,43,17,13,97,77,4"/><U75/><E122/><V120/><F120/><W55/><G114/><T129/><D116/><U117/><E75/><V54/><F112/><W127/><G127/><T79/><D129/><N who="3" m="49737" /><G77/><T88/><D39/><U66/><E115/><V10/><F40/><W48/><G4/><N who="2" m="1609" /><F80/><W84/><G84/><T56/><D56/><U21/><E33/><V83/><F83/><W27/><G27/><T99/><D79/><U28/><E118/><V133/><F95/><N who="3" m="58559" /><G17/><T23/><D51/><N who="3" m="19497" /><G43/><T2/><REACH who="0" step="1"/><D47/><REACH who="0" ten="225,265,235,255" step="2"/><U35/><E117/><V6/><F134/><W57/><G55/><T121/><D121/><U3/><E44/><V111/><F133/><W9/><G9/><N who="2" m="3081" /><F6/><W26/><G52/><T102/><D102/><U78/><E46/><V36/><F36/><W1/><G57/><T31/><D31/><U22/><E28/><V110/><F108/><W63/><G63/><T132/><D132/><U125/><E62/><V105/><F105/><W25/><G1/><AGARI ba="1,2" hai="1,2,15,19,23,24,30,32,81,85,88,99,100,104" machi="1" ten="40,2600,0" yaku="1,1,54,1,53,0" doraHai="123" doraHaiUra="0" who="0" fromWho="3" sc="225,49,265,0,235,0,255,-29" /><INIT seed="2,0,0,5,3,95" ten="274,265,235,226" oya="2" hai0="62,19,15,78,33,123,5,82,80,23,41,38,61" hai1="1,88,97,104,11,53,129,43,127,89,48,79,58" hai2="57,105,46,70,45,106,115,128,22,76,36,16,9" hai3="98,60,52,94,0,10,116,14,28,85,66,114,135"/><V2/><F115/><W25/><G116/><T112/><D112/><U32/><E32/><V72/><F70/><W29/><G135/><T26/><D123/><U42/><E127/><V8/><F57/><N who="3" m="34855" /><G114/><T118/><D118/><U109/><E109/><V65/><F65/><W124/><G0/><T99/><D38/><U17/><E129/><V90/><F128/><W13/><G124/><T108/><D108/><U101/><E79/><V110/><F110/><W50/><G66/><T87/><D41/><U37/><E17/><V86/><F106/><W20/><G28/><T73/><D99/><U27/><E27/><V113/><F105/><W121/><G121/><T102/><D102/><U67/><E67/><V3/><F113/><W134/><G134/><T54/><D54/><U119/><E119/><V21/><F36/><W122/><G122/><T69/><D69/><U107/><E107/><V44/><F72/><W7/><G14/><T96/><D96/><U12/><E12/><N who="2" m="9351" /><F2/><W35/><G35/><T84/><D73/><U63/><E37/><V83/><F3/><W126/><G126/><T59/><D59/><U56/><E1/><V130/><F130/><W49/><G85/><T132/><D132/><U120/><E120/><V18/><F76/><W34/><G34/><T77/><D33/><U24/><E43/><V131/><F131/><W30/><G29/><T92/><D92/><U133/><E42/><V40/><F40/><W51/><G51/><T100/><D100/><AGARI ba="0,0" hai="7,10,13,20,25,30,49,50,94,98,100" m="34855" machi="100" ten="30,3900,0" yaku="8,1,52,1,54,1" doraHai="95" who="3" fromWho="0" sc="274,-39,265,0,235,0,226,39" /><INIT seed="3,0,0,1,3,31" ten="235,265,235,265" oya="3" hai0="18,54,49,27,91,42,13,38,115,40,132,30,43" hai1="28,57,118,87,48,102,11,67,6,85,41,22,50" hai2="19,103,44,111,110,35,46,88,119,113,78,79,34" hai3="26,2,9,122,15,124,92,101,23,62,14,83,96"/><W72/><G122/><T105/><D105/><U12/><E118/><V53/><F119/><W99/><G124/><T1/><D1/><U7/><E102/><V123/><F113/><W109/><G109/><N who="2" m="41481" /><F123/><W84/><G72/><T133/><D91/><U116/><E116/><V25/><F103/><W98/><G2/><T55/><D38/><U5/><E67/><V129/><F129/><W121/><G121/><T0/><D0/><U86/><E57/><V97/><F19/><N who="3" m="12671" /><G62/><T77/><D77/><N who="2" m="29194" /><F25/><W8/><G83/><T70/><D70/><U47/><E48/><N who="2" m="28807" /><F46/><W108/><G108/><T65/><D65/><U4/><E28/><V104/><F104/><W100/><G101/><T71/><D71/><U56/><E56/><V63/><F63/><W73/><G73/><T76/><D115/><U125/><REACH who="1" step="1"/><E22/><REACH who="1" ten="235,255,235,265" step="2"/><V51/><F51/><W95/><G100/><T69/><D49/><U68/><E68/><V106/><F106/><W112/><G112/><T66/><D69/><U131/><E131/><V3/><F3/><W120/><G120/><T52/><D66/><U24/><E24/><V74/><F74/><W90/><G14/><T10/><REACH who="0" step="1"/><D76/><REACH who="0" ten="225,255,235,265" step="2"/><U58/><E58/><V126/><F126/><AGARI ba="0,2" hai="4,5,6,7,11,12,41,47,50,85,86,87,125,126" machi="126" ten="50,1600,0" yaku="1,1,53,0" doraHai="31" doraHaiUra="16" who="1" fromWho="2" sc="225,0,255,36,235,-16,265,0" /><INIT seed="4,0,0,3,0,45" ten="225,291,219,265" oya="0" hai0="35,49,50,31,115,59,111,91,36,123,102,94,92" hai1="18,71,24,5,84,132,75,99,13,38,135,39,40" hai2="9,121,108,46,97,21,122,8,129,104,17,77,69" hai3="86,81,125,130,113,79,44,43,61,48,42,96,67"/><T68/><D68/><U118/><E75/><V95/><F108/><W65/><G113/><T28/><D36/><U57/><E118/><V70/><F104/><W51/><G130/><T87/><D35/><U107/><E71/><V27/><F129/><W41/><G125/><T128/><D128/><U53/><E84/><V116/><F116/><W83/><G83/><N who="0" m="49663" /><D115/><U37/><E40/><V80/><F70/><W119/><G119/><T100/><D123/><U112/><E112/><V66/><F66/><N who="3" m="25099" /><G44/><T55/><D111/><U114/><E114/><V0/><F69/><W78/><G78/><T64/><D64/><U30/><E5/><V124/><F124/><W56/><G96/><N who="0" m="59399" /><D50/><U88/><E24/><V10/><F0/><W25/><G25/><T11/><D11/><U4/><E4/><V12/><F121/><W1/><G1/><T109/><D109/><U16/><E30/><V52/><F122/><W15/><G15/><T3/><D3/><U82/><E107/><V105/><F105/><W76/><G79/><T74/><D74/><U103/><E103/><V126/><F126/><W133/><G133/><N who="1" m="51274" /><E13/><V106/><F106/><W120/><G120/><T6/><D6/><U29/><E29/><V20/><F12/><W19/><G19/><T73/><D73/><U34/><E34/><V98/><F27/><W127/><G127/><T85/><D102/><U2/><E2/><V134/><F134/><W23/><G23/><N who="2" m="8777" /><F17/><W62/><G62/><T131/><D131/><U33/><E33/><V58/><F9/><W63/><G61/><T32/><D32/><U54/><E18/><RYUUKYOKU ba="0,0" sc="225,15,291,-15,219,-15,265,15" hai0="28,31,49,55,59,85,94" hai3="41,42,43,48,51,56,63,76,81,86" /><INIT seed="4,1,0,4,0,73" ten="240,276,204,280" oya="0" hai0="8,61,2,56,99,19,21,116,83,0,29,72,78" hai1="97,107,23,81,35,10,89,104,122,32,118,46,3" hai2="7,121,102,77,52,50,134,4,51,117,105,40,125" hai3="60,131,110,17,100,1,74,103,114,65,128,67,63"/><T31/><D116/><U26/><E118/><V13/><F117/><W90/><G110/><T85/><D72/><U124/><E122/><V66/><F121/><W126/><G1/><T123/><D123/><U84/><E124/><V86/><F125/><W115/><G126/><T28/><D8/><U112/><E112/><N who="3" m="43050" /><G17/><T80/><D80/><U76/><E104/><V135/><F66/><N who="3" m="25099" /><G90/><T34/><D34/><U11/><E46/><N who="2" m="25927" /><F13/><W44/><G44/><T14/><REACH who="0" step="1"/><D99/><REACH who="0" ten="230,276,204,280" step="2"/><U93/><E97/><N who="2" m="61647" /><F86/><W101/><G74/><T20/><D20/><U41/><E35/><V95/><F95/><W96/><G96/><T24/><D24/><U25/><E32/><V38/><F38/><W87/><G87/><T59/><D59/><U132/><E26/><V92/><F92/><W27/><G27/><T55/><AGARI ba="1,1" hai="0,2,14,19,21,28,29,31,55,56,61,78,83,85" machi="55" ten="30,11700,0" yaku="1,1,0,1,52,1,53,1" doraHai="73" doraHaiUra="18" who="0" fromWho="0" sc="230,130,276,-40,204,-40,280,-40" owari="360,46.0,236,-16.4,164,-33.6,240,4.0" /></mjloggm>