<mjloggm ver="2.3"><GO type="225" lobby="0"/><UN n0="%E6%9A%87%E4%BA%BA%EF%BC%A0%E9%85%8D%E4%BF%A1%E5%9E%A2" n1="%E8%A8%88%E7%AE%97%E6%A9%9F%E8%87%AA%E7%84%B6" n2="%E3%81%A9%E3%82%8F%E3%82%93%E3%81%94" n3="%72%69%6F%75%63%68%61%6E" dan="17,17,16,16" rate="2224.07,2206.09,2040.50,2135.48" sx="M,M,M,M"/><TAIKYOKU oya="0"/><INIT seed="0,0,0,5,5,55" ten="250,250,250,250" oya="0" hai0="12,50,60,101,127,87,11,23,62,80,48,37,45" hai1="14,119,22,64,17,128,91,123,3,84,42,43,56" hai2="65,5,35,16,108,46,54,41,85,111,126,18,7" hai3="82,115,32,116,52,66,106,10,94,103,67,49,36"/><T109/><D127/><U100/><E119/><V57/><F35/><W28/><G115/><T76/><D37/><U2/><E123/><V118/><F65/><W44/><G116/><T121/><D121/><U92/><E128/><V15/><F126/><W120/><G120/><T38/><D38/><U134/><E134/><V58/><F85/><W113/><G113/><T105/><D23/><U93/><E2/><V135/><F135/><W130/><G130/><T124/><D124/><U131/><E3/><V78/><F78/><W13/><G106/><T74/><D74/><U8/><E131/><V31/><F31/><W90/><G36/><T83/><D83/><U107/><E107/><V89/><F89/><W34/><G32/><T47/><D109/><N who="2" m="42058" /><F118/><W98/><G28/><T97/><D48/><U71/><E71/><V125/><F54/><W110/><G34/><T6/><REACH who="0" step="1"/><D45/><REACH who="0" ten="240,250,250,250" step="2"/><U33/><E33/><V30/><F125/><W24/><G110/><T86/><D86/><U73/><E73/><V104/><F30/><W63/><G24/><T132/><D132/><U68/><E22/><V114/><F114/><W79/><G63/><T20/><D20/><U59/><E84/><V133/><F133/><W51/><G49/><T96/><D96/><U29/><E29/><V40/><F46/><W99/><G98/><T72/><D72/><U27/><E27/><V77/><F77/><W122/><G122/><T102/><D102/><U0/><E100/><V61/><F61/><W4/><G103/><T129/><D129/><U53/><E91/><V1/><F104/><W21/><G21/><RYUUKYOKU ba="0,1" sc="240,15,250,-15,250,-15,250,15" hai0="6,11,12,47,50,60,62,76,80,87,97,101,105" hai3="4,10,13,44,51,52,66,67,79,82,90,94,99" /><INIT seed="0,1,1,4,4,125" ten="255,235,235,265" oya="0" hai0="85,94,60,37,25,133,119,27,101,83,109,3,106" hai1="127,52,113,46,89,111,33,36,23,18,59,15,63" hai2="11,129,29,74,122,35,121,2,97,132,66,14,26" hai3="87,5,53,73,105,32,58,116,68,45,7,88,100"/><T84/><D119/><U96/><E127/><V54/><F74/><W41/><G116/><T117/><D117/><U69/><E33/><V38/><F38/><W86/><G73/><T12/><D3/><U93/><E111/><V20/><F66/><W64/><G32/><T44/><D106/><U42/><REACH who="1" step="1"/><E69/><REACH who="1" ten="255,225,235,265" step="2"/><V39/><F35/><W78/><G68/><T112/><D109/><U34/><E34/><V82/><F122/><W9/><G5/><T13/><D133/><U65/><E65/><V124/><F132/><W104/><G64/><T114/><D114/><AGARI ba="1,2" hai="15,18,23,36,42,46,52,59,63,89,93,96,113,114" machi="114" ten="40,5200,0" yaku="1,1,54,1,53,1" doraHai="125" doraHaiUra="91" who="1" fromWho="0" sc="255,-55,225,75,235,0,265,0" /><INIT seed="1,0,0,3,1,97" ten="200,300,235,265" oya="1" hai0="65,115,93,112,114,71,111,132,103,70,128,68,17" hai1="26,89,82,58,34,105,15,106,110,1,100,72,13" hai2="24,12,52,79,88,14,98,16,131,69,102,90,73" hai3="78,84,67,87,134,43,86,10,64,21,22,50,133"/><U116/><E116/><V8/><F69/><W91/><G78/><T25/><D111/><U104/><E1/><V127/><F24/><W75/><G75/><T92/><D128/><U122/><E122/><V85/><F131/><W5/><G91/><T135/><D65/><N who="3" m="25161" /><G50/><T121/><D121/><U56/><E110/><V23/><F127/><W4/><G43/><T48/><D48/><U54/><E58/><V107/><F73/><W32/><G32/><T19/><D25/><U27/><E27/><V96/><F98/><W47/><G47/><T125/><D125/><U126/><E126/><V61/><F79/><W120/><G120/><T18/><REACH who="0" step="1"/><D103/><REACH who="0" ten="190,300,235,265" step="2"/><U62/><E100/><V31/><F31/><W45/><G45/><T0/><D0/><U59/><E26/><V94/><F61/><W33/><G33/><T40/><D40/><U53/><E34/><V109/><F109/><W76/><G76/><T66/><D66/><U9/><E62/><V119/><F119/><W95/><G133/><AGARI ba="0,1" hai="17,18,19,68,70,71,92,93,112,114,115,132,133,135" machi="133" ten="60,12000,2" yaku="1,1,29,2,28,2,20,1,53,0" doraHai="97" doraHaiUra="63" who="0" fromWho="3" sc="190,130,300,0,235,0,265,-120" /><INIT seed="2,0,0,1,0,133" ten="320,300,235,145" oya="2" hai0="130,104,116,17,115,101,47,76,49,9,26,79,12" hai1="98,16,13,21,120,93,99,10,54,72,42,23,44" hai2="105,31,111,91,69,70,32,60,71,58,118,22,75" hai3="11,56,122,102,39,14,46,30,37,38,64,78,95"/><V107/><F118/><W128/><G122/><T123/><D123/><U88/><E72/><V63/><F75/><W81/><G128/><T94/><D115/><U132/><E120/><V55/><F32/><W131/><G131/><T27/><D130/><U5/><E132/><V43/><F43/><W125/><G30/><T19/><D104/><U82/><E82/><V109/><F63/><W4/><G64/><T110/><D110/><N who="2" m="41994" /><F91/><W48/><G56/><T59/><D59/><U80/><E80/><V53/><F53/><W18/><G125/><T28/><D19/><U24/><E54/><V73/><F73/><W126/><G126/><T34/><D116/><U113/><E113/><V87/><F87/><W121/><G121/><T124/><D124/><U90/><E90/><V41/><F41/><W66/><G66/><T96/><D26/><AGARI ba="0,0" hai="22,26,31,55,58,60,69,70,71,105,107" m="41994" machi="26" ten="40,3900,0" yaku="14,1,10,1" doraHai="133" who="2" fromWho="0" sc="320,-39,300,0,235,39,145,0" /><INIT seed="2,1,0,4,0,101" ten="281,300,274,145" oya="2" hai0="72,21,102,32,37,126,9,134,6,70,76,29,49" hai1="93,36,122,35,77,106,3,30,38,111,73,82,114" hai2="12,5,69,105,130,10,120,20,96,128,26,100,42" hai3="28,119,110,43,13,81,11,78,132,133,55,50,79"/><V86/><F120/><W0/><G119/><T116/><D49/><U88/><E114/><V53/><F69/><W108/><G0/><T63/><D21/><U68/><E3/><V129/><F42/><W103/><G28/><T59/><D59/><U33/><E68/><V115/><F115/><W14/><G103/><T89/><D89/><U56/><E106/><V87/><REACH who="2" step="1"/><F53/><REACH who="2" ten="281,300,264,145" step="2"/><W107/><G43/><T40/><D40/><U99/><E122/><V85/><F85/><W127/><G55/><T71/><D71/><U94/><E36/><V51/><F51/><W19/><G50/><T117/><D37/><U124/><E38/><V67/><F67/><W95/><G110/><T34/><D70/><U27/><E111/><V112/><F112/><W121/><G108/><T113/><D113/><U18/><E73/><V57/><F57/><W25/><G121/><T83/><D72/><U90/><E56/><V16/><AGARI ba="1,1" hai="5,10,12,16,20,26,86,87,96,100,105,128,129,130" machi="16" ten="30,12000,1" yaku="1,1,0,1,19,1,52,1,54,1,53,0" doraHai="101" doraHaiUra="135" who="2" fromWho="2" sc="281,-41,300,-41,264,133,145,-41" /><INIT seed="2,2,0,1,5,88" ten="240,259,397,104" oya="2" hai0="87,52,45,86,92,36,64,95,117,21,130,128,125" hai1="6,67,55,62,12,10,11,49,116,134,76,9,73" hai2="104,94,46,85,70,44,132,93,58,113,119,83,34" hai3="79,22,53,124,75,20,60,120,30,91,129,15,28"/><V109/><F113/><W19/><G124/><T7/><D125/><U14/><E116/><V98/><F70/><W69/><G129/><N who="0" m="49771" /><D117/><U4/><E134/><V51/><F34/><W43/><G120/><T127/><D127/><U71/><E10/><V84/><F132/><W0/><G0/><T99/><D7/><U66/><E66/><V121/><F104/><W122/><G122/><T47/><D64/><U103/><E103/><V96/><F121/><W115/><G115/><T1/><D1/><U126/><E126/><V123/><F123/><W33/><G33/><T77/><D21/><U80/><E49/><V133/><F133/><W26/><G69/><T101/><D77/><U13/><E55/><N who="2" m="32127" /><F119/><W89/><G43/><N who="0" m="22759" /><D92/><N who="2" m="35434" /><F109/><W82/><REACH who="3" step="1"/><G30/><REACH who="3" ten="240,259,397,94" step="2"/><T41/><D41/><U111/><E111/><V72/><F98/><W40/><G40/><T68/><D68/><U110/><E110/><V59/><F96/><W50/><G50/><AGARI ba="2,1" hai="47,50,52,86,87,95,99,101" m="22759,49771" machi="50" ten="30,3900,0" yaku="19,1,52,1,54,1" doraHai="88" who="0" fromWho="3" sc="240,55,259,0,397,0,94,-45" /><INIT seed="3,0,0,0,2,123" ten="295,259,397,49" oya="3" hai0="103,68,75,41,0,30,46,113,112,85,47,130,122" hai1="38,97,90,26,20,70,67,105,23,135,74,5,64" hai2="54,71,34,32,27,12,10,42,79,99,45,28,101" hai3="4,57,14,69,39,7,61,52,9,80,104,89,35"/><W40/><G35/><T128/><D122/><U92/><E38/><V44/><F71/><W115/><G115/><N who="0" m="44107" /><D75/><U118/><E74/><V19/><F79/><W94/><G104/><T48/><D68/><U100/><E135/><V116/><F116/><W131/><G131/><T3/><D30/><U109/><E118/><V50/><F27/><W95/><G69/><T117/><D117/><U11/><E109/><V16/><F28/><W62/><G4/><T88/><D103/><U124/><E124/><V87/><F87/><N who="3" m="50407" /><G39/><T125/><D46/><U114/><E114/><V121/><F19/><W102/><G40/><T93/><D125/><U1/><E70/><V106/><F121/><W15/><G102/><T78/><D78/><U37/><E37/><AGARI ba="0,0" hai="10,12,16,32,34,37,42,44,45,50,54,99,101,106" machi="37" ten="30,2000,0" yaku="7,1,54,1" doraHai="123" who="2" fromWho="1" sc="295,0,259,-20,397,20,49,0" owari="295,9.5,239,-16.1,417,51.7,49,-45.1" /></mjloggm>