<mjloggm ver="2.3"><GO type="225" lobby="0"/><UN n0="%E3%81%86%E3%81%A9%E3%82%93%E3%81%93" n1="%6D%75%75%6D%75%72%61" n2="%E3%82%BC%E3%83%AB%E3%83%80%E3%81%AE%E4%BC%9D%E8%AA%AC" n3="%E3%81%A8%E3%82%93%E3%81%A8%E3%81%93%E3%81%A8%E3%82%93" dan="16,17,17,16" rate="2176.85,2201.50,2166.19,2121.88" sx="M,F,M,F"/><TAIKYOKU oya="0"/><INIT seed="0,0,0,5,1,45" ten="250,250,250,250" oya="0" hai0="66,92,83,108,17,115,101,91,79,57,128,131,54" hai1="24,96,109,125,22,4,133,124,71,41,97,72,28" hai2="5,51,3,93,61,13,31,12,14,30,99,94,77" hai3="37,8,65,122,85,33,114,55,9,7,62,127,26"/><T134/><D115/><U43/><E109/><V112/><F112/><W21/><G114/><T56/><D101/><U84/><E72/><V130/><F130/><N who="0" m="49706" /><D134/><U98/><E133/><V32/><F32/><W46/><G33/><T111/><D17/><U23/><E71/><V70/><F77/><W16/><G127/><N who="1" m="48714" /><E4/><V95/><F3/><W123/><G85/><N who="0" m="52335" /><D66/><U52/><E23/><V19/><F5/><W69/><G37/><T78/><D57/><U76/><E52/><V50/><F19/><W118/><G118/><T1/><D1/><U42/><E42/><V88/><F70/><W58/><G46/><T132/><D132/><U53/><E53/><V116/><F116/><W80/><G7/><T39/><D39/><U81/><AGARI ba="0,0" hai="22,24,28,41,43,76,81,84,96,97,98" m="48714" machi="81" ten="40,1500,0" yaku="18,1" doraHai="45" who="1" fromWho="1" sc="250,-7,250,15,250,-4,250,-4" /><INIT seed="1,0,0,2,2,99" ten="243,265,246,246" oya="1" hai0="23,81,91,105,2,64,90,79,38,34,93,48,20" hai1="41,78,16,47,62,67,37,74,36,112,114,45,9" hai2="124,63,95,19,127,42,102,86,8,88,132,4,118" hai3="97,28,129,116,115,73,134,108,22,121,21,1,0"/><U31/><E31/><V40/><F118/><W85/><G85/><T107/><D34/><U123/><E123/><V24/><F132/><W35/><G97/><T69/><D38/><U15/><E74/><V46/><F63/><W125/><G22/><T33/><D33/><U133/><E78/><V98/><F19/><W94/><G94/><T51/><D2/><U13/><E133/><V55/><F55/><W44/><G44/><T66/><D93/><U71/><REACH who="1" step="1"/><E15/><REACH who="1" ten="243,255,246,246" step="2"/><V14/><F24/><W68/><G28/><T56/><D79/><U111/><E111/><V75/><F75/><W32/><G73/><T128/><D128/><U130/><E130/><V89/><F89/><W131/><G131/><T120/><D91/><U12/><E12/><V25/><F25/><W61/><G129/><T65/><D90/><U6/><E6/><V30/><F30/><W11/><G108/><T18/><D120/><U54/><E54/><V83/><REACH who="2" step="1"/><F42/><AGARI ba="0,1" hai="9,13,16,36,37,41,42,45,47,62,67,71,112,114" machi="42" ten="40,12000,1" yaku="1,1,9,1,54,1,53,1" doraHai="99" doraHaiUra="58" who="1" fromWho="2" sc="243,0,255,130,246,-120,246,0" /><INIT seed="1,1,0,1,0,12" ten="243,385,126,246" oya="1" hai0="102,37,3,14,58,52,54,73,112,83,131,121,118" hai1="15,43,20,91,7,13,84,50,2,80,39,4,108" hai2="133,8,35,53,57,69,24,78,79,36,22,100,59" hai3="18,120,74,129,85,126,123,77,61,29,71,38,98"/><U99/><E39/><V11/><F133/><W132/><G85/><T92/><D83/><U96/><E2/><V9/><F69/><W93/><G29/><T67/><D112/><U95/><E108/><V68/><F68/><W27/><G38/><T62/><D3/><U103/><E96/><V60/><F36/><W1/><G1/><T122/><D118/><U32/><E32/><V30/><F100/><W97/><G126/><T94/><D73/><U127/><E127/><V105/><F105/><W88/><G129/><T40/><D14/><U45/><REACH who="1" step="1"/><E15/><REACH who="1" ten="243,375,126,246" step="2"/><V47/><F35/><W125/><G98/><T116/><D131/><U23/><E23/><V104/><F104/><W33/><G33/><T31/><D37/><U106/><E106/><V48/><REACH who="2" step="1"/><F59/><REACH who="2" ten="243,375,116,246" step="2"/><W128/><G125/><T115/><D58/><U42/><E42/><AGARI ba="1,2" hai="8,9,11,22,24,30,42,47,48,53,57,60,78,79" machi="42" ten="40,8000,1" yaku="1,1,2,1,8,1,53,1" doraHai="12" doraHaiUra="16" who="2" fromWho="1" sc="243,0,375,-83,116,103,246,0" /><INIT seed="2,0,0,4,0,72" ten="243,292,219,246" oya="2" hai0="47,9,76,52,133,27,28,0,8,61,70,41,39" hai1="80,126,88,97,6,119,112,19,13,130,108,110,90" hai2="44,46,36,32,25,106,128,94,22,4,65,33,34" hai3="17,123,115,12,116,124,93,79,127,100,38,14,42"/><V54/><F106/><W43/><G116/><T66/><D133/><U60/><E119/><V64/><F128/><W134/><G123/><T24/><D0/><U67/><E112/><V101/><F4/><W122/><G122/><T11/><D28/><U23/><E130/><V55/><F101/><W7/><G134/><T125/><D125/><U2/><E126/><N who="3" m="48170" /><G38/><T104/><D104/><U98/><E2/><V117/><F117/><W78/><G7/><T121/><D121/><U48/><E6/><V5/><F5/><W68/><G68/><T1/><D1/><U3/><E3/><V118/><F118/><W132/><G115/><T91/><D76/><N who="3" m="29225" /><G132/><T20/><D20/><U18/><E18/><V129/><F129/><W87/><G12/><T26/><D91/><U69/><E90/><V92/><F36/><W53/><G53/><T75/><D75/><U96/><E48/><V59/><F55/><W95/><G87/><T51/><REACH who="0" step="1"/><D26/><REACH who="0" ten="233,292,219,246" step="2"/><U114/><E114/><V73/><F73/><W40/><G100/><T63/><D63/><U81/><E88/><V49/><F32/><W31/><G31/><T83/><D83/><U89/><E89/><V111/><F33/><W71/><G71/><T56/><AGARI ba="0,1" hai="8,9,11,24,27,39,41,47,51,52,56,61,66,70" machi="56" ten="30,8000,1" yaku="1,1,0,1,24,2,54,1,53,0" doraHai="72" doraHaiUra="103" who="0" fromWho="0" sc="233,90,292,-20,219,-40,246,-20" /><INIT seed="3,0,0,2,3,104" ten="323,272,179,226" oya="3" hai0="0,81,125,62,72,30,84,120,121,102,126,97,117" hai1="2,38,129,53,45,46,55,24,39,36,131,67,20" hai2="127,61,94,73,82,29,3,43,98,123,41,68,48" hai3="135,118,49,75,25,28,15,66,12,16,54,105,51"/><W47/><G118/><T103/><D117/><U50/><E2/><V1/><F127/><N who="0" m="48650" /><D0/><U107/><E107/><V77/><F123/><W119/><G119/><T37/><D72/><U99/><E99/><V88/><F29/><W33/><G135/><T42/><D30/><U8/><E8/><V22/><F22/><W87/><G105/><N who="0" m="63695" /><D103/><U40/><E24/><V91/><F91/><W130/><G130/><N who="1" m="49674" /><E20/><V56/><F68/><W6/><G66/><T93/><D93/><U69/><E53/><V63/><F63/><AGARI ba="0,0" hai="36,38,39,40,45,46,50,55,63,67,69" m="49674" machi="63" ten="30,3900,0" yaku="19,1,34,2" doraHai="104" who="1" fromWho="2" sc="323,0,272,39,179,-39,226,0" owari="323,42.3,311,11.1,140,-36.0,226,-17.4" /></mjloggm>