<mjloggm ver="2.3"><GO type="225" lobby="0"/><UN n0="%E6%80%AA%E3%81%97%E3%81%99%E3%81%8E%E3%82%8B%E3%83%81%E3%83%BC" n1="%E3%81%AF%E3%82%88%E3%81%8A%E3%81%98%E3%81%95%E3%82%93" n2="%EF%BC%81%E3%81%BC%E3%81%9F%E3%82%82%E3%81%A1%EF%BC%81" n3="%72%61%6B%33" dan="16,17,17,18" rate="2166.96,2193.36,2206.11,2249.72" sx="M,M,M,M"/><TAIKYOKU oya="0"/><INIT seed="0,0,0,2,1,30" ten="250,250,250,250" oya="0" hai0="57,44,87,36,113,135,92,102,103,25,125,59,115" hai1="23,2,43,119,112,82,60,74,66,63,6,8,42" hai2="126,107,76,97,81,0,99,4,32,72,1,83,46" hai3="133,24,128,39,80,100,9,79,77,88,114,78,3"/><T45/><D125/><U108/><E119/><V65/><F126/><W111/><G39/><T117/><D117/><U89/><E108/><V21/><F21/><W75/><G3/><T71/><D71/><U19/><E112/><V29/><F65/><W20/><G114/><T35/><D135/><U132/><E132/><V17/><F17/><W31/><G133/><T104/><D104/><U13/><E63/><V10/><F1/><W7/><G128/><T101/><D87/><U62/><E60/><V48/><F107/><W106/><G111/><T18/><D92/><U14/><E2/><V34/><F83/><W129/><G129/><T50/><D18/><U37/><E37/><V27/><REACH who="2" step="1"/><F34/><REACH who="2" ten="250,250,240,250" step="2"/><W118/><G118/><T51/><D113/><U123/><E123/><V58/><F58/><W26/><G20/><T95/><D115/><U11/><E23/><V54/><AGARI ba="0,1" hai="0,4,10,27,29,32,46,48,54,72,76,81,97,99" machi="54" ten="20,8000,1" yaku="1,1,0,1,7,1,52,1,53,1" doraHai="30" doraHaiUra="47" who="2" fromWho="2" sc="250,-40,250,-20,240,90,250,-20" /><INIT seed="1,0,0,4,1,68" ten="210,230,330,230" oya="1" hai0="117,133,56,39,52,85,6,59,10,84,103,122,8" hai1="100,134,95,48,17,81,101,123,106,78,120,115,16" hai2="2,28,97,104,131,49,113,58,87,108,31,63,20" hai3="37,74,128,38,40,61,135,94,57,32,118,71,60"/><U73/><E115/><V77/><F2/><W98/><G74/><T112/><D117/><U27/><E134/><V29/><F108/><W53/><G135/><T124/><D133/><U65/><E106/><V42/><F131/><W126/><G128/><T54/><D112/><U111/><E111/><V0/><F0/><W96/><G118/><T64/><D124/><U12/><E65/><V116/><F116/><W34/><G126/><T102/><D64/><U11/><E48/><V127/><F127/><W80/><G80/><T83/><D83/><U70/><E70/><V90/><F77/><W50/><G96/><T72/><D72/><U21/><REACH who="1" step="1"/><E95/><REACH who="1" ten="210,220,330,230" step="2"/><V36/><F49/><W89/><G61/><T7/><REACH who="0" step="1"/><D39/><REACH who="0" ten="200,220,330,230" step="2"/><U99/><E99/><V22/><F113/><W13/><G38/><T26/><D26/><U30/><E30/><V14/><F97/><W92/><G37/><T19/><D19/><U88/><E88/><V43/><F36/><W25/><G25/><T51/><D51/><U75/><E75/><V130/><F130/><W129/><G129/><T62/><D62/><U18/><E18/><V35/><F90/><W132/><G132/><T4/><D4/><U33/><E33/><V109/><F35/><W1/><G34/><T15/><D15/><U105/><E105/><V3/><F104/><W45/><G32/><T9/><D9/><U119/><E119/><V46/><F14/><W110/><G13/><T44/><D44/><U125/><E125/><V121/><F3/><W47/><G1/><T24/><D24/><U82/><E82/><V114/><F114/><RYUUKYOKU ba="0,2" sc="200,15,220,15,330,-15,230,-15" hai0="6,7,8,10,52,54,56,59,84,85,102,103,122" hai1="11,12,16,17,21,27,73,78,81,100,101,120,123" /><INIT seed="1,1,2,0,0,24" ten="215,235,315,215" oya="1" hai0="46,55,15,0,76,113,121,119,44,120,131,69,79" hai1="117,112,88,59,35,105,132,70,106,84,30,28,89" hai2="126,91,96,80,10,25,87,108,122,85,86,47,31" hai3="124,14,127,7,98,5,134,34,107,22,18,83,51"/><U99/><E117/><V53/><F122/><N who="0" m="47210" /><D119/><U23/><E112/><V129/><F108/><W43/><G134/><T33/><D0/><U2/><E70/><V29/><F129/><W130/><G130/><T20/><D131/><U72/><E72/><V17/><F126/><N who="3" m="48171" /><G34/><T11/><D33/><U62/><E2/><V16/><F25/><W135/><G83/><T36/><D69/><U13/><E35/><V101/><F86/><W42/><G135/><T133/><D20/><U26/><E132/><V90/><F53/><W37/><G37/><T109/><D109/><U115/><E115/><V57/><F57/><W38/><G38/><T114/><D55/><N who="1" m="34175" /><E106/><V58/><F58/><W8/><G51/><T19/><D133/><U27/><E105/><V12/><F47/><N who="0" m="17962" /><D36/><U110/><E110/><V103/><F103/><N who="3" m="62967" /><G5/><T67/><D67/><U75/><E75/><V45/><F45/><W118/><G118/><T21/><D11/><U102/><E102/><V52/><F52/><W116/><G116/><T95/><D95/><N who="1" m="56807" /><E28/><V92/><F17/><W104/><G104/><AGARI ba="1,2" hai="10,12,16,29,31,80,85,87,90,91,92,96,101,104" machi="104" ten="30,7700,0" yaku="7,1,52,2,54,1" doraHai="24" who="2" fromWho="3" sc="215,0,235,0,315,100,215,-80" /><INIT seed="2,0,0,4,5,72" ten="215,235,415,135" oya="2" hai0="113,26,58,118,43,99,48,81,123,79,88,44,74" hai1="39,30,71,112,115,21,2,116,36,18,4,101,73" hai2="95,114,49,110,94,78,28,20,24,108,100,127,117" hai3="7,32,135,31,92,85,134,105,51,22,126,104,84"/><V98/><F114/><W63/><G32/><T3/><D113/><U25/><E73/><V103/><F117/><W33/><G33/><T70/><D70/><U0/><E71/><V35/><F127/><W133/><G7/><T40/><D123/><U75/><E75/><V68/><F68/><W128/><G63/><T60/><D3/><U65/><E65/><V11/><F11/><W6/><G6/><T107/><D118/><U124/><E116/><V47/><F35/><W77/><G51/><T13/><D26/><U23/><E101/><V5/><F5/><W8/><G8/><T34/><D34/><U57/><E57/><V86/><F78/><W121/><G121/><T76/><D13/><U16/><E4/><V9/><F9/><W46/><G46/><T17/><D17/><U89/><E89/><V120/><F120/><W67/><G67/><T45/><D79/><U27/><E124/><V53/><F86/><W93/><G126/><T96/><D88/><U102/><E102/><V19/><F28/><AGARI ba="0,0" hai="0,2,16,18,21,23,25,27,28,30,36,39,112,115" machi="28" ten="25,3200,0" yaku="22,2,54,1" doraHai="72" who="1" fromWho="2" sc="215,0,235,32,415,-32,135,0" /><INIT seed="3,0,0,4,1,100" ten="215,267,383,135" oya="3" hai0="1,44,29,25,22,68,39,118,97,72,93,124,18" hai1="19,95,51,106,112,74,126,16,110,128,32,26,0" hai2="52,23,49,56,9,82,47,123,30,43,127,14,15" hai3="62,77,27,59,78,45,132,20,64,36,46,122,87"/><W42/><G132/><T105/><D118/><U33/><E112/><V85/><F123/><W101/><G122/><T54/><D124/><U24/><E74/><V113/><F113/><W38/><G87/><T63/><D1/><U50/><E0/><V21/><F127/><W75/><G75/><T4/><D4/><U35/><E126/><V134/><F134/><W116/><G116/><T121/><D105/><U88/><E106/><V99/><F99/><W81/><G81/><T34/><D72/><U79/><E79/><N who="2" m="46303" /><F30/><W5/><G5/><T86/><D86/><U102/><E102/><V108/><F108/><W6/><G6/><T94/><D39/><U89/><E95/><V12/><F9/><W120/><G120/><T91/><D68/><U109/><E33/><V96/><F96/><W107/><G45/><T125/><D94/><U92/><E92/><V11/><F11/><W73/><G38/><T7/><D7/><U114/><E114/><V2/><F2/><W55/><G73/><T135/><D135/><U28/><E28/><V67/><F67/><W83/><G83/><T103/><D125/><U57/><E57/><V8/><F8/><W69/><G101/><T130/><D130/><AGARI ba="0,0" hai="16,19,24,26,32,35,50,51,88,89,109,110,128,130" machi="130" ten="25,6400,0" yaku="22,2,54,2" doraHai="100" who="1" fromWho="0" sc="215,-64,267,64,383,0,135,0" owari="151,-24.9,331,13.1,383,48.3,135,-36.5" /></mjloggm>