<mjloggm ver="2.3"><GO type="225" lobby="0"/><UN n0="%E3%82%BC%E3%83%AB%E3%83%80%E3%81%AE%E4%BC%9D%E8%AA%AC" n1="%70%68%65%6E%6F%6D%65" n2="%E5%84%AA%40%41%42%43" n3="%E9%89%A2%E5%B7%BB%E3%82%AC%E3%83%96" dan="16,16,18,16" rate="2141.33,2129.92,2272.80,2053.79" sx="M,M,M,M"/><TAIKYOKU oya="0"/><INIT seed="0,0,0,5,5,87" ten="250,250,250,250" oya="0" hai0="50,24,71,58,127,32,75,110,36,65,70,28,74" hai1="19,99,97,10,111,130,120,55,119,43,69,122,129" hai2="18,73,11,17,56,134,121,42,49,51,98,114,107" hai3="79,7,124,89,23,3,2,100,6,77,103,52,64"/><T22/><D36/><U91/><E119/><V80/><F114/><W38/><G38/><T33/><D127/><U12/><E69/><V133/><F121/><W96/><G64/><T84/><D110/><U117/><E117/><V26/><F42/><W95/><G2/><T78/><D84/><U66/><E66/><V62/><F49/><W40/><G40/><T128/><D128/><N who="1" m="49259" /><E111/><V54/><F51/><W31/><G3/><T27/><D50/><U104/><E43/><V57/><F56/><W105/><G124/><T118/><D118/><U60/><E104/><V102/><F26/><N who="3" m="16863" /><G105/><T48/><D48/><U93/><E99/><V20/><F11/><W8/><G52/><T14/><D58/><AGARI ba="0,0" hai="10,12,19,55,58,60,91,93,97,120,122" m="49259" machi="58" ten="30,2000,0" yaku="19,1,52,1" doraHai="87" who="1" fromWho="0" sc="250,-20,250,20,250,0,250,0" /><INIT seed="1,0,0,1,3,34" ten="230,270,250,250" oya="1" hai0="80,118,37,70,61,95,106,74,20,53,67,46,114" hai1="131,39,135,0,134,122,25,43,29,10,5,59,82" hai2="69,124,36,83,88,64,22,94,93,104,44,45,17" hai3="35,84,130,9,71,79,99,96,60,57,21,92,51"/><U56/><E122/><V68/><F104/><W38/><G35/><T78/><D114/><U54/><E131/><V19/><F124/><W97/><G38/><T32/><D118/><U85/><E43/><V129/><F129/><W115/><G115/><T28/><D20/><N who="1" m="15527" /><E39/><V108/><F108/><W1/><G21/><T91/><D106/><U105/><E54/><V55/><F83/><W101/><G51/><T52/><D28/><U133/><E105/><V8/><F94/><W103/><G71/><T11/><D32/><U49/><E49/><V119/><F119/><W116/><G116/><T58/><D11/><U31/><E31/><V112/><F112/><W98/><G130/><T41/><REACH who="0" step="1"/><D70/><REACH who="0" ten="220,270,250,250" step="2"/><U75/><E75/><V76/><F8/><W24/><G9/><T128/><D128/><U18/><E18/><V62/><F69/><W13/><G101/><T77/><D77/><AGARI ba="0,1" hai="0,5,10,56,59,77,82,85,133,134,135" m="15527" machi="77" ten="30,2900,0" yaku="20,1,52,1" doraHai="34" who="1" fromWho="0" sc="220,-29,270,39,250,0,250,0" /><INIT seed="1,1,0,5,2,130" ten="191,309,250,250" oya="1" hai0="125,93,4,22,85,12,11,8,107,132,29,44,135" hai1="18,131,56,114,109,9,28,120,117,19,32,91,108" hai2="96,58,61,54,76,112,2,57,59,52,38,35,26" hai3="64,60,30,99,105,87,88,1,66,71,124,100,134"/><U97/><E114/><V121/><F121/><W16/><G1/><T67/><D107/><U34/><E120/><V89/><F112/><W111/><G111/><N who="1" m="42570" /><E117/><V36/><F2/><W118/><G118/><T122/><D122/><U49/><E131/><V45/><F76/><W23/><G124/><T6/><D125/><U42/><E28/><V70/><F70/><W13/><G66/><T106/><D106/><U133/><E9/><N who="0" m="3657" /><D67/><U62/><E49/><V80/><F45/><W79/><G30/><T72/><D72/><U92/><E42/><V14/><F59/><W43/><G43/><T31/><D44/><U21/><E133/><N who="0" m="51273" /><D31/><U50/><E50/><V73/><F38/><W47/><G47/><T123/><D123/><U95/><E62/><V74/><F36/><W126/><G126/><T84/><D93/><U128/><E56/><V83/><F58/><W115/><G115/><T101/><D101/><U53/><E128/><V127/><F57/><W102/><G102/><T24/><D12/><N who="1" m="9415" /><E92/><V7/><F74/><W129/><G129/><T81/><D84/><U103/><E53/><V15/><F54/><W94/><G134/><T3/><D3/><U77/><E103/><V75/><F52/><W0/><G0/><T17/><D29/><U116/><E116/><V27/><F75/><W39/><G39/><T90/><AGARI ba="1,0" hai="4,6,17,22,24,81,85,90" m="51273,3657" machi="90" ten="30,7900,0" yaku="20,1,52,3" doraHai="130" who="0" fromWho="0" sc="191,82,309,-40,250,-21,250,-21" /><INIT seed="2,0,0,1,5,40" ten="273,269,229,229" oya="2" hai0="116,9,98,118,58,28,27,36,24,90,128,66,87" hai1="29,41,1,35,47,51,132,49,69,21,95,52,31" hai2="114,34,16,2,7,99,79,77,57,126,48,39,11" hai3="6,104,37,80,123,20,83,44,89,15,84,43,100"/><V82/><F114/><W120/><G104/><T8/><D36/><U101/><E69/><V30/><F39/><W111/><G100/><T103/><D128/><U92/><E132/><V71/><F71/><W81/><G111/><T133/><D133/><U76/><E35/><V113/><F113/><W96/><G96/><T135/><D135/><U56/><E1/><V54/><F126/><W130/><G130/><T94/><D118/><U62/><E76/><V4/><F4/><W50/><G37/><T65/><D116/><U86/><E21/><V25/><F99/><W22/><G123/><T64/><D58/><U74/><E74/><V107/><F107/><W17/><G120/><T61/><D61/><U67/><E101/><V105/><F105/><W122/><G122/><T108/><D108/><U125/><E125/><V23/><REACH who="2" step="1"/><F82/><REACH who="2" ten="273,269,219,229" step="2"/><N who="3" m="49303" /><G6/><T127/><D127/><U32/><E92/><V63/><F63/><W78/><G78/><T13/><D98/><U124/><E124/><V134/><F134/><W53/><G43/><T60/><D60/><U19/><E62/><V106/><F106/><W93/><G93/><T131/><D131/><U55/><E67/><V70/><F70/><W110/><G110/><T26/><D103/><U91/><E32/><V42/><F42/><W59/><G83/><T33/><D33/><U115/><E115/><V68/><F68/><W0/><G81/><T10/><D28/><N who="1" m="10827" /><E41/><V18/><F18/><AGARI ba="0,1" hai="8,9,10,13,18,24,26,27,64,65,66,87,90,94" machi="18" ten="40,1300,0" yaku="8,1" doraHai="40" who="0" fromWho="2" sc="273,23,269,0,219,-13,229,0" /><AGARI ba="0,0" hai="18,19,47,49,51,52,55,56,86,91,95" m="10827" machi="18" ten="30,3900,0" yaku="8,1,52,1,54,1" doraHai="40" who="1" fromWho="2" sc="296,0,269,39,206,-39,229,0" /><INIT seed="3,0,0,4,5,55" ten="296,308,167,229" oya="3" hai0="79,46,11,128,65,119,66,129,15,98,72,5,9" hai1="12,113,20,134,51,64,92,30,4,73,60,8,99" hai2="110,118,133,27,83,69,94,17,10,52,48,90,126" hai3="101,43,88,36,95,86,37,114,117,57,58,31,42"/><W18/><G114/><T24/><D119/><U82/><E113/><V93/><F69/><W29/><G117/><T135/><D135/><U130/><E134/><V38/><F38/><W103/><G36/><T45/><D24/><N who="1" m="16647" /><E73/><V19/><F118/><W53/><G37/><T78/><D98/><U70/><E70/><V22/><F133/><W108/><G108/><T1/><D15/><U49/><E130/><V67/><F67/><W6/><G6/><T25/><D25/><U0/><E0/><V26/><F110/><W61/><G18/><T54/><D54/><U105/><E105/><V111/><F111/><W63/><G29/><T7/><D72/><U44/><E82/><V14/><F26/><W96/><G31/><T68/><D68/><U107/><E107/><V91/><F126/><W97/><G96/><T100/><D100/><N who="3" m="38473" /><G97/><T87/><D87/><U77/><E77/><V40/><F40/><W85/><G85/><T50/><D50/><U16/><E4/><V132/><F132/><W122/><G122/><T47/><D47/><U41/><E51/><V121/><F121/><W35/><G35/><T33/><D33/><U32/><E32/><V80/><F91/><W23/><G23/><T115/><D115/><U28/><E28/><V89/><F90/><W59/><G53/><T123/><D123/><U84/><E84/><N who="2" m="50311" /><F83/><W120/><G120/><T76/><D76/><U124/><E124/><V56/><AGARI ba="0,0" hai="10,14,17,19,22,27,48,52,56,93,94" m="50311" machi="56" ten="30,4000,0" yaku="8,1,52,1,54,1" doraHai="55" who="2" fromWho="2" sc="296,-10,308,-10,167,40,229,-20" /><INIT seed="4,0,0,2,4,91" ten="286,298,207,209" oya="0" hai0="41,107,112,35,27,28,71,117,37,17,89,119,11" hai1="69,120,96,64,75,81,85,46,8,86,102,43,123" hai2="59,132,94,44,121,126,5,80,38,90,9,26,62" hai3="34,54,110,53,22,100,40,115,16,133,25,122,57"/><T128/><D71/><U58/><E58/><V118/><F121/><W4/><G110/><T97/><D89/><U73/><E85/><V108/><F108/><W103/><G115/><T12/><D112/><U36/><E8/><V19/><F132/><W84/><G133/><T78/><D78/><N who="1" m="44239" /><E75/><V134/><F134/><W114/><G114/><T61/><D128/><U92/><E92/><V88/><F126/><W56/><G40/><T74/><D74/><U10/><E86/><N who="2" m="50247" /><F38/><W124/><G124/><T101/><REACH who="0" step="1"/><D61/><REACH who="0" ten="276,298,207,209" step="2"/><U83/><E120/><V49/><F118/><W39/><G122/><T45/><AGARI ba="0,1" hai="11,12,17,27,28,35,37,41,45,97,101,107,117,119" machi="45" ten="30,6000,0" yaku="1,1,2,1,0,1,53,0" doraHai="91" doraHaiUra="63" who="0" fromWho="0" sc="276,70,298,-20,207,-20,209,-20" owari="346,44.6,278,7.8,187,-31.3,189,-21.1" /></mjloggm>