<mjloggm ver="2.3"><GO type="225" lobby="0"/><UN n0="%6D%75%75%6D%75%72%61" n1="%E5%86%B7%E5%87%8D%E3%82%AE%E3%83%A7%E3%83%BC%E3%82%B6" n2="%E3%81%86%E3%81%A9%E3%82%93%E3%81%93" n3="%4C%4F%4C%49%54%41" dan="17,16,16,16" rate="2255.13,2122.72,2140.68,2196.87" sx="F,M,M,F"/><TAIKYOKU oya="0"/><INIT seed="0,0,0,3,5,7" ten="250,250,250,250" oya="0" hai0="121,42,114,80,27,54,39,18,44,81,89,90,67" hai1="106,83,12,61,20,10,48,110,49,105,98,76,131" hai2="115,75,117,112,55,56,34,122,100,32,92,66,96" hai3="62,99,36,21,47,120,19,22,135,72,86,9,111"/><T94/><D114/><U109/><E131/><V31/><F122/><W95/><G72/><T53/><D121/><U73/><E20/><V123/><F123/><W11/><G120/><T101/><D101/><N who="1" m="62647" /><E61/><V116/><F66/><W134/><G111/><N who="1" m="42506" /><E106/><V93/><F93/><W87/><G62/><T82/><D67/><U126/><E126/><V2/><F2/><W63/><G63/><T59/><D59/><U52/><E52/><V84/><F84/><N who="3" m="32299" /><G47/><T45/><D45/><U102/><E102/><V57/><F75/><W71/><G36/><T79/><D54/><U107/><E107/><V77/><F55/><W74/><G74/><T0/><D53/><U133/><E133/><N who="3" m="50698" /><G71/><T24/><D39/><U64/><E64/><V119/><F77/><W108/><G108/><T65/><D79/><U128/><E128/><V129/><F129/><W60/><G60/><T46/><D65/><U30/><E30/><V17/><F31/><W91/><G21/><T50/><D44/><U23/><E23/><V1/><F112/><W58/><G58/><N who="2" m="22633" /><F115/><W16/><G22/><T124/><D124/><U5/><AGARI ba="0,0" hai="5,10,12,48,49,73,76,83" m="42506,62647" machi="5" ten="30,2000,0" yaku="14,1,52,1" doraHai="7" who="1" fromWho="1" sc="250,-10,250,20,250,-5,250,-5" /><INIT seed="1,0,0,4,2,121" ten="240,270,245,245" oya="1" hai0="8,103,14,67,109,76,42,110,57,52,27,120,45" hai1="95,58,92,10,17,30,9,86,44,62,115,98,6" hai2="39,77,5,18,130,97,51,71,133,124,66,48,125" hai3="106,26,49,84,104,91,113,21,38,96,36,53,59"/><U4/><E115/><V90/><F39/><W13/><G113/><T134/><D120/><U102/><E30/><V111/><F130/><W34/><G34/><T7/><D134/><U46/><E17/><V41/><F133/><W61/><G13/><T3/><D67/><U20/><E20/><V63/><F111/><N who="0" m="42506" /><D27/><U68/><E68/><V93/><F5/><N who="1" m="2153" /><E92/><V127/><F41/><W112/><G112/><T78/><D3/><U15/><E86/><V24/><F77/><W1/><G1/><T123/><D123/><U82/><E82/><V80/><F80/><W70/><G70/><T73/><D73/><U12/><E12/><V83/><F83/><W69/><G106/><T55/><D103/><U131/><E131/><V40/><F40/><W100/><G69/><T64/><D64/><N who="1" m="38999" /><E9/><V126/><F124/><W116/><G116/><T128/><D128/><U75/><E75/><V88/><BYE who="1" /><F90/><W50/><G100/><T31/><D31/><U43/><E43/><V129/><F129/><W54/><G104/><T29/><D29/><U117/><E117/><V35/><F35/><W107/><G107/><T101/><D101/><U81/><E81/><V114/><F114/><W25/><G25/><T56/><D56/><U122/><E122/><V135/><F135/><W2/><G2/><T105/><D105/><U87/><E87/><V79/><F79/><N who="0" m="30250" /><D57/><U72/><E72/><V119/><F119/><W85/><G59/><T22/><D22/><AGARI ba="0,0" hai="18,22,24,48,51,63,66,71,88,93,97,125,126,127" machi="22" ten="40,2600,0" yaku="18,1,54,1" doraHai="121" who="2" fromWho="0" sc="240,-26,270,0,245,26,245,0" /><INIT seed="2,0,0,3,5,31" ten="214,270,271,245" oya="2" hai0="68,11,74,80,36,116,96,93,106,134,2,112,125" hai1="48,86,21,14,77,119,19,101,29,92,126,128,82" hai2="75,121,72,105,131,65,52,58,73,41,27,115,129" hai3="53,47,127,81,135,114,97,7,25,113,63,1,84"/><V117/><F115/><W102/><G135/><T124/><RYUUKYOKU type="yao9" ba="0,0" sc="214,0,270,0,271,0,245,0" hai0="2,11,36,68,74,80,93,96,106,112,116,124,125,134" /><INIT seed="2,1,0,5,4,110" ten="214,270,271,245" oya="2" hai0="125,22,72,78,63,59,79,11,58,39,126,57,46" hai1="84,48,122,86,113,44,93,37,70,60,7,65,26" hai2="21,54,20,105,50,43,99,0,1,123,112,134,106" hai3="97,32,4,29,128,107,35,73,52,71,64,31,67"/><V108/><F112/><W12/><G73/><T119/><D119/><U89/><E89/><V74/><F123/><W130/><G107/><T10/><D63/><U23/><E23/><V90/><F108/><W30/><G97/><T24/><D39/><U87/><E87/><V75/><F43/><W135/><G135/><T129/><D46/><U69/><E69/><V104/><F134/><W42/><G42/><T85/><D72/><U56/><E56/><V49/><F104/><W95/><G95/><T16/><D129/><N who="3" m="49769" /><G12/><T103/><D103/><U13/><E13/><V124/><F99/><W40/><G4/><T88/><D125/><U114/><E114/><V81/><F90/><W6/><G6/><T3/><D126/><U82/><E82/><V47/><F124/><W27/><G40/><T41/><D41/><U111/><E111/><V101/><F81/><W15/><G15/><T19/><D3/><U117/><E117/><V34/><F101/><W17/><G71/><T100/><D100/><U96/><E96/><V36/><F34/><N who="3" m="12843" /><G52/><T98/><D98/><U62/><E62/><V118/><F54/><W55/><G55/><T28/><D10/><U66/><E66/><N who="3" m="25130" /><G17/><N who="0" m="6731" /><D11/><U121/><E121/><V76/><F118/><W80/><G80/><AGARI ba="1,0" hai="22,24,28,57,58,59,78,79,80,85,88" m="6731" machi="80" ten="30,3900,0" yaku="8,1,54,2" doraHai="110" who="0" fromWho="3" sc="214,42,270,0,271,0,245,-42" /><INIT seed="3,0,0,0,4,100" ten="256,270,271,203" oya="3" hai0="55,61,63,14,37,107,28,72,9,3,7,124,52" hai1="47,56,87,73,98,67,10,110,88,134,68,23,99" hai2="79,19,70,111,106,119,44,71,91,130,82,8,29" hai3="115,132,59,103,38,42,43,35,104,13,16,39,54"/><W118/><G115/><T5/><D37/><U69/><E69/><V49/><F106/><W101/><G118/><T6/><D72/><U0/><E0/><V93/><F119/><W57/><G35/><T117/><D117/><U45/><E45/><V95/><F111/><W1/><G1/><T31/><D124/><U12/><E12/><V125/><F125/><W129/><G129/><T122/><D122/><U53/><E53/><N who="0" m="20553" /><D107/><U24/><E24/><V83/><F29/><N who="0" m="11338" /><D3/><U27/><E27/><V76/><F71/><W4/><G4/><AGARI ba="0,0" hai="4,5,6,7,9,14,61,63" m="11338,20553" machi="4" ten="30,2000,0" yaku="8,1,54,1" doraHai="100" who="0" fromWho="3" sc="256,20,270,0,271,0,203,-20" /><INIT seed="4,0,0,1,5,77" ten="276,270,271,183" oya="0" hai0="123,72,134,115,128,131,37,118,16,14,59,82,94" hai1="39,63,92,41,15,114,48,97,7,89,102,95,129" hai2="24,127,119,25,45,116,91,70,81,26,78,80,111" hai3="51,49,31,22,110,112,106,74,88,76,121,103,8"/><T62/><D118/><N who="2" m="45098" /><F111/><W99/><G110/><T107/><D123/><U135/><E135/><V133/><F133/><W109/><G109/><T126/><D134/><U93/><E93/><V17/><F127/><W68/><G68/><T73/><D107/><U11/><E11/><V28/><F70/><W61/><G112/><T42/><D115/><U108/><E108/><V58/><F58/><W79/><G121/><T66/><D126/><U65/><E65/><V104/><F104/><W53/><G8/><N who="0" m="6215" /><D94/><U83/><E83/><N who="2" m="31819" /><F78/><W10/><G74/><T32/><D32/><U52/><E52/><V34/><F91/><W54/><G10/><T96/><D96/><U12/><E12/><V132/><F132/><W21/><G61/><T35/><D35/><U40/><E40/><V87/><F87/><W23/><G31/><T18/><D82/><U2/><E2/><V117/><F117/><W101/><G106/><T33/><D33/><U9/><E9/><V90/><F90/><W67/><G22/><T29/><D73/><U27/><E27/><N who="2" m="18719" /><F45/><W124/><G124/><T47/><D72/><U57/><E57/><V20/><AGARI ba="0,0" hai="17,20,24,25,26" m="18719,31819,45098" machi="20" ten="30,7900,0" yaku="12,1,52,3" doraHai="77" who="2" fromWho="2" sc="276,-39,270,-20,271,79,183,-20" owari="237,-16.3,250,5.0,350,45.0,163,-33.7" /></mjloggm>