<mjloggm ver="2.3"><GO type="225" lobby="0"/><UN n0="%E6%A1%9C%E8%8A%B1%E9%96%83%E3%80%85" n1="%E5%AF%82%E5%AF%9E%E3%82%AE%E3%83%8D%E3%82%B9%E3%83%93%E3%83%BC%E3%83%AB" n2="%E3%81%A6%E3%81%A4%EF%BC%A3" n3="%E3%83%AD%E3%83%83%E3%83%86%E9%9B%80%E7%90%83" dan="18,16,16,17" rate="2279.65,2155.54,2088.08,2261.77" sx="M,M,M,M"/><TAIKYOKU oya="0"/><INIT seed="0,0,0,5,2,127" ten="250,250,250,250" oya="0" hai0="87,22,84,100,82,75,36,132,0,44,97,106,90" hai1="133,114,102,14,134,48,81,29,109,70,72,105,32" hai2="89,117,73,1,130,95,4,94,35,69,15,110,30" hai3="96,54,21,91,125,17,128,108,42,9,131,12,39"/><T98/><D0/><U88/><E109/><V115/><F110/><W77/><G108/><T121/><D22/><U11/><E114/><V76/><F115/><W122/><G125/><T92/><D44/><U74/><E70/><V80/><F69/><W51/><G122/><T55/><D55/><U67/><E67/><V111/><F111/><W78/><G39/><T47/><D121/><U107/><E48/><V61/><F117/><W85/><G42/><T28/><D28/><U65/><E65/><V59/><F1/><W7/><G96/><N who="0" m="61703" /><D47/><U45/><E45/><V18/><F4/><W83/><G51/><T23/><D23/><U10/><E29/><V27/><F89/><W31/><G54/><T66/><D66/><U33/><E88/><V99/><F99/><N who="0" m="37898" /><D36/><U3/><E3/><V119/><F119/><W71/><G31/><T52/><D52/><U41/><E14/><V60/><F59/><W112/><G112/><T116/><D132/><U16/><E41/><V5/><F5/><W2/><REACH who="3" step="1"/><G71/><REACH who="3" ten="250,250,250,240" step="2"/><T46/><D116/><U118/><E118/><V79/><F30/><W126/><G126/><T124/><D124/><U93/><E105/><V135/><F135/><W68/><G68/><T104/><D104/><U86/><E107/><V37/><F37/><W20/><G20/><T63/><D46/><U6/><E134/><V58/><F35/><W13/><G13/><T129/><D63/><U43/><E133/><V26/><F61/><W103/><G103/><T49/><D49/><U101/><E101/><V62/><F60/><W25/><G25/><T40/><D40/><RYUUKYOKU ba="0,1" sc="250,-10,250,-10,250,-10,240,30" hai3="2,7,9,12,17,21,77,78,83,85,91,128,131" /><INIT seed="1,1,1,4,0,60" ten="240,240,240,270" oya="1" hai0="90,8,26,121,124,41,87,105,120,65,48,61,66" hai1="63,7,35,1,86,11,125,103,98,95,19,62,27" hai2="89,82,133,88,107,117,113,39,114,20,127,10,77" hai3="5,68,59,52,28,55,116,118,54,56,134,4,100"/><U36/><E125/><V97/><F39/><W75/><G68/><T29/><D105/><U81/><E36/><V22/><F127/><W42/><G75/><T37/><D37/><U12/><E35/><V40/><F40/><W49/><G134/><T70/><D124/><U128/><E128/><V76/><F133/><W69/><G69/><T83/><D8/><U51/><E51/><V84/><F10/><W6/><G100/><T94/><D94/><U23/><REACH who="1" step="1"/><E1/><REACH who="1" ten="240,230,240,270" step="2"/><V96/><F117/><W78/><G118/><T25/><D48/><U13/><E13/><V14/><F14/><W33/><G116/><T131/><D131/><U50/><E50/><V43/><F114/><W104/><G33/><T79/><D26/><U58/><E58/><V24/><F113/><W106/><G59/><T93/><D41/><U115/><E115/><V45/><F43/><W64/><G56/><T17/><D70/><U34/><E34/><V108/><F45/><W92/><G49/><T111/><D121/><U53/><E53/><V109/><F109/><W112/><G54/><T38/><D111/><U122/><E122/><V0/><F108/><W9/><G55/><T30/><D38/><U135/><E135/><V74/><F24/><W21/><G52/><T85/><D120/><U67/><E67/><N who="0" m="25609" /><D61/><U99/><E99/><V110/><F110/><W44/><G42/><T47/><D47/><U101/><E101/><N who="2" m="62887" /><F0/><N who="3" m="135" /><G44/><T80/><D80/><U15/><E15/><V57/><F57/><W18/><G112/><T126/><D126/><U91/><AGARI ba="1,2" hai="7,11,12,19,23,27,62,63,81,86,91,95,98,103" machi="91" ten="20,7800,0" yaku="1,1,0,1,7,1,8,1,53,0" doraHai="60" doraHaiUra="71" who="1" fromWho="1" sc="240,-27,230,101,240,-27,270,-27" /><INIT seed="1,2,0,0,2,99" ten="213,331,213,243" oya="1" hai0="70,59,32,21,75,49,45,19,58,26,98,60,39" hai1="94,123,1,76,48,7,12,46,52,13,102,74,85" hai2="78,38,97,110,117,66,36,87,5,118,4,28,53" hai3="61,111,10,69,120,33,107,34,119,62,79,131,104"/><U91/><E123/><V0/><F110/><W37/><G120/><T56/><D75/><U30/><E30/><V3/><F97/><W130/><G10/><T125/><D125/><U64/><E64/><V133/><F66/><W86/><G37/><T42/><D32/><N who="3" m="12393" /><G111/><T108/><D108/><U54/><E1/><V122/><F28/><W22/><G22/><T95/><D70/><U129/><E129/><N who="3" m="49162" /><G69/><T55/><REACH who="0" step="1"/><D39/><REACH who="0" ten="203,331,213,243" step="2"/><U47/><E74/><V11/><F36/><W105/><G119/><T101/><AGARI ba="2,1" hai="19,21,26,42,45,49,55,56,58,59,60,95,98,101" machi="101" ten="20,12000,2" yaku="1,1,2,1,0,1,7,1,8,1,52,1,53,1" doraHai="99" doraHaiUra="14" who="0" fromWho="0" sc="203,136,331,-62,213,-32,243,-32" /><INIT seed="2,0,0,1,1,73" ten="339,269,181,211" oya="2" hai0="60,124,128,94,23,27,95,0,110,75,15,7,127" hai1="26,38,51,106,122,8,105,111,79,55,119,58,40" hai2="83,61,2,48,90,120,121,31,20,9,108,34,68" hai3="118,63,92,97,132,113,102,46,5,18,117,82,93"/><V134/><F134/><W28/><G132/><T101/><D0/><U17/><E119/><V37/><F37/><W125/><G125/><N who="0" m="48203" /><D110/><U3/><E111/><V45/><F108/><W104/><G113/><T12/><D128/><U59/><E122/><V53/><F34/><W22/><G28/><N who="0" m="17535" /><D75/><U131/><E131/><V14/><F2/><W81/><G5/><T123/><D123/><U6/><E59/><V109/><F109/><W39/><G63/><T91/><D7/><U135/><E135/><V89/><F121/><W1/><G1/><T76/><D76/><U85/><E17/><V50/><F120/><W84/><G82/><T64/><D101/><U99/><E26/><N who="2" m="16839" /><F68/><W43/><G118/><T10/><D10/><U103/><E38/><V36/><F36/><W133/><G117/><T107/><D107/><U33/><E33/><V52/><F61/><W77/><REACH who="3" step="1"/><G133/><REACH who="3" ten="339,269,181,201" step="2"/><T47/><D60/><U57/><E3/><V100/><F83/><W29/><G29/><T66/><D64/><U42/><E6/><N who="2" m="3383" /><F100/><W67/><G67/><T41/><D66/><U4/><E103/><V98/><F98/><W44/><G44/><AGARI ba="0,1" hai="44,45,48,50,52,53,89,90" m="3383,16839" machi="44" ten="30,2900,0" yaku="8,1,54,1" doraHai="73" who="2" fromWho="3" sc="339,0,269,0,181,39,201,-29" /><INIT seed="2,1,0,1,5,114" ten="339,269,220,172" oya="2" hai0="25,107,69,51,6,9,93,116,1,37,15,18,59" hai1="30,7,113,53,127,28,5,27,0,111,16,132,72" hai2="34,135,20,3,122,40,74,92,86,126,125,43,95" hai3="99,46,44,60,80,41,81,128,19,33,65,112,54"/><V55/><F122/><W12/><G128/><T103/><D107/><U42/><E113/><V49/><F34/><W85/><G112/><T78/><D69/><U64/><E72/><V77/><F74/><W11/><G33/><T23/><D37/><U31/><E64/><V36/><F3/><W94/><G54/><N who="0" m="32223" /><D1/><U67/><E67/><V57/><F135/><W104/><G104/><T90/><D116/><U102/><E42/><N who="2" m="15915" /><F36/><W108/><G108/><T96/><D78/><U79/><E132/><V62/><F62/><W75/><G75/><T32/><D32/><U100/><E111/><V119/><F119/><W61/><G41/><T58/><D58/><U48/><E79/><V63/><F63/><W117/><G117/><T22/><D22/><N who="1" m="13767" /><E127/><N who="2" m="48651" /><F20/><W4/><G61/><T121/><D121/><U70/><E0/><V56/><F56/><W87/><G60/><T68/><D68/><U71/><E71/><V97/><F97/><W91/><G65/><T120/><D120/><U26/><E70/><V134/><F134/><W47/><REACH who="3" step="1"/><G4/><REACH who="3" ten="339,269,220,162" step="2"/><T118/><D118/><U10/><E5/><V76/><F95/><W124/><G124/><T2/><D2/><U52/><E7/><V88/><AGARI ba="1,1" hai="49,55,57,76,77,86,88,92" m="48651,15915" machi="88" ten="30,3000,0" yaku="18,1,54,1" doraHai="114" who="2" fromWho="2" sc="339,-11,269,-11,220,43,162,-11" /><INIT seed="2,2,0,3,1,11" ten="328,258,263,151" oya="2" hai0="62,16,25,83,90,3,32,78,119,55,1,8,59" hai1="4,103,117,29,37,102,60,110,12,101,48,89,129" hai2="20,10,99,88,118,121,35,36,109,134,44,7,84" hai3="81,120,71,85,77,97,131,80,49,58,104,122,18"/><V130/><F121/><W50/><G131/><T5/><D119/><U22/><E37/><V79/><F118/><W75/><G71/><T38/><D38/><U93/><E117/><V108/><F130/><W53/><G104/><T135/><D135/><U114/><E114/><V31/><F134/><W14/><G97/><T111/><D111/><N who="2" m="42570" /><F99/><W69/><G50/><T45/><D90/><U91/><E110/><V126/><F79/><W42/><G42/><T115/><D115/><U112/><E112/><V30/><F35/><W6/><G6/><T47/><D3/><U82/><E129/><V21/><F126/><W61/><G61/><T116/><D116/><U28/><E60/><V52/><F36/><W67/><G67/><T41/><D41/><U0/><E0/><N who="2" m="359" /><F31/><W98/><G98/><T73/><D32/><U39/><E39/><V96/><F96/><W33/><G69/><T74/><D74/><U65/><E29/><V19/><F30/><W132/><G132/><T92/><D78/><U63/><E28/><V70/><F70/><W87/><G33/><T100/><D73/><U17/><E63/><V106/><F106/><W40/><G40/><T51/><D62/><U15/><E65/><V34/><F34/><W66/><G66/><T133/><D133/><U56/><E103/><V127/><F127/><W125/><G125/><T94/><D100/><U76/><E102/><V46/><F52/><W128/><G128/><T9/><D55/><N who="1" m="31847" /><E101/><V57/><F57/><W123/><REACH who="3" step="1"/><G81/><REACH who="3" ten="328,258,263,141" step="2"/><T23/><D83/><U43/><E82/><N who="2" m="49175" /><F19/><W24/><G24/><T2/><D16/><RYUUKYOKU ba="2,1" sc="328,-15,258,-15,263,15,141,15" hai2="20,21,44,46" hai3="14,18,49,53,58,75,77,80,85,87,120,122,123" /><INIT seed="2,3,1,5,2,59" ten="313,243,278,156" oya="2" hai0="111,126,33,123,51,14,94,16,105,6,38,46,17" hai1="70,56,66,95,122,73,23,102,75,78,31,12,1" hai2="101,127,124,85,43,116,50,72,83,40,25,88,128" hai3="84,71,97,113,86,61,19,87,48,110,45,54,35"/><V5/><F116/><W76/><G110/><T130/><D123/><U109/><E1/><V135/><F135/><W47/><G113/><T134/><D105/><U20/><E70/><V120/><F120/><W62/><G35/><T129/><D38/><U93/><E122/><V15/><F128/><N who="0" m="49258" /><D111/><U55/><E109/><V63/><F101/><W0/><G0/><T80/><D126/><N who="2" m="48170" /><F72/><W131/><G131/><T27/><D94/><U99/><E78/><V96/><F96/><W60/><G71/><T39/><D39/><U98/><E66/><V2/><F2/><W92/><G19/><T21/><D80/><U133/><E133/><V8/><F50/><W100/><G45/><T132/><D6/><U7/><E75/><V18/><F63/><W112/><G112/><T82/><D82/><AGARI ba="3,1" hai="47,48,54,60,61,62,76,82,84,86,87,92,97,100" machi="82" ten="40,8000,1" yaku="8,1,52,3" doraHai="59" who="3" fromWho="0" sc="313,-89,243,0,278,0,156,99" /><INIT seed="3,0,0,2,1,126" ten="224,243,278,255" oya="3" hai0="30,63,94,131,29,112,21,60,27,119,109,5,79" hai1="64,15,32,76,39,59,68,65,93,4,95,26,62" hai2="80,66,48,111,57,125,114,99,1,130,128,31,108" hai3="117,35,33,47,51,81,10,104,84,89,2,0,24"/><W72/><G117/><T113/><D119/><U14/><E39/><V110/><F125/><W13/><G104/><T134/><D109/><U40/><E40/><V61/><F114/><N who="0" m="44138" /><D134/><U23/><E32/><V56/><F1/><W53/><G72/><T54/><D5/><U16/><E76/><V82/><F31/><W85/><G35/><T88/><D79/><U115/><E115/><V8/><F8/><W34/><G34/><T98/><D30/><U74/><E74/><V70/><F99/><W83/><G24/><T38/><D38/><U46/><E46/><V9/><F9/><W73/><G73/><T123/><D123/><U78/><E78/><V133/><F133/><W41/><G33/><T58/><D63/><U7/><E68/><V67/><F67/><N who="1" m="25673" /><E7/><V18/><F18/><N who="3" m="8503" /><G41/><T45/><D45/><U124/><E124/><V120/><F120/><W107/><G107/><T12/><D12/><N who="1" m="4651" /><E4/><V90/><F90/><AGARI ba="0,0" hai="0,2,47,51,53,81,83,84,85,89,90" m="8503" machi="90" ten="30,1500,0" yaku="25,1" doraHai="126" who="3" fromWho="2" sc="224,0,243,0,278,-15,255,15" /><INIT seed="3,1,0,5,4,93" ten="224,243,263,270" oya="3" hai0="61,22,98,96,81,79,60,47,48,117,46,132,95" hai1="58,65,17,73,21,106,68,11,64,122,53,24,12" hai2="108,29,128,78,42,91,56,118,130,134,44,90,99" hai3="87,114,25,67,85,10,13,31,7,100,52,113,8"/><W74/><G74/><T0/><D117/><U57/><E122/><V109/><F118/><W50/><G114/><T126/><D0/><U62/><E73/><V102/><F29/><W39/><G39/><T9/><D126/><U82/><E106/><N who="2" m="63839" /><F78/><W38/><G38/><T80/><D132/><U135/><E135/><V72/><F72/><W97/><G67/><T101/><D9/><U92/><E82/><N who="0" m="31849" /><D79/><U71/><E92/><V45/><F56/><W125/><G10/><T20/><D98/><U77/><E77/><V63/><F63/><N who="0" m="24138" /><D47/><N who="2" m="17994" /><F42/><AGARI ba="1,0" hai="20,22,42,46,48,95,96,101" m="24138,31849" machi="42" ten="30,2000,0" yaku="8,1,52,1" doraHai="93" who="0" fromWho="2" sc="224,23,243,0,263,-23,270,0" /><INIT seed="4,0,0,0,4,127" ten="247,243,240,270" oya="0" hai0="108,53,72,75,84,109,63,91,11,7,74,85,6" hai1="41,13,34,89,83,39,105,69,112,101,10,38,52" hai2="126,104,73,132,16,66,1,70,77,111,54,62,15" hai3="60,3,64,20,44,35,30,124,113,48,42,129,27"/><T122/><D122/><U119/><E119/><V93/><F126/><W121/><G129/><T17/><D17/><U40/><E69/><V56/><F111/><N who="0" m="42570" /><D91/><U115/><E34/><V0/><F104/><W95/><G3/><N who="0" m="479" /><D7/><U110/><E110/><V43/><F132/><W32/><G113/><T58/><AGARI ba="0,0" hai="53,58,63,72,74,75,84,85" m="479,42570" machi="58" ten="40,2100,0" yaku="10,1" doraHai="127" who="0" fromWho="0" sc="247,21,243,-7,240,-7,270,-7" /><INIT seed="4,1,0,5,3,126" ten="268,236,233,263" oya="0" hai0="121,95,49,101,100,5,131,108,73,124,66,112,13" hai1="98,51,111,99,68,55,70,102,57,62,133,72,115" hai2="10,120,84,109,36,0,54,116,1,17,129,75,104" hai3="22,125,45,46,31,9,34,50,27,29,28,96,127"/><T123/><D73/><U118/><E118/><V14/><F120/><W97/><G9/><N who="0" m="4271" /><D66/><U107/><E111/><V114/><F109/><W64/><G64/><T30/><D108/><U117/><E117/><V12/><F116/><W43/><G34/><T4/><D4/><U135/><E72/><V69/><F75/><W2/><G2/><T40/><D30/><N who="3" m="11881" /><G46/><N who="0" m="25799" /><D124/><AGARI ba="1,0" hai="22,27,31,43,45,50,96,97,124,125,127" m="11881" machi="124" ten="30,1000,0" yaku="18,1" doraHai="126" who="3" fromWho="0" sc="268,-13,236,0,233,0,263,13" /><INIT seed="5,0,0,2,3,63" ten="255,236,233,276" oya="1" hai0="104,43,90,134,130,4,74,31,109,120,86,124,132" hai1="49,127,64,14,83,84,112,34,88,94,131,19,24" hai2="82,75,15,122,69,20,0,2,95,1,133,48,13" hai3="113,68,73,106,35,81,5,3,36,111,92,116,6"/><U107/><E107/><V128/><F122/><W55/><RYUUKYOKU type="yao9" ba="0,0" sc="255,0,236,0,233,0,276,0" hai3="3,5,6,35,36,55,68,73,81,92,106,111,113,116" /><INIT seed="5,1,0,5,3,95" ten="255,236,233,276" oya="1" hai0="54,104,92,51,10,39,57,8,19,119,34,44,129" hai1="12,107,89,32,82,76,50,116,86,48,59,33,25" hai2="106,36,105,67,27,15,63,114,108,84,40,47,111" hai3="24,117,75,113,71,38,130,85,87,91,23,123,11"/><U131/><E116/><V103/><F15/><W60/><G75/><T14/><D104/><U70/><E70/><N who="2" m="42367" /><F84/><W21/><G113/><T62/><D129/><U122/><E122/><V0/><F114/><W128/><G38/><T125/><D125/><U2/><E2/><V4/><F27/><W132/><G132/><T90/><D34/><U121/><E121/><V102/><F102/><W3/><G117/><T126/><D39/><U58/><E107/><N who="2" m="40971" /><F103/><W88/><G123/><T55/><D126/><U110/><E131/><N who="3" m="50218" /><G60/><T20/><REACH who="0" step="1"/><D119/><REACH who="0" ten="245,236,233,276" step="2"/><U78/><E33/><V118/><F118/><W43/><G71/><T30/><D30/><U53/><E110/><V83/><F83/><N who="3" m="49215" /><G43/><T6/><D6/><U81/><E32/><V73/><F73/><W98/><G24/><T65/><D65/><U100/><E25/><V13/><F13/><W31/><G31/><T17/><D17/><U29/><E29/><V115/><F115/><W42/><G42/><T37/><D37/><U127/><E127/><V120/><F120/><W69/><G69/><T79/><D79/><U52/><E12/><V101/><F111/><W64/><G64/><T41/><D41/><U56/><E81/><V49/><F108/><W135/><G135/><T66/><D66/><U134/><E134/><V77/><F77/><W9/><G3/><T45/><D45/><N who="1" m="27663" /><E78/><V99/><F36/><W72/><G72/><T35/><D35/><U22/><E76/><V28/><F28/><W5/><G5/><T97/><AGARI ba="1,1" hai="8,10,14,19,20,44,51,54,55,57,62,90,92,97" machi="97" ten="20,12000,2" yaku="1,1,0,1,7,1,8,1,52,1,53,1" doraHai="95" doraHaiUra="18" who="0" fromWho="0" sc="245,133,236,-61,233,-31,276,-31" owari="378,47.8,175,-32.5,202,-19.8,245,4.5" /></mjloggm>