<mjloggm ver="2.3"><GO type="225" lobby="0"/><UN n0="%6E%65%6F%E3%82%BD%E3%83%83%E3%82%AF%E3%82%B9%E2%99%AA" n1="%6D%75%75%6D%75%72%61" n2="%73%6C%69%63%6B%33%31%39" n3="%61%6D%65%6B%69" dan="16,17,16,16" rate="2160.57,2106.12,2202.74,2081.81" sx="M,F,M,M"/><TAIKYOKU oya="0"/><INIT seed="0,0,0,5,0,89" ten="250,250,250,250" oya="0" hai0="48,60,118,38,133,40,127,22,53,72,81,115,43" hai1="61,12,82,47,106,20,128,66,78,15,17,123,73" hai2="114,13,7,30,14,67,100,25,86,105,42,5,26" hai3="135,35,19,31,41,98,4,99,84,92,9,125,134"/><T124/><D118/><U117/><E117/><V28/><F67/><W76/><G125/><N who="0" m="48203" /><D115/><U79/><E128/><V50/><F105/><W57/><G41/><N who="0" m="15947" /><D38/><U27/><E47/><V85/><F42/><W111/><G111/><T6/><D133/><U80/><E106/><V90/><F100/><W102/><G135/><T18/><D6/><U64/><E123/><V69/><F69/><W121/><G121/><T95/><D60/><U104/><E104/><V103/><F103/><W83/><G99/><T116/><D116/><U0/><E0/><V8/><F50/><W58/><G134/><T62/><D62/><U75/><REACH who="1" step="1"/><E66/><REACH who="1" ten="250,240,250,250" step="2"/><V1/><F1/><W130/><G130/><T91/><D53/><U45/><E45/><V131/><F131/><W87/><G58/><AGARI ba="0,1" hai="12,15,17,20,27,58,61,64,73,75,78,79,80,82" machi="58" ten="30,7700,0" yaku="1,1,7,1,9,1,53,1" doraHai="89" doraHaiUra="52" who="1" fromWho="3" sc="250,0,240,87,250,0,250,-77" /><INIT seed="1,0,0,4,3,112" ten="250,327,250,173" oya="1" hai0="65,83,122,107,123,121,6,32,22,0,39,134,31" hai1="131,55,128,71,135,8,74,75,50,58,63,102,16" hai2="45,5,14,87,116,129,126,3,69,66,47,94,86" hai3="115,113,73,125,10,81,48,76,12,43,4,19,101"/><U36/><E36/><V42/><F69/><W13/><G125/><T1/><D107/><U18/><E102/><V2/><F66/><W105/><G101/><T100/><D39/><U91/><E135/><V117/><F14/><W99/><G99/><T119/><D100/><U70/><E91/><V53/><F53/><W110/><G110/><T56/><D134/><U40/><E71/><V11/><F126/><W17/><G105/><T90/><D119/><U89/><E89/><V57/><F57/><W114/><G43/><T84/><D32/><U44/><E70/><V82/><F129/><N who="1" m="49737" /><E8/><V62/><F94/><W64/><G64/><T7/><D1/><U68/><E68/><V9/><F5/><W61/><G61/><N who="0" m="38055" /><D0/><U52/><E55/><V85/><F62/><W30/><G115/><T59/><D59/><U88/><E88/><V38/><F38/><W130/><G130/><T21/><D31/><U54/><E54/><V79/><F42/><W127/><G30/><T108/><D108/><U96/><E96/><V28/><F28/><W77/><G114/><T118/><D118/><U41/><E41/><V24/><F117/><W92/><G113/><T72/><D72/><AGARI ba="0,0" hai="16,18,40,44,50,52,58,63,72,74,75" m="49737" machi="72" ten="30,5800,0" yaku="19,1,54,2" doraHai="112" who="1" fromWho="0" sc="250,-58,327,58,250,0,173,0" /><INIT seed="1,1,0,5,3,83" ten="192,385,250,173" oya="1" hai0="37,88,65,116,1,54,53,17,81,18,123,50,76" hai1="82,8,75,59,19,2,52,132,86,40,13,31,125" hai2="99,109,68,96,103,70,23,77,36,117,24,129,97" hai3="84,104,69,55,22,108,67,101,26,10,121,60,29"/><U73/><E125/><V115/><F117/><W30/><G121/><T124/><D116/><U74/><E132/><V58/><F36/><W80/><G108/><T72/><D37/><U9/><E31/><V62/><F109/><W28/><G10/><T14/><D1/><U102/><E102/><V131/><F103/><W133/><G133/><T51/><D124/><U3/><E40/><V7/><F7/><W47/><G47/><T27/><D123/><U135/><E135/><V49/><F49/><W61/><G55/><T100/><D100/><U6/><E2/><V20/><F77/><W87/><G60/><T78/><D65/><U0/><E0/><V111/><F111/><W16/><REACH who="3" step="1"/><G80/><REACH who="3" ten="192,385,250,163" step="2"/><T11/><D54/><U98/><E52/><V46/><F46/><W63/><G63/><T110/><D110/><U118/><E118/><V34/><F62/><W33/><G33/><T122/><D122/><U89/><E59/><V128/><F58/><W134/><G134/><T15/><D53/><U21/><E8/><V90/><F34/><W32/><G32/><T91/><D81/><U106/><E106/><V105/><F105/><W71/><G71/><N who="2" m="27177" /><F20/><W12/><G12/><T107/><D107/><U126/><E126/><V43/><F43/><W45/><G45/><T48/><D11/><U66/><E66/><V57/><F57/><W93/><G93/><T56/><D56/><U5/><E6/><V41/><F41/><W42/><G42/><T95/><D50/><U114/><E114/><V113/><F23/><W44/><G44/><T127/><D127/><U119/><E119/><RYUUKYOKU ba="1,1" sc="192,-15,385,15,250,-15,163,15" hai1="3,5,9,13,19,21,73,74,75,82,86,89,98" hai3="16,22,26,28,29,30,61,67,69,84,87,101,104" /><INIT seed="1,2,1,3,1,10" ten="177,400,235,178" oya="1" hai0="104,56,27,67,4,110,42,5,77,95,98,37,88" hai1="80,68,84,101,57,78,63,133,134,123,99,128,29" hai2="118,58,127,33,69,103,79,62,43,117,17,11,66" hai3="21,14,111,113,135,31,59,19,93,100,122,54,46"/><U105/><E123/><V48/><F33/><W90/><G122/><T116/><D116/><U38/><E128/><V124/><F103/><W52/><G113/><T126/><D104/><U45/><E68/><V34/><F34/><W121/><G121/><T96/><D110/><U26/><E45/><N who="2" m="25663" /><F79/><W47/><G111/><T71/><D126/><N who="2" m="48170" /><F17/><W83/><G135/><T125/><D71/><U9/><E38/><V114/><F11/><W75/><G54/><T35/><D77/><U94/><E9/><V22/><F22/><W13/><G31/><N who="0" m="19967" /><D42/><U6/><E105/><V87/><F87/><N who="3" m="50559" /><G75/><T91/><D37/><U64/><REACH who="1" step="1"/><E6/><REACH who="1" ten="177,390,235,178" step="2"/><V32/><F114/><W89/><G46/><T82/><D125/><U76/><E76/><V53/><F32/><AGARI ba="2,2" hai="26,29,32,57,63,64,78,80,84,94,99,101,133,134" machi="32" ten="40,2000,0" yaku="1,1,53,0" doraHai="10" doraHaiUra="65" who="1" fromWho="2" sc="177,0,390,46,235,-26,178,0" /><INIT seed="1,3,0,4,5,111" ten="177,436,209,178" oya="1" hai0="99,108,51,91,14,31,79,94,28,4,7,124,134" hai1="84,44,70,59,5,113,20,114,104,126,133,98,130" hai2="48,122,40,68,50,22,65,18,54,97,96,29,39" hai3="93,129,47,11,109,116,90,125,76,100,69,110,83"/><U0/><E70/><V105/><F122/><W16/><G69/><T42/><D108/><N who="3" m="41577" /><G129/><T61/><D134/><U119/><E119/><V107/><F29/><N who="0" m="11338" /><D124/><U67/><E133/><V12/><F50/><W19/><G125/><T25/><D79/><U24/><E126/><V75/><F75/><N who="3" m="43423" /><G116/><T102/><D25/><U78/><E130/><V49/><F49/><W131/><G131/><T80/><D61/><U10/><E44/><N who="2" m="23583" /><F105/><W92/><G47/><N who="0" m="26103" /><D14/><U123/><E123/><V63/><F107/><W128/><G128/><T30/><N who="0" m="11346" /><T121/><DORA hai="33" /><D121/><U81/><E59/><AGARI ba="3,0" hai="12,18,22,48,54,59,63,65,68,96,97" m="23583" machi="59" ten="30,1000,0" yaku="24,1" doraHai="111,33" who="2" fromWho="1" sc="177,0,436,-19,209,19,178,0" /><INIT seed="2,0,0,5,5,84" ten="177,417,228,178" oya="2" hai0="41,59,108,31,132,97,106,0,49,122,129,35,120" hai1="68,7,92,112,36,105,4,58,61,26,62,135,13" hai2="70,104,107,52,81,75,115,45,99,80,121,123,51" hai3="64,118,44,94,12,9,91,57,53,78,69,17,85"/><V67/><F115/><W22/><G118/><T93/><D0/><U24/><E105/><V46/><F70/><W15/><G69/><T87/><D31/><U130/><E112/><V34/><F34/><W11/><G78/><T28/><D28/><U79/><E36/><V86/><F67/><W126/><G126/><T124/><D35/><U116/><E116/><V55/><F75/><W37/><G64/><T6/><D6/><U103/><E135/><V77/><F99/><W109/><G109/><T10/><D10/><U27/><E130/><V5/><F5/><W21/><G44/><N who="0" m="25743" /><D108/><U95/><E62/><V56/><F45/><W48/><G37/><T29/><D29/><U111/><E111/><V101/><F81/><W110/><G110/><T43/><D124/><U100/><E79/><V133/><F133/><W42/><G42/><T74/><D43/><U50/><E50/><V33/><F33/><W131/><G131/><T8/><D132/><U128/><E68/><V83/><F83/><W114/><G114/><T102/><D74/><U96/><E128/><V14/><F14/><W89/><G89/><N who="0" m="53439" /><D129/><U23/><E4/><AGARI ba="0,0" hai="4,9,11,12,15,17,21,22,48,53,57,85,91,94" machi="4" ten="30,3900,0" yaku="7,1,8,1,52,1" doraHai="84" who="3" fromWho="1" sc="177,0,417,-39,228,0,178,39" /><INIT seed="3,0,0,3,3,62" ten="177,378,228,217" oya="3" hai0="127,32,80,108,100,86,101,85,53,4,65,115,50" hai1="39,45,9,18,70,69,26,93,24,88,49,124,27" hai2="47,133,57,104,112,42,21,95,44,71,120,35,2" hai3="34,5,122,96,56,59,132,12,29,20,11,43,33"/><W66/><G122/><T111/><D32/><U60/><E39/><V36/><F104/><W3/><G132/><T119/><D119/><U106/><E106/><V16/><F112/><W135/><G135/><T131/><D115/><U117/><E117/><V123/><F133/><W125/><G43/><T105/><D105/><U77/><E124/><V25/><F71/><W109/><G125/><T14/><D127/><U17/><E77/><V79/><F2/><W114/><G114/><T15/><D4/><U67/><E70/><V1/><F1/><W51/><G96/><T134/><D134/><U37/><E37/><V19/><F35/><W81/><G81/><T129/><D80/><U38/><E38/><V76/><F47/><W72/><G72/><T89/><D50/><U0/><E0/><V40/><F40/><W61/><G109/><T118/><D118/><U22/><E9/><V121/><F57/><W55/><G29/><T102/><D53/><U87/><E17/><N who="2" m="6731" /><F95/><W6/><G20/><T75/><D75/><U84/><E84/><N who="0" m="32361" /><D89/><U13/><E27/><V41/><F41/><AGARI ba="0,0" hai="13,18,22,24,26,41,45,49,60,67,69,87,88,93" machi="41" ten="30,3900,0" yaku="7,1,52,1,54,1" doraHai="62" who="1" fromWho="2" sc="177,0,378,39,228,-39,217,0" owari="177,-32.3,417,51.7,189,-21.1,217,1.7" /></mjloggm>