<mjloggm ver="2.3"><GO type="225" lobby="0"/><UN n0="%72%69%6F%75%63%68%61%6E" n1="%E3%81%95%E3%81%8D%E3%81%9F%E3%81%BE%E6%9E%97%E6%AA%8E" n2="%E3%81%8C%E3%81%9F" n3="%6D%75%75%6D%75%72%61" dan="16,16,16,16" rate="2123.18,2121.60,2147.74,2132.90" sx="M,M,F,F"/><TAIKYOKU oya="0"/><INIT seed="0,0,0,5,0,91" ten="250,250,250,250" oya="0" hai0="108,75,124,57,34,100,112,105,121,6,123,47,126" hai1="73,16,122,52,103,22,45,110,49,84,30,102,83" hai2="38,68,93,60,25,12,11,81,4,40,98,120,85" hai3="42,15,130,21,133,7,0,129,77,131,128,90,74"/><T44/><D34/><U17/><E110/><V43/><F120/><W63/><G130/><T10/><D112/><U50/><E122/><V20/><F38/><W107/><G133/><T113/><D113/><U1/><E1/><V87/><F60/><W5/><G107/><T76/><D108/><U99/><E73/><V72/><F68/><W106/><G106/><T117/><D117/><U96/><E30/><V54/><F54/><W88/><G0/><T27/><D27/><U109/><E109/><V62/><F62/><W64/><G42/><T116/><D116/><U32/><E32/><V70/><F70/><N who="3" m="42271" /><G5/><T80/><D57/><N who="1" m="32911" /><E103/><N who="2" m="60879" /><F72/><W86/><G74/><T71/><D71/><U89/><E102/><V132/><F132/><W114/><G114/><T51/><D100/><U55/><E17/><N who="2" m="12431" /><F85/><W46/><G46/><T118/><D44/><U79/><E79/><AGARI ba="0,0" hai="4,11,12,40,43,79,81,87" m="12431,60879" machi="79" ten="30,2000,0" yaku="8,1,52,1" doraHai="91" who="2" fromWho="1" sc="250,0,250,-20,250,20,250,0" /><INIT seed="1,0,0,0,0,121" ten="250,230,270,250" oya="1" hai0="2,19,99,107,6,33,115,47,13,53,21,0,109" hai1="55,52,4,63,1,40,15,124,106,70,23,49,135" hai2="18,26,60,105,77,73,83,57,71,134,58,112,37" hai3="86,111,100,8,120,27,78,89,68,29,91,108,65"/><U50/><E106/><V80/><F105/><W129/><G120/><T17/><D109/><N who="3" m="42057" /><G129/><T110/><D115/><U88/><E135/><V14/><F37/><W35/><G100/><T30/><D110/><U133/><E133/><V22/><F134/><W123/><G123/><T34/><D53/><U117/><E117/><V54/><F112/><W59/><G68/><T75/><D47/><U82/><E1/><N who="0" m="617" /><D75/><U7/><E124/><V90/><F71/><W131/><G131/><T56/><D56/><N who="1" m="32783" /><E70/><V122/><F57/><W85/><G8/><N who="0" m="4247" /><D99/><U51/><E40/><V114/><F114/><W103/><G103/><T72/><D72/><U3/><E3/><V125/><F125/><W36/><G36/><T128/><D107/><U81/><E81/><V5/><F122/><W10/><G10/><T38/><D38/><U9/><E7/><V44/><F44/><W95/><G78/><T130/><D128/><U93/><E23/><V116/><F77/><W41/><G41/><T104/><D104/><U96/><E82/><V127/><F80/><N who="3" m="49319" /><G59/><AGARI ba="0,0" hai="4,9,15,50,51,55,59,63,88,93,96" m="32783" machi="59" ten="30,5800,0" yaku="8,1,54,2" doraHai="121" who="1" fromWho="3" sc="250,0,230,58,270,0,250,-58" /><INIT seed="1,1,0,2,4,31" ten="250,288,270,192" oya="1" hai0="119,40,74,134,125,72,108,89,111,110,63,6,106" hai1="120,122,26,126,53,103,92,55,82,58,62,52,81" hai2="113,87,10,127,19,117,65,50,39,131,36,8,9" hai3="133,18,91,21,11,115,99,75,129,70,90,107,30"/><U93/><E126/><V54/><F117/><W86/><G115/><T121/><D119/><U80/><E26/><V13/><F127/><W112/><G112/><T41/><D125/><U42/><E42/><N who="0" m="16489" /><D106/><U46/><E46/><V17/><F113/><W28/><G75/><T116/><D116/><U60/><E103/><V37/><F131/><W29/><G129/><T27/><D134/><U44/><E44/><V69/><F87/><W132/><G70/><T76/><D121/><N who="1" m="46699" /><E58/><V83/><F83/><W130/><G130/><T12/><D76/><U85/><E85/><V49/><F49/><W43/><G43/><T35/><D89/><U71/><E71/><V51/><F51/><W97/><G11/><N who="0" m="4215" /><D63/><AGARI ba="1,0" hai="52,53,55,60,62,63,80,81,82,92,93" m="46699" machi="63" ten="40,7700,0" yaku="28,2,54,1" doraHai="31" who="1" fromWho="0" sc="250,-80,288,80,270,0,192,0" /><INIT seed="1,2,0,3,1,88" ten="170,368,270,192" oya="1" hai0="121,116,32,103,113,84,7,6,23,68,107,106,50" hai1="120,31,105,131,83,73,60,46,127,129,3,111,41" hai2="15,77,89,99,74,66,62,118,56,70,119,9,57" hai3="53,37,27,91,28,24,55,17,81,63,97,72,117"/><U33/><E120/><V102/><F89/><W29/><G37/><T100/><D113/><U85/><E73/><V51/><F77/><W65/><G117/><T109/><D116/><U98/><E3/><V25/><F74/><W87/><G72/><T34/><D50/><U110/><E127/><V94/><F51/><W1/><G1/><T132/><D84/><U67/><E31/><V10/><F10/><W125/><G17/><T115/><D23/><U108/><E33/><N who="0" m="12905" /><D115/><U80/><E105/><N who="0" m="39945" /><D121/><U22/><E22/><V86/><F86/><W58/><G125/><T12/><D12/><U40/><E98/><V93/><F56/><W47/><G29/><T104/><N who="0" m="39953" /><T44/><DORA hai="82" /><D44/><U69/><E80/><V95/><F118/><W79/><G28/><T64/><D64/><U14/><E14/><V38/><F119/><W8/><G8/><T36/><D36/><N who="1" m="21767" /><E41/><V48/><F38/><W16/><G47/><T18/><D18/><U76/><AGARI ba="2,0" hai="60,67,69,76,83,85,108,110,111,129,131" m="21767" machi="76" ten="40,7800,0" yaku="14,1,10,1,52,1" doraHai="88,82" who="1" fromWho="1" sc="170,-28,368,84,270,-28,192,-28" /><INIT seed="1,3,0,4,4,85" ten="142,452,242,164" oya="1" hai0="30,101,99,0,129,51,98,68,47,17,82,96,81" hai1="94,11,13,88,123,12,6,2,57,112,35,93,49" hai2="9,19,115,8,20,120,78,111,86,103,27,105,122" hai3="132,108,33,69,36,84,59,34,58,60,127,1,121"/><U5/><E112/><V104/><F115/><W44/><G121/><T76/><D68/><U70/><E70/><V77/><F111/><W18/><G108/><T15/><D129/><U22/><E123/><V75/><F75/><W74/><G74/><T41/><D0/><U90/><E35/><V133/><F133/><W113/><G113/><T28/><D101/><U80/><E80/><V64/><F64/><W50/><G36/><T61/><D61/><U52/><E2/><V83/><F77/><W45/><G132/><T4/><D4/><U62/><E62/><V67/><F67/><W89/><G45/><T26/><D26/><U14/><E22/><V54/><F104/><W106/><G127/><T21/><REACH who="0" step="1"/><D82/><REACH who="0" ten="132,452,242,164" step="2"/><U79/><E79/><V130/><F130/><W109/><G1/><T53/><D53/><U32/><BYE who="2" /><E32/><UN n2="%E3%81%8C%E3%81%9F" /><V25/><F54/><N who="3" m="30023" /><G109/><T107/><D107/><U16/><E6/><V65/><F120/><W134/><G106/><T114/><D114/><U126/><E126/><V124/><F124/><W128/><G134/><T97/><N who="0" m="24576" /><DORA hai="100" /><T56/><D56/><N who="3" m="21545" /><G128/><T7/><D7/><U43/><E5/><V95/><F122/><W73/><G69/><T116/><D116/><U24/><E24/><V3/><F27/><W125/><G60/><T29/><D29/><U135/><E135/><V92/><F105/><W10/><G125/><T38/><D38/><U42/><E42/><V87/><F3/><W40/><G40/><T118/><D118/><U37/><E37/><V110/><F110/><W63/><G63/><T72/><AGARI ba="3,1" hai="15,17,21,28,30,41,47,51,72,76,81" m="24576" machi="72" ten="40,5200,0" yaku="1,1,0,1,53,1" doraHai="85,100" doraHaiUra="46,23" who="0" fromWho="0" sc="132,71,452,-29,242,-16,164,-16" /><INIT seed="2,0,0,2,4,39" ten="203,423,226,148" oya="2" hai0="0,120,2,66,100,82,56,85,134,90,41,61,106" hai1="74,115,108,19,129,114,15,77,33,6,5,32,127" hai2="94,47,10,67,76,132,123,25,70,17,38,43,118" hai3="121,95,68,21,117,11,111,109,62,89,128,119,133"/><V113/><F113/><W51/><G21/><T93/><D120/><U65/><E65/><V63/><F118/><N who="3" m="45067" /><G11/><T87/><D134/><U60/><E60/><V80/><F123/><W79/><G68/><T101/><D41/><U8/><E74/><V71/><F132/><W122/><G62/><T26/><D106/><U31/><E77/><V55/><F94/><W103/><G51/><T7/><D26/><U48/><E48/><V83/><F70/><W52/><G52/><T40/><D40/><U36/><E36/><V97/><F97/><N who="3" m="59839" /><G133/><T75/><D75/><U54/><E54/><V57/><F76/><W13/><G13/><T72/><D72/><U104/><E104/><V59/><F59/><W112/><G79/><T73/><D73/><U18/><E18/><V27/><F10/><W45/><G45/><T30/><D30/><U78/><E78/><V1/><F1/><W14/><G14/><T135/><D135/><U102/><E33/><V98/><F25/><W131/><G89/><N who="0" m="51383" /><D0/><U125/><E8/><V9/><F9/><W116/><N who="3" m="45075" /><W88/><DORA hai="91" /><G112/><T20/><D20/><U24/><E32/><V126/><F27/><W84/><G122/><T53/><D66/><U124/><E24/><V86/><F67/><W58/><G121/><T130/><D130/><N who="3" m="49705" /><G58/><T28/><D28/><U23/><E129/><V96/><F57/><W46/><G46/><T3/><D2/><U22/><E114/><V92/><F47/><W50/><G50/><T4/><D3/><U37/><E115/><V29/><F29/><W107/><G107/><T69/><D69/><RYUUKYOKU ba="0,0" sc="203,15,423,-15,226,-15,148,15" hai0="4,7,53,56,61,87,90,93,100,101" hai3="84,88,109,111" /><INIT seed="3,1,0,2,1,84" ten="218,408,211,163" oya="3" hai0="49,14,56,45,52,8,127,63,36,90,58,132,0" hai1="105,3,117,68,129,128,106,17,72,120,73,101,65" hai2="87,13,80,96,67,32,50,107,28,34,7,21,35" hai3="131,115,11,103,92,123,81,114,98,102,48,15,24"/><W126/><G123/><T100/><D127/><U89/><E120/><V62/><F50/><W10/><G126/><T93/><D132/><U77/><E3/><V51/><F51/><W5/><G131/><T104/><D0/><U119/><E17/><V108/><F108/><W29/><G103/><T91/><D36/><U64/><E68/><V125/><F125/><W112/><G11/><T121/><D121/><U71/><E71/><V33/><F7/><W55/><G81/><T22/><D22/><U6/><E6/><V99/><F107/><W78/><G78/><T134/><D134/><U83/><E89/><N who="0" m="33801" /><D104/><N who="1" m="40043" /><E101/><V53/><F21/><W2/><G2/><T18/><D63/><U69/><E73/><V1/><F62/><W25/><REACH who="3" step="1"/><G29/><REACH who="3" ten="218,408,211,153" step="2"/><T61/><D61/><N who="1" m="40079" /><E65/><V135/><F28/><W20/><G20/><T76/><D76/><U113/><E113/><V54/><F33/><W44/><AGARI ba="1,1" hai="5,10,15,24,25,44,48,55,92,98,102,112,114,115" machi="44" ten="30,3000,0" yaku="1,1,0,1,53,0" doraHai="84" doraHaiUra="16" who="3" fromWho="3" sc="218,-11,408,-11,211,-11,153,43" /><INIT seed="3,2,0,5,2,0" ten="207,397,200,196" oya="3" hai0="60,64,95,56,131,94,23,67,54,78,113,21,9" hai1="11,111,19,44,34,41,118,59,46,114,66,109,45" hai2="50,85,106,6,14,1,108,62,110,15,40,27,75" hai3="81,84,133,47,53,126,86,88,124,32,129,130,17"/><W128/><G32/><T70/><D131/><U25/><E114/><V103/><F75/><W38/><G133/><T31/><D113/><U83/><E118/><V69/><F27/><W96/><G96/><T58/><D78/><U39/><E34/><V100/><F85/><N who="3" m="50223" /><G17/><T123/><D123/><U33/><E33/><V76/><F76/><W52/><G38/><T92/><D31/><U80/><E80/><V120/><F120/><W112/><G112/><T77/><D77/><U74/><E74/><V102/><F106/><W20/><G20/><N who="0" m="7755" /><D70/><U3/><E25/><V51/><F1/><W22/><G22/><T63/><D9/><U8/><E8/><V97/><F69/><W132/><G132/><T135/><D135/><U55/><E66/><AGARI ba="2,0" hai="54,56,58,60,63,64,66,67,92,94,95" m="7755" machi="66" ten="30,1000,0" yaku="8,1" doraHai="0" who="0" fromWho="1" sc="207,16,397,-16,200,0,196,0" owari="223,2.3,381,48.1,200,-20.0,196,-30.4" /></mjloggm>