<mjloggm ver="2.3"><GO type="225" lobby="0"/><UN n0="%E3%81%AA%E3%82%81%E3%81%93%E9%9B%80%E5%A3%AB" n1="%33%74%72%65%65" n2="%E5%A4%9C%E3%81%AE%E3%82%AC%E3%82%B9%E3%83%91%E3%83%BC%E3%83%AB" n3="%2D%E8%B1%8A%E5%8F%A3%E3%82%81%E3%81%90%E3%81%BF%2D" dan="16,16,16,17" rate="2023.21,2212.33,2193.53,2191.36" sx="M,F,M,M"/><TAIKYOKU oya="0"/><INIT seed="0,0,0,1,1,81" ten="250,250,250,250" oya="0" hai0="70,51,112,97,29,126,18,8,48,122,99,102,86" hai1="11,6,79,30,83,2,55,72,105,68,7,52,15" hai2="60,80,67,108,109,4,14,76,46,25,128,9,101" hai3="94,95,19,43,103,38,45,31,0,125,42,20,121"/><T16/><D112/><U17/><E105/><V65/><F128/><W131/><G131/><T69/><D122/><U71/><E30/><V135/><F135/><W56/><G0/><T58/><D29/><U49/><E55/><V74/><F101/><W89/><G125/><T123/><D123/><U73/><E72/><V129/><F129/><W100/><G43/><T124/><D102/><U13/><E2/><V104/><F104/><W118/><G118/><T85/><D8/><U10/><REACH who="1" step="1"/><E17/><REACH who="1" ten="250,240,250,250" step="2"/><V120/><F120/><W40/><G19/><T132/><REACH who="0" step="1"/><D132/><REACH who="0" ten="240,240,250,250" step="2"/><U77/><E77/><V107/><F76/><W44/><G31/><T117/><D117/><U134/><E134/><V21/><F107/><W33/><G121/><T53/><D53/><U96/><E96/><V98/><F98/><W84/><G103/><T3/><D3/><U130/><E130/><V92/><F108/><W47/><G100/><T66/><D66/><U106/><E106/><V34/><F109/><W119/><G119/><T23/><D23/><U62/><E62/><V87/><F21/><W75/><G20/><T64/><D64/><U93/><E93/><V5/><F60/><W54/><G95/><T26/><D26/><U111/><E111/><V110/><F110/><W1/><G1/><T35/><D35/><U59/><AGARI ba="0,2" hai="6,7,10,11,13,15,49,52,59,68,71,73,79,83" machi="59" ten="20,12000,2" yaku="1,1,0,1,7,1,9,1,54,1,53,1" doraHai="81" doraHaiUra="78" who="1" fromWho="1" sc="240,-60,240,140,250,-30,250,-30" /><INIT seed="1,0,0,5,0,104" ten="180,380,220,220" oya="1" hai0="70,77,26,132,3,79,48,40,53,90,63,43,24" hai1="91,60,101,59,17,116,7,109,73,74,111,115,25" hai2="124,118,105,97,128,29,84,83,28,110,65,50,126" hai3="72,35,10,133,46,18,106,71,34,47,102,2,68"/><U12/><E115/><V37/><F37/><W112/><G112/><T27/><D3/><U98/><E116/><V121/><F118/><W58/><G58/><T8/><D132/><U6/><E91/><V94/><F105/><W45/><G133/><T13/><D63/><U39/><E39/><V62/><F121/><W56/><G72/><N who="1" m="27754" /><E25/><V80/><F110/><N who="1" m="41993" /><E17/><V61/><F128/><W49/><G18/><T81/><D90/><U16/><E59/><V30/><F30/><W21/><G56/><T57/><D70/><U119/><E60/><V114/><F114/><W103/><G71/><T22/><D22/><N who="1" m="11527" /><E119/><V113/><F113/><W127/><G68/><T76/><REACH who="0" step="1"/><D81/><REACH who="0" ten="170,380,220,220" step="2"/><U55/><E55/><V36/><F83/><W32/><G21/><T86/><D86/><U108/><E108/><V33/><F84/><W19/><G34/><T125/><D125/><U23/><E23/><V99/><F80/><W1/><G127/><T41/><D41/><U129/><E129/><V89/><F124/><W88/><G35/><T120/><D120/><U38/><E38/><V64/><F126/><W5/><G32/><T135/><D135/><U9/><E9/><V4/><F36/><W11/><G88/><T134/><D134/><U15/><E15/><V96/><F33/><W44/><G2/><T69/><D69/><U67/><E67/><N who="2" m="25675" /><F62/><W117/><G117/><T131/><D131/><U130/><E130/><V52/><F61/><W92/><G11/><T82/><D82/><U31/><E31/><V100/><F29/><W14/><G10/><T78/><N who="0" m="19456" /><DORA hai="66" /><T93/><D93/><AGARI ba="0,1" hai="6,7,93,98,101" m="11527,41993,27754" machi="93" ten="30,18000,2" yaku="6,1,14,1,10,1,52,3,54,1" doraHai="104,66" who="1" fromWho="0" sc="170,-180,380,190,220,0,220,0" owari="-10,-51.0,570,67.0,220,2.0,220,-18.0" /></mjloggm>