<mjloggm ver="2.3"><GO type="225" lobby="0"/><UN n0="%2D%E8%B1%8A%E5%8F%A3%E3%82%81%E3%81%90%E3%81%BF%2D" n1="%33%74%72%65%65" n2="%E5%A4%96%E5%B7%9D%E7%AB%9C%E6%88%90" n3="%53%61%63%68%69%30%34" dan="17,16,16,16" rate="2142.82,2152.02,2262.77,2089.65" sx="F,F,M,M"/><TAIKYOKU oya="0"/><INIT seed="0,0,0,2,1,84" ten="250,250,250,250" oya="0" hai0="90,86,42,46,14,24,109,119,108,133,104,107,99" hai1="44,102,128,76,16,25,65,73,19,39,28,10,48" hai2="106,78,21,63,98,1,59,121,52,69,7,101,127" hai3="23,131,95,100,36,75,45,135,26,68,34,118,82"/><T77/><D119/><U17/><E128/><V123/><F127/><W74/><G118/><T47/><D133/><U112/><E112/><V62/><F78/><W80/><G68/><T114/><D114/><U126/><E126/><V51/><F21/><W33/><G131/><T31/><D77/><U117/><E39/><V32/><F1/><W56/><G56/><T122/><D14/><U8/><E65/><V27/><F7/><W83/><G45/><T124/><D122/><U6/><E102/><V71/><F62/><W58/><G58/><T103/><D107/><U4/><E73/><V49/><F49/><W61/><G61/><T30/><D124/><U22/><E76/><V67/><REACH who="2" step="1"/><F71/><REACH who="2" ten="250,250,240,250" step="2"/><W96/><G36/><T57/><D57/><U89/><E117/><V130/><F130/><W87/><G135/><T111/><D24/><U11/><REACH who="1" step="1"/><E89/><REACH who="1" ten="250,240,240,250" step="2"/><V53/><F53/><AGARI ba="0,2" hai="4,6,8,10,11,16,17,19,22,25,28,44,48,53" machi="53" ten="40,8000,1" yaku="1,1,2,1,8,1,54,1,53,0" doraHai="84" doraHaiUra="35" who="1" fromWho="2" sc="250,0,240,100,240,-80,250,0" /><INIT seed="1,0,0,5,2,22" ten="250,340,160,250" oya="1" hai0="135,88,130,42,92,125,108,95,132,32,33,25,98" hai1="101,4,3,8,74,11,118,96,36,90,29,43,10" hai2="57,55,38,113,103,28,56,87,131,107,44,94,123" hai3="59,124,100,85,79,12,77,50,89,116,75,106,47"/><U67/><E118/><V120/><F107/><W45/><G116/><T69/><D108/><U16/><E90/><V126/><F103/><W71/><G71/><T6/><D125/><U122/><E122/><V65/><F94/><W102/><G124/><T99/><D69/><U119/><E119/><V54/><F87/><W109/><G109/><T7/><D42/><U111/><E111/><V115/><F28/><W134/><G134/><N who="0" m="51243" /><D130/><U2/><E67/><V61/><F126/><W9/><G75/><T39/><D39/><U78/><E29/><V41/><F131/><W26/><G59/><T48/><D48/><U83/><E43/><V60/><REACH who="2" step="1"/><F65/><REACH who="2" ten="250,340,150,250" step="2"/><W34/><G106/><T81/><D81/><U110/><E83/><V51/><F51/><W31/><G102/><N who="0" m="60743" /><D33/><U58/><E110/><V104/><F104/><W37/><G100/><T40/><D32/><U72/><E101/><V112/><AGARI ba="0,1" hai="38,41,44,54,55,56,57,60,61,112,113,115,120,123" machi="112" ten="30,12000,2" yaku="1,1,0,1,9,1,11,1,34,3,53,0" doraHai="22" doraHaiUra="0" who="2" fromWho="2" sc="250,-30,340,-60,150,130,250,-30" /><INIT seed="2,0,0,2,2,122" ten="220,280,280,220" oya="2" hai0="34,42,20,79,128,93,23,86,94,85,46,98,130" hai1="108,53,56,84,36,7,25,14,49,110,77,113,44" hai2="105,17,87,127,59,106,3,73,24,100,58,99,32" hai3="35,123,74,26,10,71,83,118,80,81,75,114,78"/><V18/><F73/><W50/><G123/><T16/><D34/><U4/><E113/><V109/><F3/><W132/><G118/><T88/><D20/><U115/><E115/><V68/><F106/><W13/><G114/><T89/><D79/><U37/><E25/><V92/><F127/><W22/><G71/><T15/><REACH who="0" step="1"/><D98/><REACH who="0" ten="210,280,280,220" step="2"/><U111/><E77/><V96/><F96/><W60/><G35/><T9/><D9/><N who="1" m="4391" /><E84/><V124/><F87/><W6/><G75/><T5/><D5/><U104/><E7/><V95/><F32/><W120/><G120/><T66/><D66/><U64/><E104/><V119/><F105/><W33/><G33/><T63/><D63/><AGARI ba="0,1" hai="36,37,44,49,53,56,63,64,108,110,111" m="4391" machi="63" ten="30,7700,0" yaku="14,1,52,3" doraHai="122" who="1" fromWho="0" sc="210,-77,280,87,280,0,220,0" /><INIT seed="3,0,0,4,1,4" ten="133,367,280,220" oya="3" hai0="83,119,100,47,103,50,127,52,38,82,110,44,102" hai1="132,58,131,109,72,7,6,24,95,0,59,8,27" hai2="117,21,94,9,80,134,37,89,62,78,79,73,18" hai3="98,123,65,67,51,13,34,19,87,14,11,49,39"/><W75/><G75/><T53/><D119/><U101/><E72/><V120/><F117/><W22/><G39/><T135/><D110/><U25/><E109/><V84/><F37/><W106/><G123/><T90/><D135/><U64/><E131/><V116/><F116/><W93/><G34/><T74/><D127/><U23/><E132/><V31/><F134/><W61/><G87/><T126/><D126/><U133/><E133/><V17/><F120/><W91/><G106/><T20/><D20/><U29/><E6/><V30/><F62/><W54/><G61/><T33/><D33/><U40/><E40/><V129/><F129/><W60/><G60/><T115/><D115/><U46/><E46/><V42/><F42/><W3/><G3/><T104/><D104/><U111/><E111/><V86/><F78/><W125/><G51/><T5/><D5/><U112/><E112/><V99/><F86/><W96/><G96/><T68/><D68/><U26/><E64/><V114/><F73/><W10/><G22/><T36/><D90/><U16/><E29/><V56/><F56/><N who="3" m="32847" /><G125/><T69/><D69/><U28/><E28/><N who="2" m="10795" /><F114/><W2/><G2/><T97/><D97/><N who="1" m="59583" /><E0/><V124/><F124/><W70/><G70/><T66/><D74/><U105/><E105/><V63/><F63/><W71/><G71/><T35/><D35/><U41/><E41/><V1/><F21/><W92/><G92/><T32/><D32/><U48/><E48/><V12/><F1/><W121/><G121/><T118/><D118/><U88/><E23/><V122/><F122/><W107/><G91/><RYUUKYOKU ba="0,0" sc="133,-10,367,-10,280,30,220,-10" hai2="9,12,17,18,79,80,84,89,94,99" owari="123,-37.7,357,45.7,310,11.0,210,-19.0" /></mjloggm>