<mjloggm ver="2.3"><GO type="225" lobby="0"/><UN n0="%E3%81%BF%E3%81%BF%E3%81%9A" n1="%E3%81%B5%E3%81%98%E3%81%8B%E3%81%A4" n2="%72%65%6E%6B%75%6E" n3="%72%69%6F%75%63%68%61%6E" dan="17,16,17,16" rate="2223.94,2206.17,2210.18,2127.89" sx="M,M,M,M"/><TAIKYOKU oya="0"/><INIT seed="0,0,0,1,2,87" ten="250,250,250,250" oya="0" hai0="84,132,35,54,10,45,12,66,86,89,31,24,73" hai1="76,6,104,30,126,22,130,14,82,52,74,7,116" hai2="2,19,59,25,113,128,90,32,60,64,122,37,9" hai3="120,125,79,93,53,81,97,16,3,124,34,83,109"/><T51/><D73/><U108/><E116/><V26/><F113/><W29/><G109/><T118/><D132/><U88/><E108/><V49/><F122/><W91/><G120/><T40/><D118/><U121/><E104/><V8/><F37/><W78/><G3/><T67/><D84/><N who="1" m="50199" /><E74/><V119/><F119/><W80/><G53/><T65/><D40/><U100/><E121/><V1/><F128/><W107/><G29/><T33/><D35/><U127/><E130/><V135/><F49/><W96/><G34/><T85/><D85/><U4/><E100/><V23/><F135/><W98/><G16/><T117/><D117/><U27/><E76/><N who="3" m="29226" /><G107/><T28/><D24/><U13/><E52/><V72/><F72/><W17/><G17/><N who="0" m="8343" /><D33/><U92/><E92/><AGARI ba="0,0" hai="28,31,45,51,54,65,66,67,86,89,92" m="8343" machi="92" ten="30,2900,0" yaku="8,1,52,1" doraHai="87" who="0" fromWho="1" sc="250,29,250,-29,250,0,250,0" /><INIT seed="0,1,0,0,4,114" ten="279,221,250,250" oya="0" hai0="22,52,80,24,122,14,124,129,33,70,90,93,81" hai1="27,92,130,38,118,26,71,75,107,120,59,41,40" hai2="105,125,126,18,95,20,62,108,47,10,73,34,131" hai3="44,17,76,28,132,42,86,87,55,64,133,51,35"/><T43/><D122/><U46/><E120/><V58/><F105/><W89/><G64/><T83/><D70/><U21/><E107/><V116/><F34/><W65/><G65/><T82/><D124/><U4/><E71/><V128/><F73/><W117/><G117/><T11/><D129/><N who="2" m="49738" /><F108/><W37/><G76/><T109/><D33/><U30/><E75/><V7/><F47/><W104/><G104/><T66/><D66/><U85/><E130/><V3/><F116/><W119/><G119/><T94/><D43/><U39/><E118/><V53/><F95/><W98/><G98/><T49/><D109/><U5/><E59/><V29/><F29/><W13/><G28/><N who="0" m="17431" /><D90/><U0/><E27/><AGARI ba="1,0" hai="3,7,10,18,20,27,53,58,62,125,126" m="49738" machi="27" ten="30,1000,0" yaku="19,1" doraHai="114" who="2" fromWho="1" sc="279,0,221,-13,250,13,250,0" /><INIT seed="1,0,0,5,0,108" ten="279,208,263,250" oya="1" hai0="52,64,98,127,25,128,31,99,72,82,79,7,86" hai1="11,66,38,29,60,51,9,109,39,84,129,59,34" hai2="54,92,65,3,62,74,113,36,106,41,46,0,91" hai3="110,73,119,97,32,104,50,132,95,24,101,15,103"/><U112/><E129/><V90/><F106/><W135/><G110/><T125/><D128/><U96/><E109/><V133/><F74/><W47/><G119/><T22/><D64/><U115/><E84/><V14/><F133/><N who="3" m="51275" /><G73/><T27/><D7/><U53/><E96/><V130/><F130/><W107/><G103/><T26/><D72/><U88/><E34/><V1/><F54/><N who="3" m="30047" /><G15/><T2/><D2/><U12/><E29/><AGARI ba="0,0" hai="24,29,32,95,97,101,104,107" m="30047,51275" machi="29" ten="30,1000,0" yaku="20,1" doraHai="108" who="3" fromWho="1" sc="279,0,208,-10,263,0,250,10" /><INIT seed="2,0,0,4,0,1" ten="279,198,263,260" oya="2" hai0="46,24,3,72,28,66,52,4,133,103,19,44,106" hai1="20,126,86,30,108,41,42,132,18,102,23,51,79" hai2="76,84,89,135,120,10,57,112,91,85,94,60,131" hai3="50,29,78,77,55,32,56,35,31,39,110,83,16"/><V54/><F120/><W125/><G39/><T38/><D72/><U123/><E123/><V34/><F34/><W121/><G121/><T100/><D66/><U22/><E108/><V59/><F131/><W81/><G110/><T2/><D19/><U21/><E126/><V92/><F135/><W48/><G125/><T12/><D133/><U109/><E132/><V119/><F119/><W71/><G71/><T99/><D103/><U17/><E109/><V58/><F112/><W134/><G134/><T8/><D46/><U75/><E75/><V63/><F76/><N who="3" m="29291" /><G32/><T98/><D99/><U65/><E102/><V82/><F82/><N who="3" m="31243" /><G35/><T14/><D2/><U40/><E65/><V80/><F80/><W73/><G73/><T25/><D25/><U26/><E79/><V61/><REACH who="2" step="1"/><F10/><REACH who="2" ten="279,198,253,260" step="2"/><W69/><G69/><T43/><D52/><AGARI ba="0,1" hai="52,54,57,58,59,60,61,63,84,85,89,91,92,94" machi="52" ten="40,12000,1" yaku="1,1,2,1,9,1,8,1,54,1,53,0" doraHai="1" doraHaiUra="67" who="2" fromWho="0" sc="279,-120,198,0,253,130,260,0" /><INIT seed="2,1,0,5,0,60" ten="159,198,383,260" oya="2" hai0="64,129,113,101,55,35,19,120,17,11,31,72,110" hai1="14,5,22,50,93,70,24,76,79,71,130,6,69" hai2="67,21,27,133,83,34,118,106,78,102,1,73,95" hai3="28,117,62,75,41,127,103,63,132,38,90,0,99"/><V32/><F118/><W105/><G117/><T100/><D120/><U2/><E130/><V114/><F114/><W23/><G0/><T58/><D113/><U115/><E115/><V8/><F133/><W57/><G75/><T15/><D72/><U125/><E125/><V49/><F106/><W80/><G127/><T47/><D129/><U48/><E93/><V74/><F74/><W46/><G132/><T107/><D110/><U26/><E2/><V52/><F67/><W51/><G38/><T121/><D121/><U59/><E59/><V42/><F42/><W20/><G63/><N who="0" m="38007" /><D35/><U9/><E5/><V123/><F123/><W109/><G109/><T124/><D107/><U16/><REACH who="1" step="1"/><E24/><REACH who="1" ten="159,188,383,260" step="2"/><V92/><F92/><W77/><G57/><T44/><D124/><U131/><E131/><V122/><F95/><W43/><G105/><T116/><D116/><U86/><E86/><V25/><F25/><W135/><G135/><T54/><D31/><U68/><N who="1" m="17408" /><DORA hai="4" /><U112/><E112/><V53/><F27/><W37/><G28/><T94/><D19/><U12/><E12/><V108/><F1/><W82/><G99/><N who="0" m="59511" /><D101/><U126/><E126/><V10/><F102/><W45/><G103/><T40/><D47/><U87/><E87/><V88/><F108/><W98/><G46/><T89/><D89/><U111/><E111/><V13/><F88/><W3/><G90/><T30/><D30/><U56/><E56/><V119/><F122/><W39/><G3/><T7/><D7/><U61/><E61/><V134/><F119/><W84/><G45/><T29/><D29/><RYUUKYOKU ba="1,1" sc="159,15,188,15,383,-15,260,-15" hai0="11,15,17,40,44,54,55" hai1="6,9,14,16,22,26,48,50,76,79" /><INIT seed="3,2,1,5,1,113" ten="174,203,368,245" oya="3" hai0="80,129,107,29,11,45,54,44,0,104,92,98,36" hai1="108,65,40,91,42,96,135,64,81,26,33,8,94" hai2="106,25,15,20,97,88,119,56,10,67,61,70,87" hai3="120,133,76,35,46,21,4,28,100,6,73,72,90"/><W27/><G120/><T41/><D129/><U55/><E108/><V125/><F119/><W12/><G133/><T103/><D29/><U99/><E135/><V22/><F125/><W89/><G100/><T69/><D69/><U31/><E8/><V39/><F39/><W57/><G46/><T3/><D3/><U121/><E121/><V115/><F115/><W9/><G4/><T77/><D54/><U95/><E81/><V84/><F70/><W5/><G5/><N who="0" m="1447" /><D45/><U130/><E130/><V74/><F74/><W122/><G122/><T118/><D118/><U66/><REACH who="1" step="1"/><E55/><REACH who="1" ten="174,193,368,245" step="2"/><V23/><F10/><W93/><G6/><T30/><D30/><U58/><E58/><V1/><F56/><W18/><G57/><T62/><D62/><U112/><E112/><V127/><F61/><W82/><G72/><AGARI ba="2,2" hai="36,41,44,72,77,80,92,98,103,104,107" m="1447" machi="72" ten="30,1000,0" yaku="25,1" doraHai="113" who="0" fromWho="3" sc="174,36,193,0,368,0,245,-16" owari="210,-19.0,193,-30.7,368,46.8,229,2.9" /></mjloggm>