<mjloggm ver="2.3"><GO type="225" lobby="0"/><UN n0="%E3%81%9F%E3%81%8B%E3%80%82" n1="%E3%81%BF%E3%81%BF%E3%81%9A" n2="%73%73%6B%5F%66%72%65%65" n3="%E5%B8%86%E7%AB%8B%E5%A4%8F%E8%A1%A3" dan="16,18,16,16" rate="2050.88,2230.83,2163.56,2153.79" sx="M,M,M,M"/><TAIKYOKU oya="0"/><INIT seed="0,0,0,2,1,60" ten="250,250,250,250" oya="0" hai0="52,66,15,109,48,135,14,61,99,63,73,2,27" hai1="126,104,19,45,68,6,119,96,91,94,86,67,92" hai2="44,64,69,37,47,97,0,100,72,40,8,128,56" hai3="130,49,112,71,120,28,84,80,65,122,89,54,118"/><T102/><D73/><U127/><E119/><V93/><F128/><W87/><G118/><T46/><D2/><U38/><E6/><V43/><F72/><W50/><G130/><T4/><D135/><U5/><E5/><V59/><F8/><W62/><G112/><T75/><D75/><U88/><E19/><V53/><F0/><W125/><G125/><N who="1" m="47626" /><E104/><V39/><REACH who="2" step="1"/><F53/><REACH who="2" ten="250,250,240,250" step="2"/><W132/><G132/><T82/><D109/><U32/><E32/><V111/><F111/><W131/><G131/><T16/><D4/><U124/><E124/><V123/><F123/><W117/><G117/><T57/><D63/><AGARI ba="0,1" hai="37,39,40,43,44,47,56,59,63,64,69,93,97,100" machi="63" ten="40,5200,0" yaku="1,1,9,1,52,1,53,0" doraHai="60" doraHaiUra="31" who="2" fromWho="0" sc="250,-52,250,0,240,62,250,0" /><INIT seed="1,0,0,3,1,82" ten="198,250,302,250" oya="1" hai0="38,126,4,41,20,56,132,135,74,110,113,94,125" hai1="2,102,118,77,80,18,16,37,67,85,79,120,111" hai2="29,128,119,123,13,60,65,101,88,7,3,70,90" hai3="92,23,87,71,124,34,47,32,11,15,5,133,114"/><U108/><E118/><V63/><F123/><W40/><G114/><T55/><D74/><U64/><E120/><V68/><F128/><W103/><G71/><T83/><D83/><N who="1" m="47343" /><E2/><V66/><F29/><W27/><G133/><N who="0" m="51275" /><D4/><U62/><E37/><V17/><F101/><W22/><G124/><N who="0" m="47723" /><D20/><U116/><E102/><V59/><F119/><W100/><G34/><T1/><D1/><U54/><E54/><V10/><F59/><W51/><G32/><T122/><D122/><U0/><E0/><V61/><F61/><W57/><G23/><AGARI ba="0,0" hai="3,7,10,13,17,23,60,63,65,66,68,70,88,90" machi="23" ten="30,3900,0" yaku="7,1,9,1,54,1" doraHai="82" who="2" fromWho="3" sc="198,0,250,0,302,39,250,-39" /><INIT seed="2,0,0,3,3,71" ten="198,250,341,211" oya="2" hai0="22,9,114,46,85,73,20,121,79,76,84,117,31" hai1="56,27,63,37,30,12,8,25,7,59,3,34,104" hai2="54,47,90,118,15,92,53,133,64,10,68,50,116" hai3="93,36,58,57,129,29,52,0,21,128,130,80,119"/><V83/><F133/><W103/><G119/><T61/><D114/><U95/><E104/><V135/><F135/><W28/><G0/><T39/><D121/><U65/><E37/><V88/><F68/><W77/><G36/><T124/><D73/><U86/><E27/><V82/><F64/><W32/><G32/><T112/><D112/><U81/><E95/><V115/><F115/><W48/><G58/><T23/><D31/><U70/><REACH who="1" step="1"/><E3/><REACH who="1" ten="198,240,341,211" step="2"/><V134/><F134/><W62/><G93/><T1/><D117/><U122/><E122/><V131/><F118/><W24/><G103/><T45/><D39/><U97/><E97/><V2/><F116/><W13/><G13/><T67/><D1/><U19/><E19/><V87/><F2/><W33/><G33/><T110/><D110/><U55/><E55/><V14/><F14/><W96/><G96/><T26/><D26/><U16/><E16/><N who="2" m="8311" /><F131/><W41/><G29/><T69/><D124/><U132/><E132/><V101/><F54/><W75/><REACH who="3" step="1"/><G41/><REACH who="3" ten="198,240,341,201" step="2"/><T38/><D38/><U98/><E98/><N who="2" m="57607" /><F101/><W49/><AGARI ba="0,2" hai="21,24,28,48,49,52,57,62,75,77,80,128,129,130" machi="49" ten="40,12000,2" yaku="1,1,0,1,19,1,54,1,53,3" doraHai="71" doraHaiUra="127" who="3" fromWho="3" sc="198,-30,240,-30,341,-60,201,140" /><INIT seed="3,0,0,3,3,23" ten="168,210,281,341" oya="3" hai0="101,114,123,82,135,92,37,86,106,11,133,68,59" hai1="31,24,48,71,107,35,124,60,127,56,34,79,95" hai2="41,5,67,78,4,28,112,54,38,21,55,83,105" hai3="69,90,104,32,65,36,99,73,110,115,87,46,15"/><W29/><G73/><T76/><D68/><U96/><E79/><V134/><F112/><W117/><G15/><T80/><D37/><U100/><E35/><V10/><F105/><W94/><G90/><N who="0" m="53335" /><D59/><U17/><E17/><V97/><F97/><W62/><G29/><T102/><D11/><U51/><E95/><V122/><F67/><W49/><G94/><T85/><D123/><U75/><E75/><V25/><F134/><N who="0" m="51210" /><D114/><U121/><E121/><V27/><F122/><W111/><G117/><T57/><D57/><U89/><E89/><V2/><F5/><W61/><G115/><T18/><D18/><U98/><E98/><V44/><REACH who="2" step="1"/><F27/><REACH who="2" ten="168,210,271,341" step="2"/><W74/><G99/><N who="0" m="61759" /><D102/><U132/><E132/><V3/><F3/><W70/><G65/><T77/><D85/><AGARI ba="0,1" hai="2,4,10,21,25,28,38,41,44,54,55,78,83,85" machi="85" ten="30,3900,0" yaku="1,1,7,1,52,1,53,0" doraHai="23" doraHaiUra="116" who="2" fromWho="0" sc="168,-39,210,0,271,49,341,0" owari="129,-37.1,210,-19.0,320,12.0,341,44.1" /></mjloggm>