<mjloggm ver="2.3"><GO type="225" lobby="0"/><UN n0="%E7%B4%94%E6%BD%94%E3%83%94%E3%83%A9%E3%83%8B%E3%82%A2" n1="%E6%97%A5%E6%9B%9C%E6%97%A5%E3%82%88%E3%82%8A%E3%81%AE%E4%BD%BF%E8%80%85" n2="%E5%AF%82%E5%AF%9E%E3%82%AE%E3%83%8D%E3%82%B9%E3%83%93%E3%83%BC%E3%83%AB" n3="%E8%81%B7%E6%A5%AD%E3%80%81%E9%A2%A8%32" dan="18,18,16,16" rate="2310.09,2147.76,2124.20,2144.75" sx="M,M,M,M"/><TAIKYOKU oya="0"/><INIT seed="0,0,0,3,5,124" ten="250,250,250,250" oya="0" hai0="46,126,75,16,56,62,135,40,35,15,48,1,83" hai1="90,132,96,24,97,71,122,32,9,128,51,19,31" hai2="92,119,107,112,82,6,113,23,67,80,85,0,74" hai3="104,129,36,87,26,11,105,79,99,98,68,110,106"/><T53/><D126/><U10/><E122/><V91/><F119/><W43/><G68/><T39/><D1/><U123/><E123/><V49/><F67/><W33/><G110/><T94/><D35/><U102/><E132/><V114/><F6/><W115/><G115/><T44/><D135/><U95/><E71/><V3/><F23/><W125/><G43/><T88/><D75/><U25/><E51/><V45/><F107/><W13/><G36/><T72/><D72/><U61/><E61/><V100/><F82/><W57/><G125/><T130/><D130/><U34/><E128/><V54/><REACH who="2" step="1"/><F100/><REACH who="2" ten="250,250,240,250" step="2"/><W116/><G116/><T108/><D108/><U28/><REACH who="1" step="1"/><E19/><REACH who="1" ten="250,240,240,250" step="2"/><V111/><F111/><W73/><G129/><T93/><D39/><U7/><E7/><V81/><F81/><W12/><G106/><AGARI ba="0,2" hai="9,10,24,25,28,31,32,34,90,95,96,97,102,106" machi="106" ten="30,7700,0" yaku="1,1,7,1,9,1,53,1" doraHai="124" doraHaiUra="89" who="1" fromWho="3" sc="250,0,240,97,240,0,250,-77" /><INIT seed="1,0,0,5,5,50" ten="250,337,240,173" oya="1" hai0="123,118,61,103,94,53,47,81,59,69,90,48,22" hai1="6,96,52,24,76,70,120,89,119,41,135,85,8" hai2="12,36,34,29,42,127,87,91,2,106,75,105,68" hai3="100,10,115,19,132,43,30,60,79,44,102,62,14"/><U58/><E119/><V121/><F121/><W5/><G115/><T134/><D123/><U131/><E120/><V113/><F113/><W3/><G132/><T17/><D134/><U7/><E70/><V18/><F75/><W64/><G30/><T26/><D118/><U9/><E135/><V0/><F68/><W83/><G100/><T40/><D69/><U31/><E41/><V122/><F122/><W33/><G102/><T73/><D73/><U46/><E46/><V126/><F42/><W104/><G33/><T1/><D1/><U55/><E76/><V130/><F36/><W63/><G104/><T25/><D103/><U27/><E96/><V107/><F29/><W97/><G97/><N who="0" m="57559" /><D81/><N who="1" m="49327" /><E131/><V72/><F72/><W99/><G99/><T101/><D101/><U21/><E27/><AGARI ba="0,0" hai="17,22,25,26,27,40,47,48,53,59,61" m="57559" machi="27" ten="30,3900,0" yaku="25,1,8,1,52,1" doraHai="50" who="0" fromWho="1" sc="250,39,337,-39,240,0,173,0" /><INIT seed="2,0,0,2,3,76" ten="289,298,240,173" oya="2" hai0="43,119,98,82,83,53,2,121,81,8,118,80,128" hai1="6,54,102,13,49,61,72,97,71,21,66,91,112" hai2="106,31,94,33,34,79,67,50,75,99,20,129,38" hai3="11,64,100,22,15,44,103,10,57,70,3,89,135"/><V96/><F38/><W108/><G108/><T23/><D121/><U130/><E112/><V116/><F116/><N who="0" m="44586" /><D128/><U26/><E72/><V125/><F125/><W107/><G135/><T109/><D109/><U69/><E69/><V62/><F129/><W85/><G70/><T4/><D43/><U7/><E91/><V127/><F106/><W35/><G35/><T133/><D80/><U0/><E13/><V58/><F99/><W28/><G44/><T29/><D98/><U126/><E0/><V55/><F127/><W27/><G3/><T77/><D53/><U24/><E130/><V90/><F79/><W92/><G107/><T19/><D29/><U117/><E126/><V39/><F75/><W120/><G120/><T93/><D93/><U52/><E54/><V104/><F39/><W84/><G84/><N who="0" m="48175" /><D133/><U124/><E124/><V73/><F104/><W41/><G41/><T12/><AGARI ba="0,0" hai="2,4,8,12,19,23,82,83" m="48175,44586" machi="12" ten="30,7900,0" yaku="12,1,52,3" doraHai="76" who="0" fromWho="0" sc="289,79,298,-20,240,-39,173,-20" /><INIT seed="3,0,0,5,0,38" ten="368,278,201,153" oya="3" hai0="24,92,130,42,39,99,49,113,121,123,27,78,76" hai1="46,18,95,16,112,93,115,33,23,105,102,21,65" hai2="28,44,126,2,87,35,20,70,128,19,41,13,81" hai3="72,71,120,47,88,104,129,83,57,101,4,73,0"/><W11/><G120/><T77/><D39/><U30/><E105/><V116/><F70/><W108/><G71/><T133/><D121/><U62/><E33/><V124/><F128/><W135/><G129/><T117/><D117/><U17/><E46/><V110/><F2/><W69/><G69/><T40/><D123/><U66/><E30/><V132/><F110/><W119/><G119/><T5/><D133/><U56/><E66/><V32/><F132/><W51/><G135/><T118/><D118/><U122/><E122/><V54/><F54/><W64/><G108/><T34/><D34/><U111/><E111/><V114/><F114/><W58/><G104/><T106/><D113/><U97/><E93/><V67/><F67/><W3/><G101/><T53/><D106/><U61/><E61/><V15/><F15/><W100/><G100/><N who="0" m="60519" /><D5/><U36/><E36/><N who="2" m="21543" /><F28/><W134/><G134/><T127/><D127/><N who="2" m="48682" /><F116/><W52/><G3/><T74/><D74/><U50/><E50/><V59/><F59/><W125/><G125/><T75/><D75/><U82/><E82/><V22/><F22/><W25/><G25/><N who="0" m="9803" /><D130/><U63/><E63/><V86/><F86/><W96/><G58/><AGARI ba="0,0" hai="40,42,49,53,58,76,77,78" m="9803,60519" machi="58" ten="30,3900,0" yaku="8,1,52,2" doraHai="38" who="0" fromWho="3" sc="368,39,278,0,201,0,153,-39" owari="407,50.7,278,7.8,201,-19.9,114,-38.6" /></mjloggm>