<mjloggm ver="2.3"><GO type="225" lobby="0"/><UN n0="%65%6B%61%72%75%74%65" n1="%E6%A1%9C%E8%8A%B1%E9%96%83%E3%80%85" n2="%E5%AF%82%E5%AF%9E%E3%82%AE%E3%83%8D%E3%82%B9%E3%83%93%E3%83%BC%E3%83%AB" n3="%E3%83%B4%E3%83%A0%EF%BC%99%E3%81%A6" dan="16,18,16,17" rate="2132.37,2197.02,2172.24,2202.89" sx="M,M,M,M"/><TAIKYOKU oya="0"/><INIT seed="0,0,0,5,5,75" ten="250,250,250,250" oya="0" hai0="120,105,116,99,84,85,98,68,62,41,106,134,58" hai1="122,88,72,51,97,113,127,100,18,70,132,16,108" hai2="107,24,14,38,74,92,26,21,121,126,76,27,6" hai3="93,133,39,131,110,95,23,65,32,50,56,7,91"/><T112/><D112/><U3/><E122/><V101/><F121/><W49/><G32/><T25/><D120/><U135/><E113/><V102/><F38/><W79/><G39/><T111/><D116/><U118/><E118/><V12/><F107/><W33/><G33/><T13/><D68/><U59/><E70/><V129/><F129/><W103/><G110/><T117/><D117/><U28/><E108/><V89/><F126/><W2/><G133/><N who="1" m="51274" /><E3/><V40/><F40/><W69/><G69/><T35/><D41/><U114/><E28/><V71/><F71/><W128/><G23/><T43/><D43/><U94/><E72/><V125/><F125/><W47/><G7/><T0/><D0/><U82/><E114/><V45/><F45/><W64/><G2/><T115/><D115/><U77/><E127/><V96/><F6/><W119/><G119/><T54/><D13/><U66/><E100/><V15/><REACH who="2" step="1"/><F21/><REACH who="2" ten="250,250,240,250" step="2"/><W8/><G128/><T17/><D134/><U130/><E130/><V37/><F37/><W55/><G131/><T80/><D111/><U44/><E44/><V109/><F109/><W30/><G47/><T1/><D35/><U67/><E67/><V46/><F46/><W19/><G64/><T124/><D124/><U48/><E66/><V10/><F10/><W52/><G65/><T11/><D106/><U53/><E51/><V81/><AGARI ba="0,1" hai="12,14,15,24,26,27,74,76,81,89,92,96,101,102" machi="81" ten="40,12000,2" yaku="1,1,0,1,52,1,53,3" doraHai="75" doraHaiUra="22" who="2" fromWho="2" sc="250,-60,250,-30,240,130,250,-30" /><INIT seed="1,0,0,1,3,119" ten="190,220,370,220" oya="1" hai0="128,78,98,63,21,131,71,121,15,73,90,120,108" hai1="115,64,126,59,65,117,130,88,134,96,101,75,50" hai2="22,116,42,53,18,125,111,80,17,44,135,14,39" hai3="33,93,105,24,127,67,106,30,85,70,16,129,122"/><U62/><E117/><V28/><F116/><W91/><G127/><T35/><D35/><U94/><E115/><V82/><F125/><W55/><G129/><N who="0" m="49739" /><D108/><U76/><E130/><V20/><F111/><W32/><G32/><T45/><D45/><U61/><E126/><V77/><F135/><W12/><G122/><N who="0" m="47211" /><D73/><U118/><E118/><V95/><F28/><W99/><G55/><T107/><D78/><U8/><E134/><V51/><F95/><W113/><G113/><T38/><D38/><U52/><E8/><V54/><F77/><W69/><G67/><N who="1" m="25674" /><E75/><V102/><F102/><W46/><G46/><T89/><D63/><N who="1" m="24075" /><E76/><V27/><F39/><W48/><G48/><T114/><D71/><U25/><E25/><V10/><F54/><W103/><G105/><T79/><D79/><U133/><E133/><V60/><F60/><W81/><G106/><T110/><D110/><U124/><E124/><V84/><F53/><W68/><G70/><T132/><D114/><U31/><E31/><V34/><F34/><W49/><G49/><T7/><D132/><U104/><E104/><V74/><F74/><W37/><G37/><T2/><D2/><U72/><E72/><V6/><F51/><W58/><G58/><T19/><D7/><U66/><N who="1" m="25682" /><U0/><DORA hai="36" /><E0/><V56/><F44/><W87/><G69/><T1/><D1/><U13/><E13/><V9/><F6/><W40/><G68/><T100/><AGARI ba="0,0" hai="15,19,21,89,90,98,100,107" m="47211,49739" machi="100" ten="40,8000,1" yaku="19,1,13,1,52,3" doraHai="119,36" who="0" fromWho="0" sc="190,80,220,-40,370,-20,220,-20" /><INIT seed="2,0,0,4,3,31" ten="270,180,350,200" oya="2" hai0="21,65,11,50,9,109,62,72,135,79,120,91,1" hai1="44,49,14,121,77,12,3,43,38,59,64,15,83" hai2="81,63,87,24,5,110,58,51,47,30,88,84,95" hai3="33,74,128,111,107,48,108,36,7,118,133,61,86"/><V56/><F5/><W99/><G118/><T67/><D120/><U10/><E121/><V115/><F115/><W18/><G36/><T25/><D109/><N who="3" m="42057" /><G74/><T54/><D135/><U6/><E64/><V69/><F69/><W55/><G7/><T119/><D119/><U71/><E71/><V57/><F110/><W68/><G86/><T70/><D67/><U100/><E100/><V53/><F63/><W105/><G128/><T80/><D91/><U35/><E35/><V37/><F37/><W129/><G129/><T122/><D1/><U0/><E0/><V22/><REACH who="2" step="1"/><F56/><REACH who="2" ten="270,180,340,200" step="2"/><W127/><G61/><T125/><D122/><U103/><E59/><V39/><F39/><W90/><G68/><T98/><D62/><U42/><E38/><V106/><F106/><W13/><G107/><T132/><D70/><U23/><E6/><V78/><AGARI ba="0,1" hai="22,24,30,47,51,53,57,58,78,81,84,87,88,95" machi="78" ten="20,12000,1" yaku="1,1,0,1,7,1,8,1,54,1,53,0" doraHai="31" doraHaiUra="117" who="2" fromWho="2" sc="270,-40,180,-40,340,130,200,-40" /><INIT seed="2,1,0,1,2,34" ten="230,140,470,160" oya="2" hai0="40,103,53,61,121,107,42,20,68,117,35,105,96" hai1="56,110,113,135,76,21,90,9,101,131,72,126,31" hai2="112,115,83,52,17,7,108,95,32,55,132,44,41" hai3="23,28,97,29,119,77,111,2,57,58,120,5,25"/><V82/><F32/><W102/><G119/><T109/><D121/><U81/><E113/><V49/><F132/><W94/><G120/><T134/><D134/><U86/><E135/><V16/><F7/><W122/><G111/><T36/><D36/><U38/><E110/><V91/><F108/><W62/><G122/><T130/><D107/><U18/><E126/><V24/><F115/><W8/><G77/><T50/><D35/><U88/><E131/><V37/><F112/><W0/><G29/><T79/><D79/><U14/><E38/><V125/><F125/><W106/><G106/><T46/><D109/><U45/><E101/><V118/><F118/><W39/><G39/><T1/><D1/><U4/><E45/><V80/><F24/><W89/><G89/><N who="1" m="34410" /><E72/><V124/><F124/><W129/><G129/><T54/><D117/><U128/><E128/><V116/><F116/><W93/><G93/><T123/><D123/><U15/><E56/><V104/><F104/><W69/><REACH who="3" step="1"/><G2/><REACH who="3" ten="230,140,470,150" step="2"/><T73/><D105/><U71/><E71/><V70/><F70/><W48/><G48/><T22/><D50/><U114/><E114/><V74/><F74/><W85/><G85/><T11/><D73/><U66/><E31/><V10/><F37/><W3/><G3/><T27/><D68/><U78/><E78/><V33/><F91/><W92/><G92/><T64/><D130/><U99/><E99/><V6/><F95/><W84/><G84/><T60/><D96/><U51/><E51/><V13/><F33/><W65/><AGARI ba="1,1" hai="0,5,8,23,25,28,57,58,62,65,69,94,97,102" machi="65" ten="30,4000,0" yaku="1,1,0,1,52,1,53,0" doraHai="34" doraHaiUra="47" who="3" fromWho="3" sc="230,-11,140,-11,470,-21,150,53" /><INIT seed="3,0,0,1,4,97" ten="219,129,449,203" oya="3" hai0="69,39,95,9,7,31,4,38,43,110,5,26,98" hai1="121,116,0,101,109,133,72,20,75,102,94,92,36" hai2="100,134,76,85,68,44,50,1,24,124,86,32,89" hai3="47,99,91,11,19,16,27,127,115,108,71,82,17"/><W62/><G115/><T58/><D69/><U93/><E121/><V23/><F68/><W51/><G127/><T65/><D110/><U125/><E109/><V111/><F1/><W117/><G108/><T22/><D43/><U29/><E125/><V83/><F111/><W41/><G117/><T37/><D58/><U74/><E116/><V107/><F32/><W21/><G71/><T25/><D25/><U48/><E36/><V61/><F61/><W53/><G11/><T45/><D65/><U3/><E133/><V80/><F134/><W66/><G66/><T54/><D54/><U30/><E48/><V49/><F124/><W55/><G62/><T113/><D113/><U40/><E40/><V130/><F130/><W14/><G14/><T34/><D34/><U120/><E120/><V106/><F50/><W81/><G81/><T79/><D79/><U104/><E104/><V90/><F76/><W42/><G42/><T67/><D67/><U13/><E13/><V57/><F57/><W28/><G82/><T12/><D45/><U2/><E20/><V135/><F135/><W105/><G105/><T87/><D87/><U123/><E123/><V35/><F83/><W10/><G10/><T77/><D77/><U96/><E96/><V60/><F60/><W73/><G73/><T18/><D38/><U6/><E6/><V59/><F80/><W33/><G33/><T84/><D84/><U132/><E132/><V15/><F35/><W129/><G129/><T128/><D128/><U122/><E122/><V78/><F107/><W70/><G41/><T126/><D126/><RYUUKYOKU ba="0,0" sc="219,15,129,15,449,-15,203,-15" hai0="4,5,7,9,12,18,22,26,31,37,39,95,98" hai1="0,2,3,29,30,72,74,75,92,93,94,101,102" owari="234,3.4,144,-35.6,434,53.4,188,-21.2" /></mjloggm>