<mjloggm ver="2.3"><GO type="225" lobby="0"/><UN n0="%4B%2E%32%2E%4B%2E" n1="%61%6D%65%6B%69" n2="%33%74%72%65%65" n3="%E5%AD%90%E4%BE%9B%E4%BC%9A%E5%93%A1" dan="16,16,16,17" rate="2137.47,2090.73,2142.45,2111.91" sx="M,M,F,M"/><TAIKYOKU oya="0"/><INIT seed="0,0,0,2,5,27" ten="250,250,250,250" oya="0" hai0="102,12,91,95,60,125,47,115,94,116,108,77,104" hai1="82,106,7,19,15,57,41,48,63,118,113,23,71" hai2="99,46,55,84,110,17,22,119,96,36,120,132,10" hai3="93,112,97,16,86,79,81,133,54,24,124,103,8"/><T129/><D115/><U123/><E106/><V111/><F120/><W43/><G112/><T25/><D116/><U21/><E113/><V117/><F10/><W109/><G109/><N who="2" m="41481" /><F84/><W134/><G124/><T67/><D125/><U0/><E118/><N who="2" m="45067" /><F132/><N who="3" m="50795" /><G43/><T88/><D129/><U70/><E123/><V64/><F64/><W122/><G122/><T50/><D108/><U69/><E0/><V72/><F72/><W45/><G8/><T135/><D77/><U87/><E7/><V105/><F105/><W80/><G80/><T89/><D104/><U34/><E34/><V28/><F28/><W121/><G121/><T11/><D135/><U68/><E23/><V39/><F55/><W52/><G45/><T37/><D47/><U74/><E74/><V51/><F36/><W4/><G4/><T90/><D37/><U62/><E71/><V30/><F39/><W26/><G26/><T38/><D50/><U58/><E48/><V6/><F6/><W128/><G128/><T83/><D102/><U61/><REACH who="1" step="1"/><E41/><REACH who="1" ten="250,240,250,250" step="2"/><V49/><F49/><W1/><G1/><T130/><D130/><U75/><E75/><V18/><F51/><W32/><G32/><T9/><D38/><U76/><AGARI ba="0,1" hai="15,19,21,57,58,61,62,63,68,69,70,76,82,87" machi="76" ten="40,2700,0" yaku="1,1,0,1,53,0" doraHai="27" doraHaiUra="35" who="1" fromWho="1" sc="250,-13,240,37,250,-7,250,-7" /><INIT seed="1,0,0,0,3,24" ten="237,277,243,243" oya="1" hai0="4,117,131,83,17,121,54,43,103,114,11,1,124" hai1="122,104,45,105,60,62,115,97,93,55,25,61,26" hai2="95,15,56,68,81,64,21,82,49,36,70,28,110" hai3="123,47,88,92,89,128,87,12,102,113,48,19,134"/><U72/><E72/><V127/><F36/><W3/><G123/><T116/><D114/><U33/><E122/><V23/><F110/><W8/><G113/><T132/><D121/><U32/><E115/><V10/><F127/><W85/><G128/><T109/><D109/><U90/><E26/><N who="2" m="16463" /><F70/><W77/><G134/><T57/><D132/><U107/><E25/><V133/><F68/><W66/><G3/><T38/><D124/><U80/><E80/><V96/><F23/><W27/><G77/><T78/><D103/><U7/><E7/><N who="2" m="3551" /><F133/><W84/><G66/><T108/><D17/><U46/><REACH who="1" step="1"/><E55/><REACH who="1" ten="237,267,243,243" step="2"/><N who="2" m="31855" /><F64/><W39/><G27/><T30/><D108/><U135/><E135/><V91/><AGARI ba="0,1" hai="81,82,91,95,96" m="31855,3551,16463" machi="91" ten="30,2000,0" yaku="8,1,52,1" doraHai="24" who="2" fromWho="2" sc="237,-5,267,-10,243,30,243,-5" /><INIT seed="2,0,0,2,5,98" ten="232,257,273,238" oya="2" hai0="7,56,133,29,26,30,122,82,2,40,111,77,33" hai1="130,85,129,17,90,19,8,113,92,28,21,36,125" hai2="120,42,117,93,109,95,135,25,24,53,126,76,79" hai3="128,12,61,108,131,55,63,123,47,48,96,44,101"/><V71/><F117/><W43/><G123/><T69/><D69/><U102/><E36/><V87/><F120/><W50/><G12/><T70/><D122/><U1/><E113/><V0/><F71/><W32/><G32/><T35/><D70/><U115/><E115/><V114/><F0/><W46/><G108/><T86/><D111/><U106/><E125/><V6/><F6/><W15/><G15/><T72/><D133/><U16/><E1/><V37/><F42/><W75/><G75/><T14/><D56/><U91/><E8/><V81/><F37/><W38/><G101/><T64/><D64/><U99/><REACH who="1" step="1"/><E91/><REACH who="1" ten="232,247,273,238" step="2"/><N who="2" m="51695" /><F114/><W132/><G132/><T112/><D112/><U80/><E80/><V45/><F126/><W119/><G119/><T18/><D2/><U3/><E3/><V31/><F135/><W107/><G131/><T60/><D82/><U22/><E22/><V134/><F134/><W5/><G128/><T13/><D33/><U23/><E23/><V124/><F124/><W74/><G38/><T49/><D35/><U65/><E65/><V34/><F34/><W105/><G5/><T11/><D7/><U39/><E39/><V51/><F109/><W103/><G43/><T84/><D40/><U57/><E57/><V118/><F118/><W127/><G127/><T68/><D68/><U4/><E4/><V20/><F20/><W10/><G10/><T62/><D11/><U83/><E83/><V66/><F66/><W41/><G41/><T58/><D58/><U78/><E78/><V27/><F31/><N who="0" m="11786" /><D77/><AGARI ba="0,1" hai="24,25,27,45,51,53,76,77,79,93,95" m="51695" machi="77" ten="30,1500,0" yaku="8,1" doraHai="98" who="2" fromWho="0" sc="232,-15,247,0,273,25,238,0" /><INIT seed="2,1,0,0,0,69" ten="217,247,298,238" oya="2" hai0="104,33,100,8,13,29,43,110,32,65,119,102,39" hai1="23,112,131,9,114,34,41,105,84,46,91,92,66" hai2="76,50,54,27,90,12,31,93,78,129,0,36,19" hai3="16,98,88,116,99,44,113,97,1,67,4,73,14"/><V126/><F0/><W94/><G116/><T72/><D119/><U51/><E34/><V70/><F70/><W18/><G113/><T57/><D72/><U82/><E105/><V11/><F36/><W2/><G73/><T77/><D110/><U40/><E131/><V60/><F60/><W17/><G67/><T128/><D77/><U45/><E66/><V75/><F75/><W74/><G74/><T55/><D128/><U122/><E122/><V121/><F121/><W53/><G1/><T63/><D104/><U5/><E23/><N who="2" m="15871" /><F126/><W95/><G95/><T83/><D83/><U37/><REACH who="1" step="1"/><E82/><REACH who="1" ten="217,237,298,238" step="2"/><V101/><F129/><W24/><G24/><T10/><D33/><U28/><E28/><V103/><F103/><W133/><G133/><T3/><D100/><U109/><E109/><V6/><F101/><W71/><G71/><T86/><D102/><U96/><E96/><N who="2" m="57399" /><F6/><W25/><G25/><T79/><D32/><U48/><E48/><V125/><F125/><W120/><G120/><T56/><D29/><U124/><E124/><V107/><F107/><W130/><G130/><T108/><D108/><U80/><E80/><V115/><F115/><W38/><G99/><T26/><D26/><U118/><E118/><V35/><F35/><W62/><G98/><T85/><D65/><U64/><E64/><V134/><F134/><W30/><G30/><T135/><D135/><U22/><E22/><V47/><AGARI ba="1,1" hai="11,12,19,47,50,54,76,78" m="57399,15871" machi="47" ten="30,1500,0" yaku="8,1" doraHai="69" who="2" fromWho="2" sc="217,-6,237,-6,298,28,238,-6" /><INIT seed="2,2,0,1,3,72" ten="211,231,326,232" oya="2" hai0="60,125,81,56,80,14,93,103,46,118,101,16,121" hai1="68,67,8,82,19,122,44,51,17,21,65,87,42" hai2="114,108,85,62,48,127,50,6,73,89,10,104,128" hai3="75,36,9,63,130,33,97,4,2,23,119,131,102"/><V1/><F114/><W84/><G119/><T70/><D70/><U88/><E68/><V115/><F115/><W20/><G75/><T52/><D121/><U78/><E122/><V15/><F73/><W132/><G36/><T5/><D125/><U30/><E30/><V74/><F74/><W105/><G132/><T31/><D118/><U61/><E61/><V90/><F104/><W79/><G33/><T98/><D31/><U112/><E112/><V69/><F128/><N who="3" m="49195" /><G63/><T134/><D134/><U43/><E43/><V37/><F37/><W18/><G18/><T32/><D5/><U39/><E39/><V124/><F62/><W116/><G116/><T117/><D32/><U135/><E135/><V55/><F69/><W13/><G2/><T38/><D117/><U25/><E8/><V59/><F10/><W7/><G7/><T45/><D103/><U113/><E19/><V24/><F6/><W49/><G49/><T77/><D38/><U96/><E113/><V133/><F48/><W41/><G41/><T94/><D94/><AGARI ba="2,0" hai="17,21,25,42,44,51,65,67,78,82,87,88,94,96" machi="94" ten="40,5200,0" yaku="8,1,52,1,54,1" doraHai="72" who="1" fromWho="0" sc="211,-58,231,58,326,0,232,0" /><INIT seed="3,0,0,4,1,102" ten="153,289,326,232" oya="3" hai0="105,8,83,56,111,40,49,132,101,121,126,35,43" hai1="5,37,91,6,77,85,98,63,41,52,30,7,123" hai2="82,57,51,103,62,36,4,34,99,59,29,135,16" hai3="70,127,97,78,90,134,13,73,54,95,124,100,18"/><W24/><G134/><T58/><D132/><U21/><E123/><V117/><F36/><W39/><G39/><T61/><D121/><U94/><E37/><V67/><F117/><W11/><G70/><T1/><D35/><U2/><E41/><V130/><F4/><W15/><G24/><T31/><D126/><U112/><E112/><V122/><F135/><W114/><G114/><T14/><D31/><U28/><E21/><V55/><F130/><W109/><G109/><T46/><D1/><U32/><E32/><V60/><F122/><W107/><G54/><T80/><D56/><N who="1" m="35207" /><E2/><V10/><F82/><AGARI ba="0,0" hai="5,6,7,28,30,77,82,85,91,94,98" m="35207" machi="82" ten="30,2000,0" yaku="8,1,54,1" doraHai="102" who="1" fromWho="2" sc="153,0,289,20,326,-20,232,0" owari="153,-34.7,309,40.9,306,10.6,232,-16.8" /></mjloggm>