<mjloggm ver="2.3"><GO type="225" lobby="0"/><UN n0="%72%69%6F%75%63%68%61%6E" n1="%E9%B3%B3%E6%9D%B1%E3%81%AE%E3%81%86%E3%81%95%E3%81%8E%E3%81%95%E3%82%93" n2="%E7%BD%AA%E5%88%91%E6%B3%95%E5%AE%9A%E4%B8%BB%E7%BE%A9" n3="%6D%75%75%6D%75%72%61" dan="17,16,16,16" rate="2242.51,2208.90,2162.69,2084.30" sx="M,M,M,F"/><TAIKYOKU oya="0"/><INIT seed="0,0,0,3,0,114" ten="250,250,250,250" oya="0" hai0="134,49,75,92,89,26,27,8,111,117,17,18,109" hai1="2,69,31,97,88,59,101,1,103,64,86,126,58" hai2="94,62,123,63,41,105,36,54,96,102,72,79,128" hai3="52,119,115,95,34,132,61,50,43,53,113,22,85"/><T46/><D117/><U40/><E69/><V3/><F123/><W19/><G132/><T48/><D134/><U30/><E126/><V21/><F3/><W5/><G34/><T70/><D70/><U9/><E40/><V56/><F128/><W124/><G124/><T131/><D131/><U44/><E44/><V29/><F36/><W116/><G5/><T11/><D75/><U10/><E86/><V25/><F41/><W122/><G122/><T110/><D17/><U60/><E60/><V66/><F72/><W82/><G95/><T127/><D127/><U37/><E97/><V23/><F79/><W129/><G129/><T106/><D106/><U90/><REACH who="1" step="1"/><E64/><REACH who="1" ten="250,240,250,250" step="2"/><V16/><F63/><W39/><G113/><T71/><D71/><U13/><E13/><V42/><F42/><W38/><G115/><T100/><D48/><U65/><E65/><V7/><F66/><W108/><G38/><AGARI ba="0,1" hai="1,2,9,10,30,31,37,38,58,59,88,90,101,103" machi="38" ten="25,6400,0" yaku="1,1,22,2,54,1,53,0" doraHai="114" doraHaiUra="125" who="1" fromWho="3" sc="250,0,240,74,250,0,250,-64" /><INIT seed="1,0,0,4,2,132" ten="250,314,250,186" oya="1" hai0="13,70,50,88,122,119,44,106,112,33,91,111,11" hai1="25,98,81,100,82,59,90,0,22,51,56,76,129" hai2="18,17,89,63,23,47,52,27,92,135,40,34,10" hai3="53,41,54,83,96,108,118,114,43,99,2,5,74"/><U93/><E129/><V3/><F135/><W102/><G114/><T109/><D112/><U130/><E130/><V4/><F34/><W29/><G108/><N who="0" m="41547" /><D119/><U48/><E0/><V69/><F69/><W24/><G118/><T113/><D113/><U16/><E100/><V110/><F110/><W57/><G5/><T73/><D73/><U26/><E26/><V37/><F18/><W117/><G2/><T72/><D72/><U66/><E66/><V49/><F63/><W107/><G117/><T60/><D33/><U42/><E42/><V65/><F65/><W124/><G124/><T97/><D122/><U128/><E128/><V71/><F71/><W84/><G74/><T104/><D60/><U123/><E123/><V28/><F28/><W75/><G99/><T55/><D70/><U86/><REACH who="1" step="1"/><E81/><REACH who="1" ten="250,304,250,186" step="2"/><V121/><F121/><W31/><G41/><T78/><D78/><U68/><E68/><V46/><F40/><W120/><G43/><T79/><D79/><U9/><E9/><V6/><F37/><W35/><G120/><T103/><D106/><U32/><E32/><V61/><F3/><W62/><G53/><T127/><D127/><U38/><E38/><V7/><F10/><W131/><G131/><T126/><D126/><U12/><E12/><V58/><REACH who="2" step="1"/><F49/><AGARI ba="0,1" hai="16,22,25,48,49,51,56,59,76,82,86,90,93,98" machi="49" ten="40,12000,1" yaku="1,1,8,1,54,1,53,1" doraHai="132" doraHaiUra="20" who="1" fromWho="2" sc="250,0,304,130,250,-120,186,0" /><INIT seed="1,1,0,1,2,66" ten="250,434,130,186" oya="1" hai0="63,89,9,101,54,93,26,50,118,99,38,103,84" hai1="15,64,72,90,24,35,96,61,6,113,111,104,86" hai2="18,82,3,1,2,85,117,52,13,34,128,134,46" hai3="23,57,7,75,48,43,45,80,102,28,12,87,114"/><U131/><E113/><V22/><F117/><W121/><G121/><T67/><D118/><U94/><E72/><V14/><F34/><W39/><G114/><T107/><D38/><U77/><E131/><V4/><F128/><W33/><G75/><T19/><D103/><U110/><E6/><V92/><F134/><W69/><G102/><T81/><D26/><U116/><E15/><V108/><F108/><N who="1" m="41513" /><E116/><V65/><F65/><W100/><G100/><T122/><D122/><U53/><E53/><V124/><F124/><W68/><G33/><T49/><D107/><U17/><E104/><V44/><F92/><W11/><G39/><T73/><D73/><U31/><E17/><V42/><F42/><W127/><G57/><T56/><REACH who="0" step="1"/><D54/><REACH who="0" ten="240,434,130,186" step="2"/><U78/><E96/><V8/><REACH who="2" step="1"/><F52/><REACH who="2" ten="240,434,120,186" step="2"/><W91/><G127/><T71/><D71/><AGARI ba="1,2" hai="24,31,35,61,64,71,77,78,86,90,94" m="41513" machi="71" ten="30,5800,0" yaku="14,1,10,1,52,1" doraHai="66" who="1" fromWho="0" sc="240,-61,434,81,120,0,186,0" /><INIT seed="1,2,0,4,1,56" ten="179,515,120,186" oya="1" hai0="128,44,53,97,107,84,74,22,119,34,0,63,10" hai1="102,79,67,28,52,15,48,121,77,124,68,80,42" hai2="126,73,13,85,46,37,130,99,117,83,127,105,45" hai3="115,35,14,36,112,129,81,39,55,70,98,21,24"/><U108/><E121/><V7/><F117/><W72/><G129/><T62/><D119/><U31/><E124/><N who="2" m="47659" /><F73/><W43/><G35/><T103/><D34/><U6/><E42/><V133/><F37/><W75/><G70/><T47/><D74/><U11/><E108/><V38/><F38/><W95/><G14/><T101/><D128/><U30/><E102/><N who="2" m="62687" /><F130/><W92/><G98/><T76/><D103/><U135/><E135/><V116/><F116/><W123/><G43/><T109/><D109/><U27/><E27/><V12/><F133/><W17/><G24/><T110/><D110/><U33/><E33/><V106/><F106/><W64/><G21/><T113/><D113/><U18/><E18/><V61/><F61/><N who="0" m="23050" /><D107/><U16/><E16/><V5/><F13/><W50/><G72/><T87/><D0/><U89/><E67/><V66/><F66/><W4/><G39/><T2/><D2/><U131/><E68/><V41/><F12/><W82/><G36/><T69/><D69/><U93/><E80/><V20/><F20/><W9/><G75/><T59/><D10/><U19/><E131/><V88/><F41/><W65/><G115/><T78/><D22/><U122/><E122/><V29/><F29/><W49/><G112/><T134/><D134/><U100/><E100/><V32/><F32/><W86/><G123/><T104/><D84/><N who="1" m="52391" /><E19/><V3/><F3/><N who="3" m="159" /><G86/><T90/><D87/><U94/><E94/><N who="3" m="35882" /><G82/><T91/><D104/><U1/><E1/><V57/><F57/><AGARI ba="2,0" hai="6,11,15,28,30,31,48,52,57,77,79" m="52391" machi="57" ten="30,2900,0" yaku="8,1,54,1" doraHai="56" who="1" fromWho="2" sc="179,0,515,35,120,-35,186,0" /><INIT seed="1,3,0,4,1,32" ten="179,550,85,186" oya="1" hai0="96,101,128,25,64,48,121,102,86,60,95,127,40" hai1="53,92,59,133,31,94,79,9,73,11,27,90,135" hai2="38,78,1,26,57,67,28,46,42,44,71,58,87" hai3="134,85,98,70,8,93,99,51,52,13,103,63,20"/><U24/><E79/><V33/><F46/><W117/><G134/><N who="1" m="51210" /><E73/><V104/><F104/><W0/><G0/><T82/><D127/><U6/><E6/><V15/><F15/><W62/><G117/><T112/><D128/><U105/><E105/><V91/><F78/><W21/><G99/><T89/><D112/><U97/><E94/><V132/><F132/><W43/><G43/><T66/><D121/><U129/><E129/><V114/><F114/><W126/><G85/><T36/><D36/><U81/><E81/><V72/><F72/><W107/><G107/><T108/><D108/><U22/><E27/><V88/><F91/><W49/><G49/><AGARI ba="3,0" hai="9,11,22,24,31,49,53,59,90,92,97" m="51210" machi="49" ten="30,1500,0" yaku="20,1" doraHai="32" who="1" fromWho="3" sc="179,0,550,24,85,0,186,-24" /><INIT seed="1,4,0,0,0,98" ten="179,574,85,162" oya="1" hai0="118,10,33,106,5,131,113,108,0,105,86,27,63" hai1="80,8,122,101,83,104,37,18,89,41,26,107,64" hai2="81,36,1,3,133,39,93,4,66,43,62,21,129" hai3="60,24,69,74,55,134,6,128,59,16,100,117,95"/><U51/><E122/><V14/><F129/><W46/><G74/><T15/><D108/><U88/><E37/><V53/><F133/><W109/><G134/><T126/><D113/><U54/><E64/><V25/><F53/><W77/><G109/><T97/><D118/><U2/><E41/><V85/><F93/><W75/><G75/><T72/><D131/><U121/><E121/><V35/><F35/><W7/><G69/><T70/><D126/><U61/><E61/><V20/><F1/><W23/><G77/><T65/><D86/><U49/><E26/><V76/><F3/><W87/><G117/><T40/><D40/><U44/><E49/><V12/><F12/><W68/><G68/><T52/><D72/><U71/><E71/><V28/><F43/><W79/><G46/><T56/><D15/><N who="1" m="7527" /><E2/><V22/><F22/><W92/><G128/><T47/><D47/><U127/><E127/><V58/><REACH who="2" step="1"/><F21/><REACH who="2" ten="179,574,75,162" step="2"/><W78/><G92/><T112/><D112/><U42/><E42/><V91/><F91/><N who="1" m="34889" /><E107/><V45/><F45/><W116/><G116/><T48/><REACH who="0" step="1"/><D97/><REACH who="0" ten="169,574,75,162" step="2"/><U82/><E104/><V13/><F13/><W99/><G87/><T9/><D9/><AGARI ba="4,2" hai="4,9,14,20,25,28,36,39,58,62,66,76,81,85" machi="9" ten="40,1300,0" yaku="1,1,53,0" doraHai="98" doraHaiUra="96" who="2" fromWho="0" sc="169,-25,574,0,75,45,162,0" /><INIT seed="2,0,0,3,0,90" ten="144,574,120,162" oya="2" hai0="91,73,30,109,112,54,127,56,12,123,75,97,0" hai1="66,86,120,65,42,104,70,32,88,52,79,116,7" hai2="118,24,81,128,99,11,82,10,85,124,61,22,50" hai3="41,76,69,100,36,27,72,39,3,38,17,121,37"/><V25/><F118/><W110/><G121/><T130/><D123/><U119/><E32/><V101/><F124/><W48/><G3/><T93/><D112/><U35/><E35/><V43/><F128/><W31/><G69/><T126/><D0/><U46/><E120/><V98/><F61/><W49/><G110/><T4/><D109/><U113/><E113/><V71/><F71/><W132/><G132/><T40/><D130/><U58/><E104/><V96/><F101/><W18/><G100/><T57/><D40/><U45/><E79/><V59/><F25/><W117/><G117/><T60/><D30/><U92/><E7/><V19/><F82/><W8/><G8/><N who="0" m="4103" /><D57/><U33/><E33/><V102/><F102/><W29/><N who="3" m="9216" /><DORA hai="21" /><W114/><G114/><T20/><D20/><U135/><E135/><V13/><F13/><W111/><G111/><T1/><D1/><U106/><E106/><V131/><F131/><W14/><G14/><T125/><AGARI ba="0,0" hai="54,56,60,73,75,91,93,97,125,126,127" m="4103" machi="125" ten="30,2000,0" yaku="18,1,52,1" doraHai="90,21" who="0" fromWho="0" sc="144,20,574,-5,120,-10,162,-5" /><INIT seed="3,0,0,5,0,120" ten="164,569,110,157" oya="3" hai0="99,95,67,40,4,29,133,36,7,135,122,106,17" hai1="53,125,21,78,15,34,123,39,8,60,3,100,16" hai2="81,45,13,108,79,37,2,104,54,65,119,33,41" hai3="59,68,121,124,130,46,28,38,110,115,52,101,64"/><W69/><G115/><T96/><D122/><U63/><E123/><V97/><F119/><W90/><G121/><T24/><D67/><U23/><E39/><V85/><F65/><W111/><G101/><N who="0" m="62759" /><D17/><U103/><E34/><V131/><F131/><W80/><G28/><T49/><D49/><U1/><E125/><V31/><F54/><W75/><G90/><N who="0" m="55799" /><D36/><U55/><E78/><V22/><F33/><W82/><G124/><T129/><D40/><U12/><REACH who="1" step="1"/><E16/><REACH who="1" ten="164,559,110,157" step="2"/><V10/><F2/><W113/><G38/><T107/><D129/><U25/><E25/><V19/><F31/><W30/><G130/><T134/><D107/><U127/><E127/><V42/><F42/><W27/><G27/><T73/><D73/><U94/><E94/><V102/><REACH who="2" step="1"/><F22/><AGARI ba="0,1" hai="4,7,22,24,29,133,134,135" m="55799,62759" machi="22" ten="30,1000,0" yaku="20,1" doraHai="120" who="0" fromWho="2" sc="164,20,559,0,110,-10,157,0" owari="184,-1.6,559,65.9,100,-40.0,157,-24.3" /></mjloggm>