<mjloggm ver="2.3"><GO type="225" lobby="0"/><UN n0="%E3%82%A2%E3%83%9E%E3%83%9D%EF%BD%9E%EF%BD%9E%E3%83%A9" n1="%4B%2E%32%2E%4B%2E" n2="%E6%97%A5%E6%9B%9C%E6%97%A5%E3%82%88%E3%82%8A%E3%81%AE%E4%BD%BF%E8%80%85" n3="%E5%AF%82%E5%AF%9E%E3%82%AE%E3%83%8D%E3%82%B9%E3%83%93%E3%83%BC%E3%83%AB" dan="17,16,18,16" rate="2171.08,2118.78,2168.83,2177.33" sx="M,M,M,M"/><TAIKYOKU oya="0"/><INIT seed="0,0,0,5,2,85" ten="250,250,250,250" oya="0" hai0="30,78,46,63,127,89,104,125,32,115,103,5,23" hai1="38,17,72,41,99,95,0,10,84,34,25,56,64" hai2="19,29,9,112,65,59,42,37,11,113,33,74,96" hai3="131,36,83,16,86,114,116,124,14,2,129,97,107"/><T45/><D115/><U79/><E72/><V50/><F74/><W13/><G2/><T18/><D78/><U44/><E64/><V43/><F37/><W101/><G114/><T49/><D5/><U31/><E56/><V39/><F39/><W15/><G116/><T123/><D123/><U40/><E40/><V3/><F3/><W24/><G36/><T76/><D76/><U132/><E132/><V80/><F33/><W77/><G124/><T21/><D103/><U73/><E73/><V109/><F29/><W7/><G7/><T93/><D104/><U67/><E67/><V71/><F71/><W110/><G110/><T81/><D81/><U69/><E69/><V92/><F80/><W121/><G121/><T47/><D63/><U122/><E122/><V61/><F109/><W12/><REACH who="3" step="1"/><G24/><REACH who="3" ten="250,250,250,240" step="2"/><N who="0" m="16655" /><D127/><U35/><E0/><V119/><F119/><W88/><G88/><T60/><D125/><U90/><E38/><V118/><F118/><W100/><G100/><T26/><D32/><U6/><E35/><V82/><F113/><W126/><G126/><T58/><D49/><N who="1" m="26767" /><E79/><V133/><F50/><W106/><G106/><T68/><D68/><U8/><E6/><V98/><F112/><W75/><G75/><T52/><D45/><U105/><E105/><V20/><F133/><W134/><G134/><T51/><D51/><U91/><E91/><V111/><F111/><W55/><G55/><T53/><D53/><U1/><E1/><V4/><F4/><W87/><G87/><AGARI ba="0,1" hai="18,23,26,46,47,52,58,60,87,89,93" m="16655" machi="87" ten="30,5800,0" yaku="8,1,52,1,54,1" doraHai="85" who="0" fromWho="3" sc="250,68,250,0,250,0,240,-58" /><INIT seed="0,1,0,2,5,112" ten="318,250,250,182" oya="0" hai0="45,9,8,94,0,125,35,98,130,118,114,65,76" hai1="127,122,107,6,66,5,4,19,124,108,34,48,27" hai2="134,68,11,14,106,7,71,59,64,111,69,10,31" hai3="62,77,3,135,84,46,129,126,61,85,89,49,37"/><T99/><D114/><U119/><E107/><V96/><F111/><W57/><G3/><T58/><D35/><U72/><E72/><V116/><F134/><W41/><G135/><T83/><D125/><N who="1" m="48203" /><E122/><V75/><F75/><W79/><G126/><T30/><D30/><N who="1" m="19807" /><E108/><V81/><F31/><W39/><G129/><T110/><D45/><U117/><E66/><V16/><F81/><W51/><G37/><T54/><D99/><U101/><E101/><V17/><F11/><W109/><G109/><T120/><D94/><U18/><E48/><V133/><F133/><W56/><G39/><T105/><D54/><U42/><E42/><V13/><F13/><W33/><G33/><T95/><D76/><U22/><E18/><V43/><F43/><W78/><G51/><T1/><D105/><U115/><E115/><V50/><F50/><W53/><REACH who="3" step="1"/><G89/><REACH who="3" ten="318,250,250,172" step="2"/><T121/><D130/><U21/><E21/><V93/><F71/><W67/><AGARI ba="1,1" hai="41,46,49,53,56,57,61,62,67,77,78,79,84,85" machi="67" ten="30,7900,0" yaku="1,1,2,1,0,1,8,1,53,0" doraHai="112" doraHaiUra="24" who="3" fromWho="3" sc="318,-40,250,-21,250,-21,172,92" /><INIT seed="1,0,0,4,0,4" ten="278,229,229,264" oya="1" hai0="132,50,54,127,33,76,14,74,103,47,1,20,85" hai1="24,8,42,7,86,34,106,41,52,105,98,65,135" hai2="129,122,77,63,21,70,83,9,107,0,112,102,62" hai3="81,57,97,95,79,23,117,12,108,94,17,128,31"/><U2/><E135/><V78/><F122/><W104/><G108/><T68/><D33/><U16/><E65/><V91/><F107/><W120/><G120/><T29/><D1/><U11/><E34/><V131/><F102/><W89/><G128/><N who="2" m="49225" /><F21/><W101/><G117/><T55/><D74/><U32/><E32/><V35/><F35/><W87/><G31/><T72/><D72/><U26/><E26/><V66/><F63/><W125/><G125/><T123/><D68/><U13/><E24/><V5/><F112/><W40/><G40/><T100/><D132/><U126/><E126/><V109/><F109/><W48/><G104/><T113/><D123/><U134/><E134/><V58/><F70/><W119/><G119/><T88/><D76/><N who="2" m="29290" /><F83/><W93/><G79/><T110/><D113/><U111/><E111/><V73/><F73/><W3/><G3/><T118/><D118/><U115/><E115/><V124/><F91/><W71/><G71/><T39/><D103/><U25/><E25/><V69/><F69/><W45/><G101/><T43/><D100/><U92/><E86/><V30/><F30/><W38/><G97/><T36/><D29/><U10/><E105/><V67/><F67/><W64/><G81/><T90/><D90/><N who="1" m="55575" /><E106/><V53/><F66/><W114/><G114/><T61/><D127/><AGARI ba="0,0" hai="0,5,9,53,58,62,124,127" m="29290,49225" machi="127" ten="30,2000,0" yaku="19,1,52,1" doraHai="4" who="2" fromWho="0" sc="278,-20,229,0,229,20,264,0" /><INIT seed="2,0,0,0,1,123" ten="258,229,249,264" oya="2" hai0="105,86,96,22,18,79,17,74,71,98,55,127,5" hai1="14,76,110,112,128,134,104,59,61,2,46,87,64" hai2="121,32,26,102,70,31,54,133,135,36,88,20,103" hai3="81,78,25,129,4,82,77,10,43,21,73,69,67"/><V60/><F121/><W34/><G129/><T1/><D74/><U41/><E2/><V90/><F36/><W83/><G34/><T47/><D71/><U3/><E3/><V99/><F20/><W58/><G69/><T65/><D65/><U50/><E112/><V108/><F108/><W119/><G119/><T28/><D1/><U27/><E128/><V29/><F29/><N who="3" m="17583" /><G73/><T125/><D5/><U114/><E114/><V7/><F7/><W97/><G43/><T39/><D28/><U15/><E104/><N who="2" m="63583" /><F103/><W117/><G97/><N who="0" m="37483" /><D105/><U57/><E134/><N who="2" m="51211" /><F54/><W100/><G100/><T89/><D79/><U13/><E110/><V130/><F130/><W132/><G117/><T95/><D22/><U118/><E118/><V48/><F48/><W11/><G132/><T16/><D39/><U40/><E40/><V9/><F9/><N who="3" m="3083" /><G4/><T116/><D116/><U93/><E27/><V75/><F75/><W53/><G67/><AGARI ba="0,0" hai="26,31,32,60,67,70,88,90" m="51211,63583" machi="67" ten="30,5800,0" yaku="25,1,20,1,54,1" doraHai="123" who="2" fromWho="3" sc="258,0,229,0,249,58,264,-58" /><INIT seed="2,1,0,0,0,133" ten="258,229,307,206" oya="2" hai0="64,74,119,122,10,115,96,6,49,79,32,87,90" hai1="114,29,33,95,100,30,20,9,26,52,25,80,53" hai2="3,24,93,34,23,73,108,8,127,84,126,35,27" hai3="2,21,112,116,128,71,42,37,129,118,103,131,99"/><V81/><F73/><W104/><G21/><T56/><D122/><U78/><E114/><V57/><F93/><W134/><G134/><T48/><D32/><N who="2" m="12330" /><F57/><W5/><G71/><T130/><D130/><N who="3" m="33281" /><W51/><DORA hai="67" /><G51/><T50/><D115/><U121/><E121/><V123/><F123/><W19/><G19/><T38/><D38/><U65/><E9/><V39/><F39/><W89/><G89/><T22/><D22/><U69/><E69/><V47/><F47/><N who="3" m="24015" /><G112/><T88/><D96/><U68/><E68/><V97/><F97/><W36/><G36/><T135/><D135/><U117/><E117/><V110/><F8/><AGARI ba="1,0" hai="2,5,8,99,103,104,116,118" m="24015,33281" machi="8" ten="40,2600,0" yaku="19,1,23,1" doraHai="133,67" who="3" fromWho="2" sc="258,0,229,0,307,-29,206,29" /><INIT seed="3,0,0,5,3,59" ten="258,229,278,235" oya="3" hai0="32,74,105,63,3,33,17,85,11,132,122,102,60" hai1="2,99,47,4,92,119,131,68,45,111,115,127,110" hai2="34,107,103,36,41,93,22,1,96,10,118,20,77" hai3="35,19,61,129,39,12,81,48,57,31,18,27,43"/><W84/><G129/><T54/><D74/><U89/><E115/><V52/><F34/><W108/><G39/><T88/><D122/><U76/><E68/><V135/><F118/><W126/><G126/><T100/><D105/><U87/><E127/><V53/><F135/><W65/><G108/><N who="1" m="41514" /><E131/><V38/><F77/><W120/><G120/><T117/><D117/><U130/><E130/><V30/><F107/><W66/><G66/><T42/><D42/><U70/><E70/><V26/><F22/><W123/><G123/><T97/><D3/><U116/><E4/><V78/><F78/><W90/><REACH who="3" step="1"/><G12/><REACH who="3" ten="258,229,278,225" step="2"/><N who="0" m="7327" /><D132/><U29/><E2/><V133/><F133/><W75/><G75/><T114/><D114/><U82/><E29/><V80/><F38/><W28/><G28/><T101/><D32/><U95/><E95/><V9/><F1/><W23/><G23/><T51/><D33/><U44/><AGARI ba="0,1" hai="44,45,47,76,82,87,89,92,99,116,119" m="41514" machi="44" ten="40,1500,0" yaku="14,1" doraHai="59" who="1" fromWho="1" sc="258,-4,229,25,278,-4,225,-7" /><INIT seed="4,0,0,0,3,134" ten="254,254,274,218" oya="0" hai0="36,108,42,38,74,1,112,94,110,93,100,98,99" hai1="123,56,86,107,70,43,23,89,40,114,49,128,20" hai2="72,92,130,75,103,90,76,82,124,106,120,116,39" hai3="117,28,52,63,17,119,51,35,101,0,30,125,21"/><T34/><D1/><U71/><E107/><V53/><F39/><W32/><G0/><T60/><D34/><N who="3" m="12841" /><G101/><T59/><D74/><N who="2" m="28202" /><F53/><W109/><G63/><T3/><D3/><U46/><E128/><V81/><F120/><W77/><G77/><T50/><D50/><U133/><E133/><V78/><F124/><W118/><G52/><N who="0" m="33895" /><D112/><U44/><E56/><V131/><F116/><N who="3" m="29699" /><W80/><DORA hai="61" /><G51/><T64/><D64/><U14/><E123/><V45/><F45/><W24/><G80/><N who="2" m="30825" /><F103/><W83/><G83/><T102/><D42/><U68/><E114/><V66/><F66/><W79/><G79/><N who="2" m="30249" /><F106/><W65/><G65/><T16/><D36/><U5/><E46/><V69/><F69/><W11/><G109/><T27/><D38/><U111/><E111/><V15/><F15/><N who="3" m="7423" /><G30/><T122/><D110/><U85/><E40/><V113/><F113/><W132/><G132/><T31/><D108/><U62/><E62/><V73/><N who="2" m="28210" /><V33/><DORA hai="10" /><F33/><W115/><G115/><T25/><D31/><U9/><E71/><V96/><AGARI ba="0,0" hai="90,92,96,130,131" m="30249,30825,28210" machi="96" ten="50,3200,0" yaku="34,2" doraHai="134,61,10" who="2" fromWho="2" sc="254,-16,254,-8,274,32,218,-8" owari="238,-16.2,246,4.6,306,40.6,210,-29.0" /></mjloggm>