<mjloggm ver="2.3"><GO type="225" lobby="0"/><UN n0="%E3%83%B4%E3%82%A3%E3%83%AF%E3%82%B3%E3%82%B0%E3%83%8B" n1="%63%68%78%62%64" n2="%E6%B4%BE%E9%81%A3%E3%81%AE%E3%82%B8%E3%83%A3%E3%83%83%E3%82%AF" n3="%45%6C%79%73%69%75%6D" dan="16,16,17,17" rate="2135.56,2167.01,2205.06,2117.49" sx="M,M,M,F"/><TAIKYOKU oya="0"/><INIT seed="0,0,0,0,3,91" ten="250,250,250,250" oya="0" hai0="18,61,71,115,131,67,70,15,72,8,40,52,89" hai1="13,76,127,114,6,86,12,33,79,36,17,57,45" hai2="24,126,65,54,81,2,28,47,74,73,78,35,116" hai3="41,84,4,31,113,77,93,111,106,112,30,0,128"/><T46/><D131/><U95/><E33/><V69/><F126/><W130/><G106/><T11/><D115/><U5/><E127/><V80/><F116/><W96/><G41/><T110/><D72/><U34/><E34/><V108/><F108/><W90/><G111/><T83/><D110/><U3/><E3/><V103/><F2/><W64/><G64/><T10/><D70/><U32/><E32/><V119/><F119/><W68/><G68/><T135/><D135/><U56/><E36/><V55/><F103/><W1/><G4/><T9/><D9/><U118/><E45/><V44/><F65/><W102/><G77/><T16/><D18/><U121/><E17/><V94/><F69/><W105/><G1/><T100/><D100/><U92/><E86/><V132/><F132/><W107/><G0/><T75/><D75/><U19/><E19/><V51/><F94/><W21/><G107/><T38/><REACH who="0" step="1"/><D52/><REACH who="0" ten="240,250,250,250" step="2"/><U23/><E118/><V62/><F54/><W50/><G113/><T104/><D104/><U29/><E114/><V7/><F7/><W97/><G112/><T125/><D125/><U99/><E121/><V98/><F73/><W37/><G128/><T27/><D27/><U122/><E122/><V20/><F74/><W124/><G130/><T87/><AGARI ba="0,1" hai="8,10,11,15,16,38,40,46,61,67,71,83,87,89" machi="87" ten="30,6000,0" yaku="1,1,0,1,54,1,53,0" doraHai="91" doraHaiUra="49" who="0" fromWho="0" sc="240,70,250,-20,250,-20,250,-20" /><INIT seed="0,1,0,1,1,105" ten="310,230,230,230" oya="0" hai0="115,61,34,108,59,127,117,123,46,50,92,51,58" hai1="132,41,7,77,22,79,83,55,13,110,4,107,18" hai2="5,120,11,0,125,64,42,33,66,71,124,63,86" hai3="104,53,65,101,56,30,91,68,130,90,119,45,134"/><T72/><D34/><U52/><E107/><V67/><F120/><W98/><G119/><T100/><D117/><U20/><E110/><V25/><F42/><W73/><G130/><T76/><D123/><U70/><E70/><V106/><F86/><W80/><G134/><T131/><D115/><U40/><E132/><V10/><F10/><W69/><G45/><T23/><D127/><N who="2" m="48714" /><F106/><W94/><G30/><AGARI ba="1,0" hai="0,5,11,25,30,33,63,64,66,67,71" m="48714" machi="30" ten="30,1000,0" yaku="18,1" doraHai="105" who="2" fromWho="3" sc="310,0,230,0,230,13,230,-13" /><INIT seed="1,0,0,5,1,65" ten="310,230,243,217" oya="1" hai0="44,10,114,120,73,75,2,55,86,111,128,93,67" hai1="129,60,20,132,124,13,98,116,51,11,4,34,80" hai2="117,48,96,70,58,47,103,131,104,71,135,0,87" hai3="91,8,76,39,57,127,53,69,113,81,29,121,3"/><U25/><E116/><V107/><F0/><W36/><G121/><T79/><D114/><U85/><E124/><V24/><F117/><W106/><G106/><T64/><D111/><U52/><E34/><V97/><F135/><W5/><G113/><T22/><D22/><U82/><E132/><V63/><F87/><W123/><G123/><T115/><D55/><U49/><E98/><V118/><F118/><W122/><G122/><T110/><D44/><U23/><E129/><V109/><F109/><W112/><G112/><T37/><D37/><U21/><E25/><V90/><F24/><W105/><G69/><T101/><D73/><U1/><E1/><V6/><F6/><W50/><G105/><T134/><D134/><U56/><REACH who="1" step="1"/><E82/><REACH who="1" ten="310,220,243,217" step="2"/><V100/><F131/><W45/><G127/><T46/><D128/><U31/><E31/><V14/><F14/><W30/><G30/><T61/><D2/><U59/><E59/><V33/><F33/><W88/><G29/><T133/><D133/><U27/><E27/><V62/><F58/><W84/><REACH who="3" step="1"/><G57/><REACH who="3" ten="310,220,243,207" step="2"/><T12/><D120/><U26/><E26/><V16/><F104/><W130/><G130/><T40/><D110/><U74/><E74/><V41/><F107/><W95/><G95/><T94/><D93/><U42/><E42/><V9/><F41/><W66/><G66/><T54/><D64/><U92/><E92/><V126/><F126/><W38/><AGARI ba="0,2" hai="3,5,8,36,38,39,45,50,53,76,81,84,88,91" machi="38" ten="30,4000,0" yaku="1,1,0,1,54,1,53,0" doraHai="65" doraHaiUra="125" who="3" fromWho="3" sc="310,-10,220,-20,243,-10,207,60" /><INIT seed="2,0,0,4,3,35" ten="300,200,233,267" oya="2" hai0="135,92,68,74,31,75,4,56,60,54,93,19,27" hai1="113,106,73,42,62,122,14,105,115,96,124,57,88" hai2="58,15,114,8,28,29,116,64,7,78,21,125,32" hai3="50,41,87,69,100,33,10,3,25,111,44,118,70"/><V83/><F116/><W2/><G118/><T13/><D68/><U55/><E73/><V80/><F114/><W6/><G111/><T67/><D93/><U127/><E122/><V5/><F125/><N who="1" m="48201" /><E42/><V94/><F32/><W9/><G100/><T98/><D4/><U24/><E24/><N who="2" m="16399" /><F29/><W134/><G134/><T84/><D84/><U86/><E14/><V119/><F119/><W126/><G126/><T108/><D108/><U133/><E133/><V95/><F5/><W18/><G33/><T40/><D40/><U12/><E12/><V53/><F64/><W26/><G87/><T109/><D109/><U22/><E22/><V82/><F78/><W85/><G26/><T90/><D135/><U49/><E49/><AGARI ba="0,0" hai="7,8,15,49,53,58,80,82,83,94,95" m="16399" machi="49" ten="30,1500,0" yaku="8,1" doraHai="35" who="2" fromWho="1" sc="300,0,200,-15,233,15,267,0" /><INIT seed="2,1,0,1,0,6" ten="300,185,248,267" oya="2" hai0="53,21,62,106,19,63,38,72,45,35,129,94,43" hai1="88,48,23,14,64,68,90,32,37,104,40,39,96" hai2="47,36,84,132,8,34,46,133,1,134,28,33,123" hai3="108,20,102,112,69,65,12,73,114,50,113,111,125"/><V98/><F123/><W105/><G73/><T118/><D106/><U122/><E32/><N who="2" m="12395" /><F28/><W30/><G125/><T78/><D35/><U7/><E122/><V131/><F131/><W83/><G83/><T52/><D129/><U55/><E40/><V77/><F98/><N who="3" m="61655" /><G50/><T76/><D118/><U91/><E68/><V60/><F60/><N who="3" m="40103" /><G30/><T82/><D78/><U58/><E64/><V126/><F126/><W74/><G74/><T41/><D41/><U44/><E58/><V117/><F117/><W109/><G12/><T116/><D116/><U9/><REACH who="1" step="1"/><E23/><AGARI ba="1,0" hai="20,23,108,109,111,112,113,114" m="40103,61655" machi="23" ten="40,2600,0" yaku="14,1,11,1" doraHai="6" who="3" fromWho="1" sc="300,0,185,-29,248,0,267,29" /><INIT seed="3,0,0,5,2,80" ten="300,156,248,296" oya="3" hai0="4,88,60,26,53,5,70,111,81,89,40,94,99" hai1="48,33,1,59,13,71,65,130,46,96,3,34,21" hai2="90,0,9,50,134,44,106,30,87,22,123,6,58" hai3="69,8,84,83,47,79,54,119,18,7,133,77,14"/><W92/><G119/><T124/><D111/><U109/><E109/><V113/><F113/><W27/><G133/><T31/><D124/><U16/><E71/><V62/><F106/><W61/><G69/><T120/><D120/><U114/><E114/><V108/><F108/><W93/><G77/><T107/><D107/><U64/><E130/><V24/><F134/><W95/><G27/><T82/><D40/><U49/><E65/><V101/><F101/><W28/><G28/><T12/><D89/><U20/><E96/><V128/><F128/><W15/><G61/><T132/><D132/><U98/><E98/><V2/><F2/><W57/><G47/><T25/><D25/><U131/><E131/><V55/><F123/><W35/><G35/><T115/><D115/><U76/><E76/><V117/><F117/><W19/><G14/><T122/><D122/><U17/><E64/><V67/><F90/><W104/><G104/><T52/><D70/><U37/><E46/><V135/><F135/><W45/><G45/><T29/><D29/><U91/><E91/><V10/><F10/><W66/><G54/><N who="0" m="21099" /><D60/><U110/><E110/><V121/><REACH who="2" step="1"/><F121/><REACH who="2" ten="300,156,238,296" step="2"/><W97/><G97/><T74/><D99/><U129/><E129/><V32/><F32/><W118/><G118/><T105/><D105/><U125/><E125/><V39/><F39/><W100/><G100/><T102/><D102/><U68/><E68/><V112/><F112/><W36/><G36/><T38/><D38/><U11/><E37/><V127/><F127/><W42/><G42/><T73/><D88/><U43/><E11/><RYUUKYOKU ba="0,1" sc="300,-15,156,-15,238,15,296,15" hai2="0,6,9,22,24,30,44,50,55,58,62,67,87" hai3="7,8,15,18,19,57,66,79,83,84,92,93,95" owari="285,8.5,141,-35.9,253,-14.7,321,42.1" /></mjloggm>