<mjloggm ver="2.3"><GO type="225" lobby="0"/><UN n0="%E3%81%86%E3%83%BC%E3%81%B1%E3%83%BC" n1="%E8%81%B7%E6%A5%AD%E3%80%81%E9%A2%A8%32" n2="%4C%4F%4C%49%54%41" n3="%38%63%E3%81%AF%E3%81%A3%E3%81%97%E3%83%BC" dan="17,16,16,16" rate="2178.95,2132.80,2151.41,2134.00" sx="F,M,F,M"/><TAIKYOKU oya="0"/><INIT seed="0,0,0,1,3,117" ten="250,250,250,250" oya="0" hai0="42,0,91,17,49,87,78,4,5,76,123,31,30" hai1="121,52,107,69,58,96,50,20,104,111,124,19,67" hai2="59,71,115,77,85,103,10,128,105,13,122,16,28" hai3="1,3,112,93,11,54,2,72,32,51,113,23,133"/><T119/><D119/><U108/><E124/><V129/><F71/><W63/><G32/><T36/><D36/><U65/><E121/><V94/><F115/><W86/><G72/><T82/><D123/><U116/><E116/><V109/><F109/><N who="1" m="42057" /><E96/><V37/><F37/><W24/><G63/><T21/><D0/><U89/><E89/><V132/><F132/><W35/><G35/><T90/><D91/><U45/><E45/><V100/><F105/><N who="1" m="40521" /><E69/><V7/><F122/><W134/><G11/><T61/><D90/><U88/><E88/><N who="2" m="53519" /><F77/><W57/><G86/><T48/><D76/><U120/><E120/><V46/><F46/><W41/><G41/><T18/><D42/><U56/><E56/><V44/><F44/><W26/><G93/><T74/><D74/><U34/><E34/><V75/><F75/><W114/><REACH who="3" step="1"/><G23/><REACH who="3" ten="250,250,250,240" step="2"/><T47/><D21/><U12/><AGARI ba="0,1" hai="12,19,20,50,52,58,65,67" m="40521,42057" machi="12" ten="30,2000,0" yaku="14,1,54,1" doraHai="117" who="1" fromWho="1" sc="250,-10,250,30,250,-5,240,-5" /><INIT seed="1,0,0,4,4,78" ten="240,280,245,235" oya="1" hai0="121,115,107,36,113,130,111,103,129,53,24,94,90" hai1="102,120,65,109,2,97,13,128,33,114,29,67,134" hai2="58,30,18,75,108,47,84,26,52,0,99,60,62" hai3="81,106,86,127,92,112,95,125,41,118,8,89,23"/><U119/><E120/><V88/><F75/><W80/><G106/><T48/><D36/><U76/><E119/><V19/><F0/><W46/><G112/><T123/><D24/><U25/><E114/><N who="0" m="43529" /><D53/><U37/><E37/><V83/><F108/><W64/><G118/><T10/><D10/><U72/><E2/><V132/><F132/><W87/><G64/><T122/><D48/><U27/><E134/><V68/><F47/><W135/><G135/><T44/><D44/><U57/><E128/><N who="0" m="49257" /><D111/><U43/><E43/><V40/><F40/><W101/><G8/><T79/><D79/><U32/><E109/><V131/><F131/><W61/><G61/><T9/><D9/><U21/><E13/><V49/><F99/><W73/><G23/><T45/><D45/><U12/><E12/><V28/><F28/><W110/><G110/><T42/><D42/><U51/><E51/><V31/><F31/><W20/><G20/><T50/><D50/><U3/><E3/><V133/><F133/><W104/><G46/><T56/><D56/><U116/><E57/><N who="2" m="32911" /><F68/><W5/><G5/><T7/><D7/><U100/><E97/><V54/><F62/><W22/><G22/><AGARI ba="0,0" hai="18,19,22,26,30,54,58,60,83,84,88" m="32911" machi="22" ten="30,7700,0" yaku="8,1,52,1,54,2" doraHai="78" who="2" fromWho="3" sc="240,0,280,0,245,77,235,-77" /><INIT seed="2,0,0,1,2,33" ten="240,280,322,158" oya="2" hai0="120,128,76,43,48,6,32,8,106,107,91,28,16" hai1="79,85,95,46,109,56,121,86,19,89,3,4,11" hai2="2,77,35,83,134,114,111,29,13,73,115,60,51" hai3="112,22,41,80,40,87,64,21,23,133,36,52,45"/><V14/><F134/><W62/><G133/><T90/><D76/><U55/><E109/><V63/><F111/><W97/><G112/><T66/><D28/><U30/><E121/><V44/><F2/><W116/><G116/><T127/><D32/><U96/><E30/><V81/><F29/><W31/><G97/><T131/><D66/><U75/><E46/><V58/><F35/><W10/><G10/><T113/><D113/><U61/><REACH who="1" step="1"/><E19/><REACH who="1" ten="240,270,322,158" step="2"/><V98/><F44/><W126/><G31/><T20/><D120/><U50/><E50/><V84/><F51/><W57/><G126/><T70/><D48/><U117/><E117/><V103/><F114/><W42/><REACH who="3" step="1"/><G64/><REACH who="3" ten="240,270,322,148" step="2"/><T39/><D127/><U12/><E12/><V100/><F13/><W26/><G26/><T104/><D131/><U1/><E1/><V102/><F14/><W27/><G27/><T5/><D128/><U25/><E25/><V71/><F115/><W108/><G108/><T38/><D8/><U37/><E37/><V82/><F98/><W69/><G69/><T93/><D70/><U94/><E94/><V110/><F110/><W59/><G59/><T67/><D67/><U49/><E49/><V118/><F118/><W99/><G99/><T129/><D129/><U130/><E130/><V17/><F71/><W74/><G74/><T105/><D105/><U119/><E119/><V88/><F58/><W47/><G47/><N who="0" m="24055" /><D39/><U135/><E135/><V78/><F73/><W24/><G24/><N who="0" m="14343" /><D93/><U72/><E72/><V122/><F122/><W125/><G125/><T132/><D132/><U101/><E101/><RYUUKYOKU ba="0,2" sc="240,10,270,10,322,-30,148,10" hai0="5,6,90,91,104,106,107" hai1="3,4,11,55,56,61,75,79,85,86,89,95,96" hai3="21,22,23,36,40,41,42,45,52,57,62,80,87" /><INIT seed="3,1,2,0,0,32" ten="250,280,292,158" oya="3" hai0="112,126,108,16,62,122,59,15,98,100,6,21,105" hai1="9,60,69,43,31,79,123,120,44,18,35,111,22" hai2="28,29,121,30,129,127,36,128,134,70,24,99,52" hai3="12,96,84,13,135,73,119,85,19,71,115,124,34"/><W27/><G119/><T58/><D122/><U72/><E111/><V104/><F121/><W55/><G115/><T107/><D108/><U45/><E9/><V64/><F127/><W20/><G73/><T131/><D126/><U76/><E45/><V101/><F36/><W1/><G124/><T93/><D131/><N who="2" m="50250" /><F134/><W56/><G71/><T4/><D112/><U97/><E97/><V106/><F106/><W74/><G74/><T95/><D59/><U78/><E72/><V118/><F118/><W113/><G113/><T11/><D6/><U77/><E35/><N who="2" m="20871" /><F52/><W91/><G135/><T109/><D107/><U10/><E10/><V90/><F90/><W53/><G1/><T65/><REACH who="0" step="1"/><D109/><REACH who="0" ten="240,280,292,158" step="2"/><U75/><E123/><V66/><F66/><W103/><G55/><T5/><D5/><U7/><E7/><V133/><F133/><W38/><G38/><T33/><D33/><U86/><E120/><V46/><F46/><W49/><G34/><T81/><D81/><U63/><E69/><V88/><F64/><W2/><G2/><AGARI ba="1,3" hai="2,4,11,15,16,21,58,62,65,93,95,98,100,105" machi="2" ten="30,8000,1" yaku="1,1,7,1,52,1,54,1,53,1" doraHai="32" doraHaiUra="61" who="0" fromWho="3" sc="240,113,280,0,292,0,158,-83" owari="353,45.3,280,-12.0,292,9.2,75,-42.5" /></mjloggm>