<mjloggm ver="2.3"><GO type="225" lobby="0"/><UN n0="%E3%81%86%E3%83%BC%E3%81%B1%E3%83%BC" n1="%E3%82%B2%E3%82%B9%E8%8C%82%E5%8B%9D" n2="%E6%B4%BE%E9%81%A3%E3%81%AE%E3%82%B8%E3%83%A3%E3%83%83%E3%82%AF" n3="%E3%83%97%E3%83%AC%E3%83%B4%E3%82%A1%E3%83%86%E3%82%A3" dan="17,16,17,16" rate="2190.94,2046.95,2193.60,2129.31" sx="M,F,M,F"/><TAIKYOKU oya="0"/><INIT seed="0,0,0,2,3,75" ten="250,250,250,250" oya="0" hai0="61,30,96,60,102,112,65,132,15,34,47,121,27" hai1="124,11,95,33,135,131,48,17,84,55,80,7,134" hai2="21,130,49,90,92,109,87,100,22,77,74,31,20" hai3="24,25,99,91,101,122,128,127,104,93,54,8,13"/><T53/><D112/><U133/><E33/><V6/><F109/><W29/><G127/><T42/><D121/><U108/><E108/><V103/><F130/><W43/><G128/><T111/><D111/><U67/><E131/><V114/><F114/><W120/><G43/><T45/><D132/><U44/><E124/><V126/><F126/><W46/><G46/><T3/><D3/><U19/><E95/><V35/><F6/><W69/><G69/><N who="0" m="42151" /><D42/><U66/><E67/><V36/><F36/><W38/><G38/><T4/><D4/><U14/><REACH who="1" step="1"/><E66/><REACH who="1" ten="250,240,250,250" step="2"/><V76/><F35/><W117/><G122/><T85/><D34/><U52/><E52/><V79/><F31/><W129/><G120/><T5/><D53/><U32/><E32/><V68/><F68/><W81/><G129/><T58/><D30/><U123/><E123/><V119/><F119/><W59/><G29/><T16/><D102/><N who="2" m="38954" /><F74/><W105/><G105/><T72/><D72/><U89/><AGARI ba="0,1" hai="7,11,14,17,19,44,48,55,80,84,89,133,134,135" machi="89" ten="30,7900,0" yaku="1,1,0,1,20,1,53,1" doraHai="75" doraHaiUra="40" who="1" fromWho="1" sc="250,-39,240,89,250,-20,250,-20" /><INIT seed="1,0,0,3,4,115" ten="211,329,230,230" oya="1" hai0="53,85,20,51,3,13,67,12,107,52,11,4,8" hai1="1,7,21,6,30,39,34,106,119,26,120,112,72" hai2="0,129,94,114,65,113,22,91,68,111,135,71,14" hai3="77,38,130,92,93,86,28,66,100,19,96,82,32"/><U98/><E112/><N who="2" m="43115" /><F0/><W25/><G38/><T101/><D3/><U45/><E120/><V9/><F111/><W70/><G130/><T75/><D75/><U121/><E121/><V124/><F124/><W18/><G92/><T37/><D37/><U105/><E21/><V62/><F135/><W63/><AGARI ba="0,0" hai="18,19,25,28,32,63,66,70,77,82,86,93,96,100" machi="63" ten="30,1100,0" yaku="0,1" doraHai="115" who="3" fromWho="3" sc="211,-3,329,-5,230,-3,230,11" /><INIT seed="2,0,0,0,4,33" ten="208,324,227,241" oya="2" hai0="83,133,43,14,103,84,109,3,2,121,24,75,119" hai1="117,108,11,54,85,1,23,77,53,115,89,101,91" hai2="124,21,95,82,122,120,36,6,132,52,16,70,15" hai3="135,48,131,55,12,86,134,76,87,69,60,90,47"/><V20/><F70/><W79/><G131/><T78/><D121/><U46/><E117/><V110/><F36/><W97/><G12/><T28/><D119/><U0/><E115/><V64/><F64/><W13/><G69/><T34/><D109/><U102/><E108/><V42/><F42/><W25/><G60/><T126/><D133/><N who="3" m="50697" /><G13/><T129/><D129/><U10/><E23/><V49/><F110/><W105/><G25/><T35/><D35/><U106/><E85/><N who="3" m="32266" /><G90/><T93/><D126/><U130/><E130/><V111/><F124/><W9/><G9/><T18/><D43/><U63/><E63/><V7/><F111/><W123/><G123/><T56/><D56/><U61/><E61/><V26/><F132/><W92/><G92/><T113/><D113/><U68/><E68/><V58/><F120/><W62/><G62/><T104/><D104/><U72/><E46/><V37/><F122/><W4/><G4/><N who="2" m="1577" /><F37/><W31/><G31/><T29/><D28/><U80/><E106/><V88/><F82/><W65/><G65/><T127/><D127/><U116/><E116/><V57/><F57/><W100/><AGARI ba="0,0" hai="47,48,55,76,79,97,100,105" m="32266,50697" machi="100" ten="30,1100,0" yaku="20,1" doraHai="33" who="3" fromWho="3" sc="208,-3,324,-3,227,-5,241,11" /><INIT seed="3,0,0,0,5,61" ten="205,321,222,252" oya="3" hai0="77,72,134,42,29,0,123,124,130,110,82,84,48" hai1="19,111,36,4,128,6,59,101,94,24,23,56,58" hai2="38,113,53,102,8,93,69,15,85,80,39,57,127" hai3="107,33,68,86,20,44,91,92,125,1,90,25,79"/><W12/><G1/><T75/><D123/><U112/><E111/><V32/><F113/><W65/><G125/><T30/><D0/><U40/><E128/><V41/><F32/><W11/><G107/><T106/><D106/><U21/><E112/><V71/><F127/><W34/><G79/><T50/><D124/><U98/><E36/><V109/><F109/><W37/><G90/><T16/><D110/><U104/><E40/><V114/><F114/><W95/><G95/><T47/><D130/><U7/><E104/><V99/><F39/><W43/><G68/><T2/><D2/><U55/><E21/><V88/><F41/><W118/><G118/><T46/><D134/><U73/><E73/><V45/><F45/><W100/><G100/><T121/><D121/><U31/><E31/><V54/><F38/><W3/><G3/><T17/><D75/><U5/><E5/><V13/><F54/><AGARI ba="0,0" hai="4,6,7,19,23,24,54,55,56,58,59,94,98,101" machi="54" ten="40,1300,0" yaku="8,1" doraHai="61" who="1" fromWho="2" sc="205,0,321,13,222,-13,252,0" owari="205,-29.5,334,43.4,209,-19.1,252,5.2" /></mjloggm>