<mjloggm ver="2.3"><GO type="225" lobby="0"/><UN n0="%E3%81%B5%E3%81%98%E3%81%8B%E3%81%A4" n1="%E6%9D%B1%E9%A2%A8%E3%81%AE%E3%81%8D%E3%82%83%E3%81%B7%E3%81%95%E3%82%93" n2="%6D%75%75%73%61%6E%6D%75" n3="%E6%B8%A9%E2%98%85%E6%83%85%E2%98%85%E6%8E%AA%E2%98%85%E7%BD%AE" dan="17,17,16,18" rate="2240.44,2195.75,2111.10,2215.30" sx="M,M,F,M"/><TAIKYOKU oya="0"/><INIT seed="0,0,0,2,5,90" ten="250,250,250,250" oya="0" hai0="37,67,108,2,57,56,39,10,123,48,120,132,36" hai1="99,125,78,133,70,24,6,42,15,50,85,97,69" hai2="17,68,31,16,81,93,65,102,13,119,45,114,118" hai3="75,11,73,28,63,62,38,80,112,25,29,51,32"/><T115/><D2/><U35/><E133/><V46/><F114/><W111/><G112/><T94/><D115/><U130/><E130/><V92/><F31/><W84/><G38/><T74/><D74/><U131/><E125/><V135/><F135/><W106/><G106/><T33/><D132/><U79/><E131/><V89/><F68/><W41/><G111/><T23/><D33/><U127/><E127/><V116/><F65/><W44/><G29/><T66/><D108/><U49/><E24/><V9/><F17/><W22/><G32/><T59/><D10/><U54/><E42/><V117/><F117/><W129/><G129/><T126/><D23/><U128/><E35/><V3/><F3/><W14/><G75/><T18/><D18/><U113/><E128/><V110/><F110/><W96/><G96/><T19/><D19/><U58/><E113/><V76/><F102/><W77/><G73/><T26/><D26/><U87/><E6/><AGARI ba="0,0" hai="6,11,14,22,25,28,41,44,51,62,63,77,80,84" machi="6" ten="30,7700,0" yaku="7,1,25,2,8,1" doraHai="90" who="3" fromWho="1" sc="250,0,250,-77,250,0,250,77" /><INIT seed="1,0,0,1,0,83" ten="250,173,250,327" oya="1" hai0="94,89,82,113,0,43,65,4,117,1,29,129,11" hai1="85,72,133,3,103,16,119,14,31,10,63,51,44" hai2="45,106,91,61,56,23,7,30,131,52,96,22,35" hai3="12,33,25,109,66,90,49,69,32,73,84,21,19"/><U18/><E72/><V100/><F131/><W15/><G73/><T80/><D117/><U123/><E123/><V112/><F112/><W132/><G109/><T120/><D129/><U104/><E119/><V6/><F35/><W42/><G132/><T36/><D120/><U78/><E133/><V88/><F45/><W124/><G124/><T114/><D1/><U46/><E3/><V54/><F54/><W68/><G33/><T126/><D126/><U92/><E31/><V101/><F101/><W2/><G2/><T111/><D65/><U121/><E121/><V53/><F53/><W57/><G32/><T107/><D29/><U115/><E115/><V47/><F47/><N who="3" m="25847" /><G69/><T135/><D107/><U67/><E104/><V79/><F79/><W62/><G68/><T105/><D105/><U13/><E103/><V26/><REACH who="2" step="1"/><F23/><REACH who="2" ten="250,173,240,327" step="2"/><W5/><G5/><AGARI ba="0,1" hai="5,6,7,22,26,30,52,56,61,88,91,96,100,106" machi="5" ten="40,8000,1" yaku="1,1,2,1,54,2,53,0" doraHai="83" doraHaiUra="60" who="2" fromWho="3" sc="250,0,173,0,240,90,327,-80" /><INIT seed="2,0,0,3,4,66" ten="250,173,330,247" oya="2" hai0="26,96,94,71,117,118,116,2,17,7,81,40,5" hai1="25,128,48,121,16,49,38,3,89,132,120,110,124" hai2="108,119,60,135,68,1,134,102,115,113,36,88,54" hai3="8,99,125,73,58,75,6,30,22,109,42,62,27"/><V33/><F36/><W97/><G109/><T74/><D40/><U65/><E38/><V111/><F33/><W44/><G125/><T53/><D71/><U104/><E104/><V85/><F1/><W122/><G122/><N who="1" m="47210" /><E65/><N who="2" m="40999" /><F102/><W106/><G106/><T15/><D26/><U127/><E132/><N who="2" m="50731" /><F54/><W50/><G75/><T112/><D53/><U82/><E128/><V57/><F57/><W103/><G73/><T114/><D74/><U123/><N who="1" m="47218" /><U84/><DORA hai="133" /><E110/><N who="2" m="42027" /><F119/><W70/><G70/><T31/><D118/><U47/><E3/><V12/><F12/><N who="3" m="5143" /><G103/><T76/><D2/><U79/><E79/><V100/><F100/><W78/><G78/><T0/><D0/><U80/><E80/><AGARI ba="0,0" hai="80,85,88,113,115" m="42027,50731,40999" machi="80" ten="30,12000,1" yaku="20,1,14,1,10,1,52,1,54,1" doraHai="66,133" who="2" fromWho="1" sc="250,0,173,-120,330,120,247,0" /><INIT seed="2,1,0,1,3,119" ten="250,53,450,247" oya="2" hai0="127,123,55,128,65,38,113,77,18,88,3,28,120" hai1="17,27,16,98,83,68,125,58,46,71,37,91,74" hai2="69,109,75,80,43,0,135,31,116,70,108,64,47" hai3="111,122,56,93,60,118,20,51,42,11,9,13,61"/><V82/><F116/><W81/><G118/><T19/><D113/><U2/><E125/><V8/><F135/><W87/><G122/><T41/><D127/><U15/><E2/><V131/><F131/><W124/><G124/><T95/><D128/><U29/><E58/><V107/><F107/><W62/><G111/><T121/><D3/><U79/><E17/><V72/><F31/><W114/><G114/><T97/><D77/><U6/><E6/><V14/><F0/><W67/><G93/><T39/><D28/><U59/><E59/><V34/><F34/><W133/><G20/><T24/><D65/><U84/><E98/><V110/><F80/><W66/><G133/><T132/><D132/><U30/><E30/><V102/><F102/><W94/><G94/><T85/><D55/><U4/><E4/><V126/><F126/><W78/><G9/><T130/><D130/><U53/><E37/><V73/><F82/><W104/><G104/><T96/><D39/><U101/><E101/><V115/><F64/><W134/><G134/><T99/><REACH who="0" step="1"/><D24/><REACH who="0" ten="240,53,450,247" step="2"/><U44/><E79/><V22/><F115/><W35/><G67/><T54/><D54/><U103/><E74/><V5/><F73/><W100/><G35/><T117/><D117/><U49/><E44/><AGARI ba="1,1" hai="18,19,38,41,44,85,88,95,96,97,99,120,121,123" machi="44" ten="50,8000,1" yaku="1,1,52,3,54,1,53,0" doraHai="119" doraHaiUra="25" who="0" fromWho="1" sc="240,93,53,-83,450,0,247,0" owari="333,13.3,-30,-53.0,450,55.0,247,-15.3" /></mjloggm>