<mjloggm ver="2.3"><GO type="225" lobby="0"/><UN n0="%E8%90%BD%E6%97%A5" n1="%6D%75%75%6D%75%72%61" n2="%E5%A4%96%E5%B7%9D%E7%AB%9C%E6%88%90" n3="%E3%82%AF%E3%82%A3%E3%82%A6" dan="19,16,16,16" rate="2247.20,2152.34,2077.67,2122.12" sx="F,F,M,M"/><TAIKYOKU oya="0"/><INIT seed="0,0,0,2,1,72" ten="250,250,250,250" oya="0" hai0="54,37,132,71,9,91,92,82,131,68,74,81,102" hai1="113,88,127,94,120,46,101,29,98,86,135,73,24" hai2="48,5,3,61,35,2,66,17,106,36,117,21,33" hai3="124,47,19,123,114,90,56,111,18,119,97,112,51"/><T44/><D131/><U116/><E116/><V128/><F36/><W22/><G119/><T41/><D132/><U31/><E120/><V122/><F122/><W75/><G123/><T77/><D102/><U16/><E127/><V76/><F106/><W118/><G118/><T38/><D38/><U87/><E73/><V6/><F117/><W30/><G124/><T85/><D54/><U15/><E135/><V108/><F108/><W104/><G111/><T45/><D45/><U83/><E113/><V14/><F48/><W11/><G75/><T63/><D63/><U28/><E86/><V99/><F99/><W121/><G121/><T103/><REACH who="0" step="1"/><D9/><REACH who="0" ten="240,250,250,250" step="2"/><U70/><E46/><V27/><F61/><W42/><G11/><T64/><D64/><U129/><E129/><V96/><F66/><W34/><G114/><T25/><D25/><U95/><E70/><V39/><F39/><W40/><G112/><T55/><D55/><U80/><E24/><V0/><F128/><W53/><G53/><T43/><D43/><U126/><E126/><V62/><F62/><W59/><G40/><T125/><D125/><U134/><E134/><V133/><F133/><W1/><G59/><T79/><D79/><U32/><E32/><V58/><F76/><W130/><G56/><T23/><D23/><AGARI ba="0,1" hai="15,16,23,28,29,31,80,83,87,88,94,95,98,101" machi="23" ten="40,5200,0" yaku="8,1,54,2" doraHai="72" who="1" fromWho="0" sc="240,-52,250,62,250,0,250,0" /><INIT seed="1,0,0,2,4,8" ten="188,312,250,250" oya="1" hai0="33,77,45,87,129,86,9,53,54,67,103,98,99" hai1="10,117,39,81,61,58,78,28,21,22,91,6,11" hai2="105,64,37,112,124,135,7,26,70,134,48,125,122" hai3="110,16,89,5,46,113,19,34,62,14,35,97,56"/><U121/><E117/><V51/><F105/><W47/><G113/><T42/><D33/><U30/><E121/><V31/><F122/><W96/><G110/><T120/><D120/><U123/><E123/><V88/><F37/><W101/><G35/><T90/><D129/><U20/><E39/><V115/><F7/><W71/><G34/><T55/><D67/><U85/><E78/><V76/><F76/><W18/><G71/><T27/><D27/><U38/><E11/><V84/><F26/><W114/><G114/><N who="2" m="43561" /><F31/><W92/><G5/><T36/><D77/><U95/><E95/><N who="2" m="54663" /><F64/><W74/><G74/><T73/><D73/><U24/><E38/><V44/><F70/><W0/><G0/><T118/><D118/><U2/><REACH who="1" step="1"/><E28/><REACH who="1" ten="188,302,250,250" step="2"/><V111/><F111/><W13/><G101/><T32/><D9/><U93/><E93/><V12/><F125/><W29/><G29/><T82/><D82/><U57/><E57/><V109/><F124/><W43/><G97/><T133/><D98/><U50/><E50/><V83/><F109/><W116/><G116/><T94/><D87/><U130/><E130/><V66/><F51/><N who="3" m="27103" /><G47/><T132/><D36/><U131/><E131/><V128/><F128/><W4/><G4/><T23/><D94/><U40/><E40/><V68/><F83/><W72/><G72/><T79/><D79/><U41/><E41/><V100/><F44/><W1/><G1/><T59/><D45/><U25/><E25/><V63/><F68/><W107/><G107/><N who="0" m="63999" /><D42/><U127/><E127/><V80/><F80/><W52/><AGARI ba="0,1" hai="13,14,16,18,19,52,56,62,89,92,96" m="27103" machi="52" ten="30,8000,1" yaku="8,1,52,2,54,2" doraHai="8" who="3" fromWho="3" sc="188,-20,302,-40,250,-20,250,90" /><INIT seed="2,0,0,2,4,9" ten="168,262,230,340" oya="2" hai0="118,79,3,110,133,111,84,60,98,69,83,55,127" hai1="114,123,89,12,26,5,6,91,54,13,88,18,45" hai2="95,77,129,27,61,107,108,44,22,132,10,46,50" hai3="121,113,115,28,94,14,75,53,25,78,56,92,103"/><V51/><F129/><W30/><G121/><T120/><D3/><U38/><E123/><V59/><F132/><W70/><G70/><T49/><D120/><U47/><E114/><N who="3" m="43530" /><G14/><N who="1" m="5738" /><E38/><V117/><F107/><W72/><G78/><T11/><D133/><U2/><E2/><V128/><F77/><W33/><G30/><T90/><D127/><U135/><E135/><V66/><F10/><W85/><G85/><T65/><D118/><U43/><E43/><V106/><F106/><W80/><G80/><T74/><D98/><U64/><E64/><V63/><F63/><N who="3" m="36239" /><G103/><T16/><D74/><AGARI ba="0,0" hai="25,28,33,72,74,75,92,94" m="36239,43530" machi="74" ten="30,1000,0" yaku="11,1" doraHai="9" who="3" fromWho="0" sc="168,-10,262,0,230,0,340,10" /><INIT seed="3,0,0,5,3,36" ten="158,262,230,350" oya="3" hai0="3,105,108,132,88,29,77,101,45,4,99,128,34" hai1="41,72,79,24,42,97,60,89,87,2,92,86,114" hai2="91,70,110,17,124,82,64,50,18,62,35,31,113" hai3="66,118,21,73,104,15,59,43,80,20,90,69,120"/><W115/><G115/><T71/><D108/><U75/><E2/><V47/><F113/><W68/><G118/><T129/><D71/><U48/><E114/><V6/><F110/><W46/><G120/><T127/><D77/><U38/><E38/><V30/><F124/><W56/><G104/><T7/><D127/><U28/><E72/><V63/><F6/><W52/><G73/><T126/><D126/><U131/><E131/><V121/><F121/><W107/><G107/><T135/><D29/><N who="2" m="10762" /><F35/><W119/><G119/><T1/><D34/><U9/><E9/><V51/><F51/><W37/><G15/><T98/><D45/><U13/><E13/><V61/><F64/><W55/><G90/><T8/><D88/><U14/><E14/><V85/><F70/><N who="3" m="27243" /><G80/><T26/><D26/><U76/><E75/><V116/><F116/><W44/><G21/><T83/><D83/><N who="1" m="47463" /><E79/><V93/><F82/><W125/><G20/><T130/><REACH who="0" step="1"/><D99/><REACH who="0" ten="148,262,230,350" step="2"/><U25/><E97/><V27/><F27/><W19/><G125/><T54/><D54/><AGARI ba="0,1" hai="17,18,47,50,54,61,62,63,85,91,93" m="10762" machi="54" ten="30,1000,0" yaku="8,1" doraHai="36" who="2" fromWho="0" sc="148,-10,262,0,230,20,350,0" owari="138,-36.2,262,6.2,250,-15.0,350,45.0" /></mjloggm>