<mjloggm ver="2.3"><GO type="225" lobby="0"/><UN n0="%E5%8F%AF%E5%85%90%E9%82%A3%E7%94%B1%E5%A4%9A" n1="%E6%98%93%E5%88%A9%E8%96%A9%E4%BC%AF" n2="%E5%BC%93%E6%9C%A8%E3%81%AA%E3%81%8A" n3="%E3%81%8B%E3%82%8F%E3%81%A1%E3%82%83%E3%82%93%35%38" dan="17,16,16,16" rate="2152.96,2041.50,2111.08,2188.86" sx="F,F,M,M"/><TAIKYOKU oya="0"/><INIT seed="0,0,0,0,1,5" ten="250,250,250,250" oya="0" hai0="68,114,130,101,35,59,86,64,103,62,20,29,6" hai1="133,111,121,77,47,96,124,89,49,97,116,9,38" hai2="41,63,109,16,72,30,17,25,79,88,115,21,31" hai3="24,52,134,57,4,32,7,93,84,8,118,56,131"/><T83/><D114/><U132/><E116/><V33/><F115/><W65/><G118/><T85/><D130/><U92/><E121/><V58/><F72/><W34/><G131/><T14/><D35/><U107/><E38/><V11/><F79/><W112/><G112/><T13/><D68/><U75/><E49/><V78/><F78/><W81/><G134/><N who="1" m="51818" /><E47/><V95/><F41/><W80/><G32/><T98/><D86/><N who="1" m="52279" /><E111/><V42/><F42/><W76/><G4/><T39/><D39/><U128/><E128/><V45/><F45/><W90/><G34/><T2/><D2/><U73/><E9/><V105/><F105/><W119/><G119/><T113/><D113/><U70/><E70/><V22/><F22/><W123/><G123/><T50/><D50/><U71/><E71/><V15/><F33/><W100/><G76/><T122/><D122/><U106/><E124/><V120/><F120/><W126/><G126/><T135/><D135/><U53/><E53/><N who="2" m="34255" /><F109/><W19/><G52/><T108/><D108/><U110/><E110/><V102/><F102/><W40/><G100/><T3/><D103/><N who="1" m="62823" /><E77/><V54/><F54/><W74/><G40/><T1/><D1/><U129/><E129/><V28/><F28/><W66/><G57/><T0/><D0/><U36/><E36/><V91/><F91/><W26/><G56/><T60/><D60/><U55/><E55/><V43/><F43/><W99/><G66/><T69/><D69/><U94/><E107/><V127/><F127/><W125/><G125/><T82/><D20/><U37/><E37/><V27/><F27/><RYUUKYOKU ba="0,0" sc="250,-15,250,15,250,15,250,-15" hai1="73,75,94,97" hai2="11,15,16,17,21,25,30,31,88,95" /><INIT seed="1,1,0,2,5,89" ten="235,265,265,235" oya="1" hai0="106,39,42,105,12,87,10,45,70,131,14,130,114" hai1="56,121,37,78,3,77,35,49,63,123,103,133,27" hai2="101,104,15,119,0,44,59,81,7,31,116,113,9" hai3="67,108,91,97,64,16,90,96,95,69,32,33,41"/><U127/><E37/><V98/><F113/><W83/><G41/><T88/><D114/><U61/><E3/><V51/><F59/><W58/><G69/><T36/><D70/><U120/><E133/><V112/><F112/><W72/><G108/><T102/><D36/><U22/><E35/><V135/><F135/><W99/><G33/><T115/><D115/><U21/><E127/><V38/><F31/><W93/><G32/><T53/><D53/><U47/><E103/><V100/><F100/><W52/><G97/><T2/><D2/><U34/><E22/><V5/><F38/><W19/><G83/><T1/><D1/><U110/><E34/><V94/><F104/><W23/><G72/><T6/><D14/><U84/><E84/><V13/><F81/><W48/><G19/><T43/><D43/><U46/><E63/><V76/><F76/><W40/><G40/><T124/><D124/><U107/><E107/><V74/><F74/><W24/><AGARI ba="1,0" hai="16,23,24,48,52,58,64,67,90,91,93,95,96,99" machi="24" ten="20,16000,3" yaku="0,1,7,1,9,1,8,1,52,2,54,2" doraHai="89" who="3" fromWho="3" sc="235,-41,265,-81,265,-41,235,163" /><INIT seed="2,0,0,5,2,44" ten="194,184,224,398" oya="2" hai0="101,90,2,91,128,12,42,72,98,85,62,127,77" hai1="76,54,113,81,37,28,48,56,95,129,22,7,21" hai2="3,105,104,35,117,19,55,45,53,112,0,94,11" hai3="24,125,73,38,26,130,43,29,100,103,109,69,122"/><V79/><F112/><W97/><G69/><T96/><D2/><U133/><E113/><V59/><F117/><W111/><G73/><T93/><D42/><U52/><E37/><V64/><F35/><W10/><G122/><T27/><D12/><U131/><E133/><V34/><F34/><W61/><G130/><N who="1" m="49674" /><E28/><V1/><F79/><W74/><G74/><T60/><D128/><U87/><E7/><V116/><F116/><W110/><G125/><T120/><D120/><U88/><E54/><V30/><F30/><W14/><G61/><T114/><D114/><U108/><E108/><V68/><F64/><W83/><G83/><N who="0" m="45479" /><D27/><N who="3" m="10281" /><G29/><T123/><D60/><U50/><E50/><V89/><F68/><W126/><G126/><T92/><D62/><U6/><E6/><V9/><F19/><N who="3" m="8663" /><G97/><AGARI ba="0,0" hai="21,22,48,52,56,76,81,87,88,95,97" m="49674" machi="97" ten="30,7700,0" yaku="19,1,52,1,54,2" doraHai="44" who="1" fromWho="3" sc="194,0,184,77,224,0,398,-77" /><INIT seed="3,0,0,0,5,31" ten="194,261,224,321" oya="3" hai0="112,23,51,70,88,113,33,91,52,16,10,57,22" hai1="105,15,84,45,50,0,117,115,13,55,107,79,74" hai2="62,26,98,46,78,124,8,75,92,37,43,19,29" hai3="60,12,30,127,41,111,104,81,90,5,106,134,2"/><W103/><G103/><T14/><D70/><U7/><E74/><V6/><F124/><W20/><G41/><T69/><D69/><U47/><E115/><N who="0" m="44105" /><D33/><U102/><E0/><V120/><F120/><W82/><G90/><AGARI ba="0,0" hai="10,14,16,22,23,51,52,57,88,90,91" m="44105" machi="90" ten="30,7700,0" yaku="11,1,54,3" doraHai="31" who="0" fromWho="3" sc="194,77,261,0,224,0,321,-77" /><INIT seed="4,0,0,4,0,51" ten="271,261,224,244" oya="0" hai0="106,99,61,94,66,125,135,109,14,3,57,40,97" hai1="132,104,92,52,38,6,80,126,82,18,113,107,119" hai2="5,13,53,76,81,9,49,15,83,55,123,31,77" hai3="78,91,30,131,17,72,24,22,103,128,100,41,69"/><T0/><D135/><U62/><E38/><V133/><F133/><W7/><G69/><T90/><D125/><U121/><E119/><V74/><F123/><W127/><G127/><T11/><D109/><U28/><E121/><V58/><F31/><W84/><G7/><T34/><D34/><U110/><E110/><V33/><F33/><W79/><G41/><T88/><D40/><U56/><E132/><V1/><REACH who="2" step="1"/><F55/><REACH who="2" ten="271,261,214,244" step="2"/><W65/><G30/><T36/><D36/><U102/><E28/><V21/><F21/><W120/><G120/><T8/><D8/><U85/><E126/><V89/><F89/><W4/><G22/><T96/><D90/><U16/><E113/><V108/><F108/><W32/><G91/><T87/><REACH who="0" step="1"/><D106/><REACH who="0" ten="261,261,214,244" step="2"/><U47/><E107/><V129/><F129/><W26/><G32/><T93/><D93/><U117/><E104/><V2/><F2/><W118/><G131/><T43/><D43/><U101/><E92/><V48/><F48/><W95/><G128/><T25/><D25/><U112/><E112/><V116/><F116/><W71/><G118/><T122/><D122/><U39/><E117/><V98/><F98/><W70/><G95/><T59/><D59/><U10/><E56/><V130/><F130/><W114/><G114/><T105/><D105/><U19/><E10/><V27/><F27/><W20/><G24/><T50/><D50/><U46/><E39/><V35/><F35/><W73/><G26/><T42/><D42/><U54/><E47/><V86/><AGARI ba="0,2" hai="1,5,9,13,15,49,53,58,74,76,77,81,83,86" machi="86" ten="20,5200,0" yaku="1,1,0,1,7,1,52,1,53,0" doraHai="51" doraHaiUra="64" who="2" fromWho="2" sc="261,-26,261,-13,214,72,244,-13" /><INIT seed="5,0,0,3,0,27" ten="235,248,286,231" oya="1" hai0="31,69,93,130,63,0,120,24,70,124,10,29,38" hai1="64,76,87,126,75,49,13,89,121,20,102,95,85" hai2="132,25,32,7,21,34,40,104,68,80,128,46,61" hai3="117,5,41,23,91,94,113,22,19,45,83,4,12"/><U54/><E121/><V135/><F104/><W28/><G113/><T111/><D111/><U36/><E126/><V81/><F7/><W26/><G83/><T115/><D38/><U33/><E33/><V106/><F106/><W107/><G107/><T125/><D115/><U14/><E36/><V66/><F128/><W17/><G17/><T3/><D130/><U57/><E75/><V123/><F123/><W96/><REACH who="3" step="1"/><G117/><REACH who="3" ten="235,248,286,221" step="2"/><T44/><D120/><U6/><E6/><V71/><F81/><W129/><G129/><T116/><D116/><U79/><E79/><V72/><F80/><W112/><G112/><T100/><D124/><U134/><E76/><V8/><F72/><W73/><G73/><T16/><D125/><U51/><E134/><V11/><F135/><W74/><G74/><T59/><D16/><U109/><E109/><V47/><F132/><W18/><G18/><T39/><D93/><U77/><E77/><V131/><F131/><W99/><G99/><T37/><D31/><U110/><E110/><V98/><F98/><W42/><G42/><T48/><D29/><U52/><E87/><V114/><F114/><W35/><G35/><T133/><D133/><U108/><E108/><V122/><F122/><W55/><G55/><T127/><D127/><U62/><E20/><V90/><F34/><W50/><AGARI ba="0,1" hai="4,5,12,19,22,23,26,28,41,45,50,91,94,96" machi="50" ten="20,8000,1" yaku="1,1,0,1,7,1,8,1,52,1,53,0" doraHai="27" doraHaiUra="30" who="3" fromWho="3" sc="235,-20,248,-40,286,-20,221,90" owari="215,-18.5,208,-29.2,266,6.6,311,41.1" /></mjloggm>