<mjloggm ver="2.3"><GO type="225" lobby="0"/><UN n0="%6D%75%75%73%61%6E%6D%75" n1="%E3%81%AF%E3%82%88%E3%81%8A%E3%81%98%E3%81%95%E3%82%93" n2="%E3%82%A2%E3%83%A1%E3%82%A2%E3%83%A9%E3%83%AC" n3="%E3%83%81%E3%83%AF%E3%83%AF%E9%9A%8A%E9%95%B7" dan="16,17,16,17" rate="2119.03,2136.42,2160.87,2167.31" sx="F,M,M,M"/><TAIKYOKU oya="0"/><INIT seed="0,0,0,1,4,0" ten="250,250,250,250" oya="0" hai0="5,85,134,86,72,36,51,34,110,32,41,40,71" hai1="2,7,100,81,9,79,103,122,3,52,133,42,10" hai2="132,120,8,104,67,135,53,117,116,1,80,130,33" hai3="61,4,25,6,15,27,126,118,91,89,83,18,49"/><T123/><D123/><U125/><E122/><V98/><F120/><W31/><G118/><N who="2" m="45673" /><F33/><W131/><G131/><T121/><D121/><U87/><E125/><V12/><F1/><W93/><G126/><T69/><D72/><U59/><E133/><N who="2" m="51275" /><F67/><W39/><G39/><T78/><D134/><U70/><E70/><V114/><F114/><W56/><G49/><T68/><D36/><U60/><E42/><V14/><F130/><W21/><G83/><T84/><D78/><U24/><E24/><N who="3" m="9290" /><G31/><T30/><D110/><U102/><E10/><V88/><F53/><N who="3" m="33935" /><G89/><T119/><D119/><U54/><REACH who="1" step="1"/><E2/><REACH who="1" ten="250,240,250,250" step="2"/><V43/><F43/><W23/><G23/><T101/><D41/><U17/><E17/><V38/><F8/><W128/><G128/><T45/><D32/><U26/><E26/><V55/><F38/><W111/><G111/><T13/><D34/><U57/><E57/><V35/><F35/><W44/><G44/><T108/><D108/><U28/><E28/><V97/><F14/><W124/><G124/><T65/><D30/><U58/><E58/><V99/><F12/><W66/><G66/><AGARI ba="0,1" hai="3,7,9,52,54,59,60,66,79,81,87,100,102,103" machi="66" ten="40,8000,1" yaku="1,1,52,1,54,1,53,1" doraHai="0" doraHaiUra="74" who="1" fromWho="3" sc="250,0,240,90,250,0,250,-80" /><INIT seed="1,0,0,3,5,27" ten="250,330,250,170" oya="1" hai0="86,28,59,94,119,124,6,84,11,112,81,83,41" hai1="80,56,66,55,39,58,64,24,130,8,46,33,32" hai2="49,85,70,128,68,69,101,113,89,26,36,120,131" hai3="109,23,73,57,106,50,100,60,9,121,72,34,48"/><U44/><E130/><N who="2" m="49707" /><F120/><W22/><G34/><T93/><D112/><U10/><E24/><V75/><F75/><W17/><G121/><T127/><D119/><U132/><E55/><V13/><F36/><W110/><G9/><T31/><D41/><U104/><E39/><V65/><F113/><W97/><G72/><T4/><D59/><U126/><E80/><V2/><F2/><W35/><G73/><T77/><D11/><U53/><E53/><V133/><F101/><W12/><G35/><T74/><D74/><U25/><E25/><V108/><F108/><N who="3" m="41579" /><G22/><T29/><D29/><U7/><E104/><V114/><F13/><W37/><G37/><T98/><D98/><U76/><E76/><AGARI ba="0,0" hai="4,6,28,31,76,77,81,83,84,86,93,94,124,127" machi="76" ten="25,6400,0" yaku="22,2,52,2" doraHai="27" who="0" fromWho="1" sc="250,64,330,-64,250,0,170,0" /><INIT seed="2,0,0,1,3,9" ten="314,266,250,170" oya="2" hai0="76,79,8,93,6,72,102,55,10,100,14,5,114" hai1="80,77,131,67,19,36,1,29,7,39,54,32,85" hai2="16,27,74,115,124,15,92,95,20,62,113,25,108" hai3="90,44,45,83,56,0,130,133,73,71,135,46,50"/><V121/><F121/><W47/><G0/><T63/><D114/><U60/><E131/><V81/><F124/><W129/><G90/><T126/><D126/><U28/><E54/><V22/><F108/><W38/><G71/><T2/><D72/><U31/><E32/><V13/><F74/><W98/><G98/><T122/><D122/><U119/><E119/><V42/><F42/><N who="3" m="22615" /><G83/><T58/><REACH who="0" step="1"/><D93/><REACH who="0" ten="304,266,250,170" step="2"/><U69/><E36/><V86/><F113/><W96/><G73/><T97/><D97/><U120/><E39/><V11/><F115/><W18/><G96/><T40/><D40/><U123/><E120/><V23/><F92/><W107/><G107/><T91/><D91/><U17/><E123/><V68/><F95/><W110/><G110/><T34/><D34/><U53/><E77/><AGARI ba="0,1" hai="2,5,6,8,10,14,55,58,63,76,77,79,100,102" machi="77" ten="40,5200,0" yaku="1,1,52,1,53,1" doraHai="9" doraHaiUra="57" who="0" fromWho="1" sc="304,62,266,-52,250,0,170,0" /><INIT seed="3,0,0,0,0,81" ten="366,214,250,170" oya="3" hai0="14,44,121,132,68,23,126,60,135,49,16,21,120" hai1="43,57,119,108,109,107,134,100,83,78,118,30,19" hai2="45,52,37,56,50,72,6,63,26,99,112,130,103" hai3="35,48,22,71,88,61,59,76,27,55,74,33,40"/><W70/><G70/><T24/><D68/><U29/><E134/><N who="0" m="51241" /><D60/><U8/><E43/><V42/><F112/><W92/><G74/><T65/><D65/><U53/><E100/><V13/><F130/><W116/><G76/><T113/><D126/><U7/><E19/><V127/><F127/><W31/><G116/><N who="1" m="44586" /><E107/><V129/><F129/><W3/><G3/><T82/><D82/><U110/><E8/><N who="2" m="4247" /><F37/><W69/><G69/><T79/><D79/><U28/><E7/><V117/><F117/><W97/><REACH who="3" step="1"/><G40/><REACH who="3" ten="366,214,250,160" step="2"/><N who="0" m="24711" /><D113/><U54/><E57/><V10/><F72/><AGARI ba="0,1" hai="28,29,30,53,54,72,78,83,108,109,110" m="44586" machi="72" ten="40,2600,0" yaku="14,1,12,1" doraHai="81" who="1" fromWho="2" sc="366,0,214,36,250,-26,160,0" owari="366,46.6,250,5.0,224,-17.6,160,-34.0" /></mjloggm>