<mjloggm ver="2.3"><GO type="225" lobby="0"/><UN n0="%E9%80%9F%E6%B0%B4%E5%87%9B%E9%A6%99" n1="%E3%81%95%E3%81%8D%E3%81%9F%E3%81%BE%E6%9E%97%E6%AA%8E" n2="%E3%81%A9%E3%82%8F%E3%82%93%E3%81%94" n3="%E3%81%AF%E3%82%88%E3%81%8A%E3%81%98%E3%81%95%E3%82%93" dan="16,16,16,16" rate="2146.18,2065.99,2203.35,2125.46" sx="F,M,M,M"/><TAIKYOKU oya="0"/><INIT seed="0,0,0,0,4,55" ten="250,250,250,250" oya="0" hai0="12,13,60,65,98,132,89,99,16,25,19,124,43" hai1="41,81,79,39,8,115,61,40,58,11,44,70,100" hai2="24,64,2,27,102,48,59,97,109,5,92,130,106" hai3="68,35,76,129,117,9,103,15,118,7,54,128,123"/><T85/><D132/><U74/><E115/><V113/><F109/><W69/><G35/><T120/><D43/><U122/><E122/><V111/><F130/><N who="3" m="50283" /><G123/><T75/><D25/><U33/><E33/><V63/><F113/><W0/><G76/><T31/><D75/><U83/><E100/><V17/><F111/><W133/><G133/><T94/><D31/><U71/><E41/><V50/><F106/><W73/><G73/><T67/><D124/><U38/><E38/><V86/><F2/><W87/><G87/><T6/><D6/><U28/><E28/><V62/><F5/><W18/><G103/><T134/><D134/><U10/><REACH who="1" step="1"/><E81/><REACH who="1" ten="250,240,250,250" step="2"/><V108/><F108/><W45/><G118/><T49/><D120/><U112/><E112/><V66/><F86/><W46/><G117/><T56/><D85/><U51/><E51/><V135/><F135/><W114/><G114/><T105/><D49/><U53/><AGARI ba="0,1" hai="8,10,11,39,40,44,53,58,61,70,71,74,79,83" machi="53" ten="30,7900,0" yaku="1,1,0,1,52,1,53,1" doraHai="55" doraHaiUra="37" who="1" fromWho="1" sc="250,-39,240,89,250,-20,250,-20" /><INIT seed="1,0,0,5,3,121" ten="211,329,230,230" oya="1" hai0="66,110,117,67,46,113,8,93,123,59,96,6,87" hai1="54,98,75,86,102,74,108,24,45,101,5,15,112" hai2="82,85,55,33,80,27,26,111,76,118,132,61,79" hai3="42,1,21,38,53,78,64,127,20,114,19,120,4"/><U109/><E112/><V16/><F118/><W119/><G64/><T69/><D117/><U125/><E125/><V47/><F132/><W23/><G119/><T32/><D123/><U77/><E86/><V84/><F111/><N who="1" m="42569" /><E24/><V18/><F33/><W81/><G120/><T129/><D32/><U0/><E0/><V122/><F122/><W63/><G114/><T25/><D25/><N who="2" m="9226" /><F61/><W72/><G127/><T12/><D87/><U52/><E77/><V29/><F29/><W56/><G19/><T34/><D34/><U130/><E130/><V11/><F11/><N who="3" m="2447" /><G20/><T13/><D8/><N who="1" m="4495" /><E102/><V3/><F3/><W94/><G21/><T73/><D110/><U48/><E54/><V31/><F31/><W135/><G23/><T95/><D113/><U134/><E134/><V62/><F18/><W36/><G135/><T68/><D6/><U128/><E128/><V17/><F17/><W60/><G53/><T57/><D129/><U43/><E43/><V126/><F16/><W106/><G42/><T40/><D40/><U14/><E14/><V100/><F100/><W28/><G78/><T103/><D103/><U41/><E41/><V116/><F126/><W44/><G72/><T107/><D73/><U124/><E124/><V39/><F116/><W90/><G28/><T9/><D9/><U104/><AGARI ba="0,0" hai="45,48,52,74,75,98,101,104" m="4495,42569" machi="104" ten="30,18000,2" yaku="14,1,10,1,52,3,54,1" doraHai="121" who="1" fromWho="1" sc="211,-60,329,180,230,-60,230,-60" /><INIT seed="1,1,0,5,1,15" ten="151,509,170,170" oya="1" hai0="22,76,45,24,2,121,83,23,55,20,84,50,14" hai1="60,118,28,18,1,74,99,127,53,5,10,46,71" hai2="61,65,70,87,131,35,86,119,62,108,116,9,41" hai3="112,101,69,102,19,109,106,42,0,95,66,4,92"/><U52/><E118/><V51/><F35/><W117/><G112/><T80/><D2/><U48/><E74/><V49/><F9/><W6/><G117/><T37/><D37/><U81/><E127/><V107/><F107/><W34/><G34/><T103/><D103/><U64/><E28/><V30/><F30/><W90/><G106/><T79/><D121/><U3/><E3/><V43/><F65/><W63/><G109/><T135/><D135/><U54/><E99/><V94/><F94/><W130/><G130/><T88/><D14/><U17/><REACH who="1" step="1"/><E81/><REACH who="1" ten="151,499,170,170" step="2"/><V114/><F114/><W111/><G0/><T82/><REACH who="0" step="1"/><D24/><REACH who="0" ten="141,499,170,170" step="2"/><U68/><E68/><V97/><F70/><W85/><G69/><T104/><D104/><U91/><E91/><V8/><F119/><W120/><G90/><T89/><D89/><U39/><E39/><V72/><F116/><W129/><G102/><T132/><D132/><U13/><E13/><V29/><F131/><W77/><G101/><T12/><D12/><U59/><E59/><V123/><F123/><W36/><G120/><T11/><D11/><U128/><E128/><V31/><F8/><W113/><G36/><T78/><AGARI ba="1,2" hai="20,22,23,45,50,55,76,78,79,80,82,83,84,88" machi="78" ten="30,7900,0" yaku="1,1,0,1,8,1,54,1,53,0" doraHai="15" doraHaiUra="110" who="0" fromWho="0" sc="141,102,499,-40,170,-21,170,-21" /><INIT seed="2,0,0,0,0,37" ten="243,459,149,149" oya="2" hai0="64,97,7,102,121,50,133,86,132,66,79,124,15" hai1="59,90,3,134,40,8,135,34,43,36,92,127,110" hai2="78,31,16,68,126,18,0,12,2,25,108,47,49" hai3="32,115,120,6,87,76,33,26,14,117,131,70,63"/><V109/><F68/><W89/><G117/><T42/><D121/><U30/><E110/><N who="2" m="42603" /><F78/><W101/><G120/><T17/><D7/><N who="1" m="1151" /><E127/><V125/><F0/><W74/><G131/><T104/><D124/><N who="2" m="47722" /><F2/><W56/><G76/><T112/><D112/><U84/><E36/><V130/><F12/><W77/><G77/><T106/><D106/><U128/><E128/><V19/><F130/><W51/><G74/><T95/><D79/><U20/><E34/><N who="2" m="20847" /><F19/><W38/><G38/><T58/><D17/><U60/><E30/><V123/><F123/><W10/><G70/><T96/><D15/><U55/><E20/><V67/><F67/><W82/><G26/><T118/><D66/><U48/><E60/><V114/><F114/><W93/><G115/><T72/><D64/><U91/><E91/><V5/><F5/><W81/><G32/><T21/><D72/><U116/><E116/><V22/><F22/><W71/><G33/><T28/><D21/><U65/><E65/><V103/><F103/><W85/><G71/><T13/><D102/><U27/><E27/><V75/><F75/><W62/><G101/><T83/><D118/><U11/><E11/><V54/><AGARI ba="0,0" hai="16,18,47,49,54" m="20847,47722,42603" machi="54" ten="30,11700,0" yaku="14,1,10,1,18,1,54,1" doraHai="37" who="2" fromWho="2" sc="243,-39,459,-39,149,117,149,-39" /><INIT seed="2,1,0,4,0,17" ten="204,420,266,110" oya="2" hai0="46,58,96,107,4,51,127,79,57,88,34,60,112" hai1="71,21,78,130,97,99,108,95,72,131,38,101,29" hai2="10,45,43,106,133,122,115,109,20,0,100,40,104" hai3="12,94,124,49,132,39,8,7,98,92,80,68,121"/><V91/><F122/><W14/><G121/><T81/><D34/><U82/><E108/><V52/><F115/><W73/><G39/><T129/><D112/><U9/><E71/><V86/><F109/><W16/><G68/><T63/><D129/><N who="1" m="49163" /><E38/><V56/><F133/><W62/><G132/><T123/><D123/><U110/><E110/><V105/><F100/><W19/><G124/><T2/><D2/><U5/><E99/><V89/><F45/><W87/><G73/><T23/><D4/><U59/><E59/><N who="0" m="22537" /><D107/><U41/><E41/><V24/><F10/><W61/><G49/><T27/><D79/><U26/><E9/><V53/><F0/><W36/><G36/><T119/><D119/><U93/><E5/><V102/><F102/><W103/><G103/><T125/><BYE who="3" /><D125/><U13/><E13/><UN n3="%E3%81%AF%E3%82%88%E3%81%8A%E3%81%98%E3%81%95%E3%82%93" /><V44/><F44/><W18/><G12/><T67/><D67/><U32/><E32/><V47/><F47/><W64/><G64/><T3/><D3/><U111/><E111/><V50/><F53/><W134/><G134/><T65/><D65/><U117/><E117/><V37/><F37/><W30/><G30/><N who="0" m="17791" /><D127/><U6/><E6/><V118/><F118/><W42/><G42/><N who="0" m="25047" /><D96/><U126/><E126/><V77/><F43/><W48/><G48/><T90/><D90/><U35/><E35/><V128/><F40/><W31/><G98/><T135/><D135/><U85/><E72/><V116/><F116/><W54/><G54/><T113/><D113/><U15/><E15/><V1/><F52/><W25/><G14/><T74/><D74/><U11/><E11/><RYUUKYOKU ba="1,0" sc="204,15,420,15,266,-15,110,-15" hai0="60,63,81,88" hai1="21,26,29,78,82,85,93,95,97,101" /><INIT seed="3,2,0,1,1,59" ten="219,435,251,95" oya="3" hai0="86,52,43,129,41,42,6,19,78,93,55,72,20" hai1="5,9,82,99,29,89,10,34,12,81,39,14,3" hai2="135,61,28,26,16,74,97,85,66,108,62,98,94" hai3="128,0,110,103,111,51,80,21,116,31,48,44,113"/><W133/><G113/><T121/><D72/><U22/><E39/><V96/><F74/><W87/><G116/><T7/><D121/><U17/><E34/><V54/><F108/><N who="3" m="41515" /><G0/><T83/><D129/><U127/><E127/><V30/><F135/><W64/><G133/><T71/><D71/><U115/><E115/><V53/><F66/><W114/><G114/><T125/><D125/><U130/><E130/><V100/><F54/><N who="0" m="20522" /><D93/><N who="1" m="56751" /><E3/><V76/><F53/><W1/><G128/><T47/><D47/><U120/><E120/><V24/><F100/><W25/><G1/><T38/><D38/><U105/><E105/><V13/><F30/><W11/><G103/><T49/><D49/><N who="3" m="19017" /><G11/><T123/><D123/><U104/><E104/><V56/><F28/><W132/><G132/><T70/><D70/><U40/><E40/><N who="0" m="10241" /><T90/><DORA hai="8" /><D90/><U45/><E45/><V2/><F2/><W36/><G44/><T119/><D119/><U106/><E106/><V91/><F56/><W134/><G134/><T58/><D58/><U69/><E69/><V79/><F79/><N who="3" m="46495" /><G64/><T124/><D124/><U92/><E10/><N who="2" m="6199" /><F76/><W63/><G36/><T131/><D131/><U109/><E109/><V102/><F102/><W68/><G68/><T18/><D18/><U35/><E17/><V122/><F122/><W77/><G77/><T57/><D57/><U107/><E9/><V112/><F112/><W73/><G73/><T4/><D4/><U65/><E65/><V60/><AGARI ba="2,0" hai="24,26,60,61,62,85,91,94,96,97,98" m="6199" machi="60" ten="30,12000,2" yaku="8,1,52,4,54,1" doraHai="59,8" who="2" fromWho="2" sc="219,-32,435,-32,251,126,95,-62" owari="187,-21.3,403,50.3,377,17.7,33,-46.7" /></mjloggm>