<mjloggm ver="2.3"><GO type="225" lobby="0"/><UN n0="%E3%81%99%E3%81%84%E3%81%BE%E3%81%9B%E3%83%BC%E3%82%93" n1="%E6%9D%B1%E9%A2%A8%E3%81%AE%E3%81%8D%E3%82%83%E3%81%B7%E3%81%95%E3%82%93" n2="%E5%B8%86%E7%AB%8B%E5%A4%8F%E8%A1%A3" n3="%E4%BA%BA%E9%96%93%E3%83%81%E3%83%A3%E3%83%BC%E3%83%8F%E3%83%B3" dan="18,17,16,16" rate="2206.29,2212.80,2171.47,2093.18" sx="M,M,M,M"/><TAIKYOKU oya="0"/><INIT seed="0,0,0,0,2,12" ten="250,250,250,250" oya="0" hai0="32,101,76,90,10,109,124,56,112,82,54,92,74" hai1="131,51,62,119,78,100,40,52,4,53,105,11,0" hai2="48,134,44,49,133,72,47,45,43,19,15,110,98" hai3="61,102,33,120,95,79,70,87,83,31,127,103,130"/><T58/><D112/><U96/><E119/><V23/><F72/><W84/><G127/><T35/><D124/><U71/><E131/><V55/><F110/><W9/><G130/><T126/><D126/><U14/><E78/><V93/><REACH who="2" step="1"/><F47/><REACH who="2" ten="250,250,240,250" step="2"/><W37/><G120/><T128/><D109/><U129/><E129/><V122/><F122/><W28/><G37/><T41/><D128/><U42/><E0/><V135/><F135/><W75/><G33/><T97/><D41/><U38/><E38/><V67/><F67/><W46/><G46/><T60/><D10/><U118/><E118/><V117/><F117/><W106/><G75/><T113/><D113/><U6/><E40/><V2/><F2/><W81/><G106/><T68/><D68/><U64/><E42/><V69/><F69/><W115/><G115/><T86/><REACH who="0" step="1"/><D58/><REACH who="0" ten="240,250,240,250" step="2"/><U94/><E71/><V50/><F50/><W108/><G70/><T17/><D17/><N who="1" m="8415" /><E51/><V24/><F24/><W66/><G108/><T80/><AGARI ba="0,2" hai="32,35,54,56,60,74,76,80,82,86,90,92,97,101" machi="80" ten="20,7800,0" yaku="1,1,0,1,7,1,53,1" doraHai="12" doraHaiUra="89" who="0" fromWho="0" sc="240,98,250,-26,240,-26,250,-26" /><INIT seed="0,1,0,1,2,54" ten="338,224,214,224" oya="0" hai0="60,51,29,112,120,98,32,23,80,5,6,19,117" hai1="121,76,43,130,131,90,119,108,36,22,28,122,84" hai2="50,71,52,26,116,37,91,42,7,107,30,24,128" hai3="82,59,126,86,18,0,106,10,81,35,61,77,45"/><T33/><D112/><U110/><E43/><V9/><F107/><W103/><G35/><T74/><D117/><U104/><E36/><V1/><F71/><W89/><G126/><T38/><D38/><U57/><E104/><V133/><F116/><W68/><G68/><T78/><D120/><N who="1" m="46187" /><E28/><V40/><F128/><N who="1" m="49193" /><E22/><V64/><F133/><W12/><G0/><T4/><D29/><U79/><E57/><V105/><F64/><W20/><G45/><T62/><D33/><U70/><E70/><V11/><F37/><W21/><G106/><T25/><D32/><U34/><E34/><V58/><F105/><W109/><G109/><N who="1" m="42090" /><E119/><V17/><F30/><W95/><G59/><T56/><D98/><U97/><E97/><V27/><F40/><W39/><G39/><T114/><D114/><U75/><E75/><V47/><F42/><W87/><G61/><T31/><D31/><U55/><E55/><V66/><F47/><W48/><G48/><T63/><REACH who="0" step="1"/><D51/><REACH who="0" ten="328,224,214,224" step="2"/><U102/><E102/><V14/><F66/><AGARI ba="1,1" hai="4,5,6,19,23,25,56,60,62,63,66,74,78,80" machi="66" ten="40,7700,0" yaku="1,1,2,1,52,1,53,0" doraHai="54" doraHaiUra="44" who="0" fromWho="2" sc="328,90,224,0,214,-80,224,0" /><INIT seed="0,2,0,1,3,135" ten="418,224,134,224" oya="0" hai0="117,70,121,15,2,91,89,30,9,122,63,60,116" hai1="13,123,32,21,4,118,62,18,55,109,76,124,103" hai2="47,107,46,108,106,27,17,110,29,39,98,84,81" hai3="71,61,69,79,114,25,72,52,5,133,53,93,16"/><T104/><D2/><U35/><E76/><V6/><F6/><W23/><G114/><T100/><D30/><U82/><E82/><V128/><F17/><W34/><G133/><T83/><D70/><U120/><E103/><V54/><F128/><W57/><G34/><T7/><D104/><U113/><E62/><V59/><F106/><W10/><G93/><T97/><D100/><U101/><E101/><V102/><F39/><W19/><G19/><T37/><D37/><U99/><E55/><V87/><F87/><W67/><G71/><T86/><D97/><U112/><E99/><V49/><F110/><W12/><REACH who="3" step="1"/><G69/><REACH who="3" ten="418,224,134,214" step="2"/><T36/><D117/><U42/><E118/><V31/><F108/><W3/><G3/><T74/><D116/><U75/><E109/><V68/><F68/><W73/><G73/><T24/><D74/><U22/><E75/><V33/><REACH who="2" step="1"/><F31/><REACH who="2" ten="418,224,124,214" step="2"/><W132/><G132/><T78/><D122/><U56/><E120/><V41/><F41/><W11/><G11/><T1/><D121/><U80/><E42/><V14/><F14/><W90/><G90/><AGARI ba="2,2" hai="27,29,33,46,47,49,54,59,81,84,90,98,102,107" machi="90" ten="30,2000,0" yaku="1,1,7,1,53,0" doraHai="135" doraHaiUra="115" who="2" fromWho="3" sc="418,0,224,0,124,46,214,-26" /><INIT seed="1,0,0,3,2,35" ten="418,224,170,188" oya="1" hai0="74,121,134,18,116,123,19,79,105,81,94,5,130" hai1="64,86,93,44,92,89,56,14,127,51,135,73,108" hai2="58,103,80,36,7,65,62,31,39,0,96,124,118" hai3="117,126,50,40,6,109,9,99,57,45,34,11,70"/><U83/><E135/><V114/><F118/><W61/><G34/><T102/><D116/><U75/><E127/><V42/><F124/><W69/><G117/><T111/><D134/><U15/><E108/><V37/><F114/><W30/><G126/><T48/><D111/><U104/><E104/><V10/><F31/><W29/><G109/><T52/><D105/><U32/><E32/><V113/><F113/><W8/><G6/><T33/><D33/><U38/><E38/><V68/><F80/><W82/><G82/><T53/><D130/><U133/><E133/><V101/><F101/><W122/><G122/><N who="0" m="46603" /><D5/><U90/><E73/><V59/><REACH who="2" step="1"/><F42/><REACH who="2" ten="418,224,160,188" step="2"/><W17/><G30/><T115/><D115/><U71/><E75/><V26/><F26/><W95/><G29/><T88/><D102/><U27/><E83/><V3/><F3/><W85/><G17/><N who="0" m="6155" /><D48/><U97/><E27/><V41/><F41/><W28/><G28/><T66/><D66/><U107/><E107/><AGARI ba="0,1" hai="0,7,10,36,37,39,58,59,62,65,68,96,103,107" machi="107" ten="40,2600,0" yaku="1,1,52,1,53,0" doraHai="35" doraHaiUra="77" who="2" fromWho="1" sc="418,0,224,-26,160,36,188,0" /><INIT seed="2,0,0,2,5,26" ten="418,198,196,188" oya="2" hai0="4,133,72,125,76,2,96,21,74,121,62,58,42" hai1="117,91,23,75,12,94,70,80,102,3,82,83,114" hai2="37,124,8,61,38,14,45,118,11,60,81,77,126" hai3="34,87,129,86,7,9,16,123,0,79,50,69,101"/><V134/><F118/><W66/><G123/><T47/><D121/><U44/><E3/><V51/><F134/><W78/><G34/><T65/><D133/><U15/><E70/><V31/><F38/><W52/><G129/><T84/><D125/><N who="2" m="48234" /><F37/><W106/><G106/><T57/><D96/><U64/><E117/><V59/><F31/><W39/><G39/><T25/><D58/><U35/><E35/><V98/><F98/><W56/><G101/><T122/><D122/><U48/><E75/><N who="2" m="43199" /><F59/><W68/><G68/><T88/><D76/><N who="3" m="29225" /><G69/><T18/><D47/><U63/><E114/><V40/><F11/><W24/><G0/><T10/><D42/><U109/><E102/><V6/><AGARI ba="0,0" hai="6,8,14,40,45,51,60,61" m="43199,48234" machi="6" ten="30,1500,0" yaku="18,1" doraHai="26" who="2" fromWho="2" sc="418,-5,198,-5,196,15,188,-5" /><INIT seed="2,1,0,2,1,32" ten="413,193,211,183" oya="2" hai0="74,93,72,123,35,6,126,43,27,102,23,11,50" hai1="97,13,1,24,109,49,71,5,12,98,53,61,99" hai2="64,107,103,4,66,48,19,70,79,46,86,38,56" hai3="8,41,9,65,42,83,55,113,116,130,117,10,57"/><V63/><F107/><W89/><G130/><T128/><D123/><U110/><E24/><V67/><F103/><W134/><G134/><T21/><D35/><U118/><E118/><V77/><F4/><W96/><G113/><T88/><D102/><U91/><E91/><V121/><F121/><W28/><G65/><T104/><D104/><U80/><E80/><N who="2" m="47375" /><F38/><W36/><G36/><T7/><D23/><U133/><E133/><V125/><F79/><W132/><G132/><T59/><D6/><U131/><E131/><V14/><F125/><W16/><G28/><T51/><D126/><U62/><E71/><V106/><F106/><W115/><G115/><T54/><D128/><U73/><E73/><V0/><F0/><W129/><G129/><T47/><D7/><U108/><E1/><V105/><F105/><W92/><G83/><T60/><D11/><N who="3" m="4169" /><G117/><T44/><D21/><U37/><E37/><V68/><F68/><W31/><G31/><T52/><D27/><U101/><E101/><V119/><F70/><W69/><G69/><T75/><D75/><U111/><N who="1" m="27648" /><DORA hai="90" /><U30/><E30/><V78/><F78/><W40/><G116/><T120/><D120/><U114/><E114/><V25/><F25/><W100/><N who="3" m="4177" /><W112/><DORA hai="18" /><G112/><T33/><D33/><U39/><E39/><V122/><F119/><W58/><G100/><T82/><D82/><U2/><E2/><V84/><F122/><W17/><G57/><T95/><D95/><U20/><E5/><V45/><F19/><W26/><G26/><T127/><D127/><U81/><E81/><RYUUKYOKU ba="1,0" sc="413,15,193,-15,211,-15,183,15" hai0="43,44,47,50,51,52,54,59,60,72,74,88,93" hai3="16,17,40,41,42,55,58,89,92,96" /><INIT seed="3,2,0,4,4,28" ten="428,178,196,198" oya="3" hai0="25,116,60,118,47,48,8,41,22,26,83,56,80" hai1="24,3,7,110,120,66,88,74,93,44,5,2,29" hai2="11,99,50,23,86,37,15,95,111,106,134,9,19" hai3="70,101,55,100,67,89,127,113,12,109,112,61,129"/><W90/><G127/><T121/><D121/><U17/><E74/><V57/><F37/><W133/><G129/><T103/><D103/><N who="3" m="39497" /><G12/><T122/><D122/><U54/><E120/><V107/><F111/><W58/><G70/><T10/><D118/><U91/><E110/><V124/><F134/><W78/><G109/><T45/><D45/><U96/><E66/><V126/><F107/><W94/><G78/><T64/><D116/><U82/><E17/><V75/><F75/><W40/><G40/><T108/><D108/><U73/><E2/><V51/><F106/><W16/><G133/><T27/><D22/><N who="1" m="15511" /><E3/><V53/><F51/><N who="3" m="31103" /><G113/><T13/><D8/><N who="2" m="3146" /><F99/><N who="3" m="57807" /><G112/><T84/><D84/><N who="1" m="50199" /><E73/><V117/><F117/><W104/><G104/><T135/><D135/><U0/><E0/><V1/><F1/><W65/><G90/><AGARI ba="2,0" hai="15,19,23,50,53,57,86,90,95,124,126" m="3146" machi="90" ten="30,1000,0" yaku="25,1" doraHai="28" who="2" fromWho="3" sc="428,0,178,0,196,16,198,-16" owari="428,52.8,178,-32.2,212,1.2,182,-21.8" /></mjloggm>