<mjloggm ver="2.3"><GO type="225" lobby="0"/><UN n0="%E3%82%A2%E3%83%8A%E3%83%BC%E3%81%8D%E3%83%BC" n1="%E3%82%A2%E3%82%A4%E3%82%B9%E3%83%86%E3%82%A3%E3%83%BC%E3%81%82%E3%81%B9" n2="%E3%81%A9%E3%82%93%E3%82%88%E3%81%8F%4D%6B%2E%32" n3="%E5%AF%82%E5%AF%9E%E3%82%AE%E3%83%8D%E3%82%B9%E3%83%93%E3%83%BC%E3%83%AB" dan="16,16,16,16" rate="2088.31,2086.27,2184.62,2110.30" sx="M,M,M,M"/><TAIKYOKU oya="0"/><INIT seed="0,0,0,5,2,93" ten="250,250,250,250" oya="0" hai0="32,102,104,112,25,39,85,60,45,117,22,128,86" hai1="9,10,92,37,68,125,134,81,122,6,28,18,76" hai2="88,132,96,72,49,15,75,57,95,14,7,46,97" hai3="31,107,65,48,11,126,80,40,127,34,129,66,13"/><T110/><D112/><U101/><E122/><V73/><F132/><W114/><G114/><T124/><D117/><U89/><E68/><V41/><F7/><W74/><G107/><T38/><D32/><U131/><E37/><V19/><F57/><W99/><G129/><T91/><D102/><U79/><E134/><V98/><REACH who="2" step="1"/><F14/><REACH who="2" ten="250,250,240,250" step="2"/><W58/><G58/><T108/><D108/><U70/><E6/><V59/><F59/><W24/><G13/><T120/><D110/><U115/><E70/><V77/><F77/><W87/><G126/><T43/><D124/><U82/><E79/><V63/><F63/><W105/><G127/><T36/><D60/><U50/><E76/><V1/><F1/><W116/><G116/><T113/><D113/><U109/><E125/><V119/><F119/><W21/><G66/><T33/><D120/><U44/><E109/><V3/><F3/><W133/><G65/><T17/><D128/><U62/><E62/><V100/><F100/><W121/><G133/><T35/><D45/><U27/><E101/><V0/><F0/><W4/><G4/><T71/><D71/><U30/><E115/><V90/><F90/><W103/><G121/><T83/><D91/><U106/><E89/><V5/><F5/><W69/><G69/><T111/><D111/><U56/><E56/><V2/><F2/><W67/><G67/><T52/><D25/><U26/><E27/><V54/><F54/><W29/><G103/><T78/><D52/><U130/><E130/><V118/><F118/><W135/><G135/><T20/><D78/><U12/><E131/><RYUUKYOKU ba="0,1" sc="250,-10,250,-10,240,30,250,-10" hai2="15,19,41,46,49,72,73,75,88,95,96,97,98" /><INIT seed="1,1,1,4,1,74" ten="240,240,270,240" oya="1" hai0="24,105,129,121,6,132,65,88,113,97,34,84,9" hai1="29,13,60,86,80,55,51,79,47,100,93,35,106" hai2="1,53,98,54,52,120,131,26,69,75,63,4,31" hai3="22,45,89,12,119,118,125,64,101,116,7,87,128"/><U30/><E35/><V33/><F120/><W127/><G128/><T70/><D129/><U82/><E106/><V103/><F75/><W42/><G101/><T17/><D121/><U44/><E60/><V5/><F131/><W78/><G64/><T3/><D113/><U32/><E32/><V110/><F110/><W85/><G89/><T14/><D132/><U115/><E115/><V25/><F25/><W122/><G122/><T111/><D111/><U92/><E47/><V126/><F126/><N who="3" m="48139" /><G78/><T49/><D49/><U133/><E133/><V41/><F41/><W62/><G62/><T8/><D65/><U68/><E68/><V28/><F28/><N who="1" m="10857" /><E100/><V19/><F19/><N who="3" m="10599" /><G7/><T46/><D70/><U96/><E96/><V112/><F112/><W123/><G123/><T109/><D109/><U67/><E67/><N who="2" m="41215" /><F1/><W40/><G40/><T61/><D3/><U91/><E13/><V15/><F15/><W16/><G16/><T39/><D17/><U77/><E82/><V104/><AGARI ba="1,1" hai="4,5,26,31,33,52,53,54,98,103,104" m="41215" machi="104" ten="30,2000,0" yaku="25,1,54,1" doraHai="74" who="2" fromWho="2" sc="240,-6,240,-11,270,33,240,-6" /><INIT seed="2,0,0,2,4,105" ten="234,229,303,234" oya="2" hai0="16,86,29,90,122,32,7,130,82,42,21,71,119" hai1="126,85,102,3,49,10,64,116,66,60,26,19,5" hai2="43,109,104,113,128,68,123,24,127,79,125,40,81" hai3="25,33,38,110,69,15,92,96,46,75,61,1,50"/><V134/><F24/><W133/><G1/><T41/><D122/><U107/><E116/><V83/><F79/><W121/><G121/><T98/><D119/><U67/><E126/><V54/><F54/><W47/><G75/><T111/><D111/><U36/><E36/><V135/><F123/><W39/><G110/><T4/><D71/><U63/><E85/><V117/><F109/><W94/><G133/><N who="2" m="50697" /><F117/><W93/><G96/><T35/><D130/><U56/><E49/><V108/><F108/><W58/><G69/><T27/><D98/><U22/><E107/><V84/><F104/><W17/><G25/><T88/><D90/><U11/><E102/><V65/><F113/><W30/><G30/><T52/><D52/><U6/><REACH who="1" step="1"/><E63/><REACH who="1" ten="234,219,303,234" step="2"/><N who="2" m="39999" /><F83/><W131/><G50/><T53/><D82/><U12/><AGARI ba="0,1" hai="3,5,6,10,11,12,19,22,26,56,60,64,66,67" machi="12" ten="20,5200,0" yaku="1,1,0,1,7,1,53,1" doraHai="105" doraHaiUra="14" who="1" fromWho="1" sc="234,-13,219,62,303,-26,234,-13" /><INIT seed="3,0,0,3,2,40" ten="221,281,277,221" oya="3" hai0="86,98,87,22,41,76,30,18,24,19,16,0,94" hai1="90,66,59,21,38,2,108,71,110,28,72,31,100" hai2="129,64,17,116,73,103,9,106,80,135,33,130,126" hai3="7,8,84,34,119,10,77,44,13,12,101,70,81"/><W58/><G70/><T46/><D0/><U51/><E38/><V104/><F33/><W65/><G119/><T124/><D124/><U74/><E2/><V123/><F64/><W128/><G34/><T57/><D57/><U89/><E71/><V109/><F17/><W32/><G32/><T113/><D113/><U53/><E66/><V6/><F9/><W121/><G121/><T122/><D76/><U95/><E100/><V55/><F55/><W85/><G101/><T99/><D122/><U26/><E31/><V97/><F6/><N who="3" m="3095" /><G128/><N who="2" m="49257" /><F123/><W43/><G84/><N who="0" m="32299" /><D94/><U82/><E95/><N who="2" m="58815" /><F116/><W11/><G11/><T117/><D117/><U48/><E51/><AGARI ba="0,0" hai="16,18,19,22,24,30,41,46,51,98,99" m="32299" machi="51" ten="30,3900,0" yaku="8,1,52,1,54,1" doraHai="40" who="0" fromWho="1" sc="221,39,281,-39,277,0,221,0" /><INIT seed="4,0,0,1,4,19" ten="260,242,277,221" oya="0" hai0="101,32,82,39,132,93,0,76,124,4,122,67,100" hai1="95,54,42,126,72,53,117,59,60,36,125,24,48" hai2="57,134,77,135,25,91,40,80,110,21,52,31,65" hai3="108,14,55,49,84,5,103,63,133,23,109,61,7"/><T96/><D122/><U6/><E72/><V99/><F65/><W85/><G133/><N who="2" m="50697" /><F110/><W74/><G74/><T127/><D132/><U20/><E6/><N who="3" m="2058" /><G103/><T69/><D39/><U62/><E117/><V2/><F2/><W50/><G109/><T81/><D32/><U129/><E129/><V112/><F112/><W28/><G108/><T79/><D101/><U16/><E95/><N who="2" m="56831" /><F40/><W38/><G38/><T120/><D120/><U78/><E78/><N who="0" m="29737" /><D67/><U119/><E119/><V98/><F98/><W56/><G63/><T58/><D58/><U41/><E36/><V71/><F71/><W89/><G85/><T87/><D69/><U27/><E27/><V18/><F31/><W11/><G28/><T35/><D35/><U86/><E86/><V29/><F29/><W66/><G66/><T111/><D87/><U26/><E26/><V118/><F118/><W34/><G34/><T3/><D111/><U51/><E62/><N who="2" m="36135" /><F77/><W113/><G113/><T88/><D0/><U10/><E60/><V9/><F9/><W90/><G11/><N who="0" m="2463" /><D100/><U8/><E10/><V43/><F43/><W106/><G106/><T123/><D123/><U22/><E8/><V107/><F80/><N who="3" m="49287" /><G90/><T130/><D130/><U97/><E97/><V12/><F107/><W1/><G1/><T128/><D128/><U30/><E42/><V104/><F104/><W92/><G92/><T46/><D46/><N who="1" m="27799" /><E41/><V94/><F94/><W131/><G131/><T17/><D17/><AGARI ba="0,0" hai="14,17,23,49,50,55,56,61" m="49287,2058" machi="17" ten="30,2000,0" yaku="8,1,52,1" doraHai="19" who="3" fromWho="0" sc="260,-20,242,0,277,0,221,20" /><INIT seed="5,0,0,3,1,64" ten="240,242,277,241" oya="1" hai0="132,53,47,90,107,56,114,34,98,39,89,106,131" hai1="105,4,42,124,29,48,38,79,112,35,40,125,126" hai2="73,2,121,109,99,102,36,5,21,66,1,14,44" hai3="55,127,52,15,135,16,129,32,97,84,71,104,68"/><U96/><E38/><V58/><F109/><W101/><G32/><T122/><D114/><U72/><E112/><V123/><F73/><W116/><G127/><T28/><D131/><U59/><E4/><V46/><F1/><W92/><G129/><T45/><D132/><U100/><E79/><V133/><F2/><W30/><G30/><T110/><D110/><U70/><E72/><V57/><F36/><W37/><G37/><T87/><D122/><U117/><E117/><V77/><F77/><W7/><G7/><T12/><D12/><U41/><E70/><V27/><F133/><W134/><G116/><T76/><D76/><U75/><E75/><V130/><F130/><W26/><G26/><T23/><D34/><U24/><REACH who="1" step="1"/><E59/><REACH who="1" ten="240,232,277,241" step="2"/><V103/><F58/><W81/><G71/><T9/><D56/><U85/><E85/><V61/><F5/><W51/><G68/><T18/><D87/><U3/><E3/><V74/><F74/><W22/><G135/><T62/><D98/><U128/><E128/><V17/><F121/><W88/><G134/><T115/><D115/><U60/><E60/><V0/><F0/><W54/><G104/><T111/><D107/><U20/><E20/><V120/><F14/><W80/><G80/><T113/><D23/><U13/><E13/><V8/><F120/><W94/><G81/><T119/><D106/><U83/><E83/><V49/><F123/><W118/><G118/><T19/><D119/><U82/><E82/><V108/><F99/><W33/><G33/><T11/><D113/><U95/><E95/><V50/><F21/><RYUUKYOKU ba="0,1" sc="240,-15,232,15,277,-15,241,15" hai1="24,29,35,40,41,42,48,96,100,105,124,125,126" hai3="15,16,22,51,52,54,55,84,88,92,94,97,101" /><INIT seed="5,1,1,3,5,26" ten="225,247,262,256" oya="1" hai0="56,83,117,104,5,12,48,123,100,135,28,17,126" hai1="16,115,134,31,18,70,92,27,10,45,68,46,29" hai2="78,75,84,128,0,124,7,57,40,130,49,71,6" hai3="65,9,107,14,77,105,114,119,67,91,63,50,22"/><U118/><E118/><V72/><F71/><W108/><G108/><T111/><D117/><U93/><E27/><V112/><F124/><W8/><G119/><T94/><D111/><U21/><E21/><V87/><F0/><W101/><G77/><T4/><D123/><U103/><E103/><V39/><F39/><W37/><G37/><T86/><D104/><U80/><E80/><V61/><F112/><W81/><G50/><T47/><D126/><U36/><E36/><V54/><F78/><W109/><G109/><T106/><D106/><U62/><E62/><V110/><F110/><W85/><G67/><T2/><D2/><U3/><E10/><V122/><F122/><W90/><G90/><N who="0" m="51551" /><D56/><U131/><E3/><V113/><F113/><W13/><G114/><T120/><D120/><U64/><E115/><V30/><F75/><W79/><G101/><T60/><D60/><U95/><E95/><V73/><F72/><W24/><G79/><T41/><D28/><U121/><E121/><V74/><F73/><W89/><G89/><T96/><D135/><U102/><E102/><V69/><F74/><W1/><G107/><T59/><D59/><U132/><E64/><N who="2" m="41103" /><F30/><N who="3" m="17687" /><G105/><T15/><D15/><N who="3" m="5641" /><G1/><T42/><D41/><U23/><E23/><AGARI ba="1,1" hai="4,5,12,17,23,42,47,48,94,96,100" m="51551" machi="23" ten="30,1000,0" yaku="8,1" doraHai="26" who="0" fromWho="1" sc="225,23,247,-13,262,0,256,0" /><INIT seed="6,0,0,1,5,52" ten="248,234,262,256" oya="2" hai0="64,2,113,101,62,95,70,128,58,104,38,21,83" hai1="115,63,4,105,88,31,12,41,84,19,11,85,47" hai2="80,27,92,40,59,111,34,51,37,94,43,5,50" hai3="15,126,25,16,17,0,99,78,3,60,45,10,107"/><V135/><F135/><W7/><G78/><T82/><D38/><U33/><E105/><V44/><F111/><W132/><G132/><T61/><D2/><U73/><E73/><V127/><F127/><W124/><G45/><T119/><D113/><U68/><E115/><V24/><F37/><W87/><G87/><T22/><D104/><U97/><E33/><V75/><F34/><W93/><G107/><T14/><D128/><U56/><E31/><V116/><F116/><W66/><G0/><T9/><D119/><U114/><E68/><V129/><F129/><W120/><G25/><N who="2" m="9801" /><F75/><W42/><G42/><T54/><D22/><U6/><E114/><V118/><F118/><W89/><G120/><T131/><D21/><U18/><E6/><V91/><F5/><W96/><G96/><T67/><D67/><N who="1" m="39399" /><E97/><V20/><F20/><W79/><G79/><T77/><D77/><U36/><E36/><V53/><F40/><W76/><G76/><T39/><D39/><U108/><E85/><AGARI ba="0,0" hai="43,44,50,51,53,59,80,85,91,92,94" m="9801" machi="85" ten="30,2900,0" yaku="8,1,52,1" doraHai="52" who="2" fromWho="1" sc="248,0,234,-29,262,29,256,0" /><INIT seed="6,1,0,3,1,6" ten="248,205,291,256" oya="2" hai0="39,10,40,84,82,54,94,120,92,83,35,11,130" hai1="63,1,26,87,55,19,58,44,112,53,115,107,24" hai2="122,97,96,121,88,74,93,64,111,23,125,109,76" hai3="46,9,21,126,113,28,57,89,110,37,17,118,66"/><V90/><F64/><W116/><G110/><N who="2" m="41993" /><F125/><W45/><G126/><T99/><D120/><N who="2" m="46186" /><F23/><W3/><G66/><T15/><D35/><U68/><E107/><V33/><F33/><W69/><G21/><T18/><D130/><U100/><E100/><N who="2" m="60431" /><F97/><W8/><G69/><T95/><D54/><U77/><E68/><V91/><F76/><W73/><G89/><T25/><D40/><U71/><E71/><V128/><F74/><W67/><G73/><T36/><D25/><U81/><E1/><V12/><F12/><W70/><G3/><T47/><D47/><U31/><E31/><V133/><F133/><W102/><G46/><T29/><D39/><U119/><E119/><V34/><F34/><W20/><G45/><T105/><D36/><U51/><REACH who="1" step="1"/><E19/><REACH who="1" ten="248,195,291,256" step="2"/><V79/><F79/><W60/><G17/><T123/><D29/><U131/><E131/><AGARI ba="1,1" hai="88,90,91,128,131" m="60431,46186,41993" machi="131" ten="40,12000,1" yaku="10,1,34,2,54,1" doraHai="6" who="2" fromWho="1" sc="248,0,195,-123,291,133,256,0" owari="248,-15.2,72,-42.8,424,52.4,256,5.6" /></mjloggm>