<mjloggm ver="2.3"><GO type="225" lobby="0"/><UN n0="%E8%81%B7%E6%A5%AD%E3%80%81%E9%A2%A8%32" n1="%E9%89%A2%E5%B7%BB%E3%82%AC%E3%83%96" n2="%E5%AF%82%E5%AF%9E%E3%82%AE%E3%83%8D%E3%82%B9%E3%83%93%E3%83%BC%E3%83%AB" n3="%6D%75%75%6D%75%72%61" dan="16,16,16,16" rate="2146.60,2095.09,2150.67,2127.56" sx="M,M,M,F"/><TAIKYOKU oya="0"/><INIT seed="0,0,0,0,5,61" ten="250,250,250,250" oya="0" hai0="13,90,88,30,87,74,21,93,89,9,132,131,129" hai1="75,36,133,33,104,72,79,17,60,77,95,106,14" hai2="116,130,85,65,101,59,123,32,26,7,47,40,107" hai3="108,23,76,81,55,35,113,8,22,54,64,25,51"/><T80/><D132/><U4/><E33/><V37/><F123/><W92/><G113/><T38/><D38/><U46/><E4/><V1/><F130/><N who="0" m="49674" /><D74/><U103/><E60/><V128/><F128/><W68/><G108/><T0/><D0/><U24/><E24/><V49/><F116/><W86/><G35/><T105/><D105/><N who="1" m="40555" /><E46/><V44/><F85/><W62/><G54/><T117/><D117/><U2/><E17/><V28/><F59/><W73/><G8/><T71/><D71/><U29/><E29/><V121/><F121/><W126/><G126/><T15/><D30/><U19/><E19/><V56/><F7/><W16/><G23/><T3/><D21/><U135/><E14/><N who="0" m="5129" /><D93/><U91/><E36/><V115/><F1/><W112/><G112/><T52/><D52/><U125/><E2/><V11/><F115/><W70/><G70/><T69/><D69/><U83/><E125/><V110/><F11/><W42/><G42/><T96/><D96/><N who="1" m="59807" /><E72/><V53/><F44/><W97/><G73/><T57/><D57/><U63/><E63/><V20/><F32/><W18/><G18/><T39/><D39/><U134/><E75/><V124/><F124/><W10/><G10/><T122/><D122/><U109/><E109/><V31/><F110/><W94/><REACH who="3" step="1"/><G97/><REACH who="3" ten="250,250,250,240" step="2"/><T6/><AGARI ba="0,1" hai="3,6,9,80,87,88,89,90" m="5129,49674" machi="6" ten="30,3000,0" yaku="19,1,54,1" doraHai="61" who="0" fromWho="0" sc="250,40,250,-10,250,-10,240,-10" /><INIT seed="0,1,0,1,2,126" ten="290,240,240,230" oya="0" hai0="12,45,75,49,130,44,127,61,122,111,113,77,84" hai1="3,40,94,98,93,114,99,91,115,89,56,42,124" hai2="131,25,37,71,27,46,123,7,1,4,53,109,32" hai3="39,16,80,87,70,18,74,28,112,30,8,66,79"/><T118/><D122/><U90/><E3/><V64/><F123/><W82/><G112/><N who="1" m="43050" /><E56/><V92/><F109/><W102/><G39/><T23/><D118/><U135/><E124/><V26/><F32/><W78/><G102/><T69/><D127/><U22/><E22/><V48/><F1/><W105/><G105/><T38/><D111/><U20/><E20/><V24/><F24/><W88/><G79/><T59/><D69/><U103/><E135/><V52/><F131/><W29/><REACH who="3" step="1"/><G8/><REACH who="3" ten="290,240,240,220" step="2"/><T76/><D38/><U106/><E106/><V41/><F37/><W34/><G34/><T31/><D77/><U50/><E50/><V128/><F128/><W14/><G14/><T15/><D130/><U65/><E65/><V85/><F64/><W10/><G10/><T58/><D49/><U63/><E63/><AGARI ba="1,1" hai="16,18,28,29,30,63,66,70,74,78,80,82,87,88" machi="63" ten="40,5200,0" yaku="1,1,54,2,53,0" doraHai="126" doraHaiUra="11" who="3" fromWho="1" sc="290,0,240,-55,240,0,220,65" /><INIT seed="1,0,0,4,0,99" ten="290,185,240,285" oya="1" hai0="66,77,31,36,25,135,127,72,116,20,13,14,90" hai1="103,64,75,118,59,12,122,95,82,62,87,27,16" hai2="115,113,84,88,76,26,18,73,102,15,22,29,121" hai3="119,129,39,11,106,38,46,60,23,21,53,41,33"/><U85/><E118/><V51/><F121/><W61/><G119/><T132/><D116/><U130/><E122/><V57/><F73/><W128/><G33/><T50/><D127/><U83/><E130/><N who="3" m="50282" /><G106/><T74/><D36/><N who="3" m="13865" /><G11/><T120/><D120/><U34/><E75/><V6/><F76/><W100/><G100/><T71/><D77/><U2/><E2/><V79/><F79/><W65/><G41/><T49/><D74/><U108/><E108/><V17/><F102/><W107/><G107/><T69/><D72/><U63/><E27/><V131/><F131/><W47/><G53/><T86/><D25/><U68/><E34/><V3/><F3/><W37/><N who="3" m="13873" /><W125/><DORA hai="45" /><G125/><T92/><D20/><N who="3" m="7753" /><G61/><T134/><D31/><U78/><E62/><V52/><F6/><W58/><AGARI ba="0,0" hai="46,47,58,60,65" m="7753,13873,50282" machi="58" ten="50,1600,0" yaku="19,1" doraHai="99,45" who="3" fromWho="3" sc="290,-4,185,-8,240,-4,285,16" /><INIT seed="2,0,0,2,0,107" ten="286,177,236,301" oya="2" hai0="48,29,25,50,68,109,123,28,56,118,99,89,12" hai1="41,93,125,90,115,83,7,86,40,114,36,51,75" hai2="38,47,10,55,79,33,8,22,113,98,126,66,65" hai3="91,96,70,5,46,17,111,63,3,105,49,23,132"/><V9/><F33/><W120/><G120/><T2/><D109/><U14/><E125/><V129/><F113/><W101/><G111/><T4/><D68/><U60/><E36/><V103/><F126/><W24/><G132/><T61/><D123/><U100/><E60/><V19/><F129/><W6/><G3/><T88/><D2/><U43/><E51/><N who="0" m="19497" /><D118/><U20/><E100/><V128/><F79/><W78/><G78/><T134/><D134/><U116/><E116/><V73/><F73/><W92/><G63/><T34/><D34/><U54/><E54/><V112/><F112/><W84/><REACH who="3" step="1"/><G70/><REACH who="3" ten="286,177,236,291" step="2"/><T121/><D121/><U67/><E67/><V71/><F71/><W27/><G27/><T59/><D25/><U44/><E44/><V82/><F47/><W18/><G18/><T108/><D108/><U62/><E62/><V119/><F65/><W64/><G64/><T37/><D61/><U102/><E115/><V106/><F66/><W31/><G31/><T95/><D28/><U97/><E114/><V85/><F119/><W69/><G69/><T72/><D29/><U26/><E26/><V124/><F124/><W11/><G11/><T110/><D110/><U104/><E7/><V58/><F128/><W57/><G57/><T77/><D56/><U74/><REACH who="1" step="1"/><E104/><REACH who="1" ten="286,167,236,291" step="2"/><V117/><F117/><W39/><G39/><T122/><D37/><U127/><E127/><V133/><F38/><W13/><G13/><T80/><D122/><U131/><E131/><V21/><F133/><W94/><G94/><T15/><D4/><U30/><E30/><V35/><F106/><RYUUKYOKU ba="0,2" sc="286,-15,167,15,236,-15,291,15" hai1="14,20,40,41,43,74,75,83,86,90,93,97,102" hai3="5,6,17,23,24,46,49,84,91,92,96,101,105" /><INIT seed="3,1,2,0,5,85" ten="271,182,221,306" oya="3" hai0="55,103,34,5,97,75,45,99,64,14,8,109,113" hai1="18,129,21,15,107,49,121,59,108,17,81,56,30" hai2="79,92,24,50,46,71,118,72,10,98,134,33,65" hai3="106,100,127,7,0,42,124,74,4,86,53,26,62"/><W104/><G74/><T20/><D75/><U128/><E121/><V38/><F118/><W80/><G42/><T83/><D34/><U57/><E107/><N who="3" m="41002" /><G100/><T84/><D109/><U40/><E108/><V76/><F38/><W110/><G110/><T68/><D113/><U95/><E30/><V9/><F134/><W66/><G53/><T117/><D117/><U25/><E81/><V78/><F72/><W125/><G26/><T47/><D68/><U112/><E112/><V101/><F71/><N who="3" m="42455" /><G0/><T115/><D115/><U102/><E102/><V2/><F65/><W61/><G61/><T36/><D36/><U120/><E120/><V73/><F2/><W77/><AGARI ba="1,2" hai="4,7,77,80,86,124,125,127" m="42455,41002" machi="77" ten="40,2100,0" yaku="18,1" doraHai="85" who="3" fromWho="3" sc="271,-8,182,-8,221,-8,306,44" owari="263,6.3,174,-32.6,213,-18.7,350,45.0" /></mjloggm>