<mjloggm ver="2.3"><GO type="225" lobby="0"/><UN n0="%E3%81%A1%E3%82%85%E3%81%86%E3%81%A9%E3%81%8F%E8%B1%A1%E3%81%95%E3%82%93" n1="%6D%75%75%6D%75%72%61" n2="%E6%A0%B9%E5%85%83%E3%81%8B%E3%82%89%E5%90%B9%E3%81%A3%E9%A3%9B%E3%81%B6" n3="%E8%81%B7%E6%A5%AD%E3%80%81%E9%A2%A8%32" dan="16,16,17,16" rate="2122.12,2088.62,2193.74,2136.18" sx="M,F,F,M"/><TAIKYOKU oya="0"/><INIT seed="0,0,0,1,1,25" ten="250,250,250,250" oya="0" hai0="10,48,118,49,52,61,104,90,102,122,9,55,6" hai1="11,134,70,28,79,69,98,23,80,112,101,68,41" hai2="95,51,91,67,1,129,77,16,43,29,40,133,116" hai3="66,110,24,34,111,65,63,87,117,99,26,75,56"/><T42/><D118/><U103/><E134/><V73/><F1/><W124/><G75/><T113/><D122/><U86/><E112/><V115/><F115/><W3/><G3/><T46/><D113/><U35/><E35/><V100/><F129/><W127/><G117/><T0/><D104/><U39/><E11/><V38/><F38/><W44/><G66/><T128/><D128/><U2/><E2/><V22/><F67/><W4/><G4/><T130/><D130/><U7/><E7/><V45/><F100/><W15/><G15/><T20/><D102/><U120/><E120/><V54/><F133/><W57/><G57/><T125/><D125/><N who="3" m="48201" /><G99/><T121/><D121/><U135/><E135/><V81/><F116/><W62/><G62/><T8/><D20/><U93/><E41/><V5/><F5/><W32/><G44/><T119/><D119/><U107/><E39/><V106/><F106/><W59/><G59/><T53/><D90/><U96/><REACH who="1" step="1"/><E23/><REACH who="1" ten="250,240,250,250" step="2"/><V82/><F43/><W58/><G32/><T123/><D123/><U47/><E47/><V21/><F40/><W131/><G34/><T13/><D42/><U85/><E85/><N who="2" m="52719" /><F73/><W60/><G131/><T109/><D0/><U108/><E108/><V74/><F74/><W105/><G87/><T64/><D109/><U33/><E33/><V94/><F21/><W37/><G37/><T132/><D132/><U14/><E14/><V97/><F45/><W19/><G110/><T31/><D46/><U126/><E126/><V84/><F22/><N who="3" m="13407" /><G111/><T27/><D9/><U92/><E92/><V72/><F94/><RYUUKYOKU ba="0,1" sc="250,-10,240,30,250,-10,250,-10" hai1="28,68,69,70,79,80,86,93,96,98,101,103,107" /><INIT seed="1,1,1,3,1,24" ten="240,270,240,240" oya="1" hai0="28,72,52,36,62,113,57,132,83,50,65,44,110" hai1="20,106,7,117,68,100,32,46,12,13,21,81,48" hai2="30,77,104,17,75,135,34,73,94,74,42,102,129" hai3="38,10,93,89,31,0,56,18,59,35,126,131,78"/><U15/><E68/><V111/><F111/><W112/><G38/><T27/><D113/><U97/><E32/><V11/><F129/><W107/><G112/><T26/><D110/><U114/><E117/><V60/><F135/><W87/><G107/><T19/><D132/><U47/><E114/><V125/><F125/><W88/><G126/><T79/><D19/><U6/><E81/><V91/><F42/><W67/><G131/><T9/><D9/><U92/><E106/><V122/><F122/><W5/><G67/><T1/><D1/><U105/><E105/><V40/><F40/><W45/><G45/><N who="1" m="16906" /><E48/><V128/><F128/><W14/><G78/><T118/><D118/><U124/><E124/><V25/><F77/><W23/><G89/><T103/><D103/><U108/><E108/><V86/><F60/><W16/><G18/><T49/><D27/><AGARI ba="1,1" hai="0,5,10,14,16,23,27,31,35,56,59,87,88,93" machi="27" ten="40,8000,1" yaku="24,2,52,1,54,2" doraHai="24" who="3" fromWho="0" sc="240,-83,270,0,240,0,240,93" /><INIT seed="2,0,0,5,2,75" ten="157,270,240,333" oya="2" hai0="120,62,50,67,34,12,111,74,97,51,13,79,89" hai1="116,18,23,37,15,10,7,30,134,26,85,61,77" hai2="127,131,121,71,102,109,32,40,36,47,48,98,114" hai3="60,90,105,118,33,49,135,54,31,99,57,82,95"/><V20/><F114/><W76/><G118/><T112/><D120/><U125/><E116/><V133/><F121/><W59/><G135/><T108/><D112/><U84/><E134/><V88/><F133/><W123/><G123/><T4/><D34/><U78/><E37/><V29/><F127/><W126/><G126/><T100/><D89/><U16/><E125/><V124/><F131/><W91/><G105/><T43/><D43/><U73/><E61/><V122/><F109/><W8/><G8/><T107/><D12/><N who="1" m="5215" /><E73/><V9/><F71/><W64/><G33/><T24/><D24/><U53/><E53/><V44/><F32/><W38/><G38/><T119/><D119/><U3/><E3/><V25/><F122/><W103/><REACH who="3" step="1"/><G31/><REACH who="3" ten="157,270,240,323" step="2"/><T70/><D108/><U94/><E30/><V130/><F130/><W21/><G21/><T39/><D111/><U87/><E94/><V45/><F36/><W1/><G1/><T14/><D39/><U58/><E58/><V129/><F129/><W101/><G101/><T6/><D13/><U93/><E93/><N who="2" m="56615" /><F124/><W104/><G104/><T52/><D14/><U66/><E66/><V19/><F102/><W5/><G5/><T80/><REACH who="0" step="1"/><D50/><REACH who="0" ten="147,270,240,323" step="2"/><U27/><E27/><V106/><F48/><W92/><G92/><T128/><D128/><U69/><E69/><V72/><F106/><W22/><G22/><AGARI ba="0,2" hai="15,16,18,22,23,26,77,78,84,85,87" m="5215" machi="22" ten="30,7700,0" yaku="8,1,52,2,54,1" doraHai="75" who="1" fromWho="3" sc="147,0,270,97,240,0,323,-77" /><INIT seed="3,0,0,4,4,131" ten="147,367,240,246" oya="3" hai0="104,105,35,7,18,94,1,76,14,108,45,22,49" hai1="92,25,20,51,41,8,23,37,77,16,121,34,32" hai2="75,39,79,122,83,6,128,84,114,103,96,119,130" hai3="135,2,95,111,60,29,28,55,90,31,106,52,40"/><W112/><G112/><T99/><D35/><U63/><E37/><V93/><F119/><W9/><G135/><T3/><D108/><U126/><E121/><V115/><F39/><W48/><G106/><T100/><D76/><U87/><E126/><V15/><F122/><W71/><G111/><T73/><D73/><U110/><E110/><V101/><F101/><W127/><G127/><T118/><D118/><U70/><E34/><V91/><F15/><W74/><G74/><T66/><D66/><U64/><E32/><V59/><F59/><W80/><G80/><T53/><D1/><U129/><E129/><N who="2" m="49771" /><F6/><W44/><G2/><T86/><D3/><U125/><E16/><V61/><F61/><W107/><G107/><AGARI ba="0,0" hai="75,79,83,84,91,93,96,103,107,114,115" m="49771" machi="107" ten="30,7700,0" yaku="24,1,19,1,34,2" doraHai="131" who="2" fromWho="3" sc="147,0,367,0,240,77,246,-77" owari="147,-35.3,367,46.7,317,11.7,169,-23.1" /></mjloggm>