<mjloggm ver="2.3"><GO type="225" lobby="0"/><UN n0="%E5%B0%8F%E9%B3%A5%E9%81%8A%E7%B7%B4%E7%84%A1%32%31%E6%AD%B3" n1="%E6%A0%B9%E5%85%83%E3%81%8B%E3%82%89%E5%90%B9%E3%81%A3%E9%A3%9B%E3%81%B6" n2="%E3%81%8B%E3%82%8F%E3%81%A1%E3%82%83%E3%82%93%35%38" n3="%54%4F%52" dan="16,17,17,17" rate="2148.96,2183.32,2142.93,2242.91" sx="F,F,M,M"/><TAIKYOKU oya="0"/><INIT seed="0,0,0,5,3,19" ten="250,250,250,250" oya="0" hai0="30,46,135,59,79,1,36,28,44,73,106,92,45" hai1="99,117,93,38,76,130,86,85,26,118,3,69,6" hai2="14,72,107,84,104,41,55,123,23,64,88,97,115" hai3="110,47,11,10,58,37,53,32,27,24,43,94,7"/><T96/><D135/><U103/><E38/><V17/><F115/><W122/><G110/><T42/><D1/><U119/><E69/><V21/><F72/><W113/><G113/><T120/><D106/><U81/><E26/><V89/><F123/><W111/><G111/><T51/><D120/><U75/><E6/><V67/><F104/><W109/><G109/><T40/><D59/><U116/><N who="1" m="29696" /><DORA hai="48" /><U70/><E70/><V82/><F41/><W114/><G114/><T108/><D45/><U100/><E3/><V56/><F23/><W105/><G105/><T33/><D33/><U34/><E34/><V0/><F0/><W83/><G122/><T78/><D73/><U4/><E4/><V134/><F134/><W61/><G94/><T50/><D36/><U66/><E66/><V8/><F8/><W125/><G125/><T68/><D68/><U80/><E130/><V65/><F107/><W74/><G32/><T60/><D60/><U16/><E100/><V2/><F2/><N who="3" m="375" /><G11/><T90/><D108/><U132/><E132/><V102/><F102/><W101/><G101/><T124/><REACH who="0" step="1"/><D124/><REACH who="0" ten="240,250,250,250" step="2"/><U112/><E112/><V9/><F65/><W22/><G74/><T95/><D95/><U29/><E75/><V121/><F121/><W126/><G126/><T20/><D20/><U77/><E16/><V39/><F39/><W13/><G22/><T12/><D12/><U54/><E29/><AGARI ba="0,1" hai="28,29,30,40,42,44,46,50,51,78,79,90,92,96" machi="29" ten="40,18000,2" yaku="1,1,9,1,8,1,53,4" doraHai="19,48" doraHaiUra="25,91" who="0" fromWho="1" sc="240,190,250,-180,250,0,250,0" /><INIT seed="0,1,0,5,1,94" ten="430,70,250,250" oya="0" hai0="13,10,93,52,78,127,26,76,50,110,12,111,32" hai1="79,113,11,36,90,69,134,59,122,7,42,48,73" hai2="23,5,43,55,18,66,39,22,88,97,82,63,35" hai3="41,3,33,15,96,115,29,74,56,85,89,30,106"/><T61/><D61/><U17/><E122/><V92/><F35/><W45/><G3/><T38/><D38/><U25/><E134/><V54/><F5/><W135/><G74/><T62/><D62/><U2/><E113/><V119/><F119/><W21/><G115/><T98/><D127/><U117/><E117/><V77/><F39/><W1/><G1/><T129/><D26/><U57/><E69/><V60/><F43/><W20/><G135/><T100/><D32/><U8/><E48/><V9/><F9/><W64/><G33/><T47/><D129/><U16/><E90/><V46/><F63/><W70/><G70/><T133/><D133/><U132/><E132/><V34/><F34/><W58/><G64/><T24/><D24/><U124/><E124/><V40/><F40/><W114/><G114/><T0/><D13/><U105/><E105/><V31/><F31/><W75/><G75/><T95/><D95/><U19/><E25/><N who="2" m="14551" /><F23/><W83/><G21/><T126/><D0/><U65/><E65/><V128/><F46/><W49/><G30/><T51/><D51/><U14/><E57/><N who="2" m="37135" /><F128/><W121/><G121/><T44/><D44/><N who="1" m="23623" /><E59/><V103/><F77/><W104/><G104/><T123/><D126/><U67/><E67/><V99/><F82/><AGARI ba="1,0" hai="2,7,8,11,14,16,17,19,73,79,82" m="23623" machi="82" ten="30,2000,0" yaku="25,1,54,1" doraHai="94" who="1" fromWho="2" sc="430,0,70,23,250,-23,250,0" /><INIT seed="1,0,0,3,1,113" ten="430,93,227,250" oya="1" hai0="24,23,81,129,127,74,64,73,11,9,96,110,92" hai1="82,28,18,134,46,49,112,85,6,67,93,29,111" hai2="21,68,132,106,58,103,16,80,108,32,55,4,114" hai3="98,54,70,69,44,95,87,71,35,128,48,78,109"/><U41/><E112/><V12/><F114/><W65/><G35/><T38/><D38/><U47/><E134/><V122/><F122/><W25/><G109/><T99/><D110/><U120/><E120/><V94/><F108/><W60/><G128/><T26/><D127/><U52/><E111/><V119/><F68/><W79/><G25/><T50/><D64/><U39/><E67/><V15/><F32/><W31/><G31/><T125/><D125/><U13/><E93/><V77/><F106/><W42/><G42/><T20/><D92/><U100/><E6/><V89/><F132/><W7/><G7/><T33/><D50/><U45/><E45/><V90/><F103/><W135/><G135/><T88/><D33/><U130/><E130/><V5/><F119/><W66/><G87/><T36/><D36/><U40/><E100/><V63/><F15/><W53/><G53/><T61/><D81/><U104/><E41/><V57/><F57/><W76/><REACH who="3" step="1"/><G60/><REACH who="3" ten="430,93,227,240" step="2"/><T126/><D126/><U59/><E104/><V19/><F19/><W1/><G1/><T133/><D133/><U37/><E37/><V117/><F4/><W121/><G121/><T116/><D129/><U123/><E123/><V51/><F5/><W3/><G3/><T124/><D124/><U86/><E86/><V8/><F63/><W107/><G107/><T131/><D61/><U27/><E27/><V34/><F34/><W30/><G30/><T10/><D131/><U115/><E115/><V102/><F16/><W118/><G118/><T43/><D116/><U97/><E29/><V0/><F117/><RYUUKYOKU ba="0,1" sc="430,-10,93,-10,227,-10,240,30" hai3="44,48,54,65,66,69,70,71,76,78,79,95,98" /><INIT seed="2,1,1,4,2,118" ten="420,83,217,270" oya="2" hai0="76,39,96,128,114,36,133,81,127,122,60,55,91" hai1="101,100,95,34,61,28,94,89,40,46,52,17,134" hai2="121,82,23,73,13,35,68,72,0,86,11,131,109" hai3="78,48,70,20,125,26,124,79,18,132,90,1,15"/><V27/><F68/><W30/><G70/><T106/><D114/><U64/><E134/><V123/><F35/><W32/><G132/><T102/><D133/><U50/><E34/><V103/><F0/><W65/><G65/><T67/><D127/><N who="3" m="48713" /><G1/><T112/><D112/><U9/><E28/><V97/><F131/><W135/><G135/><T108/><D108/><U4/><E17/><V57/><F57/><W75/><G75/><T87/><D55/><U98/><E40/><V84/><F73/><W16/><G90/><T2/><D2/><U38/><E38/><V113/><F72/><W56/><G18/><T126/><D126/><U53/><E53/><AGARI ba="1,1" hai="15,16,20,26,30,32,48,53,56,78,79" m="48713" machi="53" ten="30,2000,0" yaku="18,1,54,1" doraHai="118" who="3" fromWho="1" sc="420,0,83,-23,217,0,270,33" /><INIT seed="3,0,0,0,2,26" ten="420,60,217,303" oya="3" hai0="101,80,110,14,56,43,68,27,44,23,63,25,22" hai1="8,123,49,19,127,76,47,71,39,82,84,16,89" hai2="128,45,130,103,102,92,86,125,64,118,98,106,132" hai3="61,78,32,53,51,20,120,37,81,75,74,69,28"/><W105/><G20/><N who="0" m="7723" /><D68/><U24/><E127/><V17/><F45/><W52/><G120/><T55/><D110/><U124/><E124/><V126/><F17/><W59/><G37/><T58/><D101/><U79/><E71/><V21/><F21/><W85/><G105/><T116/><D116/><U133/><E133/><V104/><F64/><W91/><G69/><T62/><D80/><U107/><E107/><V66/><F66/><W38/><G38/><T18/><D44/><U109/><E109/><V115/><F115/><W1/><G1/><T42/><D56/><U117/><E39/><V135/><F86/><W3/><G3/><T41/><D63/><U122/><E117/><V70/><F70/><W12/><G12/><T4/><D18/><U30/><E123/><V50/><F50/><W97/><G97/><T94/><D94/><U5/><E122/><V57/><F57/><W93/><G75/><T119/><D119/><U90/><E76/><V95/><F118/><W99/><G74/><T87/><D87/><U29/><E90/><V131/><F131/><W2/><G2/><T0/><D0/><U112/><E112/><V36/><F36/><W6/><G6/><T54/><D54/><U100/><E100/><V65/><F65/><W67/><REACH who="3" step="1"/><G51/><REACH who="3" ten="420,60,217,293" step="2"/><T72/><D72/><U46/><E24/><AGARI ba="0,1" hai="24,28,32,52,53,59,61,67,78,81,85,91,93,99" machi="24" ten="40,12000,1" yaku="1,1,2,1,52,1,54,1,53,0" doraHai="26" doraHaiUra="34" who="3" fromWho="1" sc="420,0,60,-120,217,0,293,130" owari="420,22.0,-60,-56.0,217,-18.3,423,52.3" /></mjloggm>