<mjloggm ver="2.3"><GO type="225" lobby="0"/><UN n0="%E3%81%A4%E3%81%A3%E3%81%B1%E3%82%8A%E3%83%9D%E3%83%BC%E3%83%AB" n1="%E4%BF%BA%E3%81%A8%E5%A6%96%E5%A4%A2" n2="%E3%82%B7%E3%83%B3%E5%A4%AA%E6%9C%97" n3="%E3%81%99%E3%81%84%E3%81%BE%E3%81%9B%E3%83%BC%E3%82%93" dan="16,17,16,18" rate="2104.59,2172.07,2115.49,2274.79" sx="M,F,M,M"/><TAIKYOKU oya="0"/><INIT seed="0,0,0,0,3,87" ten="250,250,250,250" oya="0" hai0="131,72,122,68,104,113,58,88,52,28,30,79,98" hai1="83,59,134,129,121,34,23,65,91,110,53,36,101" hai2="5,75,108,114,127,84,6,93,99,69,49,38,73" hai3="67,56,3,17,109,14,95,120,60,41,74,106,123"/><T103/><D113/><U54/><E121/><N who="3" m="46666" /><G106/><T61/><D122/><U32/><E36/><V8/><F114/><W13/><G3/><T125/><D131/><U96/><E129/><V45/><F38/><W76/><G109/><T97/><D125/><U130/><E130/><V31/><F127/><W22/><G41/><T64/><D79/><U16/><E110/><V111/><F69/><W66/><G95/><T133/><D72/><U90/><E134/><V26/><F84/><W126/><G126/><T135/><D135/><U24/><E34/><V55/><F108/><W116/><G116/><T85/><D98/><U77/><E32/><V50/><F50/><W19/><G67/><T86/><D86/><N who="1" m="48495" /><E101/><V81/><F81/><N who="3" m="45207" /><G19/><T15/><D133/><U89/><E96/><V100/><F111/><W4/><G4/><T80/><D15/><AGARI ba="0,0" hai="13,14,15,17,22,56,60,66" m="45207,46666" machi="15" ten="30,1000,0" yaku="13,1" doraHai="87" who="3" fromWho="0" sc="250,-10,250,0,250,0,250,10" /><INIT seed="1,0,0,3,5,86" ten="240,250,250,260" oya="1" hai0="99,79,28,80,131,118,73,88,7,21,100,64,101" hai1="55,53,70,97,26,6,2,115,129,134,66,63,41" hai2="114,72,36,29,127,59,95,45,46,9,121,75,104" hai3="44,83,38,85,96,133,50,111,102,120,37,16,1"/><U25/><E115/><V124/><F121/><W61/><G120/><T82/><D118/><U77/><E129/><V34/><F104/><W89/><G1/><T67/><D131/><U5/><E134/><V8/><F114/><W109/><G133/><T76/><D7/><U11/><E41/><V113/><F113/><W19/><G61/><T13/><D13/><U56/><E77/><N who="0" m="29769" /><D73/><U94/><E5/><V3/><F95/><N who="3" m="58655" /><G38/><T49/><D49/><U98/><E98/><V42/><F59/><W130/><G37/><T39/><D39/><U110/><E110/><N who="3" m="41994" /><G130/><T112/><D112/><U22/><E70/><V91/><F3/><W33/><G33/><T107/><D107/><U126/><E126/><V117/><F34/><W12/><G12/><T74/><D74/><U40/><E40/><AGARI ba="0,0" hai="16,19,40,44,50,83,85,89" m="41994,58655" machi="40" ten="30,3900,0" yaku="14,1,52,1,54,1" doraHai="86" who="3" fromWho="1" sc="240,0,250,-39,250,0,260,39" /><INIT seed="2,0,0,0,3,86" ten="240,211,250,299" oya="2" hai0="71,9,34,29,98,18,131,91,50,127,3,62,64" hai1="128,27,24,111,96,40,108,23,59,130,8,77,5" hai2="41,31,126,52,57,19,90,135,114,67,72,43,105" hai3="66,39,51,58,48,25,104,94,21,45,73,85,113"/><V17/><F114/><W69/><G104/><T13/><D131/><N who="1" m="50219" /><E77/><V54/><F105/><W125/><G73/><T15/><D127/><U124/><E40/><N who="2" m="15435" /><F72/><W97/><G125/><T70/><D70/><U89/><E124/><V132/><F126/><W1/><G1/><T102/><D50/><U12/><E59/><V42/><F31/><W22/><G39/><T95/><D3/><N who="1" m="63" /><E96/><V53/><F42/><W37/><G69/><T133/><D133/><N who="2" m="51274" /><F90/><W82/><G37/><T81/><D15/><U28/><E89/><V112/><F112/><W106/><G106/><T74/><D74/><U35/><E12/><V7/><F7/><W100/><G97/><T93/><D81/><U134/><E134/><V55/><F67/><W47/><G66/><T122/><D95/><U0/><E0/><V4/><F4/><W46/><G94/><T83/><D83/><U11/><E11/><V20/><F20/><W36/><G36/><T32/><D102/><U44/><E44/><V129/><F129/><W110/><G100/><T119/><D91/><U68/><E68/><V115/><F115/><W65/><G113/><T63/><D93/><U117/><E117/><V99/><F99/><W109/><G82/><T87/><D119/><U80/><E80/><V14/><F14/><W2/><G2/><T118/><D118/><U107/><E107/><V101/><F101/><W38/><G38/><T33/><D98/><U56/><E56/><V61/><AGARI ba="0,0" hai="17,19,52,53,54,55,57,61" m="51274,15435" machi="61" ten="40,3900,0" yaku="20,1,54,1" doraHai="86" who="2" fromWho="2" sc="240,-13,211,-13,250,39,299,-13" /><INIT seed="2,1,0,4,2,89" ten="227,198,289,286" oya="2" hai0="116,68,111,56,26,128,37,103,110,36,73,64,135" hai1="28,40,55,82,84,126,72,112,39,94,61,14,106" hai2="65,119,20,79,21,86,131,87,3,113,102,75,1" hai3="125,5,0,62,90,42,133,108,115,47,52,54,51"/><V27/><F119/><W74/><G74/><T134/><D73/><U80/><E112/><V11/><F113/><W58/><G115/><T17/><D103/><U70/><E106/><V44/><F131/><W95/><G108/><N who="0" m="41515" /><D128/><U18/><E126/><V77/><F102/><W88/><G125/><T96/><D96/><U60/><E28/><V78/><F75/><W25/><G133/><N who="0" m="50699" /><D116/><U46/><E70/><V81/><F65/><W98/><G25/><T124/><D124/><U99/><E72/><V8/><F44/><W97/><G0/><T19/><D68/><U4/><E4/><V22/><F27/><W83/><G5/><T122/><D122/><U66/><E80/><V71/><F71/><W45/><G83/><T15/><D26/><U92/><E99/><V35/><F35/><W67/><G47/><T23/><D19/><U49/><E66/><V123/><F123/><W127/><G127/><T121/><D121/><U107/><E107/><V50/><F50/><W85/><G98/><T10/><D10/><N who="2" m="3626" /><F81/><W100/><G100/><T91/><D64/><U13/><E39/><N who="0" m="14921" /><D56/><N who="1" m="34847" /><E18/><V53/><F3/><W43/><G67/><T30/><D30/><U7/><E7/><V101/><F1/><W93/><AGARI ba="1,0" hai="42,43,45,51,52,54,58,62,85,88,90,93,95,97" machi="93" ten="20,12000,2" yaku="0,1,7,1,8,1,52,2,54,2" doraHai="89" who="3" fromWho="3" sc="227,-31,198,-31,289,-61,286,123" /><INIT seed="3,0,0,4,5,124" ten="196,167,228,409" oya="3" hai0="76,78,0,82,3,25,16,52,65,111,58,69,75" hai1="99,71,91,45,13,44,135,43,107,42,48,101,33" hai2="68,30,112,5,70,50,20,54,90,40,88,114,46" hai3="17,132,60,38,115,18,116,47,94,61,41,104,117"/><W9/><G104/><T123/><D123/><U62/><E135/><V22/><F5/><W85/><G115/><T73/><D65/><U77/><E33/><V4/><F4/><W35/><G35/><T130/><D69/><U59/><E71/><V80/><F70/><W21/><G132/><T92/><D111/><U96/><E77/><V108/><F68/><W6/><G18/><T109/><D109/><U63/><E13/><V7/><F7/><W29/><G29/><T23/><D130/><U56/><E91/><V93/><F108/><W15/><G61/><T122/><D122/><U49/><E107/><V126/><F126/><W95/><G60/><T81/><D92/><U57/><E57/><V87/><F30/><W32/><G32/><T11/><D11/><U10/><E10/><V31/><F31/><W67/><G67/><T97/><D97/><U1/><E1/><V55/><F112/><W100/><G100/><AGARI ba="0,0" hai="42,43,44,45,48,49,56,59,62,63,96,99,100,101" machi="100" ten="25,3200,0" yaku="22,2,8,1" doraHai="124" who="1" fromWho="3" sc="196,0,167,32,228,0,409,-32" owari="196,-30.4,199,-20.1,228,2.8,377,47.7" /></mjloggm>