<mjloggm ver="2.3"><GO type="225" lobby="0"/><UN n0="%38%63%E3%81%AF%E3%81%A3%E3%81%97%E3%83%BC" n1="%E4%BE%BF%E6%89%80" n2="%E6%AF%9B%E8%8D%92%E3%82%8C%E3%83%BB%E3%82%B9%E3%83%9F%E3%82%B9" n3="%E3%82%BC%E3%83%AB%E3%83%80%E3%81%AE%E4%BC%9D%E8%AA%AC" dan="16,16,16,17" rate="2127.00,2046.53,2065.59,2238.96" sx="M,M,F,M"/><TAIKYOKU oya="0"/><INIT seed="0,0,0,5,0,55" ten="250,250,250,250" oya="0" hai0="34,22,67,43,7,119,64,74,135,25,23,36,72" hai1="57,80,11,102,133,58,8,82,10,125,127,41,99" hai2="108,98,62,78,18,112,61,2,12,24,104,105,97" hai3="49,27,120,32,0,50,20,66,88,65,70,63,33"/><T113/><D34/><U1/><E1/><V128/><F108/><W118/><G118/><T121/><D121/><U84/><E41/><V107/><F128/><W124/><G124/><N who="1" m="47690" /><E133/><V69/><F112/><W38/><G120/><T37/><D7/><U106/><E80/><V130/><F2/><W42/><G0/><T68/><D68/><U83/><E83/><V91/><F130/><W4/><G4/><T29/><D43/><U56/><E8/><V115/><F115/><W111/><G111/><T79/><D79/><AGARI ba="0,0" hai="10,11,56,57,58,79,82,84,99,102,106" m="47690" machi="79" ten="30,7700,0" yaku="18,1,52,3" doraHai="55" who="1" fromWho="0" sc="250,-77,250,77,250,0,250,0" /><INIT seed="1,0,0,2,3,34" ten="173,327,250,250" oya="1" hai0="4,93,100,118,58,45,115,25,97,68,124,1,79" hai1="133,42,66,76,59,22,7,0,75,117,87,52,106" hai2="102,40,57,27,18,90,64,8,35,43,44,78,123" hai3="24,9,91,98,55,89,132,131,121,50,77,135,30"/><U108/><E117/><V129/><F123/><W13/><G121/><T15/><D68/><U86/><E106/><V112/><F129/><W128/><G77/><T111/><D118/><U134/><E66/><V119/><F119/><W47/><G98/><T114/><D111/><U110/><E42/><V38/><F112/><W113/><G113/><T92/><D15/><U54/><E75/><V32/><F102/><W85/><G128/><T36/><D124/><U69/><E69/><V26/><F78/><W82/><G91/><T122/><D122/><U63/><E22/><V101/><F101/><W109/><G109/><N who="1" m="42090" /><E54/><V126/><F126/><W127/><G131/><T81/><D93/><U37/><E37/><V83/><F43/><W20/><REACH who="3" step="1"/><G127/><REACH who="3" ten="173,327,250,240" step="2"/><T73/><D115/><U41/><E41/><V103/><F40/><W31/><G31/><T29/><D29/><U120/><E120/><V104/><F90/><W60/><G60/><T61/><D61/><U107/><E107/><V19/><F104/><W10/><G10/><T72/><D114/><U48/><E63/><V94/><F8/><W33/><G33/><T12/><D100/><U96/><E96/><N who="2" m="59799" /><F32/><W49/><G49/><T130/><D130/><U116/><E116/><V74/><F35/><W105/><G105/><T62/><D62/><U84/><E76/><V6/><F38/><W21/><G21/><T71/><D79/><U28/><E28/><V80/><F64/><W99/><G99/><T56/><D36/><U125/><E125/><V11/><F11/><AGARI ba="0,1" hai="0,7,11,48,52,59,84,86,87,133,134" m="42090" machi="11" ten="40,12000,1" yaku="14,1,10,1,52,1,54,1" doraHai="34" who="1" fromWho="2" sc="173,0,327,130,250,-120,240,0" /><INIT seed="1,1,0,2,1,118" ten="173,457,130,240" oya="1" hai0="132,116,25,101,69,99,104,96,97,107,44,125,128" hai1="100,86,133,24,94,43,55,90,80,38,19,56,15" hai2="108,115,78,53,92,16,63,20,1,42,73,36,4" hai3="47,82,65,32,58,103,72,117,48,110,50,62,75"/><U22/><E133/><V49/><F108/><W23/><G32/><T71/><D44/><U11/><E38/><V102/><F115/><W119/><G110/><T112/><D25/><U6/><E43/><V14/><F63/><W30/><G103/><T95/><D116/><N who="3" m="44617" /><G82/><T79/><D69/><U0/><E0/><V122/><F122/><W98/><G98/><T88/><D71/><U135/><E135/><V121/><F121/><W68/><G68/><T83/><D132/><U114/><E114/><V105/><F105/><W45/><G30/><T106/><D112/><U109/><E109/><V5/><F1/><W130/><G130/><T3/><D3/><U7/><E7/><V13/><F73/><N who="3" m="28235" /><G23/><T52/><D128/><U29/><E29/><V89/><F78/><W59/><G59/><T17/><D101/><U64/><E64/><V87/><F102/><W113/><G113/><T84/><D17/><U76/><E100/><V31/><F31/><W2/><G2/><T93/><D125/><U37/><E80/><V77/><F77/><W33/><G33/><T129/><D129/><U28/><E76/><V21/><F21/><W120/><G120/><T18/><D18/><U41/><E28/><V67/><F67/><W9/><G9/><T60/><REACH who="0" step="1"/><D79/><REACH who="0" ten="163,457,130,240" step="2"/><U131/><E131/><V127/><F127/><W66/><G45/><T74/><D74/><U70/><E70/><V124/><F124/><W12/><G47/><T126/><D126/><U123/><E19/><V61/><F13/><W111/><G111/><T26/><D26/><U8/><E24/><V35/><F14/><RYUUKYOKU ba="1,1" sc="163,30,457,-10,130,-10,240,-10" hai0="52,60,83,84,88,93,95,96,97,99,104,106,107" /><INIT seed="2,2,1,1,0,127" ten="193,447,120,230" oya="2" hai0="101,37,39,112,14,17,38,44,64,31,93,115,120" hai1="90,20,114,98,124,132,97,2,21,100,72,110,59" hai2="29,122,128,116,41,60,53,103,63,117,49,19,80" hai3="74,24,50,92,71,70,52,28,30,0,126,22,23"/><V81/><F29/><W87/><G74/><T129/><D120/><U82/><E114/><V133/><F122/><W135/><G0/><T77/><D31/><U47/><E2/><V109/><F103/><W15/><G126/><T4/><D4/><U125/><E110/><V3/><F3/><W65/><G135/><T58/><D77/><U16/><E132/><V25/><F133/><W43/><G43/><T1/><D1/><U34/><E34/><V95/><F95/><W108/><G108/><T69/><D69/><U55/><E47/><N who="2" m="25839" /><F109/><W104/><G65/><T121/><D44/><U40/><E100/><V102/><F102/><W13/><G104/><T57/><D121/><U7/><E72/><V105/><F105/><W54/><G54/><T123/><D123/><U36/><E36/><V78/><F78/><W79/><G70/><T131/><D93/><U8/><E90/><V51/><F116/><W66/><G92/><T42/><D42/><U111/><E111/><V5/><F117/><W91/><G79/><T32/><D32/><U11/><E124/><V134/><F5/><W107/><G107/><T130/><D101/><U12/><E7/><V75/><F134/><W94/><G28/><T6/><D6/><U86/><E125/><V76/><F81/><W61/><G23/><N who="0" m="11703" /><D64/><U46/><E82/><V113/><F113/><AGARI ba="2,1" hai="37,38,39,57,58,112,113,115,129,130,131" m="11703" machi="113" ten="40,8000,1" yaku="19,1,52,3" doraHai="127" who="0" fromWho="2" sc="193,96,447,0,120,-86,230,0" /><INIT seed="3,0,0,1,4,10" ten="289,447,34,230" oya="3" hai0="48,123,85,113,18,77,103,126,40,44,69,71,93" hai1="116,45,95,16,19,57,92,24,7,118,11,81,80" hai2="52,3,54,41,79,112,43,111,31,51,129,120,25" hai3="76,6,5,59,27,63,30,88,35,32,9,65,99"/><W36/><G36/><T133/><D123/><U22/><E57/><V117/><F3/><W8/><G76/><T115/><D126/><U29/><E45/><V60/><F79/><W39/><G39/><T55/><D133/><U47/><E47/><V130/><F25/><W98/><G35/><T100/><D18/><N who="1" m="6699" /><E92/><V42/><F31/><W125/><G125/><T23/><D23/><U96/><E11/><V114/><F117/><N who="1" m="45161" /><E7/><V84/><F84/><W82/><G82/><N who="0" m="47311" /><D40/><U107/><E107/><V0/><F0/><W61/><G88/><AGARI ba="0,0" hai="22,24,29,80,81,88,95,96" m="45161,6699" machi="88" ten="30,3900,0" yaku="12,1,54,2" doraHai="10" who="1" fromWho="3" sc="289,0,447,39,34,0,230,-39" owari="289,8.9,486,58.6,34,-46.6,191,-20.9" /></mjloggm>