<mjloggm ver="2.3"><GO type="225" lobby="0"/><UN n0="%E7%89%B9%E6%9D%B1%E3%81%AF%E4%B8%96%E7%95%8C%E3%82%92%E6%95%91%E3%81%86" n1="%4B%2E%32%2E%4B%2E" n2="%77%72%77%72%77%72%77%72" n3="%E5%82%8D%E8%8B%A5%E7%84%A1%E4%BA%BA%35%31" dan="16,16,17,16" rate="2041.33,2122.68,2162.81,2113.93" sx="M,M,M,M"/><TAIKYOKU oya="0"/><INIT seed="0,0,0,0,0,53" ten="250,250,250,250" oya="0" hai0="30,61,59,118,54,27,75,123,31,66,111,86,102" hai1="92,87,62,125,127,50,128,63,131,89,39,77,95" hai2="120,110,129,132,76,101,119,79,7,55,2,103,0" hai3="64,115,80,47,10,36,11,52,23,58,112,104,93"/><T68/><D118/><U51/><E39/><V117/><F120/><W90/><G104/><T97/><D75/><U29/><E29/><V25/><F55/><W65/><G80/><T88/><D123/><U98/><E77/><N who="2" m="29771" /><F25/><W105/><G105/><T69/><D111/><U78/><E78/><V107/><F7/><W13/><G47/><T49/><D68/><U73/><E73/><V74/><F107/><W113/><G36/><T32/><D31/><U114/><E114/><V96/><F74/><W121/><G121/><T18/><D18/><U6/><E6/><V37/><F37/><W67/><G23/><T20/><D97/><U43/><E43/><V135/><F96/><W85/><REACH who="3" step="1"/><G13/><REACH who="3" ten="250,250,250,240" step="2"/><T124/><D124/><U106/><E106/><V3/><F110/><W82/><G82/><T46/><D102/><N who="2" m="38922" /><F129/><N who="1" m="49737" /><E127/><V109/><F109/><W41/><G41/><T22/><REACH who="0" step="1"/><D46/><REACH who="0" ten="240,250,250,240" step="2"/><U12/><E125/><V100/><F100/><W134/><G134/><AGARI ba="0,2" hai="0,2,3,117,119,132,134,135" m="38922,29771" machi="134" ten="40,5200,0" yaku="28,2,20,1" doraHai="53" who="2" fromWho="3" sc="240,0,250,0,250,72,240,-52" /><INIT seed="1,0,0,2,4,64" ten="240,250,322,188" oya="1" hai0="70,122,104,63,53,118,79,28,21,3,48,13,84" hai1="37,47,128,107,31,41,95,87,11,57,125,55,49" hai2="99,119,8,112,34,115,32,130,94,101,135,42,66" hai3="114,97,27,20,116,74,120,15,35,67,83,110,36"/><U60/><E107/><V85/><F119/><W88/><G120/><T69/><D118/><U43/><E125/><V121/><F121/><W134/><G114/><N who="2" m="43561" /><F130/><W19/><G110/><T132/><D3/><U33/><E128/><V126/><F126/><W91/><G134/><T131/><D122/><U23/><E33/><V1/><F135/><W92/><G36/><T40/><D131/><U78/><E11/><V12/><F1/><W16/><G116/><T9/><D104/><U45/><E37/><V7/><F42/><W38/><G38/><T129/><D40/><U80/><E95/><V14/><F66/><W75/><G67/><T109/><D63/><U50/><REACH who="1" step="1"/><E31/><REACH who="1" ten="240,240,322,188" step="2"/><V81/><F32/><W111/><G111/><T89/><D28/><U96/><E96/><V46/><F34/><W127/><G127/><T39/><D39/><U6/><E6/><V102/><F94/><W106/><G106/><T117/><D109/><U54/><E54/><V105/><F99/><W29/><REACH who="3" step="1"/><G19/><REACH who="3" ten="240,240,322,178" step="2"/><T5/><D117/><U17/><E17/><V73/><F105/><W62/><G62/><T108/><D108/><U133/><E133/><V18/><F18/><W124/><G124/><T82/><D129/><U71/><E71/><V65/><F65/><W90/><G90/><T61/><D132/><U30/><E30/><V100/><F100/><W98/><G98/><T76/><D61/><U52/><E52/><V77/><F102/><W10/><G10/><N who="0" m="4303" /><D53/><U44/><E44/><V58/><F46/><W25/><G25/><T51/><D89/><U68/><E68/><V93/><F101/><RYUUKYOKU ba="0,2" sc="240,-15,240,15,322,-15,178,15" hai1="23,41,43,45,47,49,50,55,57,60,78,80,87" hai3="15,16,20,27,29,35,74,75,83,88,91,92,97" /><INIT seed="1,1,2,0,1,32" ten="225,255,307,193" oya="1" hai0="33,46,52,36,134,8,114,68,54,129,4,112,58" hai1="30,51,66,61,15,127,63,84,7,25,3,105,97" hai2="122,126,104,16,26,28,81,83,135,88,103,60,121" hai3="93,41,39,87,37,132,111,119,125,71,17,9,20"/><U31/><E127/><V95/><F126/><W27/><G71/><T124/><D124/><U72/><E72/><V56/><F135/><W115/><G132/><T43/><D33/><U117/><E117/><V47/><F104/><W49/><G111/><T24/><D134/><U5/><E15/><V10/><F103/><W77/><G115/><T2/><D129/><U94/><E105/><V75/><F75/><W96/><G119/><T6/><D68/><U55/><E84/><V92/><F92/><W14/><G125/><T38/><D36/><U110/><E31/><V131/><F131/><W79/><G39/><T13/><D24/><U108/><E51/><V128/><F47/><N who="3" m="25839" /><G37/><T44/><D44/><U12/><E12/><N who="2" m="7191" /><F122/><W40/><G40/><T113/><REACH who="0" step="1"/><D58/><REACH who="0" ten="215,255,307,193" step="2"/><N who="1" m="35039" /><E110/><V48/><F128/><W133/><G133/><T64/><D64/><U34/><E108/><V0/><F56/><W123/><G123/><T86/><D86/><U91/><E34/><V18/><F26/><W106/><G87/><T65/><D65/><U69/><E69/><V80/><F121/><W107/><G107/><T78/><D78/><U120/><E120/><V29/><F28/><N who="3" m="17511" /><G106/><T82/><D82/><U109/><E109/><V116/><F80/><W35/><G35/><T118/><D118/><U102/><E30/><V45/><F81/><W57/><G57/><T73/><D73/><U74/><E74/><V70/><F83/><W100/><AGARI ba="1,3" hai="9,14,17,77,79,93,96,100" m="17511,25839" machi="100" ten="30,1100,0" yaku="8,1" doraHai="32" who="3" fromWho="3" sc="215,-4,255,-6,307,-4,193,44" /><INIT seed="2,0,0,5,1,96" ten="211,249,303,237" oya="2" hai0="82,15,104,49,41,44,107,77,132,95,79,121,70" hai1="46,99,13,40,120,52,4,98,39,88,113,9,105" hai2="106,0,28,75,35,69,21,85,73,78,87,115,61" hai3="50,30,74,94,56,111,31,125,134,66,16,130,60"/><V48/><F115/><W57/><G74/><T135/><D121/><U83/><E113/><V6/><F106/><W65/><G130/><T100/><D70/><U109/><E120/><V47/><F35/><W81/><G111/><T80/><D15/><U119/><E119/><V129/><F129/><W42/><G134/><N who="0" m="51243" /><D80/><U63/><E109/><V27/><F0/><W8/><G125/><T101/><D95/><U123/><E123/><V7/><F69/><W53/><G81/><T133/><N who="0" m="51251" /><T67/><DORA hai="36" /><D67/><U22/><E105/><N who="0" m="40521" /><D79/><U110/><E110/><V92/><F78/><W54/><G94/><T68/><D68/><U117/><E117/><V91/><F92/><W97/><G97/><T29/><D29/><U103/><E98/><V131/><F28/><W55/><G31/><T108/><D108/><U71/><E71/><V34/><F131/><W116/><G30/><T5/><D5/><U112/><E112/><V26/><F6/><W2/><G116/><T127/><D127/><U23/><E83/><V14/><F7/><W1/><G66/><T126/><D126/><U32/><E32/><V3/><F14/><N who="3" m="7239" /><G1/><T10/><D10/><U72/><E72/><AGARI ba="0,0" hai="41,44,49,72,77,82,100,101" m="40521,51251" machi="72" ten="40,8000,1" yaku="20,1,52,3" doraHai="96,36" who="0" fromWho="1" sc="211,80,249,-80,303,0,237,0" /><INIT seed="3,0,0,4,5,26" ten="291,169,303,237" oya="3" hai0="27,92,25,10,54,68,52,69,39,127,77,60,7" hai1="112,133,18,15,88,115,102,30,37,66,108,44,87" hai2="113,8,11,82,38,124,72,23,106,17,21,74,5" hai3="121,105,64,56,132,109,94,48,111,76,101,14,91"/><W130/><G121/><T62/><D39/><U83/><E108/><N who="3" m="41546" /><G130/><T4/><D92/><U34/><E133/><V128/><F113/><W53/><G132/><T99/><D99/><U13/><E66/><V104/><F128/><W116/><G116/><T9/><D77/><U41/><E102/><V47/><F124/><AGARI ba="0,0" hai="4,7,9,10,25,27,52,54,60,62,68,69,124,127" machi="124" ten="25,3200,0" yaku="22,2,54,1" doraHai="26" who="0" fromWho="2" sc="291,32,169,0,303,-32,237,0" owari="323,42.3,169,-33.1,271,7.1,237,-16.3" /></mjloggm>