<mjloggm ver="2.3"><GO type="225" lobby="0"/><UN n0="%E7%99%BD%E6%97%A5%E9%9B%AA%E8%8F%9C" n1="%E3%81%82%E3%81%B9%E3%81%99%E3%81%91" n2="%E3%83%AB%E3%83%9B%E3%83%B3%E3%83%87%E3%82%A3%E3%82%A8" n3="%77%72%77%72%77%72%77%72" dan="17,16,17,16" rate="2255.45,2056.39,2185.78,2220.35" sx="M,M,M,M"/><TAIKYOKU oya="0"/><INIT seed="0,0,0,3,0,98" ten="250,250,250,250" oya="0" hai0="111,23,54,6,83,39,125,101,85,131,22,103,114" hai1="126,74,115,84,1,21,86,34,53,11,19,32,15" hai2="95,69,97,72,5,124,52,78,94,123,66,109,134" hai3="56,9,58,59,77,82,108,96,87,76,40,89,64"/><T38/><D114/><U92/><E74/><V133/><F123/><W135/><G108/><T129/><D125/><U28/><E126/><V33/><F33/><W62/><G135/><N who="2" m="51721" /><F124/><W44/><G9/><T113/><D113/><U70/><E70/><V2/><F2/><W31/><G31/><T73/><D73/><U17/><E115/><V61/><F5/><W132/><G132/><T68/><D68/><U26/><E1/><V0/><F0/><W46/><G46/><T104/><D111/><U81/><E19/><V27/><F27/><W7/><G7/><T49/><D6/><U36/><E36/><N who="0" m="13865" /><D104/><U118/><E118/><V30/><F30/><W12/><G12/><T75/><D75/><U18/><E18/><V112/><F112/><W79/><REACH who="3" step="1"/><G96/><REACH who="3" ten="250,250,250,240" step="2"/><T48/><D23/><U47/><E34/><V24/><F97/><W99/><G99/><T35/><D22/><U10/><E32/><V88/><F109/><W3/><G3/><T16/><D35/><U42/><E11/><V80/><F24/><W91/><G91/><N who="0" m="51647" /><D16/><U43/><E47/><V90/><F90/><W67/><G67/><T71/><D131/><U65/><E65/><V106/><F88/><W63/><G63/><T41/><D129/><U93/><E10/><V8/><F8/><W116/><G116/><T128/><D128/><U121/><E28/><V119/><F119/><W13/><G13/><T102/><D41/><U25/><E43/><V100/><F52/><W29/><G29/><T50/><D54/><U105/><E53/><V127/><F127/><W4/><G4/><T120/><D120/><RYUUKYOKU ba="0,1" sc="250,10,250,-30,250,10,240,10" hai0="48,49,50,71,101,102,103" hai2="61,66,69,72,78,80,94,95,100,106" hai3="40,44,56,58,59,62,64,76,77,79,82,87,89" /><INIT seed="0,1,1,3,0,85" ten="260,220,260,250" oya="0" hai0="132,91,43,33,35,4,121,62,38,55,23,82,31" hai1="81,22,6,114,86,107,56,96,40,128,118,41,78" hai2="99,39,87,122,69,130,131,119,98,29,37,109,116" hai3="92,52,1,106,34,2,12,51,67,100,108,21,79"/><T117/><D117/><N who="2" m="45130" /><F122/><W70/><G34/><T115/><D115/><U135/><E118/><V11/><F29/><W68/><G106/><T61/><D121/><U10/><E114/><V73/><F73/><W7/><G108/><T80/><D4/><U63/><E135/><V133/><F109/><W5/><G79/><T30/><D38/><N who="2" m="14346" /><F69/><W112/><G112/><T94/><D43/><U72/><E128/><N who="2" m="49195" /><F11/><W111/><G70/><T126/><D31/><U76/><E72/><V44/><F44/><W58/><G68/><T90/><D30/><U124/><E22/><V53/><F53/><W17/><G52/><T19/><D55/><U14/><E41/><V9/><F9/><W66/><G21/><T36/><D23/><U27/><E40/><V65/><F65/><W48/><G67/><T32/><D32/><U15/><E56/><V113/><F113/><W28/><G58/><T49/><D35/><U77/><E10/><V42/><F42/><W47/><G66/><T93/><D33/><U120/><E120/><V74/><F74/><W25/><G47/><T54/><D54/><U0/><E6/><V59/><F59/><W101/><G7/><T127/><D36/><U110/><E110/><V105/><F105/><W123/><G5/><T50/><REACH who="0" step="1"/><D19/><REACH who="0" ten="250,220,260,250" step="2"/><U24/><E0/><V45/><F45/><W3/><G123/><T26/><D26/><U60/><E27/><V64/><F64/><W16/><G25/><T57/><D57/><U20/><E24/><V13/><F13/><W97/><G111/><T8/><D8/><U103/><E15/><V18/><F18/><RYUUKYOKU ba="1,2" sc="250,30,220,-10,260,-10,250,-10" hai0="49,50,61,62,80,82,90,91,93,94,126,127,132" /><INIT seed="0,2,2,2,3,46" ten="280,210,250,240" oya="0" hai0="134,66,59,0,95,93,76,26,108,70,54,9,120" hai1="127,102,110,64,96,38,37,58,126,62,129,28,82" hai2="106,94,60,2,47,23,6,68,105,121,48,97,33" hai3="24,44,67,71,101,4,22,122,10,104,57,40,29"/><T63/><D120/><U17/><E110/><V115/><F115/><W100/><G71/><T125/><D125/><N who="1" m="47627" /><E129/><V112/><F112/><W56/><G122/><T42/><D134/><U39/><E82/><V90/><F33/><W132/><G132/><T61/><D108/><U36/><E36/><V69/><F2/><W18/><G104/><T99/><D76/><U113/><E113/><V86/><F6/><W114/><G114/><T73/><D73/><U25/><E17/><V111/><F111/><W12/><G4/><T45/><D26/><U118/><E118/><V87/><F106/><W79/><G79/><T65/><D65/><U11/><E11/><V135/><F135/><W89/><G89/><T109/><D109/><U131/><E131/><V21/><F68/><W72/><G72/><T32/><D32/><N who="1" m="20495" /><E37/><V1/><F1/><W8/><G8/><T41/><D9/><U81/><E81/><V117/><F117/><W119/><G119/><T15/><D0/><U83/><E83/><V14/><F105/><AGARI ba="2,2" hai="38,39,58,62,64,96,102,105" m="20495,47627" machi="105" ten="30,1000,0" yaku="18,1" doraHai="46" who="1" fromWho="2" sc="280,0,210,36,250,-16,240,0" /><INIT seed="1,0,0,1,4,38" ten="280,246,234,240" oya="1" hai0="32,86,54,33,21,106,29,23,61,105,7,39,12" hai1="101,62,132,49,99,3,79,1,45,30,88,123,100" hai2="53,110,36,69,6,71,25,115,11,98,94,43,15" hai3="14,20,70,97,77,19,121,8,18,31,108,131,91"/><U26/><E123/><V135/><F110/><W66/><G121/><T112/><D112/><U52/><E132/><V27/><F135/><W58/><G108/><T125/><D39/><U72/><E62/><V107/><F107/><W81/><G70/><T59/><D125/><U75/><E101/><V127/><F115/><W128/><G31/><T118/><D118/><U119/><E119/><V67/><F127/><W5/><G66/><T130/><D130/><N who="3" m="49705" /><G58/><T46/><D105/><U60/><E60/><V96/><F67/><W111/><G111/><T116/><D106/><U40/><E100/><V73/><F73/><N who="3" m="43183" /><G20/><T104/><D104/><U90/><E75/><V2/><F71/><W89/><G97/><T17/><D116/><U74/><E99/><V22/><F69/><W37/><G37/><T50/><D7/><U63/><E74/><V129/><F98/><W47/><G47/><T34/><D86/><U95/><E3/><V126/><F129/><W124/><G124/><T4/><D4/><U68/><E1/><V103/><F126/><W82/><G82/><T35/><D33/><N who="1" m="20695" /><E68/><V133/><F133/><W64/><G64/><T80/><D80/><N who="1" m="45159" /><E63/><V24/><F2/><W93/><G93/><T42/><REACH who="0" step="1"/><D23/><REACH who="0" ten="270,246,234,240" step="2"/><U57/><E95/><V16/><F6/><W13/><G5/><T65/><D65/><U117/><E117/><V51/><BYE who="1" /><F22/><W85/><G85/><T56/><D56/><UN n1="%E3%81%82%E3%81%B9%E3%81%99%E3%81%91" /><U120/><E120/><V122/><F122/><W55/><G8/><T9/><D9/><U78/><E57/><N who="2" m="32959" /><F36/><W84/><G84/><T113/><D113/><U109/><E109/><RYUUKYOKU ba="0,1" sc="270,15,246,-15,234,15,240,-15" hai0="12,17,21,29,32,34,35,42,46,50,54,59,61" hai2="11,15,16,24,25,27,43,94,96,103" /><INIT seed="2,1,1,4,3,25" ten="285,231,249,225" oya="2" hai0="32,18,101,103,70,130,12,8,40,14,30,102,59" hai1="107,90,69,132,67,134,64,114,23,73,99,39,5" hai2="20,17,83,120,13,135,121,124,60,27,47,77,54" hai3="113,0,76,44,3,95,84,126,123,10,127,88,71"/><V85/><F124/><N who="3" m="47659" /><G123/><T128/><D70/><U52/><E114/><V98/><F135/><N who="1" m="51753" /><E73/><V87/><F121/><W1/><G113/><T43/><D59/><U50/><E39/><V118/><F118/><W63/><G44/><T108/><D108/><U122/><E122/><V4/><F120/><W80/><G63/><T62/><D62/><N who="1" m="40087" /><E67/><V133/><F133/><W93/><G93/><T75/><D75/><U119/><E5/><V35/><F35/><W78/><G78/><T56/><D56/><N who="1" m="32791" /><E119/><V48/><F60/><W38/><G38/><T68/><D68/><U125/><E125/><V105/><F105/><W72/><G71/><T79/><D79/><U92/><E23/><V7/><F98/><W91/><G91/><T6/><D103/><U110/><E110/><V49/><F87/><W81/><G81/><T55/><D102/><U19/><E19/><V61/><F61/><W2/><G2/><T86/><D86/><U42/><E42/><V9/><F49/><W106/><G106/><AGARI ba="1,1" hai="90,92,99,106,107" m="32791,40087,51753" machi="106" ten="30,2000,0" yaku="20,1,54,1" doraHai="25" who="1" fromWho="3" sc="285,0,231,33,249,0,225,-23" /><INIT seed="3,0,0,5,2,17" ten="285,264,249,202" oya="3" hai0="69,133,85,16,95,39,67,127,13,71,51,119,106" hai1="128,84,57,122,21,97,116,100,42,98,90,70,41" hai2="18,107,129,109,112,11,101,79,5,78,31,36,50" hai3="76,14,110,52,30,64,49,124,2,54,88,123,4"/><W121/><G2/><T60/><D119/><U48/><E122/><V34/><F36/><W114/><G114/><T111/><D39/><U105/><E70/><V130/><F112/><W6/><G76/><T38/><D38/><U1/><E1/><V7/><F107/><W59/><G64/><T32/><D106/><U115/><E98/><V92/><F101/><W44/><G124/><T102/><D32/><U29/><E128/><V24/><F92/><W96/><G30/><T0/><D0/><U80/><E116/><V72/><F109/><W66/><G66/><T9/><D111/><U61/><E48/><V74/><F50/><W20/><G110/><T22/><D127/><U126/><E126/><V77/><F18/><N who="3" m="10327" /><G123/><T25/><D133/><U89/><E89/><V91/><F91/><W132/><G132/><T56/><D51/><U63/><E63/><V62/><F62/><N who="3" m="36199" /><G121/><T73/><D73/><U10/><E115/><V94/><F72/><W12/><G12/><T28/><D85/><U47/><E84/><V118/><F74/><W75/><G75/><T104/><D104/><U53/><E105/><V45/><F118/><W125/><G125/><T81/><D81/><U108/><E80/><V46/><F129/><W58/><G44/><T43/><D43/><U87/><E47/><V26/><F130/><W120/><G120/><T33/><D33/><U135/><E108/><V131/><F131/><W134/><G134/><T93/><D93/><AGARI ba="0,0" hai="4,6,49,54,58,88,93,96" m="36199,10327" machi="93" ten="30,11600,0" yaku="8,1,52,1,54,2" doraHai="17" who="3" fromWho="0" sc="285,-116,264,0,249,0,202,116" owari="169,-33.1,264,6.4,249,-15.1,318,41.8" /></mjloggm>