<mjloggm ver="2.3"><GO type="225" lobby="0"/><UN n0="%E3%81%AA%E3%81%A1%30%39%32%37" n1="%E5%B8%86%E7%AB%8B%E5%A4%8F%E8%A1%A3" n2="%E5%B0%8F%E9%B3%A5%E9%81%8A%E7%B7%B4%E7%84%A1%32%31%E6%AD%B3" n3="%E6%A0%B9%E5%85%83%E3%81%8B%E3%82%89%E5%90%B9%E3%81%A3%E9%A3%9B%E3%81%B6" dan="16,16,16,17" rate="2054.25,2092.30,2186.71,2246.66" sx="M,M,F,F"/><TAIKYOKU oya="0"/><INIT seed="0,0,0,0,4,64" ten="250,250,250,250" oya="0" hai0="112,31,42,21,4,32,60,1,121,62,41,127,5" hai1="109,103,53,70,43,57,126,58,80,13,98,125,95" hai2="73,20,8,56,100,26,117,35,30,118,105,89,102" hai3="27,66,25,94,44,9,97,15,81,45,22,19,33"/><T82/><D121/><U120/><E120/><V131/><F73/><W49/><G66/><T123/><D123/><U133/><E43/><N who="0" m="16393" /><D112/><U52/><E133/><V2/><F131/><W6/><G81/><T29/><D32/><U10/><E109/><V17/><F89/><W36/><G36/><T51/><D1/><U65/><E80/><V11/><F56/><N who="1" m="21609" /><E65/><V39/><F39/><W93/><G33/><T0/><D0/><U85/><E85/><V54/><F54/><N who="3" m="29991" /><G45/><T48/><D82/><U50/><E50/><N who="0" m="18985" /><D21/><U71/><E53/><V23/><F105/><W135/><G135/><T18/><D18/><N who="1" m="8503" /><E52/><V34/><F34/><W16/><G93/><T76/><D76/><U134/><E134/><V63/><F35/><W37/><G37/><T113/><D113/><U106/><E106/><V40/><F117/><W24/><G22/><T96/><D96/><U115/><E115/><V124/><F118/><W88/><AGARI ba="0,0" hai="6,9,15,16,19,24,25,27,88,94,97" m="29991" machi="88" ten="30,4000,0" yaku="8,1,54,2" doraHai="64" who="3" fromWho="3" sc="250,-20,250,-10,250,-10,250,40" /><INIT seed="1,0,0,3,1,98" ten="230,240,240,290" oya="1" hai0="100,89,86,133,15,19,69,42,80,108,35,62,63" hai1="115,64,1,128,44,16,131,7,130,22,135,50,93" hai2="88,102,90,110,3,43,124,111,39,65,114,113,72" hai3="97,38,82,49,91,79,4,120,105,57,23,96,36"/><U8/><E135/><V84/><F72/><W67/><G120/><T11/><D108/><N who="2" m="41514" /><F3/><W81/><G4/><T116/><D116/><U70/><E115/><N who="2" m="44043" /><F124/><W37/><G96/><T75/><D133/><U121/><E121/><V45/><F65/><W46/><G23/><T17/><D35/><U132/><E132/><V0/><F0/><W21/><G21/><T24/><D75/><U122/><E122/><V112/><N who="2" m="44051" /><V41/><DORA hai="9" /><F41/><W34/><G34/><T5/><D42/><N who="1" m="24855" /><E93/><V127/><F127/><W106/><G67/><T126/><D126/><U123/><E123/><V30/><F30/><W61/><G105/><T78/><D69/><U31/><E31/><V125/><F125/><W99/><G106/><T101/><D78/><U6/><E6/><V87/><F102/><N who="0" m="39530" /><D24/><N who="1" m="14407" /><E64/><V27/><F27/><W71/><G71/><AGARI ba="0,0" hai="1,7,8,70,71,128,130,131" m="14407,24855" machi="71" ten="30,2900,0" yaku="19,1,54,1" doraHai="98,9" who="1" fromWho="3" sc="230,0,240,29,240,0,290,-29" /><INIT seed="1,1,0,3,5,126" ten="230,269,240,261" oya="1" hai0="120,35,43,75,95,40,18,63,34,17,127,28,109" hai1="99,10,106,55,130,85,69,2,100,60,89,53,115" hai2="92,68,33,29,73,19,101,62,116,44,112,107,13" hai3="134,47,84,111,14,8,72,78,83,42,108,124,131"/><U118/><E115/><V121/><F112/><W57/><G124/><T82/><D127/><U97/><E118/><V66/><F121/><W22/><G134/><T94/><D109/><N who="3" m="42057" /><G57/><T79/><D120/><U15/><E2/><V5/><F5/><N who="3" m="3343" /><G22/><T71/><D63/><U1/><E99/><V25/><F73/><W32/><G32/><T135/><D71/><U80/><E1/><V104/><F116/><W59/><G59/><T26/><D35/><U129/><E69/><V91/><F44/><W9/><G9/><T48/><D135/><U11/><E60/><V110/><F110/><W38/><G131/><N who="1" m="50186" /><E10/><V39/><F39/><W93/><G93/><T4/><D95/><U21/><E21/><V81/><F81/><N who="3" m="47159" /><G72/><T88/><D48/><U6/><AGARI ba="1,0" hai="6,11,15,53,55,80,85,89,97,100,106" m="50186" machi="6" ten="30,11700,0" yaku="19,1,52,3" doraHai="126" who="1" fromWho="1" sc="230,-40,269,120,240,-40,261,-40" /><INIT seed="1,2,0,0,1,19" ten="190,389,200,221" oya="1" hai0="57,59,3,116,32,1,92,27,88,117,119,53,110" hai1="131,122,18,89,29,37,81,98,12,97,85,38,128" hai2="16,55,21,111,43,40,23,47,129,0,115,52,33" hai3="83,63,76,114,17,123,48,132,101,113,103,75,106"/><U10/><E122/><V94/><F0/><W86/><G123/><T100/><D110/><U64/><E64/><V134/><F111/><W30/><G132/><T69/><D69/><U124/><E124/><V87/><F33/><W15/><G30/><T22/><D32/><U73/><E73/><V54/><F129/><N who="1" m="49737" /><E29/><V78/><F134/><W7/><G7/><T31/><D100/><U118/><E118/><V130/><F130/><W35/><G35/><T112/><D57/><U9/><E9/><V51/><F40/><W36/><G36/><AGARI ba="2,0" hai="10,12,18,36,37,38,81,85,89,97,98" m="49737" machi="36" ten="30,1500,0" yaku="19,1" doraHai="19" who="1" fromWho="3" sc="190,0,389,21,200,0,221,-21" /><INIT seed="1,3,0,2,4,47" ten="190,410,200,200" oya="1" hai0="3,104,127,79,97,112,8,33,0,110,26,57,4" hai1="46,101,51,99,12,113,66,31,122,43,94,56,32" hai2="96,1,54,62,6,95,58,19,105,86,65,108,109" hai3="84,133,15,29,89,48,77,25,7,40,135,70,38"/><U24/><E113/><V134/><F134/><N who="3" m="51211" /><G70/><T87/><D112/><U11/><E122/><V76/><F105/><W81/><G38/><T37/><D110/><N who="2" m="42602" /><F19/><W106/><G106/><T92/><D37/><U102/><E66/><V83/><F6/><W18/><G7/><T23/><D33/><U111/><E111/><V35/><F1/><W2/><G2/><T22/><D127/><U98/><E56/><V9/><F9/><N who="3" m="6511" /><G40/><T73/><D3/><U14/><REACH who="1" step="1"/><E11/><REACH who="1" ten="190,400,200,200" step="2"/><V13/><F65/><W67/><G67/><T80/><D57/><U129/><E129/><V85/><F58/><W130/><G130/><T116/><D116/><U27/><E27/><V100/><F35/><W17/><G25/><T55/><D26/><U28/><E28/><V20/><F20/><W60/><G29/><T131/><D131/><U59/><E59/><N who="2" m="35191" /><F13/><W34/><G60/><T78/><D23/><U115/><E115/><V5/><F5/><W114/><G34/><T123/><D22/><U53/><E53/><V71/><F71/><W64/><G64/><T36/><D55/><U132/><E132/><V45/><F45/><W16/><G114/><T52/><D52/><U91/><E91/><V72/><AGARI ba="3,1" hai="72,76,83,85,86,95,96,100" m="35191,42602" machi="72" ten="30,1100,0" yaku="14,1" doraHai="47" who="2" fromWho="2" sc="190,-6,400,-8,200,30,200,-6" /><INIT seed="2,0,0,3,2,128" ten="184,392,230,194" oya="2" hai0="92,88,23,54,17,39,111,134,76,13,91,117,6" hai1="131,121,16,3,67,118,49,35,74,129,62,73,130" hai2="127,30,133,86,98,48,10,15,70,31,57,65,125" hai3="90,5,85,116,100,68,122,66,83,112,21,103,1"/><V37/><F37/><W72/><G116/><T123/><D123/><U60/><E121/><V106/><F70/><W113/><G122/><T99/><D117/><U93/><E118/><V55/><F65/><W29/><G72/><T0/><D111/><U53/><E3/><V59/><F86/><W69/><G5/><T19/><D39/><U75/><E35/><V12/><F59/><W105/><G1/><T95/><D76/><U14/><E93/><V42/><F42/><W81/><G81/><T77/><D77/><U47/><E67/><V101/><F12/><W33/><G21/><AGARI ba="0,0" hai="14,16,21,47,49,53,60,62,73,74,75,129,130,131" machi="21" ten="50,3200,0" yaku="19,1,54,1" doraHai="128" who="1" fromWho="3" sc="184,0,392,32,230,0,194,-32" /><INIT seed="3,0,0,0,0,33" ten="184,424,230,162" oya="3" hai0="108,29,124,105,5,38,68,9,93,48,77,6,110" hai1="64,75,15,121,120,27,55,14,4,51,40,78,54" hai2="31,127,85,129,72,79,34,20,67,62,131,96,116" hai3="69,119,80,44,57,134,99,128,65,50,92,88,107"/><W82/><G119/><T35/><D105/><U113/><E113/><V126/><F72/><W122/><G122/><T3/><D38/><U32/><E40/><V74/><F74/><W19/><G128/><N who="2" m="49225" /><F34/><W13/><G134/><T98/><D68/><U73/><E51/><V132/><F96/><W18/><G69/><T8/><D124/><U130/><E55/><V26/><F116/><W87/><G107/><T61/><D61/><U71/><E15/><V94/><F132/><W37/><G37/><T84/><D48/><U133/><E4/><V135/><F135/><W100/><G80/><N who="0" m="47119" /><D29/><U41/><E71/><N who="2" m="42487" /><F79/><W112/><G112/><T59/><D59/><U109/><E27/><V53/><F53/><N who="3" m="29895" /><G13/><T101/><D35/><U42/><E32/><V115/><F115/><W49/><G49/><T36/><D36/><U66/><E130/><V47/><F47/><W30/><G30/><T46/><D46/><U111/><E133/><V28/><F31/><W56/><G56/><T23/><D23/><U2/><E14/><V7/><F7/><N who="0" m="2570" /><D3/><U16/><E2/><V39/><F39/><W60/><AGARI ba="0,0" hai="18,19,57,60,65,82,87,88,92,99,100" m="29895" machi="60" ten="30,3000,0" yaku="8,1,54,1" doraHai="33" who="3" fromWho="3" sc="184,-10,424,-10,230,-10,162,30" /><INIT seed="3,1,0,3,3,84" ten="174,414,220,192" oya="3" hai0="93,58,31,29,36,120,64,94,43,71,100,79,119" hai1="35,57,21,28,18,133,107,23,90,132,3,113,89" hai2="68,0,10,77,53,33,69,47,85,66,52,4,12" hai3="14,60,78,55,63,65,46,134,108,105,117,24,38"/><W62/><G117/><T121/><D119/><U51/><E107/><V112/><F33/><W123/><G123/><T102/><D58/><U114/><E3/><V88/><F77/><W7/><G105/><T39/><D64/><U11/><E11/><V37/><F112/><W41/><G134/><N who="1" m="51818" /><E35/><V97/><F97/><W126/><G126/><T101/><D79/><U72/><E72/><V44/><F0/><W110/><G78/><T6/><D6/><U49/><E28/><N who="0" m="10825" /><D71/><U1/><E1/><V116/><F116/><W16/><G65/><T82/><D82/><U26/><E23/><V81/><F37/><N who="0" m="14410" /><D43/><U130/><E130/><V5/><F5/><W34/><G34/><T17/><D17/><U2/><E2/><V127/><F66/><W135/><G135/><T30/><N who="0" m="10833" /><T13/><DORA hai="86" /><D13/><U73/><E73/><V70/><F127/><W8/><REACH who="3" step="1"/><G55/><REACH who="3" ten="174,414,220,182" step="2"/><T76/><D76/><U99/><E114/><V91/><F53/><W74/><G74/><T87/><D87/><U98/><E113/><V32/><F52/><W25/><G25/><T106/><D106/><U104/><E104/><V59/><F32/><W67/><G67/><T115/><D115/><U40/><E40/><V27/><F69/><W50/><G50/><T128/><D128/><U56/><E51/><V125/><F68/><W61/><N who="3" m="15360" /><DORA hai="83" /><W20/><AGARI ba="1,1" hai="7,8,14,16,20,24,38,41,46,108,110" m="15360" machi="20" ten="50,18000,2" yaku="1,1,4,1,0,1,54,1,53,2" doraHai="84,86,83" doraHaiUra="122,92,111" who="3" fromWho="3" sc="174,-61,414,-61,220,-61,182,193" owari="113,-38.7,353,15.3,159,-24.1,375,47.5" /></mjloggm>