<mjloggm ver="2.3"><GO type="225" lobby="0"/><UN n0="%6D%75%75%6D%75%72%61" n1="%E7%B4%94%E6%BD%94%E3%83%94%E3%83%A9%E3%83%8B%E3%82%A2" n2="%E3%83%A9%E3%83%BC%E3%83%A1%E3%83%B3%E4%BA%94%E9%83%8E" n3="%E3%81%BF%E3%81%BF%E3%81%9A" dan="16,16,16,17" rate="2136.44,2152.00,2092.05,2174.38" sx="F,M,M,M"/><TAIKYOKU oya="0"/><INIT seed="0,0,0,3,0,73" ten="250,250,250,250" oya="0" hai0="87,32,29,119,53,76,102,116,31,77,80,101,56" hai1="109,57,71,84,131,30,1,39,132,46,124,103,67" hai2="91,86,49,90,38,63,112,88,78,11,41,75,22" hai3="69,26,5,7,58,21,40,48,118,83,72,82,129"/><T62/><D77/><U98/><E1/><V19/><F112/><W120/><G69/><T43/><D43/><U44/><E71/><V111/><F111/><W66/><G118/><T121/><D121/><U95/><E39/><V114/><F114/><W27/><G129/><T92/><D92/><U81/><E109/><V125/><F125/><W25/><G120/><T64/><D53/><U97/><E131/><V0/><F38/><W108/><G108/><T100/><REACH who="0" step="1"/><D32/><REACH who="0" ten="240,250,250,250" step="2"/><U60/><E124/><V70/><F78/><W135/><G72/><T94/><D94/><U4/><E98/><V13/><F75/><W105/><G105/><T23/><D23/><U34/><E34/><V65/><F41/><W133/><G21/><T110/><D110/><U24/><E132/><N who="3" m="50762" /><G40/><T54/><D54/><U113/><E113/><V96/><F96/><W126/><G126/><T59/><D59/><U134/><E134/><V128/><F128/><W68/><G68/><T51/><D51/><U42/><E42/><V15/><F49/><W107/><G107/><T61/><D61/><U74/><E74/><V35/><F35/><W89/><G48/><T45/><D45/><U10/><E44/><V55/><F55/><W122/><G122/><T17/><D17/><U85/><E46/><V117/><F117/><AGARI ba="0,1" hai="29,31,56,62,64,76,80,87,100,101,102,116,117,119" machi="117" ten="40,3900,0" yaku="1,1,52,1,53,0" doraHai="73" doraHaiUra="123" who="0" fromWho="2" sc="240,49,250,0,250,-39,250,0" /><INIT seed="0,1,0,2,3,123" ten="289,250,211,250" oya="0" hai0="4,118,130,25,111,9,60,10,101,53,84,87,99" hai1="75,18,16,112,121,29,128,11,69,108,81,43,3" hai2="129,45,59,109,133,105,56,79,110,39,127,47,19" hai3="95,91,15,113,58,31,8,37,125,41,115,7,120"/><T85/><D118/><U14/><E121/><V34/><F127/><W50/><G120/><T119/><D119/><U35/><E69/><V55/><F129/><W97/><G125/><T134/><D130/><U17/><E128/><V24/><F133/><W52/><REACH who="3" step="1"/><G31/><REACH who="3" ten="289,250,211,240" step="2"/><T54/><D134/><U77/><E29/><N who="2" m="19751" /><F105/><W0/><G0/><T44/><D9/><U1/><E3/><V32/><F32/><W74/><G74/><T40/><D10/><U83/><E35/><V36/><F36/><W100/><G100/><T65/><D101/><U42/><E1/><V30/><F30/><W51/><G51/><T94/><D4/><U46/><E112/><V48/><F39/><W2/><G2/><T93/><D25/><U122/><E122/><V73/><F19/><W96/><G96/><T102/><D99/><U92/><E17/><V106/><F106/><W76/><G76/><T72/><D102/><U70/><E18/><V104/><F104/><W78/><G78/><T5/><D72/><U20/><E75/><V66/><F79/><W22/><G22/><T38/><D5/><U117/><E77/><V124/><F124/><W90/><G90/><T61/><D38/><U71/><E20/><V98/><F98/><W64/><G64/><T116/><D65/><U82/><E117/><V132/><F73/><W88/><G88/><T80/><D116/><U12/><E16/><V6/><F6/><W23/><G23/><T21/><D21/><U86/><E11/><V135/><F135/><W107/><G107/><T67/><D67/><U126/><E126/><V28/><F132/><RYUUKYOKU ba="1,1" sc="289,-10,250,-10,211,-10,240,30" hai3="7,8,15,37,41,50,52,58,91,95,97,113,115" /><INIT seed="1,2,1,5,3,9" ten="279,240,201,270" oya="1" hai0="72,57,120,128,104,76,65,18,34,99,41,8,92" hai1="132,80,115,133,16,63,129,130,38,109,83,15,118" hai2="126,89,122,69,84,107,22,71,67,82,55,30,113" hai3="110,114,131,66,0,62,17,70,23,45,101,52,105"/><U73/><E38/><V79/><F122/><W10/><G114/><T61/><D120/><U21/><E115/><V24/><F113/><W74/><G74/><T36/><D128/><N who="1" m="49259" /><E118/><V124/><F107/><W58/><G131/><T4/><D34/><U29/><E109/><V44/><F79/><W90/><G110/><T39/><D104/><U13/><E29/><V33/><F33/><W96/><G45/><T123/><D123/><U112/><E112/><V19/><F30/><W51/><G90/><T117/><D117/><U32/><E32/><V48/><REACH who="2" step="1"/><F67/><REACH who="2" ten="279,240,191,270" step="2"/><W7/><G66/><T95/><D76/><N who="1" m="44047" /><E83/><V93/><F93/><W20/><G105/><T26/><D92/><U119/><E119/><V77/><F77/><W86/><G62/><T106/><D106/><U14/><E63/><V116/><F116/><W81/><G81/><T78/><D78/><U60/><E60/><V100/><F100/><W27/><G101/><T125/><D72/><U87/><E87/><V75/><F75/><W1/><G86/><T111/><D111/><U98/><E98/><V3/><F3/><W88/><G0/><T59/><D95/><U47/><E47/><V43/><F43/><W64/><G96/><T49/><D99/><U37/><E37/><V103/><F103/><W42/><G42/><T54/><D39/><U56/><E56/><V31/><F31/><N who="3" m="17895" /><G64/><T121/><D36/><U135/><AGARI ba="2,2" hai="13,14,15,16,21,132,133,135" m="44047,49259" machi="135" ten="40,18000,2" yaku="20,1,19,1,52,3,54,1" doraHai="9" who="1" fromWho="1" sc="279,-62,240,206,191,-62,270,-62" /><INIT seed="1,3,0,4,3,117" ten="217,446,129,208" oya="1" hai0="38,126,92,96,116,39,8,3,89,132,31,24,131" hai1="17,10,4,106,111,85,119,87,102,57,20,123,52" hai2="0,58,86,59,125,88,97,64,100,135,7,69,115" hai3="43,2,127,84,21,54,75,16,78,70,83,48,72"/><U27/><E119/><V101/><F125/><W46/><G127/><T63/><D116/><U95/><E106/><V53/><F135/><W29/><G2/><T35/><D126/><U66/><E66/><V22/><F115/><W40/><G70/><T133/><D131/><U36/><E36/><V104/><F100/><W93/><G29/><T122/><D122/><U98/><E123/><V107/><F107/><W105/><G105/><T81/><D81/><U91/><E102/><V5/><F69/><W110/><G110/><T114/><D114/><U129/><E111/><V67/><F0/><W18/><G18/><T13/><D3/><U134/><E134/><N who="0" m="51817" /><D63/><N who="1" m="36263" /><E129/><V99/><F99/><W82/><G93/><T1/><D1/><AGARI ba="3,0" hai="1,4,10,17,20,27,85,87,91,95,98" m="36263" machi="1" ten="30,2900,0" yaku="25,1,54,1" doraHai="117" who="1" fromWho="0" sc="217,-38,446,38,129,0,208,0" /><INIT seed="1,4,0,4,1,20" ten="179,484,129,208" oya="1" hai0="71,53,116,110,13,103,120,4,130,135,41,132,39" hai1="22,43,69,77,89,87,37,30,107,59,113,16,118" hai2="82,91,78,29,64,32,63,52,35,79,112,133,23" hai3="100,104,10,26,12,109,83,34,49,57,74,51,123"/><U106/><E69/><V7/><F133/><N who="0" m="51274" /><D116/><U129/><E118/><V5/><F112/><W93/><G123/><T94/><D120/><U115/><E30/><V97/><F32/><W50/><G109/><T3/><D71/><U2/><E2/><V1/><F35/><W36/><G36/><T48/><D3/><U81/><E129/><V76/><F1/><W24/><G34/><T131/><D110/><U75/><E37/><V62/><F64/><W67/><G104/><T0/><D0/><U90/><E90/><V86/><F97/><N who="3" m="59439" /><G74/><T6/><D39/><U21/><E21/><V134/><F134/><W11/><G83/><T122/><D41/><U68/><E68/><V58/><REACH who="2" step="1"/><F63/><REACH who="2" ten="179,484,119,208" step="2"/><N who="3" m="38383" /><G10/><N who="0" m="4295" /><D122/><U117/><E115/><V60/><F60/><W46/><G46/><N who="0" m="27799" /><D6/><AGARI ba="4,1" hai="6,11,12,24,26,49,50,51" m="38383,59439" machi="6" ten="30,3900,0" yaku="8,1,52,2" doraHai="20" who="3" fromWho="0" sc="179,-51,484,0,119,0,208,61" /><INIT seed="2,0,0,4,4,87" ten="128,484,119,269" oya="2" hai0="10,68,98,111,50,121,38,9,133,45,59,76,73" hai1="61,4,57,103,40,65,70,41,125,115,8,58,134" hai2="116,75,123,34,67,96,2,20,99,131,3,104,64" hai3="25,27,88,117,55,109,78,63,110,122,49,44,82"/><V71/><F116/><W60/><G117/><T31/><D68/><U101/><E115/><V83/><F123/><W119/><G122/><T22/><D121/><U52/><E125/><V11/><F34/><W5/><G5/><T97/><D38/><U72/><E72/><V24/><F131/><W112/><G119/><T16/><D111/><N who="3" m="42505" /><G112/><T48/><D133/><U132/><E70/><V7/><F2/><W90/><G25/><N who="0" m="14535" /><D73/><U81/><E81/><V91/><F104/><W84/><G27/><T28/><D76/><U124/><E101/><V102/><F102/><W37/><G37/><T85/><D85/><U86/><E86/><N who="2" m="50655" /><F75/><N who="3" m="43359" /><G90/><T130/><D59/><U94/><E94/><AGARI ba="0,0" hai="44,49,55,60,63,84,88,94" m="43359,42505" machi="94" ten="30,3900,0" yaku="14,1,52,1,54,1" doraHai="87" who="3" fromWho="1" sc="128,0,484,-39,119,0,269,39" /><INIT seed="3,0,0,3,5,92" ten="128,445,119,308" oya="3" hai0="126,47,121,109,12,22,61,36,35,77,91,38,84" hai1="69,87,63,112,62,122,44,54,8,131,73,9,41" hai2="104,79,134,76,110,10,90,58,106,32,28,98,72" hai3="64,25,89,29,49,11,55,111,117,125,48,20,107"/><W17/><G117/><T56/><D35/><U108/><E73/><V103/><F106/><W53/><G125/><T60/><D121/><U81/><E122/><V33/><F33/><W71/><G111/><T65/><D126/><U70/><E108/><V42/><F110/><W96/><G71/><T45/><D38/><U93/><E69/><V85/><F134/><W82/><G64/><T39/><D39/><U119/><E119/><V95/><F42/><W94/><G107/><T88/><D61/><U100/><E70/><V114/><F114/><W101/><G82/><N who="0" m="47183" /><D36/><U97/><E112/><V16/><F58/><W102/><G11/><N who="1" m="4170" /><E41/><V68/><F68/><W52/><G29/><T115/><D115/><U31/><E31/><V105/><F105/><W80/><G80/><T51/><D109/><U59/><E44/><N who="0" m="16969" /><D51/><AGARI ba="0,0" hai="17,20,25,48,49,51,52,53,55,89,94,96,101,102" machi="51" ten="40,7700,0" yaku="8,1,52,1,54,1" doraHai="92" who="3" fromWho="0" sc="128,-77,445,0,119,0,308,77" /><INIT seed="3,1,0,3,2,0" ten="51,445,119,385" oya="3" hai0="57,51,89,58,76,111,109,119,117,62,86,85,101" hai1="127,50,10,125,31,1,44,72,8,118,121,48,19" hai2="28,63,110,103,67,99,79,41,33,122,7,12,90" hai3="83,17,95,14,124,61,74,71,6,13,130,11,108"/><W112/><G112/><T105/><D105/><U30/><E121/><V132/><F122/><W133/><G130/><T81/><D101/><U75/><E1/><V38/><F110/><W65/><G108/><T9/><D111/><U123/><E123/><V73/><F90/><W70/><G133/><T34/><D109/><U27/><E118/><V40/><F132/><W69/><G124/><N who="1" m="47690" /><E48/><V52/><F52/><W100/><G74/><N who="1" m="28202" /><E19/><V35/><F35/><W36/><G36/><T98/><D34/><N who="1" m="20831" /><E31/><V2/><F2/><W102/><G83/><T131/><D131/><U26/><E26/><N who="2" m="18583" /><F38/><W56/><REACH who="3" step="1"/><G95/><REACH who="3" ten="51,445,119,375" step="2"/><T68/><D68/><U87/><E87/><V3/><F73/><W104/><G104/><T96/><D117/><U128/><E128/><V91/><F99/><W135/><G135/><T134/><D134/><U49/><E49/><V82/><F82/><W120/><G120/><T88/><D119/><U55/><AGARI ba="1,1" hai="8,10,44,50,55" m="20831,28202,47690" machi="55" ten="30,1100,0" yaku="18,1" doraHai="0" who="1" fromWho="1" sc="51,-4,445,24,119,-4,375,-6" owari="47,-45.3,469,56.9,115,-28.5,369,16.9" /></mjloggm>