<mjloggm ver="2.3"><GO type="225" lobby="0"/><UN n0="%E3%81%B5%E3%81%98%E3%81%8B%E3%81%A4" n1="%E3%82%BC%E3%83%AB%E3%83%80%E3%81%AE%E4%BC%9D%E8%AA%AC" n2="%E6%B4%BE%E9%81%A3%E3%81%AE%E3%82%B8%E3%83%A3%E3%83%83%E3%82%AF" n3="%E5%A4%9C%E5%85%89%E5%A4%A9%E6%A5%BC" dan="16,18,17,16" rate="2188.83,2203.88,2220.43,2115.70" sx="M,M,M,M"/><TAIKYOKU oya="0"/><INIT seed="0,0,0,3,1,56" ten="250,250,250,250" oya="0" hai0="124,90,38,1,44,104,15,47,12,134,3,51,30" hai1="41,22,103,4,34,100,16,45,20,130,0,60,118" hai2="24,88,9,95,70,11,32,27,126,87,113,71,7" hai3="14,31,89,108,99,49,114,129,132,66,36,40,54"/><T23/><D104/><U127/><E118/><V111/><F113/><W76/><G114/><T8/><D134/><U83/><E34/><V107/><F107/><W112/><G112/><T105/><D105/><U93/><E127/><V21/><F126/><W135/><G129/><T46/><D124/><U62/><E130/><V94/><F111/><W52/><G76/><T18/><D38/><U97/><E103/><V119/><F119/><W55/><G66/><T115/><D115/><U122/><E122/><V72/><F72/><W110/><G36/><T61/><D51/><N who="1" m="27055" /><E0/><V57/><F32/><W77/><G77/><T58/><D90/><U91/><E4/><V96/><F57/><W10/><G31/><T128/><D128/><U67/><E67/><V19/><F24/><W73/><G73/><T50/><D30/><U42/><E42/><V78/><F78/><W121/><G121/><T26/><D26/><N who="1" m="14599" /><E22/><V6/><F70/><W28/><G28/><T133/><D133/><N who="3" m="51273" /><G40/><N who="0" m="24839" /><D1/><U37/><E37/><V69/><F69/><W86/><G49/><T120/><D3/><U101/><E101/><N who="2" m="60567" /><F71/><W33/><G33/><T68/><D68/><U81/><E81/><V48/><F48/><W43/><G43/><T29/><D120/><U75/><E75/><V5/><AGARI ba="0,0" hai="5,6,7,9,11,19,21,27,87,88,95" m="60567" machi="5" ten="30,2000,0" yaku="8,1,54,1" doraHai="56" who="2" fromWho="2" sc="250,-10,250,-5,250,20,250,-5" /><INIT seed="1,0,0,5,2,43" ten="240,245,270,245" oya="1" hai0="65,94,58,23,54,87,81,61,118,7,132,80,55" hai1="12,98,60,130,6,2,46,9,110,112,79,56,90" hai2="26,120,52,95,45,69,5,66,100,47,93,24,49" hai3="117,135,0,62,37,27,109,32,67,38,4,92,97"/><U84/><E112/><V34/><F120/><W53/><G135/><T82/><D118/><U83/><E130/><V59/><F34/><W31/><G117/><T19/><D7/><U101/><E110/><V30/><F5/><W85/><G109/><T89/><REACH who="0" step="1"/><D132/><REACH who="0" ten="230,245,270,245" step="2"/><U127/><E127/><V8/><F69/><W42/><G4/><T124/><D124/><U11/><E79/><V70/><F70/><W108/><G108/><T125/><D125/><U39/><E2/><V119/><F119/><W104/><G0/><T21/><D21/><U116/><E116/><V41/><F8/><W44/><G32/><T91/><D91/><U20/><E11/><V51/><F100/><W71/><G71/><T35/><D35/><U17/><E6/><V121/><F121/><W72/><G104/><T96/><D96/><U128/><E9/><V22/><F26/><AGARI ba="0,1" hai="19,23,26,54,55,58,61,65,80,81,82,87,89,94" machi="26" ten="40,5200,0" yaku="1,1,8,1,53,1" doraHai="43" doraHaiUra="13" who="0" fromWho="2" sc="230,62,245,0,270,-52,245,0" /><INIT seed="2,0,0,1,4,96" ten="292,245,218,245" oya="2" hai0="114,54,77,8,65,79,67,95,33,113,2,117,39" hai1="4,120,44,134,86,135,61,30,19,9,5,88,89" hai2="26,80,57,121,93,100,15,46,34,99,116,59,78" hai3="47,27,35,7,16,55,40,94,56,3,1,38,127"/><V45/><F116/><W29/><G127/><T50/><D33/><U125/><E125/><V69/><F69/><W103/><G7/><T90/><D117/><U133/><E120/><V105/><F121/><W23/><G94/><T130/><D39/><U37/><E30/><V70/><F70/><W49/><REACH who="3" step="1"/><G103/><REACH who="3" ten="292,245,218,235" step="2"/><T28/><D95/><U6/><E6/><V115/><F115/><W123/><G123/><T11/><D114/><U97/><E5/><V51/><F93/><W21/><G21/><T24/><D113/><U118/><E118/><V17/><F34/><W83/><G83/><T110/><D8/><U107/><E4/><V10/><F26/><AGARI ba="0,1" hai="1,3,16,23,26,27,29,35,38,40,47,49,55,56" machi="26" ten="30,7700,0" yaku="1,1,7,1,54,1,53,1" doraHai="96" doraHaiUra="52" who="3" fromWho="2" sc="292,0,245,0,218,-77,235,87" /><INIT seed="3,0,0,4,5,55" ten="292,245,141,322" oya="3" hai0="102,54,107,41,115,85,132,74,17,21,5,48,133" hai1="98,96,86,89,99,23,34,114,69,19,124,110,64" hai2="81,78,26,123,53,22,25,84,101,121,134,52,10" hai3="135,13,66,92,77,33,27,43,91,44,57,88,20"/><W9/><G33/><T72/><D41/><U37/><E37/><V87/><F134/><N who="0" m="51818" /><D5/><U94/><E34/><V7/><F101/><W4/><G77/><T40/><D40/><U45/><E114/><V12/><F84/><W103/><G135/><T0/><D0/><U16/><E110/><V8/><F8/><W63/><G92/><T32/><D85/><U28/><E124/><V131/><F131/><W82/><G82/><T117/><D32/><U80/><E69/><V70/><F70/><W49/><G103/><T104/><D117/><U51/><E64/><V116/><F116/><W105/><G105/><N who="0" m="40523" /><D102/><U113/><E113/><V95/><F95/><W14/><G14/><N who="0" m="9399" /><D115/><U50/><E80/><V90/><F78/><W68/><G68/><T31/><D31/><AGARI ba="0,0" hai="4,9,13,20,27,31,43,44,49,57,63,66,88,91" machi="31" ten="30,11600,0" yaku="7,1,8,1,52,1,54,1" doraHai="55" who="3" fromWho="0" sc="292,-116,245,0,141,0,322,116" owari="176,-22.4,245,4.5,141,-35.9,438,53.8" /></mjloggm>