<mjloggm ver="2.3"><GO type="225" lobby="0"/><UN n0="%E6%A1%9C%E8%8A%B1%E9%96%83%E3%80%85" n1="%54%4F%52" n2="%E3%81%86%E3%83%BC%E3%81%B1%E3%83%BC" n3="%61%69%73%79%6F" dan="16,17,17,17" rate="2069.58,2229.06,2175.14,2252.74" sx="M,M,F,M"/><TAIKYOKU oya="0"/><INIT seed="0,0,0,3,1,64" ten="250,250,250,250" oya="0" hai0="79,105,96,57,14,99,127,114,34,88,75,106,102" hai1="62,54,121,128,28,36,11,43,122,40,23,89,38" hai2="49,119,35,18,81,56,48,67,124,104,25,101,39" hai3="77,134,19,42,84,13,9,30,47,82,46,108,24"/><T76/><D34/><U116/><E116/><V20/><F39/><W4/><G108/><T129/><D114/><U71/><E11/><V100/><F119/><W0/><G134/><T125/><D57/><N who="1" m="35127" /><E89/><V94/><F104/><W68/><G68/><T58/><D58/><U33/><E23/><V16/><F124/><N who="0" m="47690" /><D14/><U37/><E28/><V41/><F81/><W113/><G113/><T130/><D75/><U97/><E97/><N who="2" m="59447" /><F35/><W55/><G55/><T63/><D63/><U72/><E72/><V70/><F70/><W52/><G52/><T45/><D45/><U5/><E5/><V131/><F131/><N who="0" m="50186" /><D88/><U17/><E33/><V87/><F56/><W50/><G47/><T12/><D12/><U60/><E128/><V73/><F73/><W117/><G117/><T90/><D90/><U27/><E71/><V120/><F67/><W2/><G2/><T133/><D133/><U53/><E60/><V8/><F41/><N who="1" m="15945" /><E53/><V21/><F49/><W69/><G69/><T98/><D102/><U61/><E61/><V135/><F101/><W86/><G0/><T1/><D1/><U26/><E37/><V110/><F135/><W109/><G84/><T132/><D132/><U123/><E36/><V80/><F87/><W111/><REACH who="3" step="1"/><G19/><REACH who="3" ten="250,250,250,240" step="2"/><T44/><D44/><U93/><E17/><V22/><F16/><W15/><G15/><T85/><D85/><U92/><E38/><V118/><F18/><W65/><G65/><T107/><AGARI ba="0,1" hai="76,79,96,98,99,105,106,107" m="50186,47690" machi="107" ten="50,18000,2" yaku="28,2,18,1,19,1,34,2" doraHai="64" who="0" fromWho="0" sc="250,190,250,-60,250,-60,240,-60" /><INIT seed="0,1,0,4,5,50" ten="440,190,190,180" oya="0" hai0="88,129,115,134,7,62,20,14,16,82,81,57,42" hai1="4,97,89,120,59,70,64,12,53,116,102,86,49" hai2="55,1,17,114,83,26,21,111,112,52,18,3,43" hai3="47,65,130,90,98,103,73,46,60,34,124,58,92"/><T127/><D115/><U106/><E116/><V25/><F43/><W22/><G34/><T29/><D129/><U77/><E120/><V56/><F56/><W113/><G73/><T99/><D134/><U10/><E77/><V5/><F21/><W11/><G113/><T63/><D127/><U27/><E70/><V76/><F76/><W67/><G124/><T93/><D29/><U45/><E27/><V118/><F5/><W2/><G130/><T72/><D72/><U91/><REACH who="1" step="1"/><E86/><REACH who="1" ten="440,180,190,180" step="2"/><V121/><F118/><W107/><G67/><N who="0" m="39375" /><D42/><U23/><E23/><V36/><F121/><W48/><G22/><T109/><D109/><U33/><E33/><V110/><F36/><W105/><G11/><N who="0" m="4479" /><D63/><AGARI ba="1,1" hai="4,10,12,45,49,53,59,63,64,89,91,97,102,106" machi="63" ten="40,5200,0" yaku="1,1,52,1,53,1" doraHai="50" doraHaiUra="8" who="1" fromWho="0" sc="440,-55,180,65,190,0,180,0" /><INIT seed="1,0,0,3,5,37" ten="385,245,190,180" oya="1" hai0="50,0,92,8,122,128,70,96,39,72,104,130,90" hai1="123,69,117,2,36,28,109,103,16,131,25,46,85" hai2="127,30,60,49,31,89,34,83,116,48,29,47,11" hai3="98,126,51,21,101,88,80,24,68,110,62,119,32"/><U87/><E117/><V107/><F116/><W20/><G119/><T71/><D39/><U7/><E123/><V18/><F34/><W91/><G110/><T97/><D72/><U121/><E121/><V56/><F107/><N who="3" m="63927" /><G126/><T81/><D122/><U14/><E69/><V3/><F127/><W15/><G51/><T79/><D50/><U27/><E109/><V63/><F3/><W99/><G99/><T9/><D81/><U111/><E111/><V132/><F132/><W78/><G15/><T77/><D0/><U45/><E131/><N who="0" m="50217" /><D8/><U13/><E103/><V76/><F89/><N who="3" m="34379" /><G78/><N who="0" m="29707" /><D9/><U35/><E25/><V120/><F120/><W95/><G95/><T12/><D12/><U42/><E46/><V112/><F112/><W5/><G5/><T4/><D4/><U115/><E115/><V43/><F83/><W100/><G80/><T41/><D41/><U61/><E13/><N who="2" m="7487" /><F76/><W108/><G108/><T38/><D38/><U55/><E7/><V64/><F49/><W54/><G100/><AGARI ba="0,0" hai="70,71,90,92,96,97,100,104" m="29707,50217" machi="100" ten="30,1000,0" yaku="19,1" doraHai="37" who="0" fromWho="3" sc="385,10,245,0,190,0,180,-10" /><INIT seed="2,0,0,0,5,88" ten="395,245,190,170" oya="2" hai0="11,54,57,61,70,91,46,126,18,96,72,49,31" hai1="66,40,99,32,45,30,48,110,92,87,109,19,63" hai2="102,74,12,130,125,47,68,41,86,76,51,135,82" hai3="27,29,60,101,114,42,111,35,129,116,71,21,65"/><V115/><F115/><W94/><G111/><N who="1" m="42506" /><E19/><V121/><F121/><W95/><G129/><T22/><D126/><U2/><E2/><V50/><F125/><W124/><G116/><T33/><D72/><U28/><E87/><V58/><F130/><W67/><G124/><T3/><D33/><U112/><E32/><V128/><F128/><W16/><G114/><T43/><D70/><N who="1" m="42335" /><E112/><V106/><F68/><W80/><G67/><T77/><D77/><U75/><E75/><V20/><F135/><W78/><G42/><T134/><D31/><U81/><E81/><V132/><F132/><W5/><G101/><AGARI ba="0,0" hai="28,30,40,45,48,92,99,101" m="42335,42506" machi="101" ten="30,2000,0" yaku="14,1,52,1" doraHai="88" who="1" fromWho="3" sc="395,0,245,20,190,0,170,-20" /><INIT seed="3,0,0,2,2,94" ten="395,265,190,150" oya="3" hai0="52,29,56,24,27,86,18,76,15,54,105,100,121" hai1="50,25,126,79,51,72,17,11,92,101,81,6,102" hai2="115,44,108,95,103,37,69,88,65,84,127,35,14" hai3="33,90,91,13,122,99,9,60,120,55,59,4,93"/><W26/><REACH who="3" step="1"/><G91/><REACH who="3" ten="395,265,190,140" step="2"/><T131/><D121/><U19/><E126/><V7/><F127/><W75/><G75/><T20/><D131/><U22/><E102/><V48/><F103/><W42/><G42/><T97/><D100/><U31/><E101/><V34/><F115/><W16/><G16/><T32/><D18/><U1/><E19/><V63/><F108/><W87/><G87/><T12/><D86/><U117/><E17/><V41/><REACH who="2" step="1"/><F37/><REACH who="2" ten="395,265,180,140" step="2"/><W10/><G10/><AGARI ba="0,2" hai="7,10,14,34,35,41,44,48,63,65,69,84,88,95" machi="10" ten="40,8000,1" yaku="1,1,2,1,54,1,53,2" doraHai="94" doraHaiUra="28" who="2" fromWho="3" sc="395,0,265,0,180,100,140,-80" owari="395,49.5,265,-13.5,280,8.0,60,-44.0" /></mjloggm>