<mjloggm ver="2.3"><GO type="225" lobby="0"/><UN n0="%E3%81%95%E3%81%8D%E3%81%9F%E3%81%BE%E6%9E%97%E6%AA%8E" n1="%E9%80%9F%E6%B0%B4%E5%87%9B%E9%A6%99" n2="%E3%83%9E%E3%82%AB%E3%83%92%E3%82%AD" n3="%E3%81%9F%E3%81%93%E2%98%86%E7%84%BC%E3%81%8D" dan="16,16,16,16" rate="2041.41,2132.24,2099.25,2089.79" sx="M,F,M,M"/><TAIKYOKU oya="0"/><INIT seed="0,0,0,5,3,107" ten="250,250,250,250" oya="0" hai0="125,94,15,47,129,81,122,73,43,51,14,55,130" hai1="79,13,106,11,34,61,26,48,104,117,75,41,35" hai2="115,27,62,3,6,112,82,132,12,95,50,74,92" hai3="18,30,58,60,67,0,131,38,7,76,59,33,9"/><T100/><D122/><U19/><E117/><V77/><F132/><W88/><G38/><T16/><D125/><U56/><E106/><V32/><F3/><W114/><G114/><T113/><D113/><U102/><E102/><V116/><F116/><W1/><G1/><T99/><D43/><U83/><E104/><V66/><F50/><W133/><G131/><N who="0" m="50187" /><D14/><U103/><E103/><V10/><F95/><W101/><G101/><T28/><D28/><U84/><E84/><V22/><F92/><W105/><G18/><T69/><D69/><U36/><E36/><V91/><F91/><W128/><G105/><T89/><D89/><U64/><REACH who="1" step="1"/><E26/><REACH who="1" ten="250,240,250,250" step="2"/><V52/><F112/><W86/><G128/><T57/><D57/><U40/><E40/><V126/><F115/><W98/><G58/><T68/><D68/><U108/><E108/><V49/><F126/><W46/><G98/><T90/><D100/><U109/><E109/><V120/><F120/><W53/><G133/><T31/><D31/><U87/><E87/><V4/><F27/><W97/><G30/><T21/><D81/><U37/><E37/><V71/><F82/><W124/><G97/><T78/><D78/><U63/><E63/><V17/><F77/><W134/><G76/><T8/><D73/><U39/><E39/><V54/><F74/><W5/><G134/><T20/><AGARI ba="0,1" hai="8,15,16,20,21,47,51,55,90,94,99" m="50187" machi="20" ten="30,3000,0" yaku="19,1,54,1" doraHai="107" who="0" fromWho="0" sc="250,40,240,-10,250,-10,250,-10" /><INIT seed="0,1,0,1,1,105" ten="290,230,240,240" oya="0" hai0="114,123,24,68,75,53,110,113,39,106,118,2,49" hai1="102,20,33,108,69,124,0,23,9,59,18,56,130" hai2="90,97,5,91,112,54,8,11,37,93,31,48,25" hai3="81,22,85,99,87,38,62,30,135,116,121,104,26"/><T10/><RYUUKYOKU type="yao9" ba="1,0" sc="290,0,230,0,240,0,240,0" hai0="2,10,24,39,49,53,68,75,106,110,113,114,118,123" /><INIT seed="0,2,0,4,1,124" ten="290,230,240,240" oya="0" hai0="118,58,76,66,21,61,52,41,33,0,83,119,31" hai1="97,13,36,75,99,62,60,37,1,84,67,90,48" hai2="109,27,94,42,12,77,28,103,112,89,46,127,85" hai3="3,18,82,16,113,15,65,11,114,133,128,29,104"/><T105/><D105/><U93/><E1/><V92/><F109/><W39/><G39/><T79/><D0/><U135/><E75/><V50/><F127/><W43/><G43/><T122/><D122/><U22/><E135/><V63/><F112/><W5/><G65/><T106/><D106/><U7/><E36/><V134/><F134/><W23/><G82/><T111/><D111/><U129/><E37/><V96/><F77/><W120/><G104/><T9/><D33/><U19/><E129/><V10/><F63/><W26/><G120/><T121/><D121/><U56/><E7/><V24/><REACH who="2" step="1"/><F28/><REACH who="2" ten="290,230,230,240" step="2"/><W20/><G133/><T107/><D79/><U35/><E35/><V64/><F64/><W30/><G128/><T40/><D66/><U17/><E62/><V49/><F49/><W54/><G114/><T72/><D119/><U70/><E19/><AGARI ba="2,1" hai="10,12,19,24,27,42,46,50,85,89,92,94,96,103" machi="19" ten="30,7700,0" yaku="1,1,7,1,8,1,53,1" doraHai="124" doraHaiUra="80" who="2" fromWho="1" sc="290,0,230,-83,230,93,240,0" /><INIT seed="1,0,0,4,3,71" ten="290,147,323,240" oya="1" hai0="26,79,0,57,47,54,103,29,100,68,94,52,88" hai1="80,119,2,30,50,128,123,42,58,70,118,122,87" hai2="130,69,44,5,75,24,97,60,64,93,127,11,77" hai3="120,39,96,55,126,78,90,104,45,117,51,37,76"/><U106/><E2/><V36/><F127/><W108/><G120/><T72/><D0/><U135/><E106/><V95/><F130/><W114/><G114/><T40/><D68/><U17/><E30/><V129/><F24/><W82/><G126/><T56/><D79/><U14/><E70/><V34/><F34/><W112/><G112/><T43/><D72/><U61/><E128/><V22/><F22/><W1/><G108/><T18/><D18/><U101/><E101/><N who="0" m="38985" /><D26/><U134/><E50/><V113/><F129/><W121/><G121/><N who="1" m="46090" /><E42/><N who="0" m="15913" /><D29/><U116/><E14/><V81/><F113/><W27/><G27/><T63/><D47/><U65/><E17/><V125/><F125/><W15/><G15/><T59/><D63/><N who="1" m="38135" /><E87/><AGARI ba="0,0" hai="52,54,56,57,59,87,88,94" m="15913,38985" machi="87" ten="30,3900,0" yaku="8,1,54,2" doraHai="71" who="0" fromWho="1" sc="290,39,147,-39,323,0,240,0" /><INIT seed="2,0,0,3,5,43" ten="329,108,323,240" oya="2" hai0="62,5,3,65,33,76,96,97,25,111,127,103,23" hai1="40,19,105,109,79,32,102,106,12,91,49,132,64" hai2="26,98,133,122,38,63,74,124,77,20,135,131,81" hai3="129,31,71,53,72,16,15,130,83,1,110,30,66"/><V14/><F122/><W78/><G1/><T113/><D111/><U68/><E32/><V128/><F38/><W39/><G39/><T42/><D127/><U89/><E109/><V11/><F63/><W134/><G134/><N who="2" m="51209" /><F98/><W104/><BYE who="0" /><G104/><UN n0="%E3%81%95%E3%81%8D%E3%81%9F%E3%81%BE%E6%9E%97%E6%AA%8E" /><T47/><D113/><U35/><E79/><V28/><F124/><W80/><G83/><T90/><D33/><U18/><E18/><AGARI ba="0,0" hai="11,14,18,20,26,28,74,77,81,128,131" m="51209" machi="18" ten="30,1500,0" yaku="20,1" doraHai="43" who="2" fromWho="1" sc="329,0,108,-15,323,15,240,0" /><INIT seed="2,1,0,1,2,123" ten="329,93,338,240" oya="2" hai0="76,29,134,19,70,14,41,72,122,27,105,74,104" hai1="61,8,31,64,17,80,36,58,125,3,86,2,109" hai2="135,33,47,12,111,60,121,51,55,28,78,103,90" hai3="115,110,97,44,62,43,91,37,66,23,116,5,1"/><V49/><F121/><W26/><G116/><T18/><D122/><U53/><E36/><V63/><F135/><W114/><G5/><T126/><D126/><U112/><E112/><N who="3" m="43050" /><G1/><T16/><D134/><U129/><E125/><V25/><F103/><W21/><G110/><T24/><D70/><U100/><E129/><V35/><F35/><W99/><G91/><T133/><D133/><U4/><E100/><V65/><F78/><W30/><G21/><T67/><D67/><U45/><E31/><V38/><F38/><W39/><G39/><T85/><D14/><U108/><E17/><V57/><F111/><N who="1" m="42569" /><E45/><V124/><F124/><W117/><G117/><T22/><D41/><U102/><E102/><V69/><F90/><W48/><G37/><T46/><D46/><U81/><E2/><V92/><F92/><W127/><G127/><T120/><D120/><U10/><E10/><V52/><F12/><W93/><G93/><T15/><D15/><U82/><E64/><V32/><F32/><W113/><N who="3" m="43058" /><W42/><DORA hai="0" /><G42/><T101/><D101/><U132/><E132/><V131/><F131/><W6/><G6/><T95/><D105/><U68/><E68/><AGARI ba="1,0" hai="23,26,30,43,44,48,62,66,68,97,99" m="43058" machi="68" ten="40,1300,0" yaku="11,1" doraHai="123,0" who="3" fromWho="1" sc="329,0,93,-16,338,0,240,16" /><INIT seed="3,0,0,4,5,29" ten="329,77,338,256" oya="3" hai0="107,25,50,133,118,31,19,44,30,74,54,63,13" hai1="114,73,52,35,106,108,9,84,127,36,76,8,16" hai2="86,95,62,64,49,55,96,131,112,51,47,98,124" hai3="40,71,22,101,1,67,97,48,20,102,105,130,18"/><W56/><G1/><T122/><D122/><U75/><E73/><V85/><F112/><W132/><G130/><T103/><D118/><U119/><E75/><V4/><F131/><W128/><G128/><T115/><D74/><U0/><E36/><V32/><F32/><W10/><G102/><T57/><D115/><U109/><E106/><V42/><F124/><W24/><G132/><T123/><D123/><U83/><E84/><V6/><F96/><W53/><G40/><T78/><D133/><U88/><E83/><V60/><F86/><W17/><G10/><N who="0" m="6583" /><D107/><U117/><E76/><V33/><F33/><W70/><REACH who="3" step="1"/><G67/><REACH who="3" ten="329,77,338,246" step="2"/><N who="0" m="39407" /><D103/><U45/><E114/><V2/><F2/><W91/><G91/><T120/><D120/><U15/><E88/><N who="2" m="53647" /><F64/><W66/><G66/><T21/><D78/><U61/><E61/><N who="2" m="23659" /><F98/><W28/><G28/><AGARI ba="0,1" hai="21,25,28,30,31,44,50,54" m="39407,6583" machi="28" ten="30,1000,0" yaku="8,1" doraHai="29" who="0" fromWho="3" sc="329,20,77,0,338,0,246,-10" owari="349,44.9,77,-42.3,338,13.8,236,-16.4" /></mjloggm>