<mjloggm ver="2.3"><GO type="225" lobby="0"/><UN n0="%E3%81%99%E3%81%84%E3%81%BE%E3%81%9B%E3%83%BC%E3%82%93" n1="%77%72%77%72%77%72%77%72" n2="%E5%8D%A0%E3%81%84%E5%B8%AB%E8%A3%8F%E3%81%AA%E3%81%84%E3%81%97" n3="%E3%81%BF%E3%81%BF%E3%81%9A" dan="17,17,16,16" rate="2227.96,2237.69,2185.35,2140.01" sx="M,M,M,M"/><TAIKYOKU oya="0"/><INIT seed="0,0,0,4,4,130" ten="250,250,250,250" oya="0" hai0="108,110,115,92,126,87,62,120,0,47,103,68,12" hai1="10,71,104,22,78,132,121,9,65,84,134,52,28" hai2="46,67,45,43,81,20,55,122,37,129,54,79,77" hai3="44,82,127,24,5,49,21,7,97,96,75,11,32"/><T6/><D115/><U63/><E121/><V131/><F122/><W41/><G127/><T116/><D116/><U106/><E78/><V93/><F67/><W27/><G32/><T59/><D120/><U66/><E84/><V102/><F102/><W18/><G5/><T61/><D0/><U51/><E65/><V90/><F20/><W99/><G75/><T98/><D126/><U30/><E10/><V38/><F81/><W105/><G24/><T80/><D68/><U88/><E88/><V16/><F16/><W101/><REACH who="3" step="1"/><G82/><REACH who="3" ten="250,250,250,240" step="2"/><T89/><D6/><U15/><E28/><V64/><F131/><W3/><AGARI ba="0,1" hai="3,7,11,18,21,27,41,44,49,96,97,99,101,105" machi="3" ten="20,5200,0" yaku="1,1,2,1,0,1,7,1,53,0" doraHai="130" doraHaiUra="125" who="3" fromWho="3" sc="250,-26,250,-13,250,-13,240,62" /><INIT seed="1,0,0,3,2,94" ten="224,237,237,302" oya="1" hai0="30,117,32,98,42,54,89,134,92,101,114,132,2" hai1="97,66,78,68,61,82,55,125,18,99,111,120,40" hai2="100,107,121,29,81,85,86,21,65,4,25,33,104" hai3="16,51,27,122,95,113,129,56,26,28,57,77,23"/><U14/><E120/><V7/><F121/><W39/><G122/><T128/><D114/><U133/><E40/><V10/><F4/><W119/><G39/><T31/><D117/><U83/><E133/><N who="0" m="51305" /><D128/><U60/><E125/><V93/><F93/><W36/><G36/><T70/><D2/><U116/><E116/><V34/><F85/><W108/><G119/><T37/><D32/><U64/><E55/><V35/><F65/><W47/><G113/><T103/><D70/><U105/><E105/><V59/><F59/><W109/><G77/><T43/><D54/><U15/><E111/><N who="3" m="42570" /><G129/><T115/><D115/><U22/><E14/><V96/><F107/><W11/><G95/><T9/><D9/><U13/><E13/><V3/><REACH who="2" step="1"/><F35/><REACH who="2" ten="224,237,227,302" step="2"/><N who="3" m="20887" /><G11/><T72/><D72/><U45/><E45/><V48/><F48/><W19/><G57/><T124/><D124/><U38/><E38/><V71/><F71/><W52/><G56/><T67/><D67/><U44/><E44/><V127/><F127/><W88/><G47/><N who="0" m="24015" /><D43/><U90/><E64/><V41/><F41/><W49/><G49/><T84/><D103/><U75/><REACH who="1" step="1"/><E61/><REACH who="1" ten="224,227,227,302" step="2"/><V6/><F6/><W87/><G51/><T0/><D0/><U5/><E5/><V50/><F50/><W69/><G52/><T79/><D79/><AGARI ba="0,2" hai="3,7,10,21,25,29,33,34,79,81,86,96,100,104" machi="79" ten="30,3900,0" yaku="1,1,7,1,52,1,53,0" doraHai="94" doraHaiUra="8" who="2" fromWho="0" sc="224,-39,227,0,227,59,302,0" /><INIT seed="2,0,0,1,2,31" ten="185,227,286,302" oya="2" hai0="28,34,74,76,92,124,57,11,115,66,3,68,127" hai1="14,100,17,53,69,71,58,46,21,110,30,72,29" hai2="73,94,98,59,62,117,37,89,102,15,96,65,90" hai3="25,55,2,111,19,122,52,104,6,112,91,33,18"/><V63/><F117/><W132/><G122/><T61/><D115/><U41/><E72/><V48/><F37/><W84/><G112/><T78/><D68/><U99/><E110/><V121/><F73/><W105/><G111/><T1/><D92/><U106/><E71/><V35/><F121/><W131/><G2/><T0/><D11/><U125/><E69/><V130/><F130/><W49/><G6/><T135/><D135/><U13/><E125/><N who="0" m="48201" /><D74/><U129/><E129/><V16/><F35/><W51/><G131/><T133/><D133/><U123/><E123/><V47/><F62/><W126/><G126/><T70/><D70/><U45/><E13/><V103/><F96/><W128/><G128/><T12/><D12/><U26/><E41/><N who="2" m="24687" /><F103/><W23/><G132/><T39/><D39/><U44/><REACH who="1" step="1"/><E14/><REACH who="1" ten="185,217,286,302" step="2"/><V54/><F54/><W7/><G52/><T79/><D0/><U108/><E108/><V86/><F86/><W101/><G55/><T43/><D43/><U60/><AGARI ba="0,1" hai="17,21,26,29,30,44,45,46,53,58,60,99,100,106" machi="60" ten="30,2000,0" yaku="1,1,0,1,53,0" doraHai="31" doraHaiUra="113" who="1" fromWho="1" sc="185,-5,217,30,286,-10,302,-5" /><INIT seed="3,0,0,0,5,70" ten="180,247,276,297" oya="3" hai0="46,17,26,67,29,38,41,23,119,11,109,25,19" hai1="37,130,121,14,118,53,76,87,34,12,123,104,65" hai2="4,131,18,99,69,49,50,24,66,84,7,100,71" hai3="6,135,116,79,105,94,85,72,117,74,3,52,108"/><W21/><G21/><T86/><D119/><N who="3" m="45641" /><G52/><T134/><D134/><U47/><E130/><V1/><F131/><W33/><G33/><T31/><D109/><U54/><E104/><V40/><F1/><W128/><G6/><T5/><D86/><U97/><E65/><V8/><F84/><W92/><G3/><T80/><D80/><U36/><E97/><V101/><F8/><W90/><G128/><T35/><REACH who="0" step="1"/><D67/><REACH who="0" ten="170,247,276,297" step="2"/><U32/><E87/><V78/><F66/><W44/><G135/><T125/><D125/><U96/><E118/><V51/><F99/><W124/><G124/><T114/><D114/><U132/><E96/><V27/><F78/><W113/><G113/><T0/><AGARI ba="0,1" hai="0,5,11,17,19,23,25,26,29,31,35,38,41,46" machi="0" ten="20,5200,0" yaku="1,1,0,1,7,1,52,1,53,0" doraHai="70" doraHaiUra="120" who="0" fromWho="0" sc="170,62,247,-13,276,-13,297,-26" /><INIT seed="4,0,0,1,3,114" ten="232,234,263,271" oya="0" hai0="101,15,86,73,66,42,135,13,113,60,131,81,67" hai1="54,133,119,22,34,134,53,11,97,59,46,130,18" hai2="63,120,124,105,29,58,71,14,7,74,87,117,112" hai3="33,32,70,98,25,116,8,125,72,111,37,50,4"/><T106/><D113/><U16/><E34/><V56/><F120/><W85/><G37/><T75/><D131/><U40/><E130/><V76/><F74/><W19/><G72/><T77/><D135/><N who="1" m="51723" /><E97/><V44/><F105/><W1/><G70/><T103/><D75/><U88/><E119/><V89/><F124/><W43/><G111/><T128/><D128/><U6/><E88/><V69/><F112/><W55/><G43/><T90/><D42/><U21/><E21/><V47/><F89/><W78/><G125/><T48/><D106/><U31/><E31/><V39/><F29/><W9/><G32/><T132/><D132/><U35/><E35/><V36/><F76/><W61/><G33/><T127/><D127/><U94/><E94/><V51/><F87/><W24/><G116/><T122/><D122/><U20/><E20/><V57/><F117/><W83/><G98/><T109/><D109/><U107/><E107/><V17/><F7/><W104/><G104/><T68/><D67/><U27/><E18/><V41/><F17/><W10/><G61/><T95/><REACH who="0" step="1"/><D48/><REACH who="0" ten="222,234,263,271" step="2"/><N who="1" m="26695" /><E59/><V64/><F57/><W102/><G50/><T91/><D91/><U3/><AGARI ba="0,1" hai="3,6,11,16,22,27,53,54" m="26695,51723" machi="3" ten="30,2000,0" yaku="20,1,54,1" doraHai="114" who="1" fromWho="1" sc="222,-10,234,30,263,-5,271,-5" /><INIT seed="5,0,0,4,4,88" ten="212,264,258,266" oya="1" hai0="28,75,67,96,13,73,126,113,2,3,9,130,51" hai1="19,40,94,78,85,100,21,72,108,37,116,47,32" hai2="109,53,62,52,1,76,81,42,125,14,34,118,16" hai3="119,26,46,25,79,55,115,70,0,69,6,131,121"/><U61/><E116/><V105/><F1/><W91/><G121/><T104/><D113/><U38/><E32/><V64/><F109/><W114/><G79/><T39/><D39/><U60/><E108/><V24/><F118/><W107/><G107/><T77/><D126/><U30/><E30/><V133/><F105/><W7/><G119/><T83/><D75/><U48/><E72/><V127/><F42/><W90/><G55/><T57/><D28/><U82/><E37/><V31/><F133/><W106/><G106/><T84/><D73/><U120/><E38/><V12/><F12/><W122/><G46/><T97/><D130/><U58/><E58/><V86/><F125/><W50/><G50/><T93/><D104/><U95/><E120/><V23/><REACH who="2" step="1"/><F127/><REACH who="2" ten="212,264,248,266" step="2"/><W18/><G0/><T103/><D2/><U74/><E40/><V4/><F4/><W112/><G115/><T101/><D3/><U132/><E132/><V124/><F124/><W68/><G122/><T44/><D13/><U110/><E110/><V49/><F49/><W102/><G6/><T111/><D111/><U89/><E48/><V22/><F22/><N who="3" m="13527" /><G7/><T66/><D9/><U128/><E128/><V117/><F117/><W92/><G131/><T135/><D135/><U43/><E43/><V134/><F134/><W99/><G114/><T59/><D44/><U87/><E47/><V29/><F29/><W63/><G112/><T10/><D10/><U8/><E8/><V11/><F11/><W35/><G63/><T65/><D51/><U80/><E21/><V56/><AGARI ba="0,1" hai="14,16,23,24,31,34,52,53,56,62,64,76,81,86" machi="56" ten="20,8000,1" yaku="1,1,0,1,7,1,54,2,53,0" doraHai="88" doraHaiUra="98" who="2" fromWho="2" sc="212,-20,264,-40,248,90,266,-20" owari="192,-30.8,224,-17.6,338,43.8,246,4.6" /></mjloggm>