<mjloggm ver="2.3"><GO type="225" lobby="0"/><UN n0="%E3%81%BE%E3%81%A8%E3%81%9F" n1="%E3%81%BF%E3%81%BF%E3%81%9A" n2="%72%69%6F%75%63%68%61%6E" n3="%E3%81%95%E3%81%8D%E3%81%9F%E3%81%BE%E6%9E%97%E6%AA%8E" dan="16,18,16,16" rate="2115.93,2247.79,2163.25,2064.28" sx="M,M,M,M"/><TAIKYOKU oya="0"/><INIT seed="0,0,0,1,5,30" ten="250,250,250,250" oya="0" hai0="124,126,40,88,95,120,96,117,103,1,131,134,25" hai1="76,57,14,112,67,66,35,60,18,115,84,50,82" hai2="28,105,9,70,135,100,37,44,34,58,10,19,121" hai3="107,102,98,79,128,46,129,133,21,43,16,110,72"/><T63/><D117/><U108/><E108/><V52/><F121/><W45/><G110/><T42/><D1/><U93/><E35/><V6/><F70/><W27/><G133/><T38/><D134/><U106/><E106/><V23/><F135/><W61/><G61/><T36/><D120/><U22/><E50/><V85/><F85/><W48/><REACH who="3" step="1"/><G46/><REACH who="3" ten="250,250,250,240" step="2"/><T86/><D131/><U116/><E116/><V75/><F44/><W101/><G101/><T109/><D109/><U31/><E115/><V99/><F37/><N who="0" m="14442" /><D63/><U64/><E112/><V51/><F75/><W77/><G77/><T65/><D65/><U11/><E93/><V111/><F111/><W54/><G54/><T118/><D118/><U12/><REACH who="1" step="1"/><E31/><REACH who="1" ten="250,240,250,240" step="2"/><V78/><F28/><W59/><G59/><T90/><D95/><U8/><E8/><V87/><F10/><W49/><G49/><T32/><D124/><U94/><E94/><V104/><F105/><W73/><G73/><T47/><D126/><U122/><E122/><V4/><F9/><W81/><AGARI ba="0,2" hai="16,21,27,43,45,48,72,79,81,98,102,107,128,129" machi="81" ten="30,4000,0" yaku="1,1,0,1,54,1,53,0" doraHai="30" doraHaiUra="123" who="3" fromWho="3" sc="250,-20,240,-10,250,-10,240,60" /><INIT seed="1,0,0,4,5,135" ten="230,230,240,300" oya="1" hai0="67,64,126,104,92,2,68,80,8,98,134,65,29" hai1="28,129,36,121,24,81,120,99,38,0,70,102,117" hai2="35,79,42,73,43,85,94,114,11,13,49,7,50" hai3="20,63,21,14,52,10,57,88,19,106,107,37,111"/><U103/><E117/><V119/><F119/><W61/><G37/><N who="1" m="14442" /><E103/><V125/><F125/><W118/><G118/><T113/><D134/><U86/><E86/><V122/><F122/><W39/><G39/><T3/><D68/><U9/><E81/><N who="2" m="47295" /><F35/><W83/><G111/><T71/><D71/><U27/><E27/><V4/><F73/><W96/><G107/><T15/><D104/><N who="1" m="63583" /><E70/><V48/><F114/><W32/><G106/><T41/><D80/><U58/><E58/><V53/><F4/><W22/><G32/><T82/><D82/><U130/><E9/><V59/><F94/><N who="3" m="56391" /><G83/><T87/><D92/><U47/><E47/><V133/><F133/><W34/><G34/><T93/><D93/><U56/><E56/><V101/><F101/><W18/><G63/><AGARI ba="0,0" hai="7,11,13,42,43,48,49,50,53,59,63" m="47295" machi="63" ten="30,1000,0" yaku="8,1" doraHai="135" who="2" fromWho="3" sc="230,0,230,0,240,10,300,-10" /><INIT seed="2,0,0,4,0,41" ten="230,230,250,290" oya="2" hai0="93,49,54,42,57,96,14,32,132,128,65,108,9" hai1="107,50,135,23,125,70,77,10,83,68,38,101,44" hai2="126,28,12,47,36,130,71,86,2,92,131,129,30" hai3="17,99,97,85,82,91,31,114,115,73,72,122,34"/><V61/><F2/><W16/><G122/><T46/><D108/><U7/><E38/><V5/><F126/><W45/><G34/><T127/><D128/><U6/><E125/><V103/><F5/><W123/><G123/><T69/><D32/><U109/><E109/><V22/><F12/><W27/><G72/><T87/><D127/><U133/><E23/><V98/><F22/><N who="3" m="15863" /><G73/><T66/><D87/><N who="1" m="48623" /><E101/><V60/><F86/><W80/><G80/><T26/><D26/><U75/><E107/><V64/><REACH who="2" step="1"/><F60/><REACH who="2" ten="230,230,240,290" step="2"/><W56/><G115/><T111/><D111/><U25/><E75/><V15/><F15/><W74/><G114/><T29/><D14/><N who="1" m="5463" /><E7/><V43/><AGARI ba="0,1" hai="28,30,36,43,47,61,64,71,92,98,103,129,130,131" machi="43" ten="40,12000,1" yaku="1,1,0,1,19,1,52,1,53,0" doraHai="41" doraHaiUra="112" who="2" fromWho="2" sc="230,-40,230,-40,240,130,290,-40" /><INIT seed="2,1,0,0,4,124" ten="190,190,370,250" oya="2" hai0="13,127,91,101,3,41,131,49,135,113,129,109,99" hai1="33,12,100,133,52,37,78,27,94,4,66,9,88" hai2="17,87,74,75,22,132,61,85,92,105,35,76,112" hai3="84,24,44,26,96,59,98,114,62,103,55,51,6"/><V111/><F132/><W1/><G114/><T110/><D113/><U2/><E133/><V28/><F112/><W130/><G1/><T95/><D135/><U30/><E37/><V126/><F126/><W0/><G0/><T20/><D3/><U64/><E100/><V83/><F105/><W71/><G71/><T54/><D41/><U108/><E108/><N who="0" m="41577" /><D127/><U123/><E123/><V73/><F111/><W15/><G84/><T10/><D20/><U77/><E2/><V89/><F61/><W25/><G103/><T43/><D43/><U86/><REACH who="1" step="1"/><E52/><REACH who="1" ten="190,180,370,250" step="2"/><V107/><F107/><W81/><G130/><N who="0" m="49675" /><D101/><U63/><E63/><V58/><F22/><W50/><G62/><T57/><D13/><U40/><E40/><V7/><F35/><W97/><G15/><T115/><D115/><U106/><E106/><V53/><F53/><W119/><G55/><T32/><D32/><U65/><AGARI ba="1,1" hai="4,9,12,27,30,33,64,65,66,77,78,86,88,94" machi="65" ten="30,4000,0" yaku="1,1,0,1,54,1,53,0" doraHai="124" doraHaiUra="67" who="1" fromWho="1" sc="190,-11,180,53,370,-21,250,-11" /><INIT seed="3,0,0,5,5,102" ten="179,233,349,239" oya="3" hai0="34,92,49,100,22,69,135,8,59,87,56,30,131" hai1="104,20,68,1,110,60,25,32,44,119,76,132,23" hai2="5,28,67,12,35,65,36,61,41,38,62,6,98" hai3="130,75,134,39,84,117,96,85,90,103,47,101,120"/><W53/><G120/><T99/><D131/><U63/><E1/><V51/><F35/><W3/><G117/><T31/><D135/><U82/><E132/><V128/><F128/><W42/><G134/><T89/><D69/><U93/><E104/><V79/><F28/><W81/><G130/><T73/><D34/><U129/><E32/><V40/><F79/><W91/><G3/><T112/><D73/><U77/><E129/><V78/><F78/><N who="1" m="30313" /><E68/><V13/><F51/><W55/><G75/><T43/><D112/><U2/><E2/><V124/><F98/><W7/><G7/><T114/><D8/><U126/><E82/><V107/><F124/><W86/><G86/><T9/><D9/><U26/><E110/><V11/><F11/><W113/><G113/><T16/><D114/><U18/><E126/><V54/><F54/><W80/><REACH who="3" step="1"/><G103/><REACH who="3" ten="179,233,349,229" step="2"/><T19/><D43/><U15/><E119/><V118/><F118/><W29/><G29/><T109/><D109/><U45/><E93/><AGARI ba="0,1" hai="39,42,47,53,55,80,81,84,85,90,91,93,96,101" machi="93" ten="30,5800,0" yaku="1,1,7,1,9,1,53,0" doraHai="102" doraHaiUra="14" who="3" fromWho="1" sc="179,0,233,-58,349,0,229,68" /><INIT seed="3,1,0,2,4,8" ten="179,175,349,297" oya="3" hai0="21,16,40,55,24,94,116,120,51,49,28,6,127" hai1="124,38,22,47,35,78,61,63,112,56,119,101,109" hai2="96,121,43,85,82,131,99,80,98,104,68,19,91" hai3="71,128,18,57,123,4,86,122,45,50,13,54,29"/><W5/><G71/><T90/><D116/><U93/><E35/><V34/><F34/><W0/><G128/><T72/><D72/><U17/><E112/><V26/><F131/><W25/><G0/><T69/><D69/><U58/><E119/><V106/><F121/><W52/><G123/><T10/><D120/><U42/><E78/><V37/><F68/><W103/><G122/><T97/><D40/><U3/><E3/><V126/><F126/><W62/><G103/><T33/><D127/><U92/><E124/><V118/><F118/><W14/><G86/><T95/><D95/><U70/><E109/><V79/><F26/><W115/><G115/><T31/><D33/><U134/><E134/><V23/><F37/><W132/><G132/><T53/><D55/><U130/><E130/><V39/><F39/><W41/><G41/><T66/><D66/><U88/><E70/><V20/><F43/><W83/><G83/><T9/><D9/><U7/><E7/><N who="3" m="2634" /><G29/><T133/><D133/><U1/><E1/><V76/><F76/><W60/><G60/><N who="1" m="23114" /><E101/><V15/><REACH who="2" step="1"/><F23/><AGARI ba="1,0" hai="13,14,18,23,25,45,50,52,54,57,62" m="2634" machi="23" ten="30,11600,0" yaku="8,1,52,2,54,1" doraHai="8" who="3" fromWho="2" sc="179,0,175,0,349,-119,297,119" owari="179,-22.1,175,-32.5,230,3.0,416,51.6" /></mjloggm>