<mjloggm ver="2.3"><GO type="225" lobby="0"/><UN n0="%E9%80%9F%E6%B0%B4%E5%87%9B%E9%A6%99" n1="%33%74%72%65%65" n2="%E4%B8%89%E5%86%A0%E7%8E%8B%E3%83%BB%E5%B1%B1%E7%94%B0%E5%93%B2%E4%BA%BA" n3="%E3%83%A1%E3%82%AC%E3%83%87%E3%82%B8" dan="16,17,16,16" rate="2122.59,2156.39,2140.57,2095.94" sx="F,F,M,F"/><TAIKYOKU oya="0"/><INIT seed="0,0,0,3,5,60" ten="250,250,250,250" oya="0" hai0="114,11,117,94,99,79,34,78,83,107,80,106,77" hai1="97,8,125,59,102,84,110,30,54,43,40,76,115" hai2="116,7,13,37,24,27,81,86,15,49,112,21,121" hai3="3,14,74,26,47,63,36,89,73,113,62,61,85"/><T100/><D11/><U123/><E110/><V31/><F37/><W64/><G3/><T28/><D28/><U75/><E123/><V16/><F112/><W41/><G113/><T70/><D34/><U32/><E115/><V87/><F121/><W96/><G96/><N who="0" m="61703" /><D70/><U131/><E75/><V66/><F116/><W95/><G64/><T46/><D46/><U128/><E125/><V10/><F66/><W58/><G58/><T33/><D33/><U52/><E8/><V133/><F133/><W134/><G134/><T90/><D114/><U109/><E109/><V50/><F87/><W35/><REACH who="3" step="1"/><G14/><REACH who="3" ten="250,250,250,240" step="2"/><T71/><D71/><U101/><E97/><V82/><F15/><W122/><G122/><T1/><D1/><U129/><E129/><V23/><REACH who="2" step="1"/><F81/><REACH who="2" ten="250,250,240,240" step="2"/><N who="0" m="31306" /><D117/><U91/><E131/><V53/><F53/><W93/><G93/><T45/><D45/><U65/><E52/><V119/><F119/><W92/><G92/><T72/><D107/><U118/><E54/><V12/><F12/><W2/><G2/><T103/><D72/><U105/><E128/><V69/><F69/><W67/><G67/><T5/><D5/><U6/><E6/><V111/><F111/><W22/><G22/><T68/><D68/><U38/><E118/><V4/><F4/><W17/><G17/><T120/><D120/><U124/><E105/><V57/><F57/><W126/><G126/><T18/><D18/><U39/><E59/><V56/><F56/><W9/><G9/><T48/><D48/><U0/><E65/><V42/><F42/><N who="1" m="15913" /><E0/><V19/><F19/><W44/><G44/><RYUUKYOKU ba="0,2" sc="250,10,250,-30,240,10,240,10" hai0="77,78,79,90,94,99,103" hai2="7,10,13,16,21,23,24,27,31,49,50,82,86" hai3="26,35,36,41,47,61,62,63,73,74,85,89,95" /><INIT seed="0,1,2,2,5,36" ten="260,220,250,250" oya="0" hai0="99,29,57,45,90,12,112,35,115,84,22,26,43" hai1="111,58,108,117,44,59,91,27,53,28,9,63,31" hai2="61,40,37,119,21,50,65,15,74,120,42,54,125" hai3="2,33,25,1,23,95,24,104,109,83,41,121,75"/><T60/><D115/><U39/><E117/><V107/><F120/><W94/><G104/><T18/><D112/><U67/><E9/><V93/><F107/><W100/><G109/><N who="1" m="42058" /><E91/><V69/><F119/><W105/><G105/><T92/><D60/><N who="1" m="38295" /><E27/><V96/><F125/><W64/><G64/><T79/><D57/><U14/><E14/><V70/><F70/><W62/><G62/><T19/><D19/><U4/><E4/><V55/><F15/><W114/><G114/><T30/><D30/><U68/><E68/><V76/><F65/><W72/><G100/><T32/><D79/><U10/><E10/><V101/><F101/><W52/><G23/><T106/><D106/><U73/><E73/><V97/><F21/><W82/><G33/><T71/><D71/><U5/><E5/><V122/><F74/><W13/><G13/><T8/><REACH who="0" step="1"/><D84/><REACH who="0" ten="250,220,250,250" step="2"/><U81/><E81/><V77/><F69/><W85/><G85/><T113/><D113/><U102/><E102/><V132/><F61/><W127/><G83/><T103/><D103/><U56/><E56/><V133/><F77/><W87/><G82/><T98/><D98/><U89/><E89/><V126/><F97/><W80/><G80/><T78/><D78/><U86/><E86/><V11/><F96/><W128/><G87/><T130/><D130/><U129/><E129/><V0/><F76/><W123/><G128/><T124/><D124/><U118/><E118/><V134/><F126/><W34/><G127/><T131/><D131/><U3/><E3/><V135/><N who="2" m="33792" /><DORA hai="116" /><V48/><F0/><W16/><G1/><RYUUKYOKU ba="1,3" sc="250,15,220,15,250,-15,250,-15" hai0="8,12,18,22,26,29,32,35,43,45,90,92,99" hai1="28,31,39,44,53,59,63" /><INIT seed="0,2,3,2,5,27" ten="265,235,235,235" oya="0" hai0="125,46,30,48,14,31,90,135,52,122,61,79,128" hai1="95,113,73,23,66,7,127,85,115,80,75,0,21" hai2="13,10,134,26,118,92,102,88,104,4,6,16,112" hai3="121,116,81,129,12,33,43,83,86,77,68,94,40"/><T64/><D122/><U19/><E127/><V8/><F112/><N who="1" m="43081" /><E66/><V44/><F134/><W35/><G116/><T117/><D117/><U5/><E95/><V1/><F118/><W119/><G119/><T9/><D135/><U58/><E58/><V42/><F102/><W72/><G68/><T18/><D128/><U29/><E29/><V34/><F104/><W87/><G129/><T38/><D125/><U91/><E21/><V15/><F34/><W123/><G94/><T133/><D133/><U109/><E109/><V97/><F26/><W49/><G12/><T28/><D79/><U89/><E89/><V110/><F110/><W41/><G49/><T2/><D38/><U67/><E67/><V65/><F65/><W32/><REACH who="3" step="1"/><G72/><REACH who="3" ten="265,235,235,225" step="2"/><N who="1" m="27722" /><E0/><V124/><F124/><W105/><G105/><T59/><D2/><U108/><E108/><V20/><F1/><W54/><G54/><T25/><REACH who="0" step="1"/><D90/><AGARI ba="2,4" hai="32,33,35,40,41,43,77,81,83,86,87,90,121,123" machi="90" ten="50,1600,0" yaku="1,1,53,0" doraHai="27" doraHaiUra="107" who="3" fromWho="0" sc="265,-22,235,0,235,0,225,62" /><INIT seed="1,0,0,0,5,39" ten="243,235,235,287" oya="1" hai0="16,133,22,127,118,96,45,88,86,132,104,82,125" hai1="5,44,97,119,108,74,89,62,122,55,21,47,67" hai2="124,78,29,65,95,46,128,98,54,115,7,35,109" hai3="70,134,103,92,27,0,42,66,59,113,31,91,77"/><U50/><E119/><V1/><F109/><W111/><G113/><T112/><D45/><U37/><E122/><V130/><F115/><W34/><G111/><T120/><D112/><U102/><E108/><V48/><F124/><N who="0" m="47690" /><D118/><U135/><E135/><V30/><F78/><W11/><G134/><T81/><D120/><U51/><E74/><V117/><F117/><W19/><G70/><T12/><D81/><U57/><E37/><V49/><F65/><W69/><G69/><T26/><D26/><U25/><E5/><V61/><F61/><W60/><G77/><T43/><D43/><U79/><E79/><V101/><F1/><W72/><G72/><T80/><D80/><U56/><E89/><V41/><F7/><W58/><G58/><T126/><N who="0" m="47698" /><T85/><DORA hai="105" /><D85/><U99/><E102/><AGARI ba="0,0" hai="12,16,22,82,86,88,96,102,104,132,133" m="47698" machi="102" ten="40,5200,0" yaku="18,1,54,2" doraHai="39,105" who="0" fromWho="1" sc="243,52,235,-52,235,0,287,0" /><INIT seed="2,0,0,4,3,37" ten="295,183,235,287" oya="2" hai0="55,118,44,126,79,2,8,116,57,35,103,9,47" hai1="12,29,84,63,106,19,18,46,94,49,30,25,6" hai2="21,3,72,90,59,28,39,69,81,0,77,95,119" hai3="110,1,42,40,43,123,5,121,133,27,53,20,108"/><V117/><F69/><W124/><G133/><T38/><D35/><U10/><E106/><V33/><F33/><W13/><G1/><T52/><D126/><U114/><E114/><V70/><F70/><W31/><G124/><T99/><D79/><U16/><E63/><V102/><F39/><W111/><G53/><T97/><D2/><U48/><E25/><N who="2" m="16431" /><F0/><W58/><G58/><T7/><D7/><U89/><REACH who="1" step="1"/><E49/><REACH who="1" ten="295,173,235,287" step="2"/><V50/><F50/><W86/><G86/><T122/><D38/><U98/><E98/><V64/><F3/><W100/><G100/><T23/><D99/><U32/><E32/><V45/><F102/><W56/><G56/><T36/><D57/><U127/><E127/><V11/><F59/><W115/><G115/><T73/><D36/><U14/><E14/><V120/><F64/><W96/><G96/><T101/><D97/><U83/><E83/><V129/><F81/><W66/><G66/><T107/><D107/><U65/><E65/><V24/><F24/><W135/><G135/><T15/><D101/><U112/><E112/><V34/><F34/><W80/><G80/><T88/><D103/><U62/><E62/><V82/><F82/><W4/><G13/><T93/><D15/><U87/><E87/><V105/><F105/><W130/><G130/><T134/><D134/><U85/><E85/><V60/><F60/><W41/><N who="3" m="10240" /><DORA hai="109" /><W132/><G132/><T67/><D67/><U22/><E22/><V92/><F129/><W17/><G108/><T61/><D61/><U26/><E26/><V91/><F77/><W128/><G111/><RYUUKYOKU ba="0,1" sc="295,-10,173,30,235,-10,287,-10" hai1="6,10,12,16,18,19,29,30,46,48,84,89,94" /><INIT seed="3,1,1,1,0,117" ten="285,203,225,277" oya="3" hai0="66,59,47,127,100,1,135,70,101,79,38,113,83" hai1="72,114,46,65,93,69,108,107,49,98,76,116,80" hai2="50,128,51,62,32,4,57,28,134,36,0,61,31" hai3="115,85,39,25,89,52,54,68,56,7,3,5,64"/><W92/><G115/><T41/><D1/><U2/><E114/><V35/><F36/><W125/><G125/><T63/><D127/><U73/><E116/><V10/><F134/><W132/><G132/><T120/><D120/><U129/><E108/><V106/><F106/><W20/><G39/><T8/><D135/><U77/><E129/><V18/><F128/><W102/><G68/><T126/><D126/><U9/><E107/><V119/><F119/><W43/><G43/><T110/><D110/><U130/><E130/><V53/><F18/><W16/><G3/><T75/><D113/><U103/><E69/><V131/><F131/><W14/><G102/><T55/><D8/><U21/><E65/><V86/><F86/><W17/><G64/><T95/><D95/><U29/><E29/><V123/><F123/><W87/><G87/><T91/><D91/><U60/><E60/><AGARI ba="1,1" hai="38,41,47,55,59,60,63,66,70,75,79,83,100,101" machi="60" ten="30,1000,0" yaku="7,1" doraHai="117" who="0" fromWho="1" sc="285,23,203,-13,225,0,277,0" owari="308,40.8,190,-31.0,225,-17.5,277,7.7" /></mjloggm>