<mjloggm ver="2.3"><GO type="225" lobby="0"/><UN n0="%E6%A1%9C%E8%8A%B1%E9%96%83%E3%80%85" n1="%E5%A4%9C%E3%81%AE%E3%82%AC%E3%82%B9%E3%83%91%E3%83%BC%E3%83%AB" n2="%E3%81%A4%E3%81%A3%E3%81%B1%E3%82%8A%E3%83%9D%E3%83%BC%E3%83%AB" n3="%E3%82%A2%E3%83%A1%E3%82%A2%E3%83%A9%E3%83%AC" dan="16,16,17,16" rate="2207.67,2125.12,2224.52,2160.74" sx="M,M,M,M"/><TAIKYOKU oya="0"/><INIT seed="0,0,0,5,0,78" ten="250,250,250,250" oya="0" hai0="14,121,20,49,32,93,42,128,34,43,59,52,46" hai1="100,134,65,92,88,16,29,61,37,7,27,101,129" hai2="75,70,91,83,119,106,105,87,120,9,33,48,130" hai3="71,94,67,3,124,102,85,36,35,2,44,39,8"/><T104/><D104/><U82/><E37/><V5/><F120/><W77/><G35/><T79/><D121/><U11/><E129/><V18/><F130/><W108/><G108/><T6/><D128/><U112/><E134/><V64/><F33/><W122/><G122/><T73/><D43/><U123/><E123/><V19/><F119/><W99/><G124/><T125/><D125/><U1/><E112/><V90/><F75/><W135/><G135/><T55/><D55/><U117/><E117/><V38/><F38/><W127/><G127/><T115/><D115/><U84/><E92/><V98/><F48/><W118/><G118/><T40/><D40/><U116/><E16/><V12/><F106/><W69/><G44/><T57/><D57/><U26/><E26/><V15/><F15/><W60/><G71/><T58/><D58/><U68/><REACH who="1" step="1"/><E116/><REACH who="1" ten="250,240,250,250" step="2"/><V107/><F107/><W131/><G131/><T103/><D93/><U47/><E47/><V13/><F105/><W51/><G39/><T110/><D46/><U22/><AGARI ba="0,1" hai="1,7,11,22,27,29,61,65,68,82,84,88,100,101" machi="22" ten="20,12000,2" yaku="1,1,0,1,7,1,52,1,54,1,53,2" doraHai="78" doraHaiUra="97" who="1" fromWho="1" sc="250,-60,240,130,250,-30,250,-30" /><INIT seed="1,0,0,0,5,3" ten="190,370,220,220" oya="1" hai0="32,75,87,10,59,89,49,21,111,122,78,2,44" hai1="22,56,79,107,38,48,39,42,121,85,4,34,36" hai2="13,130,57,106,15,77,60,81,12,110,19,1,134" hai3="117,98,113,64,6,8,80,90,23,88,73,119,127"/><U27/><E121/><V91/><F110/><W30/><G113/><T120/><D32/><U105/><E34/><V41/><F134/><W102/><G127/><T40/><D111/><U118/><E118/><N who="3" m="45066" /><G64/><T46/><D75/><U83/><E4/><V20/><F130/><W11/><G11/><T123/><D78/><U62/><E48/><V61/><F1/><N who="3" m="79" /><G80/><T28/><D28/><U76/><E42/><V72/><F41/><W63/><G63/><T82/><D21/><U37/><N who="1" m="9216" /><DORA hai="114" /><U95/><E95/><V125/><F106/><N who="3" m="63831" /><G73/><T14/><D2/><U55/><REACH who="1" step="1"/><E79/><REACH who="1" ten="190,360,220,220" step="2"/><V66/><F125/><W43/><G43/><T86/><D40/><U54/><E54/><V69/><F91/><W128/><G128/><T94/><D122/><U99/><E99/><V35/><F35/><W112/><G112/><T126/><D126/><U131/><E131/><V67/><AGARI ba="0,1" hai="12,13,15,19,20,57,60,61,66,67,69,72,77,81" machi="67" ten="20,1500,0" yaku="0,1,7,1" doraHai="3,114" who="2" fromWho="2" sc="190,-4,360,-7,220,25,220,-4" /><INIT seed="2,0,0,3,1,132" ten="186,353,245,216" oya="2" hai0="62,82,59,19,5,18,60,129,41,108,48,77,6" hai1="56,76,86,38,79,46,130,51,119,64,49,107,113" hai2="106,32,43,93,124,67,104,68,83,126,122,27,16" hai3="37,97,80,65,47,89,105,102,70,0,35,33,42"/><V103/><F122/><W57/><G89/><T45/><D108/><U23/><E113/><V55/><F43/><W7/><G57/><T87/><D129/><U2/><E119/><V94/><F83/><W111/><G111/><T14/><D62/><U118/><E2/><V101/><F55/><W73/><G65/><T30/><D30/><U115/><E115/><V133/><F133/><W90/><G90/><T135/><D135/><U39/><E107/><N who="2" m="41003" /><F67/><W131/><G70/><T3/><D3/><U52/><E118/><V128/><F68/><W13/><G13/><T112/><D112/><U11/><E39/><V99/><F128/><W96/><G96/><T63/><D63/><U74/><E38/><V40/><F40/><W15/><G15/><T75/><D75/><U121/><E74/><V88/><F94/><W58/><G58/><T81/><D81/><U110/><E110/><V10/><F10/><N who="3" m="2407" /><G131/><T25/><D25/><U91/><E121/><V85/><F99/><W69/><G69/><T114/><D114/><U36/><E36/><V71/><F71/><W116/><G116/><T92/><D92/><U127/><E64/><V8/><F8/><W1/><G1/><T20/><REACH who="0" step="1"/><D19/><REACH who="0" ten="176,353,245,216" step="2"/><U117/><E130/><V134/><F16/><W123/><G123/><T109/><D109/><U98/><E117/><V29/><F134/><W12/><G12/><T9/><D9/><U125/><E11/><V34/><F34/><W44/><G33/><T95/><D95/><U22/><E22/><V50/><F50/><W24/><G35/><T28/><D28/><U72/><E23/><RYUUKYOKU ba="0,1" sc="176,15,353,-15,245,15,216,-15" hai0="5,6,14,18,20,41,45,48,59,60,77,82,87" hai2="27,29,32,85,88,93,101,103,124,126" /><INIT seed="2,1,1,3,5,86" ten="191,338,260,201" oya="2" hai0="102,108,57,82,70,95,44,135,133,115,132,76,41" hai1="100,106,40,2,30,32,31,97,45,50,117,79,119" hai2="18,23,26,14,9,52,112,12,49,121,10,25,130" hai3="74,111,110,69,113,131,126,35,105,128,81,37,129"/><V109/><F112/><W87/><G69/><T19/><D115/><U75/><E2/><V71/><F121/><W21/><G35/><T92/><D70/><U47/><E31/><V15/><F71/><W1/><G1/><T85/><D108/><N who="3" m="41513" /><G37/><T0/><D0/><U17/><E17/><V59/><F109/><W101/><G113/><T3/><D3/><U20/><E20/><N who="2" m="13463" /><F130/><W53/><G21/><T83/><D57/><U43/><E30/><AGARI ba="1,1" hai="9,10,12,14,15,23,26,30,49,52,59" m="13463" machi="30" ten="30,2900,0" yaku="8,1,54,1" doraHai="86" who="2" fromWho="1" sc="191,0,338,-32,260,42,201,0" /><INIT seed="2,2,0,1,3,9" ten="191,306,302,201" oya="2" hai0="88,117,130,77,54,112,118,3,64,18,105,78,107" hai1="27,4,65,32,98,69,76,55,92,41,101,99,19" hai2="87,43,8,67,7,26,31,97,50,126,46,5,114" hai3="103,66,80,37,48,108,10,81,96,113,39,73,44"/><V17/><F114/><W135/><G108/><T110/><D3/><U123/><E4/><V11/><F126/><W6/><G135/><T74/><D64/><U33/><E41/><V21/><F67/><W51/><G113/><T49/><D112/><U131/><E131/><V45/><F97/><W23/><G66/><T36/><D36/><U83/><E123/><V22/><F87/><W0/><G39/><T15/><D110/><U104/><E55/><V25/><F46/><W109/><G109/><T40/><D40/><U28/><E33/><V47/><F47/><W132/><G132/><T35/><D35/><U53/><E53/><V20/><F20/><W125/><G125/><T100/><D88/><U121/><E121/><V124/><F124/><W29/><G37/><T2/><D2/><U89/><E19/><V42/><F42/><W57/><G57/><N who="0" m="32975" /><D130/><U1/><E1/><V102/><F102/><W85/><G73/><T82/><D78/><U116/><E116/><N who="0" m="44649" /><D100/><U94/><E76/><V56/><F56/><W90/><G80/><T129/><D129/><U71/><E65/><V106/><F106/><W13/><G44/><T75/><D75/><U128/><E128/><V111/><F111/><W79/><G79/><T14/><D18/><U70/><E104/><AGARI ba="2,0" hai="14,15,74,77,82,104,105,107" m="44649,32975" machi="104" ten="30,3900,0" yaku="12,1,52,2" doraHai="9" who="0" fromWho="1" sc="191,45,306,-45,302,0,201,0" /><INIT seed="3,0,0,3,2,103" ten="236,261,302,201" oya="3" hai0="71,95,88,15,1,117,4,24,128,63,45,98,105" hai1="110,32,80,42,23,50,91,102,48,19,16,9,18" hai2="44,60,62,106,99,53,132,35,58,78,31,120,5" hai3="22,25,36,108,76,112,97,2,125,10,61,133,38"/><W28/><G112/><T116/><D1/><U111/><E32/><V74/><F5/><W119/><G119/><T11/><D128/><U82/><E102/><V92/><F106/><W21/><G133/><T65/><D105/><U54/><E9/><V101/><F132/><W118/><G118/><T0/><D0/><U73/><E73/><V30/><F35/><W84/><G125/><T93/><D24/><U49/><E42/><V129/><F129/><W87/><G97/><T122/><D122/><U131/><E131/><V134/><F134/><W12/><G108/><N who="1" m="41514" /><E91/><V135/><F135/><W100/><G100/><T79/><D79/><U20/><E54/><V51/><F120/><W46/><G61/><N who="2" m="23657" /><F74/><W107/><G107/><T121/><D121/><U104/><E104/><V57/><F78/><W75/><G2/><T126/><D126/><U64/><E64/><V114/><F114/><W55/><G75/><T127/><D127/><U6/><E6/><V43/><F43/><W83/><G87/><T34/><D34/><U69/><E69/><V47/><F58/><W27/><G55/><T67/><D67/><U66/><E66/><V41/><F41/><W39/><G46/><AGARI ba="0,0" hai="30,31,44,46,47,51,53,57,92,99,101" m="23657" machi="46" ten="30,1000,0" yaku="8,1" doraHai="103" who="2" fromWho="3" sc="236,0,261,0,302,10,201,-10" owari="236,-16.4,261,6.1,312,41.2,191,-30.9" /></mjloggm>