<mjloggm ver="2.3"><GO type="225" lobby="0"/><UN n0="%72%61%6B%33" n1="%E3%81%8B%E3%82%8F%E3%81%A1%E3%82%83%E3%82%93%35%38" n2="%74%61%6B%75%61%6B%61" n3="%E3%81%BF%E3%81%BF%E3%81%9A" dan="16,17,16,16" rate="2141.37,2130.98,2116.63,2140.80" sx="M,M,M,M"/><TAIKYOKU oya="0"/><INIT seed="0,0,0,1,4,86" ten="250,250,250,250" oya="0" hai0="116,10,12,13,20,135,29,37,61,97,134,81,88" hai1="52,92,7,0,48,74,28,121,102,73,43,60,16" hai2="44,72,66,21,98,114,5,54,103,39,89,127,42" hai3="115,18,27,132,84,36,112,123,129,124,65,8,91"/><T56/><D116/><U70/><E121/><V23/><F114/><W33/><G36/><T22/><D37/><U34/><E74/><V59/><F127/><W108/><G65/><T126/><D126/><U131/><E73/><V95/><F72/><W4/><G124/><T105/><D105/><U76/><E0/><V118/><F118/><W62/><G62/><T11/><D29/><U110/><E34/><V35/><F35/><W1/><G123/><T71/><D71/><U19/><E70/><V111/><F111/><W104/><G104/><T47/><D47/><N who="1" m="27679" /><E110/><V119/><F119/><W64/><G64/><T40/><D40/><U55/><E43/><V31/><F66/><W96/><G108/><T26/><D11/><U85/><E131/><V113/><F113/><W128/><G132/><N who="0" m="50731" /><D26/><U57/><E7/><V87/><F5/><W25/><G25/><T69/><D69/><U41/><E41/><V101/><F31/><W30/><G115/><T94/><D81/><N who="1" m="47271" /><E28/><V38/><F38/><W6/><G112/><T122/><D122/><U83/><E83/><V17/><F17/><W80/><G4/><N who="0" m="3143" /><D13/><U67/><E67/><AGARI ba="0,0" hai="20,22,56,61,67,88,94,97" m="3143,50731" machi="67" ten="30,5800,0" yaku="20,1,52,1,54,1" doraHai="86" who="0" fromWho="1" sc="250,58,250,-58,250,0,250,0" /><INIT seed="0,1,0,0,0,111" ten="308,192,250,250" oya="0" hai0="11,125,51,76,99,21,37,121,23,64,94,32,16" hai1="63,39,117,24,80,28,98,119,104,17,19,114,131" hai2="120,83,81,100,14,72,135,35,66,84,108,3,57" hai3="22,79,55,75,41,4,97,5,12,86,124,1,13"/><T67/><D37/><U74/><E39/><V31/><F120/><W87/><G75/><T102/><D32/><N who="1" m="20487" /><E17/><V128/><F108/><W36/><G124/><T34/><D34/><U58/><E58/><V59/><F128/><W8/><G55/><T61/><D121/><U60/><E19/><V0/><F135/><W50/><G36/><T110/><D125/><U109/><E60/><V129/><F129/><W113/><G1/><T73/><D110/><U88/><E88/><V115/><F100/><W42/><G97/><T134/><D134/><U6/><E109/><V122/><F122/><W18/><G113/><T38/><D38/><U126/><E126/><V77/><F14/><W89/><G4/><T30/><D51/><U48/><E48/><V46/><F115/><W15/><G15/><T101/><D101/><N who="1" m="62519" /><E131/><V26/><F46/><W40/><G79/><T103/><D103/><U68/><E6/><V91/><REACH who="2" step="1"/><F57/><REACH who="2" ten="308,192,240,250" step="2"/><W53/><REACH who="3" step="1"/><G89/><REACH who="3" ten="308,192,240,240" step="2"/><T132/><D132/><U133/><E133/><V93/><F93/><W123/><G123/><T130/><D94/><U54/><E114/><V25/><F25/><W9/><G9/><T70/><D11/><U62/><E80/><V69/><F69/><W107/><G107/><T71/><D130/><U127/><E127/><V92/><F92/><W105/><G105/><T7/><D71/><U116/><E68/><V44/><F44/><AGARI ba="1,2" hai="5,8,12,13,18,22,40,41,42,44,50,53,86,87" machi="44" ten="40,2600,0" yaku="1,1,8,1,53,0" doraHai="111" doraHaiUra="33" who="3" fromWho="2" sc="308,0,192,0,240,-29,240,49" /><INIT seed="1,0,0,4,3,132" ten="308,192,211,289" oya="1" hai0="80,47,17,87,119,56,16,33,102,69,129,9,40" hai1="51,39,92,130,10,59,120,89,42,79,91,113,88" hai2="30,46,63,108,100,110,111,97,29,49,78,95,128" hai3="57,104,23,13,122,127,4,20,32,123,35,3,26"/><U1/><E113/><V112/><F112/><W101/><G104/><T124/><D69/><U53/><E120/><N who="3" m="46122" /><G101/><T65/><D33/><N who="3" m="12873" /><G57/><T82/><D129/><U64/><E130/><V116/><F116/><W34/><G3/><T45/><D119/><U61/><E79/><V12/><F128/><W8/><G127/><T5/><D124/><U19/><E39/><V134/><F134/><W74/><G74/><T70/><D70/><U22/><E42/><V93/><F78/><W67/><G67/><T0/><D102/><U72/><E72/><V52/><F93/><W117/><G117/><T126/><D126/><U66/><E10/><V99/><F99/><W21/><N who="3" m="12881" /><W131/><DORA hai="50" /><G131/><T73/><D73/><U103/><E1/><V114/><F114/><W31/><AGARI ba="0,0" hai="4,8,13,20,21,23,26,31" m="12881,46122" machi="31" ten="50,3200,0" yaku="34,2" doraHai="132,50" who="3" fromWho="3" sc="308,-8,192,-16,211,-8,289,32" /><INIT seed="2,0,0,4,2,8" ten="300,176,203,321" oya="2" hai0="2,29,113,35,26,99,38,123,74,43,27,127,85" hai1="73,14,119,37,50,128,87,79,100,91,47,61,108" hai2="34,45,40,82,67,105,117,88,55,115,5,121,49" hai3="52,9,86,69,30,51,81,101,6,106,75,104,68"/><V111/><F121/><W109/><G75/><T80/><D2/><U125/><E119/><V116/><F115/><W16/><G30/><T36/><D74/><U107/><E37/><V15/><F34/><W46/><G109/><T83/><D83/><U66/><E73/><V7/><F105/><W90/><G6/><T44/><D127/><U122/><E79/><V76/><F111/><W126/><G126/><T65/><D113/><U24/><E125/><V130/><F130/><W97/><G106/><T134/><D134/><U32/><E108/><V25/><F67/><W110/><G110/><T92/><D27/><U132/><E132/><V135/><F135/><W124/><G124/><T39/><D65/><U63/><E128/><V13/><F25/><W98/><G98/><T114/><D123/><U1/><E1/><V71/><F71/><W11/><G11/><T89/><REACH who="0" step="1"/><D114/><REACH who="0" ten="290,176,203,321" step="2"/><U84/><E24/><V22/><F117/><W41/><G41/><T60/><D60/><U4/><E63/><V31/><F116/><W57/><G57/><T93/><D93/><U3/><E3/><V18/><F40/><W78/><G78/><AGARI ba="0,1" hai="26,29,35,36,38,39,43,44,78,80,85,89,92,99" machi="78" ten="30,2000,0" yaku="1,1,7,1,53,0" doraHai="8" doraHaiUra="10" who="0" fromWho="3" sc="290,30,176,0,203,0,321,-20" /><INIT seed="3,0,0,2,0,66" ten="320,176,203,301" oya="3" hai0="34,65,39,134,83,45,44,117,56,113,105,70,100" hai1="54,3,96,33,57,82,11,99,27,50,32,130,77" hai2="125,112,49,102,25,47,64,15,26,80,9,48,97" hai3="114,132,21,40,88,46,133,19,60,92,14,131,116"/><W24/><G114/><T29/><D117/><U51/><E130/><V79/><F112/><W43/><G116/><T122/><D113/><U103/><E3/><V7/><F64/><W124/><G131/><T42/><D56/><U107/><E11/><V62/><F62/><W73/><G73/><T59/><D59/><U12/><E12/><V55/><F49/><W81/><G124/><T118/><D45/><U74/><E51/><V106/><F125/><W95/><G60/><N who="0" m="40231" /><D83/><U52/><E54/><V18/><F18/><W10/><G81/><T6/><D6/><U23/><REACH who="1" step="1"/><E99/><REACH who="1" ten="320,166,203,301" step="2"/><V35/><F35/><W93/><G46/><T111/><D118/><U90/><E90/><V72/><AGARI ba="0,1" hai="7,9,15,25,26,47,48,55,72,79,80,97,102,106" machi="72" ten="20,1500,0" yaku="0,1,7,1" doraHai="66" who="2" fromWho="2" sc="320,-4,166,-4,203,25,301,-7" owari="316,41.6,162,-33.8,228,-17.2,294,9.4" /></mjloggm>