<mjloggm ver="2.3"><GO type="225" lobby="0"/><UN n0="%6E%69%63%6F%6E%74%6F" n1="%E3%81%86%E3%82%8C%E3%81%9F%E3%82%93%E6%9E%95" n2="%E6%B4%BE%E9%81%A3%E3%81%AE%E3%82%B8%E3%83%A3%E3%83%83%E3%82%AF" n3="%E6%9A%87%E4%BA%BA%EF%BC%A0%E9%85%8D%E4%BF%A1%E5%9E%A2" dan="17,16,17,17" rate="2148.70,2103.67,2204.16,2171.71" sx="M,F,M,F"/><TAIKYOKU oya="0"/><INIT seed="0,0,0,0,1,3" ten="250,250,250,250" oya="0" hai0="118,79,88,60,131,52,27,1,120,48,25,122,85" hai1="7,23,20,69,50,84,34,130,128,111,87,2,106" hai2="43,33,124,12,53,14,72,123,103,35,81,41,133" hai3="64,115,78,112,57,121,71,40,134,94,6,91,100"/><T51/><D118/><U66/><E106/><V44/><F123/><W126/><G121/><T74/><D131/><N who="1" m="50219" /><E34/><V98/><F124/><W135/><G126/><T30/><D1/><U19/><E111/><V86/><F72/><W92/><G71/><T119/><D119/><U77/><E50/><N who="2" m="28871" /><F35/><W67/><G78/><T54/><D79/><U5/><E2/><V13/><F33/><W83/><G40/><T76/><D76/><U80/><E87/><V102/><F133/><W4/><G57/><T29/><D74/><U28/><E28/><V16/><F16/><W101/><REACH who="3" step="1"/><G91/><REACH who="3" ten="250,250,250,240" step="2"/><T96/><D88/><U97/><E69/><V104/><F41/><W62/><G62/><T110/><D60/><U15/><E66/><V95/><F43/><W46/><G46/><T26/><D110/><U55/><E55/><V90/><F104/><W117/><G117/><T114/><D114/><U109/><E109/><V47/><F47/><W65/><G65/><T105/><D122/><U37/><E37/><V36/><F36/><W127/><G127/><T32/><D120/><U116/><E116/><V82/><F82/><AGARI ba="0,1" hai="4,6,64,67,82,83,92,94,100,101,112,115,134,135" machi="82" ten="25,8000,1" yaku="1,1,22,2,52,2,53,0" doraHai="3" doraHaiUra="10" who="3" fromWho="2" sc="250,0,250,0,250,-80,240,90" /><INIT seed="1,0,0,2,1,87" ten="250,250,170,330" oya="1" hai0="79,52,22,43,68,124,118,125,100,30,114,115,127" hai1="39,56,59,106,14,69,4,13,53,75,77,119,90" hai2="15,120,92,37,61,3,103,29,34,104,99,20,117" hai3="132,47,50,48,49,28,42,65,71,74,128,78,72"/><U26/><E119/><V24/><F117/><W89/><G128/><T97/><D118/><U135/><E69/><V55/><F120/><W58/><G132/><T45/><D68/><U35/><E39/><V80/><F37/><W18/><G28/><T121/><D79/><U134/><E106/><V113/><F3/><W93/><G71/><T110/><D110/><U62/><E77/><V85/><F113/><W86/><G18/><T112/><D121/><U101/><E75/><V63/><F104/><W6/><G6/><T107/><D52/><N who="1" m="34055" /><E101/><V82/><F82/><N who="3" m="47447" /><G74/><T33/><D33/><U109/><E4/><V102/><F102/><W1/><G1/><T23/><REACH who="0" step="1"/><D30/><REACH who="0" ten="240,250,170,330" step="2"/><U83/><E109/><V51/><F34/><W73/><G73/><T7/><D7/><U5/><E5/><V84/><F15/><W54/><G72/><T96/><D96/><U11/><E35/><V91/><REACH who="2" step="1"/><F84/><REACH who="2" ten="240,250,160,330" step="2"/><N who="3" m="52391" /><G65/><T131/><D131/><U122/><E122/><V64/><F64/><W70/><G70/><T12/><D12/><U44/><E14/><V133/><F133/><W16/><G16/><T129/><D129/><U76/><E13/><V111/><F111/><W25/><G25/><T116/><D116/><U10/><E26/><V27/><F27/><W130/><G130/><T19/><D19/><U21/><E135/><V67/><F67/><W123/><G123/><T81/><D81/><U66/><E134/><V98/><F98/><W40/><G47/><AGARI ba="0,2" hai="20,24,29,47,51,55,61,63,80,85,91,92,99,103" machi="47" ten="30,7700,0" yaku="1,1,7,1,8,1,52,1,53,0" doraHai="87" doraHaiUra="0" who="2" fromWho="3" sc="240,0,250,0,160,97,330,-77" /><INIT seed="2,0,0,2,5,77" ten="240,250,257,253" oya="2" hai0="72,110,103,67,20,84,122,133,60,8,50,130,113" hai1="52,109,47,86,95,79,69,104,10,26,121,101,35" hai2="38,23,112,6,55,100,66,88,25,68,62,9,65" hai3="98,3,117,57,129,56,14,64,99,90,89,119,134"/><V51/><F112/><W96/><G3/><T108/><D113/><U93/><E109/><N who="0" m="42089" /><D122/><U17/><E121/><V107/><F38/><W83/><G129/><T4/><D72/><U63/><E69/><V85/><F107/><W75/><G134/><T28/><D103/><U27/><E35/><V71/><F100/><W29/><G29/><T37/><D37/><U124/><E124/><V123/><F123/><W125/><G125/><T43/><D50/><N who="1" m="28767" /><E104/><V16/><F68/><W7/><G64/><T126/><D43/><U116/><E63/><V39/><F39/><W111/><G111/><T45/><D45/><U127/><E127/><V31/><F31/><W105/><G105/><T70/><D84/><U76/><E116/><V22/><F22/><W21/><G117/><T48/><D48/><U0/><E0/><V61/><F61/><W58/><G119/><T5/><D126/><U120/><E120/><V33/><F33/><W24/><G75/><T128/><D133/><U32/><E32/><V18/><F62/><W49/><G49/><T34/><D34/><U82/><E76/><V36/><F36/><W74/><G74/><T92/><D130/><U13/><E101/><V78/><F78/><W131/><G131/><T94/><D128/><U15/><E15/><N who="2" m="7279" /><F71/><W12/><G7/><N who="0" m="2635" /><D8/><U102/><E102/><V44/><F6/><W19/><REACH who="3" step="1"/><G90/><REACH who="3" ten="240,250,257,243" step="2"/><T97/><D97/><U118/><E118/><V1/><F1/><W115/><G115/><T80/><D80/><AGARI ba="0,1" hai="18,23,25,44,51,55,65,66,80,85,88" m="7279" machi="80" ten="30,12000,1" yaku="25,1,8,1,52,1,54,2" doraHai="77" who="2" fromWho="0" sc="240,-120,250,0,257,130,243,0" /><INIT seed="2,1,0,0,2,37" ten="120,250,387,243" oya="2" hai0="110,72,41,82,2,23,106,25,27,117,102,26,80" hai1="113,69,124,30,18,81,45,79,93,130,22,121,64" hai2="0,129,131,28,87,65,5,126,8,128,46,132,16" hai3="31,112,101,12,50,13,92,1,94,103,6,118,88"/><V89/><F65/><W34/><G118/><T104/><D2/><U60/><E113/><V43/><F28/><W134/><G1/><T122/><D122/><U98/><E130/><V33/><F33/><W90/><G34/><T20/><D117/><U44/><E124/><V91/><F132/><W95/><G134/><T120/><D120/><U123/><E30/><V108/><F126/><W116/><G116/><T11/><D11/><U71/><E71/><V4/><F108/><W74/><G74/><T49/><D110/><U105/><E105/><V36/><F0/><W76/><G31/><T100/><D49/><U66/><E66/><V96/><F96/><W53/><G76/><T61/><D61/><U3/><E3/><V133/><F133/><W47/><G112/><T15/><D15/><N who="3" m="5705" /><G6/><N who="2" m="2665" /><F87/><N who="3" m="52255" /><G95/><T107/><D41/><U109/><E109/><V7/><F7/><W70/><G70/><T135/><D135/><U55/><E121/><V73/><F73/><W114/><G114/><T68/><D68/><U127/><E123/><V51/><F36/><W56/><G56/><T111/><D111/><U115/><E69/><V10/><F10/><W24/><G24/><T62/><D62/><U40/><E60/><V75/><F75/><W42/><G53/><T57/><D57/><U35/><E127/><V83/><F83/><N who="0" m="31786" /><D72/><U39/><E115/><V21/><F8/><W77/><G77/><T29/><D29/><U32/><E79/><V59/><F59/><W78/><G78/><T84/><D84/><AGARI ba="1,0" hai="42,47,50,84,90,94,101,103" m="52255,5705" machi="84" ten="30,3900,0" yaku="8,1,52,1,54,1" doraHai="37" who="3" fromWho="0" sc="120,-42,250,0,387,0,243,42" /><INIT seed="3,0,0,2,1,36" ten="78,250,387,285" oya="3" hai0="2,103,16,124,98,135,72,5,100,68,126,42,6" hai1="117,65,112,109,56,119,87,7,39,55,107,104,116" hai2="122,86,131,14,74,114,89,13,76,62,69,94,97" hai3="108,1,75,57,20,83,27,110,82,12,15,132,22"/><W50/><G1/><T37/><D68/><U73/><E73/><V105/><F114/><W70/><G70/><T33/><D33/><U90/><E112/><V48/><F131/><W58/><G132/><T4/><D72/><U9/><E39/><V101/><F122/><W106/><G106/><T46/><D2/><U92/><E65/><N who="2" m="41143" /><F48/><W24/><G75/><T40/><D135/><U52/><E109/><V23/><F23/><W49/><G108/><T8/><D42/><U99/><E99/><V81/><AGARI ba="0,0" hai="13,14,74,76,81,86,89,94,97,101,105" m="41143" machi="81" ten="30,1100,0" yaku="24,1" doraHai="36" who="2" fromWho="2" sc="78,-3,250,-3,387,11,285,-5" owari="75,-42.5,247,-15.3,398,49.8,280,8.0" /></mjloggm>