<mjloggm ver="2.3"><GO type="225" lobby="0"/><UN n0="%E9%A2%A8%E7%B8%AB" n1="%E3%80%93%E3%81%97%E3%83%BC%E3%82%89%E3%80%93" n2="%6D%75%75%73%61%6E%6D%75" n3="%E5%BA%97%E9%95%B7%4D" dan="16,17,17,16" rate="2139.13,2202.35,2163.44,2093.56" sx="M,M,F,M"/><TAIKYOKU oya="0"/><INIT seed="0,0,0,4,5,8" ten="250,250,250,250" oya="0" hai0="75,22,91,121,84,110,32,15,67,25,13,16,24" hai1="82,115,99,107,125,29,44,60,30,112,77,94,90" hai2="5,58,50,89,47,130,61,101,35,96,124,12,69" hai3="57,93,21,100,28,7,76,122,9,81,103,72,92"/><T0/><D121/><U46/><E125/><V95/><F35/><W68/><G68/><T83/><D0/><U40/><E107/><V48/><F124/><W131/><G122/><T54/><D67/><U78/><E60/><V4/><F69/><W59/><G131/><T129/><D129/><U2/><E2/><V66/><F130/><W19/><G28/><N who="1" m="10858" /><E82/><V85/><F12/><N who="0" m="4682" /><D75/><U31/><N who="1" m="10866" /><U120/><DORA hai="39" /><E120/><V117/><F117/><W86/><G72/><T98/><D32/><U71/><E71/><V135/><F135/><W88/><G9/><T10/><D10/><U43/><E46/><V128/><F128/><W87/><G7/><T41/><D41/><N who="1" m="15947" /><E44/><V104/><REACH who="2" step="1"/><F47/><REACH who="2" ten="250,250,240,250" step="2"/><W55/><G59/><T73/><D73/><U127/><E127/><V79/><F79/><W126/><G126/><T23/><D110/><U11/><E11/><V123/><F123/><W102/><G21/><T114/><D114/><AGARI ba="0,1" hai="77,78,90,94,99,112,114,115" m="15947,10866" machi="114" ten="40,8000,1" yaku="11,1,52,3" doraHai="8,39" who="1" fromWho="0" sc="250,-80,250,90,240,0,250,0" /><INIT seed="1,0,0,0,4,130" ten="170,340,240,250" oya="1" hai0="72,29,25,123,111,86,9,78,61,46,18,20,109" hai1="112,54,40,93,135,48,6,17,24,66,133,106,43" hai2="74,132,81,104,14,60,70,21,108,90,41,27,10" hai3="47,50,63,113,128,11,28,35,100,82,58,67,51"/><U3/><E106/><V69/><F104/><W120/><G120/><T8/><D123/><U116/><E116/><V42/><F108/><N who="0" m="41546" /><D72/><U98/><E112/><V124/><F124/><W131/><G113/><T96/><D96/><U7/><E66/><V95/><F132/><N who="1" m="50761" /><E17/><V105/><F105/><W62/><G100/><T129/><D46/><N who="1" m="27927" /><E24/><V102/><F27/><W38/><G51/><T37/><D37/><U75/><E75/><V76/><F60/><W84/><G63/><T52/><D18/><U101/><E3/><V4/><F70/><W114/><G38/><T65/><D65/><U64/><E64/><V12/><F69/><W87/><G114/><T79/><D129/><U89/><E101/><V107/><F102/><W39/><G39/><T99/><D99/><U103/><E103/><V13/><F107/><W5/><G131/><T85/><D86/><U23/><E23/><V125/><F21/><W56/><G87/><T68/><D85/><U92/><E92/><V49/><F125/><W121/><G128/><T44/><D68/><U122/><E122/><V126/><F126/><W83/><G121/><T80/><D80/><U127/><E127/><V71/><F71/><W31/><G83/><T59/><D44/><U119/><E119/><V0/><F49/><W94/><G94/><T91/><D8/><U33/><E33/><V118/><F118/><W36/><G35/><T134/><D9/><U34/><E34/><V73/><F73/><W53/><G47/><T2/><D134/><U19/><E19/><V115/><F115/><W88/><G36/><T26/><D2/><AGARI ba="0,0" hai="2,5,11,28,31,50,53,56,58,62,67,82,84,88" machi="2" ten="30,3900,0" yaku="6,1,7,1,54,1" doraHai="130" who="3" fromWho="0" sc="170,-39,340,0,240,0,250,39" /><INIT seed="2,0,0,1,1,68" ten="131,340,240,289" oya="2" hai0="21,26,22,34,55,105,73,93,64,82,102,35,127" hai1="46,40,83,3,43,91,117,20,4,124,6,15,88" hai2="63,12,85,32,24,107,135,13,114,130,42,89,25" hai3="90,128,103,44,98,115,10,86,67,126,122,39,116"/><V2/><F114/><W69/><G116/><T5/><D105/><U125/><E117/><V79/><F2/><W57/><G122/><T1/><D127/><N who="1" m="48715" /><E43/><V41/><F107/><W72/><G72/><T100/><D64/><U16/><E3/><V129/><F135/><W77/><G77/><T58/><D73/><U76/><E4/><V123/><F79/><W0/><G69/><T96/><D82/><U7/><E7/><V133/><F123/><W92/><G126/><T81/><D81/><U14/><E14/><N who="2" m="5739" /><F133/><W45/><G128/><N who="2" m="49257" /><F63/><W31/><G31/><T17/><D102/><U19/><E19/><V59/><F59/><W38/><G115/><T121/><D121/><U30/><E30/><N who="2" m="19527" /><F25/><W27/><G27/><T74/><D74/><N who="1" m="43415" /><E6/><V70/><F70/><W52/><G0/><T28/><D1/><U47/><E47/><V54/><F54/><W60/><G10/><T37/><D5/><U11/><E11/><V87/><F87/><W113/><G113/><T132/><D132/><U71/><E71/><V106/><F106/><W48/><G45/><T131/><D131/><U23/><E23/><N who="0" m="8713" /><D17/><U109/><E109/><V49/><F49/><AGARI ba="0,0" hai="15,16,20,40,46,49,88,91" m="43415,48715" machi="49" ten="30,3900,0" yaku="18,1,54,2" doraHai="68" who="1" fromWho="2" sc="131,0,340,39,240,-39,289,0" /><INIT seed="3,0,0,4,1,117" ten="131,379,201,289" oya="3" hai0="52,91,64,131,88,81,48,27,102,56,61,98,119" hai1="49,42,85,16,107,22,101,10,129,34,84,31,70" hai2="53,77,134,114,80,7,55,132,17,111,96,99,23" hai3="79,93,92,12,128,100,45,30,62,97,57,75,133"/><W35/><G128/><T110/><D110/><U112/><E70/><V122/><F114/><W94/><G133/><N who="2" m="51305" /><F111/><W26/><G75/><T87/><D131/><U38/><E38/><V37/><F7/><W44/><G79/><T68/><D119/><U20/><E85/><N who="2" m="48271" /><F37/><W15/><G15/><T25/><REACH who="0" step="1"/><D91/><REACH who="0" ten="121,379,201,289" step="2"/><U104/><E129/><V108/><F108/><W89/><G12/><T58/><D58/><U65/><E112/><V121/><F121/><W74/><G74/><T60/><D60/><U124/><E101/><V127/><F122/><W115/><G115/><T63/><D63/><U116/><E116/><V106/><F127/><W24/><G89/><T32/><D32/><U39/><E34/><V82/><F106/><AGARI ba="0,1" hai="25,27,48,52,56,61,64,68,81,87,88,98,102,106" machi="106" ten="30,7700,0" yaku="1,1,7,1,54,2,53,0" doraHai="117" doraHaiUra="19" who="0" fromWho="2" sc="121,87,379,0,201,-77,289,0" owari="208,-19.2,379,47.9,124,-37.6,289,8.9" /></mjloggm>